date,code,time,price,volume,bs
2026-04-27,601012,14:06:56,17.1700,99,1
2026-04-27,601012,14:06:59,17.1600,378,2
2026-04-27,601012,14:07:02,17.1700,17,1
2026-04-27,601012,14:07:05,17.1600,453,2
2026-04-27,601012,14:07:08,17.1600,66,2
2026-04-27,601012,14:07:11,17.1700,1446,1
2026-04-27,601012,14:07:14,17.1600,133,2
2026-04-27,601012,14:07:17,17.1700,446,1
2026-04-27,601012,14:07:20,17.1600,30,2
2026-04-27,601012,14:07:23,17.1600,330,2
2026-04-27,601012,14:07:26,17.1600,166,2
2026-04-27,601012,14:07:29,17.1700,353,1
2026-04-27,601012,14:07:32,17.1600,263,2
2026-04-27,601012,14:07:35,17.1700,611,1
2026-04-27,601012,14:07:38,17.1700,72,1
2026-04-27,601012,14:07:41,17.1600,169,2
2026-04-27,601012,14:07:44,17.1700,45,1
2026-04-27,601012,14:07:47,17.1700,45,1
2026-04-27,601012,14:07:50,17.1700,18,1
2026-04-27,601012,14:07:53,17.1700,28,1
2026-04-27,601012,14:07:56,17.1700,27,1
2026-04-27,601012,14:08:00,17.1700,32,1
2026-04-27,601012,14:08:02,17.1700,70,1
2026-04-27,601012,14:08:05,17.1700,116,1
2026-04-27,601012,14:08:08,17.1700,94,1
2026-04-27,601012,14:08:11,17.1700,73,1
2026-04-27,601012,14:08:14,17.1700,17,1
2026-04-27,601012,14:08:17,17.1700,12,1
2026-04-27,601012,14:08:20,17.1700,1167,1
2026-04-27,601012,14:08:23,17.1700,53,1
2026-04-27,601012,14:08:26,17.1700,48,1
2026-04-27,601012,14:08:29,17.1600,38,2
2026-04-27,601012,14:08:32,17.1700,79,1
2026-04-27,601012,14:08:36,17.1700,16,1
2026-04-27,601012,14:08:38,17.1700,57,1
2026-04-27,601012,14:08:42,17.1600,1,2
2026-04-27,601012,14:08:44,17.1600,13,2
2026-04-27,601012,14:08:47,17.1600,19,2
2026-04-27,601012,14:08:50,17.1700,184,1
2026-04-27,601012,14:08:53,17.1700,144,1
2026-04-27,601012,14:08:56,17.1700,8,1
2026-04-27,601012,14:08:59,17.1700,39,1
2026-04-27,601012,14:09:02,17.1600,587,2
2026-04-27,601012,14:09:05,17.1700,125,1
2026-04-27,601012,14:09:08,17.1700,532,1
2026-04-27,601012,14:09:11,17.1700,41,1
2026-04-27,601012,14:09:14,17.1700,350,1
2026-04-27,601012,14:09:17,17.1700,215,1
2026-04-27,601012,14:09:20,17.1700,86,1
2026-04-27,601012,14:09:23,17.1700,34,1
2026-04-27,601012,14:09:26,17.1700,30,1
2026-04-27,601012,14:09:30,17.1700,44,1
2026-04-27,601012,14:09:32,17.1600,32,2
2026-04-27,601012,14:09:35,17.1600,49,2
2026-04-27,601012,14:09:38,17.1600,327,2
2026-04-27,601012,14:09:41,17.1600,51,2
2026-04-27,601012,14:09:44,17.1700,110,1
2026-04-27,601012,14:09:47,17.1600,557,2
2026-04-27,601012,14:09:50,17.1600,69,2
2026-04-27,601012,14:09:53,17.1600,381,2
2026-04-27,601012,14:09:56,17.1600,139,2
2026-04-27,601012,14:09:59,17.1700,468,1
2026-04-27,601012,14:10:02,17.1700,139,1
2026-04-27,601012,14:10:05,17.1600,333,2
2026-04-27,601012,14:10:08,17.1700,319,1
2026-04-27,601012,14:10:11,17.1600,765,2
2026-04-27,601012,14:10:14,17.1700,111,1
2026-04-27,601012,14:10:17,17.1600,244,2
2026-04-27,601012,14:10:20,17.1600,385,2
2026-04-27,601012,14:10:23,17.1600,30,2
2026-04-27,601012,14:10:26,17.1600,285,2
2026-04-27,601012,14:10:29,17.1600,102,1
2026-04-27,601012,14:10:32,17.1600,36,1
2026-04-27,601012,14:10:35,17.1600,199,1
2026-04-27,601012,14:10:38,17.1600,465,1
2026-04-27,601012,14:10:41,17.1500,339,2
2026-04-27,601012,14:10:44,17.1600,147,1
2026-04-27,601012,14:10:47,17.1600,424,1
2026-04-27,601012,14:10:50,17.1600,159,1
2026-04-27,601012,14:10:53,17.1500,250,2
2026-04-27,601012,14:10:56,17.1500,67,2
2026-04-27,601012,14:10:59,17.1500,281,2
2026-04-27,601012,14:11:02,17.1600,122,1
2026-04-27,601012,14:11:05,17.1600,60,1
2026-04-27,601012,14:11:08,17.1600,41,1
2026-04-27,601012,14:11:11,17.1600,255,1
2026-04-27,601012,14:11:14,17.1600,125,1
2026-04-27,601012,14:11:17,17.1500,133,2
2026-04-27,601012,14:11:20,17.1500,103,2
2026-04-27,601012,14:11:23,17.1500,38,2
2026-04-27,601012,14:11:26,17.1600,60,1
2026-04-27,601012,14:11:29,17.1500,92,2
2026-04-27,601012,14:11:33,17.1600,1162,1
2026-04-27,601012,14:11:35,17.1500,28,2
2026-04-27,601012,14:11:38,17.1500,46,2
2026-04-27,601012,14:11:41,17.1600,103,1
2026-04-27,601012,14:11:44,17.1600,429,1
2026-04-27,601012,14:11:47,17.1600,8,1
2026-04-27,601012,14:11:50,17.1600,77,1
2026-04-27,601012,14:11:53,17.1600,497,1
2026-04-27,601012,14:11:56,17.1600,91,1
2026-04-27,601012,14:11:59,17.1500,27,2
2026-04-27,601012,14:12:03,17.1500,91,2
2026-04-27,601012,14:12:05,17.1600,120,1
2026-04-27,601012,14:12:08,17.1500,23,2
2026-04-27,601012,14:12:11,17.1500,29,2
2026-04-27,601012,14:12:14,17.1600,723,1
2026-04-27,601012,14:12:17,17.1600,2082,1
2026-04-27,601012,14:12:20,17.1500,25,2
2026-04-27,601012,14:12:23,17.1600,177,1
2026-04-27,601012,14:12:26,17.1600,105,1
2026-04-27,601012,14:12:29,17.1500,37,2
2026-04-27,601012,14:12:32,17.1500,171,2
2026-04-27,601012,14:12:36,17.1500,52,2
2026-04-27,601012,14:12:38,17.1600,62,1
2026-04-27,601012,14:12:41,17.1500,93,2
2026-04-27,601012,14:12:44,17.1600,377,1
2026-04-27,601012,14:12:47,17.1500,46,2
2026-04-27,601012,14:12:50,17.1500,408,2
2026-04-27,601012,14:12:53,17.1500,18,2
2026-04-27,601012,14:12:56,17.1500,417,2
2026-04-27,601012,14:12:59,17.1500,113,2
2026-04-27,601012,14:13:02,17.1500,629,2
2026-04-27,601012,14:13:05,17.1600,201,1
2026-04-27,601012,14:13:08,17.1500,705,2
2026-04-27,601012,14:13:11,17.1500,67,2
2026-04-27,601012,14:13:14,17.1600,503,1
2026-04-27,601012,14:13:17,17.1500,108,2
2026-04-27,601012,14:13:20,17.1500,447,2
2026-04-27,601012,14:13:23,17.1600,39,1
2026-04-27,601012,14:13:26,17.1500,432,2
2026-04-27,601012,14:13:29,17.1500,103,1
2026-04-27,601012,14:13:32,17.1600,19,1
2026-04-27,601012,14:13:35,17.1500,338,2
2026-04-27,601012,14:13:38,17.1500,30,2
2026-04-27,601012,14:13:41,17.1500,405,2
2026-04-27,601012,14:13:44,17.1500,197,2
2026-04-27,601012,14:13:47,17.1500,755,2
2026-04-27,601012,14:13:50,17.1600,53,1
2026-04-27,601012,14:13:53,17.1500,66,2
2026-04-27,601012,14:13:56,17.1500,89,2
2026-04-27,601012,14:13:59,17.1500,65,2
2026-04-27,601012,14:14:02,17.1600,114,1
2026-04-27,601012,14:14:05,17.1600,80,1
2026-04-27,601012,14:14:08,17.1500,239,2
2026-04-27,601012,14:14:11,17.1400,511,2
2026-04-27,601012,14:14:14,17.1600,160,1
2026-04-27,601012,14:14:17,17.1500,99,2
2026-04-27,601012,14:14:20,17.1500,186,1
2026-04-27,601012,14:14:23,17.1500,26,1
2026-04-27,601012,14:14:26,17.1400,126,2
2026-04-27,601012,14:14:29,17.1400,29,2
2026-04-27,601012,14:14:32,17.1500,159,1
2026-04-27,601012,14:14:36,17.1400,31,2
2026-04-27,601012,14:14:38,17.1400,207,2
2026-04-27,601012,14:14:41,17.1400,147,2
2026-04-27,601012,14:14:44,17.1400,53,2
2026-04-27,601012,14:14:47,17.1500,116,1
2026-04-27,601012,14:14:50,17.1400,16,2
2026-04-27,601012,14:14:53,17.1500,587,1
2026-04-27,601012,14:14:56,17.1500,108,1
2026-04-27,601012,14:14:59,17.1500,168,1
2026-04-27,601012,14:15:02,17.1400,487,2
2026-04-27,601012,14:15:05,17.1500,402,1
2026-04-27,601012,14:15:08,17.1500,43,1
2026-04-27,601012,14:15:11,17.1500,49,1
2026-04-27,601012,14:15:14,17.1500,261,1
2026-04-27,601012,14:15:17,17.1500,1037,1
2026-04-27,601012,14:15:20,17.1500,171,1
2026-04-27,601012,14:15:23,17.1500,25,1
2026-04-27,601012,14:15:26,17.1500,167,1
2026-04-27,601012,14:15:29,17.1500,119,1
2026-04-27,601012,14:15:32,17.1500,70,1
2026-04-27,601012,14:15:35,17.1500,1065,1
2026-04-27,601012,14:15:38,17.1500,173,1
2026-04-27,601012,14:15:41,17.1400,207,2
2026-04-27,601012,14:15:44,17.1500,43,1
2026-04-27,601012,14:15:47,17.1500,71,1
2026-04-27,601012,14:15:50,17.1500,83,1
2026-04-27,601012,14:15:53,17.1500,370,1
2026-04-27,601012,14:15:56,17.1500,59,1
2026-04-27,601012,14:15:59,17.1500,439,1
2026-04-27,601012,14:16:02,17.1500,339,1
2026-04-27,601012,14:16:05,17.1400,767,2
2026-04-27,601012,14:16:08,17.1400,397,1
2026-04-27,601012,14:16:11,17.1300,340,2
2026-04-27,601012,14:16:14,17.1400,199,1
2026-04-27,601012,14:16:17,17.1300,376,2
2026-04-27,601012,14:16:20,17.1300,138,2
2026-04-27,601012,14:16:23,17.1300,414,2
2026-04-27,601012,14:16:26,17.1400,67,1
2026-04-27,601012,14:16:29,17.1400,501,1
2026-04-27,601012,14:16:32,17.1300,75,2
2026-04-27,601012,14:16:35,17.1300,370,2
2026-04-27,601012,14:16:38,17.1300,1111,2
2026-04-27,601012,14:16:42,17.1300,453,2
2026-04-27,601012,14:16:44,17.1300,722,2
2026-04-27,601012,14:16:47,17.1300,1051,2
2026-04-27,601012,14:16:50,17.1300,712,2
2026-04-27,601012,14:16:53,17.1300,147,2
2026-04-27,601012,14:16:56,17.1300,162,2
2026-04-27,601012,14:16:59,17.1400,357,1
2026-04-27,601012,14:17:02,17.1300,219,2
2026-04-27,601012,14:17:05,17.1300,278,1
2026-04-27,601012,14:17:08,17.1300,239,1
2026-04-27,601012,14:17:11,17.1300,367,1
2026-04-27,601012,14:17:14,17.1200,213,2
2026-04-27,601012,14:17:17,17.1300,317,1
2026-04-27,601012,14:17:20,17.1400,798,1
2026-04-27,601012,14:17:23,17.1300,468,2
2026-04-27,601012,14:17:26,17.1400,119,1
2026-04-27,601012,14:17:29,17.1300,159,2
2026-04-27,601012,14:17:32,17.1300,149,1
2026-04-27,601012,14:17:35,17.1300,147,1
2026-04-27,601012,14:17:38,17.1300,240,1
2026-04-27,601012,14:17:41,17.1300,357,1
2026-04-27,601012,14:17:44,17.1300,278,1
2026-04-27,601012,14:17:47,17.1300,356,1
2026-04-27,601012,14:17:50,17.1300,144,1
2026-04-27,601012,14:17:53,17.1300,329,1
2026-04-27,601012,14:17:56,17.1200,128,2
2026-04-27,601012,14:17:59,17.1300,117,1
2026-04-27,601012,14:18:02,17.1300,104,1
2026-04-27,601012,14:18:05,17.1300,49,1
2026-04-27,601012,14:18:08,17.1300,92,1
2026-04-27,601012,14:18:11,17.1300,96,1
2026-04-27,601012,14:18:14,17.1300,218,1
2026-04-27,601012,14:18:17,17.1300,287,1
2026-04-27,601012,14:18:20,17.1300,79,1
2026-04-27,601012,14:18:23,17.1200,220,2
2026-04-27,601012,14:18:26,17.1300,167,1
2026-04-27,601012,14:18:29,17.1300,104,1
2026-04-27,601012,14:18:32,17.1300,183,1
2026-04-27,601012,14:18:35,17.1300,1279,1
2026-04-27,601012,14:18:38,17.1300,366,1
2026-04-27,601012,14:18:41,17.1300,47,1
2026-04-27,601012,14:18:44,17.1200,120,2
2026-04-27,601012,14:18:48,17.1300,456,1
2026-04-27,601012,14:18:50,17.1300,981,1
2026-04-27,601012,14:18:53,17.1300,429,1
2026-04-27,601012,14:18:56,17.1300,229,1
2026-04-27,601012,14:18:59,17.1200,486,2
2026-04-27,601012,14:19:02,17.1300,71,1
2026-04-27,601012,14:19:05,17.1300,474,1
2026-04-27,601012,14:19:08,17.1300,202,1
2026-04-27,601012,14:19:11,17.1300,639,1
2026-04-27,601012,14:19:14,17.1300,190,1
2026-04-27,601012,14:19:17,17.1300,369,1
2026-04-27,601012,14:19:20,17.1300,253,1
2026-04-27,601012,14:19:23,17.1300,371,1
2026-04-27,601012,14:19:26,17.1300,140,1
2026-04-27,601012,14:19:29,17.1200,397,2
2026-04-27,601012,14:19:32,17.1200,93,2
2026-04-27,601012,14:19:35,17.1200,359,2
2026-04-27,601012,14:19:38,17.1300,63,1
2026-04-27,601012,14:19:41,17.1300,632,1
2026-04-27,601012,14:19:44,17.1300,18,1
2026-04-27,601012,14:19:47,17.1300,162,1
2026-04-27,601012,14:19:50,17.1200,100,2
2026-04-27,601012,14:19:53,17.1300,358,1
2026-04-27,601012,14:19:56,17.1200,179,2
2026-04-27,601012,14:19:59,17.1200,75,2
2026-04-27,601012,14:20:02,17.1300,255,1
2026-04-27,601012,14:20:05,17.1300,268,1
2026-04-27,601012,14:20:08,17.1200,62,2
2026-04-27,601012,14:20:11,17.1300,63,1
2026-04-27,601012,14:20:14,17.1200,117,2
2026-04-27,601012,14:20:17,17.1300,104,1
2026-04-27,601012,14:20:20,17.1300,48,1
2026-04-27,601012,14:20:23,17.1300,139,1
2026-04-27,601012,14:20:26,17.1300,47,1
2026-04-27,601012,14:20:29,17.1300,568,1
2026-04-27,601012,14:20:32,17.1300,328,1
2026-04-27,601012,14:20:35,17.1300,63,1
2026-04-27,601012,14:20:38,17.1300,329,2
2026-04-27,601012,14:20:41,17.1300,177,2
2026-04-27,601012,14:20:44,17.1300,50,2
2026-04-27,601012,14:20:47,17.1300,80,2
2026-04-27,601012,14:20:50,17.1400,112,1
2026-04-27,601012,14:20:53,17.1400,141,1
2026-04-27,601012,14:20:56,17.1400,137,1
2026-04-27,601012,14:20:59,17.1400,69,1
2026-04-27,601012,14:21:02,17.1400,35,1
2026-04-27,601012,14:21:05,17.1400,68,1
2026-04-27,601012,14:21:08,17.1400,57,1
2026-04-27,601012,14:21:11,17.1400,610,1
2026-04-27,601012,14:21:14,17.1400,44,1
2026-04-27,601012,14:21:20,17.1400,54,2
2026-04-27,601012,14:21:23,17.1500,218,1
2026-04-27,601012,14:21:26,17.1400,156,2
2026-04-27,601012,14:21:29,17.1500,99,1
2026-04-27,601012,14:21:32,17.1500,49,1
2026-04-27,601012,14:21:35,17.1500,30,1
2026-04-27,601012,14:21:38,17.1500,36,1
2026-04-27,601012,14:21:41,17.1500,112,1
2026-04-27,601012,14:21:44,17.1500,45,1
2026-04-27,601012,14:21:47,17.1500,319,1
2026-04-27,601012,14:21:51,17.1400,130,2
2026-04-27,601012,14:21:53,17.1400,712,2
2026-04-27,601012,14:21:56,17.1400,100,1
2026-04-27,601012,14:21:59,17.1400,385,1
2026-04-27,601012,14:22:03,17.1400,33,2
2026-04-27,601012,14:22:06,17.1500,420,1
2026-04-27,601012,14:22:09,17.1500,19,1
2026-04-27,601012,14:22:11,17.1400,447,2
2026-04-27,601012,14:22:14,17.1500,423,1
2026-04-27,601012,14:22:17,17.1400,358,2
2026-04-27,601012,14:22:20,17.1500,6,1
2026-04-27,601012,14:22:23,17.1500,364,1
2026-04-27,601012,14:22:26,17.1400,134,2
2026-04-27,601012,14:22:29,17.1500,351,1
2026-04-27,601012,14:22:32,17.1500,329,1
2026-04-27,601012,14:22:35,17.1500,115,1
2026-04-27,601012,14:22:38,17.1300,659,2
2026-04-27,601012,14:22:41,17.1500,64,1
2026-04-27,601012,14:22:44,17.1400,7,2
2026-04-27,601012,14:22:47,17.1500,215,1
2026-04-27,601012,14:22:50,17.1400,109,2
2026-04-27,601012,14:22:53,17.1400,132,2
2026-04-27,601012,14:22:56,17.1300,55,2
2026-04-27,601012,14:22:59,17.1400,1033,1
2026-04-27,601012,14:23:02,17.1400,72,1
2026-04-27,601012,14:23:05,17.1400,84,2
2026-04-27,601012,14:23:08,17.1500,25,1
2026-04-27,601012,14:23:11,17.1400,188,2
2026-04-27,601012,14:23:15,17.1500,48,1
2026-04-27,601012,14:23:17,17.1400,61,2
2026-04-27,601012,14:23:20,17.1400,95,2
2026-04-27,601012,14:23:23,17.1400,112,2
2026-04-27,601012,14:23:26,17.1400,48,2
2026-04-27,601012,14:23:29,17.1500,60,1
2026-04-27,601012,14:23:32,17.1400,279,2
2026-04-27,601012,14:23:35,17.1400,74,2
2026-04-27,601012,14:23:38,17.1500,280,1
2026-04-27,601012,14:23:41,17.1400,78,2
2026-04-27,601012,14:23:44,17.1500,14,1
2026-04-27,601012,14:23:47,17.1400,90,2
2026-04-27,601012,14:23:51,17.1400,100,2
2026-04-27,601012,14:23:53,17.1500,120,1
2026-04-27,601012,14:23:56,17.1500,145,1
2026-04-27,601012,14:23:59,17.1500,72,1
2026-04-27,601012,14:24:02,17.1500,26,1
2026-04-27,601012,14:24:05,17.1400,80,2
2026-04-27,601012,14:24:08,17.1400,35,2
2026-04-27,601012,14:24:11,17.1500,66,1
2026-04-27,601012,14:24:14,17.1400,195,2
2026-04-27,601012,14:24:17,17.1400,140,2
2026-04-27,601012,14:24:20,17.1500,68,1
2026-04-27,601012,14:24:23,17.1500,50,1
2026-04-27,601012,14:24:26,17.1500,646,1
2026-04-27,601012,14:24:29,17.1400,91,2
2026-04-27,601012,14:24:32,17.1500,360,1
2026-04-27,601012,14:24:38,17.1500,432,1
2026-04-27,601012,14:24:41,17.1500,320,1
2026-04-27,601012,14:24:44,17.1500,243,1
2026-04-27,601012,14:24:47,17.1500,357,1
2026-04-27,601012,14:24:50,17.1500,20,1
2026-04-27,601012,14:24:53,17.1500,429,1
2026-04-27,601012,14:24:56,17.1500,76,1
2026-04-27,601012,14:24:59,17.1500,407,1
2026-04-27,601012,14:25:02,17.1500,74,1
2026-04-27,601012,14:25:05,17.1400,395,2
2026-04-27,601012,14:25:08,17.1400,39,2
2026-04-27,601012,14:25:11,17.1500,336,1
2026-04-27,601012,14:25:14,17.1500,381,1
2026-04-27,601012,14:25:17,17.1500,201,1
2026-04-27,601012,14:25:20,17.1500,324,1
2026-04-27,601012,14:25:23,17.1400,53,2
2026-04-27,601012,14:25:26,17.1400,144,2
2026-04-27,601012,14:25:29,17.1400,56,2
2026-04-27,601012,14:25:32,17.1400,93,2
2026-04-27,601012,14:25:35,17.1500,147,1
2026-04-27,601012,14:25:38,17.1500,50,1
2026-04-27,601012,14:25:41,17.1500,275,1
2026-04-27,601012,14:25:44,17.1500,14,1
2026-04-27,601012,14:25:47,17.1500,115,1
2026-04-27,601012,14:25:50,17.1500,28,1
2026-04-27,601012,14:25:53,17.1500,8,1
2026-04-27,601012,14:25:56,17.1500,216,1
2026-04-27,601012,14:25:59,17.1500,169,1
2026-04-27,601012,14:26:03,17.1500,354,1
2026-04-27,601012,14:26:05,17.1400,452,2
2026-04-27,601012,14:26:08,17.1400,179,2
2026-04-27,601012,14:26:11,17.1400,69,2
2026-04-27,601012,14:26:14,17.1400,56,2
2026-04-27,601012,14:26:17,17.1600,397,1
2026-04-27,601012,14:26:20,17.1600,16,1
2026-04-27,601012,14:26:26,17.1500,233,2
2026-04-27,601012,14:26:29,17.1500,89,2
2026-04-27,601012,14:26:32,17.1500,84,2
2026-04-27,601012,14:26:35,17.1500,331,2
2026-04-27,601012,14:26:38,17.1500,122,2
2026-04-27,601012,14:26:41,17.1600,141,1
2026-04-27,601012,14:26:44,17.1500,19,2
2026-04-27,601012,14:26:48,17.1500,18,2
2026-04-27,601012,14:26:50,17.1600,103,1
2026-04-27,601012,14:26:54,17.1600,54,1
2026-04-27,601012,14:26:56,17.1500,134,2
2026-04-27,601012,14:26:59,17.1600,55,1
2026-04-27,601012,14:27:02,17.1600,125,1
2026-04-27,601012,14:27:06,17.1500,70,2
2026-04-27,601012,14:27:08,17.1500,120,2
2026-04-27,601012,14:27:11,17.1600,17,1
2026-04-27,601012,14:27:14,17.1500,384,2
2026-04-27,601012,14:27:17,17.1600,346,1
2026-04-27,601012,14:27:20,17.1500,114,2
2026-04-27,601012,14:27:23,17.1400,114,2
2026-04-27,601012,14:27:26,17.1500,541,1
2026-04-27,601012,14:27:29,17.1500,172,1
2026-04-27,601012,14:27:32,17.1400,536,2
2026-04-27,601012,14:27:35,17.1400,88,2
2026-04-27,601012,14:27:38,17.1400,459,2
2026-04-27,601012,14:27:41,17.1400,131,2
2026-04-27,601012,14:27:44,17.1400,247,2
2026-04-27,601012,14:27:47,17.1400,100,1
2026-04-27,601012,14:27:50,17.1400,150,1
2026-04-27,601012,14:27:53,17.1400,274,1
2026-04-27,601012,14:27:56,17.1400,478,1
2026-04-27,601012,14:27:59,17.1400,45,1
2026-04-27,601012,14:28:02,17.1400,524,1
2026-04-27,601012,14:28:05,17.1300,319,2
2026-04-27,601012,14:28:08,17.1400,306,1
2026-04-27,601012,14:28:11,17.1300,134,2
2026-04-27,601012,14:28:14,17.1400,143,1
2026-04-27,601012,14:28:17,17.1400,79,1
2026-04-27,601012,14:28:20,17.1300,98,2
2026-04-27,601012,14:28:23,17.1300,221,2
2026-04-27,601012,14:28:26,17.1300,94,2
2026-04-27,601012,14:28:29,17.1300,54,2
2026-04-27,601012,14:28:32,17.1400,235,1
2026-04-27,601012,14:28:35,17.1400,68,1
2026-04-27,601012,14:28:38,17.1400,391,1
2026-04-27,601012,14:28:41,17.1400,138,1
2026-04-27,601012,14:28:44,17.1300,152,2
2026-04-27,601012,14:28:47,17.1400,296,1
2026-04-27,601012,14:28:51,17.1300,105,2
2026-04-27,601012,14:28:53,17.1400,100,1
2026-04-27,601012,14:28:56,17.1400,154,1
2026-04-27,601012,14:29:00,17.1400,279,1
2026-04-27,601012,14:29:02,17.1400,152,1
2026-04-27,601012,14:29:05,17.1400,178,1
2026-04-27,601012,14:29:08,17.1400,130,1
2026-04-27,601012,14:29:11,17.1400,252,1
2026-04-27,601012,14:29:14,17.1400,66,1
2026-04-27,601012,14:29:17,17.1400,368,1
2026-04-27,601012,14:29:20,17.1400,141,1
2026-04-27,601012,14:29:23,17.1400,414,1
2026-04-27,601012,14:29:26,17.1500,77,1
2026-04-27,601012,14:29:29,17.1400,233,2
2026-04-27,601012,14:29:32,17.1300,79,2
2026-04-27,601012,14:29:35,17.1400,73,1
2026-04-27,601012,14:29:38,17.1400,249,1
2026-04-27,601012,14:29:41,17.1400,211,1
2026-04-27,601012,14:29:44,17.1400,99,1
2026-04-27,601012,14:29:47,17.1400,34,1
2026-04-27,601012,14:29:51,17.1300,175,2
2026-04-27,601012,14:29:53,17.1400,209,1
2026-04-27,601012,14:29:56,17.1300,2442,2
2026-04-27,601012,14:29:59,17.1300,641,2
2026-04-27,601012,14:30:02,17.1300,612,2
2026-04-27,601012,14:30:05,17.1300,157,1
2026-04-27,601012,14:30:08,17.1300,339,1
2026-04-27,601012,14:30:11,17.1300,387,1
2026-04-27,601012,14:30:14,17.1200,539,2
2026-04-27,601012,14:30:17,17.1300,60,1
2026-04-27,601012,14:30:21,17.1300,397,1
2026-04-27,601012,14:30:23,17.1400,421,1
2026-04-27,601012,14:30:26,17.1400,95,1
2026-04-27,601012,14:30:29,17.1200,442,2
2026-04-27,601012,14:30:32,17.1400,785,1
2026-04-27,601012,14:30:35,17.1300,346,2
2026-04-27,601012,14:30:38,17.1400,215,1
2026-04-27,601012,14:30:41,17.1300,410,2
2026-04-27,601012,14:30:44,17.1200,82,2
2026-04-27,601012,14:30:47,17.1300,113,1
2026-04-27,601012,14:30:51,17.1300,552,1
2026-04-27,601012,14:30:53,17.1300,377,1
2026-04-27,601012,14:30:56,17.1300,474,1
2026-04-27,601012,14:30:59,17.1300,391,1
2026-04-27,601012,14:31:02,17.1300,1534,1
2026-04-27,601012,14:31:05,17.1300,308,4
2026-04-27,601012,14:31:08,17.1300,71,2
2026-04-27,601012,14:31:11,17.1300,147,2
2026-04-27,601012,14:31:14,17.1400,207,1
2026-04-27,601012,14:31:17,17.1300,3,2
2026-04-27,601012,14:31:20,17.1300,16,2
2026-04-27,601012,14:31:23,17.1300,53,2
2026-04-27,601012,14:31:26,17.1300,34,2
2026-04-27,601012,14:31:29,17.1400,52,1
2026-04-27,601012,14:31:32,17.1400,25,1
2026-04-27,601012,14:31:35,17.1400,317,1
2026-04-27,601012,14:31:38,17.1400,19,1
2026-04-27,601012,14:31:41,17.1300,329,2
2026-04-27,601012,14:31:44,17.1400,115,1
2026-04-27,601012,14:31:48,17.1400,37,1
2026-04-27,601012,14:31:50,17.1400,81,1
2026-04-27,601012,14:31:53,17.1400,264,1
2026-04-27,601012,14:31:56,17.1400,177,1
2026-04-27,601012,14:31:59,17.1400,194,1
2026-04-27,601012,14:32:02,17.1400,188,1
2026-04-27,601012,14:32:05,17.1400,85,1
2026-04-27,601012,14:32:08,17.1500,1131,1
2026-04-27,601012,14:32:11,17.1500,744,1
2026-04-27,601012,14:32:14,17.1500,179,2
2026-04-27,601012,14:32:17,17.1600,386,1
2026-04-27,601012,14:32:20,17.1600,75,1
2026-04-27,601012,14:32:23,17.1600,88,1
2026-04-27,601012,14:32:26,17.1600,311,1
2026-04-27,601012,14:32:29,17.1500,412,2
2026-04-27,601012,14:32:33,17.1500,73,2
2026-04-27,601012,14:32:35,17.1500,245,2
2026-04-27,601012,14:32:38,17.1500,60,1
2026-04-27,601012,14:32:41,17.1400,223,2
2026-04-27,601012,14:32:44,17.1400,42,2
2026-04-27,601012,14:32:47,17.1400,426,2
2026-04-27,601012,14:32:50,17.1400,682,2
2026-04-27,601012,14:32:53,17.1400,108,2
2026-04-27,601012,14:32:56,17.1400,141,2
2026-04-27,601012,14:32:59,17.1400,44,1
2026-04-27,601012,14:33:02,17.1500,536,1
2026-04-27,601012,14:33:05,17.1400,2,2
2026-04-27,601012,14:33:08,17.1500,328,1
2026-04-27,601012,14:33:11,17.1400,37,2
2026-04-27,601012,14:33:14,17.1500,487,1
2026-04-27,601012,14:33:17,17.1400,280,2
2026-04-27,601012,14:33:20,17.1300,142,2
2026-04-27,601012,14:33:23,17.1400,323,1
2026-04-27,601012,14:33:26,17.1300,219,2
2026-04-27,601012,14:33:29,17.1400,264,1
2026-04-27,601012,14:33:32,17.1400,89,1
2026-04-27,601012,14:33:35,17.1400,268,1
2026-04-27,601012,14:33:39,17.1400,6,1
2026-04-27,601012,14:33:41,17.1300,17,2
2026-04-27,601012,14:33:44,17.1400,15,1
2026-04-27,601012,14:33:47,17.1400,209,1
2026-04-27,601012,14:33:50,17.1400,30,1
2026-04-27,601012,14:33:53,17.1400,26,1
2026-04-27,601012,14:33:56,17.1300,125,2
2026-04-27,601012,14:33:59,17.1300,223,2
2026-04-27,601012,14:34:02,17.1400,55,1
2026-04-27,601012,14:34:05,17.1400,241,1
2026-04-27,601012,14:34:08,17.1400,66,2
2026-04-27,601012,14:34:11,17.1400,59,2
2026-04-27,601012,14:34:14,17.1400,647,2
2026-04-27,601012,14:34:17,17.1400,108,1
2026-04-27,601012,14:34:20,17.1400,36,2
2026-04-27,601012,14:34:23,17.1500,66,1
2026-04-27,601012,14:34:26,17.1400,125,2
2026-04-27,601012,14:34:29,17.1400,136,1
2026-04-27,601012,14:34:32,17.1500,209,1
2026-04-27,601012,14:34:35,17.1400,69,2
2026-04-27,601012,14:34:38,17.1500,26,1
2026-04-27,601012,14:34:41,17.1400,22,2
2026-04-27,601012,14:34:44,17.1500,84,1
2026-04-27,601012,14:34:47,17.1500,81,1
2026-04-27,601012,14:34:50,17.1500,200,1
2026-04-27,601012,14:34:53,17.1400,302,2
2026-04-27,601012,14:34:56,17.1500,185,1
2026-04-27,601012,14:34:59,17.1500,72,1
2026-04-27,601012,14:35:02,17.1500,64,1
2026-04-27,601012,14:35:05,17.1400,103,2
2026-04-27,601012,14:35:08,17.1400,142,2
2026-04-27,601012,14:35:11,17.1400,17,2
2026-04-27,601012,14:35:14,17.1400,598,2
2026-04-27,601012,14:35:17,17.1400,145,1
2026-04-27,601012,14:35:20,17.1400,87,1
2026-04-27,601012,14:35:23,17.1400,565,1
2026-04-27,601012,14:35:26,17.1400,153,1
2026-04-27,601012,14:35:29,17.1300,791,2
2026-04-27,601012,14:35:32,17.1400,479,1
2026-04-27,601012,14:35:35,17.1400,295,1
2026-04-27,601012,14:35:38,17.1400,952,1
2026-04-27,601012,14:35:41,17.1400,867,1
2026-04-27,601012,14:35:44,17.1300,553,2
2026-04-27,601012,14:35:47,17.1500,801,1
2026-04-27,601012,14:35:50,17.1400,368,2
2026-04-27,601012,14:35:53,17.1400,303,2
2026-04-27,601012,14:35:56,17.1400,68,1
2026-04-27,601012,14:35:59,17.1500,419,1
2026-04-27,601012,14:36:02,17.1400,113,2
2026-04-27,601012,14:36:05,17.1400,162,1
2026-04-27,601012,14:36:08,17.1400,231,1
2026-04-27,601012,14:36:11,17.1400,27,1
2026-04-27,601012,14:36:14,17.1400,88,1
2026-04-27,601012,14:36:17,17.1500,58,1
2026-04-27,601012,14:36:20,17.1300,223,2
2026-04-27,601012,14:36:23,17.1400,45,4
2026-04-27,601012,14:36:26,17.1500,23,1
2026-04-27,601012,14:36:30,17.1400,43,2
2026-04-27,601012,14:36:32,17.1400,55,2
2026-04-27,601012,14:36:35,17.1400,98,2
2026-04-27,601012,14:36:38,17.1400,40,2
2026-04-27,601012,14:36:41,17.1500,138,1
2026-04-27,601012,14:36:44,17.1400,90,2
2026-04-27,601012,14:36:47,17.1400,77,2
2026-04-27,601012,14:36:51,17.1400,35,2
2026-04-27,601012,14:36:53,17.1500,16,1
2026-04-27,601012,14:36:56,17.1500,66,1
2026-04-27,601012,14:36:59,17.1500,4,1
2026-04-27,601012,14:37:02,17.1500,98,1
2026-04-27,601012,14:37:05,17.1400,197,2
2026-04-27,601012,14:37:08,17.1400,91,2
2026-04-27,601012,14:37:11,17.1400,214,2
2026-04-27,601012,14:37:14,17.1500,614,1
2026-04-27,601012,14:37:17,17.1500,22,1
2026-04-27,601012,14:37:20,17.1400,170,2
2026-04-27,601012,14:37:23,17.1500,71,1
2026-04-27,601012,14:37:26,17.1400,37,2
2026-04-27,601012,14:37:29,17.1500,102,1
2026-04-27,601012,14:37:33,17.1500,110,1
2026-04-27,601012,14:37:35,17.1500,59,1
2026-04-27,601012,14:37:38,17.1400,79,2
2026-04-27,601012,14:37:41,17.1400,81,2
2026-04-27,601012,14:37:44,17.1400,173,2
2026-04-27,601012,14:37:47,17.1500,331,1
2026-04-27,601012,14:37:50,17.1400,45,2
2026-04-27,601012,14:37:53,17.1400,367,2
2026-04-27,601012,14:37:56,17.1500,54,1
2026-04-27,601012,14:37:59,17.1500,360,1
2026-04-27,601012,14:38:02,17.1500,149,1
2026-04-27,601012,14:38:05,17.1500,498,1
2026-04-27,601012,14:38:08,17.1500,70,1
2026-04-27,601012,14:38:11,17.1500,414,1
2026-04-27,601012,14:38:14,17.1400,48,2
2026-04-27,601012,14:38:17,17.1400,395,2
2026-04-27,601012,14:38:21,17.1400,288,1
2026-04-27,601012,14:38:24,17.1400,557,1
2026-04-27,601012,14:38:26,17.1300,321,2
2026-04-27,601012,14:38:30,17.1400,100,2
2026-04-27,601012,14:38:32,17.1500,520,1
2026-04-27,601012,14:38:35,17.1400,60,4
2026-04-27,601012,14:38:38,17.1500,392,1
2026-04-27,601012,14:38:41,17.1500,633,1
2026-04-27,601012,14:38:44,17.1400,115,2
2026-04-27,601012,14:38:48,17.1500,77,1
2026-04-27,601012,14:38:50,17.1500,18,1
2026-04-27,601012,14:38:53,17.1500,53,1
2026-04-27,601012,14:38:56,17.1400,54,2
2026-04-27,601012,14:38:59,17.1500,163,1
2026-04-27,601012,14:39:02,17.1500,47,1
2026-04-27,601012,14:39:05,17.1500,218,1
2026-04-27,601012,14:39:08,17.1500,84,1
2026-04-27,601012,14:39:11,17.1500,371,1
2026-04-27,601012,14:39:15,17.1400,162,2
2026-04-27,601012,14:39:18,17.1400,26,2
2026-04-27,601012,14:39:20,17.1500,33,1
2026-04-27,601012,14:39:23,17.1400,66,2
2026-04-27,601012,14:39:26,17.1500,170,1
2026-04-27,601012,14:39:29,17.1500,157,1
2026-04-27,601012,14:39:32,17.1500,170,1
2026-04-27,601012,14:39:35,17.1500,75,1
2026-04-27,601012,14:39:38,17.1500,729,1
2026-04-27,601012,14:39:41,17.1500,120,1
2026-04-27,601012,14:39:44,17.1500,614,1
2026-04-27,601012,14:39:47,17.1400,209,4
2026-04-27,601012,14:39:50,17.1400,52,2
2026-04-27,601012,14:39:53,17.1400,214,2
2026-04-27,601012,14:39:56,17.1400,314,1
2026-04-27,601012,14:39:59,17.1400,102,2
2026-04-27,601012,14:40:02,17.1400,244,2
2026-04-27,601012,14:40:05,17.1400,77,2
2026-04-27,601012,14:40:08,17.1400,14,2
2026-04-27,601012,14:40:11,17.1500,110,1
2026-04-27,601012,14:40:14,17.1400,624,2
2026-04-27,601012,14:40:17,17.1500,253,1
2026-04-27,601012,14:40:20,17.1500,475,1
2026-04-27,601012,14:40:23,17.1400,13,2
2026-04-27,601012,14:40:26,17.1400,388,2
2026-04-27,601012,14:40:29,17.1400,132,2
2026-04-27,601012,14:40:32,17.1400,452,2
2026-04-27,601012,14:40:35,17.1400,40,2
2026-04-27,601012,14:40:38,17.1500,395,1
2026-04-27,601012,14:40:41,17.1400,331,2
2026-04-27,601012,14:40:44,17.1500,380,1
2026-04-27,601012,14:40:47,17.1500,35,1
2026-04-27,601012,14:40:50,17.1400,419,2
2026-04-27,601012,14:40:53,17.1400,501,1
2026-04-27,601012,14:40:56,17.1500,255,1
2026-04-27,601012,14:40:59,17.1500,401,1
2026-04-27,601012,14:41:02,17.1500,241,1
2026-04-27,601012,14:41:05,17.1500,345,1
2026-04-27,601012,14:41:08,17.1500,16,1
2026-04-27,601012,14:41:11,17.1500,389,1
2026-04-27,601012,14:41:14,17.1400,700,2
2026-04-27,601012,14:41:17,17.1400,942,2
2026-04-27,601012,14:41:20,17.1500,50,1
2026-04-27,601012,14:41:23,17.1500,404,1
2026-04-27,601012,14:41:26,17.1400,603,4
2026-04-27,601012,14:41:29,17.1500,384,1
2026-04-27,601012,14:41:33,17.1500,85,1
2026-04-27,601012,14:41:35,17.1500,422,1
2026-04-27,601012,14:41:38,17.1500,15,1
2026-04-27,601012,14:41:41,17.1500,458,1
2026-04-27,601012,14:41:44,17.1400,154,2
2026-04-27,601012,14:41:47,17.1400,147,1
2026-04-27,601012,14:41:50,17.1400,475,1
2026-04-27,601012,14:41:53,17.1400,29,1
2026-04-27,601012,14:41:56,17.1500,972,1
2026-04-27,601012,14:41:59,17.1300,414,2
2026-04-27,601012,14:42:02,17.1500,386,1
2026-04-27,601012,14:42:06,17.1500,22,1
2026-04-27,601012,14:42:08,17.1500,35,1
2026-04-27,601012,14:42:11,17.1500,63,1
2026-04-27,601012,14:42:14,17.1400,194,2
2026-04-27,601012,14:42:17,17.1500,138,1
2026-04-27,601012,14:42:20,17.1400,35,2
2026-04-27,601012,14:42:23,17.1400,134,2
2026-04-27,601012,14:42:26,17.1500,21,1
2026-04-27,601012,14:42:30,17.1500,154,1
2026-04-27,601012,14:42:32,17.1500,76,1
2026-04-27,601012,14:42:35,17.1500,605,1
2026-04-27,601012,14:42:39,17.1500,356,1
2026-04-27,601012,14:42:41,17.1500,134,2
2026-04-27,601012,14:42:44,17.1500,45,2
2026-04-27,601012,14:42:47,17.1500,499,2
2026-04-27,601012,14:42:50,17.1600,2232,1
2026-04-27,601012,14:42:53,17.1600,256,2
2026-04-27,601012,14:42:56,17.1500,39,2
2026-04-27,601012,14:42:59,17.1600,71,4
2026-04-27,601012,14:43:02,17.1500,191,2
2026-04-27,601012,14:43:05,17.1600,50,1
2026-04-27,601012,14:43:08,17.1600,209,1
2026-04-27,601012,14:43:11,17.1600,31,2
2026-04-27,601012,14:43:14,17.1600,12,2
2026-04-27,601012,14:43:17,17.1600,377,2
2026-04-27,601012,14:43:20,17.1700,74,1
2026-04-27,601012,14:43:23,17.1600,42,2
2026-04-27,601012,14:43:26,17.1700,82,1
2026-04-27,601012,14:43:29,17.1700,277,1
2026-04-27,601012,14:43:32,17.1700,55,1
2026-04-27,601012,14:43:35,17.1700,345,1
2026-04-27,601012,14:43:38,17.1600,102,2
2026-04-27,601012,14:43:41,17.1600,68,2
2026-04-27,601012,14:43:44,17.1600,115,1
2026-04-27,601012,14:43:47,17.1600,169,1
2026-04-27,601012,14:43:50,17.1700,19,1
2026-04-27,601012,14:43:53,17.1600,55,2
2026-04-27,601012,14:43:56,17.1600,19,2
2026-04-27,601012,14:43:59,17.1700,125,1
2026-04-27,601012,14:44:02,17.1700,304,1
2026-04-27,601012,14:44:05,17.1600,51,2
2026-04-27,601012,14:44:08,17.1700,37,1
2026-04-27,601012,14:44:12,17.1600,70,2
2026-04-27,601012,14:44:14,17.1700,169,1
2026-04-27,601012,14:44:17,17.1700,10,1
2026-04-27,601012,14:44:20,17.1700,205,1
2026-04-27,601012,14:44:23,17.1600,314,2
2026-04-27,601012,14:44:26,17.1700,61,1
2026-04-27,601012,14:44:29,17.1600,336,2
2026-04-27,601012,14:44:32,17.1600,118,1
2026-04-27,601012,14:44:35,17.1700,428,1
2026-04-27,601012,14:44:39,17.1600,123,2
2026-04-27,601012,14:44:41,17.1600,145,1
2026-04-27,601012,14:44:44,17.1600,401,1
2026-04-27,601012,14:44:47,17.1700,378,1
2026-04-27,601012,14:44:50,17.1600,303,2
2026-04-27,601012,14:44:53,17.1700,1887,1
2026-04-27,601012,14:44:56,17.1600,371,2
2026-04-27,601012,14:44:59,17.1600,291,2
2026-04-27,601012,14:45:02,17.1600,149,1
2026-04-27,601012,14:45:05,17.1600,130,1
2026-04-27,601012,14:45:08,17.1600,624,1
2026-04-27,601012,14:45:11,17.1600,278,1
2026-04-27,601012,14:45:14,17.1600,422,1
2026-04-27,601012,14:45:17,17.1600,856,2
2026-04-27,601012,14:45:20,17.1600,345,2
2026-04-27,601012,14:45:23,17.1600,42,2
2026-04-27,601012,14:45:26,17.1600,346,2
2026-04-27,601012,14:45:29,17.1700,133,1
2026-04-27,601012,14:45:32,17.1700,470,1
2026-04-27,601012,14:45:35,17.1700,57,1
2026-04-27,601012,14:45:38,17.1700,432,1
2026-04-27,601012,14:45:41,17.1700,246,1
2026-04-27,601012,14:45:44,17.1700,343,1
2026-04-27,601012,14:45:47,17.1700,284,1
2026-04-27,601012,14:45:50,17.1700,341,1
2026-04-27,601012,14:45:53,17.1600,211,2
2026-04-27,601012,14:45:56,17.1700,459,1
2026-04-27,601012,14:45:59,17.1600,419,4
2026-04-27,601012,14:46:02,17.1700,268,1
2026-04-27,601012,14:46:05,17.1700,419,1
2026-04-27,601012,14:46:09,17.1500,277,2
2026-04-27,601012,14:46:11,17.1600,493,4
2026-04-27,601012,14:46:14,17.1700,116,1
2026-04-27,601012,14:46:17,17.1700,155,1
2026-04-27,601012,14:46:20,17.1600,178,2
2026-04-27,601012,14:46:23,17.1600,183,2
2026-04-27,601012,14:46:26,17.1600,338,2
2026-04-27,601012,14:46:29,17.1700,27,1
2026-04-27,601012,14:46:32,17.1700,321,1
2026-04-27,601012,14:46:35,17.1600,160,2
2026-04-27,601012,14:46:38,17.1700,54,1
2026-04-27,601012,14:46:41,17.1700,515,1
2026-04-27,601012,14:46:44,17.1700,195,1
2026-04-27,601012,14:46:47,17.1700,389,1
2026-04-27,601012,14:46:50,17.1700,103,1
2026-04-27,601012,14:46:53,17.1700,103,2
2026-04-27,601012,14:46:56,17.1700,64,2
2026-04-27,601012,14:47:00,17.1700,323,2
2026-04-27,601012,14:47:02,17.1700,380,1
2026-04-27,601012,14:47:05,17.1700,58,1
2026-04-27,601012,14:47:08,17.1600,377,2
2026-04-27,601012,14:47:11,17.1700,173,1
2026-04-27,601012,14:47:14,17.1700,212,1
2026-04-27,601012,14:47:17,17.1700,41,1
2026-04-27,601012,14:47:20,17.1700,250,1
2026-04-27,601012,14:47:23,17.1700,62,2
2026-04-27,601012,14:47:26,17.1800,238,1
2026-04-27,601012,14:47:29,17.1700,144,2
2026-04-27,601012,14:47:32,17.1800,721,1
2026-04-27,601012,14:47:35,17.1700,220,2
2026-04-27,601012,14:47:38,17.1700,251,1
2026-04-27,601012,14:47:41,17.1700,51,2
2026-04-27,601012,14:47:44,17.1800,64,1
2026-04-27,601012,14:47:47,17.1700,480,2
2026-04-27,601012,14:47:50,17.1700,121,1
2026-04-27,601012,14:47:53,17.1700,74,1
2026-04-27,601012,14:47:56,17.1700,185,2
2026-04-27,601012,14:47:59,17.1800,60,1
2026-04-27,601012,14:48:02,17.1700,550,2
2026-04-27,601012,14:48:05,17.1800,126,1
2026-04-27,601012,14:48:08,17.1700,411,2
2026-04-27,601012,14:48:11,17.1700,114,2
2026-04-27,601012,14:48:14,17.1700,32,2
2026-04-27,601012,14:48:17,17.1700,236,1
2026-04-27,601012,14:48:20,17.1700,180,1
2026-04-27,601012,14:48:23,17.1800,150,1
2026-04-27,601012,14:48:26,17.1700,442,2
2026-04-27,601012,14:48:29,17.1700,148,2
2026-04-27,601012,14:48:32,17.1700,324,2
2026-04-27,601012,14:48:35,17.1700,59,1
2026-04-27,601012,14:48:38,17.1700,154,1
2026-04-27,601012,14:48:41,17.1700,439,1
2026-04-27,601012,14:48:44,17.1700,102,1
2026-04-27,601012,14:48:47,17.1700,415,1
2026-04-27,601012,14:48:50,17.1700,159,1
2026-04-27,601012,14:48:53,17.1600,477,2
2026-04-27,601012,14:48:56,17.1600,222,2
2026-04-27,601012,14:48:59,17.1600,390,2
2026-04-27,601012,14:49:02,17.1600,811,2
2026-04-27,601012,14:49:05,17.1600,172,2
2026-04-27,601012,14:49:09,17.1600,416,2
2026-04-27,601012,14:49:11,17.1700,58,1
2026-04-27,601012,14:49:14,17.1700,328,1
2026-04-27,601012,14:49:17,17.1600,382,2
2026-04-27,601012,14:49:20,17.1600,602,2
2026-04-27,601012,14:49:23,17.1700,411,1
2026-04-27,601012,14:49:26,17.1600,409,2
2026-04-27,601012,14:49:29,17.1500,398,2
2026-04-27,601012,14:49:32,17.1600,382,1
2026-04-27,601012,14:49:35,17.1600,408,1
2026-04-27,601012,14:49:38,17.1600,151,1
2026-04-27,601012,14:49:41,17.1600,276,1
2026-04-27,601012,14:49:44,17.1600,408,1
2026-04-27,601012,14:49:47,17.1600,226,1
2026-04-27,601012,14:49:50,17.1600,379,2
2026-04-27,601012,14:49:53,17.1600,207,1
2026-04-27,601012,14:49:56,17.1600,358,1
2026-04-27,601012,14:49:59,17.1600,389,1
2026-04-27,601012,14:50:02,17.1500,906,2
2026-04-27,601012,14:50:05,17.1600,513,1
2026-04-27,601012,14:50:08,17.1500,345,2
2026-04-27,601012,14:50:11,17.1500,174,2
2026-04-27,601012,14:50:14,17.1600,228,1
2026-04-27,601012,14:50:17,17.1500,208,2
2026-04-27,601012,14:50:20,17.1700,587,1
2026-04-27,601012,14:50:23,17.1600,92,2
2026-04-27,601012,14:50:26,17.1700,250,1
2026-04-27,601012,14:50:29,17.1700,164,1
2026-04-27,601012,14:50:32,17.1600,364,2
2026-04-27,601012,14:50:35,17.1700,367,1
2026-04-27,601012,14:50:38,17.1700,92,1
2026-04-27,601012,14:50:41,17.1600,621,2
2026-04-27,601012,14:50:44,17.1700,180,1
2026-04-27,601012,14:50:47,17.1600,390,2
2026-04-27,601012,14:50:50,17.1600,435,2
2026-04-27,601012,14:50:53,17.1600,153,1
2026-04-27,601012,14:50:56,17.1600,53,2
2026-04-27,601012,14:50:59,17.1700,240,1
2026-04-27,601012,14:51:02,17.1700,419,1
2026-04-27,601012,14:51:05,17.1600,117,2
2026-04-27,601012,14:51:08,17.1600,189,2
2026-04-27,601012,14:51:11,17.1700,189,1
2026-04-27,601012,14:51:14,17.1600,349,2
2026-04-27,601012,14:51:17,17.1600,172,1
2026-04-27,601012,14:51:20,17.1600,229,4
2026-04-27,601012,14:51:23,17.1600,120,2
2026-04-27,601012,14:51:26,17.1700,86,1
2026-04-27,601012,14:51:29,17.1600,246,2
2026-04-27,601012,14:51:32,17.1600,427,2
2026-04-27,601012,14:51:35,17.1500,475,2
2026-04-27,601012,14:51:38,17.1600,115,1
2026-04-27,601012,14:51:41,17.1600,173,2
2026-04-27,601012,14:51:44,17.1700,329,1
2026-04-27,601012,14:51:47,17.1600,197,2
2026-04-27,601012,14:51:50,17.1500,171,2
2026-04-27,601012,14:51:53,17.1600,833,1
2026-04-27,601012,14:51:56,17.1600,83,1
2026-04-27,601012,14:51:59,17.1600,664,2
2026-04-27,601012,14:52:03,17.1600,289,2
2026-04-27,601012,14:52:05,17.1600,173,1
2026-04-27,601012,14:52:08,17.1500,165,2
2026-04-27,601012,14:52:11,17.1600,477,1
2026-04-27,601012,14:52:14,17.1500,946,2
2026-04-27,601012,14:52:17,17.1600,165,1
2026-04-27,601012,14:52:20,17.1500,418,2
2026-04-27,601012,14:52:23,17.1600,59,1
2026-04-27,601012,14:52:26,17.1600,507,1
2026-04-27,601012,14:52:29,17.1600,319,1
2026-04-27,601012,14:52:32,17.1600,579,1
2026-04-27,601012,14:52:35,17.1600,192,1
2026-04-27,601012,14:52:38,17.1600,434,1
2026-04-27,601012,14:52:41,17.1500,497,2
2026-04-27,601012,14:52:44,17.1600,159,1
2026-04-27,601012,14:52:47,17.1700,383,1
2026-04-27,601012,14:52:50,17.1600,147,2
2026-04-27,601012,14:52:53,17.1600,540,1
2026-04-27,601012,14:52:56,17.1600,38,1
2026-04-27,601012,14:52:59,17.1600,818,1
2026-04-27,601012,14:53:02,17.1600,552,1
2026-04-27,601012,14:53:05,17.1700,391,1
2026-04-27,601012,14:53:08,17.1500,279,2
2026-04-27,601012,14:53:12,17.1600,353,1
2026-04-27,601012,14:53:14,17.1700,447,1
2026-04-27,601012,14:53:17,17.1600,66,2
2026-04-27,601012,14:53:20,17.1600,481,2
2026-04-27,601012,14:53:23,17.1600,481,1
2026-04-27,601012,14:53:26,17.1600,1055,1
2026-04-27,601012,14:53:29,17.1500,844,2
2026-04-27,601012,14:53:32,17.1600,280,1
2026-04-27,601012,14:53:35,17.1500,684,2
2026-04-27,601012,14:53:38,17.1600,346,1
2026-04-27,601012,14:53:41,17.1500,556,2
2026-04-27,601012,14:53:44,17.1500,503,2
2026-04-27,601012,14:53:47,17.1500,49,2
2026-04-27,601012,14:53:50,17.1500,571,2
2026-04-27,601012,14:53:53,17.1600,70,1
2026-04-27,601012,14:53:56,17.1500,628,2
2026-04-27,601012,14:53:59,17.1500,148,2
2026-04-27,601012,14:54:02,17.1500,461,2
2026-04-27,601012,14:54:05,17.1500,950,2
2026-04-27,601012,14:54:08,17.1500,552,2
2026-04-27,601012,14:54:11,17.1500,278,2
2026-04-27,601012,14:54:14,17.1500,590,2
2026-04-27,601012,14:54:17,17.1600,81,1
2026-04-27,601012,14:54:20,17.1600,579,1
2026-04-27,601012,14:54:23,17.1600,864,1
2026-04-27,601012,14:54:26,17.1600,153,1
2026-04-27,601012,14:54:29,17.1600,482,1
2026-04-27,601012,14:54:32,17.1600,851,1
2026-04-27,601012,14:54:35,17.1500,91,2
2026-04-27,601012,14:54:38,17.1500,2171,2
2026-04-27,601012,14:54:41,17.1500,622,2
2026-04-27,601012,14:54:44,17.1500,63,2
2026-04-27,601012,14:54:47,17.1500,607,2
2026-04-27,601012,14:54:50,17.1500,129,2
2026-04-27,601012,14:54:53,17.1500,746,2
2026-04-27,601012,14:54:56,17.1500,152,2
2026-04-27,601012,14:54:59,17.1500,1812,2
2026-04-27,601012,14:55:02,17.1500,640,2
2026-04-27,601012,14:55:05,17.1500,1194,2
2026-04-27,601012,14:55:08,17.1500,116,2
2026-04-27,601012,14:55:11,17.1500,693,2
2026-04-27,601012,14:55:14,17.1500,180,2
2026-04-27,601012,14:55:17,17.1600,1046,1
2026-04-27,601012,14:55:20,17.1500,727,2
2026-04-27,601012,14:55:23,17.1600,895,1
2026-04-27,601012,14:55:26,17.1500,541,2
2026-04-27,601012,14:55:29,17.1600,372,1
2026-04-27,601012,14:55:32,17.1600,686,2
2026-04-27,601012,14:55:35,17.1600,125,2
2026-04-27,601012,14:55:38,17.1600,289,2
2026-04-27,601012,14:55:41,17.1600,81,1
2026-04-27,601012,14:55:44,17.1600,546,1
2026-04-27,601012,14:55:47,17.1600,184,1
2026-04-27,601012,14:55:50,17.1500,633,2
2026-04-27,601012,14:55:53,17.1600,102,1
2026-04-27,601012,14:55:56,17.1600,1475,1
2026-04-27,601012,14:55:59,17.1600,285,2
2026-04-27,601012,14:56:02,17.1500,401,2
2026-04-27,601012,14:56:05,17.1600,69,1
2026-04-27,601012,14:56:08,17.1600,946,1
2026-04-27,601012,14:56:11,17.1500,268,2
2026-04-27,601012,14:56:14,17.1600,708,1
2026-04-27,601012,14:56:17,17.1600,272,1
2026-04-27,601012,14:56:20,17.1600,1918,1
2026-04-27,601012,14:56:23,17.1500,725,2
2026-04-27,601012,14:56:26,17.1500,342,2
2026-04-27,601012,14:56:29,17.1500,701,2
2026-04-27,601012,14:56:32,17.1600,570,1
2026-04-27,601012,14:56:35,17.1500,594,2
2026-04-27,601012,14:56:38,17.1600,261,1
2026-04-27,601012,14:56:41,17.1500,638,2
2026-04-27,601012,14:56:44,17.1600,575,1
2026-04-27,601012,14:56:47,17.1600,548,1
2026-04-27,601012,14:56:50,17.1600,225,1
2026-04-27,601012,14:56:53,17.1500,509,2
2026-04-27,601012,14:56:56,17.1500,277,1
2026-04-27,601012,14:56:59,17.1500,1080,2
2026-04-27,601012,15:00:03,17.1400,11327,4
2026-04-27,601012,13:16:23,17.2200,126,1
2026-04-27,601012,13:16:26,17.2200,1308,1
2026-04-27,601012,13:16:29,17.2200,70,2
2026-04-27,601012,13:16:32,17.2200,29,2
2026-04-27,601012,13:16:35,17.2300,24,1
2026-04-27,601012,13:16:38,17.2200,26,2
2026-04-27,601012,13:16:41,17.2300,16,1
2026-04-27,601012,13:16:45,17.2200,56,2
2026-04-27,601012,13:16:47,17.2300,16,1
2026-04-27,601012,13:16:50,17.2300,37,1
2026-04-27,601012,13:16:54,17.2300,105,1
2026-04-27,601012,13:16:56,17.2300,106,1
2026-04-27,601012,13:16:59,17.2200,70,2
2026-04-27,601012,13:17:03,17.2300,21,1
2026-04-27,601012,13:17:05,17.2200,22,2
2026-04-27,601012,13:17:08,17.2300,347,1
2026-04-27,601012,13:17:11,17.2300,28,2
2026-04-27,601012,13:17:14,17.2400,148,1
2026-04-27,601012,13:17:17,17.2400,12,1
2026-04-27,601012,13:17:20,17.2300,15,2
2026-04-27,601012,13:17:24,17.2400,25,1
2026-04-27,601012,13:17:26,17.2300,9,2
2026-04-27,601012,13:17:29,17.2400,54,1
2026-04-27,601012,13:17:32,17.2300,12,2
2026-04-27,601012,13:17:35,17.2300,27,2
2026-04-27,601012,13:17:38,17.2400,143,1
2026-04-27,601012,13:17:41,17.2400,34,1
2026-04-27,601012,13:17:44,17.2300,85,2
2026-04-27,601012,13:17:47,17.2300,121,2
2026-04-27,601012,13:17:50,17.2300,7,2
2026-04-27,601012,13:17:53,17.2300,127,2
2026-04-27,601012,13:17:56,17.2400,132,1
2026-04-27,601012,13:17:59,17.2300,15,2
2026-04-27,601012,13:18:02,17.2400,30,1
2026-04-27,601012,13:18:05,17.2300,550,2
2026-04-27,601012,13:18:09,17.2300,138,1
2026-04-27,601012,13:18:11,17.2300,17,1
2026-04-27,601012,13:18:14,17.2200,197,2
2026-04-27,601012,13:18:17,17.2200,25,2
2026-04-27,601012,13:18:20,17.2300,53,1
2026-04-27,601012,13:18:23,17.2300,68,1
2026-04-27,601012,13:18:26,17.2200,772,2
2026-04-27,601012,13:18:29,17.2200,33,1
2026-04-27,601012,13:18:32,17.2200,513,1
2026-04-27,601012,13:18:35,17.2200,307,2
2026-04-27,601012,13:18:38,17.2200,17,2
2026-04-27,601012,13:18:41,17.2200,184,2
2026-04-27,601012,13:18:44,17.2300,17,1
2026-04-27,601012,13:18:47,17.2200,544,2
2026-04-27,601012,13:18:50,17.2200,196,2
2026-04-27,601012,13:18:53,17.2300,147,1
2026-04-27,601012,13:18:56,17.2300,137,1
2026-04-27,601012,13:18:59,17.2200,77,2
2026-04-27,601012,13:19:02,17.2200,44,2
2026-04-27,601012,13:19:05,17.2300,114,1
2026-04-27,601012,13:19:08,17.2200,124,2
2026-04-27,601012,13:19:11,17.2200,65,2
2026-04-27,601012,13:19:14,17.2300,89,1
2026-04-27,601012,13:19:17,17.2200,3,2
2026-04-27,601012,13:19:20,17.2300,41,1
2026-04-27,601012,13:19:23,17.2300,737,1
2026-04-27,601012,13:19:26,17.2300,52,2
2026-04-27,601012,13:19:29,17.2300,8,2
2026-04-27,601012,13:19:32,17.2400,10,1
2026-04-27,601012,13:19:35,17.2400,100,1
2026-04-27,601012,13:19:38,17.2300,101,2
2026-04-27,601012,13:19:41,17.2300,19,1
2026-04-27,601012,13:19:44,17.2200,62,2
2026-04-27,601012,13:19:47,17.2300,43,4
2026-04-27,601012,13:19:50,17.2300,40,2
2026-04-27,601012,13:19:53,17.2300,21,1
2026-04-27,601012,13:19:56,17.2300,35,2
2026-04-27,601012,13:19:59,17.2400,23,1
2026-04-27,601012,13:20:02,17.2300,66,2
2026-04-27,601012,13:20:06,17.2300,523,2
2026-04-27,601012,13:20:08,17.2300,14,1
2026-04-27,601012,13:20:11,17.2300,49,1
2026-04-27,601012,13:20:14,17.2200,11,2
2026-04-27,601012,13:20:17,17.2300,17,1
2026-04-27,601012,13:20:20,17.2200,16,2
2026-04-27,601012,13:20:23,17.2300,91,1
2026-04-27,601012,13:20:26,17.2300,908,1
2026-04-27,601012,13:20:29,17.2300,468,1
2026-04-27,601012,13:20:32,17.2300,16,2
2026-04-27,601012,13:20:35,17.2400,195,1
2026-04-27,601012,13:20:38,17.2300,47,2
2026-04-27,601012,13:20:41,17.2400,16,1
2026-04-27,601012,13:20:44,17.2400,33,1
2026-04-27,601012,13:20:47,17.2300,567,2
2026-04-27,601012,13:20:50,17.2200,145,2
2026-04-27,601012,13:20:53,17.2300,180,1
2026-04-27,601012,13:20:56,17.2300,38,1
2026-04-27,601012,13:20:59,17.2300,94,2
2026-04-27,601012,13:21:02,17.2300,14,2
2026-04-27,601012,13:21:05,17.2300,20,2
2026-04-27,601012,13:21:08,17.2300,9,2
2026-04-27,601012,13:21:11,17.2300,40,2
2026-04-27,601012,13:21:14,17.2400,60,1
2026-04-27,601012,13:21:17,17.2400,187,1
2026-04-27,601012,13:21:20,17.2400,1169,1
2026-04-27,601012,13:21:23,17.2600,707,1
2026-04-27,601012,13:21:26,17.2700,18,1
2026-04-27,601012,13:21:29,17.2600,9,2
2026-04-27,601012,13:21:32,17.2600,20,2
2026-04-27,601012,13:21:35,17.2700,1,1
2026-04-27,601012,13:21:38,17.2700,9,1
2026-04-27,601012,13:21:41,17.2700,5,1
2026-04-27,601012,13:21:44,17.2700,16,1
2026-04-27,601012,13:21:47,17.2700,33,1
2026-04-27,601012,13:21:50,17.2700,18,1
2026-04-27,601012,13:21:53,17.2700,17,1
2026-04-27,601012,13:21:56,17.2700,180,1
2026-04-27,601012,13:21:59,17.2700,61,1
2026-04-27,601012,13:22:02,17.2700,127,1
2026-04-27,601012,13:22:05,17.2600,35,2
2026-04-27,601012,13:22:08,17.2700,13,4
2026-04-27,601012,13:22:11,17.2700,47,1
2026-04-27,601012,13:22:14,17.2800,36,1
2026-04-27,601012,13:22:17,17.2700,12,2
2026-04-27,601012,13:22:21,17.2700,13,2
2026-04-27,601012,13:22:23,17.2700,3,2
2026-04-27,601012,13:22:26,17.2700,6,2
2026-04-27,601012,13:22:29,17.2700,35,2
2026-04-27,601012,13:22:32,17.2700,53,2
2026-04-27,601012,13:22:36,17.2700,31,2
2026-04-27,601012,13:22:38,17.2700,11,2
2026-04-27,601012,13:22:41,17.2700,29,2
2026-04-27,601012,13:22:44,17.2700,71,2
2026-04-27,601012,13:22:47,17.2600,191,2
2026-04-27,601012,13:22:50,17.2700,42,1
2026-04-27,601012,13:22:53,17.2600,203,2
2026-04-27,601012,13:22:56,17.2600,4,2
2026-04-27,601012,13:22:59,17.2700,25,1
2026-04-27,601012,13:23:02,17.2600,30,2
2026-04-27,601012,13:23:05,17.2700,10,1
2026-04-27,601012,13:23:08,17.2600,18,2
2026-04-27,601012,13:23:11,17.2700,143,1
2026-04-27,601012,13:23:14,17.2700,101,1
2026-04-27,601012,13:23:17,17.2600,6,2
2026-04-27,601012,13:23:20,17.2700,12,1
2026-04-27,601012,13:23:23,17.2600,46,2
2026-04-27,601012,13:23:26,17.2700,23,1
2026-04-27,601012,13:23:29,17.2700,43,1
2026-04-27,601012,13:23:32,17.2600,16,2
2026-04-27,601012,13:23:35,17.2700,21,1
2026-04-27,601012,13:23:38,17.2600,231,2
2026-04-27,601012,13:23:41,17.2600,4,2
2026-04-27,601012,13:23:44,17.2600,2,2
2026-04-27,601012,13:23:47,17.2600,155,2
2026-04-27,601012,13:23:50,17.2600,210,2
2026-04-27,601012,13:23:53,17.2600,113,2
2026-04-27,601012,13:23:56,17.2600,224,2
2026-04-27,601012,13:23:59,17.2700,26,1
2026-04-27,601012,13:24:02,17.2600,88,2
2026-04-27,601012,13:24:05,17.2600,4,2
2026-04-27,601012,13:24:08,17.2600,44,2
2026-04-27,601012,13:24:11,17.2700,11,1
2026-04-27,601012,13:24:14,17.2700,30,1
2026-04-27,601012,13:24:17,17.2700,10,1
2026-04-27,601012,13:24:20,17.2700,4,1
2026-04-27,601012,13:24:24,17.2600,37,2
2026-04-27,601012,13:24:29,17.2700,17,1
2026-04-27,601012,13:24:32,17.2600,385,2
2026-04-27,601012,13:24:35,17.2600,56,2
2026-04-27,601012,13:24:38,17.2600,69,2
2026-04-27,601012,13:24:41,17.2600,182,2
2026-04-27,601012,13:24:44,17.2500,4,2
2026-04-27,601012,13:24:47,17.2500,27,2
2026-04-27,601012,13:24:50,17.2500,2,2
2026-04-27,601012,13:24:53,17.2600,22,1
2026-04-27,601012,13:24:56,17.2500,31,2
2026-04-27,601012,13:24:59,17.2600,5,1
2026-04-27,601012,13:25:02,17.2500,132,2
2026-04-27,601012,13:25:05,17.2500,34,2
2026-04-27,601012,13:25:11,17.2600,35,1
2026-04-27,601012,13:25:14,17.2500,28,2
2026-04-27,601012,13:25:17,17.2500,344,2
2026-04-27,601012,13:25:20,17.2500,38,2
2026-04-27,601012,13:25:26,17.2500,61,2
2026-04-27,601012,13:25:29,17.2500,137,2
2026-04-27,601012,13:25:32,17.2500,223,2
2026-04-27,601012,13:25:35,17.2400,26,2
2026-04-27,601012,13:25:38,17.2400,115,2
2026-04-27,601012,13:25:47,17.2500,79,1
2026-04-27,601012,13:25:50,17.2400,6,2
2026-04-27,601012,13:25:53,17.2500,5,1
2026-04-27,601012,13:25:56,17.2400,198,2
2026-04-27,601012,13:25:59,17.2400,48,2
2026-04-27,601012,13:26:02,17.2500,441,1
2026-04-27,601012,13:26:05,17.2400,9,2
2026-04-27,601012,13:26:08,17.2500,43,1
2026-04-27,601012,13:26:11,17.2400,58,2
2026-04-27,601012,13:26:14,17.2400,144,2
2026-04-27,601012,13:26:18,17.2500,5,1
2026-04-27,601012,13:26:20,17.2400,14,2
2026-04-27,601012,13:26:23,17.2400,50,2
2026-04-27,601012,13:26:26,17.2400,29,2
2026-04-27,601012,13:26:29,17.2500,44,1
2026-04-27,601012,13:26:32,17.2400,4,2
2026-04-27,601012,13:26:35,17.2400,69,2
2026-04-27,601012,13:26:38,17.2400,13,2
2026-04-27,601012,13:26:41,17.2500,2,1
2026-04-27,601012,13:26:45,17.2500,31,1
2026-04-27,601012,13:26:47,17.2400,138,2
2026-04-27,601012,13:26:50,17.2500,36,1
2026-04-27,601012,13:26:53,17.2500,381,1
2026-04-27,601012,13:26:56,17.2500,57,1
2026-04-27,601012,13:26:59,17.2400,31,2
2026-04-27,601012,13:27:03,17.2500,6,1
2026-04-27,601012,13:27:06,17.2400,9,2
2026-04-27,601012,13:27:08,17.2400,30,2
2026-04-27,601012,13:27:11,17.2500,40,1
2026-04-27,601012,13:27:17,17.2400,4,2
2026-04-27,601012,13:27:20,17.2400,93,2
2026-04-27,601012,13:27:23,17.2500,12,1
2026-04-27,601012,13:27:26,17.2500,3,1
2026-04-27,601012,13:27:29,17.2400,3,2
2026-04-27,601012,13:27:32,17.2500,824,1
2026-04-27,601012,13:27:35,17.2500,471,1
2026-04-27,601012,13:27:38,17.2500,134,2
2026-04-27,601012,13:27:41,17.2500,14,2
2026-04-27,601012,13:27:44,17.2500,107,2
2026-04-27,601012,13:27:47,17.2500,11,1
2026-04-27,601012,13:27:50,17.2500,46,1
2026-04-27,601012,13:27:53,17.2500,2,1
2026-04-27,601012,13:27:56,17.2500,46,1
2026-04-27,601012,13:27:59,17.2400,192,2
2026-04-27,601012,13:28:02,17.2500,97,1
2026-04-27,601012,13:28:05,17.2500,31,1
2026-04-27,601012,13:28:08,17.2500,231,1
2026-04-27,601012,13:28:11,17.2500,2,2
2026-04-27,601012,13:28:14,17.2500,500,2
2026-04-27,601012,13:28:17,17.2500,47,2
2026-04-27,601012,13:28:20,17.2500,20,2
2026-04-27,601012,13:28:23,17.2500,31,2
2026-04-27,601012,13:28:26,17.2500,82,2
2026-04-27,601012,13:28:29,17.2600,5,1
2026-04-27,601012,13:28:32,17.2600,24,1
2026-04-27,601012,13:28:35,17.2600,80,1
2026-04-27,601012,13:28:38,17.2600,32,1
2026-04-27,601012,13:28:41,17.2600,875,1
2026-04-27,601012,13:28:44,17.2600,228,2
2026-04-27,601012,13:28:47,17.2600,5,2
2026-04-27,601012,13:28:51,17.2600,34,2
2026-04-27,601012,13:28:53,17.2700,20,1
2026-04-27,601012,13:28:56,17.2600,1,2
2026-04-27,601012,13:28:59,17.2700,3,1
2026-04-27,601012,13:29:02,17.2700,28,1
2026-04-27,601012,13:29:05,17.2600,81,2
2026-04-27,601012,13:29:08,17.2700,11,1
2026-04-27,601012,13:29:11,17.2600,270,2
2026-04-27,601012,13:29:14,17.2600,78,1
2026-04-27,601012,13:29:17,17.2600,20,1
2026-04-27,601012,13:29:20,17.2600,32,1
2026-04-27,601012,13:29:23,17.2600,23,1
2026-04-27,601012,13:29:26,17.2500,10,2
2026-04-27,601012,13:29:29,17.2600,39,1
2026-04-27,601012,13:29:32,17.2600,164,1
2026-04-27,601012,13:29:35,17.2600,40,1
2026-04-27,601012,13:29:38,17.2600,56,1
2026-04-27,601012,13:29:41,17.2600,17,1
2026-04-27,601012,13:29:47,17.2600,194,1
2026-04-27,601012,13:29:50,17.2600,247,1
2026-04-27,601012,13:29:53,17.2600,67,1
2026-04-27,601012,13:29:56,17.2600,6,1
2026-04-27,601012,13:29:59,17.2500,23,2
2026-04-27,601012,13:30:02,17.2500,574,2
2026-04-27,601012,13:30:05,17.2500,43,2
2026-04-27,601012,13:30:08,17.2500,559,2
2026-04-27,601012,13:30:11,17.2500,59,2
2026-04-27,601012,13:30:14,17.2600,20,1
2026-04-27,601012,13:30:17,17.2600,169,1
2026-04-27,601012,13:30:20,17.2500,18,2
2026-04-27,601012,13:30:23,17.2600,70,1
2026-04-27,601012,13:30:26,17.2600,124,1
2026-04-27,601012,13:30:29,17.2500,17,2
2026-04-27,601012,13:30:32,17.2600,82,1
2026-04-27,601012,13:30:35,17.2500,30,2
2026-04-27,601012,13:30:38,17.2500,54,2
2026-04-27,601012,13:30:41,17.2600,30,1
2026-04-27,601012,13:30:44,17.2600,1091,1
2026-04-27,601012,13:30:47,17.2600,128,1
2026-04-27,601012,13:30:50,17.2600,32,1
2026-04-27,601012,13:30:53,17.2600,11,1
2026-04-27,601012,13:30:56,17.2600,14,1
2026-04-27,601012,13:31:02,17.2600,244,1
2026-04-27,601012,13:31:05,17.2600,30,1
2026-04-27,601012,13:31:08,17.2600,17,1
2026-04-27,601012,13:31:11,17.2600,281,1
2026-04-27,601012,13:31:15,17.2600,45,1
2026-04-27,601012,13:31:17,17.2600,173,2
2026-04-27,601012,13:31:20,17.2600,11,1
2026-04-27,601012,13:31:23,17.2600,35,1
2026-04-27,601012,13:31:26,17.2500,14,2
2026-04-27,601012,13:31:29,17.2500,13,2
2026-04-27,601012,13:31:32,17.2500,89,2
2026-04-27,601012,13:31:35,17.2500,79,2
2026-04-27,601012,13:31:38,17.2500,25,2
2026-04-27,601012,13:31:41,17.2600,46,1
2026-04-27,601012,13:31:44,17.2500,77,2
2026-04-27,601012,13:31:47,17.2600,200,1
2026-04-27,601012,13:31:50,17.2500,196,2
2026-04-27,601012,13:31:53,17.2600,309,1
2026-04-27,601012,13:31:56,17.2600,45,1
2026-04-27,601012,13:32:00,17.2600,15,1
2026-04-27,601012,13:32:02,17.2600,108,1
2026-04-27,601012,13:32:05,17.2500,24,2
2026-04-27,601012,13:32:08,17.2600,18,1
2026-04-27,601012,13:32:11,17.2500,112,2
2026-04-27,601012,13:32:14,17.2600,17,1
2026-04-27,601012,13:32:17,17.2600,28,1
2026-04-27,601012,13:32:20,17.2500,71,2
2026-04-27,601012,13:32:23,17.2500,10,2
2026-04-27,601012,13:32:26,17.2500,128,2
2026-04-27,601012,13:32:29,17.2500,25,2
2026-04-27,601012,13:32:32,17.2500,159,2
2026-04-27,601012,13:32:36,17.2500,29,2
2026-04-27,601012,13:32:38,17.2500,36,2
2026-04-27,601012,13:32:41,17.2600,45,1
2026-04-27,601012,13:32:44,17.2600,75,1
2026-04-27,601012,13:32:47,17.2500,125,2
2026-04-27,601012,13:32:50,17.2600,106,1
2026-04-27,601012,13:32:53,17.2500,20,2
2026-04-27,601012,13:32:56,17.2600,31,1
2026-04-27,601012,13:32:59,17.2500,1,2
2026-04-27,601012,13:33:02,17.2600,35,1
2026-04-27,601012,13:33:05,17.2600,20,1
2026-04-27,601012,13:33:08,17.2500,64,2
2026-04-27,601012,13:33:11,17.2500,116,2
2026-04-27,601012,13:33:14,17.2500,299,2
2026-04-27,601012,13:33:17,17.2500,17,1
2026-04-27,601012,13:33:20,17.2500,50,1
2026-04-27,601012,13:33:23,17.2400,38,2
2026-04-27,601012,13:33:26,17.2500,36,1
2026-04-27,601012,13:33:30,17.2400,69,2
2026-04-27,601012,13:33:32,17.2500,38,1
2026-04-27,601012,13:33:35,17.2500,17,1
2026-04-27,601012,13:33:38,17.2400,111,2
2026-04-27,601012,13:33:41,17.2500,23,1
2026-04-27,601012,13:33:44,17.2400,88,2
2026-04-27,601012,13:33:47,17.2400,18,2
2026-04-27,601012,13:33:50,17.2400,17,2
2026-04-27,601012,13:33:53,17.2400,9,2
2026-04-27,601012,13:33:56,17.2400,45,2
2026-04-27,601012,13:33:59,17.2400,38,2
2026-04-27,601012,13:34:02,17.2400,283,2
2026-04-27,601012,13:34:06,17.2400,47,2
2026-04-27,601012,13:34:08,17.2400,13,2
2026-04-27,601012,13:34:11,17.2500,6,1
2026-04-27,601012,13:34:14,17.2400,9,2
2026-04-27,601012,13:34:17,17.2400,58,2
2026-04-27,601012,13:34:21,17.2400,442,2
2026-04-27,601012,13:34:23,17.2400,98,2
2026-04-27,601012,13:34:26,17.2400,43,2
2026-04-27,601012,13:34:29,17.2500,19,1
2026-04-27,601012,13:34:32,17.2400,38,2
2026-04-27,601012,13:34:35,17.2400,26,2
2026-04-27,601012,13:34:38,17.2400,151,2
2026-04-27,601012,13:34:41,17.2400,204,2
2026-04-27,601012,13:34:44,17.2500,88,1
2026-04-27,601012,13:34:47,17.2500,27,1
2026-04-27,601012,13:34:50,17.2400,71,2
2026-04-27,601012,13:34:53,17.2400,28,2
2026-04-27,601012,13:34:57,17.2400,69,2
2026-04-27,601012,13:34:59,17.2400,12,2
2026-04-27,601012,13:35:02,17.2500,196,1
2026-04-27,601012,13:35:05,17.2400,164,2
2026-04-27,601012,13:35:08,17.2500,138,1
2026-04-27,601012,13:35:11,17.2400,22,2
2026-04-27,601012,13:35:14,17.2400,9,2
2026-04-27,601012,13:35:17,17.2400,338,2
2026-04-27,601012,13:35:20,17.2400,24,2
2026-04-27,601012,13:35:23,17.2400,431,2
2026-04-27,601012,13:35:26,17.2400,51,1
2026-04-27,601012,13:35:29,17.2300,80,2
2026-04-27,601012,13:35:32,17.2400,18,1
2026-04-27,601012,13:35:35,17.2300,5,2
2026-04-27,601012,13:35:38,17.2300,47,2
2026-04-27,601012,13:35:41,17.2400,66,1
2026-04-27,601012,13:35:44,17.2300,76,2
2026-04-27,601012,13:35:47,17.2400,1044,1
2026-04-27,601012,13:35:50,17.2400,109,1
2026-04-27,601012,13:35:53,17.2300,446,2
2026-04-27,601012,13:35:56,17.2400,30,1
2026-04-27,601012,13:35:59,17.2300,3,2
2026-04-27,601012,13:36:02,17.2300,145,2
2026-04-27,601012,13:36:05,17.2300,98,2
2026-04-27,601012,13:36:08,17.2300,114,2
2026-04-27,601012,13:36:11,17.2400,127,1
2026-04-27,601012,13:36:14,17.2400,46,1
2026-04-27,601012,13:36:17,17.2300,30,2
2026-04-27,601012,13:36:20,17.2300,35,1
2026-04-27,601012,13:36:23,17.2300,10,1
2026-04-27,601012,13:36:26,17.2200,180,2
2026-04-27,601012,13:36:30,17.2200,40,2
2026-04-27,601012,13:36:32,17.2200,18,2
2026-04-27,601012,13:36:35,17.2200,18,2
2026-04-27,601012,13:36:38,17.2200,130,2
2026-04-27,601012,13:36:41,17.2300,180,1
2026-04-27,601012,13:36:44,17.2200,130,2
2026-04-27,601012,13:36:47,17.2200,50,2
2026-04-27,601012,13:36:50,17.2300,89,1
2026-04-27,601012,13:36:53,17.2300,26,1
2026-04-27,601012,13:36:56,17.2300,158,1
2026-04-27,601012,13:36:59,17.2300,88,1
2026-04-27,601012,13:37:02,17.2200,42,2
2026-04-27,601012,13:37:05,17.2200,85,2
2026-04-27,601012,13:37:08,17.2300,17,1
2026-04-27,601012,13:37:11,17.2200,19,2
2026-04-27,601012,13:37:14,17.2300,52,1
2026-04-27,601012,13:37:17,17.2200,301,2
2026-04-27,601012,13:37:20,17.2200,37,2
2026-04-27,601012,13:37:23,17.2200,37,2
2026-04-27,601012,13:37:26,17.2200,18,2
2026-04-27,601012,13:37:29,17.2300,1,1
2026-04-27,601012,13:37:32,17.2200,55,2
2026-04-27,601012,13:37:35,17.2200,1177,2
2026-04-27,601012,13:37:38,17.2200,35,2
2026-04-27,601012,13:37:41,17.2200,416,2
2026-04-27,601012,13:37:44,17.2200,188,2
2026-04-27,601012,13:37:47,17.2100,461,2
2026-04-27,601012,13:37:50,17.2200,16,1
2026-04-27,601012,13:37:53,17.2200,16,1
2026-04-27,601012,13:37:56,17.2200,96,1
2026-04-27,601012,13:37:59,17.2100,306,2
2026-04-27,601012,13:38:02,17.2200,9,1
2026-04-27,601012,13:38:05,17.2100,51,2
2026-04-27,601012,13:38:08,17.2100,450,2
2026-04-27,601012,13:38:14,17.2200,22,2
2026-04-27,601012,13:38:17,17.2100,19,2
2026-04-27,601012,13:38:20,17.2100,97,2
2026-04-27,601012,13:38:23,17.2100,75,2
2026-04-27,601012,13:38:26,17.2200,186,1
2026-04-27,601012,13:38:29,17.2200,24,2
2026-04-27,601012,13:38:32,17.2300,83,1
2026-04-27,601012,13:38:35,17.2200,14,2
2026-04-27,601012,13:38:38,17.2200,159,2
2026-04-27,601012,13:38:41,17.2200,57,2
2026-04-27,601012,13:38:44,17.2200,81,2
2026-04-27,601012,13:38:47,17.2200,26,2
2026-04-27,601012,13:38:51,17.2200,3,2
2026-04-27,601012,13:38:53,17.2200,100,2
2026-04-27,601012,13:38:56,17.2200,44,2
2026-04-27,601012,13:38:59,17.2200,38,2
2026-04-27,601012,13:39:02,17.2200,16,2
2026-04-27,601012,13:39:05,17.2200,138,2
2026-04-27,601012,13:39:08,17.2200,255,2
2026-04-27,601012,13:39:11,17.2300,112,1
2026-04-27,601012,13:39:14,17.2300,18,1
2026-04-27,601012,13:39:17,17.2200,127,2
2026-04-27,601012,13:39:20,17.2100,25,2
2026-04-27,601012,13:39:23,17.2100,55,2
2026-04-27,601012,13:39:26,17.2200,107,1
2026-04-27,601012,13:39:29,17.2200,70,1
2026-04-27,601012,13:39:32,17.2200,146,1
2026-04-27,601012,13:39:35,17.2200,3,1
2026-04-27,601012,13:39:39,17.2200,99,1
2026-04-27,601012,13:39:41,17.2100,34,2
2026-04-27,601012,13:39:44,17.2200,14,1
2026-04-27,601012,13:39:47,17.2200,53,1
2026-04-27,601012,13:39:50,17.2100,32,2
2026-04-27,601012,13:39:53,17.2100,213,2
2026-04-27,601012,13:39:56,17.2200,9,1
2026-04-27,601012,13:39:59,17.2100,62,2
2026-04-27,601012,13:40:02,17.2100,15,2
2026-04-27,601012,13:40:05,17.2200,53,1
2026-04-27,601012,13:40:08,17.2200,26,1
2026-04-27,601012,13:40:11,17.2200,52,1
2026-04-27,601012,13:40:14,17.2200,110,1
2026-04-27,601012,13:40:17,17.2200,66,1
2026-04-27,601012,13:40:20,17.2200,33,1
2026-04-27,601012,13:40:23,17.2200,88,1
2026-04-27,601012,13:40:26,17.2200,36,1
2026-04-27,601012,13:40:29,17.2200,55,1
2026-04-27,601012,13:40:32,17.2100,29,2
2026-04-27,601012,13:40:35,17.2100,186,2
2026-04-27,601012,13:40:38,17.2200,28,1
2026-04-27,601012,13:40:41,17.2200,56,1
2026-04-27,601012,13:40:44,17.2100,23,2
2026-04-27,601012,13:40:47,17.2100,33,2
2026-04-27,601012,13:40:51,17.2100,42,2
2026-04-27,601012,13:40:53,17.2100,2486,2
2026-04-27,601012,13:40:56,17.2100,68,1
2026-04-27,601012,13:40:59,17.2000,65,2
2026-04-27,601012,13:41:02,17.2100,245,1
2026-04-27,601012,13:41:05,17.2000,48,2
2026-04-27,601012,13:41:08,17.2100,5023,1
2026-04-27,601012,13:41:11,17.2000,24,2
2026-04-27,601012,13:41:14,17.2100,23,1
2026-04-27,601012,13:41:17,17.2100,92,1
2026-04-27,601012,13:41:20,17.2100,68,1
2026-04-27,601012,13:41:23,17.2100,102,1
2026-04-27,601012,13:41:27,17.2100,69,1
2026-04-27,601012,13:41:30,17.2100,91,1
2026-04-27,601012,13:41:32,17.2100,46,1
2026-04-27,601012,13:41:35,17.2000,343,2
2026-04-27,601012,13:41:38,17.2100,93,1
2026-04-27,601012,13:41:41,17.2100,145,2
2026-04-27,601012,13:41:44,17.2100,127,1
2026-04-27,601012,13:41:47,17.2100,87,1
2026-04-27,601012,13:41:50,17.2100,151,1
2026-04-27,601012,13:41:53,17.2100,10,2
2026-04-27,601012,13:41:59,17.2200,123,1
2026-04-27,601012,13:42:02,17.2100,17,2
2026-04-27,601012,13:42:05,17.2100,77,2
2026-04-27,601012,13:42:09,17.2200,29,1
2026-04-27,601012,13:42:11,17.2200,194,1
2026-04-27,601012,13:42:14,17.2200,10,2
2026-04-27,601012,13:42:17,17.2200,57,2
2026-04-27,601012,13:42:20,17.2200,26,2
2026-04-27,601012,13:42:23,17.2300,71,1
2026-04-27,601012,13:42:26,17.2200,14,2
2026-04-27,601012,13:42:29,17.2300,14,1
2026-04-27,601012,13:42:32,17.2200,10,2
2026-04-27,601012,13:42:35,17.2300,12,1
2026-04-27,601012,13:42:39,17.2200,454,2
2026-04-27,601012,13:42:41,17.2200,15,1
2026-04-27,601012,13:42:44,17.2200,333,1
2026-04-27,601012,13:42:47,17.2100,26,2
2026-04-27,601012,13:42:50,17.2200,63,1
2026-04-27,601012,13:42:53,17.2100,238,2
2026-04-27,601012,13:42:56,17.2100,22,2
2026-04-27,601012,13:42:59,17.2100,14,2
2026-04-27,601012,13:43:02,17.2200,55,1
2026-04-27,601012,13:43:05,17.2200,21,1
2026-04-27,601012,13:43:09,17.2100,34,2
2026-04-27,601012,13:43:11,17.2100,36,2
2026-04-27,601012,13:43:14,17.2200,59,1
2026-04-27,601012,13:43:17,17.2100,42,2
2026-04-27,601012,13:43:20,17.2100,29,2
2026-04-27,601012,13:43:23,17.2100,572,2
2026-04-27,601012,13:43:26,17.2100,35,2
2026-04-27,601012,13:43:29,17.2200,209,1
2026-04-27,601012,13:43:32,17.2200,123,1
2026-04-27,601012,13:43:35,17.2200,227,1
2026-04-27,601012,13:43:38,17.2100,75,2
2026-04-27,601012,13:43:41,17.2100,38,1
2026-04-27,601012,13:43:44,17.2100,51,1
2026-04-27,601012,13:43:47,17.2100,77,1
2026-04-27,601012,13:43:50,17.2100,15,1
2026-04-27,601012,13:43:53,17.2100,18,1
2026-04-27,601012,13:43:56,17.2000,68,2
2026-04-27,601012,13:43:59,17.2100,174,1
2026-04-27,601012,13:44:02,17.2100,594,1
2026-04-27,601012,13:44:05,17.2100,98,1
2026-04-27,601012,13:44:08,17.2000,41,2
2026-04-27,601012,13:44:11,17.2100,116,1
2026-04-27,601012,13:44:14,17.2100,65,1
2026-04-27,601012,13:44:17,17.2000,101,2
2026-04-27,601012,13:44:20,17.2000,22,2
2026-04-27,601012,13:44:23,17.2000,48,2
2026-04-27,601012,13:44:26,17.2000,101,2
2026-04-27,601012,13:44:29,17.2000,42,2
2026-04-27,601012,13:44:32,17.2100,710,1
2026-04-27,601012,13:44:35,17.2100,256,1
2026-04-27,601012,13:44:38,17.2000,208,2
2026-04-27,601012,13:44:41,17.2000,101,2
2026-04-27,601012,13:44:44,17.2000,34,2
2026-04-27,601012,13:44:47,17.2000,151,2
2026-04-27,601012,13:44:50,17.2000,37,2
2026-04-27,601012,13:44:53,17.2000,133,2
2026-04-27,601012,13:44:57,17.2000,78,2
2026-04-27,601012,13:44:59,17.2000,139,2
2026-04-27,601012,13:45:02,17.2000,491,2
2026-04-27,601012,13:45:05,17.2000,202,2
2026-04-27,601012,13:45:08,17.2000,252,2
2026-04-27,601012,13:45:11,17.2000,130,2
2026-04-27,601012,13:45:14,17.2100,99,1
2026-04-27,601012,13:45:17,17.2100,57,1
2026-04-27,601012,13:45:20,17.2000,103,2
2026-04-27,601012,13:45:23,17.2100,99,1
2026-04-27,601012,13:45:26,17.2000,61,2
2026-04-27,601012,13:45:29,17.2000,37,2
2026-04-27,601012,13:45:32,17.2000,68,2
2026-04-27,601012,13:45:36,17.2100,30,1
2026-04-27,601012,13:45:38,17.2000,63,2
2026-04-27,601012,13:45:41,17.2000,37,2
2026-04-27,601012,13:45:44,17.2100,12,1
2026-04-27,601012,13:45:47,17.2000,149,2
2026-04-27,601012,13:45:50,17.2100,46,1
2026-04-27,601012,13:45:53,17.2000,38,2
2026-04-27,601012,13:45:56,17.2100,24,1
2026-04-27,601012,13:45:59,17.2000,83,2
2026-04-27,601012,13:46:02,17.2100,24,1
2026-04-27,601012,13:46:05,17.2000,36,2
2026-04-27,601012,13:46:08,17.2000,44,2
2026-04-27,601012,13:46:11,17.2100,83,1
2026-04-27,601012,13:46:14,17.2100,12,1
2026-04-27,601012,13:46:17,17.2100,5,1
2026-04-27,601012,13:46:20,17.2100,154,1
2026-04-27,601012,13:46:23,17.2000,62,2
2026-04-27,601012,13:46:26,17.2100,5,1
2026-04-27,601012,13:46:29,17.2000,64,2
2026-04-27,601012,13:46:32,17.2000,245,2
2026-04-27,601012,13:46:35,17.2100,187,1
2026-04-27,601012,13:46:38,17.2000,95,2
2026-04-27,601012,13:46:41,17.2100,79,1
2026-04-27,601012,13:46:44,17.2000,115,2
2026-04-27,601012,13:46:47,17.2000,10,2
2026-04-27,601012,13:46:50,17.2000,71,2
2026-04-27,601012,13:46:53,17.2100,392,1
2026-04-27,601012,13:46:56,17.2000,264,2
2026-04-27,601012,13:47:02,17.2000,14,2
2026-04-27,601012,13:47:05,17.2000,126,2
2026-04-27,601012,13:47:08,17.2000,49,2
2026-04-27,601012,13:47:11,17.2000,175,2
2026-04-27,601012,13:47:14,17.2000,40,2
2026-04-27,601012,13:47:17,17.2000,84,2
2026-04-27,601012,13:47:20,17.2000,86,2
2026-04-27,601012,13:47:23,17.2000,22,2
2026-04-27,601012,13:47:26,17.2100,154,1
2026-04-27,601012,13:47:29,17.2100,371,1
2026-04-27,601012,13:47:32,17.2100,734,1
2026-04-27,601012,13:47:36,17.2000,532,2
2026-04-27,601012,13:47:39,17.2000,919,2
2026-04-27,601012,13:47:41,17.2100,322,1
2026-04-27,601012,13:47:44,17.2100,481,1
2026-04-27,601012,13:47:47,17.2100,49,1
2026-04-27,601012,13:47:50,17.2000,57,2
2026-04-27,601012,13:47:53,17.2000,68,2
2026-04-27,601012,13:47:56,17.2100,22,1
2026-04-27,601012,13:47:59,17.2100,10,1
2026-04-27,601012,13:48:03,17.2000,644,2
2026-04-27,601012,13:48:05,17.2000,129,2
2026-04-27,601012,13:48:08,17.1900,223,2
2026-04-27,601012,13:48:11,17.2000,102,1
2026-04-27,601012,13:48:14,17.2000,225,1
2026-04-27,601012,13:48:17,17.2000,41,1
2026-04-27,601012,13:48:20,17.2000,56,1
2026-04-27,601012,13:48:23,17.1900,156,2
2026-04-27,601012,13:48:26,17.1900,74,2
2026-04-27,601012,13:48:29,17.1900,53,2
2026-04-27,601012,13:48:32,17.1900,297,2
2026-04-27,601012,13:48:35,17.2000,247,1
2026-04-27,601012,13:48:38,17.1900,159,2
2026-04-27,601012,13:48:41,17.2000,188,1
2026-04-27,601012,13:48:44,17.2000,673,1
2026-04-27,601012,13:48:47,17.1900,77,2
2026-04-27,601012,13:48:50,17.2000,14,1
2026-04-27,601012,13:48:53,17.2000,130,1
2026-04-27,601012,13:48:56,17.1900,24,2
2026-04-27,601012,13:48:59,17.2000,34,1
2026-04-27,601012,13:49:03,17.2000,71,1
2026-04-27,601012,13:49:05,17.1900,183,2
2026-04-27,601012,13:49:08,17.2000,247,1
2026-04-27,601012,13:49:11,17.2000,57,1
2026-04-27,601012,13:49:14,17.2000,139,1
2026-04-27,601012,13:49:17,17.1900,80,2
2026-04-27,601012,13:49:20,17.2000,62,1
2026-04-27,601012,13:49:23,17.2000,250,1
2026-04-27,601012,13:49:26,17.2000,46,2
2026-04-27,601012,13:49:29,17.2000,5,2
2026-04-27,601012,13:49:32,17.2000,21,2
2026-04-27,601012,13:49:35,17.2100,91,1
2026-04-27,601012,13:49:38,17.2000,76,2
2026-04-27,601012,13:49:41,17.2000,56,1
2026-04-27,601012,13:49:44,17.1900,83,2
2026-04-27,601012,13:49:47,17.2000,69,1
2026-04-27,601012,13:49:50,17.2000,45,1
2026-04-27,601012,13:49:53,17.1900,55,2
2026-04-27,601012,13:49:56,17.2000,720,1
2026-04-27,601012,13:49:59,17.1900,9,2
2026-04-27,601012,13:50:02,17.1900,97,2
2026-04-27,601012,13:50:05,17.2000,15,1
2026-04-27,601012,13:50:08,17.2000,283,1
2026-04-27,601012,13:50:11,17.2000,92,1
2026-04-27,601012,13:50:14,17.2000,62,1
2026-04-27,601012,13:50:17,17.2000,52,1
2026-04-27,601012,13:50:20,17.2000,330,1
2026-04-27,601012,13:50:23,17.1900,13,2
2026-04-27,601012,13:50:26,17.2000,59,1
2026-04-27,601012,13:50:29,17.2000,5,1
2026-04-27,601012,13:50:32,17.2000,72,1
2026-04-27,601012,13:50:35,17.2000,97,1
2026-04-27,601012,13:50:38,17.1900,76,2
2026-04-27,601012,13:50:41,17.1900,248,2
2026-04-27,601012,13:50:44,17.1900,55,2
2026-04-27,601012,13:50:47,17.2000,44,1
2026-04-27,601012,13:50:50,17.1900,127,2
2026-04-27,601012,13:50:53,17.1900,86,2
2026-04-27,601012,13:50:56,17.1900,15,2
2026-04-27,601012,13:50:59,17.2000,62,1
2026-04-27,601012,13:51:02,17.1900,592,2
2026-04-27,601012,13:51:05,17.2000,2,1
2026-04-27,601012,13:51:08,17.2000,40,1
2026-04-27,601012,13:51:11,17.2000,597,1
2026-04-27,601012,13:51:14,17.1900,857,2
2026-04-27,601012,13:51:17,17.1900,793,1
2026-04-27,601012,13:51:20,17.1900,229,1
2026-04-27,601012,13:51:23,17.1800,25,2
2026-04-27,601012,13:51:26,17.1800,342,2
2026-04-27,601012,13:51:29,17.1800,248,2
2026-04-27,601012,13:51:32,17.1800,363,2
2026-04-27,601012,13:51:35,17.1900,58,1
2026-04-27,601012,13:51:38,17.1800,320,2
2026-04-27,601012,13:51:41,17.1800,198,2
2026-04-27,601012,13:51:44,17.1900,742,1
2026-04-27,601012,13:51:47,17.1900,62,1
2026-04-27,601012,13:51:50,17.1900,26,1
2026-04-27,601012,13:51:53,17.1800,383,2
2026-04-27,601012,13:51:56,17.1900,27,1
2026-04-27,601012,13:52:00,17.1800,516,2
2026-04-27,601012,13:52:02,17.1800,156,2
2026-04-27,601012,13:52:05,17.1800,389,2
2026-04-27,601012,13:52:08,17.1800,143,2
2026-04-27,601012,13:52:11,17.1800,111,2
2026-04-27,601012,13:52:14,17.1800,108,2
2026-04-27,601012,13:52:17,17.1800,65,2
2026-04-27,601012,13:52:20,17.1900,123,1
2026-04-27,601012,13:52:23,17.1900,61,1
2026-04-27,601012,13:52:26,17.1800,53,2
2026-04-27,601012,13:52:29,17.1900,219,1
2026-04-27,601012,13:52:32,17.1900,125,1
2026-04-27,601012,13:52:35,17.1800,14,2
2026-04-27,601012,13:52:38,17.1800,441,2
2026-04-27,601012,13:52:41,17.1900,124,1
2026-04-27,601012,13:52:44,17.1800,111,2
2026-04-27,601012,13:52:47,17.1800,60,2
2026-04-27,601012,13:52:50,17.1800,26,2
2026-04-27,601012,13:52:53,17.1900,11,1
2026-04-27,601012,13:52:56,17.1800,240,2
2026-04-27,601012,13:52:59,17.1900,21,1
2026-04-27,601012,13:53:02,17.1900,590,1
2026-04-27,601012,13:53:05,17.1900,112,1
2026-04-27,601012,13:53:08,17.1900,68,1
2026-04-27,601012,13:53:11,17.1800,138,2
2026-04-27,601012,13:53:14,17.1900,127,1
2026-04-27,601012,13:53:17,17.1800,20,2
2026-04-27,601012,13:53:20,17.1800,95,2
2026-04-27,601012,13:53:23,17.1800,829,2
2026-04-27,601012,13:53:26,17.1800,160,2
2026-04-27,601012,13:53:29,17.1900,338,1
2026-04-27,601012,13:53:33,17.1800,127,2
2026-04-27,601012,13:53:35,17.1900,227,1
2026-04-27,601012,13:53:38,17.1800,432,2
2026-04-27,601012,13:53:41,17.1800,549,2
2026-04-27,601012,13:53:44,17.1800,67,1
2026-04-27,601012,13:53:47,17.1800,109,1
2026-04-27,601012,13:53:50,17.1800,509,1
2026-04-27,601012,13:53:53,17.1800,93,1
2026-04-27,601012,13:53:56,17.1800,477,1
2026-04-27,601012,13:53:59,17.1800,142,1
2026-04-27,601012,13:54:02,17.1800,571,1
2026-04-27,601012,13:54:05,17.1800,90,1
2026-04-27,601012,13:54:08,17.1800,1304,1
2026-04-27,601012,13:54:11,17.1800,363,2
2026-04-27,601012,13:54:14,17.1800,17,2
2026-04-27,601012,13:54:17,17.1800,527,2
2026-04-27,601012,13:54:20,17.1800,40,1
2026-04-27,601012,13:54:23,17.1800,268,1
2026-04-27,601012,13:54:26,17.1800,94,1
2026-04-27,601012,13:54:29,17.1800,388,1
2026-04-27,601012,13:54:32,17.1700,102,2
2026-04-27,601012,13:54:35,17.1800,387,1
2026-04-27,601012,13:54:38,17.1800,166,1
2026-04-27,601012,13:54:41,17.1800,574,1
2026-04-27,601012,13:54:44,17.1800,124,1
2026-04-27,601012,13:54:47,17.1800,475,1
2026-04-27,601012,13:54:50,17.1700,754,2
2026-04-27,601012,13:54:53,17.1800,561,1
2026-04-27,601012,13:54:56,17.1700,130,2
2026-04-27,601012,13:55:00,17.1700,415,2
2026-04-27,601012,13:55:02,17.1700,978,2
2026-04-27,601012,13:55:05,17.1700,238,1
2026-04-27,601012,13:55:08,17.1700,525,1
2026-04-27,601012,13:55:11,17.1600,400,2
2026-04-27,601012,13:55:14,17.1500,7083,2
2026-04-27,601012,13:55:17,17.1600,1767,1
2026-04-27,601012,13:55:20,17.1600,133,1
2026-04-27,601012,13:55:23,17.1500,5685,2
2026-04-27,601012,13:55:26,17.1500,776,2
2026-04-27,601012,13:55:29,17.1500,1011,2
2026-04-27,601012,13:55:32,17.1600,425,1
2026-04-27,601012,13:55:35,17.1600,368,2
2026-04-27,601012,13:55:38,17.1600,127,2
2026-04-27,601012,13:55:41,17.1600,184,1
2026-04-27,601012,13:55:44,17.1600,241,1
2026-04-27,601012,13:55:47,17.1600,224,1
2026-04-27,601012,13:55:50,17.1600,387,1
2026-04-27,601012,13:55:53,17.1500,155,2
2026-04-27,601012,13:55:56,17.1600,952,1
2026-04-27,601012,13:56:00,17.1500,244,2
2026-04-27,601012,13:56:02,17.1600,278,1
2026-04-27,601012,13:56:06,17.1600,90,1
2026-04-27,601012,13:56:08,17.1600,116,1
2026-04-27,601012,13:56:11,17.1600,115,1
2026-04-27,601012,13:56:14,17.1600,253,1
2026-04-27,601012,13:56:17,17.1600,92,1
2026-04-27,601012,13:56:20,17.1600,173,1
2026-04-27,601012,13:56:24,17.1600,575,1
2026-04-27,601012,13:56:26,17.1600,400,1
2026-04-27,601012,13:56:29,17.1600,149,1
2026-04-27,601012,13:56:32,17.1600,236,1
2026-04-27,601012,13:56:35,17.1600,210,1
2026-04-27,601012,13:56:38,17.1600,237,1
2026-04-27,601012,13:56:41,17.1600,321,1
2026-04-27,601012,13:56:44,17.1600,140,1
2026-04-27,601012,13:56:48,17.1500,1305,2
2026-04-27,601012,13:56:50,17.1600,94,1
2026-04-27,601012,13:56:54,17.1600,107,2
2026-04-27,601012,13:56:56,17.1600,6,2
2026-04-27,601012,13:56:59,17.1700,110,1
2026-04-27,601012,13:57:02,17.1700,20,1
2026-04-27,601012,13:57:05,17.1700,61,1
2026-04-27,601012,13:57:08,17.1700,189,1
2026-04-27,601012,13:57:11,17.1600,347,2
2026-04-27,601012,13:57:14,17.1600,98,2
2026-04-27,601012,13:57:17,17.1700,74,1
2026-04-27,601012,13:57:20,17.1700,45,1
2026-04-27,601012,13:57:23,17.1700,133,1
2026-04-27,601012,13:57:26,17.1600,1629,2
2026-04-27,601012,13:57:29,17.1600,129,2
2026-04-27,601012,13:57:32,17.1600,24,2
2026-04-27,601012,13:57:35,17.1600,37,2
2026-04-27,601012,13:57:38,17.1600,80,2
2026-04-27,601012,13:57:41,17.1700,164,1
2026-04-27,601012,13:57:44,17.1700,54,1
2026-04-27,601012,13:57:47,17.1600,82,2
2026-04-27,601012,13:57:50,17.1600,164,2
2026-04-27,601012,13:57:53,17.1700,18,1
2026-04-27,601012,13:57:56,17.1700,36,1
2026-04-27,601012,13:57:59,17.1700,131,1
2026-04-27,601012,13:58:03,17.1700,129,1
2026-04-27,601012,13:58:05,17.1700,167,1
2026-04-27,601012,13:58:08,17.1700,50,1
2026-04-27,601012,13:58:11,17.1700,316,1
2026-04-27,601012,13:58:14,17.1700,188,1
2026-04-27,601012,13:58:18,17.1800,175,1
2026-04-27,601012,13:58:20,17.1700,36,2
2026-04-27,601012,13:58:23,17.1700,82,2
2026-04-27,601012,13:58:26,17.1700,128,2
2026-04-27,601012,13:58:29,17.1700,189,2
2026-04-27,601012,13:58:32,17.1700,77,1
2026-04-27,601012,13:58:35,17.1700,92,1
2026-04-27,601012,13:58:38,17.1700,162,1
2026-04-27,601012,13:58:41,17.1700,175,1
2026-04-27,601012,13:58:44,17.1700,43,1
2026-04-27,601012,13:58:47,17.1700,74,1
2026-04-27,601012,13:58:50,17.1700,60,1
2026-04-27,601012,13:58:53,17.1700,152,1
2026-04-27,601012,13:58:56,17.1700,123,1
2026-04-27,601012,13:58:59,17.1700,77,2
2026-04-27,601012,13:59:02,17.1800,234,1
2026-04-27,601012,13:59:06,17.1800,49,1
2026-04-27,601012,13:59:08,17.1800,42,1
2026-04-27,601012,13:59:11,17.1700,598,2
2026-04-27,601012,13:59:14,17.1700,74,1
2026-04-27,601012,13:59:17,17.1700,83,1
2026-04-27,601012,13:59:20,17.1700,66,1
2026-04-27,601012,13:59:23,17.1700,195,1
2026-04-27,601012,13:59:26,17.1700,180,1
2026-04-27,601012,13:59:29,17.1700,80,2
2026-04-27,601012,13:59:32,17.1700,318,2
2026-04-27,601012,13:59:35,17.1700,248,1
2026-04-27,601012,13:59:38,17.1700,62,1
2026-04-27,601012,13:59:41,17.1700,80,1
2026-04-27,601012,13:59:44,17.1700,45,2
2026-04-27,601012,13:59:47,17.1800,51,1
2026-04-27,601012,13:59:50,17.1800,157,1
2026-04-27,601012,13:59:53,17.1800,421,1
2026-04-27,601012,13:59:56,17.1800,91,1
2026-04-27,601012,13:59:59,17.1800,394,1
2026-04-27,601012,14:00:02,17.1800,78,1
2026-04-27,601012,14:00:05,17.1800,330,1
2026-04-27,601012,14:00:08,17.1700,931,2
2026-04-27,601012,14:00:11,17.1700,212,2
2026-04-27,601012,14:00:14,17.1700,181,1
2026-04-27,601012,14:00:17,17.1600,329,2
2026-04-27,601012,14:00:20,17.1700,236,1
2026-04-27,601012,14:00:23,17.1700,303,2
2026-04-27,601012,14:00:26,17.1700,99,2
2026-04-27,601012,14:00:29,17.1700,440,2
2026-04-27,601012,14:00:32,17.1700,105,1
2026-04-27,601012,14:00:36,17.1700,402,1
2026-04-27,601012,14:00:38,17.1800,57,1
2026-04-27,601012,14:00:41,17.1700,38,2
2026-04-27,601012,14:00:44,17.1600,161,2
2026-04-27,601012,14:00:47,17.1700,51,1
2026-04-27,601012,14:00:51,17.1600,361,2
2026-04-27,601012,14:00:53,17.1700,60,1
2026-04-27,601012,14:00:57,17.1600,478,2
2026-04-27,601012,14:00:59,17.1700,124,1
2026-04-27,601012,14:01:02,17.1700,414,1
2026-04-27,601012,14:01:05,17.1700,418,1
2026-04-27,601012,14:01:08,17.1700,454,1
2026-04-27,601012,14:01:11,17.1700,185,1
2026-04-27,601012,14:01:14,17.1700,379,1
2026-04-27,601012,14:01:17,17.1700,42,1
2026-04-27,601012,14:01:20,17.1600,501,2
2026-04-27,601012,14:01:23,17.1700,74,1
2026-04-27,601012,14:01:26,17.1600,112,2
2026-04-27,601012,14:01:29,17.1700,112,1
2026-04-27,601012,14:01:32,17.1700,30,1
2026-04-27,601012,14:01:35,17.1700,236,1
2026-04-27,601012,14:01:38,17.1700,197,1
2026-04-27,601012,14:01:41,17.1700,156,1
2026-04-27,601012,14:01:44,17.1700,70,1
2026-04-27,601012,14:01:47,17.1600,137,2
2026-04-27,601012,14:01:50,17.1700,113,1
2026-04-27,601012,14:01:53,17.1700,162,2
2026-04-27,601012,14:01:56,17.1600,158,2
2026-04-27,601012,14:01:59,17.1600,60,2
2026-04-27,601012,14:02:02,17.1700,63,1
2026-04-27,601012,14:02:05,17.1700,69,2
2026-04-27,601012,14:02:08,17.1600,53,2
2026-04-27,601012,14:02:11,17.1700,136,1
2026-04-27,601012,14:02:14,17.1700,1751,1
2026-04-27,601012,14:02:17,17.1800,556,1
2026-04-27,601012,14:02:21,17.1700,232,2
2026-04-27,601012,14:02:23,17.1800,324,1
2026-04-27,601012,14:02:26,17.1800,42,1
2026-04-27,601012,14:02:29,17.1700,136,2
2026-04-27,601012,14:02:32,17.1800,116,1
2026-04-27,601012,14:02:35,17.1800,132,1
2026-04-27,601012,14:02:38,17.1800,30,1
2026-04-27,601012,14:02:41,17.1800,106,1
2026-04-27,601012,14:02:44,17.1800,25,1
2026-04-27,601012,14:02:47,17.1800,196,1
2026-04-27,601012,14:02:50,17.1800,152,1
2026-04-27,601012,14:02:53,17.1800,20,1
2026-04-27,601012,14:02:56,17.1800,78,1
2026-04-27,601012,14:02:59,17.1800,221,1
2026-04-27,601012,14:03:02,17.1800,26,1
2026-04-27,601012,14:03:05,17.1800,382,1
2026-04-27,601012,14:03:08,17.1800,169,1
2026-04-27,601012,14:03:11,17.1800,228,1
2026-04-27,601012,14:03:14,17.1700,1082,2
2026-04-27,601012,14:03:17,17.1800,322,2
2026-04-27,601012,14:03:20,17.1700,125,2
2026-04-27,601012,14:03:23,17.1800,133,1
2026-04-27,601012,14:03:26,17.1800,331,1
2026-04-27,601012,14:03:29,17.1800,129,1
2026-04-27,601012,14:03:32,17.1700,152,2
2026-04-27,601012,14:03:35,17.1800,13,1
2026-04-27,601012,14:03:38,17.1800,64,1
2026-04-27,601012,14:03:41,17.1700,425,2
2026-04-27,601012,14:03:44,17.1800,30,1
2026-04-27,601012,14:03:47,17.1700,639,2
2026-04-27,601012,14:03:50,17.1800,181,1
2026-04-27,601012,14:03:53,17.1800,450,1
2026-04-27,601012,14:03:56,17.1800,81,1
2026-04-27,601012,14:03:59,17.1800,491,1
2026-04-27,601012,14:04:03,17.1700,8,2
2026-04-27,601012,14:04:06,17.1700,414,2
2026-04-27,601012,14:04:08,17.1700,74,2
2026-04-27,601012,14:04:11,17.1700,327,2
2026-04-27,601012,14:04:14,17.1700,107,2
2026-04-27,601012,14:04:17,17.1700,191,2
2026-04-27,601012,14:04:20,17.1700,170,1
2026-04-27,601012,14:04:23,17.1700,596,1
2026-04-27,601012,14:04:26,17.1700,68,1
2026-04-27,601012,14:04:29,17.1700,371,1
2026-04-27,601012,14:04:32,17.1700,78,1
2026-04-27,601012,14:04:35,17.1600,388,2
2026-04-27,601012,14:04:38,17.1700,38,1
2026-04-27,601012,14:04:41,17.1700,21,1
2026-04-27,601012,14:04:44,17.1600,246,2
2026-04-27,601012,14:04:47,17.1600,168,2
2026-04-27,601012,14:04:50,17.1700,38,1
2026-04-27,601012,14:04:53,17.1600,14,2
2026-04-27,601012,14:04:56,17.1600,35,2
2026-04-27,601012,14:04:59,17.1700,165,1
2026-04-27,601012,14:05:02,17.1700,27,1
2026-04-27,601012,14:05:05,17.1700,90,1
2026-04-27,601012,14:05:08,17.1600,20,2
2026-04-27,601012,14:05:11,17.1600,46,2
2026-04-27,601012,14:05:14,17.1600,34,2
2026-04-27,601012,14:05:17,17.1700,243,1
2026-04-27,601012,14:05:20,17.1600,299,2
2026-04-27,601012,14:05:23,17.1700,47,1
2026-04-27,601012,14:05:26,17.1700,106,1
2026-04-27,601012,14:05:30,17.1700,74,1
2026-04-27,601012,14:05:33,17.1600,220,2
2026-04-27,601012,14:05:35,17.1700,67,1
2026-04-27,601012,14:05:38,17.1600,86,2
2026-04-27,601012,14:05:41,17.1700,153,1
2026-04-27,601012,14:05:44,17.1600,109,2
2026-04-27,601012,14:05:47,17.1700,178,1
2026-04-27,601012,14:05:50,17.1700,66,1
2026-04-27,601012,14:05:53,17.1700,167,1
2026-04-27,601012,14:05:56,17.1600,66,2
2026-04-27,601012,14:05:59,17.1600,39,2
2026-04-27,601012,14:06:02,17.1700,41,1
2026-04-27,601012,14:06:05,17.1600,27,2
2026-04-27,601012,14:06:08,17.1600,43,2
2026-04-27,601012,14:06:11,17.1700,17,1
2026-04-27,601012,14:06:14,17.1600,37,2
2026-04-27,601012,14:06:17,17.1600,20,2
2026-04-27,601012,14:06:20,17.1600,170,2
2026-04-27,601012,14:06:23,17.1700,39,1
2026-04-27,601012,14:06:26,17.1700,52,1
2026-04-27,601012,14:06:29,17.1700,64,1
2026-04-27,601012,14:06:32,17.1700,992,1
2026-04-27,601012,14:06:35,17.1600,53,2
2026-04-27,601012,14:06:38,17.1700,399,1
2026-04-27,601012,14:06:41,17.1700,135,1
2026-04-27,601012,14:06:44,17.1700,243,1
2026-04-27,601012,14:06:47,17.1700,606,2
2026-04-27,601012,14:06:50,17.1700,54,1
2026-04-27,601012,14:06:53,17.1700,821,1
2026-04-27,601012,10:54:44,17.2100,45,1
2026-04-27,601012,10:54:48,17.2200,1469,1
2026-04-27,601012,10:54:51,17.2200,45,1
2026-04-27,601012,10:54:53,17.2200,54,1
2026-04-27,601012,10:54:56,17.2200,186,1
2026-04-27,601012,10:54:59,17.2200,724,1
2026-04-27,601012,10:55:02,17.2200,71,2
2026-04-27,601012,10:55:05,17.2200,381,2
2026-04-27,601012,10:55:08,17.2200,165,2
2026-04-27,601012,10:55:11,17.2200,79,1
2026-04-27,601012,10:55:14,17.2100,21,2
2026-04-27,601012,10:55:17,17.2100,35,2
2026-04-27,601012,10:55:20,17.2200,97,1
2026-04-27,601012,10:55:23,17.2100,57,2
2026-04-27,601012,10:55:26,17.2200,54,1
2026-04-27,601012,10:55:29,17.2200,117,1
2026-04-27,601012,10:55:32,17.2100,137,2
2026-04-27,601012,10:55:35,17.2100,14,2
2026-04-27,601012,10:55:38,17.2100,18,2
2026-04-27,601012,10:55:41,17.2100,26,2
2026-04-27,601012,10:55:44,17.2100,15,2
2026-04-27,601012,10:55:47,17.2100,15,2
2026-04-27,601012,10:55:50,17.2100,19,2
2026-04-27,601012,10:55:53,17.2300,1439,1
2026-04-27,601012,10:55:56,17.2400,189,1
2026-04-27,601012,10:55:59,17.2400,23,1
2026-04-27,601012,10:56:02,17.2400,45,1
2026-04-27,601012,10:56:05,17.2400,23,1
2026-04-27,601012,10:56:08,17.2400,47,1
2026-04-27,601012,10:56:11,17.2300,103,2
2026-04-27,601012,10:56:14,17.2400,348,1
2026-04-27,601012,10:56:17,17.2300,60,2
2026-04-27,601012,10:56:20,17.2300,44,2
2026-04-27,601012,10:56:23,17.2400,5,1
2026-04-27,601012,10:56:26,17.2300,62,2
2026-04-27,601012,10:56:29,17.2300,33,2
2026-04-27,601012,10:56:32,17.2300,194,2
2026-04-27,601012,10:56:35,17.2400,314,1
2026-04-27,601012,10:56:38,17.2500,36,1
2026-04-27,601012,10:56:41,17.2500,8,1
2026-04-27,601012,10:56:44,17.2500,36,1
2026-04-27,601012,10:56:47,17.2400,50,2
2026-04-27,601012,10:56:50,17.2500,32,1
2026-04-27,601012,10:56:53,17.2500,737,1
2026-04-27,601012,10:56:56,17.2500,335,1
2026-04-27,601012,10:56:59,17.2500,30,2
2026-04-27,601012,10:57:02,17.2500,2,2
2026-04-27,601012,10:57:05,17.2500,25,2
2026-04-27,601012,10:57:08,17.2600,58,1
2026-04-27,601012,10:57:11,17.2500,27,2
2026-04-27,601012,10:57:14,17.2600,5,1
2026-04-27,601012,10:57:17,17.2600,63,1
2026-04-27,601012,10:57:20,17.2500,610,2
2026-04-27,601012,10:57:23,17.2400,50,2
2026-04-27,601012,10:57:26,17.2500,5,1
2026-04-27,601012,10:57:29,17.2500,23,1
2026-04-27,601012,10:57:32,17.2500,215,1
2026-04-27,601012,10:57:35,17.2500,709,1
2026-04-27,601012,10:57:38,17.2400,83,2
2026-04-27,601012,10:57:41,17.2500,20,1
2026-04-27,601012,10:57:44,17.2500,61,1
2026-04-27,601012,10:57:47,17.2500,734,1
2026-04-27,601012,10:57:50,17.2500,30,1
2026-04-27,601012,10:57:53,17.2500,181,1
2026-04-27,601012,10:57:56,17.2500,13,2
2026-04-27,601012,10:57:59,17.2600,748,1
2026-04-27,601012,10:58:02,17.2600,14,1
2026-04-27,601012,10:58:06,17.2600,591,1
2026-04-27,601012,10:58:08,17.2500,49,2
2026-04-27,601012,10:58:11,17.2600,7,1
2026-04-27,601012,10:58:14,17.2600,34,1
2026-04-27,601012,10:58:17,17.2600,293,1
2026-04-27,601012,10:58:20,17.2600,226,1
2026-04-27,601012,10:58:23,17.2600,39,4
2026-04-27,601012,10:58:29,17.2600,39,2
2026-04-27,601012,10:58:32,17.2600,40,2
2026-04-27,601012,10:58:35,17.2600,65,2
2026-04-27,601012,10:58:38,17.2600,23,2
2026-04-27,601012,10:58:41,17.2600,40,2
2026-04-27,601012,10:58:44,17.2700,22,1
2026-04-27,601012,10:58:47,17.2600,181,2
2026-04-27,601012,10:58:51,17.2600,25,1
2026-04-27,601012,10:58:53,17.2600,1,1
2026-04-27,601012,10:58:56,17.2500,23,2
2026-04-27,601012,10:58:59,17.2600,5,1
2026-04-27,601012,10:59:02,17.2500,17,2
2026-04-27,601012,10:59:05,17.2600,14,1
2026-04-27,601012,10:59:08,17.2500,84,2
2026-04-27,601012,10:59:11,17.2600,16,1
2026-04-27,601012,10:59:14,17.2500,1,2
2026-04-27,601012,10:59:17,17.2600,359,1
2026-04-27,601012,10:59:23,17.2600,20,2
2026-04-27,601012,10:59:26,17.2600,260,2
2026-04-27,601012,10:59:29,17.2600,50,1
2026-04-27,601012,10:59:32,17.2600,8,1
2026-04-27,601012,10:59:35,17.2500,25,2
2026-04-27,601012,10:59:38,17.2500,1,2
2026-04-27,601012,10:59:41,17.2500,21,2
2026-04-27,601012,10:59:44,17.2600,1032,1
2026-04-27,601012,10:59:47,17.2500,45,2
2026-04-27,601012,10:59:50,17.2500,4,2
2026-04-27,601012,10:59:53,17.2500,1,2
2026-04-27,601012,10:59:56,17.2600,26,1
2026-04-27,601012,10:59:59,17.2500,136,2
2026-04-27,601012,11:00:02,17.2600,17,1
2026-04-27,601012,11:00:05,17.2600,10,1
2026-04-27,601012,11:00:08,17.2500,36,2
2026-04-27,601012,11:00:11,17.2500,104,2
2026-04-27,601012,11:00:14,17.2500,18,2
2026-04-27,601012,11:00:17,17.2500,232,2
2026-04-27,601012,11:00:20,17.2500,83,2
2026-04-27,601012,11:00:23,17.2400,18,2
2026-04-27,601012,11:00:29,17.2500,15,1
2026-04-27,601012,11:00:32,17.2500,41,1
2026-04-27,601012,11:00:35,17.2500,86,1
2026-04-27,601012,11:00:38,17.2500,84,1
2026-04-27,601012,11:00:41,17.2400,58,2
2026-04-27,601012,11:00:44,17.2400,81,2
2026-04-27,601012,11:00:47,17.2300,50,2
2026-04-27,601012,11:00:50,17.2300,11,2
2026-04-27,601012,11:00:53,17.2300,27,2
2026-04-27,601012,11:00:56,17.2400,5,1
2026-04-27,601012,11:00:59,17.2300,372,2
2026-04-27,601012,11:01:02,17.2300,677,2
2026-04-27,601012,11:01:05,17.2300,14,1
2026-04-27,601012,11:01:08,17.2300,19,1
2026-04-27,601012,11:01:11,17.2300,191,1
2026-04-27,601012,11:01:14,17.2200,176,2
2026-04-27,601012,11:01:17,17.2200,60,2
2026-04-27,601012,11:01:20,17.2200,541,2
2026-04-27,601012,11:01:23,17.2100,108,2
2026-04-27,601012,11:01:26,17.2200,77,1
2026-04-27,601012,11:01:29,17.2100,1,2
2026-04-27,601012,11:01:32,17.2200,31,1
2026-04-27,601012,11:01:35,17.2200,9,1
2026-04-27,601012,11:01:38,17.2200,23,1
2026-04-27,601012,11:01:41,17.2200,27,1
2026-04-27,601012,11:01:44,17.2200,22,1
2026-04-27,601012,11:01:47,17.2100,39,2
2026-04-27,601012,11:01:50,17.2200,2,1
2026-04-27,601012,11:01:54,17.2100,34,2
2026-04-27,601012,11:01:56,17.2200,115,1
2026-04-27,601012,11:01:59,17.2200,32,1
2026-04-27,601012,11:02:02,17.2100,24,2
2026-04-27,601012,11:02:05,17.2200,33,1
2026-04-27,601012,11:02:08,17.2100,5,2
2026-04-27,601012,11:02:14,17.2100,40,2
2026-04-27,601012,11:02:17,17.2100,19,2
2026-04-27,601012,11:02:20,17.2200,113,1
2026-04-27,601012,11:02:23,17.2100,89,2
2026-04-27,601012,11:02:26,17.2100,669,2
2026-04-27,601012,11:02:29,17.2100,109,1
2026-04-27,601012,11:02:32,17.2000,45,2
2026-04-27,601012,11:02:35,17.2000,8,2
2026-04-27,601012,11:02:38,17.2000,29,2
2026-04-27,601012,11:02:41,17.2000,86,2
2026-04-27,601012,11:02:44,17.2000,50,2
2026-04-27,601012,11:02:47,17.2100,1421,1
2026-04-27,601012,11:02:50,17.2000,8,2
2026-04-27,601012,11:02:53,17.2000,51,2
2026-04-27,601012,11:02:57,17.2000,22,2
2026-04-27,601012,11:02:59,17.2000,43,2
2026-04-27,601012,11:03:02,17.2000,12,2
2026-04-27,601012,11:03:05,17.2000,21,2
2026-04-27,601012,11:03:08,17.2000,8,2
2026-04-27,601012,11:03:11,17.2100,16,1
2026-04-27,601012,11:03:14,17.2100,49,1
2026-04-27,601012,11:03:17,17.2100,41,1
2026-04-27,601012,11:03:20,17.2100,140,1
2026-04-27,601012,11:03:23,17.2100,145,1
2026-04-27,601012,11:03:26,17.2200,56,1
2026-04-27,601012,11:03:29,17.2100,4,2
2026-04-27,601012,11:03:33,17.2100,23,2
2026-04-27,601012,11:03:35,17.2100,27,2
2026-04-27,601012,11:03:38,17.2200,52,1
2026-04-27,601012,11:03:41,17.2100,67,2
2026-04-27,601012,11:03:44,17.2200,16,1
2026-04-27,601012,11:03:47,17.2200,10,1
2026-04-27,601012,11:03:51,17.2200,1,1
2026-04-27,601012,11:03:54,17.2200,12,1
2026-04-27,601012,11:03:56,17.2200,42,1
2026-04-27,601012,11:03:59,17.2200,6,1
2026-04-27,601012,11:04:02,17.2100,61,2
2026-04-27,601012,11:04:05,17.2200,61,1
2026-04-27,601012,11:04:08,17.2200,63,1
2026-04-27,601012,11:04:11,17.2100,19,2
2026-04-27,601012,11:04:14,17.2100,24,2
2026-04-27,601012,11:04:17,17.2100,16,2
2026-04-27,601012,11:04:20,17.2100,2,2
2026-04-27,601012,11:04:23,17.2200,80,1
2026-04-27,601012,11:04:26,17.2100,20,2
2026-04-27,601012,11:04:29,17.2100,1808,2
2026-04-27,601012,11:04:32,17.2100,565,2
2026-04-27,601012,11:04:35,17.2200,44,1
2026-04-27,601012,11:04:38,17.2200,12,1
2026-04-27,601012,11:04:41,17.2200,105,1
2026-04-27,601012,11:04:44,17.2100,112,2
2026-04-27,601012,11:04:47,17.2100,15,2
2026-04-27,601012,11:04:50,17.2200,48,1
2026-04-27,601012,11:04:54,17.2100,9,4
2026-04-27,601012,11:04:56,17.2100,6,2
2026-04-27,601012,11:04:59,17.2100,18,2
2026-04-27,601012,11:05:02,17.2000,18,2
2026-04-27,601012,11:05:05,17.2000,20,2
2026-04-27,601012,11:05:08,17.2000,21,2
2026-04-27,601012,11:05:11,17.2100,15,1
2026-04-27,601012,11:05:14,17.2100,393,1
2026-04-27,601012,11:05:17,17.2100,143,2
2026-04-27,601012,11:05:20,17.2100,18,1
2026-04-27,601012,11:05:23,17.2100,61,1
2026-04-27,601012,11:05:26,17.2100,150,1
2026-04-27,601012,11:05:29,17.2000,85,2
2026-04-27,601012,11:05:32,17.2000,65,2
2026-04-27,601012,11:05:35,17.2100,439,1
2026-04-27,601012,11:05:38,17.2100,131,1
2026-04-27,601012,11:05:41,17.2200,28,1
2026-04-27,601012,11:05:47,17.2100,114,2
2026-04-27,601012,11:05:50,17.2100,3,2
2026-04-27,601012,11:05:53,17.2100,32,2
2026-04-27,601012,11:05:56,17.2100,53,2
2026-04-27,601012,11:05:59,17.2100,114,2
2026-04-27,601012,11:06:02,17.2100,122,2
2026-04-27,601012,11:06:05,17.2100,46,1
2026-04-27,601012,11:06:08,17.2100,15,2
2026-04-27,601012,11:06:12,17.2100,251,2
2026-04-27,601012,11:06:14,17.2100,23,2
2026-04-27,601012,11:06:17,17.2100,13,2
2026-04-27,601012,11:06:20,17.2100,34,2
2026-04-27,601012,11:06:23,17.2100,26,2
2026-04-27,601012,11:06:26,17.2200,36,1
2026-04-27,601012,11:06:29,17.2200,9,1
2026-04-27,601012,11:06:32,17.2100,11,2
2026-04-27,601012,11:06:35,17.2200,1047,1
2026-04-27,601012,11:06:38,17.2100,55,2
2026-04-27,601012,11:06:41,17.2300,4,1
2026-04-27,601012,11:06:44,17.2300,5,1
2026-04-27,601012,11:06:47,17.2200,42,2
2026-04-27,601012,11:06:50,17.2200,84,2
2026-04-27,601012,11:06:53,17.2200,7,1
2026-04-27,601012,11:06:59,17.2200,5,1
2026-04-27,601012,11:07:06,17.2200,18,1
2026-04-27,601012,11:07:08,17.2200,425,1
2026-04-27,601012,11:07:11,17.2200,8,2
2026-04-27,601012,11:07:14,17.2200,33,2
2026-04-27,601012,11:07:17,17.2200,234,2
2026-04-27,601012,11:07:20,17.2200,53,1
2026-04-27,601012,11:07:23,17.2300,460,1
2026-04-27,601012,11:07:26,17.2300,64,1
2026-04-27,601012,11:07:29,17.2200,2,2
2026-04-27,601012,11:07:32,17.2300,1,1
2026-04-27,601012,11:07:35,17.2200,46,2
2026-04-27,601012,11:07:38,17.2300,5,1
2026-04-27,601012,11:07:41,17.2200,21,2
2026-04-27,601012,11:07:44,17.2200,597,2
2026-04-27,601012,11:07:47,17.2200,35,1
2026-04-27,601012,11:07:50,17.2300,589,1
2026-04-27,601012,11:07:54,17.2300,68,1
2026-04-27,601012,11:07:56,17.2300,28,2
2026-04-27,601012,11:07:59,17.2200,11,2
2026-04-27,601012,11:08:02,17.2200,2,2
2026-04-27,601012,11:08:05,17.2300,6,1
2026-04-27,601012,11:08:11,17.2300,55,1
2026-04-27,601012,11:08:14,17.2300,30,1
2026-04-27,601012,11:08:17,17.2200,3,2
2026-04-27,601012,11:08:20,17.2200,7,2
2026-04-27,601012,11:08:23,17.2200,873,2
2026-04-27,601012,11:08:26,17.2200,6,1
2026-04-27,601012,11:08:29,17.2200,31,1
2026-04-27,601012,11:08:32,17.2200,21,1
2026-04-27,601012,11:08:35,17.2200,82,1
2026-04-27,601012,11:08:38,17.2200,52,2
2026-04-27,601012,11:08:41,17.2300,1085,1
2026-04-27,601012,11:08:44,17.2200,64,2
2026-04-27,601012,11:08:47,17.2200,20,2
2026-04-27,601012,11:08:50,17.2200,98,2
2026-04-27,601012,11:08:53,17.2300,47,1
2026-04-27,601012,11:08:56,17.2200,37,2
2026-04-27,601012,11:08:59,17.2200,13,2
2026-04-27,601012,11:09:02,17.2200,5,2
2026-04-27,601012,11:09:05,17.2200,26,2
2026-04-27,601012,11:09:08,17.2200,30,2
2026-04-27,601012,11:09:11,17.2300,5,1
2026-04-27,601012,11:09:14,17.2300,8,1
2026-04-27,601012,11:09:17,17.2300,102,1
2026-04-27,601012,11:09:20,17.2200,10,2
2026-04-27,601012,11:09:23,17.2200,21,2
2026-04-27,601012,11:09:26,17.2200,18,2
2026-04-27,601012,11:09:29,17.2200,56,2
2026-04-27,601012,11:09:33,17.2300,155,1
2026-04-27,601012,11:09:35,17.2300,130,1
2026-04-27,601012,11:09:38,17.2300,13,1
2026-04-27,601012,11:09:41,17.2300,3,1
2026-04-27,601012,11:09:44,17.2300,20,1
2026-04-27,601012,11:09:47,17.2300,26,1
2026-04-27,601012,11:09:53,17.2200,26,2
2026-04-27,601012,11:09:56,17.2300,5,1
2026-04-27,601012,11:09:59,17.2300,1,1
2026-04-27,601012,11:10:02,17.2300,40,1
2026-04-27,601012,11:10:06,17.2200,42,2
2026-04-27,601012,11:10:08,17.2200,88,2
2026-04-27,601012,11:10:11,17.2200,63,2
2026-04-27,601012,11:10:14,17.2200,35,2
2026-04-27,601012,11:10:17,17.2300,13,1
2026-04-27,601012,11:10:20,17.2300,30,1
2026-04-27,601012,11:10:23,17.2200,31,2
2026-04-27,601012,11:10:26,17.2300,13,1
2026-04-27,601012,11:10:29,17.2200,26,2
2026-04-27,601012,11:10:32,17.2200,810,2
2026-04-27,601012,11:10:35,17.2200,97,1
2026-04-27,601012,11:10:38,17.2100,32,2
2026-04-27,601012,11:10:41,17.2200,2,1
2026-04-27,601012,11:10:44,17.2100,45,2
2026-04-27,601012,11:10:47,17.2100,21,2
2026-04-27,601012,11:10:50,17.2100,3,2
2026-04-27,601012,11:10:53,17.2100,3,2
2026-04-27,601012,11:10:56,17.2100,8,2
2026-04-27,601012,11:10:59,17.2200,294,1
2026-04-27,601012,11:11:02,17.2100,710,2
2026-04-27,601012,11:11:08,17.2200,22,1
2026-04-27,601012,11:11:11,17.2200,91,1
2026-04-27,601012,11:11:14,17.2100,11,2
2026-04-27,601012,11:11:17,17.2200,10,1
2026-04-27,601012,11:11:20,17.2200,3,1
2026-04-27,601012,11:11:23,17.2200,100,1
2026-04-27,601012,11:11:26,17.2100,14,2
2026-04-27,601012,11:11:29,17.2100,722,2
2026-04-27,601012,11:11:32,17.2000,126,2
2026-04-27,601012,11:11:35,17.2000,23,2
2026-04-27,601012,11:11:38,17.2100,114,1
2026-04-27,601012,11:11:41,17.2100,52,2
2026-04-27,601012,11:11:44,17.2100,25,2
2026-04-27,601012,11:11:47,17.2200,249,1
2026-04-27,601012,11:11:50,17.2100,23,2
2026-04-27,601012,11:11:53,17.2200,5,1
2026-04-27,601012,11:11:56,17.2200,3,1
2026-04-27,601012,11:11:59,17.2100,25,2
2026-04-27,601012,11:12:02,17.2100,60,2
2026-04-27,601012,11:12:05,17.2200,36,1
2026-04-27,601012,11:12:08,17.2100,219,2
2026-04-27,601012,11:12:12,17.2100,346,2
2026-04-27,601012,11:12:14,17.2100,6,1
2026-04-27,601012,11:12:17,17.2100,105,1
2026-04-27,601012,11:12:20,17.2100,617,2
2026-04-27,601012,11:12:23,17.2100,158,1
2026-04-27,601012,11:12:26,17.2100,3,1
2026-04-27,601012,11:12:29,17.2100,62,1
2026-04-27,601012,11:12:32,17.2100,78,1
2026-04-27,601012,11:12:36,17.2100,84,1
2026-04-27,601012,11:12:38,17.2100,79,1
2026-04-27,601012,11:12:41,17.2100,23,2
2026-04-27,601012,11:12:44,17.2200,30,1
2026-04-27,601012,11:12:47,17.2100,58,2
2026-04-27,601012,11:12:50,17.2000,36,2
2026-04-27,601012,11:12:53,17.2200,1182,1
2026-04-27,601012,11:12:56,17.2200,20,2
2026-04-27,601012,11:13:02,17.2200,34,2
2026-04-27,601012,11:13:08,17.2200,45,2
2026-04-27,601012,11:13:11,17.2200,48,2
2026-04-27,601012,11:13:14,17.2300,11,1
2026-04-27,601012,11:13:20,17.2200,55,2
2026-04-27,601012,11:13:26,17.2200,28,2
2026-04-27,601012,11:13:29,17.2200,26,2
2026-04-27,601012,11:13:32,17.2200,28,2
2026-04-27,601012,11:13:35,17.2300,33,1
2026-04-27,601012,11:13:38,17.2200,1,2
2026-04-27,601012,11:13:41,17.2200,81,2
2026-04-27,601012,11:13:47,17.2300,123,1
2026-04-27,601012,11:13:50,17.2200,18,2
2026-04-27,601012,11:13:53,17.2300,11,1
2026-04-27,601012,11:13:56,17.2200,15,2
2026-04-27,601012,11:13:59,17.2300,48,1
2026-04-27,601012,11:14:02,17.2200,223,2
2026-04-27,601012,11:14:05,17.2200,27,1
2026-04-27,601012,11:14:08,17.2200,15,1
2026-04-27,601012,11:14:11,17.2200,236,1
2026-04-27,601012,11:14:14,17.2200,10,1
2026-04-27,601012,11:14:17,17.2200,13,1
2026-04-27,601012,11:14:20,17.2200,20,1
2026-04-27,601012,11:14:23,17.2200,150,1
2026-04-27,601012,11:14:26,17.2300,34,1
2026-04-27,601012,11:14:29,17.2300,12,1
2026-04-27,601012,11:14:32,17.2200,13,2
2026-04-27,601012,11:14:35,17.2200,139,2
2026-04-27,601012,11:14:38,17.2200,118,2
2026-04-27,601012,11:14:41,17.2200,3,1
2026-04-27,601012,11:14:44,17.2200,130,1
2026-04-27,601012,11:14:47,17.2200,187,2
2026-04-27,601012,11:14:50,17.2200,97,2
2026-04-27,601012,11:14:53,17.2200,46,2
2026-04-27,601012,11:14:56,17.2200,2,2
2026-04-27,601012,11:14:59,17.2200,16,2
2026-04-27,601012,11:15:02,17.2200,109,2
2026-04-27,601012,11:15:05,17.2200,53,2
2026-04-27,601012,11:15:08,17.2200,23,2
2026-04-27,601012,11:15:11,17.2200,53,2
2026-04-27,601012,11:15:14,17.2200,2,2
2026-04-27,601012,11:15:17,17.2200,20,2
2026-04-27,601012,11:15:20,17.2200,103,2
2026-04-27,601012,11:15:23,17.2200,132,2
2026-04-27,601012,11:15:26,17.2300,11,1
2026-04-27,601012,11:15:29,17.2200,88,2
2026-04-27,601012,11:15:32,17.2200,78,1
2026-04-27,601012,11:15:35,17.2100,50,2
2026-04-27,601012,11:15:38,17.2200,18,4
2026-04-27,601012,11:15:41,17.2200,27,2
2026-04-27,601012,11:15:44,17.2200,125,2
2026-04-27,601012,11:15:47,17.2200,45,2
2026-04-27,601012,11:15:50,17.2200,2,2
2026-04-27,601012,11:15:53,17.2300,15,1
2026-04-27,601012,11:15:56,17.2200,213,2
2026-04-27,601012,11:15:59,17.2400,1552,1
2026-04-27,601012,11:16:02,17.2400,50,1
2026-04-27,601012,11:16:05,17.2300,7,2
2026-04-27,601012,11:16:11,17.2300,37,2
2026-04-27,601012,11:16:14,17.2300,44,2
2026-04-27,601012,11:16:17,17.2300,11,2
2026-04-27,601012,11:16:20,17.2300,50,2
2026-04-27,601012,11:16:24,17.2300,54,2
2026-04-27,601012,11:16:26,17.2300,30,2
2026-04-27,601012,11:16:29,17.2300,37,2
2026-04-27,601012,11:16:32,17.2400,118,1
2026-04-27,601012,11:16:35,17.2400,21,1
2026-04-27,601012,11:16:38,17.2400,19,1
2026-04-27,601012,11:16:41,17.2400,15,1
2026-04-27,601012,11:16:44,17.2400,21,1
2026-04-27,601012,11:16:47,17.2400,100,1
2026-04-27,601012,11:16:50,17.2400,74,1
2026-04-27,601012,11:16:53,17.2400,26,1
2026-04-27,601012,11:16:56,17.2400,66,1
2026-04-27,601012,11:16:59,17.2400,17,1
2026-04-27,601012,11:17:02,17.2400,15,1
2026-04-27,601012,11:17:05,17.2400,2,1
2026-04-27,601012,11:17:08,17.2400,115,1
2026-04-27,601012,11:17:11,17.2400,200,1
2026-04-27,601012,11:17:14,17.2500,33,1
2026-04-27,601012,11:17:20,17.2400,108,2
2026-04-27,601012,11:17:24,17.2500,30,1
2026-04-27,601012,11:17:26,17.2400,75,2
2026-04-27,601012,11:17:29,17.2400,15,2
2026-04-27,601012,11:17:32,17.2400,7,2
2026-04-27,601012,11:17:35,17.2500,33,1
2026-04-27,601012,11:17:38,17.2400,22,2
2026-04-27,601012,11:17:41,17.2500,2,1
2026-04-27,601012,11:17:44,17.2500,40,1
2026-04-27,601012,11:17:47,17.2400,34,2
2026-04-27,601012,11:17:50,17.2400,11,2
2026-04-27,601012,11:17:53,17.2400,42,2
2026-04-27,601012,11:17:56,17.2400,22,2
2026-04-27,601012,11:17:59,17.2300,221,2
2026-04-27,601012,11:18:02,17.2400,33,1
2026-04-27,601012,11:18:05,17.2400,37,1
2026-04-27,601012,11:18:11,17.2400,2,1
2026-04-27,601012,11:18:14,17.2300,31,2
2026-04-27,601012,11:18:17,17.2300,187,2
2026-04-27,601012,11:18:20,17.2400,1,1
2026-04-27,601012,11:18:26,17.2300,17,2
2026-04-27,601012,11:18:29,17.2300,28,2
2026-04-27,601012,11:18:33,17.2300,18,2
2026-04-27,601012,11:18:36,17.2300,28,2
2026-04-27,601012,11:18:38,17.2300,50,2
2026-04-27,601012,11:18:41,17.2300,89,2
2026-04-27,601012,11:18:44,17.2300,54,2
2026-04-27,601012,11:18:47,17.2300,36,1
2026-04-27,601012,11:18:50,17.2300,47,1
2026-04-27,601012,11:18:53,17.2300,35,1
2026-04-27,601012,11:18:57,17.2300,6,2
2026-04-27,601012,11:18:59,17.2300,2,2
2026-04-27,601012,11:19:02,17.2300,152,2
2026-04-27,601012,11:19:05,17.2300,36,2
2026-04-27,601012,11:19:08,17.2400,25,1
2026-04-27,601012,11:19:11,17.2300,30,2
