date,code,time,price,volume,bs
2026-03-25,601012,14:07:07,18.8300,340,2
2026-03-25,601012,14:07:10,18.8400,126,1
2026-03-25,601012,14:07:13,18.8300,321,2
2026-03-25,601012,14:07:16,18.8300,317,1
2026-03-25,601012,14:07:19,18.8400,166,1
2026-03-25,601012,14:07:22,18.8300,411,2
2026-03-25,601012,14:07:25,18.8300,191,2
2026-03-25,601012,14:07:28,18.8300,184,2
2026-03-25,601012,14:07:31,18.8400,330,1
2026-03-25,601012,14:07:34,18.8400,165,1
2026-03-25,601012,14:07:37,18.8400,258,1
2026-03-25,601012,14:07:40,18.8400,562,1
2026-03-25,601012,14:07:43,18.8400,37,1
2026-03-25,601012,14:07:46,18.8400,207,1
2026-03-25,601012,14:07:49,18.8400,68,1
2026-03-25,601012,14:07:52,18.8400,321,1
2026-03-25,601012,14:07:55,18.8400,358,1
2026-03-25,601012,14:07:58,18.8400,329,1
2026-03-25,601012,14:08:01,18.8400,283,1
2026-03-25,601012,14:08:04,18.8300,390,2
2026-03-25,601012,14:08:07,18.8400,1769,1
2026-03-25,601012,14:08:10,18.8400,243,1
2026-03-25,601012,14:08:13,18.8400,164,1
2026-03-25,601012,14:08:16,18.8400,235,1
2026-03-25,601012,14:08:19,18.8400,91,1
2026-03-25,601012,14:08:22,18.8400,129,1
2026-03-25,601012,14:08:25,18.8400,321,1
2026-03-25,601012,14:08:28,18.8400,1162,1
2026-03-25,601012,14:08:31,18.8400,207,1
2026-03-25,601012,14:08:34,18.8300,152,2
2026-03-25,601012,14:08:37,18.8400,336,1
2026-03-25,601012,14:08:40,18.8300,169,2
2026-03-25,601012,14:08:43,18.8300,1465,2
2026-03-25,601012,14:08:46,18.8300,190,1
2026-03-25,601012,14:08:49,18.8300,274,1
2026-03-25,601012,14:08:52,18.8300,305,1
2026-03-25,601012,14:08:55,18.8300,326,1
2026-03-25,601012,14:08:58,18.8200,119,2
2026-03-25,601012,14:09:01,18.8200,188,2
2026-03-25,601012,14:09:04,18.8200,107,2
2026-03-25,601012,14:09:07,18.8200,185,2
2026-03-25,601012,14:09:10,18.8300,215,1
2026-03-25,601012,14:09:13,18.8300,258,1
2026-03-25,601012,14:09:16,18.8200,5269,2
2026-03-25,601012,14:09:19,18.8200,425,1
2026-03-25,601012,14:09:22,18.8200,218,2
2026-03-25,601012,14:09:25,18.8200,240,2
2026-03-25,601012,14:09:28,18.8300,92,1
2026-03-25,601012,14:09:31,18.8200,365,2
2026-03-25,601012,14:09:34,18.8200,313,2
2026-03-25,601012,14:09:37,18.8300,400,1
2026-03-25,601012,14:09:40,18.8200,317,2
2026-03-25,601012,14:09:43,18.8200,210,2
2026-03-25,601012,14:09:46,18.8300,162,1
2026-03-25,601012,14:09:49,18.8200,288,2
2026-03-25,601012,14:09:52,18.8200,161,2
2026-03-25,601012,14:09:55,18.8300,202,1
2026-03-25,601012,14:09:58,18.8300,111,1
2026-03-25,601012,14:10:01,18.8200,538,2
2026-03-25,601012,14:10:04,18.8200,58,2
2026-03-25,601012,14:10:07,18.8300,68,1
2026-03-25,601012,14:10:10,18.8300,803,1
2026-03-25,601012,14:10:13,18.8300,202,1
2026-03-25,601012,14:10:16,18.8300,195,1
2026-03-25,601012,14:10:19,18.8200,427,2
2026-03-25,601012,14:10:22,18.8300,155,1
2026-03-25,601012,14:10:25,18.8200,203,2
2026-03-25,601012,14:10:28,18.8300,119,1
2026-03-25,601012,14:10:31,18.8200,135,2
2026-03-25,601012,14:10:34,18.8200,456,2
2026-03-25,601012,14:10:37,18.8200,120,2
2026-03-25,601012,14:10:40,18.8200,127,2
2026-03-25,601012,14:10:43,18.8300,199,1
2026-03-25,601012,14:10:46,18.8200,197,2
2026-03-25,601012,14:10:49,18.8300,98,1
2026-03-25,601012,14:10:52,18.8300,3229,1
2026-03-25,601012,14:10:55,18.8200,513,2
2026-03-25,601012,14:10:58,18.8200,372,2
2026-03-25,601012,14:11:01,18.8300,429,1
2026-03-25,601012,14:11:04,18.8200,516,2
2026-03-25,601012,14:11:07,18.8200,465,2
2026-03-25,601012,14:11:10,18.8200,322,1
2026-03-25,601012,14:11:13,18.8100,206,2
2026-03-25,601012,14:11:16,18.8200,372,1
2026-03-25,601012,14:11:19,18.8100,115,2
2026-03-25,601012,14:11:22,18.8200,267,1
2026-03-25,601012,14:11:25,18.8200,401,1
2026-03-25,601012,14:11:28,18.8200,365,1
2026-03-25,601012,14:11:31,18.8200,110,1
2026-03-25,601012,14:11:34,18.8200,868,1
2026-03-25,601012,14:11:37,18.8100,134,2
2026-03-25,601012,14:11:40,18.8200,340,1
2026-03-25,601012,14:11:43,18.8100,221,2
2026-03-25,601012,14:11:46,18.8100,286,2
2026-03-25,601012,14:11:49,18.8200,237,1
2026-03-25,601012,14:11:52,18.8100,185,2
2026-03-25,601012,14:11:55,18.8200,173,4
2026-03-25,601012,14:11:58,18.8300,180,1
2026-03-25,601012,14:12:01,18.8200,255,2
2026-03-25,601012,14:12:04,18.8200,136,1
2026-03-25,601012,14:12:07,18.8200,227,1
2026-03-25,601012,14:12:10,18.8100,351,2
2026-03-25,601012,14:12:13,18.8300,2592,1
2026-03-25,601012,14:12:16,18.8200,230,2
2026-03-25,601012,14:12:19,18.8200,203,1
2026-03-25,601012,14:12:22,18.8200,149,1
2026-03-25,601012,14:12:25,18.8100,155,2
2026-03-25,601012,14:12:28,18.8100,4409,2
2026-03-25,601012,14:12:31,18.8200,1355,1
2026-03-25,601012,14:12:34,18.8100,651,2
2026-03-25,601012,14:12:37,18.8200,3584,1
2026-03-25,601012,14:12:40,18.8200,387,1
2026-03-25,601012,14:12:43,18.8200,643,1
2026-03-25,601012,14:12:46,18.8100,376,2
2026-03-25,601012,14:12:49,18.8100,157,2
2026-03-25,601012,14:12:52,18.8100,105,2
2026-03-25,601012,14:12:55,18.8100,687,2
2026-03-25,601012,14:12:58,18.8100,523,2
2026-03-25,601012,14:13:01,18.8100,240,2
2026-03-25,601012,14:13:04,18.8100,336,2
2026-03-25,601012,14:13:07,18.8000,1289,2
2026-03-25,601012,14:13:10,18.8000,525,2
2026-03-25,601012,14:13:13,18.8000,284,2
2026-03-25,601012,14:13:16,18.8000,921,2
2026-03-25,601012,14:13:19,18.8000,1938,2
2026-03-25,601012,14:13:22,18.8000,7688,2
2026-03-25,601012,14:13:25,18.8000,625,2
2026-03-25,601012,14:13:28,18.8000,695,2
2026-03-25,601012,14:13:31,18.8100,909,1
2026-03-25,601012,14:13:34,18.8000,526,2
2026-03-25,601012,14:13:37,18.8000,1414,2
2026-03-25,601012,14:13:40,18.7800,13178,2
2026-03-25,601012,14:13:43,18.7800,711,2
2026-03-25,601012,14:13:46,18.7900,571,1
2026-03-25,601012,14:13:49,18.7900,433,1
2026-03-25,601012,14:13:52,18.7800,714,2
2026-03-25,601012,14:13:55,18.7800,727,2
2026-03-25,601012,14:13:58,18.7800,361,2
2026-03-25,601012,14:14:01,18.7800,203,2
2026-03-25,601012,14:14:04,18.7800,1155,2
2026-03-25,601012,14:14:07,18.7800,536,2
2026-03-25,601012,14:14:10,18.7800,537,2
2026-03-25,601012,14:14:13,18.7800,856,2
2026-03-25,601012,14:14:16,18.7800,527,2
2026-03-25,601012,14:14:19,18.7800,251,2
2026-03-25,601012,14:14:22,18.7700,978,2
2026-03-25,601012,14:14:25,18.7700,417,2
2026-03-25,601012,14:14:28,18.7700,233,2
2026-03-25,601012,14:14:31,18.7700,422,2
2026-03-25,601012,14:14:34,18.7700,585,2
2026-03-25,601012,14:14:37,18.7800,650,1
2026-03-25,601012,14:14:40,18.7800,376,1
2026-03-25,601012,14:14:43,18.7800,331,1
2026-03-25,601012,14:14:46,18.7800,216,1
2026-03-25,601012,14:14:49,18.7800,652,2
2026-03-25,601012,14:14:52,18.7800,109,2
2026-03-25,601012,14:14:55,18.7800,143,2
2026-03-25,601012,14:14:58,18.7800,183,2
2026-03-25,601012,14:15:01,18.7800,245,2
2026-03-25,601012,14:15:04,18.7800,453,2
2026-03-25,601012,14:15:07,18.7800,426,2
2026-03-25,601012,14:15:10,18.7800,391,2
2026-03-25,601012,14:15:13,18.7900,517,1
2026-03-25,601012,14:15:16,18.7900,919,1
2026-03-25,601012,14:15:19,18.7900,156,1
2026-03-25,601012,14:15:22,18.7800,2247,2
2026-03-25,601012,14:15:25,18.7800,485,1
2026-03-25,601012,14:15:28,18.7700,192,2
2026-03-25,601012,14:15:31,18.7800,271,1
2026-03-25,601012,14:15:34,18.7800,585,1
2026-03-25,601012,14:15:37,18.7800,281,2
2026-03-25,601012,14:15:40,18.7900,337,1
2026-03-25,601012,14:15:43,18.7900,754,1
2026-03-25,601012,14:15:46,18.7800,388,2
2026-03-25,601012,14:15:49,18.7900,341,1
2026-03-25,601012,14:15:52,18.7900,232,1
2026-03-25,601012,14:15:55,18.7900,359,1
2026-03-25,601012,14:15:58,18.7900,472,1
2026-03-25,601012,14:16:01,18.7800,247,2
2026-03-25,601012,14:16:04,18.7900,363,1
2026-03-25,601012,14:16:07,18.7900,200,1
2026-03-25,601012,14:16:10,18.7900,128,1
2026-03-25,601012,14:16:13,18.7900,195,1
2026-03-25,601012,14:16:16,18.7800,422,2
2026-03-25,601012,14:16:19,18.7900,926,1
2026-03-25,601012,14:16:22,18.7800,217,2
2026-03-25,601012,14:16:25,18.7900,995,1
2026-03-25,601012,14:16:28,18.7900,531,2
2026-03-25,601012,14:16:31,18.7900,142,1
2026-03-25,601012,14:16:34,18.7900,124,1
2026-03-25,601012,14:16:37,18.7900,168,1
2026-03-25,601012,14:16:40,18.7900,199,2
2026-03-25,601012,14:16:43,18.7900,402,2
2026-03-25,601012,14:16:46,18.7900,141,1
2026-03-25,601012,14:16:49,18.7900,413,1
2026-03-25,601012,14:16:52,18.7900,74,2
2026-03-25,601012,14:16:55,18.8000,576,1
2026-03-25,601012,14:16:58,18.8000,93,1
2026-03-25,601012,14:17:01,18.8000,339,1
2026-03-25,601012,14:17:04,18.8000,353,1
2026-03-25,601012,14:17:07,18.8000,138,1
2026-03-25,601012,14:17:10,18.8000,279,1
2026-03-25,601012,14:17:13,18.8000,270,1
2026-03-25,601012,14:17:16,18.8000,173,1
2026-03-25,601012,14:17:19,18.7900,113,2
2026-03-25,601012,14:17:22,18.7900,140,2
2026-03-25,601012,14:17:25,18.8000,243,1
2026-03-25,601012,14:17:28,18.8000,459,1
2026-03-25,601012,14:17:31,18.8000,992,1
2026-03-25,601012,14:17:34,18.8000,414,1
2026-03-25,601012,14:17:37,18.8000,524,1
2026-03-25,601012,14:17:40,18.8000,561,1
2026-03-25,601012,14:17:43,18.8000,1206,1
2026-03-25,601012,14:17:46,18.8100,73,1
2026-03-25,601012,14:17:49,18.8000,150,2
2026-03-25,601012,14:17:52,18.8000,379,2
2026-03-25,601012,14:17:55,18.8100,262,1
2026-03-25,601012,14:17:58,18.8100,193,1
2026-03-25,601012,14:18:01,18.8100,200,1
2026-03-25,601012,14:18:04,18.8200,822,1
2026-03-25,601012,14:18:07,18.8300,1504,1
2026-03-25,601012,14:18:10,18.8300,347,1
2026-03-25,601012,14:18:13,18.8300,279,1
2026-03-25,601012,14:18:16,18.8400,175,1
2026-03-25,601012,14:18:19,18.8400,68,1
2026-03-25,601012,14:18:22,18.8400,234,1
2026-03-25,601012,14:18:25,18.8200,1475,2
2026-03-25,601012,14:18:28,18.8300,357,1
2026-03-25,601012,14:18:31,18.8200,652,2
2026-03-25,601012,14:18:34,18.8300,535,1
2026-03-25,601012,14:18:37,18.8300,87,1
2026-03-25,601012,14:18:40,18.8200,263,2
2026-03-25,601012,14:18:43,18.8200,295,2
2026-03-25,601012,14:18:46,18.8300,161,1
2026-03-25,601012,14:18:49,18.8300,356,1
2026-03-25,601012,14:18:52,18.8300,266,1
2026-03-25,601012,14:18:55,18.8300,175,1
2026-03-25,601012,14:18:58,18.8300,41,2
2026-03-25,601012,14:19:01,18.8400,335,1
2026-03-25,601012,14:19:04,18.8400,289,1
2026-03-25,601012,14:19:07,18.8300,451,2
2026-03-25,601012,14:19:10,18.8300,1328,1
2026-03-25,601012,14:19:13,18.8300,392,2
2026-03-25,601012,14:19:16,18.8400,76,1
2026-03-25,601012,14:19:19,18.8300,75,2
2026-03-25,601012,14:19:22,18.8400,567,1
2026-03-25,601012,14:19:25,18.8300,49,2
2026-03-25,601012,14:19:28,18.8300,49,2
2026-03-25,601012,14:19:31,18.8300,447,2
2026-03-25,601012,14:19:34,18.8400,153,1
2026-03-25,601012,14:19:37,18.8400,198,1
2026-03-25,601012,14:19:40,18.8400,257,1
2026-03-25,601012,14:19:43,18.8400,92,1
2026-03-25,601012,14:19:46,18.8400,88,1
2026-03-25,601012,14:19:49,18.8400,153,1
2026-03-25,601012,14:19:52,18.8400,137,1
2026-03-25,601012,14:19:55,18.8400,133,1
2026-03-25,601012,14:19:58,18.8400,439,1
2026-03-25,601012,14:20:01,18.8400,411,1
2026-03-25,601012,14:20:04,18.8300,385,2
2026-03-25,601012,14:20:07,18.8200,1487,2
2026-03-25,601012,14:20:10,18.8300,459,1
2026-03-25,601012,14:20:13,18.8200,331,2
2026-03-25,601012,14:20:16,18.8200,540,2
2026-03-25,601012,14:20:19,18.8200,115,2
2026-03-25,601012,14:20:22,18.8200,58,1
2026-03-25,601012,14:20:25,18.8200,88,1
2026-03-25,601012,14:20:28,18.8200,86,1
2026-03-25,601012,14:20:31,18.8200,739,1
2026-03-25,601012,14:20:34,18.8200,891,2
2026-03-25,601012,14:20:37,18.8200,125,2
2026-03-25,601012,14:20:40,18.8100,59,2
2026-03-25,601012,14:20:43,18.8200,29,1
2026-03-25,601012,14:20:46,18.8100,147,2
2026-03-25,601012,14:20:49,18.8200,25,1
2026-03-25,601012,14:20:52,18.8100,102,2
2026-03-25,601012,14:20:55,18.8100,208,2
2026-03-25,601012,14:20:58,18.8100,113,2
2026-03-25,601012,14:21:01,18.8100,76,2
2026-03-25,601012,14:21:04,18.8200,88,1
2026-03-25,601012,14:21:07,18.8200,198,1
2026-03-25,601012,14:21:10,18.8100,288,2
2026-03-25,601012,14:21:13,18.8200,260,1
2026-03-25,601012,14:21:16,18.8200,202,1
2026-03-25,601012,14:21:19,18.8200,59,1
2026-03-25,601012,14:21:22,18.8200,108,1
2026-03-25,601012,14:21:25,18.8200,29,2
2026-03-25,601012,14:21:28,18.8200,202,2
2026-03-25,601012,14:21:31,18.8200,129,2
2026-03-25,601012,14:21:34,18.8300,60,1
2026-03-25,601012,14:21:37,18.8300,41,1
2026-03-25,601012,14:21:40,18.8300,67,1
2026-03-25,601012,14:21:43,18.8200,52,2
2026-03-25,601012,14:21:46,18.8200,345,2
2026-03-25,601012,14:21:49,18.8300,109,1
2026-03-25,601012,14:21:52,18.8300,165,1
2026-03-25,601012,14:21:55,18.8300,244,1
2026-03-25,601012,14:21:58,18.8300,62,1
2026-03-25,601012,14:22:01,18.8300,73,1
2026-03-25,601012,14:22:04,18.8300,182,1
2026-03-25,601012,14:22:07,18.8300,805,1
2026-03-25,601012,14:22:10,18.8300,69,2
2026-03-25,601012,14:22:13,18.8300,155,2
2026-03-25,601012,14:22:16,18.8300,460,2
2026-03-25,601012,14:22:19,18.8300,118,2
2026-03-25,601012,14:22:22,18.8400,472,1
2026-03-25,601012,14:22:25,18.8300,17,2
2026-03-25,601012,14:22:28,18.8300,121,2
2026-03-25,601012,14:22:31,18.8400,314,1
2026-03-25,601012,14:22:34,18.8300,194,2
2026-03-25,601012,14:22:37,18.8400,189,1
2026-03-25,601012,14:22:40,18.8400,117,1
2026-03-25,601012,14:22:43,18.8300,144,2
2026-03-25,601012,14:22:46,18.8400,609,1
2026-03-25,601012,14:22:49,18.8400,88,2
2026-03-25,601012,14:22:52,18.8400,71,2
2026-03-25,601012,14:22:55,18.8400,99,2
2026-03-25,601012,14:22:58,18.8500,200,1
2026-03-25,601012,14:23:01,18.8500,100,1
2026-03-25,601012,14:23:04,18.8400,138,2
2026-03-25,601012,14:23:07,18.8500,360,1
2026-03-25,601012,14:23:10,18.8500,111,1
2026-03-25,601012,14:23:13,18.8500,2300,1
2026-03-25,601012,14:23:16,18.8500,75,1
2026-03-25,601012,14:23:19,18.8500,191,1
2026-03-25,601012,14:23:22,18.8500,161,1
2026-03-25,601012,14:23:25,18.8500,335,1
2026-03-25,601012,14:23:28,18.8400,306,2
2026-03-25,601012,14:23:31,18.8400,314,1
2026-03-25,601012,14:23:34,18.8400,321,1
2026-03-25,601012,14:23:37,18.8400,175,1
2026-03-25,601012,14:23:40,18.8400,463,1
2026-03-25,601012,14:23:43,18.8400,166,1
2026-03-25,601012,14:23:46,18.8400,275,1
2026-03-25,601012,14:23:49,18.8400,108,1
2026-03-25,601012,14:23:52,18.8300,270,2
2026-03-25,601012,14:23:55,18.8400,213,1
2026-03-25,601012,14:23:58,18.8400,237,1
2026-03-25,601012,14:24:01,18.8300,566,2
2026-03-25,601012,14:24:04,18.8300,716,2
2026-03-25,601012,14:24:07,18.8300,285,1
2026-03-25,601012,14:24:10,18.8300,224,1
2026-03-25,601012,14:24:13,18.8300,439,1
2026-03-25,601012,14:24:16,18.8300,123,1
2026-03-25,601012,14:24:19,18.8300,242,1
2026-03-25,601012,14:24:22,18.8300,250,1
2026-03-25,601012,14:24:25,18.8300,62,2
2026-03-25,601012,14:24:28,18.8300,95,1
2026-03-25,601012,14:24:31,18.8300,42,1
2026-03-25,601012,14:24:34,18.8300,12,2
2026-03-25,601012,14:24:37,18.8300,206,2
2026-03-25,601012,14:24:40,18.8300,560,2
2026-03-25,601012,14:24:43,18.8300,125,1
2026-03-25,601012,14:24:46,18.8200,499,2
2026-03-25,601012,14:24:49,18.8300,68,1
2026-03-25,601012,14:24:52,18.8200,402,2
2026-03-25,601012,14:24:55,18.8200,1667,2
2026-03-25,601012,14:24:58,18.8100,707,2
2026-03-25,601012,14:25:01,18.8200,74,1
2026-03-25,601012,14:25:04,18.8100,133,2
2026-03-25,601012,14:25:07,18.8200,89,1
2026-03-25,601012,14:25:10,18.8200,338,1
2026-03-25,601012,14:25:13,18.8100,204,2
2026-03-25,601012,14:25:16,18.8100,17,2
2026-03-25,601012,14:25:19,18.8200,223,1
2026-03-25,601012,14:25:22,18.8200,69,1
2026-03-25,601012,14:25:25,18.8200,167,1
2026-03-25,601012,14:25:28,18.8200,165,1
2026-03-25,601012,14:25:31,18.8200,47,1
2026-03-25,601012,14:25:34,18.8100,300,2
2026-03-25,601012,14:25:37,18.8100,660,2
2026-03-25,601012,14:25:40,18.8200,56,1
2026-03-25,601012,14:25:43,18.8200,229,1
2026-03-25,601012,14:25:46,18.8100,122,2
2026-03-25,601012,14:25:49,18.8100,194,2
2026-03-25,601012,14:25:52,18.8100,127,2
2026-03-25,601012,14:25:55,18.8100,90,2
2026-03-25,601012,14:25:58,18.8200,206,1
2026-03-25,601012,14:26:01,18.8200,88,1
2026-03-25,601012,14:26:04,18.8200,156,1
2026-03-25,601012,14:26:07,18.8100,125,2
2026-03-25,601012,14:26:10,18.8100,33,2
2026-03-25,601012,14:26:13,18.8200,263,1
2026-03-25,601012,14:26:16,18.8200,119,1
2026-03-25,601012,14:26:19,18.8300,2704,1
2026-03-25,601012,14:26:22,18.8200,179,2
2026-03-25,601012,14:26:25,18.8200,220,2
2026-03-25,601012,14:26:28,18.8300,291,1
2026-03-25,601012,14:26:31,18.8300,887,1
2026-03-25,601012,14:26:34,18.8300,91,4
2026-03-25,601012,14:26:37,18.8400,106,1
2026-03-25,601012,14:26:40,18.8300,1049,2
2026-03-25,601012,14:26:43,18.8400,142,1
2026-03-25,601012,14:26:46,18.8400,431,1
2026-03-25,601012,14:26:49,18.8300,211,2
2026-03-25,601012,14:26:52,18.8400,202,1
2026-03-25,601012,14:26:55,18.8300,95,2
2026-03-25,601012,14:26:58,18.8400,696,1
2026-03-25,601012,14:27:01,18.8400,704,2
2026-03-25,601012,14:27:04,18.8400,319,1
2026-03-25,601012,14:27:07,18.8400,239,1
2026-03-25,601012,14:27:10,18.8300,199,2
2026-03-25,601012,14:27:13,18.8400,141,1
2026-03-25,601012,14:27:16,18.8400,464,1
2026-03-25,601012,14:27:19,18.8400,98,1
2026-03-25,601012,14:27:22,18.8400,121,1
2026-03-25,601012,14:27:25,18.8300,85,2
2026-03-25,601012,14:27:28,18.8400,114,1
2026-03-25,601012,14:27:31,18.8400,112,1
2026-03-25,601012,14:27:34,18.8400,62,1
2026-03-25,601012,14:27:37,18.8400,69,1
2026-03-25,601012,14:27:40,18.8300,127,2
2026-03-25,601012,14:27:43,18.8400,60,1
2026-03-25,601012,14:27:46,18.8400,228,1
2026-03-25,601012,14:27:49,18.8400,266,1
2026-03-25,601012,14:27:52,18.8300,590,2
2026-03-25,601012,14:27:55,18.8300,107,2
2026-03-25,601012,14:27:58,18.8300,48,2
2026-03-25,601012,14:28:01,18.8400,191,1
2026-03-25,601012,14:28:04,18.8300,130,2
2026-03-25,601012,14:28:07,18.8400,124,1
2026-03-25,601012,14:28:10,18.8400,120,1
2026-03-25,601012,14:28:13,18.8400,162,2
2026-03-25,601012,14:28:16,18.8400,148,2
2026-03-25,601012,14:28:19,18.8400,200,2
2026-03-25,601012,14:28:22,18.8400,70,1
2026-03-25,601012,14:28:25,18.8400,78,1
2026-03-25,601012,14:28:28,18.8400,640,2
2026-03-25,601012,14:28:31,18.8500,444,1
2026-03-25,601012,14:28:34,18.8400,290,2
2026-03-25,601012,14:28:37,18.8400,420,2
2026-03-25,601012,14:28:40,18.8300,173,2
2026-03-25,601012,14:28:43,18.8400,72,1
2026-03-25,601012,14:28:46,18.8400,121,1
2026-03-25,601012,14:28:49,18.8400,112,1
2026-03-25,601012,14:28:52,18.8400,174,2
2026-03-25,601012,14:28:55,18.8500,175,1
2026-03-25,601012,14:28:58,18.8500,88,1
2026-03-25,601012,14:29:01,18.8500,101,1
2026-03-25,601012,14:29:04,18.8500,165,1
2026-03-25,601012,14:29:07,18.8500,237,1
2026-03-25,601012,14:29:10,18.8500,67,1
2026-03-25,601012,14:29:13,18.8400,157,2
2026-03-25,601012,14:29:16,18.8500,127,1
2026-03-25,601012,14:29:19,18.8500,154,1
2026-03-25,601012,14:29:22,18.8500,70,1
2026-03-25,601012,14:29:25,18.8500,150,1
2026-03-25,601012,14:29:28,18.8500,186,1
2026-03-25,601012,14:29:31,18.8400,181,2
2026-03-25,601012,14:29:34,18.8500,125,1
2026-03-25,601012,14:29:37,18.8500,69,1
2026-03-25,601012,14:29:40,18.8500,394,1
2026-03-25,601012,14:29:43,18.8400,116,2
2026-03-25,601012,14:29:46,18.8400,104,2
2026-03-25,601012,14:29:49,18.8400,43,2
2026-03-25,601012,14:29:52,18.8400,146,2
2026-03-25,601012,14:29:55,18.8400,318,2
2026-03-25,601012,14:29:58,18.8500,65,1
2026-03-25,601012,14:30:01,18.8500,177,1
2026-03-25,601012,14:30:04,18.8500,344,1
2026-03-25,601012,14:30:07,18.8500,148,1
2026-03-25,601012,14:30:10,18.8500,299,1
2026-03-25,601012,14:30:13,18.8500,175,2
2026-03-25,601012,14:30:16,18.8500,157,2
2026-03-25,601012,14:30:19,18.8500,230,1
2026-03-25,601012,14:30:22,18.8500,298,1
2026-03-25,601012,14:30:25,18.8500,320,1
2026-03-25,601012,14:30:28,18.8400,108,2
2026-03-25,601012,14:30:31,18.8500,64,1
2026-03-25,601012,14:30:34,18.8500,350,1
2026-03-25,601012,14:30:37,18.8500,87,1
2026-03-25,601012,14:30:40,18.8400,77,2
2026-03-25,601012,14:30:43,18.8500,156,1
2026-03-25,601012,14:30:46,18.8500,115,1
2026-03-25,601012,14:30:49,18.8500,157,1
2026-03-25,601012,14:30:52,18.8500,424,1
2026-03-25,601012,14:30:55,18.8500,845,1
2026-03-25,601012,14:30:58,18.8500,96,2
2026-03-25,601012,14:31:01,18.8500,103,2
2026-03-25,601012,14:31:04,18.8400,616,2
2026-03-25,601012,14:31:07,18.8500,166,1
2026-03-25,601012,14:31:10,18.8500,209,1
2026-03-25,601012,14:31:13,18.8500,134,1
2026-03-25,601012,14:31:16,18.8400,1327,2
2026-03-25,601012,14:31:19,18.8400,189,2
2026-03-25,601012,14:31:22,18.8400,250,2
2026-03-25,601012,14:31:25,18.8400,487,2
2026-03-25,601012,14:31:28,18.8400,399,2
2026-03-25,601012,14:31:31,18.8400,104,2
2026-03-25,601012,14:31:34,18.8400,175,2
2026-03-25,601012,14:31:37,18.8500,190,1
2026-03-25,601012,14:31:40,18.8400,101,2
2026-03-25,601012,14:31:43,18.8500,78,1
2026-03-25,601012,14:31:46,18.8400,74,2
2026-03-25,601012,14:31:49,18.8400,527,2
2026-03-25,601012,14:31:52,18.8500,178,1
2026-03-25,601012,14:31:55,18.8400,135,2
2026-03-25,601012,14:31:58,18.8400,261,2
2026-03-25,601012,14:32:01,18.8500,160,1
2026-03-25,601012,14:32:04,18.8400,150,2
2026-03-25,601012,14:32:07,18.8400,1009,2
2026-03-25,601012,14:32:10,18.8300,762,2
2026-03-25,601012,14:32:13,18.8400,98,1
2026-03-25,601012,14:32:16,18.8400,66,1
2026-03-25,601012,14:32:19,18.8400,298,1
2026-03-25,601012,14:32:22,18.8300,652,2
2026-03-25,601012,14:32:25,18.8400,220,1
2026-03-25,601012,14:32:28,18.8400,85,1
2026-03-25,601012,14:32:31,18.8400,419,1
2026-03-25,601012,14:32:34,18.8400,536,2
2026-03-25,601012,14:32:37,18.8400,496,1
2026-03-25,601012,14:32:40,18.8400,316,1
2026-03-25,601012,14:32:43,18.8400,178,1
2026-03-25,601012,14:32:46,18.8400,182,1
2026-03-25,601012,14:32:49,18.8400,269,1
2026-03-25,601012,14:32:52,18.8400,90,1
2026-03-25,601012,14:32:55,18.8300,180,2
2026-03-25,601012,14:32:58,18.8400,153,1
2026-03-25,601012,14:33:01,18.8400,1575,1
2026-03-25,601012,14:33:04,18.8500,97,1
2026-03-25,601012,14:33:07,18.8500,261,1
2026-03-25,601012,14:33:10,18.8500,131,1
2026-03-25,601012,14:33:13,18.8500,383,1
2026-03-25,601012,14:33:16,18.8500,61,1
2026-03-25,601012,14:33:19,18.8400,411,2
2026-03-25,601012,14:33:22,18.8500,56,1
2026-03-25,601012,14:33:25,18.8500,107,1
2026-03-25,601012,14:33:28,18.8500,90,1
2026-03-25,601012,14:33:31,18.8400,33,2
2026-03-25,601012,14:33:34,18.8500,385,1
2026-03-25,601012,14:33:37,18.8400,359,2
2026-03-25,601012,14:33:40,18.8500,186,1
2026-03-25,601012,14:33:43,18.8400,859,2
2026-03-25,601012,14:33:46,18.8400,305,2
2026-03-25,601012,14:33:49,18.8400,535,1
2026-03-25,601012,14:33:52,18.8400,240,2
2026-03-25,601012,14:33:55,18.8400,244,1
2026-03-25,601012,14:33:58,18.8400,121,1
2026-03-25,601012,14:34:01,18.8300,426,2
2026-03-25,601012,14:34:04,18.8300,95,2
2026-03-25,601012,14:34:07,18.8300,87,2
2026-03-25,601012,14:34:10,18.8300,158,2
2026-03-25,601012,14:34:13,18.8400,465,1
2026-03-25,601012,14:34:16,18.8400,103,2
2026-03-25,601012,14:34:19,18.8400,114,2
2026-03-25,601012,14:34:22,18.8400,63,1
2026-03-25,601012,14:34:25,18.8400,89,1
2026-03-25,601012,14:34:28,18.8400,85,1
2026-03-25,601012,14:34:31,18.8400,89,1
2026-03-25,601012,14:34:34,18.8500,221,1
2026-03-25,601012,14:34:37,18.8500,241,1
2026-03-25,601012,14:34:40,18.8500,252,1
2026-03-25,601012,14:34:43,18.8400,231,2
2026-03-25,601012,14:34:46,18.8400,148,2
2026-03-25,601012,14:34:49,18.8400,237,2
2026-03-25,601012,14:34:52,18.8400,184,2
2026-03-25,601012,14:34:55,18.8500,164,1
2026-03-25,601012,14:34:58,18.8400,135,2
2026-03-25,601012,14:35:01,18.8400,81,2
2026-03-25,601012,14:35:04,18.8400,64,2
2026-03-25,601012,14:35:07,18.8500,234,1
2026-03-25,601012,14:35:10,18.8400,237,2
2026-03-25,601012,14:35:13,18.8500,216,1
2026-03-25,601012,14:35:16,18.8400,607,2
2026-03-25,601012,14:35:19,18.8500,326,1
2026-03-25,601012,14:35:22,18.8400,491,2
2026-03-25,601012,14:35:25,18.8400,117,2
2026-03-25,601012,14:35:28,18.8500,604,1
2026-03-25,601012,14:35:31,18.8500,1753,1
2026-03-25,601012,14:35:34,18.8600,1043,1
2026-03-25,601012,14:35:37,18.8600,100,2
2026-03-25,601012,14:35:40,18.8700,951,1
2026-03-25,601012,14:35:43,18.8700,557,1
2026-03-25,601012,14:35:46,18.8700,341,1
2026-03-25,601012,14:35:49,18.8700,264,1
2026-03-25,601012,14:35:52,18.8700,344,1
2026-03-25,601012,14:35:55,18.8700,1185,2
2026-03-25,601012,14:35:58,18.8700,474,2
2026-03-25,601012,14:36:01,18.8600,536,2
2026-03-25,601012,14:36:04,18.8600,628,2
2026-03-25,601012,14:36:07,18.8400,514,2
2026-03-25,601012,14:36:10,18.8500,122,1
2026-03-25,601012,14:36:13,18.8500,53,1
2026-03-25,601012,14:36:16,18.8500,160,1
2026-03-25,601012,14:36:19,18.8500,254,1
2026-03-25,601012,14:36:22,18.8600,86,1
2026-03-25,601012,14:36:25,18.8500,70,2
2026-03-25,601012,14:36:28,18.8600,122,1
2026-03-25,601012,14:36:31,18.8500,26,2
2026-03-25,601012,14:36:34,18.8500,69,2
2026-03-25,601012,14:36:37,18.8500,206,2
2026-03-25,601012,14:36:40,18.8500,1305,2
2026-03-25,601012,14:36:43,18.8600,178,1
2026-03-25,601012,14:36:46,18.8600,79,1
2026-03-25,601012,14:36:49,18.8600,58,1
2026-03-25,601012,14:36:52,18.8600,151,1
2026-03-25,601012,14:36:55,18.8600,356,2
2026-03-25,601012,14:36:58,18.8600,134,2
2026-03-25,601012,14:37:01,18.8600,136,1
2026-03-25,601012,14:37:04,18.8600,109,1
2026-03-25,601012,14:37:07,18.8600,549,1
2026-03-25,601012,14:37:10,18.8600,277,1
2026-03-25,601012,14:37:13,18.8600,98,1
2026-03-25,601012,14:37:16,18.8500,379,2
2026-03-25,601012,14:37:19,18.8600,658,1
2026-03-25,601012,14:37:22,18.8600,383,1
2026-03-25,601012,14:37:25,18.8500,247,2
2026-03-25,601012,14:37:28,18.8600,128,1
2026-03-25,601012,14:37:31,18.8500,224,2
2026-03-25,601012,14:37:34,18.8500,776,2
2026-03-25,601012,14:37:37,18.8500,181,1
2026-03-25,601012,14:37:40,18.8500,165,1
2026-03-25,601012,14:37:43,18.8400,456,2
2026-03-25,601012,14:37:46,18.8500,180,1
2026-03-25,601012,14:37:49,18.8500,264,2
2026-03-25,601012,14:37:52,18.8600,33,1
2026-03-25,601012,14:37:55,18.8500,2192,2
2026-03-25,601012,14:37:58,18.8500,298,2
2026-03-25,601012,14:38:01,18.8500,230,2
2026-03-25,601012,14:38:04,18.8500,74,1
2026-03-25,601012,14:38:07,18.8600,221,1
2026-03-25,601012,14:38:10,18.8500,99,2
2026-03-25,601012,14:38:13,18.8500,85,2
2026-03-25,601012,14:38:16,18.8600,263,1
2026-03-25,601012,14:38:19,18.8400,89,2
2026-03-25,601012,14:38:22,18.8500,122,1
2026-03-25,601012,14:38:25,18.8500,22,1
2026-03-25,601012,14:38:28,18.8400,175,2
2026-03-25,601012,14:38:31,18.8500,426,1
2026-03-25,601012,14:38:34,18.8500,230,1
2026-03-25,601012,14:38:37,18.8400,143,2
2026-03-25,601012,14:38:40,18.8500,63,1
2026-03-25,601012,14:38:43,18.8500,174,1
2026-03-25,601012,14:38:46,18.8400,640,2
2026-03-25,601012,14:38:49,18.8400,373,2
2026-03-25,601012,14:38:52,18.8500,187,1
2026-03-25,601012,14:38:55,18.8400,132,2
2026-03-25,601012,14:38:58,18.8500,83,1
2026-03-25,601012,14:39:01,18.8500,835,1
2026-03-25,601012,14:39:04,18.8500,177,1
2026-03-25,601012,14:39:07,18.8400,119,2
2026-03-25,601012,14:39:10,18.8500,185,1
2026-03-25,601012,14:39:13,18.8400,73,2
2026-03-25,601012,14:39:16,18.8400,177,2
2026-03-25,601012,14:39:19,18.8500,264,1
2026-03-25,601012,14:39:22,18.8400,119,2
2026-03-25,601012,14:39:25,18.8500,238,1
2026-03-25,601012,14:39:28,18.8500,361,1
2026-03-25,601012,14:39:31,18.8500,149,1
2026-03-25,601012,14:39:34,18.8300,2046,2
2026-03-25,601012,14:39:37,18.8300,183,2
2026-03-25,601012,14:39:40,18.8400,131,1
2026-03-25,601012,14:39:43,18.8400,21,1
2026-03-25,601012,14:39:46,18.8300,133,2
2026-03-25,601012,14:39:49,18.8400,171,1
2026-03-25,601012,14:39:52,18.8300,202,2
2026-03-25,601012,14:39:55,18.8300,134,2
2026-03-25,601012,14:39:58,18.8400,212,1
2026-03-25,601012,14:40:01,18.8400,1030,1
2026-03-25,601012,14:40:04,18.8400,519,2
2026-03-25,601012,14:40:07,18.8400,159,2
2026-03-25,601012,14:40:10,18.8500,96,1
2026-03-25,601012,14:40:13,18.8400,352,2
2026-03-25,601012,14:40:16,18.8400,579,2
2026-03-25,601012,14:40:19,18.8400,546,2
2026-03-25,601012,14:40:22,18.8500,131,1
2026-03-25,601012,14:40:25,18.8400,480,2
2026-03-25,601012,14:40:28,18.8400,276,1
2026-03-25,601012,14:40:31,18.8400,315,1
2026-03-25,601012,14:40:34,18.8400,98,1
2026-03-25,601012,14:40:37,18.8400,294,1
2026-03-25,601012,14:40:40,18.8400,417,1
2026-03-25,601012,14:40:43,18.8400,197,1
2026-03-25,601012,14:40:46,18.8400,562,1
2026-03-25,601012,14:40:49,18.8400,340,1
2026-03-25,601012,14:40:52,18.8400,570,1
2026-03-25,601012,14:40:55,18.8400,762,2
2026-03-25,601012,14:40:58,18.8400,1222,2
2026-03-25,601012,14:41:01,18.8400,135,2
2026-03-25,601012,14:41:04,18.8500,289,1
2026-03-25,601012,14:41:07,18.8500,186,1
2026-03-25,601012,14:41:10,18.8500,40,1
2026-03-25,601012,14:41:13,18.8500,86,1
2026-03-25,601012,14:41:16,18.8500,147,1
2026-03-25,601012,14:41:19,18.8500,199,1
2026-03-25,601012,14:41:22,18.8500,155,1
2026-03-25,601012,14:41:25,18.8400,194,2
2026-03-25,601012,14:41:28,18.8400,54,2
2026-03-25,601012,14:41:31,18.8400,547,2
2026-03-25,601012,14:41:34,18.8400,718,2
2026-03-25,601012,14:41:37,18.8400,358,2
2026-03-25,601012,14:41:40,18.8400,156,2
2026-03-25,601012,14:41:43,18.8400,154,2
2026-03-25,601012,14:41:46,18.8400,184,2
2026-03-25,601012,14:41:49,18.8400,81,2
2026-03-25,601012,14:41:52,18.8500,225,1
2026-03-25,601012,14:41:55,18.8400,211,2
2026-03-25,601012,14:41:58,18.8500,85,1
2026-03-25,601012,14:42:01,18.8500,209,1
2026-03-25,601012,14:42:04,18.8500,297,1
2026-03-25,601012,14:42:07,18.8500,327,1
2026-03-25,601012,14:42:10,18.8500,260,1
2026-03-25,601012,14:42:13,18.8500,2242,1
2026-03-25,601012,14:42:16,18.8500,302,1
2026-03-25,601012,14:42:19,18.8500,193,2
2026-03-25,601012,14:42:22,18.8500,568,2
2026-03-25,601012,14:42:25,18.8500,219,2
2026-03-25,601012,14:42:28,18.8500,124,2
2026-03-25,601012,14:42:31,18.8600,459,1
2026-03-25,601012,14:42:34,18.8500,235,2
2026-03-25,601012,14:42:37,18.8600,172,1
2026-03-25,601012,14:42:40,18.8500,160,2
2026-03-25,601012,14:42:43,18.8600,197,1
2026-03-25,601012,14:42:46,18.8600,248,1
2026-03-25,601012,14:42:49,18.8600,253,1
2026-03-25,601012,14:42:52,18.8600,96,1
2026-03-25,601012,14:42:55,18.8600,121,1
2026-03-25,601012,14:42:58,18.8600,86,1
2026-03-25,601012,14:43:01,18.8600,279,1
2026-03-25,601012,14:43:04,18.8600,241,1
2026-03-25,601012,14:43:07,18.8600,510,1
2026-03-25,601012,14:43:10,18.8600,487,1
2026-03-25,601012,14:43:13,18.8600,1817,1
2026-03-25,601012,14:43:16,18.8600,1760,2
2026-03-25,601012,14:43:19,18.8500,371,2
2026-03-25,601012,14:43:22,18.8600,172,1
2026-03-25,601012,14:43:25,18.8500,882,2
2026-03-25,601012,14:43:28,18.8600,847,1
2026-03-25,601012,14:43:31,18.8600,286,1
2026-03-25,601012,14:43:34,18.8700,544,1
2026-03-25,601012,14:43:37,18.8600,218,2
2026-03-25,601012,14:43:40,18.8700,45,1
2026-03-25,601012,14:43:43,18.8600,304,2
2026-03-25,601012,14:43:46,18.8700,152,1
2026-03-25,601012,14:43:49,18.8600,140,2
2026-03-25,601012,14:43:52,18.8700,176,1
2026-03-25,601012,14:43:55,18.8700,195,1
2026-03-25,601012,14:43:58,18.8700,239,1
2026-03-25,601012,14:44:01,18.8700,316,1
2026-03-25,601012,14:44:04,18.8700,199,1
2026-03-25,601012,14:44:07,18.8700,251,1
2026-03-25,601012,14:44:10,18.8700,267,1
2026-03-25,601012,14:44:13,18.8600,649,2
2026-03-25,601012,14:44:16,18.8700,190,1
2026-03-25,601012,14:44:19,18.8700,234,1
2026-03-25,601012,14:44:22,18.8700,185,1
2026-03-25,601012,14:44:25,18.8700,110,1
2026-03-25,601012,14:44:28,18.8700,190,1
2026-03-25,601012,14:44:31,18.8600,436,2
2026-03-25,601012,14:44:34,18.8600,634,2
2026-03-25,601012,14:44:37,18.8600,169,2
2026-03-25,601012,14:44:40,18.8700,2934,1
2026-03-25,601012,14:44:43,18.8600,137,2
2026-03-25,601012,14:44:46,18.8700,264,1
2026-03-25,601012,14:44:49,18.8600,790,2
2026-03-25,601012,14:44:52,18.8600,440,1
2026-03-25,601012,14:44:55,18.8600,126,2
2026-03-25,601012,14:44:58,18.8600,201,1
2026-03-25,601012,14:45:01,18.8600,447,2
2026-03-25,601012,14:45:04,18.8700,583,1
2026-03-25,601012,14:45:07,18.8600,116,2
2026-03-25,601012,14:45:10,18.8700,603,1
2026-03-25,601012,14:45:13,18.8600,97,2
2026-03-25,601012,14:45:16,18.8700,182,1
2026-03-25,601012,14:45:19,18.8700,132,1
2026-03-25,601012,14:45:22,18.8600,99,2
2026-03-25,601012,14:45:25,18.8600,112,2
2026-03-25,601012,14:45:28,18.8700,209,1
2026-03-25,601012,14:45:31,18.8700,347,1
2026-03-25,601012,14:45:34,18.8700,71,1
2026-03-25,601012,14:45:37,18.8600,397,2
2026-03-25,601012,14:45:40,18.8700,318,1
2026-03-25,601012,14:45:43,18.8700,208,1
2026-03-25,601012,14:45:46,18.8700,332,1
2026-03-25,601012,14:45:49,18.8700,212,1
2026-03-25,601012,14:45:52,18.8600,123,2
2026-03-25,601012,14:45:55,18.8700,179,1
2026-03-25,601012,14:45:58,18.8700,851,1
2026-03-25,601012,14:46:01,18.8600,154,2
2026-03-25,601012,14:46:04,18.8700,256,1
2026-03-25,601012,14:46:07,18.8700,352,1
2026-03-25,601012,14:46:10,18.8700,321,1
2026-03-25,601012,14:46:13,18.8600,247,2
2026-03-25,601012,14:46:16,18.8700,1075,1
2026-03-25,601012,14:46:19,18.8700,149,1
2026-03-25,601012,14:46:22,18.8700,494,1
2026-03-25,601012,14:46:25,18.8700,363,1
2026-03-25,601012,14:46:28,18.8700,548,1
2026-03-25,601012,14:46:31,18.8700,181,1
2026-03-25,601012,14:46:34,18.8700,482,1
2026-03-25,601012,14:46:37,18.8700,232,1
2026-03-25,601012,14:46:40,18.8700,265,1
2026-03-25,601012,14:46:43,18.8700,276,1
2026-03-25,601012,14:46:46,18.8700,694,1
2026-03-25,601012,14:46:49,18.8700,301,1
2026-03-25,601012,14:46:52,18.8700,614,1
2026-03-25,601012,14:46:55,18.8600,284,2
2026-03-25,601012,14:46:58,18.8600,1209,2
2026-03-25,601012,14:47:01,18.8500,1764,2
2026-03-25,601012,14:47:04,18.8500,3308,2
2026-03-25,601012,14:47:07,18.8500,1703,2
2026-03-25,601012,14:47:10,18.8500,2879,2
2026-03-25,601012,14:47:13,18.8500,1597,1
2026-03-25,601012,14:47:16,18.8500,1113,1
2026-03-25,601012,14:47:19,18.8400,561,2
2026-03-25,601012,14:47:22,18.8500,859,1
2026-03-25,601012,14:47:25,18.8500,259,1
2026-03-25,601012,14:47:28,18.8400,1124,2
2026-03-25,601012,14:47:31,18.8500,331,1
2026-03-25,601012,14:47:34,18.8400,213,2
2026-03-25,601012,14:47:37,18.8500,601,1
2026-03-25,601012,14:47:40,18.8400,508,2
2026-03-25,601012,14:47:43,18.8300,275,2
2026-03-25,601012,14:47:46,18.8400,214,4
2026-03-25,601012,14:47:49,18.8400,253,2
2026-03-25,601012,14:47:52,18.8500,178,1
2026-03-25,601012,14:47:55,18.8400,774,2
2026-03-25,601012,14:47:58,18.8400,243,1
2026-03-25,601012,14:48:01,18.8400,342,2
2026-03-25,601012,14:48:04,18.8400,394,2
2026-03-25,601012,14:48:07,18.8400,275,2
2026-03-25,601012,14:48:10,18.8400,472,2
2026-03-25,601012,14:48:13,18.8500,1423,1
2026-03-25,601012,14:48:16,18.8500,596,1
2026-03-25,601012,14:48:19,18.8400,390,2
2026-03-25,601012,14:48:22,18.8500,406,1
2026-03-25,601012,14:48:25,18.8400,2960,2
2026-03-25,601012,14:48:28,18.8500,360,4
2026-03-25,601012,14:48:31,18.8500,215,2
2026-03-25,601012,14:48:34,18.8500,1279,2
2026-03-25,601012,14:48:37,18.8600,445,1
2026-03-25,601012,14:48:40,18.8500,883,2
2026-03-25,601012,14:48:43,18.8600,292,1
2026-03-25,601012,14:48:46,18.8500,289,2
2026-03-25,601012,14:48:49,18.8500,549,1
2026-03-25,601012,14:48:52,18.8500,372,1
2026-03-25,601012,14:48:55,18.8400,1642,2
2026-03-25,601012,14:48:58,18.8600,1948,1
2026-03-25,601012,14:49:01,18.8400,471,2
2026-03-25,601012,14:49:04,18.8400,739,2
2026-03-25,601012,14:49:07,18.8400,550,2
2026-03-25,601012,14:49:10,18.8500,337,1
2026-03-25,601012,14:49:13,18.8500,404,1
2026-03-25,601012,14:49:16,18.8400,279,2
2026-03-25,601012,14:49:19,18.8500,237,1
2026-03-25,601012,14:49:22,18.8400,472,2
2026-03-25,601012,14:49:25,18.8500,571,1
2026-03-25,601012,14:49:28,18.8400,416,2
2026-03-25,601012,14:49:31,18.8500,322,2
2026-03-25,601012,14:49:34,18.8400,306,2
2026-03-25,601012,14:49:37,18.8500,295,1
2026-03-25,601012,14:49:40,18.8400,302,2
2026-03-25,601012,14:49:43,18.8500,601,1
2026-03-25,601012,14:49:46,18.8500,1055,1
2026-03-25,601012,14:49:49,18.8400,615,2
2026-03-25,601012,14:49:52,18.8400,449,2
2026-03-25,601012,14:49:55,18.8500,453,1
2026-03-25,601012,14:49:58,18.8500,247,1
2026-03-25,601012,14:50:01,18.8400,605,2
2026-03-25,601012,14:50:04,18.8500,529,1
2026-03-25,601012,14:50:07,18.8500,682,1
2026-03-25,601012,14:50:10,18.8500,682,1
2026-03-25,601012,14:50:13,18.8500,565,1
2026-03-25,601012,14:50:16,18.8500,178,2
2026-03-25,601012,14:50:19,18.8500,276,1
2026-03-25,601012,14:50:22,18.8500,679,1
2026-03-25,601012,14:50:25,18.8500,629,1
2026-03-25,601012,14:50:28,18.8500,237,1
2026-03-25,601012,14:50:31,18.8500,351,1
2026-03-25,601012,14:50:34,18.8500,322,2
2026-03-25,601012,14:50:37,18.8500,353,2
2026-03-25,601012,14:50:40,18.8500,542,2
2026-03-25,601012,14:50:43,18.8500,226,1
2026-03-25,601012,14:50:46,18.8500,542,1
2026-03-25,601012,14:50:49,18.8400,402,2
2026-03-25,601012,14:50:52,18.8500,566,1
2026-03-25,601012,14:50:55,18.8400,467,2
2026-03-25,601012,14:50:58,18.8500,428,1
2026-03-25,601012,14:51:01,18.8500,365,2
2026-03-25,601012,14:51:04,18.8500,336,1
2026-03-25,601012,14:51:07,18.8500,298,1
2026-03-25,601012,14:51:10,18.8500,2502,1
2026-03-25,601012,14:51:13,18.8500,414,1
2026-03-25,601012,14:51:16,18.8500,3398,1
2026-03-25,601012,14:51:19,18.8400,397,2
2026-03-25,601012,14:51:22,18.8500,306,1
2026-03-25,601012,14:51:25,18.8400,1504,2
2026-03-25,601012,14:51:28,18.8500,340,1
2026-03-25,601012,14:51:31,18.8400,790,2
2026-03-25,601012,14:51:34,18.8500,416,1
2026-03-25,601012,14:51:37,18.8500,380,1
2026-03-25,601012,14:51:40,18.8500,621,1
2026-03-25,601012,14:51:43,18.8500,497,1
2026-03-25,601012,14:51:46,18.8400,493,2
2026-03-25,601012,14:51:49,18.8500,166,1
2026-03-25,601012,14:51:52,18.8500,201,1
2026-03-25,601012,14:51:55,18.8400,234,2
2026-03-25,601012,14:51:58,18.8500,439,1
2026-03-25,601012,14:52:01,18.8400,287,2
2026-03-25,601012,14:52:04,18.8500,370,1
2026-03-25,601012,14:52:07,18.8500,1093,1
2026-03-25,601012,14:52:10,18.8500,708,1
2026-03-25,601012,14:52:13,18.8500,572,1
2026-03-25,601012,14:52:16,18.8500,486,2
2026-03-25,601012,14:52:19,18.8500,424,2
2026-03-25,601012,14:52:22,18.8500,592,1
2026-03-25,601012,14:52:25,18.8500,844,1
2026-03-25,601012,14:52:28,18.8600,399,1
2026-03-25,601012,14:52:31,18.8500,348,2
2026-03-25,601012,14:52:34,18.8500,599,2
2026-03-25,601012,14:52:37,18.8500,519,2
2026-03-25,601012,14:52:40,18.8500,413,2
2026-03-25,601012,14:52:43,18.8500,494,2
2026-03-25,601012,14:52:46,18.8500,729,2
2026-03-25,601012,14:52:49,18.8600,664,1
2026-03-25,601012,14:52:52,18.8500,418,2
2026-03-25,601012,14:52:55,18.8500,224,1
2026-03-25,601012,14:52:58,18.8500,296,2
2026-03-25,601012,14:53:01,18.8500,375,1
2026-03-25,601012,14:53:04,18.8500,597,2
2026-03-25,601012,14:53:07,18.8500,331,2
2026-03-25,601012,14:53:10,18.8500,287,2
2026-03-25,601012,14:53:13,18.8500,266,2
2026-03-25,601012,14:53:16,18.8500,638,2
2026-03-25,601012,14:53:19,18.8500,693,2
2026-03-25,601012,14:53:22,18.8500,538,2
2026-03-25,601012,14:53:25,18.8500,362,2
2026-03-25,601012,14:53:28,18.8500,386,2
2026-03-25,601012,14:53:31,18.8600,359,1
2026-03-25,601012,14:53:34,18.8500,750,2
2026-03-25,601012,14:53:37,18.8500,400,2
2026-03-25,601012,14:53:40,18.8600,504,1
2026-03-25,601012,14:53:43,18.8500,1098,2
2026-03-25,601012,14:53:46,18.8600,601,1
2026-03-25,601012,14:53:49,18.8500,621,2
2026-03-25,601012,14:53:52,18.8600,975,1
2026-03-25,601012,14:53:55,18.8500,345,2
2026-03-25,601012,14:53:58,18.8500,827,2
2026-03-25,601012,14:54:01,18.8600,780,1
2026-03-25,601012,14:54:04,18.8600,485,1
2026-03-25,601012,14:54:07,18.8500,597,2
2026-03-25,601012,14:54:10,18.8500,507,2
2026-03-25,601012,14:54:13,18.8500,497,2
2026-03-25,601012,14:54:16,18.8600,800,1
2026-03-25,601012,14:54:19,18.8600,767,1
2026-03-25,601012,14:54:22,18.8600,357,1
2026-03-25,601012,14:54:25,18.8500,494,2
2026-03-25,601012,14:54:28,18.8600,334,1
2026-03-25,601012,14:54:31,18.8600,780,1
2026-03-25,601012,14:54:34,18.8600,1247,1
2026-03-25,601012,14:54:37,18.8600,1239,1
2026-03-25,601012,14:54:40,18.8600,758,1
2026-03-25,601012,14:54:43,18.8600,843,1
2026-03-25,601012,14:54:46,18.8500,445,2
2026-03-25,601012,14:54:49,18.8600,960,1
2026-03-25,601012,14:54:52,18.8600,718,1
2026-03-25,601012,14:54:55,18.8500,1012,2
2026-03-25,601012,14:54:58,18.8500,1574,2
2026-03-25,601012,14:55:01,18.8500,456,2
2026-03-25,601012,14:55:04,18.8500,714,2
2026-03-25,601012,14:55:07,18.8500,300,2
2026-03-25,601012,14:55:10,18.8600,839,1
2026-03-25,601012,14:55:13,18.8600,673,1
2026-03-25,601012,14:55:16,18.8600,730,1
2026-03-25,601012,14:55:19,18.8600,808,1
2026-03-25,601012,14:55:22,18.8500,557,2
2026-03-25,601012,14:55:25,18.8500,786,2
2026-03-25,601012,14:55:28,18.8600,1121,1
2026-03-25,601012,14:55:31,18.8500,895,2
2026-03-25,601012,14:55:34,18.8600,1879,1
2026-03-25,601012,14:55:37,18.8600,2160,2
2026-03-25,601012,14:55:40,18.8600,668,2
2026-03-25,601012,14:55:43,18.8600,789,1
2026-03-25,601012,14:55:46,18.8600,453,1
2026-03-25,601012,14:55:49,18.8600,361,1
2026-03-25,601012,14:55:52,18.8600,558,1
2026-03-25,601012,14:55:55,18.8600,568,1
2026-03-25,601012,14:55:58,18.8600,1360,1
2026-03-25,601012,14:56:01,18.8600,1697,1
2026-03-25,601012,14:56:04,18.8500,653,2
2026-03-25,601012,14:56:07,18.8600,526,1
2026-03-25,601012,14:56:10,18.8500,826,2
2026-03-25,601012,14:56:13,18.8600,873,1
2026-03-25,601012,14:56:16,18.8600,1469,1
2026-03-25,601012,14:56:19,18.8600,743,1
2026-03-25,601012,14:56:22,18.8600,610,2
2026-03-25,601012,14:56:25,18.8600,657,2
2026-03-25,601012,14:56:28,18.8700,2134,1
2026-03-25,601012,14:56:31,18.8600,1078,2
2026-03-25,601012,14:56:34,18.8800,986,1
2026-03-25,601012,14:56:37,18.8700,588,2
2026-03-25,601012,14:56:40,18.8700,1290,2
2026-03-25,601012,14:56:43,18.8800,618,1
2026-03-25,601012,14:56:46,18.8700,426,2
2026-03-25,601012,14:56:49,18.8800,711,1
2026-03-25,601012,14:56:52,18.8800,489,1
2026-03-25,601012,14:56:55,18.8800,702,1
2026-03-25,601012,14:56:58,18.8800,1835,1
2026-03-25,601012,14:57:01,18.8800,81,1
2026-03-25,601012,15:00:03,18.8900,26467,4
2026-03-25,601012,13:17:07,19.0700,1526,1
2026-03-25,601012,13:17:10,19.0800,368,1
2026-03-25,601012,13:17:13,19.0800,536,1
2026-03-25,601012,13:17:16,19.0800,1484,1
2026-03-25,601012,13:17:19,19.0800,2340,1
2026-03-25,601012,13:17:22,19.0800,986,1
2026-03-25,601012,13:17:25,19.0800,664,2
2026-03-25,601012,13:17:28,19.0800,649,2
2026-03-25,601012,13:17:31,19.0900,5908,1
2026-03-25,601012,13:17:34,19.1700,45880,1
2026-03-25,601012,13:17:37,19.1800,3996,1
2026-03-25,601012,13:17:40,19.1400,1449,2
2026-03-25,601012,13:17:43,19.1300,1697,2
2026-03-25,601012,13:17:46,19.1300,2149,2
2026-03-25,601012,13:17:49,19.1300,923,2
2026-03-25,601012,13:17:52,19.1400,863,1
2026-03-25,601012,13:17:55,19.1400,714,1
2026-03-25,601012,13:17:58,19.1500,1308,1
2026-03-25,601012,13:18:01,19.1500,1333,1
2026-03-25,601012,13:18:04,19.1500,1490,1
2026-03-25,601012,13:18:07,19.1500,1027,2
2026-03-25,601012,13:18:10,19.1600,807,1
2026-03-25,601012,13:18:13,19.1500,1484,2
2026-03-25,601012,13:18:16,19.1400,1185,2
2026-03-25,601012,13:18:19,19.1400,1066,1
2026-03-25,601012,13:18:22,19.1200,858,2
2026-03-25,601012,13:18:25,19.1100,905,2
2026-03-25,601012,13:18:28,19.1000,369,2
2026-03-25,601012,13:18:31,19.1100,429,1
2026-03-25,601012,13:18:34,19.1100,972,1
2026-03-25,601012,13:18:37,19.1100,407,1
2026-03-25,601012,13:18:40,19.1000,823,2
2026-03-25,601012,13:18:43,19.0900,1229,2
2026-03-25,601012,13:18:46,19.0700,730,2
2026-03-25,601012,13:18:49,19.0800,276,1
2026-03-25,601012,13:18:52,19.0800,498,1
2026-03-25,601012,13:18:55,19.0700,835,2
2026-03-25,601012,13:18:58,19.0900,1887,1
2026-03-25,601012,13:19:01,19.0900,629,2
2026-03-25,601012,13:19:04,19.0900,447,4
2026-03-25,601012,13:19:07,19.1000,883,1
2026-03-25,601012,13:19:10,19.0900,1043,2
2026-03-25,601012,13:19:13,19.1000,1975,1
2026-03-25,601012,13:19:16,19.1000,363,2
2026-03-25,601012,13:19:19,19.1100,1009,1
2026-03-25,601012,13:19:22,19.1000,1106,2
2026-03-25,601012,13:19:25,19.1000,716,1
2026-03-25,601012,13:19:28,19.1000,905,1
2026-03-25,601012,13:19:31,19.1000,648,1
2026-03-25,601012,13:19:34,19.1000,201,2
2026-03-25,601012,13:19:37,19.1000,542,2
2026-03-25,601012,13:19:40,19.1000,672,2
2026-03-25,601012,13:19:43,19.1000,408,2
2026-03-25,601012,13:19:46,19.1100,420,1
2026-03-25,601012,13:19:49,19.1100,779,2
2026-03-25,601012,13:19:52,19.1100,1409,2
2026-03-25,601012,13:19:55,19.1100,732,2
2026-03-25,601012,13:19:58,19.1100,1162,2
2026-03-25,601012,13:20:01,19.1100,557,1
2026-03-25,601012,13:20:04,19.1100,541,1
2026-03-25,601012,13:20:07,19.1100,252,1
2026-03-25,601012,13:20:10,19.1100,675,1
2026-03-25,601012,13:20:13,19.1100,592,1
2026-03-25,601012,13:20:16,19.1100,850,1
2026-03-25,601012,13:20:19,19.1000,414,2
2026-03-25,601012,13:20:22,19.1100,454,1
2026-03-25,601012,13:20:25,19.1000,213,2
2026-03-25,601012,13:20:28,19.1100,346,1
2026-03-25,601012,13:20:31,19.1100,403,2
2026-03-25,601012,13:20:34,19.1100,455,1
2026-03-25,601012,13:20:37,19.1100,719,1
2026-03-25,601012,13:20:40,19.1100,729,1
2026-03-25,601012,13:20:43,19.1000,303,2
2026-03-25,601012,13:20:46,19.1300,2982,1
2026-03-25,601012,13:20:49,19.1300,384,2
2026-03-25,601012,13:20:52,19.1300,101,2
2026-03-25,601012,13:20:55,19.1300,241,2
2026-03-25,601012,13:20:58,19.1300,715,2
2026-03-25,601012,13:21:01,19.1200,2728,2
2026-03-25,601012,13:21:04,19.1300,743,1
2026-03-25,601012,13:21:07,19.1300,558,2
2026-03-25,601012,13:21:10,19.1300,320,2
2026-03-25,601012,13:21:13,19.1300,821,2
2026-03-25,601012,13:21:16,19.1100,1104,2
2026-03-25,601012,13:21:19,19.1300,1761,1
2026-03-25,601012,13:21:22,19.1200,695,1
2026-03-25,601012,13:21:25,19.1200,231,2
2026-03-25,601012,13:21:28,19.1300,829,1
2026-03-25,601012,13:21:31,19.1300,393,1
2026-03-25,601012,13:21:34,19.1300,469,1
2026-03-25,601012,13:21:37,19.1300,116,1
2026-03-25,601012,13:21:40,19.1300,429,1
2026-03-25,601012,13:21:43,19.1300,191,1
2026-03-25,601012,13:21:46,19.1100,868,2
2026-03-25,601012,13:21:49,19.1200,186,1
2026-03-25,601012,13:21:52,19.1300,425,1
2026-03-25,601012,13:21:55,19.1200,260,2
2026-03-25,601012,13:21:58,19.1200,202,2
2026-03-25,601012,13:22:01,19.1200,337,2
2026-03-25,601012,13:22:04,19.1200,250,2
2026-03-25,601012,13:22:07,19.1200,964,2
2026-03-25,601012,13:22:10,19.1200,375,1
2026-03-25,601012,13:22:13,19.1100,59,2
2026-03-25,601012,13:22:16,19.1200,228,1
2026-03-25,601012,13:22:19,19.1100,212,2
2026-03-25,601012,13:22:22,19.1200,117,1
2026-03-25,601012,13:22:25,19.1100,252,2
2026-03-25,601012,13:22:28,19.1100,615,2
2026-03-25,601012,13:22:31,19.1100,296,2
2026-03-25,601012,13:22:34,19.1100,386,2
2026-03-25,601012,13:22:37,19.1100,3920,2
2026-03-25,601012,13:22:40,19.1100,1754,1
2026-03-25,601012,13:22:43,19.0800,2048,2
2026-03-25,601012,13:22:46,19.0800,279,1
2026-03-25,601012,13:22:49,19.0800,97,2
2026-03-25,601012,13:22:52,19.0800,250,1
2026-03-25,601012,13:22:55,19.0800,350,1
2026-03-25,601012,13:22:58,19.0700,450,2
2026-03-25,601012,13:23:01,19.0800,359,1
2026-03-25,601012,13:23:04,19.0700,154,2
2026-03-25,601012,13:23:07,19.0800,622,1
2026-03-25,601012,13:23:10,19.0800,158,2
2026-03-25,601012,13:23:13,19.0900,861,1
2026-03-25,601012,13:23:16,19.0900,539,2
2026-03-25,601012,13:23:19,19.0900,424,1
2026-03-25,601012,13:23:22,19.0900,107,4
2026-03-25,601012,13:23:25,19.0900,109,2
2026-03-25,601012,13:23:28,19.1000,1406,1
2026-03-25,601012,13:23:31,19.1000,199,1
2026-03-25,601012,13:23:34,19.1000,136,1
2026-03-25,601012,13:23:37,19.0900,429,2
2026-03-25,601012,13:23:40,19.0900,175,2
2026-03-25,601012,13:23:43,19.1000,268,1
2026-03-25,601012,13:23:46,19.1000,97,2
2026-03-25,601012,13:23:49,19.1000,379,2
2026-03-25,601012,13:23:52,19.1000,1226,2
2026-03-25,601012,13:23:55,19.1000,213,1
2026-03-25,601012,13:23:58,19.1000,477,1
2026-03-25,601012,13:24:01,19.0900,179,2
2026-03-25,601012,13:24:04,19.1000,222,1
2026-03-25,601012,13:24:07,19.0900,672,2
2026-03-25,601012,13:24:10,19.0900,1557,2
2026-03-25,601012,13:24:13,19.0800,1689,2
2026-03-25,601012,13:24:16,19.0800,76,1
2026-03-25,601012,13:24:19,19.0800,541,1
2026-03-25,601012,13:24:22,19.0800,124,1
2026-03-25,601012,13:24:25,19.0600,182,2
2026-03-25,601012,13:24:28,19.0700,222,1
2026-03-25,601012,13:24:31,19.0700,244,1
2026-03-25,601012,13:24:34,19.0700,299,1
2026-03-25,601012,13:24:37,19.0600,219,2
2026-03-25,601012,13:24:40,19.0600,637,2
2026-03-25,601012,13:24:43,19.0600,355,1
2026-03-25,601012,13:24:46,19.0500,560,2
2026-03-25,601012,13:24:49,19.0500,273,2
2026-03-25,601012,13:24:52,19.0500,31,1
2026-03-25,601012,13:24:55,19.0400,178,2
2026-03-25,601012,13:24:58,19.0500,91,1
2026-03-25,601012,13:25:01,19.0400,370,2
2026-03-25,601012,13:25:04,19.0500,91,1
2026-03-25,601012,13:25:07,19.0400,468,2
2026-03-25,601012,13:25:10,19.0400,289,2
2026-03-25,601012,13:25:13,19.0400,1701,1
2026-03-25,601012,13:25:16,19.0500,154,1
2026-03-25,601012,13:25:19,19.0500,347,2
2026-03-25,601012,13:25:22,19.0600,203,1
2026-03-25,601012,13:25:25,19.0500,543,2
2026-03-25,601012,13:25:28,19.0500,2854,2
2026-03-25,601012,13:25:31,19.0500,407,1
2026-03-25,601012,13:25:34,19.0500,233,1
2026-03-25,601012,13:25:37,19.0500,251,2
2026-03-25,601012,13:25:40,19.0500,67,1
2026-03-25,601012,13:25:43,19.0500,157,1
2026-03-25,601012,13:25:46,19.0500,156,1
2026-03-25,601012,13:25:49,19.0500,235,2
2026-03-25,601012,13:25:52,19.0500,333,2
2026-03-25,601012,13:25:55,19.0500,223,1
2026-03-25,601012,13:25:58,19.0500,312,1
2026-03-25,601012,13:26:01,19.0500,374,1
2026-03-25,601012,13:26:04,19.0500,392,2
2026-03-25,601012,13:26:07,19.0500,285,2
2026-03-25,601012,13:26:10,19.0500,168,2
2026-03-25,601012,13:26:13,19.0500,140,2
2026-03-25,601012,13:26:16,19.0500,78,2
2026-03-25,601012,13:26:19,19.0500,518,2
2026-03-25,601012,13:26:22,19.0500,139,2
2026-03-25,601012,13:26:25,19.0500,141,2
2026-03-25,601012,13:26:28,19.0400,96,2
2026-03-25,601012,13:26:31,19.0300,2946,2
2026-03-25,601012,13:26:34,19.0400,150,1
2026-03-25,601012,13:26:37,19.0300,40,2
2026-03-25,601012,13:26:40,19.0300,63,2
2026-03-25,601012,13:26:43,19.0400,241,1
2026-03-25,601012,13:26:46,19.0400,136,1
2026-03-25,601012,13:26:49,19.0300,99,2
2026-03-25,601012,13:26:52,19.0300,174,2
2026-03-25,601012,13:26:55,19.0300,129,2
2026-03-25,601012,13:26:58,19.0300,629,2
2026-03-25,601012,13:27:01,19.0400,314,1
2026-03-25,601012,13:27:04,19.0400,198,1
2026-03-25,601012,13:27:07,19.0400,178,1
2026-03-25,601012,13:27:10,19.0400,318,1
2026-03-25,601012,13:27:13,19.0300,293,2
2026-03-25,601012,13:27:16,19.0400,673,1
2026-03-25,601012,13:27:19,19.0400,18,2
2026-03-25,601012,13:27:22,19.0400,11,2
2026-03-25,601012,13:27:25,19.0400,45,2
2026-03-25,601012,13:27:28,19.0400,656,2
2026-03-25,601012,13:27:31,19.0400,608,1
2026-03-25,601012,13:27:34,19.0400,112,1
2026-03-25,601012,13:27:37,19.0400,44,2
2026-03-25,601012,13:27:40,19.0400,75,2
2026-03-25,601012,13:27:43,19.0400,49,2
2026-03-25,601012,13:27:46,19.0400,162,2
2026-03-25,601012,13:27:49,19.0500,78,1
2026-03-25,601012,13:27:52,19.0500,320,1
2026-03-25,601012,13:27:55,19.0400,60,2
2026-03-25,601012,13:27:58,19.0500,416,1
2026-03-25,601012,13:28:01,19.0500,154,1
2026-03-25,601012,13:28:04,19.0500,292,1
2026-03-25,601012,13:28:07,19.0500,1139,1
2026-03-25,601012,13:28:10,19.0500,138,2
2026-03-25,601012,13:28:13,19.0400,293,2
2026-03-25,601012,13:28:16,19.0600,317,1
2026-03-25,601012,13:28:19,19.0500,138,2
2026-03-25,601012,13:28:22,19.0500,253,2
2026-03-25,601012,13:28:25,19.0600,223,1
2026-03-25,601012,13:28:28,19.0500,123,2
2026-03-25,601012,13:28:31,19.0600,67,1
2026-03-25,601012,13:28:34,19.0600,746,1
2026-03-25,601012,13:28:37,19.0600,137,2
2026-03-25,601012,13:28:40,19.0500,119,2
2026-03-25,601012,13:28:43,19.0600,301,1
2026-03-25,601012,13:28:46,19.0600,327,2
2026-03-25,601012,13:28:49,19.0600,332,2
2026-03-25,601012,13:28:52,19.0700,94,1
2026-03-25,601012,13:28:55,19.0600,81,2
2026-03-25,601012,13:28:58,19.0700,87,1
2026-03-25,601012,13:29:01,19.0700,126,2
2026-03-25,601012,13:29:04,19.0700,89,2
2026-03-25,601012,13:29:07,19.0700,215,2
2026-03-25,601012,13:29:10,19.0700,560,2
2026-03-25,601012,13:29:13,19.0700,74,1
2026-03-25,601012,13:29:16,19.0700,165,1
2026-03-25,601012,13:29:19,19.0600,120,2
2026-03-25,601012,13:29:22,19.0700,62,1
2026-03-25,601012,13:29:25,19.0700,71,1
2026-03-25,601012,13:29:28,19.0700,130,1
2026-03-25,601012,13:29:31,19.0700,281,1
2026-03-25,601012,13:29:34,19.0700,452,2
2026-03-25,601012,13:29:37,19.0700,589,2
2026-03-25,601012,13:29:40,19.0700,150,1
2026-03-25,601012,13:29:43,19.0700,275,1
2026-03-25,601012,13:29:46,19.0600,116,2
2026-03-25,601012,13:29:49,19.0600,351,2
2026-03-25,601012,13:29:52,19.0600,119,1
2026-03-25,601012,13:29:55,19.0500,261,2
2026-03-25,601012,13:29:58,19.0600,41,1
2026-03-25,601012,13:30:01,19.0500,1030,2
2026-03-25,601012,13:30:04,19.0500,350,1
2026-03-25,601012,13:30:07,19.0500,115,1
2026-03-25,601012,13:30:10,19.0500,69,1
2026-03-25,601012,13:30:13,19.0500,234,1
2026-03-25,601012,13:30:16,19.0500,208,2
2026-03-25,601012,13:30:19,19.0500,268,2
2026-03-25,601012,13:30:22,19.0500,73,2
2026-03-25,601012,13:30:25,19.0500,131,1
2026-03-25,601012,13:30:28,19.0500,54,1
2026-03-25,601012,13:30:31,19.0500,2332,1
2026-03-25,601012,13:30:34,19.0400,179,2
2026-03-25,601012,13:30:37,19.0400,92,2
2026-03-25,601012,13:30:40,19.0400,30,1
2026-03-25,601012,13:30:43,19.0400,508,1
2026-03-25,601012,13:30:46,19.0400,443,2
2026-03-25,601012,13:30:49,19.0400,805,1
2026-03-25,601012,13:30:52,19.0300,701,2
2026-03-25,601012,13:30:55,19.0400,404,2
2026-03-25,601012,13:30:58,19.0500,2,1
2026-03-25,601012,13:31:01,19.0500,87,1
2026-03-25,601012,13:31:04,19.0400,149,2
2026-03-25,601012,13:31:07,19.0400,73,2
2026-03-25,601012,13:31:10,19.0400,86,2
2026-03-25,601012,13:31:13,19.0400,430,2
2026-03-25,601012,13:31:16,19.0400,315,2
2026-03-25,601012,13:31:19,19.0400,92,2
2026-03-25,601012,13:31:22,19.0500,35,1
2026-03-25,601012,13:31:25,19.0500,267,1
2026-03-25,601012,13:31:28,19.0500,930,2
2026-03-25,601012,13:31:31,19.0400,1096,4
2026-03-25,601012,13:31:34,19.0400,226,2
2026-03-25,601012,13:31:37,19.0300,147,2
2026-03-25,601012,13:31:40,19.0400,364,1
2026-03-25,601012,13:31:43,19.0400,87,1
2026-03-25,601012,13:31:46,19.0400,31,1
2026-03-25,601012,13:31:49,19.0400,208,1
2026-03-25,601012,13:31:52,19.0300,248,2
2026-03-25,601012,13:31:55,19.0200,475,2
2026-03-25,601012,13:31:58,19.0200,86,2
2026-03-25,601012,13:32:01,19.0200,1558,2
2026-03-25,601012,13:32:04,19.0200,88,2
2026-03-25,601012,13:32:07,19.0200,155,1
2026-03-25,601012,13:32:10,19.0300,178,1
2026-03-25,601012,13:32:13,19.0200,88,2
2026-03-25,601012,13:32:16,19.0100,212,2
2026-03-25,601012,13:32:19,19.0100,1652,2
2026-03-25,601012,13:32:22,19.0100,284,2
2026-03-25,601012,13:32:25,19.0100,56,1
2026-03-25,601012,13:32:28,19.0000,4482,2
2026-03-25,601012,13:32:31,19.0000,154,1
2026-03-25,601012,13:32:34,19.0000,13,1
2026-03-25,601012,13:32:37,18.9900,96,2
2026-03-25,601012,13:32:40,18.9900,379,2
2026-03-25,601012,13:32:43,19.0000,327,1
2026-03-25,601012,13:32:46,18.9800,909,2
2026-03-25,601012,13:32:49,18.9800,223,2
2026-03-25,601012,13:32:52,18.9800,186,2
2026-03-25,601012,13:32:55,18.9800,280,2
2026-03-25,601012,13:32:58,18.9800,269,2
2026-03-25,601012,13:33:01,18.9800,674,2
2026-03-25,601012,13:33:04,18.9800,104,2
2026-03-25,601012,13:33:07,18.9800,219,2
2026-03-25,601012,13:33:10,18.9900,658,1
2026-03-25,601012,13:33:13,18.9900,116,2
2026-03-25,601012,13:33:16,19.0000,365,1
2026-03-25,601012,13:33:19,18.9900,385,2
2026-03-25,601012,13:33:22,18.9900,114,2
2026-03-25,601012,13:33:25,19.0000,80,1
2026-03-25,601012,13:33:28,19.0000,308,1
2026-03-25,601012,13:33:31,19.0000,143,1
2026-03-25,601012,13:33:34,18.9900,552,2
2026-03-25,601012,13:33:37,19.0000,117,1
2026-03-25,601012,13:33:40,19.0000,44,1
2026-03-25,601012,13:33:43,19.0000,711,1
2026-03-25,601012,13:33:46,19.0000,229,1
2026-03-25,601012,13:33:49,19.0000,97,1
2026-03-25,601012,13:33:52,19.0000,682,1
2026-03-25,601012,13:33:55,19.0000,44,2
2026-03-25,601012,13:33:58,19.0100,111,1
2026-03-25,601012,13:34:01,19.0100,30,1
2026-03-25,601012,13:34:04,19.0100,52,1
2026-03-25,601012,13:34:07,19.0000,20,2
2026-03-25,601012,13:34:10,19.0100,746,1
2026-03-25,601012,13:34:13,19.0200,232,1
2026-03-25,601012,13:34:16,19.0200,89,1
2026-03-25,601012,13:34:19,19.0300,41,1
2026-03-25,601012,13:34:22,19.0200,74,2
2026-03-25,601012,13:34:25,19.0300,120,1
2026-03-25,601012,13:34:28,19.0200,205,2
2026-03-25,601012,13:34:31,19.0200,116,1
2026-03-25,601012,13:34:34,19.0100,3461,2
2026-03-25,601012,13:34:37,19.0000,1185,2
2026-03-25,601012,13:34:40,19.0000,242,1
2026-03-25,601012,13:34:43,19.0000,842,1
2026-03-25,601012,13:34:46,18.9900,671,2
2026-03-25,601012,13:34:49,18.9900,61,2
2026-03-25,601012,13:34:52,18.9900,1177,2
2026-03-25,601012,13:34:55,18.9800,1262,2
2026-03-25,601012,13:34:58,18.9900,222,1
2026-03-25,601012,13:35:01,18.9800,105,2
2026-03-25,601012,13:35:04,18.9900,200,1
2026-03-25,601012,13:35:07,18.9800,132,2
2026-03-25,601012,13:35:10,18.9900,148,1
2026-03-25,601012,13:35:13,18.9900,36,1
2026-03-25,601012,13:35:16,18.9800,82,2
2026-03-25,601012,13:35:19,18.9900,25,1
2026-03-25,601012,13:35:22,18.9800,391,2
2026-03-25,601012,13:35:25,18.9800,84,2
2026-03-25,601012,13:35:28,18.9900,286,1
2026-03-25,601012,13:35:31,18.9900,59,1
2026-03-25,601012,13:35:34,18.9800,80,2
2026-03-25,601012,13:35:37,18.9800,76,2
2026-03-25,601012,13:35:40,18.9800,51,2
2026-03-25,601012,13:35:43,18.9800,64,2
2026-03-25,601012,13:35:46,18.9800,104,2
2026-03-25,601012,13:35:49,18.9900,282,1
2026-03-25,601012,13:35:52,18.9900,46,1
2026-03-25,601012,13:35:55,18.9900,159,1
2026-03-25,601012,13:35:58,18.9800,28,2
2026-03-25,601012,13:36:01,18.9900,138,1
2026-03-25,601012,13:36:04,18.9800,1716,2
2026-03-25,601012,13:36:07,18.9900,203,1
2026-03-25,601012,13:36:10,18.9900,241,1
2026-03-25,601012,13:36:13,18.9800,428,2
2026-03-25,601012,13:36:16,18.9900,274,1
2026-03-25,601012,13:36:19,18.9800,66,2
2026-03-25,601012,13:36:22,18.9900,97,1
2026-03-25,601012,13:36:25,18.9900,74,1
2026-03-25,601012,13:36:28,18.9900,40,1
2026-03-25,601012,13:36:31,18.9800,81,2
2026-03-25,601012,13:36:34,18.9900,59,1
2026-03-25,601012,13:36:37,18.9800,305,2
2026-03-25,601012,13:36:40,18.9900,138,1
2026-03-25,601012,13:36:43,18.9800,81,2
2026-03-25,601012,13:36:46,18.9900,193,1
2026-03-25,601012,13:36:49,18.9900,103,2
2026-03-25,601012,13:36:52,18.9900,159,1
2026-03-25,601012,13:36:55,18.9900,77,1
2026-03-25,601012,13:36:58,18.9800,384,2
2026-03-25,601012,13:37:01,18.9900,810,1
2026-03-25,601012,13:37:04,18.9700,2466,2
2026-03-25,601012,13:37:07,18.9800,178,1
2026-03-25,601012,13:37:10,18.9800,364,1
2026-03-25,601012,13:37:13,18.9800,5,2
2026-03-25,601012,13:37:16,18.9800,55,2
2026-03-25,601012,13:37:19,18.9700,421,2
2026-03-25,601012,13:37:22,18.9800,53,1
2026-03-25,601012,13:37:25,18.9700,1138,2
2026-03-25,601012,13:37:28,18.9700,108,2
2026-03-25,601012,13:37:31,18.9700,1409,1
2026-03-25,601012,13:37:34,18.9700,88,1
2026-03-25,601012,13:37:37,18.9600,85,2
2026-03-25,601012,13:37:40,18.9600,155,2
2026-03-25,601012,13:37:43,18.9700,112,1
2026-03-25,601012,13:37:46,18.9700,275,1
2026-03-25,601012,13:37:49,18.9600,59,2
2026-03-25,601012,13:37:52,18.9700,25,1
2026-03-25,601012,13:37:55,18.9700,79,1
2026-03-25,601012,13:37:58,18.9700,65,1
2026-03-25,601012,13:38:01,18.9700,76,1
2026-03-25,601012,13:38:04,18.9700,31,1
2026-03-25,601012,13:38:07,18.9700,145,1
2026-03-25,601012,13:38:10,18.9700,58,1
2026-03-25,601012,13:38:13,18.9600,106,2
2026-03-25,601012,13:38:16,18.9500,1948,2
2026-03-25,601012,13:38:19,18.9500,2719,2
2026-03-25,601012,13:38:22,18.9500,564,1
2026-03-25,601012,13:38:25,18.9400,327,2
2026-03-25,601012,13:38:28,18.9500,64,1
2026-03-25,601012,13:38:31,18.9500,195,1
2026-03-25,601012,13:38:34,18.9500,178,1
2026-03-25,601012,13:38:37,18.9400,1040,2
2026-03-25,601012,13:38:40,18.9400,398,2
2026-03-25,601012,13:38:43,18.9500,76,1
2026-03-25,601012,13:38:46,18.9400,77,2
2026-03-25,601012,13:38:49,18.9500,342,1
2026-03-25,601012,13:38:52,18.9500,137,1
2026-03-25,601012,13:38:55,18.9500,92,2
2026-03-25,601012,13:38:58,18.9500,61,2
2026-03-25,601012,13:39:01,18.9600,36,1
2026-03-25,601012,13:39:04,18.9500,240,2
2026-03-25,601012,13:39:07,18.9600,184,1
2026-03-25,601012,13:39:10,18.9500,159,2
2026-03-25,601012,13:39:13,18.9600,32,1
2026-03-25,601012,13:39:16,18.9600,203,1
2026-03-25,601012,13:39:19,18.9600,65,1
2026-03-25,601012,13:39:22,18.9600,965,1
2026-03-25,601012,13:39:25,18.9500,336,2
2026-03-25,601012,13:39:28,18.9600,113,1
2026-03-25,601012,13:39:31,18.9500,73,2
2026-03-25,601012,13:39:34,18.9600,207,1
2026-03-25,601012,13:39:37,18.9600,197,1
2026-03-25,601012,13:39:40,18.9600,142,1
2026-03-25,601012,13:39:43,18.9600,60,1
2026-03-25,601012,13:39:46,18.9600,488,1
2026-03-25,601012,13:39:49,18.9600,89,1
2026-03-25,601012,13:39:52,18.9600,56,1
2026-03-25,601012,13:39:55,18.9600,137,1
2026-03-25,601012,13:39:58,18.9600,86,1
2026-03-25,601012,13:40:01,18.9400,5094,2
2026-03-25,601012,13:40:04,18.9500,374,1
2026-03-25,601012,13:40:07,18.9500,325,1
2026-03-25,601012,13:40:10,18.9500,120,1
2026-03-25,601012,13:40:13,18.9400,136,2
2026-03-25,601012,13:40:16,18.9400,116,2
2026-03-25,601012,13:40:19,18.9300,1101,2
2026-03-25,601012,13:40:22,18.9300,418,1
2026-03-25,601012,13:40:25,18.9300,808,2
2026-03-25,601012,13:40:28,18.9300,86,2
2026-03-25,601012,13:40:31,18.9300,562,2
2026-03-25,601012,13:40:34,18.9300,251,2
2026-03-25,601012,13:40:37,18.9300,174,1
2026-03-25,601012,13:40:40,18.9300,263,1
2026-03-25,601012,13:40:43,18.9300,158,1
2026-03-25,601012,13:40:46,18.9300,182,2
2026-03-25,601012,13:40:49,18.9300,77,2
2026-03-25,601012,13:40:52,18.9400,184,1
2026-03-25,601012,13:40:55,18.9400,1251,1
2026-03-25,601012,13:40:58,18.9400,107,1
2026-03-25,601012,13:41:01,18.9300,307,2
2026-03-25,601012,13:41:04,18.9400,8,1
2026-03-25,601012,13:41:07,18.9100,2323,2
2026-03-25,601012,13:41:10,18.9100,1981,2
2026-03-25,601012,13:41:13,18.9100,140,2
2026-03-25,601012,13:41:16,18.9100,204,1
2026-03-25,601012,13:41:19,18.9100,263,1
2026-03-25,601012,13:41:22,18.9100,57,2
2026-03-25,601012,13:41:25,18.9200,275,1
2026-03-25,601012,13:41:28,18.9200,88,1
2026-03-25,601012,13:41:31,18.9200,176,1
2026-03-25,601012,13:41:34,18.9200,188,1
2026-03-25,601012,13:41:37,18.9200,107,1
2026-03-25,601012,13:41:40,18.9200,37,1
2026-03-25,601012,13:41:43,18.9200,130,2
2026-03-25,601012,13:41:46,18.9200,43,2
2026-03-25,601012,13:41:49,18.9200,165,2
2026-03-25,601012,13:41:52,18.9200,31,2
2026-03-25,601012,13:41:55,18.9300,42,1
2026-03-25,601012,13:41:58,18.9300,420,1
2026-03-25,601012,13:42:01,18.9200,100,2
2026-03-25,601012,13:42:04,18.9300,364,1
2026-03-25,601012,13:42:07,18.9300,197,1
2026-03-25,601012,13:42:10,18.9200,285,2
2026-03-25,601012,13:42:13,18.9100,192,2
2026-03-25,601012,13:42:16,18.9100,461,2
2026-03-25,601012,13:42:19,18.9200,283,1
2026-03-25,601012,13:42:22,18.9200,79,1
2026-03-25,601012,13:42:25,18.9100,119,2
2026-03-25,601012,13:42:28,18.9200,118,1
2026-03-25,601012,13:42:31,18.9200,184,1
2026-03-25,601012,13:42:34,18.9200,280,1
2026-03-25,601012,13:42:37,18.9200,275,1
2026-03-25,601012,13:42:40,18.9200,314,1
2026-03-25,601012,13:42:43,18.9200,146,1
2026-03-25,601012,13:42:46,18.9200,279,1
2026-03-25,601012,13:42:49,18.9100,1058,2
2026-03-25,601012,13:42:52,18.9200,512,1
2026-03-25,601012,13:42:55,18.9300,273,1
2026-03-25,601012,13:42:58,18.9200,88,2
2026-03-25,601012,13:43:01,18.9300,227,1
2026-03-25,601012,13:43:04,18.9300,567,1
2026-03-25,601012,13:43:07,18.9300,138,1
2026-03-25,601012,13:43:10,18.9400,68,1
2026-03-25,601012,13:43:13,18.9400,100,1
2026-03-25,601012,13:43:16,18.9400,236,1
2026-03-25,601012,13:43:19,18.9400,197,1
2026-03-25,601012,13:43:22,18.9500,507,1
2026-03-25,601012,13:43:25,18.9500,403,1
2026-03-25,601012,13:43:28,18.9500,467,1
2026-03-25,601012,13:43:31,18.9500,115,2
2026-03-25,601012,13:43:34,18.9600,119,1
2026-03-25,601012,13:43:37,18.9600,149,1
2026-03-25,601012,13:43:40,18.9500,390,2
2026-03-25,601012,13:43:43,18.9600,115,1
2026-03-25,601012,13:43:46,18.9600,621,1
2026-03-25,601012,13:43:49,18.9600,264,1
2026-03-25,601012,13:43:52,18.9600,199,2
2026-03-25,601012,13:43:55,18.9700,635,1
2026-03-25,601012,13:43:58,18.9700,95,1
2026-03-25,601012,13:44:01,18.9600,1560,2
2026-03-25,601012,13:44:04,18.9600,688,1
2026-03-25,601012,13:44:07,18.9600,355,1
2026-03-25,601012,13:44:10,18.9600,73,2
2026-03-25,601012,13:44:13,18.9700,70,1
2026-03-25,601012,13:44:16,18.9700,249,1
2026-03-25,601012,13:44:19,18.9600,425,2
2026-03-25,601012,13:44:22,18.9600,691,2
2026-03-25,601012,13:44:25,18.9600,450,1
2026-03-25,601012,13:44:28,18.9700,305,1
2026-03-25,601012,13:44:31,18.9600,125,2
2026-03-25,601012,13:44:34,18.9600,267,2
2026-03-25,601012,13:44:37,18.9600,227,2
2026-03-25,601012,13:44:40,18.9600,783,2
2026-03-25,601012,13:44:43,18.9600,675,2
2026-03-25,601012,13:44:46,18.9500,307,2
2026-03-25,601012,13:44:49,18.9600,72,1
2026-03-25,601012,13:44:52,18.9600,195,1
2026-03-25,601012,13:44:55,18.9500,1005,2
2026-03-25,601012,13:44:58,18.9400,213,2
2026-03-25,601012,13:45:01,18.9300,1763,2
2026-03-25,601012,13:45:04,18.9300,232,2
2026-03-25,601012,13:45:07,18.9300,458,2
2026-03-25,601012,13:45:10,18.9300,76,2
2026-03-25,601012,13:45:13,18.9200,1585,2
2026-03-25,601012,13:45:16,18.9200,1244,2
2026-03-25,601012,13:45:19,18.9300,270,1
2026-03-25,601012,13:45:22,18.9200,777,2
2026-03-25,601012,13:45:25,18.9200,243,1
2026-03-25,601012,13:45:28,18.9100,257,2
2026-03-25,601012,13:45:31,18.9200,364,1
2026-03-25,601012,13:45:34,18.9100,2809,2
2026-03-25,601012,13:45:37,18.9100,194,1
2026-03-25,601012,13:45:40,18.9100,266,1
2026-03-25,601012,13:45:43,18.9000,149,2
2026-03-25,601012,13:45:46,18.9000,385,2
2026-03-25,601012,13:45:49,18.9000,185,2
2026-03-25,601012,13:45:52,18.9000,105,2
2026-03-25,601012,13:45:55,18.9000,263,2
2026-03-25,601012,13:45:58,18.9100,171,1
2026-03-25,601012,13:46:01,18.9100,2566,1
2026-03-25,601012,13:46:04,18.9100,281,1
2026-03-25,601012,13:46:07,18.9100,502,1
2026-03-25,601012,13:46:10,18.9100,427,1
2026-03-25,601012,13:46:13,18.9000,126,2
2026-03-25,601012,13:46:16,18.9100,119,1
2026-03-25,601012,13:46:19,18.9100,1743,1
2026-03-25,601012,13:46:22,18.9000,5521,2
2026-03-25,601012,13:46:25,18.9000,206,1
2026-03-25,601012,13:46:28,18.9000,423,1
2026-03-25,601012,13:46:31,18.9000,167,1
2026-03-25,601012,13:46:34,18.9000,460,2
2026-03-25,601012,13:46:37,18.9000,171,1
2026-03-25,601012,13:46:40,18.9000,159,1
2026-03-25,601012,13:46:43,18.9000,206,1
2026-03-25,601012,13:46:46,18.9000,666,1
2026-03-25,601012,13:46:49,18.9000,237,1
2026-03-25,601012,13:46:52,18.8900,294,2
2026-03-25,601012,13:46:55,18.8900,286,2
2026-03-25,601012,13:46:58,18.8900,2530,2
2026-03-25,601012,13:47:01,18.8900,81,1
2026-03-25,601012,13:47:04,18.8900,210,1
2026-03-25,601012,13:47:07,18.8900,129,1
2026-03-25,601012,13:47:10,18.8900,760,1
2026-03-25,601012,13:47:13,18.9000,101,1
2026-03-25,601012,13:47:16,18.8900,99,2
2026-03-25,601012,13:47:19,18.9000,194,1
2026-03-25,601012,13:47:22,18.9000,84,1
2026-03-25,601012,13:47:25,18.9000,20,1
2026-03-25,601012,13:47:28,18.9000,88,2
2026-03-25,601012,13:47:31,18.9100,304,1
2026-03-25,601012,13:47:34,18.9100,88,1
2026-03-25,601012,13:47:37,18.9100,134,1
2026-03-25,601012,13:47:40,18.9100,73,1
2026-03-25,601012,13:47:43,18.9100,42,2
2026-03-25,601012,13:47:46,18.9100,134,2
2026-03-25,601012,13:47:49,18.9100,125,2
2026-03-25,601012,13:47:52,18.9100,387,2
2026-03-25,601012,13:47:55,18.9100,742,2
2026-03-25,601012,13:47:58,18.9200,745,1
2026-03-25,601012,13:48:01,18.9200,583,1
2026-03-25,601012,13:48:04,18.9200,276,1
2026-03-25,601012,13:48:07,18.9200,503,1
2026-03-25,601012,13:48:10,18.9200,204,1
2026-03-25,601012,13:48:13,18.9200,253,1
2026-03-25,601012,13:48:16,18.9100,1391,4
2026-03-25,601012,13:48:19,18.9100,265,1
2026-03-25,601012,13:48:22,18.9100,50,1
2026-03-25,601012,13:48:25,18.9100,133,1
2026-03-25,601012,13:48:28,18.9200,361,1
2026-03-25,601012,13:48:31,18.9100,60,2
2026-03-25,601012,13:48:34,18.9100,26,2
2026-03-25,601012,13:48:37,18.9100,93,2
2026-03-25,601012,13:48:40,18.9200,248,1
2026-03-25,601012,13:48:43,18.9200,90,1
2026-03-25,601012,13:48:46,18.9200,319,1
2026-03-25,601012,13:48:49,18.9100,277,2
2026-03-25,601012,13:48:52,18.9200,111,1
2026-03-25,601012,13:48:55,18.9200,389,1
2026-03-25,601012,13:48:58,18.9200,150,1
2026-03-25,601012,13:49:01,18.9200,115,1
2026-03-25,601012,13:49:04,18.9100,382,2
2026-03-25,601012,13:49:07,18.9100,638,2
2026-03-25,601012,13:49:10,18.9100,138,1
2026-03-25,601012,13:49:13,18.9000,2602,2
2026-03-25,601012,13:49:16,18.9200,866,1
2026-03-25,601012,13:49:19,18.9000,230,2
2026-03-25,601012,13:49:22,18.9000,231,1
2026-03-25,601012,13:49:25,18.9000,310,1
2026-03-25,601012,13:49:28,18.9000,208,1
2026-03-25,601012,13:49:31,18.9000,185,1
2026-03-25,601012,13:49:34,18.9000,630,1
2026-03-25,601012,13:49:37,18.8900,2728,2
2026-03-25,601012,13:49:40,18.8900,500,1
2026-03-25,601012,13:49:43,18.8900,85,1
2026-03-25,601012,13:49:46,18.8800,79,2
2026-03-25,601012,13:49:49,18.8800,341,2
2026-03-25,601012,13:49:52,18.8900,914,1
2026-03-25,601012,13:49:55,18.8800,545,2
2026-03-25,601012,13:49:58,18.8900,86,1
2026-03-25,601012,13:50:01,18.8800,157,2
2026-03-25,601012,13:50:04,18.8800,98,2
2026-03-25,601012,13:50:07,18.8900,129,1
2026-03-25,601012,13:50:10,18.8800,270,2
2026-03-25,601012,13:50:13,18.8800,406,2
2026-03-25,601012,13:50:16,18.8900,316,1
2026-03-25,601012,13:50:19,18.8800,106,2
2026-03-25,601012,13:50:22,18.8900,85,1
2026-03-25,601012,13:50:25,18.8900,202,1
2026-03-25,601012,13:50:28,18.8900,162,1
2026-03-25,601012,13:50:31,18.8900,104,1
2026-03-25,601012,13:50:34,18.8800,1017,2
2026-03-25,601012,13:50:37,18.8900,149,1
2026-03-25,601012,13:50:40,18.8800,8712,2
2026-03-25,601012,13:50:43,18.8800,1625,2
2026-03-25,601012,13:50:46,18.8800,521,1
2026-03-25,601012,13:50:49,18.8800,829,1
2026-03-25,601012,13:50:52,18.8900,146,1
2026-03-25,601012,13:50:55,18.8900,128,1
2026-03-25,601012,13:50:58,18.8800,193,2
2026-03-25,601012,13:51:01,18.8800,399,2
2026-03-25,601012,13:51:04,18.8800,188,2
2026-03-25,601012,13:51:07,18.8800,163,1
2026-03-25,601012,13:51:10,18.8700,2840,2
2026-03-25,601012,13:51:13,18.8700,1665,2
2026-03-25,601012,13:51:16,18.8800,378,1
2026-03-25,601012,13:51:19,18.8700,876,2
2026-03-25,601012,13:51:22,18.8700,62,2
2026-03-25,601012,13:51:25,18.8700,152,2
2026-03-25,601012,13:51:28,18.8800,106,1
2026-03-25,601012,13:51:31,18.8800,206,1
2026-03-25,601012,13:51:34,18.8800,138,1
2026-03-25,601012,13:51:37,18.8700,497,2
2026-03-25,601012,13:51:40,18.8700,885,2
2026-03-25,601012,13:51:43,18.8700,257,1
2026-03-25,601012,13:51:46,18.8700,306,2
2026-03-25,601012,13:51:49,18.8700,219,2
2026-03-25,601012,13:51:52,18.8700,99,1
2026-03-25,601012,13:51:55,18.8700,168,1
2026-03-25,601012,13:51:58,18.8700,434,1
2026-03-25,601012,13:52:01,18.8700,132,1
2026-03-25,601012,13:52:04,18.8600,305,2
2026-03-25,601012,13:52:07,18.8600,178,2
2026-03-25,601012,13:52:10,18.8600,202,2
2026-03-25,601012,13:52:13,18.8700,700,1
2026-03-25,601012,13:52:16,18.8600,180,2
2026-03-25,601012,13:52:19,18.8700,260,1
2026-03-25,601012,13:52:22,18.8600,188,2
2026-03-25,601012,13:52:25,18.8700,300,1
2026-03-25,601012,13:52:28,18.8700,296,1
2026-03-25,601012,13:52:31,18.8700,344,1
2026-03-25,601012,13:52:34,18.8700,583,1
2026-03-25,601012,13:52:37,18.8700,81,1
2026-03-25,601012,13:52:40,18.8700,284,1
2026-03-25,601012,13:52:43,18.8700,88,1
2026-03-25,601012,13:52:46,18.8700,132,1
2026-03-25,601012,13:52:49,18.8700,242,1
2026-03-25,601012,13:52:52,18.8700,706,1
2026-03-25,601012,13:52:55,18.8700,41,1
2026-03-25,601012,13:52:58,18.8700,309,1
2026-03-25,601012,13:53:01,18.8700,400,1
2026-03-25,601012,13:53:04,18.8700,378,1
2026-03-25,601012,13:53:07,18.8500,9397,2
2026-03-25,601012,13:53:10,18.8500,2046,2
2026-03-25,601012,13:53:13,18.8600,405,1
2026-03-25,601012,13:53:16,18.8600,191,1
2026-03-25,601012,13:53:19,18.8500,939,2
2026-03-25,601012,13:53:22,18.8500,580,2
2026-03-25,601012,13:53:25,18.8500,736,2
2026-03-25,601012,13:53:28,18.8600,850,1
2026-03-25,601012,13:53:31,18.8600,369,1
2026-03-25,601012,13:53:34,18.8500,173,2
2026-03-25,601012,13:53:37,18.8500,921,2
2026-03-25,601012,13:53:40,18.8500,699,2
2026-03-25,601012,13:53:43,18.8500,586,2
2026-03-25,601012,13:53:46,18.8500,326,2
2026-03-25,601012,13:53:49,18.8500,905,2
2026-03-25,601012,13:53:52,18.8500,900,2
2026-03-25,601012,13:53:55,18.8500,340,1
2026-03-25,601012,13:53:58,18.8400,378,2
2026-03-25,601012,13:54:01,18.8500,346,1
2026-03-25,601012,13:54:04,18.8400,198,2
2026-03-25,601012,13:54:07,18.8500,275,1
2026-03-25,601012,13:54:10,18.8400,727,2
2026-03-25,601012,13:54:13,18.8400,523,2
2026-03-25,601012,13:54:16,18.8500,365,1
2026-03-25,601012,13:54:19,18.8400,165,2
2026-03-25,601012,13:54:22,18.8500,325,1
2026-03-25,601012,13:54:25,18.8500,68,2
2026-03-25,601012,13:54:28,18.8600,610,1
2026-03-25,601012,13:54:31,18.8600,252,1
2026-03-25,601012,13:54:34,18.8500,254,2
2026-03-25,601012,13:54:37,18.8500,335,2
2026-03-25,601012,13:54:40,18.8500,137,1
2026-03-25,601012,13:54:43,18.8500,202,2
2026-03-25,601012,13:54:46,18.8600,155,1
2026-03-25,601012,13:54:49,18.8600,163,1
2026-03-25,601012,13:54:52,18.8700,1545,1
2026-03-25,601012,13:54:55,18.8700,82,1
2026-03-25,601012,13:54:58,18.8700,278,1
2026-03-25,601012,13:55:01,18.8600,2726,2
2026-03-25,601012,13:55:04,18.8600,835,1
2026-03-25,601012,13:55:07,18.8600,270,1
2026-03-25,601012,13:55:10,18.8600,128,1
2026-03-25,601012,13:55:13,18.8600,193,1
2026-03-25,601012,13:55:16,18.8600,198,1
2026-03-25,601012,13:55:19,18.8500,3075,2
2026-03-25,601012,13:55:22,18.8500,202,1
2026-03-25,601012,13:55:25,18.8400,336,2
2026-03-25,601012,13:55:28,18.8600,203,1
2026-03-25,601012,13:55:31,18.8500,69,2
2026-03-25,601012,13:55:34,18.8500,132,2
2026-03-25,601012,13:55:37,18.8500,361,2
2026-03-25,601012,13:55:40,18.8600,109,1
2026-03-25,601012,13:55:43,18.8600,210,1
2026-03-25,601012,13:55:46,18.8600,92,1
2026-03-25,601012,13:55:49,18.8500,1625,2
2026-03-25,601012,13:55:52,18.8500,277,2
2026-03-25,601012,13:55:55,18.8600,48,1
2026-03-25,601012,13:55:58,18.8600,172,2
2026-03-25,601012,13:56:01,18.8600,57,2
2026-03-25,601012,13:56:04,18.8600,150,2
2026-03-25,601012,13:56:07,18.8700,195,1
2026-03-25,601012,13:56:10,18.8600,201,2
2026-03-25,601012,13:56:13,18.8700,133,1
2026-03-25,601012,13:56:16,18.8700,123,1
2026-03-25,601012,13:56:19,18.8700,72,1
2026-03-25,601012,13:56:22,18.8700,241,1
2026-03-25,601012,13:56:25,18.8700,61,2
2026-03-25,601012,13:56:28,18.8800,236,1
2026-03-25,601012,13:56:31,18.8800,147,1
2026-03-25,601012,13:56:34,18.8800,233,1
2026-03-25,601012,13:56:37,18.8800,287,1
2026-03-25,601012,13:56:40,18.8800,695,1
2026-03-25,601012,13:56:43,18.8800,422,1
2026-03-25,601012,13:56:46,18.8800,471,2
2026-03-25,601012,13:56:49,18.8900,368,1
2026-03-25,601012,13:56:52,18.8800,106,2
2026-03-25,601012,13:56:55,18.8900,84,1
2026-03-25,601012,13:56:58,18.8900,211,1
2026-03-25,601012,13:57:01,18.8900,223,1
2026-03-25,601012,13:57:04,18.8800,1222,2
2026-03-25,601012,13:57:07,18.8900,264,1
2026-03-25,601012,13:57:10,18.8900,92,1
2026-03-25,601012,13:57:13,18.8900,837,1
2026-03-25,601012,13:57:16,18.8800,171,2
2026-03-25,601012,13:57:19,18.9000,107,1
2026-03-25,601012,13:57:22,18.8900,267,2
2026-03-25,601012,13:57:25,18.8800,296,2
2026-03-25,601012,13:57:28,18.8900,467,1
2026-03-25,601012,13:57:31,18.8800,1968,2
2026-03-25,601012,13:57:34,18.8900,453,1
2026-03-25,601012,13:57:37,18.8900,181,1
2026-03-25,601012,13:57:40,18.8900,114,1
2026-03-25,601012,13:57:43,18.8900,38,1
2026-03-25,601012,13:57:46,18.8900,37,2
2026-03-25,601012,13:57:49,18.9000,92,1
2026-03-25,601012,13:57:52,18.8900,122,2
2026-03-25,601012,13:57:55,18.9000,226,1
2026-03-25,601012,13:57:58,18.9000,171,1
2026-03-25,601012,13:58:01,18.8900,1174,2
2026-03-25,601012,13:58:04,18.8900,327,2
2026-03-25,601012,13:58:07,18.8900,1621,1
2026-03-25,601012,13:58:10,18.8900,103,1
2026-03-25,601012,13:58:13,18.8900,187,1
2026-03-25,601012,13:58:16,18.8900,377,2
2026-03-25,601012,13:58:19,18.9000,781,1
2026-03-25,601012,13:58:22,18.8900,236,2
2026-03-25,601012,13:58:25,18.8900,359,2
2026-03-25,601012,13:58:28,18.9000,167,1
2026-03-25,601012,13:58:31,18.9000,197,1
2026-03-25,601012,13:58:34,18.8900,1705,1
2026-03-25,601012,13:58:37,18.9000,103,1
2026-03-25,601012,13:58:40,18.8900,143,2
2026-03-25,601012,13:58:43,18.8900,29,2
2026-03-25,601012,13:58:46,18.9000,146,1
2026-03-25,601012,13:58:49,18.9000,33,1
2026-03-25,601012,13:58:52,18.9000,71,1
2026-03-25,601012,13:58:55,18.8900,186,2
2026-03-25,601012,13:58:58,18.9000,17,1
2026-03-25,601012,13:59:01,18.8900,81,2
2026-03-25,601012,13:59:04,18.9000,52,1
2026-03-25,601012,13:59:07,18.8900,907,2
2026-03-25,601012,13:59:10,18.8900,121,1
2026-03-25,601012,13:59:13,18.8900,20,1
2026-03-25,601012,13:59:16,18.8900,279,1
2026-03-25,601012,13:59:19,18.8900,154,1
2026-03-25,601012,13:59:22,18.8800,117,2
2026-03-25,601012,13:59:25,18.8800,999,2
2026-03-25,601012,13:59:28,18.8800,180,1
2026-03-25,601012,13:59:31,18.8700,543,2
2026-03-25,601012,13:59:34,18.8800,27,1
2026-03-25,601012,13:59:37,18.8700,142,2
2026-03-25,601012,13:59:40,18.8700,178,2
2026-03-25,601012,13:59:43,18.8700,648,2
2026-03-25,601012,13:59:46,18.8700,80,2
2026-03-25,601012,13:59:49,18.8700,217,2
2026-03-25,601012,13:59:52,18.8800,124,1
2026-03-25,601012,13:59:55,18.8700,22,2
2026-03-25,601012,13:59:58,18.8800,52,1
2026-03-25,601012,14:00:01,18.8800,260,1
2026-03-25,601012,14:00:04,18.8700,103,2
2026-03-25,601012,14:00:07,18.8800,493,1
2026-03-25,601012,14:00:10,18.8700,365,2
2026-03-25,601012,14:00:13,18.8800,136,1
2026-03-25,601012,14:00:16,18.8800,134,1
2026-03-25,601012,14:00:19,18.8700,67,2
2026-03-25,601012,14:00:22,18.8800,43,1
2026-03-25,601012,14:00:25,18.8800,152,1
2026-03-25,601012,14:00:28,18.8800,288,1
2026-03-25,601012,14:00:31,18.8800,139,1
2026-03-25,601012,14:00:34,18.8800,65,1
2026-03-25,601012,14:00:37,18.8700,84,2
2026-03-25,601012,14:00:40,18.8800,23,1
2026-03-25,601012,14:00:43,18.8700,41,2
2026-03-25,601012,14:00:46,18.8800,163,1
2026-03-25,601012,14:00:49,18.8700,167,2
2026-03-25,601012,14:00:52,18.8800,67,1
2026-03-25,601012,14:00:55,18.8800,68,1
2026-03-25,601012,14:00:58,18.8900,744,1
2026-03-25,601012,14:01:01,18.8800,117,2
2026-03-25,601012,14:01:04,18.8800,149,2
2026-03-25,601012,14:01:07,18.8900,76,1
2026-03-25,601012,14:01:10,18.8800,55,2
2026-03-25,601012,14:01:13,18.8800,145,2
2026-03-25,601012,14:01:16,18.8800,324,2
2026-03-25,601012,14:01:19,18.8800,327,2
2026-03-25,601012,14:01:22,18.8800,339,2
2026-03-25,601012,14:01:25,18.8700,65,2
2026-03-25,601012,14:01:28,18.8800,111,1
2026-03-25,601012,14:01:31,18.8800,389,2
2026-03-25,601012,14:01:34,18.8800,237,2
2026-03-25,601012,14:01:37,18.8800,401,2
2026-03-25,601012,14:01:40,18.8800,197,2
2026-03-25,601012,14:01:43,18.8800,43,2
2026-03-25,601012,14:01:46,18.8800,69,2
2026-03-25,601012,14:01:49,18.8900,115,1
2026-03-25,601012,14:01:52,18.8900,20,1
2026-03-25,601012,14:01:55,18.8900,56,1
2026-03-25,601012,14:01:58,18.8900,115,1
2026-03-25,601012,14:02:01,18.8800,150,2
2026-03-25,601012,14:02:04,18.8800,146,2
2026-03-25,601012,14:02:07,18.8800,122,2
2026-03-25,601012,14:02:10,18.8900,121,1
2026-03-25,601012,14:02:13,18.8800,248,2
2026-03-25,601012,14:02:16,18.8900,35,1
2026-03-25,601012,14:02:19,18.8800,240,2
2026-03-25,601012,14:02:22,18.8800,18,2
2026-03-25,601012,14:02:25,18.8800,97,2
2026-03-25,601012,14:02:28,18.8900,450,1
2026-03-25,601012,14:02:31,18.8700,1762,2
2026-03-25,601012,14:02:34,18.8800,75,1
2026-03-25,601012,14:02:37,18.8800,229,1
2026-03-25,601012,14:02:40,18.8800,406,1
2026-03-25,601012,14:02:43,18.8800,62,1
2026-03-25,601012,14:02:46,18.8700,754,2
2026-03-25,601012,14:02:49,18.8800,124,1
2026-03-25,601012,14:02:52,18.8800,67,1
2026-03-25,601012,14:02:55,18.8700,341,2
2026-03-25,601012,14:02:58,18.8700,512,2
2026-03-25,601012,14:03:01,18.8800,199,1
2026-03-25,601012,14:03:04,18.8700,2137,2
2026-03-25,601012,14:03:07,18.8800,316,1
2026-03-25,601012,14:03:10,18.8800,488,2
2026-03-25,601012,14:03:13,18.8800,60,1
2026-03-25,601012,14:03:16,18.8700,750,2
2026-03-25,601012,14:03:19,18.8700,79,1
2026-03-25,601012,14:03:22,18.8700,488,1
2026-03-25,601012,14:03:25,18.8700,107,1
2026-03-25,601012,14:03:28,18.8700,41,2
2026-03-25,601012,14:03:31,18.8700,349,2
2026-03-25,601012,14:03:34,18.8700,44,2
2026-03-25,601012,14:03:37,18.8700,176,1
2026-03-25,601012,14:03:40,18.8700,74,1
2026-03-25,601012,14:03:43,18.8600,84,2
2026-03-25,601012,14:03:46,18.8600,103,2
2026-03-25,601012,14:03:49,18.8700,174,1
2026-03-25,601012,14:03:52,18.8600,51,2
2026-03-25,601012,14:03:55,18.8700,62,1
2026-03-25,601012,14:03:58,18.8700,240,1
2026-03-25,601012,14:04:01,18.8600,97,2
2026-03-25,601012,14:04:04,18.8700,33,1
2026-03-25,601012,14:04:07,18.8600,54,2
2026-03-25,601012,14:04:10,18.8700,183,1
2026-03-25,601012,14:04:13,18.8700,122,1
2026-03-25,601012,14:04:16,18.8700,117,1
2026-03-25,601012,14:04:19,18.8600,295,2
2026-03-25,601012,14:04:22,18.8700,2407,1
2026-03-25,601012,14:04:25,18.8700,315,1
2026-03-25,601012,14:04:28,18.8700,139,1
2026-03-25,601012,14:04:31,18.8700,875,1
2026-03-25,601012,14:04:34,18.8700,125,2
2026-03-25,601012,14:04:37,18.8700,167,1
2026-03-25,601012,14:04:40,18.8600,220,2
2026-03-25,601012,14:04:43,18.8700,284,1
2026-03-25,601012,14:04:46,18.8700,152,1
2026-03-25,601012,14:04:49,18.8700,135,1
2026-03-25,601012,14:04:52,18.8600,126,2
2026-03-25,601012,14:04:55,18.8700,201,1
2026-03-25,601012,14:04:58,18.8700,86,1
2026-03-25,601012,14:05:01,18.8700,66,1
2026-03-25,601012,14:05:04,18.8600,29,2
2026-03-25,601012,14:05:07,18.8700,209,1
2026-03-25,601012,14:05:10,18.8600,275,2
2026-03-25,601012,14:05:13,18.8700,178,1
2026-03-25,601012,14:05:16,18.8600,2584,2
2026-03-25,601012,14:05:19,18.8600,333,2
2026-03-25,601012,14:05:22,18.8500,949,2
2026-03-25,601012,14:05:25,18.8600,219,1
2026-03-25,601012,14:05:28,18.8600,110,1
2026-03-25,601012,14:05:31,18.8500,230,2
2026-03-25,601012,14:05:34,18.8600,21,1
2026-03-25,601012,14:05:37,18.8500,106,2
2026-03-25,601012,14:05:40,18.8500,202,2
2026-03-25,601012,14:05:43,18.8400,20447,2
2026-03-25,601012,14:05:46,18.8300,2701,2
2026-03-25,601012,14:05:49,18.8300,169,1
2026-03-25,601012,14:05:52,18.8200,520,2
2026-03-25,601012,14:05:55,18.8200,229,2
2026-03-25,601012,14:05:58,18.8300,760,1
2026-03-25,601012,14:06:01,18.8200,972,2
2026-03-25,601012,14:06:04,18.8300,212,1
2026-03-25,601012,14:06:07,18.8200,175,2
2026-03-25,601012,14:06:10,18.8200,353,2
2026-03-25,601012,14:06:13,18.8200,310,2
2026-03-25,601012,14:06:16,18.8200,202,2
2026-03-25,601012,14:06:19,18.8300,1212,1
2026-03-25,601012,14:06:22,18.8300,196,2
2026-03-25,601012,14:06:25,18.8400,79,1
2026-03-25,601012,14:06:28,18.8300,143,2
2026-03-25,601012,14:06:31,18.8300,1792,2
2026-03-25,601012,14:06:34,18.8300,555,1
2026-03-25,601012,14:06:37,18.8300,788,1
2026-03-25,601012,14:06:40,18.8300,426,1
2026-03-25,601012,14:06:43,18.8300,184,1
2026-03-25,601012,14:06:46,18.8300,617,1
2026-03-25,601012,14:06:49,18.8300,737,2
2026-03-25,601012,14:06:52,18.8300,169,1
2026-03-25,601012,14:06:55,18.8300,384,1
2026-03-25,601012,14:06:58,18.8300,222,2
2026-03-25,601012,14:07:01,18.8300,417,2
2026-03-25,601012,14:07:04,18.8300,184,2
2026-03-25,601012,10:57:10,18.9200,40,2
2026-03-25,601012,10:57:13,18.9200,24,2
2026-03-25,601012,10:57:16,18.9200,624,2
2026-03-25,601012,10:57:19,18.9200,64,2
2026-03-25,601012,10:57:22,18.9200,376,2
2026-03-25,601012,10:57:25,18.9300,314,1
2026-03-25,601012,10:57:28,18.9300,69,1
2026-03-25,601012,10:57:31,18.9200,144,2
2026-03-25,601012,10:57:34,18.9300,124,1
2026-03-25,601012,10:57:37,18.9300,135,1
2026-03-25,601012,10:57:40,18.9200,64,2
2026-03-25,601012,10:57:43,18.9200,46,2
2026-03-25,601012,10:57:46,18.9400,641,1
2026-03-25,601012,10:57:49,18.9400,89,1
2026-03-25,601012,10:57:52,18.9400,86,1
2026-03-25,601012,10:57:55,18.9400,263,1
2026-03-25,601012,10:57:58,18.9400,183,1
2026-03-25,601012,10:58:01,18.9400,105,1
2026-03-25,601012,10:58:04,18.9400,101,2
2026-03-25,601012,10:58:07,18.9400,184,2
2026-03-25,601012,10:58:10,18.9500,99,1
2026-03-25,601012,10:58:13,18.9600,760,1
2026-03-25,601012,10:58:16,18.9500,199,2
2026-03-25,601012,10:58:19,18.9600,124,1
2026-03-25,601012,10:58:22,18.9600,33,1
2026-03-25,601012,10:58:25,18.9500,390,2
2026-03-25,601012,10:58:28,18.9500,120,1
2026-03-25,601012,10:58:31,18.9400,416,2
2026-03-25,601012,10:58:34,18.9500,623,1
2026-03-25,601012,10:58:37,18.9400,485,1
2026-03-25,601012,10:58:40,18.9500,270,1
2026-03-25,601012,10:58:43,18.9400,197,2
2026-03-25,601012,10:58:46,18.9400,50,2
2026-03-25,601012,10:58:49,18.9500,1149,1
2026-03-25,601012,10:58:52,18.9600,47,1
2026-03-25,601012,10:58:55,18.9500,175,2
2026-03-25,601012,10:58:58,18.9600,218,1
2026-03-25,601012,10:59:01,18.9700,127,1
2026-03-25,601012,10:59:04,18.9600,374,2
2026-03-25,601012,10:59:07,18.9600,89,1
2026-03-25,601012,10:59:10,18.9500,76,2
2026-03-25,601012,10:59:13,18.9500,35,2
2026-03-25,601012,10:59:16,18.9500,182,2
2026-03-25,601012,10:59:19,18.9500,444,2
2026-03-25,601012,10:59:22,18.9500,84,1
2026-03-25,601012,10:59:25,18.9500,95,1
2026-03-25,601012,10:59:28,18.9500,82,1
2026-03-25,601012,10:59:31,18.9400,17,2
2026-03-25,601012,10:59:34,18.9500,600,1
2026-03-25,601012,10:59:37,18.9400,1138,2
2026-03-25,601012,10:59:40,18.9400,970,2
2026-03-25,601012,10:59:43,18.9400,279,1
2026-03-25,601012,10:59:46,18.9500,16,1
2026-03-25,601012,10:59:49,18.9400,77,2
2026-03-25,601012,10:59:52,18.9500,45,1
2026-03-25,601012,10:59:55,18.9400,50,2
2026-03-25,601012,10:59:58,18.9400,162,2
2026-03-25,601012,11:00:01,18.9400,198,2
2026-03-25,601012,11:00:04,18.9400,980,2
2026-03-25,601012,11:00:07,18.9500,238,1
2026-03-25,601012,11:00:10,18.9500,49,2
2026-03-25,601012,11:00:13,18.9600,429,1
2026-03-25,601012,11:00:16,18.9700,270,1
2026-03-25,601012,11:00:19,18.9800,446,1
2026-03-25,601012,11:00:22,18.9800,59,1
2026-03-25,601012,11:00:25,18.9900,28,1
2026-03-25,601012,11:00:28,18.9900,279,1
2026-03-25,601012,11:00:31,18.9900,479,1
2026-03-25,601012,11:00:34,19.0000,454,1
2026-03-25,601012,11:00:37,18.9900,490,2
2026-03-25,601012,11:00:40,19.0000,136,1
2026-03-25,601012,11:00:43,19.0000,222,1
2026-03-25,601012,11:00:46,18.9900,1664,2
2026-03-25,601012,11:00:49,18.9800,126,2
2026-03-25,601012,11:00:52,18.9900,223,1
2026-03-25,601012,11:00:55,18.9800,70,4
2026-03-25,601012,11:00:58,18.9900,161,1
2026-03-25,601012,11:01:01,18.9900,152,1
2026-03-25,601012,11:01:04,18.9900,1595,1
2026-03-25,601012,11:01:07,18.9800,247,2
2026-03-25,601012,11:01:10,19.0000,317,1
2026-03-25,601012,11:01:13,18.9800,269,2
2026-03-25,601012,11:01:16,18.9900,139,1
2026-03-25,601012,11:01:19,18.9900,334,1
2026-03-25,601012,11:01:22,18.9900,126,1
2026-03-25,601012,11:01:25,18.9900,543,2
2026-03-25,601012,11:01:28,18.9900,1123,2
2026-03-25,601012,11:01:31,19.0000,2002,1
2026-03-25,601012,11:01:34,19.0100,27,1
2026-03-25,601012,11:01:37,19.0100,189,1
2026-03-25,601012,11:01:40,19.0100,618,1
2026-03-25,601012,11:01:43,19.0100,1299,1
2026-03-25,601012,11:01:46,18.9800,1310,2
2026-03-25,601012,11:01:49,18.9900,147,1
2026-03-25,601012,11:01:52,18.9900,113,1
2026-03-25,601012,11:01:55,18.9900,127,1
2026-03-25,601012,11:01:58,18.9900,325,1
2026-03-25,601012,11:02:01,18.9800,100,2
2026-03-25,601012,11:02:04,18.9900,30,1
2026-03-25,601012,11:02:07,18.9800,95,2
2026-03-25,601012,11:02:10,18.9800,335,2
2026-03-25,601012,11:02:13,18.9800,344,2
2026-03-25,601012,11:02:16,18.9800,249,2
2026-03-25,601012,11:02:19,19.0000,1319,1
2026-03-25,601012,11:02:22,19.0000,236,2
2026-03-25,601012,11:02:25,19.0000,658,2
2026-03-25,601012,11:02:28,18.9900,57,1
2026-03-25,601012,11:02:31,18.9900,41,1
2026-03-25,601012,11:02:34,18.9900,28,2
2026-03-25,601012,11:02:37,18.9900,422,2
2026-03-25,601012,11:02:40,18.9900,1179,2
2026-03-25,601012,11:02:43,18.9800,250,2
2026-03-25,601012,11:02:46,18.9800,264,2
2026-03-25,601012,11:02:49,18.9800,36,1
2026-03-25,601012,11:02:52,18.9800,43,1
2026-03-25,601012,11:02:55,18.9900,622,1
2026-03-25,601012,11:02:58,18.9800,161,1
2026-03-25,601012,11:03:01,18.9600,21,2
2026-03-25,601012,11:03:04,18.9700,73,2
2026-03-25,601012,11:03:07,18.9500,1425,2
2026-03-25,601012,11:03:10,18.9500,22,2
2026-03-25,601012,11:03:13,18.9500,12,2
2026-03-25,601012,11:03:16,18.9500,210,2
2026-03-25,601012,11:03:19,18.9400,191,2
2026-03-25,601012,11:03:22,18.9500,19,1
2026-03-25,601012,11:03:25,18.9500,1053,1
2026-03-25,601012,11:03:28,18.9500,95,1
2026-03-25,601012,11:03:31,18.9300,90,2
2026-03-25,601012,11:03:34,18.9400,4,1
2026-03-25,601012,11:03:37,18.9300,52,2
2026-03-25,601012,11:03:40,18.9300,145,2
2026-03-25,601012,11:03:43,18.9500,180,1
2026-03-25,601012,11:03:46,18.9500,54,2
2026-03-25,601012,11:03:49,18.9500,1081,2
2026-03-25,601012,11:03:52,18.9500,43,1
2026-03-25,601012,11:03:55,18.9400,63,1
2026-03-25,601012,11:03:58,18.9400,947,2
2026-03-25,601012,11:04:01,18.9300,103,1
2026-03-25,601012,11:04:04,18.9100,913,2
2026-03-25,601012,11:04:07,18.9200,50,1
2026-03-25,601012,11:04:10,18.9100,977,2
2026-03-25,601012,11:04:13,18.9100,1144,2
2026-03-25,601012,11:04:16,18.9100,116,2
2026-03-25,601012,11:04:19,18.9200,21,1
2026-03-25,601012,11:04:22,18.9200,56,1
2026-03-25,601012,11:04:25,18.9200,91,1
2026-03-25,601012,11:04:28,18.9100,84,2
2026-03-25,601012,11:04:31,18.9000,191,2
2026-03-25,601012,11:04:34,18.9100,96,1
2026-03-25,601012,11:04:37,18.9000,933,2
2026-03-25,601012,11:04:40,18.9000,70,1
2026-03-25,601012,11:04:43,18.9000,115,1
2026-03-25,601012,11:04:46,18.9000,106,1
2026-03-25,601012,11:04:49,18.9000,686,1
2026-03-25,601012,11:04:52,18.8900,60,2
2026-03-25,601012,11:04:55,18.8800,1000,2
2026-03-25,601012,11:04:58,18.8800,19,2
2026-03-25,601012,11:05:01,18.8900,159,1
2026-03-25,601012,11:05:04,18.8800,102,2
2026-03-25,601012,11:05:07,18.8800,112,2
2026-03-25,601012,11:05:10,18.8900,249,1
2026-03-25,601012,11:05:13,18.8900,87,1
2026-03-25,601012,11:05:16,18.8900,284,1
2026-03-25,601012,11:05:19,18.8900,157,1
2026-03-25,601012,11:05:22,18.8900,67,2
2026-03-25,601012,11:05:25,18.8900,194,2
2026-03-25,601012,11:05:28,18.8900,90,2
2026-03-25,601012,11:05:31,18.9000,137,1
2026-03-25,601012,11:05:34,18.8900,86,2
2026-03-25,601012,11:05:37,18.8900,152,2
2026-03-25,601012,11:05:40,18.9000,268,1
2026-03-25,601012,11:05:43,18.9000,389,1
2026-03-25,601012,11:05:46,18.9000,198,1
2026-03-25,601012,11:05:49,18.9000,64,2
2026-03-25,601012,11:05:52,18.9100,31,1
2026-03-25,601012,11:05:55,18.9000,18,2
2026-03-25,601012,11:05:58,18.9000,78,2
2026-03-25,601012,11:06:01,18.9100,127,1
2026-03-25,601012,11:06:04,18.9100,377,1
2026-03-25,601012,11:06:07,18.9100,146,1
2026-03-25,601012,11:06:10,18.9100,95,1
2026-03-25,601012,11:06:13,18.9100,94,1
2026-03-25,601012,11:06:16,18.9000,159,2
2026-03-25,601012,11:06:19,18.9000,24,2
2026-03-25,601012,11:06:22,18.9000,160,2
2026-03-25,601012,11:06:25,18.9100,203,1
2026-03-25,601012,11:06:28,18.9100,68,2
2026-03-25,601012,11:06:31,18.9100,12,2
2026-03-25,601012,11:06:34,18.9200,158,1
2026-03-25,601012,11:06:37,18.9200,49,1
2026-03-25,601012,11:06:40,18.9100,43,4
2026-03-25,601012,11:06:43,18.9100,72,1
2026-03-25,601012,11:06:46,18.9000,76,2
2026-03-25,601012,11:06:49,18.9100,102,1
2026-03-25,601012,11:06:52,18.9100,26,2
2026-03-25,601012,11:06:55,18.9200,35,1
2026-03-25,601012,11:06:58,18.9200,231,1
2026-03-25,601012,11:07:01,18.9100,16,2
2026-03-25,601012,11:07:04,18.9100,79,2
2026-03-25,601012,11:07:07,18.9200,18,1
2026-03-25,601012,11:07:10,18.9200,196,1
2026-03-25,601012,11:07:13,18.9100,86,2
2026-03-25,601012,11:07:16,18.9200,104,1
2026-03-25,601012,11:07:19,18.9200,220,1
2026-03-25,601012,11:07:22,18.9200,14,2
2026-03-25,601012,11:07:25,18.9300,67,1
2026-03-25,601012,11:07:28,18.9300,57,1
2026-03-25,601012,11:07:31,18.9200,31,2
2026-03-25,601012,11:07:34,18.9200,219,1
2026-03-25,601012,11:07:37,18.9200,90,1
2026-03-25,601012,11:07:40,18.9100,106,2
2026-03-25,601012,11:07:43,18.9100,48,2
2026-03-25,601012,11:07:46,18.9100,56,2
2026-03-25,601012,11:07:49,18.9200,87,1
2026-03-25,601012,11:07:52,18.9200,50,1
2026-03-25,601012,11:07:55,18.9200,39,1
2026-03-25,601012,11:07:58,18.9100,59,2
2026-03-25,601012,11:08:01,18.9100,271,2
2026-03-25,601012,11:08:04,18.9100,205,1
2026-03-25,601012,11:08:07,18.9000,50,2
2026-03-25,601012,11:08:10,18.9000,97,2
2026-03-25,601012,11:08:13,18.9000,283,2
2026-03-25,601012,11:08:16,18.9000,84,2
2026-03-25,601012,11:08:19,18.9000,256,2
2026-03-25,601012,11:08:22,18.9000,76,2
2026-03-25,601012,11:08:25,18.9000,16,2
2026-03-25,601012,11:08:28,18.9000,214,2
2026-03-25,601012,11:08:31,18.9000,56,2
2026-03-25,601012,11:08:34,18.9100,18,1
2026-03-25,601012,11:08:37,18.8900,274,2
2026-03-25,601012,11:08:40,18.9000,34,1
2026-03-25,601012,11:08:43,18.8900,45,2
2026-03-25,601012,11:08:46,18.8900,197,2
2026-03-25,601012,11:08:49,18.8900,17,2
2026-03-25,601012,11:08:52,18.9000,6,1
2026-03-25,601012,11:08:55,18.9000,34,1
2026-03-25,601012,11:08:58,18.8900,83,2
2026-03-25,601012,11:09:01,18.9000,242,1
2026-03-25,601012,11:09:04,18.9000,38,1
2026-03-25,601012,11:09:07,18.8900,276,2
2026-03-25,601012,11:09:10,18.8900,157,2
2026-03-25,601012,11:09:13,18.9000,471,1
2026-03-25,601012,11:09:16,18.8900,1057,2
2026-03-25,601012,11:09:19,18.8900,82,1
2026-03-25,601012,11:09:22,18.8900,37,1
2026-03-25,601012,11:09:25,18.8900,111,1
2026-03-25,601012,11:09:28,18.9000,1010,1
2026-03-25,601012,11:09:31,18.9000,103,1
2026-03-25,601012,11:09:34,18.8900,42,2
2026-03-25,601012,11:09:37,18.9000,12,2
2026-03-25,601012,11:09:40,18.9000,84,1
2026-03-25,601012,11:09:43,18.9000,20,1
2026-03-25,601012,11:09:46,18.8900,53,2
2026-03-25,601012,11:09:49,18.8900,39,2
2026-03-25,601012,11:09:52,18.8900,42,2
2026-03-25,601012,11:09:55,18.8900,49,2
2026-03-25,601012,11:09:58,18.9000,36,1
2026-03-25,601012,11:10:01,18.9000,49,1
2026-03-25,601012,11:10:04,18.8900,46,2
2026-03-25,601012,11:10:07,18.8900,695,2
2026-03-25,601012,11:10:10,18.8900,66,1
2026-03-25,601012,11:10:13,18.8900,227,1
2026-03-25,601012,11:10:16,18.8800,161,2
2026-03-25,601012,11:10:19,18.8900,80,1
2026-03-25,601012,11:10:22,18.8900,16,1
2026-03-25,601012,11:10:25,18.8900,71,1
2026-03-25,601012,11:10:28,18.8800,294,2
2026-03-25,601012,11:10:31,18.8800,340,2
2026-03-25,601012,11:10:34,18.8800,81,2
2026-03-25,601012,11:10:37,18.8900,181,1
2026-03-25,601012,11:10:40,18.8800,186,2
2026-03-25,601012,11:10:43,18.8800,84,2
2026-03-25,601012,11:10:46,18.8800,232,2
2026-03-25,601012,11:10:49,18.8800,84,2
2026-03-25,601012,11:10:52,18.8800,102,2
2026-03-25,601012,11:10:55,18.8800,123,2
2026-03-25,601012,11:10:58,18.8900,38,1
2026-03-25,601012,11:11:01,18.8900,209,1
2026-03-25,601012,11:11:04,18.8800,261,2
2026-03-25,601012,11:11:07,18.8800,159,2
2026-03-25,601012,11:11:10,18.8800,85,2
2026-03-25,601012,11:11:13,18.8800,120,2
2026-03-25,601012,11:11:16,18.8900,92,1
2026-03-25,601012,11:11:19,18.8800,56,2
2026-03-25,601012,11:11:22,18.8900,22,1
2026-03-25,601012,11:11:25,18.8900,26,1
2026-03-25,601012,11:11:28,18.8800,140,2
2026-03-25,601012,11:11:31,18.8900,37,1
2026-03-25,601012,11:11:34,18.8900,119,1
2026-03-25,601012,11:11:37,18.8800,126,2
2026-03-25,601012,11:11:40,18.8900,129,1
2026-03-25,601012,11:11:43,18.8900,80,1
2026-03-25,601012,11:11:46,18.8900,435,1
2026-03-25,601012,11:11:49,18.8900,185,2
2026-03-25,601012,11:11:52,18.8800,50,2
2026-03-25,601012,11:11:55,18.8800,9,2
2026-03-25,601012,11:11:58,18.8900,27,1
2026-03-25,601012,11:12:01,18.8900,58,1
2026-03-25,601012,11:12:04,18.8900,55,1
2026-03-25,601012,11:12:07,18.8900,215,1
2026-03-25,601012,11:12:10,18.8800,99,2
2026-03-25,601012,11:12:13,18.8800,236,2
2026-03-25,601012,11:12:16,18.8900,101,1
2026-03-25,601012,11:12:19,18.8800,362,2
2026-03-25,601012,11:12:22,18.8900,17,1
2026-03-25,601012,11:12:25,18.8800,282,2
2026-03-25,601012,11:12:28,18.8800,543,2
2026-03-25,601012,11:12:31,18.8800,177,2
2026-03-25,601012,11:12:34,18.8800,117,2
2026-03-25,601012,11:12:37,18.8800,251,2
2026-03-25,601012,11:12:40,18.8700,306,2
2026-03-25,601012,11:12:43,18.8800,514,1
2026-03-25,601012,11:12:46,18.8800,393,1
2026-03-25,601012,11:12:49,18.8800,140,1
2026-03-25,601012,11:12:52,18.8700,450,2
2026-03-25,601012,11:12:55,18.8700,232,2
2026-03-25,601012,11:12:58,18.8700,91,1
2026-03-25,601012,11:13:01,18.8600,734,2
2026-03-25,601012,11:13:04,18.8700,165,1
2026-03-25,601012,11:13:07,18.8600,76,2
2026-03-25,601012,11:13:10,18.8700,145,1
2026-03-25,601012,11:13:13,18.8700,70,1
2026-03-25,601012,11:13:16,18.8700,11,1
2026-03-25,601012,11:13:19,18.8600,70,2
2026-03-25,601012,11:13:22,18.8700,33,1
2026-03-25,601012,11:13:25,18.8600,77,2
2026-03-25,601012,11:13:28,18.8600,36,2
2026-03-25,601012,11:13:31,18.8600,129,2
2026-03-25,601012,11:13:34,18.8700,58,1
2026-03-25,601012,11:13:37,18.8600,75,2
2026-03-25,601012,11:13:40,18.8600,72,2
2026-03-25,601012,11:13:43,18.8600,151,2
2026-03-25,601012,11:13:46,18.8600,30,2
2026-03-25,601012,11:13:49,18.8700,83,1
2026-03-25,601012,11:13:52,18.8700,85,1
2026-03-25,601012,11:13:55,18.8600,177,2
2026-03-25,601012,11:13:58,18.8700,851,1
2026-03-25,601012,11:14:01,18.8600,72,2
2026-03-25,601012,11:14:04,18.8700,115,1
2026-03-25,601012,11:14:07,18.8700,24,1
2026-03-25,601012,11:14:10,18.8600,137,2
2026-03-25,601012,11:14:13,18.8700,149,1
2026-03-25,601012,11:14:16,18.8600,92,2
2026-03-25,601012,11:14:19,18.8600,186,2
2026-03-25,601012,11:14:22,18.8600,99,2
2026-03-25,601012,11:14:25,18.8600,90,2
2026-03-25,601012,11:14:28,18.8600,35,2
2026-03-25,601012,11:14:31,18.8600,52,2
2026-03-25,601012,11:14:34,18.8700,12,1
2026-03-25,601012,11:14:37,18.8600,186,2
2026-03-25,601012,11:14:40,18.8600,220,2
2026-03-25,601012,11:14:43,18.8700,81,1
2026-03-25,601012,11:14:46,18.8700,61,1
2026-03-25,601012,11:14:49,18.8600,123,2
2026-03-25,601012,11:14:52,18.8700,166,1
2026-03-25,601012,11:14:55,18.8700,128,1
2026-03-25,601012,11:14:58,18.8700,283,1
2026-03-25,601012,11:15:01,18.8700,99,2
2026-03-25,601012,11:15:04,18.8800,164,1
2026-03-25,601012,11:15:07,18.8700,59,2
2026-03-25,601012,11:15:10,18.8800,98,1
2026-03-25,601012,11:15:13,18.8800,11,1
2026-03-25,601012,11:15:16,18.8900,300,1
2026-03-25,601012,11:15:19,18.8900,20,1
2026-03-25,601012,11:15:22,18.8900,342,1
2026-03-25,601012,11:15:25,18.8800,48,2
2026-03-25,601012,11:15:28,18.8900,84,1
2026-03-25,601012,11:15:31,18.8900,35,2
2026-03-25,601012,11:15:34,18.8900,60,2
2026-03-25,601012,11:15:37,18.9000,31,1
2026-03-25,601012,11:15:40,18.9000,61,1
2026-03-25,601012,11:15:43,18.9000,17,1
2026-03-25,601012,11:15:46,18.9000,82,1
2026-03-25,601012,11:15:49,18.9000,162,1
2026-03-25,601012,11:15:52,18.9000,67,1
2026-03-25,601012,11:15:55,18.9000,426,1
2026-03-25,601012,11:15:58,18.9000,19,2
2026-03-25,601012,11:16:01,18.9100,284,1
2026-03-25,601012,11:16:04,18.9000,49,2
2026-03-25,601012,11:16:07,18.8900,439,2
2026-03-25,601012,11:16:10,18.9000,125,1
2026-03-25,601012,11:16:13,18.8900,23,1
2026-03-25,601012,11:16:16,18.8900,211,1
2026-03-25,601012,11:16:19,18.8900,126,1
2026-03-25,601012,11:16:22,18.8900,83,1
2026-03-25,601012,11:16:25,18.8900,167,1
2026-03-25,601012,11:16:28,18.8900,13,2
2026-03-25,601012,11:16:31,18.8900,298,2
2026-03-25,601012,11:16:34,18.9000,170,1
2026-03-25,601012,11:16:37,18.8900,52,2
2026-03-25,601012,11:16:40,18.9000,23,1
2026-03-25,601012,11:16:43,18.8900,475,2
2026-03-25,601012,11:16:46,18.8900,176,2
2026-03-25,601012,11:16:49,18.8900,56,2
2026-03-25,601012,11:16:52,18.9000,38,1
2026-03-25,601012,11:16:55,18.9000,9,1
2026-03-25,601012,11:16:58,18.9000,43,1
2026-03-25,601012,11:17:01,18.9000,73,1
2026-03-25,601012,11:17:04,18.8900,88,2
2026-03-25,601012,11:17:07,18.8900,84,2
2026-03-25,601012,11:17:10,18.8900,191,2
2026-03-25,601012,11:17:13,18.9000,46,1
2026-03-25,601012,11:17:16,18.8900,110,2
2026-03-25,601012,11:17:19,18.8900,116,2
2026-03-25,601012,11:17:22,18.9000,82,1
2026-03-25,601012,11:17:25,18.8900,129,2
2026-03-25,601012,11:17:28,18.8900,144,2
2026-03-25,601012,11:17:31,18.8900,24,1
2026-03-25,601012,11:17:34,18.8900,179,1
2026-03-25,601012,11:17:37,18.8900,214,1
2026-03-25,601012,11:17:40,18.8900,45,1
2026-03-25,601012,11:17:43,18.8800,51,2
2026-03-25,601012,11:17:46,18.8800,130,2
2026-03-25,601012,11:17:49,18.8800,115,2
2026-03-25,601012,11:17:52,18.8900,180,1
2026-03-25,601012,11:17:55,18.8800,1323,2
2026-03-25,601012,11:17:58,18.8800,27,1
2026-03-25,601012,11:18:01,18.8700,309,2
2026-03-25,601012,11:18:04,18.8700,40,2
2026-03-25,601012,11:18:07,18.8800,29,1
2026-03-25,601012,11:18:10,18.8700,6,2
2026-03-25,601012,11:18:13,18.8800,66,1
2026-03-25,601012,11:18:16,18.8800,82,1
2026-03-25,601012,11:18:19,18.8800,38,1
2026-03-25,601012,11:18:22,18.8700,68,2
2026-03-25,601012,11:18:25,18.8700,111,2
2026-03-25,601012,11:18:28,18.8700,166,2
2026-03-25,601012,11:18:31,18.8700,72,2
2026-03-25,601012,11:18:34,18.8700,81,2
2026-03-25,601012,11:18:37,18.8700,111,2
2026-03-25,601012,11:18:40,18.8600,46,2
2026-03-25,601012,11:18:43,18.8700,335,1
2026-03-25,601012,11:18:46,18.8600,962,2
2026-03-25,601012,11:18:49,18.8700,206,1
2026-03-25,601012,11:18:52,18.8700,66,2
2026-03-25,601012,11:18:55,18.8700,99,2
2026-03-25,601012,11:18:58,18.8700,165,2
2026-03-25,601012,11:19:01,18.8600,4,2
2026-03-25,601012,11:19:04,18.8700,75,1
2026-03-25,601012,11:19:07,18.8800,284,1
2026-03-25,601012,11:19:10,18.8800,58,1
2026-03-25,601012,11:19:13,18.8700,87,2
2026-03-25,601012,11:19:16,18.8700,177,2
2026-03-25,601012,11:19:19,18.8800,169,1
2026-03-25,601012,11:19:22,18.8800,45,1
2026-03-25,601012,11:19:25,18.8700,14,2
2026-03-25,601012,11:19:28,18.8700,119,2
