date,code,time,price,volume,bs
2026-04-16,601318,14:07:04,58.4300,35,1
2026-04-16,601318,14:07:07,58.4200,19,2
2026-04-16,601318,14:07:10,58.4200,30,2
2026-04-16,601318,14:07:13,58.4200,12,2
2026-04-16,601318,14:07:16,58.4300,38,1
2026-04-16,601318,14:07:19,58.4200,5,2
2026-04-16,601318,14:07:22,58.4200,47,2
2026-04-16,601318,14:07:25,58.4300,53,1
2026-04-16,601318,14:07:28,58.4200,53,2
2026-04-16,601318,14:07:31,58.4200,185,2
2026-04-16,601318,14:07:34,58.4100,256,2
2026-04-16,601318,14:07:37,58.4100,25,1
2026-04-16,601318,14:07:40,58.4000,59,2
2026-04-16,601318,14:07:43,58.4000,200,2
2026-04-16,601318,14:07:46,58.4000,167,2
2026-04-16,601318,14:07:49,58.3900,65,2
2026-04-16,601318,14:07:52,58.3900,196,4
2026-04-16,601318,14:07:55,58.3800,29,2
2026-04-16,601318,14:07:58,58.3700,464,2
2026-04-16,601318,14:08:01,58.3700,52,2
2026-04-16,601318,14:08:04,58.3800,71,4
2026-04-16,601318,14:08:07,58.3700,86,2
2026-04-16,601318,14:08:10,58.3700,38,2
2026-04-16,601318,14:08:13,58.3800,13,1
2026-04-16,601318,14:08:16,58.3900,101,1
2026-04-16,601318,14:08:19,58.3900,118,1
2026-04-16,601318,14:08:22,58.3900,19,1
2026-04-16,601318,14:08:25,58.3900,16,1
2026-04-16,601318,14:08:28,58.3900,94,1
2026-04-16,601318,14:08:31,58.4000,6,1
2026-04-16,601318,14:08:34,58.4100,101,1
2026-04-16,601318,14:08:37,58.4100,52,1
2026-04-16,601318,14:08:40,58.4100,70,1
2026-04-16,601318,14:08:43,58.4000,58,2
2026-04-16,601318,14:08:46,58.4100,55,1
2026-04-16,601318,14:08:49,58.4100,116,1
2026-04-16,601318,14:08:52,58.4000,20,2
2026-04-16,601318,14:08:55,58.4100,4,1
2026-04-16,601318,14:08:58,58.4100,96,1
2026-04-16,601318,14:09:01,58.4000,139,2
2026-04-16,601318,14:09:04,58.4000,40,2
2026-04-16,601318,14:09:07,58.4100,9,1
2026-04-16,601318,14:09:10,58.4100,42,2
2026-04-16,601318,14:09:13,58.4000,28,2
2026-04-16,601318,14:09:16,58.4100,44,1
2026-04-16,601318,14:09:19,58.4100,79,2
2026-04-16,601318,14:09:22,58.4200,59,1
2026-04-16,601318,14:09:25,58.4200,5,1
2026-04-16,601318,14:09:28,58.4200,87,1
2026-04-16,601318,14:09:31,58.4200,42,2
2026-04-16,601318,14:09:34,58.4200,106,4
2026-04-16,601318,14:09:37,58.4300,42,1
2026-04-16,601318,14:09:40,58.4400,24,1
2026-04-16,601318,14:09:43,58.4300,42,2
2026-04-16,601318,14:09:46,58.4200,23,2
2026-04-16,601318,14:09:49,58.4400,87,1
2026-04-16,601318,14:09:52,58.4300,5,2
2026-04-16,601318,14:09:55,58.4400,41,1
2026-04-16,601318,14:09:58,58.4400,11,1
2026-04-16,601318,14:10:01,58.4500,198,1
2026-04-16,601318,14:10:04,58.4400,64,4
2026-04-16,601318,14:10:07,58.4400,25,1
2026-04-16,601318,14:10:10,58.4300,43,2
2026-04-16,601318,14:10:13,58.4400,12,1
2026-04-16,601318,14:10:16,58.4400,40,2
2026-04-16,601318,14:10:19,58.4400,4,2
2026-04-16,601318,14:10:22,58.4500,23,1
2026-04-16,601318,14:10:25,58.4500,60,1
2026-04-16,601318,14:10:28,58.4600,43,1
2026-04-16,601318,14:10:31,58.4600,9,1
2026-04-16,601318,14:10:34,58.4600,17,1
2026-04-16,601318,14:10:37,58.4500,38,2
2026-04-16,601318,14:10:40,58.4600,6,1
2026-04-16,601318,14:10:43,58.4500,137,2
2026-04-16,601318,14:10:46,58.4600,56,1
2026-04-16,601318,14:10:49,58.4600,64,1
2026-04-16,601318,14:10:52,58.4500,116,2
2026-04-16,601318,14:10:55,58.4600,97,4
2026-04-16,601318,14:10:58,58.4600,48,1
2026-04-16,601318,14:11:01,58.4600,61,2
2026-04-16,601318,14:11:04,58.4700,27,1
2026-04-16,601318,14:11:07,58.4600,57,1
2026-04-16,601318,14:11:10,58.4600,86,2
2026-04-16,601318,14:11:13,58.4500,96,2
2026-04-16,601318,14:11:16,58.4600,36,1
2026-04-16,601318,14:11:19,58.4500,36,2
2026-04-16,601318,14:11:22,58.4500,20,2
2026-04-16,601318,14:11:25,58.4600,142,1
2026-04-16,601318,14:11:28,58.4600,33,1
2026-04-16,601318,14:11:31,58.4600,124,2
2026-04-16,601318,14:11:34,58.4700,13,1
2026-04-16,601318,14:11:37,58.4700,21,1
2026-04-16,601318,14:11:40,58.4600,53,2
2026-04-16,601318,14:11:43,58.4700,223,1
2026-04-16,601318,14:11:46,58.4600,6,2
2026-04-16,601318,14:11:49,58.4700,39,1
2026-04-16,601318,14:11:52,58.4700,52,1
2026-04-16,601318,14:11:55,58.4700,105,1
2026-04-16,601318,14:11:58,58.4700,68,1
2026-04-16,601318,14:12:01,58.4800,221,1
2026-04-16,601318,14:12:04,58.4800,98,1
2026-04-16,601318,14:12:07,58.4700,43,2
2026-04-16,601318,14:12:10,58.4800,84,1
2026-04-16,601318,14:12:13,58.4700,141,2
2026-04-16,601318,14:12:16,58.4800,2,1
2026-04-16,601318,14:12:19,58.4700,91,2
2026-04-16,601318,14:12:22,58.4800,225,1
2026-04-16,601318,14:12:25,58.4800,179,2
2026-04-16,601318,14:12:28,58.4800,83,1
2026-04-16,601318,14:12:31,58.4800,29,1
2026-04-16,601318,14:12:34,58.4700,58,2
2026-04-16,601318,14:12:37,58.4700,87,2
2026-04-16,601318,14:12:40,58.4700,153,2
2026-04-16,601318,14:12:43,58.4700,12,1
2026-04-16,601318,14:12:46,58.4600,75,2
2026-04-16,601318,14:12:49,58.4600,108,1
2026-04-16,601318,14:12:52,58.4600,124,1
2026-04-16,601318,14:12:55,58.4600,4,1
2026-04-16,601318,14:12:58,58.4600,17,1
2026-04-16,601318,14:13:01,58.4400,93,2
2026-04-16,601318,14:13:04,58.4400,4,2
2026-04-16,601318,14:13:07,58.4400,34,2
2026-04-16,601318,14:13:10,58.4400,43,2
2026-04-16,601318,14:13:13,58.4400,16,2
2026-04-16,601318,14:13:16,58.4500,21,1
2026-04-16,601318,14:13:19,58.4400,115,2
2026-04-16,601318,14:13:22,58.4400,31,1
2026-04-16,601318,14:13:25,58.4400,28,1
2026-04-16,601318,14:13:28,58.4300,77,2
2026-04-16,601318,14:13:31,58.4400,42,1
2026-04-16,601318,14:13:34,58.4400,61,1
2026-04-16,601318,14:13:37,58.4400,26,1
2026-04-16,601318,14:13:40,58.4400,48,1
2026-04-16,601318,14:13:43,58.4400,29,2
2026-04-16,601318,14:13:46,58.4400,46,2
2026-04-16,601318,14:13:49,58.4400,109,2
2026-04-16,601318,14:13:52,58.4400,60,2
2026-04-16,601318,14:13:55,58.4400,17,1
2026-04-16,601318,14:13:58,58.4400,33,1
2026-04-16,601318,14:14:01,58.4300,11,2
2026-04-16,601318,14:14:04,58.4400,33,1
2026-04-16,601318,14:14:07,58.4400,24,1
2026-04-16,601318,14:14:10,58.4300,9,2
2026-04-16,601318,14:14:13,58.4400,53,1
2026-04-16,601318,14:14:16,58.4300,38,2
2026-04-16,601318,14:14:19,58.4300,37,2
2026-04-16,601318,14:14:22,58.4300,42,2
2026-04-16,601318,14:14:25,58.4300,1,2
2026-04-16,601318,14:14:28,58.4400,33,1
2026-04-16,601318,14:14:31,58.4300,21,2
2026-04-16,601318,14:14:34,58.4300,157,2
2026-04-16,601318,14:14:37,58.4400,158,1
2026-04-16,601318,14:14:40,58.4300,85,2
2026-04-16,601318,14:14:43,58.4300,27,2
2026-04-16,601318,14:14:46,58.4300,29,2
2026-04-16,601318,14:14:49,58.4200,101,2
2026-04-16,601318,14:14:52,58.4400,8,1
2026-04-16,601318,14:14:55,58.4300,19,2
2026-04-16,601318,14:14:58,58.4400,40,1
2026-04-16,601318,14:15:01,58.4300,20,2
2026-04-16,601318,14:15:04,58.4400,11,1
2026-04-16,601318,14:15:07,58.4300,42,2
2026-04-16,601318,14:15:10,58.4400,355,1
2026-04-16,601318,14:15:13,58.4400,281,4
2026-04-16,601318,14:15:16,58.4400,19,1
2026-04-16,601318,14:15:19,58.4400,33,2
2026-04-16,601318,14:15:22,58.4500,156,4
2026-04-16,601318,14:15:25,58.4400,22,2
2026-04-16,601318,14:15:28,58.4400,1,2
2026-04-16,601318,14:15:31,58.4500,15,1
2026-04-16,601318,14:15:34,58.4500,21,1
2026-04-16,601318,14:15:37,58.4500,7,1
2026-04-16,601318,14:15:40,58.4400,27,2
2026-04-16,601318,14:15:43,58.4500,25,1
2026-04-16,601318,14:15:46,58.4400,15,2
2026-04-16,601318,14:15:49,58.4400,72,2
2026-04-16,601318,14:15:52,58.4300,225,2
2026-04-16,601318,14:15:55,58.4400,34,1
2026-04-16,601318,14:15:58,58.4400,41,1
2026-04-16,601318,14:16:01,58.4300,251,2
2026-04-16,601318,14:16:04,58.4200,185,2
2026-04-16,601318,14:16:07,58.4200,208,2
2026-04-16,601318,14:16:10,58.4200,15,2
2026-04-16,601318,14:16:13,58.4200,16,2
2026-04-16,601318,14:16:16,58.4200,47,2
2026-04-16,601318,14:16:19,58.4200,125,2
2026-04-16,601318,14:16:22,58.4100,79,2
2026-04-16,601318,14:16:25,58.4200,74,1
2026-04-16,601318,14:16:28,58.4100,56,2
2026-04-16,601318,14:16:31,58.4200,121,1
2026-04-16,601318,14:16:34,58.4200,142,1
2026-04-16,601318,14:16:37,58.4200,15,1
2026-04-16,601318,14:16:40,58.4100,99,2
2026-04-16,601318,14:16:43,58.4100,51,2
2026-04-16,601318,14:16:46,58.4100,82,2
2026-04-16,601318,14:16:49,58.4200,64,1
2026-04-16,601318,14:16:52,58.4100,68,2
2026-04-16,601318,14:16:55,58.4200,21,1
2026-04-16,601318,14:16:58,58.4200,2,1
2026-04-16,601318,14:17:01,58.4100,2,2
2026-04-16,601318,14:17:04,58.4100,227,2
2026-04-16,601318,14:17:07,58.4100,43,1
2026-04-16,601318,14:17:10,58.4000,108,2
2026-04-16,601318,14:17:13,58.4100,216,1
2026-04-16,601318,14:17:16,58.4000,472,2
2026-04-16,601318,14:17:19,58.3900,60,2
2026-04-16,601318,14:17:22,58.3900,27,2
2026-04-16,601318,14:17:25,58.4000,24,1
2026-04-16,601318,14:17:28,58.3900,12,2
2026-04-16,601318,14:17:31,58.4000,57,1
2026-04-16,601318,14:17:34,58.3900,10,2
2026-04-16,601318,14:17:37,58.3900,30,2
2026-04-16,601318,14:17:40,58.3900,18,2
2026-04-16,601318,14:17:43,58.4000,29,1
2026-04-16,601318,14:17:46,58.4000,13,1
2026-04-16,601318,14:17:49,58.4000,120,1
2026-04-16,601318,14:17:52,58.3900,94,2
2026-04-16,601318,14:17:55,58.4000,29,1
2026-04-16,601318,14:17:58,58.3900,157,2
2026-04-16,601318,14:18:01,58.3900,22,2
2026-04-16,601318,14:18:04,58.3900,35,2
2026-04-16,601318,14:18:07,58.3900,17,2
2026-04-16,601318,14:18:10,58.4000,45,1
2026-04-16,601318,14:18:13,58.3900,85,2
2026-04-16,601318,14:18:16,58.4000,13,1
2026-04-16,601318,14:18:19,58.3900,125,2
2026-04-16,601318,14:18:22,58.3900,57,2
2026-04-16,601318,14:18:25,58.4000,36,1
2026-04-16,601318,14:18:28,58.3900,64,2
2026-04-16,601318,14:18:31,58.4000,379,1
2026-04-16,601318,14:18:34,58.4000,47,1
2026-04-16,601318,14:18:37,58.4000,192,1
2026-04-16,601318,14:18:40,58.4000,27,1
2026-04-16,601318,14:18:43,58.3900,17,2
2026-04-16,601318,14:18:46,58.4000,15,1
2026-04-16,601318,14:18:49,58.4000,23,1
2026-04-16,601318,14:18:52,58.4000,9,1
2026-04-16,601318,14:18:55,58.4000,53,1
2026-04-16,601318,14:18:58,58.3900,405,2
2026-04-16,601318,14:19:01,58.4000,104,1
2026-04-16,601318,14:19:04,58.3900,20,2
2026-04-16,601318,14:19:07,58.3900,637,2
2026-04-16,601318,14:19:10,58.4000,97,1
2026-04-16,601318,14:19:13,58.4100,94,1
2026-04-16,601318,14:19:16,58.4300,100,1
2026-04-16,601318,14:19:19,58.4300,98,1
2026-04-16,601318,14:19:22,58.4400,147,1
2026-04-16,601318,14:19:25,58.4300,51,2
2026-04-16,601318,14:19:28,58.4300,58,2
2026-04-16,601318,14:19:31,58.4300,53,2
2026-04-16,601318,14:19:34,58.4300,27,1
2026-04-16,601318,14:19:37,58.4400,117,1
2026-04-16,601318,14:19:40,58.4200,111,2
2026-04-16,601318,14:19:43,58.4200,135,2
2026-04-16,601318,14:19:46,58.4200,45,1
2026-04-16,601318,14:19:49,58.4200,116,1
2026-04-16,601318,14:19:52,58.4400,47,1
2026-04-16,601318,14:19:55,58.4200,5,2
2026-04-16,601318,14:19:58,58.4400,5,1
2026-04-16,601318,14:20:01,58.4500,115,1
2026-04-16,601318,14:20:04,58.4400,66,2
2026-04-16,601318,14:20:07,58.4400,1,1
2026-04-16,601318,14:20:10,58.4300,31,2
2026-04-16,601318,14:20:13,58.4400,82,1
2026-04-16,601318,14:20:16,58.4400,148,1
2026-04-16,601318,14:20:19,58.4500,34,1
2026-04-16,601318,14:20:22,58.4400,16,2
2026-04-16,601318,14:20:25,58.4600,241,1
2026-04-16,601318,14:20:28,58.4600,8,2
2026-04-16,601318,14:20:31,58.4700,149,1
2026-04-16,601318,14:20:34,58.4700,209,2
2026-04-16,601318,14:20:37,58.4600,210,2
2026-04-16,601318,14:20:40,58.4600,303,2
2026-04-16,601318,14:20:43,58.4400,65,2
2026-04-16,601318,14:20:46,58.4300,135,2
2026-04-16,601318,14:20:49,58.4400,17,2
2026-04-16,601318,14:20:52,58.4500,96,1
2026-04-16,601318,14:20:55,58.4500,53,1
2026-04-16,601318,14:20:58,58.4500,68,1
2026-04-16,601318,14:21:01,58.4300,200,2
2026-04-16,601318,14:21:04,58.4400,58,2
2026-04-16,601318,14:21:07,58.4400,77,4
2026-04-16,601318,14:21:10,58.4300,101,2
2026-04-16,601318,14:21:13,58.4500,207,1
2026-04-16,601318,14:21:16,58.4400,66,2
2026-04-16,601318,14:21:19,58.4800,115,1
2026-04-16,601318,14:21:22,58.4400,388,2
2026-04-16,601318,14:21:25,58.4400,8,2
2026-04-16,601318,14:21:28,58.4400,50,1
2026-04-16,601318,14:21:31,58.4400,108,4
2026-04-16,601318,14:21:34,58.4500,135,1
2026-04-16,601318,14:21:37,58.4500,115,2
2026-04-16,601318,14:21:40,58.4400,90,2
2026-04-16,601318,14:21:43,58.4500,5,1
2026-04-16,601318,14:21:46,58.4400,92,2
2026-04-16,601318,14:21:49,58.4400,15,2
2026-04-16,601318,14:21:52,58.4500,62,1
2026-04-16,601318,14:21:55,58.4400,121,4
2026-04-16,601318,14:21:58,58.4400,50,2
2026-04-16,601318,14:22:01,58.4500,19,1
2026-04-16,601318,14:22:04,58.4400,15,2
2026-04-16,601318,14:22:07,58.4500,49,1
2026-04-16,601318,14:22:10,58.4500,154,1
2026-04-16,601318,14:22:13,58.4500,51,1
2026-04-16,601318,14:22:16,58.4500,7,1
2026-04-16,601318,14:22:19,58.4500,32,1
2026-04-16,601318,14:22:22,58.4400,73,2
2026-04-16,601318,14:22:25,58.4400,76,1
2026-04-16,601318,14:22:28,58.4400,28,2
2026-04-16,601318,14:22:31,58.4500,10,1
2026-04-16,601318,14:22:34,58.4400,27,2
2026-04-16,601318,14:22:37,58.4500,75,1
2026-04-16,601318,14:22:40,58.4600,87,1
2026-04-16,601318,14:22:43,58.4600,3,1
2026-04-16,601318,14:22:46,58.4600,78,1
2026-04-16,601318,14:22:49,58.4500,16,2
2026-04-16,601318,14:22:52,58.4500,26,1
2026-04-16,601318,14:22:55,58.4500,39,2
2026-04-16,601318,14:22:58,58.4600,179,1
2026-04-16,601318,14:23:01,58.4500,53,2
2026-04-16,601318,14:23:04,58.4800,231,1
2026-04-16,601318,14:23:07,58.5000,275,1
2026-04-16,601318,14:23:10,58.4600,12,2
2026-04-16,601318,14:23:13,58.5000,80,1
2026-04-16,601318,14:23:16,58.4900,21,1
2026-04-16,601318,14:23:19,58.4900,5,1
2026-04-16,601318,14:23:22,58.4900,20,1
2026-04-16,601318,14:23:25,58.4900,32,1
2026-04-16,601318,14:23:28,58.4900,18,1
2026-04-16,601318,14:23:31,58.4900,23,1
2026-04-16,601318,14:23:34,58.4900,83,2
2026-04-16,601318,14:23:37,58.5000,18,1
2026-04-16,601318,14:23:40,58.5000,58,2
2026-04-16,601318,14:23:43,58.5000,6,2
2026-04-16,601318,14:23:46,58.5000,11,2
2026-04-16,601318,14:23:49,58.5000,38,2
2026-04-16,601318,14:23:52,58.5000,130,2
2026-04-16,601318,14:23:55,58.5000,60,2
2026-04-16,601318,14:23:58,58.5000,110,2
2026-04-16,601318,14:24:01,58.5100,120,1
2026-04-16,601318,14:24:04,58.5100,25,1
2026-04-16,601318,14:24:07,58.5100,20,1
2026-04-16,601318,14:24:10,58.5000,14,2
2026-04-16,601318,14:24:13,58.5000,109,2
2026-04-16,601318,14:24:16,58.5400,232,1
2026-04-16,601318,14:24:19,58.5000,53,2
2026-04-16,601318,14:24:22,58.5400,164,1
2026-04-16,601318,14:24:25,58.4900,251,2
2026-04-16,601318,14:24:28,58.5000,137,1
2026-04-16,601318,14:24:31,58.5000,82,1
2026-04-16,601318,14:24:34,58.5100,74,1
2026-04-16,601318,14:24:37,58.5000,12,4
2026-04-16,601318,14:24:40,58.4900,49,2
2026-04-16,601318,14:24:43,58.5100,86,1
2026-04-16,601318,14:24:46,58.5100,9,1
2026-04-16,601318,14:24:49,58.5300,116,1
2026-04-16,601318,14:24:52,58.5100,129,2
2026-04-16,601318,14:24:55,58.5200,277,2
2026-04-16,601318,14:24:58,58.5400,309,1
2026-04-16,601318,14:25:01,58.5400,176,2
2026-04-16,601318,14:25:04,58.5300,151,2
2026-04-16,601318,14:25:07,58.5300,39,1
2026-04-16,601318,14:25:10,58.5200,153,2
2026-04-16,601318,14:25:13,58.5200,90,1
2026-04-16,601318,14:25:16,58.5100,37,2
2026-04-16,601318,14:25:19,58.5200,15,1
2026-04-16,601318,14:25:22,58.5100,92,2
2026-04-16,601318,14:25:25,58.5000,374,2
2026-04-16,601318,14:25:28,58.5000,84,1
2026-04-16,601318,14:25:31,58.4900,27,2
2026-04-16,601318,14:25:34,58.5000,186,1
2026-04-16,601318,14:25:37,58.4700,470,2
2026-04-16,601318,14:25:40,58.5000,133,1
2026-04-16,601318,14:25:43,58.4900,83,2
2026-04-16,601318,14:25:46,58.4900,21,1
2026-04-16,601318,14:25:49,58.4900,78,1
2026-04-16,601318,14:25:52,58.4900,2,2
2026-04-16,601318,14:25:55,58.4900,8,2
2026-04-16,601318,14:25:58,58.5000,4,1
2026-04-16,601318,14:26:01,58.5000,4,1
2026-04-16,601318,14:26:04,58.5000,57,1
2026-04-16,601318,14:26:07,58.4900,13,2
2026-04-16,601318,14:26:10,58.5000,11,1
2026-04-16,601318,14:26:13,58.5000,20,1
2026-04-16,601318,14:26:16,58.5000,3,1
2026-04-16,601318,14:26:19,58.5000,12,1
2026-04-16,601318,14:26:22,58.5000,20,1
2026-04-16,601318,14:26:25,58.5000,58,1
2026-04-16,601318,14:26:28,58.5000,24,2
2026-04-16,601318,14:26:31,58.5000,5,2
2026-04-16,601318,14:26:34,58.5100,21,1
2026-04-16,601318,14:26:37,58.5100,21,1
2026-04-16,601318,14:26:40,58.5000,8,2
2026-04-16,601318,14:26:43,58.5100,55,1
2026-04-16,601318,14:26:46,58.5200,17,1
2026-04-16,601318,14:26:49,58.5100,182,2
2026-04-16,601318,14:26:52,58.5200,17,1
2026-04-16,601318,14:26:55,58.5200,12,1
2026-04-16,601318,14:26:58,58.5500,164,1
2026-04-16,601318,14:27:01,58.5300,68,1
2026-04-16,601318,14:27:04,58.5300,37,2
2026-04-16,601318,14:27:07,58.5200,318,2
2026-04-16,601318,14:27:10,58.5200,619,2
2026-04-16,601318,14:27:13,58.5200,206,2
2026-04-16,601318,14:27:16,58.5000,174,2
2026-04-16,601318,14:27:19,58.5100,21,4
2026-04-16,601318,14:27:22,58.5000,80,2
2026-04-16,601318,14:27:25,58.5000,15,2
2026-04-16,601318,14:27:28,58.5100,2,1
2026-04-16,601318,14:27:31,58.5100,63,1
2026-04-16,601318,14:27:34,58.5100,18,2
2026-04-16,601318,14:27:37,58.5100,4,2
2026-04-16,601318,14:27:40,58.5200,23,1
2026-04-16,601318,14:27:43,58.5100,14,2
2026-04-16,601318,14:27:46,58.5100,11,2
2026-04-16,601318,14:27:49,58.5100,11,2
2026-04-16,601318,14:27:52,58.5100,158,2
2026-04-16,601318,14:27:55,58.5100,46,2
2026-04-16,601318,14:27:58,58.5100,80,2
2026-04-16,601318,14:28:01,58.5100,39,1
2026-04-16,601318,14:28:04,58.5000,16,2
2026-04-16,601318,14:28:07,58.5100,16,1
2026-04-16,601318,14:28:10,58.5100,47,1
2026-04-16,601318,14:28:13,58.5200,59,1
2026-04-16,601318,14:28:16,58.5600,163,1
2026-04-16,601318,14:28:19,58.5100,430,2
2026-04-16,601318,14:28:22,58.5200,8,1
2026-04-16,601318,14:28:25,58.5100,59,2
2026-04-16,601318,14:28:28,58.5200,76,1
2026-04-16,601318,14:28:31,58.5200,78,1
2026-04-16,601318,14:28:34,58.5100,48,2
2026-04-16,601318,14:28:37,58.5000,63,2
2026-04-16,601318,14:28:40,58.5000,547,2
2026-04-16,601318,14:28:43,58.4900,162,2
2026-04-16,601318,14:28:46,58.5000,8,1
2026-04-16,601318,14:28:49,58.4900,21,2
2026-04-16,601318,14:28:52,58.5000,15,1
2026-04-16,601318,14:28:55,58.5000,8,1
2026-04-16,601318,14:28:58,58.5000,25,1
2026-04-16,601318,14:29:01,58.4900,238,2
2026-04-16,601318,14:29:04,58.5000,118,1
2026-04-16,601318,14:29:07,58.5000,47,1
2026-04-16,601318,14:29:10,58.5000,37,1
2026-04-16,601318,14:29:13,58.5000,65,1
2026-04-16,601318,14:29:16,58.5000,22,2
2026-04-16,601318,14:29:19,58.5000,24,2
2026-04-16,601318,14:29:22,58.5100,4,1
2026-04-16,601318,14:29:25,58.5000,6,2
2026-04-16,601318,14:29:28,58.5100,25,1
2026-04-16,601318,14:29:31,58.5100,22,1
2026-04-16,601318,14:29:34,58.5100,160,1
2026-04-16,601318,14:29:37,58.5000,57,2
2026-04-16,601318,14:29:40,58.5000,22,2
2026-04-16,601318,14:29:46,58.5100,50,1
2026-04-16,601318,14:29:49,58.5100,25,2
2026-04-16,601318,14:29:52,58.5200,42,1
2026-04-16,601318,14:29:55,58.5200,114,1
2026-04-16,601318,14:29:58,58.5200,15,1
2026-04-16,601318,14:30:01,58.5200,53,1
2026-04-16,601318,14:30:04,58.5500,215,1
2026-04-16,601318,14:30:07,58.5300,27,1
2026-04-16,601318,14:30:10,58.5300,27,1
2026-04-16,601318,14:30:13,58.5300,308,1
2026-04-16,601318,14:30:16,58.5600,151,1
2026-04-16,601318,14:30:19,58.5500,80,1
2026-04-16,601318,14:30:22,58.5500,205,1
2026-04-16,601318,14:30:25,58.5500,211,2
2026-04-16,601318,14:30:28,58.5500,47,2
2026-04-16,601318,14:30:31,58.5500,26,2
2026-04-16,601318,14:30:34,58.5200,174,2
2026-04-16,601318,14:30:37,58.5400,112,1
2026-04-16,601318,14:30:40,58.5500,64,1
2026-04-16,601318,14:30:43,58.5500,55,1
2026-04-16,601318,14:30:46,58.5500,30,1
2026-04-16,601318,14:30:49,58.5500,17,1
2026-04-16,601318,14:30:52,58.5700,100,1
2026-04-16,601318,14:30:55,58.5800,184,1
2026-04-16,601318,14:30:58,58.5700,681,2
2026-04-16,601318,14:31:01,58.5800,267,1
2026-04-16,601318,14:31:04,58.5900,4,1
2026-04-16,601318,14:31:07,58.5900,227,1
2026-04-16,601318,14:31:10,58.5900,221,1
2026-04-16,601318,14:31:13,58.5900,40,2
2026-04-16,601318,14:31:16,58.6000,417,1
2026-04-16,601318,14:31:19,58.6100,122,2
2026-04-16,601318,14:31:22,58.6100,171,2
2026-04-16,601318,14:31:25,58.6100,17,2
2026-04-16,601318,14:31:28,58.6200,208,1
2026-04-16,601318,14:31:31,58.6200,231,1
2026-04-16,601318,14:31:34,58.6500,182,1
2026-04-16,601318,14:31:37,58.6300,72,2
2026-04-16,601318,14:31:40,58.6400,280,1
2026-04-16,601318,14:31:43,58.6500,240,1
2026-04-16,601318,14:31:46,58.6400,50,4
2026-04-16,601318,14:31:49,58.6400,113,2
2026-04-16,601318,14:31:52,58.6400,104,1
2026-04-16,601318,14:31:55,58.6400,156,1
2026-04-16,601318,14:31:58,58.6500,108,1
2026-04-16,601318,14:32:01,58.6500,48,2
2026-04-16,601318,14:32:04,58.6600,132,1
2026-04-16,601318,14:32:07,58.6500,218,2
2026-04-16,601318,14:32:10,58.6500,111,1
2026-04-16,601318,14:32:13,58.6500,51,1
2026-04-16,601318,14:32:16,58.6500,132,1
2026-04-16,601318,14:32:19,58.6400,337,2
2026-04-16,601318,14:32:22,58.6300,282,2
2026-04-16,601318,14:32:25,58.6400,133,1
2026-04-16,601318,14:32:28,58.6400,330,1
2026-04-16,601318,14:32:31,58.6400,78,1
2026-04-16,601318,14:32:34,58.6400,135,2
2026-04-16,601318,14:32:37,58.6400,604,1
2026-04-16,601318,14:32:40,58.6500,88,4
2026-04-16,601318,14:32:43,58.6600,90,1
2026-04-16,601318,14:32:46,58.6600,230,2
2026-04-16,601318,14:32:49,58.6600,51,1
2026-04-16,601318,14:32:52,58.6700,352,1
2026-04-16,601318,14:32:55,58.6900,434,1
2026-04-16,601318,14:32:58,58.6900,1041,1
2026-04-16,601318,14:33:01,58.7200,161,1
2026-04-16,601318,14:33:04,58.7200,36,1
2026-04-16,601318,14:33:07,58.7200,339,1
2026-04-16,601318,14:33:10,58.7300,177,1
2026-04-16,601318,14:33:13,58.7200,389,2
2026-04-16,601318,14:33:16,58.7200,554,2
2026-04-16,601318,14:33:19,58.7200,229,1
2026-04-16,601318,14:33:22,58.7300,262,1
2026-04-16,601318,14:33:25,58.7300,433,1
2026-04-16,601318,14:33:28,58.7300,537,1
2026-04-16,601318,14:33:31,58.7300,51,2
2026-04-16,601318,14:33:34,58.7300,202,2
2026-04-16,601318,14:33:37,58.7300,216,1
2026-04-16,601318,14:33:40,58.7300,35,1
2026-04-16,601318,14:33:43,58.7100,148,2
2026-04-16,601318,14:33:46,58.7100,123,1
2026-04-16,601318,14:33:49,58.7100,79,2
2026-04-16,601318,14:33:52,58.7100,144,2
2026-04-16,601318,14:33:55,58.7100,36,2
2026-04-16,601318,14:33:58,58.7100,138,1
2026-04-16,601318,14:34:01,58.7100,75,1
2026-04-16,601318,14:34:04,58.7100,76,1
2026-04-16,601318,14:34:07,58.7100,167,1
2026-04-16,601318,14:34:10,58.7200,46,1
2026-04-16,601318,14:34:13,58.7100,191,2
2026-04-16,601318,14:34:16,58.7400,1099,1
2026-04-16,601318,14:34:19,58.7500,455,1
2026-04-16,601318,14:34:22,58.7700,101,1
2026-04-16,601318,14:34:25,58.7600,42,1
2026-04-16,601318,14:34:28,58.7700,68,1
2026-04-16,601318,14:34:31,58.7700,66,1
2026-04-16,601318,14:34:34,58.7400,401,2
2026-04-16,601318,14:34:37,58.7800,223,1
2026-04-16,601318,14:34:40,58.7700,59,4
2026-04-16,601318,14:34:43,58.7700,142,1
2026-04-16,601318,14:34:46,58.7700,160,1
2026-04-16,601318,14:34:49,58.7700,62,1
2026-04-16,601318,14:34:52,58.7600,28,4
2026-04-16,601318,14:34:55,58.7600,185,1
2026-04-16,601318,14:34:58,58.7600,145,2
2026-04-16,601318,14:35:01,58.7800,332,1
2026-04-16,601318,14:35:04,58.7700,271,2
2026-04-16,601318,14:35:07,58.7800,154,1
2026-04-16,601318,14:35:10,58.7900,232,1
2026-04-16,601318,14:35:13,58.7700,156,2
2026-04-16,601318,14:35:16,58.7700,212,2
2026-04-16,601318,14:35:19,58.7800,203,1
2026-04-16,601318,14:35:22,58.7800,885,1
2026-04-16,601318,14:35:25,58.7900,224,1
2026-04-16,601318,14:35:28,58.8000,233,1
2026-04-16,601318,14:35:31,58.7900,174,2
2026-04-16,601318,14:35:34,58.7900,122,2
2026-04-16,601318,14:35:37,58.7800,340,2
2026-04-16,601318,14:35:40,58.7700,1400,2
2026-04-16,601318,14:35:43,58.7600,198,2
2026-04-16,601318,14:35:46,58.7700,148,1
2026-04-16,601318,14:35:49,58.7500,91,2
2026-04-16,601318,14:35:52,58.7500,178,2
2026-04-16,601318,14:35:55,58.7600,165,1
2026-04-16,601318,14:35:58,58.7600,194,1
2026-04-16,601318,14:36:01,58.7700,116,1
2026-04-16,601318,14:36:04,58.7700,36,2
2026-04-16,601318,14:36:07,58.7700,35,2
2026-04-16,601318,14:36:10,58.7700,146,2
2026-04-16,601318,14:36:13,58.7600,294,2
2026-04-16,601318,14:36:16,58.7600,233,1
2026-04-16,601318,14:36:19,58.7600,134,2
2026-04-16,601318,14:36:22,58.7700,82,1
2026-04-16,601318,14:36:25,58.7700,82,2
2026-04-16,601318,14:36:28,58.7600,722,2
2026-04-16,601318,14:36:31,58.7600,470,2
2026-04-16,601318,14:36:34,58.7400,355,2
2026-04-16,601318,14:36:37,58.7400,81,2
2026-04-16,601318,14:36:40,58.7400,86,1
2026-04-16,601318,14:36:43,58.7400,123,1
2026-04-16,601318,14:36:46,58.7200,85,2
2026-04-16,601318,14:36:49,58.7300,99,1
2026-04-16,601318,14:36:52,58.7100,157,2
2026-04-16,601318,14:36:55,58.7000,507,2
2026-04-16,601318,14:36:58,58.6900,1249,2
2026-04-16,601318,14:37:01,58.6800,423,2
2026-04-16,601318,14:37:04,58.6800,135,2
2026-04-16,601318,14:37:07,58.6900,542,1
2026-04-16,601318,14:37:10,58.7000,58,1
2026-04-16,601318,14:37:13,58.6900,111,2
2026-04-16,601318,14:37:16,58.7100,469,1
2026-04-16,601318,14:37:19,58.7100,266,1
2026-04-16,601318,14:37:22,58.7100,140,2
2026-04-16,601318,14:37:25,58.7200,15,1
2026-04-16,601318,14:37:28,58.7200,71,1
2026-04-16,601318,14:37:31,58.7200,134,1
2026-04-16,601318,14:37:34,58.7200,22,1
2026-04-16,601318,14:37:37,58.7200,105,1
2026-04-16,601318,14:37:40,58.7200,180,1
2026-04-16,601318,14:37:43,58.7200,49,1
2026-04-16,601318,14:37:46,58.7200,96,1
2026-04-16,601318,14:37:49,58.7100,90,2
2026-04-16,601318,14:37:52,58.7200,84,1
2026-04-16,601318,14:37:55,58.7100,151,2
2026-04-16,601318,14:37:58,58.7100,101,2
2026-04-16,601318,14:38:01,58.7200,16,1
2026-04-16,601318,14:38:04,58.7200,197,1
2026-04-16,601318,14:38:07,58.7200,200,1
2026-04-16,601318,14:38:10,58.7200,52,1
2026-04-16,601318,14:38:13,58.7100,25,2
2026-04-16,601318,14:38:16,58.7100,249,2
2026-04-16,601318,14:38:19,58.7100,133,2
2026-04-16,601318,14:38:22,58.7100,18,2
2026-04-16,601318,14:38:25,58.7100,27,1
2026-04-16,601318,14:38:28,58.7000,1091,2
2026-04-16,601318,14:38:31,58.6900,644,2
2026-04-16,601318,14:38:34,58.6900,219,2
2026-04-16,601318,14:38:37,58.6800,100,2
2026-04-16,601318,14:38:40,58.7000,298,1
2026-04-16,601318,14:38:43,58.6900,19,2
2026-04-16,601318,14:38:46,58.7000,53,1
2026-04-16,601318,14:38:49,58.6900,9,1
2026-04-16,601318,14:38:52,58.6900,101,1
2026-04-16,601318,14:38:55,58.6900,52,2
2026-04-16,601318,14:38:58,58.6900,89,2
2026-04-16,601318,14:39:01,58.6900,184,2
2026-04-16,601318,14:39:04,58.6900,1062,2
2026-04-16,601318,14:39:07,58.6900,129,2
2026-04-16,601318,14:39:10,58.6800,98,2
2026-04-16,601318,14:39:13,58.6800,4,1
2026-04-16,601318,14:39:16,58.6700,87,2
2026-04-16,601318,14:39:19,58.6800,135,1
2026-04-16,601318,14:39:22,58.6700,164,2
2026-04-16,601318,14:39:25,58.6800,162,1
2026-04-16,601318,14:39:28,58.6700,68,2
2026-04-16,601318,14:39:31,58.6900,252,1
2026-04-16,601318,14:39:34,58.6900,35,2
2026-04-16,601318,14:39:37,58.6900,34,1
2026-04-16,601318,14:39:40,58.7000,110,1
2026-04-16,601318,14:39:43,58.7000,18,1
2026-04-16,601318,14:39:46,58.7000,6,1
2026-04-16,601318,14:39:49,58.6900,64,2
2026-04-16,601318,14:39:52,58.6900,11,2
2026-04-16,601318,14:39:55,58.6900,160,2
2026-04-16,601318,14:39:58,58.6900,141,2
2026-04-16,601318,14:40:01,58.6900,27,2
2026-04-16,601318,14:40:04,58.6900,70,2
2026-04-16,601318,14:40:07,58.7000,81,1
2026-04-16,601318,14:40:10,58.7000,175,1
2026-04-16,601318,14:40:13,58.7000,43,1
2026-04-16,601318,14:40:16,58.7100,51,1
2026-04-16,601318,14:40:19,58.7000,40,2
2026-04-16,601318,14:40:22,58.7000,35,2
2026-04-16,601318,14:40:25,58.6900,262,2
2026-04-16,601318,14:40:28,58.7100,62,1
2026-04-16,601318,14:40:31,58.7000,55,2
2026-04-16,601318,14:40:34,58.7000,103,2
2026-04-16,601318,14:40:37,58.7000,50,2
2026-04-16,601318,14:40:40,58.6900,643,2
2026-04-16,601318,14:40:43,58.6900,146,1
2026-04-16,601318,14:40:46,58.6800,33,2
2026-04-16,601318,14:40:49,58.6800,288,2
2026-04-16,601318,14:40:52,58.6800,229,2
2026-04-16,601318,14:40:55,58.6800,460,2
2026-04-16,601318,14:40:58,58.6500,525,2
2026-04-16,601318,14:41:01,58.6500,323,2
2026-04-16,601318,14:41:04,58.6300,24,2
2026-04-16,601318,14:41:07,58.6200,223,2
2026-04-16,601318,14:41:10,58.6400,67,1
2026-04-16,601318,14:41:13,58.6200,99,2
2026-04-16,601318,14:41:16,58.6300,31,4
2026-04-16,601318,14:41:19,58.6400,86,1
2026-04-16,601318,14:41:22,58.6300,45,2
2026-04-16,601318,14:41:25,58.6400,2881,1
2026-04-16,601318,14:41:28,58.6300,39,1
2026-04-16,601318,14:41:31,58.6200,15,2
2026-04-16,601318,14:41:34,58.6200,15,4
2026-04-16,601318,14:41:37,58.6100,42,4
2026-04-16,601318,14:41:40,58.6200,23,1
2026-04-16,601318,14:41:43,58.6300,114,1
2026-04-16,601318,14:41:46,58.6200,47,1
2026-04-16,601318,14:41:49,58.6100,42,2
2026-04-16,601318,14:41:52,58.6200,96,1
2026-04-16,601318,14:41:55,58.6100,175,2
2026-04-16,601318,14:41:58,58.6100,5,1
2026-04-16,601318,14:42:01,58.6100,198,1
2026-04-16,601318,14:42:04,58.6100,39,1
2026-04-16,601318,14:42:07,58.6100,67,1
2026-04-16,601318,14:42:10,58.6100,108,1
2026-04-16,601318,14:42:13,58.6100,86,1
2026-04-16,601318,14:42:16,58.6200,99,1
2026-04-16,601318,14:42:19,58.6200,26,1
2026-04-16,601318,14:42:22,58.6200,2,1
2026-04-16,601318,14:42:25,58.6300,122,1
2026-04-16,601318,14:42:28,58.6400,56,1
2026-04-16,601318,14:42:31,58.6200,1,2
2026-04-16,601318,14:42:34,58.6400,2,1
2026-04-16,601318,14:42:37,58.6400,24,1
2026-04-16,601318,14:42:40,58.6400,9,1
2026-04-16,601318,14:42:43,58.6400,21,2
2026-04-16,601318,14:42:46,58.6500,124,1
2026-04-16,601318,14:42:49,58.6500,65,1
2026-04-16,601318,14:42:52,58.6600,71,1
2026-04-16,601318,14:42:55,58.6700,16,1
2026-04-16,601318,14:42:58,58.6500,24,2
2026-04-16,601318,14:43:01,58.6600,116,1
2026-04-16,601318,14:43:04,58.7000,295,1
2026-04-16,601318,14:43:07,58.6700,7,2
2026-04-16,601318,14:43:10,58.6700,8,1
2026-04-16,601318,14:43:13,58.6700,29,1
2026-04-16,601318,14:43:16,58.6700,87,1
2026-04-16,601318,14:43:19,58.6700,56,1
2026-04-16,601318,14:43:22,58.6700,309,1
2026-04-16,601318,14:43:25,58.6700,97,2
2026-04-16,601318,14:43:28,58.6800,407,1
2026-04-16,601318,14:43:31,58.6700,94,2
2026-04-16,601318,14:43:34,58.6800,334,1
2026-04-16,601318,14:43:37,58.6900,25,1
2026-04-16,601318,14:43:40,58.6900,19,1
2026-04-16,601318,14:43:43,58.7000,109,1
2026-04-16,601318,14:43:46,58.6900,278,2
2026-04-16,601318,14:43:49,58.6900,74,2
2026-04-16,601318,14:43:52,58.6900,273,2
2026-04-16,601318,14:43:55,58.7000,262,4
2026-04-16,601318,14:43:58,58.6900,18,2
2026-04-16,601318,14:44:01,58.7000,112,1
2026-04-16,601318,14:44:04,58.6900,145,2
2026-04-16,601318,14:44:07,58.6800,78,2
2026-04-16,601318,14:44:10,58.6900,51,1
2026-04-16,601318,14:44:13,58.6800,43,2
2026-04-16,601318,14:44:16,58.6900,78,1
2026-04-16,601318,14:44:19,58.6900,223,2
2026-04-16,601318,14:44:22,58.6900,333,1
2026-04-16,601318,14:44:25,58.6900,257,1
2026-04-16,601318,14:44:28,58.7000,64,1
2026-04-16,601318,14:44:31,58.7100,67,1
2026-04-16,601318,14:44:34,58.6900,43,2
2026-04-16,601318,14:44:37,58.6800,277,2
2026-04-16,601318,14:44:40,58.6900,47,4
2026-04-16,601318,14:44:43,58.6800,37,2
2026-04-16,601318,14:44:46,58.7000,46,1
2026-04-16,601318,14:44:49,58.7000,17,1
2026-04-16,601318,14:44:52,58.6900,11,2
2026-04-16,601318,14:44:55,58.7000,14,1
2026-04-16,601318,14:44:58,58.7000,43,1
2026-04-16,601318,14:45:01,58.7000,3,1
2026-04-16,601318,14:45:04,58.6900,518,2
2026-04-16,601318,14:45:07,58.6800,650,2
2026-04-16,601318,14:45:10,58.6800,140,1
2026-04-16,601318,14:45:13,58.6700,62,1
2026-04-16,601318,14:45:16,58.6600,221,2
2026-04-16,601318,14:45:19,58.6800,214,1
2026-04-16,601318,14:45:22,58.6500,71,2
2026-04-16,601318,14:45:25,58.6500,63,2
2026-04-16,601318,14:45:28,58.6600,172,1
2026-04-16,601318,14:45:31,58.6700,34,1
2026-04-16,601318,14:45:34,58.6600,34,2
2026-04-16,601318,14:45:37,58.6700,122,1
2026-04-16,601318,14:45:40,58.6600,215,2
2026-04-16,601318,14:45:43,58.6600,294,2
2026-04-16,601318,14:45:46,58.6600,25,1
2026-04-16,601318,14:45:49,58.6600,48,1
2026-04-16,601318,14:45:52,58.6500,30,2
2026-04-16,601318,14:45:55,58.6600,111,1
2026-04-16,601318,14:45:58,58.6600,59,1
2026-04-16,601318,14:46:01,58.6500,50,2
2026-04-16,601318,14:46:04,58.6500,37,2
2026-04-16,601318,14:46:07,58.6600,120,1
2026-04-16,601318,14:46:10,58.6600,25,1
2026-04-16,601318,14:46:13,58.6500,26,2
2026-04-16,601318,14:46:16,58.6600,44,1
2026-04-16,601318,14:46:19,58.6600,38,1
2026-04-16,601318,14:46:22,58.6500,76,2
2026-04-16,601318,14:46:25,58.6600,104,1
2026-04-16,601318,14:46:28,58.6600,95,1
2026-04-16,601318,14:46:31,58.6700,146,1
2026-04-16,601318,14:46:34,58.6700,35,2
2026-04-16,601318,14:46:37,58.6700,226,2
2026-04-16,601318,14:46:40,58.6700,11,1
2026-04-16,601318,14:46:43,58.6600,48,2
2026-04-16,601318,14:46:46,58.6700,47,1
2026-04-16,601318,14:46:49,58.6600,35,2
2026-04-16,601318,14:46:52,58.6600,561,2
2026-04-16,601318,14:46:56,58.6500,174,2
2026-04-16,601318,14:46:58,58.6600,716,1
2026-04-16,601318,14:47:01,58.6500,154,2
2026-04-16,601318,14:47:04,58.6400,962,2
2026-04-16,601318,14:47:07,58.6200,1171,2
2026-04-16,601318,14:47:10,58.6200,69,2
2026-04-16,601318,14:47:13,58.6300,91,1
2026-04-16,601318,14:47:16,58.6200,120,2
2026-04-16,601318,14:47:19,58.6300,11,1
2026-04-16,601318,14:47:22,58.6300,41,1
2026-04-16,601318,14:47:25,58.6300,27,1
2026-04-16,601318,14:47:28,58.6300,289,1
2026-04-16,601318,14:47:31,58.6300,10,2
2026-04-16,601318,14:47:34,58.6400,62,1
2026-04-16,601318,14:47:37,58.6400,32,1
2026-04-16,601318,14:47:40,58.6400,17,1
2026-04-16,601318,14:47:43,58.6400,102,1
2026-04-16,601318,14:47:46,58.6300,20,2
2026-04-16,601318,14:47:49,58.6500,19,1
2026-04-16,601318,14:47:52,58.6500,25,1
2026-04-16,601318,14:47:55,58.6500,33,1
2026-04-16,601318,14:47:58,58.6500,196,1
2026-04-16,601318,14:48:01,58.6500,67,1
2026-04-16,601318,14:48:04,58.6500,171,2
2026-04-16,601318,14:48:07,58.6500,10,2
2026-04-16,601318,14:48:10,58.6600,48,1
2026-04-16,601318,14:48:13,58.6500,4,2
2026-04-16,601318,14:48:16,58.6600,31,1
2026-04-16,601318,14:48:19,58.6600,14,1
2026-04-16,601318,14:48:22,58.6600,87,1
2026-04-16,601318,14:48:25,58.6600,32,1
2026-04-16,601318,14:48:28,58.6600,220,1
2026-04-16,601318,14:48:31,58.6600,74,2
2026-04-16,601318,14:48:34,58.6700,160,1
2026-04-16,601318,14:48:37,58.6600,39,2
2026-04-16,601318,14:48:40,58.6700,179,1
2026-04-16,601318,14:48:43,58.6800,305,1
2026-04-16,601318,14:48:46,58.6800,183,1
2026-04-16,601318,14:48:49,58.6800,68,1
2026-04-16,601318,14:48:52,58.7000,208,1
2026-04-16,601318,14:48:55,58.6800,12,2
2026-04-16,601318,14:48:58,58.6900,86,4
2026-04-16,601318,14:49:01,58.6900,266,2
2026-04-16,601318,14:49:04,58.6900,221,1
2026-04-16,601318,14:49:07,58.6800,83,2
2026-04-16,601318,14:49:10,58.7000,142,1
2026-04-16,601318,14:49:13,58.7100,52,1
2026-04-16,601318,14:49:16,58.7000,47,2
2026-04-16,601318,14:49:19,58.7000,182,2
2026-04-16,601318,14:49:22,58.6600,2209,2
2026-04-16,601318,14:49:25,58.6500,265,2
2026-04-16,601318,14:49:28,58.6600,37,1
2026-04-16,601318,14:49:31,58.6600,306,1
2026-04-16,601318,14:49:34,58.6700,20,4
2026-04-16,601318,14:49:37,58.6800,118,1
2026-04-16,601318,14:49:40,58.7000,17,1
2026-04-16,601318,14:49:43,58.6800,49,2
2026-04-16,601318,14:49:46,58.6900,91,1
2026-04-16,601318,14:49:49,58.6900,69,2
2026-04-16,601318,14:49:52,58.6900,82,2
2026-04-16,601318,14:49:55,58.7000,121,1
2026-04-16,601318,14:49:58,58.6900,24,2
2026-04-16,601318,14:50:01,58.6900,355,2
2026-04-16,601318,14:50:04,58.6800,146,2
2026-04-16,601318,14:50:07,58.6800,302,1
2026-04-16,601318,14:50:10,58.6800,88,1
2026-04-16,601318,14:50:13,58.6800,148,1
2026-04-16,601318,14:50:16,58.6800,175,1
2026-04-16,601318,14:50:19,58.6900,43,1
2026-04-16,601318,14:50:22,58.6800,42,2
2026-04-16,601318,14:50:25,58.6700,59,2
2026-04-16,601318,14:50:28,58.6800,94,1
2026-04-16,601318,14:50:31,58.6800,189,1
2026-04-16,601318,14:50:34,58.6700,8,2
2026-04-16,601318,14:50:37,58.6700,31,2
2026-04-16,601318,14:50:40,58.6800,199,1
2026-04-16,601318,14:50:43,58.6800,50,2
2026-04-16,601318,14:50:46,58.6800,70,2
2026-04-16,601318,14:50:49,58.6900,42,1
2026-04-16,601318,14:50:52,58.6800,62,2
2026-04-16,601318,14:50:55,58.6800,37,2
2026-04-16,601318,14:50:58,58.6900,558,1
2026-04-16,601318,14:51:01,58.6400,1611,2
2026-04-16,601318,14:51:04,58.6300,236,2
2026-04-16,601318,14:51:07,58.6000,756,2
2026-04-16,601318,14:51:10,58.6000,75,1
2026-04-16,601318,14:51:13,58.6000,198,1
2026-04-16,601318,14:51:16,58.6000,200,1
2026-04-16,601318,14:51:19,58.5900,112,2
2026-04-16,601318,14:51:22,58.5900,68,4
2026-04-16,601318,14:51:25,58.5900,248,1
2026-04-16,601318,14:51:28,58.6000,135,1
2026-04-16,601318,14:51:31,58.6000,15,1
2026-04-16,601318,14:51:34,58.5900,43,2
2026-04-16,601318,14:51:37,58.6000,26,1
2026-04-16,601318,14:51:40,58.5900,77,2
2026-04-16,601318,14:51:43,58.5900,177,2
2026-04-16,601318,14:51:46,58.6000,190,1
2026-04-16,601318,14:51:49,58.6000,82,1
2026-04-16,601318,14:51:52,58.5900,142,2
2026-04-16,601318,14:51:55,58.6100,36,1
2026-04-16,601318,14:51:58,58.6000,64,2
2026-04-16,601318,14:52:01,58.6100,77,1
2026-04-16,601318,14:52:04,58.6000,205,2
2026-04-16,601318,14:52:07,58.6000,128,2
2026-04-16,601318,14:52:10,58.6000,57,2
2026-04-16,601318,14:52:13,58.6100,46,1
2026-04-16,601318,14:52:16,58.6000,49,2
2026-04-16,601318,14:52:19,58.6100,141,1
2026-04-16,601318,14:52:22,58.6100,52,1
2026-04-16,601318,14:52:25,58.6100,52,1
2026-04-16,601318,14:52:28,58.6100,134,1
2026-04-16,601318,14:52:31,58.6100,36,1
2026-04-16,601318,14:52:34,58.6000,70,2
2026-04-16,601318,14:52:37,58.6000,184,2
2026-04-16,601318,14:52:40,58.6000,591,2
2026-04-16,601318,14:52:43,58.5700,398,2
2026-04-16,601318,14:52:46,58.5800,344,1
2026-04-16,601318,14:52:49,58.5700,83,4
2026-04-16,601318,14:52:52,58.5600,54,2
2026-04-16,601318,14:52:55,58.5800,61,1
2026-04-16,601318,14:52:58,58.5800,122,1
2026-04-16,601318,14:53:01,58.5700,120,2
2026-04-16,601318,14:53:04,58.5700,240,2
2026-04-16,601318,14:53:07,58.5700,143,2
2026-04-16,601318,14:53:10,58.5700,213,2
2026-04-16,601318,14:53:13,58.5600,265,2
2026-04-16,601318,14:53:16,58.5600,48,2
2026-04-16,601318,14:53:19,58.5700,65,2
2026-04-16,601318,14:53:22,58.5700,237,2
2026-04-16,601318,14:53:25,58.5700,114,2
2026-04-16,601318,14:53:28,58.5800,275,1
2026-04-16,601318,14:53:31,58.5800,207,1
2026-04-16,601318,14:53:34,58.5700,110,2
2026-04-16,601318,14:53:37,58.5800,179,1
2026-04-16,601318,14:53:40,58.5800,163,2
2026-04-16,601318,14:53:43,58.5800,301,2
2026-04-16,601318,14:53:46,58.5800,134,2
2026-04-16,601318,14:53:49,58.5900,87,1
2026-04-16,601318,14:53:52,58.5900,239,1
2026-04-16,601318,14:53:55,58.6000,314,1
2026-04-16,601318,14:53:58,58.5900,187,2
2026-04-16,601318,14:54:01,58.5700,164,2
2026-04-16,601318,14:54:04,58.5800,204,4
2026-04-16,601318,14:54:07,58.5800,171,2
2026-04-16,601318,14:54:10,58.5900,254,1
2026-04-16,601318,14:54:13,58.5700,283,2
2026-04-16,601318,14:54:16,58.5700,477,1
2026-04-16,601318,14:54:19,58.5900,152,1
2026-04-16,601318,14:54:22,58.5900,167,1
2026-04-16,601318,14:54:25,58.5800,106,4
2026-04-16,601318,14:54:28,58.5600,451,2
2026-04-16,601318,14:54:31,58.5600,196,2
2026-04-16,601318,14:54:34,58.5600,85,2
2026-04-16,601318,14:54:37,58.5500,359,2
2026-04-16,601318,14:54:40,58.5600,128,1
2026-04-16,601318,14:54:43,58.5500,251,2
2026-04-16,601318,14:54:46,58.5600,233,1
2026-04-16,601318,14:54:49,58.5600,94,2
2026-04-16,601318,14:54:52,58.5500,164,2
2026-04-16,601318,14:54:55,58.5600,126,1
2026-04-16,601318,14:54:58,58.5600,293,2
2026-04-16,601318,14:55:01,58.5700,323,1
2026-04-16,601318,14:55:04,58.5600,1596,2
2026-04-16,601318,14:55:07,58.5600,814,1
2026-04-16,601318,14:55:10,58.5200,295,2
2026-04-16,601318,14:55:13,58.5300,239,1
2026-04-16,601318,14:55:16,58.5100,264,2
2026-04-16,601318,14:55:19,58.5000,305,2
2026-04-16,601318,14:55:22,58.5000,103,2
2026-04-16,601318,14:55:25,58.5200,151,1
2026-04-16,601318,14:55:28,58.5100,551,2
2026-04-16,601318,14:55:31,58.5200,272,1
2026-04-16,601318,14:55:34,58.5200,117,2
2026-04-16,601318,14:55:37,58.5300,25,2
2026-04-16,601318,14:55:40,58.5200,32,2
2026-04-16,601318,14:55:43,58.5200,138,2
2026-04-16,601318,14:55:46,58.5200,599,2
2026-04-16,601318,14:55:49,58.5300,105,1
2026-04-16,601318,14:55:52,58.5200,177,2
2026-04-16,601318,14:55:55,58.5300,96,4
2026-04-16,601318,14:55:58,58.5300,40,1
2026-04-16,601318,14:56:01,58.5400,415,1
2026-04-16,601318,14:56:04,58.5500,298,1
2026-04-16,601318,14:56:07,58.5600,298,1
2026-04-16,601318,14:56:10,58.5700,78,1
2026-04-16,601318,14:56:13,58.5700,317,2
2026-04-16,601318,14:56:16,58.5900,40,1
2026-04-16,601318,14:56:19,58.5900,251,1
2026-04-16,601318,14:56:22,58.5900,152,1
2026-04-16,601318,14:56:25,58.5900,185,1
2026-04-16,601318,14:56:28,58.5900,194,2
2026-04-16,601318,14:56:31,58.6000,353,1
2026-04-16,601318,14:56:34,58.6000,57,2
2026-04-16,601318,14:56:37,58.6100,246,1
2026-04-16,601318,14:56:40,58.6200,36,1
2026-04-16,601318,14:56:43,58.6200,89,1
2026-04-16,601318,14:56:46,58.6200,70,2
2026-04-16,601318,14:56:49,58.6300,78,1
2026-04-16,601318,14:56:52,58.6300,84,1
2026-04-16,601318,14:56:55,58.6300,78,1
2026-04-16,601318,14:56:58,58.6300,88,1
2026-04-16,601318,14:57:01,58.6300,8,2
2026-04-16,601318,15:00:02,58.5200,12850,4
2026-04-16,601318,13:16:43,58.5000,7,1
2026-04-16,601318,13:16:46,58.4900,14,2
2026-04-16,601318,13:16:49,58.5000,15,1
2026-04-16,601318,13:16:52,58.5000,16,1
2026-04-16,601318,13:16:55,58.4900,81,2
2026-04-16,601318,13:16:58,58.4900,19,2
2026-04-16,601318,13:17:01,58.4900,23,2
2026-04-16,601318,13:17:04,58.4900,57,2
2026-04-16,601318,13:17:07,58.5000,24,1
2026-04-16,601318,13:17:10,58.4900,12,2
2026-04-16,601318,13:17:13,58.5000,16,1
2026-04-16,601318,13:17:16,58.5000,67,1
2026-04-16,601318,13:17:19,58.5100,288,1
2026-04-16,601318,13:17:22,58.5200,104,1
2026-04-16,601318,13:17:25,58.5100,12,2
2026-04-16,601318,13:17:28,58.5200,82,1
2026-04-16,601318,13:17:31,58.5200,45,1
2026-04-16,601318,13:17:34,58.5200,26,2
2026-04-16,601318,13:17:37,58.5200,27,1
2026-04-16,601318,13:17:40,58.5200,6,2
2026-04-16,601318,13:17:43,58.5200,89,2
2026-04-16,601318,13:17:46,58.5200,46,2
2026-04-16,601318,13:17:49,58.5300,85,1
2026-04-16,601318,13:17:52,58.5300,62,2
2026-04-16,601318,13:17:55,58.5300,57,2
2026-04-16,601318,13:17:58,58.5400,28,1
2026-04-16,601318,13:18:01,58.5400,59,1
2026-04-16,601318,13:18:04,58.5400,55,1
2026-04-16,601318,13:18:07,58.5300,108,2
2026-04-16,601318,13:18:10,58.5300,15,2
2026-04-16,601318,13:18:13,58.5400,2,1
2026-04-16,601318,13:18:16,58.5300,57,2
2026-04-16,601318,13:18:19,58.5300,29,2
2026-04-16,601318,13:18:22,58.5300,17,2
2026-04-16,601318,13:18:25,58.5400,16,1
2026-04-16,601318,13:18:28,58.5400,14,1
2026-04-16,601318,13:18:31,58.5400,11,1
2026-04-16,601318,13:18:34,58.5300,88,2
2026-04-16,601318,13:18:37,58.5400,29,1
2026-04-16,601318,13:18:40,58.5400,43,1
2026-04-16,601318,13:18:43,58.5300,16,2
2026-04-16,601318,13:18:46,58.5300,12,2
2026-04-16,601318,13:18:49,58.5400,74,1
2026-04-16,601318,13:18:52,58.5400,23,1
2026-04-16,601318,13:18:55,58.5300,41,2
2026-04-16,601318,13:18:58,58.5400,25,1
2026-04-16,601318,13:19:01,58.5300,8,2
2026-04-16,601318,13:19:04,58.5300,28,1
2026-04-16,601318,13:19:07,58.5300,14,1
2026-04-16,601318,13:19:10,58.5300,6,1
2026-04-16,601318,13:19:13,58.5300,43,1
2026-04-16,601318,13:19:16,58.5300,25,1
2026-04-16,601318,13:19:19,58.5400,29,1
2026-04-16,601318,13:19:22,58.5300,15,2
2026-04-16,601318,13:19:25,58.5400,48,1
2026-04-16,601318,13:19:28,58.5300,47,2
2026-04-16,601318,13:19:31,58.5300,266,2
2026-04-16,601318,13:19:34,58.5300,48,2
2026-04-16,601318,13:19:37,58.5400,22,1
2026-04-16,601318,13:19:40,58.5400,36,2
2026-04-16,601318,13:19:43,58.5400,28,2
2026-04-16,601318,13:19:46,58.5600,242,1
2026-04-16,601318,13:19:49,58.5700,105,1
2026-04-16,601318,13:19:52,58.5900,124,1
2026-04-16,601318,13:19:55,58.5900,45,1
2026-04-16,601318,13:19:58,58.5900,22,1
2026-04-16,601318,13:20:01,58.5800,4,2
2026-04-16,601318,13:20:04,58.5900,57,1
2026-04-16,601318,13:20:07,58.5800,30,2
2026-04-16,601318,13:20:10,58.5900,195,1
2026-04-16,601318,13:20:13,58.5800,4,2
2026-04-16,601318,13:20:16,58.6000,438,1
2026-04-16,601318,13:20:19,58.6000,22,2
2026-04-16,601318,13:20:22,58.6100,19,1
2026-04-16,601318,13:20:25,58.5900,16,2
2026-04-16,601318,13:20:28,58.6000,128,1
2026-04-16,601318,13:20:31,58.6000,156,1
2026-04-16,601318,13:20:34,58.6100,206,1
2026-04-16,601318,13:20:37,58.6000,82,1
2026-04-16,601318,13:20:40,58.6100,13,1
2026-04-16,601318,13:20:43,58.6100,37,1
2026-04-16,601318,13:20:46,58.6100,38,1
2026-04-16,601318,13:20:49,58.6000,11,2
2026-04-16,601318,13:20:53,58.6000,10,2
2026-04-16,601318,13:20:55,58.6000,117,2
2026-04-16,601318,13:20:58,58.6000,144,1
2026-04-16,601318,13:21:01,58.6000,23,1
2026-04-16,601318,13:21:04,58.6000,16,1
2026-04-16,601318,13:21:07,58.5900,52,2
2026-04-16,601318,13:21:10,58.5900,76,2
2026-04-16,601318,13:21:13,58.5900,23,2
2026-04-16,601318,13:21:16,58.5800,14,2
2026-04-16,601318,13:21:19,58.5800,51,2
2026-04-16,601318,13:21:22,58.5900,68,1
2026-04-16,601318,13:21:25,58.5800,100,2
2026-04-16,601318,13:21:28,58.5800,23,2
2026-04-16,601318,13:21:31,58.5900,32,1
2026-04-16,601318,13:21:34,58.5800,72,2
2026-04-16,601318,13:21:37,58.5700,6,2
2026-04-16,601318,13:21:40,58.5800,6,1
2026-04-16,601318,13:21:43,58.5700,61,2
2026-04-16,601318,13:21:46,58.5700,23,2
2026-04-16,601318,13:21:49,58.5600,21,2
2026-04-16,601318,13:21:52,58.5700,18,1
2026-04-16,601318,13:21:55,58.5600,14,2
2026-04-16,601318,13:21:58,58.5800,237,1
2026-04-16,601318,13:22:01,58.5700,189,2
2026-04-16,601318,13:22:04,58.5800,16,4
2026-04-16,601318,13:22:07,58.5800,19,1
2026-04-16,601318,13:22:10,58.5800,42,1
2026-04-16,601318,13:22:13,58.5800,14,1
2026-04-16,601318,13:22:16,58.5800,6,1
2026-04-16,601318,13:22:19,58.5700,53,2
2026-04-16,601318,13:22:22,58.5800,53,1
2026-04-16,601318,13:22:25,58.5800,27,1
2026-04-16,601318,13:22:28,58.5800,52,1
2026-04-16,601318,13:22:31,58.5800,26,1
2026-04-16,601318,13:22:34,58.5800,36,1
2026-04-16,601318,13:22:37,58.5800,20,1
2026-04-16,601318,13:22:40,58.5700,58,2
2026-04-16,601318,13:22:43,58.5700,18,2
2026-04-16,601318,13:22:46,58.5800,1,1
2026-04-16,601318,13:22:49,58.5800,34,1
2026-04-16,601318,13:22:52,58.5800,19,1
2026-04-16,601318,13:22:55,58.5800,11,1
2026-04-16,601318,13:22:58,58.5800,6,1
2026-04-16,601318,13:23:01,58.5800,359,1
2026-04-16,601318,13:23:04,58.5800,35,1
2026-04-16,601318,13:23:07,58.5700,56,2
2026-04-16,601318,13:23:10,58.5800,32,1
2026-04-16,601318,13:23:16,58.5800,11,1
2026-04-16,601318,13:23:19,58.5800,11,1
2026-04-16,601318,13:23:22,58.5700,22,2
2026-04-16,601318,13:23:25,58.5700,2,2
2026-04-16,601318,13:23:28,58.5800,3,1
2026-04-16,601318,13:23:31,58.5700,107,2
2026-04-16,601318,13:23:34,58.5600,35,2
2026-04-16,601318,13:23:37,58.5600,10,2
2026-04-16,601318,13:23:40,58.5600,74,2
2026-04-16,601318,13:23:43,58.5600,64,2
2026-04-16,601318,13:23:46,58.5600,13,1
2026-04-16,601318,13:23:49,58.5600,22,1
2026-04-16,601318,13:23:52,58.5500,72,2
2026-04-16,601318,13:23:55,58.5400,49,2
2026-04-16,601318,13:23:58,58.5400,15,2
2026-04-16,601318,13:24:01,58.5500,8,1
2026-04-16,601318,13:24:04,58.5400,55,2
2026-04-16,601318,13:24:07,58.5400,13,2
2026-04-16,601318,13:24:10,58.5400,20,1
2026-04-16,601318,13:24:13,58.5400,45,1
2026-04-16,601318,13:24:16,58.5500,315,1
2026-04-16,601318,13:24:19,58.5300,44,2
2026-04-16,601318,13:24:22,58.5500,60,1
2026-04-16,601318,13:24:25,58.5400,52,4
2026-04-16,601318,13:24:28,58.5400,41,1
2026-04-16,601318,13:24:31,58.5500,5,1
2026-04-16,601318,13:24:34,58.5500,34,1
2026-04-16,601318,13:24:37,58.5400,15,2
2026-04-16,601318,13:24:40,58.5500,35,1
2026-04-16,601318,13:24:43,58.5400,37,2
2026-04-16,601318,13:24:46,58.5400,39,1
2026-04-16,601318,13:24:49,58.5500,62,1
2026-04-16,601318,13:24:52,58.5400,10,2
2026-04-16,601318,13:24:55,58.5500,3,1
2026-04-16,601318,13:24:58,58.5500,2,1
2026-04-16,601318,13:25:01,58.5500,55,1
2026-04-16,601318,13:25:04,58.5400,19,2
2026-04-16,601318,13:25:07,58.5400,30,2
2026-04-16,601318,13:25:10,58.5500,29,1
2026-04-16,601318,13:25:13,58.5400,19,2
2026-04-16,601318,13:25:16,58.5500,198,1
2026-04-16,601318,13:25:19,58.5300,42,2
2026-04-16,601318,13:25:22,58.5400,93,1
2026-04-16,601318,13:25:25,58.5400,37,1
2026-04-16,601318,13:25:28,58.5300,20,2
2026-04-16,601318,13:25:31,58.5300,100,1
2026-04-16,601318,13:25:34,58.5200,487,2
2026-04-16,601318,13:25:37,58.5000,164,2
2026-04-16,601318,13:25:40,58.5000,126,2
2026-04-16,601318,13:25:43,58.5000,65,2
2026-04-16,601318,13:25:46,58.5100,231,1
2026-04-16,601318,13:25:49,58.5000,127,4
2026-04-16,601318,13:25:52,58.4900,205,2
2026-04-16,601318,13:25:55,58.5000,160,1
2026-04-16,601318,13:25:58,58.5000,170,1
2026-04-16,601318,13:26:01,58.5000,89,1
2026-04-16,601318,13:26:04,58.4900,9,2
2026-04-16,601318,13:26:07,58.4900,36,2
2026-04-16,601318,13:26:10,58.5000,144,1
2026-04-16,601318,13:26:13,58.4900,289,4
2026-04-16,601318,13:26:16,58.5000,227,1
2026-04-16,601318,13:26:19,58.4900,61,4
2026-04-16,601318,13:26:22,58.4900,60,4
2026-04-16,601318,13:26:25,58.4900,38,1
2026-04-16,601318,13:26:28,58.4900,87,1
2026-04-16,601318,13:26:31,58.4800,78,2
2026-04-16,601318,13:26:34,58.4900,27,1
2026-04-16,601318,13:26:37,58.4900,44,1
2026-04-16,601318,13:26:40,58.4900,90,1
2026-04-16,601318,13:26:43,58.4900,51,1
2026-04-16,601318,13:26:46,58.4800,14,2
2026-04-16,601318,13:26:49,58.4800,122,2
2026-04-16,601318,13:26:52,58.4800,14,2
2026-04-16,601318,13:26:55,58.4900,54,1
2026-04-16,601318,13:26:58,58.4900,31,1
2026-04-16,601318,13:27:01,58.4900,68,1
2026-04-16,601318,13:27:04,58.4900,33,1
2026-04-16,601318,13:27:07,58.4800,10,2
2026-04-16,601318,13:27:10,58.4800,103,2
2026-04-16,601318,13:27:13,58.4800,624,2
2026-04-16,601318,13:27:16,58.4700,105,2
2026-04-16,601318,13:27:19,58.4700,33,2
2026-04-16,601318,13:27:22,58.4800,119,1
2026-04-16,601318,13:27:25,58.4700,36,2
2026-04-16,601318,13:27:28,58.4600,33,2
2026-04-16,601318,13:27:31,58.4700,14,1
2026-04-16,601318,13:27:34,58.4600,85,2
2026-04-16,601318,13:27:37,58.4600,19,2
2026-04-16,601318,13:27:40,58.4600,163,2
2026-04-16,601318,13:27:43,58.4700,37,1
2026-04-16,601318,13:27:46,58.4600,33,2
2026-04-16,601318,13:27:49,58.4600,106,2
2026-04-16,601318,13:27:52,58.4600,22,2
2026-04-16,601318,13:27:55,58.4700,9,1
2026-04-16,601318,13:27:58,58.4600,354,2
2026-04-16,601318,13:28:01,58.4600,78,2
2026-04-16,601318,13:28:04,58.4600,42,2
2026-04-16,601318,13:28:07,58.4600,164,1
2026-04-16,601318,13:28:10,58.4600,1118,1
2026-04-16,601318,13:28:13,58.4600,81,1
2026-04-16,601318,13:28:16,58.4600,66,1
2026-04-16,601318,13:28:19,58.4500,115,2
2026-04-16,601318,13:28:22,58.4500,228,2
2026-04-16,601318,13:28:25,58.4600,1,1
2026-04-16,601318,13:28:28,58.4500,40,2
2026-04-16,601318,13:28:31,58.4500,57,2
2026-04-16,601318,13:28:34,58.4600,86,1
2026-04-16,601318,13:28:37,58.4500,163,2
2026-04-16,601318,13:28:40,58.4600,87,1
2026-04-16,601318,13:28:43,58.4600,29,1
2026-04-16,601318,13:28:46,58.4500,15,2
2026-04-16,601318,13:28:49,58.4500,37,2
2026-04-16,601318,13:28:52,58.4600,117,1
2026-04-16,601318,13:28:55,58.4500,62,2
2026-04-16,601318,13:28:58,58.4600,62,1
2026-04-16,601318,13:29:01,58.4500,78,2
2026-04-16,601318,13:29:04,58.4500,358,2
2026-04-16,601318,13:29:07,58.4600,64,1
2026-04-16,601318,13:29:10,58.4500,75,2
2026-04-16,601318,13:29:13,58.4500,29,2
2026-04-16,601318,13:29:16,58.4600,4,1
2026-04-16,601318,13:29:19,58.4500,30,2
2026-04-16,601318,13:29:22,58.4600,60,1
2026-04-16,601318,13:29:25,58.4500,14,2
2026-04-16,601318,13:29:28,58.4600,16,1
2026-04-16,601318,13:29:31,58.4600,158,1
2026-04-16,601318,13:29:34,58.4600,141,1
2026-04-16,601318,13:29:37,58.4600,38,1
2026-04-16,601318,13:29:40,58.4500,55,2
2026-04-16,601318,13:29:46,58.4500,2,2
2026-04-16,601318,13:29:49,58.4500,49,2
2026-04-16,601318,13:29:52,58.4600,53,1
2026-04-16,601318,13:29:55,58.4500,48,2
2026-04-16,601318,13:29:58,58.4600,49,1
2026-04-16,601318,13:30:01,58.4500,164,2
2026-04-16,601318,13:30:04,58.4500,8,2
2026-04-16,601318,13:30:07,58.4600,191,1
2026-04-16,601318,13:30:10,58.4500,84,2
2026-04-16,601318,13:30:13,58.4600,25,1
2026-04-16,601318,13:30:16,58.4400,1156,2
2026-04-16,601318,13:30:19,58.4500,166,2
2026-04-16,601318,13:30:22,58.4400,318,2
2026-04-16,601318,13:30:25,58.4500,176,1
2026-04-16,601318,13:30:28,58.4400,76,2
2026-04-16,601318,13:30:31,58.4500,130,1
2026-04-16,601318,13:30:34,58.4500,15,1
2026-04-16,601318,13:30:37,58.4500,126,1
2026-04-16,601318,13:30:40,58.4400,66,2
2026-04-16,601318,13:30:43,58.4400,65,2
2026-04-16,601318,13:30:46,58.4500,40,1
2026-04-16,601318,13:30:49,58.4500,5,1
2026-04-16,601318,13:30:52,58.4500,166,1
2026-04-16,601318,13:30:55,58.4500,196,1
2026-04-16,601318,13:30:58,58.4500,45,1
2026-04-16,601318,13:31:01,58.4500,46,1
2026-04-16,601318,13:31:04,58.4500,59,1
2026-04-16,601318,13:31:07,58.4500,21,1
2026-04-16,601318,13:31:10,58.4500,95,1
2026-04-16,601318,13:31:13,58.4500,181,1
2026-04-16,601318,13:31:16,58.4400,64,2
2026-04-16,601318,13:31:19,58.4500,492,1
2026-04-16,601318,13:31:22,58.4500,108,1
2026-04-16,601318,13:31:25,58.4500,10,1
2026-04-16,601318,13:31:28,58.4500,69,1
2026-04-16,601318,13:31:31,58.4500,70,1
2026-04-16,601318,13:31:34,58.4400,211,2
2026-04-16,601318,13:31:37,58.4500,245,1
2026-04-16,601318,13:31:40,58.4500,65,2
2026-04-16,601318,13:31:43,58.4500,38,2
2026-04-16,601318,13:31:46,58.4500,20,2
2026-04-16,601318,13:31:49,58.4600,100,1
2026-04-16,601318,13:31:52,58.4500,99,2
2026-04-16,601318,13:31:55,58.4600,26,1
2026-04-16,601318,13:31:58,58.4600,104,1
2026-04-16,601318,13:32:01,58.4500,95,2
2026-04-16,601318,13:32:04,58.4500,16,2
2026-04-16,601318,13:32:07,58.4600,52,1
2026-04-16,601318,13:32:10,58.4600,24,1
2026-04-16,601318,13:32:13,58.4600,193,1
2026-04-16,601318,13:32:16,58.4500,1136,2
2026-04-16,601318,13:32:19,58.4500,176,2
2026-04-16,601318,13:32:22,58.4500,915,2
2026-04-16,601318,13:32:25,58.4400,61,2
2026-04-16,601318,13:32:28,58.4500,60,1
2026-04-16,601318,13:32:31,58.4400,53,2
2026-04-16,601318,13:32:34,58.4500,79,1
2026-04-16,601318,13:32:37,58.4500,23,1
2026-04-16,601318,13:32:40,58.4500,60,1
2026-04-16,601318,13:32:43,58.4500,25,1
2026-04-16,601318,13:32:46,58.4500,33,1
2026-04-16,601318,13:32:49,58.4500,20,1
2026-04-16,601318,13:32:52,58.4500,102,1
2026-04-16,601318,13:32:55,58.4400,39,2
2026-04-16,601318,13:32:58,58.4400,85,2
2026-04-16,601318,13:33:01,58.4400,79,2
2026-04-16,601318,13:33:04,58.4400,30,2
2026-04-16,601318,13:33:07,58.4400,153,2
2026-04-16,601318,13:33:10,58.4400,59,1
2026-04-16,601318,13:33:13,58.4200,2495,2
2026-04-16,601318,13:33:16,58.4100,938,2
2026-04-16,601318,13:33:19,58.4000,154,2
2026-04-16,601318,13:33:22,58.4100,50,1
2026-04-16,601318,13:33:25,58.4000,37,2
2026-04-16,601318,13:33:28,58.4000,42,2
2026-04-16,601318,13:33:31,58.4000,82,2
2026-04-16,601318,13:33:34,58.4100,43,1
2026-04-16,601318,13:33:37,58.4100,22,1
2026-04-16,601318,13:33:40,58.4000,111,2
2026-04-16,601318,13:33:43,58.4000,19,2
2026-04-16,601318,13:33:46,58.4100,42,1
2026-04-16,601318,13:33:49,58.4100,285,1
2026-04-16,601318,13:33:52,58.4100,120,1
2026-04-16,601318,13:33:55,58.4100,44,1
2026-04-16,601318,13:33:58,58.4100,67,1
2026-04-16,601318,13:34:01,58.4200,480,1
2026-04-16,601318,13:34:04,58.4100,173,2
2026-04-16,601318,13:34:07,58.4100,10,2
2026-04-16,601318,13:34:10,58.4200,61,1
2026-04-16,601318,13:34:13,58.4200,21,1
2026-04-16,601318,13:34:16,58.4200,292,1
2026-04-16,601318,13:34:19,58.4100,4,2
2026-04-16,601318,13:34:22,58.4200,246,1
2026-04-16,601318,13:34:25,58.4100,5,2
2026-04-16,601318,13:34:28,58.4200,4,1
2026-04-16,601318,13:34:31,58.4100,42,2
2026-04-16,601318,13:34:34,58.4100,5,2
2026-04-16,601318,13:34:37,58.4200,28,1
2026-04-16,601318,13:34:40,58.4100,85,2
2026-04-16,601318,13:34:43,58.4200,7,1
2026-04-16,601318,13:34:46,58.4200,6,1
2026-04-16,601318,13:34:49,58.4200,105,1
2026-04-16,601318,13:34:52,58.4200,59,1
2026-04-16,601318,13:34:55,58.4200,26,1
2026-04-16,601318,13:34:58,58.4200,39,1
2026-04-16,601318,13:35:01,58.4100,55,2
2026-04-16,601318,13:35:04,58.4200,211,1
2026-04-16,601318,13:35:07,58.4200,17,1
2026-04-16,601318,13:35:10,58.4100,65,2
2026-04-16,601318,13:35:13,58.4200,15,1
2026-04-16,601318,13:35:16,58.4200,100,1
2026-04-16,601318,13:35:19,58.4200,30,1
2026-04-16,601318,13:35:22,58.4200,137,1
2026-04-16,601318,13:35:25,58.4200,60,1
2026-04-16,601318,13:35:28,58.4200,206,1
2026-04-16,601318,13:35:31,58.4200,79,2
2026-04-16,601318,13:35:34,58.4200,480,2
2026-04-16,601318,13:35:37,58.4100,28,2
2026-04-16,601318,13:35:40,58.4200,8,1
2026-04-16,601318,13:35:43,58.4200,3,1
2026-04-16,601318,13:35:46,58.4100,15,2
2026-04-16,601318,13:35:49,58.4100,53,2
2026-04-16,601318,13:35:52,58.4200,28,1
2026-04-16,601318,13:35:55,58.4200,124,1
2026-04-16,601318,13:35:58,58.4100,25,2
2026-04-16,601318,13:36:01,58.4200,66,1
2026-04-16,601318,13:36:04,58.4200,38,1
2026-04-16,601318,13:36:07,58.4200,8,4
2026-04-16,601318,13:36:10,58.4200,52,2
2026-04-16,601318,13:36:13,58.4200,39,2
2026-04-16,601318,13:36:16,58.4200,9,2
2026-04-16,601318,13:36:19,58.4300,22,1
2026-04-16,601318,13:36:22,58.4300,64,1
2026-04-16,601318,13:36:25,58.4300,13,1
2026-04-16,601318,13:36:28,58.4300,5,1
2026-04-16,601318,13:36:31,58.4300,79,1
2026-04-16,601318,13:36:34,58.4300,11,1
2026-04-16,601318,13:36:37,58.4300,21,1
2026-04-16,601318,13:36:40,58.4300,63,1
2026-04-16,601318,13:36:43,58.4300,33,1
2026-04-16,601318,13:36:46,58.4300,286,1
2026-04-16,601318,13:36:49,58.4200,73,2
2026-04-16,601318,13:36:52,58.4300,7,1
2026-04-16,601318,13:36:55,58.4300,18,1
2026-04-16,601318,13:36:58,58.4200,4,2
2026-04-16,601318,13:37:01,58.4300,84,1
2026-04-16,601318,13:37:04,58.4200,24,2
2026-04-16,601318,13:37:07,58.4200,31,2
2026-04-16,601318,13:37:10,58.4200,62,2
2026-04-16,601318,13:37:13,58.4200,30,2
2026-04-16,601318,13:37:16,58.4300,5,1
2026-04-16,601318,13:37:19,58.4300,18,1
2026-04-16,601318,13:37:22,58.4300,163,1
2026-04-16,601318,13:37:25,58.4300,45,1
2026-04-16,601318,13:37:28,58.4300,33,1
2026-04-16,601318,13:37:31,58.4200,104,2
2026-04-16,601318,13:37:34,58.4300,63,1
2026-04-16,601318,13:37:37,58.4200,25,2
2026-04-16,601318,13:37:40,58.4300,175,1
2026-04-16,601318,13:37:43,58.4300,31,1
2026-04-16,601318,13:37:46,58.4300,132,1
2026-04-16,601318,13:37:49,58.4300,8,1
2026-04-16,601318,13:37:52,58.4300,102,1
2026-04-16,601318,13:37:55,58.4300,23,4
2026-04-16,601318,13:37:58,58.4300,7,1
2026-04-16,601318,13:38:01,58.4300,62,1
2026-04-16,601318,13:38:04,58.4300,95,2
2026-04-16,601318,13:38:07,58.4300,86,2
2026-04-16,601318,13:38:10,58.4300,76,2
2026-04-16,601318,13:38:13,58.4300,9,2
2026-04-16,601318,13:38:16,58.4300,4,2
2026-04-16,601318,13:38:19,58.4300,48,2
2026-04-16,601318,13:38:22,58.4300,84,2
2026-04-16,601318,13:38:25,58.4300,6,2
2026-04-16,601318,13:38:28,58.4300,15,2
2026-04-16,601318,13:38:31,58.4300,58,2
2026-04-16,601318,13:38:34,58.4300,19,2
2026-04-16,601318,13:38:37,58.4300,125,2
2026-04-16,601318,13:38:40,58.4400,54,1
2026-04-16,601318,13:38:43,58.4300,201,2
2026-04-16,601318,13:38:46,58.4200,12,2
2026-04-16,601318,13:38:49,58.4300,58,1
2026-04-16,601318,13:38:52,58.4200,77,2
2026-04-16,601318,13:38:55,58.4300,7,1
2026-04-16,601318,13:38:58,58.4300,28,1
2026-04-16,601318,13:39:01,58.4200,59,2
2026-04-16,601318,13:39:04,58.4300,35,1
2026-04-16,601318,13:39:07,58.4200,16,2
2026-04-16,601318,13:39:10,58.4200,68,2
2026-04-16,601318,13:39:13,58.4200,12,2
2026-04-16,601318,13:39:16,58.4200,22,2
2026-04-16,601318,13:39:19,58.4300,26,1
2026-04-16,601318,13:39:22,58.4100,1098,2
2026-04-16,601318,13:39:25,58.4100,267,2
2026-04-16,601318,13:39:28,58.4100,52,2
2026-04-16,601318,13:39:31,58.4100,86,2
2026-04-16,601318,13:39:34,58.4100,93,2
2026-04-16,601318,13:39:38,58.4100,17,2
2026-04-16,601318,13:39:40,58.4100,190,2
2026-04-16,601318,13:39:43,58.4200,226,1
2026-04-16,601318,13:39:46,58.4100,11,2
2026-04-16,601318,13:39:49,58.4100,186,2
2026-04-16,601318,13:39:52,58.4200,121,1
2026-04-16,601318,13:39:55,58.4100,68,2
2026-04-16,601318,13:39:58,58.4100,75,2
2026-04-16,601318,13:40:01,58.4100,405,2
2026-04-16,601318,13:40:04,58.3300,7295,2
2026-04-16,601318,13:40:07,58.3400,790,1
2026-04-16,601318,13:40:10,58.3300,365,1
2026-04-16,601318,13:40:13,58.3400,141,1
2026-04-16,601318,13:40:16,58.3400,37,2
2026-04-16,601318,13:40:19,58.3400,202,2
2026-04-16,601318,13:40:22,58.3600,130,1
2026-04-16,601318,13:40:25,58.3500,19,2
2026-04-16,601318,13:40:28,58.3600,21,1
2026-04-16,601318,13:40:31,58.3500,194,2
2026-04-16,601318,13:40:34,58.3500,15,2
2026-04-16,601318,13:40:37,58.3500,5,2
2026-04-16,601318,13:40:40,58.3500,87,2
2026-04-16,601318,13:40:43,58.3500,26,2
2026-04-16,601318,13:40:46,58.3600,4,1
2026-04-16,601318,13:40:49,58.3600,8,1
2026-04-16,601318,13:40:52,58.3600,107,1
2026-04-16,601318,13:40:55,58.3600,5,1
2026-04-16,601318,13:40:58,58.3600,110,1
2026-04-16,601318,13:41:01,58.3500,156,2
2026-04-16,601318,13:41:04,58.3500,75,1
2026-04-16,601318,13:41:07,58.3500,146,1
2026-04-16,601318,13:41:10,58.3500,100,1
2026-04-16,601318,13:41:13,58.3400,143,2
2026-04-16,601318,13:41:16,58.3500,170,1
2026-04-16,601318,13:41:19,58.3500,20,2
2026-04-16,601318,13:41:22,58.3500,201,2
2026-04-16,601318,13:41:25,58.3500,5,1
2026-04-16,601318,13:41:28,58.3500,129,1
2026-04-16,601318,13:41:31,58.3500,42,2
2026-04-16,601318,13:41:34,58.3500,4,2
2026-04-16,601318,13:41:40,58.3500,51,2
2026-04-16,601318,13:41:43,58.3600,64,1
2026-04-16,601318,13:41:46,58.3600,7,1
2026-04-16,601318,13:41:49,58.3600,29,1
2026-04-16,601318,13:41:52,58.3600,90,1
2026-04-16,601318,13:41:55,58.3500,9,2
2026-04-16,601318,13:41:58,58.3600,32,1
2026-04-16,601318,13:42:01,58.3600,107,1
2026-04-16,601318,13:42:04,58.3500,6,2
2026-04-16,601318,13:42:07,58.3600,55,1
2026-04-16,601318,13:42:10,58.3500,184,2
2026-04-16,601318,13:42:13,58.3600,21,1
2026-04-16,601318,13:42:16,58.3600,25,1
2026-04-16,601318,13:42:19,58.3600,128,1
2026-04-16,601318,13:42:22,58.3600,74,1
2026-04-16,601318,13:42:25,58.3600,75,1
2026-04-16,601318,13:42:28,58.3600,30,1
2026-04-16,601318,13:42:31,58.3500,178,2
2026-04-16,601318,13:42:34,58.3600,13,1
2026-04-16,601318,13:42:37,58.3600,86,1
2026-04-16,601318,13:42:40,58.3600,14,1
2026-04-16,601318,13:42:43,58.3600,21,1
2026-04-16,601318,13:42:46,58.3600,16,1
2026-04-16,601318,13:42:49,58.3500,102,2
2026-04-16,601318,13:42:52,58.3600,470,1
2026-04-16,601318,13:42:55,58.3600,78,2
2026-04-16,601318,13:42:58,58.3500,41,2
2026-04-16,601318,13:43:01,58.3500,280,2
2026-04-16,601318,13:43:04,58.3500,94,1
2026-04-16,601318,13:43:07,58.3500,127,1
2026-04-16,601318,13:43:10,58.3400,84,2
2026-04-16,601318,13:43:13,58.3500,58,1
2026-04-16,601318,13:43:16,58.3400,83,2
2026-04-16,601318,13:43:19,58.3500,153,1
2026-04-16,601318,13:43:22,58.3400,99,2
2026-04-16,601318,13:43:25,58.3500,79,1
2026-04-16,601318,13:43:28,58.3500,89,2
2026-04-16,601318,13:43:31,58.3500,57,2
2026-04-16,601318,13:43:34,58.3500,54,2
2026-04-16,601318,13:43:40,58.3500,116,2
2026-04-16,601318,13:43:43,58.3500,28,2
2026-04-16,601318,13:43:46,58.3600,210,1
2026-04-16,601318,13:43:49,58.3600,2,1
2026-04-16,601318,13:43:52,58.3600,21,1
2026-04-16,601318,13:43:55,58.3600,31,1
2026-04-16,601318,13:43:58,58.3500,15,2
2026-04-16,601318,13:44:01,58.3500,102,2
2026-04-16,601318,13:44:04,58.3500,105,2
2026-04-16,601318,13:44:07,58.3600,144,1
2026-04-16,601318,13:44:10,58.3600,14,1
2026-04-16,601318,13:44:13,58.3600,58,1
2026-04-16,601318,13:44:16,58.3600,32,1
2026-04-16,601318,13:44:19,58.3600,120,1
2026-04-16,601318,13:44:22,58.3600,89,2
2026-04-16,601318,13:44:25,58.3600,60,2
2026-04-16,601318,13:44:28,58.3600,10,1
2026-04-16,601318,13:44:31,58.3600,74,1
2026-04-16,601318,13:44:34,58.3600,133,1
2026-04-16,601318,13:44:37,58.3600,19,2
2026-04-16,601318,13:44:40,58.3600,15,2
2026-04-16,601318,13:44:43,58.3600,95,2
2026-04-16,601318,13:44:46,58.3700,95,1
2026-04-16,601318,13:44:49,58.3700,8,2
2026-04-16,601318,13:44:52,58.3800,54,1
2026-04-16,601318,13:44:55,58.3700,36,2
2026-04-16,601318,13:44:58,58.3800,41,1
2026-04-16,601318,13:45:01,58.3700,17,2
2026-04-16,601318,13:45:04,58.3800,13,1
2026-04-16,601318,13:45:07,58.3800,8,1
2026-04-16,601318,13:45:10,58.3800,16,1
2026-04-16,601318,13:45:13,58.3700,211,2
2026-04-16,601318,13:45:16,58.3700,63,1
2026-04-16,601318,13:45:19,58.3600,8,2
2026-04-16,601318,13:45:22,58.3600,260,2
2026-04-16,601318,13:45:25,58.3600,414,2
2026-04-16,601318,13:45:28,58.3700,15,1
2026-04-16,601318,13:45:31,58.3700,67,1
2026-04-16,601318,13:45:34,58.3600,14,2
2026-04-16,601318,13:45:37,58.3600,95,2
2026-04-16,601318,13:45:40,58.3600,55,1
2026-04-16,601318,13:45:43,58.3600,79,2
2026-04-16,601318,13:45:46,58.3600,8,1
2026-04-16,601318,13:45:49,58.3500,12,2
2026-04-16,601318,13:45:52,58.3500,189,2
2026-04-16,601318,13:45:55,58.3500,9,2
2026-04-16,601318,13:45:58,58.3500,52,2
2026-04-16,601318,13:46:01,58.3500,71,2
2026-04-16,601318,13:46:04,58.3600,21,1
2026-04-16,601318,13:46:07,58.3500,15,2
2026-04-16,601318,13:46:10,58.3500,85,2
2026-04-16,601318,13:46:13,58.3500,39,2
2026-04-16,601318,13:46:16,58.3600,25,1
2026-04-16,601318,13:46:19,58.3500,18,2
2026-04-16,601318,13:46:22,58.3500,62,2
2026-04-16,601318,13:46:25,58.3600,9,1
2026-04-16,601318,13:46:28,58.3600,72,1
2026-04-16,601318,13:46:31,58.3600,97,1
2026-04-16,601318,13:46:34,58.3600,128,1
2026-04-16,601318,13:46:37,58.3600,86,1
2026-04-16,601318,13:46:40,58.3600,126,1
2026-04-16,601318,13:46:43,58.3600,53,2
2026-04-16,601318,13:46:46,58.3600,17,2
2026-04-16,601318,13:46:49,58.3600,109,2
2026-04-16,601318,13:46:52,58.3600,67,2
2026-04-16,601318,13:46:55,58.3500,36,2
2026-04-16,601318,13:46:58,58.3700,105,1
2026-04-16,601318,13:47:01,58.3700,58,1
2026-04-16,601318,13:47:04,58.3600,20,2
2026-04-16,601318,13:47:07,58.3600,8,2
2026-04-16,601318,13:47:10,58.3600,52,2
2026-04-16,601318,13:47:13,58.3600,143,2
2026-04-16,601318,13:47:16,58.3600,22,2
2026-04-16,601318,13:47:19,58.3600,56,1
2026-04-16,601318,13:47:22,58.3500,53,2
2026-04-16,601318,13:47:25,58.3600,41,1
2026-04-16,601318,13:47:28,58.3500,14,2
2026-04-16,601318,13:47:31,58.3600,83,1
2026-04-16,601318,13:47:34,58.3600,12,1
2026-04-16,601318,13:47:37,58.3600,14,1
2026-04-16,601318,13:47:40,58.3600,187,1
2026-04-16,601318,13:47:43,58.3500,6,2
2026-04-16,601318,13:47:46,58.3600,20,1
2026-04-16,601318,13:47:49,58.3500,659,2
2026-04-16,601318,13:47:52,58.3500,76,1
2026-04-16,601318,13:47:55,58.3400,1004,2
2026-04-16,601318,13:47:58,58.3400,8,1
2026-04-16,601318,13:48:01,58.3400,60,1
2026-04-16,601318,13:48:04,58.3400,8,1
2026-04-16,601318,13:48:07,58.3400,58,1
2026-04-16,601318,13:48:10,58.3400,102,1
2026-04-16,601318,13:48:13,58.3300,197,2
2026-04-16,601318,13:48:16,58.3400,20,1
2026-04-16,601318,13:48:19,58.3400,74,1
2026-04-16,601318,13:48:22,58.3300,57,2
2026-04-16,601318,13:48:25,58.3400,9,2
2026-04-16,601318,13:48:28,58.3500,75,1
2026-04-16,601318,13:48:31,58.3400,42,2
2026-04-16,601318,13:48:34,58.3300,110,2
2026-04-16,601318,13:48:37,58.3300,34,2
2026-04-16,601318,13:48:40,58.3400,173,1
2026-04-16,601318,13:48:43,58.3400,13,1
2026-04-16,601318,13:48:46,58.3400,10,1
2026-04-16,601318,13:48:49,58.3400,38,1
2026-04-16,601318,13:48:52,58.3400,139,1
2026-04-16,601318,13:48:55,58.3500,10,1
2026-04-16,601318,13:48:58,58.3400,12,2
2026-04-16,601318,13:49:01,58.3500,73,1
2026-04-16,601318,13:49:04,58.3400,175,2
2026-04-16,601318,13:49:07,58.3400,934,2
2026-04-16,601318,13:49:10,58.3300,351,2
2026-04-16,601318,13:49:13,58.3200,273,2
2026-04-16,601318,13:49:16,58.3200,308,2
2026-04-16,601318,13:49:19,58.3300,233,1
2026-04-16,601318,13:49:22,58.3300,56,2
2026-04-16,601318,13:49:25,58.3300,81,2
2026-04-16,601318,13:49:28,58.3300,3,2
2026-04-16,601318,13:49:31,58.3400,105,1
2026-04-16,601318,13:49:34,58.3400,13,1
2026-04-16,601318,13:49:37,58.3400,6,1
2026-04-16,601318,13:49:40,58.3400,16,1
2026-04-16,601318,13:49:43,58.3400,28,1
2026-04-16,601318,13:49:46,58.3300,50,2
2026-04-16,601318,13:49:49,58.3400,26,1
2026-04-16,601318,13:49:52,58.3300,103,2
2026-04-16,601318,13:49:55,58.3200,833,2
2026-04-16,601318,13:49:58,58.3100,1949,2
2026-04-16,601318,13:50:01,58.3000,1166,2
2026-04-16,601318,13:50:04,58.3100,220,1
2026-04-16,601318,13:50:07,58.3000,319,2
2026-04-16,601318,13:50:10,58.3000,109,2
2026-04-16,601318,13:50:13,58.3100,119,1
2026-04-16,601318,13:50:16,58.3100,1,1
2026-04-16,601318,13:50:19,58.3100,54,1
2026-04-16,601318,13:50:22,58.3100,270,1
2026-04-16,601318,13:50:25,58.3000,52,2
2026-04-16,601318,13:50:28,58.3000,11,2
2026-04-16,601318,13:50:31,58.3000,79,2
2026-04-16,601318,13:50:34,58.3100,221,1
2026-04-16,601318,13:50:37,58.3100,96,1
2026-04-16,601318,13:50:40,58.2900,134,2
2026-04-16,601318,13:50:43,58.3000,99,4
2026-04-16,601318,13:50:46,58.3000,2,2
2026-04-16,601318,13:50:49,58.3000,144,2
2026-04-16,601318,13:50:52,58.3000,390,1
2026-04-16,601318,13:50:55,58.2900,66,2
2026-04-16,601318,13:50:58,58.2900,75,2
2026-04-16,601318,13:51:01,58.2900,262,2
2026-04-16,601318,13:51:04,58.3000,46,1
2026-04-16,601318,13:51:07,58.2900,534,2
2026-04-16,601318,13:51:10,58.2800,474,2
2026-04-16,601318,13:51:13,58.2800,530,2
2026-04-16,601318,13:51:16,58.2900,158,1
2026-04-16,601318,13:51:19,58.2800,405,2
2026-04-16,601318,13:51:22,58.2600,713,2
2026-04-16,601318,13:51:25,58.2700,309,1
2026-04-16,601318,13:51:28,58.2700,275,1
2026-04-16,601318,13:51:31,58.2500,216,2
2026-04-16,601318,13:51:34,58.2600,124,4
2026-04-16,601318,13:51:37,58.2900,272,1
2026-04-16,601318,13:51:40,58.2800,69,2
2026-04-16,601318,13:51:43,58.3000,167,1
2026-04-16,601318,13:51:46,58.3000,106,1
2026-04-16,601318,13:51:49,58.2900,136,4
2026-04-16,601318,13:51:52,58.3000,137,1
2026-04-16,601318,13:51:55,58.3000,63,1
2026-04-16,601318,13:51:58,58.3000,92,2
2026-04-16,601318,13:52:01,58.3000,50,1
2026-04-16,601318,13:52:04,58.3000,48,1
2026-04-16,601318,13:52:07,58.3100,141,1
2026-04-16,601318,13:52:10,58.3100,26,1
2026-04-16,601318,13:52:13,58.3100,66,1
2026-04-16,601318,13:52:16,58.3100,25,1
2026-04-16,601318,13:52:19,58.3000,54,2
2026-04-16,601318,13:52:22,58.3100,78,1
2026-04-16,601318,13:52:25,58.3200,6,1
2026-04-16,601318,13:52:28,58.3200,43,1
2026-04-16,601318,13:52:31,58.3100,49,2
2026-04-16,601318,13:52:34,58.3300,64,1
2026-04-16,601318,13:52:37,58.3200,28,1
2026-04-16,601318,13:52:40,58.3200,47,2
2026-04-16,601318,13:52:43,58.3300,120,1
2026-04-16,601318,13:52:46,58.3300,14,1
2026-04-16,601318,13:52:49,58.3300,15,1
2026-04-16,601318,13:52:52,58.3200,91,2
2026-04-16,601318,13:52:55,58.3300,10,1
2026-04-16,601318,13:52:58,58.3300,17,1
2026-04-16,601318,13:53:01,58.3300,57,1
2026-04-16,601318,13:53:04,58.3300,116,1
2026-04-16,601318,13:53:07,58.3300,29,1
2026-04-16,601318,13:53:10,58.3300,2,2
2026-04-16,601318,13:53:13,58.3400,733,1
2026-04-16,601318,13:53:16,58.3500,27,1
2026-04-16,601318,13:53:19,58.3500,13,1
2026-04-16,601318,13:53:22,58.3600,104,1
2026-04-16,601318,13:53:25,58.3700,4,1
2026-04-16,601318,13:53:28,58.3700,90,1
2026-04-16,601318,13:53:31,58.3700,91,1
2026-04-16,601318,13:53:34,58.3700,28,1
2026-04-16,601318,13:53:37,58.3800,94,1
2026-04-16,601318,13:53:40,58.3800,116,1
2026-04-16,601318,13:53:43,58.3800,55,1
2026-04-16,601318,13:53:46,58.3800,15,1
2026-04-16,601318,13:53:49,58.3800,21,1
2026-04-16,601318,13:53:52,58.3800,92,1
2026-04-16,601318,13:53:55,58.3700,21,4
2026-04-16,601318,13:53:58,58.3800,118,1
2026-04-16,601318,13:54:01,58.3700,99,2
2026-04-16,601318,13:54:04,58.3700,66,1
2026-04-16,601318,13:54:07,58.3700,59,2
2026-04-16,601318,13:54:10,58.3700,71,2
2026-04-16,601318,13:54:13,58.3800,124,1
2026-04-16,601318,13:54:16,58.3900,40,1
2026-04-16,601318,13:54:19,58.3800,47,4
2026-04-16,601318,13:54:22,58.3700,170,2
2026-04-16,601318,13:54:25,58.3700,4,2
2026-04-16,601318,13:54:28,58.3800,82,1
2026-04-16,601318,13:54:31,58.3700,117,2
2026-04-16,601318,13:54:34,58.3700,53,2
2026-04-16,601318,13:54:37,58.3800,75,1
2026-04-16,601318,13:54:40,58.3800,35,1
2026-04-16,601318,13:54:43,58.3800,13,1
2026-04-16,601318,13:54:46,58.3800,44,2
2026-04-16,601318,13:54:49,58.3900,39,1
2026-04-16,601318,13:54:52,58.3900,57,1
2026-04-16,601318,13:54:55,58.3900,109,1
2026-04-16,601318,13:54:58,58.3900,35,1
2026-04-16,601318,13:55:01,58.3800,115,2
2026-04-16,601318,13:55:04,58.3900,122,1
2026-04-16,601318,13:55:07,58.4000,30,1
2026-04-16,601318,13:55:10,58.4000,133,1
2026-04-16,601318,13:55:13,58.3900,68,2
2026-04-16,601318,13:55:16,58.3900,38,2
2026-04-16,601318,13:55:19,58.3800,32,2
2026-04-16,601318,13:55:22,58.3900,124,1
2026-04-16,601318,13:55:25,58.3800,390,2
2026-04-16,601318,13:55:28,58.3800,378,1
2026-04-16,601318,13:55:31,58.3800,49,1
2026-04-16,601318,13:55:34,58.3800,4,1
2026-04-16,601318,13:55:37,58.3800,47,1
2026-04-16,601318,13:55:40,58.3800,29,1
2026-04-16,601318,13:55:43,58.3800,2,2
2026-04-16,601318,13:55:46,58.3900,13,1
2026-04-16,601318,13:55:49,58.3900,15,1
2026-04-16,601318,13:55:52,58.3900,26,1
2026-04-16,601318,13:55:55,58.3900,12,1
2026-04-16,601318,13:55:58,58.3900,28,1
2026-04-16,601318,13:56:01,58.3900,38,2
2026-04-16,601318,13:56:04,58.3900,38,2
2026-04-16,601318,13:56:07,58.3900,14,2
2026-04-16,601318,13:56:10,58.3900,35,2
2026-04-16,601318,13:56:13,58.3700,354,2
2026-04-16,601318,13:56:16,58.3800,12,1
2026-04-16,601318,13:56:19,58.3700,112,2
2026-04-16,601318,13:56:22,58.3700,1,2
2026-04-16,601318,13:56:25,58.3700,144,2
2026-04-16,601318,13:56:28,58.3700,38,2
2026-04-16,601318,13:56:31,58.3800,2506,1
2026-04-16,601318,13:56:34,58.4000,379,1
2026-04-16,601318,13:56:37,58.4100,116,1
2026-04-16,601318,13:56:40,58.4100,21,1
2026-04-16,601318,13:56:43,58.4100,103,1
2026-04-16,601318,13:56:46,58.4200,29,1
2026-04-16,601318,13:56:49,58.4100,506,2
2026-04-16,601318,13:56:52,58.4100,103,1
2026-04-16,601318,13:56:55,58.4100,13,1
2026-04-16,601318,13:56:58,58.4100,78,1
2026-04-16,601318,13:57:01,58.4100,44,1
2026-04-16,601318,13:57:04,58.4200,25,1
2026-04-16,601318,13:57:07,58.4100,36,4
2026-04-16,601318,13:57:10,58.4200,55,1
2026-04-16,601318,13:57:13,58.4100,12,2
2026-04-16,601318,13:57:16,58.4100,96,2
2026-04-16,601318,13:57:19,58.4200,47,1
2026-04-16,601318,13:57:22,58.4200,102,1
2026-04-16,601318,13:57:25,58.4100,37,2
2026-04-16,601318,13:57:28,58.4100,12,2
2026-04-16,601318,13:57:31,58.4100,17,2
2026-04-16,601318,13:57:34,58.4200,18,1
2026-04-16,601318,13:57:37,58.4200,57,1
2026-04-16,601318,13:57:40,58.4300,1,1
2026-04-16,601318,13:57:43,58.4200,4,2
2026-04-16,601318,13:57:46,58.4300,52,1
2026-04-16,601318,13:57:49,58.4200,45,2
2026-04-16,601318,13:57:52,58.4300,12,1
2026-04-16,601318,13:57:56,58.4200,33,2
2026-04-16,601318,13:57:58,58.4300,78,1
2026-04-16,601318,13:58:01,58.4300,57,1
2026-04-16,601318,13:58:04,58.4300,61,1
2026-04-16,601318,13:58:07,58.4300,5,1
2026-04-16,601318,13:58:10,58.4300,86,1
2026-04-16,601318,13:58:13,58.4200,171,2
2026-04-16,601318,13:58:16,58.4300,175,1
2026-04-16,601318,13:58:19,58.4300,251,1
2026-04-16,601318,13:58:25,58.4300,111,1
2026-04-16,601318,13:58:28,58.4300,41,2
2026-04-16,601318,13:58:31,58.4300,9,1
2026-04-16,601318,13:58:34,58.4300,51,1
2026-04-16,601318,13:58:40,58.4400,5,1
2026-04-16,601318,13:58:43,58.4400,11,1
2026-04-16,601318,13:58:46,58.4400,5,1
2026-04-16,601318,13:58:49,58.4300,1,2
2026-04-16,601318,13:58:53,58.4400,29,1
2026-04-16,601318,13:58:55,58.4400,8,1
2026-04-16,601318,13:58:58,58.4300,1,2
2026-04-16,601318,13:59:01,58.4300,177,2
2026-04-16,601318,13:59:04,58.4400,20,1
2026-04-16,601318,13:59:10,58.4400,21,1
2026-04-16,601318,13:59:13,58.4400,78,1
2026-04-16,601318,13:59:16,58.4300,28,2
2026-04-16,601318,13:59:19,58.4300,38,2
2026-04-16,601318,13:59:22,58.4300,135,2
2026-04-16,601318,13:59:25,58.4300,10,1
2026-04-16,601318,13:59:28,58.4300,47,1
2026-04-16,601318,13:59:31,58.4200,39,2
2026-04-16,601318,13:59:34,58.4300,21,1
2026-04-16,601318,13:59:37,58.4300,1,2
2026-04-16,601318,13:59:40,58.4400,44,1
2026-04-16,601318,13:59:43,58.4400,1,1
2026-04-16,601318,13:59:46,58.4400,18,1
2026-04-16,601318,13:59:49,58.4400,113,2
2026-04-16,601318,13:59:52,58.4400,5,2
2026-04-16,601318,13:59:55,58.4400,22,2
2026-04-16,601318,13:59:58,58.4400,13,2
2026-04-16,601318,14:00:01,58.4400,31,2
2026-04-16,601318,14:00:04,58.4500,65,1
2026-04-16,601318,14:00:07,58.4500,8,1
2026-04-16,601318,14:00:10,58.4500,75,1
2026-04-16,601318,14:00:13,58.4500,1,1
2026-04-16,601318,14:00:16,58.4500,25,1
2026-04-16,601318,14:00:19,58.4500,42,2
2026-04-16,601318,14:00:22,58.4500,53,2
2026-04-16,601318,14:00:25,58.4600,12,1
2026-04-16,601318,14:00:28,58.4600,24,1
2026-04-16,601318,14:00:31,58.4500,92,2
2026-04-16,601318,14:00:34,58.4500,82,2
2026-04-16,601318,14:00:37,58.4500,18,1
2026-04-16,601318,14:00:40,58.4500,59,1
2026-04-16,601318,14:00:43,58.4600,61,1
2026-04-16,601318,14:00:46,58.4500,64,2
2026-04-16,601318,14:00:49,58.4300,208,2
2026-04-16,601318,14:00:52,58.4200,7,2
2026-04-16,601318,14:00:55,58.4200,5,2
2026-04-16,601318,14:00:58,58.4100,119,2
2026-04-16,601318,14:01:01,58.4200,13,1
2026-04-16,601318,14:01:04,58.4200,7,1
2026-04-16,601318,14:01:07,58.4100,14,2
2026-04-16,601318,14:01:10,58.4100,177,2
2026-04-16,601318,14:01:13,58.4200,26,1
2026-04-16,601318,14:01:16,58.4200,30,1
2026-04-16,601318,14:01:19,58.4200,126,1
2026-04-16,601318,14:01:22,58.4300,31,1
2026-04-16,601318,14:01:25,58.4300,53,1
2026-04-16,601318,14:01:28,58.4200,6,2
2026-04-16,601318,14:01:31,58.4300,8,1
2026-04-16,601318,14:01:34,58.4300,4,1
2026-04-16,601318,14:01:37,58.4300,4,1
2026-04-16,601318,14:01:40,58.4300,60,1
2026-04-16,601318,14:01:43,58.4400,22,1
2026-04-16,601318,14:01:46,58.4300,25,2
2026-04-16,601318,14:01:49,58.4300,4,2
2026-04-16,601318,14:01:52,58.4400,71,1
2026-04-16,601318,14:01:55,58.4400,112,1
2026-04-16,601318,14:01:58,58.4500,17,1
2026-04-16,601318,14:02:01,58.4500,20,1
2026-04-16,601318,14:02:04,58.4500,46,2
2026-04-16,601318,14:02:07,58.4600,85,1
2026-04-16,601318,14:02:10,58.4500,47,2
2026-04-16,601318,14:02:13,58.4500,16,2
2026-04-16,601318,14:02:16,58.4500,22,1
2026-04-16,601318,14:02:19,58.4500,23,1
2026-04-16,601318,14:02:22,58.4400,48,2
2026-04-16,601318,14:02:25,58.4500,225,1
2026-04-16,601318,14:02:28,58.4500,46,2
2026-04-16,601318,14:02:31,58.4600,10,1
2026-04-16,601318,14:02:34,58.4600,34,1
2026-04-16,601318,14:02:37,58.4600,17,1
2026-04-16,601318,14:02:40,58.4600,31,1
2026-04-16,601318,14:02:43,58.4600,95,1
2026-04-16,601318,14:02:46,58.4700,15,1
2026-04-16,601318,14:02:49,58.4600,3,2
2026-04-16,601318,14:02:52,58.4700,14,1
2026-04-16,601318,14:02:55,58.4600,143,2
2026-04-16,601318,14:02:58,58.4600,26,1
2026-04-16,601318,14:03:01,58.4500,45,2
2026-04-16,601318,14:03:04,58.4600,155,1
2026-04-16,601318,14:03:07,58.4600,61,1
2026-04-16,601318,14:03:10,58.4500,50,2
2026-04-16,601318,14:03:13,58.4500,21,2
2026-04-16,601318,14:03:16,58.4500,6,2
2026-04-16,601318,14:03:19,58.4500,8,2
2026-04-16,601318,14:03:22,58.4500,7,2
2026-04-16,601318,14:03:25,58.4500,7,2
2026-04-16,601318,14:03:28,58.4500,121,2
2026-04-16,601318,14:03:31,58.4500,21,2
2026-04-16,601318,14:03:34,58.4600,10,1
2026-04-16,601318,14:03:37,58.4500,71,2
2026-04-16,601318,14:03:40,58.4500,26,2
2026-04-16,601318,14:03:43,58.4500,15,1
2026-04-16,601318,14:03:46,58.4400,14,2
2026-04-16,601318,14:03:49,58.4400,69,2
2026-04-16,601318,14:03:52,58.4400,7,2
2026-04-16,601318,14:03:55,58.4500,22,1
2026-04-16,601318,14:03:58,58.4500,20,1
2026-04-16,601318,14:04:01,58.4500,12,1
2026-04-16,601318,14:04:04,58.4400,28,2
2026-04-16,601318,14:04:07,58.4400,32,2
2026-04-16,601318,14:04:10,58.4500,58,1
2026-04-16,601318,14:04:13,58.4500,41,1
2026-04-16,601318,14:04:16,58.4500,39,1
2026-04-16,601318,14:04:19,58.4400,12,2
2026-04-16,601318,14:04:22,58.4500,1,1
2026-04-16,601318,14:04:25,58.4500,8,1
2026-04-16,601318,14:04:28,58.4400,2,2
2026-04-16,601318,14:04:31,58.4400,12,2
2026-04-16,601318,14:04:34,58.4500,72,1
2026-04-16,601318,14:04:37,58.4500,43,1
2026-04-16,601318,14:04:40,58.4500,26,1
2026-04-16,601318,14:04:43,58.4400,1,2
2026-04-16,601318,14:04:46,58.4400,128,2
2026-04-16,601318,14:04:49,58.4500,35,1
2026-04-16,601318,14:04:52,58.4500,17,1
2026-04-16,601318,14:04:55,58.4400,206,2
2026-04-16,601318,14:04:58,58.4400,67,2
2026-04-16,601318,14:05:01,58.4400,58,2
2026-04-16,601318,14:05:04,58.4400,92,2
2026-04-16,601318,14:05:07,58.4400,541,1
2026-04-16,601318,14:05:10,58.4400,47,1
2026-04-16,601318,14:05:13,58.4400,17,1
2026-04-16,601318,14:05:16,58.4400,1,2
2026-04-16,601318,14:05:19,58.4500,2,1
2026-04-16,601318,14:05:22,58.4600,32,1
2026-04-16,601318,14:05:25,58.4400,59,2
2026-04-16,601318,14:05:28,58.4500,37,2
2026-04-16,601318,14:05:31,58.4500,25,2
2026-04-16,601318,14:05:34,58.4500,1,2
2026-04-16,601318,14:05:37,58.4500,4,2
2026-04-16,601318,14:05:40,58.4600,11,1
2026-04-16,601318,14:05:43,58.4500,1,2
2026-04-16,601318,14:05:46,58.4500,6,2
2026-04-16,601318,14:05:49,58.4600,84,1
2026-04-16,601318,14:05:52,58.4600,17,2
2026-04-16,601318,14:05:55,58.4600,22,2
2026-04-16,601318,14:05:58,58.4600,104,2
2026-04-16,601318,14:06:01,58.4600,46,2
2026-04-16,601318,14:06:04,58.4500,88,2
2026-04-16,601318,14:06:07,58.4500,127,2
2026-04-16,601318,14:06:10,58.4400,111,2
2026-04-16,601318,14:06:13,58.4500,27,2
2026-04-16,601318,14:06:16,58.4400,57,2
2026-04-16,601318,14:06:19,58.4300,16,2
2026-04-16,601318,14:06:22,58.4300,189,2
2026-04-16,601318,14:06:25,58.4400,22,4
2026-04-16,601318,14:06:28,58.4300,54,2
2026-04-16,601318,14:06:31,58.4400,33,4
2026-04-16,601318,14:06:34,58.4400,37,2
2026-04-16,601318,14:06:37,58.4500,21,1
2026-04-16,601318,14:06:40,58.4500,24,1
2026-04-16,601318,14:06:43,58.4400,9,2
2026-04-16,601318,14:06:46,58.4300,20,2
2026-04-16,601318,14:06:49,58.4400,21,1
2026-04-16,601318,14:06:52,58.4200,14,2
2026-04-16,601318,14:06:55,58.4200,49,2
2026-04-16,601318,14:06:58,58.4300,17,1
2026-04-16,601318,14:07:01,58.4300,10,1
2026-04-16,601318,10:55:55,58.5300,80,1
2026-04-16,601318,10:55:58,58.5400,49,1
2026-04-16,601318,10:56:01,58.5400,71,2
2026-04-16,601318,10:56:04,58.5400,28,2
2026-04-16,601318,10:56:07,58.5500,144,1
2026-04-16,601318,10:56:10,58.5500,11,2
2026-04-16,601318,10:56:13,58.5600,134,1
2026-04-16,601318,10:56:16,58.5800,69,1
2026-04-16,601318,10:56:19,58.5800,43,1
2026-04-16,601318,10:56:22,58.5800,178,2
2026-04-16,601318,10:56:25,58.5800,45,2
2026-04-16,601318,10:56:28,58.5900,108,1
2026-04-16,601318,10:56:31,58.5900,24,2
2026-04-16,601318,10:56:34,58.6000,156,1
2026-04-16,601318,10:56:37,58.6000,47,1
2026-04-16,601318,10:56:40,58.6000,153,1
2026-04-16,601318,10:56:43,58.6000,46,2
2026-04-16,601318,10:56:46,58.6000,12,2
2026-04-16,601318,10:56:49,58.6100,31,1
2026-04-16,601318,10:56:52,58.6100,77,1
2026-04-16,601318,10:56:55,58.6100,36,1
2026-04-16,601318,10:56:58,58.6100,26,2
2026-04-16,601318,10:57:01,58.6200,120,1
2026-04-16,601318,10:57:04,58.6300,55,1
2026-04-16,601318,10:57:07,58.6400,40,1
2026-04-16,601318,10:57:10,58.6400,112,2
2026-04-16,601318,10:57:13,58.6700,1,1
2026-04-16,601318,10:57:16,58.6400,41,2
2026-04-16,601318,10:57:19,58.6400,27,2
2026-04-16,601318,10:57:22,58.6500,112,1
2026-04-16,601318,10:57:25,58.6500,19,2
2026-04-16,601318,10:57:28,58.6600,8,1
2026-04-16,601318,10:57:31,58.6700,243,1
2026-04-16,601318,10:57:34,58.6700,190,1
2026-04-16,601318,10:57:37,58.7000,148,1
2026-04-16,601318,10:57:40,58.6800,390,2
2026-04-16,601318,10:57:43,58.7100,153,1
2026-04-16,601318,10:57:46,58.7100,43,4
2026-04-16,601318,10:57:49,58.7300,557,1
2026-04-16,601318,10:57:52,58.7800,1255,1
2026-04-16,601318,10:57:55,58.7900,179,1
2026-04-16,601318,10:57:58,58.7800,61,1
2026-04-16,601318,10:58:01,58.8300,607,1
2026-04-16,601318,10:58:04,58.8300,71,1
2026-04-16,601318,10:58:07,58.8100,145,2
2026-04-16,601318,10:58:10,58.7800,214,2
2026-04-16,601318,10:58:13,58.7800,233,2
2026-04-16,601318,10:58:16,58.7700,332,2
2026-04-16,601318,10:58:19,58.7800,91,1
2026-04-16,601318,10:58:22,58.7700,49,2
2026-04-16,601318,10:58:25,58.7600,15,2
2026-04-16,601318,10:58:28,58.7700,89,1
2026-04-16,601318,10:58:31,58.7600,78,2
2026-04-16,601318,10:58:34,58.7700,130,1
2026-04-16,601318,10:58:37,58.7400,448,2
2026-04-16,601318,10:58:40,58.7400,102,1
2026-04-16,601318,10:58:43,58.7000,29,2
2026-04-16,601318,10:58:46,58.7000,374,2
2026-04-16,601318,10:58:49,58.6700,296,2
2026-04-16,601318,10:58:52,58.6700,236,1
2026-04-16,601318,10:58:55,58.6600,52,2
2026-04-16,601318,10:58:58,58.6600,1,2
2026-04-16,601318,10:59:01,58.6700,36,1
2026-04-16,601318,10:59:04,58.6600,43,4
2026-04-16,601318,10:59:07,58.6600,104,1
2026-04-16,601318,10:59:10,58.6600,37,2
2026-04-16,601318,10:59:13,58.6700,100,1
2026-04-16,601318,10:59:16,58.6700,92,2
2026-04-16,601318,10:59:19,58.6700,1,2
2026-04-16,601318,10:59:22,58.6800,223,2
2026-04-16,601318,10:59:25,58.6700,12,2
2026-04-16,601318,10:59:28,58.6700,7,2
2026-04-16,601318,10:59:31,58.6600,253,2
2026-04-16,601318,10:59:34,58.6500,81,2
2026-04-16,601318,10:59:37,58.6600,37,1
2026-04-16,601318,10:59:40,58.6600,68,1
2026-04-16,601318,10:59:43,58.6500,27,2
2026-04-16,601318,10:59:46,58.6300,38,2
2026-04-16,601318,10:59:49,58.6500,68,1
2026-04-16,601318,10:59:52,58.6400,89,2
2026-04-16,601318,10:59:55,58.6300,57,2
2026-04-16,601318,10:59:58,58.6300,3,2
2026-04-16,601318,11:00:01,58.6300,34,2
2026-04-16,601318,11:00:04,58.6200,25,2
2026-04-16,601318,11:00:07,58.6300,74,1
2026-04-16,601318,11:00:10,58.6300,130,1
2026-04-16,601318,11:00:13,58.6300,103,1
2026-04-16,601318,11:00:16,58.6500,89,1
2026-04-16,601318,11:00:19,58.6500,79,1
2026-04-16,601318,11:00:22,58.6500,103,1
2026-04-16,601318,11:00:25,58.6500,95,2
2026-04-16,601318,11:00:28,58.6500,226,2
2026-04-16,601318,11:00:31,58.6500,994,2
2026-04-16,601318,11:00:34,58.6500,147,2
2026-04-16,601318,11:00:37,58.6500,199,2
2026-04-16,601318,11:00:40,58.6600,50,1
2026-04-16,601318,11:00:43,58.6900,29,1
2026-04-16,601318,11:00:46,58.6600,25,2
2026-04-16,601318,11:00:49,58.6700,10,1
2026-04-16,601318,11:00:52,58.6700,28,1
2026-04-16,601318,11:00:55,58.6700,23,4
2026-04-16,601318,11:00:58,58.6700,78,1
2026-04-16,601318,11:01:01,58.6600,77,2
2026-04-16,601318,11:01:04,58.6700,41,1
2026-04-16,601318,11:01:07,58.6700,66,1
2026-04-16,601318,11:01:10,58.6900,283,1
2026-04-16,601318,11:01:13,58.6600,86,2
2026-04-16,601318,11:01:16,58.6500,55,2
2026-04-16,601318,11:01:19,58.6400,44,4
2026-04-16,601318,11:01:22,58.6300,12,2
2026-04-16,601318,11:01:25,58.6400,17,1
2026-04-16,601318,11:01:28,58.6300,1,2
2026-04-16,601318,11:01:31,58.6400,116,1
2026-04-16,601318,11:01:34,58.6400,14,1
2026-04-16,601318,11:01:37,58.6300,45,2
2026-04-16,601318,11:01:40,58.6200,104,2
2026-04-16,601318,11:01:43,58.6300,11,1
2026-04-16,601318,11:01:46,58.6200,25,2
2026-04-16,601318,11:01:49,58.6200,47,2
2026-04-16,601318,11:01:52,58.6300,44,1
2026-04-16,601318,11:01:55,58.6100,5,2
2026-04-16,601318,11:01:58,58.6300,48,1
2026-04-16,601318,11:02:01,58.6200,47,4
2026-04-16,601318,11:02:04,58.6100,23,4
2026-04-16,601318,11:02:07,58.6100,18,2
2026-04-16,601318,11:02:10,58.6000,51,2
2026-04-16,601318,11:02:13,58.6000,26,2
2026-04-16,601318,11:02:16,58.6000,16,2
2026-04-16,601318,11:02:19,58.6000,9,2
2026-04-16,601318,11:02:22,58.6000,72,2
2026-04-16,601318,11:02:25,58.6000,15,2
2026-04-16,601318,11:02:28,58.6000,42,2
2026-04-16,601318,11:02:31,58.6100,201,1
2026-04-16,601318,11:02:34,58.6100,63,1
2026-04-16,601318,11:02:37,58.6000,20,2
2026-04-16,601318,11:02:40,58.6200,2,1
2026-04-16,601318,11:02:43,58.6100,27,1
2026-04-16,601318,11:02:46,58.6100,40,1
2026-04-16,601318,11:02:49,58.6100,6,1
2026-04-16,601318,11:02:52,58.6100,44,1
2026-04-16,601318,11:02:55,58.6000,30,2
2026-04-16,601318,11:02:58,58.6000,4,2
2026-04-16,601318,11:03:01,58.6100,94,1
2026-04-16,601318,11:03:04,58.6000,35,2
2026-04-16,601318,11:03:07,58.6000,98,2
2026-04-16,601318,11:03:10,58.6000,39,2
2026-04-16,601318,11:03:13,58.6100,68,1
2026-04-16,601318,11:03:16,58.5900,74,2
2026-04-16,601318,11:03:19,58.5900,29,2
2026-04-16,601318,11:03:22,58.5900,107,2
2026-04-16,601318,11:03:25,58.5900,13,2
2026-04-16,601318,11:03:28,58.5900,52,2
2026-04-16,601318,11:03:31,58.5900,104,2
2026-04-16,601318,11:03:34,58.5900,14,2
2026-04-16,601318,11:03:37,58.5900,38,2
2026-04-16,601318,11:03:40,58.5900,76,2
2026-04-16,601318,11:03:43,58.6000,27,1
2026-04-16,601318,11:03:46,58.5900,40,2
2026-04-16,601318,11:03:49,58.5900,97,2
2026-04-16,601318,11:03:52,58.5900,86,2
2026-04-16,601318,11:03:55,58.5800,40,2
2026-04-16,601318,11:03:58,58.5900,41,4
2026-04-16,601318,11:04:01,58.5900,204,1
2026-04-16,601318,11:04:04,58.5900,88,2
2026-04-16,601318,11:04:07,58.5900,85,2
2026-04-16,601318,11:04:10,58.5900,192,2
2026-04-16,601318,11:04:13,58.5900,147,2
2026-04-16,601318,11:04:16,58.5800,64,2
2026-04-16,601318,11:04:19,58.5800,56,2
2026-04-16,601318,11:04:22,58.5900,80,1
2026-04-16,601318,11:04:25,58.5900,133,1
2026-04-16,601318,11:04:28,58.5900,35,1
2026-04-16,601318,11:04:31,58.5900,276,1
2026-04-16,601318,11:04:34,58.5700,24,2
2026-04-16,601318,11:04:37,58.5700,66,2
2026-04-16,601318,11:04:40,58.5800,219,1
2026-04-16,601318,11:04:43,58.5800,69,1
2026-04-16,601318,11:04:46,58.5700,46,2
2026-04-16,601318,11:04:49,58.5700,178,1
2026-04-16,601318,11:04:52,58.5800,59,1
2026-04-16,601318,11:04:55,58.5800,69,1
2026-04-16,601318,11:04:58,58.5800,22,1
2026-04-16,601318,11:05:01,58.5700,162,2
2026-04-16,601318,11:05:04,58.5700,20,1
2026-04-16,601318,11:05:07,58.5700,30,1
2026-04-16,601318,11:05:10,58.5800,62,1
2026-04-16,601318,11:05:13,58.5700,19,2
2026-04-16,601318,11:05:16,58.5700,113,2
2026-04-16,601318,11:05:19,58.5800,40,1
2026-04-16,601318,11:05:22,58.5700,38,2
2026-04-16,601318,11:05:25,58.5800,114,1
2026-04-16,601318,11:05:28,58.5700,770,2
2026-04-16,601318,11:05:31,58.5600,105,2
2026-04-16,601318,11:05:34,58.5700,65,1
2026-04-16,601318,11:05:37,58.5600,35,2
2026-04-16,601318,11:05:40,58.5700,18,1
2026-04-16,601318,11:05:43,58.5600,81,2
2026-04-16,601318,11:05:46,58.5600,152,1
2026-04-16,601318,11:05:49,58.5600,8,1
2026-04-16,601318,11:05:52,58.5600,31,2
2026-04-16,601318,11:05:56,58.5600,122,2
2026-04-16,601318,11:05:58,58.5600,4,1
2026-04-16,601318,11:06:01,58.5600,42,1
2026-04-16,601318,11:06:04,58.5600,35,1
2026-04-16,601318,11:06:07,58.5500,63,2
2026-04-16,601318,11:06:10,58.5500,107,2
2026-04-16,601318,11:06:13,58.5500,44,2
2026-04-16,601318,11:06:16,58.5500,305,2
2026-04-16,601318,11:06:19,58.5500,19,2
2026-04-16,601318,11:06:22,58.5500,77,2
2026-04-16,601318,11:06:25,58.5500,12,2
2026-04-16,601318,11:06:28,58.5500,22,2
2026-04-16,601318,11:06:31,58.5800,321,1
2026-04-16,601318,11:06:34,58.5700,14,2
2026-04-16,601318,11:06:37,58.5600,67,2
2026-04-16,601318,11:06:40,58.5800,120,1
2026-04-16,601318,11:06:43,58.6000,182,1
2026-04-16,601318,11:06:46,58.6100,144,1
2026-04-16,601318,11:06:49,58.6400,55,1
2026-04-16,601318,11:06:52,58.6100,57,2
2026-04-16,601318,11:06:55,58.5900,84,2
2026-04-16,601318,11:06:58,58.6100,19,1
2026-04-16,601318,11:07:01,58.6100,62,1
2026-04-16,601318,11:07:04,58.6200,65,1
2026-04-16,601318,11:07:07,58.6800,382,1
2026-04-16,601318,11:07:10,58.6600,306,2
2026-04-16,601318,11:07:13,58.6300,18,2
2026-04-16,601318,11:07:19,58.6500,31,1
2026-04-16,601318,11:07:22,58.6300,109,2
2026-04-16,601318,11:07:25,58.6500,106,1
2026-04-16,601318,11:07:28,58.6600,119,1
2026-04-16,601318,11:07:31,58.6400,46,1
2026-04-16,601318,11:07:34,58.6400,7,1
2026-04-16,601318,11:07:37,58.6500,22,4
2026-04-16,601318,11:07:40,58.6500,172,1
2026-04-16,601318,11:07:43,58.6500,9,1
2026-04-16,601318,11:07:46,58.6600,134,1
2026-04-16,601318,11:07:49,58.6500,54,1
2026-04-16,601318,11:07:52,58.6500,16,2
2026-04-16,601318,11:07:55,58.6700,24,1
2026-04-16,601318,11:08:01,58.6800,44,1
2026-04-16,601318,11:08:04,58.6700,82,1
2026-04-16,601318,11:08:07,58.6600,81,2
2026-04-16,601318,11:08:10,58.6600,34,2
2026-04-16,601318,11:08:13,58.6600,44,1
2026-04-16,601318,11:08:16,58.6400,31,2
2026-04-16,601318,11:08:19,58.6400,85,1
2026-04-16,601318,11:08:22,58.6400,46,1
2026-04-16,601318,11:08:25,58.6400,61,2
2026-04-16,601318,11:08:28,58.6500,19,1
2026-04-16,601318,11:08:31,58.6500,87,1
2026-04-16,601318,11:08:34,58.6500,26,2
2026-04-16,601318,11:08:37,58.6500,20,1
2026-04-16,601318,11:08:40,58.6500,32,2
2026-04-16,601318,11:08:43,58.6400,32,2
2026-04-16,601318,11:08:46,58.6400,77,2
2026-04-16,601318,11:08:49,58.6400,9,1
2026-04-16,601318,11:08:52,58.6400,58,1
2026-04-16,601318,11:08:55,58.6500,38,1
2026-04-16,601318,11:08:58,58.6400,64,1
2026-04-16,601318,11:09:01,58.6400,30,1
2026-04-16,601318,11:09:04,58.6400,27,1
2026-04-16,601318,11:09:07,58.6300,32,2
2026-04-16,601318,11:09:10,58.6300,184,2
2026-04-16,601318,11:09:13,58.6300,144,2
2026-04-16,601318,11:09:16,58.6300,119,2
2026-04-16,601318,11:09:19,58.6300,123,2
2026-04-16,601318,11:09:22,58.6400,21,1
2026-04-16,601318,11:09:25,58.6300,56,2
2026-04-16,601318,11:09:28,58.6400,7,1
2026-04-16,601318,11:09:31,58.6300,20,2
2026-04-16,601318,11:09:34,58.6300,33,2
2026-04-16,601318,11:09:37,58.6400,8,1
2026-04-16,601318,11:09:40,58.6300,203,2
2026-04-16,601318,11:09:43,58.6400,67,1
2026-04-16,601318,11:09:46,58.6400,105,1
2026-04-16,601318,11:09:49,58.6500,15,1
2026-04-16,601318,11:09:52,58.6500,63,1
2026-04-16,601318,11:09:55,58.6500,26,1
2026-04-16,601318,11:09:58,58.6500,13,1
2026-04-16,601318,11:10:01,58.6500,140,1
2026-04-16,601318,11:10:04,58.6500,8,1
2026-04-16,601318,11:10:07,58.6600,133,1
2026-04-16,601318,11:10:10,58.6700,45,1
2026-04-16,601318,11:10:13,58.6600,16,2
2026-04-16,601318,11:10:16,58.6600,36,2
2026-04-16,601318,11:10:19,58.6600,61,2
2026-04-16,601318,11:10:22,58.6500,62,2
2026-04-16,601318,11:10:25,58.6600,38,1
2026-04-16,601318,11:10:28,58.6500,117,1
2026-04-16,601318,11:10:31,58.6500,47,2
2026-04-16,601318,11:10:34,58.6500,42,1
2026-04-16,601318,11:10:37,58.6400,14,2
2026-04-16,601318,11:10:40,58.6500,73,4
2026-04-16,601318,11:10:43,58.6500,12,1
2026-04-16,601318,11:10:46,58.6500,62,1
2026-04-16,601318,11:10:49,58.6500,31,2
2026-04-16,601318,11:10:52,58.6600,7,2
2026-04-16,601318,11:10:55,58.6500,4,2
2026-04-16,601318,11:10:58,58.6500,4,2
2026-04-16,601318,11:11:01,58.6500,30,2
2026-04-16,601318,11:11:04,58.6600,70,1
2026-04-16,601318,11:11:07,58.6500,62,2
2026-04-16,601318,11:11:10,58.6500,75,2
2026-04-16,601318,11:11:13,58.6500,65,2
2026-04-16,601318,11:11:16,58.6500,65,2
2026-04-16,601318,11:11:19,58.6400,79,2
2026-04-16,601318,11:11:22,58.6400,72,2
2026-04-16,601318,11:11:25,58.6400,43,2
2026-04-16,601318,11:11:28,58.6500,114,1
2026-04-16,601318,11:11:31,58.6400,155,2
2026-04-16,601318,11:11:34,58.6500,38,1
2026-04-16,601318,11:11:37,58.6400,69,2
2026-04-16,601318,11:11:40,58.6400,6,1
2026-04-16,601318,11:11:43,58.6400,9,1
2026-04-16,601318,11:11:46,58.6300,85,2
2026-04-16,601318,11:11:49,58.6300,67,2
2026-04-16,601318,11:11:52,58.6300,188,2
2026-04-16,601318,11:11:55,58.6300,36,1
2026-04-16,601318,11:11:58,58.6300,23,1
2026-04-16,601318,11:12:01,58.6200,173,2
2026-04-16,601318,11:12:04,58.6200,43,2
2026-04-16,601318,11:12:07,58.6300,352,1
2026-04-16,601318,11:12:10,58.6300,101,2
2026-04-16,601318,11:12:13,58.6300,12,2
2026-04-16,601318,11:12:16,58.6100,107,2
2026-04-16,601318,11:12:19,58.6000,101,2
2026-04-16,601318,11:12:22,58.6000,15,2
2026-04-16,601318,11:12:25,58.6000,21,2
2026-04-16,601318,11:12:28,58.6100,145,1
2026-04-16,601318,11:12:31,58.6000,93,2
2026-04-16,601318,11:12:34,58.6100,129,1
2026-04-16,601318,11:12:37,58.6000,22,2
2026-04-16,601318,11:12:40,58.6000,159,2
2026-04-16,601318,11:12:43,58.6100,78,2
2026-04-16,601318,11:12:46,58.6200,73,1
2026-04-16,601318,11:12:49,58.6300,17,1
2026-04-16,601318,11:12:52,58.6200,6,2
2026-04-16,601318,11:12:55,58.6200,7,2
2026-04-16,601318,11:13:01,58.6200,13,2
2026-04-16,601318,11:13:04,58.6200,7,1
2026-04-16,601318,11:13:07,58.6200,46,1
2026-04-16,601318,11:13:10,58.6100,12,2
2026-04-16,601318,11:13:13,58.6100,10,2
2026-04-16,601318,11:13:16,58.6200,9,1
2026-04-16,601318,11:13:19,58.6200,3,1
2026-04-16,601318,11:13:22,58.6100,9,2
2026-04-16,601318,11:13:25,58.6200,1,1
2026-04-16,601318,11:13:28,58.6200,3,1
2026-04-16,601318,11:13:31,58.6200,55,1
2026-04-16,601318,11:13:34,58.6200,5,1
2026-04-16,601318,11:13:37,58.6200,19,1
2026-04-16,601318,11:13:40,58.6200,107,1
2026-04-16,601318,11:13:43,58.6200,21,1
2026-04-16,601318,11:13:46,58.6200,12,2
2026-04-16,601318,11:13:49,58.6300,526,1
2026-04-16,601318,11:13:52,58.6400,3,1
2026-04-16,601318,11:13:58,58.6400,50,1
2026-04-16,601318,11:14:01,58.6600,246,1
2026-04-16,601318,11:14:04,58.6600,21,1
2026-04-16,601318,11:14:10,58.6500,47,2
2026-04-16,601318,11:14:13,58.6500,116,1
2026-04-16,601318,11:14:16,58.6700,131,1
2026-04-16,601318,11:14:19,58.6700,26,1
2026-04-16,601318,11:14:25,58.6600,50,2
2026-04-16,601318,11:14:28,58.6700,6,1
2026-04-16,601318,11:14:31,58.6700,93,1
2026-04-16,601318,11:14:34,58.6800,20,1
2026-04-16,601318,11:14:37,58.6600,28,2
2026-04-16,601318,11:14:40,58.6600,41,1
2026-04-16,601318,11:14:43,58.6600,113,1
2026-04-16,601318,11:14:46,58.6700,31,4
2026-04-16,601318,11:14:49,58.6800,13,1
2026-04-16,601318,11:14:52,58.6800,60,1
2026-04-16,601318,11:14:55,58.6800,29,2
2026-04-16,601318,11:14:58,58.6800,24,1
2026-04-16,601318,11:15:01,58.6700,12,2
2026-04-16,601318,11:15:04,58.6800,65,1
2026-04-16,601318,11:15:07,58.6800,28,2
2026-04-16,601318,11:15:10,58.6900,9,1
2026-04-16,601318,11:15:13,58.6800,3,2
2026-04-16,601318,11:15:16,58.6800,32,2
2026-04-16,601318,11:15:19,58.6800,49,2
2026-04-16,601318,11:15:22,58.6900,39,1
2026-04-16,601318,11:15:25,58.6900,95,1
2026-04-16,601318,11:15:28,58.6900,33,1
2026-04-16,601318,11:15:31,58.6900,62,1
2026-04-16,601318,11:15:34,58.6900,24,1
2026-04-16,601318,11:15:37,58.6800,27,2
2026-04-16,601318,11:15:40,58.6800,13,2
2026-04-16,601318,11:15:43,58.6800,14,2
2026-04-16,601318,11:15:46,58.6900,143,1
2026-04-16,601318,11:15:49,58.6900,21,1
2026-04-16,601318,11:15:52,58.6800,10,2
2026-04-16,601318,11:15:55,58.6900,1,1
2026-04-16,601318,11:15:58,58.6800,67,2
2026-04-16,601318,11:16:01,58.6800,21,1
2026-04-16,601318,11:16:04,58.6800,35,1
2026-04-16,601318,11:16:07,58.6700,73,2
2026-04-16,601318,11:16:10,58.6700,2,2
2026-04-16,601318,11:16:13,58.6800,5,1
2026-04-16,601318,11:16:16,58.6800,10,1
2026-04-16,601318,11:16:19,58.6800,62,1
2026-04-16,601318,11:16:22,58.6800,10,2
2026-04-16,601318,11:16:25,58.6800,11,2
2026-04-16,601318,11:16:28,58.6800,25,2
2026-04-16,601318,11:16:31,58.6800,36,2
2026-04-16,601318,11:16:34,58.6900,25,1
2026-04-16,601318,11:16:37,58.6800,33,2
2026-04-16,601318,11:16:40,58.6800,41,2
2026-04-16,601318,11:16:43,58.6700,24,2
2026-04-16,601318,11:16:46,58.6700,33,2
2026-04-16,601318,11:16:49,58.6800,46,1
2026-04-16,601318,11:16:52,58.6700,25,2
2026-04-16,601318,11:16:55,58.6700,8,2
2026-04-16,601318,11:16:58,58.6700,26,2
2026-04-16,601318,11:17:01,58.6700,24,2
2026-04-16,601318,11:17:04,58.6700,6,2
2026-04-16,601318,11:17:07,58.6700,17,2
2026-04-16,601318,11:17:10,58.6700,33,2
2026-04-16,601318,11:17:13,58.6700,8,2
2026-04-16,601318,11:17:16,58.6700,28,2
2026-04-16,601318,11:17:19,58.6700,10,2
2026-04-16,601318,11:17:22,58.6800,361,1
2026-04-16,601318,11:17:25,58.6800,46,2
2026-04-16,601318,11:17:28,58.6800,17,2
2026-04-16,601318,11:17:31,58.6800,5,2
2026-04-16,601318,11:17:34,58.6800,34,2
2026-04-16,601318,11:17:37,58.6700,74,2
2026-04-16,601318,11:17:40,58.6700,121,1
2026-04-16,601318,11:17:43,58.6700,39,1
2026-04-16,601318,11:17:46,58.6800,27,4
2026-04-16,601318,11:17:49,58.6900,30,1
2026-04-16,601318,11:17:52,58.6800,5,4
2026-04-16,601318,11:17:55,58.6800,55,2
2026-04-16,601318,11:17:58,58.6800,4,4
2026-04-16,601318,11:18:01,58.6900,4,1
2026-04-16,601318,11:18:04,58.6800,7,1
2026-04-16,601318,11:18:07,58.6800,2,1
2026-04-16,601318,11:18:10,58.6800,14,1
2026-04-16,601318,11:18:13,58.6800,34,1
2026-04-16,601318,11:18:16,58.6700,58,2
2026-04-16,601318,11:18:19,58.6600,29,2
2026-04-16,601318,11:18:25,58.6600,1,2
2026-04-16,601318,11:18:28,58.6600,12,2
2026-04-16,601318,11:18:31,58.6700,27,1
2026-04-16,601318,11:18:34,58.6600,12,2
2026-04-16,601318,11:18:37,58.6700,73,1
2026-04-16,601318,11:18:40,58.6700,4,2
2026-04-16,601318,11:18:46,58.6700,10,2
2026-04-16,601318,11:18:49,58.6700,4,2
2026-04-16,601318,11:18:52,58.6800,106,1
2026-04-16,601318,11:18:55,58.6700,22,2
2026-04-16,601318,11:18:58,58.6800,101,1
2026-04-16,601318,11:19:01,58.6800,50,2
2026-04-16,601318,11:19:04,58.6700,161,2
2026-04-16,601318,11:19:07,58.6800,17,1
2026-04-16,601318,11:19:10,58.6800,52,1
2026-04-16,601318,11:19:13,58.6800,2,1
2026-04-16,601318,11:19:16,58.6800,80,1
2026-04-16,601318,11:19:19,58.6700,810,2
2026-04-16,601318,11:19:22,58.6800,63,1
2026-04-16,601318,11:19:25,58.6700,70,2
2026-04-16,601318,11:19:28,58.6700,18,2
2026-04-16,601318,11:19:31,58.6700,47,2
2026-04-16,601318,11:19:34,58.6700,80,2
2026-04-16,601318,11:19:37,58.6700,133,1
2026-04-16,601318,11:19:40,58.6700,5,2
2026-04-16,601318,11:19:43,58.6700,34,2
2026-04-16,601318,11:19:46,58.6700,116,2
2026-04-16,601318,11:19:49,58.6700,98,2
2026-04-16,601318,11:19:52,58.6700,16,2
2026-04-16,601318,11:19:55,58.6700,34,2
2026-04-16,601318,11:19:58,58.6700,3,2
2026-04-16,601318,11:20:01,58.6700,62,2
2026-04-16,601318,11:20:04,58.6700,13,2
2026-04-16,601318,11:20:07,58.6700,18,2
2026-04-16,601318,11:20:10,58.6700,100,2
2026-04-16,601318,11:20:13,58.6700,40,1
2026-04-16,601318,11:20:16,58.6700,8,1
2026-04-16,601318,11:20:19,58.6700,67,1
2026-04-16,601318,11:20:22,58.6600,14,2
2026-04-16,601318,11:20:25,58.6700,14,1
2026-04-16,601318,11:20:28,58.6600,31,2
2026-04-16,601318,11:20:31,58.6700,32,1
