date,code,time,price,volume,bs
2026-06-01,601318,14:06:59,53.8600,64,1
2026-06-01,601318,14:07:02,53.8500,88,2
2026-06-01,601318,14:07:05,53.8500,40,2
2026-06-01,601318,14:07:08,53.8600,23,1
2026-06-01,601318,14:07:11,53.8500,122,2
2026-06-01,601318,14:07:14,53.8600,37,1
2026-06-01,601318,14:07:17,53.8600,46,2
2026-06-01,601318,14:07:20,53.8600,55,1
2026-06-01,601318,14:07:23,53.8600,94,1
2026-06-01,601318,14:07:26,53.8500,40,2
2026-06-01,601318,14:07:29,53.8600,58,1
2026-06-01,601318,14:07:32,53.8700,19,1
2026-06-01,601318,14:07:35,53.8700,69,1
2026-06-01,601318,14:07:38,53.8600,38,2
2026-06-01,601318,14:07:41,53.8600,81,2
2026-06-01,601318,14:07:44,53.8600,107,2
2026-06-01,601318,14:07:47,53.8600,52,1
2026-06-01,601318,14:07:50,53.8500,20,2
2026-06-01,601318,14:07:53,53.8600,158,1
2026-06-01,601318,14:07:56,53.8500,80,2
2026-06-01,601318,14:07:59,53.8600,41,1
2026-06-01,601318,14:08:02,53.8600,30,2
2026-06-01,601318,14:08:05,53.8500,141,2
2026-06-01,601318,14:08:08,53.8500,27,2
2026-06-01,601318,14:08:11,53.8500,88,2
2026-06-01,601318,14:08:14,53.8700,176,1
2026-06-01,601318,14:08:17,53.8600,44,1
2026-06-01,601318,14:08:20,53.8600,98,1
2026-06-01,601318,14:08:23,53.8600,47,1
2026-06-01,601318,14:08:26,53.8600,69,1
2026-06-01,601318,14:08:29,53.8700,5,1
2026-06-01,601318,14:08:32,53.8700,69,1
2026-06-01,601318,14:08:35,53.8700,35,1
2026-06-01,601318,14:08:38,53.8600,47,2
2026-06-01,601318,14:08:41,53.8700,26,1
2026-06-01,601318,14:08:44,53.8800,16,1
2026-06-01,601318,14:08:47,53.8700,78,2
2026-06-01,601318,14:08:50,53.8800,26,1
2026-06-01,601318,14:08:53,53.8800,64,1
2026-06-01,601318,14:08:56,53.8800,29,1
2026-06-01,601318,14:08:59,53.8700,85,2
2026-06-01,601318,14:09:02,53.8700,58,2
2026-06-01,601318,14:09:05,53.8700,31,2
2026-06-01,601318,14:09:08,53.8800,48,1
2026-06-01,601318,14:09:11,53.8900,16,1
2026-06-01,601318,14:09:14,53.8800,110,2
2026-06-01,601318,14:09:17,53.8800,39,1
2026-06-01,601318,14:09:20,53.8600,477,2
2026-06-01,601318,14:09:23,53.8700,17,1
2026-06-01,601318,14:09:26,53.8700,47,1
2026-06-01,601318,14:09:29,53.8700,147,1
2026-06-01,601318,14:09:32,53.8900,19,1
2026-06-01,601318,14:09:35,53.8900,55,1
2026-06-01,601318,14:09:38,53.8900,3,1
2026-06-01,601318,14:09:41,53.8800,99,2
2026-06-01,601318,14:09:44,53.8900,65,1
2026-06-01,601318,14:09:47,53.9000,31,1
2026-06-01,601318,14:09:50,53.9000,158,1
2026-06-01,601318,14:09:53,53.8900,127,2
2026-06-01,601318,14:09:56,53.8900,129,2
2026-06-01,601318,14:09:59,53.8900,175,2
2026-06-01,601318,14:10:02,53.9000,133,1
2026-06-01,601318,14:10:05,53.8900,70,1
2026-06-01,601318,14:10:08,53.8900,32,2
2026-06-01,601318,14:10:11,53.9000,71,1
2026-06-01,601318,14:10:14,53.8900,64,2
2026-06-01,601318,14:10:17,53.9000,143,1
2026-06-01,601318,14:10:20,53.9000,75,1
2026-06-01,601318,14:10:23,53.9100,64,1
2026-06-01,601318,14:10:26,53.9000,55,2
2026-06-01,601318,14:10:29,53.9000,64,2
2026-06-01,601318,14:10:32,53.9000,37,2
2026-06-01,601318,14:10:35,53.9100,29,1
2026-06-01,601318,14:10:38,53.9000,69,2
2026-06-01,601318,14:10:41,53.9000,134,2
2026-06-01,601318,14:10:44,53.9000,36,1
2026-06-01,601318,14:10:47,53.9000,68,1
2026-06-01,601318,14:10:50,53.9000,22,1
2026-06-01,601318,14:10:53,53.9000,80,1
2026-06-01,601318,14:10:56,53.9000,163,1
2026-06-01,601318,14:10:59,53.9000,16,1
2026-06-01,601318,14:11:02,53.8900,299,2
2026-06-01,601318,14:11:05,53.8900,3,2
2026-06-01,601318,14:11:08,53.8900,55,2
2026-06-01,601318,14:11:11,53.8900,76,1
2026-06-01,601318,14:11:14,53.8900,44,1
2026-06-01,601318,14:11:17,53.8800,47,2
2026-06-01,601318,14:11:20,53.8900,239,1
2026-06-01,601318,14:11:23,53.8800,55,4
2026-06-01,601318,14:11:26,53.8800,12,1
2026-06-01,601318,14:11:29,53.8800,43,1
2026-06-01,601318,14:11:32,53.8800,34,1
2026-06-01,601318,14:11:35,53.8900,50,1
2026-06-01,601318,14:11:38,53.8900,116,1
2026-06-01,601318,14:11:41,53.8900,12,2
2026-06-01,601318,14:11:44,53.9000,389,1
2026-06-01,601318,14:11:47,53.9000,158,1
2026-06-01,601318,14:11:50,53.9000,73,2
2026-06-01,601318,14:11:53,53.9100,261,1
2026-06-01,601318,14:11:56,53.9200,16,1
2026-06-01,601318,14:11:59,53.9200,413,1
2026-06-01,601318,14:12:02,53.9100,52,2
2026-06-01,601318,14:12:05,53.9100,141,2
2026-06-01,601318,14:12:08,53.9200,480,1
2026-06-01,601318,14:12:11,53.9000,61,2
2026-06-01,601318,14:12:14,53.8900,156,2
2026-06-01,601318,14:12:17,53.9000,50,4
2026-06-01,601318,14:12:20,53.9000,10,2
2026-06-01,601318,14:12:23,53.9100,113,1
2026-06-01,601318,14:12:26,53.9100,55,1
2026-06-01,601318,14:12:29,53.8900,1538,2
2026-06-01,601318,14:12:32,53.8800,134,2
2026-06-01,601318,14:12:35,53.8800,60,2
2026-06-01,601318,14:12:38,53.8700,139,2
2026-06-01,601318,14:12:41,53.9000,204,1
2026-06-01,601318,14:12:44,53.8900,20,2
2026-06-01,601318,14:12:47,53.8900,15,2
2026-06-01,601318,14:12:50,53.8900,378,1
2026-06-01,601318,14:12:53,53.8800,14,2
2026-06-01,601318,14:12:56,53.8800,134,2
2026-06-01,601318,14:12:59,53.8800,163,2
2026-06-01,601318,14:13:02,53.8800,27,2
2026-06-01,601318,14:13:05,53.8800,24,2
2026-06-01,601318,14:13:08,53.8900,79,1
2026-06-01,601318,14:13:11,53.8600,91,2
2026-06-01,601318,14:13:14,53.8800,15,1
2026-06-01,601318,14:13:17,53.8700,13,2
2026-06-01,601318,14:13:20,53.8800,63,1
2026-06-01,601318,14:13:23,53.8800,190,2
2026-06-01,601318,14:13:26,53.8800,153,2
2026-06-01,601318,14:13:29,53.8900,279,2
2026-06-01,601318,14:13:32,53.9000,195,1
2026-06-01,601318,14:13:35,53.8900,105,2
2026-06-01,601318,14:13:38,53.9000,11,2
2026-06-01,601318,14:13:41,53.9000,9,2
2026-06-01,601318,14:13:44,53.9000,78,2
2026-06-01,601318,14:13:47,53.9200,134,1
2026-06-01,601318,14:13:50,53.9100,19,4
2026-06-01,601318,14:13:53,53.9100,77,2
2026-06-01,601318,14:13:56,53.9100,67,1
2026-06-01,601318,14:13:59,53.9100,34,1
2026-06-01,601318,14:14:02,53.9100,120,1
2026-06-01,601318,14:14:05,53.9000,50,2
2026-06-01,601318,14:14:08,53.9000,199,2
2026-06-01,601318,14:14:11,53.9100,27,1
2026-06-01,601318,14:14:14,53.8900,80,2
2026-06-01,601318,14:14:17,53.8900,37,2
2026-06-01,601318,14:14:20,53.9000,169,1
2026-06-01,601318,14:14:23,53.9100,66,1
2026-06-01,601318,14:14:26,53.9000,28,1
2026-06-01,601318,14:14:29,53.8900,9,2
2026-06-01,601318,14:14:32,53.9000,87,1
2026-06-01,601318,14:14:35,53.9000,126,2
2026-06-01,601318,14:14:38,53.8800,2,2
2026-06-01,601318,14:14:41,53.8800,14,2
2026-06-01,601318,14:14:44,53.8900,94,1
2026-06-01,601318,14:14:47,53.8800,3,2
2026-06-01,601318,14:14:50,53.8800,129,2
2026-06-01,601318,14:14:53,53.8800,100,1
2026-06-01,601318,14:14:56,53.8700,30,2
2026-06-01,601318,14:14:59,53.8800,37,1
2026-06-01,601318,14:15:02,53.8700,214,2
2026-06-01,601318,14:15:05,53.8800,40,2
2026-06-01,601318,14:15:08,53.8800,25,1
2026-06-01,601318,14:15:11,53.8800,11,1
2026-06-01,601318,14:15:14,53.8800,108,1
2026-06-01,601318,14:15:17,53.8800,43,1
2026-06-01,601318,14:15:20,53.8800,907,1
2026-06-01,601318,14:15:23,53.8800,69,2
2026-06-01,601318,14:15:26,53.8900,17,1
2026-06-01,601318,14:15:29,53.8800,192,2
2026-06-01,601318,14:15:32,53.8900,99,1
2026-06-01,601318,14:15:35,53.8900,19,1
2026-06-01,601318,14:15:38,53.8900,87,2
2026-06-01,601318,14:15:41,53.8900,64,1
2026-06-01,601318,14:15:44,53.8900,39,1
2026-06-01,601318,14:15:47,53.8900,56,2
2026-06-01,601318,14:15:50,53.8900,101,4
2026-06-01,601318,14:15:53,53.8900,22,1
2026-06-01,601318,14:15:56,53.8900,48,1
2026-06-01,601318,14:15:59,53.8800,14,2
2026-06-01,601318,14:16:02,53.8700,70,2
2026-06-01,601318,14:16:05,53.8700,106,2
2026-06-01,601318,14:16:08,53.8600,258,2
2026-06-01,601318,14:16:11,53.8600,50,1
2026-06-01,601318,14:16:14,53.8600,169,1
2026-06-01,601318,14:16:17,53.8700,49,1
2026-06-01,601318,14:16:20,53.8600,37,2
2026-06-01,601318,14:16:23,53.8600,13,2
2026-06-01,601318,14:16:26,53.8700,96,1
2026-06-01,601318,14:16:29,53.8700,20,1
2026-06-01,601318,14:16:32,53.8600,43,2
2026-06-01,601318,14:16:35,53.8600,25,2
2026-06-01,601318,14:16:38,53.8600,43,1
2026-06-01,601318,14:16:41,53.8600,24,1
2026-06-01,601318,14:16:44,53.8500,72,2
2026-06-01,601318,14:16:47,53.8600,34,1
2026-06-01,601318,14:16:50,53.8600,15,1
2026-06-01,601318,14:16:53,53.8500,46,2
2026-06-01,601318,14:16:56,53.8600,9,1
2026-06-01,601318,14:16:59,53.8600,33,1
2026-06-01,601318,14:17:02,53.8600,13,4
2026-06-01,601318,14:17:05,53.8600,45,2
2026-06-01,601318,14:17:08,53.8500,265,2
2026-06-01,601318,14:17:11,53.8600,44,1
2026-06-01,601318,14:17:14,53.8700,109,1
2026-06-01,601318,14:17:17,53.8700,6,1
2026-06-01,601318,14:17:20,53.8600,9,2
2026-06-01,601318,14:17:23,53.8800,55,1
2026-06-01,601318,14:17:26,53.8800,29,1
2026-06-01,601318,14:17:29,53.8700,40,4
2026-06-01,601318,14:17:32,53.8800,5,1
2026-06-01,601318,14:17:35,53.8600,73,2
2026-06-01,601318,14:17:38,53.8700,8,2
2026-06-01,601318,14:17:41,53.8700,19,2
2026-06-01,601318,14:17:44,53.8700,56,2
2026-06-01,601318,14:17:47,53.8700,9,2
2026-06-01,601318,14:17:50,53.8800,243,1
2026-06-01,601318,14:17:53,53.8800,268,2
2026-06-01,601318,14:17:56,53.8700,237,1
2026-06-01,601318,14:17:59,53.8800,16,1
2026-06-01,601318,14:18:02,53.8800,24,1
2026-06-01,601318,14:18:05,53.8700,291,2
2026-06-01,601318,14:18:08,53.8800,21,4
2026-06-01,601318,14:18:11,53.8900,26,1
2026-06-01,601318,14:18:14,53.8900,160,1
2026-06-01,601318,14:18:17,53.8900,89,1
2026-06-01,601318,14:18:20,53.8800,555,2
2026-06-01,601318,14:18:23,53.8600,77,2
2026-06-01,601318,14:18:26,53.8700,74,1
2026-06-01,601318,14:18:29,53.8700,47,1
2026-06-01,601318,14:18:32,53.8500,190,2
2026-06-01,601318,14:18:35,53.8500,258,2
2026-06-01,601318,14:18:38,53.8500,36,1
2026-06-01,601318,14:18:41,53.8500,302,1
2026-06-01,601318,14:18:44,53.8400,81,2
2026-06-01,601318,14:18:47,53.8500,118,1
2026-06-01,601318,14:18:50,53.8600,11,1
2026-06-01,601318,14:18:53,53.8500,66,2
2026-06-01,601318,14:18:56,53.8600,174,1
2026-06-01,601318,14:18:59,53.8600,6,2
2026-06-01,601318,14:19:02,53.8600,6,2
2026-06-01,601318,14:19:05,53.8600,63,2
2026-06-01,601318,14:19:08,53.8700,29,1
2026-06-01,601318,14:19:11,53.8700,36,2
2026-06-01,601318,14:19:14,53.8700,8,2
2026-06-01,601318,14:19:17,53.8700,6,1
2026-06-01,601318,14:19:20,53.8700,20,1
2026-06-01,601318,14:19:23,53.8600,10,2
2026-06-01,601318,14:19:26,53.8700,26,1
2026-06-01,601318,14:19:32,53.8600,27,2
2026-06-01,601318,14:19:35,53.8600,8,2
2026-06-01,601318,14:19:38,53.8700,22,1
2026-06-01,601318,14:19:41,53.8700,78,1
2026-06-01,601318,14:19:44,53.8600,102,2
2026-06-01,601318,14:19:47,53.8700,58,1
2026-06-01,601318,14:19:50,53.8700,32,1
2026-06-01,601318,14:19:53,53.8600,164,2
2026-06-01,601318,14:19:56,53.8600,61,2
2026-06-01,601318,14:19:59,53.8600,50,2
2026-06-01,601318,14:20:02,53.8700,387,1
2026-06-01,601318,14:20:05,53.8700,554,1
2026-06-01,601318,14:20:08,53.8600,34,2
2026-06-01,601318,14:20:11,53.8600,61,2
2026-06-01,601318,14:20:14,53.8700,92,1
2026-06-01,601318,14:20:17,53.8700,100,1
2026-06-01,601318,14:20:20,53.8500,609,2
2026-06-01,601318,14:20:23,53.8300,710,2
2026-06-01,601318,14:20:26,53.8400,37,1
2026-06-01,601318,14:20:29,53.8400,32,1
2026-06-01,601318,14:20:32,53.8400,15,1
2026-06-01,601318,14:20:35,53.8300,1,2
2026-06-01,601318,14:20:38,53.8300,34,2
2026-06-01,601318,14:20:41,53.8400,33,1
2026-06-01,601318,14:20:44,53.8300,14,2
2026-06-01,601318,14:20:47,53.8300,10,2
2026-06-01,601318,14:20:50,53.8400,37,1
2026-06-01,601318,14:20:53,53.8300,116,2
2026-06-01,601318,14:20:56,53.8400,164,1
2026-06-01,601318,14:20:59,53.8300,22,2
2026-06-01,601318,14:21:02,53.8300,137,2
2026-06-01,601318,14:21:05,53.8400,285,1
2026-06-01,601318,14:21:08,53.8400,67,1
2026-06-01,601318,14:21:11,53.8500,120,1
2026-06-01,601318,14:21:14,53.8500,208,2
2026-06-01,601318,14:21:17,53.8500,25,2
2026-06-01,601318,14:21:20,53.8500,234,2
2026-06-01,601318,14:21:23,53.8400,182,2
2026-06-01,601318,14:21:26,53.8400,92,2
2026-06-01,601318,14:21:29,53.8400,30,2
2026-06-01,601318,14:21:32,53.8500,76,1
2026-06-01,601318,14:21:35,53.8500,75,1
2026-06-01,601318,14:21:38,53.8500,56,1
2026-06-01,601318,14:21:41,53.8400,32,2
2026-06-01,601318,14:21:44,53.8400,40,2
2026-06-01,601318,14:21:47,53.8500,118,1
2026-06-01,601318,14:21:50,53.8500,26,1
2026-06-01,601318,14:21:53,53.8500,21,1
2026-06-01,601318,14:21:56,53.8500,121,1
2026-06-01,601318,14:21:59,53.8400,139,2
2026-06-01,601318,14:22:02,53.8400,144,1
2026-06-01,601318,14:22:05,53.8300,314,2
2026-06-01,601318,14:22:08,53.8400,32,1
2026-06-01,601318,14:22:11,53.8300,38,2
2026-06-01,601318,14:22:14,53.8300,25,2
2026-06-01,601318,14:22:17,53.8300,24,2
2026-06-01,601318,14:22:20,53.8300,9,1
2026-06-01,601318,14:22:23,53.8100,1269,2
2026-06-01,601318,14:22:26,53.7900,1840,2
2026-06-01,601318,14:22:29,53.7800,156,2
2026-06-01,601318,14:22:32,53.7800,129,1
2026-06-01,601318,14:22:35,53.7800,86,2
2026-06-01,601318,14:22:38,53.7900,153,1
2026-06-01,601318,14:22:41,53.7800,73,2
2026-06-01,601318,14:22:44,53.7800,60,2
2026-06-01,601318,14:22:47,53.7900,20,1
2026-06-01,601318,14:22:50,53.7900,2,1
2026-06-01,601318,14:22:53,53.7800,103,2
2026-06-01,601318,14:22:56,53.7600,521,2
2026-06-01,601318,14:22:59,53.7500,156,2
2026-06-01,601318,14:23:02,53.7500,184,2
2026-06-01,601318,14:23:05,53.7500,125,1
2026-06-01,601318,14:23:08,53.7500,100,1
2026-06-01,601318,14:23:11,53.7500,68,1
2026-06-01,601318,14:23:14,53.7400,88,2
2026-06-01,601318,14:23:17,53.7500,157,1
2026-06-01,601318,14:23:20,53.7600,20,1
2026-06-01,601318,14:23:23,53.7600,56,2
2026-06-01,601318,14:23:26,53.7700,50,1
2026-06-01,601318,14:23:29,53.7700,12,2
2026-06-01,601318,14:23:32,53.7800,101,1
2026-06-01,601318,14:23:35,53.8000,2244,1
2026-06-01,601318,14:23:38,53.8000,15,1
2026-06-01,601318,14:23:41,53.8000,37,1
2026-06-01,601318,14:23:44,53.8100,35,1
2026-06-01,601318,14:23:47,53.8100,7,1
2026-06-01,601318,14:23:50,53.8000,12,2
2026-06-01,601318,14:23:53,53.8000,128,2
2026-06-01,601318,14:23:56,53.8100,103,1
2026-06-01,601318,14:23:59,53.8100,206,1
2026-06-01,601318,14:24:02,53.8000,33,2
2026-06-01,601318,14:24:05,53.7900,466,2
2026-06-01,601318,14:24:08,53.7900,19,1
2026-06-01,601318,14:24:11,53.7800,134,2
2026-06-01,601318,14:24:14,53.7800,106,2
2026-06-01,601318,14:24:17,53.7700,47,2
2026-06-01,601318,14:24:20,53.7900,43,1
2026-06-01,601318,14:24:23,53.7800,20,1
2026-06-01,601318,14:24:26,53.7800,49,2
2026-06-01,601318,14:24:29,53.7700,120,2
2026-06-01,601318,14:24:32,53.7800,4,4
2026-06-01,601318,14:24:35,53.7700,20,2
2026-06-01,601318,14:24:38,53.7700,33,2
2026-06-01,601318,14:24:41,53.7800,26,1
2026-06-01,601318,14:24:44,53.7800,31,1
2026-06-01,601318,14:24:47,53.7800,25,1
2026-06-01,601318,14:24:50,53.7900,168,1
2026-06-01,601318,14:24:53,53.7900,16,1
2026-06-01,601318,14:24:56,53.7800,173,2
2026-06-01,601318,14:24:59,53.7900,27,1
2026-06-01,601318,14:25:02,53.7900,9,1
2026-06-01,601318,14:25:05,53.7900,47,1
2026-06-01,601318,14:25:08,53.7900,119,1
2026-06-01,601318,14:25:11,53.7800,20,2
2026-06-01,601318,14:25:14,53.7800,55,2
2026-06-01,601318,14:25:17,53.7800,43,2
2026-06-01,601318,14:25:20,53.7800,2,2
2026-06-01,601318,14:25:23,53.7800,24,2
2026-06-01,601318,14:25:26,53.7900,131,1
2026-06-01,601318,14:25:29,53.7800,70,2
2026-06-01,601318,14:25:32,53.7800,18,2
2026-06-01,601318,14:25:35,53.7900,221,1
2026-06-01,601318,14:25:38,53.7800,22,2
2026-06-01,601318,14:25:41,53.7900,174,1
2026-06-01,601318,14:25:44,53.7700,239,2
2026-06-01,601318,14:25:47,53.7800,113,1
2026-06-01,601318,14:25:50,53.7700,87,2
2026-06-01,601318,14:25:53,53.7700,5,4
2026-06-01,601318,14:25:56,53.7600,1271,2
2026-06-01,601318,14:25:59,53.7500,191,2
2026-06-01,601318,14:26:02,53.7500,42,2
2026-06-01,601318,14:26:05,53.7600,124,4
2026-06-01,601318,14:26:08,53.7700,42,1
2026-06-01,601318,14:26:11,53.7700,89,1
2026-06-01,601318,14:26:14,53.7700,596,2
2026-06-01,601318,14:26:17,53.7800,57,1
2026-06-01,601318,14:26:20,53.7800,463,1
2026-06-01,601318,14:26:23,53.7700,44,2
2026-06-01,601318,14:26:26,53.7700,150,2
2026-06-01,601318,14:26:29,53.7800,12,1
2026-06-01,601318,14:26:32,53.7700,5,2
2026-06-01,601318,14:26:35,53.7700,92,2
2026-06-01,601318,14:26:38,53.7800,81,1
2026-06-01,601318,14:26:41,53.7900,72,1
2026-06-01,601318,14:26:44,53.7800,34,1
2026-06-01,601318,14:26:47,53.7800,71,1
2026-06-01,601318,14:26:50,53.7800,86,1
2026-06-01,601318,14:26:53,53.7800,9,1
2026-06-01,601318,14:26:56,53.7900,36,1
2026-06-01,601318,14:26:59,53.7800,81,2
2026-06-01,601318,14:27:02,53.7800,355,2
2026-06-01,601318,14:27:05,53.7900,186,1
2026-06-01,601318,14:27:08,53.7800,95,2
2026-06-01,601318,14:27:11,53.7800,66,2
2026-06-01,601318,14:27:14,53.7800,51,1
2026-06-01,601318,14:27:17,53.7800,50,1
2026-06-01,601318,14:27:20,53.7900,82,1
2026-06-01,601318,14:27:23,53.7900,19,1
2026-06-01,601318,14:27:26,53.7800,53,2
2026-06-01,601318,14:27:29,53.7900,18,1
2026-06-01,601318,14:27:32,53.7900,100,1
2026-06-01,601318,14:27:35,53.7900,131,1
2026-06-01,601318,14:27:38,53.7900,52,1
2026-06-01,601318,14:27:41,53.8000,78,1
2026-06-01,601318,14:27:44,53.7900,47,2
2026-06-01,601318,14:27:47,53.7900,52,1
2026-06-01,601318,14:27:53,53.7900,116,2
2026-06-01,601318,14:27:56,53.7700,157,2
2026-06-01,601318,14:27:59,53.7800,17,1
2026-06-01,601318,14:28:02,53.7700,187,2
2026-06-01,601318,14:28:05,53.7600,89,2
2026-06-01,601318,14:28:08,53.7600,14,2
2026-06-01,601318,14:28:11,53.7700,30,1
2026-06-01,601318,14:28:14,53.7600,63,2
2026-06-01,601318,14:28:17,53.7700,161,1
2026-06-01,601318,14:28:20,53.7600,79,2
2026-06-01,601318,14:28:23,53.7600,137,1
2026-06-01,601318,14:28:26,53.7800,258,1
2026-06-01,601318,14:28:29,53.7700,20,2
2026-06-01,601318,14:28:32,53.7700,3,2
2026-06-01,601318,14:28:35,53.7800,161,1
2026-06-01,601318,14:28:38,53.7800,67,1
2026-06-01,601318,14:28:41,53.7800,1,2
2026-06-01,601318,14:28:44,53.7800,121,2
2026-06-01,601318,14:28:47,53.7900,5,1
2026-06-01,601318,14:28:50,53.7900,47,1
2026-06-01,601318,14:28:53,53.7900,75,1
2026-06-01,601318,14:28:56,53.7800,92,2
2026-06-01,601318,14:28:59,53.7900,285,1
2026-06-01,601318,14:29:02,53.8000,61,1
2026-06-01,601318,14:29:05,53.8000,78,1
2026-06-01,601318,14:29:08,53.8000,174,1
2026-06-01,601318,14:29:11,53.7800,347,2
2026-06-01,601318,14:29:14,53.7700,343,2
2026-06-01,601318,14:29:17,53.7700,291,2
2026-06-01,601318,14:29:20,53.7700,176,2
2026-06-01,601318,14:29:23,53.7700,51,1
2026-06-01,601318,14:29:26,53.7700,184,2
2026-06-01,601318,14:29:29,53.7700,18,2
2026-06-01,601318,14:29:32,53.7600,94,2
2026-06-01,601318,14:29:35,53.7700,37,4
2026-06-01,601318,14:29:38,53.7700,24,1
2026-06-01,601318,14:29:41,53.7700,37,2
2026-06-01,601318,14:29:44,53.7700,12,2
2026-06-01,601318,14:29:47,53.7700,110,2
2026-06-01,601318,14:29:50,53.7700,45,2
2026-06-01,601318,14:29:53,53.7500,862,2
2026-06-01,601318,14:29:56,53.7500,73,1
2026-06-01,601318,14:29:59,53.7500,54,1
2026-06-01,601318,14:30:02,53.7600,84,1
2026-06-01,601318,14:30:05,53.7600,76,1
2026-06-01,601318,14:30:08,53.7700,117,1
2026-06-01,601318,14:30:11,53.7800,51,1
2026-06-01,601318,14:30:14,53.7700,94,2
2026-06-01,601318,14:30:17,53.7700,66,2
2026-06-01,601318,14:30:20,53.7800,22,1
2026-06-01,601318,14:30:23,53.7700,103,2
2026-06-01,601318,14:30:26,53.7700,96,2
2026-06-01,601318,14:30:29,53.7800,69,1
2026-06-01,601318,14:30:32,53.7900,144,1
2026-06-01,601318,14:30:35,53.7800,120,2
2026-06-01,601318,14:30:38,53.7900,34,1
2026-06-01,601318,14:30:41,53.7900,12,1
2026-06-01,601318,14:30:44,53.7900,4,1
2026-06-01,601318,14:30:47,53.7800,300,2
2026-06-01,601318,14:30:50,53.7900,147,1
2026-06-01,601318,14:30:53,53.7900,9,1
2026-06-01,601318,14:30:56,53.7800,19,2
2026-06-01,601318,14:30:59,53.7900,11,1
2026-06-01,601318,14:31:02,53.7800,99,2
2026-06-01,601318,14:31:05,53.7900,258,1
2026-06-01,601318,14:31:08,53.7800,64,2
2026-06-01,601318,14:31:11,53.7800,86,1
2026-06-01,601318,14:31:14,53.7800,34,1
2026-06-01,601318,14:31:17,53.7800,128,1
2026-06-01,601318,14:31:20,53.7800,123,1
2026-06-01,601318,14:31:23,53.7700,35,2
2026-06-01,601318,14:31:26,53.7800,17,1
2026-06-01,601318,14:31:29,53.7700,24,2
2026-06-01,601318,14:31:32,53.7600,24,2
2026-06-01,601318,14:31:35,53.7700,112,1
2026-06-01,601318,14:31:38,53.7600,6,2
2026-06-01,601318,14:31:41,53.7600,12,2
2026-06-01,601318,14:31:44,53.7700,9,1
2026-06-01,601318,14:31:47,53.7700,113,1
2026-06-01,601318,14:31:50,53.7800,721,1
2026-06-01,601318,14:31:53,53.7900,84,1
2026-06-01,601318,14:31:56,53.8200,82,1
2026-06-01,601318,14:31:59,53.8100,75,1
2026-06-01,601318,14:32:02,53.8200,3,4
2026-06-01,601318,14:32:05,53.8400,1013,1
2026-06-01,601318,14:32:08,53.8400,28,2
2026-06-01,601318,14:32:11,53.8700,109,1
2026-06-01,601318,14:32:14,53.8400,25,2
2026-06-01,601318,14:32:17,53.8500,47,2
2026-06-01,601318,14:32:20,53.8500,104,2
2026-06-01,601318,14:32:23,53.8500,108,1
2026-06-01,601318,14:32:26,53.8400,55,2
2026-06-01,601318,14:32:29,53.8500,27,1
2026-06-01,601318,14:32:32,53.8500,56,1
2026-06-01,601318,14:32:35,53.8300,33,2
2026-06-01,601318,14:32:38,53.8300,35,2
2026-06-01,601318,14:32:41,53.8500,37,1
2026-06-01,601318,14:32:44,53.8400,43,2
2026-06-01,601318,14:32:47,53.8400,29,2
2026-06-01,601318,14:32:50,53.8400,22,2
2026-06-01,601318,14:32:53,53.8500,40,1
2026-06-01,601318,14:32:56,53.8500,88,1
2026-06-01,601318,14:32:59,53.8600,98,1
2026-06-01,601318,14:33:02,53.8700,283,1
2026-06-01,601318,14:33:05,53.8700,113,1
2026-06-01,601318,14:33:08,53.8500,142,2
2026-06-01,601318,14:33:11,53.8700,132,1
2026-06-01,601318,14:33:14,53.8700,5,1
2026-06-01,601318,14:33:17,53.8700,527,1
2026-06-01,601318,14:33:20,53.8800,74,1
2026-06-01,601318,14:33:23,53.8800,62,1
2026-06-01,601318,14:33:26,53.8700,61,2
2026-06-01,601318,14:33:29,53.8600,28,2
2026-06-01,601318,14:33:32,53.8700,157,1
2026-06-01,601318,14:33:35,53.8800,113,1
2026-06-01,601318,14:33:38,53.8800,15,1
2026-06-01,601318,14:33:41,53.8700,59,2
2026-06-01,601318,14:33:44,53.8800,31,1
2026-06-01,601318,14:33:47,53.8800,98,1
2026-06-01,601318,14:33:50,53.8900,144,1
2026-06-01,601318,14:33:53,53.8800,43,2
2026-06-01,601318,14:33:56,53.9000,193,1
2026-06-01,601318,14:33:59,53.8900,6,1
2026-06-01,601318,14:34:02,53.8800,148,2
2026-06-01,601318,14:34:05,53.8800,115,2
2026-06-01,601318,14:34:08,53.8700,74,2
2026-06-01,601318,14:34:11,53.8800,24,1
2026-06-01,601318,14:34:14,53.8700,21,2
2026-06-01,601318,14:34:17,53.8800,238,1
2026-06-01,601318,14:34:20,53.8700,20,2
2026-06-01,601318,14:34:23,53.8700,12,2
2026-06-01,601318,14:34:26,53.8600,190,2
2026-06-01,601318,14:34:29,53.8700,119,1
2026-06-01,601318,14:34:32,53.8700,30,1
2026-06-01,601318,14:34:35,53.8600,87,2
2026-06-01,601318,14:34:38,53.8800,995,1
2026-06-01,601318,14:34:41,53.8700,25,2
2026-06-01,601318,14:34:44,53.8800,258,1
2026-06-01,601318,14:34:47,53.8800,127,2
2026-06-01,601318,14:34:50,53.8800,93,2
2026-06-01,601318,14:34:53,53.8900,67,1
2026-06-01,601318,14:34:56,53.8800,167,2
2026-06-01,601318,14:34:59,53.8800,11,2
2026-06-01,601318,14:35:02,53.8900,37,1
2026-06-01,601318,14:35:05,53.8800,287,2
2026-06-01,601318,14:35:08,53.8900,140,1
2026-06-01,601318,14:35:11,53.8800,83,2
2026-06-01,601318,14:35:14,53.8700,279,2
2026-06-01,601318,14:35:17,53.8700,84,1
2026-06-01,601318,14:35:20,53.8600,56,2
2026-06-01,601318,14:35:23,53.8700,2,1
2026-06-01,601318,14:35:26,53.8600,245,2
2026-06-01,601318,14:35:29,53.8600,81,2
2026-06-01,601318,14:35:32,53.8600,158,1
2026-06-01,601318,14:35:35,53.8500,52,2
2026-06-01,601318,14:35:38,53.8500,91,2
2026-06-01,601318,14:35:41,53.8500,63,2
2026-06-01,601318,14:35:44,53.8500,83,2
2026-06-01,601318,14:35:47,53.8500,178,2
2026-06-01,601318,14:35:50,53.8500,17,1
2026-06-01,601318,14:35:53,53.8500,52,1
2026-06-01,601318,14:35:56,53.8500,169,1
2026-06-01,601318,14:35:59,53.8600,66,1
2026-06-01,601318,14:36:02,53.8600,125,1
2026-06-01,601318,14:36:05,53.8600,110,1
2026-06-01,601318,14:36:08,53.8700,39,1
2026-06-01,601318,14:36:11,53.8800,342,1
2026-06-01,601318,14:36:14,53.8800,95,4
2026-06-01,601318,14:36:17,53.8700,211,2
2026-06-01,601318,14:36:20,53.8600,281,2
2026-06-01,601318,14:36:23,53.8400,37,2
2026-06-01,601318,14:36:26,53.8500,26,4
2026-06-01,601318,14:36:29,53.8600,15,1
2026-06-01,601318,14:36:32,53.8500,17,2
2026-06-01,601318,14:36:35,53.8600,162,1
2026-06-01,601318,14:36:38,53.8200,740,2
2026-06-01,601318,14:36:41,53.8200,311,2
2026-06-01,601318,14:36:44,53.8300,3,2
2026-06-01,601318,14:36:47,53.8500,128,1
2026-06-01,601318,14:36:50,53.8400,52,2
2026-06-01,601318,14:36:53,53.8400,45,2
2026-06-01,601318,14:36:56,53.8400,39,2
2026-06-01,601318,14:36:59,53.8400,2,2
2026-06-01,601318,14:37:02,53.8400,221,2
2026-06-01,601318,14:37:05,53.8400,44,2
2026-06-01,601318,14:37:08,53.8500,77,1
2026-06-01,601318,14:37:11,53.8400,27,2
2026-06-01,601318,14:37:14,53.8500,59,1
2026-06-01,601318,14:37:17,53.8300,178,2
2026-06-01,601318,14:37:20,53.8300,18,1
2026-06-01,601318,14:37:23,53.8200,14,2
2026-06-01,601318,14:37:26,53.8300,77,1
2026-06-01,601318,14:37:29,53.8200,215,2
2026-06-01,601318,14:37:32,53.8300,105,1
2026-06-01,601318,14:37:35,53.8400,19,1
2026-06-01,601318,14:37:38,53.8400,52,1
2026-06-01,601318,14:37:41,53.8400,45,1
2026-06-01,601318,14:37:44,53.8500,274,1
2026-06-01,601318,14:37:47,53.8500,168,2
2026-06-01,601318,14:37:50,53.8300,262,2
2026-06-01,601318,14:37:53,53.8300,155,1
2026-06-01,601318,14:37:56,53.8400,160,1
2026-06-01,601318,14:37:59,53.8600,53,1
2026-06-01,601318,14:38:02,53.8400,31,2
2026-06-01,601318,14:38:05,53.8500,155,1
2026-06-01,601318,14:38:08,53.8500,121,2
2026-06-01,601318,14:38:11,53.8500,20,1
2026-06-01,601318,14:38:14,53.8300,232,2
2026-06-01,601318,14:38:17,53.8400,121,1
2026-06-01,601318,14:38:20,53.8300,45,2
2026-06-01,601318,14:38:23,53.8300,25,2
2026-06-01,601318,14:38:26,53.8500,247,1
2026-06-01,601318,14:38:29,53.8400,26,4
2026-06-01,601318,14:38:32,53.8000,572,2
2026-06-01,601318,14:38:35,53.8000,155,2
2026-06-01,601318,14:38:38,53.8100,154,4
2026-06-01,601318,14:38:41,53.8100,185,2
2026-06-01,601318,14:38:44,53.8200,326,2
2026-06-01,601318,14:38:47,53.8200,36,2
2026-06-01,601318,14:38:50,53.8300,4,1
2026-06-01,601318,14:38:53,53.8300,6,1
2026-06-01,601318,14:38:56,53.8300,196,1
2026-06-01,601318,14:38:59,53.8300,50,1
2026-06-01,601318,14:39:02,53.8300,7,1
2026-06-01,601318,14:39:05,53.8200,223,2
2026-06-01,601318,14:39:08,53.8200,26,1
2026-06-01,601318,14:39:11,53.8000,804,2
2026-06-01,601318,14:39:14,53.8100,110,1
2026-06-01,601318,14:39:17,53.8100,10,1
2026-06-01,601318,14:39:20,53.8000,249,2
2026-06-01,601318,14:39:23,53.8100,242,1
2026-06-01,601318,14:39:26,53.8000,23,1
2026-06-01,601318,14:39:29,53.8100,50,1
2026-06-01,601318,14:39:32,53.8000,9,2
2026-06-01,601318,14:39:35,53.8100,168,1
2026-06-01,601318,14:39:38,53.8000,178,2
2026-06-01,601318,14:39:41,53.8000,114,2
2026-06-01,601318,14:39:44,53.8000,340,1
2026-06-01,601318,14:39:47,53.7900,120,2
2026-06-01,601318,14:39:50,53.7900,13,1
2026-06-01,601318,14:39:53,53.7900,77,1
2026-06-01,601318,14:39:56,53.7800,316,2
2026-06-01,601318,14:39:59,53.7800,1,2
2026-06-01,601318,14:40:02,53.7800,441,2
2026-06-01,601318,14:40:05,53.7800,2018,2
2026-06-01,601318,14:40:08,53.7800,47,1
2026-06-01,601318,14:40:11,53.8000,44,1
2026-06-01,601318,14:40:14,53.7800,84,2
2026-06-01,601318,14:40:17,53.7800,69,2
2026-06-01,601318,14:40:20,53.8200,1426,1
2026-06-01,601318,14:40:23,53.7900,246,2
2026-06-01,601318,14:40:26,53.8000,144,2
2026-06-01,601318,14:40:29,53.7800,142,2
2026-06-01,601318,14:40:32,53.7800,54,2
2026-06-01,601318,14:40:35,53.7900,100,1
2026-06-01,601318,14:40:38,53.8000,31,1
2026-06-01,601318,14:40:41,53.7900,3,2
2026-06-01,601318,14:40:44,53.7900,38,2
2026-06-01,601318,14:40:47,53.7900,137,2
2026-06-01,601318,14:40:50,53.8000,13,1
2026-06-01,601318,14:40:53,53.8000,34,1
2026-06-01,601318,14:40:56,53.8000,117,2
2026-06-01,601318,14:40:59,53.8000,19,2
2026-06-01,601318,14:41:02,53.8300,128,1
2026-06-01,601318,14:41:05,53.8400,141,1
2026-06-01,601318,14:41:08,53.8100,71,2
2026-06-01,601318,14:41:11,53.8100,87,2
2026-06-01,601318,14:41:14,53.8300,50,1
2026-06-01,601318,14:41:17,53.8300,57,2
2026-06-01,601318,14:41:20,53.8500,506,1
2026-06-01,601318,14:41:23,53.8400,1208,2
2026-06-01,601318,14:41:26,53.8300,62,1
2026-06-01,601318,14:41:29,53.8000,79,2
2026-06-01,601318,14:41:32,53.8100,869,1
2026-06-01,601318,14:41:35,53.8100,123,1
2026-06-01,601318,14:41:38,53.8100,83,1
2026-06-01,601318,14:41:41,53.8100,60,1
2026-06-01,601318,14:41:44,53.8000,33,2
2026-06-01,601318,14:41:47,53.8000,187,2
2026-06-01,601318,14:41:50,53.8000,35,2
2026-06-01,601318,14:41:53,53.8100,30,1
2026-06-01,601318,14:41:56,53.8000,190,2
2026-06-01,601318,14:41:59,53.8100,13,1
2026-06-01,601318,14:42:02,53.8000,37,2
2026-06-01,601318,14:42:05,53.8200,103,1
2026-06-01,601318,14:42:08,53.8200,198,1
2026-06-01,601318,14:42:11,53.8400,104,1
2026-06-01,601318,14:42:14,53.8200,13,4
2026-06-01,601318,14:42:17,53.8200,56,2
2026-06-01,601318,14:42:20,53.8300,79,1
2026-06-01,601318,14:42:23,53.8200,61,2
2026-06-01,601318,14:42:26,53.8200,114,4
2026-06-01,601318,14:42:29,53.8100,40,2
2026-06-01,601318,14:42:32,53.8000,112,2
2026-06-01,601318,14:42:35,53.8100,53,4
2026-06-01,601318,14:42:38,53.8100,197,2
2026-06-01,601318,14:42:41,53.8100,151,1
2026-06-01,601318,14:42:44,53.8100,9,2
2026-06-01,601318,14:42:47,53.8200,28,1
2026-06-01,601318,14:42:50,53.8200,108,1
2026-06-01,601318,14:42:53,53.8200,23,1
2026-06-01,601318,14:42:56,53.8100,13,2
2026-06-01,601318,14:42:59,53.8200,117,1
2026-06-01,601318,14:43:02,53.7800,986,2
2026-06-01,601318,14:43:05,53.7800,149,2
2026-06-01,601318,14:43:08,53.7900,145,1
2026-06-01,601318,14:43:11,53.8000,96,1
2026-06-01,601318,14:43:14,53.8100,73,1
2026-06-01,601318,14:43:17,53.8000,35,2
2026-06-01,601318,14:43:20,53.8000,15,2
2026-06-01,601318,14:43:23,53.8000,105,2
2026-06-01,601318,14:43:26,53.8000,85,2
2026-06-01,601318,14:43:29,53.7900,152,2
2026-06-01,601318,14:43:32,53.8100,61,1
2026-06-01,601318,14:43:35,53.8000,54,2
2026-06-01,601318,14:43:38,53.8000,81,2
2026-06-01,601318,14:43:41,53.8000,30,1
2026-06-01,601318,14:43:44,53.8000,56,1
2026-06-01,601318,14:43:47,53.7900,171,2
2026-06-01,601318,14:43:50,53.8000,417,1
2026-06-01,601318,14:43:53,53.8100,207,1
2026-06-01,601318,14:43:56,53.8100,146,1
2026-06-01,601318,14:43:59,53.8400,109,1
2026-06-01,601318,14:44:02,53.8200,123,2
2026-06-01,601318,14:44:05,53.8200,41,2
2026-06-01,601318,14:44:08,53.8100,122,2
2026-06-01,601318,14:44:11,53.8200,18,1
2026-06-01,601318,14:44:14,53.8100,66,2
2026-06-01,601318,14:44:17,53.8300,32,1
2026-06-01,601318,14:44:20,53.8200,38,2
2026-06-01,601318,14:44:23,53.8200,302,2
2026-06-01,601318,14:44:26,53.8100,67,1
2026-06-01,601318,14:44:29,53.8100,173,4
2026-06-01,601318,14:44:32,53.8100,55,1
2026-06-01,601318,14:44:35,53.8000,203,2
2026-06-01,601318,14:44:38,53.8000,190,2
2026-06-01,601318,14:44:41,53.8100,434,1
2026-06-01,601318,14:44:44,53.8300,51,1
2026-06-01,601318,14:44:47,53.8100,146,2
2026-06-01,601318,14:44:50,53.8400,123,1
2026-06-01,601318,14:44:53,53.8300,39,2
2026-06-01,601318,14:44:56,53.8200,71,2
2026-06-01,601318,14:44:59,53.8200,77,2
2026-06-01,601318,14:45:02,53.8400,167,1
2026-06-01,601318,14:45:05,53.8400,178,1
2026-06-01,601318,14:45:08,53.8500,191,1
2026-06-01,601318,14:45:11,53.8400,158,2
2026-06-01,601318,14:45:14,53.8500,86,1
2026-06-01,601318,14:45:17,53.8400,349,2
2026-06-01,601318,14:45:20,53.8400,198,2
2026-06-01,601318,14:45:23,53.8400,77,1
2026-06-01,601318,14:45:26,53.8300,27,2
2026-06-01,601318,14:45:29,53.8400,33,1
2026-06-01,601318,14:45:32,53.8400,20,1
2026-06-01,601318,14:45:35,53.8300,22,2
2026-06-01,601318,14:45:38,53.8300,73,2
2026-06-01,601318,14:45:41,53.8400,24,1
2026-06-01,601318,14:45:44,53.8400,75,1
2026-06-01,601318,14:45:47,53.8200,105,2
2026-06-01,601318,14:45:50,53.8300,50,1
2026-06-01,601318,14:45:53,53.8300,25,1
2026-06-01,601318,14:45:56,53.8400,129,1
2026-06-01,601318,14:45:59,53.8400,118,1
2026-06-01,601318,14:46:02,53.8400,139,2
2026-06-01,601318,14:46:05,53.8500,88,1
2026-06-01,601318,14:46:08,53.8400,63,2
2026-06-01,601318,14:46:11,53.8400,32,2
2026-06-01,601318,14:46:14,53.8500,39,1
2026-06-01,601318,14:46:17,53.8500,40,1
2026-06-01,601318,14:46:20,53.8500,61,4
2026-06-01,601318,14:46:23,53.8400,85,2
2026-06-01,601318,14:46:26,53.8400,41,2
2026-06-01,601318,14:46:29,53.8500,34,1
2026-06-01,601318,14:46:32,53.8500,68,1
2026-06-01,601318,14:46:35,53.8500,28,2
2026-06-01,601318,14:46:38,53.8600,48,2
2026-06-01,601318,14:46:41,53.8500,123,2
2026-06-01,601318,14:46:44,53.8500,51,2
2026-06-01,601318,14:46:47,53.8500,113,2
2026-06-01,601318,14:46:50,53.8600,40,1
2026-06-01,601318,14:46:53,53.8500,190,2
2026-06-01,601318,14:46:56,53.8500,122,1
2026-06-01,601318,14:46:59,53.8600,166,1
2026-06-01,601318,14:47:02,53.8500,34,4
2026-06-01,601318,14:47:05,53.8500,97,1
2026-06-01,601318,14:47:08,53.8500,52,2
2026-06-01,601318,14:47:11,53.8600,46,1
2026-06-01,601318,14:47:14,53.8500,38,2
2026-06-01,601318,14:47:17,53.8500,124,2
2026-06-01,601318,14:47:20,53.8500,177,2
2026-06-01,601318,14:47:23,53.8300,49,2
2026-06-01,601318,14:47:26,53.8500,213,1
2026-06-01,601318,14:47:29,53.8500,100,1
2026-06-01,601318,14:47:32,53.8400,57,1
2026-06-01,601318,14:47:35,53.8500,86,1
2026-06-01,601318,14:47:38,53.8500,133,1
2026-06-01,601318,14:47:41,53.8300,48,2
2026-06-01,601318,14:47:44,53.8300,29,2
2026-06-01,601318,14:47:47,53.8300,19,2
2026-06-01,601318,14:47:50,53.8300,47,2
2026-06-01,601318,14:47:53,53.8300,20,2
2026-06-01,601318,14:47:56,53.8300,75,2
2026-06-01,601318,14:47:59,53.8500,44,1
2026-06-01,601318,14:48:02,53.8400,78,2
2026-06-01,601318,14:48:05,53.8500,794,1
2026-06-01,601318,14:48:08,53.8300,62,2
2026-06-01,601318,14:48:11,53.8500,93,1
2026-06-01,601318,14:48:14,53.8500,112,1
2026-06-01,601318,14:48:17,53.8600,101,1
2026-06-01,601318,14:48:20,53.8500,229,2
2026-06-01,601318,14:48:23,53.8500,23,2
2026-06-01,601318,14:48:26,53.8500,193,2
2026-06-01,601318,14:48:29,53.8400,70,2
2026-06-01,601318,14:48:32,53.8400,75,2
2026-06-01,601318,14:48:35,53.8400,4,2
2026-06-01,601318,14:48:38,53.8500,231,1
2026-06-01,601318,14:48:41,53.8400,38,2
2026-06-01,601318,14:48:44,53.8400,275,4
2026-06-01,601318,14:48:47,53.8300,53,2
2026-06-01,601318,14:48:50,53.8300,10,1
2026-06-01,601318,14:48:53,53.8200,88,2
2026-06-01,601318,14:48:56,53.8200,51,2
2026-06-01,601318,14:48:59,53.8200,353,2
2026-06-01,601318,14:49:02,53.8200,248,1
2026-06-01,601318,14:49:05,53.8200,331,2
2026-06-01,601318,14:49:08,53.8200,370,2
2026-06-01,601318,14:49:11,53.8300,60,1
2026-06-01,601318,14:49:14,53.8200,102,2
2026-06-01,601318,14:49:17,53.8200,47,2
2026-06-01,601318,14:49:20,53.8300,103,1
2026-06-01,601318,14:49:23,53.8200,47,2
2026-06-01,601318,14:49:26,53.8200,58,2
2026-06-01,601318,14:49:29,53.8200,104,2
2026-06-01,601318,14:49:32,53.8200,213,2
2026-06-01,601318,14:49:35,53.8100,60,2
2026-06-01,601318,14:49:38,53.8000,634,2
2026-06-01,601318,14:49:41,53.8100,56,4
2026-06-01,601318,14:49:44,53.8200,5,1
2026-06-01,601318,14:49:47,53.8100,19,2
2026-06-01,601318,14:49:50,53.8100,62,2
2026-06-01,601318,14:49:53,53.8100,64,2
2026-06-01,601318,14:49:56,53.8100,15,2
2026-06-01,601318,14:49:59,53.8100,149,2
2026-06-01,601318,14:50:02,53.7900,1163,2
2026-06-01,601318,14:50:05,53.7900,227,2
2026-06-01,601318,14:50:08,53.7900,239,2
2026-06-01,601318,14:50:11,53.8000,278,1
2026-06-01,601318,14:50:14,53.8200,51,1
2026-06-01,601318,14:50:17,53.8100,70,1
2026-06-01,601318,14:50:20,53.8100,339,2
2026-06-01,601318,14:50:23,53.8100,66,4
2026-06-01,601318,14:50:26,53.8100,313,2
2026-06-01,601318,14:50:29,53.8100,19,1
2026-06-01,601318,14:50:32,53.8000,14,2
2026-06-01,601318,14:50:35,53.8000,276,2
2026-06-01,601318,14:50:38,53.8100,166,1
2026-06-01,601318,14:50:41,53.8100,54,1
2026-06-01,601318,14:50:44,53.8100,60,2
2026-06-01,601318,14:50:47,53.8100,69,2
2026-06-01,601318,14:50:50,53.8300,71,1
2026-06-01,601318,14:50:53,53.8200,126,4
2026-06-01,601318,14:50:56,53.8100,69,2
2026-06-01,601318,14:50:59,53.8100,16,4
2026-06-01,601318,14:51:02,53.8200,515,1
2026-06-01,601318,14:51:05,53.8000,163,2
2026-06-01,601318,14:51:08,53.8200,318,1
2026-06-01,601318,14:51:11,53.8300,30,1
2026-06-01,601318,14:51:14,53.8400,107,1
2026-06-01,601318,14:51:17,53.8300,57,2
2026-06-01,601318,14:51:20,53.8400,55,1
2026-06-01,601318,14:51:23,53.8300,139,2
2026-06-01,601318,14:51:26,53.8300,49,2
2026-06-01,601318,14:51:29,53.8400,150,1
2026-06-01,601318,14:51:32,53.8300,37,2
2026-06-01,601318,14:51:35,53.8300,158,2
2026-06-01,601318,14:51:38,53.8300,23,1
2026-06-01,601318,14:51:41,53.8400,96,1
2026-06-01,601318,14:51:44,53.8400,36,1
2026-06-01,601318,14:51:47,53.8300,39,2
2026-06-01,601318,14:51:50,53.8400,54,1
2026-06-01,601318,14:51:53,53.8400,73,1
2026-06-01,601318,14:51:56,53.8400,84,2
2026-06-01,601318,14:51:59,53.8500,31,1
2026-06-01,601318,14:52:02,53.8400,189,2
2026-06-01,601318,14:52:05,53.8500,228,1
2026-06-01,601318,14:52:08,53.8400,105,2
2026-06-01,601318,14:52:11,53.8400,85,1
2026-06-01,601318,14:52:14,53.8400,88,1
2026-06-01,601318,14:52:17,53.8300,286,2
2026-06-01,601318,14:52:20,53.8500,1019,1
2026-06-01,601318,14:52:23,53.8400,59,2
2026-06-01,601318,14:52:26,53.8300,100,2
2026-06-01,601318,14:52:29,53.8300,58,1
2026-06-01,601318,14:52:32,53.8200,43,2
2026-06-01,601318,14:52:35,53.8400,88,1
2026-06-01,601318,14:52:38,53.8200,169,2
2026-06-01,601318,14:52:41,53.8400,176,1
2026-06-01,601318,14:52:44,53.8400,106,2
2026-06-01,601318,14:52:47,53.8500,752,1
2026-06-01,601318,14:52:50,53.8400,206,4
2026-06-01,601318,14:52:53,53.8400,76,1
2026-06-01,601318,14:52:56,53.8300,27,2
2026-06-01,601318,14:52:59,53.8300,73,2
2026-06-01,601318,14:53:02,53.8200,211,2
2026-06-01,601318,14:53:05,53.8200,176,2
2026-06-01,601318,14:53:08,53.8200,211,2
2026-06-01,601318,14:53:11,53.8200,66,2
2026-06-01,601318,14:53:14,53.8400,30,1
2026-06-01,601318,14:53:17,53.8300,32,2
2026-06-01,601318,14:53:20,53.8300,9,2
2026-06-01,601318,14:53:23,53.8300,170,2
2026-06-01,601318,14:53:26,53.8400,14,1
2026-06-01,601318,14:53:29,53.8400,242,1
2026-06-01,601318,14:53:32,53.8400,128,2
2026-06-01,601318,14:53:35,53.8400,613,2
2026-06-01,601318,14:53:38,53.8400,69,2
2026-06-01,601318,14:53:41,53.8400,1,2
2026-06-01,601318,14:53:44,53.8400,69,2
2026-06-01,601318,14:53:47,53.8400,202,2
2026-06-01,601318,14:53:50,53.8300,52,2
2026-06-01,601318,14:53:53,53.8400,106,1
2026-06-01,601318,14:53:56,53.8300,145,2
2026-06-01,601318,14:53:59,53.8400,70,1
2026-06-01,601318,14:54:02,53.8400,221,1
2026-06-01,601318,14:54:05,53.8400,253,1
2026-06-01,601318,14:54:08,53.8200,223,2
2026-06-01,601318,14:54:11,53.8200,85,2
2026-06-01,601318,14:54:14,53.8400,124,1
2026-06-01,601318,14:54:17,53.8300,46,4
2026-06-01,601318,14:54:20,53.8300,20,4
2026-06-01,601318,14:54:23,53.8400,235,1
2026-06-01,601318,14:54:26,53.8300,18,2
2026-06-01,601318,14:54:29,53.8300,111,2
2026-06-01,601318,14:54:32,53.8400,22,1
2026-06-01,601318,14:54:35,53.8300,235,2
2026-06-01,601318,14:54:38,53.8300,165,4
2026-06-01,601318,14:54:41,53.8300,30,1
2026-06-01,601318,14:54:44,53.8400,69,1
2026-06-01,601318,14:54:47,53.8300,208,2
2026-06-01,601318,14:54:50,53.8400,139,1
2026-06-01,601318,14:54:53,53.8400,216,1
2026-06-01,601318,14:54:56,53.8400,229,2
2026-06-01,601318,14:54:59,53.8400,134,2
2026-06-01,601318,14:55:02,53.8400,161,1
2026-06-01,601318,14:55:05,53.8400,298,1
2026-06-01,601318,14:55:08,53.8400,63,1
2026-06-01,601318,14:55:11,53.8300,55,4
2026-06-01,601318,14:55:14,53.8400,360,1
2026-06-01,601318,14:55:17,53.8200,145,2
2026-06-01,601318,14:55:20,53.8200,427,2
2026-06-01,601318,14:55:23,53.8100,170,2
2026-06-01,601318,14:55:26,53.8100,265,2
2026-06-01,601318,14:55:29,53.8100,39,1
2026-06-01,601318,14:55:32,53.8100,229,1
2026-06-01,601318,14:55:35,53.8200,85,1
2026-06-01,601318,14:55:38,53.8200,135,4
2026-06-01,601318,14:55:41,53.8100,335,2
2026-06-01,601318,14:55:44,53.8300,245,1
2026-06-01,601318,14:55:47,53.8100,459,2
2026-06-01,601318,14:55:50,53.8300,52,1
2026-06-01,601318,14:55:53,53.8200,139,4
2026-06-01,601318,14:55:56,53.8200,157,1
2026-06-01,601318,14:55:59,53.8100,105,2
2026-06-01,601318,14:56:02,53.8100,314,2
2026-06-01,601318,14:56:05,53.8100,200,2
2026-06-01,601318,14:56:08,53.8300,254,1
2026-06-01,601318,14:56:11,53.8300,152,1
2026-06-01,601318,14:56:14,53.8200,180,2
2026-06-01,601318,14:56:17,53.8200,282,2
2026-06-01,601318,14:56:20,53.8400,309,1
2026-06-01,601318,14:56:23,53.8300,137,2
2026-06-01,601318,14:56:26,53.8300,76,1
2026-06-01,601318,14:56:29,53.8300,156,1
2026-06-01,601318,14:56:32,53.8300,222,2
2026-06-01,601318,14:56:35,53.8300,84,2
2026-06-01,601318,14:56:38,53.8200,272,2
2026-06-01,601318,14:56:41,53.8300,164,4
2026-06-01,601318,14:56:44,53.8400,626,1
2026-06-01,601318,14:56:47,53.8400,64,2
2026-06-01,601318,14:56:50,53.8500,182,1
2026-06-01,601318,14:56:53,53.8300,115,4
2026-06-01,601318,14:56:56,53.8400,84,1
2026-06-01,601318,14:56:59,53.8400,122,2
2026-06-01,601318,15:00:03,53.8500,5670,4
2026-06-01,601318,13:16:32,53.7000,19,1
2026-06-01,601318,13:16:35,53.6800,69,2
2026-06-01,601318,13:16:38,53.6900,8,2
2026-06-01,601318,13:16:41,53.6900,18,1
2026-06-01,601318,13:16:44,53.6900,18,1
2026-06-01,601318,13:16:47,53.7000,3,1
2026-06-01,601318,13:16:50,53.7000,1,1
2026-06-01,601318,13:16:53,53.6900,2,2
2026-06-01,601318,13:16:56,53.7000,9,1
2026-06-01,601318,13:16:59,53.6900,164,2
2026-06-01,601318,13:17:02,53.7000,2,1
2026-06-01,601318,13:17:05,53.7000,2,1
2026-06-01,601318,13:17:11,53.7000,4,1
2026-06-01,601318,13:17:14,53.6900,74,2
2026-06-01,601318,13:17:17,53.7000,40,1
2026-06-01,601318,13:17:20,53.7000,40,4
2026-06-01,601318,13:17:23,53.7100,92,2
2026-06-01,601318,13:17:26,53.7100,302,2
2026-06-01,601318,13:17:29,53.7100,56,2
2026-06-01,601318,13:17:32,53.7300,34,1
2026-06-01,601318,13:17:35,53.7100,34,2
2026-06-01,601318,13:17:38,53.7100,46,2
2026-06-01,601318,13:17:41,53.6900,68,2
2026-06-01,601318,13:17:44,53.7100,83,1
2026-06-01,601318,13:17:47,53.7100,8,1
2026-06-01,601318,13:17:50,53.7100,8,1
2026-06-01,601318,13:17:53,53.7100,11,1
2026-06-01,601318,13:17:56,53.7100,16,1
2026-06-01,601318,13:17:59,53.7000,157,2
2026-06-01,601318,13:18:02,53.7100,234,1
2026-06-01,601318,13:18:05,53.7200,232,1
2026-06-01,601318,13:18:08,53.7200,36,1
2026-06-01,601318,13:18:11,53.7200,18,2
2026-06-01,601318,13:18:14,53.7200,45,2
2026-06-01,601318,13:18:17,53.7400,134,1
2026-06-01,601318,13:18:20,53.7400,80,2
2026-06-01,601318,13:18:23,53.7500,54,1
2026-06-01,601318,13:18:26,53.7500,11,1
2026-06-01,601318,13:18:29,53.7500,59,1
2026-06-01,601318,13:18:32,53.7500,14,1
2026-06-01,601318,13:18:35,53.7500,373,1
2026-06-01,601318,13:18:38,53.7600,66,1
2026-06-01,601318,13:18:41,53.7700,137,1
2026-06-01,601318,13:18:44,53.7700,273,1
2026-06-01,601318,13:18:47,53.7700,21,1
2026-06-01,601318,13:18:50,53.7700,89,1
2026-06-01,601318,13:18:53,53.7700,26,2
2026-06-01,601318,13:18:56,53.7700,96,2
2026-06-01,601318,13:18:59,53.7700,130,2
2026-06-01,601318,13:19:02,53.7300,180,2
2026-06-01,601318,13:19:05,53.7400,91,2
2026-06-01,601318,13:19:08,53.7400,97,2
2026-06-01,601318,13:19:11,53.7500,88,1
2026-06-01,601318,13:19:14,53.7400,7,2
2026-06-01,601318,13:19:17,53.7500,76,1
2026-06-01,601318,13:19:20,53.7500,380,1
2026-06-01,601318,13:19:23,53.7600,36,1
2026-06-01,601318,13:19:26,53.7500,117,2
2026-06-01,601318,13:19:29,53.7600,52,2
2026-06-01,601318,13:19:32,53.7500,248,2
2026-06-01,601318,13:19:35,53.7600,202,1
2026-06-01,601318,13:19:38,53.7600,34,1
2026-06-01,601318,13:19:41,53.7700,108,1
2026-06-01,601318,13:19:44,53.7700,25,1
2026-06-01,601318,13:19:47,53.7600,46,2
2026-06-01,601318,13:19:50,53.7700,101,1
2026-06-01,601318,13:19:53,53.7600,20,2
2026-06-01,601318,13:19:56,53.7600,36,2
2026-06-01,601318,13:19:59,53.7700,8,1
2026-06-01,601318,13:20:02,53.7700,38,1
2026-06-01,601318,13:20:05,53.7600,110,2
2026-06-01,601318,13:20:08,53.7700,15,1
2026-06-01,601318,13:20:11,53.7600,265,2
2026-06-01,601318,13:20:14,53.7800,83,1
2026-06-01,601318,13:20:17,53.7700,33,2
2026-06-01,601318,13:20:20,53.7700,7,2
2026-06-01,601318,13:20:23,53.8000,1369,1
2026-06-01,601318,13:20:26,53.8000,23,2
2026-06-01,601318,13:20:29,53.8100,3,1
2026-06-01,601318,13:20:32,53.8100,4,1
2026-06-01,601318,13:20:35,53.8000,440,2
2026-06-01,601318,13:20:38,53.8100,188,1
2026-06-01,601318,13:20:41,53.8100,40,2
2026-06-01,601318,13:20:44,53.8200,29,1
2026-06-01,601318,13:20:47,53.8100,45,2
2026-06-01,601318,13:20:50,53.8200,129,1
2026-06-01,601318,13:20:53,53.8100,66,2
2026-06-01,601318,13:20:56,53.8200,173,1
2026-06-01,601318,13:20:59,53.8000,265,2
2026-06-01,601318,13:21:02,53.8000,216,2
2026-06-01,601318,13:21:05,53.8100,245,1
2026-06-01,601318,13:21:08,53.8100,53,2
2026-06-01,601318,13:21:11,53.8200,48,1
2026-06-01,601318,13:21:14,53.8200,65,1
2026-06-01,601318,13:21:17,53.8200,92,1
2026-06-01,601318,13:21:20,53.8200,21,1
2026-06-01,601318,13:21:23,53.8200,25,1
2026-06-01,601318,13:21:26,53.8100,113,2
2026-06-01,601318,13:21:29,53.8100,163,2
2026-06-01,601318,13:21:32,53.8100,39,2
2026-06-01,601318,13:21:35,53.8100,423,2
2026-06-01,601318,13:21:38,53.8000,12,4
2026-06-01,601318,13:21:41,53.8000,17,1
2026-06-01,601318,13:21:44,53.8000,30,1
2026-06-01,601318,13:21:47,53.8000,19,2
2026-06-01,601318,13:21:50,53.7900,94,2
2026-06-01,601318,13:21:53,53.8000,94,2
2026-06-01,601318,13:21:56,53.8000,58,2
2026-06-01,601318,13:21:59,53.7900,30,2
2026-06-01,601318,13:22:02,53.7900,20,2
2026-06-01,601318,13:22:05,53.8000,103,1
2026-06-01,601318,13:22:08,53.8000,43,1
2026-06-01,601318,13:22:11,53.8000,68,2
2026-06-01,601318,13:22:14,53.8000,102,2
2026-06-01,601318,13:22:17,53.8000,126,2
2026-06-01,601318,13:22:20,53.8000,37,2
2026-06-01,601318,13:22:23,53.8000,44,2
2026-06-01,601318,13:22:26,53.8000,365,2
2026-06-01,601318,13:22:29,53.8000,38,1
2026-06-01,601318,13:22:32,53.7900,94,2
2026-06-01,601318,13:22:35,53.8100,1626,1
2026-06-01,601318,13:22:38,53.8100,88,1
2026-06-01,601318,13:22:41,53.8200,32,1
2026-06-01,601318,13:22:44,53.8200,307,1
2026-06-01,601318,13:22:47,53.8200,206,1
2026-06-01,601318,13:22:50,53.8300,158,1
2026-06-01,601318,13:22:53,53.8400,199,1
2026-06-01,601318,13:22:56,53.8400,281,1
2026-06-01,601318,13:22:59,53.8400,25,4
2026-06-01,601318,13:23:02,53.8400,39,2
2026-06-01,601318,13:23:05,53.8400,109,2
2026-06-01,601318,13:23:08,53.8500,22,1
2026-06-01,601318,13:23:11,53.8500,51,1
2026-06-01,601318,13:23:14,53.8500,172,1
2026-06-01,601318,13:23:17,53.8500,90,1
2026-06-01,601318,13:23:20,53.8600,35,1
2026-06-01,601318,13:23:23,53.8500,70,2
2026-06-01,601318,13:23:26,53.8100,1318,2
2026-06-01,601318,13:23:29,53.8000,107,2
2026-06-01,601318,13:23:32,53.8000,13,1
2026-06-01,601318,13:23:35,53.7900,58,2
2026-06-01,601318,13:23:38,53.7900,23,2
2026-06-01,601318,13:23:41,53.8000,70,1
2026-06-01,601318,13:23:44,53.8000,19,2
2026-06-01,601318,13:23:47,53.8000,12,2
2026-06-01,601318,13:23:50,53.8000,68,2
2026-06-01,601318,13:23:53,53.8000,4,2
2026-06-01,601318,13:23:56,53.8000,25,1
2026-06-01,601318,13:23:59,53.7900,363,2
2026-06-01,601318,13:24:02,53.7800,3,4
2026-06-01,601318,13:24:05,53.7700,14,2
2026-06-01,601318,13:24:08,53.7900,83,1
2026-06-01,601318,13:24:11,53.7800,6,2
2026-06-01,601318,13:24:14,53.7800,24,2
2026-06-01,601318,13:24:17,53.7900,107,1
2026-06-01,601318,13:24:20,53.7900,37,1
2026-06-01,601318,13:24:23,53.7900,3,2
2026-06-01,601318,13:24:26,53.8000,52,1
2026-06-01,601318,13:24:29,53.8000,44,1
2026-06-01,601318,13:24:32,53.8100,178,1
2026-06-01,601318,13:24:35,53.8000,26,2
2026-06-01,601318,13:24:38,53.8100,4,2
2026-06-01,601318,13:24:41,53.8100,11,2
2026-06-01,601318,13:24:44,53.8100,28,2
2026-06-01,601318,13:24:47,53.8200,54,1
2026-06-01,601318,13:24:50,53.8200,3,2
2026-06-01,601318,13:24:53,53.8500,160,1
2026-06-01,601318,13:24:56,53.8300,8,2
2026-06-01,601318,13:24:59,53.8300,106,2
2026-06-01,601318,13:25:02,53.8400,25,2
2026-06-01,601318,13:25:05,53.8400,5,2
2026-06-01,601318,13:25:08,53.8500,26,1
2026-06-01,601318,13:25:11,53.8500,13,1
2026-06-01,601318,13:25:14,53.8500,21,1
2026-06-01,601318,13:25:17,53.8400,261,2
2026-06-01,601318,13:25:20,53.8400,24,1
2026-06-01,601318,13:25:23,53.8300,53,2
2026-06-01,601318,13:25:26,53.8400,86,1
2026-06-01,601318,13:25:29,53.8300,81,2
2026-06-01,601318,13:25:32,53.8400,101,1
2026-06-01,601318,13:25:35,53.8400,539,1
2026-06-01,601318,13:25:38,53.8400,520,1
2026-06-01,601318,13:25:41,53.8400,22,2
2026-06-01,601318,13:25:44,53.8400,130,2
2026-06-01,601318,13:25:47,53.8500,223,1
2026-06-01,601318,13:25:50,53.8500,11,2
2026-06-01,601318,13:25:53,53.8500,94,1
2026-06-01,601318,13:25:56,53.8600,183,1
2026-06-01,601318,13:25:59,53.8700,305,1
2026-06-01,601318,13:26:02,53.8900,935,1
2026-06-01,601318,13:26:05,53.8900,47,1
2026-06-01,601318,13:26:08,53.8900,79,2
2026-06-01,601318,13:26:11,53.9000,34,1
2026-06-01,601318,13:26:14,53.9000,189,1
2026-06-01,601318,13:26:17,53.9000,303,1
2026-06-01,601318,13:26:20,53.9000,14,4
2026-06-01,601318,13:26:23,53.9000,244,2
2026-06-01,601318,13:26:26,53.9100,95,1
2026-06-01,601318,13:26:29,53.9100,167,1
2026-06-01,601318,13:26:32,53.9000,27,2
2026-06-01,601318,13:26:35,53.9000,93,2
2026-06-01,601318,13:26:38,53.9100,132,1
2026-06-01,601318,13:26:41,53.9100,146,1
2026-06-01,601318,13:26:44,53.9100,150,2
2026-06-01,601318,13:26:47,53.9000,244,2
2026-06-01,601318,13:26:50,53.9100,78,1
2026-06-01,601318,13:26:53,53.8800,451,2
2026-06-01,601318,13:26:56,53.8800,386,2
2026-06-01,601318,13:26:59,53.8900,168,1
2026-06-01,601318,13:27:02,53.8900,31,1
2026-06-01,601318,13:27:05,53.8900,102,1
2026-06-01,601318,13:27:08,53.8600,183,2
2026-06-01,601318,13:27:11,53.8800,102,1
2026-06-01,601318,13:27:14,53.8700,117,4
2026-06-01,601318,13:27:17,53.8700,99,1
2026-06-01,601318,13:27:20,53.8600,242,2
2026-06-01,601318,13:27:23,53.8700,237,1
2026-06-01,601318,13:27:26,53.8600,24,4
2026-06-01,601318,13:27:29,53.8600,308,2
2026-06-01,601318,13:27:32,53.8700,1044,1
2026-06-01,601318,13:27:35,53.8900,190,1
2026-06-01,601318,13:27:38,53.8600,294,2
2026-06-01,601318,13:27:41,53.8800,112,2
2026-06-01,601318,13:27:44,53.8800,8,2
2026-06-01,601318,13:27:47,53.8800,6,2
2026-06-01,601318,13:27:50,53.8800,190,2
2026-06-01,601318,13:27:53,53.8900,42,2
2026-06-01,601318,13:27:56,53.8900,97,2
2026-06-01,601318,13:27:59,53.8900,264,2
2026-06-01,601318,13:28:02,53.8900,20,1
2026-06-01,601318,13:28:05,53.8900,15,1
2026-06-01,601318,13:28:08,53.8700,158,2
2026-06-01,601318,13:28:11,53.8800,15,1
2026-06-01,601318,13:28:14,53.8800,13,1
2026-06-01,601318,13:28:17,53.8800,167,1
2026-06-01,601318,13:28:20,53.8800,19,1
2026-06-01,601318,13:28:23,53.8700,30,2
2026-06-01,601318,13:28:26,53.8800,93,1
2026-06-01,601318,13:28:29,53.8700,122,2
2026-06-01,601318,13:28:32,53.8700,91,2
2026-06-01,601318,13:28:35,53.8900,249,1
2026-06-01,601318,13:28:38,53.8900,110,2
2026-06-01,601318,13:28:41,53.8900,117,2
2026-06-01,601318,13:28:44,53.8900,13,2
2026-06-01,601318,13:28:47,53.9000,9,1
2026-06-01,601318,13:28:50,53.8900,1313,2
2026-06-01,601318,13:28:56,53.8800,16,2
2026-06-01,601318,13:28:59,53.8900,166,1
2026-06-01,601318,13:29:02,53.8900,61,4
2026-06-01,601318,13:29:05,53.8600,1326,2
2026-06-01,601318,13:29:08,53.8800,351,1
2026-06-01,601318,13:29:11,53.8700,101,4
2026-06-01,601318,13:29:14,53.8700,16,2
2026-06-01,601318,13:29:17,53.8800,67,1
2026-06-01,601318,13:29:20,53.8700,155,2
2026-06-01,601318,13:29:23,53.8700,7,1
2026-06-01,601318,13:29:26,53.8600,67,2
2026-06-01,601318,13:29:29,53.8700,12,1
2026-06-01,601318,13:29:32,53.8600,54,2
2026-06-01,601318,13:29:35,53.8600,105,2
2026-06-01,601318,13:29:38,53.8600,5,1
2026-06-01,601318,13:29:41,53.8500,169,2
2026-06-01,601318,13:29:44,53.8700,45,1
2026-06-01,601318,13:29:47,53.8600,138,2
2026-06-01,601318,13:29:50,53.8500,100,2
2026-06-01,601318,13:29:53,53.8600,12,1
2026-06-01,601318,13:29:56,53.8500,2,2
2026-06-01,601318,13:29:59,53.8500,125,2
2026-06-01,601318,13:30:02,53.8500,33,2
2026-06-01,601318,13:30:05,53.8500,20,2
2026-06-01,601318,13:30:08,53.8600,126,1
2026-06-01,601318,13:30:11,53.8600,38,2
2026-06-01,601318,13:30:14,53.8600,102,2
2026-06-01,601318,13:30:17,53.8600,90,2
2026-06-01,601318,13:30:20,53.8600,38,2
2026-06-01,601318,13:30:23,53.8700,44,1
2026-06-01,601318,13:30:26,53.8700,110,1
2026-06-01,601318,13:30:29,53.8800,156,1
2026-06-01,601318,13:30:32,53.8600,25,2
2026-06-01,601318,13:30:35,53.8600,2,2
2026-06-01,601318,13:30:38,53.8700,35,1
2026-06-01,601318,13:30:41,53.8600,74,2
2026-06-01,601318,13:30:44,53.8700,16,1
2026-06-01,601318,13:30:47,53.8600,153,2
2026-06-01,601318,13:30:50,53.8600,122,2
2026-06-01,601318,13:30:53,53.8700,21,2
2026-06-01,601318,13:30:56,53.8700,25,2
2026-06-01,601318,13:30:59,53.8700,180,2
2026-06-01,601318,13:31:02,53.8700,46,2
2026-06-01,601318,13:31:05,53.8600,227,2
2026-06-01,601318,13:31:08,53.8600,30,2
2026-06-01,601318,13:31:11,53.8700,40,1
2026-06-01,601318,13:31:14,53.8600,90,4
2026-06-01,601318,13:31:17,53.8700,300,1
2026-06-01,601318,13:31:20,53.8900,441,1
2026-06-01,601318,13:31:23,53.8900,670,1
2026-06-01,601318,13:31:26,53.8900,23,1
2026-06-01,601318,13:31:29,53.9000,84,1
2026-06-01,601318,13:31:32,53.8900,104,4
2026-06-01,601318,13:31:35,53.8800,27,2
2026-06-01,601318,13:31:38,53.8900,31,1
2026-06-01,601318,13:31:41,53.8900,6,2
2026-06-01,601318,13:31:44,53.9000,139,1
2026-06-01,601318,13:31:47,53.9000,116,1
2026-06-01,601318,13:31:50,53.9100,479,1
2026-06-01,601318,13:31:53,53.9000,31,2
2026-06-01,601318,13:31:56,53.9100,2,1
2026-06-01,601318,13:31:59,53.9200,461,1
2026-06-01,601318,13:32:02,53.9100,26,4
2026-06-01,601318,13:32:05,53.9100,96,2
2026-06-01,601318,13:32:08,53.9100,13,2
2026-06-01,601318,13:32:11,53.8900,974,2
2026-06-01,601318,13:32:14,53.9000,109,4
2026-06-01,601318,13:32:17,53.9200,118,1
2026-06-01,601318,13:32:20,53.8900,450,2
2026-06-01,601318,13:32:23,53.9200,139,1
2026-06-01,601318,13:32:26,53.9000,3,2
2026-06-01,601318,13:32:29,53.9100,141,1
2026-06-01,601318,13:32:32,53.9100,16,1
2026-06-01,601318,13:32:35,53.9000,90,2
2026-06-01,601318,13:32:38,53.9100,68,1
2026-06-01,601318,13:32:41,53.8900,256,2
2026-06-01,601318,13:32:44,53.9000,93,1
2026-06-01,601318,13:32:47,53.8900,106,2
2026-06-01,601318,13:32:50,53.8900,67,2
2026-06-01,601318,13:32:53,53.8800,224,2
2026-06-01,601318,13:32:56,53.8800,92,2
2026-06-01,601318,13:32:59,53.8800,30,2
2026-06-01,601318,13:33:02,53.8800,95,2
2026-06-01,601318,13:33:05,53.8800,23,2
2026-06-01,601318,13:33:08,53.8900,33,1
2026-06-01,601318,13:33:11,53.8800,73,2
2026-06-01,601318,13:33:14,53.8900,6,1
2026-06-01,601318,13:33:17,53.8900,120,1
2026-06-01,601318,13:33:20,53.8900,52,1
2026-06-01,601318,13:33:23,53.8800,17,2
2026-06-01,601318,13:33:26,53.8800,4,2
2026-06-01,601318,13:33:29,53.8800,3,2
2026-06-01,601318,13:33:32,53.8900,23,1
2026-06-01,601318,13:33:35,53.8800,76,2
2026-06-01,601318,13:33:38,53.8800,40,2
2026-06-01,601318,13:33:41,53.8800,31,2
2026-06-01,601318,13:33:44,53.8800,28,2
2026-06-01,601318,13:33:47,53.8800,12,2
2026-06-01,601318,13:33:50,53.8900,36,1
2026-06-01,601318,13:33:53,53.8900,40,1
2026-06-01,601318,13:33:56,53.8900,394,1
2026-06-01,601318,13:33:59,53.9000,142,1
2026-06-01,601318,13:34:02,53.9000,238,1
2026-06-01,601318,13:34:05,53.9000,155,1
2026-06-01,601318,13:34:08,53.9100,322,1
2026-06-01,601318,13:34:11,53.8900,341,2
2026-06-01,601318,13:34:14,53.9000,97,1
2026-06-01,601318,13:34:17,53.9000,14,1
2026-06-01,601318,13:34:20,53.9000,34,1
2026-06-01,601318,13:34:23,53.8900,2076,2
2026-06-01,601318,13:34:26,53.8800,271,2
2026-06-01,601318,13:34:29,53.8800,389,2
2026-06-01,601318,13:34:32,53.8800,132,1
2026-06-01,601318,13:34:35,53.8900,84,1
2026-06-01,601318,13:34:38,53.8800,86,1
2026-06-01,601318,13:34:41,53.8800,69,1
2026-06-01,601318,13:34:44,53.8800,38,2
2026-06-01,601318,13:34:47,53.8800,7,2
2026-06-01,601318,13:34:50,53.8900,92,1
2026-06-01,601318,13:34:53,53.8900,28,1
2026-06-01,601318,13:34:56,53.8900,21,1
2026-06-01,601318,13:34:59,53.8800,28,2
2026-06-01,601318,13:35:02,53.8800,38,2
2026-06-01,601318,13:35:05,53.8800,73,2
2026-06-01,601318,13:35:08,53.8800,73,2
2026-06-01,601318,13:35:11,53.8800,144,2
2026-06-01,601318,13:35:14,53.8800,55,2
2026-06-01,601318,13:35:17,53.8700,3,2
2026-06-01,601318,13:35:20,53.8600,213,2
2026-06-01,601318,13:35:23,53.8700,65,1
2026-06-01,601318,13:35:26,53.8600,25,2
2026-06-01,601318,13:35:29,53.8600,178,2
2026-06-01,601318,13:35:35,53.8400,17,2
2026-06-01,601318,13:35:38,53.8500,5,2
2026-06-01,601318,13:35:41,53.8600,21,1
2026-06-01,601318,13:35:44,53.8500,7,2
2026-06-01,601318,13:35:47,53.8600,6,1
2026-06-01,601318,13:35:50,53.8500,110,2
2026-06-01,601318,13:35:53,53.8600,48,1
2026-06-01,601318,13:35:56,53.8500,702,2
2026-06-01,601318,13:35:59,53.8500,65,2
2026-06-01,601318,13:36:02,53.8500,30,2
2026-06-01,601318,13:36:05,53.8600,146,1
2026-06-01,601318,13:36:08,53.8600,64,1
2026-06-01,601318,13:36:11,53.8500,17,2
2026-06-01,601318,13:36:14,53.8600,153,1
2026-06-01,601318,13:36:17,53.8600,29,1
2026-06-01,601318,13:36:20,53.8600,21,1
2026-06-01,601318,13:36:23,53.8600,34,1
2026-06-01,601318,13:36:26,53.8500,40,2
2026-06-01,601318,13:36:29,53.8600,39,1
2026-06-01,601318,13:36:32,53.8500,2,2
2026-06-01,601318,13:36:35,53.8600,17,1
2026-06-01,601318,13:36:38,53.8600,40,1
2026-06-01,601318,13:36:41,53.8600,91,1
2026-06-01,601318,13:36:44,53.8600,40,2
2026-06-01,601318,13:36:47,53.8700,15,1
2026-06-01,601318,13:36:50,53.8600,2,2
2026-06-01,601318,13:36:53,53.8500,465,2
2026-06-01,601318,13:36:56,53.8300,154,2
2026-06-01,601318,13:36:59,53.8400,100,1
2026-06-01,601318,13:37:02,53.8200,438,2
2026-06-01,601318,13:37:05,53.8100,963,2
2026-06-01,601318,13:37:08,53.8100,58,2
2026-06-01,601318,13:37:11,53.8100,44,2
2026-06-01,601318,13:37:14,53.8000,838,2
2026-06-01,601318,13:37:17,53.7900,119,2
2026-06-01,601318,13:37:20,53.7600,142,2
2026-06-01,601318,13:37:23,53.7700,85,4
2026-06-01,601318,13:37:26,53.7800,102,1
2026-06-01,601318,13:37:29,53.7600,20,2
2026-06-01,601318,13:37:32,53.7700,32,2
2026-06-01,601318,13:37:35,53.7800,69,1
2026-06-01,601318,13:37:38,53.7700,117,2
2026-06-01,601318,13:37:41,53.7800,25,1
2026-06-01,601318,13:37:44,53.7800,19,1
2026-06-01,601318,13:37:47,53.7800,29,2
2026-06-01,601318,13:37:50,53.7900,60,2
2026-06-01,601318,13:37:53,53.7900,130,2
2026-06-01,601318,13:37:56,53.7900,23,1
2026-06-01,601318,13:37:59,53.7900,22,1
2026-06-01,601318,13:38:02,53.7900,8,2
2026-06-01,601318,13:38:05,53.7900,108,2
2026-06-01,601318,13:38:08,53.8000,23,1
2026-06-01,601318,13:38:11,53.7900,4,2
2026-06-01,601318,13:38:14,53.7900,112,2
2026-06-01,601318,13:38:17,53.8000,27,1
2026-06-01,601318,13:38:20,53.7900,48,2
2026-06-01,601318,13:38:23,53.8000,33,1
2026-06-01,601318,13:38:26,53.8000,298,1
2026-06-01,601318,13:38:29,53.8100,34,1
2026-06-01,601318,13:38:35,53.8100,1,1
2026-06-01,601318,13:38:38,53.8100,4,1
2026-06-01,601318,13:38:41,53.8000,13,2
2026-06-01,601318,13:38:44,53.8100,9,1
2026-06-01,601318,13:38:47,53.7800,488,2
2026-06-01,601318,13:38:50,53.7800,28,4
2026-06-01,601318,13:38:53,53.7800,6,1
2026-06-01,601318,13:38:56,53.7700,22,2
2026-06-01,601318,13:38:59,53.7700,101,2
2026-06-01,601318,13:39:02,53.7700,30,2
2026-06-01,601318,13:39:05,53.7700,23,2
2026-06-01,601318,13:39:08,53.7800,24,1
2026-06-01,601318,13:39:11,53.7800,23,1
2026-06-01,601318,13:39:14,53.7700,30,2
2026-06-01,601318,13:39:17,53.7800,11,1
2026-06-01,601318,13:39:20,53.7800,34,1
2026-06-01,601318,13:39:23,53.7900,33,1
2026-06-01,601318,13:39:26,53.7900,97,1
2026-06-01,601318,13:39:29,53.7900,25,1
2026-06-01,601318,13:39:32,53.7900,9,2
2026-06-01,601318,13:39:35,53.7900,4,2
2026-06-01,601318,13:39:38,53.8000,87,1
2026-06-01,601318,13:39:41,53.7900,61,2
2026-06-01,601318,13:39:44,53.8000,47,1
2026-06-01,601318,13:39:47,53.8000,22,1
2026-06-01,601318,13:39:50,53.7800,1029,2
2026-06-01,601318,13:39:53,53.7700,117,2
2026-06-01,601318,13:39:56,53.7600,323,2
2026-06-01,601318,13:39:59,53.7700,3,1
2026-06-01,601318,13:40:02,53.7700,6,1
2026-06-01,601318,13:40:05,53.7600,340,2
2026-06-01,601318,13:40:08,53.7400,478,2
2026-06-01,601318,13:40:11,53.7300,14,2
2026-06-01,601318,13:40:14,53.7300,109,2
2026-06-01,601318,13:40:17,53.7400,118,1
2026-06-01,601318,13:40:20,53.7500,53,1
2026-06-01,601318,13:40:23,53.7500,34,1
2026-06-01,601318,13:40:26,53.7600,39,1
2026-06-01,601318,13:40:29,53.7500,4,2
2026-06-01,601318,13:40:32,53.7600,19,1
2026-06-01,601318,13:40:38,53.7600,58,1
2026-06-01,601318,13:40:41,53.7600,7,1
2026-06-01,601318,13:40:44,53.7600,38,1
2026-06-01,601318,13:40:47,53.7600,120,2
2026-06-01,601318,13:40:53,53.7700,3,2
2026-06-01,601318,13:40:59,53.7700,157,2
2026-06-01,601318,13:41:02,53.7900,3,1
2026-06-01,601318,13:41:05,53.7700,66,2
2026-06-01,601318,13:41:08,53.7800,87,1
2026-06-01,601318,13:41:11,53.7800,64,1
2026-06-01,601318,13:41:14,53.7700,26,2
2026-06-01,601318,13:41:17,53.7800,2,1
2026-06-01,601318,13:41:20,53.7700,99,2
2026-06-01,601318,13:41:23,53.7800,21,4
2026-06-01,601318,13:41:26,53.7800,14,2
2026-06-01,601318,13:41:29,53.7900,54,1
2026-06-01,601318,13:41:32,53.7900,23,1
2026-06-01,601318,13:41:35,53.7900,29,1
2026-06-01,601318,13:41:38,53.8000,8,1
2026-06-01,601318,13:41:41,53.8000,3,1
2026-06-01,601318,13:41:44,53.8000,11,1
2026-06-01,601318,13:41:47,53.7900,6,2
2026-06-01,601318,13:41:50,53.8000,91,1
2026-06-01,601318,13:41:53,53.8000,72,1
2026-06-01,601318,13:41:56,53.8100,3,1
2026-06-01,601318,13:41:59,53.8000,168,2
2026-06-01,601318,13:42:02,53.8200,38,1
2026-06-01,601318,13:42:05,53.8200,27,1
2026-06-01,601318,13:42:08,53.8200,161,2
2026-06-01,601318,13:42:11,53.8200,92,1
2026-06-01,601318,13:42:14,53.8100,9,2
2026-06-01,601318,13:42:17,53.8100,253,2
2026-06-01,601318,13:42:20,53.8100,58,1
2026-06-01,601318,13:42:23,53.8100,19,1
2026-06-01,601318,13:42:26,53.8100,15,1
2026-06-01,601318,13:42:29,53.8100,27,1
2026-06-01,601318,13:42:32,53.8100,10,1
2026-06-01,601318,13:42:35,53.8000,39,2
2026-06-01,601318,13:42:38,53.7900,37,2
2026-06-01,601318,13:42:41,53.8000,49,1
2026-06-01,601318,13:42:44,53.8000,89,1
2026-06-01,601318,13:42:47,53.7900,132,2
2026-06-01,601318,13:42:50,53.8000,3,1
2026-06-01,601318,13:42:53,53.8000,39,1
2026-06-01,601318,13:42:56,53.8000,7,1
2026-06-01,601318,13:42:59,53.7900,27,2
2026-06-01,601318,13:43:02,53.8000,11,1
2026-06-01,601318,13:43:05,53.8000,73,1
2026-06-01,601318,13:43:08,53.8000,33,2
2026-06-01,601318,13:43:11,53.8000,101,2
2026-06-01,601318,13:43:14,53.8000,21,2
2026-06-01,601318,13:43:17,53.8000,12,2
2026-06-01,601318,13:43:20,53.8000,15,2
2026-06-01,601318,13:43:23,53.8000,74,2
2026-06-01,601318,13:43:26,53.8100,14,1
2026-06-01,601318,13:43:29,53.8100,15,1
2026-06-01,601318,13:43:32,53.8100,5,1
2026-06-01,601318,13:43:35,53.8000,12,2
2026-06-01,601318,13:43:38,53.8100,36,1
2026-06-01,601318,13:43:41,53.8200,318,1
2026-06-01,601318,13:43:44,53.8300,146,1
2026-06-01,601318,13:43:47,53.8300,25,1
2026-06-01,601318,13:43:50,53.8300,67,1
2026-06-01,601318,13:43:53,53.8300,81,4
2026-06-01,601318,13:43:56,53.8300,1,2
2026-06-01,601318,13:43:59,53.8400,13,1
2026-06-01,601318,13:44:02,53.8400,38,1
2026-06-01,601318,13:44:05,53.8300,111,2
2026-06-01,601318,13:44:08,53.8300,194,2
2026-06-01,601318,13:44:11,53.8300,220,1
2026-06-01,601318,13:44:14,53.8300,83,1
2026-06-01,601318,13:44:17,53.8300,59,1
2026-06-01,601318,13:44:20,53.8300,89,1
2026-06-01,601318,13:44:23,53.8300,78,1
2026-06-01,601318,13:44:26,53.8400,44,1
2026-06-01,601318,13:44:29,53.8400,38,1
2026-06-01,601318,13:44:32,53.8400,13,2
2026-06-01,601318,13:44:35,53.8500,54,1
2026-06-01,601318,13:44:38,53.8400,60,2
2026-06-01,601318,13:44:41,53.8400,99,2
2026-06-01,601318,13:44:44,53.8400,205,2
2026-06-01,601318,13:44:47,53.8300,205,2
2026-06-01,601318,13:44:50,53.8500,385,1
2026-06-01,601318,13:44:53,53.8300,31,2
2026-06-01,601318,13:44:56,53.8300,131,2
2026-06-01,601318,13:44:59,53.8400,28,1
2026-06-01,601318,13:45:02,53.8300,13,2
2026-06-01,601318,13:45:05,53.8300,3,2
2026-06-01,601318,13:45:08,53.8400,31,1
2026-06-01,601318,13:45:11,53.8400,14,1
2026-06-01,601318,13:45:14,53.8400,32,1
2026-06-01,601318,13:45:17,53.8300,99,2
2026-06-01,601318,13:45:20,53.8300,3,2
2026-06-01,601318,13:45:23,53.8300,30,2
2026-06-01,601318,13:45:26,53.8300,33,2
2026-06-01,601318,13:45:29,53.8300,10,4
2026-06-01,601318,13:45:32,53.8200,103,2
2026-06-01,601318,13:45:35,53.8200,15,1
2026-06-01,601318,13:45:38,53.8200,15,1
2026-06-01,601318,13:45:41,53.8200,5,1
2026-06-01,601318,13:45:47,53.8100,72,2
2026-06-01,601318,13:45:50,53.8100,119,2
2026-06-01,601318,13:45:53,53.8100,75,1
2026-06-01,601318,13:45:56,53.8000,135,2
2026-06-01,601318,13:45:59,53.8000,33,2
2026-06-01,601318,13:46:02,53.8100,33,1
2026-06-01,601318,13:46:05,53.8200,196,1
2026-06-01,601318,13:46:08,53.8200,1344,1
2026-06-01,601318,13:46:11,53.8300,3,1
2026-06-01,601318,13:46:14,53.8300,32,1
2026-06-01,601318,13:46:17,53.8400,166,1
2026-06-01,601318,13:46:20,53.8400,23,1
2026-06-01,601318,13:46:23,53.8400,19,1
2026-06-01,601318,13:46:26,53.8300,637,2
2026-06-01,601318,13:46:29,53.8000,365,2
2026-06-01,601318,13:46:32,53.7900,37,2
2026-06-01,601318,13:46:35,53.7900,46,2
2026-06-01,601318,13:46:38,53.7900,1033,2
2026-06-01,601318,13:46:41,53.8000,108,1
2026-06-01,601318,13:46:44,53.8000,259,2
2026-06-01,601318,13:46:47,53.8100,51,2
2026-06-01,601318,13:46:50,53.8300,2,1
2026-06-01,601318,13:46:53,53.8300,52,1
2026-06-01,601318,13:46:56,53.8300,41,2
2026-06-01,601318,13:46:59,53.8300,18,2
2026-06-01,601318,13:47:02,53.8300,163,2
2026-06-01,601318,13:47:05,53.8100,129,2
2026-06-01,601318,13:47:08,53.8100,47,2
2026-06-01,601318,13:47:11,53.8100,13,2
2026-06-01,601318,13:47:14,53.8100,7,2
2026-06-01,601318,13:47:17,53.8100,79,2
2026-06-01,601318,13:47:20,53.8100,7,2
2026-06-01,601318,13:47:23,53.8100,66,2
2026-06-01,601318,13:47:26,53.8000,292,2
2026-06-01,601318,13:47:29,53.8100,101,1
2026-06-01,601318,13:47:32,53.8200,130,1
2026-06-01,601318,13:47:35,53.8100,30,2
2026-06-01,601318,13:47:38,53.8100,76,2
2026-06-01,601318,13:47:41,53.8100,1,2
2026-06-01,601318,13:47:44,53.8200,31,1
2026-06-01,601318,13:47:47,53.8200,31,1
2026-06-01,601318,13:47:50,53.8100,36,2
2026-06-01,601318,13:47:53,53.8100,42,2
2026-06-01,601318,13:47:56,53.8200,26,1
2026-06-01,601318,13:47:59,53.8200,50,1
2026-06-01,601318,13:48:02,53.8200,81,1
2026-06-01,601318,13:48:05,53.8200,227,1
2026-06-01,601318,13:48:08,53.8200,155,1
2026-06-01,601318,13:48:11,53.8100,8,2
2026-06-01,601318,13:48:14,53.8000,546,2
2026-06-01,601318,13:48:17,53.7900,286,2
2026-06-01,601318,13:48:20,53.7700,209,2
2026-06-01,601318,13:48:23,53.7700,91,1
2026-06-01,601318,13:48:26,53.7700,42,1
2026-06-01,601318,13:48:29,53.7700,14,1
2026-06-01,601318,13:48:32,53.7600,53,2
2026-06-01,601318,13:48:35,53.7700,35,1
2026-06-01,601318,13:48:38,53.7600,54,2
2026-06-01,601318,13:48:41,53.7600,25,2
2026-06-01,601318,13:48:44,53.7700,1,1
2026-06-01,601318,13:48:47,53.7600,69,2
2026-06-01,601318,13:48:50,53.7800,162,1
2026-06-01,601318,13:48:53,53.7800,105,1
2026-06-01,601318,13:48:56,53.7800,12,2
2026-06-01,601318,13:48:59,53.7900,41,1
2026-06-01,601318,13:49:02,53.7800,13,2
2026-06-01,601318,13:49:05,53.7900,37,1
2026-06-01,601318,13:49:08,53.7900,8,2
2026-06-01,601318,13:49:11,53.7900,135,2
2026-06-01,601318,13:49:14,53.8000,18,1
2026-06-01,601318,13:49:17,53.8000,32,1
2026-06-01,601318,13:49:20,53.7900,2,2
2026-06-01,601318,13:49:23,53.7900,17,2
2026-06-01,601318,13:49:26,53.8000,40,1
2026-06-01,601318,13:49:29,53.8000,7,2
2026-06-01,601318,13:49:32,53.8100,54,1
2026-06-01,601318,13:49:35,53.8100,8,2
2026-06-01,601318,13:49:38,53.8200,10,1
2026-06-01,601318,13:49:41,53.8200,1,1
2026-06-01,601318,13:49:44,53.8200,63,1
2026-06-01,601318,13:49:47,53.8000,322,2
2026-06-01,601318,13:49:50,53.8100,100,1
2026-06-01,601318,13:49:53,53.8000,106,1
2026-06-01,601318,13:49:56,53.8000,31,1
2026-06-01,601318,13:49:59,53.7900,61,2
2026-06-01,601318,13:50:02,53.8000,67,1
2026-06-01,601318,13:50:05,53.7900,10,2
2026-06-01,601318,13:50:08,53.8000,13,1
2026-06-01,601318,13:50:11,53.8000,7,1
2026-06-01,601318,13:50:14,53.7900,181,2
2026-06-01,601318,13:50:17,53.7900,137,4
2026-06-01,601318,13:50:20,53.7900,52,2
2026-06-01,601318,13:50:23,53.7900,21,2
2026-06-01,601318,13:50:26,53.7900,33,2
2026-06-01,601318,13:50:29,53.7800,227,2
2026-06-01,601318,13:50:32,53.7800,5,1
2026-06-01,601318,13:50:35,53.7800,15,1
2026-06-01,601318,13:50:38,53.7800,36,1
2026-06-01,601318,13:50:41,53.7800,29,1
2026-06-01,601318,13:50:44,53.7800,7,1
2026-06-01,601318,13:50:47,53.7800,73,1
2026-06-01,601318,13:50:50,53.7800,38,1
2026-06-01,601318,13:50:53,53.7800,109,1
2026-06-01,601318,13:50:56,53.7900,254,1
2026-06-01,601318,13:50:59,53.7900,1,4
2026-06-01,601318,13:51:02,53.8000,42,1
2026-06-01,601318,13:51:05,53.8000,10,1
2026-06-01,601318,13:51:08,53.8000,86,1
2026-06-01,601318,13:51:11,53.8000,143,1
2026-06-01,601318,13:51:14,53.8100,46,1
2026-06-01,601318,13:51:17,53.8000,29,2
2026-06-01,601318,13:51:20,53.8000,78,2
2026-06-01,601318,13:51:23,53.8000,12,1
2026-06-01,601318,13:51:26,53.7900,6,2
2026-06-01,601318,13:51:29,53.8000,37,1
2026-06-01,601318,13:51:32,53.8000,15,2
2026-06-01,601318,13:51:35,53.8100,91,1
2026-06-01,601318,13:51:38,53.8100,5,1
2026-06-01,601318,13:51:41,53.8100,41,1
2026-06-01,601318,13:51:44,53.8100,5,1
2026-06-01,601318,13:51:47,53.8100,22,1
2026-06-01,601318,13:51:50,53.8100,55,1
2026-06-01,601318,13:51:53,53.8100,19,2
2026-06-01,601318,13:51:56,53.8100,15,2
2026-06-01,601318,13:51:59,53.8100,70,2
2026-06-01,601318,13:52:02,53.8200,86,1
2026-06-01,601318,13:52:05,53.8200,17,2
2026-06-01,601318,13:52:08,53.8300,10,1
2026-06-01,601318,13:52:11,53.8200,11,2
2026-06-01,601318,13:52:14,53.8000,479,2
2026-06-01,601318,13:52:17,53.8000,79,2
2026-06-01,601318,13:52:20,53.8100,9,1
2026-06-01,601318,13:52:23,53.8100,15,1
2026-06-01,601318,13:52:26,53.8000,89,2
2026-06-01,601318,13:52:29,53.8000,67,1
2026-06-01,601318,13:52:32,53.8000,25,1
2026-06-01,601318,13:52:35,53.8000,137,2
2026-06-01,601318,13:52:38,53.8000,3,2
2026-06-01,601318,13:52:41,53.8000,113,2
2026-06-01,601318,13:52:44,53.7800,38,2
2026-06-01,601318,13:52:47,53.7800,24,2
2026-06-01,601318,13:52:50,53.7700,62,2
2026-06-01,601318,13:52:53,53.7800,22,1
2026-06-01,601318,13:52:56,53.7800,35,1
2026-06-01,601318,13:52:59,53.7900,103,1
2026-06-01,601318,13:53:02,53.7800,31,2
2026-06-01,601318,13:53:05,53.8000,1,1
2026-06-01,601318,13:53:08,53.7900,7,2
2026-06-01,601318,13:53:11,53.8000,6,1
2026-06-01,601318,13:53:14,53.7900,128,2
2026-06-01,601318,13:53:17,53.7900,51,2
2026-06-01,601318,13:53:20,53.8000,104,1
2026-06-01,601318,13:53:23,53.7900,61,2
2026-06-01,601318,13:53:26,53.7900,21,2
2026-06-01,601318,13:53:29,53.7900,1725,2
2026-06-01,601318,13:53:32,53.7900,65,2
2026-06-01,601318,13:53:35,53.7800,11,4
2026-06-01,601318,13:53:38,53.7900,136,1
2026-06-01,601318,13:53:41,53.7900,156,1
2026-06-01,601318,13:53:44,53.7800,4,4
2026-06-01,601318,13:53:47,53.7700,12,2
2026-06-01,601318,13:53:50,53.7700,26,2
2026-06-01,601318,13:53:53,53.7600,198,2
2026-06-01,601318,13:53:56,53.7800,137,1
2026-06-01,601318,13:53:59,53.7600,95,2
2026-06-01,601318,13:54:02,53.7600,90,1
2026-06-01,601318,13:54:05,53.7600,11,1
2026-06-01,601318,13:54:08,53.7600,17,1
2026-06-01,601318,13:54:11,53.7600,41,1
2026-06-01,601318,13:54:14,53.7600,50,1
2026-06-01,601318,13:54:17,53.7700,71,1
2026-06-01,601318,13:54:20,53.7600,177,2
2026-06-01,601318,13:54:23,53.7700,53,4
2026-06-01,601318,13:54:26,53.7700,2,2
2026-06-01,601318,13:54:29,53.7700,4,2
2026-06-01,601318,13:54:32,53.7800,33,1
2026-06-01,601318,13:54:35,53.7700,149,2
2026-06-01,601318,13:54:38,53.7700,2,2
2026-06-01,601318,13:54:41,53.7700,9,2
2026-06-01,601318,13:54:44,53.7800,105,1
2026-06-01,601318,13:54:47,53.7700,4,2
2026-06-01,601318,13:54:50,53.7700,72,2
2026-06-01,601318,13:54:53,53.7700,72,2
2026-06-01,601318,13:54:56,53.7800,214,1
2026-06-01,601318,13:54:59,53.7800,32,2
2026-06-01,601318,13:55:02,53.7800,55,2
2026-06-01,601318,13:55:05,53.7800,34,1
2026-06-01,601318,13:55:08,53.7900,295,1
2026-06-01,601318,13:55:11,53.7800,149,1
2026-06-01,601318,13:55:14,53.7400,348,2
2026-06-01,601318,13:55:17,53.7400,417,2
2026-06-01,601318,13:55:20,53.7400,85,1
2026-06-01,601318,13:55:23,53.7400,772,1
2026-06-01,601318,13:55:26,53.7500,100,1
2026-06-01,601318,13:55:29,53.7600,121,1
2026-06-01,601318,13:55:32,53.7500,37,2
2026-06-01,601318,13:55:35,53.7700,83,1
2026-06-01,601318,13:55:41,53.7600,2,2
2026-06-01,601318,13:55:44,53.7700,28,1
2026-06-01,601318,13:55:47,53.7700,13,1
2026-06-01,601318,13:55:50,53.7800,41,1
2026-06-01,601318,13:55:53,53.7800,10,1
2026-06-01,601318,13:55:56,53.7700,160,2
2026-06-01,601318,13:55:59,53.7700,29,2
2026-06-01,601318,13:56:02,53.7800,14,2
2026-06-01,601318,13:56:05,53.7900,4,1
2026-06-01,601318,13:56:08,53.8000,5,1
2026-06-01,601318,13:56:11,53.8000,121,1
2026-06-01,601318,13:56:14,53.8000,73,1
2026-06-01,601318,13:56:17,53.7900,195,2
2026-06-01,601318,13:56:20,53.7800,77,2
2026-06-01,601318,13:56:23,53.7800,15,2
2026-06-01,601318,13:56:26,53.7900,7,1
2026-06-01,601318,13:56:29,53.7800,62,2
2026-06-01,601318,13:56:32,53.7800,25,2
2026-06-01,601318,13:56:35,53.7900,39,1
2026-06-01,601318,13:56:38,53.7900,68,1
2026-06-01,601318,13:56:41,53.7900,17,1
2026-06-01,601318,13:56:44,53.7900,35,1
2026-06-01,601318,13:56:47,53.7800,7,2
2026-06-01,601318,13:56:50,53.7900,4,1
2026-06-01,601318,13:56:53,53.7900,42,1
2026-06-01,601318,13:56:56,53.7900,5,1
2026-06-01,601318,13:56:59,53.7800,2,2
2026-06-01,601318,13:57:02,53.7900,224,1
2026-06-01,601318,13:57:05,53.7900,133,1
2026-06-01,601318,13:57:08,53.8100,240,1
2026-06-01,601318,13:57:11,53.8100,153,1
2026-06-01,601318,13:57:14,53.8100,45,1
2026-06-01,601318,13:57:17,53.8200,50,1
2026-06-01,601318,13:57:20,53.8100,57,2
2026-06-01,601318,13:57:23,53.8200,25,4
2026-06-01,601318,13:57:26,53.8200,121,2
2026-06-01,601318,13:57:29,53.8200,67,2
2026-06-01,601318,13:57:32,53.8200,30,2
2026-06-01,601318,13:57:35,53.8400,26,1
2026-06-01,601318,13:57:38,53.8400,4,1
2026-06-01,601318,13:57:41,53.8400,226,1
2026-06-01,601318,13:57:44,53.8500,37,1
2026-06-01,601318,13:57:47,53.8500,80,1
2026-06-01,601318,13:57:50,53.8400,216,2
2026-06-01,601318,13:57:53,53.8600,41,1
2026-06-01,601318,13:57:56,53.8600,38,1
2026-06-01,601318,13:57:59,53.8500,16,2
2026-06-01,601318,13:58:02,53.8600,60,1
2026-06-01,601318,13:58:05,53.8400,215,2
2026-06-01,601318,13:58:08,53.8400,116,2
2026-06-01,601318,13:58:11,53.8400,53,1
2026-06-01,601318,13:58:14,53.8400,127,1
2026-06-01,601318,13:58:17,53.8300,73,2
2026-06-01,601318,13:58:20,53.8400,16,1
2026-06-01,601318,13:58:23,53.8500,11,1
2026-06-01,601318,13:58:26,53.8500,195,1
2026-06-01,601318,13:58:29,53.8500,126,1
2026-06-01,601318,13:58:32,53.8400,120,2
2026-06-01,601318,13:58:35,53.8400,2,1
2026-06-01,601318,13:58:38,53.8400,53,1
2026-06-01,601318,13:58:41,53.8400,166,1
2026-06-01,601318,13:58:44,53.8400,26,1
2026-06-01,601318,13:58:47,53.8300,87,2
2026-06-01,601318,13:58:50,53.8400,143,1
2026-06-01,601318,13:58:53,53.8400,61,2
2026-06-01,601318,13:58:56,53.8500,63,1
2026-06-01,601318,13:58:59,53.8400,15,2
2026-06-01,601318,13:59:02,53.8500,145,1
2026-06-01,601318,13:59:05,53.8400,87,2
2026-06-01,601318,13:59:08,53.8400,40,1
2026-06-01,601318,13:59:11,53.8300,66,2
2026-06-01,601318,13:59:14,53.8300,148,1
2026-06-01,601318,13:59:17,53.8400,44,1
2026-06-01,601318,13:59:20,53.8400,8,1
2026-06-01,601318,13:59:23,53.8300,102,2
2026-06-01,601318,13:59:26,53.8300,9,1
2026-06-01,601318,13:59:29,53.8200,10,2
2026-06-01,601318,13:59:32,53.8200,158,2
2026-06-01,601318,13:59:35,53.8100,65,2
2026-06-01,601318,13:59:38,53.8100,305,2
2026-06-01,601318,13:59:41,53.8100,199,2
2026-06-01,601318,13:59:44,53.8200,83,1
2026-06-01,601318,13:59:47,53.8000,210,2
2026-06-01,601318,13:59:50,53.8000,55,2
2026-06-01,601318,13:59:53,53.8000,12,1
2026-06-01,601318,13:59:56,53.7800,511,2
2026-06-01,601318,13:59:59,53.8000,17,1
2026-06-01,601318,14:00:02,53.8100,26,1
2026-06-01,601318,14:00:05,53.8200,121,1
2026-06-01,601318,14:00:08,53.8200,4,2
2026-06-01,601318,14:00:11,53.8200,149,2
2026-06-01,601318,14:00:14,53.8200,72,1
2026-06-01,601318,14:00:17,53.8200,45,1
2026-06-01,601318,14:00:20,53.8100,108,2
2026-06-01,601318,14:00:23,53.8300,21,1
2026-06-01,601318,14:00:26,53.8300,37,1
2026-06-01,601318,14:00:29,53.8300,47,2
2026-06-01,601318,14:00:32,53.8400,35,1
2026-06-01,601318,14:00:35,53.8300,224,2
2026-06-01,601318,14:00:38,53.8200,67,2
2026-06-01,601318,14:00:41,53.8300,65,1
2026-06-01,601318,14:00:44,53.8300,9,1
2026-06-01,601318,14:00:47,53.8200,76,2
2026-06-01,601318,14:00:50,53.8200,89,2
2026-06-01,601318,14:00:53,53.8300,42,1
2026-06-01,601318,14:00:56,53.8200,58,2
2026-06-01,601318,14:00:59,53.8200,10,2
2026-06-01,601318,14:01:02,53.8200,98,2
2026-06-01,601318,14:01:05,53.8300,57,1
2026-06-01,601318,14:01:08,53.8200,99,2
2026-06-01,601318,14:01:11,53.8200,119,2
2026-06-01,601318,14:01:14,53.8100,53,2
2026-06-01,601318,14:01:17,53.8100,12,2
2026-06-01,601318,14:01:20,53.8200,56,1
2026-06-01,601318,14:01:23,53.8200,117,4
2026-06-01,601318,14:01:26,53.8300,42,1
2026-06-01,601318,14:01:29,53.8300,56,1
2026-06-01,601318,14:01:32,53.8300,503,1
2026-06-01,601318,14:01:35,53.8400,29,1
2026-06-01,601318,14:01:38,53.8400,7,1
2026-06-01,601318,14:01:41,53.8400,94,1
2026-06-01,601318,14:01:44,53.8500,117,1
2026-06-01,601318,14:01:47,53.8500,89,1
2026-06-01,601318,14:01:50,53.8400,59,2
2026-06-01,601318,14:01:53,53.8600,102,1
2026-06-01,601318,14:01:56,53.8500,39,1
2026-06-01,601318,14:01:59,53.8500,30,1
2026-06-01,601318,14:02:02,53.8500,51,1
2026-06-01,601318,14:02:05,53.8500,30,1
2026-06-01,601318,14:02:08,53.8500,79,1
2026-06-01,601318,14:02:11,53.8500,7,4
2026-06-01,601318,14:02:14,53.8500,11,1
2026-06-01,601318,14:02:17,53.8400,213,2
2026-06-01,601318,14:02:20,53.8500,155,1
2026-06-01,601318,14:02:23,53.8600,13,1
2026-06-01,601318,14:02:26,53.8500,180,2
2026-06-01,601318,14:02:29,53.8600,11,1
2026-06-01,601318,14:02:32,53.8600,22,2
2026-06-01,601318,14:02:35,53.8600,22,2
2026-06-01,601318,14:02:38,53.8800,376,1
2026-06-01,601318,14:02:41,53.9000,1636,1
2026-06-01,601318,14:02:44,53.9100,256,1
2026-06-01,601318,14:02:47,53.9000,352,2
2026-06-01,601318,14:02:50,53.9100,201,4
2026-06-01,601318,14:02:53,53.8900,252,2
2026-06-01,601318,14:02:56,53.9000,172,1
2026-06-01,601318,14:02:59,53.8900,756,4
2026-06-01,601318,14:03:02,53.9000,125,2
2026-06-01,601318,14:03:05,53.9000,39,2
2026-06-01,601318,14:03:08,53.9000,60,2
2026-06-01,601318,14:03:11,53.9000,39,2
2026-06-01,601318,14:03:14,53.9000,102,2
2026-06-01,601318,14:03:17,53.9000,95,1
2026-06-01,601318,14:03:20,53.8900,60,2
2026-06-01,601318,14:03:23,53.8900,52,2
2026-06-01,601318,14:03:26,53.8900,96,1
2026-06-01,601318,14:03:29,53.8900,9,1
2026-06-01,601318,14:03:32,53.8800,59,2
2026-06-01,601318,14:03:35,53.8800,130,2
2026-06-01,601318,14:03:38,53.8800,137,1
2026-06-01,601318,14:03:41,53.8800,187,1
2026-06-01,601318,14:03:44,53.8700,146,2
2026-06-01,601318,14:03:47,53.8600,38,2
2026-06-01,601318,14:03:50,53.8700,19,1
2026-06-01,601318,14:03:53,53.8600,364,2
2026-06-01,601318,14:03:56,53.8700,110,1
2026-06-01,601318,14:03:59,53.8600,27,4
2026-06-01,601318,14:04:02,53.8500,138,2
2026-06-01,601318,14:04:05,53.8500,19,1
2026-06-01,601318,14:04:08,53.8600,21,1
2026-06-01,601318,14:04:11,53.8600,28,1
2026-06-01,601318,14:04:14,53.8500,9,2
2026-06-01,601318,14:04:17,53.8600,8,2
2026-06-01,601318,14:04:20,53.8500,162,2
2026-06-01,601318,14:04:23,53.8500,10,2
2026-06-01,601318,14:04:26,53.8500,14,2
2026-06-01,601318,14:04:29,53.8500,1,2
2026-06-01,601318,14:04:32,53.8500,24,2
2026-06-01,601318,14:04:35,53.8600,122,1
2026-06-01,601318,14:04:38,53.8500,18,2
2026-06-01,601318,14:04:41,53.8600,30,1
2026-06-01,601318,14:04:44,53.8600,43,1
2026-06-01,601318,14:04:47,53.8500,1,2
2026-06-01,601318,14:04:50,53.8600,20,1
2026-06-01,601318,14:04:53,53.8600,23,1
2026-06-01,601318,14:04:56,53.8500,12,2
2026-06-01,601318,14:04:59,53.8600,74,1
2026-06-01,601318,14:05:02,53.8400,114,2
2026-06-01,601318,14:05:05,53.8500,4,4
2026-06-01,601318,14:05:08,53.8500,111,1
2026-06-01,601318,14:05:11,53.8500,501,2
2026-06-01,601318,14:05:14,53.8400,27,2
2026-06-01,601318,14:05:17,53.8500,84,1
2026-06-01,601318,14:05:20,53.8500,104,2
2026-06-01,601318,14:05:23,53.8500,405,2
2026-06-01,601318,14:05:26,53.8500,21,2
2026-06-01,601318,14:05:29,53.8500,29,2
2026-06-01,601318,14:05:32,53.8500,508,2
2026-06-01,601318,14:05:35,53.8500,28,1
2026-06-01,601318,14:05:38,53.8400,211,2
2026-06-01,601318,14:05:41,53.8400,9,1
2026-06-01,601318,14:05:44,53.8400,61,1
2026-06-01,601318,14:05:47,53.8400,21,1
2026-06-01,601318,14:05:50,53.8400,20,1
2026-06-01,601318,14:05:53,53.8400,60,1
2026-06-01,601318,14:05:56,53.8400,33,2
2026-06-01,601318,14:05:59,53.8400,71,2
2026-06-01,601318,14:06:02,53.8500,55,1
2026-06-01,601318,14:06:05,53.8400,31,2
2026-06-01,601318,14:06:08,53.8400,20,2
2026-06-01,601318,14:06:11,53.8400,124,2
2026-06-01,601318,14:06:14,53.8300,17,2
2026-06-01,601318,14:06:17,53.8300,61,2
2026-06-01,601318,14:06:20,53.8300,12,2
2026-06-01,601318,14:06:23,53.8400,170,1
2026-06-01,601318,14:06:26,53.8200,80,2
2026-06-01,601318,14:06:29,53.8300,213,1
2026-06-01,601318,14:06:32,53.8300,59,1
2026-06-01,601318,14:06:35,53.8300,15,1
2026-06-01,601318,14:06:38,53.8400,84,1
2026-06-01,601318,14:06:41,53.8400,90,1
2026-06-01,601318,14:06:44,53.8400,97,2
2026-06-01,601318,14:06:47,53.8500,31,1
2026-06-01,601318,14:06:50,53.8500,23,1
2026-06-01,601318,14:06:53,53.8500,228,1
2026-06-01,601318,14:06:56,53.8600,82,1
2026-06-01,601318,10:55:56,53.6300,90,1
2026-06-01,601318,10:55:59,53.6200,25,2
2026-06-01,601318,10:56:02,53.6200,95,2
2026-06-01,601318,10:56:05,53.6200,55,2
2026-06-01,601318,10:56:08,53.5900,727,2
2026-06-01,601318,10:56:11,53.6000,135,1
2026-06-01,601318,10:56:14,53.6000,66,1
2026-06-01,601318,10:56:17,53.5700,248,2
2026-06-01,601318,10:56:20,53.5500,464,2
2026-06-01,601318,10:56:23,53.5600,106,1
2026-06-01,601318,10:56:26,53.5500,488,2
2026-06-01,601318,10:56:29,53.5500,89,2
2026-06-01,601318,10:56:32,53.5400,53,2
2026-06-01,601318,10:56:35,53.5500,40,1
2026-06-01,601318,10:56:38,53.5400,83,2
2026-06-01,601318,10:56:41,53.5300,16,2
2026-06-01,601318,10:56:44,53.5300,62,2
2026-06-01,601318,10:56:47,53.5300,39,2
2026-06-01,601318,10:56:50,53.5100,988,2
2026-06-01,601318,10:56:53,53.5200,11,1
2026-06-01,601318,10:56:56,53.5100,54,2
2026-06-01,601318,10:56:59,53.5100,274,2
2026-06-01,601318,10:57:02,53.5100,102,1
2026-06-01,601318,10:57:05,53.5200,273,1
2026-06-01,601318,10:57:08,53.5200,1289,2
2026-06-01,601318,10:57:11,53.5300,250,1
2026-06-01,601318,10:57:14,53.5200,428,2
2026-06-01,601318,10:57:17,53.5300,1654,1
2026-06-01,601318,10:57:20,53.5300,311,1
2026-06-01,601318,10:57:23,53.5000,733,2
2026-06-01,601318,10:57:26,53.5000,625,1
2026-06-01,601318,10:57:29,53.5000,2277,1
2026-06-01,601318,10:57:32,53.5000,842,1
2026-06-01,601318,10:57:35,53.5200,67,1
2026-06-01,601318,10:57:38,53.5100,136,2
2026-06-01,601318,10:57:41,53.5200,11,2
2026-06-01,601318,10:57:44,53.5300,20,1
2026-06-01,601318,10:57:47,53.5200,27,2
2026-06-01,601318,10:57:50,53.5300,12,1
2026-06-01,601318,10:57:53,53.5300,25,1
2026-06-01,601318,10:57:56,53.5300,26,1
2026-06-01,601318,10:58:02,53.5400,39,1
2026-06-01,601318,10:58:05,53.5400,17,1
2026-06-01,601318,10:58:08,53.5300,344,2
2026-06-01,601318,10:58:11,53.5200,35,2
2026-06-01,601318,10:58:14,53.5200,14,1
2026-06-01,601318,10:58:17,53.5100,18,2
2026-06-01,601318,10:58:20,53.5100,820,2
2026-06-01,601318,10:58:23,53.5100,83,2
2026-06-01,601318,10:58:26,53.5200,2,2
2026-06-01,601318,10:58:29,53.5300,4,1
2026-06-01,601318,10:58:32,53.5300,51,1
2026-06-01,601318,10:58:35,53.5500,28,1
2026-06-01,601318,10:58:38,53.5400,24,1
2026-06-01,601318,10:58:41,53.5500,12,1
2026-06-01,601318,10:58:44,53.5400,16,1
2026-06-01,601318,10:58:47,53.5400,34,2
2026-06-01,601318,10:58:50,53.5700,94,1
2026-06-01,601318,10:58:53,53.5500,128,2
2026-06-01,601318,10:58:56,53.5200,543,2
2026-06-01,601318,10:58:59,53.5200,55,1
2026-06-01,601318,10:59:02,53.5200,71,1
2026-06-01,601318,10:59:05,53.5200,11,1
2026-06-01,601318,10:59:08,53.5300,44,1
2026-06-01,601318,10:59:11,53.5400,26,1
2026-06-01,601318,10:59:14,53.5300,131,2
2026-06-01,601318,10:59:17,53.5200,341,2
2026-06-01,601318,10:59:20,53.5000,165,2
2026-06-01,601318,10:59:23,53.5100,5,1
2026-06-01,601318,10:59:26,53.5000,157,2
2026-06-01,601318,10:59:29,53.5100,67,1
2026-06-01,601318,10:59:32,53.5100,161,2
2026-06-01,601318,10:59:35,53.5200,13,1
2026-06-01,601318,10:59:38,53.5100,18,2
2026-06-01,601318,10:59:41,53.5200,76,1
2026-06-01,601318,10:59:44,53.5300,264,1
2026-06-01,601318,10:59:47,53.5000,381,2
2026-06-01,601318,10:59:50,53.5300,75,2
2026-06-01,601318,10:59:53,53.5300,13,2
2026-06-01,601318,10:59:56,53.5300,2,1
2026-06-01,601318,10:59:59,53.5200,90,2
2026-06-01,601318,11:00:02,53.5300,88,1
2026-06-01,601318,11:00:05,53.5300,48,2
2026-06-01,601318,11:00:08,53.5300,21,2
2026-06-01,601318,11:00:11,53.5400,30,1
2026-06-01,601318,11:00:14,53.5400,75,1
2026-06-01,601318,11:00:17,53.5300,74,2
2026-06-01,601318,11:00:20,53.5000,209,2
2026-06-01,601318,11:00:23,53.5300,34,1
2026-06-01,601318,11:00:26,53.5300,44,1
2026-06-01,601318,11:00:29,53.5300,37,1
2026-06-01,601318,11:00:32,53.5300,17,1
2026-06-01,601318,11:00:35,53.5300,242,1
2026-06-01,601318,11:00:38,53.5300,84,2
2026-06-01,601318,11:00:41,53.5400,46,1
2026-06-01,601318,11:00:44,53.5400,38,1
2026-06-01,601318,11:00:47,53.5400,210,1
2026-06-01,601318,11:00:50,53.5300,27,2
2026-06-01,601318,11:00:53,53.5400,246,1
2026-06-01,601318,11:00:56,53.5400,42,2
2026-06-01,601318,11:00:59,53.5400,10,2
2026-06-01,601318,11:01:02,53.5400,142,2
2026-06-01,601318,11:01:05,53.5200,600,2
2026-06-01,601318,11:01:08,53.5200,344,2
2026-06-01,601318,11:01:11,53.5200,84,1
2026-06-01,601318,11:01:14,53.5200,11,1
2026-06-01,601318,11:01:17,53.5200,428,1
2026-06-01,601318,11:01:20,53.5200,301,2
2026-06-01,601318,11:01:23,53.5400,7,1
2026-06-01,601318,11:01:26,53.5500,22,1
2026-06-01,601318,11:01:29,53.5400,3,4
2026-06-01,601318,11:01:32,53.5400,83,2
2026-06-01,601318,11:01:35,53.5500,27,1
2026-06-01,601318,11:01:38,53.5500,6,2
2026-06-01,601318,11:01:41,53.5600,7,1
2026-06-01,601318,11:01:44,53.5500,42,2
2026-06-01,601318,11:01:47,53.5600,36,1
2026-06-01,601318,11:01:50,53.5400,119,2
2026-06-01,601318,11:01:53,53.5500,25,1
2026-06-01,601318,11:01:56,53.5500,2,2
2026-06-01,601318,11:01:59,53.5500,152,2
2026-06-01,601318,11:02:02,53.5400,185,2
2026-06-01,601318,11:02:05,53.5400,31,1
2026-06-01,601318,11:02:08,53.5400,99,2
2026-06-01,601318,11:02:11,53.5400,29,1
2026-06-01,601318,11:02:14,53.5400,19,1
2026-06-01,601318,11:02:17,53.5400,194,1
2026-06-01,601318,11:02:20,53.5400,21,1
2026-06-01,601318,11:02:23,53.5400,28,1
2026-06-01,601318,11:02:26,53.5500,4,4
2026-06-01,601318,11:02:29,53.5500,10,2
2026-06-01,601318,11:02:32,53.5500,13,2
2026-06-01,601318,11:02:35,53.5600,33,1
2026-06-01,601318,11:02:38,53.5600,57,1
2026-06-01,601318,11:02:41,53.5600,2,1
2026-06-01,601318,11:02:44,53.5500,11,2
2026-06-01,601318,11:02:47,53.5600,56,1
2026-06-01,601318,11:02:50,53.5500,14,2
2026-06-01,601318,11:02:53,53.5500,50,2
2026-06-01,601318,11:02:56,53.5500,20,2
2026-06-01,601318,11:02:59,53.5500,101,2
2026-06-01,601318,11:03:02,53.5500,21,4
2026-06-01,601318,11:03:05,53.5400,301,2
2026-06-01,601318,11:03:08,53.5400,62,1
2026-06-01,601318,11:03:11,53.5400,56,1
2026-06-01,601318,11:03:14,53.5400,233,1
2026-06-01,601318,11:03:17,53.5100,312,2
2026-06-01,601318,11:03:20,53.5200,35,1
2026-06-01,601318,11:03:23,53.5200,102,1
2026-06-01,601318,11:03:26,53.5300,156,1
2026-06-01,601318,11:03:29,53.5300,15,2
2026-06-01,601318,11:03:32,53.5500,214,1
2026-06-01,601318,11:03:35,53.5500,23,1
2026-06-01,601318,11:03:38,53.5600,34,1
2026-06-01,601318,11:03:41,53.5500,12,2
2026-06-01,601318,11:03:44,53.5500,70,2
2026-06-01,601318,11:03:47,53.5500,37,2
2026-06-01,601318,11:03:50,53.5600,18,1
2026-06-01,601318,11:03:53,53.5700,43,1
2026-06-01,601318,11:03:56,53.5900,118,1
2026-06-01,601318,11:03:59,53.6000,57,1
2026-06-01,601318,11:04:02,53.6000,2,2
2026-06-01,601318,11:04:05,53.6000,9,2
2026-06-01,601318,11:04:08,53.6000,54,1
2026-06-01,601318,11:04:11,53.6100,8,1
2026-06-01,601318,11:04:14,53.6100,47,2
2026-06-01,601318,11:04:17,53.6000,25,2
2026-06-01,601318,11:04:20,53.6100,4,1
2026-06-01,601318,11:04:23,53.6200,187,1
2026-06-01,601318,11:04:26,53.6000,136,2
2026-06-01,601318,11:04:29,53.6200,5,1
2026-06-01,601318,11:04:32,53.6200,155,2
2026-06-01,601318,11:04:35,53.5900,509,2
2026-06-01,601318,11:04:38,53.5900,169,1
2026-06-01,601318,11:04:41,53.5900,6,1
2026-06-01,601318,11:04:44,53.5800,55,2
2026-06-01,601318,11:04:47,53.6000,56,1
2026-06-01,601318,11:04:50,53.6100,5,1
2026-06-01,601318,11:04:56,53.6000,1,2
2026-06-01,601318,11:04:59,53.6100,139,1
2026-06-01,601318,11:05:02,53.6100,26,1
2026-06-01,601318,11:05:05,53.6100,11,1
2026-06-01,601318,11:05:08,53.6100,73,1
2026-06-01,601318,11:05:11,53.6000,98,2
2026-06-01,601318,11:05:14,53.5900,2,2
2026-06-01,601318,11:05:17,53.6000,30,1
2026-06-01,601318,11:05:20,53.6000,9,1
2026-06-01,601318,11:05:23,53.6000,60,1
2026-06-01,601318,11:05:26,53.6000,27,4
2026-06-01,601318,11:05:29,53.6100,110,1
2026-06-01,601318,11:05:32,53.6300,27,1
2026-06-01,601318,11:05:35,53.6200,106,2
2026-06-01,601318,11:05:38,53.6200,156,2
2026-06-01,601318,11:05:41,53.6200,375,1
2026-06-01,601318,11:05:44,53.6100,255,2
2026-06-01,601318,11:05:47,53.6100,159,2
2026-06-01,601318,11:05:50,53.6000,3,2
2026-06-01,601318,11:05:53,53.5900,275,2
2026-06-01,601318,11:05:56,53.6000,58,1
2026-06-01,601318,11:05:59,53.5900,13,4
2026-06-01,601318,11:06:02,53.5900,17,2
2026-06-01,601318,11:06:05,53.6000,103,1
2026-06-01,601318,11:06:08,53.6000,30,1
2026-06-01,601318,11:06:11,53.6000,235,1
2026-06-01,601318,11:06:14,53.6000,112,2
2026-06-01,601318,11:06:17,53.6000,60,2
2026-06-01,601318,11:06:20,53.6000,35,2
2026-06-01,601318,11:06:23,53.6000,14,2
2026-06-01,601318,11:06:26,53.6100,178,1
2026-06-01,601318,11:06:29,53.6000,46,2
2026-06-01,601318,11:06:32,53.6100,46,1
2026-06-01,601318,11:06:35,53.6100,119,1
2026-06-01,601318,11:06:38,53.6200,73,1
2026-06-01,601318,11:06:41,53.6200,132,1
2026-06-01,601318,11:06:44,53.6200,42,1
2026-06-01,601318,11:06:47,53.6200,25,1
2026-06-01,601318,11:06:50,53.6200,60,2
2026-06-01,601318,11:06:53,53.6300,24,1
2026-06-01,601318,11:06:56,53.6200,72,1
2026-06-01,601318,11:06:59,53.6100,22,4
2026-06-01,601318,11:07:02,53.6100,23,1
2026-06-01,601318,11:07:05,53.6200,140,1
2026-06-01,601318,11:07:08,53.6100,27,4
2026-06-01,601318,11:07:11,53.6100,26,1
2026-06-01,601318,11:07:14,53.6000,9,2
2026-06-01,601318,11:07:17,53.6000,25,2
2026-06-01,601318,11:07:20,53.5900,102,2
2026-06-01,601318,11:07:23,53.5900,134,2
2026-06-01,601318,11:07:26,53.5900,26,1
2026-06-01,601318,11:07:29,53.6000,143,1
2026-06-01,601318,11:07:32,53.5900,79,2
2026-06-01,601318,11:07:35,53.5900,60,2
2026-06-01,601318,11:07:38,53.6000,44,1
2026-06-01,601318,11:07:41,53.6000,785,2
2026-06-01,601318,11:07:44,53.6000,73,2
2026-06-01,601318,11:07:47,53.6000,5,1
2026-06-01,601318,11:07:50,53.6000,174,1
2026-06-01,601318,11:07:53,53.5900,119,2
2026-06-01,601318,11:07:56,53.6100,28,1
2026-06-01,601318,11:07:59,53.5700,93,2
2026-06-01,601318,11:08:02,53.6000,43,1
2026-06-01,601318,11:08:05,53.5800,33,2
2026-06-01,601318,11:08:08,53.6100,15,1
2026-06-01,601318,11:08:11,53.6100,5,1
2026-06-01,601318,11:08:14,53.5900,67,2
2026-06-01,601318,11:08:17,53.5400,346,2
2026-06-01,601318,11:08:20,53.5400,165,1
2026-06-01,601318,11:08:23,53.5500,39,1
2026-06-01,601318,11:08:26,53.5400,37,2
2026-06-01,601318,11:08:29,53.5400,5,2
2026-06-01,601318,11:08:32,53.5400,82,2
2026-06-01,601318,11:08:35,53.5400,8,1
2026-06-01,601318,11:08:38,53.5300,3,2
2026-06-01,601318,11:08:41,53.5400,311,1
2026-06-01,601318,11:08:44,53.5400,257,1
2026-06-01,601318,11:08:47,53.5400,6,4
2026-06-01,601318,11:08:50,53.5500,28,1
2026-06-01,601318,11:08:53,53.5500,223,1
2026-06-01,601318,11:08:56,53.5500,15,4
2026-06-01,601318,11:08:59,53.5500,9,2
2026-06-01,601318,11:09:05,53.5400,216,2
2026-06-01,601318,11:09:08,53.5400,11,2
2026-06-01,601318,11:09:11,53.5400,169,1
2026-06-01,601318,11:09:14,53.5400,88,2
2026-06-01,601318,11:09:17,53.5500,73,1
2026-06-01,601318,11:09:20,53.5400,352,2
2026-06-01,601318,11:09:23,53.5300,395,2
2026-06-01,601318,11:09:26,53.5300,188,1
2026-06-01,601318,11:09:29,53.5300,92,1
2026-06-01,601318,11:09:32,53.5200,99,2
2026-06-01,601318,11:09:35,53.5200,119,1
2026-06-01,601318,11:09:38,53.5200,910,1
2026-06-01,601318,11:09:41,53.5100,132,4
2026-06-01,601318,11:09:44,53.5100,217,1
2026-06-01,601318,11:09:47,53.5100,2,4
2026-06-01,601318,11:09:50,53.5200,265,1
2026-06-01,601318,11:09:53,53.5300,165,1
2026-06-01,601318,11:09:56,53.5600,259,1
2026-06-01,601318,11:09:59,53.5400,5,2
2026-06-01,601318,11:10:02,53.5600,115,1
2026-06-01,601318,11:10:05,53.5600,42,1
2026-06-01,601318,11:10:08,53.5500,57,2
2026-06-01,601318,11:10:11,53.5600,35,1
2026-06-01,601318,11:10:14,53.5800,191,1
2026-06-01,601318,11:10:17,53.5700,3,1
2026-06-01,601318,11:10:20,53.5600,67,2
2026-06-01,601318,11:10:23,53.5500,25,2
2026-06-01,601318,11:10:26,53.5500,451,2
2026-06-01,601318,11:10:29,53.5500,40,1
2026-06-01,601318,11:10:32,53.5500,48,1
2026-06-01,601318,11:10:35,53.5400,85,2
2026-06-01,601318,11:10:38,53.5300,220,2
2026-06-01,601318,11:10:41,53.5400,100,1
2026-06-01,601318,11:10:44,53.5500,161,1
2026-06-01,601318,11:10:47,53.5500,109,1
2026-06-01,601318,11:10:50,53.5500,75,1
2026-06-01,601318,11:10:53,53.5600,7,1
2026-06-01,601318,11:10:56,53.5600,3,1
2026-06-01,601318,11:10:59,53.5600,33,1
2026-06-01,601318,11:11:02,53.5600,40,1
2026-06-01,601318,11:11:05,53.5500,62,2
2026-06-01,601318,11:11:08,53.5400,31,2
2026-06-01,601318,11:11:11,53.5400,13,1
2026-06-01,601318,11:11:14,53.5400,12,1
2026-06-01,601318,11:11:17,53.5300,100,2
2026-06-01,601318,11:11:20,53.5300,26,4
2026-06-01,601318,11:11:26,53.5200,410,2
2026-06-01,601318,11:11:29,53.5100,15,2
2026-06-01,601318,11:11:32,53.5100,9,2
2026-06-01,601318,11:11:35,53.5000,176,2
2026-06-01,601318,11:11:38,53.5000,209,2
2026-06-01,601318,11:11:41,53.5100,10,1
2026-06-01,601318,11:11:44,53.5100,54,1
2026-06-01,601318,11:11:47,53.5100,306,1
2026-06-01,601318,11:11:50,53.5000,50,2
2026-06-01,601318,11:11:53,53.4900,24,2
2026-06-01,601318,11:11:56,53.5000,6,1
2026-06-01,601318,11:11:59,53.4700,1165,2
2026-06-01,601318,11:12:02,53.4900,1248,1
2026-06-01,601318,11:12:05,53.4900,23,2
2026-06-01,601318,11:12:08,53.4900,65,1
2026-06-01,601318,11:12:11,53.4900,180,2
2026-06-01,601318,11:12:14,53.5000,144,1
2026-06-01,601318,11:12:17,53.5000,8,1
2026-06-01,601318,11:12:20,53.5000,73,1
2026-06-01,601318,11:12:23,53.5200,439,1
2026-06-01,601318,11:12:26,53.5200,17,2
2026-06-01,601318,11:12:32,53.5200,1,1
2026-06-01,601318,11:12:35,53.5200,84,1
2026-06-01,601318,11:12:38,53.5100,25,2
2026-06-01,601318,11:12:41,53.5100,36,1
2026-06-01,601318,11:12:44,53.5100,12,2
2026-06-01,601318,11:12:47,53.5200,28,1
2026-06-01,601318,11:12:50,53.5100,27,2
2026-06-01,601318,11:12:53,53.5300,8,1
2026-06-01,601318,11:12:56,53.5300,12,1
2026-06-01,601318,11:12:59,53.5300,5,1
2026-06-01,601318,11:13:02,53.5300,36,1
2026-06-01,601318,11:13:05,53.5200,252,2
2026-06-01,601318,11:13:08,53.5200,744,1
2026-06-01,601318,11:13:11,53.5300,5,4
2026-06-01,601318,11:13:14,53.5300,14,2
2026-06-01,601318,11:13:17,53.5400,7,1
2026-06-01,601318,11:13:20,53.5300,150,2
2026-06-01,601318,11:13:23,53.5300,44,1
2026-06-01,601318,11:13:26,53.5300,27,1
2026-06-01,601318,11:13:29,53.5200,309,2
2026-06-01,601318,11:13:32,53.5300,47,2
2026-06-01,601318,11:13:35,53.5500,34,1
2026-06-01,601318,11:13:38,53.5400,21,2
2026-06-01,601318,11:13:41,53.5400,35,2
2026-06-01,601318,11:13:44,53.5600,78,1
2026-06-01,601318,11:13:47,53.5400,19,2
2026-06-01,601318,11:13:50,53.5500,15,1
2026-06-01,601318,11:13:53,53.5500,46,4
2026-06-01,601318,11:13:56,53.5500,55,1
2026-06-01,601318,11:13:59,53.5400,59,2
2026-06-01,601318,11:14:02,53.5500,15,4
2026-06-01,601318,11:14:05,53.5600,95,1
2026-06-01,601318,11:14:08,53.5400,154,2
2026-06-01,601318,11:14:11,53.5500,35,1
2026-06-01,601318,11:14:14,53.5400,28,2
2026-06-01,601318,11:14:17,53.5500,85,1
2026-06-01,601318,11:14:20,53.5500,187,2
2026-06-01,601318,11:14:23,53.5600,53,1
2026-06-01,601318,11:14:26,53.5400,211,2
2026-06-01,601318,11:14:29,53.5300,30,2
2026-06-01,601318,11:14:32,53.5300,145,2
2026-06-01,601318,11:14:35,53.5200,74,2
2026-06-01,601318,11:14:38,53.5300,356,2
2026-06-01,601318,11:14:41,53.5300,4,2
2026-06-01,601318,11:14:44,53.5200,50,2
2026-06-01,601318,11:14:47,53.5300,37,2
2026-06-01,601318,11:14:50,53.5300,5,2
2026-06-01,601318,11:14:53,53.5300,168,2
2026-06-01,601318,11:14:56,53.5300,4,2
2026-06-01,601318,11:14:59,53.5300,1,2
2026-06-01,601318,11:15:02,53.5300,35,2
2026-06-01,601318,11:15:05,53.5300,192,2
2026-06-01,601318,11:15:08,53.5300,25,1
2026-06-01,601318,11:15:11,53.5300,17,1
2026-06-01,601318,11:15:14,53.5200,139,2
2026-06-01,601318,11:15:17,53.5300,18,1
2026-06-01,601318,11:15:20,53.5200,121,2
2026-06-01,601318,11:15:23,53.5200,1,4
2026-06-01,601318,11:15:26,53.5300,205,1
2026-06-01,601318,11:15:29,53.5300,102,1
2026-06-01,601318,11:15:32,53.5400,15,1
2026-06-01,601318,11:15:35,53.5500,27,1
2026-06-01,601318,11:15:38,53.5500,3,1
2026-06-01,601318,11:15:41,53.5400,22,2
2026-06-01,601318,11:15:44,53.5400,23,2
2026-06-01,601318,11:15:47,53.5400,38,1
2026-06-01,601318,11:15:50,53.5400,63,1
2026-06-01,601318,11:15:53,53.5600,131,1
2026-06-01,601318,11:15:56,53.5400,32,2
2026-06-01,601318,11:15:59,53.5600,29,1
2026-06-01,601318,11:16:02,53.5500,354,2
2026-06-01,601318,11:16:05,53.5500,9,2
2026-06-01,601318,11:16:08,53.5500,145,2
2026-06-01,601318,11:16:11,53.5500,132,2
2026-06-01,601318,11:16:14,53.5500,96,1
2026-06-01,601318,11:16:17,53.5500,73,4
2026-06-01,601318,11:16:20,53.5400,65,1
2026-06-01,601318,11:16:23,53.5400,37,1
2026-06-01,601318,11:16:26,53.5400,70,1
2026-06-01,601318,11:16:29,53.5300,4,2
2026-06-01,601318,11:16:32,53.5500,147,1
2026-06-01,601318,11:16:35,53.5400,16,4
2026-06-01,601318,11:16:38,53.5400,5,2
2026-06-01,601318,11:16:41,53.5400,50,2
2026-06-01,601318,11:16:44,53.5500,190,1
2026-06-01,601318,11:16:47,53.5500,14,1
2026-06-01,601318,11:16:50,53.5500,48,1
2026-06-01,601318,11:16:53,53.5400,58,2
2026-06-01,601318,11:16:56,53.5500,8,1
2026-06-01,601318,11:16:59,53.5500,43,1
2026-06-01,601318,11:17:02,53.5600,69,1
2026-06-01,601318,11:17:05,53.5500,19,2
2026-06-01,601318,11:17:08,53.5500,255,2
2026-06-01,601318,11:17:11,53.5500,46,4
2026-06-01,601318,11:17:14,53.5500,102,1
2026-06-01,601318,11:17:17,53.5500,16,1
2026-06-01,601318,11:17:20,53.5500,115,1
2026-06-01,601318,11:17:23,53.5700,122,1
2026-06-01,601318,11:17:26,53.5700,17,1
2026-06-01,601318,11:17:29,53.5700,19,1
2026-06-01,601318,11:17:32,53.5700,4,1
2026-06-01,601318,11:17:35,53.5700,19,1
2026-06-01,601318,11:17:38,53.5500,419,2
2026-06-01,601318,11:17:41,53.5400,296,2
2026-06-01,601318,11:17:44,53.5500,60,1
2026-06-01,601318,11:17:47,53.4800,4443,2
2026-06-01,601318,11:17:50,53.5000,361,1
2026-06-01,601318,11:17:53,53.5100,290,1
2026-06-01,601318,11:17:56,53.5300,129,1
2026-06-01,601318,11:17:59,53.5300,370,1
2026-06-01,601318,11:18:02,53.5300,219,1
2026-06-01,601318,11:18:05,53.5600,114,1
2026-06-01,601318,11:18:08,53.5400,258,2
2026-06-01,601318,11:18:11,53.5300,68,2
2026-06-01,601318,11:18:14,53.5000,852,2
2026-06-01,601318,11:18:17,53.5000,130,1
2026-06-01,601318,11:18:20,53.5000,256,1
2026-06-01,601318,11:18:23,53.5000,838,1
2026-06-01,601318,11:18:26,53.4900,2049,2
2026-06-01,601318,11:18:29,53.5000,79,1
2026-06-01,601318,11:18:32,53.5000,51,1
2026-06-01,601318,11:18:35,53.4500,2007,2
2026-06-01,601318,11:18:38,53.5000,96,1
2026-06-01,601318,11:18:41,53.4800,112,2
2026-06-01,601318,11:18:44,53.5000,83,1
2026-06-01,601318,11:18:47,53.5000,27,2
2026-06-01,601318,11:18:50,53.5200,21,1
2026-06-01,601318,11:18:53,53.5400,112,1
2026-06-01,601318,11:18:56,53.5100,43,2
2026-06-01,601318,11:18:59,53.5300,93,1
2026-06-01,601318,11:19:02,53.5100,94,2
2026-06-01,601318,11:19:05,53.5200,16,2
2026-06-01,601318,11:19:11,53.5100,433,2
2026-06-01,601318,11:19:14,53.5100,27,1
2026-06-01,601318,11:19:17,53.5100,13,1
2026-06-01,601318,11:19:20,53.5200,7,1
2026-06-01,601318,11:19:23,53.5300,15,1
2026-06-01,601318,11:19:26,53.5400,17,1
2026-06-01,601318,11:19:29,53.5400,3,1
2026-06-01,601318,11:19:32,53.5300,27,2
2026-06-01,601318,11:19:35,53.5300,62,2
2026-06-01,601318,11:19:38,53.5200,12,2
2026-06-01,601318,11:19:41,53.5200,2,2
2026-06-01,601318,11:19:44,53.5200,35,2
2026-06-01,601318,11:19:47,53.5300,51,1
2026-06-01,601318,11:19:50,53.5500,71,1
2026-06-01,601318,11:19:53,53.5300,76,2
2026-06-01,601318,11:19:56,53.5500,101,1
2026-06-01,601318,11:19:59,53.5400,111,2
2026-06-01,601318,11:20:02,53.5400,126,1
2026-06-01,601318,11:20:05,53.5300,25,2
2026-06-01,601318,11:20:08,53.5400,236,1
2026-06-01,601318,11:20:11,53.5500,3,1
2026-06-01,601318,11:20:14,53.5500,153,1
2026-06-01,601318,11:20:17,53.5300,91,2
