date,code,time,price,volume,bs
2026-01-28,600519,14:04:42,1329.6100,21,2
2026-01-28,600519,14:04:45,1329.5400,12,2
2026-01-28,600519,14:04:48,1329.5000,4,2
2026-01-28,600519,14:04:51,1329.6000,3,1
2026-01-28,600519,14:04:54,1329.4700,5,2
2026-01-28,600519,14:04:57,1329.5601,10,1
2026-01-28,600519,14:05:00,1329.4600,8,2
2026-01-28,600519,14:05:03,1329.6200,10,1
2026-01-28,600519,14:05:06,1329.4100,9,2
2026-01-28,600519,14:05:09,1329.6899,11,1
2026-01-28,600519,14:05:12,1329.6899,6,2
2026-01-28,600519,14:05:15,1329.6200,35,2
2026-01-28,600519,14:05:18,1329.8000,3,2
2026-01-28,600519,14:05:21,1329.9600,2,1
2026-01-28,600519,14:05:24,1329.8300,4,2
2026-01-28,600519,14:05:27,1329.8300,7,2
2026-01-28,600519,14:05:33,1330.0300,35,1
2026-01-28,600519,14:05:36,1329.9301,4,2
2026-01-28,600519,14:05:39,1329.9399,14,1
2026-01-28,600519,14:05:42,1330.0400,2,1
2026-01-28,600519,14:05:45,1329.9500,3,2
2026-01-28,600519,14:05:48,1329.9600,2,2
2026-01-28,600519,14:05:51,1329.9600,2,1
2026-01-28,600519,14:05:54,1329.9399,6,2
2026-01-28,600519,14:05:57,1329.8600,4,2
2026-01-28,600519,14:06:03,1329.8300,8,2
2026-01-28,600519,14:06:06,1329.7600,6,2
2026-01-28,600519,14:06:09,1329.6899,6,2
2026-01-28,600519,14:06:12,1329.6899,4,1
2026-01-28,600519,14:06:15,1329.6200,7,2
2026-01-28,600519,14:06:18,1329.8101,12,1
2026-01-28,600519,14:06:21,1329.6200,6,2
2026-01-28,600519,14:06:24,1329.6200,1,2
2026-01-28,600519,14:06:27,1329.0000,98,2
2026-01-28,600519,14:06:30,1329.5200,38,1
2026-01-28,600519,14:06:33,1328.8900,7,2
2026-01-28,600519,14:06:36,1328.7300,5,2
2026-01-28,600519,14:06:39,1328.9900,2,1
2026-01-28,600519,14:06:42,1328.9900,3,1
2026-01-28,600519,14:06:45,1328.7300,4,2
2026-01-28,600519,14:06:48,1328.7000,8,2
2026-01-28,600519,14:06:51,1328.5601,6,2
2026-01-28,600519,14:06:54,1328.3500,13,2
2026-01-28,600519,14:06:57,1328.0100,34,2
2026-01-28,600519,14:07:00,1327.1801,50,2
2026-01-28,600519,14:07:03,1327.1801,22,2
2026-01-28,600519,14:07:06,1327.2800,48,1
2026-01-28,600519,14:07:09,1327.2800,13,1
2026-01-28,600519,14:07:12,1327.1000,19,2
2026-01-28,600519,14:07:15,1327.4200,11,1
2026-01-28,600519,14:07:18,1327.9900,6,1
2026-01-28,600519,14:07:21,1327.3000,1,2
2026-01-28,600519,14:07:24,1327.9900,3,2
2026-01-28,600519,14:07:27,1328.0000,3,1
2026-01-28,600519,14:07:33,1328.0100,9,1
2026-01-28,600519,14:07:36,1328.0200,2,2
2026-01-28,600519,14:07:51,1328.4000,1,1
2026-01-28,600519,14:07:54,1328.0699,2,2
2026-01-28,600519,14:08:03,1328.3000,5,1
2026-01-28,600519,14:08:06,1328.3800,7,1
2026-01-28,600519,14:08:09,1328.0699,13,2
2026-01-28,600519,14:08:12,1328.3000,4,2
2026-01-28,600519,14:08:15,1328.4000,5,1
2026-01-28,600519,14:08:18,1328.3000,11,1
2026-01-28,600519,14:08:21,1328.2200,2,2
2026-01-28,600519,14:08:24,1328.2200,5,1
2026-01-28,600519,14:08:27,1328.1400,4,2
2026-01-28,600519,14:08:33,1328.2000,1,1
2026-01-28,600519,14:08:36,1328.1200,5,2
2026-01-28,600519,14:08:39,1328.1000,7,2
2026-01-28,600519,14:08:42,1328.1500,5,1
2026-01-28,600519,14:08:45,1328.2000,3,1
2026-01-28,600519,14:08:51,1328.2000,8,1
2026-01-28,600519,14:08:54,1328.2000,5,1
2026-01-28,600519,14:08:57,1328.6801,22,1
2026-01-28,600519,14:09:00,1328.6899,3,1
2026-01-28,600519,14:09:03,1328.9100,2,1
2026-01-28,600519,14:09:06,1328.9100,2,1
2026-01-28,600519,14:09:12,1328.9200,2,2
2026-01-28,600519,14:09:15,1328.9100,7,2
2026-01-28,600519,14:09:18,1329.0100,4,1
2026-01-28,600519,14:09:24,1329.0100,2,1
2026-01-28,600519,14:09:27,1328.9200,9,2
2026-01-28,600519,14:09:30,1328.8400,9,2
2026-01-28,600519,14:09:33,1329.0000,1,1
2026-01-28,600519,14:09:36,1328.8500,3,2
2026-01-28,600519,14:09:39,1328.9900,8,1
2026-01-28,600519,14:09:42,1329.0000,7,1
2026-01-28,600519,14:09:45,1328.9900,2,2
2026-01-28,600519,14:09:48,1329.0000,3,1
2026-01-28,600519,14:09:51,1328.9900,4,2
2026-01-28,600519,14:09:54,1328.9900,2,1
2026-01-28,600519,14:09:57,1328.9600,6,2
2026-01-28,600519,14:10:00,1328.9900,5,1
2026-01-28,600519,14:10:03,1328.9900,4,1
2026-01-28,600519,14:10:06,1328.9900,1,1
2026-01-28,600519,14:10:09,1328.9800,7,2
2026-01-28,600519,14:10:12,1328.9900,9,1
2026-01-28,600519,14:10:15,1328.9100,7,2
2026-01-28,600519,14:10:18,1329.0100,15,1
2026-01-28,600519,14:10:27,1329.0800,1,1
2026-01-28,600519,14:10:33,1329.0900,2,1
2026-01-28,600519,14:10:36,1329.0800,4,2
2026-01-28,600519,14:10:39,1329.0800,4,2
2026-01-28,600519,14:10:42,1329.0800,13,2
2026-01-28,600519,14:10:45,1329.0800,2,2
2026-01-28,600519,14:10:48,1329.2900,10,1
2026-01-28,600519,14:10:51,1329.5200,4,1
2026-01-28,600519,14:10:54,1329.7800,20,1
2026-01-28,600519,14:10:57,1330.1700,5,1
2026-01-28,600519,14:11:00,1330.0000,78,2
2026-01-28,600519,14:11:03,1330.0000,75,2
2026-01-28,600519,14:11:06,1329.6801,5,2
2026-01-28,600519,14:11:09,1329.5800,35,2
2026-01-28,600519,14:11:12,1329.5800,45,2
2026-01-28,600519,14:11:15,1329.4600,4,2
2026-01-28,600519,14:11:18,1329.5800,2,2
2026-01-28,600519,14:11:21,1329.5800,1,1
2026-01-28,600519,14:11:24,1329.6801,2,1
2026-01-28,600519,14:11:27,1329.5500,5,2
2026-01-28,600519,14:11:30,1329.5400,6,1
2026-01-28,600519,14:11:33,1329.5000,2,2
2026-01-28,600519,14:11:36,1329.5100,2,2
2026-01-28,600519,14:11:42,1329.5100,5,1
2026-01-28,600519,14:11:45,1329.5100,2,2
2026-01-28,600519,14:11:48,1329.5500,3,1
2026-01-28,600519,14:11:54,1329.6300,2,1
2026-01-28,600519,14:11:57,1329.6500,2,1
2026-01-28,600519,14:12:00,1329.6801,2,1
2026-01-28,600519,14:12:03,1329.6899,2,1
2026-01-28,600519,14:12:06,1329.6700,10,2
2026-01-28,600519,14:12:09,1329.6600,5,2
2026-01-28,600519,14:12:12,1329.6899,1,2
2026-01-28,600519,14:12:15,1329.6899,4,2
2026-01-28,600519,14:12:18,1329.6600,8,2
2026-01-28,600519,14:12:21,1329.6899,1,2
2026-01-28,600519,14:12:24,1329.6500,13,2
2026-01-28,600519,14:12:27,1329.6500,4,1
2026-01-28,600519,14:12:30,1329.6400,2,2
2026-01-28,600519,14:12:33,1329.6400,4,1
2026-01-28,600519,14:12:36,1329.6600,6,1
2026-01-28,600519,14:12:39,1329.6400,3,2
2026-01-28,600519,14:12:42,1329.6600,2,1
2026-01-28,600519,14:12:45,1329.6600,5,1
2026-01-28,600519,14:12:48,1329.6200,8,2
2026-01-28,600519,14:12:51,1329.6000,5,2
2026-01-28,600519,14:12:54,1329.6600,6,1
2026-01-28,600519,14:12:57,1329.6600,5,1
2026-01-28,600519,14:13:00,1329.6700,1,2
2026-01-28,600519,14:13:03,1329.6801,3,4
2026-01-28,600519,14:13:06,1329.6700,3,2
2026-01-28,600519,14:13:09,1329.6700,2,4
2026-01-28,600519,14:13:12,1329.6700,2,1
2026-01-28,600519,14:13:15,1329.6700,4,1
2026-01-28,600519,14:13:18,1329.6700,3,2
2026-01-28,600519,14:13:21,1329.6600,3,2
2026-01-28,600519,14:13:24,1329.6600,5,1
2026-01-28,600519,14:13:27,1329.6600,1,1
2026-01-28,600519,14:13:30,1329.6700,4,1
2026-01-28,600519,14:13:33,1329.6500,2,2
2026-01-28,600519,14:13:36,1329.6700,2,1
2026-01-28,600519,14:13:42,1329.7700,19,1
2026-01-28,600519,14:13:45,1329.8700,37,2
2026-01-28,600519,14:13:48,1329.8700,12,1
2026-01-28,600519,14:13:51,1329.8101,10,1
2026-01-28,600519,14:13:54,1329.8600,7,1
2026-01-28,600519,14:13:57,1329.8600,3,1
2026-01-28,600519,14:14:00,1329.8600,2,1
2026-01-28,600519,14:14:03,1329.8600,2,2
2026-01-28,600519,14:14:06,1329.8700,2,1
2026-01-28,600519,14:14:09,1329.8700,1,1
2026-01-28,600519,14:14:12,1329.8700,5,1
2026-01-28,600519,14:14:15,1329.8600,10,2
2026-01-28,600519,14:14:18,1329.8101,1,2
2026-01-28,600519,14:14:21,1329.8700,5,1
2026-01-28,600519,14:14:24,1329.8600,1,1
2026-01-28,600519,14:14:27,1329.8700,4,1
2026-01-28,600519,14:14:30,1329.8101,4,2
2026-01-28,600519,14:14:33,1329.8101,7,2
2026-01-28,600519,14:14:36,1329.8000,2,2
2026-01-28,600519,14:14:39,1329.8101,3,1
2026-01-28,600519,14:14:42,1329.8000,6,2
2026-01-28,600519,14:14:45,1329.7900,12,2
2026-01-28,600519,14:14:48,1329.7600,5,2
2026-01-28,600519,14:14:51,1329.7300,8,2
2026-01-28,600519,14:14:54,1329.7300,2,1
2026-01-28,600519,14:14:57,1329.7100,4,2
2026-01-28,600519,14:15:00,1329.7000,2,2
2026-01-28,600519,14:15:03,1329.6899,10,2
2026-01-28,600519,14:15:06,1329.7000,6,1
2026-01-28,600519,14:15:09,1329.7000,6,4
2026-01-28,600519,14:15:12,1329.6801,9,2
2026-01-28,600519,14:15:15,1329.6801,6,2
2026-01-28,600519,14:15:18,1329.7100,3,1
2026-01-28,600519,14:15:21,1329.7100,3,1
2026-01-28,600519,14:15:27,1329.7100,5,2
2026-01-28,600519,14:15:33,1330.0500,24,1
2026-01-28,600519,14:15:36,1330.8800,7,1
2026-01-28,600519,14:15:39,1331.0000,2,1
2026-01-28,600519,14:15:42,1331.0000,12,1
2026-01-28,600519,14:15:45,1330.9800,10,1
2026-01-28,600519,14:15:48,1331.0300,93,2
2026-01-28,600519,14:15:51,1331.0000,3,1
2026-01-28,600519,14:15:57,1331.0300,0,1
2026-01-28,600519,14:16:00,1331.1700,3,1
2026-01-28,600519,14:16:03,1331.0400,4,2
2026-01-28,600519,14:16:06,1331.1801,3,1
2026-01-28,600519,14:16:09,1331.1801,4,1
2026-01-28,600519,14:16:12,1331.0300,2,1
2026-01-28,600519,14:16:15,1331.0300,8,1
2026-01-28,600519,14:16:18,1331.0800,1,1
2026-01-28,600519,14:16:21,1331.0300,1,1
2026-01-28,600519,14:16:27,1330.3300,1,2
2026-01-28,600519,14:16:30,1331.0000,3,1
2026-01-28,600519,14:16:33,1331.0000,3,1
2026-01-28,600519,14:16:36,1331.0000,3,1
2026-01-28,600519,14:16:39,1330.2300,3,2
2026-01-28,600519,14:16:42,1330.3300,1,2
2026-01-28,600519,14:16:45,1330.2300,4,2
2026-01-28,600519,14:16:48,1330.2400,2,2
2026-01-28,600519,14:16:51,1330.3199,3,1
2026-01-28,600519,14:16:54,1330.3000,1,2
2026-01-28,600519,14:16:57,1330.2400,4,2
2026-01-28,600519,14:17:00,1330.2400,3,1
2026-01-28,600519,14:17:03,1330.5601,2,1
2026-01-28,600519,14:17:06,1330.5601,1,1
2026-01-28,600519,14:17:09,1330.5601,6,1
2026-01-28,600519,14:17:15,1330.3800,1,2
2026-01-28,600519,14:17:18,1330.6300,10,1
2026-01-28,600519,14:17:24,1330.9200,2,1
2026-01-28,600519,14:17:27,1330.6500,10,2
2026-01-28,600519,14:17:30,1330.6500,2,1
2026-01-28,600519,14:17:33,1330.6300,1,2
2026-01-28,600519,14:17:36,1330.6600,1,1
2026-01-28,600519,14:17:39,1330.6600,1,1
2026-01-28,600519,14:17:42,1330.6500,1,1
2026-01-28,600519,14:17:45,1330.6300,7,2
2026-01-28,600519,14:17:48,1330.6400,2,1
2026-01-28,600519,14:17:51,1330.6400,2,2
2026-01-28,600519,14:17:57,1330.6400,3,2
2026-01-28,600519,14:18:00,1330.6500,1,1
2026-01-28,600519,14:18:03,1330.6400,2,1
2026-01-28,600519,14:18:06,1330.6300,2,2
2026-01-28,600519,14:18:09,1330.6500,2,1
2026-01-28,600519,14:18:12,1330.6000,4,2
2026-01-28,600519,14:18:18,1330.6200,6,1
2026-01-28,600519,14:18:21,1330.6500,1,2
2026-01-28,600519,14:18:24,1330.8400,16,1
2026-01-28,600519,14:18:27,1330.6600,7,2
2026-01-28,600519,14:18:30,1330.9100,8,1
2026-01-28,600519,14:18:33,1330.9000,1,2
2026-01-28,600519,14:18:36,1330.9000,6,2
2026-01-28,600519,14:18:39,1330.9399,5,1
2026-01-28,600519,14:18:42,1330.8300,4,2
2026-01-28,600519,14:18:45,1330.9200,1,2
2026-01-28,600519,14:18:48,1330.8300,2,2
2026-01-28,600519,14:18:51,1330.8300,3,2
2026-01-28,600519,14:18:54,1330.8300,1,2
2026-01-28,600519,14:18:57,1330.8300,2,1
2026-01-28,600519,14:19:03,1330.8199,5,1
2026-01-28,600519,14:19:06,1330.8199,2,2
2026-01-28,600519,14:19:09,1330.8199,8,2
2026-01-28,600519,14:19:12,1330.8300,0,2
2026-01-28,600519,14:19:15,1330.8300,4,2
2026-01-28,600519,14:19:18,1330.8300,2,2
2026-01-28,600519,14:19:21,1330.8400,3,2
2026-01-28,600519,14:19:24,1330.8900,9,1
2026-01-28,600519,14:19:27,1330.8900,5,2
2026-01-28,600519,14:19:30,1330.9399,12,1
2026-01-28,600519,14:19:33,1330.8199,7,2
2026-01-28,600519,14:19:36,1330.8300,4,1
2026-01-28,600519,14:19:39,1330.8300,4,2
2026-01-28,600519,14:19:42,1330.8800,8,1
2026-01-28,600519,14:19:45,1330.8900,2,1
2026-01-28,600519,14:19:48,1330.8800,1,2
2026-01-28,600519,14:19:51,1330.8900,4,1
2026-01-28,600519,14:19:54,1330.9399,3,1
2026-01-28,600519,14:19:57,1330.9000,6,2
2026-01-28,600519,14:20:00,1331.0000,3,1
2026-01-28,600519,14:20:03,1331.0000,5,1
2026-01-28,600519,14:20:06,1330.9800,12,2
2026-01-28,600519,14:20:09,1331.0000,2,2
2026-01-28,600519,14:20:12,1331.0000,9,2
2026-01-28,600519,14:20:15,1331.2000,8,1
2026-01-28,600519,14:20:18,1331.1200,3,1
2026-01-28,600519,14:20:21,1331.0000,3,2
2026-01-28,600519,14:20:24,1331.0000,8,2
2026-01-28,600519,14:20:27,1331.1200,4,1
2026-01-28,600519,14:20:30,1331.0300,1,2
2026-01-28,600519,14:20:33,1331.1200,1,2
2026-01-28,600519,14:20:36,1331.2200,1,1
2026-01-28,600519,14:20:39,1331.1500,2,2
2026-01-28,600519,14:20:42,1331.2100,5,1
2026-01-28,600519,14:20:45,1331.2100,3,1
2026-01-28,600519,14:20:48,1331.2300,3,1
2026-01-28,600519,14:20:51,1331.2200,2,2
2026-01-28,600519,14:20:54,1331.2100,5,2
2026-01-28,600519,14:20:57,1331.2200,6,1
2026-01-28,600519,14:21:00,1331.1500,2,2
2026-01-28,600519,14:21:03,1331.1500,25,2
2026-01-28,600519,14:21:06,1331.1500,1,1
2026-01-28,600519,14:21:09,1331.0601,5,2
2026-01-28,600519,14:21:12,1331.0699,1,2
2026-01-28,600519,14:21:15,1331.3400,7,1
2026-01-28,600519,14:21:18,1331.1100,3,1
2026-01-28,600519,14:21:21,1331.1100,3,2
2026-01-28,600519,14:21:24,1331.0699,1,2
2026-01-28,600519,14:21:27,1331.1100,5,2
2026-01-28,600519,14:21:30,1331.1100,2,2
2026-01-28,600519,14:21:33,1331.0699,1,2
2026-01-28,600519,14:21:36,1331.1100,1,1
2026-01-28,600519,14:21:39,1331.1100,19,1
2026-01-28,600519,14:21:42,1330.8400,44,2
2026-01-28,600519,14:21:45,1330.6600,11,2
2026-01-28,600519,14:21:48,1330.6300,1,2
2026-01-28,600519,14:21:51,1330.6000,1,2
2026-01-28,600519,14:21:54,1330.7900,3,1
2026-01-28,600519,14:21:57,1330.7000,1,2
2026-01-28,600519,14:22:00,1330.6300,8,2
2026-01-28,600519,14:22:03,1330.7900,2,1
2026-01-28,600519,14:22:06,1330.6300,4,2
2026-01-28,600519,14:22:09,1330.7800,2,1
2026-01-28,600519,14:22:12,1330.0000,51,2
2026-01-28,600519,14:22:15,1329.9900,8,2
2026-01-28,600519,14:22:21,1329.8199,1,2
2026-01-28,600519,14:22:27,1329.9800,1,1
2026-01-28,600519,14:22:30,1329.9900,10,1
2026-01-28,600519,14:22:33,1329.9000,39,2
2026-01-28,600519,14:22:36,1329.9000,5,2
2026-01-28,600519,14:22:39,1329.9700,7,1
2026-01-28,600519,14:22:42,1329.8900,5,2
2026-01-28,600519,14:22:45,1329.8900,13,1
2026-01-28,600519,14:22:48,1330.0100,5,1
2026-01-28,600519,14:22:51,1329.8900,3,2
2026-01-28,600519,14:22:54,1329.9000,6,2
2026-01-28,600519,14:22:57,1329.8800,5,2
2026-01-28,600519,14:23:00,1330.0100,5,1
2026-01-28,600519,14:23:03,1329.8500,3,2
2026-01-28,600519,14:23:06,1329.8500,1,1
2026-01-28,600519,14:23:09,1329.8500,3,1
2026-01-28,600519,14:23:12,1329.8199,10,2
2026-01-28,600519,14:23:18,1329.8101,4,2
2026-01-28,600519,14:23:21,1329.8199,1,2
2026-01-28,600519,14:23:24,1329.7600,8,2
2026-01-28,600519,14:23:27,1329.8101,4,1
2026-01-28,600519,14:23:30,1329.7600,2,2
2026-01-28,600519,14:23:33,1329.7600,2,1
2026-01-28,600519,14:23:36,1329.7600,4,1
2026-01-28,600519,14:23:39,1329.7200,3,2
2026-01-28,600519,14:23:42,1329.7600,10,1
2026-01-28,600519,14:23:45,1329.7600,6,2
2026-01-28,600519,14:23:48,1329.7200,3,2
2026-01-28,600519,14:23:51,1329.6801,6,2
2026-01-28,600519,14:23:54,1329.8000,3,1
2026-01-28,600519,14:23:57,1329.7600,2,1
2026-01-28,600519,14:24:00,1329.7700,1,2
2026-01-28,600519,14:24:03,1329.7000,2,2
2026-01-28,600519,14:24:06,1329.7800,1,2
2026-01-28,600519,14:24:09,1329.8101,8,1
2026-01-28,600519,14:24:12,1329.7100,0,1
2026-01-28,600519,14:24:18,1329.7800,4,1
2026-01-28,600519,14:24:21,1329.7700,7,1
2026-01-28,600519,14:24:24,1329.7600,4,1
2026-01-28,600519,14:24:27,1329.7600,3,1
2026-01-28,600519,14:24:30,1329.7600,5,1
2026-01-28,600519,14:24:33,1329.7400,0,1
2026-01-28,600519,14:24:36,1329.7400,10,2
2026-01-28,600519,14:24:39,1329.7000,2,2
2026-01-28,600519,14:24:42,1329.7200,3,1
2026-01-28,600519,14:24:45,1329.7200,3,1
2026-01-28,600519,14:24:48,1329.7200,1,2
2026-01-28,600519,14:24:54,1329.7200,7,2
2026-01-28,600519,14:24:57,1329.7300,4,1
2026-01-28,600519,14:25:00,1329.7200,5,4
2026-01-28,600519,14:25:03,1329.7400,6,1
2026-01-28,600519,14:25:06,1329.7100,5,2
2026-01-28,600519,14:25:09,1329.7200,4,1
2026-01-28,600519,14:25:12,1329.7100,1,4
2026-01-28,600519,14:25:15,1329.7100,4,1
2026-01-28,600519,14:25:18,1329.7100,2,2
2026-01-28,600519,14:25:21,1329.7100,2,1
2026-01-28,600519,14:25:24,1329.7100,4,1
2026-01-28,600519,14:25:27,1329.7000,9,2
2026-01-28,600519,14:25:33,1329.6899,15,2
2026-01-28,600519,14:25:36,1329.6899,3,1
2026-01-28,600519,14:25:39,1329.6899,3,1
2026-01-28,600519,14:25:42,1329.6899,17,1
2026-01-28,600519,14:25:45,1329.6700,8,2
2026-01-28,600519,14:25:48,1329.6500,7,2
2026-01-28,600519,14:25:51,1329.6500,10,2
2026-01-28,600519,14:25:54,1329.6500,2,2
2026-01-28,600519,14:25:57,1329.6500,11,1
2026-01-28,600519,14:26:00,1329.6300,9,2
2026-01-28,600519,14:26:03,1329.6200,9,2
2026-01-28,600519,14:26:06,1329.6000,2,2
2026-01-28,600519,14:26:09,1329.5900,11,2
2026-01-28,600519,14:26:12,1329.6000,10,2
2026-01-28,600519,14:26:15,1329.6000,1,4
2026-01-28,600519,14:26:18,1329.5900,7,2
2026-01-28,600519,14:26:21,1329.6000,10,1
2026-01-28,600519,14:26:24,1329.5900,4,2
2026-01-28,600519,14:26:27,1329.5900,1,2
2026-01-28,600519,14:26:30,1329.6200,1,1
2026-01-28,600519,14:26:33,1329.6000,10,2
2026-01-28,600519,14:26:36,1329.6000,8,1
2026-01-28,600519,14:26:39,1329.5500,3,2
2026-01-28,600519,14:26:42,1329.5699,7,2
2026-01-28,600519,14:26:48,1329.5601,6,2
2026-01-28,600519,14:26:51,1329.5601,2,2
2026-01-28,600519,14:26:54,1329.5601,9,2
2026-01-28,600519,14:26:57,1329.5601,1,4
2026-01-28,600519,14:27:00,1329.5601,2,1
2026-01-28,600519,14:27:03,1329.5601,15,1
2026-01-28,600519,14:27:06,1329.5601,4,1
2026-01-28,600519,14:27:09,1329.6400,28,1
2026-01-28,600519,14:27:12,1329.7600,18,1
2026-01-28,600519,14:27:15,1329.6200,9,2
2026-01-28,600519,14:27:18,1329.7800,6,1
2026-01-28,600519,14:27:21,1329.7800,3,2
2026-01-28,600519,14:27:24,1329.7400,10,2
2026-01-28,600519,14:27:27,1329.7800,6,1
2026-01-28,600519,14:27:30,1329.7800,3,1
2026-01-28,600519,14:27:33,1329.8000,9,1
2026-01-28,600519,14:27:36,1329.7400,9,2
2026-01-28,600519,14:27:39,1329.6600,7,2
2026-01-28,600519,14:27:42,1329.6801,6,2
2026-01-28,600519,14:27:45,1329.7300,3,1
2026-01-28,600519,14:27:48,1329.7200,6,1
2026-01-28,600519,14:27:51,1329.7300,5,1
2026-01-28,600519,14:27:54,1329.7300,5,1
2026-01-28,600519,14:27:57,1329.7500,2,1
2026-01-28,600519,14:28:00,1329.7500,4,1
2026-01-28,600519,14:28:03,1329.7400,6,2
2026-01-28,600519,14:28:06,1329.7400,2,1
2026-01-28,600519,14:28:09,1329.8101,1,1
2026-01-28,600519,14:28:12,1329.7700,1,2
2026-01-28,600519,14:28:15,1329.7500,6,2
2026-01-28,600519,14:28:18,1329.8300,5,1
2026-01-28,600519,14:28:24,1329.8101,1,1
2026-01-28,600519,14:28:27,1329.7700,6,2
2026-01-28,600519,14:28:30,1329.7900,2,4
2026-01-28,600519,14:28:33,1329.8199,5,1
2026-01-28,600519,14:28:36,1329.8101,4,2
2026-01-28,600519,14:28:42,1329.7800,1,2
2026-01-28,600519,14:28:45,1329.7900,5,1
2026-01-28,600519,14:28:48,1329.7600,3,2
2026-01-28,600519,14:28:51,1329.7900,3,1
2026-01-28,600519,14:28:54,1329.8000,3,1
2026-01-28,600519,14:28:57,1329.8000,4,1
2026-01-28,600519,14:29:00,1329.7800,4,2
2026-01-28,600519,14:29:03,1329.7600,13,2
2026-01-28,600519,14:29:06,1329.7900,1,2
2026-01-28,600519,14:29:09,1329.7900,9,2
2026-01-28,600519,14:29:12,1329.7500,7,2
2026-01-28,600519,14:29:15,1329.5900,28,2
2026-01-28,600519,14:29:18,1329.5000,15,2
2026-01-28,600519,14:29:21,1329.4900,8,2
2026-01-28,600519,14:29:24,1329.4900,3,1
2026-01-28,600519,14:29:27,1329.3000,1,2
2026-01-28,600519,14:29:30,1329.1200,4,2
2026-01-28,600519,14:29:33,1329.1200,2,2
2026-01-28,600519,14:29:36,1329.2200,8,1
2026-01-28,600519,14:29:39,1329.1100,3,2
2026-01-28,600519,14:29:42,1329.0900,2,2
2026-01-28,600519,14:29:45,1329.1100,4,1
2026-01-28,600519,14:29:48,1329.1100,6,1
2026-01-28,600519,14:29:51,1329.1100,4,1
2026-01-28,600519,14:29:57,1329.1100,3,1
2026-01-28,600519,14:30:03,1329.1000,7,4
2026-01-28,600519,14:30:06,1329.1200,13,1
2026-01-28,600519,14:30:09,1329.2100,4,1
2026-01-28,600519,14:30:12,1329.2600,9,1
2026-01-28,600519,14:30:15,1329.2700,6,1
2026-01-28,600519,14:30:18,1329.2800,6,1
2026-01-28,600519,14:30:21,1329.4800,6,1
2026-01-28,600519,14:30:24,1329.2800,2,2
2026-01-28,600519,14:30:27,1329.4800,2,1
2026-01-28,600519,14:30:30,1329.4800,1,1
2026-01-28,600519,14:30:33,1329.4800,1,1
2026-01-28,600519,14:30:39,1329.4800,2,1
2026-01-28,600519,14:30:42,1329.4800,9,1
2026-01-28,600519,14:30:48,1329.4800,1,2
2026-01-28,600519,14:30:54,1329.6000,7,1
2026-01-28,600519,14:30:57,1329.6100,6,1
2026-01-28,600519,14:31:00,1329.7600,4,1
2026-01-28,600519,14:31:03,1329.4800,10,2
2026-01-28,600519,14:31:06,1329.4800,11,2
2026-01-28,600519,14:31:09,1329.4800,9,2
2026-01-28,600519,14:31:12,1329.3500,5,2
2026-01-28,600519,14:31:15,1329.2800,6,2
2026-01-28,600519,14:31:18,1329.3400,8,1
2026-01-28,600519,14:31:21,1329.3199,7,1
2026-01-28,600519,14:31:24,1329.3300,1,1
2026-01-28,600519,14:31:30,1329.3101,6,2
2026-01-28,600519,14:31:36,1329.2700,7,2
2026-01-28,600519,14:31:39,1329.2800,3,1
2026-01-28,600519,14:31:42,1329.2700,8,2
2026-01-28,600519,14:31:45,1329.2700,4,1
2026-01-28,600519,14:31:48,1329.2700,8,1
2026-01-28,600519,14:31:51,1329.2700,2,1
2026-01-28,600519,14:31:54,1329.2700,1,2
2026-01-28,600519,14:31:57,1329.2700,8,2
2026-01-28,600519,14:32:00,1329.2800,6,2
2026-01-28,600519,14:32:03,1329.2600,6,1
2026-01-28,600519,14:32:06,1329.2200,1,2
2026-01-28,600519,14:32:09,1329.2100,5,2
2026-01-28,600519,14:32:12,1329.1899,12,2
2026-01-28,600519,14:32:15,1329.1801,7,2
2026-01-28,600519,14:32:18,1329.1801,11,1
2026-01-28,600519,14:32:21,1329.1200,4,2
2026-01-28,600519,14:32:24,1329.1200,7,2
2026-01-28,600519,14:32:27,1329.0200,14,2
2026-01-28,600519,14:32:30,1329.1000,2,1
2026-01-28,600519,14:32:33,1329.0100,4,2
2026-01-28,600519,14:32:36,1329.0100,36,2
2026-01-28,600519,14:32:39,1329.0100,3,2
2026-01-28,600519,14:32:42,1329.0500,2,1
2026-01-28,600519,14:32:45,1329.0100,12,2
2026-01-28,600519,14:32:48,1329.0100,24,2
2026-01-28,600519,14:32:51,1329.0100,5,1
2026-01-28,600519,14:32:57,1329.0100,7,1
2026-01-28,600519,14:33:00,1329.0000,12,2
2026-01-28,600519,14:33:03,1329.0100,6,1
2026-01-28,600519,14:33:06,1329.0100,4,1
2026-01-28,600519,14:33:09,1329.0100,3,1
2026-01-28,600519,14:33:12,1329.0000,15,2
2026-01-28,600519,14:33:15,1329.0100,11,1
2026-01-28,600519,14:33:18,1329.0100,2,1
2026-01-28,600519,14:33:21,1329.0601,8,1
2026-01-28,600519,14:33:24,1329.1000,7,1
2026-01-28,600519,14:33:27,1329.1000,4,1
2026-01-28,600519,14:33:30,1329.0200,5,2
2026-01-28,600519,14:33:33,1329.0699,1,2
2026-01-28,600519,14:33:36,1329.1700,4,1
2026-01-28,600519,14:33:39,1329.0300,3,2
2026-01-28,600519,14:33:42,1329.1000,3,1
2026-01-28,600519,14:33:45,1329.1100,11,1
2026-01-28,600519,14:33:48,1329.0601,6,2
2026-01-28,600519,14:33:51,1329.0300,3,2
2026-01-28,600519,14:33:54,1329.0300,3,2
2026-01-28,600519,14:33:57,1329.0000,14,2
2026-01-28,600519,14:34:00,1329.0000,3,2
2026-01-28,600519,14:34:03,1329.0000,9,2
2026-01-28,600519,14:34:06,1328.9900,14,2
2026-01-28,600519,14:34:09,1329.0000,9,1
2026-01-28,600519,14:34:12,1328.9900,8,1
2026-01-28,600519,14:34:15,1328.9800,4,2
2026-01-28,600519,14:34:18,1328.9800,7,2
2026-01-28,600519,14:34:21,1328.9800,6,2
2026-01-28,600519,14:34:24,1328.9800,2,1
2026-01-28,600519,14:34:30,1328.9500,4,2
2026-01-28,600519,14:34:33,1328.9800,1,1
2026-01-28,600519,14:34:36,1328.9200,4,2
2026-01-28,600519,14:34:39,1328.9200,3,2
2026-01-28,600519,14:34:42,1328.8800,8,2
2026-01-28,600519,14:34:45,1328.8500,10,2
2026-01-28,600519,14:34:48,1328.7800,18,2
2026-01-28,600519,14:34:51,1328.5601,1,2
2026-01-28,600519,14:34:54,1328.5300,5,1
2026-01-28,600519,14:34:57,1328.7700,18,1
2026-01-28,600519,14:35:00,1328.8000,22,1
2026-01-28,600519,14:35:03,1328.7700,1,2
2026-01-28,600519,14:35:09,1328.8000,2,2
2026-01-28,600519,14:35:12,1328.8000,4,2
2026-01-28,600519,14:35:15,1328.8000,5,2
2026-01-28,600519,14:35:18,1328.7700,1,2
2026-01-28,600519,14:35:21,1328.7800,8,4
2026-01-28,600519,14:35:24,1328.7600,11,1
2026-01-28,600519,14:35:27,1328.7200,3,2
2026-01-28,600519,14:35:30,1328.7900,7,1
2026-01-28,600519,14:35:33,1328.9600,60,1
2026-01-28,600519,14:35:36,1328.9600,3,2
2026-01-28,600519,14:35:39,1328.8800,1,2
2026-01-28,600519,14:35:45,1329.2700,22,1
2026-01-28,600519,14:35:48,1329.1801,3,1
2026-01-28,600519,14:35:51,1329.3400,31,1
2026-01-28,600519,14:35:54,1329.4700,2,1
2026-01-28,600519,14:35:57,1329.4700,7,2
2026-01-28,600519,14:36:00,1329.3400,25,2
2026-01-28,600519,14:36:03,1328.9600,12,2
2026-01-28,600519,14:36:06,1328.8000,6,2
2026-01-28,600519,14:36:09,1328.7800,14,2
2026-01-28,600519,14:36:12,1328.0500,50,2
2026-01-28,600519,14:36:15,1327.5000,145,2
2026-01-28,600519,14:36:18,1327.1801,30,2
2026-01-28,600519,14:36:21,1327.0000,77,2
2026-01-28,600519,14:36:24,1326.7000,43,2
2026-01-28,600519,14:36:27,1326.9700,37,1
2026-01-28,600519,14:36:30,1326.5500,28,2
2026-01-28,600519,14:36:33,1326.6200,6,2
2026-01-28,600519,14:36:36,1326.5000,25,2
2026-01-28,600519,14:36:39,1326.2900,27,2
2026-01-28,600519,14:36:42,1326.1600,20,2
2026-01-28,600519,14:36:45,1326.0100,26,2
2026-01-28,600519,14:36:48,1326.1000,47,1
2026-01-28,600519,14:36:51,1326.0000,21,2
2026-01-28,600519,14:36:54,1326.0000,22,2
2026-01-28,600519,14:36:57,1326.0100,29,2
2026-01-28,600519,14:37:00,1325.8800,17,2
2026-01-28,600519,14:37:03,1326.1000,24,1
2026-01-28,600519,14:37:06,1326.0000,21,1
2026-01-28,600519,14:37:09,1326.0000,14,1
2026-01-28,600519,14:37:12,1326.0000,22,2
2026-01-28,600519,14:37:15,1326.0000,28,2
2026-01-28,600519,14:37:18,1325.5300,13,2
2026-01-28,600519,14:37:21,1325.4000,24,2
2026-01-28,600519,14:37:24,1325.1801,22,2
2026-01-28,600519,14:37:27,1325.1899,11,2
2026-01-28,600519,14:37:30,1325.1801,15,2
2026-01-28,600519,14:37:33,1325.0300,49,2
2026-01-28,600519,14:37:36,1325.1500,12,2
2026-01-28,600519,14:37:39,1325.0100,22,2
2026-01-28,600519,14:37:42,1325.5400,67,1
2026-01-28,600519,14:37:45,1325.7400,11,1
2026-01-28,600519,14:37:48,1325.5400,3,2
2026-01-28,600519,14:37:51,1325.1500,36,2
2026-01-28,600519,14:37:54,1325.1000,22,2
2026-01-28,600519,14:37:57,1325.1000,22,1
2026-01-28,600519,14:38:00,1325.1500,18,2
2026-01-28,600519,14:38:03,1325.1100,13,2
2026-01-28,600519,14:38:06,1325.1000,22,2
2026-01-28,600519,14:38:09,1325.1000,23,2
2026-01-28,600519,14:38:12,1325.1801,19,1
2026-01-28,600519,14:38:15,1325.1000,23,2
2026-01-28,600519,14:38:18,1325.1500,10,1
2026-01-28,600519,14:38:21,1325.4100,11,1
2026-01-28,600519,14:38:24,1325.1000,7,2
2026-01-28,600519,14:38:27,1325.1000,18,2
2026-01-28,600519,14:38:30,1325.3900,19,1
2026-01-28,600519,14:38:33,1325.1100,23,2
2026-01-28,600519,14:38:36,1325.1100,16,2
2026-01-28,600519,14:38:39,1325.0200,35,2
2026-01-28,600519,14:38:42,1325.0200,12,2
2026-01-28,600519,14:38:45,1325.0200,22,2
2026-01-28,600519,14:38:48,1325.0601,20,1
2026-01-28,600519,14:38:51,1325.1000,41,1
2026-01-28,600519,14:38:54,1325.0800,132,1
2026-01-28,600519,14:38:57,1325.0100,12,2
2026-01-28,600519,14:39:00,1325.0100,17,2
2026-01-28,600519,14:39:03,1325.0100,19,2
2026-01-28,600519,14:39:06,1325.0100,36,1
2026-01-28,600519,14:39:09,1325.0400,28,1
2026-01-28,600519,14:39:12,1325.1200,28,1
2026-01-28,600519,14:39:15,1325.0500,19,2
2026-01-28,600519,14:39:18,1325.0500,12,2
2026-01-28,600519,14:39:21,1325.1400,7,1
2026-01-28,600519,14:39:24,1325.1200,13,1
2026-01-28,600519,14:39:27,1325.0500,11,2
2026-01-28,600519,14:39:30,1325.1200,4,1
2026-01-28,600519,14:39:33,1325.0800,7,2
2026-01-28,600519,14:39:36,1325.1600,27,1
2026-01-28,600519,14:39:39,1325.1100,5,2
2026-01-28,600519,14:39:42,1325.1600,2,1
2026-01-28,600519,14:39:45,1325.1400,9,2
2026-01-28,600519,14:39:48,1325.1801,15,1
2026-01-28,600519,14:39:51,1325.1100,14,2
2026-01-28,600519,14:39:54,1325.0800,28,2
2026-01-28,600519,14:39:57,1325.0200,32,2
2026-01-28,600519,14:40:00,1325.0601,16,1
2026-01-28,600519,14:40:03,1325.0601,32,1
2026-01-28,600519,14:40:06,1325.0601,10,1
2026-01-28,600519,14:40:09,1325.1000,15,1
2026-01-28,600519,14:40:12,1325.1000,15,1
2026-01-28,600519,14:40:15,1325.0900,29,2
2026-01-28,600519,14:40:18,1325.0601,12,2
2026-01-28,600519,14:40:21,1325.0500,22,2
2026-01-28,600519,14:40:24,1325.0601,11,2
2026-01-28,600519,14:40:27,1325.0699,13,2
2026-01-28,600519,14:40:30,1325.0100,40,2
2026-01-28,600519,14:40:33,1325.0900,15,1
2026-01-28,600519,14:40:36,1325.0200,55,2
2026-01-28,600519,14:40:39,1325.0000,37,2
2026-01-28,600519,14:40:42,1325.0000,32,2
2026-01-28,600519,14:40:45,1325.0000,26,2
2026-01-28,600519,14:40:48,1325.1000,21,1
2026-01-28,600519,14:40:51,1325.0100,4,2
2026-01-28,600519,14:40:54,1325.0900,9,1
2026-01-28,600519,14:40:57,1325.0900,12,1
2026-01-28,600519,14:41:00,1325.0900,14,1
2026-01-28,600519,14:41:03,1325.0900,12,1
2026-01-28,600519,14:41:06,1325.0601,28,2
2026-01-28,600519,14:41:09,1325.0699,19,2
2026-01-28,600519,14:41:12,1325.0200,14,2
2026-01-28,600519,14:41:15,1325.0601,19,1
2026-01-28,600519,14:41:18,1325.0200,27,2
2026-01-28,600519,14:41:21,1325.0000,23,2
2026-01-28,600519,14:41:24,1325.0000,11,2
2026-01-28,600519,14:41:27,1325.0100,43,2
2026-01-28,600519,14:41:30,1325.0000,16,2
2026-01-28,600519,14:41:33,1325.0100,23,2
2026-01-28,600519,14:41:36,1325.0000,25,2
2026-01-28,600519,14:41:39,1325.0000,21,2
2026-01-28,600519,14:41:42,1325.0100,18,4
2026-01-28,600519,14:41:45,1325.0000,40,2
2026-01-28,600519,14:41:48,1325.0000,33,2
2026-01-28,600519,14:41:51,1325.0000,34,2
2026-01-28,600519,14:41:54,1325.0000,26,2
2026-01-28,600519,14:41:57,1325.0100,39,1
2026-01-28,600519,14:42:00,1325.0200,24,1
2026-01-28,600519,14:42:03,1325.0100,12,4
2026-01-28,600519,14:42:06,1325.0100,13,2
2026-01-28,600519,14:42:09,1324.7200,297,2
2026-01-28,600519,14:42:12,1324.6700,25,2
2026-01-28,600519,14:42:15,1324.6500,16,2
2026-01-28,600519,14:42:18,1324.7300,11,1
2026-01-28,600519,14:42:21,1324.5800,31,2
2026-01-28,600519,14:42:24,1324.5100,40,2
2026-01-28,600519,14:42:27,1324.5000,39,2
2026-01-28,600519,14:42:30,1324.5000,24,2
2026-01-28,600519,14:42:33,1324.5000,25,2
2026-01-28,600519,14:42:36,1324.5601,39,1
2026-01-28,600519,14:42:39,1324.4900,19,2
2026-01-28,600519,14:42:42,1324.4900,48,2
2026-01-28,600519,14:42:45,1324.4000,52,2
2026-01-28,600519,14:42:48,1324.3800,46,2
2026-01-28,600519,14:42:51,1324.3400,41,2
2026-01-28,600519,14:42:54,1324.3800,35,1
2026-01-28,600519,14:42:57,1324.3000,33,2
2026-01-28,600519,14:43:00,1324.2400,38,2
2026-01-28,600519,14:43:03,1324.2000,42,2
2026-01-28,600519,14:43:06,1324.0300,29,2
2026-01-28,600519,14:43:09,1324.0100,37,2
2026-01-28,600519,14:43:12,1324.0000,38,2
2026-01-28,600519,14:43:15,1324.0100,40,1
2026-01-28,600519,14:43:18,1324.0100,46,1
2026-01-28,600519,14:43:21,1324.0100,80,1
2026-01-28,600519,14:43:24,1324.0100,43,2
2026-01-28,600519,14:43:27,1324.0100,45,2
2026-01-28,600519,14:43:30,1324.0100,37,2
2026-01-28,600519,14:43:33,1324.0400,15,1
2026-01-28,600519,14:43:36,1324.0100,39,2
2026-01-28,600519,14:43:39,1324.0000,32,2
2026-01-28,600519,14:43:42,1324.0000,48,2
2026-01-28,600519,14:43:45,1324.0100,39,2
2026-01-28,600519,14:43:48,1324.0000,57,2
2026-01-28,600519,14:43:51,1324.0000,50,2
2026-01-28,600519,14:43:54,1324.0100,33,4
2026-01-28,600519,14:43:57,1324.0100,43,2
2026-01-28,600519,14:44:00,1324.0200,45,1
2026-01-28,600519,14:44:03,1324.0000,41,2
2026-01-28,600519,14:44:06,1324.0000,25,2
2026-01-28,600519,14:44:09,1324.0000,30,2
2026-01-28,600519,14:44:12,1324.0100,23,2
2026-01-28,600519,14:44:15,1324.0100,12,2
2026-01-28,600519,14:44:18,1324.0300,29,1
2026-01-28,600519,14:44:21,1324.0300,16,2
2026-01-28,600519,14:44:24,1324.0100,30,2
2026-01-28,600519,14:44:27,1324.0400,42,1
2026-01-28,600519,14:44:30,1324.0400,37,1
2026-01-28,600519,14:44:33,1324.0400,26,2
2026-01-28,600519,14:44:36,1324.0400,26,2
2026-01-28,600519,14:44:39,1324.0100,22,2
2026-01-28,600519,14:44:42,1324.0100,27,2
2026-01-28,600519,14:44:45,1324.0100,42,1
2026-01-28,600519,14:44:48,1324.0200,18,1
2026-01-28,600519,14:44:51,1324.0200,32,1
2026-01-28,600519,14:44:54,1324.0200,31,2
2026-01-28,600519,14:44:57,1324.0200,31,2
2026-01-28,600519,14:45:00,1324.0100,16,2
2026-01-28,600519,14:45:03,1324.0100,38,2
2026-01-28,600519,14:45:06,1324.0100,27,2
2026-01-28,600519,14:45:09,1324.0200,21,2
2026-01-28,600519,14:45:12,1324.0100,25,2
2026-01-28,600519,14:45:15,1324.0400,24,1
2026-01-28,600519,14:45:18,1324.0000,41,2
2026-01-28,600519,14:45:21,1324.0400,29,1
2026-01-28,600519,14:45:24,1324.0400,31,1
2026-01-28,600519,14:45:27,1324.0400,20,1
2026-01-28,600519,14:45:30,1324.0800,32,1
2026-01-28,600519,14:45:33,1324.0200,24,2
2026-01-28,600519,14:45:36,1324.0800,24,2
2026-01-28,600519,14:45:39,1324.0601,15,2
2026-01-28,600519,14:45:42,1324.0900,29,1
2026-01-28,600519,14:45:45,1324.2300,31,1
2026-01-28,600519,14:45:48,1324.2700,30,1
2026-01-28,600519,14:45:51,1324.0900,35,2
2026-01-28,600519,14:45:54,1324.0200,80,2
2026-01-28,600519,14:45:57,1324.0400,51,1
2026-01-28,600519,14:46:00,1324.0100,23,2
2026-01-28,600519,14:46:03,1324.1000,64,1
2026-01-28,600519,14:46:06,1324.0100,28,2
2026-01-28,600519,14:46:09,1324.0300,35,1
2026-01-28,600519,14:46:12,1324.0000,42,2
2026-01-28,600519,14:46:15,1324.0500,30,1
2026-01-28,600519,14:46:18,1324.0500,45,2
2026-01-28,600519,14:46:21,1324.0300,26,2
2026-01-28,600519,14:46:24,1324.0300,53,2
2026-01-28,600519,14:46:27,1324.0000,26,2
2026-01-28,600519,14:46:30,1324.0100,59,1
2026-01-28,600519,14:46:33,1324.0000,47,2
2026-01-28,600519,14:46:36,1323.9600,163,2
2026-01-28,600519,14:46:39,1323.8000,64,2
2026-01-28,600519,14:46:42,1323.6000,34,2
2026-01-28,600519,14:46:45,1323.5000,44,2
2026-01-28,600519,14:46:48,1323.3600,27,2
2026-01-28,600519,14:46:51,1323.2800,22,2
2026-01-28,600519,14:46:54,1323.3000,34,1
2026-01-28,600519,14:46:57,1323.2900,37,2
2026-01-28,600519,14:47:00,1323.0100,37,2
2026-01-28,600519,14:47:03,1323.0699,34,2
2026-01-28,600519,14:47:06,1323.1500,38,1
2026-01-28,600519,14:47:09,1323.2900,40,1
2026-01-28,600519,14:47:12,1323.2800,45,2
2026-01-28,600519,14:47:15,1323.2900,15,1
2026-01-28,600519,14:47:18,1323.1801,19,2
2026-01-28,600519,14:47:21,1323.1899,32,1
2026-01-28,600519,14:47:24,1323.0000,23,2
2026-01-28,600519,14:47:27,1323.0000,60,2
2026-01-28,600519,14:47:30,1323.0000,61,2
2026-01-28,600519,14:47:33,1323.0000,45,2
2026-01-28,600519,14:47:36,1323.0000,47,2
2026-01-28,600519,14:47:39,1323.0000,50,2
2026-01-28,600519,14:47:42,1323.0000,52,2
2026-01-28,600519,14:47:45,1323.0000,26,2
2026-01-28,600519,14:47:48,1323.0100,41,1
2026-01-28,600519,14:47:51,1323.0100,42,2
2026-01-28,600519,14:47:54,1323.0000,54,2
2026-01-28,600519,14:47:57,1323.0000,28,2
2026-01-28,600519,14:48:00,1323.0200,30,1
2026-01-28,600519,14:48:03,1323.0100,26,4
2026-01-28,600519,14:48:06,1323.0000,38,2
2026-01-28,600519,14:48:09,1322.6600,40,2
2026-01-28,600519,14:48:12,1322.6600,48,2
2026-01-28,600519,14:48:15,1322.3600,30,2
2026-01-28,600519,14:48:18,1322.3600,19,2
2026-01-28,600519,14:48:21,1322.2200,45,2
2026-01-28,600519,14:48:24,1322.3000,22,1
2026-01-28,600519,14:48:27,1322.1300,24,2
2026-01-28,600519,14:48:30,1322.1300,31,1
2026-01-28,600519,14:48:33,1322.0500,40,2
2026-01-28,600519,14:48:36,1322.0100,14,2
2026-01-28,600519,14:48:39,1322.0100,39,2
2026-01-28,600519,14:48:42,1322.3101,28,1
2026-01-28,600519,14:48:45,1322.2200,35,2
2026-01-28,600519,14:48:48,1322.5000,15,1
2026-01-28,600519,14:48:51,1322.8700,18,1
2026-01-28,600519,14:48:54,1322.5000,9,2
2026-01-28,600519,14:48:57,1322.5000,23,2
2026-01-28,600519,14:49:00,1322.5100,26,2
2026-01-28,600519,14:49:03,1322.7300,31,1
2026-01-28,600519,14:49:06,1322.6500,14,1
2026-01-28,600519,14:49:09,1322.5100,22,2
2026-01-28,600519,14:49:12,1322.5500,28,2
2026-01-28,600519,14:49:15,1322.5000,36,2
2026-01-28,600519,14:49:18,1322.5100,16,1
2026-01-28,600519,14:49:21,1322.5500,14,2
2026-01-28,600519,14:49:24,1322.5300,18,2
2026-01-28,600519,14:49:27,1322.5100,24,1
2026-01-28,600519,14:49:30,1322.5100,27,1
2026-01-28,600519,14:49:33,1322.5100,52,2
2026-01-28,600519,14:49:36,1322.1000,47,2
2026-01-28,600519,14:49:39,1322.2200,16,1
2026-01-28,600519,14:49:42,1322.1500,16,2
2026-01-28,600519,14:49:45,1322.6200,66,1
2026-01-28,600519,14:49:48,1322.6500,22,1
2026-01-28,600519,14:49:51,1322.6200,18,2
2026-01-28,600519,14:49:54,1322.6200,25,2
2026-01-28,600519,14:49:57,1322.6200,23,1
2026-01-28,600519,14:50:00,1322.4000,33,2
2026-01-28,600519,14:50:03,1322.4000,23,2
2026-01-28,600519,14:50:06,1322.3400,16,2
2026-01-28,600519,14:50:09,1322.2200,29,2
2026-01-28,600519,14:50:12,1322.5800,18,1
2026-01-28,600519,14:50:15,1322.3900,23,2
2026-01-28,600519,14:50:18,1322.3800,19,2
2026-01-28,600519,14:50:21,1322.3800,25,2
2026-01-28,600519,14:50:24,1322.3400,20,2
2026-01-28,600519,14:50:27,1322.4000,34,1
2026-01-28,600519,14:50:30,1322.2300,36,2
2026-01-28,600519,14:50:33,1322.2000,20,2
2026-01-28,600519,14:50:36,1322.3199,19,1
2026-01-28,600519,14:50:39,1322.3199,35,1
2026-01-28,600519,14:50:42,1322.2300,26,2
2026-01-28,600519,14:50:45,1322.2900,30,1
2026-01-28,600519,14:50:48,1322.1700,21,2
2026-01-28,600519,14:50:51,1322.3199,8,1
2026-01-28,600519,14:50:54,1322.1700,25,2
2026-01-28,600519,14:50:57,1322.2000,30,1
2026-01-28,600519,14:51:00,1322.1500,35,2
2026-01-28,600519,14:51:03,1322.1899,47,1
2026-01-28,600519,14:51:06,1322.1700,22,2
2026-01-28,600519,14:51:09,1322.3700,26,1
2026-01-28,600519,14:51:12,1322.2200,22,2
2026-01-28,600519,14:51:15,1322.2000,40,2
2026-01-28,600519,14:51:18,1322.1801,32,2
2026-01-28,600519,14:51:21,1322.1500,22,2
2026-01-28,600519,14:51:24,1322.1100,19,2
2026-01-28,600519,14:51:27,1322.1000,29,2
2026-01-28,600519,14:51:30,1322.1000,42,2
2026-01-28,600519,14:51:33,1322.1100,21,2
2026-01-28,600519,14:51:36,1322.1100,17,2
2026-01-28,600519,14:51:39,1322.1000,70,2
2026-01-28,600519,14:51:42,1322.1100,27,1
2026-01-28,600519,14:51:45,1322.1100,40,2
2026-01-28,600519,14:51:48,1322.1200,16,2
2026-01-28,600519,14:51:51,1322.1100,40,2
2026-01-28,600519,14:51:54,1322.2200,32,1
2026-01-28,600519,14:51:57,1322.1500,28,2
2026-01-28,600519,14:52:00,1322.3700,44,1
2026-01-28,600519,14:52:03,1322.1801,27,2
2026-01-28,600519,14:52:06,1322.3800,19,2
2026-01-28,600519,14:52:09,1322.1100,107,2
2026-01-28,600519,14:52:12,1322.1100,16,2
2026-01-28,600519,14:52:15,1322.3900,26,1
2026-01-28,600519,14:52:18,1322.6100,16,1
2026-01-28,600519,14:52:21,1322.6000,6,1
2026-01-28,600519,14:52:24,1322.6000,27,1
2026-01-28,600519,14:52:27,1322.2200,20,2
2026-01-28,600519,14:52:30,1323.0000,24,1
2026-01-28,600519,14:52:33,1323.0000,13,1
2026-01-28,600519,14:52:36,1323.2300,18,1
2026-01-28,600519,14:52:39,1323.5000,13,1
2026-01-28,600519,14:52:42,1323.0100,14,2
2026-01-28,600519,14:52:45,1323.9800,26,1
2026-01-28,600519,14:52:48,1323.9700,17,1
2026-01-28,600519,14:52:51,1323.0300,17,2
2026-01-28,600519,14:52:54,1323.9800,17,1
2026-01-28,600519,14:52:57,1323.9900,14,1
2026-01-28,600519,14:53:00,1324.0000,35,1
2026-01-28,600519,14:53:03,1324.0000,21,1
2026-01-28,600519,14:53:06,1324.0100,22,1
2026-01-28,600519,14:53:09,1324.0000,7,2
2026-01-28,600519,14:53:12,1324.0200,21,1
2026-01-28,600519,14:53:15,1324.0100,7,2
2026-01-28,600519,14:53:18,1324.2700,23,1
2026-01-28,600519,14:53:21,1324.0400,6,2
2026-01-28,600519,14:53:24,1324.0300,13,2
2026-01-28,600519,14:53:27,1324.0300,19,2
2026-01-28,600519,14:53:30,1324.1500,12,1
2026-01-28,600519,14:53:33,1324.1200,17,2
2026-01-28,600519,14:53:36,1324.1500,10,2
2026-01-28,600519,14:53:39,1324.1200,11,2
2026-01-28,600519,14:53:42,1324.2900,12,1
2026-01-28,600519,14:53:45,1324.1300,10,2
2026-01-28,600519,14:53:48,1324.1300,43,2
2026-01-28,600519,14:53:51,1324.1400,18,2
2026-01-28,600519,14:53:54,1324.1000,34,2
2026-01-28,600519,14:53:57,1324.0500,117,2
2026-01-28,600519,14:54:00,1323.4500,16,2
2026-01-28,600519,14:54:03,1323.9700,27,1
2026-01-28,600519,14:54:06,1323.0100,13,2
2026-01-28,600519,14:54:09,1323.4500,16,2
2026-01-28,600519,14:54:12,1324.0000,31,1
2026-01-28,600519,14:54:15,1323.1100,13,2
2026-01-28,600519,14:54:18,1323.0000,12,2
2026-01-28,600519,14:54:21,1324.0000,21,1
2026-01-28,600519,14:54:24,1323.4500,23,2
2026-01-28,600519,14:54:27,1324.0000,18,1
2026-01-28,600519,14:54:30,1324.0400,25,1
2026-01-28,600519,14:54:33,1323.0100,11,2
2026-01-28,600519,14:54:36,1323.0100,17,2
2026-01-28,600519,14:54:39,1323.9900,28,1
2026-01-28,600519,14:54:42,1323.0100,18,2
2026-01-28,600519,14:54:45,1323.0100,18,1
2026-01-28,600519,14:54:48,1323.9900,13,1
2026-01-28,600519,14:54:51,1323.9900,17,1
2026-01-28,600519,14:54:54,1323.9600,15,1
2026-01-28,600519,14:54:57,1323.0200,16,2
2026-01-28,600519,14:55:00,1323.4600,27,2
2026-01-28,600519,14:55:03,1323.8800,12,1
2026-01-28,600519,14:55:06,1323.0300,15,2
2026-01-28,600519,14:55:09,1323.1100,25,1
2026-01-28,600519,14:55:12,1323.0900,20,2
2026-01-28,600519,14:55:15,1323.8600,28,1
2026-01-28,600519,14:55:18,1323.7800,31,1
2026-01-28,600519,14:55:21,1323.0100,29,2
2026-01-28,600519,14:55:24,1323.1000,28,2
2026-01-28,600519,14:55:27,1323.7500,15,1
2026-01-28,600519,14:55:30,1323.1100,33,1
2026-01-28,600519,14:55:33,1323.1300,15,2
2026-01-28,600519,14:55:36,1323.1200,18,2
2026-01-28,600519,14:55:39,1323.1600,17,1
2026-01-28,600519,14:55:42,1323.1000,14,2
2026-01-28,600519,14:55:45,1323.0601,18,2
2026-01-28,600519,14:55:48,1323.0100,30,2
2026-01-28,600519,14:55:51,1323.0100,18,2
2026-01-28,600519,14:55:54,1323.1200,22,1
2026-01-28,600519,14:55:57,1323.0200,10,2
2026-01-28,600519,14:56:00,1323.1500,18,1
2026-01-28,600519,14:56:03,1323.1500,18,1
2026-01-28,600519,14:56:06,1323.5200,17,1
2026-01-28,600519,14:56:09,1323.5300,8,1
2026-01-28,600519,14:56:12,1323.0601,24,2
2026-01-28,600519,14:56:15,1323.5000,11,1
2026-01-28,600519,14:56:18,1323.5300,10,1
2026-01-28,600519,14:56:21,1323.0200,31,2
2026-01-28,600519,14:56:24,1323.1700,14,1
2026-01-28,600519,14:56:27,1323.5400,13,1
2026-01-28,600519,14:56:30,1323.5500,17,1
2026-01-28,600519,14:56:33,1323.6400,4,1
2026-01-28,600519,14:56:36,1323.6500,14,1
2026-01-28,600519,14:56:39,1323.6500,13,1
2026-01-28,600519,14:56:42,1323.6500,25,1
2026-01-28,600519,14:56:45,1323.6500,15,2
2026-01-28,600519,14:56:48,1323.6899,11,1
2026-01-28,600519,14:56:51,1323.6899,2,2
2026-01-28,600519,14:56:54,1323.6600,17,2
2026-01-28,600519,14:56:57,1323.6899,20,1
2026-01-28,600519,14:57:00,1323.7700,7,2
2026-01-28,600519,15:00:03,1323.6899,660,4
2026-01-28,600519,13:14:03,1327.0000,97,2
2026-01-28,600519,13:14:06,1327.0000,53,2
2026-01-28,600519,13:14:09,1326.8800,23,2
2026-01-28,600519,13:14:12,1326.8600,11,2
2026-01-28,600519,13:14:15,1326.7900,19,2
2026-01-28,600519,13:14:18,1326.7000,15,2
2026-01-28,600519,13:14:21,1326.7000,17,1
2026-01-28,600519,13:14:24,1326.4200,24,2
2026-01-28,600519,13:14:27,1326.3600,16,2
2026-01-28,600519,13:14:30,1326.2600,13,2
2026-01-28,600519,13:14:33,1326.1899,17,2
2026-01-28,600519,13:14:36,1326.1600,12,2
2026-01-28,600519,13:14:39,1326.0800,30,2
2026-01-28,600519,13:14:42,1326.0800,15,2
2026-01-28,600519,13:14:45,1326.0800,15,2
2026-01-28,600519,13:14:48,1326.0400,36,2
2026-01-28,600519,13:14:51,1326.0300,23,2
2026-01-28,600519,13:14:54,1326.0300,30,2
2026-01-28,600519,13:14:57,1326.0400,46,1
2026-01-28,600519,13:15:00,1326.0300,50,1
2026-01-28,600519,13:15:03,1326.0200,11,2
2026-01-28,600519,13:15:06,1326.0200,13,2
2026-01-28,600519,13:15:09,1326.0200,25,2
2026-01-28,600519,13:15:12,1326.0100,29,2
2026-01-28,600519,13:15:15,1326.0100,33,2
2026-01-28,600519,13:15:18,1326.0200,28,1
2026-01-28,600519,13:15:21,1326.0100,22,2
2026-01-28,600519,13:15:24,1326.0100,14,2
2026-01-28,600519,13:15:27,1326.0000,33,2
2026-01-28,600519,13:15:30,1326.0200,37,1
2026-01-28,600519,13:15:33,1326.0000,16,2
2026-01-28,600519,13:15:36,1326.0200,21,1
2026-01-28,600519,13:15:39,1326.0100,32,4
2026-01-28,600519,13:15:42,1326.0100,25,2
2026-01-28,600519,13:15:45,1326.0000,14,2
2026-01-28,600519,13:15:48,1326.0000,27,2
2026-01-28,600519,13:15:51,1326.0000,15,2
2026-01-28,600519,13:15:54,1326.0000,20,2
2026-01-28,600519,13:15:57,1326.0100,21,1
2026-01-28,600519,13:16:00,1326.0100,8,1
2026-01-28,600519,13:16:03,1325.9200,303,2
2026-01-28,600519,13:16:06,1325.9200,45,2
2026-01-28,600519,13:16:09,1325.8500,33,2
2026-01-28,600519,13:16:12,1325.9000,9,1
2026-01-28,600519,13:16:15,1325.8000,14,2
2026-01-28,600519,13:16:18,1325.7700,9,2
2026-01-28,600519,13:16:21,1325.7700,6,1
2026-01-28,600519,13:16:24,1325.7200,19,2
2026-01-28,600519,13:16:27,1325.7000,20,2
2026-01-28,600519,13:16:30,1325.5500,10,2
2026-01-28,600519,13:16:33,1325.5000,13,2
2026-01-28,600519,13:16:36,1325.5000,25,2
2026-01-28,600519,13:16:39,1325.4000,24,2
2026-01-28,600519,13:16:42,1325.4100,41,1
2026-01-28,600519,13:16:45,1325.3800,44,2
2026-01-28,600519,13:16:48,1325.4800,19,1
2026-01-28,600519,13:16:51,1325.6300,30,1
2026-01-28,600519,13:16:54,1325.6500,22,1
2026-01-28,600519,13:16:57,1325.6200,15,2
2026-01-28,600519,13:17:00,1325.6100,10,1
2026-01-28,600519,13:17:03,1325.5000,12,2
2026-01-28,600519,13:17:06,1325.5200,32,1
2026-01-28,600519,13:17:09,1325.5200,13,1
2026-01-28,600519,13:17:12,1325.4100,9,2
2026-01-28,600519,13:17:15,1325.6000,18,1
2026-01-28,600519,13:17:18,1325.5300,17,2
2026-01-28,600519,13:17:21,1325.4000,28,2
2026-01-28,600519,13:17:24,1325.4399,31,1
2026-01-28,600519,13:17:27,1325.4100,19,2
2026-01-28,600519,13:17:30,1325.4500,16,1
2026-01-28,600519,13:17:33,1325.4399,7,2
2026-01-28,600519,13:17:36,1325.4399,13,1
2026-01-28,600519,13:17:39,1325.4200,7,2
2026-01-28,600519,13:17:42,1325.4500,22,2
2026-01-28,600519,13:17:45,1325.4399,11,2
2026-01-28,600519,13:17:48,1325.4000,20,2
2026-01-28,600519,13:17:51,1325.4399,17,2
2026-01-28,600519,13:17:54,1325.3900,13,2
2026-01-28,600519,13:17:57,1325.3900,9,2
2026-01-28,600519,13:18:00,1325.3800,32,2
2026-01-28,600519,13:18:03,1325.3800,20,4
2026-01-28,600519,13:18:06,1325.3900,20,4
2026-01-28,600519,13:18:09,1325.3600,13,2
2026-01-28,600519,13:18:12,1325.4100,26,1
2026-01-28,600519,13:18:15,1325.4399,8,1
2026-01-28,600519,13:18:18,1325.4301,29,1
2026-01-28,600519,13:18:21,1325.4399,15,1
2026-01-28,600519,13:18:24,1325.4301,26,2
2026-01-28,600519,13:18:27,1325.3600,27,2
2026-01-28,600519,13:18:30,1325.4399,4,4
2026-01-28,600519,13:18:33,1325.5000,30,1
2026-01-28,600519,13:18:36,1325.5200,13,1
2026-01-28,600519,13:18:39,1325.5300,8,1
2026-01-28,600519,13:18:42,1325.6801,13,1
2026-01-28,600519,13:18:45,1325.9301,16,1
2026-01-28,600519,13:18:48,1325.9301,14,1
2026-01-28,600519,13:18:51,1325.7300,4,2
2026-01-28,600519,13:18:57,1325.8900,24,2
2026-01-28,600519,13:19:00,1325.5300,20,2
2026-01-28,600519,13:19:03,1325.5000,22,2
2026-01-28,600519,13:19:06,1325.5100,49,4
2026-01-28,600519,13:19:09,1325.9100,18,1
2026-01-28,600519,13:19:12,1325.8101,26,2
2026-01-28,600519,13:19:15,1325.9900,4,1
2026-01-28,600519,13:19:18,1325.6000,9,2
2026-01-28,600519,13:19:21,1326.0000,10,1
2026-01-28,600519,13:19:24,1326.0000,13,1
2026-01-28,600519,13:19:27,1325.9700,16,2
2026-01-28,600519,13:19:30,1325.5400,12,2
2026-01-28,600519,13:19:33,1325.6500,21,2
2026-01-28,600519,13:19:36,1325.5100,14,2
2026-01-28,600519,13:19:39,1326.0000,1,1
2026-01-28,600519,13:19:42,1325.9000,16,2
2026-01-28,600519,13:19:45,1325.9301,13,2
2026-01-28,600519,13:19:48,1325.8700,20,2
2026-01-28,600519,13:19:51,1325.9900,31,1
2026-01-28,600519,13:19:54,1325.9399,13,1
2026-01-28,600519,13:19:57,1325.8800,16,1
2026-01-28,600519,13:20:00,1325.9500,8,1
2026-01-28,600519,13:20:03,1325.9399,23,1
2026-01-28,600519,13:20:06,1325.5100,20,2
2026-01-28,600519,13:20:09,1325.6000,7,2
2026-01-28,600519,13:20:12,1325.9500,32,1
2026-01-28,600519,13:20:15,1325.9399,9,4
2026-01-28,600519,13:20:18,1325.9500,4,1
2026-01-28,600519,13:20:21,1325.9500,11,1
2026-01-28,600519,13:20:24,1325.9500,24,1
2026-01-28,600519,13:20:27,1325.9500,21,1
2026-01-28,600519,13:20:30,1325.9200,21,1
2026-01-28,600519,13:20:33,1325.9200,16,1
2026-01-28,600519,13:20:36,1325.8900,4,2
2026-01-28,600519,13:20:39,1325.7800,22,1
2026-01-28,600519,13:20:42,1325.7200,25,1
2026-01-28,600519,13:20:45,1325.5100,9,2
2026-01-28,600519,13:20:48,1325.5000,11,2
2026-01-28,600519,13:20:51,1325.4800,23,2
2026-01-28,600519,13:20:54,1325.4800,11,2
2026-01-28,600519,13:20:57,1325.4200,87,2
2026-01-28,600519,13:21:00,1325.3900,24,2
2026-01-28,600519,13:21:03,1325.3600,27,2
2026-01-28,600519,13:21:06,1325.3500,58,2
2026-01-28,600519,13:21:09,1325.3700,24,1
2026-01-28,600519,13:21:12,1325.3900,13,1
2026-01-28,600519,13:21:15,1325.3900,19,1
2026-01-28,600519,13:21:18,1325.3900,13,1
2026-01-28,600519,13:21:21,1325.3800,55,4
2026-01-28,600519,13:21:24,1325.3300,26,2
2026-01-28,600519,13:21:27,1325.3300,19,2
2026-01-28,600519,13:21:30,1325.3300,21,2
2026-01-28,600519,13:21:33,1325.3400,32,1
2026-01-28,600519,13:21:36,1325.3101,42,2
2026-01-28,600519,13:21:39,1325.3199,9,1
2026-01-28,600519,13:21:42,1325.3199,18,1
2026-01-28,600519,13:21:45,1325.2800,35,2
2026-01-28,600519,13:21:48,1325.3000,18,4
2026-01-28,600519,13:21:51,1325.2900,25,1
2026-01-28,600519,13:21:54,1325.2500,11,2
2026-01-28,600519,13:21:57,1325.2700,33,1
2026-01-28,600519,13:22:00,1325.2600,10,4
2026-01-28,600519,13:22:03,1325.2500,44,2
2026-01-28,600519,13:22:06,1325.2800,16,1
2026-01-28,600519,13:22:09,1325.2700,12,2
2026-01-28,600519,13:22:12,1325.2800,17,1
2026-01-28,600519,13:22:15,1325.2700,36,2
2026-01-28,600519,13:22:18,1325.2700,25,2
2026-01-28,600519,13:22:21,1325.2500,30,2
2026-01-28,600519,13:22:24,1325.2500,21,2
2026-01-28,600519,13:22:27,1325.2900,51,1
2026-01-28,600519,13:22:30,1325.2900,6,1
2026-01-28,600519,13:22:33,1325.2800,11,2
2026-01-28,600519,13:22:36,1325.2900,9,2
2026-01-28,600519,13:22:39,1325.2900,6,2
2026-01-28,600519,13:22:42,1325.3101,20,1
2026-01-28,600519,13:22:45,1325.2900,12,2
2026-01-28,600519,13:22:48,1325.2700,32,2
2026-01-28,600519,13:22:51,1325.2500,10,2
2026-01-28,600519,13:22:54,1325.2800,33,1
2026-01-28,600519,13:22:57,1325.2100,22,2
2026-01-28,600519,13:23:00,1325.2100,23,2
2026-01-28,600519,13:23:03,1325.2000,12,2
2026-01-28,600519,13:23:06,1325.2400,13,1
2026-01-28,600519,13:23:09,1325.2000,18,2
2026-01-28,600519,13:23:12,1325.2000,48,2
2026-01-28,600519,13:23:15,1325.2000,40,2
2026-01-28,600519,13:23:18,1325.1600,75,2
2026-01-28,600519,13:23:21,1325.1300,33,2
2026-01-28,600519,13:23:24,1325.1801,41,1
2026-01-28,600519,13:23:27,1325.2000,38,1
2026-01-28,600519,13:23:30,1325.2000,7,1
2026-01-28,600519,13:23:33,1325.2000,15,1
2026-01-28,600519,13:23:36,1325.1899,1,4
2026-01-28,600519,13:23:39,1325.1600,18,2
2026-01-28,600519,13:23:42,1325.1300,17,2
2026-01-28,600519,13:23:45,1325.1200,11,2
2026-01-28,600519,13:23:48,1325.1000,47,2
2026-01-28,600519,13:23:51,1325.1000,27,2
2026-01-28,600519,13:23:54,1325.1000,37,2
2026-01-28,600519,13:23:57,1325.1200,30,1
2026-01-28,600519,13:24:00,1325.1000,13,4
2026-01-28,600519,13:24:03,1325.0800,24,2
2026-01-28,600519,13:24:06,1325.1000,26,1
2026-01-28,600519,13:24:09,1325.0500,15,2
2026-01-28,600519,13:24:12,1325.0200,31,2
2026-01-28,600519,13:24:15,1325.0300,41,1
2026-01-28,600519,13:24:18,1325.0300,10,4
2026-01-28,600519,13:24:21,1325.0200,22,2
2026-01-28,600519,13:24:24,1325.0200,22,2
2026-01-28,600519,13:24:27,1325.0100,25,2
2026-01-28,600519,13:24:30,1325.0200,23,2
2026-01-28,600519,13:24:33,1325.0100,29,2
2026-01-28,600519,13:24:36,1325.0200,26,1
2026-01-28,600519,13:24:39,1325.0100,34,2
2026-01-28,600519,13:24:42,1325.0100,45,2
2026-01-28,600519,13:24:45,1325.0300,22,4
2026-01-28,600519,13:24:48,1325.0100,28,2
2026-01-28,600519,13:24:51,1325.0100,15,2
2026-01-28,600519,13:24:54,1325.0300,29,1
2026-01-28,600519,13:24:57,1325.0300,39,1
2026-01-28,600519,13:25:00,1325.0400,21,2
2026-01-28,600519,13:25:03,1325.1200,36,1
2026-01-28,600519,13:25:06,1325.0400,16,2
2026-01-28,600519,13:25:09,1325.0500,21,2
2026-01-28,600519,13:25:12,1325.0200,17,2
2026-01-28,600519,13:25:15,1325.0200,12,2
2026-01-28,600519,13:25:18,1325.0200,51,2
2026-01-28,600519,13:25:21,1325.0100,8,2
2026-01-28,600519,13:25:24,1325.0000,49,2
2026-01-28,600519,13:25:27,1325.0000,67,2
2026-01-28,600519,13:25:30,1325.0500,8,1
2026-01-28,600519,13:25:33,1325.0100,20,2
2026-01-28,600519,13:25:36,1325.2400,19,1
2026-01-28,600519,13:25:39,1324.9700,1029,2
2026-01-28,600519,13:25:42,1325.0000,33,1
2026-01-28,600519,13:25:45,1325.0000,8,2
2026-01-28,600519,13:25:48,1324.9700,15,2
2026-01-28,600519,13:25:51,1325.0000,37,1
2026-01-28,600519,13:25:54,1324.8700,23,2
2026-01-28,600519,13:25:57,1324.8700,13,2
2026-01-28,600519,13:26:00,1324.8400,38,2
2026-01-28,600519,13:26:03,1324.5800,14,2
2026-01-28,600519,13:26:06,1324.3900,34,2
2026-01-28,600519,13:26:09,1324.5500,8,1
2026-01-28,600519,13:26:12,1324.6000,14,1
2026-01-28,600519,13:26:15,1324.8800,6,1
2026-01-28,600519,13:26:18,1324.8700,26,2
2026-01-28,600519,13:26:21,1324.8800,2,1
2026-01-28,600519,13:26:24,1325.0000,33,1
2026-01-28,600519,13:26:27,1325.1400,3,1
2026-01-28,600519,13:26:30,1325.0200,8,2
2026-01-28,600519,13:26:33,1324.9900,13,2
2026-01-28,600519,13:26:36,1325.1000,3,2
2026-01-28,600519,13:26:39,1325.0200,13,2
2026-01-28,600519,13:26:42,1324.9900,25,2
2026-01-28,600519,13:26:45,1324.9600,9,2
2026-01-28,600519,13:26:48,1324.8800,18,2
2026-01-28,600519,13:26:51,1324.8600,9,1
2026-01-28,600519,13:26:54,1324.5601,13,2
2026-01-28,600519,13:26:57,1324.8600,6,1
2026-01-28,600519,13:27:00,1324.8600,20,2
2026-01-28,600519,13:27:03,1324.9200,6,1
2026-01-28,600519,13:27:06,1324.8600,8,2
2026-01-28,600519,13:27:09,1324.8600,16,2
2026-01-28,600519,13:27:12,1324.6600,18,2
2026-01-28,600519,13:27:15,1324.6801,9,4
2026-01-28,600519,13:27:18,1324.5601,32,2
2026-01-28,600519,13:27:21,1324.5601,18,2
2026-01-28,600519,13:27:24,1324.5601,36,2
2026-01-28,600519,13:27:27,1324.5000,42,2
2026-01-28,600519,13:27:30,1324.5000,20,2
2026-01-28,600519,13:27:33,1324.5000,18,2
2026-01-28,600519,13:27:36,1324.5601,16,1
2026-01-28,600519,13:27:39,1324.5000,36,2
2026-01-28,600519,13:27:42,1324.5601,31,2
2026-01-28,600519,13:27:45,1324.6600,6,2
2026-01-28,600519,13:27:48,1324.5699,7,2
2026-01-28,600519,13:27:51,1324.5100,10,2
2026-01-28,600519,13:27:54,1324.5100,18,2
2026-01-28,600519,13:27:57,1324.5699,18,1
2026-01-28,600519,13:28:00,1324.6100,24,1
2026-01-28,600519,13:28:03,1324.5200,18,2
2026-01-28,600519,13:28:06,1324.5200,8,2
2026-01-28,600519,13:28:09,1324.5601,1,2
2026-01-28,600519,13:28:12,1324.5800,7,2
2026-01-28,600519,13:28:15,1324.5800,7,2
2026-01-28,600519,13:28:18,1324.6200,8,2
2026-01-28,600519,13:28:21,1324.5900,12,2
2026-01-28,600519,13:28:24,1324.5800,17,2
2026-01-28,600519,13:28:27,1324.5800,16,2
2026-01-28,600519,13:28:30,1324.5800,14,2
2026-01-28,600519,13:28:33,1324.6000,26,1
2026-01-28,600519,13:28:36,1324.5699,12,2
2026-01-28,600519,13:28:39,1324.5200,17,2
2026-01-28,600519,13:28:42,1324.5200,12,2
2026-01-28,600519,13:28:45,1324.5601,4,1
2026-01-28,600519,13:28:48,1324.5200,15,2
2026-01-28,600519,13:28:51,1324.5200,7,2
2026-01-28,600519,13:28:54,1324.5100,11,2
2026-01-28,600519,13:28:57,1324.5800,20,1
2026-01-28,600519,13:29:00,1324.6000,9,1
2026-01-28,600519,13:29:03,1324.5800,11,2
2026-01-28,600519,13:29:06,1324.5900,17,2
2026-01-28,600519,13:29:09,1324.6801,8,1
2026-01-28,600519,13:29:12,1324.6500,6,2
2026-01-28,600519,13:29:15,1324.6300,12,2
2026-01-28,600519,13:29:18,1324.6300,12,2
2026-01-28,600519,13:29:21,1324.6801,7,1
2026-01-28,600519,13:29:24,1324.6801,2,2
2026-01-28,600519,13:29:27,1324.6899,3,2
2026-01-28,600519,13:29:30,1324.8600,12,1
2026-01-28,600519,13:29:33,1324.7900,3,2
2026-01-28,600519,13:29:36,1324.7800,21,2
2026-01-28,600519,13:29:39,1324.8600,6,1
2026-01-28,600519,13:29:42,1324.8500,11,1
2026-01-28,600519,13:29:45,1324.7700,32,2
2026-01-28,600519,13:29:48,1324.6300,17,2
2026-01-28,600519,13:29:51,1324.6300,10,2
2026-01-28,600519,13:29:54,1324.5800,12,2
2026-01-28,600519,13:29:57,1324.5800,11,2
2026-01-28,600519,13:30:00,1324.5500,12,2
2026-01-28,600519,13:30:03,1324.5200,6,2
2026-01-28,600519,13:30:06,1324.6200,30,1
2026-01-28,600519,13:30:09,1324.5000,17,2
2026-01-28,600519,13:30:12,1324.5100,14,2
2026-01-28,600519,13:30:15,1324.5000,17,2
2026-01-28,600519,13:30:18,1324.5100,18,2
2026-01-28,600519,13:30:21,1324.6100,2,2
2026-01-28,600519,13:30:24,1324.5500,9,2
2026-01-28,600519,13:30:27,1324.5500,9,2
2026-01-28,600519,13:30:30,1324.5200,5,2
2026-01-28,600519,13:30:33,1324.9000,2,1
2026-01-28,600519,13:30:36,1324.8600,7,2
2026-01-28,600519,13:30:39,1324.9000,5,1
2026-01-28,600519,13:30:42,1324.7100,15,2
2026-01-28,600519,13:30:45,1324.7900,4,2
2026-01-28,600519,13:30:48,1324.5800,19,2
2026-01-28,600519,13:30:51,1324.5800,23,2
2026-01-28,600519,13:30:54,1324.5800,45,2
2026-01-28,600519,13:30:57,1324.5800,11,2
2026-01-28,600519,13:31:00,1324.8600,20,1
2026-01-28,600519,13:31:03,1324.8700,6,1
2026-01-28,600519,13:31:06,1324.6000,10,2
2026-01-28,600519,13:31:09,1324.5601,12,2
2026-01-28,600519,13:31:12,1324.8600,12,1
2026-01-28,600519,13:31:15,1324.7500,10,2
2026-01-28,600519,13:31:18,1324.7500,8,2
2026-01-28,600519,13:31:21,1324.8500,7,1
2026-01-28,600519,13:31:24,1324.7500,4,2
2026-01-28,600519,13:31:27,1324.9301,6,1
2026-01-28,600519,13:31:30,1325.5000,79,1
2026-01-28,600519,13:31:33,1325.3800,15,2
2026-01-28,600519,13:31:36,1326.0200,77,1
2026-01-28,600519,13:31:39,1326.1000,7,1
2026-01-28,600519,13:31:42,1326.8000,15,1
2026-01-28,600519,13:31:45,1327.3800,1,1
2026-01-28,600519,13:31:48,1327.3900,17,1
2026-01-28,600519,13:31:51,1327.4399,5,1
2026-01-28,600519,13:31:54,1327.4000,8,2
2026-01-28,600519,13:31:57,1327.4000,5,2
2026-01-28,600519,13:32:00,1328.0699,8,1
2026-01-28,600519,13:32:06,1328.1000,9,1
2026-01-28,600519,13:32:09,1328.2000,6,1
2026-01-28,600519,13:32:12,1328.1000,8,2
2026-01-28,600519,13:32:15,1328.4000,5,1
2026-01-28,600519,13:32:18,1328.4000,8,1
2026-01-28,600519,13:32:21,1328.3900,7,1
2026-01-28,600519,13:32:24,1328.1200,18,2
2026-01-28,600519,13:32:27,1328.3900,3,1
2026-01-28,600519,13:32:30,1328.4000,6,1
2026-01-28,600519,13:32:33,1328.1300,7,2
2026-01-28,600519,13:32:36,1328.1300,2,2
2026-01-28,600519,13:32:39,1328.4000,14,1
2026-01-28,600519,13:32:42,1328.4000,4,1
2026-01-28,600519,13:32:45,1328.4500,1,1
2026-01-28,600519,13:32:48,1328.4000,1,2
2026-01-28,600519,13:32:51,1328.4600,6,2
2026-01-28,600519,13:32:54,1328.4500,1,2
2026-01-28,600519,13:32:57,1328.5000,12,1
2026-01-28,600519,13:33:00,1328.5400,2,1
2026-01-28,600519,13:33:03,1328.5300,9,1
2026-01-28,600519,13:33:06,1328.5400,33,1
2026-01-28,600519,13:33:09,1328.5400,4,2
2026-01-28,600519,13:33:12,1328.5400,3,2
2026-01-28,600519,13:33:15,1328.8500,4,1
2026-01-28,600519,13:33:18,1328.5400,3,2
2026-01-28,600519,13:33:21,1328.7000,11,1
2026-01-28,600519,13:33:24,1328.8300,13,1
2026-01-28,600519,13:33:27,1329.0800,15,1
2026-01-28,600519,13:33:30,1329.0900,5,2
2026-01-28,600519,13:33:33,1329.1000,1,2
2026-01-28,600519,13:33:36,1329.0800,5,2
2026-01-28,600519,13:33:39,1329.2800,2,1
2026-01-28,600519,13:33:42,1329.0800,4,2
2026-01-28,600519,13:33:45,1328.9900,14,2
2026-01-28,600519,13:33:48,1329.3500,23,1
2026-01-28,600519,13:33:51,1328.9500,4,2
2026-01-28,600519,13:33:54,1328.9200,16,2
2026-01-28,600519,13:33:57,1328.9399,11,1
2026-01-28,600519,13:34:00,1328.9200,7,2
2026-01-28,600519,13:34:03,1328.9000,17,2
2026-01-28,600519,13:34:06,1328.8400,27,2
2026-01-28,600519,13:34:09,1328.7200,25,2
2026-01-28,600519,13:34:12,1328.6899,23,2
2026-01-28,600519,13:34:15,1328.7200,14,1
2026-01-28,600519,13:34:18,1328.8199,21,1
2026-01-28,600519,13:34:21,1328.9000,7,1
2026-01-28,600519,13:34:24,1329.2800,54,1
2026-01-28,600519,13:34:27,1329.1100,14,2
2026-01-28,600519,13:34:30,1329.4600,7,1
2026-01-28,600519,13:34:33,1329.3800,10,2
2026-01-28,600519,13:34:36,1329.3800,9,2
2026-01-28,600519,13:34:39,1329.9900,4,1
2026-01-28,600519,13:34:42,1329.3800,5,2
2026-01-28,600519,13:34:45,1329.8800,4,1
2026-01-28,600519,13:34:48,1329.8800,1,1
2026-01-28,600519,13:34:51,1329.6700,2,1
2026-01-28,600519,13:34:54,1329.8800,1,1
2026-01-28,600519,13:34:57,1329.8800,10,1
2026-01-28,600519,13:35:00,1329.8800,2,1
2026-01-28,600519,13:35:03,1331.3800,248,1
2026-01-28,600519,13:35:06,1331.3800,16,1
2026-01-28,600519,13:35:09,1331.3900,4,2
2026-01-28,600519,13:35:12,1331.8101,41,1
2026-01-28,600519,13:35:15,1331.3900,35,2
2026-01-28,600519,13:35:18,1332.0000,44,1
2026-01-28,600519,13:35:21,1331.9900,13,1
2026-01-28,600519,13:35:24,1331.7100,2,1
2026-01-28,600519,13:35:27,1331.7000,10,1
2026-01-28,600519,13:35:30,1331.3101,14,2
2026-01-28,600519,13:35:33,1331.2900,11,2
2026-01-28,600519,13:35:36,1331.3000,8,2
2026-01-28,600519,13:35:39,1331.7000,25,1
2026-01-28,600519,13:35:42,1331.3000,16,2
2026-01-28,600519,13:35:45,1331.9600,20,1
2026-01-28,600519,13:35:48,1331.8000,49,1
2026-01-28,600519,13:35:51,1331.3500,9,2
2026-01-28,600519,13:35:54,1331.3000,12,2
2026-01-28,600519,13:35:57,1331.8800,20,1
2026-01-28,600519,13:36:00,1331.8800,7,1
2026-01-28,600519,13:36:03,1331.8199,7,1
2026-01-28,600519,13:36:06,1331.3900,14,2
2026-01-28,600519,13:36:09,1331.7900,5,1
2026-01-28,600519,13:36:12,1331.8000,8,1
2026-01-28,600519,13:36:15,1331.7800,2,1
2026-01-28,600519,13:36:18,1331.8000,8,1
2026-01-28,600519,13:36:21,1331.3700,11,2
2026-01-28,600519,13:36:24,1331.3199,12,2
2026-01-28,600519,13:36:27,1331.3101,44,2
2026-01-28,600519,13:36:30,1331.8000,48,1
2026-01-28,600519,13:36:33,1332.4900,144,1
2026-01-28,600519,13:36:36,1332.2000,56,2
2026-01-28,600519,13:36:39,1332.5000,18,2
2026-01-28,600519,13:36:42,1332.2000,9,2
2026-01-28,600519,13:36:45,1332.5000,70,1
2026-01-28,600519,13:36:48,1332.7000,14,1
2026-01-28,600519,13:36:51,1332.0400,58,2
2026-01-28,600519,13:36:54,1332.0000,19,2
2026-01-28,600519,13:36:57,1332.2300,16,2
2026-01-28,600519,13:37:00,1332.7000,8,1
2026-01-28,600519,13:37:03,1332.7800,26,1
2026-01-28,600519,13:37:06,1332.7600,80,2
2026-01-28,600519,13:37:09,1333.0000,34,1
2026-01-28,600519,13:37:12,1333.0000,30,2
2026-01-28,600519,13:37:15,1332.9900,19,2
2026-01-28,600519,13:37:18,1333.0000,39,4
2026-01-28,600519,13:37:21,1332.9000,14,2
2026-01-28,600519,13:37:24,1332.6899,19,2
2026-01-28,600519,13:37:27,1332.1801,9,2
2026-01-28,600519,13:37:30,1332.6899,19,1
2026-01-28,600519,13:37:33,1332.2300,6,2
2026-01-28,600519,13:37:36,1332.2300,10,2
2026-01-28,600519,13:37:39,1332.2300,9,1
2026-01-28,600519,13:37:42,1332.2000,15,2
2026-01-28,600519,13:37:45,1332.7000,16,1
2026-01-28,600519,13:37:48,1332.7000,15,2
2026-01-28,600519,13:37:51,1332.6000,7,2
2026-01-28,600519,13:37:54,1332.7000,5,1
2026-01-28,600519,13:37:57,1332.5601,20,2
2026-01-28,600519,13:38:00,1332.5601,8,1
2026-01-28,600519,13:38:03,1332.5601,15,2
2026-01-28,600519,13:38:06,1332.5000,8,2
2026-01-28,600519,13:38:09,1331.5000,14,2
2026-01-28,600519,13:38:12,1331.3199,55,2
2026-01-28,600519,13:38:15,1331.3199,3,2
2026-01-28,600519,13:38:18,1331.3101,19,2
2026-01-28,600519,13:38:21,1331.3101,8,2
2026-01-28,600519,13:38:24,1331.3101,25,1
2026-01-28,600519,13:38:27,1331.2900,10,1
2026-01-28,600519,13:38:30,1331.8000,4,1
2026-01-28,600519,13:38:33,1332.0000,15,1
2026-01-28,600519,13:38:36,1332.0100,8,2
2026-01-28,600519,13:38:39,1332.0000,18,2
2026-01-28,600519,13:38:42,1331.9100,13,2
2026-01-28,600519,13:38:45,1332.0000,11,1
2026-01-28,600519,13:38:48,1331.9900,19,2
2026-01-28,600519,13:38:51,1332.0000,47,1
2026-01-28,600519,13:38:54,1331.3199,9,2
2026-01-28,600519,13:38:57,1331.9500,3,1
2026-01-28,600519,13:39:00,1331.8101,4,2
2026-01-28,600519,13:39:03,1331.8101,9,2
2026-01-28,600519,13:39:06,1331.9100,5,1
2026-01-28,600519,13:39:09,1331.9900,3,1
2026-01-28,600519,13:39:12,1331.9200,3,2
2026-01-28,600519,13:39:15,1331.3101,8,2
2026-01-28,600519,13:39:18,1330.9900,18,2
2026-01-28,600519,13:39:21,1331.2800,7,1
2026-01-28,600519,13:39:24,1330.9100,5,2
2026-01-28,600519,13:39:30,1330.0000,30,2
2026-01-28,600519,13:39:33,1331.2800,13,1
2026-01-28,600519,13:39:36,1331.2800,1,2
2026-01-28,600519,13:39:39,1331.7500,1,1
2026-01-28,600519,13:39:42,1331.7500,8,1
2026-01-28,600519,13:39:45,1331.2800,8,2
2026-01-28,600519,13:39:48,1331.7500,91,1
2026-01-28,600519,13:39:51,1331.7200,26,1
2026-01-28,600519,13:39:54,1330.1400,5,2
2026-01-28,600519,13:39:57,1330.0200,5,2
2026-01-28,600519,13:40:00,1331.5100,4,1
2026-01-28,600519,13:40:03,1330.0200,10,2
2026-01-28,600519,13:40:06,1330.0200,5,2
2026-01-28,600519,13:40:09,1330.0200,8,2
2026-01-28,600519,13:40:12,1331.4600,7,1
2026-01-28,600519,13:40:15,1330.1000,3,2
2026-01-28,600519,13:40:18,1331.3300,4,1
2026-01-28,600519,13:40:21,1331.5000,3,1
2026-01-28,600519,13:40:24,1331.1801,14,2
2026-01-28,600519,13:40:27,1331.2300,5,1
2026-01-28,600519,13:40:30,1331.0000,9,2
2026-01-28,600519,13:40:33,1331.1300,6,1
2026-01-28,600519,13:40:36,1331.1200,5,1
2026-01-28,600519,13:40:39,1331.0300,3,2
2026-01-28,600519,13:40:42,1331.1300,5,1
2026-01-28,600519,13:40:45,1331.0200,7,2
2026-01-28,600519,13:40:51,1331.0000,13,2
2026-01-28,600519,13:40:54,1330.9900,8,2
2026-01-28,600519,13:40:57,1330.9900,6,2
2026-01-28,600519,13:41:00,1330.9900,6,2
2026-01-28,600519,13:41:03,1331.0100,6,1
2026-01-28,600519,13:41:06,1330.9900,3,2
2026-01-28,600519,13:41:09,1330.9900,5,2
2026-01-28,600519,13:41:12,1331.0100,13,2
2026-01-28,600519,13:41:15,1331.0100,4,2
2026-01-28,600519,13:41:18,1331.7100,5,1
2026-01-28,600519,13:41:21,1331.0000,4,2
2026-01-28,600519,13:41:24,1330.8800,37,2
2026-01-28,600519,13:41:27,1331.0000,11,1
2026-01-28,600519,13:41:30,1330.0800,1,2
2026-01-28,600519,13:41:33,1330.7600,4,2
2026-01-28,600519,13:41:36,1330.8800,6,1
2026-01-28,600519,13:41:39,1330.0800,56,2
2026-01-28,600519,13:41:42,1330.0100,5,2
2026-01-28,600519,13:41:45,1330.0000,10,2
2026-01-28,600519,13:41:48,1330.8800,6,1
2026-01-28,600519,13:41:51,1330.0000,47,2
2026-01-28,600519,13:41:54,1330.0000,3,2
2026-01-28,600519,13:41:57,1330.8800,1,1
2026-01-28,600519,13:42:00,1330.0000,14,2
2026-01-28,600519,13:42:03,1330.0000,13,2
2026-01-28,600519,13:42:06,1330.8700,5,1
2026-01-28,600519,13:42:09,1330.0000,8,2
2026-01-28,600519,13:42:12,1330.0000,3,2
2026-01-28,600519,13:42:15,1330.0000,2,2
2026-01-28,600519,13:42:18,1330.0200,3,1
2026-01-28,600519,13:42:21,1330.0000,33,2
2026-01-28,600519,13:42:24,1330.0000,4,2
2026-01-28,600519,13:42:27,1330.0000,6,1
2026-01-28,600519,13:42:30,1330.0000,1,2
2026-01-28,600519,13:42:33,1330.0200,1,2
2026-01-28,600519,13:42:36,1330.0200,3,2
2026-01-28,600519,13:42:39,1330.9600,13,1
2026-01-28,600519,13:42:42,1330.0300,5,2
2026-01-28,600519,13:42:45,1330.9600,59,1
2026-01-28,600519,13:42:48,1330.0000,14,2
2026-01-28,600519,13:42:51,1330.0000,6,2
2026-01-28,600519,13:42:54,1330.9600,4,1
2026-01-28,600519,13:42:57,1330.9600,8,1
2026-01-28,600519,13:43:00,1330.0200,2,2
2026-01-28,600519,13:43:03,1330.0300,2,2
2026-01-28,600519,13:43:06,1330.9600,4,1
2026-01-28,600519,13:43:09,1330.8600,6,2
2026-01-28,600519,13:43:12,1330.7600,4,2
2026-01-28,600519,13:43:15,1331.0000,21,1
2026-01-28,600519,13:43:18,1331.0601,1,1
2026-01-28,600519,13:43:21,1331.0000,13,2
2026-01-28,600519,13:43:24,1330.9500,12,2
2026-01-28,600519,13:43:27,1331.0601,5,1
2026-01-28,600519,13:43:30,1330.9500,2,2
2026-01-28,600519,13:43:33,1331.0000,4,1
2026-01-28,600519,13:43:36,1330.9500,5,2
2026-01-28,600519,13:43:39,1331.0601,7,1
2026-01-28,600519,13:43:42,1331.0601,6,2
2026-01-28,600519,13:43:45,1331.0601,1,2
2026-01-28,600519,13:43:48,1331.3300,3,1
2026-01-28,600519,13:43:51,1331.7000,2,1
2026-01-28,600519,13:43:54,1331.0601,6,2
2026-01-28,600519,13:44:00,1331.1300,4,1
2026-01-28,600519,13:44:03,1331.1300,4,1
2026-01-28,600519,13:44:06,1331.1600,7,2
2026-01-28,600519,13:44:09,1331.1300,8,2
2026-01-28,600519,13:44:12,1331.0800,8,2
2026-01-28,600519,13:44:15,1331.1600,15,1
2026-01-28,600519,13:44:18,1331.1600,4,2
2026-01-28,600519,13:44:21,1331.1600,11,1
2026-01-28,600519,13:44:24,1331.1500,1,1
2026-01-28,600519,13:44:27,1331.0500,4,2
2026-01-28,600519,13:44:30,1331.0900,5,2
2026-01-28,600519,13:44:33,1330.8600,35,2
2026-01-28,600519,13:44:36,1330.0200,10,2
2026-01-28,600519,13:44:39,1330.0200,6,2
2026-01-28,600519,13:44:42,1330.0000,8,2
2026-01-28,600519,13:44:45,1330.0000,22,2
2026-01-28,600519,13:44:48,1330.0000,8,2
2026-01-28,600519,13:44:51,1329.9800,9,2
2026-01-28,600519,13:44:54,1329.9200,6,2
2026-01-28,600519,13:44:57,1329.9000,58,2
2026-01-28,600519,13:45:00,1329.4800,1,1
2026-01-28,600519,13:45:03,1329.4600,2,1
2026-01-28,600519,13:45:06,1329.4600,3,1
2026-01-28,600519,13:45:09,1329.4900,6,1
2026-01-28,600519,13:45:12,1329.4700,7,2
2026-01-28,600519,13:45:15,1329.4600,3,2
2026-01-28,600519,13:45:18,1329.4600,7,2
2026-01-28,600519,13:45:21,1329.4600,3,2
2026-01-28,600519,13:45:24,1329.4700,6,1
2026-01-28,600519,13:45:27,1329.9100,10,1
2026-01-28,600519,13:45:30,1329.4399,4,2
2026-01-28,600519,13:45:33,1329.4700,3,1
2026-01-28,600519,13:45:36,1329.4600,1,2
2026-01-28,600519,13:45:39,1329.6700,9,2
2026-01-28,600519,13:45:42,1329.9100,7,1
2026-01-28,600519,13:45:45,1329.9600,1,1
2026-01-28,600519,13:45:48,1330.0000,6,1
2026-01-28,600519,13:45:51,1330.0000,3,1
2026-01-28,600519,13:45:54,1330.2100,17,1
2026-01-28,600519,13:45:57,1330.2200,4,1
2026-01-28,600519,13:46:00,1330.5800,1,1
2026-01-28,600519,13:46:03,1330.9000,9,1
2026-01-28,600519,13:46:06,1330.9000,4,1
2026-01-28,600519,13:46:09,1331.0000,3,1
2026-01-28,600519,13:46:12,1331.0000,4,1
2026-01-28,600519,13:46:15,1331.0000,2,2
2026-01-28,600519,13:46:18,1331.0000,2,2
2026-01-28,600519,13:46:21,1331.1600,64,1
2026-01-28,600519,13:46:24,1331.4200,6,1
2026-01-28,600519,13:46:27,1331.2000,35,2
2026-01-28,600519,13:46:30,1331.4800,1,1
2026-01-28,600519,13:46:33,1331.4800,9,1
2026-01-28,600519,13:46:36,1331.4800,2,1
2026-01-28,600519,13:46:39,1331.4800,6,2
2026-01-28,600519,13:46:42,1331.6000,2,1
2026-01-28,600519,13:46:45,1331.4800,53,2
2026-01-28,600519,13:46:48,1331.3500,3,2
2026-01-28,600519,13:46:51,1331.3000,7,2
2026-01-28,600519,13:46:54,1331.3500,2,1
2026-01-28,600519,13:46:57,1331.3500,5,1
2026-01-28,600519,13:47:00,1331.4000,4,1
2026-01-28,600519,13:47:03,1331.4900,29,1
2026-01-28,600519,13:47:06,1331.6000,13,1
2026-01-28,600519,13:47:09,1331.7000,3,1
2026-01-28,600519,13:47:12,1331.7000,55,1
2026-01-28,600519,13:47:15,1331.8800,24,1
2026-01-28,600519,13:47:18,1331.8800,1,2
2026-01-28,600519,13:47:21,1331.7700,5,2
2026-01-28,600519,13:47:24,1331.7100,9,2
2026-01-28,600519,13:47:27,1331.0000,4,2
2026-01-28,600519,13:47:30,1331.1700,6,2
2026-01-28,600519,13:47:33,1330.9100,6,2
2026-01-28,600519,13:47:36,1330.9000,10,1
2026-01-28,600519,13:47:39,1330.0000,29,2
2026-01-28,600519,13:47:42,1330.2100,2,2
2026-01-28,600519,13:47:45,1330.2200,1,2
2026-01-28,600519,13:47:48,1331.0500,2,1
2026-01-28,600519,13:47:51,1330.2200,10,2
2026-01-28,600519,13:47:54,1331.0500,14,1
2026-01-28,600519,13:47:57,1330.2300,51,2
2026-01-28,600519,13:48:00,1331.0000,1,2
2026-01-28,600519,13:48:03,1330.9900,3,2
2026-01-28,600519,13:48:06,1331.5800,5,1
2026-01-28,600519,13:48:09,1331.6000,5,1
2026-01-28,600519,13:48:12,1331.0100,6,2
2026-01-28,600519,13:48:15,1331.5601,4,1
2026-01-28,600519,13:48:18,1331.5800,2,1
2026-01-28,600519,13:48:21,1331.4900,1,1
2026-01-28,600519,13:48:24,1331.0300,4,2
2026-01-28,600519,13:48:27,1331.1100,6,2
2026-01-28,600519,13:48:30,1331.4500,10,1
2026-01-28,600519,13:48:33,1331.3101,4,2
2026-01-28,600519,13:48:36,1331.3101,5,2
2026-01-28,600519,13:48:39,1331.4800,7,1
2026-01-28,600519,13:48:42,1331.3199,5,2
2026-01-28,600519,13:48:45,1331.3000,6,2
2026-01-28,600519,13:48:48,1331.3199,3,2
2026-01-28,600519,13:48:51,1331.3199,2,1
2026-01-28,600519,13:48:54,1331.2400,1,2
2026-01-28,600519,13:48:57,1331.2500,5,2
2026-01-28,600519,13:49:00,1331.3199,6,1
2026-01-28,600519,13:49:03,1331.3199,6,2
2026-01-28,600519,13:49:06,1331.3199,3,2
2026-01-28,600519,13:49:09,1331.5000,10,1
2026-01-28,600519,13:49:12,1331.5000,12,1
2026-01-28,600519,13:49:15,1331.6200,69,1
2026-01-28,600519,13:49:18,1331.5100,12,1
2026-01-28,600519,13:49:21,1331.4700,12,2
2026-01-28,600519,13:49:24,1331.3900,12,2
2026-01-28,600519,13:49:27,1331.3600,8,2
2026-01-28,600519,13:49:30,1331.2500,7,2
2026-01-28,600519,13:49:33,1331.3600,11,1
2026-01-28,600519,13:49:36,1331.2500,8,1
2026-01-28,600519,13:49:39,1331.2500,4,1
2026-01-28,600519,13:49:42,1331.3000,11,1
2026-01-28,600519,13:49:45,1331.2600,1,2
2026-01-28,600519,13:49:48,1331.1801,6,2
2026-01-28,600519,13:49:51,1331.2600,2,1
2026-01-28,600519,13:49:54,1331.2700,11,1
2026-01-28,600519,13:49:57,1331.3700,6,1
2026-01-28,600519,13:50:00,1331.2600,6,2
2026-01-28,600519,13:50:03,1331.3800,6,1
2026-01-28,600519,13:50:06,1332.0000,36,1
2026-01-28,600519,13:50:09,1332.8300,59,1
2026-01-28,600519,13:50:12,1332.7000,15,2
2026-01-28,600519,13:50:15,1332.6899,4,4
2026-01-28,600519,13:50:21,1333.0000,45,1
2026-01-28,600519,13:50:24,1333.0100,11,1
2026-01-28,600519,13:50:27,1333.2800,15,1
2026-01-28,600519,13:50:30,1333.2800,15,2
2026-01-28,600519,13:50:33,1333.3300,16,1
2026-01-28,600519,13:50:36,1333.3900,10,1
2026-01-28,600519,13:50:39,1333.3300,10,2
2026-01-28,600519,13:50:42,1333.3300,10,2
2026-01-28,600519,13:50:45,1333.3199,4,1
2026-01-28,600519,13:50:48,1333.1801,11,2
2026-01-28,600519,13:50:51,1333.4500,8,1
2026-01-28,600519,13:50:54,1333.3500,6,2
2026-01-28,600519,13:50:57,1333.3500,5,2
2026-01-28,600519,13:51:00,1333.3500,76,1
2026-01-28,600519,13:51:03,1333.3500,40,2
2026-01-28,600519,13:51:06,1333.4500,12,2
2026-01-28,600519,13:51:09,1333.8900,12,1
2026-01-28,600519,13:51:12,1333.9900,12,1
2026-01-28,600519,13:51:15,1334.0000,14,1
2026-01-28,600519,13:51:18,1334.0000,9,1
2026-01-28,600519,13:51:21,1334.0000,5,1
2026-01-28,600519,13:51:24,1333.7900,31,2
2026-01-28,600519,13:51:27,1333.3500,9,2
2026-01-28,600519,13:51:30,1333.3500,5,2
2026-01-28,600519,13:51:33,1334.0000,25,1
2026-01-28,600519,13:51:36,1334.0000,9,2
2026-01-28,600519,13:51:39,1334.0000,10,2
2026-01-28,600519,13:51:42,1334.0000,16,2
2026-01-28,600519,13:51:45,1333.3500,39,2
2026-01-28,600519,13:51:48,1333.3500,51,1
2026-01-28,600519,13:51:51,1333.3500,10,1
2026-01-28,600519,13:51:54,1334.0000,50,1
2026-01-28,600519,13:51:57,1333.3400,5,2
2026-01-28,600519,13:52:00,1333.3500,32,2
2026-01-28,600519,13:52:03,1333.3500,1,2
2026-01-28,600519,13:52:06,1333.3600,3,2
2026-01-28,600519,13:52:09,1333.9900,8,1
2026-01-28,600519,13:52:12,1333.3600,16,2
2026-01-28,600519,13:52:15,1333.8900,9,1
2026-01-28,600519,13:52:18,1333.3600,6,2
2026-01-28,600519,13:52:21,1333.3600,3,2
2026-01-28,600519,13:52:24,1333.8800,3,1
2026-01-28,600519,13:52:27,1333.8800,1,1
2026-01-28,600519,13:52:30,1333.8900,8,1
2026-01-28,600519,13:52:33,1333.8900,6,2
2026-01-28,600519,13:52:36,1333.9800,6,1
2026-01-28,600519,13:52:39,1333.9900,5,1
2026-01-28,600519,13:52:42,1333.9800,3,1
2026-01-28,600519,13:52:45,1333.9200,4,2
2026-01-28,600519,13:52:48,1334.0800,43,1
2026-01-28,600519,13:52:51,1334.0900,4,1
2026-01-28,600519,13:52:54,1333.9900,3,2
2026-01-28,600519,13:52:57,1334.0800,12,1
2026-01-28,600519,13:53:00,1333.9900,4,1
2026-01-28,600519,13:53:03,1334.0000,26,1
2026-01-28,600519,13:53:06,1334.0000,8,2
2026-01-28,600519,13:53:09,1334.0601,50,1
2026-01-28,600519,13:53:12,1333.9900,7,2
2026-01-28,600519,13:53:15,1334.1000,22,1
2026-01-28,600519,13:53:18,1334.1000,16,2
2026-01-28,600519,13:53:21,1334.4900,12,1
2026-01-28,600519,13:53:24,1334.4500,9,1
2026-01-28,600519,13:53:27,1334.5500,12,1
2026-01-28,600519,13:53:30,1334.5000,13,1
2026-01-28,600519,13:53:33,1334.5500,1,1
2026-01-28,600519,13:53:36,1334.5500,29,2
2026-01-28,600519,13:53:39,1334.5500,20,2
2026-01-28,600519,13:53:42,1334.5100,4,2
2026-01-28,600519,13:53:45,1334.5400,53,1
2026-01-28,600519,13:53:48,1334.5500,19,1
2026-01-28,600519,13:53:51,1334.5500,9,1
2026-01-28,600519,13:53:54,1334.4800,9,1
2026-01-28,600519,13:53:57,1334.4800,14,1
2026-01-28,600519,13:54:00,1334.4700,4,2
2026-01-28,600519,13:54:03,1334.4900,8,1
2026-01-28,600519,13:54:06,1334.3600,22,2
2026-01-28,600519,13:54:09,1334.4000,19,1
2026-01-28,600519,13:54:12,1333.9301,15,2
2026-01-28,600519,13:54:15,1333.8800,65,2
2026-01-28,600519,13:54:18,1333.8300,21,2
2026-01-28,600519,13:54:21,1333.0100,28,2
2026-01-28,600519,13:54:24,1333.0100,26,2
2026-01-28,600519,13:54:27,1332.0300,21,2
2026-01-28,600519,13:54:30,1332.9900,11,1
2026-01-28,600519,13:54:33,1332.3300,11,2
2026-01-28,600519,13:54:36,1333.3500,14,1
2026-01-28,600519,13:54:39,1333.3500,8,1
2026-01-28,600519,13:54:42,1333.3600,9,2
2026-01-28,600519,13:54:45,1333.8000,11,1
2026-01-28,600519,13:54:48,1333.3600,25,1
2026-01-28,600519,13:54:51,1333.3600,3,2
2026-01-28,600519,13:54:54,1333.8000,2,1
2026-01-28,600519,13:54:57,1333.8500,4,1
2026-01-28,600519,13:55:00,1333.8500,7,2
2026-01-28,600519,13:55:03,1333.8800,2,2
2026-01-28,600519,13:55:06,1333.8800,9,2
2026-01-28,600519,13:55:09,1333.8900,9,2
2026-01-28,600519,13:55:12,1333.8900,14,2
2026-01-28,600519,13:55:15,1333.8900,12,2
2026-01-28,600519,13:55:18,1333.8900,10,2
2026-01-28,600519,13:55:21,1333.8199,8,2
2026-01-28,600519,13:55:24,1333.8000,12,2
2026-01-28,600519,13:55:27,1333.8800,7,1
2026-01-28,600519,13:55:30,1333.8199,10,2
2026-01-28,600519,13:55:33,1333.8800,11,1
2026-01-28,600519,13:55:36,1333.8300,10,2
2026-01-28,600519,13:55:39,1333.7400,21,2
2026-01-28,600519,13:55:42,1333.6801,5,2
2026-01-28,600519,13:55:45,1333.0900,12,2
2026-01-28,600519,13:55:48,1333.0000,10,2
2026-01-28,600519,13:55:51,1332.6801,2,2
2026-01-28,600519,13:55:54,1333.0000,5,1
2026-01-28,600519,13:55:57,1332.6700,1,2
2026-01-28,600519,13:56:00,1332.6700,11,2
2026-01-28,600519,13:56:03,1333.0000,8,2
2026-01-28,600519,13:56:06,1333.4100,10,1
2026-01-28,600519,13:56:09,1333.4100,8,1
2026-01-28,600519,13:56:12,1333.3101,5,1
2026-01-28,600519,13:56:15,1333.0000,6,2
2026-01-28,600519,13:56:18,1332.9301,25,2
2026-01-28,600519,13:56:21,1332.9100,1,2
2026-01-28,600519,13:56:24,1332.9301,3,1
2026-01-28,600519,13:56:27,1332.6801,2,2
2026-01-28,600519,13:56:30,1332.6700,1,2
2026-01-28,600519,13:56:36,1332.6700,5,2
2026-01-28,600519,13:56:39,1332.6700,3,2
2026-01-28,600519,13:56:42,1332.6801,14,1
2026-01-28,600519,13:56:45,1332.5800,9,2
2026-01-28,600519,13:56:48,1332.3500,2,2
2026-01-28,600519,13:56:51,1332.3500,4,1
2026-01-28,600519,13:56:54,1332.4000,1,1
2026-01-28,600519,13:56:57,1332.3300,4,2
2026-01-28,600519,13:57:00,1332.3199,4,2
2026-01-28,600519,13:57:03,1332.3199,5,1
2026-01-28,600519,13:57:06,1332.3101,3,1
2026-01-28,600519,13:57:09,1332.1100,24,2
2026-01-28,600519,13:57:12,1332.1300,1,2
2026-01-28,600519,13:57:15,1332.1300,4,2
2026-01-28,600519,13:57:18,1332.2300,5,1
2026-01-28,600519,13:57:21,1332.1500,15,1
2026-01-28,600519,13:57:24,1332.1000,3,2
2026-01-28,600519,13:57:27,1331.3199,18,2
2026-01-28,600519,13:57:30,1331.2500,8,2
2026-01-28,600519,13:57:33,1331.2100,2,2
2026-01-28,600519,13:57:36,1331.2400,7,1
2026-01-28,600519,13:57:39,1331.2500,6,1
2026-01-28,600519,13:57:42,1331.3500,25,1
2026-01-28,600519,13:57:45,1331.2000,9,2
2026-01-28,600519,13:57:48,1331.2100,3,2
2026-01-28,600519,13:57:51,1331.2400,2,1
2026-01-28,600519,13:57:54,1331.1801,8,2
2026-01-28,600519,13:58:00,1331.1000,5,2
2026-01-28,600519,13:58:03,1331.1000,1,2
2026-01-28,600519,13:58:06,1331.1000,6,2
2026-01-28,600519,13:58:09,1331.1000,5,1
2026-01-28,600519,13:58:12,1331.0900,19,2
2026-01-28,600519,13:58:15,1331.2100,3,1
2026-01-28,600519,13:58:18,1331.1899,4,2
2026-01-28,600519,13:58:21,1331.1801,3,2
2026-01-28,600519,13:58:24,1331.1801,8,1
2026-01-28,600519,13:58:27,1331.1000,2,2
2026-01-28,600519,13:58:30,1331.2100,6,1
2026-01-28,600519,13:58:33,1331.1801,7,2
2026-01-28,600519,13:58:36,1331.0100,13,2
2026-01-28,600519,13:58:39,1331.0500,13,2
2026-01-28,600519,13:58:42,1331.1801,15,1
2026-01-28,600519,13:58:45,1331.0000,10,2
2026-01-28,600519,13:58:48,1331.0000,13,1
2026-01-28,600519,13:58:51,1331.0000,6,1
2026-01-28,600519,13:58:54,1331.0100,11,1
2026-01-28,600519,13:58:57,1331.1899,5,1
2026-01-28,600519,13:59:00,1331.2800,3,1
2026-01-28,600519,13:59:03,1331.0000,5,2
2026-01-28,600519,13:59:06,1331.3101,1,1
2026-01-28,600519,13:59:09,1331.2800,4,2
2026-01-28,600519,13:59:12,1331.0200,8,2
2026-01-28,600519,13:59:15,1331.0000,9,2
2026-01-28,600519,13:59:18,1331.0000,3,2
2026-01-28,600519,13:59:21,1330.9900,2,1
2026-01-28,600519,13:59:24,1330.9900,1,1
2026-01-28,600519,13:59:27,1331.3101,13,1
2026-01-28,600519,13:59:30,1331.0200,1,2
2026-01-28,600519,13:59:36,1331.0800,1,2
2026-01-28,600519,13:59:39,1331.0800,4,1
2026-01-28,600519,13:59:42,1331.0900,3,1
2026-01-28,600519,13:59:45,1331.2700,2,1
2026-01-28,600519,13:59:48,1331.2700,1,1
2026-01-28,600519,13:59:51,1331.0200,7,2
2026-01-28,600519,13:59:54,1330.9900,12,2
2026-01-28,600519,13:59:57,1330.9800,8,2
2026-01-28,600519,14:00:00,1331.0400,16,1
2026-01-28,600519,14:00:03,1331.3300,24,1
2026-01-28,600519,14:00:06,1331.3101,2,2
2026-01-28,600519,14:00:09,1332.0000,6,1
2026-01-28,600519,14:00:12,1331.3600,8,2
2026-01-28,600519,14:00:15,1332.0000,11,2
2026-01-28,600519,14:00:18,1331.3400,8,2
2026-01-28,600519,14:00:21,1332.0100,13,1
2026-01-28,600519,14:00:24,1332.0000,7,2
2026-01-28,600519,14:00:27,1331.9100,7,2
2026-01-28,600519,14:00:30,1331.9100,1,2
2026-01-28,600519,14:00:33,1331.0400,1,2
2026-01-28,600519,14:00:36,1331.0400,1,2
2026-01-28,600519,14:00:39,1331.8700,7,1
2026-01-28,600519,14:00:42,1331.9800,1,2
2026-01-28,600519,14:00:48,1332.1000,9,1
2026-01-28,600519,14:00:51,1332.1000,48,2
2026-01-28,600519,14:00:57,1332.1300,11,1
2026-01-28,600519,14:01:00,1332.1300,20,1
2026-01-28,600519,14:01:03,1331.0601,5,2
2026-01-28,600519,14:01:06,1332.0100,21,1
2026-01-28,600519,14:01:09,1332.1000,9,1
2026-01-28,600519,14:01:12,1331.9301,6,2
2026-01-28,600519,14:01:15,1331.0400,5,2
2026-01-28,600519,14:01:18,1331.0500,1,2
2026-01-28,600519,14:01:21,1331.9100,3,1
2026-01-28,600519,14:01:24,1331.0400,6,2
2026-01-28,600519,14:01:27,1331.0300,4,1
2026-01-28,600519,14:01:30,1331.0100,2,2
2026-01-28,600519,14:01:33,1331.0000,4,2
2026-01-28,600519,14:01:39,1330.9500,13,2
2026-01-28,600519,14:01:42,1330.9301,1,2
2026-01-28,600519,14:01:45,1330.9500,5,1
2026-01-28,600519,14:01:48,1330.9301,2,2
2026-01-28,600519,14:01:51,1330.9100,9,2
2026-01-28,600519,14:01:54,1330.8000,15,2
2026-01-28,600519,14:01:57,1330.1801,12,2
2026-01-28,600519,14:02:00,1330.0699,10,1
2026-01-28,600519,14:02:03,1330.0800,9,1
2026-01-28,600519,14:02:06,1330.6200,1,1
2026-01-28,600519,14:02:09,1330.6200,3,2
2026-01-28,600519,14:02:12,1330.6200,6,2
2026-01-28,600519,14:02:15,1330.6200,4,2
2026-01-28,600519,14:02:18,1330.6200,11,1
2026-01-28,600519,14:02:21,1330.3101,2,2
2026-01-28,600519,14:02:24,1330.3000,5,2
2026-01-28,600519,14:02:27,1330.9000,2,1
2026-01-28,600519,14:02:30,1330.3000,3,2
2026-01-28,600519,14:02:33,1330.3000,8,1
2026-01-28,600519,14:02:36,1330.3000,4,1
2026-01-28,600519,14:02:39,1330.7000,5,1
2026-01-28,600519,14:02:42,1330.3500,4,2
2026-01-28,600519,14:02:45,1330.6899,1,1
2026-01-28,600519,14:02:48,1330.2400,11,2
2026-01-28,600519,14:02:51,1330.2000,4,2
2026-01-28,600519,14:02:54,1330.2300,6,1
2026-01-28,600519,14:03:00,1330.1899,9,2
2026-01-28,600519,14:03:03,1330.2200,8,1
2026-01-28,600519,14:03:06,1330.1801,18,2
2026-01-28,600519,14:03:09,1330.1899,3,2
2026-01-28,600519,14:03:12,1330.1801,5,2
2026-01-28,600519,14:03:15,1330.1500,10,2
2026-01-28,600519,14:03:18,1330.1500,3,1
2026-01-28,600519,14:03:21,1330.1801,13,1
2026-01-28,600519,14:03:24,1330.0800,9,2
2026-01-28,600519,14:03:27,1330.1000,13,2
2026-01-28,600519,14:03:30,1330.0200,7,2
2026-01-28,600519,14:03:33,1330.0000,5,2
2026-01-28,600519,14:03:36,1330.0000,9,2
2026-01-28,600519,14:03:39,1330.0000,8,2
2026-01-28,600519,14:03:42,1330.0000,35,2
2026-01-28,600519,14:03:45,1329.9600,38,2
2026-01-28,600519,14:03:48,1329.9600,9,2
2026-01-28,600519,14:03:51,1329.9600,4,1
2026-01-28,600519,14:03:54,1329.6700,3,2
2026-01-28,600519,14:03:57,1329.6300,6,2
2026-01-28,600519,14:04:00,1329.6300,5,2
2026-01-28,600519,14:04:03,1329.5100,3,2
2026-01-28,600519,14:04:06,1329.6000,8,1
2026-01-28,600519,14:04:09,1329.6000,3,1
2026-01-28,600519,14:04:12,1329.7000,33,1
2026-01-28,600519,14:04:15,1329.9600,8,1
2026-01-28,600519,14:04:18,1329.9600,44,1
2026-01-28,600519,14:04:21,1329.8500,0,1
2026-01-28,600519,14:04:24,1329.8199,4,2
2026-01-28,600519,14:04:27,1329.6400,7,2
2026-01-28,600519,14:04:30,1329.9600,12,1
2026-01-28,600519,14:04:33,1329.6400,3,2
2026-01-28,600519,14:04:36,1329.6300,2,2
2026-01-28,600519,14:04:39,1329.6200,14,2
2026-01-28,600519,10:52:30,1329.2000,6,1
2026-01-28,600519,10:52:33,1329.2000,18,2
2026-01-28,600519,10:52:36,1329.0100,79,2
2026-01-28,600519,10:52:39,1328.5400,552,2
2026-01-28,600519,10:52:42,1328.2800,66,2
2026-01-28,600519,10:52:45,1328.1899,18,2
2026-01-28,600519,10:52:48,1328.1801,22,2
2026-01-28,600519,10:52:51,1328.1400,32,2
2026-01-28,600519,10:52:54,1328.1801,15,1
2026-01-28,600519,10:52:57,1328.1000,19,2
2026-01-28,600519,10:53:00,1328.0900,11,2
2026-01-28,600519,10:53:03,1328.1000,6,2
2026-01-28,600519,10:53:06,1328.1000,7,2
2026-01-28,600519,10:53:09,1328.2800,18,1
2026-01-28,600519,10:53:12,1328.2100,6,2
2026-01-28,600519,10:53:15,1328.2900,5,1
2026-01-28,600519,10:53:18,1328.4301,18,1
2026-01-28,600519,10:53:21,1328.5699,18,1
2026-01-28,600519,10:53:24,1328.5699,17,2
2026-01-28,600519,10:53:27,1328.9800,8,1
2026-01-28,600519,10:53:30,1328.8199,19,2
2026-01-28,600519,10:53:33,1328.5800,10,2
2026-01-28,600519,10:53:36,1328.5800,49,2
2026-01-28,600519,10:53:39,1328.7600,14,1
2026-01-28,600519,10:53:42,1328.5800,9,2
2026-01-28,600519,10:53:45,1328.5800,10,2
2026-01-28,600519,10:53:48,1328.7800,19,1
2026-01-28,600519,10:53:51,1328.7700,14,4
2026-01-28,600519,10:53:54,1328.7800,9,1
2026-01-28,600519,10:53:57,1328.7800,11,2
2026-01-28,600519,10:54:00,1328.8500,8,1
2026-01-28,600519,10:54:03,1328.7900,17,2
2026-01-28,600519,10:54:06,1328.8600,6,1
2026-01-28,600519,10:54:09,1328.8700,17,1
2026-01-28,600519,10:54:12,1328.8600,12,2
2026-01-28,600519,10:54:15,1328.9600,14,1
2026-01-28,600519,10:54:18,1329.1000,18,1
2026-01-28,600519,10:54:21,1329.3400,12,1
2026-01-28,600519,10:54:24,1329.7400,4,1
2026-01-28,600519,10:54:27,1330.0000,16,1
2026-01-28,600519,10:54:30,1329.9000,11,2
2026-01-28,600519,10:54:33,1330.0000,21,1
2026-01-28,600519,10:54:36,1329.8700,3,2
2026-01-28,600519,10:54:39,1329.8700,15,2
2026-01-28,600519,10:54:42,1329.9000,16,2
2026-01-28,600519,10:54:45,1328.9900,25,2
2026-01-28,600519,10:54:48,1328.8800,15,2
2026-01-28,600519,10:54:51,1329.5500,18,1
2026-01-28,600519,10:54:54,1328.8800,20,2
2026-01-28,600519,10:54:57,1329.4900,10,1
2026-01-28,600519,10:55:00,1329.4600,22,1
2026-01-28,600519,10:55:03,1329.6600,22,1
2026-01-28,600519,10:55:06,1328.7700,5,2
2026-01-28,600519,10:55:09,1329.2100,13,1
2026-01-28,600519,10:55:12,1328.7600,31,2
2026-01-28,600519,10:55:15,1329.3500,12,1
2026-01-28,600519,10:55:18,1328.8800,16,2
2026-01-28,600519,10:55:21,1328.7600,5,2
2026-01-28,600519,10:55:24,1329.2800,9,1
2026-01-28,600519,10:55:27,1329.2900,27,1
2026-01-28,600519,10:55:30,1329.2700,13,1
2026-01-28,600519,10:55:33,1328.8101,13,2
2026-01-28,600519,10:55:36,1328.8000,9,2
2026-01-28,600519,10:55:39,1329.3000,7,1
2026-01-28,600519,10:55:42,1328.7000,15,2
2026-01-28,600519,10:55:45,1328.7700,3,2
2026-01-28,600519,10:55:48,1328.7000,28,2
2026-01-28,600519,10:55:51,1329.2900,10,1
2026-01-28,600519,10:55:54,1328.7600,16,2
2026-01-28,600519,10:55:57,1329.3101,11,1
2026-01-28,600519,10:56:00,1329.3300,8,1
2026-01-28,600519,10:56:03,1329.4100,22,1
2026-01-28,600519,10:56:06,1329.3400,13,2
2026-01-28,600519,10:56:09,1329.3400,13,2
2026-01-28,600519,10:56:12,1329.3400,21,2
2026-01-28,600519,10:56:15,1329.3101,25,2
2026-01-28,600519,10:56:18,1329.2700,17,2
2026-01-28,600519,10:56:21,1328.8800,10,2
2026-01-28,600519,10:56:24,1329.3300,29,1
2026-01-28,600519,10:56:27,1329.3101,6,1
2026-01-28,600519,10:56:30,1328.8800,20,2
2026-01-28,600519,10:56:33,1328.7600,13,2
2026-01-28,600519,10:56:36,1329.3300,23,1
2026-01-28,600519,10:56:39,1329.3400,19,1
2026-01-28,600519,10:56:42,1329.3300,8,2
2026-01-28,600519,10:56:45,1329.2800,16,2
2026-01-28,600519,10:56:48,1328.8800,9,2
2026-01-28,600519,10:56:51,1328.7100,17,2
2026-01-28,600519,10:56:54,1328.7100,23,1
2026-01-28,600519,10:56:57,1328.7000,22,2
2026-01-28,600519,10:57:00,1328.5200,33,2
2026-01-28,600519,10:57:03,1328.5200,25,2
2026-01-28,600519,10:57:06,1328.5000,32,2
2026-01-28,600519,10:57:09,1328.5000,17,2
2026-01-28,600519,10:57:12,1328.5000,25,1
2026-01-28,600519,10:57:15,1328.3800,17,2
2026-01-28,600519,10:57:18,1328.3300,14,2
2026-01-28,600519,10:57:21,1328.5000,11,1
2026-01-28,600519,10:57:24,1328.5800,17,1
2026-01-28,600519,10:57:27,1328.5900,15,2
2026-01-28,600519,10:57:30,1328.5000,13,2
2026-01-28,600519,10:57:33,1328.5000,15,2
2026-01-28,600519,10:57:36,1328.6100,12,1
2026-01-28,600519,10:57:39,1328.6100,17,2
2026-01-28,600519,10:57:42,1328.5100,15,2
2026-01-28,600519,10:57:45,1328.5000,6,2
2026-01-28,600519,10:57:48,1328.6100,20,1
2026-01-28,600519,10:57:51,1328.6100,11,1
2026-01-28,600519,10:57:54,1328.6300,22,1
2026-01-28,600519,10:57:57,1328.6300,15,2
2026-01-28,600519,10:58:00,1328.7500,21,1
2026-01-28,600519,10:58:03,1328.8600,15,1
2026-01-28,600519,10:58:06,1328.9900,6,1
2026-01-28,600519,10:58:09,1329.0000,14,1
2026-01-28,600519,10:58:12,1329.2700,13,1
2026-01-28,600519,10:58:15,1329.0000,17,2
2026-01-28,600519,10:58:18,1328.9800,5,2
2026-01-28,600519,10:58:21,1328.8000,27,2
2026-01-28,600519,10:58:24,1329.0000,39,1
2026-01-28,600519,10:58:27,1328.8800,15,2
2026-01-28,600519,10:58:30,1328.8000,34,2
2026-01-28,600519,10:58:33,1328.7500,28,2
2026-01-28,600519,10:58:36,1328.7500,5,2
2026-01-28,600519,10:58:39,1328.8400,7,1
2026-01-28,600519,10:58:42,1328.7400,23,2
2026-01-28,600519,10:58:45,1328.9600,14,1
2026-01-28,600519,10:58:48,1328.8101,10,2
2026-01-28,600519,10:58:51,1328.8500,16,4
2026-01-28,600519,10:58:54,1328.8500,2,2
2026-01-28,600519,10:58:57,1328.7500,6,1
2026-01-28,600519,10:59:00,1329.2900,10,1
2026-01-28,600519,10:59:03,1329.3000,13,1
2026-01-28,600519,10:59:06,1328.7600,9,2
2026-01-28,600519,10:59:09,1328.7500,17,2
2026-01-28,600519,10:59:12,1328.7600,5,2
2026-01-28,600519,10:59:15,1328.6300,21,2
2026-01-28,600519,10:59:18,1328.5800,20,2
2026-01-28,600519,10:59:21,1328.5100,9,2
2026-01-28,600519,10:59:24,1328.5601,30,1
2026-01-28,600519,10:59:27,1328.5100,24,2
2026-01-28,600519,10:59:30,1328.5900,19,1
2026-01-28,600519,10:59:33,1328.3800,25,2
2026-01-28,600519,10:59:36,1328.3101,5,2
2026-01-28,600519,10:59:39,1328.2900,24,2
2026-01-28,600519,10:59:42,1328.2400,21,2
2026-01-28,600519,10:59:45,1328.2300,19,2
2026-01-28,600519,10:59:48,1328.2200,23,1
2026-01-28,600519,10:59:51,1328.1801,34,2
2026-01-28,600519,10:59:54,1328.2900,33,1
2026-01-28,600519,10:59:57,1328.2900,17,2
2026-01-28,600519,11:00:00,1328.2900,30,1
2026-01-28,600519,11:00:03,1328.1000,19,2
2026-01-28,600519,11:00:06,1328.1100,23,2
2026-01-28,600519,11:00:09,1328.1300,34,1
2026-01-28,600519,11:00:12,1328.1200,24,4
2026-01-28,600519,11:00:15,1328.1300,16,1
2026-01-28,600519,11:00:18,1328.2200,27,1
2026-01-28,600519,11:00:21,1328.2100,20,2
2026-01-28,600519,11:00:24,1328.2200,21,1
2026-01-28,600519,11:00:27,1328.2500,20,1
2026-01-28,600519,11:00:30,1328.2500,22,2
2026-01-28,600519,11:00:33,1328.2300,4,2
2026-01-28,600519,11:00:36,1328.1100,52,2
2026-01-28,600519,11:00:39,1328.1200,27,2
2026-01-28,600519,11:00:42,1328.1200,24,1
2026-01-28,600519,11:00:45,1328.1200,39,1
2026-01-28,600519,11:00:48,1328.1000,28,2
2026-01-28,600519,11:00:51,1328.1200,33,1
2026-01-28,600519,11:00:54,1328.2100,21,1
2026-01-28,600519,11:00:57,1328.1700,32,1
2026-01-28,600519,11:01:00,1328.0200,27,2
2026-01-28,600519,11:01:03,1328.1500,23,1
2026-01-28,600519,11:01:06,1328.1300,33,1
2026-01-28,600519,11:01:09,1328.1200,9,1
2026-01-28,600519,11:01:12,1328.0100,50,2
2026-01-28,600519,11:01:15,1328.0500,8,2
2026-01-28,600519,11:01:18,1328.0000,27,2
2026-01-28,600519,11:01:21,1328.1801,6,1
2026-01-28,600519,11:01:24,1328.1100,35,2
2026-01-28,600519,11:01:27,1328.6300,12,1
2026-01-28,600519,11:01:30,1328.0100,18,2
2026-01-28,600519,11:01:33,1328.1000,11,2
2026-01-28,600519,11:01:36,1328.5900,16,1
2026-01-28,600519,11:01:39,1328.5500,12,1
2026-01-28,600519,11:01:42,1328.0100,34,2
2026-01-28,600519,11:01:45,1328.5100,22,1
2026-01-28,600519,11:01:48,1328.5200,26,1
2026-01-28,600519,11:01:51,1328.5500,24,1
2026-01-28,600519,11:01:54,1328.1000,23,2
2026-01-28,600519,11:01:57,1328.5500,6,1
2026-01-28,600519,11:02:00,1328.5500,23,1
2026-01-28,600519,11:02:03,1328.5100,8,1
2026-01-28,600519,11:02:06,1328.5900,19,1
2026-01-28,600519,11:02:09,1328.6200,14,1
2026-01-28,600519,11:02:12,1328.6100,7,2
2026-01-28,600519,11:02:15,1328.5100,23,2
2026-01-28,600519,11:02:18,1328.6100,8,1
2026-01-28,600519,11:02:21,1328.6200,9,1
2026-01-28,600519,11:02:24,1328.6300,8,1
2026-01-28,600519,11:02:27,1328.6200,15,4
2026-01-28,600519,11:02:30,1328.5100,16,2
2026-01-28,600519,11:02:33,1328.0200,26,2
2026-01-28,600519,11:02:36,1328.5300,44,1
2026-01-28,600519,11:02:39,1328.1100,15,2
2026-01-28,600519,11:02:42,1328.0100,17,2
2026-01-28,600519,11:02:45,1328.0000,99,2
2026-01-28,600519,11:02:48,1328.0900,10,2
2026-01-28,600519,11:02:51,1328.5200,40,1
2026-01-28,600519,11:02:54,1328.0900,15,2
2026-01-28,600519,11:02:57,1328.0000,26,2
2026-01-28,600519,11:03:00,1328.0100,23,2
2026-01-28,600519,11:03:03,1328.0100,33,2
2026-01-28,600519,11:03:06,1328.0100,19,2
2026-01-28,600519,11:03:09,1328.4700,9,1
2026-01-28,600519,11:03:12,1328.0500,30,2
2026-01-28,600519,11:03:15,1328.4600,23,1
2026-01-28,600519,11:03:18,1328.4600,18,1
2026-01-28,600519,11:03:21,1328.4600,14,1
2026-01-28,600519,11:03:24,1328.4600,12,2
2026-01-28,600519,11:03:27,1328.4700,7,2
2026-01-28,600519,11:03:30,1328.4600,9,2
2026-01-28,600519,11:03:33,1328.5000,18,1
2026-01-28,600519,11:03:36,1328.2500,12,1
2026-01-28,600519,11:03:39,1328.0000,68,2
2026-01-28,600519,11:03:42,1328.0100,59,2
2026-01-28,600519,11:03:45,1328.0000,27,2
2026-01-28,600519,11:03:48,1328.2200,14,1
2026-01-28,600519,11:03:51,1328.0000,16,2
2026-01-28,600519,11:03:54,1328.0601,8,2
2026-01-28,600519,11:03:57,1328.0601,2,2
2026-01-28,600519,11:04:00,1328.0699,2,2
2026-01-28,600519,11:04:03,1328.0601,6,2
2026-01-28,600519,11:04:06,1328.1700,5,1
2026-01-28,600519,11:04:09,1328.1899,1,2
2026-01-28,600519,11:04:12,1328.2500,10,1
2026-01-28,600519,11:04:15,1328.3300,5,1
2026-01-28,600519,11:04:18,1328.4600,4,1
2026-01-28,600519,11:04:21,1328.6801,33,1
2026-01-28,600519,11:04:27,1328.5000,8,2
2026-01-28,600519,11:04:30,1328.6801,8,1
2026-01-28,600519,11:04:33,1328.5300,7,2
2026-01-28,600519,11:04:36,1328.5000,3,2
2026-01-28,600519,11:04:39,1328.9800,8,1
2026-01-28,600519,11:04:42,1328.9800,7,1
2026-01-28,600519,11:04:45,1329.1899,4,1
2026-01-28,600519,11:04:48,1329.2600,5,1
2026-01-28,600519,11:04:51,1328.9900,6,2
2026-01-28,600519,11:04:54,1329.2900,2,2
2026-01-28,600519,11:04:57,1329.2900,3,1
2026-01-28,600519,11:05:00,1329.4200,3,1
2026-01-28,600519,11:05:03,1329.1899,6,2
2026-01-28,600519,11:05:06,1329.2000,6,2
2026-01-28,600519,11:05:09,1329.2000,16,2
2026-01-28,600519,11:05:12,1329.2000,17,2
2026-01-28,600519,11:05:15,1328.5300,20,2
2026-01-28,600519,11:05:18,1328.3300,13,2
2026-01-28,600519,11:05:21,1328.3300,5,2
2026-01-28,600519,11:05:24,1328.3300,14,2
2026-01-28,600519,11:05:27,1328.4900,13,1
2026-01-28,600519,11:05:30,1328.5000,2,1
2026-01-28,600519,11:05:33,1328.4600,1,1
2026-01-28,600519,11:05:36,1328.4600,7,2
2026-01-28,600519,11:05:39,1328.4600,1,1
2026-01-28,600519,11:05:42,1328.5200,3,1
2026-01-28,600519,11:05:45,1328.5200,1,2
2026-01-28,600519,11:05:48,1328.5200,7,2
2026-01-28,600519,11:05:51,1328.5300,4,1
2026-01-28,600519,11:05:57,1328.6000,4,1
2026-01-28,600519,11:06:00,1328.6000,1,1
2026-01-28,600519,11:06:06,1328.6000,12,2
2026-01-28,600519,11:06:09,1328.7400,1,4
2026-01-28,600519,11:06:12,1328.7500,3,2
2026-01-28,600519,11:06:15,1328.7500,2,2
2026-01-28,600519,11:06:18,1328.7500,5,2
2026-01-28,600519,11:06:21,1328.7500,5,2
2026-01-28,600519,11:06:24,1328.9500,22,1
2026-01-28,600519,11:06:27,1328.6700,41,2
2026-01-28,600519,11:06:30,1328.6000,11,2
2026-01-28,600519,11:06:33,1328.6100,9,4
2026-01-28,600519,11:06:36,1328.6000,16,2
2026-01-28,600519,11:06:39,1328.6100,7,1
2026-01-28,600519,11:06:42,1328.6200,5,1
2026-01-28,600519,11:06:45,1328.6200,8,2
2026-01-28,600519,11:06:48,1328.6200,3,2
2026-01-28,600519,11:06:51,1328.9000,1,1
2026-01-28,600519,11:06:54,1328.6600,3,2
2026-01-28,600519,11:06:57,1328.9000,5,2
2026-01-28,600519,11:07:00,1328.9399,4,1
2026-01-28,600519,11:07:03,1328.9100,1,2
2026-01-28,600519,11:07:06,1328.9200,6,1
2026-01-28,600519,11:07:09,1328.6600,8,2
2026-01-28,600519,11:07:12,1328.8000,4,2
2026-01-28,600519,11:07:15,1328.8500,6,1
2026-01-28,600519,11:07:18,1328.8800,5,1
2026-01-28,600519,11:07:21,1328.8600,5,1
2026-01-28,600519,11:07:24,1328.8600,4,2
2026-01-28,600519,11:07:27,1328.8600,6,2
2026-01-28,600519,11:07:30,1328.9000,3,1
2026-01-28,600519,11:07:33,1328.9100,4,1
2026-01-28,600519,11:07:36,1328.9000,5,2
2026-01-28,600519,11:07:39,1328.9301,3,1
2026-01-28,600519,11:07:42,1328.9301,5,1
2026-01-28,600519,11:07:51,1328.9301,8,2
2026-01-28,600519,11:07:54,1328.9399,1,1
2026-01-28,600519,11:07:57,1328.9399,5,1
2026-01-28,600519,11:08:00,1328.9399,4,1
2026-01-28,600519,11:08:03,1328.9600,11,1
2026-01-28,600519,11:08:06,1328.9700,1,1
2026-01-28,600519,11:08:09,1328.9700,9,1
2026-01-28,600519,11:08:12,1329.0000,13,1
2026-01-28,600519,11:08:15,1329.0000,8,2
2026-01-28,600519,11:08:18,1329.1899,6,1
2026-01-28,600519,11:08:21,1329.0900,8,2
2026-01-28,600519,11:08:24,1329.0000,12,2
2026-01-28,600519,11:08:27,1329.0100,6,2
2026-01-28,600519,11:08:30,1329.0699,8,1
2026-01-28,600519,11:08:33,1329.0699,5,1
2026-01-28,600519,11:08:36,1329.0699,5,1
2026-01-28,600519,11:08:39,1329.0900,3,1
2026-01-28,600519,11:08:42,1329.0900,2,2
2026-01-28,600519,11:08:45,1329.1000,5,2
2026-01-28,600519,11:08:48,1329.0900,1,2
2026-01-28,600519,11:08:51,1329.1801,4,1
2026-01-28,600519,11:08:54,1329.1899,5,1
2026-01-28,600519,11:08:57,1329.1899,6,1
2026-01-28,600519,11:09:00,1329.1801,2,2
2026-01-28,600519,11:09:03,1329.1801,8,2
2026-01-28,600519,11:09:06,1329.1300,5,2
2026-01-28,600519,11:09:09,1329.1300,6,1
2026-01-28,600519,11:09:12,1329.0900,14,2
2026-01-28,600519,11:09:15,1329.0800,15,2
2026-01-28,600519,11:09:18,1329.0300,7,2
2026-01-28,600519,11:09:21,1329.0000,11,2
2026-01-28,600519,11:09:24,1329.0699,7,1
2026-01-28,600519,11:09:27,1329.0000,7,2
2026-01-28,600519,11:09:30,1329.0200,5,2
2026-01-28,600519,11:09:33,1329.0000,3,2
2026-01-28,600519,11:09:36,1329.0200,5,1
2026-01-28,600519,11:09:39,1329.0200,2,1
2026-01-28,600519,11:09:42,1329.0100,7,2
2026-01-28,600519,11:09:45,1329.0200,4,1
2026-01-28,600519,11:09:48,1329.0100,7,2
2026-01-28,600519,11:09:51,1329.0100,7,2
2026-01-28,600519,11:09:54,1329.0200,6,2
2026-01-28,600519,11:09:57,1329.0500,2,1
2026-01-28,600519,11:10:00,1329.0601,3,1
2026-01-28,600519,11:10:03,1329.0601,1,2
2026-01-28,600519,11:10:06,1329.0699,1,1
2026-01-28,600519,11:10:09,1329.0699,2,1
2026-01-28,600519,11:10:12,1329.0699,3,2
2026-01-28,600519,11:10:15,1329.0800,8,1
2026-01-28,600519,11:10:18,1329.0800,6,1
2026-01-28,600519,11:10:21,1329.0601,13,2
2026-01-28,600519,11:10:24,1329.0699,11,1
2026-01-28,600519,11:10:27,1329.0601,6,2
2026-01-28,600519,11:10:30,1329.0699,3,2
2026-01-28,600519,11:10:33,1329.0800,12,1
2026-01-28,600519,11:10:36,1329.0800,2,1
2026-01-28,600519,11:10:39,1329.0601,12,2
2026-01-28,600519,11:10:42,1329.0800,4,2
2026-01-28,600519,11:10:45,1329.0800,9,1
2026-01-28,600519,11:10:48,1329.0800,2,1
2026-01-28,600519,11:10:51,1329.0800,4,1
2026-01-28,600519,11:10:54,1329.0800,4,1
2026-01-28,600519,11:10:57,1329.0800,7,1
2026-01-28,600519,11:11:00,1329.0800,6,2
2026-01-28,600519,11:11:03,1329.1899,21,1
2026-01-28,600519,11:11:06,1329.1300,16,2
2026-01-28,600519,11:11:09,1329.2000,7,1
2026-01-28,600519,11:11:12,1329.0800,11,2
2026-01-28,600519,11:11:15,1329.0800,11,2
2026-01-28,600519,11:11:18,1329.1600,6,1
2026-01-28,600519,11:11:21,1329.0800,13,2
2026-01-28,600519,11:11:24,1329.1600,6,1
2026-01-28,600519,11:11:27,1329.0699,5,2
2026-01-28,600519,11:11:30,1329.1600,7,1
2026-01-28,600519,11:11:33,1329.1600,22,1
2026-01-28,600519,11:11:36,1329.2000,2,1
2026-01-28,600519,11:11:39,1329.1600,28,2
2026-01-28,600519,11:11:42,1329.3800,4,1
2026-01-28,600519,11:11:45,1329.1600,4,2
2026-01-28,600519,11:11:48,1329.3800,3,1
2026-01-28,600519,11:11:51,1329.3800,41,1
2026-01-28,600519,11:11:54,1329.3800,5,2
2026-01-28,600519,11:11:57,1329.4399,3,1
2026-01-28,600519,11:12:00,1329.4399,1,1
2026-01-28,600519,11:12:06,1329.4800,3,1
2026-01-28,600519,11:12:09,1329.4500,4,2
2026-01-28,600519,11:12:12,1329.3800,8,2
2026-01-28,600519,11:12:15,1329.3800,8,2
2026-01-28,600519,11:12:18,1329.2900,8,2
2026-01-28,600519,11:12:21,1329.2500,9,1
2026-01-28,600519,11:12:24,1329.0200,16,2
2026-01-28,600519,11:12:27,1329.0699,1,1
2026-01-28,600519,11:12:30,1329.0400,7,2
2026-01-28,600519,11:12:33,1329.0699,3,1
2026-01-28,600519,11:12:36,1329.1700,7,1
2026-01-28,600519,11:12:39,1329.0699,3,2
2026-01-28,600519,11:12:42,1329.1700,1,2
2026-01-28,600519,11:12:45,1329.1700,5,2
2026-01-28,600519,11:12:48,1329.3500,6,1
2026-01-28,600519,11:12:51,1329.0100,4,2
2026-01-28,600519,11:12:54,1329.4301,14,1
2026-01-28,600519,11:12:57,1329.0100,7,2
2026-01-28,600519,11:13:00,1329.4301,12,1
2026-01-28,600519,11:13:03,1329.4301,4,2
2026-01-28,600519,11:13:06,1329.4399,8,1
2026-01-28,600519,11:13:09,1329.4399,4,1
