date,code,time,price,volume,bs
2026-02-03,000333,14:06:54,77.5100,17,1
2026-02-03,000333,14:06:57,77.5100,82,1
2026-02-03,000333,14:07:00,77.5100,30,4
2026-02-03,000333,14:07:03,77.5000,82,2
2026-02-03,000333,14:07:06,77.5000,30,2
2026-02-03,000333,14:07:09,77.5000,57,2
2026-02-03,000333,14:07:12,77.4900,86,2
2026-02-03,000333,14:07:15,77.5000,57,1
2026-02-03,000333,14:07:18,77.4900,36,2
2026-02-03,000333,14:07:21,77.4900,66,2
2026-02-03,000333,14:07:24,77.4800,25,2
2026-02-03,000333,14:07:27,77.4800,51,2
2026-02-03,000333,14:07:30,77.4800,36,2
2026-02-03,000333,14:07:33,77.4800,39,2
2026-02-03,000333,14:07:36,77.4800,68,2
2026-02-03,000333,14:07:39,77.4800,37,2
2026-02-03,000333,14:07:42,77.4800,108,2
2026-02-03,000333,14:07:45,77.4800,31,2
2026-02-03,000333,14:07:48,77.4800,50,2
2026-02-03,000333,14:07:51,77.4800,140,2
2026-02-03,000333,14:07:54,77.4700,89,2
2026-02-03,000333,14:07:57,77.4700,137,2
2026-02-03,000333,14:08:00,77.4700,49,2
2026-02-03,000333,14:08:03,77.4600,39,2
2026-02-03,000333,14:08:06,77.4600,127,2
2026-02-03,000333,14:08:09,77.4600,62,2
2026-02-03,000333,14:08:12,77.4700,98,1
2026-02-03,000333,14:08:15,77.4900,34,1
2026-02-03,000333,14:08:18,77.4900,235,1
2026-02-03,000333,14:08:21,77.4900,47,2
2026-02-03,000333,14:08:24,77.4900,61,1
2026-02-03,000333,14:08:27,77.4900,35,1
2026-02-03,000333,14:08:30,77.4700,36,2
2026-02-03,000333,14:08:33,77.4700,33,2
2026-02-03,000333,14:08:36,77.4600,37,2
2026-02-03,000333,14:08:39,77.4700,13,1
2026-02-03,000333,14:08:42,77.4700,33,1
2026-02-03,000333,14:08:45,77.4800,52,1
2026-02-03,000333,14:08:48,77.4700,6,2
2026-02-03,000333,14:08:51,77.4700,59,2
2026-02-03,000333,14:08:54,77.4900,26,1
2026-02-03,000333,14:08:57,77.5000,64,1
2026-02-03,000333,14:09:00,77.5000,6,1
2026-02-03,000333,14:09:03,77.4900,21,2
2026-02-03,000333,14:09:06,77.5000,71,1
2026-02-03,000333,14:09:09,77.5000,90,1
2026-02-03,000333,14:09:12,77.5300,57,1
2026-02-03,000333,14:09:15,77.5100,38,2
2026-02-03,000333,14:09:18,77.5100,40,1
2026-02-03,000333,14:09:21,77.5100,58,1
2026-02-03,000333,14:09:24,77.5000,38,2
2026-02-03,000333,14:09:27,77.5000,24,2
2026-02-03,000333,14:09:30,77.5000,160,2
2026-02-03,000333,14:09:33,77.5000,33,1
2026-02-03,000333,14:09:36,77.4900,217,2
2026-02-03,000333,14:09:39,77.4900,172,2
2026-02-03,000333,14:09:42,77.4800,112,2
2026-02-03,000333,14:09:45,77.4700,401,2
2026-02-03,000333,14:09:48,77.4500,249,2
2026-02-03,000333,14:09:51,77.4500,175,2
2026-02-03,000333,14:09:54,77.4500,238,2
2026-02-03,000333,14:09:57,77.4400,12,2
2026-02-03,000333,14:10:00,77.4500,148,1
2026-02-03,000333,14:10:03,77.4500,190,1
2026-02-03,000333,14:10:06,77.4700,61,1
2026-02-03,000333,14:10:09,77.4900,86,1
2026-02-03,000333,14:10:12,77.5000,58,1
2026-02-03,000333,14:10:15,77.5100,29,1
2026-02-03,000333,14:10:18,77.5100,80,1
2026-02-03,000333,14:10:21,77.5100,4,4
2026-02-03,000333,14:10:24,77.5100,15,2
2026-02-03,000333,14:10:27,77.5200,101,1
2026-02-03,000333,14:10:30,77.5200,3,2
2026-02-03,000333,14:10:33,77.5400,39,1
2026-02-03,000333,14:10:36,77.5400,25,1
2026-02-03,000333,14:10:39,77.5400,13,1
2026-02-03,000333,14:10:42,77.5400,68,1
2026-02-03,000333,14:10:45,77.5700,29,1
2026-02-03,000333,14:10:48,77.5700,24,1
2026-02-03,000333,14:10:51,77.5700,39,1
2026-02-03,000333,14:10:54,77.5600,30,2
2026-02-03,000333,14:10:57,77.5700,43,1
2026-02-03,000333,14:11:00,77.5700,64,1
2026-02-03,000333,14:11:03,77.5700,16,2
2026-02-03,000333,14:11:06,77.5700,145,1
2026-02-03,000333,14:11:09,77.5700,22,1
2026-02-03,000333,14:11:12,77.5600,23,2
2026-02-03,000333,14:11:15,77.5600,54,2
2026-02-03,000333,14:11:18,77.5600,27,2
2026-02-03,000333,14:11:21,77.5700,22,1
2026-02-03,000333,14:11:24,77.5600,5,2
2026-02-03,000333,14:11:27,77.5600,16,2
2026-02-03,000333,14:11:30,77.5700,14,1
2026-02-03,000333,14:11:33,77.5600,233,2
2026-02-03,000333,14:11:36,77.5700,42,1
2026-02-03,000333,14:11:39,77.5700,14,2
2026-02-03,000333,14:11:42,77.5700,94,1
2026-02-03,000333,14:11:45,77.5700,69,1
2026-02-03,000333,14:11:48,77.5700,3,1
2026-02-03,000333,14:11:51,77.5600,24,2
2026-02-03,000333,14:11:54,77.5600,17,2
2026-02-03,000333,14:11:57,77.5600,18,1
2026-02-03,000333,14:12:00,77.5700,28,1
2026-02-03,000333,14:12:03,77.5600,25,2
2026-02-03,000333,14:12:06,77.5700,95,1
2026-02-03,000333,14:12:09,77.5700,60,1
2026-02-03,000333,14:12:12,77.5700,14,1
2026-02-03,000333,14:12:15,77.5600,64,2
2026-02-03,000333,14:12:18,77.5600,13,2
2026-02-03,000333,14:12:21,77.5600,14,1
2026-02-03,000333,14:12:24,77.5700,41,1
2026-02-03,000333,14:12:27,77.5700,28,2
2026-02-03,000333,14:12:30,77.5800,10,1
2026-02-03,000333,14:12:33,77.5700,29,2
2026-02-03,000333,14:12:36,77.5600,55,2
2026-02-03,000333,14:12:39,77.5700,44,1
2026-02-03,000333,14:12:42,77.5500,46,2
2026-02-03,000333,14:12:45,77.5600,22,1
2026-02-03,000333,14:12:48,77.5700,18,1
2026-02-03,000333,14:12:51,77.5600,30,2
2026-02-03,000333,14:12:54,77.5500,41,2
2026-02-03,000333,14:12:57,77.5600,37,1
2026-02-03,000333,14:13:00,77.5500,43,2
2026-02-03,000333,14:13:03,77.5500,40,2
2026-02-03,000333,14:13:06,77.5500,51,1
2026-02-03,000333,14:13:09,77.5500,30,1
2026-02-03,000333,14:13:12,77.5400,89,2
2026-02-03,000333,14:13:15,77.5400,75,1
2026-02-03,000333,14:13:18,77.5400,29,2
2026-02-03,000333,14:13:21,77.5500,64,1
2026-02-03,000333,14:13:24,77.5500,31,2
2026-02-03,000333,14:13:27,77.5500,7,2
2026-02-03,000333,14:13:30,77.5800,216,1
2026-02-03,000333,14:13:33,77.6100,89,1
2026-02-03,000333,14:13:36,77.5900,18,2
2026-02-03,000333,14:13:39,77.5800,59,2
2026-02-03,000333,14:13:42,77.5800,53,2
2026-02-03,000333,14:13:45,77.5800,37,2
2026-02-03,000333,14:13:48,77.5700,43,2
2026-02-03,000333,14:13:51,77.5600,81,2
2026-02-03,000333,14:13:54,77.5600,15,1
2026-02-03,000333,14:13:57,77.5500,26,2
2026-02-03,000333,14:14:00,77.5500,115,2
2026-02-03,000333,14:14:03,77.5500,74,1
2026-02-03,000333,14:14:06,77.5400,33,2
2026-02-03,000333,14:14:09,77.5400,9,2
2026-02-03,000333,14:14:12,77.5400,18,2
2026-02-03,000333,14:14:15,77.5500,28,1
2026-02-03,000333,14:14:18,77.5500,62,1
2026-02-03,000333,14:14:21,77.5600,14,1
2026-02-03,000333,14:14:24,77.5600,21,1
2026-02-03,000333,14:14:27,77.5700,37,1
2026-02-03,000333,14:14:30,77.5800,8,1
2026-02-03,000333,14:14:33,77.5800,17,1
2026-02-03,000333,14:14:36,77.5700,34,2
2026-02-03,000333,14:14:39,77.5700,10,2
2026-02-03,000333,14:14:42,77.5800,12,1
2026-02-03,000333,14:14:45,77.5800,73,1
2026-02-03,000333,14:14:48,77.5800,19,1
2026-02-03,000333,14:14:51,77.5900,45,1
2026-02-03,000333,14:14:54,77.5900,25,2
2026-02-03,000333,14:14:57,77.5800,42,2
2026-02-03,000333,14:15:00,77.5900,18,4
2026-02-03,000333,14:15:03,77.5900,15,1
2026-02-03,000333,14:15:06,77.5900,39,1
2026-02-03,000333,14:15:09,77.6000,21,1
2026-02-03,000333,14:15:12,77.6000,79,1
2026-02-03,000333,14:15:15,77.6000,3,1
2026-02-03,000333,14:15:18,77.6000,47,1
2026-02-03,000333,14:15:21,77.6000,34,1
2026-02-03,000333,14:15:27,77.6000,46,1
2026-02-03,000333,14:15:30,77.6000,19,1
2026-02-03,000333,14:15:33,77.5900,138,2
2026-02-03,000333,14:15:36,77.5900,19,2
2026-02-03,000333,14:15:39,77.6100,53,1
2026-02-03,000333,14:15:42,77.6000,25,2
2026-02-03,000333,14:15:45,77.6000,24,2
2026-02-03,000333,14:15:48,77.6000,41,1
2026-02-03,000333,14:15:51,77.6000,7,2
2026-02-03,000333,14:15:54,77.6100,45,1
2026-02-03,000333,14:15:57,77.6100,7,1
2026-02-03,000333,14:16:00,77.6100,10,1
2026-02-03,000333,14:16:03,77.6000,34,2
2026-02-03,000333,14:16:06,77.5900,53,2
2026-02-03,000333,14:16:09,77.6000,64,1
2026-02-03,000333,14:16:12,77.5900,59,2
2026-02-03,000333,14:16:15,77.6000,13,4
2026-02-03,000333,14:16:18,77.6000,50,1
2026-02-03,000333,14:16:21,77.6000,10,2
2026-02-03,000333,14:16:24,77.6000,38,2
2026-02-03,000333,14:16:27,77.6100,36,1
2026-02-03,000333,14:16:30,77.6100,15,1
2026-02-03,000333,14:16:33,77.6100,12,1
2026-02-03,000333,14:16:36,77.6100,5,1
2026-02-03,000333,14:16:39,77.6100,85,1
2026-02-03,000333,14:16:42,77.6200,123,1
2026-02-03,000333,14:16:45,77.6800,377,1
2026-02-03,000333,14:16:48,77.6900,39,1
2026-02-03,000333,14:16:51,77.7000,50,1
2026-02-03,000333,14:16:54,77.6800,68,2
2026-02-03,000333,14:16:57,77.6800,29,1
2026-02-03,000333,14:17:00,77.6800,144,1
2026-02-03,000333,14:17:03,77.6900,129,4
2026-02-03,000333,14:17:06,77.6900,85,1
2026-02-03,000333,14:17:09,77.6900,50,2
2026-02-03,000333,14:17:12,77.7200,148,1
2026-02-03,000333,14:17:15,77.7300,56,1
2026-02-03,000333,14:17:18,77.7400,43,1
2026-02-03,000333,14:17:21,77.7200,181,2
2026-02-03,000333,14:17:24,77.7200,57,1
2026-02-03,000333,14:17:27,77.7300,111,1
2026-02-03,000333,14:17:30,77.7100,71,2
2026-02-03,000333,14:17:33,77.7100,50,1
2026-02-03,000333,14:17:36,77.7100,39,1
2026-02-03,000333,14:17:39,77.7300,90,1
2026-02-03,000333,14:17:42,77.7100,131,2
2026-02-03,000333,14:17:45,77.7100,25,1
2026-02-03,000333,14:17:48,77.7100,22,2
2026-02-03,000333,14:17:51,77.7200,99,1
2026-02-03,000333,14:17:54,77.7200,5,4
2026-02-03,000333,14:17:57,77.7100,153,2
2026-02-03,000333,14:18:00,77.7100,13,1
2026-02-03,000333,14:18:03,77.7100,5,1
2026-02-03,000333,14:18:06,77.6900,61,2
2026-02-03,000333,14:18:09,77.6800,101,2
2026-02-03,000333,14:18:12,77.7200,145,1
2026-02-03,000333,14:18:15,77.6800,8,2
2026-02-03,000333,14:18:18,77.6900,74,1
2026-02-03,000333,14:18:21,77.6900,12,2
2026-02-03,000333,14:18:24,77.6800,16,2
2026-02-03,000333,14:18:27,77.6800,11,2
2026-02-03,000333,14:18:30,77.6800,34,2
2026-02-03,000333,14:18:33,77.6800,17,2
2026-02-03,000333,14:18:36,77.6800,17,2
2026-02-03,000333,14:18:39,77.6900,8,1
2026-02-03,000333,14:18:42,77.6900,13,1
2026-02-03,000333,14:18:45,77.6900,11,1
2026-02-03,000333,14:18:48,77.6900,93,1
2026-02-03,000333,14:18:51,77.6900,9,2
2026-02-03,000333,14:18:54,77.6900,123,2
2026-02-03,000333,14:18:57,77.7000,11,1
2026-02-03,000333,14:19:00,77.7100,85,1
2026-02-03,000333,14:19:03,77.7000,242,2
2026-02-03,000333,14:19:06,77.7100,9,4
2026-02-03,000333,14:19:09,77.7200,29,1
2026-02-03,000333,14:19:12,77.7200,26,1
2026-02-03,000333,14:19:15,77.7200,46,1
2026-02-03,000333,14:19:18,77.7100,155,2
2026-02-03,000333,14:19:21,77.7100,101,2
2026-02-03,000333,14:19:24,77.7100,101,1
2026-02-03,000333,14:19:27,77.7000,59,2
2026-02-03,000333,14:19:30,77.7000,23,1
2026-02-03,000333,14:19:33,77.6900,130,2
2026-02-03,000333,14:19:36,77.6800,49,2
2026-02-03,000333,14:19:42,77.6900,21,1
2026-02-03,000333,14:19:45,77.7000,17,1
2026-02-03,000333,14:19:48,77.6900,31,2
2026-02-03,000333,14:19:51,77.7000,20,1
2026-02-03,000333,14:19:54,77.6900,11,2
2026-02-03,000333,14:19:57,77.6900,11,2
2026-02-03,000333,14:20:00,77.6900,66,2
2026-02-03,000333,14:20:03,77.6900,22,2
2026-02-03,000333,14:20:06,77.7000,5,1
2026-02-03,000333,14:20:09,77.7000,10,1
2026-02-03,000333,14:20:12,77.6900,92,2
2026-02-03,000333,14:20:15,77.7100,53,1
2026-02-03,000333,14:20:18,77.7200,160,1
2026-02-03,000333,14:20:21,77.7300,39,1
2026-02-03,000333,14:20:24,77.7300,24,1
2026-02-03,000333,14:20:27,77.7300,22,2
2026-02-03,000333,14:20:30,77.7200,52,2
2026-02-03,000333,14:20:33,77.7200,25,2
2026-02-03,000333,14:20:36,77.7300,17,4
2026-02-03,000333,14:20:39,77.7300,31,1
2026-02-03,000333,14:20:42,77.7300,9,2
2026-02-03,000333,14:20:45,77.7300,90,1
2026-02-03,000333,14:20:48,77.7500,37,1
2026-02-03,000333,14:20:51,77.7500,13,1
2026-02-03,000333,14:20:54,77.7500,6,1
2026-02-03,000333,14:20:57,77.7500,39,1
2026-02-03,000333,14:21:00,77.7400,51,2
2026-02-03,000333,14:21:03,77.7400,65,1
2026-02-03,000333,14:21:06,77.7200,89,2
2026-02-03,000333,14:21:09,77.7200,72,1
2026-02-03,000333,14:21:12,77.7000,51,2
2026-02-03,000333,14:21:15,77.7000,52,2
2026-02-03,000333,14:21:18,77.6900,26,2
2026-02-03,000333,14:21:21,77.6900,9,2
2026-02-03,000333,14:21:24,77.6900,18,1
2026-02-03,000333,14:21:27,77.6900,15,1
2026-02-03,000333,14:21:30,77.7000,26,1
2026-02-03,000333,14:21:33,77.6900,51,2
2026-02-03,000333,14:21:36,77.7100,47,1
2026-02-03,000333,14:21:39,77.7100,49,1
2026-02-03,000333,14:21:42,77.7300,29,1
2026-02-03,000333,14:21:45,77.7400,67,1
2026-02-03,000333,14:21:48,77.7200,87,1
2026-02-03,000333,14:21:51,77.7300,65,1
2026-02-03,000333,14:21:54,77.7100,131,2
2026-02-03,000333,14:21:57,77.7300,88,1
2026-02-03,000333,14:22:00,77.7500,19,1
2026-02-03,000333,14:22:03,77.7500,26,1
2026-02-03,000333,14:22:06,77.7200,95,2
2026-02-03,000333,14:22:09,77.7200,20,1
2026-02-03,000333,14:22:12,77.7100,21,2
2026-02-03,000333,14:22:15,77.7200,13,1
2026-02-03,000333,14:22:18,77.7300,64,1
2026-02-03,000333,14:22:21,77.7400,24,1
2026-02-03,000333,14:22:24,77.7300,3,2
2026-02-03,000333,14:22:27,77.7300,2,2
2026-02-03,000333,14:22:30,77.7300,13,2
2026-02-03,000333,14:22:33,77.7400,26,1
2026-02-03,000333,14:22:36,77.7300,23,2
2026-02-03,000333,14:22:39,77.7400,37,1
2026-02-03,000333,14:22:42,77.7400,27,1
2026-02-03,000333,14:22:45,77.7400,43,1
2026-02-03,000333,14:22:48,77.7400,53,1
2026-02-03,000333,14:22:51,77.7400,23,2
2026-02-03,000333,14:22:54,77.7400,18,2
2026-02-03,000333,14:22:57,77.7500,63,1
2026-02-03,000333,14:23:00,77.7500,39,2
2026-02-03,000333,14:23:03,77.7600,40,1
2026-02-03,000333,14:23:06,77.7400,27,2
2026-02-03,000333,14:23:09,77.7400,32,2
2026-02-03,000333,14:23:12,77.7500,17,1
2026-02-03,000333,14:23:15,77.7500,21,1
2026-02-03,000333,14:23:18,77.7400,21,2
2026-02-03,000333,14:23:21,77.7500,38,1
2026-02-03,000333,14:23:24,77.7400,15,2
2026-02-03,000333,14:23:27,77.7400,13,2
2026-02-03,000333,14:23:30,77.7500,23,1
2026-02-03,000333,14:23:33,77.7500,11,1
2026-02-03,000333,14:23:36,77.7400,26,2
2026-02-03,000333,14:23:39,77.7500,67,1
2026-02-03,000333,14:23:42,77.7500,324,1
2026-02-03,000333,14:23:45,77.7700,81,1
2026-02-03,000333,14:23:48,77.7600,83,2
2026-02-03,000333,14:23:51,77.7700,49,1
2026-02-03,000333,14:23:54,77.7700,17,1
2026-02-03,000333,14:23:57,77.7800,19,1
2026-02-03,000333,14:24:00,77.7900,50,1
2026-02-03,000333,14:24:03,77.7900,23,1
2026-02-03,000333,14:24:06,77.7800,34,2
2026-02-03,000333,14:24:09,77.7200,533,2
2026-02-03,000333,14:24:12,77.7500,134,1
2026-02-03,000333,14:24:15,77.7300,47,1
2026-02-03,000333,14:24:18,77.7200,65,2
2026-02-03,000333,14:24:21,77.7200,33,2
2026-02-03,000333,14:24:24,77.7200,25,1
2026-02-03,000333,14:24:27,77.7100,42,2
2026-02-03,000333,14:24:30,77.7000,56,2
2026-02-03,000333,14:24:33,77.7100,10,4
2026-02-03,000333,14:24:36,77.7000,15,2
2026-02-03,000333,14:24:39,77.6900,59,2
2026-02-03,000333,14:24:42,77.6900,32,2
2026-02-03,000333,14:24:45,77.7000,13,1
2026-02-03,000333,14:24:48,77.6900,44,2
2026-02-03,000333,14:24:51,77.6900,49,2
2026-02-03,000333,14:24:54,77.6800,51,2
2026-02-03,000333,14:24:57,77.6800,33,2
2026-02-03,000333,14:25:00,77.6900,126,1
2026-02-03,000333,14:25:03,77.6600,100,2
2026-02-03,000333,14:25:06,77.6600,38,2
2026-02-03,000333,14:25:09,77.6600,32,2
2026-02-03,000333,14:25:12,77.6600,18,2
2026-02-03,000333,14:25:15,77.6700,9,1
2026-02-03,000333,14:25:18,77.6600,35,2
2026-02-03,000333,14:25:21,77.6600,40,2
2026-02-03,000333,14:25:24,77.6700,12,1
2026-02-03,000333,14:25:27,77.6600,11,2
2026-02-03,000333,14:25:30,77.6600,31,2
2026-02-03,000333,14:25:33,77.6600,23,2
2026-02-03,000333,14:25:36,77.6600,17,2
2026-02-03,000333,14:25:39,77.6600,55,2
2026-02-03,000333,14:25:42,77.6600,23,1
2026-02-03,000333,14:25:45,77.6600,15,1
2026-02-03,000333,14:25:48,77.6500,91,2
2026-02-03,000333,14:25:51,77.6500,19,2
2026-02-03,000333,14:25:54,77.6500,18,2
2026-02-03,000333,14:25:57,77.6500,26,2
2026-02-03,000333,14:26:00,77.6500,27,2
2026-02-03,000333,14:26:03,77.6400,15,2
2026-02-03,000333,14:26:06,77.6400,15,2
2026-02-03,000333,14:26:09,77.6400,38,2
2026-02-03,000333,14:26:12,77.6300,19,2
2026-02-03,000333,14:26:15,77.6400,58,1
2026-02-03,000333,14:26:18,77.6400,233,1
2026-02-03,000333,14:26:21,77.6400,1,2
2026-02-03,000333,14:26:24,77.6300,65,2
2026-02-03,000333,14:26:27,77.6400,6,2
2026-02-03,000333,14:26:30,77.6400,11,2
2026-02-03,000333,14:26:33,77.6400,5,1
2026-02-03,000333,14:26:36,77.6300,10,2
2026-02-03,000333,14:26:39,77.6300,33,2
2026-02-03,000333,14:26:42,77.6400,18,1
2026-02-03,000333,14:26:45,77.6300,13,1
2026-02-03,000333,14:26:48,77.6200,60,2
2026-02-03,000333,14:26:51,77.6300,25,1
2026-02-03,000333,14:26:54,77.6400,46,1
2026-02-03,000333,14:26:57,77.6400,8,1
2026-02-03,000333,14:27:00,77.6400,13,1
2026-02-03,000333,14:27:03,77.6300,24,2
2026-02-03,000333,14:27:06,77.6300,10,2
2026-02-03,000333,14:27:09,77.6400,21,1
2026-02-03,000333,14:27:12,77.6400,3,1
2026-02-03,000333,14:27:15,77.6400,8,1
2026-02-03,000333,14:27:18,77.6400,23,1
2026-02-03,000333,14:27:21,77.6400,60,1
2026-02-03,000333,14:27:24,77.6300,15,2
2026-02-03,000333,14:27:27,77.6400,20,1
2026-02-03,000333,14:27:30,77.6400,2,1
2026-02-03,000333,14:27:33,77.6300,27,2
2026-02-03,000333,14:27:36,77.6300,23,2
2026-02-03,000333,14:27:39,77.6400,30,1
2026-02-03,000333,14:27:42,77.6400,4,1
2026-02-03,000333,14:27:45,77.6400,64,1
2026-02-03,000333,14:27:48,77.6400,27,1
2026-02-03,000333,14:27:51,77.6300,16,2
2026-02-03,000333,14:27:54,77.6400,60,1
2026-02-03,000333,14:27:57,77.6400,18,1
2026-02-03,000333,14:28:00,77.6300,20,2
2026-02-03,000333,14:28:03,77.6300,36,2
2026-02-03,000333,14:28:06,77.6400,25,1
2026-02-03,000333,14:28:09,77.6300,24,2
2026-02-03,000333,14:28:12,77.6300,22,2
2026-02-03,000333,14:28:15,77.6400,32,1
2026-02-03,000333,14:28:18,77.6200,65,2
2026-02-03,000333,14:28:21,77.6400,8,1
2026-02-03,000333,14:28:24,77.6300,21,2
2026-02-03,000333,14:28:27,77.6300,43,2
2026-02-03,000333,14:28:30,77.6400,40,1
2026-02-03,000333,14:28:33,77.6300,56,1
2026-02-03,000333,14:28:36,77.6300,11,1
2026-02-03,000333,14:28:39,77.6300,78,1
2026-02-03,000333,14:28:42,77.6400,67,1
2026-02-03,000333,14:28:45,77.6300,13,1
2026-02-03,000333,14:28:48,77.6300,32,1
2026-02-03,000333,14:28:51,77.6300,14,4
2026-02-03,000333,14:28:54,77.6300,32,2
2026-02-03,000333,14:28:57,77.6300,75,2
2026-02-03,000333,14:29:00,77.6300,79,1
2026-02-03,000333,14:29:03,77.6300,189,1
2026-02-03,000333,14:29:06,77.6200,58,2
2026-02-03,000333,14:29:09,77.6200,62,2
2026-02-03,000333,14:29:12,77.6200,20,1
2026-02-03,000333,14:29:15,77.6200,67,1
2026-02-03,000333,14:29:18,77.6000,53,2
2026-02-03,000333,14:29:21,77.5900,290,2
2026-02-03,000333,14:29:24,77.5700,215,2
2026-02-03,000333,14:29:27,77.5800,42,1
2026-02-03,000333,14:29:30,77.5700,20,2
2026-02-03,000333,14:29:33,77.5700,51,2
2026-02-03,000333,14:29:36,77.5600,41,2
2026-02-03,000333,14:29:39,77.5700,19,4
2026-02-03,000333,14:29:42,77.5700,62,2
2026-02-03,000333,14:29:45,77.5900,28,1
2026-02-03,000333,14:29:48,77.5800,70,2
2026-02-03,000333,14:29:51,77.5800,42,2
2026-02-03,000333,14:29:54,77.5800,5,2
2026-02-03,000333,14:29:57,77.6200,149,1
2026-02-03,000333,14:30:00,77.6300,5,1
2026-02-03,000333,14:30:03,77.6300,40,1
2026-02-03,000333,14:30:06,77.6300,38,1
2026-02-03,000333,14:30:09,77.6300,34,1
2026-02-03,000333,14:30:12,77.6300,10,2
2026-02-03,000333,14:30:15,77.6400,82,1
2026-02-03,000333,14:30:18,77.6200,34,2
2026-02-03,000333,14:30:21,77.6200,39,2
2026-02-03,000333,14:30:24,77.6400,71,4
2026-02-03,000333,14:30:27,77.6600,52,1
2026-02-03,000333,14:30:30,77.6600,16,1
2026-02-03,000333,14:30:33,77.6700,83,1
2026-02-03,000333,14:30:36,77.6800,19,2
2026-02-03,000333,14:30:39,77.7000,41,1
2026-02-03,000333,14:30:42,77.6900,22,4
2026-02-03,000333,14:30:45,77.7000,7,2
2026-02-03,000333,14:30:48,77.7000,30,1
2026-02-03,000333,14:30:51,77.7000,30,2
2026-02-03,000333,14:30:54,77.7000,40,2
2026-02-03,000333,14:30:57,77.7100,78,1
2026-02-03,000333,14:31:00,77.7000,43,2
2026-02-03,000333,14:31:03,77.6900,48,2
2026-02-03,000333,14:31:06,77.6900,51,2
2026-02-03,000333,14:31:09,77.6900,53,1
2026-02-03,000333,14:31:12,77.6900,59,2
2026-02-03,000333,14:31:15,77.6800,38,2
2026-02-03,000333,14:31:18,77.6800,54,2
2026-02-03,000333,14:31:21,77.6800,143,2
2026-02-03,000333,14:31:24,77.6800,76,1
2026-02-03,000333,14:31:27,77.6800,58,1
2026-02-03,000333,14:31:30,77.6700,57,2
2026-02-03,000333,14:31:33,77.6700,42,1
2026-02-03,000333,14:31:36,77.6700,21,2
2026-02-03,000333,14:31:39,77.6700,12,2
2026-02-03,000333,14:31:42,77.6800,19,1
2026-02-03,000333,14:31:45,77.6800,26,1
2026-02-03,000333,14:31:48,77.6900,28,1
2026-02-03,000333,14:31:51,77.6900,30,1
2026-02-03,000333,14:31:54,77.6900,41,1
2026-02-03,000333,14:31:57,77.6900,15,2
2026-02-03,000333,14:32:00,77.6900,8,1
2026-02-03,000333,14:32:03,77.7000,55,1
2026-02-03,000333,14:32:06,77.7000,27,1
2026-02-03,000333,14:32:09,77.6900,3,2
2026-02-03,000333,14:32:12,77.6900,63,2
2026-02-03,000333,14:32:15,77.6900,10,1
2026-02-03,000333,14:32:18,77.6900,27,1
2026-02-03,000333,14:32:21,77.6900,11,1
2026-02-03,000333,14:32:24,77.6900,14,1
2026-02-03,000333,14:32:27,77.6900,48,1
2026-02-03,000333,14:32:30,77.6800,56,2
2026-02-03,000333,14:32:33,77.6800,45,2
2026-02-03,000333,14:32:36,77.6800,228,2
2026-02-03,000333,14:32:39,77.6800,122,1
2026-02-03,000333,14:32:42,77.6800,35,1
2026-02-03,000333,14:32:45,77.6700,101,2
2026-02-03,000333,14:32:48,77.6600,89,2
2026-02-03,000333,14:32:51,77.6700,79,1
2026-02-03,000333,14:32:54,77.6800,22,1
2026-02-03,000333,14:32:57,77.6900,29,1
2026-02-03,000333,14:33:00,77.6800,6,4
2026-02-03,000333,14:33:03,77.6800,207,1
2026-02-03,000333,14:33:06,77.7100,37,1
2026-02-03,000333,14:33:09,77.7100,11,2
2026-02-03,000333,14:33:12,77.7100,41,2
2026-02-03,000333,14:33:15,77.7200,85,1
2026-02-03,000333,14:33:18,77.7200,38,1
2026-02-03,000333,14:33:21,77.7300,21,1
2026-02-03,000333,14:33:24,77.7400,55,1
2026-02-03,000333,14:33:27,77.7200,15,1
2026-02-03,000333,14:33:30,77.7200,10,1
2026-02-03,000333,14:33:33,77.7200,119,2
2026-02-03,000333,14:33:36,77.7200,32,2
2026-02-03,000333,14:33:39,77.7200,43,2
2026-02-03,000333,14:33:42,77.7300,34,4
2026-02-03,000333,14:33:45,77.7300,30,2
2026-02-03,000333,14:33:48,77.7300,54,4
2026-02-03,000333,14:33:51,77.7100,88,2
2026-02-03,000333,14:33:54,77.7100,25,1
2026-02-03,000333,14:33:57,77.7000,7,2
2026-02-03,000333,14:34:00,77.7000,84,2
2026-02-03,000333,14:34:03,77.7000,65,2
2026-02-03,000333,14:34:06,77.7100,24,1
2026-02-03,000333,14:34:09,77.7100,35,1
2026-02-03,000333,14:34:12,77.7300,15,1
2026-02-03,000333,14:34:15,77.7200,44,2
2026-02-03,000333,14:34:18,77.7100,19,2
2026-02-03,000333,14:34:21,77.7000,17,2
2026-02-03,000333,14:34:24,77.7100,42,1
2026-02-03,000333,14:34:27,77.7100,4,1
2026-02-03,000333,14:34:30,77.7100,39,1
2026-02-03,000333,14:34:33,77.7100,32,1
2026-02-03,000333,14:34:36,77.7000,7,2
2026-02-03,000333,14:34:39,77.7100,14,1
2026-02-03,000333,14:34:42,77.7100,27,1
2026-02-03,000333,14:34:45,77.7100,70,1
2026-02-03,000333,14:34:48,77.7100,59,1
2026-02-03,000333,14:34:51,77.7100,14,4
2026-02-03,000333,14:34:54,77.7100,23,4
2026-02-03,000333,14:34:57,77.7000,132,2
2026-02-03,000333,14:35:00,77.7000,16,4
2026-02-03,000333,14:35:03,77.7000,28,2
2026-02-03,000333,14:35:06,77.7100,46,1
2026-02-03,000333,14:35:09,77.7000,77,2
2026-02-03,000333,14:35:12,77.7000,94,2
2026-02-03,000333,14:35:15,77.7000,30,2
2026-02-03,000333,14:35:18,77.6900,36,2
2026-02-03,000333,14:35:21,77.6900,31,2
2026-02-03,000333,14:35:24,77.7000,5,1
2026-02-03,000333,14:35:30,77.6800,49,2
2026-02-03,000333,14:35:33,77.6900,24,2
2026-02-03,000333,14:35:36,77.6900,39,2
2026-02-03,000333,14:35:39,77.6900,19,2
2026-02-03,000333,14:35:42,77.6900,21,2
2026-02-03,000333,14:35:45,77.6900,29,2
2026-02-03,000333,14:35:48,77.6800,28,2
2026-02-03,000333,14:35:51,77.6800,29,2
2026-02-03,000333,14:35:54,77.6800,112,2
2026-02-03,000333,14:35:57,77.6900,15,1
2026-02-03,000333,14:36:00,77.7000,46,1
2026-02-03,000333,14:36:03,77.6900,4,2
2026-02-03,000333,14:36:06,77.7100,376,1
2026-02-03,000333,14:36:09,77.7200,105,1
2026-02-03,000333,14:36:12,77.7300,81,1
2026-02-03,000333,14:36:15,77.7300,39,1
2026-02-03,000333,14:36:18,77.7200,3,2
2026-02-03,000333,14:36:21,77.7200,92,2
2026-02-03,000333,14:36:24,77.7200,54,2
2026-02-03,000333,14:36:27,77.7400,79,1
2026-02-03,000333,14:36:30,77.7400,19,2
2026-02-03,000333,14:36:33,77.7500,55,1
2026-02-03,000333,14:36:36,77.7500,12,2
2026-02-03,000333,14:36:39,77.7400,38,2
2026-02-03,000333,14:36:42,77.7500,27,1
2026-02-03,000333,14:36:45,77.7500,29,1
2026-02-03,000333,14:36:48,77.7400,7,2
2026-02-03,000333,14:36:51,77.7400,202,2
2026-02-03,000333,14:36:54,77.7300,80,2
2026-02-03,000333,14:36:57,77.7400,170,1
2026-02-03,000333,14:37:00,77.7500,33,4
2026-02-03,000333,14:37:03,77.7400,52,2
2026-02-03,000333,14:37:06,77.7400,72,1
2026-02-03,000333,14:37:09,77.7400,8,1
2026-02-03,000333,14:37:12,77.7300,73,2
2026-02-03,000333,14:37:15,77.7300,10,1
2026-02-03,000333,14:37:18,77.7200,35,2
2026-02-03,000333,14:37:21,77.7300,10,1
2026-02-03,000333,14:37:24,77.7300,5,1
2026-02-03,000333,14:37:27,77.7300,8,1
2026-02-03,000333,14:37:30,77.7300,79,1
2026-02-03,000333,14:37:33,77.7300,44,1
2026-02-03,000333,14:37:36,77.7300,8,1
2026-02-03,000333,14:37:39,77.7100,64,2
2026-02-03,000333,14:37:42,77.7200,43,1
2026-02-03,000333,14:37:45,77.7100,8,2
2026-02-03,000333,14:37:48,77.7200,26,1
2026-02-03,000333,14:37:51,77.7100,115,2
2026-02-03,000333,14:37:54,77.7100,70,1
2026-02-03,000333,14:37:57,77.7100,13,1
2026-02-03,000333,14:38:00,77.7100,20,1
2026-02-03,000333,14:38:03,77.7000,383,2
2026-02-03,000333,14:38:06,77.7200,117,1
2026-02-03,000333,14:38:09,77.7100,34,4
2026-02-03,000333,14:38:12,77.7100,92,1
2026-02-03,000333,14:38:15,77.7000,85,2
2026-02-03,000333,14:38:18,77.7000,18,2
2026-02-03,000333,14:38:21,77.7000,66,2
2026-02-03,000333,14:38:24,77.7100,44,1
2026-02-03,000333,14:38:27,77.7000,24,2
2026-02-03,000333,14:38:30,77.7000,14,2
2026-02-03,000333,14:38:33,77.7000,33,2
2026-02-03,000333,14:38:36,77.7100,27,1
2026-02-03,000333,14:38:39,77.7100,12,1
2026-02-03,000333,14:38:42,77.7100,20,1
2026-02-03,000333,14:38:45,77.7000,42,2
2026-02-03,000333,14:38:48,77.7000,23,2
2026-02-03,000333,14:38:51,77.7000,149,2
2026-02-03,000333,14:38:54,77.6900,120,2
2026-02-03,000333,14:38:57,77.6900,34,2
2026-02-03,000333,14:39:00,77.6900,68,2
2026-02-03,000333,14:39:03,77.6900,6,1
2026-02-03,000333,14:39:06,77.6800,36,2
2026-02-03,000333,14:39:09,77.6800,18,2
2026-02-03,000333,14:39:12,77.6700,17,2
2026-02-03,000333,14:39:15,77.6900,19,1
2026-02-03,000333,14:39:18,77.6800,39,4
2026-02-03,000333,14:39:21,77.6800,15,1
2026-02-03,000333,14:39:24,77.6800,6,1
2026-02-03,000333,14:39:27,77.6800,56,1
2026-02-03,000333,14:39:30,77.6700,25,2
2026-02-03,000333,14:39:33,77.6700,30,2
2026-02-03,000333,14:39:36,77.6700,22,2
2026-02-03,000333,14:39:39,77.6700,32,1
2026-02-03,000333,14:39:42,77.6700,20,2
2026-02-03,000333,14:39:45,77.6700,30,4
2026-02-03,000333,14:39:48,77.6700,42,1
2026-02-03,000333,14:39:51,77.6700,38,1
2026-02-03,000333,14:39:54,77.6700,23,2
2026-02-03,000333,14:39:57,77.6700,37,2
2026-02-03,000333,14:40:00,77.6800,2,1
2026-02-03,000333,14:40:03,77.6700,45,2
2026-02-03,000333,14:40:06,77.6700,19,2
2026-02-03,000333,14:40:09,77.6800,39,1
2026-02-03,000333,14:40:12,77.6800,19,1
2026-02-03,000333,14:40:15,77.6800,34,1
2026-02-03,000333,14:40:18,77.7000,266,1
2026-02-03,000333,14:40:21,77.7000,60,1
2026-02-03,000333,14:40:24,77.7000,20,1
2026-02-03,000333,14:40:27,77.6900,27,2
2026-02-03,000333,14:40:30,77.7000,36,1
2026-02-03,000333,14:40:33,77.7000,34,1
2026-02-03,000333,14:40:36,77.6900,6,2
2026-02-03,000333,14:40:39,77.6900,23,2
2026-02-03,000333,14:40:42,77.6900,60,2
2026-02-03,000333,14:40:45,77.7100,187,1
2026-02-03,000333,14:40:48,77.7100,49,1
2026-02-03,000333,14:40:51,77.7100,23,1
2026-02-03,000333,14:40:54,77.7100,5,1
2026-02-03,000333,14:40:57,77.7200,32,1
2026-02-03,000333,14:41:00,77.7200,47,1
2026-02-03,000333,14:41:03,77.7200,34,1
2026-02-03,000333,14:41:06,77.7200,19,1
2026-02-03,000333,14:41:09,77.7100,53,2
2026-02-03,000333,14:41:12,77.7100,116,2
2026-02-03,000333,14:41:15,77.7100,70,1
2026-02-03,000333,14:41:18,77.7200,65,1
2026-02-03,000333,14:41:21,77.7100,75,4
2026-02-03,000333,14:41:24,77.7100,8,2
2026-02-03,000333,14:41:27,77.7200,44,1
2026-02-03,000333,14:41:30,77.7200,30,1
2026-02-03,000333,14:41:33,77.7200,3,1
2026-02-03,000333,14:41:36,77.7100,18,2
2026-02-03,000333,14:41:39,77.7100,31,2
2026-02-03,000333,14:41:42,77.7100,36,2
2026-02-03,000333,14:41:45,77.7100,30,4
2026-02-03,000333,14:41:48,77.7100,15,1
2026-02-03,000333,14:41:51,77.7100,163,1
2026-02-03,000333,14:41:54,77.7100,16,2
2026-02-03,000333,14:41:57,77.7200,15,1
2026-02-03,000333,14:42:00,77.7200,36,1
2026-02-03,000333,14:42:03,77.7200,16,1
2026-02-03,000333,14:42:06,77.7200,104,1
2026-02-03,000333,14:42:09,77.7200,79,1
2026-02-03,000333,14:42:12,77.7300,38,1
2026-02-03,000333,14:42:15,77.7000,287,2
2026-02-03,000333,14:42:18,77.6900,69,2
2026-02-03,000333,14:42:21,77.6900,5,2
2026-02-03,000333,14:42:24,77.7000,86,1
2026-02-03,000333,14:42:27,77.6900,39,2
2026-02-03,000333,14:42:30,77.6900,144,2
2026-02-03,000333,14:42:33,77.6900,61,1
2026-02-03,000333,14:42:36,77.6900,17,2
2026-02-03,000333,14:42:39,77.6900,89,2
2026-02-03,000333,14:42:42,77.7000,14,1
2026-02-03,000333,14:42:45,77.7000,16,1
2026-02-03,000333,14:42:48,77.6900,57,2
2026-02-03,000333,14:42:51,77.6900,23,2
2026-02-03,000333,14:42:54,77.6900,7,2
2026-02-03,000333,14:42:57,77.6900,42,2
2026-02-03,000333,14:43:00,77.6900,16,2
2026-02-03,000333,14:43:03,77.7000,23,1
2026-02-03,000333,14:43:06,77.7000,28,1
2026-02-03,000333,14:43:09,77.7000,574,1
2026-02-03,000333,14:43:12,77.7200,79,1
2026-02-03,000333,14:43:15,77.7300,42,1
2026-02-03,000333,14:43:18,77.7300,25,1
2026-02-03,000333,14:43:21,77.7100,139,2
2026-02-03,000333,14:43:24,77.7100,72,1
2026-02-03,000333,14:43:27,77.6900,136,2
2026-02-03,000333,14:43:30,77.6800,138,2
2026-02-03,000333,14:43:33,77.6700,180,2
2026-02-03,000333,14:43:36,77.6700,297,1
2026-02-03,000333,14:43:39,77.6500,60,2
2026-02-03,000333,14:43:42,77.6700,42,4
2026-02-03,000333,14:43:45,77.6600,176,2
2026-02-03,000333,14:43:48,77.6700,60,1
2026-02-03,000333,14:43:51,77.6700,27,2
2026-02-03,000333,14:43:54,77.6900,1,1
2026-02-03,000333,14:43:57,77.6700,30,2
2026-02-03,000333,14:44:00,77.6600,23,2
2026-02-03,000333,14:44:03,77.6600,62,1
2026-02-03,000333,14:44:06,77.6900,71,1
2026-02-03,000333,14:44:09,77.6800,44,1
2026-02-03,000333,14:44:12,77.6700,16,2
2026-02-03,000333,14:44:15,77.6700,62,2
2026-02-03,000333,14:44:18,77.6800,28,1
2026-02-03,000333,14:44:21,77.6800,25,1
2026-02-03,000333,14:44:24,77.6900,9,1
2026-02-03,000333,14:44:27,77.6900,51,4
2026-02-03,000333,14:44:30,77.6900,12,1
2026-02-03,000333,14:44:33,77.6900,35,2
2026-02-03,000333,14:44:36,77.7000,13,1
2026-02-03,000333,14:44:39,77.6900,22,2
2026-02-03,000333,14:44:42,77.6900,2,2
2026-02-03,000333,14:44:45,77.7100,41,1
2026-02-03,000333,14:44:48,77.7100,39,1
2026-02-03,000333,14:44:51,77.7100,67,1
2026-02-03,000333,14:44:54,77.7100,54,2
2026-02-03,000333,14:44:57,77.7200,50,1
2026-02-03,000333,14:45:00,77.7100,128,2
2026-02-03,000333,14:45:03,77.7200,81,1
2026-02-03,000333,14:45:06,77.7200,12,1
2026-02-03,000333,14:45:09,77.7100,27,2
2026-02-03,000333,14:45:12,77.7100,24,2
2026-02-03,000333,14:45:15,77.7100,31,1
2026-02-03,000333,14:45:18,77.7000,36,2
2026-02-03,000333,14:45:21,77.7100,90,1
2026-02-03,000333,14:45:24,77.7200,68,1
2026-02-03,000333,14:45:27,77.7200,72,2
2026-02-03,000333,14:45:30,77.7200,13,2
2026-02-03,000333,14:45:33,77.7300,54,1
2026-02-03,000333,14:45:36,77.7300,24,1
2026-02-03,000333,14:45:39,77.7300,20,1
2026-02-03,000333,14:45:42,77.7300,35,1
2026-02-03,000333,14:45:48,77.7300,15,2
2026-02-03,000333,14:45:51,77.7400,29,1
2026-02-03,000333,14:45:54,77.7400,36,1
2026-02-03,000333,14:45:57,77.7400,2,1
2026-02-03,000333,14:46:00,77.7300,32,2
2026-02-03,000333,14:46:03,77.7400,70,1
2026-02-03,000333,14:46:06,77.7400,17,1
2026-02-03,000333,14:46:09,77.7500,125,1
2026-02-03,000333,14:46:12,77.7500,63,2
2026-02-03,000333,14:46:15,77.7700,42,1
2026-02-03,000333,14:46:18,77.7600,81,2
2026-02-03,000333,14:46:21,77.7500,102,2
2026-02-03,000333,14:46:24,77.7500,395,2
2026-02-03,000333,14:46:27,77.7500,236,1
2026-02-03,000333,14:46:30,77.7500,93,2
2026-02-03,000333,14:46:33,77.7600,132,1
2026-02-03,000333,14:46:36,77.7500,68,2
2026-02-03,000333,14:46:39,77.7500,65,2
2026-02-03,000333,14:46:42,77.7500,68,2
2026-02-03,000333,14:46:45,77.7500,87,1
2026-02-03,000333,14:46:48,77.7300,30,2
2026-02-03,000333,14:46:51,77.7400,61,4
2026-02-03,000333,14:46:54,77.7400,35,2
2026-02-03,000333,14:46:57,77.7400,33,2
2026-02-03,000333,14:47:00,77.7400,24,2
2026-02-03,000333,14:47:03,77.7500,131,1
2026-02-03,000333,14:47:06,77.7600,102,1
2026-02-03,000333,14:47:09,77.7800,125,1
2026-02-03,000333,14:47:12,77.7700,124,1
2026-02-03,000333,14:47:15,77.7900,172,1
2026-02-03,000333,14:47:18,77.7900,74,1
2026-02-03,000333,14:47:21,77.7700,44,2
2026-02-03,000333,14:47:24,77.7800,37,1
2026-02-03,000333,14:47:27,77.7800,40,1
2026-02-03,000333,14:47:30,77.7800,106,1
2026-02-03,000333,14:47:33,77.7600,96,2
2026-02-03,000333,14:47:36,77.7600,54,1
2026-02-03,000333,14:47:39,77.7600,40,1
2026-02-03,000333,14:47:42,77.7500,110,2
2026-02-03,000333,14:47:45,77.7400,47,2
2026-02-03,000333,14:47:48,77.7500,124,1
2026-02-03,000333,14:47:51,77.7500,78,1
2026-02-03,000333,14:47:54,77.7600,59,1
2026-02-03,000333,14:47:57,77.7500,29,2
2026-02-03,000333,14:48:00,77.7500,48,1
2026-02-03,000333,14:48:03,77.7600,92,1
2026-02-03,000333,14:48:06,77.7600,26,1
2026-02-03,000333,14:48:09,77.7500,179,2
2026-02-03,000333,14:48:12,77.7700,19,1
2026-02-03,000333,14:48:15,77.7700,143,1
2026-02-03,000333,14:48:18,77.7700,18,1
2026-02-03,000333,14:48:21,77.7700,44,1
2026-02-03,000333,14:48:24,77.7600,22,2
2026-02-03,000333,14:48:27,77.7500,102,2
2026-02-03,000333,14:48:30,77.7600,46,1
2026-02-03,000333,14:48:33,77.7600,16,1
2026-02-03,000333,14:48:36,77.7500,217,2
2026-02-03,000333,14:48:39,77.7500,33,2
2026-02-03,000333,14:48:42,77.7700,39,1
2026-02-03,000333,14:48:45,77.7700,34,4
2026-02-03,000333,14:48:48,77.7600,65,2
2026-02-03,000333,14:48:51,77.7700,73,1
2026-02-03,000333,14:48:54,77.7500,69,2
2026-02-03,000333,14:48:57,77.7700,57,1
2026-02-03,000333,14:49:00,77.7700,28,1
2026-02-03,000333,14:49:03,77.7700,180,1
2026-02-03,000333,14:49:06,77.7600,99,2
2026-02-03,000333,14:49:09,77.7600,66,2
2026-02-03,000333,14:49:12,77.7700,60,1
2026-02-03,000333,14:49:15,77.7600,51,2
2026-02-03,000333,14:49:18,77.7600,48,2
2026-02-03,000333,14:49:21,77.7500,107,2
2026-02-03,000333,14:49:24,77.7600,35,1
2026-02-03,000333,14:49:27,77.7700,152,1
2026-02-03,000333,14:49:30,77.7600,52,1
2026-02-03,000333,14:49:33,77.7600,33,2
2026-02-03,000333,14:49:36,77.7500,68,2
2026-02-03,000333,14:49:39,77.7500,29,2
2026-02-03,000333,14:49:42,77.7500,75,1
2026-02-03,000333,14:49:45,77.7600,41,1
2026-02-03,000333,14:49:48,77.7500,8,2
2026-02-03,000333,14:49:51,77.7600,40,1
2026-02-03,000333,14:49:54,77.7600,31,1
2026-02-03,000333,14:49:57,77.7600,11,1
2026-02-03,000333,14:50:00,77.7500,56,2
2026-02-03,000333,14:50:03,77.7400,98,2
2026-02-03,000333,14:50:06,77.7500,150,1
2026-02-03,000333,14:50:09,77.7500,136,1
2026-02-03,000333,14:50:12,77.7500,76,4
2026-02-03,000333,14:50:15,77.7700,134,1
2026-02-03,000333,14:50:18,77.7600,40,2
2026-02-03,000333,14:50:21,77.7600,18,4
2026-02-03,000333,14:50:24,77.7600,70,1
2026-02-03,000333,14:50:27,77.7500,37,2
2026-02-03,000333,14:50:30,77.7400,61,4
2026-02-03,000333,14:50:33,77.7500,47,1
2026-02-03,000333,14:50:36,77.7500,48,4
2026-02-03,000333,14:50:39,77.7600,71,1
2026-02-03,000333,14:50:42,77.7700,41,1
2026-02-03,000333,14:50:45,77.7600,29,2
2026-02-03,000333,14:50:48,77.7600,52,2
2026-02-03,000333,14:50:51,77.7600,50,2
2026-02-03,000333,14:50:54,77.7800,284,1
2026-02-03,000333,14:50:57,77.7900,262,1
2026-02-03,000333,14:51:00,77.7800,211,2
2026-02-03,000333,14:51:03,77.7800,90,2
2026-02-03,000333,14:51:06,77.7700,120,2
2026-02-03,000333,14:51:09,77.7600,50,2
2026-02-03,000333,14:51:12,77.7700,108,1
2026-02-03,000333,14:51:15,77.7800,40,1
2026-02-03,000333,14:51:18,77.7600,143,2
2026-02-03,000333,14:51:21,77.7800,40,1
2026-02-03,000333,14:51:24,77.7700,40,2
2026-02-03,000333,14:51:27,77.7700,46,2
2026-02-03,000333,14:51:30,77.7800,124,1
2026-02-03,000333,14:51:33,77.7700,90,4
2026-02-03,000333,14:51:36,77.7600,108,2
2026-02-03,000333,14:51:39,77.7700,41,1
2026-02-03,000333,14:51:42,77.7600,46,2
2026-02-03,000333,14:51:45,77.7700,53,1
2026-02-03,000333,14:51:48,77.7800,36,1
2026-02-03,000333,14:51:51,77.7800,31,1
2026-02-03,000333,14:51:54,77.7700,7,2
2026-02-03,000333,14:51:57,77.7800,22,1
2026-02-03,000333,14:52:00,77.7700,38,2
2026-02-03,000333,14:52:03,77.7600,61,2
2026-02-03,000333,14:52:06,77.7600,6,2
2026-02-03,000333,14:52:09,77.7700,25,2
2026-02-03,000333,14:52:12,77.7800,135,1
2026-02-03,000333,14:52:15,77.7700,63,2
2026-02-03,000333,14:52:18,77.7700,63,2
2026-02-03,000333,14:52:21,77.7700,48,4
2026-02-03,000333,14:52:24,77.7700,52,1
2026-02-03,000333,14:52:27,77.7700,56,4
2026-02-03,000333,14:52:30,77.7700,49,2
2026-02-03,000333,14:52:33,77.7900,61,1
2026-02-03,000333,14:52:36,77.7800,57,2
2026-02-03,000333,14:52:39,77.7700,46,2
2026-02-03,000333,14:52:42,77.7800,14,1
2026-02-03,000333,14:52:45,77.7800,61,1
2026-02-03,000333,14:52:48,77.7700,392,2
2026-02-03,000333,14:52:51,77.7700,39,2
2026-02-03,000333,14:52:54,77.7700,53,2
2026-02-03,000333,14:52:57,77.7900,429,1
2026-02-03,000333,14:53:00,77.7900,164,1
2026-02-03,000333,14:53:03,77.7800,258,2
2026-02-03,000333,14:53:06,77.7800,136,2
2026-02-03,000333,14:53:09,77.7500,394,2
2026-02-03,000333,14:53:12,77.7600,220,2
2026-02-03,000333,14:53:15,77.7500,142,2
2026-02-03,000333,14:53:18,77.7400,98,2
2026-02-03,000333,14:53:21,77.7500,119,4
2026-02-03,000333,14:53:24,77.7700,70,1
2026-02-03,000333,14:53:27,77.7700,67,1
2026-02-03,000333,14:53:30,77.7800,18,1
2026-02-03,000333,14:53:33,77.7800,36,1
2026-02-03,000333,14:53:36,77.7900,87,1
2026-02-03,000333,14:53:39,77.7800,57,2
2026-02-03,000333,14:53:42,77.7800,47,2
2026-02-03,000333,14:53:45,77.7900,33,1
2026-02-03,000333,14:53:48,77.7900,29,1
2026-02-03,000333,14:53:51,77.7900,44,1
2026-02-03,000333,14:53:54,77.7800,40,2
2026-02-03,000333,14:53:57,77.7900,37,1
2026-02-03,000333,14:54:00,77.7800,44,2
2026-02-03,000333,14:54:03,77.7900,204,1
2026-02-03,000333,14:54:06,77.7900,116,1
2026-02-03,000333,14:54:09,77.7700,94,2
2026-02-03,000333,14:54:12,77.7800,64,2
2026-02-03,000333,14:54:15,77.7900,100,1
2026-02-03,000333,14:54:18,77.7700,145,2
2026-02-03,000333,14:54:21,77.7800,52,2
2026-02-03,000333,14:54:24,77.7800,24,2
2026-02-03,000333,14:54:27,77.7700,83,2
2026-02-03,000333,14:54:30,77.7700,49,2
2026-02-03,000333,14:54:33,77.7700,34,2
2026-02-03,000333,14:54:36,77.7800,114,1
2026-02-03,000333,14:54:39,77.7800,70,1
2026-02-03,000333,14:54:42,77.7800,64,1
2026-02-03,000333,14:54:45,77.7700,80,2
2026-02-03,000333,14:54:48,77.7800,122,4
2026-02-03,000333,14:54:51,77.7900,86,1
2026-02-03,000333,14:54:54,77.7800,32,4
2026-02-03,000333,14:54:57,77.7800,148,1
2026-02-03,000333,14:55:00,77.7800,112,4
2026-02-03,000333,14:55:03,77.7800,84,2
2026-02-03,000333,14:55:06,77.7800,83,2
2026-02-03,000333,14:55:09,77.7900,57,1
2026-02-03,000333,14:55:12,77.7900,124,1
2026-02-03,000333,14:55:15,77.7800,65,1
2026-02-03,000333,14:55:18,77.7700,110,2
2026-02-03,000333,14:55:21,77.7700,85,2
2026-02-03,000333,14:55:24,77.7800,44,1
2026-02-03,000333,14:55:27,77.7800,46,1
2026-02-03,000333,14:55:30,77.7700,83,2
2026-02-03,000333,14:55:33,77.7800,30,1
2026-02-03,000333,14:55:36,77.7700,91,2
2026-02-03,000333,14:55:39,77.7700,53,2
2026-02-03,000333,14:55:42,77.7900,117,1
2026-02-03,000333,14:55:45,77.7900,88,1
2026-02-03,000333,14:55:48,77.7700,49,2
2026-02-03,000333,14:55:51,77.7700,94,2
2026-02-03,000333,14:55:54,77.7800,347,1
2026-02-03,000333,14:55:57,77.7800,141,1
2026-02-03,000333,14:56:00,77.7700,220,2
2026-02-03,000333,14:56:03,77.7900,635,1
2026-02-03,000333,14:56:06,77.7900,257,1
2026-02-03,000333,14:56:09,77.7700,98,2
2026-02-03,000333,14:56:12,77.7900,83,1
2026-02-03,000333,14:56:15,77.7700,119,2
2026-02-03,000333,14:56:18,77.7800,160,1
2026-02-03,000333,14:56:21,77.7800,286,2
2026-02-03,000333,14:56:24,77.7800,93,2
2026-02-03,000333,14:56:27,77.8200,1958,1
2026-02-03,000333,14:56:30,77.9100,391,1
2026-02-03,000333,14:56:33,77.8500,296,2
2026-02-03,000333,14:56:36,77.8300,26,2
2026-02-03,000333,14:56:39,77.8300,45,2
2026-02-03,000333,14:56:42,77.8100,48,2
2026-02-03,000333,14:56:45,77.8100,70,1
2026-02-03,000333,14:56:48,77.8500,33,1
2026-02-03,000333,14:56:51,77.8800,75,1
2026-02-03,000333,14:56:54,77.8800,30,1
2026-02-03,000333,14:56:57,77.8400,58,2
2026-02-03,000333,14:57:00,77.8500,114,2
2026-02-03,000333,15:00:02,77.9100,6725,4
2026-02-03,000333,13:16:21,77.9000,20,2
2026-02-03,000333,13:16:24,77.9000,27,4
2026-02-03,000333,13:16:27,77.9000,9,1
2026-02-03,000333,13:16:30,77.9100,45,1
2026-02-03,000333,13:16:33,77.9200,114,1
2026-02-03,000333,13:16:36,77.9100,2,2
2026-02-03,000333,13:16:39,77.9100,18,2
2026-02-03,000333,13:16:42,77.8900,72,2
2026-02-03,000333,13:16:45,77.8900,188,2
2026-02-03,000333,13:16:48,77.8900,65,1
2026-02-03,000333,13:16:51,77.9100,27,1
2026-02-03,000333,13:16:54,77.9000,66,4
2026-02-03,000333,13:16:57,77.9200,19,1
2026-02-03,000333,13:17:00,77.9200,31,1
2026-02-03,000333,13:17:03,77.9200,8,1
2026-02-03,000333,13:17:06,77.9100,40,2
2026-02-03,000333,13:17:09,77.9100,15,2
2026-02-03,000333,13:17:12,77.9100,6,1
2026-02-03,000333,13:17:15,77.9100,3,1
2026-02-03,000333,13:17:18,77.9000,8,2
2026-02-03,000333,13:17:21,77.9100,64,1
2026-02-03,000333,13:17:24,77.9000,14,4
2026-02-03,000333,13:17:27,77.9000,11,1
2026-02-03,000333,13:17:30,77.9000,3,1
2026-02-03,000333,13:17:33,77.9000,3,1
2026-02-03,000333,13:17:36,77.8900,112,2
2026-02-03,000333,13:17:39,77.8900,184,2
2026-02-03,000333,13:17:42,77.8900,9,1
2026-02-03,000333,13:17:45,77.8900,260,1
2026-02-03,000333,13:17:48,77.8900,366,1
2026-02-03,000333,13:17:51,77.8800,91,2
2026-02-03,000333,13:17:54,77.9200,105,1
2026-02-03,000333,13:17:57,77.9400,18,1
2026-02-03,000333,13:18:00,77.9400,12,1
2026-02-03,000333,13:18:03,77.9300,6,1
2026-02-03,000333,13:18:06,77.9200,34,2
2026-02-03,000333,13:18:09,77.9200,24,2
2026-02-03,000333,13:18:12,77.9200,14,1
2026-02-03,000333,13:18:15,77.9300,12,1
2026-02-03,000333,13:18:18,77.9100,10,2
2026-02-03,000333,13:18:21,77.9100,10,2
2026-02-03,000333,13:18:24,77.9300,12,1
2026-02-03,000333,13:18:27,77.9300,8,1
2026-02-03,000333,13:18:30,77.9300,21,1
2026-02-03,000333,13:18:33,77.9300,28,1
2026-02-03,000333,13:18:36,77.9200,15,2
2026-02-03,000333,13:18:39,77.9200,2,1
2026-02-03,000333,13:18:42,77.9100,12,2
2026-02-03,000333,13:18:45,77.9200,20,1
2026-02-03,000333,13:18:48,77.9200,9,1
2026-02-03,000333,13:18:51,77.9100,43,2
2026-02-03,000333,13:18:54,77.9100,64,2
2026-02-03,000333,13:18:57,77.9200,125,1
2026-02-03,000333,13:19:00,77.9200,31,1
2026-02-03,000333,13:19:03,77.9200,26,2
2026-02-03,000333,13:19:06,77.9100,13,2
2026-02-03,000333,13:19:09,77.9100,18,2
2026-02-03,000333,13:19:12,77.9100,22,2
2026-02-03,000333,13:19:15,77.9000,61,2
2026-02-03,000333,13:19:18,77.9000,119,2
2026-02-03,000333,13:19:21,77.9000,38,2
2026-02-03,000333,13:19:24,77.9000,15,1
2026-02-03,000333,13:19:27,77.8800,261,2
2026-02-03,000333,13:19:30,77.8800,428,1
2026-02-03,000333,13:19:33,77.9100,3,1
2026-02-03,000333,13:19:36,77.9100,24,1
2026-02-03,000333,13:19:39,77.9100,20,2
2026-02-03,000333,13:19:42,77.9200,23,1
2026-02-03,000333,13:19:48,77.9200,18,2
2026-02-03,000333,13:19:51,77.9100,7,2
2026-02-03,000333,13:19:54,77.9100,28,1
2026-02-03,000333,13:20:00,77.9100,18,2
2026-02-03,000333,13:20:03,77.9100,1,1
2026-02-03,000333,13:20:06,77.9000,13,2
2026-02-03,000333,13:20:09,77.9000,28,2
2026-02-03,000333,13:20:12,77.9000,21,2
2026-02-03,000333,13:20:15,77.9100,21,1
2026-02-03,000333,13:20:18,77.9000,15,4
2026-02-03,000333,13:20:21,77.9000,9,1
2026-02-03,000333,13:20:24,77.8900,39,2
2026-02-03,000333,13:20:27,77.8800,37,2
2026-02-03,000333,13:20:30,77.8900,16,1
2026-02-03,000333,13:20:33,77.8900,63,1
2026-02-03,000333,13:20:36,77.9000,12,1
2026-02-03,000333,13:20:39,77.8900,26,2
2026-02-03,000333,13:20:42,77.8900,32,2
2026-02-03,000333,13:20:45,77.9000,1,1
2026-02-03,000333,13:20:48,77.8900,31,2
2026-02-03,000333,13:20:51,77.8900,22,2
2026-02-03,000333,13:20:54,77.8900,13,2
2026-02-03,000333,13:20:57,77.8900,25,2
2026-02-03,000333,13:21:00,77.8900,29,1
2026-02-03,000333,13:21:03,77.8900,20,1
2026-02-03,000333,13:21:06,77.9000,144,1
2026-02-03,000333,13:21:09,77.9000,49,2
2026-02-03,000333,13:21:12,77.9100,25,4
2026-02-03,000333,13:21:15,77.9400,57,1
2026-02-03,000333,13:21:18,77.9400,42,1
2026-02-03,000333,13:21:21,77.9400,23,1
2026-02-03,000333,13:21:24,77.9500,158,1
2026-02-03,000333,13:21:27,77.9600,19,4
2026-02-03,000333,13:21:30,77.9700,45,1
2026-02-03,000333,13:21:33,77.9700,17,1
2026-02-03,000333,13:21:36,77.9900,31,1
2026-02-03,000333,13:21:39,77.9700,57,2
2026-02-03,000333,13:21:42,77.9800,10,1
2026-02-03,000333,13:21:45,77.9600,69,2
2026-02-03,000333,13:21:48,77.9400,97,2
2026-02-03,000333,13:21:51,77.9300,19,2
2026-02-03,000333,13:21:54,77.9200,77,2
2026-02-03,000333,13:21:57,77.9200,32,1
2026-02-03,000333,13:22:00,77.9000,48,4
2026-02-03,000333,13:22:03,77.8900,39,2
2026-02-03,000333,13:22:06,77.9000,18,1
2026-02-03,000333,13:22:09,77.9000,25,2
2026-02-03,000333,13:22:12,77.9000,46,1
2026-02-03,000333,13:22:15,77.9200,9,1
2026-02-03,000333,13:22:18,77.9200,31,4
2026-02-03,000333,13:22:21,77.9200,20,2
2026-02-03,000333,13:22:24,77.9300,5,1
2026-02-03,000333,13:22:27,77.9200,14,1
2026-02-03,000333,13:22:30,77.9200,50,1
2026-02-03,000333,13:22:33,77.9100,57,4
2026-02-03,000333,13:22:36,77.9100,45,1
2026-02-03,000333,13:22:39,77.9200,54,1
2026-02-03,000333,13:22:42,77.9300,11,1
2026-02-03,000333,13:22:45,77.9200,54,4
2026-02-03,000333,13:22:48,77.9100,2,2
2026-02-03,000333,13:22:51,77.9100,28,2
2026-02-03,000333,13:22:54,77.9100,62,2
2026-02-03,000333,13:22:57,77.9100,15,1
2026-02-03,000333,13:23:00,77.9100,36,1
2026-02-03,000333,13:23:03,77.9100,26,1
2026-02-03,000333,13:23:09,77.9400,38,1
2026-02-03,000333,13:23:12,77.9200,3,2
2026-02-03,000333,13:23:15,77.9200,54,1
2026-02-03,000333,13:23:18,77.9000,1031,2
2026-02-03,000333,13:23:21,77.9400,58,1
2026-02-03,000333,13:23:24,77.9600,28,1
2026-02-03,000333,13:23:27,77.9500,9,1
2026-02-03,000333,13:23:30,77.9500,12,1
2026-02-03,000333,13:23:33,77.9500,18,1
2026-02-03,000333,13:23:39,77.8900,146,2
2026-02-03,000333,13:23:42,77.8800,120,2
2026-02-03,000333,13:23:45,77.9000,31,2
2026-02-03,000333,13:23:48,77.9000,1,4
2026-02-03,000333,13:23:51,77.9000,38,1
2026-02-03,000333,13:23:54,77.9000,1,1
2026-02-03,000333,13:23:57,77.9000,16,1
2026-02-03,000333,13:24:00,77.9000,22,1
2026-02-03,000333,13:24:03,77.9000,13,1
2026-02-03,000333,13:24:06,77.8900,45,2
2026-02-03,000333,13:24:09,77.8900,148,2
2026-02-03,000333,13:24:12,77.8900,10,2
2026-02-03,000333,13:24:15,77.8900,39,2
2026-02-03,000333,13:24:18,77.9100,7,1
2026-02-03,000333,13:24:21,77.9100,25,1
2026-02-03,000333,13:24:24,77.9100,7,1
2026-02-03,000333,13:24:27,77.9100,27,1
2026-02-03,000333,13:24:30,77.9100,19,2
2026-02-03,000333,13:24:33,77.9000,4,2
2026-02-03,000333,13:24:36,77.9100,17,1
2026-02-03,000333,13:24:39,77.9100,17,1
2026-02-03,000333,13:24:42,77.9000,41,2
2026-02-03,000333,13:24:45,77.9000,8,1
2026-02-03,000333,13:24:48,77.8900,15,2
2026-02-03,000333,13:24:51,77.8900,37,2
2026-02-03,000333,13:24:57,77.8800,38,2
2026-02-03,000333,13:25:00,77.8900,116,1
2026-02-03,000333,13:25:03,77.9000,17,1
2026-02-03,000333,13:25:06,77.8900,90,2
2026-02-03,000333,13:25:09,77.8900,14,2
2026-02-03,000333,13:25:12,77.8900,2,1
2026-02-03,000333,13:25:15,77.8800,47,2
2026-02-03,000333,13:25:18,77.9100,340,1
2026-02-03,000333,13:25:21,77.8900,13,2
2026-02-03,000333,13:25:24,77.9000,33,1
2026-02-03,000333,13:25:27,77.9000,13,1
2026-02-03,000333,13:25:30,77.9000,15,1
2026-02-03,000333,13:25:33,77.8900,25,2
2026-02-03,000333,13:25:36,77.9000,13,1
2026-02-03,000333,13:25:39,77.9000,3,1
2026-02-03,000333,13:25:42,77.8900,31,2
2026-02-03,000333,13:25:45,77.8800,5,2
2026-02-03,000333,13:25:51,77.8900,79,1
2026-02-03,000333,13:25:54,77.8800,46,2
2026-02-03,000333,13:25:57,77.8900,2,1
2026-02-03,000333,13:26:00,77.8900,7,1
2026-02-03,000333,13:26:03,77.8900,2,1
2026-02-03,000333,13:26:06,77.8900,34,1
2026-02-03,000333,13:26:09,77.9000,40,1
2026-02-03,000333,13:26:12,77.9000,22,1
2026-02-03,000333,13:26:15,77.9000,165,1
2026-02-03,000333,13:26:18,77.9500,192,1
2026-02-03,000333,13:26:21,77.9500,10,1
2026-02-03,000333,13:26:24,77.9000,29,2
2026-02-03,000333,13:26:27,77.9100,7,4
2026-02-03,000333,13:26:30,77.9100,41,1
2026-02-03,000333,13:26:33,77.9100,51,1
2026-02-03,000333,13:26:36,77.9100,3,1
2026-02-03,000333,13:26:39,77.9100,43,1
2026-02-03,000333,13:26:42,77.9100,23,1
2026-02-03,000333,13:26:45,77.9000,4,2
2026-02-03,000333,13:26:48,77.8900,28,2
2026-02-03,000333,13:26:51,77.9000,12,4
2026-02-03,000333,13:26:54,77.9000,45,1
2026-02-03,000333,13:26:57,77.8900,26,2
2026-02-03,000333,13:27:00,77.9100,47,1
2026-02-03,000333,13:27:03,77.9000,3,1
2026-02-03,000333,13:27:06,77.9200,37,1
2026-02-03,000333,13:27:09,77.9000,38,2
2026-02-03,000333,13:27:12,77.9200,11,1
2026-02-03,000333,13:27:15,77.9200,146,1
2026-02-03,000333,13:27:18,77.9400,54,1
2026-02-03,000333,13:27:21,77.9200,47,2
2026-02-03,000333,13:27:24,77.9400,34,1
2026-02-03,000333,13:27:27,77.9200,22,2
2026-02-03,000333,13:27:30,77.9200,5,2
2026-02-03,000333,13:27:33,77.9200,57,2
2026-02-03,000333,13:27:36,77.9100,13,2
2026-02-03,000333,13:27:39,77.9200,25,1
2026-02-03,000333,13:27:42,77.9200,3,1
2026-02-03,000333,13:27:45,77.9100,58,2
2026-02-03,000333,13:27:48,77.9000,13,2
2026-02-03,000333,13:27:51,77.9100,53,1
2026-02-03,000333,13:27:54,77.9000,11,2
2026-02-03,000333,13:27:57,77.9100,505,1
2026-02-03,000333,13:28:00,77.9100,47,2
2026-02-03,000333,13:28:03,77.9100,21,1
2026-02-03,000333,13:28:06,77.9100,75,1
2026-02-03,000333,13:28:09,77.9100,47,2
2026-02-03,000333,13:28:12,77.9300,56,1
2026-02-03,000333,13:28:15,77.9200,3,2
2026-02-03,000333,13:28:18,77.9200,21,1
2026-02-03,000333,13:28:21,77.9200,21,4
2026-02-03,000333,13:28:24,77.9300,11,1
2026-02-03,000333,13:28:27,77.9300,14,1
2026-02-03,000333,13:28:30,77.9300,16,1
2026-02-03,000333,13:28:33,77.9200,10,2
2026-02-03,000333,13:28:36,77.9300,13,1
2026-02-03,000333,13:28:39,77.9300,12,1
2026-02-03,000333,13:28:42,77.9300,16,1
2026-02-03,000333,13:28:45,77.9300,21,1
2026-02-03,000333,13:28:48,77.9300,7,1
2026-02-03,000333,13:28:51,77.9300,22,1
2026-02-03,000333,13:28:54,77.9300,15,1
2026-02-03,000333,13:28:57,77.9300,7,1
2026-02-03,000333,13:29:00,77.9300,34,2
2026-02-03,000333,13:29:03,77.9400,34,1
2026-02-03,000333,13:29:06,77.9400,46,1
2026-02-03,000333,13:29:09,77.9400,30,1
2026-02-03,000333,13:29:12,77.9400,29,1
2026-02-03,000333,13:29:15,77.9300,86,2
2026-02-03,000333,13:29:18,77.9200,82,2
2026-02-03,000333,13:29:21,77.9100,31,2
2026-02-03,000333,13:29:24,77.9100,91,2
2026-02-03,000333,13:29:27,77.9100,17,1
2026-02-03,000333,13:29:30,77.8800,218,2
2026-02-03,000333,13:29:33,77.8900,67,4
2026-02-03,000333,13:29:36,77.9000,70,1
2026-02-03,000333,13:29:39,77.8900,16,2
2026-02-03,000333,13:29:42,77.9100,113,1
2026-02-03,000333,13:29:45,77.9100,27,1
2026-02-03,000333,13:29:48,77.9000,14,2
2026-02-03,000333,13:29:51,77.9100,36,1
2026-02-03,000333,13:29:54,77.9200,17,1
2026-02-03,000333,13:29:57,77.9200,14,1
2026-02-03,000333,13:30:00,77.9200,36,1
2026-02-03,000333,13:30:03,77.9100,27,1
2026-02-03,000333,13:30:06,77.9100,24,1
2026-02-03,000333,13:30:09,77.9100,42,1
2026-02-03,000333,13:30:12,77.9000,36,2
2026-02-03,000333,13:30:15,77.9100,31,1
2026-02-03,000333,13:30:18,77.9100,11,2
2026-02-03,000333,13:30:24,77.9100,10,1
2026-02-03,000333,13:30:27,77.9100,3,1
2026-02-03,000333,13:30:30,77.9100,2,1
2026-02-03,000333,13:30:33,77.9100,6,1
2026-02-03,000333,13:30:36,77.9200,82,1
2026-02-03,000333,13:30:39,77.9100,20,1
2026-02-03,000333,13:30:42,77.9100,20,1
2026-02-03,000333,13:30:45,77.9100,19,1
2026-02-03,000333,13:30:48,77.9200,7,1
2026-02-03,000333,13:30:51,77.9200,26,1
2026-02-03,000333,13:30:54,77.9100,93,4
2026-02-03,000333,13:30:57,77.9000,3,4
2026-02-03,000333,13:31:00,77.9000,29,1
2026-02-03,000333,13:31:03,77.9000,10,1
2026-02-03,000333,13:31:06,77.9000,24,1
2026-02-03,000333,13:31:09,77.9000,8,1
2026-02-03,000333,13:31:12,77.9000,42,1
2026-02-03,000333,13:31:15,77.9100,106,1
2026-02-03,000333,13:31:18,77.9000,45,1
2026-02-03,000333,13:31:21,77.9200,59,1
2026-02-03,000333,13:31:24,77.9100,11,4
2026-02-03,000333,13:31:27,77.9200,37,1
2026-02-03,000333,13:31:30,77.9200,41,2
2026-02-03,000333,13:31:33,77.9200,54,2
2026-02-03,000333,13:31:36,77.9200,43,2
2026-02-03,000333,13:31:39,77.9200,25,4
2026-02-03,000333,13:31:42,77.9300,17,1
2026-02-03,000333,13:31:45,77.9300,7,2
2026-02-03,000333,13:31:48,77.9300,54,2
2026-02-03,000333,13:31:51,77.9400,41,1
2026-02-03,000333,13:31:54,77.9300,6,2
2026-02-03,000333,13:31:57,77.9400,23,1
2026-02-03,000333,13:32:00,77.9400,32,1
2026-02-03,000333,13:32:03,77.9300,44,2
2026-02-03,000333,13:32:06,77.9200,31,2
2026-02-03,000333,13:32:09,77.9200,16,2
2026-02-03,000333,13:32:12,77.9100,313,2
2026-02-03,000333,13:32:15,77.9100,6,1
2026-02-03,000333,13:32:18,77.9100,67,1
2026-02-03,000333,13:32:21,77.9100,31,2
2026-02-03,000333,13:32:24,77.9200,2,1
2026-02-03,000333,13:32:27,77.9200,72,1
2026-02-03,000333,13:32:30,77.9300,16,1
2026-02-03,000333,13:32:33,77.9300,56,1
2026-02-03,000333,13:32:36,77.9200,42,1
2026-02-03,000333,13:32:39,77.9300,26,2
2026-02-03,000333,13:32:42,77.9300,4,2
2026-02-03,000333,13:32:45,77.9300,10,2
2026-02-03,000333,13:32:48,77.9400,11,1
2026-02-03,000333,13:32:51,77.9300,31,2
2026-02-03,000333,13:32:54,77.9200,24,2
2026-02-03,000333,13:32:57,77.9300,13,1
2026-02-03,000333,13:33:00,77.9400,69,1
2026-02-03,000333,13:33:03,77.9300,13,1
2026-02-03,000333,13:33:06,77.9000,134,2
2026-02-03,000333,13:33:09,77.9000,161,2
2026-02-03,000333,13:33:12,77.8900,20,2
2026-02-03,000333,13:33:15,77.8900,43,2
2026-02-03,000333,13:33:18,77.8900,86,2
2026-02-03,000333,13:33:21,77.9100,95,1
2026-02-03,000333,13:33:24,77.9100,35,1
2026-02-03,000333,13:33:27,77.9100,51,1
2026-02-03,000333,13:33:30,77.9100,73,2
2026-02-03,000333,13:33:33,77.9200,50,1
2026-02-03,000333,13:33:36,77.9100,7,2
2026-02-03,000333,13:33:39,77.9100,72,2
2026-02-03,000333,13:33:42,77.9300,12,1
2026-02-03,000333,13:33:45,77.9300,57,1
2026-02-03,000333,13:33:48,77.9300,17,2
2026-02-03,000333,13:33:51,77.9400,72,1
2026-02-03,000333,13:33:57,77.9300,29,2
2026-02-03,000333,13:34:00,77.9300,30,2
2026-02-03,000333,13:34:03,77.9500,19,1
2026-02-03,000333,13:34:06,77.9500,13,1
2026-02-03,000333,13:34:09,77.9500,40,1
2026-02-03,000333,13:34:12,77.9600,21,1
2026-02-03,000333,13:34:15,77.9600,13,1
2026-02-03,000333,13:34:18,77.9600,296,1
2026-02-03,000333,13:34:21,77.9500,36,2
2026-02-03,000333,13:34:24,77.9700,31,1
2026-02-03,000333,13:34:27,77.9700,14,2
2026-02-03,000333,13:34:30,77.9800,40,1
2026-02-03,000333,13:34:33,77.9800,24,1
2026-02-03,000333,13:34:36,77.9900,22,1
2026-02-03,000333,13:34:39,77.9900,1,1
2026-02-03,000333,13:34:42,77.9800,23,2
2026-02-03,000333,13:34:45,77.9900,10,1
2026-02-03,000333,13:34:48,77.9900,88,1
2026-02-03,000333,13:34:51,77.9900,73,1
2026-02-03,000333,13:34:54,77.9800,19,1
2026-02-03,000333,13:34:57,77.9800,77,1
2026-02-03,000333,13:35:00,77.9700,85,2
2026-02-03,000333,13:35:03,77.9800,92,1
2026-02-03,000333,13:35:06,77.9900,68,1
2026-02-03,000333,13:35:09,77.9800,65,1
2026-02-03,000333,13:35:12,77.9700,8,2
2026-02-03,000333,13:35:15,77.9800,50,1
2026-02-03,000333,13:35:18,77.9900,7,4
2026-02-03,000333,13:35:21,77.9900,13,1
2026-02-03,000333,13:35:24,77.9800,27,2
2026-02-03,000333,13:35:27,77.9900,43,1
2026-02-03,000333,13:35:30,77.9900,37,2
2026-02-03,000333,13:35:33,78.0000,41,1
2026-02-03,000333,13:35:36,78.0000,137,1
2026-02-03,000333,13:35:39,77.9900,14,2
2026-02-03,000333,13:35:42,78.0000,69,1
2026-02-03,000333,13:35:45,77.9900,1,2
2026-02-03,000333,13:35:48,78.0000,7,1
2026-02-03,000333,13:35:51,78.0000,44,1
2026-02-03,000333,13:35:54,77.9900,3,2
2026-02-03,000333,13:35:57,78.0000,37,1
2026-02-03,000333,13:36:00,78.0000,12,1
2026-02-03,000333,13:36:03,77.9900,27,2
2026-02-03,000333,13:36:06,78.0000,8,1
2026-02-03,000333,13:36:09,77.9900,87,2
2026-02-03,000333,13:36:12,77.9800,6,4
2026-02-03,000333,13:36:15,77.9900,26,1
2026-02-03,000333,13:36:18,77.9700,10,2
2026-02-03,000333,13:36:21,77.9800,48,1
2026-02-03,000333,13:36:24,77.9900,22,1
2026-02-03,000333,13:36:27,77.9900,22,1
2026-02-03,000333,13:36:30,77.9800,22,2
2026-02-03,000333,13:36:33,77.9800,29,2
2026-02-03,000333,13:36:36,77.9900,39,1
2026-02-03,000333,13:36:39,77.9900,21,1
2026-02-03,000333,13:36:42,77.9900,15,1
2026-02-03,000333,13:36:45,77.9900,10,1
2026-02-03,000333,13:36:48,77.9800,29,1
2026-02-03,000333,13:36:51,77.9800,21,1
2026-02-03,000333,13:36:54,77.9800,27,1
2026-02-03,000333,13:36:57,77.9900,61,1
2026-02-03,000333,13:37:00,77.9900,6,1
2026-02-03,000333,13:37:03,77.9800,33,2
2026-02-03,000333,13:37:06,77.9700,22,2
2026-02-03,000333,13:37:09,77.9800,31,1
2026-02-03,000333,13:37:12,77.9800,17,2
2026-02-03,000333,13:37:15,77.9900,10,1
2026-02-03,000333,13:37:18,77.9800,44,2
2026-02-03,000333,13:37:21,77.9800,14,2
2026-02-03,000333,13:37:24,77.9900,24,1
2026-02-03,000333,13:37:27,77.9900,15,1
2026-02-03,000333,13:37:30,77.9900,3,1
2026-02-03,000333,13:37:33,77.9900,26,1
2026-02-03,000333,13:37:36,77.9900,27,2
2026-02-03,000333,13:37:39,77.9800,43,2
2026-02-03,000333,13:37:42,77.9900,22,1
2026-02-03,000333,13:37:45,78.0000,62,1
2026-02-03,000333,13:37:48,78.0100,20,1
2026-02-03,000333,13:37:51,77.9900,106,2
2026-02-03,000333,13:37:54,77.9900,16,1
2026-02-03,000333,13:37:57,77.9900,50,1
2026-02-03,000333,13:38:00,77.9900,11,1
2026-02-03,000333,13:38:03,77.9900,66,1
2026-02-03,000333,13:38:06,78.0000,33,1
2026-02-03,000333,13:38:09,78.0000,49,1
2026-02-03,000333,13:38:12,78.0000,6,1
2026-02-03,000333,13:38:15,77.9900,7,2
2026-02-03,000333,13:38:18,78.0000,21,1
2026-02-03,000333,13:38:21,78.0000,88,1
2026-02-03,000333,13:38:24,78.0000,32,1
2026-02-03,000333,13:38:27,78.0000,16,1
2026-02-03,000333,13:38:30,78.0000,47,1
2026-02-03,000333,13:38:36,78.0000,30,1
2026-02-03,000333,13:38:39,77.9800,35,2
2026-02-03,000333,13:38:42,77.9900,32,1
2026-02-03,000333,13:38:45,78.0000,44,1
2026-02-03,000333,13:38:48,78.0000,33,1
2026-02-03,000333,13:38:51,77.9900,95,2
2026-02-03,000333,13:38:54,77.9900,28,2
2026-02-03,000333,13:38:57,78.0000,58,1
2026-02-03,000333,13:39:00,77.9900,36,2
2026-02-03,000333,13:39:03,77.9900,15,2
2026-02-03,000333,13:39:06,77.9900,35,1
2026-02-03,000333,13:39:09,77.9900,9,1
2026-02-03,000333,13:39:12,77.9800,15,2
2026-02-03,000333,13:39:15,77.9900,93,1
2026-02-03,000333,13:39:18,77.9800,11,2
2026-02-03,000333,13:39:21,77.9900,48,1
2026-02-03,000333,13:39:24,77.9800,124,2
2026-02-03,000333,13:39:27,77.9900,48,1
2026-02-03,000333,13:39:30,77.9900,13,1
2026-02-03,000333,13:39:33,77.9900,69,1
2026-02-03,000333,13:39:36,77.9900,25,2
2026-02-03,000333,13:39:39,77.9900,35,2
2026-02-03,000333,13:39:42,78.0000,2,1
2026-02-03,000333,13:39:45,78.0000,12,1
2026-02-03,000333,13:39:48,77.9900,19,2
2026-02-03,000333,13:39:51,78.0000,23,1
2026-02-03,000333,13:39:54,77.9900,10,1
2026-02-03,000333,13:39:57,77.9900,9,1
2026-02-03,000333,13:40:00,77.9900,40,2
2026-02-03,000333,13:40:03,77.9800,177,2
2026-02-03,000333,13:40:06,77.9700,90,2
2026-02-03,000333,13:40:09,77.9700,69,2
2026-02-03,000333,13:40:12,77.9600,63,2
2026-02-03,000333,13:40:15,77.9700,35,4
2026-02-03,000333,13:40:18,77.9800,45,1
2026-02-03,000333,13:40:21,77.9600,65,2
2026-02-03,000333,13:40:24,77.9700,16,1
2026-02-03,000333,13:40:27,77.9700,28,1
2026-02-03,000333,13:40:30,77.9900,31,1
2026-02-03,000333,13:40:33,78.0000,1,1
2026-02-03,000333,13:40:36,77.9800,94,2
2026-02-03,000333,13:40:39,78.0000,34,1
2026-02-03,000333,13:40:42,78.0000,25,1
2026-02-03,000333,13:40:45,78.0100,9,1
2026-02-03,000333,13:40:48,77.9900,28,2
2026-02-03,000333,13:40:51,77.9900,40,2
2026-02-03,000333,13:40:54,77.9800,39,2
2026-02-03,000333,13:40:57,77.9900,26,1
2026-02-03,000333,13:41:00,77.9900,30,1
2026-02-03,000333,13:41:03,77.9800,181,2
2026-02-03,000333,13:41:06,77.9800,314,2
2026-02-03,000333,13:41:09,77.9800,27,1
2026-02-03,000333,13:41:12,77.9600,203,2
2026-02-03,000333,13:41:15,77.9700,26,4
2026-02-03,000333,13:41:18,77.9700,56,2
2026-02-03,000333,13:41:21,77.9800,31,1
2026-02-03,000333,13:41:24,77.9800,45,1
2026-02-03,000333,13:41:27,77.9700,38,2
2026-02-03,000333,13:41:30,77.9800,26,1
2026-02-03,000333,13:41:33,77.9700,66,2
2026-02-03,000333,13:41:36,77.9800,54,1
2026-02-03,000333,13:41:39,77.9800,31,2
2026-02-03,000333,13:41:42,78.0000,46,1
2026-02-03,000333,13:41:45,77.9800,36,2
2026-02-03,000333,13:41:48,77.9800,58,2
2026-02-03,000333,13:41:51,77.9900,53,1
2026-02-03,000333,13:41:54,78.0000,68,1
2026-02-03,000333,13:41:57,78.0000,2,2
2026-02-03,000333,13:42:00,78.0100,21,1
2026-02-03,000333,13:42:03,78.0100,102,1
2026-02-03,000333,13:42:06,78.0000,36,2
2026-02-03,000333,13:42:09,78.0000,16,1
2026-02-03,000333,13:42:12,78.0000,16,1
2026-02-03,000333,13:42:15,78.0000,12,1
2026-02-03,000333,13:42:18,78.0000,1,1
2026-02-03,000333,13:42:21,78.0000,2,1
2026-02-03,000333,13:42:24,78.0000,22,1
2026-02-03,000333,13:42:27,77.9900,48,2
2026-02-03,000333,13:42:30,78.0000,38,1
2026-02-03,000333,13:42:33,78.0000,18,1
2026-02-03,000333,13:42:36,78.0000,51,1
2026-02-03,000333,13:42:39,78.0000,44,2
2026-02-03,000333,13:42:42,78.0000,14,1
2026-02-03,000333,13:42:45,77.9900,149,2
2026-02-03,000333,13:42:48,77.9800,21,2
2026-02-03,000333,13:42:51,77.9800,118,2
2026-02-03,000333,13:42:54,77.9800,51,2
2026-02-03,000333,13:42:57,77.9800,41,1
2026-02-03,000333,13:43:00,77.9800,23,1
2026-02-03,000333,13:43:03,77.9700,172,2
2026-02-03,000333,13:43:06,77.9800,11,1
2026-02-03,000333,13:43:09,77.9800,101,1
2026-02-03,000333,13:43:12,77.9900,25,1
2026-02-03,000333,13:43:15,77.9600,49,2
2026-02-03,000333,13:43:18,77.9600,15,1
2026-02-03,000333,13:43:21,77.9600,37,2
2026-02-03,000333,13:43:24,77.9600,16,2
2026-02-03,000333,13:43:27,77.9600,15,2
2026-02-03,000333,13:43:30,77.9700,44,1
2026-02-03,000333,13:43:33,77.9900,32,1
2026-02-03,000333,13:43:39,77.9800,12,1
2026-02-03,000333,13:43:42,77.9600,30,2
2026-02-03,000333,13:43:45,77.9700,15,4
2026-02-03,000333,13:43:48,77.9600,100,2
2026-02-03,000333,13:43:51,77.9600,23,2
2026-02-03,000333,13:43:54,77.9700,15,1
2026-02-03,000333,13:43:57,77.9600,39,2
2026-02-03,000333,13:44:00,77.9700,19,1
2026-02-03,000333,13:44:03,77.9700,40,2
2026-02-03,000333,13:44:06,77.9900,54,1
2026-02-03,000333,13:44:09,77.9900,16,1
2026-02-03,000333,13:44:12,77.9900,28,1
2026-02-03,000333,13:44:15,77.9700,18,2
2026-02-03,000333,13:44:18,77.9800,3,2
2026-02-03,000333,13:44:21,77.9800,32,2
2026-02-03,000333,13:44:24,77.9800,68,2
2026-02-03,000333,13:44:27,77.9900,23,1
2026-02-03,000333,13:44:30,78.0000,5,1
2026-02-03,000333,13:44:33,77.9900,13,2
2026-02-03,000333,13:44:36,78.0000,5,1
2026-02-03,000333,13:44:39,78.0000,30,1
2026-02-03,000333,13:44:42,78.0000,12,1
2026-02-03,000333,13:44:45,78.0000,6,1
2026-02-03,000333,13:44:48,77.9900,81,2
2026-02-03,000333,13:44:51,77.9800,460,2
2026-02-03,000333,13:44:54,77.9800,137,2
2026-02-03,000333,13:44:57,77.9900,7,1
2026-02-03,000333,13:45:00,77.9800,127,2
2026-02-03,000333,13:45:03,77.9800,29,1
2026-02-03,000333,13:45:06,77.9800,34,1
2026-02-03,000333,13:45:09,77.9800,21,1
2026-02-03,000333,13:45:12,77.9800,14,1
2026-02-03,000333,13:45:15,77.9700,11,2
2026-02-03,000333,13:45:18,77.9800,127,1
2026-02-03,000333,13:45:21,77.9700,321,2
2026-02-03,000333,13:45:24,77.9700,6,2
2026-02-03,000333,13:45:27,77.9700,51,1
2026-02-03,000333,13:45:30,77.9700,19,2
2026-02-03,000333,13:45:33,77.9700,27,2
2026-02-03,000333,13:45:36,77.9800,12,1
2026-02-03,000333,13:45:39,77.9700,12,2
2026-02-03,000333,13:45:42,77.9700,5,2
2026-02-03,000333,13:45:45,77.9700,27,2
2026-02-03,000333,13:45:48,77.9700,45,2
2026-02-03,000333,13:45:51,77.9700,39,2
2026-02-03,000333,13:45:54,77.9800,34,1
2026-02-03,000333,13:45:57,77.9600,18,2
2026-02-03,000333,13:46:00,77.9700,96,1
2026-02-03,000333,13:46:03,77.9800,31,1
2026-02-03,000333,13:46:06,77.9800,12,1
2026-02-03,000333,13:46:09,77.9800,26,1
2026-02-03,000333,13:46:12,77.9700,22,2
2026-02-03,000333,13:46:15,77.9800,67,1
2026-02-03,000333,13:46:18,77.9700,351,2
2026-02-03,000333,13:46:21,77.9800,141,1
2026-02-03,000333,13:46:24,77.9900,12,1
2026-02-03,000333,13:46:27,77.9800,79,2
2026-02-03,000333,13:46:30,77.9800,71,2
2026-02-03,000333,13:46:33,77.9900,16,1
2026-02-03,000333,13:46:36,77.9900,9,1
2026-02-03,000333,13:46:39,77.9800,6,2
2026-02-03,000333,13:46:42,77.9800,25,2
2026-02-03,000333,13:46:45,77.9900,29,1
2026-02-03,000333,13:46:48,77.9900,37,1
2026-02-03,000333,13:46:51,77.9900,9,1
2026-02-03,000333,13:46:54,77.9900,39,1
2026-02-03,000333,13:46:57,77.9900,29,1
2026-02-03,000333,13:47:00,77.9900,22,1
2026-02-03,000333,13:47:03,77.9900,8,1
2026-02-03,000333,13:47:06,77.9900,22,1
2026-02-03,000333,13:47:09,77.9900,8,1
2026-02-03,000333,13:47:12,77.9800,27,2
2026-02-03,000333,13:47:15,77.9800,15,2
2026-02-03,000333,13:47:18,77.9800,72,2
2026-02-03,000333,13:47:21,77.9800,39,2
2026-02-03,000333,13:47:24,77.9700,48,2
2026-02-03,000333,13:47:27,77.9700,158,2
2026-02-03,000333,13:47:30,77.9700,35,2
2026-02-03,000333,13:47:33,77.9700,54,2
2026-02-03,000333,13:47:36,77.9700,31,2
2026-02-03,000333,13:47:39,77.9700,45,2
2026-02-03,000333,13:47:42,77.9800,5,1
2026-02-03,000333,13:47:45,77.9700,18,1
2026-02-03,000333,13:47:48,77.9600,54,2
2026-02-03,000333,13:47:51,77.9600,69,2
2026-02-03,000333,13:47:54,77.9400,177,2
2026-02-03,000333,13:47:57,77.9400,16,2
2026-02-03,000333,13:48:00,77.9500,72,1
2026-02-03,000333,13:48:03,77.9400,9,2
2026-02-03,000333,13:48:06,77.9400,33,2
2026-02-03,000333,13:48:09,77.9400,27,2
2026-02-03,000333,13:48:12,77.9400,4,2
2026-02-03,000333,13:48:15,77.9500,39,1
2026-02-03,000333,13:48:18,77.9400,54,2
2026-02-03,000333,13:48:21,77.9400,11,2
2026-02-03,000333,13:48:24,77.9500,724,1
2026-02-03,000333,13:48:27,77.9100,10,2
2026-02-03,000333,13:48:30,77.9400,18,1
2026-02-03,000333,13:48:33,77.9300,17,1
2026-02-03,000333,13:48:36,77.9400,62,1
2026-02-03,000333,13:48:39,77.9400,34,1
2026-02-03,000333,13:48:42,77.9400,126,1
2026-02-03,000333,13:48:45,77.9500,28,1
2026-02-03,000333,13:48:48,77.9400,36,2
2026-02-03,000333,13:48:51,77.9500,30,1
2026-02-03,000333,13:48:54,77.9500,30,1
2026-02-03,000333,13:48:57,77.9500,68,1
2026-02-03,000333,13:49:00,77.9400,21,2
2026-02-03,000333,13:49:03,77.9400,33,1
2026-02-03,000333,13:49:06,77.9400,28,1
2026-02-03,000333,13:49:09,77.9400,11,2
2026-02-03,000333,13:49:12,77.9400,2,2
2026-02-03,000333,13:49:15,77.9400,23,2
2026-02-03,000333,13:49:18,77.9300,14,2
2026-02-03,000333,13:49:21,77.9400,32,1
2026-02-03,000333,13:49:24,77.9300,40,2
2026-02-03,000333,13:49:27,77.9400,44,1
2026-02-03,000333,13:49:30,77.9500,32,1
2026-02-03,000333,13:49:33,77.9400,36,2
2026-02-03,000333,13:49:36,77.9500,4,1
2026-02-03,000333,13:49:39,77.9500,7,1
2026-02-03,000333,13:49:42,77.9400,11,2
2026-02-03,000333,13:49:45,77.9500,2,1
2026-02-03,000333,13:49:48,77.9300,42,2
2026-02-03,000333,13:49:51,77.9400,131,1
2026-02-03,000333,13:49:54,77.9300,190,2
2026-02-03,000333,13:49:57,77.9300,59,1
2026-02-03,000333,13:50:00,77.9300,180,4
2026-02-03,000333,13:50:03,77.9300,58,1
2026-02-03,000333,13:50:06,77.9100,49,2
2026-02-03,000333,13:50:09,77.9100,35,1
2026-02-03,000333,13:50:12,77.9000,75,2
2026-02-03,000333,13:50:15,77.9000,22,2
2026-02-03,000333,13:50:18,77.9100,55,1
2026-02-03,000333,13:50:21,77.9000,22,2
2026-02-03,000333,13:50:24,77.9100,12,1
2026-02-03,000333,13:50:27,77.9200,12,1
2026-02-03,000333,13:50:30,77.9200,28,1
2026-02-03,000333,13:50:33,77.9100,22,2
2026-02-03,000333,13:50:36,77.9100,31,2
2026-02-03,000333,13:50:39,77.9100,33,1
2026-02-03,000333,13:50:42,77.9100,115,1
2026-02-03,000333,13:50:45,77.9000,218,2
2026-02-03,000333,13:50:48,77.9000,71,2
2026-02-03,000333,13:50:51,77.8900,52,2
2026-02-03,000333,13:50:54,77.8900,152,2
2026-02-03,000333,13:50:57,77.8900,52,2
2026-02-03,000333,13:51:00,77.8900,97,1
2026-02-03,000333,13:51:03,77.8800,21,2
2026-02-03,000333,13:51:06,77.8700,137,2
2026-02-03,000333,13:51:09,77.8700,218,2
2026-02-03,000333,13:51:12,77.8600,80,2
2026-02-03,000333,13:51:15,77.8500,139,2
2026-02-03,000333,13:51:18,77.8500,84,2
2026-02-03,000333,13:51:21,77.8400,97,2
2026-02-03,000333,13:51:24,77.8400,65,1
2026-02-03,000333,13:51:27,77.8200,81,2
2026-02-03,000333,13:51:30,77.8300,53,1
2026-02-03,000333,13:51:33,77.8200,7,2
2026-02-03,000333,13:51:36,77.8100,80,2
2026-02-03,000333,13:51:39,77.8100,102,2
2026-02-03,000333,13:51:42,77.8100,61,2
2026-02-03,000333,13:51:45,77.8100,52,2
2026-02-03,000333,13:51:48,77.8100,36,1
2026-02-03,000333,13:51:51,77.8100,25,1
2026-02-03,000333,13:51:54,77.8100,32,1
2026-02-03,000333,13:51:57,77.8100,10,1
2026-02-03,000333,13:52:00,77.8100,59,1
2026-02-03,000333,13:52:03,77.8100,6,1
2026-02-03,000333,13:52:06,77.7600,2159,2
2026-02-03,000333,13:52:09,77.7300,429,2
2026-02-03,000333,13:52:12,77.7400,510,1
2026-02-03,000333,13:52:15,77.7300,152,4
2026-02-03,000333,13:52:18,77.7200,107,2
2026-02-03,000333,13:52:21,77.7200,169,2
2026-02-03,000333,13:52:24,77.7300,17,1
2026-02-03,000333,13:52:27,77.7300,74,1
2026-02-03,000333,13:52:30,77.7300,60,1
2026-02-03,000333,13:52:33,77.7500,159,1
2026-02-03,000333,13:52:36,77.7500,39,2
2026-02-03,000333,13:52:39,77.7600,36,1
2026-02-03,000333,13:52:42,77.7600,50,2
2026-02-03,000333,13:52:45,77.7600,13,1
2026-02-03,000333,13:52:48,77.7800,129,1
2026-02-03,000333,13:52:51,77.8000,120,1
2026-02-03,000333,13:52:54,77.8000,65,1
2026-02-03,000333,13:52:57,77.8000,58,1
2026-02-03,000333,13:53:00,77.7900,25,2
2026-02-03,000333,13:53:03,77.8000,92,1
2026-02-03,000333,13:53:06,77.8000,33,2
2026-02-03,000333,13:53:09,77.8000,44,2
2026-02-03,000333,13:53:12,77.8100,92,1
2026-02-03,000333,13:53:15,77.8000,49,2
2026-02-03,000333,13:53:18,77.8000,66,2
2026-02-03,000333,13:53:21,77.8000,13,2
2026-02-03,000333,13:53:24,77.8000,134,1
2026-02-03,000333,13:53:27,77.8100,42,4
2026-02-03,000333,13:53:30,77.8100,18,4
2026-02-03,000333,13:53:33,77.8100,13,1
2026-02-03,000333,13:53:36,77.8100,11,1
2026-02-03,000333,13:53:39,77.8000,122,2
2026-02-03,000333,13:53:42,77.8000,44,2
2026-02-03,000333,13:53:45,77.7900,83,2
2026-02-03,000333,13:53:48,77.8000,33,1
2026-02-03,000333,13:53:51,77.7900,17,2
2026-02-03,000333,13:53:54,77.7900,33,4
2026-02-03,000333,13:53:57,77.7900,18,1
2026-02-03,000333,13:54:00,77.7800,134,2
2026-02-03,000333,13:54:03,77.7700,88,2
2026-02-03,000333,13:54:06,77.7700,112,2
2026-02-03,000333,13:54:09,77.7700,69,1
2026-02-03,000333,13:54:12,77.7600,34,4
2026-02-03,000333,13:54:15,77.7700,3,1
2026-02-03,000333,13:54:18,77.7700,34,1
2026-02-03,000333,13:54:21,77.7700,55,1
2026-02-03,000333,13:54:24,77.7600,15,2
2026-02-03,000333,13:54:27,77.7700,13,2
2026-02-03,000333,13:54:30,77.7700,83,2
2026-02-03,000333,13:54:33,77.7700,28,2
2026-02-03,000333,13:54:36,77.7700,28,2
2026-02-03,000333,13:54:39,77.7700,61,1
2026-02-03,000333,13:54:42,77.7700,162,1
2026-02-03,000333,13:54:45,77.7600,30,2
2026-02-03,000333,13:54:48,77.7700,62,2
2026-02-03,000333,13:54:51,77.7600,69,2
2026-02-03,000333,13:54:54,77.7600,26,2
2026-02-03,000333,13:54:57,77.7700,36,1
2026-02-03,000333,13:55:00,77.7700,46,1
2026-02-03,000333,13:55:03,77.7500,54,2
2026-02-03,000333,13:55:06,77.7600,23,1
2026-02-03,000333,13:55:09,77.7800,31,1
2026-02-03,000333,13:55:12,77.7700,13,4
2026-02-03,000333,13:55:15,77.7600,13,2
2026-02-03,000333,13:55:18,77.7700,50,1
2026-02-03,000333,13:55:21,77.7700,33,2
2026-02-03,000333,13:55:24,77.7700,30,2
2026-02-03,000333,13:55:27,77.7800,37,1
2026-02-03,000333,13:55:30,77.7700,24,2
2026-02-03,000333,13:55:33,77.7700,48,2
2026-02-03,000333,13:55:36,77.7700,58,1
2026-02-03,000333,13:55:39,77.7600,18,2
2026-02-03,000333,13:55:42,77.7700,89,1
2026-02-03,000333,13:55:45,77.7700,47,2
2026-02-03,000333,13:55:48,77.7700,62,2
2026-02-03,000333,13:55:51,77.7700,37,1
2026-02-03,000333,13:55:54,77.7700,16,1
2026-02-03,000333,13:55:57,77.7700,28,2
2026-02-03,000333,13:56:00,77.7800,40,1
2026-02-03,000333,13:56:03,77.7800,40,1
2026-02-03,000333,13:56:06,77.7700,31,2
2026-02-03,000333,13:56:09,77.7700,21,2
2026-02-03,000333,13:56:12,77.7700,37,2
2026-02-03,000333,13:56:15,77.7700,23,2
2026-02-03,000333,13:56:18,77.7700,18,2
2026-02-03,000333,13:56:21,77.7700,57,2
2026-02-03,000333,13:56:24,77.7700,8,2
2026-02-03,000333,13:56:27,77.7700,31,2
2026-02-03,000333,13:56:30,77.7700,36,2
2026-02-03,000333,13:56:33,77.7700,86,2
2026-02-03,000333,13:56:36,77.7800,32,1
2026-02-03,000333,13:56:39,77.7700,47,2
2026-02-03,000333,13:56:42,77.8000,259,1
2026-02-03,000333,13:56:45,77.8100,81,1
2026-02-03,000333,13:56:48,77.8000,31,1
2026-02-03,000333,13:56:51,77.8000,37,4
2026-02-03,000333,13:56:54,77.8000,38,1
2026-02-03,000333,13:56:57,77.8100,17,1
2026-02-03,000333,13:57:00,77.8100,36,1
2026-02-03,000333,13:57:03,77.8000,9,2
2026-02-03,000333,13:57:06,77.8000,157,2
2026-02-03,000333,13:57:09,77.8000,57,2
2026-02-03,000333,13:57:12,77.8000,33,2
2026-02-03,000333,13:57:15,77.8100,21,1
2026-02-03,000333,13:57:18,77.8100,5,1
2026-02-03,000333,13:57:21,77.8000,20,2
2026-02-03,000333,13:57:24,77.8000,16,2
2026-02-03,000333,13:57:27,77.8100,115,1
2026-02-03,000333,13:57:30,77.8000,48,2
2026-02-03,000333,13:57:33,77.8000,68,1
2026-02-03,000333,13:57:36,77.8000,47,2
2026-02-03,000333,13:57:39,77.8100,31,1
2026-02-03,000333,13:57:42,77.8100,109,1
2026-02-03,000333,13:57:45,77.7800,37,2
2026-02-03,000333,13:57:48,77.7900,21,2
2026-02-03,000333,13:57:51,77.8000,20,1
2026-02-03,000333,13:57:54,77.8000,41,1
2026-02-03,000333,13:57:57,77.7900,21,1
2026-02-03,000333,13:58:00,77.7800,16,2
2026-02-03,000333,13:58:03,77.7800,48,2
2026-02-03,000333,13:58:06,77.7800,41,2
2026-02-03,000333,13:58:09,77.7800,37,1
2026-02-03,000333,13:58:12,77.7700,113,2
2026-02-03,000333,13:58:15,77.7800,28,1
2026-02-03,000333,13:58:18,77.7700,63,2
2026-02-03,000333,13:58:21,77.7700,18,4
2026-02-03,000333,13:58:24,77.7600,63,2
2026-02-03,000333,13:58:27,77.7700,27,1
2026-02-03,000333,13:58:30,77.7600,27,2
2026-02-03,000333,13:58:33,77.7600,88,2
2026-02-03,000333,13:58:36,77.7600,78,2
2026-02-03,000333,13:58:39,77.7600,45,2
2026-02-03,000333,13:58:42,77.7500,162,2
2026-02-03,000333,13:58:45,77.7400,33,2
2026-02-03,000333,13:58:48,77.7400,98,2
2026-02-03,000333,13:58:51,77.7100,199,2
2026-02-03,000333,13:58:54,77.7000,63,2
2026-02-03,000333,13:58:57,77.6900,479,2
2026-02-03,000333,13:59:00,77.6700,217,2
2026-02-03,000333,13:59:03,77.6700,100,2
2026-02-03,000333,13:59:06,77.6500,67,2
2026-02-03,000333,13:59:09,77.6500,72,2
2026-02-03,000333,13:59:12,77.6700,20,4
2026-02-03,000333,13:59:15,77.6500,94,2
2026-02-03,000333,13:59:18,77.6500,36,2
2026-02-03,000333,13:59:21,77.6600,78,1
2026-02-03,000333,13:59:24,77.6600,67,1
2026-02-03,000333,13:59:27,77.6800,13,1
2026-02-03,000333,13:59:30,77.6800,51,1
2026-02-03,000333,13:59:33,77.6500,45,2
2026-02-03,000333,13:59:36,77.6700,61,1
2026-02-03,000333,13:59:39,77.6700,65,1
2026-02-03,000333,13:59:42,77.6700,21,1
2026-02-03,000333,13:59:45,77.6600,15,2
2026-02-03,000333,13:59:48,77.6600,43,2
2026-02-03,000333,13:59:51,77.6500,76,2
2026-02-03,000333,13:59:57,77.6400,19,2
2026-02-03,000333,14:00:00,77.6500,9,1
2026-02-03,000333,14:00:03,77.6400,42,2
2026-02-03,000333,14:00:06,77.6500,30,1
2026-02-03,000333,14:00:09,77.6400,39,2
2026-02-03,000333,14:00:12,77.6400,65,2
2026-02-03,000333,14:00:15,77.6400,34,2
2026-02-03,000333,14:00:18,77.6400,47,2
2026-02-03,000333,14:00:21,77.6400,33,1
2026-02-03,000333,14:00:24,77.6300,136,2
2026-02-03,000333,14:00:27,77.6300,15,2
2026-02-03,000333,14:00:30,77.6300,43,2
2026-02-03,000333,14:00:33,77.6300,54,2
2026-02-03,000333,14:00:36,77.6200,48,2
2026-02-03,000333,14:00:39,77.6600,504,1
2026-02-03,000333,14:00:42,77.6600,187,1
2026-02-03,000333,14:00:45,77.6500,55,4
2026-02-03,000333,14:00:48,77.6400,49,2
2026-02-03,000333,14:00:51,77.6400,48,1
2026-02-03,000333,14:00:54,77.6300,13,2
2026-02-03,000333,14:00:57,77.6300,38,1
2026-02-03,000333,14:01:00,77.6300,28,2
2026-02-03,000333,14:01:03,77.6300,46,2
2026-02-03,000333,14:01:06,77.6200,285,2
2026-02-03,000333,14:01:09,77.6200,96,1
2026-02-03,000333,14:01:12,77.6200,261,1
2026-02-03,000333,14:01:15,77.6100,203,4
2026-02-03,000333,14:01:18,77.6200,95,1
2026-02-03,000333,14:01:21,77.6100,47,2
2026-02-03,000333,14:01:24,77.6000,41,2
2026-02-03,000333,14:01:27,77.6100,56,1
2026-02-03,000333,14:01:30,77.6000,14,2
2026-02-03,000333,14:01:33,77.6000,28,2
2026-02-03,000333,14:01:36,77.6000,143,2
2026-02-03,000333,14:01:39,77.5900,135,2
2026-02-03,000333,14:01:42,77.5800,103,2
2026-02-03,000333,14:01:45,77.5900,24,1
2026-02-03,000333,14:01:48,77.5800,76,2
2026-02-03,000333,14:01:51,77.5900,19,1
2026-02-03,000333,14:01:54,77.5900,31,2
2026-02-03,000333,14:01:57,77.5800,15,2
2026-02-03,000333,14:02:00,77.5900,37,1
2026-02-03,000333,14:02:03,77.5900,53,2
2026-02-03,000333,14:02:06,77.5900,30,2
2026-02-03,000333,14:02:09,77.6000,41,1
2026-02-03,000333,14:02:12,77.6000,23,1
2026-02-03,000333,14:02:15,77.6000,36,1
2026-02-03,000333,14:02:18,77.5900,96,2
2026-02-03,000333,14:02:21,77.5800,52,2
2026-02-03,000333,14:02:24,77.5900,45,2
2026-02-03,000333,14:02:27,77.5900,38,1
2026-02-03,000333,14:02:30,77.5900,24,2
2026-02-03,000333,14:02:33,77.5900,26,2
2026-02-03,000333,14:02:36,77.5800,32,2
2026-02-03,000333,14:02:39,77.5900,34,1
2026-02-03,000333,14:02:42,77.5900,16,1
2026-02-03,000333,14:02:45,77.5900,81,1
2026-02-03,000333,14:02:48,77.5800,69,2
2026-02-03,000333,14:02:51,77.5800,38,2
2026-02-03,000333,14:02:54,77.5900,38,1
2026-02-03,000333,14:02:57,77.5900,33,1
2026-02-03,000333,14:03:00,77.5900,64,1
2026-02-03,000333,14:03:03,77.5900,59,1
2026-02-03,000333,14:03:06,77.5900,91,1
2026-02-03,000333,14:03:09,77.5900,108,2
2026-02-03,000333,14:03:12,77.5900,78,2
2026-02-03,000333,14:03:15,77.6000,56,1
2026-02-03,000333,14:03:18,77.5900,42,2
2026-02-03,000333,14:03:21,77.5900,89,1
2026-02-03,000333,14:03:24,77.5800,50,2
2026-02-03,000333,14:03:27,77.5900,22,1
2026-02-03,000333,14:03:30,77.5800,162,2
2026-02-03,000333,14:03:33,77.6000,42,1
2026-02-03,000333,14:03:36,77.5900,61,2
2026-02-03,000333,14:03:39,77.5800,69,2
2026-02-03,000333,14:03:42,77.5800,12,2
2026-02-03,000333,14:03:45,77.5700,76,2
2026-02-03,000333,14:03:48,77.5600,52,2
2026-02-03,000333,14:03:51,77.5500,93,2
2026-02-03,000333,14:03:54,77.5500,42,2
2026-02-03,000333,14:03:57,77.5400,122,2
2026-02-03,000333,14:04:00,77.5400,60,2
2026-02-03,000333,14:04:03,77.5300,172,2
2026-02-03,000333,14:04:06,77.5200,93,2
2026-02-03,000333,14:04:09,77.5200,6,2
2026-02-03,000333,14:04:12,77.5200,132,2
2026-02-03,000333,14:04:15,77.5100,72,2
2026-02-03,000333,14:04:18,77.5100,35,2
2026-02-03,000333,14:04:21,77.5100,114,2
2026-02-03,000333,14:04:24,77.5100,75,1
2026-02-03,000333,14:04:27,77.5100,70,1
2026-02-03,000333,14:04:30,77.5000,464,2
2026-02-03,000333,14:04:33,77.5000,91,2
2026-02-03,000333,14:04:36,77.5000,124,2
2026-02-03,000333,14:04:39,77.5000,309,2
2026-02-03,000333,14:04:42,77.5000,137,2
2026-02-03,000333,14:04:45,77.5000,262,2
2026-02-03,000333,14:04:48,77.5000,374,2
2026-02-03,000333,14:04:51,77.5000,173,2
2026-02-03,000333,14:04:54,77.5100,34,1
2026-02-03,000333,14:04:57,77.5000,125,2
2026-02-03,000333,14:05:00,77.4900,110,2
2026-02-03,000333,14:05:03,77.4900,84,2
2026-02-03,000333,14:05:06,77.5100,108,1
2026-02-03,000333,14:05:09,77.5200,165,1
2026-02-03,000333,14:05:12,77.5300,89,1
2026-02-03,000333,14:05:15,77.5200,45,2
2026-02-03,000333,14:05:18,77.5200,51,2
2026-02-03,000333,14:05:21,77.5200,25,2
2026-02-03,000333,14:05:24,77.5200,54,2
2026-02-03,000333,14:05:27,77.5200,60,1
2026-02-03,000333,14:05:30,77.5100,57,2
2026-02-03,000333,14:05:33,77.5100,50,1
2026-02-03,000333,14:05:36,77.5000,25,2
2026-02-03,000333,14:05:39,77.5100,27,1
2026-02-03,000333,14:05:42,77.5000,33,2
2026-02-03,000333,14:05:45,77.5000,42,2
2026-02-03,000333,14:05:48,77.5000,36,2
2026-02-03,000333,14:05:51,77.5100,135,1
2026-02-03,000333,14:05:54,77.5000,546,2
2026-02-03,000333,14:05:57,77.5000,163,1
2026-02-03,000333,14:06:00,77.4800,147,1
2026-02-03,000333,14:06:03,77.4600,84,2
2026-02-03,000333,14:06:06,77.4600,52,4
2026-02-03,000333,14:06:09,77.4600,8,1
2026-02-03,000333,14:06:12,77.4800,115,1
2026-02-03,000333,14:06:15,77.5100,141,1
2026-02-03,000333,14:06:18,77.4900,20,4
2026-02-03,000333,14:06:21,77.4800,51,1
2026-02-03,000333,14:06:24,77.5100,166,1
2026-02-03,000333,14:06:27,77.5000,27,1
2026-02-03,000333,14:06:30,77.4900,69,2
2026-02-03,000333,14:06:33,77.4900,54,2
2026-02-03,000333,14:06:36,77.4900,33,1
2026-02-03,000333,14:06:39,77.5100,69,1
2026-02-03,000333,14:06:42,77.5100,73,1
2026-02-03,000333,14:06:45,77.5100,44,1
2026-02-03,000333,14:06:48,77.5100,46,2
2026-02-03,000333,14:06:51,77.5100,38,1
2026-02-03,000333,10:55:42,78.0100,7,2
2026-02-03,000333,10:55:45,78.0100,54,2
2026-02-03,000333,10:55:48,78.0100,16,1
2026-02-03,000333,10:55:51,78.0000,16,2
2026-02-03,000333,10:55:54,78.0000,393,2
2026-02-03,000333,10:55:57,77.9800,21,2
2026-02-03,000333,10:56:00,77.9900,38,1
2026-02-03,000333,10:56:03,77.9700,64,2
2026-02-03,000333,10:56:06,77.9700,10,1
2026-02-03,000333,10:56:09,77.9700,11,1
2026-02-03,000333,10:56:12,77.9700,12,1
2026-02-03,000333,10:56:15,77.9600,120,2
2026-02-03,000333,10:56:18,77.9700,51,1
2026-02-03,000333,10:56:21,77.9600,76,2
2026-02-03,000333,10:56:24,77.9700,8,1
2026-02-03,000333,10:56:27,77.9700,12,1
2026-02-03,000333,10:56:30,77.9700,20,1
2026-02-03,000333,10:56:33,77.9700,24,1
2026-02-03,000333,10:56:36,77.9700,39,1
2026-02-03,000333,10:56:39,77.9700,47,1
2026-02-03,000333,10:56:42,77.9800,23,1
2026-02-03,000333,10:56:45,77.9800,24,1
2026-02-03,000333,10:56:48,77.9800,22,1
2026-02-03,000333,10:56:51,77.9700,45,2
2026-02-03,000333,10:56:54,77.9900,5,1
2026-02-03,000333,10:56:57,77.9900,126,1
2026-02-03,000333,10:57:00,78.0200,35,1
2026-02-03,000333,10:57:03,78.0100,32,1
2026-02-03,000333,10:57:06,78.0200,11,1
2026-02-03,000333,10:57:09,78.0200,10,1
2026-02-03,000333,10:57:12,78.0200,16,4
2026-02-03,000333,10:57:15,78.0200,15,2
2026-02-03,000333,10:57:18,78.0300,31,1
2026-02-03,000333,10:57:21,78.0200,9,2
2026-02-03,000333,10:57:24,78.0200,75,2
2026-02-03,000333,10:57:27,78.0200,121,1
2026-02-03,000333,10:57:30,78.0400,116,1
2026-02-03,000333,10:57:33,78.0300,63,2
2026-02-03,000333,10:57:36,78.0500,24,1
2026-02-03,000333,10:57:39,78.0200,52,2
2026-02-03,000333,10:57:42,78.0200,33,2
2026-02-03,000333,10:57:45,78.0400,200,1
2026-02-03,000333,10:57:48,78.0200,50,1
2026-02-03,000333,10:57:51,78.0200,2,1
2026-02-03,000333,10:57:54,78.0200,24,1
2026-02-03,000333,10:57:57,78.0200,9,1
2026-02-03,000333,10:58:00,78.0500,300,1
2026-02-03,000333,10:58:03,78.0500,8,2
2026-02-03,000333,10:58:06,78.0600,37,1
2026-02-03,000333,10:58:09,78.0600,11,1
2026-02-03,000333,10:58:12,78.0600,238,2
2026-02-03,000333,10:58:15,78.0600,27,1
2026-02-03,000333,10:58:18,78.0700,34,1
2026-02-03,000333,10:58:21,78.0500,5,4
2026-02-03,000333,10:58:24,78.0700,96,1
2026-02-03,000333,10:58:27,78.0700,33,1
2026-02-03,000333,10:58:30,78.0700,11,2
2026-02-03,000333,10:58:33,78.0600,13,2
2026-02-03,000333,10:58:36,78.0700,41,1
2026-02-03,000333,10:58:39,78.0700,3,1
2026-02-03,000333,10:58:42,78.0600,17,2
2026-02-03,000333,10:58:45,78.0700,21,1
2026-02-03,000333,10:58:48,78.0600,57,1
2026-02-03,000333,10:58:51,78.0600,18,1
2026-02-03,000333,10:58:54,78.0600,35,1
2026-02-03,000333,10:58:57,78.0600,6,1
2026-02-03,000333,10:59:00,78.0600,14,1
2026-02-03,000333,10:59:03,78.0800,151,1
2026-02-03,000333,10:59:06,78.0700,69,2
2026-02-03,000333,10:59:09,78.0700,8,2
2026-02-03,000333,10:59:12,78.0800,45,1
2026-02-03,000333,10:59:15,78.0900,29,1
2026-02-03,000333,10:59:18,78.0700,37,2
2026-02-03,000333,10:59:21,78.0700,31,1
2026-02-03,000333,10:59:24,78.0800,13,1
2026-02-03,000333,10:59:27,78.0900,18,1
2026-02-03,000333,10:59:30,78.0900,3,1
2026-02-03,000333,10:59:33,78.0700,28,2
2026-02-03,000333,10:59:36,78.0800,1,1
2026-02-03,000333,10:59:39,78.0800,31,1
2026-02-03,000333,10:59:42,78.0800,32,1
2026-02-03,000333,10:59:45,78.0700,1,4
2026-02-03,000333,10:59:51,78.0600,44,2
2026-02-03,000333,10:59:54,78.0600,66,2
2026-02-03,000333,10:59:57,78.0600,28,2
2026-02-03,000333,11:00:00,78.0600,104,2
2026-02-03,000333,11:00:03,78.0400,195,2
2026-02-03,000333,11:00:06,78.0300,42,2
2026-02-03,000333,11:00:09,78.0200,31,2
2026-02-03,000333,11:00:12,78.0000,51,2
2026-02-03,000333,11:00:15,77.9900,13,2
2026-02-03,000333,11:00:18,77.9700,26,2
2026-02-03,000333,11:00:21,77.9700,21,2
2026-02-03,000333,11:00:24,77.9800,179,1
2026-02-03,000333,11:00:27,78.0000,43,1
2026-02-03,000333,11:00:30,78.0000,16,1
2026-02-03,000333,11:00:33,77.9900,13,2
2026-02-03,000333,11:00:36,77.9900,36,2
2026-02-03,000333,11:00:39,77.9900,18,2
2026-02-03,000333,11:00:42,77.9900,118,2
2026-02-03,000333,11:00:45,78.0000,20,2
2026-02-03,000333,11:00:48,78.0400,49,1
2026-02-03,000333,11:00:51,78.0000,12,2
2026-02-03,000333,11:00:54,78.0300,42,1
2026-02-03,000333,11:00:57,78.0300,26,1
2026-02-03,000333,11:01:00,78.0000,27,2
2026-02-03,000333,11:01:03,78.0100,35,2
2026-02-03,000333,11:01:06,78.0500,80,1
2026-02-03,000333,11:01:09,78.0500,16,2
2026-02-03,000333,11:01:12,78.0600,47,1
2026-02-03,000333,11:01:15,78.0700,4,1
2026-02-03,000333,11:01:18,78.1000,183,1
2026-02-03,000333,11:01:21,78.0900,18,1
2026-02-03,000333,11:01:24,78.0900,26,1
2026-02-03,000333,11:01:27,78.0900,44,1
2026-02-03,000333,11:01:30,78.1000,30,1
2026-02-03,000333,11:01:33,78.1000,20,1
2026-02-03,000333,11:01:36,78.1000,9,2
2026-02-03,000333,11:01:39,78.1100,2,1
2026-02-03,000333,11:01:42,78.1000,19,2
2026-02-03,000333,11:01:45,78.1000,44,2
2026-02-03,000333,11:01:48,78.1000,6,4
2026-02-03,000333,11:01:51,78.0900,5,2
2026-02-03,000333,11:01:54,78.1000,16,1
2026-02-03,000333,11:01:57,78.0600,186,2
2026-02-03,000333,11:02:00,78.0600,165,2
2026-02-03,000333,11:02:03,78.0700,26,1
2026-02-03,000333,11:02:06,78.0600,6,2
2026-02-03,000333,11:02:09,78.0800,13,1
2026-02-03,000333,11:02:12,78.0800,15,1
2026-02-03,000333,11:02:15,78.0600,74,2
2026-02-03,000333,11:02:18,78.0500,88,2
2026-02-03,000333,11:02:21,78.0000,108,2
2026-02-03,000333,11:02:24,78.0100,9,4
2026-02-03,000333,11:02:27,78.0100,11,2
2026-02-03,000333,11:02:30,78.0000,123,2
2026-02-03,000333,11:02:33,77.9900,14,2
2026-02-03,000333,11:02:36,78.0000,9,1
2026-02-03,000333,11:02:39,77.9900,22,2
2026-02-03,000333,11:02:42,77.9900,21,2
2026-02-03,000333,11:02:45,77.9900,16,2
2026-02-03,000333,11:02:48,77.9900,23,2
2026-02-03,000333,11:02:51,78.0000,67,1
2026-02-03,000333,11:02:54,78.0000,9,2
2026-02-03,000333,11:02:57,78.0100,10,1
2026-02-03,000333,11:03:00,78.0100,1,1
2026-02-03,000333,11:03:03,78.0100,28,1
2026-02-03,000333,11:03:06,78.0100,6,1
2026-02-03,000333,11:03:09,78.0100,13,1
2026-02-03,000333,11:03:12,78.0000,1,2
2026-02-03,000333,11:03:15,78.0000,1,2
2026-02-03,000333,11:03:18,78.0100,39,1
2026-02-03,000333,11:03:21,78.0000,18,2
2026-02-03,000333,11:03:24,78.0000,66,2
2026-02-03,000333,11:03:27,78.0000,81,2
2026-02-03,000333,11:03:30,78.0000,116,2
2026-02-03,000333,11:03:33,78.0000,23,2
2026-02-03,000333,11:03:36,77.9900,39,2
2026-02-03,000333,11:03:39,78.0000,3,1
2026-02-03,000333,11:03:42,77.9900,38,2
2026-02-03,000333,11:03:45,77.9900,35,4
2026-02-03,000333,11:03:48,77.9900,55,1
2026-02-03,000333,11:03:51,78.0000,30,1
2026-02-03,000333,11:03:54,77.9900,19,2
2026-02-03,000333,11:03:57,78.0000,5,1
2026-02-03,000333,11:04:00,78.0100,94,1
2026-02-03,000333,11:04:03,78.0000,25,1
2026-02-03,000333,11:04:06,77.9900,16,2
2026-02-03,000333,11:04:09,78.0000,19,1
2026-02-03,000333,11:04:12,78.0000,20,1
2026-02-03,000333,11:04:15,77.9900,15,2
2026-02-03,000333,11:04:18,77.9900,28,1
2026-02-03,000333,11:04:21,77.9900,8,1
2026-02-03,000333,11:04:24,77.9900,5,1
2026-02-03,000333,11:04:27,77.9900,23,1
2026-02-03,000333,11:04:30,77.9900,144,1
2026-02-03,000333,11:04:33,78.0000,12,1
2026-02-03,000333,11:04:36,78.0000,1,1
2026-02-03,000333,11:04:39,78.0000,9,1
2026-02-03,000333,11:04:42,77.9900,19,2
2026-02-03,000333,11:04:45,77.9900,112,2
2026-02-03,000333,11:04:48,77.9900,8,2
2026-02-03,000333,11:04:51,77.9900,21,2
2026-02-03,000333,11:04:54,77.9900,23,2
2026-02-03,000333,11:04:57,77.9900,26,1
2026-02-03,000333,11:05:00,77.9900,26,1
2026-02-03,000333,11:05:03,77.9900,46,1
2026-02-03,000333,11:05:06,77.9900,25,2
2026-02-03,000333,11:05:09,78.0000,14,1
2026-02-03,000333,11:05:12,77.9900,25,2
2026-02-03,000333,11:05:15,78.0000,6,1
2026-02-03,000333,11:05:18,77.9900,7,2
2026-02-03,000333,11:05:21,77.9900,40,2
2026-02-03,000333,11:05:24,77.9800,71,2
2026-02-03,000333,11:05:27,77.9700,137,2
2026-02-03,000333,11:05:30,77.9700,65,2
2026-02-03,000333,11:05:33,77.9900,315,1
2026-02-03,000333,11:05:36,77.9800,18,2
2026-02-03,000333,11:05:39,78.0100,23,1
2026-02-03,000333,11:05:42,78.0000,13,1
2026-02-03,000333,11:05:45,78.0000,5,1
2026-02-03,000333,11:05:48,78.0000,55,1
2026-02-03,000333,11:05:51,78.0000,16,1
2026-02-03,000333,11:05:54,77.9900,17,2
2026-02-03,000333,11:05:57,77.9900,101,2
2026-02-03,000333,11:06:00,77.9900,27,1
2026-02-03,000333,11:06:03,77.9900,17,1
2026-02-03,000333,11:06:06,78.0200,168,1
2026-02-03,000333,11:06:09,78.0100,58,4
2026-02-03,000333,11:06:12,78.0000,46,2
2026-02-03,000333,11:06:15,78.0000,49,2
2026-02-03,000333,11:06:18,78.0000,15,2
2026-02-03,000333,11:06:21,78.0000,48,2
2026-02-03,000333,11:06:24,77.9900,77,2
2026-02-03,000333,11:06:27,77.9900,80,2
2026-02-03,000333,11:06:30,77.9900,4,1
2026-02-03,000333,11:06:33,77.9900,8,1
2026-02-03,000333,11:06:36,77.9900,26,1
2026-02-03,000333,11:06:39,77.9900,2,1
2026-02-03,000333,11:06:42,77.9800,6,2
2026-02-03,000333,11:06:45,77.9900,15,1
2026-02-03,000333,11:06:48,77.9800,13,2
2026-02-03,000333,11:06:51,77.9700,72,2
2026-02-03,000333,11:06:54,77.9600,81,2
2026-02-03,000333,11:06:57,77.9600,9,2
2026-02-03,000333,11:07:00,77.9500,105,2
2026-02-03,000333,11:07:03,77.9500,110,2
2026-02-03,000333,11:07:06,77.9200,116,2
2026-02-03,000333,11:07:09,77.9300,128,1
2026-02-03,000333,11:07:12,77.9600,203,1
2026-02-03,000333,11:07:15,77.9600,37,2
2026-02-03,000333,11:07:18,77.9700,28,1
2026-02-03,000333,11:07:21,77.9600,5,2
2026-02-03,000333,11:07:24,77.9700,379,1
2026-02-03,000333,11:07:27,78.0100,13,1
2026-02-03,000333,11:07:30,77.9700,13,2
2026-02-03,000333,11:07:33,77.9700,11,2
2026-02-03,000333,11:07:36,78.0100,8,1
2026-02-03,000333,11:07:39,78.0100,9,1
2026-02-03,000333,11:07:42,78.0000,17,1
2026-02-03,000333,11:07:45,77.9900,7,2
2026-02-03,000333,11:07:48,78.0000,16,1
2026-02-03,000333,11:07:51,78.0000,14,1
2026-02-03,000333,11:07:54,78.0000,18,1
2026-02-03,000333,11:07:57,78.0000,22,1
2026-02-03,000333,11:08:00,78.0000,34,1
2026-02-03,000333,11:08:03,78.0000,23,1
2026-02-03,000333,11:08:06,77.9900,7,2
2026-02-03,000333,11:08:09,78.0000,53,1
2026-02-03,000333,11:08:12,78.0000,8,1
2026-02-03,000333,11:08:15,78.0000,5,1
2026-02-03,000333,11:08:18,78.0000,5,1
2026-02-03,000333,11:08:21,78.0000,20,1
2026-02-03,000333,11:08:24,78.0000,32,1
2026-02-03,000333,11:08:27,77.9900,34,2
2026-02-03,000333,11:08:30,77.9900,11,2
2026-02-03,000333,11:08:33,77.9900,37,2
2026-02-03,000333,11:08:36,77.9700,132,2
2026-02-03,000333,11:08:39,77.9800,16,1
2026-02-03,000333,11:08:42,77.9800,7,1
2026-02-03,000333,11:08:45,77.9700,1001,2
2026-02-03,000333,11:08:48,77.9300,27,2
2026-02-03,000333,11:08:51,77.9200,56,2
2026-02-03,000333,11:08:54,77.9100,12,2
2026-02-03,000333,11:08:57,77.9100,24,2
2026-02-03,000333,11:09:00,77.9100,11,1
2026-02-03,000333,11:09:03,77.9000,19,2
2026-02-03,000333,11:09:06,77.9100,55,1
2026-02-03,000333,11:09:09,77.9100,93,1
2026-02-03,000333,11:09:12,77.9200,143,1
2026-02-03,000333,11:09:15,77.9100,14,2
2026-02-03,000333,11:09:18,77.9100,182,2
2026-02-03,000333,11:09:21,77.9100,30,2
2026-02-03,000333,11:09:24,77.9100,14,2
2026-02-03,000333,11:09:27,77.9100,19,2
2026-02-03,000333,11:09:30,77.9100,12,1
2026-02-03,000333,11:09:33,77.9000,7,2
2026-02-03,000333,11:09:36,77.9100,18,1
2026-02-03,000333,11:09:39,77.9000,201,2
2026-02-03,000333,11:09:42,77.9100,26,1
2026-02-03,000333,11:09:45,77.9200,42,1
2026-02-03,000333,11:09:48,77.9200,19,1
2026-02-03,000333,11:09:51,77.9100,38,2
2026-02-03,000333,11:09:54,77.9200,16,1
2026-02-03,000333,11:09:57,77.9300,61,1
2026-02-03,000333,11:10:00,77.9200,1,1
2026-02-03,000333,11:10:03,77.9300,55,1
2026-02-03,000333,11:10:06,77.9300,20,2
2026-02-03,000333,11:10:09,77.9300,21,1
2026-02-03,000333,11:10:12,77.9300,26,1
2026-02-03,000333,11:10:15,77.9200,19,2
2026-02-03,000333,11:10:18,77.9200,66,2
2026-02-03,000333,11:10:21,77.9300,15,4
2026-02-03,000333,11:10:24,77.9200,75,2
2026-02-03,000333,11:10:27,77.9200,61,1
2026-02-03,000333,11:10:30,77.9100,6,2
2026-02-03,000333,11:10:33,77.9100,87,2
2026-02-03,000333,11:10:36,77.9000,110,2
2026-02-03,000333,11:10:39,77.9000,20,1
2026-02-03,000333,11:10:42,77.8900,79,2
2026-02-03,000333,11:10:45,77.8800,143,2
2026-02-03,000333,11:10:48,77.8600,64,2
2026-02-03,000333,11:10:51,77.8700,13,1
2026-02-03,000333,11:10:54,77.8600,2,2
2026-02-03,000333,11:10:57,77.8500,36,2
2026-02-03,000333,11:11:00,77.8600,31,4
2026-02-03,000333,11:11:03,77.8600,4,1
2026-02-03,000333,11:11:06,77.8600,98,1
2026-02-03,000333,11:11:09,77.8600,119,1
2026-02-03,000333,11:11:12,77.8700,83,1
2026-02-03,000333,11:11:15,77.8500,63,2
2026-02-03,000333,11:11:18,77.8700,55,1
2026-02-03,000333,11:11:21,77.8600,63,2
2026-02-03,000333,11:11:24,77.8600,55,1
2026-02-03,000333,11:11:27,77.8700,19,1
2026-02-03,000333,11:11:30,77.8600,62,2
2026-02-03,000333,11:11:33,77.8600,27,1
2026-02-03,000333,11:11:36,77.8600,16,1
2026-02-03,000333,11:11:39,77.8500,32,2
2026-02-03,000333,11:11:42,77.8700,26,1
2026-02-03,000333,11:11:45,77.9000,136,1
2026-02-03,000333,11:11:48,77.9000,36,2
2026-02-03,000333,11:11:51,77.9000,27,2
2026-02-03,000333,11:11:54,77.9100,20,1
2026-02-03,000333,11:11:57,77.9100,14,1
2026-02-03,000333,11:12:00,77.9100,63,1
2026-02-03,000333,11:12:03,77.9000,53,2
2026-02-03,000333,11:12:06,77.9000,75,2
2026-02-03,000333,11:12:09,77.9000,29,1
2026-02-03,000333,11:12:12,77.9100,6,1
2026-02-03,000333,11:12:15,77.9000,65,2
2026-02-03,000333,11:12:18,77.9000,23,1
2026-02-03,000333,11:12:21,77.9000,13,1
2026-02-03,000333,11:12:24,77.9000,8,1
2026-02-03,000333,11:12:27,77.9000,13,1
2026-02-03,000333,11:12:30,77.9000,17,1
2026-02-03,000333,11:12:33,77.9000,20,1
2026-02-03,000333,11:12:36,77.9000,2,1
2026-02-03,000333,11:12:39,77.8900,15,2
2026-02-03,000333,11:12:42,77.9000,25,1
2026-02-03,000333,11:12:45,77.8900,7,2
2026-02-03,000333,11:12:48,77.8900,40,2
2026-02-03,000333,11:12:51,77.8900,30,2
2026-02-03,000333,11:12:54,77.9000,16,1
2026-02-03,000333,11:12:57,77.8900,42,2
2026-02-03,000333,11:13:00,77.9000,29,1
2026-02-03,000333,11:13:03,77.9100,33,1
2026-02-03,000333,11:13:06,77.9200,32,1
2026-02-03,000333,11:13:09,77.9100,22,1
2026-02-03,000333,11:13:12,77.9100,16,1
2026-02-03,000333,11:13:15,77.9100,41,2
2026-02-03,000333,11:13:18,77.9100,237,1
2026-02-03,000333,11:13:21,77.8900,49,2
2026-02-03,000333,11:13:24,77.8900,25,2
2026-02-03,000333,11:13:27,77.8900,21,2
2026-02-03,000333,11:13:30,77.9300,605,1
2026-02-03,000333,11:13:33,77.9200,35,1
2026-02-03,000333,11:13:36,77.8900,6,2
2026-02-03,000333,11:13:39,77.9000,15,1
2026-02-03,000333,11:13:42,77.8800,6,2
2026-02-03,000333,11:13:45,77.8800,23,2
2026-02-03,000333,11:13:48,77.8800,27,2
2026-02-03,000333,11:13:51,77.8900,31,1
2026-02-03,000333,11:13:54,77.8800,2,2
2026-02-03,000333,11:13:57,77.8900,13,1
2026-02-03,000333,11:14:00,77.9100,22,1
2026-02-03,000333,11:14:03,77.9200,50,1
2026-02-03,000333,11:14:06,77.9000,14,1
2026-02-03,000333,11:14:09,77.9100,17,1
2026-02-03,000333,11:14:12,77.9000,3,4
2026-02-03,000333,11:14:15,77.9100,9,1
2026-02-03,000333,11:14:18,77.8900,83,2
2026-02-03,000333,11:14:21,77.9000,2,1
2026-02-03,000333,11:14:24,77.9100,156,1
2026-02-03,000333,11:14:27,77.9100,38,1
2026-02-03,000333,11:14:30,77.9000,24,4
2026-02-03,000333,11:14:33,77.9000,16,2
2026-02-03,000333,11:14:36,77.9000,11,2
2026-02-03,000333,11:14:39,77.8900,105,2
2026-02-03,000333,11:14:42,77.9000,4,1
2026-02-03,000333,11:14:45,77.8900,11,2
2026-02-03,000333,11:14:48,77.8900,10,2
2026-02-03,000333,11:14:51,77.8900,8,2
2026-02-03,000333,11:14:54,77.9000,1,1
2026-02-03,000333,11:14:57,77.9000,7,1
2026-02-03,000333,11:15:00,77.8900,30,2
2026-02-03,000333,11:15:03,77.9000,43,1
2026-02-03,000333,11:15:06,77.9000,75,1
2026-02-03,000333,11:15:09,77.8900,10,4
2026-02-03,000333,11:15:12,77.8900,8,2
2026-02-03,000333,11:15:15,77.8800,56,2
2026-02-03,000333,11:15:18,77.8800,266,2
2026-02-03,000333,11:15:21,77.8700,502,2
2026-02-03,000333,11:15:24,77.8500,40,2
2026-02-03,000333,11:15:27,77.8700,66,1
2026-02-03,000333,11:15:30,77.8700,58,1
2026-02-03,000333,11:15:33,77.8700,16,1
2026-02-03,000333,11:15:36,77.8600,17,2
2026-02-03,000333,11:15:39,77.8700,27,1
2026-02-03,000333,11:15:42,77.8500,113,2
2026-02-03,000333,11:15:45,77.8500,34,1
2026-02-03,000333,11:15:48,77.8400,13,2
2026-02-03,000333,11:15:51,77.8500,17,1
2026-02-03,000333,11:15:54,77.8400,44,2
2026-02-03,000333,11:15:57,77.8400,55,2
2026-02-03,000333,11:16:00,77.8400,25,2
2026-02-03,000333,11:16:03,77.8400,90,1
2026-02-03,000333,11:16:06,77.8300,51,2
2026-02-03,000333,11:16:09,77.8400,20,1
2026-02-03,000333,11:16:12,77.8400,12,1
2026-02-03,000333,11:16:15,77.8400,16,1
2026-02-03,000333,11:16:18,77.8300,12,2
2026-02-03,000333,11:16:21,77.8400,32,1
2026-02-03,000333,11:16:24,77.8500,48,1
2026-02-03,000333,11:16:27,77.8500,7,1
2026-02-03,000333,11:16:30,77.8400,9,2
2026-02-03,000333,11:16:33,77.8400,25,2
2026-02-03,000333,11:16:36,77.8500,24,1
2026-02-03,000333,11:16:39,77.8400,7,2
2026-02-03,000333,11:16:42,77.8400,33,2
2026-02-03,000333,11:16:45,77.8400,11,2
2026-02-03,000333,11:16:48,77.8300,72,2
2026-02-03,000333,11:16:51,77.8300,36,1
2026-02-03,000333,11:16:54,77.8500,597,1
2026-02-03,000333,11:16:57,77.8800,96,1
2026-02-03,000333,11:17:00,77.8700,11,2
2026-02-03,000333,11:17:03,77.8700,19,2
2026-02-03,000333,11:17:06,77.8700,8,4
2026-02-03,000333,11:17:09,77.8800,14,1
2026-02-03,000333,11:17:12,77.8600,38,2
2026-02-03,000333,11:17:15,77.8700,27,1
2026-02-03,000333,11:17:18,77.8700,10,1
2026-02-03,000333,11:17:21,77.8700,31,1
2026-02-03,000333,11:17:24,77.8900,59,1
2026-02-03,000333,11:17:27,77.8900,42,1
2026-02-03,000333,11:17:30,77.8900,14,1
2026-02-03,000333,11:17:33,77.9000,12,1
2026-02-03,000333,11:17:36,77.8800,10,2
2026-02-03,000333,11:17:39,77.8900,14,1
2026-02-03,000333,11:17:42,77.8900,6,1
2026-02-03,000333,11:17:45,77.8800,21,2
2026-02-03,000333,11:17:48,77.8800,15,2
2026-02-03,000333,11:17:51,77.8900,21,1
2026-02-03,000333,11:17:54,77.8900,16,2
2026-02-03,000333,11:17:57,77.9000,14,1
2026-02-03,000333,11:18:00,77.9000,50,1
2026-02-03,000333,11:18:03,77.9000,22,4
2026-02-03,000333,11:18:09,77.9100,12,1
2026-02-03,000333,11:18:12,77.9100,5,1
2026-02-03,000333,11:18:15,77.9000,7,2
2026-02-03,000333,11:18:18,77.9100,20,1
2026-02-03,000333,11:18:21,77.9100,2,1
2026-02-03,000333,11:18:24,77.9100,18,1
2026-02-03,000333,11:18:27,77.9000,28,2
2026-02-03,000333,11:18:30,77.9000,112,2
2026-02-03,000333,11:18:33,77.8900,47,2
2026-02-03,000333,11:18:36,77.9100,15,1
2026-02-03,000333,11:18:39,77.8900,14,2
2026-02-03,000333,11:18:42,77.9000,24,1
2026-02-03,000333,11:18:45,77.9000,27,1
2026-02-03,000333,11:18:48,77.9100,11,1
2026-02-03,000333,11:18:51,77.9100,42,1
2026-02-03,000333,11:18:54,77.9200,21,1
2026-02-03,000333,11:18:57,77.8900,43,2
2026-02-03,000333,11:19:00,77.9200,10,1
2026-02-03,000333,11:19:03,77.9100,15,2
2026-02-03,000333,11:19:06,77.9100,45,2
2026-02-03,000333,11:19:09,77.9000,50,2
2026-02-03,000333,11:19:12,77.9100,75,1
2026-02-03,000333,11:19:15,77.9000,13,2
2026-02-03,000333,11:19:18,77.9000,22,2
2026-02-03,000333,11:19:21,77.9100,29,1
2026-02-03,000333,11:19:24,77.8700,274,2
2026-02-03,000333,11:19:27,77.9100,67,1
2026-02-03,000333,11:19:30,77.8900,18,2
2026-02-03,000333,11:19:33,77.8700,33,2
2026-02-03,000333,11:19:36,77.8700,26,2
2026-02-03,000333,11:19:39,77.8700,16,2
2026-02-03,000333,11:19:42,77.8700,37,1
2026-02-03,000333,11:19:48,77.8700,47,1
2026-02-03,000333,11:19:51,77.8700,19,1
2026-02-03,000333,11:19:54,77.8800,10,1
2026-02-03,000333,11:19:57,77.8600,4,2
2026-02-03,000333,11:20:00,77.8600,6,2
2026-02-03,000333,11:20:03,77.8700,25,1
2026-02-03,000333,11:20:06,77.8700,18,1
2026-02-03,000333,11:20:09,77.8700,12,1
2026-02-03,000333,11:20:12,77.8700,14,1
2026-02-03,000333,11:20:15,77.8600,38,2
2026-02-03,000333,11:20:18,77.8600,35,2
2026-02-03,000333,11:20:21,77.8600,129,2
2026-02-03,000333,11:20:24,77.8500,87,2
2026-02-03,000333,11:20:27,77.8600,48,1
2026-02-03,000333,11:20:30,77.8600,130,1
2026-02-03,000333,11:20:33,77.8800,319,1
2026-02-03,000333,11:20:36,77.9000,59,1
2026-02-03,000333,11:20:42,77.9000,97,1
