date,code,time,price,volume,bs
2026-06-12,000858,14:06:48,80.3600,26,1
2026-06-12,000858,14:06:51,80.3600,30,2
2026-06-12,000858,14:06:54,80.3900,44,1
2026-06-12,000858,14:06:57,80.3700,43,2
2026-06-12,000858,14:07:00,80.3800,29,2
2026-06-12,000858,14:07:03,80.3900,27,1
2026-06-12,000858,14:07:06,80.4000,33,1
2026-06-12,000858,14:07:09,80.4200,30,1
2026-06-12,000858,14:07:12,80.4200,47,1
2026-06-12,000858,14:07:15,80.4100,16,2
2026-06-12,000858,14:07:18,80.4000,38,2
2026-06-12,000858,14:07:21,80.3800,51,2
2026-06-12,000858,14:07:24,80.3900,70,1
2026-06-12,000858,14:07:27,80.3900,17,2
2026-06-12,000858,14:07:30,80.4200,105,1
2026-06-12,000858,14:07:33,80.4100,16,2
2026-06-12,000858,14:07:36,80.4100,66,1
2026-06-12,000858,14:07:39,80.4200,24,1
2026-06-12,000858,14:07:42,80.3900,28,2
2026-06-12,000858,14:07:45,80.4100,15,1
2026-06-12,000858,14:07:48,80.3900,19,2
2026-06-12,000858,14:07:51,80.4100,10,1
2026-06-12,000858,14:07:54,80.4100,20,1
2026-06-12,000858,14:07:57,80.4100,24,1
2026-06-12,000858,14:08:00,80.4200,55,1
2026-06-12,000858,14:08:03,80.4200,146,1
2026-06-12,000858,14:08:06,80.4200,169,1
2026-06-12,000858,14:08:09,80.4200,135,1
2026-06-12,000858,14:08:12,80.4300,42,1
2026-06-12,000858,14:08:15,80.4300,47,1
2026-06-12,000858,14:08:18,80.4300,22,2
2026-06-12,000858,14:08:21,80.4300,32,2
2026-06-12,000858,14:08:24,80.4400,55,1
2026-06-12,000858,14:08:27,80.4500,42,1
2026-06-12,000858,14:08:30,80.4400,29,2
2026-06-12,000858,14:08:33,80.4500,34,1
2026-06-12,000858,14:08:36,80.4500,58,1
2026-06-12,000858,14:08:39,80.4500,40,1
2026-06-12,000858,14:08:42,80.4700,35,1
2026-06-12,000858,14:08:45,80.4700,11,1
2026-06-12,000858,14:08:48,80.4700,39,1
2026-06-12,000858,14:08:51,80.4900,18,1
2026-06-12,000858,14:08:54,80.4800,65,4
2026-06-12,000858,14:08:57,80.4700,25,2
2026-06-12,000858,14:09:00,80.4700,53,1
2026-06-12,000858,14:09:03,80.4700,20,1
2026-06-12,000858,14:09:06,80.4800,96,1
2026-06-12,000858,14:09:09,80.4600,90,2
2026-06-12,000858,14:09:12,80.4600,17,1
2026-06-12,000858,14:09:15,80.4500,28,2
2026-06-12,000858,14:09:18,80.4600,51,2
2026-06-12,000858,14:09:21,80.4600,11,2
2026-06-12,000858,14:09:24,80.4600,26,1
2026-06-12,000858,14:09:27,80.4600,27,4
2026-06-12,000858,14:09:30,80.4600,59,4
2026-06-12,000858,14:09:33,80.4500,23,2
2026-06-12,000858,14:09:36,80.4500,54,2
2026-06-12,000858,14:09:39,80.4500,30,1
2026-06-12,000858,14:09:42,80.4400,10,2
2026-06-12,000858,14:09:45,80.4500,12,1
2026-06-12,000858,14:09:48,80.4400,14,2
2026-06-12,000858,14:09:51,80.4500,4,1
2026-06-12,000858,14:09:54,80.4400,114,2
2026-06-12,000858,14:09:57,80.4500,55,1
2026-06-12,000858,14:10:00,80.4500,18,1
2026-06-12,000858,14:10:03,80.4500,26,1
2026-06-12,000858,14:10:06,80.4500,48,1
2026-06-12,000858,14:10:09,80.4500,34,2
2026-06-12,000858,14:10:12,80.4500,29,2
2026-06-12,000858,14:10:15,80.4600,9,1
2026-06-12,000858,14:10:18,80.4500,37,2
2026-06-12,000858,14:10:21,80.4500,13,1
2026-06-12,000858,14:10:24,80.4400,32,2
2026-06-12,000858,14:10:27,80.4500,8,1
2026-06-12,000858,14:10:30,80.4400,11,2
2026-06-12,000858,14:10:33,80.4300,88,2
2026-06-12,000858,14:10:36,80.4400,15,4
2026-06-12,000858,14:10:39,80.4400,76,2
2026-06-12,000858,14:10:42,80.4600,55,1
2026-06-12,000858,14:10:45,80.4400,57,2
2026-06-12,000858,14:10:48,80.4500,5,1
2026-06-12,000858,14:10:51,80.4400,59,1
2026-06-12,000858,14:10:54,80.4400,6,1
2026-06-12,000858,14:10:57,80.4400,11,1
2026-06-12,000858,14:11:00,80.4400,8,1
2026-06-12,000858,14:11:03,80.4300,32,2
2026-06-12,000858,14:11:06,80.4300,91,2
2026-06-12,000858,14:11:09,80.4300,27,1
2026-06-12,000858,14:11:12,80.4300,32,2
2026-06-12,000858,14:11:15,80.4400,65,1
2026-06-12,000858,14:11:18,80.4200,44,2
2026-06-12,000858,14:11:21,80.4400,17,1
2026-06-12,000858,14:11:24,80.4400,69,1
2026-06-12,000858,14:11:27,80.4500,18,1
2026-06-12,000858,14:11:33,80.4300,39,2
2026-06-12,000858,14:11:36,80.4300,40,2
2026-06-12,000858,14:11:39,80.4000,34,2
2026-06-12,000858,14:11:42,80.4000,5,2
2026-06-12,000858,14:11:45,80.4000,31,2
2026-06-12,000858,14:11:48,80.4000,4,2
2026-06-12,000858,14:11:51,80.4000,26,2
2026-06-12,000858,14:11:54,80.3900,9,2
2026-06-12,000858,14:11:57,80.4100,82,1
2026-06-12,000858,14:12:00,80.4100,46,2
2026-06-12,000858,14:12:03,80.3900,17,2
2026-06-12,000858,14:12:06,80.4200,36,1
2026-06-12,000858,14:12:09,80.4300,82,1
2026-06-12,000858,14:12:12,80.4500,43,1
2026-06-12,000858,14:12:15,80.4300,36,2
2026-06-12,000858,14:12:18,80.4500,29,2
2026-06-12,000858,14:12:21,80.4600,29,1
2026-06-12,000858,14:12:24,80.4500,10,2
2026-06-12,000858,14:12:27,80.4500,87,2
2026-06-12,000858,14:12:30,80.4500,10,1
2026-06-12,000858,14:12:33,80.4500,37,1
2026-06-12,000858,14:12:36,80.4500,9,1
2026-06-12,000858,14:12:39,80.4400,10,2
2026-06-12,000858,14:12:42,80.4500,56,1
2026-06-12,000858,14:12:45,80.4300,10,2
2026-06-12,000858,14:12:48,80.4400,8,1
2026-06-12,000858,14:12:51,80.4300,12,2
2026-06-12,000858,14:12:54,80.4300,10,2
2026-06-12,000858,14:12:57,80.4300,44,2
2026-06-12,000858,14:13:00,80.4400,45,1
2026-06-12,000858,14:13:03,80.4300,25,2
2026-06-12,000858,14:13:06,80.4400,22,2
2026-06-12,000858,14:13:09,80.4300,14,1
2026-06-12,000858,14:13:12,80.4500,18,1
2026-06-12,000858,14:13:15,80.4500,23,1
2026-06-12,000858,14:13:18,80.4500,21,1
2026-06-12,000858,14:13:21,80.4400,10,2
2026-06-12,000858,14:13:24,80.4500,19,1
2026-06-12,000858,14:13:27,80.4400,210,2
2026-06-12,000858,14:13:30,80.4500,12,1
2026-06-12,000858,14:13:33,80.4500,49,1
2026-06-12,000858,14:13:36,80.4300,9,2
2026-06-12,000858,14:13:39,80.4300,7,1
2026-06-12,000858,14:13:42,80.4300,4,1
2026-06-12,000858,14:13:45,80.4300,12,2
2026-06-12,000858,14:13:48,80.4300,14,2
2026-06-12,000858,14:13:51,80.4300,26,1
2026-06-12,000858,14:13:57,80.4300,18,1
2026-06-12,000858,14:14:00,80.4200,22,2
2026-06-12,000858,14:14:03,80.4200,18,2
2026-06-12,000858,14:14:09,80.4300,50,1
2026-06-12,000858,14:14:12,80.4000,43,2
2026-06-12,000858,14:14:15,80.4200,12,1
2026-06-12,000858,14:14:18,80.4200,46,1
2026-06-12,000858,14:14:21,80.4000,5,2
2026-06-12,000858,14:14:24,80.4000,64,1
2026-06-12,000858,14:14:27,80.3900,20,2
2026-06-12,000858,14:14:30,80.4000,4,1
2026-06-12,000858,14:14:33,80.3900,10,2
2026-06-12,000858,14:14:36,80.3900,85,2
2026-06-12,000858,14:14:39,80.3900,10,2
2026-06-12,000858,14:14:42,80.4000,5,1
2026-06-12,000858,14:14:45,80.3900,31,2
2026-06-12,000858,14:14:48,80.3800,58,2
2026-06-12,000858,14:14:51,80.3800,13,2
2026-06-12,000858,14:14:54,80.3900,12,1
2026-06-12,000858,14:14:57,80.3800,25,2
2026-06-12,000858,14:15:00,80.3900,33,1
2026-06-12,000858,14:15:03,80.3800,21,2
2026-06-12,000858,14:15:06,80.3800,17,2
2026-06-12,000858,14:15:09,80.3900,200,1
2026-06-12,000858,14:15:12,80.4000,40,1
2026-06-12,000858,14:15:15,80.4300,58,1
2026-06-12,000858,14:15:18,80.4400,12,1
2026-06-12,000858,14:15:21,80.4400,28,1
2026-06-12,000858,14:15:24,80.4400,41,2
2026-06-12,000858,14:15:27,80.4400,9,4
2026-06-12,000858,14:15:30,80.4400,14,1
2026-06-12,000858,14:15:33,80.4400,40,2
2026-06-12,000858,14:15:36,80.4400,63,2
2026-06-12,000858,14:15:39,80.4300,28,4
2026-06-12,000858,14:15:42,80.4200,8,2
2026-06-12,000858,14:15:45,80.4100,36,1
2026-06-12,000858,14:15:48,80.4000,24,2
2026-06-12,000858,14:15:51,80.4000,20,2
2026-06-12,000858,14:15:54,80.3900,10,2
2026-06-12,000858,14:15:57,80.3900,56,2
2026-06-12,000858,14:16:00,80.3900,21,2
2026-06-12,000858,14:16:03,80.3800,38,2
2026-06-12,000858,14:16:06,80.3700,4,2
2026-06-12,000858,14:16:09,80.3800,48,1
2026-06-12,000858,14:16:15,80.3900,36,1
2026-06-12,000858,14:16:18,80.3900,28,2
2026-06-12,000858,14:16:21,80.3900,18,2
2026-06-12,000858,14:16:24,80.3800,16,2
2026-06-12,000858,14:16:27,80.3900,39,1
2026-06-12,000858,14:16:30,80.3700,63,2
2026-06-12,000858,14:16:33,80.4000,17,1
2026-06-12,000858,14:16:36,80.3900,11,2
2026-06-12,000858,14:16:39,80.4000,61,1
2026-06-12,000858,14:16:42,80.4000,35,1
2026-06-12,000858,14:16:45,80.3900,25,2
2026-06-12,000858,14:16:48,80.4100,294,1
2026-06-12,000858,14:16:51,80.4100,71,1
2026-06-12,000858,14:16:54,80.4000,21,2
2026-06-12,000858,14:16:57,80.4100,8,2
2026-06-12,000858,14:17:00,80.4300,14,1
2026-06-12,000858,14:17:03,80.4500,101,1
2026-06-12,000858,14:17:06,80.4500,24,1
2026-06-12,000858,14:17:09,80.4500,105,2
2026-06-12,000858,14:17:12,80.4500,28,1
2026-06-12,000858,14:17:15,80.4100,19,2
2026-06-12,000858,14:17:18,80.4100,2,2
2026-06-12,000858,14:17:21,80.4400,17,1
2026-06-12,000858,14:17:24,80.4300,82,4
2026-06-12,000858,14:17:27,80.4200,30,2
2026-06-12,000858,14:17:30,80.4300,20,1
2026-06-12,000858,14:17:33,80.4200,10,2
2026-06-12,000858,14:17:36,80.4500,28,1
2026-06-12,000858,14:17:39,80.4500,48,1
2026-06-12,000858,14:17:42,80.4400,57,4
2026-06-12,000858,14:17:45,80.4400,42,1
2026-06-12,000858,14:17:48,80.4300,15,2
2026-06-12,000858,14:17:51,80.4300,18,2
2026-06-12,000858,14:17:54,80.4400,2,1
2026-06-12,000858,14:17:57,80.4400,44,1
2026-06-12,000858,14:18:00,80.4400,33,2
2026-06-12,000858,14:18:03,80.4300,60,2
2026-06-12,000858,14:18:06,80.4400,17,1
2026-06-12,000858,14:18:09,80.4400,11,1
2026-06-12,000858,14:18:12,80.4300,5,2
2026-06-12,000858,14:18:15,80.4400,32,1
2026-06-12,000858,14:18:18,80.4300,96,2
2026-06-12,000858,14:18:21,80.4400,15,1
2026-06-12,000858,14:18:24,80.4400,18,1
2026-06-12,000858,14:18:27,80.4400,40,2
2026-06-12,000858,14:18:30,80.4500,75,1
2026-06-12,000858,14:18:33,80.4500,25,1
2026-06-12,000858,14:18:36,80.4500,58,1
2026-06-12,000858,14:18:39,80.4500,56,1
2026-06-12,000858,14:18:42,80.4300,17,2
2026-06-12,000858,14:18:45,80.4500,129,1
2026-06-12,000858,14:18:48,80.4500,53,1
2026-06-12,000858,14:18:51,80.4600,14,1
2026-06-12,000858,14:18:54,80.4800,235,1
2026-06-12,000858,14:18:57,80.4500,137,2
2026-06-12,000858,14:19:00,80.4500,37,1
2026-06-12,000858,14:19:03,80.4500,50,1
2026-06-12,000858,14:19:06,80.4700,302,1
2026-06-12,000858,14:19:09,80.4800,48,4
2026-06-12,000858,14:19:12,80.4900,40,4
2026-06-12,000858,14:19:15,80.4900,26,2
2026-06-12,000858,14:19:18,80.5000,34,1
2026-06-12,000858,14:19:21,80.5200,51,1
2026-06-12,000858,14:19:24,80.5100,17,1
2026-06-12,000858,14:19:27,80.5100,36,1
2026-06-12,000858,14:19:30,80.5200,77,1
2026-06-12,000858,14:19:33,80.4900,11,2
2026-06-12,000858,14:19:36,80.5000,18,1
2026-06-12,000858,14:19:39,80.5000,30,1
2026-06-12,000858,14:19:42,80.4900,11,2
2026-06-12,000858,14:19:45,80.5000,20,1
2026-06-12,000858,14:19:48,80.4800,78,2
2026-06-12,000858,14:19:51,80.4700,39,2
2026-06-12,000858,14:19:54,80.4800,16,1
2026-06-12,000858,14:19:57,80.4800,330,1
2026-06-12,000858,14:20:00,80.4700,8,2
2026-06-12,000858,14:20:03,80.4600,75,2
2026-06-12,000858,14:20:06,80.4800,218,1
2026-06-12,000858,14:20:09,80.4800,124,1
2026-06-12,000858,14:20:12,80.5000,40,1
2026-06-12,000858,14:20:15,80.5200,13,1
2026-06-12,000858,14:20:18,80.4800,73,2
2026-06-12,000858,14:20:21,80.4800,31,1
2026-06-12,000858,14:20:24,80.4900,211,1
2026-06-12,000858,14:20:27,80.4900,29,1
2026-06-12,000858,14:20:30,80.4700,16,4
2026-06-12,000858,14:20:33,80.4500,206,2
2026-06-12,000858,14:20:36,80.4500,22,1
2026-06-12,000858,14:20:39,80.4500,59,1
2026-06-12,000858,14:20:42,80.4800,115,1
2026-06-12,000858,14:20:45,80.4600,289,2
2026-06-12,000858,14:20:48,80.4900,32,1
2026-06-12,000858,14:20:51,80.5000,69,1
2026-06-12,000858,14:20:54,80.5200,121,1
2026-06-12,000858,14:20:57,80.4500,108,2
2026-06-12,000858,14:21:00,80.5000,16,1
2026-06-12,000858,14:21:03,80.4800,18,2
2026-06-12,000858,14:21:06,80.4800,15,2
2026-06-12,000858,14:21:09,80.4900,127,4
2026-06-12,000858,14:21:12,80.4700,80,2
2026-06-12,000858,14:21:15,80.4700,106,1
2026-06-12,000858,14:21:18,80.4700,160,1
2026-06-12,000858,14:21:21,80.4700,25,1
2026-06-12,000858,14:21:27,80.4400,167,2
2026-06-12,000858,14:21:30,80.4400,165,1
2026-06-12,000858,14:21:33,80.4400,102,1
2026-06-12,000858,14:21:36,80.4300,28,4
2026-06-12,000858,14:21:39,80.4300,13,2
2026-06-12,000858,14:21:42,80.4200,90,2
2026-06-12,000858,14:21:45,80.4200,12,1
2026-06-12,000858,14:21:48,80.4100,34,2
2026-06-12,000858,14:21:51,80.4000,108,2
2026-06-12,000858,14:21:54,80.4000,128,2
2026-06-12,000858,14:21:57,80.3900,116,2
2026-06-12,000858,14:22:00,80.3800,5,2
2026-06-12,000858,14:22:03,80.4000,335,1
2026-06-12,000858,14:22:06,80.4000,120,2
2026-06-12,000858,14:22:09,80.4100,56,2
2026-06-12,000858,14:22:12,80.3900,129,2
2026-06-12,000858,14:22:15,80.4000,184,1
2026-06-12,000858,14:22:18,80.4000,74,2
2026-06-12,000858,14:22:21,80.4700,5,1
2026-06-12,000858,14:22:24,80.4000,10,2
2026-06-12,000858,14:22:27,80.4000,55,2
2026-06-12,000858,14:22:30,80.4000,25,1
2026-06-12,000858,14:22:33,80.3800,74,2
2026-06-12,000858,14:22:36,80.3900,32,4
2026-06-12,000858,14:22:39,80.4000,86,1
2026-06-12,000858,14:22:42,80.3800,51,2
2026-06-12,000858,14:22:45,80.3800,278,1
2026-06-12,000858,14:22:48,80.4000,37,1
2026-06-12,000858,14:22:51,80.4000,115,1
2026-06-12,000858,14:22:54,80.4000,149,1
2026-06-12,000858,14:22:57,80.3600,36,2
2026-06-12,000858,14:23:00,80.3600,319,1
2026-06-12,000858,14:23:03,80.3800,49,1
2026-06-12,000858,14:23:06,80.4100,55,1
2026-06-12,000858,14:23:09,80.3600,329,2
2026-06-12,000858,14:23:12,80.3700,22,1
2026-06-12,000858,14:23:15,80.3600,26,2
2026-06-12,000858,14:23:18,80.3500,45,2
2026-06-12,000858,14:23:21,80.3600,42,2
2026-06-12,000858,14:23:24,80.3300,156,2
2026-06-12,000858,14:23:27,80.3300,41,1
2026-06-12,000858,14:23:30,80.3300,209,1
2026-06-12,000858,14:23:33,80.3400,22,1
2026-06-12,000858,14:23:36,80.3300,163,2
2026-06-12,000858,14:23:39,80.4000,20,1
2026-06-12,000858,14:23:42,80.4100,75,1
2026-06-12,000858,14:23:45,80.3500,12,2
2026-06-12,000858,14:23:48,80.4000,4,1
2026-06-12,000858,14:23:51,80.3500,43,2
2026-06-12,000858,14:23:54,80.3800,78,4
2026-06-12,000858,14:23:57,80.3800,63,2
2026-06-12,000858,14:24:00,80.4100,14,1
2026-06-12,000858,14:24:03,80.4000,49,2
2026-06-12,000858,14:24:06,80.4300,24,1
2026-06-12,000858,14:24:09,80.4600,24,1
2026-06-12,000858,14:24:12,80.4500,37,1
2026-06-12,000858,14:24:15,80.4600,3,4
2026-06-12,000858,14:24:18,80.4500,127,2
2026-06-12,000858,14:24:21,80.4500,15,1
2026-06-12,000858,14:24:24,80.4300,166,2
2026-06-12,000858,14:24:27,80.4300,173,1
2026-06-12,000858,14:24:30,80.4300,38,1
2026-06-12,000858,14:24:33,80.4400,82,1
2026-06-12,000858,14:24:36,80.4100,49,2
2026-06-12,000858,14:24:39,80.4100,118,1
2026-06-12,000858,14:24:42,80.4000,185,2
2026-06-12,000858,14:24:45,80.4000,4,1
2026-06-12,000858,14:24:48,80.4000,31,1
2026-06-12,000858,14:24:51,80.3700,55,2
2026-06-12,000858,14:24:54,80.3600,193,2
2026-06-12,000858,14:24:57,80.3300,75,2
2026-06-12,000858,14:25:00,80.3500,33,1
2026-06-12,000858,14:25:03,80.3400,172,2
2026-06-12,000858,14:25:06,80.3700,9,1
2026-06-12,000858,14:25:09,80.3500,44,2
2026-06-12,000858,14:25:15,80.3300,109,2
2026-06-12,000858,14:25:18,80.3400,56,1
2026-06-12,000858,14:25:21,80.3200,72,2
2026-06-12,000858,14:25:24,80.3200,53,1
2026-06-12,000858,14:25:27,80.3200,92,1
2026-06-12,000858,14:25:30,80.3200,43,1
2026-06-12,000858,14:25:33,80.3100,32,2
2026-06-12,000858,14:25:36,80.3200,319,1
2026-06-12,000858,14:25:39,80.3100,17,2
2026-06-12,000858,14:25:42,80.3100,11,2
2026-06-12,000858,14:25:45,80.3100,26,2
2026-06-12,000858,14:25:48,80.3200,266,1
2026-06-12,000858,14:25:51,80.3100,35,2
2026-06-12,000858,14:25:54,80.3000,12,1
2026-06-12,000858,14:25:57,80.3100,31,1
2026-06-12,000858,14:26:00,80.3000,60,2
2026-06-12,000858,14:26:03,80.2800,149,2
2026-06-12,000858,14:26:06,80.2700,162,2
2026-06-12,000858,14:26:09,80.2800,93,1
2026-06-12,000858,14:26:12,80.3000,191,1
2026-06-12,000858,14:26:15,80.2900,8,2
2026-06-12,000858,14:26:18,80.2900,280,2
2026-06-12,000858,14:26:21,80.3000,9,1
2026-06-12,000858,14:26:24,80.2800,62,2
2026-06-12,000858,14:26:27,80.2800,41,2
2026-06-12,000858,14:26:30,80.2900,12,1
2026-06-12,000858,14:26:33,80.2600,131,2
2026-06-12,000858,14:26:36,80.2600,42,2
2026-06-12,000858,14:26:39,80.2700,3,1
2026-06-12,000858,14:26:42,80.2600,40,2
2026-06-12,000858,14:26:45,80.2600,45,2
2026-06-12,000858,14:26:48,80.2600,28,4
2026-06-12,000858,14:26:51,80.2600,96,1
2026-06-12,000858,14:26:54,80.2600,19,2
2026-06-12,000858,14:26:57,80.2500,37,2
2026-06-12,000858,14:27:00,80.2500,19,2
2026-06-12,000858,14:27:03,80.2300,137,2
2026-06-12,000858,14:27:06,80.2400,21,1
2026-06-12,000858,14:27:09,80.2300,46,2
2026-06-12,000858,14:27:12,80.2300,19,1
2026-06-12,000858,14:27:15,80.2300,291,1
2026-06-12,000858,14:27:18,80.2300,91,1
2026-06-12,000858,14:27:21,80.2200,118,2
2026-06-12,000858,14:27:24,80.2000,224,2
2026-06-12,000858,14:27:27,80.2200,204,1
2026-06-12,000858,14:27:30,80.2200,312,1
2026-06-12,000858,14:27:33,80.2200,18,4
2026-06-12,000858,14:27:36,80.2200,32,2
2026-06-12,000858,14:27:39,80.2300,108,1
2026-06-12,000858,14:27:42,80.2300,106,1
2026-06-12,000858,14:27:45,80.2200,282,2
2026-06-12,000858,14:27:48,80.2200,59,2
2026-06-12,000858,14:27:51,80.2200,40,1
2026-06-12,000858,14:27:54,80.2200,41,2
2026-06-12,000858,14:27:57,80.2400,67,1
2026-06-12,000858,14:28:00,80.2500,288,1
2026-06-12,000858,14:28:03,80.2500,34,1
2026-06-12,000858,14:28:06,80.2200,35,2
2026-06-12,000858,14:28:09,80.2300,39,1
2026-06-12,000858,14:28:12,80.2100,127,2
2026-06-12,000858,14:28:15,80.2000,17,2
2026-06-12,000858,14:28:18,80.2100,37,1
2026-06-12,000858,14:28:21,80.2100,83,1
2026-06-12,000858,14:28:24,80.2000,99,2
2026-06-12,000858,14:28:27,80.1700,207,2
2026-06-12,000858,14:28:30,80.1700,34,2
2026-06-12,000858,14:28:33,80.1700,10,2
2026-06-12,000858,14:28:36,80.1700,27,2
2026-06-12,000858,14:28:39,80.1700,48,2
2026-06-12,000858,14:28:42,80.1800,297,1
2026-06-12,000858,14:28:45,80.1800,62,1
2026-06-12,000858,14:28:48,80.1900,12,4
2026-06-12,000858,14:28:51,80.1900,63,1
2026-06-12,000858,14:28:54,80.1600,214,2
2026-06-12,000858,14:28:57,80.1900,388,1
2026-06-12,000858,14:29:00,80.1900,21,1
2026-06-12,000858,14:29:03,80.1800,13,2
2026-06-12,000858,14:29:06,80.1700,37,2
2026-06-12,000858,14:29:09,80.1800,298,1
2026-06-12,000858,14:29:12,80.1900,13,1
2026-06-12,000858,14:29:15,80.1900,56,2
2026-06-12,000858,14:29:18,80.1900,99,2
2026-06-12,000858,14:29:21,80.1900,32,2
2026-06-12,000858,14:29:24,80.1900,48,2
2026-06-12,000858,14:29:27,80.1900,17,2
2026-06-12,000858,14:29:30,80.1900,12,2
2026-06-12,000858,14:29:33,80.1900,15,1
2026-06-12,000858,14:29:36,80.1900,45,2
2026-06-12,000858,14:29:39,80.2000,33,4
2026-06-12,000858,14:29:42,80.2100,35,1
2026-06-12,000858,14:29:45,80.2000,15,2
2026-06-12,000858,14:29:48,80.1900,55,2
2026-06-12,000858,14:29:51,80.2000,38,1
2026-06-12,000858,14:29:54,80.2000,78,1
2026-06-12,000858,14:29:57,80.2000,28,2
2026-06-12,000858,14:30:00,80.2400,154,1
2026-06-12,000858,14:30:03,80.2400,67,1
2026-06-12,000858,14:30:06,80.2500,66,1
2026-06-12,000858,14:30:09,80.2500,58,2
2026-06-12,000858,14:30:12,80.2500,17,2
2026-06-12,000858,14:30:15,80.2600,15,4
2026-06-12,000858,14:30:18,80.2500,33,2
2026-06-12,000858,14:30:21,80.2500,35,2
2026-06-12,000858,14:30:24,80.2400,44,2
2026-06-12,000858,14:30:27,80.2500,29,1
2026-06-12,000858,14:30:30,80.2300,77,2
2026-06-12,000858,14:30:33,80.2300,45,2
2026-06-12,000858,14:30:36,80.2400,37,1
2026-06-12,000858,14:30:39,80.2400,9,1
2026-06-12,000858,14:30:42,80.2300,13,1
2026-06-12,000858,14:30:45,80.2200,30,2
2026-06-12,000858,14:30:48,80.2300,30,1
2026-06-12,000858,14:30:51,80.2100,19,2
2026-06-12,000858,14:30:54,80.2200,15,2
2026-06-12,000858,14:30:57,80.2200,46,1
2026-06-12,000858,14:31:00,80.2200,35,2
2026-06-12,000858,14:31:03,80.2200,28,1
2026-06-12,000858,14:31:06,80.2200,56,1
2026-06-12,000858,14:31:09,80.2300,374,1
2026-06-12,000858,14:31:12,80.2500,46,1
2026-06-12,000858,14:31:15,80.2600,56,1
2026-06-12,000858,14:31:18,80.2600,49,1
2026-06-12,000858,14:31:21,80.2500,10,2
2026-06-12,000858,14:31:24,80.2400,4,2
2026-06-12,000858,14:31:27,80.2500,9,1
2026-06-12,000858,14:31:30,80.2400,98,2
2026-06-12,000858,14:31:33,80.2400,18,1
2026-06-12,000858,14:31:36,80.2300,43,2
2026-06-12,000858,14:31:39,80.2200,47,2
2026-06-12,000858,14:31:42,80.2200,53,1
2026-06-12,000858,14:31:45,80.2100,24,2
2026-06-12,000858,14:31:48,80.2100,32,1
2026-06-12,000858,14:31:51,80.2000,27,2
2026-06-12,000858,14:31:54,80.2100,46,4
2026-06-12,000858,14:31:57,80.2100,15,2
2026-06-12,000858,14:32:00,80.2000,55,2
2026-06-12,000858,14:32:03,80.1900,80,2
2026-06-12,000858,14:32:06,80.2000,27,1
2026-06-12,000858,14:32:09,80.1900,16,1
2026-06-12,000858,14:32:12,80.1800,97,2
2026-06-12,000858,14:32:15,80.2100,221,1
2026-06-12,000858,14:32:18,80.1900,14,2
2026-06-12,000858,14:32:21,80.2000,41,4
2026-06-12,000858,14:32:24,80.2000,151,2
2026-06-12,000858,14:32:27,80.2100,58,1
2026-06-12,000858,14:32:30,80.2100,52,4
2026-06-12,000858,14:32:33,80.2100,27,2
2026-06-12,000858,14:32:36,80.2300,36,1
2026-06-12,000858,14:32:39,80.2300,14,4
2026-06-12,000858,14:32:42,80.2200,35,2
2026-06-12,000858,14:32:45,80.2300,27,1
2026-06-12,000858,14:32:48,80.2200,2,2
2026-06-12,000858,14:32:51,80.2200,14,2
2026-06-12,000858,14:32:54,80.2200,98,2
2026-06-12,000858,14:32:57,80.2100,96,2
2026-06-12,000858,14:33:00,80.2100,49,2
2026-06-12,000858,14:33:03,80.2000,211,2
2026-06-12,000858,14:33:06,80.2000,54,1
2026-06-12,000858,14:33:09,80.2200,273,1
2026-06-12,000858,14:33:12,80.2300,24,1
2026-06-12,000858,14:33:15,80.2200,20,2
2026-06-12,000858,14:33:18,80.2300,86,1
2026-06-12,000858,14:33:21,80.2500,48,1
2026-06-12,000858,14:33:24,80.2500,45,1
2026-06-12,000858,14:33:27,80.2500,55,1
2026-06-12,000858,14:33:30,80.2700,35,1
2026-06-12,000858,14:33:33,80.2600,15,2
2026-06-12,000858,14:33:36,80.3000,46,1
2026-06-12,000858,14:33:39,80.3300,49,1
2026-06-12,000858,14:33:42,80.3300,49,1
2026-06-12,000858,14:33:45,80.3200,18,2
2026-06-12,000858,14:33:48,80.3100,17,2
2026-06-12,000858,14:33:51,80.3100,35,2
2026-06-12,000858,14:33:54,80.3000,65,2
2026-06-12,000858,14:33:57,80.2800,76,2
2026-06-12,000858,14:34:00,80.2900,55,1
2026-06-12,000858,14:34:03,80.3000,47,1
2026-06-12,000858,14:34:06,80.2900,331,2
2026-06-12,000858,14:34:09,80.2900,45,2
2026-06-12,000858,14:34:12,80.2800,72,2
2026-06-12,000858,14:34:15,80.2700,24,2
2026-06-12,000858,14:34:18,80.2700,50,2
2026-06-12,000858,14:34:21,80.2800,88,1
2026-06-12,000858,14:34:24,80.2700,12,4
2026-06-12,000858,14:34:27,80.2700,60,2
2026-06-12,000858,14:34:30,80.2600,14,2
2026-06-12,000858,14:34:33,80.2400,141,2
2026-06-12,000858,14:34:36,80.2400,18,2
2026-06-12,000858,14:34:39,80.2600,61,1
2026-06-12,000858,14:34:42,80.2500,37,4
2026-06-12,000858,14:34:45,80.2600,80,1
2026-06-12,000858,14:34:48,80.2600,75,1
2026-06-12,000858,14:34:51,80.2500,73,2
2026-06-12,000858,14:34:54,80.2700,59,1
2026-06-12,000858,14:34:57,80.2900,86,1
2026-06-12,000858,14:35:00,80.3000,68,1
2026-06-12,000858,14:35:03,80.3000,47,1
2026-06-12,000858,14:35:06,80.2900,47,2
2026-06-12,000858,14:35:09,80.3000,77,1
2026-06-12,000858,14:35:12,80.3000,34,1
2026-06-12,000858,14:35:15,80.3000,23,1
2026-06-12,000858,14:35:18,80.2900,21,2
2026-06-12,000858,14:35:21,80.3000,75,1
2026-06-12,000858,14:35:24,80.2900,13,4
2026-06-12,000858,14:35:27,80.2900,33,2
2026-06-12,000858,14:35:30,80.2700,18,2
2026-06-12,000858,14:35:33,80.2600,11,2
2026-06-12,000858,14:35:36,80.2600,41,2
2026-06-12,000858,14:35:39,80.2600,109,1
2026-06-12,000858,14:35:42,80.2600,19,1
2026-06-12,000858,14:35:45,80.2500,78,2
2026-06-12,000858,14:35:48,80.2500,51,2
2026-06-12,000858,14:35:51,80.2400,53,2
2026-06-12,000858,14:35:54,80.2300,62,2
2026-06-12,000858,14:35:57,80.2200,50,2
2026-06-12,000858,14:36:00,80.2300,81,1
2026-06-12,000858,14:36:03,80.2200,25,2
2026-06-12,000858,14:36:06,80.2100,50,2
2026-06-12,000858,14:36:09,80.2300,32,1
2026-06-12,000858,14:36:12,80.2300,39,2
2026-06-12,000858,14:36:15,80.2400,5,1
2026-06-12,000858,14:36:18,80.2300,27,2
2026-06-12,000858,14:36:21,80.2200,7,2
2026-06-12,000858,14:36:24,80.2300,4,1
2026-06-12,000858,14:36:27,80.2300,20,1
2026-06-12,000858,14:36:30,80.2200,18,2
2026-06-12,000858,14:36:33,80.2200,43,2
2026-06-12,000858,14:36:36,80.2200,28,1
2026-06-12,000858,14:36:39,80.2200,52,1
2026-06-12,000858,14:36:42,80.2200,37,2
2026-06-12,000858,14:36:45,80.2300,35,1
2026-06-12,000858,14:36:48,80.2100,49,2
2026-06-12,000858,14:36:51,80.2200,33,1
2026-06-12,000858,14:36:54,80.2100,104,2
2026-06-12,000858,14:36:57,80.2100,55,2
2026-06-12,000858,14:37:00,80.2100,124,1
2026-06-12,000858,14:37:03,80.1800,226,2
2026-06-12,000858,14:37:06,80.2000,14,1
2026-06-12,000858,14:37:09,80.1900,33,2
2026-06-12,000858,14:37:12,80.1800,15,2
2026-06-12,000858,14:37:15,80.1900,176,4
2026-06-12,000858,14:37:18,80.1900,17,1
2026-06-12,000858,14:37:21,80.1700,47,2
2026-06-12,000858,14:37:24,80.1900,59,1
2026-06-12,000858,14:37:27,80.1600,57,2
2026-06-12,000858,14:37:30,80.1900,115,1
2026-06-12,000858,14:37:33,80.1700,23,2
2026-06-12,000858,14:37:36,80.1900,34,1
2026-06-12,000858,14:37:39,80.1800,72,2
2026-06-12,000858,14:37:42,80.1800,79,2
2026-06-12,000858,14:37:45,80.2000,26,1
2026-06-12,000858,14:37:48,80.2000,49,1
2026-06-12,000858,14:37:51,80.2000,41,1
2026-06-12,000858,14:37:54,80.1900,18,2
2026-06-12,000858,14:37:57,80.1900,42,2
2026-06-12,000858,14:38:00,80.1900,805,2
2026-06-12,000858,14:38:03,80.1700,8,2
2026-06-12,000858,14:38:06,80.1700,41,2
2026-06-12,000858,14:38:09,80.1700,26,2
2026-06-12,000858,14:38:12,80.1700,48,2
2026-06-12,000858,14:38:15,80.1600,55,2
2026-06-12,000858,14:38:18,80.1600,37,1
2026-06-12,000858,14:38:21,80.1600,32,1
2026-06-12,000858,14:38:24,80.1500,138,2
2026-06-12,000858,14:38:27,80.1500,59,2
2026-06-12,000858,14:38:30,80.1200,132,2
2026-06-12,000858,14:38:33,80.1300,26,4
2026-06-12,000858,14:38:36,80.1200,186,2
2026-06-12,000858,14:38:39,80.1300,257,1
2026-06-12,000858,14:38:42,80.1200,62,2
2026-06-12,000858,14:38:45,80.1100,220,2
2026-06-12,000858,14:38:48,80.1500,76,1
2026-06-12,000858,14:38:51,80.1600,250,1
2026-06-12,000858,14:38:54,80.1900,137,1
2026-06-12,000858,14:38:57,80.1900,46,1
2026-06-12,000858,14:39:00,80.1900,22,1
2026-06-12,000858,14:39:03,80.1900,24,2
2026-06-12,000858,14:39:06,80.2000,37,1
2026-06-12,000858,14:39:09,80.2100,63,1
2026-06-12,000858,14:39:12,80.2100,67,1
2026-06-12,000858,14:39:15,80.1800,43,2
2026-06-12,000858,14:39:18,80.2200,108,1
2026-06-12,000858,14:39:21,80.2200,111,1
2026-06-12,000858,14:39:24,80.2300,21,1
2026-06-12,000858,14:39:27,80.2300,46,1
2026-06-12,000858,14:39:30,80.2300,42,1
2026-06-12,000858,14:39:33,80.2300,12,1
2026-06-12,000858,14:39:36,80.2400,49,1
2026-06-12,000858,14:39:39,80.2300,58,2
2026-06-12,000858,14:39:42,80.2800,97,1
2026-06-12,000858,14:39:45,80.2400,32,2
2026-06-12,000858,14:39:48,80.2700,34,1
2026-06-12,000858,14:39:51,80.2500,33,2
2026-06-12,000858,14:39:54,80.2600,70,4
2026-06-12,000858,14:39:57,80.2300,5,2
2026-06-12,000858,14:40:00,80.2500,73,1
2026-06-12,000858,14:40:03,80.2400,16,1
2026-06-12,000858,14:40:06,80.2300,16,2
2026-06-12,000858,14:40:09,80.2400,25,1
2026-06-12,000858,14:40:12,80.2400,38,1
2026-06-12,000858,14:40:15,80.2500,135,1
2026-06-12,000858,14:40:18,80.2500,47,1
2026-06-12,000858,14:40:21,80.2500,55,1
2026-06-12,000858,14:40:24,80.2400,156,2
2026-06-12,000858,14:40:27,80.2600,66,1
2026-06-12,000858,14:40:30,80.2600,84,1
2026-06-12,000858,14:40:33,80.2400,16,2
2026-06-12,000858,14:40:36,80.2400,29,2
2026-06-12,000858,14:40:39,80.2500,15,1
2026-06-12,000858,14:40:42,80.2500,31,2
2026-06-12,000858,14:40:45,80.2500,27,2
2026-06-12,000858,14:40:48,80.2500,45,1
2026-06-12,000858,14:40:51,80.2500,13,1
2026-06-12,000858,14:40:54,80.2400,59,2
2026-06-12,000858,14:40:57,80.2400,147,2
2026-06-12,000858,14:41:00,80.2500,47,1
2026-06-12,000858,14:41:03,80.2400,19,2
2026-06-12,000858,14:41:06,80.2400,22,2
2026-06-12,000858,14:41:09,80.2300,50,2
2026-06-12,000858,14:41:12,80.2300,4,1
2026-06-12,000858,14:41:15,80.2300,33,1
2026-06-12,000858,14:41:18,80.2200,61,2
2026-06-12,000858,14:41:21,80.2200,20,1
2026-06-12,000858,14:41:24,80.2000,57,2
2026-06-12,000858,14:41:27,80.2100,43,1
2026-06-12,000858,14:41:30,80.2200,247,1
2026-06-12,000858,14:41:33,80.2100,306,2
2026-06-12,000858,14:41:36,80.2300,63,1
2026-06-12,000858,14:41:39,80.2300,50,1
2026-06-12,000858,14:41:42,80.2300,39,1
2026-06-12,000858,14:41:45,80.2300,67,2
2026-06-12,000858,14:41:48,80.2400,23,1
2026-06-12,000858,14:41:51,80.2500,17,1
2026-06-12,000858,14:41:54,80.2400,16,2
2026-06-12,000858,14:41:57,80.2400,48,2
2026-06-12,000858,14:42:00,80.2400,46,2
2026-06-12,000858,14:42:03,80.2400,47,2
2026-06-12,000858,14:42:06,80.2500,35,1
2026-06-12,000858,14:42:09,80.2600,49,1
2026-06-12,000858,14:42:12,80.2600,14,1
2026-06-12,000858,14:42:15,80.2600,72,1
2026-06-12,000858,14:42:18,80.2400,33,2
2026-06-12,000858,14:42:21,80.2400,72,2
2026-06-12,000858,14:42:24,80.2600,24,1
2026-06-12,000858,14:42:27,80.2600,66,1
2026-06-12,000858,14:42:30,80.2600,78,2
2026-06-12,000858,14:42:33,80.2400,20,2
2026-06-12,000858,14:42:36,80.2700,17,1
2026-06-12,000858,14:42:39,80.2500,29,2
2026-06-12,000858,14:42:42,80.2500,12,1
2026-06-12,000858,14:42:45,80.2500,78,1
2026-06-12,000858,14:42:48,80.2600,37,1
2026-06-12,000858,14:42:51,80.2600,14,2
2026-06-12,000858,14:42:54,80.2700,41,1
2026-06-12,000858,14:42:57,80.2400,144,2
2026-06-12,000858,14:43:00,80.2400,12,1
2026-06-12,000858,14:43:03,80.2300,62,2
2026-06-12,000858,14:43:06,80.2300,15,1
2026-06-12,000858,14:43:09,80.2300,11,2
2026-06-12,000858,14:43:12,80.2300,15,1
2026-06-12,000858,14:43:15,80.2300,33,1
2026-06-12,000858,14:43:18,80.2100,32,2
2026-06-12,000858,14:43:21,80.2200,42,1
2026-06-12,000858,14:43:24,80.2200,8,1
2026-06-12,000858,14:43:27,80.2000,42,2
2026-06-12,000858,14:43:30,80.2000,93,2
2026-06-12,000858,14:43:33,80.2000,106,1
2026-06-12,000858,14:43:36,80.1800,94,2
2026-06-12,000858,14:43:39,80.1900,32,1
2026-06-12,000858,14:43:42,80.2200,327,1
2026-06-12,000858,14:43:45,80.2200,61,1
2026-06-12,000858,14:43:48,80.2400,101,1
2026-06-12,000858,14:43:51,80.2300,25,1
2026-06-12,000858,14:43:54,80.2400,17,1
2026-06-12,000858,14:43:57,80.2400,93,1
2026-06-12,000858,14:44:00,80.2600,29,1
2026-06-12,000858,14:44:03,80.2300,51,2
2026-06-12,000858,14:44:06,80.2500,20,1
2026-06-12,000858,14:44:09,80.2400,41,2
2026-06-12,000858,14:44:12,80.2500,21,1
2026-06-12,000858,14:44:15,80.2500,18,1
2026-06-12,000858,14:44:18,80.2600,71,1
2026-06-12,000858,14:44:21,80.2500,36,2
2026-06-12,000858,14:44:24,80.2700,37,1
2026-06-12,000858,14:44:27,80.2700,29,1
2026-06-12,000858,14:44:30,80.2600,10,2
2026-06-12,000858,14:44:33,80.2600,17,2
2026-06-12,000858,14:44:36,80.2900,140,1
2026-06-12,000858,14:44:39,80.2800,149,2
2026-06-12,000858,14:44:42,80.2900,15,4
2026-06-12,000858,14:44:45,80.3000,55,1
2026-06-12,000858,14:44:48,80.3000,4,1
2026-06-12,000858,14:44:51,80.2800,116,2
2026-06-12,000858,14:44:54,80.2900,81,1
2026-06-12,000858,14:44:57,80.2800,60,2
2026-06-12,000858,14:45:00,80.2900,5,4
2026-06-12,000858,14:45:03,80.2900,13,2
2026-06-12,000858,14:45:06,80.2900,45,2
2026-06-12,000858,14:45:09,80.3000,58,1
2026-06-12,000858,14:45:12,80.2900,16,2
2026-06-12,000858,14:45:15,80.2900,50,1
2026-06-12,000858,14:45:18,80.2800,153,2
2026-06-12,000858,14:45:21,80.2800,106,2
2026-06-12,000858,14:45:24,80.2800,19,1
2026-06-12,000858,14:45:27,80.2600,34,2
2026-06-12,000858,14:45:30,80.2600,30,2
2026-06-12,000858,14:45:33,80.2600,36,2
2026-06-12,000858,14:45:36,80.2600,106,1
2026-06-12,000858,14:45:39,80.2700,3,2
2026-06-12,000858,14:45:42,80.2700,16,2
2026-06-12,000858,14:45:45,80.2700,36,2
2026-06-12,000858,14:45:48,80.2800,20,1
2026-06-12,000858,14:45:51,80.2700,19,1
2026-06-12,000858,14:45:54,80.2700,343,1
2026-06-12,000858,14:45:57,80.3000,247,1
2026-06-12,000858,14:46:00,80.2800,70,2
2026-06-12,000858,14:46:03,80.2900,14,4
2026-06-12,000858,14:46:06,80.2800,25,2
2026-06-12,000858,14:46:09,80.2800,110,2
2026-06-12,000858,14:46:12,80.3000,51,1
2026-06-12,000858,14:46:15,80.2900,17,1
2026-06-12,000858,14:46:18,80.2800,22,2
2026-06-12,000858,14:46:21,80.2900,30,1
2026-06-12,000858,14:46:24,80.3000,82,1
2026-06-12,000858,14:46:27,80.2900,30,2
2026-06-12,000858,14:46:30,80.2900,16,1
2026-06-12,000858,14:46:33,80.2900,46,4
2026-06-12,000858,14:46:36,80.2900,15,2
2026-06-12,000858,14:46:39,80.2800,77,2
2026-06-12,000858,14:46:42,80.2900,4,4
2026-06-12,000858,14:46:45,80.2900,22,2
2026-06-12,000858,14:46:48,80.2900,34,2
2026-06-12,000858,14:46:51,80.2900,31,2
2026-06-12,000858,14:46:54,80.2900,27,1
2026-06-12,000858,14:46:57,80.2800,52,2
2026-06-12,000858,14:47:00,80.2800,66,2
2026-06-12,000858,14:47:03,80.2800,61,2
2026-06-12,000858,14:47:06,80.2600,129,2
2026-06-12,000858,14:47:09,80.2600,90,1
2026-06-12,000858,14:47:12,80.2600,26,1
2026-06-12,000858,14:47:15,80.2500,9,2
2026-06-12,000858,14:47:18,80.2500,4,2
2026-06-12,000858,14:47:21,80.2500,46,2
2026-06-12,000858,14:47:24,80.2400,21,2
2026-06-12,000858,14:47:27,80.2400,45,2
2026-06-12,000858,14:47:30,80.2500,12,1
2026-06-12,000858,14:47:33,80.2200,48,2
2026-06-12,000858,14:47:36,80.2400,9,1
2026-06-12,000858,14:47:39,80.2200,54,2
2026-06-12,000858,14:47:42,80.2200,14,2
2026-06-12,000858,14:47:45,80.2200,10,4
2026-06-12,000858,14:47:48,80.2200,78,2
2026-06-12,000858,14:47:51,80.2200,5,4
2026-06-12,000858,14:47:54,80.2000,46,2
2026-06-12,000858,14:47:57,80.2200,125,1
2026-06-12,000858,14:48:00,80.2200,9,2
2026-06-12,000858,14:48:03,80.2000,54,2
2026-06-12,000858,14:48:06,80.2000,33,2
2026-06-12,000858,14:48:09,80.2200,15,4
2026-06-12,000858,14:48:12,80.2200,36,2
2026-06-12,000858,14:48:15,80.2100,48,2
2026-06-12,000858,14:48:18,80.2200,52,1
2026-06-12,000858,14:48:21,80.2100,122,2
2026-06-12,000858,14:48:24,80.2100,51,2
2026-06-12,000858,14:48:27,80.2200,17,1
2026-06-12,000858,14:48:30,80.2100,34,2
2026-06-12,000858,14:48:33,80.2100,15,1
2026-06-12,000858,14:48:36,80.2000,73,2
2026-06-12,000858,14:48:39,80.2000,181,2
2026-06-12,000858,14:48:42,80.2000,62,2
2026-06-12,000858,14:48:45,80.2000,31,2
2026-06-12,000858,14:48:48,80.2000,6,2
2026-06-12,000858,14:48:51,80.2100,112,1
2026-06-12,000858,14:48:54,80.2100,44,1
2026-06-12,000858,14:48:57,80.2100,89,1
2026-06-12,000858,14:49:00,80.2100,22,1
2026-06-12,000858,14:49:03,80.1800,302,2
2026-06-12,000858,14:49:06,80.1800,20,2
2026-06-12,000858,14:49:09,80.1900,13,1
2026-06-12,000858,14:49:12,80.1900,50,1
2026-06-12,000858,14:49:15,80.1800,35,2
2026-06-12,000858,14:49:18,80.1800,15,2
2026-06-12,000858,14:49:21,80.1800,15,4
2026-06-12,000858,14:49:24,80.1700,55,2
2026-06-12,000858,14:49:27,80.1700,25,2
2026-06-12,000858,14:49:30,80.1800,14,1
2026-06-12,000858,14:49:33,80.1700,251,2
2026-06-12,000858,14:49:36,80.1800,36,4
2026-06-12,000858,14:49:39,80.1900,63,1
2026-06-12,000858,14:49:42,80.1800,31,1
2026-06-12,000858,14:49:45,80.1900,26,1
2026-06-12,000858,14:49:48,80.2000,59,1
2026-06-12,000858,14:49:51,80.2000,98,1
2026-06-12,000858,14:49:54,80.2000,34,4
2026-06-12,000858,14:49:57,80.2100,35,1
2026-06-12,000858,14:50:00,80.2100,12,1
2026-06-12,000858,14:50:03,80.2000,277,2
2026-06-12,000858,14:50:06,80.2000,61,1
2026-06-12,000858,14:50:09,80.1800,14,1
2026-06-12,000858,14:50:12,80.2000,60,1
2026-06-12,000858,14:50:15,80.2000,44,1
2026-06-12,000858,14:50:18,80.2000,74,1
2026-06-12,000858,14:50:21,80.2000,33,1
2026-06-12,000858,14:50:24,80.2000,71,1
2026-06-12,000858,14:50:27,80.2000,34,1
2026-06-12,000858,14:50:30,80.2000,83,1
2026-06-12,000858,14:50:33,80.2000,269,2
2026-06-12,000858,14:50:36,80.1800,27,2
2026-06-12,000858,14:50:39,80.1900,21,1
2026-06-12,000858,14:50:42,80.1900,13,2
2026-06-12,000858,14:50:45,80.2000,26,1
2026-06-12,000858,14:50:48,80.2000,41,1
2026-06-12,000858,14:50:51,80.1900,32,2
2026-06-12,000858,14:50:54,80.2000,87,1
2026-06-12,000858,14:50:57,80.1900,61,2
2026-06-12,000858,14:51:00,80.2100,69,1
2026-06-12,000858,14:51:03,80.1900,254,2
2026-06-12,000858,14:51:06,80.1900,27,1
2026-06-12,000858,14:51:09,80.1900,36,1
2026-06-12,000858,14:51:12,80.1900,77,2
2026-06-12,000858,14:51:15,80.1900,13,2
2026-06-12,000858,14:51:18,80.1900,28,2
2026-06-12,000858,14:51:21,80.2100,52,1
2026-06-12,000858,14:51:24,80.2100,39,2
2026-06-12,000858,14:51:27,80.2100,9,2
2026-06-12,000858,14:51:30,80.2000,34,2
2026-06-12,000858,14:51:33,80.2200,22,1
2026-06-12,000858,14:51:36,80.2100,78,2
2026-06-12,000858,14:51:39,80.2200,18,2
2026-06-12,000858,14:51:42,80.2200,23,2
2026-06-12,000858,14:51:45,80.2400,8,1
2026-06-12,000858,14:51:48,80.2400,17,1
2026-06-12,000858,14:51:51,80.2200,21,2
2026-06-12,000858,14:51:54,80.2400,22,1
2026-06-12,000858,14:51:57,80.2400,13,1
2026-06-12,000858,14:52:00,80.2300,44,2
2026-06-12,000858,14:52:03,80.2500,70,1
2026-06-12,000858,14:52:06,80.2500,72,1
2026-06-12,000858,14:52:09,80.2500,24,1
2026-06-12,000858,14:52:12,80.2400,3,4
2026-06-12,000858,14:52:15,80.2500,38,1
2026-06-12,000858,14:52:18,80.2500,64,2
2026-06-12,000858,14:52:21,80.2500,43,1
2026-06-12,000858,14:52:24,80.2600,13,1
2026-06-12,000858,14:52:27,80.2600,26,1
2026-06-12,000858,14:52:30,80.2600,14,1
2026-06-12,000858,14:52:33,80.2500,19,2
2026-06-12,000858,14:52:36,80.2400,51,2
2026-06-12,000858,14:52:39,80.2600,32,1
2026-06-12,000858,14:52:42,80.2600,5,1
2026-06-12,000858,14:52:45,80.2700,37,1
2026-06-12,000858,14:52:48,80.2700,11,1
2026-06-12,000858,14:52:51,80.2600,26,2
2026-06-12,000858,14:52:54,80.2600,25,1
2026-06-12,000858,14:52:57,80.2500,15,2
2026-06-12,000858,14:53:00,80.2500,54,2
2026-06-12,000858,14:53:03,80.2500,26,2
2026-06-12,000858,14:53:06,80.2500,33,1
2026-06-12,000858,14:53:09,80.2500,18,1
2026-06-12,000858,14:53:12,80.2500,97,1
2026-06-12,000858,14:53:15,80.2500,15,2
2026-06-12,000858,14:53:18,80.2400,68,2
2026-06-12,000858,14:53:21,80.2500,77,1
2026-06-12,000858,14:53:24,80.2400,17,2
2026-06-12,000858,14:53:27,80.2400,19,2
2026-06-12,000858,14:53:30,80.2400,37,1
2026-06-12,000858,14:53:33,80.2400,68,1
2026-06-12,000858,14:53:36,80.2500,24,1
2026-06-12,000858,14:53:39,80.2400,24,2
2026-06-12,000858,14:53:42,80.2400,17,1
2026-06-12,000858,14:53:45,80.2200,84,2
2026-06-12,000858,14:53:48,80.2200,58,2
2026-06-12,000858,14:53:51,80.2200,58,2
2026-06-12,000858,14:53:54,80.2300,63,1
2026-06-12,000858,14:53:57,80.2200,30,2
2026-06-12,000858,14:54:00,80.2300,55,1
2026-06-12,000858,14:54:03,80.2200,15,2
2026-06-12,000858,14:54:06,80.2200,131,2
2026-06-12,000858,14:54:09,80.2200,28,1
2026-06-12,000858,14:54:12,80.2200,138,2
2026-06-12,000858,14:54:15,80.2200,143,2
2026-06-12,000858,14:54:18,80.2300,38,1
2026-06-12,000858,14:54:21,80.2300,23,2
2026-06-12,000858,14:54:24,80.2300,29,2
2026-06-12,000858,14:54:27,80.2200,12,2
2026-06-12,000858,14:54:30,80.2200,61,2
2026-06-12,000858,14:54:33,80.2300,58,1
2026-06-12,000858,14:54:36,80.2200,11,2
2026-06-12,000858,14:54:39,80.2200,134,2
2026-06-12,000858,14:54:42,80.2300,28,1
2026-06-12,000858,14:54:45,80.2400,77,1
2026-06-12,000858,14:54:48,80.2500,159,1
2026-06-12,000858,14:54:51,80.2500,75,2
2026-06-12,000858,14:54:54,80.2600,20,1
2026-06-12,000858,14:54:57,80.2600,70,1
2026-06-12,000858,14:55:00,80.2400,55,2
2026-06-12,000858,14:55:03,80.2600,54,1
2026-06-12,000858,14:55:06,80.2100,461,2
2026-06-12,000858,14:55:09,80.2200,174,1
2026-06-12,000858,14:55:12,80.2000,299,2
2026-06-12,000858,14:55:15,80.2000,75,1
2026-06-12,000858,14:55:18,80.2100,296,1
2026-06-12,000858,14:55:21,80.2100,59,1
2026-06-12,000858,14:55:24,80.2100,27,2
2026-06-12,000858,14:55:27,80.2100,51,2
2026-06-12,000858,14:55:30,80.2400,67,1
2026-06-12,000858,14:55:33,80.2000,33,2
2026-06-12,000858,14:55:36,80.2500,21,1
2026-06-12,000858,14:55:39,80.2000,59,2
2026-06-12,000858,14:55:42,80.2300,95,4
2026-06-12,000858,14:55:45,80.2000,42,2
2026-06-12,000858,14:55:48,80.2100,12,4
2026-06-12,000858,14:55:51,80.2200,92,1
2026-06-12,000858,14:55:54,80.2400,53,1
2026-06-12,000858,14:55:57,80.2500,35,1
2026-06-12,000858,14:56:00,80.2400,13,4
2026-06-12,000858,14:56:03,80.2200,114,2
2026-06-12,000858,14:56:06,80.2300,19,4
2026-06-12,000858,14:56:09,80.2300,67,2
2026-06-12,000858,14:56:12,80.2500,165,1
2026-06-12,000858,14:56:15,80.2200,55,2
2026-06-12,000858,14:56:18,80.2500,55,1
2026-06-12,000858,14:56:21,80.2400,38,2
2026-06-12,000858,14:56:24,80.2400,107,2
2026-06-12,000858,14:56:27,80.2300,92,2
2026-06-12,000858,14:56:30,80.2500,27,1
2026-06-12,000858,14:56:33,80.2500,71,1
2026-06-12,000858,14:56:36,80.2400,21,4
2026-06-12,000858,14:56:39,80.2500,38,1
2026-06-12,000858,14:56:42,80.2500,128,1
2026-06-12,000858,14:56:45,80.2600,100,1
2026-06-12,000858,14:56:48,80.2500,54,2
2026-06-12,000858,14:56:51,80.2600,41,1
2026-06-12,000858,14:56:54,80.2500,55,2
2026-06-12,000858,14:56:57,80.2600,20,4
2026-06-12,000858,14:57:00,80.2700,13,1
2026-06-12,000858,15:00:00,79.9200,5383,4
2026-06-12,000858,13:16:45,80.4500,6,1
2026-06-12,000858,13:16:48,80.4300,59,2
2026-06-12,000858,13:16:51,80.4200,43,2
2026-06-12,000858,13:16:54,80.3700,60,2
2026-06-12,000858,13:16:57,80.3700,7,1
2026-06-12,000858,13:17:00,80.3700,46,1
2026-06-12,000858,13:17:03,80.3600,80,4
2026-06-12,000858,13:17:06,80.3500,5,2
2026-06-12,000858,13:17:09,80.3600,57,1
2026-06-12,000858,13:17:12,80.3400,23,1
2026-06-12,000858,13:17:15,80.3200,22,2
2026-06-12,000858,13:17:18,80.3100,41,2
2026-06-12,000858,13:17:21,80.3100,48,2
2026-06-12,000858,13:17:24,80.3000,23,4
2026-06-12,000858,13:17:27,80.2900,174,2
2026-06-12,000858,13:17:30,80.2700,8,2
2026-06-12,000858,13:17:33,80.2700,41,2
2026-06-12,000858,13:17:36,80.2600,33,2
2026-06-12,000858,13:17:39,80.2600,17,1
2026-06-12,000858,13:17:42,80.2600,26,1
2026-06-12,000858,13:17:45,80.2600,12,1
2026-06-12,000858,13:17:48,80.2700,99,1
2026-06-12,000858,13:17:51,80.2600,12,4
2026-06-12,000858,13:17:54,80.2500,77,2
2026-06-12,000858,13:17:57,80.2400,15,2
2026-06-12,000858,13:18:00,80.2600,49,1
2026-06-12,000858,13:18:03,80.2700,214,1
2026-06-12,000858,13:18:06,80.2600,16,2
2026-06-12,000858,13:18:09,80.2600,67,2
2026-06-12,000858,13:18:12,80.3000,50,1
2026-06-12,000858,13:18:15,80.3000,44,2
2026-06-12,000858,13:18:18,80.3100,61,2
2026-06-12,000858,13:18:21,80.3200,53,1
2026-06-12,000858,13:18:24,80.3100,37,2
2026-06-12,000858,13:18:27,80.3100,40,1
2026-06-12,000858,13:18:30,80.3300,38,1
2026-06-12,000858,13:18:33,80.2900,50,2
2026-06-12,000858,13:18:36,80.2900,23,1
2026-06-12,000858,13:18:39,80.2800,70,2
2026-06-12,000858,13:18:42,80.3100,4,2
2026-06-12,000858,13:18:45,80.3300,15,1
2026-06-12,000858,13:18:48,80.3700,153,1
2026-06-12,000858,13:18:51,80.3800,24,1
2026-06-12,000858,13:18:54,80.3800,43,1
2026-06-12,000858,13:18:57,80.3900,84,1
2026-06-12,000858,13:19:00,80.4000,51,1
2026-06-12,000858,13:19:03,80.4000,10,2
2026-06-12,000858,13:19:06,80.4000,100,2
2026-06-12,000858,13:19:09,80.4000,49,2
2026-06-12,000858,13:19:12,80.4200,34,1
2026-06-12,000858,13:19:15,80.4200,101,1
2026-06-12,000858,13:19:18,80.4300,53,1
2026-06-12,000858,13:19:21,80.4000,123,2
2026-06-12,000858,13:19:24,80.4000,31,2
2026-06-12,000858,13:19:27,80.4000,143,1
2026-06-12,000858,13:19:30,80.4000,97,1
2026-06-12,000858,13:19:33,80.3900,104,1
2026-06-12,000858,13:19:36,80.3900,62,4
2026-06-12,000858,13:19:39,80.4100,205,1
2026-06-12,000858,13:19:42,80.4100,64,2
2026-06-12,000858,13:19:45,80.4000,294,2
2026-06-12,000858,13:19:48,80.4000,60,1
2026-06-12,000858,13:19:51,80.4700,301,1
2026-06-12,000858,13:19:54,80.5300,477,1
2026-06-12,000858,13:19:57,80.5400,364,1
2026-06-12,000858,13:20:00,80.5300,74,4
2026-06-12,000858,13:20:03,80.5100,77,2
2026-06-12,000858,13:20:06,80.5100,284,2
2026-06-12,000858,13:20:09,80.5000,203,2
2026-06-12,000858,13:20:12,80.5100,57,1
2026-06-12,000858,13:20:15,80.5000,34,2
2026-06-12,000858,13:20:18,80.4900,98,2
2026-06-12,000858,13:20:21,80.5000,63,1
2026-06-12,000858,13:20:24,80.4500,89,2
2026-06-12,000858,13:20:27,80.4700,14,4
2026-06-12,000858,13:20:30,80.4500,10,2
2026-06-12,000858,13:20:33,80.4500,30,2
2026-06-12,000858,13:20:36,80.4200,8,2
2026-06-12,000858,13:20:39,80.4200,87,2
2026-06-12,000858,13:20:42,80.4400,37,1
2026-06-12,000858,13:20:45,80.4200,36,2
2026-06-12,000858,13:20:48,80.4400,12,1
2026-06-12,000858,13:20:51,80.4100,139,2
2026-06-12,000858,13:20:54,80.4200,48,2
2026-06-12,000858,13:20:57,80.4200,47,1
2026-06-12,000858,13:21:00,80.4000,58,2
2026-06-12,000858,13:21:03,80.4000,62,2
2026-06-12,000858,13:21:06,80.3800,26,2
2026-06-12,000858,13:21:09,80.3900,37,1
2026-06-12,000858,13:21:12,80.3700,2,1
2026-06-12,000858,13:21:15,80.3800,66,1
2026-06-12,000858,13:21:18,80.3600,19,1
2026-06-12,000858,13:21:21,80.3400,11,2
2026-06-12,000858,13:21:24,80.3600,37,1
2026-06-12,000858,13:21:27,80.3500,22,2
2026-06-12,000858,13:21:30,80.3500,108,2
2026-06-12,000858,13:21:33,80.3600,101,1
2026-06-12,000858,13:21:36,80.3600,52,2
2026-06-12,000858,13:21:39,80.3600,9,2
2026-06-12,000858,13:21:42,80.3800,35,1
2026-06-12,000858,13:21:45,80.3900,99,1
2026-06-12,000858,13:21:48,80.4000,128,1
2026-06-12,000858,13:21:51,80.4200,7,1
2026-06-12,000858,13:21:54,80.4100,23,2
2026-06-12,000858,13:21:57,80.4200,10,4
2026-06-12,000858,13:22:00,80.4200,89,2
2026-06-12,000858,13:22:03,80.4100,39,2
2026-06-12,000858,13:22:06,80.4100,15,2
2026-06-12,000858,13:22:09,80.3900,42,2
2026-06-12,000858,13:22:12,80.3900,76,2
2026-06-12,000858,13:22:15,80.4000,43,1
2026-06-12,000858,13:22:18,80.4000,26,1
2026-06-12,000858,13:22:21,80.3900,27,2
2026-06-12,000858,13:22:24,80.3900,51,2
2026-06-12,000858,13:22:27,80.3900,64,2
2026-06-12,000858,13:22:30,80.3900,83,1
2026-06-12,000858,13:22:33,80.3900,16,1
2026-06-12,000858,13:22:36,80.3900,31,1
2026-06-12,000858,13:22:39,80.3900,58,2
2026-06-12,000858,13:22:42,80.3900,102,1
2026-06-12,000858,13:22:45,80.3600,71,2
2026-06-12,000858,13:22:48,80.3600,52,2
2026-06-12,000858,13:22:51,80.3600,58,2
2026-06-12,000858,13:22:54,80.3400,12,2
2026-06-12,000858,13:22:57,80.3500,53,1
2026-06-12,000858,13:23:00,80.3300,58,2
2026-06-12,000858,13:23:03,80.3400,60,1
2026-06-12,000858,13:23:06,80.3000,31,2
2026-06-12,000858,13:23:09,80.3000,39,1
2026-06-12,000858,13:23:12,80.3000,44,1
2026-06-12,000858,13:23:15,80.3000,14,1
2026-06-12,000858,13:23:18,80.3100,87,1
2026-06-12,000858,13:23:21,80.3200,58,1
2026-06-12,000858,13:23:24,80.3100,25,2
2026-06-12,000858,13:23:27,80.3200,83,1
2026-06-12,000858,13:23:30,80.3400,26,1
2026-06-12,000858,13:23:33,80.3200,41,2
2026-06-12,000858,13:23:36,80.3400,26,1
2026-06-12,000858,13:23:39,80.3200,17,2
2026-06-12,000858,13:23:42,80.3300,17,1
2026-06-12,000858,13:23:45,80.3300,38,1
2026-06-12,000858,13:23:48,80.3200,149,2
2026-06-12,000858,13:23:51,80.3400,4,1
2026-06-12,000858,13:23:54,80.3300,25,2
2026-06-12,000858,13:23:57,80.3200,5,2
2026-06-12,000858,13:24:00,80.3300,81,1
2026-06-12,000858,13:24:03,80.3300,153,1
2026-06-12,000858,13:24:06,80.3600,119,1
2026-06-12,000858,13:24:09,80.3600,61,2
2026-06-12,000858,13:24:12,80.4000,39,1
2026-06-12,000858,13:24:15,80.4000,82,1
2026-06-12,000858,13:24:18,80.4300,49,1
2026-06-12,000858,13:24:21,80.4300,54,1
2026-06-12,000858,13:24:24,80.4100,15,2
2026-06-12,000858,13:24:27,80.4100,115,2
2026-06-12,000858,13:24:30,80.4100,56,1
2026-06-12,000858,13:24:33,80.4000,12,4
2026-06-12,000858,13:24:36,80.4100,89,1
2026-06-12,000858,13:24:39,80.4100,211,1
2026-06-12,000858,13:24:42,80.4000,58,2
2026-06-12,000858,13:24:45,80.4100,31,4
2026-06-12,000858,13:24:48,80.4100,34,4
2026-06-12,000858,13:24:51,80.4000,30,2
2026-06-12,000858,13:24:54,80.4000,18,2
2026-06-12,000858,13:24:57,80.4000,73,2
2026-06-12,000858,13:25:00,80.3900,5,2
2026-06-12,000858,13:25:03,80.4000,110,1
2026-06-12,000858,13:25:06,80.4000,99,2
2026-06-12,000858,13:25:09,80.4000,64,1
2026-06-12,000858,13:25:12,80.4100,72,1
2026-06-12,000858,13:25:15,80.4300,165,1
2026-06-12,000858,13:25:18,80.4700,69,1
2026-06-12,000858,13:25:21,80.4800,52,1
2026-06-12,000858,13:25:24,80.5000,164,1
2026-06-12,000858,13:25:27,80.5000,48,1
2026-06-12,000858,13:25:30,80.4900,38,2
2026-06-12,000858,13:25:33,80.5000,46,1
2026-06-12,000858,13:25:36,80.4900,161,2
2026-06-12,000858,13:25:39,80.5000,261,1
2026-06-12,000858,13:25:42,80.4900,39,2
2026-06-12,000858,13:25:45,80.5000,33,4
2026-06-12,000858,13:25:48,80.4900,63,2
2026-06-12,000858,13:25:51,80.4800,249,2
2026-06-12,000858,13:25:54,80.4800,58,1
2026-06-12,000858,13:25:57,80.4800,94,1
2026-06-12,000858,13:26:00,80.4800,29,1
2026-06-12,000858,13:26:03,80.4800,72,2
2026-06-12,000858,13:26:06,80.4800,126,1
2026-06-12,000858,13:26:09,80.4800,56,2
2026-06-12,000858,13:26:12,80.4700,69,2
2026-06-12,000858,13:26:15,80.4800,51,2
2026-06-12,000858,13:26:18,80.4800,64,1
2026-06-12,000858,13:26:21,80.4900,130,1
2026-06-12,000858,13:26:24,80.4800,57,2
2026-06-12,000858,13:26:27,80.4800,15,1
2026-06-12,000858,13:26:30,80.4700,146,2
2026-06-12,000858,13:26:33,80.4700,25,2
2026-06-12,000858,13:26:36,80.4800,23,1
2026-06-12,000858,13:26:39,80.4800,33,1
2026-06-12,000858,13:26:42,80.4700,79,2
2026-06-12,000858,13:26:45,80.4700,27,2
2026-06-12,000858,13:26:48,80.4700,68,1
2026-06-12,000858,13:26:51,80.4600,13,2
2026-06-12,000858,13:26:54,80.4600,28,2
2026-06-12,000858,13:26:57,80.4500,10,2
2026-06-12,000858,13:27:00,80.4500,23,1
2026-06-12,000858,13:27:03,80.4500,44,1
2026-06-12,000858,13:27:06,80.4400,5,4
2026-06-12,000858,13:27:09,80.4500,36,1
2026-06-12,000858,13:27:12,80.4500,56,1
2026-06-12,000858,13:27:15,80.4500,143,1
2026-06-12,000858,13:27:18,80.4500,24,2
2026-06-12,000858,13:27:21,80.4500,11,2
2026-06-12,000858,13:27:24,80.4500,21,2
2026-06-12,000858,13:27:27,80.4500,56,2
2026-06-12,000858,13:27:30,80.4500,59,2
2026-06-12,000858,13:27:33,80.4400,108,2
2026-06-12,000858,13:27:36,80.4600,26,1
2026-06-12,000858,13:27:39,80.4500,44,2
2026-06-12,000858,13:27:42,80.5000,386,1
2026-06-12,000858,13:27:45,80.4800,24,4
2026-06-12,000858,13:27:48,80.4800,14,2
2026-06-12,000858,13:27:51,80.4900,27,4
2026-06-12,000858,13:27:54,80.5000,127,1
2026-06-12,000858,13:27:57,80.4800,64,2
2026-06-12,000858,13:28:00,80.4800,65,2
2026-06-12,000858,13:28:03,80.4900,28,1
2026-06-12,000858,13:28:06,80.4900,38,2
2026-06-12,000858,13:28:09,80.4900,50,4
2026-06-12,000858,13:28:12,80.4800,87,2
2026-06-12,000858,13:28:15,80.4900,44,1
2026-06-12,000858,13:28:18,80.4900,105,2
2026-06-12,000858,13:28:21,80.5000,13,1
2026-06-12,000858,13:28:24,80.4900,12,4
2026-06-12,000858,13:28:27,80.4800,5,2
2026-06-12,000858,13:28:30,80.4900,48,1
2026-06-12,000858,13:28:33,80.4900,33,1
2026-06-12,000858,13:28:36,80.4800,11,2
2026-06-12,000858,13:28:39,80.4800,33,1
2026-06-12,000858,13:28:42,80.4800,49,1
2026-06-12,000858,13:28:45,80.4700,13,2
2026-06-12,000858,13:28:48,80.4700,69,2
2026-06-12,000858,13:28:51,80.4600,52,2
2026-06-12,000858,13:28:54,80.4400,18,2
2026-06-12,000858,13:28:57,80.4400,28,2
2026-06-12,000858,13:29:00,80.4400,48,2
2026-06-12,000858,13:29:03,80.4600,146,1
2026-06-12,000858,13:29:06,80.4600,184,1
2026-06-12,000858,13:29:09,80.4700,23,4
2026-06-12,000858,13:29:12,80.4800,241,1
2026-06-12,000858,13:29:15,80.4800,118,2
2026-06-12,000858,13:29:18,80.4900,116,4
2026-06-12,000858,13:29:21,80.5000,41,1
2026-06-12,000858,13:29:24,80.5100,167,1
2026-06-12,000858,13:29:27,80.5300,53,1
2026-06-12,000858,13:29:30,80.5500,154,1
2026-06-12,000858,13:29:33,80.5500,64,1
2026-06-12,000858,13:29:36,80.5300,84,1
2026-06-12,000858,13:29:39,80.5300,39,1
2026-06-12,000858,13:29:42,80.5300,37,2
2026-06-12,000858,13:29:45,80.5300,19,2
2026-06-12,000858,13:29:48,80.5400,120,1
2026-06-12,000858,13:29:51,80.5400,52,1
2026-06-12,000858,13:29:54,80.5300,18,2
2026-06-12,000858,13:29:57,80.5400,98,1
2026-06-12,000858,13:30:00,80.5400,64,1
2026-06-12,000858,13:30:03,80.5400,89,1
2026-06-12,000858,13:30:06,80.5300,135,2
2026-06-12,000858,13:30:09,80.5300,43,1
2026-06-12,000858,13:30:12,80.5200,8,2
2026-06-12,000858,13:30:15,80.5200,55,2
2026-06-12,000858,13:30:18,80.5100,15,2
2026-06-12,000858,13:30:21,80.5100,37,2
2026-06-12,000858,13:30:24,80.5100,74,2
2026-06-12,000858,13:30:27,80.5100,94,2
2026-06-12,000858,13:30:30,80.5100,44,1
2026-06-12,000858,13:30:33,80.5100,113,1
2026-06-12,000858,13:30:36,80.5000,95,2
2026-06-12,000858,13:30:39,80.5000,49,1
2026-06-12,000858,13:30:42,80.4900,24,2
2026-06-12,000858,13:30:45,80.5000,252,1
2026-06-12,000858,13:30:48,80.5000,147,1
2026-06-12,000858,13:30:51,80.5300,108,1
2026-06-12,000858,13:30:54,80.5400,59,1
2026-06-12,000858,13:30:57,80.5400,164,1
2026-06-12,000858,13:31:00,80.5400,46,2
2026-06-12,000858,13:31:03,80.5400,37,2
2026-06-12,000858,13:31:06,80.5400,72,2
2026-06-12,000858,13:31:09,80.5400,36,2
2026-06-12,000858,13:31:12,80.5400,216,2
2026-06-12,000858,13:31:15,80.5300,8,2
2026-06-12,000858,13:31:18,80.5400,105,1
2026-06-12,000858,13:31:21,80.5300,13,2
2026-06-12,000858,13:31:24,80.5400,14,1
2026-06-12,000858,13:31:27,80.5200,54,2
2026-06-12,000858,13:31:30,80.5200,23,1
2026-06-12,000858,13:31:33,80.4900,57,2
2026-06-12,000858,13:31:36,80.4500,101,2
2026-06-12,000858,13:31:39,80.4300,40,2
2026-06-12,000858,13:31:42,80.4500,10,2
2026-06-12,000858,13:31:45,80.4500,29,1
2026-06-12,000858,13:31:48,80.4400,24,4
2026-06-12,000858,13:31:51,80.4700,45,1
2026-06-12,000858,13:31:54,80.4500,8,2
2026-06-12,000858,13:31:57,80.4500,53,2
2026-06-12,000858,13:32:00,80.4600,5,4
2026-06-12,000858,13:32:03,80.4600,77,2
2026-06-12,000858,13:32:06,80.4700,24,4
2026-06-12,000858,13:32:09,80.4800,31,1
2026-06-12,000858,13:32:12,80.4800,22,1
2026-06-12,000858,13:32:15,80.4900,85,1
2026-06-12,000858,13:32:18,80.4800,55,2
2026-06-12,000858,13:32:21,80.4900,18,1
2026-06-12,000858,13:32:24,80.4900,34,2
2026-06-12,000858,13:32:27,80.5000,35,1
2026-06-12,000858,13:32:30,80.4900,52,2
2026-06-12,000858,13:32:33,80.5000,45,1
2026-06-12,000858,13:32:36,80.5100,57,4
2026-06-12,000858,13:32:39,80.5100,31,2
2026-06-12,000858,13:32:42,80.5400,285,1
2026-06-12,000858,13:32:45,80.5500,148,1
2026-06-12,000858,13:32:48,80.5600,38,1
2026-06-12,000858,13:32:51,80.5800,435,1
2026-06-12,000858,13:32:54,80.6000,299,1
2026-06-12,000858,13:32:57,80.6000,310,1
2026-06-12,000858,13:33:00,80.6100,153,1
2026-06-12,000858,13:33:03,80.6100,72,1
2026-06-12,000858,13:33:06,80.6100,97,1
2026-06-12,000858,13:33:09,80.6100,102,4
2026-06-12,000858,13:33:12,80.6000,54,2
2026-06-12,000858,13:33:15,80.6000,39,1
2026-06-12,000858,13:33:18,80.5900,98,2
2026-06-12,000858,13:33:21,80.6000,110,1
2026-06-12,000858,13:33:24,80.6000,282,1
2026-06-12,000858,13:33:27,80.6100,236,2
2026-06-12,000858,13:33:30,80.6300,41,1
2026-06-12,000858,13:33:33,80.6300,248,4
2026-06-12,000858,13:33:36,80.6400,81,4
2026-06-12,000858,13:33:39,80.6400,37,2
2026-06-12,000858,13:33:42,80.6500,65,1
2026-06-12,000858,13:33:45,80.6700,196,1
2026-06-12,000858,13:33:48,80.6700,155,1
2026-06-12,000858,13:33:51,80.8300,2826,1
2026-06-12,000858,13:33:54,80.8300,112,1
2026-06-12,000858,13:33:57,80.7600,72,2
2026-06-12,000858,13:34:00,80.8200,62,1
2026-06-12,000858,13:34:03,80.8200,74,2
2026-06-12,000858,13:34:06,80.8000,189,4
2026-06-12,000858,13:34:09,80.8000,158,2
2026-06-12,000858,13:34:12,80.8000,250,2
2026-06-12,000858,13:34:15,80.8000,115,1
2026-06-12,000858,13:34:18,80.8000,100,1
2026-06-12,000858,13:34:21,80.7800,47,2
2026-06-12,000858,13:34:24,80.8100,392,1
2026-06-12,000858,13:34:27,80.8100,112,1
2026-06-12,000858,13:34:30,80.8000,25,2
2026-06-12,000858,13:34:33,80.8000,62,2
2026-06-12,000858,13:34:36,80.8200,878,1
2026-06-12,000858,13:34:39,80.8200,30,2
2026-06-12,000858,13:34:42,80.8200,45,1
2026-06-12,000858,13:34:45,80.8300,121,1
2026-06-12,000858,13:34:48,80.8700,332,1
2026-06-12,000858,13:34:51,80.8500,91,2
2026-06-12,000858,13:34:54,80.8600,435,1
2026-06-12,000858,13:34:57,80.8700,97,4
2026-06-12,000858,13:35:00,80.8800,356,1
2026-06-12,000858,13:35:03,80.8800,259,1
2026-06-12,000858,13:35:06,80.8900,283,1
2026-06-12,000858,13:35:09,80.8800,163,2
2026-06-12,000858,13:35:12,80.9000,137,1
2026-06-12,000858,13:35:15,80.8900,140,2
2026-06-12,000858,13:35:18,80.8900,209,2
2026-06-12,000858,13:35:21,80.9000,506,1
2026-06-12,000858,13:35:24,80.9000,68,2
2026-06-12,000858,13:35:27,80.9000,141,2
2026-06-12,000858,13:35:30,80.9000,330,2
2026-06-12,000858,13:35:33,80.9000,424,2
2026-06-12,000858,13:35:36,80.8900,132,2
2026-06-12,000858,13:35:39,80.8900,137,2
2026-06-12,000858,13:35:42,80.8900,65,1
2026-06-12,000858,13:35:45,80.8700,115,2
2026-06-12,000858,13:35:48,80.8800,124,1
2026-06-12,000858,13:35:51,80.8800,55,1
2026-06-12,000858,13:35:54,80.8800,54,1
2026-06-12,000858,13:35:57,80.8700,21,2
2026-06-12,000858,13:36:00,80.8700,65,2
2026-06-12,000858,13:36:03,80.8700,191,2
2026-06-12,000858,13:36:06,80.8700,126,2
2026-06-12,000858,13:36:09,80.8700,28,1
2026-06-12,000858,13:36:12,80.8600,61,2
2026-06-12,000858,13:36:15,80.8900,517,1
2026-06-12,000858,13:36:18,80.8900,171,1
2026-06-12,000858,13:36:21,80.8900,79,2
2026-06-12,000858,13:36:24,80.9000,85,1
2026-06-12,000858,13:36:27,80.8900,38,4
2026-06-12,000858,13:36:30,80.8800,67,2
2026-06-12,000858,13:36:33,80.9000,110,1
2026-06-12,000858,13:36:36,80.8900,41,1
2026-06-12,000858,13:36:39,80.8900,70,1
2026-06-12,000858,13:36:42,80.8800,68,2
2026-06-12,000858,13:36:45,80.8800,94,1
2026-06-12,000858,13:36:48,80.8800,24,2
2026-06-12,000858,13:36:51,80.8800,77,2
2026-06-12,000858,13:36:54,80.8800,19,2
2026-06-12,000858,13:36:57,80.8900,98,1
2026-06-12,000858,13:37:00,80.8800,237,2
2026-06-12,000858,13:37:03,80.8800,75,1
2026-06-12,000858,13:37:06,80.8700,111,2
2026-06-12,000858,13:37:09,80.8700,28,1
2026-06-12,000858,13:37:12,80.8800,467,1
2026-06-12,000858,13:37:15,80.8700,126,2
2026-06-12,000858,13:37:18,80.8800,54,1
2026-06-12,000858,13:37:21,80.8900,86,1
2026-06-12,000858,13:37:24,80.8800,59,2
2026-06-12,000858,13:37:27,80.8800,22,2
2026-06-12,000858,13:37:30,80.8900,84,1
2026-06-12,000858,13:37:33,80.8700,214,2
2026-06-12,000858,13:37:36,80.8700,14,1
2026-06-12,000858,13:37:39,80.8600,58,2
2026-06-12,000858,13:37:42,80.8700,40,1
2026-06-12,000858,13:37:45,80.8700,89,2
2026-06-12,000858,13:37:48,80.8700,97,2
2026-06-12,000858,13:37:51,80.8700,56,2
2026-06-12,000858,13:37:54,80.8700,185,2
2026-06-12,000858,13:37:57,80.8600,23,2
2026-06-12,000858,13:38:00,80.8500,51,2
2026-06-12,000858,13:38:03,80.8600,63,1
2026-06-12,000858,13:38:06,80.8500,49,2
2026-06-12,000858,13:38:09,80.8500,37,2
2026-06-12,000858,13:38:12,80.8600,143,1
2026-06-12,000858,13:38:15,80.8500,63,2
2026-06-12,000858,13:38:18,80.8400,48,4
2026-06-12,000858,13:38:21,80.8300,56,2
2026-06-12,000858,13:38:24,80.8200,1,2
2026-06-12,000858,13:38:27,80.8100,83,2
2026-06-12,000858,13:38:30,80.8100,8,2
2026-06-12,000858,13:38:33,80.7900,67,2
2026-06-12,000858,13:38:36,80.7800,54,2
2026-06-12,000858,13:38:39,80.7800,42,2
2026-06-12,000858,13:38:42,80.7800,28,2
2026-06-12,000858,13:38:45,80.7700,40,2
2026-06-12,000858,13:38:48,80.7700,413,2
2026-06-12,000858,13:38:51,80.7600,26,2
2026-06-12,000858,13:38:54,80.7600,25,2
2026-06-12,000858,13:38:57,80.7500,69,2
2026-06-12,000858,13:39:00,80.7600,47,1
2026-06-12,000858,13:39:03,80.7400,34,2
2026-06-12,000858,13:39:06,80.7400,79,2
2026-06-12,000858,13:39:09,80.7300,75,2
2026-06-12,000858,13:39:12,80.7200,150,2
2026-06-12,000858,13:39:15,80.7200,50,1
2026-06-12,000858,13:39:18,80.7200,16,2
2026-06-12,000858,13:39:21,80.7300,41,1
2026-06-12,000858,13:39:24,80.7300,55,1
2026-06-12,000858,13:39:27,80.6900,147,2
2026-06-12,000858,13:39:30,80.7300,95,1
2026-06-12,000858,13:39:33,80.6800,21,2
2026-06-12,000858,13:39:36,80.6800,20,2
2026-06-12,000858,13:39:39,80.6800,21,2
2026-06-12,000858,13:39:42,80.7000,66,1
2026-06-12,000858,13:39:45,80.7000,29,1
2026-06-12,000858,13:39:48,80.6900,49,2
2026-06-12,000858,13:39:51,80.6900,35,2
2026-06-12,000858,13:39:54,80.6900,25,2
2026-06-12,000858,13:39:57,80.6900,60,2
2026-06-12,000858,13:40:00,80.7000,103,1
2026-06-12,000858,13:40:03,80.6800,137,2
2026-06-12,000858,13:40:06,80.6500,196,2
2026-06-12,000858,13:40:09,80.6400,100,1
2026-06-12,000858,13:40:12,80.5600,296,2
2026-06-12,000858,13:40:15,80.5500,95,1
2026-06-12,000858,13:40:18,80.5000,17,2
2026-06-12,000858,13:40:21,80.6000,86,1
2026-06-12,000858,13:40:24,80.6000,49,2
2026-06-12,000858,13:40:27,80.5600,29,2
2026-06-12,000858,13:40:30,80.5600,14,2
2026-06-12,000858,13:40:33,80.5700,30,2
2026-06-12,000858,13:40:36,80.6000,10,1
2026-06-12,000858,13:40:39,80.5700,39,2
2026-06-12,000858,13:40:42,80.5700,300,1
2026-06-12,000858,13:40:45,80.5600,17,1
2026-06-12,000858,13:40:48,80.5300,38,2
2026-06-12,000858,13:40:51,80.5500,107,1
2026-06-12,000858,13:40:54,80.5200,39,2
2026-06-12,000858,13:40:57,80.5400,174,1
2026-06-12,000858,13:41:00,80.5400,28,4
2026-06-12,000858,13:41:03,80.5500,60,1
2026-06-12,000858,13:41:06,80.5600,29,1
2026-06-12,000858,13:41:09,80.5600,96,1
2026-06-12,000858,13:41:12,80.5600,58,2
2026-06-12,000858,13:41:15,80.5700,268,1
2026-06-12,000858,13:41:18,80.5600,96,1
2026-06-12,000858,13:41:21,80.5500,6,1
2026-06-12,000858,13:41:24,80.5600,51,1
2026-06-12,000858,13:41:27,80.5600,32,2
2026-06-12,000858,13:41:30,80.5600,31,2
2026-06-12,000858,13:41:33,80.5700,81,1
2026-06-12,000858,13:41:36,80.5900,15,1
2026-06-12,000858,13:41:39,80.5900,105,1
2026-06-12,000858,13:41:42,80.5800,22,2
2026-06-12,000858,13:41:45,80.5900,29,4
2026-06-12,000858,13:41:48,80.5600,326,2
2026-06-12,000858,13:41:51,80.5600,127,1
2026-06-12,000858,13:41:54,80.5200,16,2
2026-06-12,000858,13:41:57,80.5600,164,1
2026-06-12,000858,13:42:00,80.5000,97,2
2026-06-12,000858,13:42:03,80.5200,29,1
2026-06-12,000858,13:42:06,80.5300,90,1
2026-06-12,000858,13:42:09,80.5700,10,1
2026-06-12,000858,13:42:12,80.5700,38,2
2026-06-12,000858,13:42:15,80.5200,329,2
2026-06-12,000858,13:42:18,80.5000,35,2
2026-06-12,000858,13:42:21,80.5200,23,2
2026-06-12,000858,13:42:24,80.5200,140,1
2026-06-12,000858,13:42:27,80.5200,56,1
2026-06-12,000858,13:42:30,80.5200,53,1
2026-06-12,000858,13:42:33,80.5000,29,2
2026-06-12,000858,13:42:36,80.5000,29,1
2026-06-12,000858,13:42:39,80.4900,14,2
2026-06-12,000858,13:42:42,80.4900,62,2
2026-06-12,000858,13:42:45,80.4800,39,2
2026-06-12,000858,13:42:48,80.4800,24,2
2026-06-12,000858,13:42:51,80.4900,9,2
2026-06-12,000858,13:42:54,80.4900,34,2
2026-06-12,000858,13:42:57,80.5000,78,1
2026-06-12,000858,13:43:00,80.5000,105,2
2026-06-12,000858,13:43:03,80.5300,36,1
2026-06-12,000858,13:43:06,80.5100,19,2
2026-06-12,000858,13:43:09,80.5300,19,1
2026-06-12,000858,13:43:12,80.5400,24,1
2026-06-12,000858,13:43:15,80.5400,19,1
2026-06-12,000858,13:43:18,80.5100,13,2
2026-06-12,000858,13:43:21,80.5100,157,2
2026-06-12,000858,13:43:24,80.5200,222,2
2026-06-12,000858,13:43:27,80.4900,52,2
2026-06-12,000858,13:43:30,80.4900,70,2
2026-06-12,000858,13:43:33,80.4900,53,2
2026-06-12,000858,13:43:36,80.5000,46,4
2026-06-12,000858,13:43:39,80.5100,46,1
2026-06-12,000858,13:43:42,80.4900,49,2
2026-06-12,000858,13:43:45,80.5000,33,1
2026-06-12,000858,13:43:48,80.4900,8,2
2026-06-12,000858,13:43:51,80.4900,51,2
2026-06-12,000858,13:43:54,80.4800,65,2
2026-06-12,000858,13:43:57,80.4700,409,2
2026-06-12,000858,13:44:00,80.4500,156,2
2026-06-12,000858,13:44:03,80.4900,33,1
2026-06-12,000858,13:44:06,80.4800,10,2
2026-06-12,000858,13:44:09,80.4800,4,2
2026-06-12,000858,13:44:12,80.4800,54,2
2026-06-12,000858,13:44:15,80.4700,79,2
2026-06-12,000858,13:44:18,80.4600,13,2
2026-06-12,000858,13:44:21,80.4800,49,1
2026-06-12,000858,13:44:24,80.4600,20,2
2026-06-12,000858,13:44:27,80.4600,38,1
2026-06-12,000858,13:44:30,80.4600,18,1
2026-06-12,000858,13:44:33,80.4600,25,1
2026-06-12,000858,13:44:36,80.4600,72,2
2026-06-12,000858,13:44:39,80.4500,34,2
2026-06-12,000858,13:44:42,80.4600,92,1
2026-06-12,000858,13:44:45,80.4600,93,1
2026-06-12,000858,13:44:48,80.4600,32,1
2026-06-12,000858,13:44:51,80.4600,18,1
2026-06-12,000858,13:44:54,80.4600,87,1
2026-06-12,000858,13:44:57,80.4700,90,1
2026-06-12,000858,13:45:00,80.4800,48,1
2026-06-12,000858,13:45:03,80.4800,22,2
2026-06-12,000858,13:45:06,80.4800,18,2
2026-06-12,000858,13:45:09,80.4800,8,2
2026-06-12,000858,13:45:12,80.4800,50,2
2026-06-12,000858,13:45:15,80.4900,199,2
2026-06-12,000858,13:45:18,80.5400,218,1
2026-06-12,000858,13:45:21,80.5400,11,1
2026-06-12,000858,13:45:24,80.5700,24,1
2026-06-12,000858,13:45:27,80.5500,33,2
2026-06-12,000858,13:45:30,80.4700,166,2
2026-06-12,000858,13:45:33,80.5300,157,1
2026-06-12,000858,13:45:36,80.5300,4,1
2026-06-12,000858,13:45:39,80.5300,34,1
2026-06-12,000858,13:45:42,80.5500,39,1
2026-06-12,000858,13:45:45,80.5500,33,1
2026-06-12,000858,13:45:48,80.5500,13,1
2026-06-12,000858,13:45:51,80.5600,73,1
2026-06-12,000858,13:45:54,80.5800,56,1
2026-06-12,000858,13:45:57,80.5700,59,2
2026-06-12,000858,13:46:00,80.5700,72,2
2026-06-12,000858,13:46:03,80.5600,66,2
2026-06-12,000858,13:46:06,80.5200,32,2
2026-06-12,000858,13:46:09,80.5200,12,1
2026-06-12,000858,13:46:12,80.5300,9,1
2026-06-12,000858,13:46:15,80.5000,7,2
2026-06-12,000858,13:46:18,80.5200,21,1
2026-06-12,000858,13:46:21,80.5200,19,1
2026-06-12,000858,13:46:24,80.5200,16,1
2026-06-12,000858,13:46:27,80.5200,13,1
2026-06-12,000858,13:46:30,80.5300,49,1
2026-06-12,000858,13:46:33,80.5400,63,1
2026-06-12,000858,13:46:36,80.5300,15,2
2026-06-12,000858,13:46:39,80.5400,12,1
2026-06-12,000858,13:46:42,80.5400,52,1
2026-06-12,000858,13:46:45,80.5400,20,1
2026-06-12,000858,13:46:48,80.5400,21,1
2026-06-12,000858,13:46:51,80.5300,49,2
2026-06-12,000858,13:46:54,80.5300,153,1
2026-06-12,000858,13:46:57,80.5600,118,1
2026-06-12,000858,13:47:00,80.5100,15,2
2026-06-12,000858,13:47:06,80.4500,245,2
2026-06-12,000858,13:47:09,80.4400,17,2
2026-06-12,000858,13:47:12,80.4400,58,2
2026-06-12,000858,13:47:15,80.4400,39,2
2026-06-12,000858,13:47:18,80.4400,64,2
2026-06-12,000858,13:47:21,80.4300,36,2
2026-06-12,000858,13:47:24,80.3900,259,2
2026-06-12,000858,13:47:27,80.3800,18,2
2026-06-12,000858,13:47:30,80.4000,54,1
2026-06-12,000858,13:47:33,80.4000,51,1
2026-06-12,000858,13:47:36,80.3900,115,2
2026-06-12,000858,13:47:39,80.3700,23,2
2026-06-12,000858,13:47:42,80.3700,76,2
2026-06-12,000858,13:47:45,80.3600,82,2
2026-06-12,000858,13:47:48,80.3400,26,2
2026-06-12,000858,13:47:51,80.3300,72,2
2026-06-12,000858,13:47:54,80.3300,22,2
2026-06-12,000858,13:47:57,80.3300,128,2
2026-06-12,000858,13:48:00,80.3500,40,1
2026-06-12,000858,13:48:03,80.3200,90,2
2026-06-12,000858,13:48:06,80.3300,133,1
2026-06-12,000858,13:48:09,80.3200,460,2
2026-06-12,000858,13:48:12,80.3000,134,2
2026-06-12,000858,13:48:15,80.3300,146,1
2026-06-12,000858,13:48:18,80.3000,102,2
2026-06-12,000858,13:48:21,80.2900,59,4
2026-06-12,000858,13:48:24,80.2800,43,2
2026-06-12,000858,13:48:27,80.2700,75,2
2026-06-12,000858,13:48:30,80.2700,54,1
2026-06-12,000858,13:48:33,80.2700,81,2
2026-06-12,000858,13:48:36,80.2700,110,2
2026-06-12,000858,13:48:39,80.2700,30,1
2026-06-12,000858,13:48:42,80.2700,30,1
2026-06-12,000858,13:48:45,80.2700,63,1
2026-06-12,000858,13:48:48,80.2700,57,1
2026-06-12,000858,13:48:51,80.2600,69,2
2026-06-12,000858,13:48:54,80.2600,74,2
2026-06-12,000858,13:48:57,80.2800,20,1
2026-06-12,000858,13:49:00,80.2800,45,1
2026-06-12,000858,13:49:03,80.2600,68,2
2026-06-12,000858,13:49:06,80.2600,44,2
2026-06-12,000858,13:49:09,80.2700,52,1
2026-06-12,000858,13:49:12,80.2600,67,2
2026-06-12,000858,13:49:15,80.2500,98,2
2026-06-12,000858,13:49:18,80.2700,43,1
2026-06-12,000858,13:49:21,80.2600,14,1
2026-06-12,000858,13:49:24,80.2500,347,2
2026-06-12,000858,13:49:27,80.2700,40,1
2026-06-12,000858,13:49:30,80.2600,9,4
2026-06-12,000858,13:49:33,80.2500,26,2
2026-06-12,000858,13:49:36,80.2500,156,2
2026-06-12,000858,13:49:39,80.2500,25,2
2026-06-12,000858,13:49:42,80.2700,30,1
2026-06-12,000858,13:49:45,80.2500,127,2
2026-06-12,000858,13:49:48,80.2600,62,2
2026-06-12,000858,13:49:51,80.2500,70,4
2026-06-12,000858,13:49:54,80.2500,7,1
2026-06-12,000858,13:49:57,80.2300,15,2
2026-06-12,000858,13:50:00,80.2300,84,2
2026-06-12,000858,13:50:03,80.2300,30,2
2026-06-12,000858,13:50:06,80.2400,60,2
2026-06-12,000858,13:50:09,80.2400,48,2
2026-06-12,000858,13:50:12,80.2700,7,1
2026-06-12,000858,13:50:15,80.2400,32,2
2026-06-12,000858,13:50:18,80.2400,13,2
2026-06-12,000858,13:50:21,80.2500,87,2
2026-06-12,000858,13:50:24,80.2700,93,1
2026-06-12,000858,13:50:27,80.2900,59,1
2026-06-12,000858,13:50:30,80.2800,27,2
2026-06-12,000858,13:50:33,80.2900,24,1
2026-06-12,000858,13:50:36,80.3200,108,1
2026-06-12,000858,13:50:39,80.3000,12,2
2026-06-12,000858,13:50:42,80.3300,166,1
2026-06-12,000858,13:50:45,80.3100,74,2
2026-06-12,000858,13:50:48,80.3000,16,2
2026-06-12,000858,13:50:51,80.3000,36,2
2026-06-12,000858,13:50:54,80.3100,79,1
2026-06-12,000858,13:50:57,80.3000,32,2
2026-06-12,000858,13:51:00,80.3000,47,2
2026-06-12,000858,13:51:03,80.3000,25,2
2026-06-12,000858,13:51:06,80.3100,109,1
2026-06-12,000858,13:51:09,80.3000,41,1
2026-06-12,000858,13:51:12,80.3000,77,1
2026-06-12,000858,13:51:15,80.3000,45,2
2026-06-12,000858,13:51:18,80.3300,211,1
2026-06-12,000858,13:51:21,80.3300,50,2
2026-06-12,000858,13:51:24,80.3400,56,1
2026-06-12,000858,13:51:27,80.3500,26,1
2026-06-12,000858,13:51:30,80.3000,17,2
2026-06-12,000858,13:51:33,80.3000,33,2
2026-06-12,000858,13:51:36,80.3500,3,1
2026-06-12,000858,13:51:39,80.3100,50,2
2026-06-12,000858,13:51:42,80.3100,8,2
2026-06-12,000858,13:51:45,80.3000,7,2
2026-06-12,000858,13:51:48,80.2900,192,2
2026-06-12,000858,13:51:51,80.2700,51,2
2026-06-12,000858,13:51:54,80.3100,42,1
2026-06-12,000858,13:51:57,80.2600,19,2
2026-06-12,000858,13:52:00,80.2700,35,1
2026-06-12,000858,13:52:03,80.2900,41,1
2026-06-12,000858,13:52:06,80.2900,16,1
2026-06-12,000858,13:52:09,80.2900,19,1
2026-06-12,000858,13:52:12,80.2700,35,2
2026-06-12,000858,13:52:15,80.2700,60,1
2026-06-12,000858,13:52:18,80.2700,32,1
2026-06-12,000858,13:52:21,80.2600,79,2
2026-06-12,000858,13:52:24,80.2700,5,4
2026-06-12,000858,13:52:27,80.2900,44,1
2026-06-12,000858,13:52:30,80.2900,7,1
2026-06-12,000858,13:52:33,80.3100,39,1
2026-06-12,000858,13:52:36,80.3200,96,1
2026-06-12,000858,13:52:39,80.3100,191,2
2026-06-12,000858,13:52:42,80.3000,36,2
2026-06-12,000858,13:52:45,80.3300,78,1
2026-06-12,000858,13:52:48,80.3200,47,2
2026-06-12,000858,13:52:51,80.3100,76,2
2026-06-12,000858,13:52:54,80.2900,28,2
2026-06-12,000858,13:52:57,80.3000,3,1
2026-06-12,000858,13:53:00,80.3000,108,1
2026-06-12,000858,13:53:03,80.2800,20,2
2026-06-12,000858,13:53:06,80.2700,29,2
2026-06-12,000858,13:53:09,80.2800,22,2
2026-06-12,000858,13:53:12,80.2900,7,1
2026-06-12,000858,13:53:15,80.2800,285,2
2026-06-12,000858,13:53:18,80.2700,88,1
2026-06-12,000858,13:53:21,80.2700,22,1
2026-06-12,000858,13:53:24,80.2700,67,2
2026-06-12,000858,13:53:27,80.2800,86,1
2026-06-12,000858,13:53:30,80.2800,8,2
2026-06-12,000858,13:53:33,80.2800,23,2
2026-06-12,000858,13:53:36,80.2800,8,4
2026-06-12,000858,13:53:39,80.2800,66,2
2026-06-12,000858,13:53:42,80.2800,5,2
2026-06-12,000858,13:53:45,80.2900,72,2
2026-06-12,000858,13:53:48,80.3000,13,4
2026-06-12,000858,13:53:51,80.3100,38,1
2026-06-12,000858,13:53:54,80.3100,19,1
2026-06-12,000858,13:53:57,80.3200,21,1
2026-06-12,000858,13:54:00,80.3200,13,1
2026-06-12,000858,13:54:03,80.3200,36,1
2026-06-12,000858,13:54:06,80.3200,100,2
2026-06-12,000858,13:54:09,80.3100,41,2
2026-06-12,000858,13:54:12,80.3200,22,1
2026-06-12,000858,13:54:15,80.3200,15,4
2026-06-12,000858,13:54:18,80.3300,32,1
2026-06-12,000858,13:54:21,80.3000,5,2
2026-06-12,000858,13:54:24,80.3300,10,1
2026-06-12,000858,13:54:27,80.3300,18,1
2026-06-12,000858,13:54:30,80.3200,63,2
2026-06-12,000858,13:54:33,80.3500,41,1
2026-06-12,000858,13:54:36,80.3500,12,1
2026-06-12,000858,13:54:39,80.3600,25,1
2026-06-12,000858,13:54:42,80.3300,13,4
2026-06-12,000858,13:54:45,80.3300,13,2
2026-06-12,000858,13:54:48,80.3700,18,1
2026-06-12,000858,13:54:51,80.3400,51,2
2026-06-12,000858,13:54:54,80.3400,72,2
2026-06-12,000858,13:54:57,80.3400,27,1
2026-06-12,000858,13:55:00,80.3300,32,2
2026-06-12,000858,13:55:03,80.3500,19,1
2026-06-12,000858,13:55:06,80.3500,23,1
2026-06-12,000858,13:55:09,80.3400,43,2
2026-06-12,000858,13:55:12,80.3600,60,1
2026-06-12,000858,13:55:15,80.3700,19,1
2026-06-12,000858,13:55:18,80.3700,18,1
2026-06-12,000858,13:55:21,80.3700,13,1
2026-06-12,000858,13:55:24,80.3800,17,1
2026-06-12,000858,13:55:27,80.3900,44,1
2026-06-12,000858,13:55:30,80.3800,27,2
2026-06-12,000858,13:55:33,80.3900,19,1
2026-06-12,000858,13:55:36,80.3900,39,1
2026-06-12,000858,13:55:39,80.4000,36,1
2026-06-12,000858,13:55:42,80.4000,14,1
2026-06-12,000858,13:55:45,80.4000,175,1
2026-06-12,000858,13:55:48,80.4000,7,1
2026-06-12,000858,13:55:51,80.3800,13,2
2026-06-12,000858,13:55:54,80.3700,58,2
2026-06-12,000858,13:55:57,80.3700,41,2
2026-06-12,000858,13:56:00,80.3600,56,2
2026-06-12,000858,13:56:03,80.3500,78,2
2026-06-12,000858,13:56:06,80.3600,28,1
2026-06-12,000858,13:56:09,80.3500,39,2
2026-06-12,000858,13:56:12,80.3500,15,2
2026-06-12,000858,13:56:15,80.3600,106,1
2026-06-12,000858,13:56:18,80.3900,125,1
2026-06-12,000858,13:56:21,80.4000,45,1
2026-06-12,000858,13:56:24,80.3900,13,2
2026-06-12,000858,13:56:27,80.4000,47,1
2026-06-12,000858,13:56:30,80.3900,15,2
2026-06-12,000858,13:56:33,80.3900,50,2
2026-06-12,000858,13:56:36,80.3900,38,4
2026-06-12,000858,13:56:39,80.3800,26,2
2026-06-12,000858,13:56:42,80.3900,18,1
2026-06-12,000858,13:56:45,80.3900,20,1
2026-06-12,000858,13:56:48,80.3900,31,1
2026-06-12,000858,13:56:51,80.4100,209,1
2026-06-12,000858,13:56:54,80.4100,41,1
2026-06-12,000858,13:56:57,80.4300,13,1
2026-06-12,000858,13:57:00,80.4400,26,1
2026-06-12,000858,13:57:03,80.4400,51,1
2026-06-12,000858,13:57:06,80.4300,33,1
2026-06-12,000858,13:57:09,80.4300,26,1
2026-06-12,000858,13:57:12,80.4400,11,1
2026-06-12,000858,13:57:15,80.4200,81,2
2026-06-12,000858,13:57:18,80.4100,83,2
2026-06-12,000858,13:57:21,80.4200,67,1
2026-06-12,000858,13:57:24,80.4300,74,1
2026-06-12,000858,13:57:27,80.4300,16,1
2026-06-12,000858,13:57:30,80.4100,9,2
2026-06-12,000858,13:57:33,80.4300,36,1
2026-06-12,000858,13:57:36,80.4200,45,1
2026-06-12,000858,13:57:39,80.4000,31,2
2026-06-12,000858,13:57:42,80.4000,1,1
2026-06-12,000858,13:57:45,80.3900,45,2
2026-06-12,000858,13:57:48,80.3800,47,2
2026-06-12,000858,13:57:51,80.3800,34,2
2026-06-12,000858,13:57:54,80.3800,13,2
2026-06-12,000858,13:57:57,80.3800,33,2
2026-06-12,000858,13:58:00,80.3800,13,2
2026-06-12,000858,13:58:03,80.3900,78,1
2026-06-12,000858,13:58:06,80.3900,12,2
2026-06-12,000858,13:58:09,80.4000,42,1
2026-06-12,000858,13:58:12,80.4000,61,1
2026-06-12,000858,13:58:15,80.3900,10,2
2026-06-12,000858,13:58:18,80.4000,55,1
2026-06-12,000858,13:58:21,80.4000,10,1
2026-06-12,000858,13:58:24,80.3900,45,2
2026-06-12,000858,13:58:27,80.4000,39,1
2026-06-12,000858,13:58:30,80.3900,24,2
2026-06-12,000858,13:58:33,80.4000,62,1
2026-06-12,000858,13:58:36,80.4000,48,2
2026-06-12,000858,13:58:39,80.4300,53,1
2026-06-12,000858,13:58:42,80.4300,19,1
2026-06-12,000858,13:58:45,80.4200,34,4
2026-06-12,000858,13:58:48,80.4400,64,1
2026-06-12,000858,13:58:51,80.4400,76,1
2026-06-12,000858,13:58:54,80.4200,23,1
2026-06-12,000858,13:58:57,80.4300,35,2
2026-06-12,000858,13:59:00,80.4200,40,2
2026-06-12,000858,13:59:03,80.4300,83,1
2026-06-12,000858,13:59:06,80.4400,10,1
2026-06-12,000858,13:59:09,80.4400,49,1
2026-06-12,000858,13:59:12,80.4500,109,4
2026-06-12,000858,13:59:15,80.5000,40,1
2026-06-12,000858,13:59:18,80.5000,146,1
2026-06-12,000858,13:59:21,80.5000,51,2
2026-06-12,000858,13:59:24,80.5100,43,4
2026-06-12,000858,13:59:27,80.5000,16,2
2026-06-12,000858,13:59:30,80.5000,26,2
2026-06-12,000858,13:59:33,80.5200,50,1
2026-06-12,000858,13:59:36,80.5400,31,1
2026-06-12,000858,13:59:39,80.5300,90,2
2026-06-12,000858,13:59:42,80.5200,41,4
2026-06-12,000858,13:59:45,80.5100,54,1
2026-06-12,000858,13:59:48,80.5200,45,1
2026-06-12,000858,13:59:51,80.5300,100,1
2026-06-12,000858,13:59:54,80.5000,118,2
2026-06-12,000858,13:59:57,80.4900,11,2
2026-06-12,000858,14:00:00,80.4700,110,2
2026-06-12,000858,14:00:03,80.4500,155,2
2026-06-12,000858,14:00:06,80.4500,12,4
2026-06-12,000858,14:00:09,80.4300,46,2
2026-06-12,000858,14:00:12,80.4200,26,2
2026-06-12,000858,14:00:15,80.4100,23,2
2026-06-12,000858,14:00:18,80.4100,44,1
2026-06-12,000858,14:00:21,80.4000,59,2
2026-06-12,000858,14:00:24,80.4000,27,2
2026-06-12,000858,14:00:27,80.4000,41,2
2026-06-12,000858,14:00:30,80.3900,20,2
2026-06-12,000858,14:00:33,80.3900,7,2
2026-06-12,000858,14:00:36,80.3900,39,2
2026-06-12,000858,14:00:39,80.3900,86,2
2026-06-12,000858,14:00:42,80.4100,100,1
2026-06-12,000858,14:00:45,80.4000,47,2
2026-06-12,000858,14:00:48,80.4000,99,2
2026-06-12,000858,14:00:51,80.3900,44,2
2026-06-12,000858,14:00:54,80.3900,41,1
2026-06-12,000858,14:00:57,80.3900,36,2
2026-06-12,000858,14:01:00,80.3800,34,2
2026-06-12,000858,14:01:03,80.3800,65,2
2026-06-12,000858,14:01:06,80.3800,32,2
2026-06-12,000858,14:01:09,80.3900,68,2
2026-06-12,000858,14:01:12,80.4100,38,1
2026-06-12,000858,14:01:15,80.4100,61,4
2026-06-12,000858,14:01:18,80.4100,59,2
2026-06-12,000858,14:01:21,80.4100,13,2
2026-06-12,000858,14:01:24,80.4100,42,2
2026-06-12,000858,14:01:27,80.4000,1,1
2026-06-12,000858,14:01:30,80.3800,60,2
2026-06-12,000858,14:01:33,80.3700,8,2
2026-06-12,000858,14:01:36,80.3700,42,2
2026-06-12,000858,14:01:39,80.3800,7,2
2026-06-12,000858,14:01:42,80.4100,13,1
2026-06-12,000858,14:01:45,80.3700,6,2
2026-06-12,000858,14:01:48,80.3700,4,2
2026-06-12,000858,14:01:51,80.3700,4,2
2026-06-12,000858,14:01:54,80.3700,42,2
2026-06-12,000858,14:01:57,80.3800,17,2
2026-06-12,000858,14:02:00,80.4100,82,1
2026-06-12,000858,14:02:03,80.4000,33,2
2026-06-12,000858,14:02:06,80.4300,81,1
2026-06-12,000858,14:02:09,80.4200,26,4
2026-06-12,000858,14:02:12,80.4400,56,1
2026-06-12,000858,14:02:15,80.4200,2,4
2026-06-12,000858,14:02:18,80.4200,6,2
2026-06-12,000858,14:02:21,80.4200,6,1
2026-06-12,000858,14:02:24,80.4200,6,1
2026-06-12,000858,14:02:27,80.4100,24,2
2026-06-12,000858,14:02:30,80.4000,29,2
2026-06-12,000858,14:02:33,80.4000,58,2
2026-06-12,000858,14:02:36,80.3900,28,4
2026-06-12,000858,14:02:39,80.4000,120,1
2026-06-12,000858,14:02:42,80.3700,5,2
2026-06-12,000858,14:02:45,80.3700,29,2
2026-06-12,000858,14:02:48,80.3700,11,2
2026-06-12,000858,14:02:51,80.3700,42,2
2026-06-12,000858,14:02:54,80.3700,30,1
2026-06-12,000858,14:02:57,80.3700,3,2
2026-06-12,000858,14:03:00,80.3700,11,2
2026-06-12,000858,14:03:03,80.3700,69,2
2026-06-12,000858,14:03:06,80.3800,1,1
2026-06-12,000858,14:03:09,80.3700,48,2
2026-06-12,000858,14:03:12,80.3700,18,1
2026-06-12,000858,14:03:15,80.3700,8,1
2026-06-12,000858,14:03:18,80.3600,50,2
2026-06-12,000858,14:03:21,80.3600,21,2
2026-06-12,000858,14:03:24,80.3600,11,2
2026-06-12,000858,14:03:27,80.3500,30,2
2026-06-12,000858,14:03:30,80.3500,163,2
2026-06-12,000858,14:03:33,80.3500,20,2
2026-06-12,000858,14:03:36,80.3300,69,2
2026-06-12,000858,14:03:39,80.3300,124,2
2026-06-12,000858,14:03:42,80.2900,10,2
2026-06-12,000858,14:03:45,80.2900,5,2
2026-06-12,000858,14:03:48,80.2900,18,2
2026-06-12,000858,14:03:51,80.2800,96,2
2026-06-12,000858,14:03:54,80.2900,60,1
2026-06-12,000858,14:03:57,80.2900,26,1
2026-06-12,000858,14:04:00,80.2900,9,1
2026-06-12,000858,14:04:03,80.2900,40,1
2026-06-12,000858,14:04:06,80.2900,142,1
2026-06-12,000858,14:04:09,80.3200,86,1
2026-06-12,000858,14:04:12,80.3300,103,1
2026-06-12,000858,14:04:15,80.3200,69,2
2026-06-12,000858,14:04:18,80.3200,22,2
2026-06-12,000858,14:04:21,80.3200,27,2
2026-06-12,000858,14:04:24,80.3300,41,1
2026-06-12,000858,14:04:27,80.3200,73,2
2026-06-12,000858,14:04:30,80.3200,59,2
2026-06-12,000858,14:04:33,80.3200,6,1
2026-06-12,000858,14:04:36,80.3200,16,2
2026-06-12,000858,14:04:39,80.3300,12,1
2026-06-12,000858,14:04:42,80.3200,31,2
2026-06-12,000858,14:04:45,80.3300,9,1
2026-06-12,000858,14:04:48,80.3300,24,1
2026-06-12,000858,14:04:51,80.3200,5,2
2026-06-12,000858,14:04:54,80.3300,13,1
2026-06-12,000858,14:04:57,80.3200,13,2
2026-06-12,000858,14:05:00,80.3200,8,2
2026-06-12,000858,14:05:03,80.3300,18,1
2026-06-12,000858,14:05:06,80.3100,98,2
2026-06-12,000858,14:05:09,80.3200,17,4
2026-06-12,000858,14:05:12,80.3100,26,2
2026-06-12,000858,14:05:15,80.3100,175,1
2026-06-12,000858,14:05:18,80.2900,78,2
2026-06-12,000858,14:05:21,80.2900,54,2
2026-06-12,000858,14:05:24,80.3100,14,1
2026-06-12,000858,14:05:27,80.3000,139,1
2026-06-12,000858,14:05:30,80.3000,29,2
2026-06-12,000858,14:05:33,80.2900,27,2
2026-06-12,000858,14:05:36,80.3000,46,2
2026-06-12,000858,14:05:39,80.3000,67,1
2026-06-12,000858,14:05:42,80.3000,18,1
2026-06-12,000858,14:05:45,80.3000,80,1
2026-06-12,000858,14:05:48,80.3000,25,2
2026-06-12,000858,14:05:51,80.3100,100,1
2026-06-12,000858,14:05:54,80.3100,5,2
2026-06-12,000858,14:05:57,80.3000,27,2
2026-06-12,000858,14:06:00,80.3000,43,2
2026-06-12,000858,14:06:03,80.3100,7,1
2026-06-12,000858,14:06:06,80.3100,87,1
2026-06-12,000858,14:06:09,80.3200,9,1
2026-06-12,000858,14:06:12,80.3100,164,2
2026-06-12,000858,14:06:15,80.3200,15,1
2026-06-12,000858,14:06:18,80.3200,25,1
2026-06-12,000858,14:06:21,80.3200,58,2
2026-06-12,000858,14:06:24,80.3300,13,1
2026-06-12,000858,14:06:27,80.3400,60,1
2026-06-12,000858,14:06:30,80.3300,12,2
2026-06-12,000858,14:06:33,80.3400,28,1
2026-06-12,000858,14:06:36,80.3300,66,2
2026-06-12,000858,14:06:39,80.3400,16,1
2026-06-12,000858,14:06:42,80.3400,5,2
2026-06-12,000858,14:06:45,80.3500,25,1
2026-06-12,000858,10:56:42,79.8000,49,1
2026-06-12,000858,10:56:45,79.7900,108,2
2026-06-12,000858,10:56:48,79.8000,86,1
2026-06-12,000858,10:56:51,79.8100,49,1
2026-06-12,000858,10:56:54,79.7900,42,2
2026-06-12,000858,10:56:57,79.8100,25,1
2026-06-12,000858,10:57:00,79.8000,54,2
2026-06-12,000858,10:57:03,79.8000,40,2
2026-06-12,000858,10:57:06,79.8000,70,2
2026-06-12,000858,10:57:09,79.8000,107,1
2026-06-12,000858,10:57:12,79.7900,42,2
2026-06-12,000858,10:57:15,79.7900,47,1
2026-06-12,000858,10:57:18,79.7800,11,4
2026-06-12,000858,10:57:21,79.7700,13,2
2026-06-12,000858,10:57:24,79.7500,69,2
2026-06-12,000858,10:57:27,79.7600,8,1
2026-06-12,000858,10:57:30,79.7400,11,2
2026-06-12,000858,10:57:33,79.7300,21,2
2026-06-12,000858,10:57:36,79.7300,40,1
2026-06-12,000858,10:57:39,79.7300,44,2
2026-06-12,000858,10:57:42,79.7100,31,2
2026-06-12,000858,10:57:45,79.7200,13,1
2026-06-12,000858,10:57:48,79.7000,52,2
2026-06-12,000858,10:57:51,79.6800,6,2
2026-06-12,000858,10:57:54,79.6900,41,1
2026-06-12,000858,10:57:57,79.7000,58,1
2026-06-12,000858,10:58:00,79.6800,76,2
2026-06-12,000858,10:58:03,79.6900,193,1
2026-06-12,000858,10:58:06,79.6900,111,2
2026-06-12,000858,10:58:09,79.6900,28,2
2026-06-12,000858,10:58:12,79.6800,41,2
2026-06-12,000858,10:58:15,79.6900,19,1
2026-06-12,000858,10:58:18,79.6900,52,1
2026-06-12,000858,10:58:21,79.6900,10,2
2026-06-12,000858,10:58:24,79.6800,9,2
2026-06-12,000858,10:58:27,79.6900,47,1
2026-06-12,000858,10:58:30,79.6800,13,2
2026-06-12,000858,10:58:33,79.6900,27,1
2026-06-12,000858,10:58:36,79.6800,27,2
2026-06-12,000858,10:58:39,79.6800,58,2
2026-06-12,000858,10:58:42,79.7000,37,1
2026-06-12,000858,10:58:45,79.7000,4,2
2026-06-12,000858,10:58:48,79.7100,23,1
2026-06-12,000858,10:58:51,79.6900,99,2
2026-06-12,000858,10:58:54,79.6900,82,1
2026-06-12,000858,10:58:57,79.6900,16,1
2026-06-12,000858,10:59:00,79.6900,54,1
2026-06-12,000858,10:59:03,79.7400,169,1
2026-06-12,000858,10:59:06,79.7500,43,1
2026-06-12,000858,10:59:09,79.7700,22,1
2026-06-12,000858,10:59:12,79.7700,31,1
2026-06-12,000858,10:59:15,79.7700,19,1
2026-06-12,000858,10:59:18,79.7600,15,2
2026-06-12,000858,10:59:21,79.7700,4,1
2026-06-12,000858,10:59:24,79.7600,21,2
2026-06-12,000858,10:59:27,79.7700,58,1
2026-06-12,000858,10:59:30,79.7800,5,1
2026-06-12,000858,10:59:33,79.7700,5,2
2026-06-12,000858,10:59:36,79.7800,59,1
2026-06-12,000858,10:59:39,79.7700,57,2
2026-06-12,000858,10:59:42,79.7600,19,2
2026-06-12,000858,10:59:45,79.7600,3,1
2026-06-12,000858,10:59:48,79.7800,328,1
2026-06-12,000858,10:59:51,79.7800,57,1
2026-06-12,000858,10:59:54,79.7800,103,2
2026-06-12,000858,10:59:57,79.7700,48,2
2026-06-12,000858,11:00:00,79.8000,31,1
2026-06-12,000858,11:00:03,79.7900,25,2
2026-06-12,000858,11:00:06,79.7800,53,2
2026-06-12,000858,11:00:09,79.7900,46,1
2026-06-12,000858,11:00:12,79.8200,83,1
2026-06-12,000858,11:00:15,79.8000,46,2
2026-06-12,000858,11:00:18,79.8000,25,1
2026-06-12,000858,11:00:21,79.8000,69,1
2026-06-12,000858,11:00:24,79.8300,131,1
2026-06-12,000858,11:00:27,79.8400,64,1
2026-06-12,000858,11:00:30,79.8500,106,1
2026-06-12,000858,11:00:33,79.8400,110,2
2026-06-12,000858,11:00:36,79.8500,97,2
2026-06-12,000858,11:00:39,79.8800,78,1
2026-06-12,000858,11:00:42,79.8500,82,1
2026-06-12,000858,11:00:45,79.8500,76,1
2026-06-12,000858,11:00:48,79.8300,146,2
2026-06-12,000858,11:00:51,79.8300,76,2
2026-06-12,000858,11:00:54,79.8200,42,2
2026-06-12,000858,11:00:57,79.8400,67,1
2026-06-12,000858,11:01:00,79.8700,140,1
2026-06-12,000858,11:01:03,79.8300,17,2
2026-06-12,000858,11:01:06,79.8300,109,1
2026-06-12,000858,11:01:09,79.8300,19,1
2026-06-12,000858,11:01:12,79.8700,60,1
2026-06-12,000858,11:01:15,79.8700,23,2
2026-06-12,000858,11:01:18,79.8800,63,1
2026-06-12,000858,11:01:21,79.8700,39,2
2026-06-12,000858,11:01:24,79.8400,114,2
2026-06-12,000858,11:01:27,79.8400,19,2
2026-06-12,000858,11:01:30,79.8400,103,2
2026-06-12,000858,11:01:33,79.7900,83,2
2026-06-12,000858,11:01:36,79.8100,31,1
2026-06-12,000858,11:01:39,79.7700,28,2
2026-06-12,000858,11:01:42,79.7700,15,1
2026-06-12,000858,11:01:45,79.7700,26,1
2026-06-12,000858,11:01:48,79.7600,31,2
2026-06-12,000858,11:01:51,79.7700,280,1
2026-06-12,000858,11:01:54,79.7800,126,1
2026-06-12,000858,11:01:57,79.7900,52,1
2026-06-12,000858,11:02:00,79.7800,126,2
2026-06-12,000858,11:02:03,79.7900,34,1
2026-06-12,000858,11:02:06,79.8000,126,1
2026-06-12,000858,11:02:09,79.8000,20,2
2026-06-12,000858,11:02:12,79.8400,269,1
2026-06-12,000858,11:02:15,79.8500,128,1
2026-06-12,000858,11:02:18,79.8700,67,1
2026-06-12,000858,11:02:21,79.8900,156,1
2026-06-12,000858,11:02:24,79.8900,37,1
2026-06-12,000858,11:02:27,79.8900,23,2
2026-06-12,000858,11:02:30,79.8900,6,1
2026-06-12,000858,11:02:33,79.8900,332,1
2026-06-12,000858,11:02:36,79.8900,84,1
2026-06-12,000858,11:02:39,79.8900,54,2
2026-06-12,000858,11:02:42,79.8800,59,2
2026-06-12,000858,11:02:45,79.8800,216,2
2026-06-12,000858,11:02:48,79.8900,141,1
2026-06-12,000858,11:02:51,79.8800,40,2
2026-06-12,000858,11:02:54,79.8900,67,1
2026-06-12,000858,11:02:57,79.8900,41,1
2026-06-12,000858,11:03:00,79.8700,135,2
2026-06-12,000858,11:03:03,79.8800,74,2
2026-06-12,000858,11:03:06,79.8800,124,2
2026-06-12,000858,11:03:09,79.8700,127,2
2026-06-12,000858,11:03:12,79.8900,25,2
2026-06-12,000858,11:03:15,79.9100,48,1
2026-06-12,000858,11:03:18,79.9100,48,1
2026-06-12,000858,11:03:21,79.9100,58,1
2026-06-12,000858,11:03:24,79.8900,9,2
2026-06-12,000858,11:03:27,79.8800,66,2
2026-06-12,000858,11:03:30,79.8800,233,2
2026-06-12,000858,11:03:33,79.9000,109,1
2026-06-12,000858,11:03:36,79.9100,170,1
2026-06-12,000858,11:03:39,79.9100,39,1
2026-06-12,000858,11:03:42,79.9100,29,1
2026-06-12,000858,11:03:45,79.9100,38,1
2026-06-12,000858,11:03:48,79.9000,13,2
2026-06-12,000858,11:03:51,79.9000,13,2
2026-06-12,000858,11:03:54,79.9000,10,2
2026-06-12,000858,11:03:57,79.9100,44,1
2026-06-12,000858,11:04:00,79.9000,70,2
2026-06-12,000858,11:04:03,79.8900,44,2
2026-06-12,000858,11:04:06,79.8900,36,2
2026-06-12,000858,11:04:09,79.9000,54,1
2026-06-12,000858,11:04:12,79.9000,26,1
2026-06-12,000858,11:04:15,79.8800,267,2
2026-06-12,000858,11:04:18,79.8900,27,1
2026-06-12,000858,11:04:21,79.8800,89,2
2026-06-12,000858,11:04:24,79.8800,30,1
2026-06-12,000858,11:04:27,79.8800,30,1
2026-06-12,000858,11:04:30,79.8700,480,2
2026-06-12,000858,11:04:33,79.8700,51,2
2026-06-12,000858,11:04:36,79.8500,19,2
2026-06-12,000858,11:04:39,79.8700,137,1
2026-06-12,000858,11:04:42,79.8700,359,1
2026-06-12,000858,11:04:45,79.8600,145,2
2026-06-12,000858,11:04:48,79.8300,30,2
2026-06-12,000858,11:04:51,79.8500,10,1
2026-06-12,000858,11:04:54,79.8500,30,1
2026-06-12,000858,11:04:57,79.8400,74,2
2026-06-12,000858,11:05:00,79.8500,66,1
2026-06-12,000858,11:05:03,79.8600,85,1
2026-06-12,000858,11:05:06,79.9400,334,1
2026-06-12,000858,11:05:09,80.0000,951,1
2026-06-12,000858,11:05:12,80.0200,271,1
2026-06-12,000858,11:05:15,80.0200,7,2
2026-06-12,000858,11:05:18,80.0600,538,1
2026-06-12,000858,11:05:21,80.1000,61,1
2026-06-12,000858,11:05:24,80.1100,258,1
2026-06-12,000858,11:05:27,80.1400,579,1
2026-06-12,000858,11:05:30,80.2000,95,1
2026-06-12,000858,11:05:33,80.2000,44,1
2026-06-12,000858,11:05:36,80.2300,52,1
2026-06-12,000858,11:05:39,80.2500,166,1
2026-06-12,000858,11:05:42,80.2500,478,2
2026-06-12,000858,11:05:45,80.2200,259,2
2026-06-12,000858,11:05:48,80.2300,45,1
2026-06-12,000858,11:05:51,80.2400,541,1
2026-06-12,000858,11:05:54,80.2000,25,2
2026-06-12,000858,11:05:57,80.1700,168,2
2026-06-12,000858,11:06:00,80.1800,546,1
2026-06-12,000858,11:06:03,80.1900,20,2
2026-06-12,000858,11:06:06,80.1900,51,2
2026-06-12,000858,11:06:09,80.1800,18,4
2026-06-12,000858,11:06:12,80.1700,28,4
2026-06-12,000858,11:06:15,80.1500,29,2
2026-06-12,000858,11:06:18,80.1500,30,1
2026-06-12,000858,11:06:21,80.1300,555,2
2026-06-12,000858,11:06:24,80.1400,29,1
2026-06-12,000858,11:06:27,80.1400,81,2
2026-06-12,000858,11:06:30,80.1400,617,2
2026-06-12,000858,11:06:33,80.1400,46,2
2026-06-12,000858,11:06:36,80.1500,32,2
2026-06-12,000858,11:06:39,80.2100,45,1
2026-06-12,000858,11:06:42,80.1500,53,1
2026-06-12,000858,11:06:45,80.1400,53,2
2026-06-12,000858,11:06:48,80.1400,44,1
2026-06-12,000858,11:06:51,80.1300,27,2
2026-06-12,000858,11:06:54,80.1200,15,2
2026-06-12,000858,11:06:57,80.1200,19,2
2026-06-12,000858,11:07:00,80.1100,32,2
2026-06-12,000858,11:07:03,80.1800,836,1
2026-06-12,000858,11:07:06,80.1700,21,2
2026-06-12,000858,11:07:09,80.1700,12,2
2026-06-12,000858,11:07:12,80.2000,79,1
2026-06-12,000858,11:07:15,80.2100,93,1
2026-06-12,000858,11:07:18,80.2000,62,2
2026-06-12,000858,11:07:21,80.2000,64,1
2026-06-12,000858,11:07:24,80.2000,140,1
2026-06-12,000858,11:07:27,80.2200,13,1
2026-06-12,000858,11:07:30,80.2000,45,2
2026-06-12,000858,11:07:33,80.2000,17,2
2026-06-12,000858,11:07:36,80.2100,68,1
2026-06-12,000858,11:07:39,80.2000,99,1
2026-06-12,000858,11:07:42,80.1900,21,2
2026-06-12,000858,11:07:45,80.1900,4,1
2026-06-12,000858,11:07:48,80.1800,26,4
2026-06-12,000858,11:07:51,80.1700,33,2
2026-06-12,000858,11:07:54,80.1500,58,2
2026-06-12,000858,11:07:57,80.1500,9,1
2026-06-12,000858,11:08:00,80.1300,54,2
2026-06-12,000858,11:08:03,80.1300,45,2
2026-06-12,000858,11:08:06,80.1300,236,1
2026-06-12,000858,11:08:09,80.1300,66,1
2026-06-12,000858,11:08:12,80.1200,86,2
2026-06-12,000858,11:08:15,80.1300,35,1
2026-06-12,000858,11:08:18,80.1300,43,2
2026-06-12,000858,11:08:21,80.1400,18,2
2026-06-12,000858,11:08:24,80.1700,109,1
2026-06-12,000858,11:08:27,80.1900,13,1
2026-06-12,000858,11:08:30,80.2100,300,1
2026-06-12,000858,11:08:33,80.2500,311,1
2026-06-12,000858,11:08:36,80.2500,61,1
2026-06-12,000858,11:08:39,80.2700,79,1
2026-06-12,000858,11:08:42,80.2700,54,2
2026-06-12,000858,11:08:45,80.2700,251,2
2026-06-12,000858,11:08:48,80.2700,120,2
2026-06-12,000858,11:08:51,80.2700,69,1
2026-06-12,000858,11:08:54,80.2600,36,2
2026-06-12,000858,11:08:57,80.2700,353,1
2026-06-12,000858,11:09:00,80.2700,68,2
2026-06-12,000858,11:09:03,80.2700,59,1
2026-06-12,000858,11:09:06,80.2700,42,1
2026-06-12,000858,11:09:09,80.2700,72,2
2026-06-12,000858,11:09:12,80.2700,152,2
2026-06-12,000858,11:09:15,80.3300,792,1
2026-06-12,000858,11:09:18,80.3100,439,2
2026-06-12,000858,11:09:21,80.3400,85,1
2026-06-12,000858,11:09:24,80.3200,34,2
2026-06-12,000858,11:09:27,80.3100,24,2
2026-06-12,000858,11:09:30,80.3300,22,1
2026-06-12,000858,11:09:33,80.2900,123,2
2026-06-12,000858,11:09:36,80.2900,3,1
2026-06-12,000858,11:09:39,80.2700,41,2
2026-06-12,000858,11:09:42,80.2700,19,1
2026-06-12,000858,11:09:45,80.2500,19,2
2026-06-12,000858,11:09:48,80.2500,12,2
2026-06-12,000858,11:09:51,80.2500,45,1
2026-06-12,000858,11:09:54,80.2400,25,2
2026-06-12,000858,11:09:57,80.2200,10,2
2026-06-12,000858,11:10:00,80.2200,3,4
2026-06-12,000858,11:10:03,80.2100,48,2
2026-06-12,000858,11:10:06,80.2000,13,2
2026-06-12,000858,11:10:09,80.2000,20,2
2026-06-12,000858,11:10:12,80.2000,73,2
2026-06-12,000858,11:10:15,80.2000,153,1
2026-06-12,000858,11:10:18,80.1900,27,2
2026-06-12,000858,11:10:21,80.1800,24,2
2026-06-12,000858,11:10:24,80.1700,2,1
2026-06-12,000858,11:10:27,80.1600,30,2
2026-06-12,000858,11:10:30,80.1800,98,1
2026-06-12,000858,11:10:33,80.1600,118,2
2026-06-12,000858,11:10:36,80.1600,184,2
2026-06-12,000858,11:10:39,80.1600,20,2
2026-06-12,000858,11:10:42,80.1600,13,2
2026-06-12,000858,11:10:45,80.1500,134,2
2026-06-12,000858,11:10:48,80.1500,41,2
2026-06-12,000858,11:10:51,80.1400,20,2
2026-06-12,000858,11:10:54,80.1300,12,2
2026-06-12,000858,11:10:57,80.1300,11,2
2026-06-12,000858,11:11:00,80.1300,17,2
2026-06-12,000858,11:11:03,80.1300,32,2
2026-06-12,000858,11:11:06,80.1200,9,2
2026-06-12,000858,11:11:09,80.1200,101,2
2026-06-12,000858,11:11:12,80.1200,25,1
2026-06-12,000858,11:11:15,80.1100,23,2
2026-06-12,000858,11:11:18,80.1000,7,2
2026-06-12,000858,11:11:21,80.0900,8,2
2026-06-12,000858,11:11:24,80.0900,17,2
2026-06-12,000858,11:11:27,80.0900,27,2
2026-06-12,000858,11:11:30,80.0800,8,2
2026-06-12,000858,11:11:33,80.0800,8,2
2026-06-12,000858,11:11:36,80.0800,36,1
2026-06-12,000858,11:11:39,80.0800,81,1
2026-06-12,000858,11:11:42,80.0900,231,1
2026-06-12,000858,11:11:45,80.0900,66,1
2026-06-12,000858,11:11:48,80.0800,60,2
2026-06-12,000858,11:11:51,80.0800,104,2
2026-06-12,000858,11:11:54,80.0800,7,1
2026-06-12,000858,11:11:57,80.0700,3,2
2026-06-12,000858,11:12:00,80.0800,23,1
2026-06-12,000858,11:12:03,80.0700,50,2
2026-06-12,000858,11:12:06,80.0700,26,1
2026-06-12,000858,11:12:09,80.0500,1,2
2026-06-12,000858,11:12:12,80.0500,3,2
2026-06-12,000858,11:12:15,80.0500,73,2
2026-06-12,000858,11:12:18,80.0500,13,2
2026-06-12,000858,11:12:21,80.0700,92,1
2026-06-12,000858,11:12:24,80.0700,252,1
2026-06-12,000858,11:12:27,80.0700,11,1
2026-06-12,000858,11:12:30,80.0800,27,1
2026-06-12,000858,11:12:33,80.0900,24,1
2026-06-12,000858,11:12:36,80.1000,5,1
2026-06-12,000858,11:12:39,80.1000,46,1
2026-06-12,000858,11:12:42,80.1000,35,1
2026-06-12,000858,11:12:45,80.1000,59,1
2026-06-12,000858,11:12:48,80.0900,19,2
2026-06-12,000858,11:12:51,80.1000,25,1
2026-06-12,000858,11:12:54,80.0900,9,2
2026-06-12,000858,11:12:57,80.0900,30,2
2026-06-12,000858,11:13:00,80.0900,6,1
2026-06-12,000858,11:13:03,80.1000,31,1
2026-06-12,000858,11:13:06,80.0900,8,2
2026-06-12,000858,11:13:09,80.1100,59,1
2026-06-12,000858,11:13:12,80.1100,36,2
2026-06-12,000858,11:13:15,80.1000,86,2
2026-06-12,000858,11:13:18,80.1000,44,2
2026-06-12,000858,11:13:21,80.1000,103,1
2026-06-12,000858,11:13:24,80.1000,2,1
2026-06-12,000858,11:13:27,80.0800,51,2
2026-06-12,000858,11:13:30,80.0800,35,2
2026-06-12,000858,11:13:33,80.0900,116,1
2026-06-12,000858,11:13:36,80.1000,161,1
2026-06-12,000858,11:13:39,80.1100,86,2
2026-06-12,000858,11:13:42,80.1100,62,2
2026-06-12,000858,11:13:45,80.1100,27,1
2026-06-12,000858,11:13:48,80.1100,27,1
2026-06-12,000858,11:13:51,80.1000,53,4
2026-06-12,000858,11:13:54,80.0900,63,2
2026-06-12,000858,11:13:57,80.1200,53,1
2026-06-12,000858,11:14:00,80.1100,57,2
2026-06-12,000858,11:14:03,80.1200,38,1
2026-06-12,000858,11:14:06,80.1200,21,2
2026-06-12,000858,11:14:09,80.1300,35,1
2026-06-12,000858,11:14:12,80.1300,23,2
2026-06-12,000858,11:14:15,80.1300,34,1
2026-06-12,000858,11:14:18,80.1200,53,2
2026-06-12,000858,11:14:21,80.1100,6,4
2026-06-12,000858,11:14:24,80.1000,18,2
2026-06-12,000858,11:14:27,80.0900,59,2
2026-06-12,000858,11:14:30,80.1000,10,1
2026-06-12,000858,11:14:33,80.1000,51,1
2026-06-12,000858,11:14:36,80.0900,48,2
2026-06-12,000858,11:14:39,80.0900,8,2
2026-06-12,000858,11:14:42,80.1000,33,1
2026-06-12,000858,11:14:45,80.1000,29,2
2026-06-12,000858,11:14:48,80.0900,31,2
2026-06-12,000858,11:14:51,80.1000,31,1
2026-06-12,000858,11:14:54,80.1000,8,2
2026-06-12,000858,11:14:57,80.1000,36,2
2026-06-12,000858,11:15:00,80.1200,90,1
2026-06-12,000858,11:15:03,80.1300,10,1
2026-06-12,000858,11:15:06,80.1100,27,2
2026-06-12,000858,11:15:09,80.1100,13,2
2026-06-12,000858,11:15:12,80.1100,15,2
2026-06-12,000858,11:15:15,80.1100,5,2
2026-06-12,000858,11:15:18,80.1100,20,2
2026-06-12,000858,11:15:21,80.1000,28,2
2026-06-12,000858,11:15:24,80.1000,49,2
2026-06-12,000858,11:15:27,80.1000,52,2
2026-06-12,000858,11:15:30,80.1000,31,1
2026-06-12,000858,11:15:33,80.1000,12,1
2026-06-12,000858,11:15:36,80.0900,21,2
2026-06-12,000858,11:15:39,80.1000,36,1
2026-06-12,000858,11:15:42,80.1000,19,2
2026-06-12,000858,11:15:45,80.1000,20,1
2026-06-12,000858,11:15:48,80.0900,16,2
2026-06-12,000858,11:15:51,80.0800,39,2
2026-06-12,000858,11:15:54,80.0700,20,2
2026-06-12,000858,11:15:57,80.0800,11,1
2026-06-12,000858,11:16:00,80.0700,40,2
2026-06-12,000858,11:16:03,80.0600,3,2
2026-06-12,000858,11:16:06,80.0500,32,2
2026-06-12,000858,11:16:09,80.0400,12,2
2026-06-12,000858,11:16:12,80.0500,10,1
2026-06-12,000858,11:16:15,80.0500,65,1
2026-06-12,000858,11:16:18,80.0600,10,4
2026-06-12,000858,11:16:21,80.0600,10,2
2026-06-12,000858,11:16:24,80.0400,9,2
2026-06-12,000858,11:16:27,80.0400,53,2
2026-06-12,000858,11:16:30,80.0400,59,2
2026-06-12,000858,11:16:33,80.0300,39,2
2026-06-12,000858,11:16:36,80.0300,54,2
2026-06-12,000858,11:16:39,80.0200,8,2
2026-06-12,000858,11:16:42,80.0200,31,2
2026-06-12,000858,11:16:45,80.0200,25,2
2026-06-12,000858,11:16:48,80.0400,28,1
2026-06-12,000858,11:16:51,80.0300,28,4
2026-06-12,000858,11:16:54,80.0100,40,2
2026-06-12,000858,11:16:57,80.0000,58,2
2026-06-12,000858,11:17:00,80.0100,25,1
2026-06-12,000858,11:17:03,80.0000,182,2
2026-06-12,000858,11:17:06,79.9900,10,2
2026-06-12,000858,11:17:09,79.9900,5,2
2026-06-12,000858,11:17:12,79.9900,27,2
2026-06-12,000858,11:17:15,80.0100,311,1
2026-06-12,000858,11:17:18,80.0100,10,2
2026-06-12,000858,11:17:21,80.0100,24,2
2026-06-12,000858,11:17:24,80.0100,25,2
2026-06-12,000858,11:17:27,80.0200,45,1
2026-06-12,000858,11:17:30,80.0200,9,2
2026-06-12,000858,11:17:33,80.0100,28,2
2026-06-12,000858,11:17:36,80.0200,6,2
2026-06-12,000858,11:17:39,80.0100,3,2
2026-06-12,000858,11:17:45,80.0100,60,1
2026-06-12,000858,11:17:48,80.0000,27,2
2026-06-12,000858,11:17:51,80.0000,26,2
2026-06-12,000858,11:17:54,80.0100,2,1
2026-06-12,000858,11:17:57,80.0000,32,2
2026-06-12,000858,11:18:00,80.0000,21,2
2026-06-12,000858,11:18:03,80.0000,25,2
2026-06-12,000858,11:18:06,79.9900,2,2
2026-06-12,000858,11:18:09,80.0000,13,1
2026-06-12,000858,11:18:12,79.9800,23,2
2026-06-12,000858,11:18:15,80.0000,65,1
2026-06-12,000858,11:18:18,79.9900,44,2
2026-06-12,000858,11:18:21,79.9900,21,1
2026-06-12,000858,11:18:24,79.9900,5,1
2026-06-12,000858,11:18:27,80.0000,128,1
2026-06-12,000858,11:18:30,80.0100,31,1
2026-06-12,000858,11:18:33,80.0000,24,2
2026-06-12,000858,11:18:36,80.0000,39,2
2026-06-12,000858,11:18:39,80.0000,10,1
2026-06-12,000858,11:18:42,80.0000,55,2
2026-06-12,000858,11:18:45,80.0000,5,1
2026-06-12,000858,11:18:48,79.9900,212,2
2026-06-12,000858,11:18:51,80.0000,145,2
2026-06-12,000858,11:18:54,80.0200,142,1
2026-06-12,000858,11:18:57,80.0200,35,1
2026-06-12,000858,11:19:00,80.0100,20,2
2026-06-12,000858,11:19:03,80.0100,9,2
2026-06-12,000858,11:19:06,80.0200,11,1
2026-06-12,000858,11:19:09,80.0100,21,2
2026-06-12,000858,11:19:12,80.0100,6,1
2026-06-12,000858,11:19:15,80.0100,9,1
2026-06-12,000858,11:19:18,80.0000,115,2
2026-06-12,000858,11:19:21,80.0000,9,2
2026-06-12,000858,11:19:24,80.0100,34,1
2026-06-12,000858,11:19:27,79.9900,79,2
2026-06-12,000858,11:19:30,80.0000,31,1
2026-06-12,000858,11:19:33,80.0000,14,1
2026-06-12,000858,11:19:36,79.9900,7,2
2026-06-12,000858,11:19:39,79.9900,14,1
2026-06-12,000858,11:19:42,79.9900,120,1
2026-06-12,000858,11:19:45,79.9800,26,2
2026-06-12,000858,11:19:48,79.9800,10,2
2026-06-12,000858,11:19:51,79.9700,18,2
2026-06-12,000858,11:19:54,79.9800,5,1
2026-06-12,000858,11:19:57,79.9500,8,2
2026-06-12,000858,11:20:00,79.9700,6,1
2026-06-12,000858,11:20:03,79.9600,46,2
2026-06-12,000858,11:20:06,79.9800,49,1
2026-06-12,000858,11:20:09,79.9700,4,2
2026-06-12,000858,11:20:12,79.9800,21,1
2026-06-12,000858,11:20:15,79.9500,20,2
2026-06-12,000858,11:20:18,79.9900,187,1
2026-06-12,000858,11:20:21,79.9800,18,2
2026-06-12,000858,11:20:24,79.9900,4,4
2026-06-12,000858,11:20:27,79.9900,33,2
2026-06-12,000858,11:20:30,79.9900,18,2
2026-06-12,000858,11:20:33,79.9800,10,2
2026-06-12,000858,11:20:36,79.9800,3,2
2026-06-12,000858,11:20:39,79.9800,2,2
2026-06-12,000858,11:20:42,79.9900,2,1
2026-06-12,000858,11:20:45,79.9800,9,2
2026-06-12,000858,11:20:48,79.9700,23,2
2026-06-12,000858,11:20:51,79.9700,2,2
2026-06-12,000858,11:20:54,79.9600,9,2
2026-06-12,000858,11:20:57,79.9600,8,2
2026-06-12,000858,11:21:00,79.9600,6,2
2026-06-12,000858,11:21:03,79.9800,15,1
2026-06-12,000858,11:21:06,79.9800,23,1
2026-06-12,000858,11:21:09,79.9800,16,1
2026-06-12,000858,11:21:12,79.9800,5,1
2026-06-12,000858,11:21:15,79.9700,13,2
2026-06-12,000858,11:21:18,79.9800,8,1
2026-06-12,000858,11:21:21,79.9800,18,1
