date,code,time,price,volume,bs
2026-03-26,000333,14:05:27,74.7100,4,2
2026-03-26,000333,14:05:30,74.7200,8,1
2026-03-26,000333,14:05:33,74.7200,3,1
2026-03-26,000333,14:05:36,74.7200,20,1
2026-03-26,000333,14:05:39,74.7100,5,2
2026-03-26,000333,14:05:42,74.7200,17,1
2026-03-26,000333,14:05:45,74.7200,6,1
2026-03-26,000333,14:05:48,74.7100,11,2
2026-03-26,000333,14:05:51,74.7100,29,2
2026-03-26,000333,14:05:54,74.7200,13,1
2026-03-26,000333,14:05:57,74.7100,117,2
2026-03-26,000333,14:06:00,74.7000,11,2
2026-03-26,000333,14:06:03,74.7100,47,1
2026-03-26,000333,14:06:06,74.7000,17,4
2026-03-26,000333,14:06:09,74.6900,6,2
2026-03-26,000333,14:06:12,74.6900,6,2
2026-03-26,000333,14:06:15,74.6900,15,2
2026-03-26,000333,14:06:18,74.6700,25,2
2026-03-26,000333,14:06:21,74.6900,11,1
2026-03-26,000333,14:06:24,74.6600,153,2
2026-03-26,000333,14:06:27,74.6500,19,2
2026-03-26,000333,14:06:30,74.6500,98,2
2026-03-26,000333,14:06:33,74.6300,27,2
2026-03-26,000333,14:06:36,74.6400,45,1
2026-03-26,000333,14:06:39,74.6200,75,2
2026-03-26,000333,14:06:42,74.6300,29,1
2026-03-26,000333,14:06:45,74.6300,3,1
2026-03-26,000333,14:06:48,74.6200,1,4
2026-03-26,000333,14:06:51,74.6300,13,1
2026-03-26,000333,14:06:54,74.6300,1,1
2026-03-26,000333,14:06:57,74.6200,2,1
2026-03-26,000333,14:07:00,74.6100,8,2
2026-03-26,000333,14:07:03,74.6200,5,1
2026-03-26,000333,14:07:06,74.6000,243,2
2026-03-26,000333,14:07:09,74.6000,10,2
2026-03-26,000333,14:07:12,74.6000,30,2
2026-03-26,000333,14:07:15,74.5900,5,2
2026-03-26,000333,14:07:18,74.6000,17,1
2026-03-26,000333,14:07:21,74.6000,8,1
2026-03-26,000333,14:07:24,74.6000,102,1
2026-03-26,000333,14:07:27,74.5900,6,2
2026-03-26,000333,14:07:30,74.6000,16,1
2026-03-26,000333,14:07:33,74.5900,21,2
2026-03-26,000333,14:07:36,74.5800,77,2
2026-03-26,000333,14:07:39,74.5800,13,1
2026-03-26,000333,14:07:42,74.5800,13,1
2026-03-26,000333,14:07:45,74.5700,3,2
2026-03-26,000333,14:07:48,74.5800,21,1
2026-03-26,000333,14:07:51,74.5800,14,1
2026-03-26,000333,14:07:54,74.5800,3,1
2026-03-26,000333,14:07:57,74.5600,89,2
2026-03-26,000333,14:08:00,74.5600,1,2
2026-03-26,000333,14:08:03,74.5800,1,1
2026-03-26,000333,14:08:06,74.5700,63,4
2026-03-26,000333,14:08:09,74.5700,17,2
2026-03-26,000333,14:08:12,74.5700,2,2
2026-03-26,000333,14:08:15,74.5600,7,2
2026-03-26,000333,14:08:18,74.5700,2,4
2026-03-26,000333,14:08:21,74.5700,44,4
2026-03-26,000333,14:08:24,74.5600,8,2
2026-03-26,000333,14:08:27,74.5700,11,1
2026-03-26,000333,14:08:30,74.5600,3,2
2026-03-26,000333,14:08:33,74.5600,12,2
2026-03-26,000333,14:08:36,74.5600,24,2
2026-03-26,000333,14:08:42,74.5600,14,2
2026-03-26,000333,14:08:45,74.5700,60,1
2026-03-26,000333,14:08:48,74.5600,8,4
2026-03-26,000333,14:08:51,74.5600,2,1
2026-03-26,000333,14:08:54,74.5500,14,2
2026-03-26,000333,14:08:57,74.5700,28,1
2026-03-26,000333,14:09:00,74.5600,15,2
2026-03-26,000333,14:09:06,74.5500,54,2
2026-03-26,000333,14:09:09,74.5600,2,1
2026-03-26,000333,14:09:12,74.5500,9,2
2026-03-26,000333,14:09:15,74.5500,1,2
2026-03-26,000333,14:09:18,74.5500,145,2
2026-03-26,000333,14:09:21,74.5500,49,1
2026-03-26,000333,14:09:24,74.5400,8,2
2026-03-26,000333,14:09:27,74.5400,39,2
2026-03-26,000333,14:09:30,74.5300,23,2
2026-03-26,000333,14:09:33,74.5300,5,2
2026-03-26,000333,14:09:36,74.5400,34,1
2026-03-26,000333,14:09:39,74.5300,5,4
2026-03-26,000333,14:09:42,74.5300,5,2
2026-03-26,000333,14:09:45,74.5300,1,2
2026-03-26,000333,14:09:48,74.5200,83,2
2026-03-26,000333,14:09:51,74.5100,9,2
2026-03-26,000333,14:09:54,74.5200,4,1
2026-03-26,000333,14:09:57,74.5200,33,1
2026-03-26,000333,14:10:00,74.5100,32,2
2026-03-26,000333,14:10:03,74.5200,5,1
2026-03-26,000333,14:10:06,74.5100,29,2
2026-03-26,000333,14:10:09,74.5200,13,1
2026-03-26,000333,14:10:12,74.5100,23,2
2026-03-26,000333,14:10:15,74.5000,95,2
2026-03-26,000333,14:10:18,74.5000,10,2
2026-03-26,000333,14:10:21,74.5100,5,1
2026-03-26,000333,14:10:24,74.5100,19,1
2026-03-26,000333,14:10:27,74.5100,3,1
2026-03-26,000333,14:10:30,74.5100,12,1
2026-03-26,000333,14:10:33,74.5100,78,1
2026-03-26,000333,14:10:36,74.5100,48,1
2026-03-26,000333,14:10:39,74.5000,123,2
2026-03-26,000333,14:10:42,74.5100,96,1
2026-03-26,000333,14:10:45,74.5200,82,1
2026-03-26,000333,14:10:48,74.5200,87,1
2026-03-26,000333,14:10:51,74.5300,18,1
2026-03-26,000333,14:10:54,74.5300,24,1
2026-03-26,000333,14:10:57,74.5300,30,1
2026-03-26,000333,14:11:00,74.5300,18,1
2026-03-26,000333,14:11:03,74.5300,16,1
2026-03-26,000333,14:11:06,74.5300,30,1
2026-03-26,000333,14:11:09,74.5400,3,1
2026-03-26,000333,14:11:12,74.5400,47,1
2026-03-26,000333,14:11:15,74.5400,24,1
2026-03-26,000333,14:11:18,74.5300,9,2
2026-03-26,000333,14:11:21,74.5400,15,1
2026-03-26,000333,14:11:24,74.5300,1,2
2026-03-26,000333,14:11:27,74.5400,3,1
2026-03-26,000333,14:11:30,74.5400,8,1
2026-03-26,000333,14:11:33,74.5300,7,2
2026-03-26,000333,14:11:36,74.5500,56,1
2026-03-26,000333,14:11:39,74.5500,6,1
2026-03-26,000333,14:11:42,74.5500,79,1
2026-03-26,000333,14:11:45,74.5600,22,1
2026-03-26,000333,14:11:48,74.5500,9,2
2026-03-26,000333,14:11:51,74.5600,15,1
2026-03-26,000333,14:11:54,74.5600,11,1
2026-03-26,000333,14:11:57,74.5600,17,1
2026-03-26,000333,14:12:00,74.5500,23,2
2026-03-26,000333,14:12:03,74.5500,7,2
2026-03-26,000333,14:12:06,74.5600,19,1
2026-03-26,000333,14:12:09,74.5500,1,2
2026-03-26,000333,14:12:12,74.5600,12,1
2026-03-26,000333,14:12:18,74.5600,3,1
2026-03-26,000333,14:12:21,74.5600,7,1
2026-03-26,000333,14:12:24,74.5600,5,1
2026-03-26,000333,14:12:30,74.5600,18,1
2026-03-26,000333,14:12:33,74.5600,3,1
2026-03-26,000333,14:12:36,74.5600,60,1
2026-03-26,000333,14:12:39,74.5600,14,1
2026-03-26,000333,14:12:42,74.5600,6,1
2026-03-26,000333,14:12:45,74.5600,5,1
2026-03-26,000333,14:12:48,74.5600,17,1
2026-03-26,000333,14:12:51,74.5600,5,1
2026-03-26,000333,14:12:54,74.5500,19,2
2026-03-26,000333,14:12:57,74.5600,4,1
2026-03-26,000333,14:13:00,74.5600,6,1
2026-03-26,000333,14:13:03,74.5600,2,1
2026-03-26,000333,14:13:06,74.5600,110,1
2026-03-26,000333,14:13:09,74.5600,33,1
2026-03-26,000333,14:13:12,74.5400,31,2
2026-03-26,000333,14:13:15,74.5400,17,2
2026-03-26,000333,14:13:18,74.5400,42,2
2026-03-26,000333,14:13:21,74.5500,35,1
2026-03-26,000333,14:13:24,74.5300,24,2
2026-03-26,000333,14:13:27,74.5300,13,1
2026-03-26,000333,14:13:30,74.5300,6,1
2026-03-26,000333,14:13:33,74.5300,4,1
2026-03-26,000333,14:13:36,74.5300,24,1
2026-03-26,000333,14:13:39,74.5300,6,1
2026-03-26,000333,14:13:45,74.5200,5,2
2026-03-26,000333,14:13:48,74.5200,7,2
2026-03-26,000333,14:13:51,74.5200,3,2
2026-03-26,000333,14:13:54,74.5200,10,2
2026-03-26,000333,14:13:57,74.5300,11,1
2026-03-26,000333,14:14:00,74.5200,12,2
2026-03-26,000333,14:14:03,74.5200,4,2
2026-03-26,000333,14:14:06,74.5200,26,2
2026-03-26,000333,14:14:12,74.5100,17,2
2026-03-26,000333,14:14:15,74.5100,55,2
2026-03-26,000333,14:14:18,74.5100,27,2
2026-03-26,000333,14:14:21,74.5100,10,2
2026-03-26,000333,14:14:24,74.5100,2,2
2026-03-26,000333,14:14:27,74.5100,3,2
2026-03-26,000333,14:14:30,74.5200,5,1
2026-03-26,000333,14:14:33,74.5000,11,2
2026-03-26,000333,14:14:36,74.5100,16,2
2026-03-26,000333,14:14:39,74.5200,11,1
2026-03-26,000333,14:14:42,74.5100,6,2
2026-03-26,000333,14:14:45,74.5100,8,2
2026-03-26,000333,14:14:48,74.5000,14,2
2026-03-26,000333,14:14:51,74.5100,3,1
2026-03-26,000333,14:14:54,74.5000,3,2
2026-03-26,000333,14:14:57,74.5000,37,2
2026-03-26,000333,14:15:00,74.5000,24,2
2026-03-26,000333,14:15:03,74.5000,25,2
2026-03-26,000333,14:15:06,74.5100,16,1
2026-03-26,000333,14:15:09,74.5000,27,2
2026-03-26,000333,14:15:12,74.5000,29,2
2026-03-26,000333,14:15:15,74.5000,162,2
2026-03-26,000333,14:15:18,74.4900,413,2
2026-03-26,000333,14:15:21,74.4900,17,2
2026-03-26,000333,14:15:24,74.4900,24,2
2026-03-26,000333,14:15:27,74.5200,377,1
2026-03-26,000333,14:15:30,74.5300,7,1
2026-03-26,000333,14:15:33,74.5300,47,1
2026-03-26,000333,14:15:36,74.5300,36,1
2026-03-26,000333,14:15:42,74.5200,19,2
2026-03-26,000333,14:15:45,74.5200,4,2
2026-03-26,000333,14:15:48,74.5200,28,2
2026-03-26,000333,14:15:51,74.5300,21,1
2026-03-26,000333,14:15:54,74.5300,4,1
2026-03-26,000333,14:15:57,74.5200,14,2
2026-03-26,000333,14:16:03,74.5300,9,1
2026-03-26,000333,14:16:06,74.5200,16,2
2026-03-26,000333,14:16:09,74.5200,15,2
2026-03-26,000333,14:16:12,74.5300,21,1
2026-03-26,000333,14:16:15,74.5300,14,1
2026-03-26,000333,14:16:18,74.5200,12,2
2026-03-26,000333,14:16:21,74.5200,2,2
2026-03-26,000333,14:16:24,74.5300,13,1
2026-03-26,000333,14:16:27,74.5200,5,2
2026-03-26,000333,14:16:30,74.5200,4,2
2026-03-26,000333,14:16:33,74.5200,7,2
2026-03-26,000333,14:16:36,74.5200,22,2
2026-03-26,000333,14:16:39,74.5300,83,1
2026-03-26,000333,14:16:42,74.5400,159,1
2026-03-26,000333,14:16:45,74.5100,33,2
2026-03-26,000333,14:16:54,74.5300,5,2
2026-03-26,000333,14:16:57,74.5400,12,1
2026-03-26,000333,14:17:00,74.5400,9,1
2026-03-26,000333,14:17:03,74.5600,156,1
2026-03-26,000333,14:17:06,74.5600,47,1
2026-03-26,000333,14:17:09,74.5500,24,4
2026-03-26,000333,14:17:12,74.5500,14,1
2026-03-26,000333,14:17:15,74.5700,72,1
2026-03-26,000333,14:17:18,74.5800,49,1
2026-03-26,000333,14:17:21,74.5600,2,2
2026-03-26,000333,14:17:24,74.5600,19,2
2026-03-26,000333,14:17:27,74.5600,4,2
2026-03-26,000333,14:17:30,74.5500,6,2
2026-03-26,000333,14:17:33,74.5500,24,2
2026-03-26,000333,14:17:36,74.5600,16,1
2026-03-26,000333,14:17:39,74.5600,1,1
2026-03-26,000333,14:17:42,74.5500,6,2
2026-03-26,000333,14:17:48,74.5500,28,2
2026-03-26,000333,14:17:51,74.5600,16,1
2026-03-26,000333,14:17:54,74.5500,17,4
2026-03-26,000333,14:17:57,74.5500,5,2
2026-03-26,000333,14:18:00,74.5500,4,1
2026-03-26,000333,14:18:03,74.5500,21,1
2026-03-26,000333,14:18:06,74.5500,2,1
2026-03-26,000333,14:18:09,74.5300,90,2
2026-03-26,000333,14:18:12,74.5400,27,1
2026-03-26,000333,14:18:15,74.5400,10,1
2026-03-26,000333,14:18:18,74.5400,16,1
2026-03-26,000333,14:18:21,74.5300,21,2
2026-03-26,000333,14:18:24,74.5300,11,2
2026-03-26,000333,14:18:27,74.5300,4,2
2026-03-26,000333,14:18:30,74.5400,8,1
2026-03-26,000333,14:18:33,74.5400,6,1
2026-03-26,000333,14:18:36,74.5400,58,1
2026-03-26,000333,14:18:39,74.5200,5,2
2026-03-26,000333,14:18:51,74.4900,320,2
2026-03-26,000333,14:18:54,74.4700,48,2
2026-03-26,000333,14:19:00,74.4800,1,2
2026-03-26,000333,14:19:03,74.5000,22,1
2026-03-26,000333,14:19:06,74.4900,14,4
2026-03-26,000333,14:19:09,74.4800,30,2
2026-03-26,000333,14:19:12,74.4900,56,1
2026-03-26,000333,14:19:15,74.4700,1,2
2026-03-26,000333,14:19:18,74.4800,11,4
2026-03-26,000333,14:19:21,74.4600,69,2
2026-03-26,000333,14:19:24,74.4500,4,2
2026-03-26,000333,14:19:27,74.4500,5,2
2026-03-26,000333,14:19:30,74.4500,19,2
2026-03-26,000333,14:19:33,74.4500,30,2
2026-03-26,000333,14:19:36,74.4500,105,1
2026-03-26,000333,14:19:39,74.4500,36,1
2026-03-26,000333,14:19:42,74.4500,38,1
2026-03-26,000333,14:19:45,74.4400,6,2
2026-03-26,000333,14:19:48,74.4500,29,4
2026-03-26,000333,14:19:51,74.4400,5,2
2026-03-26,000333,14:19:54,74.4300,10,2
2026-03-26,000333,14:19:57,74.4600,95,1
2026-03-26,000333,14:20:00,74.4500,120,2
2026-03-26,000333,14:20:03,74.4500,40,1
2026-03-26,000333,14:20:06,74.4600,29,1
2026-03-26,000333,14:20:09,74.4600,113,1
2026-03-26,000333,14:20:12,74.4400,25,2
2026-03-26,000333,14:20:15,74.4400,48,2
2026-03-26,000333,14:20:21,74.4500,4,1
2026-03-26,000333,14:20:24,74.4500,4,2
2026-03-26,000333,14:20:30,74.4500,4,2
2026-03-26,000333,14:20:33,74.4500,9,2
2026-03-26,000333,14:20:36,74.4500,24,2
2026-03-26,000333,14:20:39,74.4600,79,1
2026-03-26,000333,14:20:42,74.4400,70,2
2026-03-26,000333,14:20:45,74.4400,7,2
2026-03-26,000333,14:20:48,74.4400,7,2
2026-03-26,000333,14:20:51,74.4500,19,1
2026-03-26,000333,14:20:54,74.4500,1,1
2026-03-26,000333,14:20:57,74.4400,4,2
2026-03-26,000333,14:21:00,74.4500,14,1
2026-03-26,000333,14:21:03,74.4700,87,1
2026-03-26,000333,14:21:06,74.4700,72,1
2026-03-26,000333,14:21:09,74.4900,120,1
2026-03-26,000333,14:21:12,74.4900,40,1
2026-03-26,000333,14:21:15,74.4800,48,2
2026-03-26,000333,14:21:18,74.4800,7,2
2026-03-26,000333,14:21:21,74.4800,4,2
2026-03-26,000333,14:21:24,74.4500,90,2
2026-03-26,000333,14:21:27,74.4800,2,1
2026-03-26,000333,14:21:30,74.4500,24,2
2026-03-26,000333,14:21:33,74.4700,1,4
2026-03-26,000333,14:21:39,74.4600,27,2
2026-03-26,000333,14:21:42,74.4700,10,1
2026-03-26,000333,14:21:45,74.4600,4,2
2026-03-26,000333,14:21:48,74.4600,3,2
2026-03-26,000333,14:21:51,74.4500,25,2
2026-03-26,000333,14:21:54,74.4600,20,1
2026-03-26,000333,14:21:57,74.4600,10,2
2026-03-26,000333,14:22:00,74.4500,5,2
2026-03-26,000333,14:22:03,74.4600,11,1
2026-03-26,000333,14:22:06,74.4500,20,2
2026-03-26,000333,14:22:09,74.4500,1,2
2026-03-26,000333,14:22:12,74.4600,15,1
2026-03-26,000333,14:22:21,74.4500,6,2
2026-03-26,000333,14:22:24,74.4500,4,2
2026-03-26,000333,14:22:27,74.4500,24,2
2026-03-26,000333,14:22:30,74.4400,35,2
2026-03-26,000333,14:22:33,74.4300,3,2
2026-03-26,000333,14:22:36,74.4400,15,1
2026-03-26,000333,14:22:39,74.4300,5,2
2026-03-26,000333,14:22:42,74.4400,27,1
2026-03-26,000333,14:22:45,74.4200,24,2
2026-03-26,000333,14:22:48,74.4300,1,1
2026-03-26,000333,14:22:51,74.4300,414,1
2026-03-26,000333,14:22:54,74.4500,101,4
2026-03-26,000333,14:22:57,74.4600,89,1
2026-03-26,000333,14:23:00,74.4400,15,2
2026-03-26,000333,14:23:03,74.4500,19,1
2026-03-26,000333,14:23:06,74.4800,94,1
2026-03-26,000333,14:23:09,74.4500,1,2
2026-03-26,000333,14:23:15,74.4500,5,2
2026-03-26,000333,14:23:18,74.4500,5,2
2026-03-26,000333,14:23:21,74.4500,47,2
2026-03-26,000333,14:23:30,74.4400,1,2
2026-03-26,000333,14:23:33,74.4400,25,2
2026-03-26,000333,14:23:36,74.4300,25,2
2026-03-26,000333,14:23:39,74.4200,1,2
2026-03-26,000333,14:23:42,74.4300,36,1
2026-03-26,000333,14:23:45,74.4200,23,2
2026-03-26,000333,14:23:48,74.4300,78,1
2026-03-26,000333,14:23:51,74.4300,10,2
2026-03-26,000333,14:23:54,74.4700,290,1
2026-03-26,000333,14:23:57,74.4700,34,2
2026-03-26,000333,14:24:00,74.4500,13,2
2026-03-26,000333,14:24:03,74.4600,38,1
2026-03-26,000333,14:24:06,74.4400,18,2
2026-03-26,000333,14:24:09,74.4300,83,2
2026-03-26,000333,14:24:12,74.4400,1,4
2026-03-26,000333,14:24:18,74.4500,15,1
2026-03-26,000333,14:24:21,74.4400,53,2
2026-03-26,000333,14:24:24,74.4400,2,2
2026-03-26,000333,14:24:27,74.4300,8,2
2026-03-26,000333,14:24:30,74.4400,2,1
2026-03-26,000333,14:24:33,74.4400,15,1
2026-03-26,000333,14:24:36,74.4500,162,1
2026-03-26,000333,14:24:39,74.4800,217,1
2026-03-26,000333,14:24:42,74.4400,20,2
2026-03-26,000333,14:24:45,74.4900,18,1
2026-03-26,000333,14:24:48,74.4500,1,2
2026-03-26,000333,14:24:51,74.4000,335,2
2026-03-26,000333,14:24:54,74.4300,22,2
2026-03-26,000333,14:24:57,74.4000,12,2
2026-03-26,000333,14:25:00,74.4100,332,1
2026-03-26,000333,14:25:03,74.4000,61,2
2026-03-26,000333,14:25:06,74.4000,59,1
2026-03-26,000333,14:25:09,74.4200,2,2
2026-03-26,000333,14:25:12,74.4200,331,2
2026-03-26,000333,14:25:15,74.3900,62,2
2026-03-26,000333,14:25:18,74.4200,14,1
2026-03-26,000333,14:25:21,74.4100,50,1
2026-03-26,000333,14:25:24,74.4000,31,2
2026-03-26,000333,14:25:27,74.3700,42,2
2026-03-26,000333,14:25:30,74.4100,459,1
2026-03-26,000333,14:25:33,74.4100,6,1
2026-03-26,000333,14:25:36,74.4100,2,1
2026-03-26,000333,14:25:39,74.4000,79,1
2026-03-26,000333,14:25:42,74.3800,13,2
2026-03-26,000333,14:25:45,74.3800,129,1
2026-03-26,000333,14:25:48,74.3700,5,2
2026-03-26,000333,14:25:51,74.3700,5,2
2026-03-26,000333,14:25:54,74.3700,5,2
2026-03-26,000333,14:25:57,74.3700,1,2
2026-03-26,000333,14:26:00,74.3500,207,2
2026-03-26,000333,14:26:03,74.3700,10,1
2026-03-26,000333,14:26:06,74.3600,6,4
2026-03-26,000333,14:26:09,74.3600,2,2
2026-03-26,000333,14:26:12,74.3700,1,1
2026-03-26,000333,14:26:18,74.3500,112,2
2026-03-26,000333,14:26:21,74.3500,48,2
2026-03-26,000333,14:26:24,74.3500,23,4
2026-03-26,000333,14:26:27,74.3800,484,1
2026-03-26,000333,14:26:30,74.3600,69,2
2026-03-26,000333,14:26:33,74.3500,102,2
2026-03-26,000333,14:26:36,74.3600,69,1
2026-03-26,000333,14:26:39,74.3800,1,1
2026-03-26,000333,14:26:42,74.3600,2,2
2026-03-26,000333,14:26:45,74.3700,1,1
2026-03-26,000333,14:26:48,74.3700,5,1
2026-03-26,000333,14:26:51,74.3600,4,2
2026-03-26,000333,14:26:54,74.3600,12,2
2026-03-26,000333,14:26:57,74.3600,89,1
2026-03-26,000333,14:27:00,74.3600,23,1
2026-03-26,000333,14:27:03,74.3600,5,1
2026-03-26,000333,14:27:06,74.3600,50,1
2026-03-26,000333,14:27:09,74.3600,22,2
2026-03-26,000333,14:27:12,74.3400,13,2
2026-03-26,000333,14:27:15,74.3000,320,2
2026-03-26,000333,14:27:18,74.3400,68,1
2026-03-26,000333,14:27:21,74.3000,37,2
2026-03-26,000333,14:27:24,74.3000,32,2
2026-03-26,000333,14:27:27,74.3000,79,2
2026-03-26,000333,14:27:30,74.3000,9,2
2026-03-26,000333,14:27:33,74.3100,24,2
2026-03-26,000333,14:27:36,74.3300,19,2
2026-03-26,000333,14:27:39,74.3600,132,1
2026-03-26,000333,14:27:42,74.3700,139,1
2026-03-26,000333,14:27:45,74.3600,13,2
2026-03-26,000333,14:27:48,74.3400,11,2
2026-03-26,000333,14:27:51,74.3600,6,1
2026-03-26,000333,14:27:54,74.3400,2,2
2026-03-26,000333,14:27:57,74.3000,229,2
2026-03-26,000333,14:28:00,74.3400,22,2
2026-03-26,000333,14:28:03,74.3400,33,2
2026-03-26,000333,14:28:06,74.3400,51,1
2026-03-26,000333,14:28:09,74.3400,14,1
2026-03-26,000333,14:28:18,74.3400,7,1
2026-03-26,000333,14:28:21,74.3300,7,2
2026-03-26,000333,14:28:24,74.3300,7,2
2026-03-26,000333,14:28:27,74.3300,3,2
2026-03-26,000333,14:28:30,74.3300,32,2
2026-03-26,000333,14:28:33,74.3300,31,2
2026-03-26,000333,14:28:36,74.3200,66,2
2026-03-26,000333,14:28:39,74.3200,1,2
2026-03-26,000333,14:28:42,74.3300,17,1
2026-03-26,000333,14:28:45,74.3500,198,1
2026-03-26,000333,14:28:48,74.3500,47,1
2026-03-26,000333,14:28:51,74.3200,23,2
2026-03-26,000333,14:28:57,74.3300,1,1
2026-03-26,000333,14:29:00,74.3300,14,1
2026-03-26,000333,14:29:03,74.3300,5,1
2026-03-26,000333,14:29:06,74.3200,78,2
2026-03-26,000333,14:29:09,74.3200,78,2
2026-03-26,000333,14:29:12,74.3200,21,2
2026-03-26,000333,14:29:15,74.3100,375,2
2026-03-26,000333,14:29:18,74.3100,89,1
2026-03-26,000333,14:29:21,74.2900,134,2
2026-03-26,000333,14:29:24,74.3000,36,2
2026-03-26,000333,14:29:27,74.3200,10,1
2026-03-26,000333,14:29:30,74.3300,111,1
2026-03-26,000333,14:29:33,74.3300,80,1
2026-03-26,000333,14:29:36,74.3400,27,1
2026-03-26,000333,14:29:39,74.3300,331,2
2026-03-26,000333,14:29:42,74.3300,33,2
2026-03-26,000333,14:29:45,74.3200,19,2
2026-03-26,000333,14:29:48,74.3000,9,2
2026-03-26,000333,14:29:51,74.3000,138,1
2026-03-26,000333,14:29:54,74.3000,14,1
2026-03-26,000333,14:29:57,74.3000,37,1
2026-03-26,000333,14:30:00,74.3000,39,4
2026-03-26,000333,14:30:03,74.3300,87,1
2026-03-26,000333,14:30:06,74.3200,133,2
2026-03-26,000333,14:30:09,74.3300,21,2
2026-03-26,000333,14:30:12,74.3100,52,2
2026-03-26,000333,14:30:15,74.2700,366,2
2026-03-26,000333,14:30:18,74.3000,10,2
2026-03-26,000333,14:30:21,74.3000,26,2
2026-03-26,000333,14:30:24,74.3000,60,1
2026-03-26,000333,14:30:27,74.3000,56,1
2026-03-26,000333,14:30:30,74.3200,16,1
2026-03-26,000333,14:30:33,74.3300,36,1
2026-03-26,000333,14:30:36,74.3300,3,1
2026-03-26,000333,14:30:39,74.3200,50,2
2026-03-26,000333,14:30:42,74.3100,24,2
2026-03-26,000333,14:30:45,74.3200,346,2
2026-03-26,000333,14:30:48,74.3100,10,2
2026-03-26,000333,14:30:51,74.3000,62,2
2026-03-26,000333,14:30:54,74.3100,90,1
2026-03-26,000333,14:30:57,74.3200,6,1
2026-03-26,000333,14:31:06,74.3200,63,1
2026-03-26,000333,14:31:09,74.3100,9,2
2026-03-26,000333,14:31:12,74.3100,114,2
2026-03-26,000333,14:31:15,74.3000,49,2
2026-03-26,000333,14:31:18,74.2800,47,2
2026-03-26,000333,14:31:21,74.3000,34,1
2026-03-26,000333,14:31:24,74.2700,28,2
2026-03-26,000333,14:31:27,74.3000,55,1
2026-03-26,000333,14:31:30,74.2900,7,2
2026-03-26,000333,14:31:33,74.2900,7,2
2026-03-26,000333,14:31:36,74.3000,87,1
2026-03-26,000333,14:31:39,74.2900,18,2
2026-03-26,000333,14:31:42,74.2500,228,2
2026-03-26,000333,14:31:45,74.2800,262,1
2026-03-26,000333,14:31:48,74.2900,19,1
2026-03-26,000333,14:31:51,74.3000,35,1
2026-03-26,000333,14:31:54,74.2900,10,2
2026-03-26,000333,14:31:57,74.2800,9,2
2026-03-26,000333,14:32:00,74.2800,36,1
2026-03-26,000333,14:32:03,74.2700,84,2
2026-03-26,000333,14:32:06,74.2800,30,1
2026-03-26,000333,14:32:12,74.2800,5,1
2026-03-26,000333,14:32:15,74.2700,1,2
2026-03-26,000333,14:32:18,74.2700,33,2
2026-03-26,000333,14:32:21,74.2700,4,1
2026-03-26,000333,14:32:24,74.2600,4,2
2026-03-26,000333,14:32:27,74.2700,103,1
2026-03-26,000333,14:32:30,74.2600,22,2
2026-03-26,000333,14:32:33,74.2700,41,2
2026-03-26,000333,14:32:36,74.2400,258,2
2026-03-26,000333,14:32:39,74.2800,164,1
2026-03-26,000333,14:32:42,74.2700,5,1
2026-03-26,000333,14:32:45,74.2600,94,2
2026-03-26,000333,14:32:48,74.2700,3,4
2026-03-26,000333,14:32:51,74.2500,48,2
2026-03-26,000333,14:32:54,74.2500,56,2
2026-03-26,000333,14:32:57,74.2600,83,1
2026-03-26,000333,14:33:00,74.2500,25,2
2026-03-26,000333,14:33:03,74.3300,1648,1
2026-03-26,000333,14:33:06,74.3200,242,2
2026-03-26,000333,14:33:09,74.2800,78,2
2026-03-26,000333,14:33:12,74.2800,98,2
2026-03-26,000333,14:33:15,74.3200,40,1
2026-03-26,000333,14:33:18,74.3200,38,1
2026-03-26,000333,14:33:21,74.3100,6,2
2026-03-26,000333,14:33:24,74.3100,141,1
2026-03-26,000333,14:33:27,74.3200,72,1
2026-03-26,000333,14:33:30,74.3300,43,1
2026-03-26,000333,14:33:33,74.3500,128,1
2026-03-26,000333,14:33:36,74.3600,110,1
2026-03-26,000333,14:33:39,74.3600,14,1
2026-03-26,000333,14:33:42,74.3600,38,1
2026-03-26,000333,14:33:45,74.3600,32,2
2026-03-26,000333,14:33:48,74.3500,51,2
2026-03-26,000333,14:33:51,74.3500,3,1
2026-03-26,000333,14:33:54,74.3500,41,1
2026-03-26,000333,14:33:57,74.3500,75,1
2026-03-26,000333,14:34:00,74.3500,101,2
2026-03-26,000333,14:34:03,74.3600,6,1
2026-03-26,000333,14:34:06,74.3500,75,2
2026-03-26,000333,14:34:09,74.3500,13,4
2026-03-26,000333,14:34:12,74.3200,516,2
2026-03-26,000333,14:34:15,74.3500,14,1
2026-03-26,000333,14:34:18,74.3300,4,2
2026-03-26,000333,14:34:21,74.3500,250,1
2026-03-26,000333,14:34:24,74.3400,6,2
2026-03-26,000333,14:34:27,74.3400,63,1
2026-03-26,000333,14:34:30,74.3400,2,1
2026-03-26,000333,14:34:33,74.3300,28,2
2026-03-26,000333,14:34:36,74.3200,42,2
2026-03-26,000333,14:34:39,74.3000,6,2
2026-03-26,000333,14:34:42,74.3100,1,1
2026-03-26,000333,14:34:45,74.3000,6,2
2026-03-26,000333,14:34:48,74.3000,1,2
2026-03-26,000333,14:34:51,74.3000,6,2
2026-03-26,000333,14:34:54,74.3000,63,2
2026-03-26,000333,14:34:57,74.2800,10,2
2026-03-26,000333,14:35:00,74.2900,6,1
2026-03-26,000333,14:35:03,74.2900,53,1
2026-03-26,000333,14:35:06,74.2900,50,1
2026-03-26,000333,14:35:09,74.3000,174,1
2026-03-26,000333,14:35:12,74.3200,154,1
2026-03-26,000333,14:35:15,74.3200,15,2
2026-03-26,000333,14:35:18,74.3200,11,2
2026-03-26,000333,14:35:21,74.3200,4,1
2026-03-26,000333,14:35:24,74.3100,94,2
2026-03-26,000333,14:35:27,74.3200,11,1
2026-03-26,000333,14:35:30,74.3100,21,2
2026-03-26,000333,14:35:33,74.3100,1,2
2026-03-26,000333,14:35:36,74.3100,33,2
2026-03-26,000333,14:35:39,74.3100,3,1
2026-03-26,000333,14:35:42,74.3100,50,1
2026-03-26,000333,14:35:45,74.3000,52,2
2026-03-26,000333,14:35:48,74.3000,37,2
2026-03-26,000333,14:35:51,74.3100,4,1
2026-03-26,000333,14:35:54,74.3000,4,2
2026-03-26,000333,14:35:57,74.3100,8,1
2026-03-26,000333,14:36:00,74.3000,4,2
2026-03-26,000333,14:36:03,74.3100,1,1
2026-03-26,000333,14:36:06,74.3100,48,1
2026-03-26,000333,14:36:09,74.3000,15,2
2026-03-26,000333,14:36:12,74.3100,6,1
2026-03-26,000333,14:36:15,74.3100,186,1
2026-03-26,000333,14:36:18,74.3100,53,1
2026-03-26,000333,14:36:21,74.3000,13,2
2026-03-26,000333,14:36:24,74.3000,10,1
2026-03-26,000333,14:36:27,74.3000,7,1
2026-03-26,000333,14:36:30,74.3000,10,1
2026-03-26,000333,14:36:33,74.3000,4,1
2026-03-26,000333,14:36:36,74.3000,57,1
2026-03-26,000333,14:36:39,74.3000,5,2
2026-03-26,000333,14:36:42,74.3600,581,1
2026-03-26,000333,14:36:45,74.3400,84,2
2026-03-26,000333,14:36:48,74.3300,21,2
2026-03-26,000333,14:36:51,74.3200,18,2
2026-03-26,000333,14:36:54,74.3000,16,2
2026-03-26,000333,14:36:57,74.3000,93,2
2026-03-26,000333,14:37:00,74.3000,73,2
2026-03-26,000333,14:37:03,74.3100,13,1
2026-03-26,000333,14:37:06,74.3000,47,2
2026-03-26,000333,14:37:09,74.3100,8,1
2026-03-26,000333,14:37:12,74.3100,12,1
2026-03-26,000333,14:37:15,74.3100,2,2
2026-03-26,000333,14:37:18,74.3100,10,2
2026-03-26,000333,14:37:21,74.3100,11,2
2026-03-26,000333,14:37:24,74.3100,8,2
2026-03-26,000333,14:37:27,74.3200,95,1
2026-03-26,000333,14:37:30,74.3100,16,2
2026-03-26,000333,14:37:33,74.3200,5,1
2026-03-26,000333,14:37:36,74.3200,24,1
2026-03-26,000333,14:37:39,74.3200,11,1
2026-03-26,000333,14:37:42,74.3200,19,1
2026-03-26,000333,14:37:45,74.3200,8,1
2026-03-26,000333,14:37:48,74.3100,8,2
2026-03-26,000333,14:37:51,74.3100,13,2
2026-03-26,000333,14:37:54,74.3100,2,2
2026-03-26,000333,14:37:57,74.3100,4,2
2026-03-26,000333,14:38:00,74.3100,4,2
2026-03-26,000333,14:38:03,74.3100,38,2
2026-03-26,000333,14:38:06,74.3100,37,2
2026-03-26,000333,14:38:09,74.3200,33,1
2026-03-26,000333,14:38:12,74.3200,36,1
2026-03-26,000333,14:38:15,74.3100,11,2
2026-03-26,000333,14:38:18,74.3100,25,2
2026-03-26,000333,14:38:21,74.3000,12,2
2026-03-26,000333,14:38:24,74.3000,72,2
2026-03-26,000333,14:38:27,74.3100,49,1
2026-03-26,000333,14:38:30,74.3000,13,2
2026-03-26,000333,14:38:33,74.3000,12,2
2026-03-26,000333,14:38:36,74.3100,28,1
2026-03-26,000333,14:38:39,74.3100,21,1
2026-03-26,000333,14:38:42,74.3100,1,1
2026-03-26,000333,14:38:45,74.3000,7,2
2026-03-26,000333,14:38:48,74.3000,12,2
2026-03-26,000333,14:38:51,74.3000,206,2
2026-03-26,000333,14:38:54,74.2900,60,2
2026-03-26,000333,14:38:57,74.2900,20,2
2026-03-26,000333,14:39:00,74.2900,37,2
2026-03-26,000333,14:39:03,74.2900,20,2
2026-03-26,000333,14:39:06,74.2900,58,2
2026-03-26,000333,14:39:09,74.2900,71,1
2026-03-26,000333,14:39:12,74.3100,202,1
2026-03-26,000333,14:39:15,74.3000,33,2
2026-03-26,000333,14:39:18,74.2900,324,2
2026-03-26,000333,14:39:21,74.2800,131,2
2026-03-26,000333,14:39:24,74.2700,65,2
2026-03-26,000333,14:39:27,74.2600,2,2
2026-03-26,000333,14:39:30,74.2700,4,1
2026-03-26,000333,14:39:33,74.2700,20,1
2026-03-26,000333,14:39:36,74.2800,328,1
2026-03-26,000333,14:39:39,74.3000,471,1
2026-03-26,000333,14:39:42,74.3000,59,2
2026-03-26,000333,14:39:45,74.2900,13,2
2026-03-26,000333,14:39:48,74.2800,10,2
2026-03-26,000333,14:39:51,74.2800,67,2
2026-03-26,000333,14:39:54,74.2800,82,2
2026-03-26,000333,14:39:57,74.2900,5,1
2026-03-26,000333,14:40:00,74.2800,40,2
2026-03-26,000333,14:40:03,74.3000,7,1
2026-03-26,000333,14:40:06,74.3000,19,1
2026-03-26,000333,14:40:09,74.3100,304,1
2026-03-26,000333,14:40:12,74.3000,10,2
2026-03-26,000333,14:40:15,74.3000,11,2
2026-03-26,000333,14:40:18,74.3300,198,1
2026-03-26,000333,14:40:21,74.3200,351,2
2026-03-26,000333,14:40:24,74.3200,110,2
2026-03-26,000333,14:40:27,74.3300,77,2
2026-03-26,000333,14:40:30,74.3200,6,2
2026-03-26,000333,14:40:33,74.3300,7,2
2026-03-26,000333,14:40:36,74.3300,46,1
2026-03-26,000333,14:40:39,74.3300,5,1
2026-03-26,000333,14:40:42,74.3300,25,1
2026-03-26,000333,14:40:45,74.3300,48,1
2026-03-26,000333,14:40:48,74.3200,37,2
2026-03-26,000333,14:40:51,74.3200,3,2
2026-03-26,000333,14:40:54,74.3200,51,2
2026-03-26,000333,14:40:57,74.3100,91,2
2026-03-26,000333,14:41:00,74.3000,21,2
2026-03-26,000333,14:41:03,74.2800,9,2
2026-03-26,000333,14:41:06,74.2900,61,1
2026-03-26,000333,14:41:09,74.2900,7,2
2026-03-26,000333,14:41:12,74.3000,17,1
2026-03-26,000333,14:41:15,74.2900,4,2
2026-03-26,000333,14:41:18,74.3100,4,1
2026-03-26,000333,14:41:21,74.3100,22,1
2026-03-26,000333,14:41:24,74.3000,10,2
2026-03-26,000333,14:41:27,74.3100,42,1
2026-03-26,000333,14:41:30,74.3000,12,2
2026-03-26,000333,14:41:33,74.3000,21,2
2026-03-26,000333,14:41:36,74.3100,14,1
2026-03-26,000333,14:41:39,74.3100,6,2
2026-03-26,000333,14:41:42,74.3100,18,1
2026-03-26,000333,14:41:45,74.3100,8,1
2026-03-26,000333,14:41:48,74.3100,35,1
2026-03-26,000333,14:41:51,74.3100,60,2
2026-03-26,000333,14:41:54,74.3300,142,1
2026-03-26,000333,14:41:57,74.3200,1,2
2026-03-26,000333,14:42:00,74.3300,97,1
2026-03-26,000333,14:42:03,74.3300,28,1
2026-03-26,000333,14:42:06,74.3300,64,4
2026-03-26,000333,14:42:09,74.3400,95,1
2026-03-26,000333,14:42:12,74.3400,22,2
2026-03-26,000333,14:42:15,74.3300,12,2
2026-03-26,000333,14:42:18,74.3400,20,1
2026-03-26,000333,14:42:21,74.3400,4,1
2026-03-26,000333,14:42:24,74.3300,19,2
2026-03-26,000333,14:42:27,74.3400,7,1
2026-03-26,000333,14:42:30,74.3300,24,2
2026-03-26,000333,14:42:33,74.3400,29,1
2026-03-26,000333,14:42:36,74.3400,56,1
2026-03-26,000333,14:42:39,74.3400,23,2
2026-03-26,000333,14:42:42,74.3500,14,1
2026-03-26,000333,14:42:45,74.3500,31,1
2026-03-26,000333,14:42:48,74.3500,13,1
2026-03-26,000333,14:42:51,74.3400,21,2
2026-03-26,000333,14:42:54,74.3400,25,2
2026-03-26,000333,14:42:57,74.3400,10,1
2026-03-26,000333,14:43:00,74.3300,34,2
2026-03-26,000333,14:43:03,74.3400,79,4
2026-03-26,000333,14:43:06,74.3400,47,2
2026-03-26,000333,14:43:09,74.3600,46,1
2026-03-26,000333,14:43:12,74.3500,44,4
2026-03-26,000333,14:43:15,74.3600,56,1
2026-03-26,000333,14:43:18,74.3700,34,1
2026-03-26,000333,14:43:21,74.3800,64,1
2026-03-26,000333,14:43:24,74.3700,28,4
2026-03-26,000333,14:43:27,74.3600,4,2
2026-03-26,000333,14:43:30,74.3700,19,1
2026-03-26,000333,14:43:33,74.3600,55,2
2026-03-26,000333,14:43:36,74.3700,16,1
2026-03-26,000333,14:43:39,74.3600,16,2
2026-03-26,000333,14:43:42,74.3700,3,1
2026-03-26,000333,14:43:45,74.3700,22,1
2026-03-26,000333,14:43:48,74.3500,46,2
2026-03-26,000333,14:43:51,74.3400,32,2
2026-03-26,000333,14:43:54,74.3400,51,1
2026-03-26,000333,14:43:57,74.3500,18,1
2026-03-26,000333,14:44:00,74.3300,197,2
2026-03-26,000333,14:44:03,74.3200,57,2
2026-03-26,000333,14:44:06,74.3500,85,1
2026-03-26,000333,14:44:09,74.3600,35,1
2026-03-26,000333,14:44:12,74.3700,38,1
2026-03-26,000333,14:44:15,74.3500,65,4
2026-03-26,000333,14:44:18,74.3300,67,2
2026-03-26,000333,14:44:21,74.3200,52,2
2026-03-26,000333,14:44:24,74.3600,17,1
2026-03-26,000333,14:44:27,74.3600,29,2
2026-03-26,000333,14:44:30,74.3500,23,2
2026-03-26,000333,14:44:33,74.3300,2,2
2026-03-26,000333,14:44:36,74.3500,11,1
2026-03-26,000333,14:44:42,74.3300,24,2
2026-03-26,000333,14:44:45,74.3600,54,1
2026-03-26,000333,14:44:48,74.3500,1,1
2026-03-26,000333,14:44:51,74.3500,6,1
2026-03-26,000333,14:44:54,74.3400,19,2
2026-03-26,000333,14:44:57,74.3300,57,2
2026-03-26,000333,14:45:00,74.3300,6,4
2026-03-26,000333,14:45:03,74.3400,4,1
2026-03-26,000333,14:45:06,74.3400,22,1
2026-03-26,000333,14:45:09,74.3300,18,2
2026-03-26,000333,14:45:12,74.3300,12,2
2026-03-26,000333,14:45:15,74.3200,32,2
2026-03-26,000333,14:45:18,74.3300,49,1
2026-03-26,000333,14:45:21,74.3400,4,1
2026-03-26,000333,14:45:24,74.3200,7,2
2026-03-26,000333,14:45:27,74.3200,5,2
2026-03-26,000333,14:45:30,74.3200,13,2
2026-03-26,000333,14:45:33,74.3200,7,1
2026-03-26,000333,14:45:36,74.3200,21,1
2026-03-26,000333,14:45:39,74.3300,20,1
2026-03-26,000333,14:45:42,74.3200,60,4
2026-03-26,000333,14:45:45,74.3200,9,2
2026-03-26,000333,14:45:48,74.3100,12,2
2026-03-26,000333,14:45:51,74.3200,53,1
2026-03-26,000333,14:45:54,74.3100,2,2
2026-03-26,000333,14:45:57,74.3000,25,2
2026-03-26,000333,14:46:00,74.3100,5,4
2026-03-26,000333,14:46:03,74.3100,15,1
2026-03-26,000333,14:46:06,74.3100,19,1
2026-03-26,000333,14:46:09,74.3100,18,1
2026-03-26,000333,14:46:12,74.3200,76,1
2026-03-26,000333,14:46:15,74.3200,96,1
2026-03-26,000333,14:46:18,74.3100,66,2
2026-03-26,000333,14:46:21,74.3200,22,1
2026-03-26,000333,14:46:24,74.3100,18,2
2026-03-26,000333,14:46:27,74.3100,5,2
2026-03-26,000333,14:46:30,74.3100,33,2
2026-03-26,000333,14:46:33,74.3100,63,2
2026-03-26,000333,14:46:36,74.3200,55,1
2026-03-26,000333,14:46:42,74.3200,29,1
2026-03-26,000333,14:46:45,74.3000,22,2
2026-03-26,000333,14:46:48,74.2800,237,2
2026-03-26,000333,14:46:51,74.2800,147,2
2026-03-26,000333,14:46:54,74.2700,8,2
2026-03-26,000333,14:46:57,74.2700,6,2
2026-03-26,000333,14:47:00,74.2700,7,2
2026-03-26,000333,14:47:03,74.2700,33,2
2026-03-26,000333,14:47:06,74.2800,36,1
2026-03-26,000333,14:47:09,74.2800,11,1
2026-03-26,000333,14:47:12,74.2600,78,2
2026-03-26,000333,14:47:15,74.2700,51,1
2026-03-26,000333,14:47:18,74.2700,24,1
2026-03-26,000333,14:47:21,74.2800,19,1
2026-03-26,000333,14:47:24,74.2700,19,2
2026-03-26,000333,14:47:27,74.2700,24,2
2026-03-26,000333,14:47:30,74.2700,36,2
2026-03-26,000333,14:47:33,74.2700,4,2
2026-03-26,000333,14:47:36,74.2700,58,2
2026-03-26,000333,14:47:39,74.2800,33,1
2026-03-26,000333,14:47:42,74.2600,18,2
2026-03-26,000333,14:47:45,74.2700,22,1
2026-03-26,000333,14:47:48,74.2700,7,2
2026-03-26,000333,14:47:51,74.2700,17,2
2026-03-26,000333,14:47:54,74.2800,22,1
2026-03-26,000333,14:47:57,74.2700,12,2
2026-03-26,000333,14:48:00,74.2800,27,1
2026-03-26,000333,14:48:03,74.2700,14,2
2026-03-26,000333,14:48:06,74.2700,42,2
2026-03-26,000333,14:48:09,74.2700,19,2
2026-03-26,000333,14:48:12,74.2700,29,2
2026-03-26,000333,14:48:15,74.2600,41,2
2026-03-26,000333,14:48:18,74.2700,11,1
2026-03-26,000333,14:48:21,74.2700,80,1
2026-03-26,000333,14:48:24,74.2800,79,1
2026-03-26,000333,14:48:27,74.2900,112,1
2026-03-26,000333,14:48:30,74.2900,72,1
2026-03-26,000333,14:48:33,74.2700,80,2
2026-03-26,000333,14:48:36,74.3000,371,1
2026-03-26,000333,14:48:39,74.2900,19,2
2026-03-26,000333,14:48:42,74.3000,6,1
2026-03-26,000333,14:48:45,74.2900,25,4
2026-03-26,000333,14:48:48,74.2900,22,4
2026-03-26,000333,14:48:51,74.3000,13,1
2026-03-26,000333,14:48:54,74.3000,37,1
2026-03-26,000333,14:48:57,74.2600,24,2
2026-03-26,000333,14:49:00,74.2900,16,4
2026-03-26,000333,14:49:03,74.2800,30,2
2026-03-26,000333,14:49:06,74.2900,38,1
2026-03-26,000333,14:49:09,74.2800,27,2
2026-03-26,000333,14:49:12,74.2800,49,2
2026-03-26,000333,14:49:15,74.2900,18,2
2026-03-26,000333,14:49:18,74.2400,341,2
2026-03-26,000333,14:49:21,74.3100,36,1
2026-03-26,000333,14:49:24,74.3000,20,2
2026-03-26,000333,14:49:27,74.2900,9,2
2026-03-26,000333,14:49:30,74.3000,20,1
2026-03-26,000333,14:49:33,74.2900,332,2
2026-03-26,000333,14:49:36,74.3000,21,1
2026-03-26,000333,14:49:39,74.2800,7,2
2026-03-26,000333,14:49:42,74.2700,18,2
2026-03-26,000333,14:49:45,74.2700,18,2
2026-03-26,000333,14:49:48,74.2600,7,2
2026-03-26,000333,14:49:51,74.2900,8,1
2026-03-26,000333,14:49:54,74.3000,18,1
2026-03-26,000333,14:49:57,74.2000,230,2
2026-03-26,000333,14:50:00,74.2500,60,1
2026-03-26,000333,14:50:03,74.2900,65,1
2026-03-26,000333,14:50:06,74.3000,35,1
2026-03-26,000333,14:50:09,74.3000,12,1
2026-03-26,000333,14:50:12,74.3000,13,1
2026-03-26,000333,14:50:15,74.2900,24,1
2026-03-26,000333,14:50:18,74.2900,23,1
2026-03-26,000333,14:50:21,74.3100,165,1
2026-03-26,000333,14:50:24,74.3000,5,2
2026-03-26,000333,14:50:27,74.3000,244,2
2026-03-26,000333,14:50:30,74.3000,30,1
2026-03-26,000333,14:50:33,74.3000,41,1
2026-03-26,000333,14:50:36,74.3100,48,1
2026-03-26,000333,14:50:39,74.3000,7,2
2026-03-26,000333,14:50:42,74.3000,32,2
2026-03-26,000333,14:50:45,74.3000,7,2
2026-03-26,000333,14:50:48,74.3000,35,2
2026-03-26,000333,14:50:51,74.3100,9,1
2026-03-26,000333,14:50:54,74.2700,249,2
2026-03-26,000333,14:50:57,74.3100,29,1
2026-03-26,000333,14:51:00,74.2700,34,2
2026-03-26,000333,14:51:03,74.2900,24,1
2026-03-26,000333,14:51:06,74.2900,52,4
2026-03-26,000333,14:51:09,74.2600,3,2
2026-03-26,000333,14:51:12,74.2800,17,1
2026-03-26,000333,14:51:15,74.2500,381,2
2026-03-26,000333,14:51:18,74.2800,17,1
2026-03-26,000333,14:51:21,74.2600,21,2
2026-03-26,000333,14:51:24,74.2700,7,1
2026-03-26,000333,14:51:27,74.2600,37,2
2026-03-26,000333,14:51:30,74.2700,31,1
2026-03-26,000333,14:51:33,74.2800,22,1
2026-03-26,000333,14:51:36,74.2500,360,2
2026-03-26,000333,14:51:39,74.2500,20,4
2026-03-26,000333,14:51:42,74.2500,9,1
2026-03-26,000333,14:51:45,74.2500,24,2
2026-03-26,000333,14:51:48,74.2600,13,1
2026-03-26,000333,14:51:51,74.2600,70,1
2026-03-26,000333,14:51:54,74.2500,450,2
2026-03-26,000333,14:51:57,74.2600,9,1
2026-03-26,000333,14:52:00,74.2500,46,2
2026-03-26,000333,14:52:03,74.2500,63,2
2026-03-26,000333,14:52:06,74.2600,58,1
2026-03-26,000333,14:52:09,74.2600,14,2
2026-03-26,000333,14:52:12,74.2500,292,2
2026-03-26,000333,14:52:15,74.2500,49,1
2026-03-26,000333,14:52:18,74.2500,18,1
2026-03-26,000333,14:52:21,74.2500,123,1
2026-03-26,000333,14:52:24,74.2400,370,2
2026-03-26,000333,14:52:27,74.2400,74,1
2026-03-26,000333,14:52:30,74.2400,7,2
2026-03-26,000333,14:52:33,74.2500,336,2
2026-03-26,000333,14:52:36,74.2500,31,1
2026-03-26,000333,14:52:39,74.2500,17,1
2026-03-26,000333,14:52:42,74.2200,52,2
2026-03-26,000333,14:52:45,74.2500,267,1
2026-03-26,000333,14:52:48,74.2600,112,1
2026-03-26,000333,14:52:51,74.2700,52,1
2026-03-26,000333,14:52:54,74.2700,32,4
2026-03-26,000333,14:52:57,74.2600,15,2
2026-03-26,000333,14:53:00,74.2600,99,2
2026-03-26,000333,14:53:03,74.2600,254,2
2026-03-26,000333,14:53:06,74.2500,8,2
2026-03-26,000333,14:53:09,74.2600,23,2
2026-03-26,000333,14:53:12,74.2700,8,1
2026-03-26,000333,14:53:15,74.2700,28,1
2026-03-26,000333,14:53:18,74.2800,75,1
2026-03-26,000333,14:53:21,74.2800,36,1
2026-03-26,000333,14:53:24,74.2800,87,1
2026-03-26,000333,14:53:27,74.2900,159,1
2026-03-26,000333,14:53:30,74.2900,19,2
2026-03-26,000333,14:53:33,74.2800,341,2
2026-03-26,000333,14:53:36,74.2800,33,2
2026-03-26,000333,14:53:39,74.3000,39,1
2026-03-26,000333,14:53:42,74.3000,33,2
2026-03-26,000333,14:53:45,74.3000,37,2
2026-03-26,000333,14:53:48,74.3000,50,2
2026-03-26,000333,14:53:51,74.3000,49,2
2026-03-26,000333,14:53:54,74.3000,55,2
2026-03-26,000333,14:53:57,74.3000,95,2
2026-03-26,000333,14:54:00,74.3100,107,1
2026-03-26,000333,14:54:03,74.3100,21,2
2026-03-26,000333,14:54:06,74.3200,87,1
2026-03-26,000333,14:54:09,74.3200,15,1
2026-03-26,000333,14:54:12,74.3100,9,2
2026-03-26,000333,14:54:15,74.3100,18,2
2026-03-26,000333,14:54:18,74.3200,38,1
2026-03-26,000333,14:54:21,74.3200,17,1
2026-03-26,000333,14:54:24,74.3000,22,2
2026-03-26,000333,14:54:27,74.3000,23,2
2026-03-26,000333,14:54:30,74.3100,9,1
2026-03-26,000333,14:54:33,74.3000,17,2
2026-03-26,000333,14:54:36,74.3000,16,2
2026-03-26,000333,14:54:39,74.3100,135,1
2026-03-26,000333,14:54:42,74.3000,45,2
2026-03-26,000333,14:54:45,74.3000,36,2
2026-03-26,000333,14:54:48,74.3000,37,2
2026-03-26,000333,14:54:51,74.3100,8,1
2026-03-26,000333,14:54:54,74.3100,207,1
2026-03-26,000333,14:54:57,74.3000,19,2
2026-03-26,000333,14:55:00,74.3200,10,1
2026-03-26,000333,14:55:03,74.3200,15,1
2026-03-26,000333,14:55:06,74.3200,22,1
2026-03-26,000333,14:55:09,74.3200,63,1
2026-03-26,000333,14:55:12,74.3400,98,1
2026-03-26,000333,14:55:15,74.3400,18,2
2026-03-26,000333,14:55:18,74.3600,16,1
2026-03-26,000333,14:55:21,74.3800,31,1
2026-03-26,000333,14:55:24,74.3600,26,2
2026-03-26,000333,14:55:27,74.3800,49,1
2026-03-26,000333,14:55:30,74.3800,68,1
2026-03-26,000333,14:55:33,74.3700,14,1
2026-03-26,000333,14:55:36,74.3800,43,1
2026-03-26,000333,14:55:39,74.4100,26,1
2026-03-26,000333,14:55:42,74.4200,27,1
2026-03-26,000333,14:55:45,74.4200,58,1
2026-03-26,000333,14:55:48,74.4100,37,1
2026-03-26,000333,14:55:51,74.4000,14,4
2026-03-26,000333,14:55:54,74.3900,25,2
2026-03-26,000333,14:55:57,74.3900,14,1
2026-03-26,000333,14:56:00,74.3900,32,1
2026-03-26,000333,14:56:03,74.4000,40,1
2026-03-26,000333,14:56:06,74.4000,20,1
2026-03-26,000333,14:56:09,74.4000,8,1
2026-03-26,000333,14:56:12,74.3600,16,2
2026-03-26,000333,14:56:15,74.3900,65,1
2026-03-26,000333,14:56:18,74.3300,41,2
2026-03-26,000333,14:56:21,74.4000,6,1
2026-03-26,000333,14:56:24,74.4000,10,1
2026-03-26,000333,14:56:27,74.3700,14,2
2026-03-26,000333,14:56:30,74.3500,44,2
2026-03-26,000333,14:56:33,74.3300,83,2
2026-03-26,000333,14:56:36,74.3200,23,2
2026-03-26,000333,14:56:39,74.3400,16,1
2026-03-26,000333,14:56:42,74.3400,1,1
2026-03-26,000333,14:56:45,74.3300,24,2
2026-03-26,000333,14:56:48,74.3300,7,2
2026-03-26,000333,14:56:51,74.3400,9,2
2026-03-26,000333,14:56:54,74.3400,1,2
2026-03-26,000333,14:56:57,74.3600,302,1
2026-03-26,000333,14:57:00,74.4000,4,1
2026-03-26,000333,15:00:02,74.3200,1947,4
2026-03-26,000333,13:12:33,74.8400,13,1
2026-03-26,000333,13:12:36,74.8400,42,1
2026-03-26,000333,13:12:39,74.8400,12,1
2026-03-26,000333,13:12:42,74.8400,32,2
2026-03-26,000333,13:12:45,74.8400,29,1
2026-03-26,000333,13:12:48,74.8400,3,1
2026-03-26,000333,13:12:51,74.8400,9,2
2026-03-26,000333,13:12:54,74.8400,15,2
2026-03-26,000333,13:12:57,74.8300,10,2
2026-03-26,000333,13:13:00,74.8300,3,2
2026-03-26,000333,13:13:03,74.8300,19,2
2026-03-26,000333,13:13:06,74.8300,91,1
2026-03-26,000333,13:13:09,74.8200,15,2
2026-03-26,000333,13:13:12,74.8300,7,1
2026-03-26,000333,13:13:15,74.8300,6,2
2026-03-26,000333,13:13:18,74.8300,22,1
2026-03-26,000333,13:13:21,74.8100,42,2
2026-03-26,000333,13:13:24,74.8100,37,2
2026-03-26,000333,13:13:27,74.8100,5,2
2026-03-26,000333,13:13:30,74.8200,12,1
2026-03-26,000333,13:13:33,74.8200,38,2
2026-03-26,000333,13:13:36,74.8200,19,1
2026-03-26,000333,13:13:39,74.8200,16,2
2026-03-26,000333,13:13:42,74.8200,3,2
2026-03-26,000333,13:13:45,74.8200,11,2
2026-03-26,000333,13:13:51,74.8100,9,2
2026-03-26,000333,13:13:54,74.8100,27,2
2026-03-26,000333,13:13:57,74.8200,12,1
2026-03-26,000333,13:14:00,74.8200,53,1
2026-03-26,000333,13:14:03,74.8100,22,2
2026-03-26,000333,13:14:06,74.8100,57,1
2026-03-26,000333,13:14:09,74.8100,4,1
2026-03-26,000333,13:14:12,74.8200,51,1
2026-03-26,000333,13:14:15,74.8100,41,2
2026-03-26,000333,13:14:18,74.8500,114,1
2026-03-26,000333,13:14:21,74.8500,75,1
2026-03-26,000333,13:14:24,74.8500,39,2
2026-03-26,000333,13:14:27,74.8700,32,1
2026-03-26,000333,13:14:30,74.8700,37,1
2026-03-26,000333,13:14:33,74.8500,88,2
2026-03-26,000333,13:14:36,74.8600,90,2
2026-03-26,000333,13:14:39,74.8700,29,1
2026-03-26,000333,13:14:42,74.8700,36,1
2026-03-26,000333,13:14:45,74.8700,36,2
2026-03-26,000333,13:14:48,74.8800,12,1
2026-03-26,000333,13:14:51,74.8800,75,1
2026-03-26,000333,13:14:54,74.8700,25,2
2026-03-26,000333,13:14:57,74.8800,17,1
2026-03-26,000333,13:15:00,74.8700,71,2
2026-03-26,000333,13:15:06,74.8900,31,1
2026-03-26,000333,13:15:09,74.8900,59,1
2026-03-26,000333,13:15:12,74.8800,9,4
2026-03-26,000333,13:15:15,74.8700,27,2
2026-03-26,000333,13:15:18,74.8900,11,1
2026-03-26,000333,13:15:21,74.8900,8,1
2026-03-26,000333,13:15:24,74.9000,35,1
2026-03-26,000333,13:15:27,74.9000,6,1
2026-03-26,000333,13:15:30,74.8900,27,2
2026-03-26,000333,13:15:33,74.9000,5,1
2026-03-26,000333,13:15:36,74.9000,21,1
2026-03-26,000333,13:15:39,74.8900,3,2
2026-03-26,000333,13:15:42,74.9000,19,1
2026-03-26,000333,13:15:45,74.8900,5,2
2026-03-26,000333,13:15:48,74.8800,10,2
2026-03-26,000333,13:15:51,74.8800,3,2
2026-03-26,000333,13:15:54,74.8800,26,2
2026-03-26,000333,13:15:57,74.8900,5,4
2026-03-26,000333,13:16:00,74.8900,58,2
2026-03-26,000333,13:16:03,74.9000,70,1
2026-03-26,000333,13:16:06,74.9000,49,2
2026-03-26,000333,13:16:09,74.9100,47,1
2026-03-26,000333,13:16:12,74.9200,12,1
2026-03-26,000333,13:16:18,74.9200,57,2
2026-03-26,000333,13:16:21,74.9300,38,2
2026-03-26,000333,13:16:24,74.9200,27,2
2026-03-26,000333,13:16:27,74.9100,9,2
2026-03-26,000333,13:16:30,74.9100,1,2
2026-03-26,000333,13:16:33,74.9100,4,2
2026-03-26,000333,13:16:36,74.9200,29,1
2026-03-26,000333,13:16:39,74.9200,10,1
2026-03-26,000333,13:16:42,74.9200,2,1
2026-03-26,000333,13:16:48,74.9100,7,2
2026-03-26,000333,13:16:51,74.9100,4,2
2026-03-26,000333,13:16:54,74.9000,40,2
2026-03-26,000333,13:16:57,74.9000,17,2
2026-03-26,000333,13:17:00,74.9000,20,2
2026-03-26,000333,13:17:03,74.9000,14,2
2026-03-26,000333,13:17:06,74.9000,35,1
2026-03-26,000333,13:17:09,74.8900,1,2
2026-03-26,000333,13:17:12,74.8800,26,2
2026-03-26,000333,13:17:18,74.8700,45,2
2026-03-26,000333,13:17:21,74.8500,1,2
2026-03-26,000333,13:17:24,74.8500,6,2
2026-03-26,000333,13:17:27,74.8600,67,4
2026-03-26,000333,13:17:30,74.8900,9,1
2026-03-26,000333,13:17:33,74.8700,85,2
2026-03-26,000333,13:17:36,74.9000,27,1
2026-03-26,000333,13:17:39,74.8800,16,2
2026-03-26,000333,13:17:42,74.8800,2,4
2026-03-26,000333,13:17:45,74.8700,1,2
2026-03-26,000333,13:17:51,74.8700,14,2
2026-03-26,000333,13:17:54,74.8600,10,2
2026-03-26,000333,13:17:57,74.8600,24,2
2026-03-26,000333,13:18:00,74.8700,5,4
2026-03-26,000333,13:18:03,74.8700,1,4
2026-03-26,000333,13:18:06,74.8800,20,1
2026-03-26,000333,13:18:09,74.8800,5,1
2026-03-26,000333,13:18:12,74.8800,10,1
2026-03-26,000333,13:18:15,74.8700,15,2
2026-03-26,000333,13:18:18,74.8700,21,1
2026-03-26,000333,13:18:21,74.8800,95,1
2026-03-26,000333,13:18:24,74.9300,245,1
2026-03-26,000333,13:18:27,74.9400,353,1
2026-03-26,000333,13:18:30,74.9800,60,1
2026-03-26,000333,13:18:33,75.0200,135,1
2026-03-26,000333,13:18:36,74.9800,58,2
2026-03-26,000333,13:18:39,75.0100,19,1
2026-03-26,000333,13:18:42,74.9800,40,1
2026-03-26,000333,13:18:45,75.0300,75,1
2026-03-26,000333,13:18:48,75.0100,64,1
2026-03-26,000333,13:18:51,75.0100,51,2
2026-03-26,000333,13:18:54,75.0000,146,2
2026-03-26,000333,13:18:57,74.9800,24,2
2026-03-26,000333,13:19:00,75.0000,67,1
2026-03-26,000333,13:19:03,75.0000,5,2
2026-03-26,000333,13:19:06,75.0100,71,1
2026-03-26,000333,13:19:09,75.0100,17,2
2026-03-26,000333,13:19:12,75.0100,1,1
2026-03-26,000333,13:19:15,75.0000,26,2
2026-03-26,000333,13:19:18,75.0000,6,2
2026-03-26,000333,13:19:21,75.0000,5,2
2026-03-26,000333,13:19:24,75.0100,138,1
2026-03-26,000333,13:19:27,75.0200,54,1
2026-03-26,000333,13:19:30,75.0400,71,1
2026-03-26,000333,13:19:33,75.0500,126,1
2026-03-26,000333,13:19:36,75.0500,148,1
2026-03-26,000333,13:19:39,75.0400,105,4
2026-03-26,000333,13:19:42,75.0200,119,2
2026-03-26,000333,13:19:45,75.0300,32,4
2026-03-26,000333,13:19:48,75.0000,138,2
2026-03-26,000333,13:19:51,75.0000,148,2
2026-03-26,000333,13:19:54,74.9900,13,2
2026-03-26,000333,13:19:57,75.0100,17,1
2026-03-26,000333,13:20:00,75.0100,30,2
2026-03-26,000333,13:20:03,75.0200,43,4
2026-03-26,000333,13:20:06,75.0100,3,4
2026-03-26,000333,13:20:09,75.0100,7,2
2026-03-26,000333,13:20:12,75.0100,21,2
2026-03-26,000333,13:20:15,75.0100,1,4
2026-03-26,000333,13:20:18,74.9400,92,2
2026-03-26,000333,13:20:21,74.9600,33,1
2026-03-26,000333,13:20:24,74.9700,43,1
2026-03-26,000333,13:20:27,74.9700,9,2
2026-03-26,000333,13:20:30,74.9800,16,1
2026-03-26,000333,13:20:33,74.9600,22,2
2026-03-26,000333,13:20:36,75.0000,30,1
2026-03-26,000333,13:20:39,74.9800,25,2
2026-03-26,000333,13:20:42,75.0000,63,1
2026-03-26,000333,13:20:45,74.9700,58,2
2026-03-26,000333,13:20:48,74.9700,48,2
2026-03-26,000333,13:20:51,74.9900,50,4
2026-03-26,000333,13:20:54,75.0000,36,1
2026-03-26,000333,13:20:57,75.0000,61,1
2026-03-26,000333,13:21:00,74.9700,32,2
2026-03-26,000333,13:21:03,74.9800,15,1
2026-03-26,000333,13:21:06,75.0000,43,1
2026-03-26,000333,13:21:09,74.9800,4,2
2026-03-26,000333,13:21:12,74.9800,7,1
2026-03-26,000333,13:21:15,74.9600,9,2
2026-03-26,000333,13:21:18,74.9300,98,2
2026-03-26,000333,13:21:21,74.9100,5,2
2026-03-26,000333,13:21:24,74.9100,18,2
2026-03-26,000333,13:21:27,74.9400,16,1
2026-03-26,000333,13:21:30,74.9100,3,2
2026-03-26,000333,13:21:33,74.9400,7,1
2026-03-26,000333,13:21:36,74.9300,4,4
2026-03-26,000333,13:21:39,74.9300,16,2
2026-03-26,000333,13:21:42,74.9300,2,4
2026-03-26,000333,13:21:45,74.9200,13,2
2026-03-26,000333,13:21:48,74.9100,32,2
2026-03-26,000333,13:21:51,74.9000,2,2
2026-03-26,000333,13:21:54,74.9100,53,1
2026-03-26,000333,13:21:57,74.9100,16,1
2026-03-26,000333,13:22:00,74.9100,15,1
2026-03-26,000333,13:22:03,74.9000,5,2
2026-03-26,000333,13:22:06,74.9100,25,1
2026-03-26,000333,13:22:09,74.9000,9,2
2026-03-26,000333,13:22:12,74.9000,2,2
2026-03-26,000333,13:22:21,74.8900,27,2
2026-03-26,000333,13:22:24,74.8800,3,2
2026-03-26,000333,13:22:30,74.8800,23,2
2026-03-26,000333,13:22:33,74.8700,5,2
2026-03-26,000333,13:22:36,74.8700,67,2
2026-03-26,000333,13:22:39,74.8600,20,2
2026-03-26,000333,13:22:45,74.8600,8,2
2026-03-26,000333,13:22:48,74.8600,1,2
2026-03-26,000333,13:22:51,74.8700,22,1
2026-03-26,000333,13:22:54,74.8700,8,2
2026-03-26,000333,13:22:57,74.8600,6,2
2026-03-26,000333,13:23:00,74.8600,17,2
2026-03-26,000333,13:23:03,74.8500,26,2
2026-03-26,000333,13:23:06,74.8500,19,2
2026-03-26,000333,13:23:09,74.8500,10,2
2026-03-26,000333,13:23:12,74.8500,5,2
2026-03-26,000333,13:23:21,74.8500,20,2
2026-03-26,000333,13:23:24,74.8400,12,2
2026-03-26,000333,13:23:27,74.8300,58,2
2026-03-26,000333,13:23:30,74.8300,3,2
2026-03-26,000333,13:23:33,74.8400,33,1
2026-03-26,000333,13:23:36,74.8300,47,2
2026-03-26,000333,13:23:39,74.8300,1,2
2026-03-26,000333,13:23:42,74.8300,21,2
2026-03-26,000333,13:23:45,74.8300,30,1
2026-03-26,000333,13:23:51,74.8200,7,2
2026-03-26,000333,13:23:54,74.8200,9,2
2026-03-26,000333,13:23:57,74.8300,10,1
2026-03-26,000333,13:24:00,74.8200,5,2
2026-03-26,000333,13:24:03,74.8100,4,2
2026-03-26,000333,13:24:06,74.8300,28,1
2026-03-26,000333,13:24:09,74.8200,32,4
2026-03-26,000333,13:24:12,74.8100,3,2
2026-03-26,000333,13:24:15,74.8100,8,2
2026-03-26,000333,13:24:18,74.8100,4,2
2026-03-26,000333,13:24:21,74.8200,15,1
2026-03-26,000333,13:24:24,74.8200,171,1
2026-03-26,000333,13:24:27,74.8400,41,1
2026-03-26,000333,13:24:30,74.8300,472,2
2026-03-26,000333,13:24:33,74.8600,64,2
2026-03-26,000333,13:24:36,74.8700,29,1
2026-03-26,000333,13:24:39,74.8600,2,2
2026-03-26,000333,13:24:42,74.8700,51,1
2026-03-26,000333,13:24:45,74.8700,24,2
2026-03-26,000333,13:24:48,74.8800,29,1
2026-03-26,000333,13:24:51,74.8800,1,1
2026-03-26,000333,13:24:54,74.8700,4,2
2026-03-26,000333,13:24:57,74.8500,98,2
2026-03-26,000333,13:25:00,74.8600,6,1
2026-03-26,000333,13:25:03,74.8600,4,2
2026-03-26,000333,13:25:06,74.8600,4,1
2026-03-26,000333,13:25:09,74.8700,16,1
2026-03-26,000333,13:25:12,74.8800,59,1
2026-03-26,000333,13:25:15,74.8800,31,1
2026-03-26,000333,13:25:18,74.8500,4,2
2026-03-26,000333,13:25:21,74.8700,51,1
2026-03-26,000333,13:25:24,74.8600,2,2
2026-03-26,000333,13:25:27,74.8500,3,2
2026-03-26,000333,13:25:30,74.8500,3,2
2026-03-26,000333,13:25:33,74.8600,4,1
2026-03-26,000333,13:25:36,74.8600,15,1
2026-03-26,000333,13:25:39,74.8600,7,1
2026-03-26,000333,13:25:45,74.8600,25,1
2026-03-26,000333,13:25:48,74.8400,105,2
2026-03-26,000333,13:25:51,74.8400,8,2
2026-03-26,000333,13:25:54,74.8500,10,1
2026-03-26,000333,13:25:57,74.8400,1,2
2026-03-26,000333,13:26:00,74.8300,70,2
2026-03-26,000333,13:26:06,74.8400,20,1
2026-03-26,000333,13:26:09,74.8300,20,2
2026-03-26,000333,13:26:15,74.8200,25,2
2026-03-26,000333,13:26:18,74.8100,4,2
2026-03-26,000333,13:26:21,74.8000,33,2
2026-03-26,000333,13:26:24,74.8100,5,1
2026-03-26,000333,13:26:30,74.8000,34,2
2026-03-26,000333,13:26:33,74.8000,13,2
2026-03-26,000333,13:26:36,74.8000,59,2
2026-03-26,000333,13:26:39,74.8100,59,1
2026-03-26,000333,13:26:42,74.8100,101,1
2026-03-26,000333,13:26:45,74.8100,25,1
2026-03-26,000333,13:26:48,74.8000,49,2
2026-03-26,000333,13:26:51,74.8100,66,1
2026-03-26,000333,13:26:54,74.8000,57,2
2026-03-26,000333,13:26:57,74.8000,10,2
2026-03-26,000333,13:27:00,74.8100,39,1
2026-03-26,000333,13:27:03,74.7900,41,2
2026-03-26,000333,13:27:06,74.7800,46,2
2026-03-26,000333,13:27:09,74.7900,21,1
2026-03-26,000333,13:27:12,74.7900,18,1
2026-03-26,000333,13:27:15,74.7800,4,2
2026-03-26,000333,13:27:18,74.7800,11,2
2026-03-26,000333,13:27:21,74.7700,12,2
2026-03-26,000333,13:27:24,74.7600,115,2
2026-03-26,000333,13:27:27,74.7600,30,2
2026-03-26,000333,13:27:30,74.7600,1,2
2026-03-26,000333,13:27:33,74.7500,49,2
2026-03-26,000333,13:27:36,74.7600,26,1
2026-03-26,000333,13:27:39,74.7500,10,2
2026-03-26,000333,13:27:42,74.7500,11,2
2026-03-26,000333,13:27:45,74.7500,15,2
2026-03-26,000333,13:27:48,74.7500,10,2
2026-03-26,000333,13:27:51,74.7500,111,2
2026-03-26,000333,13:27:54,74.7400,19,2
2026-03-26,000333,13:27:57,74.7400,1,2
2026-03-26,000333,13:28:00,74.7400,11,2
2026-03-26,000333,13:28:03,74.7300,11,2
2026-03-26,000333,13:28:06,74.7400,42,1
2026-03-26,000333,13:28:09,74.7400,38,1
2026-03-26,000333,13:28:12,74.7400,10,2
2026-03-26,000333,13:28:15,74.7500,5,1
2026-03-26,000333,13:28:18,74.7400,4,2
2026-03-26,000333,13:28:21,74.7400,6,2
2026-03-26,000333,13:28:24,74.7300,15,2
2026-03-26,000333,13:28:27,74.7300,36,2
2026-03-26,000333,13:28:30,74.7200,9,2
2026-03-26,000333,13:28:33,74.7200,4,2
2026-03-26,000333,13:28:36,74.7300,26,1
2026-03-26,000333,13:28:39,74.7200,28,2
2026-03-26,000333,13:28:42,74.7100,9,2
2026-03-26,000333,13:28:45,74.7200,1,1
2026-03-26,000333,13:28:48,74.7100,53,2
2026-03-26,000333,13:28:51,74.7000,70,2
2026-03-26,000333,13:28:54,74.7000,14,2
2026-03-26,000333,13:28:57,74.7000,7,2
2026-03-26,000333,13:29:00,74.7000,66,2
2026-03-26,000333,13:29:03,74.7000,42,2
2026-03-26,000333,13:29:06,74.7100,8,1
2026-03-26,000333,13:29:09,74.7000,2,2
2026-03-26,000333,13:29:12,74.7100,152,1
2026-03-26,000333,13:29:15,74.7100,35,2
2026-03-26,000333,13:29:18,74.7200,7,1
2026-03-26,000333,13:29:21,74.7100,15,2
2026-03-26,000333,13:29:24,74.7100,8,2
2026-03-26,000333,13:29:27,74.7700,569,1
2026-03-26,000333,13:29:30,74.7800,30,2
2026-03-26,000333,13:29:33,74.7900,43,1
2026-03-26,000333,13:29:36,74.8100,47,1
2026-03-26,000333,13:29:39,74.8100,45,1
2026-03-26,000333,13:29:42,74.7900,139,2
2026-03-26,000333,13:29:45,74.8900,155,1
2026-03-26,000333,13:29:48,74.8300,115,2
2026-03-26,000333,13:29:51,74.8800,92,1
2026-03-26,000333,13:29:54,74.8200,41,2
2026-03-26,000333,13:29:57,74.8700,26,1
2026-03-26,000333,13:30:00,74.8400,1,4
2026-03-26,000333,13:30:03,74.8600,10,1
2026-03-26,000333,13:30:06,74.8200,6,2
2026-03-26,000333,13:30:12,74.8100,32,2
2026-03-26,000333,13:30:15,74.8300,2,1
2026-03-26,000333,13:30:18,74.8200,2,4
2026-03-26,000333,13:30:21,74.8300,5,1
2026-03-26,000333,13:30:24,74.8400,8,1
2026-03-26,000333,13:30:27,74.8300,9,2
2026-03-26,000333,13:30:30,74.8500,1,1
2026-03-26,000333,13:30:36,74.8400,21,2
2026-03-26,000333,13:30:39,74.8500,73,1
2026-03-26,000333,13:30:42,74.8800,56,1
2026-03-26,000333,13:30:45,74.8600,14,2
2026-03-26,000333,13:30:48,74.8700,1,4
2026-03-26,000333,13:30:51,74.8800,9,1
2026-03-26,000333,13:30:54,74.8700,1,2
2026-03-26,000333,13:30:57,74.8700,4,1
2026-03-26,000333,13:31:00,74.8700,47,2
2026-03-26,000333,13:31:03,74.8700,24,2
2026-03-26,000333,13:31:06,74.8700,62,2
2026-03-26,000333,13:31:09,74.8600,32,2
2026-03-26,000333,13:31:12,74.8500,59,2
2026-03-26,000333,13:31:15,74.8300,36,2
2026-03-26,000333,13:31:18,74.8200,56,2
2026-03-26,000333,13:31:21,74.7900,7,2
2026-03-26,000333,13:31:24,74.7900,5,2
2026-03-26,000333,13:31:27,74.8100,4,1
2026-03-26,000333,13:31:30,74.8200,1,1
2026-03-26,000333,13:31:33,74.8500,79,1
2026-03-26,000333,13:31:36,74.8500,118,1
2026-03-26,000333,13:31:39,74.8400,15,2
2026-03-26,000333,13:31:42,74.8400,7,1
2026-03-26,000333,13:31:48,74.8200,2,2
2026-03-26,000333,13:31:51,74.8200,19,2
2026-03-26,000333,13:31:54,74.7900,5,2
2026-03-26,000333,13:31:57,74.8100,1,1
2026-03-26,000333,13:32:00,74.7900,10,2
2026-03-26,000333,13:32:03,74.8000,15,4
2026-03-26,000333,13:32:06,74.8100,17,1
2026-03-26,000333,13:32:09,74.8100,8,2
2026-03-26,000333,13:32:12,74.8100,2,2
2026-03-26,000333,13:32:15,74.8200,26,1
2026-03-26,000333,13:32:18,74.8200,18,1
2026-03-26,000333,13:32:21,74.8000,15,2
2026-03-26,000333,13:32:24,74.8000,6,2
2026-03-26,000333,13:32:27,74.8000,4,2
2026-03-26,000333,13:32:30,74.8000,12,2
2026-03-26,000333,13:32:33,74.7900,24,2
2026-03-26,000333,13:32:36,74.7900,52,2
2026-03-26,000333,13:32:39,74.7800,37,2
2026-03-26,000333,13:32:42,74.7700,3,2
2026-03-26,000333,13:32:48,74.7800,12,4
2026-03-26,000333,13:32:51,74.7700,4,4
2026-03-26,000333,13:32:54,74.7700,7,1
2026-03-26,000333,13:33:00,74.7500,23,2
2026-03-26,000333,13:33:03,74.7700,45,1
2026-03-26,000333,13:33:06,74.7900,146,1
2026-03-26,000333,13:33:09,74.7900,87,2
2026-03-26,000333,13:33:15,74.7900,11,2
2026-03-26,000333,13:33:18,74.8000,1,4
2026-03-26,000333,13:33:21,74.7900,9,2
2026-03-26,000333,13:33:24,74.7900,7,2
2026-03-26,000333,13:33:27,74.7800,11,2
2026-03-26,000333,13:33:30,74.7800,1,2
2026-03-26,000333,13:33:36,74.7900,11,1
2026-03-26,000333,13:33:39,74.7900,10,2
2026-03-26,000333,13:33:42,74.7900,4,1
2026-03-26,000333,13:33:51,74.7800,5,2
2026-03-26,000333,13:33:54,74.7900,16,1
2026-03-26,000333,13:33:57,74.8000,141,1
2026-03-26,000333,13:34:00,74.8100,18,1
2026-03-26,000333,13:34:03,74.8100,81,1
2026-03-26,000333,13:34:06,74.8200,54,1
2026-03-26,000333,13:34:09,74.8400,4,1
2026-03-26,000333,13:34:12,74.8300,4,2
2026-03-26,000333,13:34:15,74.8400,12,1
2026-03-26,000333,13:34:18,74.8300,55,2
2026-03-26,000333,13:34:21,74.8300,5,1
2026-03-26,000333,13:34:24,74.8200,16,2
2026-03-26,000333,13:34:27,74.8300,2,1
2026-03-26,000333,13:34:30,74.8300,5,1
2026-03-26,000333,13:34:33,74.8200,3,2
2026-03-26,000333,13:34:36,74.8300,120,1
2026-03-26,000333,13:34:39,74.8100,2,2
2026-03-26,000333,13:34:42,74.8100,20,2
2026-03-26,000333,13:34:48,74.8100,9,2
2026-03-26,000333,13:34:54,74.8100,2,1
2026-03-26,000333,13:34:57,74.8200,87,1
2026-03-26,000333,13:35:00,74.8300,68,1
2026-03-26,000333,13:35:03,74.8400,45,1
2026-03-26,000333,13:35:06,74.8400,27,1
2026-03-26,000333,13:35:09,74.8400,17,1
2026-03-26,000333,13:35:12,74.8400,11,2
2026-03-26,000333,13:35:15,74.8400,14,2
2026-03-26,000333,13:35:18,74.8300,23,2
2026-03-26,000333,13:35:21,74.8400,8,1
2026-03-26,000333,13:35:24,74.8300,14,2
2026-03-26,000333,13:35:27,74.8500,18,1
2026-03-26,000333,13:35:30,74.8500,1,1
2026-03-26,000333,13:35:33,74.8400,6,2
2026-03-26,000333,13:35:36,74.8500,22,1
2026-03-26,000333,13:35:39,74.8400,2,2
2026-03-26,000333,13:35:42,74.8400,4,4
2026-03-26,000333,13:35:45,74.8300,6,2
2026-03-26,000333,13:35:51,74.8300,17,2
2026-03-26,000333,13:35:54,74.8300,119,2
2026-03-26,000333,13:35:57,74.8300,6,2
2026-03-26,000333,13:36:00,74.8600,50,1
2026-03-26,000333,13:36:03,74.8600,12,1
2026-03-26,000333,13:36:06,74.8600,31,2
2026-03-26,000333,13:36:09,74.8700,7,1
2026-03-26,000333,13:36:12,74.8600,37,2
2026-03-26,000333,13:36:15,74.8600,2,1
2026-03-26,000333,13:36:18,74.8600,95,1
2026-03-26,000333,13:36:21,74.8200,41,2
2026-03-26,000333,13:36:24,74.8200,1,2
2026-03-26,000333,13:36:27,74.8200,7,4
2026-03-26,000333,13:36:30,74.8300,57,1
2026-03-26,000333,13:36:33,74.8300,12,2
2026-03-26,000333,13:36:36,74.8400,39,1
2026-03-26,000333,13:36:39,74.8400,15,2
2026-03-26,000333,13:36:42,74.8400,1,2
2026-03-26,000333,13:36:45,74.8200,18,2
2026-03-26,000333,13:36:48,74.8100,18,2
2026-03-26,000333,13:36:51,74.8300,9,1
2026-03-26,000333,13:36:54,74.8100,24,2
2026-03-26,000333,13:36:57,74.8300,14,1
2026-03-26,000333,13:37:00,74.8100,18,2
2026-03-26,000333,13:37:03,74.8200,18,2
2026-03-26,000333,13:37:06,74.8300,14,1
2026-03-26,000333,13:37:09,74.8300,5,1
2026-03-26,000333,13:37:15,74.8200,14,2
2026-03-26,000333,13:37:21,74.8200,6,2
2026-03-26,000333,13:37:24,74.8400,113,1
2026-03-26,000333,13:37:27,74.8300,8,2
2026-03-26,000333,13:37:30,74.8400,9,1
2026-03-26,000333,13:37:33,74.8300,2,2
2026-03-26,000333,13:37:36,74.8400,14,1
2026-03-26,000333,13:37:39,74.8400,2,1
2026-03-26,000333,13:37:42,74.8400,24,1
2026-03-26,000333,13:37:45,74.8300,1,2
2026-03-26,000333,13:37:48,74.8200,24,2
2026-03-26,000333,13:37:51,74.8200,20,2
2026-03-26,000333,13:37:54,74.8100,5,2
2026-03-26,000333,13:37:57,74.8100,46,2
2026-03-26,000333,13:38:00,74.8000,3,2
2026-03-26,000333,13:38:03,74.8000,36,2
2026-03-26,000333,13:38:06,74.7800,35,2
2026-03-26,000333,13:38:09,74.8000,5,1
2026-03-26,000333,13:38:12,74.7800,10,2
2026-03-26,000333,13:38:15,74.7800,2,2
2026-03-26,000333,13:38:18,74.7900,15,4
2026-03-26,000333,13:38:21,74.7900,12,2
2026-03-26,000333,13:38:24,74.8000,1,1
2026-03-26,000333,13:38:27,74.7900,6,2
2026-03-26,000333,13:38:33,74.7900,12,2
2026-03-26,000333,13:38:36,74.7900,21,2
2026-03-26,000333,13:38:39,74.7900,7,2
2026-03-26,000333,13:38:42,74.7900,8,2
2026-03-26,000333,13:38:45,74.7800,11,2
2026-03-26,000333,13:38:51,74.7800,4,2
2026-03-26,000333,13:38:54,74.7900,70,1
2026-03-26,000333,13:38:57,74.8100,99,1
2026-03-26,000333,13:39:00,74.8000,59,2
2026-03-26,000333,13:39:03,74.8000,3,2
2026-03-26,000333,13:39:06,74.8100,28,1
2026-03-26,000333,13:39:09,74.8200,19,1
2026-03-26,000333,13:39:15,74.8100,18,2
2026-03-26,000333,13:39:21,74.8200,6,1
2026-03-26,000333,13:39:24,74.8000,3,2
2026-03-26,000333,13:39:27,74.8200,3,1
2026-03-26,000333,13:39:33,74.8000,12,2
2026-03-26,000333,13:39:36,74.8200,46,1
2026-03-26,000333,13:39:39,74.8200,25,1
2026-03-26,000333,13:39:42,74.8200,15,2
2026-03-26,000333,13:39:45,74.8300,9,1
2026-03-26,000333,13:39:48,74.8200,2,2
2026-03-26,000333,13:39:51,74.8300,3,1
2026-03-26,000333,13:39:54,74.8200,11,2
2026-03-26,000333,13:39:57,74.8200,3,4
2026-03-26,000333,13:40:00,74.8200,7,1
2026-03-26,000333,13:40:03,74.8200,5,4
2026-03-26,000333,13:40:06,74.8300,8,1
2026-03-26,000333,13:40:09,74.8300,26,1
2026-03-26,000333,13:40:12,74.8200,242,2
2026-03-26,000333,13:40:15,74.8300,60,1
2026-03-26,000333,13:40:18,74.8400,12,1
2026-03-26,000333,13:40:21,74.8300,6,2
2026-03-26,000333,13:40:24,74.8100,7,2
2026-03-26,000333,13:40:30,74.8300,6,1
2026-03-26,000333,13:40:33,74.8300,5,1
2026-03-26,000333,13:40:36,74.8100,16,2
2026-03-26,000333,13:40:39,74.8100,1,2
2026-03-26,000333,13:40:42,74.8100,4,2
2026-03-26,000333,13:40:45,74.8100,15,2
2026-03-26,000333,13:40:48,74.8200,79,4
2026-03-26,000333,13:40:54,74.8000,6,2
2026-03-26,000333,13:40:57,74.8000,57,2
2026-03-26,000333,13:41:00,74.8000,42,1
2026-03-26,000333,13:41:03,74.8100,174,1
2026-03-26,000333,13:41:06,74.8200,59,1
2026-03-26,000333,13:41:09,74.8200,34,1
2026-03-26,000333,13:41:12,74.8100,7,2
2026-03-26,000333,13:41:15,74.8100,12,2
2026-03-26,000333,13:41:18,74.8100,2,2
2026-03-26,000333,13:41:21,74.8100,5,2
2026-03-26,000333,13:41:27,74.8100,36,2
2026-03-26,000333,13:41:30,74.8100,4,1
2026-03-26,000333,13:41:33,74.8200,10,2
2026-03-26,000333,13:41:36,74.8100,17,2
2026-03-26,000333,13:41:39,74.8300,8,1
2026-03-26,000333,13:41:42,74.8300,2,1
2026-03-26,000333,13:41:45,74.8200,10,2
2026-03-26,000333,13:41:48,74.8200,5,2
2026-03-26,000333,13:41:51,74.8300,2,1
2026-03-26,000333,13:41:54,74.8300,25,1
2026-03-26,000333,13:41:57,74.8100,15,2
2026-03-26,000333,13:42:00,74.8000,14,2
2026-03-26,000333,13:42:03,74.8200,121,1
2026-03-26,000333,13:42:06,74.8200,28,2
2026-03-26,000333,13:42:09,74.8000,10,2
2026-03-26,000333,13:42:12,74.8200,4,1
2026-03-26,000333,13:42:15,74.8000,27,2
2026-03-26,000333,13:42:18,74.8300,11,1
2026-03-26,000333,13:42:21,74.8300,107,1
2026-03-26,000333,13:42:24,74.8300,54,2
2026-03-26,000333,13:42:27,74.8400,12,1
2026-03-26,000333,13:42:30,74.8400,14,1
2026-03-26,000333,13:42:33,74.8400,5,1
2026-03-26,000333,13:42:36,74.8400,21,1
2026-03-26,000333,13:42:39,74.8400,4,2
2026-03-26,000333,13:42:42,74.8500,5,1
2026-03-26,000333,13:42:45,74.8300,1,2
2026-03-26,000333,13:42:48,74.8300,19,2
2026-03-26,000333,13:42:51,74.8400,1,1
2026-03-26,000333,13:42:54,74.8300,10,2
2026-03-26,000333,13:42:57,74.8300,2,2
2026-03-26,000333,13:43:00,74.8300,15,2
2026-03-26,000333,13:43:03,74.8200,22,2
2026-03-26,000333,13:43:06,74.8300,20,1
2026-03-26,000333,13:43:09,74.8200,6,2
2026-03-26,000333,13:43:12,74.8300,2,1
2026-03-26,000333,13:43:15,74.8300,10,1
2026-03-26,000333,13:43:18,74.8200,2,2
2026-03-26,000333,13:43:21,74.8200,4,2
2026-03-26,000333,13:43:24,74.8200,7,2
2026-03-26,000333,13:43:27,74.8200,11,2
2026-03-26,000333,13:43:30,74.8200,10,2
2026-03-26,000333,13:43:33,74.8100,41,2
2026-03-26,000333,13:43:36,74.8200,28,1
2026-03-26,000333,13:43:39,74.8100,10,2
2026-03-26,000333,13:43:42,74.8000,45,2
2026-03-26,000333,13:43:45,74.8000,17,2
2026-03-26,000333,13:43:48,74.8000,15,2
2026-03-26,000333,13:43:51,74.8000,25,2
2026-03-26,000333,13:43:54,74.8000,6,1
2026-03-26,000333,13:43:57,74.8000,14,1
2026-03-26,000333,13:44:03,74.7900,8,2
2026-03-26,000333,13:44:06,74.7900,116,2
2026-03-26,000333,13:44:09,74.7900,4,1
2026-03-26,000333,13:44:18,74.7900,22,1
2026-03-26,000333,13:44:21,74.7800,5,4
2026-03-26,000333,13:44:24,74.7900,9,1
2026-03-26,000333,13:44:27,74.7800,3,2
2026-03-26,000333,13:44:30,74.7900,1,1
2026-03-26,000333,13:44:33,74.7800,18,2
2026-03-26,000333,13:44:36,74.7900,98,1
2026-03-26,000333,13:44:39,74.7900,1,2
2026-03-26,000333,13:44:42,74.7800,28,2
2026-03-26,000333,13:44:45,74.7700,37,2
2026-03-26,000333,13:44:48,74.7800,35,1
2026-03-26,000333,13:44:51,74.7700,13,2
2026-03-26,000333,13:44:54,74.7700,15,2
2026-03-26,000333,13:44:57,74.7700,4,2
2026-03-26,000333,13:45:00,74.7500,82,2
2026-03-26,000333,13:45:03,74.7600,11,4
2026-03-26,000333,13:45:06,74.7500,31,2
2026-03-26,000333,13:45:09,74.7300,10,2
2026-03-26,000333,13:45:12,74.7300,38,2
2026-03-26,000333,13:45:15,74.7500,5,1
2026-03-26,000333,13:45:18,74.7400,8,2
2026-03-26,000333,13:45:21,74.7400,65,2
2026-03-26,000333,13:45:24,74.7400,4,1
2026-03-26,000333,13:45:27,74.7400,1,1
2026-03-26,000333,13:45:30,74.7300,7,2
2026-03-26,000333,13:45:33,74.7400,2,1
2026-03-26,000333,13:45:36,74.7400,62,1
2026-03-26,000333,13:45:39,74.7500,9,1
2026-03-26,000333,13:45:42,74.7500,2,1
2026-03-26,000333,13:45:45,74.7400,18,2
2026-03-26,000333,13:45:48,74.7400,9,2
2026-03-26,000333,13:45:51,74.7400,12,2
2026-03-26,000333,13:45:54,74.7400,8,2
2026-03-26,000333,13:45:57,74.7500,80,1
2026-03-26,000333,13:46:00,74.7500,15,2
2026-03-26,000333,13:46:03,74.7300,273,2
2026-03-26,000333,13:46:06,74.7300,67,2
2026-03-26,000333,13:46:09,74.7400,100,1
2026-03-26,000333,13:46:12,74.7400,22,2
2026-03-26,000333,13:46:15,74.7100,209,2
2026-03-26,000333,13:46:18,74.7100,23,2
2026-03-26,000333,13:46:21,74.7100,18,2
2026-03-26,000333,13:46:24,74.7200,5,1
2026-03-26,000333,13:46:30,74.7200,1,1
2026-03-26,000333,13:46:33,74.7200,35,1
2026-03-26,000333,13:46:36,74.7200,34,2
2026-03-26,000333,13:46:39,74.7300,5,1
2026-03-26,000333,13:46:42,74.7200,17,2
2026-03-26,000333,13:46:45,74.7200,2,2
2026-03-26,000333,13:46:48,74.7200,80,2
2026-03-26,000333,13:46:51,74.7300,50,1
2026-03-26,000333,13:46:54,74.7400,39,1
2026-03-26,000333,13:46:57,74.7200,73,2
2026-03-26,000333,13:47:00,74.7200,14,2
2026-03-26,000333,13:47:03,74.7200,3,2
2026-03-26,000333,13:47:06,74.7300,29,1
2026-03-26,000333,13:47:09,74.7200,5,2
2026-03-26,000333,13:47:12,74.7200,3,2
2026-03-26,000333,13:47:15,74.7200,1,2
2026-03-26,000333,13:47:18,74.7200,3,2
2026-03-26,000333,13:47:21,74.7200,6,2
2026-03-26,000333,13:47:24,74.7200,29,2
2026-03-26,000333,13:47:27,74.7300,14,1
2026-03-26,000333,13:47:30,74.7200,4,2
2026-03-26,000333,13:47:33,74.7300,10,1
2026-03-26,000333,13:47:36,74.7300,20,1
2026-03-26,000333,13:47:39,74.7200,5,2
2026-03-26,000333,13:47:42,74.7300,3,1
2026-03-26,000333,13:47:45,74.7200,22,2
2026-03-26,000333,13:47:48,74.7400,289,1
2026-03-26,000333,13:47:51,74.7300,48,2
2026-03-26,000333,13:47:54,74.7400,2,1
2026-03-26,000333,13:47:57,74.7500,84,1
2026-03-26,000333,13:48:00,74.7600,5,1
2026-03-26,000333,13:48:03,74.7600,7,1
2026-03-26,000333,13:48:06,74.7500,21,2
2026-03-26,000333,13:48:09,74.7600,7,1
2026-03-26,000333,13:48:12,74.7500,1,2
2026-03-26,000333,13:48:18,74.7500,18,2
2026-03-26,000333,13:48:21,74.7600,218,1
2026-03-26,000333,13:48:24,74.7700,22,1
2026-03-26,000333,13:48:27,74.7800,57,1
2026-03-26,000333,13:48:30,74.7700,23,2
2026-03-26,000333,13:48:33,74.7700,5,2
2026-03-26,000333,13:48:36,74.7700,7,1
2026-03-26,000333,13:48:39,74.7700,9,2
2026-03-26,000333,13:48:42,74.7800,163,1
2026-03-26,000333,13:48:45,74.7800,6,2
2026-03-26,000333,13:48:48,74.7800,10,2
2026-03-26,000333,13:48:51,74.7800,31,2
2026-03-26,000333,13:48:54,74.7700,3,2
2026-03-26,000333,13:49:00,74.7700,1,2
2026-03-26,000333,13:49:03,74.7700,4,2
2026-03-26,000333,13:49:06,74.7800,56,1
2026-03-26,000333,13:49:09,74.7900,10,1
2026-03-26,000333,13:49:15,74.7900,2,1
2026-03-26,000333,13:49:18,74.8000,92,1
2026-03-26,000333,13:49:21,74.8000,63,1
2026-03-26,000333,13:49:24,74.8000,65,2
2026-03-26,000333,13:49:27,74.8100,24,1
2026-03-26,000333,13:49:30,74.8200,2,1
2026-03-26,000333,13:49:33,74.7900,28,2
2026-03-26,000333,13:49:36,74.7800,117,2
2026-03-26,000333,13:49:39,74.7800,80,2
2026-03-26,000333,13:49:42,74.7800,52,2
2026-03-26,000333,13:49:45,74.8200,47,1
2026-03-26,000333,13:49:48,74.7700,24,2
2026-03-26,000333,13:49:51,74.8100,4,1
2026-03-26,000333,13:49:54,74.7700,6,2
2026-03-26,000333,13:49:57,74.7800,4,2
2026-03-26,000333,13:50:00,74.7800,7,2
2026-03-26,000333,13:50:03,74.7800,6,1
2026-03-26,000333,13:50:06,74.7800,25,1
2026-03-26,000333,13:50:09,74.7800,6,2
2026-03-26,000333,13:50:15,74.7900,3,1
2026-03-26,000333,13:50:18,74.7900,11,1
2026-03-26,000333,13:50:21,74.7800,28,2
2026-03-26,000333,13:50:24,74.7900,2,1
2026-03-26,000333,13:50:27,74.7800,2,2
2026-03-26,000333,13:50:33,74.7800,7,2
2026-03-26,000333,13:50:36,74.7900,15,1
2026-03-26,000333,13:50:39,74.7900,2,1
2026-03-26,000333,13:50:42,74.7800,2,2
2026-03-26,000333,13:50:45,74.7900,3,1
2026-03-26,000333,13:50:48,74.7800,19,2
2026-03-26,000333,13:50:51,74.7900,12,1
2026-03-26,000333,13:50:54,74.7800,4,2
2026-03-26,000333,13:51:00,74.7800,3,2
2026-03-26,000333,13:51:03,74.7800,59,2
2026-03-26,000333,13:51:06,74.7800,40,2
2026-03-26,000333,13:51:09,74.7900,8,1
2026-03-26,000333,13:51:12,74.7800,3,2
2026-03-26,000333,13:51:15,74.7900,1,1
2026-03-26,000333,13:51:18,74.7800,4,2
2026-03-26,000333,13:51:21,74.7800,3,2
2026-03-26,000333,13:51:24,74.7800,1,2
2026-03-26,000333,13:51:27,74.7800,2,2
2026-03-26,000333,13:51:33,74.7800,13,2
2026-03-26,000333,13:51:36,74.7900,31,1
2026-03-26,000333,13:51:39,74.7800,11,2
2026-03-26,000333,13:51:48,74.7700,2,2
2026-03-26,000333,13:51:51,74.7800,19,1
2026-03-26,000333,13:51:54,74.7700,7,2
2026-03-26,000333,13:51:57,74.7800,8,1
2026-03-26,000333,13:52:00,74.7400,521,2
2026-03-26,000333,13:52:03,74.7200,98,2
2026-03-26,000333,13:52:06,74.7400,64,1
2026-03-26,000333,13:52:09,74.7200,3,2
2026-03-26,000333,13:52:12,74.7200,3,2
2026-03-26,000333,13:52:15,74.7100,116,2
2026-03-26,000333,13:52:18,74.7100,32,2
2026-03-26,000333,13:52:21,74.7000,13,2
2026-03-26,000333,13:52:24,74.7200,104,1
2026-03-26,000333,13:52:27,74.7200,2,2
2026-03-26,000333,13:52:30,74.7200,5,2
2026-03-26,000333,13:52:33,74.7300,3,1
2026-03-26,000333,13:52:36,74.7200,31,2
2026-03-26,000333,13:52:39,74.7300,3,1
2026-03-26,000333,13:52:42,74.7300,1,1
2026-03-26,000333,13:52:45,74.7200,6,2
2026-03-26,000333,13:52:51,74.7200,3,2
2026-03-26,000333,13:52:54,74.7200,5,2
2026-03-26,000333,13:52:57,74.7300,5,1
2026-03-26,000333,13:53:00,74.7300,5,1
2026-03-26,000333,13:53:03,74.7300,28,1
2026-03-26,000333,13:53:06,74.7200,127,2
2026-03-26,000333,13:53:09,74.7300,41,2
2026-03-26,000333,13:53:12,74.7300,49,2
2026-03-26,000333,13:53:15,74.7300,7,2
2026-03-26,000333,13:53:18,74.7300,22,2
2026-03-26,000333,13:53:21,74.7300,9,2
2026-03-26,000333,13:53:24,74.7400,27,1
2026-03-26,000333,13:53:30,74.7400,10,1
2026-03-26,000333,13:53:33,74.7300,110,2
2026-03-26,000333,13:53:36,74.7600,64,1
2026-03-26,000333,13:53:39,74.7600,84,1
2026-03-26,000333,13:53:45,74.7700,142,1
2026-03-26,000333,13:53:48,74.7600,3,2
2026-03-26,000333,13:53:51,74.7700,28,1
2026-03-26,000333,13:53:54,74.7600,34,2
2026-03-26,000333,13:53:57,74.7800,29,1
2026-03-26,000333,13:54:00,74.7800,2,1
2026-03-26,000333,13:54:03,74.7800,3,1
2026-03-26,000333,13:54:06,74.7800,15,1
2026-03-26,000333,13:54:09,74.7800,1,1
2026-03-26,000333,13:54:12,74.7800,35,1
2026-03-26,000333,13:54:15,74.7800,70,1
2026-03-26,000333,13:54:18,74.7900,9,1
2026-03-26,000333,13:54:21,74.7900,22,1
2026-03-26,000333,13:54:24,74.7900,2,1
2026-03-26,000333,13:54:27,74.7900,7,1
2026-03-26,000333,13:54:30,74.7900,5,1
2026-03-26,000333,13:54:33,74.7800,9,2
2026-03-26,000333,13:54:36,74.7900,38,1
2026-03-26,000333,13:54:39,74.7700,5,2
2026-03-26,000333,13:54:42,74.7700,28,2
2026-03-26,000333,13:54:45,74.7700,31,2
2026-03-26,000333,13:54:48,74.7700,22,1
2026-03-26,000333,13:54:51,74.7700,11,1
2026-03-26,000333,13:54:54,74.7700,20,1
2026-03-26,000333,13:54:57,74.7600,31,2
2026-03-26,000333,13:55:00,74.7500,27,2
2026-03-26,000333,13:55:03,74.7500,3,2
2026-03-26,000333,13:55:06,74.7600,17,1
2026-03-26,000333,13:55:09,74.7500,12,2
2026-03-26,000333,13:55:12,74.7600,168,1
2026-03-26,000333,13:55:15,74.7600,22,1
2026-03-26,000333,13:55:18,74.7600,7,1
2026-03-26,000333,13:55:21,74.7700,36,1
2026-03-26,000333,13:55:24,74.7700,5,1
2026-03-26,000333,13:55:27,74.7700,7,1
2026-03-26,000333,13:55:30,74.7700,4,1
2026-03-26,000333,13:55:33,74.7700,4,1
2026-03-26,000333,13:55:36,74.7700,18,1
2026-03-26,000333,13:55:39,74.7700,55,1
2026-03-26,000333,13:55:42,74.7800,12,1
2026-03-26,000333,13:55:45,74.7900,60,1
2026-03-26,000333,13:55:48,74.7900,2,1
2026-03-26,000333,13:55:51,74.7800,34,2
2026-03-26,000333,13:55:54,74.7900,19,1
2026-03-26,000333,13:55:57,74.7800,15,2
2026-03-26,000333,13:56:00,74.7800,24,2
2026-03-26,000333,13:56:03,74.7800,15,2
2026-03-26,000333,13:56:06,74.7900,26,1
2026-03-26,000333,13:56:09,74.7900,8,1
2026-03-26,000333,13:56:12,74.7800,4,2
2026-03-26,000333,13:56:15,74.7900,1,1
2026-03-26,000333,13:56:18,74.7900,45,1
2026-03-26,000333,13:56:21,74.7700,12,2
2026-03-26,000333,13:56:24,74.7800,9,4
2026-03-26,000333,13:56:27,74.7900,8,1
2026-03-26,000333,13:56:30,74.7800,2,2
2026-03-26,000333,13:56:33,74.7900,85,1
2026-03-26,000333,13:56:36,74.7900,54,2
2026-03-26,000333,13:56:39,74.8000,37,1
2026-03-26,000333,13:56:42,74.8000,7,1
2026-03-26,000333,13:56:45,74.8000,11,1
2026-03-26,000333,13:56:48,74.7900,5,2
2026-03-26,000333,13:56:51,74.8000,4,1
2026-03-26,000333,13:56:54,74.8000,13,1
2026-03-26,000333,13:56:57,74.7800,163,2
2026-03-26,000333,13:57:00,74.7900,24,1
2026-03-26,000333,13:57:03,74.7900,3,1
2026-03-26,000333,13:57:06,74.7800,66,1
2026-03-26,000333,13:57:09,74.7900,9,1
2026-03-26,000333,13:57:12,74.7800,1,4
2026-03-26,000333,13:57:15,74.7700,25,2
2026-03-26,000333,13:57:18,74.7500,106,2
2026-03-26,000333,13:57:21,74.7600,2,1
2026-03-26,000333,13:57:24,74.7600,6,2
2026-03-26,000333,13:57:27,74.7700,55,1
2026-03-26,000333,13:57:30,74.7600,13,2
2026-03-26,000333,13:57:33,74.7800,55,1
2026-03-26,000333,13:57:36,74.7700,25,4
2026-03-26,000333,13:57:39,74.7500,13,2
2026-03-26,000333,13:57:42,74.7700,15,1
2026-03-26,000333,13:57:45,74.7700,3,1
2026-03-26,000333,13:57:48,74.7400,20,2
2026-03-26,000333,13:57:51,74.7500,5,1
2026-03-26,000333,13:57:54,74.7600,21,1
2026-03-26,000333,13:57:57,74.7500,13,2
2026-03-26,000333,13:58:00,74.7300,15,2
2026-03-26,000333,13:58:03,74.7200,68,2
2026-03-26,000333,13:58:06,74.7200,46,1
2026-03-26,000333,13:58:09,74.7100,4,2
2026-03-26,000333,13:58:12,74.7100,15,2
2026-03-26,000333,13:58:15,74.7100,6,2
2026-03-26,000333,13:58:18,74.7100,5,2
2026-03-26,000333,13:58:21,74.7200,2,1
2026-03-26,000333,13:58:24,74.7200,45,1
2026-03-26,000333,13:58:27,74.7200,67,1
2026-03-26,000333,13:58:30,74.7200,36,2
2026-03-26,000333,13:58:33,74.7200,52,1
2026-03-26,000333,13:58:36,74.7200,24,1
2026-03-26,000333,13:58:39,74.7300,48,1
2026-03-26,000333,13:58:42,74.7500,44,1
2026-03-26,000333,13:58:45,74.7400,31,4
2026-03-26,000333,13:58:48,74.7500,72,1
2026-03-26,000333,13:58:51,74.7400,26,2
2026-03-26,000333,13:58:54,74.7500,28,1
2026-03-26,000333,13:58:57,74.7500,1,1
2026-03-26,000333,13:59:00,74.7500,1,1
2026-03-26,000333,13:59:03,74.7400,23,2
2026-03-26,000333,13:59:06,74.7400,30,2
2026-03-26,000333,13:59:09,74.7100,75,2
2026-03-26,000333,13:59:12,74.7300,4,1
2026-03-26,000333,13:59:15,74.7300,28,1
2026-03-26,000333,13:59:18,74.7200,18,1
2026-03-26,000333,13:59:21,74.7500,33,1
2026-03-26,000333,13:59:24,74.7500,3,1
2026-03-26,000333,13:59:27,74.7500,22,1
2026-03-26,000333,13:59:30,74.7500,29,1
2026-03-26,000333,13:59:33,74.7300,12,2
2026-03-26,000333,13:59:36,74.7400,30,1
2026-03-26,000333,13:59:39,74.7400,111,1
2026-03-26,000333,13:59:42,74.7400,7,1
2026-03-26,000333,13:59:45,74.7400,29,1
2026-03-26,000333,13:59:48,74.7500,5,1
2026-03-26,000333,13:59:51,74.7400,10,1
2026-03-26,000333,13:59:54,74.7300,3,2
2026-03-26,000333,13:59:57,74.7300,6,2
2026-03-26,000333,14:00:00,74.7200,4,2
2026-03-26,000333,14:00:03,74.6800,554,2
2026-03-26,000333,14:00:06,74.6700,28,1
2026-03-26,000333,14:00:09,74.6800,44,1
2026-03-26,000333,14:00:12,74.6900,40,1
2026-03-26,000333,14:00:15,74.6800,51,2
2026-03-26,000333,14:00:18,74.7100,71,1
2026-03-26,000333,14:00:21,74.7000,4,2
2026-03-26,000333,14:00:24,74.7200,40,1
2026-03-26,000333,14:00:27,74.7200,2,1
2026-03-26,000333,14:00:30,74.7100,30,2
2026-03-26,000333,14:00:33,74.7100,23,2
2026-03-26,000333,14:00:36,74.7000,20,2
2026-03-26,000333,14:00:39,74.6900,94,2
2026-03-26,000333,14:00:42,74.6900,2,1
2026-03-26,000333,14:00:45,74.6900,15,1
2026-03-26,000333,14:00:48,74.6800,8,2
2026-03-26,000333,14:00:51,74.6800,8,2
2026-03-26,000333,14:00:54,74.6800,8,2
2026-03-26,000333,14:00:57,74.6700,9,2
2026-03-26,000333,14:01:00,74.6700,3,2
2026-03-26,000333,14:01:03,74.6700,36,2
2026-03-26,000333,14:01:06,74.6800,18,1
2026-03-26,000333,14:01:09,74.6700,11,2
2026-03-26,000333,14:01:12,74.6700,14,2
2026-03-26,000333,14:01:15,74.6700,49,2
2026-03-26,000333,14:01:18,74.6700,10,1
2026-03-26,000333,14:01:21,74.6600,2,2
2026-03-26,000333,14:01:24,74.6600,13,2
2026-03-26,000333,14:01:27,74.6600,6,2
2026-03-26,000333,14:01:30,74.6600,64,2
2026-03-26,000333,14:01:33,74.6600,8,2
2026-03-26,000333,14:01:36,74.6600,45,2
2026-03-26,000333,14:01:39,74.6700,73,1
2026-03-26,000333,14:01:42,74.6700,256,1
2026-03-26,000333,14:01:45,74.6700,65,1
2026-03-26,000333,14:01:48,74.6700,67,1
2026-03-26,000333,14:01:51,74.6800,77,1
2026-03-26,000333,14:01:54,74.6800,13,1
2026-03-26,000333,14:01:57,74.6700,17,2
2026-03-26,000333,14:02:00,74.6800,32,1
2026-03-26,000333,14:02:03,74.6800,8,1
2026-03-26,000333,14:02:06,74.6800,31,1
2026-03-26,000333,14:02:09,74.6700,48,2
2026-03-26,000333,14:02:12,74.6600,6,2
2026-03-26,000333,14:02:15,74.6700,10,2
2026-03-26,000333,14:02:18,74.6700,2,2
2026-03-26,000333,14:02:21,74.6700,17,2
2026-03-26,000333,14:02:24,74.6800,28,1
2026-03-26,000333,14:02:27,74.6800,50,1
2026-03-26,000333,14:02:30,74.6800,5,1
2026-03-26,000333,14:02:33,74.7000,186,1
2026-03-26,000333,14:02:36,74.7100,134,1
2026-03-26,000333,14:02:39,74.7100,7,1
2026-03-26,000333,14:02:42,74.7100,3,1
2026-03-26,000333,14:02:45,74.7100,4,1
2026-03-26,000333,14:02:48,74.7200,16,1
2026-03-26,000333,14:02:51,74.7100,4,2
2026-03-26,000333,14:02:54,74.7100,22,2
2026-03-26,000333,14:02:57,74.7200,87,1
2026-03-26,000333,14:03:00,74.7100,9,4
2026-03-26,000333,14:03:03,74.7100,48,1
2026-03-26,000333,14:03:06,74.7200,64,1
2026-03-26,000333,14:03:09,74.7200,11,1
2026-03-26,000333,14:03:12,74.7100,4,2
2026-03-26,000333,14:03:15,74.7000,19,2
2026-03-26,000333,14:03:18,74.7100,11,4
2026-03-26,000333,14:03:21,74.7200,3,1
2026-03-26,000333,14:03:24,74.7100,13,2
2026-03-26,000333,14:03:27,74.7100,5,4
2026-03-26,000333,14:03:30,74.7200,20,1
2026-03-26,000333,14:03:33,74.7200,31,1
2026-03-26,000333,14:03:36,74.7200,30,1
2026-03-26,000333,14:03:39,74.7200,7,1
2026-03-26,000333,14:03:42,74.7000,4,2
2026-03-26,000333,14:03:45,74.7000,152,2
2026-03-26,000333,14:03:48,74.6900,6,2
2026-03-26,000333,14:03:54,74.6900,25,2
2026-03-26,000333,14:03:57,74.6800,56,2
2026-03-26,000333,14:04:00,74.6900,22,4
2026-03-26,000333,14:04:03,74.7000,3,1
2026-03-26,000333,14:04:06,74.7000,87,1
2026-03-26,000333,14:04:09,74.7000,37,2
2026-03-26,000333,14:04:12,74.7100,4,1
2026-03-26,000333,14:04:18,74.7100,55,1
2026-03-26,000333,14:04:24,74.7100,6,1
2026-03-26,000333,14:04:27,74.7100,27,1
2026-03-26,000333,14:04:30,74.7100,59,1
2026-03-26,000333,14:04:33,74.7200,1,1
2026-03-26,000333,14:04:36,74.7200,32,1
2026-03-26,000333,14:04:39,74.7100,2,2
2026-03-26,000333,14:04:42,74.7100,2,2
2026-03-26,000333,14:04:45,74.7100,8,1
2026-03-26,000333,14:04:48,74.7100,5,1
2026-03-26,000333,14:04:51,74.7100,2,1
2026-03-26,000333,14:04:54,74.7100,8,1
2026-03-26,000333,14:04:57,74.7100,9,1
2026-03-26,000333,14:05:00,74.7100,53,1
2026-03-26,000333,14:05:03,74.7100,9,4
2026-03-26,000333,14:05:06,74.7100,12,4
2026-03-26,000333,14:05:09,74.7200,14,1
2026-03-26,000333,14:05:12,74.7200,91,1
2026-03-26,000333,14:05:15,74.7100,7,2
2026-03-26,000333,14:05:18,74.7000,32,2
2026-03-26,000333,14:05:21,74.7200,58,1
2026-03-26,000333,14:05:24,74.7200,7,1
2026-03-26,000333,10:48:03,75.0800,4,4
2026-03-26,000333,10:48:06,75.0900,2,1
2026-03-26,000333,10:48:09,75.0800,5,2
2026-03-26,000333,10:48:12,75.0700,15,2
2026-03-26,000333,10:48:18,75.0700,2,2
2026-03-26,000333,10:48:21,75.0700,6,2
2026-03-26,000333,10:48:24,75.0600,118,2
2026-03-26,000333,10:48:27,75.0700,12,1
2026-03-26,000333,10:48:30,75.0600,1,2
2026-03-26,000333,10:48:33,75.0600,11,4
2026-03-26,000333,10:48:36,75.0500,27,4
2026-03-26,000333,10:48:39,75.0500,10,1
2026-03-26,000333,10:48:42,75.0500,6,2
2026-03-26,000333,10:48:45,75.0500,7,2
2026-03-26,000333,10:48:48,75.0500,27,2
2026-03-26,000333,10:48:51,75.0400,43,2
2026-03-26,000333,10:48:54,75.0400,4,2
2026-03-26,000333,10:48:57,75.0500,21,1
2026-03-26,000333,10:49:00,75.0500,10,1
2026-03-26,000333,10:49:03,75.0500,80,1
2026-03-26,000333,10:49:06,75.0500,20,2
2026-03-26,000333,10:49:09,75.0500,13,2
2026-03-26,000333,10:49:12,75.0500,13,2
2026-03-26,000333,10:49:15,75.0500,7,2
2026-03-26,000333,10:49:18,75.0600,9,1
2026-03-26,000333,10:49:21,75.0500,1,2
2026-03-26,000333,10:49:24,75.0500,12,2
2026-03-26,000333,10:49:27,75.0500,1,2
2026-03-26,000333,10:49:30,75.0500,5,2
2026-03-26,000333,10:49:33,75.0500,4,2
2026-03-26,000333,10:49:36,75.0500,15,1
2026-03-26,000333,10:49:39,75.0400,23,2
2026-03-26,000333,10:49:42,75.0600,6,1
2026-03-26,000333,10:49:45,75.0500,7,2
2026-03-26,000333,10:49:48,75.0500,6,2
2026-03-26,000333,10:49:51,75.0600,28,1
2026-03-26,000333,10:49:54,75.0400,7,2
2026-03-26,000333,10:49:57,75.0500,10,1
2026-03-26,000333,10:50:00,75.0400,12,2
2026-03-26,000333,10:50:03,75.0400,12,2
2026-03-26,000333,10:50:06,75.0500,14,1
2026-03-26,000333,10:50:09,75.0400,9,2
2026-03-26,000333,10:50:12,75.0500,101,1
2026-03-26,000333,10:50:15,75.0300,7,2
2026-03-26,000333,10:50:18,75.0200,21,2
2026-03-26,000333,10:50:21,75.0200,14,2
2026-03-26,000333,10:50:24,75.0200,21,1
2026-03-26,000333,10:50:27,75.0100,12,2
2026-03-26,000333,10:50:30,75.0100,6,2
2026-03-26,000333,10:50:33,75.0100,5,2
2026-03-26,000333,10:50:36,75.0200,49,1
2026-03-26,000333,10:50:39,75.0200,12,1
2026-03-26,000333,10:50:42,75.0200,12,1
2026-03-26,000333,10:50:45,75.0100,1,2
2026-03-26,000333,10:50:48,75.0100,9,2
2026-03-26,000333,10:50:51,75.0200,15,1
2026-03-26,000333,10:50:54,75.0200,23,1
2026-03-26,000333,10:50:57,75.0200,15,1
2026-03-26,000333,10:51:00,75.0100,4,2
2026-03-26,000333,10:51:03,75.0200,6,1
2026-03-26,000333,10:51:06,75.0200,19,1
2026-03-26,000333,10:51:09,75.0100,1,2
2026-03-26,000333,10:51:12,75.0200,4,1
2026-03-26,000333,10:51:15,75.0200,24,1
2026-03-26,000333,10:51:18,75.0200,32,1
2026-03-26,000333,10:51:21,75.0300,61,1
2026-03-26,000333,10:51:24,75.0200,16,2
2026-03-26,000333,10:51:27,75.0100,4,2
2026-03-26,000333,10:51:30,75.0200,2,4
2026-03-26,000333,10:51:33,75.0100,23,2
2026-03-26,000333,10:51:36,75.0200,21,1
2026-03-26,000333,10:51:39,75.0100,2,2
2026-03-26,000333,10:51:42,75.0100,10,2
2026-03-26,000333,10:51:48,75.0100,4,2
2026-03-26,000333,10:51:51,75.0100,1,2
2026-03-26,000333,10:51:54,75.0100,17,2
2026-03-26,000333,10:51:57,75.0200,4,1
2026-03-26,000333,10:52:00,75.0100,3,2
2026-03-26,000333,10:52:03,75.0100,11,2
2026-03-26,000333,10:52:06,75.0200,25,1
2026-03-26,000333,10:52:09,75.0100,7,2
2026-03-26,000333,10:52:12,75.0100,3,2
2026-03-26,000333,10:52:15,75.0100,3,2
2026-03-26,000333,10:52:18,75.0100,1,4
2026-03-26,000333,10:52:21,75.0000,10,2
2026-03-26,000333,10:52:24,75.0100,12,1
2026-03-26,000333,10:52:27,75.0000,6,2
2026-03-26,000333,10:52:30,74.9700,386,2
2026-03-26,000333,10:52:33,74.9500,17,2
2026-03-26,000333,10:52:36,74.9600,73,2
2026-03-26,000333,10:52:39,74.9600,22,2
2026-03-26,000333,10:52:42,74.9700,24,1
2026-03-26,000333,10:52:45,74.9500,17,2
2026-03-26,000333,10:52:48,74.9600,39,2
2026-03-26,000333,10:52:51,74.9600,24,2
2026-03-26,000333,10:52:54,74.9600,6,1
2026-03-26,000333,10:52:57,74.9600,9,1
2026-03-26,000333,10:53:00,74.9500,39,2
2026-03-26,000333,10:53:03,74.9500,10,2
2026-03-26,000333,10:53:06,74.9600,17,1
2026-03-26,000333,10:53:09,74.9700,13,1
2026-03-26,000333,10:53:12,74.9700,26,1
2026-03-26,000333,10:53:15,74.9500,89,2
2026-03-26,000333,10:53:18,74.9700,1,4
2026-03-26,000333,10:53:21,74.9500,6,2
2026-03-26,000333,10:53:24,74.9500,2,2
2026-03-26,000333,10:53:27,74.9600,7,1
2026-03-26,000333,10:53:30,74.9700,16,1
2026-03-26,000333,10:53:33,74.9600,2,2
2026-03-26,000333,10:53:36,74.9700,15,1
2026-03-26,000333,10:53:39,74.9600,12,2
2026-03-26,000333,10:53:42,74.9500,5,2
2026-03-26,000333,10:53:45,74.9700,51,1
2026-03-26,000333,10:53:48,74.9700,25,1
2026-03-26,000333,10:53:51,74.9800,7,1
2026-03-26,000333,10:53:54,74.9800,16,1
2026-03-26,000333,10:53:57,74.9800,31,2
2026-03-26,000333,10:54:00,74.9700,18,2
2026-03-26,000333,10:54:03,74.9800,9,1
2026-03-26,000333,10:54:06,74.9900,21,1
2026-03-26,000333,10:54:09,74.9800,4,2
2026-03-26,000333,10:54:12,74.9900,2,1
2026-03-26,000333,10:54:15,74.9800,10,2
2026-03-26,000333,10:54:21,74.9900,3,1
2026-03-26,000333,10:54:24,74.9700,17,2
2026-03-26,000333,10:54:27,74.9900,1,1
2026-03-26,000333,10:54:30,74.9800,10,1
2026-03-26,000333,10:54:33,74.9800,2,2
2026-03-26,000333,10:54:36,74.9900,16,1
2026-03-26,000333,10:54:39,74.9900,1,1
2026-03-26,000333,10:54:45,74.9900,6,1
2026-03-26,000333,10:54:48,74.9900,5,1
2026-03-26,000333,10:54:51,74.9900,10,1
2026-03-26,000333,10:54:54,74.9900,8,1
2026-03-26,000333,10:54:57,74.9800,21,2
2026-03-26,000333,10:55:00,74.9900,9,1
2026-03-26,000333,10:55:03,74.9800,14,2
2026-03-26,000333,10:55:06,74.9800,34,2
2026-03-26,000333,10:55:09,74.9700,16,2
2026-03-26,000333,10:55:12,74.9800,4,1
2026-03-26,000333,10:55:15,74.9700,6,2
2026-03-26,000333,10:55:18,74.9700,38,2
2026-03-26,000333,10:55:21,74.9700,16,2
2026-03-26,000333,10:55:24,74.9800,22,1
2026-03-26,000333,10:55:27,74.9800,1,1
2026-03-26,000333,10:55:30,74.9700,3,2
2026-03-26,000333,10:55:33,74.9800,25,1
2026-03-26,000333,10:55:36,74.9800,16,1
2026-03-26,000333,10:55:39,74.9700,10,2
2026-03-26,000333,10:55:42,74.9700,4,2
2026-03-26,000333,10:55:48,74.9800,7,1
2026-03-26,000333,10:55:51,74.9700,4,2
2026-03-26,000333,10:55:54,74.9800,17,1
2026-03-26,000333,10:55:57,74.9600,26,2
2026-03-26,000333,10:56:03,74.9600,1,2
2026-03-26,000333,10:56:06,74.9700,27,1
2026-03-26,000333,10:56:09,74.9600,12,2
2026-03-26,000333,10:56:12,74.9600,2,2
2026-03-26,000333,10:56:18,74.9700,19,1
2026-03-26,000333,10:56:24,74.9700,9,1
2026-03-26,000333,10:56:33,74.9600,11,2
2026-03-26,000333,10:56:36,74.9700,90,1
2026-03-26,000333,10:56:39,74.9700,3,1
2026-03-26,000333,10:56:42,74.9500,10,2
2026-03-26,000333,10:56:45,74.9500,78,2
2026-03-26,000333,10:56:48,74.9700,227,1
2026-03-26,000333,10:56:51,74.9400,19,2
2026-03-26,000333,10:56:54,74.9500,2,4
2026-03-26,000333,10:56:57,74.9400,32,2
2026-03-26,000333,10:57:00,74.9400,13,2
2026-03-26,000333,10:57:03,74.9500,1,1
2026-03-26,000333,10:57:06,74.9400,74,2
2026-03-26,000333,10:57:09,74.9400,10,1
2026-03-26,000333,10:57:12,74.9300,7,2
2026-03-26,000333,10:57:15,74.9400,18,1
2026-03-26,000333,10:57:21,74.9300,11,2
2026-03-26,000333,10:57:24,74.9300,15,2
2026-03-26,000333,10:57:27,74.9300,3,2
2026-03-26,000333,10:57:33,74.9300,1,1
2026-03-26,000333,10:57:36,74.9500,114,1
2026-03-26,000333,10:57:39,74.9500,20,1
2026-03-26,000333,10:57:42,74.9600,8,1
2026-03-26,000333,10:57:45,74.9600,13,1
2026-03-26,000333,10:57:48,74.9600,12,1
2026-03-26,000333,10:57:51,74.9600,4,1
2026-03-26,000333,10:57:54,74.9700,25,1
2026-03-26,000333,10:57:57,74.9500,7,2
2026-03-26,000333,10:58:00,74.9500,20,2
2026-03-26,000333,10:58:03,74.9600,14,1
2026-03-26,000333,10:58:06,74.9700,30,1
2026-03-26,000333,10:58:09,74.9800,6,1
2026-03-26,000333,10:58:12,74.9700,30,2
2026-03-26,000333,10:58:21,74.9700,5,2
2026-03-26,000333,10:58:24,74.9700,7,2
2026-03-26,000333,10:58:27,74.9800,6,1
2026-03-26,000333,10:58:33,74.9700,20,2
2026-03-26,000333,10:58:36,74.9800,20,1
2026-03-26,000333,10:58:39,74.9700,38,2
2026-03-26,000333,10:58:42,74.9700,111,1
2026-03-26,000333,10:58:45,74.9800,53,1
2026-03-26,000333,10:58:51,74.9800,4,2
2026-03-26,000333,10:58:54,74.9900,5,1
2026-03-26,000333,10:58:57,74.9900,1,1
2026-03-26,000333,10:59:03,74.9900,13,1
2026-03-26,000333,10:59:06,74.9900,24,1
2026-03-26,000333,10:59:09,74.9900,13,1
2026-03-26,000333,10:59:12,74.9800,6,2
2026-03-26,000333,10:59:18,74.9900,32,1
2026-03-26,000333,10:59:21,74.9800,15,2
2026-03-26,000333,10:59:24,74.9800,14,2
2026-03-26,000333,10:59:27,74.9800,4,2
2026-03-26,000333,10:59:30,74.9900,1,1
2026-03-26,000333,10:59:33,74.9900,3,1
2026-03-26,000333,10:59:36,74.9900,74,1
2026-03-26,000333,10:59:39,74.9900,8,1
2026-03-26,000333,10:59:42,74.9900,2,2
2026-03-26,000333,10:59:45,75.0000,8,1
2026-03-26,000333,10:59:48,75.0000,39,1
2026-03-26,000333,10:59:51,74.9900,63,2
2026-03-26,000333,10:59:54,74.9900,17,2
2026-03-26,000333,10:59:57,75.0000,10,1
2026-03-26,000333,11:00:00,74.9900,14,2
2026-03-26,000333,11:00:03,74.9900,4,2
2026-03-26,000333,11:00:06,75.0000,19,1
2026-03-26,000333,11:00:09,75.0000,33,1
2026-03-26,000333,11:00:12,74.9900,91,2
2026-03-26,000333,11:00:15,75.0100,27,1
2026-03-26,000333,11:00:18,75.0100,14,1
2026-03-26,000333,11:00:21,75.0100,48,1
2026-03-26,000333,11:00:24,75.0400,91,1
2026-03-26,000333,11:00:27,75.0300,11,1
2026-03-26,000333,11:00:30,75.0500,60,1
2026-03-26,000333,11:00:33,75.0400,28,4
2026-03-26,000333,11:00:36,75.0200,35,2
2026-03-26,000333,11:00:39,75.0300,5,1
2026-03-26,000333,11:00:42,75.0400,39,1
2026-03-26,000333,11:00:45,75.0500,51,1
2026-03-26,000333,11:00:48,75.0700,21,1
2026-03-26,000333,11:00:51,75.0300,3,2
2026-03-26,000333,11:00:54,75.0300,1,2
2026-03-26,000333,11:00:57,75.0300,2,2
2026-03-26,000333,11:01:00,75.0400,1,1
2026-03-26,000333,11:01:03,75.0300,170,2
2026-03-26,000333,11:01:06,75.0300,15,1
2026-03-26,000333,11:01:09,75.0300,5,2
2026-03-26,000333,11:01:12,75.0300,15,2
2026-03-26,000333,11:01:15,75.0300,1,1
2026-03-26,000333,11:01:24,75.0300,3,1
2026-03-26,000333,11:01:27,75.0200,23,2
2026-03-26,000333,11:01:30,75.0300,4,1
2026-03-26,000333,11:01:33,75.0300,71,1
2026-03-26,000333,11:01:36,75.0300,14,1
2026-03-26,000333,11:01:39,75.0200,8,2
2026-03-26,000333,11:01:42,75.0400,76,1
2026-03-26,000333,11:01:45,75.0600,10,1
2026-03-26,000333,11:01:48,75.0400,316,2
2026-03-26,000333,11:01:51,75.0100,11,2
2026-03-26,000333,11:01:57,75.0300,12,1
2026-03-26,000333,11:02:00,75.0200,5,2
2026-03-26,000333,11:02:03,75.0300,3,1
2026-03-26,000333,11:02:06,75.0200,18,2
2026-03-26,000333,11:02:09,75.0300,21,4
2026-03-26,000333,11:02:12,75.0200,1,4
2026-03-26,000333,11:02:15,75.0300,309,1
2026-03-26,000333,11:02:18,75.0400,12,1
2026-03-26,000333,11:02:24,75.0300,5,2
2026-03-26,000333,11:02:27,75.0300,1,2
2026-03-26,000333,11:02:30,75.0300,8,2
2026-03-26,000333,11:02:33,75.0300,5,2
2026-03-26,000333,11:02:36,75.0400,18,1
2026-03-26,000333,11:02:39,75.0300,5,2
2026-03-26,000333,11:02:42,75.0200,11,2
2026-03-26,000333,11:02:45,75.0400,7,1
2026-03-26,000333,11:02:57,75.0300,51,1
2026-03-26,000333,11:03:00,75.0300,1,4
2026-03-26,000333,11:03:03,75.0300,79,1
2026-03-26,000333,11:03:06,75.0300,11,1
2026-03-26,000333,11:03:09,75.0300,7,2
2026-03-26,000333,11:03:12,75.0200,1,2
2026-03-26,000333,11:03:15,75.0200,1,1
2026-03-26,000333,11:03:18,75.0200,1,1
2026-03-26,000333,11:03:24,75.0200,18,1
2026-03-26,000333,11:03:27,75.0200,3,2
2026-03-26,000333,11:03:33,75.0200,2,2
2026-03-26,000333,11:03:36,75.0200,18,2
2026-03-26,000333,11:03:48,74.9900,78,2
2026-03-26,000333,11:03:51,74.9600,515,2
2026-03-26,000333,11:03:54,74.9500,8,2
2026-03-26,000333,11:04:00,74.9600,8,1
2026-03-26,000333,11:04:03,74.9600,5,1
2026-03-26,000333,11:04:06,74.9600,19,1
2026-03-26,000333,11:04:09,74.9700,4,1
2026-03-26,000333,11:04:12,74.9800,46,1
2026-03-26,000333,11:04:15,74.9900,4,1
2026-03-26,000333,11:04:18,74.9800,2,2
2026-03-26,000333,11:04:21,75.0000,50,1
2026-03-26,000333,11:04:24,74.9900,3,4
2026-03-26,000333,11:04:30,74.9900,1,1
2026-03-26,000333,11:04:33,74.9900,1,1
2026-03-26,000333,11:04:36,74.9900,14,1
2026-03-26,000333,11:04:39,74.9900,2,2
2026-03-26,000333,11:04:42,74.9900,21,2
2026-03-26,000333,11:04:45,74.9800,10,2
2026-03-26,000333,11:04:48,75.0000,7,1
2026-03-26,000333,11:04:51,74.9800,4,2
2026-03-26,000333,11:04:54,74.9800,48,2
2026-03-26,000333,11:04:57,74.9900,1,1
2026-03-26,000333,11:05:00,74.9900,25,1
2026-03-26,000333,11:05:03,74.9700,1,2
2026-03-26,000333,11:05:06,74.9800,53,1
2026-03-26,000333,11:05:09,74.9700,1,4
2026-03-26,000333,11:05:12,74.9600,22,2
2026-03-26,000333,11:05:15,74.9600,56,1
2026-03-26,000333,11:05:18,74.9400,1,4
2026-03-26,000333,11:05:21,74.9200,11,2
2026-03-26,000333,11:05:24,74.9100,79,2
2026-03-26,000333,11:05:27,74.9300,21,1
2026-03-26,000333,11:05:30,74.9100,1,2
2026-03-26,000333,11:05:33,74.9200,4,4
2026-03-26,000333,11:05:36,74.9100,31,2
2026-03-26,000333,11:05:42,74.9100,15,2
2026-03-26,000333,11:05:45,74.9200,3,1
2026-03-26,000333,11:05:48,74.9300,49,1
2026-03-26,000333,11:05:51,74.9100,2,2
2026-03-26,000333,11:05:57,74.9100,12,2
2026-03-26,000333,11:06:00,74.9100,3,2
2026-03-26,000333,11:06:03,74.9100,7,2
2026-03-26,000333,11:06:06,74.9100,18,2
2026-03-26,000333,11:06:12,74.9200,1,1
2026-03-26,000333,11:06:15,74.9100,9,2
2026-03-26,000333,11:06:18,74.9100,5,2
2026-03-26,000333,11:06:21,74.9200,23,1
2026-03-26,000333,11:06:24,74.9200,26,1
2026-03-26,000333,11:06:27,74.9200,4,1
2026-03-26,000333,11:06:33,74.9100,5,2
2026-03-26,000333,11:06:36,74.9100,38,2
2026-03-26,000333,11:06:39,74.9100,2,2
2026-03-26,000333,11:06:42,74.9200,1,1
2026-03-26,000333,11:06:45,74.9100,4,2
2026-03-26,000333,11:06:48,74.9000,3,2
2026-03-26,000333,11:06:51,74.9100,10,1
2026-03-26,000333,11:06:54,74.9000,212,2
2026-03-26,000333,11:06:57,74.8900,17,2
2026-03-26,000333,11:07:03,74.8900,13,2
2026-03-26,000333,11:07:06,74.8900,33,2
2026-03-26,000333,11:07:09,74.8900,10,2
2026-03-26,000333,11:07:12,74.8900,12,2
2026-03-26,000333,11:07:18,74.8900,13,2
2026-03-26,000333,11:07:21,74.8900,10,2
2026-03-26,000333,11:07:24,74.8800,6,2
2026-03-26,000333,11:07:27,74.8800,1,2
2026-03-26,000333,11:07:30,74.8800,8,2
2026-03-26,000333,11:07:33,74.8900,21,1
2026-03-26,000333,11:07:36,74.8900,28,1
2026-03-26,000333,11:07:39,74.8900,45,1
2026-03-26,000333,11:07:42,74.9000,6,1
2026-03-26,000333,11:07:45,74.8900,10,2
2026-03-26,000333,11:07:48,74.8900,2,2
2026-03-26,000333,11:07:51,74.8900,5,2
2026-03-26,000333,11:07:54,74.8900,12,2
2026-03-26,000333,11:07:57,74.8900,66,2
2026-03-26,000333,11:08:00,74.8900,6,4
2026-03-26,000333,11:08:03,74.8700,116,2
2026-03-26,000333,11:08:06,74.8700,31,2
2026-03-26,000333,11:08:09,74.8900,5,1
2026-03-26,000333,11:08:12,74.8800,1,4
2026-03-26,000333,11:08:15,74.8700,11,2
2026-03-26,000333,11:08:18,74.8700,18,2
2026-03-26,000333,11:08:21,74.8600,119,2
2026-03-26,000333,11:08:24,74.8700,8,1
2026-03-26,000333,11:08:30,74.8700,11,1
2026-03-26,000333,11:08:33,74.8600,14,2
2026-03-26,000333,11:08:36,74.8600,22,2
2026-03-26,000333,11:08:39,74.8600,1,1
2026-03-26,000333,11:08:42,74.8500,3,2
2026-03-26,000333,11:08:45,74.8600,1,1
2026-03-26,000333,11:08:48,74.8600,10,1
2026-03-26,000333,11:08:51,74.8500,22,2
2026-03-26,000333,11:08:57,74.8300,213,2
2026-03-26,000333,11:09:00,74.8200,6,2
2026-03-26,000333,11:09:03,74.8200,15,2
2026-03-26,000333,11:09:06,74.8300,10,2
2026-03-26,000333,11:09:09,74.8300,5,2
2026-03-26,000333,11:09:12,74.8200,6,2
2026-03-26,000333,11:09:15,74.8200,4,2
2026-03-26,000333,11:09:18,74.8200,17,2
2026-03-26,000333,11:09:21,74.8200,24,1
2026-03-26,000333,11:09:24,74.8100,4,2
2026-03-26,000333,11:09:27,74.8000,54,2
2026-03-26,000333,11:09:30,74.8000,8,2
2026-03-26,000333,11:09:33,74.8000,14,2
2026-03-26,000333,11:09:36,74.8100,27,1
2026-03-26,000333,11:09:39,74.8100,12,1
2026-03-26,000333,11:09:42,74.8100,6,1
2026-03-26,000333,11:09:48,74.8100,28,1
2026-03-26,000333,11:09:51,74.8000,16,2
2026-03-26,000333,11:09:54,74.8000,10,2
2026-03-26,000333,11:09:57,74.8300,172,1
2026-03-26,000333,11:10:00,74.8300,19,2
2026-03-26,000333,11:10:03,74.8400,8,1
2026-03-26,000333,11:10:06,74.8500,47,1
2026-03-26,000333,11:10:09,74.8600,36,1
2026-03-26,000333,11:10:12,74.8900,105,1
2026-03-26,000333,11:10:15,74.8600,5,2
2026-03-26,000333,11:10:18,74.8600,11,1
2026-03-26,000333,11:10:21,74.8500,31,2
2026-03-26,000333,11:10:24,74.8500,3,2
2026-03-26,000333,11:10:27,74.8500,5,2
2026-03-26,000333,11:10:36,74.8600,34,1
2026-03-26,000333,11:10:39,74.8600,10,1
2026-03-26,000333,11:10:42,74.8500,13,2
2026-03-26,000333,11:10:48,74.8600,1,1
2026-03-26,000333,11:10:51,74.8500,5,2
2026-03-26,000333,11:10:54,74.8600,2,1
2026-03-26,000333,11:10:57,74.8500,16,2
2026-03-26,000333,11:11:00,74.8500,1,2
2026-03-26,000333,11:11:03,74.8600,27,1
2026-03-26,000333,11:11:06,74.8500,17,2
2026-03-26,000333,11:11:09,74.8500,8,2
2026-03-26,000333,11:11:12,74.8500,6,2
2026-03-26,000333,11:11:15,74.8500,10,2
2026-03-26,000333,11:11:18,74.8500,6,1
2026-03-26,000333,11:11:21,74.8400,15,2
2026-03-26,000333,11:11:24,74.8500,9,1
2026-03-26,000333,11:11:27,74.8500,6,1
2026-03-26,000333,11:11:30,74.8400,1,2
2026-03-26,000333,11:11:33,74.8500,11,1
2026-03-26,000333,11:11:36,74.8400,28,2
2026-03-26,000333,11:11:39,74.8400,23,2
2026-03-26,000333,11:11:42,74.8400,8,1
2026-03-26,000333,11:11:45,74.8400,2,1
2026-03-26,000333,11:11:48,74.8400,65,1
2026-03-26,000333,11:11:51,74.8500,57,1
2026-03-26,000333,11:11:54,74.8500,37,1
2026-03-26,000333,11:11:57,74.8400,4,2
2026-03-26,000333,11:12:00,74.8500,6,1
2026-03-26,000333,11:12:03,74.8500,27,1
2026-03-26,000333,11:12:06,74.8600,12,1
2026-03-26,000333,11:12:09,74.8600,5,1
2026-03-26,000333,11:12:12,74.8500,5,2
2026-03-26,000333,11:12:15,74.8500,4,2
2026-03-26,000333,11:12:18,74.8600,22,1
2026-03-26,000333,11:12:21,74.8600,8,1
2026-03-26,000333,11:12:24,74.8600,15,1
2026-03-26,000333,11:12:27,74.8600,18,1
2026-03-26,000333,11:12:30,74.8600,37,1
2026-03-26,000333,11:12:33,74.8900,104,1
2026-03-26,000333,11:12:36,74.8900,33,1
2026-03-26,000333,11:12:39,74.8900,24,1
2026-03-26,000333,11:12:42,74.8900,2,2
2026-03-26,000333,11:12:45,74.8900,4,2
2026-03-26,000333,11:12:48,74.9000,1,1
2026-03-26,000333,11:12:51,74.9000,13,1
2026-03-26,000333,11:12:54,74.8900,2,1
2026-03-26,000333,11:12:57,74.8900,1,1
2026-03-26,000333,11:13:00,74.8800,12,2
2026-03-26,000333,11:13:03,74.8800,7,2
2026-03-26,000333,11:13:06,74.8800,6,4
2026-03-26,000333,11:13:09,74.8800,4,2
2026-03-26,000333,11:13:12,74.8700,9,2
2026-03-26,000333,11:13:15,74.8900,51,1
2026-03-26,000333,11:13:18,74.8600,50,2
2026-03-26,000333,11:13:24,74.8800,7,2
2026-03-26,000333,11:13:27,74.8800,2,2
2026-03-26,000333,11:13:30,74.8800,4,2
2026-03-26,000333,11:13:33,74.8900,8,1
2026-03-26,000333,11:13:36,74.8900,7,1
2026-03-26,000333,11:13:39,74.8800,14,2
2026-03-26,000333,11:13:42,74.8900,2,1
2026-03-26,000333,11:13:45,74.8800,4,2
2026-03-26,000333,11:13:48,74.8700,9,2
2026-03-26,000333,11:13:51,74.8700,15,2
2026-03-26,000333,11:13:54,74.8700,5,2
2026-03-26,000333,11:13:57,74.8700,19,2
2026-03-26,000333,11:14:00,74.8700,1,2
2026-03-26,000333,11:14:03,74.8800,8,1
2026-03-26,000333,11:14:06,74.8800,18,1
2026-03-26,000333,11:14:09,74.8800,10,1
2026-03-26,000333,11:14:12,74.9000,67,1
2026-03-26,000333,11:14:15,74.8900,6,2
2026-03-26,000333,11:14:18,74.9000,15,1
2026-03-26,000333,11:14:21,74.8900,4,2
2026-03-26,000333,11:14:24,74.8900,10,2
2026-03-26,000333,11:14:27,74.8900,17,2
2026-03-26,000333,11:14:30,74.8900,3,2
2026-03-26,000333,11:14:33,74.8900,20,2
2026-03-26,000333,11:14:36,74.9000,15,1
2026-03-26,000333,11:14:39,74.9000,51,1
2026-03-26,000333,11:14:42,74.9000,8,2
2026-03-26,000333,11:14:45,74.9100,1,1
2026-03-26,000333,11:14:48,74.9100,2,1
2026-03-26,000333,11:14:51,74.9000,2,2
2026-03-26,000333,11:14:54,74.9100,16,1
2026-03-26,000333,11:14:57,74.9100,1,1
2026-03-26,000333,11:15:00,74.9100,8,1
2026-03-26,000333,11:15:03,74.9100,1,1
2026-03-26,000333,11:15:06,74.9000,20,2
2026-03-26,000333,11:15:12,74.9100,2,1
2026-03-26,000333,11:15:15,74.9100,5,1
2026-03-26,000333,11:15:18,74.9000,13,2
2026-03-26,000333,11:15:21,74.9000,10,2
2026-03-26,000333,11:15:24,74.9100,22,1
2026-03-26,000333,11:15:27,74.8900,5,2
2026-03-26,000333,11:15:30,74.9100,2,1
2026-03-26,000333,11:15:33,74.9100,26,1
2026-03-26,000333,11:15:36,74.9100,21,1
2026-03-26,000333,11:15:45,74.9000,17,2
2026-03-26,000333,11:15:48,74.9000,7,2
2026-03-26,000333,11:15:51,74.9100,11,1
2026-03-26,000333,11:15:54,74.8900,1,2
2026-03-26,000333,11:15:57,74.9000,3,2
2026-03-26,000333,11:16:03,74.8900,160,2
2026-03-26,000333,11:16:06,74.8800,25,2
2026-03-26,000333,11:16:09,74.8800,25,2
2026-03-26,000333,11:16:12,74.8800,1,2
2026-03-26,000333,11:16:18,74.8800,16,2
