date,code,time,price,volume,bs
2026-02-12,601318,14:07:04,66.5800,21,1
2026-02-12,601318,14:07:07,66.5800,173,1
2026-02-12,601318,14:07:10,66.5800,148,1
2026-02-12,601318,14:07:13,66.5700,52,2
2026-02-12,601318,14:07:16,66.5700,235,2
2026-02-12,601318,14:07:19,66.5700,178,1
2026-02-12,601318,14:07:22,66.5600,111,2
2026-02-12,601318,14:07:25,66.5700,119,1
2026-02-12,601318,14:07:28,66.5600,32,2
2026-02-12,601318,14:07:31,66.5600,72,2
2026-02-12,601318,14:07:34,66.5600,112,2
2026-02-12,601318,14:07:37,66.5600,108,2
2026-02-12,601318,14:07:40,66.5600,184,2
2026-02-12,601318,14:07:43,66.5700,110,1
2026-02-12,601318,14:07:46,66.5600,135,2
2026-02-12,601318,14:07:49,66.5600,329,2
2026-02-12,601318,14:07:52,66.5600,135,2
2026-02-12,601318,14:07:55,66.5600,285,2
2026-02-12,601318,14:07:58,66.5700,488,1
2026-02-12,601318,14:08:01,66.5500,185,2
2026-02-12,601318,14:08:04,66.5700,3436,1
2026-02-12,601318,14:08:07,66.5300,49,2
2026-02-12,601318,14:08:10,66.5300,181,2
2026-02-12,601318,14:08:13,66.5300,682,1
2026-02-12,601318,14:08:16,66.5200,122,4
2026-02-12,601318,14:08:19,66.5100,480,2
2026-02-12,601318,14:08:22,66.5200,108,1
2026-02-12,601318,14:08:25,66.5100,290,2
2026-02-12,601318,14:08:28,66.5400,554,1
2026-02-12,601318,14:08:31,66.5300,46,4
2026-02-12,601318,14:08:34,66.5300,297,1
2026-02-12,601318,14:08:37,66.5300,211,2
2026-02-12,601318,14:08:40,66.5200,118,2
2026-02-12,601318,14:08:43,66.5400,169,1
2026-02-12,601318,14:08:46,66.5200,114,2
2026-02-12,601318,14:08:49,66.5300,73,1
2026-02-12,601318,14:08:52,66.5300,134,1
2026-02-12,601318,14:08:55,66.5200,64,2
2026-02-12,601318,14:08:58,66.5300,148,1
2026-02-12,601318,14:09:01,66.5300,112,2
2026-02-12,601318,14:09:04,66.5200,94,2
2026-02-12,601318,14:09:07,66.5300,121,1
2026-02-12,601318,14:09:10,66.5200,93,2
2026-02-12,601318,14:09:13,66.5300,25,1
2026-02-12,601318,14:09:16,66.5300,16,1
2026-02-12,601318,14:09:19,66.5200,192,2
2026-02-12,601318,14:09:22,66.5200,54,2
2026-02-12,601318,14:09:25,66.5300,38,1
2026-02-12,601318,14:09:28,66.5200,19,2
2026-02-12,601318,14:09:31,66.5200,45,2
2026-02-12,601318,14:09:34,66.5200,144,2
2026-02-12,601318,14:09:37,66.5200,87,2
2026-02-12,601318,14:09:40,66.5200,108,2
2026-02-12,601318,14:09:43,66.5100,1037,2
2026-02-12,601318,14:09:46,66.5100,1091,2
2026-02-12,601318,14:09:49,66.5100,347,1
2026-02-12,601318,14:09:52,66.5100,204,1
2026-02-12,601318,14:09:55,66.5000,184,2
2026-02-12,601318,14:09:58,66.5100,938,1
2026-02-12,601318,14:10:01,66.5000,374,2
2026-02-12,601318,14:10:04,66.5000,169,2
2026-02-12,601318,14:10:07,66.5000,278,2
2026-02-12,601318,14:10:10,66.5000,89,2
2026-02-12,601318,14:10:13,66.5100,58,1
2026-02-12,601318,14:10:16,66.5000,172,2
2026-02-12,601318,14:10:19,66.5100,237,1
2026-02-12,601318,14:10:22,66.5100,88,2
2026-02-12,601318,14:10:25,66.5100,57,1
2026-02-12,601318,14:10:28,66.5100,57,1
2026-02-12,601318,14:10:31,66.5100,70,2
2026-02-12,601318,14:10:34,66.5200,143,1
2026-02-12,601318,14:10:37,66.5100,99,2
2026-02-12,601318,14:10:40,66.5100,255,2
2026-02-12,601318,14:10:43,66.5100,185,2
2026-02-12,601318,14:10:46,66.5200,105,1
2026-02-12,601318,14:10:49,66.5200,260,1
2026-02-12,601318,14:10:52,66.5100,127,2
2026-02-12,601318,14:10:55,66.5200,83,1
2026-02-12,601318,14:10:58,66.5200,98,1
2026-02-12,601318,14:11:01,66.5200,131,1
2026-02-12,601318,14:11:04,66.5200,96,1
2026-02-12,601318,14:11:07,66.5100,150,2
2026-02-12,601318,14:11:10,66.5100,210,2
2026-02-12,601318,14:11:13,66.5200,156,1
2026-02-12,601318,14:11:16,66.5000,1655,2
2026-02-12,601318,14:11:19,66.5100,418,1
2026-02-12,601318,14:11:22,66.5000,1808,2
2026-02-12,601318,14:11:25,66.5000,219,2
2026-02-12,601318,14:11:28,66.5000,156,1
2026-02-12,601318,14:11:31,66.5000,24,1
2026-02-12,601318,14:11:34,66.4900,175,2
2026-02-12,601318,14:11:37,66.5000,142,1
2026-02-12,601318,14:11:40,66.4900,79,2
2026-02-12,601318,14:11:43,66.4800,36,2
2026-02-12,601318,14:11:46,66.4900,92,1
2026-02-12,601318,14:11:49,66.4900,82,2
2026-02-12,601318,14:11:52,66.5000,33,1
2026-02-12,601318,14:11:55,66.4800,28,2
2026-02-12,601318,14:11:58,66.4900,55,1
2026-02-12,601318,14:12:01,66.5000,59,1
2026-02-12,601318,14:12:04,66.4900,34,2
2026-02-12,601318,14:12:07,66.4900,20,2
2026-02-12,601318,14:12:10,66.4900,120,2
2026-02-12,601318,14:12:13,66.4800,103,2
2026-02-12,601318,14:12:16,66.4900,55,1
2026-02-12,601318,14:12:19,66.4900,35,2
2026-02-12,601318,14:12:22,66.4900,71,2
2026-02-12,601318,14:12:25,66.5000,61,1
2026-02-12,601318,14:12:28,66.4900,215,2
2026-02-12,601318,14:12:31,66.5000,155,1
2026-02-12,601318,14:12:34,66.5000,52,1
2026-02-12,601318,14:12:37,66.5000,88,2
2026-02-12,601318,14:12:40,66.5100,96,1
2026-02-12,601318,14:12:43,66.5000,54,2
2026-02-12,601318,14:12:46,66.5000,29,2
2026-02-12,601318,14:12:49,66.5000,55,2
2026-02-12,601318,14:12:52,66.5100,31,1
2026-02-12,601318,14:12:55,66.5000,156,2
2026-02-12,601318,14:12:58,66.5100,41,1
2026-02-12,601318,14:13:01,66.5100,148,1
2026-02-12,601318,14:13:04,66.5200,17,1
2026-02-12,601318,14:13:07,66.5200,61,1
2026-02-12,601318,14:13:10,66.5100,6,2
2026-02-12,601318,14:13:13,66.5100,65,2
2026-02-12,601318,14:13:16,66.5200,196,1
2026-02-12,601318,14:13:19,66.5200,4,1
2026-02-12,601318,14:13:22,66.5200,174,1
2026-02-12,601318,14:13:25,66.5200,50,1
2026-02-12,601318,14:13:28,66.5300,31,1
2026-02-12,601318,14:13:31,66.5300,17,1
2026-02-12,601318,14:13:34,66.5400,769,1
2026-02-12,601318,14:13:37,66.5400,29,1
2026-02-12,601318,14:13:40,66.5500,226,1
2026-02-12,601318,14:13:43,66.5500,11,1
2026-02-12,601318,14:13:46,66.5500,31,1
2026-02-12,601318,14:13:49,66.5500,58,1
2026-02-12,601318,14:13:52,66.5400,18,2
2026-02-12,601318,14:13:55,66.5400,52,2
2026-02-12,601318,14:13:58,66.5500,10,1
2026-02-12,601318,14:14:01,66.5500,77,1
2026-02-12,601318,14:14:04,66.5500,41,1
2026-02-12,601318,14:14:07,66.5500,23,1
2026-02-12,601318,14:14:10,66.5500,25,1
2026-02-12,601318,14:14:13,66.5500,241,1
2026-02-12,601318,14:14:16,66.5500,10,2
2026-02-12,601318,14:14:19,66.5600,287,1
2026-02-12,601318,14:14:22,66.5600,20,1
2026-02-12,601318,14:14:25,66.5600,35,2
2026-02-12,601318,14:14:28,66.5600,14,1
2026-02-12,601318,14:14:31,66.5600,18,1
2026-02-12,601318,14:14:34,66.5600,55,1
2026-02-12,601318,14:14:37,66.5600,354,1
2026-02-12,601318,14:14:40,66.5600,26,1
2026-02-12,601318,14:14:43,66.5600,3,1
2026-02-12,601318,14:14:46,66.5600,4,1
2026-02-12,601318,14:14:49,66.5500,25,2
2026-02-12,601318,14:14:52,66.5600,42,1
2026-02-12,601318,14:14:55,66.5500,80,2
2026-02-12,601318,14:14:58,66.5500,85,1
2026-02-12,601318,14:15:01,66.5500,20,1
2026-02-12,601318,14:15:04,66.5500,31,4
2026-02-12,601318,14:15:07,66.5500,82,2
2026-02-12,601318,14:15:10,66.5500,119,1
2026-02-12,601318,14:15:13,66.5400,32,2
2026-02-12,601318,14:15:16,66.5600,20,1
2026-02-12,601318,14:15:19,66.5500,18,2
2026-02-12,601318,14:15:22,66.5500,43,2
2026-02-12,601318,14:15:25,66.5600,68,1
2026-02-12,601318,14:15:28,66.5600,23,1
2026-02-12,601318,14:15:31,66.5500,13,2
2026-02-12,601318,14:15:34,66.5500,28,2
2026-02-12,601318,14:15:37,66.5600,34,1
2026-02-12,601318,14:15:40,66.5500,100,2
2026-02-12,601318,14:15:43,66.5500,107,1
2026-02-12,601318,14:15:46,66.5300,72,2
2026-02-12,601318,14:15:49,66.5500,58,1
2026-02-12,601318,14:15:52,66.5400,26,2
2026-02-12,601318,14:15:55,66.5400,26,2
2026-02-12,601318,14:15:58,66.5400,332,2
2026-02-12,601318,14:16:01,66.5400,112,2
2026-02-12,601318,14:16:04,66.5400,35,2
2026-02-12,601318,14:16:07,66.5400,4,2
2026-02-12,601318,14:16:10,66.5400,4,1
2026-02-12,601318,14:16:13,66.5300,25,2
2026-02-12,601318,14:16:16,66.5300,176,2
2026-02-12,601318,14:16:19,66.5200,156,2
2026-02-12,601318,14:16:22,66.5100,59,2
2026-02-12,601318,14:16:25,66.5200,44,1
2026-02-12,601318,14:16:28,66.5100,150,2
2026-02-12,601318,14:16:31,66.5100,185,2
2026-02-12,601318,14:16:34,66.5000,896,2
2026-02-12,601318,14:16:37,66.4900,177,2
2026-02-12,601318,14:16:40,66.4900,40,2
2026-02-12,601318,14:16:43,66.4900,809,2
2026-02-12,601318,14:16:46,66.4800,69,2
2026-02-12,601318,14:16:49,66.4800,76,2
2026-02-12,601318,14:16:52,66.4900,36,4
2026-02-12,601318,14:16:55,66.4800,40,2
2026-02-12,601318,14:16:58,66.4900,89,1
2026-02-12,601318,14:17:01,66.4900,83,1
2026-02-12,601318,14:17:04,66.4900,93,1
2026-02-12,601318,14:17:07,66.4800,293,2
2026-02-12,601318,14:17:10,66.4900,57,4
2026-02-12,601318,14:17:13,66.4800,31,2
2026-02-12,601318,14:17:16,66.4800,314,2
2026-02-12,601318,14:17:19,66.5000,233,1
2026-02-12,601318,14:17:22,66.4900,25,2
2026-02-12,601318,14:17:25,66.4900,91,2
2026-02-12,601318,14:17:28,66.4900,57,1
2026-02-12,601318,14:17:31,66.4800,125,2
2026-02-12,601318,14:17:34,66.4900,83,2
2026-02-12,601318,14:17:37,66.4900,91,2
2026-02-12,601318,14:17:40,66.4900,144,2
2026-02-12,601318,14:17:43,66.4900,32,2
2026-02-12,601318,14:17:46,66.5000,39,1
2026-02-12,601318,14:17:49,66.5000,169,1
2026-02-12,601318,14:17:52,66.4900,156,2
2026-02-12,601318,14:17:55,66.4900,82,2
2026-02-12,601318,14:17:58,66.5000,72,1
2026-02-12,601318,14:18:01,66.4900,30,2
2026-02-12,601318,14:18:04,66.5000,70,1
2026-02-12,601318,14:18:07,66.5000,81,1
2026-02-12,601318,14:18:10,66.5000,29,2
2026-02-12,601318,14:18:13,66.5100,28,1
2026-02-12,601318,14:18:16,66.5100,126,1
2026-02-12,601318,14:18:19,66.5000,57,2
2026-02-12,601318,14:18:22,66.5000,161,1
2026-02-12,601318,14:18:25,66.5000,28,1
2026-02-12,601318,14:18:28,66.4900,20,2
2026-02-12,601318,14:18:31,66.4900,71,2
2026-02-12,601318,14:18:34,66.5000,182,1
2026-02-12,601318,14:18:37,66.4900,143,2
2026-02-12,601318,14:18:40,66.4900,149,2
2026-02-12,601318,14:18:43,66.4900,61,2
2026-02-12,601318,14:18:46,66.4900,42,2
2026-02-12,601318,14:18:49,66.4900,46,2
2026-02-12,601318,14:18:52,66.5000,16,1
2026-02-12,601318,14:18:55,66.4900,29,2
2026-02-12,601318,14:18:58,66.4900,24,2
2026-02-12,601318,14:19:01,66.4900,80,2
2026-02-12,601318,14:19:04,66.4800,101,2
2026-02-12,601318,14:19:07,66.4900,192,1
2026-02-12,601318,14:19:10,66.4900,290,2
2026-02-12,601318,14:19:13,66.4900,83,2
2026-02-12,601318,14:19:16,66.4900,476,2
2026-02-12,601318,14:19:19,66.4900,15,2
2026-02-12,601318,14:19:22,66.4800,55,2
2026-02-12,601318,14:19:25,66.4900,34,1
2026-02-12,601318,14:19:28,66.4900,79,2
2026-02-12,601318,14:19:31,66.4900,98,2
2026-02-12,601318,14:19:34,66.4900,89,2
2026-02-12,601318,14:19:37,66.5000,39,1
2026-02-12,601318,14:19:40,66.4900,28,2
2026-02-12,601318,14:19:43,66.4900,39,2
2026-02-12,601318,14:19:46,66.4900,221,2
2026-02-12,601318,14:19:49,66.5000,76,1
2026-02-12,601318,14:19:52,66.4900,102,2
2026-02-12,601318,14:19:55,66.5000,66,1
2026-02-12,601318,14:19:58,66.5000,21,2
2026-02-12,601318,14:20:01,66.5000,111,2
2026-02-12,601318,14:20:04,66.5000,9,2
2026-02-12,601318,14:20:07,66.5000,69,2
2026-02-12,601318,14:20:10,66.5000,36,2
2026-02-12,601318,14:20:13,66.5100,42,1
2026-02-12,601318,14:20:16,66.5100,17,1
2026-02-12,601318,14:20:19,66.5000,65,2
2026-02-12,601318,14:20:22,66.5100,13,1
2026-02-12,601318,14:20:25,66.5000,601,2
2026-02-12,601318,14:20:28,66.5000,115,2
2026-02-12,601318,14:20:31,66.5000,122,2
2026-02-12,601318,14:20:34,66.5000,31,2
2026-02-12,601318,14:20:37,66.5100,134,1
2026-02-12,601318,14:20:40,66.5100,28,1
2026-02-12,601318,14:20:43,66.5100,25,1
2026-02-12,601318,14:20:46,66.5100,16,1
2026-02-12,601318,14:20:49,66.5100,56,1
2026-02-12,601318,14:20:52,66.5000,327,2
2026-02-12,601318,14:20:55,66.5000,28,1
2026-02-12,601318,14:20:58,66.5000,11,1
2026-02-12,601318,14:21:01,66.5000,88,1
2026-02-12,601318,14:21:04,66.4900,56,2
2026-02-12,601318,14:21:07,66.5000,32,1
2026-02-12,601318,14:21:10,66.5000,126,2
2026-02-12,601318,14:21:13,66.5000,86,2
2026-02-12,601318,14:21:16,66.5000,28,2
2026-02-12,601318,14:21:19,66.5100,42,1
2026-02-12,601318,14:21:22,66.5000,17,2
2026-02-12,601318,14:21:25,66.5000,25,2
2026-02-12,601318,14:21:28,66.5100,45,1
2026-02-12,601318,14:21:31,66.5000,147,2
2026-02-12,601318,14:21:34,66.5100,18,1
2026-02-12,601318,14:21:37,66.5100,17,2
2026-02-12,601318,14:21:40,66.5200,70,1
2026-02-12,601318,14:21:43,66.5100,365,2
2026-02-12,601318,14:21:46,66.5100,41,2
2026-02-12,601318,14:21:49,66.5100,32,2
2026-02-12,601318,14:21:52,66.5200,49,1
2026-02-12,601318,14:21:55,66.5100,32,2
2026-02-12,601318,14:21:58,66.5100,33,2
2026-02-12,601318,14:22:01,66.5200,67,1
2026-02-12,601318,14:22:04,66.5200,41,1
2026-02-12,601318,14:22:07,66.5100,90,2
2026-02-12,601318,14:22:10,66.5100,70,2
2026-02-12,601318,14:22:13,66.5100,70,2
2026-02-12,601318,14:22:16,66.5100,108,2
2026-02-12,601318,14:22:19,66.5100,121,2
2026-02-12,601318,14:22:22,66.5100,51,1
2026-02-12,601318,14:22:25,66.5000,257,2
2026-02-12,601318,14:22:28,66.5000,66,2
2026-02-12,601318,14:22:31,66.5100,59,1
2026-02-12,601318,14:22:34,66.5100,29,1
2026-02-12,601318,14:22:37,66.5000,194,2
2026-02-12,601318,14:22:40,66.5000,110,2
2026-02-12,601318,14:22:43,66.5100,116,1
2026-02-12,601318,14:22:46,66.5100,72,1
2026-02-12,601318,14:22:49,66.5100,27,1
2026-02-12,601318,14:22:52,66.5100,43,1
2026-02-12,601318,14:22:55,66.5100,10,1
2026-02-12,601318,14:22:58,66.5200,23,1
2026-02-12,601318,14:23:01,66.5200,21,1
2026-02-12,601318,14:23:04,66.5100,40,2
2026-02-12,601318,14:23:07,66.5200,24,1
2026-02-12,601318,14:23:10,66.5100,110,2
2026-02-12,601318,14:23:13,66.5100,51,2
2026-02-12,601318,14:23:16,66.5100,48,2
2026-02-12,601318,14:23:19,66.5100,6,1
2026-02-12,601318,14:23:22,66.5200,61,1
2026-02-12,601318,14:23:25,66.5100,331,2
2026-02-12,601318,14:23:28,66.5100,25,1
2026-02-12,601318,14:23:31,66.5100,15,2
2026-02-12,601318,14:23:34,66.5100,19,2
2026-02-12,601318,14:23:37,66.5200,11,1
2026-02-12,601318,14:23:40,66.5200,27,1
2026-02-12,601318,14:23:43,66.5100,6,2
2026-02-12,601318,14:23:46,66.5100,30,2
2026-02-12,601318,14:23:49,66.5100,16,2
2026-02-12,601318,14:23:52,66.5200,62,1
2026-02-12,601318,14:23:55,66.5200,46,1
2026-02-12,601318,14:23:58,66.5100,33,2
2026-02-12,601318,14:24:01,66.5100,76,2
2026-02-12,601318,14:24:04,66.5000,122,2
2026-02-12,601318,14:24:07,66.5000,52,2
2026-02-12,601318,14:24:10,66.5000,164,2
2026-02-12,601318,14:24:13,66.5100,17,1
2026-02-12,601318,14:24:16,66.5000,66,2
2026-02-12,601318,14:24:19,66.5100,138,1
2026-02-12,601318,14:24:22,66.5100,9,2
2026-02-12,601318,14:24:25,66.5000,125,2
2026-02-12,601318,14:24:28,66.5100,78,1
2026-02-12,601318,14:24:31,66.5000,97,2
2026-02-12,601318,14:24:34,66.5000,48,2
2026-02-12,601318,14:24:37,66.5000,107,2
2026-02-12,601318,14:24:40,66.5100,197,1
2026-02-12,601318,14:24:43,66.5000,69,2
2026-02-12,601318,14:24:46,66.5100,25,1
2026-02-12,601318,14:24:49,66.5000,83,2
2026-02-12,601318,14:24:52,66.5100,52,1
2026-02-12,601318,14:24:55,66.5000,31,2
2026-02-12,601318,14:24:58,66.5000,2065,2
2026-02-12,601318,14:25:01,66.5000,54,1
2026-02-12,601318,14:25:04,66.5000,97,2
2026-02-12,601318,14:25:07,66.4800,931,2
2026-02-12,601318,14:25:10,66.4700,436,2
2026-02-12,601318,14:25:13,66.4600,451,2
2026-02-12,601318,14:25:16,66.4800,48,1
2026-02-12,601318,14:25:19,66.4600,256,2
2026-02-12,601318,14:25:22,66.4600,106,2
2026-02-12,601318,14:25:25,66.4700,58,1
2026-02-12,601318,14:25:28,66.4600,167,2
2026-02-12,601318,14:25:31,66.4600,73,2
2026-02-12,601318,14:25:34,66.4600,165,2
2026-02-12,601318,14:25:37,66.4600,169,2
2026-02-12,601318,14:25:40,66.4600,52,2
2026-02-12,601318,14:25:43,66.4700,99,1
2026-02-12,601318,14:25:46,66.4800,66,1
2026-02-12,601318,14:25:49,66.4800,150,1
2026-02-12,601318,14:25:52,66.4700,37,2
2026-02-12,601318,14:25:55,66.4900,8,1
2026-02-12,601318,14:25:58,66.4900,31,1
2026-02-12,601318,14:26:01,66.4800,111,2
2026-02-12,601318,14:26:04,66.4800,163,1
2026-02-12,601318,14:26:07,66.4900,89,1
2026-02-12,601318,14:26:10,66.4800,11,2
2026-02-12,601318,14:26:13,66.4800,164,2
2026-02-12,601318,14:26:16,66.5000,110,1
2026-02-12,601318,14:26:19,66.4900,60,2
2026-02-12,601318,14:26:22,66.4800,26,2
2026-02-12,601318,14:26:25,66.4900,246,1
2026-02-12,601318,14:26:28,66.4900,18,4
2026-02-12,601318,14:26:31,66.4900,72,2
2026-02-12,601318,14:26:34,66.4900,70,4
2026-02-12,601318,14:26:37,66.4700,461,2
2026-02-12,601318,14:26:40,66.4700,33,2
2026-02-12,601318,14:26:43,66.4700,56,2
2026-02-12,601318,14:26:46,66.4700,33,2
2026-02-12,601318,14:26:49,66.4800,65,1
2026-02-12,601318,14:26:52,66.4700,68,2
2026-02-12,601318,14:26:55,66.4700,169,2
2026-02-12,601318,14:26:58,66.4700,10,2
2026-02-12,601318,14:27:01,66.4700,44,2
2026-02-12,601318,14:27:04,66.4700,172,2
2026-02-12,601318,14:27:07,66.4700,169,1
2026-02-12,601318,14:27:10,66.4600,121,2
2026-02-12,601318,14:27:13,66.4700,29,4
2026-02-12,601318,14:27:16,66.4700,25,1
2026-02-12,601318,14:27:19,66.4600,77,2
2026-02-12,601318,14:27:22,66.4700,67,2
2026-02-12,601318,14:27:25,66.4700,149,2
2026-02-12,601318,14:27:28,66.4700,183,1
2026-02-12,601318,14:27:31,66.4600,35,2
2026-02-12,601318,14:27:34,66.4600,2788,2
2026-02-12,601318,14:27:37,66.4500,494,2
2026-02-12,601318,14:27:40,66.4400,63,2
2026-02-12,601318,14:27:43,66.4400,96,2
2026-02-12,601318,14:27:46,66.4400,71,2
2026-02-12,601318,14:27:49,66.4400,260,2
2026-02-12,601318,14:27:52,66.4400,44,2
2026-02-12,601318,14:27:55,66.4500,95,1
2026-02-12,601318,14:27:58,66.4400,50,2
2026-02-12,601318,14:28:01,66.4400,68,2
2026-02-12,601318,14:28:04,66.4400,45,2
2026-02-12,601318,14:28:07,66.4400,72,2
2026-02-12,601318,14:28:10,66.4400,826,2
2026-02-12,601318,14:28:13,66.4500,29,2
2026-02-12,601318,14:28:16,66.4700,284,1
2026-02-12,601318,14:28:19,66.4500,7,2
2026-02-12,601318,14:28:22,66.4700,70,1
2026-02-12,601318,14:28:25,66.4600,61,4
2026-02-12,601318,14:28:28,66.4700,41,1
2026-02-12,601318,14:28:31,66.4600,79,4
2026-02-12,601318,14:28:34,66.4700,62,1
2026-02-12,601318,14:28:37,66.4600,41,2
2026-02-12,601318,14:28:40,66.4700,33,1
2026-02-12,601318,14:28:43,66.4600,73,2
2026-02-12,601318,14:28:46,66.4600,70,1
2026-02-12,601318,14:28:49,66.4600,53,2
2026-02-12,601318,14:28:52,66.4700,52,1
2026-02-12,601318,14:28:55,66.4600,25,1
2026-02-12,601318,14:28:58,66.4600,53,2
2026-02-12,601318,14:29:01,66.4700,40,1
2026-02-12,601318,14:29:04,66.4700,85,1
2026-02-12,601318,14:29:07,66.4700,49,1
2026-02-12,601318,14:29:10,66.4700,95,2
2026-02-12,601318,14:29:13,66.4800,43,1
2026-02-12,601318,14:29:16,66.4800,84,1
2026-02-12,601318,14:29:19,66.4800,63,1
2026-02-12,601318,14:29:22,66.4800,6,2
2026-02-12,601318,14:29:25,66.4800,101,2
2026-02-12,601318,14:29:28,66.4700,26,2
2026-02-12,601318,14:29:31,66.4800,24,1
2026-02-12,601318,14:29:34,66.4700,79,2
2026-02-12,601318,14:29:37,66.4700,26,2
2026-02-12,601318,14:29:40,66.4800,31,1
2026-02-12,601318,14:29:43,66.4700,45,2
2026-02-12,601318,14:29:46,66.4700,263,2
2026-02-12,601318,14:29:49,66.4800,3,1
2026-02-12,601318,14:29:52,66.4700,138,2
2026-02-12,601318,14:29:55,66.4700,58,1
2026-02-12,601318,14:29:58,66.4700,141,1
2026-02-12,601318,14:30:01,66.4700,66,1
2026-02-12,601318,14:30:04,66.4700,73,1
2026-02-12,601318,14:30:07,66.4600,126,4
2026-02-12,601318,14:30:10,66.4500,63,2
2026-02-12,601318,14:30:13,66.4500,43,2
2026-02-12,601318,14:30:16,66.4500,82,2
2026-02-12,601318,14:30:19,66.4600,142,4
2026-02-12,601318,14:30:22,66.4500,82,2
2026-02-12,601318,14:30:25,66.4600,33,1
2026-02-12,601318,14:30:28,66.4600,91,1
2026-02-12,601318,14:30:31,66.4600,140,1
2026-02-12,601318,14:30:34,66.4500,149,2
2026-02-12,601318,14:30:37,66.4600,85,1
2026-02-12,601318,14:30:40,66.4600,52,1
2026-02-12,601318,14:30:43,66.4500,472,2
2026-02-12,601318,14:30:46,66.4400,167,2
2026-02-12,601318,14:30:49,66.4400,108,2
2026-02-12,601318,14:30:52,66.4400,816,2
2026-02-12,601318,14:30:55,66.4400,186,1
2026-02-12,601318,14:30:58,66.4500,116,1
2026-02-12,601318,14:31:01,66.4300,714,2
2026-02-12,601318,14:31:04,66.4300,277,2
2026-02-12,601318,14:31:07,66.4400,101,1
2026-02-12,601318,14:31:10,66.4300,3023,2
2026-02-12,601318,14:31:13,66.4000,487,2
2026-02-12,601318,14:31:16,66.4000,211,2
2026-02-12,601318,14:31:19,66.4000,56,2
2026-02-12,601318,14:31:22,66.4000,178,2
2026-02-12,601318,14:31:25,66.4100,96,2
2026-02-12,601318,14:31:28,66.4100,48,2
2026-02-12,601318,14:31:31,66.4200,109,1
2026-02-12,601318,14:31:34,66.4200,113,1
2026-02-12,601318,14:31:37,66.4200,73,1
2026-02-12,601318,14:31:40,66.4200,688,1
2026-02-12,601318,14:31:43,66.4200,32,2
2026-02-12,601318,14:31:46,66.4200,144,2
2026-02-12,601318,14:31:49,66.4300,128,1
2026-02-12,601318,14:31:52,66.4500,4,1
2026-02-12,601318,14:31:55,66.4400,934,4
2026-02-12,601318,14:31:58,66.4400,5,2
2026-02-12,601318,14:32:01,66.4500,18,1
2026-02-12,601318,14:32:04,66.4400,88,2
2026-02-12,601318,14:32:07,66.4100,1672,2
2026-02-12,601318,14:32:10,66.4100,81,1
2026-02-12,601318,14:32:13,66.4000,213,2
2026-02-12,601318,14:32:16,66.4100,133,1
2026-02-12,601318,14:32:19,66.4000,240,2
2026-02-12,601318,14:32:22,66.4100,141,1
2026-02-12,601318,14:32:25,66.3900,823,2
2026-02-12,601318,14:32:28,66.3900,73,2
2026-02-12,601318,14:32:31,66.4000,94,4
2026-02-12,601318,14:32:34,66.3900,750,2
2026-02-12,601318,14:32:37,66.3800,60,2
2026-02-12,601318,14:32:40,66.3900,659,2
2026-02-12,601318,14:32:43,66.3800,78,2
2026-02-12,601318,14:32:46,66.3600,681,2
2026-02-12,601318,14:32:49,66.3900,106,1
2026-02-12,601318,14:32:52,66.3800,657,4
2026-02-12,601318,14:32:55,66.3600,232,2
2026-02-12,601318,14:32:58,66.3600,1006,2
2026-02-12,601318,14:33:01,66.3500,324,2
2026-02-12,601318,14:33:04,66.3600,259,1
2026-02-12,601318,14:33:07,66.3800,52,4
2026-02-12,601318,14:33:10,66.3700,154,2
2026-02-12,601318,14:33:13,66.3800,90,2
2026-02-12,601318,14:33:16,66.3900,146,1
2026-02-12,601318,14:33:19,66.3900,68,2
2026-02-12,601318,14:33:22,66.4000,29,1
2026-02-12,601318,14:33:25,66.3900,7,2
2026-02-12,601318,14:33:28,66.4000,53,1
2026-02-12,601318,14:33:31,66.4200,60,1
2026-02-12,601318,14:33:34,66.4100,18,2
2026-02-12,601318,14:33:37,66.4100,85,2
2026-02-12,601318,14:33:40,66.4200,21,1
2026-02-12,601318,14:33:43,66.4000,39,2
2026-02-12,601318,14:33:46,66.4000,55,2
2026-02-12,601318,14:33:49,66.4200,174,1
2026-02-12,601318,14:33:55,66.4300,118,1
2026-02-12,601318,14:33:58,66.4200,29,2
2026-02-12,601318,14:34:01,66.4300,89,1
2026-02-12,601318,14:34:04,66.4300,63,1
2026-02-12,601318,14:34:07,66.4200,15,2
2026-02-12,601318,14:34:10,66.4300,69,1
2026-02-12,601318,14:34:13,66.4200,165,2
2026-02-12,601318,14:34:16,66.4300,28,1
2026-02-12,601318,14:34:19,66.4300,36,1
2026-02-12,601318,14:34:22,66.4300,164,1
2026-02-12,601318,14:34:25,66.4300,61,1
2026-02-12,601318,14:34:28,66.4300,89,1
2026-02-12,601318,14:34:31,66.4200,132,2
2026-02-12,601318,14:34:34,66.4200,70,2
2026-02-12,601318,14:34:37,66.4300,73,1
2026-02-12,601318,14:34:40,66.4300,98,2
2026-02-12,601318,14:34:43,66.4300,71,1
2026-02-12,601318,14:34:46,66.4300,63,2
2026-02-12,601318,14:34:49,66.4300,36,2
2026-02-12,601318,14:34:52,66.4300,28,2
2026-02-12,601318,14:34:55,66.4400,67,1
2026-02-12,601318,14:34:58,66.4300,34,2
2026-02-12,601318,14:35:01,66.4200,139,2
2026-02-12,601318,14:35:04,66.4300,30,1
2026-02-12,601318,14:35:07,66.4200,95,2
2026-02-12,601318,14:35:10,66.4300,141,1
2026-02-12,601318,14:35:13,66.4300,23,2
2026-02-12,601318,14:35:16,66.4300,23,2
2026-02-12,601318,14:35:19,66.4300,98,2
2026-02-12,601318,14:35:22,66.4300,103,2
2026-02-12,601318,14:35:25,66.4300,73,2
2026-02-12,601318,14:35:28,66.4400,25,1
2026-02-12,601318,14:35:31,66.4300,50,2
2026-02-12,601318,14:35:34,66.4400,17,1
2026-02-12,601318,14:35:37,66.4400,22,1
2026-02-12,601318,14:35:40,66.4300,6,2
2026-02-12,601318,14:35:43,66.4300,227,2
2026-02-12,601318,14:35:46,66.4300,37,2
2026-02-12,601318,14:35:49,66.4400,25,1
2026-02-12,601318,14:35:52,66.4400,51,2
2026-02-12,601318,14:35:55,66.4300,89,2
2026-02-12,601318,14:35:58,66.4300,28,1
2026-02-12,601318,14:36:01,66.4300,85,1
2026-02-12,601318,14:36:04,66.4300,53,1
2026-02-12,601318,14:36:07,66.4400,49,1
2026-02-12,601318,14:36:10,66.4400,1,1
2026-02-12,601318,14:36:13,66.4400,60,1
2026-02-12,601318,14:36:16,66.4400,83,1
2026-02-12,601318,14:36:19,66.4400,58,1
2026-02-12,601318,14:36:22,66.4400,147,1
2026-02-12,601318,14:36:25,66.4600,460,1
2026-02-12,601318,14:36:28,66.4600,48,1
2026-02-12,601318,14:36:31,66.4600,56,1
2026-02-12,601318,14:36:34,66.4600,55,1
2026-02-12,601318,14:36:37,66.4600,128,1
2026-02-12,601318,14:36:40,66.4600,141,1
2026-02-12,601318,14:36:43,66.4600,58,2
2026-02-12,601318,14:36:46,66.4600,122,2
2026-02-12,601318,14:36:49,66.4600,210,4
2026-02-12,601318,14:36:52,66.4500,49,2
2026-02-12,601318,14:36:55,66.4400,46,2
2026-02-12,601318,14:36:58,66.4400,65,2
2026-02-12,601318,14:37:01,66.4400,122,2
2026-02-12,601318,14:37:04,66.4500,123,1
2026-02-12,601318,14:37:07,66.4500,61,1
2026-02-12,601318,14:37:10,66.4400,87,2
2026-02-12,601318,14:37:13,66.4400,52,1
2026-02-12,601318,14:37:16,66.4400,53,1
2026-02-12,601318,14:37:19,66.4400,42,1
2026-02-12,601318,14:37:22,66.4300,70,2
2026-02-12,601318,14:37:25,66.4300,48,2
2026-02-12,601318,14:37:28,66.4500,8,1
2026-02-12,601318,14:37:31,66.4400,3,2
2026-02-12,601318,14:37:34,66.4400,74,2
2026-02-12,601318,14:37:37,66.4500,86,1
2026-02-12,601318,14:37:40,66.4400,17,4
2026-02-12,601318,14:37:43,66.4300,44,2
2026-02-12,601318,14:37:46,66.4500,14,1
2026-02-12,601318,14:37:49,66.4400,49,2
2026-02-12,601318,14:37:52,66.4500,15,1
2026-02-12,601318,14:37:55,66.4400,6,2
2026-02-12,601318,14:37:58,66.4400,14,2
2026-02-12,601318,14:38:01,66.4400,114,2
2026-02-12,601318,14:38:04,66.4500,99,1
2026-02-12,601318,14:38:07,66.4500,72,1
2026-02-12,601318,14:38:10,66.4400,11,2
2026-02-12,601318,14:38:13,66.4500,2,1
2026-02-12,601318,14:38:16,66.4500,45,1
2026-02-12,601318,14:38:19,66.4500,29,1
2026-02-12,601318,14:38:22,66.4400,38,2
2026-02-12,601318,14:38:25,66.4500,36,1
2026-02-12,601318,14:38:28,66.4400,56,2
2026-02-12,601318,14:38:31,66.4400,41,2
2026-02-12,601318,14:38:34,66.4400,203,2
2026-02-12,601318,14:38:37,66.4500,73,1
2026-02-12,601318,14:38:40,66.4700,548,1
2026-02-12,601318,14:38:43,66.4500,18,2
2026-02-12,601318,14:38:46,66.4600,15,1
2026-02-12,601318,14:38:49,66.4700,43,1
2026-02-12,601318,14:38:52,66.4600,38,2
2026-02-12,601318,14:38:55,66.4700,105,1
2026-02-12,601318,14:38:58,66.4700,32,1
2026-02-12,601318,14:39:01,66.4700,31,1
2026-02-12,601318,14:39:04,66.4700,80,1
2026-02-12,601318,14:39:07,66.4700,24,1
2026-02-12,601318,14:39:10,66.4600,194,2
2026-02-12,601318,14:39:13,66.4600,24,1
2026-02-12,601318,14:39:16,66.4500,29,2
2026-02-12,601318,14:39:19,66.4600,74,1
2026-02-12,601318,14:39:22,66.4600,520,1
2026-02-12,601318,14:39:25,66.4500,242,2
2026-02-12,601318,14:39:28,66.4500,812,2
2026-02-12,601318,14:39:31,66.4500,24,1
2026-02-12,601318,14:39:34,66.4600,102,1
2026-02-12,601318,14:39:37,66.4500,23,1
2026-02-12,601318,14:39:40,66.4600,53,1
2026-02-12,601318,14:39:43,66.4500,45,2
2026-02-12,601318,14:39:46,66.4500,40,2
2026-02-12,601318,14:39:49,66.4500,78,1
2026-02-12,601318,14:39:52,66.4500,20,1
2026-02-12,601318,14:39:55,66.4400,141,2
2026-02-12,601318,14:39:58,66.4300,102,2
2026-02-12,601318,14:40:01,66.4400,134,1
2026-02-12,601318,14:40:04,66.4100,961,2
2026-02-12,601318,14:40:07,66.4200,113,1
2026-02-12,601318,14:40:10,66.4100,340,2
2026-02-12,601318,14:40:13,66.4300,137,1
2026-02-12,601318,14:40:16,66.4300,22,1
2026-02-12,601318,14:40:19,66.4300,25,2
2026-02-12,601318,14:40:22,66.4400,94,1
2026-02-12,601318,14:40:25,66.4300,93,2
2026-02-12,601318,14:40:28,66.4300,67,1
2026-02-12,601318,14:40:31,66.4200,27,2
2026-02-12,601318,14:40:34,66.4300,92,1
2026-02-12,601318,14:40:37,66.4300,78,1
2026-02-12,601318,14:40:40,66.4300,158,1
2026-02-12,601318,14:40:43,66.4300,62,1
2026-02-12,601318,14:40:46,66.4200,27,2
2026-02-12,601318,14:40:49,66.4300,105,1
2026-02-12,601318,14:40:52,66.4300,13,2
2026-02-12,601318,14:40:55,66.4300,82,2
2026-02-12,601318,14:40:58,66.4300,39,1
2026-02-12,601318,14:41:01,66.4300,106,2
2026-02-12,601318,14:41:04,66.4300,152,2
2026-02-12,601318,14:41:07,66.4500,548,1
2026-02-12,601318,14:41:10,66.4500,190,1
2026-02-12,601318,14:41:13,66.4700,92,1
2026-02-12,601318,14:41:16,66.4700,86,1
2026-02-12,601318,14:41:19,66.4600,191,2
2026-02-12,601318,14:41:22,66.4600,109,2
2026-02-12,601318,14:41:25,66.4700,10,2
2026-02-12,601318,14:41:28,66.4800,53,1
2026-02-12,601318,14:41:31,66.4800,83,1
2026-02-12,601318,14:41:34,66.4900,158,1
2026-02-12,601318,14:41:37,66.4900,382,1
2026-02-12,601318,14:41:40,66.4800,34,1
2026-02-12,601318,14:41:43,66.4700,70,2
2026-02-12,601318,14:41:46,66.4700,238,1
2026-02-12,601318,14:41:49,66.4700,279,1
2026-02-12,601318,14:41:52,66.4700,203,2
2026-02-12,601318,14:41:55,66.4600,133,2
2026-02-12,601318,14:41:58,66.4700,32,2
2026-02-12,601318,14:42:01,66.4700,62,2
2026-02-12,601318,14:42:04,66.4600,429,2
2026-02-12,601318,14:42:07,66.4600,59,1
2026-02-12,601318,14:42:10,66.4600,730,1
2026-02-12,601318,14:42:13,66.4600,2785,2
2026-02-12,601318,14:42:16,66.4400,140,2
2026-02-12,601318,14:42:19,66.4500,21,1
2026-02-12,601318,14:42:22,66.4500,34,4
2026-02-12,601318,14:42:25,66.4600,22,1
2026-02-12,601318,14:42:28,66.4500,41,4
2026-02-12,601318,14:42:31,66.4400,53,2
2026-02-12,601318,14:42:34,66.4500,107,1
2026-02-12,601318,14:42:37,66.4500,24,2
2026-02-12,601318,14:42:40,66.4500,76,1
2026-02-12,601318,14:42:43,66.4600,22,1
2026-02-12,601318,14:42:46,66.4500,107,4
2026-02-12,601318,14:42:49,66.4400,223,2
2026-02-12,601318,14:42:52,66.4400,64,1
2026-02-12,601318,14:42:55,66.4400,89,1
2026-02-12,601318,14:42:58,66.4500,78,1
2026-02-12,601318,14:43:01,66.4400,72,2
2026-02-12,601318,14:43:04,66.4500,565,1
2026-02-12,601318,14:43:07,66.4400,320,4
2026-02-12,601318,14:43:10,66.4400,49,2
2026-02-12,601318,14:43:13,66.4400,47,1
2026-02-12,601318,14:43:16,66.4400,72,1
2026-02-12,601318,14:43:19,66.4300,68,2
2026-02-12,601318,14:43:22,66.4200,106,2
2026-02-12,601318,14:43:25,66.4300,87,1
2026-02-12,601318,14:43:28,66.4400,87,1
2026-02-12,601318,14:43:31,66.4300,79,2
2026-02-12,601318,14:43:34,66.4300,97,2
2026-02-12,601318,14:43:37,66.4400,187,1
2026-02-12,601318,14:43:40,66.4200,54,2
2026-02-12,601318,14:43:43,66.4300,112,4
2026-02-12,601318,14:43:46,66.4200,89,2
2026-02-12,601318,14:43:49,66.4200,111,1
2026-02-12,601318,14:43:52,66.4200,39,1
2026-02-12,601318,14:43:55,66.4200,224,1
2026-02-12,601318,14:43:58,66.4200,145,1
2026-02-12,601318,14:44:01,66.4200,114,1
2026-02-12,601318,14:44:04,66.4200,68,1
2026-02-12,601318,14:44:07,66.4200,32,1
2026-02-12,601318,14:44:10,66.4100,219,2
2026-02-12,601318,14:44:13,66.4200,300,1
2026-02-12,601318,14:44:16,66.4200,182,1
2026-02-12,601318,14:44:19,66.4200,114,2
2026-02-12,601318,14:44:22,66.4300,109,1
2026-02-12,601318,14:44:25,66.4300,19,1
2026-02-12,601318,14:44:28,66.4300,127,1
2026-02-12,601318,14:44:31,66.4300,181,2
2026-02-12,601318,14:44:34,66.4400,69,1
2026-02-12,601318,14:44:37,66.4400,164,1
2026-02-12,601318,14:44:40,66.4200,115,2
2026-02-12,601318,14:44:43,66.4300,46,1
2026-02-12,601318,14:44:46,66.4300,42,2
2026-02-12,601318,14:44:49,66.4300,73,2
2026-02-12,601318,14:44:52,66.4300,59,2
2026-02-12,601318,14:44:55,66.4300,167,1
2026-02-12,601318,14:44:58,66.4300,165,1
2026-02-12,601318,14:45:01,66.4200,75,2
2026-02-12,601318,14:45:04,66.4300,81,1
2026-02-12,601318,14:45:07,66.4200,130,2
2026-02-12,601318,14:45:10,66.4300,30,1
2026-02-12,601318,14:45:13,66.4200,134,2
2026-02-12,601318,14:45:16,66.4300,48,1
2026-02-12,601318,14:45:19,66.4200,24,2
2026-02-12,601318,14:45:22,66.4300,223,1
2026-02-12,601318,14:45:25,66.4400,284,1
2026-02-12,601318,14:45:28,66.4400,18,1
2026-02-12,601318,14:45:31,66.4400,21,1
2026-02-12,601318,14:45:34,66.4300,67,2
2026-02-12,601318,14:45:37,66.4300,68,2
2026-02-12,601318,14:45:40,66.4300,70,2
2026-02-12,601318,14:45:43,66.4400,49,1
2026-02-12,601318,14:45:46,66.4300,104,2
2026-02-12,601318,14:45:49,66.4300,65,1
2026-02-12,601318,14:45:52,66.4300,29,1
2026-02-12,601318,14:45:55,66.4200,74,2
2026-02-12,601318,14:45:58,66.4300,46,1
2026-02-12,601318,14:46:01,66.4200,120,2
2026-02-12,601318,14:46:04,66.4200,48,2
2026-02-12,601318,14:46:07,66.4200,156,2
2026-02-12,601318,14:46:10,66.4200,77,2
2026-02-12,601318,14:46:13,66.4400,111,1
2026-02-12,601318,14:46:16,66.4400,12,1
2026-02-12,601318,14:46:19,66.4200,267,2
2026-02-12,601318,14:46:22,66.4400,49,1
2026-02-12,601318,14:46:25,66.4400,96,1
2026-02-12,601318,14:46:28,66.4400,11,1
2026-02-12,601318,14:46:31,66.4400,34,1
2026-02-12,601318,14:46:34,66.4300,21,2
2026-02-12,601318,14:46:37,66.4300,40,2
2026-02-12,601318,14:46:40,66.4300,139,2
2026-02-12,601318,14:46:43,66.4400,24,1
2026-02-12,601318,14:46:46,66.4300,80,2
2026-02-12,601318,14:46:49,66.4400,16,1
2026-02-12,601318,14:46:52,66.4400,101,1
2026-02-12,601318,14:46:55,66.4300,480,2
2026-02-12,601318,14:46:58,66.4400,55,1
2026-02-12,601318,14:47:01,66.4300,183,2
2026-02-12,601318,14:47:04,66.4400,36,1
2026-02-12,601318,14:47:07,66.4300,212,2
2026-02-12,601318,14:47:10,66.4300,211,2
2026-02-12,601318,14:47:13,66.4300,39,2
2026-02-12,601318,14:47:16,66.4300,64,2
2026-02-12,601318,14:47:19,66.4300,105,2
2026-02-12,601318,14:47:22,66.4300,109,2
2026-02-12,601318,14:47:25,66.4400,170,1
2026-02-12,601318,14:47:28,66.4300,204,4
2026-02-12,601318,14:47:31,66.4300,57,2
2026-02-12,601318,14:47:34,66.4400,57,1
2026-02-12,601318,14:47:37,66.4300,1088,2
2026-02-12,601318,14:47:40,66.4400,21,1
2026-02-12,601318,14:47:43,66.4400,152,2
2026-02-12,601318,14:47:46,66.4500,52,1
2026-02-12,601318,14:47:49,66.4600,69,1
2026-02-12,601318,14:47:52,66.4600,78,4
2026-02-12,601318,14:47:55,66.4600,26,1
2026-02-12,601318,14:47:58,66.4700,21,1
2026-02-12,601318,14:48:01,66.4600,148,2
2026-02-12,601318,14:48:04,66.4700,107,1
2026-02-12,601318,14:48:07,66.4500,154,2
2026-02-12,601318,14:48:10,66.4500,130,1
2026-02-12,601318,14:48:13,66.4500,35,1
2026-02-12,601318,14:48:16,66.4500,71,1
2026-02-12,601318,14:48:19,66.4600,73,1
2026-02-12,601318,14:48:22,66.4500,74,1
2026-02-12,601318,14:48:25,66.4500,85,1
2026-02-12,601318,14:48:28,66.4500,59,1
2026-02-12,601318,14:48:31,66.4500,25,2
2026-02-12,601318,14:48:34,66.4500,11,2
2026-02-12,601318,14:48:37,66.4500,75,2
2026-02-12,601318,14:48:40,66.4500,136,2
2026-02-12,601318,14:48:43,66.4600,35,1
2026-02-12,601318,14:48:46,66.4500,126,2
2026-02-12,601318,14:48:49,66.4500,61,1
2026-02-12,601318,14:48:52,66.4400,43,2
2026-02-12,601318,14:48:55,66.4400,242,2
2026-02-12,601318,14:48:58,66.4400,252,2
2026-02-12,601318,14:49:01,66.4400,361,1
2026-02-12,601318,14:49:04,66.4300,88,2
2026-02-12,601318,14:49:07,66.4500,149,1
2026-02-12,601318,14:49:10,66.4300,297,2
2026-02-12,601318,14:49:13,66.4400,291,1
2026-02-12,601318,14:49:16,66.4400,34,2
2026-02-12,601318,14:49:19,66.4400,131,1
2026-02-12,601318,14:49:22,66.4400,168,1
2026-02-12,601318,14:49:25,66.4300,62,2
2026-02-12,601318,14:49:28,66.4400,62,1
2026-02-12,601318,14:49:31,66.4300,159,2
2026-02-12,601318,14:49:34,66.4400,215,1
2026-02-12,601318,14:49:37,66.4400,226,1
2026-02-12,601318,14:49:40,66.4400,188,2
2026-02-12,601318,14:49:43,66.4400,67,1
2026-02-12,601318,14:49:46,66.4400,100,1
2026-02-12,601318,14:49:49,66.4400,38,2
2026-02-12,601318,14:49:52,66.4400,37,2
2026-02-12,601318,14:49:55,66.4400,146,2
2026-02-12,601318,14:49:58,66.4400,55,2
2026-02-12,601318,14:50:01,66.4500,55,1
2026-02-12,601318,14:50:04,66.4500,175,1
2026-02-12,601318,14:50:07,66.4500,169,2
2026-02-12,601318,14:50:10,66.4600,75,1
2026-02-12,601318,14:50:13,66.4500,107,2
2026-02-12,601318,14:50:16,66.4600,42,1
2026-02-12,601318,14:50:19,66.4700,30,1
2026-02-12,601318,14:50:22,66.4600,201,2
2026-02-12,601318,14:50:25,66.4700,338,1
2026-02-12,601318,14:50:28,66.4700,78,1
2026-02-12,601318,14:50:31,66.4700,192,4
2026-02-12,601318,14:50:34,66.4700,53,1
2026-02-12,601318,14:50:37,66.4700,163,1
2026-02-12,601318,14:50:40,66.4700,57,1
2026-02-12,601318,14:50:43,66.4700,162,4
2026-02-12,601318,14:50:46,66.4700,286,2
2026-02-12,601318,14:50:49,66.4700,176,2
2026-02-12,601318,14:50:52,66.4700,288,2
2026-02-12,601318,14:50:55,66.4800,215,1
2026-02-12,601318,14:50:58,66.4700,56,2
2026-02-12,601318,14:51:01,66.4700,304,2
2026-02-12,601318,14:51:04,66.4600,338,2
2026-02-12,601318,14:51:07,66.4600,244,2
2026-02-12,601318,14:51:10,66.4600,196,2
2026-02-12,601318,14:51:13,66.4700,47,4
2026-02-12,601318,14:51:16,66.4900,345,1
2026-02-12,601318,14:51:19,66.4800,86,4
2026-02-12,601318,14:51:22,66.4800,44,1
2026-02-12,601318,14:51:25,66.4600,175,2
2026-02-12,601318,14:51:28,66.4800,54,1
2026-02-12,601318,14:51:31,66.4800,35,4
2026-02-12,601318,14:51:34,66.4800,188,4
2026-02-12,601318,14:51:37,66.4800,71,2
2026-02-12,601318,14:51:40,66.5000,1342,1
2026-02-12,601318,14:51:43,66.5000,265,2
2026-02-12,601318,14:51:46,66.5000,76,2
2026-02-12,601318,14:51:49,66.5100,127,1
2026-02-12,601318,14:51:52,66.4900,189,2
2026-02-12,601318,14:51:55,66.4900,39,1
2026-02-12,601318,14:51:58,66.5100,252,1
2026-02-12,601318,14:52:01,66.5000,681,2
2026-02-12,601318,14:52:04,66.5000,24,1
2026-02-12,601318,14:52:07,66.5000,118,1
2026-02-12,601318,14:52:10,66.4900,109,2
2026-02-12,601318,14:52:13,66.5000,31,1
2026-02-12,601318,14:52:16,66.5000,76,1
2026-02-12,601318,14:52:19,66.5000,97,1
2026-02-12,601318,14:52:22,66.5000,181,1
2026-02-12,601318,14:52:25,66.5100,156,1
2026-02-12,601318,14:52:28,66.5000,367,2
2026-02-12,601318,14:52:31,66.5000,43,1
2026-02-12,601318,14:52:34,66.5100,77,1
2026-02-12,601318,14:52:37,66.5100,271,1
2026-02-12,601318,14:52:40,66.5000,98,4
2026-02-12,601318,14:52:43,66.5000,30,1
2026-02-12,601318,14:52:46,66.5000,196,4
2026-02-12,601318,14:52:49,66.5000,96,1
2026-02-12,601318,14:52:52,66.5000,353,2
2026-02-12,601318,14:52:55,66.5200,41,1
2026-02-12,601318,14:52:58,66.5100,39,1
2026-02-12,601318,14:53:01,66.5100,298,1
2026-02-12,601318,14:53:04,66.5000,157,2
2026-02-12,601318,14:53:07,66.5100,53,2
2026-02-12,601318,14:53:10,66.5100,85,2
2026-02-12,601318,14:53:13,66.5100,130,2
2026-02-12,601318,14:53:16,66.5100,124,2
2026-02-12,601318,14:53:19,66.5200,90,1
2026-02-12,601318,14:53:22,66.5200,23,1
2026-02-12,601318,14:53:25,66.5100,124,4
2026-02-12,601318,14:53:28,66.5100,399,1
2026-02-12,601318,14:53:31,66.5000,90,1
2026-02-12,601318,14:53:34,66.5000,185,1
2026-02-12,601318,14:53:37,66.5000,562,2
2026-02-12,601318,14:53:40,66.5200,246,1
2026-02-12,601318,14:53:43,66.5200,39,2
2026-02-12,601318,14:53:46,66.5300,43,1
2026-02-12,601318,14:53:49,66.5500,75,1
2026-02-12,601318,14:53:52,66.5400,71,2
2026-02-12,601318,14:53:55,66.5400,95,2
2026-02-12,601318,14:53:58,66.5500,4,1
2026-02-12,601318,14:54:01,66.5400,74,2
2026-02-12,601318,14:54:04,66.5400,143,2
2026-02-12,601318,14:54:07,66.5200,63,2
2026-02-12,601318,14:54:10,66.5300,86,2
2026-02-12,601318,14:54:13,66.5500,38,1
2026-02-12,601318,14:54:16,66.5400,93,2
2026-02-12,601318,14:54:19,66.5400,69,1
2026-02-12,601318,14:54:22,66.5400,133,2
2026-02-12,601318,14:54:25,66.5200,320,2
2026-02-12,601318,14:54:28,66.5300,109,2
2026-02-12,601318,14:54:31,66.5300,105,1
2026-02-12,601318,14:54:34,66.5500,94,1
2026-02-12,601318,14:54:37,66.5500,48,1
2026-02-12,601318,14:54:40,66.5300,517,2
2026-02-12,601318,14:54:43,66.5500,176,1
2026-02-12,601318,14:54:46,66.5400,78,1
2026-02-12,601318,14:54:49,66.5400,142,2
2026-02-12,601318,14:54:52,66.5400,96,1
2026-02-12,601318,14:54:55,66.5300,379,2
2026-02-12,601318,14:54:58,66.5300,260,2
2026-02-12,601318,14:55:01,66.5400,86,1
2026-02-12,601318,14:55:04,66.5500,73,1
2026-02-12,601318,14:55:07,66.5400,132,4
2026-02-12,601318,14:55:10,66.5200,363,2
2026-02-12,601318,14:55:13,66.5300,156,4
2026-02-12,601318,14:55:16,66.5100,128,2
2026-02-12,601318,14:55:19,66.5100,72,2
2026-02-12,601318,14:55:22,66.5200,44,2
2026-02-12,601318,14:55:25,66.5200,174,2
2026-02-12,601318,14:55:28,66.5400,61,1
2026-02-12,601318,14:55:31,66.5300,62,4
2026-02-12,601318,14:55:34,66.5300,65,1
2026-02-12,601318,14:55:37,66.5300,163,2
2026-02-12,601318,14:55:40,66.5300,21,4
2026-02-12,601318,14:55:43,66.5200,218,2
2026-02-12,601318,14:55:46,66.5300,119,4
2026-02-12,601318,14:55:49,66.5300,685,1
2026-02-12,601318,14:55:52,66.5300,449,1
2026-02-12,601318,14:55:55,66.5400,21,4
2026-02-12,601318,14:55:58,66.5400,46,2
2026-02-12,601318,14:56:01,66.5400,243,2
2026-02-12,601318,14:56:04,66.5400,72,1
2026-02-12,601318,14:56:07,66.5500,72,1
2026-02-12,601318,14:56:10,66.5300,93,2
2026-02-12,601318,14:56:13,66.5400,53,4
2026-02-12,601318,14:56:16,66.5500,69,1
2026-02-12,601318,14:56:19,66.5200,72,2
2026-02-12,601318,14:56:22,66.5300,236,2
2026-02-12,601318,14:56:25,66.5400,1196,1
2026-02-12,601318,14:56:28,66.5300,248,2
2026-02-12,601318,14:56:31,66.5500,73,1
2026-02-12,601318,14:56:34,66.5500,206,1
2026-02-12,601318,14:56:37,66.5300,139,2
2026-02-12,601318,14:56:40,66.5400,590,2
2026-02-12,601318,14:56:43,66.5300,299,2
2026-02-12,601318,14:56:46,66.5500,57,1
2026-02-12,601318,14:56:49,66.5200,283,2
2026-02-12,601318,14:56:52,66.5300,148,1
2026-02-12,601318,14:56:55,66.5300,412,2
2026-02-12,601318,14:56:58,66.5400,55,2
2026-02-12,601318,14:57:01,66.5200,250,2
2026-02-12,601318,15:00:02,66.5400,6627,4
2026-02-12,601318,13:16:55,66.7600,29,1
2026-02-12,601318,13:16:58,66.7400,58,2
2026-02-12,601318,13:17:01,66.7500,21,1
2026-02-12,601318,13:17:04,66.7500,12,1
2026-02-12,601318,13:17:07,66.7500,49,1
2026-02-12,601318,13:17:10,66.7400,21,2
2026-02-12,601318,13:17:13,66.7400,25,1
2026-02-12,601318,13:17:16,66.7300,36,2
2026-02-12,601318,13:17:19,66.7300,78,2
2026-02-12,601318,13:17:22,66.7400,27,1
2026-02-12,601318,13:17:25,66.7300,15,2
2026-02-12,601318,13:17:28,66.7200,94,2
2026-02-12,601318,13:17:31,66.7300,7,2
2026-02-12,601318,13:17:34,66.7300,32,2
2026-02-12,601318,13:17:37,66.7300,27,2
2026-02-12,601318,13:17:40,66.7300,30,2
2026-02-12,601318,13:17:43,66.7200,1,2
2026-02-12,601318,13:17:46,66.7300,40,1
2026-02-12,601318,13:17:49,66.7300,46,1
2026-02-12,601318,13:17:52,66.7300,8,1
2026-02-12,601318,13:17:55,66.7300,32,1
2026-02-12,601318,13:17:58,66.7200,19,2
2026-02-12,601318,13:18:01,66.7300,15,1
2026-02-12,601318,13:18:04,66.7400,242,1
2026-02-12,601318,13:18:07,66.7400,55,2
2026-02-12,601318,13:18:10,66.7500,11,2
2026-02-12,601318,13:18:13,66.7500,3,2
2026-02-12,601318,13:18:16,66.7600,7,1
2026-02-12,601318,13:18:19,66.7600,71,1
2026-02-12,601318,13:18:22,66.7600,43,1
2026-02-12,601318,13:18:25,66.7600,36,1
2026-02-12,601318,13:18:28,66.7600,33,2
2026-02-12,601318,13:18:31,66.7600,10,2
2026-02-12,601318,13:18:34,66.7600,14,2
2026-02-12,601318,13:18:37,66.7600,113,2
2026-02-12,601318,13:18:40,66.7700,134,1
2026-02-12,601318,13:18:43,66.7500,42,2
2026-02-12,601318,13:18:46,66.7500,26,2
2026-02-12,601318,13:18:49,66.7500,58,2
2026-02-12,601318,13:18:52,66.7500,57,1
2026-02-12,601318,13:18:55,66.7400,123,2
2026-02-12,601318,13:18:58,66.7300,114,2
2026-02-12,601318,13:19:01,66.7400,10,1
2026-02-12,601318,13:19:04,66.7400,26,1
2026-02-12,601318,13:19:07,66.7400,72,1
2026-02-12,601318,13:19:10,66.7500,25,1
2026-02-12,601318,13:19:13,66.7500,6,2
2026-02-12,601318,13:19:16,66.7600,192,1
2026-02-12,601318,13:19:19,66.7600,6,2
2026-02-12,601318,13:19:22,66.7700,97,1
2026-02-12,601318,13:19:25,66.7800,32,1
2026-02-12,601318,13:19:28,66.7700,4,2
2026-02-12,601318,13:19:31,66.7800,39,1
2026-02-12,601318,13:19:34,66.7800,37,1
2026-02-12,601318,13:19:37,66.7800,94,1
2026-02-12,601318,13:19:40,66.7800,116,1
2026-02-12,601318,13:19:43,66.7800,56,1
2026-02-12,601318,13:19:46,66.7900,43,1
2026-02-12,601318,13:19:49,66.7900,1,1
2026-02-12,601318,13:19:52,66.7900,15,1
2026-02-12,601318,13:19:55,66.7900,15,1
2026-02-12,601318,13:19:58,66.7900,28,1
2026-02-12,601318,13:20:01,66.8000,19,1
2026-02-12,601318,13:20:04,66.8000,3,1
2026-02-12,601318,13:20:07,66.8000,25,1
2026-02-12,601318,13:20:10,66.7900,31,2
2026-02-12,601318,13:20:13,66.7900,31,2
2026-02-12,601318,13:20:16,66.7900,31,2
2026-02-12,601318,13:20:19,66.8000,68,1
2026-02-12,601318,13:20:22,66.8000,71,1
2026-02-12,601318,13:20:25,66.7900,12,4
2026-02-12,601318,13:20:28,66.7800,37,2
2026-02-12,601318,13:20:31,66.7900,40,1
2026-02-12,601318,13:20:34,66.7900,28,1
2026-02-12,601318,13:20:37,66.8000,43,1
2026-02-12,601318,13:20:40,66.7900,115,2
2026-02-12,601318,13:20:43,66.8000,19,1
2026-02-12,601318,13:20:46,66.8000,6,1
2026-02-12,601318,13:20:49,66.7900,72,2
2026-02-12,601318,13:20:52,66.8000,47,1
2026-02-12,601318,13:20:55,66.8000,11,1
2026-02-12,601318,13:20:58,66.8000,34,1
2026-02-12,601318,13:21:01,66.7900,24,2
2026-02-12,601318,13:21:04,66.8000,5,1
2026-02-12,601318,13:21:07,66.8000,7,1
2026-02-12,601318,13:21:10,66.7900,19,2
2026-02-12,601318,13:21:13,66.7900,4,2
2026-02-12,601318,13:21:16,66.7900,145,2
2026-02-12,601318,13:21:19,66.8000,43,1
2026-02-12,601318,13:21:22,66.7900,29,2
2026-02-12,601318,13:21:25,66.8000,17,4
2026-02-12,601318,13:21:28,66.8000,93,1
2026-02-12,601318,13:21:31,66.8000,48,1
2026-02-12,601318,13:21:34,66.8000,19,1
2026-02-12,601318,13:21:37,66.8000,24,2
2026-02-12,601318,13:21:40,66.8100,48,1
2026-02-12,601318,13:21:43,66.8000,47,2
2026-02-12,601318,13:21:46,66.8100,30,1
2026-02-12,601318,13:21:49,66.7900,70,2
2026-02-12,601318,13:21:52,66.8000,2,1
2026-02-12,601318,13:21:55,66.8000,7,1
2026-02-12,601318,13:21:58,66.7900,52,2
2026-02-12,601318,13:22:01,66.7900,99,2
2026-02-12,601318,13:22:04,66.7900,28,2
2026-02-12,601318,13:22:07,66.7900,22,2
2026-02-12,601318,13:22:10,66.7900,20,2
2026-02-12,601318,13:22:13,66.8000,23,1
2026-02-12,601318,13:22:16,66.8000,13,1
2026-02-12,601318,13:22:19,66.8000,11,1
2026-02-12,601318,13:22:22,66.8000,12,1
2026-02-12,601318,13:22:25,66.8000,22,1
2026-02-12,601318,13:22:28,66.8000,12,1
2026-02-12,601318,13:22:31,66.7900,41,2
2026-02-12,601318,13:22:34,66.8000,48,1
2026-02-12,601318,13:22:37,66.8000,37,1
2026-02-12,601318,13:22:40,66.8000,6,1
2026-02-12,601318,13:22:43,66.8000,22,1
2026-02-12,601318,13:22:46,66.7900,74,2
2026-02-12,601318,13:22:49,66.7900,13,2
2026-02-12,601318,13:22:52,66.8000,18,1
2026-02-12,601318,13:22:55,66.7700,345,2
2026-02-12,601318,13:22:58,66.7700,118,2
2026-02-12,601318,13:23:01,66.8000,67,1
2026-02-12,601318,13:23:04,66.7700,35,2
2026-02-12,601318,13:23:07,66.7700,21,2
2026-02-12,601318,13:23:10,66.7700,33,2
2026-02-12,601318,13:23:13,66.7700,28,2
2026-02-12,601318,13:23:16,66.7600,27,2
2026-02-12,601318,13:23:19,66.7700,33,1
2026-02-12,601318,13:23:22,66.7600,76,2
2026-02-12,601318,13:23:25,66.7600,38,2
2026-02-12,601318,13:23:28,66.7800,45,1
2026-02-12,601318,13:23:31,66.7800,65,2
2026-02-12,601318,13:23:34,66.7900,62,1
2026-02-12,601318,13:23:37,66.7700,45,2
2026-02-12,601318,13:23:40,66.7900,18,4
2026-02-12,601318,13:23:43,66.8000,25,1
2026-02-12,601318,13:23:46,66.8000,61,1
2026-02-12,601318,13:23:49,66.8100,47,1
2026-02-12,601318,13:23:52,66.8000,1488,2
2026-02-12,601318,13:23:55,66.8100,384,2
2026-02-12,601318,13:23:58,66.8100,216,1
2026-02-12,601318,13:24:01,66.8000,108,2
2026-02-12,601318,13:24:04,66.8000,85,2
2026-02-12,601318,13:24:07,66.7800,27,2
2026-02-12,601318,13:24:10,66.7800,132,2
2026-02-12,601318,13:24:13,66.7800,20,1
2026-02-12,601318,13:24:16,66.7900,19,1
2026-02-12,601318,13:24:19,66.7800,25,4
2026-02-12,601318,13:24:22,66.7700,90,2
2026-02-12,601318,13:24:25,66.7700,150,1
2026-02-12,601318,13:24:28,66.7700,61,1
2026-02-12,601318,13:24:31,66.7700,11,1
2026-02-12,601318,13:24:34,66.7600,86,2
2026-02-12,601318,13:24:37,66.7900,2,1
2026-02-12,601318,13:24:40,66.7900,98,1
2026-02-12,601318,13:24:43,66.7800,2,4
2026-02-12,601318,13:24:46,66.7800,1,1
2026-02-12,601318,13:24:49,66.7600,73,2
2026-02-12,601318,13:24:52,66.7700,5,1
2026-02-12,601318,13:24:55,66.7600,42,2
2026-02-12,601318,13:24:58,66.7700,23,1
2026-02-12,601318,13:25:01,66.7700,13,1
2026-02-12,601318,13:25:04,66.7700,45,1
2026-02-12,601318,13:25:07,66.7700,39,1
2026-02-12,601318,13:25:10,66.7600,58,2
2026-02-12,601318,13:25:13,66.7600,5,2
2026-02-12,601318,13:25:16,66.7600,2016,2
2026-02-12,601318,13:25:19,66.7400,232,2
2026-02-12,601318,13:25:22,66.7300,382,4
2026-02-12,601318,13:25:25,66.7100,9,2
2026-02-12,601318,13:25:28,66.7000,26,2
2026-02-12,601318,13:25:31,66.7000,379,2
2026-02-12,601318,13:25:34,66.6800,345,2
2026-02-12,601318,13:25:37,66.6900,26,4
2026-02-12,601318,13:25:40,66.6800,7,2
2026-02-12,601318,13:25:43,66.6900,34,1
2026-02-12,601318,13:25:46,66.6900,13,1
2026-02-12,601318,13:25:49,66.6800,33,2
2026-02-12,601318,13:25:52,66.6800,38,2
2026-02-12,601318,13:25:55,66.6900,23,1
2026-02-12,601318,13:25:58,66.6800,14,2
2026-02-12,601318,13:26:01,66.6900,28,1
2026-02-12,601318,13:26:04,66.6800,113,2
2026-02-12,601318,13:26:07,66.6700,17,2
2026-02-12,601318,13:26:10,66.6700,126,2
2026-02-12,601318,13:26:13,66.6800,31,1
2026-02-12,601318,13:26:16,66.6700,57,2
2026-02-12,601318,13:26:19,66.6800,31,1
2026-02-12,601318,13:26:22,66.6700,13,2
2026-02-12,601318,13:26:25,66.6700,260,2
2026-02-12,601318,13:26:28,66.6600,683,2
2026-02-12,601318,13:26:31,66.6600,43,2
2026-02-12,601318,13:26:34,66.6500,73,2
2026-02-12,601318,13:26:37,66.6600,84,1
2026-02-12,601318,13:26:40,66.6600,184,1
2026-02-12,601318,13:26:43,66.6600,44,1
2026-02-12,601318,13:26:46,66.6500,1037,2
2026-02-12,601318,13:26:49,66.6500,39,1
2026-02-12,601318,13:26:52,66.6400,6,4
2026-02-12,601318,13:26:55,66.6500,54,1
2026-02-12,601318,13:26:58,66.6400,8,1
2026-02-12,601318,13:27:01,66.6400,4,1
2026-02-12,601318,13:27:04,66.6400,52,1
2026-02-12,601318,13:27:07,66.6500,53,1
2026-02-12,601318,13:27:10,66.6500,44,1
2026-02-12,601318,13:27:13,66.6500,14,1
2026-02-12,601318,13:27:16,66.6400,26,2
2026-02-12,601318,13:27:19,66.6500,122,1
2026-02-12,601318,13:27:22,66.6500,34,1
2026-02-12,601318,13:27:25,66.6500,3,2
2026-02-12,601318,13:27:28,66.6500,18,2
2026-02-12,601318,13:27:31,66.6600,19,1
2026-02-12,601318,13:27:34,66.6600,56,1
2026-02-12,601318,13:27:37,66.6600,31,1
2026-02-12,601318,13:27:40,66.6600,39,1
2026-02-12,601318,13:27:43,66.6600,51,1
2026-02-12,601318,13:27:46,66.6600,400,1
2026-02-12,601318,13:27:49,66.6600,9,2
2026-02-12,601318,13:27:52,66.6700,9,1
2026-02-12,601318,13:27:55,66.6600,9,2
2026-02-12,601318,13:27:58,66.6600,69,2
2026-02-12,601318,13:28:01,66.6700,90,1
2026-02-12,601318,13:28:04,66.6500,26,2
2026-02-12,601318,13:28:07,66.6600,25,2
2026-02-12,601318,13:28:10,66.6700,6,1
2026-02-12,601318,13:28:13,66.6600,13,2
2026-02-12,601318,13:28:16,66.6600,75,2
2026-02-12,601318,13:28:19,66.6600,98,2
2026-02-12,601318,13:28:22,66.6600,14,1
2026-02-12,601318,13:28:25,66.6500,227,2
2026-02-12,601318,13:28:28,66.6500,41,2
2026-02-12,601318,13:28:31,66.6500,101,1
2026-02-12,601318,13:28:34,66.6500,30,1
2026-02-12,601318,13:28:37,66.6400,27,2
2026-02-12,601318,13:28:40,66.6400,84,4
2026-02-12,601318,13:28:43,66.6400,39,1
2026-02-12,601318,13:28:46,66.6400,12,1
2026-02-12,601318,13:28:49,66.6400,67,2
2026-02-12,601318,13:28:52,66.6500,17,1
2026-02-12,601318,13:28:55,66.6500,21,1
2026-02-12,601318,13:28:58,66.6500,49,1
2026-02-12,601318,13:29:01,66.6500,20,1
2026-02-12,601318,13:29:04,66.6500,15,1
2026-02-12,601318,13:29:07,66.6500,11,1
2026-02-12,601318,13:29:10,66.6500,12,1
2026-02-12,601318,13:29:13,66.6500,47,1
2026-02-12,601318,13:29:16,66.6500,94,1
2026-02-12,601318,13:29:19,66.6400,26,2
2026-02-12,601318,13:29:22,66.6400,39,2
2026-02-12,601318,13:29:25,66.6500,30,1
2026-02-12,601318,13:29:28,66.6400,41,2
2026-02-12,601318,13:29:31,66.6400,30,1
2026-02-12,601318,13:29:34,66.6400,68,1
2026-02-12,601318,13:29:37,66.6400,9,1
2026-02-12,601318,13:29:40,66.6400,317,1
2026-02-12,601318,13:29:43,66.6300,74,2
2026-02-12,601318,13:29:46,66.6300,33,1
2026-02-12,601318,13:29:49,66.6200,116,2
2026-02-12,601318,13:29:52,66.6300,30,1
2026-02-12,601318,13:29:55,66.6200,120,2
2026-02-12,601318,13:29:58,66.6300,93,1
2026-02-12,601318,13:30:01,66.6300,7,1
2026-02-12,601318,13:30:04,66.6200,8,2
2026-02-12,601318,13:30:07,66.6300,19,1
2026-02-12,601318,13:30:10,66.6300,136,1
2026-02-12,601318,13:30:13,66.6300,34,1
2026-02-12,601318,13:30:16,66.6300,317,1
2026-02-12,601318,13:30:19,66.6300,14,2
2026-02-12,601318,13:30:22,66.6400,60,1
2026-02-12,601318,13:30:25,66.6400,15,1
2026-02-12,601318,13:30:28,66.6300,35,2
2026-02-12,601318,13:30:31,66.6300,54,2
2026-02-12,601318,13:30:34,66.6300,84,2
2026-02-12,601318,13:30:37,66.6400,5,1
2026-02-12,601318,13:30:40,66.6300,42,2
2026-02-12,601318,13:30:43,66.6200,263,2
2026-02-12,601318,13:30:46,66.6200,2491,2
2026-02-12,601318,13:30:49,66.6200,204,2
2026-02-12,601318,13:30:52,66.6400,13,2
2026-02-12,601318,13:30:55,66.6500,44,2
2026-02-12,601318,13:30:58,66.7000,1060,1
2026-02-12,601318,13:31:01,66.6500,20,2
2026-02-12,601318,13:31:04,66.6900,17,1
2026-02-12,601318,13:31:07,66.6800,21,4
2026-02-12,601318,13:31:10,66.6500,45,2
2026-02-12,601318,13:31:13,66.6500,24,2
2026-02-12,601318,13:31:16,66.6500,13,1
2026-02-12,601318,13:31:19,66.6300,79,2
2026-02-12,601318,13:31:22,66.6400,8,4
2026-02-12,601318,13:31:25,66.6400,271,1
2026-02-12,601318,13:31:28,66.6500,62,1
2026-02-12,601318,13:31:31,66.6500,119,1
2026-02-12,601318,13:31:34,66.6500,9,2
2026-02-12,601318,13:31:37,66.6500,21,2
2026-02-12,601318,13:31:40,66.6600,7,1
2026-02-12,601318,13:31:43,66.6600,69,1
2026-02-12,601318,13:31:46,66.6600,79,1
2026-02-12,601318,13:31:49,66.6600,32,1
2026-02-12,601318,13:31:52,66.6600,23,1
2026-02-12,601318,13:31:55,66.6600,222,1
2026-02-12,601318,13:31:58,66.6500,19,4
2026-02-12,601318,13:32:01,66.6500,216,1
2026-02-12,601318,13:32:04,66.6400,235,2
2026-02-12,601318,13:32:07,66.6400,843,2
2026-02-12,601318,13:32:10,66.6400,171,1
2026-02-12,601318,13:32:13,66.6400,261,1
2026-02-12,601318,13:32:16,66.6400,155,1
2026-02-12,601318,13:32:19,66.6200,62,2
2026-02-12,601318,13:32:22,66.6300,43,1
2026-02-12,601318,13:32:25,66.6300,9,1
2026-02-12,601318,13:32:28,66.6300,11,1
2026-02-12,601318,13:32:31,66.6300,18,1
2026-02-12,601318,13:32:34,66.6200,39,2
2026-02-12,601318,13:32:37,66.6300,111,1
2026-02-12,601318,13:32:40,66.6200,96,2
2026-02-12,601318,13:32:43,66.6300,37,1
2026-02-12,601318,13:32:46,66.6300,26,1
2026-02-12,601318,13:32:49,66.6300,6,1
2026-02-12,601318,13:32:52,66.6300,48,2
2026-02-12,601318,13:32:55,66.6300,53,1
2026-02-12,601318,13:32:58,66.6300,108,2
2026-02-12,601318,13:33:01,66.6300,80,1
2026-02-12,601318,13:33:04,66.6200,1332,2
2026-02-12,601318,13:33:07,66.6200,345,1
2026-02-12,601318,13:33:10,66.6200,149,1
2026-02-12,601318,13:33:13,66.6100,92,2
2026-02-12,601318,13:33:16,66.6100,250,2
2026-02-12,601318,13:33:19,66.6100,170,2
2026-02-12,601318,13:33:22,66.6000,181,2
2026-02-12,601318,13:33:25,66.6000,122,2
2026-02-12,601318,13:33:28,66.6000,115,2
2026-02-12,601318,13:33:31,66.6000,97,2
2026-02-12,601318,13:33:34,66.6100,321,1
2026-02-12,601318,13:33:37,66.6100,136,1
2026-02-12,601318,13:33:40,66.6000,175,2
2026-02-12,601318,13:33:43,66.6100,49,4
2026-02-12,601318,13:33:46,66.6000,226,2
2026-02-12,601318,13:33:49,66.6000,114,2
2026-02-12,601318,13:33:52,66.6100,212,1
2026-02-12,601318,13:33:55,66.6100,70,1
2026-02-12,601318,13:33:58,66.6100,225,1
2026-02-12,601318,13:34:04,66.6000,71,2
2026-02-12,601318,13:34:07,66.6100,16,1
2026-02-12,601318,13:34:10,66.6000,48,2
2026-02-12,601318,13:34:13,66.6000,59,2
2026-02-12,601318,13:34:16,66.6100,61,1
2026-02-12,601318,13:34:19,66.6100,78,1
2026-02-12,601318,13:34:22,66.6100,23,1
2026-02-12,601318,13:34:25,66.6100,98,1
2026-02-12,601318,13:34:28,66.5900,2412,2
2026-02-12,601318,13:34:31,66.5900,140,1
2026-02-12,601318,13:34:34,66.5800,104,2
2026-02-12,601318,13:34:37,66.5900,153,1
2026-02-12,601318,13:34:40,66.6000,102,1
2026-02-12,601318,13:34:43,66.5900,192,4
2026-02-12,601318,13:34:46,66.5900,107,1
2026-02-12,601318,13:34:49,66.5600,76,2
2026-02-12,601318,13:34:52,66.5900,83,1
2026-02-12,601318,13:34:55,66.5800,128,2
2026-02-12,601318,13:34:58,66.6000,202,1
2026-02-12,601318,13:35:01,66.6000,44,2
2026-02-12,601318,13:35:04,66.6000,14,2
2026-02-12,601318,13:35:07,66.6100,78,1
2026-02-12,601318,13:35:10,66.6200,131,1
2026-02-12,601318,13:35:13,66.6000,16,2
2026-02-12,601318,13:35:16,66.6100,60,4
2026-02-12,601318,13:35:19,66.6000,43,2
2026-02-12,601318,13:35:22,66.5900,322,2
2026-02-12,601318,13:35:25,66.5900,127,2
2026-02-12,601318,13:35:28,66.6100,231,1
2026-02-12,601318,13:35:31,66.5600,285,2
2026-02-12,601318,13:35:34,66.5900,1,1
2026-02-12,601318,13:35:37,66.5800,47,2
2026-02-12,601318,13:35:40,66.5900,33,1
2026-02-12,601318,13:35:43,66.6000,52,1
2026-02-12,601318,13:35:46,66.6000,101,1
2026-02-12,601318,13:35:49,66.6200,258,1
2026-02-12,601318,13:35:52,66.6000,548,2
2026-02-12,601318,13:35:55,66.6200,35,1
2026-02-12,601318,13:35:58,66.6000,22,2
2026-02-12,601318,13:36:01,66.6100,299,1
2026-02-12,601318,13:36:04,66.6100,51,1
2026-02-12,601318,13:36:07,66.6200,90,1
2026-02-12,601318,13:36:10,66.6100,12,4
2026-02-12,601318,13:36:13,66.6100,10,2
2026-02-12,601318,13:36:16,66.6100,3,2
2026-02-12,601318,13:36:19,66.6400,460,1
2026-02-12,601318,13:36:22,66.6400,22,1
2026-02-12,601318,13:36:25,66.6500,84,1
2026-02-12,601318,13:36:28,66.6500,18,1
2026-02-12,601318,13:36:31,66.6400,24,2
2026-02-12,601318,13:36:34,66.6500,9,1
2026-02-12,601318,13:36:37,66.6400,16,2
2026-02-12,601318,13:36:40,66.6400,75,2
2026-02-12,601318,13:36:43,66.6400,51,2
2026-02-12,601318,13:36:46,66.6500,18,1
2026-02-12,601318,13:36:49,66.6400,29,2
2026-02-12,601318,13:36:52,66.6400,61,2
2026-02-12,601318,13:36:55,66.6500,14,1
2026-02-12,601318,13:36:58,66.6400,116,2
2026-02-12,601318,13:37:01,66.6500,65,1
2026-02-12,601318,13:37:04,66.6300,10,2
2026-02-12,601318,13:37:07,66.6200,26,2
2026-02-12,601318,13:37:10,66.6200,16,2
2026-02-12,601318,13:37:13,66.6300,415,4
2026-02-12,601318,13:37:16,66.6200,119,4
2026-02-12,601318,13:37:19,66.6000,191,2
2026-02-12,601318,13:37:22,66.6000,231,2
2026-02-12,601318,13:37:25,66.5900,203,2
2026-02-12,601318,13:37:28,66.6300,179,1
2026-02-12,601318,13:37:31,66.6100,116,2
2026-02-12,601318,13:37:34,66.6200,98,1
2026-02-12,601318,13:37:37,66.6100,89,4
2026-02-12,601318,13:37:40,66.6200,35,1
2026-02-12,601318,13:37:43,66.6100,31,2
2026-02-12,601318,13:37:46,66.6000,94,2
2026-02-12,601318,13:37:49,66.6100,81,4
2026-02-12,601318,13:37:52,66.6100,208,1
2026-02-12,601318,13:37:55,66.6000,75,2
2026-02-12,601318,13:37:58,66.6100,23,2
2026-02-12,601318,13:38:01,66.6100,69,2
2026-02-12,601318,13:38:04,66.6100,78,1
2026-02-12,601318,13:38:07,66.6300,110,1
2026-02-12,601318,13:38:10,66.6200,203,2
2026-02-12,601318,13:38:13,66.6200,17,2
2026-02-12,601318,13:38:16,66.6200,12,2
2026-02-12,601318,13:38:19,66.6200,30,2
2026-02-12,601318,13:38:22,66.6200,19,2
2026-02-12,601318,13:38:25,66.6200,11,2
2026-02-12,601318,13:38:28,66.6200,20,2
2026-02-12,601318,13:38:31,66.6200,37,2
2026-02-12,601318,13:38:34,66.6300,10,4
2026-02-12,601318,13:38:37,66.6200,55,2
2026-02-12,601318,13:38:40,66.6100,38,2
2026-02-12,601318,13:38:43,66.6100,13,1
2026-02-12,601318,13:38:46,66.6100,20,2
2026-02-12,601318,13:38:49,66.6100,79,1
2026-02-12,601318,13:38:52,66.6000,95,2
2026-02-12,601318,13:38:55,66.6100,48,1
2026-02-12,601318,13:38:58,66.6100,42,1
2026-02-12,601318,13:39:01,66.6000,28,2
2026-02-12,601318,13:39:04,66.6200,35,1
2026-02-12,601318,13:39:07,66.6000,190,2
2026-02-12,601318,13:39:10,66.6200,109,1
2026-02-12,601318,13:39:13,66.6200,15,2
2026-02-12,601318,13:39:16,66.6300,74,1
2026-02-12,601318,13:39:19,66.6200,21,2
2026-02-12,601318,13:39:22,66.6300,6,2
2026-02-12,601318,13:39:25,66.6400,10,1
2026-02-12,601318,13:39:28,66.6500,203,1
2026-02-12,601318,13:39:31,66.6500,132,2
2026-02-12,601318,13:39:34,66.6600,69,1
2026-02-12,601318,13:39:37,66.6600,33,1
2026-02-12,601318,13:39:40,66.6700,25,1
2026-02-12,601318,13:39:43,66.6700,34,1
2026-02-12,601318,13:39:46,66.6600,315,2
2026-02-12,601318,13:39:49,66.6700,56,2
2026-02-12,601318,13:39:52,66.7000,141,1
2026-02-12,601318,13:39:55,66.7100,70,1
2026-02-12,601318,13:39:58,66.7100,142,1
2026-02-12,601318,13:40:01,66.7000,22,2
2026-02-12,601318,13:40:04,66.6800,37,2
2026-02-12,601318,13:40:07,66.6700,243,2
2026-02-12,601318,13:40:10,66.6700,107,2
2026-02-12,601318,13:40:13,66.6600,57,2
2026-02-12,601318,13:40:16,66.6600,37,2
2026-02-12,601318,13:40:19,66.6800,172,1
2026-02-12,601318,13:40:22,66.6800,134,1
2026-02-12,601318,13:40:25,66.6600,40,2
2026-02-12,601318,13:40:28,66.6600,52,2
2026-02-12,601318,13:40:31,66.6600,145,2
2026-02-12,601318,13:40:34,66.6900,187,1
2026-02-12,601318,13:40:37,66.6800,139,2
2026-02-12,601318,13:40:40,66.6500,192,2
2026-02-12,601318,13:40:43,66.6300,111,2
2026-02-12,601318,13:40:46,66.6200,370,2
2026-02-12,601318,13:40:49,66.6300,66,1
2026-02-12,601318,13:40:52,66.6200,248,2
2026-02-12,601318,13:40:55,66.6200,45,1
2026-02-12,601318,13:40:58,66.6100,116,2
2026-02-12,601318,13:41:01,66.6000,270,2
2026-02-12,601318,13:41:04,66.6100,86,2
2026-02-12,601318,13:41:07,66.6200,75,4
2026-02-12,601318,13:41:10,66.6200,216,2
2026-02-12,601318,13:41:13,66.6000,301,2
2026-02-12,601318,13:41:16,66.6000,218,2
2026-02-12,601318,13:41:19,66.6000,75,2
2026-02-12,601318,13:41:22,66.6200,90,1
2026-02-12,601318,13:41:25,66.6100,25,4
2026-02-12,601318,13:41:28,66.6000,279,2
2026-02-12,601318,13:41:31,66.6100,171,1
2026-02-12,601318,13:41:34,66.6100,163,1
2026-02-12,601318,13:41:37,66.6000,102,2
2026-02-12,601318,13:41:40,66.6100,178,1
2026-02-12,601318,13:41:43,66.6000,151,2
2026-02-12,601318,13:41:46,66.6000,283,2
2026-02-12,601318,13:41:49,66.6100,76,4
2026-02-12,601318,13:41:52,66.6000,100,2
2026-02-12,601318,13:41:55,66.6000,323,2
2026-02-12,601318,13:41:58,66.6000,92,2
2026-02-12,601318,13:42:01,66.6000,87,2
2026-02-12,601318,13:42:04,66.6000,168,2
2026-02-12,601318,13:42:07,66.6000,156,2
2026-02-12,601318,13:42:10,66.6000,194,4
2026-02-12,601318,13:42:13,66.5900,54,2
2026-02-12,601318,13:42:16,66.5800,169,2
2026-02-12,601318,13:42:19,66.5800,126,2
2026-02-12,601318,13:42:22,66.5700,245,2
2026-02-12,601318,13:42:25,66.5800,226,4
2026-02-12,601318,13:42:28,66.5700,90,2
2026-02-12,601318,13:42:31,66.5600,140,2
2026-02-12,601318,13:42:34,66.5700,75,1
2026-02-12,601318,13:42:37,66.5600,134,2
2026-02-12,601318,13:42:40,66.5700,88,4
2026-02-12,601318,13:42:43,66.5700,208,2
2026-02-12,601318,13:42:46,66.5800,127,1
2026-02-12,601318,13:42:49,66.5700,98,2
2026-02-12,601318,13:42:52,66.5800,17,1
2026-02-12,601318,13:42:55,66.5800,156,1
2026-02-12,601318,13:42:58,66.5800,8,2
2026-02-12,601318,13:43:01,66.5800,86,2
2026-02-12,601318,13:43:04,66.5800,43,2
2026-02-12,601318,13:43:07,66.5800,31,2
2026-02-12,601318,13:43:10,66.5800,123,2
2026-02-12,601318,13:43:13,66.5800,39,2
2026-02-12,601318,13:43:16,66.6000,301,1
2026-02-12,601318,13:43:19,66.6100,44,1
2026-02-12,601318,13:43:22,66.6000,142,2
2026-02-12,601318,13:43:25,66.6100,22,1
2026-02-12,601318,13:43:28,66.6000,78,2
2026-02-12,601318,13:43:31,66.6000,39,2
2026-02-12,601318,13:43:34,66.5900,126,2
2026-02-12,601318,13:43:37,66.5900,60,2
2026-02-12,601318,13:43:40,66.5900,109,2
2026-02-12,601318,13:43:43,66.5900,31,2
2026-02-12,601318,13:43:46,66.5800,54,2
2026-02-12,601318,13:43:49,66.6100,147,1
2026-02-12,601318,13:43:52,66.6000,221,2
2026-02-12,601318,13:43:55,66.6000,59,2
2026-02-12,601318,13:43:58,66.6000,47,2
2026-02-12,601318,13:44:01,66.5900,440,2
2026-02-12,601318,13:44:04,66.5900,61,2
2026-02-12,601318,13:44:07,66.6000,137,2
2026-02-12,601318,13:44:10,66.6100,73,1
2026-02-12,601318,13:44:13,66.6100,14,4
2026-02-12,601318,13:44:16,66.6100,18,2
2026-02-12,601318,13:44:19,66.6100,51,2
2026-02-12,601318,13:44:22,66.6200,29,1
2026-02-12,601318,13:44:25,66.6000,71,2
2026-02-12,601318,13:44:28,66.6100,55,2
2026-02-12,601318,13:44:31,66.6100,61,1
2026-02-12,601318,13:44:34,66.6200,48,1
2026-02-12,601318,13:44:37,66.6100,114,2
2026-02-12,601318,13:44:40,66.6100,59,2
2026-02-12,601318,13:44:43,66.6100,30,2
2026-02-12,601318,13:44:46,66.6100,59,1
2026-02-12,601318,13:44:49,66.6100,47,2
2026-02-12,601318,13:44:52,66.6200,79,1
2026-02-12,601318,13:44:55,66.6200,59,1
2026-02-12,601318,13:44:58,66.6300,90,1
2026-02-12,601318,13:45:01,66.6300,36,1
2026-02-12,601318,13:45:04,66.6300,27,1
2026-02-12,601318,13:45:07,66.6200,36,2
2026-02-12,601318,13:45:10,66.6200,116,1
2026-02-12,601318,13:45:13,66.5900,1358,2
2026-02-12,601318,13:45:16,66.5900,399,1
2026-02-12,601318,13:45:19,66.5900,466,1
2026-02-12,601318,13:45:22,66.5900,59,1
2026-02-12,601318,13:45:25,66.5900,115,1
2026-02-12,601318,13:45:28,66.5900,16,1
2026-02-12,601318,13:45:31,66.5800,35,2
2026-02-12,601318,13:45:34,66.5800,15,2
2026-02-12,601318,13:45:37,66.5900,83,1
2026-02-12,601318,13:45:40,66.5800,50,2
2026-02-12,601318,13:45:43,66.5900,549,1
2026-02-12,601318,13:45:46,66.5800,189,2
2026-02-12,601318,13:45:49,66.5900,55,1
2026-02-12,601318,13:45:52,66.5900,4,1
2026-02-12,601318,13:45:55,66.5800,37,2
2026-02-12,601318,13:45:58,66.5800,283,2
2026-02-12,601318,13:46:01,66.5800,104,2
2026-02-12,601318,13:46:04,66.5800,95,1
2026-02-12,601318,13:46:07,66.5700,91,2
2026-02-12,601318,13:46:10,66.5700,97,2
2026-02-12,601318,13:46:13,66.5800,54,1
2026-02-12,601318,13:46:16,66.5700,119,2
2026-02-12,601318,13:46:19,66.5700,120,2
2026-02-12,601318,13:46:22,66.5700,144,2
2026-02-12,601318,13:46:25,66.5700,65,2
2026-02-12,601318,13:46:28,66.5700,192,2
2026-02-12,601318,13:46:31,66.5700,52,2
2026-02-12,601318,13:46:34,66.5800,169,1
2026-02-12,601318,13:46:37,66.5800,298,1
2026-02-12,601318,13:46:40,66.5700,87,2
2026-02-12,601318,13:46:43,66.5700,180,2
2026-02-12,601318,13:46:46,66.5800,35,1
2026-02-12,601318,13:46:49,66.5800,252,1
2026-02-12,601318,13:46:52,66.5800,127,1
2026-02-12,601318,13:46:55,66.5800,116,1
2026-02-12,601318,13:46:58,66.5800,12,2
2026-02-12,601318,13:47:01,66.5800,5,2
2026-02-12,601318,13:47:04,66.5800,128,2
2026-02-12,601318,13:47:07,66.5900,38,1
2026-02-12,601318,13:47:10,66.5800,128,2
2026-02-12,601318,13:47:13,66.5700,122,2
2026-02-12,601318,13:47:16,66.5800,162,1
2026-02-12,601318,13:47:19,66.5800,21,2
2026-02-12,601318,13:47:22,66.5800,6,1
2026-02-12,601318,13:47:25,66.5800,34,1
2026-02-12,601318,13:47:28,66.5800,93,1
2026-02-12,601318,13:47:31,66.5700,58,2
2026-02-12,601318,13:47:34,66.5700,85,2
2026-02-12,601318,13:47:37,66.5700,64,2
2026-02-12,601318,13:47:40,66.5700,39,2
2026-02-12,601318,13:47:43,66.5700,222,2
2026-02-12,601318,13:47:46,66.5800,111,1
2026-02-12,601318,13:47:49,66.5700,81,2
2026-02-12,601318,13:47:52,66.5800,54,1
2026-02-12,601318,13:47:55,66.5600,199,2
2026-02-12,601318,13:47:58,66.5700,65,2
2026-02-12,601318,13:48:01,66.5700,96,2
2026-02-12,601318,13:48:04,66.5700,33,2
2026-02-12,601318,13:48:07,66.5700,76,1
2026-02-12,601318,13:48:10,66.5500,2238,2
2026-02-12,601318,13:48:13,66.5400,202,2
2026-02-12,601318,13:48:16,66.5500,66,4
2026-02-12,601318,13:48:19,66.5500,145,1
2026-02-12,601318,13:48:22,66.5300,169,2
2026-02-12,601318,13:48:25,66.5400,109,1
2026-02-12,601318,13:48:28,66.5400,60,1
2026-02-12,601318,13:48:31,66.5300,87,2
2026-02-12,601318,13:48:34,66.5400,496,1
2026-02-12,601318,13:48:37,66.5400,349,2
2026-02-12,601318,13:48:40,66.5400,527,2
2026-02-12,601318,13:48:43,66.5500,239,1
2026-02-12,601318,13:48:46,66.5600,53,1
2026-02-12,601318,13:48:49,66.5600,152,1
2026-02-12,601318,13:48:52,66.5600,46,1
2026-02-12,601318,13:48:55,66.5500,30,2
2026-02-12,601318,13:48:58,66.5500,151,1
2026-02-12,601318,13:49:01,66.5300,100,2
2026-02-12,601318,13:49:04,66.5400,26,4
2026-02-12,601318,13:49:07,66.5500,73,1
2026-02-12,601318,13:49:10,66.5400,34,2
2026-02-12,601318,13:49:13,66.5600,54,1
2026-02-12,601318,13:49:16,66.5500,37,2
2026-02-12,601318,13:49:19,66.5400,24,2
2026-02-12,601318,13:49:22,66.5500,14,1
2026-02-12,601318,13:49:25,66.5500,67,1
2026-02-12,601318,13:49:28,66.5500,36,1
2026-02-12,601318,13:49:31,66.5500,24,2
2026-02-12,601318,13:49:34,66.5500,53,2
2026-02-12,601318,13:49:37,66.5500,47,2
2026-02-12,601318,13:49:40,66.5500,48,2
2026-02-12,601318,13:49:43,66.5600,96,1
2026-02-12,601318,13:49:46,66.5600,40,1
2026-02-12,601318,13:49:49,66.5600,385,1
2026-02-12,601318,13:49:52,66.5600,24,1
2026-02-12,601318,13:49:55,66.5700,149,1
2026-02-12,601318,13:49:58,66.5700,53,2
2026-02-12,601318,13:50:01,66.5700,82,2
2026-02-12,601318,13:50:04,66.5700,39,2
2026-02-12,601318,13:50:07,66.5800,19,1
2026-02-12,601318,13:50:10,66.5700,11,2
2026-02-12,601318,13:50:13,66.5800,59,1
2026-02-12,601318,13:50:16,66.5800,106,1
2026-02-12,601318,13:50:19,66.5900,16,1
2026-02-12,601318,13:50:22,66.5900,68,1
2026-02-12,601318,13:50:25,66.5800,41,4
2026-02-12,601318,13:50:28,66.5900,33,1
2026-02-12,601318,13:50:31,66.5900,1,1
2026-02-12,601318,13:50:34,66.5800,57,2
2026-02-12,601318,13:50:37,66.5900,21,1
2026-02-12,601318,13:50:40,66.5900,21,1
2026-02-12,601318,13:50:43,66.5900,44,1
2026-02-12,601318,13:50:46,66.5900,21,1
2026-02-12,601318,13:50:49,66.5900,16,2
2026-02-12,601318,13:50:52,66.5800,25,2
2026-02-12,601318,13:50:55,66.5900,17,2
2026-02-12,601318,13:50:58,66.5900,130,2
2026-02-12,601318,13:51:01,66.5900,17,2
2026-02-12,601318,13:51:04,66.5800,156,2
2026-02-12,601318,13:51:07,66.6000,26,1
2026-02-12,601318,13:51:10,66.6000,50,2
2026-02-12,601318,13:51:13,66.6100,16,1
2026-02-12,601318,13:51:16,66.6100,64,1
2026-02-12,601318,13:51:19,66.6100,1,1
2026-02-12,601318,13:51:22,66.6100,141,1
2026-02-12,601318,13:51:25,66.6200,49,1
2026-02-12,601318,13:51:28,66.6100,4,2
2026-02-12,601318,13:51:31,66.6200,75,1
2026-02-12,601318,13:51:34,66.6100,39,2
2026-02-12,601318,13:51:37,66.6100,51,2
2026-02-12,601318,13:51:40,66.6100,28,2
2026-02-12,601318,13:51:43,66.6100,44,1
2026-02-12,601318,13:51:46,66.6200,23,1
2026-02-12,601318,13:51:49,66.6100,88,1
2026-02-12,601318,13:51:52,66.5900,332,2
2026-02-12,601318,13:51:55,66.5800,81,2
2026-02-12,601318,13:51:58,66.5800,653,2
2026-02-12,601318,13:52:01,66.5800,37,1
2026-02-12,601318,13:52:04,66.5800,226,1
2026-02-12,601318,13:52:07,66.5900,34,1
2026-02-12,601318,13:52:13,66.5800,9,2
2026-02-12,601318,13:52:16,66.5800,52,2
2026-02-12,601318,13:52:19,66.5800,37,2
2026-02-12,601318,13:52:22,66.5800,54,2
2026-02-12,601318,13:52:25,66.5800,64,2
2026-02-12,601318,13:52:28,66.5800,36,1
2026-02-12,601318,13:52:31,66.5800,55,1
2026-02-12,601318,13:52:34,66.5800,122,1
2026-02-12,601318,13:52:37,66.5800,53,2
2026-02-12,601318,13:52:40,66.5800,6,2
2026-02-12,601318,13:52:43,66.5800,21,2
2026-02-12,601318,13:52:46,66.5800,52,1
2026-02-12,601318,13:52:49,66.5800,42,1
2026-02-12,601318,13:52:52,66.5700,135,2
2026-02-12,601318,13:52:55,66.5900,84,1
2026-02-12,601318,13:52:58,66.5800,28,2
2026-02-12,601318,13:53:01,66.5900,29,1
2026-02-12,601318,13:53:04,66.5900,299,1
2026-02-12,601318,13:53:07,66.5900,352,1
2026-02-12,601318,13:53:10,66.5700,201,2
2026-02-12,601318,13:53:13,66.5900,86,1
2026-02-12,601318,13:53:16,66.5900,38,1
2026-02-12,601318,13:53:19,66.5900,84,1
2026-02-12,601318,13:53:22,66.5800,149,2
2026-02-12,601318,13:53:25,66.6000,47,1
2026-02-12,601318,13:53:28,66.5900,30,2
2026-02-12,601318,13:53:31,66.6000,29,1
2026-02-12,601318,13:53:34,66.5900,25,2
2026-02-12,601318,13:53:37,66.5900,228,2
2026-02-12,601318,13:53:40,66.5900,24,2
2026-02-12,601318,13:53:43,66.5900,30,2
2026-02-12,601318,13:53:46,66.5700,767,2
2026-02-12,601318,13:53:49,66.5800,21,2
2026-02-12,601318,13:53:52,66.5900,72,1
2026-02-12,601318,13:53:55,66.5900,508,1
2026-02-12,601318,13:53:58,66.5800,119,2
2026-02-12,601318,13:54:01,66.5900,50,1
2026-02-12,601318,13:54:04,66.5900,203,1
2026-02-12,601318,13:54:07,66.5800,759,1
2026-02-12,601318,13:54:10,66.5500,765,2
2026-02-12,601318,13:54:13,66.5900,2,4
2026-02-12,601318,13:54:16,66.5900,74,1
2026-02-12,601318,13:54:19,66.6000,16,1
2026-02-12,601318,13:54:22,66.5900,20,2
2026-02-12,601318,13:54:25,66.6000,42,1
2026-02-12,601318,13:54:28,66.6100,327,1
2026-02-12,601318,13:54:31,66.6100,26,1
2026-02-12,601318,13:54:34,66.6200,297,1
2026-02-12,601318,13:54:37,66.6200,265,1
2026-02-12,601318,13:54:40,66.6200,57,1
2026-02-12,601318,13:54:43,66.6200,30,1
2026-02-12,601318,13:54:46,66.6000,78,2
2026-02-12,601318,13:54:49,66.6200,13,1
2026-02-12,601318,13:54:52,66.6300,77,1
2026-02-12,601318,13:54:55,66.6300,14,4
2026-02-12,601318,13:54:58,66.6300,20,2
2026-02-12,601318,13:55:01,66.6300,39,2
2026-02-12,601318,13:55:04,66.6300,21,2
2026-02-12,601318,13:55:07,66.6300,37,2
2026-02-12,601318,13:55:10,66.6300,54,1
2026-02-12,601318,13:55:13,66.6300,27,2
2026-02-12,601318,13:55:16,66.6300,91,2
2026-02-12,601318,13:55:19,66.6300,75,1
2026-02-12,601318,13:55:22,66.6300,79,1
2026-02-12,601318,13:55:25,66.6300,31,2
2026-02-12,601318,13:55:28,66.6300,64,2
2026-02-12,601318,13:55:31,66.6400,41,1
2026-02-12,601318,13:55:34,66.6400,144,1
2026-02-12,601318,13:55:37,66.6400,8,2
2026-02-12,601318,13:55:40,66.6000,701,2
2026-02-12,601318,13:55:43,66.6400,4,1
2026-02-12,601318,13:55:46,66.6400,28,1
2026-02-12,601318,13:55:49,66.6200,84,2
2026-02-12,601318,13:55:52,66.6300,154,1
2026-02-12,601318,13:55:55,66.6000,49,2
2026-02-12,601318,13:55:58,66.6100,57,2
2026-02-12,601318,13:56:01,66.6200,28,1
2026-02-12,601318,13:56:04,66.6200,136,1
2026-02-12,601318,13:56:07,66.6000,1410,2
2026-02-12,601318,13:56:10,66.6000,47,1
2026-02-12,601318,13:56:13,66.6000,297,1
2026-02-12,601318,13:56:16,66.5900,38,2
2026-02-12,601318,13:56:19,66.5900,162,2
2026-02-12,601318,13:56:22,66.5800,26,2
2026-02-12,601318,13:56:25,66.5900,99,1
2026-02-12,601318,13:56:28,66.5800,90,2
2026-02-12,601318,13:56:31,66.5800,81,2
2026-02-12,601318,13:56:34,66.5800,22,2
2026-02-12,601318,13:56:37,66.5900,257,1
2026-02-12,601318,13:56:40,66.5800,48,1
2026-02-12,601318,13:56:43,66.5700,59,2
2026-02-12,601318,13:56:46,66.5700,35,1
2026-02-12,601318,13:56:49,66.5600,20,2
2026-02-12,601318,13:56:52,66.5600,28,2
2026-02-12,601318,13:56:55,66.5700,21,1
2026-02-12,601318,13:56:58,66.5700,39,2
2026-02-12,601318,13:57:01,66.5700,40,2
2026-02-12,601318,13:57:04,66.5800,31,1
2026-02-12,601318,13:57:07,66.5800,87,1
2026-02-12,601318,13:57:10,66.5800,27,1
2026-02-12,601318,13:57:13,66.5700,228,2
2026-02-12,601318,13:57:16,66.5700,80,2
2026-02-12,601318,13:57:19,66.5700,79,2
2026-02-12,601318,13:57:22,66.5700,21,2
2026-02-12,601318,13:57:25,66.5800,35,1
2026-02-12,601318,13:57:28,66.5700,53,2
2026-02-12,601318,13:57:31,66.5700,41,2
2026-02-12,601318,13:57:34,66.5800,124,1
2026-02-12,601318,13:57:37,66.5600,54,2
2026-02-12,601318,13:57:40,66.5700,36,1
2026-02-12,601318,13:57:43,66.5700,26,2
2026-02-12,601318,13:57:46,66.5700,8,1
2026-02-12,601318,13:57:49,66.5600,86,2
2026-02-12,601318,13:57:52,66.5600,144,2
2026-02-12,601318,13:57:55,66.5600,33,2
2026-02-12,601318,13:57:58,66.5700,32,1
2026-02-12,601318,13:58:01,66.5600,43,2
2026-02-12,601318,13:58:04,66.5600,71,2
2026-02-12,601318,13:58:07,66.5700,38,1
2026-02-12,601318,13:58:10,66.5700,17,1
2026-02-12,601318,13:58:13,66.5700,18,1
2026-02-12,601318,13:58:16,66.5700,55,1
2026-02-12,601318,13:58:19,66.5600,188,2
2026-02-12,601318,13:58:22,66.5600,14,2
2026-02-12,601318,13:58:25,66.5600,14,2
2026-02-12,601318,13:58:28,66.5700,77,1
2026-02-12,601318,13:58:31,66.5700,18,1
2026-02-12,601318,13:58:34,66.5700,50,1
2026-02-12,601318,13:58:37,66.5600,21,2
2026-02-12,601318,13:58:40,66.5700,14,1
2026-02-12,601318,13:58:43,66.5600,176,2
2026-02-12,601318,13:58:46,66.5600,12,2
2026-02-12,601318,13:58:49,66.5600,30,2
2026-02-12,601318,13:58:52,66.5700,55,1
2026-02-12,601318,13:58:55,66.5700,15,1
2026-02-12,601318,13:58:58,66.5800,196,1
2026-02-12,601318,13:59:01,66.5700,11,2
2026-02-12,601318,13:59:04,66.5700,17,2
2026-02-12,601318,13:59:07,66.5700,77,1
2026-02-12,601318,13:59:10,66.5800,1,1
2026-02-12,601318,13:59:13,66.5700,183,2
2026-02-12,601318,13:59:16,66.5700,21,2
2026-02-12,601318,13:59:19,66.5800,8,4
2026-02-12,601318,13:59:22,66.5800,13,1
2026-02-12,601318,13:59:25,66.5900,199,1
2026-02-12,601318,13:59:28,66.6100,1457,1
2026-02-12,601318,13:59:31,66.6200,92,1
2026-02-12,601318,13:59:34,66.6300,299,1
2026-02-12,601318,13:59:37,66.6200,29,2
2026-02-12,601318,13:59:40,66.6200,49,2
2026-02-12,601318,13:59:43,66.6300,112,1
2026-02-12,601318,13:59:46,66.6300,22,1
2026-02-12,601318,13:59:49,66.6300,43,1
2026-02-12,601318,13:59:52,66.6300,11,1
2026-02-12,601318,13:59:55,66.6300,70,1
2026-02-12,601318,13:59:58,66.6300,33,1
2026-02-12,601318,14:00:01,66.6300,23,1
2026-02-12,601318,14:00:04,66.6200,28,2
2026-02-12,601318,14:00:07,66.6200,17,2
2026-02-12,601318,14:00:10,66.6300,73,1
2026-02-12,601318,14:00:13,66.6500,126,1
2026-02-12,601318,14:00:16,66.6200,45,2
2026-02-12,601318,14:00:19,66.6300,164,1
2026-02-12,601318,14:00:22,66.6200,23,4
2026-02-12,601318,14:00:28,66.6100,38,2
2026-02-12,601318,14:00:31,66.6000,48,2
2026-02-12,601318,14:00:34,66.6100,17,1
2026-02-12,601318,14:00:37,66.6000,32,2
2026-02-12,601318,14:00:40,66.6100,24,1
2026-02-12,601318,14:00:43,66.6100,23,1
2026-02-12,601318,14:00:46,66.6100,29,1
2026-02-12,601318,14:00:49,66.6100,24,1
2026-02-12,601318,14:00:52,66.6200,29,1
2026-02-12,601318,14:00:55,66.6200,21,1
2026-02-12,601318,14:00:58,66.6200,164,1
2026-02-12,601318,14:01:01,66.6200,51,1
2026-02-12,601318,14:01:04,66.6100,64,2
2026-02-12,601318,14:01:07,66.6100,142,2
2026-02-12,601318,14:01:10,66.6000,725,2
2026-02-12,601318,14:01:13,66.5800,386,2
2026-02-12,601318,14:01:16,66.6000,259,1
2026-02-12,601318,14:01:19,66.5900,25,1
2026-02-12,601318,14:01:22,66.5700,20,2
2026-02-12,601318,14:01:25,66.5900,9,1
2026-02-12,601318,14:01:28,66.5600,99,2
2026-02-12,601318,14:01:31,66.5900,72,1
2026-02-12,601318,14:01:34,66.5700,13,2
2026-02-12,601318,14:01:37,66.5700,39,2
2026-02-12,601318,14:01:40,66.5700,19,1
2026-02-12,601318,14:01:43,66.5700,25,2
2026-02-12,601318,14:01:46,66.5700,61,2
2026-02-12,601318,14:01:49,66.5700,129,1
2026-02-12,601318,14:01:52,66.5700,10,1
2026-02-12,601318,14:01:55,66.5700,223,1
2026-02-12,601318,14:01:58,66.5700,101,2
2026-02-12,601318,14:02:01,66.5600,44,2
2026-02-12,601318,14:02:04,66.5600,43,2
2026-02-12,601318,14:02:07,66.5700,19,4
2026-02-12,601318,14:02:10,66.5700,59,1
2026-02-12,601318,14:02:13,66.5700,73,1
2026-02-12,601318,14:02:16,66.5700,16,1
2026-02-12,601318,14:02:19,66.5900,161,1
2026-02-12,601318,14:02:22,66.5900,18,1
2026-02-12,601318,14:02:25,66.5800,12,4
2026-02-12,601318,14:02:28,66.5800,141,4
2026-02-12,601318,14:02:31,66.5900,15,1
2026-02-12,601318,14:02:34,66.6000,123,1
2026-02-12,601318,14:02:37,66.5900,48,2
2026-02-12,601318,14:02:40,66.5900,18,4
2026-02-12,601318,14:02:43,66.5900,2,1
2026-02-12,601318,14:02:46,66.5900,13,1
2026-02-12,601318,14:02:49,66.5900,25,1
2026-02-12,601318,14:02:52,66.5900,1,1
2026-02-12,601318,14:02:55,66.5900,55,1
2026-02-12,601318,14:02:58,66.5700,123,2
2026-02-12,601318,14:03:01,66.5900,41,1
2026-02-12,601318,14:03:04,66.6000,56,1
2026-02-12,601318,14:03:07,66.6000,35,1
2026-02-12,601318,14:03:10,66.5900,33,2
2026-02-12,601318,14:03:13,66.5900,72,2
2026-02-12,601318,14:03:16,66.5900,24,2
2026-02-12,601318,14:03:19,66.5900,51,2
2026-02-12,601318,14:03:22,66.5900,54,2
2026-02-12,601318,14:03:25,66.5900,57,2
2026-02-12,601318,14:03:28,66.5900,63,2
2026-02-12,601318,14:03:31,66.5900,31,2
2026-02-12,601318,14:03:34,66.5900,67,2
2026-02-12,601318,14:03:37,66.5900,166,2
2026-02-12,601318,14:03:40,66.5900,8,2
2026-02-12,601318,14:03:43,66.5900,126,2
2026-02-12,601318,14:03:46,66.5900,66,1
2026-02-12,601318,14:03:49,66.5900,294,1
2026-02-12,601318,14:03:52,66.5800,9,2
2026-02-12,601318,14:03:55,66.5800,505,2
2026-02-12,601318,14:03:58,66.5900,20,4
2026-02-12,601318,14:04:01,66.5800,87,2
2026-02-12,601318,14:04:04,66.5900,24,1
2026-02-12,601318,14:04:07,66.5900,65,1
2026-02-12,601318,14:04:10,66.5900,132,1
2026-02-12,601318,14:04:13,66.5800,95,2
2026-02-12,601318,14:04:16,66.5900,21,4
2026-02-12,601318,14:04:19,66.5900,28,1
2026-02-12,601318,14:04:22,66.5900,81,1
2026-02-12,601318,14:04:25,66.5900,36,2
2026-02-12,601318,14:04:28,66.5800,87,2
2026-02-12,601318,14:04:31,66.5800,53,2
2026-02-12,601318,14:04:34,66.5800,31,2
2026-02-12,601318,14:04:37,66.5800,119,2
2026-02-12,601318,14:04:40,66.5800,73,2
2026-02-12,601318,14:04:43,66.5800,24,2
2026-02-12,601318,14:04:46,66.5900,25,1
2026-02-12,601318,14:04:49,66.5800,81,2
2026-02-12,601318,14:04:52,66.5800,56,2
2026-02-12,601318,14:04:55,66.5900,28,1
2026-02-12,601318,14:04:58,66.5800,69,2
2026-02-12,601318,14:05:01,66.5900,77,1
2026-02-12,601318,14:05:04,66.6000,165,1
2026-02-12,601318,14:05:07,66.5800,138,2
2026-02-12,601318,14:05:10,66.5700,74,2
2026-02-12,601318,14:05:13,66.5900,84,1
2026-02-12,601318,14:05:16,66.5700,37,2
2026-02-12,601318,14:05:19,66.5800,34,4
2026-02-12,601318,14:05:22,66.5700,41,2
2026-02-12,601318,14:05:25,66.5700,24,2
2026-02-12,601318,14:05:28,66.5800,58,1
2026-02-12,601318,14:05:31,66.5800,83,1
2026-02-12,601318,14:05:34,66.5700,24,2
2026-02-12,601318,14:05:37,66.5700,119,2
2026-02-12,601318,14:05:40,66.5700,71,2
2026-02-12,601318,14:05:43,66.5700,23,2
2026-02-12,601318,14:05:46,66.5700,10,2
2026-02-12,601318,14:05:49,66.5900,235,1
2026-02-12,601318,14:05:52,66.5800,33,2
2026-02-12,601318,14:05:55,66.5800,70,4
2026-02-12,601318,14:05:58,66.5700,44,2
2026-02-12,601318,14:06:01,66.5800,35,1
2026-02-12,601318,14:06:04,66.5800,51,1
2026-02-12,601318,14:06:07,66.5800,44,1
2026-02-12,601318,14:06:10,66.5700,16,2
2026-02-12,601318,14:06:13,66.5800,53,1
2026-02-12,601318,14:06:16,66.5800,25,1
2026-02-12,601318,14:06:19,66.5800,114,1
2026-02-12,601318,14:06:22,66.5800,56,1
2026-02-12,601318,14:06:25,66.5700,51,2
2026-02-12,601318,14:06:28,66.5800,41,1
2026-02-12,601318,14:06:31,66.5800,45,2
2026-02-12,601318,14:06:34,66.5800,28,2
2026-02-12,601318,14:06:37,66.5800,47,1
2026-02-12,601318,14:06:40,66.5700,36,2
2026-02-12,601318,14:06:43,66.5800,81,1
2026-02-12,601318,14:06:46,66.5800,32,1
2026-02-12,601318,14:06:49,66.5800,19,1
2026-02-12,601318,14:06:52,66.5700,48,2
2026-02-12,601318,14:06:55,66.5700,57,2
2026-02-12,601318,14:06:58,66.5800,57,1
2026-02-12,601318,14:07:01,66.5800,57,1
2026-02-12,601318,10:56:46,66.9500,25,2
2026-02-12,601318,10:56:49,66.9600,35,1
2026-02-12,601318,10:56:52,66.9600,30,1
2026-02-12,601318,10:56:55,66.9600,39,1
2026-02-12,601318,10:56:58,66.9600,27,1
2026-02-12,601318,10:57:01,66.9600,11,1
2026-02-12,601318,10:57:04,66.9600,2,1
2026-02-12,601318,10:57:07,66.9500,90,2
2026-02-12,601318,10:57:10,66.9500,85,2
2026-02-12,601318,10:57:13,66.9400,123,2
2026-02-12,601318,10:57:16,66.9300,160,2
2026-02-12,601318,10:57:19,66.9200,357,2
2026-02-12,601318,10:57:22,66.9400,38,1
2026-02-12,601318,10:57:25,66.9100,56,2
2026-02-12,601318,10:57:28,66.9400,23,1
2026-02-12,601318,10:57:31,66.9100,18,2
2026-02-12,601318,10:57:34,66.9400,7,1
2026-02-12,601318,10:57:37,66.9300,23,4
2026-02-12,601318,10:57:40,66.9300,8,4
2026-02-12,601318,10:57:43,66.9200,23,2
2026-02-12,601318,10:57:46,66.9400,5,1
2026-02-12,601318,10:57:49,66.9200,49,2
2026-02-12,601318,10:57:52,66.9200,6,2
2026-02-12,601318,10:57:55,66.9200,32,2
2026-02-12,601318,10:57:58,66.9200,23,2
2026-02-12,601318,10:58:01,66.9100,10,2
2026-02-12,601318,10:58:04,66.9100,81,2
2026-02-12,601318,10:58:07,66.9200,51,1
2026-02-12,601318,10:58:10,66.9000,26,2
2026-02-12,601318,10:58:13,66.9200,40,1
2026-02-12,601318,10:58:16,66.9100,12,2
2026-02-12,601318,10:58:19,66.9100,39,2
2026-02-12,601318,10:58:22,66.9100,19,4
2026-02-12,601318,10:58:25,66.9100,30,1
2026-02-12,601318,10:58:28,66.9000,146,2
2026-02-12,601318,10:58:31,66.9100,60,1
2026-02-12,601318,10:58:34,66.9100,399,4
2026-02-12,601318,10:58:37,66.9000,26,2
2026-02-12,601318,10:58:40,66.9100,15,1
2026-02-12,601318,10:58:43,66.9100,57,1
2026-02-12,601318,10:58:46,66.9000,300,2
2026-02-12,601318,10:58:49,66.9000,53,1
2026-02-12,601318,10:58:52,66.9000,9,2
2026-02-12,601318,10:58:55,66.9100,45,1
2026-02-12,601318,10:58:58,66.9100,10,1
2026-02-12,601318,10:59:01,66.9000,15,2
2026-02-12,601318,10:59:04,66.9000,15,2
2026-02-12,601318,10:59:07,66.9000,148,2
2026-02-12,601318,10:59:10,66.9000,47,2
2026-02-12,601318,10:59:13,66.8900,300,2
2026-02-12,601318,10:59:16,66.8900,85,2
2026-02-12,601318,10:59:19,66.8900,131,2
2026-02-12,601318,10:59:22,66.8900,124,1
2026-02-12,601318,10:59:25,66.8900,27,2
2026-02-12,601318,10:59:28,66.8900,71,2
2026-02-12,601318,10:59:31,66.8900,104,2
2026-02-12,601318,10:59:34,66.9000,35,1
2026-02-12,601318,10:59:37,66.8900,86,2
2026-02-12,601318,10:59:40,66.9000,20,1
2026-02-12,601318,10:59:43,66.8900,46,2
2026-02-12,601318,10:59:46,66.9000,45,1
2026-02-12,601318,10:59:49,66.8900,176,2
2026-02-12,601318,10:59:52,66.8900,159,2
2026-02-12,601318,10:59:55,66.8800,109,2
2026-02-12,601318,10:59:58,66.8900,152,1
2026-02-12,601318,11:00:01,66.8900,12,2
2026-02-12,601318,11:00:04,66.8900,99,2
2026-02-12,601318,11:00:07,66.8900,2,2
2026-02-12,601318,11:00:10,66.9000,30,1
2026-02-12,601318,11:00:13,66.8900,21,2
2026-02-12,601318,11:00:16,66.9000,108,1
2026-02-12,601318,11:00:19,66.8900,58,4
2026-02-12,601318,11:00:22,66.8900,73,2
2026-02-12,601318,11:00:25,66.9000,208,1
2026-02-12,601318,11:00:28,66.9000,79,2
2026-02-12,601318,11:00:31,66.8900,6,2
2026-02-12,601318,11:00:34,66.9000,12,2
2026-02-12,601318,11:00:37,66.9000,40,2
2026-02-12,601318,11:00:40,66.9000,18,2
2026-02-12,601318,11:00:43,66.9100,25,1
2026-02-12,601318,11:00:46,66.9000,117,2
2026-02-12,601318,11:00:49,66.9000,49,2
2026-02-12,601318,11:00:52,66.9000,355,2
2026-02-12,601318,11:00:55,66.9200,115,1
2026-02-12,601318,11:00:58,66.9100,64,2
2026-02-12,601318,11:01:01,66.9200,11,2
2026-02-12,601318,11:01:04,66.9300,26,1
2026-02-12,601318,11:01:07,66.9200,44,2
2026-02-12,601318,11:01:10,66.9300,96,4
2026-02-12,601318,11:01:13,66.9300,416,1
2026-02-12,601318,11:01:16,66.9200,72,4
2026-02-12,601318,11:01:19,66.9100,106,2
2026-02-12,601318,11:01:22,66.9100,191,2
2026-02-12,601318,11:01:25,66.9200,24,4
2026-02-12,601318,11:01:28,66.9400,199,1
2026-02-12,601318,11:01:31,66.9400,58,4
2026-02-12,601318,11:01:34,66.9400,50,2
2026-02-12,601318,11:01:37,66.9600,37,1
2026-02-12,601318,11:01:40,66.9500,447,2
2026-02-12,601318,11:01:43,66.9500,42,1
2026-02-12,601318,11:01:46,66.9400,8,2
2026-02-12,601318,11:01:49,66.9300,19,2
2026-02-12,601318,11:01:52,66.9400,443,1
2026-02-12,601318,11:01:55,66.9400,19,1
2026-02-12,601318,11:01:58,66.9400,62,1
2026-02-12,601318,11:02:01,66.9400,110,1
2026-02-12,601318,11:02:04,66.9200,13,2
2026-02-12,601318,11:02:07,66.9200,451,2
2026-02-12,601318,11:02:10,66.9100,8,2
2026-02-12,601318,11:02:13,66.9200,45,1
2026-02-12,601318,11:02:16,66.9200,563,2
2026-02-12,601318,11:02:19,66.9100,140,2
2026-02-12,601318,11:02:22,66.9300,32,1
2026-02-12,601318,11:02:25,66.9400,21,1
2026-02-12,601318,11:02:28,66.9300,58,2
2026-02-12,601318,11:02:31,66.9400,5,1
2026-02-12,601318,11:02:34,66.9300,73,2
2026-02-12,601318,11:02:37,66.9300,176,1
2026-02-12,601318,11:02:40,66.9300,10,2
2026-02-12,601318,11:02:43,66.9200,67,2
2026-02-12,601318,11:02:46,66.9200,10,2
2026-02-12,601318,11:02:49,66.9300,475,1
2026-02-12,601318,11:02:52,66.9300,15,1
2026-02-12,601318,11:02:55,66.9100,332,2
2026-02-12,601318,11:02:58,66.9100,32,1
2026-02-12,601318,11:03:01,66.9100,2,2
2026-02-12,601318,11:03:04,66.9200,49,1
2026-02-12,601318,11:03:07,66.9100,259,2
2026-02-12,601318,11:03:10,66.9200,2,2
2026-02-12,601318,11:03:16,66.9300,44,1
2026-02-12,601318,11:03:19,66.9200,15,2
2026-02-12,601318,11:03:22,66.9300,41,1
2026-02-12,601318,11:03:25,66.9100,63,2
2026-02-12,601318,11:03:28,66.9300,58,1
2026-02-12,601318,11:03:31,66.9200,54,2
2026-02-12,601318,11:03:34,66.9200,54,2
2026-02-12,601318,11:03:37,66.9200,16,2
2026-02-12,601318,11:03:40,66.9100,41,2
2026-02-12,601318,11:03:43,66.9100,47,2
2026-02-12,601318,11:03:46,66.9200,10,1
2026-02-12,601318,11:03:49,66.9100,226,2
2026-02-12,601318,11:03:52,66.9200,113,1
2026-02-12,601318,11:03:55,66.9300,172,1
2026-02-12,601318,11:03:58,66.9300,1,2
2026-02-12,601318,11:04:01,66.9400,4,1
2026-02-12,601318,11:04:04,66.9300,112,2
2026-02-12,601318,11:04:07,66.9300,16,4
2026-02-12,601318,11:04:10,66.9300,20,1
2026-02-12,601318,11:04:13,66.9300,317,1
2026-02-12,601318,11:04:16,66.9300,118,2
2026-02-12,601318,11:04:19,66.9400,61,1
2026-02-12,601318,11:04:22,66.9400,27,1
2026-02-12,601318,11:04:25,66.9400,9,2
2026-02-12,601318,11:04:28,66.9500,27,1
2026-02-12,601318,11:04:31,66.9500,130,1
2026-02-12,601318,11:04:34,66.9500,6,1
2026-02-12,601318,11:04:37,66.9500,25,1
2026-02-12,601318,11:04:40,66.9500,39,1
2026-02-12,601318,11:04:43,66.9700,648,1
2026-02-12,601318,11:04:46,66.9700,52,1
2026-02-12,601318,11:04:49,66.9700,111,1
2026-02-12,601318,11:04:52,66.9500,93,2
2026-02-12,601318,11:04:55,66.9500,32,1
2026-02-12,601318,11:04:58,66.9400,153,2
2026-02-12,601318,11:05:01,66.9400,66,2
2026-02-12,601318,11:05:04,66.9300,54,2
2026-02-12,601318,11:05:07,66.9400,32,1
2026-02-12,601318,11:05:10,66.9400,205,1
2026-02-12,601318,11:05:13,66.9400,60,1
2026-02-12,601318,11:05:16,66.9400,68,1
2026-02-12,601318,11:05:19,66.9400,33,1
2026-02-12,601318,11:05:22,66.9200,418,2
2026-02-12,601318,11:05:25,66.9200,43,1
2026-02-12,601318,11:05:28,66.9100,75,2
2026-02-12,601318,11:05:31,66.9100,70,2
2026-02-12,601318,11:05:34,66.9100,15,2
2026-02-12,601318,11:05:37,66.9200,27,1
2026-02-12,601318,11:05:40,66.9200,65,1
2026-02-12,601318,11:05:43,66.9200,19,2
2026-02-12,601318,11:05:46,66.9200,60,2
2026-02-12,601318,11:05:49,66.9100,69,2
2026-02-12,601318,11:05:52,66.9100,60,2
2026-02-12,601318,11:05:55,66.9200,10,1
2026-02-12,601318,11:05:58,66.9100,38,2
2026-02-12,601318,11:06:01,66.9200,231,1
2026-02-12,601318,11:06:04,66.9200,48,2
2026-02-12,601318,11:06:07,66.9200,148,2
2026-02-12,601318,11:06:10,66.9200,165,2
2026-02-12,601318,11:06:13,66.9200,153,2
2026-02-12,601318,11:06:16,66.9200,19,1
2026-02-12,601318,11:06:19,66.9200,111,1
2026-02-12,601318,11:06:22,66.9200,135,1
2026-02-12,601318,11:06:25,66.9100,676,2
2026-02-12,601318,11:06:28,66.9100,28,2
2026-02-12,601318,11:06:31,66.9100,25,2
2026-02-12,601318,11:06:34,66.9200,2,1
2026-02-12,601318,11:06:37,66.9200,76,1
2026-02-12,601318,11:06:40,66.9100,21,2
2026-02-12,601318,11:06:43,66.9100,4,2
2026-02-12,601318,11:06:46,66.9100,13,2
2026-02-12,601318,11:06:49,66.9100,11,2
2026-02-12,601318,11:06:52,66.9100,13,2
2026-02-12,601318,11:06:55,66.9100,288,2
2026-02-12,601318,11:06:58,66.9100,259,1
2026-02-12,601318,11:07:01,66.9100,25,2
2026-02-12,601318,11:07:04,66.9100,4,2
2026-02-12,601318,11:07:07,66.9000,1006,2
2026-02-12,601318,11:07:10,66.9100,148,1
2026-02-12,601318,11:07:13,66.9200,116,1
2026-02-12,601318,11:07:16,66.9200,7,1
2026-02-12,601318,11:07:19,66.9200,42,1
2026-02-12,601318,11:07:22,66.9300,116,1
2026-02-12,601318,11:07:25,66.9200,30,2
2026-02-12,601318,11:07:28,66.9400,4,1
2026-02-12,601318,11:07:31,66.9400,174,1
2026-02-12,601318,11:07:34,66.9400,38,1
2026-02-12,601318,11:07:37,66.9400,18,1
2026-02-12,601318,11:07:40,66.9400,113,1
2026-02-12,601318,11:07:43,66.9400,6,1
2026-02-12,601318,11:07:46,66.9400,34,1
2026-02-12,601318,11:07:49,66.9300,11,2
2026-02-12,601318,11:07:52,66.9300,53,2
2026-02-12,601318,11:07:55,66.9300,26,1
2026-02-12,601318,11:07:58,66.9300,15,1
2026-02-12,601318,11:08:01,66.9300,12,1
2026-02-12,601318,11:08:07,66.9200,25,2
2026-02-12,601318,11:08:10,66.9300,54,1
2026-02-12,601318,11:08:13,66.9200,18,2
2026-02-12,601318,11:08:16,66.9100,16,2
2026-02-12,601318,11:08:19,66.9200,159,2
2026-02-12,601318,11:08:22,66.9200,20,2
2026-02-12,601318,11:08:25,66.9200,58,1
2026-02-12,601318,11:08:28,66.9200,122,1
2026-02-12,601318,11:08:31,66.9200,46,1
2026-02-12,601318,11:08:34,66.9200,46,1
2026-02-12,601318,11:08:37,66.9200,43,1
2026-02-12,601318,11:08:40,66.9400,132,1
2026-02-12,601318,11:08:43,66.9200,14,2
2026-02-12,601318,11:08:46,66.9200,103,1
2026-02-12,601318,11:08:49,66.9000,191,2
2026-02-12,601318,11:08:52,66.9000,114,2
2026-02-12,601318,11:08:55,66.9200,47,1
2026-02-12,601318,11:08:58,66.9100,81,2
2026-02-12,601318,11:09:01,66.9100,68,1
2026-02-12,601318,11:09:04,66.9100,63,1
2026-02-12,601318,11:09:07,66.9000,93,2
2026-02-12,601318,11:09:10,66.9000,77,2
2026-02-12,601318,11:09:13,66.9000,96,2
2026-02-12,601318,11:09:16,66.9100,96,1
2026-02-12,601318,11:09:19,66.9000,156,2
2026-02-12,601318,11:09:22,66.9100,35,1
2026-02-12,601318,11:09:25,66.8900,1413,2
2026-02-12,601318,11:09:28,66.9100,292,1
2026-02-12,601318,11:09:31,66.8900,594,2
2026-02-12,601318,11:09:34,66.9100,121,1
2026-02-12,601318,11:09:37,66.8900,306,2
2026-02-12,601318,11:09:40,66.9000,73,1
2026-02-12,601318,11:09:43,66.9000,72,1
2026-02-12,601318,11:09:46,66.9000,61,1
2026-02-12,601318,11:09:49,66.9000,26,1
2026-02-12,601318,11:09:52,66.9000,18,1
2026-02-12,601318,11:09:55,66.8900,52,2
2026-02-12,601318,11:09:58,66.9000,47,1
2026-02-12,601318,11:10:01,66.8900,576,2
2026-02-12,601318,11:10:04,66.8900,280,2
2026-02-12,601318,11:10:07,66.8900,98,1
2026-02-12,601318,11:10:10,66.8900,69,2
2026-02-12,601318,11:10:13,66.8900,19,1
2026-02-12,601318,11:10:16,66.8900,12,1
2026-02-12,601318,11:10:19,66.8900,219,1
2026-02-12,601318,11:10:22,66.8900,154,1
2026-02-12,601318,11:10:25,66.8900,288,1
2026-02-12,601318,11:10:28,66.8900,168,1
2026-02-12,601318,11:10:31,66.8900,228,1
2026-02-12,601318,11:10:34,66.8900,56,1
2026-02-12,601318,11:10:37,66.8900,73,1
2026-02-12,601318,11:10:40,66.8900,53,1
2026-02-12,601318,11:10:43,66.9000,323,1
2026-02-12,601318,11:10:46,66.9000,67,2
2026-02-12,601318,11:10:49,66.9000,37,2
2026-02-12,601318,11:10:52,66.9000,129,2
2026-02-12,601318,11:10:55,66.9000,42,1
2026-02-12,601318,11:10:58,66.9000,51,1
2026-02-12,601318,11:11:01,66.9000,51,1
2026-02-12,601318,11:11:04,66.9200,29,1
2026-02-12,601318,11:11:07,66.9000,13,2
2026-02-12,601318,11:11:10,66.9100,63,1
2026-02-12,601318,11:11:13,66.9000,66,2
2026-02-12,601318,11:11:16,66.9000,87,2
2026-02-12,601318,11:11:19,66.9000,46,2
2026-02-12,601318,11:11:22,66.9000,64,1
2026-02-12,601318,11:11:25,66.8900,55,2
2026-02-12,601318,11:11:28,66.9000,22,1
2026-02-12,601318,11:11:31,66.9000,53,1
2026-02-12,601318,11:11:34,66.9000,24,1
2026-02-12,601318,11:11:37,66.9000,250,1
2026-02-12,601318,11:11:40,66.9100,72,1
2026-02-12,601318,11:11:43,66.9000,14,2
2026-02-12,601318,11:11:46,66.9000,29,1
2026-02-12,601318,11:11:49,66.8900,100,2
2026-02-12,601318,11:11:52,66.9000,43,1
2026-02-12,601318,11:11:55,66.9100,162,1
2026-02-12,601318,11:11:58,66.9000,62,2
2026-02-12,601318,11:12:01,66.8900,99,2
2026-02-12,601318,11:12:04,66.9000,205,1
2026-02-12,601318,11:12:07,66.9000,51,4
2026-02-12,601318,11:12:10,66.9100,68,1
2026-02-12,601318,11:12:13,66.9000,49,4
2026-02-12,601318,11:12:16,66.9000,65,2
2026-02-12,601318,11:12:19,66.9000,211,1
2026-02-12,601318,11:12:22,66.9000,81,1
2026-02-12,601318,11:12:25,66.9100,35,1
2026-02-12,601318,11:12:28,66.8900,75,2
2026-02-12,601318,11:12:31,66.9000,36,1
2026-02-12,601318,11:12:34,66.9100,48,1
2026-02-12,601318,11:12:37,66.9000,14,2
2026-02-12,601318,11:12:40,66.9100,12,4
2026-02-12,601318,11:12:43,66.9100,77,1
2026-02-12,601318,11:12:46,66.9100,45,1
2026-02-12,601318,11:12:49,66.9000,15,2
2026-02-12,601318,11:12:52,66.9000,72,2
2026-02-12,601318,11:12:55,66.9000,58,1
2026-02-12,601318,11:12:58,66.9000,53,1
2026-02-12,601318,11:13:01,66.9000,13,1
2026-02-12,601318,11:13:04,66.9000,44,1
2026-02-12,601318,11:13:07,66.9000,11,1
2026-02-12,601318,11:13:10,66.9000,66,1
2026-02-12,601318,11:13:13,66.9000,46,2
2026-02-12,601318,11:13:16,66.9000,111,2
2026-02-12,601318,11:13:19,66.9100,29,1
2026-02-12,601318,11:13:22,66.9000,19,2
2026-02-12,601318,11:13:25,66.9000,265,1
2026-02-12,601318,11:13:28,66.8800,129,2
2026-02-12,601318,11:13:31,66.9000,62,1
2026-02-12,601318,11:13:34,66.8900,45,2
2026-02-12,601318,11:13:37,66.9000,18,1
2026-02-12,601318,11:13:40,66.8900,72,2
2026-02-12,601318,11:13:43,66.9000,75,1
2026-02-12,601318,11:13:46,66.8900,17,2
2026-02-12,601318,11:13:49,66.8900,115,2
2026-02-12,601318,11:13:52,66.8900,144,2
2026-02-12,601318,11:13:55,66.8900,76,2
2026-02-12,601318,11:13:58,66.8800,75,2
2026-02-12,601318,11:14:01,66.8800,50,2
2026-02-12,601318,11:14:04,66.8900,510,1
2026-02-12,601318,11:14:07,66.8900,281,1
2026-02-12,601318,11:14:10,66.8900,114,1
2026-02-12,601318,11:14:13,66.8900,46,1
2026-02-12,601318,11:14:16,66.8800,99,2
2026-02-12,601318,11:14:19,66.8800,211,2
2026-02-12,601318,11:14:22,66.8800,158,2
2026-02-12,601318,11:14:25,66.8900,76,1
2026-02-12,601318,11:14:28,66.8900,203,1
2026-02-12,601318,11:14:31,66.8900,105,2
2026-02-12,601318,11:14:34,66.8900,46,2
2026-02-12,601318,11:14:37,66.9000,78,1
2026-02-12,601318,11:14:40,66.9000,30,1
2026-02-12,601318,11:14:43,66.9000,17,1
2026-02-12,601318,11:14:46,66.8900,60,2
2026-02-12,601318,11:14:49,66.9000,73,1
2026-02-12,601318,11:14:52,66.8900,34,2
2026-02-12,601318,11:14:55,66.9000,55,1
2026-02-12,601318,11:14:58,66.8900,294,2
2026-02-12,601318,11:15:01,66.9200,585,1
2026-02-12,601318,11:15:04,66.9000,224,2
2026-02-12,601318,11:15:07,66.9100,64,4
2026-02-12,601318,11:15:10,66.9200,47,1
2026-02-12,601318,11:15:13,66.9200,10,1
2026-02-12,601318,11:15:16,66.9000,58,2
2026-02-12,601318,11:15:19,66.9100,84,4
2026-02-12,601318,11:15:22,66.9100,99,1
2026-02-12,601318,11:15:25,66.9000,419,2
2026-02-12,601318,11:15:28,66.9000,103,1
2026-02-12,601318,11:15:31,66.9000,208,1
2026-02-12,601318,11:15:34,66.9000,93,1
2026-02-12,601318,11:15:37,66.9000,93,1
2026-02-12,601318,11:15:40,66.9000,77,1
2026-02-12,601318,11:15:43,66.9000,18,2
2026-02-12,601318,11:15:46,66.9000,42,4
2026-02-12,601318,11:15:49,66.9000,31,1
2026-02-12,601318,11:15:52,66.9000,65,1
2026-02-12,601318,11:15:55,66.9000,928,1
2026-02-12,601318,11:15:58,66.8900,213,2
2026-02-12,601318,11:16:01,66.8700,1392,2
2026-02-12,601318,11:16:04,66.8600,982,2
2026-02-12,601318,11:16:07,66.8600,210,2
2026-02-12,601318,11:16:10,66.8600,105,1
2026-02-12,601318,11:16:13,66.8600,422,1
2026-02-12,601318,11:16:16,66.8600,115,1
2026-02-12,601318,11:16:19,66.8600,317,1
2026-02-12,601318,11:16:22,66.8500,145,2
2026-02-12,601318,11:16:25,66.8600,56,1
2026-02-12,601318,11:16:28,66.8500,64,2
2026-02-12,601318,11:16:31,66.8500,41,2
2026-02-12,601318,11:16:34,66.8500,612,2
2026-02-12,601318,11:16:37,66.8500,139,4
2026-02-12,601318,11:16:40,66.8400,44,2
2026-02-12,601318,11:16:43,66.8500,48,1
2026-02-12,601318,11:16:46,66.8500,67,1
2026-02-12,601318,11:16:49,66.8500,39,1
2026-02-12,601318,11:16:52,66.8400,50,2
2026-02-12,601318,11:16:55,66.8500,55,1
2026-02-12,601318,11:16:58,66.8600,43,1
2026-02-12,601318,11:17:01,66.8500,146,2
2026-02-12,601318,11:17:04,66.8500,79,1
2026-02-12,601318,11:17:07,66.8500,76,1
2026-02-12,601318,11:17:10,66.8400,119,2
2026-02-12,601318,11:17:13,66.8500,223,1
2026-02-12,601318,11:17:16,66.8400,125,4
2026-02-12,601318,11:17:19,66.8300,201,2
2026-02-12,601318,11:17:22,66.8300,359,2
2026-02-12,601318,11:17:25,66.8300,302,1
2026-02-12,601318,11:17:28,66.8100,661,2
2026-02-12,601318,11:17:31,66.8100,172,2
2026-02-12,601318,11:17:34,66.8200,66,1
2026-02-12,601318,11:17:37,66.8200,127,1
2026-02-12,601318,11:17:40,66.8200,68,1
2026-02-12,601318,11:17:43,66.8100,167,2
2026-02-12,601318,11:17:46,66.8100,73,2
2026-02-12,601318,11:17:49,66.8100,219,2
2026-02-12,601318,11:17:52,66.8200,106,1
2026-02-12,601318,11:17:55,66.8100,1057,2
2026-02-12,601318,11:17:58,66.8100,261,1
2026-02-12,601318,11:18:01,66.8100,244,1
2026-02-12,601318,11:18:04,66.8100,99,2
2026-02-12,601318,11:18:07,66.8100,93,2
2026-02-12,601318,11:18:10,66.8100,59,2
2026-02-12,601318,11:18:13,66.8200,34,1
2026-02-12,601318,11:18:16,66.8100,108,2
2026-02-12,601318,11:18:19,66.8200,85,1
2026-02-12,601318,11:18:22,66.8200,14,2
2026-02-12,601318,11:18:25,66.8200,69,2
2026-02-12,601318,11:18:28,66.8200,67,2
2026-02-12,601318,11:18:31,66.8200,123,1
2026-02-12,601318,11:18:34,66.8200,35,2
2026-02-12,601318,11:18:37,66.8200,56,2
2026-02-12,601318,11:18:40,66.8300,82,1
2026-02-12,601318,11:18:43,66.8300,85,1
2026-02-12,601318,11:18:46,66.8400,72,1
2026-02-12,601318,11:18:49,66.8200,81,2
2026-02-12,601318,11:18:52,66.8400,55,1
2026-02-12,601318,11:18:55,66.8300,76,2
2026-02-12,601318,11:18:58,66.8400,9,1
2026-02-12,601318,11:19:01,66.8400,45,1
2026-02-12,601318,11:19:04,66.8400,28,1
2026-02-12,601318,11:19:07,66.8500,137,1
2026-02-12,601318,11:19:10,66.8600,27,2
2026-02-12,601318,11:19:13,66.8700,17,1
2026-02-12,601318,11:19:16,66.8800,46,1
2026-02-12,601318,11:19:19,66.8700,37,1
2026-02-12,601318,11:19:22,66.8800,10,1
2026-02-12,601318,11:19:25,66.8800,75,1
2026-02-12,601318,11:19:28,66.8700,25,2
2026-02-12,601318,11:19:31,66.8700,79,1
2026-02-12,601318,11:19:34,66.8600,47,2
2026-02-12,601318,11:19:37,66.8300,191,2
2026-02-12,601318,11:19:40,66.8400,63,1
2026-02-12,601318,11:19:43,66.8400,80,1
2026-02-12,601318,11:19:46,66.8500,49,1
2026-02-12,601318,11:19:49,66.8400,155,2
2026-02-12,601318,11:19:52,66.8500,96,4
2026-02-12,601318,11:19:55,66.8600,174,1
2026-02-12,601318,11:19:58,66.8600,37,1
2026-02-12,601318,11:20:01,66.8600,29,2
2026-02-12,601318,11:20:04,66.8700,128,1
2026-02-12,601318,11:20:07,66.8700,42,1
2026-02-12,601318,11:20:10,66.8700,21,1
2026-02-12,601318,11:20:13,66.8700,19,1
2026-02-12,601318,11:20:16,66.8700,154,1
2026-02-12,601318,11:20:19,66.8500,81,2
2026-02-12,601318,11:20:22,66.8600,56,1
2026-02-12,601318,11:20:25,66.8600,77,1
2026-02-12,601318,11:20:28,66.8500,34,2
2026-02-12,601318,11:20:31,66.8500,57,2
2026-02-12,601318,11:20:34,66.8500,75,1
2026-02-12,601318,11:20:37,66.8400,38,2
2026-02-12,601318,11:20:40,66.8400,25,2
2026-02-12,601318,11:20:43,66.8400,24,2
2026-02-12,601318,11:20:46,66.8300,294,2
2026-02-12,601318,11:20:49,66.8400,6,1
2026-02-12,601318,11:20:52,66.8400,3,4
