date,code,time,price,volume,bs
2026-04-27,000858,14:07:03,100.1100,23,1
2026-04-27,000858,14:07:06,100.1000,32,2
2026-04-27,000858,14:07:09,100.1100,118,1
2026-04-27,000858,14:07:12,100.1000,12,2
2026-04-27,000858,14:07:15,100.1000,92,2
2026-04-27,000858,14:07:18,100.1000,27,2
2026-04-27,000858,14:07:21,100.1100,45,1
2026-04-27,000858,14:07:24,100.1100,35,1
2026-04-27,000858,14:07:27,100.1000,32,2
2026-04-27,000858,14:07:30,100.1000,69,2
2026-04-27,000858,14:07:33,100.1100,4,1
2026-04-27,000858,14:07:36,100.1000,9,2
2026-04-27,000858,14:07:39,100.1000,21,2
2026-04-27,000858,14:07:42,100.1000,12,2
2026-04-27,000858,14:07:45,100.1100,3,1
2026-04-27,000858,14:07:48,100.1000,70,2
2026-04-27,000858,14:07:51,100.1000,28,2
2026-04-27,000858,14:07:54,100.1100,12,1
2026-04-27,000858,14:07:57,100.1000,24,2
2026-04-27,000858,14:08:00,100.1000,19,2
2026-04-27,000858,14:08:03,100.1000,45,2
2026-04-27,000858,14:08:06,100.1000,7,2
2026-04-27,000858,14:08:09,100.1000,63,2
2026-04-27,000858,14:08:12,100.1000,43,2
2026-04-27,000858,14:08:15,100.1100,12,1
2026-04-27,000858,14:08:18,100.1000,16,2
2026-04-27,000858,14:08:21,100.1000,18,2
2026-04-27,000858,14:08:24,100.1000,27,2
2026-04-27,000858,14:08:27,100.1100,9,1
2026-04-27,000858,14:08:30,100.1000,49,2
2026-04-27,000858,14:08:33,100.1100,54,1
2026-04-27,000858,14:08:36,100.1100,20,1
2026-04-27,000858,14:08:39,100.1100,20,1
2026-04-27,000858,14:08:42,100.1000,3,2
2026-04-27,000858,14:08:45,100.1100,28,1
2026-04-27,000858,14:08:48,100.1000,58,2
2026-04-27,000858,14:08:51,100.1000,27,2
2026-04-27,000858,14:08:54,100.1000,2,2
2026-04-27,000858,14:08:57,100.1000,30,2
2026-04-27,000858,14:09:00,100.1000,3,2
2026-04-27,000858,14:09:03,100.1000,39,2
2026-04-27,000858,14:09:06,100.1000,8,2
2026-04-27,000858,14:09:09,100.1000,89,2
2026-04-27,000858,14:09:12,100.1100,5,1
2026-04-27,000858,14:09:15,100.1000,15,2
2026-04-27,000858,14:09:18,100.1100,27,1
2026-04-27,000858,14:09:24,100.1000,77,2
2026-04-27,000858,14:09:27,100.1000,10,2
2026-04-27,000858,14:09:30,100.1000,67,2
2026-04-27,000858,14:09:33,100.1000,28,2
2026-04-27,000858,14:09:36,100.1000,34,2
2026-04-27,000858,14:09:39,100.1000,11,2
2026-04-27,000858,14:09:42,100.1100,11,1
2026-04-27,000858,14:09:45,100.1000,32,2
2026-04-27,000858,14:09:48,100.1000,281,2
2026-04-27,000858,14:09:51,100.1000,91,2
2026-04-27,000858,14:09:54,100.1000,29,2
2026-04-27,000858,14:09:57,100.1000,14,2
2026-04-27,000858,14:10:00,100.1000,12,2
2026-04-27,000858,14:10:03,100.1100,40,1
2026-04-27,000858,14:10:06,100.1100,17,1
2026-04-27,000858,14:10:09,100.1000,65,2
2026-04-27,000858,14:10:12,100.1000,16,2
2026-04-27,000858,14:10:15,100.1100,24,1
2026-04-27,000858,14:10:18,100.1100,25,1
2026-04-27,000858,14:10:21,100.1100,17,1
2026-04-27,000858,14:10:24,100.1000,27,2
2026-04-27,000858,14:10:27,100.1100,19,1
2026-04-27,000858,14:10:30,100.1100,87,1
2026-04-27,000858,14:10:33,100.1000,9,2
2026-04-27,000858,14:10:36,100.1100,15,1
2026-04-27,000858,14:10:39,100.1100,29,1
2026-04-27,000858,14:10:42,100.1100,4,1
2026-04-27,000858,14:10:45,100.1100,86,1
2026-04-27,000858,14:10:48,100.1000,61,2
2026-04-27,000858,14:10:51,100.1000,55,2
2026-04-27,000858,14:10:54,100.1100,8,1
2026-04-27,000858,14:10:57,100.1100,48,1
2026-04-27,000858,14:11:00,100.1000,37,2
2026-04-27,000858,14:11:03,100.1000,48,2
2026-04-27,000858,14:11:06,100.1000,67,2
2026-04-27,000858,14:11:09,100.0900,58,2
2026-04-27,000858,14:11:12,100.1000,30,1
2026-04-27,000858,14:11:15,100.1000,15,1
2026-04-27,000858,14:11:18,100.1000,50,1
2026-04-27,000858,14:11:21,100.1000,1,1
2026-04-27,000858,14:11:24,100.0900,33,2
2026-04-27,000858,14:11:27,100.1000,26,1
2026-04-27,000858,14:11:30,100.0900,73,2
2026-04-27,000858,14:11:33,100.1000,37,1
2026-04-27,000858,14:11:36,100.1000,9,1
2026-04-27,000858,14:11:39,100.0900,24,2
2026-04-27,000858,14:11:42,100.1000,22,1
2026-04-27,000858,14:11:45,100.0900,16,2
2026-04-27,000858,14:11:48,100.0900,16,2
2026-04-27,000858,14:11:51,100.1000,42,1
2026-04-27,000858,14:11:54,100.1000,25,1
2026-04-27,000858,14:11:57,100.0900,97,2
2026-04-27,000858,14:12:00,100.0900,22,2
2026-04-27,000858,14:12:03,100.1000,17,1
2026-04-27,000858,14:12:06,100.1000,126,1
2026-04-27,000858,14:12:09,100.0900,106,2
2026-04-27,000858,14:12:12,100.1000,52,1
2026-04-27,000858,14:12:15,100.0900,323,2
2026-04-27,000858,14:12:18,100.1000,135,1
2026-04-27,000858,14:12:21,100.0900,4,2
2026-04-27,000858,14:12:24,100.0900,119,2
2026-04-27,000858,14:12:27,100.1000,10,1
2026-04-27,000858,14:12:30,100.0900,57,2
2026-04-27,000858,14:12:33,100.0900,16,2
2026-04-27,000858,14:12:36,100.0900,40,2
2026-04-27,000858,14:12:39,100.0900,29,2
2026-04-27,000858,14:12:42,100.0900,30,2
2026-04-27,000858,14:12:45,100.0900,16,2
2026-04-27,000858,14:12:48,100.1000,80,1
2026-04-27,000858,14:12:51,100.1000,12,1
2026-04-27,000858,14:12:54,100.1000,21,1
2026-04-27,000858,14:12:57,100.1000,24,1
2026-04-27,000858,14:13:00,100.0900,34,2
2026-04-27,000858,14:13:03,100.1000,26,1
2026-04-27,000858,14:13:06,100.1000,38,1
2026-04-27,000858,14:13:09,100.0900,67,2
2026-04-27,000858,14:13:12,100.1000,35,1
2026-04-27,000858,14:13:15,100.1000,15,1
2026-04-27,000858,14:13:18,100.1000,7,1
2026-04-27,000858,14:13:21,100.0900,28,2
2026-04-27,000858,14:13:24,100.0900,49,2
2026-04-27,000858,14:13:27,100.0900,39,2
2026-04-27,000858,14:13:30,100.0900,284,2
2026-04-27,000858,14:13:33,100.1000,105,1
2026-04-27,000858,14:13:36,100.1000,14,1
2026-04-27,000858,14:13:39,100.1000,112,1
2026-04-27,000858,14:13:42,100.0900,21,2
2026-04-27,000858,14:13:45,100.0900,49,2
2026-04-27,000858,14:13:48,100.0900,42,2
2026-04-27,000858,14:13:51,100.1000,10,1
2026-04-27,000858,14:13:54,100.0800,1590,2
2026-04-27,000858,14:13:57,100.0900,152,1
2026-04-27,000858,14:14:00,100.0800,11,2
2026-04-27,000858,14:14:03,100.0900,11,1
2026-04-27,000858,14:14:06,100.0900,40,1
2026-04-27,000858,14:14:09,100.0900,34,1
2026-04-27,000858,14:14:12,100.0900,54,1
2026-04-27,000858,14:14:15,100.0900,14,1
2026-04-27,000858,14:14:18,100.0900,32,1
2026-04-27,000858,14:14:21,100.0900,19,1
2026-04-27,000858,14:14:24,100.0900,22,1
2026-04-27,000858,14:14:27,100.0900,41,1
2026-04-27,000858,14:14:30,100.0800,69,2
2026-04-27,000858,14:14:33,100.0900,125,1
2026-04-27,000858,14:14:36,100.0800,18,2
2026-04-27,000858,14:14:39,100.0900,16,1
2026-04-27,000858,14:14:42,100.0900,2,1
2026-04-27,000858,14:14:45,100.0900,42,1
2026-04-27,000858,14:14:48,100.0900,15,1
2026-04-27,000858,14:14:51,100.0800,85,2
2026-04-27,000858,14:14:54,100.0900,33,1
2026-04-27,000858,14:14:57,100.0800,24,2
2026-04-27,000858,14:15:00,100.0800,20,2
2026-04-27,000858,14:15:03,100.0900,13,1
2026-04-27,000858,14:15:06,100.0900,15,1
2026-04-27,000858,14:15:09,100.0800,70,2
2026-04-27,000858,14:15:12,100.0900,8,1
2026-04-27,000858,14:15:15,100.0900,35,1
2026-04-27,000858,14:15:18,100.0800,37,2
2026-04-27,000858,14:15:21,100.0900,12,1
2026-04-27,000858,14:15:24,100.0900,105,1
2026-04-27,000858,14:15:27,100.0800,11,2
2026-04-27,000858,14:15:30,100.0800,58,2
2026-04-27,000858,14:15:33,100.0900,48,1
2026-04-27,000858,14:15:36,100.0900,53,1
2026-04-27,000858,14:15:39,100.0800,16,2
2026-04-27,000858,14:15:42,100.0800,47,2
2026-04-27,000858,14:15:45,100.0900,7,1
2026-04-27,000858,14:15:48,100.0900,239,1
2026-04-27,000858,14:15:51,100.0800,77,2
2026-04-27,000858,14:15:54,100.0900,77,1
2026-04-27,000858,14:15:57,100.0800,5,2
2026-04-27,000858,14:16:00,100.0800,17,2
2026-04-27,000858,14:16:03,100.0800,11,2
2026-04-27,000858,14:16:06,100.0900,14,1
2026-04-27,000858,14:16:09,100.0800,53,2
2026-04-27,000858,14:16:12,100.0800,30,2
2026-04-27,000858,14:16:15,100.0800,40,2
2026-04-27,000858,14:16:18,100.0900,83,1
2026-04-27,000858,14:16:21,100.0900,32,1
2026-04-27,000858,14:16:24,100.0800,34,2
2026-04-27,000858,14:16:27,100.0900,37,1
2026-04-27,000858,14:16:30,100.0800,63,2
2026-04-27,000858,14:16:33,100.0900,22,1
2026-04-27,000858,14:16:36,100.0900,13,1
2026-04-27,000858,14:16:39,100.0900,15,1
2026-04-27,000858,14:16:42,100.0900,11,1
2026-04-27,000858,14:16:45,100.0900,17,1
2026-04-27,000858,14:16:48,100.0800,81,2
2026-04-27,000858,14:16:51,100.0900,28,1
2026-04-27,000858,14:16:54,100.0900,5,1
2026-04-27,000858,14:16:57,100.0900,14,1
2026-04-27,000858,14:17:00,100.0800,24,2
2026-04-27,000858,14:17:03,100.0900,34,1
2026-04-27,000858,14:17:06,100.0800,17,2
2026-04-27,000858,14:17:09,100.0800,15,2
2026-04-27,000858,14:17:12,100.0900,48,1
2026-04-27,000858,14:17:15,100.0900,4,1
2026-04-27,000858,14:17:18,100.0800,28,2
2026-04-27,000858,14:17:21,100.0900,4,1
2026-04-27,000858,14:17:24,100.0800,82,2
2026-04-27,000858,14:17:27,100.0900,14,1
2026-04-27,000858,14:17:30,100.0800,74,2
2026-04-27,000858,14:17:33,100.0900,8,1
2026-04-27,000858,14:17:36,100.0900,29,1
2026-04-27,000858,14:17:39,100.0900,51,1
2026-04-27,000858,14:17:42,100.0800,61,2
2026-04-27,000858,14:17:45,100.0800,16,2
2026-04-27,000858,14:17:48,100.0800,56,2
2026-04-27,000858,14:17:51,100.0900,44,1
2026-04-27,000858,14:17:54,100.0800,4,2
2026-04-27,000858,14:17:57,100.0800,35,2
2026-04-27,000858,14:18:00,100.0800,8,2
2026-04-27,000858,14:18:03,100.0900,92,1
2026-04-27,000858,14:18:06,100.0800,100,2
2026-04-27,000858,14:18:09,100.0800,9,2
2026-04-27,000858,14:18:12,100.0800,96,2
2026-04-27,000858,14:18:15,100.0800,11,2
2026-04-27,000858,14:18:18,100.0800,27,2
2026-04-27,000858,14:18:21,100.0800,11,2
2026-04-27,000858,14:18:24,100.0800,54,2
2026-04-27,000858,14:18:27,100.0900,32,1
2026-04-27,000858,14:18:30,100.0800,42,2
2026-04-27,000858,14:18:33,100.0900,21,1
2026-04-27,000858,14:18:36,100.0800,8,2
2026-04-27,000858,14:18:39,100.0900,5,1
2026-04-27,000858,14:18:42,100.0900,31,1
2026-04-27,000858,14:18:45,100.0900,17,1
2026-04-27,000858,14:18:48,100.0800,61,2
2026-04-27,000858,14:18:51,100.0800,2,2
2026-04-27,000858,14:18:54,100.0900,50,1
2026-04-27,000858,14:18:57,100.0900,110,1
2026-04-27,000858,14:19:00,100.0800,21,2
2026-04-27,000858,14:19:03,100.0900,16,1
2026-04-27,000858,14:19:06,100.0900,18,1
2026-04-27,000858,14:19:09,100.0900,82,1
2026-04-27,000858,14:19:12,100.0900,21,1
2026-04-27,000858,14:19:15,100.0900,8,1
2026-04-27,000858,14:19:18,100.0800,7,2
2026-04-27,000858,14:19:21,100.0900,107,1
2026-04-27,000858,14:19:24,100.0800,23,2
2026-04-27,000858,14:19:27,100.0900,29,1
2026-04-27,000858,14:19:30,100.0800,60,2
2026-04-27,000858,14:19:33,100.0900,7,1
2026-04-27,000858,14:19:36,100.0800,49,2
2026-04-27,000858,14:19:39,100.0900,24,1
2026-04-27,000858,14:19:42,100.0800,696,2
2026-04-27,000858,14:19:45,100.0700,19,2
2026-04-27,000858,14:19:48,100.0800,38,1
2026-04-27,000858,14:19:51,100.0800,65,1
2026-04-27,000858,14:19:54,100.0700,24,2
2026-04-27,000858,14:19:57,100.0800,26,1
2026-04-27,000858,14:20:00,100.0700,20,2
2026-04-27,000858,14:20:03,100.0700,8,2
2026-04-27,000858,14:20:06,100.0800,145,1
2026-04-27,000858,14:20:09,100.0800,101,1
2026-04-27,000858,14:20:12,100.0700,18,2
2026-04-27,000858,14:20:15,100.0800,12,1
2026-04-27,000858,14:20:18,100.0800,20,1
2026-04-27,000858,14:20:21,100.0800,91,1
2026-04-27,000858,14:20:24,100.0800,30,1
2026-04-27,000858,14:20:27,100.0800,23,1
2026-04-27,000858,14:20:30,100.0700,52,2
2026-04-27,000858,14:20:33,100.0800,71,1
2026-04-27,000858,14:20:36,100.0700,13,2
2026-04-27,000858,14:20:39,100.0700,47,2
2026-04-27,000858,14:20:42,100.0800,29,1
2026-04-27,000858,14:20:45,100.0700,15,2
2026-04-27,000858,14:20:48,100.0700,17,2
2026-04-27,000858,14:20:51,100.0800,22,1
2026-04-27,000858,14:20:54,100.0800,18,1
2026-04-27,000858,14:20:57,100.0800,2,1
2026-04-27,000858,14:21:00,100.0700,89,2
2026-04-27,000858,14:21:03,100.0700,18,2
2026-04-27,000858,14:21:06,100.0700,76,2
2026-04-27,000858,14:21:09,100.0800,12,1
2026-04-27,000858,14:21:12,100.0800,17,1
2026-04-27,000858,14:21:15,100.0700,19,2
2026-04-27,000858,14:21:18,100.0800,15,1
2026-04-27,000858,14:21:21,100.0800,13,1
2026-04-27,000858,14:21:24,100.0800,10,1
2026-04-27,000858,14:21:27,100.0800,32,1
2026-04-27,000858,14:21:30,100.0700,32,2
2026-04-27,000858,14:21:33,100.0700,8,2
2026-04-27,000858,14:21:36,100.0800,66,1
2026-04-27,000858,14:21:39,100.0800,26,1
2026-04-27,000858,14:21:42,100.0800,47,1
2026-04-27,000858,14:21:45,100.0800,18,1
2026-04-27,000858,14:21:48,100.0800,13,1
2026-04-27,000858,14:21:51,100.0800,18,1
2026-04-27,000858,14:21:54,100.0800,20,1
2026-04-27,000858,14:21:57,100.0700,12,2
2026-04-27,000858,14:22:00,100.0700,8,2
2026-04-27,000858,14:22:03,100.0800,22,1
2026-04-27,000858,14:22:06,100.0800,37,1
2026-04-27,000858,14:22:09,100.0800,34,1
2026-04-27,000858,14:22:12,100.0800,23,1
2026-04-27,000858,14:22:15,100.0800,28,1
2026-04-27,000858,14:22:18,100.0800,29,1
2026-04-27,000858,14:22:21,100.0800,38,1
2026-04-27,000858,14:22:24,100.0800,17,1
2026-04-27,000858,14:22:27,100.0700,1926,2
2026-04-27,000858,14:22:30,100.0800,225,1
2026-04-27,000858,14:22:33,100.0700,14,2
2026-04-27,000858,14:22:36,100.0800,16,1
2026-04-27,000858,14:22:39,100.0700,18,2
2026-04-27,000858,14:22:42,100.0800,44,1
2026-04-27,000858,14:22:45,100.0800,27,1
2026-04-27,000858,14:22:48,100.0800,7,1
2026-04-27,000858,14:22:51,100.0700,16,2
2026-04-27,000858,14:22:54,100.0800,28,1
2026-04-27,000858,14:22:57,100.0800,7,1
2026-04-27,000858,14:23:00,100.0700,37,2
2026-04-27,000858,14:23:03,100.0800,19,1
2026-04-27,000858,14:23:06,100.0700,63,2
2026-04-27,000858,14:23:09,100.0700,9,2
2026-04-27,000858,14:23:12,100.0800,57,1
2026-04-27,000858,14:23:15,100.0700,72,2
2026-04-27,000858,14:23:18,100.0700,37,2
2026-04-27,000858,14:23:21,100.0800,53,1
2026-04-27,000858,14:23:24,100.0700,53,2
2026-04-27,000858,14:23:27,100.0700,112,2
2026-04-27,000858,14:23:30,100.0700,28,2
2026-04-27,000858,14:23:33,100.0700,77,2
2026-04-27,000858,14:23:36,100.0700,6,2
2026-04-27,000858,14:23:39,100.0800,27,1
2026-04-27,000858,14:23:42,100.0700,7,2
2026-04-27,000858,14:23:45,100.0700,51,2
2026-04-27,000858,14:23:48,100.0700,8,2
2026-04-27,000858,14:23:51,100.0700,44,2
2026-04-27,000858,14:23:54,100.0700,14,1
2026-04-27,000858,14:23:57,100.0700,42,1
2026-04-27,000858,14:24:00,100.0600,12,2
2026-04-27,000858,14:24:03,100.0700,43,1
2026-04-27,000858,14:24:06,100.0700,24,1
2026-04-27,000858,14:24:09,100.0700,43,1
2026-04-27,000858,14:24:12,100.0700,74,1
2026-04-27,000858,14:24:15,100.0700,81,1
2026-04-27,000858,14:24:18,100.0700,64,1
2026-04-27,000858,14:24:21,100.0700,69,1
2026-04-27,000858,14:24:24,100.0600,16,2
2026-04-27,000858,14:24:27,100.0700,26,1
2026-04-27,000858,14:24:30,100.0600,20,2
2026-04-27,000858,14:24:33,100.0700,26,1
2026-04-27,000858,14:24:36,100.0600,113,2
2026-04-27,000858,14:24:39,100.0700,117,1
2026-04-27,000858,14:24:42,100.0600,147,2
2026-04-27,000858,14:24:45,100.0700,131,1
2026-04-27,000858,14:24:48,100.0700,10,1
2026-04-27,000858,14:24:51,100.0700,125,1
2026-04-27,000858,14:24:54,100.0700,12,1
2026-04-27,000858,14:24:57,100.0700,93,1
2026-04-27,000858,14:25:00,100.0600,72,2
2026-04-27,000858,14:25:03,100.0700,68,1
2026-04-27,000858,14:25:06,100.0700,11,1
2026-04-27,000858,14:25:09,100.0600,30,2
2026-04-27,000858,14:25:12,100.0600,43,2
2026-04-27,000858,14:25:15,100.0600,50,2
2026-04-27,000858,14:25:18,100.0700,4,1
2026-04-27,000858,14:25:21,100.0700,41,1
2026-04-27,000858,14:25:24,100.0700,7,1
2026-04-27,000858,14:25:27,100.0700,33,1
2026-04-27,000858,14:25:30,100.0600,8,2
2026-04-27,000858,14:25:33,100.0600,20,2
2026-04-27,000858,14:25:36,100.0700,5,1
2026-04-27,000858,14:25:39,100.0700,107,1
2026-04-27,000858,14:25:42,100.0700,19,1
2026-04-27,000858,14:25:45,100.0700,83,1
2026-04-27,000858,14:25:48,100.0700,17,1
2026-04-27,000858,14:25:51,100.0700,30,1
2026-04-27,000858,14:25:54,100.0700,16,1
2026-04-27,000858,14:25:57,100.0600,28,2
2026-04-27,000858,14:26:00,100.0600,39,2
2026-04-27,000858,14:26:03,100.0600,37,2
2026-04-27,000858,14:26:06,100.0700,9,1
2026-04-27,000858,14:26:09,100.0700,132,1
2026-04-27,000858,14:26:12,100.0600,61,2
2026-04-27,000858,14:26:15,100.0700,150,1
2026-04-27,000858,14:26:18,100.0600,6,2
2026-04-27,000858,14:26:21,100.0700,39,1
2026-04-27,000858,14:26:24,100.0700,7,1
2026-04-27,000858,14:26:27,100.0700,25,1
2026-04-27,000858,14:26:30,100.0600,60,2
2026-04-27,000858,14:26:33,100.0700,55,1
2026-04-27,000858,14:26:36,100.0700,13,1
2026-04-27,000858,14:26:39,100.0600,37,2
2026-04-27,000858,14:26:42,100.0600,22,2
2026-04-27,000858,14:26:45,100.0700,44,1
2026-04-27,000858,14:26:48,100.0700,23,1
2026-04-27,000858,14:26:51,100.0700,40,1
2026-04-27,000858,14:26:54,100.0700,37,1
2026-04-27,000858,14:26:57,100.0700,80,1
2026-04-27,000858,14:27:00,100.0600,34,2
2026-04-27,000858,14:27:03,100.0600,71,2
2026-04-27,000858,14:27:06,100.0700,66,1
2026-04-27,000858,14:27:09,100.0700,71,1
2026-04-27,000858,14:27:12,100.0600,48,2
2026-04-27,000858,14:27:15,100.0700,66,1
2026-04-27,000858,14:27:18,100.0700,33,1
2026-04-27,000858,14:27:21,100.0700,48,1
2026-04-27,000858,14:27:24,100.0600,6,2
2026-04-27,000858,14:27:27,100.0600,37,2
2026-04-27,000858,14:27:30,100.0600,33,2
2026-04-27,000858,14:27:33,100.0700,49,1
2026-04-27,000858,14:27:36,100.0600,27,2
2026-04-27,000858,14:27:39,100.0600,33,2
2026-04-27,000858,14:27:42,100.0600,112,2
2026-04-27,000858,14:27:45,100.0700,104,1
2026-04-27,000858,14:27:48,100.0700,20,1
2026-04-27,000858,14:27:51,100.0600,32,2
2026-04-27,000858,14:27:54,100.0700,22,1
2026-04-27,000858,14:27:57,100.0700,39,1
2026-04-27,000858,14:28:00,100.0600,20,2
2026-04-27,000858,14:28:03,100.0700,39,1
2026-04-27,000858,14:28:06,100.0700,14,1
2026-04-27,000858,14:28:09,100.0600,93,2
2026-04-27,000858,14:28:12,100.0700,25,1
2026-04-27,000858,14:28:15,100.0600,99,2
2026-04-27,000858,14:28:18,100.0700,28,1
2026-04-27,000858,14:28:21,100.0700,47,1
2026-04-27,000858,14:28:24,100.0700,25,1
2026-04-27,000858,14:28:27,100.0700,47,1
2026-04-27,000858,14:28:30,100.0600,21,2
2026-04-27,000858,14:28:33,100.0600,34,2
2026-04-27,000858,14:28:36,100.0700,14,1
2026-04-27,000858,14:28:39,100.0600,80,2
2026-04-27,000858,14:28:42,100.0700,15,1
2026-04-27,000858,14:28:45,100.0700,80,1
2026-04-27,000858,14:28:48,100.0700,9,1
2026-04-27,000858,14:28:51,100.0600,216,2
2026-04-27,000858,14:28:54,100.0700,19,1
2026-04-27,000858,14:28:57,100.0700,156,1
2026-04-27,000858,14:29:00,100.0600,10,2
2026-04-27,000858,14:29:03,100.0600,59,2
2026-04-27,000858,14:29:06,100.0600,15,2
2026-04-27,000858,14:29:09,100.0700,53,1
2026-04-27,000858,14:29:12,100.0600,34,2
2026-04-27,000858,14:29:15,100.0700,45,1
2026-04-27,000858,14:29:18,100.0700,74,1
2026-04-27,000858,14:29:21,100.0700,71,1
2026-04-27,000858,14:29:24,100.0600,18,2
2026-04-27,000858,14:29:27,100.0600,95,2
2026-04-27,000858,14:29:30,100.0600,26,2
2026-04-27,000858,14:29:33,100.0700,83,1
2026-04-27,000858,14:29:36,100.0600,50,2
2026-04-27,000858,14:29:39,100.0600,58,2
2026-04-27,000858,14:29:42,100.0700,5,1
2026-04-27,000858,14:29:45,100.0600,35,2
2026-04-27,000858,14:29:48,100.0700,24,1
2026-04-27,000858,14:29:51,100.0600,38,2
2026-04-27,000858,14:29:54,100.0700,3,1
2026-04-27,000858,14:29:57,100.0600,30,2
2026-04-27,000858,14:30:00,100.0600,15,2
2026-04-27,000858,14:30:03,100.0700,23,1
2026-04-27,000858,14:30:06,100.0600,31,2
2026-04-27,000858,14:30:09,100.0700,34,1
2026-04-27,000858,14:30:12,100.0600,25,2
2026-04-27,000858,14:30:15,100.0700,34,1
2026-04-27,000858,14:30:18,100.0700,29,1
2026-04-27,000858,14:30:21,100.0600,6,2
2026-04-27,000858,14:30:24,100.0700,95,1
2026-04-27,000858,14:30:27,100.0700,27,1
2026-04-27,000858,14:30:30,100.0600,60,2
2026-04-27,000858,14:30:33,100.0600,29,1
2026-04-27,000858,14:30:36,100.0600,77,1
2026-04-27,000858,14:30:39,100.0600,8,1
2026-04-27,000858,14:30:42,100.0500,68,2
2026-04-27,000858,14:30:45,100.0600,32,1
2026-04-27,000858,14:30:48,100.0600,53,2
2026-04-27,000858,14:30:51,100.0600,8,2
2026-04-27,000858,14:30:54,100.0600,84,2
2026-04-27,000858,14:30:57,100.0700,15,1
2026-04-27,000858,14:31:00,100.0700,96,1
2026-04-27,000858,14:31:03,100.0700,11,1
2026-04-27,000858,14:31:06,100.0700,57,1
2026-04-27,000858,14:31:09,100.0700,44,1
2026-04-27,000858,14:31:12,100.0600,97,2
2026-04-27,000858,14:31:15,100.0600,1,2
2026-04-27,000858,14:31:18,100.0600,36,2
2026-04-27,000858,14:31:21,100.0600,15,2
2026-04-27,000858,14:31:24,100.0600,19,2
2026-04-27,000858,14:31:27,100.0700,39,1
2026-04-27,000858,14:31:30,100.0600,73,2
2026-04-27,000858,14:31:33,100.0600,18,2
2026-04-27,000858,14:31:36,100.0700,52,1
2026-04-27,000858,14:31:39,100.0600,10,2
2026-04-27,000858,14:31:42,100.0600,31,2
2026-04-27,000858,14:31:45,100.0700,6,1
2026-04-27,000858,14:31:48,100.0700,28,1
2026-04-27,000858,14:31:51,100.0700,17,1
2026-04-27,000858,14:31:54,100.0700,47,1
2026-04-27,000858,14:31:57,100.0700,80,1
2026-04-27,000858,14:32:00,100.0600,106,2
2026-04-27,000858,14:32:03,100.0600,11,2
2026-04-27,000858,14:32:06,100.0600,145,2
2026-04-27,000858,14:32:09,100.0600,13,2
2026-04-27,000858,14:32:12,100.0600,99,2
2026-04-27,000858,14:32:15,100.0600,19,2
2026-04-27,000858,14:32:18,100.0700,10,1
2026-04-27,000858,14:32:21,100.0600,44,2
2026-04-27,000858,14:32:24,100.0700,21,1
2026-04-27,000858,14:32:27,100.0700,40,1
2026-04-27,000858,14:32:30,100.0600,52,2
2026-04-27,000858,14:32:33,100.0700,60,1
2026-04-27,000858,14:32:36,100.0600,28,2
2026-04-27,000858,14:32:39,100.0700,30,1
2026-04-27,000858,14:32:42,100.0700,4,1
2026-04-27,000858,14:32:45,100.0600,18,2
2026-04-27,000858,14:32:48,100.0700,7,1
2026-04-27,000858,14:32:51,100.0700,22,1
2026-04-27,000858,14:32:54,100.0600,17,2
2026-04-27,000858,14:32:57,100.0600,31,2
2026-04-27,000858,14:33:00,100.0600,8,2
2026-04-27,000858,14:33:03,100.0600,21,2
2026-04-27,000858,14:33:06,100.0600,208,2
2026-04-27,000858,14:33:09,100.0600,50,2
2026-04-27,000858,14:33:12,100.0700,78,1
2026-04-27,000858,14:33:15,100.0600,39,2
2026-04-27,000858,14:33:18,100.0600,77,2
2026-04-27,000858,14:33:21,100.0700,79,1
2026-04-27,000858,14:33:24,100.0600,144,2
2026-04-27,000858,14:33:27,100.0600,48,2
2026-04-27,000858,14:33:30,100.0700,106,1
2026-04-27,000858,14:33:33,100.0600,19,2
2026-04-27,000858,14:33:36,100.0500,35,2
2026-04-27,000858,14:33:39,100.0600,24,2
2026-04-27,000858,14:33:42,100.0600,39,2
2026-04-27,000858,14:33:45,100.0600,16,1
2026-04-27,000858,14:33:48,100.0600,147,2
2026-04-27,000858,14:33:51,100.0700,43,1
2026-04-27,000858,14:33:54,100.0600,116,2
2026-04-27,000858,14:33:57,100.0600,27,2
2026-04-27,000858,14:34:00,100.0500,33,2
2026-04-27,000858,14:34:03,100.0600,18,4
2026-04-27,000858,14:34:06,100.0600,27,2
2026-04-27,000858,14:34:09,100.0600,25,2
2026-04-27,000858,14:34:12,100.0600,43,1
2026-04-27,000858,14:34:15,100.0600,143,2
2026-04-27,000858,14:34:18,100.0700,167,1
2026-04-27,000858,14:34:21,100.0600,8,2
2026-04-27,000858,14:34:24,100.0700,66,1
2026-04-27,000858,14:34:27,100.0700,62,1
2026-04-27,000858,14:34:30,100.0700,66,1
2026-04-27,000858,14:34:33,100.0600,28,2
2026-04-27,000858,14:34:36,100.0600,35,2
2026-04-27,000858,14:34:39,100.0600,9,2
2026-04-27,000858,14:34:42,100.0700,56,1
2026-04-27,000858,14:34:45,100.0700,7,1
2026-04-27,000858,14:34:48,100.0700,50,1
2026-04-27,000858,14:34:51,100.0600,2,2
2026-04-27,000858,14:34:54,100.0600,20,2
2026-04-27,000858,14:34:57,100.0600,8,2
2026-04-27,000858,14:35:00,100.0700,32,1
2026-04-27,000858,14:35:03,100.0600,47,2
2026-04-27,000858,14:35:06,100.0600,71,2
2026-04-27,000858,14:35:09,100.0600,50,2
2026-04-27,000858,14:35:12,100.0600,85,2
2026-04-27,000858,14:35:15,100.0600,62,2
2026-04-27,000858,14:35:18,100.0700,113,1
2026-04-27,000858,14:35:21,100.0600,61,2
2026-04-27,000858,14:35:24,100.0700,88,1
2026-04-27,000858,14:35:27,100.0700,77,1
2026-04-27,000858,14:35:30,100.0600,117,2
2026-04-27,000858,14:35:33,100.0700,17,1
2026-04-27,000858,14:35:36,100.0700,98,1
2026-04-27,000858,14:35:39,100.0600,26,2
2026-04-27,000858,14:35:42,100.0700,75,1
2026-04-27,000858,14:35:45,100.0700,10,1
2026-04-27,000858,14:35:48,100.0600,30,2
2026-04-27,000858,14:35:51,100.0600,22,2
2026-04-27,000858,14:35:54,100.0700,47,1
2026-04-27,000858,14:35:57,100.0700,41,1
2026-04-27,000858,14:36:00,100.0600,69,2
2026-04-27,000858,14:36:03,100.0700,7,1
2026-04-27,000858,14:36:06,100.0600,64,2
2026-04-27,000858,14:36:09,100.0700,24,1
2026-04-27,000858,14:36:12,100.0600,152,2
2026-04-27,000858,14:36:15,100.0600,17,1
2026-04-27,000858,14:36:18,100.0600,159,1
2026-04-27,000858,14:36:21,100.0600,20,2
2026-04-27,000858,14:36:24,100.0600,209,2
2026-04-27,000858,14:36:27,100.0700,26,1
2026-04-27,000858,14:36:30,100.0600,131,2
2026-04-27,000858,14:36:33,100.0700,3,1
2026-04-27,000858,14:36:36,100.0700,73,1
2026-04-27,000858,14:36:39,100.0700,35,1
2026-04-27,000858,14:36:42,100.0700,75,1
2026-04-27,000858,14:36:45,100.0600,34,2
2026-04-27,000858,14:36:48,100.0700,61,1
2026-04-27,000858,14:36:51,100.0700,11,1
2026-04-27,000858,14:36:54,100.0700,53,1
2026-04-27,000858,14:36:57,100.0700,15,1
2026-04-27,000858,14:37:00,100.0600,180,2
2026-04-27,000858,14:37:03,100.0700,9,1
2026-04-27,000858,14:37:06,100.0700,120,1
2026-04-27,000858,14:37:09,100.0700,18,1
2026-04-27,000858,14:37:12,100.0700,30,1
2026-04-27,000858,14:37:15,100.0700,15,1
2026-04-27,000858,14:37:18,100.0600,24,2
2026-04-27,000858,14:37:21,100.0700,66,1
2026-04-27,000858,14:37:24,100.0700,57,1
2026-04-27,000858,14:37:27,100.0700,61,1
2026-04-27,000858,14:37:30,100.0700,110,1
2026-04-27,000858,14:37:33,100.0700,6,1
2026-04-27,000858,14:37:36,100.0600,59,2
2026-04-27,000858,14:37:39,100.0700,13,1
2026-04-27,000858,14:37:42,100.0700,31,1
2026-04-27,000858,14:37:45,100.0700,7,1
2026-04-27,000858,14:37:48,100.0700,69,1
2026-04-27,000858,14:37:51,100.0700,16,1
2026-04-27,000858,14:37:54,100.0700,7,1
2026-04-27,000858,14:37:57,100.0700,14,1
2026-04-27,000858,14:38:00,100.0600,10,2
2026-04-27,000858,14:38:03,100.0700,53,1
2026-04-27,000858,14:38:06,100.0600,17,2
2026-04-27,000858,14:38:09,100.0700,46,1
2026-04-27,000858,14:38:12,100.0700,52,1
2026-04-27,000858,14:38:15,100.0700,43,2
2026-04-27,000858,14:38:18,100.0800,110,1
2026-04-27,000858,14:38:21,100.0800,8,1
2026-04-27,000858,14:38:24,100.0800,2,1
2026-04-27,000858,14:38:27,100.0700,1,2
2026-04-27,000858,14:38:30,100.0700,10,2
2026-04-27,000858,14:38:33,100.0700,5,2
2026-04-27,000858,14:38:36,100.0800,55,1
2026-04-27,000858,14:38:39,100.0800,4,1
2026-04-27,000858,14:38:42,100.0800,13,1
2026-04-27,000858,14:38:45,100.0800,31,1
2026-04-27,000858,14:38:48,100.0700,23,2
2026-04-27,000858,14:38:51,100.0700,54,2
2026-04-27,000858,14:38:54,100.0800,5,1
2026-04-27,000858,14:38:57,100.0800,13,1
2026-04-27,000858,14:39:00,100.0700,28,2
2026-04-27,000858,14:39:03,100.0800,24,1
2026-04-27,000858,14:39:06,100.0800,8,1
2026-04-27,000858,14:39:09,100.0800,51,1
2026-04-27,000858,14:39:12,100.0800,23,1
2026-04-27,000858,14:39:15,100.0800,12,2
2026-04-27,000858,14:39:18,100.0800,10,1
2026-04-27,000858,14:39:21,100.0800,22,1
2026-04-27,000858,14:39:24,100.0800,21,1
2026-04-27,000858,14:39:27,100.0800,20,1
2026-04-27,000858,14:39:30,100.0700,11,2
2026-04-27,000858,14:39:33,100.0700,106,2
2026-04-27,000858,14:39:36,100.0800,32,1
2026-04-27,000858,14:39:39,100.0800,15,1
2026-04-27,000858,14:39:42,100.0800,4,1
2026-04-27,000858,14:39:45,100.0700,4,2
2026-04-27,000858,14:39:48,100.0800,5,1
2026-04-27,000858,14:39:51,100.0700,32,2
2026-04-27,000858,14:39:54,100.0800,5,1
2026-04-27,000858,14:39:57,100.0800,31,1
2026-04-27,000858,14:40:00,100.0800,22,1
2026-04-27,000858,14:40:03,100.0800,8,2
2026-04-27,000858,14:40:06,100.0900,70,1
2026-04-27,000858,14:40:09,100.0900,1,1
2026-04-27,000858,14:40:12,100.0900,19,1
2026-04-27,000858,14:40:15,100.0800,12,2
2026-04-27,000858,14:40:18,100.0900,16,1
2026-04-27,000858,14:40:21,100.0900,2,1
2026-04-27,000858,14:40:24,100.0800,3,2
2026-04-27,000858,14:40:27,100.0900,11,1
2026-04-27,000858,14:40:30,100.0800,7,2
2026-04-27,000858,14:40:33,100.0800,49,2
2026-04-27,000858,14:40:36,100.0800,9,2
2026-04-27,000858,14:40:39,100.0900,84,1
2026-04-27,000858,14:40:42,100.0900,20,1
2026-04-27,000858,14:40:45,100.0900,64,1
2026-04-27,000858,14:40:48,100.0900,19,1
2026-04-27,000858,14:40:51,100.0900,174,1
2026-04-27,000858,14:40:54,100.0900,26,1
2026-04-27,000858,14:40:57,100.0900,24,1
2026-04-27,000858,14:41:00,100.0800,8,2
2026-04-27,000858,14:41:03,100.0900,34,1
2026-04-27,000858,14:41:06,100.0800,6,2
2026-04-27,000858,14:41:09,100.0900,15,1
2026-04-27,000858,14:41:12,100.0900,34,1
2026-04-27,000858,14:41:15,100.0900,15,1
2026-04-27,000858,14:41:18,100.0900,51,1
2026-04-27,000858,14:41:21,100.0900,33,1
2026-04-27,000858,14:41:24,100.0900,16,1
2026-04-27,000858,14:41:27,100.0900,23,1
2026-04-27,000858,14:41:30,100.0800,14,2
2026-04-27,000858,14:41:33,100.0900,15,1
2026-04-27,000858,14:41:36,100.0900,72,1
2026-04-27,000858,14:41:39,100.0900,9,1
2026-04-27,000858,14:41:42,100.0900,21,1
2026-04-27,000858,14:41:45,100.0900,32,1
2026-04-27,000858,14:41:48,100.0800,36,2
2026-04-27,000858,14:41:51,100.0900,69,1
2026-04-27,000858,14:41:54,100.0900,12,1
2026-04-27,000858,14:41:57,100.0900,14,1
2026-04-27,000858,14:42:00,100.0800,20,2
2026-04-27,000858,14:42:03,100.0800,263,2
2026-04-27,000858,14:42:06,100.0900,19,1
2026-04-27,000858,14:42:09,100.0900,213,1
2026-04-27,000858,14:42:12,100.0900,14,1
2026-04-27,000858,14:42:15,100.0800,29,2
2026-04-27,000858,14:42:18,100.0900,99,1
2026-04-27,000858,14:42:21,100.0900,6,1
2026-04-27,000858,14:42:24,100.0900,72,1
2026-04-27,000858,14:42:27,100.0900,51,1
2026-04-27,000858,14:42:30,100.0800,16,2
2026-04-27,000858,14:42:33,100.0800,23,2
2026-04-27,000858,14:42:36,100.0900,67,1
2026-04-27,000858,14:42:39,100.0800,4,2
2026-04-27,000858,14:42:42,100.0900,9,1
2026-04-27,000858,14:42:45,100.0800,44,2
2026-04-27,000858,14:42:48,100.0900,70,1
2026-04-27,000858,14:42:51,100.0800,63,2
2026-04-27,000858,14:42:54,100.0800,18,2
2026-04-27,000858,14:42:57,100.0900,46,1
2026-04-27,000858,14:43:00,100.0800,45,2
2026-04-27,000858,14:43:03,100.0900,3,1
2026-04-27,000858,14:43:06,100.0800,51,2
2026-04-27,000858,14:43:09,100.0900,38,1
2026-04-27,000858,14:43:12,100.0900,14,1
2026-04-27,000858,14:43:15,100.0800,25,2
2026-04-27,000858,14:43:18,100.0800,18,2
2026-04-27,000858,14:43:21,100.0900,7,1
2026-04-27,000858,14:43:24,100.0900,56,1
2026-04-27,000858,14:43:27,100.0900,2,1
2026-04-27,000858,14:43:30,100.0800,33,2
2026-04-27,000858,14:43:33,100.0900,24,1
2026-04-27,000858,14:43:36,100.0900,8,1
2026-04-27,000858,14:43:39,100.0900,14,1
2026-04-27,000858,14:43:42,100.0800,57,2
2026-04-27,000858,14:43:45,100.0900,29,1
2026-04-27,000858,14:43:48,100.0900,9,1
2026-04-27,000858,14:43:51,100.0900,23,1
2026-04-27,000858,14:43:54,100.0900,4,1
2026-04-27,000858,14:43:57,100.0900,42,1
2026-04-27,000858,14:44:00,100.0800,63,2
2026-04-27,000858,14:44:03,100.0900,5,1
2026-04-27,000858,14:44:06,100.0800,9,2
2026-04-27,000858,14:44:09,100.0900,6,1
2026-04-27,000858,14:44:12,100.0900,4,1
2026-04-27,000858,14:44:15,100.0900,47,1
2026-04-27,000858,14:44:18,100.0900,5,1
2026-04-27,000858,14:44:21,100.0900,68,1
2026-04-27,000858,14:44:24,100.0900,15,1
2026-04-27,000858,14:44:27,100.0900,30,1
2026-04-27,000858,14:44:30,100.0800,47,2
2026-04-27,000858,14:44:33,100.0900,15,1
2026-04-27,000858,14:44:36,100.0900,23,1
2026-04-27,000858,14:44:39,100.0900,50,1
2026-04-27,000858,14:44:42,100.0900,25,2
2026-04-27,000858,14:44:45,100.1000,49,1
2026-04-27,000858,14:44:48,100.0900,17,2
2026-04-27,000858,14:44:51,100.1000,9,1
2026-04-27,000858,14:44:54,100.1000,24,1
2026-04-27,000858,14:44:57,100.1000,37,1
2026-04-27,000858,14:45:00,100.0900,43,2
2026-04-27,000858,14:45:03,100.1000,73,1
2026-04-27,000858,14:45:06,100.1000,12,1
2026-04-27,000858,14:45:09,100.1000,30,1
2026-04-27,000858,14:45:12,100.1000,24,1
2026-04-27,000858,14:45:15,100.1100,70,1
2026-04-27,000858,14:45:18,100.1000,13,2
2026-04-27,000858,14:45:21,100.1000,83,2
2026-04-27,000858,14:45:24,100.1000,49,2
2026-04-27,000858,14:45:27,100.1100,8,1
2026-04-27,000858,14:45:30,100.1000,52,2
2026-04-27,000858,14:45:33,100.1100,40,1
2026-04-27,000858,14:45:36,100.1100,9,2
2026-04-27,000858,14:45:39,100.1100,8,1
2026-04-27,000858,14:45:42,100.1100,29,1
2026-04-27,000858,14:45:45,100.1100,37,1
2026-04-27,000858,14:45:48,100.1200,29,1
2026-04-27,000858,14:45:51,100.1100,11,1
2026-04-27,000858,14:45:54,100.1100,12,1
2026-04-27,000858,14:45:57,100.1200,1,1
2026-04-27,000858,14:46:00,100.1100,27,2
2026-04-27,000858,14:46:03,100.1100,13,2
2026-04-27,000858,14:46:06,100.1200,11,1
2026-04-27,000858,14:46:09,100.1100,3,2
2026-04-27,000858,14:46:12,100.1200,26,1
2026-04-27,000858,14:46:15,100.1200,2,1
2026-04-27,000858,14:46:18,100.1200,34,1
2026-04-27,000858,14:46:21,100.1200,3,1
2026-04-27,000858,14:46:24,100.1100,45,2
2026-04-27,000858,14:46:27,100.1100,23,2
2026-04-27,000858,14:46:30,100.1100,7,2
2026-04-27,000858,14:46:33,100.1200,49,1
2026-04-27,000858,14:46:36,100.1200,9,1
2026-04-27,000858,14:46:39,100.1200,9,1
2026-04-27,000858,14:46:42,100.1200,17,1
2026-04-27,000858,14:46:45,100.1200,9,1
2026-04-27,000858,14:46:48,100.1200,23,1
2026-04-27,000858,14:46:51,100.1200,48,1
2026-04-27,000858,14:46:54,100.1200,10,1
2026-04-27,000858,14:46:57,100.1200,97,1
2026-04-27,000858,14:47:00,100.1300,41,1
2026-04-27,000858,14:47:03,100.1300,38,1
2026-04-27,000858,14:47:06,100.1300,2,2
2026-04-27,000858,14:47:09,100.1300,12,2
2026-04-27,000858,14:47:12,100.1300,15,2
2026-04-27,000858,14:47:15,100.1300,38,1
2026-04-27,000858,14:47:18,100.1200,5,2
2026-04-27,000858,14:47:21,100.1300,16,1
2026-04-27,000858,14:47:24,100.1200,63,2
2026-04-27,000858,14:47:27,100.1200,8,2
2026-04-27,000858,14:47:30,100.1300,12,1
2026-04-27,000858,14:47:33,100.1200,8,2
2026-04-27,000858,14:47:36,100.1200,3,2
2026-04-27,000858,14:47:39,100.1200,16,2
2026-04-27,000858,14:47:42,100.1200,21,2
2026-04-27,000858,14:47:45,100.1200,93,2
2026-04-27,000858,14:47:48,100.1200,16,2
2026-04-27,000858,14:47:51,100.1200,11,2
2026-04-27,000858,14:47:54,100.1200,6,2
2026-04-27,000858,14:47:57,100.1300,49,1
2026-04-27,000858,14:48:00,100.1300,11,1
2026-04-27,000858,14:48:03,100.1300,9,2
2026-04-27,000858,14:48:06,100.1300,4,1
2026-04-27,000858,14:48:09,100.1300,30,1
2026-04-27,000858,14:48:12,100.1300,9,1
2026-04-27,000858,14:48:15,100.1300,15,1
2026-04-27,000858,14:48:18,100.1200,55,2
2026-04-27,000858,14:48:21,100.1300,14,1
2026-04-27,000858,14:48:24,100.1200,17,2
2026-04-27,000858,14:48:27,100.1300,5,1
2026-04-27,000858,14:48:30,100.1300,15,1
2026-04-27,000858,14:48:33,100.1200,21,2
2026-04-27,000858,14:48:36,100.1300,50,1
2026-04-27,000858,14:48:39,100.1200,4,2
2026-04-27,000858,14:48:42,100.1300,18,1
2026-04-27,000858,14:48:45,100.1200,15,2
2026-04-27,000858,14:48:48,100.1300,47,1
2026-04-27,000858,14:48:51,100.1300,71,2
2026-04-27,000858,14:48:54,100.1200,21,2
2026-04-27,000858,14:48:57,100.1300,9,1
2026-04-27,000858,14:49:00,100.1300,35,1
2026-04-27,000858,14:49:03,100.1300,70,1
2026-04-27,000858,14:49:06,100.1300,17,1
2026-04-27,000858,14:49:09,100.1400,4,1
2026-04-27,000858,14:49:12,100.1300,9,2
2026-04-27,000858,14:49:15,100.1300,3,2
2026-04-27,000858,14:49:18,100.1300,82,2
2026-04-27,000858,14:49:21,100.1400,37,1
2026-04-27,000858,14:49:24,100.1400,60,2
2026-04-27,000858,14:49:27,100.1500,50,1
2026-04-27,000858,14:49:30,100.1300,44,2
2026-04-27,000858,14:49:33,100.1400,59,1
2026-04-27,000858,14:49:36,100.1400,42,1
2026-04-27,000858,14:49:39,100.1400,37,1
2026-04-27,000858,14:49:42,100.1400,15,1
2026-04-27,000858,14:49:45,100.1400,89,1
2026-04-27,000858,14:49:48,100.1300,47,2
2026-04-27,000858,14:49:51,100.1300,30,2
2026-04-27,000858,14:49:54,100.1300,13,2
2026-04-27,000858,14:49:57,100.1400,54,1
2026-04-27,000858,14:50:00,100.1300,31,2
2026-04-27,000858,14:50:03,100.1200,161,2
2026-04-27,000858,14:50:06,100.1300,17,2
2026-04-27,000858,14:50:09,100.1200,43,2
2026-04-27,000858,14:50:12,100.1200,59,2
2026-04-27,000858,14:50:15,100.1200,61,2
2026-04-27,000858,14:50:18,100.1200,12,2
2026-04-27,000858,14:50:21,100.1300,14,1
2026-04-27,000858,14:50:24,100.1300,16,1
2026-04-27,000858,14:50:27,100.1400,10,1
2026-04-27,000858,14:50:30,100.1200,24,2
2026-04-27,000858,14:50:33,100.1400,30,1
2026-04-27,000858,14:50:36,100.1400,18,1
2026-04-27,000858,14:50:39,100.1300,13,4
2026-04-27,000858,14:50:42,100.1300,34,2
2026-04-27,000858,14:50:45,100.1200,32,2
2026-04-27,000858,14:50:48,100.1400,2,1
2026-04-27,000858,14:50:51,100.1300,13,2
2026-04-27,000858,14:50:54,100.1400,29,1
2026-04-27,000858,14:50:57,100.1400,34,1
2026-04-27,000858,14:51:00,100.1200,7,2
2026-04-27,000858,14:51:03,100.1400,6,1
2026-04-27,000858,14:51:06,100.1400,18,1
2026-04-27,000858,14:51:09,100.1400,78,1
2026-04-27,000858,14:51:12,100.1400,15,2
2026-04-27,000858,14:51:15,100.1400,34,2
2026-04-27,000858,14:51:18,100.1400,10,2
2026-04-27,000858,14:51:21,100.1500,6,1
2026-04-27,000858,14:51:24,100.1500,20,1
2026-04-27,000858,14:51:27,100.1500,26,1
2026-04-27,000858,14:51:30,100.1400,35,2
2026-04-27,000858,14:51:33,100.1400,25,2
2026-04-27,000858,14:51:36,100.1400,5,1
2026-04-27,000858,14:51:39,100.1400,16,1
2026-04-27,000858,14:51:42,100.1400,39,1
2026-04-27,000858,14:51:45,100.1400,5,2
2026-04-27,000858,14:51:48,100.1500,12,1
2026-04-27,000858,14:51:51,100.1400,39,2
2026-04-27,000858,14:51:54,100.1500,48,1
2026-04-27,000858,14:51:57,100.1400,7,2
2026-04-27,000858,14:52:00,100.1500,11,1
2026-04-27,000858,14:52:03,100.1500,43,1
2026-04-27,000858,14:52:06,100.1500,65,1
2026-04-27,000858,14:52:09,100.1500,48,1
2026-04-27,000858,14:52:12,100.1400,16,2
2026-04-27,000858,14:52:15,100.1500,34,1
2026-04-27,000858,14:52:18,100.1500,12,2
2026-04-27,000858,14:52:21,100.1500,9,2
2026-04-27,000858,14:52:24,100.1500,49,2
2026-04-27,000858,14:52:27,100.1500,5,2
2026-04-27,000858,14:52:30,100.1600,24,1
2026-04-27,000858,14:52:33,100.1700,114,1
2026-04-27,000858,14:52:36,100.1700,25,1
2026-04-27,000858,14:52:39,100.1700,4,2
2026-04-27,000858,14:52:42,100.1800,54,1
2026-04-27,000858,14:52:45,100.1800,8,1
2026-04-27,000858,14:52:48,100.1800,18,1
2026-04-27,000858,14:52:51,100.1900,60,1
2026-04-27,000858,14:52:54,100.1800,15,1
2026-04-27,000858,14:52:57,100.1800,31,1
2026-04-27,000858,14:53:00,100.1800,14,2
2026-04-27,000858,14:53:03,100.1800,33,2
2026-04-27,000858,14:53:06,100.1900,36,1
2026-04-27,000858,14:53:09,100.1900,20,2
2026-04-27,000858,14:53:12,100.1900,34,1
2026-04-27,000858,14:53:15,100.1800,9,2
2026-04-27,000858,14:53:18,100.1900,102,1
2026-04-27,000858,14:53:21,100.1800,24,2
2026-04-27,000858,14:53:24,100.1800,96,1
2026-04-27,000858,14:53:27,100.1700,30,2
2026-04-27,000858,14:53:30,100.1800,37,2
2026-04-27,000858,14:53:33,100.1900,35,1
2026-04-27,000858,14:53:36,100.1800,37,2
2026-04-27,000858,14:53:39,100.1900,44,1
2026-04-27,000858,14:53:42,100.1900,87,1
2026-04-27,000858,14:53:45,100.1900,13,2
2026-04-27,000858,14:53:48,100.1900,42,2
2026-04-27,000858,14:53:51,100.2000,19,1
2026-04-27,000858,14:53:54,100.1900,21,2
2026-04-27,000858,14:53:57,100.1900,18,1
2026-04-27,000858,14:54:00,100.1800,29,2
2026-04-27,000858,14:54:03,100.1900,14,1
2026-04-27,000858,14:54:06,100.1900,25,2
2026-04-27,000858,14:54:09,100.1900,12,1
2026-04-27,000858,14:54:12,100.1900,7,2
2026-04-27,000858,14:54:15,100.1900,25,2
2026-04-27,000858,14:54:18,100.2000,10,1
2026-04-27,000858,14:54:21,100.1900,31,2
2026-04-27,000858,14:54:24,100.1900,61,2
2026-04-27,000858,14:54:27,100.2000,38,1
2026-04-27,000858,14:54:30,100.2000,51,2
2026-04-27,000858,14:54:33,100.2100,13,1
2026-04-27,000858,14:54:36,100.2100,11,1
2026-04-27,000858,14:54:39,100.2000,54,2
2026-04-27,000858,14:54:42,100.2100,8,1
2026-04-27,000858,14:54:45,100.2000,80,2
2026-04-27,000858,14:54:48,100.2000,10,1
2026-04-27,000858,14:54:51,100.2100,57,1
2026-04-27,000858,14:54:54,100.2000,32,2
2026-04-27,000858,14:54:57,100.1800,333,2
2026-04-27,000858,14:55:00,100.1800,22,1
2026-04-27,000858,14:55:03,100.1700,168,2
2026-04-27,000858,14:55:06,100.1700,20,2
2026-04-27,000858,14:55:09,100.1800,88,1
2026-04-27,000858,14:55:12,100.1700,31,2
2026-04-27,000858,14:55:15,100.1900,90,1
2026-04-27,000858,14:55:18,100.1900,49,1
2026-04-27,000858,14:55:21,100.1800,24,2
2026-04-27,000858,14:55:24,100.1900,17,4
2026-04-27,000858,14:55:27,100.1900,33,2
2026-04-27,000858,14:55:30,100.2000,34,1
2026-04-27,000858,14:55:33,100.1900,25,2
2026-04-27,000858,14:55:36,100.1900,36,2
2026-04-27,000858,14:55:39,100.1900,10,2
2026-04-27,000858,14:55:42,100.1900,22,2
2026-04-27,000858,14:55:45,100.2000,48,1
2026-04-27,000858,14:55:48,100.2100,78,1
2026-04-27,000858,14:55:51,100.1900,211,2
2026-04-27,000858,14:55:54,100.2100,103,1
2026-04-27,000858,14:55:57,100.2200,43,1
2026-04-27,000858,14:56:00,100.2200,35,1
2026-04-27,000858,14:56:03,100.2100,29,1
2026-04-27,000858,14:56:06,100.2200,31,1
2026-04-27,000858,14:56:09,100.2100,22,2
2026-04-27,000858,14:56:12,100.1900,39,2
2026-04-27,000858,14:56:15,100.2200,18,1
2026-04-27,000858,14:56:18,100.2000,28,2
2026-04-27,000858,14:56:21,100.2100,82,1
2026-04-27,000858,14:56:24,100.2000,75,2
2026-04-27,000858,14:56:27,100.2000,15,1
2026-04-27,000858,14:56:30,100.2000,116,2
2026-04-27,000858,14:56:33,100.2000,73,2
2026-04-27,000858,14:56:36,100.1900,16,2
2026-04-27,000858,14:56:39,100.1900,45,2
2026-04-27,000858,14:56:42,100.2000,24,1
2026-04-27,000858,14:56:45,100.1900,4,2
2026-04-27,000858,14:56:48,100.1900,34,2
2026-04-27,000858,14:56:51,100.2000,24,1
2026-04-27,000858,14:56:54,100.2000,134,1
2026-04-27,000858,14:56:57,100.1900,60,2
2026-04-27,000858,14:57:00,100.2000,34,1
2026-04-27,000858,15:00:00,100.2000,1771,4
2026-04-27,000858,13:16:06,100.1200,30,2
2026-04-27,000858,13:16:09,100.1200,5,2
2026-04-27,000858,13:16:12,100.1300,8,1
2026-04-27,000858,13:16:15,100.1300,11,1
2026-04-27,000858,13:16:18,100.1300,6,2
2026-04-27,000858,13:16:21,100.1400,57,1
2026-04-27,000858,13:16:24,100.1400,15,1
2026-04-27,000858,13:16:27,100.1300,15,2
2026-04-27,000858,13:16:30,100.1200,29,2
2026-04-27,000858,13:16:33,100.1200,6,2
2026-04-27,000858,13:16:36,100.1200,15,2
2026-04-27,000858,13:16:39,100.1300,28,1
2026-04-27,000858,13:16:42,100.1200,5,2
2026-04-27,000858,13:16:45,100.1200,49,2
2026-04-27,000858,13:16:48,100.1200,2,2
2026-04-27,000858,13:16:51,100.1200,32,2
2026-04-27,000858,13:16:54,100.1200,19,2
2026-04-27,000858,13:16:57,100.1300,9,1
2026-04-27,000858,13:17:00,100.1300,30,1
2026-04-27,000858,13:17:03,100.1200,27,2
2026-04-27,000858,13:17:06,100.1200,60,1
2026-04-27,000858,13:17:09,100.1200,26,1
2026-04-27,000858,13:17:12,100.1200,19,2
2026-04-27,000858,13:17:15,100.1200,1,2
2026-04-27,000858,13:17:18,100.1200,34,2
2026-04-27,000858,13:17:21,100.1200,4,2
2026-04-27,000858,13:17:24,100.1300,18,1
2026-04-27,000858,13:17:27,100.1100,22,2
2026-04-27,000858,13:17:30,100.1100,10,2
2026-04-27,000858,13:17:33,100.1200,38,1
2026-04-27,000858,13:17:36,100.1200,35,1
2026-04-27,000858,13:17:39,100.1200,53,1
2026-04-27,000858,13:17:42,100.1100,14,2
2026-04-27,000858,13:17:45,100.1100,51,2
2026-04-27,000858,13:17:48,100.1200,37,1
2026-04-27,000858,13:17:54,100.1200,4,2
2026-04-27,000858,13:17:57,100.1300,40,1
2026-04-27,000858,13:18:00,100.1200,26,2
2026-04-27,000858,13:18:03,100.1200,16,2
2026-04-27,000858,13:18:06,100.1200,45,2
2026-04-27,000858,13:18:09,100.1200,50,2
2026-04-27,000858,13:18:12,100.1200,8,1
2026-04-27,000858,13:18:15,100.1200,81,1
2026-04-27,000858,13:18:18,100.1200,23,1
2026-04-27,000858,13:18:21,100.1200,64,2
2026-04-27,000858,13:18:24,100.1100,12,2
2026-04-27,000858,13:18:27,100.1100,30,1
2026-04-27,000858,13:18:30,100.1000,52,2
2026-04-27,000858,13:18:33,100.1100,17,1
2026-04-27,000858,13:18:36,100.1000,6,2
2026-04-27,000858,13:18:39,100.1100,72,1
2026-04-27,000858,13:18:42,100.1100,2,2
2026-04-27,000858,13:18:45,100.1100,40,2
2026-04-27,000858,13:18:48,100.1100,35,2
2026-04-27,000858,13:18:51,100.1100,29,1
2026-04-27,000858,13:18:54,100.1000,20,2
2026-04-27,000858,13:18:57,100.1100,4,1
2026-04-27,000858,13:19:00,100.1100,35,1
2026-04-27,000858,13:19:03,100.1100,18,2
2026-04-27,000858,13:19:06,100.1100,29,2
2026-04-27,000858,13:19:12,100.1100,39,1
2026-04-27,000858,13:19:15,100.1100,2,2
2026-04-27,000858,13:19:18,100.1100,10,2
2026-04-27,000858,13:19:21,100.1100,33,2
2026-04-27,000858,13:19:24,100.1100,11,1
2026-04-27,000858,13:19:27,100.1100,59,1
2026-04-27,000858,13:19:30,100.1000,87,2
2026-04-27,000858,13:19:33,100.1100,10,1
2026-04-27,000858,13:19:36,100.1100,27,1
2026-04-27,000858,13:19:39,100.1000,29,2
2026-04-27,000858,13:19:42,100.1000,74,2
2026-04-27,000858,13:19:45,100.1000,64,2
2026-04-27,000858,13:19:48,100.1100,9,1
2026-04-27,000858,13:19:51,100.1000,33,2
2026-04-27,000858,13:19:54,100.1200,24,1
2026-04-27,000858,13:19:57,100.1000,59,2
2026-04-27,000858,13:20:00,100.1100,9,1
2026-04-27,000858,13:20:03,100.1100,22,4
2026-04-27,000858,13:20:06,100.1200,48,1
2026-04-27,000858,13:20:09,100.1100,9,4
2026-04-27,000858,13:20:12,100.1200,10,1
2026-04-27,000858,13:20:15,100.1200,62,1
2026-04-27,000858,13:20:18,100.1100,18,2
2026-04-27,000858,13:20:21,100.1200,12,1
2026-04-27,000858,13:20:24,100.1100,9,2
2026-04-27,000858,13:20:27,100.1000,31,2
2026-04-27,000858,13:20:30,100.1000,9,2
2026-04-27,000858,13:20:33,100.1100,29,1
2026-04-27,000858,13:20:36,100.1100,15,1
2026-04-27,000858,13:20:39,100.1100,13,2
2026-04-27,000858,13:20:42,100.1100,28,1
2026-04-27,000858,13:20:45,100.1000,71,2
2026-04-27,000858,13:20:48,100.1100,23,4
2026-04-27,000858,13:20:51,100.1100,56,1
2026-04-27,000858,13:20:54,100.1100,40,1
2026-04-27,000858,13:20:57,100.1100,19,1
2026-04-27,000858,13:21:00,100.1100,52,2
2026-04-27,000858,13:21:03,100.1100,26,2
2026-04-27,000858,13:21:06,100.1100,14,1
2026-04-27,000858,13:21:09,100.1100,21,1
2026-04-27,000858,13:21:12,100.1100,10,1
2026-04-27,000858,13:21:15,100.1100,14,1
2026-04-27,000858,13:21:18,100.1100,75,1
2026-04-27,000858,13:21:21,100.1100,44,1
2026-04-27,000858,13:21:24,100.1100,5,2
2026-04-27,000858,13:21:27,100.1100,44,2
2026-04-27,000858,13:21:30,100.1000,12,2
2026-04-27,000858,13:21:33,100.1100,9,1
2026-04-27,000858,13:21:36,100.1000,43,2
2026-04-27,000858,13:21:39,100.1100,4,1
2026-04-27,000858,13:21:42,100.1100,2,1
2026-04-27,000858,13:21:45,100.1000,71,2
2026-04-27,000858,13:21:48,100.1100,42,1
2026-04-27,000858,13:21:51,100.1100,20,2
2026-04-27,000858,13:21:54,100.1100,3,2
2026-04-27,000858,13:21:57,100.1100,11,2
2026-04-27,000858,13:22:00,100.1100,16,2
2026-04-27,000858,13:22:03,100.1100,30,2
2026-04-27,000858,13:22:06,100.1200,41,1
2026-04-27,000858,13:22:09,100.1100,9,4
2026-04-27,000858,13:22:12,100.1000,40,2
2026-04-27,000858,13:22:15,100.1200,59,1
2026-04-27,000858,13:22:18,100.1200,14,1
2026-04-27,000858,13:22:21,100.1100,13,2
2026-04-27,000858,13:22:24,100.1100,42,2
2026-04-27,000858,13:22:27,100.1200,43,1
2026-04-27,000858,13:22:30,100.1100,20,2
2026-04-27,000858,13:22:33,100.1200,13,1
2026-04-27,000858,13:22:36,100.1200,48,1
2026-04-27,000858,13:22:39,100.1200,1,2
2026-04-27,000858,13:22:42,100.1200,17,2
2026-04-27,000858,13:22:45,100.1200,8,2
2026-04-27,000858,13:22:48,100.1200,21,2
2026-04-27,000858,13:22:51,100.1200,2,1
2026-04-27,000858,13:22:54,100.1100,13,2
2026-04-27,000858,13:22:57,100.1200,6,1
2026-04-27,000858,13:23:00,100.1100,77,2
2026-04-27,000858,13:23:03,100.1200,91,1
2026-04-27,000858,13:23:06,100.1100,14,4
2026-04-27,000858,13:23:09,100.1100,29,1
2026-04-27,000858,13:23:12,100.1100,37,1
2026-04-27,000858,13:23:15,100.1100,7,4
2026-04-27,000858,13:23:18,100.1000,17,2
2026-04-27,000858,13:23:21,100.1100,13,1
2026-04-27,000858,13:23:24,100.1100,32,2
2026-04-27,000858,13:23:27,100.1100,41,2
2026-04-27,000858,13:23:30,100.1100,23,2
2026-04-27,000858,13:23:33,100.1200,5,1
2026-04-27,000858,13:23:36,100.1100,4,2
2026-04-27,000858,13:23:39,100.1100,21,2
2026-04-27,000858,13:23:42,100.1100,15,2
2026-04-27,000858,13:23:45,100.1100,11,2
2026-04-27,000858,13:23:48,100.1200,42,1
2026-04-27,000858,13:23:51,100.1200,47,1
2026-04-27,000858,13:23:54,100.1200,22,1
2026-04-27,000858,13:23:57,100.1200,5,1
2026-04-27,000858,13:24:00,100.1100,17,2
2026-04-27,000858,13:24:03,100.1200,5,1
2026-04-27,000858,13:24:06,100.1100,53,2
2026-04-27,000858,13:24:09,100.1200,7,1
2026-04-27,000858,13:24:12,100.1200,22,1
2026-04-27,000858,13:24:15,100.1200,1,1
2026-04-27,000858,13:24:18,100.1200,2,2
2026-04-27,000858,13:24:21,100.1300,13,1
2026-04-27,000858,13:24:24,100.1100,19,2
2026-04-27,000858,13:24:27,100.1100,7,2
2026-04-27,000858,13:24:30,100.1100,6,2
2026-04-27,000858,13:24:33,100.1200,55,1
2026-04-27,000858,13:24:36,100.1100,21,2
2026-04-27,000858,13:24:39,100.1100,3,2
2026-04-27,000858,13:24:42,100.1200,7,1
2026-04-27,000858,13:24:45,100.1200,6,1
2026-04-27,000858,13:24:48,100.1100,49,2
2026-04-27,000858,13:24:51,100.1100,11,2
2026-04-27,000858,13:24:54,100.1100,17,2
2026-04-27,000858,13:24:57,100.1200,7,4
2026-04-27,000858,13:25:00,100.1100,11,2
2026-04-27,000858,13:25:03,100.1200,15,1
2026-04-27,000858,13:25:06,100.1200,40,2
2026-04-27,000858,13:25:09,100.1200,17,2
2026-04-27,000858,13:25:15,100.1200,7,1
2026-04-27,000858,13:25:18,100.1100,3,2
2026-04-27,000858,13:25:21,100.1100,22,2
2026-04-27,000858,13:25:24,100.1100,58,2
2026-04-27,000858,13:25:27,100.1100,26,2
2026-04-27,000858,13:25:30,100.1000,50,2
2026-04-27,000858,13:25:33,100.1100,48,1
2026-04-27,000858,13:25:36,100.1100,28,2
2026-04-27,000858,13:25:39,100.1100,18,1
2026-04-27,000858,13:25:42,100.1000,36,2
2026-04-27,000858,13:25:45,100.1100,26,1
2026-04-27,000858,13:25:48,100.1100,63,1
2026-04-27,000858,13:25:51,100.1100,10,1
2026-04-27,000858,13:25:54,100.1100,10,2
2026-04-27,000858,13:25:57,100.1100,24,2
2026-04-27,000858,13:26:00,100.1100,17,2
2026-04-27,000858,13:26:03,100.1100,43,2
2026-04-27,000858,13:26:06,100.1100,12,2
2026-04-27,000858,13:26:09,100.1100,46,1
2026-04-27,000858,13:26:12,100.1100,15,1
2026-04-27,000858,13:26:15,100.1100,11,1
2026-04-27,000858,13:26:18,100.1100,25,1
2026-04-27,000858,13:26:21,100.1100,22,2
2026-04-27,000858,13:26:24,100.1100,4,2
2026-04-27,000858,13:26:27,100.1100,40,2
2026-04-27,000858,13:26:30,100.1000,15,2
2026-04-27,000858,13:26:33,100.1100,3,1
2026-04-27,000858,13:26:36,100.1100,13,1
2026-04-27,000858,13:26:39,100.1100,32,1
2026-04-27,000858,13:26:42,100.1100,10,1
2026-04-27,000858,13:26:45,100.1100,5,1
2026-04-27,000858,13:26:48,100.1100,73,1
2026-04-27,000858,13:26:54,100.1200,63,1
2026-04-27,000858,13:26:57,100.1100,3,2
2026-04-27,000858,13:27:00,100.1100,7,2
2026-04-27,000858,13:27:03,100.1200,7,1
2026-04-27,000858,13:27:06,100.1100,40,2
2026-04-27,000858,13:27:09,100.1200,6,1
2026-04-27,000858,13:27:12,100.1200,3,1
2026-04-27,000858,13:27:15,100.1200,6,1
2026-04-27,000858,13:27:18,100.1100,4,2
2026-04-27,000858,13:27:21,100.1200,17,1
2026-04-27,000858,13:27:24,100.1100,4,2
2026-04-27,000858,13:27:27,100.1200,45,1
2026-04-27,000858,13:27:30,100.1100,18,2
2026-04-27,000858,13:27:33,100.1100,70,2
2026-04-27,000858,13:27:36,100.1100,39,2
2026-04-27,000858,13:27:39,100.1100,110,1
2026-04-27,000858,13:27:42,100.1100,16,2
2026-04-27,000858,13:27:45,100.1100,9,2
2026-04-27,000858,13:27:48,100.1100,65,1
2026-04-27,000858,13:27:51,100.1100,33,1
2026-04-27,000858,13:27:54,100.1100,2,4
2026-04-27,000858,13:27:57,100.1200,6,1
2026-04-27,000858,13:28:00,100.1100,16,2
2026-04-27,000858,13:28:03,100.1200,10,1
2026-04-27,000858,13:28:06,100.1100,44,2
2026-04-27,000858,13:28:09,100.1100,8,2
2026-04-27,000858,13:28:12,100.1200,30,1
2026-04-27,000858,13:28:15,100.1200,24,2
2026-04-27,000858,13:28:18,100.1200,12,2
2026-04-27,000858,13:28:21,100.1300,2,1
2026-04-27,000858,13:28:24,100.1300,6,1
2026-04-27,000858,13:28:27,100.1200,27,2
2026-04-27,000858,13:28:30,100.1100,23,2
2026-04-27,000858,13:28:33,100.1100,34,2
2026-04-27,000858,13:28:36,100.1200,13,1
2026-04-27,000858,13:28:39,100.1200,6,1
2026-04-27,000858,13:28:42,100.1100,10,2
2026-04-27,000858,13:28:45,100.1200,90,1
2026-04-27,000858,13:28:48,100.1100,32,2
2026-04-27,000858,13:28:51,100.1100,13,2
2026-04-27,000858,13:28:54,100.1100,3,2
2026-04-27,000858,13:28:57,100.1200,1,1
2026-04-27,000858,13:29:00,100.1100,14,2
2026-04-27,000858,13:29:03,100.1200,7,1
2026-04-27,000858,13:29:06,100.1100,50,2
2026-04-27,000858,13:29:09,100.1200,55,1
2026-04-27,000858,13:29:12,100.1100,55,2
2026-04-27,000858,13:29:15,100.1200,22,1
2026-04-27,000858,13:29:18,100.1200,12,1
2026-04-27,000858,13:29:21,100.1200,21,1
2026-04-27,000858,13:29:24,100.1100,20,2
2026-04-27,000858,13:29:27,100.1100,49,2
2026-04-27,000858,13:29:30,100.1100,16,2
2026-04-27,000858,13:29:33,100.1100,17,2
2026-04-27,000858,13:29:36,100.1100,6,2
2026-04-27,000858,13:29:39,100.1200,4,1
2026-04-27,000858,13:29:42,100.1200,3,1
2026-04-27,000858,13:29:45,100.1200,5,1
2026-04-27,000858,13:29:48,100.1200,61,1
2026-04-27,000858,13:29:51,100.1200,25,1
2026-04-27,000858,13:29:54,100.1200,9,1
2026-04-27,000858,13:29:57,100.1200,12,1
2026-04-27,000858,13:30:00,100.1100,23,2
2026-04-27,000858,13:30:03,100.1200,17,1
2026-04-27,000858,13:30:06,100.1200,55,1
2026-04-27,000858,13:30:09,100.1200,9,1
2026-04-27,000858,13:30:12,100.1100,22,2
2026-04-27,000858,13:30:15,100.1200,11,1
2026-04-27,000858,13:30:18,100.1100,33,2
2026-04-27,000858,13:30:21,100.1100,19,2
2026-04-27,000858,13:30:24,100.1100,64,2
2026-04-27,000858,13:30:27,100.1100,43,2
2026-04-27,000858,13:30:30,100.1200,11,1
2026-04-27,000858,13:30:33,100.1100,5,2
2026-04-27,000858,13:30:36,100.1100,8,2
2026-04-27,000858,13:30:39,100.1100,11,2
2026-04-27,000858,13:30:42,100.1200,10,1
2026-04-27,000858,13:30:45,100.1200,12,1
2026-04-27,000858,13:30:48,100.1100,44,2
2026-04-27,000858,13:30:51,100.1100,41,2
2026-04-27,000858,13:30:54,100.1100,11,2
2026-04-27,000858,13:31:00,100.1100,7,2
2026-04-27,000858,13:31:03,100.1100,97,2
2026-04-27,000858,13:31:06,100.1100,10,1
2026-04-27,000858,13:31:09,100.1100,12,1
2026-04-27,000858,13:31:12,100.1000,19,2
2026-04-27,000858,13:31:15,100.1100,5,1
2026-04-27,000858,13:31:18,100.1000,6,2
2026-04-27,000858,13:31:21,100.1100,28,1
2026-04-27,000858,13:31:24,100.1100,15,1
2026-04-27,000858,13:31:27,100.1100,161,1
2026-04-27,000858,13:31:30,100.1100,5,2
2026-04-27,000858,13:31:33,100.1100,6,2
2026-04-27,000858,13:31:36,100.1100,2,2
2026-04-27,000858,13:31:39,100.1100,17,2
2026-04-27,000858,13:31:42,100.1100,6,2
2026-04-27,000858,13:31:45,100.1200,17,1
2026-04-27,000858,13:31:48,100.1100,234,2
2026-04-27,000858,13:31:51,100.1200,11,1
2026-04-27,000858,13:31:54,100.1100,10,2
2026-04-27,000858,13:31:57,100.1200,11,1
2026-04-27,000858,13:32:00,100.1100,22,2
2026-04-27,000858,13:32:03,100.1100,68,2
2026-04-27,000858,13:32:06,100.1100,500,2
2026-04-27,000858,13:32:09,100.1100,11,2
2026-04-27,000858,13:32:12,100.1100,4,2
2026-04-27,000858,13:32:15,100.1100,8,2
2026-04-27,000858,13:32:18,100.1100,14,2
2026-04-27,000858,13:32:21,100.1200,16,1
2026-04-27,000858,13:32:24,100.1200,20,1
2026-04-27,000858,13:32:27,100.1200,211,1
2026-04-27,000858,13:32:30,100.1200,9,2
2026-04-27,000858,13:32:33,100.1200,3,2
2026-04-27,000858,13:32:36,100.1200,5,2
2026-04-27,000858,13:32:39,100.1300,5,1
2026-04-27,000858,13:32:42,100.1300,223,1
2026-04-27,000858,13:32:45,100.1300,22,1
2026-04-27,000858,13:32:48,100.1300,45,1
2026-04-27,000858,13:32:51,100.1300,13,1
2026-04-27,000858,13:32:54,100.1200,4,2
2026-04-27,000858,13:32:57,100.1300,2,1
2026-04-27,000858,13:33:00,100.1200,10,2
2026-04-27,000858,13:33:03,100.1200,6,2
2026-04-27,000858,13:33:06,100.1300,95,1
2026-04-27,000858,13:33:09,100.1300,9,1
2026-04-27,000858,13:33:12,100.1300,17,1
2026-04-27,000858,13:33:15,100.1300,3,1
2026-04-27,000858,13:33:18,100.1200,4,2
2026-04-27,000858,13:33:21,100.1200,24,2
2026-04-27,000858,13:33:24,100.1200,3,2
2026-04-27,000858,13:33:27,100.1200,54,2
2026-04-27,000858,13:33:30,100.1200,14,2
2026-04-27,000858,13:33:33,100.1200,13,2
2026-04-27,000858,13:33:36,100.1200,83,2
2026-04-27,000858,13:33:39,100.1200,61,2
2026-04-27,000858,13:33:42,100.1200,4,2
2026-04-27,000858,13:33:45,100.1200,13,2
2026-04-27,000858,13:33:48,100.1200,66,2
2026-04-27,000858,13:33:51,100.1200,44,2
2026-04-27,000858,13:33:54,100.1200,7,2
2026-04-27,000858,13:33:57,100.1200,1,2
2026-04-27,000858,13:34:00,100.1200,17,2
2026-04-27,000858,13:34:03,100.1300,12,1
2026-04-27,000858,13:34:06,100.1200,47,2
2026-04-27,000858,13:34:09,100.1200,28,1
2026-04-27,000858,13:34:12,100.1200,13,2
2026-04-27,000858,13:34:15,100.1300,88,1
2026-04-27,000858,13:34:18,100.1300,12,1
2026-04-27,000858,13:34:21,100.1200,20,2
2026-04-27,000858,13:34:24,100.1300,6,1
2026-04-27,000858,13:34:27,100.1200,42,2
2026-04-27,000858,13:34:30,100.1200,3,2
2026-04-27,000858,13:34:33,100.1100,13,2
2026-04-27,000858,13:34:36,100.1100,7,2
2026-04-27,000858,13:34:39,100.1100,11,2
2026-04-27,000858,13:34:42,100.1200,5,1
2026-04-27,000858,13:34:45,100.1200,10,1
2026-04-27,000858,13:34:48,100.1200,50,1
2026-04-27,000858,13:34:51,100.1300,46,1
2026-04-27,000858,13:34:54,100.1200,10,2
2026-04-27,000858,13:34:57,100.1100,19,2
2026-04-27,000858,13:35:00,100.1100,5,2
2026-04-27,000858,13:35:03,100.1200,28,1
2026-04-27,000858,13:35:06,100.1100,50,2
2026-04-27,000858,13:35:09,100.1200,6,2
2026-04-27,000858,13:35:12,100.1200,27,1
2026-04-27,000858,13:35:15,100.1200,10,2
2026-04-27,000858,13:35:18,100.1300,12,1
2026-04-27,000858,13:35:21,100.1200,12,2
2026-04-27,000858,13:35:27,100.1200,49,2
2026-04-27,000858,13:35:30,100.1100,7,2
2026-04-27,000858,13:35:33,100.1300,4,1
2026-04-27,000858,13:35:36,100.1200,36,2
2026-04-27,000858,13:35:39,100.1200,5,2
2026-04-27,000858,13:35:42,100.1100,10,2
2026-04-27,000858,13:35:45,100.1200,13,1
2026-04-27,000858,13:35:48,100.1200,52,1
2026-04-27,000858,13:35:51,100.1200,13,2
2026-04-27,000858,13:35:54,100.1200,23,1
2026-04-27,000858,13:35:57,100.1200,3,2
2026-04-27,000858,13:36:00,100.1200,12,2
2026-04-27,000858,13:36:03,100.1200,31,2
2026-04-27,000858,13:36:06,100.1200,7,2
2026-04-27,000858,13:36:09,100.1200,31,2
2026-04-27,000858,13:36:12,100.1200,8,1
2026-04-27,000858,13:36:15,100.1300,45,1
2026-04-27,000858,13:36:18,100.1200,4,1
2026-04-27,000858,13:36:21,100.1200,52,1
2026-04-27,000858,13:36:24,100.1200,11,1
2026-04-27,000858,13:36:27,100.1200,91,1
2026-04-27,000858,13:36:30,100.1200,24,1
2026-04-27,000858,13:36:33,100.1200,4,2
2026-04-27,000858,13:36:36,100.1200,23,2
2026-04-27,000858,13:36:39,100.1300,20,1
2026-04-27,000858,13:36:42,100.1200,15,2
2026-04-27,000858,13:36:45,100.1300,8,1
2026-04-27,000858,13:36:48,100.1200,51,2
2026-04-27,000858,13:36:51,100.1200,18,1
2026-04-27,000858,13:36:54,100.1200,30,2
2026-04-27,000858,13:36:57,100.1300,2,1
2026-04-27,000858,13:37:00,100.1200,13,2
2026-04-27,000858,13:37:03,100.1300,22,1
2026-04-27,000858,13:37:06,100.1300,20,1
2026-04-27,000858,13:37:09,100.1200,43,2
2026-04-27,000858,13:37:12,100.1300,10,1
2026-04-27,000858,13:37:15,100.1300,46,1
2026-04-27,000858,13:37:18,100.1200,14,2
2026-04-27,000858,13:37:21,100.1300,13,1
2026-04-27,000858,13:37:24,100.1300,6,1
2026-04-27,000858,13:37:27,100.1200,41,2
2026-04-27,000858,13:37:30,100.1200,13,1
2026-04-27,000858,13:37:33,100.1200,13,2
2026-04-27,000858,13:37:36,100.1300,1,1
2026-04-27,000858,13:37:39,100.1300,103,1
2026-04-27,000858,13:37:42,100.1300,13,1
2026-04-27,000858,13:37:48,100.1200,40,2
2026-04-27,000858,13:37:51,100.1200,8,2
2026-04-27,000858,13:37:54,100.1300,3,1
2026-04-27,000858,13:37:57,100.1300,12,1
2026-04-27,000858,13:38:00,100.1200,3,2
2026-04-27,000858,13:38:03,100.1200,4,2
2026-04-27,000858,13:38:06,100.1200,46,2
2026-04-27,000858,13:38:09,100.1200,5,2
2026-04-27,000858,13:38:12,100.1300,40,1
2026-04-27,000858,13:38:15,100.1200,3,2
2026-04-27,000858,13:38:18,100.1200,12,2
2026-04-27,000858,13:38:21,100.1200,5,2
2026-04-27,000858,13:38:24,100.1200,8,2
2026-04-27,000858,13:38:27,100.1200,35,2
2026-04-27,000858,13:38:30,100.1100,8,2
2026-04-27,000858,13:38:33,100.1100,4,2
2026-04-27,000858,13:38:36,100.1100,28,2
2026-04-27,000858,13:38:39,100.1200,22,1
2026-04-27,000858,13:38:42,100.1300,115,1
2026-04-27,000858,13:38:45,100.1300,40,1
2026-04-27,000858,13:38:48,100.1200,24,2
2026-04-27,000858,13:38:51,100.1200,3,1
2026-04-27,000858,13:38:54,100.1100,9,2
2026-04-27,000858,13:38:57,100.1200,2,1
2026-04-27,000858,13:39:00,100.1100,105,2
2026-04-27,000858,13:39:03,100.1300,41,1
2026-04-27,000858,13:39:06,100.1200,33,2
2026-04-27,000858,13:39:09,100.1200,13,1
2026-04-27,000858,13:39:12,100.1200,7,2
2026-04-27,000858,13:39:15,100.1200,11,2
2026-04-27,000858,13:39:18,100.1200,38,2
2026-04-27,000858,13:39:21,100.1200,5,1
2026-04-27,000858,13:39:24,100.1100,5,2
2026-04-27,000858,13:39:27,100.1200,46,1
2026-04-27,000858,13:39:30,100.1100,16,2
2026-04-27,000858,13:39:33,100.1200,33,1
2026-04-27,000858,13:39:36,100.1100,28,2
2026-04-27,000858,13:39:39,100.1100,20,2
2026-04-27,000858,13:39:42,100.1200,20,1
2026-04-27,000858,13:39:45,100.1200,9,2
2026-04-27,000858,13:39:48,100.1200,9,2
2026-04-27,000858,13:39:51,100.1200,43,1
2026-04-27,000858,13:39:54,100.1200,4,1
2026-04-27,000858,13:39:57,100.1200,3,1
2026-04-27,000858,13:40:00,100.1100,5,2
2026-04-27,000858,13:40:06,100.1100,45,2
2026-04-27,000858,13:40:09,100.1100,59,2
2026-04-27,000858,13:40:12,100.1200,19,1
2026-04-27,000858,13:40:15,100.1200,24,1
2026-04-27,000858,13:40:18,100.1200,9,2
2026-04-27,000858,13:40:21,100.1200,4,2
2026-04-27,000858,13:40:24,100.1200,9,2
2026-04-27,000858,13:40:27,100.1200,37,2
2026-04-27,000858,13:40:30,100.1200,4,1
2026-04-27,000858,13:40:33,100.1200,4,1
2026-04-27,000858,13:40:36,100.1100,12,2
2026-04-27,000858,13:40:39,100.1200,19,1
2026-04-27,000858,13:40:42,100.1300,1,1
2026-04-27,000858,13:40:45,100.1300,1,1
2026-04-27,000858,13:40:48,100.1200,40,2
2026-04-27,000858,13:40:51,100.1100,4,2
2026-04-27,000858,13:40:54,100.1100,10,2
2026-04-27,000858,13:40:57,100.1200,55,1
2026-04-27,000858,13:41:00,100.1100,4,2
2026-04-27,000858,13:41:03,100.1100,9,2
2026-04-27,000858,13:41:06,100.1100,53,2
2026-04-27,000858,13:41:09,100.1100,2,2
2026-04-27,000858,13:41:12,100.1100,73,2
2026-04-27,000858,13:41:15,100.1200,19,1
2026-04-27,000858,13:41:18,100.1100,6,2
2026-04-27,000858,13:41:21,100.1200,13,1
2026-04-27,000858,13:41:24,100.1100,9,2
2026-04-27,000858,13:41:27,100.1300,58,1
2026-04-27,000858,13:41:30,100.1100,7,2
2026-04-27,000858,13:41:36,100.1200,5,4
2026-04-27,000858,13:41:39,100.1300,1,1
2026-04-27,000858,13:41:42,100.1300,35,1
2026-04-27,000858,13:41:45,100.1300,37,1
2026-04-27,000858,13:41:48,100.1200,40,2
2026-04-27,000858,13:41:51,100.1300,40,1
2026-04-27,000858,13:41:54,100.1200,15,2
2026-04-27,000858,13:41:57,100.1300,10,1
2026-04-27,000858,13:42:00,100.1200,19,2
2026-04-27,000858,13:42:03,100.1300,1,1
2026-04-27,000858,13:42:06,100.1200,3,2
2026-04-27,000858,13:42:09,100.1300,44,1
2026-04-27,000858,13:42:12,100.1300,9,1
2026-04-27,000858,13:42:15,100.1300,21,1
2026-04-27,000858,13:42:18,100.1200,3,2
2026-04-27,000858,13:42:21,100.1200,38,2
2026-04-27,000858,13:42:24,100.1200,5,2
2026-04-27,000858,13:42:27,100.1200,44,2
2026-04-27,000858,13:42:30,100.1200,3,2
2026-04-27,000858,13:42:33,100.1300,18,1
2026-04-27,000858,13:42:36,100.1300,20,1
2026-04-27,000858,13:42:39,100.1300,6,1
2026-04-27,000858,13:42:42,100.1200,41,2
2026-04-27,000858,13:42:45,100.1300,7,1
2026-04-27,000858,13:42:48,100.1200,35,2
2026-04-27,000858,13:42:51,100.1200,18,1
2026-04-27,000858,13:42:54,100.1200,20,1
2026-04-27,000858,13:42:57,100.1200,41,1
2026-04-27,000858,13:43:00,100.1200,29,1
2026-04-27,000858,13:43:03,100.1300,14,1
2026-04-27,000858,13:43:06,100.1100,19,2
2026-04-27,000858,13:43:09,100.1200,44,1
2026-04-27,000858,13:43:12,100.1200,2,1
2026-04-27,000858,13:43:15,100.1200,32,1
2026-04-27,000858,13:43:18,100.1200,12,2
2026-04-27,000858,13:43:21,100.1200,9,2
2026-04-27,000858,13:43:24,100.1300,6,1
2026-04-27,000858,13:43:27,100.1200,56,2
2026-04-27,000858,13:43:30,100.1200,3,2
2026-04-27,000858,13:43:33,100.1200,9,2
2026-04-27,000858,13:43:36,100.1300,45,1
2026-04-27,000858,13:43:39,100.1200,18,2
2026-04-27,000858,13:43:42,100.1200,12,2
2026-04-27,000858,13:43:45,100.1200,9,2
2026-04-27,000858,13:43:48,100.1200,12,2
2026-04-27,000858,13:43:51,100.1200,20,1
2026-04-27,000858,13:43:54,100.1200,18,1
2026-04-27,000858,13:43:57,100.1200,49,1
2026-04-27,000858,13:44:00,100.1200,49,1
2026-04-27,000858,13:44:03,100.1200,29,2
2026-04-27,000858,13:44:06,100.1200,13,2
2026-04-27,000858,13:44:09,100.1200,8,2
2026-04-27,000858,13:44:12,100.1200,89,1
2026-04-27,000858,13:44:15,100.1100,35,2
2026-04-27,000858,13:44:18,100.1100,38,2
2026-04-27,000858,13:44:21,100.1200,184,1
2026-04-27,000858,13:44:24,100.1100,114,2
2026-04-27,000858,13:44:27,100.1200,93,1
2026-04-27,000858,13:44:30,100.1200,22,2
2026-04-27,000858,13:44:33,100.1300,70,1
2026-04-27,000858,13:44:36,100.1200,16,2
2026-04-27,000858,13:44:39,100.1100,22,2
2026-04-27,000858,13:44:42,100.1200,27,2
2026-04-27,000858,13:44:45,100.1300,30,1
2026-04-27,000858,13:44:48,100.1300,58,1
2026-04-27,000858,13:44:51,100.1300,29,1
2026-04-27,000858,13:44:54,100.1100,21,2
2026-04-27,000858,13:44:57,100.1200,8,1
2026-04-27,000858,13:45:00,100.1200,16,1
2026-04-27,000858,13:45:03,100.1200,4,2
2026-04-27,000858,13:45:06,100.1200,32,2
2026-04-27,000858,13:45:09,100.1200,9,1
2026-04-27,000858,13:45:12,100.1100,22,2
2026-04-27,000858,13:45:15,100.1200,7,1
2026-04-27,000858,13:45:18,100.1100,20,2
2026-04-27,000858,13:45:21,100.1100,47,2
2026-04-27,000858,13:45:24,100.1100,52,1
2026-04-27,000858,13:45:27,100.1100,69,2
2026-04-27,000858,13:45:30,100.1100,31,1
2026-04-27,000858,13:45:33,100.1100,4,2
2026-04-27,000858,13:45:36,100.1100,33,2
2026-04-27,000858,13:45:39,100.1100,13,2
2026-04-27,000858,13:45:42,100.1200,20,1
2026-04-27,000858,13:45:45,100.1100,21,2
2026-04-27,000858,13:45:48,100.1100,43,2
2026-04-27,000858,13:45:51,100.1100,35,1
2026-04-27,000858,13:45:54,100.1100,18,2
2026-04-27,000858,13:45:57,100.1200,26,1
2026-04-27,000858,13:46:00,100.1000,27,2
2026-04-27,000858,13:46:03,100.1200,19,1
2026-04-27,000858,13:46:06,100.1100,9,2
2026-04-27,000858,13:46:09,100.1200,158,1
2026-04-27,000858,13:46:12,100.1200,64,1
2026-04-27,000858,13:46:15,100.1100,19,1
2026-04-27,000858,13:46:18,100.1200,104,1
2026-04-27,000858,13:46:21,100.1200,38,1
2026-04-27,000858,13:46:24,100.1100,39,2
2026-04-27,000858,13:46:27,100.1100,33,2
2026-04-27,000858,13:46:30,100.1100,12,2
2026-04-27,000858,13:46:33,100.1200,41,1
2026-04-27,000858,13:46:36,100.1100,18,2
2026-04-27,000858,13:46:45,100.1200,37,1
2026-04-27,000858,13:46:48,100.1200,43,1
2026-04-27,000858,13:46:51,100.1200,50,1
2026-04-27,000858,13:46:54,100.1100,15,2
2026-04-27,000858,13:46:57,100.1100,13,1
2026-04-27,000858,13:47:00,100.1100,36,1
2026-04-27,000858,13:47:03,100.1200,8,1
2026-04-27,000858,13:47:06,100.1200,16,2
2026-04-27,000858,13:47:09,100.1200,44,2
2026-04-27,000858,13:47:12,100.1300,18,1
2026-04-27,000858,13:47:18,100.1200,2,2
2026-04-27,000858,13:47:21,100.1200,6,2
2026-04-27,000858,13:47:24,100.1200,4,2
2026-04-27,000858,13:47:27,100.1100,48,2
2026-04-27,000858,13:47:30,100.1200,4,4
2026-04-27,000858,13:47:33,100.1200,18,2
2026-04-27,000858,13:47:36,100.1100,66,2
2026-04-27,000858,13:47:42,100.1100,11,2
2026-04-27,000858,13:47:45,100.1200,41,1
2026-04-27,000858,13:47:48,100.1200,62,1
2026-04-27,000858,13:47:51,100.1200,13,2
2026-04-27,000858,13:47:57,100.1100,23,2
2026-04-27,000858,13:48:00,100.1100,4,2
2026-04-27,000858,13:48:03,100.1100,17,2
2026-04-27,000858,13:48:06,100.1100,16,2
2026-04-27,000858,13:48:09,100.1200,60,1
2026-04-27,000858,13:48:12,100.1200,18,2
2026-04-27,000858,13:48:15,100.1200,42,2
2026-04-27,000858,13:48:18,100.1200,11,1
2026-04-27,000858,13:48:21,100.1200,10,1
2026-04-27,000858,13:48:24,100.1300,9,1
2026-04-27,000858,13:48:27,100.1200,32,2
2026-04-27,000858,13:48:30,100.1100,15,2
2026-04-27,000858,13:48:33,100.1100,7,2
2026-04-27,000858,13:48:36,100.1100,20,2
2026-04-27,000858,13:48:39,100.1100,5,2
2026-04-27,000858,13:48:42,100.1100,11,2
2026-04-27,000858,13:48:45,100.1200,5,1
2026-04-27,000858,13:48:48,100.1200,43,1
2026-04-27,000858,13:48:51,100.1100,6,2
2026-04-27,000858,13:48:54,100.1200,32,1
2026-04-27,000858,13:48:57,100.1200,13,1
2026-04-27,000858,13:49:00,100.1200,9,2
2026-04-27,000858,13:49:03,100.1000,386,2
2026-04-27,000858,13:49:06,100.1200,1,2
2026-04-27,000858,13:49:09,100.1000,96,2
2026-04-27,000858,13:49:12,100.1100,2,2
2026-04-27,000858,13:49:15,100.1200,52,1
2026-04-27,000858,13:49:21,100.1300,108,1
2026-04-27,000858,13:49:24,100.1300,2,2
2026-04-27,000858,13:49:27,100.1200,29,2
2026-04-27,000858,13:49:30,100.1200,6,2
2026-04-27,000858,13:49:33,100.1200,10,2
2026-04-27,000858,13:49:36,100.1200,28,2
2026-04-27,000858,13:49:39,100.1200,13,2
2026-04-27,000858,13:49:42,100.1300,42,1
2026-04-27,000858,13:49:45,100.1200,23,2
2026-04-27,000858,13:49:48,100.1200,48,2
2026-04-27,000858,13:49:51,100.1200,20,2
2026-04-27,000858,13:49:54,100.1300,8,1
2026-04-27,000858,13:49:57,100.1200,17,2
2026-04-27,000858,13:50:00,100.1300,27,1
2026-04-27,000858,13:50:03,100.1300,13,2
2026-04-27,000858,13:50:06,100.1400,17,1
2026-04-27,000858,13:50:09,100.1300,46,2
2026-04-27,000858,13:50:12,100.1300,11,1
2026-04-27,000858,13:50:15,100.1300,15,1
2026-04-27,000858,13:50:18,100.1300,1,2
2026-04-27,000858,13:50:21,100.1300,16,2
2026-04-27,000858,13:50:24,100.1300,13,2
2026-04-27,000858,13:50:27,100.1300,12,2
2026-04-27,000858,13:50:30,100.1200,11,2
2026-04-27,000858,13:50:33,100.1200,31,2
2026-04-27,000858,13:50:36,100.1200,32,2
2026-04-27,000858,13:50:39,100.1300,35,1
2026-04-27,000858,13:50:42,100.1300,10,2
2026-04-27,000858,13:50:45,100.1300,7,2
2026-04-27,000858,13:50:48,100.1300,20,1
2026-04-27,000858,13:50:51,100.1200,11,2
2026-04-27,000858,13:50:54,100.1300,3,1
2026-04-27,000858,13:50:57,100.1200,38,2
2026-04-27,000858,13:51:00,100.1200,33,2
2026-04-27,000858,13:51:03,100.1200,67,2
2026-04-27,000858,13:51:06,100.1200,15,2
2026-04-27,000858,13:51:09,100.1100,24,2
2026-04-27,000858,13:51:12,100.1100,15,2
2026-04-27,000858,13:51:15,100.1200,38,1
2026-04-27,000858,13:51:18,100.1200,24,1
2026-04-27,000858,13:51:21,100.1100,10,2
2026-04-27,000858,13:51:24,100.1100,14,2
2026-04-27,000858,13:51:27,100.1100,46,2
2026-04-27,000858,13:51:30,100.1100,50,2
2026-04-27,000858,13:51:33,100.1200,25,1
2026-04-27,000858,13:51:36,100.1200,189,2
2026-04-27,000858,13:51:39,100.1300,22,1
2026-04-27,000858,13:51:42,100.1300,54,1
2026-04-27,000858,13:51:45,100.1300,38,1
2026-04-27,000858,13:51:48,100.1100,14,2
2026-04-27,000858,13:51:51,100.1200,4,1
2026-04-27,000858,13:51:54,100.1200,6,1
2026-04-27,000858,13:51:57,100.1100,13,2
2026-04-27,000858,13:52:00,100.1100,13,2
2026-04-27,000858,13:52:03,100.1100,7,2
2026-04-27,000858,13:52:06,100.1200,8,1
2026-04-27,000858,13:52:09,100.1200,49,1
2026-04-27,000858,13:52:12,100.1100,20,2
2026-04-27,000858,13:52:15,100.1200,51,1
2026-04-27,000858,13:52:18,100.1100,18,2
2026-04-27,000858,13:52:24,100.1200,8,1
2026-04-27,000858,13:52:27,100.1100,51,2
2026-04-27,000858,13:52:30,100.1100,18,2
2026-04-27,000858,13:52:33,100.1100,26,2
2026-04-27,000858,13:52:36,100.1200,56,1
2026-04-27,000858,13:52:39,100.1100,10,2
2026-04-27,000858,13:52:42,100.1100,15,2
2026-04-27,000858,13:52:45,100.1100,26,2
2026-04-27,000858,13:52:48,100.1100,7,2
2026-04-27,000858,13:52:51,100.1000,69,2
2026-04-27,000858,13:52:54,100.1100,8,1
2026-04-27,000858,13:52:57,100.1000,25,2
2026-04-27,000858,13:53:00,100.1000,96,2
2026-04-27,000858,13:53:03,100.1200,52,1
2026-04-27,000858,13:53:06,100.1200,27,2
2026-04-27,000858,13:53:09,100.1200,26,2
2026-04-27,000858,13:53:12,100.1100,9,1
2026-04-27,000858,13:53:15,100.1100,13,4
2026-04-27,000858,13:53:18,100.1100,4,1
2026-04-27,000858,13:53:21,100.1100,20,2
2026-04-27,000858,13:53:24,100.1100,9,2
2026-04-27,000858,13:53:27,100.1100,31,2
2026-04-27,000858,13:53:30,100.1000,55,2
2026-04-27,000858,13:53:33,100.1000,4,2
2026-04-27,000858,13:53:36,100.1100,21,1
2026-04-27,000858,13:53:39,100.1000,8,2
2026-04-27,000858,13:53:42,100.1000,30,2
2026-04-27,000858,13:53:45,100.1100,21,1
2026-04-27,000858,13:53:48,100.1000,51,2
2026-04-27,000858,13:53:51,100.1000,45,2
2026-04-27,000858,13:53:54,100.1100,21,4
2026-04-27,000858,13:53:57,100.1000,23,2
2026-04-27,000858,13:54:00,100.1100,21,2
2026-04-27,000858,13:54:03,100.1100,5,2
2026-04-27,000858,13:54:06,100.1100,24,2
2026-04-27,000858,13:54:09,100.1100,52,2
2026-04-27,000858,13:54:15,100.1200,18,1
2026-04-27,000858,13:54:21,100.1200,55,1
2026-04-27,000858,13:54:24,100.1000,16,2
2026-04-27,000858,13:54:27,100.1100,42,1
2026-04-27,000858,13:54:30,100.1000,50,2
2026-04-27,000858,13:54:33,100.1100,3,1
2026-04-27,000858,13:54:36,100.1100,34,1
2026-04-27,000858,13:54:39,100.1100,16,1
2026-04-27,000858,13:54:42,100.1100,8,1
2026-04-27,000858,13:54:45,100.1100,11,2
2026-04-27,000858,13:54:48,100.1100,30,2
2026-04-27,000858,13:54:51,100.1100,15,1
2026-04-27,000858,13:54:54,100.1100,18,2
2026-04-27,000858,13:54:57,100.1100,7,2
2026-04-27,000858,13:55:00,100.1100,6,2
2026-04-27,000858,13:55:03,100.1100,2,2
2026-04-27,000858,13:55:06,100.1100,5,2
2026-04-27,000858,13:55:09,100.1200,53,1
2026-04-27,000858,13:55:12,100.1200,69,1
2026-04-27,000858,13:55:15,100.1200,39,2
2026-04-27,000858,13:55:18,100.1200,2,1
2026-04-27,000858,13:55:21,100.1200,16,1
2026-04-27,000858,13:55:24,100.1300,35,1
2026-04-27,000858,13:55:27,100.1200,41,2
2026-04-27,000858,13:55:30,100.1200,16,2
2026-04-27,000858,13:55:33,100.1300,1,1
2026-04-27,000858,13:55:36,100.1200,36,2
2026-04-27,000858,13:55:39,100.1300,3,1
2026-04-27,000858,13:55:42,100.1300,16,1
2026-04-27,000858,13:55:45,100.1300,1,1
2026-04-27,000858,13:55:48,100.1300,49,1
2026-04-27,000858,13:55:51,100.1300,19,1
2026-04-27,000858,13:55:54,100.1200,14,2
2026-04-27,000858,13:55:57,100.1300,6,1
2026-04-27,000858,13:56:00,100.1200,56,2
2026-04-27,000858,13:56:03,100.1200,42,2
2026-04-27,000858,13:56:06,100.1200,4,2
2026-04-27,000858,13:56:09,100.1200,41,2
2026-04-27,000858,13:56:12,100.1200,11,2
2026-04-27,000858,13:56:15,100.1300,49,1
2026-04-27,000858,13:56:18,100.1300,18,2
2026-04-27,000858,13:56:21,100.1400,85,1
2026-04-27,000858,13:56:24,100.1400,2,1
2026-04-27,000858,13:56:27,100.1200,86,2
2026-04-27,000858,13:56:30,100.1200,61,2
2026-04-27,000858,13:56:33,100.1200,46,2
2026-04-27,000858,13:56:36,100.1300,14,1
2026-04-27,000858,13:56:39,100.1400,13,1
2026-04-27,000858,13:56:42,100.1400,6,1
2026-04-27,000858,13:56:45,100.1300,10,2
2026-04-27,000858,13:56:48,100.1300,38,2
2026-04-27,000858,13:56:51,100.1200,31,2
2026-04-27,000858,13:56:54,100.1300,9,1
2026-04-27,000858,13:56:57,100.1300,11,1
2026-04-27,000858,13:57:00,100.1300,15,2
2026-04-27,000858,13:57:03,100.1300,25,2
2026-04-27,000858,13:57:06,100.1300,19,2
2026-04-27,000858,13:57:09,100.1200,18,2
2026-04-27,000858,13:57:12,100.1300,24,1
2026-04-27,000858,13:57:15,100.1200,19,2
2026-04-27,000858,13:57:18,100.1200,13,2
2026-04-27,000858,13:57:21,100.1300,10,1
2026-04-27,000858,13:57:24,100.1200,18,2
2026-04-27,000858,13:57:27,100.1200,44,2
2026-04-27,000858,13:57:30,100.1300,21,1
2026-04-27,000858,13:57:33,100.1300,23,1
2026-04-27,000858,13:57:36,100.1200,15,2
2026-04-27,000858,13:57:39,100.1300,19,1
2026-04-27,000858,13:57:42,100.1300,69,1
2026-04-27,000858,13:57:45,100.1300,23,1
2026-04-27,000858,13:57:48,100.1200,93,2
2026-04-27,000858,13:57:51,100.1200,52,2
2026-04-27,000858,13:57:54,100.1200,60,2
2026-04-27,000858,13:57:57,100.1200,29,2
2026-04-27,000858,13:58:00,100.1200,74,2
2026-04-27,000858,13:58:03,100.1200,26,2
2026-04-27,000858,13:58:06,100.1200,37,2
2026-04-27,000858,13:58:09,100.1200,67,2
2026-04-27,000858,13:58:12,100.1400,55,1
2026-04-27,000858,13:58:15,100.1300,31,2
2026-04-27,000858,13:58:18,100.1300,33,2
2026-04-27,000858,13:58:21,100.1400,48,1
2026-04-27,000858,13:58:24,100.1300,23,2
2026-04-27,000858,13:58:27,100.1300,58,4
2026-04-27,000858,13:58:30,100.1400,27,4
2026-04-27,000858,13:58:33,100.1400,24,1
2026-04-27,000858,13:58:36,100.1300,22,2
2026-04-27,000858,13:58:39,100.1300,12,2
2026-04-27,000858,13:58:42,100.1500,4,1
2026-04-27,000858,13:58:45,100.1500,16,1
2026-04-27,000858,13:58:48,100.1400,42,2
2026-04-27,000858,13:58:51,100.1400,12,1
2026-04-27,000858,13:58:54,100.1300,36,2
2026-04-27,000858,13:58:57,100.1300,5,2
2026-04-27,000858,13:59:00,100.1400,31,1
2026-04-27,000858,13:59:03,100.1400,25,2
2026-04-27,000858,13:59:06,100.1300,41,2
2026-04-27,000858,13:59:09,100.1400,17,1
2026-04-27,000858,13:59:12,100.1400,41,1
2026-04-27,000858,13:59:15,100.1300,16,2
2026-04-27,000858,13:59:18,100.1400,26,1
2026-04-27,000858,13:59:21,100.1300,24,4
2026-04-27,000858,13:59:24,100.1300,22,2
2026-04-27,000858,13:59:27,100.1300,48,2
2026-04-27,000858,13:59:30,100.1200,43,2
2026-04-27,000858,13:59:33,100.1200,26,2
2026-04-27,000858,13:59:36,100.1200,27,2
2026-04-27,000858,13:59:39,100.1500,20,1
2026-04-27,000858,13:59:42,100.1200,17,2
2026-04-27,000858,13:59:45,100.1500,12,1
2026-04-27,000858,13:59:48,100.1300,13,2
2026-04-27,000858,13:59:51,100.1300,19,1
2026-04-27,000858,13:59:54,100.1300,31,1
2026-04-27,000858,13:59:57,100.1200,35,2
2026-04-27,000858,14:00:00,100.1200,19,2
2026-04-27,000858,14:00:03,100.1300,33,1
2026-04-27,000858,14:00:06,100.1200,20,2
2026-04-27,000858,14:00:09,100.1200,54,2
2026-04-27,000858,14:00:12,100.1200,35,2
2026-04-27,000858,14:00:15,100.1400,27,1
2026-04-27,000858,14:00:18,100.1300,18,2
2026-04-27,000858,14:00:21,100.1400,18,1
2026-04-27,000858,14:00:24,100.1300,28,2
2026-04-27,000858,14:00:27,100.1300,17,2
2026-04-27,000858,14:00:30,100.1200,22,2
2026-04-27,000858,14:00:33,100.1300,9,1
2026-04-27,000858,14:00:36,100.1200,31,2
2026-04-27,000858,14:00:39,100.1200,21,2
2026-04-27,000858,14:00:42,100.1200,29,2
2026-04-27,000858,14:00:45,100.1300,119,1
2026-04-27,000858,14:00:48,100.1200,109,2
2026-04-27,000858,14:00:51,100.1100,56,2
2026-04-27,000858,14:00:54,100.1300,33,1
2026-04-27,000858,14:00:57,100.1200,29,2
2026-04-27,000858,14:01:00,100.1200,26,1
2026-04-27,000858,14:01:03,100.1200,21,2
2026-04-27,000858,14:01:06,100.1200,14,2
2026-04-27,000858,14:01:09,100.1200,31,1
2026-04-27,000858,14:01:12,100.1200,28,1
2026-04-27,000858,14:01:15,100.1200,54,1
2026-04-27,000858,14:01:18,100.1100,47,2
2026-04-27,000858,14:01:21,100.1100,29,2
2026-04-27,000858,14:01:24,100.1100,24,2
2026-04-27,000858,14:01:27,100.1200,44,1
2026-04-27,000858,14:01:30,100.1100,82,2
2026-04-27,000858,14:01:33,100.1100,55,2
2026-04-27,000858,14:01:36,100.1200,36,1
2026-04-27,000858,14:01:39,100.1100,29,2
2026-04-27,000858,14:01:42,100.1200,44,1
2026-04-27,000858,14:01:45,100.1200,151,1
2026-04-27,000858,14:01:48,100.1100,58,2
2026-04-27,000858,14:01:51,100.1100,73,1
2026-04-27,000858,14:01:54,100.1100,34,1
2026-04-27,000858,14:01:57,100.1000,58,2
2026-04-27,000858,14:02:00,100.1000,67,2
2026-04-27,000858,14:02:03,100.1100,30,1
2026-04-27,000858,14:02:06,100.1100,5,1
2026-04-27,000858,14:02:09,100.1000,73,2
2026-04-27,000858,14:02:12,100.1000,30,2
2026-04-27,000858,14:02:15,100.1200,43,1
2026-04-27,000858,14:02:18,100.1200,23,1
2026-04-27,000858,14:02:21,100.1200,30,1
2026-04-27,000858,14:02:24,100.1000,43,2
2026-04-27,000858,14:02:27,100.1100,2,4
2026-04-27,000858,14:02:30,100.1000,69,2
2026-04-27,000858,14:02:33,100.1100,17,1
2026-04-27,000858,14:02:36,100.1000,25,2
2026-04-27,000858,14:02:39,100.1100,33,2
2026-04-27,000858,14:02:42,100.1200,23,1
2026-04-27,000858,14:02:45,100.1100,20,2
2026-04-27,000858,14:02:48,100.1100,47,2
2026-04-27,000858,14:02:51,100.1200,22,1
2026-04-27,000858,14:02:54,100.1200,11,1
2026-04-27,000858,14:02:57,100.1200,4,1
2026-04-27,000858,14:03:00,100.1100,25,2
2026-04-27,000858,14:03:03,100.1200,26,1
2026-04-27,000858,14:03:06,100.1200,23,1
2026-04-27,000858,14:03:09,100.1200,45,1
2026-04-27,000858,14:03:12,100.1200,28,1
2026-04-27,000858,14:03:15,100.1100,2,2
2026-04-27,000858,14:03:18,100.1300,17,1
2026-04-27,000858,14:03:21,100.1200,31,2
2026-04-27,000858,14:03:24,100.1200,45,1
2026-04-27,000858,14:03:27,100.1300,76,1
2026-04-27,000858,14:03:30,100.1200,137,4
2026-04-27,000858,14:03:33,100.1200,2,4
2026-04-27,000858,14:03:36,100.1200,30,2
2026-04-27,000858,14:03:39,100.1200,6,2
2026-04-27,000858,14:03:42,100.1300,20,1
2026-04-27,000858,14:03:45,100.1300,7,1
2026-04-27,000858,14:03:48,100.1200,56,2
2026-04-27,000858,14:03:51,100.1300,21,1
2026-04-27,000858,14:03:54,100.1200,18,2
2026-04-27,000858,14:03:57,100.1300,7,1
2026-04-27,000858,14:04:00,100.1200,7,2
2026-04-27,000858,14:04:03,100.1300,31,1
2026-04-27,000858,14:04:06,100.1200,24,2
2026-04-27,000858,14:04:09,100.1200,57,1
2026-04-27,000858,14:04:12,100.1200,16,1
2026-04-27,000858,14:04:15,100.1100,11,2
2026-04-27,000858,14:04:18,100.1200,40,1
2026-04-27,000858,14:04:21,100.1200,1,1
2026-04-27,000858,14:04:24,100.1100,19,2
2026-04-27,000858,14:04:27,100.1200,9,1
2026-04-27,000858,14:04:30,100.1100,64,2
2026-04-27,000858,14:04:33,100.1200,17,1
2026-04-27,000858,14:04:36,100.1100,49,2
2026-04-27,000858,14:04:39,100.1200,22,1
2026-04-27,000858,14:04:42,100.1100,13,2
2026-04-27,000858,14:04:45,100.1200,18,1
2026-04-27,000858,14:04:48,100.1100,84,2
2026-04-27,000858,14:04:51,100.1200,5,1
2026-04-27,000858,14:04:54,100.1200,9,1
2026-04-27,000858,14:04:57,100.1200,26,1
2026-04-27,000858,14:05:00,100.1100,21,2
2026-04-27,000858,14:05:03,100.1200,73,1
2026-04-27,000858,14:05:06,100.1200,13,1
2026-04-27,000858,14:05:09,100.1100,69,2
2026-04-27,000858,14:05:15,100.1100,47,2
2026-04-27,000858,14:05:18,100.1100,15,1
2026-04-27,000858,14:05:21,100.1100,28,1
2026-04-27,000858,14:05:24,100.1000,54,2
2026-04-27,000858,14:05:27,100.1000,64,2
2026-04-27,000858,14:05:30,100.1000,40,2
2026-04-27,000858,14:05:33,100.1000,13,2
2026-04-27,000858,14:05:36,100.1000,43,2
2026-04-27,000858,14:05:39,100.1000,80,2
2026-04-27,000858,14:05:42,100.1100,35,1
2026-04-27,000858,14:05:45,100.1100,4,1
2026-04-27,000858,14:05:48,100.1100,70,1
2026-04-27,000858,14:05:51,100.1100,137,1
2026-04-27,000858,14:05:54,100.1000,70,2
2026-04-27,000858,14:05:57,100.1100,31,1
2026-04-27,000858,14:06:00,100.1000,40,2
2026-04-27,000858,14:06:03,100.1000,53,2
2026-04-27,000858,14:06:06,100.1000,50,2
2026-04-27,000858,14:06:09,100.1100,66,1
2026-04-27,000858,14:06:12,100.1000,64,2
2026-04-27,000858,14:06:15,100.1100,16,1
2026-04-27,000858,14:06:18,100.1100,37,1
2026-04-27,000858,14:06:21,100.1100,2,1
2026-04-27,000858,14:06:24,100.1000,6,2
2026-04-27,000858,14:06:27,100.1000,52,2
2026-04-27,000858,14:06:30,100.1000,41,2
2026-04-27,000858,14:06:33,100.1000,2,2
2026-04-27,000858,14:06:36,100.1000,37,2
2026-04-27,000858,14:06:39,100.1100,5,1
2026-04-27,000858,14:06:42,100.1100,12,1
2026-04-27,000858,14:06:45,100.1100,13,1
2026-04-27,000858,14:06:48,100.1000,53,2
2026-04-27,000858,14:06:51,100.1100,16,1
2026-04-27,000858,14:06:54,100.1000,24,2
2026-04-27,000858,14:06:57,100.1100,50,1
2026-04-27,000858,14:07:00,100.1000,82,2
2026-04-27,000858,10:55:09,100.2100,28,2
2026-04-27,000858,10:55:12,100.2100,27,2
2026-04-27,000858,10:55:15,100.2200,8,2
2026-04-27,000858,10:55:18,100.2100,20,2
2026-04-27,000858,10:55:21,100.2100,50,2
2026-04-27,000858,10:55:24,100.2200,11,4
2026-04-27,000858,10:55:27,100.2000,222,2
2026-04-27,000858,10:55:30,100.2100,18,1
2026-04-27,000858,10:55:33,100.2000,2,2
2026-04-27,000858,10:55:36,100.2000,994,2
2026-04-27,000858,10:55:39,100.2100,21,1
2026-04-27,000858,10:55:42,100.2000,77,2
2026-04-27,000858,10:55:45,100.2000,39,1
2026-04-27,000858,10:55:48,100.2000,2,2
2026-04-27,000858,10:55:51,100.2000,5,2
2026-04-27,000858,10:55:54,100.2100,14,1
2026-04-27,000858,10:55:57,100.2100,11,1
2026-04-27,000858,10:56:00,100.2000,7,2
2026-04-27,000858,10:56:03,100.2000,31,2
2026-04-27,000858,10:56:06,100.1900,11,2
2026-04-27,000858,10:56:12,100.1900,10,2
2026-04-27,000858,10:56:15,100.1900,20,2
2026-04-27,000858,10:56:18,100.1900,2,2
2026-04-27,000858,10:56:21,100.1900,44,2
2026-04-27,000858,10:56:24,100.1900,7,2
2026-04-27,000858,10:56:27,100.1900,27,2
2026-04-27,000858,10:56:33,100.1900,15,1
2026-04-27,000858,10:56:36,100.1900,17,2
2026-04-27,000858,10:56:39,100.1900,2,2
2026-04-27,000858,10:56:42,100.1900,25,2
2026-04-27,000858,10:56:45,100.1900,38,1
2026-04-27,000858,10:56:48,100.1900,8,2
2026-04-27,000858,10:56:51,100.1900,13,2
2026-04-27,000858,10:56:54,100.1900,8,1
2026-04-27,000858,10:56:57,100.2000,7,1
2026-04-27,000858,10:57:00,100.1900,12,2
2026-04-27,000858,10:57:03,100.1900,31,1
2026-04-27,000858,10:57:06,100.1900,15,1
2026-04-27,000858,10:57:09,100.1900,41,1
2026-04-27,000858,10:57:12,100.1800,28,2
2026-04-27,000858,10:57:15,100.1900,12,4
2026-04-27,000858,10:57:18,100.1900,37,1
2026-04-27,000858,10:57:21,100.1800,57,2
2026-04-27,000858,10:57:24,100.1900,1,4
2026-04-27,000858,10:57:27,100.1900,6,1
2026-04-27,000858,10:57:30,100.1900,7,1
2026-04-27,000858,10:57:33,100.1900,53,1
2026-04-27,000858,10:57:36,100.1900,2,1
2026-04-27,000858,10:57:39,100.1900,1,1
2026-04-27,000858,10:57:42,100.1800,44,2
2026-04-27,000858,10:57:45,100.1900,3,1
2026-04-27,000858,10:57:48,100.1900,8,1
2026-04-27,000858,10:57:51,100.2000,10,1
2026-04-27,000858,10:57:54,100.1900,5,2
2026-04-27,000858,10:57:57,100.2000,4,1
2026-04-27,000858,10:58:00,100.1900,15,2
2026-04-27,000858,10:58:03,100.1900,14,2
2026-04-27,000858,10:58:06,100.1800,7,2
2026-04-27,000858,10:58:09,100.1800,18,2
2026-04-27,000858,10:58:12,100.1800,1,2
2026-04-27,000858,10:58:15,100.1900,12,1
2026-04-27,000858,10:58:18,100.1900,18,1
2026-04-27,000858,10:58:21,100.1800,1,2
2026-04-27,000858,10:58:24,100.1900,91,1
2026-04-27,000858,10:58:27,100.1900,1,2
2026-04-27,000858,10:58:30,100.2000,11,1
2026-04-27,000858,10:58:33,100.1900,4,2
2026-04-27,000858,10:58:36,100.1900,101,2
2026-04-27,000858,10:58:39,100.2000,22,1
2026-04-27,000858,10:58:42,100.1900,7,2
2026-04-27,000858,10:58:45,100.1900,1,1
2026-04-27,000858,10:58:48,100.1900,5,1
2026-04-27,000858,10:58:51,100.1900,2,1
2026-04-27,000858,10:58:54,100.1900,32,1
2026-04-27,000858,10:58:57,100.1800,14,2
2026-04-27,000858,10:59:00,100.1900,11,1
2026-04-27,000858,10:59:03,100.1900,41,2
2026-04-27,000858,10:59:06,100.1900,21,1
2026-04-27,000858,10:59:09,100.1900,5,2
2026-04-27,000858,10:59:12,100.1900,1,2
2026-04-27,000858,10:59:15,100.2000,8,1
2026-04-27,000858,10:59:18,100.1900,103,2
2026-04-27,000858,10:59:21,100.1900,18,1
2026-04-27,000858,10:59:24,100.1800,72,2
2026-04-27,000858,10:59:27,100.1900,2,1
2026-04-27,000858,10:59:30,100.1800,6,2
2026-04-27,000858,10:59:33,100.1800,7,2
2026-04-27,000858,10:59:36,100.1800,61,2
2026-04-27,000858,10:59:39,100.1800,19,2
2026-04-27,000858,10:59:42,100.1900,44,1
2026-04-27,000858,10:59:45,100.1900,37,1
2026-04-27,000858,10:59:48,100.1800,12,2
2026-04-27,000858,10:59:51,100.1900,22,1
2026-04-27,000858,10:59:54,100.1900,1,1
2026-04-27,000858,10:59:57,100.1800,2,2
2026-04-27,000858,11:00:00,100.1900,7,1
2026-04-27,000858,11:00:03,100.1900,63,1
2026-04-27,000858,11:00:06,100.1900,11,2
2026-04-27,000858,11:00:09,100.1900,1,2
2026-04-27,000858,11:00:12,100.1900,10,2
2026-04-27,000858,11:00:18,100.2000,1,1
2026-04-27,000858,11:00:21,100.1900,3,2
2026-04-27,000858,11:00:24,100.2000,48,1
2026-04-27,000858,11:00:27,100.2000,25,1
2026-04-27,000858,11:00:30,100.1900,10,2
2026-04-27,000858,11:00:33,100.1900,25,2
2026-04-27,000858,11:00:36,100.1900,5,2
2026-04-27,000858,11:00:42,100.1900,37,2
2026-04-27,000858,11:00:45,100.1900,9,2
2026-04-27,000858,11:00:48,100.1900,11,2
2026-04-27,000858,11:00:51,100.1800,25,2
2026-04-27,000858,11:00:54,100.1900,12,1
2026-04-27,000858,11:00:57,100.1900,10,1
2026-04-27,000858,11:01:00,100.1900,4,1
2026-04-27,000858,11:01:03,100.1900,16,1
2026-04-27,000858,11:01:06,100.1800,37,2
2026-04-27,000858,11:01:09,100.1800,5,2
2026-04-27,000858,11:01:15,100.1900,9,1
2026-04-27,000858,11:01:18,100.1800,11,2
2026-04-27,000858,11:01:21,100.1800,52,2
2026-04-27,000858,11:01:24,100.1800,10,2
2026-04-27,000858,11:01:27,100.1800,6,2
2026-04-27,000858,11:01:30,100.1800,2,2
2026-04-27,000858,11:01:33,100.1900,24,1
2026-04-27,000858,11:01:36,100.1800,9,2
2026-04-27,000858,11:01:39,100.1900,9,1
2026-04-27,000858,11:01:42,100.1900,38,2
2026-04-27,000858,11:01:45,100.1900,25,2
2026-04-27,000858,11:01:48,100.1900,11,1
2026-04-27,000858,11:01:51,100.1900,2,2
2026-04-27,000858,11:01:54,100.1900,1,2
2026-04-27,000858,11:01:57,100.1900,20,2
2026-04-27,000858,11:02:00,100.2000,3,1
2026-04-27,000858,11:02:03,100.1900,12,2
2026-04-27,000858,11:02:06,100.1900,13,1
2026-04-27,000858,11:02:09,100.1900,2,1
2026-04-27,000858,11:02:12,100.1800,92,2
2026-04-27,000858,11:02:15,100.1900,8,1
2026-04-27,000858,11:02:18,100.1800,31,2
2026-04-27,000858,11:02:21,100.1800,9,4
2026-04-27,000858,11:02:24,100.1700,56,2
2026-04-27,000858,11:02:27,100.1700,28,2
2026-04-27,000858,11:02:30,100.1800,9,1
2026-04-27,000858,11:02:33,100.1700,4,2
2026-04-27,000858,11:02:36,100.1700,11,2
2026-04-27,000858,11:02:39,100.1800,7,1
2026-04-27,000858,11:02:42,100.1700,57,2
2026-04-27,000858,11:02:45,100.1800,16,1
2026-04-27,000858,11:02:48,100.1700,5,2
2026-04-27,000858,11:02:51,100.1700,8,2
2026-04-27,000858,11:02:54,100.1800,15,1
2026-04-27,000858,11:02:57,100.1800,17,1
2026-04-27,000858,11:03:00,100.1800,3,1
2026-04-27,000858,11:03:03,100.1700,37,2
2026-04-27,000858,11:03:06,100.1800,17,1
2026-04-27,000858,11:03:09,100.1800,1,1
2026-04-27,000858,11:03:12,100.1700,5,2
2026-04-27,000858,11:03:15,100.1700,14,2
2026-04-27,000858,11:03:18,100.1700,6,2
2026-04-27,000858,11:03:21,100.1700,36,2
2026-04-27,000858,11:03:24,100.1700,8,2
2026-04-27,000858,11:03:27,100.1700,7,2
2026-04-27,000858,11:03:30,100.1800,32,1
2026-04-27,000858,11:03:33,100.1700,8,2
2026-04-27,000858,11:03:36,100.1700,11,2
2026-04-27,000858,11:03:39,100.1800,7,1
2026-04-27,000858,11:03:42,100.1700,55,2
2026-04-27,000858,11:03:45,100.1700,7,2
2026-04-27,000858,11:03:48,100.1600,8,2
2026-04-27,000858,11:03:51,100.1700,16,1
2026-04-27,000858,11:03:54,100.1600,9,2
2026-04-27,000858,11:03:57,100.1600,7,2
2026-04-27,000858,11:04:00,100.1600,32,2
2026-04-27,000858,11:04:03,100.1700,45,1
2026-04-27,000858,11:04:06,100.1700,40,1
2026-04-27,000858,11:04:09,100.1600,5,2
2026-04-27,000858,11:04:12,100.1600,9,2
2026-04-27,000858,11:04:15,100.1600,5,2
2026-04-27,000858,11:04:18,100.1700,16,1
2026-04-27,000858,11:04:21,100.1600,14,2
2026-04-27,000858,11:04:24,100.1700,43,1
2026-04-27,000858,11:04:27,100.1600,46,2
2026-04-27,000858,11:04:30,100.1600,15,2
2026-04-27,000858,11:04:33,100.1700,45,1
2026-04-27,000858,11:04:36,100.1600,20,2
2026-04-27,000858,11:04:39,100.1700,55,1
2026-04-27,000858,11:04:42,100.1700,9,1
2026-04-27,000858,11:04:45,100.1700,39,1
2026-04-27,000858,11:04:48,100.1700,47,2
2026-04-27,000858,11:04:51,100.1700,25,4
2026-04-27,000858,11:04:54,100.1700,18,1
2026-04-27,000858,11:04:57,100.1700,2,2
2026-04-27,000858,11:05:03,100.1800,48,1
2026-04-27,000858,11:05:06,100.1800,17,1
2026-04-27,000858,11:05:09,100.1800,4,1
2026-04-27,000858,11:05:12,100.1700,19,2
2026-04-27,000858,11:05:15,100.1700,21,2
2026-04-27,000858,11:05:18,100.1700,26,2
2026-04-27,000858,11:05:21,100.1800,9,1
2026-04-27,000858,11:05:24,100.1800,41,1
2026-04-27,000858,11:05:27,100.1700,2,2
2026-04-27,000858,11:05:30,100.1700,12,4
2026-04-27,000858,11:05:33,100.1800,1,1
2026-04-27,000858,11:05:36,100.1700,5,2
2026-04-27,000858,11:05:39,100.1700,16,2
2026-04-27,000858,11:05:42,100.1700,18,2
2026-04-27,000858,11:05:45,100.1700,9,1
2026-04-27,000858,11:05:48,100.1700,42,1
2026-04-27,000858,11:05:51,100.1700,21,4
2026-04-27,000858,11:05:54,100.1700,17,2
2026-04-27,000858,11:05:57,100.1700,18,1
2026-04-27,000858,11:06:00,100.1700,15,1
2026-04-27,000858,11:06:03,100.1700,44,4
2026-04-27,000858,11:06:06,100.1700,29,1
2026-04-27,000858,11:06:09,100.1700,123,1
2026-04-27,000858,11:06:12,100.1500,20,2
2026-04-27,000858,11:06:15,100.1700,27,1
2026-04-27,000858,11:06:18,100.1500,1,2
2026-04-27,000858,11:06:21,100.1500,7,2
2026-04-27,000858,11:06:24,100.1700,56,1
2026-04-27,000858,11:06:27,100.1600,19,4
2026-04-27,000858,11:06:30,100.1600,14,2
2026-04-27,000858,11:06:33,100.1600,24,4
2026-04-27,000858,11:06:36,100.1600,9,2
2026-04-27,000858,11:06:39,100.1600,325,2
2026-04-27,000858,11:06:42,100.1600,45,2
2026-04-27,000858,11:06:45,100.1600,13,1
2026-04-27,000858,11:06:48,100.1600,13,1
2026-04-27,000858,11:06:51,100.1600,19,1
2026-04-27,000858,11:06:54,100.1600,24,2
2026-04-27,000858,11:06:57,100.1600,7,2
2026-04-27,000858,11:07:00,100.1700,2,1
2026-04-27,000858,11:07:03,100.1500,23,2
2026-04-27,000858,11:07:06,100.1600,22,1
2026-04-27,000858,11:07:09,100.1600,11,1
2026-04-27,000858,11:07:12,100.1600,10,1
2026-04-27,000858,11:07:15,100.1600,1,1
2026-04-27,000858,11:07:18,100.1500,6,2
2026-04-27,000858,11:07:21,100.1500,10,2
2026-04-27,000858,11:07:24,100.1600,50,1
2026-04-27,000858,11:07:27,100.1500,9,4
2026-04-27,000858,11:07:30,100.1400,18,2
2026-04-27,000858,11:07:33,100.1400,16,2
2026-04-27,000858,11:07:36,100.1400,72,2
2026-04-27,000858,11:07:39,100.1400,28,1
2026-04-27,000858,11:07:42,100.1400,49,1
2026-04-27,000858,11:07:45,100.1300,32,2
2026-04-27,000858,11:07:48,100.1500,26,1
2026-04-27,000858,11:07:51,100.1500,7,2
2026-04-27,000858,11:07:54,100.1600,40,1
2026-04-27,000858,11:07:57,100.1400,5,2
2026-04-27,000858,11:08:00,100.1400,8,2
2026-04-27,000858,11:08:03,100.1400,7,1
2026-04-27,000858,11:08:06,100.1300,31,2
2026-04-27,000858,11:08:09,100.1400,1,1
2026-04-27,000858,11:08:12,100.1400,30,1
2026-04-27,000858,11:08:15,100.1400,10,1
2026-04-27,000858,11:08:18,100.1400,12,1
2026-04-27,000858,11:08:21,100.1400,11,1
2026-04-27,000858,11:08:24,100.1300,47,2
2026-04-27,000858,11:08:27,100.1300,40,2
2026-04-27,000858,11:08:30,100.1200,8,2
2026-04-27,000858,11:08:33,100.1300,52,1
2026-04-27,000858,11:08:36,100.1200,45,2
2026-04-27,000858,11:08:39,100.1300,13,1
2026-04-27,000858,11:08:42,100.1300,48,1
2026-04-27,000858,11:08:45,100.1200,18,2
2026-04-27,000858,11:08:48,100.1300,10,1
2026-04-27,000858,11:08:51,100.1200,14,2
2026-04-27,000858,11:08:54,100.1300,15,1
2026-04-27,000858,11:08:57,100.1200,8,2
2026-04-27,000858,11:09:00,100.1200,45,2
2026-04-27,000858,11:09:03,100.1200,37,2
2026-04-27,000858,11:09:06,100.1200,20,1
2026-04-27,000858,11:09:09,100.1200,4,2
2026-04-27,000858,11:09:12,100.1200,18,2
2026-04-27,000858,11:09:15,100.1300,4,1
2026-04-27,000858,11:09:18,100.1200,14,2
2026-04-27,000858,11:09:21,100.1200,12,1
2026-04-27,000858,11:09:24,100.1200,46,1
2026-04-27,000858,11:09:27,100.1200,7,1
2026-04-27,000858,11:09:30,100.1200,10,2
2026-04-27,000858,11:09:33,100.1200,9,2
2026-04-27,000858,11:09:36,100.1200,13,2
2026-04-27,000858,11:09:39,100.1300,11,1
2026-04-27,000858,11:09:42,100.1200,71,2
2026-04-27,000858,11:09:45,100.1200,31,1
2026-04-27,000858,11:09:48,100.1200,7,2
2026-04-27,000858,11:09:51,100.1300,9,1
2026-04-27,000858,11:09:54,100.1200,13,2
2026-04-27,000858,11:09:57,100.1300,1,1
2026-04-27,000858,11:10:00,100.1300,12,1
2026-04-27,000858,11:10:03,100.1200,43,2
2026-04-27,000858,11:10:06,100.1200,2,2
2026-04-27,000858,11:10:09,100.1200,48,2
2026-04-27,000858,11:10:12,100.1300,31,1
2026-04-27,000858,11:10:15,100.1300,10,2
2026-04-27,000858,11:10:18,100.1400,3,1
2026-04-27,000858,11:10:21,100.1400,6,1
2026-04-27,000858,11:10:24,100.1200,9,2
2026-04-27,000858,11:10:27,100.1300,27,1
2026-04-27,000858,11:10:30,100.1300,14,1
2026-04-27,000858,11:10:33,100.1200,7,2
2026-04-27,000858,11:10:36,100.1300,8,1
2026-04-27,000858,11:10:39,100.1300,2,1
2026-04-27,000858,11:10:42,100.1300,68,1
2026-04-27,000858,11:10:45,100.1300,11,1
2026-04-27,000858,11:10:48,100.1200,18,2
2026-04-27,000858,11:10:51,100.1200,171,2
2026-04-27,000858,11:10:54,100.1100,32,2
2026-04-27,000858,11:10:57,100.1200,7,1
2026-04-27,000858,11:11:00,100.1100,48,2
2026-04-27,000858,11:11:03,100.1100,65,2
2026-04-27,000858,11:11:06,100.1100,48,2
2026-04-27,000858,11:11:09,100.1200,51,1
2026-04-27,000858,11:11:12,100.1100,48,2
2026-04-27,000858,11:11:15,100.1200,36,2
2026-04-27,000858,11:11:18,100.1200,22,1
2026-04-27,000858,11:11:21,100.1100,41,2
2026-04-27,000858,11:11:24,100.1200,4,1
2026-04-27,000858,11:11:27,100.1200,19,1
2026-04-27,000858,11:11:30,100.1200,22,1
2026-04-27,000858,11:11:33,100.1100,502,2
2026-04-27,000858,11:11:36,100.1100,25,1
2026-04-27,000858,11:11:39,100.1100,200,1
2026-04-27,000858,11:11:42,100.1000,41,2
2026-04-27,000858,11:11:45,100.1000,35,2
2026-04-27,000858,11:11:48,100.1100,14,1
2026-04-27,000858,11:11:51,100.1200,21,1
2026-04-27,000858,11:11:54,100.1100,10,4
2026-04-27,000858,11:11:57,100.1200,17,1
2026-04-27,000858,11:12:00,100.1000,18,2
2026-04-27,000858,11:12:03,100.1000,42,2
2026-04-27,000858,11:12:06,100.1100,19,1
2026-04-27,000858,11:12:09,100.1100,12,2
2026-04-27,000858,11:12:12,100.1200,74,1
2026-04-27,000858,11:12:15,100.1100,6,2
2026-04-27,000858,11:12:18,100.1200,7,1
2026-04-27,000858,11:12:21,100.1200,15,1
2026-04-27,000858,11:12:24,100.1100,39,2
2026-04-27,000858,11:12:27,100.1100,16,2
2026-04-27,000858,11:12:30,100.1100,8,2
2026-04-27,000858,11:12:33,100.1200,31,1
2026-04-27,000858,11:12:36,100.1200,14,2
2026-04-27,000858,11:12:39,100.1200,5,1
2026-04-27,000858,11:12:42,100.1200,42,1
2026-04-27,000858,11:12:45,100.1200,1,1
2026-04-27,000858,11:12:48,100.1100,41,2
2026-04-27,000858,11:12:51,100.1200,55,1
2026-04-27,000858,11:12:54,100.1200,12,2
2026-04-27,000858,11:12:57,100.1200,2,2
2026-04-27,000858,11:13:00,100.1200,4,2
2026-04-27,000858,11:13:03,100.1300,40,1
2026-04-27,000858,11:13:06,100.1200,18,2
2026-04-27,000858,11:13:09,100.1200,24,2
2026-04-27,000858,11:13:12,100.1200,7,1
2026-04-27,000858,11:13:15,100.1300,3,1
2026-04-27,000858,11:13:18,100.1200,2,2
2026-04-27,000858,11:13:21,100.1300,48,1
2026-04-27,000858,11:13:24,100.1200,41,2
2026-04-27,000858,11:13:27,100.1400,4,1
2026-04-27,000858,11:13:30,100.1400,8,1
2026-04-27,000858,11:13:33,100.1300,35,2
2026-04-27,000858,11:13:36,100.1400,15,1
2026-04-27,000858,11:13:39,100.1400,14,1
2026-04-27,000858,11:13:42,100.1300,52,2
2026-04-27,000858,11:13:45,100.1300,29,1
2026-04-27,000858,11:13:48,100.1300,41,1
2026-04-27,000858,11:13:51,100.1200,35,2
2026-04-27,000858,11:13:54,100.1200,18,1
2026-04-27,000858,11:13:57,100.1300,14,1
2026-04-27,000858,11:14:00,100.1200,28,2
2026-04-27,000858,11:14:03,100.1100,26,2
2026-04-27,000858,11:14:06,100.1200,10,1
2026-04-27,000858,11:14:09,100.1100,54,2
2026-04-27,000858,11:14:12,100.1100,14,2
2026-04-27,000858,11:14:15,100.1100,27,2
2026-04-27,000858,11:14:18,100.1200,4,2
2026-04-27,000858,11:14:21,100.1100,4,2
2026-04-27,000858,11:14:24,100.1200,7,2
2026-04-27,000858,11:14:27,100.1200,2,1
2026-04-27,000858,11:14:30,100.1200,16,1
2026-04-27,000858,11:14:33,100.1200,7,2
2026-04-27,000858,11:14:36,100.1200,7,1
2026-04-27,000858,11:14:39,100.1300,4,1
2026-04-27,000858,11:14:42,100.1200,30,2
2026-04-27,000858,11:14:45,100.1300,25,1
2026-04-27,000858,11:14:48,100.1300,10,1
2026-04-27,000858,11:14:51,100.1400,21,1
2026-04-27,000858,11:14:54,100.1400,23,1
2026-04-27,000858,11:14:57,100.1300,4,2
2026-04-27,000858,11:15:00,100.1400,17,1
2026-04-27,000858,11:15:03,100.1300,39,2
2026-04-27,000858,11:15:06,100.1300,8,2
2026-04-27,000858,11:15:09,100.1500,3,1
2026-04-27,000858,11:15:12,100.1400,3,2
2026-04-27,000858,11:15:15,100.1400,7,2
2026-04-27,000858,11:15:18,100.1400,4,2
2026-04-27,000858,11:15:21,100.1500,9,1
2026-04-27,000858,11:15:24,100.1400,8,2
2026-04-27,000858,11:15:27,100.1300,291,2
2026-04-27,000858,11:15:30,100.1400,291,1
2026-04-27,000858,11:15:33,100.1400,69,1
2026-04-27,000858,11:15:36,100.1300,343,2
2026-04-27,000858,11:15:39,100.1100,390,2
2026-04-27,000858,11:15:42,100.1100,31,1
2026-04-27,000858,11:15:45,100.1000,219,2
2026-04-27,000858,11:15:48,100.1100,2,2
2026-04-27,000858,11:15:51,100.1100,32,2
2026-04-27,000858,11:15:54,100.1100,8,2
2026-04-27,000858,11:15:57,100.1100,8,2
2026-04-27,000858,11:16:00,100.1200,38,4
2026-04-27,000858,11:16:03,100.1100,53,2
2026-04-27,000858,11:16:06,100.1100,29,2
2026-04-27,000858,11:16:09,100.1200,16,2
2026-04-27,000858,11:16:12,100.1200,5,2
2026-04-27,000858,11:16:15,100.1300,3,1
2026-04-27,000858,11:16:18,100.1200,10,1
2026-04-27,000858,11:16:21,100.1200,6,2
2026-04-27,000858,11:16:24,100.1200,15,1
2026-04-27,000858,11:16:27,100.1200,10,1
2026-04-27,000858,11:16:30,100.1200,17,1
2026-04-27,000858,11:16:33,100.1200,4,1
2026-04-27,000858,11:16:36,100.1100,33,2
2026-04-27,000858,11:16:39,100.1200,4,1
2026-04-27,000858,11:16:42,100.1100,53,2
2026-04-27,000858,11:16:45,100.1100,12,2
2026-04-27,000858,11:16:48,100.1200,6,2
2026-04-27,000858,11:16:51,100.1200,6,2
2026-04-27,000858,11:16:54,100.1300,1,1
2026-04-27,000858,11:16:57,100.1200,13,2
2026-04-27,000858,11:17:00,100.1300,10,1
2026-04-27,000858,11:17:03,100.1300,77,1
2026-04-27,000858,11:17:06,100.1400,3,1
2026-04-27,000858,11:17:09,100.1300,25,2
2026-04-27,000858,11:17:12,100.1400,54,1
2026-04-27,000858,11:17:15,100.1400,3,1
2026-04-27,000858,11:17:18,100.1300,12,2
2026-04-27,000858,11:17:21,100.1300,5,1
2026-04-27,000858,11:17:24,100.1200,22,2
2026-04-27,000858,11:17:27,100.1300,11,4
2026-04-27,000858,11:17:30,100.1300,11,2
2026-04-27,000858,11:17:33,100.1400,4,1
2026-04-27,000858,11:17:39,100.1400,11,1
2026-04-27,000858,11:17:42,100.1400,5,2
2026-04-27,000858,11:17:45,100.1300,31,2
2026-04-27,000858,11:17:48,100.1500,24,1
2026-04-27,000858,11:17:51,100.1500,5,1
2026-04-27,000858,11:17:54,100.1300,24,2
