date,code,time,price,volume,bs
2026-01-23,000858,14:06:09,103.1600,20,1
2026-01-23,000858,14:06:12,103.1500,30,2
2026-01-23,000858,14:06:18,103.1500,7,2
2026-01-23,000858,14:06:21,103.1600,6,1
2026-01-23,000858,14:06:24,103.1600,29,1
2026-01-23,000858,14:06:27,103.1600,1,1
2026-01-23,000858,14:06:30,103.1600,6,1
2026-01-23,000858,14:06:33,103.1500,1,2
2026-01-23,000858,14:06:45,103.1600,6,1
2026-01-23,000858,14:06:51,103.1500,2,2
2026-01-23,000858,14:06:54,103.1600,4,1
2026-01-23,000858,14:06:57,103.1500,13,2
2026-01-23,000858,14:07:00,103.1500,5,2
2026-01-23,000858,14:07:03,103.1600,12,1
2026-01-23,000858,14:07:06,103.1600,15,1
2026-01-23,000858,14:07:09,103.1500,5,2
2026-01-23,000858,14:07:12,103.1500,21,2
2026-01-23,000858,14:07:15,103.1600,11,1
2026-01-23,000858,14:07:18,103.1600,6,1
2026-01-23,000858,14:07:21,103.1600,30,1
2026-01-23,000858,14:07:24,103.1600,7,1
2026-01-23,000858,14:07:27,103.1600,5,2
2026-01-23,000858,14:07:30,103.1700,4,1
2026-01-23,000858,14:07:33,103.1600,26,2
2026-01-23,000858,14:07:36,103.1600,1,2
2026-01-23,000858,14:07:39,103.1600,175,2
2026-01-23,000858,14:07:42,103.1600,9,1
2026-01-23,000858,14:07:45,103.1500,50,2
2026-01-23,000858,14:07:48,103.1500,49,2
2026-01-23,000858,14:07:51,103.1500,12,2
2026-01-23,000858,14:07:54,103.1600,2,1
2026-01-23,000858,14:07:57,103.1500,5,2
2026-01-23,000858,14:08:00,103.1500,22,2
2026-01-23,000858,14:08:03,103.1500,32,2
2026-01-23,000858,14:08:06,103.1600,22,1
2026-01-23,000858,14:08:09,103.1600,15,1
2026-01-23,000858,14:08:15,103.1500,12,2
2026-01-23,000858,14:08:18,103.1600,53,1
2026-01-23,000858,14:08:21,103.1500,58,2
2026-01-23,000858,14:08:24,103.1500,10,2
2026-01-23,000858,14:08:27,103.1600,7,1
2026-01-23,000858,14:08:30,103.1600,10,1
2026-01-23,000858,14:08:33,103.1500,16,2
2026-01-23,000858,14:08:36,103.1500,12,2
2026-01-23,000858,14:08:39,103.1600,71,1
2026-01-23,000858,14:08:42,103.1400,3,2
2026-01-23,000858,14:08:45,103.1600,41,1
2026-01-23,000858,14:08:48,103.1300,60,2
2026-01-23,000858,14:08:51,103.1500,5,1
2026-01-23,000858,14:08:54,103.1200,34,2
2026-01-23,000858,14:08:57,103.1400,97,1
2026-01-23,000858,14:09:00,103.1000,53,2
2026-01-23,000858,14:09:03,103.1000,72,2
2026-01-23,000858,14:09:06,103.1500,55,1
2026-01-23,000858,14:09:09,103.0900,134,2
2026-01-23,000858,14:09:12,103.0800,57,2
2026-01-23,000858,14:09:15,103.0800,28,2
2026-01-23,000858,14:09:18,103.0900,26,1
2026-01-23,000858,14:09:21,103.0800,137,2
2026-01-23,000858,14:09:24,103.0500,94,2
2026-01-23,000858,14:09:27,103.0300,89,2
2026-01-23,000858,14:09:30,103.0800,217,1
2026-01-23,000858,14:09:33,103.0000,51,2
2026-01-23,000858,14:09:36,103.0000,84,2
2026-01-23,000858,14:09:39,103.0500,27,1
2026-01-23,000858,14:09:42,103.0100,19,2
2026-01-23,000858,14:09:45,103.0100,60,2
2026-01-23,000858,14:09:48,103.0100,61,2
2026-01-23,000858,14:09:51,103.0200,54,2
2026-01-23,000858,14:09:54,103.0000,22,2
2026-01-23,000858,14:09:57,103.0000,50,2
2026-01-23,000858,14:10:00,103.0400,64,1
2026-01-23,000858,14:10:03,102.9900,109,2
2026-01-23,000858,14:10:06,103.0100,18,4
2026-01-23,000858,14:10:09,102.9900,39,2
2026-01-23,000858,14:10:12,103.0200,15,1
2026-01-23,000858,14:10:15,103.0000,10,2
2026-01-23,000858,14:10:18,103.0200,26,1
2026-01-23,000858,14:10:21,103.0000,135,2
2026-01-23,000858,14:10:24,102.9900,22,2
2026-01-23,000858,14:10:27,102.9900,72,2
2026-01-23,000858,14:10:30,102.9900,11,2
2026-01-23,000858,14:10:33,102.9800,33,2
2026-01-23,000858,14:10:36,103.0000,45,2
2026-01-23,000858,14:10:39,102.9700,88,2
2026-01-23,000858,14:10:42,102.9600,56,2
2026-01-23,000858,14:10:45,103.0000,50,1
2026-01-23,000858,14:10:48,102.9600,15,2
2026-01-23,000858,14:10:51,102.9700,34,2
2026-01-23,000858,14:10:54,102.9600,44,2
2026-01-23,000858,14:10:57,102.9600,48,2
2026-01-23,000858,14:11:00,102.9600,57,2
2026-01-23,000858,14:11:03,102.9600,54,2
2026-01-23,000858,14:11:06,102.9500,96,2
2026-01-23,000858,14:11:09,102.9600,51,4
2026-01-23,000858,14:11:12,102.9600,134,1
2026-01-23,000858,14:11:15,102.9400,121,2
2026-01-23,000858,14:11:18,103.0000,35,1
2026-01-23,000858,14:11:21,102.9600,29,1
2026-01-23,000858,14:11:24,102.9600,10,2
2026-01-23,000858,14:11:27,103.0300,90,1
2026-01-23,000858,14:11:30,102.9700,41,2
2026-01-23,000858,14:11:33,102.9600,74,2
2026-01-23,000858,14:11:36,102.9600,18,2
2026-01-23,000858,14:11:39,102.9600,101,2
2026-01-23,000858,14:11:42,102.9300,105,2
2026-01-23,000858,14:11:45,102.9300,65,2
2026-01-23,000858,14:11:48,102.9700,64,1
2026-01-23,000858,14:11:51,102.9300,58,2
2026-01-23,000858,14:11:54,102.9300,30,2
2026-01-23,000858,14:11:57,102.9300,43,2
2026-01-23,000858,14:12:00,102.9300,19,2
2026-01-23,000858,14:12:03,102.9300,57,2
2026-01-23,000858,14:12:06,102.9500,84,1
2026-01-23,000858,14:12:09,102.9500,111,1
2026-01-23,000858,14:12:12,102.9700,54,1
2026-01-23,000858,14:12:15,102.9400,67,4
2026-01-23,000858,14:12:18,102.9100,58,2
2026-01-23,000858,14:12:21,102.9500,89,2
2026-01-23,000858,14:12:24,102.9000,84,2
2026-01-23,000858,14:12:27,102.9400,34,4
2026-01-23,000858,14:12:30,102.9400,33,2
2026-01-23,000858,14:12:33,102.9400,87,2
2026-01-23,000858,14:12:36,102.9800,50,1
2026-01-23,000858,14:12:39,102.9400,9,2
2026-01-23,000858,14:12:42,103.0000,116,1
2026-01-23,000858,14:12:45,102.9200,42,2
2026-01-23,000858,14:12:48,102.9400,17,2
2026-01-23,000858,14:12:51,102.9900,110,1
2026-01-23,000858,14:12:54,102.9200,93,2
2026-01-23,000858,14:12:57,102.9200,97,2
2026-01-23,000858,14:13:00,102.9200,36,2
2026-01-23,000858,14:13:03,102.9200,60,2
2026-01-23,000858,14:13:06,102.9100,26,2
2026-01-23,000858,14:13:09,102.9800,39,1
2026-01-23,000858,14:13:12,102.9500,53,2
2026-01-23,000858,14:13:15,102.9800,26,1
2026-01-23,000858,14:13:18,102.9100,85,2
2026-01-23,000858,14:13:21,102.9100,27,2
2026-01-23,000858,14:13:24,102.9200,17,2
2026-01-23,000858,14:13:27,102.9500,35,2
2026-01-23,000858,14:13:30,102.9200,30,2
2026-01-23,000858,14:13:33,102.9800,38,1
2026-01-23,000858,14:13:36,102.9200,18,2
2026-01-23,000858,14:13:39,102.9100,182,2
2026-01-23,000858,14:13:42,102.9800,22,1
2026-01-23,000858,14:13:45,102.9800,29,2
2026-01-23,000858,14:13:48,102.9800,14,2
2026-01-23,000858,14:13:51,102.9900,34,4
2026-01-23,000858,14:13:54,102.9300,13,2
2026-01-23,000858,14:13:57,102.9300,17,2
2026-01-23,000858,14:14:00,102.9200,35,2
2026-01-23,000858,14:14:03,102.9300,86,2
2026-01-23,000858,14:14:06,102.9300,84,1
2026-01-23,000858,14:14:09,102.9300,52,1
2026-01-23,000858,14:14:12,102.9200,20,2
2026-01-23,000858,14:14:15,102.9300,34,2
2026-01-23,000858,14:14:18,102.9200,50,2
2026-01-23,000858,14:14:21,102.9200,70,2
2026-01-23,000858,14:14:24,102.9300,40,4
2026-01-23,000858,14:14:27,102.9100,96,2
2026-01-23,000858,14:14:30,102.9500,31,1
2026-01-23,000858,14:14:33,102.9300,35,2
2026-01-23,000858,14:14:36,103.0000,23,1
2026-01-23,000858,14:14:39,103.0000,55,1
2026-01-23,000858,14:14:42,102.9500,22,2
2026-01-23,000858,14:14:45,102.9900,1,1
2026-01-23,000858,14:14:48,102.9500,21,2
2026-01-23,000858,14:14:51,102.9500,23,2
2026-01-23,000858,14:14:54,102.9500,37,2
2026-01-23,000858,14:14:57,102.9500,6,2
2026-01-23,000858,14:15:00,103.0000,3,1
2026-01-23,000858,14:15:03,102.9900,8,1
2026-01-23,000858,14:15:06,102.9700,17,2
2026-01-23,000858,14:15:09,102.9900,13,1
2026-01-23,000858,14:15:12,102.9900,5,1
2026-01-23,000858,14:15:15,102.9800,12,4
2026-01-23,000858,14:15:18,102.9700,9,2
2026-01-23,000858,14:15:21,102.9800,25,2
2026-01-23,000858,14:15:24,103.0400,22,1
2026-01-23,000858,14:15:27,103.0000,5,2
2026-01-23,000858,14:15:33,103.0000,6,2
2026-01-23,000858,14:15:36,103.0100,14,2
2026-01-23,000858,14:15:39,103.0100,10,2
2026-01-23,000858,14:15:42,103.0100,8,2
2026-01-23,000858,14:15:45,103.0100,17,2
2026-01-23,000858,14:15:48,103.0100,4,2
2026-01-23,000858,14:15:51,103.0200,8,1
2026-01-23,000858,14:15:54,103.0100,19,2
2026-01-23,000858,14:15:57,103.0000,22,2
2026-01-23,000858,14:16:00,103.0100,21,1
2026-01-23,000858,14:16:03,103.0400,15,1
2026-01-23,000858,14:16:06,103.0400,3,1
2026-01-23,000858,14:16:09,103.0300,18,4
2026-01-23,000858,14:16:12,103.0400,10,1
2026-01-23,000858,14:16:15,103.0100,8,2
2026-01-23,000858,14:16:21,103.0100,1,2
2026-01-23,000858,14:16:24,103.0400,13,1
2026-01-23,000858,14:16:27,103.0400,9,1
2026-01-23,000858,14:16:30,103.0200,3,2
2026-01-23,000858,14:16:33,103.0200,9,2
2026-01-23,000858,14:16:36,103.0200,15,1
2026-01-23,000858,14:16:39,103.0300,14,1
2026-01-23,000858,14:16:42,103.0200,10,2
2026-01-23,000858,14:16:45,103.0200,16,2
2026-01-23,000858,14:16:48,103.0200,7,2
2026-01-23,000858,14:16:51,103.0200,27,2
2026-01-23,000858,14:16:54,103.0200,27,2
2026-01-23,000858,14:16:57,103.0200,28,1
2026-01-23,000858,14:17:00,103.0200,7,2
2026-01-23,000858,14:17:03,103.0200,1,2
2026-01-23,000858,14:17:06,103.0300,5,1
2026-01-23,000858,14:17:09,103.0300,2,1
2026-01-23,000858,14:17:12,103.0200,21,2
2026-01-23,000858,14:17:15,103.0300,42,1
2026-01-23,000858,14:17:18,103.0200,18,2
2026-01-23,000858,14:17:21,103.0200,2,2
2026-01-23,000858,14:17:24,103.0200,7,2
2026-01-23,000858,14:17:27,103.0300,40,1
2026-01-23,000858,14:17:30,103.0300,5,1
2026-01-23,000858,14:17:33,103.0300,5,1
2026-01-23,000858,14:17:36,103.0300,13,1
2026-01-23,000858,14:17:42,103.0200,13,2
2026-01-23,000858,14:17:45,103.0300,4,1
2026-01-23,000858,14:17:48,103.0200,9,2
2026-01-23,000858,14:17:51,103.0200,20,2
2026-01-23,000858,14:17:54,103.0200,8,2
2026-01-23,000858,14:17:57,103.0200,13,2
2026-01-23,000858,14:18:00,103.0200,4,2
2026-01-23,000858,14:18:03,103.0300,5,1
2026-01-23,000858,14:18:06,103.0200,3,2
2026-01-23,000858,14:18:09,103.0200,33,2
2026-01-23,000858,14:18:12,103.0200,9,2
2026-01-23,000858,14:18:15,103.0200,11,2
2026-01-23,000858,14:18:18,103.0300,5,1
2026-01-23,000858,14:18:21,103.0200,13,2
2026-01-23,000858,14:18:24,103.0200,29,2
2026-01-23,000858,14:18:27,103.0200,242,2
2026-01-23,000858,14:18:30,103.0200,81,1
2026-01-23,000858,14:18:33,103.0100,19,1
2026-01-23,000858,14:18:36,103.0200,26,1
2026-01-23,000858,14:18:39,103.0100,1,2
2026-01-23,000858,14:18:42,103.0200,14,1
2026-01-23,000858,14:18:45,103.0100,45,2
2026-01-23,000858,14:18:48,103.0200,18,1
2026-01-23,000858,14:18:51,103.0200,4,1
2026-01-23,000858,14:18:54,103.0100,10,2
2026-01-23,000858,14:18:57,103.0200,21,1
2026-01-23,000858,14:19:00,103.0100,14,2
2026-01-23,000858,14:19:03,103.0100,8,1
2026-01-23,000858,14:19:06,103.0100,18,1
2026-01-23,000858,14:19:09,103.0200,5,1
2026-01-23,000858,14:19:12,103.0200,23,1
2026-01-23,000858,14:19:15,103.0000,160,2
2026-01-23,000858,14:19:18,103.0000,19,1
2026-01-23,000858,14:19:21,102.9900,18,2
2026-01-23,000858,14:19:24,103.0000,8,1
2026-01-23,000858,14:19:27,102.9800,14,2
2026-01-23,000858,14:19:30,102.9900,35,4
2026-01-23,000858,14:19:33,102.9900,8,1
2026-01-23,000858,14:19:36,102.9800,13,2
2026-01-23,000858,14:19:39,102.9800,34,2
2026-01-23,000858,14:19:42,103.0000,10,1
2026-01-23,000858,14:19:45,102.9900,6,1
2026-01-23,000858,14:19:48,102.9900,2,1
2026-01-23,000858,14:19:51,102.9900,8,1
2026-01-23,000858,14:19:54,102.9900,23,1
2026-01-23,000858,14:19:57,102.9800,18,2
2026-01-23,000858,14:20:00,102.9800,18,2
2026-01-23,000858,14:20:03,102.9800,56,2
2026-01-23,000858,14:20:06,102.9800,82,2
2026-01-23,000858,14:20:09,102.9700,21,2
2026-01-23,000858,14:20:12,102.9700,18,2
2026-01-23,000858,14:20:15,102.9800,103,1
2026-01-23,000858,14:20:18,102.9700,10,2
2026-01-23,000858,14:20:21,102.9800,19,1
2026-01-23,000858,14:20:24,102.9800,21,1
2026-01-23,000858,14:20:27,102.9800,7,1
2026-01-23,000858,14:20:30,102.9700,25,2
2026-01-23,000858,14:20:33,102.9700,5,2
2026-01-23,000858,14:20:36,102.9800,24,1
2026-01-23,000858,14:20:39,102.9700,25,2
2026-01-23,000858,14:20:42,102.9700,9,2
2026-01-23,000858,14:20:45,102.9700,34,2
2026-01-23,000858,14:20:48,102.9800,6,1
2026-01-23,000858,14:20:51,102.9800,21,1
2026-01-23,000858,14:20:54,102.9800,37,1
2026-01-23,000858,14:21:00,102.9800,39,1
2026-01-23,000858,14:21:03,102.9800,20,1
2026-01-23,000858,14:21:06,102.9900,22,1
2026-01-23,000858,14:21:09,102.9900,17,2
2026-01-23,000858,14:21:12,102.9900,13,2
2026-01-23,000858,14:21:15,103.0000,7,1
2026-01-23,000858,14:21:18,103.0000,2,1
2026-01-23,000858,14:21:21,103.0000,86,1
2026-01-23,000858,14:21:24,103.0000,7,1
2026-01-23,000858,14:21:27,103.0000,33,2
2026-01-23,000858,14:21:30,103.0100,7,1
2026-01-23,000858,14:21:33,103.0000,36,2
2026-01-23,000858,14:21:36,103.0000,16,2
2026-01-23,000858,14:21:39,103.0100,6,2
2026-01-23,000858,14:21:42,103.0200,7,1
2026-01-23,000858,14:21:45,103.0000,33,2
2026-01-23,000858,14:21:48,103.0200,12,1
2026-01-23,000858,14:21:51,103.0200,33,1
2026-01-23,000858,14:21:54,103.0200,19,1
2026-01-23,000858,14:21:57,103.0200,13,1
2026-01-23,000858,14:22:00,103.0300,25,1
2026-01-23,000858,14:22:03,103.0100,11,2
2026-01-23,000858,14:22:06,103.0200,1,4
2026-01-23,000858,14:22:09,103.0100,6,2
2026-01-23,000858,14:22:12,103.0100,4,2
2026-01-23,000858,14:22:18,103.0200,12,1
2026-01-23,000858,14:22:21,103.0200,5,1
2026-01-23,000858,14:22:24,103.0100,36,2
2026-01-23,000858,14:22:27,103.0200,17,1
2026-01-23,000858,14:22:30,103.0200,6,1
2026-01-23,000858,14:22:33,103.0200,11,1
2026-01-23,000858,14:22:36,103.0100,19,2
2026-01-23,000858,14:22:39,103.0200,15,1
2026-01-23,000858,14:22:42,103.0100,18,2
2026-01-23,000858,14:22:45,103.0200,3,1
2026-01-23,000858,14:22:48,103.0200,20,1
2026-01-23,000858,14:22:51,103.0100,28,2
2026-01-23,000858,14:22:54,103.0100,6,2
2026-01-23,000858,14:22:57,103.0200,1,1
2026-01-23,000858,14:23:00,103.0100,32,2
2026-01-23,000858,14:23:03,103.0000,66,2
2026-01-23,000858,14:23:06,103.0000,3,2
2026-01-23,000858,14:23:09,103.0100,22,1
2026-01-23,000858,14:23:12,103.0000,89,2
2026-01-23,000858,14:23:15,103.0100,18,1
2026-01-23,000858,14:23:18,103.0100,8,1
2026-01-23,000858,14:23:21,103.0100,1,1
2026-01-23,000858,14:23:24,103.0000,20,2
2026-01-23,000858,14:23:27,103.0000,20,1
2026-01-23,000858,14:23:33,102.9900,12,2
2026-01-23,000858,14:23:36,102.9900,3,2
2026-01-23,000858,14:23:39,103.0000,16,1
2026-01-23,000858,14:23:42,103.0000,30,1
2026-01-23,000858,14:23:45,102.9900,11,2
2026-01-23,000858,14:23:48,102.9900,35,2
2026-01-23,000858,14:23:51,103.0000,76,1
2026-01-23,000858,14:23:54,102.9900,7,2
2026-01-23,000858,14:24:00,102.9900,48,2
2026-01-23,000858,14:24:03,103.0000,43,1
2026-01-23,000858,14:24:06,102.9900,17,4
2026-01-23,000858,14:24:09,103.0000,32,1
2026-01-23,000858,14:24:12,102.9900,1,4
2026-01-23,000858,14:24:15,102.9800,52,2
2026-01-23,000858,14:24:24,103.0000,7,1
2026-01-23,000858,14:24:27,103.0000,16,1
2026-01-23,000858,14:24:30,103.0000,35,1
2026-01-23,000858,14:24:33,103.0100,83,1
2026-01-23,000858,14:24:36,103.0000,3,2
2026-01-23,000858,14:24:39,103.0100,4,1
2026-01-23,000858,14:24:42,103.0100,3,1
2026-01-23,000858,14:24:45,103.0100,48,1
2026-01-23,000858,14:24:48,103.0100,25,1
2026-01-23,000858,14:24:51,103.0100,7,1
2026-01-23,000858,14:24:54,103.0100,20,1
2026-01-23,000858,14:24:57,103.0100,41,1
2026-01-23,000858,14:25:00,103.0100,36,1
2026-01-23,000858,14:25:03,103.0100,44,2
2026-01-23,000858,14:25:06,103.0100,17,1
2026-01-23,000858,14:25:09,103.0000,4,2
2026-01-23,000858,14:25:12,103.0100,17,2
2026-01-23,000858,14:25:15,103.0100,20,2
2026-01-23,000858,14:25:18,103.0100,13,1
2026-01-23,000858,14:25:21,103.0100,6,1
2026-01-23,000858,14:25:24,103.0200,45,1
2026-01-23,000858,14:25:27,103.0100,5,2
2026-01-23,000858,14:25:30,103.0200,15,1
2026-01-23,000858,14:25:33,103.0200,13,1
2026-01-23,000858,14:25:36,103.0200,37,1
2026-01-23,000858,14:25:39,103.0200,11,1
2026-01-23,000858,14:25:42,103.0200,5,1
2026-01-23,000858,14:25:45,103.0200,17,1
2026-01-23,000858,14:25:48,103.0200,23,1
2026-01-23,000858,14:25:51,103.0100,105,2
2026-01-23,000858,14:25:54,103.0200,3,1
2026-01-23,000858,14:26:00,103.0200,22,1
2026-01-23,000858,14:26:03,103.0200,5,1
2026-01-23,000858,14:26:06,103.0100,20,2
2026-01-23,000858,14:26:09,103.0100,18,2
2026-01-23,000858,14:26:12,103.0100,13,2
2026-01-23,000858,14:26:15,103.0100,48,2
2026-01-23,000858,14:26:18,103.0200,1,1
2026-01-23,000858,14:26:21,103.0100,99,2
2026-01-23,000858,14:26:24,103.0100,14,2
2026-01-23,000858,14:26:27,103.0200,6,1
2026-01-23,000858,14:26:30,103.0100,60,2
2026-01-23,000858,14:26:33,103.0200,33,1
2026-01-23,000858,14:26:36,103.0100,3,2
2026-01-23,000858,14:26:39,103.0100,20,2
2026-01-23,000858,14:26:42,103.0200,2,1
2026-01-23,000858,14:26:45,103.0300,89,1
2026-01-23,000858,14:26:48,103.0400,35,1
2026-01-23,000858,14:26:51,103.0400,2,2
2026-01-23,000858,14:26:54,103.0500,7,1
2026-01-23,000858,14:26:57,103.0400,4,2
2026-01-23,000858,14:27:00,103.0500,3,1
2026-01-23,000858,14:27:03,103.0500,21,1
2026-01-23,000858,14:27:06,103.0400,27,2
2026-01-23,000858,14:27:09,103.0500,38,1
2026-01-23,000858,14:27:12,103.0500,20,1
2026-01-23,000858,14:27:15,103.0400,47,2
2026-01-23,000858,14:27:18,103.0600,12,1
2026-01-23,000858,14:27:21,103.0600,20,1
2026-01-23,000858,14:27:24,103.0600,21,1
2026-01-23,000858,14:27:27,103.0600,15,1
2026-01-23,000858,14:27:30,103.0600,40,1
2026-01-23,000858,14:27:33,103.0600,43,1
2026-01-23,000858,14:27:36,103.0800,17,1
2026-01-23,000858,14:27:39,103.0900,118,1
2026-01-23,000858,14:27:42,103.0800,52,2
2026-01-23,000858,14:27:45,103.0600,28,2
2026-01-23,000858,14:27:48,103.0900,25,1
2026-01-23,000858,14:27:51,103.0600,30,2
2026-01-23,000858,14:27:54,103.0600,63,2
2026-01-23,000858,14:27:57,103.0600,15,2
2026-01-23,000858,14:28:00,103.1000,59,1
2026-01-23,000858,14:28:03,103.0900,22,1
2026-01-23,000858,14:28:06,103.0700,153,2
2026-01-23,000858,14:28:09,103.0800,24,4
2026-01-23,000858,14:28:12,103.0800,13,1
2026-01-23,000858,14:28:15,103.0600,16,2
2026-01-23,000858,14:28:18,103.0300,20,2
2026-01-23,000858,14:28:21,103.0200,90,2
2026-01-23,000858,14:28:24,103.0600,110,1
2026-01-23,000858,14:28:27,103.0000,105,2
2026-01-23,000858,14:28:30,103.0400,307,1
2026-01-23,000858,14:28:33,103.0400,9,2
2026-01-23,000858,14:28:36,103.0300,6,2
2026-01-23,000858,14:28:39,103.0400,8,1
2026-01-23,000858,14:28:42,103.0000,23,2
2026-01-23,000858,14:28:45,103.0300,21,1
2026-01-23,000858,14:28:48,103.0300,45,1
2026-01-23,000858,14:28:51,103.0200,20,1
2026-01-23,000858,14:28:54,103.0200,7,2
2026-01-23,000858,14:28:57,103.0200,12,2
2026-01-23,000858,14:29:00,103.0200,4,1
2026-01-23,000858,14:29:03,103.0200,31,2
2026-01-23,000858,14:29:06,103.0200,5,2
2026-01-23,000858,14:29:09,103.0200,1,2
2026-01-23,000858,14:29:12,103.0300,3,1
2026-01-23,000858,14:29:15,103.0300,2,1
2026-01-23,000858,14:29:18,103.0200,12,2
2026-01-23,000858,14:29:21,103.0300,8,1
2026-01-23,000858,14:29:24,103.0200,2,2
2026-01-23,000858,14:29:30,103.0300,25,1
2026-01-23,000858,14:29:33,103.0200,26,2
2026-01-23,000858,14:29:36,103.0200,40,2
2026-01-23,000858,14:29:39,103.0300,38,1
2026-01-23,000858,14:29:42,103.0300,21,1
2026-01-23,000858,14:29:45,103.0100,57,2
2026-01-23,000858,14:29:48,102.9800,179,2
2026-01-23,000858,14:29:51,103.0000,169,4
2026-01-23,000858,14:29:54,102.9700,21,2
2026-01-23,000858,14:29:57,102.9600,125,2
2026-01-23,000858,14:30:00,102.9600,155,2
2026-01-23,000858,14:30:03,102.9600,95,2
2026-01-23,000858,14:30:06,102.9600,200,2
2026-01-23,000858,14:30:09,102.9600,57,2
2026-01-23,000858,14:30:12,102.9500,61,2
2026-01-23,000858,14:30:15,102.9600,106,1
2026-01-23,000858,14:30:18,102.9500,53,2
2026-01-23,000858,14:30:21,102.9700,88,1
2026-01-23,000858,14:30:24,102.9700,40,1
2026-01-23,000858,14:30:27,102.9600,75,2
2026-01-23,000858,14:30:30,102.9600,36,1
2026-01-23,000858,14:30:33,102.9600,149,1
2026-01-23,000858,14:30:36,102.9600,74,2
2026-01-23,000858,14:30:39,102.9500,58,2
2026-01-23,000858,14:30:42,102.9500,50,2
2026-01-23,000858,14:30:45,102.9400,122,2
2026-01-23,000858,14:30:48,102.9600,96,1
2026-01-23,000858,14:30:51,102.9400,89,2
2026-01-23,000858,14:30:54,102.9600,65,1
2026-01-23,000858,14:30:57,102.9500,41,4
2026-01-23,000858,14:31:00,102.9400,91,2
2026-01-23,000858,14:31:03,102.9200,79,2
2026-01-23,000858,14:31:06,102.9200,69,2
2026-01-23,000858,14:31:09,102.9400,80,1
2026-01-23,000858,14:31:12,102.9400,96,1
2026-01-23,000858,14:31:15,102.9100,78,2
2026-01-23,000858,14:31:18,102.9100,68,2
2026-01-23,000858,14:31:21,102.9000,161,2
2026-01-23,000858,14:31:24,102.9400,165,1
2026-01-23,000858,14:31:27,102.9000,169,2
2026-01-23,000858,14:31:30,102.9400,52,4
2026-01-23,000858,14:31:33,102.9400,70,2
2026-01-23,000858,14:31:36,102.9100,114,2
2026-01-23,000858,14:31:39,102.9600,87,1
2026-01-23,000858,14:31:42,102.9700,149,1
2026-01-23,000858,14:31:45,102.9500,105,1
2026-01-23,000858,14:31:48,102.9000,132,2
2026-01-23,000858,14:31:51,102.9000,89,2
2026-01-23,000858,14:31:54,102.9100,81,2
2026-01-23,000858,14:31:57,102.9000,190,2
2026-01-23,000858,14:32:00,102.9000,48,2
2026-01-23,000858,14:32:03,102.9000,69,2
2026-01-23,000858,14:32:06,102.9000,173,2
2026-01-23,000858,14:32:09,102.9900,109,1
2026-01-23,000858,14:32:12,102.9100,66,2
2026-01-23,000858,14:32:15,102.9000,81,2
2026-01-23,000858,14:32:18,102.9600,105,1
2026-01-23,000858,14:32:21,102.9100,79,1
2026-01-23,000858,14:32:24,102.9200,69,1
2026-01-23,000858,14:32:27,102.9100,138,2
2026-01-23,000858,14:32:30,102.9100,57,1
2026-01-23,000858,14:32:33,102.9500,152,1
2026-01-23,000858,14:32:36,102.9000,86,1
2026-01-23,000858,14:32:39,102.9200,55,1
2026-01-23,000858,14:32:42,102.9400,64,1
2026-01-23,000858,14:32:45,102.9100,117,2
2026-01-23,000858,14:32:48,102.9100,72,2
2026-01-23,000858,14:32:51,102.9100,63,2
2026-01-23,000858,14:32:54,102.9400,77,1
2026-01-23,000858,14:32:57,102.9100,25,2
2026-01-23,000858,14:33:00,102.9300,53,4
2026-01-23,000858,14:33:03,102.9000,80,2
2026-01-23,000858,14:33:06,102.9300,103,1
2026-01-23,000858,14:33:09,102.8800,173,2
2026-01-23,000858,14:33:12,102.9100,104,4
2026-01-23,000858,14:33:15,102.9000,64,2
2026-01-23,000858,14:33:18,102.8800,89,2
2026-01-23,000858,14:33:21,102.8900,93,2
2026-01-23,000858,14:33:24,102.9100,66,1
2026-01-23,000858,14:33:27,102.8900,85,2
2026-01-23,000858,14:33:30,102.8800,48,2
2026-01-23,000858,14:33:33,102.8900,71,1
2026-01-23,000858,14:33:36,102.8900,49,1
2026-01-23,000858,14:33:39,102.8800,97,2
2026-01-23,000858,14:33:42,102.8900,60,2
2026-01-23,000858,14:33:45,102.9100,68,1
2026-01-23,000858,14:33:48,102.8800,70,2
2026-01-23,000858,14:33:51,102.8900,39,2
2026-01-23,000858,14:33:54,102.8700,206,2
2026-01-23,000858,14:33:57,102.8700,75,2
2026-01-23,000858,14:34:00,102.8900,357,1
2026-01-23,000858,14:34:03,102.8500,181,2
2026-01-23,000858,14:34:06,102.8500,35,2
2026-01-23,000858,14:34:09,102.8800,41,1
2026-01-23,000858,14:34:12,102.8700,50,1
2026-01-23,000858,14:34:15,102.8700,106,1
2026-01-23,000858,14:34:18,102.8700,48,1
2026-01-23,000858,14:34:21,102.8700,85,1
2026-01-23,000858,14:34:24,102.8900,189,1
2026-01-23,000858,14:34:27,102.8300,182,2
2026-01-23,000858,14:34:30,102.8800,48,1
2026-01-23,000858,14:34:33,102.8900,72,1
2026-01-23,000858,14:34:36,102.8200,144,2
2026-01-23,000858,14:34:39,102.8200,26,2
2026-01-23,000858,14:34:42,102.8100,72,2
2026-01-23,000858,14:34:45,102.8300,71,2
2026-01-23,000858,14:34:48,102.8600,103,1
2026-01-23,000858,14:34:51,102.8100,57,2
2026-01-23,000858,14:34:54,102.8600,80,1
2026-01-23,000858,14:34:57,102.8500,206,1
2026-01-23,000858,14:35:00,102.8100,46,2
2026-01-23,000858,14:35:03,102.8200,162,2
2026-01-23,000858,14:35:06,102.8200,167,1
2026-01-23,000858,14:35:09,102.8000,87,2
2026-01-23,000858,14:35:12,102.8500,61,1
2026-01-23,000858,14:35:15,102.8200,81,2
2026-01-23,000858,14:35:18,102.8300,69,1
2026-01-23,000858,14:35:21,102.8300,79,2
2026-01-23,000858,14:35:24,102.8300,73,2
2026-01-23,000858,14:35:27,102.8500,170,1
2026-01-23,000858,14:35:30,102.8200,120,2
2026-01-23,000858,14:35:33,102.8200,91,1
2026-01-23,000858,14:35:36,102.8200,151,1
2026-01-23,000858,14:35:39,102.8200,101,1
2026-01-23,000858,14:35:42,102.8200,44,4
2026-01-23,000858,14:35:45,102.8200,56,2
2026-01-23,000858,14:35:48,102.8200,142,2
2026-01-23,000858,14:35:51,102.8100,96,2
2026-01-23,000858,14:35:54,102.8200,68,4
2026-01-23,000858,14:35:57,102.8000,97,2
2026-01-23,000858,14:36:00,102.8200,19,1
2026-01-23,000858,14:36:03,102.8000,116,2
2026-01-23,000858,14:36:06,102.8100,150,2
2026-01-23,000858,14:36:09,102.8100,52,1
2026-01-23,000858,14:36:12,102.8000,91,2
2026-01-23,000858,14:36:15,102.8100,127,2
2026-01-23,000858,14:36:18,102.8100,123,1
2026-01-23,000858,14:36:21,102.8200,33,1
2026-01-23,000858,14:36:24,102.8200,68,2
2026-01-23,000858,14:36:27,102.8500,36,1
2026-01-23,000858,14:36:30,102.8100,62,2
2026-01-23,000858,14:36:33,102.8500,38,1
2026-01-23,000858,14:36:36,102.8100,60,2
2026-01-23,000858,14:36:39,102.8200,47,4
2026-01-23,000858,14:36:42,102.8200,34,2
2026-01-23,000858,14:36:45,102.8200,108,2
2026-01-23,000858,14:36:48,102.8300,71,2
2026-01-23,000858,14:36:51,102.8300,63,2
2026-01-23,000858,14:36:54,102.8100,53,2
2026-01-23,000858,14:36:57,102.8100,149,2
2026-01-23,000858,14:37:00,102.8200,98,2
2026-01-23,000858,14:37:03,102.8300,59,2
2026-01-23,000858,14:37:06,102.8100,52,2
2026-01-23,000858,14:37:09,102.8100,302,2
2026-01-23,000858,14:37:12,102.7700,2162,2
2026-01-23,000858,14:37:15,102.7300,396,2
2026-01-23,000858,14:37:18,102.7800,353,1
2026-01-23,000858,14:37:21,102.7100,80,2
2026-01-23,000858,14:37:24,102.7100,142,2
2026-01-23,000858,14:37:27,102.7700,46,1
2026-01-23,000858,14:37:30,102.7700,167,1
2026-01-23,000858,14:37:33,102.7600,198,1
2026-01-23,000858,14:37:36,102.7200,102,2
2026-01-23,000858,14:37:39,102.7600,101,1
2026-01-23,000858,14:37:42,102.7300,275,2
2026-01-23,000858,14:37:45,102.7100,172,2
2026-01-23,000858,14:37:48,102.7600,76,1
2026-01-23,000858,14:37:51,102.7800,133,1
2026-01-23,000858,14:37:54,102.7300,50,2
2026-01-23,000858,14:37:57,102.7500,166,2
2026-01-23,000858,14:38:00,102.7800,76,1
2026-01-23,000858,14:38:03,102.7900,183,1
2026-01-23,000858,14:38:06,102.7000,138,2
2026-01-23,000858,14:38:09,102.7300,69,2
2026-01-23,000858,14:38:12,102.7500,108,2
2026-01-23,000858,14:38:15,102.8100,105,1
2026-01-23,000858,14:38:18,102.7200,96,2
2026-01-23,000858,14:38:21,102.8000,98,1
2026-01-23,000858,14:38:24,102.8200,59,1
2026-01-23,000858,14:38:27,102.7600,100,2
2026-01-23,000858,14:38:30,102.8000,47,1
2026-01-23,000858,14:38:33,102.7200,84,2
2026-01-23,000858,14:38:36,102.7600,107,1
2026-01-23,000858,14:38:39,102.7200,109,2
2026-01-23,000858,14:38:42,102.7300,23,1
2026-01-23,000858,14:38:45,102.7500,151,1
2026-01-23,000858,14:38:48,102.7300,96,2
2026-01-23,000858,14:38:51,102.7300,110,2
2026-01-23,000858,14:38:54,102.7800,103,1
2026-01-23,000858,14:38:57,102.7800,96,1
2026-01-23,000858,14:39:00,102.7800,130,1
2026-01-23,000858,14:39:03,102.7600,135,2
2026-01-23,000858,14:39:06,102.7800,107,1
2026-01-23,000858,14:39:09,102.7100,134,2
2026-01-23,000858,14:39:12,102.7000,96,2
2026-01-23,000858,14:39:15,102.7600,39,1
2026-01-23,000858,14:39:18,102.7600,133,1
2026-01-23,000858,14:39:21,102.7500,123,2
2026-01-23,000858,14:39:24,102.7500,152,1
2026-01-23,000858,14:39:27,102.7500,62,1
2026-01-23,000858,14:39:30,102.7000,130,2
2026-01-23,000858,14:39:33,102.7000,96,2
2026-01-23,000858,14:39:36,102.7100,46,2
2026-01-23,000858,14:39:39,102.7600,23,1
2026-01-23,000858,14:39:42,102.7600,84,4
2026-01-23,000858,14:39:45,102.7500,21,1
2026-01-23,000858,14:39:48,102.7100,45,2
2026-01-23,000858,14:39:51,102.7500,38,2
2026-01-23,000858,14:39:54,102.7500,74,1
2026-01-23,000858,14:39:57,102.7100,54,2
2026-01-23,000858,14:40:00,102.7100,86,2
2026-01-23,000858,14:40:03,102.7200,64,2
2026-01-23,000858,14:40:06,102.7100,85,2
2026-01-23,000858,14:40:09,102.7600,52,1
2026-01-23,000858,14:40:12,102.7200,51,2
2026-01-23,000858,14:40:15,102.7200,77,2
2026-01-23,000858,14:40:18,102.7500,28,1
2026-01-23,000858,14:40:21,102.7200,77,2
2026-01-23,000858,14:40:24,102.7700,26,2
2026-01-23,000858,14:40:27,102.7200,60,2
2026-01-23,000858,14:40:30,102.7300,38,2
2026-01-23,000858,14:40:33,102.7600,84,1
2026-01-23,000858,14:40:36,102.7300,42,2
2026-01-23,000858,14:40:39,102.7700,64,1
2026-01-23,000858,14:40:42,102.7700,9,1
2026-01-23,000858,14:40:45,102.7800,92,1
2026-01-23,000858,14:40:48,102.7600,59,2
2026-01-23,000858,14:40:51,102.7600,76,2
2026-01-23,000858,14:40:54,102.7500,37,2
2026-01-23,000858,14:40:57,102.7700,24,2
2026-01-23,000858,14:41:00,102.7700,34,1
2026-01-23,000858,14:41:03,102.7700,166,1
2026-01-23,000858,14:41:06,102.7300,58,2
2026-01-23,000858,14:41:09,102.7800,27,1
2026-01-23,000858,14:41:12,102.7500,110,2
2026-01-23,000858,14:41:15,102.7800,6,1
2026-01-23,000858,14:41:18,102.7700,57,2
2026-01-23,000858,14:41:21,102.7600,42,2
2026-01-23,000858,14:41:24,102.7500,81,2
2026-01-23,000858,14:41:27,102.7700,6,1
2026-01-23,000858,14:41:30,102.7600,71,2
2026-01-23,000858,14:41:33,102.7800,22,1
2026-01-23,000858,14:41:36,102.7600,66,2
2026-01-23,000858,14:41:39,102.7700,6,4
2026-01-23,000858,14:41:42,102.7700,39,1
2026-01-23,000858,14:41:45,102.7700,50,1
2026-01-23,000858,14:41:48,102.7600,22,2
2026-01-23,000858,14:41:51,102.7700,57,1
2026-01-23,000858,14:41:54,102.7600,25,2
2026-01-23,000858,14:41:57,102.7700,54,1
2026-01-23,000858,14:42:00,102.7700,28,2
2026-01-23,000858,14:42:03,102.7900,53,1
2026-01-23,000858,14:42:06,102.8000,16,1
2026-01-23,000858,14:42:09,102.7900,21,2
2026-01-23,000858,14:42:12,102.7900,43,1
2026-01-23,000858,14:42:15,102.7800,20,2
2026-01-23,000858,14:42:18,102.7700,25,2
2026-01-23,000858,14:42:21,102.8000,50,1
2026-01-23,000858,14:42:24,102.7900,5,4
2026-01-23,000858,14:42:27,102.8000,126,1
2026-01-23,000858,14:42:30,102.8000,44,1
2026-01-23,000858,14:42:33,102.7900,158,2
2026-01-23,000858,14:42:36,102.8000,3,4
2026-01-23,000858,14:42:39,102.8100,5,1
2026-01-23,000858,14:42:42,102.8100,15,1
2026-01-23,000858,14:42:45,102.8100,34,1
2026-01-23,000858,14:42:48,102.8100,16,2
2026-01-23,000858,14:42:51,102.8200,15,1
2026-01-23,000858,14:42:54,102.8200,21,2
2026-01-23,000858,14:42:57,102.8200,9,2
2026-01-23,000858,14:43:00,102.8300,13,1
2026-01-23,000858,14:43:03,102.8300,43,1
2026-01-23,000858,14:43:06,102.8400,29,1
2026-01-23,000858,14:43:09,102.8300,32,2
2026-01-23,000858,14:43:12,102.8500,25,1
2026-01-23,000858,14:43:15,102.8400,167,2
2026-01-23,000858,14:43:18,102.8400,17,2
2026-01-23,000858,14:43:21,102.8300,20,2
2026-01-23,000858,14:43:24,102.8400,51,4
2026-01-23,000858,14:43:27,102.8500,37,1
2026-01-23,000858,14:43:30,102.8400,27,1
2026-01-23,000858,14:43:33,102.8400,21,1
2026-01-23,000858,14:43:36,102.8500,30,1
2026-01-23,000858,14:43:39,102.8500,11,2
2026-01-23,000858,14:43:42,102.8600,19,1
2026-01-23,000858,14:43:45,102.8500,13,1
2026-01-23,000858,14:43:48,102.8600,7,1
2026-01-23,000858,14:43:51,102.8600,9,1
2026-01-23,000858,14:43:54,102.8500,27,2
2026-01-23,000858,14:43:57,102.8600,10,1
2026-01-23,000858,14:44:00,102.8600,6,1
2026-01-23,000858,14:44:03,102.8500,50,2
2026-01-23,000858,14:44:06,102.8600,11,1
2026-01-23,000858,14:44:09,102.8500,25,2
2026-01-23,000858,14:44:12,102.8600,30,1
2026-01-23,000858,14:44:15,102.8600,12,2
2026-01-23,000858,14:44:18,102.8600,8,2
2026-01-23,000858,14:44:21,102.8400,355,2
2026-01-23,000858,14:44:24,102.8300,36,2
2026-01-23,000858,14:44:27,102.8400,8,1
2026-01-23,000858,14:44:30,102.8400,26,1
2026-01-23,000858,14:44:33,102.8400,9,1
2026-01-23,000858,14:44:36,102.8400,16,1
2026-01-23,000858,14:44:39,102.8200,27,2
2026-01-23,000858,14:44:42,102.8200,35,2
2026-01-23,000858,14:44:45,102.8400,28,1
2026-01-23,000858,14:44:51,102.8300,30,2
2026-01-23,000858,14:44:54,102.8400,10,1
2026-01-23,000858,14:44:57,102.8400,21,1
2026-01-23,000858,14:45:00,102.8400,12,1
2026-01-23,000858,14:45:03,102.8300,19,2
2026-01-23,000858,14:45:06,102.8300,32,2
2026-01-23,000858,14:45:09,102.8500,9,1
2026-01-23,000858,14:45:12,102.8500,27,1
2026-01-23,000858,14:45:15,102.8500,25,4
2026-01-23,000858,14:45:18,102.8500,29,1
2026-01-23,000858,14:45:21,102.8500,21,1
2026-01-23,000858,14:45:24,102.8500,8,1
2026-01-23,000858,14:45:27,102.8500,41,1
2026-01-23,000858,14:45:30,102.8500,35,1
2026-01-23,000858,14:45:33,102.8600,12,1
2026-01-23,000858,14:45:36,102.8700,20,1
2026-01-23,000858,14:45:39,102.8700,14,2
2026-01-23,000858,14:45:42,102.8700,21,2
2026-01-23,000858,14:45:45,102.8600,48,2
2026-01-23,000858,14:45:48,102.8800,16,1
2026-01-23,000858,14:45:51,102.8700,30,2
2026-01-23,000858,14:45:54,102.8700,25,4
2026-01-23,000858,14:45:57,102.8800,27,1
2026-01-23,000858,14:46:00,102.8600,27,2
2026-01-23,000858,14:46:03,102.8600,38,2
2026-01-23,000858,14:46:06,102.8600,135,2
2026-01-23,000858,14:46:09,102.8600,4,4
2026-01-23,000858,14:46:12,102.8600,288,2
2026-01-23,000858,14:46:15,102.8600,43,1
2026-01-23,000858,14:46:18,102.8500,131,2
2026-01-23,000858,14:46:21,102.8500,25,2
2026-01-23,000858,14:46:24,102.8500,45,2
2026-01-23,000858,14:46:27,102.8500,650,2
2026-01-23,000858,14:46:30,102.8400,19,2
2026-01-23,000858,14:46:33,102.8300,49,2
2026-01-23,000858,14:46:36,102.8400,13,2
2026-01-23,000858,14:46:39,102.8400,54,1
2026-01-23,000858,14:46:42,102.8300,16,4
2026-01-23,000858,14:46:45,102.8300,119,1
2026-01-23,000858,14:46:48,102.8300,35,1
2026-01-23,000858,14:46:51,102.8400,81,1
2026-01-23,000858,14:46:54,102.8300,24,2
2026-01-23,000858,14:46:57,102.8300,43,1
2026-01-23,000858,14:47:00,102.8300,35,2
2026-01-23,000858,14:47:03,102.8400,39,4
2026-01-23,000858,14:47:06,102.8500,19,1
2026-01-23,000858,14:47:09,102.8400,26,2
2026-01-23,000858,14:47:12,102.8400,12,1
2026-01-23,000858,14:47:15,102.8400,18,1
2026-01-23,000858,14:47:18,102.8200,90,2
2026-01-23,000858,14:47:21,102.8400,28,1
2026-01-23,000858,14:47:24,102.8400,103,1
2026-01-23,000858,14:47:27,102.8300,45,2
2026-01-23,000858,14:47:30,102.8200,114,2
2026-01-23,000858,14:47:33,102.8400,35,1
2026-01-23,000858,14:47:36,102.8400,115,2
2026-01-23,000858,14:47:39,102.8300,19,2
2026-01-23,000858,14:47:42,102.8100,102,2
2026-01-23,000858,14:47:45,102.8200,18,4
2026-01-23,000858,14:47:48,102.8300,98,1
2026-01-23,000858,14:47:51,102.8100,6,2
2026-01-23,000858,14:47:54,102.8000,119,2
2026-01-23,000858,14:47:57,102.8000,46,2
2026-01-23,000858,14:48:00,102.8000,93,2
2026-01-23,000858,14:48:03,102.8200,455,1
2026-01-23,000858,14:48:06,102.8000,210,2
2026-01-23,000858,14:48:09,102.7900,63,2
2026-01-23,000858,14:48:12,102.7900,105,1
2026-01-23,000858,14:48:15,102.8000,14,1
2026-01-23,000858,14:48:18,102.7600,160,2
2026-01-23,000858,14:48:21,102.8000,4,1
2026-01-23,000858,14:48:24,102.8100,167,4
2026-01-23,000858,14:48:27,102.8100,73,1
2026-01-23,000858,14:48:30,102.7600,82,2
2026-01-23,000858,14:48:33,102.8000,89,2
2026-01-23,000858,14:48:36,102.8000,12,1
2026-01-23,000858,14:48:39,102.7700,40,2
2026-01-23,000858,14:48:42,102.7900,161,1
2026-01-23,000858,14:48:45,102.7900,1,1
2026-01-23,000858,14:48:48,102.8000,137,1
2026-01-23,000858,14:48:51,102.7700,21,2
2026-01-23,000858,14:48:54,102.7600,52,2
2026-01-23,000858,14:48:57,102.7700,2,2
2026-01-23,000858,14:49:00,102.7700,40,2
2026-01-23,000858,14:49:03,102.8000,33,1
2026-01-23,000858,14:49:06,102.8000,45,1
2026-01-23,000858,14:49:09,102.8000,14,1
2026-01-23,000858,14:49:12,102.7900,9,2
2026-01-23,000858,14:49:15,102.7900,48,1
2026-01-23,000858,14:49:18,102.7800,56,2
2026-01-23,000858,14:49:21,102.7900,10,1
2026-01-23,000858,14:49:24,102.7800,55,2
2026-01-23,000858,14:49:27,102.8000,16,1
2026-01-23,000858,14:49:30,102.7800,58,2
2026-01-23,000858,14:49:33,102.8000,36,1
2026-01-23,000858,14:49:36,102.7800,97,2
2026-01-23,000858,14:49:39,102.7800,55,1
2026-01-23,000858,14:49:42,102.8000,108,1
2026-01-23,000858,14:49:48,102.7700,58,2
2026-01-23,000858,14:49:51,102.7900,4,1
2026-01-23,000858,14:49:54,102.7900,19,1
2026-01-23,000858,14:49:57,102.7900,69,1
2026-01-23,000858,14:50:00,102.7900,10,1
2026-01-23,000858,14:50:03,102.7900,56,1
2026-01-23,000858,14:50:06,102.7900,36,2
2026-01-23,000858,14:50:09,102.7900,53,1
2026-01-23,000858,14:50:12,102.8000,16,1
2026-01-23,000858,14:50:15,102.7900,50,4
2026-01-23,000858,14:50:18,102.7700,43,2
2026-01-23,000858,14:50:21,102.7900,119,2
2026-01-23,000858,14:50:24,102.7900,23,1
2026-01-23,000858,14:50:27,102.7800,48,2
2026-01-23,000858,14:50:30,102.7800,20,2
2026-01-23,000858,14:50:33,102.7800,91,4
2026-01-23,000858,14:50:36,102.7800,31,4
2026-01-23,000858,14:50:39,102.7700,48,2
2026-01-23,000858,14:50:42,102.7900,7,1
2026-01-23,000858,14:50:45,102.7900,98,1
2026-01-23,000858,14:50:48,102.7800,25,4
2026-01-23,000858,14:50:51,102.7900,77,1
2026-01-23,000858,14:50:54,102.7900,25,1
2026-01-23,000858,14:50:57,102.7800,52,2
2026-01-23,000858,14:51:00,102.7800,5,2
2026-01-23,000858,14:51:03,102.8000,129,1
2026-01-23,000858,14:51:06,102.8000,17,1
2026-01-23,000858,14:51:09,102.7800,62,2
2026-01-23,000858,14:51:12,102.8000,10,1
2026-01-23,000858,14:51:15,102.7900,12,1
2026-01-23,000858,14:51:18,102.8000,63,1
2026-01-23,000858,14:51:21,102.7900,18,2
2026-01-23,000858,14:51:24,102.7900,62,2
2026-01-23,000858,14:51:27,102.7900,20,1
2026-01-23,000858,14:51:30,102.7900,57,2
2026-01-23,000858,14:51:33,102.7800,41,2
2026-01-23,000858,14:51:36,102.7900,69,1
2026-01-23,000858,14:51:39,102.7900,23,1
2026-01-23,000858,14:51:42,102.7900,41,1
2026-01-23,000858,14:51:45,102.7800,29,2
2026-01-23,000858,14:51:48,102.7800,42,2
2026-01-23,000858,14:51:51,102.7900,19,4
2026-01-23,000858,14:51:54,102.8000,39,1
2026-01-23,000858,14:51:57,102.7900,27,2
2026-01-23,000858,14:52:00,102.8000,67,1
2026-01-23,000858,14:52:03,102.7900,100,2
2026-01-23,000858,14:52:06,102.8000,232,1
2026-01-23,000858,14:52:09,102.7900,106,2
2026-01-23,000858,14:52:12,102.8100,46,1
2026-01-23,000858,14:52:15,102.8100,73,1
2026-01-23,000858,14:52:18,102.8100,119,1
2026-01-23,000858,14:52:21,102.7800,87,2
2026-01-23,000858,14:52:24,102.8100,118,1
2026-01-23,000858,14:52:27,102.8100,49,1
2026-01-23,000858,14:52:30,102.7900,60,2
2026-01-23,000858,14:52:33,102.7900,49,2
2026-01-23,000858,14:52:36,102.8000,65,4
2026-01-23,000858,14:52:39,102.7900,90,2
2026-01-23,000858,14:52:42,102.8100,98,1
2026-01-23,000858,14:52:45,102.8000,156,4
2026-01-23,000858,14:52:48,102.7800,84,2
2026-01-23,000858,14:52:51,102.7900,94,1
2026-01-23,000858,14:52:54,102.8000,49,1
2026-01-23,000858,14:52:57,102.7800,61,2
2026-01-23,000858,14:53:00,102.7800,77,2
2026-01-23,000858,14:53:03,102.7900,341,4
2026-01-23,000858,14:53:06,102.7800,153,2
2026-01-23,000858,14:53:09,102.7900,154,1
2026-01-23,000858,14:53:12,102.7800,54,2
2026-01-23,000858,14:53:15,102.7800,96,1
2026-01-23,000858,14:53:18,102.7900,48,1
2026-01-23,000858,14:53:21,102.7800,87,2
2026-01-23,000858,14:53:24,102.7800,62,2
2026-01-23,000858,14:53:27,102.7800,127,1
2026-01-23,000858,14:53:30,102.7900,129,1
2026-01-23,000858,14:53:33,102.7700,48,2
2026-01-23,000858,14:53:36,102.7600,69,2
2026-01-23,000858,14:53:39,102.7600,117,2
2026-01-23,000858,14:53:42,102.7700,34,2
2026-01-23,000858,14:53:45,102.7600,55,2
2026-01-23,000858,14:53:48,102.7700,63,2
2026-01-23,000858,14:53:51,102.7800,62,1
2026-01-23,000858,14:53:54,102.7700,46,2
2026-01-23,000858,14:53:57,102.7700,69,2
2026-01-23,000858,14:54:00,102.7700,107,2
2026-01-23,000858,14:54:03,102.7700,100,2
2026-01-23,000858,14:54:06,102.7700,51,2
2026-01-23,000858,14:54:09,102.7800,72,4
2026-01-23,000858,14:54:12,102.7700,74,2
2026-01-23,000858,14:54:15,102.7600,30,2
2026-01-23,000858,14:54:18,102.7700,136,2
2026-01-23,000858,14:54:21,102.7700,93,1
2026-01-23,000858,14:54:24,102.7600,82,2
2026-01-23,000858,14:54:27,102.7700,204,1
2026-01-23,000858,14:54:30,102.7700,127,1
2026-01-23,000858,14:54:33,102.7600,93,2
2026-01-23,000858,14:54:36,102.7700,79,1
2026-01-23,000858,14:54:39,102.7700,75,1
2026-01-23,000858,14:54:42,102.7600,451,2
2026-01-23,000858,14:54:45,102.7700,109,1
2026-01-23,000858,14:54:48,102.7600,236,2
2026-01-23,000858,14:54:51,102.7600,82,2
2026-01-23,000858,14:54:54,102.7600,59,2
2026-01-23,000858,14:54:57,102.7600,73,2
2026-01-23,000858,14:55:00,102.7700,110,1
2026-01-23,000858,14:55:03,102.7700,67,1
2026-01-23,000858,14:55:06,102.7700,74,4
2026-01-23,000858,14:55:09,102.7700,57,1
2026-01-23,000858,14:55:12,102.7600,77,2
2026-01-23,000858,14:55:15,102.7700,37,2
2026-01-23,000858,14:55:18,102.7600,59,2
2026-01-23,000858,14:55:21,102.7700,23,4
2026-01-23,000858,14:55:24,102.7600,58,2
2026-01-23,000858,14:55:27,102.7700,70,2
2026-01-23,000858,14:55:30,102.7800,83,1
2026-01-23,000858,14:55:33,102.7800,35,1
2026-01-23,000858,14:55:36,102.7800,40,2
2026-01-23,000858,14:55:39,102.7800,72,1
2026-01-23,000858,14:55:42,102.7800,61,1
2026-01-23,000858,14:55:45,102.7800,78,1
2026-01-23,000858,14:55:48,102.7700,68,2
2026-01-23,000858,14:55:51,102.7800,21,4
2026-01-23,000858,14:55:54,102.7800,70,1
2026-01-23,000858,14:55:57,102.7700,97,2
2026-01-23,000858,14:56:00,102.7700,53,2
2026-01-23,000858,14:56:03,102.7700,73,2
2026-01-23,000858,14:56:06,102.7700,59,2
2026-01-23,000858,14:56:09,102.7700,76,2
2026-01-23,000858,14:56:12,102.7700,79,2
2026-01-23,000858,14:56:15,102.7900,88,1
2026-01-23,000858,14:56:18,102.7700,63,2
2026-01-23,000858,14:56:21,102.7800,172,4
2026-01-23,000858,14:56:24,102.7800,44,4
2026-01-23,000858,14:56:27,102.7800,122,2
2026-01-23,000858,14:56:30,102.7700,72,2
2026-01-23,000858,14:56:33,102.7900,61,1
2026-01-23,000858,14:56:36,102.7900,126,2
2026-01-23,000858,14:56:39,102.7700,92,2
2026-01-23,000858,14:56:42,102.7700,72,2
2026-01-23,000858,14:56:45,102.8000,208,1
2026-01-23,000858,14:56:48,102.8000,70,2
2026-01-23,000858,14:56:51,102.8000,20,2
2026-01-23,000858,14:56:54,102.8000,58,2
2026-01-23,000858,14:56:57,102.8100,70,2
2026-01-23,000858,14:57:00,102.8200,42,1
2026-01-23,000858,15:00:01,102.9900,1784,4
2026-01-23,000858,13:14:27,103.1600,17,2
2026-01-23,000858,13:14:30,103.1700,10,1
2026-01-23,000858,13:14:33,103.1700,9,1
2026-01-23,000858,13:14:36,103.1700,5,1
2026-01-23,000858,13:14:39,103.1600,62,2
2026-01-23,000858,13:14:42,103.1700,4,2
2026-01-23,000858,13:14:45,103.2000,221,1
2026-01-23,000858,13:14:48,103.2100,42,1
2026-01-23,000858,13:14:51,103.2200,8,1
2026-01-23,000858,13:14:54,103.1900,4,2
2026-01-23,000858,13:14:57,103.2200,2,1
2026-01-23,000858,13:15:00,103.2200,7,1
2026-01-23,000858,13:15:03,103.2200,9,1
2026-01-23,000858,13:15:06,103.2300,13,1
2026-01-23,000858,13:15:12,103.2300,39,1
2026-01-23,000858,13:15:18,103.2200,1,4
2026-01-23,000858,13:15:21,103.2200,14,1
2026-01-23,000858,13:15:27,103.2200,4,2
2026-01-23,000858,13:15:30,103.2200,5,2
2026-01-23,000858,13:15:33,103.2200,16,2
2026-01-23,000858,13:15:36,103.2200,12,2
2026-01-23,000858,13:15:39,103.2200,15,2
2026-01-23,000858,13:15:42,103.2200,9,2
2026-01-23,000858,13:15:45,103.2200,14,2
2026-01-23,000858,13:15:48,103.2200,3,2
2026-01-23,000858,13:15:51,103.2300,16,1
2026-01-23,000858,13:15:54,103.2300,77,1
2026-01-23,000858,13:15:57,103.2300,13,2
2026-01-23,000858,13:16:00,103.2300,8,1
2026-01-23,000858,13:16:03,103.2300,6,2
2026-01-23,000858,13:16:09,103.2300,8,2
2026-01-23,000858,13:16:12,103.2400,9,1
2026-01-23,000858,13:16:15,103.2400,23,1
2026-01-23,000858,13:16:18,103.2300,12,2
2026-01-23,000858,13:16:21,103.2400,18,1
2026-01-23,000858,13:16:24,103.2300,20,2
2026-01-23,000858,13:16:27,103.2500,26,1
2026-01-23,000858,13:16:36,103.2400,3,2
2026-01-23,000858,13:16:39,103.2400,17,2
2026-01-23,000858,13:16:42,103.2500,5,4
2026-01-23,000858,13:16:45,103.2400,10,2
2026-01-23,000858,13:16:48,103.2500,2,4
2026-01-23,000858,13:16:51,103.2400,21,2
2026-01-23,000858,13:16:54,103.2400,25,2
2026-01-23,000858,13:16:57,103.2400,1,1
2026-01-23,000858,13:17:00,103.2400,37,1
2026-01-23,000858,13:17:03,103.2400,14,4
2026-01-23,000858,13:17:06,103.2300,64,2
2026-01-23,000858,13:17:09,103.2300,6,1
2026-01-23,000858,13:17:12,103.2200,11,2
2026-01-23,000858,13:17:15,103.2300,12,1
2026-01-23,000858,13:17:18,103.2300,7,1
2026-01-23,000858,13:17:21,103.2300,5,1
2026-01-23,000858,13:17:24,103.2300,19,1
2026-01-23,000858,13:17:27,103.2300,2,1
2026-01-23,000858,13:17:30,103.2300,3,1
2026-01-23,000858,13:17:33,103.2300,3,1
2026-01-23,000858,13:17:36,103.2200,63,2
2026-01-23,000858,13:17:39,103.2200,20,4
2026-01-23,000858,13:17:42,103.2100,1,2
2026-01-23,000858,13:17:45,103.2200,25,1
2026-01-23,000858,13:17:48,103.2200,2,4
2026-01-23,000858,13:17:51,103.2200,3,2
2026-01-23,000858,13:17:54,103.2200,5,2
2026-01-23,000858,13:17:57,103.2200,2,2
2026-01-23,000858,13:18:00,103.2200,24,2
2026-01-23,000858,13:18:03,103.2300,14,4
2026-01-23,000858,13:18:06,103.2400,13,1
2026-01-23,000858,13:18:09,103.2200,2,2
2026-01-23,000858,13:18:12,103.2200,3,2
2026-01-23,000858,13:18:15,103.2400,5,1
2026-01-23,000858,13:18:18,103.2400,1,2
2026-01-23,000858,13:18:21,103.2400,29,2
2026-01-23,000858,13:18:24,103.2400,7,1
2026-01-23,000858,13:18:30,103.2400,12,1
2026-01-23,000858,13:18:36,103.2400,6,2
2026-01-23,000858,13:18:42,103.2500,4,1
2026-01-23,000858,13:18:45,103.2400,20,2
2026-01-23,000858,13:18:48,103.2500,6,1
2026-01-23,000858,13:18:51,103.2400,4,2
2026-01-23,000858,13:18:54,103.2500,19,1
2026-01-23,000858,13:18:57,103.2500,17,1
2026-01-23,000858,13:19:00,103.2500,1,1
2026-01-23,000858,13:19:03,103.2400,10,2
2026-01-23,000858,13:19:06,103.2500,3,1
2026-01-23,000858,13:19:09,103.2500,36,1
2026-01-23,000858,13:19:12,103.2400,4,4
2026-01-23,000858,13:19:15,103.2300,5,2
2026-01-23,000858,13:19:18,103.2400,9,1
2026-01-23,000858,13:19:21,103.2400,14,1
2026-01-23,000858,13:19:27,103.2300,1,2
2026-01-23,000858,13:19:30,103.2300,10,2
2026-01-23,000858,13:19:33,103.2300,6,2
2026-01-23,000858,13:19:36,103.2300,8,2
2026-01-23,000858,13:19:39,103.2400,9,1
2026-01-23,000858,13:19:42,103.2300,19,2
2026-01-23,000858,13:19:45,103.2300,12,2
2026-01-23,000858,13:19:48,103.2300,20,2
2026-01-23,000858,13:19:51,103.2400,12,1
2026-01-23,000858,13:19:54,103.2300,40,2
2026-01-23,000858,13:19:57,103.2400,13,1
2026-01-23,000858,13:20:00,103.2400,1,1
2026-01-23,000858,13:20:03,103.2300,6,2
2026-01-23,000858,13:20:06,103.2400,17,1
2026-01-23,000858,13:20:09,103.2400,5,1
2026-01-23,000858,13:20:12,103.2400,11,1
2026-01-23,000858,13:20:15,103.2400,1,1
2026-01-23,000858,13:20:18,103.2300,7,2
2026-01-23,000858,13:20:21,103.2400,6,1
2026-01-23,000858,13:20:24,103.2400,9,1
2026-01-23,000858,13:20:27,103.2400,68,1
2026-01-23,000858,13:20:30,103.2500,14,1
2026-01-23,000858,13:20:33,103.2600,34,1
2026-01-23,000858,13:20:36,103.2600,5,1
2026-01-23,000858,13:20:39,103.2600,13,1
2026-01-23,000858,13:20:42,103.2600,10,2
2026-01-23,000858,13:20:48,103.2700,4,1
2026-01-23,000858,13:20:51,103.2600,169,2
2026-01-23,000858,13:20:54,103.2600,3,1
2026-01-23,000858,13:20:57,103.2600,21,1
2026-01-23,000858,13:21:00,103.2600,10,1
2026-01-23,000858,13:21:03,103.2500,26,2
2026-01-23,000858,13:21:06,103.2500,8,2
2026-01-23,000858,13:21:09,103.2500,16,2
2026-01-23,000858,13:21:12,103.2500,2,4
2026-01-23,000858,13:21:15,103.2500,14,1
2026-01-23,000858,13:21:18,103.2500,34,1
2026-01-23,000858,13:21:21,103.2500,4,1
2026-01-23,000858,13:21:24,103.2500,6,1
2026-01-23,000858,13:21:27,103.2500,19,1
2026-01-23,000858,13:21:30,103.2500,5,1
2026-01-23,000858,13:21:33,103.2500,2,1
2026-01-23,000858,13:21:36,103.2500,3,1
2026-01-23,000858,13:21:42,103.2400,30,2
2026-01-23,000858,13:21:45,103.2400,11,2
2026-01-23,000858,13:21:48,103.2500,1,1
2026-01-23,000858,13:21:51,103.2400,1,2
2026-01-23,000858,13:21:54,103.2400,7,2
2026-01-23,000858,13:21:57,103.2400,1,2
2026-01-23,000858,13:22:00,103.2400,6,2
2026-01-23,000858,13:22:03,103.2500,1,1
2026-01-23,000858,13:22:06,103.2400,18,2
2026-01-23,000858,13:22:12,103.2400,3,2
2026-01-23,000858,13:22:15,103.2400,10,2
2026-01-23,000858,13:22:18,103.2500,11,1
2026-01-23,000858,13:22:21,103.2500,35,1
2026-01-23,000858,13:22:24,103.2400,9,2
2026-01-23,000858,13:22:27,103.2500,44,1
2026-01-23,000858,13:22:30,103.2400,9,2
2026-01-23,000858,13:22:33,103.2600,98,1
2026-01-23,000858,13:22:36,103.2600,15,1
2026-01-23,000858,13:22:39,103.2500,26,2
2026-01-23,000858,13:22:42,103.2500,14,2
2026-01-23,000858,13:22:45,103.2500,14,2
2026-01-23,000858,13:22:48,103.2500,36,2
2026-01-23,000858,13:22:51,103.2600,89,1
2026-01-23,000858,13:22:54,103.2300,70,2
2026-01-23,000858,13:22:57,103.2200,28,2
2026-01-23,000858,13:23:00,103.2000,54,2
2026-01-23,000858,13:23:03,103.2000,29,2
2026-01-23,000858,13:23:06,103.2000,10,2
2026-01-23,000858,13:23:09,103.2200,14,4
2026-01-23,000858,13:23:12,103.2000,20,2
2026-01-23,000858,13:23:15,103.2000,43,2
2026-01-23,000858,13:23:18,103.2100,32,1
2026-01-23,000858,13:23:21,103.2200,35,4
2026-01-23,000858,13:23:24,103.1800,43,2
2026-01-23,000858,13:23:27,103.1600,93,2
2026-01-23,000858,13:23:30,103.1900,47,1
2026-01-23,000858,13:23:33,103.1700,20,1
2026-01-23,000858,13:23:36,103.1700,25,1
2026-01-23,000858,13:23:39,103.1500,18,2
2026-01-23,000858,13:23:42,103.1500,42,2
2026-01-23,000858,13:23:45,103.1400,26,2
2026-01-23,000858,13:23:48,103.1400,46,2
2026-01-23,000858,13:23:51,103.1300,83,2
2026-01-23,000858,13:23:54,103.1400,38,4
2026-01-23,000858,13:23:57,103.1100,37,2
2026-01-23,000858,13:24:00,103.1200,65,4
2026-01-23,000858,13:24:03,103.1100,44,2
2026-01-23,000858,13:24:06,103.1000,16,2
2026-01-23,000858,13:24:09,103.1000,31,2
2026-01-23,000858,13:24:12,103.1000,54,2
2026-01-23,000858,13:24:15,103.1000,22,2
2026-01-23,000858,13:24:18,103.1000,6,2
2026-01-23,000858,13:24:21,103.1000,128,2
2026-01-23,000858,13:24:24,103.1000,85,2
2026-01-23,000858,13:24:27,103.0800,56,2
2026-01-23,000858,13:24:30,103.0800,31,2
2026-01-23,000858,13:24:33,103.1000,55,1
2026-01-23,000858,13:24:36,103.0700,23,2
2026-01-23,000858,13:24:39,103.0700,20,2
2026-01-23,000858,13:24:42,103.1000,105,1
2026-01-23,000858,13:24:45,103.0800,68,2
2026-01-23,000858,13:24:48,103.0700,49,2
2026-01-23,000858,13:24:51,103.0600,30,2
2026-01-23,000858,13:24:54,103.0600,76,2
2026-01-23,000858,13:24:57,103.0600,21,2
2026-01-23,000858,13:25:00,103.0600,49,2
2026-01-23,000858,13:25:03,103.0500,46,2
2026-01-23,000858,13:25:06,103.0500,60,2
2026-01-23,000858,13:25:09,103.0600,21,2
2026-01-23,000858,13:25:12,103.0500,133,2
2026-01-23,000858,13:25:15,103.0600,71,1
2026-01-23,000858,13:25:18,103.0300,48,2
2026-01-23,000858,13:25:21,103.0500,26,2
2026-01-23,000858,13:25:24,103.0200,82,2
2026-01-23,000858,13:25:27,103.0200,24,2
2026-01-23,000858,13:25:30,103.0200,12,2
2026-01-23,000858,13:25:33,103.0500,40,1
2026-01-23,000858,13:25:36,103.0200,58,2
2026-01-23,000858,13:25:39,103.0300,40,2
2026-01-23,000858,13:25:42,103.0400,64,1
2026-01-23,000858,13:25:45,103.0200,36,2
2026-01-23,000858,13:25:48,103.0200,13,2
2026-01-23,000858,13:25:51,103.0300,55,2
2026-01-23,000858,13:25:54,103.0200,23,2
2026-01-23,000858,13:25:57,103.0100,48,2
2026-01-23,000858,13:26:00,103.0100,31,2
2026-01-23,000858,13:26:03,103.0100,33,2
2026-01-23,000858,13:26:06,103.0100,190,2
2026-01-23,000858,13:26:09,103.0100,56,2
2026-01-23,000858,13:26:12,103.0200,22,1
2026-01-23,000858,13:26:15,103.0200,126,1
2026-01-23,000858,13:26:18,103.0700,46,1
2026-01-23,000858,13:26:21,103.0100,49,2
2026-01-23,000858,13:26:24,103.0100,25,2
2026-01-23,000858,13:26:27,103.0700,53,1
2026-01-23,000858,13:26:30,103.0700,67,1
2026-01-23,000858,13:26:33,103.0700,40,1
2026-01-23,000858,13:26:36,103.0700,19,1
2026-01-23,000858,13:26:39,103.0100,33,2
2026-01-23,000858,13:26:42,103.0100,37,2
2026-01-23,000858,13:26:45,103.0100,53,2
2026-01-23,000858,13:26:48,103.0300,61,2
2026-01-23,000858,13:26:51,103.0300,31,2
2026-01-23,000858,13:26:54,103.0200,12,2
2026-01-23,000858,13:26:57,103.0600,28,1
2026-01-23,000858,13:27:00,103.0100,44,2
2026-01-23,000858,13:27:03,103.0200,13,2
2026-01-23,000858,13:27:06,103.0600,47,1
2026-01-23,000858,13:27:09,103.0700,66,1
2026-01-23,000858,13:27:12,103.0200,65,2
2026-01-23,000858,13:27:15,103.0500,102,1
2026-01-23,000858,13:27:18,103.0100,120,2
2026-01-23,000858,13:27:21,103.0100,14,2
2026-01-23,000858,13:27:24,103.0500,74,1
2026-01-23,000858,13:27:27,103.0100,46,2
2026-01-23,000858,13:27:30,103.0100,31,2
2026-01-23,000858,13:27:33,103.0400,15,1
2026-01-23,000858,13:27:36,103.0400,85,1
2026-01-23,000858,13:27:39,103.0100,30,2
2026-01-23,000858,13:27:42,103.0100,36,2
2026-01-23,000858,13:27:45,103.0100,33,2
2026-01-23,000858,13:27:48,103.0400,32,1
2026-01-23,000858,13:27:51,103.0400,44,1
2026-01-23,000858,13:27:54,103.0400,20,1
2026-01-23,000858,13:27:57,103.0400,91,1
2026-01-23,000858,13:28:00,103.0400,123,1
2026-01-23,000858,13:28:03,103.0000,48,2
2026-01-23,000858,13:28:06,103.0300,37,1
2026-01-23,000858,13:28:09,103.0300,12,1
2026-01-23,000858,13:28:12,103.0000,23,2
2026-01-23,000858,13:28:15,103.0300,53,1
2026-01-23,000858,13:28:18,103.0400,28,1
2026-01-23,000858,13:28:21,103.0100,15,2
2026-01-23,000858,13:28:24,103.0300,15,1
2026-01-23,000858,13:28:27,103.0100,66,2
2026-01-23,000858,13:28:30,103.0300,61,1
2026-01-23,000858,13:28:33,103.0100,131,2
2026-01-23,000858,13:28:36,103.0200,44,4
2026-01-23,000858,13:28:39,103.0000,31,2
2026-01-23,000858,13:28:42,103.0000,64,2
2026-01-23,000858,13:28:45,103.0000,139,2
2026-01-23,000858,13:28:48,103.0100,110,1
2026-01-23,000858,13:28:51,103.0100,98,1
2026-01-23,000858,13:28:54,103.0100,50,2
2026-01-23,000858,13:28:57,103.0100,62,2
2026-01-23,000858,13:29:00,103.0100,29,2
2026-01-23,000858,13:29:03,103.0100,28,2
2026-01-23,000858,13:29:06,103.0000,138,2
2026-01-23,000858,13:29:09,103.0100,2,1
2026-01-23,000858,13:29:12,103.0200,95,1
2026-01-23,000858,13:29:15,103.0200,59,1
2026-01-23,000858,13:29:18,103.0100,36,2
2026-01-23,000858,13:29:21,103.0200,44,1
2026-01-23,000858,13:29:24,103.0200,40,1
2026-01-23,000858,13:29:27,103.0200,16,1
2026-01-23,000858,13:29:30,103.0200,57,1
2026-01-23,000858,13:29:33,103.0100,17,2
2026-01-23,000858,13:29:36,103.0200,20,1
2026-01-23,000858,13:29:39,103.0200,25,1
2026-01-23,000858,13:29:42,103.0300,31,1
2026-01-23,000858,13:29:45,103.0300,12,4
2026-01-23,000858,13:29:48,103.0300,17,2
2026-01-23,000858,13:29:51,103.0300,15,2
2026-01-23,000858,13:29:54,103.0300,31,2
2026-01-23,000858,13:29:57,103.0200,76,2
2026-01-23,000858,13:30:00,103.0300,136,2
2026-01-23,000858,13:30:03,103.0200,29,2
2026-01-23,000858,13:30:06,103.0500,70,1
2026-01-23,000858,13:30:09,103.0500,76,1
2026-01-23,000858,13:30:12,103.0000,55,2
2026-01-23,000858,13:30:15,103.0000,33,2
2026-01-23,000858,13:30:18,103.0100,143,2
2026-01-23,000858,13:30:21,103.0100,28,1
2026-01-23,000858,13:30:24,103.0100,15,1
2026-01-23,000858,13:30:27,103.0000,35,2
2026-01-23,000858,13:30:30,103.0000,83,2
2026-01-23,000858,13:30:33,103.0000,23,2
2026-01-23,000858,13:30:36,103.0200,10,1
2026-01-23,000858,13:30:39,103.0300,19,1
2026-01-23,000858,13:30:42,103.0200,10,2
2026-01-23,000858,13:30:45,103.0100,13,2
2026-01-23,000858,13:30:48,103.0100,9,2
2026-01-23,000858,13:30:51,103.0200,27,1
2026-01-23,000858,13:30:54,103.0200,14,2
2026-01-23,000858,13:30:57,103.0100,10,2
2026-01-23,000858,13:31:00,103.0100,24,2
2026-01-23,000858,13:31:03,103.0100,63,2
2026-01-23,000858,13:31:06,103.0100,14,1
2026-01-23,000858,13:31:09,103.0000,130,2
2026-01-23,000858,13:31:12,103.0200,20,1
2026-01-23,000858,13:31:15,103.0100,56,2
2026-01-23,000858,13:31:18,103.0100,41,2
2026-01-23,000858,13:31:21,103.0500,142,1
2026-01-23,000858,13:31:24,103.0200,38,2
2026-01-23,000858,13:31:27,103.0000,52,2
2026-01-23,000858,13:31:30,103.0100,10,4
2026-01-23,000858,13:31:33,103.0000,73,2
2026-01-23,000858,13:31:36,103.0000,52,2
2026-01-23,000858,13:31:39,103.0000,71,2
2026-01-23,000858,13:31:42,103.0000,55,2
2026-01-23,000858,13:31:45,103.0000,42,2
2026-01-23,000858,13:31:48,103.0000,226,2
2026-01-23,000858,13:31:51,103.0000,115,2
2026-01-23,000858,13:31:54,102.8500,2524,2
2026-01-23,000858,13:31:57,102.9400,247,1
2026-01-23,000858,13:32:00,102.8100,331,2
2026-01-23,000858,13:32:03,102.8000,129,2
2026-01-23,000858,13:32:06,102.8200,49,2
2026-01-23,000858,13:32:09,102.8600,19,2
2026-01-23,000858,13:32:12,102.8200,34,2
2026-01-23,000858,13:32:15,102.9600,35,1
2026-01-23,000858,13:32:18,102.9400,67,2
2026-01-23,000858,13:32:21,102.8300,33,2
2026-01-23,000858,13:32:24,102.8400,48,2
2026-01-23,000858,13:32:27,102.9500,52,1
2026-01-23,000858,13:32:30,102.8500,32,2
2026-01-23,000858,13:32:33,102.9400,64,1
2026-01-23,000858,13:32:36,103.0000,100,1
2026-01-23,000858,13:32:39,102.9300,67,1
2026-01-23,000858,13:32:42,102.8700,46,2
2026-01-23,000858,13:32:45,102.9300,38,1
2026-01-23,000858,13:32:48,102.9300,34,2
2026-01-23,000858,13:32:51,102.9300,70,1
2026-01-23,000858,13:32:54,102.9300,37,1
2026-01-23,000858,13:32:57,102.9300,43,1
2026-01-23,000858,13:33:00,102.9300,57,2
2026-01-23,000858,13:33:03,102.9200,87,2
2026-01-23,000858,13:33:06,102.9200,21,1
2026-01-23,000858,13:33:09,102.9200,35,1
2026-01-23,000858,13:33:12,102.8700,46,2
2026-01-23,000858,13:33:15,102.9200,11,1
2026-01-23,000858,13:33:18,102.9100,38,2
2026-01-23,000858,13:33:21,102.9000,5,2
2026-01-23,000858,13:33:24,102.8700,25,2
2026-01-23,000858,13:33:27,102.9000,28,2
2026-01-23,000858,13:33:30,102.9000,14,1
2026-01-23,000858,13:33:33,102.9100,136,1
2026-01-23,000858,13:33:36,102.9200,30,4
2026-01-23,000858,13:33:39,102.9200,23,2
2026-01-23,000858,13:33:42,102.9200,18,2
2026-01-23,000858,13:33:45,102.9500,27,1
2026-01-23,000858,13:33:48,102.9500,3,2
2026-01-23,000858,13:33:51,102.9500,18,2
2026-01-23,000858,13:33:54,102.9600,35,1
2026-01-23,000858,13:33:57,102.9500,30,2
2026-01-23,000858,13:34:00,102.9200,68,2
2026-01-23,000858,13:34:03,102.9500,17,1
2026-01-23,000858,13:34:06,102.9600,37,1
2026-01-23,000858,13:34:09,102.9600,42,2
2026-01-23,000858,13:34:12,102.9700,16,1
2026-01-23,000858,13:34:15,102.9600,20,2
2026-01-23,000858,13:34:18,102.9800,12,1
2026-01-23,000858,13:34:21,102.9700,1,2
2026-01-23,000858,13:34:24,102.9800,32,1
2026-01-23,000858,13:34:27,102.9700,8,2
2026-01-23,000858,13:34:30,102.9700,20,2
2026-01-23,000858,13:34:33,102.9800,15,1
2026-01-23,000858,13:34:36,102.9800,13,1
2026-01-23,000858,13:34:39,102.9800,11,2
2026-01-23,000858,13:34:42,102.9900,14,1
2026-01-23,000858,13:34:45,102.9900,5,1
2026-01-23,000858,13:34:48,102.9900,20,1
2026-01-23,000858,13:34:51,102.9800,6,2
2026-01-23,000858,13:34:54,102.9900,20,1
2026-01-23,000858,13:34:57,102.9900,18,1
2026-01-23,000858,13:35:00,102.9800,49,2
2026-01-23,000858,13:35:06,103.0000,6,1
2026-01-23,000858,13:35:09,102.9900,24,2
2026-01-23,000858,13:35:12,102.9900,6,2
2026-01-23,000858,13:35:15,102.9800,3,2
2026-01-23,000858,13:35:18,102.9900,2,2
2026-01-23,000858,13:35:21,102.9900,15,2
2026-01-23,000858,13:35:24,103.0000,134,1
2026-01-23,000858,13:35:27,103.0000,6,2
2026-01-23,000858,13:35:30,103.0000,10,2
2026-01-23,000858,13:35:33,103.0000,21,2
2026-01-23,000858,13:35:36,103.0200,27,1
2026-01-23,000858,13:35:39,103.0200,38,1
2026-01-23,000858,13:35:42,103.0200,19,1
2026-01-23,000858,13:35:45,103.0200,10,1
2026-01-23,000858,13:35:48,103.0000,3,2
2026-01-23,000858,13:35:51,103.0200,18,1
2026-01-23,000858,13:35:54,103.0200,2,2
2026-01-23,000858,13:35:57,103.0200,1,2
2026-01-23,000858,13:36:00,103.0300,1,1
2026-01-23,000858,13:36:03,103.0200,10,2
2026-01-23,000858,13:36:06,103.0200,7,2
2026-01-23,000858,13:36:09,103.0200,10,2
2026-01-23,000858,13:36:12,103.0200,11,2
2026-01-23,000858,13:36:15,103.0300,5,1
2026-01-23,000858,13:36:18,103.0300,10,1
2026-01-23,000858,13:36:21,103.0300,19,1
2026-01-23,000858,13:36:24,103.0300,18,1
2026-01-23,000858,13:36:27,103.0300,13,2
2026-01-23,000858,13:36:30,103.0300,28,2
2026-01-23,000858,13:36:33,103.0400,4,1
2026-01-23,000858,13:36:36,103.0200,40,2
2026-01-23,000858,13:36:39,103.0300,12,1
2026-01-23,000858,13:36:42,103.0300,12,1
2026-01-23,000858,13:36:45,103.0200,12,2
2026-01-23,000858,13:36:48,103.0300,25,1
2026-01-23,000858,13:36:51,103.0300,50,2
2026-01-23,000858,13:36:54,103.0300,14,2
2026-01-23,000858,13:36:57,103.0400,12,1
2026-01-23,000858,13:37:00,103.0300,10,2
2026-01-23,000858,13:37:03,103.0400,14,1
2026-01-23,000858,13:37:06,103.0300,15,2
2026-01-23,000858,13:37:09,103.0300,13,2
2026-01-23,000858,13:37:12,103.0300,16,2
2026-01-23,000858,13:37:15,103.0400,11,1
2026-01-23,000858,13:37:18,103.0300,13,2
2026-01-23,000858,13:37:21,103.0400,11,1
2026-01-23,000858,13:37:24,103.0400,8,1
2026-01-23,000858,13:37:27,103.0300,24,2
2026-01-23,000858,13:37:30,103.0400,40,1
2026-01-23,000858,13:37:33,103.0300,36,2
2026-01-23,000858,13:37:36,103.0300,15,1
2026-01-23,000858,13:37:39,103.0300,8,1
2026-01-23,000858,13:37:42,103.0300,4,1
2026-01-23,000858,13:37:45,103.0300,4,1
2026-01-23,000858,13:37:48,103.0300,70,1
2026-01-23,000858,13:37:51,103.0100,18,2
2026-01-23,000858,13:37:54,103.0100,16,2
2026-01-23,000858,13:37:57,103.0100,9,2
2026-01-23,000858,13:38:00,103.0200,49,4
2026-01-23,000858,13:38:03,102.9900,100,2
2026-01-23,000858,13:38:06,102.9900,8,2
2026-01-23,000858,13:38:09,102.9800,34,2
2026-01-23,000858,13:38:12,102.9800,18,2
2026-01-23,000858,13:38:15,103.0000,18,1
2026-01-23,000858,13:38:18,102.9900,43,1
2026-01-23,000858,13:38:21,102.9900,9,1
2026-01-23,000858,13:38:24,102.9900,30,1
2026-01-23,000858,13:38:27,102.9900,20,2
2026-01-23,000858,13:38:30,102.9800,31,2
2026-01-23,000858,13:38:33,102.9900,1,4
2026-01-23,000858,13:38:36,102.9900,11,2
2026-01-23,000858,13:38:39,102.9900,6,2
2026-01-23,000858,13:38:42,102.9900,11,2
2026-01-23,000858,13:38:45,102.9900,28,1
2026-01-23,000858,13:38:48,102.9900,27,1
2026-01-23,000858,13:38:51,102.9900,21,1
2026-01-23,000858,13:38:54,102.9900,27,1
2026-01-23,000858,13:38:57,102.9900,9,1
2026-01-23,000858,13:39:00,102.9800,14,2
2026-01-23,000858,13:39:03,102.9800,10,2
2026-01-23,000858,13:39:06,102.9800,4,2
2026-01-23,000858,13:39:09,102.9900,36,1
2026-01-23,000858,13:39:12,102.9900,65,2
2026-01-23,000858,13:39:15,102.9900,14,2
2026-01-23,000858,13:39:18,103.0000,13,1
2026-01-23,000858,13:39:21,102.9900,37,2
2026-01-23,000858,13:39:24,102.9900,68,2
2026-01-23,000858,13:39:27,103.0000,22,2
2026-01-23,000858,13:39:30,102.9900,20,2
2026-01-23,000858,13:39:33,102.9900,67,2
2026-01-23,000858,13:39:36,102.9800,42,2
2026-01-23,000858,13:39:39,102.9900,38,1
2026-01-23,000858,13:39:42,102.9800,23,2
2026-01-23,000858,13:39:45,102.9800,29,2
2026-01-23,000858,13:39:48,102.9800,28,2
2026-01-23,000858,13:39:51,102.9900,22,1
2026-01-23,000858,13:39:54,102.9900,44,1
2026-01-23,000858,13:39:57,102.9900,20,1
2026-01-23,000858,13:40:00,102.9700,27,2
2026-01-23,000858,13:40:03,102.9800,15,1
2026-01-23,000858,13:40:06,102.9800,11,2
2026-01-23,000858,13:40:09,102.9700,17,2
2026-01-23,000858,13:40:12,102.9700,13,2
2026-01-23,000858,13:40:15,102.9700,9,2
2026-01-23,000858,13:40:21,102.9800,13,1
2026-01-23,000858,13:40:24,102.9800,9,1
2026-01-23,000858,13:40:27,102.9700,5,2
2026-01-23,000858,13:40:30,102.9700,6,2
2026-01-23,000858,13:40:33,102.9800,33,1
2026-01-23,000858,13:40:36,102.9900,14,1
2026-01-23,000858,13:40:39,102.9800,9,2
2026-01-23,000858,13:40:42,102.9800,23,2
2026-01-23,000858,13:40:45,102.9900,14,1
2026-01-23,000858,13:40:48,102.9800,34,2
2026-01-23,000858,13:40:51,102.9700,15,2
2026-01-23,000858,13:40:54,102.9700,16,2
2026-01-23,000858,13:40:57,102.9800,7,1
2026-01-23,000858,13:41:00,102.9800,6,1
2026-01-23,000858,13:41:03,102.9800,34,1
2026-01-23,000858,13:41:06,102.9800,24,4
2026-01-23,000858,13:41:09,102.9900,12,1
2026-01-23,000858,13:41:12,102.9800,6,4
2026-01-23,000858,13:41:15,102.9800,10,4
2026-01-23,000858,13:41:18,102.9800,9,1
2026-01-23,000858,13:41:21,102.9800,50,1
2026-01-23,000858,13:41:24,102.9700,26,2
2026-01-23,000858,13:41:27,102.9700,19,2
2026-01-23,000858,13:41:30,102.9800,31,2
2026-01-23,000858,13:41:33,102.9800,9,4
2026-01-23,000858,13:41:36,102.9900,3,1
2026-01-23,000858,13:41:39,102.9900,3,1
2026-01-23,000858,13:41:42,102.9900,51,1
2026-01-23,000858,13:41:45,102.9800,40,2
2026-01-23,000858,13:41:48,102.9900,16,1
2026-01-23,000858,13:41:51,102.9900,8,1
2026-01-23,000858,13:41:54,102.9800,11,2
2026-01-23,000858,13:41:57,102.9900,1,1
2026-01-23,000858,13:42:00,102.9800,1,2
2026-01-23,000858,13:42:03,102.9900,1,1
2026-01-23,000858,13:42:06,102.9900,18,1
2026-01-23,000858,13:42:09,102.9900,1,2
2026-01-23,000858,13:42:12,103.0000,3,1
2026-01-23,000858,13:42:15,103.0000,14,1
2026-01-23,000858,13:42:18,102.9900,5,2
2026-01-23,000858,13:42:21,103.0000,10,1
2026-01-23,000858,13:42:24,102.9900,15,2
2026-01-23,000858,13:42:27,103.0000,17,1
2026-01-23,000858,13:42:30,103.0000,10,1
2026-01-23,000858,13:42:33,102.9900,8,2
2026-01-23,000858,13:42:36,103.0000,29,1
2026-01-23,000858,13:42:39,102.9900,2,2
2026-01-23,000858,13:42:42,103.0000,16,1
2026-01-23,000858,13:42:45,103.0000,19,1
2026-01-23,000858,13:42:48,103.0000,12,1
2026-01-23,000858,13:42:51,103.0000,9,1
2026-01-23,000858,13:42:54,103.0000,25,1
2026-01-23,000858,13:42:57,103.0000,3,1
2026-01-23,000858,13:43:00,102.9900,3,2
2026-01-23,000858,13:43:03,103.0000,35,1
2026-01-23,000858,13:43:06,103.0000,69,1
2026-01-23,000858,13:43:09,102.9900,7,4
2026-01-23,000858,13:43:12,102.9900,22,1
2026-01-23,000858,13:43:15,102.9900,14,1
2026-01-23,000858,13:43:18,102.9900,2,4
2026-01-23,000858,13:43:21,102.9900,9,2
2026-01-23,000858,13:43:24,102.9900,27,2
2026-01-23,000858,13:43:27,102.9900,9,2
2026-01-23,000858,13:43:30,102.9900,39,2
2026-01-23,000858,13:43:33,103.0000,30,1
2026-01-23,000858,13:43:36,103.0000,38,1
2026-01-23,000858,13:43:39,102.9800,439,2
2026-01-23,000858,13:43:42,102.9800,118,1
2026-01-23,000858,13:43:45,102.9600,15,2
2026-01-23,000858,13:43:48,102.9800,8,1
2026-01-23,000858,13:43:51,102.9600,22,2
2026-01-23,000858,13:43:54,102.9800,5,1
2026-01-23,000858,13:43:57,102.9600,34,2
2026-01-23,000858,13:44:00,102.9800,11,1
2026-01-23,000858,13:44:03,102.9600,13,2
2026-01-23,000858,13:44:06,102.9700,9,1
2026-01-23,000858,13:44:09,102.9700,29,2
2026-01-23,000858,13:44:12,102.9700,20,2
2026-01-23,000858,13:44:15,102.9700,12,4
2026-01-23,000858,13:44:18,102.9600,34,2
2026-01-23,000858,13:44:21,102.9600,12,2
2026-01-23,000858,13:44:24,102.9600,14,2
2026-01-23,000858,13:44:27,102.9500,78,2
2026-01-23,000858,13:44:30,102.9600,9,1
2026-01-23,000858,13:44:33,102.9600,14,1
2026-01-23,000858,13:44:36,102.9600,75,1
2026-01-23,000858,13:44:39,102.9600,11,1
2026-01-23,000858,13:44:42,102.9600,23,1
2026-01-23,000858,13:44:45,102.9700,25,1
2026-01-23,000858,13:44:48,102.9700,6,1
2026-01-23,000858,13:44:51,102.9700,17,1
2026-01-23,000858,13:44:54,102.9700,8,4
2026-01-23,000858,13:44:57,102.9700,52,2
2026-01-23,000858,13:45:00,102.9800,42,1
2026-01-23,000858,13:45:03,102.9800,4,1
2026-01-23,000858,13:45:06,102.9800,5,1
2026-01-23,000858,13:45:09,102.9800,27,1
2026-01-23,000858,13:45:12,102.9800,43,1
2026-01-23,000858,13:45:15,102.9800,6,2
2026-01-23,000858,13:45:18,102.9900,21,1
2026-01-23,000858,13:45:21,102.9900,12,1
2026-01-23,000858,13:45:24,102.9800,48,2
2026-01-23,000858,13:45:27,102.9800,11,2
2026-01-23,000858,13:45:30,102.9800,7,2
2026-01-23,000858,13:45:33,102.9900,3,1
2026-01-23,000858,13:45:36,102.9800,19,2
2026-01-23,000858,13:45:39,102.9800,15,2
2026-01-23,000858,13:45:42,102.9800,45,2
2026-01-23,000858,13:45:45,102.9800,31,1
2026-01-23,000858,13:45:48,102.9800,21,1
2026-01-23,000858,13:45:51,102.9800,5,1
2026-01-23,000858,13:45:54,102.9800,17,1
2026-01-23,000858,13:45:57,102.9800,14,1
2026-01-23,000858,13:46:00,102.9700,86,2
2026-01-23,000858,13:46:03,102.9700,51,1
2026-01-23,000858,13:46:06,102.9500,37,2
2026-01-23,000858,13:46:09,102.9600,19,1
2026-01-23,000858,13:46:12,102.9600,29,1
2026-01-23,000858,13:46:18,102.9500,8,2
2026-01-23,000858,13:46:21,102.9500,7,2
2026-01-23,000858,13:46:24,102.9500,9,2
2026-01-23,000858,13:46:27,102.9500,6,2
2026-01-23,000858,13:46:30,102.9500,18,2
2026-01-23,000858,13:46:33,102.9600,2,2
2026-01-23,000858,13:46:36,102.9600,2,2
2026-01-23,000858,13:46:39,102.9600,9,2
2026-01-23,000858,13:46:42,102.9700,37,1
2026-01-23,000858,13:46:45,102.9700,12,1
2026-01-23,000858,13:46:48,102.9800,4,1
2026-01-23,000858,13:46:51,102.9800,2,1
2026-01-23,000858,13:46:54,102.9800,2,1
2026-01-23,000858,13:46:57,102.9700,51,2
2026-01-23,000858,13:47:00,102.9700,12,1
2026-01-23,000858,13:47:03,102.9700,7,1
2026-01-23,000858,13:47:06,102.9600,16,2
2026-01-23,000858,13:47:09,102.9700,9,1
2026-01-23,000858,13:47:12,102.9600,29,2
2026-01-23,000858,13:47:15,102.9700,12,1
2026-01-23,000858,13:47:18,102.9600,3,2
2026-01-23,000858,13:47:21,102.9700,12,1
2026-01-23,000858,13:47:24,102.9700,9,1
2026-01-23,000858,13:47:27,102.9700,21,1
2026-01-23,000858,13:47:30,102.9600,208,2
2026-01-23,000858,13:47:33,102.9600,50,2
2026-01-23,000858,13:47:36,102.9800,262,1
2026-01-23,000858,13:47:39,102.9800,74,2
2026-01-23,000858,13:47:42,102.9900,3,1
2026-01-23,000858,13:47:45,102.9800,9,2
2026-01-23,000858,13:47:48,102.9900,50,1
2026-01-23,000858,13:47:51,102.9900,10,1
2026-01-23,000858,13:47:54,102.9900,4,1
2026-01-23,000858,13:47:57,102.9900,19,1
2026-01-23,000858,13:48:00,102.9900,37,1
2026-01-23,000858,13:48:03,102.9900,15,1
2026-01-23,000858,13:48:06,102.9900,29,1
2026-01-23,000858,13:48:09,102.9900,15,1
2026-01-23,000858,13:48:12,102.9900,7,1
2026-01-23,000858,13:48:15,102.9900,3,1
2026-01-23,000858,13:48:18,102.9900,2,1
2026-01-23,000858,13:48:21,102.9900,21,1
2026-01-23,000858,13:48:24,102.9900,7,1
2026-01-23,000858,13:48:27,102.9800,11,2
2026-01-23,000858,13:48:30,102.9900,24,1
2026-01-23,000858,13:48:33,102.9900,5,1
2026-01-23,000858,13:48:36,102.9900,13,1
2026-01-23,000858,13:48:39,102.9900,13,1
2026-01-23,000858,13:48:42,102.9900,2,1
2026-01-23,000858,13:48:45,102.9900,24,1
2026-01-23,000858,13:48:48,102.9900,11,1
2026-01-23,000858,13:48:51,102.9900,17,1
2026-01-23,000858,13:48:54,102.9900,24,2
2026-01-23,000858,13:48:57,103.0000,28,1
2026-01-23,000858,13:49:00,102.9900,5,2
2026-01-23,000858,13:49:03,102.9900,10,2
2026-01-23,000858,13:49:06,102.9900,8,2
2026-01-23,000858,13:49:09,102.9900,8,2
2026-01-23,000858,13:49:12,103.0000,11,1
2026-01-23,000858,13:49:15,103.0000,28,1
2026-01-23,000858,13:49:18,102.9900,109,2
2026-01-23,000858,13:49:21,102.9800,49,2
2026-01-23,000858,13:49:24,102.9800,41,2
2026-01-23,000858,13:49:27,102.9800,16,2
2026-01-23,000858,13:49:30,102.9900,16,2
2026-01-23,000858,13:49:33,103.0000,1,1
2026-01-23,000858,13:49:36,103.0000,7,1
2026-01-23,000858,13:49:39,103.0000,111,1
2026-01-23,000858,13:49:42,103.0000,60,1
2026-01-23,000858,13:49:45,102.9900,12,2
2026-01-23,000858,13:49:48,102.9900,11,2
2026-01-23,000858,13:49:51,102.9900,3,2
2026-01-23,000858,13:49:54,103.0000,1,1
2026-01-23,000858,13:49:57,103.0000,12,1
2026-01-23,000858,13:50:00,103.0000,1,1
2026-01-23,000858,13:50:03,103.0000,1,1
2026-01-23,000858,13:50:06,103.0000,21,1
2026-01-23,000858,13:50:09,103.0000,12,1
2026-01-23,000858,13:50:12,103.0000,45,1
2026-01-23,000858,13:50:15,103.0000,7,1
2026-01-23,000858,13:50:18,103.0000,2,1
2026-01-23,000858,13:50:21,103.0000,14,1
2026-01-23,000858,13:50:24,103.0000,83,1
2026-01-23,000858,13:50:27,103.0000,11,1
2026-01-23,000858,13:50:30,102.9900,10,2
2026-01-23,000858,13:50:33,103.0000,3,1
2026-01-23,000858,13:50:39,102.9900,12,2
2026-01-23,000858,13:50:42,103.0000,44,1
2026-01-23,000858,13:50:45,102.9900,4,2
2026-01-23,000858,13:50:48,103.0000,12,1
2026-01-23,000858,13:50:51,102.9900,1,2
2026-01-23,000858,13:50:54,102.9900,3,2
2026-01-23,000858,13:50:57,103.0000,5,1
2026-01-23,000858,13:51:00,103.0000,4,1
2026-01-23,000858,13:51:03,103.0000,224,1
2026-01-23,000858,13:51:06,103.0000,79,1
2026-01-23,000858,13:51:09,103.0000,22,1
2026-01-23,000858,13:51:12,103.0200,120,1
2026-01-23,000858,13:51:15,103.0200,24,4
2026-01-23,000858,13:51:18,103.0300,4,1
2026-01-23,000858,13:51:21,103.0300,2,1
2026-01-23,000858,13:51:24,103.0300,90,1
2026-01-23,000858,13:51:27,103.0300,7,1
2026-01-23,000858,13:51:30,103.0300,24,1
2026-01-23,000858,13:51:33,103.0300,25,1
2026-01-23,000858,13:51:36,103.0200,38,4
2026-01-23,000858,13:51:39,103.0100,7,4
2026-01-23,000858,13:51:42,103.0000,22,2
2026-01-23,000858,13:51:45,103.0200,9,1
2026-01-23,000858,13:51:48,103.0200,17,2
2026-01-23,000858,13:51:51,103.0200,26,2
2026-01-23,000858,13:51:54,103.0200,8,2
2026-01-23,000858,13:52:00,103.0300,26,1
2026-01-23,000858,13:52:03,103.0400,3,1
2026-01-23,000858,13:52:06,103.0400,10,2
2026-01-23,000858,13:52:09,103.0500,25,1
2026-01-23,000858,13:52:12,103.0400,3,4
2026-01-23,000858,13:52:15,103.0500,2,1
2026-01-23,000858,13:52:18,103.0500,11,1
2026-01-23,000858,13:52:21,103.0500,28,1
2026-01-23,000858,13:52:24,103.0600,9,1
2026-01-23,000858,13:52:27,103.0600,11,2
2026-01-23,000858,13:52:30,103.0900,1,1
2026-01-23,000858,13:52:33,103.0800,5,2
2026-01-23,000858,13:52:36,103.0900,6,1
2026-01-23,000858,13:52:39,103.0900,24,1
2026-01-23,000858,13:52:42,103.0900,4,2
2026-01-23,000858,13:52:45,103.1000,2,1
2026-01-23,000858,13:52:48,103.0900,24,2
2026-01-23,000858,13:52:51,103.1000,6,1
2026-01-23,000858,13:52:54,103.0900,89,2
2026-01-23,000858,13:52:57,103.0900,27,1
2026-01-23,000858,13:53:00,103.0900,20,1
2026-01-23,000858,13:53:03,103.0900,42,1
2026-01-23,000858,13:53:06,103.0800,30,2
2026-01-23,000858,13:53:09,103.0900,19,1
2026-01-23,000858,13:53:12,103.0900,14,1
2026-01-23,000858,13:53:15,103.0900,3,2
2026-01-23,000858,13:53:18,103.1000,3,1
2026-01-23,000858,13:53:21,103.1000,1,1
2026-01-23,000858,13:53:24,103.1000,1,1
2026-01-23,000858,13:53:27,103.0900,3,2
2026-01-23,000858,13:53:30,103.1000,10,1
2026-01-23,000858,13:53:33,103.1000,22,1
2026-01-23,000858,13:53:36,103.0900,386,2
2026-01-23,000858,13:53:39,103.0900,5,1
2026-01-23,000858,13:53:42,103.0500,10,2
2026-01-23,000858,13:53:48,103.0500,4,2
2026-01-23,000858,13:53:51,103.0500,7,2
2026-01-23,000858,13:53:54,103.0900,5,1
2026-01-23,000858,13:53:57,103.0900,8,1
2026-01-23,000858,13:54:00,103.0900,15,2
2026-01-23,000858,13:54:06,103.0900,3,2
2026-01-23,000858,13:54:09,103.0900,1,1
2026-01-23,000858,13:54:12,103.0800,23,2
2026-01-23,000858,13:54:15,103.0900,4,1
2026-01-23,000858,13:54:18,103.1000,7,1
2026-01-23,000858,13:54:21,103.0900,15,2
2026-01-23,000858,13:54:24,103.1000,5,1
2026-01-23,000858,13:54:27,103.1000,15,1
2026-01-23,000858,13:54:30,103.1000,124,1
2026-01-23,000858,13:54:33,103.1000,2,1
2026-01-23,000858,13:54:36,103.1000,17,1
2026-01-23,000858,13:54:39,103.1100,30,1
2026-01-23,000858,13:54:42,103.1100,8,1
2026-01-23,000858,13:54:45,103.1100,6,1
2026-01-23,000858,13:54:48,103.1100,11,1
2026-01-23,000858,13:54:51,103.1100,18,1
2026-01-23,000858,13:54:54,103.1100,9,1
2026-01-23,000858,13:54:57,103.1100,3,2
2026-01-23,000858,13:55:00,103.1200,7,1
2026-01-23,000858,13:55:03,103.1300,21,1
2026-01-23,000858,13:55:06,103.1300,17,2
2026-01-23,000858,13:55:09,103.1600,7,1
2026-01-23,000858,13:55:12,103.1600,8,1
2026-01-23,000858,13:55:15,103.1500,73,4
2026-01-23,000858,13:55:18,103.1200,22,2
2026-01-23,000858,13:55:24,103.1200,61,2
2026-01-23,000858,13:55:27,103.1300,13,1
2026-01-23,000858,13:55:30,103.1300,1,2
2026-01-23,000858,13:55:33,103.1300,6,2
2026-01-23,000858,13:55:36,103.1600,6,1
2026-01-23,000858,13:55:39,103.1300,8,2
2026-01-23,000858,13:55:42,103.1300,5,2
2026-01-23,000858,13:55:45,103.1500,10,1
2026-01-23,000858,13:55:48,103.1500,10,1
2026-01-23,000858,13:55:51,103.1600,13,1
2026-01-23,000858,13:55:54,103.1500,17,2
2026-01-23,000858,13:55:57,103.1500,20,4
2026-01-23,000858,13:56:00,103.1400,63,2
2026-01-23,000858,13:56:03,103.1300,3,2
2026-01-23,000858,13:56:06,103.1200,20,2
2026-01-23,000858,13:56:09,103.1300,4,1
2026-01-23,000858,13:56:12,103.1100,7,2
2026-01-23,000858,13:56:15,103.1100,18,2
2026-01-23,000858,13:56:21,103.1100,6,2
2026-01-23,000858,13:56:24,103.1100,31,2
2026-01-23,000858,13:56:27,103.1100,2,4
2026-01-23,000858,13:56:33,103.1200,9,1
2026-01-23,000858,13:56:36,103.1200,11,1
2026-01-23,000858,13:56:39,103.1100,17,2
2026-01-23,000858,13:56:42,103.1200,29,1
2026-01-23,000858,13:56:45,103.1300,17,1
2026-01-23,000858,13:56:48,103.1300,11,1
2026-01-23,000858,13:56:51,103.1300,13,1
2026-01-23,000858,13:56:54,103.1300,2,4
2026-01-23,000858,13:56:57,103.1300,7,2
2026-01-23,000858,13:57:00,103.1400,18,1
2026-01-23,000858,13:57:06,103.1400,2,1
2026-01-23,000858,13:57:09,103.1400,4,1
2026-01-23,000858,13:57:12,103.1100,120,2
2026-01-23,000858,13:57:15,103.1100,12,2
2026-01-23,000858,13:57:18,103.1100,36,2
2026-01-23,000858,13:57:21,103.1400,11,1
2026-01-23,000858,13:57:24,103.1200,4,2
2026-01-23,000858,13:57:27,103.1400,3,1
2026-01-23,000858,13:57:30,103.1400,10,1
2026-01-23,000858,13:57:33,103.1200,7,2
2026-01-23,000858,13:57:36,103.1400,3,1
2026-01-23,000858,13:57:39,103.1200,2,2
2026-01-23,000858,13:57:42,103.1400,33,1
2026-01-23,000858,13:57:48,103.1400,2,1
2026-01-23,000858,13:57:51,103.1300,13,2
2026-01-23,000858,13:57:54,103.1400,19,1
2026-01-23,000858,13:57:57,103.1300,11,2
2026-01-23,000858,13:58:03,103.1300,16,1
2026-01-23,000858,13:58:06,103.1300,10,1
2026-01-23,000858,13:58:09,103.1200,18,2
2026-01-23,000858,13:58:15,103.1100,104,2
2026-01-23,000858,13:58:18,103.1000,43,2
2026-01-23,000858,13:58:21,103.1000,95,2
2026-01-23,000858,13:58:24,103.1200,7,1
2026-01-23,000858,13:58:27,103.1200,13,1
2026-01-23,000858,13:58:30,103.1100,6,2
2026-01-23,000858,13:58:33,103.1100,6,2
2026-01-23,000858,13:58:36,103.1100,12,2
2026-01-23,000858,13:58:39,103.1100,9,2
2026-01-23,000858,13:58:42,103.1200,37,1
2026-01-23,000858,13:58:45,103.1100,7,2
2026-01-23,000858,13:58:48,103.1100,9,2
2026-01-23,000858,13:58:51,103.1100,13,2
2026-01-23,000858,13:58:54,103.1100,6,1
2026-01-23,000858,13:58:57,103.1100,3,1
2026-01-23,000858,13:59:00,103.1100,7,1
2026-01-23,000858,13:59:03,103.1000,4,2
2026-01-23,000858,13:59:06,103.1100,20,1
2026-01-23,000858,13:59:09,103.1100,2,2
2026-01-23,000858,13:59:12,103.1100,11,2
2026-01-23,000858,13:59:15,103.1200,30,1
2026-01-23,000858,13:59:21,103.1400,50,1
2026-01-23,000858,13:59:24,103.1400,55,1
2026-01-23,000858,13:59:27,103.1500,8,1
2026-01-23,000858,13:59:30,103.1500,24,1
2026-01-23,000858,13:59:33,103.1500,32,1
2026-01-23,000858,13:59:36,103.1500,9,1
2026-01-23,000858,13:59:39,103.1600,19,1
2026-01-23,000858,13:59:42,103.1500,2,4
2026-01-23,000858,13:59:45,103.1600,6,1
2026-01-23,000858,13:59:48,103.1500,7,2
2026-01-23,000858,13:59:51,103.1600,8,1
2026-01-23,000858,13:59:54,103.1600,90,2
2026-01-23,000858,13:59:57,103.1500,11,4
2026-01-23,000858,14:00:00,103.1500,3,1
2026-01-23,000858,14:00:03,103.1600,9,1
2026-01-23,000858,14:00:06,103.1600,2,1
2026-01-23,000858,14:00:09,103.1400,14,2
2026-01-23,000858,14:00:12,103.1600,5,1
2026-01-23,000858,14:00:15,103.1600,1,1
2026-01-23,000858,14:00:18,103.1600,7,1
2026-01-23,000858,14:00:21,103.1500,1,4
2026-01-23,000858,14:00:24,103.1600,5,1
2026-01-23,000858,14:00:30,103.1500,101,2
2026-01-23,000858,14:00:33,103.1600,3,1
2026-01-23,000858,14:00:36,103.1600,46,1
2026-01-23,000858,14:00:42,103.1600,1,1
2026-01-23,000858,14:00:45,103.1600,9,1
2026-01-23,000858,14:00:48,103.1600,8,1
2026-01-23,000858,14:00:51,103.1600,21,1
2026-01-23,000858,14:00:54,103.1600,5,2
2026-01-23,000858,14:00:57,103.1600,3,2
2026-01-23,000858,14:01:00,103.1600,2,2
2026-01-23,000858,14:01:03,103.1600,2,2
2026-01-23,000858,14:01:06,103.1700,6,1
2026-01-23,000858,14:01:12,103.1600,12,2
2026-01-23,000858,14:01:15,103.1700,4,1
2026-01-23,000858,14:01:18,103.1600,16,2
2026-01-23,000858,14:01:21,103.1700,10,1
2026-01-23,000858,14:01:24,103.1600,4,2
2026-01-23,000858,14:01:27,103.1600,11,2
2026-01-23,000858,14:01:30,103.1700,1,1
2026-01-23,000858,14:01:33,103.1600,12,2
2026-01-23,000858,14:01:36,103.1700,1,1
2026-01-23,000858,14:01:39,103.1600,23,2
2026-01-23,000858,14:01:42,103.1700,6,1
2026-01-23,000858,14:01:45,103.1600,1,2
2026-01-23,000858,14:01:48,103.1700,1,1
2026-01-23,000858,14:01:51,103.1700,21,1
2026-01-23,000858,14:01:54,103.1700,4,1
2026-01-23,000858,14:01:57,103.1700,13,1
2026-01-23,000858,14:02:00,103.1600,69,2
2026-01-23,000858,14:02:03,103.1300,294,2
2026-01-23,000858,14:02:06,103.1500,26,1
2026-01-23,000858,14:02:09,103.1400,12,1
2026-01-23,000858,14:02:15,103.1300,1,4
2026-01-23,000858,14:02:18,103.1200,6,2
2026-01-23,000858,14:02:21,103.1300,7,1
2026-01-23,000858,14:02:27,103.1300,6,2
2026-01-23,000858,14:02:30,103.1300,2,2
2026-01-23,000858,14:02:33,103.1400,11,1
2026-01-23,000858,14:02:36,103.1400,9,1
2026-01-23,000858,14:02:39,103.1300,38,2
2026-01-23,000858,14:02:42,103.1400,3,1
2026-01-23,000858,14:02:45,103.1400,13,1
2026-01-23,000858,14:02:48,103.1300,3,2
2026-01-23,000858,14:02:51,103.1400,7,1
2026-01-23,000858,14:02:54,103.1400,396,1
2026-01-23,000858,14:02:57,103.1400,10,2
2026-01-23,000858,14:03:00,103.1500,19,1
2026-01-23,000858,14:03:03,103.1500,3,1
2026-01-23,000858,14:03:09,103.1500,9,4
2026-01-23,000858,14:03:12,103.1500,4,2
2026-01-23,000858,14:03:15,103.1400,3,2
2026-01-23,000858,14:03:18,103.1500,1,1
2026-01-23,000858,14:03:21,103.1500,8,1
2026-01-23,000858,14:03:24,103.1400,8,2
2026-01-23,000858,14:03:27,103.1500,8,1
2026-01-23,000858,14:03:30,103.1500,27,1
2026-01-23,000858,14:03:33,103.1400,11,2
2026-01-23,000858,14:03:36,103.1400,1,2
2026-01-23,000858,14:03:39,103.1500,12,1
2026-01-23,000858,14:03:42,103.1500,5,1
2026-01-23,000858,14:03:45,103.1500,7,1
2026-01-23,000858,14:03:48,103.1500,4,1
2026-01-23,000858,14:03:51,103.1500,11,1
2026-01-23,000858,14:03:54,103.1500,15,1
2026-01-23,000858,14:03:57,103.1500,11,1
2026-01-23,000858,14:04:00,103.1500,12,1
2026-01-23,000858,14:04:03,103.1400,4,2
2026-01-23,000858,14:04:06,103.1500,12,2
2026-01-23,000858,14:04:09,103.1500,4,2
2026-01-23,000858,14:04:12,103.1500,37,2
2026-01-23,000858,14:04:15,103.1500,5,1
2026-01-23,000858,14:04:18,103.1500,4,2
2026-01-23,000858,14:04:21,103.1500,6,2
2026-01-23,000858,14:04:24,103.1600,7,1
2026-01-23,000858,14:04:27,103.1500,7,2
2026-01-23,000858,14:04:30,103.1600,4,1
2026-01-23,000858,14:04:33,103.1600,12,1
2026-01-23,000858,14:04:36,103.1600,5,1
2026-01-23,000858,14:04:39,103.1500,8,2
2026-01-23,000858,14:04:42,103.1600,3,1
2026-01-23,000858,14:04:45,103.1600,4,1
2026-01-23,000858,14:04:48,103.1500,11,2
2026-01-23,000858,14:04:51,103.1600,24,1
2026-01-23,000858,14:04:54,103.1600,75,1
2026-01-23,000858,14:04:57,103.1600,2,1
2026-01-23,000858,14:05:00,103.1600,9,1
2026-01-23,000858,14:05:03,103.1600,30,1
2026-01-23,000858,14:05:06,103.1600,28,1
2026-01-23,000858,14:05:09,103.1600,3,1
2026-01-23,000858,14:05:12,103.1600,12,2
2026-01-23,000858,14:05:15,103.1600,1,2
2026-01-23,000858,14:05:18,103.1700,13,1
2026-01-23,000858,14:05:21,103.1600,2,2
2026-01-23,000858,14:05:24,103.1700,6,1
2026-01-23,000858,14:05:27,103.1700,18,1
2026-01-23,000858,14:05:30,103.1700,1,1
2026-01-23,000858,14:05:33,103.1700,1,1
2026-01-23,000858,14:05:36,103.1700,23,1
2026-01-23,000858,14:05:39,103.1700,10,1
2026-01-23,000858,14:05:42,103.1700,4,1
2026-01-23,000858,14:05:45,103.1700,21,1
2026-01-23,000858,14:05:48,103.1700,2,1
2026-01-23,000858,14:05:51,103.1600,21,2
2026-01-23,000858,14:05:54,103.1600,32,2
2026-01-23,000858,14:05:57,103.1600,3,4
2026-01-23,000858,14:06:00,103.1600,4,1
2026-01-23,000858,14:06:03,103.1500,69,2
2026-01-23,000858,14:06:06,103.1600,17,1
2026-01-23,000858,10:52:54,103.4200,5,2
2026-01-23,000858,10:52:57,103.4400,9,1
2026-01-23,000858,10:53:00,103.4300,4,2
2026-01-23,000858,10:53:03,103.4300,77,1
2026-01-23,000858,10:53:06,103.4000,1,2
2026-01-23,000858,10:53:09,103.4200,25,1
2026-01-23,000858,10:53:12,103.4000,1,2
2026-01-23,000858,10:53:15,103.4000,5,2
2026-01-23,000858,10:53:18,103.4000,3,2
2026-01-23,000858,10:53:21,103.4000,15,2
2026-01-23,000858,10:53:24,103.4000,11,2
2026-01-23,000858,10:53:27,103.4000,1,1
2026-01-23,000858,10:53:30,103.4000,5,1
2026-01-23,000858,10:53:33,103.3900,8,2
2026-01-23,000858,10:53:36,103.3900,8,2
2026-01-23,000858,10:53:39,103.4000,4,1
2026-01-23,000858,10:53:42,103.3900,10,2
2026-01-23,000858,10:53:45,103.4000,2,1
2026-01-23,000858,10:53:48,103.3900,1,2
2026-01-23,000858,10:53:51,103.3900,2,2
2026-01-23,000858,10:53:54,103.4000,6,1
2026-01-23,000858,10:53:57,103.3900,12,2
2026-01-23,000858,10:54:00,103.4000,11,1
2026-01-23,000858,10:54:06,103.4100,63,1
2026-01-23,000858,10:54:09,103.4100,5,2
2026-01-23,000858,10:54:12,103.4100,2,2
2026-01-23,000858,10:54:15,103.4100,11,2
2026-01-23,000858,10:54:18,103.4100,8,2
2026-01-23,000858,10:54:21,103.4100,18,1
2026-01-23,000858,10:54:24,103.4100,3,1
2026-01-23,000858,10:54:27,103.4000,40,2
2026-01-23,000858,10:54:30,103.4000,17,2
2026-01-23,000858,10:54:33,103.4100,6,1
2026-01-23,000858,10:54:36,103.4100,23,1
2026-01-23,000858,10:54:39,103.4100,23,1
2026-01-23,000858,10:54:42,103.4000,8,2
2026-01-23,000858,10:54:45,103.4100,2,2
2026-01-23,000858,10:54:48,103.4100,14,2
2026-01-23,000858,10:54:51,103.4000,3,2
2026-01-23,000858,10:54:54,103.4000,1,2
2026-01-23,000858,10:54:57,103.4000,16,2
2026-01-23,000858,10:55:00,103.4000,80,2
2026-01-23,000858,10:55:03,103.4000,61,1
2026-01-23,000858,10:55:06,103.3600,15,2
2026-01-23,000858,10:55:09,103.3600,11,2
2026-01-23,000858,10:55:12,103.3600,16,2
2026-01-23,000858,10:55:15,103.3600,7,2
2026-01-23,000858,10:55:18,103.3900,3,1
2026-01-23,000858,10:55:21,103.3600,29,2
2026-01-23,000858,10:55:24,103.3600,44,2
2026-01-23,000858,10:55:27,103.3700,6,1
2026-01-23,000858,10:55:30,103.3700,9,1
2026-01-23,000858,10:55:33,103.3600,66,2
2026-01-23,000858,10:55:36,103.3600,8,1
2026-01-23,000858,10:55:39,103.3500,11,2
2026-01-23,000858,10:55:42,103.3500,53,2
2026-01-23,000858,10:55:45,103.3500,37,2
2026-01-23,000858,10:55:48,103.3600,11,1
2026-01-23,000858,10:55:51,103.3500,48,2
2026-01-23,000858,10:55:54,103.3300,14,2
2026-01-23,000858,10:55:57,103.3500,12,1
2026-01-23,000858,10:56:00,103.3500,11,1
2026-01-23,000858,10:56:06,103.3500,39,1
2026-01-23,000858,10:56:09,103.3600,55,1
2026-01-23,000858,10:56:12,103.3600,13,2
2026-01-23,000858,10:56:15,103.3600,15,2
2026-01-23,000858,10:56:18,103.3800,14,1
2026-01-23,000858,10:56:21,103.3800,4,1
2026-01-23,000858,10:56:24,103.3900,2,1
2026-01-23,000858,10:56:27,103.3900,11,1
2026-01-23,000858,10:56:30,103.3900,17,1
2026-01-23,000858,10:56:33,103.3800,41,2
2026-01-23,000858,10:56:36,103.3900,8,1
2026-01-23,000858,10:56:39,103.3900,4,1
2026-01-23,000858,10:56:42,103.3900,27,1
2026-01-23,000858,10:56:45,103.3900,26,1
2026-01-23,000858,10:56:48,103.4000,29,1
2026-01-23,000858,10:56:51,103.3900,5,4
2026-01-23,000858,10:56:54,103.3700,9,2
2026-01-23,000858,10:56:57,103.3800,58,4
2026-01-23,000858,10:57:00,103.3800,8,1
2026-01-23,000858,10:57:03,103.3800,13,1
2026-01-23,000858,10:57:06,103.3800,4,1
2026-01-23,000858,10:57:09,103.3800,1,1
2026-01-23,000858,10:57:12,103.3700,22,2
2026-01-23,000858,10:57:15,103.3800,9,1
2026-01-23,000858,10:57:18,103.3700,6,2
2026-01-23,000858,10:57:21,103.3700,57,1
2026-01-23,000858,10:57:24,103.3600,71,2
2026-01-23,000858,10:57:27,103.3500,6,2
2026-01-23,000858,10:57:30,103.3600,1,1
2026-01-23,000858,10:57:33,103.3500,11,2
2026-01-23,000858,10:57:36,103.3600,7,1
2026-01-23,000858,10:57:42,103.3500,1,2
2026-01-23,000858,10:57:45,103.3600,23,1
2026-01-23,000858,10:57:48,103.3600,2,1
2026-01-23,000858,10:57:51,103.3500,45,2
2026-01-23,000858,10:57:54,103.3400,13,2
2026-01-23,000858,10:57:57,103.3500,4,1
2026-01-23,000858,10:58:00,103.3500,2,1
2026-01-23,000858,10:58:03,103.3400,15,2
2026-01-23,000858,10:58:06,103.3500,34,1
2026-01-23,000858,10:58:09,103.3500,16,2
2026-01-23,000858,10:58:12,103.3500,40,2
2026-01-23,000858,10:58:15,103.3500,13,2
2026-01-23,000858,10:58:18,103.3400,9,2
2026-01-23,000858,10:58:21,103.3400,17,2
2026-01-23,000858,10:58:24,103.3400,18,2
2026-01-23,000858,10:58:27,103.3400,4,2
2026-01-23,000858,10:58:30,103.3400,12,1
2026-01-23,000858,10:58:33,103.3400,1,1
2026-01-23,000858,10:58:36,103.3300,6,2
2026-01-23,000858,10:58:39,103.3300,6,2
2026-01-23,000858,10:58:42,103.3300,22,2
2026-01-23,000858,10:58:45,103.3300,43,2
2026-01-23,000858,10:58:51,103.3200,4,2
2026-01-23,000858,10:58:57,103.3300,12,1
2026-01-23,000858,10:59:00,103.3200,15,2
2026-01-23,000858,10:59:03,103.3200,8,2
2026-01-23,000858,10:59:06,103.3300,20,1
2026-01-23,000858,10:59:09,103.3300,85,1
2026-01-23,000858,10:59:12,103.3300,21,1
2026-01-23,000858,10:59:15,103.3300,31,1
2026-01-23,000858,10:59:18,103.3300,23,1
2026-01-23,000858,10:59:21,103.3200,19,2
2026-01-23,000858,10:59:24,103.3300,13,4
2026-01-23,000858,10:59:27,103.3200,14,2
2026-01-23,000858,10:59:30,103.3200,8,2
2026-01-23,000858,10:59:33,103.3200,29,2
2026-01-23,000858,10:59:39,103.3300,9,1
2026-01-23,000858,10:59:42,103.3200,64,2
2026-01-23,000858,10:59:45,103.3200,50,2
2026-01-23,000858,10:59:48,103.3200,15,2
2026-01-23,000858,10:59:51,103.3200,32,2
2026-01-23,000858,10:59:54,103.3200,12,2
2026-01-23,000858,10:59:57,103.3200,10,1
2026-01-23,000858,11:00:00,103.3100,37,2
2026-01-23,000858,11:00:03,103.3100,1,2
2026-01-23,000858,11:00:06,103.3200,1,1
2026-01-23,000858,11:00:09,103.3100,7,2
2026-01-23,000858,11:00:12,103.3100,53,2
2026-01-23,000858,11:00:15,103.3200,7,1
2026-01-23,000858,11:00:18,103.3100,3,2
2026-01-23,000858,11:00:21,103.3200,16,1
2026-01-23,000858,11:00:24,103.3100,5,2
2026-01-23,000858,11:00:27,103.3100,22,2
2026-01-23,000858,11:00:30,103.3100,2,1
2026-01-23,000858,11:00:33,103.3100,16,1
2026-01-23,000858,11:00:36,103.3100,67,1
2026-01-23,000858,11:00:39,103.3200,16,1
2026-01-23,000858,11:00:42,103.3100,17,2
2026-01-23,000858,11:00:45,103.3100,11,2
2026-01-23,000858,11:00:48,103.3200,5,1
2026-01-23,000858,11:00:51,103.3200,6,1
2026-01-23,000858,11:00:54,103.3100,10,2
2026-01-23,000858,11:00:57,103.3200,14,1
2026-01-23,000858,11:01:00,103.3200,6,1
2026-01-23,000858,11:01:03,103.3200,1,1
2026-01-23,000858,11:01:06,103.3200,43,1
2026-01-23,000858,11:01:09,103.3200,21,1
2026-01-23,000858,11:01:12,103.3200,9,1
2026-01-23,000858,11:01:15,103.3100,8,2
2026-01-23,000858,11:01:18,103.3100,21,2
2026-01-23,000858,11:01:21,103.3100,1,2
2026-01-23,000858,11:01:24,103.3200,37,1
2026-01-23,000858,11:01:27,103.3100,14,2
2026-01-23,000858,11:01:30,103.3200,15,1
2026-01-23,000858,11:01:33,103.3200,37,1
2026-01-23,000858,11:01:36,103.3200,4,1
2026-01-23,000858,11:01:39,103.3200,8,1
2026-01-23,000858,11:01:42,103.3100,3,2
2026-01-23,000858,11:01:45,103.3200,4,1
2026-01-23,000858,11:01:48,103.3100,6,2
2026-01-23,000858,11:01:51,103.3100,48,2
2026-01-23,000858,11:01:57,103.3200,1,1
2026-01-23,000858,11:02:00,103.3100,14,2
2026-01-23,000858,11:02:03,103.3100,34,2
2026-01-23,000858,11:02:06,103.3100,3,1
2026-01-23,000858,11:02:09,103.3000,42,2
2026-01-23,000858,11:02:12,103.3100,8,4
2026-01-23,000858,11:02:15,103.3100,4,2
2026-01-23,000858,11:02:18,103.3100,5,2
2026-01-23,000858,11:02:21,103.3100,12,2
2026-01-23,000858,11:02:24,103.3100,10,2
2026-01-23,000858,11:02:27,103.3100,46,2
2026-01-23,000858,11:02:30,103.3100,12,1
2026-01-23,000858,11:02:33,103.3100,44,1
2026-01-23,000858,11:02:36,103.3100,35,1
2026-01-23,000858,11:02:39,103.3100,1,1
2026-01-23,000858,11:02:42,103.3100,8,1
2026-01-23,000858,11:02:45,103.3000,20,2
2026-01-23,000858,11:02:48,103.3100,8,1
2026-01-23,000858,11:02:51,103.3000,8,2
2026-01-23,000858,11:02:54,103.3000,5,2
2026-01-23,000858,11:02:57,103.3000,12,2
2026-01-23,000858,11:03:00,103.3000,23,2
2026-01-23,000858,11:03:03,103.3100,8,1
2026-01-23,000858,11:03:06,103.3000,5,2
2026-01-23,000858,11:03:09,103.3100,21,1
2026-01-23,000858,11:03:12,103.3000,7,2
2026-01-23,000858,11:03:15,103.3100,42,1
2026-01-23,000858,11:03:18,103.3100,55,1
2026-01-23,000858,11:03:21,103.3000,10,2
2026-01-23,000858,11:03:24,103.3100,1,1
2026-01-23,000858,11:03:27,103.3100,12,1
2026-01-23,000858,11:03:30,103.3000,23,2
2026-01-23,000858,11:03:33,103.3100,10,1
2026-01-23,000858,11:03:36,103.3000,16,2
2026-01-23,000858,11:03:39,103.3100,1,1
2026-01-23,000858,11:03:42,103.3100,5,1
2026-01-23,000858,11:03:45,103.3100,26,1
2026-01-23,000858,11:03:48,103.3000,15,2
2026-01-23,000858,11:03:51,103.3100,14,1
2026-01-23,000858,11:03:54,103.3200,36,1
2026-01-23,000858,11:03:57,103.3300,127,1
2026-01-23,000858,11:04:00,103.3500,27,1
2026-01-23,000858,11:04:03,103.3500,29,1
2026-01-23,000858,11:04:06,103.3500,4,1
2026-01-23,000858,11:04:09,103.3500,18,1
2026-01-23,000858,11:04:12,103.3400,23,2
2026-01-23,000858,11:04:15,103.3400,13,2
2026-01-23,000858,11:04:18,103.3300,65,2
2026-01-23,000858,11:04:21,103.3500,7,1
2026-01-23,000858,11:04:24,103.3500,52,1
2026-01-23,000858,11:04:27,103.3300,8,2
2026-01-23,000858,11:04:30,103.3400,12,1
2026-01-23,000858,11:04:33,103.3300,7,2
2026-01-23,000858,11:04:36,103.3400,9,1
2026-01-23,000858,11:04:39,103.3400,5,1
2026-01-23,000858,11:04:42,103.3300,19,2
2026-01-23,000858,11:04:45,103.3300,26,2
2026-01-23,000858,11:04:48,103.3400,28,1
2026-01-23,000858,11:04:51,103.3400,13,1
2026-01-23,000858,11:04:54,103.3300,27,2
2026-01-23,000858,11:04:57,103.3400,15,1
2026-01-23,000858,11:05:00,103.3400,12,1
2026-01-23,000858,11:05:03,103.3400,5,1
2026-01-23,000858,11:05:06,103.3400,19,1
2026-01-23,000858,11:05:09,103.3500,4,1
2026-01-23,000858,11:05:12,103.4000,190,1
2026-01-23,000858,11:05:15,103.4000,25,1
2026-01-23,000858,11:05:18,103.3500,121,2
2026-01-23,000858,11:05:21,103.3600,12,2
2026-01-23,000858,11:05:24,103.4000,17,1
2026-01-23,000858,11:05:27,103.3900,1,1
2026-01-23,000858,11:05:30,103.4000,10,1
2026-01-23,000858,11:05:33,103.3600,19,2
2026-01-23,000858,11:05:36,103.4000,4,1
2026-01-23,000858,11:05:39,103.4000,3,1
2026-01-23,000858,11:05:42,103.4000,95,1
2026-01-23,000858,11:05:45,103.4100,18,1
2026-01-23,000858,11:05:48,103.3900,10,2
2026-01-23,000858,11:05:51,103.4100,57,1
2026-01-23,000858,11:05:54,103.4000,23,2
2026-01-23,000858,11:05:57,103.4100,11,1
2026-01-23,000858,11:06:00,103.4100,6,1
2026-01-23,000858,11:06:03,103.4100,41,1
2026-01-23,000858,11:06:06,103.4100,18,1
2026-01-23,000858,11:06:09,103.4000,19,2
2026-01-23,000858,11:06:12,103.4000,10,2
2026-01-23,000858,11:06:15,103.4100,13,2
2026-01-23,000858,11:06:18,103.4200,3,1
2026-01-23,000858,11:06:21,103.4200,16,1
2026-01-23,000858,11:06:24,103.4300,6,1
2026-01-23,000858,11:06:27,103.4300,7,1
2026-01-23,000858,11:06:30,103.4300,12,1
2026-01-23,000858,11:06:33,103.4300,27,1
2026-01-23,000858,11:06:36,103.4200,18,2
2026-01-23,000858,11:06:39,103.4200,8,2
2026-01-23,000858,11:06:42,103.4200,25,2
2026-01-23,000858,11:06:45,103.4300,7,1
2026-01-23,000858,11:06:48,103.4400,30,1
2026-01-23,000858,11:06:51,103.4400,30,2
2026-01-23,000858,11:06:54,103.4400,2,2
2026-01-23,000858,11:06:57,103.4500,18,1
2026-01-23,000858,11:07:00,103.4400,50,2
2026-01-23,000858,11:07:03,103.4500,29,4
2026-01-23,000858,11:07:06,103.4600,12,1
2026-01-23,000858,11:07:09,103.4500,28,2
2026-01-23,000858,11:07:12,103.4600,3,1
2026-01-23,000858,11:07:15,103.4500,10,2
2026-01-23,000858,11:07:18,103.4500,34,2
2026-01-23,000858,11:07:21,103.4500,11,1
2026-01-23,000858,11:07:24,103.4500,6,1
2026-01-23,000858,11:07:27,103.4400,13,2
2026-01-23,000858,11:07:30,103.4400,43,2
2026-01-23,000858,11:07:33,103.4400,4,2
2026-01-23,000858,11:07:36,103.4500,7,1
2026-01-23,000858,11:07:39,103.4400,2,2
2026-01-23,000858,11:07:42,103.4400,19,2
2026-01-23,000858,11:07:45,103.4400,11,2
2026-01-23,000858,11:07:48,103.4500,10,1
2026-01-23,000858,11:07:51,103.4400,15,2
2026-01-23,000858,11:07:54,103.4500,15,1
2026-01-23,000858,11:07:57,103.4400,3,2
2026-01-23,000858,11:08:00,103.4500,6,1
2026-01-23,000858,11:08:03,103.4400,8,2
2026-01-23,000858,11:08:06,103.4500,5,1
2026-01-23,000858,11:08:09,103.4400,1,2
2026-01-23,000858,11:08:12,103.4500,7,1
2026-01-23,000858,11:08:15,103.4400,4,2
2026-01-23,000858,11:08:18,103.4500,5,1
2026-01-23,000858,11:08:21,103.4400,4,2
2026-01-23,000858,11:08:24,103.4500,34,1
2026-01-23,000858,11:08:27,103.4400,16,2
2026-01-23,000858,11:08:33,103.4400,10,2
2026-01-23,000858,11:08:36,103.4500,102,1
2026-01-23,000858,11:08:39,103.4500,9,1
2026-01-23,000858,11:08:42,103.4300,4,2
2026-01-23,000858,11:08:45,103.4300,17,2
2026-01-23,000858,11:08:48,103.4300,14,2
2026-01-23,000858,11:08:51,103.4300,6,2
2026-01-23,000858,11:08:54,103.4300,9,2
2026-01-23,000858,11:08:57,103.4300,13,2
2026-01-23,000858,11:09:00,103.4300,4,4
2026-01-23,000858,11:09:06,103.4300,12,2
2026-01-23,000858,11:09:09,103.4300,4,2
2026-01-23,000858,11:09:12,103.4300,3,1
2026-01-23,000858,11:09:15,103.4300,4,1
2026-01-23,000858,11:09:18,103.4300,2,1
2026-01-23,000858,11:09:21,103.4300,6,1
2026-01-23,000858,11:09:24,103.4200,11,2
2026-01-23,000858,11:09:27,103.4200,45,2
2026-01-23,000858,11:09:30,103.4300,10,1
2026-01-23,000858,11:09:33,103.4100,12,2
2026-01-23,000858,11:09:36,103.4100,20,1
2026-01-23,000858,11:09:39,103.4200,10,1
2026-01-23,000858,11:09:42,103.4200,32,1
2026-01-23,000858,11:09:45,103.4200,22,2
2026-01-23,000858,11:09:48,103.4200,15,2
2026-01-23,000858,11:09:51,103.4200,32,2
2026-01-23,000858,11:09:54,103.4200,20,2
2026-01-23,000858,11:09:57,103.4200,9,1
2026-01-23,000858,11:10:00,103.4200,3,1
2026-01-23,000858,11:10:03,103.4200,2,1
2026-01-23,000858,11:10:06,103.4100,24,2
2026-01-23,000858,11:10:09,103.4100,41,2
2026-01-23,000858,11:10:12,103.4100,58,2
2026-01-23,000858,11:10:15,103.4100,25,1
2026-01-23,000858,11:10:18,103.4000,8,2
2026-01-23,000858,11:10:21,103.4000,14,2
2026-01-23,000858,11:10:24,103.3600,67,2
2026-01-23,000858,11:10:27,103.3300,39,2
2026-01-23,000858,11:10:30,103.3200,95,2
2026-01-23,000858,11:10:33,103.3200,20,1
2026-01-23,000858,11:10:36,103.3100,23,2
2026-01-23,000858,11:10:39,103.3100,20,2
2026-01-23,000858,11:10:42,103.3100,52,2
2026-01-23,000858,11:10:45,103.3100,44,2
2026-01-23,000858,11:10:48,103.3200,17,1
2026-01-23,000858,11:10:51,103.3100,32,2
2026-01-23,000858,11:10:54,103.3100,11,2
2026-01-23,000858,11:10:57,103.3100,52,2
2026-01-23,000858,11:11:00,103.2800,86,2
2026-01-23,000858,11:11:03,103.2600,44,2
2026-01-23,000858,11:11:06,103.2400,43,2
2026-01-23,000858,11:11:09,103.2300,40,2
2026-01-23,000858,11:11:12,103.2200,13,2
2026-01-23,000858,11:11:15,103.2400,24,4
2026-01-23,000858,11:11:18,103.2600,21,1
2026-01-23,000858,11:11:21,103.2200,20,2
2026-01-23,000858,11:11:24,103.2300,23,1
2026-01-23,000858,11:11:27,103.2300,11,2
2026-01-23,000858,11:11:30,103.2600,18,2
2026-01-23,000858,11:11:33,103.2500,17,2
2026-01-23,000858,11:11:36,103.2300,18,2
2026-01-23,000858,11:11:39,103.2300,14,2
2026-01-23,000858,11:11:42,103.2200,34,2
2026-01-23,000858,11:11:45,103.2200,20,2
2026-01-23,000858,11:11:48,103.2200,4,2
2026-01-23,000858,11:11:51,103.2100,37,2
2026-01-23,000858,11:11:54,103.2100,22,2
2026-01-23,000858,11:11:57,103.2500,18,1
2026-01-23,000858,11:12:00,103.2000,36,2
2026-01-23,000858,11:12:03,103.2000,33,2
2026-01-23,000858,11:12:06,103.2000,34,2
2026-01-23,000858,11:12:09,103.1900,34,2
2026-01-23,000858,11:12:12,103.1800,145,2
2026-01-23,000858,11:12:15,103.2000,23,2
2026-01-23,000858,11:12:18,103.1900,118,2
2026-01-23,000858,11:12:21,103.2000,57,1
2026-01-23,000858,11:12:24,103.2000,46,1
2026-01-23,000858,11:12:27,103.1600,28,2
2026-01-23,000858,11:12:30,103.1600,30,2
2026-01-23,000858,11:12:33,103.1800,20,4
2026-01-23,000858,11:12:36,103.1800,28,1
2026-01-23,000858,11:12:39,103.1600,108,2
2026-01-23,000858,11:12:42,103.1600,21,1
2026-01-23,000858,11:12:45,103.2000,25,1
2026-01-23,000858,11:12:48,103.2000,33,1
2026-01-23,000858,11:12:51,103.1500,42,2
2026-01-23,000858,11:12:54,103.1600,32,2
2026-01-23,000858,11:12:57,103.1600,9,2
2026-01-23,000858,11:13:00,103.1500,180,2
2026-01-23,000858,11:13:03,103.2300,18,1
2026-01-23,000858,11:13:06,103.2200,20,2
2026-01-23,000858,11:13:09,103.2500,2,1
2026-01-23,000858,11:13:12,103.2300,14,2
2026-01-23,000858,11:13:15,103.2500,6,1
2026-01-23,000858,11:13:18,103.2500,32,1
2026-01-23,000858,11:13:21,103.3000,2,1
2026-01-23,000858,11:13:24,103.3000,10,1
2026-01-23,000858,11:13:27,103.3000,18,1
2026-01-23,000858,11:13:30,103.2500,14,2
2026-01-23,000858,11:13:33,103.2600,21,2
2026-01-23,000858,11:13:36,103.2300,38,2
2026-01-23,000858,11:13:39,103.2500,36,1
2026-01-23,000858,11:13:42,103.2500,6,1
2026-01-23,000858,11:13:45,103.2500,15,1
2026-01-23,000858,11:13:48,103.1700,6,2
2026-01-23,000858,11:13:51,103.2500,26,2
2026-01-23,000858,11:13:54,103.2900,10,1
2026-01-23,000858,11:13:57,103.1800,25,2
2026-01-23,000858,11:14:00,103.1700,45,2
2026-01-23,000858,11:14:03,103.1700,49,2
2026-01-23,000858,11:14:06,103.1700,24,2
2026-01-23,000858,11:14:09,103.1700,27,2
2026-01-23,000858,11:14:12,103.1600,24,2
2026-01-23,000858,11:14:15,103.1600,23,2
2026-01-23,000858,11:14:18,103.1600,45,2
2026-01-23,000858,11:14:21,103.1600,21,2
2026-01-23,000858,11:14:24,103.1600,30,2
2026-01-23,000858,11:14:27,103.1600,35,2
2026-01-23,000858,11:14:30,103.1900,26,1
2026-01-23,000858,11:14:33,103.2000,35,1
2026-01-23,000858,11:14:36,103.1900,32,1
2026-01-23,000858,11:14:39,103.1500,69,2
2026-01-23,000858,11:14:42,103.1500,20,2
2026-01-23,000858,11:14:45,103.1600,36,2
2026-01-23,000858,11:14:48,103.1500,55,2
2026-01-23,000858,11:14:51,103.1500,37,2
2026-01-23,000858,11:14:54,103.1700,36,1
2026-01-23,000858,11:14:57,103.1700,41,1
2026-01-23,000858,11:15:00,103.1700,53,1
2026-01-23,000858,11:15:03,103.1400,54,2
2026-01-23,000858,11:15:06,103.1400,34,2
2026-01-23,000858,11:15:09,103.1400,123,2
2026-01-23,000858,11:15:12,103.1300,44,2
2026-01-23,000858,11:15:15,103.1900,23,1
2026-01-23,000858,11:15:18,103.1300,25,2
2026-01-23,000858,11:15:21,103.1300,16,2
2026-01-23,000858,11:15:24,103.1300,28,2
2026-01-23,000858,11:15:27,103.1300,42,2
2026-01-23,000858,11:15:30,103.1200,78,2
2026-01-23,000858,11:15:33,103.1500,59,1
2026-01-23,000858,11:15:36,103.1300,49,2
2026-01-23,000858,11:15:39,103.1100,96,2
2026-01-23,000858,11:15:42,103.1100,65,2
