date,code,time,price,volume,bs
2026-01-08,000001,14:06:18,11.5100,52,1
2026-01-08,000001,14:06:21,11.5100,29,1
2026-01-08,000001,14:06:24,11.5100,82,1
2026-01-08,000001,14:06:27,11.5000,42,2
2026-01-08,000001,14:06:30,11.5100,140,1
2026-01-08,000001,14:06:33,11.5000,18,2
2026-01-08,000001,14:06:36,11.5000,11,2
2026-01-08,000001,14:06:39,11.5100,43,1
2026-01-08,000001,14:06:42,11.5100,79,1
2026-01-08,000001,14:06:45,11.5100,66,1
2026-01-08,000001,14:06:48,11.5000,35,2
2026-01-08,000001,14:06:51,11.5100,41,1
2026-01-08,000001,14:06:54,11.5000,24,2
2026-01-08,000001,14:06:57,11.5100,90,1
2026-01-08,000001,14:07:00,11.5000,36,2
2026-01-08,000001,14:07:06,11.5100,26,1
2026-01-08,000001,14:07:09,11.5100,37,1
2026-01-08,000001,14:07:12,11.5100,81,1
2026-01-08,000001,14:07:15,11.5000,122,2
2026-01-08,000001,14:07:18,11.5000,169,2
2026-01-08,000001,14:07:21,11.5000,44,2
2026-01-08,000001,14:07:24,11.5100,345,1
2026-01-08,000001,14:07:27,11.5100,81,1
2026-01-08,000001,14:07:30,11.5100,40,1
2026-01-08,000001,14:07:33,11.5000,130,2
2026-01-08,000001,14:07:36,11.5100,73,1
2026-01-08,000001,14:07:39,11.5000,518,2
2026-01-08,000001,14:07:42,11.5000,137,2
2026-01-08,000001,14:07:45,11.5000,9,2
2026-01-08,000001,14:07:48,11.5100,102,1
2026-01-08,000001,14:07:51,11.5000,30,2
2026-01-08,000001,14:07:54,11.5100,78,1
2026-01-08,000001,14:07:57,11.5000,133,2
2026-01-08,000001,14:08:00,11.5100,20,1
2026-01-08,000001,14:08:03,11.5100,15,1
2026-01-08,000001,14:08:06,11.5100,16,1
2026-01-08,000001,14:08:09,11.5100,58,1
2026-01-08,000001,14:08:12,11.5000,84,2
2026-01-08,000001,14:08:15,11.5000,38,2
2026-01-08,000001,14:08:18,11.5000,34,2
2026-01-08,000001,14:08:21,11.5100,86,1
2026-01-08,000001,14:08:24,11.5100,63,1
2026-01-08,000001,14:08:27,11.5000,21,2
2026-01-08,000001,14:08:30,11.5100,100,1
2026-01-08,000001,14:08:33,11.5000,27,2
2026-01-08,000001,14:08:39,11.5100,5,1
2026-01-08,000001,14:08:42,11.5100,87,1
2026-01-08,000001,14:08:45,11.5000,11,2
2026-01-08,000001,14:08:48,11.5100,70,1
2026-01-08,000001,14:08:51,11.5000,95,2
2026-01-08,000001,14:08:54,11.5100,76,1
2026-01-08,000001,14:08:57,11.5000,65,2
2026-01-08,000001,14:09:00,11.5000,86,2
2026-01-08,000001,14:09:03,11.5100,19,1
2026-01-08,000001,14:09:06,11.5100,103,1
2026-01-08,000001,14:09:09,11.5000,53,2
2026-01-08,000001,14:09:12,11.5000,60,2
2026-01-08,000001,14:09:15,11.5100,83,1
2026-01-08,000001,14:09:18,11.5100,58,1
2026-01-08,000001,14:09:21,11.5000,15,2
2026-01-08,000001,14:09:24,11.5000,55,2
2026-01-08,000001,14:09:27,11.5000,111,2
2026-01-08,000001,14:09:30,11.5000,32,2
2026-01-08,000001,14:09:33,11.5000,137,2
2026-01-08,000001,14:09:36,11.5000,18,2
2026-01-08,000001,14:09:39,11.5100,20,1
2026-01-08,000001,14:09:42,11.5000,408,2
2026-01-08,000001,14:09:45,11.5000,95,2
2026-01-08,000001,14:09:48,11.5000,56,2
2026-01-08,000001,14:09:51,11.5100,115,1
2026-01-08,000001,14:09:54,11.5100,21,1
2026-01-08,000001,14:10:00,11.5000,31,2
2026-01-08,000001,14:10:03,11.5000,73,2
2026-01-08,000001,14:10:06,11.5000,21,2
2026-01-08,000001,14:10:09,11.5100,51,1
2026-01-08,000001,14:10:12,11.5000,727,2
2026-01-08,000001,14:10:15,11.5000,1125,2
2026-01-08,000001,14:10:18,11.5100,2019,1
2026-01-08,000001,14:10:21,11.5100,458,1
2026-01-08,000001,14:10:24,11.5000,99,2
2026-01-08,000001,14:10:27,11.5000,326,2
2026-01-08,000001,14:10:30,11.5100,77,1
2026-01-08,000001,14:10:33,11.5000,3148,2
2026-01-08,000001,14:10:36,11.5000,19188,2
2026-01-08,000001,14:10:39,11.4900,2002,2
2026-01-08,000001,14:10:42,11.4900,502,2
2026-01-08,000001,14:10:45,11.5000,78,1
2026-01-08,000001,14:10:48,11.4900,26,2
2026-01-08,000001,14:10:51,11.5000,30,1
2026-01-08,000001,14:10:54,11.4900,18,2
2026-01-08,000001,14:11:00,11.5000,16,1
2026-01-08,000001,14:11:03,11.5000,14,1
2026-01-08,000001,14:11:06,11.4900,20,2
2026-01-08,000001,14:11:09,11.5000,108,1
2026-01-08,000001,14:11:12,11.4900,149,2
2026-01-08,000001,14:11:15,11.5000,46,1
2026-01-08,000001,14:11:18,11.5000,100,1
2026-01-08,000001,14:11:21,11.4900,18,2
2026-01-08,000001,14:11:24,11.5000,50,1
2026-01-08,000001,14:11:27,11.4900,9,2
2026-01-08,000001,14:11:33,11.4900,19,2
2026-01-08,000001,14:11:36,11.4900,61,2
2026-01-08,000001,14:11:39,11.4900,8,2
2026-01-08,000001,14:11:42,11.4900,157,2
2026-01-08,000001,14:11:45,11.4900,208,2
2026-01-08,000001,14:11:48,11.5000,57,1
2026-01-08,000001,14:11:51,11.4900,17,2
2026-01-08,000001,14:11:54,11.5000,111,1
2026-01-08,000001,14:11:57,11.4900,37,2
2026-01-08,000001,14:12:00,11.5000,63,1
2026-01-08,000001,14:12:03,11.5000,37,1
2026-01-08,000001,14:12:06,11.5000,23,1
2026-01-08,000001,14:12:09,11.5000,32,1
2026-01-08,000001,14:12:12,11.5000,1733,1
2026-01-08,000001,14:12:15,11.4900,206,2
2026-01-08,000001,14:12:18,11.4900,28,2
2026-01-08,000001,14:12:21,11.4900,77,2
2026-01-08,000001,14:12:24,11.4900,10,2
2026-01-08,000001,14:12:27,11.5000,54,1
2026-01-08,000001,14:12:30,11.5000,10,1
2026-01-08,000001,14:12:33,11.4900,13,2
2026-01-08,000001,14:12:36,11.4900,18,2
2026-01-08,000001,14:12:39,11.5000,121,1
2026-01-08,000001,14:12:42,11.4900,84,2
2026-01-08,000001,14:12:45,11.5000,52,1
2026-01-08,000001,14:12:48,11.4900,10,2
2026-01-08,000001,14:12:51,11.4900,1349,2
2026-01-08,000001,14:12:54,11.4900,581,2
2026-01-08,000001,14:12:57,11.4900,123,2
2026-01-08,000001,14:13:00,11.4900,56,2
2026-01-08,000001,14:13:03,11.4900,42,2
2026-01-08,000001,14:13:06,11.4900,9,2
2026-01-08,000001,14:13:12,11.5000,576,1
2026-01-08,000001,14:13:15,11.5000,73,1
2026-01-08,000001,14:13:18,11.5000,39,1
2026-01-08,000001,14:13:21,11.4900,168,2
2026-01-08,000001,14:13:24,11.4900,28,2
2026-01-08,000001,14:13:27,11.5000,9,1
2026-01-08,000001,14:13:30,11.5000,103,1
2026-01-08,000001,14:13:33,11.4900,1035,2
2026-01-08,000001,14:13:36,11.5000,257,1
2026-01-08,000001,14:13:39,11.4900,36,2
2026-01-08,000001,14:13:42,11.5000,368,1
2026-01-08,000001,14:13:45,11.4900,66,2
2026-01-08,000001,14:13:48,11.4900,364,2
2026-01-08,000001,14:13:51,11.4900,39,2
2026-01-08,000001,14:13:54,11.4900,42,2
2026-01-08,000001,14:13:57,11.4900,129,2
2026-01-08,000001,14:14:00,11.4900,271,2
2026-01-08,000001,14:14:03,11.5000,224,1
2026-01-08,000001,14:14:06,11.4900,87,2
2026-01-08,000001,14:14:09,11.4900,215,2
2026-01-08,000001,14:14:12,11.5000,158,1
2026-01-08,000001,14:14:15,11.5000,32,1
2026-01-08,000001,14:14:18,11.5000,25,1
2026-01-08,000001,14:14:21,11.4900,9,2
2026-01-08,000001,14:14:24,11.5000,182,1
2026-01-08,000001,14:14:27,11.4900,23,2
2026-01-08,000001,14:14:30,11.5000,13,1
2026-01-08,000001,14:14:33,11.4900,151,2
2026-01-08,000001,14:14:36,11.4900,185,2
2026-01-08,000001,14:14:39,11.4900,178,2
2026-01-08,000001,14:14:42,11.4900,116,2
2026-01-08,000001,14:14:45,11.5000,57,1
2026-01-08,000001,14:14:48,11.4900,27,2
2026-01-08,000001,14:14:51,11.5000,75,1
2026-01-08,000001,14:14:54,11.4900,50,2
2026-01-08,000001,14:14:57,11.5000,65,1
2026-01-08,000001,14:15:00,11.4900,177,2
2026-01-08,000001,14:15:03,11.5000,166,1
2026-01-08,000001,14:15:06,11.5000,78,1
2026-01-08,000001,14:15:09,11.4900,1569,2
2026-01-08,000001,14:15:12,11.5000,291,1
2026-01-08,000001,14:15:15,11.4900,76,2
2026-01-08,000001,14:15:18,11.4900,37,2
2026-01-08,000001,14:15:21,11.5000,84,1
2026-01-08,000001,14:15:24,11.5000,37,1
2026-01-08,000001,14:15:27,11.4900,41,2
2026-01-08,000001,14:15:30,11.4900,32,2
2026-01-08,000001,14:15:33,11.5000,22,1
2026-01-08,000001,14:15:36,11.4900,15,2
2026-01-08,000001,14:15:42,11.5000,148,1
2026-01-08,000001,14:15:45,11.4900,136,2
2026-01-08,000001,14:15:48,11.5000,100,1
2026-01-08,000001,14:15:51,11.5000,30,1
2026-01-08,000001,14:15:54,11.5000,15,1
2026-01-08,000001,14:15:57,11.4900,25,2
2026-01-08,000001,14:16:00,11.5000,76,1
2026-01-08,000001,14:16:03,11.4900,237,2
2026-01-08,000001,14:16:06,11.5000,326,1
2026-01-08,000001,14:16:09,11.5000,233,1
2026-01-08,000001,14:16:12,11.4900,129,2
2026-01-08,000001,14:16:15,11.5000,69,1
2026-01-08,000001,14:16:18,11.5000,47,1
2026-01-08,000001,14:16:21,11.5000,90,1
2026-01-08,000001,14:16:24,11.5000,20,1
2026-01-08,000001,14:16:27,11.4900,42,2
2026-01-08,000001,14:16:30,11.5000,50,1
2026-01-08,000001,14:16:33,11.5000,239,1
2026-01-08,000001,14:16:36,11.4900,221,2
2026-01-08,000001,14:16:39,11.5000,44,1
2026-01-08,000001,14:16:42,11.5000,415,1
2026-01-08,000001,14:16:45,11.5000,273,1
2026-01-08,000001,14:16:48,11.5000,55,1
2026-01-08,000001,14:16:51,11.5000,300,1
2026-01-08,000001,14:16:54,11.4900,626,2
2026-01-08,000001,14:16:57,11.5000,256,1
2026-01-08,000001,14:17:00,11.5000,311,1
2026-01-08,000001,14:17:03,11.5000,87,1
2026-01-08,000001,14:17:06,11.5000,1766,1
2026-01-08,000001,14:17:09,11.4900,241,2
2026-01-08,000001,14:17:12,11.5000,232,1
2026-01-08,000001,14:17:15,11.4900,41,2
2026-01-08,000001,14:17:18,11.4900,96,2
2026-01-08,000001,14:17:21,11.5000,24,1
2026-01-08,000001,14:17:24,11.4900,21,2
2026-01-08,000001,14:17:27,11.5000,35,1
2026-01-08,000001,14:17:30,11.4900,5,2
2026-01-08,000001,14:17:33,11.4900,83,2
2026-01-08,000001,14:17:36,11.4900,11,2
2026-01-08,000001,14:17:39,11.5000,60,1
2026-01-08,000001,14:17:42,11.5000,160,1
2026-01-08,000001,14:17:45,11.4900,136,2
2026-01-08,000001,14:17:48,11.5000,24,1
2026-01-08,000001,14:17:51,11.5000,477,1
2026-01-08,000001,14:17:54,11.4900,52,2
2026-01-08,000001,14:17:57,11.5000,115,1
2026-01-08,000001,14:18:00,11.5000,1002,1
2026-01-08,000001,14:18:03,11.4900,181,2
2026-01-08,000001,14:18:06,11.5000,153,1
2026-01-08,000001,14:18:09,11.5000,28,1
2026-01-08,000001,14:18:12,11.5000,102,1
2026-01-08,000001,14:18:15,11.5000,26,1
2026-01-08,000001,14:18:18,11.5000,78,1
2026-01-08,000001,14:18:21,11.5000,23,1
2026-01-08,000001,14:18:24,11.5000,103,1
2026-01-08,000001,14:18:27,11.5000,48,1
2026-01-08,000001,14:18:30,11.5000,24,1
2026-01-08,000001,14:18:33,11.5000,39,1
2026-01-08,000001,14:18:36,11.5000,138,1
2026-01-08,000001,14:18:39,11.5000,64,1
2026-01-08,000001,14:18:42,11.5000,70,1
2026-01-08,000001,14:18:45,11.4900,117,2
2026-01-08,000001,14:18:48,11.5000,29,1
2026-01-08,000001,14:18:51,11.5000,83,1
2026-01-08,000001,14:18:54,11.4900,38,2
2026-01-08,000001,14:18:57,11.5000,145,1
2026-01-08,000001,14:19:00,11.4900,45,2
2026-01-08,000001,14:19:03,11.5000,46,1
2026-01-08,000001,14:19:06,11.5000,200,1
2026-01-08,000001,14:19:09,11.5000,148,1
2026-01-08,000001,14:19:12,11.5000,2946,1
2026-01-08,000001,14:19:15,11.5000,401,1
2026-01-08,000001,14:19:18,11.4900,95,2
2026-01-08,000001,14:19:21,11.5000,70,1
2026-01-08,000001,14:19:24,11.5000,16,1
2026-01-08,000001,14:19:27,11.5000,6,1
2026-01-08,000001,14:19:30,11.5000,56,1
2026-01-08,000001,14:19:33,11.5000,243,1
2026-01-08,000001,14:19:36,11.5000,108,1
2026-01-08,000001,14:19:39,11.5000,4711,1
2026-01-08,000001,14:19:42,11.5000,1861,2
2026-01-08,000001,14:19:45,11.5000,1368,2
2026-01-08,000001,14:19:48,11.5100,990,1
2026-01-08,000001,14:19:51,11.5000,115,2
2026-01-08,000001,14:19:54,11.5000,47,2
2026-01-08,000001,14:19:57,11.5000,17,2
2026-01-08,000001,14:20:00,11.5000,1204,2
2026-01-08,000001,14:20:03,11.5000,515,1
2026-01-08,000001,14:20:06,11.5000,249,2
2026-01-08,000001,14:20:09,11.5000,359,1
2026-01-08,000001,14:20:12,11.5100,130,1
2026-01-08,000001,14:20:15,11.5000,1220,2
2026-01-08,000001,14:20:18,11.5000,353,1
2026-01-08,000001,14:20:21,11.4900,142,2
2026-01-08,000001,14:20:24,11.4900,43,2
2026-01-08,000001,14:20:27,11.5000,91,1
2026-01-08,000001,14:20:30,11.5000,47,1
2026-01-08,000001,14:20:33,11.5000,23,1
2026-01-08,000001,14:20:36,11.5000,10,1
2026-01-08,000001,14:20:39,11.5000,5,1
2026-01-08,000001,14:20:42,11.4900,97,2
2026-01-08,000001,14:20:45,11.5000,60,1
2026-01-08,000001,14:20:48,11.4900,27,2
2026-01-08,000001,14:20:51,11.5000,9,1
2026-01-08,000001,14:20:57,11.5000,7,1
2026-01-08,000001,14:21:00,11.5000,1,1
2026-01-08,000001,14:21:03,11.4900,47,2
2026-01-08,000001,14:21:06,11.5000,52,1
2026-01-08,000001,14:21:09,11.5000,106,1
2026-01-08,000001,14:21:12,11.4900,167,2
2026-01-08,000001,14:21:15,11.5000,35,1
2026-01-08,000001,14:21:18,11.5000,11,1
2026-01-08,000001,14:21:21,11.5000,38,1
2026-01-08,000001,14:21:24,11.5000,435,1
2026-01-08,000001,14:21:27,11.5000,266,1
2026-01-08,000001,14:21:30,11.5000,100,1
2026-01-08,000001,14:21:33,11.4900,108,2
2026-01-08,000001,14:21:36,11.5000,99,1
2026-01-08,000001,14:21:39,11.5000,32,1
2026-01-08,000001,14:21:42,11.4900,103,2
2026-01-08,000001,14:21:45,11.5000,108,1
2026-01-08,000001,14:21:48,11.4900,10,2
2026-01-08,000001,14:21:51,11.5000,7,1
2026-01-08,000001,14:21:54,11.5000,19,1
2026-01-08,000001,14:21:57,11.5000,29,1
2026-01-08,000001,14:22:00,11.5000,35,1
2026-01-08,000001,14:22:03,11.5000,11,1
2026-01-08,000001,14:22:06,11.5000,15,1
2026-01-08,000001,14:22:09,11.5000,64,1
2026-01-08,000001,14:22:12,11.5000,98,1
2026-01-08,000001,14:22:15,11.5000,194,1
2026-01-08,000001,14:22:18,11.5000,70,1
2026-01-08,000001,14:22:21,11.5000,214,1
2026-01-08,000001,14:22:24,11.5000,205,1
2026-01-08,000001,14:22:27,11.5000,849,1
2026-01-08,000001,14:22:30,11.5000,385,2
2026-01-08,000001,14:22:33,11.5000,60,1
2026-01-08,000001,14:22:36,11.5000,165,1
2026-01-08,000001,14:22:39,11.5000,148,1
2026-01-08,000001,14:22:42,11.5000,369,1
2026-01-08,000001,14:22:45,11.5000,106,2
2026-01-08,000001,14:22:48,11.5000,51,1
2026-01-08,000001,14:22:51,11.5000,274,1
2026-01-08,000001,14:22:54,11.5000,209,2
2026-01-08,000001,14:22:57,11.5000,37,2
2026-01-08,000001,14:23:00,11.5100,24,1
2026-01-08,000001,14:23:03,11.5100,20,1
2026-01-08,000001,14:23:06,11.5000,13,2
2026-01-08,000001,14:23:09,11.5000,27,2
2026-01-08,000001,14:23:12,11.5000,197,2
2026-01-08,000001,14:23:15,11.5000,1319,2
2026-01-08,000001,14:23:18,11.5100,201,1
2026-01-08,000001,14:23:21,11.5000,73,2
2026-01-08,000001,14:23:24,11.5000,196,2
2026-01-08,000001,14:23:27,11.5000,99,2
2026-01-08,000001,14:23:30,11.5100,19,1
2026-01-08,000001,14:23:33,11.5000,202,2
2026-01-08,000001,14:23:36,11.5000,148,2
2026-01-08,000001,14:23:39,11.5000,309,2
2026-01-08,000001,14:23:42,11.4900,132,2
2026-01-08,000001,14:23:45,11.5000,30,1
2026-01-08,000001,14:23:48,11.5000,11,1
2026-01-08,000001,14:23:51,11.5000,133,1
2026-01-08,000001,14:23:54,11.5000,110,1
2026-01-08,000001,14:23:57,11.4900,47,2
2026-01-08,000001,14:24:00,11.5000,255,1
2026-01-08,000001,14:24:03,11.4900,40,2
2026-01-08,000001,14:24:06,11.4900,49,2
2026-01-08,000001,14:24:09,11.5000,56,1
2026-01-08,000001,14:24:12,11.5000,106,1
2026-01-08,000001,14:24:15,11.5000,19,1
2026-01-08,000001,14:24:18,11.5000,16,1
2026-01-08,000001,14:24:21,11.5000,118,1
2026-01-08,000001,14:24:24,11.5000,141,1
2026-01-08,000001,14:24:27,11.4900,66,2
2026-01-08,000001,14:24:30,11.5000,54,1
2026-01-08,000001,14:24:33,11.4900,28,2
2026-01-08,000001,14:24:36,11.5000,13,1
2026-01-08,000001,14:24:39,11.4900,59,2
2026-01-08,000001,14:24:42,11.5000,307,1
2026-01-08,000001,14:24:45,11.5000,105,1
2026-01-08,000001,14:24:48,11.5000,77,1
2026-01-08,000001,14:24:51,11.4900,466,2
2026-01-08,000001,14:24:54,11.5100,119,1
2026-01-08,000001,14:24:57,11.5000,57,1
2026-01-08,000001,14:25:00,11.5000,147,1
2026-01-08,000001,14:25:03,11.5000,228,1
2026-01-08,000001,14:25:06,11.4900,70,2
2026-01-08,000001,14:25:09,11.5000,58,1
2026-01-08,000001,14:25:12,11.5100,211,1
2026-01-08,000001,14:25:15,11.5000,112,2
2026-01-08,000001,14:25:18,11.4900,11,2
2026-01-08,000001,14:25:21,11.4900,62,2
2026-01-08,000001,14:25:24,11.5000,849,1
2026-01-08,000001,14:25:27,11.5000,115,1
2026-01-08,000001,14:25:30,11.5000,1,1
2026-01-08,000001,14:25:33,11.4900,104,2
2026-01-08,000001,14:25:36,11.5000,46,1
2026-01-08,000001,14:25:39,11.5000,77,1
2026-01-08,000001,14:25:42,11.5000,95,1
2026-01-08,000001,14:25:45,11.5000,71,1
2026-01-08,000001,14:25:48,11.4900,16,2
2026-01-08,000001,14:25:51,11.5000,4,1
2026-01-08,000001,14:25:54,11.5000,39,1
2026-01-08,000001,14:25:57,11.4900,15,2
2026-01-08,000001,14:26:00,11.4900,59,2
2026-01-08,000001,14:26:03,11.4900,97,2
2026-01-08,000001,14:26:06,11.5000,36,1
2026-01-08,000001,14:26:09,11.5000,2,1
2026-01-08,000001,14:26:12,11.5000,77,1
2026-01-08,000001,14:26:15,11.5000,99,1
2026-01-08,000001,14:26:18,11.5000,165,1
2026-01-08,000001,14:26:21,11.4900,1206,2
2026-01-08,000001,14:26:24,11.5000,164,1
2026-01-08,000001,14:26:27,11.5000,8,1
2026-01-08,000001,14:26:33,11.4900,99,2
2026-01-08,000001,14:26:36,11.4900,13,2
2026-01-08,000001,14:26:39,11.4900,39,2
2026-01-08,000001,14:26:42,11.5000,147,1
2026-01-08,000001,14:26:45,11.4900,53,2
2026-01-08,000001,14:26:48,11.5000,2,1
2026-01-08,000001,14:26:51,11.5000,3,1
2026-01-08,000001,14:26:54,11.5000,145,1
2026-01-08,000001,14:26:57,11.4900,100,2
2026-01-08,000001,14:27:00,11.4900,21,2
2026-01-08,000001,14:27:03,11.5000,1456,1
2026-01-08,000001,14:27:06,11.5000,280,1
2026-01-08,000001,14:27:09,11.5000,170,1
2026-01-08,000001,14:27:12,11.4900,201,2
2026-01-08,000001,14:27:15,11.4900,159,2
2026-01-08,000001,14:27:18,11.5000,17,1
2026-01-08,000001,14:27:21,11.5000,37,1
2026-01-08,000001,14:27:24,11.5000,139,1
2026-01-08,000001,14:27:27,11.5000,172,1
2026-01-08,000001,14:27:30,11.5000,38,1
2026-01-08,000001,14:27:33,11.4900,24,2
2026-01-08,000001,14:27:36,11.5000,98,1
2026-01-08,000001,14:27:39,11.4900,19,2
2026-01-08,000001,14:27:42,11.4900,82,2
2026-01-08,000001,14:27:45,11.5000,15,1
2026-01-08,000001,14:27:48,11.4900,14,2
2026-01-08,000001,14:27:51,11.5000,35,1
2026-01-08,000001,14:27:54,11.5000,62,1
2026-01-08,000001,14:27:57,11.5000,26,1
2026-01-08,000001,14:28:00,11.5000,18,1
2026-01-08,000001,14:28:03,11.4900,81,2
2026-01-08,000001,14:28:06,11.4900,64,2
2026-01-08,000001,14:28:09,11.5000,33,1
2026-01-08,000001,14:28:12,11.4900,153,2
2026-01-08,000001,14:28:15,11.4900,194,2
2026-01-08,000001,14:28:18,11.5000,65,1
2026-01-08,000001,14:28:21,11.4900,11,2
2026-01-08,000001,14:28:24,11.5000,50,1
2026-01-08,000001,14:28:27,11.4900,169,2
2026-01-08,000001,14:28:30,11.5000,20,1
2026-01-08,000001,14:28:33,11.5000,1,1
2026-01-08,000001,14:28:36,11.4900,142,2
2026-01-08,000001,14:28:39,11.5000,43,1
2026-01-08,000001,14:28:42,11.4900,68,2
2026-01-08,000001,14:28:45,11.4900,45,2
2026-01-08,000001,14:28:48,11.4900,38,2
2026-01-08,000001,14:28:51,11.4900,14,2
2026-01-08,000001,14:28:54,11.4900,23,2
2026-01-08,000001,14:28:57,11.5000,37,1
2026-01-08,000001,14:29:00,11.5000,31,1
2026-01-08,000001,14:29:03,11.5000,40,1
2026-01-08,000001,14:29:06,11.4900,35,2
2026-01-08,000001,14:29:09,11.5000,67,1
2026-01-08,000001,14:29:12,11.5000,81,1
2026-01-08,000001,14:29:15,11.4900,13,2
2026-01-08,000001,14:29:18,11.5000,28,1
2026-01-08,000001,14:29:21,11.4900,58,2
2026-01-08,000001,14:29:24,11.5000,23,1
2026-01-08,000001,14:29:27,11.4900,30,2
2026-01-08,000001,14:29:30,11.5000,58,1
2026-01-08,000001,14:29:33,11.5000,118,1
2026-01-08,000001,14:29:36,11.5000,75,1
2026-01-08,000001,14:29:39,11.5000,32,1
2026-01-08,000001,14:29:42,11.5000,265,1
2026-01-08,000001,14:29:45,11.4900,113,2
2026-01-08,000001,14:29:48,11.5000,38,1
2026-01-08,000001,14:29:51,11.5000,129,1
2026-01-08,000001,14:29:54,11.4900,17,2
2026-01-08,000001,14:29:57,11.5000,440,1
2026-01-08,000001,14:30:00,11.4900,78,2
2026-01-08,000001,14:30:03,11.5000,181,1
2026-01-08,000001,14:30:06,11.5000,110,1
2026-01-08,000001,14:30:09,11.4900,9,2
2026-01-08,000001,14:30:12,11.5000,114,1
2026-01-08,000001,14:30:15,11.4900,109,2
2026-01-08,000001,14:30:18,11.4900,46,2
2026-01-08,000001,14:30:21,11.5000,127,1
2026-01-08,000001,14:30:24,11.5000,21,1
2026-01-08,000001,14:30:27,11.5000,13,1
2026-01-08,000001,14:30:30,11.4900,2,2
2026-01-08,000001,14:30:33,11.5000,157,1
2026-01-08,000001,14:30:36,11.5000,53,1
2026-01-08,000001,14:30:39,11.4900,113,2
2026-01-08,000001,14:30:42,11.5000,91,1
2026-01-08,000001,14:30:45,11.5000,2100,1
2026-01-08,000001,14:30:48,11.4900,249,2
2026-01-08,000001,14:30:51,11.5000,266,1
2026-01-08,000001,14:30:54,11.5000,522,1
2026-01-08,000001,14:30:57,11.5000,2197,1
2026-01-08,000001,14:31:00,11.5000,219,1
2026-01-08,000001,14:31:03,11.4900,224,2
2026-01-08,000001,14:31:06,11.5000,2372,1
2026-01-08,000001,14:31:09,11.5000,1104,1
2026-01-08,000001,14:31:12,11.4900,2825,2
2026-01-08,000001,14:31:15,11.4900,2084,2
2026-01-08,000001,14:31:18,11.4900,1976,2
2026-01-08,000001,14:31:21,11.4900,353,2
2026-01-08,000001,14:31:24,11.4900,93,2
2026-01-08,000001,14:31:27,11.5000,144,1
2026-01-08,000001,14:31:30,11.4900,462,2
2026-01-08,000001,14:31:33,11.4900,88,2
2026-01-08,000001,14:31:36,11.5000,123,1
2026-01-08,000001,14:31:39,11.5000,1118,1
2026-01-08,000001,14:31:42,11.4900,189,2
2026-01-08,000001,14:31:45,11.5000,33,1
2026-01-08,000001,14:31:48,11.4900,17,2
2026-01-08,000001,14:31:51,11.4900,63,2
2026-01-08,000001,14:31:54,11.5000,429,1
2026-01-08,000001,14:31:57,11.4900,46,2
2026-01-08,000001,14:32:00,11.5000,26,1
2026-01-08,000001,14:32:03,11.4900,314,2
2026-01-08,000001,14:32:06,11.4900,68,2
2026-01-08,000001,14:32:09,11.4900,11,2
2026-01-08,000001,14:32:12,11.5000,103,1
2026-01-08,000001,14:32:15,11.5000,46,1
2026-01-08,000001,14:32:18,11.4900,38,2
2026-01-08,000001,14:32:21,11.4900,123,2
2026-01-08,000001,14:32:24,11.5000,103,1
2026-01-08,000001,14:32:27,11.4900,72,2
2026-01-08,000001,14:32:30,11.5000,38,1
2026-01-08,000001,14:32:36,11.5000,127,1
2026-01-08,000001,14:32:39,11.4900,149,2
2026-01-08,000001,14:32:42,11.4900,114,2
2026-01-08,000001,14:32:45,11.5000,89,1
2026-01-08,000001,14:32:48,11.4900,45,2
2026-01-08,000001,14:32:51,11.4900,48,2
2026-01-08,000001,14:32:54,11.5000,229,1
2026-01-08,000001,14:32:57,11.4900,28,2
2026-01-08,000001,14:33:00,11.5000,29,1
2026-01-08,000001,14:33:03,11.4900,50,2
2026-01-08,000001,14:33:06,11.5000,63,1
2026-01-08,000001,14:33:09,11.4900,119,2
2026-01-08,000001,14:33:12,11.5000,118,1
2026-01-08,000001,14:33:15,11.4900,58,2
2026-01-08,000001,14:33:18,11.4900,264,2
2026-01-08,000001,14:33:21,11.4900,114,2
2026-01-08,000001,14:33:24,11.5000,104,1
2026-01-08,000001,14:33:27,11.5000,50,1
2026-01-08,000001,14:33:30,11.5000,56,1
2026-01-08,000001,14:33:33,11.5000,115,1
2026-01-08,000001,14:33:36,11.4900,24,2
2026-01-08,000001,14:33:39,11.4900,14,2
2026-01-08,000001,14:33:42,11.4900,511,2
2026-01-08,000001,14:33:45,11.4900,65,2
2026-01-08,000001,14:33:48,11.5000,23,1
2026-01-08,000001,14:33:51,11.5000,88,1
2026-01-08,000001,14:33:54,11.4900,55,2
2026-01-08,000001,14:33:57,11.5000,15,1
2026-01-08,000001,14:34:00,11.5000,24,1
2026-01-08,000001,14:34:03,11.5000,52,1
2026-01-08,000001,14:34:06,11.4900,69,2
2026-01-08,000001,14:34:09,11.5000,30,1
2026-01-08,000001,14:34:12,11.4900,71,2
2026-01-08,000001,14:34:15,11.5000,51,1
2026-01-08,000001,14:34:18,11.4900,17,2
2026-01-08,000001,14:34:21,11.5000,42,1
2026-01-08,000001,14:34:24,11.5000,98,1
2026-01-08,000001,14:34:27,11.5000,191,1
2026-01-08,000001,14:34:30,11.5000,28,1
2026-01-08,000001,14:34:33,11.5000,158,1
2026-01-08,000001,14:34:36,11.5000,180,1
2026-01-08,000001,14:34:39,11.5000,39,1
2026-01-08,000001,14:34:42,11.5000,112,1
2026-01-08,000001,14:34:45,11.5000,15,1
2026-01-08,000001,14:34:48,11.5000,1074,1
2026-01-08,000001,14:34:51,11.5000,155,1
2026-01-08,000001,14:34:54,11.5000,30,1
2026-01-08,000001,14:34:57,11.5000,121,1
2026-01-08,000001,14:35:00,11.5000,1088,1
2026-01-08,000001,14:35:03,11.5000,145,1
2026-01-08,000001,14:35:06,11.5000,212,1
2026-01-08,000001,14:35:09,11.5000,85,1
2026-01-08,000001,14:35:12,11.5000,132,1
2026-01-08,000001,14:35:15,11.5000,229,1
2026-01-08,000001,14:35:18,11.5000,119,1
2026-01-08,000001,14:35:21,11.4900,3413,2
2026-01-08,000001,14:35:24,11.4900,526,2
2026-01-08,000001,14:35:27,11.4900,124,2
2026-01-08,000001,14:35:30,11.5000,17,1
2026-01-08,000001,14:35:33,11.5000,27,1
2026-01-08,000001,14:35:36,11.5000,20,1
2026-01-08,000001,14:35:39,11.5000,75,1
2026-01-08,000001,14:35:42,11.5000,180,1
2026-01-08,000001,14:35:45,11.4900,79,2
2026-01-08,000001,14:35:48,11.4900,7,2
2026-01-08,000001,14:35:51,11.5000,10,1
2026-01-08,000001,14:35:54,11.4900,9,2
2026-01-08,000001,14:35:57,11.4900,26,2
2026-01-08,000001,14:36:00,11.5000,38,1
2026-01-08,000001,14:36:03,11.5000,124,1
2026-01-08,000001,14:36:06,11.5000,133,1
2026-01-08,000001,14:36:09,11.4900,88,2
2026-01-08,000001,14:36:12,11.5000,73,1
2026-01-08,000001,14:36:15,11.5000,124,1
2026-01-08,000001,14:36:18,11.5000,41,1
2026-01-08,000001,14:36:21,11.5000,67,1
2026-01-08,000001,14:36:24,11.4900,69,2
2026-01-08,000001,14:36:27,11.5000,122,1
2026-01-08,000001,14:36:30,11.5000,99,1
2026-01-08,000001,14:36:33,11.5000,165,1
2026-01-08,000001,14:36:36,11.5000,234,1
2026-01-08,000001,14:36:39,11.4900,269,2
2026-01-08,000001,14:36:42,11.5000,207,1
2026-01-08,000001,14:36:45,11.5000,139,1
2026-01-08,000001,14:36:48,11.5000,44,1
2026-01-08,000001,14:36:51,11.5000,53,1
2026-01-08,000001,14:36:54,11.5000,14,1
2026-01-08,000001,14:37:00,11.5000,42,1
2026-01-08,000001,14:37:03,11.4900,436,2
2026-01-08,000001,14:37:06,11.5000,117,1
2026-01-08,000001,14:37:09,11.5000,15,1
2026-01-08,000001,14:37:12,11.5000,191,1
2026-01-08,000001,14:37:15,11.5000,31,1
2026-01-08,000001,14:37:18,11.5000,28,1
2026-01-08,000001,14:37:21,11.4900,87,2
2026-01-08,000001,14:37:24,11.5000,93,1
2026-01-08,000001,14:37:27,11.5000,80,1
2026-01-08,000001,14:37:30,11.4900,66,2
2026-01-08,000001,14:37:33,11.4900,46,2
2026-01-08,000001,14:37:36,11.5000,1312,1
2026-01-08,000001,14:37:39,11.5000,281,1
2026-01-08,000001,14:37:42,11.5000,216,1
2026-01-08,000001,14:37:45,11.4900,92,2
2026-01-08,000001,14:37:48,11.5000,11,1
2026-01-08,000001,14:37:51,11.5000,10,1
2026-01-08,000001,14:37:54,11.5000,48,1
2026-01-08,000001,14:37:57,11.5000,85,1
2026-01-08,000001,14:38:00,11.4900,8,2
2026-01-08,000001,14:38:03,11.5000,129,1
2026-01-08,000001,14:38:06,11.4900,50,2
2026-01-08,000001,14:38:09,11.5000,265,1
2026-01-08,000001,14:38:12,11.4900,612,2
2026-01-08,000001,14:38:15,11.4900,165,2
2026-01-08,000001,14:38:18,11.5000,239,1
2026-01-08,000001,14:38:21,11.4900,128,2
2026-01-08,000001,14:38:24,11.4900,59,2
2026-01-08,000001,14:38:27,11.4900,24,2
2026-01-08,000001,14:38:30,11.4900,64,2
2026-01-08,000001,14:38:33,11.5000,48,1
2026-01-08,000001,14:38:36,11.5000,21,1
2026-01-08,000001,14:38:39,11.5000,34,1
2026-01-08,000001,14:38:42,11.4900,187,2
2026-01-08,000001,14:38:45,11.5000,36,1
2026-01-08,000001,14:38:48,11.5000,38,1
2026-01-08,000001,14:38:51,11.5000,34,1
2026-01-08,000001,14:38:54,11.5000,9,1
2026-01-08,000001,14:38:57,11.4900,50,2
2026-01-08,000001,14:39:00,11.4900,29,2
2026-01-08,000001,14:39:03,11.4900,283,2
2026-01-08,000001,14:39:06,11.4900,44,2
2026-01-08,000001,14:39:09,11.4900,188,2
2026-01-08,000001,14:39:12,11.4900,118,2
2026-01-08,000001,14:39:15,11.4900,10,2
2026-01-08,000001,14:39:18,11.5000,78,1
2026-01-08,000001,14:39:21,11.5000,61,1
2026-01-08,000001,14:39:24,11.5000,120,1
2026-01-08,000001,14:39:27,11.4900,76,2
2026-01-08,000001,14:39:30,11.5000,41,1
2026-01-08,000001,14:39:33,11.4900,36,2
2026-01-08,000001,14:39:36,11.4900,433,2
2026-01-08,000001,14:39:39,11.4900,212,2
2026-01-08,000001,14:39:42,11.5000,124,1
2026-01-08,000001,14:39:45,11.4900,212,2
2026-01-08,000001,14:39:48,11.5000,41,1
2026-01-08,000001,14:39:51,11.4900,27,2
2026-01-08,000001,14:39:54,11.5000,19,1
2026-01-08,000001,14:39:57,11.5000,50,1
2026-01-08,000001,14:40:00,11.5000,78,1
2026-01-08,000001,14:40:03,11.4900,166,2
2026-01-08,000001,14:40:06,11.5000,152,1
2026-01-08,000001,14:40:09,11.5000,227,1
2026-01-08,000001,14:40:12,11.4900,131,2
2026-01-08,000001,14:40:15,11.4900,72,2
2026-01-08,000001,14:40:18,11.5000,121,1
2026-01-08,000001,14:40:21,11.4900,58,2
2026-01-08,000001,14:40:24,11.5000,10,1
2026-01-08,000001,14:40:27,11.5000,25,1
2026-01-08,000001,14:40:30,11.5000,34,1
2026-01-08,000001,14:40:33,11.5000,52,1
2026-01-08,000001,14:40:36,11.5000,184,1
2026-01-08,000001,14:40:39,11.5000,284,1
2026-01-08,000001,14:40:42,11.5000,105,1
2026-01-08,000001,14:40:45,11.4900,728,2
2026-01-08,000001,14:40:48,11.4900,154,2
2026-01-08,000001,14:40:51,11.5000,138,1
2026-01-08,000001,14:40:54,11.4900,139,2
2026-01-08,000001,14:40:57,11.4900,107,2
2026-01-08,000001,14:41:00,11.4900,211,2
2026-01-08,000001,14:41:03,11.4900,159,2
2026-01-08,000001,14:41:06,11.4900,138,2
2026-01-08,000001,14:41:09,11.4900,62,2
2026-01-08,000001,14:41:12,11.4900,12,2
2026-01-08,000001,14:41:15,11.4900,85,2
2026-01-08,000001,14:41:18,11.5000,320,1
2026-01-08,000001,14:41:21,11.5000,189,1
2026-01-08,000001,14:41:24,11.4900,173,2
2026-01-08,000001,14:41:27,11.4900,202,2
2026-01-08,000001,14:41:30,11.5000,169,1
2026-01-08,000001,14:41:33,11.4900,41,2
2026-01-08,000001,14:41:36,11.4900,114,2
2026-01-08,000001,14:41:39,11.5000,167,1
2026-01-08,000001,14:41:42,11.4900,54,2
2026-01-08,000001,14:41:45,11.4900,3103,2
2026-01-08,000001,14:41:48,11.5000,819,1
2026-01-08,000001,14:41:51,11.4900,163,2
2026-01-08,000001,14:41:54,11.5000,220,1
2026-01-08,000001,14:41:57,11.5000,135,1
2026-01-08,000001,14:42:00,11.4900,11,2
2026-01-08,000001,14:42:03,11.5000,80,1
2026-01-08,000001,14:42:06,11.4900,134,2
2026-01-08,000001,14:42:09,11.5000,307,1
2026-01-08,000001,14:42:12,11.4900,118,2
2026-01-08,000001,14:42:15,11.5000,244,1
2026-01-08,000001,14:42:18,11.5000,856,1
2026-01-08,000001,14:42:21,11.5000,145,1
2026-01-08,000001,14:42:24,11.5000,876,1
2026-01-08,000001,14:42:27,11.5000,607,1
2026-01-08,000001,14:42:30,11.4900,219,2
2026-01-08,000001,14:42:33,11.5000,347,1
2026-01-08,000001,14:42:36,11.4900,765,2
2026-01-08,000001,14:42:39,11.5000,898,1
2026-01-08,000001,14:42:42,11.5100,1393,1
2026-01-08,000001,14:42:45,11.5100,528,1
2026-01-08,000001,14:42:48,11.5000,299,2
2026-01-08,000001,14:42:51,11.5000,65,2
2026-01-08,000001,14:42:54,11.5000,489,2
2026-01-08,000001,14:42:57,11.5000,185,1
2026-01-08,000001,14:43:00,11.5000,70,1
2026-01-08,000001,14:43:03,11.5000,110,1
2026-01-08,000001,14:43:06,11.5000,401,1
2026-01-08,000001,14:43:09,11.4900,225,2
2026-01-08,000001,14:43:12,11.5000,306,4
2026-01-08,000001,14:43:15,11.5000,365,2
2026-01-08,000001,14:43:18,11.5000,117,2
2026-01-08,000001,14:43:21,11.5000,22,2
2026-01-08,000001,14:43:24,11.5000,8,2
2026-01-08,000001,14:43:27,11.5100,23,1
2026-01-08,000001,14:43:30,11.5000,1102,2
2026-01-08,000001,14:43:33,11.5000,346,2
2026-01-08,000001,14:43:36,11.5000,190,2
2026-01-08,000001,14:43:39,11.5000,141,2
2026-01-08,000001,14:43:42,11.5100,46,1
2026-01-08,000001,14:43:45,11.5000,27,2
2026-01-08,000001,14:43:48,11.5000,39,2
2026-01-08,000001,14:43:51,11.5100,468,1
2026-01-08,000001,14:43:54,11.5000,72,2
2026-01-08,000001,14:43:57,11.5100,10,1
2026-01-08,000001,14:44:00,11.5100,37,1
2026-01-08,000001,14:44:03,11.5100,281,1
2026-01-08,000001,14:44:06,11.5100,57,1
2026-01-08,000001,14:44:09,11.5000,13,2
2026-01-08,000001,14:44:12,11.5000,226,2
2026-01-08,000001,14:44:15,11.5000,39,2
2026-01-08,000001,14:44:18,11.5000,89,2
2026-01-08,000001,14:44:21,11.5100,167,1
2026-01-08,000001,14:44:24,11.5000,32,2
2026-01-08,000001,14:44:27,11.5100,158,1
2026-01-08,000001,14:44:30,11.5000,40,2
2026-01-08,000001,14:44:33,11.5000,60,2
2026-01-08,000001,14:44:36,11.5000,63,2
2026-01-08,000001,14:44:39,11.5000,31,2
2026-01-08,000001,14:44:42,11.5100,19,1
2026-01-08,000001,14:44:45,11.5000,171,2
2026-01-08,000001,14:44:48,11.5000,23,2
2026-01-08,000001,14:44:51,11.5100,88,1
2026-01-08,000001,14:44:54,11.5000,39,2
2026-01-08,000001,14:44:57,11.5100,62,1
2026-01-08,000001,14:45:00,11.5100,144,1
2026-01-08,000001,14:45:03,11.5100,13,1
2026-01-08,000001,14:45:06,11.5100,28,1
2026-01-08,000001,14:45:09,11.5000,16,2
2026-01-08,000001,14:45:12,11.5100,86,1
2026-01-08,000001,14:45:15,11.5100,2,1
2026-01-08,000001,14:45:18,11.5000,243,2
2026-01-08,000001,14:45:21,11.5100,238,1
2026-01-08,000001,14:45:24,11.5000,105,2
2026-01-08,000001,14:45:27,11.5000,200,2
2026-01-08,000001,14:45:30,11.5000,56,2
2026-01-08,000001,14:45:33,11.5000,486,2
2026-01-08,000001,14:45:36,11.5000,169,2
2026-01-08,000001,14:45:39,11.5000,73,2
2026-01-08,000001,14:45:42,11.5100,39,1
2026-01-08,000001,14:45:45,11.5000,66,2
2026-01-08,000001,14:45:48,11.5000,5,2
2026-01-08,000001,14:45:51,11.5100,13,1
2026-01-08,000001,14:45:54,11.5000,110,2
2026-01-08,000001,14:45:57,11.5100,23,1
2026-01-08,000001,14:46:00,11.5000,228,2
2026-01-08,000001,14:46:03,11.5000,54,2
2026-01-08,000001,14:46:06,11.5100,104,1
2026-01-08,000001,14:46:09,11.5000,40,2
2026-01-08,000001,14:46:12,11.5000,82,2
2026-01-08,000001,14:46:15,11.5000,24,2
2026-01-08,000001,14:46:18,11.5100,90,1
2026-01-08,000001,14:46:21,11.5100,99,1
2026-01-08,000001,14:46:24,11.5000,30,2
2026-01-08,000001,14:46:27,11.5000,115,2
2026-01-08,000001,14:46:30,11.5100,27,1
2026-01-08,000001,14:46:33,11.5000,82,2
2026-01-08,000001,14:46:36,11.5100,34,1
2026-01-08,000001,14:46:39,11.5000,98,2
2026-01-08,000001,14:46:42,11.5100,78,1
2026-01-08,000001,14:46:45,11.5100,20,1
2026-01-08,000001,14:46:48,11.5000,54,2
2026-01-08,000001,14:46:51,11.5000,173,2
2026-01-08,000001,14:46:54,11.5100,1,1
2026-01-08,000001,14:46:57,11.5000,134,2
2026-01-08,000001,14:47:00,11.5100,57,1
2026-01-08,000001,14:47:03,11.5000,150,2
2026-01-08,000001,14:47:06,11.5100,23,1
2026-01-08,000001,14:47:09,11.5000,173,2
2026-01-08,000001,14:47:12,11.5000,32,2
2026-01-08,000001,14:47:15,11.5100,4,1
2026-01-08,000001,14:47:18,11.5000,1,2
2026-01-08,000001,14:47:21,11.5100,28,1
2026-01-08,000001,14:47:24,11.5000,15,2
2026-01-08,000001,14:47:27,11.5000,1,2
2026-01-08,000001,14:47:30,11.5000,12,2
2026-01-08,000001,14:47:33,11.5100,123,1
2026-01-08,000001,14:47:36,11.5000,125,2
2026-01-08,000001,14:47:39,11.5000,25,2
2026-01-08,000001,14:47:42,11.5100,36,1
2026-01-08,000001,14:47:45,11.5000,49,2
2026-01-08,000001,14:47:48,11.5000,66,2
2026-01-08,000001,14:47:51,11.5100,15,1
2026-01-08,000001,14:47:54,11.5000,34,2
2026-01-08,000001,14:47:57,11.5000,110,2
2026-01-08,000001,14:48:00,11.5000,222,2
2026-01-08,000001,14:48:03,11.5000,34,2
2026-01-08,000001,14:48:06,11.5100,30,1
2026-01-08,000001,14:48:09,11.5000,20,2
2026-01-08,000001,14:48:12,11.5100,74,1
2026-01-08,000001,14:48:15,11.5100,20,1
2026-01-08,000001,14:48:18,11.5000,22,2
2026-01-08,000001,14:48:21,11.5000,166,2
2026-01-08,000001,14:48:24,11.5000,36,2
2026-01-08,000001,14:48:27,11.5000,57,2
2026-01-08,000001,14:48:30,11.5100,20,1
2026-01-08,000001,14:48:33,11.5000,57,2
2026-01-08,000001,14:48:36,11.5000,676,2
2026-01-08,000001,14:48:39,11.5000,148,2
2026-01-08,000001,14:48:42,11.5000,26,2
2026-01-08,000001,14:48:45,11.5000,16,2
2026-01-08,000001,14:48:48,11.5000,52,2
2026-01-08,000001,14:48:51,11.5000,78,2
2026-01-08,000001,14:48:54,11.5000,21,2
2026-01-08,000001,14:48:57,11.5100,84,1
2026-01-08,000001,14:49:00,11.5000,43,2
2026-01-08,000001,14:49:03,11.5000,339,2
2026-01-08,000001,14:49:06,11.5000,137,2
2026-01-08,000001,14:49:09,11.5100,61,1
2026-01-08,000001,14:49:12,11.5000,24,2
2026-01-08,000001,14:49:15,11.5100,80,1
2026-01-08,000001,14:49:18,11.5000,28,2
2026-01-08,000001,14:49:21,11.5100,75,1
2026-01-08,000001,14:49:24,11.5000,39,2
2026-01-08,000001,14:49:27,11.5000,1361,2
2026-01-08,000001,14:49:30,11.5100,297,1
2026-01-08,000001,14:49:33,11.5000,298,2
2026-01-08,000001,14:49:36,11.5000,94,2
2026-01-08,000001,14:49:39,11.5100,68,1
2026-01-08,000001,14:49:42,11.5000,26,2
2026-01-08,000001,14:49:45,11.5000,438,2
2026-01-08,000001,14:49:48,11.5000,87,2
2026-01-08,000001,14:49:51,11.5000,127,2
2026-01-08,000001,14:49:54,11.5000,12,2
2026-01-08,000001,14:49:57,11.5000,103,2
2026-01-08,000001,14:50:00,11.5000,101,2
2026-01-08,000001,14:50:03,11.5100,11,1
2026-01-08,000001,14:50:06,11.5000,166,2
2026-01-08,000001,14:50:09,11.5000,92,2
2026-01-08,000001,14:50:12,11.5000,656,2
2026-01-08,000001,14:50:15,11.5000,361,2
2026-01-08,000001,14:50:18,11.5000,5594,2
2026-01-08,000001,14:50:21,11.4900,3467,2
2026-01-08,000001,14:50:24,11.5000,826,1
2026-01-08,000001,14:50:27,11.5000,151,2
2026-01-08,000001,14:50:30,11.5000,73,2
2026-01-08,000001,14:50:33,11.5000,102,2
2026-01-08,000001,14:50:36,11.5000,42,4
2026-01-08,000001,14:50:39,11.5000,67,2
2026-01-08,000001,14:50:42,11.5000,229,2
2026-01-08,000001,14:50:45,11.5000,27,2
2026-01-08,000001,14:50:48,11.5000,9,2
2026-01-08,000001,14:50:51,11.5000,12,2
2026-01-08,000001,14:50:57,11.5100,11,1
2026-01-08,000001,14:51:00,11.5000,6,2
2026-01-08,000001,14:51:03,11.5000,715,2
2026-01-08,000001,14:51:06,11.5000,144,2
2026-01-08,000001,14:51:09,11.5000,116,2
2026-01-08,000001,14:51:12,11.5000,203,2
2026-01-08,000001,14:51:15,11.5000,194,2
2026-01-08,000001,14:51:18,11.5000,36,2
2026-01-08,000001,14:51:21,11.5000,230,2
2026-01-08,000001,14:51:24,11.5000,658,2
2026-01-08,000001,14:51:27,11.5000,44,2
2026-01-08,000001,14:51:30,11.5000,11,2
2026-01-08,000001,14:51:33,11.5100,32,1
2026-01-08,000001,14:51:36,11.5000,47,2
2026-01-08,000001,14:51:39,11.5000,98,2
2026-01-08,000001,14:51:42,11.5000,31,2
2026-01-08,000001,14:51:45,11.5000,19,2
2026-01-08,000001,14:51:48,11.5100,621,1
2026-01-08,000001,14:51:51,11.5000,50,2
2026-01-08,000001,14:51:54,11.5000,38,2
2026-01-08,000001,14:51:57,11.5000,8,2
2026-01-08,000001,14:52:03,11.5100,81,1
2026-01-08,000001,14:52:06,11.5100,278,1
2026-01-08,000001,14:52:09,11.5000,26,2
2026-01-08,000001,14:52:12,11.5100,240,1
2026-01-08,000001,14:52:15,11.5100,163,1
2026-01-08,000001,14:52:18,11.5100,32,1
2026-01-08,000001,14:52:21,11.5100,102,1
2026-01-08,000001,14:52:24,11.5000,37,2
2026-01-08,000001,14:52:27,11.5000,13,2
2026-01-08,000001,14:52:30,11.5000,10,2
2026-01-08,000001,14:52:33,11.5000,11,2
2026-01-08,000001,14:52:36,11.5000,40,2
2026-01-08,000001,14:52:39,11.5000,28,2
2026-01-08,000001,14:52:42,11.5100,12,1
2026-01-08,000001,14:52:45,11.5100,16,1
2026-01-08,000001,14:52:48,11.5100,33,1
2026-01-08,000001,14:52:54,11.5100,11,1
2026-01-08,000001,14:52:57,11.5000,114,2
2026-01-08,000001,14:53:00,11.5100,309,1
2026-01-08,000001,14:53:03,11.5100,147,1
2026-01-08,000001,14:53:06,11.5100,165,1
2026-01-08,000001,14:53:09,11.5100,70,1
2026-01-08,000001,14:53:12,11.5000,50,2
2026-01-08,000001,14:53:15,11.5100,1336,1
2026-01-08,000001,14:53:21,11.5000,293,2
2026-01-08,000001,14:53:24,11.5000,49,2
2026-01-08,000001,14:53:27,11.5100,207,1
2026-01-08,000001,14:53:30,11.5000,205,2
2026-01-08,000001,14:53:33,11.5000,563,2
2026-01-08,000001,14:53:36,11.5000,196,2
2026-01-08,000001,14:53:39,11.5100,64,1
2026-01-08,000001,14:53:42,11.5000,20,2
2026-01-08,000001,14:53:45,11.5100,20,1
2026-01-08,000001,14:53:48,11.5100,44,1
2026-01-08,000001,14:53:51,11.5000,98,2
2026-01-08,000001,14:53:54,11.5100,220,1
2026-01-08,000001,14:53:57,11.5100,869,1
2026-01-08,000001,14:54:00,11.5100,529,1
2026-01-08,000001,14:54:03,11.5100,312,2
2026-01-08,000001,14:54:06,11.5100,45,2
2026-01-08,000001,14:54:09,11.5200,28,1
2026-01-08,000001,14:54:12,11.5100,381,2
2026-01-08,000001,14:54:15,11.5100,48,4
2026-01-08,000001,14:54:18,11.5100,150,2
2026-01-08,000001,14:54:21,11.5200,153,1
2026-01-08,000001,14:54:24,11.5100,63,2
2026-01-08,000001,14:54:27,11.5000,167,2
2026-01-08,000001,14:54:30,11.5000,18,2
2026-01-08,000001,14:54:33,11.5100,248,1
2026-01-08,000001,14:54:36,11.5100,112,1
2026-01-08,000001,14:54:39,11.5000,39,2
2026-01-08,000001,14:54:42,11.5200,238,1
2026-01-08,000001,14:54:45,11.5200,223,1
2026-01-08,000001,14:54:48,11.5000,234,2
2026-01-08,000001,14:54:51,11.5100,29,4
2026-01-08,000001,14:54:57,11.5000,204,2
2026-01-08,000001,14:55:00,11.5100,121,4
2026-01-08,000001,14:55:03,11.5100,38,2
2026-01-08,000001,14:55:06,11.5200,103,1
2026-01-08,000001,14:55:09,11.5200,106,1
2026-01-08,000001,14:55:12,11.5100,101,2
2026-01-08,000001,14:55:15,11.5200,452,1
2026-01-08,000001,14:55:18,11.5100,129,2
2026-01-08,000001,14:55:21,11.5200,87,1
2026-01-08,000001,14:55:24,11.5100,60,2
2026-01-08,000001,14:55:27,11.5000,3508,2
2026-01-08,000001,14:55:30,11.5100,53,1
2026-01-08,000001,14:55:33,11.5100,143,2
2026-01-08,000001,14:55:36,11.5100,110,2
2026-01-08,000001,14:55:39,11.5200,38,1
2026-01-08,000001,14:55:42,11.5100,70,2
2026-01-08,000001,14:55:45,11.5100,132,2
2026-01-08,000001,14:55:48,11.5100,217,2
2026-01-08,000001,14:55:51,11.5200,4,1
2026-01-08,000001,14:55:54,11.5000,268,2
2026-01-08,000001,14:55:57,11.5000,146,2
2026-01-08,000001,14:56:00,11.5100,325,1
2026-01-08,000001,14:56:03,11.5200,617,1
2026-01-08,000001,14:56:06,11.5200,291,1
2026-01-08,000001,14:56:09,11.5200,190,1
2026-01-08,000001,14:56:12,11.5200,102,1
2026-01-08,000001,14:56:15,11.5100,222,2
2026-01-08,000001,14:56:18,11.5100,103,2
2026-01-08,000001,14:56:21,11.5200,103,1
2026-01-08,000001,14:56:24,11.5100,74,2
2026-01-08,000001,14:56:27,11.5200,126,1
2026-01-08,000001,14:56:30,11.5100,94,2
2026-01-08,000001,14:56:33,11.5200,105,1
2026-01-08,000001,14:56:36,11.5100,342,2
2026-01-08,000001,14:56:39,11.5100,320,2
2026-01-08,000001,14:56:42,11.5200,14,1
2026-01-08,000001,14:56:45,11.5100,1,2
2026-01-08,000001,14:56:48,11.5200,24,1
2026-01-08,000001,14:56:51,11.5200,15,1
2026-01-08,000001,14:56:54,11.5200,452,1
2026-01-08,000001,14:56:57,11.5200,151,1
2026-01-08,000001,14:57:00,11.5200,34,1
2026-01-08,000001,15:00:00,11.5100,7086,4
2026-01-08,000001,13:13:06,11.5000,696,2
2026-01-08,000001,13:13:09,11.5000,59,2
2026-01-08,000001,13:13:12,11.5000,28,2
2026-01-08,000001,13:13:15,11.5000,487,2
2026-01-08,000001,13:13:18,11.5000,866,1
2026-01-08,000001,13:13:21,11.5000,162,1
2026-01-08,000001,13:13:24,11.5000,13,2
2026-01-08,000001,13:13:27,11.5000,10,2
2026-01-08,000001,13:13:30,11.5100,51,1
2026-01-08,000001,13:13:33,11.5000,101,2
2026-01-08,000001,13:13:36,11.5100,102,1
2026-01-08,000001,13:13:39,11.5000,112,2
2026-01-08,000001,13:13:42,11.5000,273,2
2026-01-08,000001,13:13:45,11.5000,10,2
2026-01-08,000001,13:13:48,11.5000,3,2
2026-01-08,000001,13:13:51,11.5100,160,1
2026-01-08,000001,13:14:00,11.5100,70,1
2026-01-08,000001,13:14:03,11.5100,26,1
2026-01-08,000001,13:14:09,11.5100,94,1
2026-01-08,000001,13:14:15,11.5000,82,2
2026-01-08,000001,13:14:18,11.5000,11,2
2026-01-08,000001,13:14:24,11.5100,111,1
2026-01-08,000001,13:14:27,11.5000,2254,2
2026-01-08,000001,13:14:30,11.5000,1,2
2026-01-08,000001,13:14:36,11.5100,1406,1
2026-01-08,000001,13:14:39,11.5100,219,2
2026-01-08,000001,13:14:45,11.5100,86,1
2026-01-08,000001,13:14:48,11.5100,44,1
2026-01-08,000001,13:14:51,11.5100,45,1
2026-01-08,000001,13:14:54,11.5100,8,1
2026-01-08,000001,13:14:57,11.5100,20,1
2026-01-08,000001,13:15:00,11.5000,664,2
2026-01-08,000001,13:15:03,11.5100,24,4
2026-01-08,000001,13:15:06,11.5200,72,1
2026-01-08,000001,13:15:09,11.5100,116,2
2026-01-08,000001,13:15:12,11.5100,254,2
2026-01-08,000001,13:15:15,11.5100,7,2
2026-01-08,000001,13:15:18,11.5100,13,2
2026-01-08,000001,13:15:21,11.5100,357,2
2026-01-08,000001,13:15:24,11.5100,154,2
2026-01-08,000001,13:15:27,11.5100,17,2
2026-01-08,000001,13:15:30,11.5100,55,2
2026-01-08,000001,13:15:36,11.5200,7,1
2026-01-08,000001,13:15:39,11.5100,128,2
2026-01-08,000001,13:15:42,11.5100,68,4
2026-01-08,000001,13:15:45,11.5100,20,2
2026-01-08,000001,13:15:51,11.5200,23,1
2026-01-08,000001,13:15:54,11.5100,120,2
2026-01-08,000001,13:15:57,11.5100,15,2
2026-01-08,000001,13:16:00,11.5100,27,2
2026-01-08,000001,13:16:03,11.5100,116,1
2026-01-08,000001,13:16:06,11.5100,2,1
2026-01-08,000001,13:16:09,11.5000,75,2
2026-01-08,000001,13:16:12,11.5100,80,1
2026-01-08,000001,13:16:15,11.5100,1,1
2026-01-08,000001,13:16:18,11.5000,127,2
2026-01-08,000001,13:16:21,11.5100,4,1
2026-01-08,000001,13:16:24,11.5100,28,1
2026-01-08,000001,13:16:27,11.5100,11,1
2026-01-08,000001,13:16:30,11.5100,12,1
2026-01-08,000001,13:16:33,11.5000,261,2
2026-01-08,000001,13:16:39,11.5000,129,2
2026-01-08,000001,13:16:42,11.5100,7,1
2026-01-08,000001,13:16:45,11.5100,3,1
2026-01-08,000001,13:16:48,11.5000,13,2
2026-01-08,000001,13:16:51,11.5100,23,1
2026-01-08,000001,13:16:54,11.5100,441,2
2026-01-08,000001,13:16:57,11.5100,2,1
2026-01-08,000001,13:17:00,11.5000,11,2
2026-01-08,000001,13:17:03,11.5000,48,2
2026-01-08,000001,13:17:06,11.5100,12,1
2026-01-08,000001,13:17:09,11.5000,68,2
2026-01-08,000001,13:17:12,11.5000,198,2
2026-01-08,000001,13:17:15,11.5100,2,1
2026-01-08,000001,13:17:18,11.5100,11,1
2026-01-08,000001,13:17:24,11.5100,110,1
2026-01-08,000001,13:17:27,11.5100,119,1
2026-01-08,000001,13:17:30,11.5100,54,1
2026-01-08,000001,13:17:33,11.5000,7,2
2026-01-08,000001,13:17:36,11.5100,31,1
2026-01-08,000001,13:17:39,11.5000,108,2
2026-01-08,000001,13:17:42,11.5000,19,2
2026-01-08,000001,13:17:45,11.5000,166,2
2026-01-08,000001,13:17:48,11.5100,32,1
2026-01-08,000001,13:17:54,11.5100,157,1
2026-01-08,000001,13:17:57,11.5000,97,2
2026-01-08,000001,13:18:00,11.5000,158,2
2026-01-08,000001,13:18:03,11.5000,124,2
2026-01-08,000001,13:18:06,11.5000,25,2
2026-01-08,000001,13:18:09,11.5000,92,2
2026-01-08,000001,13:18:12,11.5100,12,1
2026-01-08,000001,13:18:15,11.5000,7,2
2026-01-08,000001,13:18:18,11.5000,56,2
2026-01-08,000001,13:18:24,11.5000,22,2
2026-01-08,000001,13:18:27,11.5000,33,2
2026-01-08,000001,13:18:30,11.5100,4,1
2026-01-08,000001,13:18:33,11.5100,16,1
2026-01-08,000001,13:18:36,11.5100,10,1
2026-01-08,000001,13:18:39,11.5000,59,2
2026-01-08,000001,13:18:42,11.5000,30,2
2026-01-08,000001,13:18:45,11.5100,6,1
2026-01-08,000001,13:18:48,11.5100,134,1
2026-01-08,000001,13:18:51,11.5100,134,1
2026-01-08,000001,13:18:54,11.5000,73,2
2026-01-08,000001,13:18:57,11.5000,15,2
2026-01-08,000001,13:19:00,11.5000,56,2
2026-01-08,000001,13:19:03,11.5100,25,1
2026-01-08,000001,13:19:06,11.5100,40,1
2026-01-08,000001,13:19:09,11.5000,73,2
2026-01-08,000001,13:19:12,11.5000,6,2
2026-01-08,000001,13:19:15,11.5000,30,2
2026-01-08,000001,13:19:18,11.5000,17,2
2026-01-08,000001,13:19:24,11.5100,144,1
2026-01-08,000001,13:19:27,11.5100,45,1
2026-01-08,000001,13:19:30,11.5000,11,2
2026-01-08,000001,13:19:33,11.5100,41,1
2026-01-08,000001,13:19:36,11.5100,30,1
2026-01-08,000001,13:19:39,11.5100,363,1
2026-01-08,000001,13:19:42,11.5100,320,1
2026-01-08,000001,13:19:45,11.5100,607,1
2026-01-08,000001,13:19:48,11.5100,190,1
2026-01-08,000001,13:19:51,11.5100,47,1
2026-01-08,000001,13:19:54,11.5100,18,1
2026-01-08,000001,13:19:57,11.5100,59,1
2026-01-08,000001,13:20:00,11.5100,115,1
2026-01-08,000001,13:20:03,11.5100,116,1
2026-01-08,000001,13:20:06,11.5000,105,2
2026-01-08,000001,13:20:09,11.5000,77,2
2026-01-08,000001,13:20:15,11.5100,33,1
2026-01-08,000001,13:20:18,11.5100,175,1
2026-01-08,000001,13:20:21,11.5100,406,1
2026-01-08,000001,13:20:24,11.5100,26,1
2026-01-08,000001,13:20:27,11.5100,167,1
2026-01-08,000001,13:20:30,11.5100,425,2
2026-01-08,000001,13:20:33,11.5100,20,1
2026-01-08,000001,13:20:36,11.5100,198,1
2026-01-08,000001,13:20:39,11.5100,77,1
2026-01-08,000001,13:20:42,11.5200,419,1
2026-01-08,000001,13:20:45,11.5100,23,2
2026-01-08,000001,13:20:48,11.5200,19,1
2026-01-08,000001,13:20:51,11.5100,16,2
2026-01-08,000001,13:20:54,11.5200,116,1
2026-01-08,000001,13:20:57,11.5100,79,2
2026-01-08,000001,13:21:00,11.5100,5,2
2026-01-08,000001,13:21:03,11.5100,227,2
2026-01-08,000001,13:21:06,11.5100,86,1
2026-01-08,000001,13:21:09,11.5100,77,2
2026-01-08,000001,13:21:12,11.5100,23,2
2026-01-08,000001,13:21:15,11.5100,963,2
2026-01-08,000001,13:21:18,11.5100,94,1
2026-01-08,000001,13:21:21,11.5100,25,1
2026-01-08,000001,13:21:24,11.5100,68,1
2026-01-08,000001,13:21:27,11.5100,44,1
2026-01-08,000001,13:21:30,11.5100,52,1
2026-01-08,000001,13:21:33,11.5100,229,2
2026-01-08,000001,13:21:36,11.5100,126,2
2026-01-08,000001,13:21:39,11.5100,91,2
2026-01-08,000001,13:21:42,11.5100,35,2
2026-01-08,000001,13:21:48,11.5100,19,2
2026-01-08,000001,13:21:51,11.5100,184,2
2026-01-08,000001,13:21:54,11.5100,25,2
2026-01-08,000001,13:21:57,11.5100,36,4
2026-01-08,000001,13:22:00,11.5100,62,2
2026-01-08,000001,13:22:03,11.5200,56,1
2026-01-08,000001,13:22:06,11.5200,17,1
2026-01-08,000001,13:22:09,11.5100,63,2
2026-01-08,000001,13:22:12,11.5100,3,2
2026-01-08,000001,13:22:15,11.5000,443,2
2026-01-08,000001,13:22:18,11.5000,87,2
2026-01-08,000001,13:22:21,11.5200,27,1
2026-01-08,000001,13:22:24,11.5000,2,2
2026-01-08,000001,13:22:27,11.5000,203,2
2026-01-08,000001,13:22:30,11.5100,106,2
2026-01-08,000001,13:22:33,11.5100,67,1
2026-01-08,000001,13:22:36,11.5200,20,1
2026-01-08,000001,13:22:39,11.5100,371,2
2026-01-08,000001,13:22:42,11.5100,440,2
2026-01-08,000001,13:22:45,11.5100,179,1
2026-01-08,000001,13:22:48,11.5100,325,2
2026-01-08,000001,13:22:51,11.5000,267,2
2026-01-08,000001,13:22:54,11.5100,50,1
2026-01-08,000001,13:22:57,11.5000,60,2
2026-01-08,000001,13:23:00,11.5100,89,1
2026-01-08,000001,13:23:03,11.5000,47,2
2026-01-08,000001,13:23:06,11.5000,36,2
2026-01-08,000001,13:23:09,11.5100,81,1
2026-01-08,000001,13:23:12,11.5100,30,1
2026-01-08,000001,13:23:15,11.5100,19,1
2026-01-08,000001,13:23:18,11.5100,132,1
2026-01-08,000001,13:23:21,11.5000,104,2
2026-01-08,000001,13:23:24,11.5000,228,2
2026-01-08,000001,13:23:27,11.5100,5,1
2026-01-08,000001,13:23:30,11.5000,50,2
2026-01-08,000001,13:23:33,11.5100,15,1
2026-01-08,000001,13:23:36,11.5100,30,1
2026-01-08,000001,13:23:39,11.5000,78,2
2026-01-08,000001,13:23:42,11.5100,109,1
2026-01-08,000001,13:23:45,11.5100,34,1
2026-01-08,000001,13:23:48,11.5100,8,1
2026-01-08,000001,13:23:51,11.5100,60,1
2026-01-08,000001,13:23:54,11.5100,11,1
2026-01-08,000001,13:23:57,11.5100,30,1
2026-01-08,000001,13:24:00,11.5100,14,1
2026-01-08,000001,13:24:03,11.5100,76,1
2026-01-08,000001,13:24:06,11.5000,101,2
2026-01-08,000001,13:24:09,11.5000,64,2
2026-01-08,000001,13:24:12,11.5100,167,1
2026-01-08,000001,13:24:15,11.5100,32,1
2026-01-08,000001,13:24:18,11.5100,30,1
2026-01-08,000001,13:24:21,11.5000,56,2
2026-01-08,000001,13:24:24,11.5100,149,1
2026-01-08,000001,13:24:27,11.5100,17,1
2026-01-08,000001,13:24:30,11.5100,8,1
2026-01-08,000001,13:24:33,11.5000,120,2
2026-01-08,000001,13:24:36,11.5100,9,1
2026-01-08,000001,13:24:39,11.5100,61,1
2026-01-08,000001,13:24:42,11.5100,29,1
2026-01-08,000001,13:24:45,11.5000,32,2
2026-01-08,000001,13:24:48,11.5100,92,1
2026-01-08,000001,13:24:51,11.5100,20,1
2026-01-08,000001,13:24:54,11.5000,88,2
2026-01-08,000001,13:24:57,11.5000,45,2
2026-01-08,000001,13:25:00,11.5000,30,2
2026-01-08,000001,13:25:03,11.5100,214,1
2026-01-08,000001,13:25:06,11.5000,125,2
2026-01-08,000001,13:25:09,11.5100,346,1
2026-01-08,000001,13:25:12,11.5000,28,2
2026-01-08,000001,13:25:15,11.5100,182,1
2026-01-08,000001,13:25:18,11.5100,1,1
2026-01-08,000001,13:25:21,11.5100,272,1
2026-01-08,000001,13:25:24,11.5000,41,2
2026-01-08,000001,13:25:27,11.5100,26,1
2026-01-08,000001,13:25:30,11.5000,42,2
2026-01-08,000001,13:25:33,11.5000,325,2
2026-01-08,000001,13:25:36,11.5100,49,1
2026-01-08,000001,13:25:39,11.5000,131,2
2026-01-08,000001,13:25:42,11.5100,41,1
2026-01-08,000001,13:25:45,11.5000,101,2
2026-01-08,000001,13:25:48,11.5100,138,1
2026-01-08,000001,13:25:51,11.5100,50,1
2026-01-08,000001,13:25:54,11.5100,319,1
2026-01-08,000001,13:25:57,11.5100,41,1
2026-01-08,000001,13:26:00,11.5100,186,1
2026-01-08,000001,13:26:03,11.5100,90,1
2026-01-08,000001,13:26:06,11.5100,149,2
2026-01-08,000001,13:26:09,11.5100,205,1
2026-01-08,000001,13:26:12,11.5100,185,2
2026-01-08,000001,13:26:15,11.5200,449,1
2026-01-08,000001,13:26:18,11.5000,30,2
2026-01-08,000001,13:26:21,11.5000,21,2
2026-01-08,000001,13:26:24,11.5100,500,1
2026-01-08,000001,13:26:27,11.5100,3,1
2026-01-08,000001,13:26:30,11.5200,63,1
2026-01-08,000001,13:26:33,11.5100,69,2
2026-01-08,000001,13:26:39,11.5100,79,4
2026-01-08,000001,13:26:42,11.5100,22,4
2026-01-08,000001,13:26:45,11.5200,126,1
2026-01-08,000001,13:26:48,11.5100,33,2
2026-01-08,000001,13:26:51,11.5100,79,2
2026-01-08,000001,13:26:54,11.5000,387,2
2026-01-08,000001,13:26:57,11.5100,9,1
2026-01-08,000001,13:27:00,11.5100,16,1
2026-01-08,000001,13:27:03,11.5100,101,1
2026-01-08,000001,13:27:06,11.5000,38,2
2026-01-08,000001,13:27:09,11.5000,93,2
2026-01-08,000001,13:27:12,11.5000,49,2
2026-01-08,000001,13:27:15,11.5100,31,1
2026-01-08,000001,13:27:18,11.5100,35,1
2026-01-08,000001,13:27:21,11.5000,81,2
2026-01-08,000001,13:27:24,11.5100,14,1
2026-01-08,000001,13:27:27,11.5000,116,2
2026-01-08,000001,13:27:30,11.5100,117,1
2026-01-08,000001,13:27:33,11.5000,295,2
2026-01-08,000001,13:27:36,11.5100,69,1
2026-01-08,000001,13:27:39,11.5000,95,2
2026-01-08,000001,13:27:42,11.5100,240,1
2026-01-08,000001,13:27:48,11.5000,106,2
2026-01-08,000001,13:27:51,11.5100,20,1
2026-01-08,000001,13:27:54,11.5000,40,2
2026-01-08,000001,13:27:57,11.5100,141,1
2026-01-08,000001,13:28:00,11.5100,94,1
2026-01-08,000001,13:28:03,11.5100,17,1
2026-01-08,000001,13:28:06,11.5100,64,1
2026-01-08,000001,13:28:09,11.5100,205,1
2026-01-08,000001,13:28:12,11.5100,619,2
2026-01-08,000001,13:28:15,11.5100,311,2
2026-01-08,000001,13:28:18,11.5100,85,1
2026-01-08,000001,13:28:21,11.5100,22,1
2026-01-08,000001,13:28:24,11.5100,131,1
2026-01-08,000001,13:28:27,11.5000,127,2
2026-01-08,000001,13:28:30,11.5000,147,2
2026-01-08,000001,13:28:33,11.5000,22,2
2026-01-08,000001,13:28:36,11.5100,15,1
2026-01-08,000001,13:28:39,11.5000,136,2
2026-01-08,000001,13:28:42,11.5100,133,1
2026-01-08,000001,13:28:45,11.5100,50,1
2026-01-08,000001,13:28:48,11.5100,3,1
2026-01-08,000001,13:28:51,11.5000,145,2
2026-01-08,000001,13:28:54,11.5100,466,1
2026-01-08,000001,13:28:57,11.5000,118,2
2026-01-08,000001,13:29:00,11.5100,71,1
2026-01-08,000001,13:29:03,11.5100,17,1
2026-01-08,000001,13:29:06,11.5000,71,2
2026-01-08,000001,13:29:09,11.5000,102,2
2026-01-08,000001,13:29:12,11.5000,62,2
2026-01-08,000001,13:29:15,11.5100,22,1
2026-01-08,000001,13:29:18,11.5000,59,2
2026-01-08,000001,13:29:21,11.5000,81,2
2026-01-08,000001,13:29:24,11.5000,44,2
2026-01-08,000001,13:29:27,11.5000,36,2
2026-01-08,000001,13:29:30,11.5000,56,2
2026-01-08,000001,13:29:33,11.5000,455,2
2026-01-08,000001,13:29:36,11.5100,3,1
2026-01-08,000001,13:29:39,11.5000,91,2
2026-01-08,000001,13:29:42,11.5000,1,2
2026-01-08,000001,13:29:45,11.5100,45,1
2026-01-08,000001,13:29:48,11.5100,67,1
2026-01-08,000001,13:29:51,11.5100,55,1
2026-01-08,000001,13:29:54,11.5100,66,1
2026-01-08,000001,13:29:57,11.5100,163,1
2026-01-08,000001,13:30:00,11.5100,146,1
2026-01-08,000001,13:30:03,11.5000,65,2
2026-01-08,000001,13:30:06,11.5000,32,2
2026-01-08,000001,13:30:09,11.5000,330,2
2026-01-08,000001,13:30:12,11.5000,640,2
2026-01-08,000001,13:30:15,11.5000,430,2
2026-01-08,000001,13:30:18,11.5100,725,1
2026-01-08,000001,13:30:21,11.5000,399,2
2026-01-08,000001,13:30:24,11.5000,573,2
2026-01-08,000001,13:30:27,11.5000,237,2
2026-01-08,000001,13:30:30,11.5000,64,2
2026-01-08,000001,13:30:33,11.5100,111,1
2026-01-08,000001,13:30:36,11.5000,32,2
2026-01-08,000001,13:30:39,11.5000,68,2
2026-01-08,000001,13:30:42,11.5000,69,2
2026-01-08,000001,13:30:45,11.5100,148,1
2026-01-08,000001,13:30:48,11.5100,131,1
2026-01-08,000001,13:30:51,11.5100,2789,1
2026-01-08,000001,13:30:54,11.5200,2973,1
2026-01-08,000001,13:30:57,11.5000,386,2
2026-01-08,000001,13:31:00,11.5100,46,1
2026-01-08,000001,13:31:03,11.5100,35,1
2026-01-08,000001,13:31:06,11.5100,37,1
2026-01-08,000001,13:31:09,11.5100,149,1
2026-01-08,000001,13:31:12,11.5100,27,1
2026-01-08,000001,13:31:15,11.5000,113,2
2026-01-08,000001,13:31:18,11.5100,2,1
2026-01-08,000001,13:31:24,11.5100,34,1
2026-01-08,000001,13:31:30,11.5100,85,1
2026-01-08,000001,13:31:33,11.5100,1325,1
2026-01-08,000001,13:31:36,11.5100,151,2
2026-01-08,000001,13:31:39,11.5100,206,2
2026-01-08,000001,13:31:42,11.5100,102,2
2026-01-08,000001,13:31:45,11.5100,66,2
2026-01-08,000001,13:31:48,11.5200,94,1
2026-01-08,000001,13:31:51,11.5100,227,2
2026-01-08,000001,13:31:54,11.5100,18,2
2026-01-08,000001,13:31:57,11.5100,175,2
2026-01-08,000001,13:32:00,11.5100,28,2
2026-01-08,000001,13:32:03,11.5200,25,1
2026-01-08,000001,13:32:06,11.5100,264,2
2026-01-08,000001,13:32:09,11.5100,109,2
2026-01-08,000001,13:32:15,11.5200,9,1
2026-01-08,000001,13:32:18,11.5200,1,1
2026-01-08,000001,13:32:21,11.5100,230,2
2026-01-08,000001,13:32:24,11.5100,139,2
2026-01-08,000001,13:32:27,11.5200,500,1
2026-01-08,000001,13:32:30,11.5200,116,1
2026-01-08,000001,13:32:33,11.5200,8,1
2026-01-08,000001,13:32:36,11.5200,115,1
2026-01-08,000001,13:32:39,11.5200,120,1
2026-01-08,000001,13:32:42,11.5200,10,1
2026-01-08,000001,13:32:48,11.5100,8,2
2026-01-08,000001,13:32:51,11.5200,19,1
2026-01-08,000001,13:32:54,11.5200,289,1
2026-01-08,000001,13:32:57,11.5200,1029,1
2026-01-08,000001,13:33:00,11.5200,4,1
2026-01-08,000001,13:33:03,11.5200,62,1
2026-01-08,000001,13:33:06,11.5200,144,1
2026-01-08,000001,13:33:09,11.5200,80,1
2026-01-08,000001,13:33:12,11.5200,28,1
2026-01-08,000001,13:33:15,11.5200,3,1
2026-01-08,000001,13:33:18,11.5200,1026,1
2026-01-08,000001,13:33:21,11.5200,15,1
2026-01-08,000001,13:33:24,11.5200,4,1
2026-01-08,000001,13:33:27,11.5200,100,1
2026-01-08,000001,13:33:30,11.5200,51,1
2026-01-08,000001,13:33:33,11.5100,73,2
2026-01-08,000001,13:33:36,11.5200,2,1
2026-01-08,000001,13:33:39,11.5200,1167,1
2026-01-08,000001,13:33:42,11.5100,106,2
2026-01-08,000001,13:33:48,11.5100,154,2
2026-01-08,000001,13:33:54,11.5200,1013,1
2026-01-08,000001,13:33:57,11.5200,31,1
2026-01-08,000001,13:34:00,11.5200,1,1
2026-01-08,000001,13:34:03,11.5200,102,1
2026-01-08,000001,13:34:06,11.5200,75,1
2026-01-08,000001,13:34:09,11.5200,553,1
2026-01-08,000001,13:34:12,11.5200,180,2
2026-01-08,000001,13:34:15,11.5200,29,2
2026-01-08,000001,13:34:18,11.5300,13,1
2026-01-08,000001,13:34:21,11.5300,75,1
2026-01-08,000001,13:34:24,11.5300,7,1
2026-01-08,000001,13:34:27,11.5300,1,1
2026-01-08,000001,13:34:30,11.5300,217,1
2026-01-08,000001,13:34:33,11.5200,16,2
2026-01-08,000001,13:34:39,11.5200,912,2
2026-01-08,000001,13:34:42,11.5200,155,2
2026-01-08,000001,13:34:45,11.5200,28,2
2026-01-08,000001,13:34:48,11.5300,12,1
2026-01-08,000001,13:34:51,11.5200,28,2
2026-01-08,000001,13:34:54,11.5200,865,2
2026-01-08,000001,13:34:57,11.5200,369,2
2026-01-08,000001,13:35:00,11.5200,187,1
2026-01-08,000001,13:35:03,11.5200,21,1
2026-01-08,000001,13:35:06,11.5200,31,1
2026-01-08,000001,13:35:09,11.5100,167,2
2026-01-08,000001,13:35:15,11.5100,47,2
2026-01-08,000001,13:35:21,11.5200,53,1
2026-01-08,000001,13:35:24,11.5200,13,1
2026-01-08,000001,13:35:27,11.5100,83,2
2026-01-08,000001,13:35:33,11.5200,1,1
2026-01-08,000001,13:35:36,11.5100,20,2
2026-01-08,000001,13:35:39,11.5100,88,2
2026-01-08,000001,13:35:42,11.5200,13,1
2026-01-08,000001,13:35:45,11.5100,12,2
2026-01-08,000001,13:35:48,11.5200,47,1
2026-01-08,000001,13:35:51,11.5200,70,1
2026-01-08,000001,13:35:54,11.5200,5,1
2026-01-08,000001,13:35:57,11.5200,8,1
2026-01-08,000001,13:36:00,11.5100,135,2
2026-01-08,000001,13:36:03,11.5100,100,2
2026-01-08,000001,13:36:06,11.5200,1165,1
2026-01-08,000001,13:36:09,11.5100,73,2
2026-01-08,000001,13:36:15,11.5200,75,1
2026-01-08,000001,13:36:21,11.5200,30,1
2026-01-08,000001,13:36:24,11.5100,514,2
2026-01-08,000001,13:36:30,11.5100,66,2
2026-01-08,000001,13:36:33,11.5100,40,2
2026-01-08,000001,13:36:36,11.5200,45,1
2026-01-08,000001,13:36:39,11.5100,71,2
2026-01-08,000001,13:36:45,11.5200,9,1
2026-01-08,000001,13:36:48,11.5200,100,1
2026-01-08,000001,13:36:57,11.5200,5,1
2026-01-08,000001,13:37:00,11.5100,8,2
2026-01-08,000001,13:37:03,11.5100,63,2
2026-01-08,000001,13:37:06,11.5100,20,2
2026-01-08,000001,13:37:09,11.5100,83,2
2026-01-08,000001,13:37:12,11.5100,24,2
2026-01-08,000001,13:37:15,11.5200,41,1
2026-01-08,000001,13:37:18,11.5200,17,1
2026-01-08,000001,13:37:21,11.5100,33,2
2026-01-08,000001,13:37:24,11.5100,15,2
2026-01-08,000001,13:37:27,11.5200,54,1
2026-01-08,000001,13:37:30,11.5200,28,1
2026-01-08,000001,13:37:36,11.5200,9,1
2026-01-08,000001,13:37:39,11.5100,305,2
2026-01-08,000001,13:37:42,11.5200,5,1
2026-01-08,000001,13:37:45,11.5200,92,1
2026-01-08,000001,13:37:48,11.5200,69,1
2026-01-08,000001,13:37:51,11.5200,15,1
2026-01-08,000001,13:37:54,11.5200,65,1
2026-01-08,000001,13:37:57,11.5200,47,1
2026-01-08,000001,13:38:00,11.5200,71,1
2026-01-08,000001,13:38:03,11.5200,75,1
2026-01-08,000001,13:38:06,11.5200,27,1
2026-01-08,000001,13:38:09,11.5100,86,2
2026-01-08,000001,13:38:15,11.5200,9,1
2026-01-08,000001,13:38:18,11.5100,14,2
2026-01-08,000001,13:38:21,11.5100,8,2
2026-01-08,000001,13:38:24,11.5100,53,2
2026-01-08,000001,13:38:27,11.5100,37,2
2026-01-08,000001,13:38:30,11.5200,22,1
2026-01-08,000001,13:38:33,11.5100,1,2
2026-01-08,000001,13:38:36,11.5100,31,2
2026-01-08,000001,13:38:39,11.5100,72,2
2026-01-08,000001,13:38:42,11.5200,99,1
2026-01-08,000001,13:38:45,11.5100,46,2
2026-01-08,000001,13:38:48,11.5100,92,2
2026-01-08,000001,13:38:51,11.5200,88,1
2026-01-08,000001,13:38:54,11.5200,614,1
2026-01-08,000001,13:38:57,11.5200,49,1
2026-01-08,000001,13:39:00,11.5100,8,2
2026-01-08,000001,13:39:03,11.5200,56,1
2026-01-08,000001,13:39:06,11.5100,12,2
2026-01-08,000001,13:39:09,11.5100,71,2
2026-01-08,000001,13:39:12,11.5200,20,1
2026-01-08,000001,13:39:18,11.5200,29,1
2026-01-08,000001,13:39:21,11.5100,10,2
2026-01-08,000001,13:39:24,11.5200,4,1
2026-01-08,000001,13:39:27,11.5100,2,2
2026-01-08,000001,13:39:30,11.5200,61,1
2026-01-08,000001,13:39:33,11.5200,11,1
2026-01-08,000001,13:39:39,11.5100,176,2
2026-01-08,000001,13:39:42,11.5200,19,1
2026-01-08,000001,13:39:45,11.5100,61,2
2026-01-08,000001,13:39:48,11.5200,24,1
2026-01-08,000001,13:39:51,11.5200,14,1
2026-01-08,000001,13:39:54,11.5200,7,1
2026-01-08,000001,13:39:57,11.5200,12,1
2026-01-08,000001,13:40:00,11.5100,60,2
2026-01-08,000001,13:40:03,11.5100,3,2
2026-01-08,000001,13:40:06,11.5200,10,1
2026-01-08,000001,13:40:09,11.5100,237,2
2026-01-08,000001,13:40:12,11.5100,295,2
2026-01-08,000001,13:40:15,11.5200,225,1
2026-01-08,000001,13:40:18,11.5100,1431,2
2026-01-08,000001,13:40:21,11.5100,4230,2
2026-01-08,000001,13:40:24,11.5100,325,2
2026-01-08,000001,13:40:27,11.5100,22,2
2026-01-08,000001,13:40:30,11.5100,312,2
2026-01-08,000001,13:40:33,11.5200,10,1
2026-01-08,000001,13:40:36,11.5100,32,2
2026-01-08,000001,13:40:39,11.5100,105,2
2026-01-08,000001,13:40:42,11.5100,752,2
2026-01-08,000001,13:40:45,11.5100,3998,2
2026-01-08,000001,13:40:48,11.5100,904,2
2026-01-08,000001,13:40:51,11.5100,6,2
2026-01-08,000001,13:40:54,11.5100,9,2
2026-01-08,000001,13:40:57,11.5100,75,2
2026-01-08,000001,13:41:00,11.5200,33,1
2026-01-08,000001,13:41:03,11.5100,10,2
2026-01-08,000001,13:41:06,11.5100,1203,2
2026-01-08,000001,13:41:09,11.5100,133,2
2026-01-08,000001,13:41:12,11.5100,1956,2
2026-01-08,000001,13:41:15,11.5000,162,2
2026-01-08,000001,13:41:18,11.5100,136,1
2026-01-08,000001,13:41:21,11.5100,41,1
2026-01-08,000001,13:41:24,11.5100,13,1
2026-01-08,000001,13:41:27,11.5000,58,2
2026-01-08,000001,13:41:30,11.5100,71,1
2026-01-08,000001,13:41:33,11.5100,68,1
2026-01-08,000001,13:41:36,11.5000,3,2
2026-01-08,000001,13:41:39,11.5000,137,2
2026-01-08,000001,13:41:45,11.5100,188,1
2026-01-08,000001,13:41:48,11.5000,151,2
2026-01-08,000001,13:41:51,11.5100,37,1
2026-01-08,000001,13:41:57,11.5000,199,2
2026-01-08,000001,13:42:00,11.5100,23,1
2026-01-08,000001,13:42:03,11.5100,111,1
2026-01-08,000001,13:42:06,11.5100,8,1
2026-01-08,000001,13:42:09,11.5000,87,2
2026-01-08,000001,13:42:15,11.5000,120,2
2026-01-08,000001,13:42:21,11.5000,212,2
2026-01-08,000001,13:42:24,11.5000,28,2
2026-01-08,000001,13:42:27,11.5100,66,1
2026-01-08,000001,13:42:30,11.5000,64,2
2026-01-08,000001,13:42:33,11.5000,302,2
2026-01-08,000001,13:42:36,11.5000,130,2
2026-01-08,000001,13:42:39,11.5000,192,2
2026-01-08,000001,13:42:42,11.5000,70,2
2026-01-08,000001,13:42:48,11.5000,104,2
2026-01-08,000001,13:42:51,11.5100,2,1
2026-01-08,000001,13:42:54,11.5000,37,2
2026-01-08,000001,13:42:57,11.5100,40,1
2026-01-08,000001,13:43:00,11.5100,84,1
2026-01-08,000001,13:43:03,11.5000,39,2
2026-01-08,000001,13:43:06,11.5100,58,1
2026-01-08,000001,13:43:09,11.5000,136,2
2026-01-08,000001,13:43:15,11.5100,5,1
2026-01-08,000001,13:43:21,11.5000,102,2
2026-01-08,000001,13:43:24,11.5100,60,1
2026-01-08,000001,13:43:27,11.5000,39,2
2026-01-08,000001,13:43:33,11.5100,38,1
2026-01-08,000001,13:43:36,11.5000,42,2
2026-01-08,000001,13:43:39,11.5000,65,2
2026-01-08,000001,13:43:42,11.5100,20,1
2026-01-08,000001,13:43:45,11.5100,22,1
2026-01-08,000001,13:43:48,11.5000,24,2
2026-01-08,000001,13:43:51,11.5000,1,2
2026-01-08,000001,13:43:54,11.5000,39,2
2026-01-08,000001,13:43:57,11.5100,1,1
2026-01-08,000001,13:44:00,11.5000,32,2
2026-01-08,000001,13:44:03,11.5100,120,1
2026-01-08,000001,13:44:06,11.5000,5,2
2026-01-08,000001,13:44:09,11.5000,140,2
2026-01-08,000001,13:44:12,11.5100,90,1
2026-01-08,000001,13:44:15,11.5000,90,2
2026-01-08,000001,13:44:18,11.5100,3,1
2026-01-08,000001,13:44:21,11.5100,71,1
2026-01-08,000001,13:44:24,11.5100,17,1
2026-01-08,000001,13:44:27,11.5000,37,2
2026-01-08,000001,13:44:30,11.5100,22,1
2026-01-08,000001,13:44:33,11.5100,14,1
2026-01-08,000001,13:44:36,11.5100,15,1
2026-01-08,000001,13:44:39,11.5000,196,2
2026-01-08,000001,13:44:42,11.5100,69,1
2026-01-08,000001,13:44:45,11.5000,38,2
2026-01-08,000001,13:44:48,11.5000,3,2
2026-01-08,000001,13:44:54,11.5000,33,2
2026-01-08,000001,13:44:57,11.5100,80,1
2026-01-08,000001,13:45:00,11.5000,3,2
2026-01-08,000001,13:45:03,11.5100,7,1
2026-01-08,000001,13:45:06,11.5100,100,1
2026-01-08,000001,13:45:09,11.5000,93,2
2026-01-08,000001,13:45:12,11.5100,4,1
2026-01-08,000001,13:45:18,11.5100,30,1
2026-01-08,000001,13:45:21,11.5100,19,1
2026-01-08,000001,13:45:24,11.5000,58,2
2026-01-08,000001,13:45:27,11.5100,1,1
2026-01-08,000001,13:45:30,11.5100,88,1
2026-01-08,000001,13:45:33,11.5100,5,1
2026-01-08,000001,13:45:36,11.5000,120,2
2026-01-08,000001,13:45:39,11.5000,95,2
2026-01-08,000001,13:45:48,11.5100,9,1
2026-01-08,000001,13:45:51,11.5100,2,1
2026-01-08,000001,13:45:54,11.5000,3,2
2026-01-08,000001,13:45:57,11.5100,116,1
2026-01-08,000001,13:46:00,11.5100,10,1
2026-01-08,000001,13:46:03,11.5100,899,1
2026-01-08,000001,13:46:06,11.5000,51,2
2026-01-08,000001,13:46:09,11.5000,62,2
2026-01-08,000001,13:46:12,11.5100,47,1
2026-01-08,000001,13:46:15,11.5000,55,2
2026-01-08,000001,13:46:18,11.5100,300,1
2026-01-08,000001,13:46:21,11.5100,26,1
2026-01-08,000001,13:46:24,11.5000,8,2
2026-01-08,000001,13:46:27,11.5100,1,1
2026-01-08,000001,13:46:36,11.5000,33,2
2026-01-08,000001,13:46:39,11.5000,58,2
2026-01-08,000001,13:46:42,11.5000,1,2
2026-01-08,000001,13:46:45,11.5100,41,1
2026-01-08,000001,13:46:48,11.5100,58,1
2026-01-08,000001,13:46:51,11.5100,241,1
2026-01-08,000001,13:46:54,11.5100,85,1
2026-01-08,000001,13:46:57,11.5100,12,1
2026-01-08,000001,13:47:00,11.5000,9,2
2026-01-08,000001,13:47:03,11.5100,17,1
2026-01-08,000001,13:47:06,11.5100,16,1
2026-01-08,000001,13:47:09,11.5000,124,2
2026-01-08,000001,13:47:12,11.5000,926,2
2026-01-08,000001,13:47:15,11.5000,50,2
2026-01-08,000001,13:47:18,11.5100,5,1
2026-01-08,000001,13:47:21,11.5100,21,1
2026-01-08,000001,13:47:24,11.5000,36,2
2026-01-08,000001,13:47:27,11.5100,132,1
2026-01-08,000001,13:47:30,11.5100,18,1
2026-01-08,000001,13:47:33,11.5100,108,1
2026-01-08,000001,13:47:36,11.5000,17,2
2026-01-08,000001,13:47:39,11.5000,227,2
2026-01-08,000001,13:47:42,11.5000,17,2
2026-01-08,000001,13:47:45,11.5100,1112,1
2026-01-08,000001,13:47:48,11.5000,115,2
2026-01-08,000001,13:47:51,11.5000,8,2
2026-01-08,000001,13:47:54,11.5100,55,1
2026-01-08,000001,13:47:57,11.5100,114,1
2026-01-08,000001,13:48:00,11.5000,247,2
2026-01-08,000001,13:48:03,11.5000,4,2
2026-01-08,000001,13:48:06,11.5100,113,1
2026-01-08,000001,13:48:09,11.5000,65,2
2026-01-08,000001,13:48:15,11.5100,14,1
2026-01-08,000001,13:48:18,11.5000,375,2
2026-01-08,000001,13:48:21,11.5100,20,1
2026-01-08,000001,13:48:24,11.5100,10,1
2026-01-08,000001,13:48:27,11.5100,136,1
2026-01-08,000001,13:48:33,11.5000,403,2
2026-01-08,000001,13:48:36,11.5000,194,2
2026-01-08,000001,13:48:39,11.5000,897,2
2026-01-08,000001,13:48:42,11.5100,115,1
2026-01-08,000001,13:48:45,11.5100,4,1
2026-01-08,000001,13:48:48,11.5000,15,2
2026-01-08,000001,13:48:51,11.5000,29,2
2026-01-08,000001,13:48:54,11.5000,12,2
2026-01-08,000001,13:49:00,11.5000,1097,2
2026-01-08,000001,13:49:03,11.5000,38,2
2026-01-08,000001,13:49:06,11.5100,79,1
2026-01-08,000001,13:49:09,11.5000,206,2
2026-01-08,000001,13:49:12,11.5100,53,1
2026-01-08,000001,13:49:15,11.5000,1,2
2026-01-08,000001,13:49:18,11.5000,53,2
2026-01-08,000001,13:49:21,11.5000,64,2
2026-01-08,000001,13:49:24,11.5000,197,2
2026-01-08,000001,13:49:27,11.5100,118,1
2026-01-08,000001,13:49:30,11.5000,5,2
2026-01-08,000001,13:49:33,11.5000,67,2
2026-01-08,000001,13:49:36,11.5100,560,1
2026-01-08,000001,13:49:39,11.5000,84,2
2026-01-08,000001,13:49:42,11.5000,22,2
2026-01-08,000001,13:49:45,11.5100,808,1
2026-01-08,000001,13:49:48,11.5100,128,1
2026-01-08,000001,13:49:51,11.5000,107,2
2026-01-08,000001,13:49:54,11.5100,12,1
2026-01-08,000001,13:49:57,11.5000,36,2
2026-01-08,000001,13:50:00,11.5000,31,2
2026-01-08,000001,13:50:03,11.5100,31,1
2026-01-08,000001,13:50:06,11.5100,80,1
2026-01-08,000001,13:50:09,11.5000,95,2
2026-01-08,000001,13:50:12,11.5000,3,2
2026-01-08,000001,13:50:15,11.5100,38,1
2026-01-08,000001,13:50:18,11.5100,52,1
2026-01-08,000001,13:50:21,11.5100,272,1
2026-01-08,000001,13:50:24,11.5100,589,1
2026-01-08,000001,13:50:27,11.5100,142,1
2026-01-08,000001,13:50:30,11.5100,103,1
2026-01-08,000001,13:50:33,11.5100,297,1
2026-01-08,000001,13:50:36,11.5100,84,1
2026-01-08,000001,13:50:39,11.5000,94,2
2026-01-08,000001,13:50:42,11.5000,68,2
2026-01-08,000001,13:50:48,11.5100,23,1
2026-01-08,000001,13:50:51,11.5000,1415,2
2026-01-08,000001,13:50:54,11.5000,160,2
2026-01-08,000001,13:50:57,11.5000,612,2
2026-01-08,000001,13:51:00,11.5100,235,1
2026-01-08,000001,13:51:03,11.5000,63,2
2026-01-08,000001,13:51:06,11.5000,90,2
2026-01-08,000001,13:51:09,11.5100,85,1
2026-01-08,000001,13:51:12,11.5000,17,2
2026-01-08,000001,13:51:15,11.5000,1305,2
2026-01-08,000001,13:51:18,11.5000,1168,2
2026-01-08,000001,13:51:21,11.5100,568,1
2026-01-08,000001,13:51:24,11.5100,156,1
2026-01-08,000001,13:51:27,11.5000,1870,2
2026-01-08,000001,13:51:30,11.5100,80,1
2026-01-08,000001,13:51:33,11.5100,131,1
2026-01-08,000001,13:51:36,11.5000,105,2
2026-01-08,000001,13:51:39,11.5000,66,2
2026-01-08,000001,13:51:42,11.5100,1,1
2026-01-08,000001,13:51:45,11.5100,65,1
2026-01-08,000001,13:51:48,11.5000,647,2
2026-01-08,000001,13:51:51,11.4900,28666,2
2026-01-08,000001,13:51:54,11.4900,3283,2
2026-01-08,000001,13:51:57,11.4900,250,2
2026-01-08,000001,13:52:00,11.5000,134,1
2026-01-08,000001,13:52:03,11.4900,944,2
2026-01-08,000001,13:52:06,11.5000,127,1
2026-01-08,000001,13:52:09,11.4900,78,2
2026-01-08,000001,13:52:12,11.4900,73,2
2026-01-08,000001,13:52:15,11.5000,33,1
2026-01-08,000001,13:52:21,11.4900,124,2
2026-01-08,000001,13:52:24,11.5000,1043,1
2026-01-08,000001,13:52:27,11.5000,28,1
2026-01-08,000001,13:52:30,11.5000,104,1
2026-01-08,000001,13:52:33,11.4900,552,2
2026-01-08,000001,13:52:36,11.4900,120,2
2026-01-08,000001,13:52:39,11.4900,77,2
2026-01-08,000001,13:52:42,11.5000,68,1
2026-01-08,000001,13:52:48,11.5000,15,1
2026-01-08,000001,13:52:51,11.5000,551,1
2026-01-08,000001,13:52:54,11.5000,94,1
2026-01-08,000001,13:52:57,11.5000,30,1
2026-01-08,000001,13:53:00,11.5000,213,1
2026-01-08,000001,13:53:03,11.5000,114,1
2026-01-08,000001,13:53:06,11.4900,126,2
2026-01-08,000001,13:53:09,11.4900,334,2
2026-01-08,000001,13:53:12,11.5000,142,1
2026-01-08,000001,13:53:15,11.4900,591,2
2026-01-08,000001,13:53:18,11.4900,267,2
2026-01-08,000001,13:53:21,11.5000,217,1
2026-01-08,000001,13:53:24,11.4900,636,2
2026-01-08,000001,13:53:27,11.5000,99,1
2026-01-08,000001,13:53:30,11.5000,139,1
2026-01-08,000001,13:53:33,11.5000,61,1
2026-01-08,000001,13:53:36,11.5000,114,1
2026-01-08,000001,13:53:39,11.5000,4436,1
2026-01-08,000001,13:53:42,11.5000,44,2
2026-01-08,000001,13:53:45,11.5100,354,1
2026-01-08,000001,13:53:48,11.5100,27,1
2026-01-08,000001,13:53:51,11.5000,232,2
2026-01-08,000001,13:53:54,11.5000,142,2
2026-01-08,000001,13:53:57,11.5000,300,1
2026-01-08,000001,13:54:00,11.5000,50,1
2026-01-08,000001,13:54:03,11.5000,258,2
2026-01-08,000001,13:54:06,11.5000,217,1
2026-01-08,000001,13:54:09,11.4900,127,2
2026-01-08,000001,13:54:12,11.5000,536,1
2026-01-08,000001,13:54:15,11.5000,264,1
2026-01-08,000001,13:54:18,11.5000,301,1
2026-01-08,000001,13:54:21,11.5000,11,1
2026-01-08,000001,13:54:24,11.5000,377,2
2026-01-08,000001,13:54:27,11.5000,214,1
2026-01-08,000001,13:54:30,11.5000,150,1
2026-01-08,000001,13:54:33,11.5000,73,1
2026-01-08,000001,13:54:36,11.5100,152,1
2026-01-08,000001,13:54:39,11.5000,441,2
2026-01-08,000001,13:54:42,11.4900,233,2
2026-01-08,000001,13:54:45,11.5000,13,2
2026-01-08,000001,13:54:48,11.5100,57,1
2026-01-08,000001,13:54:51,11.5100,1,1
2026-01-08,000001,13:54:54,11.5100,22,1
2026-01-08,000001,13:54:57,11.5000,1,2
2026-01-08,000001,13:55:00,11.5000,1509,2
2026-01-08,000001,13:55:03,11.5000,2272,1
2026-01-08,000001,13:55:06,11.5100,236,1
2026-01-08,000001,13:55:09,11.5000,65,2
2026-01-08,000001,13:55:12,11.5100,37,1
2026-01-08,000001,13:55:18,11.5100,896,1
2026-01-08,000001,13:55:21,11.5100,111,1
2026-01-08,000001,13:55:24,11.5100,6,1
2026-01-08,000001,13:55:30,11.5000,49,2
2026-01-08,000001,13:55:33,11.5100,21,1
2026-01-08,000001,13:55:36,11.5100,16,1
2026-01-08,000001,13:55:39,11.5000,1197,2
2026-01-08,000001,13:55:42,11.5100,366,1
2026-01-08,000001,13:55:45,11.5100,266,1
2026-01-08,000001,13:55:48,11.5100,243,1
2026-01-08,000001,13:55:51,11.5100,445,1
2026-01-08,000001,13:55:54,11.5100,103,1
2026-01-08,000001,13:55:57,11.5100,144,1
2026-01-08,000001,13:56:00,11.5200,416,1
2026-01-08,000001,13:56:03,11.5100,151,2
2026-01-08,000001,13:56:06,11.5100,150,2
2026-01-08,000001,13:56:09,11.5000,147,2
2026-01-08,000001,13:56:12,11.5100,59,4
2026-01-08,000001,13:56:15,11.5100,139,2
2026-01-08,000001,13:56:18,11.5100,99,4
2026-01-08,000001,13:56:21,11.5100,61,4
2026-01-08,000001,13:56:24,11.5200,358,1
2026-01-08,000001,13:56:27,11.5100,80,2
2026-01-08,000001,13:56:30,11.5100,9,2
2026-01-08,000001,13:56:33,11.5200,13,1
2026-01-08,000001,13:56:36,11.5200,22,1
2026-01-08,000001,13:56:39,11.5100,26,2
2026-01-08,000001,13:56:42,11.5100,120,2
2026-01-08,000001,13:56:45,11.5100,29,2
2026-01-08,000001,13:56:48,11.5100,50,2
2026-01-08,000001,13:56:51,11.5200,9,1
2026-01-08,000001,13:56:54,11.5200,2,1
2026-01-08,000001,13:56:57,11.5200,39,1
2026-01-08,000001,13:57:00,11.5200,2,1
2026-01-08,000001,13:57:03,11.5100,37,2
2026-01-08,000001,13:57:06,11.5200,26,1
2026-01-08,000001,13:57:09,11.5100,67,2
2026-01-08,000001,13:57:12,11.5200,51,1
2026-01-08,000001,13:57:15,11.5200,55,1
2026-01-08,000001,13:57:18,11.5200,26,1
2026-01-08,000001,13:57:24,11.5200,23,1
2026-01-08,000001,13:57:27,11.5100,9,2
2026-01-08,000001,13:57:30,11.5200,24,1
2026-01-08,000001,13:57:33,11.5200,2353,1
2026-01-08,000001,13:57:36,11.5200,230,1
2026-01-08,000001,13:57:39,11.5100,92,2
2026-01-08,000001,13:57:42,11.5100,73,2
2026-01-08,000001,13:57:45,11.5100,13,1
2026-01-08,000001,13:57:48,11.5100,51,1
2026-01-08,000001,13:57:51,11.5100,63,1
2026-01-08,000001,13:57:54,11.5100,62,1
2026-01-08,000001,13:57:57,11.5100,16,1
2026-01-08,000001,13:58:00,11.5100,8,1
2026-01-08,000001,13:58:03,11.5100,29,1
2026-01-08,000001,13:58:06,11.5100,182,1
2026-01-08,000001,13:58:09,11.5100,9,1
2026-01-08,000001,13:58:12,11.5100,292,1
2026-01-08,000001,13:58:15,11.5100,74,1
2026-01-08,000001,13:58:18,11.5000,522,2
2026-01-08,000001,13:58:21,11.5000,30,2
2026-01-08,000001,13:58:24,11.5100,22,1
2026-01-08,000001,13:58:27,11.5000,12,2
2026-01-08,000001,13:58:30,11.5100,105,1
2026-01-08,000001,13:58:33,11.5100,65,1
2026-01-08,000001,13:58:36,11.5000,170,2
2026-01-08,000001,13:58:39,11.5100,610,1
2026-01-08,000001,13:58:42,11.5000,115,2
2026-01-08,000001,13:58:45,11.5000,11,2
2026-01-08,000001,13:58:48,11.5100,23,1
2026-01-08,000001,13:58:51,11.5100,15,1
2026-01-08,000001,13:58:54,11.5100,80,1
2026-01-08,000001,13:58:57,11.5100,70,1
2026-01-08,000001,13:59:00,11.5000,32,2
2026-01-08,000001,13:59:03,11.5100,11,1
2026-01-08,000001,13:59:06,11.5100,28,1
2026-01-08,000001,13:59:09,11.5000,33,2
2026-01-08,000001,13:59:12,11.5000,49,2
2026-01-08,000001,13:59:15,11.5000,145,2
2026-01-08,000001,13:59:18,11.5000,143,2
2026-01-08,000001,13:59:21,11.5000,57,2
2026-01-08,000001,13:59:24,11.5100,28,1
2026-01-08,000001,13:59:27,11.5000,52,2
2026-01-08,000001,13:59:30,11.5100,17,1
2026-01-08,000001,13:59:33,11.5000,111,2
2026-01-08,000001,13:59:36,11.5000,55,2
2026-01-08,000001,13:59:39,11.5000,130,2
2026-01-08,000001,13:59:42,11.5100,67,1
2026-01-08,000001,13:59:45,11.5000,6,2
2026-01-08,000001,13:59:48,11.5000,145,2
2026-01-08,000001,13:59:51,11.5000,22,2
2026-01-08,000001,13:59:54,11.5100,9,1
2026-01-08,000001,13:59:57,11.5100,203,1
2026-01-08,000001,14:00:00,11.5000,2759,2
2026-01-08,000001,14:00:03,11.5100,289,1
2026-01-08,000001,14:00:06,11.5100,58,1
2026-01-08,000001,14:00:09,11.5100,79,1
2026-01-08,000001,14:00:12,11.5100,86,1
2026-01-08,000001,14:00:15,11.5000,39,2
2026-01-08,000001,14:00:18,11.5000,7,2
2026-01-08,000001,14:00:21,11.5000,57,2
2026-01-08,000001,14:00:24,11.5000,35,2
2026-01-08,000001,14:00:27,11.5100,41,1
2026-01-08,000001,14:00:30,11.5100,3364,1
2026-01-08,000001,14:00:33,11.5100,458,2
2026-01-08,000001,14:00:36,11.5100,151,2
2026-01-08,000001,14:00:39,11.5100,869,2
2026-01-08,000001,14:00:42,11.5100,149,2
2026-01-08,000001,14:00:45,11.5200,445,1
2026-01-08,000001,14:00:48,11.5200,56,1
2026-01-08,000001,14:00:51,11.5100,56,2
2026-01-08,000001,14:00:54,11.5200,46,1
2026-01-08,000001,14:00:57,11.5200,22,1
2026-01-08,000001,14:01:00,11.5200,497,1
2026-01-08,000001,14:01:03,11.5200,90,1
2026-01-08,000001,14:01:06,11.5100,140,2
2026-01-08,000001,14:01:09,11.5100,661,2
2026-01-08,000001,14:01:12,11.5100,147,2
2026-01-08,000001,14:01:15,11.5200,97,1
2026-01-08,000001,14:01:18,11.5200,19,1
2026-01-08,000001,14:01:21,11.5200,27,1
2026-01-08,000001,14:01:24,11.5200,16,1
2026-01-08,000001,14:01:27,11.5200,15,1
2026-01-08,000001,14:01:30,11.5200,1,1
2026-01-08,000001,14:01:33,11.5100,64,2
2026-01-08,000001,14:01:36,11.5200,16,1
2026-01-08,000001,14:01:39,11.5200,15,1
2026-01-08,000001,14:01:42,11.5100,75,2
2026-01-08,000001,14:01:45,11.5200,70,1
2026-01-08,000001,14:01:48,11.5200,38,1
2026-01-08,000001,14:01:51,11.5200,48,1
2026-01-08,000001,14:01:54,11.5200,99,1
2026-01-08,000001,14:01:57,11.5100,15,2
2026-01-08,000001,14:02:00,11.5100,208,2
2026-01-08,000001,14:02:03,11.5200,42,1
2026-01-08,000001,14:02:06,11.5200,18,1
2026-01-08,000001,14:02:09,11.5200,34,1
2026-01-08,000001,14:02:12,11.5200,71,1
2026-01-08,000001,14:02:15,11.5100,6,2
2026-01-08,000001,14:02:18,11.5200,11,1
2026-01-08,000001,14:02:21,11.5200,8,1
2026-01-08,000001,14:02:24,11.5200,58,1
2026-01-08,000001,14:02:27,11.5100,9,2
2026-01-08,000001,14:02:30,11.5200,11,1
2026-01-08,000001,14:02:33,11.5100,162,2
2026-01-08,000001,14:02:36,11.5100,52,2
2026-01-08,000001,14:02:39,11.5100,158,2
2026-01-08,000001,14:02:42,11.5100,82,2
2026-01-08,000001,14:02:45,11.5100,101,2
2026-01-08,000001,14:02:48,11.5200,21,1
2026-01-08,000001,14:02:51,11.5200,158,1
2026-01-08,000001,14:02:54,11.5200,120,1
2026-01-08,000001,14:02:57,11.5200,36,1
2026-01-08,000001,14:03:00,11.5200,2,1
2026-01-08,000001,14:03:03,11.5100,74,2
2026-01-08,000001,14:03:06,11.5200,25,1
2026-01-08,000001,14:03:09,11.5100,3,2
2026-01-08,000001,14:03:12,11.5200,72,1
2026-01-08,000001,14:03:15,11.5100,40,2
2026-01-08,000001,14:03:18,11.5100,17,2
2026-01-08,000001,14:03:21,11.5100,5,2
2026-01-08,000001,14:03:24,11.5100,40,2
2026-01-08,000001,14:03:27,11.5100,2,2
2026-01-08,000001,14:03:30,11.5200,33,1
2026-01-08,000001,14:03:33,11.5100,12,2
2026-01-08,000001,14:03:36,11.5200,62,1
2026-01-08,000001,14:03:39,11.5100,8,2
2026-01-08,000001,14:03:42,11.5200,96,1
2026-01-08,000001,14:03:45,11.5100,40,2
2026-01-08,000001,14:03:48,11.5200,3,1
2026-01-08,000001,14:03:51,11.5100,53,2
2026-01-08,000001,14:03:54,11.5100,209,2
2026-01-08,000001,14:03:57,11.5100,20,2
2026-01-08,000001,14:04:00,11.5200,20,1
2026-01-08,000001,14:04:03,11.5100,5,2
2026-01-08,000001,14:04:06,11.5200,74,1
2026-01-08,000001,14:04:09,11.5100,14,2
2026-01-08,000001,14:04:12,11.5200,73,1
2026-01-08,000001,14:04:15,11.5100,217,2
2026-01-08,000001,14:04:18,11.5200,58,1
2026-01-08,000001,14:04:21,11.5100,4461,2
2026-01-08,000001,14:04:24,11.5100,592,2
2026-01-08,000001,14:04:27,11.5100,88,2
2026-01-08,000001,14:04:30,11.5100,504,2
2026-01-08,000001,14:04:33,11.5100,1045,2
2026-01-08,000001,14:04:36,11.5100,203,4
2026-01-08,000001,14:04:39,11.5100,242,1
2026-01-08,000001,14:04:42,11.5100,112,1
2026-01-08,000001,14:04:45,11.5000,10,2
2026-01-08,000001,14:04:48,11.5100,206,1
2026-01-08,000001,14:04:51,11.5100,72,1
2026-01-08,000001,14:04:54,11.5000,15,2
2026-01-08,000001,14:04:57,11.5100,21,1
2026-01-08,000001,14:05:00,11.5100,28,1
2026-01-08,000001,14:05:03,11.5000,72,2
2026-01-08,000001,14:05:06,11.5000,7,2
2026-01-08,000001,14:05:09,11.5100,6,1
2026-01-08,000001,14:05:12,11.5100,81,1
2026-01-08,000001,14:05:15,11.5000,73,2
2026-01-08,000001,14:05:18,11.5100,22,1
2026-01-08,000001,14:05:21,11.5100,24,1
2026-01-08,000001,14:05:24,11.5100,29,1
2026-01-08,000001,14:05:27,11.5000,7,2
2026-01-08,000001,14:05:30,11.5100,28,1
2026-01-08,000001,14:05:33,11.5100,8,1
2026-01-08,000001,14:05:42,11.5100,1432,1
2026-01-08,000001,14:05:45,11.5000,329,2
2026-01-08,000001,14:05:48,11.5000,34,2
2026-01-08,000001,14:05:51,11.5000,25,2
2026-01-08,000001,14:05:54,11.5000,43,2
2026-01-08,000001,14:05:57,11.5000,54,2
2026-01-08,000001,14:06:00,11.5000,18,2
2026-01-08,000001,14:06:03,11.5100,8,1
2026-01-08,000001,14:06:09,11.5100,16,1
2026-01-08,000001,14:06:12,11.5100,226,1
2026-01-08,000001,14:06:15,11.5000,53,2
2026-01-08,000001,10:48:54,11.5500,73,1
2026-01-08,000001,10:48:57,11.5500,3,1
2026-01-08,000001,10:49:00,11.5400,46,2
2026-01-08,000001,10:49:03,11.5500,609,1
2026-01-08,000001,10:49:06,11.5400,151,2
2026-01-08,000001,10:49:09,11.5500,55,1
2026-01-08,000001,10:49:12,11.5400,29,2
2026-01-08,000001,10:49:15,11.5400,23,2
2026-01-08,000001,10:49:18,11.5500,194,1
2026-01-08,000001,10:49:21,11.5500,51,1
2026-01-08,000001,10:49:24,11.5500,25,1
2026-01-08,000001,10:49:27,11.5500,44,1
2026-01-08,000001,10:49:30,11.5400,94,2
2026-01-08,000001,10:49:33,11.5500,2,1
2026-01-08,000001,10:49:36,11.5400,76,2
2026-01-08,000001,10:49:42,11.5500,38,1
2026-01-08,000001,10:49:45,11.5500,88,1
2026-01-08,000001,10:49:48,11.5500,127,1
2026-01-08,000001,10:49:51,11.5400,589,2
2026-01-08,000001,10:49:54,11.5500,10,1
2026-01-08,000001,10:49:57,11.5400,65,2
2026-01-08,000001,10:50:00,11.5500,13,1
2026-01-08,000001,10:50:03,11.5400,104,2
2026-01-08,000001,10:50:06,11.5400,94,2
2026-01-08,000001,10:50:09,11.5500,220,1
2026-01-08,000001,10:50:12,11.5500,79,1
2026-01-08,000001,10:50:15,11.5400,10,2
2026-01-08,000001,10:50:18,11.5400,28,2
2026-01-08,000001,10:50:21,11.5500,16,1
2026-01-08,000001,10:50:24,11.5400,41,2
2026-01-08,000001,10:50:27,11.5500,5,1
2026-01-08,000001,10:50:30,11.5400,3610,2
2026-01-08,000001,10:50:33,11.5400,643,2
2026-01-08,000001,10:50:36,11.5400,160,2
2026-01-08,000001,10:50:39,11.5400,2,2
2026-01-08,000001,10:50:42,11.5500,14,1
2026-01-08,000001,10:50:45,11.5500,550,1
2026-01-08,000001,10:50:48,11.5400,65,2
2026-01-08,000001,10:50:51,11.5500,167,1
2026-01-08,000001,10:50:57,11.5400,142,2
2026-01-08,000001,10:51:00,11.5400,34,2
2026-01-08,000001,10:51:03,11.5500,51,1
2026-01-08,000001,10:51:06,11.5400,157,2
2026-01-08,000001,10:51:12,11.5400,12,2
2026-01-08,000001,10:51:15,11.5400,2435,2
2026-01-08,000001,10:51:18,11.5400,243,2
2026-01-08,000001,10:51:21,11.5500,4,1
2026-01-08,000001,10:51:24,11.5500,5,1
2026-01-08,000001,10:51:27,11.5500,33,1
2026-01-08,000001,10:51:30,11.5400,22,2
2026-01-08,000001,10:51:33,11.5400,27,2
2026-01-08,000001,10:51:36,11.5400,61,2
2026-01-08,000001,10:51:39,11.5400,3,2
2026-01-08,000001,10:51:48,11.5400,84,2
2026-01-08,000001,10:51:51,11.5400,35,2
2026-01-08,000001,10:51:54,11.5400,896,2
2026-01-08,000001,10:51:57,11.5400,132,2
2026-01-08,000001,10:52:00,11.5400,19,2
2026-01-08,000001,10:52:03,11.5400,8,2
2026-01-08,000001,10:52:06,11.5400,86,2
2026-01-08,000001,10:52:09,11.5400,32,2
2026-01-08,000001,10:52:12,11.5400,36,2
2026-01-08,000001,10:52:15,11.5400,10,2
2026-01-08,000001,10:52:18,11.5400,28,2
2026-01-08,000001,10:52:21,11.5400,29,2
2026-01-08,000001,10:52:24,11.5400,17,2
2026-01-08,000001,10:52:30,11.5500,22,1
2026-01-08,000001,10:52:33,11.5400,2,2
2026-01-08,000001,10:52:36,11.5500,74,1
2026-01-08,000001,10:52:39,11.5500,7,1
2026-01-08,000001,10:52:42,11.5500,78,1
2026-01-08,000001,10:52:45,11.5400,112,2
2026-01-08,000001,10:52:48,11.5500,12,1
2026-01-08,000001,10:52:51,11.5400,84,2
2026-01-08,000001,10:52:54,11.5500,5,1
2026-01-08,000001,10:53:03,11.5500,61,1
2026-01-08,000001,10:53:06,11.5400,88,2
2026-01-08,000001,10:53:12,11.5400,48,2
2026-01-08,000001,10:53:15,11.5400,51,2
2026-01-08,000001,10:53:18,11.5500,3,1
2026-01-08,000001,10:53:21,11.5400,33,2
2026-01-08,000001,10:53:24,11.5400,754,2
2026-01-08,000001,10:53:27,11.5400,2084,2
2026-01-08,000001,10:53:30,11.5400,290,1
2026-01-08,000001,10:53:33,11.5300,72,2
2026-01-08,000001,10:53:36,11.5300,209,2
2026-01-08,000001,10:53:39,11.5400,101,1
2026-01-08,000001,10:53:42,11.5400,65,1
2026-01-08,000001,10:53:45,11.5400,280,1
2026-01-08,000001,10:53:48,11.5400,50,1
2026-01-08,000001,10:53:51,11.5400,108,1
2026-01-08,000001,10:53:54,11.5400,106,1
2026-01-08,000001,10:53:57,11.5300,97,2
2026-01-08,000001,10:54:03,11.5300,331,2
2026-01-08,000001,10:54:06,11.5300,99,2
2026-01-08,000001,10:54:12,11.5400,49,1
2026-01-08,000001,10:54:15,11.5400,6,1
2026-01-08,000001,10:54:18,11.5400,100,1
2026-01-08,000001,10:54:21,11.5300,23,2
2026-01-08,000001,10:54:24,11.5400,100,1
2026-01-08,000001,10:54:27,11.5400,203,1
2026-01-08,000001,10:54:30,11.5400,34,1
2026-01-08,000001,10:54:33,11.5400,1,1
2026-01-08,000001,10:54:36,11.5300,311,2
2026-01-08,000001,10:54:39,11.5400,208,1
2026-01-08,000001,10:54:42,11.5400,6,1
2026-01-08,000001,10:54:45,11.5400,1213,1
2026-01-08,000001,10:54:48,11.5400,1082,2
2026-01-08,000001,10:54:51,11.5300,942,2
2026-01-08,000001,10:54:54,11.5400,109,1
2026-01-08,000001,10:54:57,11.5400,36,1
2026-01-08,000001,10:55:00,11.5400,57,1
2026-01-08,000001,10:55:03,11.5300,1328,2
2026-01-08,000001,10:55:06,11.5400,139,1
2026-01-08,000001,10:55:09,11.5300,262,2
2026-01-08,000001,10:55:12,11.5300,83,2
2026-01-08,000001,10:55:15,11.5500,1232,1
2026-01-08,000001,10:55:18,11.5400,218,2
2026-01-08,000001,10:55:21,11.5400,173,2
2026-01-08,000001,10:55:24,11.5400,105,2
2026-01-08,000001,10:55:27,11.5400,175,2
2026-01-08,000001,10:55:30,11.5400,104,2
2026-01-08,000001,10:55:33,11.5500,961,1
2026-01-08,000001,10:55:36,11.5400,147,2
2026-01-08,000001,10:55:39,11.5400,9,2
2026-01-08,000001,10:55:42,11.5400,25,2
2026-01-08,000001,10:55:48,11.5400,278,2
2026-01-08,000001,10:55:51,11.5400,101,1
2026-01-08,000001,10:55:54,11.5400,252,1
2026-01-08,000001,10:55:57,11.5400,134,1
2026-01-08,000001,10:56:00,11.5400,1,2
2026-01-08,000001,10:56:03,11.5500,8,1
2026-01-08,000001,10:56:06,11.5400,105,2
2026-01-08,000001,10:56:09,11.5400,1,2
2026-01-08,000001,10:56:12,11.5400,22,2
2026-01-08,000001,10:56:15,11.5400,6,2
2026-01-08,000001,10:56:18,11.5500,2,1
2026-01-08,000001,10:56:21,11.5500,17,1
2026-01-08,000001,10:56:24,11.5400,32,2
2026-01-08,000001,10:56:27,11.5400,50,2
2026-01-08,000001,10:56:30,11.5400,48,2
2026-01-08,000001,10:56:33,11.5400,80,2
2026-01-08,000001,10:56:36,11.5500,71,1
2026-01-08,000001,10:56:39,11.5400,26,2
2026-01-08,000001,10:56:42,11.5400,1,2
2026-01-08,000001,10:56:45,11.5500,1820,1
2026-01-08,000001,10:56:48,11.5500,204,2
2026-01-08,000001,10:56:51,11.5500,90,2
2026-01-08,000001,10:56:54,11.5500,1,2
2026-01-08,000001,10:56:57,11.5500,2,2
2026-01-08,000001,10:57:00,11.5600,18,1
2026-01-08,000001,10:57:03,11.5500,42,2
2026-01-08,000001,10:57:06,11.5500,101,2
2026-01-08,000001,10:57:09,11.5500,39,2
2026-01-08,000001,10:57:12,11.5500,10,2
2026-01-08,000001,10:57:15,11.5500,2,2
2026-01-08,000001,10:57:18,11.5500,189,2
2026-01-08,000001,10:57:21,11.5400,35,2
2026-01-08,000001,10:57:24,11.5500,13,1
2026-01-08,000001,10:57:30,11.5400,1,2
2026-01-08,000001,10:57:33,11.5400,12,2
2026-01-08,000001,10:57:36,11.5400,159,2
2026-01-08,000001,10:57:39,11.5400,1,2
2026-01-08,000001,10:57:42,11.5400,25,2
2026-01-08,000001,10:57:45,11.5400,11,2
2026-01-08,000001,10:57:54,11.5500,14,1
2026-01-08,000001,10:57:57,11.5400,1,2
2026-01-08,000001,10:58:00,11.5400,24,2
2026-01-08,000001,10:58:03,11.5500,23,1
2026-01-08,000001,10:58:06,11.5400,84,2
2026-01-08,000001,10:58:09,11.5400,38,2
2026-01-08,000001,10:58:12,11.5400,1,2
2026-01-08,000001,10:58:15,11.5400,2,2
2026-01-08,000001,10:58:18,11.5400,153,2
2026-01-08,000001,10:58:21,11.5400,1,2
2026-01-08,000001,10:58:24,11.5400,1,2
2026-01-08,000001,10:58:33,11.5500,47,1
2026-01-08,000001,10:58:36,11.5400,103,2
2026-01-08,000001,10:58:39,11.5400,150,2
2026-01-08,000001,10:58:42,11.5400,34,2
2026-01-08,000001,10:58:45,11.5400,14,2
2026-01-08,000001,10:58:48,11.5500,5,1
2026-01-08,000001,10:58:51,11.5400,28,2
2026-01-08,000001,10:58:54,11.5400,35,2
2026-01-08,000001,10:58:57,11.5500,3,1
2026-01-08,000001,10:59:00,11.5400,6,2
2026-01-08,000001,10:59:03,11.5400,132,2
2026-01-08,000001,10:59:06,11.5400,101,2
2026-01-08,000001,10:59:09,11.5400,13,2
2026-01-08,000001,10:59:12,11.5500,23,1
2026-01-08,000001,10:59:15,11.5400,14,2
2026-01-08,000001,10:59:18,11.5500,15,1
2026-01-08,000001,10:59:21,11.5500,11,1
2026-01-08,000001,10:59:24,11.5500,705,1
2026-01-08,000001,10:59:27,11.5500,92,1
2026-01-08,000001,10:59:30,11.5400,30,2
2026-01-08,000001,10:59:33,11.5400,2,2
2026-01-08,000001,10:59:36,11.5400,63,2
2026-01-08,000001,10:59:39,11.5500,2,1
2026-01-08,000001,10:59:42,11.5400,38,2
2026-01-08,000001,10:59:48,11.5500,49,1
2026-01-08,000001,10:59:51,11.5500,166,1
2026-01-08,000001,10:59:54,11.5400,49,2
2026-01-08,000001,10:59:57,11.5500,10,1
2026-01-08,000001,11:00:00,11.5500,151,1
2026-01-08,000001,11:00:03,11.5400,4,2
2026-01-08,000001,11:00:06,11.5400,82,2
2026-01-08,000001,11:00:09,11.5400,16,2
2026-01-08,000001,11:00:12,11.5400,123,2
2026-01-08,000001,11:00:15,11.5500,540,1
2026-01-08,000001,11:00:18,11.5500,166,1
2026-01-08,000001,11:00:24,11.5400,91,2
2026-01-08,000001,11:00:27,11.5500,13,1
2026-01-08,000001,11:00:30,11.5400,1,2
2026-01-08,000001,11:00:33,11.5400,19,2
2026-01-08,000001,11:00:36,11.5400,63,2
2026-01-08,000001,11:00:39,11.5500,213,1
2026-01-08,000001,11:00:42,11.5400,1,2
2026-01-08,000001,11:00:45,11.5400,14,2
2026-01-08,000001,11:00:48,11.5400,1,2
2026-01-08,000001,11:00:51,11.5400,177,2
2026-01-08,000001,11:00:54,11.5400,47,2
2026-01-08,000001,11:00:57,11.5500,23,1
2026-01-08,000001,11:01:00,11.5400,31,2
2026-01-08,000001,11:01:03,11.5400,8,2
2026-01-08,000001,11:01:06,11.5400,97,2
2026-01-08,000001,11:01:12,11.5400,56,2
2026-01-08,000001,11:01:15,11.5400,808,2
2026-01-08,000001,11:01:18,11.5400,226,2
2026-01-08,000001,11:01:21,11.5400,81,2
2026-01-08,000001,11:01:24,11.5400,83,2
2026-01-08,000001,11:01:27,11.5500,93,1
2026-01-08,000001,11:01:30,11.5500,36,1
2026-01-08,000001,11:01:33,11.5400,126,2
2026-01-08,000001,11:01:36,11.5400,91,2
2026-01-08,000001,11:01:39,11.5400,14,2
2026-01-08,000001,11:01:42,11.5400,4,2
2026-01-08,000001,11:01:45,11.5400,63,2
2026-01-08,000001,11:01:48,11.5400,55,2
2026-01-08,000001,11:01:51,11.5500,23,1
2026-01-08,000001,11:01:54,11.5400,1,2
2026-01-08,000001,11:01:57,11.5400,1,2
2026-01-08,000001,11:02:00,11.5400,4,2
2026-01-08,000001,11:02:03,11.5500,22,1
2026-01-08,000001,11:02:06,11.5400,68,2
2026-01-08,000001,11:02:09,11.5400,34,2
2026-01-08,000001,11:02:15,11.5400,1,2
2026-01-08,000001,11:02:18,11.5400,11,2
2026-01-08,000001,11:02:21,11.5500,27,1
2026-01-08,000001,11:02:24,11.5400,1,2
2026-01-08,000001,11:02:27,11.5400,63,2
2026-01-08,000001,11:02:30,11.5400,68,2
2026-01-08,000001,11:02:33,11.5400,34,2
2026-01-08,000001,11:02:36,11.5400,190,2
2026-01-08,000001,11:02:39,11.5400,5,2
2026-01-08,000001,11:02:42,11.5400,35,2
2026-01-08,000001,11:02:45,11.5400,157,2
2026-01-08,000001,11:02:48,11.5400,38,2
2026-01-08,000001,11:02:51,11.5400,252,2
2026-01-08,000001,11:02:54,11.5400,131,2
2026-01-08,000001,11:02:57,11.5400,93,2
2026-01-08,000001,11:03:00,11.5400,2,2
2026-01-08,000001,11:03:03,11.5400,1,2
2026-01-08,000001,11:03:06,11.5500,75,1
2026-01-08,000001,11:03:09,11.5400,4,2
2026-01-08,000001,11:03:12,11.5400,17,2
2026-01-08,000001,11:03:15,11.5400,140,2
2026-01-08,000001,11:03:18,11.5400,778,2
2026-01-08,000001,11:03:21,11.5400,1831,2
2026-01-08,000001,11:03:24,11.5400,2604,2
2026-01-08,000001,11:03:27,11.5400,1017,2
2026-01-08,000001,11:03:30,11.5400,247,2
2026-01-08,000001,11:03:33,11.5400,79,2
2026-01-08,000001,11:03:36,11.5400,459,2
2026-01-08,000001,11:03:39,11.5400,607,2
2026-01-08,000001,11:03:42,11.5400,297,1
2026-01-08,000001,11:03:45,11.5300,139,2
2026-01-08,000001,11:03:48,11.5300,32,2
2026-01-08,000001,11:03:51,11.5300,128,2
2026-01-08,000001,11:03:54,11.5300,34,2
2026-01-08,000001,11:03:57,11.5300,7,2
2026-01-08,000001,11:04:00,11.5300,137,2
2026-01-08,000001,11:04:03,11.5400,249,1
2026-01-08,000001,11:04:06,11.5300,90,2
2026-01-08,000001,11:04:09,11.5400,78,1
2026-01-08,000001,11:04:12,11.5300,48,2
2026-01-08,000001,11:04:15,11.5300,24,2
2026-01-08,000001,11:04:18,11.5400,50,1
2026-01-08,000001,11:04:21,11.5400,100,1
2026-01-08,000001,11:04:24,11.5400,35,1
2026-01-08,000001,11:04:27,11.5400,93,1
2026-01-08,000001,11:04:30,11.5400,80,1
2026-01-08,000001,11:04:36,11.5300,91,2
2026-01-08,000001,11:04:39,11.5300,22,2
2026-01-08,000001,11:04:42,11.5400,40,1
2026-01-08,000001,11:04:45,11.5300,20849,2
2026-01-08,000001,11:04:48,11.5300,1219,2
2026-01-08,000001,11:04:51,11.5300,113,2
2026-01-08,000001,11:04:54,11.5300,2431,2
2026-01-08,000001,11:04:57,11.5300,112,2
2026-01-08,000001,11:05:00,11.5400,460,1
2026-01-08,000001,11:05:03,11.5300,157,2
2026-01-08,000001,11:05:06,11.5400,101,1
2026-01-08,000001,11:05:09,11.5300,145,2
2026-01-08,000001,11:05:12,11.5300,39,2
2026-01-08,000001,11:05:15,11.5300,34,2
2026-01-08,000001,11:05:18,11.5300,294,2
2026-01-08,000001,11:05:21,11.5300,41,2
2026-01-08,000001,11:05:24,11.5300,31,2
2026-01-08,000001,11:05:27,11.5300,51,2
2026-01-08,000001,11:05:30,11.5300,145,2
2026-01-08,000001,11:05:33,11.5400,161,1
2026-01-08,000001,11:05:36,11.5300,79,2
2026-01-08,000001,11:05:39,11.5400,11,1
2026-01-08,000001,11:05:42,11.5300,101,2
2026-01-08,000001,11:05:45,11.5400,11,1
2026-01-08,000001,11:05:48,11.5300,1,2
2026-01-08,000001,11:05:51,11.5300,1,2
2026-01-08,000001,11:05:54,11.5300,33,2
2026-01-08,000001,11:06:00,11.5300,141,2
2026-01-08,000001,11:06:03,11.5300,15,2
2026-01-08,000001,11:06:06,11.5300,59,2
2026-01-08,000001,11:06:09,11.5300,4,2
2026-01-08,000001,11:06:12,11.5300,85,2
2026-01-08,000001,11:06:15,11.5300,6,2
2026-01-08,000001,11:06:18,11.5300,23,2
2026-01-08,000001,11:06:21,11.5300,20,2
2026-01-08,000001,11:06:24,11.5400,6,1
2026-01-08,000001,11:06:27,11.5300,8,2
2026-01-08,000001,11:06:30,11.5400,2,1
2026-01-08,000001,11:06:33,11.5400,264,1
2026-01-08,000001,11:06:36,11.5300,277,2
2026-01-08,000001,11:06:39,11.5300,44,2
2026-01-08,000001,11:06:42,11.5400,38,1
2026-01-08,000001,11:06:48,11.5400,78,1
2026-01-08,000001,11:06:51,11.5300,1,2
2026-01-08,000001,11:06:57,11.5300,156,2
2026-01-08,000001,11:07:03,11.5300,41,2
2026-01-08,000001,11:07:06,11.5300,241,2
2026-01-08,000001,11:07:09,11.5300,11,2
2026-01-08,000001,11:07:12,11.5300,2,2
2026-01-08,000001,11:07:15,11.5400,36,1
2026-01-08,000001,11:07:18,11.5300,49,2
2026-01-08,000001,11:07:21,11.5400,325,1
2026-01-08,000001,11:07:24,11.5300,112,2
2026-01-08,000001,11:07:27,11.5400,121,1
2026-01-08,000001,11:07:30,11.5400,320,1
2026-01-08,000001,11:07:33,11.5300,184,2
2026-01-08,000001,11:07:36,11.5300,84,2
2026-01-08,000001,11:07:39,11.5300,1,2
2026-01-08,000001,11:07:45,11.5300,143,2
2026-01-08,000001,11:07:48,11.5300,6,2
2026-01-08,000001,11:07:51,11.5400,27,1
2026-01-08,000001,11:07:54,11.5400,327,1
2026-01-08,000001,11:07:57,11.5400,5,1
2026-01-08,000001,11:08:00,11.5400,6,1
2026-01-08,000001,11:08:03,11.5300,89,2
2026-01-08,000001,11:08:06,11.5300,193,2
2026-01-08,000001,11:08:09,11.5300,17,2
2026-01-08,000001,11:08:12,11.5300,16,2
2026-01-08,000001,11:08:15,11.5300,49,2
2026-01-08,000001,11:08:18,11.5400,83,1
2026-01-08,000001,11:08:21,11.5300,4,2
2026-01-08,000001,11:08:27,11.5300,281,2
2026-01-08,000001,11:08:30,11.5400,90,1
2026-01-08,000001,11:08:33,11.5300,107,2
2026-01-08,000001,11:08:36,11.5400,133,1
2026-01-08,000001,11:08:39,11.5300,204,2
2026-01-08,000001,11:08:42,11.5400,22,1
2026-01-08,000001,11:08:45,11.5400,54,1
2026-01-08,000001,11:08:48,11.5300,16,2
2026-01-08,000001,11:09:00,11.5300,21,2
2026-01-08,000001,11:09:03,11.5300,24,2
2026-01-08,000001,11:09:06,11.5300,82,2
2026-01-08,000001,11:09:09,11.5300,10,2
2026-01-08,000001,11:09:12,11.5300,44,2
2026-01-08,000001,11:09:15,11.5300,17,2
2026-01-08,000001,11:09:21,11.5300,129,2
2026-01-08,000001,11:09:24,11.5400,11,1
2026-01-08,000001,11:09:27,11.5300,26,2
2026-01-08,000001,11:09:30,11.5400,11,1
2026-01-08,000001,11:09:33,11.5300,35,2
2026-01-08,000001,11:09:36,11.5300,104,2
2026-01-08,000001,11:09:39,11.5400,33,1
2026-01-08,000001,11:09:42,11.5300,3,2
2026-01-08,000001,11:09:45,11.5400,2,1
2026-01-08,000001,11:09:51,11.5300,2,2
2026-01-08,000001,11:09:54,11.5400,3,1
2026-01-08,000001,11:09:57,11.5400,28,1
2026-01-08,000001,11:10:00,11.5300,27,2
2026-01-08,000001,11:10:03,11.5400,2,1
2026-01-08,000001,11:10:06,11.5400,118,1
2026-01-08,000001,11:10:09,11.5300,28,2
2026-01-08,000001,11:10:12,11.5300,203,2
2026-01-08,000001,11:10:18,11.5300,61,2
2026-01-08,000001,11:10:21,11.5300,214,2
2026-01-08,000001,11:10:24,11.5400,10,1
2026-01-08,000001,11:10:30,11.5300,344,2
2026-01-08,000001,11:10:33,11.5300,28,2
2026-01-08,000001,11:10:36,11.5300,1084,2
2026-01-08,000001,11:10:39,11.5400,1,1
2026-01-08,000001,11:10:42,11.5300,23,2
2026-01-08,000001,11:10:45,11.5300,18,2
2026-01-08,000001,11:10:48,11.5400,5,1
2026-01-08,000001,11:10:54,11.5400,7,1
2026-01-08,000001,11:11:03,11.5300,44,2
2026-01-08,000001,11:11:06,11.5400,406,1
2026-01-08,000001,11:11:09,11.5300,13,2
2026-01-08,000001,11:11:12,11.5400,1,1
2026-01-08,000001,11:11:15,11.5400,20,1
2026-01-08,000001,11:11:18,11.5300,190,2
2026-01-08,000001,11:11:27,11.5300,29,2
2026-01-08,000001,11:11:30,11.5400,2,1
2026-01-08,000001,11:11:33,11.5400,17,1
2026-01-08,000001,11:11:36,11.5300,101,2
2026-01-08,000001,11:11:39,11.5400,40,1
2026-01-08,000001,11:11:51,11.5300,10,2
2026-01-08,000001,11:11:54,11.5400,1,1
2026-01-08,000001,11:11:57,11.5300,37,2
2026-01-08,000001,11:12:00,11.5300,19,2
2026-01-08,000001,11:12:03,11.5300,6,2
2026-01-08,000001,11:12:06,11.5400,129,1
2026-01-08,000001,11:12:09,11.5300,26,2
2026-01-08,000001,11:12:12,11.5400,79,1
2026-01-08,000001,11:12:15,11.5300,454,2
2026-01-08,000001,11:12:18,11.5300,288,2
2026-01-08,000001,11:12:21,11.5400,51,1
2026-01-08,000001,11:12:27,11.5300,25,2
2026-01-08,000001,11:12:30,11.5300,9,2
2026-01-08,000001,11:12:33,11.5400,4,1
2026-01-08,000001,11:12:36,11.5300,118,2
2026-01-08,000001,11:12:39,11.5400,187,1
2026-01-08,000001,11:12:42,11.5400,72,1
2026-01-08,000001,11:12:45,11.5400,14,1
2026-01-08,000001,11:12:48,11.5300,16,2
2026-01-08,000001,11:12:54,11.5400,1,1
2026-01-08,000001,11:12:57,11.5300,19,2
2026-01-08,000001,11:13:03,11.5300,78,2
2026-01-08,000001,11:13:06,11.5300,56,2
2026-01-08,000001,11:13:09,11.5300,39,2
2026-01-08,000001,11:13:12,11.5400,23,1
2026-01-08,000001,11:13:15,11.5300,27,2
2026-01-08,000001,11:13:18,11.5400,160,1
2026-01-08,000001,11:13:21,11.5300,127,2
2026-01-08,000001,11:13:24,11.5300,67,2
2026-01-08,000001,11:13:27,11.5300,3,2
2026-01-08,000001,11:13:30,11.5400,33,1
2026-01-08,000001,11:13:33,11.5300,44,2
2026-01-08,000001,11:13:36,11.5400,298,1
2026-01-08,000001,11:13:39,11.5300,3,2
2026-01-08,000001,11:13:42,11.5400,66,1
2026-01-08,000001,11:13:45,11.5400,49,1
2026-01-08,000001,11:13:48,11.5300,91,2
2026-01-08,000001,11:13:51,11.5400,123,1
2026-01-08,000001,11:13:54,11.5400,120,1
2026-01-08,000001,11:13:57,11.5400,135,1
2026-01-08,000001,11:14:00,11.5400,83,1
2026-01-08,000001,11:14:03,11.5300,84,2
2026-01-08,000001,11:14:06,11.5300,95,2
2026-01-08,000001,11:14:09,11.5300,386,2
2026-01-08,000001,11:14:12,11.5300,28,2
2026-01-08,000001,11:14:15,11.5300,70,2
2026-01-08,000001,11:14:18,11.5300,88,2
2026-01-08,000001,11:14:21,11.5300,12,2
2026-01-08,000001,11:14:24,11.5300,10,2
2026-01-08,000001,11:14:30,11.5300,60,2
2026-01-08,000001,11:14:33,11.5400,22,1
2026-01-08,000001,11:14:36,11.5300,71,2
2026-01-08,000001,11:14:48,11.5300,34,2
2026-01-08,000001,11:14:51,11.5300,22,2
2026-01-08,000001,11:14:54,11.5400,22,1
2026-01-08,000001,11:14:57,11.5300,29,2
2026-01-08,000001,11:15:00,11.5300,210,2
2026-01-08,000001,11:15:03,11.5400,40,1
2026-01-08,000001,11:15:06,11.5400,80,1
2026-01-08,000001,11:15:09,11.5300,33,2
2026-01-08,000001,11:15:12,11.5400,11,1
2026-01-08,000001,11:15:15,11.5400,14,1
2026-01-08,000001,11:15:18,11.5300,76,2
