date,code,time,price,volume,bs
2026-01-05,601318,14:07:07,72.7900,416,2
2026-01-05,601318,14:07:10,72.7800,55,4
2026-01-05,601318,14:07:13,72.7900,206,1
2026-01-05,601318,14:07:16,72.7700,181,2
2026-01-05,601318,14:07:19,72.7700,83,2
2026-01-05,601318,14:07:22,72.7900,137,1
2026-01-05,601318,14:07:25,72.7900,150,1
2026-01-05,601318,14:07:28,72.7800,67,2
2026-01-05,601318,14:07:31,72.7600,90,2
2026-01-05,601318,14:07:34,72.7600,212,2
2026-01-05,601318,14:07:37,72.7700,117,1
2026-01-05,601318,14:07:40,72.7500,73,2
2026-01-05,601318,14:07:43,72.7600,109,1
2026-01-05,601318,14:07:46,72.7300,174,2
2026-01-05,601318,14:07:49,72.7200,170,2
2026-01-05,601318,14:07:52,72.7100,190,2
2026-01-05,601318,14:07:55,72.7300,104,1
2026-01-05,601318,14:07:58,72.7100,66,2
2026-01-05,601318,14:08:01,72.7300,55,1
2026-01-05,601318,14:08:04,72.7500,118,1
2026-01-05,601318,14:08:07,72.7300,29,2
2026-01-05,601318,14:08:10,72.7500,101,1
2026-01-05,601318,14:08:13,72.7600,154,1
2026-01-05,601318,14:08:16,72.7600,115,1
2026-01-05,601318,14:08:19,72.7600,37,1
2026-01-05,601318,14:08:22,72.7700,115,1
2026-01-05,601318,14:08:25,72.7800,79,1
2026-01-05,601318,14:08:28,72.7700,92,1
2026-01-05,601318,14:08:31,72.7700,341,2
2026-01-05,601318,14:08:34,72.7700,85,2
2026-01-05,601318,14:08:37,72.7900,27,1
2026-01-05,601318,14:08:40,72.7600,216,2
2026-01-05,601318,14:08:43,72.7600,615,2
2026-01-05,601318,14:08:46,72.7900,122,1
2026-01-05,601318,14:08:49,72.8000,53,1
2026-01-05,601318,14:08:52,72.8000,162,1
2026-01-05,601318,14:08:55,72.8000,141,2
2026-01-05,601318,14:08:58,72.7800,57,2
2026-01-05,601318,14:09:01,72.8000,101,1
2026-01-05,601318,14:09:04,72.7800,293,2
2026-01-05,601318,14:09:07,72.7800,74,1
2026-01-05,601318,14:09:10,72.7700,54,2
2026-01-05,601318,14:09:13,72.7800,143,1
2026-01-05,601318,14:09:16,72.7500,45,2
2026-01-05,601318,14:09:19,72.7700,83,2
2026-01-05,601318,14:09:22,72.7700,58,2
2026-01-05,601318,14:09:25,72.7800,160,1
2026-01-05,601318,14:09:28,72.8000,114,1
2026-01-05,601318,14:09:31,72.7700,18,2
2026-01-05,601318,14:09:34,72.7800,470,1
2026-01-05,601318,14:09:37,72.7700,47,2
2026-01-05,601318,14:09:40,72.8000,172,1
2026-01-05,601318,14:09:43,72.8000,77,1
2026-01-05,601318,14:09:46,72.7800,23,2
2026-01-05,601318,14:09:49,72.8000,181,1
2026-01-05,601318,14:09:52,72.7700,55,2
2026-01-05,601318,14:09:55,72.7800,126,1
2026-01-05,601318,14:09:58,72.8000,87,1
2026-01-05,601318,14:10:01,72.8000,72,1
2026-01-05,601318,14:10:04,72.8000,133,1
2026-01-05,601318,14:10:07,72.7700,640,2
2026-01-05,601318,14:10:10,72.7800,101,4
2026-01-05,601318,14:10:13,72.7800,140,2
2026-01-05,601318,14:10:16,72.7700,173,2
2026-01-05,601318,14:10:19,72.7600,155,2
2026-01-05,601318,14:10:22,72.7500,131,2
2026-01-05,601318,14:10:25,72.7500,107,4
2026-01-05,601318,14:10:28,72.7600,84,1
2026-01-05,601318,14:10:31,72.7500,123,4
2026-01-05,601318,14:10:34,72.7400,103,2
2026-01-05,601318,14:10:37,72.7300,101,2
2026-01-05,601318,14:10:40,72.7400,58,1
2026-01-05,601318,14:10:43,72.7600,66,1
2026-01-05,601318,14:10:46,72.7400,74,2
2026-01-05,601318,14:10:49,72.7100,279,2
2026-01-05,601318,14:10:52,72.7400,168,1
2026-01-05,601318,14:10:55,72.7400,99,2
2026-01-05,601318,14:10:58,72.7500,75,1
2026-01-05,601318,14:11:01,72.7600,77,1
2026-01-05,601318,14:11:04,72.7600,106,4
2026-01-05,601318,14:11:07,72.7600,43,2
2026-01-05,601318,14:11:10,72.7700,63,1
2026-01-05,601318,14:11:13,72.7700,81,1
2026-01-05,601318,14:11:16,72.7600,63,1
2026-01-05,601318,14:11:19,72.7500,53,2
2026-01-05,601318,14:11:22,72.7600,574,4
2026-01-05,601318,14:11:25,72.7600,146,1
2026-01-05,601318,14:11:28,72.7700,75,1
2026-01-05,601318,14:11:31,72.7900,133,1
2026-01-05,601318,14:11:34,72.7700,137,2
2026-01-05,601318,14:11:37,72.8000,517,1
2026-01-05,601318,14:11:40,72.7600,40,2
2026-01-05,601318,14:11:43,72.7600,230,2
2026-01-05,601318,14:11:46,72.7700,181,4
2026-01-05,601318,14:11:49,72.7700,117,1
2026-01-05,601318,14:11:52,72.7600,123,2
2026-01-05,601318,14:11:55,72.7600,76,1
2026-01-05,601318,14:11:58,72.7600,98,2
2026-01-05,601318,14:12:01,72.7600,86,2
2026-01-05,601318,14:12:04,72.7500,622,2
2026-01-05,601318,14:12:07,72.7200,100,2
2026-01-05,601318,14:12:10,72.7400,106,1
2026-01-05,601318,14:12:13,72.7400,120,1
2026-01-05,601318,14:12:16,72.7500,86,1
2026-01-05,601318,14:12:19,72.7500,36,1
2026-01-05,601318,14:12:22,72.7500,148,1
2026-01-05,601318,14:12:25,72.7500,236,1
2026-01-05,601318,14:12:28,72.7500,123,2
2026-01-05,601318,14:12:31,72.7600,178,1
2026-01-05,601318,14:12:34,72.7600,140,1
2026-01-05,601318,14:12:37,72.7600,212,1
2026-01-05,601318,14:12:40,72.7500,135,2
2026-01-05,601318,14:12:43,72.7500,164,1
2026-01-05,601318,14:12:46,72.7600,90,1
2026-01-05,601318,14:12:49,72.7500,39,4
2026-01-05,601318,14:12:52,72.7500,88,2
2026-01-05,601318,14:12:55,72.7500,51,1
2026-01-05,601318,14:12:58,72.7400,60,2
2026-01-05,601318,14:13:01,72.7400,165,2
2026-01-05,601318,14:13:04,72.7400,85,2
2026-01-05,601318,14:13:07,72.7400,37,2
2026-01-05,601318,14:13:10,72.7400,35,2
2026-01-05,601318,14:13:13,72.7500,88,1
2026-01-05,601318,14:13:16,72.7500,107,1
2026-01-05,601318,14:13:19,72.7500,119,2
2026-01-05,601318,14:13:22,72.7400,50,4
2026-01-05,601318,14:13:25,72.7500,108,1
2026-01-05,601318,14:13:28,72.7600,98,1
2026-01-05,601318,14:13:31,72.7500,128,2
2026-01-05,601318,14:13:34,72.7500,58,2
2026-01-05,601318,14:13:37,72.7600,179,1
2026-01-05,601318,14:13:40,72.7600,201,1
2026-01-05,601318,14:13:43,72.8000,1036,1
2026-01-05,601318,14:13:46,72.8500,548,1
2026-01-05,601318,14:13:49,72.8400,349,4
2026-01-05,601318,14:13:52,72.8500,156,2
2026-01-05,601318,14:13:55,72.8400,487,2
2026-01-05,601318,14:13:58,72.8200,140,2
2026-01-05,601318,14:14:01,72.8200,72,1
2026-01-05,601318,14:14:04,72.7700,421,2
2026-01-05,601318,14:14:07,72.7600,271,2
2026-01-05,601318,14:14:10,72.7800,167,1
2026-01-05,601318,14:14:13,72.7600,237,2
2026-01-05,601318,14:14:16,72.7700,125,1
2026-01-05,601318,14:14:19,72.7800,124,4
2026-01-05,601318,14:14:22,72.7800,584,1
2026-01-05,601318,14:14:25,72.7700,60,1
2026-01-05,601318,14:14:28,72.7700,57,1
2026-01-05,601318,14:14:31,72.8100,123,1
2026-01-05,601318,14:14:34,72.7700,90,2
2026-01-05,601318,14:14:37,72.8000,138,1
2026-01-05,601318,14:14:40,72.7600,117,2
2026-01-05,601318,14:14:43,72.7900,751,1
2026-01-05,601318,14:14:46,72.7900,223,2
2026-01-05,601318,14:14:49,72.8300,101,1
2026-01-05,601318,14:14:52,72.8500,48,1
2026-01-05,601318,14:14:55,72.8300,97,2
2026-01-05,601318,14:14:58,72.8300,232,2
2026-01-05,601318,14:15:01,72.8300,132,2
2026-01-05,601318,14:15:04,72.8100,127,2
2026-01-05,601318,14:15:07,72.8200,128,1
2026-01-05,601318,14:15:10,72.8100,134,2
2026-01-05,601318,14:15:13,72.8400,132,1
2026-01-05,601318,14:15:16,72.8000,132,2
2026-01-05,601318,14:15:19,72.8400,78,1
2026-01-05,601318,14:15:22,72.8100,86,2
2026-01-05,601318,14:15:25,72.8200,110,2
2026-01-05,601318,14:15:28,72.7800,333,2
2026-01-05,601318,14:15:31,72.8000,51,1
2026-01-05,601318,14:15:34,72.7900,68,4
2026-01-05,601318,14:15:37,72.8000,55,1
2026-01-05,601318,14:15:40,72.7800,116,2
2026-01-05,601318,14:15:43,72.7900,76,2
2026-01-05,601318,14:15:46,72.8000,137,1
2026-01-05,601318,14:15:49,72.8000,49,1
2026-01-05,601318,14:15:52,72.8000,153,2
2026-01-05,601318,14:15:55,72.8000,178,4
2026-01-05,601318,14:15:58,72.7900,286,2
2026-01-05,601318,14:16:01,72.7700,72,2
2026-01-05,601318,14:16:04,72.7500,142,2
2026-01-05,601318,14:16:07,72.7400,201,4
2026-01-05,601318,14:16:10,72.7300,167,2
2026-01-05,601318,14:16:13,72.7000,247,2
2026-01-05,601318,14:16:16,72.7000,167,2
2026-01-05,601318,14:16:19,72.7100,91,2
2026-01-05,601318,14:16:22,72.7300,272,2
2026-01-05,601318,14:16:25,72.7600,63,1
2026-01-05,601318,14:16:28,72.7600,122,1
2026-01-05,601318,14:16:31,72.7600,94,1
2026-01-05,601318,14:16:34,72.7400,72,2
2026-01-05,601318,14:16:37,72.7500,98,4
2026-01-05,601318,14:16:40,72.7500,32,2
2026-01-05,601318,14:16:43,72.7500,236,1
2026-01-05,601318,14:16:46,72.7500,118,1
2026-01-05,601318,14:16:49,72.7300,126,2
2026-01-05,601318,14:16:52,72.7100,73,2
2026-01-05,601318,14:16:55,72.6800,300,2
2026-01-05,601318,14:16:58,72.6600,88,2
2026-01-05,601318,14:17:01,72.6800,142,1
2026-01-05,601318,14:17:04,72.7000,82,1
2026-01-05,601318,14:17:07,72.6900,34,1
2026-01-05,601318,14:17:10,72.6700,103,2
2026-01-05,601318,14:17:13,72.7000,125,1
2026-01-05,601318,14:17:16,72.6500,72,2
2026-01-05,601318,14:17:19,72.6800,199,1
2026-01-05,601318,14:17:22,72.6300,129,2
2026-01-05,601318,14:17:25,72.6400,72,1
2026-01-05,601318,14:17:28,72.6400,59,1
2026-01-05,601318,14:17:31,72.6300,85,2
2026-01-05,601318,14:17:34,72.6400,72,4
2026-01-05,601318,14:17:37,72.6600,83,1
2026-01-05,601318,14:17:40,72.6700,154,1
2026-01-05,601318,14:17:43,72.6600,66,2
2026-01-05,601318,14:17:46,72.6700,120,1
2026-01-05,601318,14:17:49,72.6600,154,2
2026-01-05,601318,14:17:52,72.6600,72,2
2026-01-05,601318,14:17:55,72.6600,54,1
2026-01-05,601318,14:17:58,72.6400,88,2
2026-01-05,601318,14:18:01,72.6400,254,2
2026-01-05,601318,14:18:04,72.6300,54,2
2026-01-05,601318,14:18:07,72.6300,52,2
2026-01-05,601318,14:18:10,72.6500,40,1
2026-01-05,601318,14:18:13,72.6300,29,2
2026-01-05,601318,14:18:16,72.6300,52,2
2026-01-05,601318,14:18:19,72.6300,51,2
2026-01-05,601318,14:18:22,72.6300,474,2
2026-01-05,601318,14:18:25,72.6300,98,1
2026-01-05,601318,14:18:28,72.6100,145,2
2026-01-05,601318,14:18:31,72.6200,168,1
2026-01-05,601318,14:18:34,72.6300,57,1
2026-01-05,601318,14:18:37,72.6200,74,2
2026-01-05,601318,14:18:40,72.6300,45,1
2026-01-05,601318,14:18:43,72.6300,21,1
2026-01-05,601318,14:18:46,72.6300,107,1
2026-01-05,601318,14:18:49,72.6200,81,2
2026-01-05,601318,14:18:52,72.6400,91,1
2026-01-05,601318,14:18:55,72.6300,229,2
2026-01-05,601318,14:18:58,72.6400,107,2
2026-01-05,601318,14:19:01,72.6800,110,1
2026-01-05,601318,14:19:04,72.6900,244,1
2026-01-05,601318,14:19:07,72.6700,112,2
2026-01-05,601318,14:19:10,72.6800,30,2
2026-01-05,601318,14:19:13,72.7100,184,1
2026-01-05,601318,14:19:16,72.7400,102,1
2026-01-05,601318,14:19:19,72.7200,251,2
2026-01-05,601318,14:19:22,72.7000,86,2
2026-01-05,601318,14:19:25,72.7000,140,1
2026-01-05,601318,14:19:28,72.7000,72,1
2026-01-05,601318,14:19:31,72.6600,94,2
2026-01-05,601318,14:19:34,72.6400,216,2
2026-01-05,601318,14:19:37,72.6300,54,2
2026-01-05,601318,14:19:40,72.6300,24,2
2026-01-05,601318,14:19:43,72.6400,79,4
2026-01-05,601318,14:19:46,72.6200,167,2
2026-01-05,601318,14:19:49,72.6200,85,1
2026-01-05,601318,14:19:52,72.6200,84,2
2026-01-05,601318,14:19:55,72.6100,59,4
2026-01-05,601318,14:19:58,72.6200,283,1
2026-01-05,601318,14:20:01,72.5800,208,2
2026-01-05,601318,14:20:04,72.5800,251,2
2026-01-05,601318,14:20:07,72.5700,67,1
2026-01-05,601318,14:20:10,72.5700,89,2
2026-01-05,601318,14:20:13,72.5500,92,2
2026-01-05,601318,14:20:16,72.5700,40,1
2026-01-05,601318,14:20:19,72.5800,35,1
2026-01-05,601318,14:20:22,72.5900,32,1
2026-01-05,601318,14:20:25,72.5600,127,2
2026-01-05,601318,14:20:28,72.6000,61,1
2026-01-05,601318,14:20:31,72.5900,93,2
2026-01-05,601318,14:20:34,72.5900,116,1
2026-01-05,601318,14:20:37,72.5800,88,2
2026-01-05,601318,14:20:40,72.5800,78,2
2026-01-05,601318,14:20:43,72.6000,515,1
2026-01-05,601318,14:20:46,72.6300,40,1
2026-01-05,601318,14:20:49,72.6100,34,2
2026-01-05,601318,14:20:52,72.6100,76,2
2026-01-05,601318,14:20:55,72.6200,39,1
2026-01-05,601318,14:20:58,72.6100,79,2
2026-01-05,601318,14:21:01,72.6200,550,1
2026-01-05,601318,14:21:04,72.6400,49,1
2026-01-05,601318,14:21:07,72.6300,582,4
2026-01-05,601318,14:21:10,72.6400,67,1
2026-01-05,601318,14:21:13,72.6500,67,1
2026-01-05,601318,14:21:16,72.6600,95,1
2026-01-05,601318,14:21:19,72.6500,6,4
2026-01-05,601318,14:21:22,72.6800,100,1
2026-01-05,601318,14:21:25,72.6400,92,2
2026-01-05,601318,14:21:28,72.6400,275,2
2026-01-05,601318,14:21:31,72.6400,293,2
2026-01-05,601318,14:21:34,72.6200,346,2
2026-01-05,601318,14:21:37,72.6200,84,1
2026-01-05,601318,14:21:40,72.6000,46,2
2026-01-05,601318,14:21:43,72.6000,219,2
2026-01-05,601318,14:21:46,72.6000,95,1
2026-01-05,601318,14:21:49,72.6000,49,1
2026-01-05,601318,14:21:52,72.6000,97,1
2026-01-05,601318,14:21:55,72.5800,129,2
2026-01-05,601318,14:21:58,72.6000,601,1
2026-01-05,601318,14:22:01,72.5900,105,2
2026-01-05,601318,14:22:04,72.6100,453,4
2026-01-05,601318,14:22:07,72.6200,71,2
2026-01-05,601318,14:22:10,72.6200,72,2
2026-01-05,601318,14:22:13,72.6400,29,1
2026-01-05,601318,14:22:16,72.6400,126,1
2026-01-05,601318,14:22:19,72.6400,40,1
2026-01-05,601318,14:22:22,72.6400,133,1
2026-01-05,601318,14:22:25,72.6400,63,1
2026-01-05,601318,14:22:28,72.6300,100,2
2026-01-05,601318,14:22:31,72.6300,29,1
2026-01-05,601318,14:22:34,72.6200,119,2
2026-01-05,601318,14:22:37,72.6500,156,1
2026-01-05,601318,14:22:40,72.6500,45,1
2026-01-05,601318,14:22:43,72.6700,112,1
2026-01-05,601318,14:22:46,72.6600,145,2
2026-01-05,601318,14:22:49,72.6600,35,1
2026-01-05,601318,14:22:52,72.6600,176,1
2026-01-05,601318,14:22:55,72.6700,33,1
2026-01-05,601318,14:22:58,72.6800,77,1
2026-01-05,601318,14:23:01,72.6800,58,1
2026-01-05,601318,14:23:04,72.6700,290,2
2026-01-05,601318,14:23:07,72.6800,94,1
2026-01-05,601318,14:23:10,72.6700,48,1
2026-01-05,601318,14:23:13,72.6700,42,2
2026-01-05,601318,14:23:16,72.6800,229,1
2026-01-05,601318,14:23:19,72.6700,23,4
2026-01-05,601318,14:23:22,72.6600,65,2
2026-01-05,601318,14:23:25,72.6700,40,4
2026-01-05,601318,14:23:28,72.6600,137,2
2026-01-05,601318,14:23:31,72.6500,70,2
2026-01-05,601318,14:23:34,72.6800,195,1
2026-01-05,601318,14:23:37,72.6700,154,2
2026-01-05,601318,14:23:40,72.6700,119,2
2026-01-05,601318,14:23:43,72.6700,60,2
2026-01-05,601318,14:23:46,72.6700,331,1
2026-01-05,601318,14:23:49,72.7000,40,1
2026-01-05,601318,14:23:52,72.6700,166,2
2026-01-05,601318,14:23:55,72.6900,106,1
2026-01-05,601318,14:23:58,72.7000,131,1
2026-01-05,601318,14:24:01,72.7000,159,1
2026-01-05,601318,14:24:04,72.6900,185,1
2026-01-05,601318,14:24:07,72.6800,263,2
2026-01-05,601318,14:24:10,72.6900,146,1
2026-01-05,601318,14:24:13,72.6900,71,2
2026-01-05,601318,14:24:16,72.6900,263,2
2026-01-05,601318,14:24:19,72.7000,41,1
2026-01-05,601318,14:24:22,72.7000,55,1
2026-01-05,601318,14:24:25,72.6800,124,2
2026-01-05,601318,14:24:28,72.7000,206,1
2026-01-05,601318,14:24:31,72.6700,219,2
2026-01-05,601318,14:24:34,72.6800,193,1
2026-01-05,601318,14:24:37,72.6700,103,1
2026-01-05,601318,14:24:40,72.6600,215,2
2026-01-05,601318,14:24:43,72.6300,145,2
2026-01-05,601318,14:24:46,72.6100,174,2
2026-01-05,601318,14:24:49,72.6000,53,2
2026-01-05,601318,14:24:52,72.6100,181,1
2026-01-05,601318,14:24:55,72.6000,107,2
2026-01-05,601318,14:24:58,72.5900,369,2
2026-01-05,601318,14:25:01,72.6100,133,4
2026-01-05,601318,14:25:04,72.6100,73,1
2026-01-05,601318,14:25:07,72.6100,77,1
2026-01-05,601318,14:25:10,72.6100,33,1
2026-01-05,601318,14:25:13,72.6000,435,2
2026-01-05,601318,14:25:16,72.6000,111,2
2026-01-05,601318,14:25:19,72.6000,54,2
2026-01-05,601318,14:25:22,72.6200,30,1
2026-01-05,601318,14:25:25,72.6300,552,1
2026-01-05,601318,14:25:28,72.6300,160,1
2026-01-05,601318,14:25:31,72.6100,154,2
2026-01-05,601318,14:25:34,72.6100,59,1
2026-01-05,601318,14:25:37,72.6100,329,1
2026-01-05,601318,14:25:40,72.5900,322,2
2026-01-05,601318,14:25:43,72.5900,602,2
2026-01-05,601318,14:25:46,72.5500,1837,2
2026-01-05,601318,14:25:49,72.5500,169,2
2026-01-05,601318,14:25:52,72.5500,341,1
2026-01-05,601318,14:25:55,72.5400,77,1
2026-01-05,601318,14:25:58,72.5100,385,2
2026-01-05,601318,14:26:01,72.5500,458,1
2026-01-05,601318,14:26:04,72.5600,50,1
2026-01-05,601318,14:26:07,72.5400,102,2
2026-01-05,601318,14:26:10,72.5600,50,1
2026-01-05,601318,14:26:13,72.5600,188,1
2026-01-05,601318,14:26:16,72.5600,160,2
2026-01-05,601318,14:26:19,72.5600,128,1
2026-01-05,601318,14:26:22,72.5900,82,1
2026-01-05,601318,14:26:25,72.5800,99,1
2026-01-05,601318,14:26:28,72.5700,80,2
2026-01-05,601318,14:26:31,72.5700,86,1
2026-01-05,601318,14:26:34,72.5600,111,2
2026-01-05,601318,14:26:37,72.5900,98,1
2026-01-05,601318,14:26:40,72.5900,546,1
2026-01-05,601318,14:26:43,72.5800,75,4
2026-01-05,601318,14:26:46,72.5900,340,1
2026-01-05,601318,14:26:49,72.5900,10,1
2026-01-05,601318,14:26:52,72.5700,92,1
2026-01-05,601318,14:26:55,72.5600,45,4
2026-01-05,601318,14:26:58,72.5600,78,1
2026-01-05,601318,14:27:01,72.5500,179,2
2026-01-05,601318,14:27:04,72.5500,66,2
2026-01-05,601318,14:27:07,72.5500,160,2
2026-01-05,601318,14:27:10,72.5600,43,1
2026-01-05,601318,14:27:13,72.5600,284,1
2026-01-05,601318,14:27:16,72.5600,102,2
2026-01-05,601318,14:27:19,72.5900,78,1
2026-01-05,601318,14:27:22,72.6000,169,1
2026-01-05,601318,14:27:25,72.5900,134,4
2026-01-05,601318,14:27:28,72.6000,51,1
2026-01-05,601318,14:27:31,72.6000,32,1
2026-01-05,601318,14:27:34,72.5800,78,2
2026-01-05,601318,14:27:37,72.5800,300,1
2026-01-05,601318,14:27:40,72.5500,72,2
2026-01-05,601318,14:27:43,72.5500,34,2
2026-01-05,601318,14:27:46,72.5600,113,1
2026-01-05,601318,14:27:49,72.5600,226,1
2026-01-05,601318,14:27:52,72.5800,107,1
2026-01-05,601318,14:27:55,72.5800,79,1
2026-01-05,601318,14:27:58,72.5700,88,2
2026-01-05,601318,14:28:01,72.5800,55,1
2026-01-05,601318,14:28:04,72.5600,90,2
2026-01-05,601318,14:28:07,72.5800,89,1
2026-01-05,601318,14:28:10,72.5800,114,2
2026-01-05,601318,14:28:13,72.5800,57,1
2026-01-05,601318,14:28:16,72.5700,172,1
2026-01-05,601318,14:28:19,72.5800,12,4
2026-01-05,601318,14:28:22,72.6000,108,1
2026-01-05,601318,14:28:25,72.5700,273,2
2026-01-05,601318,14:28:28,72.5800,147,4
2026-01-05,601318,14:28:31,72.6000,71,1
2026-01-05,601318,14:28:34,72.5900,93,4
2026-01-05,601318,14:28:37,72.5600,111,2
2026-01-05,601318,14:28:40,72.5800,117,1
2026-01-05,601318,14:28:43,72.5700,58,1
2026-01-05,601318,14:28:46,72.5600,129,2
2026-01-05,601318,14:28:49,72.5700,31,1
2026-01-05,601318,14:28:52,72.5700,194,1
2026-01-05,601318,14:28:55,72.5800,104,1
2026-01-05,601318,14:28:58,72.6000,173,1
2026-01-05,601318,14:29:01,72.5800,50,2
2026-01-05,601318,14:29:04,72.5700,201,2
2026-01-05,601318,14:29:07,72.5600,77,2
2026-01-05,601318,14:29:10,72.5500,124,2
2026-01-05,601318,14:29:13,72.5700,234,1
2026-01-05,601318,14:29:16,72.5500,2047,2
2026-01-05,601318,14:29:19,72.5500,158,2
2026-01-05,601318,14:29:22,72.5300,154,2
2026-01-05,601318,14:29:25,72.5300,434,2
2026-01-05,601318,14:29:28,72.5300,126,1
2026-01-05,601318,14:29:31,72.5200,421,2
2026-01-05,601318,14:29:34,72.5300,183,1
2026-01-05,601318,14:29:37,72.5300,352,1
2026-01-05,601318,14:29:40,72.5200,259,2
2026-01-05,601318,14:29:43,72.5400,92,1
2026-01-05,601318,14:29:46,72.5400,137,1
2026-01-05,601318,14:29:49,72.5400,40,2
2026-01-05,601318,14:29:52,72.5700,118,1
2026-01-05,601318,14:29:55,72.5600,98,2
2026-01-05,601318,14:29:58,72.5800,128,1
2026-01-05,601318,14:30:01,72.5700,66,4
2026-01-05,601318,14:30:04,72.5500,108,2
2026-01-05,601318,14:30:07,72.5500,121,2
2026-01-05,601318,14:30:10,72.5400,129,2
2026-01-05,601318,14:30:13,72.5700,187,1
2026-01-05,601318,14:30:16,72.5500,101,2
2026-01-05,601318,14:30:19,72.5600,173,1
2026-01-05,601318,14:30:22,72.5700,56,4
2026-01-05,601318,14:30:25,72.5600,79,2
2026-01-05,601318,14:30:28,72.5600,111,1
2026-01-05,601318,14:30:31,72.5600,254,1
2026-01-05,601318,14:30:34,72.5400,72,2
2026-01-05,601318,14:30:37,72.5400,373,2
2026-01-05,601318,14:30:40,72.5400,62,2
2026-01-05,601318,14:30:43,72.5700,115,1
2026-01-05,601318,14:30:46,72.5400,101,2
2026-01-05,601318,14:30:49,72.5400,84,2
2026-01-05,601318,14:30:52,72.5500,62,1
2026-01-05,601318,14:30:55,72.5500,153,1
2026-01-05,601318,14:30:58,72.5500,194,1
2026-01-05,601318,14:31:01,72.5800,526,1
2026-01-05,601318,14:31:04,72.5800,307,1
2026-01-05,601318,14:31:07,72.5800,101,2
2026-01-05,601318,14:31:10,72.5800,77,2
2026-01-05,601318,14:31:13,72.5900,48,2
2026-01-05,601318,14:31:16,72.6100,462,1
2026-01-05,601318,14:31:19,72.6100,120,1
2026-01-05,601318,14:31:22,72.6000,234,2
2026-01-05,601318,14:31:25,72.6000,283,1
2026-01-05,601318,14:31:28,72.5900,199,2
2026-01-05,601318,14:31:31,72.5900,42,1
2026-01-05,601318,14:31:34,72.5800,151,2
2026-01-05,601318,14:31:37,72.5700,125,2
2026-01-05,601318,14:31:40,72.5800,110,1
2026-01-05,601318,14:31:43,72.5800,66,1
2026-01-05,601318,14:31:46,72.5800,162,1
2026-01-05,601318,14:31:49,72.5700,70,2
2026-01-05,601318,14:31:52,72.5600,352,2
2026-01-05,601318,14:31:55,72.5500,561,2
2026-01-05,601318,14:31:58,72.5700,373,1
2026-01-05,601318,14:32:01,72.5600,149,2
2026-01-05,601318,14:32:04,72.5600,210,2
2026-01-05,601318,14:32:07,72.5700,185,1
2026-01-05,601318,14:32:10,72.5600,79,2
2026-01-05,601318,14:32:13,72.5600,113,1
2026-01-05,601318,14:32:16,72.5800,169,1
2026-01-05,601318,14:32:19,72.5800,139,1
2026-01-05,601318,14:32:22,72.5700,267,2
2026-01-05,601318,14:32:25,72.5800,372,2
2026-01-05,601318,14:32:28,72.5800,82,1
2026-01-05,601318,14:32:31,72.6000,95,1
2026-01-05,601318,14:32:34,72.5800,154,2
2026-01-05,601318,14:32:37,72.5700,100,2
2026-01-05,601318,14:32:40,72.5900,34,1
2026-01-05,601318,14:32:43,72.5800,171,2
2026-01-05,601318,14:32:46,72.5800,190,2
2026-01-05,601318,14:32:49,72.5800,43,2
2026-01-05,601318,14:32:52,72.6000,125,1
2026-01-05,601318,14:32:55,72.5900,47,4
2026-01-05,601318,14:32:58,72.5800,86,2
2026-01-05,601318,14:33:01,72.5900,216,1
2026-01-05,601318,14:33:04,72.5900,170,4
2026-01-05,601318,14:33:07,72.5800,488,2
2026-01-05,601318,14:33:10,72.5800,82,1
2026-01-05,601318,14:33:13,72.5700,168,2
2026-01-05,601318,14:33:16,72.5900,98,1
2026-01-05,601318,14:33:19,72.5900,64,1
2026-01-05,601318,14:33:22,72.5800,142,2
2026-01-05,601318,14:33:25,72.5800,142,2
2026-01-05,601318,14:33:28,72.5800,359,2
2026-01-05,601318,14:33:31,72.5800,66,1
2026-01-05,601318,14:33:34,72.6000,147,1
2026-01-05,601318,14:33:37,72.5700,86,2
2026-01-05,601318,14:33:40,72.5700,146,2
2026-01-05,601318,14:33:43,72.5600,250,2
2026-01-05,601318,14:33:46,72.5600,153,1
2026-01-05,601318,14:33:49,72.5600,712,2
2026-01-05,601318,14:33:52,72.5300,524,2
2026-01-05,601318,14:33:55,72.5200,280,2
2026-01-05,601318,14:33:58,72.5500,257,1
2026-01-05,601318,14:34:01,72.5200,105,2
2026-01-05,601318,14:34:04,72.5100,180,2
2026-01-05,601318,14:34:07,72.5100,100,1
2026-01-05,601318,14:34:10,72.5200,373,1
2026-01-05,601318,14:34:13,72.5100,556,2
2026-01-05,601318,14:34:16,72.5100,391,1
2026-01-05,601318,14:34:19,72.5000,227,2
2026-01-05,601318,14:34:22,72.4900,159,2
2026-01-05,601318,14:34:25,72.4900,205,1
2026-01-05,601318,14:34:28,72.4800,137,2
2026-01-05,601318,14:34:31,72.4700,143,2
2026-01-05,601318,14:34:34,72.4600,106,2
2026-01-05,601318,14:34:37,72.4900,614,1
2026-01-05,601318,14:34:40,72.4600,235,2
2026-01-05,601318,14:34:43,72.4800,200,4
2026-01-05,601318,14:34:46,72.4700,291,2
2026-01-05,601318,14:34:49,72.4700,125,2
2026-01-05,601318,14:34:52,72.5000,108,1
2026-01-05,601318,14:34:55,72.5100,56,1
2026-01-05,601318,14:34:58,72.5000,209,2
2026-01-05,601318,14:35:01,72.5100,63,2
2026-01-05,601318,14:35:04,72.5100,196,2
2026-01-05,601318,14:35:07,72.5100,123,2
2026-01-05,601318,14:35:10,72.5200,190,1
2026-01-05,601318,14:35:13,72.5300,104,4
2026-01-05,601318,14:35:16,72.5300,254,2
2026-01-05,601318,14:35:19,72.5700,157,1
2026-01-05,601318,14:35:22,72.5200,94,2
2026-01-05,601318,14:35:25,72.5000,132,2
2026-01-05,601318,14:35:28,72.4800,160,2
2026-01-05,601318,14:35:31,72.4700,147,2
2026-01-05,601318,14:35:34,72.4700,682,2
2026-01-05,601318,14:35:37,72.4700,279,2
2026-01-05,601318,14:35:40,72.4500,240,2
2026-01-05,601318,14:35:43,72.4500,120,1
2026-01-05,601318,14:35:46,72.4400,123,2
2026-01-05,601318,14:35:49,72.4400,82,2
2026-01-05,601318,14:35:52,72.4500,260,4
2026-01-05,601318,14:35:55,72.4500,98,2
2026-01-05,601318,14:35:58,72.4500,98,1
2026-01-05,601318,14:36:01,72.4600,69,4
2026-01-05,601318,14:36:04,72.5200,293,1
2026-01-05,601318,14:36:07,72.5200,77,1
2026-01-05,601318,14:36:10,72.5000,60,1
2026-01-05,601318,14:36:13,72.5000,322,1
2026-01-05,601318,14:36:16,72.5500,183,1
2026-01-05,601318,14:36:19,72.5400,228,2
2026-01-05,601318,14:36:22,72.5300,78,2
2026-01-05,601318,14:36:25,72.5300,156,2
2026-01-05,601318,14:36:28,72.5500,126,1
2026-01-05,601318,14:36:31,72.5400,136,2
2026-01-05,601318,14:36:34,72.5400,92,4
2026-01-05,601318,14:36:37,72.5400,170,2
2026-01-05,601318,14:36:40,72.5500,49,1
2026-01-05,601318,14:36:43,72.5500,69,1
2026-01-05,601318,14:36:46,72.5400,69,2
2026-01-05,601318,14:36:49,72.5400,57,2
2026-01-05,601318,14:36:52,72.5300,125,2
2026-01-05,601318,14:36:55,72.5600,371,1
2026-01-05,601318,14:36:58,72.5500,117,2
2026-01-05,601318,14:37:01,72.5600,41,4
2026-01-05,601318,14:37:04,72.5600,304,2
2026-01-05,601318,14:37:07,72.5700,163,4
2026-01-05,601318,14:37:10,72.6000,69,1
2026-01-05,601318,14:37:13,72.6000,295,1
2026-01-05,601318,14:37:16,72.5900,340,2
2026-01-05,601318,14:37:19,72.5900,79,2
2026-01-05,601318,14:37:22,72.6200,95,1
2026-01-05,601318,14:37:25,72.6200,83,2
2026-01-05,601318,14:37:28,72.6100,958,2
2026-01-05,601318,14:37:31,72.6000,378,2
2026-01-05,601318,14:37:34,72.6100,227,1
2026-01-05,601318,14:37:37,72.6200,58,1
2026-01-05,601318,14:37:40,72.6100,311,2
2026-01-05,601318,14:37:43,72.6200,285,1
2026-01-05,601318,14:37:46,72.6400,645,1
2026-01-05,601318,14:37:49,72.6300,154,1
2026-01-05,601318,14:37:52,72.6300,153,1
2026-01-05,601318,14:37:55,72.6500,311,1
2026-01-05,601318,14:37:58,72.6400,114,2
2026-01-05,601318,14:38:01,72.6500,90,1
2026-01-05,601318,14:38:04,72.6500,300,2
2026-01-05,601318,14:38:07,72.6700,131,1
2026-01-05,601318,14:38:10,72.6700,81,2
2026-01-05,601318,14:38:13,72.6800,164,1
2026-01-05,601318,14:38:16,72.6600,670,2
2026-01-05,601318,14:38:19,72.6400,227,2
2026-01-05,601318,14:38:22,72.6600,320,1
2026-01-05,601318,14:38:25,72.6500,425,2
2026-01-05,601318,14:38:28,72.6300,141,2
2026-01-05,601318,14:38:31,72.6300,46,2
2026-01-05,601318,14:38:34,72.6300,121,1
2026-01-05,601318,14:38:37,72.6300,88,4
2026-01-05,601318,14:38:40,72.6300,166,4
2026-01-05,601318,14:38:43,72.6200,161,1
2026-01-05,601318,14:38:46,72.6200,81,1
2026-01-05,601318,14:38:49,72.5900,152,2
2026-01-05,601318,14:38:52,72.5900,86,2
2026-01-05,601318,14:38:55,72.6200,117,1
2026-01-05,601318,14:38:58,72.6100,171,4
2026-01-05,601318,14:39:01,72.6000,173,1
2026-01-05,601318,14:39:04,72.6100,70,2
2026-01-05,601318,14:39:07,72.6700,245,1
2026-01-05,601318,14:39:10,72.6600,110,2
2026-01-05,601318,14:39:13,72.6600,375,2
2026-01-05,601318,14:39:16,72.6200,274,2
2026-01-05,601318,14:39:19,72.6200,51,2
2026-01-05,601318,14:39:22,72.6100,101,2
2026-01-05,601318,14:39:25,72.6000,215,2
2026-01-05,601318,14:39:28,72.5900,77,2
2026-01-05,601318,14:39:31,72.6200,78,1
2026-01-05,601318,14:39:34,72.6000,82,2
2026-01-05,601318,14:39:37,72.6500,210,1
2026-01-05,601318,14:39:40,72.6100,28,2
2026-01-05,601318,14:39:43,72.6100,395,1
2026-01-05,601318,14:39:46,72.6100,123,1
2026-01-05,601318,14:39:49,72.6200,114,2
2026-01-05,601318,14:39:52,72.6100,67,2
2026-01-05,601318,14:39:55,72.6100,85,2
2026-01-05,601318,14:39:58,72.6000,147,2
2026-01-05,601318,14:40:01,72.6000,111,1
2026-01-05,601318,14:40:04,72.6000,331,1
2026-01-05,601318,14:40:07,72.6100,53,1
2026-01-05,601318,14:40:10,72.5900,87,2
2026-01-05,601318,14:40:13,72.5900,212,1
2026-01-05,601318,14:40:16,72.5800,304,2
2026-01-05,601318,14:40:19,72.5800,192,2
2026-01-05,601318,14:40:22,72.6000,175,1
2026-01-05,601318,14:40:25,72.5900,116,2
2026-01-05,601318,14:40:28,72.6000,43,1
2026-01-05,601318,14:40:31,72.5900,116,2
2026-01-05,601318,14:40:34,72.5600,501,2
2026-01-05,601318,14:40:37,72.5500,179,2
2026-01-05,601318,14:40:40,72.5700,88,1
2026-01-05,601318,14:40:43,72.5700,158,1
2026-01-05,601318,14:40:46,72.5600,54,4
2026-01-05,601318,14:40:49,72.5500,140,2
2026-01-05,601318,14:40:52,72.5500,199,2
2026-01-05,601318,14:40:55,72.5100,295,2
2026-01-05,601318,14:40:58,72.5400,948,1
2026-01-05,601318,14:41:01,72.5200,119,1
2026-01-05,601318,14:41:04,72.5400,60,1
2026-01-05,601318,14:41:07,72.5500,59,1
2026-01-05,601318,14:41:10,72.5400,48,1
2026-01-05,601318,14:41:13,72.5300,166,2
2026-01-05,601318,14:41:16,72.5200,234,2
2026-01-05,601318,14:41:19,72.5100,126,2
2026-01-05,601318,14:41:22,72.5300,308,1
2026-01-05,601318,14:41:25,72.5100,428,1
2026-01-05,601318,14:41:28,72.5100,179,1
2026-01-05,601318,14:41:31,72.5100,130,1
2026-01-05,601318,14:41:34,72.5100,155,1
2026-01-05,601318,14:41:37,72.5200,39,4
2026-01-05,601318,14:41:40,72.5300,56,1
2026-01-05,601318,14:41:43,72.5100,106,2
2026-01-05,601318,14:41:46,72.5300,258,1
2026-01-05,601318,14:41:49,72.5500,233,1
2026-01-05,601318,14:41:52,72.5300,22,2
2026-01-05,601318,14:41:55,72.5400,167,1
2026-01-05,601318,14:41:58,72.5400,37,1
2026-01-05,601318,14:42:01,72.5400,286,2
2026-01-05,601318,14:42:04,72.5300,124,4
2026-01-05,601318,14:42:07,72.4900,511,2
2026-01-05,601318,14:42:10,72.4900,327,2
2026-01-05,601318,14:42:13,72.4700,113,2
2026-01-05,601318,14:42:16,72.4800,21,2
2026-01-05,601318,14:42:19,72.4900,107,1
2026-01-05,601318,14:42:22,72.4800,168,1
2026-01-05,601318,14:42:25,72.4700,35,1
2026-01-05,601318,14:42:28,72.4800,104,1
2026-01-05,601318,14:42:31,72.4800,111,4
2026-01-05,601318,14:42:34,72.4800,74,4
2026-01-05,601318,14:42:37,72.4900,64,1
2026-01-05,601318,14:42:40,72.4800,247,2
2026-01-05,601318,14:42:43,72.5000,146,1
2026-01-05,601318,14:42:46,72.5000,1021,1
2026-01-05,601318,14:42:49,72.5000,124,2
2026-01-05,601318,14:42:52,72.5000,118,1
2026-01-05,601318,14:42:55,72.4800,170,2
2026-01-05,601318,14:42:58,72.5000,185,1
2026-01-05,601318,14:43:01,72.5000,53,2
2026-01-05,601318,14:43:04,72.4900,125,2
2026-01-05,601318,14:43:07,72.5000,71,2
2026-01-05,601318,14:43:10,72.5000,36,1
2026-01-05,601318,14:43:13,72.5000,203,1
2026-01-05,601318,14:43:16,72.4800,138,2
2026-01-05,601318,14:43:19,72.4800,161,2
2026-01-05,601318,14:43:22,72.4900,813,1
2026-01-05,601318,14:43:25,72.5000,306,1
2026-01-05,601318,14:43:28,72.5100,164,1
2026-01-05,601318,14:43:31,72.5200,111,1
2026-01-05,601318,14:43:34,72.5200,303,1
2026-01-05,601318,14:43:37,72.5100,132,2
2026-01-05,601318,14:43:40,72.4900,402,2
2026-01-05,601318,14:43:43,72.5000,76,1
2026-01-05,601318,14:43:46,72.4800,70,2
2026-01-05,601318,14:43:49,72.4700,520,2
2026-01-05,601318,14:43:52,72.4600,460,2
2026-01-05,601318,14:43:55,72.4300,157,2
2026-01-05,601318,14:43:58,72.4400,221,1
2026-01-05,601318,14:44:01,72.4600,178,1
2026-01-05,601318,14:44:04,72.4800,275,1
2026-01-05,601318,14:44:07,72.4700,236,2
2026-01-05,601318,14:44:10,72.4800,160,2
2026-01-05,601318,14:44:13,72.4900,11,2
2026-01-05,601318,14:44:16,72.4900,46,2
2026-01-05,601318,14:44:19,72.5000,268,2
2026-01-05,601318,14:44:22,72.5000,112,1
2026-01-05,601318,14:44:25,72.5000,167,2
2026-01-05,601318,14:44:28,72.5000,214,1
2026-01-05,601318,14:44:31,72.5000,167,1
2026-01-05,601318,14:44:34,72.4700,155,2
2026-01-05,601318,14:44:37,72.4900,390,1
2026-01-05,601318,14:44:40,72.5000,268,1
2026-01-05,601318,14:44:43,72.4900,223,1
2026-01-05,601318,14:44:46,72.4500,21,2
2026-01-05,601318,14:44:49,72.4700,208,1
2026-01-05,601318,14:44:52,72.4600,110,2
2026-01-05,601318,14:44:55,72.4500,104,2
2026-01-05,601318,14:44:58,72.4400,101,2
2026-01-05,601318,14:45:01,72.4600,119,1
2026-01-05,601318,14:45:04,72.4300,171,2
2026-01-05,601318,14:45:07,72.4500,338,1
2026-01-05,601318,14:45:10,72.4300,389,2
2026-01-05,601318,14:45:13,72.4300,142,1
2026-01-05,601318,14:45:16,72.4100,153,2
2026-01-05,601318,14:45:19,72.4300,145,1
2026-01-05,601318,14:45:22,72.4200,40,2
2026-01-05,601318,14:45:25,72.4500,74,1
2026-01-05,601318,14:45:28,72.4200,147,2
2026-01-05,601318,14:45:31,72.4200,95,2
2026-01-05,601318,14:45:34,72.4200,87,1
2026-01-05,601318,14:45:37,72.4100,126,2
2026-01-05,601318,14:45:40,72.4200,179,1
2026-01-05,601318,14:45:43,72.4100,218,2
2026-01-05,601318,14:45:46,72.4200,54,4
2026-01-05,601318,14:45:49,72.4500,402,1
2026-01-05,601318,14:45:52,72.4600,180,1
2026-01-05,601318,14:45:55,72.4500,331,2
2026-01-05,601318,14:45:58,72.4500,117,2
2026-01-05,601318,14:46:01,72.4800,192,1
2026-01-05,601318,14:46:04,72.4500,112,2
2026-01-05,601318,14:46:07,72.4400,135,2
2026-01-05,601318,14:46:10,72.4400,671,2
2026-01-05,601318,14:46:13,72.4300,201,2
2026-01-05,601318,14:46:16,72.4200,229,2
2026-01-05,601318,14:46:19,72.4200,429,2
2026-01-05,601318,14:46:22,72.4200,701,1
2026-01-05,601318,14:46:25,72.3800,236,2
2026-01-05,601318,14:46:28,72.3800,92,1
2026-01-05,601318,14:46:31,72.3900,200,4
2026-01-05,601318,14:46:34,72.4000,105,1
2026-01-05,601318,14:46:37,72.4000,188,1
2026-01-05,601318,14:46:40,72.3900,128,2
2026-01-05,601318,14:46:43,72.3900,49,2
2026-01-05,601318,14:46:46,72.4100,327,1
2026-01-05,601318,14:46:49,72.3900,104,2
2026-01-05,601318,14:46:52,72.4100,21,1
2026-01-05,601318,14:46:55,72.4100,58,1
2026-01-05,601318,14:46:58,72.4100,38,2
2026-01-05,601318,14:47:01,72.4200,89,1
2026-01-05,601318,14:47:04,72.4200,221,1
2026-01-05,601318,14:47:07,72.4300,141,1
2026-01-05,601318,14:47:10,72.4200,82,2
2026-01-05,601318,14:47:13,72.4300,124,4
2026-01-05,601318,14:47:16,72.4300,109,1
2026-01-05,601318,14:47:19,72.4300,86,2
2026-01-05,601318,14:47:22,72.4300,174,2
2026-01-05,601318,14:47:25,72.4700,94,1
2026-01-05,601318,14:47:28,72.4500,95,2
2026-01-05,601318,14:47:31,72.4600,208,1
2026-01-05,601318,14:47:34,72.4700,142,1
2026-01-05,601318,14:47:37,72.4600,38,2
2026-01-05,601318,14:47:40,72.4600,62,2
2026-01-05,601318,14:47:43,72.4700,101,1
2026-01-05,601318,14:47:46,72.4700,334,1
2026-01-05,601318,14:47:49,72.4700,43,2
2026-01-05,601318,14:47:52,72.4700,69,1
2026-01-05,601318,14:47:55,72.4700,522,2
2026-01-05,601318,14:47:58,72.4800,43,1
2026-01-05,601318,14:48:01,72.4800,410,1
2026-01-05,601318,14:48:04,72.4800,118,1
2026-01-05,601318,14:48:07,72.4700,236,2
2026-01-05,601318,14:48:10,72.4800,91,2
2026-01-05,601318,14:48:13,72.4900,85,1
2026-01-05,601318,14:48:16,72.4800,42,2
2026-01-05,601318,14:48:19,72.4800,170,2
2026-01-05,601318,14:48:22,72.5000,186,1
2026-01-05,601318,14:48:25,72.4700,139,2
2026-01-05,601318,14:48:28,72.4800,23,1
2026-01-05,601318,14:48:31,72.4800,975,1
2026-01-05,601318,14:48:34,72.4700,335,2
2026-01-05,601318,14:48:37,72.4700,91,1
2026-01-05,601318,14:48:40,72.4600,77,2
2026-01-05,601318,14:48:43,72.4800,181,1
2026-01-05,601318,14:48:46,72.4500,161,2
2026-01-05,601318,14:48:49,72.4700,31,1
2026-01-05,601318,14:48:52,72.4700,54,1
2026-01-05,601318,14:48:55,72.4600,25,2
2026-01-05,601318,14:48:58,72.4700,140,1
2026-01-05,601318,14:49:01,72.4800,740,1
2026-01-05,601318,14:49:04,72.4500,85,2
2026-01-05,601318,14:49:07,72.4700,238,1
2026-01-05,601318,14:49:10,72.4300,139,2
2026-01-05,601318,14:49:13,72.4300,452,2
2026-01-05,601318,14:49:16,72.4300,154,2
2026-01-05,601318,14:49:19,72.4400,163,1
2026-01-05,601318,14:49:22,72.4400,35,2
2026-01-05,601318,14:49:25,72.4400,34,2
2026-01-05,601318,14:49:28,72.4600,110,1
2026-01-05,601318,14:49:31,72.4400,93,2
2026-01-05,601318,14:49:34,72.4400,233,1
2026-01-05,601318,14:49:37,72.4500,89,1
2026-01-05,601318,14:49:40,72.4700,124,1
2026-01-05,601318,14:49:43,72.4600,51,2
2026-01-05,601318,14:49:46,72.4600,280,2
2026-01-05,601318,14:49:49,72.4700,33,1
2026-01-05,601318,14:49:52,72.4700,67,1
2026-01-05,601318,14:49:55,72.4500,90,2
2026-01-05,601318,14:49:58,72.4600,54,1
2026-01-05,601318,14:50:01,72.4300,244,2
2026-01-05,601318,14:50:04,72.4400,191,1
2026-01-05,601318,14:50:07,72.4100,338,2
2026-01-05,601318,14:50:10,72.4100,55,2
2026-01-05,601318,14:50:13,72.4300,959,1
2026-01-05,601318,14:50:16,72.4100,413,4
2026-01-05,601318,14:50:19,72.4400,425,1
2026-01-05,601318,14:50:22,72.4500,256,1
2026-01-05,601318,14:50:25,72.4300,76,2
2026-01-05,601318,14:50:28,72.4400,80,1
2026-01-05,601318,14:50:31,72.4400,145,2
2026-01-05,601318,14:50:34,72.4300,103,2
2026-01-05,601318,14:50:37,72.4300,74,2
2026-01-05,601318,14:50:40,72.4400,33,4
2026-01-05,601318,14:50:43,72.4400,170,2
2026-01-05,601318,14:50:46,72.4500,56,1
2026-01-05,601318,14:50:49,72.4600,259,1
2026-01-05,601318,14:50:52,72.4600,40,1
2026-01-05,601318,14:50:55,72.4600,107,1
2026-01-05,601318,14:50:58,72.4700,84,1
2026-01-05,601318,14:51:01,72.4500,223,2
2026-01-05,601318,14:51:04,72.4400,818,2
2026-01-05,601318,14:51:07,72.4400,247,2
2026-01-05,601318,14:51:10,72.4200,182,2
2026-01-05,601318,14:51:13,72.4400,325,1
2026-01-05,601318,14:51:16,72.4500,88,1
2026-01-05,601318,14:51:19,72.4400,70,2
2026-01-05,601318,14:51:22,72.4300,148,2
2026-01-05,601318,14:51:25,72.4300,87,1
2026-01-05,601318,14:51:28,72.4400,131,1
2026-01-05,601318,14:51:31,72.4300,210,4
2026-01-05,601318,14:51:34,72.4300,191,1
2026-01-05,601318,14:51:37,72.4500,238,1
2026-01-05,601318,14:51:40,72.4500,154,2
2026-01-05,601318,14:51:43,72.4500,461,1
2026-01-05,601318,14:51:46,72.4400,151,2
2026-01-05,601318,14:51:49,72.4500,45,2
2026-01-05,601318,14:51:52,72.4400,187,2
2026-01-05,601318,14:51:55,72.4500,37,2
2026-01-05,601318,14:51:58,72.4500,161,1
2026-01-05,601318,14:52:01,72.4500,197,2
2026-01-05,601318,14:52:04,72.4700,48,1
2026-01-05,601318,14:52:07,72.4800,135,1
2026-01-05,601318,14:52:10,72.4700,349,2
2026-01-05,601318,14:52:13,72.4700,302,1
2026-01-05,601318,14:52:16,72.4600,107,2
2026-01-05,601318,14:52:19,72.4500,86,2
2026-01-05,601318,14:52:22,72.4500,436,2
2026-01-05,601318,14:52:25,72.4400,128,2
2026-01-05,601318,14:52:28,72.4500,235,1
2026-01-05,601318,14:52:31,72.4400,208,4
2026-01-05,601318,14:52:34,72.4300,201,2
2026-01-05,601318,14:52:37,72.4300,151,2
2026-01-05,601318,14:52:40,72.4300,55,2
2026-01-05,601318,14:52:43,72.4400,184,1
2026-01-05,601318,14:52:46,72.4500,216,1
2026-01-05,601318,14:52:49,72.4400,101,2
2026-01-05,601318,14:52:52,72.4400,139,2
2026-01-05,601318,14:52:55,72.4400,72,1
2026-01-05,601318,14:52:58,72.4500,238,1
2026-01-05,601318,14:53:01,72.4600,674,1
2026-01-05,601318,14:53:04,72.4300,255,2
2026-01-05,601318,14:53:07,72.4300,284,2
2026-01-05,601318,14:53:10,72.4400,123,1
2026-01-05,601318,14:53:13,72.4400,140,1
2026-01-05,601318,14:53:16,72.4500,397,1
2026-01-05,601318,14:53:19,72.4400,119,2
2026-01-05,601318,14:53:22,72.4500,92,4
2026-01-05,601318,14:53:25,72.4500,72,1
2026-01-05,601318,14:53:28,72.4400,415,2
2026-01-05,601318,14:53:31,72.4000,1028,2
2026-01-05,601318,14:53:34,72.3900,672,2
2026-01-05,601318,14:53:37,72.3700,142,2
2026-01-05,601318,14:53:40,72.3500,478,2
2026-01-05,601318,14:53:43,72.3500,330,2
2026-01-05,601318,14:53:46,72.3500,70,2
2026-01-05,601318,14:53:49,72.3500,158,2
2026-01-05,601318,14:53:52,72.3900,255,1
2026-01-05,601318,14:53:55,72.3600,114,2
2026-01-05,601318,14:53:58,72.3700,31,2
2026-01-05,601318,14:54:01,72.3600,261,2
2026-01-05,601318,14:54:04,72.3700,217,1
2026-01-05,601318,14:54:07,72.3800,184,1
2026-01-05,601318,14:54:10,72.3500,66,2
2026-01-05,601318,14:54:13,72.3500,229,2
2026-01-05,601318,14:54:16,72.3700,231,1
2026-01-05,601318,14:54:19,72.3700,155,2
2026-01-05,601318,14:54:22,72.3700,99,2
2026-01-05,601318,14:54:25,72.3700,115,1
2026-01-05,601318,14:54:28,72.3600,78,2
2026-01-05,601318,14:54:31,72.3600,175,1
2026-01-05,601318,14:54:34,72.3600,140,1
2026-01-05,601318,14:54:37,72.3500,53,2
2026-01-05,601318,14:54:40,72.3500,109,1
2026-01-05,601318,14:54:43,72.3300,740,2
2026-01-05,601318,14:54:46,72.3200,183,2
2026-01-05,601318,14:54:49,72.3100,80,2
2026-01-05,601318,14:54:52,72.3100,526,2
2026-01-05,601318,14:54:55,72.3100,79,2
2026-01-05,601318,14:54:58,72.3100,215,1
2026-01-05,601318,14:55:01,72.3100,491,2
2026-01-05,601318,14:55:04,72.3100,174,2
2026-01-05,601318,14:55:07,72.3300,493,1
2026-01-05,601318,14:55:10,72.3200,138,4
2026-01-05,601318,14:55:13,72.3200,553,1
2026-01-05,601318,14:55:16,72.3200,272,2
2026-01-05,601318,14:55:19,72.3100,109,2
2026-01-05,601318,14:55:22,72.3300,503,1
2026-01-05,601318,14:55:25,72.3300,358,1
2026-01-05,601318,14:55:28,72.3200,285,2
2026-01-05,601318,14:55:31,72.3200,855,2
2026-01-05,601318,14:55:34,72.3300,368,1
2026-01-05,601318,14:55:37,72.3400,780,1
2026-01-05,601318,14:55:40,72.3600,377,1
2026-01-05,601318,14:55:43,72.3400,270,2
2026-01-05,601318,14:55:46,72.3400,419,4
2026-01-05,601318,14:55:49,72.3300,220,4
2026-01-05,601318,14:55:52,72.3300,234,1
2026-01-05,601318,14:55:55,72.3600,208,1
2026-01-05,601318,14:55:58,72.3400,95,1
2026-01-05,601318,14:56:01,72.3500,187,1
2026-01-05,601318,14:56:04,72.3700,199,1
2026-01-05,601318,14:56:07,72.3800,134,1
2026-01-05,601318,14:56:10,72.3900,148,1
2026-01-05,601318,14:56:13,72.3800,98,2
2026-01-05,601318,14:56:16,72.3800,290,2
2026-01-05,601318,14:56:19,72.3900,297,4
2026-01-05,601318,14:56:22,72.3700,371,2
2026-01-05,601318,14:56:25,72.3700,480,2
2026-01-05,601318,14:56:28,72.3700,280,2
2026-01-05,601318,14:56:31,72.3500,349,2
2026-01-05,601318,14:56:34,72.3200,210,2
2026-01-05,601318,14:56:37,72.3600,199,1
2026-01-05,601318,14:56:40,72.3500,46,4
2026-01-05,601318,14:56:43,72.3400,197,2
2026-01-05,601318,14:56:46,72.3600,73,1
2026-01-05,601318,14:56:49,72.3500,70,2
2026-01-05,601318,14:56:52,72.3500,304,2
2026-01-05,601318,14:56:55,72.3500,134,1
2026-01-05,601318,14:56:58,72.3600,40,1
2026-01-05,601318,14:57:01,72.3600,40,1
2026-01-05,601318,15:00:03,72.3600,6657,4
2026-01-05,601318,13:17:07,72.5300,124,2
2026-01-05,601318,13:17:10,72.5100,58,2
2026-01-05,601318,13:17:13,72.4700,128,2
2026-01-05,601318,13:17:16,72.5100,50,2
2026-01-05,601318,13:17:19,72.5000,32,1
2026-01-05,601318,13:17:22,72.5000,128,1
2026-01-05,601318,13:17:25,72.4700,70,2
2026-01-05,601318,13:17:28,72.4700,78,1
2026-01-05,601318,13:17:31,72.4700,152,1
2026-01-05,601318,13:17:34,72.4600,135,4
2026-01-05,601318,13:17:37,72.4400,127,2
2026-01-05,601318,13:17:40,72.4400,83,2
2026-01-05,601318,13:17:43,72.4400,219,2
2026-01-05,601318,13:17:46,72.4700,323,1
2026-01-05,601318,13:17:49,72.4900,119,1
2026-01-05,601318,13:17:52,72.5000,976,1
2026-01-05,601318,13:17:55,72.4800,175,2
2026-01-05,601318,13:17:58,72.4900,38,4
2026-01-05,601318,13:18:01,72.4900,65,2
2026-01-05,601318,13:18:04,72.4800,78,2
2026-01-05,601318,13:18:07,72.4900,79,1
2026-01-05,601318,13:18:10,72.4800,79,2
2026-01-05,601318,13:18:13,72.4700,156,2
2026-01-05,601318,13:18:16,72.5000,72,1
2026-01-05,601318,13:18:19,72.5000,59,1
2026-01-05,601318,13:18:22,72.5000,163,1
2026-01-05,601318,13:18:25,72.4900,112,1
2026-01-05,601318,13:18:28,72.5000,96,1
2026-01-05,601318,13:18:31,72.5000,30,1
2026-01-05,601318,13:18:34,72.4800,50,2
2026-01-05,601318,13:18:37,72.4600,173,2
2026-01-05,601318,13:18:40,72.4500,113,2
2026-01-05,601318,13:18:43,72.4500,114,2
2026-01-05,601318,13:18:46,72.4500,111,1
2026-01-05,601318,13:18:49,72.4500,81,1
2026-01-05,601318,13:18:52,72.4600,149,1
2026-01-05,601318,13:18:55,72.4600,104,1
2026-01-05,601318,13:18:58,72.4800,58,1
2026-01-05,601318,13:19:01,72.4700,550,2
2026-01-05,601318,13:19:04,72.4800,62,1
2026-01-05,601318,13:19:07,72.4900,107,1
2026-01-05,601318,13:19:10,72.4800,71,2
2026-01-05,601318,13:19:13,72.5000,53,1
2026-01-05,601318,13:19:16,72.4900,53,1
2026-01-05,601318,13:19:19,72.5000,37,1
2026-01-05,601318,13:19:22,72.5000,43,1
2026-01-05,601318,13:19:25,72.5000,301,1
2026-01-05,601318,13:19:28,72.4900,21,2
2026-01-05,601318,13:19:31,72.5000,48,1
2026-01-05,601318,13:19:34,72.4900,203,2
2026-01-05,601318,13:19:37,72.4800,43,2
2026-01-05,601318,13:19:40,72.4600,84,2
2026-01-05,601318,13:19:43,72.4700,111,4
2026-01-05,601318,13:19:46,72.4800,77,1
2026-01-05,601318,13:19:49,72.4700,98,2
2026-01-05,601318,13:19:52,72.4800,100,1
2026-01-05,601318,13:19:55,72.4800,84,1
2026-01-05,601318,13:19:58,72.4800,134,1
2026-01-05,601318,13:20:01,72.4800,53,1
2026-01-05,601318,13:20:04,72.4700,129,2
2026-01-05,601318,13:20:07,72.4700,83,1
2026-01-05,601318,13:20:10,72.4600,67,2
2026-01-05,601318,13:20:13,72.4700,117,1
2026-01-05,601318,13:20:16,72.4700,41,1
2026-01-05,601318,13:20:19,72.4600,40,2
2026-01-05,601318,13:20:22,72.4500,89,4
2026-01-05,601318,13:20:25,72.4300,87,2
2026-01-05,601318,13:20:28,72.4400,199,1
2026-01-05,601318,13:20:31,72.4400,108,1
2026-01-05,601318,13:20:34,72.4400,45,1
2026-01-05,601318,13:20:37,72.4600,307,1
2026-01-05,601318,13:20:40,72.4400,147,2
2026-01-05,601318,13:20:43,72.4400,82,2
2026-01-05,601318,13:20:46,72.4400,42,1
2026-01-05,601318,13:20:49,72.4200,24,2
2026-01-05,601318,13:20:52,72.4300,80,1
2026-01-05,601318,13:20:55,72.4000,90,2
2026-01-05,601318,13:20:58,72.3700,152,2
2026-01-05,601318,13:21:01,72.3500,107,2
2026-01-05,601318,13:21:04,72.3500,48,1
2026-01-05,601318,13:21:07,72.3500,42,1
2026-01-05,601318,13:21:10,72.3500,75,2
2026-01-05,601318,13:21:13,72.3400,595,2
2026-01-05,601318,13:21:16,72.3300,77,1
2026-01-05,601318,13:21:19,72.3500,109,1
2026-01-05,601318,13:21:22,72.3300,29,2
2026-01-05,601318,13:21:25,72.3700,86,1
2026-01-05,601318,13:21:28,72.3300,111,2
2026-01-05,601318,13:21:31,72.3300,76,2
2026-01-05,601318,13:21:34,72.3600,87,1
2026-01-05,601318,13:21:37,72.3500,121,4
2026-01-05,601318,13:21:40,72.3600,34,1
2026-01-05,601318,13:21:43,72.3600,107,1
2026-01-05,601318,13:21:46,72.3600,39,1
2026-01-05,601318,13:21:49,72.3500,72,1
2026-01-05,601318,13:21:52,72.3400,153,2
2026-01-05,601318,13:21:55,72.3600,75,1
2026-01-05,601318,13:21:58,72.3800,128,1
2026-01-05,601318,13:22:01,72.3900,135,1
2026-01-05,601318,13:22:04,72.3700,60,2
2026-01-05,601318,13:22:07,72.3600,191,2
2026-01-05,601318,13:22:10,72.3300,47,2
2026-01-05,601318,13:22:13,72.3300,148,2
2026-01-05,601318,13:22:16,72.3200,93,2
2026-01-05,601318,13:22:19,72.3300,52,1
2026-01-05,601318,13:22:22,72.3100,8,2
2026-01-05,601318,13:22:25,72.3100,93,2
2026-01-05,601318,13:22:28,72.3100,188,1
2026-01-05,601318,13:22:31,72.3100,103,1
2026-01-05,601318,13:22:34,72.2800,138,2
2026-01-05,601318,13:22:37,72.3100,51,1
2026-01-05,601318,13:22:40,72.2900,46,2
2026-01-05,601318,13:22:43,72.3000,72,4
2026-01-05,601318,13:22:46,72.2800,61,2
2026-01-05,601318,13:22:49,72.2800,25,1
2026-01-05,601318,13:22:52,72.2700,85,2
2026-01-05,601318,13:22:55,72.2700,111,1
2026-01-05,601318,13:22:58,72.2500,144,2
2026-01-05,601318,13:23:01,72.2900,469,1
2026-01-05,601318,13:23:04,72.2900,156,2
2026-01-05,601318,13:23:07,72.2900,512,1
2026-01-05,601318,13:23:10,72.2900,63,1
2026-01-05,601318,13:23:13,72.2900,95,1
2026-01-05,601318,13:23:16,72.2700,24,2
2026-01-05,601318,13:23:19,72.2600,24,2
2026-01-05,601318,13:23:22,72.2700,81,2
2026-01-05,601318,13:23:25,72.3000,63,1
2026-01-05,601318,13:23:28,72.3200,113,1
2026-01-05,601318,13:23:31,72.2900,72,2
2026-01-05,601318,13:23:34,72.3200,63,1
2026-01-05,601318,13:23:37,72.3200,52,1
2026-01-05,601318,13:23:40,72.3200,60,1
2026-01-05,601318,13:23:43,72.3100,115,2
2026-01-05,601318,13:23:46,72.3100,89,1
2026-01-05,601318,13:23:49,72.3000,40,4
2026-01-05,601318,13:23:52,72.3200,48,1
2026-01-05,601318,13:23:55,72.3300,90,1
2026-01-05,601318,13:23:58,72.3100,33,2
2026-01-05,601318,13:24:01,72.2900,337,2
2026-01-05,601318,13:24:04,72.2900,205,2
2026-01-05,601318,13:24:07,72.3100,97,1
2026-01-05,601318,13:24:10,72.2900,68,2
2026-01-05,601318,13:24:13,72.3100,177,1
2026-01-05,601318,13:24:16,72.3000,52,4
2026-01-05,601318,13:24:19,72.2800,79,2
2026-01-05,601318,13:24:22,72.2900,111,1
2026-01-05,601318,13:24:25,72.3100,272,1
2026-01-05,601318,13:24:28,72.3100,73,1
2026-01-05,601318,13:24:31,72.2800,126,2
2026-01-05,601318,13:24:34,72.3200,99,1
2026-01-05,601318,13:24:37,72.3200,102,1
2026-01-05,601318,13:24:40,72.3000,205,2
2026-01-05,601318,13:24:43,72.3000,88,1
2026-01-05,601318,13:24:46,72.3000,67,2
2026-01-05,601318,13:24:49,72.3100,22,1
2026-01-05,601318,13:24:52,72.3100,380,1
2026-01-05,601318,13:24:55,72.3000,565,2
2026-01-05,601318,13:24:58,72.2900,68,4
2026-01-05,601318,13:25:01,72.2900,20,2
2026-01-05,601318,13:25:04,72.2900,56,2
2026-01-05,601318,13:25:07,72.2700,60,2
2026-01-05,601318,13:25:10,72.2400,74,2
2026-01-05,601318,13:25:13,72.2400,89,1
2026-01-05,601318,13:25:16,72.2700,70,1
2026-01-05,601318,13:25:19,72.2400,73,2
2026-01-05,601318,13:25:22,72.2600,26,1
2026-01-05,601318,13:25:25,72.2700,101,1
2026-01-05,601318,13:25:28,72.2900,89,1
2026-01-05,601318,13:25:31,72.2800,161,2
2026-01-05,601318,13:25:34,72.2800,65,2
2026-01-05,601318,13:25:37,72.3000,44,1
2026-01-05,601318,13:25:40,72.2600,35,2
2026-01-05,601318,13:25:43,72.2900,73,1
2026-01-05,601318,13:25:46,72.3000,127,1
2026-01-05,601318,13:25:49,72.3000,208,1
2026-01-05,601318,13:25:52,72.2900,87,1
2026-01-05,601318,13:25:55,72.2600,97,2
2026-01-05,601318,13:25:58,72.2900,52,1
2026-01-05,601318,13:26:01,72.2700,57,2
2026-01-05,601318,13:26:04,72.2900,161,1
2026-01-05,601318,13:26:07,72.3000,109,1
2026-01-05,601318,13:26:10,72.2700,127,2
2026-01-05,601318,13:26:13,72.2900,63,1
2026-01-05,601318,13:26:16,72.2900,89,1
2026-01-05,601318,13:26:19,72.2900,140,2
2026-01-05,601318,13:26:22,72.2900,129,1
2026-01-05,601318,13:26:25,72.2700,103,2
2026-01-05,601318,13:26:28,72.2900,63,1
2026-01-05,601318,13:26:31,72.3000,54,1
2026-01-05,601318,13:26:34,72.2900,41,2
2026-01-05,601318,13:26:37,72.3100,107,1
2026-01-05,601318,13:26:40,72.2800,67,2
2026-01-05,601318,13:26:43,72.3100,75,1
2026-01-05,601318,13:26:46,72.3200,51,1
2026-01-05,601318,13:26:49,72.3200,28,1
2026-01-05,601318,13:26:52,72.3100,112,2
2026-01-05,601318,13:26:55,72.3300,98,1
2026-01-05,601318,13:26:58,72.3200,58,1
2026-01-05,601318,13:27:01,72.2900,66,2
2026-01-05,601318,13:27:04,72.3000,58,4
2026-01-05,601318,13:27:07,72.3200,81,1
2026-01-05,601318,13:27:10,72.2900,115,2
2026-01-05,601318,13:27:13,72.2900,131,2
2026-01-05,601318,13:27:16,72.3200,97,1
2026-01-05,601318,13:27:19,72.3200,190,1
2026-01-05,601318,13:27:22,72.3200,42,2
2026-01-05,601318,13:27:25,72.3300,115,1
2026-01-05,601318,13:27:28,72.3100,91,2
2026-01-05,601318,13:27:31,72.2900,188,2
2026-01-05,601318,13:27:34,72.2900,230,1
2026-01-05,601318,13:27:37,72.2900,132,2
2026-01-05,601318,13:27:40,72.2800,28,1
2026-01-05,601318,13:27:43,72.2600,208,2
2026-01-05,601318,13:27:46,72.2800,67,4
2026-01-05,601318,13:27:49,72.3100,149,1
2026-01-05,601318,13:27:52,72.2200,100,2
2026-01-05,601318,13:27:55,72.2800,313,1
2026-01-05,601318,13:27:58,72.2200,133,2
2026-01-05,601318,13:28:01,72.2800,237,1
2026-01-05,601318,13:28:04,72.2800,156,2
2026-01-05,601318,13:28:07,72.2100,54,2
2026-01-05,601318,13:28:10,72.2000,95,2
2026-01-05,601318,13:28:13,72.2500,52,1
2026-01-05,601318,13:28:16,72.2500,304,1
2026-01-05,601318,13:28:19,72.2200,69,2
2026-01-05,601318,13:28:22,72.2500,68,1
2026-01-05,601318,13:28:25,72.2200,91,2
2026-01-05,601318,13:28:28,72.2400,101,1
2026-01-05,601318,13:28:31,72.2500,161,1
2026-01-05,601318,13:28:34,72.2700,69,1
2026-01-05,601318,13:28:37,72.2600,83,2
2026-01-05,601318,13:28:40,72.2600,157,1
2026-01-05,601318,13:28:43,72.2600,187,1
2026-01-05,601318,13:28:46,72.2600,46,1
2026-01-05,601318,13:28:49,72.2600,52,2
2026-01-05,601318,13:28:52,72.2700,84,1
2026-01-05,601318,13:28:55,72.2700,113,2
2026-01-05,601318,13:28:58,72.2800,156,1
2026-01-05,601318,13:29:01,72.3100,188,1
2026-01-05,601318,13:29:04,72.3200,87,1
2026-01-05,601318,13:29:07,72.3200,81,1
2026-01-05,601318,13:29:10,72.3200,90,2
2026-01-05,601318,13:29:13,72.3400,92,1
2026-01-05,601318,13:29:16,72.3300,60,2
2026-01-05,601318,13:29:19,72.3500,82,1
2026-01-05,601318,13:29:22,72.3500,178,1
2026-01-05,601318,13:29:25,72.3400,96,2
2026-01-05,601318,13:29:28,72.3300,80,2
2026-01-05,601318,13:29:31,72.3400,41,4
2026-01-05,601318,13:29:34,72.4200,717,1
2026-01-05,601318,13:29:37,72.4000,56,4
2026-01-05,601318,13:29:40,72.4200,69,1
2026-01-05,601318,13:29:43,72.4400,141,1
2026-01-05,601318,13:29:46,72.4500,79,1
2026-01-05,601318,13:29:49,72.4500,130,2
2026-01-05,601318,13:29:52,72.4500,188,2
2026-01-05,601318,13:29:55,72.4500,79,1
2026-01-05,601318,13:29:58,72.4400,129,1
2026-01-05,601318,13:30:01,72.4200,82,2
2026-01-05,601318,13:30:04,72.4300,62,4
2026-01-05,601318,13:30:07,72.4400,55,1
2026-01-05,601318,13:30:10,72.4300,150,2
2026-01-05,601318,13:30:13,72.4600,171,1
2026-01-05,601318,13:30:16,72.4400,147,2
2026-01-05,601318,13:30:19,72.4500,16,2
2026-01-05,601318,13:30:22,72.4700,135,1
2026-01-05,601318,13:30:25,72.4700,61,1
2026-01-05,601318,13:30:28,72.4800,191,1
2026-01-05,601318,13:30:31,72.4700,46,2
2026-01-05,601318,13:30:34,72.4800,96,1
2026-01-05,601318,13:30:37,72.4700,128,2
2026-01-05,601318,13:30:40,72.4300,869,2
2026-01-05,601318,13:30:43,72.4300,214,1
2026-01-05,601318,13:30:46,72.4400,67,1
2026-01-05,601318,13:30:49,72.4200,314,2
2026-01-05,601318,13:30:52,72.4100,154,2
2026-01-05,601318,13:30:55,72.4100,67,2
2026-01-05,601318,13:30:58,72.4200,98,1
2026-01-05,601318,13:31:01,72.4200,29,1
2026-01-05,601318,13:31:04,72.4000,34,2
2026-01-05,601318,13:31:07,72.4000,99,1
2026-01-05,601318,13:31:10,72.3900,37,2
2026-01-05,601318,13:31:13,72.4000,75,1
2026-01-05,601318,13:31:16,72.4100,71,1
2026-01-05,601318,13:31:19,72.4200,78,1
2026-01-05,601318,13:31:22,72.4200,51,1
2026-01-05,601318,13:31:25,72.4000,105,2
2026-01-05,601318,13:31:28,72.3900,37,2
2026-01-05,601318,13:31:31,72.3800,109,2
2026-01-05,601318,13:31:34,72.4000,98,1
2026-01-05,601318,13:31:37,72.4000,10,1
2026-01-05,601318,13:31:40,72.4300,73,1
2026-01-05,601318,13:31:43,72.4100,259,2
2026-01-05,601318,13:31:46,72.4000,155,1
2026-01-05,601318,13:31:49,72.3700,83,2
2026-01-05,601318,13:31:52,72.3700,108,2
2026-01-05,601318,13:31:55,72.3400,46,2
2026-01-05,601318,13:31:58,72.3100,142,2
2026-01-05,601318,13:32:01,72.2800,257,2
2026-01-05,601318,13:32:04,72.3100,119,1
2026-01-05,601318,13:32:07,72.3000,78,1
2026-01-05,601318,13:32:10,72.3100,51,1
2026-01-05,601318,13:32:13,72.2700,256,2
2026-01-05,601318,13:32:16,72.2600,44,2
2026-01-05,601318,13:32:19,72.2800,86,1
2026-01-05,601318,13:32:22,72.2700,67,1
2026-01-05,601318,13:32:25,72.2700,77,1
2026-01-05,601318,13:32:28,72.2700,75,1
2026-01-05,601318,13:32:31,72.2700,123,1
2026-01-05,601318,13:32:34,72.2700,67,1
2026-01-05,601318,13:32:37,72.2900,43,1
2026-01-05,601318,13:32:40,72.3000,28,1
2026-01-05,601318,13:32:43,72.3000,103,2
2026-01-05,601318,13:32:46,72.3000,129,2
2026-01-05,601318,13:32:49,72.2500,151,2
2026-01-05,601318,13:32:52,72.2600,63,2
2026-01-05,601318,13:32:55,72.2400,175,2
2026-01-05,601318,13:32:58,72.2400,63,1
2026-01-05,601318,13:33:01,72.2000,145,2
2026-01-05,601318,13:33:04,72.1900,137,2
2026-01-05,601318,13:33:07,72.2000,108,1
2026-01-05,601318,13:33:10,72.2000,67,1
2026-01-05,601318,13:33:13,72.1900,182,2
2026-01-05,601318,13:33:16,72.2400,101,1
2026-01-05,601318,13:33:19,72.2100,110,2
2026-01-05,601318,13:33:22,72.2300,55,1
2026-01-05,601318,13:33:25,72.2300,191,2
2026-01-05,601318,13:33:28,72.2400,109,1
2026-01-05,601318,13:33:31,72.2400,34,2
2026-01-05,601318,13:33:34,72.2500,137,1
2026-01-05,601318,13:33:37,72.2400,258,2
2026-01-05,601318,13:33:40,72.2300,250,2
2026-01-05,601318,13:33:43,72.2300,128,1
2026-01-05,601318,13:33:46,72.2200,138,2
2026-01-05,601318,13:33:49,72.2400,58,1
2026-01-05,601318,13:33:52,72.2500,110,1
2026-01-05,601318,13:33:55,72.2400,66,1
2026-01-05,601318,13:33:58,72.2400,100,1
2026-01-05,601318,13:34:01,72.2600,75,1
2026-01-05,601318,13:34:04,72.2700,191,1
2026-01-05,601318,13:34:07,72.2900,21,1
2026-01-05,601318,13:34:10,72.3000,69,1
2026-01-05,601318,13:34:13,72.2900,75,2
2026-01-05,601318,13:34:16,72.2600,67,2
2026-01-05,601318,13:34:19,72.2200,299,2
2026-01-05,601318,13:34:22,72.1900,216,2
2026-01-05,601318,13:34:25,72.1800,208,2
2026-01-05,601318,13:34:28,72.2200,210,1
2026-01-05,601318,13:34:31,72.2000,25,2
2026-01-05,601318,13:34:34,72.1900,172,2
2026-01-05,601318,13:34:37,72.2000,46,2
2026-01-05,601318,13:34:40,72.2100,57,1
2026-01-05,601318,13:34:43,72.2100,116,1
2026-01-05,601318,13:34:46,72.2000,70,2
2026-01-05,601318,13:34:49,72.2000,188,1
2026-01-05,601318,13:34:52,72.2100,45,1
2026-01-05,601318,13:34:55,72.2000,49,2
2026-01-05,601318,13:34:58,72.2100,129,1
2026-01-05,601318,13:35:01,72.1800,122,2
2026-01-05,601318,13:35:04,72.2000,94,2
2026-01-05,601318,13:35:07,72.2200,50,1
2026-01-05,601318,13:35:10,72.2200,228,1
2026-01-05,601318,13:35:13,72.2100,111,1
2026-01-05,601318,13:35:16,72.2100,19,1
2026-01-05,601318,13:35:19,72.2100,97,1
2026-01-05,601318,13:35:22,72.2200,53,1
2026-01-05,601318,13:35:25,72.2200,184,1
2026-01-05,601318,13:35:28,72.2100,88,2
2026-01-05,601318,13:35:31,72.2100,64,2
2026-01-05,601318,13:35:34,72.2000,232,2
2026-01-05,601318,13:35:37,72.2000,136,1
2026-01-05,601318,13:35:40,72.2200,114,1
2026-01-05,601318,13:35:43,72.2000,169,2
2026-01-05,601318,13:35:46,72.1900,189,2
2026-01-05,601318,13:35:49,72.2000,101,4
2026-01-05,601318,13:35:52,72.1900,158,2
2026-01-05,601318,13:35:55,72.1900,71,1
2026-01-05,601318,13:35:58,72.1900,42,1
2026-01-05,601318,13:36:01,72.1700,145,2
2026-01-05,601318,13:36:04,72.1900,176,2
2026-01-05,601318,13:36:07,72.2000,70,1
2026-01-05,601318,13:36:10,72.2000,73,1
2026-01-05,601318,13:36:13,72.2200,144,1
2026-01-05,601318,13:36:16,72.2300,216,1
2026-01-05,601318,13:36:19,72.2300,48,1
2026-01-05,601318,13:36:22,72.2400,81,1
2026-01-05,601318,13:36:25,72.2400,44,1
2026-01-05,601318,13:36:28,72.2500,136,1
2026-01-05,601318,13:36:31,72.2000,304,2
2026-01-05,601318,13:36:34,72.2000,124,1
2026-01-05,601318,13:36:37,72.2100,67,2
2026-01-05,601318,13:36:40,72.2100,88,2
2026-01-05,601318,13:36:43,72.2000,175,2
2026-01-05,601318,13:36:46,72.2500,65,1
2026-01-05,601318,13:36:49,72.2400,229,2
2026-01-05,601318,13:36:52,72.2500,63,1
2026-01-05,601318,13:36:55,72.2400,148,1
2026-01-05,601318,13:36:58,72.2600,99,1
2026-01-05,601318,13:37:01,72.2500,84,1
2026-01-05,601318,13:37:04,72.2300,1065,2
2026-01-05,601318,13:37:07,72.2300,70,1
2026-01-05,601318,13:37:10,72.1900,68,2
2026-01-05,601318,13:37:13,72.2000,136,4
2026-01-05,601318,13:37:16,72.2000,43,1
2026-01-05,601318,13:37:19,72.2000,65,1
2026-01-05,601318,13:37:22,72.2000,83,2
2026-01-05,601318,13:37:25,72.2100,106,2
2026-01-05,601318,13:37:28,72.2100,142,2
2026-01-05,601318,13:37:31,72.2200,85,1
2026-01-05,601318,13:37:34,72.2500,39,1
2026-01-05,601318,13:37:37,72.2500,128,1
2026-01-05,601318,13:37:40,72.2300,57,2
2026-01-05,601318,13:37:43,72.2400,84,1
2026-01-05,601318,13:37:46,72.2300,215,2
2026-01-05,601318,13:37:49,72.2300,105,2
2026-01-05,601318,13:37:52,72.2500,250,1
2026-01-05,601318,13:37:55,72.2300,112,2
2026-01-05,601318,13:37:58,72.2400,162,1
2026-01-05,601318,13:38:01,72.2400,55,1
2026-01-05,601318,13:38:04,72.2400,109,2
2026-01-05,601318,13:38:07,72.2800,988,1
2026-01-05,601318,13:38:10,72.2800,96,1
2026-01-05,601318,13:38:13,72.2700,135,4
2026-01-05,601318,13:38:16,72.2800,64,1
2026-01-05,601318,13:38:19,72.3000,48,1
2026-01-05,601318,13:38:22,72.2800,158,2
2026-01-05,601318,13:38:25,72.3100,1115,1
2026-01-05,601318,13:38:28,72.3100,173,1
2026-01-05,601318,13:38:31,72.3000,167,1
2026-01-05,601318,13:38:34,72.2800,119,2
2026-01-05,601318,13:38:37,72.3200,164,1
2026-01-05,601318,13:38:40,72.3100,59,2
2026-01-05,601318,13:38:43,72.3100,117,1
2026-01-05,601318,13:38:46,72.3300,75,1
2026-01-05,601318,13:38:49,72.3100,56,1
2026-01-05,601318,13:38:52,72.3000,57,1
2026-01-05,601318,13:38:55,72.3100,20,1
2026-01-05,601318,13:38:58,72.3000,60,2
2026-01-05,601318,13:39:01,72.3000,72,2
2026-01-05,601318,13:39:04,72.3500,100,1
2026-01-05,601318,13:39:07,72.3000,37,2
2026-01-05,601318,13:39:10,72.3100,104,2
2026-01-05,601318,13:39:13,72.3500,103,1
2026-01-05,601318,13:39:16,72.3400,54,1
2026-01-05,601318,13:39:19,72.3000,71,2
2026-01-05,601318,13:39:22,72.2900,109,2
2026-01-05,601318,13:39:25,72.2900,67,1
2026-01-05,601318,13:39:28,72.2800,72,1
2026-01-05,601318,13:39:31,72.2600,49,2
2026-01-05,601318,13:39:34,72.2600,118,4
2026-01-05,601318,13:39:37,72.2500,44,2
2026-01-05,601318,13:39:40,72.2500,34,1
2026-01-05,601318,13:39:43,72.2300,91,2
2026-01-05,601318,13:39:46,72.2400,39,2
2026-01-05,601318,13:39:49,72.2500,23,4
2026-01-05,601318,13:39:52,72.2600,93,1
2026-01-05,601318,13:39:55,72.2600,44,1
2026-01-05,601318,13:39:58,72.2600,112,1
2026-01-05,601318,13:40:01,72.2700,15,4
2026-01-05,601318,13:40:04,72.3000,99,1
2026-01-05,601318,13:40:07,72.2500,322,2
2026-01-05,601318,13:40:10,72.3000,20,1
2026-01-05,601318,13:40:13,72.2900,89,2
2026-01-05,601318,13:40:16,72.2900,159,2
2026-01-05,601318,13:40:19,72.3000,95,1
2026-01-05,601318,13:40:22,72.3100,72,1
2026-01-05,601318,13:40:25,72.2800,219,2
2026-01-05,601318,13:40:28,72.2900,145,1
2026-01-05,601318,13:40:31,72.2600,90,2
2026-01-05,601318,13:40:34,72.2700,81,1
2026-01-05,601318,13:40:37,72.2600,51,2
2026-01-05,601318,13:40:40,72.2700,29,1
2026-01-05,601318,13:40:43,72.2700,87,2
2026-01-05,601318,13:40:46,72.2800,41,1
2026-01-05,601318,13:40:49,72.3200,319,1
2026-01-05,601318,13:40:52,72.3200,30,1
2026-01-05,601318,13:40:55,72.3200,121,1
2026-01-05,601318,13:40:58,72.3400,210,1
2026-01-05,601318,13:41:01,72.3200,37,2
2026-01-05,601318,13:41:04,72.3400,82,1
2026-01-05,601318,13:41:07,72.3400,84,1
2026-01-05,601318,13:41:10,72.3500,20,1
2026-01-05,601318,13:41:13,72.3500,260,1
2026-01-05,601318,13:41:16,72.3500,236,1
2026-01-05,601318,13:41:19,72.3400,84,4
2026-01-05,601318,13:41:22,72.3400,103,1
2026-01-05,601318,13:41:25,72.3400,46,2
2026-01-05,601318,13:41:28,72.3500,86,1
2026-01-05,601318,13:41:31,72.3500,56,2
2026-01-05,601318,13:41:34,72.3600,73,1
2026-01-05,601318,13:41:37,72.3700,52,1
2026-01-05,601318,13:41:40,72.3700,143,1
2026-01-05,601318,13:41:43,72.3700,227,2
2026-01-05,601318,13:41:46,72.3600,194,2
2026-01-05,601318,13:41:49,72.3100,600,2
2026-01-05,601318,13:41:52,72.3200,75,1
2026-01-05,601318,13:41:55,72.3200,117,1
2026-01-05,601318,13:41:58,72.3200,153,1
2026-01-05,601318,13:42:01,72.2700,110,2
2026-01-05,601318,13:42:04,72.2700,90,2
2026-01-05,601318,13:42:07,72.2800,56,1
2026-01-05,601318,13:42:10,72.2900,67,2
2026-01-05,601318,13:42:13,72.3200,89,1
2026-01-05,601318,13:42:16,72.3000,74,4
2026-01-05,601318,13:42:19,72.3100,34,1
2026-01-05,601318,13:42:22,72.3100,43,1
2026-01-05,601318,13:42:25,72.3200,31,1
2026-01-05,601318,13:42:28,72.3200,86,1
2026-01-05,601318,13:42:31,72.3400,187,1
2026-01-05,601318,13:42:34,72.3500,379,1
2026-01-05,601318,13:42:37,72.3700,57,1
2026-01-05,601318,13:42:40,72.3900,57,1
2026-01-05,601318,13:42:43,72.3900,228,1
2026-01-05,601318,13:42:46,72.3800,141,2
2026-01-05,601318,13:42:49,72.3900,64,1
2026-01-05,601318,13:42:52,72.3900,64,1
2026-01-05,601318,13:42:55,72.3900,110,1
2026-01-05,601318,13:42:58,72.3900,143,1
2026-01-05,601318,13:43:01,72.3900,239,1
2026-01-05,601318,13:43:04,72.3900,150,1
2026-01-05,601318,13:43:07,72.3900,73,1
2026-01-05,601318,13:43:10,72.3600,249,2
2026-01-05,601318,13:43:13,72.3700,64,1
2026-01-05,601318,13:43:16,72.3900,41,1
2026-01-05,601318,13:43:19,72.3900,30,1
2026-01-05,601318,13:43:22,72.3900,29,1
2026-01-05,601318,13:43:25,72.4300,276,1
2026-01-05,601318,13:43:28,72.4400,86,1
2026-01-05,601318,13:43:31,72.4300,74,1
2026-01-05,601318,13:43:34,72.4200,228,2
2026-01-05,601318,13:43:37,72.4200,348,1
2026-01-05,601318,13:43:40,72.4200,47,1
2026-01-05,601318,13:43:43,72.4100,155,4
2026-01-05,601318,13:43:46,72.4000,248,2
2026-01-05,601318,13:43:49,72.3800,444,2
2026-01-05,601318,13:43:52,72.3800,67,4
2026-01-05,601318,13:43:55,72.4000,50,1
2026-01-05,601318,13:43:58,72.4000,112,1
2026-01-05,601318,13:44:01,72.4000,111,2
2026-01-05,601318,13:44:04,72.4100,169,4
2026-01-05,601318,13:44:07,72.4000,314,2
2026-01-05,601318,13:44:10,72.4300,171,1
2026-01-05,601318,13:44:13,72.4000,68,2
2026-01-05,601318,13:44:16,72.4300,122,1
2026-01-05,601318,13:44:19,72.4300,38,2
2026-01-05,601318,13:44:22,72.4600,82,1
2026-01-05,601318,13:44:25,72.4800,73,1
2026-01-05,601318,13:44:28,72.4800,100,1
2026-01-05,601318,13:44:31,72.4800,28,1
2026-01-05,601318,13:44:34,72.4800,147,1
2026-01-05,601318,13:44:37,72.4800,213,1
2026-01-05,601318,13:44:40,72.5000,119,1
2026-01-05,601318,13:44:43,72.5000,75,1
2026-01-05,601318,13:44:46,72.4900,187,1
2026-01-05,601318,13:44:49,72.4800,183,2
2026-01-05,601318,13:44:52,72.4800,427,1
2026-01-05,601318,13:44:55,72.4900,173,1
2026-01-05,601318,13:44:58,72.4800,85,1
2026-01-05,601318,13:45:01,72.4600,27,2
2026-01-05,601318,13:45:04,72.5000,450,1
2026-01-05,601318,13:45:07,72.4800,137,1
2026-01-05,601318,13:45:10,72.4700,41,2
2026-01-05,601318,13:45:13,72.4800,226,1
2026-01-05,601318,13:45:16,72.4800,106,2
2026-01-05,601318,13:45:19,72.4800,103,2
2026-01-05,601318,13:45:22,72.4900,186,1
2026-01-05,601318,13:45:25,72.4900,65,1
2026-01-05,601318,13:45:28,72.4900,52,2
2026-01-05,601318,13:45:31,72.4900,68,2
2026-01-05,601318,13:45:34,72.5000,295,1
2026-01-05,601318,13:45:37,72.5000,118,1
2026-01-05,601318,13:45:40,72.4900,44,2
2026-01-05,601318,13:45:43,72.4900,586,2
2026-01-05,601318,13:45:46,72.5200,240,1
2026-01-05,601318,13:45:49,72.5300,171,1
2026-01-05,601318,13:45:52,72.5300,56,1
2026-01-05,601318,13:45:55,72.5400,65,1
2026-01-05,601318,13:45:58,72.5500,86,1
2026-01-05,601318,13:46:01,72.5400,103,2
2026-01-05,601318,13:46:04,72.5300,182,2
2026-01-05,601318,13:46:07,72.5300,281,2
2026-01-05,601318,13:46:10,72.5400,477,4
2026-01-05,601318,13:46:13,72.5400,130,1
2026-01-05,601318,13:46:16,72.5400,97,1
2026-01-05,601318,13:46:19,72.5600,143,1
2026-01-05,601318,13:46:22,72.5700,364,1
2026-01-05,601318,13:46:25,72.5700,127,2
2026-01-05,601318,13:46:28,72.5800,156,1
2026-01-05,601318,13:46:31,72.5800,167,1
2026-01-05,601318,13:46:34,72.5800,113,1
2026-01-05,601318,13:46:37,72.5900,80,1
2026-01-05,601318,13:46:40,72.5800,429,2
2026-01-05,601318,13:46:43,72.5800,143,2
2026-01-05,601318,13:46:46,72.5900,215,1
2026-01-05,601318,13:46:49,72.6000,1027,1
2026-01-05,601318,13:46:52,72.5600,542,2
2026-01-05,601318,13:46:55,72.5500,351,2
2026-01-05,601318,13:46:58,72.5600,105,1
2026-01-05,601318,13:47:01,72.5300,388,2
2026-01-05,601318,13:47:04,72.5600,679,1
2026-01-05,601318,13:47:07,72.5600,39,1
2026-01-05,601318,13:47:10,72.5200,141,2
2026-01-05,601318,13:47:13,72.5600,72,1
2026-01-05,601318,13:47:16,72.5400,41,2
2026-01-05,601318,13:47:19,72.5400,20,4
2026-01-05,601318,13:47:22,72.5300,124,2
2026-01-05,601318,13:47:25,72.5300,689,2
2026-01-05,601318,13:47:28,72.5300,472,1
2026-01-05,601318,13:47:31,72.5400,100,1
2026-01-05,601318,13:47:34,72.5400,116,1
2026-01-05,601318,13:47:37,72.5400,168,2
2026-01-05,601318,13:47:40,72.5500,617,1
2026-01-05,601318,13:47:43,72.5600,101,1
2026-01-05,601318,13:47:46,72.5700,162,1
2026-01-05,601318,13:47:49,72.5900,111,1
2026-01-05,601318,13:47:52,72.5800,64,4
2026-01-05,601318,13:47:55,72.5900,67,1
2026-01-05,601318,13:47:58,72.6000,111,1
2026-01-05,601318,13:48:01,72.5700,145,2
2026-01-05,601318,13:48:04,72.5700,156,1
2026-01-05,601318,13:48:07,72.5500,78,2
2026-01-05,601318,13:48:10,72.5600,73,1
2026-01-05,601318,13:48:13,72.5500,238,1
2026-01-05,601318,13:48:16,72.5700,144,1
2026-01-05,601318,13:48:19,72.5700,248,1
2026-01-05,601318,13:48:22,72.5600,83,2
2026-01-05,601318,13:48:25,72.6000,522,1
2026-01-05,601318,13:48:28,72.6000,199,1
2026-01-05,601318,13:48:31,72.5900,274,2
2026-01-05,601318,13:48:34,72.6100,44,1
2026-01-05,601318,13:48:37,72.6000,181,2
2026-01-05,601318,13:48:40,72.6000,70,2
2026-01-05,601318,13:48:43,72.6100,126,1
2026-01-05,601318,13:48:46,72.6100,168,1
2026-01-05,601318,13:48:49,72.6200,411,1
2026-01-05,601318,13:48:52,72.6200,57,1
2026-01-05,601318,13:48:55,72.6000,97,2
2026-01-05,601318,13:48:58,72.6100,261,2
2026-01-05,601318,13:49:01,72.5900,185,2
2026-01-05,601318,13:49:04,72.5600,111,2
2026-01-05,601318,13:49:07,72.5600,219,1
2026-01-05,601318,13:49:10,72.5400,442,2
2026-01-05,601318,13:49:13,72.5500,140,1
2026-01-05,601318,13:49:16,72.5700,80,1
2026-01-05,601318,13:49:19,72.5700,75,2
2026-01-05,601318,13:49:22,72.5800,60,1
2026-01-05,601318,13:49:25,72.5700,81,1
2026-01-05,601318,13:49:28,72.5800,55,1
2026-01-05,601318,13:49:31,72.5200,44,2
2026-01-05,601318,13:49:34,72.5400,46,1
2026-01-05,601318,13:49:37,72.5300,61,1
2026-01-05,601318,13:49:40,72.5200,34,2
2026-01-05,601318,13:49:43,72.5500,167,1
2026-01-05,601318,13:49:46,72.5200,79,2
2026-01-05,601318,13:49:49,72.5200,52,1
2026-01-05,601318,13:49:52,72.5000,133,2
2026-01-05,601318,13:49:55,72.5100,82,1
2026-01-05,601318,13:49:58,72.5100,45,1
2026-01-05,601318,13:50:01,72.5100,77,1
2026-01-05,601318,13:50:04,72.5000,152,2
2026-01-05,601318,13:50:07,72.5200,80,1
2026-01-05,601318,13:50:10,72.5200,122,1
2026-01-05,601318,13:50:13,72.5500,82,1
2026-01-05,601318,13:50:16,72.5200,282,2
2026-01-05,601318,13:50:19,72.5300,253,1
2026-01-05,601318,13:50:22,72.5600,82,1
2026-01-05,601318,13:50:25,72.5700,95,1
2026-01-05,601318,13:50:28,72.5400,160,2
2026-01-05,601318,13:50:31,72.5400,39,1
2026-01-05,601318,13:50:34,72.5500,163,4
2026-01-05,601318,13:50:37,72.5500,36,1
2026-01-05,601318,13:50:40,72.5500,93,1
2026-01-05,601318,13:50:43,72.5500,172,1
2026-01-05,601318,13:50:46,72.5500,251,1
2026-01-05,601318,13:50:49,72.5500,32,2
2026-01-05,601318,13:50:52,72.5600,82,1
2026-01-05,601318,13:50:55,72.5600,104,2
2026-01-05,601318,13:50:58,72.5400,197,2
2026-01-05,601318,13:51:01,72.5300,184,2
2026-01-05,601318,13:51:04,72.5200,366,2
2026-01-05,601318,13:51:07,72.5200,154,1
2026-01-05,601318,13:51:10,72.5100,126,1
2026-01-05,601318,13:51:13,72.5200,70,1
2026-01-05,601318,13:51:16,72.5300,282,1
2026-01-05,601318,13:51:19,72.5300,204,1
2026-01-05,601318,13:51:22,72.5300,167,1
2026-01-05,601318,13:51:25,72.5200,142,2
2026-01-05,601318,13:51:28,72.5200,102,1
2026-01-05,601318,13:51:31,72.5300,55,1
2026-01-05,601318,13:51:34,72.5100,138,2
2026-01-05,601318,13:51:37,72.5200,137,1
2026-01-05,601318,13:51:40,72.5500,62,1
2026-01-05,601318,13:51:43,72.5300,110,4
2026-01-05,601318,13:51:46,72.5500,17,1
2026-01-05,601318,13:51:49,72.5300,88,2
2026-01-05,601318,13:51:52,72.5300,81,2
2026-01-05,601318,13:51:55,72.5300,194,2
2026-01-05,601318,13:51:58,72.5200,123,2
2026-01-05,601318,13:52:01,72.5300,92,1
2026-01-05,601318,13:52:04,72.5200,78,2
2026-01-05,601318,13:52:07,72.5300,46,1
2026-01-05,601318,13:52:10,72.5300,35,2
2026-01-05,601318,13:52:13,72.5300,161,1
2026-01-05,601318,13:52:16,72.5300,62,2
2026-01-05,601318,13:52:19,72.5200,38,2
2026-01-05,601318,13:52:22,72.5300,105,1
2026-01-05,601318,13:52:25,72.5300,61,1
2026-01-05,601318,13:52:28,72.5300,31,1
2026-01-05,601318,13:52:31,72.5400,182,1
2026-01-05,601318,13:52:34,72.5400,99,1
2026-01-05,601318,13:52:37,72.5400,81,2
2026-01-05,601318,13:52:40,72.5400,59,2
2026-01-05,601318,13:52:43,72.5300,483,2
2026-01-05,601318,13:52:46,72.5100,206,2
2026-01-05,601318,13:52:49,72.5100,119,1
2026-01-05,601318,13:52:52,72.5100,120,1
2026-01-05,601318,13:52:55,72.5100,33,1
2026-01-05,601318,13:52:58,72.5300,137,1
2026-01-05,601318,13:53:01,72.5300,43,1
2026-01-05,601318,13:53:04,72.5100,219,2
2026-01-05,601318,13:53:07,72.5200,44,1
2026-01-05,601318,13:53:10,72.5300,56,1
2026-01-05,601318,13:53:13,72.5400,99,1
2026-01-05,601318,13:53:16,72.5500,256,1
2026-01-05,601318,13:53:19,72.5500,122,1
2026-01-05,601318,13:53:22,72.5600,78,1
2026-01-05,601318,13:53:25,72.5500,652,2
2026-01-05,601318,13:53:28,72.5400,143,1
2026-01-05,601318,13:53:31,72.5200,57,2
2026-01-05,601318,13:53:34,72.5400,67,1
2026-01-05,601318,13:53:37,72.5400,82,2
2026-01-05,601318,13:53:40,72.5400,78,1
2026-01-05,601318,13:53:43,72.5200,156,2
2026-01-05,601318,13:53:46,72.5300,75,1
2026-01-05,601318,13:53:49,72.5200,57,2
2026-01-05,601318,13:53:52,72.5200,92,2
2026-01-05,601318,13:53:55,72.5200,31,2
2026-01-05,601318,13:53:58,72.5200,68,1
2026-01-05,601318,13:54:01,72.5000,118,2
2026-01-05,601318,13:54:04,72.5100,61,1
2026-01-05,601318,13:54:07,72.5000,28,1
2026-01-05,601318,13:54:10,72.4900,28,4
2026-01-05,601318,13:54:13,72.4900,76,2
2026-01-05,601318,13:54:16,72.5000,161,1
2026-01-05,601318,13:54:19,72.5100,27,1
2026-01-05,601318,13:54:22,72.5100,133,1
2026-01-05,601318,13:54:25,72.5100,132,2
2026-01-05,601318,13:54:28,72.5200,77,1
2026-01-05,601318,13:54:31,72.5100,70,4
2026-01-05,601318,13:54:34,72.5300,78,1
2026-01-05,601318,13:54:37,72.5200,24,1
2026-01-05,601318,13:54:40,72.5300,184,1
2026-01-05,601318,13:54:43,72.5200,46,2
2026-01-05,601318,13:54:46,72.5200,77,1
2026-01-05,601318,13:54:49,72.5100,285,2
2026-01-05,601318,13:54:52,72.5300,799,1
2026-01-05,601318,13:54:55,72.5300,28,1
2026-01-05,601318,13:54:58,72.5400,46,1
2026-01-05,601318,13:55:01,72.5300,112,2
2026-01-05,601318,13:55:04,72.5300,267,2
2026-01-05,601318,13:55:07,72.5500,159,1
2026-01-05,601318,13:55:10,72.5500,138,2
2026-01-05,601318,13:55:13,72.5400,41,2
2026-01-05,601318,13:55:16,72.5500,25,1
2026-01-05,601318,13:55:19,72.5300,18,2
2026-01-05,601318,13:55:22,72.5200,186,2
2026-01-05,601318,13:55:25,72.5300,128,2
2026-01-05,601318,13:55:28,72.5400,17,2
2026-01-05,601318,13:55:31,72.5400,30,1
2026-01-05,601318,13:55:34,72.5400,106,2
2026-01-05,601318,13:55:37,72.5500,44,1
2026-01-05,601318,13:55:40,72.5500,108,1
2026-01-05,601318,13:55:43,72.5400,99,2
2026-01-05,601318,13:55:46,72.5400,32,1
2026-01-05,601318,13:55:49,72.5300,37,2
2026-01-05,601318,13:55:52,72.5300,240,2
2026-01-05,601318,13:55:55,72.5300,193,1
2026-01-05,601318,13:55:58,72.5200,67,2
2026-01-05,601318,13:56:01,72.5100,42,2
2026-01-05,601318,13:56:04,72.5300,185,1
2026-01-05,601318,13:56:07,72.5400,106,1
2026-01-05,601318,13:56:10,72.5300,125,2
2026-01-05,601318,13:56:13,72.5300,95,1
2026-01-05,601318,13:56:16,72.5300,56,1
2026-01-05,601318,13:56:19,72.5200,50,2
2026-01-05,601318,13:56:22,72.5200,235,2
2026-01-05,601318,13:56:25,72.5300,50,1
2026-01-05,601318,13:56:28,72.5300,514,2
2026-01-05,601318,13:56:31,72.5300,420,2
2026-01-05,601318,13:56:34,72.5600,116,1
2026-01-05,601318,13:56:37,72.5600,45,1
2026-01-05,601318,13:56:40,72.5300,82,2
2026-01-05,601318,13:56:43,72.5500,36,1
2026-01-05,601318,13:56:46,72.5400,29,2
2026-01-05,601318,13:56:49,72.5400,103,2
2026-01-05,601318,13:56:52,72.5400,51,1
2026-01-05,601318,13:56:55,72.5400,177,1
2026-01-05,601318,13:56:58,72.5500,31,1
2026-01-05,601318,13:57:01,72.5600,115,1
2026-01-05,601318,13:57:04,72.5600,78,1
2026-01-05,601318,13:57:07,72.5400,152,2
2026-01-05,601318,13:57:10,72.5400,31,1
2026-01-05,601318,13:57:13,72.5600,158,1
2026-01-05,601318,13:57:16,72.5600,60,1
2026-01-05,601318,13:57:19,72.5600,20,1
2026-01-05,601318,13:57:22,72.5600,166,1
2026-01-05,601318,13:57:25,72.5700,19,1
2026-01-05,601318,13:57:28,72.5600,24,2
2026-01-05,601318,13:57:31,72.5600,179,2
2026-01-05,601318,13:57:34,72.5700,88,1
2026-01-05,601318,13:57:37,72.5700,75,2
2026-01-05,601318,13:57:40,72.5700,86,2
2026-01-05,601318,13:57:43,72.5800,119,1
2026-01-05,601318,13:57:46,72.5700,84,2
2026-01-05,601318,13:57:49,72.5800,16,1
2026-01-05,601318,13:57:52,72.5700,30,2
2026-01-05,601318,13:57:55,72.5500,202,2
2026-01-05,601318,13:57:58,72.5400,102,2
2026-01-05,601318,13:58:01,72.5300,42,2
2026-01-05,601318,13:58:04,72.5300,113,2
2026-01-05,601318,13:58:07,72.5400,113,1
2026-01-05,601318,13:58:10,72.5400,95,1
2026-01-05,601318,13:58:13,72.5400,170,1
2026-01-05,601318,13:58:16,72.5400,44,1
2026-01-05,601318,13:58:19,72.5500,67,1
2026-01-05,601318,13:58:22,72.5500,155,1
2026-01-05,601318,13:58:25,72.5900,1532,1
2026-01-05,601318,13:58:28,72.6000,64,1
2026-01-05,601318,13:58:31,72.5900,64,2
2026-01-05,601318,13:58:34,72.6000,196,1
2026-01-05,601318,13:58:37,72.5900,165,2
2026-01-05,601318,13:58:40,72.5900,94,2
2026-01-05,601318,13:58:43,72.6000,266,1
2026-01-05,601318,13:58:46,72.6000,264,1
2026-01-05,601318,13:58:49,72.6200,357,1
2026-01-05,601318,13:58:52,72.6400,110,1
2026-01-05,601318,13:58:55,72.6500,124,1
2026-01-05,601318,13:58:58,72.6400,194,2
2026-01-05,601318,13:59:01,72.6600,442,1
2026-01-05,601318,13:59:04,72.6700,460,1
2026-01-05,601318,13:59:07,72.6700,46,1
2026-01-05,601318,13:59:10,72.6500,22,2
2026-01-05,601318,13:59:13,72.6500,409,2
2026-01-05,601318,13:59:16,72.6400,34,4
2026-01-05,601318,13:59:19,72.6400,134,1
2026-01-05,601318,13:59:22,72.6100,92,2
2026-01-05,601318,13:59:25,72.6600,131,1
2026-01-05,601318,13:59:28,72.6600,79,1
2026-01-05,601318,13:59:31,72.6400,51,2
2026-01-05,601318,13:59:34,72.6400,200,2
2026-01-05,601318,13:59:37,72.6500,39,1
2026-01-05,601318,13:59:40,72.6400,109,2
2026-01-05,601318,13:59:43,72.6600,197,1
2026-01-05,601318,13:59:46,72.6600,66,1
2026-01-05,601318,13:59:49,72.6600,113,1
2026-01-05,601318,13:59:52,72.6500,281,2
2026-01-05,601318,13:59:55,72.6600,76,1
2026-01-05,601318,13:59:58,72.6500,111,2
2026-01-05,601318,14:00:01,72.6500,335,2
2026-01-05,601318,14:00:04,72.6700,181,1
2026-01-05,601318,14:00:07,72.6800,207,1
2026-01-05,601318,14:00:10,72.7000,260,1
2026-01-05,601318,14:00:13,72.7400,2323,1
2026-01-05,601318,14:00:16,72.7400,425,2
2026-01-05,601318,14:00:19,72.7300,53,2
2026-01-05,601318,14:00:22,72.7300,170,1
2026-01-05,601318,14:00:25,72.7400,57,1
2026-01-05,601318,14:00:28,72.7800,65,1
2026-01-05,601318,14:00:31,72.7900,232,1
2026-01-05,601318,14:00:34,72.7900,70,1
2026-01-05,601318,14:00:37,72.7900,105,1
2026-01-05,601318,14:00:40,72.8000,1116,1
2026-01-05,601318,14:00:43,72.8000,118,1
2026-01-05,601318,14:00:46,72.7800,371,2
2026-01-05,601318,14:00:49,72.7800,79,1
2026-01-05,601318,14:00:52,72.7600,284,2
2026-01-05,601318,14:00:55,72.7700,154,1
2026-01-05,601318,14:00:58,72.7800,249,1
2026-01-05,601318,14:01:01,72.7800,336,2
2026-01-05,601318,14:01:04,72.7700,328,2
2026-01-05,601318,14:01:07,72.8000,929,1
2026-01-05,601318,14:01:10,72.7600,54,2
2026-01-05,601318,14:01:13,72.8800,4596,1
2026-01-05,601318,14:01:16,72.9900,21604,1
2026-01-05,601318,14:01:19,72.9100,2909,2
2026-01-05,601318,14:01:22,72.8900,89,2
2026-01-05,601318,14:01:25,72.9600,425,1
2026-01-05,601318,14:01:28,72.9100,156,2
2026-01-05,601318,14:01:31,72.9300,197,2
2026-01-05,601318,14:01:34,72.9300,497,2
2026-01-05,601318,14:01:37,72.9100,810,2
2026-01-05,601318,14:01:40,72.9300,105,1
2026-01-05,601318,14:01:43,72.9200,129,4
2026-01-05,601318,14:01:46,72.9100,55,2
2026-01-05,601318,14:01:49,72.9000,102,1
2026-01-05,601318,14:01:52,72.8400,1074,2
2026-01-05,601318,14:01:55,72.8800,381,1
2026-01-05,601318,14:01:58,72.8300,52,2
2026-01-05,601318,14:02:01,72.8200,55,2
2026-01-05,601318,14:02:04,72.7800,144,2
2026-01-05,601318,14:02:07,72.8400,282,1
2026-01-05,601318,14:02:10,72.8200,294,2
2026-01-05,601318,14:02:13,72.8300,69,2
2026-01-05,601318,14:02:16,72.8900,145,1
2026-01-05,601318,14:02:19,72.9100,317,1
2026-01-05,601318,14:02:22,72.9100,199,1
2026-01-05,601318,14:02:25,72.9000,150,2
2026-01-05,601318,14:02:28,72.8900,165,2
2026-01-05,601318,14:02:31,72.8900,33,2
2026-01-05,601318,14:02:34,72.9000,78,1
2026-01-05,601318,14:02:37,72.8900,326,2
2026-01-05,601318,14:02:40,72.8800,115,2
2026-01-05,601318,14:02:43,72.8900,298,1
2026-01-05,601318,14:02:46,72.8800,109,1
2026-01-05,601318,14:02:49,72.9000,202,1
2026-01-05,601318,14:02:52,72.8700,43,1
2026-01-05,601318,14:02:55,72.8700,167,1
2026-01-05,601318,14:02:58,72.8400,150,2
2026-01-05,601318,14:03:01,72.8400,580,1
2026-01-05,601318,14:03:04,72.8400,420,2
2026-01-05,601318,14:03:07,72.8500,141,1
2026-01-05,601318,14:03:10,72.8600,148,1
2026-01-05,601318,14:03:13,72.8600,99,2
2026-01-05,601318,14:03:16,72.8900,135,1
2026-01-05,601318,14:03:19,72.8900,92,1
2026-01-05,601318,14:03:22,72.9000,109,1
2026-01-05,601318,14:03:25,72.8900,230,4
2026-01-05,601318,14:03:28,72.8900,86,1
2026-01-05,601318,14:03:31,72.8700,239,2
2026-01-05,601318,14:03:34,72.8300,290,2
2026-01-05,601318,14:03:37,72.8500,56,1
2026-01-05,601318,14:03:40,72.8300,119,1
2026-01-05,601318,14:03:43,72.8200,180,2
2026-01-05,601318,14:03:46,72.7900,105,2
2026-01-05,601318,14:03:49,72.7500,57,2
2026-01-05,601318,14:03:52,72.8000,133,1
2026-01-05,601318,14:03:55,72.8700,333,1
2026-01-05,601318,14:03:58,72.8200,28,2
2026-01-05,601318,14:04:01,72.7900,94,2
2026-01-05,601318,14:04:04,72.7800,196,2
2026-01-05,601318,14:04:07,72.8000,135,1
2026-01-05,601318,14:04:10,72.7900,63,1
2026-01-05,601318,14:04:13,72.8000,132,1
2026-01-05,601318,14:04:16,72.8500,177,1
2026-01-05,601318,14:04:19,72.8700,145,1
2026-01-05,601318,14:04:22,72.8400,261,2
2026-01-05,601318,14:04:25,72.8800,184,1
2026-01-05,601318,14:04:28,72.8400,59,2
2026-01-05,601318,14:04:31,72.8000,117,2
2026-01-05,601318,14:04:34,72.7900,281,2
2026-01-05,601318,14:04:37,72.8300,286,1
2026-01-05,601318,14:04:40,72.8300,69,1
2026-01-05,601318,14:04:43,72.8200,125,2
2026-01-05,601318,14:04:46,72.8100,174,2
2026-01-05,601318,14:04:49,72.8300,206,1
2026-01-05,601318,14:04:52,72.8000,213,2
2026-01-05,601318,14:04:55,72.8100,341,2
2026-01-05,601318,14:04:58,72.7900,127,2
2026-01-05,601318,14:05:01,72.7800,56,2
2026-01-05,601318,14:05:04,72.7900,142,1
2026-01-05,601318,14:05:07,72.7000,103,2
2026-01-05,601318,14:05:10,72.7200,53,2
2026-01-05,601318,14:05:13,72.7800,59,1
2026-01-05,601318,14:05:16,72.7800,104,1
2026-01-05,601318,14:05:19,72.8000,55,1
2026-01-05,601318,14:05:22,72.7800,161,2
2026-01-05,601318,14:05:25,72.8200,172,1
2026-01-05,601318,14:05:28,72.8200,213,1
2026-01-05,601318,14:05:31,72.8300,118,1
2026-01-05,601318,14:05:34,72.7700,273,2
2026-01-05,601318,14:05:37,72.7500,278,2
2026-01-05,601318,14:05:40,72.7200,96,2
2026-01-05,601318,14:05:43,72.7300,113,2
2026-01-05,601318,14:05:46,72.7100,156,2
2026-01-05,601318,14:05:49,72.7400,50,1
2026-01-05,601318,14:05:52,72.7300,53,1
2026-01-05,601318,14:05:55,72.7300,81,1
2026-01-05,601318,14:05:58,72.7300,183,2
2026-01-05,601318,14:06:01,72.7300,157,2
2026-01-05,601318,14:06:04,72.7500,51,4
2026-01-05,601318,14:06:07,72.7600,61,1
2026-01-05,601318,14:06:10,72.7500,42,2
2026-01-05,601318,14:06:13,72.7600,70,2
2026-01-05,601318,14:06:16,72.7600,100,1
2026-01-05,601318,14:06:19,72.7700,79,1
2026-01-05,601318,14:06:22,72.7700,100,1
2026-01-05,601318,14:06:25,72.7900,94,1
2026-01-05,601318,14:06:28,72.7600,115,2
2026-01-05,601318,14:06:31,72.7800,81,1
2026-01-05,601318,14:06:34,72.7700,391,2
2026-01-05,601318,14:06:37,72.7700,167,1
2026-01-05,601318,14:06:40,72.7600,56,2
2026-01-05,601318,14:06:43,72.7600,105,2
2026-01-05,601318,14:06:46,72.7700,123,1
2026-01-05,601318,14:06:49,72.7800,50,1
2026-01-05,601318,14:06:52,72.7900,52,1
2026-01-05,601318,14:06:55,72.7900,41,1
2026-01-05,601318,14:06:58,72.8000,211,1
2026-01-05,601318,14:07:01,72.8000,60,1
2026-01-05,601318,14:07:04,72.7900,225,2
2026-01-05,601318,10:57:10,72.2300,192,2
2026-01-05,601318,10:57:13,72.2200,395,2
2026-01-05,601318,10:57:16,72.2200,124,2
2026-01-05,601318,10:57:19,72.2200,62,2
2026-01-05,601318,10:57:22,72.2300,541,1
2026-01-05,601318,10:57:25,72.2200,94,2
2026-01-05,601318,10:57:28,72.2200,64,2
2026-01-05,601318,10:57:31,72.2200,25,1
2026-01-05,601318,10:57:34,72.2100,44,2
2026-01-05,601318,10:57:37,72.2200,157,1
2026-01-05,601318,10:57:40,72.2300,114,1
2026-01-05,601318,10:57:43,72.2200,81,2
2026-01-05,601318,10:57:46,72.2200,64,2
2026-01-05,601318,10:57:49,72.2200,300,2
2026-01-05,601318,10:57:52,72.1900,493,2
2026-01-05,601318,10:57:55,72.1900,199,1
2026-01-05,601318,10:57:58,72.1900,52,2
2026-01-05,601318,10:58:01,72.1900,28,2
2026-01-05,601318,10:58:04,72.1800,223,2
2026-01-05,601318,10:58:07,72.1600,234,2
2026-01-05,601318,10:58:10,72.1500,60,2
2026-01-05,601318,10:58:13,72.1500,130,2
2026-01-05,601318,10:58:16,72.1500,148,2
2026-01-05,601318,10:58:19,72.1600,44,4
2026-01-05,601318,10:58:22,72.1500,276,2
2026-01-05,601318,10:58:25,72.1700,111,1
2026-01-05,601318,10:58:28,72.1900,163,1
2026-01-05,601318,10:58:31,72.1900,351,1
2026-01-05,601318,10:58:34,72.2100,113,1
2026-01-05,601318,10:58:37,72.2100,227,1
2026-01-05,601318,10:58:40,72.2100,264,1
2026-01-05,601318,10:58:43,72.2100,130,1
2026-01-05,601318,10:58:46,72.2100,19,1
2026-01-05,601318,10:58:49,72.1900,48,2
2026-01-05,601318,10:58:52,72.2000,31,1
2026-01-05,601318,10:58:55,72.2000,59,1
2026-01-05,601318,10:58:58,72.2000,232,2
2026-01-05,601318,10:59:01,72.2000,156,1
2026-01-05,601318,10:59:04,72.2100,196,1
2026-01-05,601318,10:59:07,72.2000,127,2
2026-01-05,601318,10:59:10,72.2100,67,4
2026-01-05,601318,10:59:13,72.2000,197,2
2026-01-05,601318,10:59:16,72.2000,185,2
2026-01-05,601318,10:59:19,72.2000,26,2
2026-01-05,601318,10:59:22,72.2200,114,1
2026-01-05,601318,10:59:25,72.2000,24,2
2026-01-05,601318,10:59:28,72.2000,60,2
2026-01-05,601318,10:59:31,72.2200,70,1
2026-01-05,601318,10:59:34,72.2300,193,1
2026-01-05,601318,10:59:37,72.2500,559,1
2026-01-05,601318,10:59:40,72.2700,411,1
2026-01-05,601318,10:59:43,72.2500,186,2
2026-01-05,601318,10:59:46,72.2500,434,2
2026-01-05,601318,10:59:49,72.2700,59,1
2026-01-05,601318,10:59:52,72.2500,141,2
2026-01-05,601318,10:59:55,72.2700,44,1
2026-01-05,601318,10:59:58,72.2700,371,1
2026-01-05,601318,11:00:01,72.2700,480,2
2026-01-05,601318,11:00:04,72.2500,18,2
2026-01-05,601318,11:00:07,72.2400,370,2
2026-01-05,601318,11:00:10,72.2300,193,2
2026-01-05,601318,11:00:13,72.2400,118,1
2026-01-05,601318,11:00:16,72.2400,64,1
2026-01-05,601318,11:00:19,72.2400,29,1
2026-01-05,601318,11:00:22,72.2500,90,1
2026-01-05,601318,11:00:25,72.2500,104,1
2026-01-05,601318,11:00:28,72.2400,90,2
2026-01-05,601318,11:00:31,72.2400,45,2
2026-01-05,601318,11:00:34,72.2500,27,1
2026-01-05,601318,11:00:37,72.2400,64,2
2026-01-05,601318,11:00:40,72.2400,46,2
2026-01-05,601318,11:00:43,72.2500,81,1
2026-01-05,601318,11:00:46,72.2500,29,1
2026-01-05,601318,11:00:49,72.2500,49,1
2026-01-05,601318,11:00:52,72.2400,49,2
2026-01-05,601318,11:00:55,72.2400,442,2
2026-01-05,601318,11:00:58,72.2400,72,2
2026-01-05,601318,11:01:01,72.2300,153,2
2026-01-05,601318,11:01:04,72.2200,482,2
2026-01-05,601318,11:01:07,72.2200,75,1
2026-01-05,601318,11:01:10,72.2200,61,2
2026-01-05,601318,11:01:13,72.2200,41,2
2026-01-05,601318,11:01:16,72.2300,102,1
2026-01-05,601318,11:01:19,72.2600,1135,1
2026-01-05,601318,11:01:22,72.2600,561,1
2026-01-05,601318,11:01:25,72.2800,146,1
2026-01-05,601318,11:01:28,72.2700,261,2
2026-01-05,601318,11:01:31,72.2800,65,1
2026-01-05,601318,11:01:34,72.2600,369,2
2026-01-05,601318,11:01:37,72.2700,154,1
2026-01-05,601318,11:01:40,72.2900,197,1
2026-01-05,601318,11:01:43,72.3000,134,1
2026-01-05,601318,11:01:46,72.2900,178,4
2026-01-05,601318,11:01:49,72.3000,122,1
2026-01-05,601318,11:01:52,72.2900,605,2
2026-01-05,601318,11:01:55,72.2900,718,2
2026-01-05,601318,11:01:58,72.3100,502,1
2026-01-05,601318,11:02:01,72.3000,308,2
2026-01-05,601318,11:02:04,72.3200,267,4
2026-01-05,601318,11:02:07,72.3200,266,1
2026-01-05,601318,11:02:10,72.3400,240,1
2026-01-05,601318,11:02:13,72.3200,202,2
2026-01-05,601318,11:02:16,72.3500,73,1
2026-01-05,601318,11:02:19,72.3700,349,1
2026-01-05,601318,11:02:22,72.3800,505,1
2026-01-05,601318,11:02:25,72.3700,287,2
2026-01-05,601318,11:02:28,72.3800,51,1
2026-01-05,601318,11:02:31,72.3800,240,1
2026-01-05,601318,11:02:34,72.3800,135,2
2026-01-05,601318,11:02:37,72.3700,335,2
2026-01-05,601318,11:02:40,72.3900,196,1
2026-01-05,601318,11:02:43,72.4000,311,1
2026-01-05,601318,11:02:46,72.4000,231,1
2026-01-05,601318,11:02:49,72.4000,402,1
2026-01-05,601318,11:02:52,72.4400,212,1
2026-01-05,601318,11:02:55,72.4500,151,1
2026-01-05,601318,11:02:58,72.4500,417,1
2026-01-05,601318,11:03:01,72.4500,192,1
2026-01-05,601318,11:03:04,72.4500,239,1
2026-01-05,601318,11:03:07,72.4300,224,2
2026-01-05,601318,11:03:10,72.4300,244,1
2026-01-05,601318,11:03:13,72.4200,42,1
2026-01-05,601318,11:03:16,72.4000,173,2
2026-01-05,601318,11:03:19,72.3900,397,2
2026-01-05,601318,11:03:22,72.3900,226,2
2026-01-05,601318,11:03:25,72.3900,135,2
2026-01-05,601318,11:03:28,72.3900,71,2
2026-01-05,601318,11:03:31,72.4100,394,1
2026-01-05,601318,11:03:34,72.4000,219,2
2026-01-05,601318,11:03:37,72.4000,81,2
2026-01-05,601318,11:03:40,72.4000,30,2
2026-01-05,601318,11:03:43,72.4100,56,1
2026-01-05,601318,11:03:46,72.4200,188,1
2026-01-05,601318,11:03:49,72.4400,171,1
2026-01-05,601318,11:03:52,72.4600,398,1
2026-01-05,601318,11:03:55,72.4600,313,1
2026-01-05,601318,11:03:58,72.4600,145,2
2026-01-05,601318,11:04:01,72.4800,341,1
2026-01-05,601318,11:04:04,72.4800,705,1
2026-01-05,601318,11:04:07,72.4800,550,1
2026-01-05,601318,11:04:10,72.4900,698,1
2026-01-05,601318,11:04:13,72.4800,490,2
2026-01-05,601318,11:04:16,72.4800,487,2
2026-01-05,601318,11:04:19,72.5000,510,1
2026-01-05,601318,11:04:22,72.4900,818,2
2026-01-05,601318,11:04:25,72.4900,380,1
2026-01-05,601318,11:04:28,72.4900,162,1
2026-01-05,601318,11:04:31,72.4900,293,1
2026-01-05,601318,11:04:34,72.4900,110,1
2026-01-05,601318,11:04:37,72.4800,146,2
2026-01-05,601318,11:04:40,72.4900,42,1
2026-01-05,601318,11:04:43,72.4900,49,1
2026-01-05,601318,11:04:46,72.4800,44,2
2026-01-05,601318,11:04:49,72.4800,122,2
2026-01-05,601318,11:04:52,72.4800,392,2
2026-01-05,601318,11:04:55,72.4600,442,2
2026-01-05,601318,11:04:58,72.4600,121,2
2026-01-05,601318,11:05:01,72.4600,67,2
2026-01-05,601318,11:05:04,72.4600,425,2
2026-01-05,601318,11:05:07,72.4600,117,1
2026-01-05,601318,11:05:10,72.4500,159,2
2026-01-05,601318,11:05:13,72.4900,370,1
2026-01-05,601318,11:05:16,72.5000,183,1
2026-01-05,601318,11:05:19,72.5000,263,1
2026-01-05,601318,11:05:22,72.4900,323,2
2026-01-05,601318,11:05:25,72.4900,67,2
2026-01-05,601318,11:05:28,72.5000,732,1
2026-01-05,601318,11:05:31,72.5000,657,1
2026-01-05,601318,11:05:34,72.5000,1591,1
2026-01-05,601318,11:05:37,72.4900,2254,2
2026-01-05,601318,11:05:40,72.5000,5655,1
2026-01-05,601318,11:05:43,72.5100,116,1
2026-01-05,601318,11:05:46,72.5300,323,1
2026-01-05,601318,11:05:49,72.5400,190,1
2026-01-05,601318,11:05:52,72.5400,317,1
2026-01-05,601318,11:05:55,72.5500,893,1
2026-01-05,601318,11:05:58,72.5500,349,2
2026-01-05,601318,11:06:01,72.4700,2347,2
2026-01-05,601318,11:06:04,72.5000,476,1
2026-01-05,601318,11:06:07,72.4400,115,2
2026-01-05,601318,11:06:10,72.4200,98,2
2026-01-05,601318,11:06:13,72.4400,30,1
2026-01-05,601318,11:06:16,72.3900,160,2
2026-01-05,601318,11:06:19,72.3700,98,2
2026-01-05,601318,11:06:22,72.3700,29,2
2026-01-05,601318,11:06:25,72.4000,55,1
2026-01-05,601318,11:06:28,72.3700,39,2
2026-01-05,601318,11:06:31,72.4000,209,1
2026-01-05,601318,11:06:34,72.3900,49,2
2026-01-05,601318,11:06:37,72.4000,56,1
2026-01-05,601318,11:06:40,72.4000,58,1
2026-01-05,601318,11:06:43,72.4000,183,1
2026-01-05,601318,11:06:46,72.3800,77,1
2026-01-05,601318,11:06:49,72.3900,16,1
2026-01-05,601318,11:06:52,72.3700,115,2
2026-01-05,601318,11:06:55,72.3500,35,2
2026-01-05,601318,11:06:58,72.3300,267,2
2026-01-05,601318,11:07:01,72.2900,199,2
2026-01-05,601318,11:07:04,72.3000,47,1
2026-01-05,601318,11:07:07,72.2600,349,2
2026-01-05,601318,11:07:10,72.2200,468,2
2026-01-05,601318,11:07:13,72.1400,633,2
2026-01-05,601318,11:07:16,72.2200,164,1
2026-01-05,601318,11:07:19,72.1900,106,2
2026-01-05,601318,11:07:22,72.2200,168,1
2026-01-05,601318,11:07:25,72.2100,40,4
2026-01-05,601318,11:07:28,72.2100,34,2
2026-01-05,601318,11:07:31,72.1900,41,2
2026-01-05,601318,11:07:34,72.1800,132,2
2026-01-05,601318,11:07:37,72.2000,130,1
2026-01-05,601318,11:07:40,72.2000,39,1
2026-01-05,601318,11:07:43,72.2100,80,1
2026-01-05,601318,11:07:46,72.1900,33,2
2026-01-05,601318,11:07:49,72.2000,34,2
2026-01-05,601318,11:07:52,72.1900,83,2
2026-01-05,601318,11:07:55,72.2000,28,1
2026-01-05,601318,11:07:58,72.1900,66,2
2026-01-05,601318,11:08:01,72.1800,242,2
2026-01-05,601318,11:08:04,72.1600,580,2
2026-01-05,601318,11:08:07,72.1600,210,1
2026-01-05,601318,11:08:10,72.1600,104,1
2026-01-05,601318,11:08:13,72.1500,102,1
2026-01-05,601318,11:08:16,72.1600,102,1
2026-01-05,601318,11:08:19,72.1100,100,2
2026-01-05,601318,11:08:22,72.1700,182,1
2026-01-05,601318,11:08:25,72.2000,113,1
2026-01-05,601318,11:08:28,72.2200,92,1
2026-01-05,601318,11:08:31,72.2400,74,1
2026-01-05,601318,11:08:34,72.2500,47,1
2026-01-05,601318,11:08:37,72.2400,55,2
2026-01-05,601318,11:08:40,72.2800,129,1
2026-01-05,601318,11:08:43,72.2700,203,2
2026-01-05,601318,11:08:46,72.2900,142,1
2026-01-05,601318,11:08:49,72.2600,98,2
2026-01-05,601318,11:08:52,72.2700,109,1
2026-01-05,601318,11:08:55,72.2600,87,2
2026-01-05,601318,11:08:58,72.2600,77,2
2026-01-05,601318,11:09:01,72.2600,84,2
2026-01-05,601318,11:09:04,72.2700,137,1
2026-01-05,601318,11:09:07,72.2700,103,2
2026-01-05,601318,11:09:10,72.2600,140,2
2026-01-05,601318,11:09:13,72.2600,100,2
2026-01-05,601318,11:09:16,72.2600,107,2
2026-01-05,601318,11:09:19,72.2800,106,1
2026-01-05,601318,11:09:22,72.2800,99,1
2026-01-05,601318,11:09:25,72.2700,88,2
2026-01-05,601318,11:09:28,72.2900,69,1
2026-01-05,601318,11:09:31,72.3200,167,1
2026-01-05,601318,11:09:34,72.3400,16,1
2026-01-05,601318,11:09:37,72.3100,123,2
2026-01-05,601318,11:09:40,72.2500,143,2
2026-01-05,601318,11:09:43,72.2300,121,2
2026-01-05,601318,11:09:46,72.2300,15,2
2026-01-05,601318,11:09:49,72.2300,18,2
2026-01-05,601318,11:09:52,72.2400,72,1
2026-01-05,601318,11:09:55,72.2200,83,2
2026-01-05,601318,11:09:58,72.2000,134,2
2026-01-05,601318,11:10:01,72.2300,58,1
2026-01-05,601318,11:10:04,72.2000,66,2
2026-01-05,601318,11:10:07,72.2000,33,2
2026-01-05,601318,11:10:10,72.2100,32,1
2026-01-05,601318,11:10:13,72.2300,39,1
2026-01-05,601318,11:10:16,72.2300,34,1
2026-01-05,601318,11:10:19,72.2400,40,2
2026-01-05,601318,11:10:22,72.2300,175,2
2026-01-05,601318,11:10:25,72.2200,101,2
2026-01-05,601318,11:10:28,72.2200,15,1
2026-01-05,601318,11:10:31,72.2200,75,2
2026-01-05,601318,11:10:34,72.2200,96,2
2026-01-05,601318,11:10:37,72.2200,42,1
2026-01-05,601318,11:10:40,72.2500,43,1
2026-01-05,601318,11:10:43,72.2500,47,1
2026-01-05,601318,11:10:46,72.2500,74,1
2026-01-05,601318,11:10:49,72.2500,35,1
2026-01-05,601318,11:10:52,72.2200,30,2
2026-01-05,601318,11:10:55,72.2500,199,1
2026-01-05,601318,11:10:58,72.2400,29,1
2026-01-05,601318,11:11:01,72.2200,115,2
2026-01-05,601318,11:11:04,72.2100,205,2
2026-01-05,601318,11:11:07,72.2000,130,2
2026-01-05,601318,11:11:10,72.2000,123,2
2026-01-05,601318,11:11:13,72.2100,41,1
2026-01-05,601318,11:11:16,72.2000,126,2
2026-01-05,601318,11:11:19,72.1900,121,2
2026-01-05,601318,11:11:22,72.1900,92,2
2026-01-05,601318,11:11:25,72.2000,67,1
2026-01-05,601318,11:11:28,72.2000,25,2
2026-01-05,601318,11:11:31,72.2100,67,1
2026-01-05,601318,11:11:34,72.2200,406,1
2026-01-05,601318,11:11:37,72.2400,29,1
2026-01-05,601318,11:11:40,72.2400,41,2
2026-01-05,601318,11:11:43,72.2400,46,2
2026-01-05,601318,11:11:46,72.2500,50,1
2026-01-05,601318,11:11:49,72.2700,68,1
2026-01-05,601318,11:11:52,72.2500,186,2
2026-01-05,601318,11:11:55,72.2800,162,1
2026-01-05,601318,11:11:58,72.2500,112,2
2026-01-05,601318,11:12:01,72.2800,239,1
2026-01-05,601318,11:12:04,72.2500,359,2
2026-01-05,601318,11:12:07,72.2500,67,1
2026-01-05,601318,11:12:10,72.2200,66,2
2026-01-05,601318,11:12:13,72.2200,123,2
2026-01-05,601318,11:12:16,72.2100,25,2
2026-01-05,601318,11:12:19,72.2200,67,1
2026-01-05,601318,11:12:22,72.2200,118,1
2026-01-05,601318,11:12:25,72.1700,198,2
2026-01-05,601318,11:12:28,72.1500,310,2
2026-01-05,601318,11:12:31,72.1500,61,1
2026-01-05,601318,11:12:34,72.1500,65,1
2026-01-05,601318,11:12:37,72.1500,15,1
2026-01-05,601318,11:12:40,72.1500,85,2
2026-01-05,601318,11:12:43,72.1500,22,2
2026-01-05,601318,11:12:46,72.1600,70,1
2026-01-05,601318,11:12:49,72.1900,19,1
2026-01-05,601318,11:12:52,72.1900,100,1
2026-01-05,601318,11:12:55,72.2100,174,1
2026-01-05,601318,11:12:58,72.2000,116,2
2026-01-05,601318,11:13:01,72.1900,99,2
2026-01-05,601318,11:13:04,72.2100,33,1
2026-01-05,601318,11:13:07,72.2200,121,1
2026-01-05,601318,11:13:10,72.2000,250,2
2026-01-05,601318,11:13:13,72.2200,47,1
2026-01-05,601318,11:13:16,72.2200,24,1
2026-01-05,601318,11:13:19,72.2100,6,1
2026-01-05,601318,11:13:22,72.1900,107,2
2026-01-05,601318,11:13:25,72.1900,94,1
2026-01-05,601318,11:13:28,72.2000,39,1
2026-01-05,601318,11:13:31,72.1900,93,2
2026-01-05,601318,11:13:34,72.2000,91,1
2026-01-05,601318,11:13:37,72.2000,31,1
2026-01-05,601318,11:13:40,72.2100,97,1
2026-01-05,601318,11:13:43,72.1900,93,2
2026-01-05,601318,11:13:46,72.2000,165,1
2026-01-05,601318,11:13:49,72.1800,114,2
2026-01-05,601318,11:13:52,72.2000,88,1
2026-01-05,601318,11:13:55,72.2100,77,1
2026-01-05,601318,11:13:58,72.2200,51,1
2026-01-05,601318,11:14:01,72.1800,115,2
2026-01-05,601318,11:14:04,72.2100,85,1
2026-01-05,601318,11:14:07,72.2000,104,2
2026-01-05,601318,11:14:10,72.2200,189,1
2026-01-05,601318,11:14:13,72.2000,62,2
2026-01-05,601318,11:14:16,72.1800,39,2
2026-01-05,601318,11:14:19,72.1900,72,1
2026-01-05,601318,11:14:22,72.1900,228,1
2026-01-05,601318,11:14:25,72.2100,18,1
2026-01-05,601318,11:14:28,72.2000,31,2
2026-01-05,601318,11:14:31,72.2000,27,1
2026-01-05,601318,11:14:34,72.2200,26,1
2026-01-05,601318,11:14:37,72.1800,228,2
2026-01-05,601318,11:14:40,72.2000,168,1
2026-01-05,601318,11:14:43,72.1800,33,2
2026-01-05,601318,11:14:46,72.1800,29,1
2026-01-05,601318,11:14:49,72.1800,17,1
2026-01-05,601318,11:14:52,72.1700,179,2
2026-01-05,601318,11:14:55,72.1700,56,1
2026-01-05,601318,11:14:58,72.1700,32,1
2026-01-05,601318,11:15:01,72.1700,19,2
2026-01-05,601318,11:15:04,72.1800,72,1
2026-01-05,601318,11:15:07,72.1700,137,2
2026-01-05,601318,11:15:10,72.2000,104,1
2026-01-05,601318,11:15:13,72.2000,84,1
2026-01-05,601318,11:15:16,72.2200,51,1
2026-01-05,601318,11:15:19,72.2100,79,1
2026-01-05,601318,11:15:22,72.1900,48,2
2026-01-05,601318,11:15:25,72.1900,153,1
2026-01-05,601318,11:15:28,72.1900,7,2
2026-01-05,601318,11:15:31,72.2000,60,1
2026-01-05,601318,11:15:34,72.2000,75,1
2026-01-05,601318,11:15:37,72.2200,141,1
2026-01-05,601318,11:15:40,72.2300,120,1
2026-01-05,601318,11:15:43,72.2400,56,1
2026-01-05,601318,11:15:46,72.2300,217,2
2026-01-05,601318,11:15:49,72.2300,48,2
2026-01-05,601318,11:15:52,72.2600,90,1
2026-01-05,601318,11:15:55,72.2700,93,1
2026-01-05,601318,11:15:58,72.2600,58,2
2026-01-05,601318,11:16:01,72.2400,327,2
2026-01-05,601318,11:16:04,72.2300,180,2
2026-01-05,601318,11:16:07,72.2100,231,2
2026-01-05,601318,11:16:10,72.2100,133,1
2026-01-05,601318,11:16:13,72.2100,71,1
2026-01-05,601318,11:16:16,72.2100,139,1
2026-01-05,601318,11:16:19,72.2300,111,1
2026-01-05,601318,11:16:22,72.2300,232,2
2026-01-05,601318,11:16:25,72.2300,254,2
2026-01-05,601318,11:16:28,72.2300,17,2
2026-01-05,601318,11:16:31,72.2500,48,1
2026-01-05,601318,11:16:34,72.2600,160,1
2026-01-05,601318,11:16:37,72.2600,101,1
2026-01-05,601318,11:16:40,72.2900,134,1
2026-01-05,601318,11:16:43,72.3100,250,1
2026-01-05,601318,11:16:46,72.3100,153,1
2026-01-05,601318,11:16:49,72.3200,63,4
2026-01-05,601318,11:16:52,72.3200,115,2
2026-01-05,601318,11:16:55,72.3100,83,2
2026-01-05,601318,11:16:58,72.3200,32,2
2026-01-05,601318,11:17:01,72.3000,117,2
2026-01-05,601318,11:17:04,72.2900,359,2
2026-01-05,601318,11:17:07,72.2300,37,2
2026-01-05,601318,11:17:10,72.2700,50,1
2026-01-05,601318,11:17:13,72.2700,11,1
2026-01-05,601318,11:17:16,72.2700,94,1
2026-01-05,601318,11:17:19,72.2700,94,1
2026-01-05,601318,11:17:22,72.2700,94,2
2026-01-05,601318,11:17:25,72.2800,93,1
2026-01-05,601318,11:17:28,72.2800,77,1
2026-01-05,601318,11:17:31,72.2800,100,2
2026-01-05,601318,11:17:34,72.3100,79,1
2026-01-05,601318,11:17:37,72.3100,156,1
2026-01-05,601318,11:17:40,72.3400,127,1
2026-01-05,601318,11:17:43,72.3500,49,1
2026-01-05,601318,11:17:46,72.3500,41,1
2026-01-05,601318,11:17:49,72.3300,74,2
2026-01-05,601318,11:17:52,72.3300,154,2
2026-01-05,601318,11:17:55,72.3300,156,1
2026-01-05,601318,11:17:58,72.3400,69,1
2026-01-05,601318,11:18:01,72.3300,101,2
2026-01-05,601318,11:18:04,72.3100,319,2
2026-01-05,601318,11:18:07,72.3000,93,1
2026-01-05,601318,11:18:10,72.3300,52,1
2026-01-05,601318,11:18:13,72.3100,46,2
2026-01-05,601318,11:18:16,72.3200,33,1
2026-01-05,601318,11:18:19,72.3300,184,2
2026-01-05,601318,11:18:22,72.3600,92,1
2026-01-05,601318,11:18:25,72.3500,41,4
2026-01-05,601318,11:18:28,72.3600,187,1
2026-01-05,601318,11:18:31,72.3400,138,2
2026-01-05,601318,11:18:34,72.3200,57,2
2026-01-05,601318,11:18:37,72.3200,98,1
2026-01-05,601318,11:18:40,72.3300,111,1
2026-01-05,601318,11:18:43,72.3200,79,2
2026-01-05,601318,11:18:46,72.3000,82,2
2026-01-05,601318,11:18:49,72.3200,34,1
2026-01-05,601318,11:18:52,72.3300,99,1
2026-01-05,601318,11:18:55,72.3200,78,1
2026-01-05,601318,11:18:58,72.3100,43,2
2026-01-05,601318,11:19:01,72.3100,103,2
2026-01-05,601318,11:19:04,72.3200,49,1
2026-01-05,601318,11:19:07,72.3100,42,2
2026-01-05,601318,11:19:10,72.3000,124,2
2026-01-05,601318,11:19:13,72.3100,138,1
2026-01-05,601318,11:19:16,72.3400,80,1
2026-01-05,601318,11:19:19,72.3300,118,2
2026-01-05,601318,11:19:22,72.3400,144,4
2026-01-05,601318,11:19:25,72.3200,52,2
2026-01-05,601318,11:19:28,72.3200,30,2
2026-01-05,601318,11:19:31,72.3200,38,2
2026-01-05,601318,11:19:34,72.3200,52,1
2026-01-05,601318,11:19:37,72.3200,28,1
2026-01-05,601318,11:19:40,72.3200,75,1
2026-01-05,601318,11:19:43,72.3200,118,1
2026-01-05,601318,11:19:46,72.3300,148,4
2026-01-05,601318,11:19:49,72.3700,36,1
2026-01-05,601318,11:19:52,72.3700,61,1
2026-01-05,601318,11:19:55,72.3800,70,1
2026-01-05,601318,11:19:58,72.3800,60,1
2026-01-05,601318,11:20:01,72.3500,134,2
2026-01-05,601318,11:20:04,72.3500,120,1
2026-01-05,601318,11:20:07,72.3400,101,2
2026-01-05,601318,11:20:10,72.3500,194,1
2026-01-05,601318,11:20:13,72.3500,72,1
2026-01-05,601318,11:20:16,72.3500,114,1
2026-01-05,601318,11:20:19,72.3200,50,2
