date,code,time,price,volume,bs
2026-06-04,600036,14:07:01,38.0300,22,2
2026-06-04,600036,14:07:04,38.0400,70,1
2026-06-04,600036,14:07:07,38.0400,216,1
2026-06-04,600036,14:07:10,38.0400,9,1
2026-06-04,600036,14:07:13,38.0400,144,1
2026-06-04,600036,14:07:16,38.0400,11,2
2026-06-04,600036,14:07:19,38.0400,20,2
2026-06-04,600036,14:07:22,38.0500,93,1
2026-06-04,600036,14:07:25,38.0500,32,1
2026-06-04,600036,14:07:28,38.0400,51,2
2026-06-04,600036,14:07:31,38.0400,10,2
2026-06-04,600036,14:07:34,38.0400,20,2
2026-06-04,600036,14:07:37,38.0400,28,2
2026-06-04,600036,14:07:40,38.0400,6,2
2026-06-04,600036,14:07:43,38.0600,341,1
2026-06-04,600036,14:07:46,38.0500,52,2
2026-06-04,600036,14:07:49,38.0600,22,1
2026-06-04,600036,14:07:52,38.0600,28,1
2026-06-04,600036,14:07:55,38.0600,34,1
2026-06-04,600036,14:07:58,38.0500,155,2
2026-06-04,600036,14:08:01,38.0500,4,2
2026-06-04,600036,14:08:04,38.0600,108,1
2026-06-04,600036,14:08:07,38.0500,239,2
2026-06-04,600036,14:08:10,38.0500,228,2
2026-06-04,600036,14:08:13,38.0500,128,2
2026-06-04,600036,14:08:16,38.0500,97,2
2026-06-04,600036,14:08:19,38.0400,149,2
2026-06-04,600036,14:08:22,38.0400,24,2
2026-06-04,600036,14:08:25,38.0500,5,1
2026-06-04,600036,14:08:28,38.0400,144,2
2026-06-04,600036,14:08:31,38.0500,241,1
2026-06-04,600036,14:08:34,38.0500,60,1
2026-06-04,600036,14:08:37,38.0400,41,2
2026-06-04,600036,14:08:40,38.0500,278,1
2026-06-04,600036,14:08:43,38.0500,49,2
2026-06-04,600036,14:08:46,38.0500,44,2
2026-06-04,600036,14:08:49,38.0600,4,1
2026-06-04,600036,14:08:52,38.0500,29,2
2026-06-04,600036,14:08:55,38.0600,64,1
2026-06-04,600036,14:08:58,38.0500,79,2
2026-06-04,600036,14:09:01,38.0500,25,2
2026-06-04,600036,14:09:04,38.0500,173,2
2026-06-04,600036,14:09:07,38.0500,119,2
2026-06-04,600036,14:09:10,38.0600,62,1
2026-06-04,600036,14:09:13,38.0500,41,2
2026-06-04,600036,14:09:16,38.0500,44,1
2026-06-04,600036,14:09:19,38.0500,35,1
2026-06-04,600036,14:09:22,38.0400,73,2
2026-06-04,600036,14:09:25,38.0500,54,1
2026-06-04,600036,14:09:28,38.0400,352,2
2026-06-04,600036,14:09:31,38.0500,153,1
2026-06-04,600036,14:09:34,38.0400,45,2
2026-06-04,600036,14:09:37,38.0400,122,2
2026-06-04,600036,14:09:40,38.0400,72,2
2026-06-04,600036,14:09:43,38.0400,42,2
2026-06-04,600036,14:09:46,38.0400,32,2
2026-06-04,600036,14:09:49,38.0400,277,2
2026-06-04,600036,14:09:52,38.0400,297,2
2026-06-04,600036,14:09:55,38.0400,165,2
2026-06-04,600036,14:09:58,38.0400,29,2
2026-06-04,600036,14:10:01,38.0400,57,2
2026-06-04,600036,14:10:04,38.0400,312,2
2026-06-04,600036,14:10:07,38.0400,70,2
2026-06-04,600036,14:10:10,38.0400,19,2
2026-06-04,600036,14:10:13,38.0400,47,1
2026-06-04,600036,14:10:16,38.0400,44,1
2026-06-04,600036,14:10:19,38.0300,6,2
2026-06-04,600036,14:10:22,38.0300,50,2
2026-06-04,600036,14:10:25,38.0400,49,1
2026-06-04,600036,14:10:28,38.0500,624,1
2026-06-04,600036,14:10:31,38.0500,276,1
2026-06-04,600036,14:10:34,38.0500,313,1
2026-06-04,600036,14:10:37,38.0500,100,2
2026-06-04,600036,14:10:40,38.0500,97,1
2026-06-04,600036,14:10:43,38.0500,70,2
2026-06-04,600036,14:10:46,38.0500,57,2
2026-06-04,600036,14:10:49,38.0500,55,1
2026-06-04,600036,14:10:52,38.0500,21,1
2026-06-04,600036,14:10:55,38.0500,40,1
2026-06-04,600036,14:10:58,38.0500,61,1
2026-06-04,600036,14:11:01,38.0500,27,1
2026-06-04,600036,14:11:04,38.0500,49,2
2026-06-04,600036,14:11:07,38.0600,129,1
2026-06-04,600036,14:11:10,38.0500,50,2
2026-06-04,600036,14:11:13,38.0600,18,1
2026-06-04,600036,14:11:16,38.0500,16,2
2026-06-04,600036,14:11:19,38.0600,12,1
2026-06-04,600036,14:11:22,38.0500,25,2
2026-06-04,600036,14:11:25,38.0500,50,2
2026-06-04,600036,14:11:28,38.0500,9,2
2026-06-04,600036,14:11:31,38.0500,18,2
2026-06-04,600036,14:11:34,38.0500,11,2
2026-06-04,600036,14:11:37,38.0500,9,2
2026-06-04,600036,14:11:40,38.0500,25,2
2026-06-04,600036,14:11:43,38.0500,21,2
2026-06-04,600036,14:11:46,38.0600,51,1
2026-06-04,600036,14:11:49,38.0500,55,2
2026-06-04,600036,14:11:52,38.0600,60,1
2026-06-04,600036,14:11:55,38.0500,114,2
2026-06-04,600036,14:11:58,38.0500,50,2
2026-06-04,600036,14:12:01,38.0500,48,2
2026-06-04,600036,14:12:04,38.0600,79,1
2026-06-04,600036,14:12:07,38.0500,233,4
2026-06-04,600036,14:12:10,38.0500,83,2
2026-06-04,600036,14:12:13,38.0500,65,2
2026-06-04,600036,14:12:16,38.0500,66,1
2026-06-04,600036,14:12:19,38.0500,68,1
2026-06-04,600036,14:12:22,38.0500,141,1
2026-06-04,600036,14:12:25,38.0500,228,2
2026-06-04,600036,14:12:28,38.0500,48,2
2026-06-04,600036,14:12:31,38.0600,11,1
2026-06-04,600036,14:12:34,38.0600,63,1
2026-06-04,600036,14:12:37,38.0600,9,2
2026-06-04,600036,14:12:40,38.0500,94,2
2026-06-04,600036,14:12:43,38.0700,17,1
2026-06-04,600036,14:12:46,38.0600,109,2
2026-06-04,600036,14:12:49,38.0600,63,2
2026-06-04,600036,14:12:52,38.0600,77,1
2026-06-04,600036,14:12:55,38.0500,40,2
2026-06-04,600036,14:12:58,38.0600,167,1
2026-06-04,600036,14:13:01,38.0600,15,1
2026-06-04,600036,14:13:04,38.0500,58,2
2026-06-04,600036,14:13:07,38.0600,132,1
2026-06-04,600036,14:13:10,38.0500,11,2
2026-06-04,600036,14:13:13,38.0600,45,1
2026-06-04,600036,14:13:16,38.0500,33,2
2026-06-04,600036,14:13:19,38.0500,62,2
2026-06-04,600036,14:13:22,38.0500,101,2
2026-06-04,600036,14:13:25,38.0500,248,2
2026-06-04,600036,14:13:28,38.0600,69,1
2026-06-04,600036,14:13:31,38.0500,47,2
2026-06-04,600036,14:13:34,38.0500,54,2
2026-06-04,600036,14:13:37,38.0500,242,2
2026-06-04,600036,14:13:40,38.0400,592,2
2026-06-04,600036,14:13:43,38.0400,185,2
2026-06-04,600036,14:13:46,38.0300,37,2
2026-06-04,600036,14:13:49,38.0300,196,2
2026-06-04,600036,14:13:52,38.0400,195,1
2026-06-04,600036,14:13:55,38.0400,36,1
2026-06-04,600036,14:13:58,38.0300,368,2
2026-06-04,600036,14:14:01,38.0200,158,2
2026-06-04,600036,14:14:04,38.0200,490,2
2026-06-04,600036,14:14:07,38.0200,161,1
2026-06-04,600036,14:14:10,38.0100,212,2
2026-06-04,600036,14:14:13,38.0200,209,1
2026-06-04,600036,14:14:16,38.0200,68,1
2026-06-04,600036,14:14:19,38.0100,121,2
2026-06-04,600036,14:14:22,38.0100,58,2
2026-06-04,600036,14:14:25,38.0100,22,2
2026-06-04,600036,14:14:28,38.0200,45,1
2026-06-04,600036,14:14:31,38.0200,585,1
2026-06-04,600036,14:14:34,38.0200,175,1
2026-06-04,600036,14:14:37,38.0200,135,2
2026-06-04,600036,14:14:40,38.0200,92,2
2026-06-04,600036,14:14:43,38.0200,72,1
2026-06-04,600036,14:14:46,38.0100,40,2
2026-06-04,600036,14:14:49,38.0200,60,1
2026-06-04,600036,14:14:52,38.0200,40,1
2026-06-04,600036,14:14:55,38.0200,55,1
2026-06-04,600036,14:14:58,38.0200,62,1
2026-06-04,600036,14:15:01,38.0200,39,2
2026-06-04,600036,14:15:04,38.0200,20,2
2026-06-04,600036,14:15:07,38.0100,321,2
2026-06-04,600036,14:15:10,38.0200,27,1
2026-06-04,600036,14:15:13,38.0100,122,2
2026-06-04,600036,14:15:16,38.0200,29,1
2026-06-04,600036,14:15:19,38.0100,44,2
2026-06-04,600036,14:15:22,38.0100,72,2
2026-06-04,600036,14:15:25,38.0100,9,2
2026-06-04,600036,14:15:28,38.0100,64,2
2026-06-04,600036,14:15:31,38.0100,7,2
2026-06-04,600036,14:15:34,38.0100,63,2
2026-06-04,600036,14:15:37,38.0100,57,2
2026-06-04,600036,14:15:40,38.0100,23,2
2026-06-04,600036,14:15:43,38.0100,153,2
2026-06-04,600036,14:15:46,38.0100,99,2
2026-06-04,600036,14:15:49,38.0100,261,1
2026-06-04,600036,14:15:52,38.0000,117,2
2026-06-04,600036,14:15:55,38.0100,286,2
2026-06-04,600036,14:15:58,38.0100,408,2
2026-06-04,600036,14:16:01,38.0000,199,2
2026-06-04,600036,14:16:04,38.0100,242,1
2026-06-04,600036,14:16:07,38.0100,155,2
2026-06-04,600036,14:16:10,38.0100,149,1
2026-06-04,600036,14:16:13,38.0100,163,2
2026-06-04,600036,14:16:16,38.0200,184,1
2026-06-04,600036,14:16:19,38.0100,19,4
2026-06-04,600036,14:16:22,38.0100,100,2
2026-06-04,600036,14:16:25,38.0100,65,2
2026-06-04,600036,14:16:28,38.0100,90,2
2026-06-04,600036,14:16:31,38.0100,12,2
2026-06-04,600036,14:16:34,38.0200,42,1
2026-06-04,600036,14:16:37,38.0100,43,2
2026-06-04,600036,14:16:40,38.0100,16,2
2026-06-04,600036,14:16:43,38.0200,21,1
2026-06-04,600036,14:16:46,38.0200,39,1
2026-06-04,600036,14:16:49,38.0200,15,1
2026-06-04,600036,14:16:52,38.0200,131,1
2026-06-04,600036,14:16:55,38.0100,23,2
2026-06-04,600036,14:16:58,38.0100,70,2
2026-06-04,600036,14:17:01,38.0200,319,1
2026-06-04,600036,14:17:04,38.0200,21,1
2026-06-04,600036,14:17:07,38.0200,251,1
2026-06-04,600036,14:17:10,38.0200,500,1
2026-06-04,600036,14:17:13,38.0200,321,1
2026-06-04,600036,14:17:16,38.0200,112,2
2026-06-04,600036,14:17:19,38.0300,22,1
2026-06-04,600036,14:17:22,38.0300,83,1
2026-06-04,600036,14:17:25,38.0200,54,2
2026-06-04,600036,14:17:28,38.0100,41,2
2026-06-04,600036,14:17:31,38.0200,15,1
2026-06-04,600036,14:17:34,38.0200,132,1
2026-06-04,600036,14:17:37,38.0100,38,2
2026-06-04,600036,14:17:40,38.0100,51,2
2026-06-04,600036,14:17:43,38.0200,16,1
2026-06-04,600036,14:17:46,38.0100,94,2
2026-06-04,600036,14:17:49,38.0100,41,2
2026-06-04,600036,14:17:52,38.0100,51,2
2026-06-04,600036,14:17:55,38.0100,66,2
2026-06-04,600036,14:17:58,38.0100,30,2
2026-06-04,600036,14:18:01,38.0100,92,2
2026-06-04,600036,14:18:04,38.0100,43,2
2026-06-04,600036,14:18:07,38.0100,44,2
2026-06-04,600036,14:18:10,38.0100,19,2
2026-06-04,600036,14:18:13,38.0100,63,2
2026-06-04,600036,14:18:16,38.0100,61,2
2026-06-04,600036,14:18:19,38.0200,60,1
2026-06-04,600036,14:18:22,38.0100,202,2
2026-06-04,600036,14:18:25,38.0100,911,2
2026-06-04,600036,14:18:28,38.0100,317,2
2026-06-04,600036,14:18:31,38.0100,111,2
2026-06-04,600036,14:18:34,38.0100,105,2
2026-06-04,600036,14:18:37,38.0100,135,2
2026-06-04,600036,14:18:40,38.0100,110,2
2026-06-04,600036,14:18:43,38.0100,35,2
2026-06-04,600036,14:18:46,38.0200,894,1
2026-06-04,600036,14:18:49,38.0200,187,2
2026-06-04,600036,14:18:52,38.0200,10,2
2026-06-04,600036,14:18:55,38.0200,9,2
2026-06-04,600036,14:18:58,38.0200,68,2
2026-06-04,600036,14:19:01,38.0300,12,1
2026-06-04,600036,14:19:04,38.0300,33,1
2026-06-04,600036,14:19:07,38.0200,69,2
2026-06-04,600036,14:19:10,38.0300,21,1
2026-06-04,600036,14:19:13,38.0200,81,2
2026-06-04,600036,14:19:16,38.0300,22,1
2026-06-04,600036,14:19:19,38.0200,76,2
2026-06-04,600036,14:19:22,38.0200,15,2
2026-06-04,600036,14:19:25,38.0200,65,2
2026-06-04,600036,14:19:28,38.0200,12,2
2026-06-04,600036,14:19:31,38.0300,87,1
2026-06-04,600036,14:19:34,38.0200,147,2
2026-06-04,600036,14:19:37,38.0200,409,2
2026-06-04,600036,14:19:40,38.0300,63,1
2026-06-04,600036,14:19:43,38.0300,74,1
2026-06-04,600036,14:19:46,38.0300,20,1
2026-06-04,600036,14:19:49,38.0300,107,1
2026-06-04,600036,14:19:52,38.0300,116,1
2026-06-04,600036,14:19:55,38.0200,42,2
2026-06-04,600036,14:19:58,38.0200,37,2
2026-06-04,600036,14:20:01,38.0200,17,2
2026-06-04,600036,14:20:04,38.0200,20,2
2026-06-04,600036,14:20:07,38.0300,16,1
2026-06-04,600036,14:20:10,38.0300,51,1
2026-06-04,600036,14:20:13,38.0300,33,1
2026-06-04,600036,14:20:16,38.0300,169,1
2026-06-04,600036,14:20:19,38.0300,81,1
2026-06-04,600036,14:20:22,38.0200,51,2
2026-06-04,600036,14:20:25,38.0300,11,1
2026-06-04,600036,14:20:28,38.0300,13,1
2026-06-04,600036,14:20:31,38.0300,316,1
2026-06-04,600036,14:20:34,38.0300,55,1
2026-06-04,600036,14:20:37,38.0200,129,2
2026-06-04,600036,14:20:40,38.0200,49,2
2026-06-04,600036,14:20:43,38.0200,71,2
2026-06-04,600036,14:20:46,38.0200,98,2
2026-06-04,600036,14:20:49,38.0200,100,2
2026-06-04,600036,14:20:52,38.0200,46,1
2026-06-04,600036,14:20:55,38.0100,212,2
2026-06-04,600036,14:20:58,38.0100,227,2
2026-06-04,600036,14:21:01,38.0100,172,2
2026-06-04,600036,14:21:04,38.0100,163,2
2026-06-04,600036,14:21:07,38.0200,208,1
2026-06-04,600036,14:21:10,38.0100,147,2
2026-06-04,600036,14:21:13,38.0100,104,1
2026-06-04,600036,14:21:16,38.0000,68,2
2026-06-04,600036,14:21:19,38.0000,89,2
2026-06-04,600036,14:21:22,38.0100,97,1
2026-06-04,600036,14:21:25,38.0000,58,2
2026-06-04,600036,14:21:28,38.0000,37,2
2026-06-04,600036,14:21:31,38.0100,92,1
2026-06-04,600036,14:21:34,38.0000,95,2
2026-06-04,600036,14:21:37,38.0000,102,2
2026-06-04,600036,14:21:40,38.0000,165,2
2026-06-04,600036,14:21:43,38.0000,53,2
2026-06-04,600036,14:21:46,38.0000,96,2
2026-06-04,600036,14:21:49,38.0000,41,2
2026-06-04,600036,14:21:52,38.0000,243,2
2026-06-04,600036,14:21:55,38.0000,289,2
2026-06-04,600036,14:21:58,38.0000,214,2
2026-06-04,600036,14:22:01,38.0000,41,2
2026-06-04,600036,14:22:04,38.0100,244,1
2026-06-04,600036,14:22:07,38.0000,72,2
2026-06-04,600036,14:22:10,38.0000,47,2
2026-06-04,600036,14:22:13,38.0000,103,2
2026-06-04,600036,14:22:16,38.0000,53,2
2026-06-04,600036,14:22:19,38.0100,1016,1
2026-06-04,600036,14:22:22,38.0100,147,4
2026-06-04,600036,14:22:25,38.0100,31,2
2026-06-04,600036,14:22:28,38.0100,8,2
2026-06-04,600036,14:22:31,38.0100,49,2
2026-06-04,600036,14:22:34,38.0200,181,1
2026-06-04,600036,14:22:37,38.0100,70,2
2026-06-04,600036,14:22:40,38.0100,55,2
2026-06-04,600036,14:22:43,38.0100,157,2
2026-06-04,600036,14:22:46,38.0100,215,1
2026-06-04,600036,14:22:49,38.0100,241,1
2026-06-04,600036,14:22:52,38.0100,67,1
2026-06-04,600036,14:22:55,38.0100,63,1
2026-06-04,600036,14:22:58,38.0000,592,2
2026-06-04,600036,14:23:01,38.0100,958,1
2026-06-04,600036,14:23:04,38.0000,339,2
2026-06-04,600036,14:23:07,38.0100,251,1
2026-06-04,600036,14:23:10,38.0100,809,1
2026-06-04,600036,14:23:13,38.0000,306,2
2026-06-04,600036,14:23:16,38.0000,237,2
2026-06-04,600036,14:23:19,38.0000,139,2
2026-06-04,600036,14:23:22,38.0000,99,2
2026-06-04,600036,14:23:25,38.0200,55,1
2026-06-04,600036,14:23:28,38.0000,55,2
2026-06-04,600036,14:23:31,38.0200,90,1
2026-06-04,600036,14:23:34,38.0100,92,4
2026-06-04,600036,14:23:37,38.0000,111,2
2026-06-04,600036,14:23:40,38.0100,143,1
2026-06-04,600036,14:23:43,38.0100,31,1
2026-06-04,600036,14:23:46,38.0000,253,2
2026-06-04,600036,14:23:49,38.0100,289,1
2026-06-04,600036,14:23:52,38.0000,158,2
2026-06-04,600036,14:23:55,38.0000,60,2
2026-06-04,600036,14:23:58,38.0000,42,2
2026-06-04,600036,14:24:01,38.0100,113,1
2026-06-04,600036,14:24:04,38.0000,128,2
2026-06-04,600036,14:24:07,38.0000,741,2
2026-06-04,600036,14:24:10,38.0100,676,1
2026-06-04,600036,14:24:13,38.0000,116,2
2026-06-04,600036,14:24:16,38.0000,437,2
2026-06-04,600036,14:24:19,38.0000,517,2
2026-06-04,600036,14:24:22,38.0000,2319,2
2026-06-04,600036,14:24:25,37.9900,110,2
2026-06-04,600036,14:24:28,37.9900,643,2
2026-06-04,600036,14:24:31,38.0000,182,1
2026-06-04,600036,14:24:34,38.0100,248,1
2026-06-04,600036,14:24:37,38.0100,1420,1
2026-06-04,600036,14:24:40,38.0100,61,2
2026-06-04,600036,14:24:43,38.0100,32,2
2026-06-04,600036,14:24:46,38.0200,178,1
2026-06-04,600036,14:24:49,38.0100,34,2
2026-06-04,600036,14:24:52,38.0200,318,1
2026-06-04,600036,14:24:55,38.0100,236,2
2026-06-04,600036,14:24:58,38.0200,205,1
2026-06-04,600036,14:25:01,38.0200,85,1
2026-06-04,600036,14:25:04,38.0100,54,2
2026-06-04,600036,14:25:07,38.0100,72,2
2026-06-04,600036,14:25:10,38.0100,23,2
2026-06-04,600036,14:25:13,38.0200,3,1
2026-06-04,600036,14:25:16,38.0200,29,1
2026-06-04,600036,14:25:19,38.0100,3,2
2026-06-04,600036,14:25:22,38.0200,20,1
2026-06-04,600036,14:25:25,38.0200,554,1
2026-06-04,600036,14:25:28,38.0200,39,2
2026-06-04,600036,14:25:31,38.0300,192,1
2026-06-04,600036,14:25:34,38.0300,229,1
2026-06-04,600036,14:25:37,38.0300,61,2
2026-06-04,600036,14:25:40,38.0400,6,1
2026-06-04,600036,14:25:43,38.0400,510,1
2026-06-04,600036,14:25:46,38.0400,52,2
2026-06-04,600036,14:25:49,38.0400,5,2
2026-06-04,600036,14:25:52,38.0500,150,1
2026-06-04,600036,14:25:55,38.0500,37,1
2026-06-04,600036,14:25:58,38.0500,15,1
2026-06-04,600036,14:26:01,38.0400,696,2
2026-06-04,600036,14:26:04,38.0400,168,1
2026-06-04,600036,14:26:07,38.0300,21,2
2026-06-04,600036,14:26:10,38.0400,25,1
2026-06-04,600036,14:26:13,38.0300,7,2
2026-06-04,600036,14:26:16,38.0400,135,1
2026-06-04,600036,14:26:19,38.0300,42,2
2026-06-04,600036,14:26:22,38.0400,9,1
2026-06-04,600036,14:26:25,38.0400,14,1
2026-06-04,600036,14:26:28,38.0400,26,1
2026-06-04,600036,14:26:31,38.0300,29,2
2026-06-04,600036,14:26:34,38.0400,149,1
2026-06-04,600036,14:26:37,38.0400,59,1
2026-06-04,600036,14:26:40,38.0300,33,2
2026-06-04,600036,14:26:43,38.0400,25,1
2026-06-04,600036,14:26:46,38.0400,12,1
2026-06-04,600036,14:26:49,38.0300,62,2
2026-06-04,600036,14:26:52,38.0200,30,2
2026-06-04,600036,14:26:55,38.0300,161,1
2026-06-04,600036,14:26:58,38.0300,165,1
2026-06-04,600036,14:27:01,38.0200,306,2
2026-06-04,600036,14:27:04,38.0300,162,1
2026-06-04,600036,14:27:07,38.0300,27,1
2026-06-04,600036,14:27:10,38.0300,15,1
2026-06-04,600036,14:27:13,38.0300,14,1
2026-06-04,600036,14:27:16,38.0200,216,2
2026-06-04,600036,14:27:19,38.0300,177,1
2026-06-04,600036,14:27:22,38.0300,207,1
2026-06-04,600036,14:27:25,38.0400,48,1
2026-06-04,600036,14:27:28,38.0300,29,2
2026-06-04,600036,14:27:31,38.0400,792,1
2026-06-04,600036,14:27:34,38.0500,241,1
2026-06-04,600036,14:27:37,38.0400,334,2
2026-06-04,600036,14:27:40,38.0400,190,1
2026-06-04,600036,14:27:43,38.0400,4,2
2026-06-04,600036,14:27:46,38.0400,27,2
2026-06-04,600036,14:27:49,38.0500,10,1
2026-06-04,600036,14:27:52,38.0400,74,2
2026-06-04,600036,14:27:55,38.0300,68,2
2026-06-04,600036,14:27:58,38.0200,306,2
2026-06-04,600036,14:28:01,38.0300,102,1
2026-06-04,600036,14:28:04,38.0300,3,1
2026-06-04,600036,14:28:07,38.0300,37,1
2026-06-04,600036,14:28:10,38.0300,28,1
2026-06-04,600036,14:28:13,38.0200,40,2
2026-06-04,600036,14:28:16,38.0300,8,1
2026-06-04,600036,14:28:19,38.0200,25,2
2026-06-04,600036,14:28:22,38.0200,198,2
2026-06-04,600036,14:28:25,38.0200,111,2
2026-06-04,600036,14:28:28,38.0200,128,2
2026-06-04,600036,14:28:31,38.0200,38,1
2026-06-04,600036,14:28:34,38.0200,47,1
2026-06-04,600036,14:28:37,38.0200,23,1
2026-06-04,600036,14:28:40,38.0200,14,1
2026-06-04,600036,14:28:43,38.0200,10,1
2026-06-04,600036,14:28:46,38.0100,78,2
2026-06-04,600036,14:28:49,38.0100,75,2
2026-06-04,600036,14:28:52,38.0200,66,1
2026-06-04,600036,14:28:55,38.0200,33,1
2026-06-04,600036,14:28:58,38.0100,58,2
2026-06-04,600036,14:29:01,38.0100,289,2
2026-06-04,600036,14:29:04,38.0200,148,1
2026-06-04,600036,14:29:07,38.0200,92,1
2026-06-04,600036,14:29:10,38.0200,47,1
2026-06-04,600036,14:29:13,38.0100,13,2
2026-06-04,600036,14:29:16,38.0200,52,1
2026-06-04,600036,14:29:19,38.0100,25,2
2026-06-04,600036,14:29:22,38.0200,26,1
2026-06-04,600036,14:29:25,38.0100,36,2
2026-06-04,600036,14:29:28,38.0200,4,1
2026-06-04,600036,14:29:31,38.0200,317,1
2026-06-04,600036,14:29:34,38.0300,75,1
2026-06-04,600036,14:29:37,38.0200,37,2
2026-06-04,600036,14:29:40,38.0300,31,1
2026-06-04,600036,14:29:43,38.0300,58,1
2026-06-04,600036,14:29:46,38.0200,60,2
2026-06-04,600036,14:29:49,38.0300,48,1
2026-06-04,600036,14:29:52,38.0200,16,2
2026-06-04,600036,14:29:55,38.0200,82,2
2026-06-04,600036,14:29:58,38.0200,9,2
2026-06-04,600036,14:30:01,38.0200,63,2
2026-06-04,600036,14:30:04,38.0300,28,1
2026-06-04,600036,14:30:07,38.0300,89,1
2026-06-04,600036,14:30:10,38.0300,45,1
2026-06-04,600036,14:30:13,38.0300,428,1
2026-06-04,600036,14:30:16,38.0300,181,2
2026-06-04,600036,14:30:19,38.0400,55,1
2026-06-04,600036,14:30:22,38.0300,48,2
2026-06-04,600036,14:30:25,38.0400,86,1
2026-06-04,600036,14:30:28,38.0300,9,2
2026-06-04,600036,14:30:31,38.0400,24,1
2026-06-04,600036,14:30:34,38.0500,222,1
2026-06-04,600036,14:30:37,38.0400,17,4
2026-06-04,600036,14:30:40,38.0400,81,2
2026-06-04,600036,14:30:43,38.0500,129,1
2026-06-04,600036,14:30:46,38.0400,62,2
2026-06-04,600036,14:30:49,38.0500,67,1
2026-06-04,600036,14:30:52,38.0400,23,4
2026-06-04,600036,14:30:55,38.0400,22,1
2026-06-04,600036,14:30:58,38.0300,14,2
2026-06-04,600036,14:31:01,38.0300,91,2
2026-06-04,600036,14:31:04,38.0400,339,1
2026-06-04,600036,14:31:07,38.0300,158,2
2026-06-04,600036,14:31:10,38.0400,69,1
2026-06-04,600036,14:31:13,38.0400,42,1
2026-06-04,600036,14:31:16,38.0300,290,2
2026-06-04,600036,14:31:19,38.0300,566,2
2026-06-04,600036,14:31:22,38.0300,163,2
2026-06-04,600036,14:31:25,38.0300,144,2
2026-06-04,600036,14:31:28,38.0300,34,2
2026-06-04,600036,14:31:31,38.0300,15,2
2026-06-04,600036,14:31:34,38.0300,113,2
2026-06-04,600036,14:31:37,38.0400,7,1
2026-06-04,600036,14:31:40,38.0300,127,2
2026-06-04,600036,14:31:43,38.0300,78,2
2026-06-04,600036,14:31:46,38.0300,109,2
2026-06-04,600036,14:31:49,38.0300,359,1
2026-06-04,600036,14:31:52,38.0300,348,1
2026-06-04,600036,14:31:55,38.0400,601,1
2026-06-04,600036,14:31:58,38.0400,23,2
2026-06-04,600036,14:32:01,38.0400,38,2
2026-06-04,600036,14:32:04,38.0400,2,2
2026-06-04,600036,14:32:07,38.0500,4,1
2026-06-04,600036,14:32:10,38.0600,962,1
2026-06-04,600036,14:32:13,38.0600,182,1
2026-06-04,600036,14:32:16,38.0700,370,1
2026-06-04,600036,14:32:19,38.0700,121,1
2026-06-04,600036,14:32:22,38.0700,7,2
2026-06-04,600036,14:32:25,38.0800,44,1
2026-06-04,600036,14:32:28,38.0700,111,2
2026-06-04,600036,14:32:31,38.0800,32,1
2026-06-04,600036,14:32:34,38.0700,235,2
2026-06-04,600036,14:32:37,38.0700,46,2
2026-06-04,600036,14:32:40,38.0700,58,2
2026-06-04,600036,14:32:43,38.0700,119,2
2026-06-04,600036,14:32:46,38.0800,2,1
2026-06-04,600036,14:32:49,38.0700,41,2
2026-06-04,600036,14:32:52,38.0700,16,2
2026-06-04,600036,14:32:55,38.0700,117,2
2026-06-04,600036,14:32:58,38.0800,31,1
2026-06-04,600036,14:33:01,38.0800,142,1
2026-06-04,600036,14:33:04,38.0900,253,1
2026-06-04,600036,14:33:07,38.0800,28,2
2026-06-04,600036,14:33:10,38.0800,51,2
2026-06-04,600036,14:33:13,38.0800,48,1
2026-06-04,600036,14:33:16,38.0800,39,1
2026-06-04,600036,14:33:19,38.0800,22,2
2026-06-04,600036,14:33:22,38.0900,15,1
2026-06-04,600036,14:33:25,38.0900,106,1
2026-06-04,600036,14:33:28,38.0900,17,1
2026-06-04,600036,14:33:31,38.0900,672,1
2026-06-04,600036,14:33:34,38.0900,23,1
2026-06-04,600036,14:33:37,38.0900,11,1
2026-06-04,600036,14:33:40,38.0900,99,1
2026-06-04,600036,14:33:43,38.0800,138,2
2026-06-04,600036,14:33:46,38.0900,23,1
2026-06-04,600036,14:33:49,38.0900,277,1
2026-06-04,600036,14:33:52,38.0800,35,2
2026-06-04,600036,14:33:55,38.0900,2,1
2026-06-04,600036,14:33:58,38.0900,4,1
2026-06-04,600036,14:34:01,38.0900,26,1
2026-06-04,600036,14:34:04,38.0900,27,1
2026-06-04,600036,14:34:07,38.0800,5,2
2026-06-04,600036,14:34:10,38.0800,19,2
2026-06-04,600036,14:34:13,38.0900,10,1
2026-06-04,600036,14:34:16,38.0800,18,2
2026-06-04,600036,14:34:19,38.0800,47,2
2026-06-04,600036,14:34:22,38.0800,33,2
2026-06-04,600036,14:34:25,38.0700,266,2
2026-06-04,600036,14:34:28,38.0700,31,2
2026-06-04,600036,14:34:31,38.0800,28,1
2026-06-04,600036,14:34:34,38.0700,40,2
2026-06-04,600036,14:34:37,38.0800,130,1
2026-06-04,600036,14:34:40,38.0800,70,1
2026-06-04,600036,14:34:43,38.0700,44,2
2026-06-04,600036,14:34:46,38.0700,12,2
2026-06-04,600036,14:34:49,38.0700,9,2
2026-06-04,600036,14:34:52,38.0700,10,2
2026-06-04,600036,14:34:55,38.0800,23,1
2026-06-04,600036,14:34:58,38.0800,3,1
2026-06-04,600036,14:35:01,38.0700,133,2
2026-06-04,600036,14:35:04,38.0800,70,1
2026-06-04,600036,14:35:07,38.0800,140,1
2026-06-04,600036,14:35:10,38.0800,309,1
2026-06-04,600036,14:35:13,38.0700,31,2
2026-06-04,600036,14:35:16,38.0700,37,2
2026-06-04,600036,14:35:19,38.0800,67,1
2026-06-04,600036,14:35:22,38.0700,11,2
2026-06-04,600036,14:35:25,38.0800,21,1
2026-06-04,600036,14:35:28,38.0700,33,2
2026-06-04,600036,14:35:31,38.0700,185,2
2026-06-04,600036,14:35:34,38.0700,11,2
2026-06-04,600036,14:35:37,38.0800,1,1
2026-06-04,600036,14:35:40,38.0500,1220,2
2026-06-04,600036,14:35:43,38.0400,66,2
2026-06-04,600036,14:35:46,38.0300,306,2
2026-06-04,600036,14:35:49,38.0500,301,1
2026-06-04,600036,14:35:52,38.0600,136,1
2026-06-04,600036,14:35:55,38.0500,62,2
2026-06-04,600036,14:35:58,38.0500,100,1
2026-06-04,600036,14:36:01,38.0600,24,1
2026-06-04,600036,14:36:04,38.0500,41,2
2026-06-04,600036,14:36:07,38.0500,4,2
2026-06-04,600036,14:36:10,38.0500,12,2
2026-06-04,600036,14:36:13,38.0500,5,2
2026-06-04,600036,14:36:16,38.0500,6,2
2026-06-04,600036,14:36:19,38.0600,146,1
2026-06-04,600036,14:36:22,38.0500,304,2
2026-06-04,600036,14:36:25,38.0500,8,1
2026-06-04,600036,14:36:28,38.0600,137,1
2026-06-04,600036,14:36:31,38.0400,20,2
2026-06-04,600036,14:36:34,38.0400,57,2
2026-06-04,600036,14:36:37,38.0500,1,1
2026-06-04,600036,14:36:40,38.0400,6,2
2026-06-04,600036,14:36:43,38.0400,78,2
2026-06-04,600036,14:36:46,38.0400,18,2
2026-06-04,600036,14:36:49,38.0400,45,2
2026-06-04,600036,14:36:52,38.0500,4,1
2026-06-04,600036,14:36:55,38.0400,586,2
2026-06-04,600036,14:36:58,38.0400,154,1
2026-06-04,600036,14:37:01,38.0400,25,2
2026-06-04,600036,14:37:04,38.0500,31,4
2026-06-04,600036,14:37:07,38.0600,80,1
2026-06-04,600036,14:37:10,38.0500,3,2
2026-06-04,600036,14:37:13,38.0500,36,2
2026-06-04,600036,14:37:16,38.0500,164,2
2026-06-04,600036,14:37:19,38.0500,118,2
2026-06-04,600036,14:37:22,38.0500,29,4
2026-06-04,600036,14:37:25,38.0400,52,2
2026-06-04,600036,14:37:28,38.0600,436,1
2026-06-04,600036,14:37:31,38.0600,23,1
2026-06-04,600036,14:37:34,38.0500,19,2
2026-06-04,600036,14:37:37,38.0500,5,2
2026-06-04,600036,14:37:40,38.0600,34,1
2026-06-04,600036,14:37:43,38.0700,559,1
2026-06-04,600036,14:37:46,38.0700,125,2
2026-06-04,600036,14:37:49,38.0700,76,1
2026-06-04,600036,14:37:52,38.0700,106,2
2026-06-04,600036,14:37:55,38.0700,402,2
2026-06-04,600036,14:37:58,38.0700,47,2
2026-06-04,600036,14:38:01,38.0800,86,1
2026-06-04,600036,14:38:04,38.0900,100,1
2026-06-04,600036,14:38:07,38.0900,109,1
2026-06-04,600036,14:38:10,38.0900,1138,1
2026-06-04,600036,14:38:13,38.0900,15,1
2026-06-04,600036,14:38:16,38.0900,53,1
2026-06-04,600036,14:38:19,38.0900,1,1
2026-06-04,600036,14:38:22,38.0800,27,2
2026-06-04,600036,14:38:25,38.0800,333,2
2026-06-04,600036,14:38:28,38.0900,23,1
2026-06-04,600036,14:38:31,38.0900,60,1
2026-06-04,600036,14:38:34,38.0900,1,1
2026-06-04,600036,14:38:37,38.0900,8,1
2026-06-04,600036,14:38:40,38.0900,94,1
2026-06-04,600036,14:38:43,38.0800,111,2
2026-06-04,600036,14:38:46,38.0800,59,2
2026-06-04,600036,14:38:49,38.0900,26,1
2026-06-04,600036,14:38:52,38.0900,53,1
2026-06-04,600036,14:38:55,38.0900,564,1
2026-06-04,600036,14:38:58,38.0900,45,2
2026-06-04,600036,14:39:01,38.1000,1,1
2026-06-04,600036,14:39:04,38.1000,53,1
2026-06-04,600036,14:39:07,38.1000,96,1
2026-06-04,600036,14:39:10,38.0900,116,2
2026-06-04,600036,14:39:13,38.0900,66,2
2026-06-04,600036,14:39:16,38.0900,8,1
2026-06-04,600036,14:39:19,38.0800,11,2
2026-06-04,600036,14:39:22,38.0900,1,1
2026-06-04,600036,14:39:25,38.0800,470,2
2026-06-04,600036,14:39:28,38.0900,57,1
2026-06-04,600036,14:39:31,38.0800,17,2
2026-06-04,600036,14:39:34,38.0800,422,2
2026-06-04,600036,14:39:37,38.0800,17,2
2026-06-04,600036,14:39:40,38.0900,39,1
2026-06-04,600036,14:39:43,38.0800,229,2
2026-06-04,600036,14:39:46,38.0800,57,1
2026-06-04,600036,14:39:49,38.0800,24,1
2026-06-04,600036,14:39:52,38.0800,12,1
2026-06-04,600036,14:39:55,38.0800,49,1
2026-06-04,600036,14:39:58,38.0800,12,1
2026-06-04,600036,14:40:01,38.0700,344,2
2026-06-04,600036,14:40:04,38.0800,145,1
2026-06-04,600036,14:40:07,38.0600,259,2
2026-06-04,600036,14:40:10,38.0800,131,1
2026-06-04,600036,14:40:13,38.0700,120,2
2026-06-04,600036,14:40:16,38.0800,33,1
2026-06-04,600036,14:40:19,38.0900,28,1
2026-06-04,600036,14:40:22,38.0800,40,2
2026-06-04,600036,14:40:25,38.0800,138,2
2026-06-04,600036,14:40:28,38.0800,17,2
2026-06-04,600036,14:40:31,38.0800,203,2
2026-06-04,600036,14:40:34,38.0800,55,2
2026-06-04,600036,14:40:37,38.0800,5,4
2026-06-04,600036,14:40:40,38.0900,24,1
2026-06-04,600036,14:40:43,38.0900,65,1
2026-06-04,600036,14:40:46,38.0900,39,1
2026-06-04,600036,14:40:49,38.0900,557,1
2026-06-04,600036,14:40:52,38.0900,6,2
2026-06-04,600036,14:40:55,38.1000,23,1
2026-06-04,600036,14:40:58,38.0900,1010,2
2026-06-04,600036,14:41:01,38.1000,55,1
2026-06-04,600036,14:41:04,38.1000,23,1
2026-06-04,600036,14:41:07,38.1000,46,1
2026-06-04,600036,14:41:10,38.1000,33,1
2026-06-04,600036,14:41:13,38.1000,172,1
2026-06-04,600036,14:41:16,38.0900,425,2
2026-06-04,600036,14:41:19,38.0800,371,2
2026-06-04,600036,14:41:22,38.0800,13,2
2026-06-04,600036,14:41:25,38.0800,38,2
2026-06-04,600036,14:41:28,38.0800,17,2
2026-06-04,600036,14:41:31,38.0800,37,2
2026-06-04,600036,14:41:34,38.0900,45,1
2026-06-04,600036,14:41:40,38.0800,14,2
2026-06-04,600036,14:41:43,38.0800,293,2
2026-06-04,600036,14:41:46,38.0800,45,1
2026-06-04,600036,14:41:49,38.0800,9,1
2026-06-04,600036,14:41:52,38.0700,45,2
2026-06-04,600036,14:41:55,38.0600,296,2
2026-06-04,600036,14:41:58,38.0600,74,2
2026-06-04,600036,14:42:01,38.0600,89,2
2026-06-04,600036,14:42:04,38.0600,71,2
2026-06-04,600036,14:42:07,38.0600,17,2
2026-06-04,600036,14:42:10,38.0600,31,2
2026-06-04,600036,14:42:13,38.0700,10,1
2026-06-04,600036,14:42:16,38.0600,3,2
2026-06-04,600036,14:42:19,38.0600,41,2
2026-06-04,600036,14:42:22,38.0700,72,1
2026-06-04,600036,14:42:25,38.0700,4,1
2026-06-04,600036,14:42:28,38.0700,13,1
2026-06-04,600036,14:42:31,38.0700,15,1
2026-06-04,600036,14:42:34,38.0700,478,1
2026-06-04,600036,14:42:37,38.0700,189,2
2026-06-04,600036,14:42:40,38.0800,30,1
2026-06-04,600036,14:42:43,38.0800,32,1
2026-06-04,600036,14:42:46,38.0800,66,1
2026-06-04,600036,14:42:49,38.0800,5,1
2026-06-04,600036,14:42:52,38.0700,27,2
2026-06-04,600036,14:42:55,38.0700,50,2
2026-06-04,600036,14:42:58,38.0700,4,2
2026-06-04,600036,14:43:01,38.0800,8,1
2026-06-04,600036,14:43:04,38.0800,116,1
2026-06-04,600036,14:43:07,38.0600,89,2
2026-06-04,600036,14:43:10,38.0600,276,2
2026-06-04,600036,14:43:13,38.0800,10,1
2026-06-04,600036,14:43:16,38.0700,56,2
2026-06-04,600036,14:43:19,38.0700,15,2
2026-06-04,600036,14:43:22,38.0700,37,2
2026-06-04,600036,14:43:25,38.0700,23,4
2026-06-04,600036,14:43:28,38.0600,12,2
2026-06-04,600036,14:43:31,38.0700,189,1
2026-06-04,600036,14:43:34,38.0700,194,2
2026-06-04,600036,14:43:37,38.0800,496,1
2026-06-04,600036,14:43:40,38.0800,58,2
2026-06-04,600036,14:43:43,38.0900,30,1
2026-06-04,600036,14:43:46,38.0900,60,1
2026-06-04,600036,14:43:49,38.0900,30,2
2026-06-04,600036,14:43:52,38.1000,91,1
2026-06-04,600036,14:43:55,38.1000,115,1
2026-06-04,600036,14:43:58,38.0900,48,2
2026-06-04,600036,14:44:01,38.0900,65,2
2026-06-04,600036,14:44:04,38.0900,86,1
2026-06-04,600036,14:44:07,38.0800,36,2
2026-06-04,600036,14:44:10,38.0900,34,1
2026-06-04,600036,14:44:13,38.0900,7,1
2026-06-04,600036,14:44:16,38.0800,159,2
2026-06-04,600036,14:44:19,38.0900,128,1
2026-06-04,600036,14:44:22,38.0900,103,1
2026-06-04,600036,14:44:25,38.0900,45,2
2026-06-04,600036,14:44:28,38.0800,86,2
2026-06-04,600036,14:44:31,38.0900,52,1
2026-06-04,600036,14:44:34,38.0700,674,2
2026-06-04,600036,14:44:37,38.0800,32,4
2026-06-04,600036,14:44:40,38.0800,577,2
2026-06-04,600036,14:44:43,38.0500,27,2
2026-06-04,600036,14:44:46,38.0700,97,1
2026-06-04,600036,14:44:49,38.0800,1674,1
2026-06-04,600036,14:44:52,38.0800,127,1
2026-06-04,600036,14:44:55,38.0700,21,2
2026-06-04,600036,14:44:58,38.0700,101,2
2026-06-04,600036,14:45:01,38.0700,57,1
2026-06-04,600036,14:45:04,38.0800,76,1
2026-06-04,600036,14:45:07,38.0700,140,2
2026-06-04,600036,14:45:10,38.0800,179,1
2026-06-04,600036,14:45:13,38.0700,38,2
2026-06-04,600036,14:45:16,38.0700,136,2
2026-06-04,600036,14:45:19,38.0700,30,2
2026-06-04,600036,14:45:22,38.0800,82,1
2026-06-04,600036,14:45:25,38.0800,118,2
2026-06-04,600036,14:45:28,38.0800,61,2
2026-06-04,600036,14:45:31,38.0800,62,1
2026-06-04,600036,14:45:34,38.0800,26,1
2026-06-04,600036,14:45:37,38.0800,43,1
2026-06-04,600036,14:45:40,38.0700,91,2
2026-06-04,600036,14:45:43,38.0700,14,2
2026-06-04,600036,14:45:46,38.0800,10,1
2026-06-04,600036,14:45:49,38.0700,14,2
2026-06-04,600036,14:45:52,38.0800,30,1
2026-06-04,600036,14:45:55,38.0800,80,1
2026-06-04,600036,14:45:58,38.0700,137,2
2026-06-04,600036,14:46:01,38.0700,359,2
2026-06-04,600036,14:46:04,38.0700,107,2
2026-06-04,600036,14:46:07,38.0600,80,2
2026-06-04,600036,14:46:10,38.0700,57,1
2026-06-04,600036,14:46:13,38.0700,104,1
2026-06-04,600036,14:46:16,38.0600,18,2
2026-06-04,600036,14:46:19,38.0700,31,1
2026-06-04,600036,14:46:22,38.0700,43,1
2026-06-04,600036,14:46:25,38.0600,2,2
2026-06-04,600036,14:46:28,38.0600,69,2
2026-06-04,600036,14:46:31,38.0600,16,2
2026-06-04,600036,14:46:34,38.0700,216,1
2026-06-04,600036,14:46:37,38.0700,26,1
2026-06-04,600036,14:46:40,38.0600,15,2
2026-06-04,600036,14:46:43,38.0700,56,1
2026-06-04,600036,14:46:46,38.0700,91,1
2026-06-04,600036,14:46:49,38.0700,78,1
2026-06-04,600036,14:46:52,38.0700,49,1
2026-06-04,600036,14:46:55,38.0600,105,2
2026-06-04,600036,14:46:58,38.0600,3,2
2026-06-04,600036,14:47:01,38.0600,436,2
2026-06-04,600036,14:47:04,38.0600,44,2
2026-06-04,600036,14:47:07,38.0600,31,2
2026-06-04,600036,14:47:10,38.0600,167,2
2026-06-04,600036,14:47:13,38.0800,1457,1
2026-06-04,600036,14:47:16,38.0800,204,1
2026-06-04,600036,14:47:19,38.0700,5,2
2026-06-04,600036,14:47:22,38.0600,281,2
2026-06-04,600036,14:47:25,38.0700,3,4
2026-06-04,600036,14:47:28,38.0700,100,1
2026-06-04,600036,14:47:31,38.0800,28,1
2026-06-04,600036,14:47:34,38.0600,64,2
2026-06-04,600036,14:47:37,38.0800,31,1
2026-06-04,600036,14:47:40,38.0700,2,2
2026-06-04,600036,14:47:43,38.0800,9,1
2026-06-04,600036,14:47:46,38.0700,16,2
2026-06-04,600036,14:47:49,38.0700,107,2
2026-06-04,600036,14:47:52,38.0800,15,1
2026-06-04,600036,14:47:55,38.0800,108,1
2026-06-04,600036,14:47:58,38.0700,27,2
2026-06-04,600036,14:48:01,38.0800,42,1
2026-06-04,600036,14:48:04,38.0800,59,1
2026-06-04,600036,14:48:07,38.0800,21,1
2026-06-04,600036,14:48:10,38.0800,41,1
2026-06-04,600036,14:48:13,38.0800,7,1
2026-06-04,600036,14:48:16,38.0700,21,2
2026-06-04,600036,14:48:19,38.0800,36,1
2026-06-04,600036,14:48:22,38.0700,48,2
2026-06-04,600036,14:48:25,38.0800,35,1
2026-06-04,600036,14:48:28,38.0800,9,1
2026-06-04,600036,14:48:31,38.0800,10,1
2026-06-04,600036,14:48:34,38.0800,22,1
2026-06-04,600036,14:48:37,38.0800,25,1
2026-06-04,600036,14:48:40,38.0800,705,1
2026-06-04,600036,14:48:43,38.0800,268,2
2026-06-04,600036,14:48:46,38.0900,274,1
2026-06-04,600036,14:48:49,38.0900,81,1
2026-06-04,600036,14:48:52,38.0800,404,2
2026-06-04,600036,14:48:55,38.0800,24,2
2026-06-04,600036,14:48:58,38.0800,89,2
2026-06-04,600036,14:49:01,38.0900,33,1
2026-06-04,600036,14:49:04,38.0900,284,1
2026-06-04,600036,14:49:07,38.0900,83,1
2026-06-04,600036,14:49:10,38.0900,25,1
2026-06-04,600036,14:49:13,38.0900,7,1
2026-06-04,600036,14:49:16,38.0800,216,2
2026-06-04,600036,14:49:19,38.0800,288,2
2026-06-04,600036,14:49:22,38.0900,7,1
2026-06-04,600036,14:49:25,38.0800,14,2
2026-06-04,600036,14:49:28,38.0900,25,1
2026-06-04,600036,14:49:31,38.0800,36,2
2026-06-04,600036,14:49:34,38.0800,45,2
2026-06-04,600036,14:49:37,38.0900,26,1
2026-06-04,600036,14:49:40,38.0900,11,1
2026-06-04,600036,14:49:43,38.0900,30,1
2026-06-04,600036,14:49:46,38.0900,215,1
2026-06-04,600036,14:49:49,38.0900,98,1
2026-06-04,600036,14:49:52,38.0900,35,2
2026-06-04,600036,14:49:55,38.0900,110,2
2026-06-04,600036,14:49:58,38.0900,15,2
2026-06-04,600036,14:50:01,38.0900,472,2
2026-06-04,600036,14:50:04,38.0800,181,2
2026-06-04,600036,14:50:07,38.1000,158,1
2026-06-04,600036,14:50:10,38.1000,73,1
2026-06-04,600036,14:50:13,38.0900,28,2
2026-06-04,600036,14:50:16,38.1000,59,1
2026-06-04,600036,14:50:19,38.1100,1337,1
2026-06-04,600036,14:50:22,38.1100,610,1
2026-06-04,600036,14:50:25,38.1000,30,2
2026-06-04,600036,14:50:28,38.1100,55,1
2026-06-04,600036,14:50:31,38.1100,98,1
2026-06-04,600036,14:50:34,38.1100,305,1
2026-06-04,600036,14:50:37,38.1000,185,2
2026-06-04,600036,14:50:40,38.1000,43,2
2026-06-04,600036,14:50:43,38.1100,14,1
2026-06-04,600036,14:50:46,38.1000,23,2
2026-06-04,600036,14:50:49,38.1100,21,1
2026-06-04,600036,14:50:52,38.1100,70,1
2026-06-04,600036,14:50:55,38.1100,59,1
2026-06-04,600036,14:50:58,38.1100,79,1
2026-06-04,600036,14:51:01,38.1100,108,1
2026-06-04,600036,14:51:04,38.1000,21,2
2026-06-04,600036,14:51:07,38.1200,374,1
2026-06-04,600036,14:51:10,38.1200,281,1
2026-06-04,600036,14:51:13,38.1200,279,2
2026-06-04,600036,14:51:16,38.1100,60,2
2026-06-04,600036,14:51:19,38.1100,57,2
2026-06-04,600036,14:51:22,38.1100,161,2
2026-06-04,600036,14:51:25,38.1100,33,1
2026-06-04,600036,14:51:28,38.1000,31,2
2026-06-04,600036,14:51:31,38.1100,4,1
2026-06-04,600036,14:51:34,38.1000,19,2
2026-06-04,600036,14:51:37,38.1100,8,1
2026-06-04,600036,14:51:40,38.1000,23,2
2026-06-04,600036,14:51:43,38.1100,10,1
2026-06-04,600036,14:51:46,38.1100,46,1
2026-06-04,600036,14:51:49,38.1000,330,2
2026-06-04,600036,14:51:52,38.1100,20,1
2026-06-04,600036,14:51:55,38.1100,143,1
2026-06-04,600036,14:51:58,38.1000,55,2
2026-06-04,600036,14:52:01,38.1300,915,1
2026-06-04,600036,14:52:04,38.1200,178,1
2026-06-04,600036,14:52:07,38.1200,49,1
2026-06-04,600036,14:52:10,38.1100,212,2
2026-06-04,600036,14:52:13,38.1100,253,2
2026-06-04,600036,14:52:16,38.1200,59,1
2026-06-04,600036,14:52:19,38.1200,27,1
2026-06-04,600036,14:52:22,38.1200,30,1
2026-06-04,600036,14:52:25,38.1200,9,1
2026-06-04,600036,14:52:28,38.1100,23,2
2026-06-04,600036,14:52:31,38.1100,149,2
2026-06-04,600036,14:52:34,38.1100,131,2
2026-06-04,600036,14:52:37,38.1100,73,2
2026-06-04,600036,14:52:40,38.1100,119,2
2026-06-04,600036,14:52:43,38.1100,8,2
2026-06-04,600036,14:52:46,38.1200,8,1
2026-06-04,600036,14:52:49,38.1100,202,2
2026-06-04,600036,14:52:52,38.1100,308,2
2026-06-04,600036,14:52:55,38.1100,72,2
2026-06-04,600036,14:52:58,38.1100,61,2
2026-06-04,600036,14:53:01,38.1100,198,2
2026-06-04,600036,14:53:04,38.1200,300,1
2026-06-04,600036,14:53:07,38.1300,163,1
2026-06-04,600036,14:53:10,38.1100,210,2
2026-06-04,600036,14:53:13,38.1100,102,2
2026-06-04,600036,14:53:16,38.1000,19,2
2026-06-04,600036,14:53:19,38.1000,165,2
2026-06-04,600036,14:53:22,38.1100,341,1
2026-06-04,600036,14:53:25,38.1000,33,2
2026-06-04,600036,14:53:28,38.1100,95,1
2026-06-04,600036,14:53:31,38.1100,95,1
2026-06-04,600036,14:53:34,38.1100,8,1
2026-06-04,600036,14:53:37,38.1100,117,1
2026-06-04,600036,14:53:40,38.1000,173,2
2026-06-04,600036,14:53:43,38.1000,48,2
2026-06-04,600036,14:53:46,38.1000,48,2
2026-06-04,600036,14:53:49,38.1100,46,1
2026-06-04,600036,14:53:52,38.1000,20,2
2026-06-04,600036,14:53:55,38.1100,26,1
2026-06-04,600036,14:53:58,38.1000,250,2
2026-06-04,600036,14:54:01,38.1100,439,1
2026-06-04,600036,14:54:04,38.1000,56,2
2026-06-04,600036,14:54:07,38.1000,131,2
2026-06-04,600036,14:54:10,38.1000,72,2
2026-06-04,600036,14:54:13,38.1100,596,1
2026-06-04,600036,14:54:16,38.1100,184,2
2026-06-04,600036,14:54:19,38.1100,34,2
2026-06-04,600036,14:54:22,38.1100,186,2
2026-06-04,600036,14:54:25,38.1100,45,2
2026-06-04,600036,14:54:28,38.1200,93,1
2026-06-04,600036,14:54:31,38.1200,139,1
2026-06-04,600036,14:54:34,38.1200,173,1
2026-06-04,600036,14:54:37,38.1100,237,2
2026-06-04,600036,14:54:40,38.1200,175,1
2026-06-04,600036,14:54:43,38.1200,148,1
2026-06-04,600036,14:54:46,38.1100,68,2
2026-06-04,600036,14:54:49,38.1000,288,2
2026-06-04,600036,14:54:52,38.1100,259,1
2026-06-04,600036,14:54:55,38.1000,28,2
2026-06-04,600036,14:54:58,38.1000,276,2
2026-06-04,600036,14:55:01,38.1100,357,1
2026-06-04,600036,14:55:04,38.1100,104,1
2026-06-04,600036,14:55:07,38.1000,122,2
2026-06-04,600036,14:55:10,38.1100,90,1
2026-06-04,600036,14:55:13,38.1100,38,1
2026-06-04,600036,14:55:16,38.1100,362,1
2026-06-04,600036,14:55:19,38.1100,89,1
2026-06-04,600036,14:55:22,38.1200,58,1
2026-06-04,600036,14:55:25,38.1000,135,2
2026-06-04,600036,14:55:28,38.1000,74,2
2026-06-04,600036,14:55:31,38.1100,70,1
2026-06-04,600036,14:55:34,38.1100,83,1
2026-06-04,600036,14:55:37,38.1100,230,1
2026-06-04,600036,14:55:40,38.1100,16,2
2026-06-04,600036,14:55:43,38.1100,188,2
2026-06-04,600036,14:55:46,38.1100,125,1
2026-06-04,600036,14:55:49,38.1000,162,2
2026-06-04,600036,14:55:52,38.1100,180,4
2026-06-04,600036,14:55:55,38.1000,95,2
2026-06-04,600036,14:55:58,38.1100,217,1
2026-06-04,600036,14:56:01,38.1200,346,1
2026-06-04,600036,14:56:04,38.1200,177,1
2026-06-04,600036,14:56:07,38.1200,144,1
2026-06-04,600036,14:56:10,38.1000,34,2
2026-06-04,600036,14:56:13,38.1100,118,1
2026-06-04,600036,14:56:16,38.1100,184,1
2026-06-04,600036,14:56:19,38.1000,32,2
2026-06-04,600036,14:56:22,38.1100,170,1
2026-06-04,600036,14:56:25,38.1000,94,2
2026-06-04,600036,14:56:28,38.1100,56,2
2026-06-04,600036,14:56:31,38.1200,237,1
2026-06-04,600036,14:56:34,38.1200,80,1
2026-06-04,600036,14:56:37,38.1200,298,1
2026-06-04,600036,14:56:40,38.1100,118,2
2026-06-04,600036,14:56:43,38.1200,66,1
2026-06-04,600036,14:56:46,38.1200,26,1
2026-06-04,600036,14:56:49,38.1200,19,1
2026-06-04,600036,14:56:52,38.1100,108,2
2026-06-04,600036,14:56:55,38.1100,74,2
2026-06-04,600036,14:56:58,38.1100,58,1
2026-06-04,600036,15:00:02,38.1000,8853,4
2026-06-04,600036,13:16:46,38.1800,1019,2
2026-06-04,600036,13:16:49,38.1900,16,1
2026-06-04,600036,13:16:52,38.1900,6,1
2026-06-04,600036,13:16:55,38.1800,135,2
2026-06-04,600036,13:16:58,38.1900,32,1
2026-06-04,600036,13:17:01,38.1800,74,2
2026-06-04,600036,13:17:04,38.1800,94,2
2026-06-04,600036,13:17:07,38.1900,36,1
2026-06-04,600036,13:17:10,38.1800,482,2
2026-06-04,600036,13:17:13,38.1800,3560,2
2026-06-04,600036,13:17:16,38.1700,38,2
2026-06-04,600036,13:17:19,38.1700,63,2
2026-06-04,600036,13:17:22,38.1800,77,1
2026-06-04,600036,13:17:25,38.1700,152,2
2026-06-04,600036,13:17:28,38.1700,29,2
2026-06-04,600036,13:17:31,38.1700,25,2
2026-06-04,600036,13:17:34,38.1700,18,2
2026-06-04,600036,13:17:37,38.1700,140,2
2026-06-04,600036,13:17:40,38.1700,40,2
2026-06-04,600036,13:17:43,38.1800,20,1
2026-06-04,600036,13:17:46,38.1800,126,1
2026-06-04,600036,13:17:49,38.1700,3,2
2026-06-04,600036,13:17:52,38.1700,89,2
2026-06-04,600036,13:17:55,38.1700,29,2
2026-06-04,600036,13:17:58,38.1700,39,2
2026-06-04,600036,13:18:01,38.1700,68,2
2026-06-04,600036,13:18:04,38.1700,26,2
2026-06-04,600036,13:18:07,38.1700,136,2
2026-06-04,600036,13:18:10,38.1700,11,1
2026-06-04,600036,13:18:13,38.1700,60,1
2026-06-04,600036,13:18:16,38.1600,69,2
2026-06-04,600036,13:18:19,38.1700,95,1
2026-06-04,600036,13:18:22,38.1600,48,2
2026-06-04,600036,13:18:25,38.1700,6,1
2026-06-04,600036,13:18:28,38.1600,20,2
2026-06-04,600036,13:18:31,38.1600,16,2
2026-06-04,600036,13:18:34,38.1600,37,2
2026-06-04,600036,13:18:37,38.1700,39,1
2026-06-04,600036,13:18:40,38.1700,54,1
2026-06-04,600036,13:18:43,38.1600,1131,2
2026-06-04,600036,13:18:46,38.1600,56,1
2026-06-04,600036,13:18:49,38.1600,648,1
2026-06-04,600036,13:18:52,38.1700,360,1
2026-06-04,600036,13:18:55,38.1700,25,2
2026-06-04,600036,13:18:58,38.1700,72,2
2026-06-04,600036,13:19:01,38.1700,19,4
2026-06-04,600036,13:19:04,38.1800,591,1
2026-06-04,600036,13:19:07,38.1800,248,1
2026-06-04,600036,13:19:10,38.1800,7,2
2026-06-04,600036,13:19:13,38.1800,64,2
2026-06-04,600036,13:19:16,38.1800,595,2
2026-06-04,600036,13:19:19,38.1800,109,1
2026-06-04,600036,13:19:22,38.1800,102,1
2026-06-04,600036,13:19:25,38.1700,99,2
2026-06-04,600036,13:19:28,38.1800,98,1
2026-06-04,600036,13:19:31,38.1800,95,1
2026-06-04,600036,13:19:34,38.1800,28,2
2026-06-04,600036,13:19:37,38.1800,18,2
2026-06-04,600036,13:19:40,38.1900,32,1
2026-06-04,600036,13:19:43,38.1800,224,2
2026-06-04,600036,13:19:46,38.1800,48,1
2026-06-04,600036,13:19:49,38.1800,120,1
2026-06-04,600036,13:19:52,38.1800,8,1
2026-06-04,600036,13:19:55,38.1700,30,2
2026-06-04,600036,13:19:58,38.1800,22,1
2026-06-04,600036,13:20:01,38.1800,22,1
2026-06-04,600036,13:20:04,38.1800,131,1
2026-06-04,600036,13:20:07,38.1800,96,1
2026-06-04,600036,13:20:10,38.1800,29,1
2026-06-04,600036,13:20:13,38.1700,25,2
2026-06-04,600036,13:20:16,38.1700,192,2
2026-06-04,600036,13:20:19,38.1700,8,2
2026-06-04,600036,13:20:22,38.1700,412,2
2026-06-04,600036,13:20:25,38.1700,47,1
2026-06-04,600036,13:20:28,38.1700,25,1
2026-06-04,600036,13:20:31,38.1700,6,1
2026-06-04,600036,13:20:34,38.1700,46,1
2026-06-04,600036,13:20:37,38.1700,33,1
2026-06-04,600036,13:20:40,38.1700,24,1
2026-06-04,600036,13:20:43,38.1700,24,1
2026-06-04,600036,13:20:46,38.1700,112,1
2026-06-04,600036,13:20:49,38.1700,53,1
2026-06-04,600036,13:20:52,38.1700,41,1
2026-06-04,600036,13:20:55,38.1700,38,1
2026-06-04,600036,13:20:58,38.1700,39,2
2026-06-04,600036,13:21:01,38.1700,72,2
2026-06-04,600036,13:21:04,38.1700,82,2
2026-06-04,600036,13:21:07,38.1700,104,2
2026-06-04,600036,13:21:10,38.1700,26,1
2026-06-04,600036,13:21:13,38.1700,6,1
2026-06-04,600036,13:21:16,38.1700,9,1
2026-06-04,600036,13:21:19,38.1700,63,1
2026-06-04,600036,13:21:22,38.1700,22,1
2026-06-04,600036,13:21:25,38.1700,17,1
2026-06-04,600036,13:21:28,38.1700,28,1
2026-06-04,600036,13:21:31,38.1700,23,1
2026-06-04,600036,13:21:34,38.1700,29,1
2026-06-04,600036,13:21:37,38.1700,30,1
2026-06-04,600036,13:21:40,38.1700,43,1
2026-06-04,600036,13:21:43,38.1700,23,1
2026-06-04,600036,13:21:46,38.1700,16,1
2026-06-04,600036,13:21:49,38.1700,51,1
2026-06-04,600036,13:21:52,38.1700,39,1
2026-06-04,600036,13:21:55,38.1700,6,1
2026-06-04,600036,13:21:58,38.1600,23,2
2026-06-04,600036,13:22:01,38.1600,89,2
2026-06-04,600036,13:22:04,38.1600,59,2
2026-06-04,600036,13:22:07,38.1700,23,1
2026-06-04,600036,13:22:10,38.1700,37,1
2026-06-04,600036,13:22:13,38.1600,47,2
2026-06-04,600036,13:22:16,38.1600,45,2
2026-06-04,600036,13:22:19,38.1700,4,1
2026-06-04,600036,13:22:22,38.1600,49,2
2026-06-04,600036,13:22:25,38.1600,90,2
2026-06-04,600036,13:22:28,38.1700,105,1
2026-06-04,600036,13:22:31,38.1600,17,2
2026-06-04,600036,13:22:34,38.1700,31,1
2026-06-04,600036,13:22:37,38.1600,52,2
2026-06-04,600036,13:22:40,38.1600,1917,2
2026-06-04,600036,13:22:43,38.1600,42,1
2026-06-04,600036,13:22:46,38.1500,246,2
2026-06-04,600036,13:22:49,38.1600,72,1
2026-06-04,600036,13:22:52,38.1600,13,1
2026-06-04,600036,13:22:55,38.1600,83,1
2026-06-04,600036,13:22:58,38.1600,2,1
2026-06-04,600036,13:23:01,38.1500,60,2
2026-06-04,600036,13:23:04,38.1500,154,2
2026-06-04,600036,13:23:07,38.1600,14,1
2026-06-04,600036,13:23:10,38.1500,187,2
2026-06-04,600036,13:23:13,38.1600,42,4
2026-06-04,600036,13:23:16,38.1500,171,2
2026-06-04,600036,13:23:19,38.1600,80,1
2026-06-04,600036,13:23:22,38.1500,130,2
2026-06-04,600036,13:23:25,38.1600,45,1
2026-06-04,600036,13:23:28,38.1600,23,1
2026-06-04,600036,13:23:31,38.1600,59,1
2026-06-04,600036,13:23:34,38.1600,24,1
2026-06-04,600036,13:23:37,38.1600,58,1
2026-06-04,600036,13:23:40,38.1600,63,1
2026-06-04,600036,13:23:43,38.1600,22,1
2026-06-04,600036,13:23:46,38.1600,33,1
2026-06-04,600036,13:23:49,38.1600,12,1
2026-06-04,600036,13:23:52,38.1500,8,2
2026-06-04,600036,13:23:55,38.1600,23,1
2026-06-04,600036,13:23:58,38.1500,41,2
2026-06-04,600036,13:24:01,38.1600,83,1
2026-06-04,600036,13:24:04,38.1600,66,1
2026-06-04,600036,13:24:07,38.1600,53,1
2026-06-04,600036,13:24:10,38.1500,38,2
2026-06-04,600036,13:24:13,38.1600,39,1
2026-06-04,600036,13:24:16,38.1600,5,1
2026-06-04,600036,13:24:19,38.1600,74,1
2026-06-04,600036,13:24:22,38.1600,82,1
2026-06-04,600036,13:24:25,38.1500,16,2
2026-06-04,600036,13:24:28,38.1500,57,2
2026-06-04,600036,13:24:31,38.1600,38,1
2026-06-04,600036,13:24:34,38.1600,36,1
2026-06-04,600036,13:24:37,38.1500,37,2
2026-06-04,600036,13:24:40,38.1600,1018,1
2026-06-04,600036,13:24:43,38.1600,290,2
2026-06-04,600036,13:24:46,38.1600,170,2
2026-06-04,600036,13:24:49,38.1600,122,2
2026-06-04,600036,13:24:52,38.1600,87,2
2026-06-04,600036,13:24:55,38.1700,28,1
2026-06-04,600036,13:24:58,38.1700,362,1
2026-06-04,600036,13:25:01,38.1700,80,1
2026-06-04,600036,13:25:04,38.1600,258,2
2026-06-04,600036,13:25:07,38.1600,112,2
2026-06-04,600036,13:25:10,38.1600,617,2
2026-06-04,600036,13:25:13,38.1600,291,1
2026-06-04,600036,13:25:16,38.1600,277,2
2026-06-04,600036,13:25:19,38.1600,107,1
2026-06-04,600036,13:25:22,38.1600,140,1
2026-06-04,600036,13:25:25,38.1600,59,1
2026-06-04,600036,13:25:28,38.1600,183,1
2026-06-04,600036,13:25:31,38.1600,14,1
2026-06-04,600036,13:25:34,38.1500,60,2
2026-06-04,600036,13:25:37,38.1600,14,1
2026-06-04,600036,13:25:40,38.1500,93,2
2026-06-04,600036,13:25:43,38.1600,11,1
2026-06-04,600036,13:25:46,38.1400,2294,2
2026-06-04,600036,13:25:49,38.1300,695,2
2026-06-04,600036,13:25:52,38.1300,144,2
2026-06-04,600036,13:25:55,38.1200,575,2
2026-06-04,600036,13:25:58,38.1300,492,1
2026-06-04,600036,13:26:01,38.1300,31,1
2026-06-04,600036,13:26:04,38.1300,500,1
2026-06-04,600036,13:26:07,38.1400,64,1
2026-06-04,600036,13:26:10,38.1300,126,2
2026-06-04,600036,13:26:13,38.1400,36,1
2026-06-04,600036,13:26:16,38.1300,37,2
2026-06-04,600036,13:26:19,38.1400,6,1
2026-06-04,600036,13:26:22,38.1300,24,2
2026-06-04,600036,13:26:25,38.1300,35,2
2026-06-04,600036,13:26:28,38.1300,90,2
2026-06-04,600036,13:26:31,38.1300,45,2
2026-06-04,600036,13:26:34,38.1300,691,2
2026-06-04,600036,13:26:37,38.1300,30,1
2026-06-04,600036,13:26:40,38.1300,358,1
2026-06-04,600036,13:26:43,38.1300,32,1
2026-06-04,600036,13:26:46,38.1200,44,2
2026-06-04,600036,13:26:49,38.1300,549,1
2026-06-04,600036,13:26:52,38.1300,226,1
2026-06-04,600036,13:26:55,38.1300,27,2
2026-06-04,600036,13:26:58,38.1300,35,2
2026-06-04,600036,13:27:01,38.1300,129,2
2026-06-04,600036,13:27:04,38.1300,121,2
2026-06-04,600036,13:27:07,38.1300,45,2
2026-06-04,600036,13:27:10,38.1400,51,1
2026-06-04,600036,13:27:13,38.1400,125,1
2026-06-04,600036,13:27:16,38.1400,8,1
2026-06-04,600036,13:27:19,38.1400,138,1
2026-06-04,600036,13:27:22,38.1400,280,1
2026-06-04,600036,13:27:25,38.1400,53,2
2026-06-04,600036,13:27:28,38.1400,91,2
2026-06-04,600036,13:27:31,38.1400,51,2
2026-06-04,600036,13:27:34,38.1400,9,2
2026-06-04,600036,13:27:37,38.1500,192,1
2026-06-04,600036,13:27:40,38.1500,46,2
2026-06-04,600036,13:27:43,38.1600,171,1
2026-06-04,600036,13:27:46,38.1600,10,1
2026-06-04,600036,13:27:49,38.1600,2,1
2026-06-04,600036,13:27:52,38.1500,44,2
2026-06-04,600036,13:27:55,38.1500,17,2
2026-06-04,600036,13:27:58,38.1600,50,1
2026-06-04,600036,13:28:01,38.1600,102,1
2026-06-04,600036,13:28:04,38.1600,14,1
2026-06-04,600036,13:28:10,38.1600,60,1
2026-06-04,600036,13:28:13,38.1600,54,1
2026-06-04,600036,13:28:16,38.1600,75,1
2026-06-04,600036,13:28:19,38.1600,6,1
2026-06-04,600036,13:28:22,38.1600,20,1
2026-06-04,600036,13:28:25,38.1600,53,1
2026-06-04,600036,13:28:28,38.1600,4,1
2026-06-04,600036,13:28:31,38.1600,66,1
2026-06-04,600036,13:28:34,38.1600,8,1
2026-06-04,600036,13:28:37,38.1600,45,1
2026-06-04,600036,13:28:40,38.1600,34,1
2026-06-04,600036,13:28:43,38.1500,33,2
2026-06-04,600036,13:28:46,38.1500,366,2
2026-06-04,600036,13:28:49,38.1500,29,1
2026-06-04,600036,13:28:52,38.1400,16,2
2026-06-04,600036,13:28:55,38.1500,16,1
2026-06-04,600036,13:28:58,38.1500,130,1
2026-06-04,600036,13:29:01,38.1500,152,1
2026-06-04,600036,13:29:04,38.1500,34,1
2026-06-04,600036,13:29:07,38.1500,22,1
2026-06-04,600036,13:29:10,38.1500,34,1
2026-06-04,600036,13:29:13,38.1500,4,1
2026-06-04,600036,13:29:16,38.1500,37,1
2026-06-04,600036,13:29:19,38.1500,113,1
2026-06-04,600036,13:29:22,38.1600,115,1
2026-06-04,600036,13:29:28,38.1500,129,2
2026-06-04,600036,13:29:31,38.1600,80,1
2026-06-04,600036,13:29:34,38.1600,23,1
2026-06-04,600036,13:29:37,38.1500,7,2
2026-06-04,600036,13:29:40,38.1600,114,1
2026-06-04,600036,13:29:43,38.1600,5,1
2026-06-04,600036,13:29:46,38.1500,38,2
2026-06-04,600036,13:29:49,38.1500,252,2
2026-06-04,600036,13:29:52,38.1500,83,2
2026-06-04,600036,13:29:55,38.1500,329,2
2026-06-04,600036,13:29:58,38.1500,11,1
2026-06-04,600036,13:30:01,38.1500,29,1
2026-06-04,600036,13:30:04,38.1500,54,1
2026-06-04,600036,13:30:07,38.1400,55,2
2026-06-04,600036,13:30:10,38.1400,20,2
2026-06-04,600036,13:30:13,38.1500,5,1
2026-06-04,600036,13:30:16,38.1400,132,2
2026-06-04,600036,13:30:19,38.1500,188,1
2026-06-04,600036,13:30:22,38.1400,60,2
2026-06-04,600036,13:30:25,38.1500,732,1
2026-06-04,600036,13:30:28,38.1600,56,1
2026-06-04,600036,13:30:31,38.1500,13,2
2026-06-04,600036,13:30:34,38.1500,6,2
2026-06-04,600036,13:30:37,38.1500,27,2
2026-06-04,600036,13:30:40,38.1500,10,2
2026-06-04,600036,13:30:43,38.1500,16,2
2026-06-04,600036,13:30:46,38.1600,20,1
2026-06-04,600036,13:30:49,38.1500,44,2
2026-06-04,600036,13:30:52,38.1500,72,2
2026-06-04,600036,13:30:55,38.1500,212,2
2026-06-04,600036,13:30:58,38.1500,22,1
2026-06-04,600036,13:31:01,38.1500,16,1
2026-06-04,600036,13:31:04,38.1500,69,1
2026-06-04,600036,13:31:07,38.1400,19,2
2026-06-04,600036,13:31:10,38.1300,146,2
2026-06-04,600036,13:31:13,38.1300,518,2
2026-06-04,600036,13:31:16,38.1300,56,4
2026-06-04,600036,13:31:19,38.1300,49,2
2026-06-04,600036,13:31:22,38.1400,66,1
2026-06-04,600036,13:31:25,38.1300,60,2
2026-06-04,600036,13:31:28,38.1200,175,2
2026-06-04,600036,13:31:31,38.1300,35,4
2026-06-04,600036,13:31:34,38.1200,139,2
2026-06-04,600036,13:31:37,38.1200,1058,2
2026-06-04,600036,13:31:40,38.1200,234,2
2026-06-04,600036,13:31:43,38.1300,124,1
2026-06-04,600036,13:31:46,38.1300,65,1
2026-06-04,600036,13:31:49,38.1200,28,2
2026-06-04,600036,13:31:52,38.1100,102,2
2026-06-04,600036,13:31:55,38.1200,97,1
2026-06-04,600036,13:31:58,38.1100,67,2
2026-06-04,600036,13:32:01,38.1100,110,2
2026-06-04,600036,13:32:04,38.1100,40,2
2026-06-04,600036,13:32:07,38.1100,17,2
2026-06-04,600036,13:32:10,38.1100,43,2
2026-06-04,600036,13:32:13,38.1200,39,1
2026-06-04,600036,13:32:16,38.1100,512,2
2026-06-04,600036,13:32:19,38.1100,646,2
2026-06-04,600036,13:32:22,38.1100,201,2
2026-06-04,600036,13:32:25,38.1100,554,2
2026-06-04,600036,13:32:28,38.1100,761,1
2026-06-04,600036,13:32:31,38.1100,61,1
2026-06-04,600036,13:32:34,38.1100,998,1
2026-06-04,600036,13:32:37,38.1100,58,1
2026-06-04,600036,13:32:40,38.1000,54,2
2026-06-04,600036,13:32:43,38.1000,863,2
2026-06-04,600036,13:32:46,38.1000,69,1
2026-06-04,600036,13:32:49,38.0900,121,2
2026-06-04,600036,13:32:52,38.1000,43,1
2026-06-04,600036,13:32:55,38.0900,439,2
2026-06-04,600036,13:32:58,38.0900,76,2
2026-06-04,600036,13:33:01,38.0900,423,2
2026-06-04,600036,13:33:04,38.0900,105,2
2026-06-04,600036,13:33:07,38.0900,39,2
2026-06-04,600036,13:33:10,38.0800,48,2
2026-06-04,600036,13:33:13,38.0900,1048,1
2026-06-04,600036,13:33:16,38.0800,87,2
2026-06-04,600036,13:33:19,38.0800,259,2
2026-06-04,600036,13:33:22,38.0900,472,1
2026-06-04,600036,13:33:25,38.0900,136,2
2026-06-04,600036,13:33:28,38.0900,487,2
2026-06-04,600036,13:33:31,38.0900,69,2
2026-06-04,600036,13:33:34,38.0900,108,2
2026-06-04,600036,13:33:37,38.1000,450,1
2026-06-04,600036,13:33:40,38.1100,50,1
2026-06-04,600036,13:33:43,38.0900,1299,2
2026-06-04,600036,13:33:46,38.1100,53,1
2026-06-04,600036,13:33:49,38.1000,25,2
2026-06-04,600036,13:33:52,38.1100,273,4
2026-06-04,600036,13:33:55,38.1000,55,2
2026-06-04,600036,13:33:58,38.1100,73,1
2026-06-04,600036,13:34:01,38.1100,73,1
2026-06-04,600036,13:34:04,38.1100,24,1
2026-06-04,600036,13:34:07,38.1100,175,1
2026-06-04,600036,13:34:10,38.1000,278,2
2026-06-04,600036,13:34:13,38.0900,355,2
2026-06-04,600036,13:34:16,38.1000,284,1
2026-06-04,600036,13:34:19,38.0900,39,2
2026-06-04,600036,13:34:22,38.0900,28,2
2026-06-04,600036,13:34:25,38.0900,451,2
2026-06-04,600036,13:34:28,38.0800,44,2
2026-06-04,600036,13:34:31,38.0900,30,1
2026-06-04,600036,13:34:34,38.0800,92,2
2026-06-04,600036,13:34:37,38.0800,297,2
2026-06-04,600036,13:34:40,38.0900,69,1
2026-06-04,600036,13:34:43,38.0800,15,2
2026-06-04,600036,13:34:46,38.0900,158,1
2026-06-04,600036,13:34:49,38.0900,28,1
2026-06-04,600036,13:34:52,38.0900,17,1
2026-06-04,600036,13:34:55,38.0900,646,1
2026-06-04,600036,13:34:58,38.0900,133,1
2026-06-04,600036,13:35:01,38.0900,97,1
2026-06-04,600036,13:35:04,38.0900,28,1
2026-06-04,600036,13:35:07,38.0900,53,1
2026-06-04,600036,13:35:10,38.0800,278,2
2026-06-04,600036,13:35:13,38.1000,64,1
2026-06-04,600036,13:35:16,38.0900,57,1
2026-06-04,600036,13:35:19,38.1000,52,1
2026-06-04,600036,13:35:25,38.1000,52,1
2026-06-04,600036,13:35:28,38.1000,35,1
2026-06-04,600036,13:35:31,38.0900,52,2
2026-06-04,600036,13:35:34,38.1000,535,1
2026-06-04,600036,13:35:37,38.0900,311,2
2026-06-04,600036,13:35:40,38.1100,344,1
2026-06-04,600036,13:35:43,38.1000,13,2
2026-06-04,600036,13:35:46,38.1000,8,2
2026-06-04,600036,13:35:49,38.1100,40,1
2026-06-04,600036,13:35:52,38.1100,47,1
2026-06-04,600036,13:35:55,38.1100,88,1
2026-06-04,600036,13:35:58,38.1100,9,1
2026-06-04,600036,13:36:01,38.1100,12,1
2026-06-04,600036,13:36:04,38.1100,24,1
2026-06-04,600036,13:36:07,38.1100,46,1
2026-06-04,600036,13:36:10,38.1100,15,1
2026-06-04,600036,13:36:13,38.1100,9,1
2026-06-04,600036,13:36:16,38.1000,598,2
2026-06-04,600036,13:36:19,38.1000,44,1
2026-06-04,600036,13:36:22,38.1000,79,1
2026-06-04,600036,13:36:25,38.1000,52,1
2026-06-04,600036,13:36:28,38.0800,544,2
2026-06-04,600036,13:36:31,38.0900,166,1
2026-06-04,600036,13:36:34,38.0900,79,1
2026-06-04,600036,13:36:37,38.0900,90,1
2026-06-04,600036,13:36:40,38.0900,151,1
2026-06-04,600036,13:36:43,38.0800,138,2
2026-06-04,600036,13:36:46,38.1000,93,1
2026-06-04,600036,13:36:49,38.1000,27,1
2026-06-04,600036,13:36:52,38.0900,27,1
2026-06-04,600036,13:36:55,38.0900,296,1
2026-06-04,600036,13:36:58,38.0900,188,1
2026-06-04,600036,13:37:01,38.0900,240,1
2026-06-04,600036,13:37:04,38.0900,204,1
2026-06-04,600036,13:37:07,38.0900,86,2
2026-06-04,600036,13:37:10,38.1000,22,1
2026-06-04,600036,13:37:13,38.1000,19,1
2026-06-04,600036,13:37:16,38.0900,23,2
2026-06-04,600036,13:37:19,38.1000,66,1
2026-06-04,600036,13:37:22,38.1000,2,1
2026-06-04,600036,13:37:25,38.1000,34,1
2026-06-04,600036,13:37:28,38.1000,20,1
2026-06-04,600036,13:37:31,38.1000,95,1
2026-06-04,600036,13:37:34,38.1000,10,1
2026-06-04,600036,13:37:37,38.1000,278,1
2026-06-04,600036,13:37:40,38.1000,37,1
2026-06-04,600036,13:37:43,38.1000,14,1
2026-06-04,600036,13:37:46,38.1000,162,1
2026-06-04,600036,13:37:49,38.1000,40,1
2026-06-04,600036,13:37:52,38.1000,16,1
2026-06-04,600036,13:37:55,38.1000,56,1
2026-06-04,600036,13:37:58,38.1000,3,1
2026-06-04,600036,13:38:01,38.0900,246,2
2026-06-04,600036,13:38:04,38.1000,28,1
2026-06-04,600036,13:38:07,38.0900,28,2
2026-06-04,600036,13:38:10,38.1000,20,1
2026-06-04,600036,13:38:13,38.0900,109,2
2026-06-04,600036,13:38:16,38.0900,264,2
2026-06-04,600036,13:38:19,38.0900,233,2
2026-06-04,600036,13:38:22,38.0800,15,2
2026-06-04,600036,13:38:25,38.0900,195,1
2026-06-04,600036,13:38:28,38.0900,10,1
2026-06-04,600036,13:38:31,38.0900,115,1
2026-06-04,600036,13:38:34,38.0900,34,1
2026-06-04,600036,13:38:37,38.0800,23,2
2026-06-04,600036,13:38:40,38.0900,19,1
2026-06-04,600036,13:38:43,38.0900,20,1
2026-06-04,600036,13:38:46,38.0900,214,1
2026-06-04,600036,13:38:49,38.0900,65,1
2026-06-04,600036,13:38:52,38.0900,135,1
2026-06-04,600036,13:38:55,38.0800,598,2
2026-06-04,600036,13:38:58,38.0800,60,2
2026-06-04,600036,13:39:01,38.0800,44,2
2026-06-04,600036,13:39:04,38.0900,13,1
2026-06-04,600036,13:39:07,38.0900,105,1
2026-06-04,600036,13:39:10,38.0900,81,1
2026-06-04,600036,13:39:13,38.1000,2,1
2026-06-04,600036,13:39:16,38.0900,59,2
2026-06-04,600036,13:39:19,38.1000,496,1
2026-06-04,600036,13:39:22,38.1000,11,2
2026-06-04,600036,13:39:25,38.1000,359,2
2026-06-04,600036,13:39:28,38.1000,56,1
2026-06-04,600036,13:39:31,38.0900,10,2
2026-06-04,600036,13:39:34,38.0900,18,2
2026-06-04,600036,13:39:37,38.1000,282,1
2026-06-04,600036,13:39:40,38.1000,36,1
2026-06-04,600036,13:39:43,38.1000,26,1
2026-06-04,600036,13:39:46,38.1000,12,1
2026-06-04,600036,13:39:49,38.1000,55,1
2026-06-04,600036,13:39:52,38.1000,18,1
2026-06-04,600036,13:39:55,38.0900,8,2
2026-06-04,600036,13:39:58,38.0900,51,2
2026-06-04,600036,13:40:01,38.1000,53,1
2026-06-04,600036,13:40:04,38.1000,97,1
2026-06-04,600036,13:40:07,38.1000,93,1
2026-06-04,600036,13:40:10,38.1000,41,1
2026-06-04,600036,13:40:13,38.1000,323,1
2026-06-04,600036,13:40:16,38.1100,258,1
2026-06-04,600036,13:40:19,38.1000,16,2
2026-06-04,600036,13:40:22,38.1000,849,2
2026-06-04,600036,13:40:25,38.1000,13,4
2026-06-04,600036,13:40:28,38.1000,14,1
2026-06-04,600036,13:40:31,38.1000,22,1
2026-06-04,600036,13:40:34,38.1000,21,1
2026-06-04,600036,13:40:37,38.1000,21,1
2026-06-04,600036,13:40:40,38.1000,49,1
2026-06-04,600036,13:40:43,38.1000,7,4
2026-06-04,600036,13:40:46,38.1000,70,2
2026-06-04,600036,13:40:49,38.1000,50,2
2026-06-04,600036,13:40:52,38.1000,18,2
2026-06-04,600036,13:40:55,38.1000,252,2
2026-06-04,600036,13:40:58,38.1000,93,2
2026-06-04,600036,13:41:01,38.1000,17,1
2026-06-04,600036,13:41:04,38.1000,7,1
2026-06-04,600036,13:41:07,38.1000,540,1
2026-06-04,600036,13:41:10,38.1000,62,1
2026-06-04,600036,13:41:13,38.1000,36,2
2026-06-04,600036,13:41:16,38.1000,12,2
2026-06-04,600036,13:41:19,38.1100,46,1
2026-06-04,600036,13:41:22,38.1100,49,2
2026-06-04,600036,13:41:25,38.1100,36,1
2026-06-04,600036,13:41:28,38.1100,75,1
2026-06-04,600036,13:41:31,38.1200,16,1
2026-06-04,600036,13:41:34,38.1100,381,2
2026-06-04,600036,13:41:37,38.1100,347,1
2026-06-04,600036,13:41:40,38.1100,69,1
2026-06-04,600036,13:41:43,38.1100,32,1
2026-06-04,600036,13:41:46,38.1100,43,1
2026-06-04,600036,13:41:49,38.1100,30,1
2026-06-04,600036,13:41:52,38.1000,492,2
2026-06-04,600036,13:41:55,38.0900,70,2
2026-06-04,600036,13:41:58,38.1000,22,1
2026-06-04,600036,13:42:01,38.1000,44,1
2026-06-04,600036,13:42:04,38.0900,6,2
2026-06-04,600036,13:42:07,38.1000,24,1
2026-06-04,600036,13:42:10,38.1000,19,1
2026-06-04,600036,13:42:13,38.1000,160,1
2026-06-04,600036,13:42:16,38.1000,288,1
2026-06-04,600036,13:42:19,38.1000,68,1
2026-06-04,600036,13:42:22,38.1000,220,1
2026-06-04,600036,13:42:25,38.1000,14,2
2026-06-04,600036,13:42:28,38.1000,2,2
2026-06-04,600036,13:42:31,38.1000,15,2
2026-06-04,600036,13:42:34,38.1100,22,1
2026-06-04,600036,13:42:37,38.1100,212,1
2026-06-04,600036,13:42:40,38.1000,14,2
2026-06-04,600036,13:42:43,38.1100,6,1
2026-06-04,600036,13:42:46,38.1100,92,1
2026-06-04,600036,13:42:49,38.1100,41,1
2026-06-04,600036,13:42:52,38.1100,59,1
2026-06-04,600036,13:42:55,38.1100,13,1
2026-06-04,600036,13:42:58,38.1100,298,1
2026-06-04,600036,13:43:01,38.1000,118,2
2026-06-04,600036,13:43:04,38.1000,130,1
2026-06-04,600036,13:43:07,38.1000,27,1
2026-06-04,600036,13:43:10,38.1000,22,2
2026-06-04,600036,13:43:13,38.1000,24,2
2026-06-04,600036,13:43:16,38.1000,3,2
2026-06-04,600036,13:43:19,38.1100,11,1
2026-06-04,600036,13:43:22,38.1100,13,1
2026-06-04,600036,13:43:25,38.1100,384,1
2026-06-04,600036,13:43:28,38.1100,19,2
2026-06-04,600036,13:43:31,38.1200,14,1
2026-06-04,600036,13:43:34,38.1200,280,1
2026-06-04,600036,13:43:37,38.1200,339,1
2026-06-04,600036,13:43:40,38.1200,61,1
2026-06-04,600036,13:43:43,38.1200,196,1
2026-06-04,600036,13:43:46,38.1200,34,1
2026-06-04,600036,13:43:49,38.1100,104,2
2026-06-04,600036,13:43:52,38.1200,276,1
2026-06-04,600036,13:43:55,38.1200,55,1
2026-06-04,600036,13:43:58,38.1200,28,1
2026-06-04,600036,13:44:01,38.1200,62,1
2026-06-04,600036,13:44:04,38.1200,36,2
2026-06-04,600036,13:44:07,38.1300,18,1
2026-06-04,600036,13:44:10,38.1200,135,2
2026-06-04,600036,13:44:13,38.1300,19,1
2026-06-04,600036,13:44:16,38.1300,337,1
2026-06-04,600036,13:44:19,38.1300,62,1
2026-06-04,600036,13:44:22,38.1300,27,4
2026-06-04,600036,13:44:25,38.1300,34,1
2026-06-04,600036,13:44:28,38.1300,13,1
2026-06-04,600036,13:44:31,38.1300,317,1
2026-06-04,600036,13:44:34,38.1300,310,1
2026-06-04,600036,13:44:37,38.1300,29,1
2026-06-04,600036,13:44:40,38.1300,399,1
2026-06-04,600036,13:44:43,38.1300,68,1
2026-06-04,600036,13:44:46,38.1300,93,1
2026-06-04,600036,13:44:49,38.1300,17,2
2026-06-04,600036,13:44:52,38.1200,48,2
2026-06-04,600036,13:44:55,38.1300,27,1
2026-06-04,600036,13:44:58,38.1200,545,2
2026-06-04,600036,13:45:01,38.1100,50,2
2026-06-04,600036,13:45:04,38.1100,27,2
2026-06-04,600036,13:45:07,38.1100,12,2
2026-06-04,600036,13:45:10,38.1100,21,2
2026-06-04,600036,13:45:13,38.1100,247,2
2026-06-04,600036,13:45:16,38.1100,57,1
2026-06-04,600036,13:45:19,38.1100,62,1
2026-06-04,600036,13:45:22,38.1100,21,1
2026-06-04,600036,13:45:25,38.1100,88,1
2026-06-04,600036,13:45:28,38.1100,20,1
2026-06-04,600036,13:45:31,38.1000,129,2
2026-06-04,600036,13:45:34,38.1100,6,1
2026-06-04,600036,13:45:37,38.1100,124,1
2026-06-04,600036,13:45:40,38.1100,89,2
2026-06-04,600036,13:45:43,38.1100,33,1
2026-06-04,600036,13:45:46,38.1100,22,1
2026-06-04,600036,13:45:49,38.1100,10,1
2026-06-04,600036,13:45:52,38.1100,61,1
2026-06-04,600036,13:45:55,38.1100,115,2
2026-06-04,600036,13:45:58,38.1100,53,2
2026-06-04,600036,13:46:01,38.1100,19,2
2026-06-04,600036,13:46:04,38.1200,94,1
2026-06-04,600036,13:46:07,38.1100,77,2
2026-06-04,600036,13:46:10,38.1100,49,1
2026-06-04,600036,13:46:13,38.1100,151,1
2026-06-04,600036,13:46:16,38.1100,78,1
2026-06-04,600036,13:46:19,38.1200,8,1
2026-06-04,600036,13:46:22,38.1100,40,2
2026-06-04,600036,13:46:25,38.1100,10,2
2026-06-04,600036,13:46:28,38.1100,12,2
2026-06-04,600036,13:46:31,38.1100,34,2
2026-06-04,600036,13:46:34,38.1200,59,1
2026-06-04,600036,13:46:37,38.1200,3,1
2026-06-04,600036,13:46:40,38.1200,58,1
2026-06-04,600036,13:46:43,38.1200,61,1
2026-06-04,600036,13:46:46,38.1200,39,1
2026-06-04,600036,13:46:49,38.1200,33,1
2026-06-04,600036,13:46:52,38.1200,172,1
2026-06-04,600036,13:46:55,38.1200,5,2
2026-06-04,600036,13:46:58,38.1200,38,2
2026-06-04,600036,13:47:01,38.1300,51,1
2026-06-04,600036,13:47:04,38.1300,69,1
2026-06-04,600036,13:47:07,38.1200,106,2
2026-06-04,600036,13:47:10,38.1200,110,2
2026-06-04,600036,13:47:13,38.1200,135,2
2026-06-04,600036,13:47:16,38.1100,47,2
2026-06-04,600036,13:47:19,38.1200,17,1
2026-06-04,600036,13:47:22,38.1200,25,1
2026-06-04,600036,13:47:25,38.1200,98,1
2026-06-04,600036,13:47:28,38.1200,290,1
2026-06-04,600036,13:47:31,38.1100,7,2
2026-06-04,600036,13:47:34,38.1100,60,2
2026-06-04,600036,13:47:37,38.1200,109,1
2026-06-04,600036,13:47:40,38.1200,81,2
2026-06-04,600036,13:47:43,38.1200,15,1
2026-06-04,600036,13:47:46,38.1100,17,2
2026-06-04,600036,13:47:49,38.1100,26,2
2026-06-04,600036,13:47:52,38.1100,36,2
2026-06-04,600036,13:47:55,38.1100,47,2
2026-06-04,600036,13:47:58,38.1000,224,2
2026-06-04,600036,13:48:01,38.1000,18,2
2026-06-04,600036,13:48:04,38.1100,196,1
2026-06-04,600036,13:48:07,38.1000,81,2
2026-06-04,600036,13:48:10,38.1000,38,2
2026-06-04,600036,13:48:13,38.1000,115,2
2026-06-04,600036,13:48:16,38.1000,110,2
2026-06-04,600036,13:48:19,38.1100,35,1
2026-06-04,600036,13:48:22,38.1000,1013,2
2026-06-04,600036,13:48:25,38.1000,509,2
2026-06-04,600036,13:48:28,38.1000,276,1
2026-06-04,600036,13:48:31,38.1000,4,1
2026-06-04,600036,13:48:34,38.0900,76,2
2026-06-04,600036,13:48:37,38.0900,96,2
2026-06-04,600036,13:48:40,38.1000,259,1
2026-06-04,600036,13:48:43,38.1000,113,1
2026-06-04,600036,13:48:46,38.0800,95,2
2026-06-04,600036,13:48:49,38.0900,43,2
2026-06-04,600036,13:48:52,38.0800,33,2
2026-06-04,600036,13:48:58,38.0900,15,2
2026-06-04,600036,13:49:01,38.0900,29,1
2026-06-04,600036,13:49:04,38.0800,100,2
2026-06-04,600036,13:49:07,38.0900,46,1
2026-06-04,600036,13:49:10,38.0800,52,2
2026-06-04,600036,13:49:13,38.0800,39,2
2026-06-04,600036,13:49:16,38.0900,51,1
2026-06-04,600036,13:49:22,38.0900,69,1
2026-06-04,600036,13:49:25,38.0900,60,1
2026-06-04,600036,13:49:28,38.0800,31,2
2026-06-04,600036,13:49:31,38.0800,62,2
2026-06-04,600036,13:49:34,38.0800,38,2
2026-06-04,600036,13:49:37,38.0800,8,2
2026-06-04,600036,13:49:40,38.0800,26,2
2026-06-04,600036,13:49:43,38.0800,47,2
2026-06-04,600036,13:49:46,38.0800,15,2
2026-06-04,600036,13:49:49,38.0900,93,1
2026-06-04,600036,13:49:52,38.0800,74,2
2026-06-04,600036,13:49:55,38.0800,66,2
2026-06-04,600036,13:49:58,38.0800,52,2
2026-06-04,600036,13:50:01,38.0900,17,1
2026-06-04,600036,13:50:04,38.0800,36,2
2026-06-04,600036,13:50:07,38.0800,25,2
2026-06-04,600036,13:50:10,38.0900,74,1
2026-06-04,600036,13:50:13,38.0800,26,2
2026-06-04,600036,13:50:16,38.0800,31,2
2026-06-04,600036,13:50:19,38.0900,13,1
2026-06-04,600036,13:50:22,38.0900,8,1
2026-06-04,600036,13:50:25,38.0900,37,1
2026-06-04,600036,13:50:28,38.0800,20,2
2026-06-04,600036,13:50:31,38.0900,168,1
2026-06-04,600036,13:50:34,38.0900,320,1
2026-06-04,600036,13:50:37,38.0900,64,1
2026-06-04,600036,13:50:40,38.0900,73,1
2026-06-04,600036,13:50:43,38.0900,9,1
2026-06-04,600036,13:50:46,38.0900,27,1
2026-06-04,600036,13:50:49,38.0800,43,2
2026-06-04,600036,13:50:52,38.0900,74,1
2026-06-04,600036,13:50:55,38.0800,1414,2
2026-06-04,600036,13:50:58,38.0800,300,1
2026-06-04,600036,13:51:01,38.0800,20,1
2026-06-04,600036,13:51:04,38.0800,88,1
2026-06-04,600036,13:51:07,38.0800,17,1
2026-06-04,600036,13:51:10,38.0700,27,2
2026-06-04,600036,13:51:13,38.0800,85,1
2026-06-04,600036,13:51:16,38.0800,668,1
2026-06-04,600036,13:51:19,38.0800,32,1
2026-06-04,600036,13:51:22,38.0900,131,1
2026-06-04,600036,13:51:25,38.0900,25,1
2026-06-04,600036,13:51:28,38.0800,49,2
2026-06-04,600036,13:51:31,38.0800,38,2
2026-06-04,600036,13:51:34,38.0800,21,2
2026-06-04,600036,13:51:37,38.0800,2,2
2026-06-04,600036,13:51:40,38.0800,8,2
2026-06-04,600036,13:51:43,38.0900,4,1
2026-06-04,600036,13:51:46,38.0900,15,1
2026-06-04,600036,13:51:49,38.0900,27,1
2026-06-04,600036,13:51:52,38.0900,36,1
2026-06-04,600036,13:51:55,38.0900,20,1
2026-06-04,600036,13:51:58,38.0900,82,1
2026-06-04,600036,13:52:01,38.0900,657,1
2026-06-04,600036,13:52:04,38.0900,127,2
2026-06-04,600036,13:52:07,38.0900,23,2
2026-06-04,600036,13:52:10,38.0900,72,2
2026-06-04,600036,13:52:13,38.1000,11,1
2026-06-04,600036,13:52:16,38.1000,28,1
2026-06-04,600036,13:52:19,38.1000,137,1
2026-06-04,600036,13:52:22,38.1000,77,1
2026-06-04,600036,13:52:25,38.0900,108,2
2026-06-04,600036,13:52:28,38.1000,49,1
2026-06-04,600036,13:52:31,38.1000,115,1
2026-06-04,600036,13:52:34,38.1000,58,1
2026-06-04,600036,13:52:37,38.0900,4,2
2026-06-04,600036,13:52:40,38.1000,14,1
2026-06-04,600036,13:52:43,38.0900,14,2
2026-06-04,600036,13:52:46,38.0900,106,2
2026-06-04,600036,13:52:49,38.0900,225,2
2026-06-04,600036,13:52:52,38.0800,1504,2
2026-06-04,600036,13:52:55,38.0800,101,2
2026-06-04,600036,13:52:58,38.0800,340,2
2026-06-04,600036,13:53:01,38.0800,44,1
2026-06-04,600036,13:53:04,38.0700,132,2
2026-06-04,600036,13:53:07,38.0900,73,1
2026-06-04,600036,13:53:10,38.0700,102,2
2026-06-04,600036,13:53:13,38.0900,12,1
2026-06-04,600036,13:53:16,38.0900,87,1
2026-06-04,600036,13:53:19,38.0900,21,1
2026-06-04,600036,13:53:22,38.0700,73,2
2026-06-04,600036,13:53:25,38.0700,88,2
2026-06-04,600036,13:53:28,38.0800,37,4
2026-06-04,600036,13:53:31,38.0700,24,2
2026-06-04,600036,13:53:34,38.0800,85,1
2026-06-04,600036,13:53:37,38.0800,68,1
2026-06-04,600036,13:53:40,38.0700,24,2
2026-06-04,600036,13:53:43,38.0700,52,2
2026-06-04,600036,13:53:46,38.0700,128,2
2026-06-04,600036,13:53:49,38.0700,260,2
2026-06-04,600036,13:53:52,38.0700,223,1
2026-06-04,600036,13:53:55,38.0700,18,2
2026-06-04,600036,13:53:58,38.0700,147,2
2026-06-04,600036,13:54:01,38.0800,38,1
2026-06-04,600036,13:54:04,38.0800,106,1
2026-06-04,600036,13:54:07,38.0700,103,2
2026-06-04,600036,13:54:10,38.0600,79,2
2026-06-04,600036,13:54:13,38.0800,35,1
2026-06-04,600036,13:54:16,38.0700,38,2
2026-06-04,600036,13:54:19,38.0700,12,2
2026-06-04,600036,13:54:22,38.0700,51,2
2026-06-04,600036,13:54:25,38.0700,31,2
2026-06-04,600036,13:54:28,38.0700,159,1
2026-06-04,600036,13:54:31,38.0800,15,1
2026-06-04,600036,13:54:34,38.0600,21,2
2026-06-04,600036,13:54:37,38.0800,15,1
2026-06-04,600036,13:54:40,38.0700,3,2
2026-06-04,600036,13:54:43,38.0800,90,1
2026-06-04,600036,13:54:46,38.0700,43,2
2026-06-04,600036,13:54:49,38.0800,40,1
2026-06-04,600036,13:54:52,38.0700,64,2
2026-06-04,600036,13:54:55,38.0600,21,2
2026-06-04,600036,13:54:58,38.0600,157,2
2026-06-04,600036,13:55:01,38.0600,4,2
2026-06-04,600036,13:55:04,38.0700,47,1
2026-06-04,600036,13:55:07,38.0700,66,1
2026-06-04,600036,13:55:10,38.0700,48,4
2026-06-04,600036,13:55:13,38.0700,27,1
2026-06-04,600036,13:55:16,38.0600,70,2
2026-06-04,600036,13:55:19,38.0700,218,1
2026-06-04,600036,13:55:22,38.0600,122,2
2026-06-04,600036,13:55:25,38.0700,80,1
2026-06-04,600036,13:55:28,38.0600,44,2
2026-06-04,600036,13:55:31,38.0700,298,1
2026-06-04,600036,13:55:34,38.0600,65,2
2026-06-04,600036,13:55:37,38.0600,624,2
2026-06-04,600036,13:55:40,38.0500,142,2
2026-06-04,600036,13:55:43,38.0500,175,2
2026-06-04,600036,13:55:46,38.0600,146,4
2026-06-04,600036,13:55:49,38.0600,360,1
2026-06-04,600036,13:55:52,38.0600,215,2
2026-06-04,600036,13:55:55,38.0600,138,2
2026-06-04,600036,13:55:58,38.0500,207,2
2026-06-04,600036,13:56:01,38.0500,54,2
2026-06-04,600036,13:56:04,38.0600,114,1
2026-06-04,600036,13:56:07,38.0500,76,2
2026-06-04,600036,13:56:10,38.0600,1454,1
2026-06-04,600036,13:56:13,38.0600,263,2
2026-06-04,600036,13:56:16,38.0500,455,2
2026-06-04,600036,13:56:19,38.0600,4,1
2026-06-04,600036,13:56:22,38.0500,75,2
2026-06-04,600036,13:56:25,38.0500,129,2
2026-06-04,600036,13:56:28,38.0500,52,2
2026-06-04,600036,13:56:31,38.0500,4,2
2026-06-04,600036,13:56:34,38.0500,128,2
2026-06-04,600036,13:56:37,38.0500,995,2
2026-06-04,600036,13:56:40,38.0600,285,1
2026-06-04,600036,13:56:43,38.0600,39,1
2026-06-04,600036,13:56:46,38.0600,63,1
2026-06-04,600036,13:56:49,38.0600,187,1
2026-06-04,600036,13:56:52,38.0600,65,1
2026-06-04,600036,13:56:55,38.0500,127,2
2026-06-04,600036,13:56:58,38.0600,78,1
2026-06-04,600036,13:57:01,38.0600,9,1
2026-06-04,600036,13:57:04,38.0600,29,1
2026-06-04,600036,13:57:07,38.0600,26,1
2026-06-04,600036,13:57:10,38.0500,31,2
2026-06-04,600036,13:57:13,38.0600,67,1
2026-06-04,600036,13:57:16,38.0600,20,1
2026-06-04,600036,13:57:19,38.0600,141,1
2026-06-04,600036,13:57:22,38.0600,131,1
2026-06-04,600036,13:57:25,38.0500,128,2
2026-06-04,600036,13:57:28,38.0600,24,1
2026-06-04,600036,13:57:31,38.0600,78,1
2026-06-04,600036,13:57:34,38.0500,23,2
2026-06-04,600036,13:57:37,38.0500,19,2
2026-06-04,600036,13:57:40,38.0500,107,2
2026-06-04,600036,13:57:43,38.0500,115,2
2026-06-04,600036,13:57:46,38.0500,81,2
2026-06-04,600036,13:57:49,38.0500,175,2
2026-06-04,600036,13:57:52,38.0500,128,2
2026-06-04,600036,13:57:55,38.0400,49,2
2026-06-04,600036,13:57:58,38.0400,103,2
2026-06-04,600036,13:58:01,38.0500,58,1
2026-06-04,600036,13:58:04,38.0500,228,1
2026-06-04,600036,13:58:07,38.0500,133,1
2026-06-04,600036,13:58:10,38.0400,12,2
2026-06-04,600036,13:58:13,38.0400,63,2
2026-06-04,600036,13:58:16,38.0400,12,2
2026-06-04,600036,13:58:19,38.0400,61,2
2026-06-04,600036,13:58:22,38.0400,45,2
2026-06-04,600036,13:58:25,38.0400,60,2
2026-06-04,600036,13:58:28,38.0400,2,2
2026-06-04,600036,13:58:31,38.0500,35,1
2026-06-04,600036,13:58:34,38.0400,18,2
2026-06-04,600036,13:58:37,38.0400,43,2
2026-06-04,600036,13:58:40,38.0500,44,1
2026-06-04,600036,13:58:43,38.0500,31,1
2026-06-04,600036,13:58:46,38.0500,15,1
2026-06-04,600036,13:58:49,38.0500,67,1
2026-06-04,600036,13:58:52,38.0500,52,1
2026-06-04,600036,13:58:55,38.0500,353,1
2026-06-04,600036,13:58:58,38.0400,38,2
2026-06-04,600036,13:59:01,38.0500,91,1
2026-06-04,600036,13:59:04,38.0400,158,2
2026-06-04,600036,13:59:07,38.0400,227,2
2026-06-04,600036,13:59:10,38.0400,73,2
2026-06-04,600036,13:59:13,38.0500,175,1
2026-06-04,600036,13:59:16,38.0500,62,2
2026-06-04,600036,13:59:19,38.0500,76,1
2026-06-04,600036,13:59:22,38.0500,25,1
2026-06-04,600036,13:59:25,38.0500,33,1
2026-06-04,600036,13:59:28,38.0500,93,1
2026-06-04,600036,13:59:31,38.0500,22,1
2026-06-04,600036,13:59:34,38.0500,115,1
2026-06-04,600036,13:59:37,38.0500,9,2
2026-06-04,600036,13:59:40,38.0600,58,1
2026-06-04,600036,13:59:43,38.0500,16,4
2026-06-04,600036,13:59:46,38.0600,34,1
2026-06-04,600036,13:59:49,38.0500,9,2
2026-06-04,600036,13:59:52,38.0400,24,2
2026-06-04,600036,13:59:55,38.0400,32,2
2026-06-04,600036,13:59:58,38.0500,25,2
2026-06-04,600036,14:00:01,38.0500,34,1
2026-06-04,600036,14:00:04,38.0500,80,1
2026-06-04,600036,14:00:07,38.0500,51,1
2026-06-04,600036,14:00:10,38.0400,69,2
2026-06-04,600036,14:00:13,38.0400,54,2
2026-06-04,600036,14:00:16,38.0500,178,1
2026-06-04,600036,14:00:19,38.0500,234,1
2026-06-04,600036,14:00:22,38.0500,46,2
2026-06-04,600036,14:00:25,38.0500,20,1
2026-06-04,600036,14:00:28,38.0500,105,1
2026-06-04,600036,14:00:31,38.0600,110,1
2026-06-04,600036,14:00:34,38.0500,442,2
2026-06-04,600036,14:00:37,38.0500,8,2
2026-06-04,600036,14:00:40,38.0500,327,2
2026-06-04,600036,14:00:43,38.0500,47,2
2026-06-04,600036,14:00:46,38.0500,144,2
2026-06-04,600036,14:00:49,38.0500,107,2
2026-06-04,600036,14:00:52,38.0500,123,2
2026-06-04,600036,14:00:55,38.0500,40,2
2026-06-04,600036,14:00:58,38.0500,123,2
2026-06-04,600036,14:01:01,38.0500,52,1
2026-06-04,600036,14:01:04,38.0500,253,1
2026-06-04,600036,14:01:07,38.0500,49,1
2026-06-04,600036,14:01:10,38.0500,138,1
2026-06-04,600036,14:01:13,38.0400,117,2
2026-06-04,600036,14:01:16,38.0500,61,1
2026-06-04,600036,14:01:19,38.0500,16,1
2026-06-04,600036,14:01:22,38.0500,25,2
2026-06-04,600036,14:01:25,38.0500,5,2
2026-06-04,600036,14:01:28,38.0500,80,2
2026-06-04,600036,14:01:31,38.0500,19,2
2026-06-04,600036,14:01:34,38.0500,267,2
2026-06-04,600036,14:01:37,38.0600,36,1
2026-06-04,600036,14:01:40,38.0600,75,1
2026-06-04,600036,14:01:43,38.0600,114,1
2026-06-04,600036,14:01:46,38.0600,63,1
2026-06-04,600036,14:01:49,38.0600,51,1
2026-06-04,600036,14:01:52,38.0500,99,2
2026-06-04,600036,14:01:55,38.0600,19,1
2026-06-04,600036,14:01:58,38.0600,64,1
2026-06-04,600036,14:02:01,38.0600,185,1
2026-06-04,600036,14:02:04,38.0600,899,1
2026-06-04,600036,14:02:07,38.0700,92,1
2026-06-04,600036,14:02:10,38.0800,777,1
2026-06-04,600036,14:02:13,38.0700,93,2
2026-06-04,600036,14:02:16,38.0500,112,2
2026-06-04,600036,14:02:19,38.0500,26,2
2026-06-04,600036,14:02:22,38.0600,47,4
2026-06-04,600036,14:02:25,38.0600,17,1
2026-06-04,600036,14:02:28,38.0500,21,2
2026-06-04,600036,14:02:31,38.0600,8,1
2026-06-04,600036,14:02:34,38.0600,59,1
2026-06-04,600036,14:02:37,38.0600,41,1
2026-06-04,600036,14:02:40,38.0600,58,1
2026-06-04,600036,14:02:43,38.0500,11,2
2026-06-04,600036,14:02:46,38.0500,21,2
2026-06-04,600036,14:02:49,38.0600,41,1
2026-06-04,600036,14:02:52,38.0500,56,2
2026-06-04,600036,14:02:55,38.0500,68,2
2026-06-04,600036,14:02:58,38.0500,647,2
2026-06-04,600036,14:03:01,38.0500,33,1
2026-06-04,600036,14:03:04,38.0500,198,1
2026-06-04,600036,14:03:07,38.0300,1298,2
2026-06-04,600036,14:03:10,38.0300,428,2
2026-06-04,600036,14:03:13,38.0300,275,2
2026-06-04,600036,14:03:16,38.0300,413,1
2026-06-04,600036,14:03:19,38.0200,496,2
2026-06-04,600036,14:03:22,38.0400,243,1
2026-06-04,600036,14:03:25,38.0300,57,2
2026-06-04,600036,14:03:28,38.0200,278,2
2026-06-04,600036,14:03:31,38.0200,273,2
2026-06-04,600036,14:03:34,38.0200,190,2
2026-06-04,600036,14:03:37,38.0200,168,2
2026-06-04,600036,14:03:40,38.0300,179,1
2026-06-04,600036,14:03:43,38.0300,87,1
2026-06-04,600036,14:03:46,38.0200,93,2
2026-06-04,600036,14:03:49,38.0200,64,2
2026-06-04,600036,14:03:52,38.0300,148,1
2026-06-04,600036,14:03:55,38.0200,41,2
2026-06-04,600036,14:03:58,38.0200,181,2
2026-06-04,600036,14:04:01,38.0200,67,2
2026-06-04,600036,14:04:04,38.0200,191,2
2026-06-04,600036,14:04:07,38.0200,47,1
2026-06-04,600036,14:04:10,38.0100,169,2
2026-06-04,600036,14:04:13,38.0200,126,1
2026-06-04,600036,14:04:16,38.0100,83,2
2026-06-04,600036,14:04:19,38.0100,127,2
2026-06-04,600036,14:04:22,38.0100,155,2
2026-06-04,600036,14:04:25,38.0100,120,2
2026-06-04,600036,14:04:28,38.0100,575,2
2026-06-04,600036,14:04:31,38.0100,259,2
2026-06-04,600036,14:04:34,38.0100,1527,2
2026-06-04,600036,14:04:37,38.0200,729,1
2026-06-04,600036,14:04:40,38.0000,905,2
2026-06-04,600036,14:04:43,38.0100,727,1
2026-06-04,600036,14:04:46,38.0200,1312,1
2026-06-04,600036,14:04:49,38.0000,330,2
2026-06-04,600036,14:04:52,38.0100,681,2
2026-06-04,600036,14:04:55,38.0100,315,1
2026-06-04,600036,14:04:58,38.0000,198,2
2026-06-04,600036,14:05:01,38.0000,125,2
2026-06-04,600036,14:05:04,38.0000,319,2
2026-06-04,600036,14:05:07,38.0100,82,1
2026-06-04,600036,14:05:10,38.0000,210,2
2026-06-04,600036,14:05:13,38.0000,81,2
2026-06-04,600036,14:05:16,38.0100,1238,1
2026-06-04,600036,14:05:19,38.0100,136,2
2026-06-04,600036,14:05:22,38.0100,696,2
2026-06-04,600036,14:05:25,38.0100,63,1
2026-06-04,600036,14:05:28,38.0100,164,1
2026-06-04,600036,14:05:31,38.0000,85,2
2026-06-04,600036,14:05:34,38.0000,68,2
2026-06-04,600036,14:05:37,38.0100,147,1
2026-06-04,600036,14:05:40,38.0100,60,1
2026-06-04,600036,14:05:43,38.0100,88,1
2026-06-04,600036,14:05:46,38.0100,35,1
2026-06-04,600036,14:05:49,38.0100,514,1
2026-06-04,600036,14:05:52,38.0100,309,1
2026-06-04,600036,14:05:55,38.0100,196,2
2026-06-04,600036,14:05:58,38.0100,75,2
2026-06-04,600036,14:06:01,38.0200,392,1
2026-06-04,600036,14:06:04,38.0300,363,1
2026-06-04,600036,14:06:07,38.0400,453,1
2026-06-04,600036,14:06:10,38.0300,56,2
2026-06-04,600036,14:06:13,38.0300,38,2
2026-06-04,600036,14:06:16,38.0400,42,1
2026-06-04,600036,14:06:19,38.0400,81,1
2026-06-04,600036,14:06:22,38.0400,53,1
2026-06-04,600036,14:06:25,38.0400,65,1
2026-06-04,600036,14:06:28,38.0300,35,2
2026-06-04,600036,14:06:31,38.0400,48,1
2026-06-04,600036,14:06:34,38.0300,54,2
2026-06-04,600036,14:06:37,38.0300,30,2
2026-06-04,600036,14:06:40,38.0300,100,2
2026-06-04,600036,14:06:43,38.0300,43,2
2026-06-04,600036,14:06:46,38.0400,91,1
2026-06-04,600036,14:06:49,38.0300,53,2
2026-06-04,600036,14:06:52,38.0300,94,2
2026-06-04,600036,14:06:55,38.0400,9,1
2026-06-04,600036,14:06:58,38.0300,70,2
2026-06-04,600036,10:56:13,38.3400,173,1
2026-06-04,600036,10:56:16,38.3400,125,2
2026-06-04,600036,10:56:19,38.3400,154,2
2026-06-04,600036,10:56:22,38.3500,52,1
2026-06-04,600036,10:56:25,38.3400,37,2
2026-06-04,600036,10:56:28,38.3400,42,2
2026-06-04,600036,10:56:31,38.3500,125,1
2026-06-04,600036,10:56:34,38.3400,50,2
2026-06-04,600036,10:56:37,38.3400,72,2
2026-06-04,600036,10:56:40,38.3500,28,1
2026-06-04,600036,10:56:43,38.3400,38,2
2026-06-04,600036,10:56:46,38.3400,73,2
2026-06-04,600036,10:56:49,38.3400,37,2
2026-06-04,600036,10:56:52,38.3400,41,2
2026-06-04,600036,10:56:58,38.3400,39,2
2026-06-04,600036,10:57:01,38.3400,119,2
2026-06-04,600036,10:57:04,38.3400,81,2
2026-06-04,600036,10:57:07,38.3400,98,2
2026-06-04,600036,10:57:10,38.3400,52,2
2026-06-04,600036,10:57:13,38.3400,55,2
2026-06-04,600036,10:57:16,38.3400,94,2
2026-06-04,600036,10:57:19,38.3400,112,2
2026-06-04,600036,10:57:22,38.3400,60,2
2026-06-04,600036,10:57:25,38.3400,36,1
2026-06-04,600036,10:57:28,38.3400,25,1
2026-06-04,600036,10:57:31,38.3300,57,2
2026-06-04,600036,10:57:34,38.3300,41,2
2026-06-04,600036,10:57:37,38.3300,34,1
2026-06-04,600036,10:57:40,38.3200,15,2
2026-06-04,600036,10:57:43,38.3200,110,2
2026-06-04,600036,10:57:46,38.3200,203,2
2026-06-04,600036,10:57:49,38.3200,94,2
2026-06-04,600036,10:57:52,38.3200,207,1
2026-06-04,600036,10:57:55,38.3200,70,2
2026-06-04,600036,10:57:58,38.3200,37,2
2026-06-04,600036,10:58:01,38.3200,56,1
2026-06-04,600036,10:58:04,38.3200,297,1
2026-06-04,600036,10:58:07,38.3200,195,2
2026-06-04,600036,10:58:10,38.3200,65,2
2026-06-04,600036,10:58:13,38.3200,2,2
2026-06-04,600036,10:58:16,38.3200,96,2
2026-06-04,600036,10:58:19,38.3200,21,2
2026-06-04,600036,10:58:22,38.3200,58,2
2026-06-04,600036,10:58:25,38.3200,111,2
2026-06-04,600036,10:58:28,38.3200,62,2
2026-06-04,600036,10:58:31,38.3200,59,2
2026-06-04,600036,10:58:34,38.3300,37,1
2026-06-04,600036,10:58:37,38.3200,16,2
2026-06-04,600036,10:58:40,38.3200,102,2
2026-06-04,600036,10:58:46,38.3200,12,2
2026-06-04,600036,10:58:49,38.3200,20,2
2026-06-04,600036,10:58:52,38.3200,13,2
2026-06-04,600036,10:58:55,38.3300,28,1
2026-06-04,600036,10:58:58,38.3200,7,2
2026-06-04,600036,10:59:01,38.3100,326,2
2026-06-04,600036,10:59:04,38.3300,115,1
2026-06-04,600036,10:59:07,38.3200,10,4
2026-06-04,600036,10:59:10,38.3200,21,1
2026-06-04,600036,10:59:13,38.3100,8,2
2026-06-04,600036,10:59:16,38.3100,147,2
2026-06-04,600036,10:59:19,38.3100,30,2
2026-06-04,600036,10:59:22,38.3100,18,2
2026-06-04,600036,10:59:25,38.3100,42,2
2026-06-04,600036,10:59:28,38.3100,3,2
2026-06-04,600036,10:59:31,38.3100,72,2
2026-06-04,600036,10:59:34,38.3100,20,2
2026-06-04,600036,10:59:37,38.3200,44,1
2026-06-04,600036,10:59:40,38.3100,51,2
2026-06-04,600036,10:59:43,38.3100,7,2
2026-06-04,600036,10:59:46,38.3100,100,2
2026-06-04,600036,10:59:49,38.3100,36,2
2026-06-04,600036,10:59:52,38.3100,28,2
2026-06-04,600036,10:59:55,38.3100,52,2
2026-06-04,600036,10:59:58,38.3100,48,2
2026-06-04,600036,11:00:01,38.3100,92,2
2026-06-04,600036,11:00:04,38.3000,95,2
2026-06-04,600036,11:00:07,38.3100,147,1
2026-06-04,600036,11:00:10,38.3000,97,2
2026-06-04,600036,11:00:13,38.3000,18,2
2026-06-04,600036,11:00:16,38.3100,9,1
2026-06-04,600036,11:00:19,38.3100,14,1
2026-06-04,600036,11:00:22,38.3000,12,2
2026-06-04,600036,11:00:25,38.3000,8,2
2026-06-04,600036,11:00:28,38.3100,20,1
2026-06-04,600036,11:00:31,38.3000,17,2
2026-06-04,600036,11:00:37,38.3000,20,2
2026-06-04,600036,11:00:40,38.3100,10,1
2026-06-04,600036,11:00:43,38.3000,20,2
2026-06-04,600036,11:00:46,38.3000,190,2
2026-06-04,600036,11:00:49,38.3000,18,2
2026-06-04,600036,11:00:52,38.3000,2,2
2026-06-04,600036,11:00:55,38.3000,8,2
2026-06-04,600036,11:00:58,38.3100,2,1
2026-06-04,600036,11:01:01,38.3000,10,2
2026-06-04,600036,11:01:04,38.3000,110,2
2026-06-04,600036,11:01:07,38.3000,33,2
2026-06-04,600036,11:01:10,38.3000,6,2
2026-06-04,600036,11:01:13,38.3000,47,2
2026-06-04,600036,11:01:16,38.3000,133,2
2026-06-04,600036,11:01:19,38.3000,10,2
2026-06-04,600036,11:01:22,38.3000,433,2
2026-06-04,600036,11:01:25,38.3000,154,2
2026-06-04,600036,11:01:28,38.3000,81,2
2026-06-04,600036,11:01:31,38.3000,169,2
2026-06-04,600036,11:01:34,38.3000,47,2
2026-06-04,600036,11:01:37,38.3000,2,1
2026-06-04,600036,11:01:40,38.2900,14,2
2026-06-04,600036,11:01:43,38.3000,6,1
2026-06-04,600036,11:01:46,38.2900,51,2
2026-06-04,600036,11:01:49,38.2900,200,2
2026-06-04,600036,11:01:52,38.2900,20,2
2026-06-04,600036,11:01:55,38.3000,8,1
2026-06-04,600036,11:01:58,38.2900,34,2
2026-06-04,600036,11:02:01,38.2900,30,2
2026-06-04,600036,11:02:04,38.2900,92,2
2026-06-04,600036,11:02:07,38.3000,56,1
2026-06-04,600036,11:02:10,38.3000,1097,1
2026-06-04,600036,11:02:13,38.3100,652,1
2026-06-04,600036,11:02:16,38.3100,136,2
2026-06-04,600036,11:02:19,38.3200,8,1
2026-06-04,600036,11:02:22,38.3200,385,1
2026-06-04,600036,11:02:25,38.3200,34,2
2026-06-04,600036,11:02:28,38.3200,16,2
2026-06-04,600036,11:02:31,38.3200,200,2
2026-06-04,600036,11:02:34,38.3200,9,1
2026-06-04,600036,11:02:37,38.3200,51,1
2026-06-04,600036,11:02:40,38.3100,3,2
2026-06-04,600036,11:02:43,38.3200,79,1
2026-06-04,600036,11:02:46,38.3300,23,1
2026-06-04,600036,11:02:49,38.3200,68,2
2026-06-04,600036,11:02:52,38.3200,11,2
2026-06-04,600036,11:02:55,38.3300,8,1
2026-06-04,600036,11:02:58,38.3200,33,2
2026-06-04,600036,11:03:01,38.3200,110,2
2026-06-04,600036,11:03:04,38.3300,11,1
2026-06-04,600036,11:03:07,38.3300,91,1
2026-06-04,600036,11:03:10,38.3300,10,1
2026-06-04,600036,11:03:13,38.3200,6,2
2026-06-04,600036,11:03:16,38.3300,43,1
2026-06-04,600036,11:03:19,38.3200,69,2
2026-06-04,600036,11:03:22,38.3300,23,1
2026-06-04,600036,11:03:25,38.3300,24,1
2026-06-04,600036,11:03:28,38.3200,6,2
2026-06-04,600036,11:03:31,38.3300,4,1
2026-06-04,600036,11:03:34,38.3200,6,2
2026-06-04,600036,11:03:40,38.3300,1,1
2026-06-04,600036,11:03:43,38.3300,22,1
2026-06-04,600036,11:03:46,38.3200,17,2
2026-06-04,600036,11:03:52,38.3200,77,2
2026-06-04,600036,11:03:55,38.3300,3,1
2026-06-04,600036,11:03:58,38.3200,2,2
2026-06-04,600036,11:04:04,38.3300,118,1
2026-06-04,600036,11:04:07,38.3300,5,1
2026-06-04,600036,11:04:10,38.3300,132,1
2026-06-04,600036,11:04:13,38.3300,392,1
2026-06-04,600036,11:04:16,38.3400,60,1
2026-06-04,600036,11:04:19,38.3500,329,1
2026-06-04,600036,11:04:22,38.3500,93,1
2026-06-04,600036,11:04:25,38.3500,9,1
2026-06-04,600036,11:04:28,38.3500,286,1
2026-06-04,600036,11:04:31,38.3500,12,2
2026-06-04,600036,11:04:34,38.3500,48,2
2026-06-04,600036,11:04:37,38.3600,372,1
2026-06-04,600036,11:04:40,38.3600,55,4
2026-06-04,600036,11:04:43,38.3500,156,2
2026-06-04,600036,11:04:46,38.3600,13,1
2026-06-04,600036,11:04:49,38.3500,12,2
2026-06-04,600036,11:04:55,38.3500,13,2
2026-06-04,600036,11:04:58,38.3500,5,2
2026-06-04,600036,11:05:01,38.3500,566,2
2026-06-04,600036,11:05:04,38.3500,48,2
2026-06-04,600036,11:05:07,38.3500,35,2
2026-06-04,600036,11:05:10,38.3500,23,2
2026-06-04,600036,11:05:13,38.3500,27,2
2026-06-04,600036,11:05:16,38.3500,144,2
2026-06-04,600036,11:05:19,38.3500,64,2
2026-06-04,600036,11:05:22,38.3600,55,1
2026-06-04,600036,11:05:25,38.3500,83,2
2026-06-04,600036,11:05:28,38.3600,23,1
2026-06-04,600036,11:05:31,38.3500,55,2
2026-06-04,600036,11:05:34,38.3600,56,1
2026-06-04,600036,11:05:37,38.3600,53,1
2026-06-04,600036,11:05:40,38.3600,405,1
2026-06-04,600036,11:05:43,38.3600,1,1
2026-06-04,600036,11:05:46,38.3500,16,2
2026-06-04,600036,11:05:49,38.3500,188,2
2026-06-04,600036,11:05:52,38.3500,19,2
2026-06-04,600036,11:05:55,38.3500,26,1
2026-06-04,600036,11:05:58,38.3400,90,2
2026-06-04,600036,11:06:01,38.3400,52,2
2026-06-04,600036,11:06:04,38.3500,17,1
2026-06-04,600036,11:06:07,38.3500,4,1
2026-06-04,600036,11:06:10,38.3400,95,2
2026-06-04,600036,11:06:13,38.3400,12,2
2026-06-04,600036,11:06:16,38.3400,8,2
2026-06-04,600036,11:06:19,38.3500,18,1
2026-06-04,600036,11:06:22,38.3400,27,2
2026-06-04,600036,11:06:25,38.3400,29,2
2026-06-04,600036,11:06:28,38.3400,106,2
2026-06-04,600036,11:06:31,38.3400,56,2
2026-06-04,600036,11:06:34,38.3400,13,2
2026-06-04,600036,11:06:37,38.3400,26,2
2026-06-04,600036,11:06:40,38.3500,12,1
2026-06-04,600036,11:06:43,38.3400,188,2
2026-06-04,600036,11:06:46,38.3500,558,1
2026-06-04,600036,11:06:49,38.3400,2,2
2026-06-04,600036,11:06:55,38.3500,37,1
2026-06-04,600036,11:06:58,38.3500,34,1
2026-06-04,600036,11:07:01,38.3500,73,1
2026-06-04,600036,11:07:04,38.3500,15,1
2026-06-04,600036,11:07:07,38.3500,1,1
2026-06-04,600036,11:07:10,38.3500,11,1
2026-06-04,600036,11:07:13,38.3400,16,2
2026-06-04,600036,11:07:16,38.3400,7,2
2026-06-04,600036,11:07:22,38.3400,2,2
2026-06-04,600036,11:07:25,38.3400,4,2
2026-06-04,600036,11:07:28,38.3400,23,2
2026-06-04,600036,11:07:31,38.3500,23,1
2026-06-04,600036,11:07:34,38.3400,33,2
2026-06-04,600036,11:07:40,38.3500,3,1
2026-06-04,600036,11:07:43,38.3500,1,1
2026-06-04,600036,11:07:46,38.3500,17,1
2026-06-04,600036,11:07:49,38.3400,169,2
2026-06-04,600036,11:07:52,38.3500,39,1
2026-06-04,600036,11:07:55,38.3500,5,1
2026-06-04,600036,11:07:58,38.3500,1,1
2026-06-04,600036,11:08:01,38.3500,91,1
2026-06-04,600036,11:08:04,38.3500,24,1
2026-06-04,600036,11:08:07,38.3400,4,2
2026-06-04,600036,11:08:10,38.3300,398,2
2026-06-04,600036,11:08:13,38.3300,44,2
2026-06-04,600036,11:08:16,38.3300,115,2
2026-06-04,600036,11:08:19,38.3300,35,2
2026-06-04,600036,11:08:22,38.3300,24,2
2026-06-04,600036,11:08:25,38.3300,51,2
2026-06-04,600036,11:08:28,38.3300,36,2
2026-06-04,600036,11:08:31,38.3300,85,2
2026-06-04,600036,11:08:34,38.3400,46,1
2026-06-04,600036,11:08:37,38.3300,5,2
2026-06-04,600036,11:08:40,38.3300,15,2
2026-06-04,600036,11:08:43,38.3300,27,2
2026-06-04,600036,11:08:46,38.3400,2,1
2026-06-04,600036,11:08:49,38.3300,42,2
2026-06-04,600036,11:08:52,38.3300,20,2
2026-06-04,600036,11:08:55,38.3300,144,2
2026-06-04,600036,11:08:58,38.3400,10,1
2026-06-04,600036,11:09:01,38.3400,8,1
2026-06-04,600036,11:09:04,38.3300,37,2
2026-06-04,600036,11:09:07,38.3300,17,2
2026-06-04,600036,11:09:10,38.3300,100,2
2026-06-04,600036,11:09:13,38.3400,12,1
2026-06-04,600036,11:09:16,38.3300,72,2
2026-06-04,600036,11:09:19,38.3400,33,1
2026-06-04,600036,11:09:22,38.3300,45,2
2026-06-04,600036,11:09:25,38.3400,35,1
2026-06-04,600036,11:09:28,38.3300,13,2
2026-06-04,600036,11:09:31,38.3300,18,2
2026-06-04,600036,11:09:34,38.3300,201,2
2026-06-04,600036,11:09:37,38.3400,36,1
2026-06-04,600036,11:09:40,38.3300,43,2
2026-06-04,600036,11:09:43,38.3300,48,2
2026-06-04,600036,11:09:46,38.3300,8,2
2026-06-04,600036,11:09:49,38.3400,48,1
2026-06-04,600036,11:09:52,38.3300,3,2
2026-06-04,600036,11:09:55,38.3300,59,2
2026-06-04,600036,11:09:58,38.3300,14,2
2026-06-04,600036,11:10:01,38.3400,30,1
2026-06-04,600036,11:10:04,38.3400,44,1
2026-06-04,600036,11:10:07,38.3500,1432,1
2026-06-04,600036,11:10:10,38.3600,40,1
2026-06-04,600036,11:10:13,38.3500,54,2
2026-06-04,600036,11:10:16,38.3600,313,1
2026-06-04,600036,11:10:19,38.3700,178,1
2026-06-04,600036,11:10:22,38.3700,34,2
2026-06-04,600036,11:10:25,38.3700,169,2
2026-06-04,600036,11:10:28,38.3800,48,1
2026-06-04,600036,11:10:31,38.3800,218,1
2026-06-04,600036,11:10:34,38.3800,129,2
2026-06-04,600036,11:10:37,38.3800,42,2
2026-06-04,600036,11:10:40,38.3900,24,1
2026-06-04,600036,11:10:43,38.3800,314,2
2026-06-04,600036,11:10:46,38.3800,243,2
2026-06-04,600036,11:10:49,38.3800,14,1
2026-06-04,600036,11:10:52,38.3800,39,1
2026-06-04,600036,11:10:55,38.3800,46,1
2026-06-04,600036,11:10:58,38.3700,21,2
2026-06-04,600036,11:11:01,38.3700,35,2
2026-06-04,600036,11:11:04,38.3700,16,2
2026-06-04,600036,11:11:07,38.3700,13,2
2026-06-04,600036,11:11:10,38.3800,99,1
2026-06-04,600036,11:11:13,38.3700,17,2
2026-06-04,600036,11:11:16,38.3800,10,1
2026-06-04,600036,11:11:19,38.3800,26,1
2026-06-04,600036,11:11:22,38.3800,46,1
2026-06-04,600036,11:11:25,38.3700,116,2
2026-06-04,600036,11:11:28,38.3800,11,1
2026-06-04,600036,11:11:31,38.3800,26,1
2026-06-04,600036,11:11:34,38.3800,16,1
2026-06-04,600036,11:11:37,38.3800,10,1
2026-06-04,600036,11:11:40,38.3700,81,2
2026-06-04,600036,11:11:43,38.3800,266,1
2026-06-04,600036,11:11:46,38.3700,46,2
2026-06-04,600036,11:11:49,38.3700,68,2
2026-06-04,600036,11:11:52,38.3800,10,1
2026-06-04,600036,11:11:55,38.3800,34,1
2026-06-04,600036,11:11:58,38.3700,9,2
2026-06-04,600036,11:12:01,38.3700,45,2
2026-06-04,600036,11:12:04,38.3700,171,2
2026-06-04,600036,11:12:07,38.3700,49,2
2026-06-04,600036,11:12:10,38.3700,14,1
2026-06-04,600036,11:12:13,38.3700,34,1
2026-06-04,600036,11:12:16,38.3600,8,2
2026-06-04,600036,11:12:19,38.3700,90,1
2026-06-04,600036,11:12:22,38.3600,51,2
2026-06-04,600036,11:12:25,38.3600,81,2
2026-06-04,600036,11:12:28,38.3600,44,2
2026-06-04,600036,11:12:31,38.3600,13,4
2026-06-04,600036,11:12:34,38.3600,86,1
2026-06-04,600036,11:12:37,38.3500,12,2
2026-06-04,600036,11:12:40,38.3500,14,2
2026-06-04,600036,11:12:43,38.3500,133,2
2026-06-04,600036,11:12:46,38.3500,57,4
2026-06-04,600036,11:12:49,38.3500,12,1
2026-06-04,600036,11:12:52,38.3400,11,2
2026-06-04,600036,11:12:55,38.3500,12,1
2026-06-04,600036,11:12:58,38.3400,48,2
2026-06-04,600036,11:13:01,38.3400,17,2
2026-06-04,600036,11:13:04,38.3400,8,2
2026-06-04,600036,11:13:07,38.3400,9,2
2026-06-04,600036,11:13:10,38.3400,26,2
2026-06-04,600036,11:13:13,38.3400,59,2
2026-06-04,600036,11:13:16,38.3400,43,2
2026-06-04,600036,11:13:19,38.3400,51,2
2026-06-04,600036,11:13:22,38.3400,49,2
2026-06-04,600036,11:13:25,38.3400,43,2
2026-06-04,600036,11:13:28,38.3300,10,2
2026-06-04,600036,11:13:31,38.3300,9,2
2026-06-04,600036,11:13:34,38.3300,16,2
2026-06-04,600036,11:13:37,38.3400,39,1
2026-06-04,600036,11:13:40,38.3400,16,1
2026-06-04,600036,11:13:43,38.3300,26,2
2026-06-04,600036,11:13:46,38.3300,25,2
2026-06-04,600036,11:13:49,38.3300,16,2
2026-06-04,600036,11:13:52,38.3400,25,1
2026-06-04,600036,11:13:55,38.3300,10,2
2026-06-04,600036,11:13:58,38.3300,24,2
2026-06-04,600036,11:14:01,38.3300,169,2
2026-06-04,600036,11:14:04,38.3300,138,2
2026-06-04,600036,11:14:07,38.3300,584,2
2026-06-04,600036,11:14:10,38.3400,49,1
2026-06-04,600036,11:14:13,38.3200,543,2
2026-06-04,600036,11:14:16,38.3300,70,1
2026-06-04,600036,11:14:19,38.3200,47,2
2026-06-04,600036,11:14:22,38.3200,51,2
2026-06-04,600036,11:14:25,38.3200,24,2
2026-06-04,600036,11:14:28,38.3200,17,2
2026-06-04,600036,11:14:31,38.3300,38,1
2026-06-04,600036,11:14:34,38.3200,54,2
2026-06-04,600036,11:14:37,38.3200,6,2
2026-06-04,600036,11:14:40,38.3200,63,2
2026-06-04,600036,11:14:43,38.3300,16,1
2026-06-04,600036,11:14:46,38.3200,103,2
2026-06-04,600036,11:14:49,38.3100,366,2
2026-06-04,600036,11:14:52,38.3200,10,4
2026-06-04,600036,11:14:55,38.3100,28,2
2026-06-04,600036,11:14:58,38.3200,94,1
2026-06-04,600036,11:15:01,38.3100,188,2
2026-06-04,600036,11:15:04,38.3100,23,2
2026-06-04,600036,11:15:07,38.3100,3,2
2026-06-04,600036,11:15:10,38.3200,48,1
2026-06-04,600036,11:15:13,38.3100,12,2
2026-06-04,600036,11:15:16,38.3100,49,2
2026-06-04,600036,11:15:19,38.3100,57,2
2026-06-04,600036,11:15:22,38.3100,101,2
2026-06-04,600036,11:15:25,38.3100,240,2
2026-06-04,600036,11:15:28,38.3000,8,2
2026-06-04,600036,11:15:31,38.3000,42,2
2026-06-04,600036,11:15:34,38.3000,33,2
2026-06-04,600036,11:15:37,38.3000,142,2
2026-06-04,600036,11:15:40,38.3000,41,2
2026-06-04,600036,11:15:43,38.3000,880,2
2026-06-04,600036,11:15:46,38.2900,37,2
2026-06-04,600036,11:15:49,38.2900,50,2
2026-06-04,600036,11:15:52,38.2800,456,2
2026-06-04,600036,11:15:55,38.2800,57,2
2026-06-04,600036,11:15:58,38.2900,29,1
2026-06-04,600036,11:16:01,38.2800,333,2
2026-06-04,600036,11:16:04,38.2800,268,2
2026-06-04,600036,11:16:07,38.2700,157,2
2026-06-04,600036,11:16:10,38.2800,54,1
2026-06-04,600036,11:16:13,38.2700,60,2
2026-06-04,600036,11:16:16,38.2700,26,2
2026-06-04,600036,11:16:19,38.2800,46,1
2026-06-04,600036,11:16:22,38.2700,20,2
2026-06-04,600036,11:16:25,38.2800,30,1
2026-06-04,600036,11:16:28,38.2700,73,2
2026-06-04,600036,11:16:31,38.2700,46,2
2026-06-04,600036,11:16:34,38.2800,132,1
2026-06-04,600036,11:16:37,38.2700,60,2
2026-06-04,600036,11:16:40,38.2800,57,1
2026-06-04,600036,11:16:43,38.2700,32,2
2026-06-04,600036,11:16:46,38.2700,12,2
2026-06-04,600036,11:16:49,38.2700,216,2
2026-06-04,600036,11:16:52,38.2800,58,1
2026-06-04,600036,11:16:55,38.2800,44,1
2026-06-04,600036,11:16:58,38.2700,42,2
2026-06-04,600036,11:17:01,38.2700,28,2
2026-06-04,600036,11:17:04,38.2800,528,1
2026-06-04,600036,11:17:07,38.2700,11,2
2026-06-04,600036,11:17:10,38.2700,444,2
2026-06-04,600036,11:17:13,38.2700,146,2
2026-06-04,600036,11:17:16,38.2700,25,2
2026-06-04,600036,11:17:19,38.2800,72,1
2026-06-04,600036,11:17:22,38.2800,88,1
2026-06-04,600036,11:17:25,38.2700,17,2
2026-06-04,600036,11:17:28,38.2700,20,2
2026-06-04,600036,11:17:31,38.2800,394,1
2026-06-04,600036,11:17:34,38.2800,40,1
2026-06-04,600036,11:17:37,38.2700,24,2
2026-06-04,600036,11:17:40,38.2700,69,2
2026-06-04,600036,11:17:43,38.2800,128,1
2026-06-04,600036,11:17:46,38.2700,36,2
2026-06-04,600036,11:17:49,38.2700,47,2
2026-06-04,600036,11:17:52,38.2700,6,2
2026-06-04,600036,11:17:55,38.2800,20,1
2026-06-04,600036,11:17:58,38.2700,47,2
2026-06-04,600036,11:18:01,38.2800,40,1
2026-06-04,600036,11:18:04,38.2700,213,2
2026-06-04,600036,11:18:07,38.2700,59,2
2026-06-04,600036,11:18:10,38.2700,54,2
2026-06-04,600036,11:18:13,38.2700,73,2
2026-06-04,600036,11:18:16,38.2700,703,2
2026-06-04,600036,11:18:19,38.2700,153,2
2026-06-04,600036,11:18:22,38.2700,52,2
2026-06-04,600036,11:18:25,38.2700,105,2
2026-06-04,600036,11:18:28,38.2800,40,1
2026-06-04,600036,11:18:31,38.2800,930,1
2026-06-04,600036,11:18:34,38.2800,791,1
2026-06-04,600036,11:18:37,38.2800,214,1
2026-06-04,600036,11:18:40,38.2700,106,2
2026-06-04,600036,11:18:43,38.2700,90,2
2026-06-04,600036,11:18:46,38.2700,46,2
2026-06-04,600036,11:18:49,38.2700,132,2
2026-06-04,600036,11:18:52,38.2800,504,1
2026-06-04,600036,11:18:55,38.2900,14,1
2026-06-04,600036,11:18:58,38.2900,265,1
2026-06-04,600036,11:19:01,38.2800,21,2
2026-06-04,600036,11:19:04,38.2900,28,1
2026-06-04,600036,11:19:07,38.2900,84,1
2026-06-04,600036,11:19:10,38.2800,170,2
2026-06-04,600036,11:19:13,38.2900,115,1
2026-06-04,600036,11:19:16,38.2800,83,2
2026-06-04,600036,11:19:19,38.2900,133,1
2026-06-04,600036,11:19:22,38.2800,580,2
2026-06-04,600036,11:19:25,38.2800,493,2
2026-06-04,600036,11:19:28,38.2800,152,2
2026-06-04,600036,11:19:31,38.2800,863,2
2026-06-04,600036,11:19:34,38.2800,18,1
2026-06-04,600036,11:19:37,38.2800,265,1
2026-06-04,600036,11:19:40,38.2800,64,1
2026-06-04,600036,11:19:43,38.2800,54,1
2026-06-04,600036,11:19:46,38.2700,118,2
2026-06-04,600036,11:19:49,38.2700,56,2
2026-06-04,600036,11:19:52,38.2700,41,2
2026-06-04,600036,11:19:55,38.2800,27,1
2026-06-04,600036,11:19:58,38.2800,11,1
2026-06-04,600036,11:20:01,38.2800,19,1
2026-06-04,600036,11:20:04,38.2700,58,2
2026-06-04,600036,11:20:07,38.2700,19,2
2026-06-04,600036,11:20:10,38.2800,4,1
2026-06-04,600036,11:20:13,38.2800,28,1
2026-06-04,600036,11:20:16,38.2800,20,1
2026-06-04,600036,11:20:19,38.2700,6,2
2026-06-04,600036,11:20:22,38.2800,13,1
2026-06-04,600036,11:20:25,38.2800,25,1
2026-06-04,600036,11:20:28,38.2800,26,1
2026-06-04,600036,11:20:31,38.2800,40,1
2026-06-04,600036,11:20:34,38.2800,13,1
2026-06-04,600036,11:20:37,38.2800,225,1
2026-06-04,600036,11:20:40,38.2800,86,1
2026-06-04,600036,11:20:43,38.2800,286,2
2026-06-04,600036,11:20:46,38.2800,23,2
2026-06-04,600036,11:20:49,38.2800,20,2
