date,code,time,price,volume,bs
2026-06-12,600036,14:06:56,39.2200,248,2
2026-06-12,600036,14:06:59,39.2300,493,1
2026-06-12,600036,14:07:02,39.2400,326,1
2026-06-12,600036,14:07:05,39.2300,189,2
2026-06-12,600036,14:07:08,39.2400,205,1
2026-06-12,600036,14:07:11,39.2300,73,2
2026-06-12,600036,14:07:14,39.2300,37,2
2026-06-12,600036,14:07:17,39.2300,112,2
2026-06-12,600036,14:07:20,39.2300,153,2
2026-06-12,600036,14:07:23,39.2300,27,2
2026-06-12,600036,14:07:26,39.2300,69,2
2026-06-12,600036,14:07:32,39.2400,261,1
2026-06-12,600036,14:07:35,39.2300,15,2
2026-06-12,600036,14:07:38,39.2300,35,2
2026-06-12,600036,14:07:41,39.2300,88,2
2026-06-12,600036,14:07:44,39.2300,38,2
2026-06-12,600036,14:07:47,39.2300,48,2
2026-06-12,600036,14:07:50,39.2300,62,2
2026-06-12,600036,14:07:53,39.2300,34,2
2026-06-12,600036,14:07:56,39.2300,66,2
2026-06-12,600036,14:07:59,39.2400,1094,1
2026-06-12,600036,14:08:02,39.2400,245,2
2026-06-12,600036,14:08:05,39.2500,88,1
2026-06-12,600036,14:08:08,39.2500,343,1
2026-06-12,600036,14:08:11,39.2400,69,2
2026-06-12,600036,14:08:14,39.2500,54,1
2026-06-12,600036,14:08:17,39.2400,132,2
2026-06-12,600036,14:08:20,39.2500,354,1
2026-06-12,600036,14:08:23,39.2500,93,1
2026-06-12,600036,14:08:26,39.2400,160,2
2026-06-12,600036,14:08:29,39.2500,67,1
2026-06-12,600036,14:08:32,39.2400,223,2
2026-06-12,600036,14:08:35,39.2400,43,2
2026-06-12,600036,14:08:38,39.2400,225,2
2026-06-12,600036,14:08:41,39.2400,86,2
2026-06-12,600036,14:08:44,39.2400,173,2
2026-06-12,600036,14:08:47,39.2400,84,1
2026-06-12,600036,14:08:50,39.2400,163,2
2026-06-12,600036,14:08:53,39.2400,19,1
2026-06-12,600036,14:08:56,39.2400,45,1
2026-06-12,600036,14:08:59,39.2400,47,1
2026-06-12,600036,14:09:02,39.2400,268,1
2026-06-12,600036,14:09:05,39.2400,130,2
2026-06-12,600036,14:09:08,39.2500,78,1
2026-06-12,600036,14:09:11,39.2500,97,1
2026-06-12,600036,14:09:14,39.2500,213,1
2026-06-12,600036,14:09:17,39.2400,191,2
2026-06-12,600036,14:09:20,39.2400,148,2
2026-06-12,600036,14:09:23,39.2400,133,2
2026-06-12,600036,14:09:26,39.2400,225,2
2026-06-12,600036,14:09:29,39.2300,771,2
2026-06-12,600036,14:09:32,39.2400,86,2
2026-06-12,600036,14:09:35,39.2300,34,2
2026-06-12,600036,14:09:38,39.2300,123,2
2026-06-12,600036,14:09:41,39.2300,76,2
2026-06-12,600036,14:09:44,39.2400,223,1
2026-06-12,600036,14:09:47,39.2400,124,1
2026-06-12,600036,14:09:50,39.2400,194,1
2026-06-12,600036,14:09:53,39.2500,28,1
2026-06-12,600036,14:09:56,39.2400,86,2
2026-06-12,600036,14:09:59,39.2400,20,2
2026-06-12,600036,14:10:02,39.2400,44,2
2026-06-12,600036,14:10:05,39.2500,134,1
2026-06-12,600036,14:10:08,39.2400,116,2
2026-06-12,600036,14:10:11,39.2400,177,2
2026-06-12,600036,14:10:14,39.2400,31,2
2026-06-12,600036,14:10:17,39.2400,45,2
2026-06-12,600036,14:10:20,39.2400,448,2
2026-06-12,600036,14:10:23,39.2500,294,1
2026-06-12,600036,14:10:26,39.2400,34,4
2026-06-12,600036,14:10:29,39.2300,193,2
2026-06-12,600036,14:10:32,39.2500,241,1
2026-06-12,600036,14:10:35,39.2400,587,4
2026-06-12,600036,14:10:38,39.2400,211,1
2026-06-12,600036,14:10:41,39.2400,249,2
2026-06-12,600036,14:10:44,39.2400,74,2
2026-06-12,600036,14:10:47,39.2400,237,2
2026-06-12,600036,14:10:50,39.2400,50,2
2026-06-12,600036,14:10:53,39.2400,37,2
2026-06-12,600036,14:10:56,39.2400,54,2
2026-06-12,600036,14:10:59,39.2400,73,2
2026-06-12,600036,14:11:02,39.2500,180,1
2026-06-12,600036,14:11:05,39.2400,417,2
2026-06-12,600036,14:11:08,39.2500,51,1
2026-06-12,600036,14:11:11,39.2400,86,2
2026-06-12,600036,14:11:14,39.2400,40,2
2026-06-12,600036,14:11:17,39.2400,105,2
2026-06-12,600036,14:11:20,39.2500,521,1
2026-06-12,600036,14:11:23,39.2500,93,2
2026-06-12,600036,14:11:26,39.2500,42,2
2026-06-12,600036,14:11:29,39.2500,113,2
2026-06-12,600036,14:11:32,39.2500,207,2
2026-06-12,600036,14:11:35,39.2600,232,1
2026-06-12,600036,14:11:38,39.2500,34,2
2026-06-12,600036,14:11:41,39.2500,128,2
2026-06-12,600036,14:11:44,39.2500,29,2
2026-06-12,600036,14:11:47,39.2500,70,2
2026-06-12,600036,14:11:50,39.2500,146,2
2026-06-12,600036,14:11:53,39.2500,51,2
2026-06-12,600036,14:11:56,39.2600,240,1
2026-06-12,600036,14:11:59,39.2500,37,2
2026-06-12,600036,14:12:02,39.2600,342,1
2026-06-12,600036,14:12:05,39.2600,692,1
2026-06-12,600036,14:12:08,39.2600,112,2
2026-06-12,600036,14:12:11,39.2600,82,2
2026-06-12,600036,14:12:14,39.2600,112,2
2026-06-12,600036,14:12:17,39.2700,16,1
2026-06-12,600036,14:12:20,39.2600,39,2
2026-06-12,600036,14:12:23,39.2600,615,2
2026-06-12,600036,14:12:26,39.2500,191,2
2026-06-12,600036,14:12:29,39.2600,1,1
2026-06-12,600036,14:12:32,39.2600,175,1
2026-06-12,600036,14:12:35,39.2500,17,2
2026-06-12,600036,14:12:38,39.2500,182,2
2026-06-12,600036,14:12:41,39.2500,146,2
2026-06-12,600036,14:12:44,39.2500,100,2
2026-06-12,600036,14:12:47,39.2400,161,2
2026-06-12,600036,14:12:50,39.2500,15,4
2026-06-12,600036,14:12:53,39.2500,56,2
2026-06-12,600036,14:12:56,39.2600,322,1
2026-06-12,600036,14:12:59,39.2500,19,2
2026-06-12,600036,14:13:02,39.2600,88,1
2026-06-12,600036,14:13:05,39.2500,193,2
2026-06-12,600036,14:13:08,39.2600,64,1
2026-06-12,600036,14:13:11,39.2600,93,1
2026-06-12,600036,14:13:14,39.2600,131,1
2026-06-12,600036,14:13:17,39.2600,51,1
2026-06-12,600036,14:13:20,39.2600,62,1
2026-06-12,600036,14:13:23,39.2600,46,1
2026-06-12,600036,14:13:26,39.2700,58,1
2026-06-12,600036,14:13:29,39.2600,33,2
2026-06-12,600036,14:13:32,39.2600,157,2
2026-06-12,600036,14:13:35,39.2600,100,2
2026-06-12,600036,14:13:38,39.2600,138,2
2026-06-12,600036,14:13:41,39.2600,106,1
2026-06-12,600036,14:13:47,39.2600,68,1
2026-06-12,600036,14:13:50,39.2500,138,2
2026-06-12,600036,14:13:53,39.2600,290,1
2026-06-12,600036,14:13:56,39.2600,122,2
2026-06-12,600036,14:13:59,39.2600,59,2
2026-06-12,600036,14:14:02,39.2500,213,2
2026-06-12,600036,14:14:05,39.2500,61,2
2026-06-12,600036,14:14:08,39.2600,55,1
2026-06-12,600036,14:14:11,39.2500,262,2
2026-06-12,600036,14:14:14,39.2500,126,2
2026-06-12,600036,14:14:17,39.2500,36,2
2026-06-12,600036,14:14:20,39.2500,38,2
2026-06-12,600036,14:14:23,39.2500,139,2
2026-06-12,600036,14:14:26,39.2400,602,2
2026-06-12,600036,14:14:29,39.2400,86,2
2026-06-12,600036,14:14:32,39.2500,110,1
2026-06-12,600036,14:14:35,39.2400,150,2
2026-06-12,600036,14:14:38,39.2400,231,2
2026-06-12,600036,14:14:41,39.2400,36,1
2026-06-12,600036,14:14:44,39.2300,203,2
2026-06-12,600036,14:14:47,39.2300,13,2
2026-06-12,600036,14:14:50,39.2400,252,1
2026-06-12,600036,14:14:53,39.2500,114,1
2026-06-12,600036,14:14:56,39.2400,315,2
2026-06-12,600036,14:14:59,39.2500,107,1
2026-06-12,600036,14:15:02,39.2400,239,2
2026-06-12,600036,14:15:05,39.2400,22,2
2026-06-12,600036,14:15:08,39.2500,155,2
2026-06-12,600036,14:15:11,39.2500,118,2
2026-06-12,600036,14:15:14,39.2500,33,2
2026-06-12,600036,14:15:17,39.2500,32,2
2026-06-12,600036,14:15:20,39.2600,159,1
2026-06-12,600036,14:15:23,39.2500,323,2
2026-06-12,600036,14:15:26,39.2500,101,1
2026-06-12,600036,14:15:29,39.2400,34,2
2026-06-12,600036,14:15:32,39.2500,27,1
2026-06-12,600036,14:15:35,39.2400,155,2
2026-06-12,600036,14:15:38,39.2500,220,1
2026-06-12,600036,14:15:41,39.2400,64,2
2026-06-12,600036,14:15:44,39.2400,117,2
2026-06-12,600036,14:15:47,39.2400,370,2
2026-06-12,600036,14:15:50,39.2500,31,1
2026-06-12,600036,14:15:53,39.2400,39,2
2026-06-12,600036,14:15:56,39.2500,5,1
2026-06-12,600036,14:15:59,39.2400,13,2
2026-06-12,600036,14:16:02,39.2400,310,2
2026-06-12,600036,14:16:05,39.2400,71,2
2026-06-12,600036,14:16:08,39.2500,147,1
2026-06-12,600036,14:16:11,39.2500,142,1
2026-06-12,600036,14:16:14,39.2500,108,1
2026-06-12,600036,14:16:17,39.2400,82,2
2026-06-12,600036,14:16:20,39.2500,164,1
2026-06-12,600036,14:16:23,39.2500,133,1
2026-06-12,600036,14:16:26,39.2500,24,1
2026-06-12,600036,14:16:29,39.2400,96,2
2026-06-12,600036,14:16:32,39.2500,47,1
2026-06-12,600036,14:16:35,39.2400,42,2
2026-06-12,600036,14:16:38,39.2400,110,2
2026-06-12,600036,14:16:41,39.2500,36,1
2026-06-12,600036,14:16:44,39.2500,183,1
2026-06-12,600036,14:16:47,39.2500,215,1
2026-06-12,600036,14:16:50,39.2600,145,1
2026-06-12,600036,14:16:53,39.2500,30,4
2026-06-12,600036,14:16:56,39.2500,24,2
2026-06-12,600036,14:16:59,39.2500,130,2
2026-06-12,600036,14:17:02,39.2500,75,2
2026-06-12,600036,14:17:05,39.2500,92,2
2026-06-12,600036,14:17:08,39.2500,99,2
2026-06-12,600036,14:17:11,39.2400,190,2
2026-06-12,600036,14:17:14,39.2500,91,2
2026-06-12,600036,14:17:17,39.2500,64,1
2026-06-12,600036,14:17:20,39.2400,56,2
2026-06-12,600036,14:17:23,39.2500,125,1
2026-06-12,600036,14:17:26,39.2400,110,2
2026-06-12,600036,14:17:29,39.2500,187,1
2026-06-12,600036,14:17:32,39.2400,199,2
2026-06-12,600036,14:17:35,39.2500,60,1
2026-06-12,600036,14:17:38,39.2400,101,2
2026-06-12,600036,14:17:41,39.2400,94,2
2026-06-12,600036,14:17:44,39.2500,46,1
2026-06-12,600036,14:17:47,39.2500,86,1
2026-06-12,600036,14:17:50,39.2400,188,2
2026-06-12,600036,14:17:53,39.2400,51,2
2026-06-12,600036,14:17:56,39.2400,25,2
2026-06-12,600036,14:17:59,39.2400,28,2
2026-06-12,600036,14:18:02,39.2500,213,1
2026-06-12,600036,14:18:05,39.2400,214,2
2026-06-12,600036,14:18:08,39.2400,203,2
2026-06-12,600036,14:18:11,39.2400,93,2
2026-06-12,600036,14:18:14,39.2400,16,2
2026-06-12,600036,14:18:17,39.2400,76,2
2026-06-12,600036,14:18:20,39.2400,147,2
2026-06-12,600036,14:18:23,39.2400,151,2
2026-06-12,600036,14:18:26,39.2400,110,2
2026-06-12,600036,14:18:29,39.2300,187,2
2026-06-12,600036,14:18:32,39.2400,43,2
2026-06-12,600036,14:18:35,39.2400,130,2
2026-06-12,600036,14:18:38,39.2400,223,2
2026-06-12,600036,14:18:41,39.2300,218,2
2026-06-12,600036,14:18:44,39.2400,62,1
2026-06-12,600036,14:18:47,39.2300,153,2
2026-06-12,600036,14:18:50,39.2300,72,2
2026-06-12,600036,14:18:53,39.2300,28,2
2026-06-12,600036,14:18:56,39.2300,161,2
2026-06-12,600036,14:18:59,39.2300,39,2
2026-06-12,600036,14:19:02,39.2300,99,2
2026-06-12,600036,14:19:05,39.2300,230,2
2026-06-12,600036,14:19:08,39.2500,646,1
2026-06-12,600036,14:19:11,39.2400,31,2
2026-06-12,600036,14:19:14,39.2500,145,1
2026-06-12,600036,14:19:17,39.2400,78,2
2026-06-12,600036,14:19:20,39.2400,62,2
2026-06-12,600036,14:19:23,39.2500,26,1
2026-06-12,600036,14:19:26,39.2400,19,2
2026-06-12,600036,14:19:32,39.2400,215,2
2026-06-12,600036,14:19:35,39.2500,363,1
2026-06-12,600036,14:19:38,39.2400,71,2
2026-06-12,600036,14:19:41,39.2500,203,1
2026-06-12,600036,14:19:44,39.2400,54,2
2026-06-12,600036,14:19:47,39.2500,87,1
2026-06-12,600036,14:19:50,39.2500,237,1
2026-06-12,600036,14:19:53,39.2400,63,2
2026-06-12,600036,14:19:56,39.2400,45,1
2026-06-12,600036,14:19:59,39.2400,120,1
2026-06-12,600036,14:20:02,39.2400,109,1
2026-06-12,600036,14:20:05,39.2300,65,2
2026-06-12,600036,14:20:08,39.2300,116,2
2026-06-12,600036,14:20:11,39.2300,77,2
2026-06-12,600036,14:20:14,39.2300,114,2
2026-06-12,600036,14:20:17,39.2300,93,2
2026-06-12,600036,14:20:20,39.2400,150,1
2026-06-12,600036,14:20:23,39.2300,193,2
2026-06-12,600036,14:20:26,39.2400,254,1
2026-06-12,600036,14:20:29,39.2300,185,2
2026-06-12,600036,14:20:32,39.2500,118,1
2026-06-12,600036,14:20:35,39.2400,138,4
2026-06-12,600036,14:20:38,39.2500,181,1
2026-06-12,600036,14:20:41,39.2500,79,1
2026-06-12,600036,14:20:44,39.2500,386,1
2026-06-12,600036,14:20:47,39.2400,46,2
2026-06-12,600036,14:20:50,39.2400,247,2
2026-06-12,600036,14:20:53,39.2300,9,2
2026-06-12,600036,14:20:56,39.2400,36,1
2026-06-12,600036,14:20:59,39.2300,147,2
2026-06-12,600036,14:21:02,39.2300,224,2
2026-06-12,600036,14:21:05,39.2300,92,2
2026-06-12,600036,14:21:08,39.2300,347,2
2026-06-12,600036,14:21:11,39.2100,489,2
2026-06-12,600036,14:21:14,39.2200,233,4
2026-06-12,600036,14:21:17,39.2200,92,2
2026-06-12,600036,14:21:20,39.2200,111,2
2026-06-12,600036,14:21:23,39.2200,171,2
2026-06-12,600036,14:21:26,39.2200,142,2
2026-06-12,600036,14:21:29,39.2300,116,1
2026-06-12,600036,14:21:32,39.2200,120,2
2026-06-12,600036,14:21:35,39.2200,503,2
2026-06-12,600036,14:21:38,39.2200,186,2
2026-06-12,600036,14:21:41,39.2200,67,2
2026-06-12,600036,14:21:44,39.2300,119,1
2026-06-12,600036,14:21:47,39.2200,81,2
2026-06-12,600036,14:21:50,39.2200,54,2
2026-06-12,600036,14:21:53,39.2200,116,2
2026-06-12,600036,14:21:56,39.2200,146,2
2026-06-12,600036,14:21:59,39.2200,36,2
2026-06-12,600036,14:22:02,39.2200,57,2
2026-06-12,600036,14:22:05,39.2200,156,2
2026-06-12,600036,14:22:08,39.2100,110,2
2026-06-12,600036,14:22:11,39.2100,251,1
2026-06-12,600036,14:22:14,39.2100,192,4
2026-06-12,600036,14:22:17,39.2200,501,1
2026-06-12,600036,14:22:20,39.2200,39,2
2026-06-12,600036,14:22:23,39.2300,316,1
2026-06-12,600036,14:22:26,39.2300,192,2
2026-06-12,600036,14:22:29,39.2300,305,2
2026-06-12,600036,14:22:32,39.2300,242,2
2026-06-12,600036,14:22:35,39.2300,12,2
2026-06-12,600036,14:22:38,39.2300,34,2
2026-06-12,600036,14:22:41,39.2300,91,2
2026-06-12,600036,14:22:44,39.2300,220,1
2026-06-12,600036,14:22:47,39.2300,244,1
2026-06-12,600036,14:22:50,39.2300,224,2
2026-06-12,600036,14:22:53,39.2300,94,2
2026-06-12,600036,14:22:56,39.2300,54,2
2026-06-12,600036,14:22:59,39.2300,149,2
2026-06-12,600036,14:23:02,39.2300,45,2
2026-06-12,600036,14:23:05,39.2300,59,2
2026-06-12,600036,14:23:08,39.2300,129,2
2026-06-12,600036,14:23:11,39.2300,349,2
2026-06-12,600036,14:23:14,39.2300,41,2
2026-06-12,600036,14:23:17,39.2300,56,2
2026-06-12,600036,14:23:20,39.2300,22,2
2026-06-12,600036,14:23:23,39.2300,332,2
2026-06-12,600036,14:23:26,39.2300,190,2
2026-06-12,600036,14:23:29,39.2300,133,2
2026-06-12,600036,14:23:32,39.2300,95,2
2026-06-12,600036,14:23:35,39.2300,67,2
2026-06-12,600036,14:23:38,39.2300,49,2
2026-06-12,600036,14:23:41,39.2400,462,1
2026-06-12,600036,14:23:44,39.2500,68,1
2026-06-12,600036,14:23:47,39.2500,820,1
2026-06-12,600036,14:23:50,39.2500,66,2
2026-06-12,600036,14:23:53,39.2600,160,1
2026-06-12,600036,14:23:56,39.2600,8,1
2026-06-12,600036,14:23:59,39.2500,42,2
2026-06-12,600036,14:24:02,39.2600,407,1
2026-06-12,600036,14:24:05,39.2500,63,2
2026-06-12,600036,14:24:08,39.2500,197,2
2026-06-12,600036,14:24:11,39.2600,52,1
2026-06-12,600036,14:24:14,39.2600,263,1
2026-06-12,600036,14:24:17,39.2500,30,2
2026-06-12,600036,14:24:20,39.2500,78,2
2026-06-12,600036,14:24:23,39.2600,1096,1
2026-06-12,600036,14:24:26,39.2600,56,1
2026-06-12,600036,14:24:29,39.2500,30,2
2026-06-12,600036,14:24:32,39.2500,166,2
2026-06-12,600036,14:24:35,39.2500,516,2
2026-06-12,600036,14:24:38,39.2500,104,2
2026-06-12,600036,14:24:41,39.2600,79,1
2026-06-12,600036,14:24:44,39.2500,100,2
2026-06-12,600036,14:24:47,39.2500,89,2
2026-06-12,600036,14:24:50,39.2600,13,1
2026-06-12,600036,14:24:53,39.2500,240,2
2026-06-12,600036,14:24:56,39.2400,483,2
2026-06-12,600036,14:24:59,39.2400,15,2
2026-06-12,600036,14:25:02,39.2400,21,2
2026-06-12,600036,14:25:05,39.2400,113,2
2026-06-12,600036,14:25:08,39.2400,61,2
2026-06-12,600036,14:25:11,39.2400,256,2
2026-06-12,600036,14:25:14,39.2400,36,2
2026-06-12,600036,14:25:17,39.2400,36,2
2026-06-12,600036,14:25:20,39.2400,54,1
2026-06-12,600036,14:25:23,39.2400,22,2
2026-06-12,600036,14:25:26,39.2400,8,2
2026-06-12,600036,14:25:29,39.2400,113,2
2026-06-12,600036,14:25:32,39.2500,1239,1
2026-06-12,600036,14:25:35,39.2700,381,1
2026-06-12,600036,14:25:38,39.2700,118,1
2026-06-12,600036,14:25:41,39.2600,59,2
2026-06-12,600036,14:25:44,39.2600,257,2
2026-06-12,600036,14:25:47,39.2600,34,2
2026-06-12,600036,14:25:50,39.2600,201,2
2026-06-12,600036,14:25:53,39.2600,39,2
2026-06-12,600036,14:25:56,39.2600,452,2
2026-06-12,600036,14:25:59,39.2600,192,2
2026-06-12,600036,14:26:02,39.2500,53,2
2026-06-12,600036,14:26:05,39.2700,193,1
2026-06-12,600036,14:26:08,39.2600,63,1
2026-06-12,600036,14:26:11,39.2600,117,2
2026-06-12,600036,14:26:14,39.2600,407,2
2026-06-12,600036,14:26:17,39.2600,79,2
2026-06-12,600036,14:26:20,39.2700,41,1
2026-06-12,600036,14:26:23,39.2600,168,2
2026-06-12,600036,14:26:26,39.2600,970,2
2026-06-12,600036,14:26:29,39.2600,151,2
2026-06-12,600036,14:26:32,39.2700,99,1
2026-06-12,600036,14:26:35,39.2600,109,2
2026-06-12,600036,14:26:38,39.2600,328,2
2026-06-12,600036,14:26:41,39.2600,57,2
2026-06-12,600036,14:26:44,39.2600,72,2
2026-06-12,600036,14:26:47,39.2600,86,2
2026-06-12,600036,14:26:50,39.2600,216,2
2026-06-12,600036,14:26:53,39.2700,43,1
2026-06-12,600036,14:26:56,39.2700,319,1
2026-06-12,600036,14:26:59,39.2800,186,1
2026-06-12,600036,14:27:02,39.2600,365,2
2026-06-12,600036,14:27:05,39.2700,278,1
2026-06-12,600036,14:27:08,39.2600,112,2
2026-06-12,600036,14:27:11,39.2700,113,1
2026-06-12,600036,14:27:14,39.2800,275,1
2026-06-12,600036,14:27:17,39.2800,196,1
2026-06-12,600036,14:27:20,39.2700,185,2
2026-06-12,600036,14:27:23,39.2800,9,1
2026-06-12,600036,14:27:26,39.2700,173,2
2026-06-12,600036,14:27:29,39.2700,108,2
2026-06-12,600036,14:27:32,39.2800,309,1
2026-06-12,600036,14:27:35,39.2700,151,2
2026-06-12,600036,14:27:38,39.2700,36,2
2026-06-12,600036,14:27:41,39.2800,105,1
2026-06-12,600036,14:27:44,39.2700,239,2
2026-06-12,600036,14:27:47,39.2800,60,1
2026-06-12,600036,14:27:50,39.2700,1,2
2026-06-12,600036,14:27:53,39.2700,201,2
2026-06-12,600036,14:27:56,39.2700,131,2
2026-06-12,600036,14:27:59,39.2700,370,2
2026-06-12,600036,14:28:02,39.2700,24,2
2026-06-12,600036,14:28:05,39.2800,306,1
2026-06-12,600036,14:28:08,39.2700,155,2
2026-06-12,600036,14:28:11,39.2700,135,2
2026-06-12,600036,14:28:14,39.2900,3162,1
2026-06-12,600036,14:28:17,39.2900,130,2
2026-06-12,600036,14:28:20,39.2900,390,2
2026-06-12,600036,14:28:23,39.2900,25,1
2026-06-12,600036,14:28:26,39.2900,108,1
2026-06-12,600036,14:28:29,39.2900,127,1
2026-06-12,600036,14:28:32,39.2800,197,2
2026-06-12,600036,14:28:35,39.2800,204,2
2026-06-12,600036,14:28:38,39.2800,96,2
2026-06-12,600036,14:28:41,39.2900,185,1
2026-06-12,600036,14:28:44,39.2800,114,2
2026-06-12,600036,14:28:47,39.2900,1407,1
2026-06-12,600036,14:28:50,39.2900,163,2
2026-06-12,600036,14:28:53,39.2900,99,2
2026-06-12,600036,14:28:56,39.2900,87,2
2026-06-12,600036,14:28:59,39.2900,424,2
2026-06-12,600036,14:29:02,39.3000,107,1
2026-06-12,600036,14:29:05,39.2900,157,2
2026-06-12,600036,14:29:08,39.2900,135,2
2026-06-12,600036,14:29:11,39.2800,163,2
2026-06-12,600036,14:29:14,39.2900,203,1
2026-06-12,600036,14:29:17,39.2800,77,2
2026-06-12,600036,14:29:20,39.2800,175,2
2026-06-12,600036,14:29:23,39.2800,269,2
2026-06-12,600036,14:29:26,39.2800,54,2
2026-06-12,600036,14:29:29,39.2900,38,1
2026-06-12,600036,14:29:32,39.2900,3430,1
2026-06-12,600036,14:29:35,39.2900,219,2
2026-06-12,600036,14:29:38,39.3000,241,1
2026-06-12,600036,14:29:41,39.2900,120,2
2026-06-12,600036,14:29:44,39.2900,371,2
2026-06-12,600036,14:29:47,39.2900,49,2
2026-06-12,600036,14:29:50,39.2900,152,2
2026-06-12,600036,14:29:53,39.3000,83,1
2026-06-12,600036,14:29:56,39.2900,185,2
2026-06-12,600036,14:29:59,39.2900,41,2
2026-06-12,600036,14:30:02,39.2900,142,1
2026-06-12,600036,14:30:05,39.2800,180,2
2026-06-12,600036,14:30:08,39.2900,950,1
2026-06-12,600036,14:30:11,39.2900,342,2
2026-06-12,600036,14:30:14,39.2900,623,2
2026-06-12,600036,14:30:17,39.2900,401,2
2026-06-12,600036,14:30:20,39.2800,97,2
2026-06-12,600036,14:30:23,39.2800,222,2
2026-06-12,600036,14:30:26,39.2900,130,1
2026-06-12,600036,14:30:29,39.2800,23,2
2026-06-12,600036,14:30:32,39.2800,180,2
2026-06-12,600036,14:30:35,39.2800,22,2
2026-06-12,600036,14:30:38,39.2800,48,2
2026-06-12,600036,14:30:41,39.2800,82,2
2026-06-12,600036,14:30:44,39.2800,99,2
2026-06-12,600036,14:30:47,39.2800,108,2
2026-06-12,600036,14:30:50,39.2800,290,2
2026-06-12,600036,14:30:53,39.2800,237,2
2026-06-12,600036,14:30:56,39.2800,222,2
2026-06-12,600036,14:30:59,39.2900,53,1
2026-06-12,600036,14:31:02,39.2900,329,1
2026-06-12,600036,14:31:05,39.2900,163,1
2026-06-12,600036,14:31:08,39.2900,182,1
2026-06-12,600036,14:31:11,39.2800,257,2
2026-06-12,600036,14:31:14,39.2900,38,1
2026-06-12,600036,14:31:17,39.2900,208,1
2026-06-12,600036,14:31:20,39.2900,167,1
2026-06-12,600036,14:31:23,39.2800,46,2
2026-06-12,600036,14:31:26,39.2900,236,1
2026-06-12,600036,14:31:29,39.2800,183,2
2026-06-12,600036,14:31:32,39.2800,71,2
2026-06-12,600036,14:31:35,39.2900,1454,1
2026-06-12,600036,14:31:38,39.2800,532,2
2026-06-12,600036,14:31:41,39.2800,262,1
2026-06-12,600036,14:31:44,39.2800,134,2
2026-06-12,600036,14:31:47,39.2800,172,1
2026-06-12,600036,14:31:50,39.2700,654,2
2026-06-12,600036,14:31:53,39.2700,149,2
2026-06-12,600036,14:31:56,39.2700,454,2
2026-06-12,600036,14:31:59,39.2700,66,2
2026-06-12,600036,14:32:02,39.2700,136,2
2026-06-12,600036,14:32:05,39.2700,66,2
2026-06-12,600036,14:32:08,39.2700,108,2
2026-06-12,600036,14:32:11,39.2700,148,2
2026-06-12,600036,14:32:14,39.2700,209,2
2026-06-12,600036,14:32:17,39.2600,206,2
2026-06-12,600036,14:32:20,39.2600,237,2
2026-06-12,600036,14:32:23,39.2700,449,1
2026-06-12,600036,14:32:26,39.2700,155,2
2026-06-12,600036,14:32:29,39.2700,70,1
2026-06-12,600036,14:32:32,39.2600,139,1
2026-06-12,600036,14:32:35,39.2600,258,2
2026-06-12,600036,14:32:38,39.2600,291,1
2026-06-12,600036,14:32:41,39.2500,127,2
2026-06-12,600036,14:32:44,39.2600,269,1
2026-06-12,600036,14:32:47,39.2600,278,1
2026-06-12,600036,14:32:50,39.2600,245,1
2026-06-12,600036,14:32:53,39.2600,136,2
2026-06-12,600036,14:32:56,39.2600,244,1
2026-06-12,600036,14:32:59,39.2600,256,1
2026-06-12,600036,14:33:02,39.2700,127,1
2026-06-12,600036,14:33:05,39.2700,72,1
2026-06-12,600036,14:33:08,39.2700,471,1
2026-06-12,600036,14:33:11,39.2700,447,1
2026-06-12,600036,14:33:14,39.2700,237,2
2026-06-12,600036,14:33:17,39.2600,44,2
2026-06-12,600036,14:33:20,39.2700,90,1
2026-06-12,600036,14:33:23,39.2700,49,1
2026-06-12,600036,14:33:26,39.2700,106,1
2026-06-12,600036,14:33:29,39.2700,52,1
2026-06-12,600036,14:33:32,39.2600,148,2
2026-06-12,600036,14:33:35,39.2600,274,2
2026-06-12,600036,14:33:38,39.2700,84,1
2026-06-12,600036,14:33:41,39.2700,247,1
2026-06-12,600036,14:33:44,39.2600,226,2
2026-06-12,600036,14:33:47,39.2600,243,1
2026-06-12,600036,14:33:50,39.2600,333,1
2026-06-12,600036,14:33:53,39.2500,84,2
2026-06-12,600036,14:33:56,39.2600,141,2
2026-06-12,600036,14:33:59,39.2700,149,1
2026-06-12,600036,14:34:02,39.2700,101,1
2026-06-12,600036,14:34:05,39.2600,174,2
2026-06-12,600036,14:34:08,39.2600,98,2
2026-06-12,600036,14:34:11,39.2600,61,2
2026-06-12,600036,14:34:14,39.2700,280,1
2026-06-12,600036,14:34:17,39.2600,292,2
2026-06-12,600036,14:34:20,39.2500,72,2
2026-06-12,600036,14:34:23,39.2600,196,1
2026-06-12,600036,14:34:26,39.2500,120,2
2026-06-12,600036,14:34:29,39.2600,67,1
2026-06-12,600036,14:34:32,39.2400,39,2
2026-06-12,600036,14:34:35,39.2500,288,4
2026-06-12,600036,14:34:38,39.2600,302,4
2026-06-12,600036,14:34:41,39.2500,275,2
2026-06-12,600036,14:34:44,39.2700,257,1
2026-06-12,600036,14:34:47,39.2700,51,1
2026-06-12,600036,14:34:50,39.2600,63,2
2026-06-12,600036,14:34:53,39.2600,50,2
2026-06-12,600036,14:34:56,39.2600,198,2
2026-06-12,600036,14:34:59,39.2700,395,1
2026-06-12,600036,14:35:02,39.2800,174,1
2026-06-12,600036,14:35:05,39.2800,262,1
2026-06-12,600036,14:35:08,39.2700,271,2
2026-06-12,600036,14:35:11,39.2700,234,2
2026-06-12,600036,14:35:14,39.2700,200,2
2026-06-12,600036,14:35:17,39.2700,88,2
2026-06-12,600036,14:35:20,39.2700,35,2
2026-06-12,600036,14:35:23,39.2700,110,2
2026-06-12,600036,14:35:26,39.2700,211,2
2026-06-12,600036,14:35:29,39.2700,318,2
2026-06-12,600036,14:35:32,39.2500,479,2
2026-06-12,600036,14:35:35,39.2600,291,2
2026-06-12,600036,14:35:38,39.2600,155,1
2026-06-12,600036,14:35:41,39.2600,73,2
2026-06-12,600036,14:35:44,39.2600,134,2
2026-06-12,600036,14:35:47,39.2700,105,1
2026-06-12,600036,14:35:50,39.2600,117,2
2026-06-12,600036,14:35:53,39.2600,98,2
2026-06-12,600036,14:35:56,39.2600,74,2
2026-06-12,600036,14:35:59,39.2600,95,2
2026-06-12,600036,14:36:02,39.2600,28,2
2026-06-12,600036,14:36:05,39.2600,168,2
2026-06-12,600036,14:36:08,39.2600,32,2
2026-06-12,600036,14:36:11,39.2600,42,2
2026-06-12,600036,14:36:14,39.2600,49,2
2026-06-12,600036,14:36:17,39.2600,170,2
2026-06-12,600036,14:36:20,39.2600,215,2
2026-06-12,600036,14:36:23,39.2700,176,1
2026-06-12,600036,14:36:26,39.2700,74,1
2026-06-12,600036,14:36:29,39.2600,52,2
2026-06-12,600036,14:36:32,39.2600,183,2
2026-06-12,600036,14:36:35,39.2600,221,2
2026-06-12,600036,14:36:38,39.2700,131,1
2026-06-12,600036,14:36:41,39.2700,388,1
2026-06-12,600036,14:36:44,39.2700,573,2
2026-06-12,600036,14:36:47,39.2700,174,1
2026-06-12,600036,14:36:50,39.2700,209,2
2026-06-12,600036,14:36:53,39.2700,177,2
2026-06-12,600036,14:36:56,39.2700,529,2
2026-06-12,600036,14:36:59,39.2800,164,1
2026-06-12,600036,14:37:02,39.2900,542,1
2026-06-12,600036,14:37:05,39.2800,202,2
2026-06-12,600036,14:37:08,39.2800,393,2
2026-06-12,600036,14:37:11,39.2800,406,2
2026-06-12,600036,14:37:14,39.2800,261,1
2026-06-12,600036,14:37:17,39.2700,328,2
2026-06-12,600036,14:37:20,39.2800,226,1
2026-06-12,600036,14:37:23,39.2800,158,1
2026-06-12,600036,14:37:26,39.2700,1811,2
2026-06-12,600036,14:37:29,39.2600,32,4
2026-06-12,600036,14:37:32,39.2700,684,1
2026-06-12,600036,14:37:35,39.2700,291,1
2026-06-12,600036,14:37:38,39.2500,181,2
2026-06-12,600036,14:37:41,39.2600,139,1
2026-06-12,600036,14:37:44,39.2600,233,2
2026-06-12,600036,14:37:47,39.2700,90,1
2026-06-12,600036,14:37:50,39.2600,227,2
2026-06-12,600036,14:37:53,39.2600,388,2
2026-06-12,600036,14:37:56,39.2600,217,2
2026-06-12,600036,14:37:59,39.2600,143,1
2026-06-12,600036,14:38:02,39.2600,901,4
2026-06-12,600036,14:38:05,39.2600,287,2
2026-06-12,600036,14:38:08,39.2600,132,2
2026-06-12,600036,14:38:11,39.2600,172,1
2026-06-12,600036,14:38:14,39.2600,103,1
2026-06-12,600036,14:38:17,39.2600,195,2
2026-06-12,600036,14:38:20,39.2700,137,1
2026-06-12,600036,14:38:23,39.2700,117,2
2026-06-12,600036,14:38:26,39.2700,420,2
2026-06-12,600036,14:38:29,39.2700,131,1
2026-06-12,600036,14:38:32,39.2600,43,2
2026-06-12,600036,14:38:35,39.2700,145,1
2026-06-12,600036,14:38:38,39.2600,168,2
2026-06-12,600036,14:38:41,39.2700,143,1
2026-06-12,600036,14:38:44,39.2700,241,1
2026-06-12,600036,14:38:47,39.2800,104,1
2026-06-12,600036,14:38:50,39.2700,288,2
2026-06-12,600036,14:38:53,39.2800,454,1
2026-06-12,600036,14:38:56,39.2800,1122,1
2026-06-12,600036,14:38:59,39.2700,125,2
2026-06-12,600036,14:39:02,39.2800,209,1
2026-06-12,600036,14:39:05,39.2800,682,1
2026-06-12,600036,14:39:08,39.2600,687,2
2026-06-12,600036,14:39:11,39.2700,251,1
2026-06-12,600036,14:39:14,39.2700,157,2
2026-06-12,600036,14:39:17,39.2700,38,2
2026-06-12,600036,14:39:20,39.2700,76,2
2026-06-12,600036,14:39:23,39.2700,9,2
2026-06-12,600036,14:39:26,39.2700,177,2
2026-06-12,600036,14:39:29,39.2700,286,2
2026-06-12,600036,14:39:32,39.2800,377,2
2026-06-12,600036,14:39:35,39.2800,268,2
2026-06-12,600036,14:39:38,39.2800,266,2
2026-06-12,600036,14:39:41,39.2800,318,2
2026-06-12,600036,14:39:44,39.2700,715,2
2026-06-12,600036,14:39:47,39.2800,16,4
2026-06-12,600036,14:39:50,39.2800,244,1
2026-06-12,600036,14:39:53,39.2800,245,1
2026-06-12,600036,14:39:56,39.2800,365,2
2026-06-12,600036,14:39:59,39.2800,153,2
2026-06-12,600036,14:40:02,39.2800,1319,2
2026-06-12,600036,14:40:05,39.2900,933,1
2026-06-12,600036,14:40:08,39.2900,1084,1
2026-06-12,600036,14:40:11,39.3000,397,1
2026-06-12,600036,14:40:14,39.2900,1163,2
2026-06-12,600036,14:40:17,39.3000,263,1
2026-06-12,600036,14:40:20,39.3000,486,1
2026-06-12,600036,14:40:23,39.3000,246,1
2026-06-12,600036,14:40:26,39.3000,605,1
2026-06-12,600036,14:40:29,39.3000,5426,1
2026-06-12,600036,14:40:32,39.3000,858,1
2026-06-12,600036,14:40:35,39.3000,560,2
2026-06-12,600036,14:40:38,39.3000,71,2
2026-06-12,600036,14:40:41,39.3000,125,2
2026-06-12,600036,14:40:44,39.3000,141,2
2026-06-12,600036,14:40:47,39.3100,135,1
2026-06-12,600036,14:40:50,39.3100,1196,2
2026-06-12,600036,14:40:53,39.3100,183,1
2026-06-12,600036,14:40:56,39.3000,178,2
2026-06-12,600036,14:40:59,39.3000,179,1
2026-06-12,600036,14:41:02,39.3100,385,1
2026-06-12,600036,14:41:05,39.3100,259,2
2026-06-12,600036,14:41:08,39.3200,337,1
2026-06-12,600036,14:41:11,39.3100,141,2
2026-06-12,600036,14:41:14,39.3100,89,1
2026-06-12,600036,14:41:17,39.3100,161,1
2026-06-12,600036,14:41:20,39.3100,37,4
2026-06-12,600036,14:41:23,39.3100,128,2
2026-06-12,600036,14:41:26,39.3100,124,2
2026-06-12,600036,14:41:29,39.3200,225,1
2026-06-12,600036,14:41:32,39.3100,190,2
2026-06-12,600036,14:41:35,39.3100,250,2
2026-06-12,600036,14:41:38,39.3200,212,1
2026-06-12,600036,14:41:41,39.3200,204,1
2026-06-12,600036,14:41:44,39.3100,170,2
2026-06-12,600036,14:41:47,39.3200,136,1
2026-06-12,600036,14:41:50,39.3200,181,1
2026-06-12,600036,14:41:53,39.3200,156,1
2026-06-12,600036,14:41:56,39.3100,121,2
2026-06-12,600036,14:41:59,39.3100,443,2
2026-06-12,600036,14:42:02,39.3200,151,1
2026-06-12,600036,14:42:05,39.3200,1296,1
2026-06-12,600036,14:42:08,39.3200,401,1
2026-06-12,600036,14:42:11,39.3300,1062,1
2026-06-12,600036,14:42:14,39.3300,335,1
2026-06-12,600036,14:42:17,39.3300,302,1
2026-06-12,600036,14:42:20,39.3300,136,1
2026-06-12,600036,14:42:23,39.3200,194,2
2026-06-12,600036,14:42:26,39.3300,282,1
2026-06-12,600036,14:42:29,39.3300,161,1
2026-06-12,600036,14:42:32,39.3300,571,1
2026-06-12,600036,14:42:35,39.3300,163,1
2026-06-12,600036,14:42:38,39.3300,308,1
2026-06-12,600036,14:42:41,39.3300,491,2
2026-06-12,600036,14:42:44,39.3300,85,2
2026-06-12,600036,14:42:47,39.3400,835,1
2026-06-12,600036,14:42:50,39.3400,851,1
2026-06-12,600036,14:42:53,39.3400,445,1
2026-06-12,600036,14:42:56,39.3400,180,1
2026-06-12,600036,14:42:59,39.3400,243,1
2026-06-12,600036,14:43:02,39.3500,1305,1
2026-06-12,600036,14:43:05,39.3400,189,2
2026-06-12,600036,14:43:08,39.3500,269,1
2026-06-12,600036,14:43:11,39.3400,585,2
2026-06-12,600036,14:43:14,39.3400,521,2
2026-06-12,600036,14:43:17,39.3400,464,1
2026-06-12,600036,14:43:20,39.3300,64,2
2026-06-12,600036,14:43:23,39.3300,250,2
2026-06-12,600036,14:43:26,39.3300,24,2
2026-06-12,600036,14:43:29,39.3300,727,2
2026-06-12,600036,14:43:32,39.3200,166,2
2026-06-12,600036,14:43:35,39.3300,122,1
2026-06-12,600036,14:43:38,39.3300,109,1
2026-06-12,600036,14:43:41,39.3300,179,1
2026-06-12,600036,14:43:44,39.3400,317,1
2026-06-12,600036,14:43:47,39.3300,194,4
2026-06-12,600036,14:43:50,39.3300,248,2
2026-06-12,600036,14:43:53,39.3300,81,2
2026-06-12,600036,14:43:56,39.3300,1091,2
2026-06-12,600036,14:43:59,39.3300,121,2
2026-06-12,600036,14:44:02,39.3300,197,2
2026-06-12,600036,14:44:05,39.3400,400,1
2026-06-12,600036,14:44:08,39.3200,35,2
2026-06-12,600036,14:44:11,39.3200,53,2
2026-06-12,600036,14:44:14,39.3300,141,1
2026-06-12,600036,14:44:17,39.3300,66,1
2026-06-12,600036,14:44:20,39.3200,202,2
2026-06-12,600036,14:44:23,39.3200,162,2
2026-06-12,600036,14:44:26,39.3300,195,1
2026-06-12,600036,14:44:29,39.3300,11,1
2026-06-12,600036,14:44:32,39.3300,45,1
2026-06-12,600036,14:44:35,39.3200,57,2
2026-06-12,600036,14:44:38,39.3300,269,1
2026-06-12,600036,14:44:41,39.3200,29,2
2026-06-12,600036,14:44:44,39.3200,26,2
2026-06-12,600036,14:44:47,39.3300,89,1
2026-06-12,600036,14:44:50,39.3300,139,1
2026-06-12,600036,14:44:53,39.3200,76,2
2026-06-12,600036,14:44:56,39.3200,41,2
2026-06-12,600036,14:44:59,39.3200,154,2
2026-06-12,600036,14:45:02,39.3200,202,2
2026-06-12,600036,14:45:05,39.3200,222,2
2026-06-12,600036,14:45:08,39.3200,1226,2
2026-06-12,600036,14:45:11,39.3300,354,1
2026-06-12,600036,14:45:14,39.3300,215,1
2026-06-12,600036,14:45:17,39.3200,114,2
2026-06-12,600036,14:45:20,39.3300,210,1
2026-06-12,600036,14:45:23,39.3300,139,1
2026-06-12,600036,14:45:26,39.3300,271,1
2026-06-12,600036,14:45:29,39.3200,98,2
2026-06-12,600036,14:45:32,39.3300,148,1
2026-06-12,600036,14:45:35,39.3200,84,2
2026-06-12,600036,14:45:38,39.3200,209,2
2026-06-12,600036,14:45:41,39.3200,129,2
2026-06-12,600036,14:45:44,39.3300,167,1
2026-06-12,600036,14:45:47,39.3300,318,1
2026-06-12,600036,14:45:50,39.3300,484,1
2026-06-12,600036,14:45:53,39.3300,188,2
2026-06-12,600036,14:45:56,39.3300,147,2
2026-06-12,600036,14:45:59,39.3300,142,2
2026-06-12,600036,14:46:02,39.3300,640,2
2026-06-12,600036,14:46:05,39.3200,211,2
2026-06-12,600036,14:46:08,39.3200,178,2
2026-06-12,600036,14:46:11,39.3200,135,2
2026-06-12,600036,14:46:14,39.3200,92,2
2026-06-12,600036,14:46:17,39.3200,166,2
2026-06-12,600036,14:46:20,39.3200,123,2
2026-06-12,600036,14:46:23,39.3300,450,1
2026-06-12,600036,14:46:26,39.3300,227,1
2026-06-12,600036,14:46:29,39.3300,389,2
2026-06-12,600036,14:46:32,39.3300,242,2
2026-06-12,600036,14:46:35,39.3300,1733,2
2026-06-12,600036,14:46:38,39.3400,157,1
2026-06-12,600036,14:46:41,39.3300,60,2
2026-06-12,600036,14:46:44,39.3400,82,1
2026-06-12,600036,14:46:47,39.3300,69,2
2026-06-12,600036,14:46:50,39.3300,73,2
2026-06-12,600036,14:46:53,39.3300,69,2
2026-06-12,600036,14:46:56,39.3400,51,1
2026-06-12,600036,14:46:59,39.3300,237,2
2026-06-12,600036,14:47:02,39.3300,995,2
2026-06-12,600036,14:47:05,39.3300,198,1
2026-06-12,600036,14:47:08,39.3300,739,1
2026-06-12,600036,14:47:11,39.3400,238,1
2026-06-12,600036,14:47:14,39.3300,147,2
2026-06-12,600036,14:47:17,39.3300,325,2
2026-06-12,600036,14:47:20,39.3300,132,2
2026-06-12,600036,14:47:23,39.3300,82,2
2026-06-12,600036,14:47:26,39.3400,161,1
2026-06-12,600036,14:47:29,39.3300,132,2
2026-06-12,600036,14:47:32,39.3300,138,2
2026-06-12,600036,14:47:35,39.3400,136,1
2026-06-12,600036,14:47:38,39.3400,318,1
2026-06-12,600036,14:47:41,39.3400,465,1
2026-06-12,600036,14:47:44,39.3300,757,2
2026-06-12,600036,14:47:47,39.3300,198,2
2026-06-12,600036,14:47:50,39.3300,227,2
2026-06-12,600036,14:47:53,39.3300,161,2
2026-06-12,600036,14:47:56,39.3300,205,2
2026-06-12,600036,14:47:59,39.3300,201,2
2026-06-12,600036,14:48:02,39.3300,121,2
2026-06-12,600036,14:48:05,39.3300,151,2
2026-06-12,600036,14:48:08,39.3400,231,1
2026-06-12,600036,14:48:11,39.3300,206,2
2026-06-12,600036,14:48:14,39.3300,132,2
2026-06-12,600036,14:48:17,39.3300,357,2
2026-06-12,600036,14:48:20,39.3200,109,2
2026-06-12,600036,14:48:23,39.3300,160,1
2026-06-12,600036,14:48:26,39.3300,301,1
2026-06-12,600036,14:48:29,39.3200,233,2
2026-06-12,600036,14:48:32,39.3200,170,2
2026-06-12,600036,14:48:35,39.3200,102,2
2026-06-12,600036,14:48:38,39.3300,267,1
2026-06-12,600036,14:48:41,39.3300,57,1
2026-06-12,600036,14:48:44,39.3300,134,1
2026-06-12,600036,14:48:47,39.3200,184,2
2026-06-12,600036,14:48:50,39.3200,138,2
2026-06-12,600036,14:48:53,39.3200,477,2
2026-06-12,600036,14:48:56,39.3300,449,1
2026-06-12,600036,14:48:59,39.3200,217,2
2026-06-12,600036,14:49:02,39.3200,691,1
2026-06-12,600036,14:49:05,39.3200,236,1
2026-06-12,600036,14:49:08,39.3100,266,4
2026-06-12,600036,14:49:11,39.3100,157,1
2026-06-12,600036,14:49:14,39.3100,163,2
2026-06-12,600036,14:49:17,39.3100,126,2
2026-06-12,600036,14:49:20,39.3100,406,2
2026-06-12,600036,14:49:23,39.3300,268,1
2026-06-12,600036,14:49:26,39.3300,1046,1
2026-06-12,600036,14:49:29,39.3200,279,1
2026-06-12,600036,14:49:32,39.3100,194,2
2026-06-12,600036,14:49:35,39.3100,73,2
2026-06-12,600036,14:49:38,39.3100,206,2
2026-06-12,600036,14:49:41,39.3200,102,1
2026-06-12,600036,14:49:44,39.3200,422,2
2026-06-12,600036,14:49:47,39.3200,331,2
2026-06-12,600036,14:49:50,39.3100,152,2
2026-06-12,600036,14:49:53,39.3200,1019,1
2026-06-12,600036,14:49:56,39.3200,83,2
2026-06-12,600036,14:49:59,39.3300,159,1
2026-06-12,600036,14:50:02,39.3200,1496,1
2026-06-12,600036,14:50:05,39.3000,351,2
2026-06-12,600036,14:50:08,39.3200,716,1
2026-06-12,600036,14:50:11,39.3200,49,1
2026-06-12,600036,14:50:14,39.3100,104,4
2026-06-12,600036,14:50:17,39.3200,90,1
2026-06-12,600036,14:50:20,39.3100,73,2
2026-06-12,600036,14:50:23,39.3100,44,2
2026-06-12,600036,14:50:26,39.3100,215,2
2026-06-12,600036,14:50:29,39.3100,434,2
2026-06-12,600036,14:50:32,39.3100,99,1
2026-06-12,600036,14:50:35,39.3100,172,1
2026-06-12,600036,14:50:38,39.3100,357,1
2026-06-12,600036,14:50:41,39.3100,170,4
2026-06-12,600036,14:50:44,39.3200,286,1
2026-06-12,600036,14:50:47,39.3100,344,2
2026-06-12,600036,14:50:50,39.3100,118,2
2026-06-12,600036,14:50:53,39.3100,73,2
2026-06-12,600036,14:50:56,39.3200,244,1
2026-06-12,600036,14:50:59,39.3300,299,1
2026-06-12,600036,14:51:02,39.3200,411,2
2026-06-12,600036,14:51:05,39.3200,722,2
2026-06-12,600036,14:51:08,39.3200,306,2
2026-06-12,600036,14:51:11,39.3200,176,2
2026-06-12,600036,14:51:14,39.3200,75,2
2026-06-12,600036,14:51:17,39.3200,515,2
2026-06-12,600036,14:51:20,39.3200,248,2
2026-06-12,600036,14:51:23,39.3200,61,2
2026-06-12,600036,14:51:26,39.3200,62,2
2026-06-12,600036,14:51:29,39.3200,247,2
2026-06-12,600036,14:51:32,39.3200,286,1
2026-06-12,600036,14:51:35,39.3200,166,1
2026-06-12,600036,14:51:38,39.3200,158,1
2026-06-12,600036,14:51:41,39.3200,691,1
2026-06-12,600036,14:51:44,39.3200,213,2
2026-06-12,600036,14:51:47,39.3200,235,2
2026-06-12,600036,14:51:50,39.3200,418,2
2026-06-12,600036,14:51:53,39.3300,132,1
2026-06-12,600036,14:51:56,39.3200,170,2
2026-06-12,600036,14:51:59,39.3200,241,2
2026-06-12,600036,14:52:02,39.3100,188,2
2026-06-12,600036,14:52:05,39.3200,89,1
2026-06-12,600036,14:52:08,39.3100,108,2
2026-06-12,600036,14:52:11,39.3100,56,2
2026-06-12,600036,14:52:14,39.3100,887,2
2026-06-12,600036,14:52:17,39.3200,176,1
2026-06-12,600036,14:52:20,39.3200,50,1
2026-06-12,600036,14:52:23,39.3100,225,2
2026-06-12,600036,14:52:26,39.3100,1012,2
2026-06-12,600036,14:52:29,39.3000,57,2
2026-06-12,600036,14:52:32,39.3100,44,1
2026-06-12,600036,14:52:35,39.3000,44,2
2026-06-12,600036,14:52:38,39.3100,346,1
2026-06-12,600036,14:52:41,39.3100,125,1
2026-06-12,600036,14:52:44,39.3000,131,2
2026-06-12,600036,14:52:47,39.3000,121,4
2026-06-12,600036,14:52:50,39.3100,349,1
2026-06-12,600036,14:52:53,39.2900,59,2
2026-06-12,600036,14:52:56,39.3000,247,1
2026-06-12,600036,14:52:59,39.3000,132,2
2026-06-12,600036,14:53:02,39.3000,720,2
2026-06-12,600036,14:53:05,39.3000,191,2
2026-06-12,600036,14:53:08,39.3000,85,2
2026-06-12,600036,14:53:11,39.3000,83,2
2026-06-12,600036,14:53:14,39.3000,261,2
2026-06-12,600036,14:53:17,39.3000,63,2
2026-06-12,600036,14:53:20,39.3000,156,2
2026-06-12,600036,14:53:23,39.3000,287,4
2026-06-12,600036,14:53:26,39.3100,300,1
2026-06-12,600036,14:53:29,39.3100,106,1
2026-06-12,600036,14:53:32,39.3100,94,1
2026-06-12,600036,14:53:35,39.3000,93,2
2026-06-12,600036,14:53:38,39.3100,550,1
2026-06-12,600036,14:53:41,39.3000,70,2
2026-06-12,600036,14:53:44,39.3100,43,1
2026-06-12,600036,14:53:47,39.3000,73,2
2026-06-12,600036,14:53:50,39.3000,394,2
2026-06-12,600036,14:53:53,39.2900,25,2
2026-06-12,600036,14:53:56,39.3000,566,1
2026-06-12,600036,14:53:59,39.2900,103,2
2026-06-12,600036,14:54:02,39.2900,761,2
2026-06-12,600036,14:54:05,39.3000,308,1
2026-06-12,600036,14:54:08,39.3100,550,1
2026-06-12,600036,14:54:11,39.3100,469,1
2026-06-12,600036,14:54:14,39.3100,584,1
2026-06-12,600036,14:54:17,39.3300,1145,1
2026-06-12,600036,14:54:20,39.3100,439,2
2026-06-12,600036,14:54:23,39.3100,277,1
2026-06-12,600036,14:54:26,39.3000,213,2
2026-06-12,600036,14:54:29,39.3100,149,1
2026-06-12,600036,14:54:32,39.3100,49,1
2026-06-12,600036,14:54:35,39.3100,297,1
2026-06-12,600036,14:54:38,39.3200,412,1
2026-06-12,600036,14:54:41,39.3100,335,2
2026-06-12,600036,14:54:44,39.3300,141,1
2026-06-12,600036,14:54:47,39.3300,527,1
2026-06-12,600036,14:54:50,39.3200,386,2
2026-06-12,600036,14:54:53,39.3200,230,1
2026-06-12,600036,14:54:56,39.3200,142,2
2026-06-12,600036,14:54:59,39.3300,127,1
2026-06-12,600036,14:55:02,39.3200,342,2
2026-06-12,600036,14:55:05,39.3200,564,2
2026-06-12,600036,14:55:08,39.3300,235,1
2026-06-12,600036,14:55:11,39.3300,227,1
2026-06-12,600036,14:55:14,39.3200,234,2
2026-06-12,600036,14:55:17,39.3200,226,2
2026-06-12,600036,14:55:20,39.3200,440,2
2026-06-12,600036,14:55:23,39.3100,147,2
2026-06-12,600036,14:55:26,39.3200,271,1
2026-06-12,600036,14:55:29,39.3100,233,2
2026-06-12,600036,14:55:32,39.3300,254,1
2026-06-12,600036,14:55:35,39.3200,281,1
2026-06-12,600036,14:55:38,39.3200,350,2
2026-06-12,600036,14:55:41,39.3200,503,2
2026-06-12,600036,14:55:44,39.3300,372,1
2026-06-12,600036,14:55:47,39.3200,184,4
2026-06-12,600036,14:55:50,39.3200,153,1
2026-06-12,600036,14:55:53,39.3200,535,1
2026-06-12,600036,14:55:56,39.3300,213,1
2026-06-12,600036,14:55:59,39.3200,129,2
2026-06-12,600036,14:56:02,39.3100,1594,2
2026-06-12,600036,14:56:05,39.3100,661,1
2026-06-12,600036,14:56:08,39.3100,438,2
2026-06-12,600036,14:56:11,39.3300,266,1
2026-06-12,600036,14:56:14,39.3100,228,2
2026-06-12,600036,14:56:17,39.3300,905,1
2026-06-12,600036,14:56:20,39.3200,184,2
2026-06-12,600036,14:56:23,39.3200,116,1
2026-06-12,600036,14:56:26,39.3100,90,2
2026-06-12,600036,14:56:29,39.3200,198,1
2026-06-12,600036,14:56:32,39.3100,275,4
2026-06-12,600036,14:56:35,39.3200,145,1
2026-06-12,600036,14:56:38,39.3300,1553,1
2026-06-12,600036,14:56:41,39.3100,115,1
2026-06-12,600036,14:56:44,39.3300,102,1
2026-06-12,600036,14:56:47,39.3200,107,2
2026-06-12,600036,14:56:50,39.3100,96,2
2026-06-12,600036,14:56:53,39.3100,33,1
2026-06-12,600036,14:56:56,39.3200,49,1
2026-06-12,600036,14:56:59,39.3100,111,2
2026-06-12,600036,15:00:02,39.3400,21701,4
2026-06-12,600036,13:16:56,39.2300,212,2
2026-06-12,600036,13:16:59,39.2400,474,1
2026-06-12,600036,13:17:02,39.2400,395,2
2026-06-12,600036,13:17:05,39.2400,209,2
2026-06-12,600036,13:17:08,39.2400,141,1
2026-06-12,600036,13:17:11,39.2300,166,2
2026-06-12,600036,13:17:14,39.2300,136,2
2026-06-12,600036,13:17:17,39.2400,67,1
2026-06-12,600036,13:17:20,39.2300,191,2
2026-06-12,600036,13:17:23,39.2300,59,2
2026-06-12,600036,13:17:26,39.2300,141,2
2026-06-12,600036,13:17:29,39.2200,78,2
2026-06-12,600036,13:17:32,39.2200,90,2
2026-06-12,600036,13:17:35,39.2200,144,2
2026-06-12,600036,13:17:38,39.2100,612,2
2026-06-12,600036,13:17:41,39.2000,70,2
2026-06-12,600036,13:17:44,39.2000,49,1
2026-06-12,600036,13:17:47,39.1900,158,2
2026-06-12,600036,13:17:50,39.1900,69,2
2026-06-12,600036,13:17:53,39.1900,31,1
2026-06-12,600036,13:17:56,39.1800,70,2
2026-06-12,600036,13:17:59,39.1900,361,1
2026-06-12,600036,13:18:02,39.1900,427,1
2026-06-12,600036,13:18:05,39.1900,781,2
2026-06-12,600036,13:18:08,39.2000,94,4
2026-06-12,600036,13:18:11,39.1900,81,2
2026-06-12,600036,13:18:14,39.1900,166,2
2026-06-12,600036,13:18:17,39.2000,304,1
2026-06-12,600036,13:18:20,39.2000,157,2
2026-06-12,600036,13:18:23,39.2000,118,2
2026-06-12,600036,13:18:26,39.2000,49,2
2026-06-12,600036,13:18:29,39.2000,70,2
2026-06-12,600036,13:18:32,39.2000,100,2
2026-06-12,600036,13:18:35,39.2100,130,1
2026-06-12,600036,13:18:38,39.2100,75,1
2026-06-12,600036,13:18:41,39.2000,52,2
2026-06-12,600036,13:18:44,39.2000,203,2
2026-06-12,600036,13:18:47,39.2100,50,1
2026-06-12,600036,13:18:50,39.2000,183,2
2026-06-12,600036,13:18:53,39.2300,1097,1
2026-06-12,600036,13:18:56,39.2300,112,2
2026-06-12,600036,13:18:59,39.2300,408,2
2026-06-12,600036,13:19:02,39.2400,106,1
2026-06-12,600036,13:19:05,39.2400,318,1
2026-06-12,600036,13:19:08,39.2400,376,1
2026-06-12,600036,13:19:11,39.2400,101,1
2026-06-12,600036,13:19:14,39.2300,120,2
2026-06-12,600036,13:19:17,39.2300,182,2
2026-06-12,600036,13:19:20,39.2400,1346,1
2026-06-12,600036,13:19:23,39.2500,293,1
2026-06-12,600036,13:19:26,39.2400,207,2
2026-06-12,600036,13:19:29,39.2400,221,2
2026-06-12,600036,13:19:32,39.2400,110,2
2026-06-12,600036,13:19:35,39.2400,212,2
2026-06-12,600036,13:19:38,39.2100,572,2
2026-06-12,600036,13:19:41,39.2400,1225,1
2026-06-12,600036,13:19:44,39.2300,246,2
2026-06-12,600036,13:19:47,39.2300,41,2
2026-06-12,600036,13:19:50,39.2400,25,1
2026-06-12,600036,13:19:53,39.2300,90,2
2026-06-12,600036,13:19:56,39.2300,105,2
2026-06-12,600036,13:19:59,39.2400,235,1
2026-06-12,600036,13:20:02,39.2300,83,2
2026-06-12,600036,13:20:05,39.2300,35,2
2026-06-12,600036,13:20:08,39.2300,272,2
2026-06-12,600036,13:20:11,39.2300,50,2
2026-06-12,600036,13:20:14,39.2300,248,1
2026-06-12,600036,13:20:17,39.2300,53,2
2026-06-12,600036,13:20:20,39.2200,86,2
2026-06-12,600036,13:20:23,39.2200,199,2
2026-06-12,600036,13:20:26,39.2200,54,2
2026-06-12,600036,13:20:29,39.2200,67,2
2026-06-12,600036,13:20:32,39.2300,71,1
2026-06-12,600036,13:20:35,39.2200,548,2
2026-06-12,600036,13:20:38,39.2200,187,1
2026-06-12,600036,13:20:41,39.2200,224,1
2026-06-12,600036,13:20:44,39.2000,166,2
2026-06-12,600036,13:20:47,39.2100,101,1
2026-06-12,600036,13:20:50,39.2000,48,2
2026-06-12,600036,13:20:53,39.2000,61,2
2026-06-12,600036,13:20:56,39.2000,33,2
2026-06-12,600036,13:20:59,39.2000,76,2
2026-06-12,600036,13:21:02,39.2000,77,2
2026-06-12,600036,13:21:05,39.2000,143,2
2026-06-12,600036,13:21:08,39.2000,124,2
2026-06-12,600036,13:21:11,39.2000,44,1
2026-06-12,600036,13:21:14,39.2000,25,1
2026-06-12,600036,13:21:17,39.2100,321,1
2026-06-12,600036,13:21:20,39.2000,137,2
2026-06-12,600036,13:21:23,39.2000,114,2
2026-06-12,600036,13:21:26,39.2000,42,2
2026-06-12,600036,13:21:29,39.2200,891,1
2026-06-12,600036,13:21:32,39.2200,163,2
2026-06-12,600036,13:21:35,39.2200,48,2
2026-06-12,600036,13:21:38,39.2200,174,2
2026-06-12,600036,13:21:41,39.2300,223,1
2026-06-12,600036,13:21:44,39.2200,218,2
2026-06-12,600036,13:21:47,39.2300,87,1
2026-06-12,600036,13:21:50,39.2200,52,2
2026-06-12,600036,13:21:53,39.2200,113,2
2026-06-12,600036,13:21:56,39.2200,40,2
2026-06-12,600036,13:21:59,39.2200,109,2
2026-06-12,600036,13:22:02,39.2200,101,2
2026-06-12,600036,13:22:05,39.2200,73,2
2026-06-12,600036,13:22:08,39.2200,171,2
2026-06-12,600036,13:22:11,39.2300,479,1
2026-06-12,600036,13:22:14,39.2300,81,1
2026-06-12,600036,13:22:17,39.2200,43,2
2026-06-12,600036,13:22:20,39.2200,32,2
2026-06-12,600036,13:22:23,39.2200,2108,2
2026-06-12,600036,13:22:26,39.2400,662,1
2026-06-12,600036,13:22:29,39.2500,817,1
2026-06-12,600036,13:22:32,39.2400,103,2
2026-06-12,600036,13:22:35,39.2500,111,1
2026-06-12,600036,13:22:38,39.2400,143,2
2026-06-12,600036,13:22:41,39.2500,160,1
2026-06-12,600036,13:22:44,39.2400,194,2
2026-06-12,600036,13:22:47,39.2400,79,2
2026-06-12,600036,13:22:50,39.2400,88,2
2026-06-12,600036,13:22:53,39.2400,333,2
2026-06-12,600036,13:22:56,39.2400,32,1
2026-06-12,600036,13:22:59,39.2400,222,1
2026-06-12,600036,13:23:02,39.2300,57,2
2026-06-12,600036,13:23:05,39.2400,87,1
2026-06-12,600036,13:23:08,39.2300,100,2
2026-06-12,600036,13:23:11,39.2400,89,1
2026-06-12,600036,13:23:14,39.2500,1770,1
2026-06-12,600036,13:23:17,39.2500,1493,1
2026-06-12,600036,13:23:20,39.2500,2944,1
2026-06-12,600036,13:23:23,39.2600,140,1
2026-06-12,600036,13:23:26,39.2500,171,2
2026-06-12,600036,13:23:29,39.2600,2237,1
2026-06-12,600036,13:23:32,39.2600,403,2
2026-06-12,600036,13:23:35,39.2600,209,2
2026-06-12,600036,13:23:38,39.2600,140,2
2026-06-12,600036,13:23:41,39.2700,14,1
2026-06-12,600036,13:23:44,39.2700,139,1
2026-06-12,600036,13:23:47,39.2800,1536,1
2026-06-12,600036,13:23:50,39.2700,284,4
2026-06-12,600036,13:23:53,39.2700,60,2
2026-06-12,600036,13:23:56,39.2700,60,2
2026-06-12,600036,13:23:59,39.2800,30,1
2026-06-12,600036,13:24:02,39.2700,156,2
2026-06-12,600036,13:24:05,39.2800,231,1
2026-06-12,600036,13:24:08,39.2700,174,2
2026-06-12,600036,13:24:11,39.2700,179,2
2026-06-12,600036,13:24:14,39.2800,78,1
2026-06-12,600036,13:24:17,39.2800,3533,1
2026-06-12,600036,13:24:20,39.2800,1906,2
2026-06-12,600036,13:24:23,39.2900,137,1
2026-06-12,600036,13:24:26,39.3000,321,1
2026-06-12,600036,13:24:29,39.3000,227,1
2026-06-12,600036,13:24:32,39.2900,220,2
2026-06-12,600036,13:24:35,39.2900,110,2
2026-06-12,600036,13:24:38,39.2900,64,2
2026-06-12,600036,13:24:41,39.2900,53,2
2026-06-12,600036,13:24:44,39.2900,1026,2
2026-06-12,600036,13:24:47,39.2800,26,2
2026-06-12,600036,13:24:50,39.2800,73,2
2026-06-12,600036,13:24:53,39.2800,88,2
2026-06-12,600036,13:24:56,39.2800,79,2
2026-06-12,600036,13:24:59,39.2800,151,2
2026-06-12,600036,13:25:02,39.2900,601,1
2026-06-12,600036,13:25:05,39.2900,296,2
2026-06-12,600036,13:25:08,39.2900,173,2
2026-06-12,600036,13:25:11,39.3000,233,1
2026-06-12,600036,13:25:14,39.2900,276,2
2026-06-12,600036,13:25:17,39.2900,191,2
2026-06-12,600036,13:25:20,39.2900,190,2
2026-06-12,600036,13:25:23,39.2900,53,2
2026-06-12,600036,13:25:26,39.2900,140,2
2026-06-12,600036,13:25:29,39.2900,230,2
2026-06-12,600036,13:25:32,39.2900,122,1
2026-06-12,600036,13:25:35,39.2800,179,2
2026-06-12,600036,13:25:38,39.2800,50,2
2026-06-12,600036,13:25:41,39.2900,113,1
2026-06-12,600036,13:25:44,39.2800,117,2
2026-06-12,600036,13:25:47,39.2900,43,1
2026-06-12,600036,13:25:50,39.2900,317,1
2026-06-12,600036,13:25:53,39.2800,893,2
2026-06-12,600036,13:25:56,39.2900,662,1
2026-06-12,600036,13:25:59,39.2900,156,1
2026-06-12,600036,13:26:02,39.2900,204,2
2026-06-12,600036,13:26:05,39.3000,516,1
2026-06-12,600036,13:26:08,39.3000,380,1
2026-06-12,600036,13:26:11,39.3000,4467,1
2026-06-12,600036,13:26:14,39.3000,1791,1
2026-06-12,600036,13:26:17,39.3100,1411,1
2026-06-12,600036,13:26:20,39.3300,1231,1
2026-06-12,600036,13:26:23,39.3200,190,2
2026-06-12,600036,13:26:26,39.3200,108,2
2026-06-12,600036,13:26:29,39.3100,1413,2
2026-06-12,600036,13:26:32,39.3200,87,1
2026-06-12,600036,13:26:35,39.3100,24,2
2026-06-12,600036,13:26:38,39.3100,57,2
2026-06-12,600036,13:26:41,39.3200,352,1
2026-06-12,600036,13:26:44,39.3100,146,2
2026-06-12,600036,13:26:47,39.3100,150,1
2026-06-12,600036,13:26:50,39.3000,50,2
2026-06-12,600036,13:26:53,39.3000,23,1
2026-06-12,600036,13:26:56,39.3000,77,1
2026-06-12,600036,13:26:59,39.3000,77,1
2026-06-12,600036,13:27:02,39.2900,93,2
2026-06-12,600036,13:27:05,39.3000,154,1
2026-06-12,600036,13:27:08,39.2900,68,2
2026-06-12,600036,13:27:11,39.3000,232,1
2026-06-12,600036,13:27:14,39.3000,142,1
2026-06-12,600036,13:27:17,39.3300,1540,1
2026-06-12,600036,13:27:20,39.3400,1209,1
2026-06-12,600036,13:27:23,39.3300,1063,2
2026-06-12,600036,13:27:26,39.3300,121,2
2026-06-12,600036,13:27:29,39.3300,91,2
2026-06-12,600036,13:27:32,39.3400,408,1
2026-06-12,600036,13:27:35,39.3300,345,2
2026-06-12,600036,13:27:38,39.3400,219,1
2026-06-12,600036,13:27:41,39.3400,163,1
2026-06-12,600036,13:27:44,39.3300,38,2
2026-06-12,600036,13:27:47,39.3400,110,1
2026-06-12,600036,13:27:50,39.3300,39,2
2026-06-12,600036,13:27:53,39.3400,118,1
2026-06-12,600036,13:27:56,39.3300,229,2
2026-06-12,600036,13:27:59,39.3300,108,2
2026-06-12,600036,13:28:02,39.3300,76,2
2026-06-12,600036,13:28:05,39.3400,225,1
2026-06-12,600036,13:28:08,39.3400,194,1
2026-06-12,600036,13:28:11,39.3400,201,2
2026-06-12,600036,13:28:14,39.3300,18,2
2026-06-12,600036,13:28:17,39.3300,23,2
2026-06-12,600036,13:28:20,39.3300,71,2
2026-06-12,600036,13:28:23,39.3300,169,2
2026-06-12,600036,13:28:26,39.3300,130,2
2026-06-12,600036,13:28:29,39.3300,464,2
2026-06-12,600036,13:28:32,39.3300,414,2
2026-06-12,600036,13:28:35,39.3200,7,2
2026-06-12,600036,13:28:38,39.3200,260,2
2026-06-12,600036,13:28:41,39.3200,66,2
2026-06-12,600036,13:28:44,39.3300,212,1
2026-06-12,600036,13:28:47,39.3200,152,2
2026-06-12,600036,13:28:50,39.3200,423,1
2026-06-12,600036,13:28:53,39.3100,107,2
2026-06-12,600036,13:28:56,39.3200,47,1
2026-06-12,600036,13:28:59,39.3100,120,2
2026-06-12,600036,13:29:02,39.3300,142,1
2026-06-12,600036,13:29:05,39.3300,133,1
2026-06-12,600036,13:29:08,39.3200,33,2
2026-06-12,600036,13:29:11,39.3300,184,1
2026-06-12,600036,13:29:14,39.3200,146,2
2026-06-12,600036,13:29:17,39.3200,302,1
2026-06-12,600036,13:29:20,39.3200,92,1
2026-06-12,600036,13:29:23,39.3200,162,2
2026-06-12,600036,13:29:26,39.3100,46,2
2026-06-12,600036,13:29:29,39.3100,184,2
2026-06-12,600036,13:29:32,39.3100,85,2
2026-06-12,600036,13:29:35,39.3200,240,1
2026-06-12,600036,13:29:38,39.3100,273,2
2026-06-12,600036,13:29:41,39.3200,65,1
2026-06-12,600036,13:29:44,39.3100,308,2
2026-06-12,600036,13:29:47,39.3100,126,2
2026-06-12,600036,13:29:50,39.3100,384,2
2026-06-12,600036,13:29:53,39.3100,50,2
2026-06-12,600036,13:29:56,39.3300,1864,1
2026-06-12,600036,13:29:59,39.3300,155,2
2026-06-12,600036,13:30:02,39.3300,117,2
2026-06-12,600036,13:30:05,39.3300,184,2
2026-06-12,600036,13:30:08,39.3300,69,2
2026-06-12,600036,13:30:11,39.3200,105,2
2026-06-12,600036,13:30:14,39.3300,74,1
2026-06-12,600036,13:30:17,39.3400,166,1
2026-06-12,600036,13:30:20,39.3300,62,4
2026-06-12,600036,13:30:23,39.3300,268,1
2026-06-12,600036,13:30:26,39.3400,192,1
2026-06-12,600036,13:30:29,39.3400,191,1
2026-06-12,600036,13:30:32,39.3300,307,2
2026-06-12,600036,13:30:35,39.3400,198,1
2026-06-12,600036,13:30:38,39.3300,130,2
2026-06-12,600036,13:30:41,39.3300,96,2
2026-06-12,600036,13:30:44,39.3300,76,2
2026-06-12,600036,13:30:47,39.3400,310,1
2026-06-12,600036,13:30:50,39.3400,127,1
2026-06-12,600036,13:30:53,39.3300,209,2
2026-06-12,600036,13:30:56,39.3300,313,2
2026-06-12,600036,13:30:59,39.3200,924,2
2026-06-12,600036,13:31:02,39.3000,541,2
2026-06-12,600036,13:31:05,39.2900,48,2
2026-06-12,600036,13:31:08,39.2900,132,2
2026-06-12,600036,13:31:11,39.2900,94,2
2026-06-12,600036,13:31:14,39.2900,113,2
2026-06-12,600036,13:31:17,39.2900,258,2
2026-06-12,600036,13:31:20,39.2900,238,2
2026-06-12,600036,13:31:23,39.2800,34,2
2026-06-12,600036,13:31:26,39.2700,189,2
2026-06-12,600036,13:31:29,39.2700,61,2
2026-06-12,600036,13:31:32,39.2600,62,2
2026-06-12,600036,13:31:35,39.2600,113,1
2026-06-12,600036,13:31:38,39.2600,104,1
2026-06-12,600036,13:31:41,39.2600,203,1
2026-06-12,600036,13:31:44,39.2500,133,2
2026-06-12,600036,13:31:47,39.2500,101,2
2026-06-12,600036,13:31:50,39.2500,144,2
2026-06-12,600036,13:31:53,39.2500,329,2
2026-06-12,600036,13:31:56,39.2500,54,2
2026-06-12,600036,13:31:59,39.2500,552,2
2026-06-12,600036,13:32:02,39.2600,110,1
2026-06-12,600036,13:32:05,39.2600,179,1
2026-06-12,600036,13:32:08,39.2500,33,2
2026-06-12,600036,13:32:11,39.2500,76,2
2026-06-12,600036,13:32:14,39.2500,147,2
2026-06-12,600036,13:32:17,39.2500,36,1
2026-06-12,600036,13:32:20,39.2400,54,2
2026-06-12,600036,13:32:23,39.2500,231,1
2026-06-12,600036,13:32:26,39.2500,299,1
2026-06-12,600036,13:32:29,39.2500,213,2
2026-06-12,600036,13:32:32,39.2500,145,2
2026-06-12,600036,13:32:35,39.2500,326,2
2026-06-12,600036,13:32:38,39.2500,245,1
2026-06-12,600036,13:32:41,39.2500,141,2
2026-06-12,600036,13:32:44,39.2400,276,2
2026-06-12,600036,13:32:47,39.2500,601,1
2026-06-12,600036,13:32:50,39.2500,368,2
2026-06-12,600036,13:32:53,39.2600,239,1
2026-06-12,600036,13:32:56,39.2600,196,2
2026-06-12,600036,13:32:59,39.2500,54,2
2026-06-12,600036,13:33:02,39.2500,30,2
2026-06-12,600036,13:33:05,39.2500,60,2
2026-06-12,600036,13:33:08,39.2500,251,2
2026-06-12,600036,13:33:11,39.2400,28,2
2026-06-12,600036,13:33:14,39.2400,46,2
2026-06-12,600036,13:33:17,39.2500,102,1
2026-06-12,600036,13:33:20,39.2400,54,2
2026-06-12,600036,13:33:23,39.2600,641,1
2026-06-12,600036,13:33:26,39.2700,123,1
2026-06-12,600036,13:33:29,39.2700,368,1
2026-06-12,600036,13:33:32,39.2800,368,1
2026-06-12,600036,13:33:35,39.2900,898,1
2026-06-12,600036,13:33:38,39.2800,24,2
2026-06-12,600036,13:33:41,39.2800,9,2
2026-06-12,600036,13:33:44,39.2800,265,2
2026-06-12,600036,13:33:47,39.2900,156,1
2026-06-12,600036,13:33:50,39.2800,200,2
2026-06-12,600036,13:33:53,39.3000,143,1
2026-06-12,600036,13:33:56,39.3000,115,1
2026-06-12,600036,13:33:59,39.3000,150,1
2026-06-12,600036,13:34:02,39.2900,106,2
2026-06-12,600036,13:34:05,39.2900,167,2
2026-06-12,600036,13:34:08,39.2900,223,2
2026-06-12,600036,13:34:11,39.3000,179,1
2026-06-12,600036,13:34:14,39.2900,87,2
2026-06-12,600036,13:34:17,39.3000,117,1
2026-06-12,600036,13:34:20,39.2900,59,2
2026-06-12,600036,13:34:23,39.3000,319,1
2026-06-12,600036,13:34:26,39.3000,166,1
2026-06-12,600036,13:34:29,39.2900,395,2
2026-06-12,600036,13:34:32,39.2800,198,2
2026-06-12,600036,13:34:35,39.2800,43,2
2026-06-12,600036,13:34:38,39.2800,67,2
2026-06-12,600036,13:34:41,39.2800,173,2
2026-06-12,600036,13:34:44,39.2900,569,1
2026-06-12,600036,13:34:47,39.2900,376,2
2026-06-12,600036,13:34:50,39.3000,232,1
2026-06-12,600036,13:34:53,39.3000,466,1
2026-06-12,600036,13:34:56,39.2900,224,2
2026-06-12,600036,13:34:59,39.2900,190,2
2026-06-12,600036,13:35:02,39.3100,2262,1
2026-06-12,600036,13:35:05,39.3100,479,1
2026-06-12,600036,13:35:08,39.3300,826,1
2026-06-12,600036,13:35:11,39.3200,540,2
2026-06-12,600036,13:35:14,39.3300,129,1
2026-06-12,600036,13:35:17,39.3300,97,2
2026-06-12,600036,13:35:20,39.3300,615,2
2026-06-12,600036,13:35:23,39.3300,64,2
2026-06-12,600036,13:35:26,39.3300,274,2
2026-06-12,600036,13:35:29,39.3300,284,2
2026-06-12,600036,13:35:32,39.3500,815,1
2026-06-12,600036,13:35:35,39.3500,383,1
2026-06-12,600036,13:35:38,39.3400,546,2
2026-06-12,600036,13:35:41,39.3400,45,2
2026-06-12,600036,13:35:44,39.3400,254,2
2026-06-12,600036,13:35:47,39.3400,39,1
2026-06-12,600036,13:35:50,39.3300,98,2
2026-06-12,600036,13:35:53,39.3300,572,2
2026-06-12,600036,13:35:56,39.3300,107,2
2026-06-12,600036,13:35:59,39.3300,206,2
2026-06-12,600036,13:36:02,39.3400,22,1
2026-06-12,600036,13:36:05,39.3300,145,2
2026-06-12,600036,13:36:08,39.3300,83,1
2026-06-12,600036,13:36:11,39.3200,52,2
2026-06-12,600036,13:36:14,39.3200,121,2
2026-06-12,600036,13:36:17,39.3300,253,1
2026-06-12,600036,13:36:20,39.3300,376,1
2026-06-12,600036,13:36:23,39.3300,149,1
2026-06-12,600036,13:36:26,39.3300,105,2
2026-06-12,600036,13:36:29,39.3400,202,1
2026-06-12,600036,13:36:32,39.3300,146,2
2026-06-12,600036,13:36:35,39.3300,60,2
2026-06-12,600036,13:36:38,39.3300,168,2
2026-06-12,600036,13:36:41,39.3300,78,2
2026-06-12,600036,13:36:44,39.3300,225,2
2026-06-12,600036,13:36:47,39.3200,30,2
2026-06-12,600036,13:36:50,39.3200,62,2
2026-06-12,600036,13:36:53,39.3200,83,2
2026-06-12,600036,13:36:56,39.3200,37,2
2026-06-12,600036,13:36:59,39.3200,104,2
2026-06-12,600036,13:37:02,39.3200,210,2
2026-06-12,600036,13:37:05,39.3300,412,1
2026-06-12,600036,13:37:08,39.3300,277,2
2026-06-12,600036,13:37:11,39.3300,199,2
2026-06-12,600036,13:37:14,39.3400,517,1
2026-06-12,600036,13:37:17,39.3300,75,2
2026-06-12,600036,13:37:20,39.3300,58,2
2026-06-12,600036,13:37:23,39.3400,128,1
2026-06-12,600036,13:37:26,39.3300,358,2
2026-06-12,600036,13:37:29,39.3400,62,1
2026-06-12,600036,13:37:32,39.3300,94,2
2026-06-12,600036,13:37:35,39.3300,109,2
2026-06-12,600036,13:37:38,39.3300,120,2
2026-06-12,600036,13:37:41,39.3200,52,2
2026-06-12,600036,13:37:44,39.3300,5,1
2026-06-12,600036,13:37:47,39.3300,149,1
2026-06-12,600036,13:37:50,39.3300,79,1
2026-06-12,600036,13:37:53,39.3300,112,1
2026-06-12,600036,13:37:56,39.3300,110,1
2026-06-12,600036,13:37:59,39.3200,55,2
2026-06-12,600036,13:38:02,39.3300,173,1
2026-06-12,600036,13:38:05,39.3200,122,2
2026-06-12,600036,13:38:08,39.3200,295,2
2026-06-12,600036,13:38:11,39.3100,236,2
2026-06-12,600036,13:38:14,39.3100,85,2
2026-06-12,600036,13:38:17,39.3100,56,2
2026-06-12,600036,13:38:20,39.3100,9,2
2026-06-12,600036,13:38:23,39.3100,29,2
2026-06-12,600036,13:38:26,39.3100,48,2
2026-06-12,600036,13:38:29,39.3100,39,2
2026-06-12,600036,13:38:32,39.3100,80,2
2026-06-12,600036,13:38:35,39.3100,103,2
2026-06-12,600036,13:38:38,39.3100,75,2
2026-06-12,600036,13:38:41,39.3100,115,2
2026-06-12,600036,13:38:44,39.3100,220,2
2026-06-12,600036,13:38:47,39.3100,151,2
2026-06-12,600036,13:38:50,39.3000,9,2
2026-06-12,600036,13:38:53,39.3000,124,2
2026-06-12,600036,13:38:56,39.3000,79,2
2026-06-12,600036,13:38:59,39.3000,280,2
2026-06-12,600036,13:39:02,39.3000,166,2
2026-06-12,600036,13:39:05,39.2900,34,2
2026-06-12,600036,13:39:08,39.2900,155,2
2026-06-12,600036,13:39:11,39.2900,112,2
2026-06-12,600036,13:39:14,39.2800,212,2
2026-06-12,600036,13:39:17,39.2800,25,2
2026-06-12,600036,13:39:20,39.2800,158,2
2026-06-12,600036,13:39:23,39.2700,159,2
2026-06-12,600036,13:39:26,39.2700,25,1
2026-06-12,600036,13:39:29,39.2500,214,2
2026-06-12,600036,13:39:32,39.2600,50,4
2026-06-12,600036,13:39:35,39.2600,51,2
2026-06-12,600036,13:39:38,39.2500,142,2
2026-06-12,600036,13:39:41,39.2600,39,1
2026-06-12,600036,13:39:44,39.2400,118,2
2026-06-12,600036,13:39:47,39.2600,261,1
2026-06-12,600036,13:39:50,39.2500,323,2
2026-06-12,600036,13:39:53,39.2400,145,2
2026-06-12,600036,13:39:56,39.2500,284,1
2026-06-12,600036,13:39:59,39.2400,81,2
2026-06-12,600036,13:40:02,39.2400,478,2
2026-06-12,600036,13:40:05,39.2400,83,1
2026-06-12,600036,13:40:08,39.2400,124,1
2026-06-12,600036,13:40:11,39.2400,106,2
2026-06-12,600036,13:40:14,39.2500,377,1
2026-06-12,600036,13:40:17,39.2500,371,4
2026-06-12,600036,13:40:20,39.2800,591,1
2026-06-12,600036,13:40:23,39.2700,42,2
2026-06-12,600036,13:40:26,39.2700,199,2
2026-06-12,600036,13:40:29,39.2700,73,2
2026-06-12,600036,13:40:32,39.2700,87,2
2026-06-12,600036,13:40:35,39.2600,31,2
2026-06-12,600036,13:40:38,39.2500,135,2
2026-06-12,600036,13:40:41,39.2600,95,1
2026-06-12,600036,13:40:44,39.2500,20,2
2026-06-12,600036,13:40:47,39.2500,251,2
2026-06-12,600036,13:40:50,39.2400,835,2
2026-06-12,600036,13:40:53,39.2800,274,1
2026-06-12,600036,13:40:56,39.2700,329,2
2026-06-12,600036,13:40:59,39.2700,69,2
2026-06-12,600036,13:41:02,39.2700,104,2
2026-06-12,600036,13:41:05,39.2700,59,2
2026-06-12,600036,13:41:08,39.2700,121,2
2026-06-12,600036,13:41:11,39.2700,197,2
2026-06-12,600036,13:41:14,39.2600,269,2
2026-06-12,600036,13:41:17,39.2600,98,1
2026-06-12,600036,13:41:20,39.2500,81,2
2026-06-12,600036,13:41:23,39.2700,1371,1
2026-06-12,600036,13:41:26,39.2600,199,2
2026-06-12,600036,13:41:29,39.2600,1870,2
2026-06-12,600036,13:41:32,39.2700,250,1
2026-06-12,600036,13:41:35,39.2700,122,1
2026-06-12,600036,13:41:38,39.2900,174,1
2026-06-12,600036,13:41:41,39.2600,917,2
2026-06-12,600036,13:41:44,39.2500,299,2
2026-06-12,600036,13:41:47,39.2600,11,2
2026-06-12,600036,13:41:50,39.2600,32,2
2026-06-12,600036,13:41:53,39.2600,296,2
2026-06-12,600036,13:41:56,39.2500,319,2
2026-06-12,600036,13:41:59,39.2600,185,4
2026-06-12,600036,13:42:02,39.2700,202,1
2026-06-12,600036,13:42:05,39.2700,174,2
2026-06-12,600036,13:42:08,39.2700,1213,2
2026-06-12,600036,13:42:11,39.2700,67,2
2026-06-12,600036,13:42:14,39.2600,236,2
2026-06-12,600036,13:42:17,39.2600,5,1
2026-06-12,600036,13:42:20,39.2700,1796,1
2026-06-12,600036,13:42:23,39.2700,105,2
2026-06-12,600036,13:42:26,39.2700,63,2
2026-06-12,600036,13:42:29,39.2700,227,1
2026-06-12,600036,13:42:32,39.2700,42,1
2026-06-12,600036,13:42:35,39.2600,57,2
2026-06-12,600036,13:42:38,39.2600,63,2
2026-06-12,600036,13:42:41,39.2600,104,2
2026-06-12,600036,13:42:44,39.2600,152,2
2026-06-12,600036,13:42:47,39.2500,104,2
2026-06-12,600036,13:42:50,39.2500,381,2
2026-06-12,600036,13:42:53,39.2500,90,2
2026-06-12,600036,13:42:56,39.2500,65,2
2026-06-12,600036,13:42:59,39.2500,108,2
2026-06-12,600036,13:43:02,39.2600,72,1
2026-06-12,600036,13:43:05,39.2500,135,2
2026-06-12,600036,13:43:08,39.2600,76,1
2026-06-12,600036,13:43:11,39.2500,96,2
2026-06-12,600036,13:43:14,39.2500,243,2
2026-06-12,600036,13:43:17,39.2500,51,2
2026-06-12,600036,13:43:20,39.2500,38,1
2026-06-12,600036,13:43:23,39.2400,67,2
2026-06-12,600036,13:43:26,39.2400,49,2
2026-06-12,600036,13:43:29,39.2400,112,2
2026-06-12,600036,13:43:32,39.2300,775,2
2026-06-12,600036,13:43:35,39.2200,76,2
2026-06-12,600036,13:43:38,39.2200,448,2
2026-06-12,600036,13:43:41,39.2300,68,1
2026-06-12,600036,13:43:44,39.2200,201,2
2026-06-12,600036,13:43:47,39.2100,283,2
2026-06-12,600036,13:43:50,39.2100,40,2
2026-06-12,600036,13:43:53,39.2200,40,1
2026-06-12,600036,13:43:56,39.2100,458,2
2026-06-12,600036,13:43:59,39.2100,658,2
2026-06-12,600036,13:44:02,39.2100,458,2
2026-06-12,600036,13:44:05,39.1900,290,2
2026-06-12,600036,13:44:08,39.1900,298,2
2026-06-12,600036,13:44:11,39.2500,998,1
2026-06-12,600036,13:44:14,39.2400,495,2
2026-06-12,600036,13:44:17,39.1800,374,2
2026-06-12,600036,13:44:20,39.1800,303,2
2026-06-12,600036,13:44:23,39.1800,413,2
2026-06-12,600036,13:44:26,39.1800,286,2
2026-06-12,600036,13:44:29,39.1800,456,2
2026-06-12,600036,13:44:32,39.1900,84,2
2026-06-12,600036,13:44:35,39.2100,75,1
2026-06-12,600036,13:44:38,39.2200,38,1
2026-06-12,600036,13:44:41,39.2200,44,2
2026-06-12,600036,13:44:44,39.2300,254,1
2026-06-12,600036,13:44:47,39.2500,292,1
2026-06-12,600036,13:44:50,39.2400,30,4
2026-06-12,600036,13:44:53,39.2500,837,1
2026-06-12,600036,13:44:56,39.2500,117,1
2026-06-12,600036,13:44:59,39.2500,307,2
2026-06-12,600036,13:45:02,39.2500,127,2
2026-06-12,600036,13:45:05,39.2500,108,2
2026-06-12,600036,13:45:08,39.2500,88,1
2026-06-12,600036,13:45:11,39.2400,13,2
2026-06-12,600036,13:45:14,39.2400,136,2
2026-06-12,600036,13:45:17,39.2400,41,2
2026-06-12,600036,13:45:20,39.2600,615,1
2026-06-12,600036,13:45:23,39.2500,132,2
2026-06-12,600036,13:45:26,39.2600,332,1
2026-06-12,600036,13:45:29,39.2700,229,1
2026-06-12,600036,13:45:32,39.2700,198,1
2026-06-12,600036,13:45:35,39.2600,898,2
2026-06-12,600036,13:45:38,39.2700,245,1
2026-06-12,600036,13:45:41,39.2700,75,2
2026-06-12,600036,13:45:44,39.2700,290,2
2026-06-12,600036,13:45:47,39.2700,328,2
2026-06-12,600036,13:45:50,39.2700,177,2
2026-06-12,600036,13:45:53,39.2700,118,2
2026-06-12,600036,13:45:56,39.2700,87,2
2026-06-12,600036,13:45:59,39.2800,163,1
2026-06-12,600036,13:46:02,39.2800,80,2
2026-06-12,600036,13:46:05,39.2800,89,2
2026-06-12,600036,13:46:08,39.2800,83,2
2026-06-12,600036,13:46:11,39.2800,111,2
2026-06-12,600036,13:46:14,39.2800,46,2
2026-06-12,600036,13:46:17,39.2800,1335,2
2026-06-12,600036,13:46:20,39.2700,5,4
2026-06-12,600036,13:46:23,39.2600,32,2
2026-06-12,600036,13:46:26,39.2700,32,1
2026-06-12,600036,13:46:29,39.2700,16,1
2026-06-12,600036,13:46:32,39.2700,54,1
2026-06-12,600036,13:46:35,39.2600,73,2
2026-06-12,600036,13:46:38,39.2600,65,2
2026-06-12,600036,13:46:41,39.2600,81,2
2026-06-12,600036,13:46:44,39.2600,35,2
2026-06-12,600036,13:46:47,39.2600,220,2
2026-06-12,600036,13:46:50,39.2700,65,1
2026-06-12,600036,13:46:53,39.2600,87,1
2026-06-12,600036,13:46:56,39.2500,137,2
2026-06-12,600036,13:46:59,39.2500,49,2
2026-06-12,600036,13:47:02,39.2500,251,2
2026-06-12,600036,13:47:05,39.2400,50,2
2026-06-12,600036,13:47:08,39.2400,114,2
2026-06-12,600036,13:47:11,39.2500,124,1
2026-06-12,600036,13:47:14,39.2400,30,2
2026-06-12,600036,13:47:17,39.2400,41,2
2026-06-12,600036,13:47:20,39.2400,87,1
2026-06-12,600036,13:47:23,39.2400,66,1
2026-06-12,600036,13:47:26,39.2400,60,4
2026-06-12,600036,13:47:29,39.2500,264,1
2026-06-12,600036,13:47:32,39.2400,37,2
2026-06-12,600036,13:47:35,39.2400,101,2
2026-06-12,600036,13:47:38,39.2400,33,2
2026-06-12,600036,13:47:41,39.2400,147,2
2026-06-12,600036,13:47:44,39.2400,38,2
2026-06-12,600036,13:47:47,39.2400,153,2
2026-06-12,600036,13:47:50,39.2400,25,2
2026-06-12,600036,13:47:53,39.2300,84,2
2026-06-12,600036,13:47:56,39.2300,1,2
2026-06-12,600036,13:47:59,39.2300,1,2
2026-06-12,600036,13:48:02,39.2400,58,1
2026-06-12,600036,13:48:05,39.2300,49,2
2026-06-12,600036,13:48:08,39.2300,36,2
2026-06-12,600036,13:48:11,39.2300,137,2
2026-06-12,600036,13:48:14,39.2300,160,2
2026-06-12,600036,13:48:17,39.2400,150,1
2026-06-12,600036,13:48:20,39.2300,154,2
2026-06-12,600036,13:48:23,39.2300,1,2
2026-06-12,600036,13:48:26,39.2300,24,2
2026-06-12,600036,13:48:29,39.2300,178,2
2026-06-12,600036,13:48:32,39.2400,162,1
2026-06-12,600036,13:48:35,39.2300,144,2
2026-06-12,600036,13:48:38,39.2300,149,2
2026-06-12,600036,13:48:41,39.2200,8,2
2026-06-12,600036,13:48:44,39.2200,12,2
2026-06-12,600036,13:48:47,39.2200,241,2
2026-06-12,600036,13:48:50,39.2200,84,2
2026-06-12,600036,13:48:53,39.2200,15,4
2026-06-12,600036,13:48:56,39.2200,210,1
2026-06-12,600036,13:48:59,39.2200,223,2
2026-06-12,600036,13:49:02,39.2200,140,2
2026-06-12,600036,13:49:05,39.2400,503,1
2026-06-12,600036,13:49:08,39.2400,35,2
2026-06-12,600036,13:49:11,39.2400,134,2
2026-06-12,600036,13:49:14,39.2400,6,2
2026-06-12,600036,13:49:17,39.2500,18,1
2026-06-12,600036,13:49:20,39.2400,31,2
2026-06-12,600036,13:49:23,39.2400,42,2
2026-06-12,600036,13:49:26,39.2500,4,1
2026-06-12,600036,13:49:29,39.2400,182,2
2026-06-12,600036,13:49:32,39.2500,41,1
2026-06-12,600036,13:49:35,39.2400,79,2
2026-06-12,600036,13:49:38,39.2500,73,1
2026-06-12,600036,13:49:41,39.2500,73,1
2026-06-12,600036,13:49:44,39.2500,36,1
2026-06-12,600036,13:49:47,39.2400,267,2
2026-06-12,600036,13:49:50,39.2500,180,1
2026-06-12,600036,13:49:53,39.2500,221,1
2026-06-12,600036,13:49:56,39.2400,17,2
2026-06-12,600036,13:49:59,39.2500,119,1
2026-06-12,600036,13:50:02,39.2600,875,1
2026-06-12,600036,13:50:05,39.2500,262,2
2026-06-12,600036,13:50:08,39.2500,104,2
2026-06-12,600036,13:50:11,39.2500,52,2
2026-06-12,600036,13:50:14,39.2600,163,1
2026-06-12,600036,13:50:17,39.2600,96,1
2026-06-12,600036,13:50:20,39.2600,66,1
2026-06-12,600036,13:50:23,39.2600,68,1
2026-06-12,600036,13:50:26,39.2500,73,2
2026-06-12,600036,13:50:29,39.2600,61,1
2026-06-12,600036,13:50:32,39.2500,424,2
2026-06-12,600036,13:50:35,39.2500,40,2
2026-06-12,600036,13:50:38,39.2600,142,1
2026-06-12,600036,13:50:41,39.2500,10,2
2026-06-12,600036,13:50:44,39.2500,19,2
2026-06-12,600036,13:50:47,39.2600,227,1
2026-06-12,600036,13:50:50,39.2500,21,2
2026-06-12,600036,13:50:53,39.2500,63,2
2026-06-12,600036,13:50:56,39.2500,460,2
2026-06-12,600036,13:50:59,39.2300,765,2
2026-06-12,600036,13:51:02,39.2200,50,2
2026-06-12,600036,13:51:05,39.2200,130,2
2026-06-12,600036,13:51:08,39.2100,153,2
2026-06-12,600036,13:51:11,39.2400,121,1
2026-06-12,600036,13:51:14,39.2200,107,2
2026-06-12,600036,13:51:17,39.2300,13,1
2026-06-12,600036,13:51:20,39.2300,189,1
2026-06-12,600036,13:51:23,39.2300,632,1
2026-06-12,600036,13:51:26,39.2300,58,2
2026-06-12,600036,13:51:29,39.2300,70,2
2026-06-12,600036,13:51:32,39.2500,238,1
2026-06-12,600036,13:51:35,39.2400,47,2
2026-06-12,600036,13:51:38,39.2400,36,2
2026-06-12,600036,13:51:41,39.2500,142,1
2026-06-12,600036,13:51:44,39.2400,109,2
2026-06-12,600036,13:51:47,39.2400,73,2
2026-06-12,600036,13:51:50,39.2400,99,2
2026-06-12,600036,13:51:53,39.2400,41,2
2026-06-12,600036,13:51:56,39.2400,104,2
2026-06-12,600036,13:51:59,39.2400,36,2
2026-06-12,600036,13:52:02,39.2500,568,1
2026-06-12,600036,13:52:05,39.2400,63,2
2026-06-12,600036,13:52:08,39.2400,253,2
2026-06-12,600036,13:52:11,39.2400,69,2
2026-06-12,600036,13:52:14,39.2400,16,2
2026-06-12,600036,13:52:17,39.2400,79,2
2026-06-12,600036,13:52:20,39.2400,34,1
2026-06-12,600036,13:52:23,39.2300,116,2
2026-06-12,600036,13:52:26,39.2400,14,1
2026-06-12,600036,13:52:29,39.2400,20,1
2026-06-12,600036,13:52:32,39.2300,153,2
2026-06-12,600036,13:52:35,39.2000,397,2
2026-06-12,600036,13:52:38,39.2200,55,1
2026-06-12,600036,13:52:41,39.2000,305,2
2026-06-12,600036,13:52:44,39.2200,168,1
2026-06-12,600036,13:52:47,39.2200,231,2
2026-06-12,600036,13:52:50,39.2000,204,2
2026-06-12,600036,13:52:53,39.2000,313,1
2026-06-12,600036,13:52:56,39.2100,162,2
2026-06-12,600036,13:52:59,39.2100,426,4
2026-06-12,600036,13:53:02,39.2300,321,1
2026-06-12,600036,13:53:05,39.2300,49,4
2026-06-12,600036,13:53:08,39.2300,245,2
2026-06-12,600036,13:53:11,39.2200,42,2
2026-06-12,600036,13:53:14,39.2200,97,2
2026-06-12,600036,13:53:17,39.2200,20,2
2026-06-12,600036,13:53:20,39.2200,22,2
2026-06-12,600036,13:53:23,39.2200,56,2
2026-06-12,600036,13:53:26,39.2200,131,2
2026-06-12,600036,13:53:29,39.2200,6,2
2026-06-12,600036,13:53:32,39.2200,97,2
2026-06-12,600036,13:53:35,39.2200,135,2
2026-06-12,600036,13:53:38,39.2200,220,2
2026-06-12,600036,13:53:41,39.2200,25,2
2026-06-12,600036,13:53:44,39.2200,105,2
2026-06-12,600036,13:53:47,39.2200,132,2
2026-06-12,600036,13:53:50,39.2200,45,2
2026-06-12,600036,13:53:53,39.2200,119,2
2026-06-12,600036,13:53:56,39.2200,158,2
2026-06-12,600036,13:53:59,39.2200,71,2
2026-06-12,600036,13:54:02,39.2100,287,2
2026-06-12,600036,13:54:05,39.2200,450,1
2026-06-12,600036,13:54:08,39.2200,341,4
2026-06-12,600036,13:54:11,39.2300,231,1
2026-06-12,600036,13:54:14,39.2300,346,1
2026-06-12,600036,13:54:17,39.2200,834,2
2026-06-12,600036,13:54:20,39.2100,235,2
2026-06-12,600036,13:54:23,39.2200,855,1
2026-06-12,600036,13:54:26,39.2200,40,1
2026-06-12,600036,13:54:29,39.2100,272,2
2026-06-12,600036,13:54:32,39.2200,95,1
2026-06-12,600036,13:54:35,39.2200,151,1
2026-06-12,600036,13:54:38,39.2200,156,1
2026-06-12,600036,13:54:41,39.2200,53,1
2026-06-12,600036,13:54:44,39.2200,364,1
2026-06-12,600036,13:54:47,39.2100,519,2
2026-06-12,600036,13:54:50,39.2100,399,2
2026-06-12,600036,13:54:53,39.2200,1316,1
2026-06-12,600036,13:54:56,39.2200,256,1
2026-06-12,600036,13:54:59,39.2200,198,2
2026-06-12,600036,13:55:02,39.2200,78,1
2026-06-12,600036,13:55:05,39.2200,555,1
2026-06-12,600036,13:55:08,39.2100,119,2
2026-06-12,600036,13:55:11,39.2100,55,2
2026-06-12,600036,13:55:14,39.2100,9,1
2026-06-12,600036,13:55:17,39.2200,149,1
2026-06-12,600036,13:55:20,39.2100,116,4
2026-06-12,600036,13:55:23,39.2100,567,4
2026-06-12,600036,13:55:26,39.2200,652,1
2026-06-12,600036,13:55:29,39.2200,97,2
2026-06-12,600036,13:55:32,39.2200,469,2
2026-06-12,600036,13:55:35,39.2200,165,2
2026-06-12,600036,13:55:38,39.2300,147,1
2026-06-12,600036,13:55:41,39.2200,442,2
2026-06-12,600036,13:55:44,39.2400,84,1
2026-06-12,600036,13:55:47,39.2300,169,2
2026-06-12,600036,13:55:50,39.2300,41,2
2026-06-12,600036,13:55:53,39.2300,77,2
2026-06-12,600036,13:55:56,39.2300,150,2
2026-06-12,600036,13:55:59,39.2200,26,2
2026-06-12,600036,13:56:02,39.2300,68,1
2026-06-12,600036,13:56:05,39.2300,915,1
2026-06-12,600036,13:56:08,39.2300,40,1
2026-06-12,600036,13:56:11,39.2300,37,1
2026-06-12,600036,13:56:14,39.2300,65,1
2026-06-12,600036,13:56:17,39.2200,20,2
2026-06-12,600036,13:56:20,39.2200,210,2
2026-06-12,600036,13:56:23,39.2300,152,1
2026-06-12,600036,13:56:26,39.2200,108,2
2026-06-12,600036,13:56:29,39.2200,163,2
2026-06-12,600036,13:56:32,39.2200,181,2
2026-06-12,600036,13:56:35,39.2200,113,2
2026-06-12,600036,13:56:38,39.2200,22,2
2026-06-12,600036,13:56:41,39.2300,185,1
2026-06-12,600036,13:56:44,39.2200,148,2
2026-06-12,600036,13:56:47,39.2200,247,2
2026-06-12,600036,13:56:50,39.2200,82,2
2026-06-12,600036,13:56:53,39.2200,159,2
2026-06-12,600036,13:56:56,39.2200,147,2
2026-06-12,600036,13:56:59,39.2200,254,2
2026-06-12,600036,13:57:02,39.2200,116,2
2026-06-12,600036,13:57:05,39.2200,183,2
2026-06-12,600036,13:57:08,39.2300,135,1
2026-06-12,600036,13:57:11,39.2200,131,2
2026-06-12,600036,13:57:14,39.2300,402,1
2026-06-12,600036,13:57:17,39.2300,503,2
2026-06-12,600036,13:57:20,39.2500,360,1
2026-06-12,600036,13:57:23,39.2500,103,1
2026-06-12,600036,13:57:26,39.2400,119,2
2026-06-12,600036,13:57:29,39.2400,97,2
2026-06-12,600036,13:57:32,39.2400,65,1
2026-06-12,600036,13:57:35,39.2400,142,1
2026-06-12,600036,13:57:38,39.2400,100,1
2026-06-12,600036,13:57:41,39.2300,188,2
2026-06-12,600036,13:57:44,39.2400,496,1
2026-06-12,600036,13:57:47,39.2300,102,2
2026-06-12,600036,13:57:50,39.2400,39,1
2026-06-12,600036,13:57:53,39.2300,196,2
2026-06-12,600036,13:57:56,39.2300,87,2
2026-06-12,600036,13:57:59,39.2300,142,2
2026-06-12,600036,13:58:02,39.2400,55,4
2026-06-12,600036,13:58:05,39.2400,139,1
2026-06-12,600036,13:58:08,39.2400,92,2
2026-06-12,600036,13:58:11,39.2500,76,1
2026-06-12,600036,13:58:14,39.2400,20,2
2026-06-12,600036,13:58:17,39.2500,94,1
2026-06-12,600036,13:58:20,39.2400,165,2
2026-06-12,600036,13:58:23,39.2300,193,2
2026-06-12,600036,13:58:26,39.2500,87,1
2026-06-12,600036,13:58:29,39.2500,291,1
2026-06-12,600036,13:58:32,39.2500,175,1
2026-06-12,600036,13:58:35,39.2500,190,1
2026-06-12,600036,13:58:38,39.2500,192,1
2026-06-12,600036,13:58:41,39.2400,52,2
2026-06-12,600036,13:58:44,39.2400,23,2
2026-06-12,600036,13:58:47,39.2400,159,2
2026-06-12,600036,13:58:50,39.2400,121,2
2026-06-12,600036,13:58:53,39.2400,163,2
2026-06-12,600036,13:58:56,39.2500,108,1
2026-06-12,600036,13:58:59,39.2500,109,1
2026-06-12,600036,13:59:02,39.2500,276,1
2026-06-12,600036,13:59:05,39.2500,838,1
2026-06-12,600036,13:59:08,39.2600,47,2
2026-06-12,600036,13:59:11,39.2700,283,1
2026-06-12,600036,13:59:14,39.2700,112,1
2026-06-12,600036,13:59:17,39.2600,139,2
2026-06-12,600036,13:59:20,39.2600,142,2
2026-06-12,600036,13:59:23,39.2700,338,1
2026-06-12,600036,13:59:26,39.2600,52,2
2026-06-12,600036,13:59:29,39.2700,108,1
2026-06-12,600036,13:59:32,39.2700,164,2
2026-06-12,600036,13:59:35,39.2700,28,2
2026-06-12,600036,13:59:38,39.2700,306,2
2026-06-12,600036,13:59:41,39.2700,144,2
2026-06-12,600036,13:59:44,39.2800,162,1
2026-06-12,600036,13:59:47,39.2700,38,2
2026-06-12,600036,13:59:50,39.2700,61,2
2026-06-12,600036,13:59:53,39.2800,54,1
2026-06-12,600036,13:59:56,39.2700,51,2
2026-06-12,600036,13:59:59,39.2700,94,2
2026-06-12,600036,14:00:02,39.2700,186,2
2026-06-12,600036,14:00:05,39.2700,67,2
2026-06-12,600036,14:00:08,39.2800,162,1
2026-06-12,600036,14:00:11,39.2700,23,2
2026-06-12,600036,14:00:14,39.2700,368,2
2026-06-12,600036,14:00:17,39.2700,510,2
2026-06-12,600036,14:00:20,39.2600,14,2
2026-06-12,600036,14:00:23,39.2600,316,2
2026-06-12,600036,14:00:26,39.2600,66,2
2026-06-12,600036,14:00:29,39.2600,154,2
2026-06-12,600036,14:00:32,39.2600,52,1
2026-06-12,600036,14:00:35,39.2500,85,2
2026-06-12,600036,14:00:38,39.2600,63,1
2026-06-12,600036,14:00:41,39.2500,172,2
2026-06-12,600036,14:00:44,39.2500,110,2
2026-06-12,600036,14:00:47,39.2400,349,2
2026-06-12,600036,14:00:50,39.2400,38,2
2026-06-12,600036,14:00:53,39.2400,62,2
2026-06-12,600036,14:00:56,39.2400,293,2
2026-06-12,600036,14:00:59,39.2400,102,2
2026-06-12,600036,14:01:02,39.2400,664,1
2026-06-12,600036,14:01:05,39.2400,568,1
2026-06-12,600036,14:01:08,39.2500,281,4
2026-06-12,600036,14:01:11,39.2600,167,2
2026-06-12,600036,14:01:14,39.2600,186,1
2026-06-12,600036,14:01:17,39.2500,184,4
2026-06-12,600036,14:01:20,39.2500,76,1
2026-06-12,600036,14:01:23,39.2400,62,2
2026-06-12,600036,14:01:26,39.2400,44,1
2026-06-12,600036,14:01:29,39.2400,42,1
2026-06-12,600036,14:01:32,39.2400,20,1
2026-06-12,600036,14:01:35,39.2400,183,1
2026-06-12,600036,14:01:38,39.2400,7,1
2026-06-12,600036,14:01:41,39.2300,43,2
2026-06-12,600036,14:01:44,39.2400,16,1
2026-06-12,600036,14:01:47,39.2300,126,2
2026-06-12,600036,14:01:50,39.2400,38,1
2026-06-12,600036,14:01:53,39.2300,25,2
2026-06-12,600036,14:01:56,39.2400,39,1
2026-06-12,600036,14:01:59,39.2300,225,2
2026-06-12,600036,14:02:02,39.2400,300,1
2026-06-12,600036,14:02:05,39.2400,90,2
2026-06-12,600036,14:02:08,39.2500,144,1
2026-06-12,600036,14:02:11,39.2400,20,2
2026-06-12,600036,14:02:14,39.2500,18,1
2026-06-12,600036,14:02:17,39.2400,100,2
2026-06-12,600036,14:02:20,39.2400,61,2
2026-06-12,600036,14:02:23,39.2500,99,1
2026-06-12,600036,14:02:26,39.2500,97,1
2026-06-12,600036,14:02:29,39.2400,461,2
2026-06-12,600036,14:02:32,39.2400,213,1
2026-06-12,600036,14:02:35,39.2300,248,2
2026-06-12,600036,14:02:38,39.2300,62,2
2026-06-12,600036,14:02:41,39.2200,102,2
2026-06-12,600036,14:02:44,39.2200,111,2
2026-06-12,600036,14:02:47,39.2200,62,2
2026-06-12,600036,14:02:50,39.2200,58,2
2026-06-12,600036,14:02:53,39.2200,64,2
2026-06-12,600036,14:02:56,39.2200,148,1
2026-06-12,600036,14:02:59,39.2100,86,2
2026-06-12,600036,14:03:02,39.2100,101,2
2026-06-12,600036,14:03:05,39.2100,127,2
2026-06-12,600036,14:03:08,39.2100,477,2
2026-06-12,600036,14:03:11,39.2000,66,2
2026-06-12,600036,14:03:14,39.2000,43,2
2026-06-12,600036,14:03:17,39.2000,205,2
2026-06-12,600036,14:03:20,39.2100,130,1
2026-06-12,600036,14:03:23,39.2000,88,2
2026-06-12,600036,14:03:26,39.2000,229,2
2026-06-12,600036,14:03:29,39.2000,174,2
2026-06-12,600036,14:03:32,39.2000,103,2
2026-06-12,600036,14:03:35,39.2000,67,2
2026-06-12,600036,14:03:38,39.2000,68,2
2026-06-12,600036,14:03:41,39.2000,84,2
2026-06-12,600036,14:03:44,39.2000,137,2
2026-06-12,600036,14:03:47,39.2000,94,2
2026-06-12,600036,14:03:50,39.2000,218,1
2026-06-12,600036,14:03:53,39.2000,265,1
2026-06-12,600036,14:03:56,39.2000,53,1
2026-06-12,600036,14:03:59,39.2000,113,4
2026-06-12,600036,14:04:02,39.2000,52,1
2026-06-12,600036,14:04:05,39.2100,618,1
2026-06-12,600036,14:04:08,39.2200,37,4
2026-06-12,600036,14:04:11,39.2300,317,1
2026-06-12,600036,14:04:14,39.2200,127,2
2026-06-12,600036,14:04:17,39.2200,287,2
2026-06-12,600036,14:04:20,39.2300,51,1
2026-06-12,600036,14:04:23,39.2300,146,1
2026-06-12,600036,14:04:26,39.2400,310,1
2026-06-12,600036,14:04:29,39.2400,62,1
2026-06-12,600036,14:04:32,39.2400,181,1
2026-06-12,600036,14:04:35,39.2300,56,2
2026-06-12,600036,14:04:38,39.2400,140,1
2026-06-12,600036,14:04:41,39.2400,108,1
2026-06-12,600036,14:04:44,39.2300,64,2
2026-06-12,600036,14:04:47,39.2300,156,2
2026-06-12,600036,14:04:50,39.2300,36,2
2026-06-12,600036,14:04:53,39.2400,47,1
2026-06-12,600036,14:04:56,39.2300,23,2
2026-06-12,600036,14:04:59,39.2300,38,2
2026-06-12,600036,14:05:02,39.2200,608,2
2026-06-12,600036,14:05:05,39.2200,167,2
2026-06-12,600036,14:05:08,39.2200,221,2
2026-06-12,600036,14:05:11,39.2200,98,2
2026-06-12,600036,14:05:14,39.2100,145,2
2026-06-12,600036,14:05:17,39.2100,87,2
2026-06-12,600036,14:05:20,39.2000,8,2
2026-06-12,600036,14:05:23,39.2000,193,2
2026-06-12,600036,14:05:26,39.2000,24,2
2026-06-12,600036,14:05:29,39.2000,227,2
2026-06-12,600036,14:05:32,39.2000,338,2
2026-06-12,600036,14:05:35,39.2200,245,1
2026-06-12,600036,14:05:38,39.2200,148,2
2026-06-12,600036,14:05:41,39.2200,60,2
2026-06-12,600036,14:05:44,39.2200,203,2
2026-06-12,600036,14:05:47,39.2100,73,2
2026-06-12,600036,14:05:50,39.2100,188,2
2026-06-12,600036,14:05:53,39.2100,87,2
2026-06-12,600036,14:05:56,39.2100,77,2
2026-06-12,600036,14:05:59,39.2000,74,2
2026-06-12,600036,14:06:02,39.2100,435,1
2026-06-12,600036,14:06:05,39.2200,166,1
2026-06-12,600036,14:06:08,39.2200,229,1
2026-06-12,600036,14:06:11,39.2200,79,2
2026-06-12,600036,14:06:14,39.2200,50,2
2026-06-12,600036,14:06:17,39.2200,93,2
2026-06-12,600036,14:06:20,39.2200,52,2
2026-06-12,600036,14:06:23,39.2200,46,2
2026-06-12,600036,14:06:26,39.2300,108,1
2026-06-12,600036,14:06:29,39.2200,161,2
2026-06-12,600036,14:06:32,39.2200,80,2
2026-06-12,600036,14:06:35,39.2200,27,2
2026-06-12,600036,14:06:38,39.2200,71,2
2026-06-12,600036,14:06:41,39.2200,188,2
2026-06-12,600036,14:06:44,39.2200,38,1
2026-06-12,600036,14:06:47,39.2200,143,1
2026-06-12,600036,14:06:50,39.2200,253,1
2026-06-12,600036,14:06:53,39.2200,40,2
2026-06-12,600036,10:56:56,38.9700,387,1
2026-06-12,600036,10:56:59,38.9600,18,2
2026-06-12,600036,10:57:02,38.9600,5,2
2026-06-12,600036,10:57:05,38.9600,30,2
2026-06-12,600036,10:57:08,38.9700,19,1
2026-06-12,600036,10:57:11,38.9700,32,1
2026-06-12,600036,10:57:14,38.9700,211,1
2026-06-12,600036,10:57:17,38.9700,312,1
2026-06-12,600036,10:57:20,38.9700,348,1
2026-06-12,600036,10:57:23,38.9600,540,2
2026-06-12,600036,10:57:26,38.9800,337,1
2026-06-12,600036,10:57:29,38.9800,3,1
2026-06-12,600036,10:57:32,38.9800,44,1
2026-06-12,600036,10:57:35,38.9700,37,2
2026-06-12,600036,10:57:38,38.9700,390,2
2026-06-12,600036,10:57:41,38.9700,18,1
2026-06-12,600036,10:57:44,38.9600,78,2
2026-06-12,600036,10:57:47,38.9500,201,2
2026-06-12,600036,10:57:50,38.9400,60,2
2026-06-12,600036,10:57:53,38.9400,67,2
2026-06-12,600036,10:57:56,38.9400,134,2
2026-06-12,600036,10:57:59,38.9400,83,2
2026-06-12,600036,10:58:02,38.9300,135,2
2026-06-12,600036,10:58:05,38.9400,127,1
2026-06-12,600036,10:58:08,38.9400,26,1
2026-06-12,600036,10:58:11,38.9300,70,2
2026-06-12,600036,10:58:14,38.9300,49,1
2026-06-12,600036,10:58:17,38.9400,76,1
2026-06-12,600036,10:58:20,38.9300,870,2
2026-06-12,600036,10:58:23,38.9400,84,1
2026-06-12,600036,10:58:26,38.9200,77,2
2026-06-12,600036,10:58:29,38.9400,58,1
2026-06-12,600036,10:58:32,38.9400,60,1
2026-06-12,600036,10:58:35,38.9200,10,2
2026-06-12,600036,10:58:38,38.9400,89,1
2026-06-12,600036,10:58:41,38.9300,132,2
2026-06-12,600036,10:58:44,38.9200,209,2
2026-06-12,600036,10:58:47,38.9200,73,2
2026-06-12,600036,10:58:50,38.9300,51,1
2026-06-12,600036,10:58:53,38.9200,119,2
2026-06-12,600036,10:58:56,38.9300,159,4
2026-06-12,600036,10:58:59,38.9200,28,2
2026-06-12,600036,10:59:02,38.9200,59,2
2026-06-12,600036,10:59:05,38.9200,132,2
2026-06-12,600036,10:59:08,38.9300,536,1
2026-06-12,600036,10:59:11,38.9400,77,1
2026-06-12,600036,10:59:14,38.9300,47,2
2026-06-12,600036,10:59:17,38.9300,45,2
2026-06-12,600036,10:59:20,38.9300,45,2
2026-06-12,600036,10:59:23,38.9300,16,4
2026-06-12,600036,10:59:26,38.9400,61,1
2026-06-12,600036,10:59:29,38.9300,13,2
2026-06-12,600036,10:59:32,38.9200,96,2
2026-06-12,600036,10:59:35,38.9300,240,1
2026-06-12,600036,10:59:38,38.9200,36,2
2026-06-12,600036,10:59:41,38.9300,51,1
2026-06-12,600036,10:59:44,38.9200,10,2
2026-06-12,600036,10:59:50,38.9200,24,2
2026-06-12,600036,10:59:53,38.9200,485,2
2026-06-12,600036,10:59:56,38.9200,83,2
2026-06-12,600036,10:59:59,38.9200,330,2
2026-06-12,600036,11:00:02,38.9300,112,4
2026-06-12,600036,11:00:05,38.9300,51,1
2026-06-12,600036,11:00:08,38.9400,274,1
2026-06-12,600036,11:00:11,38.9300,21,2
2026-06-12,600036,11:00:14,38.9400,92,2
2026-06-12,600036,11:00:17,38.9400,165,2
2026-06-12,600036,11:00:20,38.9400,162,2
2026-06-12,600036,11:00:23,38.9700,109,1
2026-06-12,600036,11:00:26,38.9700,43,1
2026-06-12,600036,11:00:29,38.9700,128,1
2026-06-12,600036,11:00:32,38.9600,9,2
2026-06-12,600036,11:00:35,38.9600,3,2
2026-06-12,600036,11:00:38,38.9600,95,2
2026-06-12,600036,11:00:41,38.9600,5,2
2026-06-12,600036,11:00:44,38.9600,60,2
2026-06-12,600036,11:00:47,38.9600,381,2
2026-06-12,600036,11:00:50,38.9600,58,2
2026-06-12,600036,11:00:53,38.9600,31,2
2026-06-12,600036,11:00:56,38.9600,34,2
2026-06-12,600036,11:00:59,38.9700,21,1
2026-06-12,600036,11:01:02,38.9600,452,2
2026-06-12,600036,11:01:05,38.9700,187,1
2026-06-12,600036,11:01:08,38.9700,74,2
2026-06-12,600036,11:01:11,38.9700,139,2
2026-06-12,600036,11:01:14,38.9600,160,2
2026-06-12,600036,11:01:17,38.9700,80,1
2026-06-12,600036,11:01:20,38.9600,119,2
2026-06-12,600036,11:01:23,38.9700,17,4
2026-06-12,600036,11:01:26,38.9700,112,2
2026-06-12,600036,11:01:29,38.9700,55,2
2026-06-12,600036,11:01:32,38.9700,130,2
2026-06-12,600036,11:01:35,38.9700,171,2
2026-06-12,600036,11:01:38,38.9800,31,1
2026-06-12,600036,11:01:41,38.9800,44,1
2026-06-12,600036,11:01:44,38.9800,59,1
2026-06-12,600036,11:01:47,38.9700,103,2
2026-06-12,600036,11:01:50,38.9700,16,2
2026-06-12,600036,11:01:53,38.9800,62,1
2026-06-12,600036,11:01:56,38.9700,196,2
2026-06-12,600036,11:01:59,38.9700,85,2
2026-06-12,600036,11:02:02,38.9800,866,1
2026-06-12,600036,11:02:05,38.9800,183,4
2026-06-12,600036,11:02:08,38.9800,94,1
2026-06-12,600036,11:02:11,38.9800,199,2
2026-06-12,600036,11:02:14,38.9900,103,1
2026-06-12,600036,11:02:17,38.9800,387,2
2026-06-12,600036,11:02:20,38.9900,282,1
2026-06-12,600036,11:02:23,38.9900,257,1
2026-06-12,600036,11:02:26,38.9800,376,2
2026-06-12,600036,11:02:29,38.9800,228,2
2026-06-12,600036,11:02:32,38.9800,216,2
2026-06-12,600036,11:02:35,38.9800,179,2
2026-06-12,600036,11:02:38,38.9900,121,1
2026-06-12,600036,11:02:41,38.9800,90,2
2026-06-12,600036,11:02:44,38.9800,74,2
2026-06-12,600036,11:02:47,38.9700,345,2
2026-06-12,600036,11:02:50,38.9700,142,2
2026-06-12,600036,11:02:53,38.9700,16,2
2026-06-12,600036,11:02:56,38.9800,264,1
2026-06-12,600036,11:02:59,38.9700,93,2
2026-06-12,600036,11:03:02,38.9800,114,1
2026-06-12,600036,11:03:05,38.9900,204,1
2026-06-12,600036,11:03:08,38.9900,39,1
2026-06-12,600036,11:03:11,38.9900,26,1
2026-06-12,600036,11:03:14,38.9900,8,1
2026-06-12,600036,11:03:17,38.9900,154,1
2026-06-12,600036,11:03:20,38.9900,10,1
2026-06-12,600036,11:03:23,38.9900,15,1
2026-06-12,600036,11:03:26,38.9800,213,2
2026-06-12,600036,11:03:29,38.9900,22,1
2026-06-12,600036,11:03:32,38.9900,158,1
2026-06-12,600036,11:03:35,38.9800,60,2
2026-06-12,600036,11:03:38,38.9900,8,1
2026-06-12,600036,11:03:41,38.9900,115,1
2026-06-12,600036,11:03:44,38.9800,66,2
2026-06-12,600036,11:03:47,38.9800,85,2
2026-06-12,600036,11:03:50,38.9900,946,1
2026-06-12,600036,11:03:53,39.0000,912,1
2026-06-12,600036,11:03:56,39.0000,254,1
2026-06-12,600036,11:03:59,39.0000,160,1
2026-06-12,600036,11:04:02,39.0100,2639,1
2026-06-12,600036,11:04:05,39.0100,73,1
2026-06-12,600036,11:04:08,39.0000,52,2
2026-06-12,600036,11:04:11,39.0200,154,1
2026-06-12,600036,11:04:14,39.0200,104,1
2026-06-12,600036,11:04:17,39.0200,100,1
2026-06-12,600036,11:04:20,39.0100,34,2
2026-06-12,600036,11:04:23,39.0100,182,2
2026-06-12,600036,11:04:26,39.0200,90,1
2026-06-12,600036,11:04:29,39.0100,33,2
2026-06-12,600036,11:04:32,39.0200,216,1
2026-06-12,600036,11:04:35,39.0100,258,2
2026-06-12,600036,11:04:38,39.0200,177,1
2026-06-12,600036,11:04:41,39.0200,617,1
2026-06-12,600036,11:04:44,39.0300,58,1
2026-06-12,600036,11:04:47,39.0300,671,1
2026-06-12,600036,11:04:50,39.0300,210,2
2026-06-12,600036,11:04:53,39.0400,138,1
2026-06-12,600036,11:04:56,39.0300,146,2
2026-06-12,600036,11:04:59,39.0300,7,2
2026-06-12,600036,11:05:02,39.0400,43,1
2026-06-12,600036,11:05:05,39.0400,87,1
2026-06-12,600036,11:05:08,39.0300,861,2
2026-06-12,600036,11:05:11,39.0400,1312,2
2026-06-12,600036,11:05:14,39.0300,2757,2
2026-06-12,600036,11:05:17,39.0400,399,2
2026-06-12,600036,11:05:20,39.0400,548,2
2026-06-12,600036,11:05:23,39.0400,548,1
2026-06-12,600036,11:05:26,39.0400,580,1
2026-06-12,600036,11:05:29,39.0400,133,2
2026-06-12,600036,11:05:32,39.0300,12,2
2026-06-12,600036,11:05:35,39.0300,74,2
2026-06-12,600036,11:05:38,39.0300,400,2
2026-06-12,600036,11:05:41,39.0200,97,2
2026-06-12,600036,11:05:44,39.0200,74,2
2026-06-12,600036,11:05:47,39.0200,26,2
2026-06-12,600036,11:05:50,39.0200,58,1
2026-06-12,600036,11:05:53,39.0200,28,1
2026-06-12,600036,11:05:56,39.0200,80,1
2026-06-12,600036,11:05:59,39.0100,120,2
2026-06-12,600036,11:06:02,39.0100,27,2
2026-06-12,600036,11:06:05,39.0200,330,1
2026-06-12,600036,11:06:08,39.0200,182,1
2026-06-12,600036,11:06:11,39.0200,43,2
2026-06-12,600036,11:06:14,39.0200,149,2
2026-06-12,600036,11:06:17,39.0100,182,2
2026-06-12,600036,11:06:20,39.0100,91,2
2026-06-12,600036,11:06:23,39.0200,72,1
2026-06-12,600036,11:06:26,39.0200,125,1
2026-06-12,600036,11:06:29,39.0200,131,1
2026-06-12,600036,11:06:32,39.0100,50,2
2026-06-12,600036,11:06:35,39.0100,386,2
2026-06-12,600036,11:06:38,39.0200,63,1
2026-06-12,600036,11:06:41,39.0000,84,2
2026-06-12,600036,11:06:44,39.0100,23,1
2026-06-12,600036,11:06:47,39.0100,199,1
2026-06-12,600036,11:06:50,39.0000,25,2
2026-06-12,600036,11:06:53,39.0000,24,2
2026-06-12,600036,11:06:56,39.0000,54,2
2026-06-12,600036,11:06:59,39.0100,31,1
2026-06-12,600036,11:07:02,39.0100,959,1
2026-06-12,600036,11:07:05,39.0000,17,2
2026-06-12,600036,11:07:08,39.0100,353,1
2026-06-12,600036,11:07:11,39.0100,114,1
2026-06-12,600036,11:07:14,39.0100,410,4
2026-06-12,600036,11:07:17,39.0100,12,4
2026-06-12,600036,11:07:20,39.0000,99,2
2026-06-12,600036,11:07:23,39.0100,139,1
2026-06-12,600036,11:07:26,39.0000,50,2
2026-06-12,600036,11:07:29,39.0100,57,1
2026-06-12,600036,11:07:32,39.0000,175,2
2026-06-12,600036,11:07:35,39.0000,40,1
2026-06-12,600036,11:07:38,38.9900,165,2
2026-06-12,600036,11:07:41,39.0000,202,1
2026-06-12,600036,11:07:44,39.0000,21,2
2026-06-12,600036,11:07:47,39.0000,37,1
2026-06-12,600036,11:07:50,39.0100,88,1
2026-06-12,600036,11:07:53,38.9900,37,2
2026-06-12,600036,11:07:56,39.0000,57,1
2026-06-12,600036,11:07:59,39.0000,62,2
2026-06-12,600036,11:08:02,39.0000,20,2
2026-06-12,600036,11:08:05,39.0000,90,2
2026-06-12,600036,11:08:08,39.0100,334,1
2026-06-12,600036,11:08:11,39.0000,337,2
2026-06-12,600036,11:08:14,39.0200,81,1
2026-06-12,600036,11:08:17,39.0100,161,2
2026-06-12,600036,11:08:20,39.0100,84,2
2026-06-12,600036,11:08:23,39.0200,187,1
2026-06-12,600036,11:08:26,39.0200,34,1
2026-06-12,600036,11:08:29,39.0000,181,2
2026-06-12,600036,11:08:32,39.0000,9,2
2026-06-12,600036,11:08:35,39.0000,390,2
2026-06-12,600036,11:08:38,39.0200,48,1
2026-06-12,600036,11:08:41,39.0000,255,2
2026-06-12,600036,11:08:44,39.0100,402,4
2026-06-12,600036,11:08:47,39.0100,56,2
2026-06-12,600036,11:08:50,39.0200,62,1
2026-06-12,600036,11:08:53,39.0200,72,1
2026-06-12,600036,11:08:56,39.0100,99,2
2026-06-12,600036,11:08:59,39.0100,303,2
2026-06-12,600036,11:09:02,39.0000,57,2
2026-06-12,600036,11:09:05,39.0000,438,2
2026-06-12,600036,11:09:08,38.9900,22,2
2026-06-12,600036,11:09:11,38.9900,34,2
2026-06-12,600036,11:09:14,38.9900,69,2
2026-06-12,600036,11:09:17,38.9900,33,2
2026-06-12,600036,11:09:20,38.9900,94,2
2026-06-12,600036,11:09:23,38.9800,204,2
2026-06-12,600036,11:09:26,38.9800,37,1
2026-06-12,600036,11:09:29,38.9800,33,2
2026-06-12,600036,11:09:32,38.9800,247,2
2026-06-12,600036,11:09:35,38.9800,10,2
2026-06-12,600036,11:09:38,38.9900,14,1
2026-06-12,600036,11:09:41,38.9800,59,2
2026-06-12,600036,11:09:44,38.9800,62,2
2026-06-12,600036,11:09:47,38.9800,31,2
2026-06-12,600036,11:09:50,38.9800,7,2
2026-06-12,600036,11:09:53,38.9800,12,2
2026-06-12,600036,11:09:56,38.9700,186,2
2026-06-12,600036,11:09:59,38.9700,173,2
2026-06-12,600036,11:10:02,38.9600,262,2
2026-06-12,600036,11:10:05,38.9500,60,2
2026-06-12,600036,11:10:08,38.9600,75,1
2026-06-12,600036,11:10:11,38.9500,83,2
2026-06-12,600036,11:10:14,38.9500,105,2
2026-06-12,600036,11:10:17,38.9600,93,1
2026-06-12,600036,11:10:20,38.9600,83,1
2026-06-12,600036,11:10:23,38.9700,272,1
2026-06-12,600036,11:10:26,38.9600,88,2
2026-06-12,600036,11:10:29,38.9600,394,2
2026-06-12,600036,11:10:32,38.9700,1028,1
2026-06-12,600036,11:10:35,38.9700,315,2
2026-06-12,600036,11:10:38,39.0000,21,1
2026-06-12,600036,11:10:41,39.0000,57,1
2026-06-12,600036,11:10:44,38.9900,92,2
2026-06-12,600036,11:10:47,39.0000,58,1
2026-06-12,600036,11:10:50,38.9900,44,2
2026-06-12,600036,11:10:53,39.0000,18,1
2026-06-12,600036,11:10:56,39.0000,68,1
2026-06-12,600036,11:10:59,38.9900,10,2
2026-06-12,600036,11:11:02,38.9900,50,2
2026-06-12,600036,11:11:05,39.0000,72,1
2026-06-12,600036,11:11:08,39.0000,148,1
2026-06-12,600036,11:11:11,38.9900,44,2
2026-06-12,600036,11:11:14,39.0000,48,1
2026-06-12,600036,11:11:17,38.9900,37,2
2026-06-12,600036,11:11:20,39.0000,44,1
2026-06-12,600036,11:11:23,39.0000,14,1
2026-06-12,600036,11:11:26,38.9900,236,2
2026-06-12,600036,11:11:29,38.9900,49,2
2026-06-12,600036,11:11:32,38.9900,99,2
2026-06-12,600036,11:11:35,39.0000,263,1
2026-06-12,600036,11:11:38,39.0100,658,1
2026-06-12,600036,11:11:41,39.0100,409,2
2026-06-12,600036,11:11:44,39.0000,240,2
2026-06-12,600036,11:11:47,39.0000,408,2
2026-06-12,600036,11:11:50,39.0000,369,2
2026-06-12,600036,11:11:53,39.0200,122,1
2026-06-12,600036,11:11:56,39.0000,171,2
2026-06-12,600036,11:11:59,39.0000,60,2
2026-06-12,600036,11:12:02,39.0000,239,2
2026-06-12,600036,11:12:05,39.0000,36,2
2026-06-12,600036,11:12:08,39.0000,84,2
2026-06-12,600036,11:12:11,39.0100,105,1
2026-06-12,600036,11:12:14,39.0100,203,1
2026-06-12,600036,11:12:17,39.0100,58,1
2026-06-12,600036,11:12:20,39.0000,201,2
2026-06-12,600036,11:12:23,39.0100,113,1
2026-06-12,600036,11:12:26,39.0100,102,2
2026-06-12,600036,11:12:29,39.0200,86,1
2026-06-12,600036,11:12:32,39.0000,78,2
2026-06-12,600036,11:12:35,39.0000,22,2
2026-06-12,600036,11:12:38,39.0100,108,1
2026-06-12,600036,11:12:41,39.0000,71,2
2026-06-12,600036,11:12:44,39.0100,19,1
2026-06-12,600036,11:12:47,39.0100,24,1
2026-06-12,600036,11:12:50,39.0000,23,2
2026-06-12,600036,11:12:53,39.0100,111,1
2026-06-12,600036,11:12:56,39.0100,193,1
2026-06-12,600036,11:12:59,39.0000,98,2
2026-06-12,600036,11:13:02,39.0100,79,2
2026-06-12,600036,11:13:05,39.0000,28,2
2026-06-12,600036,11:13:08,39.0000,50,2
2026-06-12,600036,11:13:11,39.0100,69,1
2026-06-12,600036,11:13:14,39.0000,27,2
2026-06-12,600036,11:13:17,39.0000,24,2
2026-06-12,600036,11:13:20,39.0000,11,2
2026-06-12,600036,11:13:23,39.0000,51,2
2026-06-12,600036,11:13:26,39.0000,96,2
2026-06-12,600036,11:13:29,39.0000,81,2
2026-06-12,600036,11:13:32,39.0000,13,2
2026-06-12,600036,11:13:35,39.0000,64,2
2026-06-12,600036,11:13:38,39.0100,107,1
2026-06-12,600036,11:13:41,39.0100,61,1
2026-06-12,600036,11:13:44,39.0100,205,1
2026-06-12,600036,11:13:47,39.0100,684,1
2026-06-12,600036,11:13:50,39.0100,291,1
2026-06-12,600036,11:13:53,39.0100,177,2
2026-06-12,600036,11:13:56,39.0100,470,2
2026-06-12,600036,11:13:59,39.0200,341,1
2026-06-12,600036,11:14:02,39.0100,119,2
2026-06-12,600036,11:14:05,39.0200,330,1
2026-06-12,600036,11:14:08,39.0200,90,1
2026-06-12,600036,11:14:11,39.0200,134,1
2026-06-12,600036,11:14:14,39.0100,371,2
2026-06-12,600036,11:14:17,39.0100,161,1
2026-06-12,600036,11:14:20,39.0300,78,1
2026-06-12,600036,11:14:23,39.0200,50,1
2026-06-12,600036,11:14:26,39.0300,51,1
2026-06-12,600036,11:14:29,39.0200,296,4
2026-06-12,600036,11:14:32,39.0200,271,1
2026-06-12,600036,11:14:35,39.0000,467,2
2026-06-12,600036,11:14:38,39.0000,285,2
2026-06-12,600036,11:14:41,39.0100,48,1
2026-06-12,600036,11:14:44,39.0100,166,1
2026-06-12,600036,11:14:47,39.0100,191,4
2026-06-12,600036,11:14:50,39.0200,412,2
2026-06-12,600036,11:14:53,39.0300,156,1
2026-06-12,600036,11:14:56,39.0200,221,2
2026-06-12,600036,11:14:59,39.0200,497,1
2026-06-12,600036,11:15:02,39.0100,457,2
2026-06-12,600036,11:15:05,39.0200,52,1
2026-06-12,600036,11:15:08,39.0300,347,1
2026-06-12,600036,11:15:11,39.0100,118,2
2026-06-12,600036,11:15:14,39.0000,5,2
2026-06-12,600036,11:15:17,39.0000,255,2
2026-06-12,600036,11:15:20,39.0000,85,2
2026-06-12,600036,11:15:23,39.0000,165,2
2026-06-12,600036,11:15:26,38.9900,49,2
2026-06-12,600036,11:15:29,38.9900,351,2
2026-06-12,600036,11:15:32,38.9900,59,2
2026-06-12,600036,11:15:35,38.9800,170,2
2026-06-12,600036,11:15:38,38.9900,42,1
2026-06-12,600036,11:15:41,38.9900,154,1
2026-06-12,600036,11:15:44,39.0000,132,1
2026-06-12,600036,11:15:47,38.9900,65,2
2026-06-12,600036,11:15:50,39.0000,96,1
2026-06-12,600036,11:15:53,38.9900,99,2
2026-06-12,600036,11:15:56,38.9900,157,4
2026-06-12,600036,11:15:59,38.9900,171,1
2026-06-12,600036,11:16:02,38.9900,51,1
2026-06-12,600036,11:16:05,38.9900,121,1
2026-06-12,600036,11:16:08,38.9800,25,2
2026-06-12,600036,11:16:11,38.9700,289,2
2026-06-12,600036,11:16:14,38.9800,66,1
2026-06-12,600036,11:16:17,38.9800,157,1
2026-06-12,600036,11:16:20,38.9900,50,1
2026-06-12,600036,11:16:23,38.9900,107,1
2026-06-12,600036,11:16:26,38.9700,13,2
2026-06-12,600036,11:16:29,38.9900,61,1
2026-06-12,600036,11:16:32,38.9800,31,1
2026-06-12,600036,11:16:35,38.9700,53,2
2026-06-12,600036,11:16:38,38.9800,40,1
2026-06-12,600036,11:16:41,38.9800,13,1
2026-06-12,600036,11:16:44,38.9800,4,1
2026-06-12,600036,11:16:47,38.9700,31,2
2026-06-12,600036,11:16:50,38.9700,626,2
2026-06-12,600036,11:16:53,38.9700,60,1
2026-06-12,600036,11:16:56,38.9600,105,2
2026-06-12,600036,11:16:59,38.9800,128,1
2026-06-12,600036,11:17:02,38.9700,107,1
2026-06-12,600036,11:17:05,38.9600,109,2
2026-06-12,600036,11:17:08,38.9600,48,2
2026-06-12,600036,11:17:11,38.9600,32,2
2026-06-12,600036,11:17:14,38.9600,116,2
2026-06-12,600036,11:17:17,38.9600,163,2
2026-06-12,600036,11:17:20,38.9700,37,1
2026-06-12,600036,11:17:23,38.9600,143,2
2026-06-12,600036,11:17:26,38.9600,40,2
2026-06-12,600036,11:17:29,38.9700,56,1
2026-06-12,600036,11:17:32,38.9700,68,1
2026-06-12,600036,11:17:35,38.9600,93,2
2026-06-12,600036,11:17:38,38.9600,353,2
2026-06-12,600036,11:17:41,38.9700,64,1
2026-06-12,600036,11:17:44,38.9800,310,1
2026-06-12,600036,11:17:47,38.9800,98,1
2026-06-12,600036,11:17:50,38.9700,86,1
2026-06-12,600036,11:17:53,38.9700,44,1
2026-06-12,600036,11:17:56,38.9600,163,2
2026-06-12,600036,11:17:59,38.9700,114,1
2026-06-12,600036,11:18:02,38.9800,101,1
2026-06-12,600036,11:18:05,38.9800,263,1
2026-06-12,600036,11:18:08,38.9900,201,1
2026-06-12,600036,11:18:11,38.9900,66,1
2026-06-12,600036,11:18:14,38.9900,40,1
2026-06-12,600036,11:18:17,38.9800,183,2
2026-06-12,600036,11:18:20,38.9900,387,4
2026-06-12,600036,11:18:23,39.0000,387,1
2026-06-12,600036,11:18:26,38.9800,153,2
2026-06-12,600036,11:18:29,39.0000,288,1
2026-06-12,600036,11:18:32,38.9900,34,1
2026-06-12,600036,11:18:35,38.9800,1097,2
2026-06-12,600036,11:18:38,38.9900,247,1
2026-06-12,600036,11:18:41,39.0000,180,1
2026-06-12,600036,11:18:44,38.9800,54,2
2026-06-12,600036,11:18:47,38.9700,120,2
2026-06-12,600036,11:18:50,38.9700,83,2
2026-06-12,600036,11:18:53,39.0100,100,1
2026-06-12,600036,11:18:56,38.9900,89,4
2026-06-12,600036,11:18:59,39.0000,112,1
2026-06-12,600036,11:19:02,38.9900,142,2
2026-06-12,600036,11:19:05,38.9800,352,2
2026-06-12,600036,11:19:08,38.9700,269,2
2026-06-12,600036,11:19:11,38.9800,52,2
2026-06-12,600036,11:19:14,39.0100,97,1
2026-06-12,600036,11:19:17,39.0000,145,1
2026-06-12,600036,11:19:20,38.9800,88,2
2026-06-12,600036,11:19:23,38.9900,69,1
2026-06-12,600036,11:19:26,38.9800,99,2
2026-06-12,600036,11:19:29,38.9800,124,2
2026-06-12,600036,11:19:32,38.9900,42,2
2026-06-12,600036,11:19:35,38.9900,21,1
2026-06-12,600036,11:19:38,38.9900,53,1
2026-06-12,600036,11:19:41,38.9900,40,1
2026-06-12,600036,11:19:44,38.9900,15,1
2026-06-12,600036,11:19:47,38.9900,20,1
2026-06-12,600036,11:19:50,38.9900,141,1
2026-06-12,600036,11:19:53,39.0000,29,1
2026-06-12,600036,11:19:56,39.0000,130,1
