date,code,time,price,volume,bs
2026-04-09,600519,13:46:57,1457.3199,1,1
2026-04-09,600519,13:47:00,1457.3300,3,1
2026-04-09,600519,13:47:03,1456.3500,4,2
2026-04-09,600519,13:47:09,1456.9900,5,1
2026-04-09,600519,13:47:12,1457.0000,4,1
2026-04-09,600519,13:47:15,1456.3600,3,2
2026-04-09,600519,13:47:18,1457.0000,1,1
2026-04-09,600519,13:47:21,1456.3600,1,2
2026-04-09,600519,13:47:24,1456.3500,2,2
2026-04-09,600519,13:47:27,1457.0000,2,1
2026-04-09,600519,13:47:30,1457.0000,2,1
2026-04-09,600519,13:47:33,1456.3600,2,2
2026-04-09,600519,13:47:39,1457.0000,2,1
2026-04-09,600519,13:47:42,1457.1000,6,1
2026-04-09,600519,13:47:45,1456.4500,2,2
2026-04-09,600519,13:47:48,1457.1000,1,1
2026-04-09,600519,13:47:51,1457.0300,3,2
2026-04-09,600519,13:47:54,1457.0000,4,1
2026-04-09,600519,13:47:57,1457.0000,3,1
2026-04-09,600519,13:48:03,1457.0100,35,1
2026-04-09,600519,13:48:06,1457.0000,6,2
2026-04-09,600519,13:48:12,1457.0000,3,2
2026-04-09,600519,13:48:21,1457.3500,5,1
2026-04-09,600519,13:48:27,1457.3600,2,1
2026-04-09,600519,13:48:33,1457.3600,2,1
2026-04-09,600519,13:48:39,1457.3600,4,1
2026-04-09,600519,13:48:42,1457.3300,2,1
2026-04-09,600519,13:48:45,1457.3600,2,1
2026-04-09,600519,13:48:48,1457.1300,2,2
2026-04-09,600519,13:48:54,1457.3400,2,1
2026-04-09,600519,13:49:00,1457.1300,1,2
2026-04-09,600519,13:49:03,1457.1300,2,2
2026-04-09,600519,13:49:06,1457.1600,9,1
2026-04-09,600519,13:49:15,1457.1500,3,1
2026-04-09,600519,13:49:18,1457.0200,4,2
2026-04-09,600519,13:49:21,1457.3600,1,1
2026-04-09,600519,13:49:24,1457.0200,5,2
2026-04-09,600519,13:49:27,1457.1899,1,2
2026-04-09,600519,13:49:30,1457.3500,6,1
2026-04-09,600519,13:49:33,1457.3600,3,1
2026-04-09,600519,13:49:36,1457.1200,1,2
2026-04-09,600519,13:49:39,1457.3600,2,1
2026-04-09,600519,13:49:45,1457.3300,5,1
2026-04-09,600519,13:49:48,1457.3600,1,1
2026-04-09,600519,13:50:00,1457.1400,1,2
2026-04-09,600519,13:50:12,1457.3500,2,1
2026-04-09,600519,13:50:18,1457.1200,5,2
2026-04-09,600519,13:50:21,1457.1200,3,2
2026-04-09,600519,13:50:24,1457.0000,1,2
2026-04-09,600519,13:50:27,1457.1000,3,1
2026-04-09,600519,13:50:30,1457.0000,2,2
2026-04-09,600519,13:50:33,1457.1000,3,1
2026-04-09,600519,13:50:36,1457.0000,2,2
2026-04-09,600519,13:50:39,1457.1200,5,1
2026-04-09,600519,13:50:42,1457.1000,2,1
2026-04-09,600519,13:50:45,1457.1000,3,2
2026-04-09,600519,13:50:48,1457.1000,2,1
2026-04-09,600519,13:50:51,1457.1000,1,1
2026-04-09,600519,13:50:54,1457.1200,6,1
2026-04-09,600519,13:50:57,1457.1200,2,1
2026-04-09,600519,13:51:06,1456.9200,3,2
2026-04-09,600519,13:51:09,1456.9800,2,2
2026-04-09,600519,13:51:12,1457.1000,1,1
2026-04-09,600519,13:51:15,1456.9800,2,2
2026-04-09,600519,13:51:18,1457.1200,1,1
2026-04-09,600519,13:51:21,1456.8800,5,2
2026-04-09,600519,13:51:24,1456.8600,3,2
2026-04-09,600519,13:51:27,1456.8700,8,1
2026-04-09,600519,13:51:30,1456.4900,4,2
2026-04-09,600519,13:51:33,1456.5000,3,1
2026-04-09,600519,13:51:36,1456.4900,2,2
2026-04-09,600519,13:51:42,1457.2900,2,1
2026-04-09,600519,13:51:48,1457.2800,3,1
2026-04-09,600519,13:51:51,1456.4800,2,2
2026-04-09,600519,13:51:57,1456.4800,1,2
2026-04-09,600519,13:52:03,1456.4800,2,2
2026-04-09,600519,13:52:06,1456.9800,1,1
2026-04-09,600519,13:52:09,1456.4800,3,2
2026-04-09,600519,13:52:18,1456.9700,4,1
2026-04-09,600519,13:52:21,1456.5800,4,1
2026-04-09,600519,13:52:24,1456.5800,3,2
2026-04-09,600519,13:52:27,1456.5800,3,1
2026-04-09,600519,13:52:39,1456.4800,1,1
2026-04-09,600519,13:52:48,1456.4800,9,1
2026-04-09,600519,13:52:54,1456.4800,3,1
2026-04-09,600519,13:52:57,1456.4000,1,2
2026-04-09,600519,13:53:03,1456.3800,7,2
2026-04-09,600519,13:53:27,1456.4800,11,1
2026-04-09,600519,13:53:30,1456.4800,1,1
2026-04-09,600519,13:53:33,1456.4800,6,1
2026-04-09,600519,13:53:42,1456.3900,1,2
2026-04-09,600519,13:53:45,1456.3600,19,2
2026-04-09,600519,13:53:48,1456.3600,2,1
2026-04-09,600519,13:53:54,1456.4800,2,1
2026-04-09,600519,13:54:03,1456.3500,2,2
2026-04-09,600519,13:54:06,1456.4800,16,1
2026-04-09,600519,13:54:12,1456.3400,1,2
2026-04-09,600519,13:54:15,1456.3400,1,2
2026-04-09,600519,13:54:18,1456.4700,3,1
2026-04-09,600519,13:54:21,1456.2900,2,2
2026-04-09,600519,13:54:24,1456.2800,2,2
2026-04-09,600519,13:54:27,1456.2600,2,2
2026-04-09,600519,13:54:30,1456.1500,10,2
2026-04-09,600519,13:54:33,1456.1500,1,1
2026-04-09,600519,13:54:36,1456.1700,8,1
2026-04-09,600519,13:54:42,1456.0100,4,2
2026-04-09,600519,13:54:45,1456.0000,2,2
2026-04-09,600519,13:54:48,1456.0000,2,2
2026-04-09,600519,13:54:51,1456.0000,1,2
2026-04-09,600519,13:54:54,1456.0000,2,2
2026-04-09,600519,13:54:57,1455.8900,2,2
2026-04-09,600519,13:55:00,1455.8900,1,2
2026-04-09,600519,13:55:03,1455.9900,1,1
2026-04-09,600519,13:55:06,1455.8500,2,2
2026-04-09,600519,13:55:09,1455.9900,2,1
2026-04-09,600519,13:55:12,1455.9900,1,1
2026-04-09,600519,13:55:15,1455.8000,9,2
2026-04-09,600519,13:55:18,1455.9900,1,1
2026-04-09,600519,13:55:21,1456.4800,3,1
2026-04-09,600519,13:55:27,1456.4800,1,1
2026-04-09,600519,13:55:30,1456.1899,3,2
2026-04-09,600519,13:55:42,1457.1000,16,1
2026-04-09,600519,13:55:45,1456.4900,1,2
2026-04-09,600519,13:55:48,1456.4900,1,2
2026-04-09,600519,13:55:54,1456.4800,2,2
2026-04-09,600519,13:55:57,1456.1801,6,2
2026-04-09,600519,13:56:03,1456.4500,4,2
2026-04-09,600519,13:56:09,1457.2300,1,1
2026-04-09,600519,13:56:18,1456.2200,1,2
2026-04-09,600519,13:56:27,1456.2200,1,2
2026-04-09,600519,13:56:39,1457.1899,1,1
2026-04-09,600519,13:56:51,1456.3400,3,2
2026-04-09,600519,13:56:54,1456.7900,1,1
2026-04-09,600519,13:56:57,1456.3400,2,2
2026-04-09,600519,13:57:00,1456.3400,1,2
2026-04-09,600519,13:57:06,1457.1801,4,1
2026-04-09,600519,13:57:12,1457.1801,1,1
2026-04-09,600519,13:57:15,1456.3400,5,2
2026-04-09,600519,13:57:18,1456.3500,1,2
2026-04-09,600519,13:57:30,1456.3600,1,2
2026-04-09,600519,13:57:48,1456.3500,3,2
2026-04-09,600519,13:57:51,1456.4100,1,2
2026-04-09,600519,13:57:54,1457.1600,2,1
2026-04-09,600519,13:57:57,1456.8000,1,1
2026-04-09,600519,13:58:00,1457.1200,1,1
2026-04-09,600519,13:58:03,1457.1100,3,1
2026-04-09,600519,13:58:12,1457.0000,3,1
2026-04-09,600519,13:58:18,1456.8000,1,2
2026-04-09,600519,13:58:21,1457.0000,2,1
2026-04-09,600519,13:58:27,1457.1000,5,1
2026-04-09,600519,13:58:33,1457.0000,2,2
2026-04-09,600519,13:58:36,1456.9900,3,2
2026-04-09,600519,13:58:45,1457.0699,3,2
2026-04-09,600519,13:58:48,1457.0500,1,2
2026-04-09,600519,13:58:51,1456.9200,2,2
2026-04-09,600519,13:58:57,1457.0500,2,1
2026-04-09,600519,13:59:00,1456.9100,2,2
2026-04-09,600519,13:59:03,1456.9000,1,2
2026-04-09,600519,13:59:06,1456.9000,1,2
2026-04-09,600519,13:59:12,1456.9000,2,2
2026-04-09,600519,13:59:15,1456.8000,3,2
2026-04-09,600519,13:59:18,1456.9900,1,1
2026-04-09,600519,13:59:24,1456.8000,2,2
2026-04-09,600519,13:59:36,1456.8000,6,2
2026-04-09,600519,13:59:48,1456.8000,1,2
2026-04-09,600519,13:59:54,1456.8000,5,1
2026-04-09,600519,13:59:57,1456.7800,1,2
2026-04-09,600519,14:00:00,1456.7900,2,1
2026-04-09,600519,14:00:03,1456.7100,1,2
2026-04-09,600519,14:00:06,1456.5800,5,2
2026-04-09,600519,14:00:15,1456.2800,5,2
2026-04-09,600519,14:00:18,1456.6801,1,1
2026-04-09,600519,14:00:24,1456.6700,1,1
2026-04-09,600519,14:00:33,1456.3400,3,2
2026-04-09,600519,14:00:39,1456.2400,1,2
2026-04-09,600519,14:00:45,1456.2300,3,2
2026-04-09,600519,14:00:48,1456.2300,1,2
2026-04-09,600519,14:00:54,1456.3199,3,1
2026-04-09,600519,14:00:57,1456.2300,1,1
2026-04-09,600519,14:01:06,1456.3199,10,1
2026-04-09,600519,14:01:09,1456.4200,3,1
2026-04-09,600519,14:01:15,1456.2400,4,2
2026-04-09,600519,14:01:18,1456.2200,2,1
2026-04-09,600519,14:01:21,1456.2200,1,1
2026-04-09,600519,14:01:24,1456.2200,5,1
2026-04-09,600519,14:01:27,1456.2100,10,2
2026-04-09,600519,14:01:30,1456.0000,4,2
2026-04-09,600519,14:01:36,1456.0100,1,2
2026-04-09,600519,14:01:39,1456.0100,3,2
2026-04-09,600519,14:01:42,1456.1300,2,1
2026-04-09,600519,14:01:48,1456.0100,3,1
2026-04-09,600519,14:01:54,1456.0000,3,2
2026-04-09,600519,14:01:57,1456.0100,1,2
2026-04-09,600519,14:02:12,1456.1899,2,1
2026-04-09,600519,14:02:15,1456.0200,2,2
2026-04-09,600519,14:02:18,1456.0300,1,2
2026-04-09,600519,14:02:21,1456.0200,1,2
2026-04-09,600519,14:02:36,1456.2100,13,1
2026-04-09,600519,14:02:42,1456.3000,6,1
2026-04-09,600519,14:02:48,1456.7100,7,1
2026-04-09,600519,14:02:51,1456.7100,1,1
2026-04-09,600519,14:03:00,1456.7100,3,1
2026-04-09,600519,14:03:06,1456.7000,2,1
2026-04-09,600519,14:03:09,1456.0500,2,2
2026-04-09,600519,14:03:15,1456.3400,1,2
2026-04-09,600519,14:03:18,1456.1500,2,2
2026-04-09,600519,14:03:27,1456.1500,1,2
2026-04-09,600519,14:03:30,1456.0400,5,2
2026-04-09,600519,14:03:33,1456.2000,3,2
2026-04-09,600519,14:03:39,1456.0200,3,2
2026-04-09,600519,14:03:42,1456.6200,4,1
2026-04-09,600519,14:03:45,1456.0500,1,2
2026-04-09,600519,14:03:48,1456.0500,4,2
2026-04-09,600519,14:03:57,1456.3400,3,4
2026-04-09,600519,14:04:00,1456.0500,2,2
2026-04-09,600519,14:04:03,1456.1500,4,2
2026-04-09,600519,14:04:06,1456.6300,1,1
2026-04-09,600519,14:04:09,1456.1500,1,2
2026-04-09,600519,14:04:15,1456.1500,2,2
2026-04-09,600519,14:04:21,1456.1500,2,2
2026-04-09,600519,14:04:30,1456.0400,5,2
2026-04-09,600519,14:04:33,1456.0300,3,2
2026-04-09,600519,14:04:36,1456.0300,3,2
2026-04-09,600519,14:04:42,1456.0400,1,2
2026-04-09,600519,14:04:45,1456.0300,2,2
2026-04-09,600519,14:04:48,1456.0400,1,2
2026-04-09,600519,14:04:54,1456.0300,4,2
2026-04-09,600519,14:04:57,1456.5800,3,1
2026-04-09,600519,14:05:03,1456.0100,37,2
2026-04-09,600519,14:05:06,1456.0100,9,2
2026-04-09,600519,14:05:09,1456.1300,2,1
2026-04-09,600519,14:05:12,1456.1300,1,1
2026-04-09,600519,14:05:15,1456.0100,3,2
2026-04-09,600519,14:05:18,1456.5699,1,1
2026-04-09,600519,14:05:21,1456.0100,1,2
2026-04-09,600519,14:05:27,1456.5800,1,1
2026-04-09,600519,14:05:30,1456.0100,1,2
2026-04-09,600519,14:05:45,1456.5800,2,1
2026-04-09,600519,14:05:48,1456.0300,2,2
2026-04-09,600519,14:05:51,1456.0200,2,2
2026-04-09,600519,14:05:54,1456.0200,3,2
2026-04-09,600519,14:06:00,1456.0100,7,2
2026-04-09,600519,14:06:03,1456.0100,6,2
2026-04-09,600519,14:06:06,1456.0300,7,1
2026-04-09,600519,14:06:09,1456.0000,2,2
2026-04-09,600519,14:06:21,1456.0100,21,1
2026-04-09,600519,14:06:27,1456.0000,4,2
2026-04-09,600519,14:06:36,1456.0000,4,2
2026-04-09,600519,14:06:39,1456.0000,2,2
2026-04-09,600519,14:06:48,1456.0100,3,1
2026-04-09,600519,14:06:51,1456.0100,1,2
2026-04-09,600519,14:06:54,1456.0601,1,1
2026-04-09,600519,14:06:57,1456.0000,9,2
2026-04-09,600519,14:07:00,1456.0000,2,2
2026-04-09,600519,14:07:06,1456.0000,3,2
2026-04-09,600519,14:07:09,1455.7400,32,2
2026-04-09,600519,14:07:12,1455.7700,9,1
2026-04-09,600519,14:07:15,1455.2900,1,2
2026-04-09,600519,14:07:21,1455.2900,4,2
2026-04-09,600519,14:07:24,1455.2800,3,2
2026-04-09,600519,14:07:27,1455.2800,4,2
2026-04-09,600519,14:07:30,1455.2900,21,1
2026-04-09,600519,14:07:33,1455.3199,7,1
2026-04-09,600519,14:07:36,1455.3199,1,2
2026-04-09,600519,14:07:39,1455.7100,1,1
2026-04-09,600519,14:07:42,1455.7200,1,1
2026-04-09,600519,14:07:48,1455.8199,1,1
2026-04-09,600519,14:07:51,1455.8300,1,1
2026-04-09,600519,14:07:57,1455.2900,2,2
2026-04-09,600519,14:08:03,1455.2900,3,2
2026-04-09,600519,14:08:06,1455.3101,2,2
2026-04-09,600519,14:08:12,1455.3101,8,2
2026-04-09,600519,14:08:15,1455.3199,1,2
2026-04-09,600519,14:08:18,1455.3300,2,2
2026-04-09,600519,14:08:21,1455.8000,1,1
2026-04-09,600519,14:08:24,1455.8000,1,1
2026-04-09,600519,14:08:27,1455.3800,1,2
2026-04-09,600519,14:08:30,1455.8000,3,1
2026-04-09,600519,14:08:33,1455.3199,3,2
2026-04-09,600519,14:08:36,1455.8000,6,1
2026-04-09,600519,14:08:39,1455.8300,1,1
2026-04-09,600519,14:08:42,1455.8300,1,1
2026-04-09,600519,14:08:45,1455.8300,1,1
2026-04-09,600519,14:08:48,1455.8300,2,1
2026-04-09,600519,14:08:57,1455.4301,1,2
2026-04-09,600519,14:09:00,1455.8300,2,1
2026-04-09,600519,14:09:03,1455.4301,1,2
2026-04-09,600519,14:09:06,1455.4301,1,2
2026-04-09,600519,14:09:15,1455.4301,5,2
2026-04-09,600519,14:09:18,1455.4301,5,1
2026-04-09,600519,14:09:24,1455.8300,7,1
2026-04-09,600519,14:09:27,1455.4301,7,2
2026-04-09,600519,14:09:30,1455.8199,1,1
2026-04-09,600519,14:09:36,1455.8101,2,1
2026-04-09,600519,14:09:42,1455.8000,2,1
2026-04-09,600519,14:09:45,1455.4200,2,2
2026-04-09,600519,14:09:51,1455.4200,2,2
2026-04-09,600519,14:09:57,1455.8101,2,1
2026-04-09,600519,14:10:09,1455.7900,3,1
2026-04-09,600519,14:10:12,1455.4000,1,2
2026-04-09,600519,14:10:18,1455.4000,1,2
2026-04-09,600519,14:10:36,1455.8000,4,1
2026-04-09,600519,14:10:39,1455.8101,4,1
2026-04-09,600519,14:10:42,1455.7500,3,1
2026-04-09,600519,14:10:45,1455.5601,1,2
2026-04-09,600519,14:10:48,1455.8199,1,1
2026-04-09,600519,14:10:57,1455.8300,16,1
2026-04-09,600519,14:11:00,1455.5699,2,2
2026-04-09,600519,14:11:06,1455.8900,1,1
2026-04-09,600519,14:11:09,1455.9000,2,1
2026-04-09,600519,14:11:12,1456.0601,10,1
2026-04-09,600519,14:11:15,1456.6200,1,1
2026-04-09,600519,14:11:18,1455.9200,2,2
2026-04-09,600519,14:11:30,1456.7000,1,1
2026-04-09,600519,14:11:33,1456.7000,1,1
2026-04-09,600519,14:11:48,1456.0100,1,2
2026-04-09,600519,14:11:54,1456.0100,9,2
2026-04-09,600519,14:12:00,1456.0100,1,2
2026-04-09,600519,14:12:03,1456.0100,2,2
2026-04-09,600519,14:12:09,1456.0300,1,2
2026-04-09,600519,14:12:18,1456.6400,2,1
2026-04-09,600519,14:12:24,1456.0400,2,2
2026-04-09,600519,14:12:27,1456.0400,1,2
2026-04-09,600519,14:12:33,1456.0601,1,2
2026-04-09,600519,14:12:36,1456.0601,1,2
2026-04-09,600519,14:12:42,1456.5900,3,1
2026-04-09,600519,14:12:45,1456.5900,1,1
2026-04-09,600519,14:12:48,1456.0800,1,2
2026-04-09,600519,14:12:51,1456.5900,3,1
2026-04-09,600519,14:12:54,1456.4500,2,1
2026-04-09,600519,14:12:57,1456.4399,1,1
2026-04-09,600519,14:13:00,1456.6000,1,1
2026-04-09,600519,14:13:03,1456.0900,2,2
2026-04-09,600519,14:13:06,1456.6000,1,1
2026-04-09,600519,14:13:09,1456.7000,14,1
2026-04-09,600519,14:13:12,1456.6000,4,2
2026-04-09,600519,14:13:15,1456.6500,3,1
2026-04-09,600519,14:13:18,1456.1500,2,2
2026-04-09,600519,14:13:30,1456.5699,6,1
2026-04-09,600519,14:13:33,1456.1700,2,2
2026-04-09,600519,14:13:36,1456.7000,3,1
2026-04-09,600519,14:13:39,1456.5699,1,2
2026-04-09,600519,14:13:48,1456.5800,2,2
2026-04-09,600519,14:13:51,1456.7000,6,1
2026-04-09,600519,14:13:54,1456.6899,1,1
2026-04-09,600519,14:13:57,1456.5800,6,2
2026-04-09,600519,14:14:00,1456.5900,1,2
2026-04-09,600519,14:14:03,1456.6899,3,1
2026-04-09,600519,14:14:06,1456.6600,5,1
2026-04-09,600519,14:14:12,1456.7000,7,1
2026-04-09,600519,14:14:15,1456.6300,1,2
2026-04-09,600519,14:14:24,1456.6500,1,2
2026-04-09,600519,14:14:27,1456.6899,1,1
2026-04-09,600519,14:14:30,1456.6500,2,2
2026-04-09,600519,14:14:33,1456.5800,14,2
2026-04-09,600519,14:14:36,1456.1500,11,2
2026-04-09,600519,14:14:39,1456.5699,1,1
2026-04-09,600519,14:14:42,1456.1400,1,2
2026-04-09,600519,14:14:45,1456.5699,1,1
2026-04-09,600519,14:14:57,1456.5699,8,1
2026-04-09,600519,14:15:00,1456.1700,2,2
2026-04-09,600519,14:15:03,1456.5699,5,1
2026-04-09,600519,14:15:09,1456.1899,3,2
2026-04-09,600519,14:15:12,1456.5699,1,1
2026-04-09,600519,14:15:18,1456.5699,1,1
2026-04-09,600519,14:15:24,1456.5601,2,1
2026-04-09,600519,14:15:27,1456.1899,1,2
2026-04-09,600519,14:15:30,1456.5100,7,1
2026-04-09,600519,14:15:33,1456.5699,3,1
2026-04-09,600519,14:15:36,1456.6000,7,2
2026-04-09,600519,14:15:39,1456.6700,3,1
2026-04-09,600519,14:15:42,1456.6899,3,1
2026-04-09,600519,14:15:45,1456.7300,4,1
2026-04-09,600519,14:15:48,1456.7500,1,1
2026-04-09,600519,14:15:51,1456.7800,6,1
2026-04-09,600519,14:15:54,1456.9900,3,1
2026-04-09,600519,14:16:00,1456.7000,1,2
2026-04-09,600519,14:16:03,1456.7200,3,2
2026-04-09,600519,14:16:06,1456.9800,1,1
2026-04-09,600519,14:16:12,1456.9800,3,1
2026-04-09,600519,14:16:15,1456.9800,1,2
2026-04-09,600519,14:16:18,1457.0000,7,1
2026-04-09,600519,14:16:27,1456.8800,1,2
2026-04-09,600519,14:16:30,1456.8900,1,2
2026-04-09,600519,14:16:39,1456.8900,2,2
2026-04-09,600519,14:16:45,1456.8800,3,2
2026-04-09,600519,14:16:48,1456.9700,3,1
2026-04-09,600519,14:16:51,1456.7100,3,2
2026-04-09,600519,14:17:00,1456.9700,1,1
2026-04-09,600519,14:17:03,1456.8800,1,2
2026-04-09,600519,14:17:06,1456.8800,4,2
2026-04-09,600519,14:17:12,1456.9500,1,1
2026-04-09,600519,14:17:18,1456.9500,2,1
2026-04-09,600519,14:17:33,1456.9399,2,1
2026-04-09,600519,14:17:36,1456.9800,16,1
2026-04-09,600519,14:17:39,1457.7800,60,1
2026-04-09,600519,14:17:42,1457.7900,5,1
2026-04-09,600519,14:17:48,1457.8199,7,2
2026-04-09,600519,14:17:51,1457.8199,7,2
2026-04-09,600519,14:18:03,1457.8199,2,1
2026-04-09,600519,14:18:09,1457.1600,3,2
2026-04-09,600519,14:18:12,1457.8101,1,1
2026-04-09,600519,14:18:18,1457.8000,1,1
2026-04-09,600519,14:18:21,1457.8000,2,1
2026-04-09,600519,14:18:36,1457.7700,1,1
2026-04-09,600519,14:18:42,1457.7500,1,1
2026-04-09,600519,14:18:48,1457.7500,1,1
2026-04-09,600519,14:18:51,1457.4000,2,2
2026-04-09,600519,14:18:54,1457.7400,4,1
2026-04-09,600519,14:19:03,1457.6500,3,1
2026-04-09,600519,14:19:09,1457.6500,1,1
2026-04-09,600519,14:19:12,1457.6500,3,1
2026-04-09,600519,14:19:15,1457.6700,1,1
2026-04-09,600519,14:19:18,1457.7000,2,1
2026-04-09,600519,14:19:21,1457.5000,1,2
2026-04-09,600519,14:19:27,1457.6200,3,1
2026-04-09,600519,14:19:33,1457.6899,2,1
2026-04-09,600519,14:19:36,1457.4301,15,2
2026-04-09,600519,14:19:39,1457.6899,10,1
2026-04-09,600519,14:19:45,1457.6801,2,1
2026-04-09,600519,14:19:48,1457.4500,1,2
2026-04-09,600519,14:19:54,1457.4399,1,2
2026-04-09,600519,14:20:00,1457.6801,1,1
2026-04-09,600519,14:20:03,1457.4301,4,2
2026-04-09,600519,14:20:06,1457.4301,1,1
2026-04-09,600519,14:20:09,1457.3900,1,2
2026-04-09,600519,14:20:12,1457.3900,1,2
2026-04-09,600519,14:20:27,1457.4000,4,2
2026-04-09,600519,14:20:30,1457.4000,2,2
2026-04-09,600519,14:20:33,1457.4800,1,1
2026-04-09,600519,14:20:36,1457.4000,2,2
2026-04-09,600519,14:20:39,1457.5400,5,1
2026-04-09,600519,14:20:42,1457.5000,1,1
2026-04-09,600519,14:20:51,1457.4100,1,2
2026-04-09,600519,14:20:57,1457.4100,1,2
2026-04-09,600519,14:21:03,1457.4000,5,2
2026-04-09,600519,14:21:09,1457.4700,1,1
2026-04-09,600519,14:21:12,1457.4600,1,1
2026-04-09,600519,14:21:15,1457.4700,1,1
2026-04-09,600519,14:21:18,1457.4800,2,1
2026-04-09,600519,14:21:24,1457.6700,9,1
2026-04-09,600519,14:21:30,1457.7100,10,1
2026-04-09,600519,14:21:33,1457.7100,3,1
2026-04-09,600519,14:21:36,1457.7700,5,1
2026-04-09,600519,14:21:39,1457.7000,5,2
2026-04-09,600519,14:21:42,1457.8000,4,1
2026-04-09,600519,14:21:51,1457.6300,7,2
2026-04-09,600519,14:21:54,1457.6200,4,2
2026-04-09,600519,14:21:57,1457.6000,8,2
2026-04-09,600519,14:22:00,1457.6899,3,1
2026-04-09,600519,14:22:03,1457.4800,5,2
2026-04-09,600519,14:22:06,1457.6899,1,1
2026-04-09,600519,14:22:09,1457.4600,3,2
2026-04-09,600519,14:22:12,1457.7000,1,1
2026-04-09,600519,14:22:18,1457.4800,3,2
2026-04-09,600519,14:22:21,1457.4301,4,2
2026-04-09,600519,14:22:24,1457.3900,4,2
2026-04-09,600519,14:22:27,1457.7000,2,1
2026-04-09,600519,14:22:42,1457.7000,1,1
2026-04-09,600519,14:22:48,1457.4700,2,2
2026-04-09,600519,14:22:51,1457.4500,6,2
2026-04-09,600519,14:22:57,1457.5500,3,1
2026-04-09,600519,14:23:00,1457.4000,2,2
2026-04-09,600519,14:23:06,1457.6300,1,1
2026-04-09,600519,14:23:15,1457.4000,8,2
2026-04-09,600519,14:23:18,1457.5900,2,1
2026-04-09,600519,14:23:21,1457.4000,3,2
2026-04-09,600519,14:23:24,1457.5900,1,1
2026-04-09,600519,14:23:27,1457.5900,4,1
2026-04-09,600519,14:23:30,1457.5900,2,1
2026-04-09,600519,14:23:36,1457.5800,1,1
2026-04-09,600519,14:23:39,1457.7000,5,1
2026-04-09,600519,14:23:51,1457.4301,2,2
2026-04-09,600519,14:23:57,1457.4301,2,2
2026-04-09,600519,14:24:00,1457.4600,13,1
2026-04-09,600519,14:24:03,1457.4200,3,2
2026-04-09,600519,14:24:06,1457.6801,3,1
2026-04-09,600519,14:24:09,1457.4100,1,2
2026-04-09,600519,14:24:12,1457.4100,8,2
2026-04-09,600519,14:24:15,1457.7000,4,1
2026-04-09,600519,14:24:21,1457.5400,3,2
2026-04-09,600519,14:24:24,1457.6700,1,1
2026-04-09,600519,14:24:27,1457.5800,9,1
2026-04-09,600519,14:24:33,1457.3900,8,2
2026-04-09,600519,14:24:36,1457.3900,2,2
2026-04-09,600519,14:24:39,1457.3900,2,2
2026-04-09,600519,14:24:42,1457.6600,1,1
2026-04-09,600519,14:24:45,1457.6700,9,1
2026-04-09,600519,14:24:48,1457.7300,3,1
2026-04-09,600519,14:24:51,1457.7300,4,1
2026-04-09,600519,14:24:54,1458.5000,29,1
2026-04-09,600519,14:24:57,1458.5000,3,2
2026-04-09,600519,14:25:00,1458.7400,2,1
2026-04-09,600519,14:25:06,1457.8000,4,2
2026-04-09,600519,14:25:09,1458.7400,1,1
2026-04-09,600519,14:25:15,1457.8101,2,2
2026-04-09,600519,14:25:18,1458.7000,8,1
2026-04-09,600519,14:25:21,1458.7500,4,1
2026-04-09,600519,14:25:30,1457.8500,3,2
2026-04-09,600519,14:25:33,1457.8500,3,2
2026-04-09,600519,14:25:36,1457.8400,3,2
2026-04-09,600519,14:25:45,1457.9399,1,1
2026-04-09,600519,14:25:48,1457.8300,1,2
2026-04-09,600519,14:25:51,1457.9399,1,1
2026-04-09,600519,14:26:06,1457.8000,2,2
2026-04-09,600519,14:26:12,1457.7100,2,2
2026-04-09,600519,14:26:15,1457.7900,1,1
2026-04-09,600519,14:26:18,1457.7100,8,1
2026-04-09,600519,14:26:21,1457.7100,1,2
2026-04-09,600519,14:26:24,1457.7000,4,2
2026-04-09,600519,14:26:30,1457.7100,1,1
2026-04-09,600519,14:26:33,1457.7000,1,2
2026-04-09,600519,14:26:39,1457.7100,1,1
2026-04-09,600519,14:26:54,1457.7200,2,2
2026-04-09,600519,14:26:57,1457.7100,6,2
2026-04-09,600519,14:27:00,1457.7100,8,2
2026-04-09,600519,14:27:03,1457.7100,2,2
2026-04-09,600519,14:27:06,1457.7000,4,2
2026-04-09,600519,14:27:09,1457.4000,5,2
2026-04-09,600519,14:27:12,1457.3900,2,2
2026-04-09,600519,14:27:15,1457.5500,1,1
2026-04-09,600519,14:27:18,1457.3900,1,2
2026-04-09,600519,14:27:24,1457.3900,1,2
2026-04-09,600519,14:27:30,1457.3800,6,2
2026-04-09,600519,14:27:33,1457.5200,1,1
2026-04-09,600519,14:27:39,1457.3800,1,2
2026-04-09,600519,14:27:42,1457.3900,5,1
2026-04-09,600519,14:27:45,1457.0500,2,2
2026-04-09,600519,14:27:51,1457.1801,3,2
2026-04-09,600519,14:27:54,1457.2000,8,2
2026-04-09,600519,14:28:00,1457.3800,1,2
2026-04-09,600519,14:28:03,1457.2000,2,2
2026-04-09,600519,14:28:09,1457.5100,5,1
2026-04-09,600519,14:28:12,1457.2900,2,2
2026-04-09,600519,14:28:15,1457.2000,6,2
2026-04-09,600519,14:28:18,1457.1899,1,2
2026-04-09,600519,14:28:21,1457.5200,15,1
2026-04-09,600519,14:28:24,1457.5500,12,1
2026-04-09,600519,14:28:27,1457.7100,4,1
2026-04-09,600519,14:28:30,1457.7100,3,1
2026-04-09,600519,14:28:45,1457.7000,3,1
2026-04-09,600519,14:28:48,1457.6300,3,2
2026-04-09,600519,14:28:51,1457.7000,2,1
2026-04-09,600519,14:28:54,1457.6899,2,1
2026-04-09,600519,14:29:03,1457.6801,3,1
2026-04-09,600519,14:29:15,1457.6801,3,1
2026-04-09,600519,14:29:18,1457.6801,1,1
2026-04-09,600519,14:29:27,1457.6700,1,1
2026-04-09,600519,14:29:30,1457.6801,9,1
2026-04-09,600519,14:29:33,1457.7200,1,1
2026-04-09,600519,14:29:36,1457.7000,2,1
2026-04-09,600519,14:29:42,1457.7900,2,1
2026-04-09,600519,14:29:45,1457.8000,1,1
2026-04-09,600519,14:29:48,1458.0000,2,1
2026-04-09,600519,14:29:51,1458.0000,4,2
2026-04-09,600519,14:29:57,1458.0000,3,1
2026-04-09,600519,14:30:00,1457.8101,7,2
2026-04-09,600519,14:30:03,1458.0100,2,2
2026-04-09,600519,14:30:06,1457.8199,1,2
2026-04-09,600519,14:30:09,1457.9900,2,1
2026-04-09,600519,14:30:12,1458.0000,2,1
2026-04-09,600519,14:30:15,1458.4600,1,1
2026-04-09,600519,14:30:18,1458.0300,2,2
2026-04-09,600519,14:30:27,1458.0300,1,2
2026-04-09,600519,14:30:30,1458.4399,3,1
2026-04-09,600519,14:30:36,1458.3101,1,1
2026-04-09,600519,14:30:39,1458.3199,5,1
2026-04-09,600519,14:30:42,1458.0601,3,2
2026-04-09,600519,14:30:45,1458.3199,2,1
2026-04-09,600519,14:30:48,1458.0500,1,2
2026-04-09,600519,14:30:51,1458.3000,1,1
2026-04-09,600519,14:30:54,1458.3199,6,1
2026-04-09,600519,14:30:57,1458.2600,5,1
2026-04-09,600519,14:31:00,1458.2600,3,2
2026-04-09,600519,14:31:03,1458.3199,14,1
2026-04-09,600519,14:31:06,1458.2500,10,2
2026-04-09,600519,14:31:09,1458.2500,2,1
2026-04-09,600519,14:31:12,1458.1500,3,2
2026-04-09,600519,14:31:15,1458.1400,8,2
2026-04-09,600519,14:31:18,1458.0000,30,2
2026-04-09,600519,14:31:21,1458.1500,13,1
2026-04-09,600519,14:31:24,1458.1000,1,2
2026-04-09,600519,14:31:33,1458.3900,2,1
2026-04-09,600519,14:31:36,1458.3800,5,1
2026-04-09,600519,14:31:42,1458.0400,2,2
2026-04-09,600519,14:31:48,1458.0400,2,2
2026-04-09,600519,14:31:57,1458.0300,1,2
2026-04-09,600519,14:32:00,1458.2800,9,1
2026-04-09,600519,14:32:06,1458.0300,4,2
2026-04-09,600519,14:32:12,1458.0300,1,2
2026-04-09,600519,14:32:15,1458.2500,1,1
2026-04-09,600519,14:32:18,1458.2800,3,1
2026-04-09,600519,14:32:21,1458.0300,4,2
2026-04-09,600519,14:32:24,1458.0200,3,2
2026-04-09,600519,14:32:27,1458.0100,7,2
2026-04-09,600519,14:32:30,1458.0300,3,2
2026-04-09,600519,14:32:36,1458.0100,2,2
2026-04-09,600519,14:32:39,1458.0000,1,2
2026-04-09,600519,14:32:42,1458.0100,4,1
2026-04-09,600519,14:32:48,1458.0000,1,2
2026-04-09,600519,14:32:51,1458.0000,3,2
2026-04-09,600519,14:32:54,1458.0000,2,2
2026-04-09,600519,14:32:57,1457.9900,1,2
2026-04-09,600519,14:33:00,1457.9200,7,2
2026-04-09,600519,14:33:03,1457.8400,6,2
2026-04-09,600519,14:33:06,1457.8400,2,2
2026-04-09,600519,14:33:09,1457.8400,2,2
2026-04-09,600519,14:33:12,1457.7900,7,2
2026-04-09,600519,14:33:18,1457.7200,1,2
2026-04-09,600519,14:33:21,1457.7200,2,2
2026-04-09,600519,14:33:24,1457.8000,1,1
2026-04-09,600519,14:33:27,1457.8101,9,1
2026-04-09,600519,14:33:30,1457.8000,4,2
2026-04-09,600519,14:33:33,1457.7200,5,2
2026-04-09,600519,14:33:36,1457.9399,3,1
2026-04-09,600519,14:33:39,1457.6700,4,2
2026-04-09,600519,14:33:42,1457.7200,1,1
2026-04-09,600519,14:33:48,1457.6600,1,2
2026-04-09,600519,14:33:51,1457.6300,1,4
2026-04-09,600519,14:33:54,1457.5100,7,2
2026-04-09,600519,14:33:57,1457.6000,4,1
2026-04-09,600519,14:34:00,1457.4800,4,2
2026-04-09,600519,14:34:03,1457.4700,4,2
2026-04-09,600519,14:34:06,1457.5100,1,1
2026-04-09,600519,14:34:09,1457.4800,1,4
2026-04-09,600519,14:34:12,1457.5300,3,1
2026-04-09,600519,14:34:15,1457.5500,3,1
2026-04-09,600519,14:34:18,1457.3900,2,2
2026-04-09,600519,14:34:21,1457.3800,3,2
2026-04-09,600519,14:34:30,1457.3600,4,2
2026-04-09,600519,14:34:33,1457.3500,2,2
2026-04-09,600519,14:34:36,1457.3199,8,2
2026-04-09,600519,14:34:45,1457.3500,1,1
2026-04-09,600519,14:34:48,1457.2800,8,2
2026-04-09,600519,14:34:54,1457.3600,4,1
2026-04-09,600519,14:34:57,1457.4500,2,1
2026-04-09,600519,14:35:00,1457.4500,1,1
2026-04-09,600519,14:35:03,1457.3199,3,2
2026-04-09,600519,14:35:06,1457.4000,1,1
2026-04-09,600519,14:35:09,1457.4100,6,1
2026-04-09,600519,14:35:12,1457.4800,4,1
2026-04-09,600519,14:35:15,1457.5000,2,1
2026-04-09,600519,14:35:18,1458.0000,52,1
2026-04-09,600519,14:35:21,1458.0100,9,2
2026-04-09,600519,14:35:24,1458.2900,7,1
2026-04-09,600519,14:35:33,1458.0100,5,2
2026-04-09,600519,14:35:36,1458.0000,7,2
2026-04-09,600519,14:35:39,1458.0100,4,1
2026-04-09,600519,14:35:45,1458.0100,2,1
2026-04-09,600519,14:35:51,1458.0100,4,1
2026-04-09,600519,14:36:00,1458.0100,1,1
2026-04-09,600519,14:36:03,1458.0100,2,2
2026-04-09,600519,14:36:06,1458.2600,2,1
2026-04-09,600519,14:36:09,1458.2600,2,1
2026-04-09,600519,14:36:12,1458.0300,5,2
2026-04-09,600519,14:36:15,1458.0200,4,2
2026-04-09,600519,14:36:18,1458.2900,1,1
2026-04-09,600519,14:36:21,1458.0200,2,2
2026-04-09,600519,14:36:24,1458.2000,5,1
2026-04-09,600519,14:36:27,1458.0300,2,2
2026-04-09,600519,14:36:30,1458.0400,1,2
2026-04-09,600519,14:36:33,1458.0900,2,2
2026-04-09,600519,14:36:36,1458.2800,4,1
2026-04-09,600519,14:36:39,1458.2800,2,1
2026-04-09,600519,14:36:42,1458.3101,32,1
2026-04-09,600519,14:36:45,1458.5500,2,1
2026-04-09,600519,14:36:48,1458.3900,3,2
2026-04-09,600519,14:36:51,1458.3900,1,2
2026-04-09,600519,14:36:57,1458.3900,1,2
2026-04-09,600519,14:37:03,1458.4800,1,2
2026-04-09,600519,14:37:06,1458.3900,10,2
2026-04-09,600519,14:37:09,1458.3199,16,2
2026-04-09,600519,14:37:12,1458.1400,3,2
2026-04-09,600519,14:37:18,1458.1500,1,2
2026-04-09,600519,14:37:21,1458.3199,1,1
2026-04-09,600519,14:37:24,1458.1400,4,2
2026-04-09,600519,14:37:27,1458.1400,2,2
2026-04-09,600519,14:37:30,1458.1400,1,2
2026-04-09,600519,14:37:33,1458.1400,1,2
2026-04-09,600519,14:37:36,1458.2800,1,1
2026-04-09,600519,14:37:39,1458.1400,4,2
2026-04-09,600519,14:37:42,1458.2800,2,1
2026-04-09,600519,14:37:48,1458.1400,1,2
2026-04-09,600519,14:37:51,1458.1400,4,2
2026-04-09,600519,14:37:57,1458.1500,1,2
2026-04-09,600519,14:38:03,1458.1500,2,2
2026-04-09,600519,14:38:06,1458.1600,6,1
2026-04-09,600519,14:38:09,1458.1500,3,2
2026-04-09,600519,14:38:15,1458.1801,1,2
2026-04-09,600519,14:38:27,1458.1801,1,1
2026-04-09,600519,14:38:30,1458.1801,2,2
2026-04-09,600519,14:38:42,1458.1801,2,2
2026-04-09,600519,14:38:45,1458.2700,5,1
2026-04-09,600519,14:38:51,1458.1801,2,2
2026-04-09,600519,14:39:00,1458.1899,4,2
2026-04-09,600519,14:39:03,1458.2800,2,1
2026-04-09,600519,14:39:06,1458.2300,4,2
2026-04-09,600519,14:39:09,1458.2800,1,1
2026-04-09,600519,14:39:12,1458.1801,4,2
2026-04-09,600519,14:39:15,1458.2200,1,1
2026-04-09,600519,14:39:18,1458.2500,1,2
2026-04-09,600519,14:39:21,1458.1801,2,2
2026-04-09,600519,14:39:24,1458.1801,1,2
2026-04-09,600519,14:39:27,1458.2800,2,1
2026-04-09,600519,14:39:30,1458.2500,1,2
2026-04-09,600519,14:39:39,1458.1500,1,2
2026-04-09,600519,14:39:42,1458.2700,5,1
2026-04-09,600519,14:39:45,1458.2800,2,1
2026-04-09,600519,14:39:51,1458.1600,1,2
2026-04-09,600519,14:39:54,1458.2800,1,1
2026-04-09,600519,14:39:57,1458.2500,2,2
2026-04-09,600519,14:40:00,1458.2800,2,1
2026-04-09,600519,14:40:03,1458.2800,7,1
2026-04-09,600519,14:40:06,1458.1700,1,2
2026-04-09,600519,14:40:09,1458.3000,20,1
2026-04-09,600519,14:40:12,1458.3000,7,1
2026-04-09,600519,14:40:15,1458.2900,8,2
2026-04-09,600519,14:40:18,1458.3000,5,2
2026-04-09,600519,14:40:21,1458.3300,4,1
2026-04-09,600519,14:40:24,1458.3000,2,2
2026-04-09,600519,14:40:27,1458.3101,1,2
2026-04-09,600519,14:40:30,1458.2900,6,2
2026-04-09,600519,14:40:33,1458.0000,22,2
2026-04-09,600519,14:40:36,1458.0000,25,2
2026-04-09,600519,14:40:39,1458.0000,3,2
2026-04-09,600519,14:40:42,1458.0000,2,2
2026-04-09,600519,14:40:48,1458.0000,1,2
2026-04-09,600519,14:40:51,1458.0000,2,2
2026-04-09,600519,14:40:54,1458.1400,1,1
2026-04-09,600519,14:41:03,1458.0000,29,2
2026-04-09,600519,14:41:06,1458.1400,4,1
2026-04-09,600519,14:41:09,1458.0100,4,2
2026-04-09,600519,14:41:12,1458.0100,14,1
2026-04-09,600519,14:41:18,1458.0100,2,1
2026-04-09,600519,14:41:21,1458.0000,5,2
2026-04-09,600519,14:41:24,1458.0000,3,2
2026-04-09,600519,14:41:27,1458.0000,2,2
2026-04-09,600519,14:41:33,1458.0200,2,2
2026-04-09,600519,14:41:36,1458.0200,1,2
2026-04-09,600519,14:41:42,1458.0400,1,1
2026-04-09,600519,14:41:45,1458.0200,4,2
2026-04-09,600519,14:41:48,1458.0200,6,2
2026-04-09,600519,14:41:54,1458.0100,4,2
2026-04-09,600519,14:42:00,1458.0900,8,1
2026-04-09,600519,14:42:06,1458.1000,8,1
2026-04-09,600519,14:42:09,1458.0100,2,2
2026-04-09,600519,14:42:12,1458.0100,1,1
2026-04-09,600519,14:42:15,1458.0100,52,1
2026-04-09,600519,14:42:21,1457.9301,1,2
2026-04-09,600519,14:42:24,1457.9900,3,1
2026-04-09,600519,14:42:30,1458.0900,5,1
2026-04-09,600519,14:42:33,1458.0900,1,1
2026-04-09,600519,14:42:36,1458.0800,1,1
2026-04-09,600519,14:42:39,1458.0900,1,1
2026-04-09,600519,14:42:42,1458.0900,3,1
2026-04-09,600519,14:42:48,1458.0300,4,2
2026-04-09,600519,14:42:51,1458.0900,2,1
2026-04-09,600519,14:42:54,1458.0200,2,2
2026-04-09,600519,14:42:57,1458.0200,1,2
2026-04-09,600519,14:43:00,1458.0200,2,2
2026-04-09,600519,14:43:03,1458.0200,1,2
2026-04-09,600519,14:43:06,1458.0699,1,1
2026-04-09,600519,14:43:09,1458.0200,1,2
2026-04-09,600519,14:43:12,1458.0800,6,1
2026-04-09,600519,14:43:15,1458.0800,4,1
2026-04-09,600519,14:43:18,1458.0300,1,2
2026-04-09,600519,14:43:33,1458.0400,2,2
2026-04-09,600519,14:43:36,1458.0200,14,2
2026-04-09,600519,14:43:39,1458.0500,1,4
2026-04-09,600519,14:43:42,1458.0500,3,1
2026-04-09,600519,14:43:45,1458.0800,2,1
2026-04-09,600519,14:43:51,1458.0800,5,1
2026-04-09,600519,14:43:54,1458.0800,3,1
2026-04-09,600519,14:44:06,1458.0699,2,4
2026-04-09,600519,14:44:09,1458.0800,2,1
2026-04-09,600519,14:44:12,1458.0699,3,4
2026-04-09,600519,14:44:15,1458.0699,2,1
2026-04-09,600519,14:44:18,1458.0699,1,1
2026-04-09,600519,14:44:21,1458.0601,4,2
2026-04-09,600519,14:44:24,1458.0699,5,1
2026-04-09,600519,14:44:27,1458.0699,3,2
2026-04-09,600519,14:44:30,1458.0900,11,1
2026-04-09,600519,14:44:33,1458.0800,3,4
2026-04-09,600519,14:44:36,1458.0900,3,1
2026-04-09,600519,14:44:39,1458.0699,4,2
2026-04-09,600519,14:44:48,1458.0800,2,2
2026-04-09,600519,14:44:51,1458.1000,2,1
2026-04-09,600519,14:44:54,1458.0900,1,1
2026-04-09,600519,14:44:57,1458.0900,3,1
2026-04-09,600519,14:45:00,1458.0900,1,1
2026-04-09,600519,14:45:03,1458.1600,12,1
2026-04-09,600519,14:45:06,1458.1000,5,2
2026-04-09,600519,14:45:09,1458.0900,1,2
2026-04-09,600519,14:45:12,1458.1600,1,1
2026-04-09,600519,14:45:15,1458.0900,2,2
2026-04-09,600519,14:45:18,1458.0900,2,2
2026-04-09,600519,14:45:21,1458.0800,2,2
2026-04-09,600519,14:45:24,1458.0900,3,2
2026-04-09,600519,14:45:30,1458.0900,3,2
2026-04-09,600519,14:45:36,1458.1200,9,2
2026-04-09,600519,14:45:39,1458.1200,1,1
2026-04-09,600519,14:45:45,1458.1100,2,1
2026-04-09,600519,14:45:48,1458.1000,6,1
2026-04-09,600519,14:45:54,1458.1600,10,1
2026-04-09,600519,14:45:57,1458.1000,5,2
2026-04-09,600519,14:46:00,1458.1000,1,2
2026-04-09,600519,14:46:03,1458.1100,5,2
2026-04-09,600519,14:46:06,1458.1200,2,1
2026-04-09,600519,14:46:09,1458.1200,2,1
2026-04-09,600519,14:46:12,1458.1000,6,2
2026-04-09,600519,14:46:15,1458.0800,2,2
2026-04-09,600519,14:46:18,1458.0500,12,2
2026-04-09,600519,14:46:21,1458.0400,5,4
2026-04-09,600519,14:46:24,1458.0200,2,2
2026-04-09,600519,14:46:27,1458.0100,3,2
2026-04-09,600519,14:46:33,1458.0601,1,1
2026-04-09,600519,14:46:36,1458.0100,2,2
2026-04-09,600519,14:46:39,1458.0100,2,2
2026-04-09,600519,14:46:42,1458.0100,1,2
2026-04-09,600519,14:46:45,1458.0300,2,1
2026-04-09,600519,14:46:51,1458.0200,4,1
2026-04-09,600519,14:46:57,1458.0400,2,1
2026-04-09,600519,14:47:00,1458.0000,7,2
2026-04-09,600519,14:47:03,1458.0000,3,2
2026-04-09,600519,14:47:06,1458.0000,3,2
2026-04-09,600519,14:47:09,1458.0400,9,1
2026-04-09,600519,14:47:12,1458.0000,2,1
2026-04-09,600519,14:47:15,1458.0000,4,2
2026-04-09,600519,14:47:18,1458.0500,8,1
2026-04-09,600519,14:47:21,1458.0699,3,1
2026-04-09,600519,14:47:24,1458.0800,4,1
2026-04-09,600519,14:47:30,1458.1000,6,1
2026-04-09,600519,14:47:33,1458.0800,1,1
2026-04-09,600519,14:47:36,1458.0800,11,1
2026-04-09,600519,14:47:39,1458.0900,1,4
2026-04-09,600519,14:47:42,1458.1200,9,1
2026-04-09,600519,14:47:45,1458.1000,7,2
2026-04-09,600519,14:47:54,1458.1600,5,1
2026-04-09,600519,14:47:57,1458.1600,1,1
2026-04-09,600519,14:48:00,1458.1500,3,1
2026-04-09,600519,14:48:03,1458.1500,2,1
2026-04-09,600519,14:48:06,1458.2500,25,1
2026-04-09,600519,14:48:09,1458.2500,6,1
2026-04-09,600519,14:48:12,1458.2500,4,1
2026-04-09,600519,14:48:18,1458.5000,1,1
2026-04-09,600519,14:48:21,1458.5000,2,1
2026-04-09,600519,14:48:24,1458.4900,19,2
2026-04-09,600519,14:48:27,1458.4800,6,2
2026-04-09,600519,14:48:36,1458.8500,6,1
2026-04-09,600519,14:48:39,1458.8500,2,1
2026-04-09,600519,14:48:42,1458.8400,1,1
2026-04-09,600519,14:48:45,1458.8500,1,1
2026-04-09,600519,14:48:48,1458.8700,1,1
2026-04-09,600519,14:48:51,1458.8700,1,1
2026-04-09,600519,14:48:54,1458.8800,3,1
2026-04-09,600519,14:48:57,1458.9600,3,1
2026-04-09,600519,14:49:03,1459.0000,15,1
2026-04-09,600519,14:49:06,1458.8800,18,2
2026-04-09,600519,14:49:12,1459.0800,7,1
2026-04-09,600519,14:49:15,1458.9900,1,2
2026-04-09,600519,14:49:18,1459.1500,3,1
2026-04-09,600519,14:49:21,1459.1500,2,1
2026-04-09,600519,14:49:27,1459.2200,2,1
2026-04-09,600519,14:49:33,1458.9900,2,2
2026-04-09,600519,14:49:36,1459.1400,3,1
2026-04-09,600519,14:49:39,1458.9900,9,2
2026-04-09,600519,14:49:42,1459.1500,2,1
2026-04-09,600519,14:49:45,1459.0000,1,2
2026-04-09,600519,14:49:51,1459.0100,1,2
2026-04-09,600519,14:49:57,1459.0100,5,2
2026-04-09,600519,14:50:00,1459.0100,1,2
2026-04-09,600519,14:50:03,1459.1300,15,1
2026-04-09,600519,14:50:06,1459.0100,1,2
2026-04-09,600519,14:50:09,1458.9900,4,2
2026-04-09,600519,14:50:12,1458.9700,6,2
2026-04-09,600519,14:50:15,1459.1400,51,1
2026-04-09,600519,14:50:18,1459.1400,6,2
2026-04-09,600519,14:50:21,1459.1400,6,2
2026-04-09,600519,14:50:24,1458.9900,8,2
2026-04-09,600519,14:50:27,1459.0000,8,1
2026-04-09,600519,14:50:30,1458.9800,2,2
2026-04-09,600519,14:50:33,1458.9900,17,4
2026-04-09,600519,14:50:36,1459.1801,1,1
2026-04-09,600519,14:50:39,1459.2000,5,1
2026-04-09,600519,14:50:42,1459.1801,2,2
2026-04-09,600519,14:50:45,1459.1801,4,2
2026-04-09,600519,14:50:48,1459.2300,7,1
2026-04-09,600519,14:50:51,1459.0000,1,2
2026-04-09,600519,14:50:54,1459.0000,7,2
2026-04-09,600519,14:51:03,1459.0200,6,1
2026-04-09,600519,14:51:06,1459.0601,4,2
2026-04-09,600519,14:51:12,1459.2000,3,1
2026-04-09,600519,14:51:15,1459.1801,9,2
2026-04-09,600519,14:51:18,1459.1801,6,2
2026-04-09,600519,14:51:21,1459.1801,7,2
2026-04-09,600519,14:51:24,1459.1700,5,2
2026-04-09,600519,14:51:27,1459.1700,2,2
2026-04-09,600519,14:51:30,1459.1600,4,2
2026-04-09,600519,14:51:33,1459.2600,3,1
2026-04-09,600519,14:51:36,1459.2500,1,2
2026-04-09,600519,14:51:39,1459.3000,2,1
2026-04-09,600519,14:51:42,1459.3000,1,2
2026-04-09,600519,14:51:45,1459.3000,6,2
2026-04-09,600519,14:51:51,1459.3000,1,2
2026-04-09,600519,14:51:57,1459.4399,6,1
2026-04-09,600519,14:52:00,1459.4301,2,1
2026-04-09,600519,14:52:03,1459.4399,7,1
2026-04-09,600519,14:52:06,1459.3000,5,2
2026-04-09,600519,14:52:09,1459.4399,3,1
2026-04-09,600519,14:52:12,1459.4399,1,1
2026-04-09,600519,14:52:15,1459.5000,5,1
2026-04-09,600519,14:52:18,1459.4399,3,2
2026-04-09,600519,14:52:21,1459.4900,2,1
2026-04-09,600519,14:52:24,1459.4399,7,2
2026-04-09,600519,14:52:27,1459.4200,5,2
2026-04-09,600519,14:52:30,1459.4399,3,2
2026-04-09,600519,14:52:39,1459.4100,1,2
2026-04-09,600519,14:52:42,1459.4200,4,2
2026-04-09,600519,14:52:45,1459.4399,7,1
2026-04-09,600519,14:52:48,1459.4399,3,1
2026-04-09,600519,14:52:51,1459.4900,3,1
2026-04-09,600519,14:52:54,1459.4900,2,1
2026-04-09,600519,14:52:57,1459.4700,2,4
2026-04-09,600519,14:53:00,1459.4800,1,1
2026-04-09,600519,14:53:03,1459.4500,5,2
2026-04-09,600519,14:53:06,1459.5100,1,1
2026-04-09,600519,14:53:12,1459.5300,5,1
2026-04-09,600519,14:53:15,1459.5100,3,2
2026-04-09,600519,14:53:18,1459.5300,2,2
2026-04-09,600519,14:53:24,1459.6600,5,1
2026-04-09,600519,14:53:27,1459.7000,7,1
2026-04-09,600519,14:53:30,1459.7100,2,1
2026-04-09,600519,14:53:33,1459.5400,1,2
2026-04-09,600519,14:53:36,1459.7100,4,2
2026-04-09,600519,14:53:39,1459.7600,2,1
2026-04-09,600519,14:53:42,1459.7500,4,2
2026-04-09,600519,14:53:45,1459.7500,4,1
2026-04-09,600519,14:53:48,1459.5900,1,2
2026-04-09,600519,14:53:51,1459.7500,5,1
2026-04-09,600519,14:53:54,1459.7500,1,1
2026-04-09,600519,14:53:57,1459.7600,4,1
2026-04-09,600519,14:54:00,1459.7600,4,1
2026-04-09,600519,14:54:03,1459.7200,6,2
2026-04-09,600519,14:54:06,1459.7300,2,2
2026-04-09,600519,14:54:09,1459.7300,5,1
2026-04-09,600519,14:54:12,1459.5800,5,2
2026-04-09,600519,14:54:18,1459.7400,5,1
2026-04-09,600519,14:54:21,1459.7000,3,1
2026-04-09,600519,14:54:24,1459.5800,2,2
2026-04-09,600519,14:54:27,1459.7000,1,1
2026-04-09,600519,14:54:30,1459.7100,7,1
2026-04-09,600519,14:54:33,1459.7100,6,1
2026-04-09,600519,14:54:36,1459.7600,7,1
2026-04-09,600519,14:54:39,1459.7000,3,2
2026-04-09,600519,14:54:42,1459.7700,6,1
2026-04-09,600519,14:54:45,1459.7000,8,1
2026-04-09,600519,14:54:48,1459.6000,2,2
2026-04-09,600519,14:54:51,1459.7100,1,1
2026-04-09,600519,14:54:54,1459.7000,3,1
2026-04-09,600519,14:54:57,1459.7000,17,1
2026-04-09,600519,14:55:03,1459.9000,2,1
2026-04-09,600519,14:55:06,1459.6700,5,2
2026-04-09,600519,14:55:09,1459.7500,2,1
2026-04-09,600519,14:55:12,1459.7900,6,2
2026-04-09,600519,14:55:15,1459.8000,1,2
2026-04-09,600519,14:55:18,1459.9000,6,1
2026-04-09,600519,14:55:21,1459.9000,6,1
2026-04-09,600519,14:55:24,1459.9100,4,1
2026-04-09,600519,14:55:27,1459.9100,6,2
2026-04-09,600519,14:55:30,1459.9600,7,1
2026-04-09,600519,14:55:33,1459.9200,5,2
2026-04-09,600519,14:55:36,1459.9100,25,2
2026-04-09,600519,14:55:39,1459.8600,12,2
2026-04-09,600519,14:55:42,1459.9200,17,1
2026-04-09,600519,14:55:45,1459.9399,21,2
2026-04-09,600519,14:55:48,1459.9399,15,1
2026-04-09,600519,14:55:51,1459.9100,14,1
2026-04-09,600519,14:55:54,1459.9301,16,1
2026-04-09,600519,14:55:57,1459.9301,2,1
2026-04-09,600519,14:56:00,1459.9301,9,1
2026-04-09,600519,14:56:03,1459.7200,7,1
2026-04-09,600519,14:56:06,1459.4399,16,2
2026-04-09,600519,14:56:09,1459.8101,13,1
2026-04-09,600519,14:56:12,1459.9800,5,1
2026-04-09,600519,14:56:15,1459.9000,9,1
2026-04-09,600519,14:56:18,1459.9800,5,1
2026-04-09,600519,14:56:21,1460.0000,17,1
2026-04-09,600519,14:56:24,1460.0000,6,1
2026-04-09,600519,14:56:27,1459.9800,1,2
2026-04-09,600519,14:56:30,1459.9800,5,2
2026-04-09,600519,14:56:33,1460.0000,7,1
2026-04-09,600519,14:56:36,1460.0000,1,1
2026-04-09,600519,14:56:39,1459.9000,2,2
2026-04-09,600519,14:56:42,1460.0000,8,1
2026-04-09,600519,14:56:45,1459.9900,1,2
2026-04-09,600519,14:56:48,1459.9900,1,4
2026-04-09,600519,14:56:51,1459.9800,2,2
2026-04-09,600519,14:56:54,1459.9800,3,2
2026-04-09,600519,14:56:57,1459.9800,3,2
2026-04-09,600519,15:00:03,1460.4900,352,4
2026-04-09,600519,11:12:12,1451.9800,5,1
2026-04-09,600519,11:12:15,1452.0000,5,1
2026-04-09,600519,11:12:18,1451.8800,4,2
2026-04-09,600519,11:12:21,1452.4600,5,1
2026-04-09,600519,11:12:24,1452.0200,5,2
2026-04-09,600519,11:12:33,1452.0100,3,2
2026-04-09,600519,11:12:36,1452.9500,3,1
2026-04-09,600519,11:12:39,1452.3500,12,2
2026-04-09,600519,11:12:42,1452.0200,1,2
2026-04-09,600519,11:12:45,1452.0200,2,2
2026-04-09,600519,11:12:51,1452.9399,2,1
2026-04-09,600519,11:12:54,1452.0200,1,2
2026-04-09,600519,11:12:57,1452.9399,5,1
2026-04-09,600519,11:13:06,1452.0601,2,2
2026-04-09,600519,11:13:09,1452.0300,5,2
2026-04-09,600519,11:13:12,1452.0601,4,1
2026-04-09,600519,11:13:18,1452.9000,5,1
2026-04-09,600519,11:13:24,1452.0200,2,2
2026-04-09,600519,11:13:30,1452.8600,1,1
2026-04-09,600519,11:13:33,1452.0200,1,2
2026-04-09,600519,11:13:36,1452.0300,3,2
2026-04-09,600519,11:13:42,1452.8000,2,1
2026-04-09,600519,11:13:51,1452.8101,2,1
2026-04-09,600519,11:13:54,1452.8400,5,1
2026-04-09,600519,11:13:57,1452.8000,5,1
2026-04-09,600519,11:14:00,1452.1500,2,2
2026-04-09,600519,11:14:03,1452.8800,2,1
2026-04-09,600519,11:14:06,1452.1600,5,2
2026-04-09,600519,11:14:09,1452.8500,1,1
2026-04-09,600519,11:14:12,1452.1700,1,2
2026-04-09,600519,11:14:15,1452.1600,3,2
2026-04-09,600519,11:14:21,1452.7900,2,1
2026-04-09,600519,11:14:27,1452.1400,2,2
2026-04-09,600519,11:14:30,1452.2100,1,2
2026-04-09,600519,11:14:36,1452.5500,1,1
2026-04-09,600519,11:14:39,1452.2200,2,2
2026-04-09,600519,11:14:45,1452.7000,1,1
2026-04-09,600519,11:14:48,1452.4301,1,2
2026-04-09,600519,11:14:54,1452.6899,1,1
2026-04-09,600519,11:14:57,1452.4100,3,2
2026-04-09,600519,11:15:00,1452.6700,2,1
2026-04-09,600519,11:15:03,1452.4100,2,2
2026-04-09,600519,11:15:12,1452.4200,1,2
2026-04-09,600519,11:15:15,1452.6500,2,1
2026-04-09,600519,11:15:21,1452.6600,1,1
2026-04-09,600519,11:15:24,1452.4399,2,2
2026-04-09,600519,11:15:27,1452.4301,8,2
2026-04-09,600519,11:15:33,1452.4200,10,2
2026-04-09,600519,11:15:39,1452.4500,1,1
2026-04-09,600519,11:15:42,1452.4100,13,2
2026-04-09,600519,11:15:54,1452.4000,2,1
2026-04-09,600519,11:15:57,1452.1400,3,2
2026-04-09,600519,11:16:12,1452.0699,2,2
2026-04-09,600519,11:16:15,1452.1100,1,2
2026-04-09,600519,11:16:18,1452.0100,1,2
2026-04-09,600519,11:16:21,1452.0000,1,2
2026-04-09,600519,11:16:24,1452.0000,2,2
2026-04-09,600519,11:16:27,1452.0100,1,1
2026-04-09,600519,11:16:30,1452.0100,4,1
2026-04-09,600519,11:16:36,1452.0100,2,1
2026-04-09,600519,11:16:39,1452.0000,5,2
2026-04-09,600519,11:16:42,1451.8800,2,2
2026-04-09,600519,11:16:48,1452.0000,1,1
2026-04-09,600519,11:17:00,1451.8700,3,2
2026-04-09,600519,11:17:03,1451.8600,1,1
2026-04-09,600519,11:17:09,1451.8600,1,1
2026-04-09,600519,11:17:21,1451.8600,3,1
2026-04-09,600519,11:17:33,1451.8600,5,1
2026-04-09,600519,11:17:36,1452.0000,10,1
2026-04-09,600519,11:17:45,1451.9900,14,1
2026-04-09,600519,11:18:09,1452.0000,2,1
2026-04-09,600519,11:18:12,1452.0100,1,1
2026-04-09,600519,11:18:18,1452.0100,2,1
2026-04-09,600519,11:18:21,1452.0100,2,1
2026-04-09,600519,11:18:24,1452.3101,4,1
2026-04-09,600519,11:18:33,1452.0200,1,2
2026-04-09,600519,11:18:39,1452.3101,6,1
2026-04-09,600519,11:18:48,1452.4100,12,1
2026-04-09,600519,11:18:51,1452.4000,1,2
2026-04-09,600519,11:18:57,1452.4100,3,1
2026-04-09,600519,11:19:00,1452.4000,4,2
2026-04-09,600519,11:19:06,1452.5100,27,1
2026-04-09,600519,11:19:09,1452.6000,3,1
2026-04-09,600519,11:19:21,1452.6000,6,1
2026-04-09,600519,11:19:30,1452.5900,2,1
2026-04-09,600519,11:19:33,1452.6000,1,1
2026-04-09,600519,11:19:36,1452.4700,3,2
2026-04-09,600519,11:19:39,1452.6000,1,1
2026-04-09,600519,11:19:42,1452.6000,1,1
2026-04-09,600519,11:19:45,1452.6100,2,2
2026-04-09,600519,11:19:48,1452.7000,1,1
2026-04-09,600519,11:19:51,1452.6899,1,1
2026-04-09,600519,11:19:54,1452.7000,3,1
2026-04-09,600519,11:19:57,1452.7000,4,1
2026-04-09,600519,11:20:00,1452.7000,2,1
2026-04-09,600519,11:20:03,1452.6000,1,2
2026-04-09,600519,11:20:09,1452.6000,3,2
2026-04-09,600519,11:20:12,1452.7300,1,1
2026-04-09,600519,11:20:18,1452.7300,1,1
2026-04-09,600519,11:20:21,1452.7300,1,2
2026-04-09,600519,11:20:30,1452.6100,2,2
2026-04-09,600519,11:20:36,1452.5601,1,2
2026-04-09,600519,11:20:39,1452.5500,1,2
2026-04-09,600519,11:20:42,1452.5900,3,1
2026-04-09,600519,11:20:48,1452.7200,8,1
2026-04-09,600519,11:20:51,1452.7200,2,2
2026-04-09,600519,11:20:57,1452.7200,1,2
2026-04-09,600519,11:21:00,1452.5900,2,2
2026-04-09,600519,11:21:06,1452.7000,2,2
2026-04-09,600519,11:21:09,1452.5601,2,2
2026-04-09,600519,11:21:15,1452.5601,6,2
2026-04-09,600519,11:21:18,1452.7200,1,1
2026-04-09,600519,11:21:27,1452.7000,3,1
2026-04-09,600519,11:21:33,1452.7000,2,1
2026-04-09,600519,11:21:39,1452.5699,1,2
2026-04-09,600519,11:21:45,1452.6000,3,2
2026-04-09,600519,11:21:48,1452.7200,7,1
2026-04-09,600519,11:21:54,1452.6000,2,2
2026-04-09,600519,11:21:57,1452.6000,2,2
2026-04-09,600519,11:22:03,1452.7100,3,1
2026-04-09,600519,11:22:06,1452.7100,2,1
2026-04-09,600519,11:22:09,1452.8000,1,1
2026-04-09,600519,11:22:12,1452.6300,1,2
2026-04-09,600519,11:22:33,1452.8101,10,1
2026-04-09,600519,11:22:36,1453.0000,1,1
2026-04-09,600519,11:22:39,1453.5601,1,1
2026-04-09,600519,11:22:51,1453.5601,3,1
2026-04-09,600519,11:22:54,1453.5000,6,1
2026-04-09,600519,11:22:57,1453.5400,1,1
2026-04-09,600519,11:23:00,1453.5699,2,1
2026-04-09,600519,11:23:06,1453.5699,2,1
2026-04-09,600519,11:23:12,1453.5699,6,1
2026-04-09,600519,11:23:15,1453.2000,1,2
2026-04-09,600519,11:23:18,1453.9600,5,1
2026-04-09,600519,11:23:24,1453.9600,3,1
2026-04-09,600519,11:23:30,1453.4700,7,2
2026-04-09,600519,11:23:33,1453.9900,5,1
2026-04-09,600519,11:23:36,1453.5900,1,2
2026-04-09,600519,11:23:39,1453.9000,1,1
2026-04-09,600519,11:23:45,1453.9000,1,1
2026-04-09,600519,11:23:48,1453.9399,4,1
2026-04-09,600519,11:23:51,1453.5800,1,2
2026-04-09,600519,11:23:54,1453.9399,2,1
2026-04-09,600519,11:24:00,1453.8500,3,1
2026-04-09,600519,11:24:09,1453.9301,12,1
2026-04-09,600519,11:24:15,1453.4301,1,2
2026-04-09,600519,11:24:18,1453.4301,1,2
2026-04-09,600519,11:24:21,1453.8900,1,1
2026-04-09,600519,11:24:30,1453.4301,4,2
2026-04-09,600519,11:24:36,1453.4399,2,2
2026-04-09,600519,11:24:42,1453.7900,1,2
2026-04-09,600519,11:24:48,1453.7900,6,1
2026-04-09,600519,11:24:51,1453.8700,4,1
2026-04-09,600519,11:25:03,1453.8000,11,1
2026-04-09,600519,11:25:06,1453.7700,5,1
2026-04-09,600519,11:25:09,1453.8000,1,2
2026-04-09,600519,11:25:12,1453.7700,5,2
2026-04-09,600519,11:25:18,1453.0000,7,2
2026-04-09,600519,11:25:21,1453.4301,3,2
2026-04-09,600519,11:25:24,1453.4301,1,2
2026-04-09,600519,11:25:33,1453.2800,2,2
2026-04-09,600519,11:25:36,1453.4301,3,1
2026-04-09,600519,11:25:39,1453.3300,1,2
2026-04-09,600519,11:25:42,1453.3300,1,2
2026-04-09,600519,11:25:48,1453.1400,1,2
2026-04-09,600519,11:25:51,1453.3300,1,1
2026-04-09,600519,11:25:54,1453.3300,1,1
2026-04-09,600519,11:25:57,1453.1200,1,2
2026-04-09,600519,11:26:00,1453.0000,2,2
2026-04-09,600519,11:26:03,1453.0000,1,2
2026-04-09,600519,11:26:06,1452.9900,1,2
2026-04-09,600519,11:26:21,1452.9900,1,1
2026-04-09,600519,11:26:24,1452.7900,4,2
2026-04-09,600519,11:26:27,1452.7700,4,2
2026-04-09,600519,11:26:30,1452.8000,1,1
2026-04-09,600519,11:26:33,1452.5500,1,2
2026-04-09,600519,11:26:36,1452.7900,1,1
2026-04-09,600519,11:26:39,1452.5601,1,2
2026-04-09,600519,11:26:45,1452.7900,1,1
2026-04-09,600519,11:26:48,1452.8000,1,1
2026-04-09,600519,11:26:54,1452.5000,6,2
2026-04-09,600519,11:26:57,1452.4900,1,2
2026-04-09,600519,11:27:00,1452.4000,2,2
2026-04-09,600519,11:27:03,1452.4000,2,2
2026-04-09,600519,11:27:06,1451.8101,2,2
2026-04-09,600519,11:27:09,1452.4301,2,1
2026-04-09,600519,11:27:12,1452.4100,1,1
2026-04-09,600519,11:27:15,1452.0100,1,2
2026-04-09,600519,11:27:21,1452.4200,1,2
2026-04-09,600519,11:27:24,1452.4301,8,1
2026-04-09,600519,11:27:27,1452.4200,2,2
2026-04-09,600519,11:27:30,1452.4200,2,2
2026-04-09,600519,11:27:36,1452.4301,1,2
2026-04-09,600519,11:27:42,1452.4900,1,1
2026-04-09,600519,11:27:45,1452.4200,1,2
2026-04-09,600519,11:27:51,1452.4100,5,2
2026-04-09,600519,11:27:54,1452.1300,1,2
2026-04-09,600519,11:28:06,1452.3700,1,1
2026-04-09,600519,11:28:12,1451.8400,5,2
2026-04-09,600519,11:28:15,1451.8300,1,2
2026-04-09,600519,11:28:21,1451.8000,1,2
2026-04-09,600519,11:28:24,1451.8000,1,2
2026-04-09,600519,11:28:33,1451.3000,2,2
2026-04-09,600519,11:28:42,1451.5800,1,2
2026-04-09,600519,11:28:45,1451.5800,3,1
2026-04-09,600519,11:28:48,1451.2900,1,2
2026-04-09,600519,11:28:51,1451.0500,1,2
2026-04-09,600519,11:28:54,1451.0500,3,2
2026-04-09,600519,11:28:57,1451.0500,2,2
2026-04-09,600519,11:29:00,1451.1899,1,1
2026-04-09,600519,11:29:03,1451.1300,4,2
2026-04-09,600519,11:29:06,1451.2000,4,1
2026-04-09,600519,11:29:09,1451.5800,13,1
2026-04-09,600519,11:29:12,1451.0500,5,2
2026-04-09,600519,11:29:15,1451.3900,1,1
2026-04-09,600519,11:29:36,1451.3600,1,1
2026-04-09,600519,11:29:39,1451.0500,4,2
2026-04-09,600519,11:29:42,1451.3000,1,2
2026-04-09,600519,11:29:45,1451.3000,3,2
2026-04-09,600519,11:29:48,1451.3700,1,1
2026-04-09,600519,11:29:51,1451.3700,1,1
2026-04-09,600519,11:29:54,1451.2000,4,2
2026-04-09,600519,11:29:57,1451.1500,1,2
2026-04-09,600519,13:00:03,1451.2000,15,2
2026-04-09,600519,13:00:06,1451.1500,18,2
2026-04-09,600519,13:00:09,1451.2000,30,1
2026-04-09,600519,13:00:12,1451.2300,8,1
2026-04-09,600519,13:00:15,1451.2000,9,1
2026-04-09,600519,13:00:18,1451.2300,27,2
2026-04-09,600519,13:00:21,1451.3600,5,1
2026-04-09,600519,13:00:24,1451.3700,11,2
2026-04-09,600519,13:00:27,1452.4800,7,1
2026-04-09,600519,13:00:30,1451.2300,3,2
2026-04-09,600519,13:00:33,1451.2900,7,2
2026-04-09,600519,13:00:36,1451.2400,4,2
2026-04-09,600519,13:00:39,1451.0900,12,2
2026-04-09,600519,13:00:42,1451.1700,7,1
2026-04-09,600519,13:00:45,1451.0800,4,2
2026-04-09,600519,13:00:48,1450.8000,10,2
2026-04-09,600519,13:00:51,1450.1801,5,2
2026-04-09,600519,13:00:54,1450.1899,6,2
2026-04-09,600519,13:01:00,1450.1700,2,2
2026-04-09,600519,13:01:06,1450.1801,7,2
2026-04-09,600519,13:01:09,1450.1700,2,2
2026-04-09,600519,13:01:21,1451.0000,1,1
2026-04-09,600519,13:01:27,1451.0000,4,1
2026-04-09,600519,13:01:30,1451.0100,5,1
2026-04-09,600519,13:01:33,1450.9800,3,1
2026-04-09,600519,13:01:36,1450.1899,2,2
2026-04-09,600519,13:01:39,1450.1899,6,2
2026-04-09,600519,13:01:42,1450.8101,15,1
2026-04-09,600519,13:01:45,1450.8000,5,1
2026-04-09,600519,13:01:48,1450.1400,4,2
2026-04-09,600519,13:01:51,1450.8101,2,1
2026-04-09,600519,13:02:00,1450.8000,2,1
2026-04-09,600519,13:02:03,1450.1600,1,2
2026-04-09,600519,13:02:06,1450.7900,2,1
2026-04-09,600519,13:02:09,1450.1600,2,2
2026-04-09,600519,13:02:12,1450.1600,1,2
2026-04-09,600519,13:02:15,1450.8000,7,1
2026-04-09,600519,13:02:18,1450.1600,5,2
2026-04-09,600519,13:02:24,1450.7700,2,1
2026-04-09,600519,13:02:27,1450.0300,13,2
2026-04-09,600519,13:02:30,1450.7700,5,1
2026-04-09,600519,13:02:33,1450.7600,1,1
2026-04-09,600519,13:02:42,1450.5900,1,1
2026-04-09,600519,13:02:45,1450.5900,1,1
2026-04-09,600519,13:02:48,1450.7600,7,1
2026-04-09,600519,13:02:51,1450.8101,4,1
2026-04-09,600519,13:02:54,1450.7800,7,2
2026-04-09,600519,13:03:03,1451.0000,3,1
2026-04-09,600519,13:03:06,1451.0000,2,1
2026-04-09,600519,13:03:09,1451.1200,1,1
2026-04-09,600519,13:03:24,1450.8101,2,2
2026-04-09,600519,13:03:27,1450.8101,2,2
2026-04-09,600519,13:03:30,1451.0000,5,1
2026-04-09,600519,13:03:33,1450.9800,7,1
2026-04-09,600519,13:03:39,1451.0000,4,1
2026-04-09,600519,13:03:42,1450.9100,3,2
2026-04-09,600519,13:03:45,1451.0601,5,1
2026-04-09,600519,13:03:48,1451.0601,7,1
2026-04-09,600519,13:03:51,1451.0601,1,2
2026-04-09,600519,13:03:54,1451.0000,2,2
2026-04-09,600519,13:03:57,1451.4700,4,1
2026-04-09,600519,13:04:03,1451.7800,1,1
2026-04-09,600519,13:04:09,1451.0601,1,2
2026-04-09,600519,13:04:15,1451.7900,5,1
2026-04-09,600519,13:04:24,1451.0601,1,2
2026-04-09,600519,13:04:30,1451.0601,2,2
2026-04-09,600519,13:04:39,1451.7600,1,1
2026-04-09,600519,13:04:42,1451.7700,2,1
2026-04-09,600519,13:04:45,1451.1801,1,2
2026-04-09,600519,13:04:54,1451.7700,1,1
2026-04-09,600519,13:05:00,1451.7800,1,1
2026-04-09,600519,13:05:03,1451.7800,4,1
2026-04-09,600519,13:05:06,1451.7700,5,1
2026-04-09,600519,13:05:09,1451.5300,1,2
2026-04-09,600519,13:05:12,1451.7700,1,1
2026-04-09,600519,13:05:15,1451.5601,18,2
2026-04-09,600519,13:05:18,1451.5699,6,1
2026-04-09,600519,13:05:27,1451.4800,8,2
2026-04-09,600519,13:05:33,1451.4800,5,2
2026-04-09,600519,13:05:36,1451.4100,1,2
2026-04-09,600519,13:05:39,1451.1300,5,2
2026-04-09,600519,13:05:45,1451.0601,1,2
2026-04-09,600519,13:05:48,1451.1700,1,1
2026-04-09,600519,13:05:51,1451.1400,1,1
2026-04-09,600519,13:05:57,1451.1600,1,1
2026-04-09,600519,13:06:00,1451.0601,3,2
2026-04-09,600519,13:06:06,1451.0000,6,2
2026-04-09,600519,13:06:09,1450.9600,3,2
2026-04-09,600519,13:06:12,1450.8900,1,2
2026-04-09,600519,13:06:15,1451.0000,10,1
2026-04-09,600519,13:06:24,1450.9600,8,2
2026-04-09,600519,13:06:27,1450.8900,5,2
2026-04-09,600519,13:06:30,1451.0100,7,1
2026-04-09,600519,13:06:33,1450.9900,2,4
2026-04-09,600519,13:06:39,1450.9800,1,2
2026-04-09,600519,13:06:45,1450.8400,1,2
2026-04-09,600519,13:06:48,1450.8101,3,2
2026-04-09,600519,13:06:51,1450.7600,8,2
2026-04-09,600519,13:06:54,1450.5800,1,2
2026-04-09,600519,13:06:57,1450.0800,6,2
2026-04-09,600519,13:07:00,1450.7000,1,1
2026-04-09,600519,13:07:06,1450.0800,4,2
2026-04-09,600519,13:07:09,1450.0800,4,2
2026-04-09,600519,13:07:12,1450.0300,2,2
2026-04-09,600519,13:07:15,1450.0300,3,2
2026-04-09,600519,13:07:18,1450.0200,2,2
2026-04-09,600519,13:07:21,1450.0200,4,2
2026-04-09,600519,13:07:24,1450.0300,7,1
2026-04-09,600519,13:07:27,1450.0100,2,2
2026-04-09,600519,13:07:30,1450.0100,1,2
2026-04-09,600519,13:07:33,1450.0000,5,2
2026-04-09,600519,13:07:36,1450.0000,2,2
2026-04-09,600519,13:07:39,1450.0000,1,2
2026-04-09,600519,13:07:42,1450.0100,2,1
2026-04-09,600519,13:07:45,1450.0000,5,2
2026-04-09,600519,13:07:48,1450.0100,1,1
2026-04-09,600519,13:07:51,1450.0100,1,1
2026-04-09,600519,13:07:54,1450.0100,8,1
2026-04-09,600519,13:07:57,1450.0000,34,2
2026-04-09,600519,13:08:00,1450.0000,9,2
2026-04-09,600519,13:08:03,1449.9900,8,2
2026-04-09,600519,13:08:06,1450.0000,7,1
2026-04-09,600519,13:08:09,1449.9500,1,2
2026-04-09,600519,13:08:15,1449.9600,4,2
2026-04-09,600519,13:08:18,1449.9500,6,2
2026-04-09,600519,13:08:21,1449.8101,10,2
2026-04-09,600519,13:08:24,1449.8101,3,2
2026-04-09,600519,13:08:27,1449.5800,3,2
2026-04-09,600519,13:08:33,1449.8000,1,1
2026-04-09,600519,13:08:36,1449.8000,1,1
2026-04-09,600519,13:08:39,1449.5900,2,2
2026-04-09,600519,13:08:42,1449.5800,7,2
2026-04-09,600519,13:08:45,1449.5000,6,2
2026-04-09,600519,13:08:48,1449.5000,4,1
2026-04-09,600519,13:08:51,1449.5000,8,2
2026-04-09,600519,13:08:57,1449.5900,8,1
2026-04-09,600519,13:09:00,1449.7300,25,1
2026-04-09,600519,13:09:03,1449.9399,8,1
2026-04-09,600519,13:09:06,1449.8400,16,2
2026-04-09,600519,13:09:09,1449.5900,6,2
2026-04-09,600519,13:09:12,1449.7300,3,2
2026-04-09,600519,13:09:18,1449.8400,1,1
2026-04-09,600519,13:09:21,1449.8400,1,1
2026-04-09,600519,13:09:24,1449.7100,4,2
2026-04-09,600519,13:09:27,1449.6100,5,2
2026-04-09,600519,13:09:33,1449.6100,1,1
2026-04-09,600519,13:09:39,1449.6100,3,1
2026-04-09,600519,13:09:42,1449.6100,3,1
2026-04-09,600519,13:09:48,1449.6000,3,2
2026-04-09,600519,13:09:51,1449.5900,13,2
2026-04-09,600519,13:09:54,1449.5100,10,2
2026-04-09,600519,13:09:57,1449.5100,2,2
2026-04-09,600519,13:10:00,1449.5200,2,1
2026-04-09,600519,13:10:03,1449.5200,4,1
2026-04-09,600519,13:10:06,1449.5900,1,1
2026-04-09,600519,13:10:09,1449.5900,15,1
2026-04-09,600519,13:10:12,1449.5800,1,4
2026-04-09,600519,13:10:15,1449.5699,7,2
2026-04-09,600519,13:10:18,1449.5699,2,1
2026-04-09,600519,13:10:21,1449.5699,2,1
2026-04-09,600519,13:10:24,1449.5699,1,1
2026-04-09,600519,13:10:27,1449.5699,3,1
2026-04-09,600519,13:10:30,1449.5601,2,2
2026-04-09,600519,13:10:33,1449.5699,3,1
2026-04-09,600519,13:10:36,1449.5100,13,2
2026-04-09,600519,13:10:39,1449.5000,8,2
2026-04-09,600519,13:10:42,1449.5000,6,2
2026-04-09,600519,13:10:45,1449.5000,3,2
2026-04-09,600519,13:10:48,1449.5100,1,1
2026-04-09,600519,13:10:51,1449.5100,3,1
2026-04-09,600519,13:10:54,1449.5100,1,1
2026-04-09,600519,13:10:57,1449.5000,1,2
2026-04-09,600519,13:11:00,1449.5000,14,2
2026-04-09,600519,13:11:03,1449.4700,4,1
2026-04-09,600519,13:11:06,1449.4301,2,2
2026-04-09,600519,13:11:09,1449.4301,2,2
2026-04-09,600519,13:11:12,1449.5000,9,1
2026-04-09,600519,13:11:15,1449.5699,6,1
2026-04-09,600519,13:11:18,1449.5699,2,1
2026-04-09,600519,13:11:21,1449.4200,1,2
2026-04-09,600519,13:11:24,1449.4100,7,2
2026-04-09,600519,13:11:27,1449.4000,6,2
2026-04-09,600519,13:11:30,1449.2300,5,2
2026-04-09,600519,13:11:33,1449.1500,3,2
2026-04-09,600519,13:11:36,1449.2200,1,1
2026-04-09,600519,13:11:45,1449.0800,5,2
2026-04-09,600519,13:11:48,1449.0800,2,1
2026-04-09,600519,13:11:51,1449.0100,3,2
2026-04-09,600519,13:11:54,1449.0500,1,1
2026-04-09,600519,13:11:57,1449.0500,2,1
2026-04-09,600519,13:12:00,1449.0200,3,2
2026-04-09,600519,13:12:03,1449.0500,4,1
2026-04-09,600519,13:12:06,1449.0200,1,1
2026-04-09,600519,13:12:09,1449.0100,12,2
2026-04-09,600519,13:12:12,1449.0000,1,2
2026-04-09,600519,13:12:15,1449.0100,3,1
2026-04-09,600519,13:12:18,1449.0000,2,2
2026-04-09,600519,13:12:21,1449.0100,5,1
2026-04-09,600519,13:12:24,1449.0400,3,1
2026-04-09,600519,13:12:27,1449.0000,4,2
2026-04-09,600519,13:12:30,1449.0000,7,2
2026-04-09,600519,13:12:33,1449.0400,16,1
2026-04-09,600519,13:12:36,1449.0000,12,2
2026-04-09,600519,13:12:39,1448.9900,3,4
2026-04-09,600519,13:12:42,1448.9600,3,2
2026-04-09,600519,13:12:45,1448.9900,3,1
2026-04-09,600519,13:12:48,1448.9399,5,1
2026-04-09,600519,13:12:51,1448.8800,3,2
2026-04-09,600519,13:12:54,1448.8800,6,1
2026-04-09,600519,13:12:57,1449.0000,2,1
2026-04-09,600519,13:13:00,1448.8101,6,2
2026-04-09,600519,13:13:03,1448.8101,5,2
2026-04-09,600519,13:13:06,1448.8101,38,2
2026-04-09,600519,13:13:09,1449.6200,3,1
2026-04-09,600519,13:13:12,1449.0000,4,2
2026-04-09,600519,13:13:15,1449.0400,4,2
2026-04-09,600519,13:13:18,1449.8400,3,1
2026-04-09,600519,13:13:21,1450.0000,1,1
2026-04-09,600519,13:13:33,1449.9900,2,1
2026-04-09,600519,13:13:42,1450.0000,3,1
2026-04-09,600519,13:13:45,1450.0000,8,1
2026-04-09,600519,13:13:48,1450.7800,7,1
2026-04-09,600519,13:13:51,1450.8199,4,1
2026-04-09,600519,13:13:57,1450.0601,2,2
2026-04-09,600519,13:14:06,1450.0500,2,2
2026-04-09,600519,13:14:09,1450.4100,6,1
2026-04-09,600519,13:14:12,1450.0500,1,1
2026-04-09,600519,13:14:15,1449.0800,7,2
2026-04-09,600519,13:14:18,1450.0300,2,1
2026-04-09,600519,13:14:24,1449.9900,3,1
2026-04-09,600519,13:14:27,1450.0000,7,1
2026-04-09,600519,13:14:30,1450.0900,1,1
2026-04-09,600519,13:14:33,1450.1000,5,2
2026-04-09,600519,13:14:36,1450.4600,1,1
2026-04-09,600519,13:14:39,1450.1000,1,2
2026-04-09,600519,13:14:45,1450.1100,1,2
2026-04-09,600519,13:14:51,1450.1801,2,2
2026-04-09,600519,13:15:00,1450.1801,11,2
2026-04-09,600519,13:15:03,1450.4500,1,2
2026-04-09,600519,13:15:09,1450.1899,7,2
2026-04-09,600519,13:15:21,1450.6600,9,2
2026-04-09,600519,13:15:24,1450.4800,6,1
2026-04-09,600519,13:15:30,1450.9800,1,1
2026-04-09,600519,13:15:33,1450.9900,1,1
2026-04-09,600519,13:15:36,1451.0000,2,1
2026-04-09,600519,13:15:39,1451.0000,4,1
2026-04-09,600519,13:15:48,1451.1700,1,1
2026-04-09,600519,13:15:54,1451.1600,2,1
2026-04-09,600519,13:16:00,1450.9600,6,2
2026-04-09,600519,13:16:03,1450.9600,2,2
2026-04-09,600519,13:16:06,1450.9900,3,1
2026-04-09,600519,13:16:12,1451.0000,1,1
2026-04-09,600519,13:16:21,1450.9600,3,2
2026-04-09,600519,13:16:24,1451.0000,1,1
2026-04-09,600519,13:16:27,1450.9600,2,2
2026-04-09,600519,13:16:33,1451.0100,8,1
2026-04-09,600519,13:16:36,1451.1600,14,1
2026-04-09,600519,13:16:39,1451.8600,3,1
2026-04-09,600519,13:16:42,1452.0000,9,1
2026-04-09,600519,13:16:45,1452.4500,2,1
2026-04-09,600519,13:16:48,1452.4900,9,1
2026-04-09,600519,13:16:51,1453.0100,15,1
2026-04-09,600519,13:16:54,1453.1500,4,1
2026-04-09,600519,13:16:57,1453.3700,7,1
2026-04-09,600519,13:17:06,1453.0000,10,2
2026-04-09,600519,13:17:09,1453.3700,1,1
2026-04-09,600519,13:17:12,1452.9900,9,2
2026-04-09,600519,13:17:15,1453.4100,14,2
2026-04-09,600519,13:17:18,1453.7200,7,1
2026-04-09,600519,13:17:21,1453.0000,10,2
2026-04-09,600519,13:17:24,1453.0300,9,1
2026-04-09,600519,13:17:27,1453.1000,1,1
2026-04-09,600519,13:17:36,1453.7500,4,1
2026-04-09,600519,13:17:39,1453.7600,2,1
2026-04-09,600519,13:17:42,1453.7800,3,1
2026-04-09,600519,13:17:48,1453.7400,2,1
2026-04-09,600519,13:17:54,1453.7400,2,1
2026-04-09,600519,13:17:57,1453.7600,2,1
2026-04-09,600519,13:18:03,1453.7400,1,1
2026-04-09,600519,13:18:06,1453.7300,1,1
2026-04-09,600519,13:18:09,1453.7400,1,1
2026-04-09,600519,13:18:15,1453.4301,2,2
2026-04-09,600519,13:18:21,1453.3700,1,2
2026-04-09,600519,13:18:24,1453.7500,4,1
2026-04-09,600519,13:18:27,1453.4000,3,2
2026-04-09,600519,13:18:30,1453.3500,2,2
2026-04-09,600519,13:18:33,1453.3500,2,2
2026-04-09,600519,13:18:36,1453.7000,1,1
2026-04-09,600519,13:18:39,1453.7000,2,1
2026-04-09,600519,13:18:45,1453.3300,2,2
2026-04-09,600519,13:18:51,1453.2500,3,2
2026-04-09,600519,13:18:54,1453.2800,1,1
2026-04-09,600519,13:19:00,1453.2300,3,1
2026-04-09,600519,13:19:03,1453.3300,4,1
2026-04-09,600519,13:19:06,1453.2300,1,2
2026-04-09,600519,13:19:09,1453.4800,1,1
2026-04-09,600519,13:19:12,1453.2400,2,2
2026-04-09,600519,13:19:15,1453.2400,1,1
2026-04-09,600519,13:19:18,1453.0000,1,1
2026-04-09,600519,13:19:24,1453.2800,4,1
2026-04-09,600519,13:19:30,1453.2400,3,2
2026-04-09,600519,13:19:33,1453.2400,7,2
2026-04-09,600519,13:19:36,1453.2200,5,2
2026-04-09,600519,13:19:39,1453.1200,2,2
2026-04-09,600519,13:19:51,1453.1200,3,2
2026-04-09,600519,13:19:54,1453.0000,6,2
2026-04-09,600519,13:19:57,1453.0000,8,1
2026-04-09,600519,13:20:03,1452.9900,5,1
2026-04-09,600519,13:20:06,1452.0500,2,2
2026-04-09,600519,13:20:15,1452.9900,4,1
2026-04-09,600519,13:20:21,1452.0500,4,2
2026-04-09,600519,13:20:30,1452.0500,1,2
2026-04-09,600519,13:20:39,1452.0500,2,2
2026-04-09,600519,13:20:57,1452.1200,1,2
2026-04-09,600519,13:21:00,1452.2900,1,2
2026-04-09,600519,13:21:15,1452.1500,13,2
2026-04-09,600519,13:21:18,1452.3800,6,2
2026-04-09,600519,13:21:21,1452.9500,3,1
2026-04-09,600519,13:21:27,1452.9500,4,1
2026-04-09,600519,13:21:30,1452.9500,7,1
2026-04-09,600519,13:21:33,1453.0800,8,1
2026-04-09,600519,13:21:36,1453.1200,5,1
2026-04-09,600519,13:21:39,1453.2200,1,1
2026-04-09,600519,13:21:45,1453.2300,2,1
2026-04-09,600519,13:21:48,1453.2200,2,1
2026-04-09,600519,13:21:51,1453.2800,20,1
2026-04-09,600519,13:21:54,1453.2700,14,2
2026-04-09,600519,13:21:57,1453.2800,7,1
2026-04-09,600519,13:22:00,1453.4800,5,1
2026-04-09,600519,13:22:03,1453.4700,1,1
2026-04-09,600519,13:22:06,1453.5699,3,1
2026-04-09,600519,13:22:09,1453.5699,2,1
2026-04-09,600519,13:22:12,1453.5800,1,1
2026-04-09,600519,13:22:15,1453.6600,3,1
2026-04-09,600519,13:22:18,1453.5800,4,2
2026-04-09,600519,13:22:21,1453.6801,5,1
2026-04-09,600519,13:22:24,1453.6600,4,1
2026-04-09,600519,13:22:27,1453.7300,4,1
2026-04-09,600519,13:22:30,1453.7500,3,1
2026-04-09,600519,13:22:33,1453.7700,1,1
2026-04-09,600519,13:22:36,1453.8800,3,1
2026-04-09,600519,13:22:42,1454.0000,11,1
2026-04-09,600519,13:22:45,1454.0000,10,1
2026-04-09,600519,13:22:48,1454.0601,8,1
2026-04-09,600519,13:22:51,1454.4399,1,1
2026-04-09,600519,13:22:54,1454.4900,1,1
2026-04-09,600519,13:22:57,1454.6700,7,1
2026-04-09,600519,13:23:00,1454.6801,12,1
2026-04-09,600519,13:23:03,1454.8000,5,1
2026-04-09,600519,13:23:06,1454.8700,2,1
2026-04-09,600519,13:23:09,1454.9301,3,1
2026-04-09,600519,13:23:12,1454.9800,3,1
2026-04-09,600519,13:23:15,1455.0000,20,1
2026-04-09,600519,13:23:18,1455.0000,10,1
2026-04-09,600519,13:23:21,1455.3101,12,1
2026-04-09,600519,13:23:24,1455.5800,3,1
2026-04-09,600519,13:23:27,1455.6600,3,1
2026-04-09,600519,13:23:30,1455.7200,2,1
2026-04-09,600519,13:23:33,1455.7600,8,1
2026-04-09,600519,13:23:36,1455.7200,6,2
2026-04-09,600519,13:23:39,1456.0000,14,1
2026-04-09,600519,13:23:42,1456.0800,1,1
2026-04-09,600519,13:23:45,1456.2000,2,1
2026-04-09,600519,13:23:48,1456.3500,3,1
2026-04-09,600519,13:23:51,1456.2600,14,2
2026-04-09,600519,13:23:54,1456.4800,7,1
2026-04-09,600519,13:23:57,1456.4800,9,1
2026-04-09,600519,13:24:00,1456.4800,4,2
2026-04-09,600519,13:24:03,1456.5699,5,1
2026-04-09,600519,13:24:06,1456.9500,4,1
2026-04-09,600519,13:24:09,1456.9600,3,1
2026-04-09,600519,13:24:12,1456.9600,5,1
2026-04-09,600519,13:24:15,1456.9000,6,1
2026-04-09,600519,13:24:18,1456.3400,4,2
2026-04-09,600519,13:24:21,1456.9600,7,1
2026-04-09,600519,13:24:24,1456.9800,7,1
2026-04-09,600519,13:24:27,1456.9800,11,1
2026-04-09,600519,13:24:30,1457.0000,13,1
2026-04-09,600519,13:24:33,1456.9600,7,2
2026-04-09,600519,13:24:36,1456.9500,3,1
2026-04-09,600519,13:24:39,1456.9600,7,1
2026-04-09,600519,13:24:42,1456.9600,4,1
2026-04-09,600519,13:24:45,1456.8900,2,2
2026-04-09,600519,13:24:48,1456.8000,9,2
2026-04-09,600519,13:24:51,1456.9800,5,1
2026-04-09,600519,13:24:54,1456.8000,4,2
2026-04-09,600519,13:24:57,1456.8000,8,2
2026-04-09,600519,13:25:00,1456.8800,11,1
2026-04-09,600519,13:25:03,1456.7900,1,1
2026-04-09,600519,13:25:06,1456.2300,7,2
2026-04-09,600519,13:25:09,1456.8000,3,1
2026-04-09,600519,13:25:12,1456.7900,1,1
2026-04-09,600519,13:25:15,1456.7900,16,1
2026-04-09,600519,13:25:18,1456.7800,1,1
2026-04-09,600519,13:25:21,1456.7900,3,1
2026-04-09,600519,13:25:24,1456.3101,1,2
2026-04-09,600519,13:25:27,1456.7900,3,1
2026-04-09,600519,13:25:33,1456.8000,2,1
2026-04-09,600519,13:25:36,1456.6000,2,1
2026-04-09,600519,13:25:39,1456.5900,2,1
2026-04-09,600519,13:25:42,1456.3101,1,2
2026-04-09,600519,13:25:45,1456.3101,1,2
2026-04-09,600519,13:25:48,1456.6000,7,1
2026-04-09,600519,13:25:54,1456.6000,1,1
2026-04-09,600519,13:25:57,1456.5800,1,2
2026-04-09,600519,13:26:00,1456.6200,8,1
2026-04-09,600519,13:26:03,1456.6000,3,2
2026-04-09,600519,13:26:06,1456.6000,3,1
2026-04-09,600519,13:26:09,1456.6000,6,1
2026-04-09,600519,13:26:12,1456.5900,1,2
2026-04-09,600519,13:26:15,1456.5800,2,2
2026-04-09,600519,13:26:18,1456.6000,3,1
2026-04-09,600519,13:26:21,1456.5900,8,2
2026-04-09,600519,13:26:24,1456.6000,2,1
2026-04-09,600519,13:26:27,1456.2400,9,2
2026-04-09,600519,13:26:33,1456.5900,2,1
2026-04-09,600519,13:26:36,1456.6100,4,1
2026-04-09,600519,13:26:39,1456.6100,2,1
2026-04-09,600519,13:26:42,1456.6000,5,1
2026-04-09,600519,13:26:45,1456.1200,1,2
2026-04-09,600519,13:26:48,1456.5000,1,1
2026-04-09,600519,13:26:51,1456.5900,2,1
2026-04-09,600519,13:26:54,1456.6000,3,1
2026-04-09,600519,13:26:57,1456.6000,5,1
2026-04-09,600519,13:27:00,1456.5900,6,2
2026-04-09,600519,13:27:03,1456.5900,3,1
2026-04-09,600519,13:27:06,1456.6000,2,1
2026-04-09,600519,13:27:09,1456.5900,19,2
2026-04-09,600519,13:27:12,1456.6000,1,1
2026-04-09,600519,13:27:15,1456.6000,6,1
2026-04-09,600519,13:27:18,1456.5900,3,2
2026-04-09,600519,13:27:21,1456.5900,5,1
2026-04-09,600519,13:27:27,1456.6000,5,2
2026-04-09,600519,13:27:33,1456.6300,3,1
2026-04-09,600519,13:27:36,1456.3400,6,2
2026-04-09,600519,13:27:42,1456.6400,5,1
2026-04-09,600519,13:27:45,1456.5900,1,1
2026-04-09,600519,13:27:48,1456.5900,9,2
2026-04-09,600519,13:27:51,1456.6600,1,1
2026-04-09,600519,13:27:54,1456.6801,4,1
2026-04-09,600519,13:28:00,1456.6600,1,1
2026-04-09,600519,13:28:03,1456.2900,3,2
2026-04-09,600519,13:28:09,1456.3500,1,2
2026-04-09,600519,13:28:12,1456.3500,3,2
2026-04-09,600519,13:28:18,1456.5300,2,1
2026-04-09,600519,13:28:21,1456.2500,4,2
2026-04-09,600519,13:28:24,1456.6300,5,1
2026-04-09,600519,13:28:27,1456.3400,3,2
2026-04-09,600519,13:28:30,1456.6000,4,1
2026-04-09,600519,13:28:33,1456.6300,2,1
2026-04-09,600519,13:28:36,1456.3400,5,2
2026-04-09,600519,13:28:39,1456.3400,2,2
2026-04-09,600519,13:28:45,1456.6000,4,1
2026-04-09,600519,13:28:51,1456.6000,3,1
2026-04-09,600519,13:28:54,1456.6000,2,1
2026-04-09,600519,13:28:57,1456.6000,1,1
2026-04-09,600519,13:29:00,1456.3400,2,2
2026-04-09,600519,13:29:03,1456.3400,3,2
2026-04-09,600519,13:29:06,1456.3400,1,2
2026-04-09,600519,13:29:09,1456.3400,8,2
2026-04-09,600519,13:29:12,1456.3400,3,2
2026-04-09,600519,13:29:15,1456.3300,7,2
2026-04-09,600519,13:29:18,1456.3400,1,1
2026-04-09,600519,13:29:21,1456.4301,1,1
2026-04-09,600519,13:29:24,1456.1801,8,2
2026-04-09,600519,13:29:27,1456.1700,13,2
2026-04-09,600519,13:29:30,1456.3400,4,2
2026-04-09,600519,13:29:33,1456.5800,2,1
2026-04-09,600519,13:29:36,1456.6000,4,1
2026-04-09,600519,13:29:39,1456.6000,3,2
2026-04-09,600519,13:29:45,1456.6600,3,1
2026-04-09,600519,13:29:48,1456.6801,17,1
2026-04-09,600519,13:29:51,1456.7900,12,1
2026-04-09,600519,13:29:54,1456.7900,2,2
2026-04-09,600519,13:29:57,1457.0000,9,1
2026-04-09,600519,13:30:00,1457.0000,11,1
2026-04-09,600519,13:30:03,1457.0000,7,1
2026-04-09,600519,13:30:06,1457.4399,7,1
2026-04-09,600519,13:30:09,1457.6600,9,1
2026-04-09,600519,13:30:12,1457.8900,9,1
2026-04-09,600519,13:30:15,1457.9000,10,1
2026-04-09,600519,13:30:18,1458.1899,21,1
2026-04-09,600519,13:30:21,1458.3800,5,1
2026-04-09,600519,13:30:24,1458.7100,3,1
2026-04-09,600519,13:30:27,1458.6801,18,2
2026-04-09,600519,13:30:30,1458.7600,5,1
2026-04-09,600519,13:30:33,1458.8300,7,1
2026-04-09,600519,13:30:36,1458.9700,5,1
2026-04-09,600519,13:30:39,1458.8800,5,1
2026-04-09,600519,13:30:42,1458.9800,2,1
2026-04-09,600519,13:30:45,1458.9800,4,1
2026-04-09,600519,13:30:48,1459.0000,8,1
2026-04-09,600519,13:30:51,1459.0000,9,1
2026-04-09,600519,13:30:54,1458.9800,16,2
2026-04-09,600519,13:30:57,1458.8500,4,2
2026-04-09,600519,13:31:00,1459.0000,6,1
2026-04-09,600519,13:31:03,1458.8500,11,2
2026-04-09,600519,13:31:06,1458.8800,7,1
2026-04-09,600519,13:31:09,1459.0601,8,1
2026-04-09,600519,13:31:12,1459.0500,4,1
2026-04-09,600519,13:31:15,1458.8800,4,2
2026-04-09,600519,13:31:18,1458.8700,12,2
2026-04-09,600519,13:31:21,1458.8600,8,1
2026-04-09,600519,13:31:24,1458.7700,2,2
2026-04-09,600519,13:31:27,1458.9800,5,1
2026-04-09,600519,13:31:30,1459.0400,2,1
2026-04-09,600519,13:31:33,1459.0400,8,1
2026-04-09,600519,13:31:36,1458.9800,3,1
2026-04-09,600519,13:31:42,1458.7800,1,2
2026-04-09,600519,13:31:45,1458.9800,8,1
2026-04-09,600519,13:31:48,1458.7400,9,2
2026-04-09,600519,13:31:51,1458.7600,4,1
2026-04-09,600519,13:31:54,1458.7300,7,2
2026-04-09,600519,13:31:57,1458.7200,2,2
2026-04-09,600519,13:32:00,1458.9700,3,1
2026-04-09,600519,13:32:03,1458.7200,2,2
2026-04-09,600519,13:32:06,1458.7200,1,2
2026-04-09,600519,13:32:09,1458.7200,2,2
2026-04-09,600519,13:32:12,1458.7200,4,2
2026-04-09,600519,13:32:15,1458.7100,6,2
2026-04-09,600519,13:32:18,1458.9200,10,1
2026-04-09,600519,13:32:21,1458.7200,3,2
2026-04-09,600519,13:32:24,1458.6801,2,2
2026-04-09,600519,13:32:27,1458.8700,4,1
2026-04-09,600519,13:32:30,1458.7800,3,2
2026-04-09,600519,13:32:33,1458.6801,4,1
2026-04-09,600519,13:32:36,1458.9200,15,1
2026-04-09,600519,13:32:39,1458.6500,8,2
2026-04-09,600519,13:32:42,1459.0000,21,1
2026-04-09,600519,13:32:45,1459.4100,35,1
2026-04-09,600519,13:32:48,1459.4399,5,1
2026-04-09,600519,13:32:51,1459.4500,4,2
2026-04-09,600519,13:32:54,1459.4500,6,1
2026-04-09,600519,13:32:57,1459.4500,3,2
2026-04-09,600519,13:33:00,1459.5000,8,2
2026-04-09,600519,13:33:03,1459.4900,2,1
2026-04-09,600519,13:33:06,1459.5000,9,1
2026-04-09,600519,13:33:09,1459.4200,4,2
2026-04-09,600519,13:33:12,1459.4500,8,1
2026-04-09,600519,13:33:15,1459.4100,4,2
2026-04-09,600519,13:33:18,1459.4500,15,4
2026-04-09,600519,13:33:21,1459.4800,4,2
2026-04-09,600519,13:33:27,1459.4100,1,2
2026-04-09,600519,13:33:30,1459.4000,4,2
2026-04-09,600519,13:33:36,1459.2100,12,2
2026-04-09,600519,13:33:39,1458.0200,1,2
2026-04-09,600519,13:33:48,1458.6899,2,1
2026-04-09,600519,13:33:51,1458.6100,7,2
2026-04-09,600519,13:33:54,1459.0000,1,1
2026-04-09,600519,13:34:03,1458.0800,3,2
2026-04-09,600519,13:34:06,1458.6300,5,1
2026-04-09,600519,13:34:09,1459.0000,6,1
2026-04-09,600519,13:34:12,1459.0000,2,1
2026-04-09,600519,13:34:15,1458.0000,13,2
2026-04-09,600519,13:34:18,1458.0000,7,1
2026-04-09,600519,13:34:21,1458.0800,1,1
2026-04-09,600519,13:34:24,1458.0800,3,2
2026-04-09,600519,13:34:27,1458.0800,5,2
2026-04-09,600519,13:34:30,1458.0699,2,1
2026-04-09,600519,13:34:33,1458.0800,2,1
2026-04-09,600519,13:34:36,1458.0800,2,1
2026-04-09,600519,13:34:39,1458.0800,2,1
2026-04-09,600519,13:34:45,1458.1000,4,1
2026-04-09,600519,13:34:48,1458.8600,4,1
2026-04-09,600519,13:34:51,1458.8600,1,1
2026-04-09,600519,13:34:54,1458.0699,4,1
2026-04-09,600519,13:34:57,1458.1801,3,1
2026-04-09,600519,13:35:00,1458.8600,7,1
2026-04-09,600519,13:35:03,1458.9800,5,1
2026-04-09,600519,13:35:06,1458.9800,2,1
2026-04-09,600519,13:35:09,1458.5300,1,2
2026-04-09,600519,13:35:12,1458.5300,4,2
2026-04-09,600519,13:35:15,1458.5300,2,2
2026-04-09,600519,13:35:18,1458.5200,10,1
2026-04-09,600519,13:35:24,1458.8800,1,1
2026-04-09,600519,13:35:27,1458.9900,22,1
2026-04-09,600519,13:35:30,1459.0100,4,1
2026-04-09,600519,13:35:33,1459.4000,9,1
2026-04-09,600519,13:35:36,1459.4100,12,1
2026-04-09,600519,13:35:39,1459.4301,3,1
2026-04-09,600519,13:35:42,1459.4100,1,1
2026-04-09,600519,13:35:45,1459.5000,2,1
2026-04-09,600519,13:35:51,1459.4500,1,1
2026-04-09,600519,13:35:54,1459.4600,5,2
2026-04-09,600519,13:35:57,1459.5000,4,1
2026-04-09,600519,13:36:03,1459.6000,8,1
2026-04-09,600519,13:36:06,1459.8000,7,1
2026-04-09,600519,13:36:09,1459.8600,8,1
2026-04-09,600519,13:36:12,1459.7500,1,2
2026-04-09,600519,13:36:18,1459.8800,9,1
2026-04-09,600519,13:36:21,1459.8800,3,1
2026-04-09,600519,13:36:27,1459.7300,1,2
2026-04-09,600519,13:36:30,1459.7000,6,2
2026-04-09,600519,13:36:33,1459.4700,2,2
2026-04-09,600519,13:36:36,1459.4700,1,2
2026-04-09,600519,13:36:39,1459.4700,6,1
2026-04-09,600519,13:36:42,1459.7000,3,1
2026-04-09,600519,13:36:45,1459.4399,1,2
2026-04-09,600519,13:36:48,1459.4500,1,1
2026-04-09,600519,13:36:51,1459.5500,2,1
2026-04-09,600519,13:36:54,1459.4100,2,2
2026-04-09,600519,13:36:57,1459.4100,5,2
2026-04-09,600519,13:37:00,1459.4500,2,2
2026-04-09,600519,13:37:03,1459.4200,4,4
2026-04-09,600519,13:37:06,1459.4100,4,2
2026-04-09,600519,13:37:09,1459.4399,1,1
2026-04-09,600519,13:37:12,1459.4500,2,2
2026-04-09,600519,13:37:15,1459.2600,6,2
2026-04-09,600519,13:37:18,1459.5300,2,1
2026-04-09,600519,13:37:27,1459.4500,5,1
2026-04-09,600519,13:37:30,1459.4301,2,1
2026-04-09,600519,13:37:33,1459.4700,5,1
2026-04-09,600519,13:37:36,1459.5500,1,1
2026-04-09,600519,13:37:39,1459.4100,7,2
2026-04-09,600519,13:37:42,1459.5500,5,1
2026-04-09,600519,13:37:48,1459.5900,3,1
2026-04-09,600519,13:37:51,1459.5100,2,2
2026-04-09,600519,13:37:54,1459.5500,1,1
2026-04-09,600519,13:37:57,1459.5000,1,2
2026-04-09,600519,13:38:03,1459.5100,5,1
2026-04-09,600519,13:38:06,1459.4700,7,2
2026-04-09,600519,13:38:09,1459.4399,6,2
2026-04-09,600519,13:38:12,1459.4399,1,1
2026-04-09,600519,13:38:15,1459.5000,13,1
2026-04-09,600519,13:38:18,1459.4500,1,2
2026-04-09,600519,13:38:21,1459.5000,6,1
2026-04-09,600519,13:38:27,1459.4000,6,1
2026-04-09,600519,13:38:30,1459.4800,19,1
2026-04-09,600519,13:38:33,1459.5000,9,1
2026-04-09,600519,13:38:36,1459.5000,6,1
2026-04-09,600519,13:38:39,1459.5000,12,1
2026-04-09,600519,13:38:42,1459.2800,3,2
2026-04-09,600519,13:38:45,1459.2700,5,2
2026-04-09,600519,13:38:48,1459.5000,2,1
2026-04-09,600519,13:38:51,1459.5000,1,2
2026-04-09,600519,13:38:54,1459.5900,1,1
2026-04-09,600519,13:38:57,1459.3000,1,2
2026-04-09,600519,13:39:00,1459.4900,5,1
2026-04-09,600519,13:39:03,1459.3000,4,2
2026-04-09,600519,13:39:06,1459.6000,3,1
2026-04-09,600519,13:39:09,1459.3000,1,2
2026-04-09,600519,13:39:15,1459.5000,4,1
2026-04-09,600519,13:39:18,1459.3101,4,2
2026-04-09,600519,13:39:21,1459.4900,7,1
2026-04-09,600519,13:39:24,1459.2900,4,2
2026-04-09,600519,13:39:27,1459.6000,10,1
2026-04-09,600519,13:39:30,1459.7100,10,1
2026-04-09,600519,13:39:33,1459.6500,1,2
2026-04-09,600519,13:39:36,1459.6000,5,2
2026-04-09,600519,13:39:39,1459.6000,3,2
2026-04-09,600519,13:39:42,1459.7100,3,1
2026-04-09,600519,13:39:45,1459.6000,5,2
2026-04-09,600519,13:39:48,1459.7600,3,1
2026-04-09,600519,13:39:51,1459.8000,5,1
2026-04-09,600519,13:39:54,1459.7300,4,2
2026-04-09,600519,13:39:57,1459.5699,4,2
2026-04-09,600519,13:40:00,1459.5699,3,2
2026-04-09,600519,13:40:03,1459.5699,2,2
2026-04-09,600519,13:40:06,1459.5699,13,2
2026-04-09,600519,13:40:09,1459.7500,2,1
2026-04-09,600519,13:40:12,1459.7500,5,1
2026-04-09,600519,13:40:15,1459.5699,2,2
2026-04-09,600519,13:40:18,1459.5699,1,2
2026-04-09,600519,13:40:21,1459.5601,1,2
2026-04-09,600519,13:40:24,1459.5601,1,2
2026-04-09,600519,13:40:27,1459.7500,5,1
2026-04-09,600519,13:40:30,1459.5601,3,2
2026-04-09,600519,13:40:33,1459.4700,4,2
2026-04-09,600519,13:40:36,1459.4700,4,2
2026-04-09,600519,13:40:42,1459.7500,6,1
2026-04-09,600519,13:40:45,1459.4700,2,1
2026-04-09,600519,13:40:48,1459.4301,9,2
2026-04-09,600519,13:40:51,1459.4500,1,1
2026-04-09,600519,13:40:54,1459.4700,4,1
2026-04-09,600519,13:40:57,1459.4399,5,1
2026-04-09,600519,13:41:00,1459.4301,6,1
2026-04-09,600519,13:41:03,1459.4000,4,2
2026-04-09,600519,13:41:06,1459.4700,1,2
2026-04-09,600519,13:41:09,1459.5699,1,1
2026-04-09,600519,13:41:12,1459.3500,2,2
2026-04-09,600519,13:41:15,1459.6899,4,1
2026-04-09,600519,13:41:18,1459.6899,2,1
2026-04-09,600519,13:41:21,1459.4399,17,1
2026-04-09,600519,13:41:24,1459.4100,5,2
2026-04-09,600519,13:41:27,1459.4399,2,2
2026-04-09,600519,13:41:30,1459.5601,2,1
2026-04-09,600519,13:41:33,1459.4000,5,2
2026-04-09,600519,13:41:36,1459.6700,2,1
2026-04-09,600519,13:41:39,1459.4000,4,2
2026-04-09,600519,13:41:42,1459.4399,4,1
2026-04-09,600519,13:41:48,1459.5400,5,1
2026-04-09,600519,13:41:51,1459.5000,1,2
2026-04-09,600519,13:41:54,1459.4000,4,2
2026-04-09,600519,13:41:57,1459.6600,2,1
2026-04-09,600519,13:42:00,1459.3900,2,2
2026-04-09,600519,13:42:03,1459.5900,1,1
2026-04-09,600519,13:42:06,1459.3800,9,2
2026-04-09,600519,13:42:09,1459.3500,4,2
2026-04-09,600519,13:42:12,1459.3800,4,1
2026-04-09,600519,13:42:18,1459.4600,4,1
2026-04-09,600519,13:42:21,1459.4000,1,1
2026-04-09,600519,13:42:24,1459.2400,2,2
2026-04-09,600519,13:42:27,1459.2400,4,2
2026-04-09,600519,13:42:30,1459.4500,16,1
2026-04-09,600519,13:42:33,1459.4500,21,1
2026-04-09,600519,13:42:36,1459.6801,8,1
2026-04-09,600519,13:42:39,1459.6801,2,2
2026-04-09,600519,13:42:42,1459.7500,3,1
2026-04-09,600519,13:42:45,1459.6801,6,2
2026-04-09,600519,13:42:48,1459.7400,3,1
2026-04-09,600519,13:42:51,1459.4399,1,2
2026-04-09,600519,13:42:54,1459.6801,3,1
2026-04-09,600519,13:42:57,1459.7400,6,1
2026-04-09,600519,13:43:00,1459.7400,3,1
2026-04-09,600519,13:43:03,1459.7400,7,1
2026-04-09,600519,13:43:06,1459.7300,3,1
2026-04-09,600519,13:43:09,1459.7300,5,1
2026-04-09,600519,13:43:12,1459.7300,1,1
2026-04-09,600519,13:43:15,1459.7400,2,1
2026-04-09,600519,13:43:21,1459.4500,2,2
2026-04-09,600519,13:43:24,1459.7400,3,1
2026-04-09,600519,13:43:33,1459.7400,4,1
2026-04-09,600519,13:43:36,1459.5100,2,2
2026-04-09,600519,13:43:42,1459.4399,5,2
2026-04-09,600519,13:43:45,1459.4100,11,2
2026-04-09,600519,13:43:48,1459.4100,3,2
2026-04-09,600519,13:43:51,1459.3101,6,2
2026-04-09,600519,13:43:54,1459.2700,2,2
2026-04-09,600519,13:43:57,1459.2700,3,1
2026-04-09,600519,13:44:00,1459.2200,4,2
2026-04-09,600519,13:44:03,1459.4200,11,1
2026-04-09,600519,13:44:06,1459.0000,2,2
2026-04-09,600519,13:44:09,1458.9900,5,2
2026-04-09,600519,13:44:12,1458.9900,1,2
2026-04-09,600519,13:44:15,1458.9600,8,2
2026-04-09,600519,13:44:18,1458.9600,1,1
2026-04-09,600519,13:44:24,1458.9600,6,1
2026-04-09,600519,13:44:27,1458.9600,4,2
2026-04-09,600519,13:44:30,1459.0000,1,1
2026-04-09,600519,13:44:36,1458.9900,7,1
2026-04-09,600519,13:44:39,1458.9600,3,2
2026-04-09,600519,13:44:42,1459.0000,1,1
2026-04-09,600519,13:44:45,1459.0000,2,1
2026-04-09,600519,13:44:54,1457.7200,2,2
2026-04-09,600519,13:44:57,1458.9900,2,1
2026-04-09,600519,13:45:00,1459.0000,3,1
2026-04-09,600519,13:45:03,1458.8101,3,2
2026-04-09,600519,13:45:06,1457.8700,1,2
2026-04-09,600519,13:45:18,1457.8700,4,2
2026-04-09,600519,13:45:24,1457.9900,2,1
2026-04-09,600519,13:45:27,1458.0000,2,1
2026-04-09,600519,13:45:30,1457.8900,2,2
2026-04-09,600519,13:45:33,1457.9000,2,2
2026-04-09,600519,13:45:36,1458.0000,2,1
2026-04-09,600519,13:45:39,1457.8900,1,2
2026-04-09,600519,13:45:42,1457.9900,3,1
2026-04-09,600519,13:45:45,1457.8700,4,2
2026-04-09,600519,13:45:48,1457.7800,1,2
2026-04-09,600519,13:45:51,1457.7200,6,2
2026-04-09,600519,13:45:54,1457.6200,9,2
2026-04-09,600519,13:45:57,1457.0000,5,2
2026-04-09,600519,13:46:00,1457.5601,1,1
2026-04-09,600519,13:46:03,1457.4600,2,1
2026-04-09,600519,13:46:06,1456.1500,2,2
2026-04-09,600519,13:46:09,1456.1899,1,2
2026-04-09,600519,13:46:12,1456.2000,1,2
2026-04-09,600519,13:46:15,1457.4200,1,1
2026-04-09,600519,13:46:24,1457.4301,2,1
2026-04-09,600519,13:46:27,1456.1899,1,2
2026-04-09,600519,13:46:33,1456.2100,5,2
2026-04-09,600519,13:46:36,1457.3600,4,1
2026-04-09,600519,13:46:39,1457.3600,2,1
2026-04-09,600519,13:46:42,1457.3300,1,1
2026-04-09,600519,13:46:45,1457.3600,4,1
2026-04-09,600519,13:46:48,1456.2100,1,2
2026-04-09,600519,13:46:51,1457.3199,2,1
2026-04-09,600519,13:46:54,1457.3199,1,1
2026-04-09,600519,10:08:06,1450.5200,14,2
2026-04-09,600519,10:08:09,1450.4500,22,2
2026-04-09,600519,10:08:12,1450.4500,10,2
2026-04-09,600519,10:08:15,1450.3000,15,2
2026-04-09,600519,10:08:18,1450.1100,15,2
2026-04-09,600519,10:08:21,1450.1000,9,2
2026-04-09,600519,10:08:24,1450.1200,3,2
2026-04-09,600519,10:08:27,1450.0400,26,2
2026-04-09,600519,10:08:30,1450.2400,9,1
2026-04-09,600519,10:08:33,1450.2500,2,1
2026-04-09,600519,10:08:36,1450.1100,6,2
2026-04-09,600519,10:08:39,1450.1000,3,2
2026-04-09,600519,10:08:42,1450.0300,3,2
2026-04-09,600519,10:08:48,1450.0300,23,2
2026-04-09,600519,10:08:51,1450.0200,11,2
2026-04-09,600519,10:08:54,1450.0601,5,1
2026-04-09,600519,10:08:57,1450.0200,1,2
2026-04-09,600519,10:09:00,1450.0699,3,2
2026-04-09,600519,10:09:03,1450.0000,196,2
2026-04-09,600519,10:09:06,1450.0699,14,1
2026-04-09,600519,10:09:09,1450.0000,48,2
2026-04-09,600519,10:09:12,1450.0699,4,1
2026-04-09,600519,10:09:18,1450.0500,3,2
2026-04-09,600519,10:09:21,1450.0699,1,1
2026-04-09,600519,10:09:24,1450.0699,5,1
2026-04-09,600519,10:09:27,1450.0900,15,2
2026-04-09,600519,10:09:30,1450.5000,6,1
2026-04-09,600519,10:09:33,1450.8000,1,1
2026-04-09,600519,10:09:36,1450.9900,3,1
2026-04-09,600519,10:09:39,1451.0000,7,1
2026-04-09,600519,10:09:42,1451.0000,1,2
2026-04-09,600519,10:09:48,1451.0100,4,2
2026-04-09,600519,10:09:51,1451.6600,2,1
2026-04-09,600519,10:09:54,1451.6600,2,1
2026-04-09,600519,10:09:57,1451.6600,6,1
2026-04-09,600519,10:10:00,1451.4600,5,2
2026-04-09,600519,10:10:03,1451.1300,7,2
2026-04-09,600519,10:10:06,1451.4500,4,2
2026-04-09,600519,10:10:09,1451.1200,11,2
2026-04-09,600519,10:10:12,1451.3300,2,2
2026-04-09,600519,10:10:15,1451.3300,10,2
2026-04-09,600519,10:10:18,1450.9600,39,2
2026-04-09,600519,10:10:21,1450.5000,4,2
2026-04-09,600519,10:10:24,1450.3000,5,2
2026-04-09,600519,10:10:27,1450.2200,1,2
2026-04-09,600519,10:10:30,1450.1801,10,2
2026-04-09,600519,10:10:33,1450.2200,4,1
2026-04-09,600519,10:10:36,1450.0699,9,2
2026-04-09,600519,10:10:39,1450.1000,6,2
2026-04-09,600519,10:10:42,1450.1801,2,1
2026-04-09,600519,10:10:45,1450.1801,12,1
2026-04-09,600519,10:10:48,1450.0699,4,2
2026-04-09,600519,10:10:51,1450.0800,6,2
2026-04-09,600519,10:10:54,1450.1700,4,1
2026-04-09,600519,10:10:57,1450.0601,40,2
2026-04-09,600519,10:11:00,1450.0300,11,2
2026-04-09,600519,10:11:03,1450.0300,9,1
2026-04-09,600519,10:11:06,1450.0100,2,2
2026-04-09,600519,10:11:09,1450.0100,2,2
2026-04-09,600519,10:11:12,1450.0300,15,1
2026-04-09,600519,10:11:15,1450.0601,4,1
2026-04-09,600519,10:11:18,1450.0601,3,1
2026-04-09,600519,10:11:21,1450.0200,5,2
2026-04-09,600519,10:11:24,1450.0100,38,2
2026-04-09,600519,10:11:27,1450.0200,6,2
2026-04-09,600519,10:11:30,1450.0601,9,1
2026-04-09,600519,10:11:33,1450.0200,4,2
2026-04-09,600519,10:11:36,1450.0601,3,1
2026-04-09,600519,10:11:39,1450.0601,3,1
2026-04-09,600519,10:11:42,1450.0699,3,1
2026-04-09,600519,10:11:45,1450.0601,3,1
2026-04-09,600519,10:11:48,1450.0800,3,1
2026-04-09,600519,10:11:51,1450.0699,2,2
2026-04-09,600519,10:11:54,1450.0800,3,1
2026-04-09,600519,10:11:57,1450.1700,2,2
2026-04-09,600519,10:12:00,1450.1700,5,2
2026-04-09,600519,10:12:03,1450.1600,5,1
2026-04-09,600519,10:12:06,1450.1801,9,1
2026-04-09,600519,10:12:09,1450.1801,4,2
2026-04-09,600519,10:12:12,1450.1600,3,2
2026-04-09,600519,10:12:15,1450.0800,4,1
2026-04-09,600519,10:12:18,1450.0800,5,1
2026-04-09,600519,10:12:21,1451.0601,21,1
2026-04-09,600519,10:12:24,1450.1801,8,2
2026-04-09,600519,10:12:27,1450.1801,15,2
2026-04-09,600519,10:12:30,1450.1801,6,1
2026-04-09,600519,10:12:33,1450.1801,7,1
2026-04-09,600519,10:12:36,1450.0800,4,2
2026-04-09,600519,10:12:39,1450.1801,1,1
2026-04-09,600519,10:12:42,1450.1000,4,2
2026-04-09,600519,10:12:45,1450.1801,4,1
2026-04-09,600519,10:12:48,1450.1801,1,2
2026-04-09,600519,10:12:51,1451.0601,1,1
2026-04-09,600519,10:12:54,1450.1801,1,2
2026-04-09,600519,10:12:57,1451.0601,2,1
2026-04-09,600519,10:13:00,1451.0500,1,1
2026-04-09,600519,10:13:03,1451.0601,5,1
2026-04-09,600519,10:13:06,1451.0400,2,1
2026-04-09,600519,10:13:09,1451.0300,5,1
2026-04-09,600519,10:13:12,1451.0500,8,1
2026-04-09,600519,10:13:15,1450.1801,16,2
2026-04-09,600519,10:13:18,1450.0900,10,2
2026-04-09,600519,10:13:21,1449.8300,142,2
2026-04-09,600519,10:13:24,1449.1899,15,2
2026-04-09,600519,10:13:27,1449.1000,9,2
2026-04-09,600519,10:13:30,1449.0200,7,2
2026-04-09,600519,10:13:33,1448.8500,33,2
2026-04-09,600519,10:13:36,1448.5500,15,2
2026-04-09,600519,10:13:39,1448.3600,3,2
2026-04-09,600519,10:13:42,1448.1200,2,2
2026-04-09,600519,10:13:45,1448.0500,11,2
2026-04-09,600519,10:13:48,1448.0200,8,2
2026-04-09,600519,10:13:51,1448.0699,10,1
2026-04-09,600519,10:13:54,1448.0500,12,2
2026-04-09,600519,10:13:57,1448.0500,15,2
2026-04-09,600519,10:14:00,1448.0699,3,2
2026-04-09,600519,10:14:03,1448.1000,4,1
2026-04-09,600519,10:14:06,1448.1100,28,1
2026-04-09,600519,10:14:09,1448.1300,7,2
2026-04-09,600519,10:14:12,1448.3900,6,1
2026-04-09,600519,10:14:15,1448.0900,21,2
2026-04-09,600519,10:14:18,1448.1700,6,1
2026-04-09,600519,10:14:21,1448.3800,12,1
2026-04-09,600519,10:14:24,1448.1500,6,2
2026-04-09,600519,10:14:27,1448.1700,2,1
2026-04-09,600519,10:14:30,1448.1400,18,2
2026-04-09,600519,10:14:33,1448.1500,6,1
2026-04-09,600519,10:14:36,1448.1500,6,1
2026-04-09,600519,10:14:39,1448.1600,4,1
2026-04-09,600519,10:14:42,1448.6200,3,1
2026-04-09,600519,10:14:45,1448.1500,7,2
2026-04-09,600519,10:14:48,1448.6200,6,1
2026-04-09,600519,10:14:51,1448.6200,2,1
2026-04-09,600519,10:14:54,1448.6200,4,1
2026-04-09,600519,10:15:00,1449.0100,10,1
2026-04-09,600519,10:15:03,1448.6200,7,2
2026-04-09,600519,10:15:06,1448.6300,5,2
2026-04-09,600519,10:15:09,1448.6300,3,2
2026-04-09,600519,10:15:12,1449.8101,3,1
2026-04-09,600519,10:15:15,1448.6400,1,2
2026-04-09,600519,10:15:18,1449.7900,1,1
2026-04-09,600519,10:15:21,1449.7900,6,1
2026-04-09,600519,10:15:24,1448.6500,1,2
2026-04-09,600519,10:15:27,1448.6500,5,2
2026-04-09,600519,10:15:30,1448.6500,5,2
2026-04-09,600519,10:15:33,1448.6600,7,1
2026-04-09,600519,10:15:36,1449.7800,1,1
2026-04-09,600519,10:15:39,1448.7000,1,2
2026-04-09,600519,10:15:42,1448.7100,1,2
2026-04-09,600519,10:15:45,1449.8800,9,1
2026-04-09,600519,10:15:48,1449.7800,5,1
2026-04-09,600519,10:15:51,1449.7800,7,1
2026-04-09,600519,10:15:54,1449.9399,6,1
2026-04-09,600519,10:15:57,1449.0699,4,2
2026-04-09,600519,10:16:00,1449.0800,2,2
2026-04-09,600519,10:16:03,1449.0900,1,2
2026-04-09,600519,10:16:06,1449.0900,3,2
2026-04-09,600519,10:16:09,1449.1000,1,2
2026-04-09,600519,10:16:15,1449.1600,2,2
2026-04-09,600519,10:16:18,1449.3300,8,2
2026-04-09,600519,10:16:21,1449.3300,8,2
2026-04-09,600519,10:16:24,1450.7600,5,1
2026-04-09,600519,10:16:27,1449.9800,1,2
2026-04-09,600519,10:16:30,1449.9800,1,1
2026-04-09,600519,10:16:33,1449.9800,3,1
2026-04-09,600519,10:16:36,1450.0000,1,1
2026-04-09,600519,10:16:39,1450.0100,2,2
2026-04-09,600519,10:16:42,1450.0000,1,1
2026-04-09,600519,10:16:48,1450.7500,8,1
2026-04-09,600519,10:16:51,1450.6899,11,1
2026-04-09,600519,10:16:54,1450.0000,3,2
2026-04-09,600519,10:17:00,1450.7800,1,1
2026-04-09,600519,10:17:03,1450.0000,2,2
2026-04-09,600519,10:17:06,1450.7500,3,1
2026-04-09,600519,10:17:09,1450.0100,2,2
2026-04-09,600519,10:17:12,1450.0100,2,2
2026-04-09,600519,10:17:15,1450.0100,2,2
2026-04-09,600519,10:17:24,1450.6801,1,1
2026-04-09,600519,10:17:27,1450.6801,1,1
2026-04-09,600519,10:17:30,1450.0699,6,2
2026-04-09,600519,10:17:33,1450.0800,2,2
2026-04-09,600519,10:17:39,1450.6801,1,1
2026-04-09,600519,10:17:42,1450.7400,12,1
2026-04-09,600519,10:17:45,1450.7400,4,1
2026-04-09,600519,10:17:48,1450.7400,3,1
2026-04-09,600519,10:17:51,1450.7500,5,1
2026-04-09,600519,10:17:54,1450.6899,1,2
2026-04-09,600519,10:17:57,1450.7500,16,1
2026-04-09,600519,10:18:00,1450.7500,13,1
2026-04-09,600519,10:18:03,1450.0699,2,2
2026-04-09,600519,10:18:06,1450.6801,4,1
2026-04-09,600519,10:18:12,1450.7300,5,1
2026-04-09,600519,10:18:15,1450.0699,2,2
2026-04-09,600519,10:18:27,1450.0800,3,2
2026-04-09,600519,10:18:33,1450.7200,9,1
2026-04-09,600519,10:18:36,1450.1000,1,2
2026-04-09,600519,10:18:39,1450.7000,2,1
2026-04-09,600519,10:18:42,1450.0800,3,2
2026-04-09,600519,10:18:45,1450.0800,1,2
2026-04-09,600519,10:18:48,1450.0800,7,2
2026-04-09,600519,10:18:51,1450.0699,23,2
2026-04-09,600519,10:18:54,1450.2000,9,1
2026-04-09,600519,10:18:57,1450.0000,4,2
2026-04-09,600519,10:19:00,1450.1000,4,1
2026-04-09,600519,10:19:03,1450.6200,1,1
2026-04-09,600519,10:19:06,1450.6200,6,1
2026-04-09,600519,10:19:09,1450.6200,4,1
2026-04-09,600519,10:19:12,1450.6300,6,1
2026-04-09,600519,10:19:15,1450.6200,2,1
2026-04-09,600519,10:19:18,1450.6300,1,1
2026-04-09,600519,10:19:21,1450.6700,1,1
2026-04-09,600519,10:19:24,1450.7200,6,1
2026-04-09,600519,10:19:27,1450.5000,7,2
2026-04-09,600519,10:19:30,1450.6300,1,1
2026-04-09,600519,10:19:33,1450.1100,2,2
2026-04-09,600519,10:19:36,1450.1300,1,2
2026-04-09,600519,10:19:39,1450.6200,1,1
2026-04-09,600519,10:19:42,1450.6200,4,1
2026-04-09,600519,10:19:48,1450.1899,1,2
2026-04-09,600519,10:19:51,1450.6200,8,2
2026-04-09,600519,10:19:54,1451.0000,16,1
2026-04-09,600519,10:19:57,1451.0400,3,1
2026-04-09,600519,10:20:00,1450.9000,1,2
2026-04-09,600519,10:20:03,1450.9000,1,1
2026-04-09,600519,10:20:09,1450.6500,1,2
2026-04-09,600519,10:20:12,1450.9000,2,1
2026-04-09,600519,10:20:15,1450.9000,4,2
2026-04-09,600519,10:20:18,1450.6600,2,2
2026-04-09,600519,10:20:21,1450.7100,2,1
2026-04-09,600519,10:20:24,1450.6600,12,2
2026-04-09,600519,10:20:27,1450.6100,4,2
2026-04-09,600519,10:20:30,1450.7400,12,1
2026-04-09,600519,10:20:33,1450.1200,6,2
2026-04-09,600519,10:20:36,1450.5900,3,1
2026-04-09,600519,10:20:39,1450.1000,3,2
2026-04-09,600519,10:20:42,1450.1000,7,2
2026-04-09,600519,10:20:45,1450.6000,1,1
2026-04-09,600519,10:20:48,1450.1300,1,2
2026-04-09,600519,10:20:54,1450.5601,5,1
2026-04-09,600519,10:21:00,1450.7200,9,1
2026-04-09,600519,10:21:03,1450.5400,6,1
2026-04-09,600519,10:21:06,1450.1200,6,2
2026-04-09,600519,10:21:09,1450.2000,6,2
2026-04-09,600519,10:21:12,1450.2000,2,2
2026-04-09,600519,10:21:15,1450.2000,2,2
2026-04-09,600519,10:21:21,1450.5400,3,1
2026-04-09,600519,10:21:24,1450.2000,2,2
2026-04-09,600519,10:21:27,1450.2000,4,2
2026-04-09,600519,10:21:30,1450.5500,5,1
2026-04-09,600519,10:21:33,1450.2000,4,2
2026-04-09,600519,10:21:36,1450.2000,11,2
2026-04-09,600519,10:21:39,1450.5500,1,2
2026-04-09,600519,10:21:42,1450.5601,2,1
2026-04-09,600519,10:21:45,1450.5500,3,2
2026-04-09,600519,10:21:48,1450.5601,7,1
2026-04-09,600519,10:21:51,1450.1100,3,2
2026-04-09,600519,10:21:57,1450.1200,9,2
2026-04-09,600519,10:22:00,1450.7400,12,1
2026-04-09,600519,10:22:03,1450.7500,4,1
2026-04-09,600519,10:22:06,1450.9700,9,1
2026-04-09,600519,10:22:09,1450.4399,18,2
2026-04-09,600519,10:22:12,1450.9700,5,2
2026-04-09,600519,10:22:15,1451.2700,1,1
2026-04-09,600519,10:22:24,1450.9800,7,2
2026-04-09,600519,10:22:27,1450.9900,6,2
2026-04-09,600519,10:22:30,1451.2700,5,1
2026-04-09,600519,10:22:33,1451.0200,2,2
2026-04-09,600519,10:22:36,1451.0000,8,2
2026-04-09,600519,10:22:39,1450.9800,1,2
2026-04-09,600519,10:22:42,1451.2700,14,1
2026-04-09,600519,10:22:45,1451.2700,3,1
2026-04-09,600519,10:22:48,1451.5200,2,1
2026-04-09,600519,10:22:54,1451.9100,1,1
2026-04-09,600519,10:23:00,1451.5400,16,2
2026-04-09,600519,10:23:03,1451.5100,18,2
2026-04-09,600519,10:23:06,1451.2700,13,2
2026-04-09,600519,10:23:09,1451.0100,4,2
2026-04-09,600519,10:23:12,1451.0100,20,1
2026-04-09,600519,10:23:15,1450.9800,2,2
2026-04-09,600519,10:23:21,1451.0000,4,1
2026-04-09,600519,10:23:24,1451.0000,2,1
2026-04-09,600519,10:23:27,1450.9700,8,2
2026-04-09,600519,10:23:30,1450.8900,5,2
2026-04-09,600519,10:23:33,1450.3500,3,2
2026-04-09,600519,10:23:45,1450.3199,6,2
2026-04-09,600519,10:23:48,1450.3300,4,2
2026-04-09,600519,10:23:51,1450.3199,6,2
2026-04-09,600519,10:23:54,1450.3199,4,2
2026-04-09,600519,10:23:57,1450.3199,3,2
2026-04-09,600519,10:24:00,1450.1100,7,2
2026-04-09,600519,10:24:03,1450.3300,2,1
2026-04-09,600519,10:24:06,1450.3300,4,1
2026-04-09,600519,10:24:15,1450.3199,3,1
2026-04-09,600519,10:24:18,1450.1801,2,2
2026-04-09,600519,10:24:21,1450.3199,3,1
2026-04-09,600519,10:24:24,1450.3300,17,1
2026-04-09,600519,10:24:27,1450.3600,3,1
2026-04-09,600519,10:24:36,1450.5100,1,2
2026-04-09,600519,10:24:48,1451.3700,4,1
2026-04-09,600519,10:24:51,1450.5100,6,2
2026-04-09,600519,10:24:57,1450.3400,20,2
2026-04-09,600519,10:25:00,1450.3199,6,2
2026-04-09,600519,10:25:03,1450.5100,8,1
2026-04-09,600519,10:25:06,1450.3199,1,2
2026-04-09,600519,10:25:09,1450.3199,3,2
2026-04-09,600519,10:25:12,1450.4200,3,1
2026-04-09,600519,10:25:15,1450.3300,12,2
2026-04-09,600519,10:25:18,1450.3101,15,2
2026-04-09,600519,10:25:21,1450.4100,2,1
2026-04-09,600519,10:25:27,1450.4100,10,1
2026-04-09,600519,10:25:33,1450.4301,2,2
2026-04-09,600519,10:25:36,1450.4100,7,2
2026-04-09,600519,10:25:39,1451.2900,5,1
2026-04-09,600519,10:25:42,1450.4600,5,1
2026-04-09,600519,10:25:45,1450.4600,1,2
2026-04-09,600519,10:25:51,1450.4600,1,2
2026-04-09,600519,10:25:54,1450.5000,1,2
2026-04-09,600519,10:26:03,1450.3600,1,2
2026-04-09,600519,10:26:06,1450.3500,16,2
2026-04-09,600519,10:26:09,1450.3500,2,2
2026-04-09,600519,10:26:12,1450.3500,8,2
2026-04-09,600519,10:26:15,1450.2100,23,2
2026-04-09,600519,10:26:18,1450.0699,13,2
2026-04-09,600519,10:26:21,1450.0000,18,2
2026-04-09,600519,10:26:24,1450.0000,25,2
2026-04-09,600519,10:26:27,1449.5000,11,2
2026-04-09,600519,10:26:30,1449.5000,1,2
2026-04-09,600519,10:26:33,1449.2600,4,2
2026-04-09,600519,10:26:36,1449.2600,6,2
2026-04-09,600519,10:26:39,1449.1000,3,2
2026-04-09,600519,10:26:42,1449.0000,6,2
2026-04-09,600519,10:26:45,1449.5000,8,1
2026-04-09,600519,10:26:48,1449.3600,3,2
2026-04-09,600519,10:26:54,1449.2700,2,2
2026-04-09,600519,10:26:57,1449.2600,2,2
2026-04-09,600519,10:27:00,1449.2600,1,2
2026-04-09,600519,10:27:03,1449.2600,1,2
2026-04-09,600519,10:27:06,1449.6801,12,1
2026-04-09,600519,10:27:09,1449.2600,4,1
2026-04-09,600519,10:27:12,1449.2000,4,2
2026-04-09,600519,10:27:15,1449.2000,1,2
2026-04-09,600519,10:27:18,1449.2600,1,1
2026-04-09,600519,10:27:21,1449.2600,1,1
2026-04-09,600519,10:27:24,1449.2600,5,1
2026-04-09,600519,10:27:36,1449.2700,1,2
2026-04-09,600519,10:27:39,1449.2600,2,2
2026-04-09,600519,10:27:42,1449.2700,2,2
2026-04-09,600519,10:27:48,1449.2600,6,2
2026-04-09,600519,10:27:51,1449.2600,6,1
2026-04-09,600519,10:28:00,1449.1000,3,2
2026-04-09,600519,10:28:03,1449.0800,3,2
2026-04-09,600519,10:28:06,1449.0601,4,2
2026-04-09,600519,10:28:09,1449.0300,1,2
2026-04-09,600519,10:28:12,1449.0200,2,2
2026-04-09,600519,10:28:15,1449.2600,1,1
2026-04-09,600519,10:28:18,1449.0300,1,2
2026-04-09,600519,10:28:21,1449.0100,5,2
2026-04-09,600519,10:28:24,1449.0100,4,1
2026-04-09,600519,10:28:27,1449.0100,2,1
2026-04-09,600519,10:28:30,1449.0000,1,2
2026-04-09,600519,10:28:33,1449.0100,3,1
2026-04-09,600519,10:28:39,1449.0000,3,2
2026-04-09,600519,10:28:42,1449.0000,2,2
2026-04-09,600519,10:28:45,1449.0100,5,1
2026-04-09,600519,10:28:48,1449.0100,1,2
2026-04-09,600519,10:28:51,1449.0100,1,4
2026-04-09,600519,10:28:54,1449.0000,2,2
2026-04-09,600519,10:28:57,1449.0000,12,2
2026-04-09,600519,10:29:00,1449.0000,10,2
2026-04-09,600519,10:29:03,1449.0000,12,2
2026-04-09,600519,10:29:06,1449.1000,19,1
2026-04-09,600519,10:29:09,1449.1000,3,2
2026-04-09,600519,10:29:12,1449.1000,2,2
2026-04-09,600519,10:29:15,1449.5000,8,2
2026-04-09,600519,10:29:18,1449.1000,3,2
2026-04-09,600519,10:29:27,1449.1700,1,2
2026-04-09,600519,10:29:30,1449.1700,4,1
2026-04-09,600519,10:29:33,1449.1801,4,2
2026-04-09,600519,10:29:36,1449.1700,1,2
2026-04-09,600519,10:29:39,1449.1600,18,2
2026-04-09,600519,10:29:42,1449.1700,2,1
2026-04-09,600519,10:29:45,1449.0300,3,2
2026-04-09,600519,10:29:48,1449.0000,5,2
2026-04-09,600519,10:29:51,1449.0000,5,2
2026-04-09,600519,10:29:54,1449.0000,9,2
2026-04-09,600519,10:29:57,1448.9000,5,2
2026-04-09,600519,10:30:00,1448.8800,3,2
2026-04-09,600519,10:30:03,1448.8800,6,1
2026-04-09,600519,10:30:06,1448.7000,7,2
2026-04-09,600519,10:30:12,1448.7000,4,2
2026-04-09,600519,10:30:15,1448.7000,4,2
2026-04-09,600519,10:30:18,1448.7000,6,2
2026-04-09,600519,10:30:21,1448.7700,1,2
2026-04-09,600519,10:30:24,1448.6400,37,2
2026-04-09,600519,10:30:27,1448.2600,21,2
2026-04-09,600519,10:30:30,1448.1600,17,2
2026-04-09,600519,10:30:33,1448.0200,11,2
2026-04-09,600519,10:30:36,1448.0000,92,2
2026-04-09,600519,10:30:39,1448.0000,38,2
2026-04-09,600519,10:30:42,1448.0000,22,2
2026-04-09,600519,10:30:45,1447.9900,18,2
2026-04-09,600519,10:30:48,1447.9900,3,1
2026-04-09,600519,10:30:51,1447.9900,7,1
2026-04-09,600519,10:30:54,1447.7800,3,2
2026-04-09,600519,10:30:57,1448.0000,11,1
2026-04-09,600519,10:31:00,1447.7100,6,2
2026-04-09,600519,10:31:03,1447.7000,4,2
2026-04-09,600519,10:31:06,1447.5100,5,2
2026-04-09,600519,10:31:09,1447.7000,4,1
2026-04-09,600519,10:31:12,1447.7000,3,1
2026-04-09,600519,10:31:15,1447.6300,1,1
2026-04-09,600519,10:31:18,1447.7000,1,1
2026-04-09,600519,10:31:21,1447.6300,1,1
2026-04-09,600519,10:31:24,1447.6899,2,1
2026-04-09,600519,10:31:27,1447.7000,2,1
2026-04-09,600519,10:31:30,1447.6600,15,2
2026-04-09,600519,10:31:33,1448.7000,24,1
2026-04-09,600519,10:31:36,1448.8500,11,1
2026-04-09,600519,10:31:39,1448.7000,1,2
2026-04-09,600519,10:31:42,1448.8500,3,1
2026-04-09,600519,10:31:54,1448.8500,8,1
2026-04-09,600519,10:31:57,1448.8500,1,1
2026-04-09,600519,10:32:00,1448.8500,1,2
2026-04-09,600519,10:32:06,1448.8600,2,1
2026-04-09,600519,10:32:09,1448.7000,8,2
2026-04-09,600519,10:32:12,1448.5400,4,1
2026-04-09,600519,10:32:15,1448.0000,1,2
2026-04-09,600519,10:32:18,1448.7000,4,1
2026-04-09,600519,10:32:21,1448.7000,3,1
2026-04-09,600519,10:32:24,1448.7000,2,1
2026-04-09,600519,10:32:27,1448.7000,2,1
2026-04-09,600519,10:32:30,1448.1000,2,2
