date,code,time,price,volume,bs
2026-05-26,000858,14:06:48,82.9600,40,2
2026-05-26,000858,14:06:51,82.9800,20,1
2026-05-26,000858,14:06:54,82.9600,71,2
2026-05-26,000858,14:06:57,82.9500,17,2
2026-05-26,000858,14:07:00,82.9400,75,2
2026-05-26,000858,14:07:03,82.9500,41,4
2026-05-26,000858,14:07:06,82.9500,18,1
2026-05-26,000858,14:07:09,82.9500,37,1
2026-05-26,000858,14:07:12,82.9500,35,2
2026-05-26,000858,14:07:15,82.9500,34,2
2026-05-26,000858,14:07:18,82.9600,69,1
2026-05-26,000858,14:07:21,82.9400,34,2
2026-05-26,000858,14:07:24,82.9600,58,1
2026-05-26,000858,14:07:27,82.9600,36,2
2026-05-26,000858,14:07:30,82.9600,35,1
2026-05-26,000858,14:07:33,82.9600,15,2
2026-05-26,000858,14:07:36,82.9600,12,1
2026-05-26,000858,14:07:39,82.9600,24,1
2026-05-26,000858,14:07:42,82.9600,20,1
2026-05-26,000858,14:07:45,82.9600,29,1
2026-05-26,000858,14:07:48,82.9600,9,2
2026-05-26,000858,14:07:51,82.9700,18,1
2026-05-26,000858,14:07:54,82.9800,37,1
2026-05-26,000858,14:07:57,82.9800,9,1
2026-05-26,000858,14:08:00,82.9800,35,1
2026-05-26,000858,14:08:03,82.9700,148,2
2026-05-26,000858,14:08:06,82.9700,8,1
2026-05-26,000858,14:08:09,82.9700,14,1
2026-05-26,000858,14:08:12,82.9600,80,2
2026-05-26,000858,14:08:15,82.9600,28,1
2026-05-26,000858,14:08:18,82.9500,30,2
2026-05-26,000858,14:08:21,82.9500,94,2
2026-05-26,000858,14:08:24,82.9600,70,1
2026-05-26,000858,14:08:27,82.9500,34,4
2026-05-26,000858,14:08:30,82.9500,11,1
2026-05-26,000858,14:08:33,82.9600,21,1
2026-05-26,000858,14:08:36,82.9600,15,1
2026-05-26,000858,14:08:39,82.9600,8,1
2026-05-26,000858,14:08:42,82.9300,69,2
2026-05-26,000858,14:08:45,82.9400,11,1
2026-05-26,000858,14:08:48,82.9400,9,1
2026-05-26,000858,14:08:51,82.9400,10,1
2026-05-26,000858,14:08:54,82.9400,43,1
2026-05-26,000858,14:08:57,82.9400,17,1
2026-05-26,000858,14:09:00,82.9300,63,2
2026-05-26,000858,14:09:03,82.9300,23,1
2026-05-26,000858,14:09:06,82.9300,12,1
2026-05-26,000858,14:09:09,82.9400,465,1
2026-05-26,000858,14:09:12,82.9300,569,2
2026-05-26,000858,14:09:15,82.9600,13,1
2026-05-26,000858,14:09:18,82.9600,26,1
2026-05-26,000858,14:09:21,82.9600,19,1
2026-05-26,000858,14:09:24,82.9600,14,2
2026-05-26,000858,14:09:27,82.9600,3,1
2026-05-26,000858,14:09:30,82.9600,1,1
2026-05-26,000858,14:09:33,82.9500,14,2
2026-05-26,000858,14:09:36,82.9600,18,1
2026-05-26,000858,14:09:39,82.9600,15,2
2026-05-26,000858,14:09:42,82.9600,11,1
2026-05-26,000858,14:09:45,82.9600,13,1
2026-05-26,000858,14:09:48,82.9600,24,1
2026-05-26,000858,14:09:51,82.9600,16,1
2026-05-26,000858,14:09:54,82.9500,21,2
2026-05-26,000858,14:09:57,82.9600,20,1
2026-05-26,000858,14:10:00,82.9600,23,1
2026-05-26,000858,14:10:03,82.9500,20,2
2026-05-26,000858,14:10:06,82.9600,25,1
2026-05-26,000858,14:10:09,82.9500,35,2
2026-05-26,000858,14:10:12,82.9500,63,2
2026-05-26,000858,14:10:15,82.9500,16,1
2026-05-26,000858,14:10:18,82.9600,27,1
2026-05-26,000858,14:10:21,82.9500,7,2
2026-05-26,000858,14:10:24,82.9500,30,2
2026-05-26,000858,14:10:27,82.9600,66,1
2026-05-26,000858,14:10:30,82.9600,6,1
2026-05-26,000858,14:10:33,82.9600,13,1
2026-05-26,000858,14:10:36,82.9600,29,2
2026-05-26,000858,14:10:39,82.9600,48,2
2026-05-26,000858,14:10:42,82.9600,34,2
2026-05-26,000858,14:10:45,82.9600,14,2
2026-05-26,000858,14:10:48,82.9700,20,1
2026-05-26,000858,14:10:51,82.9700,23,1
2026-05-26,000858,14:10:54,82.9600,18,2
2026-05-26,000858,14:10:57,82.9700,7,1
2026-05-26,000858,14:11:00,82.9700,14,1
2026-05-26,000858,14:11:03,82.9600,46,2
2026-05-26,000858,14:11:06,82.9700,42,1
2026-05-26,000858,14:11:09,82.9700,33,1
2026-05-26,000858,14:11:12,82.9700,43,1
2026-05-26,000858,14:11:15,82.9700,12,2
2026-05-26,000858,14:11:18,82.9700,43,2
2026-05-26,000858,14:11:21,82.9800,8,1
2026-05-26,000858,14:11:24,82.9800,1,1
2026-05-26,000858,14:11:27,82.9700,21,2
2026-05-26,000858,14:11:30,82.9700,60,1
2026-05-26,000858,14:11:33,82.9700,72,1
2026-05-26,000858,14:11:36,82.9700,32,2
2026-05-26,000858,14:11:39,82.9700,15,2
2026-05-26,000858,14:11:42,82.9800,23,1
2026-05-26,000858,14:11:45,82.9800,10,1
2026-05-26,000858,14:11:48,82.9800,28,1
2026-05-26,000858,14:11:51,82.9800,32,1
2026-05-26,000858,14:11:54,82.9900,20,1
2026-05-26,000858,14:11:57,82.9800,57,2
2026-05-26,000858,14:12:00,82.9800,28,2
2026-05-26,000858,14:12:03,82.9900,152,1
2026-05-26,000858,14:12:06,82.9900,30,2
2026-05-26,000858,14:12:12,82.9900,31,2
2026-05-26,000858,14:12:15,83.0000,31,1
2026-05-26,000858,14:12:18,83.0000,103,1
2026-05-26,000858,14:12:21,83.0000,46,1
2026-05-26,000858,14:12:24,83.0000,98,1
2026-05-26,000858,14:12:27,83.0000,91,1
2026-05-26,000858,14:12:30,83.0100,1,1
2026-05-26,000858,14:12:33,83.0100,28,1
2026-05-26,000858,14:12:36,83.0100,78,1
2026-05-26,000858,14:12:39,83.0200,42,1
2026-05-26,000858,14:12:42,83.0100,57,2
2026-05-26,000858,14:12:45,83.0100,5,2
2026-05-26,000858,14:12:48,83.0100,25,2
2026-05-26,000858,14:12:51,83.0100,19,2
2026-05-26,000858,14:12:54,83.0300,45,1
2026-05-26,000858,14:12:57,83.0200,85,2
2026-05-26,000858,14:13:00,83.0300,8,1
2026-05-26,000858,14:13:03,83.0300,7,1
2026-05-26,000858,14:13:06,83.0200,15,2
2026-05-26,000858,14:13:09,83.0300,8,1
2026-05-26,000858,14:13:12,83.0300,38,1
2026-05-26,000858,14:13:15,83.0200,4,2
2026-05-26,000858,14:13:18,83.0200,9,2
2026-05-26,000858,14:13:21,83.0300,20,1
2026-05-26,000858,14:13:24,83.0300,39,1
2026-05-26,000858,14:13:27,83.0300,40,1
2026-05-26,000858,14:13:30,83.0300,49,1
2026-05-26,000858,14:13:33,83.0200,21,2
2026-05-26,000858,14:13:36,83.0200,7,2
2026-05-26,000858,14:13:39,83.0300,9,1
2026-05-26,000858,14:13:42,83.0200,27,2
2026-05-26,000858,14:13:45,83.0300,8,1
2026-05-26,000858,14:13:48,83.0200,34,2
2026-05-26,000858,14:13:51,83.0300,8,1
2026-05-26,000858,14:13:54,83.0300,20,1
2026-05-26,000858,14:13:57,83.0300,60,1
2026-05-26,000858,14:14:00,83.0200,12,4
2026-05-26,000858,14:14:03,83.0200,87,1
2026-05-26,000858,14:14:06,83.0200,53,1
2026-05-26,000858,14:14:09,83.0100,1,4
2026-05-26,000858,14:14:12,83.0100,4,1
2026-05-26,000858,14:14:15,83.0000,115,2
2026-05-26,000858,14:14:18,83.0100,24,1
2026-05-26,000858,14:14:21,83.0100,18,1
2026-05-26,000858,14:14:24,83.0000,91,2
2026-05-26,000858,14:14:27,83.0100,22,1
2026-05-26,000858,14:14:30,83.0000,125,2
2026-05-26,000858,14:14:33,83.0100,22,2
2026-05-26,000858,14:14:36,83.0100,5,2
2026-05-26,000858,14:14:39,83.0200,34,1
2026-05-26,000858,14:14:42,83.0200,14,1
2026-05-26,000858,14:14:45,83.0000,19,2
2026-05-26,000858,14:14:48,83.0000,15,2
2026-05-26,000858,14:14:51,83.0100,18,1
2026-05-26,000858,14:14:54,83.0200,394,1
2026-05-26,000858,14:14:57,83.0200,2,1
2026-05-26,000858,14:15:00,83.0200,139,1
2026-05-26,000858,14:15:03,83.0200,6,1
2026-05-26,000858,14:15:06,83.0100,26,2
2026-05-26,000858,14:15:09,83.0000,10,2
2026-05-26,000858,14:15:12,83.0100,70,1
2026-05-26,000858,14:15:15,83.0100,64,1
2026-05-26,000858,14:15:18,83.0200,4,1
2026-05-26,000858,14:15:21,83.0200,6,1
2026-05-26,000858,14:15:24,83.0200,16,1
2026-05-26,000858,14:15:27,83.0100,4,2
2026-05-26,000858,14:15:30,83.0100,10,1
2026-05-26,000858,14:15:33,83.0000,69,2
2026-05-26,000858,14:15:36,83.0000,21,1
2026-05-26,000858,14:15:39,83.0000,14,1
2026-05-26,000858,14:15:42,82.9900,16,2
2026-05-26,000858,14:15:45,82.9900,6,2
2026-05-26,000858,14:15:48,83.0000,32,1
2026-05-26,000858,14:15:51,82.9900,44,2
2026-05-26,000858,14:15:54,82.9900,48,2
2026-05-26,000858,14:15:57,82.9900,3,1
2026-05-26,000858,14:16:00,82.9900,3,1
2026-05-26,000858,14:16:03,82.9800,65,2
2026-05-26,000858,14:16:06,82.9800,35,2
2026-05-26,000858,14:16:09,82.9800,7,2
2026-05-26,000858,14:16:12,82.9800,27,2
2026-05-26,000858,14:16:15,82.9700,12,2
2026-05-26,000858,14:16:18,82.9800,24,1
2026-05-26,000858,14:16:21,82.9700,85,2
2026-05-26,000858,14:16:24,82.9700,20,2
2026-05-26,000858,14:16:27,82.9700,56,2
2026-05-26,000858,14:16:30,82.9700,8,1
2026-05-26,000858,14:16:33,82.9700,7,1
2026-05-26,000858,14:16:36,82.9700,14,1
2026-05-26,000858,14:16:39,82.9600,1,2
2026-05-26,000858,14:16:42,82.9600,37,2
2026-05-26,000858,14:16:45,82.9600,8,2
2026-05-26,000858,14:16:48,82.9600,5,2
2026-05-26,000858,14:16:54,82.9700,36,1
2026-05-26,000858,14:16:57,82.9600,69,2
2026-05-26,000858,14:17:00,82.9600,9,2
2026-05-26,000858,14:17:03,82.9600,59,2
2026-05-26,000858,14:17:06,82.9600,2,1
2026-05-26,000858,14:17:09,82.9500,54,2
2026-05-26,000858,14:17:12,82.9500,30,2
2026-05-26,000858,14:17:15,82.9600,71,1
2026-05-26,000858,14:17:18,82.9600,33,1
2026-05-26,000858,14:17:21,82.9600,8,1
2026-05-26,000858,14:17:24,82.9600,11,1
2026-05-26,000858,14:17:27,82.9500,21,2
2026-05-26,000858,14:17:30,82.9600,57,1
2026-05-26,000858,14:17:33,82.9700,47,1
2026-05-26,000858,14:17:36,82.9600,43,2
2026-05-26,000858,14:17:39,82.9700,7,1
2026-05-26,000858,14:17:42,82.9600,12,2
2026-05-26,000858,14:17:45,82.9600,141,2
2026-05-26,000858,14:17:48,82.9700,13,1
2026-05-26,000858,14:17:51,82.9600,10,2
2026-05-26,000858,14:17:54,82.9700,1,1
2026-05-26,000858,14:17:57,82.9600,15,2
2026-05-26,000858,14:18:00,82.9600,5,2
2026-05-26,000858,14:18:03,82.9600,27,2
2026-05-26,000858,14:18:06,82.9700,21,1
2026-05-26,000858,14:18:09,82.9600,63,2
2026-05-26,000858,14:18:12,82.9600,12,2
2026-05-26,000858,14:18:15,82.9600,8,2
2026-05-26,000858,14:18:18,82.9600,10,2
2026-05-26,000858,14:18:21,82.9700,30,1
2026-05-26,000858,14:18:24,82.9700,58,1
2026-05-26,000858,14:18:27,82.9600,19,1
2026-05-26,000858,14:18:30,82.9600,14,1
2026-05-26,000858,14:18:33,82.9600,68,1
2026-05-26,000858,14:18:36,82.9600,11,1
2026-05-26,000858,14:18:39,82.9600,50,1
2026-05-26,000858,14:18:42,82.9600,2,1
2026-05-26,000858,14:18:45,82.9500,15,2
2026-05-26,000858,14:18:48,82.9600,5,1
2026-05-26,000858,14:18:51,82.9500,28,2
2026-05-26,000858,14:18:54,82.9600,8,1
2026-05-26,000858,14:18:57,82.9500,12,2
2026-05-26,000858,14:19:00,82.9600,124,1
2026-05-26,000858,14:19:03,82.9700,9,1
2026-05-26,000858,14:19:06,82.9600,68,2
2026-05-26,000858,14:19:09,82.9600,15,2
2026-05-26,000858,14:19:12,82.9600,47,2
2026-05-26,000858,14:19:15,82.9700,43,1
2026-05-26,000858,14:19:18,82.9800,30,1
2026-05-26,000858,14:19:21,82.9700,62,2
2026-05-26,000858,14:19:24,82.9700,68,2
2026-05-26,000858,14:19:27,82.9800,19,1
2026-05-26,000858,14:19:30,82.9800,7,1
2026-05-26,000858,14:19:33,82.9800,24,1
2026-05-26,000858,14:19:36,82.9800,10,1
2026-05-26,000858,14:19:39,82.9700,43,2
2026-05-26,000858,14:19:42,82.9800,19,1
2026-05-26,000858,14:19:45,82.9800,3,1
2026-05-26,000858,14:19:48,82.9800,10,1
2026-05-26,000858,14:19:51,82.9800,6,1
2026-05-26,000858,14:19:54,82.9700,50,2
2026-05-26,000858,14:19:57,82.9700,26,2
2026-05-26,000858,14:20:00,82.9700,22,2
2026-05-26,000858,14:20:03,82.9800,26,1
2026-05-26,000858,14:20:06,82.9800,23,1
2026-05-26,000858,14:20:09,82.9800,26,1
2026-05-26,000858,14:20:12,82.9800,7,1
2026-05-26,000858,14:20:15,82.9800,17,1
2026-05-26,000858,14:20:18,82.9700,87,2
2026-05-26,000858,14:20:21,82.9700,14,1
2026-05-26,000858,14:20:24,82.9700,117,1
2026-05-26,000858,14:20:27,82.9700,21,1
2026-05-26,000858,14:20:30,82.9700,4,1
2026-05-26,000858,14:20:33,82.9700,7,2
2026-05-26,000858,14:20:36,82.9800,7,1
2026-05-26,000858,14:20:39,82.9800,46,1
2026-05-26,000858,14:20:42,82.9900,24,1
2026-05-26,000858,14:20:45,82.9800,1,2
2026-05-26,000858,14:20:48,82.9900,17,1
2026-05-26,000858,14:20:51,82.9800,43,2
2026-05-26,000858,14:20:54,82.9900,51,1
2026-05-26,000858,14:20:57,82.9900,28,1
2026-05-26,000858,14:21:00,82.9900,4,2
2026-05-26,000858,14:21:03,83.0000,43,1
2026-05-26,000858,14:21:06,82.9900,21,2
2026-05-26,000858,14:21:09,82.9900,2,2
2026-05-26,000858,14:21:12,83.0000,12,1
2026-05-26,000858,14:21:15,83.0000,7,1
2026-05-26,000858,14:21:18,83.0000,9,1
2026-05-26,000858,14:21:21,82.9900,5,2
2026-05-26,000858,14:21:24,83.0000,1,1
2026-05-26,000858,14:21:27,83.0000,2,1
2026-05-26,000858,14:21:30,82.9900,3,2
2026-05-26,000858,14:21:33,82.9900,9,2
2026-05-26,000858,14:21:36,83.0000,35,1
2026-05-26,000858,14:21:39,83.0000,5,1
2026-05-26,000858,14:21:42,82.9900,92,2
2026-05-26,000858,14:21:45,82.9900,69,2
2026-05-26,000858,14:21:48,82.9900,6,2
2026-05-26,000858,14:21:51,82.9900,6,1
2026-05-26,000858,14:21:54,82.9900,32,1
2026-05-26,000858,14:22:00,82.9800,30,2
2026-05-26,000858,14:22:03,82.9800,29,2
2026-05-26,000858,14:22:06,82.9800,6,4
2026-05-26,000858,14:22:09,82.9700,15,2
2026-05-26,000858,14:22:12,82.9800,88,1
2026-05-26,000858,14:22:15,82.9700,6,2
2026-05-26,000858,14:22:18,82.9700,16,1
2026-05-26,000858,14:22:21,82.9700,46,1
2026-05-26,000858,14:22:24,82.9700,53,1
2026-05-26,000858,14:22:27,82.9700,26,1
2026-05-26,000858,14:22:30,82.9700,5,2
2026-05-26,000858,14:22:33,82.9800,67,1
2026-05-26,000858,14:22:36,82.9700,46,2
2026-05-26,000858,14:22:39,82.9700,14,1
2026-05-26,000858,14:22:42,82.9700,19,1
2026-05-26,000858,14:22:45,82.9600,19,2
2026-05-26,000858,14:22:48,82.9600,8,2
2026-05-26,000858,14:22:51,82.9700,35,1
2026-05-26,000858,14:22:54,82.9700,3,1
2026-05-26,000858,14:22:57,82.9700,57,1
2026-05-26,000858,14:23:00,82.9700,13,2
2026-05-26,000858,14:23:03,82.9700,2,2
2026-05-26,000858,14:23:06,82.9800,10,1
2026-05-26,000858,14:23:09,82.9700,5,2
2026-05-26,000858,14:23:12,82.9800,4,1
2026-05-26,000858,14:23:15,82.9800,6,1
2026-05-26,000858,14:23:18,82.9700,81,2
2026-05-26,000858,14:23:21,82.9700,22,2
2026-05-26,000858,14:23:24,82.9800,78,1
2026-05-26,000858,14:23:27,82.9800,32,1
2026-05-26,000858,14:23:30,82.9700,8,2
2026-05-26,000858,14:23:33,82.9700,33,2
2026-05-26,000858,14:23:36,82.9800,7,4
2026-05-26,000858,14:23:39,82.9900,8,1
2026-05-26,000858,14:23:42,82.9800,18,2
2026-05-26,000858,14:23:45,82.9900,9,1
2026-05-26,000858,14:23:48,82.9800,26,2
2026-05-26,000858,14:23:51,82.9800,2,1
2026-05-26,000858,14:23:54,82.9800,7,1
2026-05-26,000858,14:23:57,82.9800,26,1
2026-05-26,000858,14:24:00,82.9800,70,1
2026-05-26,000858,14:24:03,82.9800,43,1
2026-05-26,000858,14:24:06,82.9800,2,2
2026-05-26,000858,14:24:09,82.9800,2,2
2026-05-26,000858,14:24:12,82.9800,7,2
2026-05-26,000858,14:24:15,82.9900,2,1
2026-05-26,000858,14:24:18,82.9800,44,2
2026-05-26,000858,14:24:21,82.9800,12,1
2026-05-26,000858,14:24:24,82.9800,70,2
2026-05-26,000858,14:24:27,82.9800,34,2
2026-05-26,000858,14:24:30,82.9800,15,2
2026-05-26,000858,14:24:33,82.9800,14,2
2026-05-26,000858,14:24:36,82.9900,8,1
2026-05-26,000858,14:24:39,82.9800,10,2
2026-05-26,000858,14:24:42,82.9800,4,2
2026-05-26,000858,14:24:45,82.9900,45,1
2026-05-26,000858,14:24:48,82.9800,3,2
2026-05-26,000858,14:24:51,82.9900,12,1
2026-05-26,000858,14:24:54,82.9900,3,1
2026-05-26,000858,14:24:57,82.9800,13,2
2026-05-26,000858,14:25:00,82.9900,6,1
2026-05-26,000858,14:25:03,82.9900,11,1
2026-05-26,000858,14:25:06,82.9900,109,1
2026-05-26,000858,14:25:09,82.9900,3,2
2026-05-26,000858,14:25:12,83.0000,17,1
2026-05-26,000858,14:25:15,83.0000,35,1
2026-05-26,000858,14:25:18,83.0000,2,1
2026-05-26,000858,14:25:21,83.0000,15,1
2026-05-26,000858,14:25:24,83.0000,56,1
2026-05-26,000858,14:25:27,83.0000,26,1
2026-05-26,000858,14:25:30,83.0000,12,1
2026-05-26,000858,14:25:33,83.0200,593,1
2026-05-26,000858,14:25:36,83.0200,26,2
2026-05-26,000858,14:25:39,83.0200,26,2
2026-05-26,000858,14:25:42,83.0300,35,1
2026-05-26,000858,14:25:45,83.0300,50,1
2026-05-26,000858,14:25:48,83.0500,19,1
2026-05-26,000858,14:25:51,83.0400,40,2
2026-05-26,000858,14:25:54,83.0500,72,1
2026-05-26,000858,14:25:57,83.0600,27,1
2026-05-26,000858,14:26:00,83.0600,98,2
2026-05-26,000858,14:26:03,83.0700,5,4
2026-05-26,000858,14:26:06,83.0800,5,1
2026-05-26,000858,14:26:09,83.0800,27,1
2026-05-26,000858,14:26:12,83.0800,3,2
2026-05-26,000858,14:26:15,83.0700,81,2
2026-05-26,000858,14:26:18,83.0700,8,1
2026-05-26,000858,14:26:21,83.0700,29,1
2026-05-26,000858,14:26:24,83.0700,6,1
2026-05-26,000858,14:26:27,83.0900,28,1
2026-05-26,000858,14:26:30,83.0600,9,2
2026-05-26,000858,14:26:33,83.0900,2,1
2026-05-26,000858,14:26:36,83.0800,38,2
2026-05-26,000858,14:26:39,83.0800,60,1
2026-05-26,000858,14:26:42,83.1000,106,1
2026-05-26,000858,14:26:45,83.0800,4,2
2026-05-26,000858,14:26:48,83.1100,136,1
2026-05-26,000858,14:26:51,83.1100,51,2
2026-05-26,000858,14:26:54,83.1000,12,2
2026-05-26,000858,14:26:57,83.1000,20,2
2026-05-26,000858,14:27:00,83.1100,13,1
2026-05-26,000858,14:27:03,83.1100,13,1
2026-05-26,000858,14:27:06,83.1200,2,4
2026-05-26,000858,14:27:09,83.1300,20,1
2026-05-26,000858,14:27:12,83.1200,10,1
2026-05-26,000858,14:27:15,83.1200,5,2
2026-05-26,000858,14:27:18,83.1300,16,1
2026-05-26,000858,14:27:21,83.1300,9,1
2026-05-26,000858,14:27:24,83.1200,29,2
2026-05-26,000858,14:27:27,83.1100,77,2
2026-05-26,000858,14:27:30,83.1200,14,1
2026-05-26,000858,14:27:33,83.1200,20,1
2026-05-26,000858,14:27:36,83.1200,6,2
2026-05-26,000858,14:27:39,83.1400,39,1
2026-05-26,000858,14:27:42,83.1300,22,2
2026-05-26,000858,14:27:45,83.1300,2,2
2026-05-26,000858,14:27:48,83.1400,42,1
2026-05-26,000858,14:27:51,83.1400,14,2
2026-05-26,000858,14:27:54,83.1300,6,2
2026-05-26,000858,14:27:57,83.1300,7,2
2026-05-26,000858,14:28:00,83.1400,15,2
2026-05-26,000858,14:28:03,83.1500,11,1
2026-05-26,000858,14:28:06,83.1500,17,2
2026-05-26,000858,14:28:09,83.1500,18,2
2026-05-26,000858,14:28:12,83.1500,24,2
2026-05-26,000858,14:28:15,83.1500,14,2
2026-05-26,000858,14:28:18,83.1500,3,1
2026-05-26,000858,14:28:21,83.1500,13,1
2026-05-26,000858,14:28:24,83.1500,17,1
2026-05-26,000858,14:28:27,83.1500,24,2
2026-05-26,000858,14:28:33,83.1400,14,2
2026-05-26,000858,14:28:36,83.1400,23,2
2026-05-26,000858,14:28:39,83.1600,15,1
2026-05-26,000858,14:28:42,83.1500,13,2
2026-05-26,000858,14:28:45,83.1500,65,2
2026-05-26,000858,14:28:48,83.1500,45,2
2026-05-26,000858,14:28:51,83.1500,18,2
2026-05-26,000858,14:28:54,83.1500,23,1
2026-05-26,000858,14:28:57,83.1500,10,4
2026-05-26,000858,14:29:00,83.1500,19,1
2026-05-26,000858,14:29:03,83.1400,36,2
2026-05-26,000858,14:29:06,83.1500,29,1
2026-05-26,000858,14:29:09,83.1500,30,2
2026-05-26,000858,14:29:12,83.1500,24,2
2026-05-26,000858,14:29:15,83.1500,86,2
2026-05-26,000858,14:29:18,83.1500,41,1
2026-05-26,000858,14:29:21,83.1600,8,1
2026-05-26,000858,14:29:24,83.1700,14,1
2026-05-26,000858,14:29:27,83.1500,28,2
2026-05-26,000858,14:29:30,83.1500,1,2
2026-05-26,000858,14:29:33,83.1500,55,2
2026-05-26,000858,14:29:36,83.1500,61,2
2026-05-26,000858,14:29:39,83.1800,28,1
2026-05-26,000858,14:29:42,83.1600,27,2
2026-05-26,000858,14:29:45,83.1700,18,1
2026-05-26,000858,14:29:48,83.1600,8,2
2026-05-26,000858,14:29:51,83.1600,6,2
2026-05-26,000858,14:29:54,83.1700,6,1
2026-05-26,000858,14:29:57,83.1600,13,2
2026-05-26,000858,14:30:00,83.1600,5,1
2026-05-26,000858,14:30:03,83.1600,15,1
2026-05-26,000858,14:30:06,83.1500,25,2
2026-05-26,000858,14:30:09,83.1600,15,1
2026-05-26,000858,14:30:12,83.1600,15,2
2026-05-26,000858,14:30:15,83.1700,128,1
2026-05-26,000858,14:30:18,83.1800,23,1
2026-05-26,000858,14:30:21,83.1800,91,1
2026-05-26,000858,14:30:24,83.1700,64,2
2026-05-26,000858,14:30:27,83.1900,12,1
2026-05-26,000858,14:30:30,83.1800,6,2
2026-05-26,000858,14:30:33,83.1800,1,1
2026-05-26,000858,14:30:36,83.1700,17,2
2026-05-26,000858,14:30:39,83.1800,135,1
2026-05-26,000858,14:30:42,83.1800,15,1
2026-05-26,000858,14:30:45,83.1700,27,2
2026-05-26,000858,14:30:48,83.1700,4,2
2026-05-26,000858,14:30:51,83.1800,17,1
2026-05-26,000858,14:30:54,83.1800,19,2
2026-05-26,000858,14:30:57,83.1800,9,2
2026-05-26,000858,14:31:00,83.1800,7,2
2026-05-26,000858,14:31:03,83.1800,12,1
2026-05-26,000858,14:31:06,83.1800,24,1
2026-05-26,000858,14:31:09,83.1700,60,2
2026-05-26,000858,14:31:12,83.1800,45,1
2026-05-26,000858,14:31:15,83.1800,46,1
2026-05-26,000858,14:31:18,83.1800,54,1
2026-05-26,000858,14:31:21,83.1900,106,1
2026-05-26,000858,14:31:24,83.2100,32,1
2026-05-26,000858,14:31:27,83.2100,34,1
2026-05-26,000858,14:31:30,83.2100,45,1
2026-05-26,000858,14:31:33,83.3000,285,1
2026-05-26,000858,14:31:36,83.3200,355,1
2026-05-26,000858,14:31:39,83.2600,38,2
2026-05-26,000858,14:31:42,83.2200,53,2
2026-05-26,000858,14:31:45,83.2200,25,2
2026-05-26,000858,14:31:48,83.2200,46,2
2026-05-26,000858,14:31:51,83.2200,20,1
2026-05-26,000858,14:31:54,83.2200,39,1
2026-05-26,000858,14:31:57,83.2200,26,1
2026-05-26,000858,14:32:00,83.2300,31,2
2026-05-26,000858,14:32:03,83.2300,18,4
2026-05-26,000858,14:32:06,83.2400,31,1
2026-05-26,000858,14:32:09,83.2200,51,2
2026-05-26,000858,14:32:12,83.2300,27,1
2026-05-26,000858,14:32:15,83.2400,21,1
2026-05-26,000858,14:32:18,83.2300,18,1
2026-05-26,000858,14:32:21,83.2500,24,1
2026-05-26,000858,14:32:24,83.2400,10,1
2026-05-26,000858,14:32:27,83.2500,43,1
2026-05-26,000858,14:32:30,83.2700,21,1
2026-05-26,000858,14:32:33,83.2700,42,1
2026-05-26,000858,14:32:36,83.2500,22,2
2026-05-26,000858,14:32:39,83.2500,21,2
2026-05-26,000858,14:32:42,83.2500,65,2
2026-05-26,000858,14:32:45,83.2800,95,1
2026-05-26,000858,14:32:48,83.2400,45,2
2026-05-26,000858,14:32:51,83.2800,25,1
2026-05-26,000858,14:32:54,83.2800,46,1
2026-05-26,000858,14:32:57,83.2500,26,2
2026-05-26,000858,14:33:00,83.2500,23,2
2026-05-26,000858,14:33:03,83.2500,6,2
2026-05-26,000858,14:33:06,83.2500,21,2
2026-05-26,000858,14:33:09,83.2700,39,1
2026-05-26,000858,14:33:12,83.2700,37,1
2026-05-26,000858,14:33:15,83.2500,33,2
2026-05-26,000858,14:33:18,83.2500,26,1
2026-05-26,000858,14:33:21,83.2300,40,2
2026-05-26,000858,14:33:24,83.2500,30,1
2026-05-26,000858,14:33:27,83.2300,122,2
2026-05-26,000858,14:33:30,83.2500,33,2
2026-05-26,000858,14:33:33,83.2500,15,2
2026-05-26,000858,14:33:36,83.2500,6,2
2026-05-26,000858,14:33:39,83.2500,71,1
2026-05-26,000858,14:33:42,83.2500,30,1
2026-05-26,000858,14:33:45,83.2400,5,4
2026-05-26,000858,14:33:48,83.2500,74,1
2026-05-26,000858,14:33:51,83.2400,30,4
2026-05-26,000858,14:33:54,83.2500,12,1
2026-05-26,000858,14:33:57,83.2500,12,1
2026-05-26,000858,14:34:00,83.2600,6,1
2026-05-26,000858,14:34:03,83.2400,62,1
2026-05-26,000858,14:34:06,83.2300,35,2
2026-05-26,000858,14:34:09,83.2400,29,1
2026-05-26,000858,14:34:12,83.2200,38,2
2026-05-26,000858,14:34:15,83.2300,14,2
2026-05-26,000858,14:34:18,83.2200,30,2
2026-05-26,000858,14:34:21,83.2100,47,2
2026-05-26,000858,14:34:24,83.2400,24,1
2026-05-26,000858,14:34:27,83.2300,34,2
2026-05-26,000858,14:34:30,83.2400,62,4
2026-05-26,000858,14:34:33,83.2400,15,1
2026-05-26,000858,14:34:36,83.2300,17,2
2026-05-26,000858,14:34:39,83.2400,33,1
2026-05-26,000858,14:34:42,83.2300,5,2
2026-05-26,000858,14:34:45,83.2300,14,2
2026-05-26,000858,14:34:48,83.2300,19,1
2026-05-26,000858,14:34:51,83.2300,37,1
2026-05-26,000858,14:34:54,83.2200,12,2
2026-05-26,000858,14:34:57,83.2200,30,2
2026-05-26,000858,14:35:00,83.2300,40,1
2026-05-26,000858,14:35:03,83.2300,20,1
2026-05-26,000858,14:35:06,83.2400,19,1
2026-05-26,000858,14:35:09,83.2300,36,2
2026-05-26,000858,14:35:12,83.2300,17,2
2026-05-26,000858,14:35:15,83.2400,17,1
2026-05-26,000858,14:35:18,83.2400,34,1
2026-05-26,000858,14:35:21,83.2400,87,1
2026-05-26,000858,14:35:24,83.2300,73,2
2026-05-26,000858,14:35:27,83.2400,24,1
2026-05-26,000858,14:35:30,83.2400,8,1
2026-05-26,000858,14:35:33,83.2300,29,2
2026-05-26,000858,14:35:36,83.2300,7,1
2026-05-26,000858,14:35:39,83.2200,16,2
2026-05-26,000858,14:35:42,83.2200,13,2
2026-05-26,000858,14:35:45,83.2100,6,2
2026-05-26,000858,14:35:48,83.2100,16,2
2026-05-26,000858,14:35:51,83.2100,12,2
2026-05-26,000858,14:35:54,83.2200,24,1
2026-05-26,000858,14:35:57,83.2200,22,2
2026-05-26,000858,14:36:00,83.2200,13,2
2026-05-26,000858,14:36:03,83.2200,12,2
2026-05-26,000858,14:36:06,83.2200,36,2
2026-05-26,000858,14:36:09,83.2300,35,1
2026-05-26,000858,14:36:12,83.2300,55,1
2026-05-26,000858,14:36:15,83.2200,59,2
2026-05-26,000858,14:36:18,83.2200,51,2
2026-05-26,000858,14:36:21,83.2300,33,4
2026-05-26,000858,14:36:24,83.2300,12,1
2026-05-26,000858,14:36:27,83.2300,6,2
2026-05-26,000858,14:36:30,83.2300,11,2
2026-05-26,000858,14:36:33,83.2300,11,2
2026-05-26,000858,14:36:36,83.2300,7,2
2026-05-26,000858,14:36:39,83.2300,10,2
2026-05-26,000858,14:36:42,83.2400,45,1
2026-05-26,000858,14:36:45,83.2400,49,1
2026-05-26,000858,14:36:48,83.2500,61,1
2026-05-26,000858,14:36:51,83.2500,56,1
2026-05-26,000858,14:36:54,83.2500,31,1
2026-05-26,000858,14:36:57,83.2600,22,1
2026-05-26,000858,14:37:00,83.2600,13,1
2026-05-26,000858,14:37:03,83.2600,9,1
2026-05-26,000858,14:37:06,83.2500,144,2
2026-05-26,000858,14:37:09,83.2600,37,1
2026-05-26,000858,14:37:12,83.2800,73,1
2026-05-26,000858,14:37:15,83.2800,6,1
2026-05-26,000858,14:37:18,83.2600,7,1
2026-05-26,000858,14:37:21,83.2600,24,1
2026-05-26,000858,14:37:24,83.2600,27,1
2026-05-26,000858,14:37:27,83.2500,48,2
2026-05-26,000858,14:37:30,83.2500,15,1
2026-05-26,000858,14:37:33,83.2500,24,2
2026-05-26,000858,14:37:36,83.2500,16,1
2026-05-26,000858,14:37:39,83.2500,2,1
2026-05-26,000858,14:37:42,83.2500,72,1
2026-05-26,000858,14:37:45,83.2400,10,2
2026-05-26,000858,14:37:48,83.2400,55,2
2026-05-26,000858,14:37:51,83.2400,17,2
2026-05-26,000858,14:37:54,83.2500,54,1
2026-05-26,000858,14:37:57,83.2400,6,1
2026-05-26,000858,14:38:00,83.2400,11,1
2026-05-26,000858,14:38:03,83.2400,29,1
2026-05-26,000858,14:38:06,83.2400,11,1
2026-05-26,000858,14:38:09,83.2300,89,2
2026-05-26,000858,14:38:12,83.2300,21,1
2026-05-26,000858,14:38:15,83.2200,14,2
2026-05-26,000858,14:38:18,83.2200,3,2
2026-05-26,000858,14:38:21,83.2300,23,1
2026-05-26,000858,14:38:24,83.2300,50,1
2026-05-26,000858,14:38:27,83.2200,19,2
2026-05-26,000858,14:38:30,83.2200,3,2
2026-05-26,000858,14:38:33,83.2200,2,2
2026-05-26,000858,14:38:36,83.2200,21,2
2026-05-26,000858,14:38:39,83.2200,9,2
2026-05-26,000858,14:38:42,83.2200,12,2
2026-05-26,000858,14:38:45,83.2200,28,2
2026-05-26,000858,14:38:48,83.2200,24,2
2026-05-26,000858,14:38:51,83.2200,4,1
2026-05-26,000858,14:38:54,83.2200,3,1
2026-05-26,000858,14:38:57,83.2200,13,1
2026-05-26,000858,14:39:00,83.2100,10,2
2026-05-26,000858,14:39:03,83.2100,69,2
2026-05-26,000858,14:39:06,83.2100,25,2
2026-05-26,000858,14:39:09,83.2000,184,2
2026-05-26,000858,14:39:12,83.2100,14,1
2026-05-26,000858,14:39:15,83.2100,16,1
2026-05-26,000858,14:39:18,83.2100,11,2
2026-05-26,000858,14:39:21,83.1700,385,2
2026-05-26,000858,14:39:24,83.2000,8,1
2026-05-26,000858,14:39:27,83.2100,11,1
2026-05-26,000858,14:39:30,83.1900,6,4
2026-05-26,000858,14:39:33,83.1800,12,2
2026-05-26,000858,14:39:36,83.1800,10,2
2026-05-26,000858,14:39:39,83.1900,31,1
2026-05-26,000858,14:39:42,83.1900,10,1
2026-05-26,000858,14:39:45,83.1900,1,1
2026-05-26,000858,14:39:48,83.1800,9,1
2026-05-26,000858,14:39:51,83.1700,7,2
2026-05-26,000858,14:39:54,83.1800,32,1
2026-05-26,000858,14:39:57,83.1800,16,2
2026-05-26,000858,14:40:00,83.1800,8,1
2026-05-26,000858,14:40:03,83.1800,19,1
2026-05-26,000858,14:40:06,83.1800,17,1
2026-05-26,000858,14:40:09,83.1800,239,1
2026-05-26,000858,14:40:12,83.1900,23,1
2026-05-26,000858,14:40:15,83.1800,33,2
2026-05-26,000858,14:40:18,83.2100,176,1
2026-05-26,000858,14:40:21,83.2200,96,1
2026-05-26,000858,14:40:24,83.2300,56,1
2026-05-26,000858,14:40:27,83.2400,113,1
2026-05-26,000858,14:40:30,83.2500,70,1
2026-05-26,000858,14:40:33,83.2700,87,1
2026-05-26,000858,14:40:36,83.2900,108,1
2026-05-26,000858,14:40:39,83.2700,261,2
2026-05-26,000858,14:40:42,83.3000,35,4
2026-05-26,000858,14:40:45,83.3000,32,2
2026-05-26,000858,14:40:48,83.3000,56,2
2026-05-26,000858,14:40:51,83.3000,18,2
2026-05-26,000858,14:40:54,83.3000,79,2
2026-05-26,000858,14:40:57,83.3100,42,2
2026-05-26,000858,14:41:00,83.3200,31,1
2026-05-26,000858,14:41:03,83.3300,45,1
2026-05-26,000858,14:41:06,83.3300,42,1
2026-05-26,000858,14:41:09,83.3400,102,4
2026-05-26,000858,14:41:12,83.3500,49,1
2026-05-26,000858,14:41:15,83.3300,20,2
2026-05-26,000858,14:41:18,83.3500,31,1
2026-05-26,000858,14:41:21,83.3600,55,1
2026-05-26,000858,14:41:24,83.3400,20,2
2026-05-26,000858,14:41:27,83.3500,30,1
2026-05-26,000858,14:41:30,83.3400,27,2
2026-05-26,000858,14:41:33,83.3400,18,2
2026-05-26,000858,14:41:36,83.3500,37,1
2026-05-26,000858,14:41:39,83.3400,31,4
2026-05-26,000858,14:41:42,83.3400,50,2
2026-05-26,000858,14:41:45,83.3400,48,1
2026-05-26,000858,14:41:48,83.3400,36,2
2026-05-26,000858,14:41:51,83.3500,50,1
2026-05-26,000858,14:41:54,83.3300,43,2
2026-05-26,000858,14:41:57,83.3300,55,2
2026-05-26,000858,14:42:00,83.3400,19,1
2026-05-26,000858,14:42:03,83.3400,12,1
2026-05-26,000858,14:42:06,83.3400,43,1
2026-05-26,000858,14:42:09,83.3300,64,2
2026-05-26,000858,14:42:12,83.3300,37,1
2026-05-26,000858,14:42:15,83.3500,125,1
2026-05-26,000858,14:42:18,83.3600,205,1
2026-05-26,000858,14:42:21,83.3600,185,2
2026-05-26,000858,14:42:24,83.3600,134,2
2026-05-26,000858,14:42:27,83.3400,11,2
2026-05-26,000858,14:42:30,83.3600,56,1
2026-05-26,000858,14:42:33,83.3500,9,1
2026-05-26,000858,14:42:36,83.3600,41,1
2026-05-26,000858,14:42:39,83.3500,50,2
2026-05-26,000858,14:42:42,83.3600,18,1
2026-05-26,000858,14:42:45,83.3600,50,1
2026-05-26,000858,14:42:48,83.3500,33,2
2026-05-26,000858,14:42:51,83.3600,37,1
2026-05-26,000858,14:42:54,83.3500,11,1
2026-05-26,000858,14:42:57,83.3500,12,1
2026-05-26,000858,14:43:00,83.3500,13,1
2026-05-26,000858,14:43:03,83.3500,20,1
2026-05-26,000858,14:43:06,83.3300,14,2
2026-05-26,000858,14:43:09,83.3300,7,2
2026-05-26,000858,14:43:12,83.3400,4,1
2026-05-26,000858,14:43:15,83.3300,55,2
2026-05-26,000858,14:43:18,83.3300,10,2
2026-05-26,000858,14:43:21,83.3400,57,1
2026-05-26,000858,14:43:24,83.3300,2,2
2026-05-26,000858,14:43:27,83.3200,20,2
2026-05-26,000858,14:43:30,83.3200,13,2
2026-05-26,000858,14:43:33,83.3200,47,2
2026-05-26,000858,14:43:36,83.3200,53,4
2026-05-26,000858,14:43:39,83.3200,40,1
2026-05-26,000858,14:43:42,83.3200,13,1
2026-05-26,000858,14:43:45,83.3000,3,2
2026-05-26,000858,14:43:48,83.3200,4,1
2026-05-26,000858,14:43:51,83.3100,23,4
2026-05-26,000858,14:43:54,83.3000,85,2
2026-05-26,000858,14:43:57,83.2900,7,2
2026-05-26,000858,14:44:00,83.3000,21,1
2026-05-26,000858,14:44:03,83.2900,37,1
2026-05-26,000858,14:44:06,83.2900,14,1
2026-05-26,000858,14:44:09,83.2900,28,1
2026-05-26,000858,14:44:12,83.2800,10,2
2026-05-26,000858,14:44:15,83.2800,22,1
2026-05-26,000858,14:44:18,83.2800,113,2
2026-05-26,000858,14:44:21,83.2900,11,1
2026-05-26,000858,14:44:24,83.2700,78,2
2026-05-26,000858,14:44:27,83.2900,35,1
2026-05-26,000858,14:44:30,83.2800,135,2
2026-05-26,000858,14:44:33,83.2900,16,1
2026-05-26,000858,14:44:36,83.2700,10,2
2026-05-26,000858,14:44:39,83.2800,23,1
2026-05-26,000858,14:44:42,83.2800,15,2
2026-05-26,000858,14:44:45,83.2700,8,2
2026-05-26,000858,14:44:48,83.2800,12,1
2026-05-26,000858,14:44:51,83.2800,9,1
2026-05-26,000858,14:44:54,83.2700,32,2
2026-05-26,000858,14:44:57,83.2700,7,1
2026-05-26,000858,14:45:00,83.2700,6,1
2026-05-26,000858,14:45:03,83.2700,33,1
2026-05-26,000858,14:45:06,83.2600,43,2
2026-05-26,000858,14:45:09,83.2600,13,4
2026-05-26,000858,14:45:12,83.2600,2,2
2026-05-26,000858,14:45:15,83.2600,71,2
2026-05-26,000858,14:45:18,83.2800,60,1
2026-05-26,000858,14:45:24,83.2600,46,1
2026-05-26,000858,14:45:27,83.2600,9,1
2026-05-26,000858,14:45:30,83.2600,13,1
2026-05-26,000858,14:45:33,83.2600,7,2
2026-05-26,000858,14:45:36,83.2600,21,2
2026-05-26,000858,14:45:39,83.2500,34,2
2026-05-26,000858,14:45:42,83.2600,28,2
2026-05-26,000858,14:45:45,83.2600,47,2
2026-05-26,000858,14:45:48,83.2600,26,2
2026-05-26,000858,14:45:51,83.2600,47,1
2026-05-26,000858,14:45:54,83.2600,35,1
2026-05-26,000858,14:45:57,83.2800,59,1
2026-05-26,000858,14:46:00,83.2800,207,1
2026-05-26,000858,14:46:03,83.2900,56,1
2026-05-26,000858,14:46:06,83.2900,20,1
2026-05-26,000858,14:46:09,83.3000,42,1
2026-05-26,000858,14:46:12,83.3000,16,1
2026-05-26,000858,14:46:15,83.2900,13,2
2026-05-26,000858,14:46:18,83.2900,9,2
2026-05-26,000858,14:46:21,83.3000,28,1
2026-05-26,000858,14:46:24,83.2900,17,1
2026-05-26,000858,14:46:27,83.2900,20,1
2026-05-26,000858,14:46:30,83.2800,42,2
2026-05-26,000858,14:46:33,83.2900,12,4
2026-05-26,000858,14:46:36,83.2900,23,1
2026-05-26,000858,14:46:39,83.2900,7,1
2026-05-26,000858,14:46:42,83.2900,14,1
2026-05-26,000858,14:46:45,83.2900,27,1
2026-05-26,000858,14:46:48,83.2800,92,2
2026-05-26,000858,14:46:51,83.2700,42,2
2026-05-26,000858,14:46:54,83.2700,11,2
2026-05-26,000858,14:46:57,83.2700,9,2
2026-05-26,000858,14:47:00,83.2700,11,2
2026-05-26,000858,14:47:03,83.2700,30,2
2026-05-26,000858,14:47:06,83.2800,45,1
2026-05-26,000858,14:47:09,83.2800,59,1
2026-05-26,000858,14:47:12,83.2700,46,2
2026-05-26,000858,14:47:15,83.2800,14,1
2026-05-26,000858,14:47:18,83.2800,8,4
2026-05-26,000858,14:47:21,83.2700,27,2
2026-05-26,000858,14:47:24,83.2800,34,1
2026-05-26,000858,14:47:27,83.3100,246,1
2026-05-26,000858,14:47:30,83.3100,44,1
2026-05-26,000858,14:47:33,83.3100,15,2
2026-05-26,000858,14:47:36,83.3200,59,1
2026-05-26,000858,14:47:39,83.3200,29,2
2026-05-26,000858,14:47:42,83.3300,14,1
2026-05-26,000858,14:47:45,83.3200,16,2
2026-05-26,000858,14:47:48,83.3200,39,2
2026-05-26,000858,14:47:51,83.3200,4,2
2026-05-26,000858,14:47:54,83.3200,16,2
2026-05-26,000858,14:47:57,83.3200,41,2
2026-05-26,000858,14:48:00,83.3200,6,2
2026-05-26,000858,14:48:03,83.3200,35,2
2026-05-26,000858,14:48:06,83.3100,10,2
2026-05-26,000858,14:48:09,83.3000,89,2
2026-05-26,000858,14:48:12,83.3000,2,1
2026-05-26,000858,14:48:15,83.2900,14,2
2026-05-26,000858,14:48:18,83.3000,12,1
2026-05-26,000858,14:48:21,83.2900,17,2
2026-05-26,000858,14:48:24,83.2900,33,2
2026-05-26,000858,14:48:27,83.2800,17,2
2026-05-26,000858,14:48:30,83.2800,18,2
2026-05-26,000858,14:48:33,83.2900,12,1
2026-05-26,000858,14:48:36,83.2800,14,2
2026-05-26,000858,14:48:39,83.2900,92,1
2026-05-26,000858,14:48:42,83.2800,28,2
2026-05-26,000858,14:48:45,83.2800,15,2
2026-05-26,000858,14:48:48,83.2800,42,2
2026-05-26,000858,14:48:51,83.2900,66,1
2026-05-26,000858,14:48:54,83.2900,64,1
2026-05-26,000858,14:48:57,83.3000,13,1
2026-05-26,000858,14:49:00,83.3000,12,1
2026-05-26,000858,14:49:03,83.3000,9,1
2026-05-26,000858,14:49:06,83.2900,26,2
2026-05-26,000858,14:49:09,83.3000,15,1
2026-05-26,000858,14:49:12,83.3000,8,1
2026-05-26,000858,14:49:15,83.3000,3,1
2026-05-26,000858,14:49:18,83.3000,38,1
2026-05-26,000858,14:49:21,83.2900,50,2
2026-05-26,000858,14:49:24,83.3000,11,1
2026-05-26,000858,14:49:27,83.2900,11,2
2026-05-26,000858,14:49:30,83.2900,16,1
2026-05-26,000858,14:49:33,83.2800,37,2
2026-05-26,000858,14:49:36,83.2800,193,1
2026-05-26,000858,14:49:39,83.2800,102,1
2026-05-26,000858,14:49:42,83.2700,80,2
2026-05-26,000858,14:49:45,83.2800,82,4
2026-05-26,000858,14:49:48,83.2800,30,2
2026-05-26,000858,14:49:51,83.2800,8,2
2026-05-26,000858,14:49:54,83.2800,86,2
2026-05-26,000858,14:49:57,83.2800,22,2
2026-05-26,000858,14:50:00,83.2900,41,1
2026-05-26,000858,14:50:03,83.2800,30,2
2026-05-26,000858,14:50:06,83.2900,27,1
2026-05-26,000858,14:50:12,83.2800,124,2
2026-05-26,000858,14:50:15,83.2900,28,1
2026-05-26,000858,14:50:18,83.2900,22,1
2026-05-26,000858,14:50:21,83.2800,20,2
2026-05-26,000858,14:50:24,83.2800,14,2
2026-05-26,000858,14:50:27,83.2800,68,1
2026-05-26,000858,14:50:30,83.2800,124,1
2026-05-26,000858,14:50:33,83.2800,18,2
2026-05-26,000858,14:50:36,83.2800,16,2
2026-05-26,000858,14:50:39,83.2800,42,2
2026-05-26,000858,14:50:42,83.2800,29,2
2026-05-26,000858,14:50:45,83.2700,217,2
2026-05-26,000858,14:50:48,83.2700,12,2
2026-05-26,000858,14:50:51,83.2700,74,2
2026-05-26,000858,14:50:54,83.2800,39,1
2026-05-26,000858,14:50:57,83.2700,25,4
2026-05-26,000858,14:51:00,83.2500,56,2
2026-05-26,000858,14:51:03,83.2700,16,1
2026-05-26,000858,14:51:06,83.2700,26,1
2026-05-26,000858,14:51:09,83.2500,54,2
2026-05-26,000858,14:51:12,83.2500,21,2
2026-05-26,000858,14:51:15,83.2700,31,1
2026-05-26,000858,14:51:18,83.2300,96,2
2026-05-26,000858,14:51:21,83.2800,93,1
2026-05-26,000858,14:51:24,83.2500,82,2
2026-05-26,000858,14:51:27,83.2800,11,1
2026-05-26,000858,14:51:30,83.2600,15,2
2026-05-26,000858,14:51:33,83.2800,62,1
2026-05-26,000858,14:51:36,83.2600,28,2
2026-05-26,000858,14:51:39,83.2800,110,1
2026-05-26,000858,14:51:42,83.2600,29,2
2026-05-26,000858,14:51:45,83.2700,20,1
2026-05-26,000858,14:51:48,83.2700,19,1
2026-05-26,000858,14:51:51,83.2700,30,1
2026-05-26,000858,14:51:54,83.2800,45,1
2026-05-26,000858,14:51:57,83.2600,11,2
2026-05-26,000858,14:52:00,83.2800,161,1
2026-05-26,000858,14:52:03,83.2900,58,1
2026-05-26,000858,14:52:06,83.2900,51,1
2026-05-26,000858,14:52:09,83.2900,85,1
2026-05-26,000858,14:52:12,83.2900,187,2
2026-05-26,000858,14:52:15,83.3000,47,4
2026-05-26,000858,14:52:18,83.3000,101,2
2026-05-26,000858,14:52:21,83.3100,45,1
2026-05-26,000858,14:52:24,83.3100,44,2
2026-05-26,000858,14:52:27,83.3100,31,2
2026-05-26,000858,14:52:30,83.3000,15,2
2026-05-26,000858,14:52:33,83.3100,11,1
2026-05-26,000858,14:52:36,83.3000,45,4
2026-05-26,000858,14:52:39,83.3000,10,4
2026-05-26,000858,14:52:42,83.3000,35,2
2026-05-26,000858,14:52:45,83.3000,12,1
2026-05-26,000858,14:52:48,83.2900,9,2
2026-05-26,000858,14:52:51,83.3000,43,1
2026-05-26,000858,14:52:54,83.3000,8,1
2026-05-26,000858,14:52:57,83.2900,31,2
2026-05-26,000858,14:53:00,83.3000,18,1
2026-05-26,000858,14:53:03,83.2900,33,2
2026-05-26,000858,14:53:06,83.3000,78,1
2026-05-26,000858,14:53:09,83.2800,5,2
2026-05-26,000858,14:53:12,83.2900,51,2
2026-05-26,000858,14:53:15,83.2900,12,2
2026-05-26,000858,14:53:18,83.2900,397,2
2026-05-26,000858,14:53:21,83.2900,32,1
2026-05-26,000858,14:53:24,83.2800,31,2
2026-05-26,000858,14:53:27,83.2900,68,2
2026-05-26,000858,14:53:30,83.3000,39,1
2026-05-26,000858,14:53:33,83.2900,53,1
2026-05-26,000858,14:53:36,83.2900,68,2
2026-05-26,000858,14:53:39,83.2900,70,2
2026-05-26,000858,14:53:42,83.2900,31,2
2026-05-26,000858,14:53:45,83.2900,44,2
2026-05-26,000858,14:53:48,83.3000,33,1
2026-05-26,000858,14:53:51,83.2900,21,2
2026-05-26,000858,14:53:54,83.2900,49,2
2026-05-26,000858,14:53:57,83.3000,213,1
2026-05-26,000858,14:54:00,83.3300,576,1
2026-05-26,000858,14:54:03,83.3500,140,1
2026-05-26,000858,14:54:06,83.3300,35,2
2026-05-26,000858,14:54:09,83.3400,85,4
2026-05-26,000858,14:54:12,83.3500,25,2
2026-05-26,000858,14:54:15,83.3500,92,1
2026-05-26,000858,14:54:18,83.3600,14,1
2026-05-26,000858,14:54:21,83.3500,70,2
2026-05-26,000858,14:54:24,83.3500,46,1
2026-05-26,000858,14:54:27,83.3500,7,1
2026-05-26,000858,14:54:30,83.3500,13,1
2026-05-26,000858,14:54:33,83.3400,30,1
2026-05-26,000858,14:54:36,83.3500,33,1
2026-05-26,000858,14:54:39,83.3300,48,2
2026-05-26,000858,14:54:42,83.3300,7,2
2026-05-26,000858,14:54:45,83.3400,14,1
2026-05-26,000858,14:54:48,83.3400,20,1
2026-05-26,000858,14:54:51,83.3400,20,1
2026-05-26,000858,14:54:54,83.3400,23,2
2026-05-26,000858,14:54:57,83.3400,64,2
2026-05-26,000858,14:55:00,83.3500,128,1
2026-05-26,000858,14:55:03,83.3400,77,2
2026-05-26,000858,14:55:06,83.3500,66,1
2026-05-26,000858,14:55:09,83.3500,44,1
2026-05-26,000858,14:55:12,83.3500,351,1
2026-05-26,000858,14:55:15,83.3700,79,1
2026-05-26,000858,14:55:18,83.3600,31,2
2026-05-26,000858,14:55:21,83.3800,108,1
2026-05-26,000858,14:55:24,83.3500,70,2
2026-05-26,000858,14:55:27,83.3800,265,1
2026-05-26,000858,14:55:30,83.3700,384,4
2026-05-26,000858,14:55:33,83.3700,65,2
2026-05-26,000858,14:55:36,83.3800,80,1
2026-05-26,000858,14:55:39,83.4100,244,1
2026-05-26,000858,14:55:42,83.4200,47,1
2026-05-26,000858,14:55:45,83.4100,9,2
2026-05-26,000858,14:55:48,83.4100,14,2
2026-05-26,000858,14:55:51,83.4100,16,2
2026-05-26,000858,14:55:54,83.4200,85,1
2026-05-26,000858,14:55:57,83.4300,38,1
2026-05-26,000858,14:56:00,83.4400,71,1
2026-05-26,000858,14:56:03,83.4400,93,1
2026-05-26,000858,14:56:06,83.4400,27,4
2026-05-26,000858,14:56:09,83.4200,36,2
2026-05-26,000858,14:56:12,83.4200,15,2
2026-05-26,000858,14:56:15,83.4300,237,1
2026-05-26,000858,14:56:18,83.4400,68,1
2026-05-26,000858,14:56:21,83.4200,39,2
2026-05-26,000858,14:56:24,83.4300,22,1
2026-05-26,000858,14:56:27,83.4200,107,2
2026-05-26,000858,14:56:30,83.4200,13,1
2026-05-26,000858,14:56:33,83.4300,41,1
2026-05-26,000858,14:56:36,83.4200,76,2
2026-05-26,000858,14:56:39,83.4300,38,1
2026-05-26,000858,14:56:42,83.4200,44,2
2026-05-26,000858,14:56:45,83.4400,288,1
2026-05-26,000858,14:56:48,83.4200,147,2
2026-05-26,000858,14:56:51,83.4200,103,1
2026-05-26,000858,14:56:54,83.4000,24,2
2026-05-26,000858,14:56:57,83.4100,4,1
2026-05-26,000858,14:57:00,83.4100,50,1
2026-05-26,000858,15:00:01,83.3600,1878,4
2026-05-26,000858,13:16:33,83.1700,6,1
2026-05-26,000858,13:16:36,83.1600,21,4
2026-05-26,000858,13:16:39,83.1500,41,2
2026-05-26,000858,13:16:42,83.1500,6,2
2026-05-26,000858,13:16:45,83.1500,109,2
2026-05-26,000858,13:16:48,83.1500,14,1
2026-05-26,000858,13:16:51,83.1500,16,2
2026-05-26,000858,13:16:54,83.1500,6,1
2026-05-26,000858,13:16:57,83.1500,11,1
2026-05-26,000858,13:17:00,83.1500,23,1
2026-05-26,000858,13:17:03,83.1500,10,2
2026-05-26,000858,13:17:06,83.1500,27,1
2026-05-26,000858,13:17:09,83.1500,17,1
2026-05-26,000858,13:17:12,83.1500,52,1
2026-05-26,000858,13:17:15,83.1400,13,2
2026-05-26,000858,13:17:18,83.1400,15,2
2026-05-26,000858,13:17:21,83.1400,671,2
2026-05-26,000858,13:17:24,83.1300,63,4
2026-05-26,000858,13:17:27,83.1200,57,4
2026-05-26,000858,13:17:30,83.1200,25,1
2026-05-26,000858,13:17:33,83.1100,207,2
2026-05-26,000858,13:17:36,83.0800,1207,2
2026-05-26,000858,13:17:39,83.0700,362,2
2026-05-26,000858,13:17:42,83.0800,23,2
2026-05-26,000858,13:17:45,83.0700,30,4
2026-05-26,000858,13:17:48,83.0600,93,2
2026-05-26,000858,13:17:51,83.0600,109,1
2026-05-26,000858,13:17:54,83.0500,348,2
2026-05-26,000858,13:17:57,83.0600,60,4
2026-05-26,000858,13:18:00,83.0600,18,2
2026-05-26,000858,13:18:03,83.0600,16,2
2026-05-26,000858,13:18:06,83.0600,42,2
2026-05-26,000858,13:18:09,83.0500,87,2
2026-05-26,000858,13:18:12,83.0600,35,1
2026-05-26,000858,13:18:15,83.0500,89,2
2026-05-26,000858,13:18:18,83.0500,61,1
2026-05-26,000858,13:18:21,83.0500,42,2
2026-05-26,000858,13:18:24,83.0500,33,2
2026-05-26,000858,13:18:27,83.0500,28,1
2026-05-26,000858,13:18:30,83.0500,29,1
2026-05-26,000858,13:18:33,83.0500,26,2
2026-05-26,000858,13:18:36,83.0500,95,2
2026-05-26,000858,13:18:39,83.0500,20,1
2026-05-26,000858,13:18:42,83.0500,36,1
2026-05-26,000858,13:18:45,83.0300,135,2
2026-05-26,000858,13:18:48,83.0300,96,2
2026-05-26,000858,13:18:51,83.0600,144,1
2026-05-26,000858,13:18:54,83.0600,21,1
2026-05-26,000858,13:18:57,83.0500,29,2
2026-05-26,000858,13:19:00,83.0400,17,2
2026-05-26,000858,13:19:03,83.0400,23,2
2026-05-26,000858,13:19:06,83.0500,40,1
2026-05-26,000858,13:19:09,83.0400,31,2
2026-05-26,000858,13:19:12,83.0500,94,1
2026-05-26,000858,13:19:15,83.0500,29,2
2026-05-26,000858,13:19:18,83.0500,10,1
2026-05-26,000858,13:19:21,83.0500,36,1
2026-05-26,000858,13:19:24,83.0500,49,1
2026-05-26,000858,13:19:27,83.0500,34,1
2026-05-26,000858,13:19:30,83.0400,109,2
2026-05-26,000858,13:19:33,83.0500,4,4
2026-05-26,000858,13:19:36,83.0500,150,2
2026-05-26,000858,13:19:39,83.0500,32,1
2026-05-26,000858,13:19:42,83.0400,24,2
2026-05-26,000858,13:19:45,83.0500,50,1
2026-05-26,000858,13:19:48,83.0500,67,2
2026-05-26,000858,13:19:51,83.0500,93,2
2026-05-26,000858,13:19:54,83.0400,37,2
2026-05-26,000858,13:19:57,83.0400,21,2
2026-05-26,000858,13:20:00,83.0500,24,1
2026-05-26,000858,13:20:03,83.0400,194,2
2026-05-26,000858,13:20:06,83.0400,52,1
2026-05-26,000858,13:20:09,83.0500,48,1
2026-05-26,000858,13:20:12,83.0400,11,2
2026-05-26,000858,13:20:15,83.0500,13,1
2026-05-26,000858,13:20:18,83.0500,55,1
2026-05-26,000858,13:20:21,83.0500,77,1
2026-05-26,000858,13:20:24,83.0500,5,2
2026-05-26,000858,13:20:27,83.0600,17,1
2026-05-26,000858,13:20:30,83.0600,23,1
2026-05-26,000858,13:20:33,83.0600,1,4
2026-05-26,000858,13:20:36,83.0600,16,2
2026-05-26,000858,13:20:39,83.0600,22,1
2026-05-26,000858,13:20:42,83.0600,31,2
2026-05-26,000858,13:20:48,83.0800,72,1
2026-05-26,000858,13:20:51,83.0800,3,1
2026-05-26,000858,13:20:54,83.0700,32,4
2026-05-26,000858,13:20:57,83.0700,14,1
2026-05-26,000858,13:21:00,83.0600,15,2
2026-05-26,000858,13:21:03,83.0500,37,2
2026-05-26,000858,13:21:06,83.0500,37,2
2026-05-26,000858,13:21:09,83.0600,11,2
2026-05-26,000858,13:21:12,83.0700,26,1
2026-05-26,000858,13:21:15,83.0600,38,2
2026-05-26,000858,13:21:18,83.0600,25,1
2026-05-26,000858,13:21:21,83.0600,57,1
2026-05-26,000858,13:21:24,83.0600,70,1
2026-05-26,000858,13:21:27,83.0600,41,2
2026-05-26,000858,13:21:30,83.0600,33,2
2026-05-26,000858,13:21:33,83.0600,23,2
2026-05-26,000858,13:21:36,83.0700,9,1
2026-05-26,000858,13:21:39,83.0600,29,2
2026-05-26,000858,13:21:42,83.0600,37,2
2026-05-26,000858,13:21:45,83.0700,21,1
2026-05-26,000858,13:21:48,83.0700,17,1
2026-05-26,000858,13:21:51,83.0600,67,2
2026-05-26,000858,13:21:54,83.0500,209,2
2026-05-26,000858,13:21:57,83.0500,27,4
2026-05-26,000858,13:22:00,83.0600,16,1
2026-05-26,000858,13:22:03,83.0600,67,1
2026-05-26,000858,13:22:06,83.0400,35,2
2026-05-26,000858,13:22:09,83.0400,40,2
2026-05-26,000858,13:22:12,83.0400,25,2
2026-05-26,000858,13:22:15,83.0400,85,2
2026-05-26,000858,13:22:18,83.0400,60,2
2026-05-26,000858,13:22:21,83.0400,48,2
2026-05-26,000858,13:22:24,83.0400,29,2
2026-05-26,000858,13:22:27,83.0300,175,2
2026-05-26,000858,13:22:30,83.0300,32,2
2026-05-26,000858,13:22:33,83.0300,327,2
2026-05-26,000858,13:22:36,83.0400,75,1
2026-05-26,000858,13:22:39,83.0400,19,1
2026-05-26,000858,13:22:42,83.0300,56,2
2026-05-26,000858,13:22:45,83.0300,648,2
2026-05-26,000858,13:22:48,83.0300,25,1
2026-05-26,000858,13:22:51,83.0300,25,1
2026-05-26,000858,13:22:54,83.0300,47,1
2026-05-26,000858,13:22:57,83.0200,123,2
2026-05-26,000858,13:23:00,83.0200,32,2
2026-05-26,000858,13:23:03,83.0300,268,1
2026-05-26,000858,13:23:06,83.0300,60,1
2026-05-26,000858,13:23:09,83.0200,32,2
2026-05-26,000858,13:23:12,83.0300,661,4
2026-05-26,000858,13:23:15,83.0200,22,2
2026-05-26,000858,13:23:18,83.0200,67,2
2026-05-26,000858,13:23:21,83.0300,263,2
2026-05-26,000858,13:23:24,83.0200,115,2
2026-05-26,000858,13:23:27,83.0200,43,2
2026-05-26,000858,13:23:30,83.0200,354,2
2026-05-26,000858,13:23:33,83.0200,21,2
2026-05-26,000858,13:23:36,83.0200,11,1
2026-05-26,000858,13:23:39,83.0200,315,1
2026-05-26,000858,13:23:42,83.0200,353,1
2026-05-26,000858,13:23:45,83.0000,457,2
2026-05-26,000858,13:23:48,83.0000,306,2
2026-05-26,000858,13:23:51,83.0100,166,1
2026-05-26,000858,13:23:54,83.0000,85,2
2026-05-26,000858,13:23:57,83.0100,98,1
2026-05-26,000858,13:24:00,83.0000,118,2
2026-05-26,000858,13:24:03,83.0200,33,1
2026-05-26,000858,13:24:06,83.0100,128,2
2026-05-26,000858,13:24:09,83.0100,70,1
2026-05-26,000858,13:24:12,83.0100,29,1
2026-05-26,000858,13:24:15,83.0100,35,1
2026-05-26,000858,13:24:18,83.0100,24,2
2026-05-26,000858,13:24:21,83.0200,37,1
2026-05-26,000858,13:24:24,83.0100,67,2
2026-05-26,000858,13:24:27,83.0100,160,1
2026-05-26,000858,13:24:30,83.0100,32,1
2026-05-26,000858,13:24:33,83.0100,81,1
2026-05-26,000858,13:24:36,83.0100,47,1
2026-05-26,000858,13:24:39,83.0100,199,1
2026-05-26,000858,13:24:42,83.0100,35,2
2026-05-26,000858,13:24:45,83.0100,25,2
2026-05-26,000858,13:24:48,83.0100,58,2
2026-05-26,000858,13:24:51,83.0200,108,1
2026-05-26,000858,13:24:54,83.0200,36,1
2026-05-26,000858,13:24:57,83.0200,82,1
2026-05-26,000858,13:25:00,83.0100,19,2
2026-05-26,000858,13:25:03,83.0200,17,1
2026-05-26,000858,13:25:06,83.0200,9,1
2026-05-26,000858,13:25:09,83.0100,32,2
2026-05-26,000858,13:25:12,83.0100,17,2
2026-05-26,000858,13:25:15,83.0200,34,1
2026-05-26,000858,13:25:18,83.0200,13,1
2026-05-26,000858,13:25:21,83.0200,38,1
2026-05-26,000858,13:25:24,83.0200,60,1
2026-05-26,000858,13:25:27,83.0200,5,2
2026-05-26,000858,13:25:30,83.0200,20,2
2026-05-26,000858,13:25:33,83.0300,26,1
2026-05-26,000858,13:25:36,83.0300,9,2
2026-05-26,000858,13:25:39,83.0300,4,2
2026-05-26,000858,13:25:42,83.0400,37,1
2026-05-26,000858,13:25:45,83.0400,14,1
2026-05-26,000858,13:25:48,83.0300,55,2
2026-05-26,000858,13:25:51,83.0400,17,2
2026-05-26,000858,13:25:54,83.0500,36,1
2026-05-26,000858,13:25:57,83.0500,6,1
2026-05-26,000858,13:26:00,83.0500,36,1
2026-05-26,000858,13:26:03,83.0500,4,1
2026-05-26,000858,13:26:06,83.0400,230,2
2026-05-26,000858,13:26:09,83.0300,12,2
2026-05-26,000858,13:26:12,83.0200,18,2
2026-05-26,000858,13:26:15,83.0200,88,2
2026-05-26,000858,13:26:18,83.0300,10,1
2026-05-26,000858,13:26:21,83.0200,20,2
2026-05-26,000858,13:26:24,83.0300,27,1
2026-05-26,000858,13:26:27,83.0300,49,4
2026-05-26,000858,13:26:30,83.0200,41,2
2026-05-26,000858,13:26:33,83.0300,52,1
2026-05-26,000858,13:26:36,83.0300,53,2
2026-05-26,000858,13:26:39,83.0400,114,1
2026-05-26,000858,13:26:42,83.0300,17,2
2026-05-26,000858,13:26:45,83.0200,20,2
2026-05-26,000858,13:26:48,83.0300,10,4
2026-05-26,000858,13:26:51,83.0300,8,4
2026-05-26,000858,13:26:54,83.0400,78,1
2026-05-26,000858,13:26:57,83.0300,41,4
2026-05-26,000858,13:27:00,83.0300,17,2
2026-05-26,000858,13:27:03,83.0400,72,1
2026-05-26,000858,13:27:06,83.0300,10,2
2026-05-26,000858,13:27:09,83.0400,9,1
2026-05-26,000858,13:27:12,83.0400,16,1
2026-05-26,000858,13:27:15,83.0400,2,2
2026-05-26,000858,13:27:18,83.0400,8,2
2026-05-26,000858,13:27:21,83.0500,34,1
2026-05-26,000858,13:27:24,83.0600,17,1
2026-05-26,000858,13:27:27,83.0500,54,2
2026-05-26,000858,13:27:30,83.0600,17,1
2026-05-26,000858,13:27:33,83.0600,21,1
2026-05-26,000858,13:27:36,83.0600,9,1
2026-05-26,000858,13:27:39,83.0500,6,2
2026-05-26,000858,13:27:42,83.0500,50,2
2026-05-26,000858,13:27:45,83.0400,36,2
2026-05-26,000858,13:27:48,83.0400,25,4
2026-05-26,000858,13:27:51,83.0400,216,1
2026-05-26,000858,13:27:54,83.0400,8,1
2026-05-26,000858,13:27:57,83.0400,21,1
2026-05-26,000858,13:28:00,83.0400,25,1
2026-05-26,000858,13:28:03,83.0400,21,1
2026-05-26,000858,13:28:06,83.0300,87,2
2026-05-26,000858,13:28:09,83.0300,28,1
2026-05-26,000858,13:28:12,83.0200,37,2
2026-05-26,000858,13:28:15,83.0300,9,1
2026-05-26,000858,13:28:18,83.0200,12,2
2026-05-26,000858,13:28:21,83.0300,5,1
2026-05-26,000858,13:28:24,83.0300,10,1
2026-05-26,000858,13:28:27,83.0300,79,1
2026-05-26,000858,13:28:30,83.0300,15,2
2026-05-26,000858,13:28:33,83.0300,68,2
2026-05-26,000858,13:28:36,83.0400,9,1
2026-05-26,000858,13:28:39,83.0200,26,2
2026-05-26,000858,13:28:42,83.0300,37,2
2026-05-26,000858,13:28:45,83.0200,31,2
2026-05-26,000858,13:28:48,83.0300,3,1
2026-05-26,000858,13:28:51,83.0300,8,1
2026-05-26,000858,13:28:54,83.0300,37,1
2026-05-26,000858,13:28:57,83.0300,44,1
2026-05-26,000858,13:29:00,83.0300,33,1
2026-05-26,000858,13:29:03,83.0300,23,1
2026-05-26,000858,13:29:06,83.0300,17,1
2026-05-26,000858,13:29:09,83.0300,18,1
2026-05-26,000858,13:29:12,83.0200,41,2
2026-05-26,000858,13:29:15,83.0300,11,1
2026-05-26,000858,13:29:18,83.0300,51,1
2026-05-26,000858,13:29:21,83.0200,24,2
2026-05-26,000858,13:29:24,83.0300,10,1
2026-05-26,000858,13:29:27,83.0300,17,1
2026-05-26,000858,13:29:30,83.0300,29,1
2026-05-26,000858,13:29:33,83.0200,1,2
2026-05-26,000858,13:29:36,83.0200,13,2
2026-05-26,000858,13:29:39,83.0200,11,2
2026-05-26,000858,13:29:42,83.0300,27,1
2026-05-26,000858,13:29:45,83.0200,4,2
2026-05-26,000858,13:29:48,83.0300,19,1
2026-05-26,000858,13:29:51,83.0300,41,1
2026-05-26,000858,13:29:54,83.0300,63,1
2026-05-26,000858,13:29:57,83.0300,31,1
2026-05-26,000858,13:30:00,83.0300,35,1
2026-05-26,000858,13:30:03,83.0300,25,1
2026-05-26,000858,13:30:06,83.0200,107,2
2026-05-26,000858,13:30:09,83.0200,47,2
2026-05-26,000858,13:30:12,83.0200,26,1
2026-05-26,000858,13:30:15,83.0200,43,1
2026-05-26,000858,13:30:18,83.0200,27,2
2026-05-26,000858,13:30:21,83.0200,24,2
2026-05-26,000858,13:30:24,83.0300,8,1
2026-05-26,000858,13:30:27,83.0200,53,2
2026-05-26,000858,13:30:30,83.0200,9,2
2026-05-26,000858,13:30:33,83.0300,79,1
2026-05-26,000858,13:30:36,83.0300,21,1
2026-05-26,000858,13:30:39,83.0300,39,1
2026-05-26,000858,13:30:42,83.0300,10,1
2026-05-26,000858,13:30:45,83.0300,20,1
2026-05-26,000858,13:30:48,83.0300,28,1
2026-05-26,000858,13:30:51,83.0300,36,1
2026-05-26,000858,13:30:54,83.0200,50,2
2026-05-26,000858,13:30:57,83.0300,48,1
2026-05-26,000858,13:31:00,83.0400,7,1
2026-05-26,000858,13:31:03,83.0300,5,2
2026-05-26,000858,13:31:06,83.0300,3,2
2026-05-26,000858,13:31:09,83.0400,22,1
2026-05-26,000858,13:31:12,83.0400,20,1
2026-05-26,000858,13:31:15,83.0400,6,1
2026-05-26,000858,13:31:18,83.0400,25,1
2026-05-26,000858,13:31:21,83.0300,24,2
2026-05-26,000858,13:31:24,83.0400,35,1
2026-05-26,000858,13:31:27,83.0300,72,2
2026-05-26,000858,13:31:30,83.0400,17,1
2026-05-26,000858,13:31:33,83.0400,32,1
2026-05-26,000858,13:31:36,83.0400,652,1
2026-05-26,000858,13:31:39,83.0200,40,2
2026-05-26,000858,13:31:42,83.0300,26,1
2026-05-26,000858,13:31:45,83.0300,30,2
2026-05-26,000858,13:31:48,83.0300,11,2
2026-05-26,000858,13:31:51,83.0300,4,2
2026-05-26,000858,13:31:54,83.0300,161,2
2026-05-26,000858,13:31:57,83.0400,44,1
2026-05-26,000858,13:32:00,83.0300,20,2
2026-05-26,000858,13:32:03,83.0300,49,2
2026-05-26,000858,13:32:06,83.0300,17,1
2026-05-26,000858,13:32:09,83.0200,28,2
2026-05-26,000858,13:32:12,83.0300,60,1
2026-05-26,000858,13:32:15,83.0200,36,2
2026-05-26,000858,13:32:18,83.0300,56,1
2026-05-26,000858,13:32:21,83.0200,10,2
2026-05-26,000858,13:32:24,83.0200,8,2
2026-05-26,000858,13:32:27,83.0300,26,1
2026-05-26,000858,13:32:30,83.0300,2447,1
2026-05-26,000858,13:32:33,83.0200,195,1
2026-05-26,000858,13:32:36,83.0100,31,4
2026-05-26,000858,13:32:39,83.0200,64,1
2026-05-26,000858,13:32:42,83.0200,24,1
2026-05-26,000858,13:32:45,83.0100,82,2
2026-05-26,000858,13:32:48,83.0100,99,1
2026-05-26,000858,13:32:51,83.0100,41,1
2026-05-26,000858,13:32:54,83.0100,45,1
2026-05-26,000858,13:32:57,83.0100,34,1
2026-05-26,000858,13:33:00,83.0100,221,1
2026-05-26,000858,13:33:03,83.0100,93,1
2026-05-26,000858,13:33:06,83.0100,127,1
2026-05-26,000858,13:33:09,83.0100,119,1
2026-05-26,000858,13:33:12,83.0100,75,1
2026-05-26,000858,13:33:15,83.0100,225,2
2026-05-26,000858,13:33:18,83.0100,43,1
2026-05-26,000858,13:33:21,83.0100,70,2
2026-05-26,000858,13:33:24,83.0100,15,4
2026-05-26,000858,13:33:27,83.0100,17,2
2026-05-26,000858,13:33:30,83.0200,45,1
2026-05-26,000858,13:33:33,83.0200,18,1
2026-05-26,000858,13:33:36,83.0200,36,1
2026-05-26,000858,13:33:39,83.0200,24,1
2026-05-26,000858,13:33:42,83.0200,14,1
2026-05-26,000858,13:33:45,83.0100,43,2
2026-05-26,000858,13:33:48,83.0200,139,1
2026-05-26,000858,13:33:51,83.0100,31,4
2026-05-26,000858,13:33:54,83.0000,27,2
2026-05-26,000858,13:33:57,83.0100,133,1
2026-05-26,000858,13:34:00,83.0100,30,1
2026-05-26,000858,13:34:03,83.0100,125,1
2026-05-26,000858,13:34:06,83.0100,19,2
2026-05-26,000858,13:34:09,83.0100,28,2
2026-05-26,000858,13:34:12,83.0100,61,1
2026-05-26,000858,13:34:15,83.0100,349,2
2026-05-26,000858,13:34:18,83.0200,6,1
2026-05-26,000858,13:34:21,83.0200,35,1
2026-05-26,000858,13:34:24,83.0300,28,1
2026-05-26,000858,13:34:27,83.0200,14,2
2026-05-26,000858,13:34:30,83.0200,18,2
2026-05-26,000858,13:34:33,83.0200,57,2
2026-05-26,000858,13:34:36,83.0200,3,4
2026-05-26,000858,13:34:39,83.0300,31,1
2026-05-26,000858,13:34:42,83.0300,26,1
2026-05-26,000858,13:34:45,83.0300,4,1
2026-05-26,000858,13:34:48,83.0200,6,2
2026-05-26,000858,13:34:51,83.0300,5,1
2026-05-26,000858,13:34:54,83.0300,39,1
2026-05-26,000858,13:34:57,83.0200,17,2
2026-05-26,000858,13:35:00,83.0300,3,1
2026-05-26,000858,13:35:03,83.0300,50,1
2026-05-26,000858,13:35:06,83.0200,16,2
2026-05-26,000858,13:35:09,83.0200,24,2
2026-05-26,000858,13:35:12,83.0200,38,2
2026-05-26,000858,13:35:15,83.0200,39,2
2026-05-26,000858,13:35:18,83.0200,30,1
2026-05-26,000858,13:35:21,83.0200,19,1
2026-05-26,000858,13:35:24,83.0200,25,1
2026-05-26,000858,13:35:27,83.0100,19,2
2026-05-26,000858,13:35:30,83.0200,14,1
2026-05-26,000858,13:35:33,83.0200,6,2
2026-05-26,000858,13:35:36,83.0100,12,2
2026-05-26,000858,13:35:39,83.0300,6,1
2026-05-26,000858,13:35:42,83.0200,28,2
2026-05-26,000858,13:35:45,83.0200,13,2
2026-05-26,000858,13:35:48,83.0200,6,2
2026-05-26,000858,13:35:51,83.0300,132,1
2026-05-26,000858,13:35:54,83.0300,8,1
2026-05-26,000858,13:35:57,83.0200,14,2
2026-05-26,000858,13:36:00,83.0300,5,1
2026-05-26,000858,13:36:03,83.0300,36,1
2026-05-26,000858,13:36:06,83.0200,22,2
2026-05-26,000858,13:36:09,83.0300,185,1
2026-05-26,000858,13:36:12,83.0400,50,1
2026-05-26,000858,13:36:15,83.0400,6,1
2026-05-26,000858,13:36:18,83.0300,18,2
2026-05-26,000858,13:36:21,83.0400,5,1
2026-05-26,000858,13:36:24,83.0400,25,1
2026-05-26,000858,13:36:27,83.0500,26,1
2026-05-26,000858,13:36:30,83.0500,19,1
2026-05-26,000858,13:36:33,83.0500,22,1
2026-05-26,000858,13:36:36,83.0500,13,2
2026-05-26,000858,13:36:39,83.0500,9,2
2026-05-26,000858,13:36:42,83.0500,27,2
2026-05-26,000858,13:36:45,83.0600,34,1
2026-05-26,000858,13:36:48,83.0600,19,2
2026-05-26,000858,13:36:51,83.0800,29,1
2026-05-26,000858,13:36:54,83.0600,5,2
2026-05-26,000858,13:36:57,83.0700,23,2
2026-05-26,000858,13:37:00,83.0800,35,1
2026-05-26,000858,13:37:03,83.0800,18,1
2026-05-26,000858,13:37:06,83.0700,33,2
2026-05-26,000858,13:37:09,83.0700,30,2
2026-05-26,000858,13:37:12,83.0700,18,1
2026-05-26,000858,13:37:15,83.0700,20,1
2026-05-26,000858,13:37:18,83.0700,5,4
2026-05-26,000858,13:37:21,83.0800,21,1
2026-05-26,000858,13:37:24,83.0800,8,1
2026-05-26,000858,13:37:27,83.0800,5,1
2026-05-26,000858,13:37:30,83.0700,8,2
2026-05-26,000858,13:37:33,83.0800,8,2
2026-05-26,000858,13:37:36,83.0900,28,1
2026-05-26,000858,13:37:39,83.0900,21,1
2026-05-26,000858,13:37:42,83.0900,19,1
2026-05-26,000858,13:37:45,83.0900,18,1
2026-05-26,000858,13:37:48,83.1000,1,1
2026-05-26,000858,13:37:51,83.1000,8,1
2026-05-26,000858,13:37:54,83.1000,45,1
2026-05-26,000858,13:37:57,83.1000,80,1
2026-05-26,000858,13:38:00,83.0800,202,2
2026-05-26,000858,13:38:03,83.1000,43,1
2026-05-26,000858,13:38:06,83.1000,12,2
2026-05-26,000858,13:38:09,83.1200,6,1
2026-05-26,000858,13:38:12,83.1300,75,1
2026-05-26,000858,13:38:15,83.1000,7,1
2026-05-26,000858,13:38:18,83.1000,22,1
2026-05-26,000858,13:38:21,83.1000,40,1
2026-05-26,000858,13:38:24,83.1000,14,1
2026-05-26,000858,13:38:27,83.0900,24,4
2026-05-26,000858,13:38:30,83.1000,38,1
2026-05-26,000858,13:38:33,83.0800,16,2
2026-05-26,000858,13:38:36,83.1000,22,1
2026-05-26,000858,13:38:39,83.1000,10,1
2026-05-26,000858,13:38:42,83.1000,31,1
2026-05-26,000858,13:38:45,83.1000,2,1
2026-05-26,000858,13:38:48,83.0900,21,2
2026-05-26,000858,13:38:51,83.1000,15,1
2026-05-26,000858,13:38:54,83.1000,5,1
2026-05-26,000858,13:38:57,83.1000,10,1
2026-05-26,000858,13:39:00,83.0900,7,2
2026-05-26,000858,13:39:03,83.1000,22,1
2026-05-26,000858,13:39:06,83.1000,13,1
2026-05-26,000858,13:39:12,83.0900,17,2
2026-05-26,000858,13:39:15,83.0900,24,2
2026-05-26,000858,13:39:18,83.0900,11,2
2026-05-26,000858,13:39:21,83.1000,10,1
2026-05-26,000858,13:39:24,83.1000,9,1
2026-05-26,000858,13:39:27,83.0900,107,2
2026-05-26,000858,13:39:30,83.0900,34,1
2026-05-26,000858,13:39:33,83.0900,34,1
2026-05-26,000858,13:39:36,83.0900,47,1
2026-05-26,000858,13:39:39,83.0900,9,2
2026-05-26,000858,13:39:42,83.0900,6,2
2026-05-26,000858,13:39:45,83.1000,18,1
2026-05-26,000858,13:39:48,83.1000,7,2
2026-05-26,000858,13:39:51,83.1000,14,1
2026-05-26,000858,13:39:54,83.1000,9,1
2026-05-26,000858,13:39:57,83.1100,15,1
2026-05-26,000858,13:40:00,83.1000,33,2
2026-05-26,000858,13:40:03,83.1000,40,2
2026-05-26,000858,13:40:06,83.1000,5,1
2026-05-26,000858,13:40:09,83.1000,45,1
2026-05-26,000858,13:40:12,83.1000,25,1
2026-05-26,000858,13:40:15,83.1000,18,2
2026-05-26,000858,13:40:18,83.0900,35,2
2026-05-26,000858,13:40:21,83.0900,6,2
2026-05-26,000858,13:40:24,83.0900,7,2
2026-05-26,000858,13:40:27,83.1000,11,1
2026-05-26,000858,13:40:30,83.1000,20,1
2026-05-26,000858,13:40:33,83.1000,7,1
2026-05-26,000858,13:40:36,83.1000,2,1
2026-05-26,000858,13:40:39,83.0900,1,2
2026-05-26,000858,13:40:42,83.1000,46,1
2026-05-26,000858,13:40:45,83.1000,3,1
2026-05-26,000858,13:40:48,83.1000,4,1
2026-05-26,000858,13:40:51,83.0900,20,2
2026-05-26,000858,13:40:54,83.1000,54,1
2026-05-26,000858,13:40:57,83.0900,40,2
2026-05-26,000858,13:41:00,83.0900,22,1
2026-05-26,000858,13:41:03,83.0900,21,1
2026-05-26,000858,13:41:06,83.0900,4,1
2026-05-26,000858,13:41:09,83.0900,2,1
2026-05-26,000858,13:41:12,83.0900,17,1
2026-05-26,000858,13:41:15,83.0800,15,2
2026-05-26,000858,13:41:18,83.0800,23,2
2026-05-26,000858,13:41:21,83.0800,81,2
2026-05-26,000858,13:41:24,83.0700,104,2
2026-05-26,000858,13:41:27,83.0800,56,1
2026-05-26,000858,13:41:30,83.0700,4,1
2026-05-26,000858,13:41:33,83.0700,10,1
2026-05-26,000858,13:41:36,83.0700,14,1
2026-05-26,000858,13:41:39,83.0600,17,2
2026-05-26,000858,13:41:42,83.0600,4,2
2026-05-26,000858,13:41:45,83.0700,22,1
2026-05-26,000858,13:41:48,83.0700,34,2
2026-05-26,000858,13:41:51,83.0700,38,1
2026-05-26,000858,13:41:54,83.0700,81,1
2026-05-26,000858,13:41:57,83.0700,25,1
2026-05-26,000858,13:42:00,83.0600,48,2
2026-05-26,000858,13:42:03,83.0600,8,2
2026-05-26,000858,13:42:06,83.0600,10,1
2026-05-26,000858,13:42:09,83.0600,48,1
2026-05-26,000858,13:42:12,83.0600,3,2
2026-05-26,000858,13:42:15,83.0600,10,2
2026-05-26,000858,13:42:18,83.0600,41,2
2026-05-26,000858,13:42:21,83.0600,23,2
2026-05-26,000858,13:42:24,83.0600,75,2
2026-05-26,000858,13:42:27,83.0600,13,2
2026-05-26,000858,13:42:30,83.0700,11,1
2026-05-26,000858,13:42:33,83.0600,20,2
2026-05-26,000858,13:42:36,83.0600,23,1
2026-05-26,000858,13:42:39,83.0500,32,2
2026-05-26,000858,13:42:42,83.0500,29,2
2026-05-26,000858,13:42:45,83.0600,8,1
2026-05-26,000858,13:42:48,83.0700,36,1
2026-05-26,000858,13:42:51,83.0700,12,2
2026-05-26,000858,13:42:54,83.0800,46,1
2026-05-26,000858,13:42:57,83.0200,415,2
2026-05-26,000858,13:43:00,83.0600,21,2
2026-05-26,000858,13:43:03,83.0400,22,2
2026-05-26,000858,13:43:06,83.0400,16,1
2026-05-26,000858,13:43:09,83.0400,67,1
2026-05-26,000858,13:43:12,83.0700,93,1
2026-05-26,000858,13:43:15,83.0500,5,2
2026-05-26,000858,13:43:18,83.0800,33,1
2026-05-26,000858,13:43:21,83.1000,49,1
2026-05-26,000858,13:43:24,83.1100,120,1
2026-05-26,000858,13:43:27,83.1100,13,1
2026-05-26,000858,13:43:30,83.1200,16,1
2026-05-26,000858,13:43:36,83.1100,10,2
2026-05-26,000858,13:43:39,83.1200,11,1
2026-05-26,000858,13:43:42,83.1300,32,1
2026-05-26,000858,13:43:45,83.1200,3,2
2026-05-26,000858,13:43:48,83.1300,20,1
2026-05-26,000858,13:43:51,83.1400,5,1
2026-05-26,000858,13:43:54,83.1300,17,2
2026-05-26,000858,13:43:57,83.1400,21,1
2026-05-26,000858,13:44:00,83.1400,11,2
2026-05-26,000858,13:44:03,83.1500,5,1
2026-05-26,000858,13:44:06,83.1500,14,1
2026-05-26,000858,13:44:09,83.1600,3,1
2026-05-26,000858,13:44:12,83.1600,4,1
2026-05-26,000858,13:44:15,83.1700,25,1
2026-05-26,000858,13:44:18,83.1600,61,2
2026-05-26,000858,13:44:21,83.1700,12,1
2026-05-26,000858,13:44:24,83.1700,26,4
2026-05-26,000858,13:44:27,83.1700,7,2
2026-05-26,000858,13:44:30,83.1800,24,1
2026-05-26,000858,13:44:33,83.1800,30,1
2026-05-26,000858,13:44:36,83.1800,4,1
2026-05-26,000858,13:44:39,83.1800,15,1
2026-05-26,000858,13:44:42,83.1800,4,2
2026-05-26,000858,13:44:45,83.1900,33,1
2026-05-26,000858,13:44:48,83.1800,184,2
2026-05-26,000858,13:44:51,83.1600,147,2
2026-05-26,000858,13:44:54,83.1600,4,2
2026-05-26,000858,13:44:57,83.1800,40,1
2026-05-26,000858,13:45:00,83.1800,23,1
2026-05-26,000858,13:45:03,83.1800,3,1
2026-05-26,000858,13:45:06,83.1800,22,1
2026-05-26,000858,13:45:09,83.1700,11,4
2026-05-26,000858,13:45:12,83.1800,26,1
2026-05-26,000858,13:45:15,83.1700,6,4
2026-05-26,000858,13:45:18,83.1600,29,2
2026-05-26,000858,13:45:21,83.1700,16,1
2026-05-26,000858,13:45:24,83.1600,48,2
2026-05-26,000858,13:45:27,83.1900,291,1
2026-05-26,000858,13:45:30,83.2500,416,1
2026-05-26,000858,13:45:33,83.2300,42,2
2026-05-26,000858,13:45:36,83.2800,28,1
2026-05-26,000858,13:45:39,83.2400,4,2
2026-05-26,000858,13:45:42,83.2700,9,1
2026-05-26,000858,13:45:45,83.2700,13,1
2026-05-26,000858,13:45:48,83.2800,45,1
2026-05-26,000858,13:45:51,83.2800,56,1
2026-05-26,000858,13:45:54,83.2700,12,4
2026-05-26,000858,13:45:57,83.2800,26,1
2026-05-26,000858,13:46:00,83.2700,20,2
2026-05-26,000858,13:46:03,83.2700,20,2
2026-05-26,000858,13:46:06,83.2800,23,1
2026-05-26,000858,13:46:09,83.2800,126,1
2026-05-26,000858,13:46:12,83.2700,51,2
2026-05-26,000858,13:46:15,83.2700,11,1
2026-05-26,000858,13:46:18,83.2700,13,1
2026-05-26,000858,13:46:21,83.2600,16,4
2026-05-26,000858,13:46:24,83.2700,32,1
2026-05-26,000858,13:46:27,83.2500,6,1
2026-05-26,000858,13:46:30,83.2500,9,1
2026-05-26,000858,13:46:33,83.2400,6,2
2026-05-26,000858,13:46:36,83.2400,1,1
2026-05-26,000858,13:46:39,83.2400,12,1
2026-05-26,000858,13:46:42,83.2200,53,2
2026-05-26,000858,13:46:45,83.2400,53,1
2026-05-26,000858,13:46:48,83.2200,31,1
2026-05-26,000858,13:46:51,83.2200,4,1
2026-05-26,000858,13:46:54,83.2200,5,1
2026-05-26,000858,13:46:57,83.2200,2,1
2026-05-26,000858,13:47:00,83.2000,6,2
2026-05-26,000858,13:47:03,83.2000,84,2
2026-05-26,000858,13:47:06,83.2000,29,2
2026-05-26,000858,13:47:09,83.2000,4,1
2026-05-26,000858,13:47:12,83.1800,5,2
2026-05-26,000858,13:47:15,83.1800,8,2
2026-05-26,000858,13:47:18,83.1800,8,2
2026-05-26,000858,13:47:21,83.1800,23,2
2026-05-26,000858,13:47:24,83.1800,8,1
2026-05-26,000858,13:47:27,83.1800,3,1
2026-05-26,000858,13:47:30,83.1600,52,2
2026-05-26,000858,13:47:33,83.1700,16,1
2026-05-26,000858,13:47:36,83.1600,22,2
2026-05-26,000858,13:47:39,83.1700,7,1
2026-05-26,000858,13:47:42,83.1700,34,2
2026-05-26,000858,13:47:45,83.1600,20,2
2026-05-26,000858,13:47:48,83.1600,23,2
2026-05-26,000858,13:47:51,83.1600,19,1
2026-05-26,000858,13:47:54,83.1600,10,1
2026-05-26,000858,13:47:57,83.1600,3,1
2026-05-26,000858,13:48:00,83.1500,29,2
2026-05-26,000858,13:48:03,83.1500,9,2
2026-05-26,000858,13:48:06,83.1500,11,1
2026-05-26,000858,13:48:09,83.1500,11,1
2026-05-26,000858,13:48:12,83.1500,51,1
2026-05-26,000858,13:48:15,83.1500,15,1
2026-05-26,000858,13:48:18,83.1600,66,1
2026-05-26,000858,13:48:21,83.1700,10,1
2026-05-26,000858,13:48:24,83.1500,14,2
2026-05-26,000858,13:48:27,83.1600,20,1
2026-05-26,000858,13:48:30,83.1600,12,1
2026-05-26,000858,13:48:33,83.1700,5,1
2026-05-26,000858,13:48:36,83.1700,42,1
2026-05-26,000858,13:48:39,83.1700,6,2
2026-05-26,000858,13:48:42,83.1700,52,2
2026-05-26,000858,13:48:45,83.1700,24,2
2026-05-26,000858,13:48:48,83.1700,4,2
2026-05-26,000858,13:48:51,83.1800,18,1
2026-05-26,000858,13:48:54,83.1800,2,2
2026-05-26,000858,13:48:57,83.1800,103,2
2026-05-26,000858,13:49:00,83.1900,4,1
2026-05-26,000858,13:49:03,83.1900,12,1
2026-05-26,000858,13:49:06,83.1900,101,1
2026-05-26,000858,13:49:09,83.1800,6,1
2026-05-26,000858,13:49:12,83.1800,8,1
2026-05-26,000858,13:49:15,83.1700,23,1
2026-05-26,000858,13:49:18,83.1600,25,2
2026-05-26,000858,13:49:21,83.1700,3,1
2026-05-26,000858,13:49:24,83.1700,5,4
2026-05-26,000858,13:49:27,83.1700,5,2
2026-05-26,000858,13:49:30,83.1700,9,2
2026-05-26,000858,13:49:33,83.1700,15,1
2026-05-26,000858,13:49:36,83.1600,19,2
2026-05-26,000858,13:49:39,83.1600,2,2
2026-05-26,000858,13:49:42,83.1600,13,2
2026-05-26,000858,13:49:45,83.1600,11,2
2026-05-26,000858,13:49:48,83.1600,66,2
2026-05-26,000858,13:49:51,83.1600,4,2
2026-05-26,000858,13:49:54,83.1700,1,1
2026-05-26,000858,13:49:57,83.1600,33,2
2026-05-26,000858,13:50:00,83.1600,6,2
2026-05-26,000858,13:50:03,83.1600,7,2
2026-05-26,000858,13:50:06,83.1700,17,1
2026-05-26,000858,13:50:09,83.1600,34,2
2026-05-26,000858,13:50:12,83.1600,50,2
2026-05-26,000858,13:50:15,83.1700,210,1
2026-05-26,000858,13:50:18,83.1700,133,2
2026-05-26,000858,13:50:21,83.1600,5,4
2026-05-26,000858,13:50:24,83.1500,215,2
2026-05-26,000858,13:50:27,83.1600,22,1
2026-05-26,000858,13:50:30,83.1400,19,2
2026-05-26,000858,13:50:33,83.1400,36,2
2026-05-26,000858,13:50:39,83.1300,21,2
2026-05-26,000858,13:50:42,83.1200,128,2
2026-05-26,000858,13:50:45,83.1300,9,1
2026-05-26,000858,13:50:48,83.1300,5,1
2026-05-26,000858,13:50:51,83.1300,11,1
2026-05-26,000858,13:50:54,83.1100,15,2
2026-05-26,000858,13:50:57,83.1100,5,2
2026-05-26,000858,13:51:00,83.1100,14,2
2026-05-26,000858,13:51:03,83.1200,9,1
2026-05-26,000858,13:51:06,83.1200,14,1
2026-05-26,000858,13:51:09,83.1100,29,2
2026-05-26,000858,13:51:12,83.1200,8,1
2026-05-26,000858,13:51:15,83.1100,3,2
2026-05-26,000858,13:51:18,83.1200,2,1
2026-05-26,000858,13:51:21,83.1100,22,2
2026-05-26,000858,13:51:24,83.1100,18,2
2026-05-26,000858,13:51:27,83.1200,19,1
2026-05-26,000858,13:51:30,83.1100,43,2
2026-05-26,000858,13:51:33,83.1100,51,2
2026-05-26,000858,13:51:36,83.1000,11,2
2026-05-26,000858,13:51:39,83.1000,8,2
2026-05-26,000858,13:51:42,83.1000,37,2
2026-05-26,000858,13:51:45,83.1000,16,2
2026-05-26,000858,13:51:48,83.1100,32,1
2026-05-26,000858,13:51:51,83.1000,7,2
2026-05-26,000858,13:51:54,83.1100,18,1
2026-05-26,000858,13:52:00,83.1100,19,1
2026-05-26,000858,13:52:03,83.1000,9,2
2026-05-26,000858,13:52:06,83.1100,1,1
2026-05-26,000858,13:52:09,83.0900,111,2
2026-05-26,000858,13:52:12,83.1000,5,1
2026-05-26,000858,13:52:15,83.1000,26,1
2026-05-26,000858,13:52:18,83.1000,11,1
2026-05-26,000858,13:52:21,83.1000,26,1
2026-05-26,000858,13:52:24,83.0900,25,2
2026-05-26,000858,13:52:27,83.0900,31,2
2026-05-26,000858,13:52:30,83.0900,3,2
2026-05-26,000858,13:52:33,83.0900,79,2
2026-05-26,000858,13:52:36,83.1000,49,1
2026-05-26,000858,13:52:39,83.1000,28,1
2026-05-26,000858,13:52:42,83.0900,3,2
2026-05-26,000858,13:52:45,83.1000,9,1
2026-05-26,000858,13:52:48,83.0900,20,2
2026-05-26,000858,13:52:51,83.0900,9,1
2026-05-26,000858,13:52:54,83.0900,10,1
2026-05-26,000858,13:52:57,83.0800,3,2
2026-05-26,000858,13:53:00,83.0800,15,2
2026-05-26,000858,13:53:03,83.0800,15,2
2026-05-26,000858,13:53:06,83.0800,36,2
2026-05-26,000858,13:53:09,83.0900,48,1
2026-05-26,000858,13:53:12,83.0800,13,2
2026-05-26,000858,13:53:15,83.0800,138,2
2026-05-26,000858,13:53:18,83.0700,11,2
2026-05-26,000858,13:53:21,83.0700,73,2
2026-05-26,000858,13:53:24,83.0700,7,2
2026-05-26,000858,13:53:27,83.0700,19,2
2026-05-26,000858,13:53:30,83.0700,36,2
2026-05-26,000858,13:53:33,83.0700,21,2
2026-05-26,000858,13:53:36,83.0800,30,1
2026-05-26,000858,13:53:39,83.0800,11,1
2026-05-26,000858,13:53:42,83.0900,242,1
2026-05-26,000858,13:53:45,83.0800,15,2
2026-05-26,000858,13:53:48,83.0800,2,2
2026-05-26,000858,13:53:51,83.0800,6,2
2026-05-26,000858,13:53:54,83.0900,26,1
2026-05-26,000858,13:53:57,83.0800,2,2
2026-05-26,000858,13:54:00,83.0800,11,2
2026-05-26,000858,13:54:03,83.0700,44,2
2026-05-26,000858,13:54:06,83.0700,21,2
2026-05-26,000858,13:54:09,83.0700,9,2
2026-05-26,000858,13:54:12,83.0700,31,2
2026-05-26,000858,13:54:15,83.0700,20,2
2026-05-26,000858,13:54:18,83.0700,7,2
2026-05-26,000858,13:54:21,83.0700,30,2
2026-05-26,000858,13:54:24,83.0700,11,2
2026-05-26,000858,13:54:27,83.0800,8,1
2026-05-26,000858,13:54:30,83.0700,47,2
2026-05-26,000858,13:54:33,83.0700,9,2
2026-05-26,000858,13:54:36,83.0600,8,2
2026-05-26,000858,13:54:39,83.0600,14,2
2026-05-26,000858,13:54:42,83.0600,20,2
2026-05-26,000858,13:54:45,83.0600,20,2
2026-05-26,000858,13:54:48,83.0700,36,1
2026-05-26,000858,13:54:51,83.0600,17,2
2026-05-26,000858,13:54:54,83.0700,11,4
2026-05-26,000858,13:54:57,83.0700,18,1
2026-05-26,000858,13:55:00,83.0600,10,2
2026-05-26,000858,13:55:03,83.0600,38,2
2026-05-26,000858,13:55:06,83.0600,103,2
2026-05-26,000858,13:55:09,83.0600,10,1
2026-05-26,000858,13:55:12,83.0500,8,2
2026-05-26,000858,13:55:15,83.0500,60,2
2026-05-26,000858,13:55:18,83.0400,140,2
2026-05-26,000858,13:55:21,83.0500,24,1
2026-05-26,000858,13:55:24,83.0400,22,2
2026-05-26,000858,13:55:27,83.0400,12,2
2026-05-26,000858,13:55:30,83.0400,65,2
2026-05-26,000858,13:55:33,83.0400,18,1
2026-05-26,000858,13:55:36,83.0300,233,2
2026-05-26,000858,13:55:39,83.0300,18,1
2026-05-26,000858,13:55:42,83.0200,21,2
2026-05-26,000858,13:55:45,83.0300,32,1
2026-05-26,000858,13:55:48,83.0300,18,1
2026-05-26,000858,13:55:51,83.0300,54,1
2026-05-26,000858,13:55:54,83.0300,7,2
2026-05-26,000858,13:55:57,83.0300,27,2
2026-05-26,000858,13:56:00,83.0300,30,2
2026-05-26,000858,13:56:03,83.0300,62,2
2026-05-26,000858,13:56:06,83.0400,18,1
2026-05-26,000858,13:56:09,83.0300,12,2
2026-05-26,000858,13:56:12,83.0300,45,2
2026-05-26,000858,13:56:15,83.0400,13,1
2026-05-26,000858,13:56:18,83.0300,30,2
2026-05-26,000858,13:56:21,83.0400,72,1
2026-05-26,000858,13:56:24,83.0300,60,2
2026-05-26,000858,13:56:27,83.0300,102,2
2026-05-26,000858,13:56:30,83.0400,60,2
2026-05-26,000858,13:56:33,83.0400,9,1
2026-05-26,000858,13:56:36,83.0300,47,2
2026-05-26,000858,13:56:39,83.0400,7,1
2026-05-26,000858,13:56:42,83.0300,18,2
2026-05-26,000858,13:56:45,83.0400,2,1
2026-05-26,000858,13:56:48,83.0400,20,1
2026-05-26,000858,13:56:51,83.0400,15,1
2026-05-26,000858,13:56:54,83.0300,9,2
2026-05-26,000858,13:56:57,83.0400,8,1
2026-05-26,000858,13:57:00,83.0300,11,2
2026-05-26,000858,13:57:03,83.0300,4,2
2026-05-26,000858,13:57:06,83.0500,48,1
2026-05-26,000858,13:57:09,83.0300,44,2
2026-05-26,000858,13:57:12,83.0500,12,1
2026-05-26,000858,13:57:15,83.0300,11,2
2026-05-26,000858,13:57:18,83.0400,4,1
2026-05-26,000858,13:57:21,83.0400,11,1
2026-05-26,000858,13:57:24,83.0400,11,4
2026-05-26,000858,13:57:27,83.0500,43,1
2026-05-26,000858,13:57:30,83.0400,7,2
2026-05-26,000858,13:57:33,83.0400,18,2
2026-05-26,000858,13:57:36,83.0400,22,2
2026-05-26,000858,13:57:39,83.0400,30,2
2026-05-26,000858,13:57:42,83.0300,83,2
2026-05-26,000858,13:57:45,83.0400,22,1
2026-05-26,000858,13:57:48,83.0200,239,2
2026-05-26,000858,13:57:51,83.0300,324,1
2026-05-26,000858,13:57:54,83.0100,53,2
2026-05-26,000858,13:57:57,83.0200,9,1
2026-05-26,000858,13:58:00,83.0200,22,1
2026-05-26,000858,13:58:03,83.0100,13,2
2026-05-26,000858,13:58:06,83.0100,21,2
2026-05-26,000858,13:58:09,83.0200,11,1
2026-05-26,000858,13:58:12,83.0200,14,1
2026-05-26,000858,13:58:15,83.0200,3,1
2026-05-26,000858,13:58:18,83.0100,49,2
2026-05-26,000858,13:58:21,83.0200,34,1
2026-05-26,000858,13:58:24,83.0200,18,1
2026-05-26,000858,13:58:27,83.0100,152,2
2026-05-26,000858,13:58:30,83.0200,20,1
2026-05-26,000858,13:58:33,83.0200,38,1
2026-05-26,000858,13:58:36,83.0200,20,1
2026-05-26,000858,13:58:39,83.0200,33,1
2026-05-26,000858,13:58:42,83.0100,287,2
2026-05-26,000858,13:58:45,83.0200,14,1
2026-05-26,000858,13:58:48,83.0100,16,2
2026-05-26,000858,13:58:51,83.0100,33,2
2026-05-26,000858,13:58:54,83.0200,99,1
2026-05-26,000858,13:58:57,83.0200,50,1
2026-05-26,000858,13:59:00,83.0200,41,1
2026-05-26,000858,13:59:03,83.0100,25,2
2026-05-26,000858,13:59:06,83.0100,6,2
2026-05-26,000858,13:59:09,83.0100,45,2
2026-05-26,000858,13:59:12,83.0100,177,2
2026-05-26,000858,13:59:15,83.0200,69,1
2026-05-26,000858,13:59:18,83.0200,18,1
2026-05-26,000858,13:59:21,83.0100,36,2
2026-05-26,000858,13:59:24,83.0200,4,1
2026-05-26,000858,13:59:27,83.0100,68,2
2026-05-26,000858,13:59:30,83.0200,47,1
2026-05-26,000858,13:59:33,83.0200,34,1
2026-05-26,000858,13:59:36,83.0200,46,1
2026-05-26,000858,13:59:39,83.0100,48,2
2026-05-26,000858,13:59:42,83.0200,12,1
2026-05-26,000858,13:59:45,83.0200,334,1
2026-05-26,000858,13:59:48,83.0100,87,2
2026-05-26,000858,13:59:51,83.0100,50,2
2026-05-26,000858,13:59:54,83.0000,73,2
2026-05-26,000858,13:59:57,83.0100,82,1
2026-05-26,000858,14:00:00,83.0000,5,2
2026-05-26,000858,14:00:03,83.0000,391,2
2026-05-26,000858,14:00:06,83.0100,61,1
2026-05-26,000858,14:00:09,83.0100,8,1
2026-05-26,000858,14:00:12,83.0100,79,1
2026-05-26,000858,14:00:15,83.0100,14,1
2026-05-26,000858,14:00:18,83.0000,48,2
2026-05-26,000858,14:00:21,83.0000,11,2
2026-05-26,000858,14:00:24,83.0100,506,1
2026-05-26,000858,14:00:27,83.0100,241,2
2026-05-26,000858,14:00:30,83.0100,16,2
2026-05-26,000858,14:00:33,83.0100,21,2
2026-05-26,000858,14:00:36,83.0100,2,2
2026-05-26,000858,14:00:39,83.0100,71,2
2026-05-26,000858,14:00:42,83.0100,21,1
2026-05-26,000858,14:00:45,83.0100,28,1
2026-05-26,000858,14:00:48,83.0100,30,1
2026-05-26,000858,14:00:51,83.0000,34,2
2026-05-26,000858,14:00:54,83.0100,48,1
2026-05-26,000858,14:00:57,83.0000,32,2
2026-05-26,000858,14:01:00,83.0100,25,1
2026-05-26,000858,14:01:03,83.0100,57,1
2026-05-26,000858,14:01:06,83.0100,26,1
2026-05-26,000858,14:01:09,83.0100,104,1
2026-05-26,000858,14:01:12,83.0000,841,2
2026-05-26,000858,14:01:15,83.0000,141,2
2026-05-26,000858,14:01:18,83.0100,9,1
2026-05-26,000858,14:01:21,83.0000,55,2
2026-05-26,000858,14:01:24,83.0000,59,2
2026-05-26,000858,14:01:27,83.0100,11,1
2026-05-26,000858,14:01:30,83.0100,20,1
2026-05-26,000858,14:01:33,83.0100,32,1
2026-05-26,000858,14:01:36,83.0100,14,1
2026-05-26,000858,14:01:39,83.0100,30,1
2026-05-26,000858,14:01:42,83.0100,14,1
2026-05-26,000858,14:01:45,83.0000,324,2
2026-05-26,000858,14:01:48,83.0000,187,2
2026-05-26,000858,14:01:51,82.9900,2577,2
2026-05-26,000858,14:01:54,82.9800,96,2
2026-05-26,000858,14:01:57,82.9700,141,2
2026-05-26,000858,14:02:00,82.9700,102,2
2026-05-26,000858,14:02:03,82.9600,260,2
2026-05-26,000858,14:02:06,82.9600,3,1
2026-05-26,000858,14:02:09,82.9500,28,2
2026-05-26,000858,14:02:12,82.9500,71,2
2026-05-26,000858,14:02:15,82.9500,132,2
2026-05-26,000858,14:02:18,82.9500,52,2
2026-05-26,000858,14:02:21,82.9400,91,2
2026-05-26,000858,14:02:24,82.9300,162,2
2026-05-26,000858,14:02:27,82.9300,66,2
2026-05-26,000858,14:02:30,82.9300,116,1
2026-05-26,000858,14:02:33,82.9200,40,2
2026-05-26,000858,14:02:36,82.9200,44,2
2026-05-26,000858,14:02:39,82.9200,144,2
2026-05-26,000858,14:02:42,82.9200,31,1
2026-05-26,000858,14:02:45,82.9200,88,1
2026-05-26,000858,14:02:48,82.9200,78,2
2026-05-26,000858,14:02:51,82.9100,250,2
2026-05-26,000858,14:02:54,82.9100,38,2
2026-05-26,000858,14:02:57,82.9100,42,2
2026-05-26,000858,14:03:00,82.9200,28,1
2026-05-26,000858,14:03:03,82.9200,34,2
2026-05-26,000858,14:03:06,82.9100,72,2
2026-05-26,000858,14:03:09,82.9100,62,1
2026-05-26,000858,14:03:12,82.9100,159,1
2026-05-26,000858,14:03:15,82.9100,27,1
2026-05-26,000858,14:03:18,82.9100,61,1
2026-05-26,000858,14:03:21,82.9100,147,1
2026-05-26,000858,14:03:24,82.9000,441,2
2026-05-26,000858,14:03:27,82.9000,45,1
2026-05-26,000858,14:03:30,82.9000,124,1
2026-05-26,000858,14:03:33,82.8900,16,2
2026-05-26,000858,14:03:36,82.8900,137,2
2026-05-26,000858,14:03:39,82.8900,14,1
2026-05-26,000858,14:03:42,82.8800,280,2
2026-05-26,000858,14:03:45,82.8900,145,1
2026-05-26,000858,14:03:48,82.8800,135,2
2026-05-26,000858,14:03:51,82.8900,54,1
2026-05-26,000858,14:03:54,82.8800,71,2
2026-05-26,000858,14:03:57,82.8900,39,1
2026-05-26,000858,14:04:00,82.8900,84,1
2026-05-26,000858,14:04:03,82.8800,34,2
2026-05-26,000858,14:04:06,82.8900,8,1
2026-05-26,000858,14:04:09,82.8900,29,1
2026-05-26,000858,14:04:12,82.8800,98,2
2026-05-26,000858,14:04:15,82.8900,27,1
2026-05-26,000858,14:04:18,82.8900,77,1
2026-05-26,000858,14:04:21,82.9000,292,1
2026-05-26,000858,14:04:24,82.8900,231,1
2026-05-26,000858,14:04:27,82.8900,59,1
2026-05-26,000858,14:04:30,82.8900,41,2
2026-05-26,000858,14:04:33,82.8900,107,2
2026-05-26,000858,14:04:36,82.8900,19,2
2026-05-26,000858,14:04:39,82.9000,39,1
2026-05-26,000858,14:04:42,82.9000,158,1
2026-05-26,000858,14:04:45,82.9000,23,1
2026-05-26,000858,14:04:48,82.8900,193,2
2026-05-26,000858,14:04:51,82.9000,129,1
2026-05-26,000858,14:04:54,82.8900,37,1
2026-05-26,000858,14:04:57,82.8900,52,1
2026-05-26,000858,14:05:00,82.8900,52,1
2026-05-26,000858,14:05:03,82.8900,36,1
2026-05-26,000858,14:05:06,82.8800,97,2
2026-05-26,000858,14:05:09,82.8800,119,2
2026-05-26,000858,14:05:12,82.8900,75,1
2026-05-26,000858,14:05:15,82.8900,86,1
2026-05-26,000858,14:05:18,82.8900,40,2
2026-05-26,000858,14:05:21,82.9000,210,1
2026-05-26,000858,14:05:24,82.9000,31,2
2026-05-26,000858,14:05:27,82.9200,40,1
2026-05-26,000858,14:05:30,82.9300,45,1
2026-05-26,000858,14:05:33,82.9300,40,1
2026-05-26,000858,14:05:36,82.9400,12,1
2026-05-26,000858,14:05:39,82.9400,51,1
2026-05-26,000858,14:05:42,82.9300,51,2
2026-05-26,000858,14:05:45,82.9300,21,1
2026-05-26,000858,14:05:48,82.9200,22,2
2026-05-26,000858,14:05:51,82.9300,669,1
2026-05-26,000858,14:05:54,82.9300,8,2
2026-05-26,000858,14:05:57,82.9300,16,2
2026-05-26,000858,14:06:00,82.9400,11,1
2026-05-26,000858,14:06:03,82.9300,53,2
2026-05-26,000858,14:06:06,82.9400,19,1
2026-05-26,000858,14:06:09,82.9400,21,2
2026-05-26,000858,14:06:12,82.9400,29,2
2026-05-26,000858,14:06:15,82.9500,17,1
2026-05-26,000858,14:06:18,82.9600,62,1
2026-05-26,000858,14:06:21,82.9600,21,1
2026-05-26,000858,14:06:24,82.9500,15,2
2026-05-26,000858,14:06:27,82.9600,22,1
2026-05-26,000858,14:06:30,82.9600,35,1
2026-05-26,000858,14:06:33,82.9600,32,1
2026-05-26,000858,14:06:36,82.9500,18,2
2026-05-26,000858,14:06:39,82.9600,98,4
2026-05-26,000858,14:06:42,82.9600,29,1
2026-05-26,000858,14:06:45,82.9800,5,1
2026-05-26,000858,10:56:21,83.4000,9,2
2026-05-26,000858,10:56:24,83.4000,57,2
2026-05-26,000858,10:56:27,83.4100,8,1
2026-05-26,000858,10:56:30,83.4000,177,2
2026-05-26,000858,10:56:33,83.4100,9,1
2026-05-26,000858,10:56:36,83.4000,6,2
2026-05-26,000858,10:56:39,83.4000,27,2
2026-05-26,000858,10:56:42,83.4000,21,1
2026-05-26,000858,10:56:45,83.4000,4,1
2026-05-26,000858,10:56:48,83.4000,37,1
2026-05-26,000858,10:56:51,83.3900,35,2
2026-05-26,000858,10:56:54,83.3900,7,2
2026-05-26,000858,10:56:57,83.3800,3,2
2026-05-26,000858,10:57:00,83.3900,6,1
2026-05-26,000858,10:57:03,83.3900,26,1
2026-05-26,000858,10:57:06,83.3900,43,1
2026-05-26,000858,10:57:09,83.3900,229,1
2026-05-26,000858,10:57:12,83.3700,18,2
2026-05-26,000858,10:57:15,83.3800,12,1
2026-05-26,000858,10:57:18,83.3800,17,1
2026-05-26,000858,10:57:21,83.3700,115,2
2026-05-26,000858,10:57:24,83.3700,63,1
2026-05-26,000858,10:57:27,83.3900,16,1
2026-05-26,000858,10:57:30,83.3800,7,1
2026-05-26,000858,10:57:33,83.3700,20,2
2026-05-26,000858,10:57:36,83.3800,26,4
2026-05-26,000858,10:57:39,83.3900,34,1
2026-05-26,000858,10:57:42,83.3900,9,2
2026-05-26,000858,10:57:45,83.3900,6,2
2026-05-26,000858,10:57:48,83.3900,8,2
2026-05-26,000858,10:57:51,83.3900,9,2
2026-05-26,000858,10:57:54,83.3900,70,2
2026-05-26,000858,10:57:57,83.3800,16,2
2026-05-26,000858,10:58:00,83.3900,30,1
2026-05-26,000858,10:58:03,83.3800,4,2
2026-05-26,000858,10:58:06,83.3800,63,2
2026-05-26,000858,10:58:09,83.3900,11,2
2026-05-26,000858,10:58:12,83.3900,7,2
2026-05-26,000858,10:58:15,83.4000,6,1
2026-05-26,000858,10:58:18,83.4000,18,1
2026-05-26,000858,10:58:21,83.4000,35,1
2026-05-26,000858,10:58:24,83.4000,18,1
2026-05-26,000858,10:58:27,83.4100,5,1
2026-05-26,000858,10:58:30,83.4000,4,2
2026-05-26,000858,10:58:33,83.4000,9,2
2026-05-26,000858,10:58:36,83.4000,19,2
2026-05-26,000858,10:58:39,83.4000,26,2
2026-05-26,000858,10:58:42,83.4200,15,1
2026-05-26,000858,10:58:45,83.4200,2,1
2026-05-26,000858,10:58:48,83.4200,16,1
2026-05-26,000858,10:58:51,83.4100,37,2
2026-05-26,000858,10:58:54,83.4200,3,4
2026-05-26,000858,10:58:57,83.4200,6,2
2026-05-26,000858,10:59:00,83.4200,5,2
2026-05-26,000858,10:59:03,83.4200,6,2
2026-05-26,000858,10:59:06,83.4300,12,1
2026-05-26,000858,10:59:09,83.4400,16,1
2026-05-26,000858,10:59:12,83.4300,11,2
2026-05-26,000858,10:59:15,83.4300,8,2
2026-05-26,000858,10:59:18,83.4200,16,2
2026-05-26,000858,10:59:21,83.4300,29,1
2026-05-26,000858,10:59:24,83.4300,3,1
2026-05-26,000858,10:59:27,83.4300,23,2
2026-05-26,000858,10:59:30,83.4300,27,2
2026-05-26,000858,10:59:33,83.4400,10,1
2026-05-26,000858,10:59:36,83.4400,12,1
2026-05-26,000858,10:59:39,83.4400,24,2
2026-05-26,000858,10:59:42,83.4400,4,2
2026-05-26,000858,10:59:45,83.4300,42,2
2026-05-26,000858,10:59:48,83.4400,15,1
2026-05-26,000858,10:59:51,83.4400,27,1
2026-05-26,000858,10:59:54,83.4300,7,2
2026-05-26,000858,10:59:57,83.4300,39,2
2026-05-26,000858,11:00:00,83.4300,3,2
2026-05-26,000858,11:00:03,83.4500,14,1
2026-05-26,000858,11:00:06,83.4400,17,2
2026-05-26,000858,11:00:09,83.4400,38,2
2026-05-26,000858,11:00:12,83.4500,6,1
2026-05-26,000858,11:00:15,83.4600,33,1
2026-05-26,000858,11:00:18,83.4500,4,2
2026-05-26,000858,11:00:21,83.4500,19,2
2026-05-26,000858,11:00:24,83.5000,65,1
2026-05-26,000858,11:00:27,83.5300,12,1
2026-05-26,000858,11:00:30,83.5100,6,2
2026-05-26,000858,11:00:33,83.5300,29,1
2026-05-26,000858,11:00:36,83.5400,9,2
2026-05-26,000858,11:00:39,83.5400,13,2
2026-05-26,000858,11:00:42,83.5600,10,1
2026-05-26,000858,11:00:45,83.5500,8,4
2026-05-26,000858,11:00:48,83.5600,49,1
2026-05-26,000858,11:00:51,83.5500,14,2
2026-05-26,000858,11:00:54,83.5600,21,1
2026-05-26,000858,11:00:57,83.5500,39,1
2026-05-26,000858,11:01:00,83.5600,1,1
2026-05-26,000858,11:01:03,83.5500,7,2
2026-05-26,000858,11:01:06,83.5400,17,2
2026-05-26,000858,11:01:09,83.5400,12,1
2026-05-26,000858,11:01:12,83.5400,19,1
2026-05-26,000858,11:01:15,83.5200,22,2
2026-05-26,000858,11:01:18,83.5300,11,1
2026-05-26,000858,11:01:21,83.5400,14,1
2026-05-26,000858,11:01:24,83.5400,26,1
2026-05-26,000858,11:01:27,83.5400,14,1
2026-05-26,000858,11:01:30,83.5300,14,2
2026-05-26,000858,11:01:33,83.5500,71,1
2026-05-26,000858,11:01:36,83.5500,28,1
2026-05-26,000858,11:01:39,83.5500,1,1
2026-05-26,000858,11:01:42,83.5400,16,2
2026-05-26,000858,11:01:45,83.5500,16,1
2026-05-26,000858,11:01:48,83.5400,12,1
2026-05-26,000858,11:01:51,83.5400,5,1
2026-05-26,000858,11:01:54,83.5500,22,1
2026-05-26,000858,11:01:57,83.5400,7,2
2026-05-26,000858,11:02:00,83.5300,27,2
2026-05-26,000858,11:02:03,83.5400,38,1
2026-05-26,000858,11:02:06,83.5300,16,2
2026-05-26,000858,11:02:09,83.5300,43,2
2026-05-26,000858,11:02:12,83.5300,4,1
2026-05-26,000858,11:02:15,83.5200,4,2
2026-05-26,000858,11:02:18,83.5200,4,2
2026-05-26,000858,11:02:21,83.5200,12,2
2026-05-26,000858,11:02:24,83.5100,13,2
2026-05-26,000858,11:02:27,83.5200,16,1
2026-05-26,000858,11:02:30,83.5200,3,1
2026-05-26,000858,11:02:33,83.5100,15,2
2026-05-26,000858,11:02:36,83.5000,12,2
2026-05-26,000858,11:02:39,83.5000,41,2
2026-05-26,000858,11:02:42,83.5100,27,1
2026-05-26,000858,11:02:45,83.4800,10,2
2026-05-26,000858,11:02:48,83.4800,11,2
2026-05-26,000858,11:02:51,83.4800,17,2
2026-05-26,000858,11:02:54,83.4700,12,2
2026-05-26,000858,11:02:57,83.4500,41,2
2026-05-26,000858,11:03:00,83.4500,17,1
2026-05-26,000858,11:03:03,83.4500,20,1
2026-05-26,000858,11:03:06,83.4500,5,1
2026-05-26,000858,11:03:09,83.4400,7,2
2026-05-26,000858,11:03:12,83.4500,35,1
2026-05-26,000858,11:03:15,83.4300,22,2
2026-05-26,000858,11:03:18,83.4500,13,1
2026-05-26,000858,11:03:21,83.4500,2,1
2026-05-26,000858,11:03:24,83.4300,9,2
2026-05-26,000858,11:03:27,83.4300,1,2
2026-05-26,000858,11:03:30,83.4400,21,1
2026-05-26,000858,11:03:33,83.4300,56,2
2026-05-26,000858,11:03:36,83.4400,144,1
2026-05-26,000858,11:03:39,83.4200,16,2
2026-05-26,000858,11:03:42,83.4400,19,1
2026-05-26,000858,11:03:45,83.4200,5,2
2026-05-26,000858,11:03:48,83.4200,12,2
2026-05-26,000858,11:03:51,83.4300,14,1
2026-05-26,000858,11:03:54,83.4200,17,2
2026-05-26,000858,11:03:57,83.4200,4,2
2026-05-26,000858,11:04:00,83.4200,9,2
2026-05-26,000858,11:04:03,83.4100,75,2
2026-05-26,000858,11:04:06,83.3900,251,2
2026-05-26,000858,11:04:09,83.3900,38,2
2026-05-26,000858,11:04:12,83.3800,8,2
2026-05-26,000858,11:04:15,83.3900,2,1
2026-05-26,000858,11:04:18,83.3900,3,1
2026-05-26,000858,11:04:21,83.3800,13,2
2026-05-26,000858,11:04:24,83.3800,91,2
2026-05-26,000858,11:04:27,83.3800,72,4
2026-05-26,000858,11:04:30,83.3700,18,2
2026-05-26,000858,11:04:33,83.3700,32,1
2026-05-26,000858,11:04:36,83.3700,11,1
2026-05-26,000858,11:04:39,83.3500,935,2
2026-05-26,000858,11:04:42,83.3500,50,2
2026-05-26,000858,11:04:45,83.3500,27,1
2026-05-26,000858,11:04:48,83.3400,37,2
2026-05-26,000858,11:04:51,83.3400,43,2
2026-05-26,000858,11:04:54,83.3400,65,2
2026-05-26,000858,11:04:57,83.3400,18,2
2026-05-26,000858,11:05:00,83.3400,12,2
2026-05-26,000858,11:05:03,83.3400,75,1
2026-05-26,000858,11:05:06,83.3500,320,1
2026-05-26,000858,11:05:09,83.3700,73,1
2026-05-26,000858,11:05:12,83.3700,46,1
2026-05-26,000858,11:05:15,83.3700,49,1
2026-05-26,000858,11:05:18,83.3700,24,1
2026-05-26,000858,11:05:21,83.3700,34,2
2026-05-26,000858,11:05:24,83.3800,21,1
2026-05-26,000858,11:05:27,83.3900,55,1
2026-05-26,000858,11:05:30,83.3900,34,1
2026-05-26,000858,11:05:33,83.4100,13,1
2026-05-26,000858,11:05:36,83.3800,151,2
2026-05-26,000858,11:05:39,83.3900,13,2
2026-05-26,000858,11:05:42,83.3800,21,2
2026-05-26,000858,11:05:45,83.3800,18,1
2026-05-26,000858,11:05:48,83.3800,18,1
2026-05-26,000858,11:05:51,83.3800,7,1
2026-05-26,000858,11:05:54,83.3700,22,2
2026-05-26,000858,11:05:57,83.3600,27,2
2026-05-26,000858,11:06:00,83.3700,12,1
2026-05-26,000858,11:06:03,83.3700,5,1
2026-05-26,000858,11:06:06,83.3800,53,1
2026-05-26,000858,11:06:09,83.3700,15,2
2026-05-26,000858,11:06:12,83.3700,22,2
2026-05-26,000858,11:06:15,83.3700,25,1
2026-05-26,000858,11:06:18,83.3700,32,1
2026-05-26,000858,11:06:21,83.3600,9,4
2026-05-26,000858,11:06:24,83.3600,17,2
2026-05-26,000858,11:06:27,83.3600,29,1
2026-05-26,000858,11:06:30,83.3600,8,1
2026-05-26,000858,11:06:33,83.3600,10,1
2026-05-26,000858,11:06:36,83.3600,94,1
2026-05-26,000858,11:06:39,83.3500,50,2
2026-05-26,000858,11:06:42,83.3700,34,1
2026-05-26,000858,11:06:45,83.3700,24,1
2026-05-26,000858,11:06:48,83.3500,27,2
2026-05-26,000858,11:06:51,83.3500,9,2
2026-05-26,000858,11:06:54,83.3700,28,1
2026-05-26,000858,11:06:57,83.3600,28,2
2026-05-26,000858,11:07:00,83.3600,53,1
2026-05-26,000858,11:07:03,83.3600,21,1
2026-05-26,000858,11:07:06,83.3500,12,2
2026-05-26,000858,11:07:09,83.3700,135,1
2026-05-26,000858,11:07:12,83.3700,31,2
2026-05-26,000858,11:07:15,83.4100,10,1
2026-05-26,000858,11:07:18,83.4000,73,1
2026-05-26,000858,11:07:21,83.4100,23,1
2026-05-26,000858,11:07:24,83.4200,67,1
2026-05-26,000858,11:07:27,83.4200,52,2
2026-05-26,000858,11:07:30,83.4200,3,2
2026-05-26,000858,11:07:33,83.4400,23,1
2026-05-26,000858,11:07:36,83.4400,17,2
2026-05-26,000858,11:07:39,83.4400,25,2
2026-05-26,000858,11:07:42,83.4400,15,1
2026-05-26,000858,11:07:45,83.4500,20,2
2026-05-26,000858,11:07:48,83.4600,17,4
2026-05-26,000858,11:07:51,83.4500,8,4
2026-05-26,000858,11:07:54,83.4400,25,2
2026-05-26,000858,11:07:57,83.4300,7,4
2026-05-26,000858,11:08:00,83.4200,6,2
2026-05-26,000858,11:08:03,83.4400,10,1
2026-05-26,000858,11:08:06,83.4300,85,4
2026-05-26,000858,11:08:09,83.4100,18,2
2026-05-26,000858,11:08:12,83.4000,14,2
2026-05-26,000858,11:08:15,83.4100,43,2
2026-05-26,000858,11:08:18,83.4100,17,2
2026-05-26,000858,11:08:21,83.4100,11,1
2026-05-26,000858,11:08:24,83.4200,9,1
2026-05-26,000858,11:08:27,83.4100,30,2
2026-05-26,000858,11:08:30,83.4100,6,2
2026-05-26,000858,11:08:33,83.4000,20,2
2026-05-26,000858,11:08:36,83.4000,9,2
2026-05-26,000858,11:08:39,83.4000,15,2
2026-05-26,000858,11:08:42,83.4000,8,2
2026-05-26,000858,11:08:45,83.4000,39,2
2026-05-26,000858,11:08:48,83.4100,7,1
2026-05-26,000858,11:08:51,83.4000,81,2
2026-05-26,000858,11:08:54,83.4000,6,2
2026-05-26,000858,11:08:57,83.4000,7,2
2026-05-26,000858,11:09:00,83.4000,24,2
2026-05-26,000858,11:09:03,83.4000,9,2
2026-05-26,000858,11:09:06,83.4000,19,1
2026-05-26,000858,11:09:09,83.4000,16,1
2026-05-26,000858,11:09:12,83.4000,1,1
2026-05-26,000858,11:09:15,83.4000,2,2
2026-05-26,000858,11:09:18,83.4000,20,2
2026-05-26,000858,11:09:21,83.4000,1,1
2026-05-26,000858,11:09:24,83.4000,11,1
2026-05-26,000858,11:09:27,83.4000,14,1
2026-05-26,000858,11:09:30,83.4000,18,1
2026-05-26,000858,11:09:33,83.4000,10,1
2026-05-26,000858,11:09:36,83.4000,12,1
2026-05-26,000858,11:09:39,83.3900,13,2
2026-05-26,000858,11:09:42,83.4000,7,1
2026-05-26,000858,11:09:45,83.3900,7,2
2026-05-26,000858,11:09:48,83.3900,10,2
2026-05-26,000858,11:09:51,83.3900,2,1
2026-05-26,000858,11:09:54,83.3800,83,2
2026-05-26,000858,11:09:57,83.3800,10,1
2026-05-26,000858,11:10:00,83.3800,37,1
2026-05-26,000858,11:10:03,83.3700,22,2
2026-05-26,000858,11:10:06,83.3800,20,1
2026-05-26,000858,11:10:09,83.3800,6,1
2026-05-26,000858,11:10:12,83.3900,5,1
2026-05-26,000858,11:10:15,83.3900,16,1
2026-05-26,000858,11:10:18,83.3900,30,1
2026-05-26,000858,11:10:21,83.3900,57,1
2026-05-26,000858,11:10:24,83.3900,68,2
2026-05-26,000858,11:10:27,83.3900,58,1
2026-05-26,000858,11:10:30,83.3800,44,2
2026-05-26,000858,11:10:33,83.3800,32,1
2026-05-26,000858,11:10:36,83.3800,4,1
2026-05-26,000858,11:10:39,83.3900,25,1
2026-05-26,000858,11:10:42,83.3700,20,2
2026-05-26,000858,11:10:45,83.3800,18,1
2026-05-26,000858,11:10:48,83.3800,26,1
2026-05-26,000858,11:10:51,83.3800,8,1
2026-05-26,000858,11:10:54,83.3800,37,1
2026-05-26,000858,11:10:57,83.3700,22,2
2026-05-26,000858,11:11:00,83.3800,9,1
2026-05-26,000858,11:11:03,83.3700,78,2
2026-05-26,000858,11:11:06,83.3700,48,2
2026-05-26,000858,11:11:09,83.3900,50,1
2026-05-26,000858,11:11:12,83.3700,12,2
2026-05-26,000858,11:11:15,83.3700,10,2
2026-05-26,000858,11:11:18,83.3800,9,1
2026-05-26,000858,11:11:21,83.3900,16,1
2026-05-26,000858,11:11:24,83.3800,6,2
2026-05-26,000858,11:11:27,83.3800,6,2
2026-05-26,000858,11:11:30,83.3800,15,2
2026-05-26,000858,11:11:33,83.3800,26,2
2026-05-26,000858,11:11:36,83.3900,43,1
2026-05-26,000858,11:11:39,83.3800,55,2
2026-05-26,000858,11:11:42,83.3800,34,1
2026-05-26,000858,11:11:45,83.3800,8,1
2026-05-26,000858,11:11:48,83.3900,27,1
2026-05-26,000858,11:11:51,83.3900,9,1
2026-05-26,000858,11:11:54,83.3800,11,2
2026-05-26,000858,11:11:57,83.4000,19,1
2026-05-26,000858,11:12:00,83.4000,9,1
2026-05-26,000858,11:12:03,83.4000,16,2
2026-05-26,000858,11:12:06,83.4000,114,2
2026-05-26,000858,11:12:09,83.4000,36,2
2026-05-26,000858,11:12:12,83.3900,24,2
2026-05-26,000858,11:12:15,83.3900,10,2
2026-05-26,000858,11:12:18,83.3900,10,2
2026-05-26,000858,11:12:21,83.3900,17,2
2026-05-26,000858,11:12:24,83.4000,8,1
2026-05-26,000858,11:12:27,83.4000,15,1
2026-05-26,000858,11:12:30,83.3900,7,2
2026-05-26,000858,11:12:33,83.4000,19,1
2026-05-26,000858,11:12:36,83.3900,48,2
2026-05-26,000858,11:12:39,83.3900,7,2
2026-05-26,000858,11:12:42,83.4100,44,1
2026-05-26,000858,11:12:45,83.4200,1,2
2026-05-26,000858,11:12:48,83.4100,3,2
2026-05-26,000858,11:12:51,83.4200,2,2
2026-05-26,000858,11:12:54,83.4100,18,2
2026-05-26,000858,11:12:57,83.4400,21,1
2026-05-26,000858,11:13:00,83.4400,2,1
2026-05-26,000858,11:13:03,83.4300,18,1
2026-05-26,000858,11:13:06,83.4200,15,4
2026-05-26,000858,11:13:09,83.4400,1,1
2026-05-26,000858,11:13:12,83.4500,42,1
2026-05-26,000858,11:13:15,83.4300,14,2
2026-05-26,000858,11:13:18,83.4400,15,1
2026-05-26,000858,11:13:21,83.4500,12,1
2026-05-26,000858,11:13:24,83.4400,1,2
2026-05-26,000858,11:13:27,83.4400,12,2
2026-05-26,000858,11:13:30,83.4400,21,4
2026-05-26,000858,11:13:33,83.4300,8,2
2026-05-26,000858,11:13:36,83.4300,4,2
2026-05-26,000858,11:13:39,83.4300,50,2
2026-05-26,000858,11:13:42,83.4300,46,2
2026-05-26,000858,11:13:45,83.4200,11,2
2026-05-26,000858,11:13:48,83.4300,42,1
2026-05-26,000858,11:13:51,83.4300,7,1
2026-05-26,000858,11:13:54,83.4300,14,1
2026-05-26,000858,11:13:57,83.4200,6,2
2026-05-26,000858,11:14:00,83.4100,5,2
2026-05-26,000858,11:14:03,83.4100,30,2
2026-05-26,000858,11:14:06,83.4000,14,2
2026-05-26,000858,11:14:09,83.4100,35,4
2026-05-26,000858,11:14:12,83.4100,4,4
2026-05-26,000858,11:14:15,83.4000,34,2
2026-05-26,000858,11:14:18,83.3900,40,2
2026-05-26,000858,11:14:21,83.4000,9,2
2026-05-26,000858,11:14:24,83.4000,14,2
2026-05-26,000858,11:14:27,83.4000,21,1
2026-05-26,000858,11:14:30,83.3900,44,2
2026-05-26,000858,11:14:33,83.3900,10,1
2026-05-26,000858,11:14:36,83.3900,8,1
2026-05-26,000858,11:14:39,83.3900,225,1
2026-05-26,000858,11:14:42,83.3800,31,2
2026-05-26,000858,11:14:45,83.3800,29,4
2026-05-26,000858,11:14:48,83.3800,9,4
2026-05-26,000858,11:14:51,83.3800,133,1
2026-05-26,000858,11:14:54,83.3700,15,1
2026-05-26,000858,11:14:57,83.3700,27,1
2026-05-26,000858,11:15:00,83.3800,17,1
2026-05-26,000858,11:15:03,83.3800,22,1
2026-05-26,000858,11:15:06,83.3800,24,1
2026-05-26,000858,11:15:09,83.3800,74,1
2026-05-26,000858,11:15:12,83.3700,16,2
2026-05-26,000858,11:15:15,83.3700,19,2
2026-05-26,000858,11:15:18,83.3700,11,2
2026-05-26,000858,11:15:21,83.3700,12,2
2026-05-26,000858,11:15:24,83.3800,23,4
2026-05-26,000858,11:15:27,83.3800,1,1
2026-05-26,000858,11:15:30,83.3800,41,1
2026-05-26,000858,11:15:33,83.3800,12,1
2026-05-26,000858,11:15:36,83.3800,14,2
2026-05-26,000858,11:15:39,83.3800,30,1
2026-05-26,000858,11:15:42,83.3700,26,2
2026-05-26,000858,11:15:48,83.4000,178,1
2026-05-26,000858,11:15:51,83.4300,53,1
2026-05-26,000858,11:15:54,83.4400,52,1
2026-05-26,000858,11:15:57,83.4000,15,2
2026-05-26,000858,11:16:00,83.4500,10,1
2026-05-26,000858,11:16:03,83.4500,11,1
2026-05-26,000858,11:16:06,83.4500,12,1
2026-05-26,000858,11:16:09,83.4300,37,2
2026-05-26,000858,11:16:12,83.4300,36,2
2026-05-26,000858,11:16:15,83.4600,23,1
2026-05-26,000858,11:16:18,83.4300,6,4
2026-05-26,000858,11:16:21,83.4500,9,1
2026-05-26,000858,11:16:24,83.4300,9,2
2026-05-26,000858,11:16:27,83.4400,10,1
2026-05-26,000858,11:16:30,83.4400,22,1
2026-05-26,000858,11:16:33,83.4300,39,2
2026-05-26,000858,11:16:36,83.4000,6,2
2026-05-26,000858,11:16:39,83.4300,8,1
2026-05-26,000858,11:16:42,83.4300,36,2
2026-05-26,000858,11:16:45,83.4400,5,1
2026-05-26,000858,11:16:48,83.4300,15,1
2026-05-26,000858,11:16:51,83.4200,12,2
2026-05-26,000858,11:16:54,83.4000,3,2
2026-05-26,000858,11:16:57,83.4000,48,2
2026-05-26,000858,11:17:00,83.4000,13,1
2026-05-26,000858,11:17:03,83.4000,11,1
2026-05-26,000858,11:17:06,83.4000,3,1
2026-05-26,000858,11:17:09,83.3900,16,2
2026-05-26,000858,11:17:12,83.4000,23,1
2026-05-26,000858,11:17:15,83.4000,23,1
2026-05-26,000858,11:17:18,83.4100,4,1
2026-05-26,000858,11:17:21,83.4100,17,1
2026-05-26,000858,11:17:24,83.4100,9,1
2026-05-26,000858,11:17:27,83.4100,28,1
2026-05-26,000858,11:17:30,83.4100,44,1
2026-05-26,000858,11:17:33,83.4100,16,1
2026-05-26,000858,11:17:36,83.4100,34,2
2026-05-26,000858,11:17:39,83.4000,6,2
2026-05-26,000858,11:17:42,83.4100,3,1
2026-05-26,000858,11:17:45,83.4100,12,1
2026-05-26,000858,11:17:48,83.4000,10,2
2026-05-26,000858,11:17:57,83.4300,28,1
2026-05-26,000858,11:18:00,83.4300,12,2
2026-05-26,000858,11:18:03,83.4300,14,2
2026-05-26,000858,11:18:06,83.4300,7,2
2026-05-26,000858,11:18:09,83.4500,10,1
2026-05-26,000858,11:18:12,83.4400,28,1
2026-05-26,000858,11:18:15,83.4300,8,2
2026-05-26,000858,11:18:18,83.4400,4,2
2026-05-26,000858,11:18:21,83.4500,43,1
2026-05-26,000858,11:18:24,83.4500,62,1
2026-05-26,000858,11:18:27,83.4500,23,2
2026-05-26,000858,11:18:30,83.4700,24,1
2026-05-26,000858,11:18:33,83.4600,12,2
2026-05-26,000858,11:18:36,83.4700,84,1
2026-05-26,000858,11:18:39,83.4500,118,2
2026-05-26,000858,11:18:42,83.4400,12,4
2026-05-26,000858,11:18:45,83.4400,3,1
2026-05-26,000858,11:18:48,83.4200,9,2
2026-05-26,000858,11:18:51,83.4200,13,1
2026-05-26,000858,11:18:54,83.4200,11,1
2026-05-26,000858,11:18:57,83.4100,8,2
2026-05-26,000858,11:19:00,83.4100,27,2
2026-05-26,000858,11:19:03,83.4100,21,2
2026-05-26,000858,11:19:06,83.4100,20,1
2026-05-26,000858,11:19:09,83.4100,8,1
2026-05-26,000858,11:19:12,83.4100,21,1
2026-05-26,000858,11:19:15,83.4000,12,2
2026-05-26,000858,11:19:18,83.4000,9,2
2026-05-26,000858,11:19:21,83.4100,28,1
2026-05-26,000858,11:19:24,83.4000,26,2
2026-05-26,000858,11:19:27,83.4100,8,2
2026-05-26,000858,11:19:30,83.4000,35,2
2026-05-26,000858,11:19:33,83.4100,19,2
2026-05-26,000858,11:19:36,83.4100,37,2
2026-05-26,000858,11:19:39,83.4100,46,2
2026-05-26,000858,11:19:42,83.4000,10,2
2026-05-26,000858,11:19:45,83.4000,52,2
2026-05-26,000858,11:19:48,83.4000,146,2
2026-05-26,000858,11:19:51,83.3900,11,2
2026-05-26,000858,11:19:54,83.3900,43,2
2026-05-26,000858,11:19:57,83.4100,16,1
2026-05-26,000858,11:20:00,83.4000,2,2
2026-05-26,000858,11:20:03,83.4000,22,2
2026-05-26,000858,11:20:06,83.4000,27,2
2026-05-26,000858,11:20:09,83.4000,9,1
2026-05-26,000858,11:20:12,83.4000,110,1
2026-05-26,000858,11:20:15,83.4000,36,1
2026-05-26,000858,11:20:18,83.4000,7,2
2026-05-26,000858,11:20:21,83.3900,16,2
2026-05-26,000858,11:20:24,83.4000,10,2
2026-05-26,000858,11:20:27,83.4000,9,2
2026-05-26,000858,11:20:30,83.4100,18,1
2026-05-26,000858,11:20:33,83.4100,30,1
2026-05-26,000858,11:20:36,83.4100,3,1
2026-05-26,000858,11:20:39,83.4000,54,2
2026-05-26,000858,11:20:42,83.3900,64,2
2026-05-26,000858,11:20:45,83.4000,14,1
2026-05-26,000858,11:20:48,83.4000,5,1
2026-05-26,000858,11:20:51,83.3900,1,1
2026-05-26,000858,11:20:54,83.4000,17,1
2026-05-26,000858,11:20:57,83.3900,22,4
2026-05-26,000858,11:21:00,83.4000,8,1
2026-05-26,000858,11:21:03,83.3900,6,2
2026-05-26,000858,11:21:06,83.4000,8,1
2026-05-26,000858,11:21:09,83.3900,7,2
2026-05-26,000858,11:21:12,83.3900,1,2
2026-05-26,000858,11:21:15,83.3900,14,2
2026-05-26,000858,11:21:18,83.3900,34,2
2026-05-26,000858,11:21:21,83.3900,6,2
2026-05-26,000858,11:21:24,83.3800,16,2
2026-05-26,000858,11:21:27,83.4000,18,1
2026-05-26,000858,11:21:30,83.3800,1,2
2026-05-26,000858,11:21:33,83.3900,33,2
2026-05-26,000858,11:21:36,83.4000,5,1
2026-05-26,000858,11:21:39,83.3900,34,2
2026-05-26,000858,11:21:42,83.4000,8,1
2026-05-26,000858,11:21:45,83.3900,14,2
