date,code,time,price,volume,bs
2026-04-24,601318,14:06:53,57.8800,101,2
2026-04-24,601318,14:06:56,57.8800,15,1
2026-04-24,601318,14:06:59,57.8700,39,2
2026-04-24,601318,14:07:02,57.8600,84,2
2026-04-24,601318,14:07:05,57.8500,92,2
2026-04-24,601318,14:07:08,57.8700,67,1
2026-04-24,601318,14:07:11,57.8500,54,2
2026-04-24,601318,14:07:14,57.8700,179,1
2026-04-24,601318,14:07:17,57.8700,466,2
2026-04-24,601318,14:07:20,57.8500,25,2
2026-04-24,601318,14:07:23,57.8700,62,2
2026-04-24,601318,14:07:26,57.8700,141,2
2026-04-24,601318,14:07:29,57.8700,28,2
2026-04-24,601318,14:07:32,57.8500,63,2
2026-04-24,601318,14:07:35,57.8500,109,1
2026-04-24,601318,14:07:38,57.8500,107,1
2026-04-24,601318,14:07:41,57.8600,29,1
2026-04-24,601318,14:07:44,57.8600,19,2
2026-04-24,601318,14:07:47,57.8600,1,2
2026-04-24,601318,14:07:50,57.8600,32,2
2026-04-24,601318,14:07:53,57.8600,70,2
2026-04-24,601318,14:07:56,57.8600,7,1
2026-04-24,601318,14:07:59,57.8500,17,2
2026-04-24,601318,14:08:02,57.8600,38,1
2026-04-24,601318,14:08:05,57.8500,185,2
2026-04-24,601318,14:08:08,57.8500,18,2
2026-04-24,601318,14:08:11,57.8500,48,1
2026-04-24,601318,14:08:14,57.8500,20,1
2026-04-24,601318,14:08:17,57.8400,11,2
2026-04-24,601318,14:08:20,57.8500,94,1
2026-04-24,601318,14:08:23,57.8400,7,2
2026-04-24,601318,14:08:26,57.8500,36,1
2026-04-24,601318,14:08:29,57.8500,11,1
2026-04-24,601318,14:08:32,57.8500,51,1
2026-04-24,601318,14:08:35,57.8500,162,1
2026-04-24,601318,14:08:38,57.8500,11,1
2026-04-24,601318,14:08:41,57.8400,11,2
2026-04-24,601318,14:08:44,57.8500,127,1
2026-04-24,601318,14:08:47,57.8400,21,2
2026-04-24,601318,14:08:50,57.8400,21,2
2026-04-24,601318,14:08:53,57.8400,85,2
2026-04-24,601318,14:08:56,57.8400,9,2
2026-04-24,601318,14:08:59,57.8400,68,2
2026-04-24,601318,14:09:02,57.8400,22,2
2026-04-24,601318,14:09:05,57.8400,55,2
2026-04-24,601318,14:09:08,57.8400,14,2
2026-04-24,601318,14:09:11,57.8400,32,2
2026-04-24,601318,14:09:14,57.8400,91,2
2026-04-24,601318,14:09:17,57.8400,19,2
2026-04-24,601318,14:09:20,57.8500,91,1
2026-04-24,601318,14:09:23,57.8400,119,2
2026-04-24,601318,14:09:26,57.8500,18,1
2026-04-24,601318,14:09:29,57.8600,93,1
2026-04-24,601318,14:09:32,57.8600,6,1
2026-04-24,601318,14:09:35,57.8500,156,2
2026-04-24,601318,14:09:38,57.8600,30,1
2026-04-24,601318,14:09:41,57.8500,7,2
2026-04-24,601318,14:09:44,57.8500,112,2
2026-04-24,601318,14:09:47,57.8500,81,2
2026-04-24,601318,14:09:50,57.8500,18,2
2026-04-24,601318,14:09:53,57.8400,16,2
2026-04-24,601318,14:09:56,57.8400,2,2
2026-04-24,601318,14:09:59,57.8500,4,1
2026-04-24,601318,14:10:02,57.8500,14,1
2026-04-24,601318,14:10:05,57.8400,242,2
2026-04-24,601318,14:10:08,57.8500,67,1
2026-04-24,601318,14:10:11,57.8400,39,2
2026-04-24,601318,14:10:14,57.8500,100,1
2026-04-24,601318,14:10:17,57.8400,6,2
2026-04-24,601318,14:10:20,57.8400,8,1
2026-04-24,601318,14:10:23,57.8300,128,2
2026-04-24,601318,14:10:26,57.8300,32,2
2026-04-24,601318,14:10:29,57.8300,87,2
2026-04-24,601318,14:10:32,57.8400,46,1
2026-04-24,601318,14:10:35,57.8300,89,2
2026-04-24,601318,14:10:41,57.8200,45,2
2026-04-24,601318,14:10:44,57.8500,1134,1
2026-04-24,601318,14:10:47,57.8500,81,2
2026-04-24,601318,14:10:50,57.8500,25,2
2026-04-24,601318,14:10:53,57.8500,18,1
2026-04-24,601318,14:10:56,57.8400,15,2
2026-04-24,601318,14:10:59,57.8500,86,1
2026-04-24,601318,14:11:02,57.8500,59,1
2026-04-24,601318,14:11:05,57.8400,135,2
2026-04-24,601318,14:11:08,57.8500,3,1
2026-04-24,601318,14:11:11,57.8500,102,1
2026-04-24,601318,14:11:14,57.8500,27,1
2026-04-24,601318,14:11:17,57.8500,44,2
2026-04-24,601318,14:11:20,57.8500,57,2
2026-04-24,601318,14:11:23,57.8400,221,2
2026-04-24,601318,14:11:26,57.8500,15,1
2026-04-24,601318,14:11:29,57.8500,11,1
2026-04-24,601318,14:11:32,57.8500,2,1
2026-04-24,601318,14:11:35,57.8400,106,2
2026-04-24,601318,14:11:38,57.8400,24,2
2026-04-24,601318,14:11:41,57.8400,19,2
2026-04-24,601318,14:11:44,57.8400,57,2
2026-04-24,601318,14:11:47,57.8400,33,2
2026-04-24,601318,14:11:50,57.8400,2,1
2026-04-24,601318,14:11:53,57.8300,84,2
2026-04-24,601318,14:11:56,57.8300,58,2
2026-04-24,601318,14:11:59,57.8300,30,2
2026-04-24,601318,14:12:02,57.8400,17,1
2026-04-24,601318,14:12:05,57.8400,55,1
2026-04-24,601318,14:12:08,57.8300,48,2
2026-04-24,601318,14:12:11,57.8300,38,2
2026-04-24,601318,14:12:14,57.8300,23,1
2026-04-24,601318,14:12:17,57.8300,26,1
2026-04-24,601318,14:12:20,57.8200,5,2
2026-04-24,601318,14:12:23,57.8200,63,2
2026-04-24,601318,14:12:26,57.8200,106,2
2026-04-24,601318,14:12:29,57.8300,273,1
2026-04-24,601318,14:12:32,57.8400,12,1
2026-04-24,601318,14:12:35,57.8500,362,1
2026-04-24,601318,14:12:38,57.8400,44,4
2026-04-24,601318,14:12:41,57.8600,67,1
2026-04-24,601318,14:12:44,57.8500,26,2
2026-04-24,601318,14:12:47,57.8600,23,1
2026-04-24,601318,14:12:50,57.8500,15,2
2026-04-24,601318,14:12:53,57.8500,219,2
2026-04-24,601318,14:12:56,57.8600,22,2
2026-04-24,601318,14:12:59,57.8600,22,2
2026-04-24,601318,14:13:02,57.8700,18,1
2026-04-24,601318,14:13:05,57.8500,110,2
2026-04-24,601318,14:13:08,57.8600,88,1
2026-04-24,601318,14:13:11,57.8500,41,2
2026-04-24,601318,14:13:14,57.8400,151,2
2026-04-24,601318,14:13:17,57.8400,16,2
2026-04-24,601318,14:13:20,57.8400,10,1
2026-04-24,601318,14:13:23,57.8300,39,2
2026-04-24,601318,14:13:26,57.8400,172,1
2026-04-24,601318,14:13:29,57.8300,1,2
2026-04-24,601318,14:13:32,57.8300,45,2
2026-04-24,601318,14:13:35,57.8300,93,2
2026-04-24,601318,14:13:38,57.8300,47,2
2026-04-24,601318,14:13:41,57.8300,15,2
2026-04-24,601318,14:13:44,57.8200,321,2
2026-04-24,601318,14:13:47,57.8300,36,1
2026-04-24,601318,14:13:50,57.8200,82,2
2026-04-24,601318,14:13:53,57.8200,11,2
2026-04-24,601318,14:13:56,57.8200,39,2
2026-04-24,601318,14:13:59,57.8100,213,2
2026-04-24,601318,14:14:02,57.8200,41,2
2026-04-24,601318,14:14:05,57.8200,26,2
2026-04-24,601318,14:14:08,57.8200,15,1
2026-04-24,601318,14:14:11,57.8200,106,1
2026-04-24,601318,14:14:14,57.8200,182,1
2026-04-24,601318,14:14:17,57.8300,47,1
2026-04-24,601318,14:14:20,57.8200,142,2
2026-04-24,601318,14:14:23,57.8200,34,1
2026-04-24,601318,14:14:26,57.8000,144,2
2026-04-24,601318,14:14:29,57.8200,76,1
2026-04-24,601318,14:14:32,57.8000,42,2
2026-04-24,601318,14:14:35,57.8000,176,2
2026-04-24,601318,14:14:38,57.7900,120,2
2026-04-24,601318,14:14:41,57.7900,3,2
2026-04-24,601318,14:14:44,57.7900,209,2
2026-04-24,601318,14:14:47,57.7900,46,2
2026-04-24,601318,14:14:50,57.7900,53,2
2026-04-24,601318,14:14:53,57.7800,6,2
2026-04-24,601318,14:14:56,57.7900,8,1
2026-04-24,601318,14:14:59,57.7900,98,1
2026-04-24,601318,14:15:02,57.8000,81,1
2026-04-24,601318,14:15:05,57.8000,57,2
2026-04-24,601318,14:15:08,57.8100,33,1
2026-04-24,601318,14:15:11,57.8200,137,1
2026-04-24,601318,14:15:14,57.8200,32,2
2026-04-24,601318,14:15:17,57.8200,80,2
2026-04-24,601318,14:15:20,57.8200,75,2
2026-04-24,601318,14:15:23,57.8300,18,1
2026-04-24,601318,14:15:26,57.8300,48,1
2026-04-24,601318,14:15:29,57.8300,17,1
2026-04-24,601318,14:15:32,57.8300,33,1
2026-04-24,601318,14:15:35,57.8300,81,1
2026-04-24,601318,14:15:38,57.8400,39,4
2026-04-24,601318,14:15:41,57.8400,4,1
2026-04-24,601318,14:15:44,57.8300,61,2
2026-04-24,601318,14:15:47,57.8300,3,2
2026-04-24,601318,14:15:50,57.8300,21,2
2026-04-24,601318,14:15:53,57.8300,70,2
2026-04-24,601318,14:15:56,57.8200,140,2
2026-04-24,601318,14:15:59,57.8400,1,1
2026-04-24,601318,14:16:02,57.8400,22,2
2026-04-24,601318,14:16:05,57.8400,6,2
2026-04-24,601318,14:16:08,57.8300,44,2
2026-04-24,601318,14:16:11,57.8300,32,2
2026-04-24,601318,14:16:14,57.8300,10,1
2026-04-24,601318,14:16:17,57.8100,259,2
2026-04-24,601318,14:16:20,57.8200,87,1
2026-04-24,601318,14:16:23,57.8100,40,2
2026-04-24,601318,14:16:26,57.8000,268,2
2026-04-24,601318,14:16:29,57.7900,53,2
2026-04-24,601318,14:16:32,57.7900,56,2
2026-04-24,601318,14:16:35,57.7900,22,2
2026-04-24,601318,14:16:38,57.7900,10,2
2026-04-24,601318,14:16:41,57.8000,52,1
2026-04-24,601318,14:16:44,57.7900,39,2
2026-04-24,601318,14:16:47,57.7900,37,2
2026-04-24,601318,14:16:50,57.7900,74,1
2026-04-24,601318,14:16:53,57.7900,26,1
2026-04-24,601318,14:16:56,57.7900,96,1
2026-04-24,601318,14:16:59,57.8000,370,1
2026-04-24,601318,14:17:02,57.8000,39,1
2026-04-24,601318,14:17:05,57.8200,95,1
2026-04-24,601318,14:17:11,57.8200,3,1
2026-04-24,601318,14:17:14,57.8100,56,2
2026-04-24,601318,14:17:17,57.8100,180,2
2026-04-24,601318,14:17:20,57.8100,29,2
2026-04-24,601318,14:17:23,57.8100,47,2
2026-04-24,601318,14:17:26,57.8000,18,2
2026-04-24,601318,14:17:29,57.8000,15,2
2026-04-24,601318,14:17:32,57.8000,5,2
2026-04-24,601318,14:17:35,57.8000,25,2
2026-04-24,601318,14:17:38,57.8000,9,2
2026-04-24,601318,14:17:41,57.8000,8,2
2026-04-24,601318,14:17:44,57.8000,112,2
2026-04-24,601318,14:17:47,57.8000,91,2
2026-04-24,601318,14:17:50,57.8000,59,1
2026-04-24,601318,14:17:53,57.8000,37,2
2026-04-24,601318,14:17:56,57.8000,10,2
2026-04-24,601318,14:17:59,57.7900,7,2
2026-04-24,601318,14:18:02,57.8000,52,1
2026-04-24,601318,14:18:05,57.7900,128,2
2026-04-24,601318,14:18:08,57.7900,78,2
2026-04-24,601318,14:18:14,57.7800,77,2
2026-04-24,601318,14:18:17,57.7700,68,2
2026-04-24,601318,14:18:20,57.7600,82,2
2026-04-24,601318,14:18:26,57.7700,65,1
2026-04-24,601318,14:18:29,57.7600,38,1
2026-04-24,601318,14:18:32,57.7700,42,1
2026-04-24,601318,14:18:35,57.7700,113,1
2026-04-24,601318,14:18:38,57.7600,36,2
2026-04-24,601318,14:18:41,57.7600,10,2
2026-04-24,601318,14:18:44,57.7700,61,1
2026-04-24,601318,14:18:47,57.7600,82,2
2026-04-24,601318,14:18:50,57.7700,38,1
2026-04-24,601318,14:18:53,57.7700,14,1
2026-04-24,601318,14:18:56,57.7700,138,1
2026-04-24,601318,14:18:59,57.7700,72,2
2026-04-24,601318,14:19:02,57.7800,118,2
2026-04-24,601318,14:19:05,57.7800,86,2
2026-04-24,601318,14:19:08,57.7700,78,2
2026-04-24,601318,14:19:11,57.7800,21,1
2026-04-24,601318,14:19:14,57.7800,7,1
2026-04-24,601318,14:19:17,57.7800,192,1
2026-04-24,601318,14:19:20,57.7800,21,2
2026-04-24,601318,14:19:23,57.7800,58,2
2026-04-24,601318,14:19:26,57.7800,89,2
2026-04-24,601318,14:19:29,57.7900,5,1
2026-04-24,601318,14:19:32,57.7800,13,2
2026-04-24,601318,14:19:35,57.7800,42,2
2026-04-24,601318,14:19:38,57.7800,13,2
2026-04-24,601318,14:19:41,57.7700,61,2
2026-04-24,601318,14:19:44,57.7800,108,1
2026-04-24,601318,14:19:47,57.7800,13,2
2026-04-24,601318,14:19:50,57.7800,6,2
2026-04-24,601318,14:19:53,57.7800,2,2
2026-04-24,601318,14:19:56,57.7900,200,1
2026-04-24,601318,14:19:59,57.8100,1046,1
2026-04-24,601318,14:20:02,57.8100,3,2
2026-04-24,601318,14:20:05,57.8300,73,2
2026-04-24,601318,14:20:08,57.8500,3,2
2026-04-24,601318,14:20:11,57.8600,26,4
2026-04-24,601318,14:20:14,57.8600,59,2
2026-04-24,601318,14:20:17,57.8600,24,2
2026-04-24,601318,14:20:20,57.8600,63,2
2026-04-24,601318,14:20:23,57.8700,14,1
2026-04-24,601318,14:20:26,57.8500,84,2
2026-04-24,601318,14:20:29,57.8500,19,1
2026-04-24,601318,14:20:32,57.8600,20,1
2026-04-24,601318,14:20:35,57.8600,61,1
2026-04-24,601318,14:20:38,57.8400,68,2
2026-04-24,601318,14:20:41,57.8400,53,2
2026-04-24,601318,14:20:44,57.8400,125,1
2026-04-24,601318,14:20:47,57.8300,35,4
2026-04-24,601318,14:20:50,57.8300,17,1
2026-04-24,601318,14:20:53,57.8400,1,1
2026-04-24,601318,14:20:56,57.8400,30,1
2026-04-24,601318,14:20:59,57.8300,92,1
2026-04-24,601318,14:21:02,57.8400,8,4
2026-04-24,601318,14:21:05,57.8500,186,1
2026-04-24,601318,14:21:08,57.8500,74,2
2026-04-24,601318,14:21:11,57.8400,60,2
2026-04-24,601318,14:21:14,57.8400,11,2
2026-04-24,601318,14:21:17,57.8400,31,2
2026-04-24,601318,14:21:20,57.8300,6,2
2026-04-24,601318,14:21:23,57.8400,31,1
2026-04-24,601318,14:21:26,57.8400,222,1
2026-04-24,601318,14:21:29,57.8600,100,1
2026-04-24,601318,14:21:32,57.8500,40,2
2026-04-24,601318,14:21:35,57.8500,177,2
2026-04-24,601318,14:21:38,57.8500,43,2
2026-04-24,601318,14:21:41,57.8600,7,2
2026-04-24,601318,14:21:44,57.8600,35,1
2026-04-24,601318,14:21:47,57.8500,43,2
2026-04-24,601318,14:21:50,57.8400,617,2
2026-04-24,601318,14:21:53,57.8700,1,1
2026-04-24,601318,14:21:56,57.8700,32,1
2026-04-24,601318,14:21:59,57.8800,167,1
2026-04-24,601318,14:22:02,57.8800,86,2
2026-04-24,601318,14:22:05,57.8500,3,2
2026-04-24,601318,14:22:08,57.8500,13,2
2026-04-24,601318,14:22:11,57.8400,241,2
2026-04-24,601318,14:22:14,57.8500,346,1
2026-04-24,601318,14:22:17,57.8100,25,2
2026-04-24,601318,14:22:20,57.8200,17,1
2026-04-24,601318,14:22:23,57.8300,194,1
2026-04-24,601318,14:22:26,57.8000,222,2
2026-04-24,601318,14:22:29,57.8200,17,1
2026-04-24,601318,14:22:32,57.8100,52,2
2026-04-24,601318,14:22:35,57.8000,29,2
2026-04-24,601318,14:22:38,57.8000,40,2
2026-04-24,601318,14:22:41,57.8000,15,1
2026-04-24,601318,14:22:44,57.8000,115,1
2026-04-24,601318,14:22:47,57.7800,274,2
2026-04-24,601318,14:22:50,57.7800,40,2
2026-04-24,601318,14:22:53,57.7700,481,2
2026-04-24,601318,14:22:56,57.7500,82,2
2026-04-24,601318,14:22:59,57.7700,120,1
2026-04-24,601318,14:23:02,57.7600,176,2
2026-04-24,601318,14:23:05,57.7800,57,1
2026-04-24,601318,14:23:08,57.7700,28,4
2026-04-24,601318,14:23:11,57.7700,30,1
2026-04-24,601318,14:23:14,57.7800,89,1
2026-04-24,601318,14:23:17,57.7700,103,2
2026-04-24,601318,14:23:20,57.7700,7,2
2026-04-24,601318,14:23:23,57.7900,137,1
2026-04-24,601318,14:23:26,57.7900,44,1
2026-04-24,601318,14:23:29,57.7900,23,2
2026-04-24,601318,14:23:32,57.8000,23,1
2026-04-24,601318,14:23:35,57.7900,45,2
2026-04-24,601318,14:23:38,57.7900,54,2
2026-04-24,601318,14:23:41,57.8000,7,1
2026-04-24,601318,14:23:44,57.8000,28,1
2026-04-24,601318,14:23:47,57.8000,89,1
2026-04-24,601318,14:23:50,57.8000,104,2
2026-04-24,601318,14:23:53,57.8000,55,2
2026-04-24,601318,14:23:56,57.8100,38,1
2026-04-24,601318,14:23:59,57.7900,96,2
2026-04-24,601318,14:24:02,57.7900,49,2
2026-04-24,601318,14:24:05,57.7900,134,2
2026-04-24,601318,14:24:08,57.7800,441,2
2026-04-24,601318,14:24:11,57.7800,224,1
2026-04-24,601318,14:24:14,57.7700,3,2
2026-04-24,601318,14:24:17,57.7600,62,2
2026-04-24,601318,14:24:20,57.7600,7,2
2026-04-24,601318,14:24:23,57.7700,22,1
2026-04-24,601318,14:24:26,57.7600,27,2
2026-04-24,601318,14:24:29,57.7700,29,1
2026-04-24,601318,14:24:32,57.7700,14,1
2026-04-24,601318,14:24:35,57.7700,16,1
2026-04-24,601318,14:24:38,57.7700,259,1
2026-04-24,601318,14:24:41,57.7700,37,1
2026-04-24,601318,14:24:44,57.7700,11,1
2026-04-24,601318,14:24:47,57.7600,34,2
2026-04-24,601318,14:24:50,57.7600,7,1
2026-04-24,601318,14:24:53,57.7600,35,1
2026-04-24,601318,14:24:56,57.7500,67,2
2026-04-24,601318,14:24:59,57.7500,62,2
2026-04-24,601318,14:25:02,57.7600,3,1
2026-04-24,601318,14:25:05,57.7500,18,2
2026-04-24,601318,14:25:08,57.7500,20,1
2026-04-24,601318,14:25:11,57.7500,25,1
2026-04-24,601318,14:25:14,57.7400,36,2
2026-04-24,601318,14:25:17,57.7400,73,2
2026-04-24,601318,14:25:20,57.7300,102,2
2026-04-24,601318,14:25:23,57.7400,92,1
2026-04-24,601318,14:25:26,57.7300,18,2
2026-04-24,601318,14:25:29,57.7300,40,2
2026-04-24,601318,14:25:32,57.7300,26,2
2026-04-24,601318,14:25:35,57.7400,34,1
2026-04-24,601318,14:25:38,57.7400,56,1
2026-04-24,601318,14:25:41,57.7300,38,2
2026-04-24,601318,14:25:44,57.7300,41,2
2026-04-24,601318,14:25:47,57.7400,113,1
2026-04-24,601318,14:25:50,57.7400,51,1
2026-04-24,601318,14:25:53,57.7500,35,1
2026-04-24,601318,14:25:56,57.7500,37,1
2026-04-24,601318,14:25:59,57.7500,49,1
2026-04-24,601318,14:26:02,57.7600,53,1
2026-04-24,601318,14:26:05,57.7700,101,1
2026-04-24,601318,14:26:08,57.7600,155,2
2026-04-24,601318,14:26:11,57.7500,20,2
2026-04-24,601318,14:26:14,57.7600,16,1
2026-04-24,601318,14:26:17,57.7600,80,1
2026-04-24,601318,14:26:20,57.7500,14,2
2026-04-24,601318,14:26:23,57.7700,375,1
2026-04-24,601318,14:26:26,57.7800,32,1
2026-04-24,601318,14:26:29,57.7800,200,1
2026-04-24,601318,14:26:32,57.7600,99,2
2026-04-24,601318,14:26:35,57.7700,22,2
2026-04-24,601318,14:26:38,57.7700,53,1
2026-04-24,601318,14:26:41,57.7700,18,1
2026-04-24,601318,14:26:44,57.7700,15,1
2026-04-24,601318,14:26:47,57.7600,133,2
2026-04-24,601318,14:26:50,57.7700,26,1
2026-04-24,601318,14:26:53,57.7800,37,1
2026-04-24,601318,14:26:56,57.7700,32,2
2026-04-24,601318,14:26:59,57.7700,146,2
2026-04-24,601318,14:27:02,57.7700,14,2
2026-04-24,601318,14:27:05,57.7700,2,2
2026-04-24,601318,14:27:08,57.7800,78,1
2026-04-24,601318,14:27:11,57.7700,21,2
2026-04-24,601318,14:27:14,57.7700,26,2
2026-04-24,601318,14:27:17,57.7700,33,2
2026-04-24,601318,14:27:20,57.7900,83,1
2026-04-24,601318,14:27:23,57.7900,1,1
2026-04-24,601318,14:27:26,57.7800,43,2
2026-04-24,601318,14:27:29,57.7800,18,2
2026-04-24,601318,14:27:32,57.7800,55,2
2026-04-24,601318,14:27:35,57.7900,43,1
2026-04-24,601318,14:27:38,57.7900,12,2
2026-04-24,601318,14:27:41,57.7900,35,2
2026-04-24,601318,14:27:44,57.7900,15,2
2026-04-24,601318,14:27:47,57.7900,58,2
2026-04-24,601318,14:27:50,57.7900,83,2
2026-04-24,601318,14:27:53,57.8000,16,1
2026-04-24,601318,14:27:56,57.7900,43,2
2026-04-24,601318,14:27:59,57.8000,4,1
2026-04-24,601318,14:28:02,57.8000,11,1
2026-04-24,601318,14:28:05,57.8000,1,1
2026-04-24,601318,14:28:08,57.7800,114,2
2026-04-24,601318,14:28:11,57.7900,5,1
2026-04-24,601318,14:28:14,57.7800,3,2
2026-04-24,601318,14:28:17,57.7800,52,2
2026-04-24,601318,14:28:20,57.7900,57,1
2026-04-24,601318,14:28:23,57.7800,12,2
2026-04-24,601318,14:28:26,57.7800,29,2
2026-04-24,601318,14:28:29,57.7800,45,2
2026-04-24,601318,14:28:32,57.7800,4,2
2026-04-24,601318,14:28:35,57.7800,27,2
2026-04-24,601318,14:28:38,57.7700,14,2
2026-04-24,601318,14:28:41,57.7700,29,2
2026-04-24,601318,14:28:44,57.7700,38,2
2026-04-24,601318,14:28:47,57.7700,46,1
2026-04-24,601318,14:28:50,57.7700,19,1
2026-04-24,601318,14:28:53,57.7700,8,1
2026-04-24,601318,14:28:56,57.7700,3,1
2026-04-24,601318,14:28:59,57.7600,33,2
2026-04-24,601318,14:29:02,57.7700,122,1
2026-04-24,601318,14:29:05,57.7600,181,2
2026-04-24,601318,14:29:08,57.7900,248,1
2026-04-24,601318,14:29:11,57.7800,22,2
2026-04-24,601318,14:29:14,57.7900,38,1
2026-04-24,601318,14:29:17,57.7800,119,2
2026-04-24,601318,14:29:20,57.7800,22,1
2026-04-24,601318,14:29:23,57.7800,8,2
2026-04-24,601318,14:29:26,57.7800,4,1
2026-04-24,601318,14:29:29,57.7700,3,2
2026-04-24,601318,14:29:32,57.7700,57,2
2026-04-24,601318,14:29:35,57.7800,47,1
2026-04-24,601318,14:29:38,57.7800,178,1
2026-04-24,601318,14:29:41,57.7800,81,1
2026-04-24,601318,14:29:44,57.7800,22,1
2026-04-24,601318,14:29:47,57.7700,99,2
2026-04-24,601318,14:29:50,57.7700,17,1
2026-04-24,601318,14:29:53,57.7700,16,1
2026-04-24,601318,14:29:56,57.7600,4,2
2026-04-24,601318,14:29:59,57.7700,105,1
2026-04-24,601318,14:30:02,57.7700,4,1
2026-04-24,601318,14:30:05,57.7600,47,2
2026-04-24,601318,14:30:08,57.7600,149,1
2026-04-24,601318,14:30:11,57.7600,43,1
2026-04-24,601318,14:30:14,57.7600,70,2
2026-04-24,601318,14:30:17,57.7700,96,1
2026-04-24,601318,14:30:20,57.7700,26,1
2026-04-24,601318,14:30:23,57.7700,13,1
2026-04-24,601318,14:30:26,57.7600,19,2
2026-04-24,601318,14:30:29,57.7600,84,2
2026-04-24,601318,14:30:32,57.7600,10,2
2026-04-24,601318,14:30:35,57.7700,25,1
2026-04-24,601318,14:30:38,57.7700,53,1
2026-04-24,601318,14:30:41,57.7600,28,2
2026-04-24,601318,14:30:44,57.7600,17,2
2026-04-24,601318,14:30:47,57.7500,217,2
2026-04-24,601318,14:30:50,57.7600,32,1
2026-04-24,601318,14:30:53,57.7500,14,2
2026-04-24,601318,14:30:56,57.7500,57,2
2026-04-24,601318,14:30:59,57.7500,89,2
2026-04-24,601318,14:31:02,57.7400,41,2
2026-04-24,601318,14:31:05,57.7500,105,1
2026-04-24,601318,14:31:08,57.7700,1323,1
2026-04-24,601318,14:31:11,57.7700,133,2
2026-04-24,601318,14:31:14,57.7800,21,1
2026-04-24,601318,14:31:17,57.7700,58,2
2026-04-24,601318,14:31:20,57.7900,33,1
2026-04-24,601318,14:31:23,57.7900,5,1
2026-04-24,601318,14:31:26,57.7900,8,2
2026-04-24,601318,14:31:29,57.8000,28,1
2026-04-24,601318,14:31:32,57.8000,7,2
2026-04-24,601318,14:31:35,57.8000,41,2
2026-04-24,601318,14:31:38,57.8000,41,1
2026-04-24,601318,14:31:41,57.7900,2,2
2026-04-24,601318,14:31:44,57.7900,83,2
2026-04-24,601318,14:31:47,57.8100,47,1
2026-04-24,601318,14:31:50,57.7900,68,1
2026-04-24,601318,14:31:53,57.7900,68,1
2026-04-24,601318,14:31:56,57.7900,6,1
2026-04-24,601318,14:31:59,57.7900,198,1
2026-04-24,601318,14:32:02,57.7700,6,2
2026-04-24,601318,14:32:05,57.7800,3,4
2026-04-24,601318,14:32:08,57.7800,35,1
2026-04-24,601318,14:32:11,57.7700,22,2
2026-04-24,601318,14:32:14,57.7700,46,2
2026-04-24,601318,14:32:17,57.7700,103,1
2026-04-24,601318,14:32:20,57.7700,3,2
2026-04-24,601318,14:32:23,57.7700,7,2
2026-04-24,601318,14:32:26,57.7800,13,1
2026-04-24,601318,14:32:29,57.7700,140,2
2026-04-24,601318,14:32:32,57.7700,7,2
2026-04-24,601318,14:32:35,57.7700,13,2
2026-04-24,601318,14:32:38,57.7700,7,1
2026-04-24,601318,14:32:41,57.7700,52,1
2026-04-24,601318,14:32:44,57.7800,21,1
2026-04-24,601318,14:32:47,57.7600,99,2
2026-04-24,601318,14:32:50,57.7700,7,1
2026-04-24,601318,14:32:53,57.7600,13,2
2026-04-24,601318,14:32:56,57.7600,59,2
2026-04-24,601318,14:32:59,57.7700,63,1
2026-04-24,601318,14:33:02,57.7700,72,2
2026-04-24,601318,14:33:05,57.7600,46,2
2026-04-24,601318,14:33:08,57.7800,80,1
2026-04-24,601318,14:33:11,57.8000,87,1
2026-04-24,601318,14:33:14,57.8100,70,1
2026-04-24,601318,14:33:17,57.7900,71,2
2026-04-24,601318,14:33:20,57.8000,19,1
2026-04-24,601318,14:33:23,57.7900,26,2
2026-04-24,601318,14:33:26,57.7900,38,2
2026-04-24,601318,14:33:29,57.7800,47,2
2026-04-24,601318,14:33:32,57.7800,3,2
2026-04-24,601318,14:33:35,57.7800,9,2
2026-04-24,601318,14:33:38,57.7800,227,2
2026-04-24,601318,14:33:41,57.7900,56,1
2026-04-24,601318,14:33:44,57.7900,36,1
2026-04-24,601318,14:33:47,57.7900,45,1
2026-04-24,601318,14:33:50,57.7800,27,2
2026-04-24,601318,14:33:53,57.7900,21,1
2026-04-24,601318,14:33:56,57.7900,12,2
2026-04-24,601318,14:33:59,57.8100,23,1
2026-04-24,601318,14:34:02,57.7800,37,2
2026-04-24,601318,14:34:05,57.7900,4,4
2026-04-24,601318,14:34:08,57.7900,98,1
2026-04-24,601318,14:34:11,57.7900,22,2
2026-04-24,601318,14:34:14,57.7900,15,2
2026-04-24,601318,14:34:17,57.7900,50,2
2026-04-24,601318,14:34:20,57.7800,51,2
2026-04-24,601318,14:34:23,57.7800,35,1
2026-04-24,601318,14:34:26,57.7800,1,1
2026-04-24,601318,14:34:29,57.7700,137,2
2026-04-24,601318,14:34:32,57.7800,6,1
2026-04-24,601318,14:34:35,57.7700,2,2
2026-04-24,601318,14:34:38,57.7700,46,2
2026-04-24,601318,14:34:41,57.7800,8,1
2026-04-24,601318,14:34:44,57.7700,14,2
2026-04-24,601318,14:34:47,57.7700,205,2
2026-04-24,601318,14:34:50,57.7800,78,1
2026-04-24,601318,14:34:53,57.7800,138,2
2026-04-24,601318,14:34:56,57.7800,34,2
2026-04-24,601318,14:34:59,57.7800,30,1
2026-04-24,601318,14:35:02,57.7800,11,1
2026-04-24,601318,14:35:05,57.7700,3,2
2026-04-24,601318,14:35:08,57.7700,72,2
2026-04-24,601318,14:35:11,57.7700,5,2
2026-04-24,601318,14:35:14,57.7800,121,1
2026-04-24,601318,14:35:17,57.7700,57,2
2026-04-24,601318,14:35:20,57.7700,36,1
2026-04-24,601318,14:35:23,57.7700,22,2
2026-04-24,601318,14:35:26,57.7800,2,1
2026-04-24,601318,14:35:29,57.7700,168,2
2026-04-24,601318,14:35:32,57.7800,73,1
2026-04-24,601318,14:35:35,57.7800,41,2
2026-04-24,601318,14:35:38,57.7900,25,1
2026-04-24,601318,14:35:41,57.7900,108,1
2026-04-24,601318,14:35:44,57.7800,23,2
2026-04-24,601318,14:35:47,57.8000,82,1
2026-04-24,601318,14:35:50,57.7900,117,2
2026-04-24,601318,14:35:53,57.8000,6,1
2026-04-24,601318,14:35:56,57.7900,49,2
2026-04-24,601318,14:35:59,57.7900,55,2
2026-04-24,601318,14:36:02,57.7800,22,2
2026-04-24,601318,14:36:05,57.7800,84,2
2026-04-24,601318,14:36:08,57.7900,11,1
2026-04-24,601318,14:36:11,57.7900,73,1
2026-04-24,601318,14:36:14,57.7900,5,2
2026-04-24,601318,14:36:17,57.8000,106,1
2026-04-24,601318,14:36:20,57.8000,146,2
2026-04-24,601318,14:36:23,57.8300,171,1
2026-04-24,601318,14:36:26,57.8300,103,1
2026-04-24,601318,14:36:29,57.8200,104,2
2026-04-24,601318,14:36:32,57.8200,106,2
2026-04-24,601318,14:36:35,57.8300,36,2
2026-04-24,601318,14:36:38,57.8200,71,2
2026-04-24,601318,14:36:41,57.8300,26,4
2026-04-24,601318,14:36:44,57.8200,15,2
2026-04-24,601318,14:36:47,57.8300,72,1
2026-04-24,601318,14:36:50,57.8300,112,1
2026-04-24,601318,14:36:53,57.8300,40,1
2026-04-24,601318,14:36:56,57.8300,89,1
2026-04-24,601318,14:36:59,57.8200,224,2
2026-04-24,601318,14:37:02,57.8100,18,2
2026-04-24,601318,14:37:05,57.8100,13,2
2026-04-24,601318,14:37:08,57.8100,209,2
2026-04-24,601318,14:37:11,57.8100,20,2
2026-04-24,601318,14:37:14,57.8100,109,2
2026-04-24,601318,14:37:17,57.8100,106,1
2026-04-24,601318,14:37:20,57.8200,121,1
2026-04-24,601318,14:37:23,57.8200,139,1
2026-04-24,601318,14:37:26,57.8300,25,1
2026-04-24,601318,14:37:29,57.8400,307,1
2026-04-24,601318,14:37:32,57.8500,41,1
2026-04-24,601318,14:37:35,57.8500,25,1
2026-04-24,601318,14:37:38,57.8500,174,1
2026-04-24,601318,14:37:41,57.8400,10,2
2026-04-24,601318,14:37:44,57.8400,54,2
2026-04-24,601318,14:37:47,57.8400,34,1
2026-04-24,601318,14:37:50,57.8300,1,2
2026-04-24,601318,14:37:53,57.8300,54,2
2026-04-24,601318,14:37:56,57.8300,8,2
2026-04-24,601318,14:37:59,57.8300,130,2
2026-04-24,601318,14:38:02,57.8300,111,1
2026-04-24,601318,14:38:05,57.8300,36,1
2026-04-24,601318,14:38:08,57.8200,181,2
2026-04-24,601318,14:38:11,57.8300,41,1
2026-04-24,601318,14:38:14,57.8300,7,2
2026-04-24,601318,14:38:17,57.8200,47,2
2026-04-24,601318,14:38:20,57.8300,4,1
2026-04-24,601318,14:38:23,57.8200,20,2
2026-04-24,601318,14:38:26,57.8300,1096,1
2026-04-24,601318,14:38:29,57.8500,81,1
2026-04-24,601318,14:38:32,57.8500,16,2
2026-04-24,601318,14:38:35,57.8300,1,2
2026-04-24,601318,14:38:38,57.8400,69,2
2026-04-24,601318,14:38:41,57.8400,1,1
2026-04-24,601318,14:38:44,57.8400,165,1
2026-04-24,601318,14:38:47,57.8300,18,4
2026-04-24,601318,14:38:50,57.8500,316,1
2026-04-24,601318,14:38:53,57.8600,79,1
2026-04-24,601318,14:38:56,57.8300,70,2
2026-04-24,601318,14:38:59,57.8300,31,2
2026-04-24,601318,14:39:02,57.8500,33,1
2026-04-24,601318,14:39:05,57.8500,16,1
2026-04-24,601318,14:39:08,57.8400,9,2
2026-04-24,601318,14:39:11,57.8300,22,2
2026-04-24,601318,14:39:14,57.8400,4,1
2026-04-24,601318,14:39:17,57.8400,9,2
2026-04-24,601318,14:39:20,57.8300,57,2
2026-04-24,601318,14:39:23,57.8400,40,1
2026-04-24,601318,14:39:26,57.8400,14,4
2026-04-24,601318,14:39:29,57.8500,46,1
2026-04-24,601318,14:39:32,57.8500,30,1
2026-04-24,601318,14:39:35,57.8500,244,1
2026-04-24,601318,14:39:38,57.8600,24,1
2026-04-24,601318,14:39:41,57.8500,122,2
2026-04-24,601318,14:39:44,57.8500,9,2
2026-04-24,601318,14:39:47,57.8500,11,2
2026-04-24,601318,14:39:50,57.8600,144,1
2026-04-24,601318,14:39:53,57.8600,19,1
2026-04-24,601318,14:39:56,57.8500,94,2
2026-04-24,601318,14:39:59,57.8500,43,2
2026-04-24,601318,14:40:02,57.8400,25,2
2026-04-24,601318,14:40:05,57.8500,72,1
2026-04-24,601318,14:40:08,57.8400,112,2
2026-04-24,601318,14:40:11,57.8400,88,2
2026-04-24,601318,14:40:14,57.8400,17,1
2026-04-24,601318,14:40:17,57.8300,18,2
2026-04-24,601318,14:40:20,57.8400,82,1
2026-04-24,601318,14:40:23,57.8600,494,1
2026-04-24,601318,14:40:26,57.8700,194,1
2026-04-24,601318,14:40:29,57.8800,269,1
2026-04-24,601318,14:40:32,57.8800,40,1
2026-04-24,601318,14:40:35,57.8700,22,1
2026-04-24,601318,14:40:38,57.8600,31,2
2026-04-24,601318,14:40:41,57.8700,30,1
2026-04-24,601318,14:40:44,57.8600,50,1
2026-04-24,601318,14:40:47,57.8500,80,2
2026-04-24,601318,14:40:50,57.8600,28,2
2026-04-24,601318,14:40:53,57.8600,13,1
2026-04-24,601318,14:40:56,57.8600,34,1
2026-04-24,601318,14:40:59,57.8500,34,2
2026-04-24,601318,14:41:02,57.8500,51,2
2026-04-24,601318,14:41:05,57.8500,11,2
2026-04-24,601318,14:41:08,57.8500,19,2
2026-04-24,601318,14:41:11,57.8500,23,1
2026-04-24,601318,14:41:14,57.8500,15,1
2026-04-24,601318,14:41:17,57.8500,58,1
2026-04-24,601318,14:41:20,57.8400,78,2
2026-04-24,601318,14:41:23,57.8400,5,2
2026-04-24,601318,14:41:26,57.8500,101,1
2026-04-24,601318,14:41:29,57.8500,154,1
2026-04-24,601318,14:41:32,57.8500,46,1
2026-04-24,601318,14:41:35,57.8500,151,1
2026-04-24,601318,14:41:38,57.8400,237,2
2026-04-24,601318,14:41:41,57.8400,40,2
2026-04-24,601318,14:41:44,57.8400,3,2
2026-04-24,601318,14:41:47,57.8400,10,2
2026-04-24,601318,14:41:50,57.8400,26,1
2026-04-24,601318,14:41:53,57.8400,30,1
2026-04-24,601318,14:41:56,57.8500,7,1
2026-04-24,601318,14:41:59,57.8400,9,2
2026-04-24,601318,14:42:02,57.8500,173,1
2026-04-24,601318,14:42:05,57.8500,28,2
2026-04-24,601318,14:42:08,57.8600,59,1
2026-04-24,601318,14:42:11,57.8500,97,2
2026-04-24,601318,14:42:14,57.8500,33,2
2026-04-24,601318,14:42:17,57.8500,5,1
2026-04-24,601318,14:42:20,57.8400,96,2
2026-04-24,601318,14:42:23,57.8500,54,1
2026-04-24,601318,14:42:26,57.8500,17,1
2026-04-24,601318,14:42:29,57.8400,83,2
2026-04-24,601318,14:42:32,57.8400,142,2
2026-04-24,601318,14:42:35,57.8400,53,1
2026-04-24,601318,14:42:38,57.8300,224,2
2026-04-24,601318,14:42:41,57.8200,4,2
2026-04-24,601318,14:42:44,57.8300,20,1
2026-04-24,601318,14:42:47,57.8300,36,1
2026-04-24,601318,14:42:50,57.8300,50,1
2026-04-24,601318,14:42:53,57.8300,69,1
2026-04-24,601318,14:42:56,57.8300,51,1
2026-04-24,601318,14:42:59,57.8300,48,1
2026-04-24,601318,14:43:02,57.8200,65,2
2026-04-24,601318,14:43:05,57.8100,29,2
2026-04-24,601318,14:43:08,57.8200,256,1
2026-04-24,601318,14:43:11,57.8100,196,2
2026-04-24,601318,14:43:14,57.8100,22,2
2026-04-24,601318,14:43:17,57.8100,35,2
2026-04-24,601318,14:43:20,57.8200,23,1
2026-04-24,601318,14:43:23,57.8200,64,1
2026-04-24,601318,14:43:26,57.8200,13,2
2026-04-24,601318,14:43:29,57.8200,18,2
2026-04-24,601318,14:43:32,57.8200,45,2
2026-04-24,601318,14:43:35,57.8200,386,1
2026-04-24,601318,14:43:38,57.8100,47,2
2026-04-24,601318,14:43:41,57.8100,305,2
2026-04-24,601318,14:43:44,57.8100,83,2
2026-04-24,601318,14:43:47,57.8200,39,1
2026-04-24,601318,14:43:50,57.8100,47,2
2026-04-24,601318,14:43:53,57.8100,97,1
2026-04-24,601318,14:43:56,57.8100,35,1
2026-04-24,601318,14:43:59,57.8100,423,1
2026-04-24,601318,14:44:02,57.8000,494,2
2026-04-24,601318,14:44:05,57.8000,19,2
2026-04-24,601318,14:44:08,57.8000,6,2
2026-04-24,601318,14:44:11,57.8100,35,1
2026-04-24,601318,14:44:14,57.8000,11,1
2026-04-24,601318,14:44:17,57.8000,8,1
2026-04-24,601318,14:44:20,57.7900,162,2
2026-04-24,601318,14:44:23,57.8000,1161,1
2026-04-24,601318,14:44:26,57.8300,63,1
2026-04-24,601318,14:44:29,57.8800,161,1
2026-04-24,601318,14:44:32,57.8300,114,2
2026-04-24,601318,14:44:35,57.8400,4,2
2026-04-24,601318,14:44:38,57.8000,51,2
2026-04-24,601318,14:44:41,57.8200,24,1
2026-04-24,601318,14:44:44,57.8100,45,2
2026-04-24,601318,14:44:47,57.8100,50,1
2026-04-24,601318,14:44:50,57.8000,102,2
2026-04-24,601318,14:44:53,57.8100,25,1
2026-04-24,601318,14:44:56,57.8000,164,2
2026-04-24,601318,14:44:59,57.8000,95,1
2026-04-24,601318,14:45:02,57.7900,65,2
2026-04-24,601318,14:45:05,57.8100,57,1
2026-04-24,601318,14:45:08,57.7800,129,2
2026-04-24,601318,14:45:11,57.8000,90,2
2026-04-24,601318,14:45:14,57.8100,28,4
2026-04-24,601318,14:45:17,57.7900,110,2
2026-04-24,601318,14:45:20,57.8000,30,2
2026-04-24,601318,14:45:23,57.8100,103,1
2026-04-24,601318,14:45:26,57.8000,15,2
2026-04-24,601318,14:45:29,57.8000,32,2
2026-04-24,601318,14:45:32,57.8000,62,2
2026-04-24,601318,14:45:35,57.8000,12,2
2026-04-24,601318,14:45:38,57.8000,112,2
2026-04-24,601318,14:45:41,57.8000,24,1
2026-04-24,601318,14:45:44,57.8000,12,1
2026-04-24,601318,14:45:47,57.8000,54,1
2026-04-24,601318,14:45:50,57.8000,97,1
2026-04-24,601318,14:45:53,57.7900,56,2
2026-04-24,601318,14:45:56,57.7900,71,2
2026-04-24,601318,14:45:59,57.8000,21,1
2026-04-24,601318,14:46:02,57.8200,73,1
2026-04-24,601318,14:46:05,57.8000,8,2
2026-04-24,601318,14:46:08,57.8000,57,2
2026-04-24,601318,14:46:11,57.8100,3,4
2026-04-24,601318,14:46:14,57.8100,42,1
2026-04-24,601318,14:46:17,57.8100,4,1
2026-04-24,601318,14:46:20,57.8000,88,2
2026-04-24,601318,14:46:23,57.8000,59,2
2026-04-24,601318,14:46:26,57.8000,15,2
2026-04-24,601318,14:46:29,57.8000,38,2
2026-04-24,601318,14:46:32,57.7900,50,2
2026-04-24,601318,14:46:35,57.7900,87,2
2026-04-24,601318,14:46:38,57.7900,9,2
2026-04-24,601318,14:46:41,57.7900,10,2
2026-04-24,601318,14:46:44,57.7900,123,2
2026-04-24,601318,14:46:47,57.8000,69,1
2026-04-24,601318,14:46:50,57.8000,127,1
2026-04-24,601318,14:46:53,57.8000,376,1
2026-04-24,601318,14:46:56,57.8000,82,1
2026-04-24,601318,14:46:59,57.8000,245,1
2026-04-24,601318,14:47:02,57.7900,84,2
2026-04-24,601318,14:47:05,57.8100,264,1
2026-04-24,601318,14:47:08,57.8000,30,2
2026-04-24,601318,14:47:11,57.8000,178,2
2026-04-24,601318,14:47:14,57.8100,40,1
2026-04-24,601318,14:47:17,57.8000,68,2
2026-04-24,601318,14:47:20,57.8000,73,2
2026-04-24,601318,14:47:23,57.7800,26,2
2026-04-24,601318,14:47:26,57.7900,125,1
2026-04-24,601318,14:47:29,57.7800,120,2
2026-04-24,601318,14:47:32,57.7800,117,2
2026-04-24,601318,14:47:35,57.7800,67,2
2026-04-24,601318,14:47:38,57.7900,19,1
2026-04-24,601318,14:47:41,57.7900,10,1
2026-04-24,601318,14:47:44,57.7900,36,1
2026-04-24,601318,14:47:47,57.7900,16,1
2026-04-24,601318,14:47:50,57.7800,31,2
2026-04-24,601318,14:47:53,57.7900,42,1
2026-04-24,601318,14:47:56,57.7800,65,2
2026-04-24,601318,14:47:59,57.7800,14,2
2026-04-24,601318,14:48:02,57.7800,18,2
2026-04-24,601318,14:48:05,57.7800,9,1
2026-04-24,601318,14:48:08,57.7800,29,2
2026-04-24,601318,14:48:11,57.7700,53,2
2026-04-24,601318,14:48:14,57.7800,16,1
2026-04-24,601318,14:48:17,57.7800,10,2
2026-04-24,601318,14:48:20,57.7700,65,2
2026-04-24,601318,14:48:23,57.7600,204,2
2026-04-24,601318,14:48:26,57.7600,93,2
2026-04-24,601318,14:48:29,57.7800,28,1
2026-04-24,601318,14:48:32,57.7600,242,2
2026-04-24,601318,14:48:35,57.7700,31,1
2026-04-24,601318,14:48:38,57.7600,34,2
2026-04-24,601318,14:48:41,57.7600,105,2
2026-04-24,601318,14:48:44,57.7600,108,2
2026-04-24,601318,14:48:47,57.7600,94,1
2026-04-24,601318,14:48:50,57.7700,33,1
2026-04-24,601318,14:48:53,57.7700,111,1
2026-04-24,601318,14:48:56,57.7700,206,1
2026-04-24,601318,14:48:59,57.7600,39,2
2026-04-24,601318,14:49:02,57.7600,84,2
2026-04-24,601318,14:49:05,57.7700,64,1
2026-04-24,601318,14:49:08,57.7700,50,4
2026-04-24,601318,14:49:11,57.7600,7,2
2026-04-24,601318,14:49:14,57.7600,366,2
2026-04-24,601318,14:49:17,57.7700,79,1
2026-04-24,601318,14:49:20,57.7600,255,2
2026-04-24,601318,14:49:23,57.7700,147,1
2026-04-24,601318,14:49:26,57.7700,8,2
2026-04-24,601318,14:49:29,57.7700,15,2
2026-04-24,601318,14:49:32,57.7700,40,2
2026-04-24,601318,14:49:35,57.7700,9,2
2026-04-24,601318,14:49:38,57.7700,18,2
2026-04-24,601318,14:49:41,57.7700,44,2
2026-04-24,601318,14:49:44,57.7700,118,2
2026-04-24,601318,14:49:47,57.7800,33,1
2026-04-24,601318,14:49:50,57.7800,67,1
2026-04-24,601318,14:49:53,57.7800,90,1
2026-04-24,601318,14:49:56,57.7700,1,2
2026-04-24,601318,14:49:59,57.7700,10,2
2026-04-24,601318,14:50:02,57.7700,195,2
2026-04-24,601318,14:50:05,57.8000,526,1
2026-04-24,601318,14:50:08,57.8000,222,1
2026-04-24,601318,14:50:11,57.8000,123,2
2026-04-24,601318,14:50:14,57.8100,27,1
2026-04-24,601318,14:50:17,57.8100,316,1
2026-04-24,601318,14:50:20,57.8000,34,2
2026-04-24,601318,14:50:23,57.8000,122,2
2026-04-24,601318,14:50:26,57.8000,129,2
2026-04-24,601318,14:50:29,57.7900,30,2
2026-04-24,601318,14:50:32,57.8000,75,1
2026-04-24,601318,14:50:35,57.8000,29,2
2026-04-24,601318,14:50:38,57.7900,66,2
2026-04-24,601318,14:50:41,57.8000,9,1
2026-04-24,601318,14:50:44,57.7900,100,2
2026-04-24,601318,14:50:47,57.7900,45,1
2026-04-24,601318,14:50:50,57.8000,5,1
2026-04-24,601318,14:50:53,57.8300,1082,1
2026-04-24,601318,14:50:56,57.8000,19,2
2026-04-24,601318,14:50:59,57.8100,74,2
2026-04-24,601318,14:51:02,57.8100,65,1
2026-04-24,601318,14:51:05,57.7800,145,2
2026-04-24,601318,14:51:08,57.8000,131,1
2026-04-24,601318,14:51:11,57.8000,15,2
2026-04-24,601318,14:51:14,57.7900,152,2
2026-04-24,601318,14:51:17,57.8000,8,1
2026-04-24,601318,14:51:20,57.7900,30,2
2026-04-24,601318,14:51:23,57.7900,47,2
2026-04-24,601318,14:51:26,57.7900,46,2
2026-04-24,601318,14:51:29,57.7900,59,2
2026-04-24,601318,14:51:32,57.7800,251,2
2026-04-24,601318,14:51:35,57.7800,71,2
2026-04-24,601318,14:51:38,57.7800,10,2
2026-04-24,601318,14:51:41,57.7800,80,1
2026-04-24,601318,14:51:44,57.7900,141,1
2026-04-24,601318,14:51:47,57.7800,2,1
2026-04-24,601318,14:51:50,57.7800,7,1
2026-04-24,601318,14:51:53,57.7800,88,1
2026-04-24,601318,14:51:56,57.7800,20,1
2026-04-24,601318,14:51:59,57.7800,134,1
2026-04-24,601318,14:52:02,57.7900,19,1
2026-04-24,601318,14:52:05,57.7900,50,1
2026-04-24,601318,14:52:08,57.7900,108,2
2026-04-24,601318,14:52:11,57.7900,62,4
2026-04-24,601318,14:52:14,57.7900,32,2
2026-04-24,601318,14:52:17,57.8000,151,1
2026-04-24,601318,14:52:20,57.8000,3,1
2026-04-24,601318,14:52:23,57.8000,29,1
2026-04-24,601318,14:52:26,57.7800,46,2
2026-04-24,601318,14:52:29,57.8000,54,1
2026-04-24,601318,14:52:32,57.7900,71,2
2026-04-24,601318,14:52:35,57.7900,3,2
2026-04-24,601318,14:52:38,57.7800,103,2
2026-04-24,601318,14:52:41,57.7800,43,2
2026-04-24,601318,14:52:44,57.7800,80,2
2026-04-24,601318,14:52:47,57.7800,101,2
2026-04-24,601318,14:52:50,57.7800,23,2
2026-04-24,601318,14:52:53,57.7800,24,2
2026-04-24,601318,14:52:56,57.7800,37,2
2026-04-24,601318,14:52:59,57.7800,28,1
2026-04-24,601318,14:53:02,57.7900,64,1
2026-04-24,601318,14:53:05,57.7900,22,1
2026-04-24,601318,14:53:08,57.7800,132,2
2026-04-24,601318,14:53:11,57.7800,67,1
2026-04-24,601318,14:53:14,57.7700,101,2
2026-04-24,601318,14:53:17,57.7700,62,2
2026-04-24,601318,14:53:20,57.7600,48,2
2026-04-24,601318,14:53:23,57.7600,202,2
2026-04-24,601318,14:53:26,57.7600,161,2
2026-04-24,601318,14:53:29,57.7600,26,2
2026-04-24,601318,14:53:32,57.7600,30,2
2026-04-24,601318,14:53:35,57.7600,82,2
2026-04-24,601318,14:53:38,57.7600,67,2
2026-04-24,601318,14:53:41,57.7600,205,1
2026-04-24,601318,14:53:44,57.7500,224,2
2026-04-24,601318,14:53:47,57.7600,170,1
2026-04-24,601318,14:53:50,57.7600,33,1
2026-04-24,601318,14:53:53,57.7400,156,2
2026-04-24,601318,14:53:56,57.7500,50,1
2026-04-24,601318,14:53:59,57.7500,133,1
2026-04-24,601318,14:54:02,57.7500,94,1
2026-04-24,601318,14:54:05,57.7400,109,2
2026-04-24,601318,14:54:08,57.7500,61,1
2026-04-24,601318,14:54:11,57.7500,38,1
2026-04-24,601318,14:54:14,57.7500,89,1
2026-04-24,601318,14:54:17,57.7400,136,2
2026-04-24,601318,14:54:20,57.7400,37,1
2026-04-24,601318,14:54:23,57.7500,160,4
2026-04-24,601318,14:54:26,57.7500,21,1
2026-04-24,601318,14:54:29,57.7500,114,1
2026-04-24,601318,14:54:32,57.7500,38,1
2026-04-24,601318,14:54:35,57.7400,97,2
2026-04-24,601318,14:54:38,57.7500,75,1
2026-04-24,601318,14:54:41,57.7400,61,2
2026-04-24,601318,14:54:44,57.7500,48,4
2026-04-24,601318,14:54:47,57.7500,43,2
2026-04-24,601318,14:54:50,57.7500,43,1
2026-04-24,601318,14:54:53,57.7500,82,1
2026-04-24,601318,14:54:56,57.7500,34,1
2026-04-24,601318,14:54:59,57.7500,126,1
2026-04-24,601318,14:55:02,57.7500,150,1
2026-04-24,601318,14:55:05,57.7500,153,1
2026-04-24,601318,14:55:08,57.7400,101,2
2026-04-24,601318,14:55:11,57.7400,154,2
2026-04-24,601318,14:55:14,57.7500,55,2
2026-04-24,601318,14:55:17,57.7700,108,1
2026-04-24,601318,14:55:20,57.7600,47,1
2026-04-24,601318,14:55:23,57.7600,43,1
2026-04-24,601318,14:55:26,57.7600,54,1
2026-04-24,601318,14:55:29,57.7700,130,1
2026-04-24,601318,14:55:32,57.7600,45,4
2026-04-24,601318,14:55:35,57.7800,128,1
2026-04-24,601318,14:55:38,57.7800,147,1
2026-04-24,601318,14:55:41,57.7800,35,1
2026-04-24,601318,14:55:44,57.7600,48,2
2026-04-24,601318,14:55:47,57.7700,38,4
2026-04-24,601318,14:55:50,57.7800,81,1
2026-04-24,601318,14:55:53,57.7800,70,2
2026-04-24,601318,14:55:56,57.7800,38,1
2026-04-24,601318,14:55:59,57.7800,196,1
2026-04-24,601318,14:56:02,57.7900,192,1
2026-04-24,601318,14:56:05,57.7800,18,4
2026-04-24,601318,14:56:08,57.7700,37,2
2026-04-24,601318,14:56:11,57.7800,25,1
2026-04-24,601318,14:56:14,57.7900,48,1
2026-04-24,601318,14:56:17,57.7800,276,2
2026-04-24,601318,14:56:20,57.7700,141,2
2026-04-24,601318,14:56:23,57.7900,71,1
2026-04-24,601318,14:56:26,57.7800,57,2
2026-04-24,601318,14:56:29,57.7900,39,1
2026-04-24,601318,14:56:32,57.7800,110,2
2026-04-24,601318,14:56:35,57.7800,35,2
2026-04-24,601318,14:56:38,57.7700,42,2
2026-04-24,601318,14:56:41,57.7800,27,1
2026-04-24,601318,14:56:44,57.7900,34,1
2026-04-24,601318,14:56:47,57.7900,121,1
2026-04-24,601318,14:56:50,57.8000,48,1
2026-04-24,601318,14:56:53,57.8000,193,1
2026-04-24,601318,14:56:56,57.7900,117,2
2026-04-24,601318,14:56:59,57.8100,9,4
2026-04-24,601318,15:00:02,57.7800,5617,4
2026-04-24,601318,13:15:59,57.5800,35,2
2026-04-24,601318,13:16:02,57.5800,39,2
2026-04-24,601318,13:16:05,57.5900,173,1
2026-04-24,601318,13:16:08,57.6000,21,1
2026-04-24,601318,13:16:11,57.5900,4,2
2026-04-24,601318,13:16:14,57.6000,12,1
2026-04-24,601318,13:16:17,57.5900,37,2
2026-04-24,601318,13:16:20,57.5900,2,2
2026-04-24,601318,13:16:23,57.5900,34,2
2026-04-24,601318,13:16:26,57.5900,41,1
2026-04-24,601318,13:16:29,57.5900,72,2
2026-04-24,601318,13:16:32,57.5900,32,1
2026-04-24,601318,13:16:35,57.5900,93,2
2026-04-24,601318,13:16:38,57.5900,10,2
2026-04-24,601318,13:16:41,57.5800,3,2
2026-04-24,601318,13:16:44,57.5900,15,1
2026-04-24,601318,13:16:47,57.5900,117,1
2026-04-24,601318,13:16:50,57.5900,13,1
2026-04-24,601318,13:16:53,57.6000,27,1
2026-04-24,601318,13:16:56,57.5900,284,2
2026-04-24,601318,13:16:59,57.5900,15,1
2026-04-24,601318,13:17:02,57.5900,17,4
2026-04-24,601318,13:17:05,57.5900,91,1
2026-04-24,601318,13:17:08,57.5800,81,2
2026-04-24,601318,13:17:11,57.5700,192,2
2026-04-24,601318,13:17:14,57.5700,64,1
2026-04-24,601318,13:17:17,57.5500,288,2
2026-04-24,601318,13:17:20,57.5500,17,2
2026-04-24,601318,13:17:23,57.5200,309,2
2026-04-24,601318,13:17:26,57.5200,20,2
2026-04-24,601318,13:17:29,57.5400,211,1
2026-04-24,601318,13:17:32,57.5400,93,2
2026-04-24,601318,13:17:35,57.5300,114,2
2026-04-24,601318,13:17:38,57.5000,2311,2
2026-04-24,601318,13:17:41,57.5000,183,1
2026-04-24,601318,13:17:44,57.4900,44,2
2026-04-24,601318,13:17:47,57.4900,132,2
2026-04-24,601318,13:17:50,57.5000,33,1
2026-04-24,601318,13:17:53,57.5000,35,1
2026-04-24,601318,13:17:56,57.4900,85,2
2026-04-24,601318,13:17:59,57.4800,20,2
2026-04-24,601318,13:18:05,57.4900,70,2
2026-04-24,601318,13:18:08,57.4900,35,1
2026-04-24,601318,13:18:11,57.4800,24,2
2026-04-24,601318,13:18:14,57.4900,161,1
2026-04-24,601318,13:18:17,57.4800,64,2
2026-04-24,601318,13:18:20,57.4900,188,1
2026-04-24,601318,13:18:23,57.4900,92,1
2026-04-24,601318,13:18:29,57.4900,62,2
2026-04-24,601318,13:18:32,57.4900,105,2
2026-04-24,601318,13:18:35,57.4900,37,2
2026-04-24,601318,13:18:38,57.4900,13,2
2026-04-24,601318,13:18:41,57.5000,4,1
2026-04-24,601318,13:18:44,57.4900,13,2
2026-04-24,601318,13:18:47,57.5000,115,1
2026-04-24,601318,13:18:50,57.5000,12,1
2026-04-24,601318,13:18:53,57.5000,1,1
2026-04-24,601318,13:18:56,57.5000,87,1
2026-04-24,601318,13:18:59,57.4900,6,2
2026-04-24,601318,13:19:02,57.4900,14,2
2026-04-24,601318,13:19:05,57.4900,114,2
2026-04-24,601318,13:19:08,57.4900,335,2
2026-04-24,601318,13:19:11,57.4900,36,2
2026-04-24,601318,13:19:14,57.4900,14,2
2026-04-24,601318,13:19:17,57.4900,97,2
2026-04-24,601318,13:19:20,57.4800,66,2
2026-04-24,601318,13:19:23,57.4900,30,1
2026-04-24,601318,13:19:26,57.4900,128,1
2026-04-24,601318,13:19:29,57.4800,19,2
2026-04-24,601318,13:19:32,57.4800,37,2
2026-04-24,601318,13:19:35,57.4900,97,1
2026-04-24,601318,13:19:38,57.4900,7,1
2026-04-24,601318,13:19:41,57.4800,18,2
2026-04-24,601318,13:19:44,57.4800,40,2
2026-04-24,601318,13:19:47,57.4800,21,2
2026-04-24,601318,13:19:50,57.4900,34,1
2026-04-24,601318,13:19:53,57.4800,83,2
2026-04-24,601318,13:19:56,57.4700,1,2
2026-04-24,601318,13:19:59,57.4700,81,2
2026-04-24,601318,13:20:02,57.4800,17,1
2026-04-24,601318,13:20:05,57.4800,177,1
2026-04-24,601318,13:20:08,57.4800,1,1
2026-04-24,601318,13:20:11,57.4700,48,2
2026-04-24,601318,13:20:14,57.4700,7,2
2026-04-24,601318,13:20:17,57.4600,583,2
2026-04-24,601318,13:20:20,57.4700,145,1
2026-04-24,601318,13:20:23,57.4600,49,2
2026-04-24,601318,13:20:26,57.4600,180,2
2026-04-24,601318,13:20:29,57.4500,49,2
2026-04-24,601318,13:20:32,57.4500,4,2
2026-04-24,601318,13:20:35,57.4600,182,1
2026-04-24,601318,13:20:38,57.4500,8,2
2026-04-24,601318,13:20:44,57.4500,117,2
2026-04-24,601318,13:20:47,57.4500,112,2
2026-04-24,601318,13:20:50,57.4500,54,4
2026-04-24,601318,13:20:53,57.4400,6,2
2026-04-24,601318,13:20:56,57.4500,162,4
2026-04-24,601318,13:20:59,57.4400,5,2
2026-04-24,601318,13:21:02,57.4500,82,1
2026-04-24,601318,13:21:05,57.4500,39,1
2026-04-24,601318,13:21:08,57.4500,55,1
2026-04-24,601318,13:21:11,57.4500,46,1
2026-04-24,601318,13:21:14,57.4300,156,2
2026-04-24,601318,13:21:17,57.4400,18,1
2026-04-24,601318,13:21:20,57.4300,255,2
2026-04-24,601318,13:21:23,57.4400,109,1
2026-04-24,601318,13:21:26,57.4300,35,2
2026-04-24,601318,13:21:29,57.4400,35,1
2026-04-24,601318,13:21:32,57.4300,58,2
2026-04-24,601318,13:21:35,57.4400,15,2
2026-04-24,601318,13:21:38,57.4400,19,2
2026-04-24,601318,13:21:41,57.4400,204,2
2026-04-24,601318,13:21:44,57.4400,12,4
2026-04-24,601318,13:21:47,57.4400,43,1
2026-04-24,601318,13:21:50,57.4400,50,1
2026-04-24,601318,13:21:53,57.4500,100,1
2026-04-24,601318,13:21:56,57.4500,18,2
2026-04-24,601318,13:21:59,57.4500,7,2
2026-04-24,601318,13:22:02,57.4500,66,2
2026-04-24,601318,13:22:05,57.4500,319,2
2026-04-24,601318,13:22:08,57.4600,14,4
2026-04-24,601318,13:22:11,57.4500,16,2
2026-04-24,601318,13:22:14,57.4500,27,1
2026-04-24,601318,13:22:17,57.4500,47,2
2026-04-24,601318,13:22:20,57.4600,28,1
2026-04-24,601318,13:22:23,57.4600,62,1
2026-04-24,601318,13:22:26,57.4600,112,1
2026-04-24,601318,13:22:29,57.4600,176,1
2026-04-24,601318,13:22:32,57.4600,163,2
2026-04-24,601318,13:22:35,57.4600,117,2
2026-04-24,601318,13:22:38,57.4700,39,4
2026-04-24,601318,13:22:41,57.4700,23,4
2026-04-24,601318,13:22:44,57.4600,37,2
2026-04-24,601318,13:22:47,57.4700,57,4
2026-04-24,601318,13:22:50,57.4700,18,1
2026-04-24,601318,13:22:53,57.4600,9,2
2026-04-24,601318,13:22:56,57.4600,47,2
2026-04-24,601318,13:22:59,57.4600,33,1
2026-04-24,601318,13:23:02,57.4600,7,1
2026-04-24,601318,13:23:05,57.4500,135,2
2026-04-24,601318,13:23:08,57.4600,90,4
2026-04-24,601318,13:23:11,57.4600,6,2
2026-04-24,601318,13:23:14,57.4700,1,1
2026-04-24,601318,13:23:17,57.4600,75,2
2026-04-24,601318,13:23:20,57.4600,51,2
2026-04-24,601318,13:23:23,57.4600,19,2
2026-04-24,601318,13:23:26,57.4600,51,2
2026-04-24,601318,13:23:29,57.4600,33,2
2026-04-24,601318,13:23:32,57.4700,200,1
2026-04-24,601318,13:23:35,57.4700,3,1
2026-04-24,601318,13:23:38,57.4700,912,1
2026-04-24,601318,13:23:41,57.4700,8,1
2026-04-24,601318,13:23:44,57.4700,96,1
2026-04-24,601318,13:23:47,57.4700,99,1
2026-04-24,601318,13:23:50,57.4700,2,1
2026-04-24,601318,13:23:53,57.4700,41,1
2026-04-24,601318,13:23:56,57.4700,142,2
2026-04-24,601318,13:23:59,57.4700,144,2
2026-04-24,601318,13:24:02,57.4600,12,2
2026-04-24,601318,13:24:05,57.4700,40,1
2026-04-24,601318,13:24:08,57.4700,18,1
2026-04-24,601318,13:24:11,57.4700,17,1
2026-04-24,601318,13:24:14,57.4900,1291,1
2026-04-24,601318,13:24:17,57.4900,196,2
2026-04-24,601318,13:24:20,57.4800,1,2
2026-04-24,601318,13:24:23,57.5200,3,1
2026-04-24,601318,13:24:26,57.4800,6,2
2026-04-24,601318,13:24:29,57.5000,14,1
2026-04-24,601318,13:24:32,57.5000,31,1
2026-04-24,601318,13:24:35,57.4800,95,2
2026-04-24,601318,13:24:38,57.5000,74,1
2026-04-24,601318,13:24:41,57.4900,22,2
2026-04-24,601318,13:24:44,57.4900,17,1
2026-04-24,601318,13:24:47,57.5000,81,1
2026-04-24,601318,13:24:50,57.5100,2,1
2026-04-24,601318,13:24:53,57.5000,18,2
2026-04-24,601318,13:24:56,57.4900,100,2
2026-04-24,601318,13:24:59,57.5000,8,1
2026-04-24,601318,13:25:02,57.5000,34,1
2026-04-24,601318,13:25:05,57.5000,19,1
2026-04-24,601318,13:25:08,57.5000,39,2
2026-04-24,601318,13:25:11,57.5000,1,2
2026-04-24,601318,13:25:14,57.5000,6,2
2026-04-24,601318,13:25:17,57.5000,238,2
2026-04-24,601318,13:25:20,57.5000,110,2
2026-04-24,601318,13:25:23,57.5100,47,1
2026-04-24,601318,13:25:26,57.5000,118,2
2026-04-24,601318,13:25:29,57.5100,39,4
2026-04-24,601318,13:25:32,57.5100,3,1
2026-04-24,601318,13:25:35,57.5000,5,2
2026-04-24,601318,13:25:38,57.5100,202,1
2026-04-24,601318,13:25:41,57.5100,16,1
2026-04-24,601318,13:25:44,57.5000,138,2
2026-04-24,601318,13:25:47,57.5000,120,2
2026-04-24,601318,13:25:50,57.5000,7,2
2026-04-24,601318,13:25:53,57.5100,52,1
2026-04-24,601318,13:25:56,57.5100,3,2
2026-04-24,601318,13:25:59,57.5100,10,2
2026-04-24,601318,13:26:02,57.5100,22,1
2026-04-24,601318,13:26:05,57.5200,33,1
2026-04-24,601318,13:26:08,57.5100,81,2
2026-04-24,601318,13:26:11,57.5100,32,2
2026-04-24,601318,13:26:14,57.5100,30,4
2026-04-24,601318,13:26:17,57.5100,143,1
2026-04-24,601318,13:26:20,57.5100,1,1
2026-04-24,601318,13:26:23,57.5100,29,1
2026-04-24,601318,13:26:26,57.5000,68,4
2026-04-24,601318,13:26:29,57.5000,15,1
2026-04-24,601318,13:26:32,57.5000,43,1
2026-04-24,601318,13:26:35,57.5000,42,1
2026-04-24,601318,13:26:38,57.5000,117,1
2026-04-24,601318,13:26:41,57.5000,39,2
2026-04-24,601318,13:26:44,57.5100,10,1
2026-04-24,601318,13:26:47,57.5100,32,1
2026-04-24,601318,13:26:50,57.5100,1,1
2026-04-24,601318,13:26:56,57.5000,37,2
2026-04-24,601318,13:26:59,57.5100,37,1
2026-04-24,601318,13:27:02,57.5000,7,1
2026-04-24,601318,13:27:05,57.5000,541,1
2026-04-24,601318,13:27:08,57.4700,569,4
2026-04-24,601318,13:27:11,57.4700,17,1
2026-04-24,601318,13:27:14,57.4300,191,2
2026-04-24,601318,13:27:17,57.4000,1271,2
2026-04-24,601318,13:27:20,57.4000,282,1
2026-04-24,601318,13:27:23,57.3900,17,1
2026-04-24,601318,13:27:26,57.3900,76,1
2026-04-24,601318,13:27:29,57.3800,25,2
2026-04-24,601318,13:27:32,57.3800,70,2
2026-04-24,601318,13:27:35,57.3800,59,2
2026-04-24,601318,13:27:38,57.3800,25,1
2026-04-24,601318,13:27:41,57.3800,68,1
2026-04-24,601318,13:27:44,57.3900,46,1
2026-04-24,601318,13:27:47,57.4000,151,1
2026-04-24,601318,13:27:50,57.4000,62,1
2026-04-24,601318,13:27:53,57.4000,183,1
2026-04-24,601318,13:27:56,57.4000,35,1
2026-04-24,601318,13:27:59,57.4000,103,1
2026-04-24,601318,13:28:02,57.3900,78,2
2026-04-24,601318,13:28:05,57.4000,17,1
2026-04-24,601318,13:28:08,57.3900,52,2
2026-04-24,601318,13:28:11,57.4000,28,1
2026-04-24,601318,13:28:14,57.3900,50,2
2026-04-24,601318,13:28:17,57.3900,119,2
2026-04-24,601318,13:28:20,57.4000,338,1
2026-04-24,601318,13:28:23,57.4100,163,1
2026-04-24,601318,13:28:26,57.4000,46,2
2026-04-24,601318,13:28:29,57.4000,45,1
2026-04-24,601318,13:28:32,57.4000,38,1
2026-04-24,601318,13:28:35,57.4000,13,2
2026-04-24,601318,13:28:38,57.4000,132,2
2026-04-24,601318,13:28:41,57.4100,52,1
2026-04-24,601318,13:28:44,57.4000,8,2
2026-04-24,601318,13:28:47,57.4100,216,1
2026-04-24,601318,13:28:50,57.4000,44,2
2026-04-24,601318,13:28:53,57.4000,149,2
2026-04-24,601318,13:28:56,57.4000,68,1
2026-04-24,601318,13:28:59,57.3900,14,2
2026-04-24,601318,13:29:02,57.4000,112,1
2026-04-24,601318,13:29:05,57.4000,70,2
2026-04-24,601318,13:29:08,57.3900,191,2
2026-04-24,601318,13:29:11,57.4000,99,1
2026-04-24,601318,13:29:14,57.4000,52,1
2026-04-24,601318,13:29:17,57.4000,146,1
2026-04-24,601318,13:29:20,57.4000,21,2
2026-04-24,601318,13:29:23,57.4000,24,2
2026-04-24,601318,13:29:26,57.4000,77,2
2026-04-24,601318,13:29:29,57.4000,102,2
2026-04-24,601318,13:29:32,57.4000,15,1
2026-04-24,601318,13:29:35,57.4000,39,1
2026-04-24,601318,13:29:38,57.4000,154,1
2026-04-24,601318,13:29:41,57.4000,45,1
2026-04-24,601318,13:29:44,57.4000,28,2
2026-04-24,601318,13:29:47,57.4000,40,2
2026-04-24,601318,13:29:50,57.4100,5,1
2026-04-24,601318,13:29:53,57.4000,82,2
2026-04-24,601318,13:29:56,57.4000,53,2
2026-04-24,601318,13:29:59,57.4000,25,1
2026-04-24,601318,13:30:02,57.4000,25,2
2026-04-24,601318,13:30:05,57.4000,22,2
2026-04-24,601318,13:30:08,57.4100,92,1
2026-04-24,601318,13:30:11,57.4100,11,1
2026-04-24,601318,13:30:14,57.4000,2,2
2026-04-24,601318,13:30:17,57.4100,25,1
2026-04-24,601318,13:30:20,57.4000,36,2
2026-04-24,601318,13:30:23,57.4000,28,1
2026-04-24,601318,13:30:26,57.3900,156,2
2026-04-24,601318,13:30:29,57.3900,22,2
2026-04-24,601318,13:30:32,57.4000,8,2
2026-04-24,601318,13:30:35,57.4000,71,1
2026-04-24,601318,13:30:38,57.4100,7,2
2026-04-24,601318,13:30:41,57.4000,82,2
2026-04-24,601318,13:30:44,57.4100,15,1
2026-04-24,601318,13:30:47,57.4000,44,2
2026-04-24,601318,13:30:50,57.4000,5,1
2026-04-24,601318,13:30:53,57.4000,20,1
2026-04-24,601318,13:30:56,57.4100,63,1
2026-04-24,601318,13:30:59,57.4000,14,2
2026-04-24,601318,13:31:02,57.4100,3,1
2026-04-24,601318,13:31:05,57.4100,1,1
2026-04-24,601318,13:31:08,57.4000,132,2
2026-04-24,601318,13:31:11,57.4100,39,1
2026-04-24,601318,13:31:14,57.4100,30,1
2026-04-24,601318,13:31:17,57.4100,142,2
2026-04-24,601318,13:31:20,57.4100,97,2
2026-04-24,601318,13:31:23,57.4100,21,1
2026-04-24,601318,13:31:26,57.4100,103,1
2026-04-24,601318,13:31:29,57.4000,42,2
2026-04-24,601318,13:31:32,57.4100,34,1
2026-04-24,601318,13:31:35,57.4000,7,2
2026-04-24,601318,13:31:38,57.4000,12,2
2026-04-24,601318,13:31:41,57.4100,12,1
2026-04-24,601318,13:31:44,57.4100,157,1
2026-04-24,601318,13:31:47,57.4000,47,2
2026-04-24,601318,13:31:50,57.4000,73,1
2026-04-24,601318,13:31:53,57.4100,70,1
2026-04-24,601318,13:31:56,57.4100,1,1
2026-04-24,601318,13:31:59,57.4000,10,2
2026-04-24,601318,13:32:02,57.4000,24,2
2026-04-24,601318,13:32:05,57.4000,40,2
2026-04-24,601318,13:32:08,57.4000,14,1
2026-04-24,601318,13:32:11,57.4000,30,1
2026-04-24,601318,13:32:14,57.3900,26,2
2026-04-24,601318,13:32:17,57.4000,7,1
2026-04-24,601318,13:32:20,57.4000,12,4
2026-04-24,601318,13:32:23,57.4000,20,1
2026-04-24,601318,13:32:26,57.4000,24,1
2026-04-24,601318,13:32:29,57.4000,57,1
2026-04-24,601318,13:32:32,57.4100,62,1
2026-04-24,601318,13:32:35,57.3900,20,2
2026-04-24,601318,13:32:38,57.4000,6,1
2026-04-24,601318,13:32:41,57.4000,145,2
2026-04-24,601318,13:32:44,57.4100,34,1
2026-04-24,601318,13:32:47,57.4000,41,2
2026-04-24,601318,13:32:50,57.4000,7,2
2026-04-24,601318,13:32:53,57.4100,52,1
2026-04-24,601318,13:32:56,57.4100,9,2
2026-04-24,601318,13:32:59,57.4100,7,2
2026-04-24,601318,13:33:02,57.4200,43,1
2026-04-24,601318,13:33:08,57.4100,65,1
2026-04-24,601318,13:33:11,57.4100,37,1
2026-04-24,601318,13:33:14,57.4100,8,1
2026-04-24,601318,13:33:17,57.4000,39,2
2026-04-24,601318,13:33:20,57.4100,12,1
2026-04-24,601318,13:33:23,57.4100,13,1
2026-04-24,601318,13:33:26,57.4100,6,1
2026-04-24,601318,13:33:29,57.4000,202,2
2026-04-24,601318,13:33:32,57.4000,33,4
2026-04-24,601318,13:33:35,57.4000,237,1
2026-04-24,601318,13:33:38,57.4100,28,1
2026-04-24,601318,13:33:41,57.4100,94,1
2026-04-24,601318,13:33:44,57.4100,7,1
2026-04-24,601318,13:33:47,57.4100,111,1
2026-04-24,601318,13:33:50,57.4300,634,1
2026-04-24,601318,13:33:53,57.4500,399,1
2026-04-24,601318,13:33:56,57.4600,2,1
2026-04-24,601318,13:33:59,57.4600,121,1
2026-04-24,601318,13:34:02,57.4700,3,1
2026-04-24,601318,13:34:05,57.4600,6,2
2026-04-24,601318,13:34:08,57.4600,76,2
2026-04-24,601318,13:34:11,57.4600,36,2
2026-04-24,601318,13:34:14,57.4500,11,2
2026-04-24,601318,13:34:17,57.4500,14,1
2026-04-24,601318,13:34:20,57.4400,121,2
2026-04-24,601318,13:34:23,57.4300,24,2
2026-04-24,601318,13:34:26,57.4400,50,1
2026-04-24,601318,13:34:29,57.4300,16,2
2026-04-24,601318,13:34:32,57.4300,54,1
2026-04-24,601318,13:34:35,57.4300,19,1
2026-04-24,601318,13:34:38,57.4400,23,1
2026-04-24,601318,13:34:41,57.4400,22,2
2026-04-24,601318,13:34:44,57.4300,11,2
2026-04-24,601318,13:34:47,57.4400,1,2
2026-04-24,601318,13:34:50,57.4400,63,2
2026-04-24,601318,13:34:53,57.4700,126,1
2026-04-24,601318,13:34:56,57.5000,455,1
2026-04-24,601318,13:34:59,57.5000,99,1
2026-04-24,601318,13:35:02,57.5000,7,2
2026-04-24,601318,13:35:05,57.5000,73,2
2026-04-24,601318,13:35:08,57.5100,26,2
2026-04-24,601318,13:35:11,57.5100,73,2
2026-04-24,601318,13:35:14,57.5100,71,2
2026-04-24,601318,13:35:17,57.5200,12,1
2026-04-24,601318,13:35:20,57.5200,132,1
2026-04-24,601318,13:35:23,57.5200,33,1
2026-04-24,601318,13:35:26,57.5200,1255,1
2026-04-24,601318,13:35:29,57.5200,156,2
2026-04-24,601318,13:35:32,57.5500,10,1
2026-04-24,601318,13:35:35,57.5400,19,2
2026-04-24,601318,13:35:41,57.5300,65,2
2026-04-24,601318,13:35:44,57.5400,20,1
2026-04-24,601318,13:35:47,57.5400,2,1
2026-04-24,601318,13:35:50,57.5300,13,2
2026-04-24,601318,13:35:53,57.5400,28,1
2026-04-24,601318,13:35:56,57.5400,2,1
2026-04-24,601318,13:35:59,57.5300,3,2
2026-04-24,601318,13:36:05,57.5400,2,1
2026-04-24,601318,13:36:08,57.5400,56,1
2026-04-24,601318,13:36:11,57.5400,57,1
2026-04-24,601318,13:36:14,57.5300,26,2
2026-04-24,601318,13:36:17,57.5300,35,2
2026-04-24,601318,13:36:20,57.5300,72,2
2026-04-24,601318,13:36:23,57.5300,54,2
2026-04-24,601318,13:36:26,57.5300,19,1
2026-04-24,601318,13:36:29,57.5300,39,1
2026-04-24,601318,13:36:32,57.5300,6,1
2026-04-24,601318,13:36:35,57.5300,9,1
2026-04-24,601318,13:36:38,57.5200,10,2
2026-04-24,601318,13:36:41,57.5200,4,2
2026-04-24,601318,13:36:44,57.5300,95,1
2026-04-24,601318,13:36:47,57.5300,157,1
2026-04-24,601318,13:36:50,57.5200,50,2
2026-04-24,601318,13:36:53,57.5200,12,1
2026-04-24,601318,13:36:56,57.5200,3,1
2026-04-24,601318,13:36:59,57.5200,89,1
2026-04-24,601318,13:37:02,57.5100,12,2
2026-04-24,601318,13:37:05,57.5100,29,2
2026-04-24,601318,13:37:08,57.5100,41,2
2026-04-24,601318,13:37:11,57.5200,20,1
2026-04-24,601318,13:37:14,57.5100,4,2
2026-04-24,601318,13:37:17,57.5200,3,1
2026-04-24,601318,13:37:20,57.5200,16,1
2026-04-24,601318,13:37:23,57.5100,1,2
2026-04-24,601318,13:37:26,57.5200,89,1
2026-04-24,601318,13:37:29,57.5100,80,2
2026-04-24,601318,13:37:32,57.5200,122,1
2026-04-24,601318,13:37:35,57.5300,66,1
2026-04-24,601318,13:37:38,57.5200,61,4
2026-04-24,601318,13:37:41,57.5200,19,1
2026-04-24,601318,13:37:44,57.5200,21,1
2026-04-24,601318,13:37:47,57.5200,3,1
2026-04-24,601318,13:37:50,57.5200,115,1
2026-04-24,601318,13:37:53,57.5000,69,2
2026-04-24,601318,13:37:56,57.5200,15,1
2026-04-24,601318,13:37:59,57.5200,92,1
2026-04-24,601318,13:38:02,57.5200,3,2
2026-04-24,601318,13:38:05,57.5200,4,1
2026-04-24,601318,13:38:08,57.5100,37,2
2026-04-24,601318,13:38:11,57.5200,78,1
2026-04-24,601318,13:38:14,57.5200,81,1
2026-04-24,601318,13:38:17,57.5200,6,2
2026-04-24,601318,13:38:20,57.5300,16,1
2026-04-24,601318,13:38:23,57.5200,7,2
2026-04-24,601318,13:38:26,57.5200,10,2
2026-04-24,601318,13:38:29,57.5100,55,2
2026-04-24,601318,13:38:32,57.5100,12,2
2026-04-24,601318,13:38:35,57.5300,2,1
2026-04-24,601318,13:38:38,57.5100,6,2
2026-04-24,601318,13:38:41,57.5100,12,2
2026-04-24,601318,13:38:44,57.5100,38,2
2026-04-24,601318,13:38:47,57.5100,1,2
2026-04-24,601318,13:38:50,57.5100,97,2
2026-04-24,601318,13:38:53,57.5100,33,2
2026-04-24,601318,13:38:56,57.5100,10,2
2026-04-24,601318,13:38:59,57.5100,8,2
2026-04-24,601318,13:39:02,57.5100,5,1
2026-04-24,601318,13:39:05,57.5200,1,1
2026-04-24,601318,13:39:08,57.5100,23,2
2026-04-24,601318,13:39:11,57.5100,71,2
2026-04-24,601318,13:39:14,57.5200,22,1
2026-04-24,601318,13:39:17,57.5200,21,1
2026-04-24,601318,13:39:20,57.5100,7,2
2026-04-24,601318,13:39:23,57.5200,5,1
2026-04-24,601318,13:39:26,57.5200,13,1
2026-04-24,601318,13:39:29,57.5200,8,1
2026-04-24,601318,13:39:32,57.5100,92,2
2026-04-24,601318,13:39:35,57.5200,17,1
2026-04-24,601318,13:39:38,57.5100,45,2
2026-04-24,601318,13:39:41,57.5100,1,2
2026-04-24,601318,13:39:47,57.5200,1,1
2026-04-24,601318,13:39:50,57.5100,25,2
2026-04-24,601318,13:39:53,57.5200,256,1
2026-04-24,601318,13:39:56,57.5300,4,4
2026-04-24,601318,13:39:59,57.5500,87,1
2026-04-24,601318,13:40:02,57.5600,7,1
2026-04-24,601318,13:40:05,57.5600,11,1
2026-04-24,601318,13:40:08,57.5400,125,2
2026-04-24,601318,13:40:11,57.5400,60,2
2026-04-24,601318,13:40:14,57.5500,168,1
2026-04-24,601318,13:40:17,57.5500,10,2
2026-04-24,601318,13:40:20,57.5500,21,2
2026-04-24,601318,13:40:23,57.5600,36,1
2026-04-24,601318,13:40:26,57.5500,38,2
2026-04-24,601318,13:40:29,57.5500,16,1
2026-04-24,601318,13:40:32,57.5500,6,1
2026-04-24,601318,13:40:35,57.5400,26,2
2026-04-24,601318,13:40:38,57.5400,54,2
2026-04-24,601318,13:40:41,57.5400,65,2
2026-04-24,601318,13:40:44,57.5500,3,1
2026-04-24,601318,13:40:47,57.5500,388,1
2026-04-24,601318,13:40:50,57.5600,8,1
2026-04-24,601318,13:40:53,57.5500,3,2
2026-04-24,601318,13:40:56,57.5500,2,1
2026-04-24,601318,13:40:59,57.5500,20,1
2026-04-24,601318,13:41:02,57.5500,14,2
2026-04-24,601318,13:41:05,57.5600,19,1
2026-04-24,601318,13:41:08,57.5600,95,1
2026-04-24,601318,13:41:11,57.5600,6,1
2026-04-24,601318,13:41:14,57.5600,21,1
2026-04-24,601318,13:41:17,57.5700,9,1
2026-04-24,601318,13:41:20,57.5600,137,2
2026-04-24,601318,13:41:23,57.5700,10,1
2026-04-24,601318,13:41:26,57.5700,16,1
2026-04-24,601318,13:41:29,57.5600,179,2
2026-04-24,601318,13:41:35,57.5600,16,1
2026-04-24,601318,13:41:38,57.5500,80,2
2026-04-24,601318,13:41:41,57.5600,27,1
2026-04-24,601318,13:41:44,57.5600,2,1
2026-04-24,601318,13:41:47,57.5500,18,2
2026-04-24,601318,13:41:50,57.5500,11,2
2026-04-24,601318,13:41:53,57.5500,45,2
2026-04-24,601318,13:41:56,57.5600,2,1
2026-04-24,601318,13:41:59,57.5500,80,2
2026-04-24,601318,13:42:02,57.5600,56,1
2026-04-24,601318,13:42:05,57.5500,36,2
2026-04-24,601318,13:42:08,57.5500,119,2
2026-04-24,601318,13:42:11,57.5400,25,2
2026-04-24,601318,13:42:14,57.5400,83,2
2026-04-24,601318,13:42:20,57.5300,28,2
2026-04-24,601318,13:42:23,57.5300,11,2
2026-04-24,601318,13:42:26,57.5300,4,1
2026-04-24,601318,13:42:29,57.5300,102,1
2026-04-24,601318,13:42:32,57.5400,60,1
2026-04-24,601318,13:42:35,57.5400,181,1
2026-04-24,601318,13:42:38,57.5400,33,2
2026-04-24,601318,13:42:41,57.5400,16,2
2026-04-24,601318,13:42:44,57.5500,29,1
2026-04-24,601318,13:42:47,57.5500,198,2
2026-04-24,601318,13:42:50,57.5500,42,2
2026-04-24,601318,13:42:53,57.5600,7,1
2026-04-24,601318,13:42:56,57.5600,5,1
2026-04-24,601318,13:42:59,57.5500,99,2
2026-04-24,601318,13:43:02,57.5600,6,1
2026-04-24,601318,13:43:05,57.5600,37,1
2026-04-24,601318,13:43:08,57.5600,21,1
2026-04-24,601318,13:43:11,57.5600,60,1
2026-04-24,601318,13:43:14,57.5500,14,2
2026-04-24,601318,13:43:17,57.5600,31,1
2026-04-24,601318,13:43:20,57.5500,35,2
2026-04-24,601318,13:43:23,57.5500,1,2
2026-04-24,601318,13:43:26,57.5500,15,2
2026-04-24,601318,13:43:29,57.5500,23,2
2026-04-24,601318,13:43:32,57.5500,32,1
2026-04-24,601318,13:43:35,57.5500,14,1
2026-04-24,601318,13:43:38,57.5500,44,1
2026-04-24,601318,13:43:41,57.5500,177,1
2026-04-24,601318,13:43:44,57.5500,32,1
2026-04-24,601318,13:43:47,57.5500,41,1
2026-04-24,601318,13:43:50,57.5400,21,2
2026-04-24,601318,13:43:53,57.5600,71,1
2026-04-24,601318,13:43:59,57.5500,63,2
2026-04-24,601318,13:44:02,57.5500,10,2
2026-04-24,601318,13:44:05,57.5600,50,1
2026-04-24,601318,13:44:08,57.5600,9,1
2026-04-24,601318,13:44:11,57.5600,103,1
2026-04-24,601318,13:44:14,57.5600,12,2
2026-04-24,601318,13:44:17,57.5700,1,1
2026-04-24,601318,13:44:20,57.5600,104,2
2026-04-24,601318,13:44:23,57.5700,3,1
2026-04-24,601318,13:44:26,57.5600,9,2
2026-04-24,601318,13:44:29,57.5600,24,2
2026-04-24,601318,13:44:32,57.5600,54,2
2026-04-24,601318,13:44:35,57.5600,5,2
2026-04-24,601318,13:44:38,57.5600,6,2
2026-04-24,601318,13:44:41,57.5700,57,1
2026-04-24,601318,13:44:44,57.5800,37,1
2026-04-24,601318,13:44:47,57.5900,69,1
2026-04-24,601318,13:44:50,57.5900,20,2
2026-04-24,601318,13:44:53,57.5900,4,2
2026-04-24,601318,13:44:56,57.6000,152,1
2026-04-24,601318,13:44:59,57.6000,37,2
2026-04-24,601318,13:45:02,57.6000,60,2
2026-04-24,601318,13:45:05,57.6000,65,2
2026-04-24,601318,13:45:08,57.5900,61,2
2026-04-24,601318,13:45:11,57.5800,30,4
2026-04-24,601318,13:45:14,57.6000,42,1
2026-04-24,601318,13:45:17,57.5800,2,2
2026-04-24,601318,13:45:20,57.5800,9,2
2026-04-24,601318,13:45:23,57.5700,59,2
2026-04-24,601318,13:45:26,57.5800,54,1
2026-04-24,601318,13:45:32,57.5800,7,1
2026-04-24,601318,13:45:35,57.5700,54,2
2026-04-24,601318,13:45:38,57.5800,7,1
2026-04-24,601318,13:45:41,57.5800,50,1
2026-04-24,601318,13:45:44,57.5700,6,2
2026-04-24,601318,13:45:47,57.5700,22,2
2026-04-24,601318,13:45:50,57.5700,9,1
2026-04-24,601318,13:45:56,57.5600,4,2
2026-04-24,601318,13:45:59,57.5600,69,2
2026-04-24,601318,13:46:02,57.5600,42,2
2026-04-24,601318,13:46:05,57.5600,41,2
2026-04-24,601318,13:46:11,57.5700,18,1
2026-04-24,601318,13:46:14,57.5700,18,1
2026-04-24,601318,13:46:17,57.5700,35,1
2026-04-24,601318,13:46:20,57.5700,110,1
2026-04-24,601318,13:46:23,57.5700,204,1
2026-04-24,601318,13:46:26,57.5700,16,2
2026-04-24,601318,13:46:29,57.5700,7,2
2026-04-24,601318,13:46:32,57.5700,13,2
2026-04-24,601318,13:46:35,57.5800,210,1
2026-04-24,601318,13:46:38,57.5900,48,1
2026-04-24,601318,13:46:41,57.5900,29,2
2026-04-24,601318,13:46:44,57.6000,4,1
2026-04-24,601318,13:46:47,57.6000,3,1
2026-04-24,601318,13:46:50,57.5900,146,2
2026-04-24,601318,13:46:53,57.5900,13,1
2026-04-24,601318,13:46:56,57.5800,7,2
2026-04-24,601318,13:46:59,57.5800,35,2
2026-04-24,601318,13:47:02,57.5800,35,2
2026-04-24,601318,13:47:05,57.5800,55,1
2026-04-24,601318,13:47:08,57.5800,9,2
2026-04-24,601318,13:47:11,57.5900,80,1
2026-04-24,601318,13:47:14,57.5800,4,2
2026-04-24,601318,13:47:17,57.6000,214,1
2026-04-24,601318,13:47:20,57.5900,40,2
2026-04-24,601318,13:47:23,57.6100,152,1
2026-04-24,601318,13:47:26,57.6300,139,1
2026-04-24,601318,13:47:29,57.6500,3354,1
2026-04-24,601318,13:47:32,57.6900,4900,1
2026-04-24,601318,13:47:35,57.6900,837,1
2026-04-24,601318,13:47:38,57.6900,14,1
2026-04-24,601318,13:47:41,57.6800,738,4
2026-04-24,601318,13:47:44,57.6500,28,2
2026-04-24,601318,13:47:47,57.6700,37,1
2026-04-24,601318,13:47:50,57.6400,70,2
2026-04-24,601318,13:47:53,57.6600,148,1
2026-04-24,601318,13:47:56,57.6600,8,1
2026-04-24,601318,13:47:59,57.6600,145,1
2026-04-24,601318,13:48:02,57.6700,22,1
2026-04-24,601318,13:48:05,57.6600,14,2
2026-04-24,601318,13:48:08,57.6800,233,1
2026-04-24,601318,13:48:11,57.6700,150,2
2026-04-24,601318,13:48:14,57.6800,21,1
2026-04-24,601318,13:48:17,57.6800,22,1
2026-04-24,601318,13:48:20,57.6800,168,1
2026-04-24,601318,13:48:23,57.6800,58,1
2026-04-24,601318,13:48:26,57.6900,56,1
2026-04-24,601318,13:48:29,57.6900,8,1
2026-04-24,601318,13:48:32,57.6900,15,1
2026-04-24,601318,13:48:35,57.6800,178,2
2026-04-24,601318,13:48:38,57.6900,21,1
2026-04-24,601318,13:48:41,57.6900,120,1
2026-04-24,601318,13:48:44,57.6800,6,1
2026-04-24,601318,13:48:47,57.6800,47,2
2026-04-24,601318,13:48:50,57.6800,3,1
2026-04-24,601318,13:48:53,57.6700,1,2
2026-04-24,601318,13:48:56,57.6800,26,1
2026-04-24,601318,13:48:59,57.6700,2,2
2026-04-24,601318,13:49:02,57.6800,137,1
2026-04-24,601318,13:49:05,57.6800,40,1
2026-04-24,601318,13:49:08,57.6700,24,2
2026-04-24,601318,13:49:11,57.6700,242,2
2026-04-24,601318,13:49:14,57.6700,8,1
2026-04-24,601318,13:49:23,57.6600,38,2
2026-04-24,601318,13:49:26,57.6600,25,2
2026-04-24,601318,13:49:29,57.6600,9,2
2026-04-24,601318,13:49:32,57.6600,124,2
2026-04-24,601318,13:49:35,57.6600,31,2
2026-04-24,601318,13:49:38,57.6600,46,1
2026-04-24,601318,13:49:41,57.6400,4,2
2026-04-24,601318,13:49:44,57.6400,26,2
2026-04-24,601318,13:49:47,57.6400,35,2
2026-04-24,601318,13:49:50,57.6200,164,2
2026-04-24,601318,13:49:53,57.6200,163,1
2026-04-24,601318,13:49:56,57.6300,58,2
2026-04-24,601318,13:49:59,57.6200,40,2
2026-04-24,601318,13:50:02,57.6200,66,2
2026-04-24,601318,13:50:05,57.6300,4,1
2026-04-24,601318,13:50:08,57.6200,38,2
2026-04-24,601318,13:50:11,57.6200,9,1
2026-04-24,601318,13:50:14,57.6200,43,1
2026-04-24,601318,13:50:17,57.6100,33,2
2026-04-24,601318,13:50:20,57.6100,4,2
2026-04-24,601318,13:50:23,57.6100,31,2
2026-04-24,601318,13:50:26,57.6100,60,2
2026-04-24,601318,13:50:29,57.6000,53,2
2026-04-24,601318,13:50:32,57.6000,20,2
2026-04-24,601318,13:50:35,57.6100,31,1
2026-04-24,601318,13:50:38,57.6000,22,2
2026-04-24,601318,13:50:41,57.5900,42,2
2026-04-24,601318,13:50:44,57.6000,5,1
2026-04-24,601318,13:50:47,57.5900,84,2
2026-04-24,601318,13:50:50,57.6000,21,1
2026-04-24,601318,13:50:53,57.6000,11,1
2026-04-24,601318,13:50:56,57.6000,31,1
2026-04-24,601318,13:50:59,57.5900,26,2
2026-04-24,601318,13:51:02,57.5900,24,1
2026-04-24,601318,13:51:05,57.6100,313,1
2026-04-24,601318,13:51:08,57.6200,141,1
2026-04-24,601318,13:51:11,57.6200,75,1
2026-04-24,601318,13:51:14,57.6100,16,2
2026-04-24,601318,13:51:17,57.6300,220,1
2026-04-24,601318,13:51:20,57.6300,55,1
2026-04-24,601318,13:51:23,57.6200,3,2
2026-04-24,601318,13:51:26,57.6300,3,1
2026-04-24,601318,13:51:29,57.6300,40,1
2026-04-24,601318,13:51:32,57.6400,24,1
2026-04-24,601318,13:51:35,57.6400,1,1
2026-04-24,601318,13:51:38,57.6400,2,1
2026-04-24,601318,13:51:41,57.6300,35,2
2026-04-24,601318,13:51:44,57.6400,31,1
2026-04-24,601318,13:51:47,57.6400,78,1
2026-04-24,601318,13:51:50,57.6400,162,1
2026-04-24,601318,13:51:53,57.6300,14,2
2026-04-24,601318,13:51:56,57.6300,8,1
2026-04-24,601318,13:51:59,57.6300,20,2
2026-04-24,601318,13:52:02,57.6300,2,1
2026-04-24,601318,13:52:05,57.6200,11,2
2026-04-24,601318,13:52:08,57.6200,3,2
2026-04-24,601318,13:52:11,57.6200,3,2
2026-04-24,601318,13:52:14,57.6200,72,2
2026-04-24,601318,13:52:17,57.6200,112,2
2026-04-24,601318,13:52:20,57.6200,8,1
2026-04-24,601318,13:52:23,57.6100,60,2
2026-04-24,601318,13:52:26,57.6000,1,2
2026-04-24,601318,13:52:29,57.6000,26,2
2026-04-24,601318,13:52:32,57.6000,38,2
2026-04-24,601318,13:52:35,57.6100,48,1
2026-04-24,601318,13:52:38,57.6100,2,1
2026-04-24,601318,13:52:41,57.6000,76,2
2026-04-24,601318,13:52:44,57.6100,42,1
2026-04-24,601318,13:52:47,57.6100,13,1
2026-04-24,601318,13:52:50,57.6100,89,1
2026-04-24,601318,13:52:53,57.6000,2,2
2026-04-24,601318,13:52:56,57.6100,78,1
2026-04-24,601318,13:52:59,57.6100,7,1
2026-04-24,601318,13:53:02,57.6000,19,2
2026-04-24,601318,13:53:05,57.6100,5,1
2026-04-24,601318,13:53:08,57.6100,3,1
2026-04-24,601318,13:53:11,57.6000,91,2
2026-04-24,601318,13:53:14,57.6000,41,1
2026-04-24,601318,13:53:17,57.5900,26,2
2026-04-24,601318,13:53:20,57.5900,83,2
2026-04-24,601318,13:53:23,57.5900,73,2
2026-04-24,601318,13:53:26,57.5900,6,1
2026-04-24,601318,13:53:29,57.5800,41,2
2026-04-24,601318,13:53:32,57.5800,68,2
2026-04-24,601318,13:53:35,57.5800,21,2
2026-04-24,601318,13:53:38,57.5700,62,2
2026-04-24,601318,13:53:41,57.5700,83,2
2026-04-24,601318,13:53:44,57.5900,187,1
2026-04-24,601318,13:53:47,57.6000,204,1
2026-04-24,601318,13:53:50,57.5900,22,2
2026-04-24,601318,13:53:53,57.6000,4,1
2026-04-24,601318,13:53:56,57.6000,11,1
2026-04-24,601318,13:53:59,57.6000,5,1
2026-04-24,601318,13:54:02,57.5900,96,2
2026-04-24,601318,13:54:05,57.5900,5,1
2026-04-24,601318,13:54:08,57.5800,33,2
2026-04-24,601318,13:54:11,57.6000,133,1
2026-04-24,601318,13:54:14,57.5900,7,2
2026-04-24,601318,13:54:17,57.5900,37,2
2026-04-24,601318,13:54:20,57.6000,27,1
2026-04-24,601318,13:54:23,57.5900,14,1
2026-04-24,601318,13:54:26,57.6000,3,1
2026-04-24,601318,13:54:29,57.5900,1,2
2026-04-24,601318,13:54:32,57.5900,27,2
2026-04-24,601318,13:54:38,57.6000,61,1
2026-04-24,601318,13:54:41,57.5900,25,2
2026-04-24,601318,13:54:47,57.6000,4,1
2026-04-24,601318,13:54:50,57.5900,321,2
2026-04-24,601318,13:54:53,57.5900,15,1
2026-04-24,601318,13:54:56,57.5900,13,1
2026-04-24,601318,13:54:59,57.5900,31,2
2026-04-24,601318,13:55:02,57.5900,22,2
2026-04-24,601318,13:55:05,57.6000,6,1
2026-04-24,601318,13:55:08,57.6000,283,1
2026-04-24,601318,13:55:11,57.5900,21,4
2026-04-24,601318,13:55:14,57.5900,125,1
2026-04-24,601318,13:55:17,57.5900,59,1
2026-04-24,601318,13:55:20,57.5900,66,2
2026-04-24,601318,13:55:23,57.6000,8,1
2026-04-24,601318,13:55:26,57.6000,36,1
2026-04-24,601318,13:55:29,57.6000,34,1
2026-04-24,601318,13:55:32,57.5900,54,2
2026-04-24,601318,13:55:35,57.5900,16,2
2026-04-24,601318,13:55:38,57.5900,56,2
2026-04-24,601318,13:55:41,57.6000,59,1
2026-04-24,601318,13:55:44,57.5900,9,4
2026-04-24,601318,13:55:47,57.5900,16,1
2026-04-24,601318,13:55:50,57.5900,8,1
2026-04-24,601318,13:55:53,57.5900,17,1
2026-04-24,601318,13:55:56,57.5900,14,1
2026-04-24,601318,13:55:59,57.5900,2,1
2026-04-24,601318,13:56:02,57.5900,63,1
2026-04-24,601318,13:56:05,57.6000,219,1
2026-04-24,601318,13:56:08,57.5900,10,2
2026-04-24,601318,13:56:11,57.6000,477,1
2026-04-24,601318,13:56:14,57.6300,92,1
2026-04-24,601318,13:56:17,57.6300,18,2
2026-04-24,601318,13:56:20,57.6600,270,1
2026-04-24,601318,13:56:23,57.6600,2,2
2026-04-24,601318,13:56:26,57.6600,19,2
2026-04-24,601318,13:56:29,57.6600,13,2
2026-04-24,601318,13:56:32,57.6700,95,1
2026-04-24,601318,13:56:35,57.6800,35,1
2026-04-24,601318,13:56:38,57.6700,44,2
2026-04-24,601318,13:56:41,57.6700,1,2
2026-04-24,601318,13:56:44,57.6800,31,1
2026-04-24,601318,13:56:47,57.6800,16,1
2026-04-24,601318,13:56:50,57.6700,15,2
2026-04-24,601318,13:56:53,57.6800,89,1
2026-04-24,601318,13:56:56,57.6800,25,2
2026-04-24,601318,13:56:59,57.6900,856,1
2026-04-24,601318,13:57:02,57.7100,177,1
2026-04-24,601318,13:57:05,57.7100,49,2
2026-04-24,601318,13:57:08,57.7200,8,1
2026-04-24,601318,13:57:11,57.7100,141,2
2026-04-24,601318,13:57:14,57.7000,55,2
2026-04-24,601318,13:57:17,57.7100,29,4
2026-04-24,601318,13:57:20,57.7100,33,1
2026-04-24,601318,13:57:23,57.7100,54,1
2026-04-24,601318,13:57:26,57.7100,66,1
2026-04-24,601318,13:57:29,57.7100,35,2
2026-04-24,601318,13:57:32,57.7000,126,2
2026-04-24,601318,13:57:35,57.7000,21,2
2026-04-24,601318,13:57:38,57.7200,1867,1
2026-04-24,601318,13:57:41,57.7300,52,2
2026-04-24,601318,13:57:44,57.7400,12,4
2026-04-24,601318,13:57:47,57.7400,64,1
2026-04-24,601318,13:57:50,57.7500,29,1
2026-04-24,601318,13:57:53,57.7400,149,2
2026-04-24,601318,13:57:56,57.7500,40,1
2026-04-24,601318,13:57:59,57.7400,99,2
2026-04-24,601318,13:58:02,57.7400,109,1
2026-04-24,601318,13:58:05,57.7400,20,2
2026-04-24,601318,13:58:08,57.7400,140,2
2026-04-24,601318,13:58:11,57.7500,164,1
2026-04-24,601318,13:58:14,57.7400,19,4
2026-04-24,601318,13:58:17,57.7400,22,2
2026-04-24,601318,13:58:20,57.7300,6,2
2026-04-24,601318,13:58:23,57.7300,43,2
2026-04-24,601318,13:58:26,57.7400,64,1
2026-04-24,601318,13:58:29,57.7300,2,2
2026-04-24,601318,13:58:32,57.7300,21,2
2026-04-24,601318,13:58:35,57.7300,82,2
2026-04-24,601318,13:58:38,57.7300,41,2
2026-04-24,601318,13:58:41,57.7300,53,2
2026-04-24,601318,13:58:44,57.7200,30,2
2026-04-24,601318,13:58:47,57.7300,4,1
2026-04-24,601318,13:58:50,57.7200,82,2
2026-04-24,601318,13:58:53,57.7200,112,2
2026-04-24,601318,13:58:56,57.7200,26,2
2026-04-24,601318,13:58:59,57.7200,183,1
2026-04-24,601318,13:59:02,57.7300,939,1
2026-04-24,601318,13:59:05,57.7400,256,1
2026-04-24,601318,13:59:08,57.7500,129,1
2026-04-24,601318,13:59:11,57.7500,52,1
2026-04-24,601318,13:59:14,57.7500,50,1
2026-04-24,601318,13:59:17,57.7500,111,1
2026-04-24,601318,13:59:20,57.7500,59,1
2026-04-24,601318,13:59:23,57.7500,265,1
2026-04-24,601318,13:59:26,57.7400,53,2
2026-04-24,601318,13:59:29,57.7500,121,1
2026-04-24,601318,13:59:32,57.7500,118,1
2026-04-24,601318,13:59:35,57.7500,33,1
2026-04-24,601318,13:59:38,57.7500,60,1
2026-04-24,601318,13:59:41,57.7500,69,2
2026-04-24,601318,13:59:44,57.7500,19,2
2026-04-24,601318,13:59:47,57.7500,23,2
2026-04-24,601318,13:59:50,57.7500,23,2
2026-04-24,601318,13:59:53,57.7600,182,1
2026-04-24,601318,13:59:56,57.7600,16,1
2026-04-24,601318,13:59:59,57.7600,1,1
2026-04-24,601318,14:00:02,57.7500,62,2
2026-04-24,601318,14:00:05,57.7500,49,2
2026-04-24,601318,14:00:08,57.7400,120,2
2026-04-24,601318,14:00:11,57.7400,68,1
2026-04-24,601318,14:00:14,57.7500,27,1
2026-04-24,601318,14:00:17,57.7500,21,1
2026-04-24,601318,14:00:20,57.7500,6,1
2026-04-24,601318,14:00:23,57.7500,121,1
2026-04-24,601318,14:00:26,57.7500,29,2
2026-04-24,601318,14:00:29,57.7500,38,1
2026-04-24,601318,14:00:32,57.7600,193,1
2026-04-24,601318,14:00:35,57.7500,3,1
2026-04-24,601318,14:00:38,57.7400,28,2
2026-04-24,601318,14:00:41,57.7400,54,1
2026-04-24,601318,14:00:44,57.7400,47,1
2026-04-24,601318,14:00:47,57.7600,99,1
2026-04-24,601318,14:00:50,57.7500,66,1
2026-04-24,601318,14:00:53,57.7500,162,2
2026-04-24,601318,14:00:56,57.7500,26,4
2026-04-24,601318,14:00:59,57.7500,56,2
2026-04-24,601318,14:01:02,57.7600,45,1
2026-04-24,601318,14:01:05,57.7500,50,2
2026-04-24,601318,14:01:08,57.7500,33,2
2026-04-24,601318,14:01:11,57.7500,32,2
2026-04-24,601318,14:01:14,57.7600,18,1
2026-04-24,601318,14:01:17,57.7600,162,1
2026-04-24,601318,14:01:20,57.7800,225,1
2026-04-24,601318,14:01:23,57.7700,60,2
2026-04-24,601318,14:01:26,57.7700,52,1
2026-04-24,601318,14:01:29,57.7800,68,1
2026-04-24,601318,14:01:32,57.7900,572,1
2026-04-24,601318,14:01:35,57.7900,29,2
2026-04-24,601318,14:01:38,57.7900,119,1
2026-04-24,601318,14:01:41,57.7800,165,2
2026-04-24,601318,14:01:44,57.8000,71,1
2026-04-24,601318,14:01:47,57.7900,30,2
2026-04-24,601318,14:01:50,57.7900,27,2
2026-04-24,601318,14:01:53,57.7900,67,1
2026-04-24,601318,14:01:56,57.7900,407,1
2026-04-24,601318,14:01:59,57.7900,48,1
2026-04-24,601318,14:02:02,57.7900,32,2
2026-04-24,601318,14:02:05,57.8100,188,1
2026-04-24,601318,14:02:08,57.8200,32,1
2026-04-24,601318,14:02:11,57.8300,123,1
2026-04-24,601318,14:02:14,57.8300,168,1
2026-04-24,601318,14:02:17,57.8300,88,1
2026-04-24,601318,14:02:20,57.8300,42,2
2026-04-24,601318,14:02:23,57.8300,90,1
2026-04-24,601318,14:02:26,57.8300,40,2
2026-04-24,601318,14:02:29,57.8400,108,1
2026-04-24,601318,14:02:32,57.8400,53,1
2026-04-24,601318,14:02:35,57.8400,108,1
2026-04-24,601318,14:02:38,57.8400,64,1
2026-04-24,601318,14:02:41,57.8500,174,1
2026-04-24,601318,14:02:44,57.8500,655,1
2026-04-24,601318,14:02:47,57.8500,85,2
2026-04-24,601318,14:02:50,57.8500,24,2
2026-04-24,601318,14:02:53,57.8500,38,2
2026-04-24,601318,14:02:56,57.8600,47,1
2026-04-24,601318,14:02:59,57.8600,62,1
2026-04-24,601318,14:03:02,57.8600,119,1
2026-04-24,601318,14:03:05,57.8900,1349,1
2026-04-24,601318,14:03:08,57.8800,181,4
2026-04-24,601318,14:03:11,57.8900,70,1
2026-04-24,601318,14:03:14,57.8900,308,1
2026-04-24,601318,14:03:17,57.8800,40,2
2026-04-24,601318,14:03:20,57.8800,134,1
2026-04-24,601318,14:03:23,57.8800,66,1
2026-04-24,601318,14:03:26,57.8800,111,2
2026-04-24,601318,14:03:29,57.8800,37,2
2026-04-24,601318,14:03:32,57.8800,227,2
2026-04-24,601318,14:03:35,57.8800,74,2
2026-04-24,601318,14:03:38,57.8800,262,2
2026-04-24,601318,14:03:41,57.8800,93,2
2026-04-24,601318,14:03:44,57.8800,108,2
2026-04-24,601318,14:03:47,57.8800,152,1
2026-04-24,601318,14:03:50,57.8800,49,1
2026-04-24,601318,14:03:53,57.8800,138,1
2026-04-24,601318,14:03:56,57.8800,154,1
2026-04-24,601318,14:03:59,57.8800,68,1
2026-04-24,601318,14:04:02,57.8700,128,2
2026-04-24,601318,14:04:05,57.8700,83,2
2026-04-24,601318,14:04:08,57.8700,85,1
2026-04-24,601318,14:04:11,57.9200,2406,1
2026-04-24,601318,14:04:14,57.9100,286,2
2026-04-24,601318,14:04:17,57.9200,332,1
2026-04-24,601318,14:04:20,57.9200,836,2
2026-04-24,601318,14:04:23,57.9300,326,1
2026-04-24,601318,14:04:26,57.9300,144,2
2026-04-24,601318,14:04:29,57.9300,46,2
2026-04-24,601318,14:04:32,57.9300,92,2
2026-04-24,601318,14:04:35,57.9400,98,1
2026-04-24,601318,14:04:38,57.9300,282,2
2026-04-24,601318,14:04:41,57.9300,266,2
2026-04-24,601318,14:04:44,57.9500,1121,1
2026-04-24,601318,14:04:47,57.9400,206,2
2026-04-24,601318,14:04:50,57.9500,493,1
2026-04-24,601318,14:04:53,57.9500,650,1
2026-04-24,601318,14:04:56,57.9400,546,1
2026-04-24,601318,14:04:59,57.9400,246,1
2026-04-24,601318,14:05:02,57.9300,375,2
2026-04-24,601318,14:05:05,57.9500,472,1
2026-04-24,601318,14:05:08,57.9200,26,1
2026-04-24,601318,14:05:11,57.9500,166,1
2026-04-24,601318,14:05:14,57.9500,280,1
2026-04-24,601318,14:05:17,57.9400,78,1
2026-04-24,601318,14:05:20,57.9100,102,2
2026-04-24,601318,14:05:23,57.9400,113,1
2026-04-24,601318,14:05:26,57.9400,107,2
2026-04-24,601318,14:05:29,57.9400,10,1
2026-04-24,601318,14:05:32,57.9100,177,2
2026-04-24,601318,14:05:35,57.9400,91,1
2026-04-24,601318,14:05:38,57.9400,174,1
2026-04-24,601318,14:05:41,57.9300,43,2
2026-04-24,601318,14:05:44,57.9300,173,2
2026-04-24,601318,14:05:47,57.9400,187,1
2026-04-24,601318,14:05:50,57.9300,108,2
2026-04-24,601318,14:05:53,57.9300,57,2
2026-04-24,601318,14:05:56,57.9400,141,1
2026-04-24,601318,14:05:59,57.9400,189,1
2026-04-24,601318,14:06:02,57.9300,211,2
2026-04-24,601318,14:06:05,57.9200,299,2
2026-04-24,601318,14:06:08,57.9300,139,4
2026-04-24,601318,14:06:11,57.9200,63,2
2026-04-24,601318,14:06:14,57.9200,87,1
2026-04-24,601318,14:06:17,57.9200,41,2
2026-04-24,601318,14:06:20,57.9200,26,2
2026-04-24,601318,14:06:23,57.9200,233,2
2026-04-24,601318,14:06:26,57.9200,145,2
2026-04-24,601318,14:06:29,57.9200,79,1
2026-04-24,601318,14:06:32,57.9100,104,2
2026-04-24,601318,14:06:35,57.9000,33,2
2026-04-24,601318,14:06:38,57.9000,31,1
2026-04-24,601318,14:06:41,57.8900,187,2
2026-04-24,601318,14:06:44,57.9000,142,1
2026-04-24,601318,14:06:47,57.8800,25,2
2026-04-24,601318,14:06:50,57.8800,23,2
2026-04-24,601318,10:54:53,57.6300,86,1
2026-04-24,601318,10:54:56,57.6300,64,2
2026-04-24,601318,10:54:59,57.6700,37,1
2026-04-24,601318,10:55:02,57.6600,241,2
2026-04-24,601318,10:55:05,57.6600,34,1
2026-04-24,601318,10:55:08,57.6600,250,4
2026-04-24,601318,10:55:11,57.6600,44,1
2026-04-24,601318,10:55:14,57.6500,42,1
2026-04-24,601318,10:55:17,57.6700,17,1
2026-04-24,601318,10:55:20,57.6800,141,1
2026-04-24,601318,10:55:23,57.6800,31,1
2026-04-24,601318,10:55:29,57.6500,4,2
2026-04-24,601318,10:55:32,57.6400,105,2
2026-04-24,601318,10:55:35,57.6300,192,2
2026-04-24,601318,10:55:38,57.6300,4,2
2026-04-24,601318,10:55:41,57.6300,209,2
2026-04-24,601318,10:55:44,57.6200,25,2
2026-04-24,601318,10:55:47,57.6300,11,1
2026-04-24,601318,10:55:50,57.6300,50,1
2026-04-24,601318,10:55:53,57.6200,2,4
2026-04-24,601318,10:55:56,57.6200,14,1
2026-04-24,601318,10:55:59,57.6200,4,1
2026-04-24,601318,10:56:02,57.6100,30,2
2026-04-24,601318,10:56:05,57.6100,9,2
2026-04-24,601318,10:56:08,57.6100,5,2
2026-04-24,601318,10:56:11,57.6100,23,2
2026-04-24,601318,10:56:14,57.6100,79,2
2026-04-24,601318,10:56:17,57.6100,53,2
2026-04-24,601318,10:56:20,57.6000,2,2
2026-04-24,601318,10:56:23,57.6000,30,2
2026-04-24,601318,10:56:26,57.6100,15,1
2026-04-24,601318,10:56:29,57.6000,11,2
2026-04-24,601318,10:56:32,57.6000,13,2
2026-04-24,601318,10:56:35,57.6000,5,2
2026-04-24,601318,10:56:38,57.6000,49,2
2026-04-24,601318,10:56:41,57.6000,24,2
2026-04-24,601318,10:56:44,57.6100,24,1
2026-04-24,601318,10:56:47,57.6000,3,2
2026-04-24,601318,10:56:50,57.6100,9,1
2026-04-24,601318,10:56:53,57.6000,4,2
2026-04-24,601318,10:56:56,57.6000,1,2
2026-04-24,601318,10:56:59,57.6000,30,2
2026-04-24,601318,10:57:02,57.6000,32,2
2026-04-24,601318,10:57:05,57.6100,18,1
2026-04-24,601318,10:57:08,57.6100,32,1
2026-04-24,601318,10:57:11,57.6100,13,1
2026-04-24,601318,10:57:14,57.6000,59,2
2026-04-24,601318,10:57:17,57.6000,50,2
2026-04-24,601318,10:57:20,57.6000,117,1
2026-04-24,601318,10:57:23,57.6000,56,1
2026-04-24,601318,10:57:26,57.5900,22,2
2026-04-24,601318,10:57:29,57.5900,12,2
2026-04-24,601318,10:57:32,57.6000,10,1
2026-04-24,601318,10:57:35,57.6000,10,1
2026-04-24,601318,10:57:38,57.6000,18,1
2026-04-24,601318,10:57:41,57.6000,26,1
2026-04-24,601318,10:57:44,57.6000,8,1
2026-04-24,601318,10:57:47,57.5900,25,2
2026-04-24,601318,10:57:50,57.6000,51,1
2026-04-24,601318,10:57:53,57.5900,136,2
2026-04-24,601318,10:57:56,57.5900,99,1
2026-04-24,601318,10:57:59,57.6000,91,1
2026-04-24,601318,10:58:02,57.5900,6,4
2026-04-24,601318,10:58:05,57.5800,47,2
2026-04-24,601318,10:58:08,57.5900,20,1
2026-04-24,601318,10:58:11,57.6000,5,1
2026-04-24,601318,10:58:14,57.6000,73,1
2026-04-24,601318,10:58:17,57.5800,10,2
2026-04-24,601318,10:58:20,57.5900,16,1
2026-04-24,601318,10:58:23,57.5900,32,1
2026-04-24,601318,10:58:32,57.5800,52,2
2026-04-24,601318,10:58:35,57.5800,106,2
2026-04-24,601318,10:58:38,57.5800,40,2
2026-04-24,601318,10:58:41,57.5800,35,2
2026-04-24,601318,10:58:44,57.5800,28,2
2026-04-24,601318,10:58:47,57.5800,26,2
2026-04-24,601318,10:58:50,57.5800,45,2
2026-04-24,601318,10:58:53,57.5800,72,2
2026-04-24,601318,10:58:56,57.5900,255,1
2026-04-24,601318,10:58:59,57.5800,134,2
2026-04-24,601318,10:59:02,57.6000,61,1
2026-04-24,601318,10:59:05,57.5900,77,2
2026-04-24,601318,10:59:08,57.5900,71,1
2026-04-24,601318,10:59:11,57.5900,27,2
2026-04-24,601318,10:59:14,57.5900,27,2
2026-04-24,601318,10:59:17,57.5800,34,2
2026-04-24,601318,10:59:20,57.5800,67,2
2026-04-24,601318,10:59:23,57.5800,13,2
2026-04-24,601318,10:59:26,57.5800,175,2
2026-04-24,601318,10:59:29,57.5800,7,1
2026-04-24,601318,10:59:32,57.5800,6,1
2026-04-24,601318,10:59:35,57.5800,81,1
2026-04-24,601318,10:59:38,57.5900,58,1
2026-04-24,601318,10:59:41,57.6000,81,1
2026-04-24,601318,10:59:44,57.5900,17,2
2026-04-24,601318,10:59:47,57.6000,2896,1
2026-04-24,601318,10:59:50,57.6000,88,1
2026-04-24,601318,10:59:53,57.6000,21,2
2026-04-24,601318,10:59:56,57.6000,64,2
2026-04-24,601318,10:59:59,57.6100,2,1
2026-04-24,601318,11:00:02,57.6100,49,1
2026-04-24,601318,11:00:05,57.6100,5,1
2026-04-24,601318,11:00:08,57.6000,120,2
2026-04-24,601318,11:00:11,57.6100,26,2
2026-04-24,601318,11:00:14,57.6100,7,2
2026-04-24,601318,11:00:17,57.6000,52,2
2026-04-24,601318,11:00:20,57.6400,1106,1
2026-04-24,601318,11:00:23,57.6600,8,1
2026-04-24,601318,11:00:26,57.6400,44,2
2026-04-24,601318,11:00:29,57.6300,42,2
2026-04-24,601318,11:00:32,57.6300,15,1
2026-04-24,601318,11:00:35,57.6300,27,2
2026-04-24,601318,11:00:38,57.6400,42,1
2026-04-24,601318,11:00:41,57.6400,5,2
2026-04-24,601318,11:00:44,57.6500,5,1
2026-04-24,601318,11:00:47,57.6100,63,2
2026-04-24,601318,11:00:50,57.6300,9,4
2026-04-24,601318,11:00:53,57.6300,5,1
2026-04-24,601318,11:00:56,57.6400,364,1
2026-04-24,601318,11:00:59,57.6700,290,1
2026-04-24,601318,11:01:02,57.6600,17,2
2026-04-24,601318,11:01:05,57.6600,26,2
2026-04-24,601318,11:01:08,57.6700,291,1
2026-04-24,601318,11:01:11,57.6500,35,4
2026-04-24,601318,11:01:14,57.6600,111,1
2026-04-24,601318,11:01:17,57.6300,12,2
2026-04-24,601318,11:01:20,57.6600,134,1
2026-04-24,601318,11:01:23,57.6600,28,2
2026-04-24,601318,11:01:26,57.6700,100,1
2026-04-24,601318,11:01:29,57.6600,104,2
2026-04-24,601318,11:01:32,57.6800,57,1
2026-04-24,601318,11:01:35,57.6500,8,2
2026-04-24,601318,11:01:38,57.6600,42,1
2026-04-24,601318,11:01:41,57.6600,24,2
2026-04-24,601318,11:01:44,57.6600,4,1
2026-04-24,601318,11:01:47,57.6500,44,2
2026-04-24,601318,11:01:50,57.6600,6,1
2026-04-24,601318,11:01:53,57.6600,41,1
2026-04-24,601318,11:01:56,57.6600,34,1
2026-04-24,601318,11:01:59,57.6600,1,1
2026-04-24,601318,11:02:02,57.6600,133,1
2026-04-24,601318,11:02:05,57.6900,22,1
2026-04-24,601318,11:02:08,57.6900,134,1
2026-04-24,601318,11:02:11,57.6900,14,1
2026-04-24,601318,11:02:14,57.6900,20,2
2026-04-24,601318,11:02:17,57.6900,65,4
2026-04-24,601318,11:02:20,57.6800,95,2
2026-04-24,601318,11:02:23,57.6800,5,1
2026-04-24,601318,11:02:26,57.6700,7,2
2026-04-24,601318,11:02:29,57.6500,26,2
2026-04-24,601318,11:02:32,57.6500,32,2
2026-04-24,601318,11:02:35,57.6400,23,2
2026-04-24,601318,11:02:38,57.6200,22,2
2026-04-24,601318,11:02:41,57.6200,76,1
2026-04-24,601318,11:02:44,57.6400,21,1
2026-04-24,601318,11:02:47,57.6300,20,2
2026-04-24,601318,11:02:50,57.6300,226,2
2026-04-24,601318,11:02:53,57.6300,1,1
2026-04-24,601318,11:02:56,57.6200,154,2
2026-04-24,601318,11:02:59,57.6300,7,1
2026-04-24,601318,11:03:02,57.6200,24,2
2026-04-24,601318,11:03:05,57.6200,36,1
2026-04-24,601318,11:03:08,57.6200,29,1
2026-04-24,601318,11:03:11,57.6200,11,1
2026-04-24,601318,11:03:14,57.6200,167,1
2026-04-24,601318,11:03:17,57.6100,21,2
2026-04-24,601318,11:03:20,57.6200,11,1
2026-04-24,601318,11:03:23,57.6300,154,1
2026-04-24,601318,11:03:26,57.6500,65,1
2026-04-24,601318,11:03:29,57.6400,7,2
2026-04-24,601318,11:03:32,57.6300,8,2
2026-04-24,601318,11:03:38,57.6300,54,2
2026-04-24,601318,11:03:41,57.6400,84,1
2026-04-24,601318,11:03:44,57.6400,1,2
2026-04-24,601318,11:03:47,57.6300,24,2
2026-04-24,601318,11:03:50,57.6300,7,2
2026-04-24,601318,11:03:53,57.6300,5,2
2026-04-24,601318,11:03:56,57.6300,1,1
2026-04-24,601318,11:03:59,57.6100,88,2
2026-04-24,601318,11:04:02,57.6400,208,1
2026-04-24,601318,11:04:05,57.6400,26,1
2026-04-24,601318,11:04:08,57.6300,32,2
2026-04-24,601318,11:04:11,57.6200,6,2
2026-04-24,601318,11:04:14,57.6200,33,2
2026-04-24,601318,11:04:17,57.6200,15,2
2026-04-24,601318,11:04:20,57.6300,37,1
2026-04-24,601318,11:04:23,57.6300,3,1
2026-04-24,601318,11:04:29,57.6200,18,2
2026-04-24,601318,11:04:32,57.6200,5,2
2026-04-24,601318,11:04:35,57.6300,2,1
2026-04-24,601318,11:04:38,57.6200,87,2
2026-04-24,601318,11:04:41,57.6100,64,2
2026-04-24,601318,11:04:44,57.6200,5,1
2026-04-24,601318,11:04:47,57.6100,6,2
2026-04-24,601318,11:04:50,57.6100,4,2
2026-04-24,601318,11:04:53,57.6100,71,2
2026-04-24,601318,11:04:56,57.6100,36,2
2026-04-24,601318,11:04:59,57.6100,87,2
2026-04-24,601318,11:05:02,57.6200,107,1
2026-04-24,601318,11:05:05,57.6100,1,2
2026-04-24,601318,11:05:08,57.6100,251,2
2026-04-24,601318,11:05:11,57.6100,4,2
2026-04-24,601318,11:05:14,57.6100,6,1
2026-04-24,601318,11:05:17,57.6000,150,2
2026-04-24,601318,11:05:20,57.6100,12,1
2026-04-24,601318,11:05:23,57.6100,17,1
2026-04-24,601318,11:05:26,57.6000,80,2
2026-04-24,601318,11:05:29,57.6100,20,1
2026-04-24,601318,11:05:32,57.6200,147,1
2026-04-24,601318,11:05:35,57.6200,59,1
2026-04-24,601318,11:05:38,57.6300,46,1
2026-04-24,601318,11:05:41,57.6200,6,2
2026-04-24,601318,11:05:44,57.6300,13,1
2026-04-24,601318,11:05:47,57.6300,32,1
2026-04-24,601318,11:05:50,57.6200,10,2
2026-04-24,601318,11:05:53,57.6200,8,2
2026-04-24,601318,11:05:56,57.6300,23,1
2026-04-24,601318,11:05:59,57.6300,38,1
2026-04-24,601318,11:06:02,57.6400,101,1
2026-04-24,601318,11:06:05,57.6300,58,2
2026-04-24,601318,11:06:08,57.6400,113,1
2026-04-24,601318,11:06:11,57.6400,234,2
2026-04-24,601318,11:06:14,57.6500,33,1
2026-04-24,601318,11:06:17,57.6500,86,1
2026-04-24,601318,11:06:20,57.6400,38,2
2026-04-24,601318,11:06:23,57.6400,43,2
2026-04-24,601318,11:06:29,57.6600,1005,1
2026-04-24,601318,11:06:32,57.6600,147,2
2026-04-24,601318,11:06:35,57.6700,3,2
2026-04-24,601318,11:06:38,57.6800,53,1
2026-04-24,601318,11:06:41,57.6800,15,1
2026-04-24,601318,11:06:44,57.6700,13,4
2026-04-24,601318,11:06:47,57.6800,6,1
2026-04-24,601318,11:06:50,57.6800,4,2
2026-04-24,601318,11:06:53,57.6800,10,2
2026-04-24,601318,11:06:56,57.6800,9,2
2026-04-24,601318,11:06:59,57.6800,15,2
2026-04-24,601318,11:07:02,57.6800,48,1
2026-04-24,601318,11:07:05,57.6800,34,1
2026-04-24,601318,11:07:08,57.6700,42,2
2026-04-24,601318,11:07:11,57.6700,20,2
2026-04-24,601318,11:07:14,57.6700,14,1
2026-04-24,601318,11:07:17,57.6700,96,1
2026-04-24,601318,11:07:20,57.6700,2,1
2026-04-24,601318,11:07:23,57.6600,58,2
2026-04-24,601318,11:07:26,57.6600,11,2
2026-04-24,601318,11:07:29,57.6600,8,1
2026-04-24,601318,11:07:32,57.6500,15,2
2026-04-24,601318,11:07:35,57.6400,9,2
2026-04-24,601318,11:07:38,57.6300,3,2
2026-04-24,601318,11:07:41,57.6300,2,2
2026-04-24,601318,11:07:44,57.6300,32,2
2026-04-24,601318,11:07:47,57.6400,18,1
2026-04-24,601318,11:07:50,57.6300,6,2
2026-04-24,601318,11:07:53,57.6400,2,1
2026-04-24,601318,11:07:59,57.6300,24,2
2026-04-24,601318,11:08:02,57.6200,10,2
2026-04-24,601318,11:08:05,57.6300,4,1
2026-04-24,601318,11:08:08,57.6200,55,2
2026-04-24,601318,11:08:14,57.6100,3,2
2026-04-24,601318,11:08:17,57.6100,47,2
2026-04-24,601318,11:08:20,57.6100,69,2
2026-04-24,601318,11:08:23,57.6100,48,1
2026-04-24,601318,11:08:26,57.6200,1,1
2026-04-24,601318,11:08:29,57.6100,9,2
2026-04-24,601318,11:08:35,57.6200,4,1
2026-04-24,601318,11:08:38,57.6100,13,2
2026-04-24,601318,11:08:41,57.6100,16,2
2026-04-24,601318,11:08:44,57.6100,4,1
2026-04-24,601318,11:08:47,57.6000,258,2
2026-04-24,601318,11:08:50,57.6100,14,1
2026-04-24,601318,11:08:53,57.6000,6,2
2026-04-24,601318,11:08:56,57.6000,22,2
2026-04-24,601318,11:08:59,57.6000,158,2
2026-04-24,601318,11:09:02,57.6000,120,1
2026-04-24,601318,11:09:05,57.6000,120,1
2026-04-24,601318,11:09:08,57.6200,242,1
2026-04-24,601318,11:09:11,57.6100,52,2
2026-04-24,601318,11:09:14,57.6100,4,2
2026-04-24,601318,11:09:17,57.6200,36,1
2026-04-24,601318,11:09:20,57.6200,13,1
2026-04-24,601318,11:09:23,57.6400,127,1
2026-04-24,601318,11:09:26,57.6500,95,1
2026-04-24,601318,11:09:29,57.6500,43,1
2026-04-24,601318,11:09:32,57.6600,5,1
2026-04-24,601318,11:09:35,57.6600,13,1
2026-04-24,601318,11:09:38,57.6600,13,1
2026-04-24,601318,11:09:41,57.6700,35,1
2026-04-24,601318,11:09:44,57.6700,40,1
2026-04-24,601318,11:09:47,57.6600,35,1
2026-04-24,601318,11:09:50,57.6500,1,2
2026-04-24,601318,11:09:53,57.6500,3,2
2026-04-24,601318,11:09:56,57.6500,3,1
2026-04-24,601318,11:09:59,57.6500,102,1
2026-04-24,601318,11:10:02,57.6500,114,2
2026-04-24,601318,11:10:05,57.6500,8,2
2026-04-24,601318,11:10:08,57.6500,13,2
2026-04-24,601318,11:10:14,57.6500,23,2
2026-04-24,601318,11:10:17,57.6500,27,4
2026-04-24,601318,11:10:20,57.6700,152,1
2026-04-24,601318,11:10:23,57.6800,58,1
2026-04-24,601318,11:10:26,57.6700,36,2
2026-04-24,601318,11:10:29,57.6800,45,1
2026-04-24,601318,11:10:32,57.6700,1,2
2026-04-24,601318,11:10:35,57.6700,23,2
2026-04-24,601318,11:10:38,57.6700,42,2
2026-04-24,601318,11:10:41,57.6600,2,2
2026-04-24,601318,11:10:44,57.6600,91,2
2026-04-24,601318,11:10:47,57.6600,43,2
2026-04-24,601318,11:10:50,57.6600,7,1
2026-04-24,601318,11:10:56,57.6600,8,1
2026-04-24,601318,11:10:59,57.6500,17,2
2026-04-24,601318,11:11:02,57.6500,39,2
2026-04-24,601318,11:11:05,57.6500,77,1
2026-04-24,601318,11:11:08,57.6500,31,1
2026-04-24,601318,11:11:11,57.6600,24,1
2026-04-24,601318,11:11:17,57.6500,35,2
2026-04-24,601318,11:11:20,57.6600,40,1
2026-04-24,601318,11:11:23,57.6500,58,2
2026-04-24,601318,11:11:26,57.6500,115,1
2026-04-24,601318,11:11:29,57.6600,1,1
2026-04-24,601318,11:11:32,57.6600,8,1
2026-04-24,601318,11:11:35,57.6600,3,1
2026-04-24,601318,11:11:38,57.6500,74,2
2026-04-24,601318,11:11:41,57.6600,17,1
2026-04-24,601318,11:11:44,57.6500,9,2
2026-04-24,601318,11:11:47,57.6500,65,2
2026-04-24,601318,11:11:50,57.6400,11,2
2026-04-24,601318,11:11:53,57.6400,6,2
2026-04-24,601318,11:11:56,57.6400,44,2
2026-04-24,601318,11:11:59,57.6400,17,2
2026-04-24,601318,11:12:02,57.6300,69,2
2026-04-24,601318,11:12:05,57.6300,17,2
2026-04-24,601318,11:12:08,57.6300,24,2
2026-04-24,601318,11:12:11,57.6300,5,2
2026-04-24,601318,11:12:14,57.6200,33,2
2026-04-24,601318,11:12:17,57.6000,70,2
2026-04-24,601318,11:12:20,57.6300,11,1
2026-04-24,601318,11:12:23,57.6000,22,2
2026-04-24,601318,11:12:26,57.6000,10,2
2026-04-24,601318,11:12:29,57.6000,45,2
2026-04-24,601318,11:12:32,57.6000,16,2
2026-04-24,601318,11:12:35,57.6100,105,1
2026-04-24,601318,11:12:38,57.6000,91,2
2026-04-24,601318,11:12:41,57.6000,101,1
2026-04-24,601318,11:12:44,57.6000,31,1
2026-04-24,601318,11:12:47,57.6100,18,1
2026-04-24,601318,11:12:50,57.6100,42,1
2026-04-24,601318,11:12:53,57.6300,39,1
2026-04-24,601318,11:12:56,57.6200,3,2
2026-04-24,601318,11:12:59,57.6200,30,2
2026-04-24,601318,11:13:02,57.6200,41,2
2026-04-24,601318,11:13:05,57.6200,11,1
2026-04-24,601318,11:13:08,57.6100,42,2
2026-04-24,601318,11:13:11,57.6100,1,2
2026-04-24,601318,11:13:14,57.6100,43,2
2026-04-24,601318,11:13:17,57.6100,11,2
2026-04-24,601318,11:13:20,57.6000,10,2
2026-04-24,601318,11:13:23,57.6000,431,2
2026-04-24,601318,11:13:26,57.6100,95,1
2026-04-24,601318,11:13:29,57.6000,36,2
2026-04-24,601318,11:13:32,57.6000,7,2
2026-04-24,601318,11:13:35,57.6000,6,1
2026-04-24,601318,11:13:38,57.5900,1847,2
2026-04-24,601318,11:13:41,57.5900,15,2
2026-04-24,601318,11:13:44,57.5900,28,1
2026-04-24,601318,11:13:47,57.5900,1039,1
2026-04-24,601318,11:13:50,57.5700,20,2
2026-04-24,601318,11:13:56,57.5800,8,2
2026-04-24,601318,11:13:59,57.5800,1,4
2026-04-24,601318,11:14:02,57.5700,23,2
2026-04-24,601318,11:14:05,57.5700,23,1
2026-04-24,601318,11:14:08,57.5800,44,4
2026-04-24,601318,11:14:11,57.5800,39,1
2026-04-24,601318,11:14:14,57.5800,22,1
2026-04-24,601318,11:14:17,57.5800,29,2
2026-04-24,601318,11:14:20,57.5900,31,1
2026-04-24,601318,11:14:23,57.5800,18,2
2026-04-24,601318,11:14:26,57.5800,5,2
2026-04-24,601318,11:14:29,57.5800,20,2
2026-04-24,601318,11:14:32,57.5800,53,2
2026-04-24,601318,11:14:35,57.5800,26,2
2026-04-24,601318,11:14:38,57.5900,19,1
2026-04-24,601318,11:14:41,57.5800,15,2
2026-04-24,601318,11:14:44,57.5800,2,2
2026-04-24,601318,11:14:47,57.5800,36,2
2026-04-24,601318,11:14:50,57.5800,62,2
2026-04-24,601318,11:14:53,57.5800,24,2
2026-04-24,601318,11:14:59,57.5800,29,2
2026-04-24,601318,11:15:02,57.5900,43,1
2026-04-24,601318,11:15:05,57.5800,77,2
2026-04-24,601318,11:15:08,57.5900,107,1
2026-04-24,601318,11:15:11,57.6100,19,1
2026-04-24,601318,11:15:14,57.6100,61,1
2026-04-24,601318,11:15:17,57.6100,82,1
2026-04-24,601318,11:15:20,57.6300,91,1
2026-04-24,601318,11:15:23,57.6300,88,2
2026-04-24,601318,11:15:26,57.6300,23,1
2026-04-24,601318,11:15:29,57.6300,51,2
2026-04-24,601318,11:15:32,57.6400,8,1
2026-04-24,601318,11:15:35,57.6300,42,2
2026-04-24,601318,11:15:38,57.6200,154,2
2026-04-24,601318,11:15:41,57.6300,12,1
2026-04-24,601318,11:15:44,57.6100,47,2
2026-04-24,601318,11:15:47,57.6100,42,2
2026-04-24,601318,11:15:50,57.6200,6,1
2026-04-24,601318,11:15:53,57.6100,27,1
2026-04-24,601318,11:15:56,57.6100,21,2
2026-04-24,601318,11:15:59,57.6100,13,2
2026-04-24,601318,11:16:02,57.6200,7,1
2026-04-24,601318,11:16:05,57.6100,32,2
2026-04-24,601318,11:16:08,57.6300,67,1
2026-04-24,601318,11:16:11,57.6400,60,1
2026-04-24,601318,11:16:14,57.6400,51,2
2026-04-24,601318,11:16:17,57.6500,16,1
2026-04-24,601318,11:16:20,57.6400,127,2
2026-04-24,601318,11:16:23,57.6300,96,2
2026-04-24,601318,11:16:26,57.6400,47,1
2026-04-24,601318,11:16:29,57.6200,57,2
2026-04-24,601318,11:16:32,57.6200,71,1
2026-04-24,601318,11:16:35,57.6200,75,1
2026-04-24,601318,11:16:38,57.6200,96,2
2026-04-24,601318,11:16:41,57.6600,44,1
2026-04-24,601318,11:16:44,57.6400,71,2
2026-04-24,601318,11:16:47,57.6500,67,1
2026-04-24,601318,11:16:50,57.6500,28,2
2026-04-24,601318,11:16:53,57.6500,15,2
2026-04-24,601318,11:16:56,57.6600,34,1
2026-04-24,601318,11:16:59,57.6400,13,2
2026-04-24,601318,11:17:02,57.6500,37,1
2026-04-24,601318,11:17:05,57.6500,28,4
2026-04-24,601318,11:17:08,57.6500,38,2
2026-04-24,601318,11:17:11,57.6600,22,1
2026-04-24,601318,11:17:14,57.6500,24,2
2026-04-24,601318,11:17:17,57.6500,6,2
2026-04-24,601318,11:17:20,57.6400,103,2
2026-04-24,601318,11:17:23,57.6500,4,2
2026-04-24,601318,11:17:26,57.6500,122,2
2026-04-24,601318,11:17:29,57.6300,80,2
2026-04-24,601318,11:17:32,57.6200,40,2
2026-04-24,601318,11:17:38,57.6100,47,2
2026-04-24,601318,11:17:41,57.6100,4,2
2026-04-24,601318,11:17:44,57.6100,8,2
2026-04-24,601318,11:17:47,57.6100,4,2
2026-04-24,601318,11:17:50,57.6100,19,2
2026-04-24,601318,11:17:53,57.6100,2,2
2026-04-24,601318,11:17:59,57.6100,23,2
2026-04-24,601318,11:18:02,57.6100,8,1
2026-04-24,601318,11:18:05,57.6100,52,1
2026-04-24,601318,11:18:08,57.6200,1,1
2026-04-24,601318,11:18:11,57.6000,67,2
2026-04-24,601318,11:18:14,57.6100,13,1
2026-04-24,601318,11:18:17,57.6100,17,1
2026-04-24,601318,11:18:20,57.6100,43,1
2026-04-24,601318,11:18:23,57.6100,32,2
2026-04-24,601318,11:18:26,57.6100,14,1
2026-04-24,601318,11:18:29,57.6100,17,1
2026-04-24,601318,11:18:32,57.6100,2,2
2026-04-24,601318,11:18:35,57.6000,42,2
2026-04-24,601318,11:18:38,57.6100,48,4
2026-04-24,601318,11:18:41,57.6100,64,1
2026-04-24,601318,11:18:44,57.6000,5,2
2026-04-24,601318,11:18:47,57.6000,12,2
2026-04-24,601318,11:18:50,57.6000,28,2
2026-04-24,601318,11:18:53,57.6100,12,1
2026-04-24,601318,11:18:56,57.6000,4,2
2026-04-24,601318,11:18:59,57.6000,48,2
2026-04-24,601318,11:19:02,57.6000,10,2
2026-04-24,601318,11:19:05,57.6000,27,2
2026-04-24,601318,11:19:08,57.6000,12,2
2026-04-24,601318,11:19:11,57.6000,24,2
2026-04-24,601318,11:19:14,57.6000,11,1
2026-04-24,601318,11:19:17,57.6000,10,1
2026-04-24,601318,11:19:20,57.6000,98,1
2026-04-24,601318,11:19:23,57.5900,103,2
2026-04-24,601318,11:19:26,57.5800,13,2
2026-04-24,601318,11:19:29,57.5800,109,2
2026-04-24,601318,11:19:32,57.5700,24,2
2026-04-24,601318,11:19:35,57.5800,9,1
2026-04-24,601318,11:19:38,57.5700,11,2
2026-04-24,601318,11:19:41,57.5700,62,2
2026-04-24,601318,11:19:44,57.5700,21,2
2026-04-24,601318,11:19:47,57.5700,2,2
2026-04-24,601318,11:19:50,57.5700,27,2
2026-04-24,601318,11:19:53,57.5700,9,2
2026-04-24,601318,11:19:56,57.5800,3,1
2026-04-24,601318,11:19:59,57.5700,4,2
2026-04-24,601318,11:20:02,57.5700,26,2
2026-04-24,601318,11:20:05,57.5700,94,2
2026-04-24,601318,11:20:08,57.5800,138,1
2026-04-24,601318,11:20:11,57.5800,100,1
2026-04-24,601318,11:20:14,57.5800,10,1
2026-04-24,601318,11:20:17,57.5800,20,1
2026-04-24,601318,11:20:20,57.5700,68,2
2026-04-24,601318,11:20:23,57.5800,27,1
