date,code,time,price,volume,bs
2026-04-30,600519,14:04:58,1382.0000,4,1
2026-04-30,600519,14:05:04,1382.0000,6,2
2026-04-30,600519,14:05:07,1382.0000,1,2
2026-04-30,600519,14:05:10,1382.0000,13,2
2026-04-30,600519,14:05:13,1381.9900,13,2
2026-04-30,600519,14:05:16,1381.9900,6,2
2026-04-30,600519,14:05:19,1382.0000,7,1
2026-04-30,600519,14:05:22,1381.9800,2,2
2026-04-30,600519,14:05:25,1381.9800,2,2
2026-04-30,600519,14:05:28,1381.9700,7,4
2026-04-30,600519,14:05:31,1381.9600,3,2
2026-04-30,600519,14:05:34,1381.9600,1,1
2026-04-30,600519,14:05:37,1381.9100,3,2
2026-04-30,600519,14:05:40,1381.9100,3,2
2026-04-30,600519,14:05:43,1381.9600,2,1
2026-04-30,600519,14:05:46,1381.9000,5,2
2026-04-30,600519,14:05:49,1381.9600,4,1
2026-04-30,600519,14:05:52,1381.9600,4,1
2026-04-30,600519,14:05:55,1381.9600,4,1
2026-04-30,600519,14:05:58,1381.9000,5,2
2026-04-30,600519,14:06:04,1381.8800,3,2
2026-04-30,600519,14:06:07,1381.9000,7,1
2026-04-30,600519,14:06:10,1381.9200,5,1
2026-04-30,600519,14:06:13,1381.9500,2,1
2026-04-30,600519,14:06:16,1381.9399,6,1
2026-04-30,600519,14:06:22,1381.9000,3,2
2026-04-30,600519,14:06:25,1381.8700,5,2
2026-04-30,600519,14:06:28,1381.8700,2,2
2026-04-30,600519,14:06:31,1381.9000,5,1
2026-04-30,600519,14:06:34,1381.8600,2,1
2026-04-30,600519,14:06:37,1381.8800,1,2
2026-04-30,600519,14:06:40,1381.8700,1,2
2026-04-30,600519,14:06:43,1381.8600,9,2
2026-04-30,600519,14:06:46,1381.8800,2,1
2026-04-30,600519,14:06:49,1381.8800,5,1
2026-04-30,600519,14:06:52,1381.8101,12,2
2026-04-30,600519,14:06:55,1381.8600,1,1
2026-04-30,600519,14:06:58,1381.8800,5,1
2026-04-30,600519,14:07:01,1381.8800,2,1
2026-04-30,600519,14:07:04,1381.8101,2,2
2026-04-30,600519,14:07:10,1381.8000,4,2
2026-04-30,600519,14:07:13,1381.8000,6,2
2026-04-30,600519,14:07:16,1381.8000,3,2
2026-04-30,600519,14:07:19,1381.8000,11,2
2026-04-30,600519,14:07:22,1381.8199,1,1
2026-04-30,600519,14:07:25,1382.9200,74,1
2026-04-30,600519,14:07:28,1382.9301,3,1
2026-04-30,600519,14:07:31,1382.9700,17,1
2026-04-30,600519,14:07:34,1382.3900,2,2
2026-04-30,600519,14:07:37,1382.9700,11,1
2026-04-30,600519,14:07:40,1382.9700,1,1
2026-04-30,600519,14:07:43,1382.9700,4,2
2026-04-30,600519,14:07:46,1382.9800,2,1
2026-04-30,600519,14:07:49,1382.9700,4,2
2026-04-30,600519,14:07:52,1382.9700,8,2
2026-04-30,600519,14:07:55,1382.9800,6,1
2026-04-30,600519,14:07:58,1382.9800,2,1
2026-04-30,600519,14:08:01,1382.9800,4,1
2026-04-30,600519,14:08:04,1382.9800,6,1
2026-04-30,600519,14:08:07,1382.9800,2,1
2026-04-30,600519,14:08:13,1382.9700,5,2
2026-04-30,600519,14:08:16,1382.7600,3,2
2026-04-30,600519,14:08:19,1382.2000,4,2
2026-04-30,600519,14:08:22,1382.7400,2,1
2026-04-30,600519,14:08:25,1382.2000,2,2
2026-04-30,600519,14:08:28,1382.3900,2,1
2026-04-30,600519,14:08:31,1382.2000,3,2
2026-04-30,600519,14:08:34,1382.2000,3,2
2026-04-30,600519,14:08:37,1382.2500,2,2
2026-04-30,600519,14:08:40,1382.4000,5,1
2026-04-30,600519,14:08:43,1382.2100,3,2
2026-04-30,600519,14:08:46,1382.2500,1,2
2026-04-30,600519,14:08:49,1382.3900,17,1
2026-04-30,600519,14:08:52,1382.4000,3,1
2026-04-30,600519,14:08:55,1382.2000,2,2
2026-04-30,600519,14:08:58,1382.4000,1,1
2026-04-30,600519,14:09:01,1382.3900,7,1
2026-04-30,600519,14:09:04,1382.2000,1,2
2026-04-30,600519,14:09:07,1382.2100,6,2
2026-04-30,600519,14:09:10,1382.2000,1,2
2026-04-30,600519,14:09:13,1382.2000,1,2
2026-04-30,600519,14:09:16,1382.3700,1,1
2026-04-30,600519,14:09:19,1382.2100,8,2
2026-04-30,600519,14:09:22,1382.1899,3,2
2026-04-30,600519,14:09:25,1382.3700,2,1
2026-04-30,600519,14:09:28,1382.2000,4,2
2026-04-30,600519,14:09:31,1382.3000,5,1
2026-04-30,600519,14:09:34,1382.2000,4,2
2026-04-30,600519,14:09:37,1382.2000,12,2
2026-04-30,600519,14:09:40,1382.3700,3,1
2026-04-30,600519,14:09:43,1382.2100,10,2
2026-04-30,600519,14:09:46,1382.1899,6,2
2026-04-30,600519,14:09:49,1382.1899,19,2
2026-04-30,600519,14:09:52,1382.1899,3,2
2026-04-30,600519,14:09:55,1382.1899,1,2
2026-04-30,600519,14:09:58,1382.2100,8,1
2026-04-30,600519,14:10:01,1382.2100,4,1
2026-04-30,600519,14:10:04,1382.3101,14,1
2026-04-30,600519,14:10:07,1382.3101,18,2
2026-04-30,600519,14:10:10,1382.3101,3,1
2026-04-30,600519,14:10:13,1382.3101,8,1
2026-04-30,600519,14:10:16,1382.3101,1,2
2026-04-30,600519,14:10:19,1382.7300,6,1
2026-04-30,600519,14:10:28,1382.3199,7,2
2026-04-30,600519,14:10:31,1382.5000,6,1
2026-04-30,600519,14:10:37,1382.3199,2,2
2026-04-30,600519,14:10:40,1382.5000,2,1
2026-04-30,600519,14:10:43,1382.3101,4,2
2026-04-30,600519,14:10:46,1382.3199,7,2
2026-04-30,600519,14:10:49,1382.2200,13,2
2026-04-30,600519,14:10:52,1382.4900,2,1
2026-04-30,600519,14:10:55,1382.2200,1,2
2026-04-30,600519,14:11:01,1382.3101,1,1
2026-04-30,600519,14:11:04,1382.3101,3,1
2026-04-30,600519,14:11:07,1382.2200,13,2
2026-04-30,600519,14:11:10,1382.2200,2,1
2026-04-30,600519,14:11:13,1382.2200,1,1
2026-04-30,600519,14:11:16,1382.2200,2,1
2026-04-30,600519,14:11:19,1382.2200,6,1
2026-04-30,600519,14:11:22,1382.2200,4,1
2026-04-30,600519,14:11:25,1382.2100,3,2
2026-04-30,600519,14:11:28,1382.2000,15,2
2026-04-30,600519,14:11:31,1382.1801,105,2
2026-04-30,600519,14:11:34,1382.2100,3,1
2026-04-30,600519,14:11:37,1382.1801,13,2
2026-04-30,600519,14:11:40,1382.2200,3,1
2026-04-30,600519,14:11:43,1382.1801,6,2
2026-04-30,600519,14:11:46,1382.2100,6,1
2026-04-30,600519,14:11:49,1382.2200,47,1
2026-04-30,600519,14:11:52,1382.0900,4,2
2026-04-30,600519,14:11:55,1382.0601,5,2
2026-04-30,600519,14:11:58,1382.0601,3,2
2026-04-30,600519,14:12:01,1382.1700,1,1
2026-04-30,600519,14:12:04,1382.0601,11,2
2026-04-30,600519,14:12:07,1382.0601,7,2
2026-04-30,600519,14:12:10,1382.2200,27,1
2026-04-30,600519,14:12:13,1382.2200,21,1
2026-04-30,600519,14:12:16,1382.1700,5,2
2026-04-30,600519,14:12:19,1382.0601,2,2
2026-04-30,600519,14:12:22,1382.0601,5,2
2026-04-30,600519,14:12:25,1382.0601,1,2
2026-04-30,600519,14:12:31,1382.0601,3,2
2026-04-30,600519,14:12:34,1382.0601,2,2
2026-04-30,600519,14:12:37,1382.0601,5,2
2026-04-30,600519,14:12:40,1382.0601,1,2
2026-04-30,600519,14:12:43,1382.0699,2,2
2026-04-30,600519,14:12:46,1382.0601,2,2
2026-04-30,600519,14:12:49,1382.2100,2,1
2026-04-30,600519,14:12:52,1382.0601,3,2
2026-04-30,600519,14:12:55,1382.2100,4,1
2026-04-30,600519,14:12:58,1382.2100,2,1
2026-04-30,600519,14:13:04,1382.2100,1,1
2026-04-30,600519,14:13:07,1382.2100,9,1
2026-04-30,600519,14:13:10,1382.0601,2,2
2026-04-30,600519,14:13:13,1382.2100,1,1
2026-04-30,600519,14:13:16,1382.1801,1,1
2026-04-30,600519,14:13:19,1382.0601,7,2
2026-04-30,600519,14:13:22,1382.0601,1,2
2026-04-30,600519,14:13:25,1382.1600,5,1
2026-04-30,600519,14:13:28,1382.0601,10,2
2026-04-30,600519,14:13:31,1382.0601,24,2
2026-04-30,600519,14:13:34,1382.0000,51,2
2026-04-30,600519,14:13:37,1382.0000,8,1
2026-04-30,600519,14:13:40,1381.8800,7,2
2026-04-30,600519,14:13:43,1381.8101,22,2
2026-04-30,600519,14:13:49,1381.8199,4,1
2026-04-30,600519,14:13:52,1381.8300,6,1
2026-04-30,600519,14:13:55,1381.8300,3,2
2026-04-30,600519,14:13:58,1381.8199,2,2
2026-04-30,600519,14:14:01,1381.9900,6,1
2026-04-30,600519,14:14:04,1381.9900,3,1
2026-04-30,600519,14:14:07,1382.0000,1,1
2026-04-30,600519,14:14:10,1381.8300,3,2
2026-04-30,600519,14:14:13,1381.9900,6,1
2026-04-30,600519,14:14:16,1381.9900,4,2
2026-04-30,600519,14:14:22,1382.0000,10,1
2026-04-30,600519,14:14:25,1381.9100,5,2
2026-04-30,600519,14:14:28,1381.9600,2,1
2026-04-30,600519,14:14:34,1381.9500,1,1
2026-04-30,600519,14:14:37,1381.9200,3,2
2026-04-30,600519,14:14:40,1381.9100,3,4
2026-04-30,600519,14:14:43,1381.9200,5,1
2026-04-30,600519,14:14:46,1381.9100,3,1
2026-04-30,600519,14:14:49,1381.8500,3,2
2026-04-30,600519,14:14:52,1381.8500,4,1
2026-04-30,600519,14:14:55,1381.9100,8,1
2026-04-30,600519,14:14:58,1381.9700,34,1
2026-04-30,600519,14:15:01,1382.0000,3,1
2026-04-30,600519,14:15:04,1381.9200,2,2
2026-04-30,600519,14:15:07,1381.9200,6,2
2026-04-30,600519,14:15:10,1381.9700,6,1
2026-04-30,600519,14:15:13,1381.9301,2,2
2026-04-30,600519,14:15:16,1381.9200,5,2
2026-04-30,600519,14:15:19,1381.8300,12,2
2026-04-30,600519,14:15:22,1381.8400,4,1
2026-04-30,600519,14:15:25,1381.8199,4,2
2026-04-30,600519,14:15:28,1381.8199,2,2
2026-04-30,600519,14:15:31,1381.8199,4,2
2026-04-30,600519,14:15:34,1381.8101,13,2
2026-04-30,600519,14:15:37,1381.8000,4,2
2026-04-30,600519,14:15:40,1381.8300,4,1
2026-04-30,600519,14:15:43,1381.8199,5,1
2026-04-30,600519,14:15:46,1381.8199,2,1
2026-04-30,600519,14:15:49,1381.8101,5,2
2026-04-30,600519,14:15:52,1381.8199,4,1
2026-04-30,600519,14:15:55,1381.8199,2,1
2026-04-30,600519,14:15:58,1381.8199,8,1
2026-04-30,600519,14:16:01,1381.8101,2,4
2026-04-30,600519,14:16:04,1381.8199,4,1
2026-04-30,600519,14:16:07,1381.8199,16,1
2026-04-30,600519,14:16:10,1381.8000,21,2
2026-04-30,600519,14:16:13,1381.8199,1,2
2026-04-30,600519,14:16:16,1381.8199,2,2
2026-04-30,600519,14:16:19,1381.8101,1,2
2026-04-30,600519,14:16:22,1381.8199,2,2
2026-04-30,600519,14:16:25,1381.8600,2,2
2026-04-30,600519,14:16:28,1381.9900,4,1
2026-04-30,600519,14:16:34,1381.9800,2,1
2026-04-30,600519,14:16:37,1381.9700,4,1
2026-04-30,600519,14:16:40,1381.9800,2,2
2026-04-30,600519,14:16:43,1381.9900,4,1
2026-04-30,600519,14:16:46,1381.9800,4,1
2026-04-30,600519,14:16:49,1381.9800,5,1
2026-04-30,600519,14:16:52,1381.8101,4,2
2026-04-30,600519,14:16:55,1381.9800,3,1
2026-04-30,600519,14:16:58,1381.8101,5,2
2026-04-30,600519,14:17:01,1381.9800,4,1
2026-04-30,600519,14:17:04,1381.9000,1,1
2026-04-30,600519,14:17:07,1381.8199,7,2
2026-04-30,600519,14:17:10,1381.8199,6,2
2026-04-30,600519,14:17:13,1381.8101,2,2
2026-04-30,600519,14:17:16,1381.8900,4,1
2026-04-30,600519,14:17:19,1381.8101,4,2
2026-04-30,600519,14:17:22,1381.8900,5,1
2026-04-30,600519,14:17:25,1381.8900,3,1
2026-04-30,600519,14:17:28,1381.8900,2,2
2026-04-30,600519,14:17:31,1381.8900,2,2
2026-04-30,600519,14:17:37,1381.9000,3,1
2026-04-30,600519,14:17:40,1381.8800,4,2
2026-04-30,600519,14:17:43,1381.8800,4,2
2026-04-30,600519,14:17:46,1381.9000,18,1
2026-04-30,600519,14:17:49,1381.8199,4,2
2026-04-30,600519,14:17:52,1381.8101,3,2
2026-04-30,600519,14:17:55,1381.8900,1,2
2026-04-30,600519,14:17:58,1381.8900,2,1
2026-04-30,600519,14:18:01,1381.8199,6,2
2026-04-30,600519,14:18:04,1381.8101,5,2
2026-04-30,600519,14:18:07,1381.8101,7,2
2026-04-30,600519,14:18:10,1381.8101,4,2
2026-04-30,600519,14:18:13,1381.8900,2,1
2026-04-30,600519,14:18:16,1381.8900,9,2
2026-04-30,600519,14:18:19,1381.8800,2,2
2026-04-30,600519,14:18:22,1381.9000,8,1
2026-04-30,600519,14:18:25,1381.8800,2,1
2026-04-30,600519,14:18:28,1381.9000,2,1
2026-04-30,600519,14:18:31,1381.9000,3,1
2026-04-30,600519,14:18:34,1381.9000,4,1
2026-04-30,600519,14:18:37,1381.8800,6,2
2026-04-30,600519,14:18:40,1381.8900,3,2
2026-04-30,600519,14:18:46,1381.8800,8,2
2026-04-30,600519,14:18:49,1381.8800,2,1
2026-04-30,600519,14:18:52,1381.8900,6,1
2026-04-30,600519,14:19:01,1381.8199,1,2
2026-04-30,600519,14:19:04,1381.8101,1,2
2026-04-30,600519,14:19:07,1381.8101,3,2
2026-04-30,600519,14:19:10,1381.8101,3,2
2026-04-30,600519,14:19:13,1381.8500,3,1
2026-04-30,600519,14:19:16,1381.8199,2,2
2026-04-30,600519,14:19:19,1381.8199,3,2
2026-04-30,600519,14:19:22,1381.8400,3,1
2026-04-30,600519,14:19:25,1381.8101,5,2
2026-04-30,600519,14:19:28,1381.8101,2,2
2026-04-30,600519,14:19:31,1381.8101,8,2
2026-04-30,600519,14:19:34,1381.8101,2,2
2026-04-30,600519,14:19:37,1381.8101,6,2
2026-04-30,600519,14:19:40,1381.8101,7,2
2026-04-30,600519,14:19:43,1381.8101,6,2
2026-04-30,600519,14:19:46,1381.8101,21,4
2026-04-30,600519,14:19:49,1381.8000,15,2
2026-04-30,600519,14:19:52,1381.8000,9,2
2026-04-30,600519,14:19:55,1381.8101,9,1
2026-04-30,600519,14:19:58,1381.8101,3,1
2026-04-30,600519,14:20:01,1381.8000,2,2
2026-04-30,600519,14:20:04,1381.8101,2,1
2026-04-30,600519,14:20:07,1381.6801,72,2
2026-04-30,600519,14:20:10,1381.6500,7,2
2026-04-30,600519,14:20:13,1381.6000,10,2
2026-04-30,600519,14:20:16,1381.5500,4,2
2026-04-30,600519,14:20:19,1381.5800,5,1
2026-04-30,600519,14:20:25,1381.5400,3,1
2026-04-30,600519,14:20:28,1381.5300,6,2
2026-04-30,600519,14:20:31,1381.5300,12,2
2026-04-30,600519,14:20:34,1381.5400,1,2
2026-04-30,600519,14:20:37,1381.5000,4,2
2026-04-30,600519,14:20:40,1381.5100,1,2
2026-04-30,600519,14:20:43,1381.5300,13,1
2026-04-30,600519,14:20:46,1381.5300,10,2
2026-04-30,600519,14:20:49,1381.5300,3,2
2026-04-30,600519,14:20:52,1381.5400,3,1
2026-04-30,600519,14:20:55,1381.5300,4,2
2026-04-30,600519,14:20:58,1381.5400,5,1
2026-04-30,600519,14:21:01,1381.5400,17,1
2026-04-30,600519,14:21:04,1381.5400,7,1
2026-04-30,600519,14:21:10,1381.5100,4,2
2026-04-30,600519,14:21:16,1381.5100,1,2
2026-04-30,600519,14:21:19,1381.5200,3,1
2026-04-30,600519,14:21:22,1381.5100,5,2
2026-04-30,600519,14:21:25,1381.5000,3,2
2026-04-30,600519,14:21:28,1381.5000,6,2
2026-04-30,600519,14:21:31,1381.5100,2,1
2026-04-30,600519,14:21:34,1381.5000,2,2
2026-04-30,600519,14:21:37,1381.5000,4,2
2026-04-30,600519,14:21:40,1381.5000,2,2
2026-04-30,600519,14:21:43,1381.5000,6,2
2026-04-30,600519,14:21:46,1381.5100,3,1
2026-04-30,600519,14:21:49,1381.5100,14,1
2026-04-30,600519,14:21:52,1381.5100,2,1
2026-04-30,600519,14:21:55,1381.5100,2,1
2026-04-30,600519,14:21:58,1381.5100,2,1
2026-04-30,600519,14:22:04,1381.5100,2,1
2026-04-30,600519,14:22:07,1381.5100,8,1
2026-04-30,600519,14:22:10,1381.5100,9,1
2026-04-30,600519,14:22:13,1381.5100,6,1
2026-04-30,600519,14:22:16,1381.5000,5,2
2026-04-30,600519,14:22:19,1381.5100,7,1
2026-04-30,600519,14:22:22,1381.5100,6,1
2026-04-30,600519,14:22:25,1381.5000,16,2
2026-04-30,600519,14:22:28,1381.5000,19,2
2026-04-30,600519,14:22:31,1381.5000,5,2
2026-04-30,600519,14:22:34,1381.5100,3,2
2026-04-30,600519,14:22:37,1381.5300,1,1
2026-04-30,600519,14:22:40,1381.5300,3,1
2026-04-30,600519,14:22:43,1381.5300,5,2
2026-04-30,600519,14:22:46,1381.5300,4,2
2026-04-30,600519,14:22:49,1381.5100,2,2
2026-04-30,600519,14:22:52,1381.5300,1,1
2026-04-30,600519,14:22:55,1381.5100,4,2
2026-04-30,600519,14:22:58,1381.5400,10,1
2026-04-30,600519,14:23:01,1381.5601,2,1
2026-04-30,600519,14:23:04,1381.5400,3,2
2026-04-30,600519,14:23:07,1381.5500,1,1
2026-04-30,600519,14:23:10,1381.5400,5,2
2026-04-30,600519,14:23:13,1381.5400,2,4
2026-04-30,600519,14:23:16,1381.5300,10,2
2026-04-30,600519,14:23:19,1381.5200,3,2
2026-04-30,600519,14:23:22,1381.5400,3,1
2026-04-30,600519,14:23:25,1381.5200,2,2
2026-04-30,600519,14:23:28,1381.5100,4,2
2026-04-30,600519,14:23:31,1381.5100,3,2
2026-04-30,600519,14:23:34,1381.5100,8,2
2026-04-30,600519,14:23:37,1381.5200,1,4
2026-04-30,600519,14:23:40,1381.5100,2,2
2026-04-30,600519,14:23:43,1381.5000,15,2
2026-04-30,600519,14:23:46,1381.5000,5,2
2026-04-30,600519,14:23:49,1381.5100,9,1
2026-04-30,600519,14:23:52,1381.5100,8,2
2026-04-30,600519,14:23:55,1381.5100,8,2
2026-04-30,600519,14:23:58,1381.5100,5,2
2026-04-30,600519,14:24:01,1381.5200,2,1
2026-04-30,600519,14:24:04,1381.5100,11,2
2026-04-30,600519,14:24:07,1381.5200,1,1
2026-04-30,600519,14:24:10,1381.5100,4,2
2026-04-30,600519,14:24:16,1381.5200,5,1
2026-04-30,600519,14:24:19,1381.5200,2,1
2026-04-30,600519,14:24:22,1381.5200,4,1
2026-04-30,600519,14:24:25,1381.5100,3,2
2026-04-30,600519,14:24:28,1381.5100,15,2
2026-04-30,600519,14:24:31,1381.5100,6,2
2026-04-30,600519,14:24:34,1381.5100,2,2
2026-04-30,600519,14:24:37,1381.5200,13,1
2026-04-30,600519,14:24:43,1381.5100,10,2
2026-04-30,600519,14:24:46,1381.5100,7,2
2026-04-30,600519,14:24:49,1381.5100,1,2
2026-04-30,600519,14:24:52,1381.5200,13,1
2026-04-30,600519,14:24:55,1381.5200,6,1
2026-04-30,600519,14:24:58,1381.5200,5,1
2026-04-30,600519,14:25:01,1381.5100,9,2
2026-04-30,600519,14:25:04,1381.5100,2,2
2026-04-30,600519,14:25:07,1381.5100,5,2
2026-04-30,600519,14:25:10,1381.5200,2,1
2026-04-30,600519,14:25:13,1381.5100,7,2
2026-04-30,600519,14:25:16,1381.5100,4,2
2026-04-30,600519,14:25:19,1381.5100,6,2
2026-04-30,600519,14:25:22,1381.5200,20,1
2026-04-30,600519,14:25:25,1381.5000,18,2
2026-04-30,600519,14:25:28,1381.5100,2,1
2026-04-30,600519,14:25:31,1381.5100,8,1
2026-04-30,600519,14:25:34,1381.5100,5,1
2026-04-30,600519,14:25:37,1381.5100,13,1
2026-04-30,600519,14:25:40,1381.5100,7,4
2026-04-30,600519,14:25:43,1381.5100,2,2
2026-04-30,600519,14:25:46,1381.5000,6,2
2026-04-30,600519,14:25:49,1381.5100,1,4
2026-04-30,600519,14:25:52,1381.5000,3,2
2026-04-30,600519,14:25:55,1381.5100,3,1
2026-04-30,600519,14:25:58,1381.5000,2,2
2026-04-30,600519,14:26:01,1381.5000,11,2
2026-04-30,600519,14:26:04,1381.5100,6,4
2026-04-30,600519,14:26:07,1381.5000,3,2
2026-04-30,600519,14:26:10,1381.5100,7,2
2026-04-30,600519,14:26:13,1381.5100,4,2
2026-04-30,600519,14:26:16,1381.5100,7,2
2026-04-30,600519,14:26:19,1381.5000,9,2
2026-04-30,600519,14:26:22,1381.5000,7,2
2026-04-30,600519,14:26:25,1381.5100,14,1
2026-04-30,600519,14:26:28,1381.5000,10,2
2026-04-30,600519,14:26:31,1381.5100,10,4
2026-04-30,600519,14:26:34,1381.5000,6,2
2026-04-30,600519,14:26:37,1381.5100,6,1
2026-04-30,600519,14:26:40,1381.5100,7,1
2026-04-30,600519,14:26:43,1381.5000,4,2
2026-04-30,600519,14:26:46,1381.5000,8,2
2026-04-30,600519,14:26:49,1381.5000,2,2
2026-04-30,600519,14:26:52,1381.5000,4,2
2026-04-30,600519,14:26:55,1381.5100,13,1
2026-04-30,600519,14:26:58,1381.5000,7,2
2026-04-30,600519,14:27:01,1381.4900,7,2
2026-04-30,600519,14:27:04,1381.5000,4,2
2026-04-30,600519,14:27:07,1381.4800,5,2
2026-04-30,600519,14:27:10,1381.5000,3,2
2026-04-30,600519,14:27:13,1381.5000,7,1
2026-04-30,600519,14:27:16,1381.5000,12,1
2026-04-30,600519,14:27:19,1381.4700,6,2
2026-04-30,600519,14:27:22,1381.4700,2,2
2026-04-30,600519,14:27:25,1381.4600,5,2
2026-04-30,600519,14:27:28,1381.4600,9,2
2026-04-30,600519,14:27:31,1381.4600,4,2
2026-04-30,600519,14:27:34,1381.4600,10,1
2026-04-30,600519,14:27:37,1381.4500,3,2
2026-04-30,600519,14:27:40,1381.4500,5,2
2026-04-30,600519,14:27:43,1381.4800,2,1
2026-04-30,600519,14:27:46,1381.4800,1,1
2026-04-30,600519,14:27:49,1381.4700,10,1
2026-04-30,600519,14:27:52,1381.4700,2,1
2026-04-30,600519,14:27:55,1381.4800,2,1
2026-04-30,600519,14:27:58,1381.4700,3,1
2026-04-30,600519,14:28:01,1381.4700,3,1
2026-04-30,600519,14:28:04,1381.4500,8,2
2026-04-30,600519,14:28:07,1381.4600,3,2
2026-04-30,600519,14:28:10,1381.4700,1,2
2026-04-30,600519,14:28:16,1381.4700,22,2
2026-04-30,600519,14:28:19,1381.4500,5,2
2026-04-30,600519,14:28:22,1381.4100,8,2
2026-04-30,600519,14:28:25,1381.4301,6,2
2026-04-30,600519,14:28:28,1381.4100,2,2
2026-04-30,600519,14:28:31,1381.4000,9,2
2026-04-30,600519,14:28:34,1381.4700,3,1
2026-04-30,600519,14:28:37,1381.4000,11,2
2026-04-30,600519,14:28:40,1381.4500,8,1
2026-04-30,600519,14:28:43,1381.4000,1,2
2026-04-30,600519,14:28:46,1381.3000,51,2
2026-04-30,600519,14:28:49,1381.3000,15,1
2026-04-30,600519,14:28:52,1381.2800,4,2
2026-04-30,600519,14:28:55,1381.2900,8,1
2026-04-30,600519,14:28:58,1381.2000,6,2
2026-04-30,600519,14:29:01,1381.2000,8,2
2026-04-30,600519,14:29:04,1381.2100,5,2
2026-04-30,600519,14:29:07,1381.2000,14,2
2026-04-30,600519,14:29:10,1381.2000,5,2
2026-04-30,600519,14:29:13,1381.2800,4,1
2026-04-30,600519,14:29:16,1381.2900,2,4
2026-04-30,600519,14:29:19,1381.2900,22,1
2026-04-30,600519,14:29:22,1381.2800,3,2
2026-04-30,600519,14:29:25,1381.2500,4,2
2026-04-30,600519,14:29:28,1381.2100,4,2
2026-04-30,600519,14:29:31,1381.2300,1,2
2026-04-30,600519,14:29:34,1381.2600,1,1
2026-04-30,600519,14:29:37,1381.2000,12,2
2026-04-30,600519,14:29:40,1381.2600,20,1
2026-04-30,600519,14:29:43,1381.2000,3,2
2026-04-30,600519,14:29:46,1381.1801,19,2
2026-04-30,600519,14:29:49,1381.1500,8,2
2026-04-30,600519,14:29:52,1381.1801,3,1
2026-04-30,600519,14:29:55,1381.1500,2,2
2026-04-30,600519,14:29:58,1381.2000,18,1
2026-04-30,600519,14:30:01,1381.2100,3,1
2026-04-30,600519,14:30:04,1381.5200,66,1
2026-04-30,600519,14:30:07,1381.8199,66,1
2026-04-30,600519,14:30:10,1382.1801,3,1
2026-04-30,600519,14:30:13,1381.9900,2,2
2026-04-30,600519,14:30:19,1382.1600,8,1
2026-04-30,600519,14:30:22,1382.9600,3,1
2026-04-30,600519,14:30:25,1382.6000,2,2
2026-04-30,600519,14:30:28,1382.6000,2,2
2026-04-30,600519,14:30:34,1382.9700,1,1
2026-04-30,600519,14:30:37,1382.9700,5,1
2026-04-30,600519,14:30:40,1382.9700,3,1
2026-04-30,600519,14:30:43,1382.9700,14,1
2026-04-30,600519,14:30:46,1382.9800,2,1
2026-04-30,600519,14:30:49,1382.9800,10,1
2026-04-30,600519,14:30:55,1382.9800,4,1
2026-04-30,600519,14:30:58,1382.9800,5,1
2026-04-30,600519,14:31:01,1382.9800,5,2
2026-04-30,600519,14:31:07,1382.9800,30,2
2026-04-30,600519,14:31:10,1382.9800,10,2
2026-04-30,600519,14:31:13,1382.9900,17,1
2026-04-30,600519,14:31:16,1382.9900,1,2
2026-04-30,600519,14:31:19,1382.9900,7,1
2026-04-30,600519,14:31:22,1382.9900,1,1
2026-04-30,600519,14:31:25,1382.9900,2,1
2026-04-30,600519,14:31:28,1382.9900,3,1
2026-04-30,600519,14:31:31,1382.9900,2,1
2026-04-30,600519,14:31:34,1382.9900,3,1
2026-04-30,600519,14:31:37,1382.9800,3,2
2026-04-30,600519,14:31:40,1382.9800,7,2
2026-04-30,600519,14:31:43,1382.9800,4,1
2026-04-30,600519,14:31:46,1382.9800,1,1
2026-04-30,600519,14:31:49,1382.6400,1,2
2026-04-30,600519,14:31:52,1382.6400,5,2
2026-04-30,600519,14:31:55,1382.9800,5,1
2026-04-30,600519,14:31:58,1382.9800,3,1
2026-04-30,600519,14:32:01,1382.8700,6,1
2026-04-30,600519,14:32:04,1382.8800,2,1
2026-04-30,600519,14:32:07,1382.8800,3,1
2026-04-30,600519,14:32:10,1382.6300,12,2
2026-04-30,600519,14:32:13,1382.6300,1,1
2026-04-30,600519,14:32:16,1382.6300,3,1
2026-04-30,600519,14:32:19,1382.6000,1,2
2026-04-30,600519,14:32:22,1382.6000,3,2
2026-04-30,600519,14:32:25,1382.5900,32,2
2026-04-30,600519,14:32:28,1382.5900,5,1
2026-04-30,600519,14:32:31,1382.3900,10,2
2026-04-30,600519,14:32:34,1382.0000,2,2
2026-04-30,600519,14:32:37,1382.5000,3,1
2026-04-30,600519,14:32:43,1382.0100,5,2
2026-04-30,600519,14:32:46,1382.5000,7,1
2026-04-30,600519,14:32:49,1382.5000,1,1
2026-04-30,600519,14:32:52,1382.0000,4,2
2026-04-30,600519,14:32:55,1382.0000,2,2
2026-04-30,600519,14:32:58,1382.0000,1,2
2026-04-30,600519,14:33:01,1382.4301,2,1
2026-04-30,600519,14:33:04,1382.4399,1,1
2026-04-30,600519,14:33:07,1382.0100,9,2
2026-04-30,600519,14:33:10,1382.0000,4,2
2026-04-30,600519,14:33:13,1382.0000,6,2
2026-04-30,600519,14:33:16,1382.0900,8,1
2026-04-30,600519,14:33:19,1382.0000,8,2
2026-04-30,600519,14:33:22,1382.0000,3,2
2026-04-30,600519,14:33:25,1382.0000,3,2
2026-04-30,600519,14:33:28,1382.4000,6,1
2026-04-30,600519,14:33:31,1382.4200,9,1
2026-04-30,600519,14:33:34,1382.4200,8,1
2026-04-30,600519,14:33:37,1382.4100,6,2
2026-04-30,600519,14:33:40,1382.4301,2,1
2026-04-30,600519,14:33:43,1382.4301,6,1
2026-04-30,600519,14:33:46,1382.4000,5,2
2026-04-30,600519,14:33:49,1382.4200,3,1
2026-04-30,600519,14:33:52,1382.4000,9,2
2026-04-30,600519,14:33:55,1382.4100,4,1
2026-04-30,600519,14:33:58,1382.4000,4,2
2026-04-30,600519,14:34:04,1382.4200,6,1
2026-04-30,600519,14:34:07,1382.4100,2,2
2026-04-30,600519,14:34:10,1382.4200,10,1
2026-04-30,600519,14:34:13,1382.4000,1,2
2026-04-30,600519,14:34:16,1382.4000,15,2
2026-04-30,600519,14:34:19,1382.4000,9,2
2026-04-30,600519,14:34:22,1382.4000,5,2
2026-04-30,600519,14:34:28,1382.4100,2,2
2026-04-30,600519,14:34:31,1382.4200,3,1
2026-04-30,600519,14:34:34,1382.4000,2,2
2026-04-30,600519,14:34:37,1382.4000,5,2
2026-04-30,600519,14:34:40,1382.0800,8,2
2026-04-30,600519,14:34:43,1382.4200,32,1
2026-04-30,600519,14:34:46,1382.2200,2,2
2026-04-30,600519,14:34:49,1382.0200,8,2
2026-04-30,600519,14:34:52,1382.3700,1,1
2026-04-30,600519,14:34:55,1382.3700,1,1
2026-04-30,600519,14:34:58,1382.3700,2,1
2026-04-30,600519,14:35:01,1382.0000,20,2
2026-04-30,600519,14:35:04,1382.3500,2,1
2026-04-30,600519,14:35:07,1382.3500,1,1
2026-04-30,600519,14:35:10,1382.3500,2,1
2026-04-30,600519,14:35:13,1382.0100,10,2
2026-04-30,600519,14:35:19,1382.3400,3,1
2026-04-30,600519,14:35:22,1382.0500,3,2
2026-04-30,600519,14:35:25,1382.3400,3,1
2026-04-30,600519,14:35:28,1382.0500,4,2
2026-04-30,600519,14:35:34,1382.3400,8,1
2026-04-30,600519,14:35:37,1382.4000,51,1
2026-04-30,600519,14:35:40,1382.4000,10,1
2026-04-30,600519,14:35:43,1382.3500,3,2
2026-04-30,600519,14:35:46,1382.4100,8,1
2026-04-30,600519,14:35:49,1382.4200,9,1
2026-04-30,600519,14:35:52,1382.4100,2,2
2026-04-30,600519,14:35:55,1382.4100,6,2
2026-04-30,600519,14:35:58,1382.4100,5,2
2026-04-30,600519,14:36:01,1382.4000,9,2
2026-04-30,600519,14:36:04,1382.4100,12,1
2026-04-30,600519,14:36:07,1382.4000,8,2
2026-04-30,600519,14:36:10,1382.4000,8,2
2026-04-30,600519,14:36:13,1382.5000,40,1
2026-04-30,600519,14:36:16,1382.5300,3,1
2026-04-30,600519,14:36:19,1382.5400,7,1
2026-04-30,600519,14:36:22,1382.4000,2,2
2026-04-30,600519,14:36:28,1382.5601,5,1
2026-04-30,600519,14:36:31,1382.4100,1,2
2026-04-30,600519,14:36:34,1382.4700,3,1
2026-04-30,600519,14:36:37,1382.4800,2,1
2026-04-30,600519,14:36:43,1382.5400,4,1
2026-04-30,600519,14:36:46,1382.5500,3,1
2026-04-30,600519,14:36:49,1382.6600,14,1
2026-04-30,600519,14:36:52,1382.8800,9,1
2026-04-30,600519,14:36:55,1382.8800,17,2
2026-04-30,600519,14:36:58,1382.6600,4,2
2026-04-30,600519,14:37:01,1382.8800,1,1
2026-04-30,600519,14:37:04,1382.8700,1,1
2026-04-30,600519,14:37:07,1382.5500,10,2
2026-04-30,600519,14:37:10,1382.8800,4,1
2026-04-30,600519,14:37:13,1382.5500,3,1
2026-04-30,600519,14:37:16,1382.8500,4,1
2026-04-30,600519,14:37:19,1382.8300,2,4
2026-04-30,600519,14:37:22,1382.8199,4,4
2026-04-30,600519,14:37:25,1382.8101,5,2
2026-04-30,600519,14:37:28,1382.8101,2,1
2026-04-30,600519,14:37:31,1382.7100,2,2
2026-04-30,600519,14:37:34,1382.8000,3,1
2026-04-30,600519,14:37:37,1382.7800,4,1
2026-04-30,600519,14:37:40,1382.7000,4,2
2026-04-30,600519,14:37:43,1382.7100,2,2
2026-04-30,600519,14:37:46,1382.7600,6,1
2026-04-30,600519,14:37:49,1382.7600,3,1
2026-04-30,600519,14:37:52,1382.7600,6,1
2026-04-30,600519,14:37:55,1382.7500,3,1
2026-04-30,600519,14:37:58,1382.6000,9,2
2026-04-30,600519,14:38:01,1382.5601,6,2
2026-04-30,600519,14:38:04,1382.5400,21,2
2026-04-30,600519,14:38:07,1382.5000,5,2
2026-04-30,600519,14:38:10,1382.4100,5,2
2026-04-30,600519,14:38:13,1382.4100,4,2
2026-04-30,600519,14:38:16,1382.4200,4,4
2026-04-30,600519,14:38:19,1382.4000,3,2
2026-04-30,600519,14:38:22,1382.4100,8,1
2026-04-30,600519,14:38:25,1382.4100,21,1
2026-04-30,600519,14:38:28,1382.4000,2,2
2026-04-30,600519,14:38:31,1382.3900,3,1
2026-04-30,600519,14:38:34,1382.4000,5,1
2026-04-30,600519,14:38:37,1382.3800,6,4
2026-04-30,600519,14:38:40,1382.3300,7,2
2026-04-30,600519,14:38:43,1382.3300,3,2
2026-04-30,600519,14:38:46,1382.3700,7,1
2026-04-30,600519,14:38:49,1382.3000,6,2
2026-04-30,600519,14:38:52,1382.3000,8,2
2026-04-30,600519,14:38:55,1382.3000,2,2
2026-04-30,600519,14:38:58,1382.3000,3,1
2026-04-30,600519,14:39:04,1382.2500,15,2
2026-04-30,600519,14:39:07,1382.1400,6,2
2026-04-30,600519,14:39:10,1382.2400,3,1
2026-04-30,600519,14:39:13,1382.0200,4,2
2026-04-30,600519,14:39:16,1382.2400,5,1
2026-04-30,600519,14:39:19,1382.0300,5,2
2026-04-30,600519,14:39:22,1382.0200,2,2
2026-04-30,600519,14:39:25,1382.0800,3,4
2026-04-30,600519,14:39:28,1382.1400,10,1
2026-04-30,600519,14:39:31,1382.0601,5,2
2026-04-30,600519,14:39:34,1382.1400,2,1
2026-04-30,600519,14:39:37,1382.3300,26,1
2026-04-30,600519,14:39:40,1382.1400,7,2
2026-04-30,600519,14:39:43,1382.3900,4,1
2026-04-30,600519,14:39:49,1382.4000,5,1
2026-04-30,600519,14:39:52,1382.4000,4,1
2026-04-30,600519,14:39:55,1382.4000,3,1
2026-04-30,600519,14:39:58,1382.5400,13,1
2026-04-30,600519,14:40:01,1382.2100,5,2
2026-04-30,600519,14:40:04,1382.2100,3,2
2026-04-30,600519,14:40:07,1382.2100,2,2
2026-04-30,600519,14:40:10,1382.2100,1,1
2026-04-30,600519,14:40:13,1382.3900,2,1
2026-04-30,600519,14:40:16,1382.1899,2,2
2026-04-30,600519,14:40:19,1382.4000,1,1
2026-04-30,600519,14:40:22,1382.3900,6,1
2026-04-30,600519,14:40:25,1382.2500,7,2
2026-04-30,600519,14:40:28,1382.2500,19,1
2026-04-30,600519,14:40:31,1382.2400,3,1
2026-04-30,600519,14:40:34,1382.2200,5,2
2026-04-30,600519,14:40:37,1382.2200,42,1
2026-04-30,600519,14:40:40,1382.2200,11,2
2026-04-30,600519,14:40:43,1382.5300,2,1
2026-04-30,600519,14:40:49,1382.5300,6,1
2026-04-30,600519,14:40:52,1382.5400,4,1
2026-04-30,600519,14:40:55,1382.5100,3,2
2026-04-30,600519,14:40:58,1382.3199,5,2
2026-04-30,600519,14:41:01,1382.5200,7,1
2026-04-30,600519,14:41:04,1382.5000,6,1
2026-04-30,600519,14:41:07,1382.5200,1,1
2026-04-30,600519,14:41:10,1382.3101,21,2
2026-04-30,600519,14:41:13,1382.5100,5,1
2026-04-30,600519,14:41:16,1382.5000,4,1
2026-04-30,600519,14:41:19,1382.3101,9,1
2026-04-30,600519,14:41:22,1382.3101,3,2
2026-04-30,600519,14:41:25,1382.3101,4,2
2026-04-30,600519,14:41:28,1382.3101,6,2
2026-04-30,600519,14:41:31,1382.3300,12,1
2026-04-30,600519,14:41:34,1382.4301,104,1
2026-04-30,600519,14:41:37,1382.3000,3,2
2026-04-30,600519,14:41:40,1382.1000,105,2
2026-04-30,600519,14:41:43,1382.4399,66,1
2026-04-30,600519,14:41:46,1382.8199,10,1
2026-04-30,600519,14:41:49,1382.8199,4,1
2026-04-30,600519,14:41:52,1382.8199,3,2
2026-04-30,600519,14:41:58,1382.8199,2,2
2026-04-30,600519,14:42:01,1382.8300,7,1
2026-04-30,600519,14:42:04,1383.0000,8,1
2026-04-30,600519,14:42:07,1382.8300,7,2
2026-04-30,600519,14:42:10,1382.8300,3,2
2026-04-30,600519,14:42:13,1382.9800,2,1
2026-04-30,600519,14:42:16,1382.9800,1,1
2026-04-30,600519,14:42:19,1382.8300,7,2
2026-04-30,600519,14:42:22,1382.9600,5,1
2026-04-30,600519,14:42:25,1382.9600,4,1
2026-04-30,600519,14:42:28,1382.8300,3,2
2026-04-30,600519,14:42:34,1382.8300,3,2
2026-04-30,600519,14:42:37,1382.8000,11,2
2026-04-30,600519,14:42:40,1382.7800,3,1
2026-04-30,600519,14:42:43,1382.4399,14,2
2026-04-30,600519,14:42:46,1382.4399,17,2
2026-04-30,600519,14:42:49,1382.7400,4,1
2026-04-30,600519,14:42:52,1382.4600,9,2
2026-04-30,600519,14:42:55,1382.7200,13,1
2026-04-30,600519,14:42:58,1382.4600,5,2
2026-04-30,600519,14:43:01,1382.7100,27,1
2026-04-30,600519,14:43:04,1382.7100,9,1
2026-04-30,600519,14:43:07,1382.7100,12,1
2026-04-30,600519,14:43:10,1382.7100,7,1
2026-04-30,600519,14:43:13,1382.7100,8,1
2026-04-30,600519,14:43:16,1382.5100,2,2
2026-04-30,600519,14:43:19,1382.5000,1,2
2026-04-30,600519,14:43:22,1382.6300,6,1
2026-04-30,600519,14:43:25,1382.5100,3,2
2026-04-30,600519,14:43:28,1382.6200,2,1
2026-04-30,600519,14:43:31,1382.6000,1,1
2026-04-30,600519,14:43:34,1382.5900,3,1
2026-04-30,600519,14:43:37,1382.5200,4,2
2026-04-30,600519,14:43:40,1382.5000,6,2
2026-04-30,600519,14:43:43,1382.5000,7,2
2026-04-30,600519,14:43:46,1382.5200,11,1
2026-04-30,600519,14:43:49,1382.5000,7,2
2026-04-30,600519,14:43:52,1382.4200,10,2
2026-04-30,600519,14:43:55,1382.4200,5,1
2026-04-30,600519,14:43:58,1382.4200,3,1
2026-04-30,600519,14:44:01,1382.4200,17,1
2026-04-30,600519,14:44:04,1382.5000,11,1
2026-04-30,600519,14:44:07,1382.5000,7,2
2026-04-30,600519,14:44:10,1382.6100,5,1
2026-04-30,600519,14:44:13,1382.6200,5,1
2026-04-30,600519,14:44:19,1382.6100,6,1
2026-04-30,600519,14:44:22,1382.5200,4,2
2026-04-30,600519,14:44:25,1382.5200,15,2
2026-04-30,600519,14:44:28,1382.5200,4,1
2026-04-30,600519,14:44:31,1382.5200,11,1
2026-04-30,600519,14:44:34,1382.5200,7,1
2026-04-30,600519,14:44:37,1382.5200,5,1
2026-04-30,600519,14:44:40,1382.5200,12,1
2026-04-30,600519,14:44:43,1382.5200,8,1
2026-04-30,600519,14:44:46,1382.5000,7,1
2026-04-30,600519,14:44:49,1382.5200,1,1
2026-04-30,600519,14:44:52,1382.5200,7,1
2026-04-30,600519,14:44:55,1382.5200,8,1
2026-04-30,600519,14:44:58,1382.5200,7,1
2026-04-30,600519,14:45:01,1382.4200,5,2
2026-04-30,600519,14:45:04,1382.5100,7,1
2026-04-30,600519,14:45:07,1382.4600,21,1
2026-04-30,600519,14:45:10,1382.4399,5,2
2026-04-30,600519,14:45:13,1382.5200,2,2
2026-04-30,600519,14:45:16,1382.4399,3,2
2026-04-30,600519,14:45:19,1382.5200,1,2
2026-04-30,600519,14:45:22,1382.5000,18,2
2026-04-30,600519,14:45:25,1382.4399,22,2
2026-04-30,600519,14:45:28,1382.4399,6,1
2026-04-30,600519,14:45:31,1382.4301,4,2
2026-04-30,600519,14:45:34,1382.4200,17,2
2026-04-30,600519,14:45:37,1382.4900,3,1
2026-04-30,600519,14:45:40,1382.4000,21,2
2026-04-30,600519,14:45:43,1382.4399,35,1
2026-04-30,600519,14:45:46,1382.3000,44,2
2026-04-30,600519,14:45:49,1382.3000,3,1
2026-04-30,600519,14:45:52,1382.3000,5,1
2026-04-30,600519,14:45:55,1382.3000,36,1
2026-04-30,600519,14:45:58,1382.3000,27,1
2026-04-30,600519,14:46:01,1382.3600,7,1
2026-04-30,600519,14:46:04,1382.3000,11,2
2026-04-30,600519,14:46:07,1382.3000,2,2
2026-04-30,600519,14:46:10,1382.3000,3,2
2026-04-30,600519,14:46:13,1382.3000,12,2
2026-04-30,600519,14:46:16,1382.2900,15,4
2026-04-30,600519,14:46:19,1382.3000,8,1
2026-04-30,600519,14:46:22,1382.7200,7,1
2026-04-30,600519,14:46:25,1382.7000,6,1
2026-04-30,600519,14:46:28,1382.7200,1,1
2026-04-30,600519,14:46:31,1382.7300,24,1
2026-04-30,600519,14:46:34,1382.7200,8,4
2026-04-30,600519,14:46:37,1382.7100,3,1
2026-04-30,600519,14:46:40,1382.6000,15,1
2026-04-30,600519,14:46:43,1382.7000,3,1
2026-04-30,600519,14:46:46,1382.7000,6,1
2026-04-30,600519,14:46:49,1382.7000,10,1
2026-04-30,600519,14:46:52,1382.7000,9,2
2026-04-30,600519,14:46:55,1382.7100,20,1
2026-04-30,600519,14:46:58,1382.7100,3,2
2026-04-30,600519,14:47:01,1382.7200,4,4
2026-04-30,600519,14:47:04,1382.7200,3,1
2026-04-30,600519,14:47:07,1382.7100,25,2
2026-04-30,600519,14:47:10,1382.7300,15,1
2026-04-30,600519,14:47:13,1382.7300,15,1
2026-04-30,600519,14:47:16,1382.7100,7,2
2026-04-30,600519,14:47:19,1382.7200,2,2
2026-04-30,600519,14:47:22,1382.7200,4,2
2026-04-30,600519,14:47:25,1382.7200,4,2
2026-04-30,600519,14:47:28,1382.7100,13,2
2026-04-30,600519,14:47:31,1382.7300,9,1
2026-04-30,600519,14:47:34,1382.7700,6,1
2026-04-30,600519,14:47:37,1382.7000,9,2
2026-04-30,600519,14:47:40,1382.7000,13,1
2026-04-30,600519,14:47:43,1382.7000,12,1
2026-04-30,600519,14:47:46,1382.7500,12,1
2026-04-30,600519,14:47:49,1382.7500,5,2
2026-04-30,600519,14:47:52,1382.7000,6,2
2026-04-30,600519,14:47:55,1382.7600,4,2
2026-04-30,600519,14:47:58,1382.7000,14,2
2026-04-30,600519,14:48:01,1382.7900,3,1
2026-04-30,600519,14:48:04,1382.7000,4,2
2026-04-30,600519,14:48:07,1382.5699,7,2
2026-04-30,600519,14:48:10,1382.7400,7,1
2026-04-30,600519,14:48:13,1382.5000,8,2
2026-04-30,600519,14:48:16,1382.5000,8,2
2026-04-30,600519,14:48:19,1382.6400,13,1
2026-04-30,600519,14:48:22,1382.5000,17,2
2026-04-30,600519,14:48:25,1382.5100,2,2
2026-04-30,600519,14:48:28,1382.5100,6,2
2026-04-30,600519,14:48:31,1382.5000,12,2
2026-04-30,600519,14:48:34,1382.5100,5,1
2026-04-30,600519,14:48:37,1382.5000,19,2
2026-04-30,600519,14:48:40,1382.5000,4,2
2026-04-30,600519,14:48:43,1382.5100,15,2
2026-04-30,600519,14:48:46,1382.6400,10,1
2026-04-30,600519,14:48:49,1382.5000,8,2
2026-04-30,600519,14:48:52,1382.6500,9,1
2026-04-30,600519,14:48:55,1382.5000,8,2
2026-04-30,600519,14:48:58,1382.6700,3,1
2026-04-30,600519,14:49:01,1382.7100,8,1
2026-04-30,600519,14:49:04,1382.7200,6,1
2026-04-30,600519,14:49:07,1382.7800,6,1
2026-04-30,600519,14:49:10,1382.8000,5,1
2026-04-30,600519,14:49:13,1382.8101,14,1
2026-04-30,600519,14:49:16,1382.8199,18,1
2026-04-30,600519,14:49:19,1382.6899,2,2
2026-04-30,600519,14:49:22,1382.6899,5,2
2026-04-30,600519,14:49:25,1382.6100,9,2
2026-04-30,600519,14:49:28,1382.5200,17,2
2026-04-30,600519,14:49:31,1382.3800,70,2
2026-04-30,600519,14:49:34,1382.3000,6,2
2026-04-30,600519,14:49:37,1382.2900,36,2
2026-04-30,600519,14:49:40,1382.2600,19,2
2026-04-30,600519,14:49:43,1382.2200,8,2
2026-04-30,600519,14:49:46,1382.2000,19,2
2026-04-30,600519,14:49:49,1382.2800,29,1
2026-04-30,600519,14:49:52,1382.3000,7,1
2026-04-30,600519,14:49:55,1382.1100,14,2
2026-04-30,600519,14:49:58,1382.1400,8,2
2026-04-30,600519,14:50:01,1382.1801,6,2
2026-04-30,600519,14:50:04,1382.2800,3,2
2026-04-30,600519,14:50:07,1382.0601,25,2
2026-04-30,600519,14:50:10,1382.0601,6,1
2026-04-30,600519,14:50:13,1382.0900,24,1
2026-04-30,600519,14:50:16,1382.5000,9,1
2026-04-30,600519,14:50:19,1382.0400,55,2
2026-04-30,600519,14:50:22,1382.6000,2,1
2026-04-30,600519,14:50:25,1382.6899,3,1
2026-04-30,600519,14:50:28,1382.6899,4,2
2026-04-30,600519,14:50:31,1382.7200,5,1
2026-04-30,600519,14:50:34,1382.7200,4,4
2026-04-30,600519,14:50:37,1382.7700,3,1
2026-04-30,600519,14:50:40,1382.7700,8,1
2026-04-30,600519,14:50:43,1382.7200,6,2
2026-04-30,600519,14:50:46,1382.7200,24,1
2026-04-30,600519,14:50:49,1382.7100,2,1
2026-04-30,600519,14:50:52,1382.7900,12,1
2026-04-30,600519,14:50:55,1382.8000,7,1
2026-04-30,600519,14:50:58,1382.7600,6,1
2026-04-30,600519,14:51:01,1382.7500,8,1
2026-04-30,600519,14:51:04,1382.8000,3,1
2026-04-30,600519,14:51:07,1382.8000,3,2
2026-04-30,600519,14:51:10,1382.8000,6,2
2026-04-30,600519,14:51:13,1382.8199,3,1
2026-04-30,600519,14:51:16,1382.8101,4,1
2026-04-30,600519,14:51:19,1382.8199,6,1
2026-04-30,600519,14:51:22,1382.8000,1,1
2026-04-30,600519,14:51:25,1382.8000,6,2
2026-04-30,600519,14:51:28,1382.8000,6,2
2026-04-30,600519,14:51:31,1382.8400,4,4
2026-04-30,600519,14:51:34,1382.8500,1,2
2026-04-30,600519,14:51:37,1382.8500,6,2
2026-04-30,600519,14:51:40,1382.8800,4,1
2026-04-30,600519,14:51:43,1382.9000,16,2
2026-04-30,600519,14:51:46,1382.9000,7,1
2026-04-30,600519,14:51:49,1382.9700,7,4
2026-04-30,600519,14:51:52,1382.9399,3,1
2026-04-30,600519,14:51:55,1382.9600,6,1
2026-04-30,600519,14:51:58,1382.9500,4,1
2026-04-30,600519,14:52:01,1382.9900,10,1
2026-04-30,600519,14:52:04,1383.0000,7,1
2026-04-30,600519,14:52:07,1383.0000,3,1
2026-04-30,600519,14:52:10,1383.0000,5,1
2026-04-30,600519,14:52:13,1382.9900,18,2
2026-04-30,600519,14:52:16,1382.9900,5,1
2026-04-30,600519,14:52:19,1382.9900,10,1
2026-04-30,600519,14:52:22,1383.0000,14,1
2026-04-30,600519,14:52:25,1383.0000,3,2
2026-04-30,600519,14:52:28,1383.0000,7,2
2026-04-30,600519,14:52:31,1383.0100,3,2
2026-04-30,600519,14:52:34,1383.0200,3,2
2026-04-30,600519,14:52:37,1383.0699,3,1
2026-04-30,600519,14:52:40,1383.0699,14,1
2026-04-30,600519,14:52:43,1383.0800,7,1
2026-04-30,600519,14:52:46,1383.0699,5,2
2026-04-30,600519,14:52:49,1383.0800,6,1
2026-04-30,600519,14:52:52,1383.0601,5,2
2026-04-30,600519,14:52:55,1383.0500,11,2
2026-04-30,600519,14:52:58,1383.0500,15,4
2026-04-30,600519,14:53:01,1383.0601,5,1
2026-04-30,600519,14:53:04,1383.0601,6,1
2026-04-30,600519,14:53:07,1383.0601,7,1
2026-04-30,600519,14:53:10,1383.0699,8,1
2026-04-30,600519,14:53:13,1383.0100,9,2
2026-04-30,600519,14:53:16,1383.0699,12,1
2026-04-30,600519,14:53:19,1383.0699,8,1
2026-04-30,600519,14:53:22,1383.0100,4,1
2026-04-30,600519,14:53:25,1383.0800,5,1
2026-04-30,600519,14:53:28,1383.0100,15,2
2026-04-30,600519,14:53:31,1383.0200,2,1
2026-04-30,600519,14:53:34,1383.0601,7,1
2026-04-30,600519,14:53:37,1383.0500,8,1
2026-04-30,600519,14:53:40,1383.0400,4,1
2026-04-30,600519,14:53:43,1383.0200,5,2
2026-04-30,600519,14:53:46,1383.0400,6,1
2026-04-30,600519,14:53:49,1383.0400,3,1
2026-04-30,600519,14:53:52,1383.0400,2,1
2026-04-30,600519,14:53:55,1383.0200,17,2
2026-04-30,600519,14:53:58,1383.0400,7,2
2026-04-30,600519,14:54:01,1383.0400,11,2
2026-04-30,600519,14:54:04,1383.0200,20,2
2026-04-30,600519,14:54:07,1383.0300,16,1
2026-04-30,600519,14:54:10,1383.0400,4,4
2026-04-30,600519,14:54:13,1383.0400,6,1
2026-04-30,600519,14:54:16,1383.0400,15,1
2026-04-30,600519,14:54:19,1383.0800,8,1
2026-04-30,600519,14:54:22,1383.0699,11,2
2026-04-30,600519,14:54:25,1383.1000,10,1
2026-04-30,600519,14:54:28,1383.1000,1,1
2026-04-30,600519,14:54:31,1383.0699,10,2
2026-04-30,600519,14:54:34,1383.0699,15,2
2026-04-30,600519,14:54:37,1383.1000,7,2
2026-04-30,600519,14:54:40,1383.1000,6,1
2026-04-30,600519,14:54:43,1383.1000,5,2
2026-04-30,600519,14:54:46,1383.2100,23,1
2026-04-30,600519,14:54:49,1383.1700,2,2
2026-04-30,600519,14:54:52,1383.2400,4,1
2026-04-30,600519,14:54:55,1383.2300,7,1
2026-04-30,600519,14:54:58,1383.1200,13,2
2026-04-30,600519,14:55:01,1383.2500,2,2
2026-04-30,600519,14:55:04,1383.6500,16,1
2026-04-30,600519,14:55:07,1383.6899,5,1
2026-04-30,600519,14:55:10,1383.8000,1,1
2026-04-30,600519,14:55:13,1383.8800,7,1
2026-04-30,600519,14:55:16,1383.9100,7,1
2026-04-30,600519,14:55:19,1383.9000,11,2
2026-04-30,600519,14:55:22,1384.0000,3,1
2026-04-30,600519,14:55:25,1383.9900,12,1
2026-04-30,600519,14:55:28,1384.3600,4,1
2026-04-30,600519,14:55:31,1384.4200,5,1
2026-04-30,600519,14:55:34,1384.4100,3,1
2026-04-30,600519,14:55:37,1384.4100,7,1
2026-04-30,600519,14:55:40,1384.4100,3,1
2026-04-30,600519,14:55:43,1384.4500,9,1
2026-04-30,600519,14:55:46,1384.4500,5,2
2026-04-30,600519,14:55:49,1384.5000,7,2
2026-04-30,600519,14:55:52,1384.5100,6,2
2026-04-30,600519,14:55:55,1384.5601,4,2
2026-04-30,600519,14:55:58,1384.7100,6,1
2026-04-30,600519,14:56:01,1384.7800,15,1
2026-04-30,600519,14:56:04,1384.7800,6,2
2026-04-30,600519,14:56:07,1384.7800,18,2
2026-04-30,600519,14:56:10,1384.7800,12,2
2026-04-30,600519,14:56:13,1384.9900,11,1
2026-04-30,600519,14:56:16,1384.9800,15,1
2026-04-30,600519,14:56:19,1384.8500,9,2
2026-04-30,600519,14:56:22,1384.7900,13,2
2026-04-30,600519,14:56:25,1384.9100,5,2
2026-04-30,600519,14:56:28,1384.9800,8,1
2026-04-30,600519,14:56:31,1384.9900,14,1
2026-04-30,600519,14:56:34,1384.9900,37,1
2026-04-30,600519,14:56:37,1384.9900,7,2
2026-04-30,600519,14:56:40,1384.9800,29,2
2026-04-30,600519,14:56:43,1384.9500,38,2
2026-04-30,600519,14:56:46,1384.8800,15,2
2026-04-30,600519,14:56:49,1384.9301,12,1
2026-04-30,600519,14:56:52,1384.7900,12,2
2026-04-30,600519,14:56:55,1384.9000,11,1
2026-04-30,600519,14:56:58,1384.8500,4,2
2026-04-30,600519,14:57:01,1384.8500,10,2
2026-04-30,600519,15:00:03,1384.7900,752,4
2026-04-30,600519,13:12:49,1381.0200,5,2
2026-04-30,600519,13:12:52,1381.0400,2,2
2026-04-30,600519,13:12:55,1381.0800,6,1
2026-04-30,600519,13:12:58,1381.0300,2,2
2026-04-30,600519,13:13:01,1381.0300,3,1
2026-04-30,600519,13:13:04,1381.0200,3,2
2026-04-30,600519,13:13:07,1381.0300,7,1
2026-04-30,600519,13:13:10,1381.0200,5,2
2026-04-30,600519,13:13:13,1381.0300,5,4
2026-04-30,600519,13:13:16,1381.0200,5,2
2026-04-30,600519,13:13:19,1381.0300,7,1
2026-04-30,600519,13:13:22,1381.0200,7,2
2026-04-30,600519,13:13:25,1381.0000,19,2
2026-04-30,600519,13:13:28,1381.0400,3,1
2026-04-30,600519,13:13:31,1381.0300,1,2
2026-04-30,600519,13:13:34,1381.0000,5,2
2026-04-30,600519,13:13:37,1381.0100,18,1
2026-04-30,600519,13:13:40,1381.0000,8,2
2026-04-30,600519,13:13:43,1381.0000,4,2
2026-04-30,600519,13:13:46,1381.0000,15,2
2026-04-30,600519,13:13:49,1381.0000,9,2
2026-04-30,600519,13:13:52,1381.0000,6,2
2026-04-30,600519,13:13:55,1381.0000,30,2
2026-04-30,600519,13:13:58,1381.0100,22,1
2026-04-30,600519,13:14:01,1381.0100,2,4
2026-04-30,600519,13:14:04,1381.0000,6,2
2026-04-30,600519,13:14:07,1381.0200,4,1
2026-04-30,600519,13:14:10,1381.0000,12,2
2026-04-30,600519,13:14:13,1381.0000,8,2
2026-04-30,600519,13:14:16,1381.0000,5,2
2026-04-30,600519,13:14:19,1381.0100,14,4
2026-04-30,600519,13:14:22,1381.0000,3,2
2026-04-30,600519,13:14:25,1381.0000,7,2
2026-04-30,600519,13:14:28,1381.0200,4,1
2026-04-30,600519,13:14:31,1381.0000,3,2
2026-04-30,600519,13:14:34,1381.0200,6,1
2026-04-30,600519,13:14:37,1381.0100,7,4
2026-04-30,600519,13:14:40,1381.0000,32,2
2026-04-30,600519,13:14:43,1381.0000,9,2
2026-04-30,600519,13:14:46,1381.0200,7,1
2026-04-30,600519,13:14:49,1381.0100,2,4
2026-04-30,600519,13:14:52,1381.0000,8,2
2026-04-30,600519,13:14:55,1380.9900,5,2
2026-04-30,600519,13:14:58,1381.0100,9,1
2026-04-30,600519,13:15:01,1381.0000,6,2
2026-04-30,600519,13:15:04,1381.0200,7,1
2026-04-30,600519,13:15:07,1381.0000,3,2
2026-04-30,600519,13:15:10,1380.9800,10,2
2026-04-30,600519,13:15:13,1380.9800,1,2
2026-04-30,600519,13:15:16,1380.9800,11,2
2026-04-30,600519,13:15:19,1380.9800,3,2
2026-04-30,600519,13:15:22,1380.9800,1,2
2026-04-30,600519,13:15:25,1380.9800,4,2
2026-04-30,600519,13:15:28,1380.9800,18,2
2026-04-30,600519,13:15:31,1380.9600,14,2
2026-04-30,600519,13:15:34,1380.9200,17,2
2026-04-30,600519,13:15:37,1380.9100,44,4
2026-04-30,600519,13:15:40,1380.8300,5,2
2026-04-30,600519,13:15:43,1380.8101,7,2
2026-04-30,600519,13:15:49,1380.8000,10,2
2026-04-30,600519,13:15:52,1380.7700,9,2
2026-04-30,600519,13:15:55,1380.7200,5,2
2026-04-30,600519,13:15:58,1380.6400,8,2
2026-04-30,600519,13:16:01,1380.6000,6,2
2026-04-30,600519,13:16:04,1380.6000,17,2
2026-04-30,600519,13:16:07,1380.6400,13,1
2026-04-30,600519,13:16:10,1380.6400,9,1
2026-04-30,600519,13:16:13,1380.6400,16,2
2026-04-30,600519,13:16:16,1380.6400,12,2
2026-04-30,600519,13:16:19,1380.6400,14,2
2026-04-30,600519,13:16:22,1380.6400,10,2
2026-04-30,600519,13:16:25,1380.6100,11,2
2026-04-30,600519,13:16:28,1380.5500,19,2
2026-04-30,600519,13:16:31,1380.5400,8,2
2026-04-30,600519,13:16:34,1380.5699,29,1
2026-04-30,600519,13:16:37,1380.5000,7,2
2026-04-30,600519,13:16:40,1380.5000,4,2
2026-04-30,600519,13:16:43,1380.5200,11,1
2026-04-30,600519,13:16:46,1380.5200,19,1
2026-04-30,600519,13:16:49,1380.4800,8,2
2026-04-30,600519,13:16:52,1380.4700,1,2
2026-04-30,600519,13:16:55,1380.3300,11,2
2026-04-30,600519,13:16:58,1380.2800,17,2
2026-04-30,600519,13:17:01,1380.2000,10,2
2026-04-30,600519,13:17:04,1380.2000,8,2
2026-04-30,600519,13:17:07,1380.1801,18,2
2026-04-30,600519,13:17:10,1380.1500,13,2
2026-04-30,600519,13:17:13,1380.1100,18,2
2026-04-30,600519,13:17:16,1380.1100,10,2
2026-04-30,600519,13:17:19,1380.1000,20,2
2026-04-30,600519,13:17:22,1380.0601,14,2
2026-04-30,600519,13:17:25,1380.0900,9,1
2026-04-30,600519,13:17:28,1380.0900,15,1
2026-04-30,600519,13:17:31,1380.0300,18,2
2026-04-30,600519,13:17:34,1380.0200,34,2
2026-04-30,600519,13:17:37,1380.0100,9,2
2026-04-30,600519,13:17:43,1380.0100,9,2
2026-04-30,600519,13:17:46,1380.0200,14,2
2026-04-30,600519,13:17:49,1380.0100,12,2
2026-04-30,600519,13:17:52,1380.0200,5,2
2026-04-30,600519,13:17:55,1380.0200,2,4
2026-04-30,600519,13:17:58,1380.0100,19,2
2026-04-30,600519,13:18:01,1380.0200,10,1
2026-04-30,600519,13:18:04,1380.0100,8,2
2026-04-30,600519,13:18:07,1380.0200,7,1
2026-04-30,600519,13:18:10,1380.0200,8,1
2026-04-30,600519,13:18:13,1380.0200,63,2
2026-04-30,600519,13:18:16,1380.0200,12,1
2026-04-30,600519,13:18:19,1380.0200,2,1
2026-04-30,600519,13:18:22,1380.0200,59,1
2026-04-30,600519,13:18:25,1380.0200,14,2
2026-04-30,600519,13:18:28,1380.0300,12,4
2026-04-30,600519,13:18:31,1380.0300,11,1
2026-04-30,600519,13:18:34,1380.0200,4,2
2026-04-30,600519,13:18:37,1380.0100,11,2
2026-04-30,600519,13:18:40,1380.0200,9,1
2026-04-30,600519,13:18:43,1380.0200,4,2
2026-04-30,600519,13:18:46,1380.0100,4,2
2026-04-30,600519,13:18:49,1380.0100,3,2
2026-04-30,600519,13:18:52,1380.0100,5,2
2026-04-30,600519,13:18:55,1380.0200,3,1
2026-04-30,600519,13:18:58,1380.0200,1,2
2026-04-30,600519,13:19:01,1380.0200,20,2
2026-04-30,600519,13:19:04,1380.0300,10,1
2026-04-30,600519,13:19:07,1380.0300,18,1
2026-04-30,600519,13:19:10,1380.0100,6,2
2026-04-30,600519,13:19:13,1380.0300,17,1
2026-04-30,600519,13:19:16,1380.0300,21,2
2026-04-30,600519,13:19:19,1380.0400,16,1
2026-04-30,600519,13:19:22,1380.0300,7,2
2026-04-30,600519,13:19:25,1380.0400,6,1
2026-04-30,600519,13:19:28,1380.0400,4,1
2026-04-30,600519,13:19:31,1380.0200,6,2
2026-04-30,600519,13:19:34,1380.0300,5,1
2026-04-30,600519,13:19:37,1380.0200,6,2
2026-04-30,600519,13:19:40,1380.0200,7,2
2026-04-30,600519,13:19:43,1380.0200,7,2
2026-04-30,600519,13:19:46,1380.0300,8,4
2026-04-30,600519,13:19:49,1380.0300,11,2
2026-04-30,600519,13:19:52,1380.0400,15,1
2026-04-30,600519,13:19:55,1380.0200,12,2
2026-04-30,600519,13:19:58,1380.0400,14,1
2026-04-30,600519,13:20:01,1380.0300,5,2
2026-04-30,600519,13:20:04,1380.0300,9,2
2026-04-30,600519,13:20:07,1380.0300,11,1
2026-04-30,600519,13:20:10,1380.0200,12,2
2026-04-30,600519,13:20:13,1380.0200,10,1
2026-04-30,600519,13:20:16,1380.0200,6,2
2026-04-30,600519,13:20:19,1380.0400,10,1
2026-04-30,600519,13:20:22,1380.0300,1,4
2026-04-30,600519,13:20:25,1380.0300,3,1
2026-04-30,600519,13:20:31,1380.0300,5,2
2026-04-30,600519,13:20:34,1380.0200,3,2
2026-04-30,600519,13:20:37,1380.0200,10,2
2026-04-30,600519,13:20:40,1380.0300,5,1
2026-04-30,600519,13:20:43,1380.0100,5,2
2026-04-30,600519,13:20:46,1380.0100,17,2
2026-04-30,600519,13:20:49,1380.0100,11,2
2026-04-30,600519,13:20:52,1380.0200,6,4
2026-04-30,600519,13:20:55,1380.0200,6,2
2026-04-30,600519,13:20:58,1380.0300,2,1
2026-04-30,600519,13:21:01,1380.0300,12,1
2026-04-30,600519,13:21:04,1380.0400,16,1
2026-04-30,600519,13:21:07,1380.0400,2,2
2026-04-30,600519,13:21:10,1380.0500,4,1
2026-04-30,600519,13:21:13,1380.0400,7,2
2026-04-30,600519,13:21:16,1380.0400,6,1
2026-04-30,600519,13:21:19,1380.0400,5,1
2026-04-30,600519,13:21:22,1380.0400,5,1
2026-04-30,600519,13:21:25,1380.0400,11,1
2026-04-30,600519,13:21:28,1380.0300,47,2
2026-04-30,600519,13:21:31,1380.0300,33,4
2026-04-30,600519,13:21:34,1380.0100,45,2
2026-04-30,600519,13:21:37,1380.0200,43,4
2026-04-30,600519,13:21:40,1380.0000,48,2
2026-04-30,600519,13:21:43,1380.0400,64,1
2026-04-30,600519,13:21:46,1380.0300,36,1
2026-04-30,600519,13:21:49,1380.0000,40,2
2026-04-30,600519,13:21:52,1380.0000,38,2
2026-04-30,600519,13:21:55,1380.0000,59,2
2026-04-30,600519,13:21:58,1380.0000,46,2
2026-04-30,600519,13:22:01,1380.0000,41,2
2026-04-30,600519,13:22:04,1380.0000,61,2
2026-04-30,600519,13:22:07,1380.0000,47,2
2026-04-30,600519,13:22:10,1380.0000,15,2
2026-04-30,600519,13:22:13,1380.0000,50,2
2026-04-30,600519,13:22:16,1380.0100,11,2
2026-04-30,600519,13:22:19,1380.0000,6,2
2026-04-30,600519,13:22:22,1380.0100,3,1
2026-04-30,600519,13:22:25,1380.0100,6,1
2026-04-30,600519,13:22:28,1380.0200,31,1
2026-04-30,600519,13:22:31,1380.0100,8,2
2026-04-30,600519,13:22:34,1380.0100,7,1
2026-04-30,600519,13:22:43,1380.0100,5,2
2026-04-30,600519,13:22:46,1380.0200,8,1
2026-04-30,600519,13:22:49,1380.0500,17,1
2026-04-30,600519,13:22:52,1380.0500,4,1
2026-04-30,600519,13:22:55,1380.0300,6,2
2026-04-30,600519,13:22:58,1380.0500,2,1
2026-04-30,600519,13:23:01,1380.0601,13,1
2026-04-30,600519,13:23:04,1380.0200,19,2
2026-04-30,600519,13:23:07,1380.0699,4,1
2026-04-30,600519,13:23:10,1380.0800,4,1
2026-04-30,600519,13:23:13,1380.0500,7,2
2026-04-30,600519,13:23:16,1380.0500,1,2
2026-04-30,600519,13:23:19,1380.0200,14,2
2026-04-30,600519,13:23:22,1380.0500,6,1
2026-04-30,600519,13:23:25,1380.0100,7,2
2026-04-30,600519,13:23:28,1380.0300,5,4
2026-04-30,600519,13:23:31,1380.0300,4,4
2026-04-30,600519,13:23:34,1380.0400,7,1
2026-04-30,600519,13:23:37,1380.0300,4,4
2026-04-30,600519,13:23:40,1380.0400,3,1
2026-04-30,600519,13:23:43,1380.0300,2,2
2026-04-30,600519,13:23:46,1380.0400,16,1
2026-04-30,600519,13:23:49,1380.0400,1,2
2026-04-30,600519,13:23:52,1380.0400,5,2
2026-04-30,600519,13:23:55,1380.0400,6,4
2026-04-30,600519,13:23:58,1380.0300,4,2
2026-04-30,600519,13:24:01,1380.0400,11,4
2026-04-30,600519,13:24:04,1380.0300,7,2
2026-04-30,600519,13:24:07,1380.0500,2,1
2026-04-30,600519,13:24:10,1380.0400,4,4
2026-04-30,600519,13:24:13,1380.0500,5,1
2026-04-30,600519,13:24:16,1380.0400,7,4
2026-04-30,600519,13:24:19,1380.0300,5,2
2026-04-30,600519,13:24:22,1380.0400,3,1
2026-04-30,600519,13:24:25,1380.0500,3,1
2026-04-30,600519,13:24:28,1380.0400,2,2
2026-04-30,600519,13:24:31,1380.0300,14,2
2026-04-30,600519,13:24:34,1380.0500,11,1
2026-04-30,600519,13:24:37,1380.0200,3,2
2026-04-30,600519,13:24:40,1380.0400,8,1
2026-04-30,600519,13:24:43,1380.0200,3,2
2026-04-30,600519,13:24:46,1380.0200,10,2
2026-04-30,600519,13:24:49,1380.0100,3,2
2026-04-30,600519,13:24:52,1380.0400,4,1
2026-04-30,600519,13:24:55,1380.0400,16,1
2026-04-30,600519,13:24:58,1380.0100,5,2
2026-04-30,600519,13:25:01,1380.0400,8,1
2026-04-30,600519,13:25:04,1380.0400,4,1
2026-04-30,600519,13:25:07,1380.0200,4,2
2026-04-30,600519,13:25:10,1380.0500,2,1
2026-04-30,600519,13:25:13,1380.0500,3,1
2026-04-30,600519,13:25:16,1380.0500,11,1
2026-04-30,600519,13:25:19,1380.0500,1,1
2026-04-30,600519,13:25:22,1380.0500,5,1
2026-04-30,600519,13:25:28,1380.0500,9,1
2026-04-30,600519,13:25:31,1380.0601,13,1
2026-04-30,600519,13:25:34,1380.0400,8,2
2026-04-30,600519,13:25:37,1380.0400,14,1
2026-04-30,600519,13:25:40,1380.0400,21,1
2026-04-30,600519,13:25:43,1380.0100,19,2
2026-04-30,600519,13:25:46,1380.0100,22,2
2026-04-30,600519,13:25:49,1380.0200,14,1
2026-04-30,600519,13:25:52,1380.0000,7,2
2026-04-30,600519,13:25:55,1380.0000,9,2
2026-04-30,600519,13:25:58,1380.0100,19,1
2026-04-30,600519,13:26:01,1380.0100,11,1
2026-04-30,600519,13:26:04,1380.0100,3,1
2026-04-30,600519,13:26:07,1380.0100,2,2
2026-04-30,600519,13:26:10,1380.0500,34,1
2026-04-30,600519,13:26:16,1380.0800,1,1
2026-04-30,600519,13:26:19,1380.0601,13,2
2026-04-30,600519,13:26:22,1380.0500,3,2
2026-04-30,600519,13:26:25,1380.0500,3,2
2026-04-30,600519,13:26:28,1380.0601,5,1
2026-04-30,600519,13:26:31,1380.0601,10,1
2026-04-30,600519,13:26:34,1380.0601,13,1
2026-04-30,600519,13:26:37,1380.0601,25,2
2026-04-30,600519,13:26:40,1380.1000,6,1
2026-04-30,600519,13:26:43,1380.0601,5,2
2026-04-30,600519,13:26:46,1380.1000,2,1
2026-04-30,600519,13:26:49,1380.1100,2,1
2026-04-30,600519,13:26:52,1380.1100,9,1
2026-04-30,600519,13:26:55,1380.1100,4,2
2026-04-30,600519,13:26:58,1380.1300,1,1
2026-04-30,600519,13:27:01,1380.1100,4,2
2026-04-30,600519,13:27:04,1380.1200,10,2
2026-04-30,600519,13:27:07,1380.1300,4,1
2026-04-30,600519,13:27:10,1380.1300,2,4
2026-04-30,600519,13:27:13,1380.1400,8,1
2026-04-30,600519,13:27:16,1380.1700,16,1
2026-04-30,600519,13:27:19,1380.4200,12,1
2026-04-30,600519,13:27:22,1380.2000,1,2
2026-04-30,600519,13:27:25,1380.4200,5,1
2026-04-30,600519,13:27:28,1380.3900,10,1
2026-04-30,600519,13:27:31,1380.3800,4,1
2026-04-30,600519,13:27:34,1380.4000,2,1
2026-04-30,600519,13:27:37,1380.4700,6,1
2026-04-30,600519,13:27:40,1380.4200,1,2
2026-04-30,600519,13:27:43,1380.4900,1,1
2026-04-30,600519,13:27:46,1380.4301,2,2
2026-04-30,600519,13:27:49,1380.4600,2,1
2026-04-30,600519,13:27:52,1380.5000,17,1
2026-04-30,600519,13:27:55,1380.4900,2,2
2026-04-30,600519,13:27:58,1380.5200,3,1
2026-04-30,600519,13:28:01,1380.5100,6,2
2026-04-30,600519,13:28:04,1380.5300,4,1
2026-04-30,600519,13:28:07,1380.5300,7,1
2026-04-30,600519,13:28:10,1380.5200,7,2
2026-04-30,600519,13:28:13,1380.6000,9,1
2026-04-30,600519,13:28:16,1380.6000,17,1
2026-04-30,600519,13:28:19,1380.6000,2,1
2026-04-30,600519,13:28:22,1380.6600,3,1
2026-04-30,600519,13:28:25,1380.7000,8,1
2026-04-30,600519,13:28:28,1381.2800,51,1
2026-04-30,600519,13:28:31,1381.4301,5,1
2026-04-30,600519,13:28:34,1381.2800,4,1
2026-04-30,600519,13:28:37,1381.2800,2,1
2026-04-30,600519,13:28:40,1381.2900,2,2
2026-04-30,600519,13:28:43,1381.4100,8,1
2026-04-30,600519,13:28:46,1381.4301,7,1
2026-04-30,600519,13:28:49,1381.5000,5,1
2026-04-30,600519,13:28:52,1381.5000,9,2
2026-04-30,600519,13:28:55,1382.5800,6,1
2026-04-30,600519,13:28:58,1381.5200,1,2
2026-04-30,600519,13:29:01,1381.9800,5,2
2026-04-30,600519,13:29:04,1381.9900,4,2
2026-04-30,600519,13:29:07,1382.5500,7,1
2026-04-30,600519,13:29:10,1382.5500,5,1
2026-04-30,600519,13:29:13,1382.0000,5,2
2026-04-30,600519,13:29:16,1382.5400,6,1
2026-04-30,600519,13:29:19,1382.5500,1,1
2026-04-30,600519,13:29:22,1382.5500,9,1
2026-04-30,600519,13:29:25,1382.5500,5,1
2026-04-30,600519,13:29:28,1382.0000,8,2
2026-04-30,600519,13:29:31,1382.3600,9,1
2026-04-30,600519,13:29:34,1382.3400,4,1
2026-04-30,600519,13:29:37,1382.5699,21,1
2026-04-30,600519,13:29:40,1382.0300,4,2
2026-04-30,600519,13:29:43,1382.0300,6,2
2026-04-30,600519,13:29:46,1382.5500,3,1
2026-04-30,600519,13:29:49,1382.5500,4,1
2026-04-30,600519,13:29:52,1382.8000,7,1
2026-04-30,600519,13:29:55,1382.8000,4,1
2026-04-30,600519,13:29:58,1383.0000,21,1
2026-04-30,600519,13:30:01,1383.0000,10,1
2026-04-30,600519,13:30:04,1383.0100,2,2
2026-04-30,600519,13:30:07,1383.1700,2,1
2026-04-30,600519,13:30:10,1383.2900,29,1
2026-04-30,600519,13:30:13,1384.6500,14,1
2026-04-30,600519,13:30:16,1384.6500,2,1
2026-04-30,600519,13:30:19,1384.6400,15,1
2026-04-30,600519,13:30:22,1384.5800,8,1
2026-04-30,600519,13:30:25,1383.3101,8,2
2026-04-30,600519,13:30:28,1384.5000,11,1
2026-04-30,600519,13:30:31,1384.2200,4,1
2026-04-30,600519,13:30:34,1383.2800,5,2
2026-04-30,600519,13:30:37,1384.2200,14,1
2026-04-30,600519,13:30:40,1384.2200,10,1
2026-04-30,600519,13:30:43,1384.0000,7,1
2026-04-30,600519,13:30:46,1384.2100,3,1
2026-04-30,600519,13:30:49,1384.2000,4,1
2026-04-30,600519,13:30:52,1383.1700,5,2
2026-04-30,600519,13:30:55,1383.9200,4,1
2026-04-30,600519,13:30:58,1383.9100,3,1
2026-04-30,600519,13:31:01,1383.5900,12,2
2026-04-30,600519,13:31:04,1383.5900,11,2
2026-04-30,600519,13:31:07,1383.2600,5,2
2026-04-30,600519,13:31:10,1383.6801,8,1
2026-04-30,600519,13:31:13,1383.0300,13,2
2026-04-30,600519,13:31:16,1383.9700,43,1
2026-04-30,600519,13:31:19,1384.2000,4,4
2026-04-30,600519,13:31:22,1384.2000,4,2
2026-04-30,600519,13:31:25,1384.5000,10,1
2026-04-30,600519,13:31:28,1384.2000,2,2
2026-04-30,600519,13:31:31,1384.5000,5,1
2026-04-30,600519,13:31:34,1384.5000,11,1
2026-04-30,600519,13:31:37,1384.5000,2,2
2026-04-30,600519,13:31:40,1384.5200,6,4
2026-04-30,600519,13:31:43,1384.5000,7,2
2026-04-30,600519,13:31:46,1384.5000,23,2
2026-04-30,600519,13:31:49,1384.5000,8,1
2026-04-30,600519,13:31:52,1384.5000,4,1
2026-04-30,600519,13:31:55,1384.5000,3,1
2026-04-30,600519,13:31:58,1384.5000,4,1
2026-04-30,600519,13:32:01,1384.2000,9,2
2026-04-30,600519,13:32:04,1384.2300,19,2
2026-04-30,600519,13:32:07,1384.5200,4,1
2026-04-30,600519,13:32:10,1384.2400,10,2
2026-04-30,600519,13:32:13,1384.2000,17,2
2026-04-30,600519,13:32:16,1384.2800,12,1
2026-04-30,600519,13:32:19,1384.0300,1,2
2026-04-30,600519,13:32:22,1384.2000,22,1
2026-04-30,600519,13:32:25,1384.2700,4,1
2026-04-30,600519,13:32:28,1384.2800,4,1
2026-04-30,600519,13:32:31,1384.3800,4,1
2026-04-30,600519,13:32:34,1384.3600,2,2
2026-04-30,600519,13:32:37,1384.2700,5,2
2026-04-30,600519,13:32:40,1384.2900,3,2
2026-04-30,600519,13:32:43,1384.0000,5,2
2026-04-30,600519,13:32:46,1384.2800,3,2
2026-04-30,600519,13:32:49,1384.2800,1,1
2026-04-30,600519,13:32:52,1384.2500,5,1
2026-04-30,600519,13:32:55,1384.1400,2,2
2026-04-30,600519,13:33:01,1383.9900,7,2
2026-04-30,600519,13:33:04,1384.0000,4,2
2026-04-30,600519,13:33:07,1384.0000,7,2
2026-04-30,600519,13:33:10,1384.0000,3,2
2026-04-30,600519,13:33:13,1383.9200,7,2
2026-04-30,600519,13:33:16,1383.9900,4,1
2026-04-30,600519,13:33:19,1383.9900,2,1
2026-04-30,600519,13:33:22,1383.9500,5,2
2026-04-30,600519,13:33:25,1383.9399,6,2
2026-04-30,600519,13:33:28,1383.9900,4,1
2026-04-30,600519,13:33:31,1383.9200,3,2
2026-04-30,600519,13:33:34,1383.8800,3,1
2026-04-30,600519,13:33:37,1383.9301,3,1
2026-04-30,600519,13:33:40,1383.8600,3,1
2026-04-30,600519,13:33:43,1383.9100,4,1
2026-04-30,600519,13:33:46,1383.5800,8,2
2026-04-30,600519,13:33:49,1383.5800,4,2
2026-04-30,600519,13:33:52,1383.9000,4,1
2026-04-30,600519,13:33:55,1383.5300,2,2
2026-04-30,600519,13:33:58,1383.7000,3,2
2026-04-30,600519,13:34:01,1383.7000,3,2
2026-04-30,600519,13:34:10,1383.7000,5,2
2026-04-30,600519,13:34:13,1383.6000,7,2
2026-04-30,600519,13:34:16,1383.6400,1,2
2026-04-30,600519,13:34:19,1383.6100,2,2
2026-04-30,600519,13:34:22,1383.5300,9,2
2026-04-30,600519,13:34:25,1383.5300,1,2
2026-04-30,600519,13:34:28,1383.5300,9,2
2026-04-30,600519,13:34:34,1383.5000,4,2
2026-04-30,600519,13:34:37,1383.5200,5,1
2026-04-30,600519,13:34:40,1383.3300,3,2
2026-04-30,600519,13:34:43,1383.3000,6,2
2026-04-30,600519,13:34:46,1383.2900,4,2
2026-04-30,600519,13:34:49,1383.4000,3,1
2026-04-30,600519,13:34:52,1383.2900,3,2
2026-04-30,600519,13:34:55,1383.2300,5,2
2026-04-30,600519,13:34:58,1383.2900,3,1
2026-04-30,600519,13:35:01,1383.2200,5,2
2026-04-30,600519,13:35:04,1383.2200,3,2
2026-04-30,600519,13:35:07,1383.2000,2,2
2026-04-30,600519,13:35:10,1383.2500,3,1
2026-04-30,600519,13:35:13,1383.0400,3,2
2026-04-30,600519,13:35:16,1383.1100,3,1
2026-04-30,600519,13:35:19,1383.0300,2,2
2026-04-30,600519,13:35:22,1383.0000,8,2
2026-04-30,600519,13:35:25,1383.0300,3,2
2026-04-30,600519,13:35:28,1383.0300,2,1
2026-04-30,600519,13:35:31,1383.0000,4,2
2026-04-30,600519,13:35:34,1383.0200,9,1
2026-04-30,600519,13:35:37,1383.0000,9,2
2026-04-30,600519,13:35:40,1382.9500,4,2
2026-04-30,600519,13:35:43,1382.8900,4,2
2026-04-30,600519,13:35:46,1382.9800,6,1
2026-04-30,600519,13:35:49,1382.5400,5,2
2026-04-30,600519,13:35:52,1382.9600,3,1
2026-04-30,600519,13:35:58,1382.5400,3,2
2026-04-30,600519,13:36:01,1382.9000,6,1
2026-04-30,600519,13:36:04,1382.5200,10,2
2026-04-30,600519,13:36:07,1382.8900,2,1
2026-04-30,600519,13:36:10,1382.8900,1,1
2026-04-30,600519,13:36:13,1382.5200,4,2
2026-04-30,600519,13:36:16,1382.5800,4,2
2026-04-30,600519,13:36:19,1382.8800,2,1
2026-04-30,600519,13:36:22,1382.5800,1,2
2026-04-30,600519,13:36:25,1382.8800,7,1
2026-04-30,600519,13:36:28,1382.8900,4,1
2026-04-30,600519,13:36:31,1382.8800,5,2
2026-04-30,600519,13:36:34,1382.8900,6,2
2026-04-30,600519,13:36:37,1382.8900,1,2
2026-04-30,600519,13:36:40,1382.8600,3,2
2026-04-30,600519,13:36:43,1382.5200,5,2
2026-04-30,600519,13:36:46,1382.5200,3,2
2026-04-30,600519,13:36:49,1382.8300,2,1
2026-04-30,600519,13:36:52,1382.5000,6,2
2026-04-30,600519,13:36:55,1382.6000,4,2
2026-04-30,600519,13:36:58,1382.5200,1,2
2026-04-30,600519,13:37:01,1382.5000,4,2
2026-04-30,600519,13:37:04,1382.7900,7,1
2026-04-30,600519,13:37:07,1382.8000,2,1
2026-04-30,600519,13:37:10,1382.5000,2,2
2026-04-30,600519,13:37:13,1382.7900,8,1
2026-04-30,600519,13:37:16,1382.6000,6,2
2026-04-30,600519,13:37:19,1382.3400,2,2
2026-04-30,600519,13:37:22,1382.3400,6,2
2026-04-30,600519,13:37:25,1382.7500,5,1
2026-04-30,600519,13:37:28,1382.7800,9,1
2026-04-30,600519,13:37:31,1382.0300,5,2
2026-04-30,600519,13:37:34,1382.0100,2,2
2026-04-30,600519,13:37:37,1382.0100,6,2
2026-04-30,600519,13:37:40,1382.0000,7,2
2026-04-30,600519,13:37:43,1382.0000,8,2
2026-04-30,600519,13:37:46,1382.0100,7,1
2026-04-30,600519,13:37:49,1382.0000,2,2
2026-04-30,600519,13:37:52,1382.0100,4,1
2026-04-30,600519,13:37:55,1382.0100,18,1
2026-04-30,600519,13:37:58,1382.0000,9,2
2026-04-30,600519,13:38:01,1382.0000,13,2
2026-04-30,600519,13:38:04,1381.9900,8,2
2026-04-30,600519,13:38:07,1382.0000,9,1
2026-04-30,600519,13:38:10,1382.0100,6,1
2026-04-30,600519,13:38:13,1382.0000,3,2
2026-04-30,600519,13:38:16,1382.0000,9,1
2026-04-30,600519,13:38:19,1381.9800,2,1
2026-04-30,600519,13:38:22,1382.0000,2,1
2026-04-30,600519,13:38:25,1381.7500,5,2
2026-04-30,600519,13:38:28,1381.7500,3,2
2026-04-30,600519,13:38:31,1381.7200,1,2
2026-04-30,600519,13:38:34,1381.6700,2,2
2026-04-30,600519,13:38:37,1381.7300,1,1
2026-04-30,600519,13:38:40,1381.7300,5,1
2026-04-30,600519,13:38:43,1381.7200,14,1
2026-04-30,600519,13:38:46,1381.7300,12,1
2026-04-30,600519,13:38:52,1381.4301,5,2
2026-04-30,600519,13:38:55,1381.7200,5,1
2026-04-30,600519,13:38:58,1381.7300,3,1
2026-04-30,600519,13:39:01,1381.4301,4,2
2026-04-30,600519,13:39:04,1381.4301,4,2
2026-04-30,600519,13:39:07,1381.4200,2,2
2026-04-30,600519,13:39:10,1381.4000,3,2
2026-04-30,600519,13:39:13,1381.4100,6,1
2026-04-30,600519,13:39:16,1381.3900,2,1
2026-04-30,600519,13:39:19,1381.3800,5,1
2026-04-30,600519,13:39:22,1382.7700,107,1
2026-04-30,600519,13:39:25,1381.4000,4,2
2026-04-30,600519,13:39:28,1381.4100,4,2
2026-04-30,600519,13:39:31,1381.4301,1,2
2026-04-30,600519,13:39:34,1381.4100,18,2
2026-04-30,600519,13:39:40,1381.4200,4,2
2026-04-30,600519,13:39:43,1381.3101,7,2
2026-04-30,600519,13:39:46,1381.4200,5,1
2026-04-30,600519,13:39:49,1381.3101,5,2
2026-04-30,600519,13:39:52,1381.5000,17,1
2026-04-30,600519,13:39:58,1381.9600,4,1
2026-04-30,600519,13:40:04,1381.5000,9,2
2026-04-30,600519,13:40:07,1381.5000,7,2
2026-04-30,600519,13:40:10,1381.5000,5,2
2026-04-30,600519,13:40:13,1381.4301,2,2
2026-04-30,600519,13:40:16,1381.4900,6,1
2026-04-30,600519,13:40:19,1381.4200,5,2
2026-04-30,600519,13:40:22,1381.4900,8,1
2026-04-30,600519,13:40:25,1381.4200,3,2
2026-04-30,600519,13:40:28,1381.4800,3,1
2026-04-30,600519,13:40:31,1382.0000,68,1
2026-04-30,600519,13:40:34,1382.7700,11,1
2026-04-30,600519,13:40:37,1382.0000,2,2
2026-04-30,600519,13:40:40,1382.7600,2,1
2026-04-30,600519,13:40:43,1382.8300,2,2
2026-04-30,600519,13:40:46,1382.8800,7,1
2026-04-30,600519,13:40:49,1382.8199,2,1
2026-04-30,600519,13:40:52,1382.8300,11,1
2026-04-30,600519,13:40:55,1382.8600,3,1
2026-04-30,600519,13:40:58,1382.8700,4,1
2026-04-30,600519,13:41:01,1382.8400,1,2
2026-04-30,600519,13:41:04,1382.8700,13,1
2026-04-30,600519,13:41:07,1382.8600,3,2
2026-04-30,600519,13:41:10,1382.8500,4,1
2026-04-30,600519,13:41:13,1382.8400,8,4
2026-04-30,600519,13:41:16,1382.8300,9,2
2026-04-30,600519,13:41:19,1382.8300,2,2
2026-04-30,600519,13:41:22,1382.8300,4,2
2026-04-30,600519,13:41:25,1382.8300,7,2
2026-04-30,600519,13:41:28,1382.8300,5,2
2026-04-30,600519,13:41:31,1382.8199,6,2
2026-04-30,600519,13:41:34,1382.8199,5,2
2026-04-30,600519,13:41:37,1382.8199,2,2
2026-04-30,600519,13:41:40,1382.8199,2,2
2026-04-30,600519,13:41:43,1382.8300,2,1
2026-04-30,600519,13:41:46,1382.7500,2,2
2026-04-30,600519,13:41:49,1382.4301,4,2
2026-04-30,600519,13:41:52,1382.7100,2,1
2026-04-30,600519,13:41:55,1382.4000,4,1
2026-04-30,600519,13:41:58,1382.0000,6,2
2026-04-30,600519,13:42:01,1382.3700,1,1
2026-04-30,600519,13:42:04,1382.0000,7,2
2026-04-30,600519,13:42:07,1382.3400,12,1
2026-04-30,600519,13:42:10,1382.0000,1,2
2026-04-30,600519,13:42:13,1382.1200,13,1
2026-04-30,600519,13:42:16,1382.0000,4,2
2026-04-30,600519,13:42:19,1382.0000,2,2
2026-04-30,600519,13:42:22,1382.0000,3,2
2026-04-30,600519,13:42:25,1381.9500,5,1
2026-04-30,600519,13:42:28,1381.9500,1,1
2026-04-30,600519,13:42:31,1381.9000,2,2
2026-04-30,600519,13:42:34,1381.8800,3,2
2026-04-30,600519,13:42:37,1381.8800,2,2
2026-04-30,600519,13:42:40,1382.0000,10,1
2026-04-30,600519,13:42:43,1381.8800,1,2
2026-04-30,600519,13:42:46,1381.9500,5,1
2026-04-30,600519,13:42:49,1381.8900,1,2
2026-04-30,600519,13:42:52,1381.9500,7,1
2026-04-30,600519,13:42:55,1381.8900,1,2
2026-04-30,600519,13:42:58,1381.9500,2,1
2026-04-30,600519,13:43:01,1381.8800,16,2
2026-04-30,600519,13:43:04,1381.8800,15,2
2026-04-30,600519,13:43:07,1381.8800,1,1
2026-04-30,600519,13:43:13,1381.8000,4,2
2026-04-30,600519,13:43:16,1381.7900,9,2
2026-04-30,600519,13:43:19,1381.7900,8,2
2026-04-30,600519,13:43:22,1381.8000,2,1
2026-04-30,600519,13:43:25,1381.5000,4,2
2026-04-30,600519,13:43:28,1382.0000,16,1
2026-04-30,600519,13:43:31,1381.9900,1,1
2026-04-30,600519,13:43:34,1381.8600,11,2
2026-04-30,600519,13:43:37,1381.8700,2,2
2026-04-30,600519,13:43:40,1382.0000,4,1
2026-04-30,600519,13:43:43,1382.3700,15,1
2026-04-30,600519,13:43:46,1381.8700,7,2
2026-04-30,600519,13:43:49,1381.8700,9,2
2026-04-30,600519,13:43:52,1382.4000,4,1
2026-04-30,600519,13:43:55,1382.4000,4,1
2026-04-30,600519,13:43:58,1382.4000,2,1
2026-04-30,600519,13:44:01,1382.3800,6,2
2026-04-30,600519,13:44:04,1382.4000,13,1
2026-04-30,600519,13:44:10,1382.3700,2,1
2026-04-30,600519,13:44:13,1382.0000,2,2
2026-04-30,600519,13:44:19,1382.3800,5,1
2026-04-30,600519,13:44:22,1382.3800,2,1
2026-04-30,600519,13:44:25,1382.0000,1,2
2026-04-30,600519,13:44:31,1382.0100,4,1
2026-04-30,600519,13:44:34,1382.0000,9,2
2026-04-30,600519,13:44:37,1382.0000,6,2
2026-04-30,600519,13:44:40,1382.0000,8,2
2026-04-30,600519,13:44:43,1382.0100,4,2
2026-04-30,600519,13:44:46,1382.0100,3,2
2026-04-30,600519,13:44:49,1382.0500,1,1
2026-04-30,600519,13:44:52,1382.0500,10,1
2026-04-30,600519,13:44:55,1382.0100,7,1
2026-04-30,600519,13:44:58,1382.0100,1,1
2026-04-30,600519,13:45:01,1382.0000,6,2
2026-04-30,600519,13:45:04,1382.0000,7,2
2026-04-30,600519,13:45:07,1382.0400,5,1
2026-04-30,600519,13:45:10,1382.0000,14,2
2026-04-30,600519,13:45:13,1382.0000,8,2
2026-04-30,600519,13:45:16,1382.0100,4,4
2026-04-30,600519,13:45:19,1382.0100,7,4
2026-04-30,600519,13:45:22,1382.0300,18,1
2026-04-30,600519,13:45:25,1382.0000,4,2
2026-04-30,600519,13:45:28,1381.9301,7,2
2026-04-30,600519,13:45:31,1381.8800,4,2
2026-04-30,600519,13:45:34,1381.8800,1,2
2026-04-30,600519,13:45:37,1381.9600,3,1
2026-04-30,600519,13:45:43,1381.8800,3,2
2026-04-30,600519,13:45:46,1381.8700,8,2
2026-04-30,600519,13:45:49,1381.9200,3,1
2026-04-30,600519,13:45:52,1381.9200,6,1
2026-04-30,600519,13:45:55,1381.8800,6,2
2026-04-30,600519,13:45:58,1381.8000,2,2
2026-04-30,600519,13:46:01,1381.8900,6,2
2026-04-30,600519,13:46:04,1381.9000,10,1
2026-04-30,600519,13:46:07,1381.8000,5,2
2026-04-30,600519,13:46:10,1381.7900,10,2
2026-04-30,600519,13:46:13,1381.5000,6,2
2026-04-30,600519,13:46:16,1381.6500,13,1
2026-04-30,600519,13:46:19,1381.5100,5,2
2026-04-30,600519,13:46:22,1381.5000,7,2
2026-04-30,600519,13:46:25,1381.6600,5,1
2026-04-30,600519,13:46:31,1381.6600,7,1
2026-04-30,600519,13:46:34,1381.5800,4,2
2026-04-30,600519,13:46:37,1381.7800,6,1
2026-04-30,600519,13:46:40,1381.7600,7,1
2026-04-30,600519,13:46:43,1381.6600,5,2
2026-04-30,600519,13:46:46,1381.6600,3,2
2026-04-30,600519,13:46:49,1381.6600,1,2
2026-04-30,600519,13:46:52,1381.7400,8,1
2026-04-30,600519,13:46:55,1381.7200,15,1
2026-04-30,600519,13:46:58,1381.5300,4,2
2026-04-30,600519,13:47:01,1381.5000,8,2
2026-04-30,600519,13:47:04,1381.7100,11,1
2026-04-30,600519,13:47:07,1381.7100,4,1
2026-04-30,600519,13:47:13,1381.5100,8,2
2026-04-30,600519,13:47:16,1381.6899,3,1
2026-04-30,600519,13:47:19,1381.6500,6,1
2026-04-30,600519,13:47:22,1381.5000,10,2
2026-04-30,600519,13:47:25,1381.5100,5,2
2026-04-30,600519,13:47:31,1381.5100,4,2
2026-04-30,600519,13:47:34,1381.5000,5,2
2026-04-30,600519,13:47:37,1381.6899,6,1
2026-04-30,600519,13:47:40,1381.6899,1,1
2026-04-30,600519,13:47:43,1381.7200,12,1
2026-04-30,600519,13:47:46,1381.6899,1,2
2026-04-30,600519,13:47:49,1381.6899,3,2
2026-04-30,600519,13:47:52,1381.6899,1,2
2026-04-30,600519,13:47:55,1381.7100,3,1
2026-04-30,600519,13:47:58,1381.7200,31,1
2026-04-30,600519,13:48:01,1381.6899,8,1
2026-04-30,600519,13:48:04,1381.5000,8,2
2026-04-30,600519,13:48:07,1381.7100,7,1
2026-04-30,600519,13:48:10,1381.7200,2,1
2026-04-30,600519,13:48:13,1381.7200,2,2
2026-04-30,600519,13:48:16,1381.7000,1,2
2026-04-30,600519,13:48:19,1381.7600,11,1
2026-04-30,600519,13:48:22,1381.9399,31,1
2026-04-30,600519,13:48:28,1381.7600,4,2
2026-04-30,600519,13:48:31,1381.7000,6,2
2026-04-30,600519,13:48:34,1381.7000,2,2
2026-04-30,600519,13:48:37,1381.7000,1,2
2026-04-30,600519,13:48:40,1381.7500,4,1
2026-04-30,600519,13:48:43,1381.7000,4,2
2026-04-30,600519,13:48:46,1381.7500,8,2
2026-04-30,600519,13:48:49,1381.7000,2,2
2026-04-30,600519,13:48:52,1381.7200,5,4
2026-04-30,600519,13:48:55,1381.7000,19,2
2026-04-30,600519,13:48:58,1381.7300,8,1
2026-04-30,600519,13:49:01,1381.7300,18,1
2026-04-30,600519,13:49:04,1381.7000,14,2
2026-04-30,600519,13:49:07,1381.9500,6,1
2026-04-30,600519,13:49:10,1381.7600,3,2
2026-04-30,600519,13:49:13,1381.7500,7,2
2026-04-30,600519,13:49:16,1381.9399,7,1
2026-04-30,600519,13:49:19,1381.7200,2,2
2026-04-30,600519,13:49:22,1381.9399,3,1
2026-04-30,600519,13:49:25,1381.9399,1,1
2026-04-30,600519,13:49:31,1381.9500,3,1
2026-04-30,600519,13:49:34,1382.0200,15,1
2026-04-30,600519,13:49:37,1381.7500,12,2
2026-04-30,600519,13:49:40,1381.9600,1,1
2026-04-30,600519,13:49:43,1381.9500,1,2
2026-04-30,600519,13:49:46,1381.8900,1,2
2026-04-30,600519,13:49:49,1381.7300,12,2
2026-04-30,600519,13:49:55,1381.7300,1,1
2026-04-30,600519,13:49:58,1381.7200,1,1
2026-04-30,600519,13:50:01,1381.7300,14,1
2026-04-30,600519,13:50:04,1381.7000,10,2
2026-04-30,600519,13:50:10,1381.7000,7,2
2026-04-30,600519,13:50:13,1381.7300,5,1
2026-04-30,600519,13:50:16,1381.8101,1,1
2026-04-30,600519,13:50:19,1381.8101,6,1
2026-04-30,600519,13:50:22,1381.7300,3,2
2026-04-30,600519,13:50:25,1381.8101,4,1
2026-04-30,600519,13:50:28,1381.8101,2,1
2026-04-30,600519,13:50:31,1381.7000,9,2
2026-04-30,600519,13:50:34,1381.8101,13,2
2026-04-30,600519,13:50:37,1382.4399,38,1
2026-04-30,600519,13:50:40,1381.9200,6,2
2026-04-30,600519,13:50:43,1382.4200,1,1
2026-04-30,600519,13:50:46,1381.9100,4,2
2026-04-30,600519,13:50:52,1382.0000,2,2
2026-04-30,600519,13:50:55,1382.3900,6,1
2026-04-30,600519,13:50:58,1382.0000,7,2
2026-04-30,600519,13:51:01,1382.0100,4,2
2026-04-30,600519,13:51:04,1382.0000,8,2
2026-04-30,600519,13:51:07,1382.0000,5,2
2026-04-30,600519,13:51:10,1382.0000,16,2
2026-04-30,600519,13:51:13,1382.0000,16,2
2026-04-30,600519,13:51:16,1382.0000,3,2
2026-04-30,600519,13:51:19,1381.8000,10,2
2026-04-30,600519,13:51:22,1381.8400,2,1
2026-04-30,600519,13:51:25,1381.8199,7,1
2026-04-30,600519,13:51:28,1381.9000,3,1
2026-04-30,600519,13:51:31,1382.0000,11,1
2026-04-30,600519,13:51:34,1381.9000,7,4
2026-04-30,600519,13:51:37,1381.7200,20,2
2026-04-30,600519,13:51:43,1381.9500,14,1
2026-04-30,600519,13:51:46,1381.7000,8,2
2026-04-30,600519,13:51:49,1381.7000,7,2
2026-04-30,600519,13:51:52,1381.6801,10,2
2026-04-30,600519,13:51:55,1381.9500,9,1
2026-04-30,600519,13:51:58,1381.6500,1,2
2026-04-30,600519,13:52:01,1381.9900,1,1
2026-04-30,600519,13:52:04,1381.7100,2,2
2026-04-30,600519,13:52:07,1382.0000,13,1
2026-04-30,600519,13:52:10,1381.7100,2,2
2026-04-30,600519,13:52:13,1381.9900,6,1
2026-04-30,600519,13:52:16,1381.9900,2,1
2026-04-30,600519,13:52:22,1382.4200,31,1
2026-04-30,600519,13:52:25,1382.3400,1,2
2026-04-30,600519,13:52:28,1382.8199,19,1
2026-04-30,600519,13:52:31,1382.8199,2,1
2026-04-30,600519,13:52:34,1381.9600,23,2
2026-04-30,600519,13:52:40,1382.3500,3,1
2026-04-30,600519,13:52:43,1382.8400,10,1
2026-04-30,600519,13:52:46,1382.8400,9,1
2026-04-30,600519,13:52:49,1382.8400,4,1
2026-04-30,600519,13:52:55,1382.7900,3,2
2026-04-30,600519,13:52:58,1382.7800,1,4
2026-04-30,600519,13:53:01,1382.7600,6,2
2026-04-30,600519,13:53:04,1382.6700,3,2
2026-04-30,600519,13:53:07,1382.7500,3,1
2026-04-30,600519,13:53:10,1382.0000,23,2
2026-04-30,600519,13:53:13,1382.0601,3,2
2026-04-30,600519,13:53:16,1382.0000,11,2
2026-04-30,600519,13:53:19,1382.3199,12,1
2026-04-30,600519,13:53:22,1382.0000,7,2
2026-04-30,600519,13:53:25,1382.0000,5,1
2026-04-30,600519,13:53:28,1382.0000,7,1
2026-04-30,600519,13:53:31,1382.0000,19,1
2026-04-30,600519,13:53:34,1381.9900,6,1
2026-04-30,600519,13:53:37,1381.9700,12,2
2026-04-30,600519,13:53:40,1382.3199,9,1
2026-04-30,600519,13:53:43,1381.9399,11,2
2026-04-30,600519,13:53:46,1381.9700,7,2
2026-04-30,600519,13:53:49,1382.0000,5,1
2026-04-30,600519,13:53:52,1381.9500,4,2
2026-04-30,600519,13:53:55,1382.3300,6,1
2026-04-30,600519,13:53:58,1382.3199,7,1
2026-04-30,600519,13:54:01,1382.3300,4,1
2026-04-30,600519,13:54:04,1382.3300,3,1
2026-04-30,600519,13:54:07,1382.3101,7,2
2026-04-30,600519,13:54:10,1382.2700,2,2
2026-04-30,600519,13:54:13,1382.0000,10,2
2026-04-30,600519,13:54:16,1382.2700,3,1
2026-04-30,600519,13:54:19,1382.0000,9,2
2026-04-30,600519,13:54:22,1382.6899,5,1
2026-04-30,600519,13:54:25,1382.1899,3,2
2026-04-30,600519,13:54:28,1382.2100,2,2
2026-04-30,600519,13:54:31,1382.2100,9,2
2026-04-30,600519,13:54:34,1382.2600,5,1
2026-04-30,600519,13:54:37,1382.2600,2,1
2026-04-30,600519,13:54:40,1382.2600,5,1
2026-04-30,600519,13:54:43,1382.2600,7,2
2026-04-30,600519,13:54:46,1382.2600,1,2
2026-04-30,600519,13:54:49,1382.2100,17,2
2026-04-30,600519,13:54:52,1382.2400,1,2
2026-04-30,600519,13:54:55,1382.2100,5,2
2026-04-30,600519,13:54:58,1382.3600,1,1
2026-04-30,600519,13:55:01,1382.2100,6,2
2026-04-30,600519,13:55:04,1382.1700,8,2
2026-04-30,600519,13:55:07,1382.1899,2,2
2026-04-30,600519,13:55:10,1382.1801,3,1
2026-04-30,600519,13:55:13,1382.1100,6,2
2026-04-30,600519,13:55:16,1382.0000,6,2
2026-04-30,600519,13:55:19,1382.0000,4,2
2026-04-30,600519,13:55:22,1382.0000,7,2
2026-04-30,600519,13:55:25,1382.0000,8,2
2026-04-30,600519,13:55:28,1382.0000,6,1
2026-04-30,600519,13:55:31,1382.0100,13,1
2026-04-30,600519,13:55:34,1381.9500,1,2
2026-04-30,600519,13:55:37,1381.9800,1,1
2026-04-30,600519,13:55:40,1381.8400,16,2
2026-04-30,600519,13:55:43,1381.9900,11,1
2026-04-30,600519,13:55:46,1382.0000,2,1
2026-04-30,600519,13:55:49,1381.9900,2,2
2026-04-30,600519,13:55:52,1381.9900,7,2
2026-04-30,600519,13:55:55,1381.9900,2,2
2026-04-30,600519,13:55:58,1382.0000,4,1
2026-04-30,600519,13:56:01,1381.9900,5,2
2026-04-30,600519,13:56:04,1382.0000,4,1
2026-04-30,600519,13:56:07,1382.0000,3,1
2026-04-30,600519,13:56:10,1381.9900,7,2
2026-04-30,600519,13:56:13,1382.0000,16,1
2026-04-30,600519,13:56:19,1381.9900,4,2
2026-04-30,600519,13:56:22,1381.9900,2,2
2026-04-30,600519,13:56:25,1382.0000,3,1
2026-04-30,600519,13:56:28,1381.9900,6,2
2026-04-30,600519,13:56:31,1381.9900,5,2
2026-04-30,600519,13:56:34,1381.9900,5,2
2026-04-30,600519,13:56:37,1381.9900,2,2
2026-04-30,600519,13:56:40,1381.9900,2,2
2026-04-30,600519,13:56:43,1381.9900,6,2
2026-04-30,600519,13:56:46,1381.9900,9,2
2026-04-30,600519,13:56:49,1382.0000,2,1
2026-04-30,600519,13:56:52,1382.0000,3,1
2026-04-30,600519,13:56:55,1381.9900,8,2
2026-04-30,600519,13:56:58,1381.9900,10,2
2026-04-30,600519,13:57:01,1382.0000,5,2
2026-04-30,600519,13:57:04,1381.9900,19,2
2026-04-30,600519,13:57:07,1381.9900,7,2
2026-04-30,600519,13:57:10,1381.9900,10,4
2026-04-30,600519,13:57:13,1381.9900,1,2
2026-04-30,600519,13:57:16,1381.9800,6,2
2026-04-30,600519,13:57:19,1381.9900,2,1
2026-04-30,600519,13:57:25,1381.9900,7,2
2026-04-30,600519,13:57:28,1382.1000,2,1
2026-04-30,600519,13:57:31,1382.0000,1,2
2026-04-30,600519,13:57:34,1382.0900,3,1
2026-04-30,600519,13:57:37,1382.0000,12,2
2026-04-30,600519,13:57:40,1382.0000,6,1
2026-04-30,600519,13:57:43,1381.9900,5,2
2026-04-30,600519,13:57:46,1381.9900,2,2
2026-04-30,600519,13:57:49,1382.0800,4,1
2026-04-30,600519,13:57:52,1382.0800,1,1
2026-04-30,600519,13:57:55,1382.0000,5,2
2026-04-30,600519,13:57:58,1381.9800,4,2
2026-04-30,600519,13:58:01,1381.9500,13,2
2026-04-30,600519,13:58:04,1382.0000,3,1
2026-04-30,600519,13:58:07,1382.0000,7,2
2026-04-30,600519,13:58:10,1382.0800,8,1
2026-04-30,600519,13:58:13,1382.0000,6,2
2026-04-30,600519,13:58:16,1382.0000,6,2
2026-04-30,600519,13:58:19,1382.0000,4,2
2026-04-30,600519,13:58:22,1382.0000,4,1
2026-04-30,600519,13:58:25,1382.0000,3,1
2026-04-30,600519,13:58:28,1382.0601,2,1
2026-04-30,600519,13:58:31,1382.0500,2,1
2026-04-30,600519,13:58:34,1382.0601,13,1
2026-04-30,600519,13:58:37,1382.0000,4,2
2026-04-30,600519,13:58:40,1382.0601,8,1
2026-04-30,600519,13:58:43,1381.9800,7,2
2026-04-30,600519,13:58:46,1382.0000,3,2
2026-04-30,600519,13:58:49,1382.0000,1,2
2026-04-30,600519,13:58:52,1382.0000,3,2
2026-04-30,600519,13:58:55,1382.0000,5,2
2026-04-30,600519,13:58:58,1382.0400,1,1
2026-04-30,600519,13:59:01,1382.0000,5,2
2026-04-30,600519,13:59:04,1382.0000,3,2
2026-04-30,600519,13:59:07,1382.0200,8,1
2026-04-30,600519,13:59:10,1382.0100,2,1
2026-04-30,600519,13:59:13,1381.9900,7,2
2026-04-30,600519,13:59:16,1381.9800,1,2
2026-04-30,600519,13:59:19,1381.9500,2,2
2026-04-30,600519,13:59:22,1381.9500,8,2
2026-04-30,600519,13:59:25,1381.9900,3,1
2026-04-30,600519,13:59:31,1381.9500,5,2
2026-04-30,600519,13:59:34,1381.9600,2,2
2026-04-30,600519,13:59:37,1381.9700,4,1
2026-04-30,600519,13:59:40,1381.9900,4,1
2026-04-30,600519,13:59:43,1381.9800,5,1
2026-04-30,600519,13:59:46,1381.9900,9,1
2026-04-30,600519,13:59:49,1381.9500,1,2
2026-04-30,600519,13:59:52,1381.9200,6,2
2026-04-30,600519,13:59:55,1381.9600,4,1
2026-04-30,600519,13:59:58,1381.9800,6,1
2026-04-30,600519,14:00:01,1381.9000,7,2
2026-04-30,600519,14:00:04,1381.9600,14,1
2026-04-30,600519,14:00:07,1381.9900,7,1
2026-04-30,600519,14:00:13,1381.9800,3,2
2026-04-30,600519,14:00:16,1381.9800,4,2
2026-04-30,600519,14:00:19,1381.9800,1,1
2026-04-30,600519,14:00:22,1381.9600,2,2
2026-04-30,600519,14:00:25,1381.9800,2,1
2026-04-30,600519,14:00:28,1381.9000,13,2
2026-04-30,600519,14:00:31,1381.9000,1,2
2026-04-30,600519,14:00:37,1381.9000,9,2
2026-04-30,600519,14:00:40,1381.8900,16,2
2026-04-30,600519,14:00:43,1381.8800,8,2
2026-04-30,600519,14:00:46,1381.8800,8,2
2026-04-30,600519,14:00:49,1381.8500,9,2
2026-04-30,600519,14:00:52,1381.8199,7,2
2026-04-30,600519,14:00:55,1381.8000,7,2
2026-04-30,600519,14:00:58,1381.7700,9,2
2026-04-30,600519,14:01:01,1381.7800,7,2
2026-04-30,600519,14:01:04,1381.7500,6,2
2026-04-30,600519,14:01:07,1381.7600,2,1
2026-04-30,600519,14:01:10,1381.7200,6,2
2026-04-30,600519,14:01:13,1381.7000,13,2
2026-04-30,600519,14:01:16,1381.7600,9,1
2026-04-30,600519,14:01:19,1381.7000,9,2
2026-04-30,600519,14:01:22,1381.6500,16,2
2026-04-30,600519,14:01:25,1381.6000,8,2
2026-04-30,600519,14:01:28,1381.6500,12,2
2026-04-30,600519,14:01:31,1381.6899,5,1
2026-04-30,600519,14:01:34,1381.7000,7,1
2026-04-30,600519,14:01:37,1381.7000,1,2
2026-04-30,600519,14:01:40,1381.7400,5,1
2026-04-30,600519,14:01:43,1381.7000,3,2
2026-04-30,600519,14:01:46,1381.7000,7,2
2026-04-30,600519,14:01:49,1381.7000,4,2
2026-04-30,600519,14:01:52,1381.7300,2,1
2026-04-30,600519,14:01:55,1381.6801,10,2
2026-04-30,600519,14:02:01,1381.7200,4,1
2026-04-30,600519,14:02:04,1381.7300,5,1
2026-04-30,600519,14:02:07,1381.6500,5,2
2026-04-30,600519,14:02:10,1381.7000,2,1
2026-04-30,600519,14:02:13,1381.6500,2,2
2026-04-30,600519,14:02:16,1381.6500,1,2
2026-04-30,600519,14:02:19,1381.7000,31,1
2026-04-30,600519,14:02:22,1381.7100,1,1
2026-04-30,600519,14:02:25,1381.7000,4,1
2026-04-30,600519,14:02:28,1382.0400,102,1
2026-04-30,600519,14:02:31,1382.0100,1,2
2026-04-30,600519,14:02:40,1381.7000,3,2
2026-04-30,600519,14:02:43,1382.2600,24,1
2026-04-30,600519,14:02:49,1382.2400,8,2
2026-04-30,600519,14:02:52,1382.0100,2,2
2026-04-30,600519,14:02:55,1382.9100,11,1
2026-04-30,600519,14:02:58,1382.8900,2,1
2026-04-30,600519,14:03:01,1382.8400,5,1
2026-04-30,600519,14:03:04,1382.2500,3,2
2026-04-30,600519,14:03:07,1382.8000,5,1
2026-04-30,600519,14:03:10,1382.8101,8,1
2026-04-30,600519,14:03:13,1382.2100,6,2
2026-04-30,600519,14:03:16,1382.2300,4,1
2026-04-30,600519,14:03:19,1382.2300,6,1
2026-04-30,600519,14:03:22,1382.2000,2,2
2026-04-30,600519,14:03:25,1382.2000,1,1
2026-04-30,600519,14:03:28,1382.1899,3,4
2026-04-30,600519,14:03:31,1382.1801,3,2
2026-04-30,600519,14:03:34,1382.1801,1,1
2026-04-30,600519,14:03:37,1382.1700,4,4
2026-04-30,600519,14:03:40,1382.1600,5,1
2026-04-30,600519,14:03:43,1382.0100,12,2
2026-04-30,600519,14:03:46,1382.0100,2,2
2026-04-30,600519,14:03:49,1382.0100,6,2
2026-04-30,600519,14:03:52,1382.0100,5,2
2026-04-30,600519,14:03:55,1382.0000,5,2
2026-04-30,600519,14:03:58,1382.0601,2,2
2026-04-30,600519,14:04:01,1382.0800,6,1
2026-04-30,600519,14:04:04,1382.0500,1,4
2026-04-30,600519,14:04:07,1382.0200,2,2
2026-04-30,600519,14:04:10,1382.0000,3,2
2026-04-30,600519,14:04:13,1382.0000,7,2
2026-04-30,600519,14:04:16,1382.0100,3,1
2026-04-30,600519,14:04:19,1382.0100,7,1
2026-04-30,600519,14:04:22,1382.0000,4,2
2026-04-30,600519,14:04:25,1382.0100,19,1
2026-04-30,600519,14:04:28,1382.0100,5,4
2026-04-30,600519,14:04:31,1382.0200,21,1
2026-04-30,600519,14:04:34,1381.9700,4,2
2026-04-30,600519,14:04:37,1381.9900,2,1
2026-04-30,600519,14:04:40,1381.9900,1,1
2026-04-30,600519,14:04:43,1382.0200,7,1
2026-04-30,600519,14:04:46,1382.0200,2,2
2026-04-30,600519,14:04:49,1382.0100,3,2
2026-04-30,600519,14:04:55,1382.0000,2,1
2026-04-30,600519,10:52:13,1383.3700,12,1
2026-04-30,600519,10:52:16,1383.1801,15,2
2026-04-30,600519,10:52:19,1383.1700,22,1
2026-04-30,600519,10:52:22,1383.1801,14,1
2026-04-30,600519,10:52:25,1383.1000,27,2
2026-04-30,600519,10:52:28,1383.1000,19,2
2026-04-30,600519,10:52:31,1383.0699,8,1
2026-04-30,600519,10:52:34,1383.0100,11,2
2026-04-30,600519,10:52:37,1383.0300,17,1
2026-04-30,600519,10:52:40,1383.0000,33,2
2026-04-30,600519,10:52:43,1383.0000,44,2
2026-04-30,600519,10:52:46,1383.0000,48,2
2026-04-30,600519,10:52:49,1383.0100,29,2
2026-04-30,600519,10:52:52,1383.0000,24,2
2026-04-30,600519,10:52:55,1383.0500,36,1
2026-04-30,600519,10:52:58,1383.0000,20,2
2026-04-30,600519,10:53:01,1382.7900,93,2
2026-04-30,600519,10:53:04,1382.0000,15,2
2026-04-30,600519,10:53:07,1382.9000,15,1
2026-04-30,600519,10:53:10,1382.0100,30,2
2026-04-30,600519,10:53:13,1382.0000,3,2
2026-04-30,600519,10:53:16,1382.0000,31,2
2026-04-30,600519,10:53:19,1382.0000,5,1
2026-04-30,600519,10:53:22,1381.8101,12,2
2026-04-30,600519,10:53:25,1382.0000,17,1
2026-04-30,600519,10:53:28,1381.5800,9,2
2026-04-30,600519,10:53:31,1381.5900,6,4
2026-04-30,600519,10:53:34,1381.5000,11,2
2026-04-30,600519,10:53:37,1381.3800,60,2
2026-04-30,600519,10:53:40,1381.4301,10,1
2026-04-30,600519,10:53:43,1381.0000,27,2
2026-04-30,600519,10:53:46,1381.0100,32,1
2026-04-30,600519,10:53:49,1381.0000,24,2
2026-04-30,600519,10:53:52,1381.0000,43,2
2026-04-30,600519,10:53:55,1381.0000,37,2
2026-04-30,600519,10:53:58,1381.4600,20,1
2026-04-30,600519,10:54:01,1381.0200,11,2
2026-04-30,600519,10:54:04,1381.1000,20,2
2026-04-30,600519,10:54:07,1381.0200,20,2
2026-04-30,600519,10:54:10,1381.0000,15,2
2026-04-30,600519,10:54:13,1381.1100,26,2
2026-04-30,600519,10:54:16,1381.0100,35,2
2026-04-30,600519,10:54:19,1381.1000,17,1
2026-04-30,600519,10:54:22,1381.1100,36,1
2026-04-30,600519,10:54:25,1381.1000,16,1
2026-04-30,600519,10:54:28,1381.1100,5,1
2026-04-30,600519,10:54:31,1381.1100,8,2
2026-04-30,600519,10:54:34,1381.0300,22,2
2026-04-30,600519,10:54:37,1381.3900,5,1
2026-04-30,600519,10:54:40,1381.4800,6,1
2026-04-30,600519,10:54:43,1381.4800,19,1
2026-04-30,600519,10:54:46,1381.3700,14,2
2026-04-30,600519,10:54:49,1381.3900,6,1
2026-04-30,600519,10:54:52,1381.3600,18,2
2026-04-30,600519,10:54:55,1381.3500,16,1
2026-04-30,600519,10:54:58,1381.3600,8,1
2026-04-30,600519,10:55:01,1381.3500,13,2
2026-04-30,600519,10:55:04,1381.1500,13,2
2026-04-30,600519,10:55:07,1381.3500,11,1
2026-04-30,600519,10:55:10,1381.3700,5,1
2026-04-30,600519,10:55:13,1381.4800,13,1
2026-04-30,600519,10:55:16,1381.5200,24,1
2026-04-30,600519,10:55:19,1381.6000,3,2
2026-04-30,600519,10:55:22,1381.9900,4,1
2026-04-30,600519,10:55:25,1381.5300,24,2
2026-04-30,600519,10:55:28,1383.0000,12,1
2026-04-30,600519,10:55:31,1382.0100,10,2
2026-04-30,600519,10:55:34,1382.0200,11,2
2026-04-30,600519,10:55:37,1382.9900,9,1
2026-04-30,600519,10:55:40,1383.0000,6,1
2026-04-30,600519,10:55:43,1383.1801,15,1
2026-04-30,600519,10:55:46,1383.1000,30,4
2026-04-30,600519,10:55:49,1383.1000,5,2
2026-04-30,600519,10:55:52,1383.2000,6,1
2026-04-30,600519,10:55:55,1383.1899,12,2
2026-04-30,600519,10:55:58,1383.3000,8,1
2026-04-30,600519,10:56:01,1383.3000,2,1
2026-04-30,600519,10:56:04,1383.3800,4,1
2026-04-30,600519,10:56:07,1383.3800,7,1
2026-04-30,600519,10:56:10,1383.3800,9,1
2026-04-30,600519,10:56:13,1383.4399,2,1
2026-04-30,600519,10:56:16,1383.4301,16,1
2026-04-30,600519,10:56:19,1383.4399,13,1
2026-04-30,600519,10:56:22,1383.4399,16,1
2026-04-30,600519,10:56:25,1383.3500,10,2
2026-04-30,600519,10:56:31,1383.4399,8,2
2026-04-30,600519,10:56:34,1383.4399,12,2
2026-04-30,600519,10:56:37,1383.4399,14,1
2026-04-30,600519,10:56:40,1383.1801,65,2
2026-04-30,600519,10:56:43,1382.9600,6,2
2026-04-30,600519,10:56:46,1382.5500,12,2
2026-04-30,600519,10:56:49,1382.5400,1,1
2026-04-30,600519,10:56:52,1382.5400,5,1
2026-04-30,600519,10:56:55,1382.4399,23,2
2026-04-30,600519,10:56:58,1382.5400,4,1
2026-04-30,600519,10:57:01,1382.5400,8,2
2026-04-30,600519,10:57:04,1382.5000,28,2
2026-04-30,600519,10:57:07,1382.5500,11,1
2026-04-30,600519,10:57:10,1382.3700,8,2
2026-04-30,600519,10:57:13,1382.5500,13,1
2026-04-30,600519,10:57:16,1382.5500,9,2
2026-04-30,600519,10:57:19,1382.9399,6,1
2026-04-30,600519,10:57:22,1382.9500,2,1
2026-04-30,600519,10:57:25,1382.9301,7,1
2026-04-30,600519,10:57:28,1382.9700,5,1
2026-04-30,600519,10:57:31,1382.9600,5,1
2026-04-30,600519,10:57:34,1382.9301,9,1
2026-04-30,600519,10:57:37,1383.0000,4,1
2026-04-30,600519,10:57:40,1382.9700,5,2
2026-04-30,600519,10:57:43,1382.9301,8,2
2026-04-30,600519,10:57:46,1383.0000,12,1
2026-04-30,600519,10:57:49,1383.0000,4,1
2026-04-30,600519,10:57:52,1383.0100,2,1
2026-04-30,600519,10:57:55,1383.0100,4,1
2026-04-30,600519,10:57:58,1383.0000,9,2
2026-04-30,600519,10:58:01,1383.0000,10,2
2026-04-30,600519,10:58:04,1383.0100,9,1
2026-04-30,600519,10:58:07,1383.0000,6,2
2026-04-30,600519,10:58:10,1383.0200,7,2
2026-04-30,600519,10:58:13,1382.9800,13,2
2026-04-30,600519,10:58:16,1382.6000,24,2
2026-04-30,600519,10:58:19,1382.6000,2,1
2026-04-30,600519,10:58:22,1382.5699,4,2
2026-04-30,600519,10:58:25,1382.5699,2,2
2026-04-30,600519,10:58:28,1382.5699,9,1
2026-04-30,600519,10:58:31,1382.5601,19,2
2026-04-30,600519,10:58:34,1382.5699,10,1
2026-04-30,600519,10:58:37,1382.6000,4,1
2026-04-30,600519,10:58:40,1382.5601,6,2
2026-04-30,600519,10:58:43,1382.6000,13,1
2026-04-30,600519,10:58:46,1382.5800,2,2
2026-04-30,600519,10:58:49,1382.5699,5,2
2026-04-30,600519,10:58:52,1382.5800,13,1
2026-04-30,600519,10:58:55,1382.5900,9,1
2026-04-30,600519,10:58:58,1382.5900,5,1
2026-04-30,600519,10:59:01,1382.9900,57,1
2026-04-30,600519,10:59:04,1382.9900,23,1
2026-04-30,600519,10:59:07,1383.0601,6,1
2026-04-30,600519,10:59:10,1383.2900,11,1
2026-04-30,600519,10:59:13,1383.0200,8,2
2026-04-30,600519,10:59:16,1383.1899,6,1
2026-04-30,600519,10:59:22,1383.1899,5,1
2026-04-30,600519,10:59:25,1383.1899,2,1
2026-04-30,600519,10:59:28,1383.2000,14,1
2026-04-30,600519,10:59:31,1383.1899,3,2
2026-04-30,600519,10:59:34,1383.2800,3,1
2026-04-30,600519,10:59:37,1383.1899,15,2
2026-04-30,600519,10:59:40,1383.1899,12,2
2026-04-30,600519,10:59:43,1383.0100,14,2
2026-04-30,600519,10:59:46,1383.0300,14,1
2026-04-30,600519,10:59:49,1383.0300,10,1
2026-04-30,600519,10:59:52,1383.0000,7,2
2026-04-30,600519,10:59:55,1383.1899,8,1
2026-04-30,600519,11:00:01,1383.1801,6,1
2026-04-30,600519,11:00:04,1383.1899,4,1
2026-04-30,600519,11:00:07,1383.1899,15,1
2026-04-30,600519,11:00:10,1383.1300,2,2
2026-04-30,600519,11:00:13,1383.1899,7,2
2026-04-30,600519,11:00:16,1383.1801,8,1
2026-04-30,600519,11:00:19,1383.1300,11,2
2026-04-30,600519,11:00:22,1383.0100,9,2
2026-04-30,600519,11:00:25,1383.0000,7,2
2026-04-30,600519,11:00:28,1383.0800,12,1
2026-04-30,600519,11:00:31,1383.0300,3,1
2026-04-30,600519,11:00:34,1383.0300,5,1
2026-04-30,600519,11:00:37,1383.0200,9,4
2026-04-30,600519,11:00:40,1383.0000,12,2
2026-04-30,600519,11:00:43,1383.0000,10,2
2026-04-30,600519,11:00:46,1383.0000,1,2
2026-04-30,600519,11:00:49,1383.0100,3,2
2026-04-30,600519,11:00:52,1383.0000,17,2
2026-04-30,600519,11:00:55,1383.0300,8,1
2026-04-30,600519,11:00:58,1383.0000,7,2
2026-04-30,600519,11:01:01,1383.0200,4,1
2026-04-30,600519,11:01:04,1383.0300,4,1
2026-04-30,600519,11:01:07,1383.0200,4,1
2026-04-30,600519,11:01:10,1383.0300,15,1
2026-04-30,600519,11:01:13,1383.0000,5,2
2026-04-30,600519,11:01:16,1383.0100,5,4
2026-04-30,600519,11:01:19,1383.0000,4,2
2026-04-30,600519,11:01:22,1383.0200,3,1
2026-04-30,600519,11:01:25,1383.0000,14,2
2026-04-30,600519,11:01:28,1383.0200,9,1
2026-04-30,600519,11:01:31,1383.0100,1,4
2026-04-30,600519,11:01:34,1383.0100,12,1
2026-04-30,600519,11:01:37,1383.0200,3,1
2026-04-30,600519,11:01:40,1383.0000,4,2
2026-04-30,600519,11:01:43,1383.0000,8,2
2026-04-30,600519,11:01:46,1383.0000,10,2
2026-04-30,600519,11:01:49,1383.0200,2,1
2026-04-30,600519,11:01:52,1383.0000,16,2
2026-04-30,600519,11:01:55,1383.0000,18,2
2026-04-30,600519,11:01:58,1383.0100,10,4
2026-04-30,600519,11:02:01,1383.0000,7,1
2026-04-30,600519,11:02:04,1383.0000,2,1
2026-04-30,600519,11:02:07,1383.0100,3,1
2026-04-30,600519,11:02:10,1383.0000,6,2
2026-04-30,600519,11:02:13,1383.0100,6,1
2026-04-30,600519,11:02:16,1382.9800,7,2
2026-04-30,600519,11:02:19,1383.0100,6,1
2026-04-30,600519,11:02:22,1382.9900,6,2
2026-04-30,600519,11:02:25,1383.0000,12,1
2026-04-30,600519,11:02:28,1383.0000,2,1
2026-04-30,600519,11:02:31,1382.9900,4,4
2026-04-30,600519,11:02:34,1382.9800,5,2
2026-04-30,600519,11:02:37,1382.9900,8,1
2026-04-30,600519,11:02:40,1383.0000,3,1
2026-04-30,600519,11:02:43,1382.9900,6,2
2026-04-30,600519,11:02:46,1382.9900,9,2
2026-04-30,600519,11:02:49,1382.9900,2,1
2026-04-30,600519,11:02:52,1382.9800,2,2
2026-04-30,600519,11:02:55,1382.9500,11,1
2026-04-30,600519,11:02:58,1382.9800,1,1
2026-04-30,600519,11:03:01,1382.9500,4,2
2026-04-30,600519,11:03:04,1382.9500,7,1
2026-04-30,600519,11:03:07,1382.9200,4,2
2026-04-30,600519,11:03:10,1382.8000,4,2
2026-04-30,600519,11:03:13,1382.9000,5,2
2026-04-30,600519,11:03:16,1382.8600,5,1
2026-04-30,600519,11:03:19,1382.8800,7,1
2026-04-30,600519,11:03:22,1382.8000,3,2
2026-04-30,600519,11:03:25,1382.8900,9,1
2026-04-30,600519,11:03:28,1382.8000,5,2
2026-04-30,600519,11:03:31,1382.7800,5,2
2026-04-30,600519,11:03:34,1382.7900,6,1
2026-04-30,600519,11:03:37,1382.7900,5,1
2026-04-30,600519,11:03:40,1382.7600,4,2
2026-04-30,600519,11:03:43,1382.8000,7,1
2026-04-30,600519,11:03:46,1382.7900,3,2
2026-04-30,600519,11:03:49,1382.7900,1,1
2026-04-30,600519,11:03:52,1382.7800,8,1
2026-04-30,600519,11:03:55,1382.7800,11,1
2026-04-30,600519,11:03:58,1382.6300,6,2
2026-04-30,600519,11:04:01,1382.5900,9,2
2026-04-30,600519,11:04:04,1382.5900,8,2
2026-04-30,600519,11:04:07,1382.5601,12,2
2026-04-30,600519,11:04:10,1382.5699,3,1
2026-04-30,600519,11:04:13,1382.5601,7,2
2026-04-30,600519,11:04:16,1382.5699,9,1
2026-04-30,600519,11:04:19,1382.5699,9,1
2026-04-30,600519,11:04:22,1382.5699,9,2
2026-04-30,600519,11:04:25,1382.5800,11,1
2026-04-30,600519,11:04:28,1382.5699,3,1
2026-04-30,600519,11:04:31,1382.5300,16,2
2026-04-30,600519,11:04:34,1382.5300,5,2
2026-04-30,600519,11:04:40,1382.5699,3,1
2026-04-30,600519,11:04:43,1382.5300,15,2
2026-04-30,600519,11:04:46,1382.5500,3,1
2026-04-30,600519,11:04:49,1382.5000,7,2
2026-04-30,600519,11:04:52,1382.5300,2,4
2026-04-30,600519,11:04:55,1382.5000,25,2
2026-04-30,600519,11:04:58,1382.3700,10,2
2026-04-30,600519,11:05:01,1382.3000,7,2
2026-04-30,600519,11:05:04,1382.0100,16,2
2026-04-30,600519,11:05:07,1382.0000,2,2
2026-04-30,600519,11:05:10,1382.0000,26,2
2026-04-30,600519,11:05:13,1382.0100,20,1
2026-04-30,600519,11:05:16,1382.0000,28,2
2026-04-30,600519,11:05:19,1382.0100,10,4
2026-04-30,600519,11:05:22,1382.0100,4,4
2026-04-30,600519,11:05:25,1382.0200,27,1
2026-04-30,600519,11:05:28,1382.0200,19,1
2026-04-30,600519,11:05:31,1382.0000,7,2
2026-04-30,600519,11:05:34,1382.0000,13,2
2026-04-30,600519,11:05:37,1382.0200,3,2
2026-04-30,600519,11:05:40,1382.0000,11,2
2026-04-30,600519,11:05:43,1382.0000,13,2
2026-04-30,600519,11:05:46,1382.0000,3,2
2026-04-30,600519,11:05:49,1382.0699,8,1
2026-04-30,600519,11:05:52,1382.0601,4,1
2026-04-30,600519,11:05:55,1382.0500,4,1
2026-04-30,600519,11:05:58,1382.0000,12,2
2026-04-30,600519,11:06:01,1382.0500,6,1
2026-04-30,600519,11:06:04,1382.0000,43,2
2026-04-30,600519,11:06:07,1382.0500,16,1
2026-04-30,600519,11:06:10,1382.0000,8,2
2026-04-30,600519,11:06:13,1381.9900,7,1
2026-04-30,600519,11:06:16,1381.9200,4,2
2026-04-30,600519,11:06:19,1381.9900,7,1
2026-04-30,600519,11:06:22,1381.9200,3,2
2026-04-30,600519,11:06:25,1381.9800,8,1
2026-04-30,600519,11:06:28,1381.9800,3,1
2026-04-30,600519,11:06:31,1381.9301,10,2
2026-04-30,600519,11:06:34,1381.8800,10,2
2026-04-30,600519,11:06:37,1381.8800,2,1
2026-04-30,600519,11:06:40,1381.8800,5,1
2026-04-30,600519,11:06:43,1381.8800,7,1
2026-04-30,600519,11:06:46,1381.8700,8,1
2026-04-30,600519,11:06:49,1381.8700,5,1
2026-04-30,600519,11:06:52,1381.8101,17,2
2026-04-30,600519,11:06:55,1381.8800,15,1
2026-04-30,600519,11:06:58,1381.8700,4,1
2026-04-30,600519,11:07:01,1381.8700,5,1
2026-04-30,600519,11:07:04,1381.8300,3,2
2026-04-30,600519,11:07:07,1381.8500,10,1
2026-04-30,600519,11:07:10,1381.7000,15,2
2026-04-30,600519,11:07:13,1381.7000,8,2
2026-04-30,600519,11:07:16,1381.8000,3,1
2026-04-30,600519,11:07:19,1381.8600,13,1
2026-04-30,600519,11:07:22,1381.7000,7,2
2026-04-30,600519,11:07:25,1381.7000,6,2
2026-04-30,600519,11:07:28,1381.7000,11,2
2026-04-30,600519,11:07:31,1381.7000,3,1
2026-04-30,600519,11:07:34,1381.6600,4,2
2026-04-30,600519,11:07:37,1381.6899,12,1
2026-04-30,600519,11:07:40,1381.6801,7,2
2026-04-30,600519,11:07:43,1381.5900,11,2
2026-04-30,600519,11:07:46,1381.6899,11,1
2026-04-30,600519,11:07:49,1381.6000,1,2
2026-04-30,600519,11:07:52,1381.5601,12,2
2026-04-30,600519,11:07:55,1381.5000,35,2
2026-04-30,600519,11:07:58,1381.6000,21,1
2026-04-30,600519,11:08:01,1381.4600,11,2
2026-04-30,600519,11:08:04,1381.5601,16,1
2026-04-30,600519,11:08:07,1381.5601,2,2
2026-04-30,600519,11:08:10,1381.5900,4,1
2026-04-30,600519,11:08:13,1381.4700,26,2
2026-04-30,600519,11:08:16,1381.5601,6,1
2026-04-30,600519,11:08:19,1381.5000,5,1
2026-04-30,600519,11:08:22,1381.4700,9,2
2026-04-30,600519,11:08:25,1381.5601,9,1
2026-04-30,600519,11:08:28,1381.4700,15,1
2026-04-30,600519,11:08:31,1381.4600,5,2
2026-04-30,600519,11:08:34,1381.4700,8,1
2026-04-30,600519,11:08:37,1381.4000,3,2
2026-04-30,600519,11:08:40,1381.4800,2,2
2026-04-30,600519,11:08:43,1381.3900,11,2
2026-04-30,600519,11:08:46,1381.4900,6,1
2026-04-30,600519,11:08:49,1381.4700,7,1
2026-04-30,600519,11:08:52,1381.4600,6,2
2026-04-30,600519,11:08:55,1381.4900,5,1
2026-04-30,600519,11:08:58,1381.4000,4,2
2026-04-30,600519,11:09:01,1381.4000,12,2
2026-04-30,600519,11:09:04,1381.3600,22,2
2026-04-30,600519,11:09:07,1381.4000,14,2
2026-04-30,600519,11:09:10,1381.4000,6,2
2026-04-30,600519,11:09:13,1381.4000,4,2
2026-04-30,600519,11:09:16,1381.3800,10,2
2026-04-30,600519,11:09:19,1381.4700,5,1
2026-04-30,600519,11:09:22,1381.4000,7,2
2026-04-30,600519,11:09:25,1381.4700,6,1
2026-04-30,600519,11:09:28,1381.4800,14,2
2026-04-30,600519,11:09:31,1381.5000,15,1
2026-04-30,600519,11:09:34,1381.5300,3,1
2026-04-30,600519,11:09:37,1381.5000,6,2
2026-04-30,600519,11:09:40,1381.4600,15,2
2026-04-30,600519,11:09:43,1381.4600,10,1
2026-04-30,600519,11:09:46,1381.4600,12,1
2026-04-30,600519,11:09:49,1381.4600,5,1
2026-04-30,600519,11:09:52,1381.4600,13,1
2026-04-30,600519,11:09:55,1381.4600,2,2
2026-04-30,600519,11:09:58,1381.3800,28,2
2026-04-30,600519,11:10:01,1381.4700,10,1
2026-04-30,600519,11:10:04,1381.3800,15,2
2026-04-30,600519,11:10:07,1381.3900,8,2
2026-04-30,600519,11:10:10,1381.4000,9,1
2026-04-30,600519,11:10:13,1381.3800,4,4
2026-04-30,600519,11:10:16,1381.3900,7,1
2026-04-30,600519,11:10:19,1381.3900,9,4
2026-04-30,600519,11:10:22,1381.4600,13,1
2026-04-30,600519,11:10:25,1381.4000,4,2
2026-04-30,600519,11:10:28,1381.4700,3,1
2026-04-30,600519,11:10:31,1381.4000,10,2
2026-04-30,600519,11:10:34,1381.4000,12,2
2026-04-30,600519,11:10:37,1381.4000,3,1
2026-04-30,600519,11:10:40,1381.3900,11,2
2026-04-30,600519,11:10:43,1381.3900,16,1
2026-04-30,600519,11:10:46,1381.3900,7,4
2026-04-30,600519,11:10:49,1381.3900,5,1
2026-04-30,600519,11:10:52,1381.3900,2,4
2026-04-30,600519,11:10:55,1381.4000,29,1
2026-04-30,600519,11:10:58,1381.4700,12,1
2026-04-30,600519,11:11:01,1381.4700,6,1
2026-04-30,600519,11:11:04,1381.4700,3,1
2026-04-30,600519,11:11:07,1381.4700,7,1
2026-04-30,600519,11:11:10,1381.4000,33,2
2026-04-30,600519,11:11:13,1381.4000,7,2
2026-04-30,600519,11:11:16,1381.4000,4,2
2026-04-30,600519,11:11:19,1381.4600,5,1
2026-04-30,600519,11:11:22,1381.4000,17,2
2026-04-30,600519,11:11:25,1381.4500,6,1
2026-04-30,600519,11:11:28,1381.4700,12,1
2026-04-30,600519,11:11:31,1381.4500,13,2
2026-04-30,600519,11:11:34,1381.4000,9,2
2026-04-30,600519,11:11:37,1381.4500,22,1
2026-04-30,600519,11:11:40,1381.4700,16,1
2026-04-30,600519,11:11:43,1381.4000,2,2
2026-04-30,600519,11:11:46,1381.4100,5,1
2026-04-30,600519,11:11:49,1381.4301,4,1
2026-04-30,600519,11:11:52,1381.4500,10,1
2026-04-30,600519,11:11:55,1381.4500,7,1
2026-04-30,600519,11:11:58,1381.4500,8,1
2026-04-30,600519,11:12:01,1381.4500,31,1
2026-04-30,600519,11:12:04,1381.4700,9,1
2026-04-30,600519,11:12:07,1381.4800,2,1
2026-04-30,600519,11:12:10,1381.4800,3,1
2026-04-30,600519,11:12:13,1381.4500,54,2
2026-04-30,600519,11:12:16,1381.5000,3,1
2026-04-30,600519,11:12:19,1381.4900,3,2
2026-04-30,600519,11:12:22,1381.4800,8,2
2026-04-30,600519,11:12:25,1381.5200,4,1
2026-04-30,600519,11:12:28,1381.5000,5,2
2026-04-30,600519,11:12:31,1381.5000,6,2
2026-04-30,600519,11:12:34,1381.5000,5,2
2026-04-30,600519,11:12:37,1381.5100,22,1
2026-04-30,600519,11:12:40,1381.5200,6,1
2026-04-30,600519,11:12:43,1381.5100,7,4
2026-04-30,600519,11:12:46,1381.5100,8,4
2026-04-30,600519,11:12:49,1381.5100,4,2
2026-04-30,600519,11:12:52,1381.5200,11,1
2026-04-30,600519,11:12:55,1381.5200,3,1
2026-04-30,600519,11:13:01,1381.5200,6,2
2026-04-30,600519,11:13:04,1381.5300,4,1
2026-04-30,600519,11:13:07,1381.5100,8,2
2026-04-30,600519,11:13:10,1381.5100,9,2
2026-04-30,600519,11:13:13,1381.5000,8,2
2026-04-30,600519,11:13:16,1381.5000,9,2
2026-04-30,600519,11:13:19,1381.5200,8,1
2026-04-30,600519,11:13:22,1381.5200,16,1
2026-04-30,600519,11:13:25,1381.5400,18,1
2026-04-30,600519,11:13:28,1381.5400,16,1
2026-04-30,600519,11:13:31,1381.4800,10,2
2026-04-30,600519,11:13:34,1381.5200,2,1
