date,code,time,price,volume,bs
2026-06-17,600519,14:04:55,1240.6400,1,1
2026-06-17,600519,14:04:58,1240.3400,5,2
2026-06-17,600519,14:05:01,1240.3000,2,2
2026-06-17,600519,14:05:04,1240.3101,1,1
2026-06-17,600519,14:05:07,1240.3101,2,1
2026-06-17,600519,14:05:10,1240.3000,5,2
2026-06-17,600519,14:05:13,1240.3000,2,1
2026-06-17,600519,14:05:16,1240.2900,7,2
2026-06-17,600519,14:05:19,1240.2100,10,2
2026-06-17,600519,14:05:22,1240.2600,15,1
2026-06-17,600519,14:05:25,1240.2700,8,1
2026-06-17,600519,14:05:28,1240.2200,2,4
2026-06-17,600519,14:05:31,1240.2000,8,2
2026-06-17,600519,14:05:34,1240.1500,10,2
2026-06-17,600519,14:05:40,1240.1200,2,2
2026-06-17,600519,14:05:43,1240.1000,7,2
2026-06-17,600519,14:05:46,1240.1000,5,2
2026-06-17,600519,14:05:49,1240.1000,2,2
2026-06-17,600519,14:05:52,1240.1000,4,2
2026-06-17,600519,14:05:55,1240.0800,13,2
2026-06-17,600519,14:05:58,1240.0800,6,2
2026-06-17,600519,14:06:01,1240.1000,13,1
2026-06-17,600519,14:06:04,1240.0601,9,1
2026-06-17,600519,14:06:07,1240.0100,1,2
2026-06-17,600519,14:06:10,1240.0100,9,2
2026-06-17,600519,14:06:13,1240.0100,2,2
2026-06-17,600519,14:06:16,1240.0200,6,2
2026-06-17,600519,14:06:22,1240.3199,45,1
2026-06-17,600519,14:06:25,1240.2100,6,2
2026-06-17,600519,14:06:28,1240.3600,2,1
2026-06-17,600519,14:06:31,1240.2300,1,2
2026-06-17,600519,14:06:34,1240.3101,1,2
2026-06-17,600519,14:06:37,1240.4800,9,1
2026-06-17,600519,14:06:55,1240.4700,6,1
2026-06-17,600519,14:06:58,1240.3000,4,2
2026-06-17,600519,14:07:01,1240.4600,1,1
2026-06-17,600519,14:07:04,1240.1100,4,2
2026-06-17,600519,14:07:10,1240.2400,1,2
2026-06-17,600519,14:07:13,1240.3900,3,1
2026-06-17,600519,14:07:16,1240.3000,6,1
2026-06-17,600519,14:07:19,1240.5200,38,1
2026-06-17,600519,14:07:22,1240.5500,12,1
2026-06-17,600519,14:07:25,1240.4399,8,2
2026-06-17,600519,14:07:31,1240.5000,2,1
2026-06-17,600519,14:07:34,1240.4000,8,2
2026-06-17,600519,14:07:40,1240.3500,2,2
2026-06-17,600519,14:07:43,1240.4600,2,1
2026-06-17,600519,14:07:46,1240.3400,4,2
2026-06-17,600519,14:07:49,1240.2000,5,2
2026-06-17,600519,14:07:52,1240.4301,10,1
2026-06-17,600519,14:07:55,1240.1000,9,2
2026-06-17,600519,14:07:58,1240.3000,1,1
2026-06-17,600519,14:08:01,1240.4600,5,1
2026-06-17,600519,14:08:04,1240.2000,3,2
2026-06-17,600519,14:08:07,1240.4600,22,1
2026-06-17,600519,14:08:10,1240.8300,101,1
2026-06-17,600519,14:08:13,1240.8500,26,1
2026-06-17,600519,14:08:16,1241.5601,14,1
2026-06-17,600519,14:08:19,1241.7600,5,1
2026-06-17,600519,14:08:22,1241.2200,3,2
2026-06-17,600519,14:08:25,1241.2800,7,1
2026-06-17,600519,14:08:28,1240.8300,6,2
2026-06-17,600519,14:08:31,1241.0900,11,1
2026-06-17,600519,14:08:34,1241.0100,1,1
2026-06-17,600519,14:08:37,1240.6300,10,2
2026-06-17,600519,14:08:40,1240.6801,7,1
2026-06-17,600519,14:08:43,1241.0000,1,1
2026-06-17,600519,14:08:46,1241.0000,5,1
2026-06-17,600519,14:08:49,1240.6801,1,2
2026-06-17,600519,14:08:52,1241.0000,6,1
2026-06-17,600519,14:08:55,1240.9900,6,1
2026-06-17,600519,14:09:01,1240.6300,5,2
2026-06-17,600519,14:09:04,1240.6300,7,2
2026-06-17,600519,14:09:07,1240.6300,46,1
2026-06-17,600519,14:09:10,1241.0000,16,1
2026-06-17,600519,14:09:13,1240.6100,7,2
2026-06-17,600519,14:09:16,1241.1700,12,1
2026-06-17,600519,14:09:19,1241.0000,4,1
2026-06-17,600519,14:09:22,1240.6200,1,2
2026-06-17,600519,14:09:25,1240.9900,1,1
2026-06-17,600519,14:09:28,1240.6300,1,2
2026-06-17,600519,14:09:31,1240.9900,1,1
2026-06-17,600519,14:09:34,1240.6200,11,2
2026-06-17,600519,14:09:37,1240.6000,1,2
2026-06-17,600519,14:09:40,1240.5800,7,2
2026-06-17,600519,14:09:43,1240.6000,3,4
2026-06-17,600519,14:09:49,1240.6200,10,1
2026-06-17,600519,14:09:52,1240.6300,3,4
2026-06-17,600519,14:09:55,1240.6200,4,2
2026-06-17,600519,14:09:58,1240.5699,7,2
2026-06-17,600519,14:10:01,1240.5200,16,2
2026-06-17,600519,14:10:04,1240.5200,9,1
2026-06-17,600519,14:10:07,1240.5400,19,1
2026-06-17,600519,14:10:10,1240.5400,3,2
2026-06-17,600519,14:10:13,1240.5200,4,2
2026-06-17,600519,14:10:16,1240.5200,2,2
2026-06-17,600519,14:10:19,1240.5200,3,1
2026-06-17,600519,14:10:22,1240.5200,12,1
2026-06-17,600519,14:10:25,1240.5000,5,2
2026-06-17,600519,14:10:28,1240.4600,4,2
2026-06-17,600519,14:10:31,1240.5000,1,1
2026-06-17,600519,14:10:34,1240.4700,1,2
2026-06-17,600519,14:10:37,1240.4700,2,2
2026-06-17,600519,14:10:40,1240.4800,2,2
2026-06-17,600519,14:10:43,1240.4800,2,2
2026-06-17,600519,14:10:46,1240.4800,3,1
2026-06-17,600519,14:10:49,1240.4700,5,4
2026-06-17,600519,14:10:52,1240.4600,7,2
2026-06-17,600519,14:10:55,1240.4301,2,2
2026-06-17,600519,14:10:58,1240.3600,5,2
2026-06-17,600519,14:11:01,1240.2200,5,2
2026-06-17,600519,14:11:04,1240.3101,22,1
2026-06-17,600519,14:11:07,1240.2200,5,2
2026-06-17,600519,14:11:10,1240.3500,4,1
2026-06-17,600519,14:11:13,1240.2800,7,2
2026-06-17,600519,14:11:16,1240.3400,7,1
2026-06-17,600519,14:11:19,1240.3300,1,1
2026-06-17,600519,14:11:22,1240.3000,3,2
2026-06-17,600519,14:11:25,1240.2200,8,2
2026-06-17,600519,14:11:28,1240.3000,1,1
2026-06-17,600519,14:11:31,1240.2200,5,2
2026-06-17,600519,14:11:34,1240.2200,4,2
2026-06-17,600519,14:11:37,1240.2200,18,2
2026-06-17,600519,14:11:40,1240.7100,92,1
2026-06-17,600519,14:11:43,1240.7200,3,2
2026-06-17,600519,14:11:46,1240.7100,6,2
2026-06-17,600519,14:11:49,1240.7100,3,2
2026-06-17,600519,14:11:52,1240.7000,2,2
2026-06-17,600519,14:11:55,1240.7000,18,2
2026-06-17,600519,14:11:58,1240.7000,3,2
2026-06-17,600519,14:12:01,1240.7100,3,2
2026-06-17,600519,14:12:07,1242.0000,64,1
2026-06-17,600519,14:12:10,1242.0300,31,1
2026-06-17,600519,14:12:13,1241.9200,15,2
2026-06-17,600519,14:12:16,1241.4100,3,2
2026-06-17,600519,14:12:19,1241.4100,1,2
2026-06-17,600519,14:12:22,1241.4100,2,2
2026-06-17,600519,14:12:25,1241.4100,0,2
2026-06-17,600519,14:12:28,1241.4000,4,2
2026-06-17,600519,14:12:31,1241.4100,3,1
2026-06-17,600519,14:12:34,1242.0000,8,1
2026-06-17,600519,14:12:37,1241.4000,13,2
2026-06-17,600519,14:12:40,1242.0000,13,1
2026-06-17,600519,14:12:43,1241.4000,2,1
2026-06-17,600519,14:12:46,1241.4000,2,2
2026-06-17,600519,14:12:49,1241.9800,1,1
2026-06-17,600519,14:12:52,1242.0000,3,1
2026-06-17,600519,14:12:58,1241.9800,2,1
2026-06-17,600519,14:13:01,1241.9800,2,1
2026-06-17,600519,14:13:04,1242.0200,13,1
2026-06-17,600519,14:13:07,1242.2900,11,1
2026-06-17,600519,14:13:10,1242.7600,5,1
2026-06-17,600519,14:13:13,1241.6801,3,2
2026-06-17,600519,14:13:16,1241.6801,4,2
2026-06-17,600519,14:13:19,1242.0000,1,2
2026-06-17,600519,14:13:22,1241.6801,2,2
2026-06-17,600519,14:13:25,1242.0000,6,1
2026-06-17,600519,14:13:31,1242.0900,1,1
2026-06-17,600519,14:13:34,1241.6899,1,2
2026-06-17,600519,14:13:37,1242.0800,2,1
2026-06-17,600519,14:13:40,1241.6801,2,2
2026-06-17,600519,14:13:43,1241.6801,5,2
2026-06-17,600519,14:13:46,1241.5200,7,2
2026-06-17,600519,14:13:49,1241.6300,7,1
2026-06-17,600519,14:13:52,1241.2400,8,2
2026-06-17,600519,14:13:55,1241.5000,5,1
2026-06-17,600519,14:13:58,1241.0000,2,2
2026-06-17,600519,14:14:01,1241.0100,3,1
2026-06-17,600519,14:14:04,1240.8800,3,2
2026-06-17,600519,14:14:10,1240.8500,1,1
2026-06-17,600519,14:14:13,1240.7100,3,2
2026-06-17,600519,14:14:16,1240.7000,1,2
2026-06-17,600519,14:14:19,1240.6100,1,2
2026-06-17,600519,14:14:22,1240.6700,3,1
2026-06-17,600519,14:14:25,1240.6000,5,2
2026-06-17,600519,14:14:28,1240.4900,8,2
2026-06-17,600519,14:14:31,1240.4100,4,2
2026-06-17,600519,14:14:34,1240.4000,6,1
2026-06-17,600519,14:14:40,1240.2300,3,2
2026-06-17,600519,14:14:43,1240.2200,8,2
2026-06-17,600519,14:14:46,1240.4100,10,1
2026-06-17,600519,14:14:49,1240.4100,4,1
2026-06-17,600519,14:14:52,1240.4000,5,1
2026-06-17,600519,14:14:55,1240.2400,12,2
2026-06-17,600519,14:14:58,1240.4100,5,1
2026-06-17,600519,14:15:01,1240.4500,2,1
2026-06-17,600519,14:15:04,1240.4500,7,1
2026-06-17,600519,14:15:07,1240.4000,9,2
2026-06-17,600519,14:15:10,1240.4399,4,1
2026-06-17,600519,14:15:13,1240.4000,2,1
2026-06-17,600519,14:15:16,1240.4000,15,1
2026-06-17,600519,14:15:19,1240.3800,1,2
2026-06-17,600519,14:15:22,1240.3800,2,2
2026-06-17,600519,14:15:25,1240.3800,5,1
2026-06-17,600519,14:15:28,1240.4301,10,1
2026-06-17,600519,14:15:31,1240.5200,18,1
2026-06-17,600519,14:15:34,1240.3800,5,2
2026-06-17,600519,14:15:37,1240.5200,1,2
2026-06-17,600519,14:15:40,1240.3800,4,2
2026-06-17,600519,14:15:46,1240.3800,2,2
2026-06-17,600519,14:15:49,1240.5000,2,1
2026-06-17,600519,14:15:52,1240.5100,3,1
2026-06-17,600519,14:15:55,1240.3900,1,2
2026-06-17,600519,14:15:58,1240.4900,6,1
2026-06-17,600519,14:16:04,1240.3900,1,2
2026-06-17,600519,14:16:10,1240.5400,2,1
2026-06-17,600519,14:16:13,1240.4000,2,2
2026-06-17,600519,14:16:16,1240.4399,5,1
2026-06-17,600519,14:16:19,1240.5400,9,1
2026-06-17,600519,14:16:22,1240.3900,3,2
2026-06-17,600519,14:16:25,1240.4399,6,2
2026-06-17,600519,14:16:28,1240.5400,5,1
2026-06-17,600519,14:16:31,1240.5300,4,2
2026-06-17,600519,14:16:34,1240.4399,4,2
2026-06-17,600519,14:16:40,1240.5900,1,1
2026-06-17,600519,14:16:43,1240.6000,4,1
2026-06-17,600519,14:16:46,1240.6000,4,1
2026-06-17,600519,14:16:49,1240.6200,2,1
2026-06-17,600519,14:16:55,1240.7100,17,1
2026-06-17,600519,14:16:58,1240.8400,5,1
2026-06-17,600519,14:17:01,1240.8400,11,1
2026-06-17,600519,14:17:04,1241.0000,2,1
2026-06-17,600519,14:17:07,1240.9500,8,2
2026-06-17,600519,14:17:10,1241.1100,1,1
2026-06-17,600519,14:17:13,1241.0200,5,2
2026-06-17,600519,14:17:16,1241.1100,3,1
2026-06-17,600519,14:17:19,1241.0800,3,1
2026-06-17,600519,14:17:22,1241.1400,3,1
2026-06-17,600519,14:17:25,1241.0900,5,2
2026-06-17,600519,14:17:28,1240.9600,10,2
2026-06-17,600519,14:17:31,1241.0601,2,1
2026-06-17,600519,14:17:34,1240.9301,2,2
2026-06-17,600519,14:17:37,1240.9600,2,2
2026-06-17,600519,14:17:40,1240.9399,3,2
2026-06-17,600519,14:17:43,1241.0800,5,1
2026-06-17,600519,14:17:46,1241.0000,2,2
2026-06-17,600519,14:17:49,1241.0800,1,1
2026-06-17,600519,14:17:55,1241.0000,1,2
2026-06-17,600519,14:17:58,1241.0601,15,1
2026-06-17,600519,14:18:10,1240.8500,10,2
2026-06-17,600519,14:18:13,1240.8500,2,2
2026-06-17,600519,14:18:16,1240.8300,6,2
2026-06-17,600519,14:18:19,1240.8000,9,2
2026-06-17,600519,14:18:22,1240.8500,5,4
2026-06-17,600519,14:18:25,1240.9301,4,1
2026-06-17,600519,14:18:28,1240.5900,3,2
2026-06-17,600519,14:18:31,1240.6000,3,1
2026-06-17,600519,14:18:34,1240.6000,8,1
2026-06-17,600519,14:18:37,1240.6000,7,2
2026-06-17,600519,14:18:40,1240.6200,2,1
2026-06-17,600519,14:18:43,1240.6200,4,1
2026-06-17,600519,14:18:46,1240.6200,1,2
2026-06-17,600519,14:18:49,1240.6300,2,4
2026-06-17,600519,14:18:52,1240.6300,5,4
2026-06-17,600519,14:18:55,1240.6200,2,2
2026-06-17,600519,14:18:58,1240.6000,5,2
2026-06-17,600519,14:19:01,1240.6100,2,4
2026-06-17,600519,14:19:04,1240.6200,11,1
2026-06-17,600519,14:19:07,1240.6200,2,2
2026-06-17,600519,14:19:10,1240.6200,1,2
2026-06-17,600519,14:19:13,1240.6200,4,2
2026-06-17,600519,14:19:16,1240.6200,4,2
2026-06-17,600519,14:19:19,1240.6200,1,1
2026-06-17,600519,14:19:22,1240.5699,3,2
2026-06-17,600519,14:19:28,1240.5500,3,2
2026-06-17,600519,14:19:31,1240.5000,3,2
2026-06-17,600519,14:19:34,1240.5000,4,2
2026-06-17,600519,14:19:37,1240.4900,9,2
2026-06-17,600519,14:19:40,1240.4399,5,2
2026-06-17,600519,14:19:46,1240.3900,5,2
2026-06-17,600519,14:19:49,1240.4100,1,2
2026-06-17,600519,14:19:52,1240.3800,3,2
2026-06-17,600519,14:19:55,1240.3800,6,2
2026-06-17,600519,14:19:58,1240.3800,2,2
2026-06-17,600519,14:20:04,1240.3800,4,2
2026-06-17,600519,14:20:07,1240.3800,3,2
2026-06-17,600519,14:20:13,1240.3800,8,2
2026-06-17,600519,14:20:16,1240.3900,6,1
2026-06-17,600519,14:20:19,1240.3900,7,1
2026-06-17,600519,14:20:22,1240.4200,20,1
2026-06-17,600519,14:20:25,1240.4500,6,1
2026-06-17,600519,14:20:28,1240.4200,2,2
2026-06-17,600519,14:20:31,1240.4800,9,1
2026-06-17,600519,14:20:34,1240.3800,142,2
2026-06-17,600519,14:20:40,1240.4000,1,2
2026-06-17,600519,14:20:43,1240.3101,2,2
2026-06-17,600519,14:20:46,1240.3500,2,2
2026-06-17,600519,14:20:49,1240.3000,1,2
2026-06-17,600519,14:20:52,1240.3500,19,1
2026-06-17,600519,14:20:55,1240.3000,2,4
2026-06-17,600519,14:20:58,1240.3000,4,1
2026-06-17,600519,14:21:01,1240.2600,3,2
2026-06-17,600519,14:21:04,1240.2800,4,1
2026-06-17,600519,14:21:07,1240.2300,6,2
2026-06-17,600519,14:21:10,1240.2600,6,1
2026-06-17,600519,14:21:13,1240.2200,9,2
2026-06-17,600519,14:21:16,1240.2200,15,2
2026-06-17,600519,14:21:19,1240.2200,5,2
2026-06-17,600519,14:21:22,1240.2200,9,2
2026-06-17,600519,14:21:25,1240.2300,8,2
2026-06-17,600519,14:21:28,1240.2200,4,2
2026-06-17,600519,14:21:31,1240.2400,1,1
2026-06-17,600519,14:21:34,1240.2200,7,2
2026-06-17,600519,14:21:37,1240.2200,10,2
2026-06-17,600519,14:21:40,1240.2300,8,1
2026-06-17,600519,14:21:43,1240.2100,5,2
2026-06-17,600519,14:21:46,1240.2300,1,1
2026-06-17,600519,14:21:49,1240.2000,4,2
2026-06-17,600519,14:21:52,1240.2000,1,2
2026-06-17,600519,14:21:55,1240.2000,15,2
2026-06-17,600519,14:21:58,1240.2100,4,4
2026-06-17,600519,14:22:01,1240.2000,4,2
2026-06-17,600519,14:22:04,1240.2200,2,1
2026-06-17,600519,14:22:07,1240.2200,5,1
2026-06-17,600519,14:22:10,1240.2200,3,1
2026-06-17,600519,14:22:13,1240.2000,19,2
2026-06-17,600519,14:22:16,1240.2200,9,1
2026-06-17,600519,14:22:19,1240.2100,5,1
2026-06-17,600519,14:22:22,1240.2000,3,2
2026-06-17,600519,14:22:25,1240.2000,10,2
2026-06-17,600519,14:22:28,1240.2000,5,2
2026-06-17,600519,14:22:31,1240.2100,4,1
2026-06-17,600519,14:22:34,1240.2000,1,2
2026-06-17,600519,14:22:37,1240.2000,9,2
2026-06-17,600519,14:22:40,1240.2000,20,2
2026-06-17,600519,14:22:43,1240.2000,5,2
2026-06-17,600519,14:22:46,1240.2000,1,2
2026-06-17,600519,14:22:49,1240.2000,1,2
2026-06-17,600519,14:22:52,1240.2000,3,2
2026-06-17,600519,14:22:55,1240.2000,38,2
2026-06-17,600519,14:22:58,1240.2000,4,2
2026-06-17,600519,14:23:01,1240.2000,8,2
2026-06-17,600519,14:23:04,1240.2000,8,2
2026-06-17,600519,14:23:07,1240.2100,3,1
2026-06-17,600519,14:23:10,1240.2000,5,2
2026-06-17,600519,14:23:13,1240.1899,4,2
2026-06-17,600519,14:23:16,1240.2000,2,1
2026-06-17,600519,14:23:19,1240.1899,3,4
2026-06-17,600519,14:23:22,1240.1801,5,2
2026-06-17,600519,14:23:25,1240.1300,5,2
2026-06-17,600519,14:23:28,1240.1200,3,2
2026-06-17,600519,14:23:31,1240.1200,8,2
2026-06-17,600519,14:23:34,1240.1100,1,2
2026-06-17,600519,14:23:37,1240.1300,24,1
2026-06-17,600519,14:23:40,1240.1300,5,1
2026-06-17,600519,14:23:43,1240.1300,1,1
2026-06-17,600519,14:23:46,1240.1300,5,1
2026-06-17,600519,14:23:49,1240.2100,12,1
2026-06-17,600519,14:23:52,1240.1300,5,2
2026-06-17,600519,14:23:55,1240.1400,2,1
2026-06-17,600519,14:23:58,1240.1400,3,1
2026-06-17,600519,14:24:01,1240.1400,0,1
2026-06-17,600519,14:24:04,1240.1200,2,2
2026-06-17,600519,14:24:07,1240.1300,2,4
2026-06-17,600519,14:24:10,1240.1200,3,2
2026-06-17,600519,14:24:13,1240.1100,9,2
2026-06-17,600519,14:24:16,1240.1100,2,2
2026-06-17,600519,14:24:19,1240.1400,1,1
2026-06-17,600519,14:24:22,1240.1100,8,2
2026-06-17,600519,14:24:25,1240.1100,4,2
2026-06-17,600519,14:24:28,1240.1100,2,2
2026-06-17,600519,14:24:31,1240.1100,10,2
2026-06-17,600519,14:24:34,1240.1200,6,4
2026-06-17,600519,14:24:37,1240.1200,2,2
2026-06-17,600519,14:24:40,1240.1100,4,2
2026-06-17,600519,14:24:43,1240.1000,8,2
2026-06-17,600519,14:24:46,1240.1000,2,2
2026-06-17,600519,14:24:49,1240.1000,29,2
2026-06-17,600519,14:24:52,1240.1000,1,2
2026-06-17,600519,14:24:55,1240.0699,7,2
2026-06-17,600519,14:24:58,1240.0900,3,1
2026-06-17,600519,14:25:01,1240.0300,6,2
2026-06-17,600519,14:25:04,1240.0100,8,2
2026-06-17,600519,14:25:07,1240.0100,3,2
2026-06-17,600519,14:25:10,1240.0100,3,2
2026-06-17,600519,14:25:13,1240.0000,16,2
2026-06-17,600519,14:25:16,1240.0100,3,1
2026-06-17,600519,14:25:19,1240.0100,4,1
2026-06-17,600519,14:25:22,1240.0100,3,1
2026-06-17,600519,14:25:25,1240.0100,12,1
2026-06-17,600519,14:25:28,1240.0000,8,2
2026-06-17,600519,14:25:31,1240.0100,13,1
2026-06-17,600519,14:25:34,1240.0100,2,1
2026-06-17,600519,14:25:37,1240.0000,5,2
2026-06-17,600519,14:25:40,1240.0100,5,1
2026-06-17,600519,14:25:43,1240.0000,15,2
2026-06-17,600519,14:25:49,1240.0000,3,2
2026-06-17,600519,14:25:52,1240.0000,3,2
2026-06-17,600519,14:25:55,1240.0000,6,2
2026-06-17,600519,14:25:58,1240.0000,2,2
2026-06-17,600519,14:26:01,1240.0100,7,1
2026-06-17,600519,14:26:04,1240.0000,27,2
2026-06-17,600519,14:26:07,1240.0100,16,1
2026-06-17,600519,14:26:10,1240.0000,3,2
2026-06-17,600519,14:26:13,1240.0100,4,1
2026-06-17,600519,14:26:16,1240.0000,108,2
2026-06-17,600519,14:26:19,1240.0100,10,1
2026-06-17,600519,14:26:22,1240.0000,7,2
2026-06-17,600519,14:26:25,1240.0100,17,1
2026-06-17,600519,14:26:28,1240.0100,3,1
2026-06-17,600519,14:26:31,1240.0100,5,1
2026-06-17,600519,14:26:34,1240.0100,14,1
2026-06-17,600519,14:26:37,1240.0000,6,2
2026-06-17,600519,14:26:40,1240.0000,3,2
2026-06-17,600519,14:26:43,1240.0100,3,1
2026-06-17,600519,14:26:46,1240.0000,9,2
2026-06-17,600519,14:26:49,1240.0100,9,1
2026-06-17,600519,14:26:52,1240.0000,39,2
2026-06-17,600519,14:26:55,1240.0100,9,1
2026-06-17,600519,14:26:58,1240.0100,4,1
2026-06-17,600519,14:27:01,1240.0000,8,2
2026-06-17,600519,14:27:04,1240.0000,5,2
2026-06-17,600519,14:27:07,1240.0000,4,2
2026-06-17,600519,14:27:10,1240.0000,7,2
2026-06-17,600519,14:27:13,1240.0000,1,2
2026-06-17,600519,14:27:16,1240.0000,16,2
2026-06-17,600519,14:27:19,1240.0000,3,2
2026-06-17,600519,14:27:22,1240.0100,16,1
2026-06-17,600519,14:27:25,1240.0100,56,1
2026-06-17,600519,14:27:28,1240.0000,6,2
2026-06-17,600519,14:27:31,1240.0000,9,2
2026-06-17,600519,14:27:34,1240.0100,7,1
2026-06-17,600519,14:27:37,1240.0100,2,1
2026-06-17,600519,14:27:40,1239.9900,5,2
2026-06-17,600519,14:27:43,1239.9900,3,2
2026-06-17,600519,14:27:46,1240.0000,6,1
2026-06-17,600519,14:27:49,1240.0000,2,2
2026-06-17,600519,14:27:52,1240.0000,2,2
2026-06-17,600519,14:27:55,1240.0000,4,2
2026-06-17,600519,14:27:58,1240.0100,5,1
2026-06-17,600519,14:28:01,1240.0000,2,2
2026-06-17,600519,14:28:04,1240.0000,3,2
2026-06-17,600519,14:28:07,1240.0000,4,2
2026-06-17,600519,14:28:10,1240.0000,17,2
2026-06-17,600519,14:28:13,1240.0000,47,2
2026-06-17,600519,14:28:16,1239.9900,9,2
2026-06-17,600519,14:28:19,1239.9900,4,2
2026-06-17,600519,14:28:22,1239.9900,4,2
2026-06-17,600519,14:28:25,1239.9800,1,2
2026-06-17,600519,14:28:28,1239.9900,3,1
2026-06-17,600519,14:28:31,1239.9800,19,2
2026-06-17,600519,14:28:34,1239.9900,8,1
2026-06-17,600519,14:28:37,1239.9800,6,2
2026-06-17,600519,14:28:40,1239.9800,9,2
2026-06-17,600519,14:28:43,1239.9900,4,1
2026-06-17,600519,14:28:46,1239.9900,5,1
2026-06-17,600519,14:28:49,1239.9800,6,2
2026-06-17,600519,14:28:52,1239.9900,1,4
2026-06-17,600519,14:28:55,1239.9800,19,2
2026-06-17,600519,14:28:58,1239.9800,7,2
2026-06-17,600519,14:29:01,1240.0000,18,1
2026-06-17,600519,14:29:04,1239.9800,11,4
2026-06-17,600519,14:29:07,1239.9600,4,2
2026-06-17,600519,14:29:10,1239.9800,3,1
2026-06-17,600519,14:29:13,1239.9700,3,2
2026-06-17,600519,14:29:16,1239.9700,4,2
2026-06-17,600519,14:29:19,1239.9700,5,2
2026-06-17,600519,14:29:22,1239.9600,5,2
2026-06-17,600519,14:29:25,1239.9399,14,2
2026-06-17,600519,14:29:28,1239.9500,1,4
2026-06-17,600519,14:29:31,1239.9399,4,2
2026-06-17,600519,14:29:34,1239.9399,7,2
2026-06-17,600519,14:29:37,1239.9500,4,1
2026-06-17,600519,14:29:40,1239.9500,7,1
2026-06-17,600519,14:29:43,1239.9500,7,1
2026-06-17,600519,14:29:46,1239.9500,12,1
2026-06-17,600519,14:29:49,1239.9600,2,1
2026-06-17,600519,14:29:52,1239.9399,5,2
2026-06-17,600519,14:29:55,1239.9600,5,1
2026-06-17,600519,14:30:01,1239.9399,13,2
2026-06-17,600519,14:30:04,1239.9500,7,2
2026-06-17,600519,14:30:07,1239.9500,9,2
2026-06-17,600519,14:30:10,1239.9500,12,2
2026-06-17,600519,14:30:13,1239.9700,1,1
2026-06-17,600519,14:30:16,1239.9600,10,4
2026-06-17,600519,14:30:19,1239.9800,22,1
2026-06-17,600519,14:30:22,1239.9800,2,2
2026-06-17,600519,14:30:25,1239.9800,9,2
2026-06-17,600519,14:30:28,1239.9900,5,1
2026-06-17,600519,14:30:31,1239.9700,12,2
2026-06-17,600519,14:30:34,1239.9800,2,1
2026-06-17,600519,14:30:37,1239.9700,2,2
2026-06-17,600519,14:30:40,1239.9800,8,1
2026-06-17,600519,14:30:43,1239.9600,5,2
2026-06-17,600519,14:30:46,1239.9600,2,2
2026-06-17,600519,14:30:49,1239.9600,8,2
2026-06-17,600519,14:30:52,1240.0000,13,1
2026-06-17,600519,14:30:58,1240.0000,14,1
2026-06-17,600519,14:31:01,1240.0000,5,1
2026-06-17,600519,14:31:04,1239.9700,9,2
2026-06-17,600519,14:31:07,1239.9800,16,4
2026-06-17,600519,14:31:10,1240.0000,9,1
2026-06-17,600519,14:31:13,1239.9600,6,2
2026-06-17,600519,14:31:16,1239.9301,7,2
2026-06-17,600519,14:31:19,1239.9200,1,2
2026-06-17,600519,14:31:22,1239.9600,5,1
2026-06-17,600519,14:31:25,1239.9200,7,2
2026-06-17,600519,14:31:28,1239.9200,13,1
2026-06-17,600519,14:31:31,1239.9000,6,2
2026-06-17,600519,14:31:34,1239.9399,1,1
2026-06-17,600519,14:31:37,1239.9100,3,2
2026-06-17,600519,14:31:40,1239.9399,8,1
2026-06-17,600519,14:31:43,1239.9500,6,1
2026-06-17,600519,14:31:46,1239.9200,4,2
2026-06-17,600519,14:31:52,1239.9301,2,1
2026-06-17,600519,14:31:55,1239.9301,4,1
2026-06-17,600519,14:31:58,1239.9301,1,1
2026-06-17,600519,14:32:01,1239.9399,7,1
2026-06-17,600519,14:32:04,1239.9301,3,2
2026-06-17,600519,14:32:07,1239.9301,2,4
2026-06-17,600519,14:32:10,1239.9301,4,2
2026-06-17,600519,14:32:13,1239.9301,18,2
2026-06-17,600519,14:32:16,1239.9301,1,4
2026-06-17,600519,14:32:19,1239.9200,3,2
2026-06-17,600519,14:32:22,1239.9399,1,2
2026-06-17,600519,14:32:25,1239.9301,1,1
2026-06-17,600519,14:32:28,1239.9399,15,1
2026-06-17,600519,14:32:31,1239.9399,3,1
2026-06-17,600519,14:32:34,1239.9500,10,1
2026-06-17,600519,14:32:37,1239.9600,3,1
2026-06-17,600519,14:32:40,1239.9500,3,4
2026-06-17,600519,14:32:43,1239.9399,2,2
2026-06-17,600519,14:32:49,1239.9301,2,2
2026-06-17,600519,14:32:52,1239.9700,5,1
2026-06-17,600519,14:32:55,1239.9200,89,2
2026-06-17,600519,14:32:58,1239.9500,5,2
2026-06-17,600519,14:33:01,1239.9600,8,4
2026-06-17,600519,14:33:04,1239.9200,7,2
2026-06-17,600519,14:33:07,1239.9500,3,2
2026-06-17,600519,14:33:10,1239.9500,2,2
2026-06-17,600519,14:33:13,1239.9500,3,2
2026-06-17,600519,14:33:16,1239.9399,7,2
2026-06-17,600519,14:33:19,1239.9600,6,1
2026-06-17,600519,14:33:22,1239.9301,3,2
2026-06-17,600519,14:33:25,1239.9200,6,2
2026-06-17,600519,14:33:28,1239.9200,8,2
2026-06-17,600519,14:33:31,1239.9100,9,2
2026-06-17,600519,14:33:34,1239.9200,4,1
2026-06-17,600519,14:33:37,1239.9000,7,2
2026-06-17,600519,14:33:40,1239.8900,22,2
2026-06-17,600519,14:33:43,1239.8800,15,2
2026-06-17,600519,14:33:46,1239.8900,1,2
2026-06-17,600519,14:33:49,1239.9100,3,1
2026-06-17,600519,14:33:52,1239.8800,5,2
2026-06-17,600519,14:33:55,1239.9100,22,1
2026-06-17,600519,14:33:58,1239.8900,8,2
2026-06-17,600519,14:34:01,1239.8800,1,2
2026-06-17,600519,14:34:04,1239.8800,15,2
2026-06-17,600519,14:34:07,1239.8800,15,2
2026-06-17,600519,14:34:10,1239.8800,3,2
2026-06-17,600519,14:34:13,1239.8900,3,2
2026-06-17,600519,14:34:16,1239.9200,12,1
2026-06-17,600519,14:34:19,1239.9301,3,2
2026-06-17,600519,14:34:22,1239.9500,5,1
2026-06-17,600519,14:34:25,1239.9000,5,2
2026-06-17,600519,14:34:31,1239.8900,9,2
2026-06-17,600519,14:34:34,1239.8800,5,2
2026-06-17,600519,14:34:37,1239.8900,4,2
2026-06-17,600519,14:34:40,1239.9100,1,1
2026-06-17,600519,14:34:43,1239.8900,3,2
2026-06-17,600519,14:34:46,1239.9100,4,1
2026-06-17,600519,14:34:49,1239.9000,3,1
2026-06-17,600519,14:34:52,1239.8900,9,2
2026-06-17,600519,14:34:55,1239.9399,10,1
2026-06-17,600519,14:34:58,1239.9000,4,2
2026-06-17,600519,14:35:01,1239.9100,8,2
2026-06-17,600519,14:35:04,1239.9100,12,1
2026-06-17,600519,14:35:07,1239.9600,7,1
2026-06-17,600519,14:35:10,1239.9600,19,1
2026-06-17,600519,14:35:13,1240.0000,8,1
2026-06-17,600519,14:35:16,1239.9600,27,2
2026-06-17,600519,14:35:19,1240.0000,11,1
2026-06-17,600519,14:35:22,1240.0000,26,1
2026-06-17,600519,14:35:25,1240.0100,12,1
2026-06-17,600519,14:35:28,1240.0500,8,1
2026-06-17,600519,14:35:31,1240.0601,3,1
2026-06-17,600519,14:35:34,1240.0900,10,1
2026-06-17,600519,14:35:37,1240.1100,11,1
2026-06-17,600519,14:35:40,1240.1100,2,1
2026-06-17,600519,14:35:43,1240.2500,1,1
2026-06-17,600519,14:35:46,1240.1600,1,2
2026-06-17,600519,14:35:49,1240.2600,5,1
2026-06-17,600519,14:35:52,1240.3500,11,1
2026-06-17,600519,14:35:55,1240.1500,2,2
2026-06-17,600519,14:35:58,1240.3600,3,1
2026-06-17,600519,14:36:01,1240.4000,9,1
2026-06-17,600519,14:36:04,1240.2700,8,2
2026-06-17,600519,14:36:07,1240.3900,2,1
2026-06-17,600519,14:36:10,1240.4100,4,1
2026-06-17,600519,14:36:13,1240.4000,1,4
2026-06-17,600519,14:36:16,1240.4100,3,1
2026-06-17,600519,14:36:19,1240.4100,2,1
2026-06-17,600519,14:36:22,1240.4200,12,1
2026-06-17,600519,14:36:25,1240.4200,1,1
2026-06-17,600519,14:36:28,1240.4800,6,1
2026-06-17,600519,14:36:31,1240.4399,2,2
2026-06-17,600519,14:36:34,1240.4700,4,4
2026-06-17,600519,14:36:37,1240.4700,1,1
2026-06-17,600519,14:36:40,1240.4200,4,2
2026-06-17,600519,14:36:43,1240.4200,4,2
2026-06-17,600519,14:36:49,1240.4200,3,2
2026-06-17,600519,14:36:52,1240.4200,10,2
2026-06-17,600519,14:36:55,1240.4200,3,2
2026-06-17,600519,14:36:58,1240.4000,4,2
2026-06-17,600519,14:37:01,1240.4100,5,4
2026-06-17,600519,14:37:04,1240.4100,2,1
2026-06-17,600519,14:37:07,1240.4000,5,2
2026-06-17,600519,14:37:10,1240.4100,10,1
2026-06-17,600519,14:37:13,1240.4000,6,2
2026-06-17,600519,14:37:16,1240.4301,3,1
2026-06-17,600519,14:37:19,1240.4000,6,2
2026-06-17,600519,14:37:22,1240.4100,2,4
2026-06-17,600519,14:37:25,1240.4100,3,4
2026-06-17,600519,14:37:28,1240.4200,9,1
2026-06-17,600519,14:37:31,1240.3800,6,2
2026-06-17,600519,14:37:34,1240.4100,1,1
2026-06-17,600519,14:37:37,1240.3700,5,2
2026-06-17,600519,14:37:40,1240.4301,4,1
2026-06-17,600519,14:37:43,1240.4200,7,2
2026-06-17,600519,14:37:46,1240.4200,4,1
2026-06-17,600519,14:37:49,1240.3500,22,2
2026-06-17,600519,14:37:52,1240.4100,5,1
2026-06-17,600519,14:37:55,1240.3500,3,2
2026-06-17,600519,14:37:58,1240.3700,6,2
2026-06-17,600519,14:38:04,1240.3700,5,2
2026-06-17,600519,14:38:07,1240.3800,9,2
2026-06-17,600519,14:38:10,1240.3800,3,2
2026-06-17,600519,14:38:13,1240.3900,13,1
2026-06-17,600519,14:38:16,1240.3600,13,1
2026-06-17,600519,14:38:19,1240.2600,13,2
2026-06-17,600519,14:38:22,1240.3101,16,1
2026-06-17,600519,14:38:25,1240.0900,4,2
2026-06-17,600519,14:38:28,1240.1100,3,2
2026-06-17,600519,14:38:31,1240.1100,3,2
2026-06-17,600519,14:38:34,1240.2800,4,1
2026-06-17,600519,14:38:37,1240.0900,9,2
2026-06-17,600519,14:38:40,1240.0100,13,2
2026-06-17,600519,14:38:43,1240.2000,2,1
2026-06-17,600519,14:38:46,1240.1100,5,2
2026-06-17,600519,14:38:49,1240.1000,11,1
2026-06-17,600519,14:38:52,1240.0100,5,2
2026-06-17,600519,14:38:55,1240.0100,6,2
2026-06-17,600519,14:38:58,1240.0000,28,2
2026-06-17,600519,14:39:01,1239.9900,14,2
2026-06-17,600519,14:39:04,1239.9800,8,2
2026-06-17,600519,14:39:07,1239.9700,4,2
2026-06-17,600519,14:39:10,1239.9700,5,2
2026-06-17,600519,14:39:13,1240.0000,4,1
2026-06-17,600519,14:39:16,1239.9900,14,2
2026-06-17,600519,14:39:19,1239.9900,13,1
2026-06-17,600519,14:39:22,1239.9800,6,4
2026-06-17,600519,14:39:25,1240.0699,41,1
2026-06-17,600519,14:39:28,1240.1100,21,1
2026-06-17,600519,14:39:31,1240.1100,8,2
2026-06-17,600519,14:39:34,1240.2000,5,1
2026-06-17,600519,14:39:37,1240.2100,6,1
2026-06-17,600519,14:39:40,1240.1100,17,2
2026-06-17,600519,14:39:43,1240.2100,20,1
2026-06-17,600519,14:39:46,1240.2000,3,1
2026-06-17,600519,14:39:49,1240.2800,4,1
2026-06-17,600519,14:39:52,1240.2800,2,1
2026-06-17,600519,14:39:55,1240.2800,13,1
2026-06-17,600519,14:39:58,1240.2800,7,2
2026-06-17,600519,14:40:01,1240.0900,4,2
2026-06-17,600519,14:40:04,1240.2800,12,2
2026-06-17,600519,14:40:07,1240.0900,4,2
2026-06-17,600519,14:40:10,1240.1100,12,2
2026-06-17,600519,14:40:13,1240.0900,2,2
2026-06-17,600519,14:40:16,1240.2400,5,1
2026-06-17,600519,14:40:19,1240.2500,29,1
2026-06-17,600519,14:40:22,1240.1200,3,2
2026-06-17,600519,14:40:25,1240.2500,10,1
2026-06-17,600519,14:40:28,1240.1100,3,2
2026-06-17,600519,14:40:31,1240.2900,10,1
2026-06-17,600519,14:40:37,1240.1000,16,2
2026-06-17,600519,14:40:40,1240.0800,22,2
2026-06-17,600519,14:40:43,1239.9900,26,2
2026-06-17,600519,14:40:46,1239.9800,20,2
2026-06-17,600519,14:40:49,1239.9900,2,1
2026-06-17,600519,14:40:52,1239.9700,14,2
2026-06-17,600519,14:40:55,1239.9900,7,1
2026-06-17,600519,14:40:58,1240.0000,9,1
2026-06-17,600519,14:41:01,1240.0000,5,2
2026-06-17,600519,14:41:04,1239.9800,6,4
2026-06-17,600519,14:41:07,1239.9700,6,2
2026-06-17,600519,14:41:10,1239.9600,20,2
2026-06-17,600519,14:41:13,1239.9500,3,1
2026-06-17,600519,14:41:16,1239.9600,4,1
2026-06-17,600519,14:41:19,1239.9600,24,1
2026-06-17,600519,14:41:22,1239.9600,16,1
2026-06-17,600519,14:41:25,1239.9700,17,2
2026-06-17,600519,14:41:28,1239.9700,3,2
2026-06-17,600519,14:41:31,1239.9600,5,2
2026-06-17,600519,14:41:34,1239.9600,7,2
2026-06-17,600519,14:41:37,1239.9600,7,2
2026-06-17,600519,14:41:40,1239.9500,9,2
2026-06-17,600519,14:41:43,1239.9800,8,1
2026-06-17,600519,14:41:46,1239.9500,6,2
2026-06-17,600519,14:41:49,1239.9700,4,1
2026-06-17,600519,14:41:52,1239.9700,7,2
2026-06-17,600519,14:41:55,1239.9399,30,2
2026-06-17,600519,14:41:58,1239.9500,2,2
2026-06-17,600519,14:42:01,1239.9600,17,2
2026-06-17,600519,14:42:04,1239.9600,4,2
2026-06-17,600519,14:42:07,1239.9399,11,2
2026-06-17,600519,14:42:10,1239.9500,7,2
2026-06-17,600519,14:42:13,1239.9600,2,1
2026-06-17,600519,14:42:16,1239.9301,57,2
2026-06-17,600519,14:42:19,1239.9399,51,1
2026-06-17,600519,14:42:22,1239.9100,14,2
2026-06-17,600519,14:42:25,1239.9100,8,1
2026-06-17,600519,14:42:28,1239.9000,8,2
2026-06-17,600519,14:42:31,1239.9000,15,2
2026-06-17,600519,14:42:34,1239.9200,4,2
2026-06-17,600519,14:42:37,1239.9200,5,2
2026-06-17,600519,14:42:40,1239.9600,3,1
2026-06-17,600519,14:42:43,1239.9200,5,2
2026-06-17,600519,14:42:49,1239.9301,3,4
2026-06-17,600519,14:42:52,1239.9200,5,2
2026-06-17,600519,14:42:55,1239.9301,4,1
2026-06-17,600519,14:42:58,1239.9301,7,1
2026-06-17,600519,14:43:01,1239.9100,7,2
2026-06-17,600519,14:43:04,1239.9200,6,4
2026-06-17,600519,14:43:07,1239.9301,14,1
2026-06-17,600519,14:43:10,1239.9600,25,1
2026-06-17,600519,14:43:13,1240.1400,31,1
2026-06-17,600519,14:43:16,1240.1899,6,1
2026-06-17,600519,14:43:19,1240.3000,5,1
2026-06-17,600519,14:43:22,1240.3000,2,1
2026-06-17,600519,14:43:25,1240.2000,2,1
2026-06-17,600519,14:43:28,1240.2800,15,1
2026-06-17,600519,14:43:34,1240.3000,4,1
2026-06-17,600519,14:43:37,1240.3000,5,1
2026-06-17,600519,14:43:40,1240.3000,4,1
2026-06-17,600519,14:43:43,1240.3000,6,1
2026-06-17,600519,14:43:46,1240.2800,4,2
2026-06-17,600519,14:43:49,1240.2100,7,2
2026-06-17,600519,14:43:52,1240.1000,17,2
2026-06-17,600519,14:43:55,1240.0400,14,2
2026-06-17,600519,14:43:58,1240.0300,5,2
2026-06-17,600519,14:44:01,1240.0400,13,2
2026-06-17,600519,14:44:04,1240.0400,4,2
2026-06-17,600519,14:44:07,1240.0000,5,2
2026-06-17,600519,14:44:10,1240.0300,4,1
2026-06-17,600519,14:44:13,1240.0300,2,1
2026-06-17,600519,14:44:16,1240.0300,1,1
2026-06-17,600519,14:44:19,1240.0000,2,2
2026-06-17,600519,14:44:22,1240.0000,7,2
2026-06-17,600519,14:44:25,1239.9800,16,2
2026-06-17,600519,14:44:28,1239.9900,7,1
2026-06-17,600519,14:44:31,1239.9900,4,1
2026-06-17,600519,14:44:34,1239.9800,6,2
2026-06-17,600519,14:44:37,1239.9900,6,1
2026-06-17,600519,14:44:40,1240.0000,4,1
2026-06-17,600519,14:44:43,1240.0000,1,1
2026-06-17,600519,14:44:46,1239.9900,9,2
2026-06-17,600519,14:44:49,1240.0000,9,1
2026-06-17,600519,14:44:52,1240.0000,8,1
2026-06-17,600519,14:44:55,1240.0000,10,1
2026-06-17,600519,14:44:58,1240.0200,10,1
2026-06-17,600519,14:45:01,1240.0000,4,2
2026-06-17,600519,14:45:04,1240.0000,8,2
2026-06-17,600519,14:45:07,1240.0000,13,2
2026-06-17,600519,14:45:10,1240.0000,15,2
2026-06-17,600519,14:45:13,1240.0400,17,1
2026-06-17,600519,14:45:16,1240.0300,5,1
2026-06-17,600519,14:45:19,1240.0400,10,1
2026-06-17,600519,14:45:22,1240.0300,18,2
2026-06-17,600519,14:45:25,1240.0800,6,1
2026-06-17,600519,14:45:31,1240.0500,4,2
2026-06-17,600519,14:45:34,1240.1400,20,1
2026-06-17,600519,14:45:37,1240.1801,11,1
2026-06-17,600519,14:45:40,1240.1500,4,1
2026-06-17,600519,14:45:43,1240.1500,2,2
2026-06-17,600519,14:45:46,1240.1700,3,1
2026-06-17,600519,14:45:49,1240.1801,13,1
2026-06-17,600519,14:45:52,1240.1801,7,2
2026-06-17,600519,14:45:55,1240.2000,8,1
2026-06-17,600519,14:45:58,1240.1899,2,1
2026-06-17,600519,14:46:01,1240.1899,2,2
2026-06-17,600519,14:46:04,1240.2000,6,1
2026-06-17,600519,14:46:07,1240.1899,5,2
2026-06-17,600519,14:46:10,1240.1899,11,1
2026-06-17,600519,14:46:13,1240.1600,10,2
2026-06-17,600519,14:46:16,1240.1500,1,2
2026-06-17,600519,14:46:19,1240.1500,9,2
2026-06-17,600519,14:46:22,1240.1500,10,2
2026-06-17,600519,14:46:25,1240.1400,4,2
2026-06-17,600519,14:46:28,1240.1700,4,4
2026-06-17,600519,14:46:31,1240.1600,4,2
2026-06-17,600519,14:46:34,1240.1801,5,1
2026-06-17,600519,14:46:37,1240.1600,4,2
2026-06-17,600519,14:46:40,1240.1600,18,2
2026-06-17,600519,14:46:43,1240.1000,4,2
2026-06-17,600519,14:46:46,1240.0699,5,2
2026-06-17,600519,14:46:49,1240.0699,8,1
2026-06-17,600519,14:46:52,1240.0300,9,2
2026-06-17,600519,14:46:55,1240.0400,8,2
2026-06-17,600519,14:46:58,1240.0400,3,4
2026-06-17,600519,14:47:01,1240.0300,8,2
2026-06-17,600519,14:47:04,1240.0200,18,2
2026-06-17,600519,14:47:07,1240.0000,7,2
2026-06-17,600519,14:47:10,1240.0300,10,1
2026-06-17,600519,14:47:13,1240.0300,5,1
2026-06-17,600519,14:47:16,1240.0100,11,2
2026-06-17,600519,14:47:19,1240.0300,3,2
2026-06-17,600519,14:47:22,1240.0300,2,2
2026-06-17,600519,14:47:25,1240.0400,6,2
2026-06-17,600519,14:47:28,1240.0400,4,2
2026-06-17,600519,14:47:31,1240.0601,6,1
2026-06-17,600519,14:47:34,1240.0400,2,2
2026-06-17,600519,14:47:37,1240.0300,20,2
2026-06-17,600519,14:47:40,1240.0400,17,1
2026-06-17,600519,14:47:43,1240.0400,5,2
2026-06-17,600519,14:47:46,1240.0200,3,2
2026-06-17,600519,14:47:49,1240.0200,5,2
2026-06-17,600519,14:47:52,1240.0200,5,4
2026-06-17,600519,14:47:55,1240.0100,3,2
2026-06-17,600519,14:47:58,1240.0000,18,2
2026-06-17,600519,14:48:01,1240.0000,7,2
2026-06-17,600519,14:48:04,1240.0200,6,1
2026-06-17,600519,14:48:07,1240.0100,11,2
2026-06-17,600519,14:48:10,1240.0100,16,2
2026-06-17,600519,14:48:13,1240.0100,17,1
2026-06-17,600519,14:48:16,1240.0200,12,1
2026-06-17,600519,14:48:19,1240.0100,9,2
2026-06-17,600519,14:48:22,1240.0100,3,2
2026-06-17,600519,14:48:25,1240.0300,11,1
2026-06-17,600519,14:48:31,1240.0300,8,1
2026-06-17,600519,14:48:34,1240.0300,4,1
2026-06-17,600519,14:48:37,1240.0200,16,2
2026-06-17,600519,14:48:40,1240.0300,6,1
2026-06-17,600519,14:48:43,1240.0200,11,2
2026-06-17,600519,14:48:46,1240.0300,18,1
2026-06-17,600519,14:48:49,1240.0300,2,2
2026-06-17,600519,14:48:52,1240.0200,6,2
2026-06-17,600519,14:48:55,1240.0200,7,2
2026-06-17,600519,14:48:58,1240.0100,7,2
2026-06-17,600519,14:49:01,1240.0100,8,2
2026-06-17,600519,14:49:04,1240.0100,9,2
2026-06-17,600519,14:49:07,1240.0400,13,4
2026-06-17,600519,14:49:10,1240.0300,10,2
2026-06-17,600519,14:49:13,1240.0400,5,2
2026-06-17,600519,14:49:16,1240.0699,10,1
2026-06-17,600519,14:49:19,1240.0400,11,2
2026-06-17,600519,14:49:22,1240.1899,10,1
2026-06-17,600519,14:49:25,1240.0500,9,1
2026-06-17,600519,14:49:28,1240.0200,18,2
2026-06-17,600519,14:49:31,1240.0500,7,2
2026-06-17,600519,14:49:34,1240.1801,3,1
2026-06-17,600519,14:49:37,1240.1801,6,1
2026-06-17,600519,14:49:40,1240.0900,4,1
2026-06-17,600519,14:49:43,1240.0900,3,1
2026-06-17,600519,14:49:46,1240.0500,5,2
2026-06-17,600519,14:49:49,1240.0100,16,2
2026-06-17,600519,14:49:52,1240.0200,19,2
2026-06-17,600519,14:49:55,1240.0699,3,1
2026-06-17,600519,14:49:58,1240.0500,5,1
2026-06-17,600519,14:50:01,1240.0100,10,2
2026-06-17,600519,14:50:04,1240.0000,13,2
2026-06-17,600519,14:50:07,1240.0100,13,1
2026-06-17,600519,14:50:10,1240.0601,19,1
2026-06-17,600519,14:50:13,1240.0200,30,2
2026-06-17,600519,14:50:16,1240.0300,4,1
2026-06-17,600519,14:50:19,1240.0400,10,1
2026-06-17,600519,14:50:22,1240.0500,6,1
2026-06-17,600519,14:50:25,1240.0601,14,1
2026-06-17,600519,14:50:28,1240.0400,27,2
2026-06-17,600519,14:50:31,1240.0400,4,2
2026-06-17,600519,14:50:34,1240.0300,5,2
2026-06-17,600519,14:50:37,1240.0400,9,2
2026-06-17,600519,14:50:40,1240.0300,1,4
2026-06-17,600519,14:50:43,1240.0200,7,2
2026-06-17,600519,14:50:46,1240.0500,14,1
2026-06-17,600519,14:50:49,1240.0601,14,1
2026-06-17,600519,14:50:52,1240.0400,9,2
2026-06-17,600519,14:50:55,1240.0699,7,1
2026-06-17,600519,14:50:58,1240.0300,12,2
2026-06-17,600519,14:51:01,1240.1400,26,1
2026-06-17,600519,14:51:04,1240.0699,2,2
2026-06-17,600519,14:51:07,1240.0400,5,2
2026-06-17,600519,14:51:10,1240.0400,2,2
2026-06-17,600519,14:51:13,1240.0601,4,2
2026-06-17,600519,14:51:16,1240.0500,3,4
2026-06-17,600519,14:51:19,1240.0400,7,2
2026-06-17,600519,14:51:22,1240.0400,7,2
2026-06-17,600519,14:51:25,1240.0500,7,1
2026-06-17,600519,14:51:28,1240.0300,33,2
2026-06-17,600519,14:51:31,1240.0400,12,1
2026-06-17,600519,14:51:34,1240.0400,7,2
2026-06-17,600519,14:51:37,1240.0500,7,1
2026-06-17,600519,14:51:40,1240.0200,9,2
2026-06-17,600519,14:51:43,1240.0000,12,2
2026-06-17,600519,14:51:46,1240.0400,18,1
2026-06-17,600519,14:51:49,1240.0000,13,2
2026-06-17,600519,14:51:52,1240.0000,12,2
2026-06-17,600519,14:51:55,1240.0200,9,1
2026-06-17,600519,14:51:58,1240.0500,13,1
2026-06-17,600519,14:52:01,1240.0601,14,1
2026-06-17,600519,14:52:04,1240.0800,11,1
2026-06-17,600519,14:52:07,1240.0699,3,4
2026-06-17,600519,14:52:10,1240.0601,7,2
2026-06-17,600519,14:52:13,1240.0601,9,2
2026-06-17,600519,14:52:16,1240.0800,5,2
2026-06-17,600519,14:52:19,1240.0699,4,4
2026-06-17,600519,14:52:22,1240.0800,9,1
2026-06-17,600519,14:52:25,1240.0900,4,2
2026-06-17,600519,14:52:28,1240.0800,4,2
2026-06-17,600519,14:52:31,1240.0800,7,2
2026-06-17,600519,14:52:34,1240.0900,6,2
2026-06-17,600519,14:52:37,1240.1899,11,1
2026-06-17,600519,14:52:40,1240.1899,7,2
2026-06-17,600519,14:52:43,1240.2000,3,2
2026-06-17,600519,14:52:46,1240.2900,6,1
2026-06-17,600519,14:52:49,1240.2900,1,2
2026-06-17,600519,14:52:52,1240.2400,27,2
2026-06-17,600519,14:52:55,1240.3400,5,1
2026-06-17,600519,14:52:58,1240.3400,4,1
2026-06-17,600519,14:53:01,1240.3101,2,2
2026-06-17,600519,14:53:04,1240.3500,13,1
2026-06-17,600519,14:53:07,1240.3600,9,2
2026-06-17,600519,14:53:10,1240.3500,2,2
2026-06-17,600519,14:53:13,1240.4000,5,1
2026-06-17,600519,14:53:16,1240.3600,12,2
2026-06-17,600519,14:53:19,1240.3800,1,2
2026-06-17,600519,14:53:22,1240.3900,1,2
2026-06-17,600519,14:53:25,1240.3600,7,2
2026-06-17,600519,14:53:28,1240.4000,10,2
2026-06-17,600519,14:53:31,1240.4900,8,1
2026-06-17,600519,14:53:34,1240.4200,2,2
2026-06-17,600519,14:53:37,1240.3600,8,2
2026-06-17,600519,14:53:40,1240.3600,3,2
2026-06-17,600519,14:53:43,1240.4000,10,1
2026-06-17,600519,14:53:46,1240.4900,23,1
2026-06-17,600519,14:53:49,1240.4000,1,2
2026-06-17,600519,14:53:52,1240.4900,18,1
2026-06-17,600519,14:53:55,1240.4800,13,1
2026-06-17,600519,14:53:58,1240.4800,4,2
2026-06-17,600519,14:54:01,1240.4800,20,2
2026-06-17,600519,14:54:04,1240.5500,7,1
2026-06-17,600519,14:54:07,1240.6100,1,1
2026-06-17,600519,14:54:10,1240.6200,2,1
2026-06-17,600519,14:54:13,1240.6100,3,1
2026-06-17,600519,14:54:16,1240.5601,5,2
2026-06-17,600519,14:54:19,1240.6200,16,1
2026-06-17,600519,14:54:22,1240.6200,1,1
2026-06-17,600519,14:54:25,1240.6400,2,1
2026-06-17,600519,14:54:28,1240.6400,4,1
2026-06-17,600519,14:54:31,1240.9301,13,1
2026-06-17,600519,14:54:34,1240.9900,8,1
2026-06-17,600519,14:54:37,1241.0000,8,1
2026-06-17,600519,14:54:40,1241.0000,6,1
2026-06-17,600519,14:54:43,1240.9900,3,1
2026-06-17,600519,14:54:46,1241.0000,2,1
2026-06-17,600519,14:54:49,1241.0000,4,1
2026-06-17,600519,14:54:52,1241.0000,9,2
2026-06-17,600519,14:54:55,1241.1899,14,1
2026-06-17,600519,14:54:58,1241.0000,3,2
2026-06-17,600519,14:55:01,1241.0000,7,2
2026-06-17,600519,14:55:04,1241.2100,10,1
2026-06-17,600519,14:55:07,1241.2000,5,2
2026-06-17,600519,14:55:10,1241.2100,12,1
2026-06-17,600519,14:55:13,1241.2000,18,4
2026-06-17,600519,14:55:16,1241.2100,8,2
2026-06-17,600519,14:55:19,1241.4700,11,1
2026-06-17,600519,14:55:22,1241.4900,6,1
2026-06-17,600519,14:55:25,1241.4900,11,2
2026-06-17,600519,14:55:28,1241.4900,9,2
2026-06-17,600519,14:55:31,1241.4200,22,2
2026-06-17,600519,14:55:34,1241.4900,11,2
2026-06-17,600519,14:55:37,1241.7900,5,1
2026-06-17,600519,14:55:40,1241.8000,13,1
2026-06-17,600519,14:55:43,1241.5100,14,2
2026-06-17,600519,14:55:46,1242.0000,20,1
2026-06-17,600519,14:55:49,1242.4301,8,1
2026-06-17,600519,14:55:52,1242.4399,25,2
2026-06-17,600519,14:55:55,1242.5000,4,2
2026-06-17,600519,14:55:58,1242.7700,5,1
2026-06-17,600519,14:56:01,1242.7900,15,1
2026-06-17,600519,14:56:04,1242.7900,7,2
2026-06-17,600519,14:56:07,1242.5100,15,2
2026-06-17,600519,14:56:10,1242.9900,10,1
2026-06-17,600519,14:56:13,1242.9900,16,2
2026-06-17,600519,14:56:16,1242.7900,5,2
2026-06-17,600519,14:56:19,1242.5000,11,2
2026-06-17,600519,14:56:22,1242.7900,22,1
2026-06-17,600519,14:56:25,1242.5000,5,1
2026-06-17,600519,14:56:28,1241.5200,5,2
2026-06-17,600519,14:56:31,1241.5200,23,2
2026-06-17,600519,14:56:34,1241.5100,6,2
2026-06-17,600519,14:56:37,1242.5200,9,1
2026-06-17,600519,14:56:40,1241.6000,12,2
2026-06-17,600519,14:56:43,1241.6000,4,2
2026-06-17,600519,14:56:46,1241.6000,3,2
2026-06-17,600519,14:56:49,1241.6300,6,2
2026-06-17,600519,14:56:52,1242.0000,16,1
2026-06-17,600519,14:56:55,1242.4800,2,1
2026-06-17,600519,14:56:58,1242.0000,16,2
2026-06-17,600519,14:57:01,1242.4800,1,2
2026-06-17,600519,15:00:02,1240.0000,535,4
2026-06-17,600519,13:11:52,1244.1700,1,1
2026-06-17,600519,13:11:55,1244.1600,3,1
2026-06-17,600519,13:11:58,1244.1700,3,2
2026-06-17,600519,13:12:01,1244.0200,4,2
2026-06-17,600519,13:12:04,1244.0000,8,2
2026-06-17,600519,13:12:07,1244.0200,2,2
2026-06-17,600519,13:12:13,1244.0900,1,1
2026-06-17,600519,13:12:16,1244.0900,2,1
2026-06-17,600519,13:12:19,1244.1600,8,1
2026-06-17,600519,13:12:22,1244.2300,3,1
2026-06-17,600519,13:12:25,1244.2000,6,2
2026-06-17,600519,13:12:28,1244.2000,1,2
2026-06-17,600519,13:12:34,1244.2000,5,2
2026-06-17,600519,13:12:40,1244.3000,3,1
2026-06-17,600519,13:12:43,1244.3000,2,2
2026-06-17,600519,13:12:46,1244.3000,4,2
2026-06-17,600519,13:12:49,1244.6100,5,1
2026-06-17,600519,13:12:55,1244.6200,1,2
2026-06-17,600519,13:12:58,1244.6100,2,2
2026-06-17,600519,13:13:01,1244.8500,5,1
2026-06-17,600519,13:13:04,1244.8500,42,1
2026-06-17,600519,13:13:07,1244.8400,2,1
2026-06-17,600519,13:13:10,1244.8400,1,1
2026-06-17,600519,13:13:13,1244.6400,2,2
2026-06-17,600519,13:13:16,1244.8500,1,1
2026-06-17,600519,13:13:19,1244.8300,1,1
2026-06-17,600519,13:13:22,1244.8400,4,1
2026-06-17,600519,13:13:25,1244.8600,2,1
2026-06-17,600519,13:13:28,1244.7400,5,2
2026-06-17,600519,13:13:31,1244.7900,3,2
2026-06-17,600519,13:13:37,1244.6500,3,2
2026-06-17,600519,13:13:40,1244.6600,1,2
2026-06-17,600519,13:13:43,1244.7700,2,1
2026-06-17,600519,13:13:46,1244.6500,1,2
2026-06-17,600519,13:13:49,1244.7800,22,1
2026-06-17,600519,13:13:52,1244.7400,24,2
2026-06-17,600519,13:13:55,1244.7500,18,1
2026-06-17,600519,13:14:01,1244.7800,7,1
2026-06-17,600519,13:14:04,1243.8800,12,2
2026-06-17,600519,13:14:07,1243.6500,10,2
2026-06-17,600519,13:14:10,1243.1300,3,2
2026-06-17,600519,13:14:13,1243.8800,3,1
2026-06-17,600519,13:14:16,1243.0200,4,2
2026-06-17,600519,13:14:19,1243.1300,1,1
2026-06-17,600519,13:14:22,1242.8600,16,2
2026-06-17,600519,13:14:25,1243.0200,11,1
2026-06-17,600519,13:14:28,1243.0800,16,1
2026-06-17,600519,13:14:31,1243.1300,1,1
2026-06-17,600519,13:14:34,1243.0200,2,2
2026-06-17,600519,13:14:37,1243.1200,15,1
2026-06-17,600519,13:14:40,1243.0200,3,2
2026-06-17,600519,13:14:43,1242.9200,2,2
2026-06-17,600519,13:14:49,1242.4600,3,2
2026-06-17,600519,13:14:52,1242.4500,2,2
2026-06-17,600519,13:14:55,1243.0200,5,1
2026-06-17,600519,13:14:58,1242.4600,21,2
2026-06-17,600519,13:15:01,1242.4600,3,2
2026-06-17,600519,13:15:04,1242.4600,4,2
2026-06-17,600519,13:15:07,1242.8900,4,1
2026-06-17,600519,13:15:10,1242.4600,2,2
2026-06-17,600519,13:15:13,1242.4800,8,2
2026-06-17,600519,13:15:16,1242.5000,1,2
2026-06-17,600519,13:15:19,1242.4900,2,2
2026-06-17,600519,13:15:22,1242.4800,6,2
2026-06-17,600519,13:15:25,1242.9100,1,1
2026-06-17,600519,13:15:28,1242.9100,6,1
2026-06-17,600519,13:15:31,1242.9100,4,1
2026-06-17,600519,13:15:34,1242.5100,1,2
2026-06-17,600519,13:15:37,1242.9200,2,1
2026-06-17,600519,13:15:40,1242.8600,33,2
2026-06-17,600519,13:15:43,1242.9200,10,2
2026-06-17,600519,13:15:49,1242.9900,2,1
2026-06-17,600519,13:15:52,1243.1300,7,1
2026-06-17,600519,13:15:55,1243.0200,5,2
2026-06-17,600519,13:15:58,1243.0200,6,2
2026-06-17,600519,13:16:01,1243.5000,5,1
2026-06-17,600519,13:16:04,1243.5000,7,2
2026-06-17,600519,13:16:07,1243.8800,12,1
2026-06-17,600519,13:16:10,1243.9700,13,1
2026-06-17,600519,13:16:16,1243.5500,6,2
2026-06-17,600519,13:16:19,1244.2200,1,1
2026-06-17,600519,13:16:22,1243.9900,3,2
2026-06-17,600519,13:16:25,1243.9900,1,2
2026-06-17,600519,13:16:28,1243.9900,9,2
2026-06-17,600519,13:16:37,1244.2300,24,1
2026-06-17,600519,13:16:40,1244.2300,14,2
2026-06-17,600519,13:16:43,1244.2300,3,2
2026-06-17,600519,13:16:46,1244.3300,2,1
2026-06-17,600519,13:16:49,1244.2300,1,2
2026-06-17,600519,13:16:52,1244.0000,7,2
2026-06-17,600519,13:16:55,1244.2300,4,1
2026-06-17,600519,13:16:58,1244.3199,5,1
2026-06-17,600519,13:17:01,1244.3199,1,2
2026-06-17,600519,13:17:04,1244.3199,2,2
2026-06-17,600519,13:17:07,1244.3199,19,2
2026-06-17,600519,13:17:10,1244.3199,8,2
2026-06-17,600519,13:17:13,1244.3500,4,1
2026-06-17,600519,13:17:16,1244.3400,16,2
2026-06-17,600519,13:17:19,1244.0000,4,2
2026-06-17,600519,13:17:22,1243.8800,8,2
2026-06-17,600519,13:17:25,1243.2200,4,2
2026-06-17,600519,13:17:28,1243.9800,1,1
2026-06-17,600519,13:17:31,1243.9800,3,1
2026-06-17,600519,13:17:34,1243.2400,1,2
2026-06-17,600519,13:17:37,1243.2400,7,2
2026-06-17,600519,13:17:40,1243.2400,1,2
2026-06-17,600519,13:17:43,1243.2400,2,2
2026-06-17,600519,13:17:46,1243.2400,1,2
2026-06-17,600519,13:17:52,1243.2400,1,2
2026-06-17,600519,13:17:55,1243.2300,5,2
2026-06-17,600519,13:17:58,1243.2300,8,2
2026-06-17,600519,13:18:01,1243.3000,8,1
2026-06-17,600519,13:18:04,1243.0200,4,2
2026-06-17,600519,13:18:07,1243.0300,3,1
2026-06-17,600519,13:18:10,1243.0000,22,2
2026-06-17,600519,13:18:13,1243.0000,8,2
2026-06-17,600519,13:18:16,1242.9200,9,2
2026-06-17,600519,13:18:19,1242.4600,5,2
2026-06-17,600519,13:18:22,1242.5000,4,1
2026-06-17,600519,13:18:25,1242.5000,4,1
2026-06-17,600519,13:18:28,1242.5000,3,1
2026-06-17,600519,13:18:31,1242.5000,1,2
2026-06-17,600519,13:18:34,1242.5000,8,2
2026-06-17,600519,13:18:40,1242.0500,2,2
2026-06-17,600519,13:18:43,1242.0000,17,2
2026-06-17,600519,13:18:46,1242.0000,7,2
2026-06-17,600519,13:18:52,1241.7700,3,2
2026-06-17,600519,13:18:55,1241.7000,5,2
2026-06-17,600519,13:19:01,1241.5900,3,2
2026-06-17,600519,13:19:04,1241.5900,3,2
2026-06-17,600519,13:19:07,1241.4200,3,2
2026-06-17,600519,13:19:10,1241.5900,14,1
2026-06-17,600519,13:19:13,1241.0200,7,2
2026-06-17,600519,13:19:16,1241.0100,3,2
2026-06-17,600519,13:19:19,1241.0200,7,2
2026-06-17,600519,13:19:22,1241.0200,7,2
2026-06-17,600519,13:19:25,1241.0200,5,2
2026-06-17,600519,13:19:28,1241.0900,17,1
2026-06-17,600519,13:19:31,1241.0900,6,2
2026-06-17,600519,13:19:34,1241.2100,14,1
2026-06-17,600519,13:19:40,1241.2000,4,2
2026-06-17,600519,13:19:43,1241.2000,7,2
2026-06-17,600519,13:19:46,1241.2000,4,2
2026-06-17,600519,13:19:52,1241.5100,1,2
2026-06-17,600519,13:19:55,1241.2000,3,2
2026-06-17,600519,13:19:58,1241.2000,3,2
2026-06-17,600519,13:20:01,1241.1100,4,2
2026-06-17,600519,13:20:04,1241.1899,10,1
2026-06-17,600519,13:20:07,1241.0900,11,2
2026-06-17,600519,13:20:10,1241.0900,14,2
2026-06-17,600519,13:20:13,1241.1200,5,1
2026-06-17,600519,13:20:16,1241.3101,8,1
2026-06-17,600519,13:20:19,1241.3101,1,1
2026-06-17,600519,13:20:22,1241.3400,5,1
2026-06-17,600519,13:20:25,1241.1200,3,2
2026-06-17,600519,13:20:28,1241.3000,1,2
2026-06-17,600519,13:20:31,1241.2300,8,2
2026-06-17,600519,13:20:37,1241.3101,5,1
2026-06-17,600519,13:20:40,1241.3400,2,1
2026-06-17,600519,13:20:43,1241.3300,2,1
2026-06-17,600519,13:20:46,1241.3300,2,1
2026-06-17,600519,13:20:49,1241.3300,5,1
2026-06-17,600519,13:20:55,1241.3000,6,2
2026-06-17,600519,13:20:58,1241.3400,4,1
2026-06-17,600519,13:21:01,1241.3300,2,2
2026-06-17,600519,13:21:04,1241.3300,6,1
2026-06-17,600519,13:21:07,1241.3000,2,2
2026-06-17,600519,13:21:10,1241.3000,5,2
2026-06-17,600519,13:21:13,1241.2400,8,2
2026-06-17,600519,13:21:16,1241.2000,6,2
2026-06-17,600519,13:21:19,1241.1801,4,2
2026-06-17,600519,13:21:22,1241.1200,5,2
2026-06-17,600519,13:21:25,1241.2200,8,1
2026-06-17,600519,13:21:28,1241.2000,4,1
2026-06-17,600519,13:21:31,1241.1000,2,2
2026-06-17,600519,13:21:34,1241.1000,13,2
2026-06-17,600519,13:21:37,1241.0900,7,2
2026-06-17,600519,13:21:40,1241.1000,7,1
2026-06-17,600519,13:21:43,1241.0900,4,2
2026-06-17,600519,13:21:46,1241.1000,2,1
2026-06-17,600519,13:21:49,1241.1000,5,1
2026-06-17,600519,13:21:52,1241.1000,9,1
2026-06-17,600519,13:21:55,1241.1000,3,2
2026-06-17,600519,13:21:58,1241.1000,2,2
2026-06-17,600519,13:22:01,1241.1000,4,2
2026-06-17,600519,13:22:04,1241.1000,5,2
2026-06-17,600519,13:22:07,1241.1000,3,1
2026-06-17,600519,13:22:10,1241.0900,5,2
2026-06-17,600519,13:22:13,1241.1000,3,1
2026-06-17,600519,13:22:16,1241.0900,14,2
2026-06-17,600519,13:22:19,1241.0900,5,2
2026-06-17,600519,13:22:22,1241.0900,1,2
2026-06-17,600519,13:22:25,1241.0900,1,2
2026-06-17,600519,13:22:28,1241.1000,2,1
2026-06-17,600519,13:22:31,1241.0900,6,2
2026-06-17,600519,13:22:34,1241.0900,2,2
2026-06-17,600519,13:22:37,1241.1000,9,1
2026-06-17,600519,13:22:40,1241.1000,7,1
2026-06-17,600519,13:22:49,1241.1000,4,2
2026-06-17,600519,13:22:52,1241.1100,2,1
2026-06-17,600519,13:22:55,1241.1000,4,2
2026-06-17,600519,13:22:58,1241.1000,3,1
2026-06-17,600519,13:23:01,1241.1000,3,1
2026-06-17,600519,13:23:04,1241.1000,11,1
2026-06-17,600519,13:23:07,1241.1000,5,1
2026-06-17,600519,13:23:10,1241.1200,1,1
2026-06-17,600519,13:23:13,1241.1200,1,1
2026-06-17,600519,13:23:16,1241.2100,26,1
2026-06-17,600519,13:23:19,1241.3199,9,1
2026-06-17,600519,13:23:22,1241.3199,4,1
2026-06-17,600519,13:23:25,1241.3199,2,1
2026-06-17,600519,13:23:28,1241.3199,3,1
2026-06-17,600519,13:23:31,1241.2400,3,2
2026-06-17,600519,13:23:34,1241.2200,2,2
2026-06-17,600519,13:23:37,1241.2200,7,2
2026-06-17,600519,13:23:40,1241.1200,3,2
2026-06-17,600519,13:23:43,1241.2200,6,1
2026-06-17,600519,13:23:46,1241.2300,4,1
2026-06-17,600519,13:23:49,1241.2200,5,2
2026-06-17,600519,13:23:52,1241.2200,1,1
2026-06-17,600519,13:23:55,1241.2200,3,1
2026-06-17,600519,13:23:58,1241.1200,5,2
2026-06-17,600519,13:24:01,1241.1200,4,2
2026-06-17,600519,13:24:04,1241.1300,7,2
2026-06-17,600519,13:24:07,1241.2000,3,1
2026-06-17,600519,13:24:10,1241.1000,3,2
2026-06-17,600519,13:24:13,1241.1200,1,2
2026-06-17,600519,13:24:16,1241.1500,5,2
2026-06-17,600519,13:24:19,1241.1200,4,2
2026-06-17,600519,13:24:22,1241.1000,2,2
2026-06-17,600519,13:24:25,1241.1600,11,1
2026-06-17,600519,13:24:28,1241.2000,8,1
2026-06-17,600519,13:24:31,1241.2400,22,1
2026-06-17,600519,13:24:34,1241.3000,9,1
2026-06-17,600519,13:24:37,1241.2000,7,2
2026-06-17,600519,13:24:40,1241.2100,2,2
2026-06-17,600519,13:24:43,1241.3101,1,1
2026-06-17,600519,13:24:46,1241.2000,2,2
2026-06-17,600519,13:24:49,1241.2000,9,2
2026-06-17,600519,13:24:52,1241.3000,6,1
2026-06-17,600519,13:24:55,1241.3000,6,2
2026-06-17,600519,13:24:58,1241.2000,4,2
2026-06-17,600519,13:25:01,1241.3000,5,1
2026-06-17,600519,13:25:04,1241.3000,3,1
2026-06-17,600519,13:25:07,1241.3000,1,1
2026-06-17,600519,13:25:10,1241.3000,1,2
2026-06-17,600519,13:25:13,1241.3101,5,1
2026-06-17,600519,13:25:16,1241.3199,2,2
2026-06-17,600519,13:25:19,1241.3101,4,2
2026-06-17,600519,13:25:22,1241.3101,8,2
2026-06-17,600519,13:25:25,1241.2100,6,2
2026-06-17,600519,13:25:28,1241.3000,3,1
2026-06-17,600519,13:25:34,1241.3000,7,2
2026-06-17,600519,13:25:37,1241.3000,7,2
2026-06-17,600519,13:25:40,1241.3000,6,2
2026-06-17,600519,13:25:43,1241.3000,10,2
2026-06-17,600519,13:25:46,1241.3000,6,2
2026-06-17,600519,13:25:49,1241.3800,3,1
2026-06-17,600519,13:25:52,1241.3400,4,2
2026-06-17,600519,13:25:55,1241.3400,6,2
2026-06-17,600519,13:25:58,1241.3800,7,1
2026-06-17,600519,13:26:01,1241.3800,16,2
2026-06-17,600519,13:26:04,1241.3800,9,2
2026-06-17,600519,13:26:07,1241.4500,8,1
2026-06-17,600519,13:26:10,1241.3199,10,2
2026-06-17,600519,13:26:13,1241.5000,9,1
2026-06-17,600519,13:26:16,1241.4600,4,1
2026-06-17,600519,13:26:19,1241.4900,1,1
2026-06-17,600519,13:26:22,1241.5200,13,1
2026-06-17,600519,13:26:25,1241.3000,11,2
2026-06-17,600519,13:26:28,1241.2100,10,2
2026-06-17,600519,13:26:31,1241.1700,5,2
2026-06-17,600519,13:26:34,1241.2500,3,1
2026-06-17,600519,13:26:37,1241.2000,6,2
2026-06-17,600519,13:26:40,1241.1600,2,2
2026-06-17,600519,13:26:43,1241.5800,6,1
2026-06-17,600519,13:26:46,1241.5800,1,1
2026-06-17,600519,13:26:49,1241.5800,12,2
2026-06-17,600519,13:26:55,1241.6801,3,1
2026-06-17,600519,13:26:58,1241.7100,3,1
2026-06-17,600519,13:27:01,1241.8600,1,1
2026-06-17,600519,13:27:04,1241.7000,3,2
2026-06-17,600519,13:27:07,1241.8700,9,1
2026-06-17,600519,13:27:10,1242.0200,9,1
2026-06-17,600519,13:27:13,1242.0300,1,2
2026-06-17,600519,13:27:16,1242.0200,6,2
2026-06-17,600519,13:27:19,1242.5000,9,1
2026-06-17,600519,13:27:22,1242.5000,2,1
2026-06-17,600519,13:27:25,1241.8700,3,2
2026-06-17,600519,13:27:28,1242.5100,6,1
2026-06-17,600519,13:27:31,1242.5100,2,1
2026-06-17,600519,13:27:34,1242.5100,4,1
2026-06-17,600519,13:27:37,1242.5100,6,2
2026-06-17,600519,13:27:40,1241.6801,3,2
2026-06-17,600519,13:27:43,1241.8700,12,1
2026-06-17,600519,13:27:46,1241.1801,1,2
2026-06-17,600519,13:27:49,1241.1700,7,2
2026-06-17,600519,13:27:52,1241.8600,26,1
2026-06-17,600519,13:27:55,1241.1500,3,2
2026-06-17,600519,13:27:58,1241.2000,7,2
2026-06-17,600519,13:28:01,1241.1000,17,2
2026-06-17,600519,13:28:04,1241.2000,10,1
2026-06-17,600519,13:28:07,1241.1300,21,2
2026-06-17,600519,13:28:10,1241.1300,2,2
2026-06-17,600519,13:28:13,1241.1300,4,2
2026-06-17,600519,13:28:16,1241.1000,2,2
2026-06-17,600519,13:28:19,1241.1100,17,2
2026-06-17,600519,13:28:22,1241.1600,5,2
2026-06-17,600519,13:28:25,1241.1500,2,2
2026-06-17,600519,13:28:28,1241.1100,6,2
2026-06-17,600519,13:28:31,1241.1100,7,2
2026-06-17,600519,13:28:34,1241.3300,2,1
2026-06-17,600519,13:28:37,1241.4900,1,1
2026-06-17,600519,13:28:43,1241.0000,39,2
2026-06-17,600519,13:28:46,1241.1200,3,2
2026-06-17,600519,13:28:49,1241.4700,16,1
2026-06-17,600519,13:28:52,1241.4600,12,1
2026-06-17,600519,13:28:55,1241.1200,3,2
2026-06-17,600519,13:28:58,1241.4600,2,1
2026-06-17,600519,13:29:01,1241.4500,5,2
2026-06-17,600519,13:29:04,1241.4600,6,2
2026-06-17,600519,13:29:07,1241.4500,3,1
2026-06-17,600519,13:29:10,1241.1300,1,2
2026-06-17,600519,13:29:13,1241.4600,1,1
2026-06-17,600519,13:29:16,1241.0200,4,2
2026-06-17,600519,13:29:19,1241.0300,3,2
2026-06-17,600519,13:29:22,1241.5200,4,1
2026-06-17,600519,13:29:25,1241.5500,2,1
2026-06-17,600519,13:29:28,1241.6400,11,1
2026-06-17,600519,13:29:31,1242.0400,10,1
2026-06-17,600519,13:29:34,1241.8000,10,1
2026-06-17,600519,13:29:37,1241.8101,10,2
2026-06-17,600519,13:29:40,1241.8199,22,2
2026-06-17,600519,13:29:43,1243.2200,8,1
2026-06-17,600519,13:29:46,1242.3101,4,1
2026-06-17,600519,13:29:49,1243.0200,5,1
2026-06-17,600519,13:29:52,1241.5400,6,2
2026-06-17,600519,13:29:55,1242.7900,5,1
2026-06-17,600519,13:29:58,1242.7800,3,1
2026-06-17,600519,13:30:01,1242.7800,2,1
2026-06-17,600519,13:30:04,1241.5000,10,2
2026-06-17,600519,13:30:07,1241.8101,9,1
2026-06-17,600519,13:30:10,1241.5500,7,2
2026-06-17,600519,13:30:13,1241.8101,22,2
2026-06-17,600519,13:30:16,1241.0200,30,2
2026-06-17,600519,13:30:19,1242.3199,8,1
2026-06-17,600519,13:30:22,1242.3199,3,1
2026-06-17,600519,13:30:25,1242.4600,27,1
2026-06-17,600519,13:30:28,1241.9200,9,2
2026-06-17,600519,13:30:31,1241.0200,20,2
2026-06-17,600519,13:30:34,1242.7600,14,1
2026-06-17,600519,13:30:37,1243.0000,36,1
2026-06-17,600519,13:30:40,1241.4900,6,2
2026-06-17,600519,13:30:43,1241.3900,4,2
2026-06-17,600519,13:30:46,1241.0100,18,2
2026-06-17,600519,13:30:49,1241.4900,2,1
2026-06-17,600519,13:30:52,1241.0300,22,2
2026-06-17,600519,13:30:55,1241.0100,1,2
2026-06-17,600519,13:30:58,1241.0000,18,2
2026-06-17,600519,13:31:01,1241.0300,60,1
2026-06-17,600519,13:31:04,1240.9800,5,2
2026-06-17,600519,13:31:07,1241.0000,4,2
2026-06-17,600519,13:31:10,1240.9900,7,2
2026-06-17,600519,13:31:13,1241.0000,6,1
2026-06-17,600519,13:31:16,1241.0000,17,1
2026-06-17,600519,13:31:19,1241.0300,1,4
2026-06-17,600519,13:31:22,1241.0500,1,1
2026-06-17,600519,13:31:25,1241.0000,5,2
2026-06-17,600519,13:31:28,1241.0000,3,2
2026-06-17,600519,13:31:31,1241.0699,3,1
2026-06-17,600519,13:31:34,1241.0699,7,1
2026-06-17,600519,13:31:37,1240.9800,18,2
2026-06-17,600519,13:31:40,1240.9800,8,2
2026-06-17,600519,13:31:43,1240.9800,54,2
2026-06-17,600519,13:31:46,1240.9700,2,2
2026-06-17,600519,13:31:49,1240.8900,61,2
2026-06-17,600519,13:31:52,1240.5500,5,2
2026-06-17,600519,13:31:55,1240.4800,10,2
2026-06-17,600519,13:31:58,1240.5400,1,1
2026-06-17,600519,13:32:01,1240.4100,4,2
2026-06-17,600519,13:32:04,1240.4000,8,2
2026-06-17,600519,13:32:07,1240.3600,3,2
2026-06-17,600519,13:32:10,1240.3300,20,2
2026-06-17,600519,13:32:13,1240.1801,2,2
2026-06-17,600519,13:32:16,1240.2100,5,2
2026-06-17,600519,13:32:19,1240.1801,4,2
2026-06-17,600519,13:32:22,1240.1200,6,2
2026-06-17,600519,13:32:25,1240.2000,6,1
2026-06-17,600519,13:32:28,1240.1700,1,1
2026-06-17,600519,13:32:31,1240.0100,47,2
2026-06-17,600519,13:32:34,1240.0100,2,2
2026-06-17,600519,13:32:37,1240.0100,3,2
2026-06-17,600519,13:32:40,1240.0100,7,2
2026-06-17,600519,13:32:43,1240.0900,44,1
2026-06-17,600519,13:32:46,1240.0200,3,2
2026-06-17,600519,13:32:49,1240.0900,3,1
2026-06-17,600519,13:32:52,1240.0200,2,2
2026-06-17,600519,13:32:55,1240.0000,13,2
2026-06-17,600519,13:32:58,1240.0000,7,2
2026-06-17,600519,13:33:01,1240.0000,38,2
2026-06-17,600519,13:33:04,1240.0100,11,1
2026-06-17,600519,13:33:07,1240.0000,9,2
2026-06-17,600519,13:33:10,1240.0100,6,4
2026-06-17,600519,13:33:13,1240.0100,8,2
2026-06-17,600519,13:33:16,1240.0100,27,1
2026-06-17,600519,13:33:19,1240.0100,7,4
2026-06-17,600519,13:33:22,1240.0100,2,4
2026-06-17,600519,13:33:25,1240.0000,9,2
2026-06-17,600519,13:33:28,1240.0000,11,2
2026-06-17,600519,13:33:31,1240.0200,16,1
2026-06-17,600519,13:33:34,1240.0300,4,1
2026-06-17,600519,13:33:37,1240.0200,6,4
2026-06-17,600519,13:33:40,1240.0100,3,2
2026-06-17,600519,13:33:43,1240.0200,3,1
2026-06-17,600519,13:33:46,1240.0200,3,4
2026-06-17,600519,13:33:49,1240.0200,10,4
2026-06-17,600519,13:33:52,1240.0000,5,2
2026-06-17,600519,13:33:55,1240.0200,7,2
2026-06-17,600519,13:34:01,1240.0200,4,2
2026-06-17,600519,13:34:04,1240.0200,2,1
2026-06-17,600519,13:34:07,1240.0100,5,2
2026-06-17,600519,13:34:10,1240.0100,2,1
2026-06-17,600519,13:34:13,1240.0000,9,2
2026-06-17,600519,13:34:16,1240.0200,3,1
2026-06-17,600519,13:34:19,1240.0300,4,1
2026-06-17,600519,13:34:22,1240.0300,14,2
2026-06-17,600519,13:34:25,1240.0000,21,2
2026-06-17,600519,13:34:28,1240.1000,39,1
2026-06-17,600519,13:34:31,1240.0000,15,2
2026-06-17,600519,13:34:34,1240.0000,3,2
2026-06-17,600519,13:34:37,1240.1000,5,1
2026-06-17,600519,13:34:40,1240.0000,14,2
2026-06-17,600519,13:34:43,1240.0000,51,2
2026-06-17,600519,13:34:46,1240.1000,36,1
2026-06-17,600519,13:34:49,1240.1100,13,1
2026-06-17,600519,13:34:52,1240.0000,31,2
2026-06-17,600519,13:34:55,1240.0300,15,2
2026-06-17,600519,13:34:58,1240.0100,101,2
2026-06-17,600519,13:35:01,1240.0000,5,2
2026-06-17,600519,13:35:04,1240.0100,6,2
2026-06-17,600519,13:35:07,1240.0100,7,1
2026-06-17,600519,13:35:10,1240.0000,41,2
2026-06-17,600519,13:35:13,1240.0000,85,2
2026-06-17,600519,13:35:16,1240.0200,29,1
2026-06-17,600519,13:35:19,1239.9100,3,2
2026-06-17,600519,13:35:22,1239.9100,7,2
2026-06-17,600519,13:35:25,1239.9000,8,2
2026-06-17,600519,13:35:28,1239.9000,2,2
2026-06-17,600519,13:35:31,1239.9000,5,4
2026-06-17,600519,13:35:34,1239.9000,8,4
2026-06-17,600519,13:35:37,1239.9100,4,1
2026-06-17,600519,13:35:40,1239.9100,11,1
2026-06-17,600519,13:35:43,1239.9000,11,1
2026-06-17,600519,13:35:46,1239.9000,1,2
2026-06-17,600519,13:35:49,1239.9000,2,2
2026-06-17,600519,13:35:52,1239.9100,8,1
2026-06-17,600519,13:35:55,1239.8900,3,2
2026-06-17,600519,13:35:58,1239.8900,6,2
2026-06-17,600519,13:36:01,1239.8900,5,2
2026-06-17,600519,13:36:04,1239.8800,9,2
2026-06-17,600519,13:36:07,1239.8900,5,4
2026-06-17,600519,13:36:10,1239.8600,6,2
2026-06-17,600519,13:36:13,1239.8500,1,2
2026-06-17,600519,13:36:16,1239.8000,2,2
2026-06-17,600519,13:36:19,1239.8000,4,2
2026-06-17,600519,13:36:22,1239.8800,1,1
2026-06-17,600519,13:36:25,1239.8800,6,1
2026-06-17,600519,13:36:28,1239.8600,5,2
2026-06-17,600519,13:36:31,1239.8000,13,2
2026-06-17,600519,13:36:34,1239.7000,9,2
2026-06-17,600519,13:36:37,1239.7000,9,2
2026-06-17,600519,13:36:40,1239.7000,2,2
2026-06-17,600519,13:36:43,1239.7000,7,2
2026-06-17,600519,13:36:46,1239.6600,2,2
2026-06-17,600519,13:36:49,1239.6000,4,2
2026-06-17,600519,13:36:52,1239.7000,11,1
2026-06-17,600519,13:36:55,1239.5500,2,2
2026-06-17,600519,13:36:58,1239.5500,3,2
2026-06-17,600519,13:37:01,1239.5200,4,2
2026-06-17,600519,13:37:04,1239.5900,4,1
2026-06-17,600519,13:37:07,1239.5200,23,2
2026-06-17,600519,13:37:10,1239.8000,25,1
2026-06-17,600519,13:37:13,1240.0200,8,1
2026-06-17,600519,13:37:16,1240.2100,10,1
2026-06-17,600519,13:37:19,1240.3101,10,1
2026-06-17,600519,13:37:22,1240.3800,15,1
2026-06-17,600519,13:37:25,1240.2100,1,2
2026-06-17,600519,13:37:28,1240.0699,9,2
2026-06-17,600519,13:37:31,1240.4800,8,1
2026-06-17,600519,13:37:37,1240.4800,8,1
2026-06-17,600519,13:37:46,1240.5300,3,1
2026-06-17,600519,13:37:52,1240.6000,7,1
2026-06-17,600519,13:37:55,1240.6100,2,4
2026-06-17,600519,13:37:58,1240.8000,10,1
2026-06-17,600519,13:38:01,1240.8000,3,2
2026-06-17,600519,13:38:04,1240.6600,4,2
2026-06-17,600519,13:38:07,1240.6200,23,2
2026-06-17,600519,13:38:10,1240.8101,1,2
2026-06-17,600519,13:38:13,1240.8101,2,2
2026-06-17,600519,13:38:16,1241.0300,11,1
2026-06-17,600519,13:38:19,1241.0300,2,2
2026-06-17,600519,13:38:22,1241.0000,3,2
2026-06-17,600519,13:38:25,1241.0601,4,1
2026-06-17,600519,13:38:28,1241.0800,5,1
2026-06-17,600519,13:38:31,1241.0800,4,1
2026-06-17,600519,13:38:34,1241.0800,4,1
2026-06-17,600519,13:38:37,1241.0500,4,1
2026-06-17,600519,13:38:40,1240.8900,11,2
2026-06-17,600519,13:38:43,1241.0601,4,1
2026-06-17,600519,13:38:46,1241.0800,2,1
2026-06-17,600519,13:38:49,1241.0800,1,1
2026-06-17,600519,13:38:52,1240.8900,16,2
2026-06-17,600519,13:38:55,1240.8800,5,2
2026-06-17,600519,13:38:58,1240.8800,7,2
2026-06-17,600519,13:39:04,1240.8800,3,2
2026-06-17,600519,13:39:07,1240.8400,5,2
2026-06-17,600519,13:39:10,1240.8900,12,1
2026-06-17,600519,13:39:13,1241.0000,15,1
2026-06-17,600519,13:39:16,1240.8500,3,2
2026-06-17,600519,13:39:19,1240.9600,4,1
2026-06-17,600519,13:39:22,1240.9000,5,2
2026-06-17,600519,13:39:25,1240.9000,4,2
2026-06-17,600519,13:39:28,1240.9000,3,2
2026-06-17,600519,13:39:31,1240.9000,5,2
2026-06-17,600519,13:39:34,1240.9000,17,2
2026-06-17,600519,13:39:37,1241.0300,9,1
2026-06-17,600519,13:39:40,1242.4600,19,1
2026-06-17,600519,13:39:43,1241.1899,5,2
2026-06-17,600519,13:39:46,1241.0699,6,2
2026-06-17,600519,13:39:49,1242.4500,4,1
2026-06-17,600519,13:39:52,1241.2700,1,2
2026-06-17,600519,13:39:58,1241.0699,13,2
2026-06-17,600519,13:40:01,1241.0800,4,2
2026-06-17,600519,13:40:07,1241.1899,19,1
2026-06-17,600519,13:40:10,1241.8900,8,1
2026-06-17,600519,13:40:13,1241.1400,4,2
2026-06-17,600519,13:40:16,1241.1600,10,2
2026-06-17,600519,13:40:19,1241.1500,1,2
2026-06-17,600519,13:40:22,1241.1400,3,2
2026-06-17,600519,13:40:25,1241.9399,2,1
2026-06-17,600519,13:40:28,1241.9301,1,1
2026-06-17,600519,13:40:31,1241.9200,3,1
2026-06-17,600519,13:40:34,1241.1500,6,2
2026-06-17,600519,13:40:37,1241.0800,4,2
2026-06-17,600519,13:40:40,1241.1500,2,2
2026-06-17,600519,13:40:43,1241.9301,12,1
2026-06-17,600519,13:40:46,1241.9000,2,1
2026-06-17,600519,13:40:49,1241.2000,2,2
2026-06-17,600519,13:40:52,1241.1200,7,2
2026-06-17,600519,13:40:55,1241.1100,1,2
2026-06-17,600519,13:40:58,1241.8700,3,1
2026-06-17,600519,13:41:01,1241.1100,1,2
2026-06-17,600519,13:41:04,1241.1100,16,2
2026-06-17,600519,13:41:07,1241.0000,7,2
2026-06-17,600519,13:41:10,1240.9200,10,2
2026-06-17,600519,13:41:13,1240.8800,15,2
2026-06-17,600519,13:41:16,1240.8800,4,2
2026-06-17,600519,13:41:19,1240.8800,2,2
2026-06-17,600519,13:41:22,1240.9000,12,1
2026-06-17,600519,13:41:25,1240.8800,3,1
2026-06-17,600519,13:41:28,1240.8800,2,1
2026-06-17,600519,13:41:31,1240.4800,7,2
2026-06-17,600519,13:41:34,1240.8800,1,1
2026-06-17,600519,13:41:40,1240.8800,5,2
2026-06-17,600519,13:41:43,1240.8800,6,2
2026-06-17,600519,13:41:46,1240.9100,16,1
2026-06-17,600519,13:41:49,1241.0800,16,1
2026-06-17,600519,13:41:52,1240.9000,10,2
2026-06-17,600519,13:41:55,1240.9100,4,2
2026-06-17,600519,13:41:58,1240.8800,10,2
2026-06-17,600519,13:42:01,1241.0699,2,1
2026-06-17,600519,13:42:04,1240.8800,5,2
2026-06-17,600519,13:42:07,1241.1000,7,1
2026-06-17,600519,13:42:10,1240.8800,2,2
2026-06-17,600519,13:42:13,1240.8101,3,2
2026-06-17,600519,13:42:16,1240.8800,10,1
2026-06-17,600519,13:42:19,1240.4800,9,2
2026-06-17,600519,13:42:22,1240.9900,18,1
2026-06-17,600519,13:42:25,1240.7900,4,4
2026-06-17,600519,13:42:28,1240.2200,5,2
2026-06-17,600519,13:42:31,1240.5900,14,1
2026-06-17,600519,13:42:34,1240.0699,21,2
2026-06-17,600519,13:42:37,1240.0000,3,2
2026-06-17,600519,13:42:40,1240.1400,4,1
2026-06-17,600519,13:42:43,1240.1300,4,1
2026-06-17,600519,13:42:49,1240.0100,1,2
2026-06-17,600519,13:42:52,1240.0000,5,2
2026-06-17,600519,13:42:55,1240.0000,5,2
2026-06-17,600519,13:42:58,1240.0000,1,2
2026-06-17,600519,13:43:01,1240.0000,4,2
2026-06-17,600519,13:43:04,1240.0000,10,2
2026-06-17,600519,13:43:07,1240.0000,8,2
2026-06-17,600519,13:43:10,1240.0000,7,2
2026-06-17,600519,13:43:13,1240.0000,15,2
2026-06-17,600519,13:43:16,1240.0000,2,2
2026-06-17,600519,13:43:19,1240.0000,10,2
2026-06-17,600519,13:43:22,1239.9600,9,2
2026-06-17,600519,13:43:25,1239.9200,6,2
2026-06-17,600519,13:43:28,1239.8900,16,2
2026-06-17,600519,13:43:31,1239.9200,2,4
2026-06-17,600519,13:43:34,1239.9000,10,2
2026-06-17,600519,13:43:37,1239.8800,5,2
2026-06-17,600519,13:43:40,1239.9200,7,1
2026-06-17,600519,13:43:43,1239.8800,5,2
2026-06-17,600519,13:43:46,1239.8800,7,2
2026-06-17,600519,13:43:49,1239.9500,4,1
2026-06-17,600519,13:43:52,1239.8199,11,2
2026-06-17,600519,13:43:58,1239.9399,3,1
2026-06-17,600519,13:44:01,1239.9399,5,2
2026-06-17,600519,13:44:04,1240.0300,22,1
2026-06-17,600519,13:44:07,1240.1400,27,1
2026-06-17,600519,13:44:10,1240.2200,9,1
2026-06-17,600519,13:44:13,1240.1400,3,2
2026-06-17,600519,13:44:16,1240.3300,5,1
2026-06-17,600519,13:44:19,1240.3900,2,1
2026-06-17,600519,13:44:22,1240.4600,8,1
2026-06-17,600519,13:44:25,1240.4600,10,2
2026-06-17,600519,13:44:28,1240.6801,6,1
2026-06-17,600519,13:44:31,1240.4600,1,2
2026-06-17,600519,13:44:37,1240.1400,10,2
2026-06-17,600519,13:44:40,1240.1400,9,1
2026-06-17,600519,13:44:43,1239.8600,18,2
2026-06-17,600519,13:44:46,1239.8900,4,1
2026-06-17,600519,13:44:49,1240.1400,13,1
2026-06-17,600519,13:44:52,1239.8900,8,2
2026-06-17,600519,13:44:55,1239.9301,3,2
2026-06-17,600519,13:44:58,1239.9301,6,1
2026-06-17,600519,13:45:01,1240.0000,4,1
2026-06-17,600519,13:45:04,1239.9301,26,2
2026-06-17,600519,13:45:07,1240.2900,19,1
2026-06-17,600519,13:45:10,1240.3700,4,1
2026-06-17,600519,13:45:13,1240.2900,2,1
2026-06-17,600519,13:45:16,1240.5400,14,1
2026-06-17,600519,13:45:19,1240.6700,10,1
2026-06-17,600519,13:45:22,1240.6801,9,2
2026-06-17,600519,13:45:25,1240.8900,7,1
2026-06-17,600519,13:45:28,1240.9301,5,1
2026-06-17,600519,13:45:31,1241.0900,6,1
2026-06-17,600519,13:45:34,1242.0000,33,1
2026-06-17,600519,13:45:37,1241.8800,6,2
2026-06-17,600519,13:45:40,1242.3600,1,1
2026-06-17,600519,13:45:43,1242.3600,22,1
2026-06-17,600519,13:45:46,1242.3400,23,2
2026-06-17,600519,13:45:49,1242.3199,8,1
2026-06-17,600519,13:45:52,1242.1600,2,1
2026-06-17,600519,13:45:55,1242.1700,32,1
2026-06-17,600519,13:45:58,1242.2000,3,1
2026-06-17,600519,13:46:01,1241.1200,6,2
2026-06-17,600519,13:46:04,1242.1801,6,1
2026-06-17,600519,13:46:07,1242.1600,3,1
2026-06-17,600519,13:46:10,1241.8300,4,2
2026-06-17,600519,13:46:13,1242.1000,1,1
2026-06-17,600519,13:46:16,1241.8199,12,2
2026-06-17,600519,13:46:19,1241.8199,1,2
2026-06-17,600519,13:46:22,1241.8199,3,2
2026-06-17,600519,13:46:25,1242.0699,1,1
2026-06-17,600519,13:46:28,1241.1899,1,2
2026-06-17,600519,13:46:31,1241.1899,2,1
2026-06-17,600519,13:46:34,1241.1600,3,2
2026-06-17,600519,13:46:40,1241.1899,16,1
2026-06-17,600519,13:46:43,1241.2800,5,1
2026-06-17,600519,13:46:46,1241.2700,5,1
2026-06-17,600519,13:46:49,1241.4301,2,1
2026-06-17,600519,13:46:52,1241.4100,10,1
2026-06-17,600519,13:46:55,1241.2100,9,2
2026-06-17,600519,13:46:58,1241.1500,17,2
2026-06-17,600519,13:47:01,1241.1200,8,2
2026-06-17,600519,13:47:04,1241.0000,16,2
2026-06-17,600519,13:47:07,1240.9200,2,2
2026-06-17,600519,13:47:10,1240.8800,3,2
2026-06-17,600519,13:47:13,1240.8400,4,1
2026-06-17,600519,13:47:16,1240.2900,3,2
2026-06-17,600519,13:47:19,1240.8400,15,1
2026-06-17,600519,13:47:22,1241.1200,19,1
2026-06-17,600519,13:47:25,1241.4200,7,1
2026-06-17,600519,13:47:28,1240.9000,12,2
2026-06-17,600519,13:47:31,1242.0000,8,1
2026-06-17,600519,13:47:34,1242.0500,12,1
2026-06-17,600519,13:47:37,1241.4399,2,2
2026-06-17,600519,13:47:40,1242.0000,1,1
2026-06-17,600519,13:47:43,1241.4399,1,2
2026-06-17,600519,13:47:46,1241.4500,4,2
2026-06-17,600519,13:47:49,1242.0500,1,1
2026-06-17,600519,13:47:52,1241.9800,3,1
2026-06-17,600519,13:47:55,1241.4800,5,2
2026-06-17,600519,13:47:58,1241.4399,13,2
2026-06-17,600519,13:48:01,1241.0699,7,2
2026-06-17,600519,13:48:04,1241.0200,10,2
2026-06-17,600519,13:48:07,1240.8800,7,2
2026-06-17,600519,13:48:10,1241.4399,5,1
2026-06-17,600519,13:48:13,1241.4399,1,1
2026-06-17,600519,13:48:16,1241.4399,3,1
2026-06-17,600519,13:48:19,1241.4399,4,1
2026-06-17,600519,13:48:22,1241.5000,1,1
2026-06-17,600519,13:48:25,1241.4399,3,2
2026-06-17,600519,13:48:28,1241.0000,7,2
2026-06-17,600519,13:48:31,1241.4900,5,1
2026-06-17,600519,13:48:37,1241.2400,18,2
2026-06-17,600519,13:48:40,1241.0000,10,2
2026-06-17,600519,13:48:43,1240.9200,5,2
2026-06-17,600519,13:48:46,1241.0100,9,1
2026-06-17,600519,13:48:49,1241.4301,2,1
2026-06-17,600519,13:48:52,1241.0200,1,2
2026-06-17,600519,13:48:55,1240.9200,3,2
2026-06-17,600519,13:48:58,1241.0000,1,1
2026-06-17,600519,13:49:07,1240.9100,4,2
2026-06-17,600519,13:49:10,1240.8800,5,2
2026-06-17,600519,13:49:13,1240.8800,3,2
2026-06-17,600519,13:49:16,1240.9600,20,1
2026-06-17,600519,13:49:19,1240.9200,5,2
2026-06-17,600519,13:49:22,1240.8900,4,2
2026-06-17,600519,13:49:25,1240.9700,3,1
2026-06-17,600519,13:49:28,1240.9700,11,1
2026-06-17,600519,13:49:31,1240.9700,6,1
2026-06-17,600519,13:49:34,1240.9500,3,2
2026-06-17,600519,13:49:37,1240.9500,2,2
2026-06-17,600519,13:49:40,1240.9700,9,1
2026-06-17,600519,13:49:43,1240.9000,2,2
2026-06-17,600519,13:49:46,1240.9000,17,2
2026-06-17,600519,13:49:49,1240.8800,2,2
2026-06-17,600519,13:49:52,1240.8800,5,2
2026-06-17,600519,13:49:55,1240.8800,3,2
2026-06-17,600519,13:49:58,1240.8800,3,2
2026-06-17,600519,13:50:01,1240.8800,10,2
2026-06-17,600519,13:50:04,1240.9399,7,1
2026-06-17,600519,13:50:07,1240.9500,10,1
2026-06-17,600519,13:50:10,1240.9500,13,1
2026-06-17,600519,13:50:13,1241.0000,14,1
2026-06-17,600519,13:50:16,1240.8400,9,2
2026-06-17,600519,13:50:19,1241.3800,5,1
2026-06-17,600519,13:50:22,1241.2900,1,2
2026-06-17,600519,13:50:25,1241.4301,8,1
2026-06-17,600519,13:50:28,1241.0000,5,2
2026-06-17,600519,13:50:31,1241.0000,3,2
2026-06-17,600519,13:50:34,1241.0000,2,2
2026-06-17,600519,13:50:37,1241.0000,2,2
2026-06-17,600519,13:50:40,1241.2400,4,1
2026-06-17,600519,13:50:46,1241.0000,3,2
2026-06-17,600519,13:50:49,1241.0500,7,1
2026-06-17,600519,13:50:52,1241.2300,10,1
2026-06-17,600519,13:50:55,1241.2400,21,1
2026-06-17,600519,13:50:58,1241.0000,6,2
2026-06-17,600519,13:51:01,1241.0400,14,2
2026-06-17,600519,13:51:04,1241.3000,5,1
2026-06-17,600519,13:51:07,1241.3600,11,1
2026-06-17,600519,13:51:10,1241.0000,9,2
2026-06-17,600519,13:51:13,1241.4900,5,1
2026-06-17,600519,13:51:16,1241.3600,8,2
2026-06-17,600519,13:51:19,1241.4700,1,1
2026-06-17,600519,13:51:22,1241.4800,3,1
2026-06-17,600519,13:51:25,1241.4800,13,1
2026-06-17,600519,13:51:28,1241.0000,16,2
2026-06-17,600519,13:51:31,1241.0000,10,2
2026-06-17,600519,13:51:34,1240.9600,8,2
2026-06-17,600519,13:51:37,1241.3400,8,1
2026-06-17,600519,13:51:40,1240.8000,2,2
2026-06-17,600519,13:51:43,1240.7500,4,2
2026-06-17,600519,13:51:46,1240.6801,9,2
2026-06-17,600519,13:51:49,1240.5000,6,2
2026-06-17,600519,13:51:52,1240.5000,8,2
2026-06-17,600519,13:51:55,1240.6700,9,1
2026-06-17,600519,13:51:58,1240.6801,5,1
2026-06-17,600519,13:52:01,1240.6700,5,1
2026-06-17,600519,13:52:04,1240.6700,7,2
2026-06-17,600519,13:52:07,1240.6700,1,1
2026-06-17,600519,13:52:10,1240.1000,19,2
2026-06-17,600519,13:52:13,1240.1000,4,2
2026-06-17,600519,13:52:16,1240.0200,25,2
2026-06-17,600519,13:52:19,1240.1000,24,1
2026-06-17,600519,13:52:22,1240.5000,9,1
2026-06-17,600519,13:52:25,1240.0000,11,2
2026-06-17,600519,13:52:28,1240.1000,15,2
2026-06-17,600519,13:52:31,1240.1000,7,2
2026-06-17,600519,13:52:34,1240.6200,6,1
2026-06-17,600519,13:52:37,1240.7400,10,1
2026-06-17,600519,13:52:40,1240.7900,12,1
2026-06-17,600519,13:52:43,1240.5000,10,2
2026-06-17,600519,13:52:46,1240.5000,1,2
2026-06-17,600519,13:52:49,1240.9301,1,1
2026-06-17,600519,13:52:52,1240.6700,6,2
2026-06-17,600519,13:52:55,1240.5000,6,2
2026-06-17,600519,13:52:58,1240.5000,4,2
2026-06-17,600519,13:53:01,1240.5000,3,2
2026-06-17,600519,13:53:04,1240.5000,3,2
2026-06-17,600519,13:53:07,1240.8700,2,1
2026-06-17,600519,13:53:10,1240.8900,22,1
2026-06-17,600519,13:53:13,1240.9200,4,1
2026-06-17,600519,13:53:16,1240.9200,5,1
2026-06-17,600519,13:53:19,1240.9301,2,1
2026-06-17,600519,13:53:22,1241.0000,10,1
2026-06-17,600519,13:53:25,1241.0900,38,1
2026-06-17,600519,13:53:28,1241.7600,12,1
2026-06-17,600519,13:53:31,1241.9700,5,1
2026-06-17,600519,13:53:34,1241.0100,1,2
2026-06-17,600519,13:53:37,1241.0100,1,2
2026-06-17,600519,13:53:40,1241.0100,3,2
2026-06-17,600519,13:53:43,1241.8700,2,1
2026-06-17,600519,13:53:46,1241.8500,8,1
2026-06-17,600519,13:53:49,1240.9399,6,2
2026-06-17,600519,13:53:52,1240.9399,5,2
2026-06-17,600519,13:53:55,1240.9399,2,2
2026-06-17,600519,13:53:58,1241.0000,2,2
2026-06-17,600519,13:54:01,1241.1000,8,2
2026-06-17,600519,13:54:04,1241.0000,3,2
2026-06-17,600519,13:54:07,1241.0000,5,2
2026-06-17,600519,13:54:10,1241.1000,13,1
2026-06-17,600519,13:54:13,1241.0000,2,2
2026-06-17,600519,13:54:16,1241.0000,15,2
2026-06-17,600519,13:54:19,1241.0000,2,2
2026-06-17,600519,13:54:25,1241.0000,4,2
2026-06-17,600519,13:54:28,1241.0500,14,1
2026-06-17,600519,13:54:31,1241.1000,3,2
2026-06-17,600519,13:54:34,1241.1700,2,1
2026-06-17,600519,13:54:37,1241.1100,1,2
2026-06-17,600519,13:54:40,1241.1801,4,1
2026-06-17,600519,13:54:43,1241.1000,1,2
2026-06-17,600519,13:54:46,1241.1000,3,2
2026-06-17,600519,13:54:52,1241.0000,23,2
2026-06-17,600519,13:54:55,1241.2100,4,1
2026-06-17,600519,13:54:58,1241.0000,3,2
2026-06-17,600519,13:55:01,1241.0200,7,2
2026-06-17,600519,13:55:07,1241.1500,1,2
2026-06-17,600519,13:55:10,1241.0000,3,2
2026-06-17,600519,13:55:13,1241.0200,1,2
2026-06-17,600519,13:55:16,1241.2000,13,1
2026-06-17,600519,13:55:19,1241.0699,3,2
2026-06-17,600519,13:55:22,1241.0000,1,2
2026-06-17,600519,13:55:25,1241.0100,1,2
2026-06-17,600519,13:55:31,1241.0000,3,2
2026-06-17,600519,13:55:34,1241.0100,6,1
2026-06-17,600519,13:55:37,1241.0000,2,2
2026-06-17,600519,13:55:40,1241.0000,3,2
2026-06-17,600519,13:55:43,1241.0000,1,2
2026-06-17,600519,13:55:46,1240.9600,7,2
2026-06-17,600519,13:55:49,1240.9301,5,2
2026-06-17,600519,13:55:52,1240.9000,8,2
2026-06-17,600519,13:55:55,1240.9200,6,1
2026-06-17,600519,13:55:58,1240.8800,3,2
2026-06-17,600519,13:56:01,1240.8800,1,2
2026-06-17,600519,13:56:04,1240.8800,1,2
2026-06-17,600519,13:56:07,1240.9301,20,1
2026-06-17,600519,13:56:10,1241.0000,24,1
2026-06-17,600519,13:56:13,1241.1100,6,1
2026-06-17,600519,13:56:16,1241.1899,5,1
2026-06-17,600519,13:56:19,1241.2000,1,1
2026-06-17,600519,13:56:22,1241.1899,1,1
2026-06-17,600519,13:56:25,1241.1899,2,1
2026-06-17,600519,13:56:28,1241.1801,2,1
2026-06-17,600519,13:56:31,1241.2000,4,1
2026-06-17,600519,13:56:34,1241.0000,13,2
2026-06-17,600519,13:56:37,1241.0100,3,2
2026-06-17,600519,13:56:40,1241.0000,1,2
2026-06-17,600519,13:56:43,1241.0000,8,1
2026-06-17,600519,13:56:46,1241.1700,2,1
2026-06-17,600519,13:56:49,1241.1600,3,1
2026-06-17,600519,13:56:55,1241.1500,3,1
2026-06-17,600519,13:56:58,1241.0699,2,2
2026-06-17,600519,13:57:01,1241.0699,5,2
2026-06-17,600519,13:57:04,1241.0200,1,2
2026-06-17,600519,13:57:07,1241.1000,2,1
2026-06-17,600519,13:57:10,1241.0100,3,2
2026-06-17,600519,13:57:13,1241.0000,5,2
2026-06-17,600519,13:57:16,1241.0100,4,1
2026-06-17,600519,13:57:19,1241.0000,11,2
2026-06-17,600519,13:57:22,1241.0000,3,2
2026-06-17,600519,13:57:25,1241.0000,10,2
2026-06-17,600519,13:57:28,1241.0000,3,2
2026-06-17,600519,13:57:31,1240.8000,15,2
2026-06-17,600519,13:57:34,1240.6400,4,2
2026-06-17,600519,13:57:37,1240.6300,1,2
2026-06-17,600519,13:57:40,1240.7900,2,1
2026-06-17,600519,13:57:43,1240.5300,3,2
2026-06-17,600519,13:57:46,1240.7900,12,1
2026-06-17,600519,13:57:49,1240.6300,7,2
2026-06-17,600519,13:57:52,1241.0000,11,1
2026-06-17,600519,13:57:55,1241.0000,20,1
2026-06-17,600519,13:57:58,1241.5500,10,1
2026-06-17,600519,13:58:04,1240.8101,6,2
2026-06-17,600519,13:58:07,1240.8000,2,2
2026-06-17,600519,13:58:10,1240.8800,3,2
2026-06-17,600519,13:58:13,1240.8800,3,1
2026-06-17,600519,13:58:16,1240.8101,7,2
2026-06-17,600519,13:58:19,1240.8800,1,2
2026-06-17,600519,13:58:22,1241.3900,3,1
2026-06-17,600519,13:58:25,1240.8000,5,2
2026-06-17,600519,13:58:34,1240.8000,13,2
2026-06-17,600519,13:58:37,1240.7900,14,2
2026-06-17,600519,13:58:40,1240.7100,4,2
2026-06-17,600519,13:58:43,1240.7100,5,1
2026-06-17,600519,13:58:52,1240.7100,6,2
2026-06-17,600519,13:58:55,1240.7100,9,1
2026-06-17,600519,13:58:58,1240.7000,3,1
2026-06-17,600519,13:59:01,1240.5300,4,2
2026-06-17,600519,13:59:04,1240.5500,4,1
2026-06-17,600519,13:59:07,1240.5500,3,1
2026-06-17,600519,13:59:10,1240.5200,3,4
2026-06-17,600519,13:59:13,1240.5500,5,1
2026-06-17,600519,13:59:19,1240.5500,5,2
2026-06-17,600519,13:59:22,1240.5800,8,1
2026-06-17,600519,13:59:25,1240.5601,9,2
2026-06-17,600519,13:59:28,1240.5800,3,1
2026-06-17,600519,13:59:31,1240.5800,4,1
2026-06-17,600519,13:59:34,1240.5699,2,4
2026-06-17,600519,13:59:37,1240.6500,10,1
2026-06-17,600519,13:59:40,1240.5800,7,2
2026-06-17,600519,13:59:43,1240.5500,6,2
2026-06-17,600519,13:59:46,1240.5800,6,1
2026-06-17,600519,13:59:49,1240.5500,9,2
2026-06-17,600519,13:59:52,1240.5300,18,2
2026-06-17,600519,13:59:55,1240.4700,8,2
2026-06-17,600519,13:59:58,1240.4600,4,2
2026-06-17,600519,14:00:01,1240.4500,1,2
2026-06-17,600519,14:00:04,1240.2000,4,2
2026-06-17,600519,14:00:07,1240.1200,5,2
2026-06-17,600519,14:00:10,1240.1100,13,2
2026-06-17,600519,14:00:13,1240.1000,4,2
2026-06-17,600519,14:00:16,1240.1100,1,1
2026-06-17,600519,14:00:19,1240.1100,8,1
2026-06-17,600519,14:00:22,1240.1000,16,2
2026-06-17,600519,14:00:25,1240.1100,4,1
2026-06-17,600519,14:00:28,1240.9700,72,1
2026-06-17,600519,14:00:31,1240.9700,7,1
2026-06-17,600519,14:00:34,1240.9700,5,1
2026-06-17,600519,14:00:37,1240.6500,4,2
2026-06-17,600519,14:00:40,1240.6500,3,2
2026-06-17,600519,14:00:43,1240.5100,3,2
2026-06-17,600519,14:00:46,1240.5100,3,1
2026-06-17,600519,14:00:49,1240.5100,2,1
2026-06-17,600519,14:00:52,1240.9700,15,1
2026-06-17,600519,14:00:55,1240.6700,1,2
2026-06-17,600519,14:00:58,1240.6899,1,2
2026-06-17,600519,14:01:01,1240.9399,5,1
2026-06-17,600519,14:01:04,1240.9500,4,1
2026-06-17,600519,14:01:10,1240.6899,6,2
2026-06-17,600519,14:01:16,1240.6600,8,2
2026-06-17,600519,14:01:22,1240.5400,2,2
2026-06-17,600519,14:01:28,1240.6700,8,1
2026-06-17,600519,14:01:31,1240.6700,2,1
2026-06-17,600519,14:01:34,1240.6600,4,2
2026-06-17,600519,14:01:37,1240.5200,2,2
2026-06-17,600519,14:01:40,1240.6500,10,1
2026-06-17,600519,14:01:43,1240.6400,2,1
2026-06-17,600519,14:01:46,1240.4399,4,2
2026-06-17,600519,14:01:49,1240.6300,3,1
2026-06-17,600519,14:01:52,1240.4399,1,2
2026-06-17,600519,14:01:55,1240.5500,4,1
2026-06-17,600519,14:01:58,1240.4399,5,2
2026-06-17,600519,14:02:01,1240.4399,3,2
2026-06-17,600519,14:02:04,1240.4399,5,2
2026-06-17,600519,14:02:07,1240.4000,3,2
2026-06-17,600519,14:02:10,1240.3700,7,2
2026-06-17,600519,14:02:13,1240.5400,5,1
2026-06-17,600519,14:02:16,1240.5400,2,2
2026-06-17,600519,14:02:19,1240.5400,1,2
2026-06-17,600519,14:02:22,1240.4399,2,2
2026-06-17,600519,14:02:25,1240.5300,2,1
2026-06-17,600519,14:02:28,1240.3500,8,2
2026-06-17,600519,14:02:31,1240.3700,1,2
2026-06-17,600519,14:02:34,1240.3400,13,2
2026-06-17,600519,14:02:37,1240.3600,10,1
2026-06-17,600519,14:02:40,1240.3600,10,1
2026-06-17,600519,14:02:46,1240.2100,20,2
2026-06-17,600519,14:02:49,1240.2100,3,2
2026-06-17,600519,14:02:52,1240.2100,5,2
2026-06-17,600519,14:02:55,1240.2200,6,1
2026-06-17,600519,14:02:58,1240.2200,6,1
2026-06-17,600519,14:03:01,1240.2200,8,1
2026-06-17,600519,14:03:04,1240.2300,2,2
2026-06-17,600519,14:03:07,1240.6100,31,1
2026-06-17,600519,14:03:10,1240.3800,6,1
2026-06-17,600519,14:03:13,1240.4399,8,1
2026-06-17,600519,14:03:16,1240.4800,10,1
2026-06-17,600519,14:03:19,1240.5000,6,2
2026-06-17,600519,14:03:22,1240.6700,16,1
2026-06-17,600519,14:03:28,1240.6801,3,2
2026-06-17,600519,14:03:31,1240.9800,4,1
2026-06-17,600519,14:03:34,1240.9800,1,1
2026-06-17,600519,14:03:37,1240.7300,1,2
2026-06-17,600519,14:03:40,1240.6700,1,2
2026-06-17,600519,14:03:43,1240.6801,3,2
2026-06-17,600519,14:03:46,1240.7300,5,1
2026-06-17,600519,14:03:52,1240.8199,4,1
2026-06-17,600519,14:03:55,1240.6700,5,2
2026-06-17,600519,14:03:58,1240.5000,7,2
2026-06-17,600519,14:04:01,1240.5500,2,1
2026-06-17,600519,14:04:04,1240.3800,2,2
2026-06-17,600519,14:04:07,1240.3101,10,2
2026-06-17,600519,14:04:10,1240.3800,1,2
2026-06-17,600519,14:04:13,1240.3000,7,2
2026-06-17,600519,14:04:16,1240.2700,5,2
2026-06-17,600519,14:04:19,1240.2600,5,2
2026-06-17,600519,14:04:22,1240.3000,6,2
2026-06-17,600519,14:04:25,1240.4500,2,1
2026-06-17,600519,14:04:28,1240.5000,2,1
2026-06-17,600519,14:04:31,1240.4600,3,1
2026-06-17,600519,14:04:34,1240.3000,4,2
2026-06-17,600519,14:04:37,1240.3600,20,2
2026-06-17,600519,14:04:40,1240.5200,12,1
2026-06-17,600519,14:04:46,1240.3700,3,2
2026-06-17,600519,14:04:52,1240.4800,3,2
2026-06-17,600519,10:48:31,1242.3600,5,2
2026-06-17,600519,10:48:34,1242.3600,5,2
2026-06-17,600519,10:48:37,1242.4100,7,1
2026-06-17,600519,10:48:40,1242.5000,5,1
2026-06-17,600519,10:48:43,1242.5100,2,4
2026-06-17,600519,10:48:46,1242.5200,3,1
2026-06-17,600519,10:48:49,1242.5000,7,2
2026-06-17,600519,10:48:52,1242.5800,9,1
2026-06-17,600519,10:48:55,1242.5699,4,1
2026-06-17,600519,10:48:58,1242.6000,7,1
2026-06-17,600519,10:49:01,1242.6100,13,1
2026-06-17,600519,10:49:04,1242.5800,7,2
2026-06-17,600519,10:49:07,1242.6000,3,2
2026-06-17,600519,10:49:10,1242.6100,4,2
2026-06-17,600519,10:49:13,1242.9100,14,1
2026-06-17,600519,10:49:16,1242.6000,7,2
2026-06-17,600519,10:49:19,1242.9301,4,1
2026-06-17,600519,10:49:22,1242.9200,6,1
2026-06-17,600519,10:49:25,1242.7000,6,2
2026-06-17,600519,10:49:28,1243.0000,4,1
2026-06-17,600519,10:49:31,1242.9000,3,2
2026-06-17,600519,10:49:34,1243.0000,8,1
2026-06-17,600519,10:49:37,1243.0000,7,1
2026-06-17,600519,10:49:40,1243.0000,4,1
2026-06-17,600519,10:49:43,1243.0000,1,1
2026-06-17,600519,10:49:46,1242.9900,8,2
2026-06-17,600519,10:49:49,1242.9000,9,2
2026-06-17,600519,10:49:52,1242.9900,7,1
2026-06-17,600519,10:49:55,1242.9000,4,1
2026-06-17,600519,10:49:58,1242.7000,14,2
2026-06-17,600519,10:50:01,1242.9200,1,1
2026-06-17,600519,10:50:04,1242.9000,7,1
2026-06-17,600519,10:50:07,1242.7000,5,2
2026-06-17,600519,10:50:10,1242.6300,2,2
2026-06-17,600519,10:50:13,1242.6300,22,2
2026-06-17,600519,10:50:16,1242.6300,36,1
2026-06-17,600519,10:50:19,1242.6200,19,1
2026-06-17,600519,10:50:22,1242.6000,23,1
2026-06-17,600519,10:50:25,1242.7200,1,1
2026-06-17,600519,10:50:28,1242.6300,4,2
2026-06-17,600519,10:50:31,1242.7200,1,2
2026-06-17,600519,10:50:34,1242.6300,2,2
2026-06-17,600519,10:50:37,1242.9500,1,1
2026-06-17,600519,10:50:40,1242.7200,1,2
2026-06-17,600519,10:50:43,1242.9600,2,1
2026-06-17,600519,10:50:46,1242.7200,2,2
2026-06-17,600519,10:50:49,1242.9399,6,1
2026-06-17,600519,10:50:52,1242.9399,1,1
2026-06-17,600519,10:50:55,1242.7700,10,1
2026-06-17,600519,10:50:58,1242.8500,3,1
2026-06-17,600519,10:51:01,1242.7200,3,2
2026-06-17,600519,10:51:04,1242.8600,12,1
2026-06-17,600519,10:51:07,1242.7200,9,2
2026-06-17,600519,10:51:10,1242.7200,4,2
2026-06-17,600519,10:51:13,1242.7200,1,2
2026-06-17,600519,10:51:16,1242.8000,5,1
2026-06-17,600519,10:51:19,1242.8000,3,1
2026-06-17,600519,10:51:22,1242.8101,4,1
2026-06-17,600519,10:51:25,1242.7700,7,2
2026-06-17,600519,10:51:28,1242.7200,12,2
2026-06-17,600519,10:51:31,1242.7600,3,1
2026-06-17,600519,10:51:34,1242.7500,62,1
2026-06-17,600519,10:51:37,1242.7200,5,1
2026-06-17,600519,10:51:40,1242.7500,4,1
2026-06-17,600519,10:51:43,1242.7600,13,1
2026-06-17,600519,10:51:46,1242.5200,4,2
2026-06-17,600519,10:51:49,1242.5300,5,2
2026-06-17,600519,10:51:52,1242.7000,4,1
2026-06-17,600519,10:51:58,1242.5500,4,2
2026-06-17,600519,10:52:01,1242.5400,12,1
2026-06-17,600519,10:52:04,1242.5100,2,2
2026-06-17,600519,10:52:07,1242.5000,6,2
2026-06-17,600519,10:52:10,1242.5000,10,2
2026-06-17,600519,10:52:13,1242.4900,4,1
2026-06-17,600519,10:52:16,1242.4700,3,2
2026-06-17,600519,10:52:19,1242.5000,1,1
2026-06-17,600519,10:52:22,1242.5500,26,1
2026-06-17,600519,10:52:25,1242.5500,12,1
2026-06-17,600519,10:52:28,1242.1000,36,2
2026-06-17,600519,10:52:31,1242.3800,2,1
2026-06-17,600519,10:52:34,1242.1801,4,2
2026-06-17,600519,10:52:37,1242.0900,4,2
2026-06-17,600519,10:52:40,1242.1600,24,1
2026-06-17,600519,10:52:43,1242.0000,26,2
2026-06-17,600519,10:52:46,1242.0100,8,1
2026-06-17,600519,10:52:49,1242.0100,16,2
2026-06-17,600519,10:52:52,1242.1000,7,1
2026-06-17,600519,10:52:55,1242.1899,35,1
2026-06-17,600519,10:52:58,1242.3000,2,2
2026-06-17,600519,10:53:01,1242.3000,6,2
2026-06-17,600519,10:53:04,1242.3000,3,2
2026-06-17,600519,10:53:07,1242.2000,1,2
2026-06-17,600519,10:53:13,1242.2000,3,2
2026-06-17,600519,10:53:16,1242.2000,3,1
2026-06-17,600519,10:53:19,1242.2900,16,1
2026-06-17,600519,10:53:22,1242.1500,8,2
2026-06-17,600519,10:53:25,1242.2900,2,1
2026-06-17,600519,10:53:31,1242.0300,8,2
2026-06-17,600519,10:53:34,1242.2900,1,1
2026-06-17,600519,10:53:37,1242.0500,5,2
2026-06-17,600519,10:53:40,1242.2100,1,1
2026-06-17,600519,10:53:43,1242.2100,1,1
2026-06-17,600519,10:53:46,1242.0800,2,2
2026-06-17,600519,10:53:49,1242.0500,5,2
2026-06-17,600519,10:53:52,1242.0300,7,2
2026-06-17,600519,10:53:55,1242.0601,6,1
2026-06-17,600519,10:53:58,1242.0400,4,4
2026-06-17,600519,10:54:01,1242.0601,7,1
2026-06-17,600519,10:54:04,1242.0300,26,2
2026-06-17,600519,10:54:07,1242.0500,12,1
2026-06-17,600519,10:54:10,1242.0000,5,2
2026-06-17,600519,10:54:13,1242.0601,9,1
2026-06-17,600519,10:54:16,1242.1400,12,1
2026-06-17,600519,10:54:19,1242.0300,5,2
2026-06-17,600519,10:54:22,1242.0300,2,2
2026-06-17,600519,10:54:25,1242.0699,7,2
2026-06-17,600519,10:54:28,1242.0000,7,2
2026-06-17,600519,10:54:31,1242.0000,20,2
2026-06-17,600519,10:54:34,1242.0000,7,2
2026-06-17,600519,10:54:37,1242.1000,2,1
2026-06-17,600519,10:54:40,1242.1100,2,1
2026-06-17,600519,10:54:43,1242.1200,1,1
2026-06-17,600519,10:54:46,1242.0100,8,2
2026-06-17,600519,10:54:49,1242.0100,2,2
2026-06-17,600519,10:54:52,1242.0200,3,2
2026-06-17,600519,10:54:55,1242.1200,1,1
2026-06-17,600519,10:54:58,1242.0100,4,2
2026-06-17,600519,10:55:04,1242.1200,8,2
2026-06-17,600519,10:55:07,1242.1200,3,1
2026-06-17,600519,10:55:10,1242.0601,2,2
2026-06-17,600519,10:55:13,1242.0601,4,1
2026-06-17,600519,10:55:16,1242.1300,1,2
2026-06-17,600519,10:55:22,1242.1000,1,1
2026-06-17,600519,10:55:25,1242.0900,4,1
2026-06-17,600519,10:55:28,1242.0300,11,2
2026-06-17,600519,10:55:31,1242.1000,10,1
2026-06-17,600519,10:55:34,1242.0400,4,1
2026-06-17,600519,10:55:37,1242.0900,2,1
2026-06-17,600519,10:55:40,1242.1100,1,1
2026-06-17,600519,10:55:43,1242.0900,4,1
2026-06-17,600519,10:55:46,1242.1300,14,1
2026-06-17,600519,10:55:49,1242.1200,1,2
2026-06-17,600519,10:55:52,1242.1400,2,1
2026-06-17,600519,10:55:55,1242.1200,1,1
2026-06-17,600519,10:55:58,1242.0900,4,2
2026-06-17,600519,10:56:01,1242.0900,3,2
2026-06-17,600519,10:56:07,1242.1899,3,1
2026-06-17,600519,10:56:10,1242.2200,14,1
2026-06-17,600519,10:56:13,1242.2600,7,1
2026-06-17,600519,10:56:16,1242.3000,3,1
2026-06-17,600519,10:56:19,1242.2900,1,1
2026-06-17,600519,10:56:22,1242.3000,16,1
2026-06-17,600519,10:56:25,1242.3000,19,1
2026-06-17,600519,10:56:28,1242.4800,25,1
2026-06-17,600519,10:56:31,1242.5000,8,1
2026-06-17,600519,10:56:34,1242.3101,11,2
2026-06-17,600519,10:56:37,1242.4100,5,2
2026-06-17,600519,10:56:40,1242.3300,3,2
2026-06-17,600519,10:56:43,1242.5100,3,2
2026-06-17,600519,10:56:46,1242.6100,10,1
2026-06-17,600519,10:56:49,1242.4000,3,2
2026-06-17,600519,10:56:52,1242.6000,2,1
2026-06-17,600519,10:56:55,1242.3800,13,2
2026-06-17,600519,10:56:58,1242.4200,1,2
2026-06-17,600519,10:57:01,1242.6300,7,1
2026-06-17,600519,10:57:04,1242.6000,7,1
2026-06-17,600519,10:57:07,1242.6300,6,1
2026-06-17,600519,10:57:10,1242.5000,1,2
2026-06-17,600519,10:57:13,1242.6300,5,1
2026-06-17,600519,10:57:16,1242.6700,3,1
2026-06-17,600519,10:57:19,1242.5000,7,2
2026-06-17,600519,10:57:22,1242.6700,5,1
2026-06-17,600519,10:57:25,1242.5300,4,2
2026-06-17,600519,10:57:28,1242.6300,4,1
2026-06-17,600519,10:57:31,1242.5000,6,2
2026-06-17,600519,10:57:37,1242.5500,3,2
2026-06-17,600519,10:57:40,1242.5200,3,2
2026-06-17,600519,10:57:43,1242.5900,2,1
2026-06-17,600519,10:57:46,1242.5300,7,2
2026-06-17,600519,10:57:52,1242.6000,1,2
2026-06-17,600519,10:57:55,1242.6700,4,1
2026-06-17,600519,10:57:58,1242.5200,8,2
2026-06-17,600519,10:58:01,1242.5601,4,1
2026-06-17,600519,10:58:04,1242.6000,3,1
2026-06-17,600519,10:58:07,1242.5100,9,2
2026-06-17,600519,10:58:10,1242.6100,15,1
2026-06-17,600519,10:58:13,1242.6000,24,2
2026-06-17,600519,10:58:16,1242.6600,2,1
2026-06-17,600519,10:58:19,1242.6100,20,1
2026-06-17,600519,10:58:22,1242.6700,2,1
2026-06-17,600519,10:58:25,1242.6500,2,1
2026-06-17,600519,10:58:28,1242.6100,2,2
2026-06-17,600519,10:58:31,1242.5500,4,2
2026-06-17,600519,10:58:34,1242.6200,4,2
2026-06-17,600519,10:58:37,1242.6700,2,1
2026-06-17,600519,10:58:40,1242.6200,1,2
2026-06-17,600519,10:58:43,1242.6600,2,1
2026-06-17,600519,10:58:46,1242.6400,5,2
2026-06-17,600519,10:58:49,1242.6600,3,1
2026-06-17,600519,10:58:52,1242.6300,10,1
2026-06-17,600519,10:58:55,1242.6300,4,1
2026-06-17,600519,10:58:58,1242.6400,1,1
2026-06-17,600519,10:59:01,1242.6300,1,2
2026-06-17,600519,10:59:04,1242.6300,4,2
2026-06-17,600519,10:59:07,1242.6300,10,2
2026-06-17,600519,10:59:10,1242.6400,1,4
2026-06-17,600519,10:59:13,1242.6200,1,2
2026-06-17,600519,10:59:16,1242.6500,2,1
2026-06-17,600519,10:59:19,1242.6200,7,2
2026-06-17,600519,10:59:22,1242.6100,7,2
2026-06-17,600519,10:59:25,1242.6100,4,2
2026-06-17,600519,10:59:28,1242.6100,3,2
2026-06-17,600519,10:59:31,1242.6300,3,1
2026-06-17,600519,10:59:34,1242.6200,2,2
2026-06-17,600519,10:59:37,1242.6200,6,2
2026-06-17,600519,10:59:40,1242.6200,3,1
2026-06-17,600519,10:59:43,1242.6100,4,2
2026-06-17,600519,10:59:46,1242.5900,12,2
2026-06-17,600519,10:59:49,1242.6000,4,1
2026-06-17,600519,10:59:52,1242.6000,11,1
2026-06-17,600519,10:59:55,1242.6000,7,1
2026-06-17,600519,10:59:58,1242.6000,3,2
2026-06-17,600519,11:00:01,1242.6100,2,2
2026-06-17,600519,11:00:07,1242.5699,11,2
2026-06-17,600519,11:00:10,1242.5400,9,2
2026-06-17,600519,11:00:13,1242.5300,10,2
2026-06-17,600519,11:00:16,1242.5000,14,2
2026-06-17,600519,11:00:19,1242.4500,16,2
2026-06-17,600519,11:00:22,1242.4500,6,1
2026-06-17,600519,11:00:25,1242.4000,3,2
2026-06-17,600519,11:00:28,1242.3500,14,2
2026-06-17,600519,11:00:31,1242.4100,2,2
2026-06-17,600519,11:00:34,1242.4301,3,2
2026-06-17,600519,11:00:37,1242.4600,1,1
2026-06-17,600519,11:00:40,1242.4301,4,2
2026-06-17,600519,11:00:43,1242.4399,2,2
2026-06-17,600519,11:00:46,1242.4000,5,2
2026-06-17,600519,11:00:49,1242.4399,2,1
2026-06-17,600519,11:00:52,1242.3500,5,2
2026-06-17,600519,11:00:55,1242.3500,4,2
2026-06-17,600519,11:00:58,1242.3400,9,2
2026-06-17,600519,11:01:01,1242.3199,2,2
2026-06-17,600519,11:01:04,1242.3199,1,1
2026-06-17,600519,11:01:07,1242.3000,7,2
2026-06-17,600519,11:01:10,1242.3300,3,2
2026-06-17,600519,11:01:13,1242.3300,1,2
2026-06-17,600519,11:01:16,1242.3000,11,2
2026-06-17,600519,11:01:19,1242.2500,35,2
2026-06-17,600519,11:01:22,1242.1000,15,2
2026-06-17,600519,11:01:25,1242.1700,7,1
2026-06-17,600519,11:01:28,1242.1700,5,1
2026-06-17,600519,11:01:31,1242.1600,9,1
2026-06-17,600519,11:01:34,1242.0601,140,2
2026-06-17,600519,11:01:37,1242.0000,11,2
2026-06-17,600519,11:01:40,1241.9900,43,2
2026-06-17,600519,11:01:43,1241.8500,21,2
2026-06-17,600519,11:01:46,1241.5500,12,2
2026-06-17,600519,11:01:49,1241.4500,12,2
2026-06-17,600519,11:01:52,1241.4399,14,2
2026-06-17,600519,11:01:55,1241.3500,4,2
2026-06-17,600519,11:01:58,1241.2500,11,2
2026-06-17,600519,11:02:01,1241.2400,8,2
2026-06-17,600519,11:02:04,1241.2100,8,2
2026-06-17,600519,11:02:07,1241.1801,15,2
2026-06-17,600519,11:02:10,1241.1200,14,2
2026-06-17,600519,11:02:13,1241.1100,19,2
2026-06-17,600519,11:02:16,1241.1000,4,2
2026-06-17,600519,11:02:19,1241.0900,4,2
2026-06-17,600519,11:02:22,1241.0300,14,2
2026-06-17,600519,11:02:25,1241.0300,5,2
2026-06-17,600519,11:02:28,1241.0300,5,2
2026-06-17,600519,11:02:31,1241.0200,8,2
2026-06-17,600519,11:02:34,1241.0300,7,1
2026-06-17,600519,11:02:37,1241.0300,5,2
2026-06-17,600519,11:02:40,1241.0500,11,1
2026-06-17,600519,11:02:43,1241.0500,4,2
2026-06-17,600519,11:02:46,1241.0300,11,2
2026-06-17,600519,11:02:49,1241.0300,10,2
2026-06-17,600519,11:02:52,1241.0100,18,2
2026-06-17,600519,11:02:55,1241.0000,20,2
2026-06-17,600519,11:02:58,1241.0200,26,1
2026-06-17,600519,11:03:01,1241.0000,14,2
2026-06-17,600519,11:03:04,1241.0100,8,4
2026-06-17,600519,11:03:07,1241.0000,63,2
2026-06-17,600519,11:03:10,1240.8800,17,2
2026-06-17,600519,11:03:13,1240.6700,7,2
2026-06-17,600519,11:03:16,1240.6600,7,2
2026-06-17,600519,11:03:19,1240.6000,7,2
2026-06-17,600519,11:03:22,1240.5601,5,2
2026-06-17,600519,11:03:25,1240.5601,11,2
2026-06-17,600519,11:03:28,1240.5300,5,2
2026-06-17,600519,11:03:31,1240.5500,6,2
2026-06-17,600519,11:03:34,1240.5100,4,2
2026-06-17,600519,11:03:37,1240.5100,19,2
2026-06-17,600519,11:03:40,1240.4800,10,2
2026-06-17,600519,11:03:43,1240.4800,5,2
2026-06-17,600519,11:03:46,1240.4800,12,2
2026-06-17,600519,11:03:49,1240.4800,5,1
2026-06-17,600519,11:03:52,1240.4000,3,2
2026-06-17,600519,11:03:55,1240.3400,12,2
2026-06-17,600519,11:03:58,1240.3400,8,1
2026-06-17,600519,11:04:01,1240.2900,5,2
2026-06-17,600519,11:04:04,1240.2300,11,2
2026-06-17,600519,11:04:07,1240.1400,113,2
2026-06-17,600519,11:04:10,1240.1400,1,1
2026-06-17,600519,11:04:13,1240.1500,20,1
2026-06-17,600519,11:04:16,1240.1400,7,4
2026-06-17,600519,11:04:19,1240.1700,8,1
2026-06-17,600519,11:04:22,1240.1700,6,2
2026-06-17,600519,11:04:25,1240.1400,43,2
2026-06-17,600519,11:04:28,1240.1600,5,4
2026-06-17,600519,11:04:31,1240.1400,4,2
2026-06-17,600519,11:04:34,1240.1400,10,2
2026-06-17,600519,11:04:37,1240.1600,20,1
2026-06-17,600519,11:04:40,1240.1500,18,1
2026-06-17,600519,11:04:43,1240.1500,4,1
2026-06-17,600519,11:04:46,1240.1400,3,2
2026-06-17,600519,11:04:49,1240.1300,18,2
2026-06-17,600519,11:04:52,1240.1100,13,2
2026-06-17,600519,11:04:55,1240.1100,12,2
2026-06-17,600519,11:04:58,1240.1300,13,1
2026-06-17,600519,11:05:01,1240.1100,12,2
2026-06-17,600519,11:05:04,1240.1200,19,4
2026-06-17,600519,11:05:07,1240.1100,12,4
2026-06-17,600519,11:05:10,1240.1100,14,4
2026-06-17,600519,11:05:13,1240.1000,18,2
2026-06-17,600519,11:05:16,1240.0400,30,2
2026-06-17,600519,11:05:19,1240.0100,28,2
2026-06-17,600519,11:05:22,1240.0300,30,2
2026-06-17,600519,11:05:25,1240.0200,231,2
2026-06-17,600519,11:05:28,1240.0300,17,1
2026-06-17,600519,11:05:31,1240.0100,9,2
2026-06-17,600519,11:05:34,1240.0000,65,2
2026-06-17,600519,11:05:37,1240.0100,43,2
2026-06-17,600519,11:05:40,1240.0100,10,2
2026-06-17,600519,11:05:43,1240.0000,8,2
2026-06-17,600519,11:05:46,1240.0000,17,2
2026-06-17,600519,11:05:49,1240.0000,20,2
2026-06-17,600519,11:05:52,1240.0100,13,1
2026-06-17,600519,11:05:55,1240.0100,18,1
2026-06-17,600519,11:05:58,1240.0000,16,2
2026-06-17,600519,11:06:01,1240.0100,11,1
2026-06-17,600519,11:06:04,1240.0000,43,2
2026-06-17,600519,11:06:07,1240.0100,8,1
2026-06-17,600519,11:06:10,1240.0100,19,1
2026-06-17,600519,11:06:13,1240.0100,17,1
2026-06-17,600519,11:06:16,1240.0100,36,1
2026-06-17,600519,11:06:19,1240.0100,5,1
2026-06-17,600519,11:06:22,1240.0000,15,2
2026-06-17,600519,11:06:25,1240.0000,99,2
2026-06-17,600519,11:06:28,1240.0100,53,1
2026-06-17,600519,11:06:31,1240.0000,43,2
2026-06-17,600519,11:06:34,1239.9000,55,2
2026-06-17,600519,11:06:37,1239.5699,33,2
2026-06-17,600519,11:06:40,1239.5300,6,2
2026-06-17,600519,11:06:43,1239.4301,15,2
2026-06-17,600519,11:06:46,1239.4000,3,2
2026-06-17,600519,11:06:49,1239.3000,7,2
2026-06-17,600519,11:06:52,1239.1899,11,2
2026-06-17,600519,11:06:55,1239.0100,12,2
2026-06-17,600519,11:06:58,1239.1300,16,2
2026-06-17,600519,11:07:01,1239.0000,7,2
2026-06-17,600519,11:07:04,1239.0100,7,1
2026-06-17,600519,11:07:07,1239.0000,7,2
2026-06-17,600519,11:07:10,1239.0000,17,2
