date,code,time,price,volume,bs
2026-01-14,601012,14:07:06,18.4100,4102,2
2026-01-14,601012,14:07:09,18.4100,1396,1
2026-01-14,601012,14:07:12,18.4100,1787,1
2026-01-14,601012,14:07:15,18.4000,1489,2
2026-01-14,601012,14:07:18,18.4000,1143,2
2026-01-14,601012,14:07:21,18.4000,6076,2
2026-01-14,601012,14:07:24,18.3900,10770,2
2026-01-14,601012,14:07:27,18.3900,560,1
2026-01-14,601012,14:07:30,18.3900,941,1
2026-01-14,601012,14:07:33,18.3800,172,2
2026-01-14,601012,14:07:36,18.3800,885,2
2026-01-14,601012,14:07:39,18.3800,398,1
2026-01-14,601012,14:07:42,18.3800,226,2
2026-01-14,601012,14:07:45,18.3800,441,2
2026-01-14,601012,14:07:48,18.3800,418,2
2026-01-14,601012,14:07:51,18.3900,277,1
2026-01-14,601012,14:07:54,18.3800,196,2
2026-01-14,601012,14:07:57,18.3800,332,1
2026-01-14,601012,14:08:00,18.3800,184,2
2026-01-14,601012,14:08:03,18.4000,1393,1
2026-01-14,601012,14:08:06,18.4000,533,1
2026-01-14,601012,14:08:09,18.4100,303,1
2026-01-14,601012,14:08:12,18.4100,100,2
2026-01-14,601012,14:08:15,18.4200,181,1
2026-01-14,601012,14:08:18,18.4200,241,1
2026-01-14,601012,14:08:21,18.4200,489,2
2026-01-14,601012,14:08:24,18.4000,314,2
2026-01-14,601012,14:08:27,18.4200,236,1
2026-01-14,601012,14:08:30,18.4200,151,4
2026-01-14,601012,14:08:33,18.4100,733,2
2026-01-14,601012,14:08:36,18.4400,350,1
2026-01-14,601012,14:08:39,18.4500,416,1
2026-01-14,601012,14:08:42,18.4600,407,1
2026-01-14,601012,14:08:45,18.4600,304,1
2026-01-14,601012,14:08:48,18.4500,186,2
2026-01-14,601012,14:08:51,18.4500,224,1
2026-01-14,601012,14:08:54,18.4600,265,1
2026-01-14,601012,14:08:57,18.4600,74,1
2026-01-14,601012,14:09:00,18.4600,157,1
2026-01-14,601012,14:09:03,18.4700,141,1
2026-01-14,601012,14:09:06,18.4600,128,1
2026-01-14,601012,14:09:09,18.4700,108,1
2026-01-14,601012,14:09:12,18.4700,497,1
2026-01-14,601012,14:09:15,18.4600,307,2
2026-01-14,601012,14:09:18,18.4700,107,1
2026-01-14,601012,14:09:21,18.4700,639,1
2026-01-14,601012,14:09:24,18.4600,261,2
2026-01-14,601012,14:09:27,18.4700,100,1
2026-01-14,601012,14:09:30,18.4700,502,1
2026-01-14,601012,14:09:33,18.4700,146,2
2026-01-14,601012,14:09:36,18.4700,171,2
2026-01-14,601012,14:09:39,18.4800,137,1
2026-01-14,601012,14:09:42,18.4700,168,2
2026-01-14,601012,14:09:45,18.4800,336,1
2026-01-14,601012,14:09:48,18.4800,44,2
2026-01-14,601012,14:09:51,18.4900,547,1
2026-01-14,601012,14:09:54,18.4800,179,2
2026-01-14,601012,14:09:57,18.4900,227,1
2026-01-14,601012,14:10:00,18.4800,268,2
2026-01-14,601012,14:10:03,18.4800,924,1
2026-01-14,601012,14:10:06,18.5000,454,1
2026-01-14,601012,14:10:09,18.4900,73,4
2026-01-14,601012,14:10:12,18.5000,88,1
2026-01-14,601012,14:10:15,18.5000,161,1
2026-01-14,601012,14:10:18,18.5000,784,1
2026-01-14,601012,14:10:21,18.5100,128,1
2026-01-14,601012,14:10:24,18.5000,880,2
2026-01-14,601012,14:10:27,18.5000,257,2
2026-01-14,601012,14:10:30,18.5000,344,1
2026-01-14,601012,14:10:33,18.5000,393,1
2026-01-14,601012,14:10:36,18.5000,492,2
2026-01-14,601012,14:10:39,18.5000,248,2
2026-01-14,601012,14:10:42,18.5100,271,1
2026-01-14,601012,14:10:45,18.5000,284,2
2026-01-14,601012,14:10:48,18.5100,169,1
2026-01-14,601012,14:10:51,18.5100,236,2
2026-01-14,601012,14:10:54,18.5200,77,1
2026-01-14,601012,14:10:57,18.5100,138,2
2026-01-14,601012,14:11:00,18.5100,465,2
2026-01-14,601012,14:11:03,18.5200,38,1
2026-01-14,601012,14:11:06,18.5200,167,2
2026-01-14,601012,14:11:09,18.5300,139,1
2026-01-14,601012,14:11:12,18.5400,305,1
2026-01-14,601012,14:11:15,18.5300,78,2
2026-01-14,601012,14:11:18,18.5400,262,1
2026-01-14,601012,14:11:21,18.5400,200,1
2026-01-14,601012,14:11:24,18.5400,419,1
2026-01-14,601012,14:11:27,18.5400,205,1
2026-01-14,601012,14:11:30,18.5400,174,2
2026-01-14,601012,14:11:33,18.5400,175,2
2026-01-14,601012,14:11:36,18.5500,355,1
2026-01-14,601012,14:11:39,18.5500,14,2
2026-01-14,601012,14:11:42,18.5500,159,2
2026-01-14,601012,14:11:45,18.5600,310,1
2026-01-14,601012,14:11:48,18.5600,260,1
2026-01-14,601012,14:11:51,18.5600,278,1
2026-01-14,601012,14:11:54,18.5600,152,1
2026-01-14,601012,14:11:57,18.5600,217,2
2026-01-14,601012,14:12:00,18.5600,337,2
2026-01-14,601012,14:12:03,18.5700,230,1
2026-01-14,601012,14:12:06,18.5600,987,2
2026-01-14,601012,14:12:09,18.5600,196,2
2026-01-14,601012,14:12:12,18.5600,456,1
2026-01-14,601012,14:12:15,18.5600,408,2
2026-01-14,601012,14:12:18,18.5600,696,1
2026-01-14,601012,14:12:21,18.5600,304,1
2026-01-14,601012,14:12:24,18.5500,637,2
2026-01-14,601012,14:12:27,18.5500,161,2
2026-01-14,601012,14:12:30,18.5500,168,2
2026-01-14,601012,14:12:33,18.5600,396,1
2026-01-14,601012,14:12:36,18.5600,754,1
2026-01-14,601012,14:12:39,18.5600,565,2
2026-01-14,601012,14:12:42,18.5600,388,2
2026-01-14,601012,14:12:45,18.5600,218,2
2026-01-14,601012,14:12:48,18.5700,226,1
2026-01-14,601012,14:12:51,18.5700,134,2
2026-01-14,601012,14:12:54,18.5600,343,2
2026-01-14,601012,14:12:57,18.5600,1156,2
2026-01-14,601012,14:13:00,18.5600,241,1
2026-01-14,601012,14:13:03,18.5600,152,1
2026-01-14,601012,14:13:06,18.5600,366,1
2026-01-14,601012,14:13:09,18.5500,177,4
2026-01-14,601012,14:13:12,18.5400,135,2
2026-01-14,601012,14:13:15,18.5500,216,1
2026-01-14,601012,14:13:18,18.5400,69,2
2026-01-14,601012,14:13:21,18.5400,138,2
2026-01-14,601012,14:13:24,18.5500,125,1
2026-01-14,601012,14:13:27,18.5400,72,2
2026-01-14,601012,14:13:30,18.5400,92,2
2026-01-14,601012,14:13:33,18.5300,709,2
2026-01-14,601012,14:13:36,18.5500,84,1
2026-01-14,601012,14:13:39,18.5400,80,1
2026-01-14,601012,14:13:42,18.5300,153,2
2026-01-14,601012,14:13:45,18.5300,387,2
2026-01-14,601012,14:13:48,18.5400,99,1
2026-01-14,601012,14:13:51,18.5400,707,2
2026-01-14,601012,14:13:54,18.5400,149,1
2026-01-14,601012,14:13:57,18.5300,142,2
2026-01-14,601012,14:14:00,18.5300,153,2
2026-01-14,601012,14:14:03,18.5300,358,2
2026-01-14,601012,14:14:06,18.5400,55,1
2026-01-14,601012,14:14:09,18.5400,176,1
2026-01-14,601012,14:14:12,18.5300,211,2
2026-01-14,601012,14:14:15,18.5400,171,1
2026-01-14,601012,14:14:18,18.5400,79,1
2026-01-14,601012,14:14:21,18.5400,62,1
2026-01-14,601012,14:14:24,18.5500,480,1
2026-01-14,601012,14:14:27,18.5500,227,1
2026-01-14,601012,14:14:30,18.5500,119,1
2026-01-14,601012,14:14:33,18.5500,95,1
2026-01-14,601012,14:14:36,18.5500,64,1
2026-01-14,601012,14:14:39,18.5400,125,2
2026-01-14,601012,14:14:42,18.5400,87,2
2026-01-14,601012,14:14:45,18.5400,396,2
2026-01-14,601012,14:14:48,18.5500,135,1
2026-01-14,601012,14:14:51,18.5500,84,1
2026-01-14,601012,14:14:54,18.5400,159,2
2026-01-14,601012,14:14:57,18.5400,109,2
2026-01-14,601012,14:15:00,18.5500,77,1
2026-01-14,601012,14:15:03,18.5400,124,2
2026-01-14,601012,14:15:06,18.5500,99,1
2026-01-14,601012,14:15:09,18.5500,1,1
2026-01-14,601012,14:15:12,18.5500,235,1
2026-01-14,601012,14:15:15,18.5500,359,1
2026-01-14,601012,14:15:18,18.5500,40,2
2026-01-14,601012,14:15:21,18.5500,133,2
2026-01-14,601012,14:15:24,18.5600,440,1
2026-01-14,601012,14:15:27,18.5500,365,2
2026-01-14,601012,14:15:30,18.5600,231,1
2026-01-14,601012,14:15:33,18.5500,211,2
2026-01-14,601012,14:15:36,18.5600,97,1
2026-01-14,601012,14:15:39,18.5600,294,1
2026-01-14,601012,14:15:42,18.5400,223,2
2026-01-14,601012,14:15:45,18.5400,867,2
2026-01-14,601012,14:15:48,18.5400,2047,1
2026-01-14,601012,14:15:51,18.5400,334,1
2026-01-14,601012,14:15:54,18.5400,521,1
2026-01-14,601012,14:15:57,18.5300,515,2
2026-01-14,601012,14:16:00,18.5400,230,1
2026-01-14,601012,14:16:03,18.5300,215,2
2026-01-14,601012,14:16:06,18.5400,35,1
2026-01-14,601012,14:16:09,18.5400,190,1
2026-01-14,601012,14:16:12,18.5300,167,2
2026-01-14,601012,14:16:15,18.5400,15,1
2026-01-14,601012,14:16:18,18.5400,508,1
2026-01-14,601012,14:16:21,18.5400,190,2
2026-01-14,601012,14:16:24,18.5400,96,2
2026-01-14,601012,14:16:27,18.5400,804,2
2026-01-14,601012,14:16:30,18.5500,66,1
2026-01-14,601012,14:16:33,18.5500,427,1
2026-01-14,601012,14:16:36,18.5400,227,2
2026-01-14,601012,14:16:39,18.5600,504,1
2026-01-14,601012,14:16:42,18.5600,247,1
2026-01-14,601012,14:16:45,18.5700,175,1
2026-01-14,601012,14:16:48,18.5600,581,2
2026-01-14,601012,14:16:51,18.5600,167,2
2026-01-14,601012,14:16:54,18.5600,290,2
2026-01-14,601012,14:16:57,18.5600,250,2
2026-01-14,601012,14:17:00,18.5600,306,2
2026-01-14,601012,14:17:03,18.5600,125,1
2026-01-14,601012,14:17:06,18.5600,317,1
2026-01-14,601012,14:17:09,18.5700,202,1
2026-01-14,601012,14:17:12,18.5600,120,2
2026-01-14,601012,14:17:15,18.5700,364,1
2026-01-14,601012,14:17:18,18.5700,319,1
2026-01-14,601012,14:17:21,18.5700,594,1
2026-01-14,601012,14:17:24,18.5800,127,1
2026-01-14,601012,14:17:27,18.5700,88,2
2026-01-14,601012,14:17:30,18.5800,104,1
2026-01-14,601012,14:17:33,18.5700,185,2
2026-01-14,601012,14:17:36,18.5800,321,1
2026-01-14,601012,14:17:39,18.5700,739,2
2026-01-14,601012,14:17:42,18.5700,276,2
2026-01-14,601012,14:17:45,18.5800,50,1
2026-01-14,601012,14:17:48,18.5800,257,1
2026-01-14,601012,14:17:51,18.5800,659,1
2026-01-14,601012,14:17:54,18.5800,503,2
2026-01-14,601012,14:17:57,18.5800,258,2
2026-01-14,601012,14:18:00,18.5900,264,1
2026-01-14,601012,14:18:03,18.5800,135,1
2026-01-14,601012,14:18:06,18.5800,193,1
2026-01-14,601012,14:18:09,18.5700,260,2
2026-01-14,601012,14:18:12,18.5700,86,2
2026-01-14,601012,14:18:15,18.5800,68,1
2026-01-14,601012,14:18:18,18.5700,152,2
2026-01-14,601012,14:18:21,18.5700,163,2
2026-01-14,601012,14:18:24,18.5600,180,2
2026-01-14,601012,14:18:27,18.5600,366,2
2026-01-14,601012,14:18:30,18.5600,10,2
2026-01-14,601012,14:18:33,18.5600,130,2
2026-01-14,601012,14:18:36,18.5600,510,2
2026-01-14,601012,14:18:39,18.5600,554,1
2026-01-14,601012,14:18:42,18.5600,101,2
2026-01-14,601012,14:18:45,18.5600,970,2
2026-01-14,601012,14:18:48,18.5700,177,1
2026-01-14,601012,14:18:51,18.5700,46,2
2026-01-14,601012,14:18:54,18.5700,92,2
2026-01-14,601012,14:18:57,18.5700,121,1
2026-01-14,601012,14:19:00,18.5700,173,1
2026-01-14,601012,14:19:03,18.5700,43,1
2026-01-14,601012,14:19:06,18.5700,77,1
2026-01-14,601012,14:19:09,18.5600,58,2
2026-01-14,601012,14:19:12,18.5700,240,1
2026-01-14,601012,14:19:15,18.5700,38,2
2026-01-14,601012,14:19:18,18.5700,38,2
2026-01-14,601012,14:19:21,18.5700,17,2
2026-01-14,601012,14:19:24,18.5800,194,1
2026-01-14,601012,14:19:27,18.5700,119,2
2026-01-14,601012,14:19:30,18.5700,281,2
2026-01-14,601012,14:19:33,18.5700,132,2
2026-01-14,601012,14:19:36,18.5700,76,2
2026-01-14,601012,14:19:39,18.5800,299,1
2026-01-14,601012,14:19:42,18.5800,314,1
2026-01-14,601012,14:19:45,18.5800,17,1
2026-01-14,601012,14:19:48,18.5700,172,2
2026-01-14,601012,14:19:51,18.5700,192,2
2026-01-14,601012,14:19:54,18.5700,1110,2
2026-01-14,601012,14:19:57,18.5800,487,1
2026-01-14,601012,14:20:00,18.5800,153,2
2026-01-14,601012,14:20:03,18.5900,94,1
2026-01-14,601012,14:20:06,18.5800,490,2
2026-01-14,601012,14:20:09,18.5800,218,1
2026-01-14,601012,14:20:12,18.5700,208,2
2026-01-14,601012,14:20:15,18.5600,800,2
2026-01-14,601012,14:20:18,18.5600,1080,2
2026-01-14,601012,14:20:21,18.5600,1012,2
2026-01-14,601012,14:20:24,18.5600,347,1
2026-01-14,601012,14:20:27,18.5700,70,4
2026-01-14,601012,14:20:30,18.5700,104,1
2026-01-14,601012,14:20:33,18.5600,110,2
2026-01-14,601012,14:20:36,18.5700,335,1
2026-01-14,601012,14:20:39,18.5700,90,2
2026-01-14,601012,14:20:42,18.5800,139,1
2026-01-14,601012,14:20:45,18.5700,29,2
2026-01-14,601012,14:20:48,18.5800,153,1
2026-01-14,601012,14:20:51,18.5700,26,2
2026-01-14,601012,14:20:54,18.5800,559,1
2026-01-14,601012,14:20:57,18.5700,163,2
2026-01-14,601012,14:21:00,18.5700,109,2
2026-01-14,601012,14:21:03,18.5700,152,2
2026-01-14,601012,14:21:06,18.5700,148,2
2026-01-14,601012,14:21:09,18.5800,365,1
2026-01-14,601012,14:21:12,18.5800,105,1
2026-01-14,601012,14:21:15,18.5800,97,1
2026-01-14,601012,14:21:18,18.5700,37,2
2026-01-14,601012,14:21:21,18.5700,19,2
2026-01-14,601012,14:21:24,18.5700,68,2
2026-01-14,601012,14:21:27,18.5700,63,2
2026-01-14,601012,14:21:30,18.5700,191,2
2026-01-14,601012,14:21:33,18.5700,734,2
2026-01-14,601012,14:21:36,18.5700,270,1
2026-01-14,601012,14:21:39,18.5600,539,2
2026-01-14,601012,14:21:42,18.5600,888,2
2026-01-14,601012,14:21:45,18.5700,843,1
2026-01-14,601012,14:21:48,18.5700,46,1
2026-01-14,601012,14:21:51,18.5600,39,2
2026-01-14,601012,14:21:54,18.5600,181,2
2026-01-14,601012,14:21:57,18.5500,229,2
2026-01-14,601012,14:22:00,18.5500,227,2
2026-01-14,601012,14:22:03,18.5600,25,1
2026-01-14,601012,14:22:06,18.5600,333,1
2026-01-14,601012,14:22:09,18.5600,61,1
2026-01-14,601012,14:22:12,18.5600,125,1
2026-01-14,601012,14:22:15,18.5600,261,1
2026-01-14,601012,14:22:18,18.5600,184,1
2026-01-14,601012,14:22:21,18.5600,127,1
2026-01-14,601012,14:22:24,18.5500,167,2
2026-01-14,601012,14:22:27,18.5600,93,1
2026-01-14,601012,14:22:30,18.5600,133,1
2026-01-14,601012,14:22:33,18.5500,115,2
2026-01-14,601012,14:22:36,18.5600,122,1
2026-01-14,601012,14:22:39,18.5700,440,1
2026-01-14,601012,14:22:42,18.5600,98,2
2026-01-14,601012,14:22:45,18.5700,10,1
2026-01-14,601012,14:22:48,18.5700,125,1
2026-01-14,601012,14:22:51,18.5600,93,2
2026-01-14,601012,14:22:54,18.5600,391,2
2026-01-14,601012,14:22:57,18.5600,1151,1
2026-01-14,601012,14:23:00,18.5600,465,1
2026-01-14,601012,14:23:03,18.5800,988,1
2026-01-14,601012,14:23:06,18.5800,275,1
2026-01-14,601012,14:23:09,18.5800,125,1
2026-01-14,601012,14:23:12,18.5900,1662,1
2026-01-14,601012,14:23:15,18.5800,93,2
2026-01-14,601012,14:23:18,18.5800,151,2
2026-01-14,601012,14:23:21,18.5900,59,1
2026-01-14,601012,14:23:24,18.5900,122,1
2026-01-14,601012,14:23:27,18.5800,227,2
2026-01-14,601012,14:23:30,18.5900,209,1
2026-01-14,601012,14:23:33,18.5800,123,2
2026-01-14,601012,14:23:36,18.5900,1021,1
2026-01-14,601012,14:23:39,18.5900,335,1
2026-01-14,601012,14:23:42,18.5900,192,1
2026-01-14,601012,14:23:45,18.6000,24,1
2026-01-14,601012,14:23:48,18.6000,82,1
2026-01-14,601012,14:23:51,18.6000,59,1
2026-01-14,601012,14:23:54,18.6000,228,1
2026-01-14,601012,14:23:57,18.5900,120,2
2026-01-14,601012,14:24:00,18.5900,110,2
2026-01-14,601012,14:24:03,18.6000,194,1
2026-01-14,601012,14:24:06,18.6000,66,1
2026-01-14,601012,14:24:09,18.6000,229,1
2026-01-14,601012,14:24:12,18.6000,604,1
2026-01-14,601012,14:24:15,18.6100,788,1
2026-01-14,601012,14:24:18,18.6000,225,2
2026-01-14,601012,14:24:21,18.6100,141,1
2026-01-14,601012,14:24:24,18.6100,467,1
2026-01-14,601012,14:24:27,18.6100,156,1
2026-01-14,601012,14:24:30,18.6100,411,1
2026-01-14,601012,14:24:33,18.6100,129,2
2026-01-14,601012,14:24:36,18.6200,180,1
2026-01-14,601012,14:24:39,18.6100,273,2
2026-01-14,601012,14:24:42,18.6200,385,1
2026-01-14,601012,14:24:45,18.6200,83,1
2026-01-14,601012,14:24:48,18.6100,218,2
2026-01-14,601012,14:24:51,18.6200,200,1
2026-01-14,601012,14:24:54,18.6200,235,1
2026-01-14,601012,14:24:57,18.6200,350,1
2026-01-14,601012,14:25:00,18.6200,110,1
2026-01-14,601012,14:25:03,18.6200,750,1
2026-01-14,601012,14:25:06,18.6200,40,2
2026-01-14,601012,14:25:09,18.6300,493,1
2026-01-14,601012,14:25:12,18.6300,301,2
2026-01-14,601012,14:25:15,18.6300,113,2
2026-01-14,601012,14:25:18,18.6300,96,2
2026-01-14,601012,14:25:21,18.6400,355,1
2026-01-14,601012,14:25:24,18.6300,221,2
2026-01-14,601012,14:25:27,18.6200,205,2
2026-01-14,601012,14:25:30,18.6300,309,1
2026-01-14,601012,14:25:33,18.6400,97,1
2026-01-14,601012,14:25:36,18.6400,138,1
2026-01-14,601012,14:25:39,18.6400,108,1
2026-01-14,601012,14:25:42,18.6400,133,1
2026-01-14,601012,14:25:45,18.6400,226,1
2026-01-14,601012,14:25:48,18.6400,534,1
2026-01-14,601012,14:25:51,18.6500,1640,1
2026-01-14,601012,14:25:54,18.6400,281,2
2026-01-14,601012,14:25:57,18.6400,215,2
2026-01-14,601012,14:26:00,18.6500,324,2
2026-01-14,601012,14:26:03,18.6600,198,1
2026-01-14,601012,14:26:06,18.6600,506,1
2026-01-14,601012,14:26:09,18.6500,154,2
2026-01-14,601012,14:26:12,18.6400,247,2
2026-01-14,601012,14:26:15,18.6400,189,2
2026-01-14,601012,14:26:18,18.6500,398,1
2026-01-14,601012,14:26:21,18.6500,559,1
2026-01-14,601012,14:26:24,18.6500,263,1
2026-01-14,601012,14:26:27,18.6300,1031,2
2026-01-14,601012,14:26:30,18.6400,364,1
2026-01-14,601012,14:26:33,18.6400,178,1
2026-01-14,601012,14:26:36,18.6200,230,2
2026-01-14,601012,14:26:39,18.6200,92,2
2026-01-14,601012,14:26:42,18.6200,97,2
2026-01-14,601012,14:26:45,18.6300,107,1
2026-01-14,601012,14:26:48,18.6300,128,1
2026-01-14,601012,14:26:51,18.6200,43,2
2026-01-14,601012,14:26:54,18.6300,111,1
2026-01-14,601012,14:26:57,18.6200,187,2
2026-01-14,601012,14:27:00,18.6200,69,2
2026-01-14,601012,14:27:03,18.6400,1258,1
2026-01-14,601012,14:27:06,18.6400,426,1
2026-01-14,601012,14:27:09,18.6400,206,2
2026-01-14,601012,14:27:12,18.6300,359,2
2026-01-14,601012,14:27:15,18.6400,148,4
2026-01-14,601012,14:27:18,18.6300,139,2
2026-01-14,601012,14:27:21,18.6500,167,1
2026-01-14,601012,14:27:24,18.6400,42,1
2026-01-14,601012,14:27:27,18.6500,71,1
2026-01-14,601012,14:27:30,18.6500,66,1
2026-01-14,601012,14:27:33,18.6400,66,2
2026-01-14,601012,14:27:36,18.6500,283,1
2026-01-14,601012,14:27:39,18.6500,54,1
2026-01-14,601012,14:27:42,18.6500,179,1
2026-01-14,601012,14:27:45,18.6400,972,2
2026-01-14,601012,14:27:48,18.6400,307,1
2026-01-14,601012,14:27:51,18.6400,24,1
2026-01-14,601012,14:27:54,18.6400,180,1
2026-01-14,601012,14:27:57,18.6300,111,2
2026-01-14,601012,14:28:00,18.6300,20,2
2026-01-14,601012,14:28:03,18.6300,1299,2
2026-01-14,601012,14:28:06,18.6300,89,1
2026-01-14,601012,14:28:09,18.6300,298,1
2026-01-14,601012,14:28:12,18.6200,181,2
2026-01-14,601012,14:28:15,18.6200,167,2
2026-01-14,601012,14:28:18,18.6200,194,2
2026-01-14,601012,14:28:21,18.6300,182,4
2026-01-14,601012,14:28:24,18.6300,36,1
2026-01-14,601012,14:28:27,18.6400,97,1
2026-01-14,601012,14:28:30,18.6300,147,4
2026-01-14,601012,14:28:33,18.6200,54,2
2026-01-14,601012,14:28:36,18.6300,21,1
2026-01-14,601012,14:28:39,18.6300,312,1
2026-01-14,601012,14:28:42,18.6300,165,2
2026-01-14,601012,14:28:45,18.6300,684,2
2026-01-14,601012,14:28:48,18.6300,11,2
2026-01-14,601012,14:28:51,18.6300,102,2
2026-01-14,601012,14:28:54,18.6300,220,2
2026-01-14,601012,14:28:57,18.6300,55,2
2026-01-14,601012,14:29:00,18.6300,24,2
2026-01-14,601012,14:29:03,18.6300,133,2
2026-01-14,601012,14:29:06,18.6300,96,2
2026-01-14,601012,14:29:09,18.6300,39,2
2026-01-14,601012,14:29:12,18.6300,236,2
2026-01-14,601012,14:29:15,18.6400,79,1
2026-01-14,601012,14:29:18,18.6300,128,2
2026-01-14,601012,14:29:21,18.6300,248,2
2026-01-14,601012,14:29:24,18.6300,184,2
2026-01-14,601012,14:29:27,18.6300,144,2
2026-01-14,601012,14:29:30,18.6300,117,2
2026-01-14,601012,14:29:33,18.6300,97,2
2026-01-14,601012,14:29:36,18.6300,133,2
2026-01-14,601012,14:29:39,18.6300,1268,2
2026-01-14,601012,14:29:42,18.6400,137,1
2026-01-14,601012,14:29:45,18.6400,141,2
2026-01-14,601012,14:29:48,18.6400,145,2
2026-01-14,601012,14:29:51,18.6500,25,1
2026-01-14,601012,14:29:54,18.6500,119,1
2026-01-14,601012,14:29:57,18.6400,133,2
2026-01-14,601012,14:30:00,18.6500,1086,1
2026-01-14,601012,14:30:03,18.6600,124,1
2026-01-14,601012,14:30:06,18.6500,78,2
2026-01-14,601012,14:30:09,18.6600,261,1
2026-01-14,601012,14:30:12,18.6600,318,1
2026-01-14,601012,14:30:15,18.6500,211,2
2026-01-14,601012,14:30:18,18.6500,246,2
2026-01-14,601012,14:30:21,18.6600,62,1
2026-01-14,601012,14:30:24,18.6600,149,1
2026-01-14,601012,14:30:27,18.6600,262,1
2026-01-14,601012,14:30:30,18.6600,193,1
2026-01-14,601012,14:30:33,18.6600,137,1
2026-01-14,601012,14:30:36,18.6600,69,1
2026-01-14,601012,14:30:39,18.6600,923,1
2026-01-14,601012,14:30:42,18.6600,533,1
2026-01-14,601012,14:30:45,18.6400,256,2
2026-01-14,601012,14:30:48,18.6500,486,1
2026-01-14,601012,14:30:51,18.6500,112,1
2026-01-14,601012,14:30:54,18.6400,125,2
2026-01-14,601012,14:30:57,18.6500,154,1
2026-01-14,601012,14:31:00,18.6400,137,2
2026-01-14,601012,14:31:03,18.6500,193,1
2026-01-14,601012,14:31:06,18.6500,110,1
2026-01-14,601012,14:31:09,18.6500,181,2
2026-01-14,601012,14:31:12,18.6500,71,2
2026-01-14,601012,14:31:15,18.6500,203,2
2026-01-14,601012,14:31:18,18.6400,253,2
2026-01-14,601012,14:31:21,18.6400,581,2
2026-01-14,601012,14:31:24,18.6400,378,2
2026-01-14,601012,14:31:27,18.6300,336,2
2026-01-14,601012,14:31:30,18.6300,696,2
2026-01-14,601012,14:31:33,18.6300,628,4
2026-01-14,601012,14:31:36,18.6300,249,1
2026-01-14,601012,14:31:39,18.6300,167,1
2026-01-14,601012,14:31:42,18.6200,81,2
2026-01-14,601012,14:31:45,18.6200,310,2
2026-01-14,601012,14:31:48,18.6200,187,2
2026-01-14,601012,14:31:51,18.6200,88,2
2026-01-14,601012,14:31:54,18.6200,261,2
2026-01-14,601012,14:31:57,18.6100,102,2
2026-01-14,601012,14:32:00,18.6100,203,2
2026-01-14,601012,14:32:03,18.6300,580,1
2026-01-14,601012,14:32:06,18.6200,129,2
2026-01-14,601012,14:32:09,18.6200,57,2
2026-01-14,601012,14:32:12,18.6200,279,2
2026-01-14,601012,14:32:15,18.6200,138,2
2026-01-14,601012,14:32:18,18.6200,104,2
2026-01-14,601012,14:32:21,18.6300,68,1
2026-01-14,601012,14:32:24,18.6300,139,1
2026-01-14,601012,14:32:27,18.6200,185,2
2026-01-14,601012,14:32:30,18.6200,496,2
2026-01-14,601012,14:32:33,18.6200,307,1
2026-01-14,601012,14:32:36,18.6200,240,2
2026-01-14,601012,14:32:39,18.6100,167,2
2026-01-14,601012,14:32:42,18.6000,1286,2
2026-01-14,601012,14:32:45,18.6000,58,2
2026-01-14,601012,14:32:48,18.6100,163,1
2026-01-14,601012,14:32:51,18.6100,62,1
2026-01-14,601012,14:32:54,18.6000,152,2
2026-01-14,601012,14:32:57,18.6000,54,2
2026-01-14,601012,14:33:00,18.6000,185,2
2026-01-14,601012,14:33:03,18.6000,201,2
2026-01-14,601012,14:33:06,18.6000,58,2
2026-01-14,601012,14:33:09,18.6000,205,2
2026-01-14,601012,14:33:12,18.6000,512,2
2026-01-14,601012,14:33:15,18.6000,114,2
2026-01-14,601012,14:33:18,18.6000,57,2
2026-01-14,601012,14:33:21,18.6000,203,2
2026-01-14,601012,14:33:24,18.6000,227,2
2026-01-14,601012,14:33:27,18.6000,293,2
2026-01-14,601012,14:33:30,18.6000,80,2
2026-01-14,601012,14:33:33,18.6000,168,2
2026-01-14,601012,14:33:36,18.6000,191,2
2026-01-14,601012,14:33:39,18.6000,871,2
2026-01-14,601012,14:33:42,18.5900,244,2
2026-01-14,601012,14:33:45,18.5900,56,2
2026-01-14,601012,14:33:48,18.6000,188,1
2026-01-14,601012,14:33:51,18.5900,81,2
2026-01-14,601012,14:33:54,18.5800,323,2
2026-01-14,601012,14:33:57,18.5800,82,2
2026-01-14,601012,14:34:00,18.5900,494,1
2026-01-14,601012,14:34:03,18.5800,283,2
2026-01-14,601012,14:34:06,18.5900,38,1
2026-01-14,601012,14:34:09,18.5800,71,2
2026-01-14,601012,14:34:12,18.5800,96,2
2026-01-14,601012,14:34:15,18.5800,331,2
2026-01-14,601012,14:34:18,18.5800,371,1
2026-01-14,601012,14:34:21,18.5800,86,1
2026-01-14,601012,14:34:24,18.5800,613,1
2026-01-14,601012,14:34:27,18.5800,60,1
2026-01-14,601012,14:34:30,18.5800,162,1
2026-01-14,601012,14:34:33,18.5700,76,2
2026-01-14,601012,14:34:36,18.5800,142,1
2026-01-14,601012,14:34:39,18.5700,131,2
2026-01-14,601012,14:34:42,18.5700,56,2
2026-01-14,601012,14:34:45,18.5700,73,2
2026-01-14,601012,14:34:48,18.5700,62,2
2026-01-14,601012,14:34:51,18.5700,115,2
2026-01-14,601012,14:34:54,18.5700,67,2
2026-01-14,601012,14:34:57,18.5600,1100,2
2026-01-14,601012,14:35:00,18.5700,98,4
2026-01-14,601012,14:35:03,18.5700,39,2
2026-01-14,601012,14:35:06,18.5600,276,2
2026-01-14,601012,14:35:09,18.5700,484,1
2026-01-14,601012,14:35:12,18.5500,149,2
2026-01-14,601012,14:35:15,18.5500,159,2
2026-01-14,601012,14:35:18,18.5500,371,2
2026-01-14,601012,14:35:21,18.5500,104,2
2026-01-14,601012,14:35:24,18.5400,1756,2
2026-01-14,601012,14:35:27,18.5300,248,2
2026-01-14,601012,14:35:30,18.5300,174,2
2026-01-14,601012,14:35:33,18.5300,372,2
2026-01-14,601012,14:35:36,18.5300,171,2
2026-01-14,601012,14:35:39,18.5400,201,4
2026-01-14,601012,14:35:42,18.5300,293,2
2026-01-14,601012,14:35:45,18.5300,793,2
2026-01-14,601012,14:35:48,18.5300,81,2
2026-01-14,601012,14:35:51,18.5300,221,2
2026-01-14,601012,14:35:54,18.5400,172,1
2026-01-14,601012,14:35:57,18.5300,307,2
2026-01-14,601012,14:36:00,18.5300,153,4
2026-01-14,601012,14:36:03,18.5400,113,1
2026-01-14,601012,14:36:06,18.5300,484,2
2026-01-14,601012,14:36:09,18.5300,104,2
2026-01-14,601012,14:36:12,18.5200,156,2
2026-01-14,601012,14:36:15,18.5300,116,1
2026-01-14,601012,14:36:18,18.5300,110,1
2026-01-14,601012,14:36:21,18.5200,738,2
2026-01-14,601012,14:36:24,18.5200,249,1
2026-01-14,601012,14:36:27,18.5300,82,1
2026-01-14,601012,14:36:30,18.5200,137,2
2026-01-14,601012,14:36:33,18.5300,226,1
2026-01-14,601012,14:36:36,18.5300,109,1
2026-01-14,601012,14:36:39,18.5200,77,1
2026-01-14,601012,14:36:42,18.5200,770,2
2026-01-14,601012,14:36:45,18.5300,165,1
2026-01-14,601012,14:36:48,18.5200,94,2
2026-01-14,601012,14:36:51,18.5200,77,2
2026-01-14,601012,14:36:54,18.5200,157,2
2026-01-14,601012,14:36:57,18.5200,133,2
2026-01-14,601012,14:37:00,18.5300,2043,1
2026-01-14,601012,14:37:03,18.5300,966,1
2026-01-14,601012,14:37:06,18.5200,92,2
2026-01-14,601012,14:37:09,18.5300,180,1
2026-01-14,601012,14:37:12,18.5300,178,1
2026-01-14,601012,14:37:15,18.5400,63,1
2026-01-14,601012,14:37:18,18.5300,201,2
2026-01-14,601012,14:37:21,18.5300,124,1
2026-01-14,601012,14:37:24,18.5300,170,1
2026-01-14,601012,14:37:27,18.5200,280,2
2026-01-14,601012,14:37:30,18.5300,159,1
2026-01-14,601012,14:37:33,18.5300,137,1
2026-01-14,601012,14:37:36,18.5300,65,2
2026-01-14,601012,14:37:39,18.5400,40,1
2026-01-14,601012,14:37:42,18.5300,139,2
2026-01-14,601012,14:37:45,18.5300,371,2
2026-01-14,601012,14:37:48,18.5400,51,1
2026-01-14,601012,14:37:51,18.5400,563,1
2026-01-14,601012,14:37:54,18.5400,84,2
2026-01-14,601012,14:37:57,18.5400,203,2
2026-01-14,601012,14:38:00,18.5300,99,2
2026-01-14,601012,14:38:03,18.5300,207,2
2026-01-14,601012,14:38:06,18.5400,109,1
2026-01-14,601012,14:38:09,18.5300,715,2
2026-01-14,601012,14:38:12,18.5300,190,2
2026-01-14,601012,14:38:15,18.5300,54,2
2026-01-14,601012,14:38:18,18.5400,151,1
2026-01-14,601012,14:38:21,18.5300,41,4
2026-01-14,601012,14:38:24,18.5300,124,1
2026-01-14,601012,14:38:27,18.5400,143,1
2026-01-14,601012,14:38:30,18.5400,66,1
2026-01-14,601012,14:38:33,18.5400,69,1
2026-01-14,601012,14:38:36,18.5300,233,2
2026-01-14,601012,14:38:39,18.5400,48,1
2026-01-14,601012,14:38:42,18.5300,115,2
2026-01-14,601012,14:38:45,18.5300,386,2
2026-01-14,601012,14:38:48,18.5300,133,2
2026-01-14,601012,14:38:51,18.5400,155,1
2026-01-14,601012,14:38:54,18.5300,451,2
2026-01-14,601012,14:38:57,18.5200,89,2
2026-01-14,601012,14:39:00,18.5300,56,1
2026-01-14,601012,14:39:03,18.5300,85,1
2026-01-14,601012,14:39:06,18.5300,108,1
2026-01-14,601012,14:39:09,18.5200,40,2
2026-01-14,601012,14:39:12,18.5200,337,2
2026-01-14,601012,14:39:15,18.5200,2222,2
2026-01-14,601012,14:39:18,18.5100,261,2
2026-01-14,601012,14:39:21,18.5200,107,1
2026-01-14,601012,14:39:24,18.5200,222,1
2026-01-14,601012,14:39:27,18.5100,214,2
2026-01-14,601012,14:39:30,18.5100,286,2
2026-01-14,601012,14:39:33,18.5200,157,4
2026-01-14,601012,14:39:36,18.5200,79,2
2026-01-14,601012,14:39:39,18.5200,100,2
2026-01-14,601012,14:39:42,18.5200,124,2
2026-01-14,601012,14:39:45,18.5300,99,1
2026-01-14,601012,14:39:48,18.5300,171,1
2026-01-14,601012,14:39:51,18.5300,103,1
2026-01-14,601012,14:39:54,18.5300,134,1
2026-01-14,601012,14:39:57,18.5300,55,2
2026-01-14,601012,14:40:00,18.5300,282,2
2026-01-14,601012,14:40:03,18.5400,74,1
2026-01-14,601012,14:40:06,18.5400,517,1
2026-01-14,601012,14:40:09,18.5300,118,2
2026-01-14,601012,14:40:12,18.5200,219,2
2026-01-14,601012,14:40:15,18.5300,94,1
2026-01-14,601012,14:40:18,18.5200,549,2
2026-01-14,601012,14:40:21,18.5300,541,1
2026-01-14,601012,14:40:24,18.5200,162,2
2026-01-14,601012,14:40:27,18.5200,174,2
2026-01-14,601012,14:40:30,18.5300,257,1
2026-01-14,601012,14:40:33,18.5200,279,2
2026-01-14,601012,14:40:36,18.5200,137,2
2026-01-14,601012,14:40:39,18.5300,47,1
2026-01-14,601012,14:40:42,18.5200,324,2
2026-01-14,601012,14:40:45,18.5200,58,2
2026-01-14,601012,14:40:48,18.5300,148,1
2026-01-14,601012,14:40:51,18.5300,171,1
2026-01-14,601012,14:40:54,18.5200,121,2
2026-01-14,601012,14:40:57,18.5300,106,1
2026-01-14,601012,14:41:00,18.5300,87,1
2026-01-14,601012,14:41:03,18.5300,162,1
2026-01-14,601012,14:41:06,18.5300,253,1
2026-01-14,601012,14:41:09,18.5300,706,1
2026-01-14,601012,14:41:12,18.5300,74,2
2026-01-14,601012,14:41:15,18.5400,78,1
2026-01-14,601012,14:41:18,18.5300,179,2
2026-01-14,601012,14:41:21,18.5400,205,1
2026-01-14,601012,14:41:24,18.5500,702,1
2026-01-14,601012,14:41:27,18.5400,70,2
2026-01-14,601012,14:41:30,18.5400,69,2
2026-01-14,601012,14:41:33,18.5500,170,1
2026-01-14,601012,14:41:36,18.5500,101,1
2026-01-14,601012,14:41:39,18.5400,212,2
2026-01-14,601012,14:41:42,18.5400,181,2
2026-01-14,601012,14:41:45,18.5500,335,1
2026-01-14,601012,14:41:48,18.5500,294,1
2026-01-14,601012,14:41:51,18.5500,91,1
2026-01-14,601012,14:41:54,18.5500,335,2
2026-01-14,601012,14:41:57,18.5500,70,2
2026-01-14,601012,14:42:00,18.5600,135,1
2026-01-14,601012,14:42:03,18.5500,598,2
2026-01-14,601012,14:42:06,18.5500,131,2
2026-01-14,601012,14:42:09,18.5500,200,2
2026-01-14,601012,14:42:12,18.5600,52,1
2026-01-14,601012,14:42:15,18.5600,86,1
2026-01-14,601012,14:42:18,18.5600,109,1
2026-01-14,601012,14:42:21,18.5600,613,2
2026-01-14,601012,14:42:24,18.5600,33,2
2026-01-14,601012,14:42:27,18.5600,186,2
2026-01-14,601012,14:42:30,18.5600,86,2
2026-01-14,601012,14:42:33,18.5600,129,2
2026-01-14,601012,14:42:36,18.5600,375,2
2026-01-14,601012,14:42:39,18.5600,443,2
2026-01-14,601012,14:42:42,18.5500,188,2
2026-01-14,601012,14:42:45,18.5500,295,2
2026-01-14,601012,14:42:48,18.5600,76,1
2026-01-14,601012,14:42:51,18.5600,97,2
2026-01-14,601012,14:42:54,18.5600,115,2
2026-01-14,601012,14:42:57,18.5500,368,2
2026-01-14,601012,14:43:00,18.5600,141,1
2026-01-14,601012,14:43:03,18.5600,187,1
2026-01-14,601012,14:43:06,18.5600,15,2
2026-01-14,601012,14:43:09,18.5600,60,2
2026-01-14,601012,14:43:12,18.5600,695,2
2026-01-14,601012,14:43:15,18.5600,320,1
2026-01-14,601012,14:43:18,18.5700,73,4
2026-01-14,601012,14:43:21,18.5600,76,2
2026-01-14,601012,14:43:24,18.5700,39,1
2026-01-14,601012,14:43:27,18.5700,383,1
2026-01-14,601012,14:43:30,18.5500,393,2
2026-01-14,601012,14:43:33,18.5500,514,2
2026-01-14,601012,14:43:36,18.5600,376,1
2026-01-14,601012,14:43:39,18.5500,879,2
2026-01-14,601012,14:43:42,18.5500,247,2
2026-01-14,601012,14:43:45,18.5500,300,2
2026-01-14,601012,14:43:48,18.5500,381,1
2026-01-14,601012,14:43:51,18.5500,70,1
2026-01-14,601012,14:43:54,18.5500,248,1
2026-01-14,601012,14:43:57,18.5500,374,1
2026-01-14,601012,14:44:00,18.5500,328,1
2026-01-14,601012,14:44:03,18.5500,41,2
2026-01-14,601012,14:44:06,18.5500,359,2
2026-01-14,601012,14:44:09,18.5500,126,2
2026-01-14,601012,14:44:12,18.5600,34,1
2026-01-14,601012,14:44:15,18.5600,478,1
2026-01-14,601012,14:44:18,18.5600,117,2
2026-01-14,601012,14:44:21,18.5500,139,2
2026-01-14,601012,14:44:24,18.5500,1642,2
2026-01-14,601012,14:44:27,18.5400,268,2
2026-01-14,601012,14:44:30,18.5500,139,1
2026-01-14,601012,14:44:33,18.5500,361,1
2026-01-14,601012,14:44:36,18.5500,120,1
2026-01-14,601012,14:44:39,18.5500,69,2
2026-01-14,601012,14:44:42,18.5500,145,2
2026-01-14,601012,14:44:45,18.5600,192,1
2026-01-14,601012,14:44:48,18.5500,386,2
2026-01-14,601012,14:44:51,18.5600,112,1
2026-01-14,601012,14:44:54,18.5500,78,2
2026-01-14,601012,14:44:57,18.5500,339,2
2026-01-14,601012,14:45:00,18.5500,78,2
2026-01-14,601012,14:45:03,18.5600,388,1
2026-01-14,601012,14:45:06,18.5600,157,1
2026-01-14,601012,14:45:09,18.5500,41,2
2026-01-14,601012,14:45:12,18.5500,333,1
2026-01-14,601012,14:45:15,18.5600,497,1
2026-01-14,601012,14:45:18,18.5700,57,1
2026-01-14,601012,14:45:21,18.5500,97,2
2026-01-14,601012,14:45:24,18.5500,84,2
2026-01-14,601012,14:45:27,18.5600,102,1
2026-01-14,601012,14:45:30,18.5600,270,1
2026-01-14,601012,14:45:33,18.5600,51,2
2026-01-14,601012,14:45:36,18.5600,59,2
2026-01-14,601012,14:45:39,18.5600,221,2
2026-01-14,601012,14:45:42,18.5500,100,2
2026-01-14,601012,14:45:45,18.5600,74,1
2026-01-14,601012,14:45:48,18.5600,65,1
2026-01-14,601012,14:45:51,18.5600,83,1
2026-01-14,601012,14:45:54,18.5600,153,1
2026-01-14,601012,14:45:57,18.5600,411,1
2026-01-14,601012,14:46:00,18.5600,239,1
2026-01-14,601012,14:46:03,18.5600,124,1
2026-01-14,601012,14:46:06,18.5500,231,2
2026-01-14,601012,14:46:09,18.5600,226,1
2026-01-14,601012,14:46:12,18.5500,334,2
2026-01-14,601012,14:46:15,18.5600,1234,1
2026-01-14,601012,14:46:18,18.5600,259,1
2026-01-14,601012,14:46:21,18.5500,132,2
2026-01-14,601012,14:46:24,18.5500,311,2
2026-01-14,601012,14:46:27,18.5500,214,2
2026-01-14,601012,14:46:30,18.5600,52,1
2026-01-14,601012,14:46:33,18.5500,310,2
2026-01-14,601012,14:46:36,18.5600,123,1
2026-01-14,601012,14:46:39,18.5500,253,2
2026-01-14,601012,14:46:42,18.5500,611,2
2026-01-14,601012,14:46:45,18.5500,280,2
2026-01-14,601012,14:46:48,18.5600,110,1
2026-01-14,601012,14:46:51,18.5500,825,2
2026-01-14,601012,14:46:54,18.5500,123,2
2026-01-14,601012,14:46:57,18.5600,164,1
2026-01-14,601012,14:47:00,18.5500,73,2
2026-01-14,601012,14:47:03,18.5600,152,1
2026-01-14,601012,14:47:06,18.5500,724,2
2026-01-14,601012,14:47:09,18.5500,200,2
2026-01-14,601012,14:47:12,18.5400,462,2
2026-01-14,601012,14:47:15,18.5500,130,4
2026-01-14,601012,14:47:18,18.5400,755,2
2026-01-14,601012,14:47:21,18.5400,209,2
2026-01-14,601012,14:47:24,18.5500,966,1
2026-01-14,601012,14:47:27,18.5400,696,2
2026-01-14,601012,14:47:30,18.5400,107,1
2026-01-14,601012,14:47:33,18.5400,202,1
2026-01-14,601012,14:47:36,18.5300,217,2
2026-01-14,601012,14:47:39,18.5400,339,1
2026-01-14,601012,14:47:42,18.5300,525,2
2026-01-14,601012,14:47:45,18.5300,100,2
2026-01-14,601012,14:47:48,18.5300,707,2
2026-01-14,601012,14:47:51,18.5400,378,1
2026-01-14,601012,14:47:54,18.5300,556,2
2026-01-14,601012,14:47:57,18.5300,216,1
2026-01-14,601012,14:48:00,18.5300,78,1
2026-01-14,601012,14:48:03,18.5300,605,1
2026-01-14,601012,14:48:06,18.5200,161,2
2026-01-14,601012,14:48:09,18.5200,122,2
2026-01-14,601012,14:48:12,18.5200,505,2
2026-01-14,601012,14:48:15,18.5300,811,1
2026-01-14,601012,14:48:18,18.5200,275,2
2026-01-14,601012,14:48:21,18.5200,779,2
2026-01-14,601012,14:48:24,18.5200,319,2
2026-01-14,601012,14:48:27,18.5200,248,2
2026-01-14,601012,14:48:30,18.5200,365,2
2026-01-14,601012,14:48:33,18.5200,625,2
2026-01-14,601012,14:48:36,18.5200,2458,2
2026-01-14,601012,14:48:39,18.5100,192,2
2026-01-14,601012,14:48:42,18.5200,422,1
2026-01-14,601012,14:48:45,18.5100,93,2
2026-01-14,601012,14:48:48,18.5200,507,1
2026-01-14,601012,14:48:51,18.5200,801,1
2026-01-14,601012,14:48:54,18.5100,875,2
2026-01-14,601012,14:48:57,18.5100,246,2
2026-01-14,601012,14:49:00,18.5200,373,1
2026-01-14,601012,14:49:03,18.5100,416,2
2026-01-14,601012,14:49:06,18.5100,1055,2
2026-01-14,601012,14:49:09,18.5100,312,2
2026-01-14,601012,14:49:12,18.5100,543,1
2026-01-14,601012,14:49:15,18.5100,379,1
2026-01-14,601012,14:49:18,18.5100,369,1
2026-01-14,601012,14:49:21,18.5200,439,1
2026-01-14,601012,14:49:24,18.5100,194,2
2026-01-14,601012,14:49:27,18.5200,464,1
2026-01-14,601012,14:49:30,18.5300,369,1
2026-01-14,601012,14:49:33,18.5200,721,2
2026-01-14,601012,14:49:36,18.5200,108,2
2026-01-14,601012,14:49:39,18.5200,74,2
2026-01-14,601012,14:49:42,18.5100,226,2
2026-01-14,601012,14:49:45,18.5300,142,1
2026-01-14,601012,14:49:48,18.5300,223,1
2026-01-14,601012,14:49:51,18.5200,137,2
2026-01-14,601012,14:49:54,18.5200,155,1
2026-01-14,601012,14:49:57,18.5100,418,2
2026-01-14,601012,14:50:00,18.5300,116,1
2026-01-14,601012,14:50:03,18.5200,84,2
2026-01-14,601012,14:50:06,18.5200,47,2
2026-01-14,601012,14:50:09,18.5200,237,2
2026-01-14,601012,14:50:12,18.5200,175,2
2026-01-14,601012,14:50:15,18.5300,39,1
2026-01-14,601012,14:50:18,18.5200,185,2
2026-01-14,601012,14:50:21,18.5300,54,1
2026-01-14,601012,14:50:24,18.5300,360,1
2026-01-14,601012,14:50:27,18.5200,122,2
2026-01-14,601012,14:50:30,18.5300,171,1
2026-01-14,601012,14:50:33,18.5300,423,1
2026-01-14,601012,14:50:36,18.5300,702,1
2026-01-14,601012,14:50:39,18.5300,75,2
2026-01-14,601012,14:50:42,18.5300,203,2
2026-01-14,601012,14:50:45,18.5400,131,1
2026-01-14,601012,14:50:48,18.5400,130,1
2026-01-14,601012,14:50:51,18.5400,238,1
2026-01-14,601012,14:50:54,18.5300,363,2
2026-01-14,601012,14:50:57,18.5300,58,2
2026-01-14,601012,14:51:00,18.5300,282,2
2026-01-14,601012,14:51:03,18.5400,124,1
2026-01-14,601012,14:51:06,18.5400,72,1
2026-01-14,601012,14:51:09,18.5400,194,1
2026-01-14,601012,14:51:12,18.5300,221,2
2026-01-14,601012,14:51:15,18.5400,1426,1
2026-01-14,601012,14:51:18,18.5400,519,1
2026-01-14,601012,14:51:21,18.5400,131,1
2026-01-14,601012,14:51:24,18.5400,601,1
2026-01-14,601012,14:51:27,18.5300,210,2
2026-01-14,601012,14:51:30,18.5400,144,1
2026-01-14,601012,14:51:33,18.5400,146,1
2026-01-14,601012,14:51:36,18.5400,142,1
2026-01-14,601012,14:51:39,18.5400,344,1
2026-01-14,601012,14:51:42,18.5400,179,1
2026-01-14,601012,14:51:45,18.5400,67,2
2026-01-14,601012,14:51:48,18.5400,60,2
2026-01-14,601012,14:51:51,18.5400,247,2
2026-01-14,601012,14:51:54,18.5400,49,2
2026-01-14,601012,14:51:57,18.5400,166,2
2026-01-14,601012,14:52:00,18.5400,156,2
2026-01-14,601012,14:52:03,18.5400,218,2
2026-01-14,601012,14:52:06,18.5400,245,2
2026-01-14,601012,14:52:09,18.5300,1042,2
2026-01-14,601012,14:52:12,18.5300,795,2
2026-01-14,601012,14:52:15,18.5400,95,4
2026-01-14,601012,14:52:18,18.5500,304,1
2026-01-14,601012,14:52:21,18.5400,120,4
2026-01-14,601012,14:52:24,18.5400,97,1
2026-01-14,601012,14:52:27,18.5400,216,1
2026-01-14,601012,14:52:30,18.5400,239,2
2026-01-14,601012,14:52:33,18.5400,683,2
2026-01-14,601012,14:52:36,18.5500,117,1
2026-01-14,601012,14:52:39,18.5500,393,1
2026-01-14,601012,14:52:42,18.5400,268,2
2026-01-14,601012,14:52:45,18.5400,580,2
2026-01-14,601012,14:52:48,18.5400,242,1
2026-01-14,601012,14:52:51,18.5400,143,1
2026-01-14,601012,14:52:54,18.5400,585,1
2026-01-14,601012,14:52:57,18.5400,68,2
2026-01-14,601012,14:53:00,18.5400,416,2
2026-01-14,601012,14:53:03,18.5500,148,1
2026-01-14,601012,14:53:06,18.5400,1034,2
2026-01-14,601012,14:53:09,18.5400,142,1
2026-01-14,601012,14:53:12,18.5400,278,1
2026-01-14,601012,14:53:15,18.5400,67,2
2026-01-14,601012,14:53:18,18.5500,207,1
2026-01-14,601012,14:53:21,18.5400,257,2
2026-01-14,601012,14:53:24,18.5500,185,1
2026-01-14,601012,14:53:27,18.5500,800,1
2026-01-14,601012,14:53:30,18.5500,182,1
2026-01-14,601012,14:53:33,18.5500,178,1
2026-01-14,601012,14:53:36,18.5500,144,1
2026-01-14,601012,14:53:39,18.5500,213,1
2026-01-14,601012,14:53:42,18.5400,297,2
2026-01-14,601012,14:53:45,18.5500,300,1
2026-01-14,601012,14:53:48,18.5400,163,2
2026-01-14,601012,14:53:51,18.5500,261,1
2026-01-14,601012,14:53:54,18.5400,255,2
2026-01-14,601012,14:53:57,18.5400,90,2
2026-01-14,601012,14:54:00,18.5400,343,2
2026-01-14,601012,14:54:03,18.5500,448,1
2026-01-14,601012,14:54:06,18.5400,189,2
2026-01-14,601012,14:54:09,18.5400,213,2
2026-01-14,601012,14:54:12,18.5400,711,2
2026-01-14,601012,14:54:15,18.5400,292,2
2026-01-14,601012,14:54:18,18.5500,286,1
2026-01-14,601012,14:54:21,18.5400,721,2
2026-01-14,601012,14:54:24,18.5500,424,1
2026-01-14,601012,14:54:27,18.5400,850,2
2026-01-14,601012,14:54:30,18.5500,468,1
2026-01-14,601012,14:54:33,18.5400,149,2
2026-01-14,601012,14:54:36,18.5400,181,2
2026-01-14,601012,14:54:39,18.5500,392,1
2026-01-14,601012,14:54:42,18.5500,291,1
2026-01-14,601012,14:54:45,18.5400,644,2
2026-01-14,601012,14:54:48,18.5400,224,2
2026-01-14,601012,14:54:51,18.5400,876,2
2026-01-14,601012,14:54:54,18.5500,460,1
2026-01-14,601012,14:54:57,18.5400,307,2
2026-01-14,601012,14:55:00,18.5500,110,1
2026-01-14,601012,14:55:03,18.5500,268,1
2026-01-14,601012,14:55:06,18.5500,280,1
2026-01-14,601012,14:55:09,18.5400,915,2
2026-01-14,601012,14:55:12,18.5400,341,1
2026-01-14,601012,14:55:15,18.5500,248,1
2026-01-14,601012,14:55:18,18.5500,182,1
2026-01-14,601012,14:55:21,18.5500,567,1
2026-01-14,601012,14:55:24,18.5400,235,2
2026-01-14,601012,14:55:27,18.5500,505,1
2026-01-14,601012,14:55:30,18.5400,537,2
2026-01-14,601012,14:55:33,18.5600,252,1
2026-01-14,601012,14:55:36,18.5500,283,2
2026-01-14,601012,14:55:39,18.5500,575,2
2026-01-14,601012,14:55:42,18.5500,371,1
2026-01-14,601012,14:55:45,18.5500,422,1
2026-01-14,601012,14:55:48,18.5400,435,2
2026-01-14,601012,14:55:51,18.5500,159,1
2026-01-14,601012,14:55:54,18.5500,480,1
2026-01-14,601012,14:55:57,18.5600,125,1
2026-01-14,601012,14:56:00,18.5600,6209,1
2026-01-14,601012,14:56:03,18.5600,322,1
2026-01-14,601012,14:56:06,18.5600,128,2
2026-01-14,601012,14:56:09,18.5700,521,1
2026-01-14,601012,14:56:12,18.5600,165,2
2026-01-14,601012,14:56:15,18.5600,251,2
2026-01-14,601012,14:56:18,18.5600,723,2
2026-01-14,601012,14:56:21,18.5600,450,1
2026-01-14,601012,14:56:24,18.5700,95,1
2026-01-14,601012,14:56:27,18.5700,336,1
2026-01-14,601012,14:56:30,18.5600,212,2
2026-01-14,601012,14:56:33,18.5800,272,1
2026-01-14,601012,14:56:36,18.5600,379,2
2026-01-14,601012,14:56:39,18.5700,136,1
2026-01-14,601012,14:56:42,18.5600,191,2
2026-01-14,601012,14:56:45,18.5700,221,1
2026-01-14,601012,14:56:48,18.5700,405,1
2026-01-14,601012,14:56:51,18.5700,3371,2
2026-01-14,601012,14:56:54,18.5700,416,2
2026-01-14,601012,14:56:57,18.5700,312,1
2026-01-14,601012,14:57:00,18.5700,64,2
2026-01-14,601012,15:00:03,18.5900,12313,4
2026-01-14,601012,13:17:06,18.5700,1190,2
2026-01-14,601012,13:17:09,18.5700,1383,2
2026-01-14,601012,13:17:12,18.5700,1909,1
2026-01-14,601012,13:17:15,18.5600,1184,2
2026-01-14,601012,13:17:18,18.5600,783,1
2026-01-14,601012,13:17:21,18.5600,717,1
2026-01-14,601012,13:17:24,18.5700,970,1
2026-01-14,601012,13:17:27,18.5600,1621,2
2026-01-14,601012,13:17:30,18.5600,998,2
2026-01-14,601012,13:17:33,18.5600,998,2
2026-01-14,601012,13:17:36,18.5600,660,2
2026-01-14,601012,13:17:39,18.5700,1151,1
2026-01-14,601012,13:17:42,18.5700,788,1
2026-01-14,601012,13:17:45,18.5600,1371,2
2026-01-14,601012,13:17:48,18.5700,2179,1
2026-01-14,601012,13:17:51,18.5800,492,1
2026-01-14,601012,13:17:54,18.5800,940,1
2026-01-14,601012,13:17:57,18.5900,692,1
2026-01-14,601012,13:18:00,18.5900,460,1
2026-01-14,601012,13:18:03,18.5900,667,2
2026-01-14,601012,13:18:06,18.6000,1009,1
2026-01-14,601012,13:18:09,18.6000,953,1
2026-01-14,601012,13:18:12,18.6000,580,1
2026-01-14,601012,13:18:15,18.6000,448,2
2026-01-14,601012,13:18:18,18.6000,1233,1
2026-01-14,601012,13:18:21,18.6000,234,2
2026-01-14,601012,13:18:24,18.6000,1134,2
2026-01-14,601012,13:18:27,18.6100,85,2
2026-01-14,601012,13:18:30,18.6100,160,2
2026-01-14,601012,13:18:33,18.6100,658,2
2026-01-14,601012,13:18:36,18.6200,356,1
2026-01-14,601012,13:18:39,18.6100,631,2
2026-01-14,601012,13:18:42,18.6200,244,1
2026-01-14,601012,13:18:45,18.6300,626,1
2026-01-14,601012,13:18:48,18.6400,347,1
2026-01-14,601012,13:18:51,18.6400,301,1
2026-01-14,601012,13:18:54,18.6400,2993,1
2026-01-14,601012,13:18:57,18.6400,1070,2
2026-01-14,601012,13:19:00,18.6300,317,2
2026-01-14,601012,13:19:03,18.6300,867,2
2026-01-14,601012,13:19:06,18.6100,2297,2
2026-01-14,601012,13:19:09,18.6200,332,1
2026-01-14,601012,13:19:12,18.6100,485,1
2026-01-14,601012,13:19:15,18.6200,306,1
2026-01-14,601012,13:19:18,18.6100,331,2
2026-01-14,601012,13:19:21,18.6300,443,1
2026-01-14,601012,13:19:24,18.6300,265,1
2026-01-14,601012,13:19:27,18.6300,51,1
2026-01-14,601012,13:19:30,18.6400,1188,1
2026-01-14,601012,13:19:33,18.6300,384,2
2026-01-14,601012,13:19:36,18.6400,372,1
2026-01-14,601012,13:19:39,18.6400,467,1
2026-01-14,601012,13:19:42,18.6400,341,1
2026-01-14,601012,13:19:45,18.6400,286,1
2026-01-14,601012,13:19:48,18.6400,284,2
2026-01-14,601012,13:19:51,18.6500,415,1
2026-01-14,601012,13:19:54,18.6500,192,1
2026-01-14,601012,13:19:57,18.6500,321,1
2026-01-14,601012,13:20:00,18.6600,476,1
2026-01-14,601012,13:20:03,18.6500,752,2
2026-01-14,601012,13:20:06,18.6600,256,4
2026-01-14,601012,13:20:09,18.6700,640,1
2026-01-14,601012,13:20:12,18.6700,221,1
2026-01-14,601012,13:20:15,18.6700,176,1
2026-01-14,601012,13:20:18,18.6800,176,1
2026-01-14,601012,13:20:21,18.6800,370,1
2026-01-14,601012,13:20:24,18.6800,839,2
2026-01-14,601012,13:20:27,18.6800,917,1
2026-01-14,601012,13:20:30,18.6800,1056,2
2026-01-14,601012,13:20:33,18.6800,402,1
2026-01-14,601012,13:20:36,18.6800,663,1
2026-01-14,601012,13:20:39,18.6700,1588,2
2026-01-14,601012,13:20:42,18.6700,598,1
2026-01-14,601012,13:20:45,18.6700,387,1
2026-01-14,601012,13:20:48,18.6700,715,1
2026-01-14,601012,13:20:51,18.6700,171,2
2026-01-14,601012,13:20:54,18.6700,391,1
2026-01-14,601012,13:20:57,18.6700,597,2
2026-01-14,601012,13:21:00,18.6600,332,2
2026-01-14,601012,13:21:03,18.6700,1719,1
2026-01-14,601012,13:21:06,18.6600,501,1
2026-01-14,601012,13:21:09,18.6600,195,1
2026-01-14,601012,13:21:12,18.6500,297,2
2026-01-14,601012,13:21:15,18.6500,330,1
2026-01-14,601012,13:21:18,18.6400,323,2
2026-01-14,601012,13:21:21,18.6600,193,1
2026-01-14,601012,13:21:24,18.6500,1167,2
2026-01-14,601012,13:21:27,18.6500,346,2
2026-01-14,601012,13:21:30,18.6500,1168,2
2026-01-14,601012,13:21:33,18.6400,306,2
2026-01-14,601012,13:21:36,18.6400,81,1
2026-01-14,601012,13:21:39,18.6400,382,1
2026-01-14,601012,13:21:42,18.6400,973,1
2026-01-14,601012,13:21:45,18.6300,525,2
2026-01-14,601012,13:21:48,18.6400,306,1
2026-01-14,601012,13:21:51,18.6300,381,2
2026-01-14,601012,13:21:54,18.6400,351,1
2026-01-14,601012,13:21:57,18.6200,1403,2
2026-01-14,601012,13:22:00,18.6100,232,2
2026-01-14,601012,13:22:03,18.6200,510,1
2026-01-14,601012,13:22:06,18.6200,325,1
2026-01-14,601012,13:22:09,18.6200,683,1
2026-01-14,601012,13:22:12,18.6200,189,1
2026-01-14,601012,13:22:15,18.6200,102,2
2026-01-14,601012,13:22:18,18.6200,807,2
2026-01-14,601012,13:22:21,18.6200,684,2
2026-01-14,601012,13:22:24,18.6200,150,1
2026-01-14,601012,13:22:27,18.6100,285,2
2026-01-14,601012,13:22:30,18.6200,331,1
2026-01-14,601012,13:22:33,18.6200,1129,4
2026-01-14,601012,13:22:36,18.6100,219,2
2026-01-14,601012,13:22:39,18.6100,447,2
2026-01-14,601012,13:22:42,18.6100,186,2
2026-01-14,601012,13:22:45,18.6100,369,2
2026-01-14,601012,13:22:48,18.6200,295,1
2026-01-14,601012,13:22:51,18.6100,587,2
2026-01-14,601012,13:22:54,18.6100,257,1
2026-01-14,601012,13:22:57,18.6000,298,2
2026-01-14,601012,13:23:00,18.6100,224,1
2026-01-14,601012,13:23:03,18.6100,2033,1
2026-01-14,601012,13:23:06,18.6000,2390,2
2026-01-14,601012,13:23:09,18.6000,403,1
2026-01-14,601012,13:23:12,18.6000,473,1
2026-01-14,601012,13:23:15,18.6000,275,1
2026-01-14,601012,13:23:18,18.5900,339,2
2026-01-14,601012,13:23:21,18.5900,607,2
2026-01-14,601012,13:23:24,18.5900,378,1
2026-01-14,601012,13:23:27,18.5700,2174,2
2026-01-14,601012,13:23:30,18.5800,156,1
2026-01-14,601012,13:23:33,18.5700,335,2
2026-01-14,601012,13:23:36,18.5800,405,1
2026-01-14,601012,13:23:39,18.5800,444,1
2026-01-14,601012,13:23:42,18.5700,290,2
2026-01-14,601012,13:23:45,18.5800,192,1
2026-01-14,601012,13:23:48,18.5800,797,1
2026-01-14,601012,13:23:51,18.5900,319,1
2026-01-14,601012,13:23:54,18.5800,938,2
2026-01-14,601012,13:23:57,18.5900,58,2
2026-01-14,601012,13:24:00,18.6000,89,1
2026-01-14,601012,13:24:03,18.5900,261,2
2026-01-14,601012,13:24:06,18.6000,909,1
2026-01-14,601012,13:24:09,18.6000,172,1
2026-01-14,601012,13:24:12,18.6000,673,1
2026-01-14,601012,13:24:15,18.6100,164,1
2026-01-14,601012,13:24:18,18.6000,459,2
2026-01-14,601012,13:24:21,18.6200,703,1
2026-01-14,601012,13:24:24,18.6100,75,2
2026-01-14,601012,13:24:27,18.6200,100,1
2026-01-14,601012,13:24:30,18.6200,612,1
2026-01-14,601012,13:24:33,18.6200,506,1
2026-01-14,601012,13:24:36,18.6200,191,2
2026-01-14,601012,13:24:39,18.6400,129,1
2026-01-14,601012,13:24:42,18.6300,353,2
2026-01-14,601012,13:24:45,18.6400,143,1
2026-01-14,601012,13:24:48,18.6400,77,1
2026-01-14,601012,13:24:51,18.6300,601,2
2026-01-14,601012,13:24:54,18.6200,1500,2
2026-01-14,601012,13:24:57,18.6200,193,1
2026-01-14,601012,13:25:00,18.6200,623,1
2026-01-14,601012,13:25:03,18.6200,1213,1
2026-01-14,601012,13:25:06,18.6200,203,1
2026-01-14,601012,13:25:09,18.6000,1316,2
2026-01-14,601012,13:25:12,18.6000,720,2
2026-01-14,601012,13:25:15,18.6000,821,1
2026-01-14,601012,13:25:18,18.6000,673,1
2026-01-14,601012,13:25:21,18.6000,105,1
2026-01-14,601012,13:25:24,18.6000,197,1
2026-01-14,601012,13:25:27,18.6000,275,2
2026-01-14,601012,13:25:30,18.6000,303,1
2026-01-14,601012,13:25:33,18.6000,132,1
2026-01-14,601012,13:25:36,18.6000,226,1
2026-01-14,601012,13:25:39,18.5900,589,2
2026-01-14,601012,13:25:42,18.6000,110,2
2026-01-14,601012,13:25:45,18.6000,510,2
2026-01-14,601012,13:25:48,18.6000,242,1
2026-01-14,601012,13:25:51,18.6000,191,1
2026-01-14,601012,13:25:54,18.5900,1316,2
2026-01-14,601012,13:25:57,18.5900,195,1
2026-01-14,601012,13:26:00,18.5900,383,1
2026-01-14,601012,13:26:03,18.5900,407,1
2026-01-14,601012,13:26:06,18.5900,34,1
2026-01-14,601012,13:26:09,18.5900,190,1
2026-01-14,601012,13:26:12,18.5800,1132,2
2026-01-14,601012,13:26:15,18.5800,72,2
2026-01-14,601012,13:26:18,18.5900,93,1
2026-01-14,601012,13:26:21,18.5900,250,1
2026-01-14,601012,13:26:24,18.5900,386,1
2026-01-14,601012,13:26:27,18.5800,214,2
2026-01-14,601012,13:26:30,18.5800,119,2
2026-01-14,601012,13:26:33,18.5800,491,2
2026-01-14,601012,13:26:36,18.5900,152,1
2026-01-14,601012,13:26:39,18.5800,411,2
2026-01-14,601012,13:26:42,18.5800,649,2
2026-01-14,601012,13:26:45,18.5900,611,1
2026-01-14,601012,13:26:48,18.5800,452,2
2026-01-14,601012,13:26:51,18.5900,669,1
2026-01-14,601012,13:26:54,18.5900,58,2
2026-01-14,601012,13:26:57,18.6000,378,1
2026-01-14,601012,13:27:00,18.6000,1021,1
2026-01-14,601012,13:27:03,18.6000,173,1
2026-01-14,601012,13:27:06,18.6100,92,1
2026-01-14,601012,13:27:09,18.6000,777,2
2026-01-14,601012,13:27:12,18.6000,420,2
2026-01-14,601012,13:27:15,18.6000,211,1
2026-01-14,601012,13:27:18,18.6000,326,1
2026-01-14,601012,13:27:21,18.6000,109,2
2026-01-14,601012,13:27:24,18.6000,173,2
2026-01-14,601012,13:27:27,18.6100,494,1
2026-01-14,601012,13:27:30,18.6000,68,2
2026-01-14,601012,13:27:33,18.6100,587,1
2026-01-14,601012,13:27:36,18.6100,438,2
2026-01-14,601012,13:27:39,18.6100,134,2
2026-01-14,601012,13:27:42,18.6100,417,2
2026-01-14,601012,13:27:45,18.6200,247,1
2026-01-14,601012,13:27:48,18.6200,289,1
2026-01-14,601012,13:27:51,18.6200,61,2
2026-01-14,601012,13:27:54,18.6300,39,1
2026-01-14,601012,13:27:57,18.6300,91,1
2026-01-14,601012,13:28:00,18.6200,152,2
2026-01-14,601012,13:28:03,18.6200,414,2
2026-01-14,601012,13:28:06,18.6400,420,1
2026-01-14,601012,13:28:09,18.6500,250,1
2026-01-14,601012,13:28:12,18.6400,119,2
2026-01-14,601012,13:28:15,18.6500,161,1
2026-01-14,601012,13:28:18,18.6500,506,1
2026-01-14,601012,13:28:21,18.6500,293,1
2026-01-14,601012,13:28:24,18.6500,183,1
2026-01-14,601012,13:28:27,18.6500,671,1
2026-01-14,601012,13:28:30,18.6500,640,2
2026-01-14,601012,13:28:33,18.6400,203,2
2026-01-14,601012,13:28:36,18.6500,255,1
2026-01-14,601012,13:28:39,18.6500,343,1
2026-01-14,601012,13:28:42,18.6600,204,1
2026-01-14,601012,13:28:45,18.6500,326,2
2026-01-14,601012,13:28:48,18.6500,195,1
2026-01-14,601012,13:28:51,18.6500,778,1
2026-01-14,601012,13:28:54,18.6500,362,1
2026-01-14,601012,13:28:57,18.6500,141,1
2026-01-14,601012,13:29:00,18.6500,366,1
2026-01-14,601012,13:29:03,18.6600,616,1
2026-01-14,601012,13:29:06,18.6400,557,2
2026-01-14,601012,13:29:09,18.6400,250,1
2026-01-14,601012,13:29:12,18.6300,392,2
2026-01-14,601012,13:29:15,18.6400,120,1
2026-01-14,601012,13:29:18,18.6400,143,1
2026-01-14,601012,13:29:21,18.6400,136,1
2026-01-14,601012,13:29:24,18.6400,169,1
2026-01-14,601012,13:29:27,18.6300,370,2
2026-01-14,601012,13:29:30,18.6400,148,1
2026-01-14,601012,13:29:33,18.6400,320,1
2026-01-14,601012,13:29:36,18.6400,265,1
2026-01-14,601012,13:29:39,18.6400,100,1
2026-01-14,601012,13:29:42,18.6400,241,2
2026-01-14,601012,13:29:45,18.6400,182,2
2026-01-14,601012,13:29:48,18.6500,358,1
2026-01-14,601012,13:29:51,18.6500,69,1
2026-01-14,601012,13:29:54,18.6500,531,1
2026-01-14,601012,13:29:57,18.6500,140,1
2026-01-14,601012,13:30:00,18.6500,55,1
2026-01-14,601012,13:30:03,18.6500,279,1
2026-01-14,601012,13:30:06,18.6500,343,1
2026-01-14,601012,13:30:09,18.6500,257,2
2026-01-14,601012,13:30:12,18.6500,125,1
2026-01-14,601012,13:30:15,18.6500,457,2
2026-01-14,601012,13:30:18,18.6600,1501,1
2026-01-14,601012,13:30:21,18.6600,153,2
2026-01-14,601012,13:30:24,18.6700,69,1
2026-01-14,601012,13:30:27,18.6600,398,2
2026-01-14,601012,13:30:30,18.6600,298,2
2026-01-14,601012,13:30:33,18.6700,128,1
2026-01-14,601012,13:30:36,18.6700,240,1
2026-01-14,601012,13:30:39,18.6700,198,1
2026-01-14,601012,13:30:42,18.6700,342,1
2026-01-14,601012,13:30:45,18.6700,178,2
2026-01-14,601012,13:30:48,18.6700,58,2
2026-01-14,601012,13:30:51,18.6800,472,1
2026-01-14,601012,13:30:54,18.6800,142,1
2026-01-14,601012,13:30:57,18.6800,514,1
2026-01-14,601012,13:31:00,18.6800,524,1
2026-01-14,601012,13:31:03,18.6800,318,2
2026-01-14,601012,13:31:06,18.6900,408,1
2026-01-14,601012,13:31:09,18.6900,273,1
2026-01-14,601012,13:31:12,18.6900,254,1
2026-01-14,601012,13:31:15,18.6900,383,1
2026-01-14,601012,13:31:18,18.6800,987,2
2026-01-14,601012,13:31:21,18.6800,203,1
2026-01-14,601012,13:31:24,18.6700,2405,2
2026-01-14,601012,13:31:27,18.6600,716,2
2026-01-14,601012,13:31:30,18.6700,299,1
2026-01-14,601012,13:31:33,18.6600,210,1
2026-01-14,601012,13:31:36,18.6600,201,1
2026-01-14,601012,13:31:39,18.6600,282,1
2026-01-14,601012,13:31:42,18.6600,458,1
2026-01-14,601012,13:31:45,18.6600,101,2
2026-01-14,601012,13:31:48,18.6700,1665,1
2026-01-14,601012,13:31:51,18.6600,411,2
2026-01-14,601012,13:31:54,18.6700,490,1
2026-01-14,601012,13:31:57,18.6600,908,2
2026-01-14,601012,13:32:00,18.6500,1024,2
2026-01-14,601012,13:32:03,18.6500,703,2
2026-01-14,601012,13:32:06,18.6500,886,2
2026-01-14,601012,13:32:09,18.6400,601,4
2026-01-14,601012,13:32:12,18.6500,397,1
2026-01-14,601012,13:32:15,18.6500,177,1
2026-01-14,601012,13:32:18,18.6500,647,1
2026-01-14,601012,13:32:21,18.6400,447,2
2026-01-14,601012,13:32:24,18.6400,275,2
2026-01-14,601012,13:32:27,18.6500,348,1
2026-01-14,601012,13:32:30,18.6400,369,2
2026-01-14,601012,13:32:33,18.6500,687,1
2026-01-14,601012,13:32:36,18.6400,178,2
2026-01-14,601012,13:32:39,18.6400,362,1
2026-01-14,601012,13:32:42,18.6300,80,2
2026-01-14,601012,13:32:45,18.6400,135,1
2026-01-14,601012,13:32:48,18.6400,219,1
2026-01-14,601012,13:32:51,18.6300,51,2
2026-01-14,601012,13:32:54,18.6300,643,2
2026-01-14,601012,13:32:57,18.6300,722,2
2026-01-14,601012,13:33:00,18.6300,99,1
2026-01-14,601012,13:33:03,18.6300,198,1
2026-01-14,601012,13:33:06,18.6400,15,1
2026-01-14,601012,13:33:09,18.6400,53,1
2026-01-14,601012,13:33:12,18.6200,306,2
2026-01-14,601012,13:33:15,18.6300,152,1
2026-01-14,601012,13:33:18,18.6300,334,2
2026-01-14,601012,13:33:21,18.6300,234,1
2026-01-14,601012,13:33:24,18.6300,211,2
2026-01-14,601012,13:33:27,18.6300,193,2
2026-01-14,601012,13:33:30,18.6300,58,1
2026-01-14,601012,13:33:33,18.6200,1058,2
2026-01-14,601012,13:33:36,18.6200,83,2
2026-01-14,601012,13:33:39,18.6200,117,1
2026-01-14,601012,13:33:42,18.6100,319,2
2026-01-14,601012,13:33:45,18.6100,98,2
2026-01-14,601012,13:33:48,18.6100,111,2
2026-01-14,601012,13:33:51,18.6100,92,2
2026-01-14,601012,13:33:54,18.6100,247,2
2026-01-14,601012,13:33:57,18.6100,81,2
2026-01-14,601012,13:34:00,18.6100,124,2
2026-01-14,601012,13:34:03,18.6100,103,2
2026-01-14,601012,13:34:06,18.6100,1000,2
2026-01-14,601012,13:34:09,18.6000,665,2
2026-01-14,601012,13:34:12,18.6100,292,1
2026-01-14,601012,13:34:15,18.6100,139,1
2026-01-14,601012,13:34:18,18.6000,528,2
2026-01-14,601012,13:34:21,18.6100,250,1
2026-01-14,601012,13:34:24,18.6100,195,1
2026-01-14,601012,13:34:27,18.6100,163,2
2026-01-14,601012,13:34:30,18.6200,32,1
2026-01-14,601012,13:34:33,18.6100,177,2
2026-01-14,601012,13:34:36,18.6100,114,2
2026-01-14,601012,13:34:39,18.6100,256,2
2026-01-14,601012,13:34:42,18.6100,341,2
2026-01-14,601012,13:34:45,18.6200,101,1
2026-01-14,601012,13:34:48,18.6100,160,2
2026-01-14,601012,13:34:51,18.6200,73,1
2026-01-14,601012,13:34:54,18.6100,649,2
2026-01-14,601012,13:34:57,18.6000,230,2
2026-01-14,601012,13:35:00,18.6100,89,1
2026-01-14,601012,13:35:03,18.6000,223,2
2026-01-14,601012,13:35:06,18.6100,319,1
2026-01-14,601012,13:35:09,18.6100,246,1
2026-01-14,601012,13:35:12,18.6100,257,1
2026-01-14,601012,13:35:15,18.6100,71,1
2026-01-14,601012,13:35:18,18.6100,134,1
2026-01-14,601012,13:35:21,18.6000,252,2
2026-01-14,601012,13:35:24,18.6100,682,1
2026-01-14,601012,13:35:27,18.6100,592,2
2026-01-14,601012,13:35:30,18.6100,210,2
2026-01-14,601012,13:35:33,18.6200,163,1
2026-01-14,601012,13:35:36,18.6200,168,1
2026-01-14,601012,13:35:39,18.6100,316,2
2026-01-14,601012,13:35:42,18.6100,553,2
2026-01-14,601012,13:35:45,18.6100,375,1
2026-01-14,601012,13:35:48,18.6200,148,1
2026-01-14,601012,13:35:51,18.6100,205,2
2026-01-14,601012,13:35:54,18.6100,62,2
2026-01-14,601012,13:35:57,18.6200,450,1
2026-01-14,601012,13:36:00,18.6200,47,2
2026-01-14,601012,13:36:03,18.6200,20,2
2026-01-14,601012,13:36:06,18.6200,12,2
2026-01-14,601012,13:36:09,18.6200,553,2
2026-01-14,601012,13:36:12,18.6300,592,1
2026-01-14,601012,13:36:15,18.6300,54,2
2026-01-14,601012,13:36:18,18.6400,60,1
2026-01-14,601012,13:36:21,18.6400,87,1
2026-01-14,601012,13:36:24,18.6400,324,1
2026-01-14,601012,13:36:27,18.6400,172,1
2026-01-14,601012,13:36:30,18.6400,56,1
2026-01-14,601012,13:36:33,18.6400,201,1
2026-01-14,601012,13:36:36,18.6300,217,2
2026-01-14,601012,13:36:39,18.6600,779,1
2026-01-14,601012,13:36:42,18.6600,386,1
2026-01-14,601012,13:36:45,18.6600,22,1
2026-01-14,601012,13:36:48,18.6600,187,1
2026-01-14,601012,13:36:51,18.6600,99,1
2026-01-14,601012,13:36:54,18.6600,250,1
2026-01-14,601012,13:36:57,18.6700,169,1
2026-01-14,601012,13:37:00,18.6600,30,2
2026-01-14,601012,13:37:03,18.6700,126,1
2026-01-14,601012,13:37:06,18.6700,240,1
2026-01-14,601012,13:37:09,18.6700,174,1
2026-01-14,601012,13:37:12,18.6800,549,1
2026-01-14,601012,13:37:15,18.6800,586,1
2026-01-14,601012,13:37:18,18.6900,243,1
2026-01-14,601012,13:37:21,18.6900,40,1
2026-01-14,601012,13:37:24,18.6900,77,1
2026-01-14,601012,13:37:27,18.6900,201,1
2026-01-14,601012,13:37:30,18.6900,126,1
2026-01-14,601012,13:37:33,18.6900,203,1
2026-01-14,601012,13:37:36,18.6900,102,1
2026-01-14,601012,13:37:39,18.7000,154,1
2026-01-14,601012,13:37:42,18.6900,312,2
2026-01-14,601012,13:37:45,18.6900,111,2
2026-01-14,601012,13:37:48,18.6900,78,2
2026-01-14,601012,13:37:51,18.7000,191,1
2026-01-14,601012,13:37:54,18.7000,253,1
2026-01-14,601012,13:37:57,18.7000,183,1
2026-01-14,601012,13:38:00,18.7000,79,1
2026-01-14,601012,13:38:03,18.6900,217,2
2026-01-14,601012,13:38:06,18.6900,259,2
2026-01-14,601012,13:38:09,18.6900,1169,2
2026-01-14,601012,13:38:12,18.6800,282,2
2026-01-14,601012,13:38:15,18.6900,136,1
2026-01-14,601012,13:38:18,18.6900,238,1
2026-01-14,601012,13:38:21,18.6800,559,2
2026-01-14,601012,13:38:24,18.6800,200,1
2026-01-14,601012,13:38:27,18.6800,116,1
2026-01-14,601012,13:38:30,18.6800,354,1
2026-01-14,601012,13:38:33,18.6800,149,2
2026-01-14,601012,13:38:36,18.6800,476,2
2026-01-14,601012,13:38:39,18.6800,57,1
2026-01-14,601012,13:38:42,18.6700,188,2
2026-01-14,601012,13:38:45,18.6700,170,2
2026-01-14,601012,13:38:48,18.6800,59,1
2026-01-14,601012,13:38:51,18.6800,86,1
2026-01-14,601012,13:38:54,18.6800,209,1
2026-01-14,601012,13:38:57,18.6700,402,2
2026-01-14,601012,13:39:00,18.6700,131,2
2026-01-14,601012,13:39:03,18.6800,267,1
2026-01-14,601012,13:39:06,18.6800,640,2
2026-01-14,601012,13:39:09,18.6800,115,4
2026-01-14,601012,13:39:12,18.6700,178,2
2026-01-14,601012,13:39:15,18.6800,145,1
2026-01-14,601012,13:39:18,18.6800,23,1
2026-01-14,601012,13:39:21,18.6800,1469,1
2026-01-14,601012,13:39:24,18.6700,102,4
2026-01-14,601012,13:39:27,18.6600,151,2
2026-01-14,601012,13:39:30,18.6600,72,2
2026-01-14,601012,13:39:33,18.6700,133,1
2026-01-14,601012,13:39:36,18.6700,168,1
2026-01-14,601012,13:39:39,18.6600,50,2
2026-01-14,601012,13:39:42,18.6600,103,2
2026-01-14,601012,13:39:45,18.6700,151,1
2026-01-14,601012,13:39:48,18.6700,110,1
2026-01-14,601012,13:39:51,18.6600,1159,2
2026-01-14,601012,13:39:54,18.6500,1046,2
2026-01-14,601012,13:39:57,18.6400,236,2
2026-01-14,601012,13:40:00,18.6400,89,2
2026-01-14,601012,13:40:03,18.6500,153,1
2026-01-14,601012,13:40:06,18.6500,134,1
2026-01-14,601012,13:40:09,18.6400,166,2
2026-01-14,601012,13:40:12,18.6500,123,1
2026-01-14,601012,13:40:15,18.6500,50,2
2026-01-14,601012,13:40:18,18.6500,161,2
2026-01-14,601012,13:40:21,18.6500,594,2
2026-01-14,601012,13:40:24,18.6500,498,1
2026-01-14,601012,13:40:27,18.6500,1560,1
2026-01-14,601012,13:40:30,18.6500,258,1
2026-01-14,601012,13:40:33,18.6400,76,1
2026-01-14,601012,13:40:36,18.6400,92,1
2026-01-14,601012,13:40:39,18.6400,204,1
2026-01-14,601012,13:40:42,18.6300,153,2
2026-01-14,601012,13:40:45,18.6400,384,1
2026-01-14,601012,13:40:48,18.6300,175,2
2026-01-14,601012,13:40:51,18.6300,182,2
2026-01-14,601012,13:40:54,18.6300,203,2
2026-01-14,601012,13:40:57,18.6300,135,2
2026-01-14,601012,13:41:00,18.6300,118,2
2026-01-14,601012,13:41:03,18.6400,252,1
2026-01-14,601012,13:41:06,18.6300,369,2
2026-01-14,601012,13:41:09,18.6300,622,2
2026-01-14,601012,13:41:12,18.6300,596,2
2026-01-14,601012,13:41:15,18.6300,184,2
2026-01-14,601012,13:41:18,18.6300,325,2
2026-01-14,601012,13:41:21,18.6400,188,1
2026-01-14,601012,13:41:24,18.6300,138,2
2026-01-14,601012,13:41:27,18.6300,119,2
2026-01-14,601012,13:41:30,18.6400,106,1
2026-01-14,601012,13:41:33,18.6300,178,2
2026-01-14,601012,13:41:36,18.6300,27,2
2026-01-14,601012,13:41:39,18.6400,36,1
2026-01-14,601012,13:41:42,18.6300,455,2
2026-01-14,601012,13:41:45,18.6300,41,2
2026-01-14,601012,13:41:48,18.6300,40,2
2026-01-14,601012,13:41:51,18.6300,139,2
2026-01-14,601012,13:41:54,18.6500,1042,1
2026-01-14,601012,13:41:57,18.6500,27,4
2026-01-14,601012,13:42:00,18.6500,21,2
2026-01-14,601012,13:42:03,18.6500,248,2
2026-01-14,601012,13:42:06,18.6500,88,2
2026-01-14,601012,13:42:09,18.6500,111,2
2026-01-14,601012,13:42:12,18.6500,133,2
2026-01-14,601012,13:42:15,18.6600,487,1
2026-01-14,601012,13:42:18,18.6600,42,1
2026-01-14,601012,13:42:21,18.6600,23,1
2026-01-14,601012,13:42:24,18.6500,187,2
2026-01-14,601012,13:42:27,18.6500,92,2
2026-01-14,601012,13:42:30,18.6600,336,1
2026-01-14,601012,13:42:33,18.6600,10,2
2026-01-14,601012,13:42:36,18.6700,163,1
2026-01-14,601012,13:42:39,18.6800,48,1
2026-01-14,601012,13:42:42,18.6800,15,1
2026-01-14,601012,13:42:45,18.6700,268,2
2026-01-14,601012,13:42:48,18.6800,157,1
2026-01-14,601012,13:42:51,18.6700,565,2
2026-01-14,601012,13:42:54,18.6600,347,2
2026-01-14,601012,13:42:57,18.6500,473,2
2026-01-14,601012,13:43:00,18.6600,853,1
2026-01-14,601012,13:43:03,18.6400,575,2
2026-01-14,601012,13:43:06,18.6500,397,1
2026-01-14,601012,13:43:09,18.6500,112,1
2026-01-14,601012,13:43:12,18.6400,223,2
2026-01-14,601012,13:43:15,18.6500,105,1
2026-01-14,601012,13:43:18,18.6500,62,1
2026-01-14,601012,13:43:21,18.6500,146,1
2026-01-14,601012,13:43:24,18.6500,63,1
2026-01-14,601012,13:43:27,18.6400,93,2
2026-01-14,601012,13:43:30,18.6400,557,2
2026-01-14,601012,13:43:33,18.6400,494,1
2026-01-14,601012,13:43:36,18.6400,749,1
2026-01-14,601012,13:43:39,18.6400,110,1
2026-01-14,601012,13:43:42,18.6400,66,1
2026-01-14,601012,13:43:45,18.6300,652,2
2026-01-14,601012,13:43:48,18.6400,140,1
2026-01-14,601012,13:43:51,18.6400,77,1
2026-01-14,601012,13:43:54,18.6300,125,2
2026-01-14,601012,13:43:57,18.6300,32,2
2026-01-14,601012,13:44:00,18.6300,1329,2
2026-01-14,601012,13:44:03,18.6300,229,1
2026-01-14,601012,13:44:06,18.6200,596,2
2026-01-14,601012,13:44:09,18.6200,748,2
2026-01-14,601012,13:44:12,18.6200,210,1
2026-01-14,601012,13:44:15,18.6200,1087,2
2026-01-14,601012,13:44:18,18.6200,171,2
2026-01-14,601012,13:44:21,18.6200,72,1
2026-01-14,601012,13:44:24,18.6200,1320,1
2026-01-14,601012,13:44:27,18.6300,37,1
2026-01-14,601012,13:44:30,18.6200,1009,2
2026-01-14,601012,13:44:33,18.6300,132,1
2026-01-14,601012,13:44:36,18.6100,129,2
2026-01-14,601012,13:44:39,18.6200,128,1
2026-01-14,601012,13:44:42,18.6100,333,2
2026-01-14,601012,13:44:45,18.6200,63,1
2026-01-14,601012,13:44:48,18.6100,213,2
2026-01-14,601012,13:44:51,18.6200,91,1
2026-01-14,601012,13:44:54,18.6100,204,2
2026-01-14,601012,13:44:57,18.6100,147,2
2026-01-14,601012,13:45:00,18.6100,1018,2
2026-01-14,601012,13:45:03,18.6000,1853,2
2026-01-14,601012,13:45:06,18.6000,5151,2
2026-01-14,601012,13:45:09,18.5900,750,2
2026-01-14,601012,13:45:12,18.6000,868,1
2026-01-14,601012,13:45:15,18.5900,97,4
2026-01-14,601012,13:45:18,18.5900,617,1
2026-01-14,601012,13:45:21,18.5900,165,2
2026-01-14,601012,13:45:24,18.5900,185,2
2026-01-14,601012,13:45:27,18.5800,116,2
2026-01-14,601012,13:45:30,18.5800,641,2
2026-01-14,601012,13:45:33,18.5800,291,2
2026-01-14,601012,13:45:36,18.5900,474,2
2026-01-14,601012,13:45:39,18.5800,204,2
2026-01-14,601012,13:45:42,18.5900,184,1
2026-01-14,601012,13:45:45,18.5900,250,1
2026-01-14,601012,13:45:48,18.5900,85,2
2026-01-14,601012,13:45:51,18.5900,247,2
2026-01-14,601012,13:45:54,18.5900,167,2
2026-01-14,601012,13:45:57,18.5800,301,2
2026-01-14,601012,13:46:00,18.5900,104,1
2026-01-14,601012,13:46:03,18.5900,94,1
2026-01-14,601012,13:46:06,18.5900,127,2
2026-01-14,601012,13:46:09,18.5900,159,2
2026-01-14,601012,13:46:12,18.5900,140,2
2026-01-14,601012,13:46:15,18.5900,116,2
2026-01-14,601012,13:46:18,18.6000,169,1
2026-01-14,601012,13:46:21,18.5900,152,2
2026-01-14,601012,13:46:24,18.5900,99,2
2026-01-14,601012,13:46:27,18.5900,903,2
2026-01-14,601012,13:46:30,18.5900,366,2
2026-01-14,601012,13:46:33,18.5900,107,1
2026-01-14,601012,13:46:36,18.6000,91,1
2026-01-14,601012,13:46:39,18.5900,231,2
2026-01-14,601012,13:46:42,18.5900,70,1
2026-01-14,601012,13:46:45,18.5900,203,2
2026-01-14,601012,13:46:48,18.5900,228,2
2026-01-14,601012,13:46:51,18.6000,791,1
2026-01-14,601012,13:46:54,18.5900,134,2
2026-01-14,601012,13:46:57,18.6000,222,1
2026-01-14,601012,13:47:00,18.6000,106,1
2026-01-14,601012,13:47:03,18.5900,196,2
2026-01-14,601012,13:47:06,18.6000,235,1
2026-01-14,601012,13:47:09,18.5900,92,4
2026-01-14,601012,13:47:12,18.5800,391,2
2026-01-14,601012,13:47:15,18.5900,247,1
2026-01-14,601012,13:47:18,18.5900,780,1
2026-01-14,601012,13:47:21,18.5900,106,2
2026-01-14,601012,13:47:24,18.5900,65,2
2026-01-14,601012,13:47:27,18.5900,268,2
2026-01-14,601012,13:47:30,18.6000,283,1
2026-01-14,601012,13:47:33,18.5900,56,2
2026-01-14,601012,13:47:36,18.5900,133,2
2026-01-14,601012,13:47:39,18.6000,186,1
2026-01-14,601012,13:47:42,18.5900,109,2
2026-01-14,601012,13:47:45,18.5900,344,2
2026-01-14,601012,13:47:48,18.5900,61,2
2026-01-14,601012,13:47:51,18.5900,215,2
2026-01-14,601012,13:47:54,18.6000,96,1
2026-01-14,601012,13:47:57,18.5900,209,2
2026-01-14,601012,13:48:00,18.5900,496,2
2026-01-14,601012,13:48:03,18.5900,89,2
2026-01-14,601012,13:48:06,18.5900,72,2
2026-01-14,601012,13:48:09,18.5900,350,2
2026-01-14,601012,13:48:12,18.5900,174,2
2026-01-14,601012,13:48:15,18.6000,275,1
2026-01-14,601012,13:48:18,18.6000,312,1
2026-01-14,601012,13:48:21,18.5900,253,2
2026-01-14,601012,13:48:24,18.5900,263,2
2026-01-14,601012,13:48:27,18.6000,457,1
2026-01-14,601012,13:48:30,18.5900,169,2
2026-01-14,601012,13:48:33,18.6000,99,1
2026-01-14,601012,13:48:36,18.6000,205,1
2026-01-14,601012,13:48:39,18.6000,187,1
2026-01-14,601012,13:48:42,18.6000,149,1
2026-01-14,601012,13:48:45,18.6000,191,1
2026-01-14,601012,13:48:48,18.6000,45,1
2026-01-14,601012,13:48:51,18.5900,1826,2
2026-01-14,601012,13:48:54,18.6000,575,1
2026-01-14,601012,13:48:57,18.5900,252,2
2026-01-14,601012,13:49:00,18.5900,660,2
2026-01-14,601012,13:49:03,18.5900,168,1
2026-01-14,601012,13:49:06,18.5800,6178,2
2026-01-14,601012,13:49:09,18.5700,1735,2
2026-01-14,601012,13:49:12,18.5600,1252,2
2026-01-14,601012,13:49:15,18.5600,199,2
2026-01-14,601012,13:49:18,18.5700,370,1
2026-01-14,601012,13:49:21,18.5700,586,1
2026-01-14,601012,13:49:24,18.5600,662,2
2026-01-14,601012,13:49:27,18.5600,173,2
2026-01-14,601012,13:49:30,18.5700,249,1
2026-01-14,601012,13:49:33,18.5600,717,2
2026-01-14,601012,13:49:36,18.5500,111,2
2026-01-14,601012,13:49:39,18.5500,337,2
2026-01-14,601012,13:49:42,18.5500,175,2
2026-01-14,601012,13:49:45,18.5500,165,2
2026-01-14,601012,13:49:48,18.5600,209,1
2026-01-14,601012,13:49:51,18.5600,203,1
2026-01-14,601012,13:49:54,18.5600,575,1
2026-01-14,601012,13:49:57,18.5600,159,1
2026-01-14,601012,13:50:00,18.5600,336,1
2026-01-14,601012,13:50:03,18.5600,172,1
2026-01-14,601012,13:50:06,18.5600,287,2
2026-01-14,601012,13:50:09,18.5600,732,1
2026-01-14,601012,13:50:12,18.5500,648,2
2026-01-14,601012,13:50:15,18.5500,1333,2
2026-01-14,601012,13:50:18,18.5600,184,1
2026-01-14,601012,13:50:21,18.5500,84,2
2026-01-14,601012,13:50:24,18.5500,184,2
2026-01-14,601012,13:50:27,18.5700,443,1
2026-01-14,601012,13:50:30,18.5500,145,2
2026-01-14,601012,13:50:33,18.5500,208,2
2026-01-14,601012,13:50:36,18.5600,103,1
2026-01-14,601012,13:50:39,18.5500,2889,2
2026-01-14,601012,13:50:42,18.5600,192,1
2026-01-14,601012,13:50:45,18.5600,97,1
2026-01-14,601012,13:50:48,18.5500,723,2
2026-01-14,601012,13:50:51,18.5500,79,2
2026-01-14,601012,13:50:54,18.5500,503,2
2026-01-14,601012,13:50:57,18.5400,280,2
2026-01-14,601012,13:51:00,18.5500,384,1
2026-01-14,601012,13:51:03,18.5500,547,1
2026-01-14,601012,13:51:06,18.5500,453,2
2026-01-14,601012,13:51:09,18.5600,146,1
2026-01-14,601012,13:51:12,18.5600,139,1
2026-01-14,601012,13:51:15,18.5600,252,2
2026-01-14,601012,13:51:18,18.5600,199,1
2026-01-14,601012,13:51:21,18.5600,73,1
2026-01-14,601012,13:51:24,18.5600,260,2
2026-01-14,601012,13:51:27,18.5600,346,2
2026-01-14,601012,13:51:30,18.5700,364,1
2026-01-14,601012,13:51:33,18.5700,220,1
2026-01-14,601012,13:51:36,18.5700,131,1
2026-01-14,601012,13:51:39,18.5700,330,1
2026-01-14,601012,13:51:42,18.5600,284,2
2026-01-14,601012,13:51:45,18.5700,394,1
2026-01-14,601012,13:51:48,18.5600,2334,2
2026-01-14,601012,13:51:51,18.5500,258,4
2026-01-14,601012,13:51:54,18.5600,361,1
2026-01-14,601012,13:51:57,18.5500,1106,2
2026-01-14,601012,13:52:00,18.5500,235,1
2026-01-14,601012,13:52:03,18.5500,107,2
2026-01-14,601012,13:52:06,18.5600,132,1
2026-01-14,601012,13:52:09,18.5500,576,2
2026-01-14,601012,13:52:12,18.5600,164,1
2026-01-14,601012,13:52:15,18.5600,169,1
2026-01-14,601012,13:52:18,18.5600,37,2
2026-01-14,601012,13:52:21,18.5600,24,2
2026-01-14,601012,13:52:24,18.5600,25,2
2026-01-14,601012,13:52:27,18.5600,32,2
2026-01-14,601012,13:52:30,18.5600,367,2
2026-01-14,601012,13:52:33,18.5600,497,1
2026-01-14,601012,13:52:36,18.5600,594,1
2026-01-14,601012,13:52:39,18.5600,220,1
2026-01-14,601012,13:52:42,18.5500,585,2
2026-01-14,601012,13:52:45,18.5600,151,1
2026-01-14,601012,13:52:48,18.5500,94,2
2026-01-14,601012,13:52:51,18.5600,284,1
2026-01-14,601012,13:52:54,18.5500,590,2
2026-01-14,601012,13:52:57,18.5500,97,2
2026-01-14,601012,13:53:00,18.5600,177,1
2026-01-14,601012,13:53:03,18.5600,111,1
2026-01-14,601012,13:53:06,18.5700,78,1
2026-01-14,601012,13:53:09,18.5600,232,2
2026-01-14,601012,13:53:12,18.5600,170,2
2026-01-14,601012,13:53:15,18.5600,212,2
2026-01-14,601012,13:53:18,18.5600,929,2
2026-01-14,601012,13:53:21,18.5600,195,1
2026-01-14,601012,13:53:24,18.5500,201,2
2026-01-14,601012,13:53:27,18.5600,160,1
2026-01-14,601012,13:53:30,18.5600,295,1
2026-01-14,601012,13:53:33,18.5600,74,2
2026-01-14,601012,13:53:36,18.5600,77,1
2026-01-14,601012,13:53:39,18.5500,113,2
2026-01-14,601012,13:53:42,18.5500,45,2
2026-01-14,601012,13:53:45,18.5600,216,1
2026-01-14,601012,13:53:48,18.5500,78,2
2026-01-14,601012,13:53:51,18.5600,303,1
2026-01-14,601012,13:53:54,18.5600,127,1
2026-01-14,601012,13:53:57,18.5600,274,1
2026-01-14,601012,13:54:00,18.5500,202,2
2026-01-14,601012,13:54:03,18.5600,153,1
2026-01-14,601012,13:54:06,18.5600,9,2
2026-01-14,601012,13:54:09,18.5600,91,2
2026-01-14,601012,13:54:12,18.5600,43,2
2026-01-14,601012,13:54:15,18.5600,460,2
2026-01-14,601012,13:54:18,18.5600,261,2
2026-01-14,601012,13:54:21,18.5600,75,2
2026-01-14,601012,13:54:24,18.5600,345,2
2026-01-14,601012,13:54:27,18.5600,219,1
2026-01-14,601012,13:54:30,18.5600,288,1
2026-01-14,601012,13:54:33,18.5600,854,2
2026-01-14,601012,13:54:36,18.5600,136,1
2026-01-14,601012,13:54:39,18.5600,79,1
2026-01-14,601012,13:54:42,18.5600,412,1
2026-01-14,601012,13:54:45,18.5600,791,1
2026-01-14,601012,13:54:48,18.5600,105,1
2026-01-14,601012,13:54:51,18.5500,248,2
2026-01-14,601012,13:54:54,18.5500,266,2
2026-01-14,601012,13:54:57,18.5600,210,1
2026-01-14,601012,13:55:00,18.5600,156,2
2026-01-14,601012,13:55:03,18.5600,90,2
2026-01-14,601012,13:55:06,18.5600,89,1
2026-01-14,601012,13:55:09,18.5600,212,1
2026-01-14,601012,13:55:12,18.5500,1465,2
2026-01-14,601012,13:55:15,18.5400,1618,2
2026-01-14,601012,13:55:18,18.5500,307,1
2026-01-14,601012,13:55:21,18.5400,4358,2
2026-01-14,601012,13:55:24,18.5200,1240,2
2026-01-14,601012,13:55:27,18.5200,493,2
2026-01-14,601012,13:55:30,18.5200,112,2
2026-01-14,601012,13:55:33,18.5200,917,2
2026-01-14,601012,13:55:36,18.5200,1172,2
2026-01-14,601012,13:55:39,18.5200,250,2
2026-01-14,601012,13:55:42,18.5200,311,1
2026-01-14,601012,13:55:45,18.5100,384,2
2026-01-14,601012,13:55:48,18.5200,2320,1
2026-01-14,601012,13:55:51,18.5200,827,1
2026-01-14,601012,13:55:54,18.5100,487,2
2026-01-14,601012,13:55:57,18.5100,1079,2
2026-01-14,601012,13:56:00,18.5100,347,1
2026-01-14,601012,13:56:03,18.5000,358,2
2026-01-14,601012,13:56:06,18.5000,576,2
2026-01-14,601012,13:56:09,18.5100,216,1
2026-01-14,601012,13:56:12,18.5000,3374,2
2026-01-14,601012,13:56:15,18.5000,232,2
2026-01-14,601012,13:56:18,18.5000,363,2
2026-01-14,601012,13:56:21,18.5100,512,1
2026-01-14,601012,13:56:24,18.5000,303,2
2026-01-14,601012,13:56:27,18.5000,177,2
2026-01-14,601012,13:56:30,18.5000,533,2
2026-01-14,601012,13:56:33,18.5100,214,1
2026-01-14,601012,13:56:36,18.5000,386,2
2026-01-14,601012,13:56:39,18.5000,1000,2
2026-01-14,601012,13:56:42,18.5100,480,1
2026-01-14,601012,13:56:45,18.5100,564,1
2026-01-14,601012,13:56:48,18.5000,1518,2
2026-01-14,601012,13:56:51,18.5000,488,2
2026-01-14,601012,13:56:54,18.5000,622,2
2026-01-14,601012,13:56:57,18.5000,479,2
2026-01-14,601012,13:57:00,18.5000,789,2
2026-01-14,601012,13:57:03,18.5100,393,1
2026-01-14,601012,13:57:06,18.5000,772,2
2026-01-14,601012,13:57:09,18.5000,231,2
2026-01-14,601012,13:57:12,18.5100,597,1
2026-01-14,601012,13:57:15,18.5000,288,2
2026-01-14,601012,13:57:18,18.5100,1086,1
2026-01-14,601012,13:57:21,18.5100,286,1
2026-01-14,601012,13:57:24,18.4900,12213,2
2026-01-14,601012,13:57:27,18.4800,367,2
2026-01-14,601012,13:57:30,18.4800,2194,2
2026-01-14,601012,13:57:33,18.4800,611,2
2026-01-14,601012,13:57:36,18.4800,302,1
2026-01-14,601012,13:57:39,18.4700,446,2
2026-01-14,601012,13:57:42,18.4700,1086,2
2026-01-14,601012,13:57:45,18.4700,548,2
2026-01-14,601012,13:57:48,18.4700,888,1
2026-01-14,601012,13:57:51,18.4700,483,1
2026-01-14,601012,13:57:54,18.4600,697,2
2026-01-14,601012,13:57:57,18.4600,908,2
2026-01-14,601012,13:58:00,18.4600,259,2
2026-01-14,601012,13:58:03,18.4700,471,1
2026-01-14,601012,13:58:06,18.4600,299,2
2026-01-14,601012,13:58:09,18.4600,394,1
2026-01-14,601012,13:58:12,18.4600,211,2
2026-01-14,601012,13:58:15,18.4600,1063,2
2026-01-14,601012,13:58:18,18.4600,2271,2
2026-01-14,601012,13:58:21,18.4600,384,2
2026-01-14,601012,13:58:24,18.4700,197,1
2026-01-14,601012,13:58:27,18.4600,141,2
2026-01-14,601012,13:58:30,18.4600,444,2
2026-01-14,601012,13:58:33,18.4600,230,2
2026-01-14,601012,13:58:36,18.4700,762,1
2026-01-14,601012,13:58:39,18.4600,340,2
2026-01-14,601012,13:58:42,18.4600,1400,2
2026-01-14,601012,13:58:45,18.4600,469,1
2026-01-14,601012,13:58:48,18.4600,121,2
2026-01-14,601012,13:58:51,18.4600,147,2
2026-01-14,601012,13:58:54,18.4600,126,1
2026-01-14,601012,13:58:57,18.4600,1329,1
2026-01-14,601012,13:59:00,18.4500,542,2
2026-01-14,601012,13:59:03,18.4500,1436,2
2026-01-14,601012,13:59:06,18.4500,1538,2
2026-01-14,601012,13:59:09,18.4500,68,1
2026-01-14,601012,13:59:12,18.4500,265,1
2026-01-14,601012,13:59:15,18.4400,899,2
2026-01-14,601012,13:59:18,18.4500,211,1
2026-01-14,601012,13:59:21,18.4400,792,2
2026-01-14,601012,13:59:24,18.4400,1107,1
2026-01-14,601012,13:59:27,18.4400,999,1
2026-01-14,601012,13:59:30,18.4300,363,2
2026-01-14,601012,13:59:33,18.4400,1003,1
2026-01-14,601012,13:59:36,18.4400,543,1
2026-01-14,601012,13:59:39,18.4300,225,2
2026-01-14,601012,13:59:42,18.4300,673,2
2026-01-14,601012,13:59:45,18.4300,397,2
2026-01-14,601012,13:59:48,18.4300,500,2
2026-01-14,601012,13:59:51,18.4300,406,2
2026-01-14,601012,13:59:54,18.4300,1156,2
2026-01-14,601012,13:59:57,18.4300,660,1
2026-01-14,601012,14:00:00,18.4300,388,2
2026-01-14,601012,14:00:03,18.4300,919,2
2026-01-14,601012,14:00:06,18.4300,359,2
2026-01-14,601012,14:00:09,18.4300,363,1
2026-01-14,601012,14:00:12,18.4300,347,1
2026-01-14,601012,14:00:15,18.4200,3786,2
2026-01-14,601012,14:00:18,18.4200,606,1
2026-01-14,601012,14:00:21,18.4200,1494,1
2026-01-14,601012,14:00:24,18.4100,291,2
2026-01-14,601012,14:00:27,18.4100,427,2
2026-01-14,601012,14:00:30,18.4200,465,1
2026-01-14,601012,14:00:33,18.4100,623,2
2026-01-14,601012,14:00:36,18.4100,724,2
2026-01-14,601012,14:00:39,18.4100,497,2
2026-01-14,601012,14:00:42,18.4200,801,1
2026-01-14,601012,14:00:45,18.4100,409,2
2026-01-14,601012,14:00:48,18.4100,839,2
2026-01-14,601012,14:00:51,18.4100,436,2
2026-01-14,601012,14:00:54,18.4100,1005,2
2026-01-14,601012,14:00:57,18.4200,1941,1
2026-01-14,601012,14:01:00,18.4200,468,1
2026-01-14,601012,14:01:03,18.4100,1164,2
2026-01-14,601012,14:01:06,18.4100,486,1
2026-01-14,601012,14:01:09,18.4100,533,2
2026-01-14,601012,14:01:12,18.4100,278,2
2026-01-14,601012,14:01:15,18.4100,1248,2
2026-01-14,601012,14:01:18,18.4100,307,2
2026-01-14,601012,14:01:21,18.4100,1462,1
2026-01-14,601012,14:01:24,18.4200,1025,1
2026-01-14,601012,14:01:27,18.4100,512,2
2026-01-14,601012,14:01:30,18.4200,396,4
2026-01-14,601012,14:01:33,18.4200,269,2
2026-01-14,601012,14:01:36,18.4100,202,2
2026-01-14,601012,14:01:39,18.4300,623,1
2026-01-14,601012,14:01:42,18.4200,876,2
2026-01-14,601012,14:01:45,18.4200,469,2
2026-01-14,601012,14:01:48,18.4300,841,2
2026-01-14,601012,14:01:51,18.4300,397,2
2026-01-14,601012,14:01:54,18.4400,185,4
2026-01-14,601012,14:01:57,18.4500,990,1
2026-01-14,601012,14:02:00,18.4500,122,1
2026-01-14,601012,14:02:03,18.4500,1313,2
2026-01-14,601012,14:02:06,18.4500,273,2
2026-01-14,601012,14:02:09,18.4500,542,2
2026-01-14,601012,14:02:12,18.4600,635,1
2026-01-14,601012,14:02:15,18.4600,818,1
2026-01-14,601012,14:02:18,18.4600,284,1
2026-01-14,601012,14:02:21,18.4600,90,2
2026-01-14,601012,14:02:24,18.4700,411,1
2026-01-14,601012,14:02:27,18.4700,1561,1
2026-01-14,601012,14:02:30,18.4700,513,1
2026-01-14,601012,14:02:33,18.4700,203,1
2026-01-14,601012,14:02:36,18.4600,682,2
2026-01-14,601012,14:02:39,18.4700,1171,1
2026-01-14,601012,14:02:42,18.4500,1812,2
2026-01-14,601012,14:02:45,18.4500,561,1
2026-01-14,601012,14:02:48,18.4500,287,1
2026-01-14,601012,14:02:51,18.4600,370,1
2026-01-14,601012,14:02:54,18.4500,437,2
2026-01-14,601012,14:02:57,18.4400,673,2
2026-01-14,601012,14:03:00,18.4500,326,1
2026-01-14,601012,14:03:03,18.4500,735,1
2026-01-14,601012,14:03:06,18.4500,240,1
2026-01-14,601012,14:03:09,18.4500,295,2
2026-01-14,601012,14:03:12,18.4600,168,1
2026-01-14,601012,14:03:15,18.4600,281,1
2026-01-14,601012,14:03:18,18.4600,173,1
2026-01-14,601012,14:03:21,18.4600,399,1
2026-01-14,601012,14:03:24,18.4600,133,2
2026-01-14,601012,14:03:27,18.4600,313,2
2026-01-14,601012,14:03:30,18.4700,370,1
2026-01-14,601012,14:03:33,18.4700,73,1
2026-01-14,601012,14:03:36,18.4700,245,2
2026-01-14,601012,14:03:39,18.4800,343,1
2026-01-14,601012,14:03:42,18.4800,373,1
2026-01-14,601012,14:03:45,18.4700,435,2
2026-01-14,601012,14:03:48,18.4800,691,1
2026-01-14,601012,14:03:51,18.4700,1047,2
2026-01-14,601012,14:03:54,18.4700,422,1
2026-01-14,601012,14:03:57,18.4600,710,2
2026-01-14,601012,14:04:00,18.4700,271,1
2026-01-14,601012,14:04:03,18.4700,292,1
2026-01-14,601012,14:04:06,18.4700,166,1
2026-01-14,601012,14:04:09,18.4700,79,2
2026-01-14,601012,14:04:12,18.4800,118,1
2026-01-14,601012,14:04:15,18.4800,143,1
2026-01-14,601012,14:04:18,18.4800,130,2
2026-01-14,601012,14:04:21,18.4800,230,2
2026-01-14,601012,14:04:24,18.4900,278,1
2026-01-14,601012,14:04:27,18.4900,63,2
2026-01-14,601012,14:04:30,18.4900,369,2
2026-01-14,601012,14:04:33,18.4900,206,2
2026-01-14,601012,14:04:36,18.4900,988,2
2026-01-14,601012,14:04:39,18.4900,1189,2
2026-01-14,601012,14:04:42,18.4900,808,2
2026-01-14,601012,14:04:45,18.4900,1054,2
2026-01-14,601012,14:04:48,18.5000,1327,1
2026-01-14,601012,14:04:51,18.4900,1379,4
2026-01-14,601012,14:04:54,18.4800,1088,2
2026-01-14,601012,14:04:57,18.4700,816,2
2026-01-14,601012,14:05:00,18.4700,418,1
2026-01-14,601012,14:05:03,18.4800,629,1
2026-01-14,601012,14:05:06,18.4700,180,2
2026-01-14,601012,14:05:09,18.4700,537,2
2026-01-14,601012,14:05:12,18.4800,294,1
2026-01-14,601012,14:05:15,18.4700,940,2
2026-01-14,601012,14:05:18,18.4700,2108,1
2026-01-14,601012,14:05:21,18.4700,396,1
2026-01-14,601012,14:05:24,18.4700,956,1
2026-01-14,601012,14:05:27,18.4400,3116,2
2026-01-14,601012,14:05:30,18.4500,870,1
2026-01-14,601012,14:05:33,18.4300,2493,2
2026-01-14,601012,14:05:36,18.4200,308,2
2026-01-14,601012,14:05:39,18.4300,630,1
2026-01-14,601012,14:05:42,18.4400,182,1
2026-01-14,601012,14:05:45,18.4400,128,4
2026-01-14,601012,14:05:48,18.4400,335,1
2026-01-14,601012,14:05:51,18.4400,264,2
2026-01-14,601012,14:05:54,18.4500,88,1
2026-01-14,601012,14:05:57,18.4500,48,2
2026-01-14,601012,14:06:00,18.4500,55,2
2026-01-14,601012,14:06:03,18.4600,316,1
2026-01-14,601012,14:06:06,18.4500,396,2
2026-01-14,601012,14:06:09,18.4400,731,2
2026-01-14,601012,14:06:12,18.4300,707,2
2026-01-14,601012,14:06:15,18.4400,1091,1
2026-01-14,601012,14:06:18,18.4300,1371,2
2026-01-14,601012,14:06:21,18.4300,207,1
2026-01-14,601012,14:06:24,18.4300,229,1
2026-01-14,601012,14:06:27,18.4300,125,2
2026-01-14,601012,14:06:30,18.4300,1566,2
2026-01-14,601012,14:06:33,18.4200,634,2
2026-01-14,601012,14:06:36,18.4300,205,1
2026-01-14,601012,14:06:39,18.4200,269,2
2026-01-14,601012,14:06:42,18.4300,212,1
2026-01-14,601012,14:06:45,18.4200,134,2
2026-01-14,601012,14:06:48,18.4300,674,1
2026-01-14,601012,14:06:51,18.4400,213,1
2026-01-14,601012,14:06:54,18.4400,125,1
2026-01-14,601012,14:06:57,18.4300,1468,2
2026-01-14,601012,14:07:00,18.4300,126,1
2026-01-14,601012,14:07:03,18.4100,481,2
2026-01-14,601012,10:57:09,18.9800,764,1
2026-01-14,601012,10:57:12,18.9600,108,2
2026-01-14,601012,10:57:15,18.9600,226,2
2026-01-14,601012,10:57:18,18.9600,66,2
2026-01-14,601012,10:57:21,18.9600,149,1
2026-01-14,601012,10:57:24,18.9600,42,1
2026-01-14,601012,10:57:27,18.9500,41,2
2026-01-14,601012,10:57:30,18.9600,112,1
2026-01-14,601012,10:57:33,18.9600,40,1
2026-01-14,601012,10:57:36,18.9500,375,2
2026-01-14,601012,10:57:39,18.9400,605,2
2026-01-14,601012,10:57:42,18.9500,102,2
2026-01-14,601012,10:57:45,18.9500,130,1
2026-01-14,601012,10:57:48,18.9400,14,2
2026-01-14,601012,10:57:51,18.9400,70,2
2026-01-14,601012,10:57:54,18.9400,59,2
2026-01-14,601012,10:57:57,18.9400,71,2
2026-01-14,601012,10:58:00,18.9400,66,2
2026-01-14,601012,10:58:03,18.9400,48,2
2026-01-14,601012,10:58:06,18.9400,65,2
2026-01-14,601012,10:58:09,18.9400,156,2
2026-01-14,601012,10:58:12,18.9500,17,1
2026-01-14,601012,10:58:15,18.9400,132,2
2026-01-14,601012,10:58:18,18.9500,323,1
2026-01-14,601012,10:58:21,18.9400,896,2
2026-01-14,601012,10:58:24,18.9300,107,2
2026-01-14,601012,10:58:27,18.9300,1096,2
2026-01-14,601012,10:58:30,18.9200,100,2
2026-01-14,601012,10:58:33,18.9200,46,2
2026-01-14,601012,10:58:36,18.9300,116,1
2026-01-14,601012,10:58:39,18.9200,155,2
2026-01-14,601012,10:58:42,18.9300,71,1
2026-01-14,601012,10:58:45,18.9200,98,2
2026-01-14,601012,10:58:48,18.9200,82,2
2026-01-14,601012,10:58:51,18.9200,215,2
2026-01-14,601012,10:58:54,18.9200,682,2
2026-01-14,601012,10:58:57,18.9200,61,2
2026-01-14,601012,10:59:00,18.9300,161,1
2026-01-14,601012,10:59:03,18.9300,477,1
2026-01-14,601012,10:59:06,18.9200,94,2
2026-01-14,601012,10:59:09,18.9200,468,2
2026-01-14,601012,10:59:12,18.9400,429,1
2026-01-14,601012,10:59:15,18.9300,82,2
2026-01-14,601012,10:59:18,18.9300,94,2
2026-01-14,601012,10:59:21,18.9300,240,2
2026-01-14,601012,10:59:24,18.9300,219,2
2026-01-14,601012,10:59:27,18.9300,18,2
2026-01-14,601012,10:59:30,18.9300,144,2
2026-01-14,601012,10:59:33,18.9400,237,1
2026-01-14,601012,10:59:36,18.9300,119,2
2026-01-14,601012,10:59:39,18.9400,66,1
2026-01-14,601012,10:59:42,18.9400,84,1
2026-01-14,601012,10:59:45,18.9300,915,2
2026-01-14,601012,10:59:48,18.9300,108,1
2026-01-14,601012,10:59:51,18.9200,96,2
2026-01-14,601012,10:59:54,18.9200,162,2
2026-01-14,601012,10:59:57,18.9200,112,2
2026-01-14,601012,11:00:00,18.9200,47,2
2026-01-14,601012,11:00:03,18.9300,140,1
2026-01-14,601012,11:00:06,18.9200,57,2
2026-01-14,601012,11:00:09,18.9200,166,2
2026-01-14,601012,11:00:12,18.9300,257,1
2026-01-14,601012,11:00:15,18.9200,88,2
2026-01-14,601012,11:00:18,18.9200,294,2
2026-01-14,601012,11:00:21,18.9200,412,2
2026-01-14,601012,11:00:24,18.9200,83,2
2026-01-14,601012,11:00:27,18.9200,37,2
2026-01-14,601012,11:00:30,18.9200,155,2
2026-01-14,601012,11:00:33,18.9200,109,2
2026-01-14,601012,11:00:36,18.9200,61,2
2026-01-14,601012,11:00:39,18.9100,510,2
2026-01-14,601012,11:00:42,18.9200,225,1
2026-01-14,601012,11:00:45,18.9200,30,1
2026-01-14,601012,11:00:48,18.9200,70,1
2026-01-14,601012,11:00:51,18.9100,95,2
2026-01-14,601012,11:00:54,18.9100,76,2
2026-01-14,601012,11:00:57,18.9100,58,2
2026-01-14,601012,11:01:00,18.9100,71,2
2026-01-14,601012,11:01:03,18.9200,307,1
2026-01-14,601012,11:01:06,18.9200,640,1
2026-01-14,601012,11:01:09,18.9200,349,1
2026-01-14,601012,11:01:12,18.9200,190,2
2026-01-14,601012,11:01:15,18.9200,145,2
2026-01-14,601012,11:01:18,18.9200,55,2
2026-01-14,601012,11:01:21,18.9200,107,2
2026-01-14,601012,11:01:24,18.9200,81,2
2026-01-14,601012,11:01:27,18.9200,146,2
2026-01-14,601012,11:01:30,18.9200,75,2
2026-01-14,601012,11:01:33,18.9200,100,2
2026-01-14,601012,11:01:36,18.9200,60,2
2026-01-14,601012,11:01:39,18.9200,211,2
2026-01-14,601012,11:01:42,18.9200,339,2
2026-01-14,601012,11:01:45,18.9200,80,1
2026-01-14,601012,11:01:48,18.9100,65,2
2026-01-14,601012,11:01:51,18.9200,96,1
2026-01-14,601012,11:01:54,18.9100,35,2
2026-01-14,601012,11:01:57,18.9100,2094,2
2026-01-14,601012,11:02:00,18.9200,142,1
2026-01-14,601012,11:02:03,18.9100,160,2
2026-01-14,601012,11:02:06,18.9100,217,2
2026-01-14,601012,11:02:09,18.9100,388,2
2026-01-14,601012,11:02:12,18.9100,328,2
2026-01-14,601012,11:02:15,18.9200,394,1
2026-01-14,601012,11:02:18,18.9100,101,2
2026-01-14,601012,11:02:21,18.9100,762,2
2026-01-14,601012,11:02:24,18.9100,247,2
2026-01-14,601012,11:02:27,18.9200,198,1
2026-01-14,601012,11:02:30,18.9100,443,2
2026-01-14,601012,11:02:33,18.9100,318,2
2026-01-14,601012,11:02:36,18.9100,254,2
2026-01-14,601012,11:02:39,18.9100,113,2
2026-01-14,601012,11:02:42,18.9100,182,2
2026-01-14,601012,11:02:45,18.9200,129,1
2026-01-14,601012,11:02:48,18.9200,86,1
2026-01-14,601012,11:02:51,18.9200,37,1
2026-01-14,601012,11:02:54,18.9100,44,2
2026-01-14,601012,11:02:57,18.9100,110,2
2026-01-14,601012,11:03:00,18.9100,95,2
2026-01-14,601012,11:03:03,18.9200,417,1
2026-01-14,601012,11:03:06,18.9100,96,2
2026-01-14,601012,11:03:09,18.9100,71,2
2026-01-14,601012,11:03:12,18.9100,216,2
2026-01-14,601012,11:03:15,18.9100,153,2
2026-01-14,601012,11:03:18,18.9200,277,1
2026-01-14,601012,11:03:21,18.9200,1816,1
2026-01-14,601012,11:03:24,18.9200,214,1
2026-01-14,601012,11:03:27,18.9200,19,2
2026-01-14,601012,11:03:30,18.9300,167,1
2026-01-14,601012,11:03:33,18.9200,52,2
2026-01-14,601012,11:03:36,18.9200,43,2
2026-01-14,601012,11:03:39,18.9100,870,2
2026-01-14,601012,11:03:42,18.9200,284,1
2026-01-14,601012,11:03:45,18.9200,77,1
2026-01-14,601012,11:03:48,18.9200,105,1
2026-01-14,601012,11:03:51,18.9200,293,1
2026-01-14,601012,11:03:54,18.9200,185,1
2026-01-14,601012,11:03:57,18.9200,433,1
2026-01-14,601012,11:04:00,18.9200,35,2
2026-01-14,601012,11:04:03,18.9300,120,1
2026-01-14,601012,11:04:06,18.9300,53,1
2026-01-14,601012,11:04:09,18.9200,44,2
2026-01-14,601012,11:04:12,18.9300,210,1
2026-01-14,601012,11:04:15,18.9300,90,1
2026-01-14,601012,11:04:18,18.9300,13,1
2026-01-14,601012,11:04:21,18.9300,2899,1
2026-01-14,601012,11:04:24,18.9300,268,2
2026-01-14,601012,11:04:27,18.9400,374,1
2026-01-14,601012,11:04:30,18.9300,250,2
2026-01-14,601012,11:04:33,18.9300,65,2
2026-01-14,601012,11:04:36,18.9300,118,2
2026-01-14,601012,11:04:39,18.9300,62,2
2026-01-14,601012,11:04:42,18.9300,221,2
2026-01-14,601012,11:04:45,18.9300,67,2
2026-01-14,601012,11:04:48,18.9300,171,2
2026-01-14,601012,11:04:51,18.9300,40,2
2026-01-14,601012,11:04:54,18.9200,619,2
2026-01-14,601012,11:04:57,18.9300,27,1
2026-01-14,601012,11:05:00,18.9300,380,1
2026-01-14,601012,11:05:03,18.9300,195,1
2026-01-14,601012,11:05:06,18.9300,373,1
2026-01-14,601012,11:05:09,18.9300,66,1
2026-01-14,601012,11:05:12,18.9300,112,1
2026-01-14,601012,11:05:15,18.9200,97,2
2026-01-14,601012,11:05:18,18.9300,50,1
2026-01-14,601012,11:05:21,18.9200,1302,2
2026-01-14,601012,11:05:24,18.9100,63,2
2026-01-14,601012,11:05:27,18.9200,19,1
2026-01-14,601012,11:05:30,18.9200,192,1
2026-01-14,601012,11:05:33,18.9200,155,1
2026-01-14,601012,11:05:36,18.9200,190,1
2026-01-14,601012,11:05:39,18.9200,394,1
2026-01-14,601012,11:05:42,18.9200,48,1
2026-01-14,601012,11:05:45,18.9200,9,2
2026-01-14,601012,11:05:48,18.9200,28,2
2026-01-14,601012,11:05:51,18.9200,37,2
2026-01-14,601012,11:05:54,18.9200,254,2
2026-01-14,601012,11:05:57,18.9200,11,2
2026-01-14,601012,11:06:00,18.9300,110,1
2026-01-14,601012,11:06:03,18.9300,278,1
2026-01-14,601012,11:06:06,18.9200,650,2
2026-01-14,601012,11:06:09,18.9200,60,2
2026-01-14,601012,11:06:12,18.9200,13,2
2026-01-14,601012,11:06:15,18.9300,168,1
2026-01-14,601012,11:06:18,18.9200,26,2
2026-01-14,601012,11:06:21,18.9300,68,1
2026-01-14,601012,11:06:24,18.9200,104,2
2026-01-14,601012,11:06:27,18.9200,27,2
2026-01-14,601012,11:06:30,18.9200,976,2
2026-01-14,601012,11:06:33,18.9200,164,1
2026-01-14,601012,11:06:36,18.9200,140,1
2026-01-14,601012,11:06:39,18.9200,48,1
2026-01-14,601012,11:06:42,18.9200,73,1
2026-01-14,601012,11:06:45,18.9200,156,2
2026-01-14,601012,11:06:48,18.9200,290,2
2026-01-14,601012,11:06:51,18.9200,132,1
2026-01-14,601012,11:06:54,18.9200,82,1
2026-01-14,601012,11:06:57,18.9100,69,2
2026-01-14,601012,11:07:00,18.9200,49,1
2026-01-14,601012,11:07:03,18.9200,223,1
2026-01-14,601012,11:07:06,18.9200,111,2
2026-01-14,601012,11:07:09,18.9300,15,1
2026-01-14,601012,11:07:12,18.9300,117,1
2026-01-14,601012,11:07:15,18.9200,146,2
2026-01-14,601012,11:07:18,18.9200,41,2
2026-01-14,601012,11:07:21,18.9300,945,1
2026-01-14,601012,11:07:24,18.9200,250,2
2026-01-14,601012,11:07:27,18.9300,23,1
2026-01-14,601012,11:07:30,18.9300,396,1
2026-01-14,601012,11:07:33,18.9300,15,2
2026-01-14,601012,11:07:36,18.9300,103,2
2026-01-14,601012,11:07:39,18.9300,100,2
2026-01-14,601012,11:07:42,18.9300,201,2
2026-01-14,601012,11:07:45,18.9300,57,2
2026-01-14,601012,11:07:48,18.9400,282,1
2026-01-14,601012,11:07:51,18.9400,75,1
2026-01-14,601012,11:07:54,18.9300,510,2
2026-01-14,601012,11:07:57,18.9400,92,1
2026-01-14,601012,11:08:00,18.9300,66,2
2026-01-14,601012,11:08:03,18.9400,385,1
2026-01-14,601012,11:08:06,18.9300,75,2
2026-01-14,601012,11:08:09,18.9300,47,2
2026-01-14,601012,11:08:12,18.9300,714,2
2026-01-14,601012,11:08:15,18.9300,709,2
2026-01-14,601012,11:08:18,18.9300,226,2
2026-01-14,601012,11:08:21,18.9400,262,1
2026-01-14,601012,11:08:24,18.9200,233,2
2026-01-14,601012,11:08:27,18.9300,55,1
2026-01-14,601012,11:08:30,18.9300,26,1
2026-01-14,601012,11:08:33,18.9300,99,1
2026-01-14,601012,11:08:36,18.9300,320,1
2026-01-14,601012,11:08:39,18.9300,142,2
2026-01-14,601012,11:08:42,18.9300,327,2
2026-01-14,601012,11:08:45,18.9400,93,1
2026-01-14,601012,11:08:48,18.9300,34,2
2026-01-14,601012,11:08:51,18.9300,266,2
2026-01-14,601012,11:08:54,18.9300,404,1
2026-01-14,601012,11:08:57,18.9300,155,2
2026-01-14,601012,11:09:00,18.9400,156,1
2026-01-14,601012,11:09:03,18.9400,126,1
2026-01-14,601012,11:09:06,18.9400,728,1
2026-01-14,601012,11:09:09,18.9300,48,2
2026-01-14,601012,11:09:12,18.9300,67,2
2026-01-14,601012,11:09:15,18.9300,90,2
2026-01-14,601012,11:09:18,18.9400,78,1
2026-01-14,601012,11:09:21,18.9400,54,1
2026-01-14,601012,11:09:24,18.9300,73,2
2026-01-14,601012,11:09:27,18.9300,49,2
2026-01-14,601012,11:09:30,18.9300,30,2
2026-01-14,601012,11:09:33,18.9300,87,2
2026-01-14,601012,11:09:36,18.9300,162,2
2026-01-14,601012,11:09:39,18.9300,114,2
2026-01-14,601012,11:09:42,18.9300,153,2
2026-01-14,601012,11:09:45,18.9300,60,2
2026-01-14,601012,11:09:48,18.9300,88,2
2026-01-14,601012,11:09:51,18.9300,191,2
2026-01-14,601012,11:09:54,18.9300,138,2
2026-01-14,601012,11:09:57,18.9400,829,1
2026-01-14,601012,11:10:00,18.9500,5227,1
2026-01-14,601012,11:10:03,18.9400,2000,2
2026-01-14,601012,11:10:06,18.9400,57,2
2026-01-14,601012,11:10:09,18.9300,650,2
2026-01-14,601012,11:10:12,18.9500,169,1
2026-01-14,601012,11:10:15,18.9500,73,2
2026-01-14,601012,11:10:18,18.9500,111,2
2026-01-14,601012,11:10:21,18.9500,56,2
2026-01-14,601012,11:10:24,18.9500,66,2
2026-01-14,601012,11:10:27,18.9500,38,2
2026-01-14,601012,11:10:30,18.9500,121,2
2026-01-14,601012,11:10:33,18.9600,63,1
2026-01-14,601012,11:10:36,18.9600,204,1
2026-01-14,601012,11:10:39,18.9500,178,2
2026-01-14,601012,11:10:42,18.9600,151,1
2026-01-14,601012,11:10:45,18.9600,328,1
2026-01-14,601012,11:10:48,18.9600,143,2
2026-01-14,601012,11:10:51,18.9600,149,2
2026-01-14,601012,11:10:54,18.9600,232,2
2026-01-14,601012,11:10:57,18.9700,129,1
2026-01-14,601012,11:11:00,18.9700,300,1
2026-01-14,601012,11:11:03,18.9700,289,1
2026-01-14,601012,11:11:06,18.9700,793,4
2026-01-14,601012,11:11:09,18.9500,173,2
2026-01-14,601012,11:11:12,18.9600,56,1
2026-01-14,601012,11:11:15,18.9500,1177,2
2026-01-14,601012,11:11:18,18.9600,32,1
2026-01-14,601012,11:11:21,18.9500,409,2
2026-01-14,601012,11:11:24,18.9500,153,2
2026-01-14,601012,11:11:27,18.9600,191,1
2026-01-14,601012,11:11:30,18.9500,141,2
2026-01-14,601012,11:11:33,18.9500,136,2
2026-01-14,601012,11:11:36,18.9600,54,1
2026-01-14,601012,11:11:39,18.9500,156,2
2026-01-14,601012,11:11:42,18.9600,48,1
2026-01-14,601012,11:11:45,18.9500,85,2
2026-01-14,601012,11:11:48,18.9500,156,2
2026-01-14,601012,11:11:51,18.9500,125,2
2026-01-14,601012,11:11:54,18.9400,379,2
2026-01-14,601012,11:11:57,18.9500,73,1
2026-01-14,601012,11:12:00,18.9500,86,1
2026-01-14,601012,11:12:03,18.9500,166,1
2026-01-14,601012,11:12:06,18.9400,102,2
2026-01-14,601012,11:12:09,18.9400,112,2
2026-01-14,601012,11:12:12,18.9400,31,2
2026-01-14,601012,11:12:15,18.9400,786,2
2026-01-14,601012,11:12:18,18.9300,98,2
2026-01-14,601012,11:12:21,18.9400,88,1
2026-01-14,601012,11:12:24,18.9300,529,2
2026-01-14,601012,11:12:27,18.9300,195,2
2026-01-14,601012,11:12:30,18.9300,114,2
2026-01-14,601012,11:12:33,18.9400,541,1
2026-01-14,601012,11:12:36,18.9300,148,2
2026-01-14,601012,11:12:39,18.9200,434,2
2026-01-14,601012,11:12:42,18.9300,471,4
2026-01-14,601012,11:12:45,18.9300,97,1
2026-01-14,601012,11:12:48,18.9400,25,1
2026-01-14,601012,11:12:51,18.9400,85,1
2026-01-14,601012,11:12:54,18.9400,46,1
2026-01-14,601012,11:12:57,18.9300,580,2
2026-01-14,601012,11:13:00,18.9300,587,2
2026-01-14,601012,11:13:03,18.9200,308,2
2026-01-14,601012,11:13:06,18.9200,85,2
2026-01-14,601012,11:13:09,18.9200,205,2
2026-01-14,601012,11:13:12,18.9300,1462,1
2026-01-14,601012,11:13:15,18.9200,151,2
2026-01-14,601012,11:13:18,18.9200,310,2
2026-01-14,601012,11:13:21,18.9200,336,2
2026-01-14,601012,11:13:24,18.9200,261,2
2026-01-14,601012,11:13:27,18.9300,62,1
2026-01-14,601012,11:13:30,18.9300,572,1
2026-01-14,601012,11:13:33,18.9200,327,2
2026-01-14,601012,11:13:36,18.9200,213,2
2026-01-14,601012,11:13:39,18.9300,214,4
2026-01-14,601012,11:13:42,18.9400,102,1
2026-01-14,601012,11:13:45,18.9300,182,2
2026-01-14,601012,11:13:48,18.9400,142,1
2026-01-14,601012,11:13:51,18.9400,64,1
2026-01-14,601012,11:13:54,18.9300,98,2
2026-01-14,601012,11:13:57,18.9300,74,2
2026-01-14,601012,11:14:00,18.9400,101,1
2026-01-14,601012,11:14:03,18.9400,127,1
2026-01-14,601012,11:14:06,18.9400,154,1
2026-01-14,601012,11:14:09,18.9400,218,1
2026-01-14,601012,11:14:12,18.9400,277,1
2026-01-14,601012,11:14:15,18.9500,47,1
2026-01-14,601012,11:14:18,18.9500,141,1
2026-01-14,601012,11:14:21,18.9500,123,1
2026-01-14,601012,11:14:24,18.9400,62,2
2026-01-14,601012,11:14:27,18.9500,29,1
2026-01-14,601012,11:14:30,18.9500,52,1
2026-01-14,601012,11:14:33,18.9500,23,1
2026-01-14,601012,11:14:36,18.9500,326,1
2026-01-14,601012,11:14:39,18.9400,65,2
2026-01-14,601012,11:14:42,18.9400,597,2
2026-01-14,601012,11:14:45,18.9500,103,1
2026-01-14,601012,11:14:48,18.9400,19,2
2026-01-14,601012,11:14:51,18.9500,138,1
2026-01-14,601012,11:14:54,18.9500,188,1
2026-01-14,601012,11:14:57,18.9500,54,1
2026-01-14,601012,11:15:00,18.9400,58,2
2026-01-14,601012,11:15:03,18.9500,119,1
2026-01-14,601012,11:15:06,18.9500,134,1
2026-01-14,601012,11:15:09,18.9400,16,2
2026-01-14,601012,11:15:12,18.9500,11,1
2026-01-14,601012,11:15:15,18.9500,154,1
2026-01-14,601012,11:15:18,18.9400,89,2
2026-01-14,601012,11:15:21,18.9400,29,1
2026-01-14,601012,11:15:24,18.9300,42,2
2026-01-14,601012,11:15:27,18.9400,40,1
2026-01-14,601012,11:15:30,18.9400,86,1
2026-01-14,601012,11:15:33,18.9400,27,1
2026-01-14,601012,11:15:36,18.9300,130,2
2026-01-14,601012,11:15:39,18.9300,23,2
2026-01-14,601012,11:15:42,18.9300,9,2
2026-01-14,601012,11:15:45,18.9300,67,2
2026-01-14,601012,11:15:48,18.9400,155,1
2026-01-14,601012,11:15:51,18.9300,175,2
2026-01-14,601012,11:15:54,18.9300,112,2
2026-01-14,601012,11:15:57,18.9300,72,2
2026-01-14,601012,11:16:00,18.9400,120,1
2026-01-14,601012,11:16:03,18.9400,145,1
2026-01-14,601012,11:16:06,18.9400,450,1
2026-01-14,601012,11:16:09,18.9400,143,2
2026-01-14,601012,11:16:12,18.9400,251,2
2026-01-14,601012,11:16:15,18.9400,189,2
2026-01-14,601012,11:16:18,18.9500,138,1
2026-01-14,601012,11:16:21,18.9400,445,2
2026-01-14,601012,11:16:24,18.9400,310,2
2026-01-14,601012,11:16:27,18.9400,168,2
2026-01-14,601012,11:16:30,18.9500,51,1
2026-01-14,601012,11:16:33,18.9400,81,2
2026-01-14,601012,11:16:36,18.9500,156,1
2026-01-14,601012,11:16:39,18.9400,61,2
2026-01-14,601012,11:16:42,18.9500,168,1
2026-01-14,601012,11:16:45,18.9400,319,2
2026-01-14,601012,11:16:48,18.9400,36,2
2026-01-14,601012,11:16:51,18.9400,59,2
2026-01-14,601012,11:16:54,18.9500,1039,1
2026-01-14,601012,11:16:57,18.9400,185,2
2026-01-14,601012,11:17:00,18.9400,257,2
2026-01-14,601012,11:17:03,18.9400,109,2
2026-01-14,601012,11:17:06,18.9500,181,1
2026-01-14,601012,11:17:09,18.9600,190,1
2026-01-14,601012,11:17:12,18.9600,117,1
2026-01-14,601012,11:17:15,18.9500,422,2
2026-01-14,601012,11:17:18,18.9500,132,1
2026-01-14,601012,11:17:21,18.9500,20,2
2026-01-14,601012,11:17:24,18.9400,177,2
2026-01-14,601012,11:17:27,18.9500,30,1
2026-01-14,601012,11:17:30,18.9500,50,1
2026-01-14,601012,11:17:33,18.9400,28,2
2026-01-14,601012,11:17:36,18.9500,69,1
2026-01-14,601012,11:17:39,18.9400,53,2
2026-01-14,601012,11:17:42,18.9400,69,2
2026-01-14,601012,11:17:45,18.9400,34,2
2026-01-14,601012,11:17:48,18.9500,53,1
2026-01-14,601012,11:17:51,18.9400,212,2
2026-01-14,601012,11:17:54,18.9400,92,2
2026-01-14,601012,11:17:57,18.9400,144,2
2026-01-14,601012,11:18:00,18.9500,210,1
2026-01-14,601012,11:18:03,18.9400,219,2
2026-01-14,601012,11:18:06,18.9500,45,1
2026-01-14,601012,11:18:09,18.9400,99,2
2026-01-14,601012,11:18:12,18.9400,285,2
2026-01-14,601012,11:18:15,18.9500,22,1
2026-01-14,601012,11:18:18,18.9400,22,2
2026-01-14,601012,11:18:21,18.9500,75,1
2026-01-14,601012,11:18:24,18.9400,33,2
2026-01-14,601012,11:18:27,18.9400,128,2
2026-01-14,601012,11:18:30,18.9500,47,1
2026-01-14,601012,11:18:33,18.9400,70,2
2026-01-14,601012,11:18:36,18.9400,133,2
2026-01-14,601012,11:18:39,18.9500,95,1
2026-01-14,601012,11:18:42,18.9500,208,1
2026-01-14,601012,11:18:45,18.9400,51,2
2026-01-14,601012,11:18:48,18.9400,44,2
2026-01-14,601012,11:18:51,18.9300,637,2
2026-01-14,601012,11:18:54,18.9400,34,1
2026-01-14,601012,11:18:57,18.9300,65,2
2026-01-14,601012,11:19:00,18.9400,104,1
2026-01-14,601012,11:19:03,18.9400,393,2
2026-01-14,601012,11:19:06,18.9400,36,2
2026-01-14,601012,11:19:09,18.9500,653,1
2026-01-14,601012,11:19:12,18.9500,1061,1
2026-01-14,601012,11:19:15,18.9400,173,2
2026-01-14,601012,11:19:18,18.9500,338,1
2026-01-14,601012,11:19:21,18.9500,184,2
2026-01-14,601012,11:19:24,18.9600,366,1
2026-01-14,601012,11:19:27,18.9500,358,4
