date,code,time,price,volume,bs
2026-03-19,600036,14:06:49,39.8800,2,1
2026-03-19,600036,14:06:52,39.8800,43,1
2026-03-19,600036,14:06:55,39.8800,36,1
2026-03-19,600036,14:06:58,39.8800,14,1
2026-03-19,600036,14:07:01,39.8800,256,1
2026-03-19,600036,14:07:04,39.8700,34,2
2026-03-19,600036,14:07:07,39.8800,16,1
2026-03-19,600036,14:07:10,39.8700,51,2
2026-03-19,600036,14:07:13,39.8600,545,2
2026-03-19,600036,14:07:16,39.8600,88,1
2026-03-19,600036,14:07:19,39.8600,38,1
2026-03-19,600036,14:07:22,39.8500,72,2
2026-03-19,600036,14:07:25,39.8500,30,2
2026-03-19,600036,14:07:28,39.8500,13,2
2026-03-19,600036,14:07:31,39.8500,11,2
2026-03-19,600036,14:07:34,39.8500,210,2
2026-03-19,600036,14:07:37,39.8500,70,2
2026-03-19,600036,14:07:40,39.8600,80,1
2026-03-19,600036,14:07:43,39.8400,27,2
2026-03-19,600036,14:07:46,39.8500,5,1
2026-03-19,600036,14:07:49,39.8500,42,2
2026-03-19,600036,14:07:52,39.8400,37,2
2026-03-19,600036,14:07:55,39.8400,34,2
2026-03-19,600036,14:07:58,39.8500,85,1
2026-03-19,600036,14:08:01,39.8400,85,2
2026-03-19,600036,14:08:04,39.8500,52,1
2026-03-19,600036,14:08:07,39.8600,8,1
2026-03-19,600036,14:08:10,39.8500,4,2
2026-03-19,600036,14:08:13,39.8600,43,1
2026-03-19,600036,14:08:16,39.8500,42,2
2026-03-19,600036,14:08:19,39.8600,217,1
2026-03-19,600036,14:08:22,39.8500,54,2
2026-03-19,600036,14:08:25,39.8500,3,2
2026-03-19,600036,14:08:28,39.8500,7,2
2026-03-19,600036,14:08:31,39.8600,3,1
2026-03-19,600036,14:08:34,39.8500,41,2
2026-03-19,600036,14:08:37,39.8600,13,1
2026-03-19,600036,14:08:40,39.8500,29,2
2026-03-19,600036,14:08:43,39.8500,4,2
2026-03-19,600036,14:08:46,39.8500,16,2
2026-03-19,600036,14:08:49,39.8500,56,2
2026-03-19,600036,14:08:52,39.8500,25,2
2026-03-19,600036,14:08:55,39.8500,45,2
2026-03-19,600036,14:08:58,39.8600,47,1
2026-03-19,600036,14:09:01,39.8600,65,1
2026-03-19,600036,14:09:04,39.8500,54,2
2026-03-19,600036,14:09:07,39.8600,34,1
2026-03-19,600036,14:09:10,39.8500,14,2
2026-03-19,600036,14:09:13,39.8600,210,1
2026-03-19,600036,14:09:16,39.8600,27,1
2026-03-19,600036,14:09:19,39.8600,42,1
2026-03-19,600036,14:09:22,39.8600,103,2
2026-03-19,600036,14:09:25,39.8600,6,2
2026-03-19,600036,14:09:28,39.8700,3,1
2026-03-19,600036,14:09:31,39.8700,15,1
2026-03-19,600036,14:09:34,39.8600,35,2
2026-03-19,600036,14:09:37,39.8700,23,1
2026-03-19,600036,14:09:40,39.8700,47,1
2026-03-19,600036,14:09:43,39.8600,35,2
2026-03-19,600036,14:09:46,39.8600,46,2
2026-03-19,600036,14:09:49,39.8600,251,2
2026-03-19,600036,14:09:52,39.8600,8,1
2026-03-19,600036,14:09:55,39.8600,10,2
2026-03-19,600036,14:09:58,39.8700,35,1
2026-03-19,600036,14:10:01,39.8600,38,2
2026-03-19,600036,14:10:04,39.8600,21,2
2026-03-19,600036,14:10:10,39.8700,176,1
2026-03-19,600036,14:10:13,39.8700,49,2
2026-03-19,600036,14:10:16,39.8700,196,2
2026-03-19,600036,14:10:19,39.8800,236,1
2026-03-19,600036,14:10:22,39.8600,44,2
2026-03-19,600036,14:10:25,39.8700,116,1
2026-03-19,600036,14:10:28,39.8800,48,1
2026-03-19,600036,14:10:31,39.8800,22,1
2026-03-19,600036,14:10:34,39.8800,75,1
2026-03-19,600036,14:10:37,39.8600,104,2
2026-03-19,600036,14:10:40,39.8700,47,4
2026-03-19,600036,14:10:43,39.8700,3,2
2026-03-19,600036,14:10:46,39.8800,31,1
2026-03-19,600036,14:10:49,39.8700,29,2
2026-03-19,600036,14:10:52,39.8700,10,2
2026-03-19,600036,14:10:55,39.8700,6,2
2026-03-19,600036,14:10:58,39.8700,5,2
2026-03-19,600036,14:11:01,39.8800,53,1
2026-03-19,600036,14:11:04,39.8800,12,1
2026-03-19,600036,14:11:07,39.8700,3,2
2026-03-19,600036,14:11:10,39.8700,14,2
2026-03-19,600036,14:11:13,39.8800,17,1
2026-03-19,600036,14:11:16,39.8700,7,2
2026-03-19,600036,14:11:19,39.8800,55,1
2026-03-19,600036,14:11:22,39.8800,53,1
2026-03-19,600036,14:11:25,39.8700,112,2
2026-03-19,600036,14:11:28,39.8800,57,1
2026-03-19,600036,14:11:31,39.8700,14,2
2026-03-19,600036,14:11:34,39.8800,7,1
2026-03-19,600036,14:11:37,39.8800,21,1
2026-03-19,600036,14:11:40,39.8800,19,1
2026-03-19,600036,14:11:43,39.8800,36,1
2026-03-19,600036,14:11:52,39.8800,23,1
2026-03-19,600036,14:11:55,39.8800,15,1
2026-03-19,600036,14:11:58,39.8700,65,2
2026-03-19,600036,14:12:01,39.8800,31,1
2026-03-19,600036,14:12:04,39.8700,39,2
2026-03-19,600036,14:12:07,39.8700,34,2
2026-03-19,600036,14:12:10,39.8800,2,1
2026-03-19,600036,14:12:13,39.8700,19,2
2026-03-19,600036,14:12:19,39.8800,45,1
2026-03-19,600036,14:12:22,39.8700,16,2
2026-03-19,600036,14:12:25,39.8800,9,1
2026-03-19,600036,14:12:28,39.8700,6,2
2026-03-19,600036,14:12:31,39.8700,4,2
2026-03-19,600036,14:12:34,39.8800,23,1
2026-03-19,600036,14:12:37,39.8800,7,1
2026-03-19,600036,14:12:40,39.8700,39,2
2026-03-19,600036,14:12:43,39.8700,22,2
2026-03-19,600036,14:12:46,39.8700,129,2
2026-03-19,600036,14:12:49,39.8700,13,2
2026-03-19,600036,14:12:52,39.8700,6,2
2026-03-19,600036,14:12:55,39.8500,416,2
2026-03-19,600036,14:12:58,39.8600,103,4
2026-03-19,600036,14:13:01,39.8700,85,1
2026-03-19,600036,14:13:04,39.8700,20,2
2026-03-19,600036,14:13:07,39.8600,14,2
2026-03-19,600036,14:13:10,39.8700,11,1
2026-03-19,600036,14:13:13,39.8600,25,2
2026-03-19,600036,14:13:16,39.8600,16,2
2026-03-19,600036,14:13:19,39.8700,46,1
2026-03-19,600036,14:13:22,39.8600,3,2
2026-03-19,600036,14:13:25,39.8700,42,1
2026-03-19,600036,14:13:28,39.8600,26,2
2026-03-19,600036,14:13:31,39.8600,37,1
2026-03-19,600036,14:13:34,39.8600,15,2
2026-03-19,600036,14:13:37,39.8500,48,2
2026-03-19,600036,14:13:40,39.8600,22,4
2026-03-19,600036,14:13:43,39.8600,15,2
2026-03-19,600036,14:13:46,39.8600,42,2
2026-03-19,600036,14:13:49,39.8600,17,2
2026-03-19,600036,14:13:52,39.8600,93,2
2026-03-19,600036,14:13:55,39.8700,5,1
2026-03-19,600036,14:13:58,39.8700,19,1
2026-03-19,600036,14:14:01,39.8700,75,1
2026-03-19,600036,14:14:04,39.8600,39,2
2026-03-19,600036,14:14:07,39.8600,127,2
2026-03-19,600036,14:14:10,39.8500,42,2
2026-03-19,600036,14:14:13,39.8500,64,2
2026-03-19,600036,14:14:16,39.8600,5,1
2026-03-19,600036,14:14:19,39.8600,156,1
2026-03-19,600036,14:14:22,39.8500,83,2
2026-03-19,600036,14:14:25,39.8500,18,2
2026-03-19,600036,14:14:28,39.8400,1075,2
2026-03-19,600036,14:14:31,39.8500,28,1
2026-03-19,600036,14:14:34,39.8400,184,2
2026-03-19,600036,14:14:37,39.8500,65,1
2026-03-19,600036,14:14:40,39.8400,70,1
2026-03-19,600036,14:14:43,39.8500,16,1
2026-03-19,600036,14:14:46,39.8400,125,2
2026-03-19,600036,14:14:49,39.8400,37,2
2026-03-19,600036,14:14:52,39.8400,25,2
2026-03-19,600036,14:14:55,39.8400,174,2
2026-03-19,600036,14:14:58,39.8500,9,1
2026-03-19,600036,14:15:01,39.8400,55,2
2026-03-19,600036,14:15:04,39.8500,68,1
2026-03-19,600036,14:15:07,39.8500,27,1
2026-03-19,600036,14:15:10,39.8500,55,1
2026-03-19,600036,14:15:13,39.8500,17,1
2026-03-19,600036,14:15:16,39.8400,15,2
2026-03-19,600036,14:15:19,39.8500,59,1
2026-03-19,600036,14:15:22,39.8400,34,2
2026-03-19,600036,14:15:25,39.8400,62,1
2026-03-19,600036,14:15:28,39.8400,88,2
2026-03-19,600036,14:15:31,39.8500,33,1
2026-03-19,600036,14:15:34,39.8300,66,2
2026-03-19,600036,14:15:37,39.8400,10,4
2026-03-19,600036,14:15:40,39.8400,34,2
2026-03-19,600036,14:15:43,39.8500,37,1
2026-03-19,600036,14:15:46,39.8400,62,2
2026-03-19,600036,14:15:49,39.8500,25,1
2026-03-19,600036,14:15:52,39.8400,44,2
2026-03-19,600036,14:15:55,39.8500,181,1
2026-03-19,600036,14:15:58,39.8500,12,1
2026-03-19,600036,14:16:01,39.8500,59,1
2026-03-19,600036,14:16:04,39.8400,197,2
2026-03-19,600036,14:16:07,39.8500,33,1
2026-03-19,600036,14:16:10,39.8500,25,1
2026-03-19,600036,14:16:13,39.8500,40,1
2026-03-19,600036,14:16:16,39.8400,1,2
2026-03-19,600036,14:16:19,39.8500,65,1
2026-03-19,600036,14:16:22,39.8500,196,1
2026-03-19,600036,14:16:25,39.8500,249,1
2026-03-19,600036,14:16:28,39.8500,115,1
2026-03-19,600036,14:16:31,39.8600,21,1
2026-03-19,600036,14:16:34,39.8500,67,2
2026-03-19,600036,14:16:37,39.8600,22,1
2026-03-19,600036,14:16:40,39.8600,38,1
2026-03-19,600036,14:16:43,39.8500,49,2
2026-03-19,600036,14:16:46,39.8700,116,1
2026-03-19,600036,14:16:49,39.8500,75,2
2026-03-19,600036,14:16:52,39.8500,37,2
2026-03-19,600036,14:16:55,39.8500,67,2
2026-03-19,600036,14:16:58,39.8500,70,2
2026-03-19,600036,14:17:01,39.8600,38,1
2026-03-19,600036,14:17:04,39.8600,28,1
2026-03-19,600036,14:17:07,39.8600,61,1
2026-03-19,600036,14:17:10,39.8500,24,2
2026-03-19,600036,14:17:13,39.8600,22,1
2026-03-19,600036,14:17:16,39.8500,40,2
2026-03-19,600036,14:17:19,39.8600,54,1
2026-03-19,600036,14:17:22,39.8500,36,2
2026-03-19,600036,14:17:25,39.8600,114,1
2026-03-19,600036,14:17:28,39.8600,128,2
2026-03-19,600036,14:17:31,39.8500,60,2
2026-03-19,600036,14:17:34,39.8600,84,4
2026-03-19,600036,14:17:37,39.8500,11,2
2026-03-19,600036,14:17:40,39.8500,52,2
2026-03-19,600036,14:17:43,39.8600,55,1
2026-03-19,600036,14:17:46,39.8500,39,2
2026-03-19,600036,14:17:49,39.8600,176,1
2026-03-19,600036,14:17:52,39.8600,26,1
2026-03-19,600036,14:17:55,39.8500,16,2
2026-03-19,600036,14:17:58,39.8400,32,2
2026-03-19,600036,14:18:01,39.8500,45,4
2026-03-19,600036,14:18:04,39.8500,2,1
2026-03-19,600036,14:18:07,39.8400,34,2
2026-03-19,600036,14:18:10,39.8400,10,2
2026-03-19,600036,14:18:13,39.8500,13,1
2026-03-19,600036,14:18:16,39.8400,12,2
2026-03-19,600036,14:18:19,39.8500,82,1
2026-03-19,600036,14:18:22,39.8500,59,1
2026-03-19,600036,14:18:25,39.8500,89,1
2026-03-19,600036,14:18:28,39.8500,28,2
2026-03-19,600036,14:18:31,39.8500,52,2
2026-03-19,600036,14:18:34,39.8600,55,1
2026-03-19,600036,14:18:37,39.8500,30,2
2026-03-19,600036,14:18:40,39.8500,130,2
2026-03-19,600036,14:18:43,39.8600,9,1
2026-03-19,600036,14:18:46,39.8500,14,2
2026-03-19,600036,14:18:49,39.8500,69,2
2026-03-19,600036,14:18:52,39.8500,12,2
2026-03-19,600036,14:18:55,39.8500,64,2
2026-03-19,600036,14:18:58,39.8400,30,2
2026-03-19,600036,14:19:01,39.8500,121,1
2026-03-19,600036,14:19:04,39.8600,95,1
2026-03-19,600036,14:19:07,39.8400,72,2
2026-03-19,600036,14:19:10,39.8500,23,1
2026-03-19,600036,14:19:13,39.8500,14,1
2026-03-19,600036,14:19:16,39.8400,43,2
2026-03-19,600036,14:19:19,39.8500,23,1
2026-03-19,600036,14:19:22,39.8400,26,2
2026-03-19,600036,14:19:25,39.8400,50,2
2026-03-19,600036,14:19:28,39.8400,7,2
2026-03-19,600036,14:19:31,39.8500,25,1
2026-03-19,600036,14:19:34,39.8400,47,2
2026-03-19,600036,14:19:37,39.8400,5,2
2026-03-19,600036,14:19:40,39.8500,151,1
2026-03-19,600036,14:19:43,39.8400,59,2
2026-03-19,600036,14:19:46,39.8400,26,2
2026-03-19,600036,14:19:49,39.8400,107,2
2026-03-19,600036,14:19:52,39.8400,38,2
2026-03-19,600036,14:19:55,39.8400,29,2
2026-03-19,600036,14:19:58,39.8400,31,2
2026-03-19,600036,14:20:01,39.8500,57,1
2026-03-19,600036,14:20:04,39.8300,177,2
2026-03-19,600036,14:20:07,39.8500,230,1
2026-03-19,600036,14:20:10,39.8500,287,1
2026-03-19,600036,14:20:13,39.8500,31,1
2026-03-19,600036,14:20:16,39.8400,140,4
2026-03-19,600036,14:20:19,39.8500,33,1
2026-03-19,600036,14:20:22,39.8500,116,1
2026-03-19,600036,14:20:25,39.8400,29,2
2026-03-19,600036,14:20:28,39.8500,6,1
2026-03-19,600036,14:20:31,39.8500,53,1
2026-03-19,600036,14:20:34,39.8400,108,2
2026-03-19,600036,14:20:37,39.8300,39,2
2026-03-19,600036,14:20:40,39.8400,160,1
2026-03-19,600036,14:20:43,39.8400,34,2
2026-03-19,600036,14:20:46,39.8400,66,2
2026-03-19,600036,14:20:49,39.8300,49,2
2026-03-19,600036,14:20:52,39.8300,26,2
2026-03-19,600036,14:20:55,39.8400,39,1
2026-03-19,600036,14:20:58,39.8300,28,2
2026-03-19,600036,14:21:01,39.8300,31,2
2026-03-19,600036,14:21:04,39.8300,172,2
2026-03-19,600036,14:21:07,39.8300,20,2
2026-03-19,600036,14:21:10,39.8300,168,2
2026-03-19,600036,14:21:13,39.8300,277,2
2026-03-19,600036,14:21:16,39.8300,30,2
2026-03-19,600036,14:21:19,39.8400,72,1
2026-03-19,600036,14:21:22,39.8400,95,4
2026-03-19,600036,14:21:25,39.8400,1384,4
2026-03-19,600036,14:21:31,39.8500,214,1
2026-03-19,600036,14:21:34,39.8400,64,2
2026-03-19,600036,14:21:37,39.8400,44,2
2026-03-19,600036,14:21:40,39.8400,78,2
2026-03-19,600036,14:21:43,39.8400,32,2
2026-03-19,600036,14:21:46,39.8300,21,2
2026-03-19,600036,14:21:49,39.8400,30,2
2026-03-19,600036,14:21:52,39.8400,71,4
2026-03-19,600036,14:21:55,39.8400,35,2
2026-03-19,600036,14:21:58,39.8400,31,2
2026-03-19,600036,14:22:01,39.8400,46,2
2026-03-19,600036,14:22:04,39.8400,23,2
2026-03-19,600036,14:22:07,39.8400,5,2
2026-03-19,600036,14:22:13,39.8400,60,2
2026-03-19,600036,14:22:16,39.8400,63,2
2026-03-19,600036,14:22:19,39.8400,28,1
2026-03-19,600036,14:22:22,39.8300,151,2
2026-03-19,600036,14:22:25,39.8300,122,2
2026-03-19,600036,14:22:28,39.8300,40,2
2026-03-19,600036,14:22:31,39.8300,11,1
2026-03-19,600036,14:22:34,39.8300,36,2
2026-03-19,600036,14:22:37,39.8200,37,2
2026-03-19,600036,14:22:40,39.8200,27,2
2026-03-19,600036,14:22:43,39.8200,46,2
2026-03-19,600036,14:22:46,39.8200,10,2
2026-03-19,600036,14:22:49,39.8200,59,2
2026-03-19,600036,14:22:52,39.8200,16,2
2026-03-19,600036,14:22:55,39.8200,13,2
2026-03-19,600036,14:22:58,39.8200,3,2
2026-03-19,600036,14:23:01,39.8300,28,1
2026-03-19,600036,14:23:04,39.8200,12,2
2026-03-19,600036,14:23:07,39.8200,53,2
2026-03-19,600036,14:23:10,39.8100,103,2
2026-03-19,600036,14:23:13,39.8100,87,2
2026-03-19,600036,14:23:16,39.8000,459,2
2026-03-19,600036,14:23:19,39.8100,53,1
2026-03-19,600036,14:23:22,39.8000,28,2
2026-03-19,600036,14:23:25,39.8100,24,1
2026-03-19,600036,14:23:28,39.8000,72,2
2026-03-19,600036,14:23:31,39.8000,38,2
2026-03-19,600036,14:23:34,39.8100,52,1
2026-03-19,600036,14:23:37,39.8000,50,2
2026-03-19,600036,14:23:40,39.8100,91,1
2026-03-19,600036,14:23:43,39.8000,16,2
2026-03-19,600036,14:23:46,39.8100,469,1
2026-03-19,600036,14:23:49,39.8100,28,2
2026-03-19,600036,14:23:52,39.8200,6,1
2026-03-19,600036,14:23:55,39.8200,16,1
2026-03-19,600036,14:23:58,39.8100,29,2
2026-03-19,600036,14:24:01,39.8200,19,1
2026-03-19,600036,14:24:04,39.8100,17,2
2026-03-19,600036,14:24:07,39.8200,119,1
2026-03-19,600036,14:24:10,39.8200,15,1
2026-03-19,600036,14:24:13,39.8100,26,2
2026-03-19,600036,14:24:16,39.8100,21,2
2026-03-19,600036,14:24:19,39.8200,59,1
2026-03-19,600036,14:24:22,39.8100,36,2
2026-03-19,600036,14:24:25,39.8100,7,2
2026-03-19,600036,14:24:28,39.8100,66,2
2026-03-19,600036,14:24:31,39.8200,51,1
2026-03-19,600036,14:24:34,39.8100,22,2
2026-03-19,600036,14:24:37,39.8100,18,2
2026-03-19,600036,14:24:40,39.8100,25,2
2026-03-19,600036,14:24:43,39.8100,37,2
2026-03-19,600036,14:24:46,39.8100,63,2
2026-03-19,600036,14:24:49,39.8200,30,1
2026-03-19,600036,14:24:52,39.8100,213,2
2026-03-19,600036,14:24:55,39.8100,423,1
2026-03-19,600036,14:24:58,39.8100,73,2
2026-03-19,600036,14:25:01,39.8200,60,1
2026-03-19,600036,14:25:04,39.8100,7,2
2026-03-19,600036,14:25:07,39.8100,71,2
2026-03-19,600036,14:25:10,39.8000,461,2
2026-03-19,600036,14:25:13,39.8000,565,2
2026-03-19,600036,14:25:16,39.8000,2070,2
2026-03-19,600036,14:25:19,39.8100,382,1
2026-03-19,600036,14:25:22,39.8000,45,2
2026-03-19,600036,14:25:25,39.8000,22,2
2026-03-19,600036,14:25:28,39.8000,35,2
2026-03-19,600036,14:25:31,39.8100,37,1
2026-03-19,600036,14:25:34,39.8000,104,2
2026-03-19,600036,14:25:37,39.8100,47,1
2026-03-19,600036,14:25:40,39.8100,156,1
2026-03-19,600036,14:25:43,39.8000,13,2
2026-03-19,600036,14:25:46,39.8000,573,2
2026-03-19,600036,14:25:49,39.8000,425,2
2026-03-19,600036,14:25:52,39.8000,16,1
2026-03-19,600036,14:25:55,39.8000,7,1
2026-03-19,600036,14:25:58,39.7900,5,2
2026-03-19,600036,14:26:01,39.7900,440,2
2026-03-19,600036,14:26:04,39.7900,55,2
2026-03-19,600036,14:26:07,39.7900,195,2
2026-03-19,600036,14:26:10,39.7900,69,2
2026-03-19,600036,14:26:13,39.7900,213,2
2026-03-19,600036,14:26:16,39.7900,86,2
2026-03-19,600036,14:26:19,39.8000,172,1
2026-03-19,600036,14:26:22,39.7900,581,2
2026-03-19,600036,14:26:25,39.7800,171,2
2026-03-19,600036,14:26:28,39.7800,210,2
2026-03-19,600036,14:26:31,39.7800,379,2
2026-03-19,600036,14:26:34,39.7700,494,2
2026-03-19,600036,14:26:37,39.7700,167,2
2026-03-19,600036,14:26:40,39.7700,110,2
2026-03-19,600036,14:26:43,39.7800,61,1
2026-03-19,600036,14:26:46,39.7700,14,2
2026-03-19,600036,14:26:49,39.7800,229,1
2026-03-19,600036,14:26:52,39.7700,77,2
2026-03-19,600036,14:26:55,39.7800,66,1
2026-03-19,600036,14:26:58,39.7700,74,2
2026-03-19,600036,14:27:01,39.7800,133,1
2026-03-19,600036,14:27:04,39.7700,264,2
2026-03-19,600036,14:27:07,39.7700,70,2
2026-03-19,600036,14:27:10,39.7700,1032,2
2026-03-19,600036,14:27:13,39.7800,328,1
2026-03-19,600036,14:27:16,39.7800,155,1
2026-03-19,600036,14:27:19,39.7800,87,1
2026-03-19,600036,14:27:22,39.7800,26,1
2026-03-19,600036,14:27:25,39.7800,84,1
2026-03-19,600036,14:27:28,39.7700,597,2
2026-03-19,600036,14:27:31,39.7800,110,1
2026-03-19,600036,14:27:34,39.7800,37,2
2026-03-19,600036,14:27:37,39.7900,391,1
2026-03-19,600036,14:27:40,39.7800,123,2
2026-03-19,600036,14:27:43,39.7800,21,2
2026-03-19,600036,14:27:46,39.7900,41,1
2026-03-19,600036,14:27:49,39.7900,5,1
2026-03-19,600036,14:27:52,39.7800,63,2
2026-03-19,600036,14:27:55,39.7800,92,2
2026-03-19,600036,14:27:58,39.7800,125,2
2026-03-19,600036,14:28:01,39.7900,65,1
2026-03-19,600036,14:28:04,39.7800,76,2
2026-03-19,600036,14:28:07,39.7900,35,1
2026-03-19,600036,14:28:10,39.7800,97,2
2026-03-19,600036,14:28:13,39.7800,5,2
2026-03-19,600036,14:28:16,39.7800,112,2
2026-03-19,600036,14:28:19,39.7900,67,1
2026-03-19,600036,14:28:22,39.7900,388,1
2026-03-19,600036,14:28:25,39.7900,19,2
2026-03-19,600036,14:28:28,39.7900,70,2
2026-03-19,600036,14:28:31,39.8000,12,1
2026-03-19,600036,14:28:34,39.7900,55,2
2026-03-19,600036,14:28:37,39.7900,162,2
2026-03-19,600036,14:28:40,39.7900,111,2
2026-03-19,600036,14:28:43,39.7900,332,1
2026-03-19,600036,14:28:46,39.8000,21,1
2026-03-19,600036,14:28:49,39.8000,71,1
2026-03-19,600036,14:28:52,39.8000,49,1
2026-03-19,600036,14:28:55,39.7900,69,2
2026-03-19,600036,14:28:58,39.7800,25,2
2026-03-19,600036,14:29:01,39.7900,94,1
2026-03-19,600036,14:29:04,39.7900,53,1
2026-03-19,600036,14:29:07,39.7800,3,2
2026-03-19,600036,14:29:10,39.7800,61,2
2026-03-19,600036,14:29:13,39.7900,12,1
2026-03-19,600036,14:29:16,39.7800,410,2
2026-03-19,600036,14:29:19,39.7900,34,1
2026-03-19,600036,14:29:22,39.7900,12,1
2026-03-19,600036,14:29:25,39.7800,248,2
2026-03-19,600036,14:29:28,39.7800,135,2
2026-03-19,600036,14:29:31,39.7800,49,2
2026-03-19,600036,14:29:34,39.7900,2,1
2026-03-19,600036,14:29:37,39.7900,31,1
2026-03-19,600036,14:29:40,39.7900,61,1
2026-03-19,600036,14:29:43,39.7800,23,2
2026-03-19,600036,14:29:46,39.7900,513,1
2026-03-19,600036,14:29:49,39.7900,150,1
2026-03-19,600036,14:29:52,39.7900,39,2
2026-03-19,600036,14:29:55,39.8000,89,1
2026-03-19,600036,14:29:58,39.8000,16,1
2026-03-19,600036,14:30:01,39.8000,39,1
2026-03-19,600036,14:30:04,39.7900,66,2
2026-03-19,600036,14:30:07,39.7900,71,2
2026-03-19,600036,14:30:10,39.8000,47,1
2026-03-19,600036,14:30:13,39.8000,11,1
2026-03-19,600036,14:30:16,39.7900,38,2
2026-03-19,600036,14:30:19,39.8000,774,1
2026-03-19,600036,14:30:22,39.8000,93,2
2026-03-19,600036,14:30:25,39.8000,209,2
2026-03-19,600036,14:30:28,39.8100,93,1
2026-03-19,600036,14:30:31,39.8000,135,2
2026-03-19,600036,14:30:34,39.8000,92,2
2026-03-19,600036,14:30:37,39.7900,191,2
2026-03-19,600036,14:30:40,39.7900,38,1
2026-03-19,600036,14:30:43,39.7900,6,1
2026-03-19,600036,14:30:46,39.7900,6,1
2026-03-19,600036,14:30:49,39.7800,22,2
2026-03-19,600036,14:30:52,39.7800,40,2
2026-03-19,600036,14:30:55,39.7900,10,1
2026-03-19,600036,14:30:58,39.7900,27,1
2026-03-19,600036,14:31:01,39.7900,34,1
2026-03-19,600036,14:31:04,39.7900,57,1
2026-03-19,600036,14:31:07,39.7800,59,2
2026-03-19,600036,14:31:10,39.7800,73,2
2026-03-19,600036,14:31:13,39.7800,153,2
2026-03-19,600036,14:31:16,39.7900,105,1
2026-03-19,600036,14:31:19,39.7900,948,1
2026-03-19,600036,14:31:22,39.8000,309,1
2026-03-19,600036,14:31:25,39.7900,213,2
2026-03-19,600036,14:31:28,39.8100,75,1
2026-03-19,600036,14:31:31,39.8100,23,1
2026-03-19,600036,14:31:34,39.7900,39,2
2026-03-19,600036,14:31:37,39.7900,223,2
2026-03-19,600036,14:31:40,39.7900,46,1
2026-03-19,600036,14:31:43,39.7900,41,1
2026-03-19,600036,14:31:46,39.7900,2,1
2026-03-19,600036,14:31:49,39.7900,93,1
2026-03-19,600036,14:31:52,39.8000,33,1
2026-03-19,600036,14:31:55,39.8000,39,1
2026-03-19,600036,14:31:58,39.7900,124,2
2026-03-19,600036,14:32:01,39.8000,51,1
2026-03-19,600036,14:32:04,39.8000,437,1
2026-03-19,600036,14:32:07,39.7900,22,2
2026-03-19,600036,14:32:10,39.7900,101,2
2026-03-19,600036,14:32:13,39.8000,3,1
2026-03-19,600036,14:32:16,39.7900,4,2
2026-03-19,600036,14:32:19,39.8000,23,1
2026-03-19,600036,14:32:22,39.7900,40,2
2026-03-19,600036,14:32:25,39.7900,55,2
2026-03-19,600036,14:32:28,39.8000,11,1
2026-03-19,600036,14:32:31,39.8000,14,1
2026-03-19,600036,14:32:34,39.8000,7,1
2026-03-19,600036,14:32:37,39.7900,9,2
2026-03-19,600036,14:32:40,39.8000,37,1
2026-03-19,600036,14:32:43,39.8000,39,1
2026-03-19,600036,14:32:46,39.7900,16,2
2026-03-19,600036,14:32:49,39.7900,15,2
2026-03-19,600036,14:32:52,39.7900,32,2
2026-03-19,600036,14:32:55,39.7900,83,2
2026-03-19,600036,14:32:58,39.7900,28,2
2026-03-19,600036,14:33:01,39.8000,32,1
2026-03-19,600036,14:33:04,39.7900,335,2
2026-03-19,600036,14:33:07,39.7900,256,1
2026-03-19,600036,14:33:10,39.7900,47,1
2026-03-19,600036,14:33:13,39.7800,44,2
2026-03-19,600036,14:33:16,39.7800,13,2
2026-03-19,600036,14:33:19,39.8000,81,1
2026-03-19,600036,14:33:22,39.7900,60,4
2026-03-19,600036,14:33:25,39.8000,74,1
2026-03-19,600036,14:33:28,39.7900,58,2
2026-03-19,600036,14:33:31,39.7900,74,1
2026-03-19,600036,14:33:34,39.8000,151,1
2026-03-19,600036,14:33:37,39.8000,31,1
2026-03-19,600036,14:33:40,39.8000,42,1
2026-03-19,600036,14:33:43,39.7900,43,2
2026-03-19,600036,14:33:46,39.7900,99,2
2026-03-19,600036,14:33:49,39.7900,57,2
2026-03-19,600036,14:33:52,39.7900,5,2
2026-03-19,600036,14:33:55,39.7800,178,2
2026-03-19,600036,14:33:58,39.7900,244,1
2026-03-19,600036,14:34:01,39.7900,130,1
2026-03-19,600036,14:34:04,39.7900,76,1
2026-03-19,600036,14:34:07,39.7800,5,2
2026-03-19,600036,14:34:10,39.7800,34,2
2026-03-19,600036,14:34:13,39.7800,774,2
2026-03-19,600036,14:34:16,39.7800,342,2
2026-03-19,600036,14:34:19,39.7900,62,1
2026-03-19,600036,14:34:22,39.7900,19,1
2026-03-19,600036,14:34:25,39.8000,238,1
2026-03-19,600036,14:34:28,39.8000,102,1
2026-03-19,600036,14:34:31,39.8000,110,1
2026-03-19,600036,14:34:34,39.8000,160,1
2026-03-19,600036,14:34:37,39.8000,758,1
2026-03-19,600036,14:34:40,39.8000,28,2
2026-03-19,600036,14:34:43,39.8100,83,1
2026-03-19,600036,14:34:46,39.8100,110,1
2026-03-19,600036,14:34:49,39.8000,24,2
2026-03-19,600036,14:34:52,39.8000,23,2
2026-03-19,600036,14:34:55,39.8000,10,2
2026-03-19,600036,14:34:58,39.8000,1,2
2026-03-19,600036,14:35:01,39.8100,68,1
2026-03-19,600036,14:35:04,39.8000,24,2
2026-03-19,600036,14:35:07,39.8100,71,1
2026-03-19,600036,14:35:10,39.8100,89,1
2026-03-19,600036,14:35:13,39.8100,58,1
2026-03-19,600036,14:35:16,39.8100,85,1
2026-03-19,600036,14:35:19,39.8000,52,2
2026-03-19,600036,14:35:22,39.8100,167,2
2026-03-19,600036,14:35:25,39.8200,63,1
2026-03-19,600036,14:35:28,39.8100,86,2
2026-03-19,600036,14:35:31,39.8100,99,2
2026-03-19,600036,14:35:34,39.8200,53,1
2026-03-19,600036,14:35:37,39.8000,27,2
2026-03-19,600036,14:35:40,39.8100,25,1
2026-03-19,600036,14:35:43,39.8000,66,2
2026-03-19,600036,14:35:46,39.8000,53,2
2026-03-19,600036,14:35:49,39.7900,236,2
2026-03-19,600036,14:35:52,39.7900,73,2
2026-03-19,600036,14:35:55,39.7900,9,2
2026-03-19,600036,14:35:58,39.8000,23,1
2026-03-19,600036,14:36:01,39.8000,47,1
2026-03-19,600036,14:36:04,39.8000,266,1
2026-03-19,600036,14:36:07,39.7800,98,2
2026-03-19,600036,14:36:10,39.7900,87,2
2026-03-19,600036,14:36:13,39.7900,132,1
2026-03-19,600036,14:36:16,39.8000,56,1
2026-03-19,600036,14:36:19,39.8000,47,1
2026-03-19,600036,14:36:22,39.7900,194,2
2026-03-19,600036,14:36:25,39.7900,21,2
2026-03-19,600036,14:36:28,39.7900,230,2
2026-03-19,600036,14:36:31,39.7900,134,1
2026-03-19,600036,14:36:34,39.7900,92,1
2026-03-19,600036,14:36:37,39.7900,32,2
2026-03-19,600036,14:36:40,39.8000,28,1
2026-03-19,600036,14:36:43,39.8000,93,1
2026-03-19,600036,14:36:46,39.8000,18,1
2026-03-19,600036,14:36:49,39.7900,65,2
2026-03-19,600036,14:36:52,39.7900,78,2
2026-03-19,600036,14:36:55,39.7900,65,2
2026-03-19,600036,14:36:58,39.7900,84,2
2026-03-19,600036,14:37:01,39.7900,115,2
2026-03-19,600036,14:37:04,39.7900,54,2
2026-03-19,600036,14:37:07,39.7900,88,2
2026-03-19,600036,14:37:10,39.7900,102,1
2026-03-19,600036,14:37:13,39.8000,6,1
2026-03-19,600036,14:37:16,39.7900,29,2
2026-03-19,600036,14:37:19,39.8000,109,1
2026-03-19,600036,14:37:22,39.7900,51,2
2026-03-19,600036,14:37:25,39.7900,375,1
2026-03-19,600036,14:37:28,39.7900,198,2
2026-03-19,600036,14:37:31,39.7900,76,2
2026-03-19,600036,14:37:34,39.7800,63,2
2026-03-19,600036,14:37:37,39.7800,627,2
2026-03-19,600036,14:37:40,39.7800,119,1
2026-03-19,600036,14:37:43,39.7700,241,2
2026-03-19,600036,14:37:46,39.7700,276,2
2026-03-19,600036,14:37:49,39.7800,76,1
2026-03-19,600036,14:37:52,39.7700,38,2
2026-03-19,600036,14:37:55,39.7700,40,2
2026-03-19,600036,14:37:58,39.7700,107,2
2026-03-19,600036,14:38:01,39.7800,82,1
2026-03-19,600036,14:38:04,39.7700,45,2
2026-03-19,600036,14:38:07,39.7700,69,2
2026-03-19,600036,14:38:10,39.7800,73,1
2026-03-19,600036,14:38:13,39.7700,52,2
2026-03-19,600036,14:38:16,39.7800,19,1
2026-03-19,600036,14:38:19,39.7700,97,2
2026-03-19,600036,14:38:22,39.7700,24,2
2026-03-19,600036,14:38:25,39.7700,2756,2
2026-03-19,600036,14:38:28,39.7700,951,2
2026-03-19,600036,14:38:31,39.7800,273,1
2026-03-19,600036,14:38:34,39.7700,357,2
2026-03-19,600036,14:38:37,39.7700,1251,2
2026-03-19,600036,14:38:40,39.7700,145,2
2026-03-19,600036,14:38:43,39.7700,92,2
2026-03-19,600036,14:38:46,39.7700,174,2
2026-03-19,600036,14:38:49,39.7800,98,1
2026-03-19,600036,14:38:52,39.7700,112,2
2026-03-19,600036,14:38:55,39.7800,599,1
2026-03-19,600036,14:38:58,39.7700,72,2
2026-03-19,600036,14:39:01,39.7700,579,2
2026-03-19,600036,14:39:04,39.7700,236,1
2026-03-19,600036,14:39:07,39.7800,71,1
2026-03-19,600036,14:39:10,39.7700,58,2
2026-03-19,600036,14:39:13,39.7700,62,2
2026-03-19,600036,14:39:16,39.7700,9,2
2026-03-19,600036,14:39:19,39.7800,50,1
2026-03-19,600036,14:39:22,39.7800,140,1
2026-03-19,600036,14:39:25,39.7800,59,1
2026-03-19,600036,14:39:28,39.7700,94,2
2026-03-19,600036,14:39:31,39.7700,15,2
2026-03-19,600036,14:39:34,39.7700,119,2
2026-03-19,600036,14:39:37,39.7700,203,1
2026-03-19,600036,14:39:40,39.7800,37,1
2026-03-19,600036,14:39:43,39.7800,410,1
2026-03-19,600036,14:39:46,39.7800,69,1
2026-03-19,600036,14:39:49,39.7800,90,1
2026-03-19,600036,14:39:52,39.7800,116,1
2026-03-19,600036,14:39:55,39.7800,66,2
2026-03-19,600036,14:39:58,39.7800,8,2
2026-03-19,600036,14:40:01,39.7900,62,1
2026-03-19,600036,14:40:04,39.7900,299,1
2026-03-19,600036,14:40:07,39.7800,28,2
2026-03-19,600036,14:40:10,39.7900,71,1
2026-03-19,600036,14:40:13,39.7900,59,2
2026-03-19,600036,14:40:16,39.7900,268,2
2026-03-19,600036,14:40:19,39.8000,52,1
2026-03-19,600036,14:40:22,39.7900,76,2
2026-03-19,600036,14:40:25,39.7900,40,2
2026-03-19,600036,14:40:28,39.7800,167,2
2026-03-19,600036,14:40:31,39.7700,438,2
2026-03-19,600036,14:40:34,39.7800,145,1
2026-03-19,600036,14:40:37,39.7800,82,1
2026-03-19,600036,14:40:40,39.7700,62,2
2026-03-19,600036,14:40:43,39.7700,77,2
2026-03-19,600036,14:40:46,39.7700,17,2
2026-03-19,600036,14:40:49,39.7700,19,2
2026-03-19,600036,14:40:52,39.7700,155,2
2026-03-19,600036,14:40:55,39.7700,56,2
2026-03-19,600036,14:40:58,39.7800,165,1
2026-03-19,600036,14:41:01,39.7600,125,2
2026-03-19,600036,14:41:04,39.7700,176,1
2026-03-19,600036,14:41:07,39.7700,48,1
2026-03-19,600036,14:41:10,39.7600,31,2
2026-03-19,600036,14:41:13,39.7600,57,2
2026-03-19,600036,14:41:16,39.7700,42,1
2026-03-19,600036,14:41:19,39.7700,74,1
2026-03-19,600036,14:41:22,39.7700,65,1
2026-03-19,600036,14:41:25,39.7700,48,1
2026-03-19,600036,14:41:28,39.7600,21,2
2026-03-19,600036,14:41:31,39.7700,91,1
2026-03-19,600036,14:41:34,39.7700,71,1
2026-03-19,600036,14:41:37,39.7600,50,2
2026-03-19,600036,14:41:40,39.7700,68,1
2026-03-19,600036,14:41:43,39.7600,29,2
2026-03-19,600036,14:41:46,39.7600,187,2
2026-03-19,600036,14:41:49,39.7700,102,1
2026-03-19,600036,14:41:52,39.7700,241,1
2026-03-19,600036,14:41:55,39.7600,258,2
2026-03-19,600036,14:41:58,39.7600,70,2
2026-03-19,600036,14:42:01,39.7700,539,1
2026-03-19,600036,14:42:04,39.7600,89,2
2026-03-19,600036,14:42:07,39.7600,120,2
2026-03-19,600036,14:42:10,39.7600,39,2
2026-03-19,600036,14:42:13,39.7700,64,1
2026-03-19,600036,14:42:16,39.7700,131,1
2026-03-19,600036,14:42:19,39.7700,99,1
2026-03-19,600036,14:42:22,39.7600,77,2
2026-03-19,600036,14:42:25,39.7700,129,1
2026-03-19,600036,14:42:28,39.7800,636,1
2026-03-19,600036,14:42:31,39.7700,554,2
2026-03-19,600036,14:42:34,39.7700,124,1
2026-03-19,600036,14:42:37,39.7700,328,1
2026-03-19,600036,14:42:40,39.7600,95,2
2026-03-19,600036,14:42:43,39.7700,65,1
2026-03-19,600036,14:42:46,39.7600,219,2
2026-03-19,600036,14:42:49,39.7600,76,2
2026-03-19,600036,14:42:52,39.7600,175,2
2026-03-19,600036,14:42:55,39.7700,53,1
2026-03-19,600036,14:42:58,39.7700,62,1
2026-03-19,600036,14:43:01,39.7700,484,1
2026-03-19,600036,14:43:04,39.7600,56,2
2026-03-19,600036,14:43:07,39.7700,189,1
2026-03-19,600036,14:43:10,39.7700,311,1
2026-03-19,600036,14:43:13,39.7700,384,1
2026-03-19,600036,14:43:16,39.7700,311,2
2026-03-19,600036,14:43:19,39.7700,157,1
2026-03-19,600036,14:43:22,39.7700,168,1
2026-03-19,600036,14:43:25,39.7700,319,1
2026-03-19,600036,14:43:28,39.7700,55,1
2026-03-19,600036,14:43:31,39.7700,72,1
2026-03-19,600036,14:43:34,39.7700,142,2
2026-03-19,600036,14:43:37,39.7700,311,2
2026-03-19,600036,14:43:40,39.7800,73,1
2026-03-19,600036,14:43:43,39.7700,66,2
2026-03-19,600036,14:43:46,39.7700,436,2
2026-03-19,600036,14:43:49,39.7700,5,1
2026-03-19,600036,14:43:52,39.7600,38,2
2026-03-19,600036,14:43:55,39.7600,104,2
2026-03-19,600036,14:43:58,39.7600,48,2
2026-03-19,600036,14:44:01,39.7600,876,2
2026-03-19,600036,14:44:04,39.7600,372,2
2026-03-19,600036,14:44:07,39.7600,380,2
2026-03-19,600036,14:44:10,39.7600,144,2
2026-03-19,600036,14:44:13,39.7700,140,1
2026-03-19,600036,14:44:16,39.7600,99,2
2026-03-19,600036,14:44:19,39.7700,400,1
2026-03-19,600036,14:44:22,39.7600,451,2
2026-03-19,600036,14:44:25,39.7600,69,2
2026-03-19,600036,14:44:28,39.7700,87,1
2026-03-19,600036,14:44:31,39.7700,67,1
2026-03-19,600036,14:44:34,39.7600,272,2
2026-03-19,600036,14:44:37,39.7600,89,2
2026-03-19,600036,14:44:40,39.7700,91,1
2026-03-19,600036,14:44:43,39.7600,25,2
2026-03-19,600036,14:44:46,39.7600,120,2
2026-03-19,600036,14:44:49,39.7600,117,2
2026-03-19,600036,14:44:52,39.7600,274,2
2026-03-19,600036,14:44:55,39.7600,487,2
2026-03-19,600036,14:44:58,39.7700,96,1
2026-03-19,600036,14:45:01,39.7600,609,2
2026-03-19,600036,14:45:04,39.7700,129,1
2026-03-19,600036,14:45:07,39.7600,299,2
2026-03-19,600036,14:45:10,39.7600,499,2
2026-03-19,600036,14:45:13,39.7600,410,1
2026-03-19,600036,14:45:16,39.7600,296,2
2026-03-19,600036,14:45:19,39.7600,244,1
2026-03-19,600036,14:45:22,39.7600,381,1
2026-03-19,600036,14:45:25,39.7600,137,1
2026-03-19,600036,14:45:28,39.7500,100,2
2026-03-19,600036,14:45:31,39.7600,149,1
2026-03-19,600036,14:45:34,39.7600,6,1
2026-03-19,600036,14:45:37,39.7600,234,1
2026-03-19,600036,14:45:40,39.7500,108,2
2026-03-19,600036,14:45:43,39.7600,86,1
2026-03-19,600036,14:45:46,39.7600,404,1
2026-03-19,600036,14:45:49,39.7500,152,2
2026-03-19,600036,14:45:52,39.7500,118,2
2026-03-19,600036,14:45:55,39.7600,143,2
2026-03-19,600036,14:45:58,39.7500,165,2
2026-03-19,600036,14:46:01,39.7500,622,2
2026-03-19,600036,14:46:04,39.7500,202,2
2026-03-19,600036,14:46:07,39.7500,231,2
2026-03-19,600036,14:46:10,39.7500,903,2
2026-03-19,600036,14:46:13,39.7500,2417,2
2026-03-19,600036,14:46:16,39.7500,869,2
2026-03-19,600036,14:46:19,39.7500,2377,2
2026-03-19,600036,14:46:22,39.7400,523,2
2026-03-19,600036,14:46:25,39.7400,90,2
2026-03-19,600036,14:46:28,39.7300,817,2
2026-03-19,600036,14:46:31,39.7200,415,2
2026-03-19,600036,14:46:34,39.7300,227,4
2026-03-19,600036,14:46:37,39.7200,497,2
2026-03-19,600036,14:46:40,39.7300,225,4
2026-03-19,600036,14:46:43,39.7400,161,1
2026-03-19,600036,14:46:46,39.7300,372,2
2026-03-19,600036,14:46:49,39.7300,122,1
2026-03-19,600036,14:46:52,39.7300,425,2
2026-03-19,600036,14:46:55,39.7300,219,2
2026-03-19,600036,14:46:58,39.7300,382,2
2026-03-19,600036,14:47:01,39.7300,1024,2
2026-03-19,600036,14:47:04,39.7400,414,1
2026-03-19,600036,14:47:07,39.7400,474,1
2026-03-19,600036,14:47:10,39.7300,116,2
2026-03-19,600036,14:47:13,39.7300,37,2
2026-03-19,600036,14:47:16,39.7400,113,1
2026-03-19,600036,14:47:19,39.7400,61,1
2026-03-19,600036,14:47:22,39.7400,87,1
2026-03-19,600036,14:47:25,39.7300,215,2
2026-03-19,600036,14:47:28,39.7300,101,2
2026-03-19,600036,14:47:31,39.7400,217,1
2026-03-19,600036,14:47:34,39.7400,209,1
2026-03-19,600036,14:47:37,39.7400,132,1
2026-03-19,600036,14:47:40,39.7300,214,2
2026-03-19,600036,14:47:43,39.7200,180,2
2026-03-19,600036,14:47:46,39.7300,153,4
2026-03-19,600036,14:47:49,39.7300,269,1
2026-03-19,600036,14:47:52,39.7300,87,4
2026-03-19,600036,14:47:55,39.7400,88,1
2026-03-19,600036,14:47:58,39.7300,640,2
2026-03-19,600036,14:48:01,39.7300,1389,2
2026-03-19,600036,14:48:04,39.7300,384,1
2026-03-19,600036,14:48:07,39.7300,58,1
2026-03-19,600036,14:48:10,39.7300,767,2
2026-03-19,600036,14:48:13,39.7400,210,1
2026-03-19,600036,14:48:16,39.7300,147,2
2026-03-19,600036,14:48:19,39.7300,87,2
2026-03-19,600036,14:48:22,39.7300,76,2
2026-03-19,600036,14:48:25,39.7400,1066,2
2026-03-19,600036,14:48:28,39.7400,111,1
2026-03-19,600036,14:48:31,39.7300,27,2
2026-03-19,600036,14:48:34,39.7300,66,2
2026-03-19,600036,14:48:37,39.7300,441,2
2026-03-19,600036,14:48:40,39.7400,282,1
2026-03-19,600036,14:48:43,39.7400,100,2
2026-03-19,600036,14:48:46,39.7500,218,1
2026-03-19,600036,14:48:49,39.7300,94,2
2026-03-19,600036,14:48:52,39.7400,560,4
2026-03-19,600036,14:48:55,39.7400,102,2
2026-03-19,600036,14:48:58,39.7400,308,1
2026-03-19,600036,14:49:01,39.7400,1248,1
2026-03-19,600036,14:49:04,39.7400,288,1
2026-03-19,600036,14:49:07,39.7200,137,2
2026-03-19,600036,14:49:10,39.7300,65,1
2026-03-19,600036,14:49:13,39.7400,211,1
2026-03-19,600036,14:49:16,39.7300,124,2
2026-03-19,600036,14:49:19,39.7400,186,1
2026-03-19,600036,14:49:22,39.7300,179,2
2026-03-19,600036,14:49:25,39.7300,82,2
2026-03-19,600036,14:49:28,39.7300,515,2
2026-03-19,600036,14:49:31,39.7300,342,2
2026-03-19,600036,14:49:34,39.7400,118,4
2026-03-19,600036,14:49:37,39.7300,23,2
2026-03-19,600036,14:49:40,39.7300,145,2
2026-03-19,600036,14:49:43,39.7300,134,2
2026-03-19,600036,14:49:46,39.7300,304,2
2026-03-19,600036,14:49:49,39.7300,507,4
2026-03-19,600036,14:49:52,39.7300,54,2
2026-03-19,600036,14:49:55,39.7400,162,4
2026-03-19,600036,14:49:58,39.7400,92,2
2026-03-19,600036,14:50:01,39.7400,1262,2
2026-03-19,600036,14:50:04,39.7400,358,2
2026-03-19,600036,14:50:07,39.7500,360,4
2026-03-19,600036,14:50:10,39.7500,131,1
2026-03-19,600036,14:50:13,39.7600,74,1
2026-03-19,600036,14:50:16,39.7500,200,2
2026-03-19,600036,14:50:19,39.7400,268,2
2026-03-19,600036,14:50:22,39.7500,83,1
2026-03-19,600036,14:50:25,39.7600,777,1
2026-03-19,600036,14:50:28,39.7500,292,1
2026-03-19,600036,14:50:31,39.7500,32,2
2026-03-19,600036,14:50:34,39.7500,165,4
2026-03-19,600036,14:50:37,39.7600,107,1
2026-03-19,600036,14:50:40,39.7500,44,2
2026-03-19,600036,14:50:43,39.7600,168,1
2026-03-19,600036,14:50:46,39.7700,447,1
2026-03-19,600036,14:50:49,39.7600,117,2
2026-03-19,600036,14:50:52,39.7600,248,4
2026-03-19,600036,14:50:55,39.7700,160,1
2026-03-19,600036,14:50:58,39.7600,192,4
2026-03-19,600036,14:51:01,39.7700,1474,1
2026-03-19,600036,14:51:04,39.7500,770,2
2026-03-19,600036,14:51:07,39.7700,60,1
2026-03-19,600036,14:51:10,39.7700,479,2
2026-03-19,600036,14:51:13,39.7700,229,2
2026-03-19,600036,14:51:16,39.7700,220,2
2026-03-19,600036,14:51:19,39.7900,548,1
2026-03-19,600036,14:51:22,39.7800,318,2
2026-03-19,600036,14:51:25,39.7700,774,2
2026-03-19,600036,14:51:28,39.7700,314,2
2026-03-19,600036,14:51:31,39.8100,184,1
2026-03-19,600036,14:51:34,39.7700,214,2
2026-03-19,600036,14:51:37,39.7700,422,2
2026-03-19,600036,14:51:40,39.7600,372,2
2026-03-19,600036,14:51:43,39.7800,139,1
2026-03-19,600036,14:51:46,39.7800,303,4
2026-03-19,600036,14:51:49,39.7900,180,1
2026-03-19,600036,14:51:52,39.8000,204,1
2026-03-19,600036,14:51:55,39.7900,253,4
2026-03-19,600036,14:51:58,39.7900,91,2
2026-03-19,600036,14:52:01,39.8000,437,1
2026-03-19,600036,14:52:04,39.8100,552,1
2026-03-19,600036,14:52:07,39.8000,147,4
2026-03-19,600036,14:52:10,39.8000,142,2
2026-03-19,600036,14:52:13,39.8000,697,2
2026-03-19,600036,14:52:16,39.8000,130,2
2026-03-19,600036,14:52:19,39.8100,185,4
2026-03-19,600036,14:52:22,39.8200,145,1
2026-03-19,600036,14:52:25,39.8100,82,2
2026-03-19,600036,14:52:28,39.8200,192,1
2026-03-19,600036,14:52:31,39.8200,144,1
2026-03-19,600036,14:52:34,39.8100,40,2
2026-03-19,600036,14:52:37,39.8200,199,1
2026-03-19,600036,14:52:40,39.8100,560,2
2026-03-19,600036,14:52:43,39.8300,378,1
2026-03-19,600036,14:52:46,39.8100,659,2
2026-03-19,600036,14:52:49,39.8300,83,1
2026-03-19,600036,14:52:52,39.8100,229,2
2026-03-19,600036,14:52:55,39.8100,135,2
2026-03-19,600036,14:52:58,39.8300,166,1
2026-03-19,600036,14:53:01,39.8200,248,4
2026-03-19,600036,14:53:04,39.8400,234,1
2026-03-19,600036,14:53:07,39.8300,194,2
2026-03-19,600036,14:53:10,39.8400,218,1
2026-03-19,600036,14:53:13,39.8200,875,2
2026-03-19,600036,14:53:16,39.8400,94,2
2026-03-19,600036,14:53:19,39.8200,1126,2
2026-03-19,600036,14:53:22,39.8300,198,4
2026-03-19,600036,14:53:25,39.8200,334,2
2026-03-19,600036,14:53:28,39.8200,203,2
2026-03-19,600036,14:53:31,39.8400,3175,1
2026-03-19,600036,14:53:34,39.8300,186,2
2026-03-19,600036,14:53:37,39.8300,53,2
2026-03-19,600036,14:53:40,39.8200,246,2
2026-03-19,600036,14:53:43,39.8000,120,2
2026-03-19,600036,14:53:46,39.8200,143,1
2026-03-19,600036,14:53:49,39.8000,380,2
2026-03-19,600036,14:53:52,39.8100,73,2
2026-03-19,600036,14:53:55,39.8000,465,2
2026-03-19,600036,14:53:58,39.8200,68,4
2026-03-19,600036,14:54:01,39.8300,144,1
2026-03-19,600036,14:54:04,39.8100,274,2
2026-03-19,600036,14:54:07,39.8200,7,4
2026-03-19,600036,14:54:10,39.8300,114,1
2026-03-19,600036,14:54:13,39.8200,76,2
2026-03-19,600036,14:54:16,39.8300,98,1
2026-03-19,600036,14:54:19,39.8400,376,1
2026-03-19,600036,14:54:22,39.8400,815,1
2026-03-19,600036,14:54:25,39.8300,56,4
2026-03-19,600036,14:54:28,39.8200,152,2
2026-03-19,600036,14:54:31,39.8300,686,2
2026-03-19,600036,14:54:34,39.8200,154,1
2026-03-19,600036,14:54:37,39.8200,45,2
2026-03-19,600036,14:54:40,39.8100,186,2
2026-03-19,600036,14:54:43,39.8200,23,4
2026-03-19,600036,14:54:46,39.8200,37,2
2026-03-19,600036,14:54:49,39.8200,262,2
2026-03-19,600036,14:54:52,39.8300,358,1
2026-03-19,600036,14:54:55,39.8300,63,2
2026-03-19,600036,14:54:58,39.8200,208,2
2026-03-19,600036,14:55:01,39.8300,119,1
2026-03-19,600036,14:55:04,39.8200,578,2
2026-03-19,600036,14:55:07,39.8300,181,4
2026-03-19,600036,14:55:10,39.8500,524,1
2026-03-19,600036,14:55:13,39.8300,146,2
2026-03-19,600036,14:55:16,39.8300,342,2
2026-03-19,600036,14:55:19,39.8300,197,2
2026-03-19,600036,14:55:22,39.8300,64,1
2026-03-19,600036,14:55:25,39.8300,177,2
2026-03-19,600036,14:55:28,39.8300,83,2
2026-03-19,600036,14:55:31,39.8300,168,2
2026-03-19,600036,14:55:34,39.8400,457,1
2026-03-19,600036,14:55:37,39.8500,283,1
2026-03-19,600036,14:55:40,39.8600,255,1
2026-03-19,600036,14:55:43,39.8400,420,2
2026-03-19,600036,14:55:46,39.8400,344,1
2026-03-19,600036,14:55:49,39.8400,228,2
2026-03-19,600036,14:55:52,39.8400,44,4
2026-03-19,600036,14:55:55,39.8400,27,1
2026-03-19,600036,14:55:58,39.8400,111,1
2026-03-19,600036,14:56:01,39.8400,269,1
2026-03-19,600036,14:56:04,39.8000,553,2
2026-03-19,600036,14:56:07,39.8300,25,1
2026-03-19,600036,14:56:10,39.8300,51,2
2026-03-19,600036,14:56:13,39.8300,66,1
2026-03-19,600036,14:56:16,39.8300,87,1
2026-03-19,600036,14:56:19,39.8300,110,1
2026-03-19,600036,14:56:22,39.7700,634,2
2026-03-19,600036,14:56:25,39.8400,183,1
2026-03-19,600036,14:56:28,39.8000,6,2
2026-03-19,600036,14:56:31,39.8200,51,1
2026-03-19,600036,14:56:34,39.7800,4,2
2026-03-19,600036,14:56:37,39.7800,93,2
2026-03-19,600036,14:56:40,39.7900,80,4
2026-03-19,600036,14:56:43,39.7700,40,2
2026-03-19,600036,14:56:46,39.7600,125,2
2026-03-19,600036,14:56:49,39.7900,22,1
2026-03-19,600036,14:56:52,39.7600,117,2
2026-03-19,600036,14:56:55,39.8000,7,1
2026-03-19,600036,14:56:58,39.8000,5,2
2026-03-19,600036,14:57:01,39.8200,22,1
2026-03-19,600036,15:00:04,39.7700,7365,4
2026-03-19,600036,13:15:37,39.8400,302,2
2026-03-19,600036,13:15:40,39.8300,47,2
2026-03-19,600036,13:15:43,39.8200,97,4
2026-03-19,600036,13:15:46,39.8400,74,1
2026-03-19,600036,13:15:49,39.8500,58,1
2026-03-19,600036,13:15:52,39.8400,48,1
2026-03-19,600036,13:15:55,39.8500,2,1
2026-03-19,600036,13:15:58,39.8400,16,2
2026-03-19,600036,13:16:01,39.8500,55,1
2026-03-19,600036,13:16:04,39.8400,44,2
2026-03-19,600036,13:16:07,39.8400,44,2
2026-03-19,600036,13:16:13,39.8400,6,2
2026-03-19,600036,13:16:16,39.8400,49,2
2026-03-19,600036,13:16:19,39.8400,21,2
2026-03-19,600036,13:16:22,39.8400,12,2
2026-03-19,600036,13:16:25,39.8400,36,2
2026-03-19,600036,13:16:28,39.8400,15,2
2026-03-19,600036,13:16:31,39.8500,44,1
2026-03-19,600036,13:16:34,39.8400,26,2
2026-03-19,600036,13:16:37,39.8500,32,1
2026-03-19,600036,13:16:40,39.8400,3,2
2026-03-19,600036,13:16:43,39.8400,21,2
2026-03-19,600036,13:16:46,39.8500,57,1
2026-03-19,600036,13:16:49,39.8500,45,1
2026-03-19,600036,13:16:52,39.8500,13,1
2026-03-19,600036,13:16:55,39.8400,3,2
2026-03-19,600036,13:16:58,39.8400,37,2
2026-03-19,600036,13:17:01,39.8500,20,1
2026-03-19,600036,13:17:04,39.8500,71,1
2026-03-19,600036,13:17:07,39.8400,146,2
2026-03-19,600036,13:17:10,39.8400,38,2
2026-03-19,600036,13:17:13,39.8400,9,2
2026-03-19,600036,13:17:16,39.8400,26,2
2026-03-19,600036,13:17:19,39.8500,103,1
2026-03-19,600036,13:17:22,39.8500,537,1
2026-03-19,600036,13:17:25,39.8700,192,1
2026-03-19,600036,13:17:28,39.8600,92,2
2026-03-19,600036,13:17:31,39.8700,88,1
2026-03-19,600036,13:17:34,39.8700,412,2
2026-03-19,600036,13:17:37,39.8800,203,1
2026-03-19,600036,13:17:40,39.8800,119,1
2026-03-19,600036,13:17:43,39.8800,51,2
2026-03-19,600036,13:17:46,39.8800,70,2
2026-03-19,600036,13:17:49,39.8800,36,2
2026-03-19,600036,13:17:52,39.8800,54,2
2026-03-19,600036,13:17:55,39.8900,22,1
2026-03-19,600036,13:17:58,39.8900,136,1
2026-03-19,600036,13:18:01,39.8800,92,2
2026-03-19,600036,13:18:04,39.8900,46,1
2026-03-19,600036,13:18:07,39.8900,5,1
2026-03-19,600036,13:18:10,39.8900,47,1
2026-03-19,600036,13:18:13,39.8800,13,2
2026-03-19,600036,13:18:16,39.8900,9,1
2026-03-19,600036,13:18:19,39.8900,164,1
2026-03-19,600036,13:18:22,39.8900,97,1
2026-03-19,600036,13:18:25,39.8800,18,2
2026-03-19,600036,13:18:28,39.8900,40,1
2026-03-19,600036,13:18:31,39.8900,9,1
2026-03-19,600036,13:18:34,39.8900,115,1
2026-03-19,600036,13:18:37,39.8800,12,2
2026-03-19,600036,13:18:40,39.8800,1,2
2026-03-19,600036,13:18:43,39.8800,25,2
2026-03-19,600036,13:18:46,39.8800,35,2
2026-03-19,600036,13:18:49,39.8800,3,2
2026-03-19,600036,13:18:52,39.8800,3,2
2026-03-19,600036,13:18:55,39.8900,2,1
2026-03-19,600036,13:19:01,39.8900,25,1
2026-03-19,600036,13:19:04,39.8900,12,1
2026-03-19,600036,13:19:07,39.8900,2,1
2026-03-19,600036,13:19:10,39.8900,4,1
2026-03-19,600036,13:19:13,39.8800,11,2
2026-03-19,600036,13:19:16,39.8800,11,2
2026-03-19,600036,13:19:19,39.8900,1,1
2026-03-19,600036,13:19:22,39.8900,8,1
2026-03-19,600036,13:19:25,39.8800,23,2
2026-03-19,600036,13:19:28,39.8800,9,2
2026-03-19,600036,13:19:31,39.8900,172,1
2026-03-19,600036,13:19:34,39.8800,62,2
2026-03-19,600036,13:19:37,39.8800,13,2
2026-03-19,600036,13:19:40,39.8800,4,2
2026-03-19,600036,13:19:43,39.8800,9,2
2026-03-19,600036,13:19:46,39.8800,58,2
2026-03-19,600036,13:19:49,39.8800,33,2
2026-03-19,600036,13:19:52,39.8800,63,2
2026-03-19,600036,13:19:55,39.8900,36,1
2026-03-19,600036,13:19:58,39.8900,88,1
2026-03-19,600036,13:20:01,39.8900,21,1
2026-03-19,600036,13:20:04,39.8900,286,1
2026-03-19,600036,13:20:07,39.8900,95,2
2026-03-19,600036,13:20:10,39.9000,6,1
2026-03-19,600036,13:20:13,39.9000,327,1
2026-03-19,600036,13:20:16,39.9000,28,2
2026-03-19,600036,13:20:19,39.9000,82,2
2026-03-19,600036,13:20:22,39.9000,58,2
2026-03-19,600036,13:20:28,39.9000,55,2
2026-03-19,600036,13:20:31,39.9000,136,2
2026-03-19,600036,13:20:34,39.9100,35,1
2026-03-19,600036,13:20:37,39.9100,18,1
2026-03-19,600036,13:20:40,39.9000,15,2
2026-03-19,600036,13:20:43,39.9100,74,1
2026-03-19,600036,13:20:46,39.9000,76,4
2026-03-19,600036,13:20:49,39.9100,62,1
2026-03-19,600036,13:20:52,39.9100,173,1
2026-03-19,600036,13:20:55,39.9000,17,2
2026-03-19,600036,13:20:58,39.9100,3,1
2026-03-19,600036,13:21:01,39.9100,445,1
2026-03-19,600036,13:21:04,39.9100,42,1
2026-03-19,600036,13:21:07,39.9100,231,1
2026-03-19,600036,13:21:10,39.9100,17,4
2026-03-19,600036,13:21:13,39.9100,17,2
2026-03-19,600036,13:21:16,39.9100,13,1
2026-03-19,600036,13:21:19,39.9000,16,2
2026-03-19,600036,13:21:22,39.9100,12,1
2026-03-19,600036,13:21:25,39.9100,20,1
2026-03-19,600036,13:21:28,39.9100,10,1
2026-03-19,600036,13:21:31,39.9100,24,1
2026-03-19,600036,13:21:34,39.9100,3,1
2026-03-19,600036,13:21:37,39.9100,2,1
2026-03-19,600036,13:21:40,39.9100,7,1
2026-03-19,600036,13:21:43,39.9000,2,2
2026-03-19,600036,13:21:46,39.9000,39,2
2026-03-19,600036,13:21:52,39.9000,7,2
2026-03-19,600036,13:21:55,39.9000,15,2
2026-03-19,600036,13:21:58,39.9000,14,2
2026-03-19,600036,13:22:01,39.9100,130,1
2026-03-19,600036,13:22:04,39.9100,1,1
2026-03-19,600036,13:22:07,39.9100,2,1
2026-03-19,600036,13:22:10,39.9000,15,2
2026-03-19,600036,13:22:13,39.9100,25,1
2026-03-19,600036,13:22:16,39.9000,8,2
2026-03-19,600036,13:22:19,39.9000,40,2
2026-03-19,600036,13:22:22,39.9000,6,2
2026-03-19,600036,13:22:25,39.9000,34,2
2026-03-19,600036,13:22:28,39.9000,8,2
2026-03-19,600036,13:22:31,39.8900,1077,2
2026-03-19,600036,13:22:34,39.9100,20,1
2026-03-19,600036,13:22:37,39.8900,109,1
2026-03-19,600036,13:22:40,39.8900,20,1
2026-03-19,600036,13:22:43,39.8800,6,2
2026-03-19,600036,13:22:46,39.8800,3,2
2026-03-19,600036,13:22:49,39.8800,22,2
2026-03-19,600036,13:22:52,39.8700,11,2
2026-03-19,600036,13:22:55,39.8800,2,4
2026-03-19,600036,13:22:58,39.8700,36,2
2026-03-19,600036,13:23:01,39.8800,15,1
2026-03-19,600036,13:23:04,39.8800,7,1
2026-03-19,600036,13:23:07,39.8800,9,1
2026-03-19,600036,13:23:13,39.8800,14,1
2026-03-19,600036,13:23:16,39.8800,3,1
2026-03-19,600036,13:23:19,39.8700,32,2
2026-03-19,600036,13:23:22,39.8800,15,1
2026-03-19,600036,13:23:25,39.8700,1,2
2026-03-19,600036,13:23:28,39.8800,2,1
2026-03-19,600036,13:23:31,39.8700,12,2
2026-03-19,600036,13:23:34,39.8700,18,2
2026-03-19,600036,13:23:37,39.8700,248,2
2026-03-19,600036,13:23:40,39.8700,45,2
2026-03-19,600036,13:23:43,39.8800,33,2
2026-03-19,600036,13:23:46,39.8800,13,2
2026-03-19,600036,13:23:52,39.8800,565,2
2026-03-19,600036,13:23:55,39.8800,57,4
2026-03-19,600036,13:23:58,39.8900,37,1
2026-03-19,600036,13:24:01,39.8900,89,1
2026-03-19,600036,13:24:04,39.8800,22,2
2026-03-19,600036,13:24:07,39.8800,99,2
2026-03-19,600036,13:24:10,39.8800,32,2
2026-03-19,600036,13:24:13,39.8800,25,2
2026-03-19,600036,13:24:16,39.8900,66,1
2026-03-19,600036,13:24:19,39.8800,61,2
2026-03-19,600036,13:24:22,39.8800,18,2
2026-03-19,600036,13:24:25,39.8800,17,2
2026-03-19,600036,13:24:28,39.8800,16,2
2026-03-19,600036,13:24:31,39.8900,17,1
2026-03-19,600036,13:24:34,39.8800,711,2
2026-03-19,600036,13:24:37,39.8900,155,1
2026-03-19,600036,13:24:40,39.8800,8,4
2026-03-19,600036,13:24:43,39.8800,9,4
2026-03-19,600036,13:24:46,39.8800,2,1
2026-03-19,600036,13:24:52,39.8800,3,1
2026-03-19,600036,13:24:58,39.8700,42,2
2026-03-19,600036,13:25:01,39.8800,69,1
2026-03-19,600036,13:25:04,39.8800,59,1
2026-03-19,600036,13:25:07,39.8800,266,1
2026-03-19,600036,13:25:10,39.8800,16,1
2026-03-19,600036,13:25:13,39.8700,84,2
2026-03-19,600036,13:25:16,39.8700,31,2
2026-03-19,600036,13:25:19,39.8800,53,1
2026-03-19,600036,13:25:22,39.8700,14,2
2026-03-19,600036,13:25:25,39.8700,101,2
2026-03-19,600036,13:25:28,39.8700,8,2
2026-03-19,600036,13:25:31,39.8800,102,1
2026-03-19,600036,13:25:37,39.8700,13,2
2026-03-19,600036,13:25:43,39.8700,33,2
2026-03-19,600036,13:25:46,39.8700,19,2
2026-03-19,600036,13:25:49,39.8700,25,2
2026-03-19,600036,13:25:52,39.8700,13,2
2026-03-19,600036,13:25:55,39.8700,23,2
2026-03-19,600036,13:25:58,39.8700,19,2
2026-03-19,600036,13:26:01,39.8800,106,1
2026-03-19,600036,13:26:04,39.8700,20,2
2026-03-19,600036,13:26:07,39.8700,255,2
2026-03-19,600036,13:26:10,39.8700,22,1
2026-03-19,600036,13:26:13,39.8700,8,1
2026-03-19,600036,13:26:16,39.8600,38,2
2026-03-19,600036,13:26:19,39.8600,7,2
2026-03-19,600036,13:26:22,39.8600,31,2
2026-03-19,600036,13:26:25,39.8600,21,2
2026-03-19,600036,13:26:28,39.8600,58,2
2026-03-19,600036,13:26:31,39.8700,45,1
2026-03-19,600036,13:26:34,39.8600,24,2
2026-03-19,600036,13:26:37,39.8600,9,2
2026-03-19,600036,13:26:40,39.8600,53,2
2026-03-19,600036,13:26:46,39.8700,71,1
2026-03-19,600036,13:26:49,39.8600,11,2
2026-03-19,600036,13:26:52,39.8700,437,1
2026-03-19,600036,13:26:55,39.8700,326,2
2026-03-19,600036,13:26:58,39.8700,22,2
2026-03-19,600036,13:27:01,39.8800,85,1
2026-03-19,600036,13:27:04,39.8800,9,2
2026-03-19,600036,13:27:07,39.8800,30,2
2026-03-19,600036,13:27:10,39.8800,10,2
2026-03-19,600036,13:27:13,39.8800,421,2
2026-03-19,600036,13:27:16,39.8800,29,2
2026-03-19,600036,13:27:19,39.8800,38,2
2026-03-19,600036,13:27:22,39.8800,7,1
2026-03-19,600036,13:27:25,39.8700,152,2
2026-03-19,600036,13:27:28,39.8600,40,2
2026-03-19,600036,13:27:31,39.8700,208,1
2026-03-19,600036,13:27:34,39.8700,14,2
2026-03-19,600036,13:27:37,39.8800,2,1
2026-03-19,600036,13:27:40,39.8800,1,1
2026-03-19,600036,13:27:43,39.8800,161,1
2026-03-19,600036,13:27:46,39.8800,46,1
2026-03-19,600036,13:27:52,39.8800,2,1
2026-03-19,600036,13:27:55,39.8800,1,1
2026-03-19,600036,13:27:58,39.8800,38,1
2026-03-19,600036,13:28:01,39.8800,13,1
2026-03-19,600036,13:28:04,39.8700,21,2
2026-03-19,600036,13:28:07,39.8800,23,1
2026-03-19,600036,13:28:10,39.8700,2,2
2026-03-19,600036,13:28:13,39.8700,15,2
2026-03-19,600036,13:28:16,39.8700,68,2
2026-03-19,600036,13:28:19,39.8700,39,2
2026-03-19,600036,13:28:22,39.8800,12,1
2026-03-19,600036,13:28:25,39.8700,12,2
2026-03-19,600036,13:28:28,39.8700,62,2
2026-03-19,600036,13:28:31,39.8800,12,1
2026-03-19,600036,13:28:34,39.8700,66,2
2026-03-19,600036,13:28:37,39.8700,30,2
2026-03-19,600036,13:28:40,39.8700,116,2
2026-03-19,600036,13:28:43,39.8700,22,1
2026-03-19,600036,13:28:46,39.8600,19,2
2026-03-19,600036,13:28:49,39.8700,14,1
2026-03-19,600036,13:28:52,39.8600,26,2
2026-03-19,600036,13:28:55,39.8600,212,2
2026-03-19,600036,13:28:58,39.8600,4,2
2026-03-19,600036,13:29:01,39.8600,54,2
2026-03-19,600036,13:29:04,39.8700,79,1
2026-03-19,600036,13:29:07,39.8500,20,2
2026-03-19,600036,13:29:10,39.8500,74,2
2026-03-19,600036,13:29:13,39.8500,39,2
2026-03-19,600036,13:29:16,39.8500,132,2
2026-03-19,600036,13:29:19,39.8500,23,2
2026-03-19,600036,13:29:22,39.8600,95,1
2026-03-19,600036,13:29:25,39.8600,75,1
2026-03-19,600036,13:29:28,39.8700,74,1
2026-03-19,600036,13:29:31,39.8700,35,1
2026-03-19,600036,13:29:34,39.8500,24,2
2026-03-19,600036,13:29:37,39.8700,145,1
2026-03-19,600036,13:29:40,39.8500,3,2
2026-03-19,600036,13:29:43,39.8600,42,1
2026-03-19,600036,13:29:46,39.8500,31,2
2026-03-19,600036,13:29:49,39.8500,17,2
2026-03-19,600036,13:29:52,39.8600,5,1
2026-03-19,600036,13:29:55,39.8600,39,1
2026-03-19,600036,13:29:58,39.8600,24,2
2026-03-19,600036,13:30:01,39.8600,21,2
2026-03-19,600036,13:30:04,39.8600,154,2
2026-03-19,600036,13:30:07,39.8600,18,1
2026-03-19,600036,13:30:10,39.8600,36,1
2026-03-19,600036,13:30:13,39.8600,85,2
2026-03-19,600036,13:30:16,39.8600,88,2
2026-03-19,600036,13:30:19,39.8600,316,1
2026-03-19,600036,13:30:22,39.8600,17,2
2026-03-19,600036,13:30:25,39.8600,12,2
2026-03-19,600036,13:30:31,39.8600,27,2
2026-03-19,600036,13:30:34,39.8600,40,2
2026-03-19,600036,13:30:37,39.8600,3,2
2026-03-19,600036,13:30:40,39.8600,18,2
2026-03-19,600036,13:30:43,39.8600,79,2
2026-03-19,600036,13:30:46,39.8700,22,1
2026-03-19,600036,13:30:49,39.8600,1,2
2026-03-19,600036,13:30:52,39.8700,5,1
2026-03-19,600036,13:30:55,39.8600,82,2
2026-03-19,600036,13:31:01,39.8700,7,1
2026-03-19,600036,13:31:04,39.8600,32,2
2026-03-19,600036,13:31:07,39.8600,51,2
2026-03-19,600036,13:31:10,39.8600,39,2
2026-03-19,600036,13:31:13,39.8600,50,2
2026-03-19,600036,13:31:16,39.8600,10,1
2026-03-19,600036,13:31:19,39.8500,10,2
2026-03-19,600036,13:31:22,39.8500,23,2
2026-03-19,600036,13:31:25,39.8500,3,2
2026-03-19,600036,13:31:28,39.8500,8,2
2026-03-19,600036,13:31:31,39.8600,22,1
2026-03-19,600036,13:31:37,39.8600,132,1
2026-03-19,600036,13:31:40,39.8500,110,2
2026-03-19,600036,13:31:46,39.8600,72,1
2026-03-19,600036,13:31:49,39.8500,10,2
2026-03-19,600036,13:31:52,39.8600,116,1
2026-03-19,600036,13:31:55,39.8500,172,2
2026-03-19,600036,13:31:58,39.8500,20,1
2026-03-19,600036,13:32:01,39.8500,23,1
2026-03-19,600036,13:32:04,39.8500,3,1
2026-03-19,600036,13:32:07,39.8600,1033,1
2026-03-19,600036,13:32:10,39.8700,21,1
2026-03-19,600036,13:32:13,39.8700,523,1
2026-03-19,600036,13:32:16,39.8700,4,4
2026-03-19,600036,13:32:19,39.8900,306,1
2026-03-19,600036,13:32:22,39.9000,218,1
2026-03-19,600036,13:32:25,39.9000,95,1
2026-03-19,600036,13:32:28,39.9000,58,1
2026-03-19,600036,13:32:31,39.9000,72,1
2026-03-19,600036,13:32:34,39.9000,9,1
2026-03-19,600036,13:32:37,39.8900,23,2
2026-03-19,600036,13:32:40,39.8900,7,2
2026-03-19,600036,13:32:43,39.8900,59,2
2026-03-19,600036,13:32:46,39.9000,46,1
2026-03-19,600036,13:32:49,39.9000,11,1
2026-03-19,600036,13:32:52,39.8900,104,2
2026-03-19,600036,13:32:55,39.8900,32,1
2026-03-19,600036,13:32:58,39.8800,5,2
2026-03-19,600036,13:33:01,39.8800,4,2
2026-03-19,600036,13:33:04,39.8800,51,2
2026-03-19,600036,13:33:07,39.8700,69,2
2026-03-19,600036,13:33:10,39.8800,2,2
2026-03-19,600036,13:33:16,39.8800,98,2
2026-03-19,600036,13:33:19,39.8900,8,1
2026-03-19,600036,13:33:22,39.8900,9,1
2026-03-19,600036,13:33:25,39.8800,8,2
2026-03-19,600036,13:33:28,39.8800,14,2
2026-03-19,600036,13:33:31,39.8900,17,1
2026-03-19,600036,13:33:34,39.8800,59,2
2026-03-19,600036,13:33:37,39.8900,21,1
2026-03-19,600036,13:33:40,39.8900,59,1
2026-03-19,600036,13:33:43,39.8700,412,2
2026-03-19,600036,13:33:46,39.8600,88,2
2026-03-19,600036,13:33:49,39.8600,6,2
2026-03-19,600036,13:33:52,39.8600,2,2
2026-03-19,600036,13:33:55,39.8700,15,1
2026-03-19,600036,13:33:58,39.8600,86,2
2026-03-19,600036,13:34:01,39.8700,48,1
2026-03-19,600036,13:34:04,39.8700,23,1
2026-03-19,600036,13:34:07,39.8700,51,1
2026-03-19,600036,13:34:10,39.8800,29,1
2026-03-19,600036,13:34:13,39.8700,3,4
2026-03-19,600036,13:34:19,39.8600,17,2
2026-03-19,600036,13:34:22,39.8600,20,2
2026-03-19,600036,13:34:25,39.8600,1,2
2026-03-19,600036,13:34:28,39.8600,5,2
2026-03-19,600036,13:34:31,39.8700,21,1
2026-03-19,600036,13:34:34,39.8600,5,2
2026-03-19,600036,13:34:37,39.8700,37,1
2026-03-19,600036,13:34:40,39.8600,16,2
2026-03-19,600036,13:34:43,39.8700,102,1
2026-03-19,600036,13:34:46,39.8600,19,2
2026-03-19,600036,13:34:49,39.8700,37,1
2026-03-19,600036,13:34:52,39.8600,203,2
2026-03-19,600036,13:34:55,39.8700,26,2
2026-03-19,600036,13:34:58,39.8700,119,2
2026-03-19,600036,13:35:01,39.8700,57,2
2026-03-19,600036,13:35:04,39.8600,34,2
2026-03-19,600036,13:35:07,39.8600,24,2
2026-03-19,600036,13:35:10,39.8600,18,2
2026-03-19,600036,13:35:13,39.8700,9,1
2026-03-19,600036,13:35:16,39.8700,29,1
2026-03-19,600036,13:35:19,39.8600,31,2
2026-03-19,600036,13:35:22,39.8700,39,1
2026-03-19,600036,13:35:25,39.8700,29,1
2026-03-19,600036,13:35:28,39.8600,11,2
2026-03-19,600036,13:35:31,39.8700,21,1
2026-03-19,600036,13:35:34,39.8700,8,1
2026-03-19,600036,13:35:37,39.8600,5,2
2026-03-19,600036,13:35:40,39.8600,14,2
2026-03-19,600036,13:35:43,39.8600,10,2
2026-03-19,600036,13:35:46,39.8600,25,2
2026-03-19,600036,13:35:49,39.8600,333,2
2026-03-19,600036,13:35:52,39.8500,161,2
2026-03-19,600036,13:35:55,39.8700,91,1
2026-03-19,600036,13:35:58,39.8600,56,2
2026-03-19,600036,13:36:01,39.8700,248,1
2026-03-19,600036,13:36:04,39.8500,40,2
2026-03-19,600036,13:36:07,39.8500,40,4
2026-03-19,600036,13:36:10,39.8400,18,2
2026-03-19,600036,13:36:13,39.8400,27,2
2026-03-19,600036,13:36:16,39.8400,27,2
2026-03-19,600036,13:36:19,39.8400,10,2
2026-03-19,600036,13:36:22,39.8300,230,2
2026-03-19,600036,13:36:25,39.8400,271,1
2026-03-19,600036,13:36:28,39.8400,55,2
2026-03-19,600036,13:36:31,39.8500,36,1
2026-03-19,600036,13:36:34,39.8500,20,2
2026-03-19,600036,13:36:37,39.8500,56,2
2026-03-19,600036,13:36:40,39.8500,20,1
2026-03-19,600036,13:36:43,39.8500,74,1
2026-03-19,600036,13:36:46,39.8400,107,2
2026-03-19,600036,13:36:49,39.8400,1,2
2026-03-19,600036,13:36:52,39.8500,51,1
2026-03-19,600036,13:36:55,39.8500,77,1
2026-03-19,600036,13:36:58,39.8500,51,1
2026-03-19,600036,13:37:01,39.8400,46,2
2026-03-19,600036,13:37:04,39.8300,108,2
2026-03-19,600036,13:37:07,39.8300,5,2
2026-03-19,600036,13:37:10,39.8300,41,2
2026-03-19,600036,13:37:13,39.8300,15,2
2026-03-19,600036,13:37:16,39.8300,20,2
2026-03-19,600036,13:37:19,39.8300,24,2
2026-03-19,600036,13:37:22,39.8300,13,2
2026-03-19,600036,13:37:25,39.8300,49,2
2026-03-19,600036,13:37:28,39.8400,47,1
2026-03-19,600036,13:37:31,39.8400,70,1
2026-03-19,600036,13:37:34,39.8300,108,2
2026-03-19,600036,13:37:37,39.8300,43,2
2026-03-19,600036,13:37:40,39.8400,66,1
2026-03-19,600036,13:37:43,39.8300,269,2
2026-03-19,600036,13:37:46,39.8400,59,2
2026-03-19,600036,13:37:49,39.8500,128,1
2026-03-19,600036,13:37:52,39.8400,200,2
2026-03-19,600036,13:37:55,39.8400,139,2
2026-03-19,600036,13:37:58,39.8500,1,1
2026-03-19,600036,13:38:01,39.8500,55,1
2026-03-19,600036,13:38:04,39.8400,11,2
2026-03-19,600036,13:38:07,39.8500,20,1
2026-03-19,600036,13:38:10,39.8400,7,2
2026-03-19,600036,13:38:13,39.8500,42,1
2026-03-19,600036,13:38:16,39.8400,31,2
2026-03-19,600036,13:38:19,39.8400,34,2
2026-03-19,600036,13:38:22,39.8400,32,2
2026-03-19,600036,13:38:25,39.8400,70,2
2026-03-19,600036,13:38:28,39.8400,125,2
2026-03-19,600036,13:38:31,39.8400,106,1
2026-03-19,600036,13:38:34,39.8300,50,2
2026-03-19,600036,13:38:37,39.8400,60,1
2026-03-19,600036,13:38:40,39.8500,74,1
2026-03-19,600036,13:38:43,39.8400,57,2
2026-03-19,600036,13:38:46,39.8300,390,2
2026-03-19,600036,13:38:52,39.8300,146,2
2026-03-19,600036,13:38:55,39.8300,14,2
2026-03-19,600036,13:38:58,39.8300,36,2
2026-03-19,600036,13:39:01,39.8400,39,1
2026-03-19,600036,13:39:04,39.8400,54,1
2026-03-19,600036,13:39:07,39.8400,1078,1
2026-03-19,600036,13:39:10,39.8500,248,1
2026-03-19,600036,13:39:13,39.8400,112,2
2026-03-19,600036,13:39:16,39.8500,30,1
2026-03-19,600036,13:39:19,39.8400,181,2
2026-03-19,600036,13:39:22,39.8500,41,1
2026-03-19,600036,13:39:25,39.8400,98,2
2026-03-19,600036,13:39:28,39.8400,47,2
2026-03-19,600036,13:39:31,39.8500,18,4
2026-03-19,600036,13:39:34,39.8500,31,2
2026-03-19,600036,13:39:37,39.8500,24,2
2026-03-19,600036,13:39:40,39.8500,156,2
2026-03-19,600036,13:39:43,39.8400,120,2
2026-03-19,600036,13:39:46,39.8400,96,2
2026-03-19,600036,13:39:49,39.8500,5,1
2026-03-19,600036,13:39:52,39.8500,11,1
2026-03-19,600036,13:39:55,39.8500,9,1
2026-03-19,600036,13:39:58,39.8400,28,2
2026-03-19,600036,13:40:01,39.8500,147,1
2026-03-19,600036,13:40:04,39.8400,9,2
2026-03-19,600036,13:40:07,39.8400,81,2
2026-03-19,600036,13:40:10,39.8500,6,1
2026-03-19,600036,13:40:13,39.8400,169,2
2026-03-19,600036,13:40:16,39.8300,24,2
2026-03-19,600036,13:40:19,39.8400,3,1
2026-03-19,600036,13:40:22,39.8300,10,2
2026-03-19,600036,13:40:25,39.8300,6,2
2026-03-19,600036,13:40:28,39.8300,93,2
2026-03-19,600036,13:40:31,39.8300,51,2
2026-03-19,600036,13:40:34,39.8300,8,2
2026-03-19,600036,13:40:37,39.8300,23,2
2026-03-19,600036,13:40:40,39.8300,69,2
2026-03-19,600036,13:40:43,39.8300,72,1
2026-03-19,600036,13:40:46,39.8200,7,2
2026-03-19,600036,13:40:49,39.8300,8,1
2026-03-19,600036,13:40:52,39.8200,14,2
2026-03-19,600036,13:40:55,39.8300,21,1
2026-03-19,600036,13:40:58,39.8200,430,2
2026-03-19,600036,13:41:01,39.8300,1402,1
2026-03-19,600036,13:41:04,39.8400,168,1
2026-03-19,600036,13:41:07,39.8300,25,2
2026-03-19,600036,13:41:10,39.8300,9,2
2026-03-19,600036,13:41:13,39.8300,59,2
2026-03-19,600036,13:41:19,39.8300,45,2
2026-03-19,600036,13:41:22,39.8300,44,2
2026-03-19,600036,13:41:25,39.8300,26,1
2026-03-19,600036,13:41:28,39.8200,70,2
2026-03-19,600036,13:41:31,39.8300,11,1
2026-03-19,600036,13:41:34,39.8200,50,2
2026-03-19,600036,13:41:37,39.8200,274,1
2026-03-19,600036,13:41:40,39.8200,29,1
2026-03-19,600036,13:41:43,39.8100,32,2
2026-03-19,600036,13:41:46,39.8100,181,2
2026-03-19,600036,13:41:49,39.8100,13,2
2026-03-19,600036,13:41:52,39.8100,119,2
2026-03-19,600036,13:41:55,39.8200,1,1
2026-03-19,600036,13:41:58,39.8200,53,1
2026-03-19,600036,13:42:01,39.8200,18,1
2026-03-19,600036,13:42:04,39.8100,223,2
2026-03-19,600036,13:42:07,39.8200,107,1
2026-03-19,600036,13:42:10,39.8200,212,1
2026-03-19,600036,13:42:13,39.8300,178,1
2026-03-19,600036,13:42:16,39.8300,62,4
2026-03-19,600036,13:42:19,39.8300,225,2
2026-03-19,600036,13:42:22,39.8300,27,2
2026-03-19,600036,13:42:25,39.8500,78,1
2026-03-19,600036,13:42:28,39.8400,102,2
2026-03-19,600036,13:42:31,39.8400,32,1
2026-03-19,600036,13:42:34,39.8300,54,2
2026-03-19,600036,13:42:37,39.8300,60,2
2026-03-19,600036,13:42:40,39.8300,29,2
2026-03-19,600036,13:42:43,39.8400,55,1
2026-03-19,600036,13:42:46,39.8400,42,1
2026-03-19,600036,13:42:49,39.8400,48,1
2026-03-19,600036,13:42:52,39.8300,43,2
2026-03-19,600036,13:42:55,39.8400,30,1
2026-03-19,600036,13:42:58,39.8300,45,2
2026-03-19,600036,13:43:01,39.8400,51,1
2026-03-19,600036,13:43:04,39.8300,160,2
2026-03-19,600036,13:43:07,39.8400,213,4
2026-03-19,600036,13:43:10,39.8500,40,1
2026-03-19,600036,13:43:13,39.8400,31,2
2026-03-19,600036,13:43:16,39.8400,46,2
2026-03-19,600036,13:43:19,39.8400,28,1
2026-03-19,600036,13:43:22,39.8300,42,2
2026-03-19,600036,13:43:25,39.8300,2,2
2026-03-19,600036,13:43:28,39.8400,1,1
2026-03-19,600036,13:43:31,39.8400,37,1
2026-03-19,600036,13:43:34,39.8400,24,1
2026-03-19,600036,13:43:37,39.8300,55,2
2026-03-19,600036,13:43:40,39.8400,26,1
2026-03-19,600036,13:43:43,39.8300,45,2
2026-03-19,600036,13:43:46,39.8300,21,2
2026-03-19,600036,13:43:49,39.8300,182,2
2026-03-19,600036,13:43:52,39.8400,16,1
2026-03-19,600036,13:43:55,39.8300,62,2
2026-03-19,600036,13:43:58,39.8300,106,1
2026-03-19,600036,13:44:01,39.8300,5,1
2026-03-19,600036,13:44:04,39.8300,68,1
2026-03-19,600036,13:44:07,39.8200,120,2
2026-03-19,600036,13:44:10,39.8200,223,2
2026-03-19,600036,13:44:13,39.8200,101,1
2026-03-19,600036,13:44:16,39.8200,41,1
2026-03-19,600036,13:44:19,39.8100,92,2
2026-03-19,600036,13:44:22,39.8100,236,1
2026-03-19,600036,13:44:25,39.8000,90,2
2026-03-19,600036,13:44:28,39.8000,62,2
2026-03-19,600036,13:44:31,39.8100,124,1
2026-03-19,600036,13:44:34,39.8100,37,1
2026-03-19,600036,13:44:37,39.8000,114,2
2026-03-19,600036,13:44:40,39.8100,39,1
2026-03-19,600036,13:44:43,39.8200,45,1
2026-03-19,600036,13:44:46,39.8100,18,2
2026-03-19,600036,13:44:49,39.8100,4,2
2026-03-19,600036,13:44:52,39.8200,10,1
2026-03-19,600036,13:44:55,39.8200,23,1
2026-03-19,600036,13:44:58,39.8200,13,1
2026-03-19,600036,13:45:01,39.8200,15,1
2026-03-19,600036,13:45:04,39.8200,151,1
2026-03-19,600036,13:45:07,39.8300,22,1
2026-03-19,600036,13:45:10,39.8200,143,2
2026-03-19,600036,13:45:13,39.8100,607,2
2026-03-19,600036,13:45:16,39.8000,10,2
2026-03-19,600036,13:45:19,39.8100,82,1
2026-03-19,600036,13:45:22,39.8000,25,2
2026-03-19,600036,13:45:25,39.8000,2,2
2026-03-19,600036,13:45:28,39.8000,30,2
2026-03-19,600036,13:45:31,39.8100,18,1
2026-03-19,600036,13:45:34,39.8100,816,1
2026-03-19,600036,13:45:37,39.8100,17,1
2026-03-19,600036,13:45:40,39.8100,118,1
2026-03-19,600036,13:45:43,39.8000,45,2
2026-03-19,600036,13:45:46,39.8000,66,2
2026-03-19,600036,13:45:49,39.8100,72,1
2026-03-19,600036,13:45:52,39.8000,30,2
2026-03-19,600036,13:45:55,39.8100,3,1
2026-03-19,600036,13:45:58,39.8000,7,2
2026-03-19,600036,13:46:01,39.8000,27,2
2026-03-19,600036,13:46:04,39.8000,24,2
2026-03-19,600036,13:46:07,39.8100,56,1
2026-03-19,600036,13:46:10,39.8000,19,2
2026-03-19,600036,13:46:13,39.8100,30,1
2026-03-19,600036,13:46:16,39.8100,28,1
2026-03-19,600036,13:46:19,39.8100,17,1
2026-03-19,600036,13:46:22,39.8000,6,2
2026-03-19,600036,13:46:25,39.8000,58,2
2026-03-19,600036,13:46:28,39.8000,162,2
2026-03-19,600036,13:46:31,39.8000,89,2
2026-03-19,600036,13:46:34,39.8000,34,2
2026-03-19,600036,13:46:37,39.8000,22,2
2026-03-19,600036,13:46:40,39.8100,21,1
2026-03-19,600036,13:46:43,39.8100,33,1
2026-03-19,600036,13:46:46,39.8000,27,2
2026-03-19,600036,13:46:49,39.8000,49,2
2026-03-19,600036,13:46:52,39.8000,68,2
2026-03-19,600036,13:46:55,39.8000,50,2
2026-03-19,600036,13:46:58,39.8000,32,2
2026-03-19,600036,13:47:01,39.8100,123,1
2026-03-19,600036,13:47:04,39.8100,90,1
2026-03-19,600036,13:47:07,39.8100,91,1
2026-03-19,600036,13:47:10,39.8100,44,1
2026-03-19,600036,13:47:13,39.8000,99,2
2026-03-19,600036,13:47:16,39.8100,96,1
2026-03-19,600036,13:47:19,39.8000,62,2
2026-03-19,600036,13:47:22,39.8100,34,1
2026-03-19,600036,13:47:25,39.8000,36,2
2026-03-19,600036,13:47:28,39.8000,806,2
2026-03-19,600036,13:47:31,39.8100,68,1
2026-03-19,600036,13:47:34,39.8000,253,2
2026-03-19,600036,13:47:37,39.8100,23,1
2026-03-19,600036,13:47:40,39.8000,114,2
2026-03-19,600036,13:47:43,39.8100,36,1
2026-03-19,600036,13:47:46,39.8100,52,1
2026-03-19,600036,13:47:49,39.8000,13,2
2026-03-19,600036,13:47:52,39.8000,6,2
2026-03-19,600036,13:47:55,39.8000,4,2
2026-03-19,600036,13:47:58,39.8100,6,1
2026-03-19,600036,13:48:01,39.8100,42,1
2026-03-19,600036,13:48:04,39.8000,156,2
2026-03-19,600036,13:48:07,39.8100,72,1
2026-03-19,600036,13:48:10,39.8000,51,2
2026-03-19,600036,13:48:13,39.8000,98,2
2026-03-19,600036,13:48:16,39.8000,77,2
2026-03-19,600036,13:48:19,39.8100,83,1
2026-03-19,600036,13:48:22,39.8100,21,1
2026-03-19,600036,13:48:25,39.8100,12,1
2026-03-19,600036,13:48:28,39.8100,11,1
2026-03-19,600036,13:48:31,39.8100,137,1
2026-03-19,600036,13:48:34,39.8000,42,2
2026-03-19,600036,13:48:37,39.8000,16,2
2026-03-19,600036,13:48:40,39.8100,23,1
2026-03-19,600036,13:48:43,39.8000,41,2
2026-03-19,600036,13:48:46,39.8100,46,1
2026-03-19,600036,13:48:49,39.8000,13,2
2026-03-19,600036,13:48:52,39.8000,36,2
2026-03-19,600036,13:48:55,39.8100,13,1
2026-03-19,600036,13:48:58,39.8000,95,2
2026-03-19,600036,13:49:01,39.8100,29,1
2026-03-19,600036,13:49:04,39.8000,27,2
2026-03-19,600036,13:49:07,39.8000,86,2
2026-03-19,600036,13:49:13,39.8000,29,2
2026-03-19,600036,13:49:16,39.8000,27,2
2026-03-19,600036,13:49:19,39.8000,23,2
2026-03-19,600036,13:49:22,39.8100,42,1
2026-03-19,600036,13:49:25,39.8000,2,2
2026-03-19,600036,13:49:28,39.8000,64,2
2026-03-19,600036,13:49:31,39.8100,33,1
2026-03-19,600036,13:49:34,39.8000,48,2
2026-03-19,600036,13:49:37,39.8000,15,2
2026-03-19,600036,13:49:40,39.7900,1109,2
2026-03-19,600036,13:49:43,39.7800,282,2
2026-03-19,600036,13:49:46,39.7800,46,2
2026-03-19,600036,13:49:49,39.7900,13,1
2026-03-19,600036,13:49:52,39.7800,758,2
2026-03-19,600036,13:49:55,39.7700,291,2
2026-03-19,600036,13:49:58,39.7800,169,1
2026-03-19,600036,13:50:01,39.7700,116,2
2026-03-19,600036,13:50:04,39.7800,458,1
2026-03-19,600036,13:50:07,39.7800,125,1
2026-03-19,600036,13:50:10,39.7800,262,1
2026-03-19,600036,13:50:13,39.7700,103,2
2026-03-19,600036,13:50:16,39.7800,28,4
2026-03-19,600036,13:50:19,39.7800,33,1
2026-03-19,600036,13:50:22,39.7800,174,1
2026-03-19,600036,13:50:25,39.7900,27,1
2026-03-19,600036,13:50:28,39.7800,93,2
2026-03-19,600036,13:50:31,39.7900,83,1
2026-03-19,600036,13:50:34,39.7800,320,2
2026-03-19,600036,13:50:37,39.8000,117,1
2026-03-19,600036,13:50:40,39.8000,73,1
2026-03-19,600036,13:50:43,39.7900,106,2
2026-03-19,600036,13:50:46,39.7900,50,2
2026-03-19,600036,13:50:49,39.8000,213,1
2026-03-19,600036,13:50:52,39.8000,111,1
2026-03-19,600036,13:50:55,39.8000,68,2
2026-03-19,600036,13:50:58,39.8100,111,1
2026-03-19,600036,13:51:01,39.8100,75,1
2026-03-19,600036,13:51:04,39.8100,696,1
2026-03-19,600036,13:51:07,39.8200,22,1
2026-03-19,600036,13:51:10,39.8100,116,2
2026-03-19,600036,13:51:13,39.8100,70,2
2026-03-19,600036,13:51:16,39.8100,50,2
2026-03-19,600036,13:51:19,39.8200,31,1
2026-03-19,600036,13:51:22,39.8200,30,2
2026-03-19,600036,13:51:25,39.8300,23,1
2026-03-19,600036,13:51:28,39.8300,26,1
2026-03-19,600036,13:51:31,39.8200,34,2
2026-03-19,600036,13:51:34,39.8200,49,2
2026-03-19,600036,13:51:37,39.8200,109,2
2026-03-19,600036,13:51:40,39.8300,74,1
2026-03-19,600036,13:51:43,39.8400,103,1
2026-03-19,600036,13:51:46,39.8300,43,2
2026-03-19,600036,13:51:49,39.8400,28,1
2026-03-19,600036,13:51:52,39.8400,58,1
2026-03-19,600036,13:51:55,39.8400,3,1
2026-03-19,600036,13:51:58,39.8400,14,1
2026-03-19,600036,13:52:01,39.8300,341,2
2026-03-19,600036,13:52:04,39.8200,245,2
2026-03-19,600036,13:52:07,39.8000,595,2
2026-03-19,600036,13:52:10,39.8100,66,1
2026-03-19,600036,13:52:13,39.8000,500,2
2026-03-19,600036,13:52:16,39.7900,18,2
2026-03-19,600036,13:52:19,39.8000,32,1
2026-03-19,600036,13:52:22,39.8000,15,2
2026-03-19,600036,13:52:25,39.8000,67,2
2026-03-19,600036,13:52:28,39.8000,10,2
2026-03-19,600036,13:52:31,39.8000,145,1
2026-03-19,600036,13:52:34,39.7900,127,2
2026-03-19,600036,13:52:37,39.7900,132,2
2026-03-19,600036,13:52:40,39.7900,207,2
2026-03-19,600036,13:52:43,39.7900,27,2
2026-03-19,600036,13:52:46,39.8000,16,1
2026-03-19,600036,13:52:49,39.8000,8,1
2026-03-19,600036,13:52:52,39.7900,82,2
2026-03-19,600036,13:52:55,39.7900,42,2
2026-03-19,600036,13:52:58,39.8000,114,1
2026-03-19,600036,13:53:01,39.7900,231,2
2026-03-19,600036,13:53:04,39.7900,41,1
2026-03-19,600036,13:53:07,39.8000,67,1
2026-03-19,600036,13:53:10,39.8000,297,1
2026-03-19,600036,13:53:13,39.8000,94,1
2026-03-19,600036,13:53:16,39.8000,198,1
2026-03-19,600036,13:53:19,39.8000,100,1
2026-03-19,600036,13:53:22,39.8000,126,2
2026-03-19,600036,13:53:25,39.8200,21,1
2026-03-19,600036,13:53:28,39.8000,31,2
2026-03-19,600036,13:53:31,39.8100,48,1
2026-03-19,600036,13:53:34,39.8100,104,2
2026-03-19,600036,13:53:37,39.8100,11,4
2026-03-19,600036,13:53:40,39.8100,142,1
2026-03-19,600036,13:53:43,39.8100,5,2
2026-03-19,600036,13:53:46,39.8100,28,2
2026-03-19,600036,13:53:49,39.8100,36,2
2026-03-19,600036,13:53:52,39.8100,28,2
2026-03-19,600036,13:53:55,39.8100,58,2
2026-03-19,600036,13:53:58,39.8100,6,2
2026-03-19,600036,13:54:01,39.8200,24,1
2026-03-19,600036,13:54:04,39.8100,157,2
2026-03-19,600036,13:54:07,39.8200,15,4
2026-03-19,600036,13:54:10,39.8100,21,2
2026-03-19,600036,13:54:13,39.8300,48,1
2026-03-19,600036,13:54:16,39.8200,58,2
2026-03-19,600036,13:54:19,39.8300,43,1
2026-03-19,600036,13:54:22,39.8300,47,1
2026-03-19,600036,13:54:25,39.8400,16,1
2026-03-19,600036,13:54:31,39.8300,408,2
2026-03-19,600036,13:54:34,39.8200,1,4
2026-03-19,600036,13:54:37,39.8000,266,2
2026-03-19,600036,13:54:40,39.8300,87,1
2026-03-19,600036,13:54:43,39.8200,16,2
2026-03-19,600036,13:54:46,39.8200,6,2
2026-03-19,600036,13:54:49,39.8200,16,2
2026-03-19,600036,13:54:52,39.8200,11,1
2026-03-19,600036,13:54:55,39.8200,18,4
2026-03-19,600036,13:54:58,39.8100,48,2
2026-03-19,600036,13:55:01,39.8200,58,1
2026-03-19,600036,13:55:04,39.8200,6,2
2026-03-19,600036,13:55:07,39.8300,13,1
2026-03-19,600036,13:55:10,39.8200,73,2
2026-03-19,600036,13:55:13,39.8100,19,2
2026-03-19,600036,13:55:16,39.8200,26,1
2026-03-19,600036,13:55:19,39.8200,147,1
2026-03-19,600036,13:55:22,39.8100,306,2
2026-03-19,600036,13:55:25,39.8000,94,2
2026-03-19,600036,13:55:28,39.8100,17,1
2026-03-19,600036,13:55:31,39.8200,23,1
2026-03-19,600036,13:55:34,39.8100,18,2
2026-03-19,600036,13:55:37,39.8100,58,2
2026-03-19,600036,13:55:40,39.8200,45,1
2026-03-19,600036,13:55:46,39.8100,5,2
2026-03-19,600036,13:55:49,39.8100,43,2
2026-03-19,600036,13:55:52,39.8100,10,2
2026-03-19,600036,13:55:58,39.8100,74,2
2026-03-19,600036,13:56:01,39.8200,222,1
2026-03-19,600036,13:56:04,39.8200,121,2
2026-03-19,600036,13:56:07,39.8300,4,1
2026-03-19,600036,13:56:10,39.8300,45,1
2026-03-19,600036,13:56:13,39.8200,20,2
2026-03-19,600036,13:56:16,39.8300,83,1
2026-03-19,600036,13:56:19,39.8300,40,1
2026-03-19,600036,13:56:22,39.8200,235,2
2026-03-19,600036,13:56:25,39.8200,117,1
2026-03-19,600036,13:56:28,39.8200,122,1
2026-03-19,600036,13:56:31,39.8200,116,2
2026-03-19,600036,13:56:34,39.8200,64,2
2026-03-19,600036,13:56:37,39.8300,68,1
2026-03-19,600036,13:56:40,39.8300,181,1
2026-03-19,600036,13:56:43,39.8400,19,1
2026-03-19,600036,13:56:46,39.8300,98,2
2026-03-19,600036,13:56:49,39.8300,124,2
2026-03-19,600036,13:56:52,39.8200,80,2
2026-03-19,600036,13:56:55,39.8200,14,2
2026-03-19,600036,13:56:58,39.8200,28,2
2026-03-19,600036,13:57:01,39.8300,291,1
2026-03-19,600036,13:57:04,39.8300,24,2
2026-03-19,600036,13:57:07,39.8300,272,2
2026-03-19,600036,13:57:10,39.8300,35,1
2026-03-19,600036,13:57:13,39.8300,73,1
2026-03-19,600036,13:57:16,39.8300,3,2
2026-03-19,600036,13:57:19,39.8300,61,2
2026-03-19,600036,13:57:22,39.8300,23,1
2026-03-19,600036,13:57:25,39.8300,11,1
2026-03-19,600036,13:57:28,39.8300,85,1
2026-03-19,600036,13:57:31,39.8400,22,1
2026-03-19,600036,13:57:34,39.8300,363,2
2026-03-19,600036,13:57:37,39.8300,143,2
2026-03-19,600036,13:57:40,39.8300,44,2
2026-03-19,600036,13:57:43,39.8300,66,2
2026-03-19,600036,13:57:46,39.8400,1,1
2026-03-19,600036,13:57:49,39.8300,35,2
2026-03-19,600036,13:57:52,39.8300,85,2
2026-03-19,600036,13:57:55,39.8400,19,2
2026-03-19,600036,13:57:58,39.8400,6,2
2026-03-19,600036,13:58:01,39.8500,102,1
2026-03-19,600036,13:58:04,39.8400,81,2
2026-03-19,600036,13:58:07,39.8500,32,1
2026-03-19,600036,13:58:10,39.8500,23,1
2026-03-19,600036,13:58:13,39.8400,48,2
2026-03-19,600036,13:58:16,39.8500,66,1
2026-03-19,600036,13:58:19,39.8500,47,1
2026-03-19,600036,13:58:22,39.8400,98,2
2026-03-19,600036,13:58:25,39.8400,68,2
2026-03-19,600036,13:58:28,39.8500,63,1
2026-03-19,600036,13:58:31,39.8500,98,1
2026-03-19,600036,13:58:34,39.8500,39,1
2026-03-19,600036,13:58:37,39.8500,154,1
2026-03-19,600036,13:58:40,39.8500,106,1
2026-03-19,600036,13:58:43,39.8400,18,2
2026-03-19,600036,13:58:46,39.8500,208,1
2026-03-19,600036,13:58:49,39.8600,92,1
2026-03-19,600036,13:58:52,39.8700,75,1
2026-03-19,600036,13:58:55,39.8600,178,2
2026-03-19,600036,13:58:58,39.8500,16,2
2026-03-19,600036,13:59:01,39.8600,69,1
2026-03-19,600036,13:59:04,39.8600,118,2
2026-03-19,600036,13:59:07,39.8600,103,2
2026-03-19,600036,13:59:10,39.8600,31,1
2026-03-19,600036,13:59:13,39.8500,102,2
2026-03-19,600036,13:59:16,39.8600,58,1
2026-03-19,600036,13:59:19,39.8700,233,1
2026-03-19,600036,13:59:22,39.8600,30,1
2026-03-19,600036,13:59:25,39.8700,60,1
2026-03-19,600036,13:59:28,39.8600,5,1
2026-03-19,600036,13:59:31,39.8600,120,2
2026-03-19,600036,13:59:34,39.8500,43,2
2026-03-19,600036,13:59:37,39.8600,128,1
2026-03-19,600036,13:59:40,39.8500,217,2
2026-03-19,600036,13:59:43,39.8500,30,2
2026-03-19,600036,13:59:46,39.8500,11,2
2026-03-19,600036,13:59:49,39.8500,121,2
2026-03-19,600036,13:59:52,39.8500,51,2
2026-03-19,600036,13:59:55,39.8500,25,2
2026-03-19,600036,13:59:58,39.8500,44,2
2026-03-19,600036,14:00:01,39.8500,82,2
2026-03-19,600036,14:00:04,39.8600,55,1
2026-03-19,600036,14:00:07,39.8500,58,2
2026-03-19,600036,14:00:10,39.8600,28,1
2026-03-19,600036,14:00:13,39.8500,199,2
2026-03-19,600036,14:00:16,39.8400,281,2
2026-03-19,600036,14:00:19,39.8400,129,1
2026-03-19,600036,14:00:22,39.8300,23,4
2026-03-19,600036,14:00:25,39.8300,217,1
2026-03-19,600036,14:00:28,39.8300,99,1
2026-03-19,600036,14:00:31,39.8200,51,2
2026-03-19,600036,14:00:34,39.8300,79,1
2026-03-19,600036,14:00:37,39.8200,101,2
2026-03-19,600036,14:00:40,39.8300,36,4
2026-03-19,600036,14:00:43,39.8300,36,1
2026-03-19,600036,14:00:46,39.8400,26,1
2026-03-19,600036,14:00:49,39.8400,111,1
2026-03-19,600036,14:00:52,39.8300,55,2
2026-03-19,600036,14:00:55,39.8400,118,1
2026-03-19,600036,14:00:58,39.8400,18,2
2026-03-19,600036,14:01:01,39.8400,563,2
2026-03-19,600036,14:01:04,39.8500,406,1
2026-03-19,600036,14:01:07,39.8400,11,2
2026-03-19,600036,14:01:10,39.8400,107,2
2026-03-19,600036,14:01:13,39.8400,240,2
2026-03-19,600036,14:01:16,39.8400,15,2
2026-03-19,600036,14:01:19,39.8500,222,1
2026-03-19,600036,14:01:22,39.8500,187,2
2026-03-19,600036,14:01:25,39.8300,171,2
2026-03-19,600036,14:01:28,39.8500,26,1
2026-03-19,600036,14:01:31,39.8500,20,2
2026-03-19,600036,14:01:34,39.8500,63,2
2026-03-19,600036,14:01:37,39.8500,43,2
2026-03-19,600036,14:01:40,39.8500,218,2
2026-03-19,600036,14:01:43,39.8400,43,2
2026-03-19,600036,14:01:46,39.8400,46,2
2026-03-19,600036,14:01:49,39.8500,2,1
2026-03-19,600036,14:01:52,39.8500,12,1
2026-03-19,600036,14:01:55,39.8600,41,1
2026-03-19,600036,14:01:58,39.8500,14,4
2026-03-19,600036,14:02:01,39.8500,84,4
2026-03-19,600036,14:02:04,39.8500,75,1
2026-03-19,600036,14:02:07,39.8400,88,2
2026-03-19,600036,14:02:10,39.8500,26,4
2026-03-19,600036,14:02:13,39.8600,61,1
2026-03-19,600036,14:02:16,39.8500,6,2
2026-03-19,600036,14:02:19,39.8600,22,1
2026-03-19,600036,14:02:22,39.8500,13,2
2026-03-19,600036,14:02:25,39.8600,2,1
2026-03-19,600036,14:02:28,39.8600,2,1
2026-03-19,600036,14:02:31,39.8600,65,1
2026-03-19,600036,14:02:34,39.8500,49,2
2026-03-19,600036,14:02:37,39.8500,66,2
2026-03-19,600036,14:02:40,39.8600,52,1
2026-03-19,600036,14:02:43,39.8600,58,1
2026-03-19,600036,14:02:46,39.8600,11,1
2026-03-19,600036,14:02:49,39.8600,34,1
2026-03-19,600036,14:02:52,39.8600,21,2
2026-03-19,600036,14:02:55,39.8600,30,2
2026-03-19,600036,14:02:58,39.8600,14,2
2026-03-19,600036,14:03:01,39.8600,25,2
2026-03-19,600036,14:03:04,39.8600,65,2
2026-03-19,600036,14:03:07,39.8600,111,2
2026-03-19,600036,14:03:10,39.8800,8,1
2026-03-19,600036,14:03:13,39.8800,122,1
2026-03-19,600036,14:03:16,39.8800,261,1
2026-03-19,600036,14:03:19,39.8800,57,1
2026-03-19,600036,14:03:22,39.8800,123,1
2026-03-19,600036,14:03:25,39.8700,247,2
2026-03-19,600036,14:03:28,39.8700,278,2
2026-03-19,600036,14:03:31,39.8500,1406,2
2026-03-19,600036,14:03:34,39.8600,519,1
2026-03-19,600036,14:03:37,39.8500,47,2
2026-03-19,600036,14:03:40,39.8600,137,1
2026-03-19,600036,14:03:43,39.8600,168,1
2026-03-19,600036,14:03:46,39.8600,11,2
2026-03-19,600036,14:03:49,39.8600,18,2
2026-03-19,600036,14:03:52,39.8600,25,2
2026-03-19,600036,14:03:55,39.8600,17,2
2026-03-19,600036,14:03:58,39.8500,121,2
2026-03-19,600036,14:04:01,39.8600,123,1
2026-03-19,600036,14:04:04,39.8700,111,1
2026-03-19,600036,14:04:07,39.8600,77,2
2026-03-19,600036,14:04:10,39.8600,94,2
2026-03-19,600036,14:04:13,39.8600,13,2
2026-03-19,600036,14:04:16,39.8600,2255,2
2026-03-19,600036,14:04:19,39.8800,23,1
2026-03-19,600036,14:04:22,39.8800,95,2
2026-03-19,600036,14:04:25,39.8800,19,1
2026-03-19,600036,14:04:28,39.8800,2,1
2026-03-19,600036,14:04:31,39.8700,7,2
2026-03-19,600036,14:04:34,39.8700,52,2
2026-03-19,600036,14:04:37,39.8700,189,2
2026-03-19,600036,14:04:40,39.8700,55,1
2026-03-19,600036,14:04:43,39.8800,34,1
2026-03-19,600036,14:04:46,39.8700,12,2
2026-03-19,600036,14:04:49,39.8700,38,2
2026-03-19,600036,14:04:52,39.8600,107,2
2026-03-19,600036,14:04:55,39.8700,42,1
2026-03-19,600036,14:04:58,39.8600,33,2
2026-03-19,600036,14:05:01,39.8700,29,1
2026-03-19,600036,14:05:04,39.8700,74,2
2026-03-19,600036,14:05:07,39.8600,64,2
2026-03-19,600036,14:05:10,39.8600,61,2
2026-03-19,600036,14:05:13,39.8600,22,2
2026-03-19,600036,14:05:16,39.8500,47,2
2026-03-19,600036,14:05:19,39.8600,69,1
2026-03-19,600036,14:05:22,39.8600,11,1
2026-03-19,600036,14:05:25,39.8600,210,1
2026-03-19,600036,14:05:28,39.8600,23,1
2026-03-19,600036,14:05:31,39.8600,15,1
2026-03-19,600036,14:05:34,39.8500,11,2
2026-03-19,600036,14:05:37,39.8500,75,2
2026-03-19,600036,14:05:40,39.8600,125,1
2026-03-19,600036,14:05:43,39.8600,32,2
2026-03-19,600036,14:05:46,39.8700,713,1
2026-03-19,600036,14:05:49,39.8700,11,1
2026-03-19,600036,14:05:52,39.8600,50,2
2026-03-19,600036,14:05:55,39.8700,17,1
2026-03-19,600036,14:05:58,39.8700,25,1
2026-03-19,600036,14:06:01,39.8700,30,1
2026-03-19,600036,14:06:04,39.8700,238,1
2026-03-19,600036,14:06:07,39.8700,17,2
2026-03-19,600036,14:06:10,39.8700,25,2
2026-03-19,600036,14:06:13,39.8700,29,2
2026-03-19,600036,14:06:16,39.8700,14,2
2026-03-19,600036,14:06:19,39.8800,67,1
2026-03-19,600036,14:06:22,39.8800,33,1
2026-03-19,600036,14:06:25,39.8700,5,2
2026-03-19,600036,14:06:28,39.8700,2,2
2026-03-19,600036,14:06:31,39.8800,15,1
2026-03-19,600036,14:06:34,39.8800,17,1
2026-03-19,600036,14:06:37,39.8700,183,2
2026-03-19,600036,14:06:40,39.8800,61,1
2026-03-19,600036,14:06:43,39.8700,10,2
2026-03-19,600036,14:06:46,39.8700,16,2
2026-03-19,600036,10:54:55,39.7900,368,2
2026-03-19,600036,10:54:58,39.8000,622,1
2026-03-19,600036,10:55:01,39.7800,62,2
2026-03-19,600036,10:55:04,39.7900,30,1
2026-03-19,600036,10:55:07,39.7900,17,1
2026-03-19,600036,10:55:10,39.7900,11,1
2026-03-19,600036,10:55:13,39.7900,36,2
2026-03-19,600036,10:55:16,39.7900,2,1
2026-03-19,600036,10:55:19,39.7800,85,2
2026-03-19,600036,10:55:22,39.7800,184,2
2026-03-19,600036,10:55:25,39.7800,16,1
2026-03-19,600036,10:55:28,39.7800,11,1
2026-03-19,600036,10:55:31,39.7800,36,1
2026-03-19,600036,10:55:34,39.7900,460,1
2026-03-19,600036,10:55:37,39.7900,41,2
2026-03-19,600036,10:55:40,39.7900,81,2
2026-03-19,600036,10:55:43,39.7900,48,1
2026-03-19,600036,10:55:46,39.7900,72,1
2026-03-19,600036,10:55:49,39.7900,52,2
2026-03-19,600036,10:55:52,39.7900,50,2
2026-03-19,600036,10:55:55,39.8000,26,1
2026-03-19,600036,10:55:58,39.7900,21,2
2026-03-19,600036,10:56:01,39.8000,59,1
2026-03-19,600036,10:56:04,39.7900,33,2
2026-03-19,600036,10:56:07,39.8000,19,1
2026-03-19,600036,10:56:10,39.8000,86,1
2026-03-19,600036,10:56:13,39.8000,305,2
2026-03-19,600036,10:56:16,39.8100,189,1
2026-03-19,600036,10:56:19,39.8000,47,2
2026-03-19,600036,10:56:22,39.8000,28,2
2026-03-19,600036,10:56:25,39.8100,67,1
2026-03-19,600036,10:56:28,39.8000,12,2
2026-03-19,600036,10:56:31,39.8100,59,1
2026-03-19,600036,10:56:34,39.8000,187,2
2026-03-19,600036,10:56:37,39.8000,21,1
2026-03-19,600036,10:56:40,39.8000,51,1
2026-03-19,600036,10:56:43,39.8000,121,2
2026-03-19,600036,10:56:46,39.8000,24,2
2026-03-19,600036,10:56:49,39.8000,87,1
2026-03-19,600036,10:56:52,39.8000,57,1
2026-03-19,600036,10:56:55,39.7900,2,2
2026-03-19,600036,10:56:58,39.7900,14,2
2026-03-19,600036,10:57:01,39.8000,36,1
2026-03-19,600036,10:57:04,39.8000,48,1
2026-03-19,600036,10:57:07,39.8000,28,1
2026-03-19,600036,10:57:10,39.8000,31,1
2026-03-19,600036,10:57:13,39.8000,37,2
2026-03-19,600036,10:57:16,39.7900,76,2
2026-03-19,600036,10:57:19,39.7900,75,2
2026-03-19,600036,10:57:22,39.8000,35,1
2026-03-19,600036,10:57:25,39.7900,28,2
2026-03-19,600036,10:57:28,39.7900,57,2
2026-03-19,600036,10:57:31,39.8000,6,1
2026-03-19,600036,10:57:34,39.8000,28,1
2026-03-19,600036,10:57:37,39.8000,3,1
2026-03-19,600036,10:57:40,39.7900,101,2
2026-03-19,600036,10:57:43,39.7900,249,2
2026-03-19,600036,10:57:46,39.8000,2,1
2026-03-19,600036,10:57:49,39.7900,23,2
2026-03-19,600036,10:57:52,39.8000,6,1
2026-03-19,600036,10:57:55,39.7900,64,2
2026-03-19,600036,10:57:58,39.7900,48,2
2026-03-19,600036,10:58:01,39.7900,171,2
2026-03-19,600036,10:58:04,39.7900,128,2
2026-03-19,600036,10:58:07,39.7900,258,1
2026-03-19,600036,10:58:10,39.7900,66,1
2026-03-19,600036,10:58:13,39.7900,14,1
2026-03-19,600036,10:58:16,39.7800,9,2
2026-03-19,600036,10:58:19,39.7900,67,1
2026-03-19,600036,10:58:22,39.7900,5,1
2026-03-19,600036,10:58:25,39.7900,24,2
2026-03-19,600036,10:58:28,39.7900,23,2
2026-03-19,600036,10:58:31,39.7900,6,1
2026-03-19,600036,10:58:34,39.7900,104,1
2026-03-19,600036,10:58:37,39.7900,126,2
2026-03-19,600036,10:58:40,39.7900,41,2
2026-03-19,600036,10:58:43,39.7900,5,2
2026-03-19,600036,10:58:46,39.8000,116,1
2026-03-19,600036,10:58:49,39.7900,1,2
2026-03-19,600036,10:58:52,39.8000,129,1
2026-03-19,600036,10:58:55,39.8000,42,2
2026-03-19,600036,10:58:58,39.8000,45,2
2026-03-19,600036,10:59:01,39.8000,47,1
2026-03-19,600036,10:59:04,39.8000,32,1
2026-03-19,600036,10:59:07,39.8000,73,1
2026-03-19,600036,10:59:10,39.7900,34,2
2026-03-19,600036,10:59:13,39.7900,3,2
2026-03-19,600036,10:59:16,39.8000,7,1
2026-03-19,600036,10:59:19,39.7900,38,2
2026-03-19,600036,10:59:22,39.7900,373,2
2026-03-19,600036,10:59:25,39.8000,44,1
2026-03-19,600036,10:59:28,39.7900,14,2
2026-03-19,600036,10:59:31,39.7900,21,2
2026-03-19,600036,10:59:34,39.8000,24,1
2026-03-19,600036,10:59:37,39.8000,38,1
2026-03-19,600036,10:59:40,39.8000,9,1
2026-03-19,600036,10:59:43,39.8000,17,1
2026-03-19,600036,10:59:46,39.8000,25,1
2026-03-19,600036,10:59:49,39.8000,9,1
2026-03-19,600036,10:59:52,39.7900,30,2
2026-03-19,600036,10:59:55,39.8000,35,1
2026-03-19,600036,10:59:58,39.7900,18,2
2026-03-19,600036,11:00:01,39.7900,38,2
2026-03-19,600036,11:00:04,39.8000,89,1
2026-03-19,600036,11:00:07,39.7900,15,2
2026-03-19,600036,11:00:10,39.7900,10,2
2026-03-19,600036,11:00:13,39.8000,20,1
2026-03-19,600036,11:00:16,39.7900,18,2
2026-03-19,600036,11:00:19,39.7900,18,2
2026-03-19,600036,11:00:22,39.7900,16,2
2026-03-19,600036,11:00:25,39.8000,21,1
2026-03-19,600036,11:00:28,39.7900,10,2
2026-03-19,600036,11:00:31,39.7900,327,2
2026-03-19,600036,11:00:34,39.7900,232,2
2026-03-19,600036,11:00:37,39.7800,60,2
2026-03-19,600036,11:00:40,39.7900,54,1
2026-03-19,600036,11:00:43,39.7900,30,1
2026-03-19,600036,11:00:46,39.7800,19,2
2026-03-19,600036,11:00:49,39.7800,61,2
2026-03-19,600036,11:00:52,39.7900,14,1
2026-03-19,600036,11:00:55,39.7900,10,1
2026-03-19,600036,11:00:58,39.7800,12,2
2026-03-19,600036,11:01:01,39.7900,55,1
2026-03-19,600036,11:01:04,39.7900,86,1
2026-03-19,600036,11:01:07,39.7900,255,1
2026-03-19,600036,11:01:10,39.7900,6,2
2026-03-19,600036,11:01:13,39.7800,1172,2
2026-03-19,600036,11:01:16,39.7800,222,1
2026-03-19,600036,11:01:19,39.7800,179,1
2026-03-19,600036,11:01:22,39.7800,190,1
2026-03-19,600036,11:01:25,39.7800,32,1
2026-03-19,600036,11:01:28,39.7800,27,2
2026-03-19,600036,11:01:31,39.7800,23,2
2026-03-19,600036,11:01:34,39.7900,63,1
2026-03-19,600036,11:01:37,39.7900,8,1
2026-03-19,600036,11:01:40,39.7900,4,1
2026-03-19,600036,11:01:43,39.7900,4,1
2026-03-19,600036,11:01:46,39.7800,6,2
2026-03-19,600036,11:01:49,39.7900,4,1
2026-03-19,600036,11:01:52,39.7900,101,1
2026-03-19,600036,11:01:55,39.7800,104,2
2026-03-19,600036,11:01:58,39.7800,207,2
2026-03-19,600036,11:02:01,39.7800,84,1
2026-03-19,600036,11:02:04,39.7800,139,1
2026-03-19,600036,11:02:07,39.7800,19,2
2026-03-19,600036,11:02:10,39.7700,78,2
2026-03-19,600036,11:02:13,39.7800,5,1
2026-03-19,600036,11:02:16,39.7800,286,1
2026-03-19,600036,11:02:19,39.7800,116,1
2026-03-19,600036,11:02:22,39.7800,1,1
2026-03-19,600036,11:02:25,39.7700,9,2
2026-03-19,600036,11:02:28,39.7800,43,1
2026-03-19,600036,11:02:31,39.7800,18,1
2026-03-19,600036,11:02:34,39.7800,187,1
2026-03-19,600036,11:02:37,39.7800,16,2
2026-03-19,600036,11:02:43,39.7800,17,2
2026-03-19,600036,11:02:46,39.7800,115,2
2026-03-19,600036,11:02:49,39.7800,70,2
2026-03-19,600036,11:02:52,39.7700,29,2
2026-03-19,600036,11:02:55,39.7800,97,1
2026-03-19,600036,11:02:58,39.7700,1,2
2026-03-19,600036,11:03:01,39.7800,76,1
2026-03-19,600036,11:03:04,39.7800,8,1
2026-03-19,600036,11:03:07,39.7800,21,1
2026-03-19,600036,11:03:10,39.7700,24,2
2026-03-19,600036,11:03:13,39.7700,13,2
2026-03-19,600036,11:03:16,39.7800,6,1
2026-03-19,600036,11:03:19,39.7700,49,2
2026-03-19,600036,11:03:22,39.7800,40,1
2026-03-19,600036,11:03:25,39.7700,211,2
2026-03-19,600036,11:03:28,39.7800,133,1
2026-03-19,600036,11:03:31,39.7700,47,2
2026-03-19,600036,11:03:34,39.7700,73,2
2026-03-19,600036,11:03:37,39.7700,33,2
2026-03-19,600036,11:03:40,39.7700,67,2
2026-03-19,600036,11:03:43,39.7700,151,2
2026-03-19,600036,11:03:46,39.7800,46,1
2026-03-19,600036,11:03:49,39.8000,1005,1
2026-03-19,600036,11:03:52,39.8000,349,1
2026-03-19,600036,11:03:55,39.8000,101,1
2026-03-19,600036,11:03:58,39.8000,49,1
2026-03-19,600036,11:04:01,39.7900,50,2
2026-03-19,600036,11:04:04,39.7900,155,2
2026-03-19,600036,11:04:07,39.7900,393,2
2026-03-19,600036,11:04:10,39.7700,450,2
2026-03-19,600036,11:04:13,39.7900,105,1
2026-03-19,600036,11:04:16,39.7800,146,2
2026-03-19,600036,11:04:19,39.7900,76,1
2026-03-19,600036,11:04:22,39.7800,51,2
2026-03-19,600036,11:04:25,39.7800,28,2
2026-03-19,600036,11:04:28,39.7800,11,2
2026-03-19,600036,11:04:31,39.7900,1094,1
2026-03-19,600036,11:04:34,39.8100,241,1
2026-03-19,600036,11:04:37,39.8000,177,2
2026-03-19,600036,11:04:40,39.8000,37,1
2026-03-19,600036,11:04:43,39.8000,17,1
2026-03-19,600036,11:04:46,39.7900,19,2
2026-03-19,600036,11:04:49,39.7900,25,2
2026-03-19,600036,11:04:52,39.8000,11,1
2026-03-19,600036,11:04:55,39.8000,1,1
2026-03-19,600036,11:04:58,39.8000,98,1
2026-03-19,600036,11:05:01,39.7900,307,2
2026-03-19,600036,11:05:04,39.7900,90,1
2026-03-19,600036,11:05:07,39.7900,29,1
2026-03-19,600036,11:05:10,39.7900,9,1
2026-03-19,600036,11:05:13,39.8000,37,1
2026-03-19,600036,11:05:16,39.7900,33,4
2026-03-19,600036,11:05:22,39.7900,11,2
2026-03-19,600036,11:05:25,39.8000,9,1
2026-03-19,600036,11:05:28,39.8000,1,1
2026-03-19,600036,11:05:31,39.7900,134,2
2026-03-19,600036,11:05:34,39.8000,35,1
2026-03-19,600036,11:05:37,39.8000,78,1
2026-03-19,600036,11:05:40,39.8000,42,1
2026-03-19,600036,11:05:43,39.8000,31,1
2026-03-19,600036,11:05:46,39.8000,75,1
2026-03-19,600036,11:05:49,39.7900,73,2
2026-03-19,600036,11:05:52,39.7900,70,2
2026-03-19,600036,11:05:55,39.8000,23,1
2026-03-19,600036,11:05:58,39.8000,32,1
2026-03-19,600036,11:06:01,39.8000,8,1
2026-03-19,600036,11:06:04,39.8000,18,1
2026-03-19,600036,11:06:07,39.8000,51,1
2026-03-19,600036,11:06:10,39.8000,129,1
2026-03-19,600036,11:06:13,39.8100,32,1
2026-03-19,600036,11:06:16,39.8000,26,2
2026-03-19,600036,11:06:19,39.8100,13,1
2026-03-19,600036,11:06:22,39.8100,6,2
2026-03-19,600036,11:06:25,39.8100,49,2
2026-03-19,600036,11:06:28,39.8100,79,2
2026-03-19,600036,11:06:31,39.8100,39,1
2026-03-19,600036,11:06:34,39.8100,32,1
2026-03-19,600036,11:06:37,39.8100,92,2
2026-03-19,600036,11:06:40,39.8100,21,2
2026-03-19,600036,11:06:43,39.8100,109,2
2026-03-19,600036,11:06:46,39.8200,2,1
2026-03-19,600036,11:06:49,39.8100,8,2
2026-03-19,600036,11:06:52,39.8200,15,1
2026-03-19,600036,11:06:55,39.8200,9,1
2026-03-19,600036,11:06:58,39.8200,5,1
2026-03-19,600036,11:07:01,39.8100,35,2
2026-03-19,600036,11:07:04,39.8100,98,2
2026-03-19,600036,11:07:07,39.8200,50,1
2026-03-19,600036,11:07:10,39.8100,79,2
2026-03-19,600036,11:07:13,39.8100,14,2
2026-03-19,600036,11:07:16,39.8200,4,1
2026-03-19,600036,11:07:19,39.8100,19,2
2026-03-19,600036,11:07:22,39.8200,10,1
2026-03-19,600036,11:07:25,39.8200,61,1
2026-03-19,600036,11:07:28,39.8100,17,2
2026-03-19,600036,11:07:31,39.8200,39,1
2026-03-19,600036,11:07:34,39.8200,26,1
2026-03-19,600036,11:07:37,39.8200,9,1
2026-03-19,600036,11:07:40,39.8200,58,1
2026-03-19,600036,11:07:43,39.8200,263,1
2026-03-19,600036,11:07:46,39.8300,191,1
2026-03-19,600036,11:07:49,39.8300,88,2
2026-03-19,600036,11:07:52,39.8400,20,2
2026-03-19,600036,11:07:55,39.8500,45,1
2026-03-19,600036,11:07:58,39.8500,15,1
2026-03-19,600036,11:08:01,39.8400,244,2
2026-03-19,600036,11:08:04,39.8400,21,1
2026-03-19,600036,11:08:07,39.8400,10,1
2026-03-19,600036,11:08:10,39.8300,13,2
2026-03-19,600036,11:08:13,39.8400,4,1
2026-03-19,600036,11:08:16,39.8400,15,1
2026-03-19,600036,11:08:19,39.8300,25,2
2026-03-19,600036,11:08:22,39.8400,102,1
2026-03-19,600036,11:08:25,39.8400,30,2
2026-03-19,600036,11:08:28,39.8400,41,2
2026-03-19,600036,11:08:31,39.8400,231,2
2026-03-19,600036,11:08:34,39.8500,36,1
2026-03-19,600036,11:08:37,39.8500,5,1
2026-03-19,600036,11:08:40,39.8500,3,1
2026-03-19,600036,11:08:43,39.8400,273,2
2026-03-19,600036,11:08:46,39.8400,41,2
2026-03-19,600036,11:08:49,39.8400,40,2
2026-03-19,600036,11:08:52,39.8400,21,2
2026-03-19,600036,11:08:55,39.8400,35,2
2026-03-19,600036,11:08:58,39.8400,15,1
2026-03-19,600036,11:09:01,39.8300,7,2
2026-03-19,600036,11:09:04,39.8400,18,1
2026-03-19,600036,11:09:07,39.8300,35,2
2026-03-19,600036,11:09:10,39.8300,49,2
2026-03-19,600036,11:09:13,39.8300,145,2
2026-03-19,600036,11:09:16,39.8400,77,1
2026-03-19,600036,11:09:19,39.8400,26,1
2026-03-19,600036,11:09:22,39.8300,9,4
2026-03-19,600036,11:09:28,39.8200,61,2
2026-03-19,600036,11:09:31,39.8200,6,2
2026-03-19,600036,11:09:34,39.8300,8,1
2026-03-19,600036,11:09:37,39.8300,28,1
2026-03-19,600036,11:09:40,39.8300,6,1
2026-03-19,600036,11:09:43,39.8300,27,1
2026-03-19,600036,11:09:46,39.8200,61,2
2026-03-19,600036,11:09:49,39.8200,29,2
2026-03-19,600036,11:09:52,39.8200,73,2
2026-03-19,600036,11:09:55,39.8200,15,2
2026-03-19,600036,11:09:58,39.8300,1,1
2026-03-19,600036,11:10:01,39.8300,20,1
2026-03-19,600036,11:10:04,39.8300,9,1
2026-03-19,600036,11:10:07,39.8300,290,1
2026-03-19,600036,11:10:10,39.8400,123,1
2026-03-19,600036,11:10:13,39.8400,224,1
2026-03-19,600036,11:10:16,39.8400,83,1
2026-03-19,600036,11:10:19,39.8500,21,1
2026-03-19,600036,11:10:22,39.8400,16,2
2026-03-19,600036,11:10:25,39.8500,19,1
2026-03-19,600036,11:10:28,39.8400,39,2
2026-03-19,600036,11:10:31,39.8400,14,2
2026-03-19,600036,11:10:34,39.8500,11,1
2026-03-19,600036,11:10:37,39.8500,123,1
2026-03-19,600036,11:10:40,39.8500,35,2
2026-03-19,600036,11:10:43,39.8500,19,2
2026-03-19,600036,11:10:46,39.8500,29,2
2026-03-19,600036,11:10:49,39.8500,17,2
2026-03-19,600036,11:10:52,39.8600,32,1
2026-03-19,600036,11:10:55,39.8600,21,1
2026-03-19,600036,11:10:58,39.8600,3,1
2026-03-19,600036,11:11:01,39.8600,15,1
2026-03-19,600036,11:11:04,39.8600,65,1
2026-03-19,600036,11:11:07,39.8600,167,1
2026-03-19,600036,11:11:10,39.8600,86,2
2026-03-19,600036,11:11:13,39.8700,19,1
2026-03-19,600036,11:11:16,39.8700,17,1
2026-03-19,600036,11:11:19,39.8700,62,1
2026-03-19,600036,11:11:22,39.8600,51,2
2026-03-19,600036,11:11:25,39.8700,208,1
2026-03-19,600036,11:11:28,39.8700,91,1
2026-03-19,600036,11:11:31,39.8700,46,1
2026-03-19,600036,11:11:34,39.8700,46,1
2026-03-19,600036,11:11:37,39.8700,39,1
2026-03-19,600036,11:11:40,39.8700,60,1
2026-03-19,600036,11:11:43,39.8800,33,1
2026-03-19,600036,11:11:46,39.8800,71,1
2026-03-19,600036,11:11:49,39.8700,17,2
2026-03-19,600036,11:11:52,39.8700,72,2
2026-03-19,600036,11:11:55,39.8800,17,1
2026-03-19,600036,11:11:58,39.8700,48,2
2026-03-19,600036,11:12:01,39.8700,27,2
2026-03-19,600036,11:12:04,39.8800,392,1
2026-03-19,600036,11:12:07,39.8700,17,2
2026-03-19,600036,11:12:10,39.8700,79,2
2026-03-19,600036,11:12:13,39.8800,22,1
2026-03-19,600036,11:12:16,39.8700,56,2
2026-03-19,600036,11:12:19,39.8600,409,2
2026-03-19,600036,11:12:22,39.8600,49,2
2026-03-19,600036,11:12:25,39.8600,180,2
2026-03-19,600036,11:12:28,39.8600,30,2
2026-03-19,600036,11:12:31,39.8500,71,2
2026-03-19,600036,11:12:34,39.8500,251,2
2026-03-19,600036,11:12:37,39.8500,26,1
2026-03-19,600036,11:12:40,39.8500,149,1
2026-03-19,600036,11:12:43,39.8300,116,2
2026-03-19,600036,11:12:46,39.8300,92,2
2026-03-19,600036,11:12:49,39.8400,34,2
2026-03-19,600036,11:12:52,39.8500,338,1
2026-03-19,600036,11:12:55,39.8500,120,1
2026-03-19,600036,11:12:58,39.8500,89,2
2026-03-19,600036,11:13:01,39.8500,68,1
2026-03-19,600036,11:13:04,39.8500,44,1
2026-03-19,600036,11:13:07,39.8400,32,2
2026-03-19,600036,11:13:10,39.8400,113,2
2026-03-19,600036,11:13:13,39.8300,38,2
2026-03-19,600036,11:13:19,39.8300,11,2
2026-03-19,600036,11:13:25,39.8400,33,1
2026-03-19,600036,11:13:28,39.8400,14,1
2026-03-19,600036,11:13:31,39.8400,26,1
2026-03-19,600036,11:13:34,39.8400,22,1
2026-03-19,600036,11:13:37,39.8400,12,1
2026-03-19,600036,11:13:40,39.8300,31,2
2026-03-19,600036,11:13:43,39.8400,84,1
2026-03-19,600036,11:13:46,39.8300,41,2
2026-03-19,600036,11:13:49,39.8400,42,1
2026-03-19,600036,11:13:52,39.8400,107,1
2026-03-19,600036,11:13:55,39.8300,66,2
2026-03-19,600036,11:13:58,39.8400,19,1
2026-03-19,600036,11:14:01,39.8300,137,2
2026-03-19,600036,11:14:04,39.8400,96,1
2026-03-19,600036,11:14:07,39.8400,10,1
2026-03-19,600036,11:14:10,39.8400,25,1
2026-03-19,600036,11:14:13,39.8400,20,1
2026-03-19,600036,11:14:16,39.8400,34,1
2026-03-19,600036,11:14:19,39.8400,107,1
2026-03-19,600036,11:14:22,39.8500,134,1
2026-03-19,600036,11:14:25,39.8500,49,2
2026-03-19,600036,11:14:28,39.8500,13,2
2026-03-19,600036,11:14:31,39.8500,3,2
2026-03-19,600036,11:14:34,39.8600,248,1
2026-03-19,600036,11:14:37,39.8600,47,2
2026-03-19,600036,11:14:40,39.8600,69,2
2026-03-19,600036,11:14:43,39.8700,80,1
2026-03-19,600036,11:14:46,39.8600,21,2
2026-03-19,600036,11:14:49,39.8600,205,2
2026-03-19,600036,11:14:52,39.8700,25,1
2026-03-19,600036,11:14:55,39.8600,17,2
2026-03-19,600036,11:14:58,39.8700,6,1
2026-03-19,600036,11:15:01,39.8700,10,1
2026-03-19,600036,11:15:04,39.8700,43,1
2026-03-19,600036,11:15:07,39.8600,12,2
2026-03-19,600036,11:15:10,39.8600,56,2
2026-03-19,600036,11:15:13,39.8600,75,2
2026-03-19,600036,11:15:16,39.8700,22,1
2026-03-19,600036,11:15:19,39.8700,2,1
2026-03-19,600036,11:15:22,39.8600,8,2
2026-03-19,600036,11:15:25,39.8600,115,2
2026-03-19,600036,11:15:28,39.8600,10,2
2026-03-19,600036,11:15:31,39.8600,45,2
2026-03-19,600036,11:15:34,39.8700,63,1
2026-03-19,600036,11:15:37,39.8600,87,2
2026-03-19,600036,11:15:40,39.8600,5,2
2026-03-19,600036,11:15:43,39.8600,52,2
2026-03-19,600036,11:15:46,39.8600,35,2
2026-03-19,600036,11:15:49,39.8700,23,1
2026-03-19,600036,11:15:52,39.8600,17,2
2026-03-19,600036,11:15:55,39.8600,54,2
2026-03-19,600036,11:15:58,39.8700,29,1
2026-03-19,600036,11:16:01,39.8700,43,1
2026-03-19,600036,11:16:04,39.8600,12,2
2026-03-19,600036,11:16:07,39.8600,27,2
2026-03-19,600036,11:16:10,39.8600,15,2
2026-03-19,600036,11:16:13,39.8600,26,2
2026-03-19,600036,11:16:16,39.8600,16,2
2026-03-19,600036,11:16:19,39.8600,11,2
2026-03-19,600036,11:16:22,39.8600,7,2
2026-03-19,600036,11:16:25,39.8600,83,2
2026-03-19,600036,11:16:28,39.8700,21,1
2026-03-19,600036,11:16:31,39.8600,13,2
2026-03-19,600036,11:16:34,39.8700,57,1
2026-03-19,600036,11:16:37,39.8700,14,1
2026-03-19,600036,11:16:40,39.8500,519,2
2026-03-19,600036,11:16:43,39.8500,128,2
2026-03-19,600036,11:16:46,39.8500,68,2
2026-03-19,600036,11:16:49,39.8500,112,2
2026-03-19,600036,11:16:52,39.8600,30,1
2026-03-19,600036,11:16:55,39.8700,49,1
2026-03-19,600036,11:16:58,39.8700,260,1
2026-03-19,600036,11:17:01,39.8700,86,1
2026-03-19,600036,11:17:04,39.8700,133,1
2026-03-19,600036,11:17:07,39.8700,54,1
2026-03-19,600036,11:17:10,39.8600,60,2
2026-03-19,600036,11:17:13,39.8700,8,1
2026-03-19,600036,11:17:16,39.8600,18,2
2026-03-19,600036,11:17:19,39.8600,51,2
2026-03-19,600036,11:17:22,39.8700,16,1
2026-03-19,600036,11:17:25,39.8600,176,2
2026-03-19,600036,11:17:28,39.8600,63,2
2026-03-19,600036,11:17:31,39.8700,46,4
2026-03-19,600036,11:17:34,39.8700,32,1
2026-03-19,600036,11:17:37,39.8600,21,2
2026-03-19,600036,11:17:43,39.8600,30,2
2026-03-19,600036,11:17:46,39.8600,204,2
2026-03-19,600036,11:17:49,39.8600,9,2
2026-03-19,600036,11:17:52,39.8700,95,1
2026-03-19,600036,11:17:55,39.8700,11,1
2026-03-19,600036,11:17:58,39.8700,18,1
2026-03-19,600036,11:18:01,39.8700,32,1
2026-03-19,600036,11:18:04,39.8700,8,1
2026-03-19,600036,11:18:07,39.8600,15,2
2026-03-19,600036,11:18:10,39.8600,15,2
2026-03-19,600036,11:18:13,39.8700,66,1
2026-03-19,600036,11:18:19,39.8500,39,2
2026-03-19,600036,11:18:22,39.8500,39,2
2026-03-19,600036,11:18:25,39.8500,45,2
2026-03-19,600036,11:18:28,39.8500,64,2
2026-03-19,600036,11:18:31,39.8700,14,1
2026-03-19,600036,11:18:34,39.8700,22,1
2026-03-19,600036,11:18:40,39.8700,8,1
2026-03-19,600036,11:18:43,39.8600,30,2
2026-03-19,600036,11:18:46,39.8600,20,2
2026-03-19,600036,11:18:49,39.8700,4,1
2026-03-19,600036,11:18:52,39.8600,58,2
2026-03-19,600036,11:18:55,39.8600,30,2
2026-03-19,600036,11:18:58,39.8700,86,1
2026-03-19,600036,11:19:01,39.8600,48,2
2026-03-19,600036,11:19:04,39.8700,32,1
2026-03-19,600036,11:19:07,39.8700,14,1
2026-03-19,600036,11:19:10,39.8700,51,1
2026-03-19,600036,11:19:13,39.8700,19,2
2026-03-19,600036,11:19:16,39.8800,305,1
2026-03-19,600036,11:19:19,39.8900,105,1
2026-03-19,600036,11:19:22,39.8900,216,1
2026-03-19,600036,11:19:25,39.8800,55,2
2026-03-19,600036,11:19:28,39.8800,114,2
2026-03-19,600036,11:19:31,39.9000,46,1
2026-03-19,600036,11:19:34,39.9000,247,1
2026-03-19,600036,11:19:37,39.9000,167,1
