date,code,time,price,volume,bs
2026-03-16,000333,14:05:51,76.6300,7,1
2026-03-16,000333,14:05:54,76.6100,6,2
2026-03-16,000333,14:05:57,76.6300,37,1
2026-03-16,000333,14:06:00,76.6000,70,2
2026-03-16,000333,14:06:03,76.6400,94,1
2026-03-16,000333,14:06:06,76.6000,59,2
2026-03-16,000333,14:06:09,76.5800,32,2
2026-03-16,000333,14:06:12,76.5600,39,2
2026-03-16,000333,14:06:15,76.5700,64,1
2026-03-16,000333,14:06:18,76.5700,42,1
2026-03-16,000333,14:06:21,76.5600,30,4
2026-03-16,000333,14:06:24,76.5600,7,1
2026-03-16,000333,14:06:27,76.5700,43,1
2026-03-16,000333,14:06:30,76.5700,32,1
2026-03-16,000333,14:06:33,76.5700,27,1
2026-03-16,000333,14:06:36,76.5600,21,2
2026-03-16,000333,14:06:39,76.5800,44,1
2026-03-16,000333,14:06:42,76.5500,24,2
2026-03-16,000333,14:06:45,76.5600,9,4
2026-03-16,000333,14:06:48,76.5700,33,1
2026-03-16,000333,14:06:51,76.5700,14,1
2026-03-16,000333,14:06:54,76.5500,11,2
2026-03-16,000333,14:06:57,76.5500,78,2
2026-03-16,000333,14:07:00,76.5400,27,2
2026-03-16,000333,14:07:03,76.5500,12,1
2026-03-16,000333,14:07:06,76.5400,59,2
2026-03-16,000333,14:07:09,76.5600,35,1
2026-03-16,000333,14:07:12,76.5500,19,2
2026-03-16,000333,14:07:15,76.5400,23,2
2026-03-16,000333,14:07:18,76.5500,21,2
2026-03-16,000333,14:07:21,76.5500,86,2
2026-03-16,000333,14:07:24,76.5800,25,1
2026-03-16,000333,14:07:27,76.5800,67,1
2026-03-16,000333,14:07:30,76.5300,14,2
2026-03-16,000333,14:07:33,76.5300,34,2
2026-03-16,000333,14:07:36,76.5500,24,2
2026-03-16,000333,14:07:39,76.5500,17,2
2026-03-16,000333,14:07:42,76.5500,14,2
2026-03-16,000333,14:07:45,76.5700,28,1
2026-03-16,000333,14:07:48,76.5700,43,1
2026-03-16,000333,14:07:51,76.5400,34,2
2026-03-16,000333,14:07:54,76.5800,40,1
2026-03-16,000333,14:07:57,76.5700,9,1
2026-03-16,000333,14:08:00,76.5400,20,2
2026-03-16,000333,14:08:03,76.5700,11,1
2026-03-16,000333,14:08:06,76.5700,42,1
2026-03-16,000333,14:08:09,76.5400,4,2
2026-03-16,000333,14:08:12,76.5500,18,1
2026-03-16,000333,14:08:15,76.5500,11,1
2026-03-16,000333,14:08:18,76.5700,18,1
2026-03-16,000333,14:08:21,76.5600,7,2
2026-03-16,000333,14:08:24,76.5700,23,1
2026-03-16,000333,14:08:27,76.5700,9,1
2026-03-16,000333,14:08:30,76.5900,17,1
2026-03-16,000333,14:08:33,76.5700,51,2
2026-03-16,000333,14:08:36,76.5900,21,1
2026-03-16,000333,14:08:42,76.5800,1,1
2026-03-16,000333,14:08:45,76.5700,8,1
2026-03-16,000333,14:08:48,76.5500,1,2
2026-03-16,000333,14:08:54,76.5700,7,1
2026-03-16,000333,14:08:57,76.5700,17,1
2026-03-16,000333,14:09:00,76.5700,17,1
2026-03-16,000333,14:09:03,76.5700,35,1
2026-03-16,000333,14:09:06,76.5700,28,1
2026-03-16,000333,14:09:09,76.5700,17,1
2026-03-16,000333,14:09:12,76.5700,50,1
2026-03-16,000333,14:09:15,76.5700,6,1
2026-03-16,000333,14:09:18,76.5700,12,1
2026-03-16,000333,14:09:21,76.5700,8,1
2026-03-16,000333,14:09:24,76.5700,3,1
2026-03-16,000333,14:09:27,76.5600,7,2
2026-03-16,000333,14:09:30,76.5600,6,2
2026-03-16,000333,14:09:33,76.5700,38,1
2026-03-16,000333,14:09:36,76.5800,94,1
2026-03-16,000333,14:09:39,76.6000,74,1
2026-03-16,000333,14:09:42,76.5500,114,2
2026-03-16,000333,14:09:45,76.5800,1,1
2026-03-16,000333,14:09:48,76.5800,10,1
2026-03-16,000333,14:09:51,76.5700,16,2
2026-03-16,000333,14:09:54,76.5800,55,1
2026-03-16,000333,14:09:57,76.5800,25,4
2026-03-16,000333,14:10:00,76.5500,39,2
2026-03-16,000333,14:10:03,76.5800,8,1
2026-03-16,000333,14:10:06,76.5800,39,1
2026-03-16,000333,14:10:09,76.5500,35,2
2026-03-16,000333,14:10:12,76.5400,10,2
2026-03-16,000333,14:10:15,76.5500,40,4
2026-03-16,000333,14:10:18,76.5200,33,2
2026-03-16,000333,14:10:21,76.5500,19,1
2026-03-16,000333,14:10:24,76.5400,51,1
2026-03-16,000333,14:10:27,76.5400,60,2
2026-03-16,000333,14:10:30,76.5500,40,4
2026-03-16,000333,14:10:33,76.5400,7,2
2026-03-16,000333,14:10:36,76.5600,17,1
2026-03-16,000333,14:10:39,76.5700,22,1
2026-03-16,000333,14:10:42,76.5700,2,1
2026-03-16,000333,14:10:45,76.5700,19,1
2026-03-16,000333,14:10:48,76.5600,3,2
2026-03-16,000333,14:10:51,76.5600,2,2
2026-03-16,000333,14:10:54,76.6000,36,1
2026-03-16,000333,14:10:57,76.5600,1,2
2026-03-16,000333,14:11:00,76.5600,6,4
2026-03-16,000333,14:11:03,76.5500,27,2
2026-03-16,000333,14:11:06,76.5700,50,1
2026-03-16,000333,14:11:09,76.5700,5,1
2026-03-16,000333,14:11:12,76.5600,9,2
2026-03-16,000333,14:11:15,76.5800,2,1
2026-03-16,000333,14:11:18,76.5600,7,2
2026-03-16,000333,14:11:21,76.5600,1,1
2026-03-16,000333,14:11:24,76.5700,4,1
2026-03-16,000333,14:11:27,76.5800,15,1
2026-03-16,000333,14:11:30,76.5900,4,1
2026-03-16,000333,14:11:33,76.5800,3,4
2026-03-16,000333,14:11:36,76.5800,47,4
2026-03-16,000333,14:11:39,76.5900,17,1
2026-03-16,000333,14:11:42,76.5800,12,2
2026-03-16,000333,14:11:45,76.5800,16,2
2026-03-16,000333,14:11:48,76.5900,2,1
2026-03-16,000333,14:11:51,76.5900,41,1
2026-03-16,000333,14:11:57,76.5900,3,1
2026-03-16,000333,14:12:00,76.5700,2,2
2026-03-16,000333,14:12:03,76.5900,48,1
2026-03-16,000333,14:12:06,76.5800,3,4
2026-03-16,000333,14:12:09,76.5700,34,2
2026-03-16,000333,14:12:12,76.5900,3,1
2026-03-16,000333,14:12:15,76.5900,7,1
2026-03-16,000333,14:12:18,76.5900,8,1
2026-03-16,000333,14:12:21,76.6000,21,1
2026-03-16,000333,14:12:24,76.5900,9,2
2026-03-16,000333,14:12:27,76.6000,26,1
2026-03-16,000333,14:12:30,76.6000,2,1
2026-03-16,000333,14:12:33,76.5800,50,2
2026-03-16,000333,14:12:36,76.5900,11,1
2026-03-16,000333,14:12:39,76.5900,4,1
2026-03-16,000333,14:12:42,76.5900,35,2
2026-03-16,000333,14:12:45,76.5900,11,2
2026-03-16,000333,14:12:48,76.6000,24,1
2026-03-16,000333,14:12:51,76.5800,79,2
2026-03-16,000333,14:12:54,76.5900,5,4
2026-03-16,000333,14:12:57,76.5900,15,4
2026-03-16,000333,14:13:00,76.5800,2,2
2026-03-16,000333,14:13:03,76.6000,48,1
2026-03-16,000333,14:13:06,76.6000,3,1
2026-03-16,000333,14:13:09,76.5800,16,2
2026-03-16,000333,14:13:12,76.5700,13,2
2026-03-16,000333,14:13:15,76.5800,9,4
2026-03-16,000333,14:13:18,76.5700,27,2
2026-03-16,000333,14:13:21,76.5800,15,1
2026-03-16,000333,14:13:24,76.5700,24,2
2026-03-16,000333,14:13:27,76.5800,12,1
2026-03-16,000333,14:13:30,76.5800,12,1
2026-03-16,000333,14:13:33,76.5700,31,2
2026-03-16,000333,14:13:36,76.5700,6,1
2026-03-16,000333,14:13:39,76.5700,15,1
2026-03-16,000333,14:13:42,76.5600,2,2
2026-03-16,000333,14:13:45,76.5600,88,2
2026-03-16,000333,14:13:48,76.5500,23,2
2026-03-16,000333,14:13:51,76.5400,9,2
2026-03-16,000333,14:13:54,76.5400,1,2
2026-03-16,000333,14:14:00,76.5500,3,1
2026-03-16,000333,14:14:03,76.5500,5,1
2026-03-16,000333,14:14:06,76.5500,42,1
2026-03-16,000333,14:14:09,76.5500,8,1
2026-03-16,000333,14:14:12,76.5600,1,1
2026-03-16,000333,14:14:15,76.5600,35,1
2026-03-16,000333,14:14:18,76.5600,10,1
2026-03-16,000333,14:14:21,76.5700,56,1
2026-03-16,000333,14:14:24,76.5600,30,2
2026-03-16,000333,14:14:27,76.5700,26,1
2026-03-16,000333,14:14:30,76.5600,7,2
2026-03-16,000333,14:14:33,76.5700,28,1
2026-03-16,000333,14:14:36,76.5700,5,1
2026-03-16,000333,14:14:39,76.5600,12,2
2026-03-16,000333,14:14:42,76.5700,31,1
2026-03-16,000333,14:14:45,76.5600,3,2
2026-03-16,000333,14:14:48,76.5700,18,2
2026-03-16,000333,14:14:51,76.5700,5,1
2026-03-16,000333,14:14:54,76.5800,21,1
2026-03-16,000333,14:14:57,76.5800,4,1
2026-03-16,000333,14:15:00,76.5700,56,2
2026-03-16,000333,14:15:03,76.5600,9,2
2026-03-16,000333,14:15:09,76.5800,9,1
2026-03-16,000333,14:15:12,76.5700,3,1
2026-03-16,000333,14:15:15,76.5700,6,1
2026-03-16,000333,14:15:18,76.5600,5,2
2026-03-16,000333,14:15:21,76.5600,35,2
2026-03-16,000333,14:15:24,76.5700,16,1
2026-03-16,000333,14:15:27,76.5700,16,2
2026-03-16,000333,14:15:30,76.5700,47,2
2026-03-16,000333,14:15:33,76.5700,1,2
2026-03-16,000333,14:15:36,76.5800,26,1
2026-03-16,000333,14:15:42,76.5700,48,2
2026-03-16,000333,14:15:48,76.5800,49,1
2026-03-16,000333,14:15:51,76.5600,12,2
2026-03-16,000333,14:15:54,76.5800,1,1
2026-03-16,000333,14:15:57,76.5700,2,1
2026-03-16,000333,14:16:00,76.5700,8,1
2026-03-16,000333,14:16:03,76.5600,30,2
2026-03-16,000333,14:16:06,76.5600,144,2
2026-03-16,000333,14:16:09,76.5600,13,2
2026-03-16,000333,14:16:12,76.5800,49,1
2026-03-16,000333,14:16:15,76.5700,36,2
2026-03-16,000333,14:16:18,76.5700,28,2
2026-03-16,000333,14:16:21,76.5700,3,1
2026-03-16,000333,14:16:24,76.5700,24,1
2026-03-16,000333,14:16:27,76.5700,9,1
2026-03-16,000333,14:16:30,76.5800,24,1
2026-03-16,000333,14:16:36,76.5800,1,1
2026-03-16,000333,14:16:39,76.5800,2,1
2026-03-16,000333,14:16:45,76.5700,40,2
2026-03-16,000333,14:16:48,76.5800,2,1
2026-03-16,000333,14:16:51,76.5800,7,1
2026-03-16,000333,14:16:54,76.5800,59,1
2026-03-16,000333,14:16:57,76.5800,20,1
2026-03-16,000333,14:17:00,76.5800,40,2
2026-03-16,000333,14:17:03,76.5900,88,1
2026-03-16,000333,14:17:06,76.5900,69,1
2026-03-16,000333,14:17:09,76.6100,59,1
2026-03-16,000333,14:17:12,76.6300,89,1
2026-03-16,000333,14:17:15,76.6300,21,1
2026-03-16,000333,14:17:18,76.6300,91,1
2026-03-16,000333,14:17:21,76.6500,69,1
2026-03-16,000333,14:17:24,76.6500,80,1
2026-03-16,000333,14:17:27,76.6600,107,1
2026-03-16,000333,14:17:30,76.6600,51,2
2026-03-16,000333,14:17:33,76.6700,37,1
2026-03-16,000333,14:17:36,76.6800,23,1
2026-03-16,000333,14:17:39,76.6800,27,1
2026-03-16,000333,14:17:42,76.6800,16,1
2026-03-16,000333,14:17:45,76.6800,26,1
2026-03-16,000333,14:17:48,76.6700,66,2
2026-03-16,000333,14:17:51,76.6700,10,1
2026-03-16,000333,14:17:54,76.6600,20,2
2026-03-16,000333,14:17:57,76.6700,9,1
2026-03-16,000333,14:18:00,76.6600,4,1
2026-03-16,000333,14:18:03,76.6700,47,1
2026-03-16,000333,14:18:06,76.6700,21,1
2026-03-16,000333,14:18:09,76.6700,10,4
2026-03-16,000333,14:18:12,76.6700,13,2
2026-03-16,000333,14:18:15,76.6600,15,2
2026-03-16,000333,14:18:18,76.6600,3,2
2026-03-16,000333,14:18:21,76.6600,5,2
2026-03-16,000333,14:18:24,76.6600,2,2
2026-03-16,000333,14:18:27,76.6600,13,2
2026-03-16,000333,14:18:30,76.6600,11,2
2026-03-16,000333,14:18:33,76.6600,84,1
2026-03-16,000333,14:18:36,76.6500,1,4
2026-03-16,000333,14:18:39,76.6500,4,1
2026-03-16,000333,14:18:42,76.6500,25,2
2026-03-16,000333,14:18:45,76.6500,23,1
2026-03-16,000333,14:18:48,76.6500,20,1
2026-03-16,000333,14:18:51,76.6600,37,1
2026-03-16,000333,14:18:54,76.6600,77,1
2026-03-16,000333,14:18:57,76.6600,32,2
2026-03-16,000333,14:19:00,76.6600,19,2
2026-03-16,000333,14:19:03,76.6600,11,1
2026-03-16,000333,14:19:06,76.6600,26,1
2026-03-16,000333,14:19:09,76.6600,24,2
2026-03-16,000333,14:19:12,76.6700,5,1
2026-03-16,000333,14:19:15,76.6700,34,1
2026-03-16,000333,14:19:18,76.6700,10,1
2026-03-16,000333,14:19:21,76.6700,2,1
2026-03-16,000333,14:19:24,76.6700,1,1
2026-03-16,000333,14:19:27,76.6700,6,1
2026-03-16,000333,14:19:30,76.6700,3,1
2026-03-16,000333,14:19:33,76.6700,5,1
2026-03-16,000333,14:19:36,76.6700,20,1
2026-03-16,000333,14:19:39,76.6700,81,1
2026-03-16,000333,14:19:42,76.6900,95,1
2026-03-16,000333,14:19:45,76.6900,229,1
2026-03-16,000333,14:19:48,76.7000,70,1
2026-03-16,000333,14:19:51,76.7100,33,1
2026-03-16,000333,14:19:54,76.7000,62,1
2026-03-16,000333,14:19:57,76.7000,8,1
2026-03-16,000333,14:20:00,76.6900,39,2
2026-03-16,000333,14:20:03,76.7000,50,1
2026-03-16,000333,14:20:06,76.6900,22,1
2026-03-16,000333,14:20:12,76.7000,2,1
2026-03-16,000333,14:20:15,76.6900,6,2
2026-03-16,000333,14:20:18,76.6900,18,2
2026-03-16,000333,14:20:21,76.6800,13,2
2026-03-16,000333,14:20:24,76.6900,16,1
2026-03-16,000333,14:20:27,76.6900,23,1
2026-03-16,000333,14:20:30,76.6900,28,2
2026-03-16,000333,14:20:33,76.7100,19,1
2026-03-16,000333,14:20:36,76.7100,23,1
2026-03-16,000333,14:20:39,76.7100,65,2
2026-03-16,000333,14:20:42,76.7200,9,1
2026-03-16,000333,14:20:45,76.7100,5,2
2026-03-16,000333,14:20:48,76.7200,8,1
2026-03-16,000333,14:20:51,76.7200,11,1
2026-03-16,000333,14:20:54,76.7200,4,1
2026-03-16,000333,14:20:57,76.7000,43,2
2026-03-16,000333,14:21:00,76.7100,2,1
2026-03-16,000333,14:21:03,76.7100,18,1
2026-03-16,000333,14:21:06,76.7000,62,2
2026-03-16,000333,14:21:09,76.7200,9,1
2026-03-16,000333,14:21:12,76.7200,14,1
2026-03-16,000333,14:21:15,76.7100,5,4
2026-03-16,000333,14:21:18,76.7100,11,1
2026-03-16,000333,14:21:21,76.7100,3,1
2026-03-16,000333,14:21:24,76.7000,9,2
2026-03-16,000333,14:21:27,76.7000,27,2
2026-03-16,000333,14:21:30,76.6900,47,2
2026-03-16,000333,14:21:33,76.7000,12,1
2026-03-16,000333,14:21:36,76.7100,8,1
2026-03-16,000333,14:21:39,76.7000,50,1
2026-03-16,000333,14:21:42,76.6900,40,2
2026-03-16,000333,14:21:45,76.6900,10,2
2026-03-16,000333,14:21:48,76.7000,56,1
2026-03-16,000333,14:21:51,76.6800,25,2
2026-03-16,000333,14:21:54,76.7000,25,1
2026-03-16,000333,14:21:57,76.6700,86,2
2026-03-16,000333,14:22:00,76.6900,2,1
2026-03-16,000333,14:22:03,76.7000,18,1
2026-03-16,000333,14:22:09,76.7000,5,1
2026-03-16,000333,14:22:15,76.6900,12,2
2026-03-16,000333,14:22:18,76.6800,1,2
2026-03-16,000333,14:22:24,76.6900,8,1
2026-03-16,000333,14:22:27,76.6900,16,1
2026-03-16,000333,14:22:30,76.6900,29,1
2026-03-16,000333,14:22:33,76.7000,12,1
2026-03-16,000333,14:22:36,76.6900,27,2
2026-03-16,000333,14:22:39,76.6900,4,1
2026-03-16,000333,14:22:42,76.6900,15,1
2026-03-16,000333,14:22:45,76.6900,2,2
2026-03-16,000333,14:22:48,76.7000,6,1
2026-03-16,000333,14:22:51,76.6900,17,2
2026-03-16,000333,14:22:54,76.6900,9,2
2026-03-16,000333,14:22:57,76.6900,2,2
2026-03-16,000333,14:23:00,76.7000,5,1
2026-03-16,000333,14:23:03,76.6900,36,2
2026-03-16,000333,14:23:06,76.6900,38,2
2026-03-16,000333,14:23:09,76.6700,198,2
2026-03-16,000333,14:23:12,76.6600,39,2
2026-03-16,000333,14:23:15,76.6700,73,1
2026-03-16,000333,14:23:18,76.6700,40,1
2026-03-16,000333,14:23:21,76.6700,93,2
2026-03-16,000333,14:23:24,76.6800,80,1
2026-03-16,000333,14:23:27,76.6700,14,4
2026-03-16,000333,14:23:30,76.6900,54,1
2026-03-16,000333,14:23:33,76.6800,19,2
2026-03-16,000333,14:23:36,76.6600,37,2
2026-03-16,000333,14:23:39,76.6700,1,1
2026-03-16,000333,14:23:42,76.6700,4,1
2026-03-16,000333,14:23:45,76.6700,10,1
2026-03-16,000333,14:23:48,76.6700,19,1
2026-03-16,000333,14:23:51,76.6700,30,2
2026-03-16,000333,14:23:54,76.6700,7,2
2026-03-16,000333,14:23:57,76.6700,31,2
2026-03-16,000333,14:24:00,76.6700,24,1
2026-03-16,000333,14:24:03,76.6700,99,1
2026-03-16,000333,14:24:06,76.6800,39,1
2026-03-16,000333,14:24:09,76.6800,8,1
2026-03-16,000333,14:24:12,76.6800,7,1
2026-03-16,000333,14:24:15,76.6700,7,1
2026-03-16,000333,14:24:18,76.6700,22,1
2026-03-16,000333,14:24:21,76.6800,27,1
2026-03-16,000333,14:24:24,76.6800,116,1
2026-03-16,000333,14:24:27,76.6900,55,1
2026-03-16,000333,14:24:30,76.6800,18,2
2026-03-16,000333,14:24:33,76.6800,32,2
2026-03-16,000333,14:24:36,76.6900,23,1
2026-03-16,000333,14:24:39,76.6700,54,2
2026-03-16,000333,14:24:42,76.6700,16,2
2026-03-16,000333,14:24:45,76.6800,2,1
2026-03-16,000333,14:24:48,76.6700,39,2
2026-03-16,000333,14:24:51,76.6900,12,1
2026-03-16,000333,14:24:54,76.6700,13,2
2026-03-16,000333,14:24:57,76.6900,13,1
2026-03-16,000333,14:25:03,76.6900,63,1
2026-03-16,000333,14:25:06,76.6600,60,2
2026-03-16,000333,14:25:12,76.6700,13,1
2026-03-16,000333,14:25:15,76.6700,7,1
2026-03-16,000333,14:25:18,76.6700,2,1
2026-03-16,000333,14:25:21,76.6600,1,2
2026-03-16,000333,14:25:24,76.6600,21,2
2026-03-16,000333,14:25:27,76.6600,26,2
2026-03-16,000333,14:25:30,76.6600,21,1
2026-03-16,000333,14:25:33,76.6600,20,1
2026-03-16,000333,14:25:36,76.6600,16,1
2026-03-16,000333,14:25:39,76.6600,8,2
2026-03-16,000333,14:25:42,76.6700,19,1
2026-03-16,000333,14:25:45,76.6600,1,2
2026-03-16,000333,14:25:51,76.6600,4,2
2026-03-16,000333,14:25:57,76.6700,12,1
2026-03-16,000333,14:26:00,76.6700,2,1
2026-03-16,000333,14:26:03,76.6600,17,2
2026-03-16,000333,14:26:06,76.6500,36,2
2026-03-16,000333,14:26:09,76.6600,3,1
2026-03-16,000333,14:26:12,76.6700,50,1
2026-03-16,000333,14:26:15,76.6600,1,4
2026-03-16,000333,14:26:18,76.6700,45,1
2026-03-16,000333,14:26:21,76.6700,9,1
2026-03-16,000333,14:26:24,76.6600,11,2
2026-03-16,000333,14:26:27,76.6800,25,1
2026-03-16,000333,14:26:30,76.6800,42,1
2026-03-16,000333,14:26:33,76.6700,6,4
2026-03-16,000333,14:26:36,76.6600,25,2
2026-03-16,000333,14:26:39,76.6600,4,2
2026-03-16,000333,14:26:42,76.6700,17,1
2026-03-16,000333,14:26:45,76.6500,2,2
2026-03-16,000333,14:26:48,76.6600,5,1
2026-03-16,000333,14:26:51,76.6600,13,1
2026-03-16,000333,14:26:54,76.6600,9,1
2026-03-16,000333,14:27:00,76.6600,2,1
2026-03-16,000333,14:27:03,76.6500,54,2
2026-03-16,000333,14:27:06,76.6800,15,1
2026-03-16,000333,14:27:09,76.6600,78,4
2026-03-16,000333,14:27:12,76.6500,8,2
2026-03-16,000333,14:27:15,76.6500,10,1
2026-03-16,000333,14:27:18,76.6500,20,1
2026-03-16,000333,14:27:21,76.6500,11,1
2026-03-16,000333,14:27:24,76.6400,218,2
2026-03-16,000333,14:27:27,76.6500,41,1
2026-03-16,000333,14:27:30,76.6500,2,1
2026-03-16,000333,14:27:33,76.6500,5,1
2026-03-16,000333,14:27:36,76.6400,8,2
2026-03-16,000333,14:27:39,76.6500,8,1
2026-03-16,000333,14:27:42,76.6400,73,2
2026-03-16,000333,14:27:45,76.6300,26,2
2026-03-16,000333,14:27:48,76.6400,62,1
2026-03-16,000333,14:27:51,76.6500,13,1
2026-03-16,000333,14:27:54,76.6600,7,1
2026-03-16,000333,14:27:57,76.6600,18,1
2026-03-16,000333,14:28:00,76.6600,12,1
2026-03-16,000333,14:28:03,76.6500,51,2
2026-03-16,000333,14:28:06,76.6500,32,1
2026-03-16,000333,14:28:09,76.6500,2,1
2026-03-16,000333,14:28:12,76.6400,19,2
2026-03-16,000333,14:28:15,76.6500,4,1
2026-03-16,000333,14:28:18,76.6400,109,2
2026-03-16,000333,14:28:21,76.6500,30,1
2026-03-16,000333,14:28:24,76.6300,51,2
2026-03-16,000333,14:28:27,76.6200,15,2
2026-03-16,000333,14:28:30,76.6300,28,1
2026-03-16,000333,14:28:33,76.6200,6,2
2026-03-16,000333,14:28:36,76.6200,27,2
2026-03-16,000333,14:28:39,76.6200,7,2
2026-03-16,000333,14:28:42,76.6200,22,1
2026-03-16,000333,14:28:45,76.6200,33,1
2026-03-16,000333,14:28:48,76.6200,13,2
2026-03-16,000333,14:28:51,76.6200,4,2
2026-03-16,000333,14:28:54,76.6400,6,1
2026-03-16,000333,14:28:57,76.6300,28,2
2026-03-16,000333,14:29:00,76.6300,52,2
2026-03-16,000333,14:29:03,76.6300,44,1
2026-03-16,000333,14:29:06,76.6300,7,1
2026-03-16,000333,14:29:09,76.6300,33,2
2026-03-16,000333,14:29:12,76.6300,5,2
2026-03-16,000333,14:29:15,76.6400,14,1
2026-03-16,000333,14:29:18,76.6300,3,2
2026-03-16,000333,14:29:24,76.6300,8,2
2026-03-16,000333,14:29:27,76.6400,2,1
2026-03-16,000333,14:29:30,76.6400,12,1
2026-03-16,000333,14:29:33,76.6400,9,1
2026-03-16,000333,14:29:36,76.6400,13,1
2026-03-16,000333,14:29:39,76.6300,155,2
2026-03-16,000333,14:29:42,76.6300,16,1
2026-03-16,000333,14:29:45,76.6500,17,1
2026-03-16,000333,14:29:48,76.6400,17,4
2026-03-16,000333,14:29:51,76.6400,23,1
2026-03-16,000333,14:29:54,76.6300,26,4
2026-03-16,000333,14:29:57,76.6300,16,1
2026-03-16,000333,14:30:00,76.6300,7,1
2026-03-16,000333,14:30:03,76.6300,31,1
2026-03-16,000333,14:30:06,76.6300,69,1
2026-03-16,000333,14:30:09,76.6300,28,1
2026-03-16,000333,14:30:12,76.6300,156,2
2026-03-16,000333,14:30:15,76.6400,9,1
2026-03-16,000333,14:30:18,76.6400,2,1
2026-03-16,000333,14:30:21,76.6400,8,1
2026-03-16,000333,14:30:24,76.6300,13,2
2026-03-16,000333,14:30:27,76.6400,25,1
2026-03-16,000333,14:30:30,76.6400,5,1
2026-03-16,000333,14:30:33,76.6400,15,1
2026-03-16,000333,14:30:36,76.6400,12,1
2026-03-16,000333,14:30:39,76.6400,14,1
2026-03-16,000333,14:30:42,76.6300,24,2
2026-03-16,000333,14:30:45,76.6400,11,1
2026-03-16,000333,14:30:48,76.6400,12,1
2026-03-16,000333,14:30:51,76.6300,2,2
2026-03-16,000333,14:30:54,76.6400,16,1
2026-03-16,000333,14:30:57,76.6300,18,2
2026-03-16,000333,14:31:00,76.6400,8,1
2026-03-16,000333,14:31:03,76.6300,16,2
2026-03-16,000333,14:31:06,76.6400,30,1
2026-03-16,000333,14:31:09,76.6300,46,2
2026-03-16,000333,14:31:15,76.6500,14,1
2026-03-16,000333,14:31:18,76.6400,4,1
2026-03-16,000333,14:31:21,76.6400,8,1
2026-03-16,000333,14:31:24,76.6400,44,1
2026-03-16,000333,14:31:27,76.6400,46,1
2026-03-16,000333,14:31:30,76.6500,3,1
2026-03-16,000333,14:31:33,76.6500,36,1
2026-03-16,000333,14:31:36,76.6400,21,2
2026-03-16,000333,14:31:39,76.6500,54,1
2026-03-16,000333,14:31:42,76.6500,76,2
2026-03-16,000333,14:31:45,76.6600,8,1
2026-03-16,000333,14:31:48,76.6600,6,1
2026-03-16,000333,14:31:51,76.6600,32,1
2026-03-16,000333,14:31:54,76.6600,13,1
2026-03-16,000333,14:31:57,76.6600,40,1
2026-03-16,000333,14:32:00,76.6500,54,2
2026-03-16,000333,14:32:03,76.6400,69,2
2026-03-16,000333,14:32:06,76.6500,80,2
2026-03-16,000333,14:32:09,76.6400,12,2
2026-03-16,000333,14:32:12,76.6500,7,1
2026-03-16,000333,14:32:15,76.6400,4,2
2026-03-16,000333,14:32:21,76.6400,1,2
2026-03-16,000333,14:32:24,76.6400,5,2
2026-03-16,000333,14:32:27,76.6400,4,2
2026-03-16,000333,14:32:30,76.6400,39,2
2026-03-16,000333,14:32:33,76.6700,21,1
2026-03-16,000333,14:32:36,76.6400,6,2
2026-03-16,000333,14:32:39,76.6600,44,1
2026-03-16,000333,14:32:42,76.6500,7,1
2026-03-16,000333,14:32:45,76.6600,28,1
2026-03-16,000333,14:32:48,76.6500,6,1
2026-03-16,000333,14:32:51,76.6600,5,1
2026-03-16,000333,14:32:54,76.6600,12,4
2026-03-16,000333,14:32:57,76.6600,7,4
2026-03-16,000333,14:33:00,76.6700,4,1
2026-03-16,000333,14:33:03,76.6400,133,2
2026-03-16,000333,14:33:06,76.6700,35,1
2026-03-16,000333,14:33:09,76.6500,2,2
2026-03-16,000333,14:33:12,76.6400,35,2
2026-03-16,000333,14:33:15,76.6500,24,1
2026-03-16,000333,14:33:18,76.6500,3,1
2026-03-16,000333,14:33:21,76.6400,1,4
2026-03-16,000333,14:33:24,76.6500,4,1
2026-03-16,000333,14:33:27,76.6400,1,2
2026-03-16,000333,14:33:30,76.6400,13,2
2026-03-16,000333,14:33:33,76.6600,78,1
2026-03-16,000333,14:33:36,76.6400,18,2
2026-03-16,000333,14:33:39,76.6700,11,1
2026-03-16,000333,14:33:42,76.6600,1,1
2026-03-16,000333,14:33:45,76.6600,16,1
2026-03-16,000333,14:33:48,76.6400,27,2
2026-03-16,000333,14:33:51,76.6400,55,2
2026-03-16,000333,14:33:54,76.6500,67,1
2026-03-16,000333,14:33:57,76.6600,9,1
2026-03-16,000333,14:34:00,76.6800,157,1
2026-03-16,000333,14:34:03,76.6800,40,1
2026-03-16,000333,14:34:06,76.6900,83,1
2026-03-16,000333,14:34:09,76.6700,23,4
2026-03-16,000333,14:34:15,76.6800,5,1
2026-03-16,000333,14:34:18,76.6500,60,2
2026-03-16,000333,14:34:21,76.6900,3,1
2026-03-16,000333,14:34:24,76.6500,86,2
2026-03-16,000333,14:34:27,76.6500,16,2
2026-03-16,000333,14:34:30,76.6400,71,2
2026-03-16,000333,14:34:33,76.6500,5,1
2026-03-16,000333,14:34:36,76.6300,9,2
2026-03-16,000333,14:34:39,76.6500,1,1
2026-03-16,000333,14:34:42,76.6400,5,2
2026-03-16,000333,14:34:45,76.6400,1,1
2026-03-16,000333,14:34:48,76.6400,6,1
2026-03-16,000333,14:34:51,76.6500,22,1
2026-03-16,000333,14:34:54,76.6400,2,4
2026-03-16,000333,14:34:57,76.6500,12,1
2026-03-16,000333,14:35:00,76.6500,20,1
2026-03-16,000333,14:35:03,76.6500,34,1
2026-03-16,000333,14:35:06,76.6700,48,1
2026-03-16,000333,14:35:09,76.6700,51,1
2026-03-16,000333,14:35:12,76.6500,18,2
2026-03-16,000333,14:35:15,76.6700,34,1
2026-03-16,000333,14:35:18,76.6400,5,2
2026-03-16,000333,14:35:21,76.6400,55,2
2026-03-16,000333,14:35:24,76.6700,1,1
2026-03-16,000333,14:35:27,76.6800,26,1
2026-03-16,000333,14:35:30,76.6400,18,2
2026-03-16,000333,14:35:33,76.6800,12,1
2026-03-16,000333,14:35:36,76.6400,40,2
2026-03-16,000333,14:35:42,76.6700,31,1
2026-03-16,000333,14:35:45,76.6500,1,4
2026-03-16,000333,14:35:48,76.6400,29,2
2026-03-16,000333,14:35:51,76.6500,4,4
2026-03-16,000333,14:35:57,76.6500,138,1
2026-03-16,000333,14:36:00,76.6300,16,2
2026-03-16,000333,14:36:03,76.6300,11,2
2026-03-16,000333,14:36:06,76.6400,3,1
2026-03-16,000333,14:36:09,76.6300,7,2
2026-03-16,000333,14:36:12,76.6300,1,2
2026-03-16,000333,14:36:15,76.6400,23,1
2026-03-16,000333,14:36:18,76.6400,5,1
2026-03-16,000333,14:36:21,76.6400,22,1
2026-03-16,000333,14:36:24,76.6400,11,2
2026-03-16,000333,14:36:27,76.6400,28,2
2026-03-16,000333,14:36:30,76.6400,13,1
2026-03-16,000333,14:36:33,76.6500,6,1
2026-03-16,000333,14:36:36,76.6600,2,1
2026-03-16,000333,14:36:39,76.6400,32,2
2026-03-16,000333,14:36:42,76.6400,19,2
2026-03-16,000333,14:36:45,76.6500,7,1
2026-03-16,000333,14:36:48,76.6600,39,1
2026-03-16,000333,14:36:51,76.6400,8,2
2026-03-16,000333,14:36:54,76.6400,14,2
2026-03-16,000333,14:36:57,76.6600,8,1
2026-03-16,000333,14:37:00,76.6500,9,2
2026-03-16,000333,14:37:03,76.6700,23,1
2026-03-16,000333,14:37:06,76.6700,34,1
2026-03-16,000333,14:37:09,76.6500,7,2
2026-03-16,000333,14:37:12,76.6500,22,1
2026-03-16,000333,14:37:15,76.6500,23,1
2026-03-16,000333,14:37:18,76.6700,5,1
2026-03-16,000333,14:37:21,76.6600,16,1
2026-03-16,000333,14:37:24,76.6600,12,2
2026-03-16,000333,14:37:27,76.6500,15,2
2026-03-16,000333,14:37:30,76.6500,105,2
2026-03-16,000333,14:37:33,76.6400,13,2
2026-03-16,000333,14:37:36,76.6400,1,2
2026-03-16,000333,14:37:39,76.6400,2,2
2026-03-16,000333,14:37:42,76.6400,49,2
2026-03-16,000333,14:37:45,76.6400,42,2
2026-03-16,000333,14:37:48,76.6400,53,2
2026-03-16,000333,14:37:51,76.6300,9,2
2026-03-16,000333,14:37:54,76.6300,5,2
2026-03-16,000333,14:37:57,76.6300,32,2
2026-03-16,000333,14:38:00,76.6300,36,2
2026-03-16,000333,14:38:03,76.6300,48,1
2026-03-16,000333,14:38:06,76.6200,10,2
2026-03-16,000333,14:38:09,76.6200,12,2
2026-03-16,000333,14:38:12,76.6200,67,2
2026-03-16,000333,14:38:15,76.6200,17,1
2026-03-16,000333,14:38:18,76.6200,8,1
2026-03-16,000333,14:38:21,76.6200,5,1
2026-03-16,000333,14:38:24,76.6200,50,1
2026-03-16,000333,14:38:27,76.6200,30,1
2026-03-16,000333,14:38:30,76.6200,54,1
2026-03-16,000333,14:38:33,76.6100,14,2
2026-03-16,000333,14:38:36,76.6100,26,2
2026-03-16,000333,14:38:39,76.6200,13,2
2026-03-16,000333,14:38:42,76.6200,2,2
2026-03-16,000333,14:38:45,76.6200,35,2
2026-03-16,000333,14:38:48,76.6100,6,2
2026-03-16,000333,14:38:51,76.6200,12,1
2026-03-16,000333,14:38:54,76.6100,353,2
2026-03-16,000333,14:38:57,76.6100,42,4
2026-03-16,000333,14:39:00,76.5900,32,2
2026-03-16,000333,14:39:03,76.5900,76,4
2026-03-16,000333,14:39:06,76.5800,53,2
2026-03-16,000333,14:39:09,76.5800,24,1
2026-03-16,000333,14:39:12,76.5900,10,2
2026-03-16,000333,14:39:15,76.5700,28,2
2026-03-16,000333,14:39:18,76.5800,19,4
2026-03-16,000333,14:39:21,76.5700,32,2
2026-03-16,000333,14:39:24,76.5700,31,1
2026-03-16,000333,14:39:27,76.5800,28,1
2026-03-16,000333,14:39:30,76.5700,22,4
2026-03-16,000333,14:39:33,76.5600,37,2
2026-03-16,000333,14:39:36,76.5700,9,1
2026-03-16,000333,14:39:39,76.5700,22,4
2026-03-16,000333,14:39:42,76.5700,85,1
2026-03-16,000333,14:39:45,76.5700,36,1
2026-03-16,000333,14:39:48,76.5700,30,1
2026-03-16,000333,14:39:51,76.5700,6,2
2026-03-16,000333,14:39:54,76.5600,18,2
2026-03-16,000333,14:39:57,76.5600,62,2
2026-03-16,000333,14:40:00,76.5900,27,1
2026-03-16,000333,14:40:03,76.5400,30,2
2026-03-16,000333,14:40:06,76.5700,85,1
2026-03-16,000333,14:40:09,76.5500,18,2
2026-03-16,000333,14:40:12,76.5800,17,1
2026-03-16,000333,14:40:15,76.5400,6,2
2026-03-16,000333,14:40:18,76.5600,179,1
2026-03-16,000333,14:40:21,76.5300,104,2
2026-03-16,000333,14:40:24,76.5200,10,2
2026-03-16,000333,14:40:27,76.5200,22,2
2026-03-16,000333,14:40:30,76.5300,144,1
2026-03-16,000333,14:40:33,76.5300,33,1
2026-03-16,000333,14:40:36,76.5100,19,2
2026-03-16,000333,14:40:39,76.5200,50,1
2026-03-16,000333,14:40:42,76.5200,84,2
2026-03-16,000333,14:40:45,76.5200,31,1
2026-03-16,000333,14:40:48,76.5300,60,1
2026-03-16,000333,14:40:51,76.5300,21,1
2026-03-16,000333,14:40:54,76.5200,3,4
2026-03-16,000333,14:40:57,76.5300,45,1
2026-03-16,000333,14:41:00,76.5200,7,4
2026-03-16,000333,14:41:03,76.5300,10,1
2026-03-16,000333,14:41:06,76.5300,141,1
2026-03-16,000333,14:41:09,76.5300,19,2
2026-03-16,000333,14:41:12,76.5300,21,2
2026-03-16,000333,14:41:15,76.5500,106,1
2026-03-16,000333,14:41:18,76.5500,31,1
2026-03-16,000333,14:41:21,76.5100,12,2
2026-03-16,000333,14:41:24,76.5100,74,2
2026-03-16,000333,14:41:27,76.5100,36,2
2026-03-16,000333,14:41:30,76.5100,3,2
2026-03-16,000333,14:41:33,76.5300,49,1
2026-03-16,000333,14:41:36,76.5400,11,1
2026-03-16,000333,14:41:39,76.5400,11,1
2026-03-16,000333,14:41:42,76.5300,17,2
2026-03-16,000333,14:41:45,76.5400,19,1
2026-03-16,000333,14:41:48,76.5400,12,1
2026-03-16,000333,14:41:51,76.5400,3,1
2026-03-16,000333,14:41:54,76.5500,20,1
2026-03-16,000333,14:41:57,76.5400,16,1
2026-03-16,000333,14:42:00,76.5400,3,1
2026-03-16,000333,14:42:03,76.5300,34,2
2026-03-16,000333,14:42:06,76.5400,28,1
2026-03-16,000333,14:42:09,76.5600,50,1
2026-03-16,000333,14:42:12,76.5400,14,2
2026-03-16,000333,14:42:15,76.5500,68,1
2026-03-16,000333,14:42:18,76.5400,7,2
2026-03-16,000333,14:42:21,76.5500,2,4
2026-03-16,000333,14:42:24,76.5500,16,1
2026-03-16,000333,14:42:27,76.5600,28,1
2026-03-16,000333,14:42:30,76.5600,28,1
2026-03-16,000333,14:42:33,76.5700,74,1
2026-03-16,000333,14:42:36,76.5500,15,2
2026-03-16,000333,14:42:39,76.5500,30,1
2026-03-16,000333,14:42:42,76.5400,11,2
2026-03-16,000333,14:42:45,76.5600,29,1
2026-03-16,000333,14:42:48,76.5500,77,2
2026-03-16,000333,14:42:51,76.5500,52,2
2026-03-16,000333,14:42:54,76.5500,13,1
2026-03-16,000333,14:42:57,76.5500,14,1
2026-03-16,000333,14:43:00,76.5500,29,1
2026-03-16,000333,14:43:03,76.5700,15,1
2026-03-16,000333,14:43:06,76.5700,35,1
2026-03-16,000333,14:43:09,76.5800,42,1
2026-03-16,000333,14:43:12,76.5600,17,2
2026-03-16,000333,14:43:15,76.5700,19,1
2026-03-16,000333,14:43:18,76.5600,7,2
2026-03-16,000333,14:43:21,76.5700,13,1
2026-03-16,000333,14:43:24,76.5700,2,4
2026-03-16,000333,14:43:27,76.5700,71,1
2026-03-16,000333,14:43:30,76.5800,67,4
2026-03-16,000333,14:43:33,76.5700,17,2
2026-03-16,000333,14:43:36,76.5600,2,2
2026-03-16,000333,14:43:39,76.5700,4,2
2026-03-16,000333,14:43:42,76.5700,62,1
2026-03-16,000333,14:43:45,76.5600,50,2
2026-03-16,000333,14:43:48,76.5600,21,1
2026-03-16,000333,14:43:51,76.5700,85,1
2026-03-16,000333,14:43:54,76.5600,24,2
2026-03-16,000333,14:43:57,76.5600,43,4
2026-03-16,000333,14:44:00,76.5600,25,2
2026-03-16,000333,14:44:03,76.5600,7,1
2026-03-16,000333,14:44:06,76.5700,109,1
2026-03-16,000333,14:44:09,76.5600,2,2
2026-03-16,000333,14:44:12,76.5700,1,1
2026-03-16,000333,14:44:15,76.5600,82,2
2026-03-16,000333,14:44:18,76.5600,58,1
2026-03-16,000333,14:44:21,76.5700,25,1
2026-03-16,000333,14:44:24,76.5700,14,1
2026-03-16,000333,14:44:27,76.5500,14,2
2026-03-16,000333,14:44:30,76.5600,32,1
2026-03-16,000333,14:44:33,76.5500,12,2
2026-03-16,000333,14:44:36,76.5800,41,1
2026-03-16,000333,14:44:39,76.5800,8,1
2026-03-16,000333,14:44:42,76.5500,53,2
2026-03-16,000333,14:44:48,76.5600,7,1
2026-03-16,000333,14:44:51,76.5700,15,1
2026-03-16,000333,14:44:54,76.5700,3,1
2026-03-16,000333,14:44:57,76.5600,4,1
2026-03-16,000333,14:45:00,76.5100,347,2
2026-03-16,000333,14:45:03,76.5200,427,1
2026-03-16,000333,14:45:06,76.5200,21,2
2026-03-16,000333,14:45:09,76.5900,37,1
2026-03-16,000333,14:45:12,76.5000,92,2
2026-03-16,000333,14:45:15,76.5400,6,1
2026-03-16,000333,14:45:18,76.5500,35,1
2026-03-16,000333,14:45:21,76.5100,42,2
2026-03-16,000333,14:45:24,76.5300,16,1
2026-03-16,000333,14:45:27,76.5100,61,2
2026-03-16,000333,14:45:30,76.5200,13,2
2026-03-16,000333,14:45:33,76.5200,68,1
2026-03-16,000333,14:45:36,76.5300,189,1
2026-03-16,000333,14:45:39,76.5300,19,1
2026-03-16,000333,14:45:42,76.5300,22,1
2026-03-16,000333,14:45:45,76.5300,110,1
2026-03-16,000333,14:45:48,76.5300,75,1
2026-03-16,000333,14:45:51,76.5300,7,1
2026-03-16,000333,14:45:54,76.5300,39,1
2026-03-16,000333,14:45:57,76.5300,27,1
2026-03-16,000333,14:46:00,76.5300,17,1
2026-03-16,000333,14:46:03,76.5200,11,1
2026-03-16,000333,14:46:06,76.5300,62,1
2026-03-16,000333,14:46:09,76.5300,6,1
2026-03-16,000333,14:46:12,76.5300,55,1
2026-03-16,000333,14:46:15,76.5300,52,1
2026-03-16,000333,14:46:18,76.5200,9,1
2026-03-16,000333,14:46:21,76.5200,52,1
2026-03-16,000333,14:46:24,76.5200,18,1
2026-03-16,000333,14:46:27,76.5200,46,1
2026-03-16,000333,14:46:30,76.5200,30,1
2026-03-16,000333,14:46:33,76.5200,39,1
2026-03-16,000333,14:46:36,76.5200,33,1
2026-03-16,000333,14:46:39,76.5300,25,1
2026-03-16,000333,14:46:42,76.5300,88,1
2026-03-16,000333,14:46:45,76.5300,19,1
2026-03-16,000333,14:46:48,76.5100,62,2
2026-03-16,000333,14:46:51,76.5100,1,2
2026-03-16,000333,14:46:54,76.5100,149,2
2026-03-16,000333,14:46:57,76.5100,48,1
2026-03-16,000333,14:47:00,76.5100,54,2
2026-03-16,000333,14:47:03,76.5100,175,2
2026-03-16,000333,14:47:06,76.5100,21,1
2026-03-16,000333,14:47:09,76.5100,16,1
2026-03-16,000333,14:47:12,76.5100,14,1
2026-03-16,000333,14:47:15,76.5200,50,1
2026-03-16,000333,14:47:18,76.5100,8,4
2026-03-16,000333,14:47:21,76.5200,4,1
2026-03-16,000333,14:47:24,76.5200,59,1
2026-03-16,000333,14:47:27,76.5200,7,1
2026-03-16,000333,14:47:30,76.5200,4,1
2026-03-16,000333,14:47:33,76.5200,34,1
2026-03-16,000333,14:47:36,76.5100,22,2
2026-03-16,000333,14:47:39,76.5100,191,2
2026-03-16,000333,14:47:42,76.5300,11,1
2026-03-16,000333,14:47:45,76.5200,11,1
2026-03-16,000333,14:47:48,76.5200,5,1
2026-03-16,000333,14:47:51,76.5200,22,1
2026-03-16,000333,14:47:54,76.5200,18,1
2026-03-16,000333,14:47:57,76.5100,29,2
2026-03-16,000333,14:48:00,76.5200,1,1
2026-03-16,000333,14:48:03,76.5200,4,1
2026-03-16,000333,14:48:06,76.5000,139,2
2026-03-16,000333,14:48:09,76.5000,20,2
2026-03-16,000333,14:48:12,76.5100,33,1
2026-03-16,000333,14:48:15,76.5000,56,2
2026-03-16,000333,14:48:18,76.5000,309,2
2026-03-16,000333,14:48:21,76.5100,31,1
2026-03-16,000333,14:48:24,76.4900,10,1
2026-03-16,000333,14:48:27,76.4800,54,2
2026-03-16,000333,14:48:30,76.5000,93,1
2026-03-16,000333,14:48:33,76.5100,6,1
2026-03-16,000333,14:48:36,76.5000,10,2
2026-03-16,000333,14:48:39,76.5100,9,1
2026-03-16,000333,14:48:42,76.5100,10,1
2026-03-16,000333,14:48:45,76.5000,156,2
2026-03-16,000333,14:48:48,76.5100,24,1
2026-03-16,000333,14:48:51,76.5000,18,2
2026-03-16,000333,14:48:54,76.5100,42,1
2026-03-16,000333,14:48:57,76.4800,182,2
2026-03-16,000333,14:49:00,76.5100,24,1
2026-03-16,000333,14:49:03,76.5000,147,2
2026-03-16,000333,14:49:06,76.5100,51,1
2026-03-16,000333,14:49:09,76.5200,69,1
2026-03-16,000333,14:49:12,76.5300,68,1
2026-03-16,000333,14:49:15,76.5400,61,1
2026-03-16,000333,14:49:18,76.5400,48,1
2026-03-16,000333,14:49:21,76.5400,45,2
2026-03-16,000333,14:49:24,76.5300,30,2
2026-03-16,000333,14:49:27,76.5400,40,1
2026-03-16,000333,14:49:30,76.5000,174,2
2026-03-16,000333,14:49:33,76.5100,4,2
2026-03-16,000333,14:49:36,76.5200,50,2
2026-03-16,000333,14:49:39,76.5300,16,4
2026-03-16,000333,14:49:42,76.5300,45,1
2026-03-16,000333,14:49:45,76.5100,2,4
2026-03-16,000333,14:49:48,76.5200,4,1
2026-03-16,000333,14:49:51,76.5200,8,1
2026-03-16,000333,14:49:54,76.5200,10,1
2026-03-16,000333,14:49:57,76.5200,8,1
2026-03-16,000333,14:50:00,76.5200,4,2
2026-03-16,000333,14:50:03,76.5200,13,2
2026-03-16,000333,14:50:06,76.5100,25,2
2026-03-16,000333,14:50:09,76.5100,41,2
2026-03-16,000333,14:50:12,76.5300,48,1
2026-03-16,000333,14:50:15,76.5200,3,1
2026-03-16,000333,14:50:18,76.5200,15,4
2026-03-16,000333,14:50:21,76.5300,12,1
2026-03-16,000333,14:50:24,76.5200,9,2
2026-03-16,000333,14:50:27,76.5400,45,1
2026-03-16,000333,14:50:30,76.5500,12,1
2026-03-16,000333,14:50:33,76.5500,44,1
2026-03-16,000333,14:50:36,76.5100,11,2
2026-03-16,000333,14:50:39,76.5700,39,1
2026-03-16,000333,14:50:42,76.5800,12,1
2026-03-16,000333,14:50:45,76.5700,34,2
2026-03-16,000333,14:50:48,76.5800,12,1
2026-03-16,000333,14:50:51,76.5700,35,2
2026-03-16,000333,14:50:54,76.5600,46,2
2026-03-16,000333,14:50:57,76.5600,25,2
2026-03-16,000333,14:51:00,76.5600,24,2
2026-03-16,000333,14:51:03,76.5800,161,1
2026-03-16,000333,14:51:06,76.5800,76,1
2026-03-16,000333,14:51:09,76.5800,15,1
2026-03-16,000333,14:51:12,76.5700,27,2
2026-03-16,000333,14:51:15,76.5700,10,1
2026-03-16,000333,14:51:18,76.5800,14,1
2026-03-16,000333,14:51:21,76.5700,13,1
2026-03-16,000333,14:51:24,76.5700,42,1
2026-03-16,000333,14:51:27,76.5700,27,1
2026-03-16,000333,14:51:30,76.5700,12,1
2026-03-16,000333,14:51:33,76.5600,50,2
2026-03-16,000333,14:51:36,76.5600,66,2
2026-03-16,000333,14:51:39,76.5500,14,2
2026-03-16,000333,14:51:42,76.5500,64,2
2026-03-16,000333,14:51:45,76.5400,53,2
2026-03-16,000333,14:51:48,76.5400,6,1
2026-03-16,000333,14:51:51,76.5500,5,1
2026-03-16,000333,14:51:54,76.5500,28,1
2026-03-16,000333,14:51:57,76.5500,9,1
2026-03-16,000333,14:52:00,76.5500,19,1
2026-03-16,000333,14:52:03,76.5500,15,1
2026-03-16,000333,14:52:06,76.5500,40,1
2026-03-16,000333,14:52:09,76.5600,21,1
2026-03-16,000333,14:52:12,76.5600,21,1
2026-03-16,000333,14:52:15,76.5600,25,1
2026-03-16,000333,14:52:18,76.5500,12,2
2026-03-16,000333,14:52:21,76.5700,175,1
2026-03-16,000333,14:52:24,76.5500,105,2
2026-03-16,000333,14:52:27,76.5700,7,1
2026-03-16,000333,14:52:30,76.5600,35,2
2026-03-16,000333,14:52:33,76.5600,3,2
2026-03-16,000333,14:52:36,76.6000,150,1
2026-03-16,000333,14:52:39,76.5800,3,1
2026-03-16,000333,14:52:42,76.5700,19,2
2026-03-16,000333,14:52:45,76.5800,1,1
2026-03-16,000333,14:52:48,76.5700,50,2
2026-03-16,000333,14:52:51,76.5600,56,2
2026-03-16,000333,14:52:54,76.5700,13,1
2026-03-16,000333,14:52:57,76.5600,2,2
2026-03-16,000333,14:53:00,76.5600,24,2
2026-03-16,000333,14:53:03,76.5800,59,1
2026-03-16,000333,14:53:06,76.5600,26,2
2026-03-16,000333,14:53:09,76.5700,11,1
2026-03-16,000333,14:53:12,76.5700,6,1
2026-03-16,000333,14:53:15,76.5700,88,1
2026-03-16,000333,14:53:18,76.5600,84,2
2026-03-16,000333,14:53:21,76.5700,12,4
2026-03-16,000333,14:53:24,76.5700,13,2
2026-03-16,000333,14:53:27,76.5700,175,2
2026-03-16,000333,14:53:30,76.5700,74,2
2026-03-16,000333,14:53:33,76.5700,44,1
2026-03-16,000333,14:53:36,76.5700,34,1
2026-03-16,000333,14:53:39,76.5700,31,2
2026-03-16,000333,14:53:42,76.5800,8,1
2026-03-16,000333,14:53:45,76.5700,8,2
2026-03-16,000333,14:53:48,76.5900,211,1
2026-03-16,000333,14:53:51,76.5800,67,2
2026-03-16,000333,14:53:54,76.5800,50,2
2026-03-16,000333,14:53:57,76.5800,28,1
2026-03-16,000333,14:54:00,76.5800,199,1
2026-03-16,000333,14:54:03,76.5800,147,1
2026-03-16,000333,14:54:06,76.5700,31,2
2026-03-16,000333,14:54:09,76.5700,2,2
2026-03-16,000333,14:54:12,76.5800,4,1
2026-03-16,000333,14:54:15,76.5700,13,2
2026-03-16,000333,14:54:18,76.5800,17,1
2026-03-16,000333,14:54:21,76.5800,4,2
2026-03-16,000333,14:54:24,76.5500,348,2
2026-03-16,000333,14:54:27,76.5600,121,1
2026-03-16,000333,14:54:30,76.5600,19,1
2026-03-16,000333,14:54:33,76.5700,27,1
2026-03-16,000333,14:54:36,76.5200,146,2
2026-03-16,000333,14:54:39,76.5600,10,1
2026-03-16,000333,14:54:42,76.5500,33,2
2026-03-16,000333,14:54:45,76.5600,70,1
2026-03-16,000333,14:54:48,76.5500,20,2
2026-03-16,000333,14:54:51,76.5400,45,2
2026-03-16,000333,14:54:54,76.5700,55,1
2026-03-16,000333,14:54:57,76.5700,47,1
2026-03-16,000333,14:55:00,76.5600,58,1
2026-03-16,000333,14:55:03,76.5700,39,1
2026-03-16,000333,14:55:06,76.5700,46,1
2026-03-16,000333,14:55:09,76.5900,40,1
2026-03-16,000333,14:55:12,76.5700,14,2
2026-03-16,000333,14:55:15,76.5700,30,2
2026-03-16,000333,14:55:18,76.5800,16,4
2026-03-16,000333,14:55:21,76.5900,21,1
2026-03-16,000333,14:55:24,76.5900,23,1
2026-03-16,000333,14:55:27,76.5900,19,1
2026-03-16,000333,14:55:30,76.5800,5,2
2026-03-16,000333,14:55:33,76.5900,12,1
2026-03-16,000333,14:55:36,76.5800,24,2
2026-03-16,000333,14:55:39,76.6000,64,1
2026-03-16,000333,14:55:42,76.6000,29,1
2026-03-16,000333,14:55:45,76.5900,44,2
2026-03-16,000333,14:55:48,76.5600,38,2
2026-03-16,000333,14:55:51,76.5800,16,1
2026-03-16,000333,14:55:54,76.5900,5,1
2026-03-16,000333,14:55:57,76.5700,23,4
2026-03-16,000333,14:56:00,76.5900,31,1
2026-03-16,000333,14:56:03,76.6000,37,1
2026-03-16,000333,14:56:06,76.6000,22,1
2026-03-16,000333,14:56:09,76.5700,52,2
2026-03-16,000333,14:56:12,76.5300,19,2
2026-03-16,000333,14:56:15,76.5700,28,1
2026-03-16,000333,14:56:18,76.5500,13,1
2026-03-16,000333,14:56:21,76.5500,61,1
2026-03-16,000333,14:56:24,76.5600,122,1
2026-03-16,000333,14:56:27,76.5400,40,2
2026-03-16,000333,14:56:30,76.5100,20,2
2026-03-16,000333,14:56:33,76.5200,12,1
2026-03-16,000333,14:56:36,76.5200,36,1
2026-03-16,000333,14:56:39,76.5300,15,1
2026-03-16,000333,14:56:42,76.5200,21,2
2026-03-16,000333,14:56:45,76.5200,11,2
2026-03-16,000333,14:56:48,76.5300,20,1
2026-03-16,000333,14:56:51,76.5300,43,1
2026-03-16,000333,14:56:54,76.5300,5,2
2026-03-16,000333,14:56:57,76.5300,22,2
2026-03-16,000333,14:57:00,76.5400,2,4
2026-03-16,000333,15:00:02,76.6400,1035,4
2026-03-16,000333,13:12:48,76.6400,28,1
2026-03-16,000333,13:12:51,76.6400,1,4
2026-03-16,000333,13:12:54,76.6400,2,2
2026-03-16,000333,13:13:00,76.6500,4,1
2026-03-16,000333,13:13:06,76.6400,17,4
2026-03-16,000333,13:13:09,76.6600,67,1
2026-03-16,000333,13:13:12,76.6500,24,2
2026-03-16,000333,13:13:15,76.6500,11,2
2026-03-16,000333,13:13:18,76.6500,72,2
2026-03-16,000333,13:13:21,76.6600,27,1
2026-03-16,000333,13:13:27,76.6500,14,1
2026-03-16,000333,13:13:30,76.6500,3,1
2026-03-16,000333,13:13:33,76.6500,15,1
2026-03-16,000333,13:13:36,76.6500,9,1
2026-03-16,000333,13:13:39,76.6400,2,2
2026-03-16,000333,13:13:42,76.6500,7,1
2026-03-16,000333,13:13:45,76.6400,11,2
2026-03-16,000333,13:13:48,76.6400,59,2
2026-03-16,000333,13:13:51,76.6500,4,1
2026-03-16,000333,13:13:54,76.6400,10,2
2026-03-16,000333,13:13:57,76.6400,1,2
2026-03-16,000333,13:14:00,76.6300,28,2
2026-03-16,000333,13:14:03,76.6400,49,1
2026-03-16,000333,13:14:06,76.6400,95,1
2026-03-16,000333,13:14:09,76.6300,42,2
2026-03-16,000333,13:14:12,76.6200,11,2
2026-03-16,000333,13:14:15,76.6300,9,1
2026-03-16,000333,13:14:18,76.6100,10,2
2026-03-16,000333,13:14:21,76.6300,13,1
2026-03-16,000333,13:14:24,76.6300,65,1
2026-03-16,000333,13:14:27,76.6400,45,1
2026-03-16,000333,13:14:30,76.6300,14,2
2026-03-16,000333,13:14:33,76.6400,4,1
2026-03-16,000333,13:14:36,76.6400,11,1
2026-03-16,000333,13:14:39,76.6500,17,1
2026-03-16,000333,13:14:42,76.6600,24,1
2026-03-16,000333,13:14:45,76.6600,8,1
2026-03-16,000333,13:14:48,76.6600,15,1
2026-03-16,000333,13:14:51,76.6600,8,1
2026-03-16,000333,13:14:54,76.6600,4,1
2026-03-16,000333,13:14:57,76.6500,110,2
2026-03-16,000333,13:15:00,76.6500,6,4
2026-03-16,000333,13:15:03,76.6500,50,2
2026-03-16,000333,13:15:06,76.6500,19,1
2026-03-16,000333,13:15:09,76.6500,11,1
2026-03-16,000333,13:15:15,76.6500,12,2
2026-03-16,000333,13:15:18,76.6500,1,2
2026-03-16,000333,13:15:21,76.6600,18,1
2026-03-16,000333,13:15:24,76.6600,11,1
2026-03-16,000333,13:15:27,76.6600,15,1
2026-03-16,000333,13:15:30,76.6600,30,1
2026-03-16,000333,13:15:36,76.6500,20,2
2026-03-16,000333,13:15:39,76.6800,131,1
2026-03-16,000333,13:15:42,76.6700,21,4
2026-03-16,000333,13:15:45,76.6600,37,2
2026-03-16,000333,13:15:48,76.6700,10,1
2026-03-16,000333,13:15:51,76.6600,29,2
2026-03-16,000333,13:15:54,76.6600,46,2
2026-03-16,000333,13:15:57,76.6700,12,1
2026-03-16,000333,13:16:00,76.6600,15,4
2026-03-16,000333,13:16:03,76.6600,46,1
2026-03-16,000333,13:16:06,76.6700,20,1
2026-03-16,000333,13:16:09,76.6700,11,1
2026-03-16,000333,13:16:12,76.6700,9,1
2026-03-16,000333,13:16:15,76.6600,44,2
2026-03-16,000333,13:16:18,76.6500,35,2
2026-03-16,000333,13:16:21,76.6500,34,2
2026-03-16,000333,13:16:24,76.6500,37,2
2026-03-16,000333,13:16:27,76.6400,3,2
2026-03-16,000333,13:16:30,76.6500,18,1
2026-03-16,000333,13:16:33,76.6400,19,2
2026-03-16,000333,13:16:36,76.6400,11,2
2026-03-16,000333,13:16:39,76.6500,27,1
2026-03-16,000333,13:16:42,76.6400,17,2
2026-03-16,000333,13:16:45,76.6500,30,1
2026-03-16,000333,13:16:48,76.6400,19,1
2026-03-16,000333,13:16:51,76.6100,6,2
2026-03-16,000333,13:16:57,76.6300,19,1
2026-03-16,000333,13:17:00,76.6200,16,2
2026-03-16,000333,13:17:03,76.6300,6,2
2026-03-16,000333,13:17:06,76.6200,4,2
2026-03-16,000333,13:17:09,76.6300,21,1
2026-03-16,000333,13:17:12,76.6300,23,2
2026-03-16,000333,13:17:15,76.6400,25,1
2026-03-16,000333,13:17:18,76.6300,29,2
2026-03-16,000333,13:17:21,76.6500,93,1
2026-03-16,000333,13:17:24,76.6700,41,1
2026-03-16,000333,13:17:27,76.6500,3,2
2026-03-16,000333,13:17:30,76.6800,3,1
2026-03-16,000333,13:17:33,76.6600,1,2
2026-03-16,000333,13:17:36,76.6500,35,2
2026-03-16,000333,13:17:39,76.6300,9,2
2026-03-16,000333,13:17:42,76.6500,18,1
2026-03-16,000333,13:17:45,76.6400,15,4
2026-03-16,000333,13:17:48,76.6300,10,2
2026-03-16,000333,13:17:51,76.6300,67,2
2026-03-16,000333,13:17:54,76.6300,30,2
2026-03-16,000333,13:17:57,76.6200,43,2
2026-03-16,000333,13:18:00,76.6200,26,1
2026-03-16,000333,13:18:03,76.6200,81,1
2026-03-16,000333,13:18:06,76.6200,23,2
2026-03-16,000333,13:18:09,76.6200,46,2
2026-03-16,000333,13:18:12,76.6100,23,2
2026-03-16,000333,13:18:15,76.6100,37,2
2026-03-16,000333,13:18:18,76.6100,24,2
2026-03-16,000333,13:18:21,76.6100,31,2
2026-03-16,000333,13:18:24,76.6100,34,2
2026-03-16,000333,13:18:27,76.6000,26,2
2026-03-16,000333,13:18:30,76.6000,32,2
2026-03-16,000333,13:18:33,76.6000,11,2
2026-03-16,000333,13:18:36,76.6000,67,2
2026-03-16,000333,13:18:39,76.5800,31,2
2026-03-16,000333,13:18:42,76.5700,31,2
2026-03-16,000333,13:18:45,76.5600,45,2
2026-03-16,000333,13:18:48,76.5600,17,1
2026-03-16,000333,13:18:51,76.5500,7,2
2026-03-16,000333,13:18:54,76.5500,40,2
2026-03-16,000333,13:18:57,76.5400,16,2
2026-03-16,000333,13:19:00,76.5400,15,2
2026-03-16,000333,13:19:03,76.5600,31,1
2026-03-16,000333,13:19:06,76.5400,12,2
2026-03-16,000333,13:19:09,76.5400,10,2
2026-03-16,000333,13:19:12,76.5400,8,2
2026-03-16,000333,13:19:15,76.5400,39,4
2026-03-16,000333,13:19:18,76.5200,28,2
2026-03-16,000333,13:19:21,76.5300,58,4
2026-03-16,000333,13:19:24,76.5100,28,2
2026-03-16,000333,13:19:27,76.5100,14,2
2026-03-16,000333,13:19:30,76.5100,6,2
2026-03-16,000333,13:19:33,76.5100,24,2
2026-03-16,000333,13:19:36,76.5100,38,2
2026-03-16,000333,13:19:39,76.5000,349,2
2026-03-16,000333,13:19:42,76.4900,44,2
2026-03-16,000333,13:19:45,76.4800,114,2
2026-03-16,000333,13:19:48,76.4800,59,2
2026-03-16,000333,13:19:51,76.4700,23,2
2026-03-16,000333,13:19:54,76.4600,102,2
2026-03-16,000333,13:19:57,76.4600,51,2
2026-03-16,000333,13:20:00,76.4800,37,1
2026-03-16,000333,13:20:03,76.4800,24,1
2026-03-16,000333,13:20:06,76.4800,16,2
2026-03-16,000333,13:20:09,76.4900,9,4
2026-03-16,000333,13:20:12,76.5000,6,1
2026-03-16,000333,13:20:15,76.4900,10,4
2026-03-16,000333,13:20:18,76.4900,6,2
2026-03-16,000333,13:20:21,76.4900,120,2
2026-03-16,000333,13:20:24,76.5000,10,1
2026-03-16,000333,13:20:27,76.4800,41,2
2026-03-16,000333,13:20:30,76.4700,43,2
2026-03-16,000333,13:20:33,76.4900,6,1
2026-03-16,000333,13:20:36,76.4800,10,2
2026-03-16,000333,13:20:39,76.4700,21,2
2026-03-16,000333,13:20:42,76.4700,18,2
2026-03-16,000333,13:20:45,76.4700,47,2
2026-03-16,000333,13:20:48,76.4700,37,1
2026-03-16,000333,13:20:51,76.4600,36,2
2026-03-16,000333,13:20:54,76.4600,15,1
2026-03-16,000333,13:20:57,76.4600,34,1
2026-03-16,000333,13:21:00,76.4600,30,1
2026-03-16,000333,13:21:03,76.4500,22,4
2026-03-16,000333,13:21:06,76.4600,54,1
2026-03-16,000333,13:21:09,76.4500,46,2
2026-03-16,000333,13:21:12,76.4600,11,1
2026-03-16,000333,13:21:15,76.4600,13,2
2026-03-16,000333,13:21:18,76.4600,22,1
2026-03-16,000333,13:21:21,76.4700,62,1
2026-03-16,000333,13:21:24,76.4700,21,1
2026-03-16,000333,13:21:27,76.4500,64,2
2026-03-16,000333,13:21:30,76.4600,16,2
2026-03-16,000333,13:21:36,76.4600,25,2
2026-03-16,000333,13:21:39,76.4800,26,1
2026-03-16,000333,13:21:42,76.4800,9,2
2026-03-16,000333,13:21:45,76.4700,13,2
2026-03-16,000333,13:21:48,76.4700,7,2
2026-03-16,000333,13:21:51,76.4700,8,2
2026-03-16,000333,13:21:54,76.4600,74,2
2026-03-16,000333,13:21:57,76.4500,24,2
2026-03-16,000333,13:22:00,76.4500,29,1
2026-03-16,000333,13:22:03,76.4500,13,1
2026-03-16,000333,13:22:06,76.4400,28,2
2026-03-16,000333,13:22:09,76.4400,18,2
2026-03-16,000333,13:22:12,76.4400,21,1
2026-03-16,000333,13:22:15,76.4400,222,1
2026-03-16,000333,13:22:18,76.4400,122,2
2026-03-16,000333,13:22:21,76.4800,26,1
2026-03-16,000333,13:22:24,76.4500,13,2
2026-03-16,000333,13:22:27,76.4800,28,1
2026-03-16,000333,13:22:30,76.4800,19,1
2026-03-16,000333,13:22:33,76.4600,5,2
2026-03-16,000333,13:22:36,76.4600,7,1
2026-03-16,000333,13:22:39,76.4600,3,1
2026-03-16,000333,13:22:42,76.4600,8,4
2026-03-16,000333,13:22:48,76.4500,4,2
2026-03-16,000333,13:22:51,76.4600,18,1
2026-03-16,000333,13:22:54,76.4500,9,4
2026-03-16,000333,13:22:57,76.4600,31,1
2026-03-16,000333,13:23:00,76.4500,86,2
2026-03-16,000333,13:23:03,76.4200,141,2
2026-03-16,000333,13:23:06,76.4500,150,1
2026-03-16,000333,13:23:09,76.4100,101,2
2026-03-16,000333,13:23:12,76.4100,23,2
2026-03-16,000333,13:23:15,76.4100,104,4
2026-03-16,000333,13:23:18,76.4000,40,2
2026-03-16,000333,13:23:21,76.4000,38,2
2026-03-16,000333,13:23:24,76.3800,44,2
2026-03-16,000333,13:23:27,76.3800,27,2
2026-03-16,000333,13:23:30,76.3900,148,1
2026-03-16,000333,13:23:33,76.3900,7,1
2026-03-16,000333,13:23:36,76.4200,95,1
2026-03-16,000333,13:23:39,76.3800,9,2
2026-03-16,000333,13:23:42,76.4100,29,1
2026-03-16,000333,13:23:45,76.4100,34,1
2026-03-16,000333,13:23:48,76.3800,20,2
2026-03-16,000333,13:23:51,76.3900,19,2
2026-03-16,000333,13:23:54,76.3800,10,4
2026-03-16,000333,13:23:57,76.4000,36,1
2026-03-16,000333,13:24:00,76.4000,15,2
2026-03-16,000333,13:24:03,76.4100,49,1
2026-03-16,000333,13:24:06,76.4000,2,2
2026-03-16,000333,13:24:09,76.4000,2,2
2026-03-16,000333,13:24:12,76.3900,27,2
2026-03-16,000333,13:24:15,76.4000,15,1
2026-03-16,000333,13:24:18,76.4100,20,1
2026-03-16,000333,13:24:21,76.4000,2,2
2026-03-16,000333,13:24:24,76.4000,74,2
2026-03-16,000333,13:24:27,76.4200,61,1
2026-03-16,000333,13:24:30,76.4100,95,2
2026-03-16,000333,13:24:33,76.4000,7,2
2026-03-16,000333,13:24:36,76.4100,5,1
2026-03-16,000333,13:24:39,76.4200,28,1
2026-03-16,000333,13:24:42,76.4100,1,2
2026-03-16,000333,13:24:45,76.4100,29,2
2026-03-16,000333,13:24:48,76.4300,32,1
2026-03-16,000333,13:24:51,76.4300,10,2
2026-03-16,000333,13:24:54,76.4300,84,4
2026-03-16,000333,13:24:57,76.4500,23,1
2026-03-16,000333,13:25:00,76.4300,1,1
2026-03-16,000333,13:25:03,76.4500,24,1
2026-03-16,000333,13:25:06,76.4300,26,2
2026-03-16,000333,13:25:09,76.4200,20,2
2026-03-16,000333,13:25:12,76.4700,36,1
2026-03-16,000333,13:25:15,76.4200,17,2
2026-03-16,000333,13:25:18,76.4200,34,4
2026-03-16,000333,13:25:21,76.4000,146,2
2026-03-16,000333,13:25:24,76.4100,44,1
2026-03-16,000333,13:25:27,76.3900,45,2
2026-03-16,000333,13:25:30,76.4100,23,1
2026-03-16,000333,13:25:33,76.3900,73,2
2026-03-16,000333,13:25:36,76.3900,15,2
2026-03-16,000333,13:25:39,76.3900,19,1
2026-03-16,000333,13:25:42,76.3900,31,1
2026-03-16,000333,13:25:45,76.3900,3,1
2026-03-16,000333,13:25:48,76.4000,44,1
2026-03-16,000333,13:25:51,76.3800,155,2
2026-03-16,000333,13:25:54,76.3900,49,1
2026-03-16,000333,13:25:57,76.3800,89,2
2026-03-16,000333,13:26:00,76.3900,53,1
2026-03-16,000333,13:26:03,76.3900,52,1
2026-03-16,000333,13:26:06,76.3900,3,1
2026-03-16,000333,13:26:09,76.4000,29,1
2026-03-16,000333,13:26:12,76.4000,26,1
2026-03-16,000333,13:26:15,76.4100,45,1
2026-03-16,000333,13:26:18,76.4100,13,2
2026-03-16,000333,13:26:21,76.4100,1,2
2026-03-16,000333,13:26:24,76.4300,4,1
2026-03-16,000333,13:26:27,76.4300,13,1
2026-03-16,000333,13:26:30,76.4200,7,4
2026-03-16,000333,13:26:33,76.4200,23,1
2026-03-16,000333,13:26:36,76.4200,2,1
2026-03-16,000333,13:26:39,76.4200,8,1
2026-03-16,000333,13:26:42,76.4200,12,1
2026-03-16,000333,13:26:45,76.4200,3,1
2026-03-16,000333,13:26:51,76.4100,21,2
2026-03-16,000333,13:26:54,76.4200,10,1
2026-03-16,000333,13:26:57,76.4100,4,2
2026-03-16,000333,13:27:00,76.4100,3,2
2026-03-16,000333,13:27:03,76.4100,28,2
2026-03-16,000333,13:27:06,76.4200,70,1
2026-03-16,000333,13:27:09,76.4100,13,2
2026-03-16,000333,13:27:12,76.4000,10,2
2026-03-16,000333,13:27:15,76.4000,16,2
2026-03-16,000333,13:27:18,76.4000,10,2
2026-03-16,000333,13:27:21,76.3900,144,2
2026-03-16,000333,13:27:24,76.3900,9,2
2026-03-16,000333,13:27:27,76.3900,3,2
2026-03-16,000333,13:27:30,76.3800,34,2
2026-03-16,000333,13:27:33,76.3800,27,2
2026-03-16,000333,13:27:36,76.3700,27,2
2026-03-16,000333,13:27:39,76.3700,22,2
2026-03-16,000333,13:27:42,76.3800,27,1
2026-03-16,000333,13:27:45,76.3900,15,1
2026-03-16,000333,13:27:48,76.3900,2,1
2026-03-16,000333,13:27:51,76.3900,30,1
2026-03-16,000333,13:27:54,76.3800,8,2
2026-03-16,000333,13:27:57,76.3800,78,2
2026-03-16,000333,13:28:00,76.3900,33,1
2026-03-16,000333,13:28:03,76.3900,15,2
2026-03-16,000333,13:28:06,76.3900,32,2
2026-03-16,000333,13:28:09,76.3900,6,1
2026-03-16,000333,13:28:12,76.3800,6,2
2026-03-16,000333,13:28:15,76.3900,3,1
2026-03-16,000333,13:28:18,76.3900,2,1
2026-03-16,000333,13:28:21,76.4000,36,1
2026-03-16,000333,13:28:24,76.3900,1,4
2026-03-16,000333,13:28:27,76.4000,11,1
2026-03-16,000333,13:28:30,76.4000,16,1
2026-03-16,000333,13:28:33,76.4000,9,2
2026-03-16,000333,13:28:36,76.4000,67,1
2026-03-16,000333,13:28:39,76.4100,26,1
2026-03-16,000333,13:28:42,76.4100,25,2
2026-03-16,000333,13:28:45,76.4100,1,2
2026-03-16,000333,13:28:48,76.4100,166,2
2026-03-16,000333,13:28:51,76.4000,3,4
2026-03-16,000333,13:28:54,76.3900,1,2
2026-03-16,000333,13:28:57,76.4000,9,1
2026-03-16,000333,13:29:00,76.4000,25,1
2026-03-16,000333,13:29:06,76.4100,15,1
2026-03-16,000333,13:29:09,76.4100,8,1
2026-03-16,000333,13:29:12,76.4100,11,1
2026-03-16,000333,13:29:15,76.4000,34,2
2026-03-16,000333,13:29:18,76.4000,42,2
2026-03-16,000333,13:29:21,76.4200,27,1
2026-03-16,000333,13:29:24,76.4200,15,1
2026-03-16,000333,13:29:27,76.4000,39,2
2026-03-16,000333,13:29:30,76.4100,27,1
2026-03-16,000333,13:29:33,76.4400,90,1
2026-03-16,000333,13:29:36,76.5100,53,1
2026-03-16,000333,13:29:39,76.5100,16,1
2026-03-16,000333,13:29:42,76.4700,23,2
2026-03-16,000333,13:29:45,76.4700,27,2
2026-03-16,000333,13:29:48,76.5100,5,1
2026-03-16,000333,13:29:51,76.5000,2,1
2026-03-16,000333,13:29:54,76.5000,1,4
2026-03-16,000333,13:29:57,76.5000,2,1
2026-03-16,000333,13:30:00,76.5000,14,1
2026-03-16,000333,13:30:03,76.5100,63,1
2026-03-16,000333,13:30:06,76.5000,52,2
2026-03-16,000333,13:30:09,76.5000,9,2
2026-03-16,000333,13:30:12,76.5000,2,2
2026-03-16,000333,13:30:15,76.5000,15,4
2026-03-16,000333,13:30:18,76.5100,149,1
2026-03-16,000333,13:30:21,76.5000,4,1
2026-03-16,000333,13:30:24,76.5000,9,1
2026-03-16,000333,13:30:27,76.4900,1,1
2026-03-16,000333,13:30:30,76.4600,53,2
2026-03-16,000333,13:30:33,76.4600,31,1
2026-03-16,000333,13:30:36,76.4600,24,1
2026-03-16,000333,13:30:39,76.4600,2,2
2026-03-16,000333,13:30:42,76.4500,22,2
2026-03-16,000333,13:30:45,76.4400,6,2
2026-03-16,000333,13:30:48,76.4400,91,2
2026-03-16,000333,13:30:51,76.4300,42,2
2026-03-16,000333,13:30:54,76.4400,3,2
2026-03-16,000333,13:30:57,76.4400,1,2
2026-03-16,000333,13:31:00,76.4500,13,1
2026-03-16,000333,13:31:03,76.4400,15,2
2026-03-16,000333,13:31:06,76.4400,6,2
2026-03-16,000333,13:31:12,76.4500,10,1
2026-03-16,000333,13:31:18,76.4600,50,1
2026-03-16,000333,13:31:21,76.4400,21,4
2026-03-16,000333,13:31:27,76.4300,1,2
2026-03-16,000333,13:31:30,76.4300,34,2
2026-03-16,000333,13:31:33,76.4300,26,2
2026-03-16,000333,13:31:36,76.4100,63,2
2026-03-16,000333,13:31:42,76.4000,4,2
2026-03-16,000333,13:31:45,76.4000,27,2
2026-03-16,000333,13:31:48,76.4000,9,4
2026-03-16,000333,13:31:51,76.3800,78,2
2026-03-16,000333,13:31:54,76.3900,77,2
2026-03-16,000333,13:31:57,76.4100,2,1
2026-03-16,000333,13:32:00,76.4000,21,4
2026-03-16,000333,13:32:03,76.4100,14,1
2026-03-16,000333,13:32:06,76.3900,10,2
2026-03-16,000333,13:32:09,76.4000,109,4
2026-03-16,000333,13:32:12,76.4200,2,1
2026-03-16,000333,13:32:21,76.4100,5,2
2026-03-16,000333,13:32:24,76.4100,11,2
2026-03-16,000333,13:32:27,76.4200,12,1
2026-03-16,000333,13:32:30,76.4300,12,1
2026-03-16,000333,13:32:36,76.4300,57,1
2026-03-16,000333,13:32:39,76.4400,1,1
2026-03-16,000333,13:32:42,76.4300,119,2
2026-03-16,000333,13:32:45,76.4400,54,1
2026-03-16,000333,13:32:48,76.4500,8,1
2026-03-16,000333,13:32:51,76.4500,4,1
2026-03-16,000333,13:32:54,76.4500,14,1
2026-03-16,000333,13:32:57,76.4400,11,2
2026-03-16,000333,13:33:03,76.4500,1,1
2026-03-16,000333,13:33:06,76.4400,12,2
2026-03-16,000333,13:33:09,76.4500,10,1
2026-03-16,000333,13:33:12,76.4500,1,1
2026-03-16,000333,13:33:15,76.4500,8,1
2026-03-16,000333,13:33:18,76.4200,40,2
2026-03-16,000333,13:33:21,76.4200,32,2
2026-03-16,000333,13:33:24,76.4200,20,2
2026-03-16,000333,13:33:27,76.4200,23,2
2026-03-16,000333,13:33:30,76.4200,7,2
2026-03-16,000333,13:33:33,76.4100,31,2
2026-03-16,000333,13:33:36,76.4200,130,1
2026-03-16,000333,13:33:39,76.4000,172,2
2026-03-16,000333,13:33:42,76.4000,104,1
2026-03-16,000333,13:33:45,76.3800,6,2
2026-03-16,000333,13:33:48,76.4100,45,1
2026-03-16,000333,13:33:51,76.3700,33,2
2026-03-16,000333,13:33:54,76.4000,18,2
2026-03-16,000333,13:33:57,76.3900,12,2
2026-03-16,000333,13:34:00,76.3900,11,1
2026-03-16,000333,13:34:03,76.3900,60,4
2026-03-16,000333,13:34:06,76.3800,22,4
2026-03-16,000333,13:34:09,76.3800,15,1
2026-03-16,000333,13:34:12,76.3700,17,2
2026-03-16,000333,13:34:15,76.3700,6,4
2026-03-16,000333,13:34:18,76.3700,18,2
2026-03-16,000333,13:34:24,76.3700,16,2
2026-03-16,000333,13:34:27,76.3800,2,1
2026-03-16,000333,13:34:30,76.3800,7,1
2026-03-16,000333,13:34:33,76.3700,4,2
2026-03-16,000333,13:34:36,76.3800,45,1
2026-03-16,000333,13:34:42,76.3800,8,2
2026-03-16,000333,13:34:45,76.3800,12,2
2026-03-16,000333,13:34:48,76.3800,15,2
2026-03-16,000333,13:34:51,76.3900,76,1
2026-03-16,000333,13:34:54,76.4000,2,1
2026-03-16,000333,13:34:57,76.3900,24,1
2026-03-16,000333,13:35:00,76.3700,100,2
2026-03-16,000333,13:35:03,76.4000,67,1
2026-03-16,000333,13:35:06,76.4200,24,1
2026-03-16,000333,13:35:09,76.4200,11,1
2026-03-16,000333,13:35:15,76.4200,3,1
2026-03-16,000333,13:35:21,76.4200,7,1
2026-03-16,000333,13:35:24,76.4200,15,1
2026-03-16,000333,13:35:27,76.4100,39,2
2026-03-16,000333,13:35:30,76.4200,3,1
2026-03-16,000333,13:35:33,76.4300,13,1
2026-03-16,000333,13:35:36,76.4200,1,1
2026-03-16,000333,13:35:39,76.4200,14,1
2026-03-16,000333,13:35:42,76.4200,25,1
2026-03-16,000333,13:35:45,76.4300,92,1
2026-03-16,000333,13:35:48,76.4400,14,1
2026-03-16,000333,13:35:51,76.5000,43,1
2026-03-16,000333,13:35:54,76.4300,49,2
2026-03-16,000333,13:35:57,76.4300,35,2
2026-03-16,000333,13:36:00,76.4800,62,1
2026-03-16,000333,13:36:03,76.4800,20,1
2026-03-16,000333,13:36:06,76.4900,52,1
2026-03-16,000333,13:36:09,76.4900,5,2
2026-03-16,000333,13:36:12,76.4900,1,2
2026-03-16,000333,13:36:15,76.4700,47,2
2026-03-16,000333,13:36:18,76.4800,30,4
2026-03-16,000333,13:36:21,76.4600,15,2
2026-03-16,000333,13:36:24,76.4800,13,1
2026-03-16,000333,13:36:27,76.4900,8,1
2026-03-16,000333,13:36:30,76.4900,11,1
2026-03-16,000333,13:36:33,76.4600,58,2
2026-03-16,000333,13:36:36,76.4700,4,2
2026-03-16,000333,13:36:39,76.4700,3,2
2026-03-16,000333,13:36:42,76.4700,4,4
2026-03-16,000333,13:36:45,76.4700,40,2
2026-03-16,000333,13:36:48,76.4700,15,1
2026-03-16,000333,13:36:51,76.4800,4,1
2026-03-16,000333,13:36:54,76.4600,60,2
2026-03-16,000333,13:36:57,76.4600,19,2
2026-03-16,000333,13:37:00,76.4600,23,1
2026-03-16,000333,13:37:03,76.4500,13,2
2026-03-16,000333,13:37:06,76.4600,5,1
2026-03-16,000333,13:37:09,76.4600,1,1
2026-03-16,000333,13:37:12,76.4600,20,2
2026-03-16,000333,13:37:15,76.4600,13,2
2026-03-16,000333,13:37:18,76.4600,4,1
2026-03-16,000333,13:37:21,76.4600,1,1
2026-03-16,000333,13:37:24,76.4500,96,2
2026-03-16,000333,13:37:27,76.4400,4,2
2026-03-16,000333,13:37:30,76.4500,8,4
2026-03-16,000333,13:37:33,76.4600,1,1
2026-03-16,000333,13:37:36,76.4600,16,1
2026-03-16,000333,13:37:39,76.4600,22,1
2026-03-16,000333,13:37:42,76.4500,34,2
2026-03-16,000333,13:37:45,76.4400,6,2
2026-03-16,000333,13:37:48,76.4500,6,1
2026-03-16,000333,13:37:51,76.4500,7,1
2026-03-16,000333,13:37:54,76.4500,5,1
2026-03-16,000333,13:37:57,76.4400,3,2
2026-03-16,000333,13:38:00,76.4400,56,2
2026-03-16,000333,13:38:03,76.4400,87,1
2026-03-16,000333,13:38:06,76.4300,7,2
2026-03-16,000333,13:38:09,76.4400,2,1
2026-03-16,000333,13:38:12,76.4300,3,2
2026-03-16,000333,13:38:15,76.4400,14,1
2026-03-16,000333,13:38:18,76.4300,30,2
2026-03-16,000333,13:38:21,76.4300,1,1
2026-03-16,000333,13:38:24,76.4300,11,1
2026-03-16,000333,13:38:30,76.4300,35,1
2026-03-16,000333,13:38:33,76.4300,6,1
2026-03-16,000333,13:38:36,76.4200,8,2
2026-03-16,000333,13:38:39,76.4300,6,1
2026-03-16,000333,13:38:45,76.4000,100,2
2026-03-16,000333,13:38:48,76.4300,59,1
2026-03-16,000333,13:38:51,76.4200,5,2
2026-03-16,000333,13:38:54,76.4100,10,2
2026-03-16,000333,13:38:57,76.4100,15,2
2026-03-16,000333,13:39:00,76.4100,33,1
2026-03-16,000333,13:39:03,76.4300,58,1
2026-03-16,000333,13:39:06,76.4200,46,1
2026-03-16,000333,13:39:09,76.4200,1,2
2026-03-16,000333,13:39:12,76.4300,4,1
2026-03-16,000333,13:39:15,76.4300,25,1
2026-03-16,000333,13:39:18,76.4200,6,2
2026-03-16,000333,13:39:21,76.4200,5,2
2026-03-16,000333,13:39:24,76.4100,3,2
2026-03-16,000333,13:39:30,76.4100,6,2
2026-03-16,000333,13:39:33,76.4200,2,1
2026-03-16,000333,13:39:39,76.4200,1,1
2026-03-16,000333,13:39:42,76.4100,12,2
2026-03-16,000333,13:39:45,76.4000,31,2
2026-03-16,000333,13:39:51,76.4200,44,1
2026-03-16,000333,13:39:54,76.4100,3,1
2026-03-16,000333,13:40:00,76.4100,1,2
2026-03-16,000333,13:40:03,76.4000,30,2
2026-03-16,000333,13:40:06,76.4100,18,1
2026-03-16,000333,13:40:09,76.4200,17,1
2026-03-16,000333,13:40:12,76.4000,33,2
2026-03-16,000333,13:40:15,76.4100,16,1
2026-03-16,000333,13:40:18,76.4000,3,2
2026-03-16,000333,13:40:21,76.4200,105,1
2026-03-16,000333,13:40:24,76.4300,48,1
2026-03-16,000333,13:40:27,76.4200,21,4
2026-03-16,000333,13:40:30,76.4100,20,2
2026-03-16,000333,13:40:33,76.4200,10,1
2026-03-16,000333,13:40:36,76.4100,6,1
2026-03-16,000333,13:40:39,76.4100,12,1
2026-03-16,000333,13:40:42,76.4200,28,1
2026-03-16,000333,13:40:45,76.4000,40,2
2026-03-16,000333,13:40:48,76.4100,15,1
2026-03-16,000333,13:40:51,76.4100,15,1
2026-03-16,000333,13:40:54,76.4200,35,1
2026-03-16,000333,13:40:57,76.4000,2,2
2026-03-16,000333,13:41:00,76.4000,11,2
2026-03-16,000333,13:41:03,76.4100,25,4
2026-03-16,000333,13:41:06,76.4000,9,2
2026-03-16,000333,13:41:09,76.4000,15,2
2026-03-16,000333,13:41:12,76.4100,1,1
2026-03-16,000333,13:41:15,76.4100,1,1
2026-03-16,000333,13:41:21,76.4100,7,1
2026-03-16,000333,13:41:24,76.4000,31,2
2026-03-16,000333,13:41:27,76.3900,13,2
2026-03-16,000333,13:41:30,76.3900,19,2
2026-03-16,000333,13:41:33,76.3900,27,2
2026-03-16,000333,13:41:39,76.3900,15,2
2026-03-16,000333,13:41:42,76.4000,41,1
2026-03-16,000333,13:41:45,76.4000,22,1
2026-03-16,000333,13:41:48,76.4000,177,1
2026-03-16,000333,13:41:51,76.4100,21,1
2026-03-16,000333,13:41:54,76.4100,41,1
2026-03-16,000333,13:41:57,76.4200,20,1
2026-03-16,000333,13:42:00,76.4200,3,1
2026-03-16,000333,13:42:03,76.4200,68,1
2026-03-16,000333,13:42:06,76.4100,52,2
2026-03-16,000333,13:42:09,76.4300,83,1
2026-03-16,000333,13:42:12,76.4500,36,1
2026-03-16,000333,13:42:15,76.4500,6,1
2026-03-16,000333,13:42:18,76.5000,17,1
2026-03-16,000333,13:42:21,76.5000,7,1
2026-03-16,000333,13:42:24,76.4500,1,2
2026-03-16,000333,13:42:27,76.5000,12,1
2026-03-16,000333,13:42:30,76.5000,14,1
2026-03-16,000333,13:42:33,76.4800,17,1
2026-03-16,000333,13:42:36,76.4500,38,2
2026-03-16,000333,13:42:39,76.4900,35,1
2026-03-16,000333,13:42:42,76.4800,11,2
2026-03-16,000333,13:42:48,76.5000,45,1
2026-03-16,000333,13:42:51,76.4800,9,2
2026-03-16,000333,13:42:54,76.5000,46,1
2026-03-16,000333,13:43:00,76.5100,5,1
2026-03-16,000333,13:43:03,76.5000,3,2
2026-03-16,000333,13:43:06,76.5000,16,2
2026-03-16,000333,13:43:09,76.5000,3,2
2026-03-16,000333,13:43:12,76.5000,12,2
2026-03-16,000333,13:43:15,76.4900,19,2
2026-03-16,000333,13:43:18,76.4800,17,2
2026-03-16,000333,13:43:21,76.4800,15,2
2026-03-16,000333,13:43:24,76.4900,66,1
2026-03-16,000333,13:43:27,76.4700,1,1
2026-03-16,000333,13:43:30,76.4800,30,4
2026-03-16,000333,13:43:33,76.4800,63,2
2026-03-16,000333,13:43:42,76.4800,5,1
2026-03-16,000333,13:43:48,76.4800,25,1
2026-03-16,000333,13:43:51,76.4700,1,1
2026-03-16,000333,13:44:00,76.4500,36,2
2026-03-16,000333,13:44:03,76.4600,2,1
2026-03-16,000333,13:44:06,76.4600,55,1
2026-03-16,000333,13:44:09,76.4600,4,1
2026-03-16,000333,13:44:12,76.4600,77,1
2026-03-16,000333,13:44:15,76.4600,34,1
2026-03-16,000333,13:44:18,76.4600,29,2
2026-03-16,000333,13:44:21,76.4500,13,2
2026-03-16,000333,13:44:24,76.4700,3,1
2026-03-16,000333,13:44:30,76.4800,3,1
2026-03-16,000333,13:44:33,76.4700,6,2
2026-03-16,000333,13:44:36,76.4800,45,1
2026-03-16,000333,13:44:42,76.4900,1,1
2026-03-16,000333,13:44:45,76.4800,5,2
2026-03-16,000333,13:44:48,76.4800,8,2
2026-03-16,000333,13:44:51,76.4800,25,2
2026-03-16,000333,13:44:54,76.4800,11,2
2026-03-16,000333,13:44:57,76.4800,39,2
2026-03-16,000333,13:45:00,76.4800,29,2
2026-03-16,000333,13:45:03,76.4800,32,1
2026-03-16,000333,13:45:06,76.4800,10,1
2026-03-16,000333,13:45:09,76.4700,50,2
2026-03-16,000333,13:45:12,76.4700,6,2
2026-03-16,000333,13:45:15,76.4800,20,1
2026-03-16,000333,13:45:18,76.4800,7,2
2026-03-16,000333,13:45:21,76.4700,16,2
2026-03-16,000333,13:45:24,76.4700,9,2
2026-03-16,000333,13:45:27,76.4700,21,2
2026-03-16,000333,13:45:30,76.4700,2,2
2026-03-16,000333,13:45:33,76.4700,11,2
2026-03-16,000333,13:45:39,76.4600,21,2
2026-03-16,000333,13:45:42,76.4700,1,2
2026-03-16,000333,13:45:45,76.4700,18,4
2026-03-16,000333,13:45:48,76.4600,30,2
2026-03-16,000333,13:45:51,76.4600,14,2
2026-03-16,000333,13:45:54,76.4700,7,1
2026-03-16,000333,13:45:57,76.4600,3,2
2026-03-16,000333,13:46:03,76.4700,22,1
2026-03-16,000333,13:46:06,76.4600,46,2
2026-03-16,000333,13:46:09,76.4600,5,2
2026-03-16,000333,13:46:12,76.4600,1,2
2026-03-16,000333,13:46:15,76.4600,46,2
2026-03-16,000333,13:46:21,76.4500,38,2
2026-03-16,000333,13:46:24,76.4600,18,1
2026-03-16,000333,13:46:27,76.4600,10,1
2026-03-16,000333,13:46:30,76.4800,74,1
2026-03-16,000333,13:46:33,76.4800,37,1
2026-03-16,000333,13:46:36,76.4900,106,1
2026-03-16,000333,13:46:39,76.5000,6,1
2026-03-16,000333,13:46:45,76.5100,71,1
2026-03-16,000333,13:46:48,76.5100,24,1
2026-03-16,000333,13:46:51,76.5100,3,1
2026-03-16,000333,13:46:54,76.5000,4,2
2026-03-16,000333,13:46:57,76.5100,4,1
2026-03-16,000333,13:47:03,76.5100,3,1
2026-03-16,000333,13:47:06,76.5000,16,2
2026-03-16,000333,13:47:09,76.5000,1,1
2026-03-16,000333,13:47:12,76.5100,10,1
2026-03-16,000333,13:47:18,76.5300,106,1
2026-03-16,000333,13:47:21,76.5300,2,1
2026-03-16,000333,13:47:24,76.5400,35,1
2026-03-16,000333,13:47:27,76.5400,6,2
2026-03-16,000333,13:47:30,76.5600,11,1
2026-03-16,000333,13:47:33,76.5400,40,2
2026-03-16,000333,13:47:36,76.5400,20,1
2026-03-16,000333,13:47:39,76.5300,10,2
2026-03-16,000333,13:47:42,76.5400,1,1
2026-03-16,000333,13:47:45,76.5400,3,1
2026-03-16,000333,13:47:48,76.5300,5,2
2026-03-16,000333,13:47:54,76.5300,5,2
2026-03-16,000333,13:47:57,76.5300,4,2
2026-03-16,000333,13:48:03,76.5400,53,1
2026-03-16,000333,13:48:06,76.5300,43,2
2026-03-16,000333,13:48:09,76.5300,6,2
2026-03-16,000333,13:48:15,76.5400,2,1
2026-03-16,000333,13:48:18,76.5400,4,1
2026-03-16,000333,13:48:21,76.5300,49,2
2026-03-16,000333,13:48:24,76.5200,38,2
2026-03-16,000333,13:48:27,76.5400,18,1
2026-03-16,000333,13:48:30,76.5300,99,1
2026-03-16,000333,13:48:33,76.5300,60,1
2026-03-16,000333,13:48:36,76.5300,31,1
2026-03-16,000333,13:48:39,76.5300,23,1
2026-03-16,000333,13:48:42,76.5300,15,1
2026-03-16,000333,13:48:45,76.5200,14,2
2026-03-16,000333,13:48:48,76.5200,19,2
2026-03-16,000333,13:48:51,76.5200,13,2
2026-03-16,000333,13:48:54,76.5200,19,2
2026-03-16,000333,13:48:57,76.5100,8,2
2026-03-16,000333,13:49:00,76.5100,12,2
2026-03-16,000333,13:49:03,76.5100,28,2
2026-03-16,000333,13:49:06,76.5100,22,1
2026-03-16,000333,13:49:09,76.5000,31,2
2026-03-16,000333,13:49:12,76.5000,21,2
2026-03-16,000333,13:49:15,76.5000,15,2
2026-03-16,000333,13:49:18,76.5100,15,1
2026-03-16,000333,13:49:21,76.5100,57,1
2026-03-16,000333,13:49:24,76.5200,63,1
2026-03-16,000333,13:49:27,76.5100,49,2
2026-03-16,000333,13:49:30,76.5200,18,1
2026-03-16,000333,13:49:33,76.5100,33,1
2026-03-16,000333,13:49:36,76.5200,15,1
2026-03-16,000333,13:49:39,76.5100,9,2
2026-03-16,000333,13:49:42,76.5200,7,1
2026-03-16,000333,13:49:45,76.5200,28,1
2026-03-16,000333,13:49:48,76.5100,40,2
2026-03-16,000333,13:49:51,76.5200,15,1
2026-03-16,000333,13:49:54,76.5200,28,1
2026-03-16,000333,13:49:57,76.5200,15,2
2026-03-16,000333,13:50:03,76.5300,37,1
2026-03-16,000333,13:50:06,76.5200,40,2
2026-03-16,000333,13:50:09,76.5200,11,1
2026-03-16,000333,13:50:12,76.5200,2,1
2026-03-16,000333,13:50:15,76.5200,15,1
2026-03-16,000333,13:50:18,76.5200,17,1
2026-03-16,000333,13:50:21,76.5100,16,2
2026-03-16,000333,13:50:24,76.5100,18,2
2026-03-16,000333,13:50:27,76.5200,9,1
2026-03-16,000333,13:50:30,76.5200,7,1
2026-03-16,000333,13:50:33,76.5200,182,1
2026-03-16,000333,13:50:36,76.5300,23,1
2026-03-16,000333,13:50:39,76.5400,36,1
2026-03-16,000333,13:50:42,76.5400,21,1
2026-03-16,000333,13:50:45,76.5300,66,2
2026-03-16,000333,13:50:48,76.5400,22,1
2026-03-16,000333,13:50:51,76.5400,5,1
2026-03-16,000333,13:50:54,76.5100,65,2
2026-03-16,000333,13:50:57,76.5100,4,2
2026-03-16,000333,13:51:00,76.5200,24,4
2026-03-16,000333,13:51:03,76.5100,8,2
2026-03-16,000333,13:51:06,76.5200,7,1
2026-03-16,000333,13:51:09,76.5200,1,1
2026-03-16,000333,13:51:12,76.5200,2,1
2026-03-16,000333,13:51:15,76.5200,5,1
2026-03-16,000333,13:51:18,76.5100,60,2
2026-03-16,000333,13:51:21,76.5000,1,2
2026-03-16,000333,13:51:24,76.5000,11,2
2026-03-16,000333,13:51:27,76.5100,13,1
2026-03-16,000333,13:51:30,76.5100,8,1
2026-03-16,000333,13:51:33,76.5000,27,2
2026-03-16,000333,13:51:36,76.5100,3,1
2026-03-16,000333,13:51:39,76.5100,53,1
2026-03-16,000333,13:51:42,76.5100,2,1
2026-03-16,000333,13:51:45,76.5100,48,1
2026-03-16,000333,13:51:48,76.5100,7,1
2026-03-16,000333,13:51:54,76.5100,19,2
2026-03-16,000333,13:51:57,76.5100,10,2
2026-03-16,000333,13:52:00,76.5200,5,1
2026-03-16,000333,13:52:03,76.5200,12,1
2026-03-16,000333,13:52:06,76.5100,9,1
2026-03-16,000333,13:52:09,76.5000,1,2
2026-03-16,000333,13:52:15,76.5000,1,2
2026-03-16,000333,13:52:18,76.5100,7,1
2026-03-16,000333,13:52:21,76.5100,3,1
2026-03-16,000333,13:52:24,76.5100,51,1
2026-03-16,000333,13:52:27,76.5100,7,1
2026-03-16,000333,13:52:30,76.5200,137,1
2026-03-16,000333,13:52:33,76.5300,71,1
2026-03-16,000333,13:52:36,76.5400,111,1
2026-03-16,000333,13:52:39,76.5400,1,1
2026-03-16,000333,13:52:42,76.5400,6,1
2026-03-16,000333,13:52:45,76.5300,7,4
2026-03-16,000333,13:52:48,76.5200,42,2
2026-03-16,000333,13:52:51,76.5100,36,2
2026-03-16,000333,13:52:54,76.5100,55,2
2026-03-16,000333,13:52:57,76.5200,18,1
2026-03-16,000333,13:53:00,76.5200,13,1
2026-03-16,000333,13:53:03,76.5100,10,1
2026-03-16,000333,13:53:06,76.5100,33,1
2026-03-16,000333,13:53:09,76.5000,71,2
2026-03-16,000333,13:53:12,76.5000,18,2
2026-03-16,000333,13:53:15,76.5200,16,1
2026-03-16,000333,13:53:18,76.5100,58,2
2026-03-16,000333,13:53:21,76.5300,32,1
2026-03-16,000333,13:53:24,76.5300,4,1
2026-03-16,000333,13:53:27,76.5200,10,2
2026-03-16,000333,13:53:30,76.5300,11,1
2026-03-16,000333,13:53:33,76.5300,17,1
2026-03-16,000333,13:53:36,76.5300,16,1
2026-03-16,000333,13:53:39,76.5300,8,1
2026-03-16,000333,13:53:42,76.5300,22,1
2026-03-16,000333,13:53:45,76.5300,9,1
2026-03-16,000333,13:53:48,76.5200,29,2
2026-03-16,000333,13:53:51,76.5300,48,1
2026-03-16,000333,13:53:54,76.5300,14,1
2026-03-16,000333,13:53:57,76.5300,17,1
2026-03-16,000333,13:54:00,76.5200,5,2
2026-03-16,000333,13:54:03,76.5200,81,2
2026-03-16,000333,13:54:06,76.5400,20,1
2026-03-16,000333,13:54:09,76.5400,3,1
2026-03-16,000333,13:54:12,76.5300,11,2
2026-03-16,000333,13:54:15,76.5500,13,1
2026-03-16,000333,13:54:18,76.5500,20,1
2026-03-16,000333,13:54:21,76.5400,8,2
2026-03-16,000333,13:54:24,76.5400,9,1
2026-03-16,000333,13:54:27,76.5400,14,1
2026-03-16,000333,13:54:30,76.5400,14,1
2026-03-16,000333,13:54:36,76.5500,23,1
2026-03-16,000333,13:54:39,76.5400,5,1
2026-03-16,000333,13:54:42,76.5400,1,1
2026-03-16,000333,13:54:45,76.5300,18,2
2026-03-16,000333,13:54:48,76.5400,10,1
2026-03-16,000333,13:54:54,76.5400,2,1
2026-03-16,000333,13:54:57,76.5400,1,1
2026-03-16,000333,13:55:00,76.5300,32,2
2026-03-16,000333,13:55:03,76.5400,35,1
2026-03-16,000333,13:55:06,76.5300,35,2
2026-03-16,000333,13:55:09,76.5300,17,2
2026-03-16,000333,13:55:12,76.5400,85,4
2026-03-16,000333,13:55:15,76.5500,61,1
2026-03-16,000333,13:55:18,76.5600,22,1
2026-03-16,000333,13:55:21,76.5600,7,1
2026-03-16,000333,13:55:24,76.5600,4,1
2026-03-16,000333,13:55:27,76.5600,47,1
2026-03-16,000333,13:55:30,76.5500,59,2
2026-03-16,000333,13:55:33,76.5400,68,2
2026-03-16,000333,13:55:36,76.5500,33,2
2026-03-16,000333,13:55:39,76.5400,21,2
2026-03-16,000333,13:55:42,76.5400,5,4
2026-03-16,000333,13:55:48,76.5400,1,1
2026-03-16,000333,13:55:51,76.5400,19,1
2026-03-16,000333,13:55:54,76.5300,6,2
2026-03-16,000333,13:55:57,76.5300,1,2
2026-03-16,000333,13:56:00,76.5300,22,2
2026-03-16,000333,13:56:03,76.5300,15,2
2026-03-16,000333,13:56:06,76.5300,38,2
2026-03-16,000333,13:56:09,76.5400,26,1
2026-03-16,000333,13:56:12,76.5400,29,1
2026-03-16,000333,13:56:15,76.5400,13,1
2026-03-16,000333,13:56:18,76.5400,39,2
2026-03-16,000333,13:56:21,76.5500,34,1
2026-03-16,000333,13:56:24,76.5500,13,1
2026-03-16,000333,13:56:27,76.5500,4,1
2026-03-16,000333,13:56:30,76.5400,7,2
2026-03-16,000333,13:56:33,76.5400,7,2
2026-03-16,000333,13:56:36,76.5400,1,2
2026-03-16,000333,13:56:42,76.5500,1,1
2026-03-16,000333,13:56:45,76.5500,2,1
2026-03-16,000333,13:56:48,76.5400,2,2
2026-03-16,000333,13:56:51,76.5500,13,1
2026-03-16,000333,13:56:54,76.5500,6,1
2026-03-16,000333,13:57:00,76.5400,22,2
2026-03-16,000333,13:57:03,76.5500,88,1
2026-03-16,000333,13:57:06,76.5500,8,1
2026-03-16,000333,13:57:09,76.5500,43,1
2026-03-16,000333,13:57:15,76.5600,10,1
2026-03-16,000333,13:57:18,76.5600,73,1
2026-03-16,000333,13:57:21,76.5500,52,2
2026-03-16,000333,13:57:24,76.5600,23,1
2026-03-16,000333,13:57:27,76.5400,32,2
2026-03-16,000333,13:57:30,76.5500,31,1
2026-03-16,000333,13:57:33,76.5500,13,1
2026-03-16,000333,13:57:36,76.5400,5,2
2026-03-16,000333,13:57:39,76.5400,6,2
2026-03-16,000333,13:57:42,76.5500,26,1
2026-03-16,000333,13:57:45,76.5500,10,1
2026-03-16,000333,13:57:48,76.5500,18,1
2026-03-16,000333,13:57:51,76.5500,41,1
2026-03-16,000333,13:57:54,76.5500,25,1
2026-03-16,000333,13:57:57,76.5500,15,1
2026-03-16,000333,13:58:00,76.5500,148,1
2026-03-16,000333,13:58:03,76.5600,41,1
2026-03-16,000333,13:58:06,76.5700,49,1
2026-03-16,000333,13:58:09,76.5500,6,2
2026-03-16,000333,13:58:12,76.5600,27,1
2026-03-16,000333,13:58:15,76.5600,14,1
2026-03-16,000333,13:58:18,76.5700,15,1
2026-03-16,000333,13:58:21,76.5500,7,2
2026-03-16,000333,13:58:24,76.5500,12,2
2026-03-16,000333,13:58:30,76.5600,14,1
2026-03-16,000333,13:58:33,76.5500,9,2
2026-03-16,000333,13:58:36,76.5500,9,2
2026-03-16,000333,13:58:39,76.5500,21,2
2026-03-16,000333,13:58:42,76.5500,20,2
2026-03-16,000333,13:58:45,76.5400,1,2
2026-03-16,000333,13:58:48,76.5400,13,2
2026-03-16,000333,13:58:51,76.5500,15,1
2026-03-16,000333,13:58:54,76.5400,21,2
2026-03-16,000333,13:58:57,76.5400,59,2
2026-03-16,000333,13:59:00,76.5400,1,1
2026-03-16,000333,13:59:03,76.5300,26,2
2026-03-16,000333,13:59:06,76.5200,158,2
2026-03-16,000333,13:59:09,76.5300,15,1
2026-03-16,000333,13:59:12,76.5200,50,2
2026-03-16,000333,13:59:15,76.5300,5,2
2026-03-16,000333,13:59:18,76.5200,14,2
2026-03-16,000333,13:59:21,76.5200,4,1
2026-03-16,000333,13:59:24,76.5400,55,1
2026-03-16,000333,13:59:27,76.5300,25,2
2026-03-16,000333,13:59:30,76.5300,11,1
2026-03-16,000333,13:59:33,76.5300,2,2
2026-03-16,000333,13:59:36,76.5400,17,1
2026-03-16,000333,13:59:39,76.5500,40,1
2026-03-16,000333,13:59:42,76.5400,2,2
2026-03-16,000333,13:59:45,76.5400,24,2
2026-03-16,000333,13:59:48,76.5400,25,1
2026-03-16,000333,13:59:51,76.5300,6,2
2026-03-16,000333,13:59:54,76.5500,24,1
2026-03-16,000333,13:59:57,76.5500,2,1
2026-03-16,000333,14:00:00,76.5500,7,1
2026-03-16,000333,14:00:03,76.5600,52,1
2026-03-16,000333,14:00:06,76.5600,16,1
2026-03-16,000333,14:00:09,76.5700,9,1
2026-03-16,000333,14:00:12,76.5500,40,2
2026-03-16,000333,14:00:15,76.5600,4,4
2026-03-16,000333,14:00:18,76.5600,10,1
2026-03-16,000333,14:00:21,76.5600,14,4
2026-03-16,000333,14:00:24,76.5400,110,2
2026-03-16,000333,14:00:27,76.5500,43,1
2026-03-16,000333,14:00:30,76.5400,13,2
2026-03-16,000333,14:00:33,76.5400,9,2
2026-03-16,000333,14:00:36,76.5400,43,2
2026-03-16,000333,14:00:39,76.5400,27,2
2026-03-16,000333,14:00:42,76.5500,27,1
2026-03-16,000333,14:00:45,76.5600,40,1
2026-03-16,000333,14:00:48,76.5600,7,1
2026-03-16,000333,14:00:51,76.5700,32,1
2026-03-16,000333,14:00:54,76.5600,17,2
2026-03-16,000333,14:00:57,76.5500,25,2
2026-03-16,000333,14:01:00,76.5500,21,2
2026-03-16,000333,14:01:03,76.5500,19,2
2026-03-16,000333,14:01:06,76.5500,40,2
2026-03-16,000333,14:01:09,76.5600,8,1
2026-03-16,000333,14:01:12,76.5500,12,2
2026-03-16,000333,14:01:15,76.5400,19,2
2026-03-16,000333,14:01:18,76.5600,5,1
2026-03-16,000333,14:01:21,76.5600,8,1
2026-03-16,000333,14:01:24,76.5600,7,1
2026-03-16,000333,14:01:27,76.5600,45,1
2026-03-16,000333,14:01:30,76.5300,155,2
2026-03-16,000333,14:01:33,76.5400,58,1
2026-03-16,000333,14:01:36,76.5100,11,2
2026-03-16,000333,14:01:39,76.5100,15,2
2026-03-16,000333,14:01:42,76.5400,1,1
2026-03-16,000333,14:01:45,76.5400,13,4
2026-03-16,000333,14:01:48,76.5500,7,1
2026-03-16,000333,14:01:51,76.5200,3,2
2026-03-16,000333,14:01:54,76.5300,4,4
2026-03-16,000333,14:01:57,76.5200,6,2
2026-03-16,000333,14:02:00,76.5500,1,1
2026-03-16,000333,14:02:03,76.5100,19,2
2026-03-16,000333,14:02:06,76.5500,34,1
2026-03-16,000333,14:02:09,76.5500,15,1
2026-03-16,000333,14:02:12,76.5600,52,1
2026-03-16,000333,14:02:15,76.5500,9,1
2026-03-16,000333,14:02:18,76.5400,4,2
2026-03-16,000333,14:02:21,76.5500,1,1
2026-03-16,000333,14:02:27,76.5400,14,2
2026-03-16,000333,14:02:30,76.5500,6,4
2026-03-16,000333,14:02:33,76.5600,11,1
2026-03-16,000333,14:02:36,76.5600,6,1
2026-03-16,000333,14:02:39,76.5500,5,2
2026-03-16,000333,14:02:42,76.5600,12,1
2026-03-16,000333,14:02:45,76.5600,3,1
2026-03-16,000333,14:02:48,76.5600,5,1
2026-03-16,000333,14:02:51,76.5600,2,1
2026-03-16,000333,14:02:54,76.5600,61,1
2026-03-16,000333,14:02:57,76.5600,13,1
2026-03-16,000333,14:03:03,76.5700,126,1
2026-03-16,000333,14:03:06,76.5700,58,1
2026-03-16,000333,14:03:09,76.5700,51,1
2026-03-16,000333,14:03:12,76.5800,33,1
2026-03-16,000333,14:03:15,76.6000,103,1
2026-03-16,000333,14:03:18,76.6000,69,1
2026-03-16,000333,14:03:21,76.5900,36,2
2026-03-16,000333,14:03:24,76.6000,30,1
2026-03-16,000333,14:03:27,76.6000,19,1
2026-03-16,000333,14:03:30,76.6000,19,1
2026-03-16,000333,14:03:33,76.5900,13,2
2026-03-16,000333,14:03:36,76.5900,18,2
2026-03-16,000333,14:03:39,76.6000,5,1
2026-03-16,000333,14:03:42,76.6000,7,1
2026-03-16,000333,14:03:45,76.5900,14,2
2026-03-16,000333,14:03:48,76.5900,25,2
2026-03-16,000333,14:03:51,76.6000,16,1
2026-03-16,000333,14:03:54,76.6000,3,4
2026-03-16,000333,14:03:57,76.6000,5,1
2026-03-16,000333,14:04:00,76.5900,12,2
2026-03-16,000333,14:04:03,76.6000,9,1
2026-03-16,000333,14:04:06,76.6000,31,2
2026-03-16,000333,14:04:09,76.6100,16,1
2026-03-16,000333,14:04:12,76.6000,19,2
2026-03-16,000333,14:04:15,76.6000,35,2
2026-03-16,000333,14:04:18,76.5900,7,2
2026-03-16,000333,14:04:21,76.6100,7,1
2026-03-16,000333,14:04:27,76.6100,13,1
2026-03-16,000333,14:04:30,76.6100,63,1
2026-03-16,000333,14:04:33,76.6100,43,2
2026-03-16,000333,14:04:36,76.6100,12,2
2026-03-16,000333,14:04:39,76.6100,69,2
2026-03-16,000333,14:04:42,76.6100,10,2
2026-03-16,000333,14:04:45,76.6300,23,1
2026-03-16,000333,14:04:48,76.6200,11,2
2026-03-16,000333,14:04:51,76.6200,27,1
2026-03-16,000333,14:04:54,76.6200,1,1
2026-03-16,000333,14:04:57,76.6200,2,1
2026-03-16,000333,14:05:00,76.6200,13,2
2026-03-16,000333,14:05:03,76.6200,12,4
2026-03-16,000333,14:05:06,76.6300,19,1
2026-03-16,000333,14:05:09,76.6300,12,1
2026-03-16,000333,14:05:12,76.6200,27,2
2026-03-16,000333,14:05:15,76.6300,2,1
2026-03-16,000333,14:05:18,76.6400,21,1
2026-03-16,000333,14:05:21,76.6300,6,1
2026-03-16,000333,14:05:24,76.6200,9,2
2026-03-16,000333,14:05:27,76.6200,8,1
2026-03-16,000333,14:05:30,76.6100,17,2
2026-03-16,000333,14:05:33,76.6300,26,1
2026-03-16,000333,14:05:36,76.6400,67,1
2026-03-16,000333,14:05:39,76.6300,3,1
2026-03-16,000333,14:05:42,76.6300,3,1
2026-03-16,000333,14:05:45,76.6300,4,1
2026-03-16,000333,14:05:48,76.6100,10,2
2026-03-16,000333,10:50:27,76.6200,17,2
2026-03-16,000333,10:50:30,76.6300,4,1
2026-03-16,000333,10:50:33,76.6200,10,2
2026-03-16,000333,10:50:36,76.6300,37,1
2026-03-16,000333,10:50:39,76.6400,10,1
2026-03-16,000333,10:50:42,76.6300,8,2
2026-03-16,000333,10:50:45,76.6300,30,2
2026-03-16,000333,10:50:48,76.6300,10,1
2026-03-16,000333,10:50:51,76.6100,6,2
2026-03-16,000333,10:50:54,76.6100,1,1
2026-03-16,000333,10:50:57,76.6000,1,2
2026-03-16,000333,10:51:00,76.6000,18,2
2026-03-16,000333,10:51:03,76.6000,8,1
2026-03-16,000333,10:51:06,76.5900,3,2
2026-03-16,000333,10:51:09,76.5800,9,2
2026-03-16,000333,10:51:12,76.6000,15,1
2026-03-16,000333,10:51:15,76.6000,21,1
2026-03-16,000333,10:51:18,76.5900,6,2
2026-03-16,000333,10:51:21,76.6000,16,1
2026-03-16,000333,10:51:24,76.5800,18,2
2026-03-16,000333,10:51:27,76.6000,71,1
2026-03-16,000333,10:51:30,76.6200,13,1
2026-03-16,000333,10:51:33,76.6000,53,1
2026-03-16,000333,10:51:36,76.6100,27,1
2026-03-16,000333,10:51:39,76.5900,3,2
2026-03-16,000333,10:51:42,76.6100,10,1
2026-03-16,000333,10:51:45,76.6000,10,1
2026-03-16,000333,10:51:48,76.5900,8,2
2026-03-16,000333,10:51:51,76.6000,1,2
2026-03-16,000333,10:51:54,76.6000,3,2
2026-03-16,000333,10:51:57,76.6100,11,1
2026-03-16,000333,10:52:00,76.6000,24,2
2026-03-16,000333,10:52:03,76.6000,15,1
2026-03-16,000333,10:52:06,76.6000,12,1
2026-03-16,000333,10:52:12,76.5900,2,2
2026-03-16,000333,10:52:15,76.5900,32,2
2026-03-16,000333,10:52:18,76.5800,17,2
2026-03-16,000333,10:52:21,76.5800,27,2
2026-03-16,000333,10:52:24,76.5800,6,2
2026-03-16,000333,10:52:27,76.5700,4,2
2026-03-16,000333,10:52:33,76.5600,44,2
2026-03-16,000333,10:52:36,76.5700,5,1
2026-03-16,000333,10:52:39,76.5600,17,2
2026-03-16,000333,10:52:42,76.5500,25,2
2026-03-16,000333,10:52:45,76.5500,4,2
2026-03-16,000333,10:52:48,76.5500,7,2
2026-03-16,000333,10:52:51,76.5600,1,1
2026-03-16,000333,10:52:54,76.5500,24,2
2026-03-16,000333,10:52:57,76.5600,55,1
2026-03-16,000333,10:53:00,76.5500,20,2
2026-03-16,000333,10:53:03,76.5500,45,2
2026-03-16,000333,10:53:06,76.5600,97,1
2026-03-16,000333,10:53:09,76.5500,35,2
2026-03-16,000333,10:53:12,76.5400,9,2
2026-03-16,000333,10:53:18,76.5300,11,2
2026-03-16,000333,10:53:24,76.5300,17,2
2026-03-16,000333,10:53:27,76.5300,8,2
2026-03-16,000333,10:53:30,76.5300,28,2
2026-03-16,000333,10:53:33,76.5200,20,2
2026-03-16,000333,10:53:36,76.5000,76,2
2026-03-16,000333,10:53:39,76.5000,137,2
2026-03-16,000333,10:53:42,76.5000,54,2
2026-03-16,000333,10:53:45,76.5000,9,2
2026-03-16,000333,10:53:48,76.5000,48,2
2026-03-16,000333,10:53:51,76.5000,31,2
2026-03-16,000333,10:53:54,76.5200,239,1
2026-03-16,000333,10:53:57,76.5300,30,1
2026-03-16,000333,10:54:00,76.5400,1,1
2026-03-16,000333,10:54:03,76.5300,15,2
2026-03-16,000333,10:54:06,76.5300,14,1
2026-03-16,000333,10:54:09,76.5300,1,1
2026-03-16,000333,10:54:12,76.5300,43,1
2026-03-16,000333,10:54:15,76.5200,23,1
2026-03-16,000333,10:54:18,76.5300,77,1
2026-03-16,000333,10:54:21,76.5400,68,1
2026-03-16,000333,10:54:24,76.5400,20,1
2026-03-16,000333,10:54:27,76.5200,1,2
2026-03-16,000333,10:54:30,76.5400,8,1
2026-03-16,000333,10:54:33,76.5400,5,1
2026-03-16,000333,10:54:36,76.5400,4,1
2026-03-16,000333,10:54:39,76.5400,11,1
2026-03-16,000333,10:54:42,76.5300,16,2
2026-03-16,000333,10:54:45,76.5300,11,2
2026-03-16,000333,10:54:48,76.5300,2,2
2026-03-16,000333,10:54:51,76.5200,3,2
2026-03-16,000333,10:54:54,76.5200,17,2
2026-03-16,000333,10:54:57,76.5200,21,2
2026-03-16,000333,10:55:00,76.5200,2,1
2026-03-16,000333,10:55:03,76.5200,21,1
2026-03-16,000333,10:55:06,76.5200,1,2
2026-03-16,000333,10:55:09,76.5200,2,2
2026-03-16,000333,10:55:12,76.5200,24,2
2026-03-16,000333,10:55:15,76.5100,43,2
2026-03-16,000333,10:55:18,76.5100,12,2
2026-03-16,000333,10:55:21,76.5100,5,2
2026-03-16,000333,10:55:24,76.5200,9,1
2026-03-16,000333,10:55:27,76.5200,2,1
2026-03-16,000333,10:55:30,76.5200,48,1
2026-03-16,000333,10:55:33,76.5300,8,1
2026-03-16,000333,10:55:36,76.5300,14,1
2026-03-16,000333,10:55:39,76.5200,13,2
2026-03-16,000333,10:55:42,76.5300,5,1
2026-03-16,000333,10:55:45,76.5100,160,2
2026-03-16,000333,10:55:48,76.5200,31,1
2026-03-16,000333,10:55:51,76.5200,9,1
2026-03-16,000333,10:55:54,76.5200,74,2
2026-03-16,000333,10:55:57,76.5200,10,2
2026-03-16,000333,10:56:00,76.5200,9,2
2026-03-16,000333,10:56:03,76.5300,30,1
2026-03-16,000333,10:56:06,76.5300,3,1
2026-03-16,000333,10:56:09,76.5300,15,1
2026-03-16,000333,10:56:12,76.5300,12,1
2026-03-16,000333,10:56:15,76.5400,19,1
2026-03-16,000333,10:56:18,76.5400,33,1
2026-03-16,000333,10:56:21,76.5500,24,1
2026-03-16,000333,10:56:24,76.5400,150,2
2026-03-16,000333,10:56:27,76.5500,13,1
2026-03-16,000333,10:56:30,76.5300,20,2
2026-03-16,000333,10:56:33,76.5400,15,2
2026-03-16,000333,10:56:36,76.5300,33,2
2026-03-16,000333,10:56:39,76.5300,24,2
2026-03-16,000333,10:56:42,76.5300,9,2
2026-03-16,000333,10:56:45,76.5200,16,2
2026-03-16,000333,10:56:48,76.5300,8,1
2026-03-16,000333,10:56:54,76.5500,198,1
2026-03-16,000333,10:56:57,76.5300,14,1
2026-03-16,000333,10:57:00,76.5200,82,1
2026-03-16,000333,10:57:03,76.5100,26,2
2026-03-16,000333,10:57:06,76.5300,18,1
2026-03-16,000333,10:57:09,76.5300,14,1
2026-03-16,000333,10:57:12,76.5300,36,1
2026-03-16,000333,10:57:15,76.5300,49,1
2026-03-16,000333,10:57:18,76.5400,70,1
2026-03-16,000333,10:57:21,76.5500,36,1
2026-03-16,000333,10:57:24,76.5300,2,2
2026-03-16,000333,10:57:27,76.5200,8,2
2026-03-16,000333,10:57:30,76.5100,4,2
2026-03-16,000333,10:57:36,76.5300,11,1
2026-03-16,000333,10:57:42,76.5300,1,2
2026-03-16,000333,10:57:45,76.5300,19,2
2026-03-16,000333,10:57:48,76.5200,5,2
2026-03-16,000333,10:57:51,76.5200,1,2
2026-03-16,000333,10:57:54,76.5100,25,2
2026-03-16,000333,10:57:57,76.5000,42,2
2026-03-16,000333,10:58:03,76.5000,28,2
2026-03-16,000333,10:58:06,76.5000,23,2
2026-03-16,000333,10:58:09,76.5000,18,2
2026-03-16,000333,10:58:12,76.5000,11,1
2026-03-16,000333,10:58:18,76.4900,185,1
2026-03-16,000333,10:58:24,76.4300,123,2
2026-03-16,000333,10:58:27,76.4700,28,1
2026-03-16,000333,10:58:30,76.4900,71,1
2026-03-16,000333,10:58:33,76.4900,6,1
2026-03-16,000333,10:58:36,76.4400,4,2
2026-03-16,000333,10:58:39,76.4600,36,2
2026-03-16,000333,10:58:42,76.4900,16,1
2026-03-16,000333,10:58:45,76.4900,100,1
2026-03-16,000333,10:58:48,76.4900,94,1
2026-03-16,000333,10:58:51,76.4700,8,2
2026-03-16,000333,10:58:54,76.4700,15,2
2026-03-16,000333,10:58:57,76.4900,17,1
2026-03-16,000333,10:59:00,76.4900,3,1
2026-03-16,000333,10:59:03,76.4800,34,2
2026-03-16,000333,10:59:06,76.4700,1,2
2026-03-16,000333,10:59:12,76.4700,8,2
2026-03-16,000333,10:59:15,76.4700,5,2
2026-03-16,000333,10:59:18,76.4500,28,2
2026-03-16,000333,10:59:21,76.4500,3,2
2026-03-16,000333,10:59:24,76.4600,13,2
2026-03-16,000333,10:59:27,76.4700,39,1
2026-03-16,000333,10:59:30,76.4600,9,2
2026-03-16,000333,10:59:33,76.4500,15,2
2026-03-16,000333,10:59:36,76.4500,11,2
2026-03-16,000333,10:59:39,76.4500,9,4
2026-03-16,000333,10:59:42,76.4500,26,2
2026-03-16,000333,10:59:45,76.4700,42,1
2026-03-16,000333,10:59:48,76.5000,65,1
2026-03-16,000333,10:59:51,76.4900,1,4
2026-03-16,000333,10:59:54,76.4600,16,2
2026-03-16,000333,10:59:57,76.5000,21,1
2026-03-16,000333,11:00:00,76.4800,3,2
2026-03-16,000333,11:00:03,76.4900,8,4
2026-03-16,000333,11:00:06,76.5000,16,1
2026-03-16,000333,11:00:09,76.4900,1,2
2026-03-16,000333,11:00:12,76.5000,32,1
2026-03-16,000333,11:00:15,76.5000,17,1
2026-03-16,000333,11:00:18,76.5000,1,1
2026-03-16,000333,11:00:21,76.5000,35,1
2026-03-16,000333,11:00:24,76.5100,49,1
2026-03-16,000333,11:00:27,76.5300,87,1
2026-03-16,000333,11:00:30,76.5400,7,1
2026-03-16,000333,11:00:33,76.5400,31,1
2026-03-16,000333,11:00:36,76.5400,57,1
2026-03-16,000333,11:00:39,76.5300,8,2
2026-03-16,000333,11:00:42,76.5400,12,1
2026-03-16,000333,11:00:45,76.5300,14,4
2026-03-16,000333,11:00:48,76.5400,2,1
2026-03-16,000333,11:00:51,76.5300,3,2
2026-03-16,000333,11:00:54,76.5200,10,2
2026-03-16,000333,11:00:57,76.5200,2,1
2026-03-16,000333,11:01:00,76.5200,35,1
2026-03-16,000333,11:01:03,76.5100,73,2
2026-03-16,000333,11:01:06,76.5200,2,1
2026-03-16,000333,11:01:09,76.5200,22,1
2026-03-16,000333,11:01:12,76.5200,10,1
2026-03-16,000333,11:01:15,76.5100,29,2
2026-03-16,000333,11:01:18,76.5100,31,1
2026-03-16,000333,11:01:21,76.5200,24,1
2026-03-16,000333,11:01:24,76.5300,7,1
2026-03-16,000333,11:01:27,76.5200,8,2
2026-03-16,000333,11:01:30,76.5300,2,1
2026-03-16,000333,11:01:33,76.5100,6,2
2026-03-16,000333,11:01:36,76.5100,2,2
2026-03-16,000333,11:01:39,76.5200,20,1
2026-03-16,000333,11:01:42,76.5300,34,1
2026-03-16,000333,11:01:45,76.5200,27,2
2026-03-16,000333,11:01:51,76.5300,3,1
2026-03-16,000333,11:01:54,76.5200,5,2
2026-03-16,000333,11:01:57,76.5300,1,1
2026-03-16,000333,11:02:00,76.5300,2,1
2026-03-16,000333,11:02:06,76.5300,1,1
2026-03-16,000333,11:02:12,76.5200,25,2
2026-03-16,000333,11:02:15,76.5200,2,1
2026-03-16,000333,11:02:18,76.5200,23,1
2026-03-16,000333,11:02:21,76.5100,1,2
2026-03-16,000333,11:02:24,76.5200,1,1
2026-03-16,000333,11:02:27,76.5200,1,1
2026-03-16,000333,11:02:30,76.5100,6,2
2026-03-16,000333,11:02:33,76.5100,24,2
2026-03-16,000333,11:02:36,76.5200,8,1
2026-03-16,000333,11:02:39,76.5000,25,2
2026-03-16,000333,11:02:42,76.5100,1,1
2026-03-16,000333,11:02:45,76.5000,11,2
2026-03-16,000333,11:02:48,76.5100,2,1
2026-03-16,000333,11:02:51,76.5000,95,2
2026-03-16,000333,11:02:54,76.5100,61,1
2026-03-16,000333,11:02:57,76.5100,31,2
2026-03-16,000333,11:03:00,76.5000,9,2
2026-03-16,000333,11:03:03,76.5100,25,4
2026-03-16,000333,11:03:06,76.5100,11,1
2026-03-16,000333,11:03:09,76.5200,8,1
2026-03-16,000333,11:03:15,76.5100,2,2
2026-03-16,000333,11:03:18,76.5200,2,1
2026-03-16,000333,11:03:21,76.5100,8,2
2026-03-16,000333,11:03:27,76.5100,11,2
2026-03-16,000333,11:03:30,76.5100,19,2
2026-03-16,000333,11:03:33,76.5100,27,2
2026-03-16,000333,11:03:36,76.5100,4,1
2026-03-16,000333,11:03:42,76.5100,6,2
2026-03-16,000333,11:03:45,76.5100,6,2
2026-03-16,000333,11:03:48,76.5200,4,1
2026-03-16,000333,11:03:51,76.5200,289,1
2026-03-16,000333,11:03:54,76.5200,27,2
2026-03-16,000333,11:03:57,76.5500,15,1
2026-03-16,000333,11:04:00,76.5500,35,1
2026-03-16,000333,11:04:03,76.5500,17,2
2026-03-16,000333,11:04:06,76.5600,1,1
2026-03-16,000333,11:04:09,76.5800,117,1
2026-03-16,000333,11:04:12,76.5900,15,1
2026-03-16,000333,11:04:15,76.6000,8,1
2026-03-16,000333,11:04:18,76.5900,5,2
2026-03-16,000333,11:04:21,76.5900,27,2
2026-03-16,000333,11:04:24,76.5900,17,1
2026-03-16,000333,11:04:27,76.5900,6,1
2026-03-16,000333,11:04:30,76.5800,4,2
2026-03-16,000333,11:04:33,76.5800,15,2
2026-03-16,000333,11:04:36,76.5900,51,1
2026-03-16,000333,11:04:39,76.5700,24,2
2026-03-16,000333,11:04:42,76.5600,22,2
2026-03-16,000333,11:04:45,76.5600,10,1
2026-03-16,000333,11:04:48,76.5600,6,1
2026-03-16,000333,11:04:51,76.5600,77,1
2026-03-16,000333,11:04:54,76.5700,47,1
2026-03-16,000333,11:04:57,76.5800,61,1
2026-03-16,000333,11:05:00,76.5900,11,1
2026-03-16,000333,11:05:03,76.5900,26,1
2026-03-16,000333,11:05:06,76.5900,8,1
2026-03-16,000333,11:05:09,76.5800,55,2
2026-03-16,000333,11:05:12,76.5800,17,2
2026-03-16,000333,11:05:15,76.5800,37,2
2026-03-16,000333,11:05:18,76.6000,4,1
2026-03-16,000333,11:05:21,76.5900,15,2
2026-03-16,000333,11:05:24,76.5900,11,2
2026-03-16,000333,11:05:27,76.5900,2,1
2026-03-16,000333,11:05:30,76.5800,5,2
2026-03-16,000333,11:05:33,76.5800,15,2
2026-03-16,000333,11:05:36,76.5800,2,1
2026-03-16,000333,11:05:39,76.5800,17,1
2026-03-16,000333,11:05:42,76.5800,37,2
2026-03-16,000333,11:05:45,76.6000,40,1
2026-03-16,000333,11:05:48,76.5900,4,1
2026-03-16,000333,11:05:51,76.5900,1,4
2026-03-16,000333,11:05:54,76.5900,12,2
2026-03-16,000333,11:05:57,76.5900,12,2
2026-03-16,000333,11:06:00,76.5900,4,2
2026-03-16,000333,11:06:03,76.5900,15,2
2026-03-16,000333,11:06:06,76.6000,11,1
2026-03-16,000333,11:06:09,76.5900,10,2
2026-03-16,000333,11:06:12,76.5600,77,2
2026-03-16,000333,11:06:15,76.6000,5,1
2026-03-16,000333,11:06:18,76.5800,5,2
2026-03-16,000333,11:06:21,76.5800,19,2
2026-03-16,000333,11:06:24,76.5800,32,2
2026-03-16,000333,11:06:27,76.5800,2,2
2026-03-16,000333,11:06:30,76.5900,15,1
2026-03-16,000333,11:06:33,76.5800,11,2
2026-03-16,000333,11:06:36,76.5800,10,4
2026-03-16,000333,11:06:39,76.5700,4,2
2026-03-16,000333,11:06:42,76.5800,3,1
2026-03-16,000333,11:06:45,76.5800,11,1
2026-03-16,000333,11:06:54,76.5700,10,2
2026-03-16,000333,11:06:57,76.5800,1,1
2026-03-16,000333,11:07:03,76.5600,22,2
2026-03-16,000333,11:07:06,76.5600,15,2
2026-03-16,000333,11:07:09,76.5600,3,2
2026-03-16,000333,11:07:12,76.5600,6,2
2026-03-16,000333,11:07:15,76.5600,2,2
2026-03-16,000333,11:07:18,76.5600,10,2
2026-03-16,000333,11:07:24,76.5600,20,2
2026-03-16,000333,11:07:27,76.5500,14,2
2026-03-16,000333,11:07:30,76.5200,199,2
2026-03-16,000333,11:07:33,76.5400,74,4
2026-03-16,000333,11:07:36,76.5500,310,1
2026-03-16,000333,11:07:39,76.5600,20,1
2026-03-16,000333,11:07:42,76.5700,44,1
2026-03-16,000333,11:07:45,76.5800,30,1
2026-03-16,000333,11:07:48,76.5800,23,1
2026-03-16,000333,11:07:51,76.5800,33,1
2026-03-16,000333,11:07:54,76.5500,44,2
2026-03-16,000333,11:07:57,76.5800,16,1
2026-03-16,000333,11:08:00,76.5800,8,1
2026-03-16,000333,11:08:03,76.5500,35,2
2026-03-16,000333,11:08:09,76.5700,1,1
2026-03-16,000333,11:08:15,76.5700,4,1
2026-03-16,000333,11:08:18,76.5700,1,1
2026-03-16,000333,11:08:21,76.5700,1,1
2026-03-16,000333,11:08:24,76.5600,2,2
2026-03-16,000333,11:08:27,76.5600,12,2
2026-03-16,000333,11:08:30,76.5600,24,2
2026-03-16,000333,11:08:33,76.5600,29,1
2026-03-16,000333,11:08:36,76.5900,490,1
2026-03-16,000333,11:08:39,76.5700,95,2
2026-03-16,000333,11:08:42,76.5600,69,2
2026-03-16,000333,11:08:45,76.5600,41,1
2026-03-16,000333,11:08:48,76.5600,10,1
2026-03-16,000333,11:08:51,76.5700,5,1
2026-03-16,000333,11:08:54,76.5600,13,2
2026-03-16,000333,11:08:57,76.5700,13,1
2026-03-16,000333,11:09:00,76.5600,6,2
2026-03-16,000333,11:09:03,76.5900,117,1
2026-03-16,000333,11:09:06,76.5600,58,2
2026-03-16,000333,11:09:09,76.5600,60,1
2026-03-16,000333,11:09:12,76.5700,29,1
2026-03-16,000333,11:09:15,76.5700,1,1
2026-03-16,000333,11:09:18,76.5600,15,2
2026-03-16,000333,11:09:21,76.5800,110,1
2026-03-16,000333,11:09:24,76.5700,51,2
2026-03-16,000333,11:09:27,76.5800,79,1
2026-03-16,000333,11:09:30,76.5800,7,2
2026-03-16,000333,11:09:33,76.5800,34,2
2026-03-16,000333,11:09:36,76.6000,2,1
2026-03-16,000333,11:09:39,76.5900,3,4
2026-03-16,000333,11:09:42,76.5900,2,1
2026-03-16,000333,11:09:45,76.5800,30,2
2026-03-16,000333,11:09:48,76.5900,12,1
2026-03-16,000333,11:09:51,76.5900,7,1
2026-03-16,000333,11:09:54,76.5900,1,1
2026-03-16,000333,11:09:57,76.5800,4,2
2026-03-16,000333,11:10:00,76.5900,2,1
2026-03-16,000333,11:10:06,76.5900,20,1
2026-03-16,000333,11:10:09,76.5900,33,1
2026-03-16,000333,11:10:12,76.5900,57,2
2026-03-16,000333,11:10:15,76.5900,9,1
2026-03-16,000333,11:10:18,76.5800,9,2
2026-03-16,000333,11:10:21,76.5900,30,1
2026-03-16,000333,11:10:24,76.5900,6,1
2026-03-16,000333,11:10:27,76.5900,24,1
2026-03-16,000333,11:10:30,76.5900,19,1
2026-03-16,000333,11:10:33,76.5900,18,1
2026-03-16,000333,11:10:36,76.5900,2,1
2026-03-16,000333,11:10:39,76.5900,4,1
2026-03-16,000333,11:10:42,76.5900,13,1
2026-03-16,000333,11:10:45,76.5900,60,1
2026-03-16,000333,11:10:48,76.6000,21,1
2026-03-16,000333,11:10:51,76.5900,62,2
2026-03-16,000333,11:10:54,76.6100,34,1
2026-03-16,000333,11:10:57,76.6000,61,2
2026-03-16,000333,11:11:00,76.6000,72,1
2026-03-16,000333,11:11:03,76.5900,24,2
2026-03-16,000333,11:11:06,76.6000,16,1
2026-03-16,000333,11:11:09,76.6000,32,1
2026-03-16,000333,11:11:12,76.5800,92,2
2026-03-16,000333,11:11:15,76.5900,35,1
2026-03-16,000333,11:11:18,76.6000,16,1
2026-03-16,000333,11:11:21,76.5900,39,2
2026-03-16,000333,11:11:24,76.6100,14,1
2026-03-16,000333,11:11:27,76.6000,20,2
2026-03-16,000333,11:11:33,76.6100,10,4
2026-03-16,000333,11:11:36,76.6200,11,1
2026-03-16,000333,11:11:39,76.6200,7,1
2026-03-16,000333,11:11:42,76.6200,12,1
2026-03-16,000333,11:11:45,76.6200,43,1
2026-03-16,000333,11:11:48,76.6200,7,1
2026-03-16,000333,11:11:51,76.6400,74,1
2026-03-16,000333,11:11:54,76.6400,6,1
2026-03-16,000333,11:11:57,76.6400,41,1
2026-03-16,000333,11:12:00,76.6500,27,1
2026-03-16,000333,11:12:03,76.6500,47,1
2026-03-16,000333,11:12:06,76.6500,11,2
2026-03-16,000333,11:12:09,76.6600,17,1
2026-03-16,000333,11:12:12,76.6600,53,2
2026-03-16,000333,11:12:15,76.6600,37,1
2026-03-16,000333,11:12:18,76.6500,138,2
2026-03-16,000333,11:12:21,76.6600,34,1
2026-03-16,000333,11:12:24,76.6700,11,1
2026-03-16,000333,11:12:27,76.6600,15,2
2026-03-16,000333,11:12:30,76.6600,10,1
2026-03-16,000333,11:12:33,76.6600,49,1
2026-03-16,000333,11:12:36,76.6600,6,1
2026-03-16,000333,11:12:39,76.6500,12,2
2026-03-16,000333,11:12:42,76.6500,85,2
2026-03-16,000333,11:12:45,76.6600,19,1
2026-03-16,000333,11:12:48,76.6500,45,2
2026-03-16,000333,11:12:51,76.6500,6,2
2026-03-16,000333,11:12:54,76.6600,21,1
2026-03-16,000333,11:12:57,76.6600,73,2
2026-03-16,000333,11:13:00,76.6600,14,1
2026-03-16,000333,11:13:03,76.6600,14,2
2026-03-16,000333,11:13:06,76.6600,30,2
2026-03-16,000333,11:13:09,76.6500,25,2
2026-03-16,000333,11:13:12,76.6600,54,1
2026-03-16,000333,11:13:15,76.6500,50,2
2026-03-16,000333,11:13:18,76.6600,87,1
2026-03-16,000333,11:13:21,76.6500,16,2
2026-03-16,000333,11:13:24,76.6500,16,1
2026-03-16,000333,11:13:33,76.6400,7,2
2026-03-16,000333,11:13:39,76.6500,9,1
2026-03-16,000333,11:13:42,76.6400,13,2
2026-03-16,000333,11:13:45,76.6400,43,2
2026-03-16,000333,11:13:48,76.6500,26,1
2026-03-16,000333,11:13:51,76.6600,7,1
2026-03-16,000333,11:13:54,76.6600,15,1
2026-03-16,000333,11:13:57,76.6600,27,1
2026-03-16,000333,11:14:00,76.6600,21,1
2026-03-16,000333,11:14:03,76.6600,1,1
2026-03-16,000333,11:14:06,76.6500,53,2
2026-03-16,000333,11:14:09,76.6500,35,2
2026-03-16,000333,11:14:12,76.6500,3,1
2026-03-16,000333,11:14:15,76.6500,34,1
2026-03-16,000333,11:14:21,76.6400,320,2
2026-03-16,000333,11:14:24,76.6400,49,2
2026-03-16,000333,11:14:27,76.6600,28,1
2026-03-16,000333,11:14:30,76.6400,39,2
2026-03-16,000333,11:14:33,76.6600,2,2
2026-03-16,000333,11:14:36,76.6600,20,2
2026-03-16,000333,11:14:39,76.6600,2,2
2026-03-16,000333,11:14:42,76.6600,9,2
2026-03-16,000333,11:14:45,76.6700,10,1
2026-03-16,000333,11:14:48,76.6700,16,1
2026-03-16,000333,11:14:51,76.6700,43,1
2026-03-16,000333,11:14:54,76.6600,6,2
2026-03-16,000333,11:14:57,76.6700,7,1
2026-03-16,000333,11:15:00,76.6700,46,1
2026-03-16,000333,11:15:03,76.6700,22,1
2026-03-16,000333,11:15:06,76.6600,1,1
2026-03-16,000333,11:15:09,76.6600,7,1
2026-03-16,000333,11:15:12,76.6700,15,1
2026-03-16,000333,11:15:15,76.6700,7,1
2026-03-16,000333,11:15:18,76.6500,4,2
2026-03-16,000333,11:15:24,76.6700,15,1
2026-03-16,000333,11:15:27,76.6600,1,2
2026-03-16,000333,11:15:30,76.6600,4,2
2026-03-16,000333,11:15:33,76.6600,9,2
2026-03-16,000333,11:15:36,76.6500,22,2
2026-03-16,000333,11:15:39,76.6600,2,1
2026-03-16,000333,11:15:42,76.6500,10,2
2026-03-16,000333,11:15:45,76.6500,23,2
2026-03-16,000333,11:15:48,76.6500,4,1
2026-03-16,000333,11:15:54,76.6500,17,1
2026-03-16,000333,11:15:57,76.6400,10,2
2026-03-16,000333,11:16:00,76.6400,24,2
2026-03-16,000333,11:16:03,76.6500,8,1
2026-03-16,000333,11:16:06,76.6500,1,1
2026-03-16,000333,11:16:09,76.6400,8,2
2026-03-16,000333,11:16:12,76.6500,26,1
2026-03-16,000333,11:16:15,76.6500,45,1
2026-03-16,000333,11:16:18,76.6500,6,1
2026-03-16,000333,11:16:21,76.6600,15,1
2026-03-16,000333,11:16:24,76.6600,24,1
2026-03-16,000333,11:16:27,76.6600,5,1
2026-03-16,000333,11:16:30,76.6500,37,2
2026-03-16,000333,11:16:33,76.6600,16,2
2026-03-16,000333,11:16:36,76.6600,43,2
2026-03-16,000333,11:16:39,76.6500,42,2
2026-03-16,000333,11:16:42,76.6600,17,1
2026-03-16,000333,11:16:45,76.6700,55,1
2026-03-16,000333,11:16:48,76.6700,18,1
2026-03-16,000333,11:16:51,76.6800,26,1
2026-03-16,000333,11:16:54,76.6800,32,1
2026-03-16,000333,11:16:57,76.6700,12,2
2026-03-16,000333,11:17:00,76.6800,34,1
2026-03-16,000333,11:17:03,76.6800,21,1
2026-03-16,000333,11:17:06,76.6700,37,2
2026-03-16,000333,11:17:09,76.6600,53,2
2026-03-16,000333,11:17:12,76.6600,43,1
2026-03-16,000333,11:17:15,76.6400,51,2
2026-03-16,000333,11:17:18,76.6600,18,1
2026-03-16,000333,11:17:21,76.6500,22,2
2026-03-16,000333,11:17:24,76.6600,8,1
2026-03-16,000333,11:17:27,76.6600,139,1
2026-03-16,000333,11:17:30,76.6700,30,1
2026-03-16,000333,11:17:33,76.6700,20,1
2026-03-16,000333,11:17:36,76.6500,114,2
2026-03-16,000333,11:17:39,76.6600,20,2
2026-03-16,000333,11:17:42,76.6600,25,1
