date,code,time,price,volume,bs
2026-06-23,000001,14:05:42,10.7400,193,2
2026-06-23,000001,14:05:45,10.7500,1,1
2026-06-23,000001,14:05:48,10.7500,30,1
2026-06-23,000001,14:05:51,10.7400,31,2
2026-06-23,000001,14:05:54,10.7400,135,2
2026-06-23,000001,14:05:57,10.7500,4,1
2026-06-23,000001,14:06:03,10.7500,38,1
2026-06-23,000001,14:06:06,10.7500,23,1
2026-06-23,000001,14:06:09,10.7500,2,1
2026-06-23,000001,14:06:18,10.7400,2943,2
2026-06-23,000001,14:06:24,10.7500,142,2
2026-06-23,000001,14:06:27,10.7500,5,2
2026-06-23,000001,14:06:33,10.7500,145,2
2026-06-23,000001,14:06:36,10.7600,88,1
2026-06-23,000001,14:06:39,10.7500,10,2
2026-06-23,000001,14:06:48,10.7500,598,2
2026-06-23,000001,14:06:51,10.7400,81,2
2026-06-23,000001,14:06:54,10.7500,123,1
2026-06-23,000001,14:06:57,10.7500,2,1
2026-06-23,000001,14:07:00,10.7400,4,2
2026-06-23,000001,14:07:03,10.7400,43,2
2026-06-23,000001,14:07:06,10.7400,30,2
2026-06-23,000001,14:07:09,10.7500,19,1
2026-06-23,000001,14:07:12,10.7400,53,2
2026-06-23,000001,14:07:15,10.7400,62,2
2026-06-23,000001,14:07:18,10.7400,1,2
2026-06-23,000001,14:07:24,10.7400,74,2
2026-06-23,000001,14:07:30,10.7400,800,2
2026-06-23,000001,14:07:33,10.7400,34,2
2026-06-23,000001,14:07:36,10.7500,94,1
2026-06-23,000001,14:07:39,10.7400,26,2
2026-06-23,000001,14:07:42,10.7400,26,2
2026-06-23,000001,14:07:45,10.7400,116,2
2026-06-23,000001,14:07:48,10.7400,960,2
2026-06-23,000001,14:07:54,10.7400,120,1
2026-06-23,000001,14:07:57,10.7300,74,2
2026-06-23,000001,14:08:00,10.7400,330,1
2026-06-23,000001,14:08:03,10.7400,201,1
2026-06-23,000001,14:08:06,10.7300,14,2
2026-06-23,000001,14:08:09,10.7300,45,2
2026-06-23,000001,14:08:12,10.7400,25,1
2026-06-23,000001,14:08:18,10.7300,104,2
2026-06-23,000001,14:08:21,10.7300,21,2
2026-06-23,000001,14:08:24,10.7300,22,2
2026-06-23,000001,14:08:27,10.7300,5,2
2026-06-23,000001,14:08:30,10.7300,74,2
2026-06-23,000001,14:08:33,10.7300,118,2
2026-06-23,000001,14:08:36,10.7300,34,2
2026-06-23,000001,14:08:39,10.7300,156,2
2026-06-23,000001,14:08:42,10.7300,6,2
2026-06-23,000001,14:08:45,10.7300,53,2
2026-06-23,000001,14:08:48,10.7300,118,2
2026-06-23,000001,14:08:51,10.7300,11,2
2026-06-23,000001,14:08:54,10.7400,62,1
2026-06-23,000001,14:08:57,10.7300,4,2
2026-06-23,000001,14:09:00,10.7300,6,2
2026-06-23,000001,14:09:03,10.7300,10,2
2026-06-23,000001,14:09:06,10.7400,185,1
2026-06-23,000001,14:09:09,10.7400,120,1
2026-06-23,000001,14:09:12,10.7300,4,2
2026-06-23,000001,14:09:15,10.7300,42,2
2026-06-23,000001,14:09:18,10.7300,50,2
2026-06-23,000001,14:09:21,10.7400,63,1
2026-06-23,000001,14:09:24,10.7400,58,1
2026-06-23,000001,14:09:27,10.7400,222,1
2026-06-23,000001,14:09:30,10.7300,304,2
2026-06-23,000001,14:09:33,10.7400,656,1
2026-06-23,000001,14:09:36,10.7400,486,2
2026-06-23,000001,14:09:39,10.7400,46,2
2026-06-23,000001,14:09:42,10.7400,10,2
2026-06-23,000001,14:09:45,10.7400,35,2
2026-06-23,000001,14:09:48,10.7400,617,2
2026-06-23,000001,14:09:51,10.7300,21,2
2026-06-23,000001,14:09:54,10.7300,8,2
2026-06-23,000001,14:10:00,10.7300,30,2
2026-06-23,000001,14:10:06,10.7400,235,1
2026-06-23,000001,14:10:09,10.7300,71,2
2026-06-23,000001,14:10:12,10.7300,95,2
2026-06-23,000001,14:10:15,10.7300,1,2
2026-06-23,000001,14:10:18,10.7400,153,1
2026-06-23,000001,14:10:21,10.7300,122,2
2026-06-23,000001,14:10:24,10.7300,257,2
2026-06-23,000001,14:10:27,10.7300,450,2
2026-06-23,000001,14:10:30,10.7300,374,2
2026-06-23,000001,14:10:33,10.7300,17,2
2026-06-23,000001,14:10:36,10.7400,10,1
2026-06-23,000001,14:10:39,10.7300,124,2
2026-06-23,000001,14:10:42,10.7300,202,2
2026-06-23,000001,14:10:45,10.7300,6,2
2026-06-23,000001,14:10:48,10.7300,197,2
2026-06-23,000001,14:10:51,10.7300,74,2
2026-06-23,000001,14:10:54,10.7300,36,2
2026-06-23,000001,14:10:57,10.7300,148,2
2026-06-23,000001,14:11:00,10.7200,129,2
2026-06-23,000001,14:11:03,10.7300,205,1
2026-06-23,000001,14:11:06,10.7200,24,2
2026-06-23,000001,14:11:09,10.7300,65,1
2026-06-23,000001,14:11:12,10.7200,118,2
2026-06-23,000001,14:11:15,10.7200,6,2
2026-06-23,000001,14:11:18,10.7300,54,1
2026-06-23,000001,14:11:21,10.7300,19,1
2026-06-23,000001,14:11:24,10.7300,752,1
2026-06-23,000001,14:11:27,10.7300,223,1
2026-06-23,000001,14:11:30,10.7300,130,2
2026-06-23,000001,14:11:33,10.7300,116,2
2026-06-23,000001,14:11:36,10.7300,270,1
2026-06-23,000001,14:11:39,10.7300,6,2
2026-06-23,000001,14:11:42,10.7300,56,2
2026-06-23,000001,14:11:45,10.7300,112,2
2026-06-23,000001,14:11:48,10.7300,59,2
2026-06-23,000001,14:11:51,10.7400,94,1
2026-06-23,000001,14:11:54,10.7400,42,1
2026-06-23,000001,14:11:57,10.7400,121,1
2026-06-23,000001,14:12:00,10.7300,1,2
2026-06-23,000001,14:12:03,10.7400,76,1
2026-06-23,000001,14:12:06,10.7300,1,2
2026-06-23,000001,14:12:09,10.7400,167,1
2026-06-23,000001,14:12:12,10.7400,14,1
2026-06-23,000001,14:12:15,10.7300,105,2
2026-06-23,000001,14:12:18,10.7300,34,2
2026-06-23,000001,14:12:21,10.7300,71,2
2026-06-23,000001,14:12:27,10.7300,32,2
2026-06-23,000001,14:12:30,10.7300,34,2
2026-06-23,000001,14:12:33,10.7300,1,2
2026-06-23,000001,14:12:36,10.7400,41,1
2026-06-23,000001,14:12:39,10.7300,38,2
2026-06-23,000001,14:12:42,10.7400,73,1
2026-06-23,000001,14:12:45,10.7300,155,2
2026-06-23,000001,14:12:48,10.7400,6,1
2026-06-23,000001,14:12:51,10.7400,82,1
2026-06-23,000001,14:12:54,10.7400,109,1
2026-06-23,000001,14:12:57,10.7300,70,2
2026-06-23,000001,14:13:00,10.7300,1,2
2026-06-23,000001,14:13:03,10.7300,4,2
2026-06-23,000001,14:13:06,10.7300,321,2
2026-06-23,000001,14:13:09,10.7300,58,2
2026-06-23,000001,14:13:12,10.7300,77,2
2026-06-23,000001,14:13:15,10.7300,42,2
2026-06-23,000001,14:13:18,10.7300,26,2
2026-06-23,000001,14:13:21,10.7300,198,2
2026-06-23,000001,14:13:24,10.7300,67,2
2026-06-23,000001,14:13:27,10.7300,17,2
2026-06-23,000001,14:13:30,10.7400,7,1
2026-06-23,000001,14:13:33,10.7300,31,2
2026-06-23,000001,14:13:36,10.7300,52,2
2026-06-23,000001,14:13:39,10.7300,56,2
2026-06-23,000001,14:13:42,10.7300,21,2
2026-06-23,000001,14:13:45,10.7300,23,2
2026-06-23,000001,14:13:48,10.7300,1,2
2026-06-23,000001,14:13:51,10.7400,52,1
2026-06-23,000001,14:13:57,10.7400,7,1
2026-06-23,000001,14:14:00,10.7300,165,2
2026-06-23,000001,14:14:03,10.7300,38,2
2026-06-23,000001,14:14:06,10.7300,9,2
2026-06-23,000001,14:14:09,10.7400,49,1
2026-06-23,000001,14:14:12,10.7300,82,2
2026-06-23,000001,14:14:15,10.7400,89,1
2026-06-23,000001,14:14:18,10.7300,1569,2
2026-06-23,000001,14:14:21,10.7300,1442,1
2026-06-23,000001,14:14:24,10.7300,388,1
2026-06-23,000001,14:14:27,10.7300,117,1
2026-06-23,000001,14:14:30,10.7300,10,1
2026-06-23,000001,14:14:33,10.7300,25,1
2026-06-23,000001,14:14:36,10.7300,37,1
2026-06-23,000001,14:14:39,10.7200,13,2
2026-06-23,000001,14:14:42,10.7200,72,2
2026-06-23,000001,14:14:45,10.7300,15,1
2026-06-23,000001,14:14:48,10.7300,50,1
2026-06-23,000001,14:14:51,10.7300,87,1
2026-06-23,000001,14:14:54,10.7300,11,1
2026-06-23,000001,14:14:57,10.7300,27,1
2026-06-23,000001,14:15:00,10.7300,69,1
2026-06-23,000001,14:15:03,10.7200,59,2
2026-06-23,000001,14:15:06,10.7300,1,1
2026-06-23,000001,14:15:09,10.7200,103,2
2026-06-23,000001,14:15:12,10.7300,10,1
2026-06-23,000001,14:15:15,10.7300,199,1
2026-06-23,000001,14:15:18,10.7200,107,2
2026-06-23,000001,14:15:21,10.7300,39,1
2026-06-23,000001,14:15:24,10.7300,17,1
2026-06-23,000001,14:15:27,10.7200,98,2
2026-06-23,000001,14:15:30,10.7300,42,1
2026-06-23,000001,14:15:33,10.7200,10,2
2026-06-23,000001,14:15:36,10.7300,20,1
2026-06-23,000001,14:15:39,10.7200,4,2
2026-06-23,000001,14:15:42,10.7300,16,1
2026-06-23,000001,14:15:45,10.7200,198,2
2026-06-23,000001,14:15:48,10.7300,10,1
2026-06-23,000001,14:15:54,10.7300,54,1
2026-06-23,000001,14:15:57,10.7200,224,2
2026-06-23,000001,14:16:00,10.7200,45,2
2026-06-23,000001,14:16:03,10.7200,173,2
2026-06-23,000001,14:16:06,10.7200,1914,2
2026-06-23,000001,14:16:09,10.7200,2988,2
2026-06-23,000001,14:16:12,10.7200,568,2
2026-06-23,000001,14:16:15,10.7200,145,2
2026-06-23,000001,14:16:18,10.7200,373,1
2026-06-23,000001,14:16:21,10.7200,82,1
2026-06-23,000001,14:16:24,10.7200,55,1
2026-06-23,000001,14:16:27,10.7200,54,1
2026-06-23,000001,14:16:30,10.7200,15,1
2026-06-23,000001,14:16:33,10.7200,64,1
2026-06-23,000001,14:16:36,10.7200,26,1
2026-06-23,000001,14:16:39,10.7200,43,1
2026-06-23,000001,14:16:42,10.7100,277,2
2026-06-23,000001,14:16:45,10.7200,86,1
2026-06-23,000001,14:16:48,10.7200,31,1
2026-06-23,000001,14:16:51,10.7200,48,1
2026-06-23,000001,14:16:54,10.7200,1395,1
2026-06-23,000001,14:16:57,10.7200,129,2
2026-06-23,000001,14:17:00,10.7200,41,2
2026-06-23,000001,14:17:03,10.7200,164,2
2026-06-23,000001,14:17:06,10.7200,447,2
2026-06-23,000001,14:17:09,10.7200,6,2
2026-06-23,000001,14:17:12,10.7200,35,2
2026-06-23,000001,14:17:15,10.7200,74,2
2026-06-23,000001,14:17:18,10.7200,104,2
2026-06-23,000001,14:17:21,10.7200,82,2
2026-06-23,000001,14:17:24,10.7100,116,2
2026-06-23,000001,14:17:27,10.7200,104,1
2026-06-23,000001,14:17:30,10.7100,105,2
2026-06-23,000001,14:17:33,10.7200,1,2
2026-06-23,000001,14:17:36,10.7200,32,2
2026-06-23,000001,14:17:39,10.7200,151,2
2026-06-23,000001,14:17:42,10.7300,20,1
2026-06-23,000001,14:17:45,10.7200,56,2
2026-06-23,000001,14:17:48,10.7200,141,1
2026-06-23,000001,14:17:51,10.7200,55,2
2026-06-23,000001,14:17:54,10.7200,13,2
2026-06-23,000001,14:17:57,10.7200,51,2
2026-06-23,000001,14:18:00,10.7200,133,1
2026-06-23,000001,14:18:03,10.7200,117,1
2026-06-23,000001,14:18:06,10.7300,65,1
2026-06-23,000001,14:18:09,10.7200,168,2
2026-06-23,000001,14:18:12,10.7200,26,2
2026-06-23,000001,14:18:15,10.7300,11,1
2026-06-23,000001,14:18:18,10.7300,41,1
2026-06-23,000001,14:18:21,10.7300,30,1
2026-06-23,000001,14:18:24,10.7200,10,2
2026-06-23,000001,14:18:27,10.7300,82,1
2026-06-23,000001,14:18:30,10.7300,14,1
2026-06-23,000001,14:18:33,10.7300,46,1
2026-06-23,000001,14:18:36,10.7300,129,1
2026-06-23,000001,14:18:39,10.7200,51,2
2026-06-23,000001,14:18:42,10.7200,54,2
2026-06-23,000001,14:18:45,10.7200,47,2
2026-06-23,000001,14:18:48,10.7200,13,2
2026-06-23,000001,14:18:51,10.7200,21,2
2026-06-23,000001,14:18:54,10.7300,124,1
2026-06-23,000001,14:18:57,10.7200,26,2
2026-06-23,000001,14:19:00,10.7200,11,2
2026-06-23,000001,14:19:03,10.7200,579,2
2026-06-23,000001,14:19:06,10.7200,180,2
2026-06-23,000001,14:19:09,10.7300,13,1
2026-06-23,000001,14:19:12,10.7300,65,1
2026-06-23,000001,14:19:15,10.7200,143,2
2026-06-23,000001,14:19:18,10.7300,94,1
2026-06-23,000001,14:19:21,10.7300,149,1
2026-06-23,000001,14:19:24,10.7300,63,1
2026-06-23,000001,14:19:27,10.7200,178,2
2026-06-23,000001,14:19:30,10.7200,261,2
2026-06-23,000001,14:19:33,10.7100,91,2
2026-06-23,000001,14:19:36,10.7300,212,1
2026-06-23,000001,14:19:39,10.7200,110,2
2026-06-23,000001,14:19:42,10.7100,51,2
2026-06-23,000001,14:19:45,10.7200,22,4
2026-06-23,000001,14:19:48,10.7300,324,1
2026-06-23,000001,14:19:51,10.7200,242,2
2026-06-23,000001,14:19:54,10.7200,197,4
2026-06-23,000001,14:19:57,10.7100,84,2
2026-06-23,000001,14:20:00,10.7100,6,2
2026-06-23,000001,14:20:03,10.7100,540,2
2026-06-23,000001,14:20:06,10.7200,62,1
2026-06-23,000001,14:20:09,10.7200,592,1
2026-06-23,000001,14:20:12,10.7100,145,2
2026-06-23,000001,14:20:15,10.7300,12,1
2026-06-23,000001,14:20:18,10.7200,186,2
2026-06-23,000001,14:20:21,10.7200,101,2
2026-06-23,000001,14:20:24,10.7200,196,1
2026-06-23,000001,14:20:27,10.7200,29,1
2026-06-23,000001,14:20:30,10.7200,11,1
2026-06-23,000001,14:20:33,10.7100,42,2
2026-06-23,000001,14:20:36,10.7100,31,2
2026-06-23,000001,14:20:39,10.7100,230,2
2026-06-23,000001,14:20:42,10.7200,145,1
2026-06-23,000001,14:20:45,10.7100,22,2
2026-06-23,000001,14:20:48,10.7100,1,2
2026-06-23,000001,14:20:51,10.7100,15,2
2026-06-23,000001,14:20:54,10.7100,58,2
2026-06-23,000001,14:20:57,10.7100,24,2
2026-06-23,000001,14:21:00,10.7100,57,2
2026-06-23,000001,14:21:03,10.7100,58,2
2026-06-23,000001,14:21:06,10.7100,224,2
2026-06-23,000001,14:21:09,10.7100,60,2
2026-06-23,000001,14:21:12,10.7200,80,1
2026-06-23,000001,14:21:15,10.7100,132,2
2026-06-23,000001,14:21:18,10.7100,106,2
2026-06-23,000001,14:21:21,10.7100,17,2
2026-06-23,000001,14:21:24,10.7100,22,2
2026-06-23,000001,14:21:27,10.7100,1,2
2026-06-23,000001,14:21:30,10.7100,35,2
2026-06-23,000001,14:21:33,10.7200,56,1
2026-06-23,000001,14:21:36,10.7100,105,2
2026-06-23,000001,14:21:39,10.7100,12,2
2026-06-23,000001,14:21:42,10.7200,292,1
2026-06-23,000001,14:21:45,10.7200,474,1
2026-06-23,000001,14:21:48,10.7100,56,2
2026-06-23,000001,14:21:51,10.7200,164,1
2026-06-23,000001,14:21:54,10.7200,126,1
2026-06-23,000001,14:21:57,10.7200,188,1
2026-06-23,000001,14:22:00,10.7100,67,2
2026-06-23,000001,14:22:03,10.7100,137,2
2026-06-23,000001,14:22:06,10.7200,30,1
2026-06-23,000001,14:22:09,10.7200,10,1
2026-06-23,000001,14:22:12,10.7100,1,2
2026-06-23,000001,14:22:15,10.7200,18,1
2026-06-23,000001,14:22:18,10.7200,376,1
2026-06-23,000001,14:22:21,10.7200,50,1
2026-06-23,000001,14:22:24,10.7200,101,1
2026-06-23,000001,14:22:27,10.7100,163,2
2026-06-23,000001,14:22:30,10.7100,13,2
2026-06-23,000001,14:22:33,10.7100,60,2
2026-06-23,000001,14:22:36,10.7100,11,2
2026-06-23,000001,14:22:39,10.7200,60,1
2026-06-23,000001,14:22:42,10.7200,398,1
2026-06-23,000001,14:22:45,10.7200,786,2
2026-06-23,000001,14:22:48,10.7100,22,2
2026-06-23,000001,14:22:51,10.7200,62,1
2026-06-23,000001,14:22:54,10.7200,9,1
2026-06-23,000001,14:22:57,10.7200,8,1
2026-06-23,000001,14:23:00,10.7200,13,1
2026-06-23,000001,14:23:03,10.7200,153,1
2026-06-23,000001,14:23:06,10.7200,44,1
2026-06-23,000001,14:23:09,10.7200,149,2
2026-06-23,000001,14:23:12,10.7200,191,2
2026-06-23,000001,14:23:15,10.7200,66,2
2026-06-23,000001,14:23:18,10.7200,356,2
2026-06-23,000001,14:23:21,10.7200,86,2
2026-06-23,000001,14:23:24,10.7300,31,1
2026-06-23,000001,14:23:27,10.7300,164,1
2026-06-23,000001,14:23:30,10.7200,32,2
2026-06-23,000001,14:23:33,10.7200,215,2
2026-06-23,000001,14:23:36,10.7200,2,2
2026-06-23,000001,14:23:39,10.7300,56,1
2026-06-23,000001,14:23:42,10.7300,26,1
2026-06-23,000001,14:23:45,10.7200,61,2
2026-06-23,000001,14:23:48,10.7300,74,1
2026-06-23,000001,14:23:51,10.7300,33,1
2026-06-23,000001,14:23:54,10.7300,51,1
2026-06-23,000001,14:23:57,10.7300,34,1
2026-06-23,000001,14:24:00,10.7200,21,2
2026-06-23,000001,14:24:03,10.7200,23,2
2026-06-23,000001,14:24:06,10.7300,22,1
2026-06-23,000001,14:24:09,10.7300,42,1
2026-06-23,000001,14:24:12,10.7200,139,2
2026-06-23,000001,14:24:15,10.7200,1,2
2026-06-23,000001,14:24:18,10.7200,80,2
2026-06-23,000001,14:24:21,10.7300,42,1
2026-06-23,000001,14:24:24,10.7200,27,2
2026-06-23,000001,14:24:27,10.7300,25,1
2026-06-23,000001,14:24:33,10.7300,78,1
2026-06-23,000001,14:24:36,10.7300,67,1
2026-06-23,000001,14:24:39,10.7200,16,2
2026-06-23,000001,14:24:42,10.7200,69,2
2026-06-23,000001,14:24:45,10.7200,116,2
2026-06-23,000001,14:24:48,10.7200,1,2
2026-06-23,000001,14:24:51,10.7200,10,2
2026-06-23,000001,14:24:54,10.7200,22,2
2026-06-23,000001,14:24:57,10.7200,44,2
2026-06-23,000001,14:25:00,10.7300,100,1
2026-06-23,000001,14:25:03,10.7200,169,2
2026-06-23,000001,14:25:06,10.7300,495,1
2026-06-23,000001,14:25:09,10.7300,26,1
2026-06-23,000001,14:25:12,10.7300,457,1
2026-06-23,000001,14:25:15,10.7300,339,1
2026-06-23,000001,14:25:18,10.7300,135,1
2026-06-23,000001,14:25:21,10.7200,18,2
2026-06-23,000001,14:25:24,10.7200,42,2
2026-06-23,000001,14:25:27,10.7200,8,2
2026-06-23,000001,14:25:30,10.7200,1,2
2026-06-23,000001,14:25:33,10.7300,84,1
2026-06-23,000001,14:25:36,10.7300,123,1
2026-06-23,000001,14:25:39,10.7200,52,2
2026-06-23,000001,14:25:42,10.7200,68,2
2026-06-23,000001,14:25:45,10.7300,145,1
2026-06-23,000001,14:25:48,10.7200,48,2
2026-06-23,000001,14:25:51,10.7300,150,1
2026-06-23,000001,14:25:54,10.7200,116,2
2026-06-23,000001,14:25:57,10.7300,41,1
2026-06-23,000001,14:26:00,10.7200,150,2
2026-06-23,000001,14:26:03,10.7300,346,1
2026-06-23,000001,14:26:06,10.7300,112,1
2026-06-23,000001,14:26:09,10.7300,8,1
2026-06-23,000001,14:26:15,10.7200,180,2
2026-06-23,000001,14:26:18,10.7300,29,1
2026-06-23,000001,14:26:21,10.7300,43,1
2026-06-23,000001,14:26:24,10.7300,70,1
2026-06-23,000001,14:26:27,10.7200,154,2
2026-06-23,000001,14:26:30,10.7200,15,2
2026-06-23,000001,14:26:33,10.7300,34,1
2026-06-23,000001,14:26:39,10.7200,27,2
2026-06-23,000001,14:26:42,10.7200,53,2
2026-06-23,000001,14:26:45,10.7300,20,1
2026-06-23,000001,14:26:48,10.7200,87,2
2026-06-23,000001,14:26:51,10.7300,493,1
2026-06-23,000001,14:26:54,10.7300,35,1
2026-06-23,000001,14:26:57,10.7300,130,1
2026-06-23,000001,14:27:00,10.7300,81,1
2026-06-23,000001,14:27:03,10.7200,111,2
2026-06-23,000001,14:27:06,10.7200,190,2
2026-06-23,000001,14:27:09,10.7200,4126,2
2026-06-23,000001,14:27:12,10.7300,690,1
2026-06-23,000001,14:27:15,10.7200,281,1
2026-06-23,000001,14:27:18,10.7300,233,1
2026-06-23,000001,14:27:21,10.7200,43,4
2026-06-23,000001,14:27:24,10.7200,12,2
2026-06-23,000001,14:27:27,10.7200,28,2
2026-06-23,000001,14:27:30,10.7200,20,2
2026-06-23,000001,14:27:33,10.7100,173,2
2026-06-23,000001,14:27:36,10.7200,517,1
2026-06-23,000001,14:27:39,10.7200,49,1
2026-06-23,000001,14:27:42,10.7100,178,2
2026-06-23,000001,14:27:45,10.7100,11,2
2026-06-23,000001,14:27:48,10.7200,23,1
2026-06-23,000001,14:27:51,10.7100,16,2
2026-06-23,000001,14:27:54,10.7100,77,2
2026-06-23,000001,14:27:57,10.7200,144,1
2026-06-23,000001,14:28:00,10.7100,536,2
2026-06-23,000001,14:28:03,10.7100,8555,2
2026-06-23,000001,14:28:06,10.7000,83,2
2026-06-23,000001,14:28:09,10.7100,109,1
2026-06-23,000001,14:28:12,10.7000,1,2
2026-06-23,000001,14:28:15,10.7100,22,1
2026-06-23,000001,14:28:18,10.7000,35,2
2026-06-23,000001,14:28:21,10.7100,151,1
2026-06-23,000001,14:28:24,10.7100,83,1
2026-06-23,000001,14:28:27,10.7100,61,1
2026-06-23,000001,14:28:30,10.7100,316,1
2026-06-23,000001,14:28:33,10.7100,24,1
2026-06-23,000001,14:28:36,10.7100,99,1
2026-06-23,000001,14:28:39,10.7000,71,2
2026-06-23,000001,14:28:42,10.7000,72,2
2026-06-23,000001,14:28:45,10.7100,95,1
2026-06-23,000001,14:28:48,10.7100,863,1
2026-06-23,000001,14:28:51,10.7100,82,1
2026-06-23,000001,14:28:54,10.7100,170,4
2026-06-23,000001,14:28:57,10.7100,4,4
2026-06-23,000001,14:29:00,10.7100,93,4
2026-06-23,000001,14:29:03,10.7100,270,2
2026-06-23,000001,14:29:06,10.7200,280,1
2026-06-23,000001,14:29:09,10.7000,23,2
2026-06-23,000001,14:29:12,10.7200,285,1
2026-06-23,000001,14:29:15,10.7200,178,1
2026-06-23,000001,14:29:18,10.7100,189,4
2026-06-23,000001,14:29:21,10.7100,27,1
2026-06-23,000001,14:29:24,10.7100,184,1
2026-06-23,000001,14:29:27,10.7100,30,1
2026-06-23,000001,14:29:30,10.7100,20,1
2026-06-23,000001,14:29:33,10.7100,124,1
2026-06-23,000001,14:29:36,10.7000,104,2
2026-06-23,000001,14:29:39,10.7100,90,1
2026-06-23,000001,14:29:42,10.7000,56,2
2026-06-23,000001,14:29:48,10.7100,145,1
2026-06-23,000001,14:29:51,10.7100,48,1
2026-06-23,000001,14:29:54,10.7000,1,2
2026-06-23,000001,14:29:57,10.7100,192,1
2026-06-23,000001,14:30:00,10.7000,19,2
2026-06-23,000001,14:30:03,10.7000,5081,2
2026-06-23,000001,14:30:06,10.7100,1296,1
2026-06-23,000001,14:30:09,10.7100,37,1
2026-06-23,000001,14:30:12,10.7100,53,1
2026-06-23,000001,14:30:15,10.7000,3,2
2026-06-23,000001,14:30:18,10.7100,21,1
2026-06-23,000001,14:30:21,10.7000,215,2
2026-06-23,000001,14:30:24,10.7100,96,1
2026-06-23,000001,14:30:27,10.7000,780,2
2026-06-23,000001,14:30:30,10.7100,724,1
2026-06-23,000001,14:30:33,10.7100,953,1
2026-06-23,000001,14:30:36,10.7000,54,2
2026-06-23,000001,14:30:39,10.7000,184,2
2026-06-23,000001,14:30:42,10.7000,27,2
2026-06-23,000001,14:30:45,10.7000,17,2
2026-06-23,000001,14:30:48,10.7000,48,2
2026-06-23,000001,14:30:51,10.7000,8,2
2026-06-23,000001,14:30:54,10.7000,273,2
2026-06-23,000001,14:30:57,10.7000,12,2
2026-06-23,000001,14:31:00,10.7000,21,2
2026-06-23,000001,14:31:06,10.7100,34,1
2026-06-23,000001,14:31:09,10.7000,41,2
2026-06-23,000001,14:31:12,10.7000,55,2
2026-06-23,000001,14:31:15,10.7100,35,1
2026-06-23,000001,14:31:18,10.7100,2119,1
2026-06-23,000001,14:31:21,10.7000,1159,2
2026-06-23,000001,14:31:24,10.7100,873,1
2026-06-23,000001,14:31:27,10.7100,246,1
2026-06-23,000001,14:31:30,10.7100,59,1
2026-06-23,000001,14:31:33,10.7100,54,1
2026-06-23,000001,14:31:36,10.7100,130,1
2026-06-23,000001,14:31:39,10.7100,46,1
2026-06-23,000001,14:31:42,10.7000,6,2
2026-06-23,000001,14:31:45,10.7100,6,1
2026-06-23,000001,14:31:48,10.7000,11,2
2026-06-23,000001,14:31:54,10.7100,14,1
2026-06-23,000001,14:31:57,10.7000,539,2
2026-06-23,000001,14:32:00,10.7000,165,2
2026-06-23,000001,14:32:03,10.7100,37,1
2026-06-23,000001,14:32:06,10.7000,39,2
2026-06-23,000001,14:32:09,10.7100,256,1
2026-06-23,000001,14:32:12,10.7100,164,1
2026-06-23,000001,14:32:15,10.7100,56,1
2026-06-23,000001,14:32:18,10.7000,44,2
2026-06-23,000001,14:32:21,10.7000,31,2
2026-06-23,000001,14:32:24,10.7100,279,1
2026-06-23,000001,14:32:27,10.7100,16,1
2026-06-23,000001,14:32:30,10.7100,53,1
2026-06-23,000001,14:32:33,10.7000,120,2
2026-06-23,000001,14:32:36,10.7000,1,2
2026-06-23,000001,14:32:39,10.7100,3,1
2026-06-23,000001,14:32:42,10.7100,2,1
2026-06-23,000001,14:32:48,10.7100,23,1
2026-06-23,000001,14:32:51,10.7000,4594,2
2026-06-23,000001,14:32:54,10.7000,1163,1
2026-06-23,000001,14:32:57,10.7000,60,1
2026-06-23,000001,14:33:00,10.7000,13,2
2026-06-23,000001,14:33:03,10.7000,70,2
2026-06-23,000001,14:33:06,10.7100,13,1
2026-06-23,000001,14:33:09,10.7000,6,2
2026-06-23,000001,14:33:12,10.7000,624,2
2026-06-23,000001,14:33:15,10.7100,59,1
2026-06-23,000001,14:33:18,10.7000,114,2
2026-06-23,000001,14:33:21,10.7000,218,2
2026-06-23,000001,14:33:24,10.7000,125,1
2026-06-23,000001,14:33:27,10.7000,93,1
2026-06-23,000001,14:33:30,10.6900,29,2
2026-06-23,000001,14:33:33,10.7000,81,1
2026-06-23,000001,14:33:36,10.6900,16,2
2026-06-23,000001,14:33:39,10.6900,15,2
2026-06-23,000001,14:33:42,10.7000,83,1
2026-06-23,000001,14:33:45,10.6900,47,2
2026-06-23,000001,14:33:48,10.7000,13,1
2026-06-23,000001,14:33:51,10.7000,296,1
2026-06-23,000001,14:33:54,10.6900,7,2
2026-06-23,000001,14:33:57,10.7000,120,1
2026-06-23,000001,14:34:00,10.6900,2,2
2026-06-23,000001,14:34:03,10.6900,112,2
2026-06-23,000001,14:34:06,10.7000,63,1
2026-06-23,000001,14:34:09,10.6900,14,2
2026-06-23,000001,14:34:12,10.7000,63,1
2026-06-23,000001,14:34:15,10.6900,29,2
2026-06-23,000001,14:34:18,10.7000,5,1
2026-06-23,000001,14:34:21,10.7000,51,1
2026-06-23,000001,14:34:24,10.6900,53,2
2026-06-23,000001,14:34:27,10.7000,90,1
2026-06-23,000001,14:34:30,10.6900,107,2
2026-06-23,000001,14:34:33,10.6900,479,2
2026-06-23,000001,14:34:36,10.6900,58,2
2026-06-23,000001,14:34:39,10.6900,253,2
2026-06-23,000001,14:34:42,10.7000,98,1
2026-06-23,000001,14:34:45,10.7000,212,1
2026-06-23,000001,14:34:48,10.7000,96,1
2026-06-23,000001,14:34:51,10.7000,4,1
2026-06-23,000001,14:34:54,10.6900,15,2
2026-06-23,000001,14:34:57,10.6900,5,2
2026-06-23,000001,14:35:00,10.6900,1,2
2026-06-23,000001,14:35:03,10.6900,2,2
2026-06-23,000001,14:35:06,10.7000,10,1
2026-06-23,000001,14:35:09,10.7000,23,1
2026-06-23,000001,14:35:12,10.7000,88,1
2026-06-23,000001,14:35:15,10.6900,29,2
2026-06-23,000001,14:35:18,10.7000,50,1
2026-06-23,000001,14:35:21,10.7000,56,1
2026-06-23,000001,14:35:24,10.6900,220,2
2026-06-23,000001,14:35:27,10.7000,26,1
2026-06-23,000001,14:35:30,10.7000,53,1
2026-06-23,000001,14:35:33,10.6900,61,2
2026-06-23,000001,14:35:36,10.6900,31,2
2026-06-23,000001,14:35:39,10.7000,28,1
2026-06-23,000001,14:35:42,10.7000,5,1
2026-06-23,000001,14:35:48,10.6900,189,2
2026-06-23,000001,14:35:51,10.7000,182,1
2026-06-23,000001,14:35:54,10.6900,85,2
2026-06-23,000001,14:35:57,10.7000,24,1
2026-06-23,000001,14:36:00,10.7000,42,1
2026-06-23,000001,14:36:03,10.7000,43,1
2026-06-23,000001,14:36:06,10.6900,12,2
2026-06-23,000001,14:36:09,10.6900,5526,2
2026-06-23,000001,14:36:12,10.6900,161,1
2026-06-23,000001,14:36:15,10.6900,59,1
2026-06-23,000001,14:36:18,10.6800,54,2
2026-06-23,000001,14:36:21,10.6900,124,1
2026-06-23,000001,14:36:24,10.6900,39,1
2026-06-23,000001,14:36:27,10.6900,18,1
2026-06-23,000001,14:36:30,10.6800,246,2
2026-06-23,000001,14:36:33,10.6900,93,1
2026-06-23,000001,14:36:36,10.6800,78,2
2026-06-23,000001,14:36:39,10.6900,40,1
2026-06-23,000001,14:36:42,10.6900,9,1
2026-06-23,000001,14:36:45,10.6900,1171,1
2026-06-23,000001,14:36:48,10.6900,900,2
2026-06-23,000001,14:36:51,10.6900,397,2
2026-06-23,000001,14:36:54,10.6900,315,2
2026-06-23,000001,14:36:57,10.6900,91,2
2026-06-23,000001,14:37:00,10.6900,59,2
2026-06-23,000001,14:37:03,10.6900,92,2
2026-06-23,000001,14:37:06,10.6900,27,2
2026-06-23,000001,14:37:09,10.6900,144,2
2026-06-23,000001,14:37:12,10.6900,69,2
2026-06-23,000001,14:37:15,10.6900,305,2
2026-06-23,000001,14:37:18,10.6900,67,1
2026-06-23,000001,14:37:21,10.6900,303,1
2026-06-23,000001,14:37:24,10.6900,88,2
2026-06-23,000001,14:37:27,10.6900,183,2
2026-06-23,000001,14:37:30,10.6900,60,1
2026-06-23,000001,14:37:33,10.6900,78,1
2026-06-23,000001,14:37:36,10.6800,127,2
2026-06-23,000001,14:37:39,10.6800,47,2
2026-06-23,000001,14:37:42,10.6800,126,2
2026-06-23,000001,14:37:45,10.6900,68,1
2026-06-23,000001,14:37:48,10.6900,98,1
2026-06-23,000001,14:37:51,10.6900,28,1
2026-06-23,000001,14:37:54,10.6900,43,1
2026-06-23,000001,14:37:57,10.6900,76,1
2026-06-23,000001,14:38:00,10.6800,10,2
2026-06-23,000001,14:38:03,10.6800,51,2
2026-06-23,000001,14:38:06,10.6900,309,1
2026-06-23,000001,14:38:09,10.6800,95,2
2026-06-23,000001,14:38:12,10.6900,83,1
2026-06-23,000001,14:38:15,10.6800,1,2
2026-06-23,000001,14:38:18,10.6900,91,1
2026-06-23,000001,14:38:21,10.6900,68,1
2026-06-23,000001,14:38:24,10.6800,105,2
2026-06-23,000001,14:38:27,10.6900,49,1
2026-06-23,000001,14:38:30,10.6900,107,1
2026-06-23,000001,14:38:33,10.6800,357,2
2026-06-23,000001,14:38:36,10.6900,92,1
2026-06-23,000001,14:38:39,10.6900,218,1
2026-06-23,000001,14:38:42,10.7000,137,1
2026-06-23,000001,14:38:45,10.6900,81,4
2026-06-23,000001,14:38:48,10.6900,171,2
2026-06-23,000001,14:38:51,10.6900,130,2
2026-06-23,000001,14:38:54,10.6900,25,2
2026-06-23,000001,14:38:57,10.6900,46,2
2026-06-23,000001,14:39:00,10.7000,122,1
2026-06-23,000001,14:39:03,10.6900,91,2
2026-06-23,000001,14:39:06,10.6900,154,2
2026-06-23,000001,14:39:09,10.6900,50,2
2026-06-23,000001,14:39:12,10.7000,16,1
2026-06-23,000001,14:39:15,10.7000,690,1
2026-06-23,000001,14:39:18,10.6900,32,2
2026-06-23,000001,14:39:21,10.7000,25,1
2026-06-23,000001,14:39:24,10.7000,40,1
2026-06-23,000001,14:39:27,10.7000,20,1
2026-06-23,000001,14:39:30,10.6900,46,2
2026-06-23,000001,14:39:33,10.7000,22,1
2026-06-23,000001,14:39:36,10.7000,34,1
2026-06-23,000001,14:39:39,10.6900,88,2
2026-06-23,000001,14:39:42,10.7000,213,1
2026-06-23,000001,14:39:45,10.6900,3,2
2026-06-23,000001,14:39:48,10.7000,22,1
2026-06-23,000001,14:39:51,10.7000,1,1
2026-06-23,000001,14:39:54,10.7000,2304,1
2026-06-23,000001,14:39:57,10.7000,15,1
2026-06-23,000001,14:40:00,10.6900,18,2
2026-06-23,000001,14:40:03,10.7000,1521,1
2026-06-23,000001,14:40:06,10.7000,314,2
2026-06-23,000001,14:40:09,10.6900,811,2
2026-06-23,000001,14:40:12,10.6900,84,2
2026-06-23,000001,14:40:15,10.7000,45,4
2026-06-23,000001,14:40:18,10.7000,13,2
2026-06-23,000001,14:40:21,10.7000,568,2
2026-06-23,000001,14:40:24,10.7100,434,1
2026-06-23,000001,14:40:27,10.7100,215,1
2026-06-23,000001,14:40:30,10.7000,119,2
2026-06-23,000001,14:40:33,10.7000,128,2
2026-06-23,000001,14:40:36,10.7000,817,2
2026-06-23,000001,14:40:39,10.7000,30,1
2026-06-23,000001,14:40:42,10.7000,35,2
2026-06-23,000001,14:40:45,10.7000,6,2
2026-06-23,000001,14:40:48,10.7000,272,2
2026-06-23,000001,14:40:51,10.7000,94,1
2026-06-23,000001,14:40:54,10.7000,34,1
2026-06-23,000001,14:40:57,10.6900,113,2
2026-06-23,000001,14:41:00,10.6900,19,2
2026-06-23,000001,14:41:03,10.6900,32,2
2026-06-23,000001,14:41:06,10.7000,44,1
2026-06-23,000001,14:41:09,10.7000,58,1
2026-06-23,000001,14:41:15,10.7000,100,1
2026-06-23,000001,14:41:18,10.7000,7,1
2026-06-23,000001,14:41:21,10.6900,15,2
2026-06-23,000001,14:41:24,10.6900,51,2
2026-06-23,000001,14:41:27,10.6900,161,2
2026-06-23,000001,14:41:30,10.6900,16,2
2026-06-23,000001,14:41:33,10.6900,45,2
2026-06-23,000001,14:41:36,10.6900,17,2
2026-06-23,000001,14:41:39,10.7000,35,1
2026-06-23,000001,14:41:42,10.7000,1,1
2026-06-23,000001,14:41:45,10.7000,21,1
2026-06-23,000001,14:41:48,10.7000,42,1
2026-06-23,000001,14:41:51,10.7000,40,1
2026-06-23,000001,14:41:54,10.7000,2,1
2026-06-23,000001,14:41:57,10.7000,163,1
2026-06-23,000001,14:42:00,10.6900,35,2
2026-06-23,000001,14:42:03,10.6900,140,2
2026-06-23,000001,14:42:06,10.6900,270,2
2026-06-23,000001,14:42:09,10.7000,97,1
2026-06-23,000001,14:42:12,10.7000,203,1
2026-06-23,000001,14:42:18,10.6900,115,2
2026-06-23,000001,14:42:21,10.7000,112,1
2026-06-23,000001,14:42:24,10.7000,89,1
2026-06-23,000001,14:42:27,10.7000,363,1
2026-06-23,000001,14:42:30,10.7000,515,1
2026-06-23,000001,14:42:33,10.7000,897,1
2026-06-23,000001,14:42:36,10.6900,361,2
2026-06-23,000001,14:42:39,10.7000,77,4
2026-06-23,000001,14:42:42,10.6900,407,2
2026-06-23,000001,14:42:45,10.7000,49,1
2026-06-23,000001,14:42:48,10.7000,79,1
2026-06-23,000001,14:42:51,10.7000,44,2
2026-06-23,000001,14:42:54,10.7000,51,2
2026-06-23,000001,14:42:57,10.7000,174,2
2026-06-23,000001,14:43:00,10.7000,61,2
2026-06-23,000001,14:43:03,10.7100,156,1
2026-06-23,000001,14:43:06,10.7100,9,1
2026-06-23,000001,14:43:09,10.7000,7,2
2026-06-23,000001,14:43:12,10.7100,24,1
2026-06-23,000001,14:43:15,10.7100,30,1
2026-06-23,000001,14:43:18,10.7100,44,1
2026-06-23,000001,14:43:21,10.7000,55,2
2026-06-23,000001,14:43:24,10.7000,363,2
2026-06-23,000001,14:43:27,10.7100,26,1
2026-06-23,000001,14:43:30,10.7100,63,1
2026-06-23,000001,14:43:33,10.7000,128,2
2026-06-23,000001,14:43:36,10.7100,138,1
2026-06-23,000001,14:43:39,10.7000,322,2
2026-06-23,000001,14:43:42,10.7000,114,2
2026-06-23,000001,14:43:48,10.7000,54,2
2026-06-23,000001,14:43:51,10.7100,177,1
2026-06-23,000001,14:43:54,10.7000,78,2
2026-06-23,000001,14:43:57,10.7000,56,2
2026-06-23,000001,14:44:00,10.7100,158,1
2026-06-23,000001,14:44:03,10.7000,45,2
2026-06-23,000001,14:44:06,10.7100,60,1
2026-06-23,000001,14:44:09,10.7000,59,2
2026-06-23,000001,14:44:12,10.7100,207,1
2026-06-23,000001,14:44:15,10.7100,135,1
2026-06-23,000001,14:44:18,10.7100,1584,1
2026-06-23,000001,14:44:21,10.7100,88,2
2026-06-23,000001,14:44:24,10.7100,189,2
2026-06-23,000001,14:44:27,10.7100,250,2
2026-06-23,000001,14:44:30,10.7100,511,2
2026-06-23,000001,14:44:33,10.7100,45,2
2026-06-23,000001,14:44:36,10.7100,10,2
2026-06-23,000001,14:44:39,10.7200,33,1
2026-06-23,000001,14:44:42,10.7100,87,2
2026-06-23,000001,14:44:45,10.7200,428,1
2026-06-23,000001,14:44:48,10.7100,574,4
2026-06-23,000001,14:44:51,10.7100,226,2
2026-06-23,000001,14:44:54,10.7200,113,1
2026-06-23,000001,14:44:57,10.7100,22,2
2026-06-23,000001,14:45:00,10.7100,496,2
2026-06-23,000001,14:45:03,10.7100,266,2
2026-06-23,000001,14:45:06,10.7200,156,1
2026-06-23,000001,14:45:09,10.7100,228,2
2026-06-23,000001,14:45:12,10.7100,26,2
2026-06-23,000001,14:45:15,10.7100,29,2
2026-06-23,000001,14:45:18,10.7100,6,2
2026-06-23,000001,14:45:21,10.7100,539,2
2026-06-23,000001,14:45:24,10.7200,165,1
2026-06-23,000001,14:45:27,10.7200,154,1
2026-06-23,000001,14:45:30,10.7100,66,2
2026-06-23,000001,14:45:36,10.7100,14,2
2026-06-23,000001,14:45:39,10.7100,27,2
2026-06-23,000001,14:45:42,10.7100,14,2
2026-06-23,000001,14:45:45,10.7100,8,2
2026-06-23,000001,14:45:48,10.7100,10,2
2026-06-23,000001,14:45:51,10.7100,26,2
2026-06-23,000001,14:45:54,10.7200,817,1
2026-06-23,000001,14:45:57,10.7100,425,1
2026-06-23,000001,14:46:00,10.7000,974,2
2026-06-23,000001,14:46:03,10.7000,668,2
2026-06-23,000001,14:46:06,10.7100,32,1
2026-06-23,000001,14:46:09,10.7000,36,2
2026-06-23,000001,14:46:12,10.7100,95,1
2026-06-23,000001,14:46:15,10.7000,71,2
2026-06-23,000001,14:46:18,10.7000,380,2
2026-06-23,000001,14:46:21,10.7100,33,1
2026-06-23,000001,14:46:24,10.7000,134,2
2026-06-23,000001,14:46:27,10.7100,565,1
2026-06-23,000001,14:46:30,10.7100,368,2
2026-06-23,000001,14:46:33,10.7000,481,2
2026-06-23,000001,14:46:36,10.7100,46,1
2026-06-23,000001,14:46:39,10.7000,35,2
2026-06-23,000001,14:46:42,10.7100,111,1
2026-06-23,000001,14:46:45,10.7000,9,2
2026-06-23,000001,14:46:48,10.7000,82,2
2026-06-23,000001,14:46:51,10.7000,123,2
2026-06-23,000001,14:46:54,10.7100,152,1
2026-06-23,000001,14:46:57,10.7100,69,1
2026-06-23,000001,14:47:00,10.7000,126,2
2026-06-23,000001,14:47:03,10.7100,57,1
2026-06-23,000001,14:47:06,10.7000,72,2
2026-06-23,000001,14:47:09,10.7100,267,1
2026-06-23,000001,14:47:12,10.7100,18,1
2026-06-23,000001,14:47:15,10.7000,442,2
2026-06-23,000001,14:47:18,10.7000,817,2
2026-06-23,000001,14:47:21,10.7000,1861,2
2026-06-23,000001,14:47:24,10.7000,621,1
2026-06-23,000001,14:47:27,10.7000,184,2
2026-06-23,000001,14:47:30,10.7000,447,1
2026-06-23,000001,14:47:33,10.7000,152,2
2026-06-23,000001,14:47:36,10.7000,91,2
2026-06-23,000001,14:47:39,10.7000,49,2
2026-06-23,000001,14:47:42,10.7000,70,2
2026-06-23,000001,14:47:45,10.7000,18,2
2026-06-23,000001,14:47:48,10.7000,417,2
2026-06-23,000001,14:47:51,10.7000,72,2
2026-06-23,000001,14:47:54,10.7000,124,2
2026-06-23,000001,14:47:57,10.7100,54,1
2026-06-23,000001,14:48:00,10.7000,5,2
2026-06-23,000001,14:48:03,10.7100,21,1
2026-06-23,000001,14:48:06,10.7100,147,1
2026-06-23,000001,14:48:09,10.7000,226,2
2026-06-23,000001,14:48:12,10.7000,635,2
2026-06-23,000001,14:48:15,10.7000,18,2
2026-06-23,000001,14:48:18,10.7000,596,2
2026-06-23,000001,14:48:21,10.7100,8,1
2026-06-23,000001,14:48:24,10.7100,118,1
2026-06-23,000001,14:48:27,10.7000,77,2
2026-06-23,000001,14:48:30,10.7000,27,2
2026-06-23,000001,14:48:33,10.7000,61,2
2026-06-23,000001,14:48:36,10.7000,47,2
2026-06-23,000001,14:48:39,10.7000,150,2
2026-06-23,000001,14:48:42,10.7000,108,2
2026-06-23,000001,14:48:45,10.7000,19,2
2026-06-23,000001,14:48:48,10.7000,292,2
2026-06-23,000001,14:48:51,10.7000,172,4
2026-06-23,000001,14:48:54,10.7100,72,1
2026-06-23,000001,14:48:57,10.7100,33,1
2026-06-23,000001,14:49:00,10.7000,45,2
2026-06-23,000001,14:49:03,10.7000,295,2
2026-06-23,000001,14:49:06,10.7000,157,2
2026-06-23,000001,14:49:09,10.7000,26,2
2026-06-23,000001,14:49:12,10.7000,27,2
2026-06-23,000001,14:49:15,10.7000,131,2
2026-06-23,000001,14:49:18,10.7000,152,2
2026-06-23,000001,14:49:21,10.7100,187,1
2026-06-23,000001,14:49:24,10.7000,33,2
2026-06-23,000001,14:49:27,10.7100,108,1
2026-06-23,000001,14:49:30,10.7100,59,1
2026-06-23,000001,14:49:33,10.7100,118,1
2026-06-23,000001,14:49:36,10.7100,168,1
2026-06-23,000001,14:49:39,10.7000,51,2
2026-06-23,000001,14:49:42,10.7000,120,2
2026-06-23,000001,14:49:45,10.7100,38,1
2026-06-23,000001,14:49:48,10.7000,104,2
2026-06-23,000001,14:49:51,10.7100,140,1
2026-06-23,000001,14:49:54,10.7000,380,2
2026-06-23,000001,14:49:57,10.7000,153,2
2026-06-23,000001,14:50:00,10.7100,40,1
2026-06-23,000001,14:50:03,10.7000,82,2
2026-06-23,000001,14:50:06,10.7000,39,2
2026-06-23,000001,14:50:09,10.7000,165,2
2026-06-23,000001,14:50:12,10.7000,432,2
2026-06-23,000001,14:50:15,10.7000,157,2
2026-06-23,000001,14:50:18,10.7100,64,1
2026-06-23,000001,14:50:21,10.7100,216,1
2026-06-23,000001,14:50:24,10.7100,113,1
2026-06-23,000001,14:50:27,10.7000,238,2
2026-06-23,000001,14:50:30,10.7000,333,2
2026-06-23,000001,14:50:33,10.7000,30,2
2026-06-23,000001,14:50:36,10.7100,48,1
2026-06-23,000001,14:50:39,10.7000,70,2
2026-06-23,000001,14:50:42,10.7100,96,1
2026-06-23,000001,14:50:45,10.7000,47,2
2026-06-23,000001,14:50:48,10.7000,170,2
2026-06-23,000001,14:50:51,10.7000,10,2
2026-06-23,000001,14:50:54,10.7000,99,2
2026-06-23,000001,14:50:57,10.7000,140,2
2026-06-23,000001,14:51:00,10.7000,44,2
2026-06-23,000001,14:51:03,10.7000,218,2
2026-06-23,000001,14:51:06,10.6900,1822,2
2026-06-23,000001,14:51:09,10.7000,241,1
2026-06-23,000001,14:51:12,10.7000,186,4
2026-06-23,000001,14:51:15,10.6900,322,2
2026-06-23,000001,14:51:18,10.7100,189,1
2026-06-23,000001,14:51:21,10.7100,140,1
2026-06-23,000001,14:51:24,10.7000,115,2
2026-06-23,000001,14:51:27,10.7000,140,2
2026-06-23,000001,14:51:30,10.7000,143,2
2026-06-23,000001,14:51:33,10.7000,56,2
2026-06-23,000001,14:51:36,10.7000,118,2
2026-06-23,000001,14:51:39,10.7000,1521,2
2026-06-23,000001,14:51:42,10.7000,59,2
2026-06-23,000001,14:51:45,10.7100,26,1
2026-06-23,000001,14:51:48,10.7000,82,2
2026-06-23,000001,14:51:51,10.7000,57,2
2026-06-23,000001,14:51:54,10.7000,50,2
2026-06-23,000001,14:51:57,10.7000,32,2
2026-06-23,000001,14:52:00,10.7000,512,2
2026-06-23,000001,14:52:03,10.7000,227,2
2026-06-23,000001,14:52:06,10.7000,695,2
2026-06-23,000001,14:52:09,10.7000,291,1
2026-06-23,000001,14:52:12,10.7000,193,2
2026-06-23,000001,14:52:15,10.7000,98,4
2026-06-23,000001,14:52:18,10.7100,114,1
2026-06-23,000001,14:52:21,10.7000,23,2
2026-06-23,000001,14:52:24,10.7000,65,2
2026-06-23,000001,14:52:27,10.7000,13,2
2026-06-23,000001,14:52:30,10.7100,124,1
2026-06-23,000001,14:52:33,10.7000,47,2
2026-06-23,000001,14:52:36,10.7000,90,2
2026-06-23,000001,14:52:39,10.7100,51,1
2026-06-23,000001,14:52:42,10.7000,1020,2
2026-06-23,000001,14:52:45,10.7100,190,1
2026-06-23,000001,14:52:48,10.7100,55,1
2026-06-23,000001,14:52:51,10.7000,143,2
2026-06-23,000001,14:52:54,10.7000,105,2
2026-06-23,000001,14:52:57,10.7000,207,2
2026-06-23,000001,14:53:00,10.7100,136,1
2026-06-23,000001,14:53:03,10.7000,423,2
2026-06-23,000001,14:53:06,10.7100,92,1
2026-06-23,000001,14:53:09,10.7000,205,2
2026-06-23,000001,14:53:12,10.7100,42,1
2026-06-23,000001,14:53:15,10.7100,63,1
2026-06-23,000001,14:53:18,10.7100,86,1
2026-06-23,000001,14:53:21,10.7100,140,1
2026-06-23,000001,14:53:24,10.7100,91,1
2026-06-23,000001,14:53:27,10.7100,46,1
2026-06-23,000001,14:53:30,10.7100,215,1
2026-06-23,000001,14:53:33,10.7100,43,1
2026-06-23,000001,14:53:36,10.7100,845,1
2026-06-23,000001,14:53:39,10.7000,78,2
2026-06-23,000001,14:53:42,10.7100,188,1
2026-06-23,000001,14:53:45,10.7000,38,2
2026-06-23,000001,14:53:48,10.7000,33,2
2026-06-23,000001,14:53:51,10.7100,95,1
2026-06-23,000001,14:53:54,10.7000,58,2
2026-06-23,000001,14:53:57,10.7000,96,2
2026-06-23,000001,14:54:00,10.7000,799,2
2026-06-23,000001,14:54:03,10.7100,240,1
2026-06-23,000001,14:54:06,10.7000,202,2
2026-06-23,000001,14:54:09,10.7000,131,2
2026-06-23,000001,14:54:12,10.7100,151,1
2026-06-23,000001,14:54:15,10.7000,152,4
2026-06-23,000001,14:54:18,10.7000,22,2
2026-06-23,000001,14:54:21,10.7000,81,2
2026-06-23,000001,14:54:24,10.7000,145,2
2026-06-23,000001,14:54:27,10.7000,75,2
2026-06-23,000001,14:54:30,10.7000,85,2
2026-06-23,000001,14:54:33,10.7000,1247,2
2026-06-23,000001,14:54:36,10.6900,155,2
2026-06-23,000001,14:54:39,10.7000,95,1
2026-06-23,000001,14:54:42,10.6900,147,2
2026-06-23,000001,14:54:45,10.6900,15,2
2026-06-23,000001,14:54:48,10.7000,159,1
2026-06-23,000001,14:54:51,10.7000,86,1
2026-06-23,000001,14:54:54,10.7000,128,1
2026-06-23,000001,14:54:57,10.7000,142,1
2026-06-23,000001,14:55:00,10.7000,83,1
2026-06-23,000001,14:55:03,10.6900,140,2
2026-06-23,000001,14:55:06,10.7000,280,1
2026-06-23,000001,14:55:09,10.6900,83,2
2026-06-23,000001,14:55:12,10.6900,210,2
2026-06-23,000001,14:55:15,10.6900,151,2
2026-06-23,000001,14:55:18,10.7000,51,1
2026-06-23,000001,14:55:21,10.6900,479,2
2026-06-23,000001,14:55:24,10.7000,383,1
2026-06-23,000001,14:55:27,10.7000,245,1
2026-06-23,000001,14:55:30,10.7000,36,1
2026-06-23,000001,14:55:33,10.7000,259,1
2026-06-23,000001,14:55:36,10.6900,65,2
2026-06-23,000001,14:55:39,10.6900,489,2
2026-06-23,000001,14:55:42,10.7000,418,1
2026-06-23,000001,14:55:45,10.7000,66,1
2026-06-23,000001,14:55:48,10.6900,109,2
2026-06-23,000001,14:55:51,10.7000,55,1
2026-06-23,000001,14:55:54,10.7100,285,1
2026-06-23,000001,14:55:57,10.6900,292,2
2026-06-23,000001,14:56:00,10.7000,318,4
2026-06-23,000001,14:56:03,10.6900,371,2
2026-06-23,000001,14:56:06,10.7000,162,1
2026-06-23,000001,14:56:09,10.6900,332,2
2026-06-23,000001,14:56:12,10.6900,159,2
2026-06-23,000001,14:56:15,10.6900,57,2
2026-06-23,000001,14:56:18,10.7000,171,1
2026-06-23,000001,14:56:21,10.7000,204,1
2026-06-23,000001,14:56:24,10.7000,328,1
2026-06-23,000001,14:56:27,10.6900,172,2
2026-06-23,000001,14:56:30,10.6900,52,2
2026-06-23,000001,14:56:33,10.6900,228,2
2026-06-23,000001,14:56:36,10.6900,92,2
2026-06-23,000001,14:56:39,10.7000,165,1
2026-06-23,000001,14:56:42,10.7000,63,1
2026-06-23,000001,14:56:45,10.7000,60,1
2026-06-23,000001,14:56:48,10.7000,337,1
2026-06-23,000001,14:56:51,10.7000,121,2
2026-06-23,000001,14:56:54,10.7100,11,1
2026-06-23,000001,14:56:57,10.7000,30,2
2026-06-23,000001,14:57:00,10.7000,19,2
2026-06-23,000001,15:00:00,10.7100,5218,4
2026-06-23,000001,13:11:00,10.8000,91,2
2026-06-23,000001,13:11:03,10.8000,2,2
2026-06-23,000001,13:11:06,10.8000,21,2
2026-06-23,000001,13:11:12,10.8000,6,2
2026-06-23,000001,13:11:15,10.8000,19,2
2026-06-23,000001,13:11:18,10.8000,35,2
2026-06-23,000001,13:11:21,10.8000,21,2
2026-06-23,000001,13:11:27,10.8000,28,2
2026-06-23,000001,13:11:30,10.8000,7,2
2026-06-23,000001,13:11:33,10.8000,22,2
2026-06-23,000001,13:11:36,10.8000,22,2
2026-06-23,000001,13:11:39,10.8100,3,1
2026-06-23,000001,13:11:42,10.8000,15,2
2026-06-23,000001,13:11:45,10.8000,64,2
2026-06-23,000001,13:11:48,10.8000,15,2
2026-06-23,000001,13:11:51,10.8100,178,1
2026-06-23,000001,13:11:54,10.8000,62,2
2026-06-23,000001,13:11:57,10.8000,65,2
2026-06-23,000001,13:12:00,10.8000,23,2
2026-06-23,000001,13:12:03,10.8000,16,2
2026-06-23,000001,13:12:06,10.8100,34,1
2026-06-23,000001,13:12:09,10.8100,71,1
2026-06-23,000001,13:12:12,10.8100,41,1
2026-06-23,000001,13:12:15,10.8200,543,1
2026-06-23,000001,13:12:18,10.8100,231,2
2026-06-23,000001,13:12:21,10.8100,212,1
2026-06-23,000001,13:12:24,10.8000,14,2
2026-06-23,000001,13:12:30,10.8100,17,1
2026-06-23,000001,13:12:33,10.8000,1,2
2026-06-23,000001,13:12:36,10.8100,24,1
2026-06-23,000001,13:12:39,10.8100,139,1
2026-06-23,000001,13:12:42,10.8100,46,2
2026-06-23,000001,13:12:45,10.8100,14,2
2026-06-23,000001,13:12:48,10.8100,29,2
2026-06-23,000001,13:12:51,10.8100,55,2
2026-06-23,000001,13:12:54,10.8100,1,2
2026-06-23,000001,13:12:57,10.8100,268,2
2026-06-23,000001,13:13:00,10.8200,5,1
2026-06-23,000001,13:13:03,10.8100,14,2
2026-06-23,000001,13:13:09,10.8100,23,2
2026-06-23,000001,13:13:12,10.8100,31,2
2026-06-23,000001,13:13:18,10.8200,8,1
2026-06-23,000001,13:13:27,10.8200,19,1
2026-06-23,000001,13:13:30,10.8100,24,2
2026-06-23,000001,13:13:33,10.8200,5,1
2026-06-23,000001,13:13:36,10.8200,14,1
2026-06-23,000001,13:13:39,10.8100,5,2
2026-06-23,000001,13:13:42,10.8100,3,2
2026-06-23,000001,13:13:45,10.8200,13,1
2026-06-23,000001,13:13:48,10.8100,21,2
2026-06-23,000001,13:13:51,10.8100,1,2
2026-06-23,000001,13:13:54,10.8100,4,2
2026-06-23,000001,13:13:57,10.8100,25,2
2026-06-23,000001,13:14:00,10.8100,176,2
2026-06-23,000001,13:14:06,10.8100,119,2
2026-06-23,000001,13:14:09,10.8100,51,2
2026-06-23,000001,13:14:12,10.8200,30,1
2026-06-23,000001,13:14:15,10.8100,95,2
2026-06-23,000001,13:14:18,10.8200,19,1
2026-06-23,000001,13:14:21,10.8200,13,1
2026-06-23,000001,13:14:24,10.8100,32,2
2026-06-23,000001,13:14:27,10.8100,13,2
2026-06-23,000001,13:14:30,10.8200,129,1
2026-06-23,000001,13:14:33,10.8200,8,1
2026-06-23,000001,13:14:36,10.8200,23,1
2026-06-23,000001,13:14:39,10.8100,25,2
2026-06-23,000001,13:14:42,10.8200,114,1
2026-06-23,000001,13:14:45,10.8200,64,1
2026-06-23,000001,13:14:48,10.8100,31,2
2026-06-23,000001,13:14:57,10.8100,21,2
2026-06-23,000001,13:15:03,10.8100,60,2
2026-06-23,000001,13:15:06,10.8200,9,1
2026-06-23,000001,13:15:09,10.8200,66,1
2026-06-23,000001,13:15:12,10.8100,11,2
2026-06-23,000001,13:15:15,10.8100,69,2
2026-06-23,000001,13:15:18,10.8100,25,2
2026-06-23,000001,13:15:21,10.8200,28,1
2026-06-23,000001,13:15:24,10.8100,8,2
2026-06-23,000001,13:15:27,10.8200,104,1
2026-06-23,000001,13:15:30,10.8200,1177,1
2026-06-23,000001,13:15:33,10.8300,138,1
2026-06-23,000001,13:15:36,10.8200,2,2
2026-06-23,000001,13:15:39,10.8200,29,2
2026-06-23,000001,13:15:42,10.8200,30,2
2026-06-23,000001,13:15:45,10.8200,16,2
2026-06-23,000001,13:15:48,10.8200,175,2
2026-06-23,000001,13:15:51,10.8200,2,2
2026-06-23,000001,13:15:57,10.8300,51,1
2026-06-23,000001,13:16:00,10.8300,29,1
2026-06-23,000001,13:16:03,10.8200,29,2
2026-06-23,000001,13:16:06,10.8300,90,1
2026-06-23,000001,13:16:09,10.8300,24,1
2026-06-23,000001,13:16:12,10.8300,216,1
2026-06-23,000001,13:16:15,10.8300,89,1
2026-06-23,000001,13:16:18,10.8200,58,2
2026-06-23,000001,13:16:21,10.8300,77,1
2026-06-23,000001,13:16:24,10.8200,77,2
2026-06-23,000001,13:16:27,10.8200,30,2
2026-06-23,000001,13:16:33,10.8200,1,2
2026-06-23,000001,13:16:36,10.8300,50,1
2026-06-23,000001,13:16:39,10.8200,15,2
2026-06-23,000001,13:16:42,10.8200,120,2
2026-06-23,000001,13:16:45,10.8300,30,1
2026-06-23,000001,13:16:48,10.8200,36,2
2026-06-23,000001,13:16:54,10.8200,36,2
2026-06-23,000001,13:16:57,10.8200,28,2
2026-06-23,000001,13:17:03,10.8200,2,2
2026-06-23,000001,13:17:06,10.8300,7,1
2026-06-23,000001,13:17:09,10.8200,10,2
2026-06-23,000001,13:17:12,10.8200,3,2
2026-06-23,000001,13:17:15,10.8200,103,2
2026-06-23,000001,13:17:18,10.8200,6,2
2026-06-23,000001,13:17:21,10.8300,1,1
2026-06-23,000001,13:17:30,10.8300,17,1
2026-06-23,000001,13:17:33,10.8200,1,2
2026-06-23,000001,13:17:36,10.8200,596,2
2026-06-23,000001,13:17:39,10.8300,29,1
2026-06-23,000001,13:17:42,10.8300,5,1
2026-06-23,000001,13:17:45,10.8200,104,2
2026-06-23,000001,13:17:48,10.8200,34,2
2026-06-23,000001,13:17:51,10.8200,515,2
2026-06-23,000001,13:17:54,10.8200,242,2
2026-06-23,000001,13:17:57,10.8200,1418,2
2026-06-23,000001,13:18:00,10.8100,122,2
2026-06-23,000001,13:18:03,10.8100,60,2
2026-06-23,000001,13:18:06,10.8100,115,2
2026-06-23,000001,13:18:09,10.8100,16,2
2026-06-23,000001,13:18:12,10.8200,60,1
2026-06-23,000001,13:18:15,10.8100,10,2
2026-06-23,000001,13:18:21,10.8200,27,1
2026-06-23,000001,13:18:27,10.8100,43,2
2026-06-23,000001,13:18:30,10.8100,1,2
2026-06-23,000001,13:18:33,10.8100,3,2
2026-06-23,000001,13:18:36,10.8100,102,2
2026-06-23,000001,13:18:39,10.8100,30,2
2026-06-23,000001,13:18:42,10.8100,120,2
2026-06-23,000001,13:18:45,10.8100,20,2
2026-06-23,000001,13:18:48,10.8200,22,1
2026-06-23,000001,13:18:51,10.8200,40,1
2026-06-23,000001,13:18:54,10.8200,8,1
2026-06-23,000001,13:19:00,10.8200,29,1
2026-06-23,000001,13:19:03,10.8200,33,1
2026-06-23,000001,13:19:06,10.8100,37,2
2026-06-23,000001,13:19:09,10.8200,5,1
2026-06-23,000001,13:19:12,10.8100,256,2
2026-06-23,000001,13:19:15,10.8100,99,2
2026-06-23,000001,13:19:21,10.8100,70,2
2026-06-23,000001,13:19:24,10.8100,352,2
2026-06-23,000001,13:19:27,10.8100,31,2
2026-06-23,000001,13:19:30,10.8100,13,2
2026-06-23,000001,13:19:33,10.8100,288,2
2026-06-23,000001,13:19:36,10.8100,316,2
2026-06-23,000001,13:19:39,10.8000,35,2
2026-06-23,000001,13:19:42,10.8100,65,1
2026-06-23,000001,13:19:45,10.8100,40,1
2026-06-23,000001,13:19:48,10.8100,303,1
2026-06-23,000001,13:19:51,10.8100,85,2
2026-06-23,000001,13:19:54,10.8100,10,4
2026-06-23,000001,13:19:57,10.8100,210,2
2026-06-23,000001,13:20:00,10.8100,275,2
2026-06-23,000001,13:20:03,10.8100,11,2
2026-06-23,000001,13:20:06,10.8100,50,2
2026-06-23,000001,13:20:09,10.8100,466,2
2026-06-23,000001,13:20:12,10.8100,4,4
2026-06-23,000001,13:20:15,10.8000,48,2
2026-06-23,000001,13:20:18,10.8000,2,2
2026-06-23,000001,13:20:24,10.8100,28,1
2026-06-23,000001,13:20:27,10.8100,12,1
2026-06-23,000001,13:20:30,10.8100,1,1
2026-06-23,000001,13:20:33,10.8100,44,1
2026-06-23,000001,13:20:36,10.8100,12,1
2026-06-23,000001,13:20:39,10.8100,116,1
2026-06-23,000001,13:20:42,10.8100,220,1
2026-06-23,000001,13:20:45,10.8000,13,2
2026-06-23,000001,13:20:51,10.8000,11,2
2026-06-23,000001,13:20:54,10.8000,19,2
2026-06-23,000001,13:21:03,10.8000,15,2
2026-06-23,000001,13:21:06,10.8000,40,2
2026-06-23,000001,13:21:09,10.8000,6,2
2026-06-23,000001,13:21:12,10.8000,84,2
2026-06-23,000001,13:21:15,10.8100,51,1
2026-06-23,000001,13:21:18,10.8000,16,2
2026-06-23,000001,13:21:21,10.8000,4,2
2026-06-23,000001,13:21:27,10.8000,7,2
2026-06-23,000001,13:21:30,10.8000,55,2
2026-06-23,000001,13:21:33,10.8100,1,1
2026-06-23,000001,13:21:39,10.8000,102,2
2026-06-23,000001,13:21:42,10.8000,7,2
2026-06-23,000001,13:21:45,10.8000,17,2
2026-06-23,000001,13:21:51,10.8000,123,2
2026-06-23,000001,13:21:54,10.8100,1,1
2026-06-23,000001,13:21:57,10.8000,113,2
2026-06-23,000001,13:22:00,10.8100,32,1
2026-06-23,000001,13:22:03,10.8100,36,1
2026-06-23,000001,13:22:06,10.8000,5,2
2026-06-23,000001,13:22:09,10.8100,60,1
2026-06-23,000001,13:22:12,10.8000,16,2
2026-06-23,000001,13:22:15,10.8100,22,1
2026-06-23,000001,13:22:18,10.8000,29,2
2026-06-23,000001,13:22:24,10.8000,6,2
2026-06-23,000001,13:22:27,10.8000,17,2
2026-06-23,000001,13:22:30,10.8000,17,2
2026-06-23,000001,13:22:33,10.8100,3,1
2026-06-23,000001,13:22:36,10.8000,24,2
2026-06-23,000001,13:22:39,10.8000,69,2
2026-06-23,000001,13:22:42,10.8000,27,2
2026-06-23,000001,13:22:45,10.8000,369,2
2026-06-23,000001,13:22:48,10.8000,2,2
2026-06-23,000001,13:22:54,10.8100,19,1
2026-06-23,000001,13:22:57,10.8000,2,2
2026-06-23,000001,13:23:03,10.8000,12,2
2026-06-23,000001,13:23:06,10.8100,6,1
2026-06-23,000001,13:23:09,10.8100,198,1
2026-06-23,000001,13:23:12,10.8100,13,1
2026-06-23,000001,13:23:15,10.8000,51,2
2026-06-23,000001,13:23:18,10.8000,8,2
2026-06-23,000001,13:23:21,10.8100,37,1
2026-06-23,000001,13:23:24,10.8100,112,1
2026-06-23,000001,13:23:27,10.8000,6,2
2026-06-23,000001,13:23:33,10.8100,3005,1
2026-06-23,000001,13:23:36,10.8100,114,1
2026-06-23,000001,13:23:39,10.8100,85,1
2026-06-23,000001,13:23:42,10.8100,165,1
2026-06-23,000001,13:23:45,10.8100,80,1
2026-06-23,000001,13:23:48,10.8100,62,1
2026-06-23,000001,13:23:51,10.8100,42,1
2026-06-23,000001,13:23:54,10.8100,7,1
2026-06-23,000001,13:24:06,10.8000,16,2
2026-06-23,000001,13:24:09,10.8000,1212,2
2026-06-23,000001,13:24:12,10.8000,49,1
2026-06-23,000001,13:24:15,10.8000,227,1
2026-06-23,000001,13:24:18,10.7900,26,2
2026-06-23,000001,13:24:21,10.8000,18,1
2026-06-23,000001,13:24:24,10.7900,9,2
2026-06-23,000001,13:24:27,10.7900,28,2
2026-06-23,000001,13:24:33,10.7900,47,2
2026-06-23,000001,13:24:36,10.7900,30,2
2026-06-23,000001,13:24:51,10.7900,2,2
2026-06-23,000001,13:24:54,10.7900,162,2
2026-06-23,000001,13:24:57,10.7900,343,2
2026-06-23,000001,13:25:00,10.7900,17,2
2026-06-23,000001,13:25:03,10.7900,4,2
2026-06-23,000001,13:25:06,10.7900,104,2
2026-06-23,000001,13:25:09,10.7900,120,2
2026-06-23,000001,13:25:12,10.8000,504,1
2026-06-23,000001,13:25:15,10.7900,20,2
2026-06-23,000001,13:25:18,10.7900,465,2
2026-06-23,000001,13:25:21,10.7900,17,2
2026-06-23,000001,13:25:24,10.8000,14,1
2026-06-23,000001,13:25:27,10.8000,187,1
2026-06-23,000001,13:25:30,10.8000,400,1
2026-06-23,000001,13:25:33,10.7900,29,2
2026-06-23,000001,13:25:39,10.8000,471,1
2026-06-23,000001,13:25:42,10.7900,127,2
2026-06-23,000001,13:25:45,10.8000,47,1
2026-06-23,000001,13:25:48,10.8000,38,2
2026-06-23,000001,13:25:51,10.8000,13,2
2026-06-23,000001,13:25:54,10.8000,2,2
2026-06-23,000001,13:25:57,10.8100,37,1
2026-06-23,000001,13:26:00,10.8000,1,2
2026-06-23,000001,13:26:06,10.8000,66,2
2026-06-23,000001,13:26:09,10.8000,450,2
2026-06-23,000001,13:26:12,10.7900,26,2
2026-06-23,000001,13:26:15,10.8000,15,1
2026-06-23,000001,13:26:18,10.8000,23,1
2026-06-23,000001,13:26:24,10.7900,4,2
2026-06-23,000001,13:26:27,10.7900,10,2
2026-06-23,000001,13:26:30,10.7900,18,2
2026-06-23,000001,13:26:33,10.7900,18,2
2026-06-23,000001,13:26:36,10.7900,20,2
2026-06-23,000001,13:26:42,10.7900,32,2
2026-06-23,000001,13:26:45,10.7900,21,2
2026-06-23,000001,13:26:48,10.8000,26,1
2026-06-23,000001,13:26:51,10.7900,10,2
2026-06-23,000001,13:26:54,10.8000,3,1
2026-06-23,000001,13:26:57,10.8000,79,1
2026-06-23,000001,13:27:00,10.8000,840,1
2026-06-23,000001,13:27:03,10.8000,62,2
2026-06-23,000001,13:27:06,10.8000,20,2
2026-06-23,000001,13:27:09,10.8000,121,2
2026-06-23,000001,13:27:12,10.8000,16,2
2026-06-23,000001,13:27:15,10.8000,10,2
2026-06-23,000001,13:27:18,10.8000,1,2
2026-06-23,000001,13:27:21,10.8000,22,2
2026-06-23,000001,13:27:24,10.8000,991,2
2026-06-23,000001,13:27:27,10.8100,702,1
2026-06-23,000001,13:27:30,10.8100,68,1
2026-06-23,000001,13:27:33,10.8100,39,2
2026-06-23,000001,13:27:36,10.8100,1,2
2026-06-23,000001,13:27:39,10.8100,6,2
2026-06-23,000001,13:27:42,10.8100,33,2
2026-06-23,000001,13:27:48,10.8100,34,2
2026-06-23,000001,13:27:51,10.8100,17,2
2026-06-23,000001,13:27:54,10.8100,34,2
2026-06-23,000001,13:27:57,10.8100,346,2
2026-06-23,000001,13:28:00,10.8100,6,2
2026-06-23,000001,13:28:03,10.8100,76,2
2026-06-23,000001,13:28:06,10.8200,18,1
2026-06-23,000001,13:28:09,10.8100,2,2
2026-06-23,000001,13:28:12,10.8100,117,2
2026-06-23,000001,13:28:15,10.8200,62,1
2026-06-23,000001,13:28:18,10.8100,51,2
2026-06-23,000001,13:28:21,10.8100,1,2
2026-06-23,000001,13:28:24,10.8100,2,2
2026-06-23,000001,13:28:33,10.8100,24,2
2026-06-23,000001,13:28:36,10.8100,6,2
2026-06-23,000001,13:28:39,10.8100,2,2
2026-06-23,000001,13:28:42,10.8200,104,1
2026-06-23,000001,13:28:45,10.8200,96,1
2026-06-23,000001,13:28:48,10.8100,39,2
2026-06-23,000001,13:28:51,10.8100,45,2
2026-06-23,000001,13:28:54,10.8100,3,2
2026-06-23,000001,13:29:00,10.8100,3,2
2026-06-23,000001,13:29:03,10.8100,1,2
2026-06-23,000001,13:29:06,10.8200,20,1
2026-06-23,000001,13:29:09,10.8100,12,2
2026-06-23,000001,13:29:12,10.8100,12,2
2026-06-23,000001,13:29:15,10.8100,12,2
2026-06-23,000001,13:29:18,10.8100,353,2
2026-06-23,000001,13:29:21,10.8100,102,2
2026-06-23,000001,13:29:24,10.8100,103,2
2026-06-23,000001,13:29:27,10.8200,124,1
2026-06-23,000001,13:29:30,10.8100,12,2
2026-06-23,000001,13:29:33,10.8200,214,1
2026-06-23,000001,13:29:36,10.8200,123,1
2026-06-23,000001,13:29:39,10.8200,94,1
2026-06-23,000001,13:29:42,10.8100,108,2
2026-06-23,000001,13:29:45,10.8200,69,1
2026-06-23,000001,13:29:48,10.8200,24,1
2026-06-23,000001,13:29:51,10.8100,21,2
2026-06-23,000001,13:29:54,10.8100,75,2
2026-06-23,000001,13:29:57,10.8200,20,1
2026-06-23,000001,13:30:00,10.8200,29,1
2026-06-23,000001,13:30:03,10.8200,286,1
2026-06-23,000001,13:30:06,10.8200,244,1
2026-06-23,000001,13:30:09,10.8100,299,2
2026-06-23,000001,13:30:12,10.8100,86,2
2026-06-23,000001,13:30:15,10.8100,32,2
2026-06-23,000001,13:30:18,10.8100,23,2
2026-06-23,000001,13:30:21,10.8200,62,1
2026-06-23,000001,13:30:24,10.8100,45,2
2026-06-23,000001,13:30:27,10.8100,30,2
2026-06-23,000001,13:30:30,10.8200,80,1
2026-06-23,000001,13:30:33,10.8100,31,2
2026-06-23,000001,13:30:36,10.8200,115,1
2026-06-23,000001,13:30:39,10.8100,74,2
2026-06-23,000001,13:30:42,10.8200,122,1
2026-06-23,000001,13:30:45,10.8100,81,2
2026-06-23,000001,13:30:48,10.8100,102,2
2026-06-23,000001,13:30:51,10.8200,218,1
2026-06-23,000001,13:30:54,10.8200,569,1
2026-06-23,000001,13:30:57,10.8200,262,1
2026-06-23,000001,13:31:00,10.8200,434,1
2026-06-23,000001,13:31:03,10.8100,48,2
2026-06-23,000001,13:31:06,10.8200,224,1
2026-06-23,000001,13:31:09,10.8100,1398,2
2026-06-23,000001,13:31:12,10.8100,97,2
2026-06-23,000001,13:31:15,10.8200,157,1
2026-06-23,000001,13:31:18,10.8200,1958,1
2026-06-23,000001,13:31:21,10.8200,2877,1
2026-06-23,000001,13:31:24,10.8300,257,1
2026-06-23,000001,13:31:27,10.8300,290,1
2026-06-23,000001,13:31:30,10.8300,953,1
2026-06-23,000001,13:31:33,10.8300,330,1
2026-06-23,000001,13:31:36,10.8200,86,2
2026-06-23,000001,13:31:39,10.8300,146,1
2026-06-23,000001,13:31:42,10.8300,11,1
2026-06-23,000001,13:31:45,10.8300,60,1
2026-06-23,000001,13:31:48,10.8300,64,1
2026-06-23,000001,13:31:51,10.8300,48,1
2026-06-23,000001,13:31:54,10.8300,3,1
2026-06-23,000001,13:31:57,10.8300,2,1
2026-06-23,000001,13:32:00,10.8300,59,1
2026-06-23,000001,13:32:03,10.8300,85,1
2026-06-23,000001,13:32:06,10.8300,89,1
2026-06-23,000001,13:32:09,10.8200,126,2
2026-06-23,000001,13:32:12,10.8200,144,2
2026-06-23,000001,13:32:15,10.8200,1050,2
2026-06-23,000001,13:32:18,10.8200,275,2
2026-06-23,000001,13:32:21,10.8200,68,2
2026-06-23,000001,13:32:24,10.8200,23,2
2026-06-23,000001,13:32:27,10.8200,118,2
2026-06-23,000001,13:32:30,10.8200,439,2
2026-06-23,000001,13:32:33,10.8300,58,1
2026-06-23,000001,13:32:36,10.8200,1311,2
2026-06-23,000001,13:32:39,10.8200,367,1
2026-06-23,000001,13:32:42,10.8300,130,1
2026-06-23,000001,13:32:45,10.8300,174,1
2026-06-23,000001,13:32:48,10.8100,85,2
2026-06-23,000001,13:32:51,10.8200,188,1
2026-06-23,000001,13:32:54,10.8300,49,1
2026-06-23,000001,13:32:57,10.8200,63,4
2026-06-23,000001,13:33:00,10.8100,1,2
2026-06-23,000001,13:33:03,10.8100,15,2
2026-06-23,000001,13:33:06,10.8100,5,2
2026-06-23,000001,13:33:09,10.8100,167,2
2026-06-23,000001,13:33:12,10.8100,8,2
2026-06-23,000001,13:33:15,10.8200,27,1
2026-06-23,000001,13:33:18,10.8200,32,1
2026-06-23,000001,13:33:21,10.8100,1,2
2026-06-23,000001,13:33:24,10.8200,72,1
2026-06-23,000001,13:33:27,10.8200,37,1
2026-06-23,000001,13:33:30,10.8200,184,1
2026-06-23,000001,13:33:33,10.8200,57,1
2026-06-23,000001,13:33:36,10.8200,54,1
2026-06-23,000001,13:33:39,10.8100,52,2
2026-06-23,000001,13:33:42,10.8200,87,1
2026-06-23,000001,13:33:45,10.8100,77,2
2026-06-23,000001,13:33:48,10.8200,52,1
2026-06-23,000001,13:33:51,10.8200,35,1
2026-06-23,000001,13:33:54,10.8100,2,2
2026-06-23,000001,13:33:57,10.8200,13,1
2026-06-23,000001,13:34:00,10.8100,101,2
2026-06-23,000001,13:34:03,10.8000,520,2
2026-06-23,000001,13:34:06,10.8000,33,2
2026-06-23,000001,13:34:09,10.8100,168,1
2026-06-23,000001,13:34:12,10.8000,4,2
2026-06-23,000001,13:34:15,10.8100,107,1
2026-06-23,000001,13:34:18,10.8000,30,2
2026-06-23,000001,13:34:21,10.8000,36,2
2026-06-23,000001,13:34:24,10.8000,19,2
2026-06-23,000001,13:34:27,10.8000,15,2
2026-06-23,000001,13:34:30,10.8100,11,1
2026-06-23,000001,13:34:33,10.8100,2,1
2026-06-23,000001,13:34:36,10.8000,4,2
2026-06-23,000001,13:34:39,10.8000,161,2
2026-06-23,000001,13:34:42,10.8000,19,2
2026-06-23,000001,13:34:45,10.8000,71,2
2026-06-23,000001,13:34:48,10.8000,51,2
2026-06-23,000001,13:34:51,10.8100,3,1
2026-06-23,000001,13:34:54,10.8000,55,2
2026-06-23,000001,13:34:57,10.8100,25,1
2026-06-23,000001,13:35:00,10.8100,23,1
2026-06-23,000001,13:35:03,10.8100,3,1
2026-06-23,000001,13:35:06,10.8100,40,1
2026-06-23,000001,13:35:09,10.8100,3,1
2026-06-23,000001,13:35:12,10.8000,72,2
2026-06-23,000001,13:35:15,10.8000,29,2
2026-06-23,000001,13:35:18,10.8000,41,2
2026-06-23,000001,13:35:21,10.8000,54,2
2026-06-23,000001,13:35:24,10.8000,50,2
2026-06-23,000001,13:35:27,10.8100,37,1
2026-06-23,000001,13:35:30,10.8000,57,2
2026-06-23,000001,13:35:33,10.8000,50,2
2026-06-23,000001,13:35:36,10.8000,52,2
2026-06-23,000001,13:35:39,10.8000,85,2
2026-06-23,000001,13:35:42,10.8000,192,2
2026-06-23,000001,13:35:45,10.8100,60,1
2026-06-23,000001,13:35:48,10.8000,45,2
2026-06-23,000001,13:35:51,10.8100,1087,1
2026-06-23,000001,13:35:54,10.8100,644,2
2026-06-23,000001,13:35:57,10.8100,40,2
2026-06-23,000001,13:36:00,10.8100,534,2
2026-06-23,000001,13:36:03,10.8100,25,2
2026-06-23,000001,13:36:06,10.8200,217,1
2026-06-23,000001,13:36:09,10.8100,19,2
2026-06-23,000001,13:36:12,10.8100,110,2
2026-06-23,000001,13:36:15,10.8100,164,2
2026-06-23,000001,13:36:18,10.8200,64,1
2026-06-23,000001,13:36:21,10.8200,147,1
2026-06-23,000001,13:36:24,10.8200,939,1
2026-06-23,000001,13:36:27,10.8300,491,1
2026-06-23,000001,13:36:30,10.8200,219,2
2026-06-23,000001,13:36:33,10.8300,376,1
2026-06-23,000001,13:36:36,10.8200,69,2
2026-06-23,000001,13:36:39,10.8300,25,1
2026-06-23,000001,13:36:42,10.8200,116,2
2026-06-23,000001,13:36:45,10.8100,586,2
2026-06-23,000001,13:36:48,10.8100,7,2
2026-06-23,000001,13:36:57,10.8100,39,2
2026-06-23,000001,13:37:00,10.8100,11,2
2026-06-23,000001,13:37:03,10.8100,24,2
2026-06-23,000001,13:37:06,10.8100,22,2
2026-06-23,000001,13:37:12,10.8200,9,1
2026-06-23,000001,13:37:15,10.8100,1,2
2026-06-23,000001,13:37:21,10.8100,7,2
2026-06-23,000001,13:37:27,10.8200,8,1
2026-06-23,000001,13:37:30,10.8200,8,1
2026-06-23,000001,13:37:39,10.8100,315,2
2026-06-23,000001,13:37:42,10.8200,106,1
2026-06-23,000001,13:37:45,10.8200,35,1
2026-06-23,000001,13:37:48,10.8200,42,1
2026-06-23,000001,13:37:51,10.8100,1,2
2026-06-23,000001,13:37:54,10.8100,3,2
2026-06-23,000001,13:37:57,10.8100,79,2
2026-06-23,000001,13:38:00,10.8100,54,2
2026-06-23,000001,13:38:03,10.8100,1,2
2026-06-23,000001,13:38:06,10.8100,98,2
2026-06-23,000001,13:38:09,10.8100,434,2
2026-06-23,000001,13:38:12,10.8100,62,2
2026-06-23,000001,13:38:15,10.8100,1,2
2026-06-23,000001,13:38:18,10.8100,1053,2
2026-06-23,000001,13:38:21,10.8000,13,2
2026-06-23,000001,13:38:30,10.8000,18,2
2026-06-23,000001,13:38:33,10.8000,23,2
2026-06-23,000001,13:38:36,10.8100,62,1
2026-06-23,000001,13:38:39,10.8000,50,2
2026-06-23,000001,13:38:42,10.8100,38,1
2026-06-23,000001,13:38:45,10.8100,32,1
2026-06-23,000001,13:38:48,10.8000,317,2
2026-06-23,000001,13:38:51,10.8100,70,1
2026-06-23,000001,13:38:54,10.8100,156,1
2026-06-23,000001,13:38:57,10.8100,48,1
2026-06-23,000001,13:39:00,10.8100,31,1
2026-06-23,000001,13:39:06,10.8100,22,1
2026-06-23,000001,13:39:09,10.8000,1,2
2026-06-23,000001,13:39:12,10.8100,8,1
2026-06-23,000001,13:39:15,10.8000,8,2
2026-06-23,000001,13:39:21,10.8000,75,2
2026-06-23,000001,13:39:24,10.8100,17,1
2026-06-23,000001,13:39:27,10.8100,17,1
2026-06-23,000001,13:39:30,10.8000,3,2
2026-06-23,000001,13:39:33,10.8000,23,2
2026-06-23,000001,13:39:36,10.8100,9,1
2026-06-23,000001,13:39:39,10.8000,19,2
2026-06-23,000001,13:39:42,10.8000,22,2
2026-06-23,000001,13:39:45,10.8000,29,2
2026-06-23,000001,13:39:48,10.8100,1,1
2026-06-23,000001,13:39:51,10.8100,24,1
2026-06-23,000001,13:39:54,10.8100,1229,1
2026-06-23,000001,13:39:57,10.8100,217,2
2026-06-23,000001,13:40:00,10.8200,269,1
2026-06-23,000001,13:40:03,10.8100,118,2
2026-06-23,000001,13:40:06,10.8200,68,1
2026-06-23,000001,13:40:09,10.8200,46,1
2026-06-23,000001,13:40:15,10.8200,124,1
2026-06-23,000001,13:40:18,10.8100,7,2
2026-06-23,000001,13:40:21,10.8200,47,1
2026-06-23,000001,13:40:24,10.8100,8,2
2026-06-23,000001,13:40:27,10.8200,8,1
2026-06-23,000001,13:40:30,10.8200,14,1
2026-06-23,000001,13:40:33,10.8100,3,2
2026-06-23,000001,13:40:36,10.8200,626,1
2026-06-23,000001,13:40:39,10.8200,56,1
2026-06-23,000001,13:40:42,10.8200,210,1
2026-06-23,000001,13:40:45,10.8100,2,2
2026-06-23,000001,13:40:48,10.8200,215,1
2026-06-23,000001,13:40:51,10.8100,16,2
2026-06-23,000001,13:40:54,10.8200,73,1
2026-06-23,000001,13:40:57,10.8100,1,2
2026-06-23,000001,13:41:00,10.8200,22,1
2026-06-23,000001,13:41:03,10.8200,20,1
2026-06-23,000001,13:41:06,10.8100,101,2
2026-06-23,000001,13:41:09,10.8200,10,1
2026-06-23,000001,13:41:12,10.8200,59,1
2026-06-23,000001,13:41:15,10.8200,23,1
2026-06-23,000001,13:41:18,10.8200,59,1
2026-06-23,000001,13:41:21,10.8200,31,1
2026-06-23,000001,13:41:24,10.8100,28,2
2026-06-23,000001,13:41:27,10.8200,962,1
2026-06-23,000001,13:41:30,10.8100,19,2
2026-06-23,000001,13:41:33,10.8200,199,1
2026-06-23,000001,13:41:36,10.8100,17,2
2026-06-23,000001,13:41:39,10.8200,82,1
2026-06-23,000001,13:41:42,10.8100,3,2
2026-06-23,000001,13:41:45,10.8100,26,2
2026-06-23,000001,13:41:48,10.8100,14,2
2026-06-23,000001,13:41:51,10.8100,53,2
2026-06-23,000001,13:41:54,10.8200,15,1
2026-06-23,000001,13:41:57,10.8100,449,2
2026-06-23,000001,13:42:00,10.8100,250,2
2026-06-23,000001,13:42:03,10.8100,197,2
2026-06-23,000001,13:42:06,10.8200,27,1
2026-06-23,000001,13:42:09,10.8100,119,2
2026-06-23,000001,13:42:12,10.8100,147,2
2026-06-23,000001,13:42:15,10.8100,139,2
2026-06-23,000001,13:42:18,10.8100,16,2
2026-06-23,000001,13:42:21,10.8200,79,1
2026-06-23,000001,13:42:24,10.8100,1,2
2026-06-23,000001,13:42:27,10.8200,12,1
2026-06-23,000001,13:42:30,10.8200,39,1
2026-06-23,000001,13:42:33,10.8200,10,1
2026-06-23,000001,13:42:36,10.8100,27,2
2026-06-23,000001,13:42:39,10.8100,1,2
2026-06-23,000001,13:42:42,10.8100,3,2
2026-06-23,000001,13:42:45,10.8100,4,2
2026-06-23,000001,13:42:48,10.8100,72,2
2026-06-23,000001,13:42:51,10.8200,177,1
2026-06-23,000001,13:42:54,10.8100,7,2
2026-06-23,000001,13:42:57,10.8200,39,1
2026-06-23,000001,13:43:00,10.8100,54,2
2026-06-23,000001,13:43:03,10.8100,183,2
2026-06-23,000001,13:43:06,10.8200,18,1
2026-06-23,000001,13:43:09,10.8100,48,2
2026-06-23,000001,13:43:12,10.8100,201,2
2026-06-23,000001,13:43:15,10.8100,197,2
2026-06-23,000001,13:43:18,10.8200,70,1
2026-06-23,000001,13:43:21,10.8200,84,1
2026-06-23,000001,13:43:24,10.8100,69,2
2026-06-23,000001,13:43:27,10.8200,57,1
2026-06-23,000001,13:43:30,10.8200,32,1
2026-06-23,000001,13:43:33,10.8200,32,1
2026-06-23,000001,13:43:36,10.8200,251,1
2026-06-23,000001,13:43:39,10.8200,141,1
2026-06-23,000001,13:43:42,10.8100,18,2
2026-06-23,000001,13:43:45,10.8200,88,1
2026-06-23,000001,13:43:48,10.8200,163,1
2026-06-23,000001,13:43:51,10.8200,97,1
2026-06-23,000001,13:43:54,10.8100,75,2
2026-06-23,000001,13:43:57,10.8200,82,1
2026-06-23,000001,13:44:00,10.8100,44,2
2026-06-23,000001,13:44:03,10.8100,84,2
2026-06-23,000001,13:44:06,10.8100,33,2
2026-06-23,000001,13:44:09,10.8100,61,2
2026-06-23,000001,13:44:12,10.8100,39,2
2026-06-23,000001,13:44:15,10.8100,130,2
2026-06-23,000001,13:44:18,10.8200,35,1
2026-06-23,000001,13:44:21,10.8200,39,1
2026-06-23,000001,13:44:24,10.8100,83,2
2026-06-23,000001,13:44:30,10.8100,30,2
2026-06-23,000001,13:44:33,10.8100,18,2
2026-06-23,000001,13:44:36,10.8100,20,2
2026-06-23,000001,13:44:39,10.8100,48,2
2026-06-23,000001,13:44:42,10.8200,31,1
2026-06-23,000001,13:44:45,10.8100,64,2
2026-06-23,000001,13:44:48,10.8100,8,2
2026-06-23,000001,13:44:51,10.8100,267,2
2026-06-23,000001,13:44:54,10.8100,85,2
2026-06-23,000001,13:44:57,10.8200,53,1
2026-06-23,000001,13:45:00,10.8100,222,2
2026-06-23,000001,13:45:03,10.8100,268,2
2026-06-23,000001,13:45:06,10.8200,87,1
2026-06-23,000001,13:45:09,10.8200,69,1
2026-06-23,000001,13:45:12,10.8200,60,1
2026-06-23,000001,13:45:15,10.8200,74,1
2026-06-23,000001,13:45:21,10.8200,24,1
2026-06-23,000001,13:45:24,10.8100,31,2
2026-06-23,000001,13:45:27,10.8100,18,2
2026-06-23,000001,13:45:30,10.8100,1318,2
2026-06-23,000001,13:45:33,10.8100,80,1
2026-06-23,000001,13:45:36,10.8100,222,1
2026-06-23,000001,13:45:39,10.8100,16,1
2026-06-23,000001,13:45:42,10.8100,13,1
2026-06-23,000001,13:45:45,10.8000,124,2
2026-06-23,000001,13:45:48,10.8100,35,1
2026-06-23,000001,13:45:51,10.8000,299,2
2026-06-23,000001,13:45:54,10.8000,177,2
2026-06-23,000001,13:45:57,10.8100,187,1
2026-06-23,000001,13:46:00,10.8100,42,1
2026-06-23,000001,13:46:03,10.8100,35,1
2026-06-23,000001,13:46:06,10.8100,27,1
2026-06-23,000001,13:46:09,10.8000,17,2
2026-06-23,000001,13:46:12,10.8100,10,1
2026-06-23,000001,13:46:21,10.8100,119,1
2026-06-23,000001,13:46:24,10.8000,149,2
2026-06-23,000001,13:46:27,10.8000,75,2
2026-06-23,000001,13:46:30,10.8000,84,2
2026-06-23,000001,13:46:33,10.8000,191,2
2026-06-23,000001,13:46:36,10.8100,73,1
2026-06-23,000001,13:46:42,10.8100,65,1
2026-06-23,000001,13:46:45,10.8000,29,2
2026-06-23,000001,13:46:48,10.8100,14,1
2026-06-23,000001,13:46:51,10.8100,160,1
2026-06-23,000001,13:46:54,10.8000,63,2
2026-06-23,000001,13:46:57,10.8000,48,2
2026-06-23,000001,13:47:03,10.8100,132,1
2026-06-23,000001,13:47:06,10.8100,24,1
2026-06-23,000001,13:47:09,10.8000,109,2
2026-06-23,000001,13:47:12,10.8100,721,1
2026-06-23,000001,13:47:15,10.8000,338,2
2026-06-23,000001,13:47:18,10.8000,168,2
2026-06-23,000001,13:47:21,10.8000,410,2
2026-06-23,000001,13:47:24,10.8000,130,2
2026-06-23,000001,13:47:27,10.8000,609,2
2026-06-23,000001,13:47:30,10.8000,76,2
2026-06-23,000001,13:47:33,10.8000,343,2
2026-06-23,000001,13:47:36,10.8000,64,4
2026-06-23,000001,13:47:39,10.8000,588,2
2026-06-23,000001,13:47:42,10.8000,1,2
2026-06-23,000001,13:47:48,10.8000,44,2
2026-06-23,000001,13:47:51,10.8000,24,2
2026-06-23,000001,13:47:54,10.8000,22,2
2026-06-23,000001,13:47:57,10.8000,20,2
2026-06-23,000001,13:48:03,10.8000,1,2
2026-06-23,000001,13:48:06,10.8000,10,2
2026-06-23,000001,13:48:09,10.8000,38,2
2026-06-23,000001,13:48:12,10.8000,31,2
2026-06-23,000001,13:48:15,10.8000,52,2
2026-06-23,000001,13:48:18,10.8000,49,2
2026-06-23,000001,13:48:21,10.8000,24,2
2026-06-23,000001,13:48:24,10.8000,7,2
2026-06-23,000001,13:48:27,10.8000,3,2
2026-06-23,000001,13:48:33,10.8000,182,2
2026-06-23,000001,13:48:36,10.8000,50,2
2026-06-23,000001,13:48:39,10.8000,6,2
2026-06-23,000001,13:48:42,10.8000,11,2
2026-06-23,000001,13:48:45,10.8000,7,2
2026-06-23,000001,13:48:48,10.8000,98,2
2026-06-23,000001,13:48:51,10.8000,94,2
2026-06-23,000001,13:48:54,10.8000,1,2
2026-06-23,000001,13:49:00,10.8000,2,2
2026-06-23,000001,13:49:03,10.8000,203,2
2026-06-23,000001,13:49:06,10.8000,10,2
2026-06-23,000001,13:49:09,10.8000,63,2
2026-06-23,000001,13:49:15,10.8000,307,2
2026-06-23,000001,13:49:18,10.8000,41,2
2026-06-23,000001,13:49:21,10.8000,20,2
2026-06-23,000001,13:49:27,10.8100,22,1
2026-06-23,000001,13:49:30,10.8000,11,2
2026-06-23,000001,13:49:33,10.8000,25,2
2026-06-23,000001,13:49:36,10.8000,20,2
2026-06-23,000001,13:49:39,10.8000,47,2
2026-06-23,000001,13:49:42,10.8100,25,1
2026-06-23,000001,13:49:45,10.8000,14,2
2026-06-23,000001,13:49:48,10.8100,349,1
2026-06-23,000001,13:49:51,10.8100,236,1
2026-06-23,000001,13:49:57,10.8000,16,2
2026-06-23,000001,13:50:00,10.8000,46,2
2026-06-23,000001,13:50:03,10.8100,8,1
2026-06-23,000001,13:50:09,10.8000,82,2
2026-06-23,000001,13:50:12,10.8100,25,1
2026-06-23,000001,13:50:15,10.8000,15,2
2026-06-23,000001,13:50:18,10.8000,979,2
2026-06-23,000001,13:50:21,10.8000,54,4
2026-06-23,000001,13:50:24,10.8000,559,2
2026-06-23,000001,13:50:27,10.8000,422,1
2026-06-23,000001,13:50:30,10.7900,37,2
2026-06-23,000001,13:50:33,10.8000,20,1
2026-06-23,000001,13:50:36,10.7900,32,2
2026-06-23,000001,13:50:39,10.8000,72,1
2026-06-23,000001,13:50:42,10.8000,5,1
2026-06-23,000001,13:50:45,10.8000,5,1
2026-06-23,000001,13:50:48,10.8000,65,1
2026-06-23,000001,13:50:51,10.7900,34,2
2026-06-23,000001,13:50:57,10.8000,84,1
2026-06-23,000001,13:51:03,10.8000,17,1
2026-06-23,000001,13:51:06,10.7900,154,2
2026-06-23,000001,13:51:09,10.7900,126,2
2026-06-23,000001,13:51:12,10.7900,22,2
2026-06-23,000001,13:51:15,10.8000,149,1
2026-06-23,000001,13:51:18,10.7900,16,2
2026-06-23,000001,13:51:21,10.7900,16,2
2026-06-23,000001,13:51:24,10.7900,16,2
2026-06-23,000001,13:51:27,10.8000,2,1
2026-06-23,000001,13:51:33,10.7900,28,2
2026-06-23,000001,13:51:36,10.7900,61,2
2026-06-23,000001,13:51:39,10.7900,49,2
2026-06-23,000001,13:51:42,10.7900,18,2
2026-06-23,000001,13:51:45,10.7900,46,2
2026-06-23,000001,13:51:48,10.7900,4,2
2026-06-23,000001,13:51:51,10.8000,102,1
2026-06-23,000001,13:51:54,10.8000,295,1
2026-06-23,000001,13:51:57,10.8000,27,1
2026-06-23,000001,13:52:00,10.8000,52,1
2026-06-23,000001,13:52:03,10.7900,11,2
2026-06-23,000001,13:52:06,10.7900,75,2
2026-06-23,000001,13:52:09,10.7900,26,2
2026-06-23,000001,13:52:21,10.8000,20,1
2026-06-23,000001,13:52:24,10.7900,5,2
2026-06-23,000001,13:52:27,10.7900,350,2
2026-06-23,000001,13:52:30,10.8000,136,1
2026-06-23,000001,13:52:33,10.7900,50,2
2026-06-23,000001,13:52:36,10.8000,344,1
2026-06-23,000001,13:52:39,10.7900,224,2
2026-06-23,000001,13:52:42,10.8000,1,1
2026-06-23,000001,13:52:45,10.8000,28,1
2026-06-23,000001,13:52:51,10.7900,3,2
2026-06-23,000001,13:52:54,10.8000,54,1
2026-06-23,000001,13:52:57,10.8000,24,1
2026-06-23,000001,13:53:03,10.8000,195,1
2026-06-23,000001,13:53:06,10.7900,127,2
2026-06-23,000001,13:53:09,10.8000,29,1
2026-06-23,000001,13:53:12,10.8000,71,1
2026-06-23,000001,13:53:15,10.8000,150,1
2026-06-23,000001,13:53:18,10.7900,21,2
2026-06-23,000001,13:53:21,10.7900,38,2
2026-06-23,000001,13:53:24,10.8000,1,1
2026-06-23,000001,13:53:27,10.7900,228,2
2026-06-23,000001,13:53:30,10.7900,1051,2
2026-06-23,000001,13:53:33,10.7900,810,2
2026-06-23,000001,13:53:36,10.7900,906,2
2026-06-23,000001,13:53:39,10.8000,328,1
2026-06-23,000001,13:53:42,10.8000,53,1
2026-06-23,000001,13:53:45,10.7900,172,4
2026-06-23,000001,13:53:48,10.7900,108,1
2026-06-23,000001,13:53:51,10.7900,62,1
2026-06-23,000001,13:53:54,10.7800,46,2
2026-06-23,000001,13:53:57,10.7900,3,1
2026-06-23,000001,13:54:00,10.7900,4,1
2026-06-23,000001,13:54:03,10.7900,13,1
2026-06-23,000001,13:54:06,10.7900,3,1
2026-06-23,000001,13:54:09,10.7900,196,1
2026-06-23,000001,13:54:12,10.7800,119,2
2026-06-23,000001,13:54:15,10.7800,1,2
2026-06-23,000001,13:54:18,10.7800,59,2
2026-06-23,000001,13:54:21,10.7800,3,2
2026-06-23,000001,13:54:24,10.7900,1,1
2026-06-23,000001,13:54:27,10.7900,163,1
2026-06-23,000001,13:54:30,10.7800,13,2
2026-06-23,000001,13:54:33,10.7800,106,2
2026-06-23,000001,13:54:36,10.7800,11,2
2026-06-23,000001,13:54:39,10.7800,30,2
2026-06-23,000001,13:54:42,10.7800,88,2
2026-06-23,000001,13:54:45,10.7800,18,2
2026-06-23,000001,13:54:48,10.7900,2,1
2026-06-23,000001,13:54:51,10.7800,382,2
2026-06-23,000001,13:54:54,10.7800,43,2
2026-06-23,000001,13:54:57,10.7800,7,2
2026-06-23,000001,13:55:00,10.7900,106,1
2026-06-23,000001,13:55:03,10.7800,16,2
2026-06-23,000001,13:55:06,10.7800,47,2
2026-06-23,000001,13:55:09,10.7800,7,2
2026-06-23,000001,13:55:12,10.7900,60,1
2026-06-23,000001,13:55:15,10.7900,2,1
2026-06-23,000001,13:55:18,10.7800,219,2
2026-06-23,000001,13:55:21,10.7900,133,1
2026-06-23,000001,13:55:24,10.7900,22,1
2026-06-23,000001,13:55:27,10.7900,58,1
2026-06-23,000001,13:55:30,10.7800,137,2
2026-06-23,000001,13:55:33,10.7800,42,2
2026-06-23,000001,13:55:36,10.7800,20,2
2026-06-23,000001,13:55:39,10.7800,67,2
2026-06-23,000001,13:55:42,10.7800,23,2
2026-06-23,000001,13:55:45,10.7800,9,2
2026-06-23,000001,13:55:51,10.7800,46,2
2026-06-23,000001,13:55:54,10.7800,2,2
2026-06-23,000001,13:55:57,10.7800,16,2
2026-06-23,000001,13:56:00,10.7800,47,2
2026-06-23,000001,13:56:03,10.7800,22,2
2026-06-23,000001,13:56:06,10.7800,191,2
2026-06-23,000001,13:56:09,10.7800,643,2
2026-06-23,000001,13:56:12,10.7700,946,2
2026-06-23,000001,13:56:15,10.7800,34,2
2026-06-23,000001,13:56:18,10.7800,9,2
2026-06-23,000001,13:56:21,10.7900,638,1
2026-06-23,000001,13:56:24,10.7800,191,2
2026-06-23,000001,13:56:27,10.7900,158,1
2026-06-23,000001,13:56:30,10.7800,3,2
2026-06-23,000001,13:56:33,10.7800,33,2
2026-06-23,000001,13:56:36,10.7800,47,2
2026-06-23,000001,13:56:39,10.7800,37,2
2026-06-23,000001,13:56:42,10.7900,77,1
2026-06-23,000001,13:56:45,10.7900,81,1
2026-06-23,000001,13:56:48,10.7800,87,2
2026-06-23,000001,13:56:51,10.7800,199,2
2026-06-23,000001,13:56:54,10.7800,114,2
2026-06-23,000001,13:56:57,10.7800,18,4
2026-06-23,000001,13:57:00,10.7700,23,2
2026-06-23,000001,13:57:03,10.7800,778,2
2026-06-23,000001,13:57:06,10.7800,27,2
2026-06-23,000001,13:57:09,10.7800,170,2
2026-06-23,000001,13:57:12,10.7900,33,1
2026-06-23,000001,13:57:15,10.7800,98,2
2026-06-23,000001,13:57:18,10.7900,33,1
2026-06-23,000001,13:57:21,10.7900,8,1
2026-06-23,000001,13:57:24,10.7800,5,2
2026-06-23,000001,13:57:27,10.7800,156,2
2026-06-23,000001,13:57:30,10.7800,132,2
2026-06-23,000001,13:57:33,10.7800,8,4
2026-06-23,000001,13:57:36,10.7800,2,2
2026-06-23,000001,13:57:39,10.7800,556,2
2026-06-23,000001,13:57:42,10.7800,34,2
2026-06-23,000001,13:57:45,10.7800,3,2
2026-06-23,000001,13:57:51,10.7800,5,2
2026-06-23,000001,13:57:54,10.7800,9,2
2026-06-23,000001,13:57:57,10.7800,10,2
2026-06-23,000001,13:58:00,10.7800,44,2
2026-06-23,000001,13:58:03,10.7800,39,2
2026-06-23,000001,13:58:06,10.7900,441,1
2026-06-23,000001,13:58:09,10.7800,89,4
2026-06-23,000001,13:58:12,10.7800,59,2
2026-06-23,000001,13:58:15,10.7900,145,1
2026-06-23,000001,13:58:18,10.7800,336,4
2026-06-23,000001,13:58:21,10.7700,109,2
2026-06-23,000001,13:58:24,10.7700,2,2
2026-06-23,000001,13:58:27,10.7800,121,2
2026-06-23,000001,13:58:30,10.7800,48,1
2026-06-23,000001,13:58:33,10.7700,69,2
2026-06-23,000001,13:58:36,10.7800,3,1
2026-06-23,000001,13:58:39,10.7800,21,1
2026-06-23,000001,13:58:42,10.7700,32,2
2026-06-23,000001,13:58:45,10.7700,31,2
2026-06-23,000001,13:58:48,10.7700,63,2
2026-06-23,000001,13:58:51,10.7700,47,2
2026-06-23,000001,13:58:54,10.7700,122,2
2026-06-23,000001,13:58:57,10.7700,61,2
2026-06-23,000001,13:59:00,10.7700,249,2
2026-06-23,000001,13:59:03,10.7700,67,2
2026-06-23,000001,13:59:06,10.7700,44,2
2026-06-23,000001,13:59:09,10.7700,812,2
2026-06-23,000001,13:59:12,10.7700,373,1
2026-06-23,000001,13:59:15,10.7600,642,2
2026-06-23,000001,13:59:18,10.7700,419,1
2026-06-23,000001,13:59:21,10.7600,176,2
2026-06-23,000001,13:59:24,10.7600,56,2
2026-06-23,000001,13:59:27,10.7600,60,2
2026-06-23,000001,13:59:30,10.7600,46,2
2026-06-23,000001,13:59:33,10.7600,276,2
2026-06-23,000001,13:59:36,10.7600,19,2
2026-06-23,000001,13:59:39,10.7600,52,2
2026-06-23,000001,13:59:42,10.7600,88,2
2026-06-23,000001,13:59:45,10.7600,21,2
2026-06-23,000001,13:59:48,10.7600,46,2
2026-06-23,000001,13:59:51,10.7600,17,2
2026-06-23,000001,13:59:54,10.7700,89,1
2026-06-23,000001,13:59:57,10.7600,999,2
2026-06-23,000001,14:00:00,10.7600,24,2
2026-06-23,000001,14:00:03,10.7700,342,1
2026-06-23,000001,14:00:06,10.7600,102,2
2026-06-23,000001,14:00:09,10.7600,384,2
2026-06-23,000001,14:00:12,10.7700,122,1
2026-06-23,000001,14:00:15,10.7600,26,2
2026-06-23,000001,14:00:18,10.7700,139,1
2026-06-23,000001,14:00:21,10.7600,15,2
2026-06-23,000001,14:00:24,10.7700,99,1
2026-06-23,000001,14:00:27,10.7600,58,2
2026-06-23,000001,14:00:30,10.7600,21,2
2026-06-23,000001,14:00:33,10.7600,40,2
2026-06-23,000001,14:00:36,10.7500,522,2
2026-06-23,000001,14:00:39,10.7500,253,2
2026-06-23,000001,14:00:42,10.7500,35,2
2026-06-23,000001,14:00:45,10.7500,1510,2
2026-06-23,000001,14:00:48,10.7500,376,2
2026-06-23,000001,14:00:51,10.7500,213,2
2026-06-23,000001,14:00:54,10.7500,580,2
2026-06-23,000001,14:00:57,10.7500,96,2
2026-06-23,000001,14:01:00,10.7600,394,1
2026-06-23,000001,14:01:03,10.7600,40,1
2026-06-23,000001,14:01:06,10.7600,26,1
2026-06-23,000001,14:01:09,10.7500,298,2
2026-06-23,000001,14:01:12,10.7500,100,2
2026-06-23,000001,14:01:15,10.7600,32,1
2026-06-23,000001,14:01:18,10.7500,54,2
2026-06-23,000001,14:01:21,10.7500,77,2
2026-06-23,000001,14:01:24,10.7500,576,2
2026-06-23,000001,14:01:27,10.7500,225,2
2026-06-23,000001,14:01:30,10.7500,17,2
2026-06-23,000001,14:01:33,10.7500,89,2
2026-06-23,000001,14:01:36,10.7500,1,2
2026-06-23,000001,14:01:39,10.7500,240,2
2026-06-23,000001,14:01:42,10.7500,13,2
2026-06-23,000001,14:01:45,10.7500,41,2
2026-06-23,000001,14:01:48,10.7500,11,2
2026-06-23,000001,14:01:51,10.7500,263,2
2026-06-23,000001,14:01:54,10.7500,16,2
2026-06-23,000001,14:01:57,10.7500,32,2
2026-06-23,000001,14:02:00,10.7500,8,2
2026-06-23,000001,14:02:06,10.7500,8,2
2026-06-23,000001,14:02:09,10.7600,315,1
2026-06-23,000001,14:02:12,10.7500,63,2
2026-06-23,000001,14:02:15,10.7600,212,1
2026-06-23,000001,14:02:18,10.7600,1188,1
2026-06-23,000001,14:02:21,10.7500,73,2
2026-06-23,000001,14:02:24,10.7600,41,1
2026-06-23,000001,14:02:27,10.7500,19,2
2026-06-23,000001,14:02:30,10.7500,69,2
2026-06-23,000001,14:02:33,10.7600,50,1
2026-06-23,000001,14:02:36,10.7500,21,2
2026-06-23,000001,14:02:39,10.7500,36,2
2026-06-23,000001,14:02:42,10.7600,17,1
2026-06-23,000001,14:02:45,10.7500,28,2
2026-06-23,000001,14:02:48,10.7500,58,2
2026-06-23,000001,14:02:51,10.7600,28,1
2026-06-23,000001,14:02:54,10.7600,25,1
2026-06-23,000001,14:02:57,10.7500,60,2
2026-06-23,000001,14:03:00,10.7500,18,2
2026-06-23,000001,14:03:03,10.7500,153,2
2026-06-23,000001,14:03:06,10.7500,12,2
2026-06-23,000001,14:03:09,10.7500,102,2
2026-06-23,000001,14:03:12,10.7500,35,2
2026-06-23,000001,14:03:15,10.7600,72,1
2026-06-23,000001,14:03:18,10.7600,350,1
2026-06-23,000001,14:03:21,10.7500,27,2
2026-06-23,000001,14:03:27,10.7600,1,1
2026-06-23,000001,14:03:30,10.7600,21,1
2026-06-23,000001,14:03:36,10.7600,5,1
2026-06-23,000001,14:03:39,10.7600,88,1
2026-06-23,000001,14:03:51,10.7600,132,1
2026-06-23,000001,14:03:54,10.7600,326,1
2026-06-23,000001,14:03:57,10.7600,134,1
2026-06-23,000001,14:04:00,10.7500,100,2
2026-06-23,000001,14:04:03,10.7500,10,2
2026-06-23,000001,14:04:06,10.7600,45,1
2026-06-23,000001,14:04:09,10.7600,57,1
2026-06-23,000001,14:04:12,10.7500,47,2
2026-06-23,000001,14:04:15,10.7500,265,2
2026-06-23,000001,14:04:18,10.7600,71,1
2026-06-23,000001,14:04:21,10.7500,50,2
2026-06-23,000001,14:04:30,10.7500,463,2
2026-06-23,000001,14:04:33,10.7500,41,2
2026-06-23,000001,14:04:36,10.7500,17,2
2026-06-23,000001,14:04:39,10.7500,5,2
2026-06-23,000001,14:04:42,10.7500,35,2
2026-06-23,000001,14:04:48,10.7600,3,1
2026-06-23,000001,14:04:51,10.7500,6,2
2026-06-23,000001,14:04:54,10.7500,5,2
2026-06-23,000001,14:04:57,10.7500,17,2
2026-06-23,000001,14:05:00,10.7500,1,2
2026-06-23,000001,14:05:03,10.7500,34,2
2026-06-23,000001,14:05:09,10.7500,15,2
2026-06-23,000001,14:05:12,10.7500,84,2
2026-06-23,000001,14:05:15,10.7500,613,2
2026-06-23,000001,14:05:18,10.7500,377,2
2026-06-23,000001,14:05:21,10.7500,183,2
2026-06-23,000001,14:05:24,10.7500,91,1
2026-06-23,000001,14:05:27,10.7500,24,1
2026-06-23,000001,14:05:30,10.7500,52,1
2026-06-23,000001,14:05:33,10.7500,107,1
2026-06-23,000001,14:05:36,10.7500,3,1
2026-06-23,000001,14:05:39,10.7400,28,2
2026-06-23,000001,10:47:24,10.7700,138,2
2026-06-23,000001,10:47:27,10.7700,157,2
2026-06-23,000001,10:47:30,10.7800,8,1
2026-06-23,000001,10:47:33,10.7700,31,2
2026-06-23,000001,10:47:36,10.7800,125,1
2026-06-23,000001,10:47:39,10.7600,123,2
2026-06-23,000001,10:47:42,10.7800,114,1
2026-06-23,000001,10:47:45,10.7600,20,2
2026-06-23,000001,10:47:48,10.7600,48,2
2026-06-23,000001,10:47:51,10.7700,85,1
2026-06-23,000001,10:47:54,10.7600,61,2
2026-06-23,000001,10:47:57,10.7700,1909,1
2026-06-23,000001,10:48:00,10.7600,52,2
2026-06-23,000001,10:48:03,10.7700,54,1
2026-06-23,000001,10:48:06,10.7600,109,2
2026-06-23,000001,10:48:09,10.7600,92,2
2026-06-23,000001,10:48:12,10.7700,16,1
2026-06-23,000001,10:48:15,10.7600,197,2
2026-06-23,000001,10:48:18,10.7600,34,2
2026-06-23,000001,10:48:21,10.7700,13,1
2026-06-23,000001,10:48:24,10.7600,65,2
2026-06-23,000001,10:48:27,10.7700,167,1
2026-06-23,000001,10:48:30,10.7700,68,1
2026-06-23,000001,10:48:33,10.7700,266,1
2026-06-23,000001,10:48:36,10.7700,100,2
2026-06-23,000001,10:48:39,10.7700,73,2
2026-06-23,000001,10:48:42,10.7800,15,1
2026-06-23,000001,10:48:45,10.7700,79,2
2026-06-23,000001,10:48:48,10.7700,138,2
2026-06-23,000001,10:48:51,10.7700,146,2
2026-06-23,000001,10:48:54,10.7700,87,2
2026-06-23,000001,10:48:57,10.7800,134,1
2026-06-23,000001,10:49:00,10.7700,104,2
2026-06-23,000001,10:49:03,10.7700,33,2
2026-06-23,000001,10:49:06,10.7600,70,2
2026-06-23,000001,10:49:09,10.7700,20,2
2026-06-23,000001,10:49:15,10.7600,32,2
2026-06-23,000001,10:49:18,10.7700,32,2
2026-06-23,000001,10:49:21,10.7700,52,2
2026-06-23,000001,10:49:24,10.7700,38,2
2026-06-23,000001,10:49:27,10.7700,147,2
2026-06-23,000001,10:49:30,10.7700,38,2
2026-06-23,000001,10:49:33,10.7700,150,2
2026-06-23,000001,10:49:36,10.7600,203,2
2026-06-23,000001,10:49:39,10.7700,116,4
2026-06-23,000001,10:49:42,10.7600,28,2
2026-06-23,000001,10:49:45,10.7600,94,2
2026-06-23,000001,10:49:48,10.7800,5,1
2026-06-23,000001,10:49:51,10.7600,165,2
2026-06-23,000001,10:49:54,10.7600,325,2
2026-06-23,000001,10:49:57,10.7700,224,1
2026-06-23,000001,10:50:00,10.7700,343,1
2026-06-23,000001,10:50:03,10.7600,123,2
2026-06-23,000001,10:50:06,10.7700,36,1
2026-06-23,000001,10:50:09,10.7700,39,1
2026-06-23,000001,10:50:12,10.7700,101,1
2026-06-23,000001,10:50:15,10.7600,32,2
2026-06-23,000001,10:50:18,10.7600,18,2
2026-06-23,000001,10:50:21,10.7600,60,2
2026-06-23,000001,10:50:24,10.7700,112,1
2026-06-23,000001,10:50:27,10.7600,114,2
2026-06-23,000001,10:50:30,10.7700,31,1
2026-06-23,000001,10:50:33,10.7600,43,2
2026-06-23,000001,10:50:36,10.7600,15,2
2026-06-23,000001,10:50:39,10.7600,13,2
2026-06-23,000001,10:50:42,10.7700,17,1
2026-06-23,000001,10:50:45,10.7600,21,2
2026-06-23,000001,10:50:48,10.7700,95,1
2026-06-23,000001,10:50:51,10.7600,51,2
2026-06-23,000001,10:50:54,10.7600,57,2
2026-06-23,000001,10:50:57,10.7600,102,2
2026-06-23,000001,10:51:00,10.7600,195,2
2026-06-23,000001,10:51:03,10.7700,498,1
2026-06-23,000001,10:51:06,10.7600,509,2
2026-06-23,000001,10:51:09,10.7600,280,2
2026-06-23,000001,10:51:12,10.7600,45,1
2026-06-23,000001,10:51:15,10.7600,27,1
2026-06-23,000001,10:51:18,10.7500,316,2
2026-06-23,000001,10:51:21,10.7700,132,1
2026-06-23,000001,10:51:24,10.7700,51,1
2026-06-23,000001,10:51:27,10.7700,1,1
2026-06-23,000001,10:51:30,10.7600,16,2
2026-06-23,000001,10:51:33,10.7600,17,2
2026-06-23,000001,10:51:36,10.7600,131,2
2026-06-23,000001,10:51:39,10.7600,31,2
2026-06-23,000001,10:51:42,10.7600,149,2
2026-06-23,000001,10:51:45,10.7600,73,2
2026-06-23,000001,10:51:48,10.7700,79,1
2026-06-23,000001,10:51:51,10.7600,65,2
2026-06-23,000001,10:51:54,10.7600,132,2
2026-06-23,000001,10:51:57,10.7600,62,2
2026-06-23,000001,10:52:00,10.7700,24,1
2026-06-23,000001,10:52:03,10.7600,89,2
2026-06-23,000001,10:52:06,10.7700,1070,1
2026-06-23,000001,10:52:09,10.7700,81,1
2026-06-23,000001,10:52:12,10.7600,34,2
2026-06-23,000001,10:52:15,10.7600,600,2
2026-06-23,000001,10:52:18,10.7700,2,1
2026-06-23,000001,10:52:21,10.7600,10,2
2026-06-23,000001,10:52:27,10.7600,101,2
2026-06-23,000001,10:52:30,10.7700,137,1
2026-06-23,000001,10:52:33,10.7600,72,2
2026-06-23,000001,10:52:36,10.7600,48,2
2026-06-23,000001,10:52:39,10.7600,61,2
2026-06-23,000001,10:52:42,10.7600,275,2
2026-06-23,000001,10:52:45,10.7700,22,1
2026-06-23,000001,10:52:48,10.7600,60,2
2026-06-23,000001,10:52:51,10.7600,124,2
2026-06-23,000001,10:52:54,10.7600,19,2
2026-06-23,000001,10:52:57,10.7600,247,2
2026-06-23,000001,10:53:00,10.7600,368,2
2026-06-23,000001,10:53:03,10.7600,20,2
2026-06-23,000001,10:53:06,10.7600,96,2
2026-06-23,000001,10:53:09,10.7600,39,2
2026-06-23,000001,10:53:12,10.7500,182,2
2026-06-23,000001,10:53:15,10.7600,5,4
2026-06-23,000001,10:53:18,10.7600,206,2
2026-06-23,000001,10:53:21,10.7600,33,4
2026-06-23,000001,10:53:24,10.7500,214,2
2026-06-23,000001,10:53:27,10.7500,42,2
2026-06-23,000001,10:53:30,10.7500,60,2
2026-06-23,000001,10:53:33,10.7500,90,2
2026-06-23,000001,10:53:36,10.7500,56,2
2026-06-23,000001,10:53:39,10.7600,107,2
2026-06-23,000001,10:53:42,10.7600,47,2
2026-06-23,000001,10:53:45,10.7600,60,2
2026-06-23,000001,10:53:48,10.7600,3,2
2026-06-23,000001,10:53:51,10.7700,20,1
2026-06-23,000001,10:53:54,10.7700,28,1
2026-06-23,000001,10:54:00,10.7600,16,2
2026-06-23,000001,10:54:06,10.7700,12,1
2026-06-23,000001,10:54:09,10.7700,1,1
2026-06-23,000001,10:54:12,10.7700,41,1
2026-06-23,000001,10:54:15,10.7700,89,1
2026-06-23,000001,10:54:18,10.7700,85,1
2026-06-23,000001,10:54:21,10.7600,7,2
2026-06-23,000001,10:54:24,10.7600,71,2
2026-06-23,000001,10:54:27,10.7600,44,2
2026-06-23,000001,10:54:30,10.7600,145,2
2026-06-23,000001,10:54:33,10.7600,132,2
2026-06-23,000001,10:54:36,10.7600,52,2
2026-06-23,000001,10:54:39,10.7600,153,2
2026-06-23,000001,10:54:42,10.7600,47,2
2026-06-23,000001,10:54:45,10.7600,264,2
2026-06-23,000001,10:54:48,10.7600,60,1
2026-06-23,000001,10:54:51,10.7500,285,2
2026-06-23,000001,10:54:54,10.7600,44,1
2026-06-23,000001,10:54:57,10.7600,26,1
2026-06-23,000001,10:55:00,10.7500,47,2
2026-06-23,000001,10:55:03,10.7500,149,2
2026-06-23,000001,10:55:06,10.7500,17,2
2026-06-23,000001,10:55:09,10.7500,168,2
2026-06-23,000001,10:55:12,10.7600,1,1
2026-06-23,000001,10:55:15,10.7600,24,1
2026-06-23,000001,10:55:18,10.7600,25,1
2026-06-23,000001,10:55:21,10.7500,33,2
2026-06-23,000001,10:55:24,10.7600,37,1
2026-06-23,000001,10:55:27,10.7500,316,2
2026-06-23,000001,10:55:30,10.7600,232,1
2026-06-23,000001,10:55:33,10.7500,59,2
2026-06-23,000001,10:55:36,10.7500,36,2
2026-06-23,000001,10:55:39,10.7600,242,1
2026-06-23,000001,10:55:42,10.7500,93,2
2026-06-23,000001,10:55:45,10.7600,202,1
2026-06-23,000001,10:55:48,10.7500,26,2
2026-06-23,000001,10:55:51,10.7400,13,2
2026-06-23,000001,10:55:54,10.7500,174,2
2026-06-23,000001,10:55:57,10.7500,29,4
2026-06-23,000001,10:56:00,10.7400,49,2
2026-06-23,000001,10:56:03,10.7500,42,2
2026-06-23,000001,10:56:06,10.7500,59,2
2026-06-23,000001,10:56:09,10.7500,16,2
2026-06-23,000001,10:56:12,10.7500,19,2
2026-06-23,000001,10:56:15,10.7500,117,2
2026-06-23,000001,10:56:18,10.7600,137,1
2026-06-23,000001,10:56:21,10.7500,34,2
2026-06-23,000001,10:56:24,10.7600,5,1
2026-06-23,000001,10:56:27,10.7500,114,2
2026-06-23,000001,10:56:30,10.7600,130,1
2026-06-23,000001,10:56:33,10.7400,163,2
2026-06-23,000001,10:56:36,10.7400,116,2
2026-06-23,000001,10:56:39,10.7600,146,1
2026-06-23,000001,10:56:42,10.7500,24,2
2026-06-23,000001,10:56:45,10.7500,106,2
2026-06-23,000001,10:56:48,10.7400,52,2
2026-06-23,000001,10:56:51,10.7600,83,1
2026-06-23,000001,10:56:54,10.7500,100,4
2026-06-23,000001,10:56:57,10.7500,19,1
2026-06-23,000001,10:57:00,10.7500,10,2
2026-06-23,000001,10:57:03,10.7500,115,2
2026-06-23,000001,10:57:06,10.7400,66,2
2026-06-23,000001,10:57:09,10.7400,16,2
2026-06-23,000001,10:57:12,10.7400,31,2
2026-06-23,000001,10:57:18,10.7600,4,1
2026-06-23,000001,10:57:21,10.7500,27,2
2026-06-23,000001,10:57:24,10.7500,1,2
2026-06-23,000001,10:57:27,10.7500,133,2
2026-06-23,000001,10:57:30,10.7600,143,1
2026-06-23,000001,10:57:33,10.7400,109,2
2026-06-23,000001,10:57:36,10.7400,22,2
2026-06-23,000001,10:57:39,10.7500,159,2
2026-06-23,000001,10:57:42,10.7500,36,2
2026-06-23,000001,10:57:45,10.7500,101,2
2026-06-23,000001,10:57:48,10.7500,49,2
2026-06-23,000001,10:57:51,10.7600,24,1
2026-06-23,000001,10:57:54,10.7600,1511,1
2026-06-23,000001,10:57:57,10.7700,1,1
2026-06-23,000001,10:58:00,10.7600,69,2
2026-06-23,000001,10:58:03,10.7700,119,1
2026-06-23,000001,10:58:06,10.7600,32,2
2026-06-23,000001,10:58:09,10.7600,21,2
2026-06-23,000001,10:58:12,10.7600,72,2
2026-06-23,000001,10:58:15,10.7600,17,2
2026-06-23,000001,10:58:18,10.7600,145,2
2026-06-23,000001,10:58:21,10.7600,36,2
2026-06-23,000001,10:58:24,10.7600,185,2
2026-06-23,000001,10:58:27,10.7700,70,1
2026-06-23,000001,10:58:30,10.7700,24,1
2026-06-23,000001,10:58:33,10.7700,5,1
2026-06-23,000001,10:58:36,10.7600,76,2
2026-06-23,000001,10:58:39,10.7600,17,2
2026-06-23,000001,10:58:42,10.7600,509,2
2026-06-23,000001,10:58:45,10.7600,22,2
2026-06-23,000001,10:58:48,10.7600,37,2
2026-06-23,000001,10:58:51,10.7600,98,2
2026-06-23,000001,10:58:54,10.7600,135,2
2026-06-23,000001,10:58:57,10.7500,140,2
2026-06-23,000001,10:59:00,10.7600,85,4
2026-06-23,000001,10:59:03,10.7600,140,2
2026-06-23,000001,10:59:06,10.7500,45,2
2026-06-23,000001,10:59:09,10.7500,66,2
2026-06-23,000001,10:59:12,10.7500,56,2
2026-06-23,000001,10:59:15,10.7500,60,2
2026-06-23,000001,10:59:18,10.7700,58,1
2026-06-23,000001,10:59:21,10.7600,71,1
2026-06-23,000001,10:59:24,10.7500,33,2
2026-06-23,000001,10:59:27,10.7500,49,2
2026-06-23,000001,10:59:30,10.7500,176,2
2026-06-23,000001,10:59:33,10.7500,54,2
2026-06-23,000001,10:59:36,10.7600,16,1
2026-06-23,000001,10:59:39,10.7600,72,4
2026-06-23,000001,10:59:42,10.7500,60,2
2026-06-23,000001,10:59:45,10.7500,96,2
2026-06-23,000001,10:59:48,10.7500,1,2
2026-06-23,000001,10:59:54,10.7500,23,2
2026-06-23,000001,10:59:57,10.7500,57,2
2026-06-23,000001,11:00:00,10.7600,19,4
2026-06-23,000001,11:00:03,10.7500,140,2
2026-06-23,000001,11:00:06,10.7500,42,2
2026-06-23,000001,11:00:09,10.7600,48,4
2026-06-23,000001,11:00:12,10.7500,91,2
2026-06-23,000001,11:00:15,10.7600,191,4
2026-06-23,000001,11:00:18,10.7500,387,2
2026-06-23,000001,11:00:21,10.7500,110,2
2026-06-23,000001,11:00:24,10.7500,62,2
2026-06-23,000001,11:00:27,10.7500,112,2
2026-06-23,000001,11:00:30,10.7500,224,2
2026-06-23,000001,11:00:33,10.7500,154,2
2026-06-23,000001,11:00:36,10.7500,250,2
2026-06-23,000001,11:00:39,10.7500,376,2
2026-06-23,000001,11:00:42,10.7400,67,2
2026-06-23,000001,11:00:45,10.7500,71,4
2026-06-23,000001,11:00:48,10.7500,57,1
2026-06-23,000001,11:00:51,10.7500,19,2
2026-06-23,000001,11:00:54,10.7500,31,2
2026-06-23,000001,11:00:57,10.7500,82,2
2026-06-23,000001,11:01:00,10.7600,33,1
2026-06-23,000001,11:01:03,10.7400,295,2
2026-06-23,000001,11:01:06,10.7500,1190,4
2026-06-23,000001,11:01:09,10.7600,69,1
2026-06-23,000001,11:01:12,10.7400,107,2
2026-06-23,000001,11:01:15,10.7500,166,4
2026-06-23,000001,11:01:18,10.7400,200,2
2026-06-23,000001,11:01:21,10.7400,112,2
2026-06-23,000001,11:01:24,10.7400,36,2
2026-06-23,000001,11:01:27,10.7600,116,1
2026-06-23,000001,11:01:30,10.7500,10,2
2026-06-23,000001,11:01:36,10.7500,29,2
2026-06-23,000001,11:01:39,10.7600,25,1
2026-06-23,000001,11:01:42,10.7500,23,2
2026-06-23,000001,11:01:45,10.7700,428,1
2026-06-23,000001,11:01:48,10.7600,16,2
2026-06-23,000001,11:01:51,10.7600,54,2
2026-06-23,000001,11:01:54,10.7600,32,2
2026-06-23,000001,11:01:57,10.7700,176,1
2026-06-23,000001,11:02:00,10.7600,26,2
2026-06-23,000001,11:02:03,10.7600,60,2
2026-06-23,000001,11:02:06,10.7700,26,1
2026-06-23,000001,11:02:12,10.7600,48,2
2026-06-23,000001,11:02:15,10.7600,35,2
2026-06-23,000001,11:02:18,10.7600,67,2
2026-06-23,000001,11:02:21,10.7700,12,1
2026-06-23,000001,11:02:24,10.7600,227,2
2026-06-23,000001,11:02:27,10.7600,140,2
2026-06-23,000001,11:02:30,10.7600,69,2
2026-06-23,000001,11:02:33,10.7600,29,2
2026-06-23,000001,11:02:36,10.7600,37,2
2026-06-23,000001,11:02:39,10.7600,93,2
2026-06-23,000001,11:02:45,10.7600,34,2
2026-06-23,000001,11:02:48,10.7700,11,1
2026-06-23,000001,11:02:51,10.7600,33,2
2026-06-23,000001,11:02:54,10.7600,22,2
2026-06-23,000001,11:02:57,10.7600,3,2
2026-06-23,000001,11:03:00,10.7600,490,2
2026-06-23,000001,11:03:03,10.7500,102,2
2026-06-23,000001,11:03:06,10.7600,87,1
2026-06-23,000001,11:03:09,10.7500,78,2
2026-06-23,000001,11:03:12,10.7500,31,2
2026-06-23,000001,11:03:15,10.7500,467,2
2026-06-23,000001,11:03:18,10.7500,28,2
2026-06-23,000001,11:03:21,10.7600,22,1
2026-06-23,000001,11:03:24,10.7500,26,2
2026-06-23,000001,11:03:27,10.7500,104,2
2026-06-23,000001,11:03:30,10.7600,17,1
2026-06-23,000001,11:03:36,10.7500,3,2
2026-06-23,000001,11:03:39,10.7600,219,1
2026-06-23,000001,11:03:42,10.7600,7,1
2026-06-23,000001,11:03:45,10.7600,18,1
2026-06-23,000001,11:03:48,10.7600,35,1
2026-06-23,000001,11:03:51,10.7500,66,2
2026-06-23,000001,11:03:54,10.7600,47,1
2026-06-23,000001,11:03:57,10.7500,25,2
2026-06-23,000001,11:04:00,10.7500,128,2
2026-06-23,000001,11:04:03,10.7600,53,1
2026-06-23,000001,11:04:06,10.7600,20,1
2026-06-23,000001,11:04:09,10.7600,872,1
2026-06-23,000001,11:04:12,10.7600,53,1
2026-06-23,000001,11:04:15,10.7500,27,2
2026-06-23,000001,11:04:18,10.7500,16,2
2026-06-23,000001,11:04:21,10.7600,106,1
2026-06-23,000001,11:04:24,10.7500,151,2
2026-06-23,000001,11:04:27,10.7500,191,2
2026-06-23,000001,11:04:30,10.7500,340,2
2026-06-23,000001,11:04:33,10.7500,46,1
2026-06-23,000001,11:04:36,10.7400,84,2
2026-06-23,000001,11:04:39,10.7500,25,1
2026-06-23,000001,11:04:42,10.7500,163,1
2026-06-23,000001,11:04:45,10.7500,2,1
2026-06-23,000001,11:04:48,10.7400,60,2
2026-06-23,000001,11:04:51,10.7500,23,1
2026-06-23,000001,11:04:54,10.7400,50,2
2026-06-23,000001,11:04:57,10.7400,200,2
2026-06-23,000001,11:05:00,10.7400,116,2
2026-06-23,000001,11:05:03,10.7400,72,2
2026-06-23,000001,11:05:06,10.7400,35,2
2026-06-23,000001,11:05:09,10.7400,169,2
2026-06-23,000001,11:05:12,10.7400,5,2
2026-06-23,000001,11:05:15,10.7500,16,1
2026-06-23,000001,11:05:18,10.7400,98,2
2026-06-23,000001,11:05:24,10.7400,81,2
2026-06-23,000001,11:05:27,10.7400,167,2
2026-06-23,000001,11:05:30,10.7400,64,2
2026-06-23,000001,11:05:33,10.7400,7,2
2026-06-23,000001,11:05:36,10.7400,51,2
2026-06-23,000001,11:05:39,10.7400,32,2
2026-06-23,000001,11:05:42,10.7400,38,2
2026-06-23,000001,11:05:45,10.7400,35,2
2026-06-23,000001,11:05:48,10.7400,52,2
2026-06-23,000001,11:05:51,10.7400,50,2
2026-06-23,000001,11:05:54,10.7400,48,2
2026-06-23,000001,11:05:57,10.7400,47,2
2026-06-23,000001,11:06:00,10.7400,49,2
2026-06-23,000001,11:06:03,10.7400,29,2
2026-06-23,000001,11:06:06,10.7400,10,2
2026-06-23,000001,11:06:09,10.7400,16,2
2026-06-23,000001,11:06:12,10.7400,9,2
2026-06-23,000001,11:06:15,10.7500,18,1
2026-06-23,000001,11:06:18,10.7500,63,1
2026-06-23,000001,11:06:21,10.7400,18,2
2026-06-23,000001,11:06:24,10.7500,87,1
2026-06-23,000001,11:06:27,10.7400,43,2
2026-06-23,000001,11:06:30,10.7400,117,2
2026-06-23,000001,11:06:33,10.7400,613,2
2026-06-23,000001,11:06:36,10.7400,857,2
2026-06-23,000001,11:06:39,10.7300,201,2
2026-06-23,000001,11:06:42,10.7400,239,1
2026-06-23,000001,11:06:45,10.7400,126,4
2026-06-23,000001,11:06:48,10.7300,80,2
2026-06-23,000001,11:06:51,10.7400,24,4
2026-06-23,000001,11:06:54,10.7300,48,2
2026-06-23,000001,11:06:57,10.7300,33,2
2026-06-23,000001,11:07:00,10.7300,107,2
2026-06-23,000001,11:07:03,10.7300,184,2
2026-06-23,000001,11:07:06,10.7400,37,1
2026-06-23,000001,11:07:12,10.7400,42,1
2026-06-23,000001,11:07:15,10.7300,15,2
2026-06-23,000001,11:07:18,10.7300,40,2
2026-06-23,000001,11:07:21,10.7300,48,2
2026-06-23,000001,11:07:24,10.7300,120,2
2026-06-23,000001,11:07:27,10.7400,40,1
2026-06-23,000001,11:07:30,10.7400,179,1
2026-06-23,000001,11:07:33,10.7400,31,1
2026-06-23,000001,11:07:36,10.7400,22,1
2026-06-23,000001,11:07:39,10.7400,87,1
2026-06-23,000001,11:07:42,10.7300,32,2
2026-06-23,000001,11:07:45,10.7300,147,2
2026-06-23,000001,11:07:48,10.7400,156,1
2026-06-23,000001,11:07:51,10.7300,72,2
2026-06-23,000001,11:07:54,10.7300,66,2
2026-06-23,000001,11:07:57,10.7300,120,2
2026-06-23,000001,11:08:00,10.7300,372,2
2026-06-23,000001,11:08:03,10.7300,242,2
2026-06-23,000001,11:08:06,10.7300,298,2
2026-06-23,000001,11:08:09,10.7300,20,2
2026-06-23,000001,11:08:12,10.7300,48,2
2026-06-23,000001,11:08:15,10.7400,16,1
2026-06-23,000001,11:08:18,10.7300,28,2
2026-06-23,000001,11:08:21,10.7300,20,2
2026-06-23,000001,11:08:24,10.7300,445,2
2026-06-23,000001,11:08:27,10.7300,1923,2
2026-06-23,000001,11:08:30,10.7300,1100,2
2026-06-23,000001,11:08:33,10.7300,155,2
2026-06-23,000001,11:08:36,10.7300,50,2
2026-06-23,000001,11:08:39,10.7400,617,1
2026-06-23,000001,11:08:45,10.7300,40,2
2026-06-23,000001,11:08:48,10.7300,33,2
2026-06-23,000001,11:08:51,10.7400,86,1
2026-06-23,000001,11:08:54,10.7300,131,4
2026-06-23,000001,11:08:57,10.7400,225,1
2026-06-23,000001,11:09:00,10.7200,33,2
2026-06-23,000001,11:09:03,10.7300,7,2
2026-06-23,000001,11:09:06,10.7300,25,2
2026-06-23,000001,11:09:09,10.7300,60,2
