date,code,time,price,volume,bs
2026-01-07,000001,14:05:30,11.6700,63,2
2026-01-07,000001,14:05:33,11.6700,10,2
2026-01-07,000001,14:05:36,11.6700,51,2
2026-01-07,000001,14:05:42,11.6800,32,1
2026-01-07,000001,14:05:54,11.6800,1,1
2026-01-07,000001,14:05:57,11.6700,49,2
2026-01-07,000001,14:06:00,11.6800,16,1
2026-01-07,000001,14:06:03,11.6700,560,2
2026-01-07,000001,14:06:06,11.6700,168,2
2026-01-07,000001,14:06:09,11.6700,53,2
2026-01-07,000001,14:06:12,11.6700,11,2
2026-01-07,000001,14:06:15,11.6700,34,2
2026-01-07,000001,14:06:18,11.6800,11,1
2026-01-07,000001,14:06:24,11.6800,24,1
2026-01-07,000001,14:06:30,11.6800,13,1
2026-01-07,000001,14:06:33,11.6800,8,1
2026-01-07,000001,14:06:36,11.6800,3,1
2026-01-07,000001,14:06:39,11.6700,69,2
2026-01-07,000001,14:06:42,11.6700,61,2
2026-01-07,000001,14:06:45,11.6700,321,2
2026-01-07,000001,14:06:48,11.6700,26,2
2026-01-07,000001,14:06:54,11.6800,14,1
2026-01-07,000001,14:06:57,11.6700,29,2
2026-01-07,000001,14:07:03,11.6800,12,1
2026-01-07,000001,14:07:06,11.6700,2,2
2026-01-07,000001,14:07:09,11.6700,14,2
2026-01-07,000001,14:07:12,11.6700,301,2
2026-01-07,000001,14:07:15,11.6800,18,1
2026-01-07,000001,14:07:18,11.6800,5,1
2026-01-07,000001,14:07:21,11.6700,10,2
2026-01-07,000001,14:07:24,11.6700,22,2
2026-01-07,000001,14:07:27,11.6700,38,2
2026-01-07,000001,14:07:30,11.6700,567,2
2026-01-07,000001,14:07:33,11.6700,385,2
2026-01-07,000001,14:07:36,11.6800,17,1
2026-01-07,000001,14:07:39,11.6700,2020,2
2026-01-07,000001,14:07:42,11.6800,243,1
2026-01-07,000001,14:07:45,11.6700,54,2
2026-01-07,000001,14:07:48,11.6800,87,1
2026-01-07,000001,14:07:51,11.6700,52,2
2026-01-07,000001,14:07:54,11.6700,24,2
2026-01-07,000001,14:07:57,11.6800,41,1
2026-01-07,000001,14:08:00,11.6700,19,2
2026-01-07,000001,14:08:03,11.6700,25,2
2026-01-07,000001,14:08:06,11.6700,42,2
2026-01-07,000001,14:08:09,11.6700,68,2
2026-01-07,000001,14:08:12,11.6700,165,2
2026-01-07,000001,14:08:15,11.6600,73,2
2026-01-07,000001,14:08:21,11.6600,58,2
2026-01-07,000001,14:08:24,11.6700,243,1
2026-01-07,000001,14:08:27,11.6700,36,1
2026-01-07,000001,14:08:30,11.6700,109,1
2026-01-07,000001,14:08:33,11.6700,82,1
2026-01-07,000001,14:08:36,11.6700,88,1
2026-01-07,000001,14:08:39,11.6700,22,1
2026-01-07,000001,14:08:42,11.6700,53,1
2026-01-07,000001,14:08:45,11.6700,56,4
2026-01-07,000001,14:08:48,11.6700,38,1
2026-01-07,000001,14:08:51,11.6600,526,2
2026-01-07,000001,14:08:54,11.6700,82,1
2026-01-07,000001,14:08:57,11.6800,63,1
2026-01-07,000001,14:09:00,11.6700,46,4
2026-01-07,000001,14:09:03,11.6800,83,1
2026-01-07,000001,14:09:06,11.6700,83,2
2026-01-07,000001,14:09:09,11.6700,19,2
2026-01-07,000001,14:09:12,11.6600,54,2
2026-01-07,000001,14:09:15,11.6600,53,2
2026-01-07,000001,14:09:18,11.6800,62,1
2026-01-07,000001,14:09:24,11.6800,11,1
2026-01-07,000001,14:09:27,11.6700,47,2
2026-01-07,000001,14:09:30,11.6700,2,2
2026-01-07,000001,14:09:33,11.6700,140,2
2026-01-07,000001,14:09:36,11.6800,53,1
2026-01-07,000001,14:09:39,11.6700,61,2
2026-01-07,000001,14:09:42,11.6700,233,1
2026-01-07,000001,14:09:45,11.6700,30,1
2026-01-07,000001,14:09:48,11.6700,32,1
2026-01-07,000001,14:09:51,11.6700,140,1
2026-01-07,000001,14:09:54,11.6600,100,2
2026-01-07,000001,14:09:57,11.6600,48,2
2026-01-07,000001,14:10:00,11.6700,1,1
2026-01-07,000001,14:10:03,11.6700,2081,1
2026-01-07,000001,14:10:06,11.6600,176,2
2026-01-07,000001,14:10:09,11.6600,18,2
2026-01-07,000001,14:10:12,11.6700,27,1
2026-01-07,000001,14:10:15,11.6700,59,1
2026-01-07,000001,14:10:18,11.6700,54,1
2026-01-07,000001,14:10:21,11.6700,26,1
2026-01-07,000001,14:10:24,11.6700,3,1
2026-01-07,000001,14:10:27,11.6700,2,1
2026-01-07,000001,14:10:30,11.6700,9,1
2026-01-07,000001,14:10:33,11.6700,77,1
2026-01-07,000001,14:10:36,11.6700,9,1
2026-01-07,000001,14:10:39,11.6700,1,1
2026-01-07,000001,14:10:42,11.6700,24,1
2026-01-07,000001,14:10:45,11.6600,32,2
2026-01-07,000001,14:10:48,11.6700,25,1
2026-01-07,000001,14:10:51,11.6700,25,1
2026-01-07,000001,14:10:54,11.6600,82,2
2026-01-07,000001,14:10:57,11.6700,1,1
2026-01-07,000001,14:11:00,11.6600,9,2
2026-01-07,000001,14:11:03,11.6700,67,1
2026-01-07,000001,14:11:06,11.6600,30,2
2026-01-07,000001,14:11:09,11.6700,143,1
2026-01-07,000001,14:11:12,11.6700,11,1
2026-01-07,000001,14:11:15,11.6700,29,1
2026-01-07,000001,14:11:18,11.6700,13,1
2026-01-07,000001,14:11:21,11.6600,11,2
2026-01-07,000001,14:11:24,11.6600,20,2
2026-01-07,000001,14:11:27,11.6600,56,2
2026-01-07,000001,14:11:30,11.6700,133,1
2026-01-07,000001,14:11:33,11.6600,151,2
2026-01-07,000001,14:11:36,11.6700,67,1
2026-01-07,000001,14:11:39,11.6600,71,2
2026-01-07,000001,14:11:42,11.6700,15,1
2026-01-07,000001,14:11:45,11.6700,5,1
2026-01-07,000001,14:11:48,11.6700,3280,1
2026-01-07,000001,14:11:51,11.6700,364,2
2026-01-07,000001,14:11:54,11.6700,34,2
2026-01-07,000001,14:11:57,11.6800,27,1
2026-01-07,000001,14:12:00,11.6700,191,4
2026-01-07,000001,14:12:03,11.6700,108,1
2026-01-07,000001,14:12:06,11.6800,58,1
2026-01-07,000001,14:12:09,11.6700,87,2
2026-01-07,000001,14:12:12,11.6700,29,2
2026-01-07,000001,14:12:15,11.6700,30,2
2026-01-07,000001,14:12:18,11.6700,23,2
2026-01-07,000001,14:12:21,11.6700,19,2
2026-01-07,000001,14:12:24,11.6700,8,2
2026-01-07,000001,14:12:27,11.6700,46,2
2026-01-07,000001,14:12:30,11.6700,6,2
2026-01-07,000001,14:12:33,11.6800,24,1
2026-01-07,000001,14:12:36,11.6700,93,2
2026-01-07,000001,14:12:39,11.6700,2,2
2026-01-07,000001,14:12:42,11.6800,41,1
2026-01-07,000001,14:12:45,11.6700,60,2
2026-01-07,000001,14:12:48,11.6700,5,2
2026-01-07,000001,14:12:54,11.6700,100,2
2026-01-07,000001,14:12:57,11.6700,19,2
2026-01-07,000001,14:13:00,11.6700,16,2
2026-01-07,000001,14:13:03,11.6700,6,2
2026-01-07,000001,14:13:06,11.6700,44,2
2026-01-07,000001,14:13:09,11.6700,16,2
2026-01-07,000001,14:13:12,11.6800,22,1
2026-01-07,000001,14:13:15,11.6800,6,1
2026-01-07,000001,14:13:18,11.6800,178,1
2026-01-07,000001,14:13:21,11.6700,60,2
2026-01-07,000001,14:13:24,11.6700,87,2
2026-01-07,000001,14:13:27,11.6800,15,1
2026-01-07,000001,14:13:30,11.6700,67,2
2026-01-07,000001,14:13:36,11.6700,22,2
2026-01-07,000001,14:13:39,11.6700,71,2
2026-01-07,000001,14:13:42,11.6800,2,1
2026-01-07,000001,14:13:45,11.6700,1,2
2026-01-07,000001,14:13:48,11.6800,49,1
2026-01-07,000001,14:13:51,11.6700,3,2
2026-01-07,000001,14:13:54,11.6700,33,2
2026-01-07,000001,14:14:00,11.6700,21,2
2026-01-07,000001,14:14:03,11.6800,10,1
2026-01-07,000001,14:14:06,11.6800,55,1
2026-01-07,000001,14:14:09,11.6700,13,2
2026-01-07,000001,14:14:12,11.6700,10,2
2026-01-07,000001,14:14:15,11.6700,40,2
2026-01-07,000001,14:14:18,11.6800,2,1
2026-01-07,000001,14:14:21,11.6800,2,1
2026-01-07,000001,14:14:27,11.6700,4,2
2026-01-07,000001,14:14:30,11.6700,19,2
2026-01-07,000001,14:14:33,11.6700,31,2
2026-01-07,000001,14:14:36,11.6700,2088,2
2026-01-07,000001,14:14:39,11.6700,466,2
2026-01-07,000001,14:14:42,11.6700,38,1
2026-01-07,000001,14:14:45,11.6700,94,2
2026-01-07,000001,14:14:48,11.6700,73,1
2026-01-07,000001,14:14:51,11.6700,270,1
2026-01-07,000001,14:14:54,11.6700,24,2
2026-01-07,000001,14:14:57,11.6700,59,2
2026-01-07,000001,14:15:00,11.6800,8,1
2026-01-07,000001,14:15:03,11.6800,1,1
2026-01-07,000001,14:15:06,11.6700,27,2
2026-01-07,000001,14:15:09,11.6700,15,2
2026-01-07,000001,14:15:12,11.6700,27,2
2026-01-07,000001,14:15:21,11.6700,4,2
2026-01-07,000001,14:15:27,11.6800,5,1
2026-01-07,000001,14:15:30,11.6700,1,2
2026-01-07,000001,14:15:33,11.6700,170,2
2026-01-07,000001,14:15:36,11.6800,23,1
2026-01-07,000001,14:15:39,11.6700,13,2
2026-01-07,000001,14:15:42,11.6700,20,2
2026-01-07,000001,14:15:45,11.6700,14,2
2026-01-07,000001,14:15:48,11.6700,16,2
2026-01-07,000001,14:15:51,11.6800,54,1
2026-01-07,000001,14:15:54,11.6700,298,2
2026-01-07,000001,14:15:57,11.6700,65,2
2026-01-07,000001,14:16:00,11.6700,103,2
2026-01-07,000001,14:16:03,11.6700,72,2
2026-01-07,000001,14:16:06,11.6700,188,2
2026-01-07,000001,14:16:09,11.6700,241,2
2026-01-07,000001,14:16:12,11.6700,200,2
2026-01-07,000001,14:16:15,11.6700,62,2
2026-01-07,000001,14:16:18,11.6700,76,2
2026-01-07,000001,14:16:21,11.6800,93,1
2026-01-07,000001,14:16:24,11.6700,1,2
2026-01-07,000001,14:16:27,11.6800,48,1
2026-01-07,000001,14:16:33,11.6800,203,1
2026-01-07,000001,14:16:36,11.6700,85,2
2026-01-07,000001,14:16:39,11.6700,129,2
2026-01-07,000001,14:16:42,11.6700,28,2
2026-01-07,000001,14:16:45,11.6700,45,2
2026-01-07,000001,14:16:48,11.6800,28,1
2026-01-07,000001,14:16:51,11.6700,25,2
2026-01-07,000001,14:16:54,11.6800,138,1
2026-01-07,000001,14:16:57,11.6800,30,1
2026-01-07,000001,14:17:00,11.6800,118,1
2026-01-07,000001,14:17:03,11.6700,11,2
2026-01-07,000001,14:17:06,11.6700,4,2
2026-01-07,000001,14:17:09,11.6700,38,2
2026-01-07,000001,14:17:12,11.6700,91,2
2026-01-07,000001,14:17:15,11.6700,908,2
2026-01-07,000001,14:17:18,11.6700,77,1
2026-01-07,000001,14:17:21,11.6700,28,1
2026-01-07,000001,14:17:24,11.6700,108,1
2026-01-07,000001,14:17:27,11.6700,238,1
2026-01-07,000001,14:17:30,11.6700,139,1
2026-01-07,000001,14:17:33,11.6700,84,1
2026-01-07,000001,14:17:36,11.6700,146,1
2026-01-07,000001,14:17:39,11.6700,38,1
2026-01-07,000001,14:17:42,11.6700,37,1
2026-01-07,000001,14:17:45,11.6700,12,1
2026-01-07,000001,14:17:48,11.6700,70,1
2026-01-07,000001,14:17:51,11.6700,59,1
2026-01-07,000001,14:17:54,11.6700,272,1
2026-01-07,000001,14:17:57,11.6600,7,2
2026-01-07,000001,14:18:00,11.6700,48,1
2026-01-07,000001,14:18:03,11.6700,450,1
2026-01-07,000001,14:18:06,11.6700,263,1
2026-01-07,000001,14:18:09,11.6700,136,1
2026-01-07,000001,14:18:12,11.6700,94,1
2026-01-07,000001,14:18:15,11.6700,275,1
2026-01-07,000001,14:18:18,11.6700,8,1
2026-01-07,000001,14:18:21,11.6700,93,1
2026-01-07,000001,14:18:24,11.6600,1,2
2026-01-07,000001,14:18:27,11.6700,130,1
2026-01-07,000001,14:18:30,11.6600,34,2
2026-01-07,000001,14:18:33,11.6700,10,1
2026-01-07,000001,14:18:36,11.6600,55,2
2026-01-07,000001,14:18:39,11.6700,23,1
2026-01-07,000001,14:18:42,11.6600,58,2
2026-01-07,000001,14:18:45,11.6600,75,2
2026-01-07,000001,14:18:48,11.6600,14,2
2026-01-07,000001,14:18:51,11.6700,26,1
2026-01-07,000001,14:18:54,11.6700,18,1
2026-01-07,000001,14:18:57,11.6700,3,1
2026-01-07,000001,14:19:00,11.6700,31,1
2026-01-07,000001,14:19:03,11.6600,26,2
2026-01-07,000001,14:19:06,11.6600,9,2
2026-01-07,000001,14:19:09,11.6700,73,1
2026-01-07,000001,14:19:12,11.6700,163,1
2026-01-07,000001,14:19:15,11.6700,49,1
2026-01-07,000001,14:19:18,11.6700,91,1
2026-01-07,000001,14:19:21,11.6700,62,1
2026-01-07,000001,14:19:24,11.6700,9,1
2026-01-07,000001,14:19:27,11.6600,32,2
2026-01-07,000001,14:19:30,11.6600,21,2
2026-01-07,000001,14:19:33,11.6600,39,2
2026-01-07,000001,14:19:36,11.6700,32,1
2026-01-07,000001,14:19:39,11.6600,70,2
2026-01-07,000001,14:19:42,11.6600,60,2
2026-01-07,000001,14:19:45,11.6600,180,2
2026-01-07,000001,14:19:48,11.6600,2,2
2026-01-07,000001,14:19:51,11.6600,82,2
2026-01-07,000001,14:19:54,11.6600,29,2
2026-01-07,000001,14:19:57,11.6600,88,2
2026-01-07,000001,14:20:00,11.6600,62,2
2026-01-07,000001,14:20:03,11.6600,22,2
2026-01-07,000001,14:20:06,11.6600,5,2
2026-01-07,000001,14:20:09,11.6700,52,1
2026-01-07,000001,14:20:12,11.6600,89,2
2026-01-07,000001,14:20:15,11.6600,42,2
2026-01-07,000001,14:20:18,11.6600,139,2
2026-01-07,000001,14:20:21,11.6600,6,2
2026-01-07,000001,14:20:24,11.6600,3,2
2026-01-07,000001,14:20:27,11.6600,100,2
2026-01-07,000001,14:20:30,11.6600,9,2
2026-01-07,000001,14:20:33,11.6700,1,1
2026-01-07,000001,14:20:36,11.6600,97,2
2026-01-07,000001,14:20:39,11.6600,108,2
2026-01-07,000001,14:20:42,11.6600,18,2
2026-01-07,000001,14:20:45,11.6600,187,2
2026-01-07,000001,14:20:48,11.6600,13,2
2026-01-07,000001,14:20:51,11.6700,6,1
2026-01-07,000001,14:20:54,11.6700,27,1
2026-01-07,000001,14:20:57,11.6600,12,2
2026-01-07,000001,14:21:00,11.6600,1,2
2026-01-07,000001,14:21:03,11.6600,2,2
2026-01-07,000001,14:21:06,11.6600,30,2
2026-01-07,000001,14:21:09,11.6600,17,2
2026-01-07,000001,14:21:12,11.6700,20,1
2026-01-07,000001,14:21:15,11.6700,24,1
2026-01-07,000001,14:21:18,11.6700,1,1
2026-01-07,000001,14:21:24,11.6700,58,1
2026-01-07,000001,14:21:27,11.6700,6,1
2026-01-07,000001,14:21:30,11.6600,29,2
2026-01-07,000001,14:21:33,11.6600,8,2
2026-01-07,000001,14:21:36,11.6600,22,2
2026-01-07,000001,14:21:42,11.6700,56,1
2026-01-07,000001,14:21:45,11.6600,10,2
2026-01-07,000001,14:21:51,11.6600,4,2
2026-01-07,000001,14:21:54,11.6600,29,2
2026-01-07,000001,14:21:57,11.6600,152,2
2026-01-07,000001,14:22:00,11.6700,50,1
2026-01-07,000001,14:22:03,11.6600,149,2
2026-01-07,000001,14:22:06,11.6700,29,1
2026-01-07,000001,14:22:09,11.6700,20,1
2026-01-07,000001,14:22:12,11.6600,11,2
2026-01-07,000001,14:22:15,11.6600,11,2
2026-01-07,000001,14:22:18,11.6600,47,2
2026-01-07,000001,14:22:21,11.6600,32,2
2026-01-07,000001,14:22:24,11.6600,8,2
2026-01-07,000001,14:22:27,11.6700,51,1
2026-01-07,000001,14:22:30,11.6700,5,1
2026-01-07,000001,14:22:33,11.6700,16,1
2026-01-07,000001,14:22:36,11.6700,132,1
2026-01-07,000001,14:22:39,11.6700,64,1
2026-01-07,000001,14:22:42,11.6700,53,1
2026-01-07,000001,14:22:45,11.6600,48,2
2026-01-07,000001,14:22:48,11.6600,55,2
2026-01-07,000001,14:22:51,11.6700,19,1
2026-01-07,000001,14:22:54,11.6600,210,2
2026-01-07,000001,14:22:57,11.6600,60,2
2026-01-07,000001,14:23:00,11.6600,85,2
2026-01-07,000001,14:23:03,11.6700,134,1
2026-01-07,000001,14:23:06,11.6700,7,1
2026-01-07,000001,14:23:09,11.6700,74,1
2026-01-07,000001,14:23:12,11.6700,89,1
2026-01-07,000001,14:23:15,11.6600,37,2
2026-01-07,000001,14:23:18,11.6600,58,2
2026-01-07,000001,14:23:21,11.6600,5,2
2026-01-07,000001,14:23:24,11.6600,28,2
2026-01-07,000001,14:23:27,11.6700,21,1
2026-01-07,000001,14:23:30,11.6700,16,1
2026-01-07,000001,14:23:33,11.6600,24,2
2026-01-07,000001,14:23:36,11.6600,209,2
2026-01-07,000001,14:23:39,11.6700,38,1
2026-01-07,000001,14:23:42,11.6700,104,1
2026-01-07,000001,14:23:45,11.6600,30,2
2026-01-07,000001,14:23:48,11.6700,58,1
2026-01-07,000001,14:23:51,11.6600,67,2
2026-01-07,000001,14:23:54,11.6700,27,1
2026-01-07,000001,14:23:57,11.6600,26,2
2026-01-07,000001,14:24:00,11.6600,37,2
2026-01-07,000001,14:24:03,11.6600,62,2
2026-01-07,000001,14:24:06,11.6600,41,2
2026-01-07,000001,14:24:09,11.6700,11,1
2026-01-07,000001,14:24:12,11.6600,12,2
2026-01-07,000001,14:24:15,11.6600,44,2
2026-01-07,000001,14:24:18,11.6700,5,1
2026-01-07,000001,14:24:21,11.6700,25,1
2026-01-07,000001,14:24:24,11.6600,50,2
2026-01-07,000001,14:24:27,11.6600,3,2
2026-01-07,000001,14:24:30,11.6600,1,2
2026-01-07,000001,14:24:33,11.6600,73,2
2026-01-07,000001,14:24:36,11.6600,23,2
2026-01-07,000001,14:24:39,11.6600,52,2
2026-01-07,000001,14:24:42,11.6600,6,2
2026-01-07,000001,14:24:45,11.6700,3,1
2026-01-07,000001,14:24:48,11.6700,13,1
2026-01-07,000001,14:24:51,11.6700,8,1
2026-01-07,000001,14:24:54,11.6600,5,2
2026-01-07,000001,14:25:00,11.6700,64,1
2026-01-07,000001,14:25:03,11.6600,2,2
2026-01-07,000001,14:25:06,11.6600,40,2
2026-01-07,000001,14:25:09,11.6600,3,2
2026-01-07,000001,14:25:12,11.6600,88,2
2026-01-07,000001,14:25:15,11.6700,13,1
2026-01-07,000001,14:25:18,11.6600,82,2
2026-01-07,000001,14:25:21,11.6600,123,2
2026-01-07,000001,14:25:24,11.6700,3500,1
2026-01-07,000001,14:25:27,11.6600,502,2
2026-01-07,000001,14:25:30,11.6600,201,2
2026-01-07,000001,14:25:33,11.6700,2955,1
2026-01-07,000001,14:25:36,11.6700,2342,1
2026-01-07,000001,14:25:39,11.6600,262,2
2026-01-07,000001,14:25:42,11.6600,332,2
2026-01-07,000001,14:25:45,11.6600,88,2
2026-01-07,000001,14:25:48,11.6600,35,2
2026-01-07,000001,14:25:51,11.6600,10,2
2026-01-07,000001,14:25:54,11.6600,55,2
2026-01-07,000001,14:25:57,11.6600,164,2
2026-01-07,000001,14:26:00,11.6600,257,2
2026-01-07,000001,14:26:03,11.6600,22,2
2026-01-07,000001,14:26:06,11.6600,101,2
2026-01-07,000001,14:26:09,11.6600,1,2
2026-01-07,000001,14:26:12,11.6700,27,1
2026-01-07,000001,14:26:18,11.6600,1,2
2026-01-07,000001,14:26:21,11.6700,46,1
2026-01-07,000001,14:26:24,11.6600,9,2
2026-01-07,000001,14:26:27,11.6700,11,1
2026-01-07,000001,14:26:30,11.6700,47,1
2026-01-07,000001,14:26:33,11.6700,17,1
2026-01-07,000001,14:26:36,11.6600,53,2
2026-01-07,000001,14:26:39,11.6700,18,1
2026-01-07,000001,14:26:45,11.6600,16,2
2026-01-07,000001,14:26:48,11.6600,6,2
2026-01-07,000001,14:26:54,11.6600,2,2
2026-01-07,000001,14:26:57,11.6600,46,2
2026-01-07,000001,14:27:00,11.6600,7,2
2026-01-07,000001,14:27:03,11.6700,61,1
2026-01-07,000001,14:27:06,11.6600,94,2
2026-01-07,000001,14:27:09,11.6700,8,1
2026-01-07,000001,14:27:15,11.6600,2,2
2026-01-07,000001,14:27:18,11.6700,32,1
2026-01-07,000001,14:27:21,11.6600,62,2
2026-01-07,000001,14:27:24,11.6700,23,1
2026-01-07,000001,14:27:27,11.6600,100,2
2026-01-07,000001,14:27:30,11.6600,271,2
2026-01-07,000001,14:27:33,11.6600,67,2
2026-01-07,000001,14:27:36,11.6600,944,2
2026-01-07,000001,14:27:39,11.6600,99,2
2026-01-07,000001,14:27:42,11.6600,182,2
2026-01-07,000001,14:27:45,11.6600,18,2
2026-01-07,000001,14:27:48,11.6600,1699,2
2026-01-07,000001,14:27:51,11.6600,7,4
2026-01-07,000001,14:27:54,11.6600,158,2
2026-01-07,000001,14:27:57,11.6600,24,1
2026-01-07,000001,14:28:00,11.6600,6,2
2026-01-07,000001,14:28:03,11.6500,62,2
2026-01-07,000001,14:28:06,11.6600,17,4
2026-01-07,000001,14:28:09,11.6500,8,2
2026-01-07,000001,14:28:12,11.6600,286,1
2026-01-07,000001,14:28:15,11.6600,116,1
2026-01-07,000001,14:28:18,11.6600,39,2
2026-01-07,000001,14:28:21,11.6600,7,2
2026-01-07,000001,14:28:24,11.6600,16,2
2026-01-07,000001,14:28:30,11.6700,233,1
2026-01-07,000001,14:28:33,11.6600,32,2
2026-01-07,000001,14:28:36,11.6700,239,1
2026-01-07,000001,14:28:39,11.6600,24,4
2026-01-07,000001,14:28:42,11.6700,12,1
2026-01-07,000001,14:28:45,11.6600,101,2
2026-01-07,000001,14:28:48,11.6600,26,2
2026-01-07,000001,14:28:51,11.6600,166,2
2026-01-07,000001,14:28:54,11.6600,203,2
2026-01-07,000001,14:28:57,11.6500,7,2
2026-01-07,000001,14:29:00,11.6600,1,2
2026-01-07,000001,14:29:03,11.6700,284,1
2026-01-07,000001,14:29:06,11.6700,2,1
2026-01-07,000001,14:29:09,11.6600,242,2
2026-01-07,000001,14:29:12,11.6600,58,2
2026-01-07,000001,14:29:15,11.6600,9,2
2026-01-07,000001,14:29:18,11.6600,124,2
2026-01-07,000001,14:29:21,11.6600,67,2
2026-01-07,000001,14:29:24,11.6600,54,2
2026-01-07,000001,14:29:27,11.6600,1,4
2026-01-07,000001,14:29:30,11.6500,72,2
2026-01-07,000001,14:29:33,11.6500,34,2
2026-01-07,000001,14:29:36,11.6600,68,2
2026-01-07,000001,14:29:39,11.6600,579,1
2026-01-07,000001,14:29:42,11.6600,87,1
2026-01-07,000001,14:29:45,11.6600,180,1
2026-01-07,000001,14:29:48,11.6600,31,1
2026-01-07,000001,14:29:51,11.6600,31,1
2026-01-07,000001,14:29:54,11.6600,32,1
2026-01-07,000001,14:29:57,11.6600,5009,1
2026-01-07,000001,14:30:00,11.6500,350,2
2026-01-07,000001,14:30:03,11.6500,399,2
2026-01-07,000001,14:30:06,11.6600,258,4
2026-01-07,000001,14:30:09,11.6600,176,1
2026-01-07,000001,14:30:12,11.6600,109,1
2026-01-07,000001,14:30:15,11.6600,577,1
2026-01-07,000001,14:30:18,11.6600,113,4
2026-01-07,000001,14:30:21,11.6500,8,2
2026-01-07,000001,14:30:24,11.6600,173,1
2026-01-07,000001,14:30:27,11.6600,30,1
2026-01-07,000001,14:30:30,11.6600,238,1
2026-01-07,000001,14:30:36,11.6500,76,2
2026-01-07,000001,14:30:39,11.6600,82,1
2026-01-07,000001,14:30:42,11.6600,110,1
2026-01-07,000001,14:30:45,11.6600,121,4
2026-01-07,000001,14:30:48,11.6600,34,1
2026-01-07,000001,14:30:51,11.6600,80,1
2026-01-07,000001,14:30:54,11.6600,82,2
2026-01-07,000001,14:30:57,11.6600,501,1
2026-01-07,000001,14:31:00,11.6600,136,1
2026-01-07,000001,14:31:03,11.6600,46,1
2026-01-07,000001,14:31:06,11.6600,49,1
2026-01-07,000001,14:31:09,11.6500,82,2
2026-01-07,000001,14:31:12,11.6500,82,2
2026-01-07,000001,14:31:15,11.6500,98,2
2026-01-07,000001,14:31:18,11.6500,258,2
2026-01-07,000001,14:31:21,11.6500,95,2
2026-01-07,000001,14:31:24,11.6500,553,2
2026-01-07,000001,14:31:27,11.6500,52,2
2026-01-07,000001,14:31:30,11.6500,27,2
2026-01-07,000001,14:31:33,11.6600,121,1
2026-01-07,000001,14:31:36,11.6600,44,1
2026-01-07,000001,14:31:39,11.6500,1,2
2026-01-07,000001,14:31:42,11.6500,31,2
2026-01-07,000001,14:31:45,11.6500,135,2
2026-01-07,000001,14:31:48,11.6600,35,1
2026-01-07,000001,14:31:51,11.6600,1,1
2026-01-07,000001,14:31:57,11.6600,15,1
2026-01-07,000001,14:32:00,11.6600,26,1
2026-01-07,000001,14:32:03,11.6600,10,1
2026-01-07,000001,14:32:06,11.6500,14,2
2026-01-07,000001,14:32:09,11.6500,26,2
2026-01-07,000001,14:32:12,11.6600,100,1
2026-01-07,000001,14:32:15,11.6600,534,1
2026-01-07,000001,14:32:18,11.6500,82,2
2026-01-07,000001,14:32:21,11.6600,325,1
2026-01-07,000001,14:32:24,11.6500,82,2
2026-01-07,000001,14:32:27,11.6600,159,1
2026-01-07,000001,14:32:30,11.6500,229,2
2026-01-07,000001,14:32:33,11.6500,169,2
2026-01-07,000001,14:32:36,11.6500,88,2
2026-01-07,000001,14:32:39,11.6500,1,2
2026-01-07,000001,14:32:42,11.6500,17,2
2026-01-07,000001,14:32:45,11.6500,19,2
2026-01-07,000001,14:32:48,11.6500,22,2
2026-01-07,000001,14:32:51,11.6500,209,2
2026-01-07,000001,14:32:54,11.6500,73,2
2026-01-07,000001,14:32:57,11.6500,1531,2
2026-01-07,000001,14:33:00,11.6500,135,2
2026-01-07,000001,14:33:03,11.6600,7,1
2026-01-07,000001,14:33:06,11.6500,45,2
2026-01-07,000001,14:33:09,11.6500,32,2
2026-01-07,000001,14:33:12,11.6500,107,2
2026-01-07,000001,14:33:15,11.6500,23,2
2026-01-07,000001,14:33:18,11.6500,10,2
2026-01-07,000001,14:33:21,11.6500,1,2
2026-01-07,000001,14:33:24,11.6500,10,2
2026-01-07,000001,14:33:27,11.6500,296,2
2026-01-07,000001,14:33:30,11.6500,377,2
2026-01-07,000001,14:33:33,11.6500,104,2
2026-01-07,000001,14:33:36,11.6500,277,2
2026-01-07,000001,14:33:39,11.6600,204,1
2026-01-07,000001,14:33:42,11.6500,13,2
2026-01-07,000001,14:33:45,11.6500,39,2
2026-01-07,000001,14:33:48,11.6500,446,2
2026-01-07,000001,14:33:51,11.6500,200,2
2026-01-07,000001,14:33:54,11.6500,254,2
2026-01-07,000001,14:33:57,11.6500,122,2
2026-01-07,000001,14:34:00,11.6600,19,1
2026-01-07,000001,14:34:03,11.6500,122,2
2026-01-07,000001,14:34:06,11.6500,124,2
2026-01-07,000001,14:34:09,11.6600,70,1
2026-01-07,000001,14:34:12,11.6500,91,2
2026-01-07,000001,14:34:15,11.6500,73,2
2026-01-07,000001,14:34:18,11.6500,61,2
2026-01-07,000001,14:34:21,11.6500,147,2
2026-01-07,000001,14:34:24,11.6500,136,2
2026-01-07,000001,14:34:27,11.6500,299,1
2026-01-07,000001,14:34:30,11.6500,408,1
2026-01-07,000001,14:34:33,11.6500,345,1
2026-01-07,000001,14:34:36,11.6500,78,2
2026-01-07,000001,14:34:39,11.6500,15,2
2026-01-07,000001,14:34:42,11.6600,277,1
2026-01-07,000001,14:34:45,11.6400,55,2
2026-01-07,000001,14:34:48,11.6400,146,2
2026-01-07,000001,14:34:51,11.6500,36,4
2026-01-07,000001,14:34:54,11.6400,19,2
2026-01-07,000001,14:34:57,11.6400,139,2
2026-01-07,000001,14:35:00,11.6500,69,2
2026-01-07,000001,14:35:03,11.6400,52,2
2026-01-07,000001,14:35:06,11.6500,23,4
2026-01-07,000001,14:35:09,11.6500,82,2
2026-01-07,000001,14:35:12,11.6500,85,2
2026-01-07,000001,14:35:15,11.6600,70,1
2026-01-07,000001,14:35:18,11.6400,113,2
2026-01-07,000001,14:35:21,11.6400,176,2
2026-01-07,000001,14:35:24,11.6400,47,2
2026-01-07,000001,14:35:27,11.6400,90,2
2026-01-07,000001,14:35:30,11.6400,65,2
2026-01-07,000001,14:35:33,11.6500,43,4
2026-01-07,000001,14:35:36,11.6500,104,1
2026-01-07,000001,14:35:39,11.6500,14,2
2026-01-07,000001,14:35:42,11.6500,73,2
2026-01-07,000001,14:35:45,11.6500,65,2
2026-01-07,000001,14:35:48,11.6500,20,2
2026-01-07,000001,14:35:51,11.6500,22,2
2026-01-07,000001,14:35:54,11.6500,72,2
2026-01-07,000001,14:35:57,11.6500,10,2
2026-01-07,000001,14:36:00,11.6500,37,2
2026-01-07,000001,14:36:03,11.6500,61,2
2026-01-07,000001,14:36:06,11.6500,97,2
2026-01-07,000001,14:36:09,11.6500,155,1
2026-01-07,000001,14:36:12,11.6500,379,1
2026-01-07,000001,14:36:15,11.6500,42,2
2026-01-07,000001,14:36:18,11.6500,53,2
2026-01-07,000001,14:36:21,11.6500,219,2
2026-01-07,000001,14:36:24,11.6500,41,2
2026-01-07,000001,14:36:27,11.6500,23,2
2026-01-07,000001,14:36:30,11.6500,28,2
2026-01-07,000001,14:36:33,11.6500,22,4
2026-01-07,000001,14:36:36,11.6500,66,1
2026-01-07,000001,14:36:39,11.6500,34,2
2026-01-07,000001,14:36:42,11.6500,39,2
2026-01-07,000001,14:36:45,11.6500,62,2
2026-01-07,000001,14:36:48,11.6400,559,2
2026-01-07,000001,14:36:51,11.6500,305,1
2026-01-07,000001,14:36:54,11.6500,568,1
2026-01-07,000001,14:36:57,11.6500,149,1
2026-01-07,000001,14:37:00,11.6600,88,1
2026-01-07,000001,14:37:03,11.6500,88,2
2026-01-07,000001,14:37:06,11.6500,69,2
2026-01-07,000001,14:37:09,11.6500,6,2
2026-01-07,000001,14:37:12,11.6600,49,1
2026-01-07,000001,14:37:15,11.6500,93,2
2026-01-07,000001,14:37:18,11.6500,208,2
2026-01-07,000001,14:37:21,11.6400,115,2
2026-01-07,000001,14:37:24,11.6500,33,1
2026-01-07,000001,14:37:27,11.6500,200,1
2026-01-07,000001,14:37:30,11.6500,50,2
2026-01-07,000001,14:37:33,11.6500,88,2
2026-01-07,000001,14:37:36,11.6500,113,2
2026-01-07,000001,14:37:39,11.6500,13,2
2026-01-07,000001,14:37:42,11.6500,149,2
2026-01-07,000001,14:37:45,11.6500,161,2
2026-01-07,000001,14:37:48,11.6500,185,1
2026-01-07,000001,14:37:51,11.6500,16,4
2026-01-07,000001,14:37:54,11.6400,185,2
2026-01-07,000001,14:37:57,11.6500,82,1
2026-01-07,000001,14:38:00,11.6500,114,1
2026-01-07,000001,14:38:03,11.6500,16,2
2026-01-07,000001,14:38:06,11.6400,119,2
2026-01-07,000001,14:38:09,11.6500,38,4
2026-01-07,000001,14:38:12,11.6500,642,2
2026-01-07,000001,14:38:15,11.6400,419,2
2026-01-07,000001,14:38:18,11.6500,92,1
2026-01-07,000001,14:38:21,11.6400,223,2
2026-01-07,000001,14:38:24,11.6500,74,4
2026-01-07,000001,14:38:27,11.6500,62,2
2026-01-07,000001,14:38:30,11.6500,12,2
2026-01-07,000001,14:38:33,11.6500,37,2
2026-01-07,000001,14:38:36,11.6500,8,2
2026-01-07,000001,14:38:39,11.6500,68,2
2026-01-07,000001,14:38:42,11.6500,18,2
2026-01-07,000001,14:38:45,11.6500,62,2
2026-01-07,000001,14:38:48,11.6500,556,2
2026-01-07,000001,14:38:51,11.6500,179,2
2026-01-07,000001,14:38:54,11.6500,59,2
2026-01-07,000001,14:38:57,11.6500,106,2
2026-01-07,000001,14:39:00,11.6500,291,2
2026-01-07,000001,14:39:03,11.6500,651,1
2026-01-07,000001,14:39:06,11.6500,86,1
2026-01-07,000001,14:39:09,11.6500,248,1
2026-01-07,000001,14:39:12,11.6500,34,2
2026-01-07,000001,14:39:15,11.6600,23,1
2026-01-07,000001,14:39:18,11.6600,5,1
2026-01-07,000001,14:39:21,11.6500,73,2
2026-01-07,000001,14:39:24,11.6600,556,1
2026-01-07,000001,14:39:27,11.6500,157,2
2026-01-07,000001,14:39:30,11.6500,402,1
2026-01-07,000001,14:39:33,11.6500,189,1
2026-01-07,000001,14:39:36,11.6500,69,1
2026-01-07,000001,14:39:39,11.6500,253,1
2026-01-07,000001,14:39:42,11.6400,179,2
2026-01-07,000001,14:39:45,11.6500,43,1
2026-01-07,000001,14:39:48,11.6400,63,2
2026-01-07,000001,14:39:51,11.6400,158,2
2026-01-07,000001,14:39:54,11.6500,50,4
2026-01-07,000001,14:39:57,11.6400,146,2
2026-01-07,000001,14:40:00,11.6400,36,2
2026-01-07,000001,14:40:03,11.6400,52,2
2026-01-07,000001,14:40:06,11.6400,31,2
2026-01-07,000001,14:40:09,11.6500,272,1
2026-01-07,000001,14:40:12,11.6500,239,1
2026-01-07,000001,14:40:15,11.6500,641,1
2026-01-07,000001,14:40:18,11.6500,83,1
2026-01-07,000001,14:40:21,11.6500,318,1
2026-01-07,000001,14:40:24,11.6500,83,1
2026-01-07,000001,14:40:27,11.6500,293,1
2026-01-07,000001,14:40:30,11.6500,70,1
2026-01-07,000001,14:40:33,11.6500,375,1
2026-01-07,000001,14:40:36,11.6400,193,2
2026-01-07,000001,14:40:39,11.6500,72,1
2026-01-07,000001,14:40:42,11.6400,64,2
2026-01-07,000001,14:40:45,11.6500,116,1
2026-01-07,000001,14:40:48,11.6400,256,2
2026-01-07,000001,14:40:51,11.6400,63,2
2026-01-07,000001,14:40:54,11.6400,17,2
2026-01-07,000001,14:40:57,11.6400,33,2
2026-01-07,000001,14:41:00,11.6400,50,2
2026-01-07,000001,14:41:03,11.6400,39,2
2026-01-07,000001,14:41:06,11.6400,12,2
2026-01-07,000001,14:41:09,11.6500,26,1
2026-01-07,000001,14:41:12,11.6400,18,2
2026-01-07,000001,14:41:15,11.6500,70,1
2026-01-07,000001,14:41:18,11.6400,41,2
2026-01-07,000001,14:41:24,11.6500,25,1
2026-01-07,000001,14:41:27,11.6500,94,1
2026-01-07,000001,14:41:30,11.6400,19,2
2026-01-07,000001,14:41:33,11.6400,46,2
2026-01-07,000001,14:41:36,11.6500,151,1
2026-01-07,000001,14:41:39,11.6400,4,2
2026-01-07,000001,14:41:42,11.6500,107,1
2026-01-07,000001,14:41:45,11.6400,108,2
2026-01-07,000001,14:41:48,11.6500,19,1
2026-01-07,000001,14:41:51,11.6400,6,2
2026-01-07,000001,14:41:54,11.6400,113,2
2026-01-07,000001,14:41:57,11.6400,59,2
2026-01-07,000001,14:42:00,11.6400,36,2
2026-01-07,000001,14:42:03,11.6500,6,1
2026-01-07,000001,14:42:06,11.6400,3,2
2026-01-07,000001,14:42:09,11.6400,127,2
2026-01-07,000001,14:42:12,11.6400,139,2
2026-01-07,000001,14:42:15,11.6400,87,2
2026-01-07,000001,14:42:18,11.6500,159,1
2026-01-07,000001,14:42:21,11.6400,23,2
2026-01-07,000001,14:42:24,11.6500,124,1
2026-01-07,000001,14:42:27,11.6400,2,2
2026-01-07,000001,14:42:30,11.6500,24,1
2026-01-07,000001,14:42:33,11.6400,4,2
2026-01-07,000001,14:42:36,11.6400,19,2
2026-01-07,000001,14:42:39,11.6400,17,2
2026-01-07,000001,14:42:42,11.6400,36,2
2026-01-07,000001,14:42:45,11.6400,254,2
2026-01-07,000001,14:42:48,11.6500,3104,1
2026-01-07,000001,14:42:51,11.6500,410,1
2026-01-07,000001,14:42:54,11.6400,2,2
2026-01-07,000001,14:42:57,11.6400,59,2
2026-01-07,000001,14:43:00,11.6400,41,2
2026-01-07,000001,14:43:03,11.6400,509,2
2026-01-07,000001,14:43:06,11.6500,159,1
2026-01-07,000001,14:43:09,11.6500,163,1
2026-01-07,000001,14:43:12,11.6500,72,1
2026-01-07,000001,14:43:15,11.6400,224,2
2026-01-07,000001,14:43:18,11.6400,35,2
2026-01-07,000001,14:43:21,11.6400,6,2
2026-01-07,000001,14:43:24,11.6500,47,1
2026-01-07,000001,14:43:27,11.6400,150,2
2026-01-07,000001,14:43:30,11.6400,109,2
2026-01-07,000001,14:43:33,11.6400,13,2
2026-01-07,000001,14:43:36,11.6400,41,2
2026-01-07,000001,14:43:39,11.6400,2778,2
2026-01-07,000001,14:43:42,11.6400,383,2
2026-01-07,000001,14:43:45,11.6400,79,2
2026-01-07,000001,14:43:48,11.6400,106,2
2026-01-07,000001,14:43:51,11.6400,2085,2
2026-01-07,000001,14:43:54,11.6400,259,2
2026-01-07,000001,14:43:57,11.6300,237,2
2026-01-07,000001,14:44:00,11.6400,1047,1
2026-01-07,000001,14:44:03,11.6300,133,2
2026-01-07,000001,14:44:06,11.6400,69,4
2026-01-07,000001,14:44:09,11.6500,50,1
2026-01-07,000001,14:44:12,11.6500,187,1
2026-01-07,000001,14:44:15,11.6400,9171,4
2026-01-07,000001,14:44:18,11.6300,294,2
2026-01-07,000001,14:44:21,11.6400,42,1
2026-01-07,000001,14:44:24,11.6300,52,2
2026-01-07,000001,14:44:27,11.6400,149,1
2026-01-07,000001,14:44:30,11.6300,56,2
2026-01-07,000001,14:44:33,11.6300,1022,2
2026-01-07,000001,14:44:36,11.6300,236,2
2026-01-07,000001,14:44:39,11.6300,23,2
2026-01-07,000001,14:44:42,11.6300,305,2
2026-01-07,000001,14:44:45,11.6300,50,2
2026-01-07,000001,14:44:48,11.6300,16,2
2026-01-07,000001,14:44:51,11.6300,25,2
2026-01-07,000001,14:44:54,11.6300,120,2
2026-01-07,000001,14:44:57,11.6300,106,2
2026-01-07,000001,14:45:00,11.6300,117,2
2026-01-07,000001,14:45:03,11.6300,103,2
2026-01-07,000001,14:45:06,11.6400,359,1
2026-01-07,000001,14:45:09,11.6300,22,2
2026-01-07,000001,14:45:12,11.6400,64,1
2026-01-07,000001,14:45:15,11.6300,50,2
2026-01-07,000001,14:45:18,11.6400,161,1
2026-01-07,000001,14:45:21,11.6300,94,2
2026-01-07,000001,14:45:24,11.6400,91,1
2026-01-07,000001,14:45:27,11.6300,56,2
2026-01-07,000001,14:45:30,11.6300,37,2
2026-01-07,000001,14:45:33,11.6400,59,1
2026-01-07,000001,14:45:36,11.6300,773,2
2026-01-07,000001,14:45:39,11.6300,213,2
2026-01-07,000001,14:45:42,11.6400,516,1
2026-01-07,000001,14:45:45,11.6400,243,1
2026-01-07,000001,14:45:48,11.6400,780,1
2026-01-07,000001,14:45:51,11.6400,136,1
2026-01-07,000001,14:45:54,11.6300,102,2
2026-01-07,000001,14:45:57,11.6400,19,1
2026-01-07,000001,14:46:00,11.6400,375,1
2026-01-07,000001,14:46:03,11.6300,14,2
2026-01-07,000001,14:46:06,11.6400,90,1
2026-01-07,000001,14:46:09,11.6400,1103,1
2026-01-07,000001,14:46:12,11.6300,30,2
2026-01-07,000001,14:46:15,11.6400,60,1
2026-01-07,000001,14:46:18,11.6300,44,2
2026-01-07,000001,14:46:21,11.6400,52,1
2026-01-07,000001,14:46:24,11.6400,23,1
2026-01-07,000001,14:46:27,11.6400,32,1
2026-01-07,000001,14:46:30,11.6300,80,2
2026-01-07,000001,14:46:33,11.6300,43,2
2026-01-07,000001,14:46:36,11.6400,16,1
2026-01-07,000001,14:46:39,11.6300,24,2
2026-01-07,000001,14:46:42,11.6400,5,1
2026-01-07,000001,14:46:45,11.6300,60,2
2026-01-07,000001,14:46:48,11.6300,27,2
2026-01-07,000001,14:46:51,11.6300,60,2
2026-01-07,000001,14:46:54,11.6400,2,1
2026-01-07,000001,14:46:57,11.6300,11,2
2026-01-07,000001,14:47:00,11.6400,3,1
2026-01-07,000001,14:47:03,11.6400,184,1
2026-01-07,000001,14:47:06,11.6300,37,2
2026-01-07,000001,14:47:09,11.6300,61,2
2026-01-07,000001,14:47:12,11.6300,34,2
2026-01-07,000001,14:47:15,11.6400,158,1
2026-01-07,000001,14:47:18,11.6300,37,2
2026-01-07,000001,14:47:21,11.6300,34,2
2026-01-07,000001,14:47:24,11.6300,12,2
2026-01-07,000001,14:47:27,11.6300,65,2
2026-01-07,000001,14:47:30,11.6400,22,1
2026-01-07,000001,14:47:33,11.6400,214,1
2026-01-07,000001,14:47:36,11.6300,15,2
2026-01-07,000001,14:47:39,11.6300,114,2
2026-01-07,000001,14:47:42,11.6300,45,2
2026-01-07,000001,14:47:45,11.6400,26,1
2026-01-07,000001,14:47:48,11.6400,45,1
2026-01-07,000001,14:47:51,11.6300,17,2
2026-01-07,000001,14:47:54,11.6400,15,1
2026-01-07,000001,14:47:57,11.6300,1,2
2026-01-07,000001,14:48:00,11.6300,42,2
2026-01-07,000001,14:48:03,11.6300,145,2
2026-01-07,000001,14:48:06,11.6300,1012,2
2026-01-07,000001,14:48:09,11.6300,689,2
2026-01-07,000001,14:48:12,11.6400,287,1
2026-01-07,000001,14:48:15,11.6300,282,2
2026-01-07,000001,14:48:18,11.6400,230,1
2026-01-07,000001,14:48:21,11.6300,611,2
2026-01-07,000001,14:48:24,11.6400,3,1
2026-01-07,000001,14:48:27,11.6400,42,1
2026-01-07,000001,14:48:30,11.6300,135,2
2026-01-07,000001,14:48:33,11.6300,102,2
2026-01-07,000001,14:48:36,11.6400,95,1
2026-01-07,000001,14:48:39,11.6400,461,1
2026-01-07,000001,14:48:42,11.6300,32,2
2026-01-07,000001,14:48:45,11.6300,75,2
2026-01-07,000001,14:48:48,11.6300,57,2
2026-01-07,000001,14:48:51,11.6300,103,2
2026-01-07,000001,14:48:54,11.6400,279,1
2026-01-07,000001,14:48:57,11.6300,512,2
2026-01-07,000001,14:49:00,11.6300,50,2
2026-01-07,000001,14:49:03,11.6300,74,2
2026-01-07,000001,14:49:06,11.6400,1376,1
2026-01-07,000001,14:49:09,11.6300,97,2
2026-01-07,000001,14:49:15,11.6300,2324,2
2026-01-07,000001,14:49:18,11.6300,699,2
2026-01-07,000001,14:49:21,11.6300,170,2
2026-01-07,000001,14:49:24,11.6300,93,2
2026-01-07,000001,14:49:27,11.6300,112,2
2026-01-07,000001,14:49:30,11.6300,51,2
2026-01-07,000001,14:49:33,11.6300,10,2
2026-01-07,000001,14:49:36,11.6300,149,2
2026-01-07,000001,14:49:39,11.6300,174,2
2026-01-07,000001,14:49:42,11.6300,6,2
2026-01-07,000001,14:49:45,11.6300,73,2
2026-01-07,000001,14:49:48,11.6300,20,2
2026-01-07,000001,14:49:51,11.6300,30,2
2026-01-07,000001,14:49:54,11.6300,56,2
2026-01-07,000001,14:49:57,11.6400,46,1
2026-01-07,000001,14:50:00,11.6300,220,2
2026-01-07,000001,14:50:03,11.6300,56,2
2026-01-07,000001,14:50:06,11.6300,163,2
2026-01-07,000001,14:50:09,11.6300,27,2
2026-01-07,000001,14:50:12,11.6300,100,2
2026-01-07,000001,14:50:15,11.6300,72,2
2026-01-07,000001,14:50:18,11.6300,56,2
2026-01-07,000001,14:50:21,11.6300,8,2
2026-01-07,000001,14:50:24,11.6400,81,1
2026-01-07,000001,14:50:27,11.6300,61,2
2026-01-07,000001,14:50:30,11.6300,1,2
2026-01-07,000001,14:50:33,11.6300,3050,2
2026-01-07,000001,14:50:36,11.6300,189,2
2026-01-07,000001,14:50:39,11.6300,536,2
2026-01-07,000001,14:50:42,11.6300,69,2
2026-01-07,000001,14:50:45,11.6300,139,2
2026-01-07,000001,14:50:48,11.6300,36,2
2026-01-07,000001,14:50:51,11.6300,8,2
2026-01-07,000001,14:50:54,11.6300,6,2
2026-01-07,000001,14:50:57,11.6300,13,2
2026-01-07,000001,14:51:00,11.6300,16,2
2026-01-07,000001,14:51:03,11.6300,1448,2
2026-01-07,000001,14:51:06,11.6300,404,2
2026-01-07,000001,14:51:09,11.6400,56,1
2026-01-07,000001,14:51:12,11.6300,33,2
2026-01-07,000001,14:51:15,11.6400,43,1
2026-01-07,000001,14:51:18,11.6400,128,1
2026-01-07,000001,14:51:21,11.6400,91,1
2026-01-07,000001,14:51:24,11.6400,674,1
2026-01-07,000001,14:51:27,11.6400,219,1
2026-01-07,000001,14:51:30,11.6400,422,1
2026-01-07,000001,14:51:33,11.6400,27,1
2026-01-07,000001,14:51:36,11.6400,73,1
2026-01-07,000001,14:51:39,11.6400,150,1
2026-01-07,000001,14:51:42,11.6400,30,1
2026-01-07,000001,14:51:45,11.6400,88,1
2026-01-07,000001,14:51:48,11.6300,57,2
2026-01-07,000001,14:51:51,11.6400,22,1
2026-01-07,000001,14:51:54,11.6400,35,1
2026-01-07,000001,14:51:57,11.6300,35,2
2026-01-07,000001,14:52:00,11.6300,59,2
2026-01-07,000001,14:52:03,11.6400,204,1
2026-01-07,000001,14:52:06,11.6300,278,2
2026-01-07,000001,14:52:09,11.6400,642,4
2026-01-07,000001,14:52:12,11.6300,95,2
2026-01-07,000001,14:52:15,11.6300,334,2
2026-01-07,000001,14:52:18,11.6300,78,2
2026-01-07,000001,14:52:21,11.6400,52,1
2026-01-07,000001,14:52:24,11.6400,142,1
2026-01-07,000001,14:52:27,11.6300,109,2
2026-01-07,000001,14:52:30,11.6300,1,2
2026-01-07,000001,14:52:33,11.6300,15,2
2026-01-07,000001,14:52:36,11.6400,131,1
2026-01-07,000001,14:52:39,11.6300,290,2
2026-01-07,000001,14:52:42,11.6300,38,2
2026-01-07,000001,14:52:45,11.6400,157,1
2026-01-07,000001,14:52:48,11.6300,161,2
2026-01-07,000001,14:52:51,11.6300,16,2
2026-01-07,000001,14:52:54,11.6300,1,2
2026-01-07,000001,14:52:57,11.6400,74,1
2026-01-07,000001,14:53:00,11.6400,22,1
2026-01-07,000001,14:53:03,11.6300,82,2
2026-01-07,000001,14:53:06,11.6400,36,1
2026-01-07,000001,14:53:09,11.6400,50,1
2026-01-07,000001,14:53:12,11.6500,2447,1
2026-01-07,000001,14:53:15,11.6400,120,2
2026-01-07,000001,14:53:18,11.6400,415,1
2026-01-07,000001,14:53:21,11.6400,24,1
2026-01-07,000001,14:53:24,11.6400,11,2
2026-01-07,000001,14:53:27,11.6400,118,2
2026-01-07,000001,14:53:30,11.6400,24,2
2026-01-07,000001,14:53:33,11.6400,16,2
2026-01-07,000001,14:53:36,11.6400,31,2
2026-01-07,000001,14:53:39,11.6400,70,2
2026-01-07,000001,14:53:42,11.6400,262,2
2026-01-07,000001,14:53:45,11.6400,49,2
2026-01-07,000001,14:53:48,11.6400,12,2
2026-01-07,000001,14:53:51,11.6500,8,1
2026-01-07,000001,14:53:54,11.6400,82,2
2026-01-07,000001,14:53:57,11.6400,23,2
2026-01-07,000001,14:54:00,11.6400,161,2
2026-01-07,000001,14:54:03,11.6400,238,2
2026-01-07,000001,14:54:06,11.6400,115,2
2026-01-07,000001,14:54:09,11.6400,89,2
2026-01-07,000001,14:54:12,11.6400,119,2
2026-01-07,000001,14:54:15,11.6500,91,1
2026-01-07,000001,14:54:18,11.6400,362,2
2026-01-07,000001,14:54:21,11.6500,174,1
2026-01-07,000001,14:54:24,11.6400,88,2
2026-01-07,000001,14:54:27,11.6400,126,2
2026-01-07,000001,14:54:30,11.6400,20,2
2026-01-07,000001,14:54:33,11.6500,40,1
2026-01-07,000001,14:54:36,11.6400,54,2
2026-01-07,000001,14:54:39,11.6400,686,2
2026-01-07,000001,14:54:42,11.6500,30,1
2026-01-07,000001,14:54:45,11.6500,26,1
2026-01-07,000001,14:54:48,11.6500,2,1
2026-01-07,000001,14:54:51,11.6400,70,2
2026-01-07,000001,14:54:57,11.6500,6,1
2026-01-07,000001,14:55:00,11.6400,35,2
2026-01-07,000001,14:55:03,11.6400,78,2
2026-01-07,000001,14:55:06,11.6500,96,1
2026-01-07,000001,14:55:09,11.6500,31,1
2026-01-07,000001,14:55:12,11.6400,89,2
2026-01-07,000001,14:55:15,11.6400,161,2
2026-01-07,000001,14:55:18,11.6500,39,1
2026-01-07,000001,14:55:21,11.6400,19,2
2026-01-07,000001,14:55:24,11.6500,56,1
2026-01-07,000001,14:55:27,11.6500,1117,1
2026-01-07,000001,14:55:30,11.6500,89,1
2026-01-07,000001,14:55:33,11.6500,67,1
2026-01-07,000001,14:55:36,11.6500,24,1
2026-01-07,000001,14:55:39,11.6400,50,2
2026-01-07,000001,14:55:42,11.6500,1153,1
2026-01-07,000001,14:55:45,11.6500,685,1
2026-01-07,000001,14:55:48,11.6500,57,1
2026-01-07,000001,14:55:51,11.6400,128,2
2026-01-07,000001,14:55:54,11.6500,36,1
2026-01-07,000001,14:55:57,11.6500,83,1
2026-01-07,000001,14:56:00,11.6400,133,2
2026-01-07,000001,14:56:03,11.6500,150,1
2026-01-07,000001,14:56:06,11.6500,37,1
2026-01-07,000001,14:56:09,11.6400,96,2
2026-01-07,000001,14:56:12,11.6500,126,1
2026-01-07,000001,14:56:15,11.6500,133,1
2026-01-07,000001,14:56:18,11.6400,410,2
2026-01-07,000001,14:56:21,11.6500,108,1
2026-01-07,000001,14:56:24,11.6400,69,2
2026-01-07,000001,14:56:27,11.6500,333,1
2026-01-07,000001,14:56:30,11.6500,210,1
2026-01-07,000001,14:56:33,11.6500,372,1
2026-01-07,000001,14:56:36,11.6400,175,2
2026-01-07,000001,14:56:39,11.6500,53,1
2026-01-07,000001,14:56:42,11.6400,182,2
2026-01-07,000001,14:56:45,11.6400,106,2
2026-01-07,000001,14:56:48,11.6400,33,2
2026-01-07,000001,14:56:51,11.6400,57,2
2026-01-07,000001,14:56:54,11.6400,104,2
2026-01-07,000001,14:56:57,11.6500,61,1
2026-01-07,000001,14:57:00,11.6400,17,2
2026-01-07,000001,15:00:03,11.6400,7928,4
2026-01-07,000001,13:09:00,11.6900,41,2
2026-01-07,000001,13:09:03,11.6900,16,2
2026-01-07,000001,13:09:06,11.6900,53,2
2026-01-07,000001,13:09:09,11.6900,10,2
2026-01-07,000001,13:09:12,11.6900,53,2
2026-01-07,000001,13:09:15,11.7000,68,1
2026-01-07,000001,13:09:18,11.6900,3,2
2026-01-07,000001,13:09:24,11.6900,24,2
2026-01-07,000001,13:09:27,11.7000,14,1
2026-01-07,000001,13:09:30,11.6900,6,2
2026-01-07,000001,13:09:33,11.7000,21,1
2026-01-07,000001,13:09:36,11.6900,10,2
2026-01-07,000001,13:09:39,11.6900,177,2
2026-01-07,000001,13:09:42,11.6900,368,2
2026-01-07,000001,13:09:45,11.7000,29,1
2026-01-07,000001,13:09:48,11.6900,46,2
2026-01-07,000001,13:09:51,11.6900,18,2
2026-01-07,000001,13:09:54,11.6900,579,2
2026-01-07,000001,13:09:57,11.6900,8,2
2026-01-07,000001,13:10:00,11.6900,58,2
2026-01-07,000001,13:10:03,11.6900,1485,2
2026-01-07,000001,13:10:06,11.6900,258,2
2026-01-07,000001,13:10:09,11.6900,417,2
2026-01-07,000001,13:10:12,11.7000,41,1
2026-01-07,000001,13:10:15,11.7000,200,1
2026-01-07,000001,13:10:18,11.7000,1573,1
2026-01-07,000001,13:10:21,11.7000,91,2
2026-01-07,000001,13:10:24,11.7100,5,1
2026-01-07,000001,13:10:30,11.7100,28,1
2026-01-07,000001,13:10:33,11.7100,29,1
2026-01-07,000001,13:10:39,11.7000,368,2
2026-01-07,000001,13:10:42,11.7000,99,2
2026-01-07,000001,13:10:45,11.7100,114,1
2026-01-07,000001,13:10:48,11.7000,199,2
2026-01-07,000001,13:10:51,11.7100,17,1
2026-01-07,000001,13:10:54,11.7100,1,1
2026-01-07,000001,13:10:57,11.7000,54,2
2026-01-07,000001,13:11:00,11.7000,25,2
2026-01-07,000001,13:11:03,11.7000,188,2
2026-01-07,000001,13:11:06,11.7000,24,2
2026-01-07,000001,13:11:09,11.7000,11,2
2026-01-07,000001,13:11:12,11.7000,16,2
2026-01-07,000001,13:11:15,11.7100,42,1
2026-01-07,000001,13:11:18,11.7000,2,2
2026-01-07,000001,13:11:21,11.7100,30,1
2026-01-07,000001,13:11:24,11.7000,1,2
2026-01-07,000001,13:11:30,11.7000,29,2
2026-01-07,000001,13:11:33,11.7000,40,2
2026-01-07,000001,13:11:36,11.7000,518,2
2026-01-07,000001,13:11:39,11.7000,27,2
2026-01-07,000001,13:11:42,11.7000,9,2
2026-01-07,000001,13:11:45,11.7100,84,1
2026-01-07,000001,13:11:48,11.7000,14,2
2026-01-07,000001,13:11:54,11.7000,36,2
2026-01-07,000001,13:11:57,11.7000,6,2
2026-01-07,000001,13:12:03,11.7000,1463,2
2026-01-07,000001,13:12:06,11.7000,421,2
2026-01-07,000001,13:12:09,11.7000,425,1
2026-01-07,000001,13:12:12,11.7000,6,1
2026-01-07,000001,13:12:15,11.7000,31,1
2026-01-07,000001,13:12:18,11.7000,45,1
2026-01-07,000001,13:12:21,11.7000,4,1
2026-01-07,000001,13:12:24,11.6900,15,2
2026-01-07,000001,13:12:27,11.7000,1,1
2026-01-07,000001,13:12:30,11.7000,27,1
2026-01-07,000001,13:12:36,11.7000,18,1
2026-01-07,000001,13:12:39,11.6900,8,2
2026-01-07,000001,13:12:42,11.7000,35,1
2026-01-07,000001,13:12:45,11.7000,2,1
2026-01-07,000001,13:12:54,11.6900,8,2
2026-01-07,000001,13:13:03,11.7000,613,1
2026-01-07,000001,13:13:06,11.7000,42,1
2026-01-07,000001,13:13:09,11.7000,530,1
2026-01-07,000001,13:13:12,11.6900,55,2
2026-01-07,000001,13:13:15,11.6900,304,2
2026-01-07,000001,13:13:18,11.7000,16,1
2026-01-07,000001,13:13:21,11.7000,21,1
2026-01-07,000001,13:13:24,11.7000,15,1
2026-01-07,000001,13:13:27,11.7000,76,1
2026-01-07,000001,13:13:30,11.7000,207,1
2026-01-07,000001,13:13:33,11.6900,13,2
2026-01-07,000001,13:13:36,11.6900,7,2
2026-01-07,000001,13:13:39,11.7000,4,1
2026-01-07,000001,13:13:42,11.7000,89,1
2026-01-07,000001,13:13:45,11.6900,17,2
2026-01-07,000001,13:13:48,11.6900,14,2
2026-01-07,000001,13:13:51,11.7000,20,1
2026-01-07,000001,13:13:54,11.7000,59,1
2026-01-07,000001,13:13:57,11.6900,7,2
2026-01-07,000001,13:14:00,11.6900,3,2
2026-01-07,000001,13:14:03,11.7000,25,1
2026-01-07,000001,13:14:06,11.7000,25,1
2026-01-07,000001,13:14:09,11.6900,51,2
2026-01-07,000001,13:14:12,11.7000,110,1
2026-01-07,000001,13:14:15,11.7000,206,2
2026-01-07,000001,13:14:21,11.6900,3,2
2026-01-07,000001,13:14:24,11.6900,7,2
2026-01-07,000001,13:14:27,11.7000,29,1
2026-01-07,000001,13:14:30,11.7000,3,1
2026-01-07,000001,13:14:33,11.7000,28,1
2026-01-07,000001,13:14:36,11.6900,10,2
2026-01-07,000001,13:14:51,11.6900,60,2
2026-01-07,000001,13:14:54,11.6900,14,2
2026-01-07,000001,13:14:57,11.6900,1874,2
2026-01-07,000001,13:15:03,11.6900,43,2
2026-01-07,000001,13:15:06,11.7000,29,1
2026-01-07,000001,13:15:09,11.7000,4,1
2026-01-07,000001,13:15:12,11.7000,97,1
2026-01-07,000001,13:15:15,11.6900,4,2
2026-01-07,000001,13:15:18,11.7000,5,1
2026-01-07,000001,13:15:21,11.7000,4,1
2026-01-07,000001,13:15:24,11.6900,140,2
2026-01-07,000001,13:15:30,11.7000,12,1
2026-01-07,000001,13:15:36,11.6900,7,2
2026-01-07,000001,13:15:39,11.6900,20,2
2026-01-07,000001,13:15:42,11.7000,37,1
2026-01-07,000001,13:15:45,11.6900,1,2
2026-01-07,000001,13:15:48,11.6900,49,2
2026-01-07,000001,13:15:51,11.6900,11,2
2026-01-07,000001,13:15:54,11.6900,4,2
2026-01-07,000001,13:16:00,11.6900,13,2
2026-01-07,000001,13:16:09,11.7000,27,1
2026-01-07,000001,13:16:12,11.6900,32,2
2026-01-07,000001,13:16:15,11.6900,49,2
2026-01-07,000001,13:16:18,11.6900,6,2
2026-01-07,000001,13:16:21,11.7000,4,1
2026-01-07,000001,13:16:24,11.7000,46,1
2026-01-07,000001,13:16:27,11.7000,21,1
2026-01-07,000001,13:16:30,11.7000,19,1
2026-01-07,000001,13:16:33,11.7000,10,1
2026-01-07,000001,13:16:36,11.7000,39,1
2026-01-07,000001,13:16:42,11.7000,46,1
2026-01-07,000001,13:16:48,11.7000,23,1
2026-01-07,000001,13:16:51,11.7000,127,1
2026-01-07,000001,13:16:54,11.6900,170,2
2026-01-07,000001,13:16:57,11.7000,19,1
2026-01-07,000001,13:17:00,11.6900,12,2
2026-01-07,000001,13:17:03,11.7000,72,1
2026-01-07,000001,13:17:06,11.7000,17,1
2026-01-07,000001,13:17:09,11.7000,17,1
2026-01-07,000001,13:17:12,11.6900,8,2
2026-01-07,000001,13:17:15,11.7000,25,1
2026-01-07,000001,13:17:18,11.6900,34,2
2026-01-07,000001,13:17:21,11.7000,14,1
2026-01-07,000001,13:17:24,11.7000,23,1
2026-01-07,000001,13:17:27,11.7000,19,1
2026-01-07,000001,13:17:30,11.7000,24,1
2026-01-07,000001,13:17:33,11.7000,192,1
2026-01-07,000001,13:17:36,11.7000,2,1
2026-01-07,000001,13:17:39,11.6900,30,2
2026-01-07,000001,13:17:42,11.7000,23,1
2026-01-07,000001,13:17:45,11.7000,100,1
2026-01-07,000001,13:17:48,11.7000,2,1
2026-01-07,000001,13:17:54,11.7000,40,1
2026-01-07,000001,13:18:00,11.6900,351,2
2026-01-07,000001,13:18:03,11.6900,27,2
2026-01-07,000001,13:18:09,11.7000,2,1
2026-01-07,000001,13:18:15,11.7000,1,1
2026-01-07,000001,13:18:18,11.6900,2,2
2026-01-07,000001,13:18:21,11.7000,618,1
2026-01-07,000001,13:18:24,11.7000,21,1
2026-01-07,000001,13:18:30,11.7000,37,1
2026-01-07,000001,13:18:33,11.7000,310,1
2026-01-07,000001,13:18:36,11.6900,57,2
2026-01-07,000001,13:18:42,11.6900,25,2
2026-01-07,000001,13:18:45,11.6900,11,2
2026-01-07,000001,13:18:48,11.6900,1,2
2026-01-07,000001,13:18:51,11.6900,5,2
2026-01-07,000001,13:18:54,11.7000,35,1
2026-01-07,000001,13:19:00,11.7000,8,1
2026-01-07,000001,13:19:03,11.7000,140,1
2026-01-07,000001,13:19:06,11.7000,20,1
2026-01-07,000001,13:19:09,11.7000,13,1
2026-01-07,000001,13:19:12,11.6900,22,2
2026-01-07,000001,13:19:15,11.7000,10,1
2026-01-07,000001,13:19:18,11.6900,24,2
2026-01-07,000001,13:19:21,11.7000,73,1
2026-01-07,000001,13:19:24,11.7000,22,1
2026-01-07,000001,13:19:27,11.7000,44,1
2026-01-07,000001,13:19:30,11.6900,62,2
2026-01-07,000001,13:19:33,11.7000,571,1
2026-01-07,000001,13:19:36,11.6900,28,2
2026-01-07,000001,13:19:39,11.6900,61,2
2026-01-07,000001,13:19:42,11.7000,46,1
2026-01-07,000001,13:19:45,11.6900,46,2
2026-01-07,000001,13:19:48,11.6900,13,2
2026-01-07,000001,13:19:51,11.7000,22,1
2026-01-07,000001,13:19:54,11.7000,41,1
2026-01-07,000001,13:19:57,11.7000,12,1
2026-01-07,000001,13:20:00,11.6900,27,2
2026-01-07,000001,13:20:03,11.7000,1,1
2026-01-07,000001,13:20:06,11.6900,765,2
2026-01-07,000001,13:20:09,11.7000,96,1
2026-01-07,000001,13:20:12,11.7000,115,1
2026-01-07,000001,13:20:15,11.6900,107,2
2026-01-07,000001,13:20:21,11.6900,68,2
2026-01-07,000001,13:20:24,11.7000,28,1
2026-01-07,000001,13:20:27,11.6900,24,2
2026-01-07,000001,13:20:30,11.7000,64,1
2026-01-07,000001,13:20:39,11.7000,40,1
2026-01-07,000001,13:20:42,11.6900,10,2
2026-01-07,000001,13:20:45,11.7000,1,1
2026-01-07,000001,13:20:48,11.7000,13,1
2026-01-07,000001,13:20:51,11.6900,592,2
2026-01-07,000001,13:20:54,11.7000,111,1
2026-01-07,000001,13:20:57,11.6900,1,4
2026-01-07,000001,13:21:00,11.7000,15,1
2026-01-07,000001,13:21:03,11.6900,52,2
2026-01-07,000001,13:21:06,11.6900,157,1
2026-01-07,000001,13:21:09,11.6900,23,1
2026-01-07,000001,13:21:12,11.6900,62,1
2026-01-07,000001,13:21:15,11.6900,25,2
2026-01-07,000001,13:21:18,11.6900,26,2
2026-01-07,000001,13:21:21,11.6900,113,2
2026-01-07,000001,13:21:24,11.6900,33,2
2026-01-07,000001,13:21:27,11.6900,138,4
2026-01-07,000001,13:21:30,11.6900,61,1
2026-01-07,000001,13:21:33,11.6900,109,1
2026-01-07,000001,13:21:36,11.6800,40,2
2026-01-07,000001,13:21:39,11.6900,23,1
2026-01-07,000001,13:21:42,11.6900,23,1
2026-01-07,000001,13:21:45,11.6900,15,1
2026-01-07,000001,13:21:48,11.6900,46,1
2026-01-07,000001,13:21:51,11.6900,10,1
2026-01-07,000001,13:21:54,11.6900,2,1
2026-01-07,000001,13:21:57,11.6900,17,1
2026-01-07,000001,13:22:00,11.6800,54,2
2026-01-07,000001,13:22:03,11.6800,216,2
2026-01-07,000001,13:22:06,11.6800,16,2
2026-01-07,000001,13:22:09,11.6800,32,2
2026-01-07,000001,13:22:15,11.6900,16,1
2026-01-07,000001,13:22:24,11.6900,31,1
2026-01-07,000001,13:22:27,11.6800,24,2
2026-01-07,000001,13:22:33,11.6800,32,2
2026-01-07,000001,13:22:36,11.6900,28,1
2026-01-07,000001,13:22:39,11.6800,8,2
2026-01-07,000001,13:22:42,11.6800,10,2
2026-01-07,000001,13:22:45,11.6800,22,2
2026-01-07,000001,13:22:51,11.6800,1032,2
2026-01-07,000001,13:22:54,11.6800,14,2
2026-01-07,000001,13:23:03,11.6800,314,2
2026-01-07,000001,13:23:06,11.6900,1273,1
2026-01-07,000001,13:23:09,11.7000,38,1
2026-01-07,000001,13:23:12,11.6900,64,2
2026-01-07,000001,13:23:15,11.7000,38,1
2026-01-07,000001,13:23:18,11.6900,10,2
2026-01-07,000001,13:23:21,11.7000,10,1
2026-01-07,000001,13:23:24,11.6900,6,2
2026-01-07,000001,13:23:27,11.6900,61,2
2026-01-07,000001,13:23:30,11.6900,2,2
2026-01-07,000001,13:23:33,11.6900,72,2
2026-01-07,000001,13:23:36,11.6900,19,2
2026-01-07,000001,13:23:39,11.6900,37,2
2026-01-07,000001,13:23:45,11.6900,41,2
2026-01-07,000001,13:23:48,11.7000,15,1
2026-01-07,000001,13:23:51,11.7000,24,1
2026-01-07,000001,13:23:57,11.6900,56,2
2026-01-07,000001,13:24:00,11.6900,16,2
2026-01-07,000001,13:24:03,11.6900,179,2
2026-01-07,000001,13:24:06,11.6900,4,2
2026-01-07,000001,13:24:09,11.6900,122,2
2026-01-07,000001,13:24:12,11.6900,15,2
2026-01-07,000001,13:24:15,11.6900,17,2
2026-01-07,000001,13:24:18,11.6900,33,2
2026-01-07,000001,13:24:21,11.6900,93,2
2026-01-07,000001,13:24:24,11.6900,33,2
2026-01-07,000001,13:24:27,11.6900,38,2
2026-01-07,000001,13:24:30,11.6900,26,2
2026-01-07,000001,13:24:33,11.6900,104,2
2026-01-07,000001,13:24:36,11.6900,28,2
2026-01-07,000001,13:24:39,11.6900,26,2
2026-01-07,000001,13:24:45,11.6900,28,2
2026-01-07,000001,13:24:48,11.6900,12,2
2026-01-07,000001,13:24:51,11.6900,69,2
2026-01-07,000001,13:24:54,11.7000,32,1
2026-01-07,000001,13:24:57,11.6900,23,2
2026-01-07,000001,13:25:00,11.6900,5,2
2026-01-07,000001,13:25:03,11.7000,191,1
2026-01-07,000001,13:25:06,11.6900,20,2
2026-01-07,000001,13:25:15,11.6900,35,2
2026-01-07,000001,13:25:18,11.6900,41,2
2026-01-07,000001,13:25:21,11.6900,18,2
2026-01-07,000001,13:25:24,11.6900,120,2
2026-01-07,000001,13:25:27,11.6900,304,2
2026-01-07,000001,13:25:30,11.7000,91,1
2026-01-07,000001,13:25:33,11.6900,129,2
2026-01-07,000001,13:25:36,11.6900,3,2
2026-01-07,000001,13:25:39,11.6900,115,2
2026-01-07,000001,13:25:42,11.6900,1044,2
2026-01-07,000001,13:25:45,11.7000,123,1
2026-01-07,000001,13:25:48,11.6900,9,2
2026-01-07,000001,13:25:51,11.6900,32,2
2026-01-07,000001,13:25:54,11.6900,5,2
2026-01-07,000001,13:25:57,11.6900,99,2
2026-01-07,000001,13:26:00,11.6900,167,1
2026-01-07,000001,13:26:03,11.6800,50,2
2026-01-07,000001,13:26:06,11.6900,72,1
2026-01-07,000001,13:26:09,11.6900,95,1
2026-01-07,000001,13:26:12,11.6900,119,2
2026-01-07,000001,13:26:18,11.6900,35,2
2026-01-07,000001,13:26:21,11.6900,22,2
2026-01-07,000001,13:26:24,11.6900,12,2
2026-01-07,000001,13:26:27,11.6900,105,2
2026-01-07,000001,13:26:30,11.6800,19,2
2026-01-07,000001,13:26:33,11.6800,19,2
2026-01-07,000001,13:26:36,11.6900,52,1
2026-01-07,000001,13:26:39,11.6900,95,4
2026-01-07,000001,13:26:42,11.6900,142,1
2026-01-07,000001,13:26:45,11.6800,59,2
2026-01-07,000001,13:26:48,11.6800,12,2
2026-01-07,000001,13:26:51,11.6800,4,2
2026-01-07,000001,13:26:54,11.6800,42,2
2026-01-07,000001,13:26:57,11.6900,32,1
2026-01-07,000001,13:27:03,11.6800,67,2
2026-01-07,000001,13:27:06,11.6800,21,2
2026-01-07,000001,13:27:09,11.6800,59,2
2026-01-07,000001,13:27:12,11.6900,348,1
2026-01-07,000001,13:27:15,11.6800,26,2
2026-01-07,000001,13:27:18,11.6800,305,2
2026-01-07,000001,13:27:21,11.6800,34,2
2026-01-07,000001,13:27:27,11.6900,26,1
2026-01-07,000001,13:27:30,11.6800,12,2
2026-01-07,000001,13:27:33,11.6900,16,1
2026-01-07,000001,13:27:36,11.6800,40,2
2026-01-07,000001,13:27:39,11.6800,33,2
2026-01-07,000001,13:27:42,11.6800,42,2
2026-01-07,000001,13:27:45,11.6800,13,2
2026-01-07,000001,13:27:48,11.6800,31,2
2026-01-07,000001,13:27:51,11.6800,44,2
2026-01-07,000001,13:27:54,11.6800,11,2
2026-01-07,000001,13:28:00,11.6900,90,1
2026-01-07,000001,13:28:03,11.6800,122,2
2026-01-07,000001,13:28:06,11.6800,7,2
2026-01-07,000001,13:28:09,11.6800,20,2
2026-01-07,000001,13:28:15,11.6900,27,1
2026-01-07,000001,13:28:18,11.6800,46,2
2026-01-07,000001,13:28:21,11.6800,5,2
2026-01-07,000001,13:28:24,11.6900,36,1
2026-01-07,000001,13:28:27,11.6800,68,2
2026-01-07,000001,13:28:30,11.6800,222,2
2026-01-07,000001,13:28:33,11.6800,101,2
2026-01-07,000001,13:28:36,11.6800,6,2
2026-01-07,000001,13:28:39,11.6800,49,2
2026-01-07,000001,13:28:42,11.6900,28,1
2026-01-07,000001,13:28:45,11.6800,54,2
2026-01-07,000001,13:28:48,11.6900,56,1
2026-01-07,000001,13:28:51,11.6800,2,2
2026-01-07,000001,13:28:54,11.6800,7,2
2026-01-07,000001,13:28:57,11.6800,5,2
2026-01-07,000001,13:29:00,11.6800,2,2
2026-01-07,000001,13:29:03,11.6800,3,2
2026-01-07,000001,13:29:06,11.6800,10,2
2026-01-07,000001,13:29:09,11.6900,3,1
2026-01-07,000001,13:29:12,11.6900,152,1
2026-01-07,000001,13:29:15,11.6800,17,2
2026-01-07,000001,13:29:18,11.6800,16,2
2026-01-07,000001,13:29:21,11.6800,33,2
2026-01-07,000001,13:29:24,11.6900,16,1
2026-01-07,000001,13:29:27,11.6800,11,2
2026-01-07,000001,13:29:30,11.6800,7,2
2026-01-07,000001,13:29:33,11.6900,71,1
2026-01-07,000001,13:29:36,11.6800,127,2
2026-01-07,000001,13:29:39,11.6900,30,1
2026-01-07,000001,13:29:42,11.6900,28,1
2026-01-07,000001,13:29:45,11.6900,1038,1
2026-01-07,000001,13:29:48,11.6900,1579,1
2026-01-07,000001,13:29:51,11.6800,17,2
2026-01-07,000001,13:29:54,11.6800,156,2
2026-01-07,000001,13:29:57,11.6800,11,2
2026-01-07,000001,13:30:00,11.6900,135,1
2026-01-07,000001,13:30:03,11.6800,1,2
2026-01-07,000001,13:30:06,11.6900,183,1
2026-01-07,000001,13:30:09,11.6800,3,2
2026-01-07,000001,13:30:12,11.6800,35,2
2026-01-07,000001,13:30:15,11.6800,5,2
2026-01-07,000001,13:30:18,11.6800,64,2
2026-01-07,000001,13:30:21,11.6800,50,2
2026-01-07,000001,13:30:24,11.6800,127,2
2026-01-07,000001,13:30:27,11.6900,30,1
2026-01-07,000001,13:30:30,11.6800,156,2
2026-01-07,000001,13:30:33,11.6900,77,1
2026-01-07,000001,13:30:36,11.6800,3,2
2026-01-07,000001,13:30:39,11.6800,30,2
2026-01-07,000001,13:30:42,11.6800,63,2
2026-01-07,000001,13:30:45,11.6800,20,2
2026-01-07,000001,13:30:48,11.6800,13,2
2026-01-07,000001,13:30:51,11.6800,178,2
2026-01-07,000001,13:30:54,11.6800,4,2
2026-01-07,000001,13:30:57,11.6900,70,1
2026-01-07,000001,13:31:00,11.6800,16,2
2026-01-07,000001,13:31:03,11.6800,3,2
2026-01-07,000001,13:31:06,11.6800,72,2
2026-01-07,000001,13:31:09,11.6800,47,2
2026-01-07,000001,13:31:12,11.6800,15,2
2026-01-07,000001,13:31:15,11.6800,146,2
2026-01-07,000001,13:31:18,11.6800,6,2
2026-01-07,000001,13:31:21,11.6800,18,2
2026-01-07,000001,13:31:24,11.6800,5,2
2026-01-07,000001,13:31:27,11.6800,26,2
2026-01-07,000001,13:31:30,11.6800,18,2
2026-01-07,000001,13:31:33,11.6800,10,2
2026-01-07,000001,13:31:36,11.6800,11,2
2026-01-07,000001,13:31:39,11.6800,110,2
2026-01-07,000001,13:31:42,11.6700,3251,2
2026-01-07,000001,13:31:45,11.6700,25,2
2026-01-07,000001,13:31:48,11.6700,19,2
2026-01-07,000001,13:31:51,11.6800,32,1
2026-01-07,000001,13:31:54,11.6800,12,1
2026-01-07,000001,13:31:57,11.6700,11,2
2026-01-07,000001,13:32:00,11.6700,10,2
2026-01-07,000001,13:32:03,11.6700,125,2
2026-01-07,000001,13:32:06,11.6700,48,2
2026-01-07,000001,13:32:09,11.6700,37,2
2026-01-07,000001,13:32:12,11.6700,12,2
2026-01-07,000001,13:32:15,11.6700,30,2
2026-01-07,000001,13:32:18,11.6800,24,1
2026-01-07,000001,13:32:21,11.6700,89,2
2026-01-07,000001,13:32:27,11.6700,83,2
2026-01-07,000001,13:32:30,11.6700,51,2
2026-01-07,000001,13:32:33,11.6700,152,2
2026-01-07,000001,13:32:36,11.6700,28,2
2026-01-07,000001,13:32:39,11.6700,73,2
2026-01-07,000001,13:32:51,11.6700,28,2
2026-01-07,000001,13:32:54,11.6800,5,1
2026-01-07,000001,13:32:57,11.6800,48,1
2026-01-07,000001,13:33:00,11.6700,2,2
2026-01-07,000001,13:33:03,11.6700,58,2
2026-01-07,000001,13:33:06,11.6700,4,2
2026-01-07,000001,13:33:09,11.6800,70,1
2026-01-07,000001,13:33:12,11.6800,178,1
2026-01-07,000001,13:33:15,11.6800,2,1
2026-01-07,000001,13:33:18,11.6700,64,2
2026-01-07,000001,13:33:21,11.6700,2,2
2026-01-07,000001,13:33:27,11.6700,53,2
2026-01-07,000001,13:33:30,11.6700,18,2
2026-01-07,000001,13:33:33,11.6700,105,2
2026-01-07,000001,13:33:36,11.6700,38,2
2026-01-07,000001,13:33:39,11.6700,48,2
2026-01-07,000001,13:33:42,11.6700,393,2
2026-01-07,000001,13:33:45,11.6700,16,2
2026-01-07,000001,13:33:48,11.6700,3,2
2026-01-07,000001,13:33:51,11.6700,597,2
2026-01-07,000001,13:33:54,11.6700,1,2
2026-01-07,000001,13:33:57,11.6700,253,2
2026-01-07,000001,13:34:00,11.6700,7,2
2026-01-07,000001,13:34:03,11.6700,37,2
2026-01-07,000001,13:34:15,11.6700,80,2
2026-01-07,000001,13:34:18,11.6700,13,2
2026-01-07,000001,13:34:21,11.6800,72,1
2026-01-07,000001,13:34:24,11.6700,94,2
2026-01-07,000001,13:34:27,11.6700,21,2
2026-01-07,000001,13:34:30,11.6700,86,2
2026-01-07,000001,13:34:33,11.6800,61,1
2026-01-07,000001,13:34:39,11.6700,10,2
2026-01-07,000001,13:34:42,11.6800,223,1
2026-01-07,000001,13:34:48,11.6700,20,2
2026-01-07,000001,13:34:51,11.6700,43,2
2026-01-07,000001,13:34:54,11.6700,6,2
2026-01-07,000001,13:34:57,11.6800,9,1
2026-01-07,000001,13:35:00,11.6800,25,1
2026-01-07,000001,13:35:06,11.6800,28,1
2026-01-07,000001,13:35:09,11.6700,32,2
2026-01-07,000001,13:35:12,11.6800,34,1
2026-01-07,000001,13:35:15,11.6700,28,2
2026-01-07,000001,13:35:18,11.6700,64,2
2026-01-07,000001,13:35:21,11.6700,10,2
2026-01-07,000001,13:35:24,11.6800,38,1
2026-01-07,000001,13:35:27,11.6700,71,2
2026-01-07,000001,13:35:30,11.6700,41,2
2026-01-07,000001,13:35:33,11.6700,580,2
2026-01-07,000001,13:35:36,11.6700,505,2
2026-01-07,000001,13:35:39,11.6700,110,2
2026-01-07,000001,13:35:42,11.6700,11,2
2026-01-07,000001,13:35:45,11.6700,83,2
2026-01-07,000001,13:35:48,11.6800,1,1
2026-01-07,000001,13:35:51,11.6700,7,2
2026-01-07,000001,13:35:54,11.6800,77,1
2026-01-07,000001,13:35:57,11.6700,50,2
2026-01-07,000001,13:36:00,11.6700,146,2
2026-01-07,000001,13:36:03,11.6700,87,2
2026-01-07,000001,13:36:06,11.6700,59,2
2026-01-07,000001,13:36:09,11.6700,314,2
2026-01-07,000001,13:36:12,11.6700,1,2
2026-01-07,000001,13:36:15,11.6700,10,2
2026-01-07,000001,13:36:18,11.6700,21,2
2026-01-07,000001,13:36:21,11.6800,8,1
2026-01-07,000001,13:36:24,11.6700,119,2
2026-01-07,000001,13:36:27,11.6700,40,2
2026-01-07,000001,13:36:30,11.6700,12,2
2026-01-07,000001,13:36:33,11.6700,1,2
2026-01-07,000001,13:36:36,11.6700,326,2
2026-01-07,000001,13:36:39,11.6700,10,2
2026-01-07,000001,13:36:42,11.6700,32,2
2026-01-07,000001,13:36:45,11.6700,71,2
2026-01-07,000001,13:36:48,11.6700,63,2
2026-01-07,000001,13:36:51,11.6700,3,2
2026-01-07,000001,13:36:54,11.6700,80,2
2026-01-07,000001,13:36:57,11.6800,38,1
2026-01-07,000001,13:37:00,11.6700,60,2
2026-01-07,000001,13:37:03,11.6700,434,2
2026-01-07,000001,13:37:06,11.6700,564,2
2026-01-07,000001,13:37:09,11.6700,207,2
2026-01-07,000001,13:37:12,11.6700,136,2
2026-01-07,000001,13:37:15,11.6700,1,2
2026-01-07,000001,13:37:18,11.6700,95,2
2026-01-07,000001,13:37:21,11.6700,26,2
2026-01-07,000001,13:37:24,11.6700,21,2
2026-01-07,000001,13:37:27,11.6700,28,2
2026-01-07,000001,13:37:30,11.6700,20,2
2026-01-07,000001,13:37:33,11.6700,43,2
2026-01-07,000001,13:37:36,11.6800,73,1
2026-01-07,000001,13:37:39,11.6700,151,2
2026-01-07,000001,13:37:42,11.6700,9,2
2026-01-07,000001,13:37:45,11.6700,29,2
2026-01-07,000001,13:37:48,11.6700,23,2
2026-01-07,000001,13:37:54,11.6800,57,1
2026-01-07,000001,13:37:57,11.6700,9,2
2026-01-07,000001,13:38:00,11.6800,29,1
2026-01-07,000001,13:38:03,11.6800,37,1
2026-01-07,000001,13:38:06,11.6800,19,1
2026-01-07,000001,13:38:09,11.6700,571,2
2026-01-07,000001,13:38:12,11.6700,30,2
2026-01-07,000001,13:38:15,11.6700,137,2
2026-01-07,000001,13:38:18,11.6700,157,2
2026-01-07,000001,13:38:21,11.6800,32,1
2026-01-07,000001,13:38:24,11.6700,148,2
2026-01-07,000001,13:38:27,11.6700,100,2
2026-01-07,000001,13:38:30,11.6800,47,1
2026-01-07,000001,13:38:33,11.6700,75,2
2026-01-07,000001,13:38:36,11.6700,382,2
2026-01-07,000001,13:38:39,11.6700,24,2
2026-01-07,000001,13:38:42,11.6700,148,2
2026-01-07,000001,13:38:45,11.6700,141,1
2026-01-07,000001,13:38:48,11.6700,55,2
2026-01-07,000001,13:38:54,11.6700,599,2
2026-01-07,000001,13:38:57,11.6700,28,2
2026-01-07,000001,13:39:03,11.6700,183,2
2026-01-07,000001,13:39:06,11.6700,1906,2
2026-01-07,000001,13:39:09,11.6600,79,2
2026-01-07,000001,13:39:12,11.6600,10,2
2026-01-07,000001,13:39:15,11.6700,67,1
2026-01-07,000001,13:39:18,11.6600,14,2
2026-01-07,000001,13:39:21,11.6600,29,2
2026-01-07,000001,13:39:24,11.6700,5,1
2026-01-07,000001,13:39:27,11.6600,240,2
2026-01-07,000001,13:39:30,11.6700,257,1
2026-01-07,000001,13:39:33,11.6700,36,1
2026-01-07,000001,13:39:36,11.6600,38,2
2026-01-07,000001,13:39:39,11.6700,59,1
2026-01-07,000001,13:39:48,11.6600,51,2
2026-01-07,000001,13:39:51,11.6700,44,1
2026-01-07,000001,13:39:57,11.6700,5,1
2026-01-07,000001,13:40:00,11.6600,610,2
2026-01-07,000001,13:40:06,11.6700,2,1
2026-01-07,000001,13:40:09,11.6700,30,1
2026-01-07,000001,13:40:12,11.6600,92,2
2026-01-07,000001,13:40:15,11.6600,150,2
2026-01-07,000001,13:40:18,11.6700,1301,1
2026-01-07,000001,13:40:21,11.6700,128,1
2026-01-07,000001,13:40:24,11.6600,69,2
2026-01-07,000001,13:40:27,11.6600,7,2
2026-01-07,000001,13:40:30,11.6600,775,2
2026-01-07,000001,13:40:33,11.6700,80,1
2026-01-07,000001,13:40:36,11.6600,586,2
2026-01-07,000001,13:40:39,11.6600,149,2
2026-01-07,000001,13:40:42,11.6600,105,2
2026-01-07,000001,13:40:45,11.6600,15,2
2026-01-07,000001,13:40:48,11.6700,70,1
2026-01-07,000001,13:40:51,11.6600,1194,2
2026-01-07,000001,13:40:54,11.6600,61,2
2026-01-07,000001,13:40:57,11.6600,88,2
2026-01-07,000001,13:41:00,11.6700,22,1
2026-01-07,000001,13:41:03,11.6600,17,2
2026-01-07,000001,13:41:06,11.6600,50,2
2026-01-07,000001,13:41:09,11.6600,20,2
2026-01-07,000001,13:41:12,11.6600,342,2
2026-01-07,000001,13:41:15,11.6600,34,2
2026-01-07,000001,13:41:18,11.6600,10,2
2026-01-07,000001,13:41:21,11.6600,15,2
2026-01-07,000001,13:41:24,11.6600,12,2
2026-01-07,000001,13:41:27,11.6600,63,2
2026-01-07,000001,13:41:30,11.6600,781,2
2026-01-07,000001,13:41:33,11.6700,20,1
2026-01-07,000001,13:41:36,11.6600,4564,2
2026-01-07,000001,13:41:39,11.6600,630,2
2026-01-07,000001,13:41:42,11.6600,225,2
2026-01-07,000001,13:41:45,11.6700,51,1
2026-01-07,000001,13:41:48,11.6600,61,2
2026-01-07,000001,13:41:51,11.6600,381,2
2026-01-07,000001,13:41:54,11.6600,94,1
2026-01-07,000001,13:41:57,11.6500,26,2
2026-01-07,000001,13:42:00,11.6600,180,1
2026-01-07,000001,13:42:03,11.6600,6002,1
2026-01-07,000001,13:42:06,11.6600,64,1
2026-01-07,000001,13:42:12,11.6500,23,2
2026-01-07,000001,13:42:24,11.6500,166,2
2026-01-07,000001,13:42:30,11.6500,54,2
2026-01-07,000001,13:42:39,11.6500,79,2
2026-01-07,000001,13:42:42,11.6500,220,2
2026-01-07,000001,13:42:45,11.6600,7,1
2026-01-07,000001,13:42:48,11.6600,2,1
2026-01-07,000001,13:42:51,11.6500,41,2
2026-01-07,000001,13:42:54,11.6500,101,2
2026-01-07,000001,13:42:57,11.6600,2,1
2026-01-07,000001,13:43:00,11.6500,96,2
2026-01-07,000001,13:43:03,11.6500,45,2
2026-01-07,000001,13:43:06,11.6600,10,1
2026-01-07,000001,13:43:09,11.6500,30,2
2026-01-07,000001,13:43:12,11.6600,12,1
2026-01-07,000001,13:43:15,11.6500,16,2
2026-01-07,000001,13:43:18,11.6600,6,1
2026-01-07,000001,13:43:21,11.6600,525,1
2026-01-07,000001,13:43:24,11.6600,290,1
2026-01-07,000001,13:43:27,11.6500,1,2
2026-01-07,000001,13:43:30,11.6500,72,2
2026-01-07,000001,13:43:33,11.6500,63,2
2026-01-07,000001,13:43:36,11.6500,151,2
2026-01-07,000001,13:43:39,11.6500,560,2
2026-01-07,000001,13:43:42,11.6600,20,1
2026-01-07,000001,13:43:51,11.6600,1,1
2026-01-07,000001,13:43:54,11.6500,7,2
2026-01-07,000001,13:44:00,11.6500,20,2
2026-01-07,000001,13:44:03,11.6600,19,1
2026-01-07,000001,13:44:06,11.6600,3,1
2026-01-07,000001,13:44:09,11.6500,27,2
2026-01-07,000001,13:44:12,11.6500,8,2
2026-01-07,000001,13:44:15,11.6500,4,2
2026-01-07,000001,13:44:18,11.6500,28,2
2026-01-07,000001,13:44:21,11.6600,25,1
2026-01-07,000001,13:44:24,11.6500,55,2
2026-01-07,000001,13:44:27,11.6500,24,2
2026-01-07,000001,13:44:30,11.6500,613,2
2026-01-07,000001,13:44:33,11.6500,41,2
2026-01-07,000001,13:44:36,11.6500,4,2
2026-01-07,000001,13:44:39,11.6500,13,2
2026-01-07,000001,13:44:42,11.6500,46,2
2026-01-07,000001,13:44:45,11.6600,73,1
2026-01-07,000001,13:44:48,11.6600,111,1
2026-01-07,000001,13:44:51,11.6500,54,2
2026-01-07,000001,13:44:54,11.6500,31,2
2026-01-07,000001,13:44:57,11.6500,19,2
2026-01-07,000001,13:45:00,11.6600,22,1
2026-01-07,000001,13:45:03,11.6500,46,2
2026-01-07,000001,13:45:06,11.6600,19,1
2026-01-07,000001,13:45:09,11.6500,318,2
2026-01-07,000001,13:45:12,11.6600,66,1
2026-01-07,000001,13:45:15,11.6500,94,2
2026-01-07,000001,13:45:18,11.6600,16,1
2026-01-07,000001,13:45:21,11.6500,38,2
2026-01-07,000001,13:45:24,11.6500,67,2
2026-01-07,000001,13:45:27,11.6500,41,2
2026-01-07,000001,13:45:30,11.6500,44,2
2026-01-07,000001,13:45:33,11.6500,353,2
2026-01-07,000001,13:45:36,11.6500,58,2
2026-01-07,000001,13:45:39,11.6500,93,2
2026-01-07,000001,13:45:42,11.6600,1754,1
2026-01-07,000001,13:45:45,11.6600,129,2
2026-01-07,000001,13:45:48,11.6600,27,2
2026-01-07,000001,13:45:51,11.6600,17,2
2026-01-07,000001,13:45:54,11.6600,109,2
2026-01-07,000001,13:45:57,11.6600,168,2
2026-01-07,000001,13:46:00,11.6600,23,2
2026-01-07,000001,13:46:03,11.6600,145,2
2026-01-07,000001,13:46:06,11.6600,50,2
2026-01-07,000001,13:46:09,11.6600,276,2
2026-01-07,000001,13:46:12,11.6600,79,2
2026-01-07,000001,13:46:15,11.6600,133,2
2026-01-07,000001,13:46:18,11.6600,96,4
2026-01-07,000001,13:46:21,11.6500,235,2
2026-01-07,000001,13:46:24,11.6500,55,2
2026-01-07,000001,13:46:27,11.6500,22,2
2026-01-07,000001,13:46:30,11.6500,141,2
2026-01-07,000001,13:46:33,11.6600,55,1
2026-01-07,000001,13:46:36,11.6500,93,2
2026-01-07,000001,13:46:39,11.6500,79,2
2026-01-07,000001,13:46:42,11.6500,67,2
2026-01-07,000001,13:46:45,11.6500,11,2
2026-01-07,000001,13:46:48,11.6600,94,1
2026-01-07,000001,13:46:51,11.6600,22,1
2026-01-07,000001,13:46:54,11.6500,193,2
2026-01-07,000001,13:46:57,11.6600,8,1
2026-01-07,000001,13:47:00,11.6500,4,2
2026-01-07,000001,13:47:03,11.6500,114,2
2026-01-07,000001,13:47:06,11.6600,26,1
2026-01-07,000001,13:47:09,11.6600,254,1
2026-01-07,000001,13:47:12,11.6500,27,2
2026-01-07,000001,13:47:15,11.6500,143,2
2026-01-07,000001,13:47:18,11.6500,29,2
2026-01-07,000001,13:47:21,11.6500,194,2
2026-01-07,000001,13:47:24,11.6500,111,2
2026-01-07,000001,13:47:27,11.6500,54,2
2026-01-07,000001,13:47:30,11.6600,210,1
2026-01-07,000001,13:47:33,11.6600,138,1
2026-01-07,000001,13:47:36,11.6600,904,1
2026-01-07,000001,13:47:39,11.6600,108,2
2026-01-07,000001,13:47:42,11.6600,134,2
2026-01-07,000001,13:47:45,11.6600,10,2
2026-01-07,000001,13:47:48,11.6600,43,2
2026-01-07,000001,13:47:51,11.6600,1408,2
2026-01-07,000001,13:47:54,11.6600,6,1
2026-01-07,000001,13:47:57,11.6500,31,2
2026-01-07,000001,13:48:00,11.6600,2,1
2026-01-07,000001,13:48:03,11.6500,166,2
2026-01-07,000001,13:48:06,11.6500,5,2
2026-01-07,000001,13:48:09,11.6600,31,1
2026-01-07,000001,13:48:12,11.6600,32,1
2026-01-07,000001,13:48:18,11.6500,61,2
2026-01-07,000001,13:48:21,11.6500,64,2
2026-01-07,000001,13:48:24,11.6500,4,2
2026-01-07,000001,13:48:30,11.6600,40,1
2026-01-07,000001,13:48:33,11.6500,100,2
2026-01-07,000001,13:48:36,11.6500,14,2
2026-01-07,000001,13:48:39,11.6500,42,2
2026-01-07,000001,13:48:42,11.6600,112,1
2026-01-07,000001,13:48:45,11.6500,65,2
2026-01-07,000001,13:48:54,11.6500,30,2
2026-01-07,000001,13:48:57,11.6500,31,2
2026-01-07,000001,13:49:00,11.6500,55,2
2026-01-07,000001,13:49:06,11.6500,17,2
2026-01-07,000001,13:49:09,11.6500,18,2
2026-01-07,000001,13:49:12,11.6500,8,2
2026-01-07,000001,13:49:15,11.6500,11,2
2026-01-07,000001,13:49:18,11.6500,21,2
2026-01-07,000001,13:49:21,11.6500,130,2
2026-01-07,000001,13:49:24,11.6600,341,1
2026-01-07,000001,13:49:27,11.6500,133,2
2026-01-07,000001,13:49:30,11.6500,74,2
2026-01-07,000001,13:49:33,11.6600,490,1
2026-01-07,000001,13:49:36,11.6500,6,2
2026-01-07,000001,13:49:39,11.6500,100,2
2026-01-07,000001,13:49:42,11.6500,55,2
2026-01-07,000001,13:49:45,11.6600,2,1
2026-01-07,000001,13:49:48,11.6600,61,1
2026-01-07,000001,13:49:51,11.6600,1880,1
2026-01-07,000001,13:49:54,11.6600,137,1
2026-01-07,000001,13:49:57,11.6600,28,1
2026-01-07,000001,13:50:00,11.6600,140,1
2026-01-07,000001,13:50:03,11.6500,189,2
2026-01-07,000001,13:50:06,11.6600,147,1
2026-01-07,000001,13:50:09,11.6600,147,1
2026-01-07,000001,13:50:12,11.6500,507,2
2026-01-07,000001,13:50:15,11.6500,141,2
2026-01-07,000001,13:50:18,11.6500,11,2
2026-01-07,000001,13:50:21,11.6500,504,2
2026-01-07,000001,13:50:27,11.6500,1,2
2026-01-07,000001,13:50:30,11.6500,34,2
2026-01-07,000001,13:50:36,11.6600,9,1
2026-01-07,000001,13:50:42,11.6500,100,2
2026-01-07,000001,13:50:45,11.6500,145,2
2026-01-07,000001,13:50:48,11.6500,41,2
2026-01-07,000001,13:51:00,11.6500,26,2
2026-01-07,000001,13:51:03,11.6600,53,1
2026-01-07,000001,13:51:06,11.6500,16,2
2026-01-07,000001,13:51:09,11.6500,60,2
2026-01-07,000001,13:51:12,11.6500,133,2
2026-01-07,000001,13:51:15,11.6500,21,2
2026-01-07,000001,13:51:18,11.6500,16,2
2026-01-07,000001,13:51:24,11.6500,177,2
2026-01-07,000001,13:51:27,11.6500,66,2
2026-01-07,000001,13:51:30,11.6500,51,2
2026-01-07,000001,13:51:33,11.6500,94,2
2026-01-07,000001,13:51:36,11.6500,27,2
2026-01-07,000001,13:51:39,11.6500,144,2
2026-01-07,000001,13:51:42,11.6500,796,2
2026-01-07,000001,13:51:45,11.6500,253,2
2026-01-07,000001,13:51:48,11.6500,219,1
2026-01-07,000001,13:51:51,11.6600,180,1
2026-01-07,000001,13:51:54,11.6500,3,2
2026-01-07,000001,13:51:57,11.6600,247,1
2026-01-07,000001,13:52:00,11.6500,98,2
2026-01-07,000001,13:52:03,11.6500,3,2
2026-01-07,000001,13:52:06,11.6500,13,2
2026-01-07,000001,13:52:09,11.6600,23,1
2026-01-07,000001,13:52:12,11.6500,52,2
2026-01-07,000001,13:52:15,11.6600,10,1
2026-01-07,000001,13:52:18,11.6600,12,1
2026-01-07,000001,13:52:21,11.6500,56,2
2026-01-07,000001,13:52:30,11.6500,10,2
2026-01-07,000001,13:52:33,11.6600,80,1
2026-01-07,000001,13:52:36,11.6600,14,1
2026-01-07,000001,13:52:39,11.6500,232,2
2026-01-07,000001,13:52:45,11.6500,22,2
2026-01-07,000001,13:52:48,11.6500,43,2
2026-01-07,000001,13:52:51,11.6500,15,2
2026-01-07,000001,13:52:54,11.6500,41,2
2026-01-07,000001,13:52:57,11.6500,237,2
2026-01-07,000001,13:53:00,11.6500,154,2
2026-01-07,000001,13:53:03,11.6600,88,1
2026-01-07,000001,13:53:06,11.6500,85,2
2026-01-07,000001,13:53:09,11.6500,33,2
2026-01-07,000001,13:53:12,11.6500,10,2
2026-01-07,000001,13:53:15,11.6500,35,2
2026-01-07,000001,13:53:18,11.6500,60,2
2026-01-07,000001,13:53:21,11.6500,183,2
2026-01-07,000001,13:53:24,11.6500,110,2
2026-01-07,000001,13:53:27,11.6500,23,2
2026-01-07,000001,13:53:30,11.6500,91,2
2026-01-07,000001,13:53:33,11.6500,48,2
2026-01-07,000001,13:53:42,11.6500,32,2
2026-01-07,000001,13:53:48,11.6500,20,2
2026-01-07,000001,13:53:54,11.6500,86,2
2026-01-07,000001,13:54:00,11.6500,11,2
2026-01-07,000001,13:54:03,11.6600,1905,1
2026-01-07,000001,13:54:06,11.6600,186,2
2026-01-07,000001,13:54:09,11.6600,2,2
2026-01-07,000001,13:54:12,11.6600,36,2
2026-01-07,000001,13:54:15,11.6600,14,2
2026-01-07,000001,13:54:18,11.6700,29,1
2026-01-07,000001,13:54:24,11.6600,6,2
2026-01-07,000001,13:54:27,11.6700,9,1
2026-01-07,000001,13:54:30,11.6700,2645,1
2026-01-07,000001,13:54:33,11.6700,303,1
2026-01-07,000001,13:54:36,11.6700,1,1
2026-01-07,000001,13:54:39,11.6700,20,1
2026-01-07,000001,13:54:42,11.6700,5,1
2026-01-07,000001,13:54:45,11.6700,23,2
2026-01-07,000001,13:54:48,11.6700,202,2
2026-01-07,000001,13:54:51,11.6700,2002,2
2026-01-07,000001,13:54:54,11.6700,256,2
2026-01-07,000001,13:54:57,11.6800,6,1
2026-01-07,000001,13:55:00,11.6800,26,1
2026-01-07,000001,13:55:03,11.6700,14,2
2026-01-07,000001,13:55:06,11.6700,24,2
2026-01-07,000001,13:55:09,11.6700,100,2
2026-01-07,000001,13:55:12,11.6800,40,1
2026-01-07,000001,13:55:15,11.6800,50,1
2026-01-07,000001,13:55:18,11.6700,5,2
2026-01-07,000001,13:55:21,11.6800,2,1
2026-01-07,000001,13:55:30,11.6700,23,2
2026-01-07,000001,13:55:33,11.6700,10,2
2026-01-07,000001,13:55:39,11.6800,113,1
2026-01-07,000001,13:55:42,11.6700,30,2
2026-01-07,000001,13:55:45,11.6700,10,2
2026-01-07,000001,13:55:48,11.6700,19,2
2026-01-07,000001,13:55:51,11.6700,1,2
2026-01-07,000001,13:55:54,11.6800,134,1
2026-01-07,000001,13:55:57,11.6700,10,2
2026-01-07,000001,13:56:00,11.6700,117,2
2026-01-07,000001,13:56:03,11.6800,147,1
2026-01-07,000001,13:56:06,11.6800,3,1
2026-01-07,000001,13:56:09,11.6700,15,2
2026-01-07,000001,13:56:12,11.6800,5,1
2026-01-07,000001,13:56:15,11.6700,1,2
2026-01-07,000001,13:56:18,11.6700,26,2
2026-01-07,000001,13:56:24,11.6700,105,2
2026-01-07,000001,13:56:30,11.6700,1,2
2026-01-07,000001,13:56:33,11.6700,18,2
2026-01-07,000001,13:56:36,11.6700,30,2
2026-01-07,000001,13:56:45,11.6700,63,2
2026-01-07,000001,13:56:48,11.6800,872,1
2026-01-07,000001,13:56:51,11.6700,209,2
2026-01-07,000001,13:56:54,11.6700,32,2
2026-01-07,000001,13:56:57,11.6700,53,2
2026-01-07,000001,13:57:00,11.6700,83,2
2026-01-07,000001,13:57:03,11.6800,134,1
2026-01-07,000001,13:57:06,11.6700,61,2
2026-01-07,000001,13:57:09,11.6800,988,1
2026-01-07,000001,13:57:12,11.6600,261,2
2026-01-07,000001,13:57:15,11.6800,57,1
2026-01-07,000001,13:57:18,11.6700,41,2
2026-01-07,000001,13:57:21,11.6800,194,1
2026-01-07,000001,13:57:24,11.6700,2,2
2026-01-07,000001,13:57:27,11.6700,24,2
2026-01-07,000001,13:57:30,11.6800,38,1
2026-01-07,000001,13:57:33,11.6700,60,2
2026-01-07,000001,13:57:36,11.6800,58,1
2026-01-07,000001,13:57:39,11.6700,16,2
2026-01-07,000001,13:57:45,11.6700,32,2
2026-01-07,000001,13:57:57,11.6700,311,2
2026-01-07,000001,13:58:00,11.6700,5,2
2026-01-07,000001,13:58:03,11.6800,48,1
2026-01-07,000001,13:58:06,11.6700,59,2
2026-01-07,000001,13:58:09,11.6700,524,2
2026-01-07,000001,13:58:12,11.6700,182,2
2026-01-07,000001,13:58:15,11.6700,325,2
2026-01-07,000001,13:58:18,11.6700,358,1
2026-01-07,000001,13:58:21,11.6600,70,2
2026-01-07,000001,13:58:27,11.6700,1576,1
2026-01-07,000001,13:58:30,11.6700,258,2
2026-01-07,000001,13:58:33,11.6800,25,1
2026-01-07,000001,13:58:36,11.6700,70,2
2026-01-07,000001,13:58:39,11.6700,199,2
2026-01-07,000001,13:58:42,11.6700,41,1
2026-01-07,000001,13:58:45,11.6700,4,1
2026-01-07,000001,13:58:48,11.6700,20,1
2026-01-07,000001,13:58:51,11.6600,10,2
2026-01-07,000001,13:58:54,11.6600,3,2
2026-01-07,000001,13:59:00,11.6700,261,1
2026-01-07,000001,13:59:03,11.6600,171,2
2026-01-07,000001,13:59:09,11.6700,4443,1
2026-01-07,000001,13:59:12,11.6700,1352,1
2026-01-07,000001,13:59:15,11.6700,256,2
2026-01-07,000001,13:59:18,11.6700,57,1
2026-01-07,000001,13:59:21,11.6700,27,1
2026-01-07,000001,13:59:24,11.6700,21,1
2026-01-07,000001,13:59:27,11.6800,13,1
2026-01-07,000001,13:59:30,11.6700,2,2
2026-01-07,000001,13:59:33,11.6700,7,2
2026-01-07,000001,13:59:36,11.6700,3,2
2026-01-07,000001,13:59:39,11.6700,243,2
2026-01-07,000001,13:59:45,11.6600,15,2
2026-01-07,000001,13:59:48,11.6700,2027,1
2026-01-07,000001,13:59:51,11.6700,171,1
2026-01-07,000001,13:59:57,11.6600,8,2
2026-01-07,000001,14:00:00,11.6600,16,2
2026-01-07,000001,14:00:03,11.6700,871,1
2026-01-07,000001,14:00:06,11.6700,752,1
2026-01-07,000001,14:00:09,11.6700,71,1
2026-01-07,000001,14:00:12,11.6700,14,1
2026-01-07,000001,14:00:15,11.6700,48,1
2026-01-07,000001,14:00:18,11.6700,727,1
2026-01-07,000001,14:00:21,11.6800,113,1
2026-01-07,000001,14:00:30,11.6800,1,1
2026-01-07,000001,14:00:33,11.6700,358,2
2026-01-07,000001,14:00:36,11.6700,3,2
2026-01-07,000001,14:00:39,11.6800,22,1
2026-01-07,000001,14:00:42,11.6700,45,2
2026-01-07,000001,14:00:45,11.6700,410,2
2026-01-07,000001,14:00:48,11.6700,208,2
2026-01-07,000001,14:00:51,11.6700,11,2
2026-01-07,000001,14:00:54,11.6700,20,2
2026-01-07,000001,14:00:57,11.6700,35,2
2026-01-07,000001,14:01:00,11.6700,28,2
2026-01-07,000001,14:01:03,11.6700,9,2
2026-01-07,000001,14:01:06,11.6700,10,2
2026-01-07,000001,14:01:09,11.6700,349,2
2026-01-07,000001,14:01:12,11.6700,187,2
2026-01-07,000001,14:01:15,11.6700,91,2
2026-01-07,000001,14:01:18,11.6700,85,2
2026-01-07,000001,14:01:21,11.6700,393,2
2026-01-07,000001,14:01:24,11.6800,152,1
2026-01-07,000001,14:01:27,11.6700,95,2
2026-01-07,000001,14:01:30,11.6800,96,1
2026-01-07,000001,14:01:39,11.6700,6,2
2026-01-07,000001,14:01:42,11.6700,19,2
2026-01-07,000001,14:01:45,11.6800,1,1
2026-01-07,000001,14:01:48,11.6800,3,1
2026-01-07,000001,14:01:51,11.6800,10,1
2026-01-07,000001,14:01:57,11.6800,1,1
2026-01-07,000001,14:02:00,11.6800,1,1
2026-01-07,000001,14:02:03,11.6700,3,2
2026-01-07,000001,14:02:06,11.6700,10,2
2026-01-07,000001,14:02:09,11.6700,24,2
2026-01-07,000001,14:02:12,11.6800,30,1
2026-01-07,000001,14:02:18,11.6700,13,2
2026-01-07,000001,14:02:21,11.6800,63,1
2026-01-07,000001,14:02:24,11.6700,49,2
2026-01-07,000001,14:02:30,11.6800,2,1
2026-01-07,000001,14:02:33,11.6800,14,1
2026-01-07,000001,14:02:36,11.6800,1,1
2026-01-07,000001,14:02:39,11.6800,3,1
2026-01-07,000001,14:02:42,11.6700,8,2
2026-01-07,000001,14:02:45,11.6800,14,1
2026-01-07,000001,14:02:48,11.6700,10,2
2026-01-07,000001,14:02:51,11.6800,2,1
2026-01-07,000001,14:02:54,11.6700,500,2
2026-01-07,000001,14:02:57,11.6700,76,2
2026-01-07,000001,14:03:00,11.6700,40,2
2026-01-07,000001,14:03:03,11.6700,1551,2
2026-01-07,000001,14:03:06,11.6700,210,2
2026-01-07,000001,14:03:09,11.6700,14,2
2026-01-07,000001,14:03:12,11.6700,14,2
2026-01-07,000001,14:03:15,11.6700,80,2
2026-01-07,000001,14:03:18,11.6700,22,2
2026-01-07,000001,14:03:21,11.6700,462,2
2026-01-07,000001,14:03:24,11.6700,221,2
2026-01-07,000001,14:03:27,11.6700,16,1
2026-01-07,000001,14:03:30,11.6700,5,1
2026-01-07,000001,14:03:33,11.6700,2231,1
2026-01-07,000001,14:03:36,11.6700,403,1
2026-01-07,000001,14:03:39,11.6700,2411,1
2026-01-07,000001,14:03:42,11.6600,290,2
2026-01-07,000001,14:03:45,11.6700,80,1
2026-01-07,000001,14:03:48,11.6700,1,1
2026-01-07,000001,14:03:54,11.6700,73,1
2026-01-07,000001,14:03:57,11.6700,8,1
2026-01-07,000001,14:04:03,11.6700,1190,1
2026-01-07,000001,14:04:06,11.6700,403,2
2026-01-07,000001,14:04:09,11.6800,517,1
2026-01-07,000001,14:04:12,11.6700,43,4
2026-01-07,000001,14:04:15,11.6700,1,2
2026-01-07,000001,14:04:18,11.6700,871,2
2026-01-07,000001,14:04:21,11.6800,257,1
2026-01-07,000001,14:04:24,11.6600,1,2
2026-01-07,000001,14:04:27,11.6700,55,2
2026-01-07,000001,14:04:30,11.6700,3,2
2026-01-07,000001,14:04:33,11.6800,12,1
2026-01-07,000001,14:04:39,11.6700,12,2
2026-01-07,000001,14:04:42,11.6800,8,1
2026-01-07,000001,14:04:45,11.6700,68,2
2026-01-07,000001,14:04:48,11.6700,23,2
2026-01-07,000001,14:04:51,11.6700,46,2
2026-01-07,000001,14:04:54,11.6700,1,2
2026-01-07,000001,14:04:57,11.6800,1,1
2026-01-07,000001,14:05:03,11.6800,33,1
2026-01-07,000001,14:05:09,11.6800,18,1
2026-01-07,000001,14:05:12,11.6700,2,2
2026-01-07,000001,14:05:21,11.6800,2,1
2026-01-07,000001,14:05:24,11.6700,500,2
2026-01-07,000001,14:05:27,11.6800,6,1
2026-01-07,000001,10:43:48,11.7100,37,1
2026-01-07,000001,10:43:51,11.7100,30,1
2026-01-07,000001,10:43:54,11.7000,24,2
2026-01-07,000001,10:43:57,11.7000,19,2
2026-01-07,000001,10:44:00,11.7000,5,2
2026-01-07,000001,10:44:03,11.7100,82,1
2026-01-07,000001,10:44:06,11.7000,19,2
2026-01-07,000001,10:44:09,11.7000,21,2
2026-01-07,000001,10:44:12,11.7000,18,2
2026-01-07,000001,10:44:15,11.7100,46,1
2026-01-07,000001,10:44:18,11.7000,37,2
2026-01-07,000001,10:44:21,11.7100,24,1
2026-01-07,000001,10:44:27,11.7100,18,1
2026-01-07,000001,10:44:30,11.7000,274,2
2026-01-07,000001,10:44:33,11.7000,129,2
2026-01-07,000001,10:44:36,11.7100,21,1
2026-01-07,000001,10:44:39,11.7100,30,1
2026-01-07,000001,10:44:42,11.7100,227,1
2026-01-07,000001,10:44:45,11.7100,13,1
2026-01-07,000001,10:44:48,11.7000,81,2
2026-01-07,000001,10:44:51,11.7100,33,1
2026-01-07,000001,10:44:54,11.7000,6,2
2026-01-07,000001,10:45:00,11.7100,13,1
2026-01-07,000001,10:45:03,11.7100,4,1
2026-01-07,000001,10:45:06,11.7000,20,2
2026-01-07,000001,10:45:09,11.7100,13,1
2026-01-07,000001,10:45:12,11.7000,17,2
2026-01-07,000001,10:45:15,11.7000,357,2
2026-01-07,000001,10:45:18,11.7000,30,2
2026-01-07,000001,10:45:21,11.7100,44,1
2026-01-07,000001,10:45:24,11.7000,32,2
2026-01-07,000001,10:45:27,11.7000,88,2
2026-01-07,000001,10:45:30,11.7000,108,2
2026-01-07,000001,10:45:33,11.7000,61,2
2026-01-07,000001,10:45:36,11.7000,32,2
2026-01-07,000001,10:45:39,11.7000,17,2
2026-01-07,000001,10:45:42,11.7000,68,2
2026-01-07,000001,10:45:45,11.7000,75,2
2026-01-07,000001,10:45:48,11.7100,65,1
2026-01-07,000001,10:45:51,11.7000,5,2
2026-01-07,000001,10:45:54,11.7000,4,2
2026-01-07,000001,10:45:57,11.7000,35,2
2026-01-07,000001,10:46:00,11.7100,102,1
2026-01-07,000001,10:46:03,11.7000,30,2
2026-01-07,000001,10:46:06,11.7000,5,2
2026-01-07,000001,10:46:09,11.7000,64,2
2026-01-07,000001,10:46:12,11.7000,1,2
2026-01-07,000001,10:46:15,11.7100,37,1
2026-01-07,000001,10:46:18,11.7000,29,2
2026-01-07,000001,10:46:21,11.7000,454,2
2026-01-07,000001,10:46:24,11.7000,438,2
2026-01-07,000001,10:46:27,11.7000,142,2
2026-01-07,000001,10:46:30,11.7000,191,2
2026-01-07,000001,10:46:33,11.7000,173,2
2026-01-07,000001,10:46:36,11.7000,6,2
2026-01-07,000001,10:46:39,11.7000,29,2
2026-01-07,000001,10:46:42,11.7100,26,1
2026-01-07,000001,10:46:45,11.7000,43,2
2026-01-07,000001,10:46:48,11.7000,109,2
2026-01-07,000001,10:46:54,11.7000,13,2
2026-01-07,000001,10:46:57,11.7000,18,2
2026-01-07,000001,10:47:00,11.7000,11,2
2026-01-07,000001,10:47:03,11.7000,106,2
2026-01-07,000001,10:47:06,11.7000,202,2
2026-01-07,000001,10:47:09,11.7000,33,2
2026-01-07,000001,10:47:12,11.7000,88,2
2026-01-07,000001,10:47:15,11.7000,44,2
2026-01-07,000001,10:47:18,11.7000,20,2
2026-01-07,000001,10:47:21,11.7000,71,2
2026-01-07,000001,10:47:24,11.7000,149,2
2026-01-07,000001,10:47:27,11.7000,21,2
2026-01-07,000001,10:47:30,11.7000,11,2
2026-01-07,000001,10:47:33,11.6900,481,2
2026-01-07,000001,10:47:36,11.6900,52,2
2026-01-07,000001,10:47:39,11.7100,150,1
2026-01-07,000001,10:47:45,11.7000,37,2
2026-01-07,000001,10:47:48,11.7000,101,2
2026-01-07,000001,10:47:51,11.7100,520,1
2026-01-07,000001,10:47:54,11.7100,251,1
2026-01-07,000001,10:47:57,11.7100,459,1
2026-01-07,000001,10:48:00,11.7100,10,1
2026-01-07,000001,10:48:03,11.7000,28,2
2026-01-07,000001,10:48:06,11.7100,19,1
2026-01-07,000001,10:48:12,11.7000,25,2
2026-01-07,000001,10:48:15,11.7100,16,1
2026-01-07,000001,10:48:18,11.7000,30,2
2026-01-07,000001,10:48:21,11.7100,35,1
2026-01-07,000001,10:48:24,11.7100,5,1
2026-01-07,000001,10:48:27,11.7100,1,1
2026-01-07,000001,10:48:30,11.7000,130,2
2026-01-07,000001,10:48:33,11.7000,173,2
2026-01-07,000001,10:48:36,11.7000,25,2
2026-01-07,000001,10:48:39,11.7100,14,1
2026-01-07,000001,10:48:42,11.7000,39,2
2026-01-07,000001,10:48:45,11.7000,70,2
2026-01-07,000001,10:48:48,11.7100,45,1
2026-01-07,000001,10:48:51,11.7100,13,1
2026-01-07,000001,10:48:54,11.7000,73,2
2026-01-07,000001,10:48:57,11.7000,12,2
2026-01-07,000001,10:49:00,11.7000,105,2
2026-01-07,000001,10:49:03,11.7100,26,1
2026-01-07,000001,10:49:06,11.7000,2,2
2026-01-07,000001,10:49:09,11.7100,15,1
2026-01-07,000001,10:49:12,11.7000,145,2
2026-01-07,000001,10:49:15,11.7100,5,1
2026-01-07,000001,10:49:18,11.7100,56,1
2026-01-07,000001,10:49:27,11.7100,43,1
2026-01-07,000001,10:49:30,11.7000,20,2
2026-01-07,000001,10:49:33,11.7000,195,2
2026-01-07,000001,10:49:36,11.7000,543,2
2026-01-07,000001,10:49:39,11.7000,53,2
2026-01-07,000001,10:49:42,11.7000,18,2
2026-01-07,000001,10:49:45,11.7000,14,2
2026-01-07,000001,10:49:48,11.7000,44,2
2026-01-07,000001,10:49:51,11.7000,3,2
2026-01-07,000001,10:49:54,11.7000,28,2
2026-01-07,000001,10:49:57,11.7000,89,2
2026-01-07,000001,10:50:00,11.7000,83,2
2026-01-07,000001,10:50:03,11.7000,30,2
2026-01-07,000001,10:50:06,11.7000,14,2
2026-01-07,000001,10:50:09,11.7000,1,2
2026-01-07,000001,10:50:12,11.7100,7,1
2026-01-07,000001,10:50:15,11.7000,2,2
2026-01-07,000001,10:50:21,11.7000,5,2
2026-01-07,000001,10:50:24,11.7000,9,2
2026-01-07,000001,10:50:33,11.7000,160,2
2026-01-07,000001,10:50:36,11.7000,125,2
2026-01-07,000001,10:50:39,11.7100,33,1
2026-01-07,000001,10:50:42,11.7000,45,2
2026-01-07,000001,10:50:45,11.7000,66,2
2026-01-07,000001,10:50:48,11.7100,47,1
2026-01-07,000001,10:50:51,11.7000,63,2
2026-01-07,000001,10:50:54,11.7000,87,1
2026-01-07,000001,10:50:57,11.7000,12,2
2026-01-07,000001,10:51:00,11.7000,46,2
2026-01-07,000001,10:51:03,11.6900,112,2
2026-01-07,000001,10:51:06,11.7000,23,4
2026-01-07,000001,10:51:09,11.6900,137,2
2026-01-07,000001,10:51:12,11.7000,97,1
2026-01-07,000001,10:51:15,11.7000,70,1
2026-01-07,000001,10:51:18,11.7000,22,1
2026-01-07,000001,10:51:21,11.7000,22,2
2026-01-07,000001,10:51:27,11.7000,35,1
2026-01-07,000001,10:51:30,11.7000,11,2
2026-01-07,000001,10:51:33,11.7000,158,2
2026-01-07,000001,10:51:36,11.7000,58,2
2026-01-07,000001,10:51:39,11.7100,214,1
2026-01-07,000001,10:51:42,11.7100,25,1
2026-01-07,000001,10:51:48,11.7000,14,2
2026-01-07,000001,10:51:51,11.7000,110,2
2026-01-07,000001,10:51:54,11.7000,6,2
2026-01-07,000001,10:51:57,11.7000,25,2
2026-01-07,000001,10:52:00,11.7000,4,2
2026-01-07,000001,10:52:03,11.7000,101,2
2026-01-07,000001,10:52:06,11.7000,122,2
2026-01-07,000001,10:52:09,11.7000,43,2
2026-01-07,000001,10:52:12,11.7000,61,2
2026-01-07,000001,10:52:15,11.7100,89,1
2026-01-07,000001,10:52:18,11.7000,41,2
2026-01-07,000001,10:52:21,11.7100,20,1
2026-01-07,000001,10:52:24,11.7000,42,2
2026-01-07,000001,10:52:27,11.7100,31,1
2026-01-07,000001,10:52:30,11.7000,4,2
2026-01-07,000001,10:52:33,11.7000,105,2
2026-01-07,000001,10:52:36,11.7100,37,1
2026-01-07,000001,10:52:39,11.7000,93,2
2026-01-07,000001,10:52:42,11.7100,13,1
2026-01-07,000001,10:52:45,11.7100,32,1
2026-01-07,000001,10:52:48,11.7100,14,1
2026-01-07,000001,10:52:51,11.7100,1,1
2026-01-07,000001,10:52:54,11.7000,41,2
2026-01-07,000001,10:52:57,11.7100,76,1
2026-01-07,000001,10:53:00,11.7000,32,2
2026-01-07,000001,10:53:03,11.7100,218,1
2026-01-07,000001,10:53:06,11.7000,35,2
2026-01-07,000001,10:53:09,11.7000,44,2
2026-01-07,000001,10:53:12,11.7000,10,2
2026-01-07,000001,10:53:15,11.7000,20,2
2026-01-07,000001,10:53:18,11.7000,59,2
2026-01-07,000001,10:53:21,11.7000,6,2
2026-01-07,000001,10:53:24,11.7000,96,2
2026-01-07,000001,10:53:27,11.7000,41,2
2026-01-07,000001,10:53:30,11.7100,17,1
2026-01-07,000001,10:53:36,11.7100,151,1
2026-01-07,000001,10:53:39,11.7000,5,2
2026-01-07,000001,10:53:42,11.7100,33,1
2026-01-07,000001,10:53:45,11.7000,49,2
2026-01-07,000001,10:53:48,11.7000,14,2
2026-01-07,000001,10:53:51,11.7100,68,1
2026-01-07,000001,10:53:54,11.7000,12,2
2026-01-07,000001,10:53:57,11.7000,70,2
2026-01-07,000001,10:54:00,11.7000,33,2
2026-01-07,000001,10:54:03,11.7000,105,2
2026-01-07,000001,10:54:06,11.7000,82,2
2026-01-07,000001,10:54:09,11.7000,19,2
2026-01-07,000001,10:54:12,11.7000,10,2
2026-01-07,000001,10:54:15,11.7000,27,2
2026-01-07,000001,10:54:18,11.7000,34,2
2026-01-07,000001,10:54:21,11.7000,76,2
2026-01-07,000001,10:54:24,11.7000,64,1
2026-01-07,000001,10:54:27,11.7000,5,2
2026-01-07,000001,10:54:30,11.6900,37,2
2026-01-07,000001,10:54:33,11.7000,2,2
2026-01-07,000001,10:54:36,11.7000,132,2
2026-01-07,000001,10:54:39,11.7000,19,1
2026-01-07,000001,10:54:42,11.7000,13,2
2026-01-07,000001,10:54:45,11.7100,47,1
2026-01-07,000001,10:54:48,11.7000,8,2
2026-01-07,000001,10:54:51,11.7000,33,2
2026-01-07,000001,10:54:54,11.7000,30,2
2026-01-07,000001,10:54:57,11.7100,88,1
2026-01-07,000001,10:55:00,11.7000,53,2
2026-01-07,000001,10:55:03,11.7000,114,2
2026-01-07,000001,10:55:06,11.7100,32,1
2026-01-07,000001,10:55:09,11.7000,197,2
2026-01-07,000001,10:55:12,11.7000,118,2
2026-01-07,000001,10:55:15,11.6900,81,2
2026-01-07,000001,10:55:18,11.6900,112,2
2026-01-07,000001,10:55:21,11.7000,8,1
2026-01-07,000001,10:55:24,11.6900,40,2
2026-01-07,000001,10:55:27,11.6900,32,2
2026-01-07,000001,10:55:30,11.7000,40,1
2026-01-07,000001,10:55:33,11.7100,27,1
2026-01-07,000001,10:55:36,11.7000,61,2
2026-01-07,000001,10:55:39,11.7000,2,1
2026-01-07,000001,10:55:42,11.7000,19,1
2026-01-07,000001,10:55:45,11.7000,19,1
2026-01-07,000001,10:55:48,11.7000,35,1
2026-01-07,000001,10:55:54,11.7000,273,1
2026-01-07,000001,10:55:57,11.7000,46,2
2026-01-07,000001,10:56:00,11.7000,57,2
2026-01-07,000001,10:56:03,11.7000,36,1
2026-01-07,000001,10:56:06,11.7000,565,1
2026-01-07,000001,10:56:09,11.7000,2,2
2026-01-07,000001,10:56:12,11.7000,1,2
2026-01-07,000001,10:56:15,11.7000,53,2
2026-01-07,000001,10:56:18,11.7100,1497,1
2026-01-07,000001,10:56:21,11.7200,2034,1
2026-01-07,000001,10:56:27,11.7100,33,2
2026-01-07,000001,10:56:30,11.7100,3,2
2026-01-07,000001,10:56:33,11.7100,90,2
2026-01-07,000001,10:56:36,11.7100,89,2
2026-01-07,000001,10:56:39,11.7100,9,2
2026-01-07,000001,10:56:42,11.7100,18,2
2026-01-07,000001,10:56:45,11.7100,21,2
2026-01-07,000001,10:56:48,11.7100,42,2
2026-01-07,000001,10:56:51,11.7100,25,2
2026-01-07,000001,10:56:54,11.7100,48,1
2026-01-07,000001,10:56:57,11.7000,12,2
2026-01-07,000001,10:57:03,11.7000,39,2
2026-01-07,000001,10:57:06,11.7000,13,2
2026-01-07,000001,10:57:15,11.7100,10,1
2026-01-07,000001,10:57:18,11.7000,2,2
2026-01-07,000001,10:57:21,11.7000,10,2
2026-01-07,000001,10:57:30,11.7000,27,2
2026-01-07,000001,10:57:33,11.7000,31,2
2026-01-07,000001,10:57:36,11.7000,105,2
2026-01-07,000001,10:57:39,11.7000,11,2
2026-01-07,000001,10:57:42,11.7000,41,2
2026-01-07,000001,10:57:45,11.7100,72,1
2026-01-07,000001,10:57:48,11.7000,47,2
2026-01-07,000001,10:57:51,11.7000,10,2
2026-01-07,000001,10:57:54,11.7100,2,1
2026-01-07,000001,10:57:57,11.7000,99,2
2026-01-07,000001,10:58:00,11.7000,15,2
2026-01-07,000001,10:58:03,11.7000,14,2
2026-01-07,000001,10:58:06,11.7000,7,2
2026-01-07,000001,10:58:09,11.7000,3,2
2026-01-07,000001,10:58:12,11.7000,22,2
2026-01-07,000001,10:58:15,11.7000,20,2
2026-01-07,000001,10:58:18,11.7100,73,1
2026-01-07,000001,10:58:21,11.7000,11,2
2026-01-07,000001,10:58:24,11.7000,103,2
2026-01-07,000001,10:58:27,11.7000,2,2
2026-01-07,000001,10:58:30,11.7000,15,2
2026-01-07,000001,10:58:33,11.7000,137,2
2026-01-07,000001,10:58:36,11.7000,226,2
2026-01-07,000001,10:58:39,11.7100,17,1
2026-01-07,000001,10:58:42,11.7000,122,2
2026-01-07,000001,10:58:45,11.7000,9,2
2026-01-07,000001,10:58:48,11.7000,3,2
2026-01-07,000001,10:58:51,11.7000,34,2
2026-01-07,000001,10:58:54,11.7100,12,1
2026-01-07,000001,10:58:57,11.7000,54,2
2026-01-07,000001,10:59:00,11.7000,36,2
2026-01-07,000001,10:59:03,11.7000,63,2
2026-01-07,000001,10:59:06,11.7000,74,2
2026-01-07,000001,10:59:09,11.7100,37,1
2026-01-07,000001,10:59:12,11.7100,34,1
2026-01-07,000001,10:59:15,11.7000,70,2
2026-01-07,000001,10:59:18,11.7000,4,2
2026-01-07,000001,10:59:21,11.7000,50,2
2026-01-07,000001,10:59:24,11.7000,149,2
2026-01-07,000001,10:59:27,11.7000,18,1
2026-01-07,000001,10:59:30,11.7000,717,1
2026-01-07,000001,10:59:33,11.7000,57,2
2026-01-07,000001,10:59:36,11.7000,118,2
2026-01-07,000001,10:59:39,11.7100,1,1
2026-01-07,000001,10:59:48,11.7100,1,1
2026-01-07,000001,10:59:51,11.7000,20,2
2026-01-07,000001,10:59:54,11.7100,34,1
2026-01-07,000001,11:00:00,11.7000,79,4
2026-01-07,000001,11:00:03,11.6900,31,2
2026-01-07,000001,11:00:06,11.6900,101,2
2026-01-07,000001,11:00:09,11.7000,9,4
2026-01-07,000001,11:00:15,11.7000,39,1
2026-01-07,000001,11:00:18,11.7000,17,1
2026-01-07,000001,11:00:24,11.6900,9,2
2026-01-07,000001,11:00:30,11.7000,138,1
2026-01-07,000001,11:00:33,11.7000,18,1
2026-01-07,000001,11:00:36,11.6900,191,2
2026-01-07,000001,11:00:42,11.6900,71,2
2026-01-07,000001,11:00:45,11.7000,3,1
2026-01-07,000001,11:00:54,11.6900,36,2
2026-01-07,000001,11:00:57,11.7000,128,1
2026-01-07,000001,11:01:03,11.7000,33,1
2026-01-07,000001,11:01:06,11.6900,31,2
2026-01-07,000001,11:01:09,11.6900,33,2
2026-01-07,000001,11:01:12,11.6900,13,2
2026-01-07,000001,11:01:15,11.7000,10,1
2026-01-07,000001,11:01:18,11.6900,13,2
2026-01-07,000001,11:01:21,11.6900,11,2
2026-01-07,000001,11:01:24,11.7000,28,1
2026-01-07,000001,11:01:27,11.7000,19,1
2026-01-07,000001,11:01:30,11.7000,3,1
2026-01-07,000001,11:01:33,11.7000,45,1
2026-01-07,000001,11:01:36,11.6900,107,2
2026-01-07,000001,11:01:39,11.6900,38,2
2026-01-07,000001,11:01:42,11.7000,12,1
2026-01-07,000001,11:01:45,11.7000,27,1
2026-01-07,000001,11:01:54,11.7000,8,1
2026-01-07,000001,11:01:57,11.6900,18,2
2026-01-07,000001,11:02:03,11.7000,31,1
2026-01-07,000001,11:02:09,11.6900,6,2
2026-01-07,000001,11:02:12,11.6900,8,2
2026-01-07,000001,11:02:15,11.7000,6,1
2026-01-07,000001,11:02:18,11.6900,51,2
2026-01-07,000001,11:02:21,11.7000,1313,1
2026-01-07,000001,11:02:24,11.7000,78,2
2026-01-07,000001,11:02:27,11.7000,163,2
2026-01-07,000001,11:02:30,11.7000,38,1
2026-01-07,000001,11:02:33,11.7000,6,1
2026-01-07,000001,11:02:36,11.7000,2,1
2026-01-07,000001,11:02:39,11.6900,105,2
2026-01-07,000001,11:02:42,11.6900,1457,2
2026-01-07,000001,11:02:45,11.6900,23,2
2026-01-07,000001,11:02:51,11.6900,4,2
2026-01-07,000001,11:02:54,11.6900,12,2
2026-01-07,000001,11:03:00,11.7000,27,1
2026-01-07,000001,11:03:03,11.6900,5,2
2026-01-07,000001,11:03:06,11.6900,29,2
2026-01-07,000001,11:03:09,11.6900,33,2
2026-01-07,000001,11:03:12,11.6900,33,2
2026-01-07,000001,11:03:15,11.7000,11,1
2026-01-07,000001,11:03:18,11.6900,596,2
2026-01-07,000001,11:03:21,11.7000,21,1
2026-01-07,000001,11:03:24,11.7000,1,1
2026-01-07,000001,11:03:27,11.6900,185,2
2026-01-07,000001,11:03:30,11.6900,339,2
2026-01-07,000001,11:03:33,11.6900,21,1
2026-01-07,000001,11:03:36,11.6900,20,1
2026-01-07,000001,11:03:39,11.6800,164,2
2026-01-07,000001,11:03:48,11.6900,5,1
2026-01-07,000001,11:03:51,11.6800,19,2
2026-01-07,000001,11:03:54,11.6800,33,2
2026-01-07,000001,11:03:57,11.6800,508,2
2026-01-07,000001,11:04:00,11.6800,47,2
2026-01-07,000001,11:04:03,11.6900,31,1
2026-01-07,000001,11:04:06,11.6800,50,2
2026-01-07,000001,11:04:09,11.6800,111,2
2026-01-07,000001,11:04:15,11.6800,11,2
2026-01-07,000001,11:04:18,11.6900,16,1
2026-01-07,000001,11:04:21,11.6800,73,2
2026-01-07,000001,11:04:24,11.6900,8,1
2026-01-07,000001,11:04:27,11.6800,4,2
2026-01-07,000001,11:04:30,11.6800,67,2
2026-01-07,000001,11:04:33,11.6800,601,2
2026-01-07,000001,11:04:36,11.6800,32,2
2026-01-07,000001,11:04:39,11.6900,137,1
2026-01-07,000001,11:04:42,11.6900,27,1
2026-01-07,000001,11:04:45,11.6900,1,1
2026-01-07,000001,11:04:51,11.6900,136,1
2026-01-07,000001,11:04:54,11.6900,1,1
2026-01-07,000001,11:05:00,11.6800,300,2
2026-01-07,000001,11:05:03,11.6900,41,1
2026-01-07,000001,11:05:06,11.6800,32,2
2026-01-07,000001,11:05:09,11.6900,63,1
2026-01-07,000001,11:05:12,11.6800,34,2
2026-01-07,000001,11:05:15,11.6900,51,1
2026-01-07,000001,11:05:18,11.6900,158,1
2026-01-07,000001,11:05:21,11.6900,27,1
2026-01-07,000001,11:05:24,11.6800,544,2
2026-01-07,000001,11:05:27,11.6800,80,2
2026-01-07,000001,11:05:30,11.6800,50,2
2026-01-07,000001,11:05:33,11.6900,5,1
2026-01-07,000001,11:05:39,11.6800,106,2
2026-01-07,000001,11:05:42,11.6800,104,2
2026-01-07,000001,11:05:45,11.6800,5,2
2026-01-07,000001,11:05:48,11.6800,26,2
2026-01-07,000001,11:05:51,11.6800,38,2
2026-01-07,000001,11:05:54,11.6800,128,2
2026-01-07,000001,11:05:57,11.6800,97,2
2026-01-07,000001,11:06:00,11.6800,337,2
2026-01-07,000001,11:06:03,11.6800,600,2
2026-01-07,000001,11:06:06,11.6800,8,2
2026-01-07,000001,11:06:09,11.6800,40,2
2026-01-07,000001,11:06:12,11.6800,5,2
2026-01-07,000001,11:06:15,11.6900,84,1
2026-01-07,000001,11:06:18,11.6900,63,1
2026-01-07,000001,11:06:21,11.6900,104,1
2026-01-07,000001,11:06:24,11.6900,20,1
2026-01-07,000001,11:06:27,11.6900,350,1
2026-01-07,000001,11:06:30,11.6800,14,2
2026-01-07,000001,11:06:36,11.6800,33,2
2026-01-07,000001,11:06:39,11.6800,121,2
2026-01-07,000001,11:06:45,11.6900,2721,1
2026-01-07,000001,11:06:48,11.6900,217,1
2026-01-07,000001,11:06:51,11.6900,7,1
2026-01-07,000001,11:06:54,11.6800,68,2
2026-01-07,000001,11:06:57,11.6900,14,1
2026-01-07,000001,11:07:00,11.6800,67,2
2026-01-07,000001,11:07:03,11.6900,19,1
2026-01-07,000001,11:07:06,11.6800,8,2
2026-01-07,000001,11:07:09,11.6800,7,2
2026-01-07,000001,11:07:12,11.6800,10,2
2026-01-07,000001,11:07:15,11.6900,6,1
2026-01-07,000001,11:07:18,11.6800,1029,2
2026-01-07,000001,11:07:21,11.6800,2,2
2026-01-07,000001,11:07:27,11.6900,1,1
2026-01-07,000001,11:07:30,11.6800,78,2
2026-01-07,000001,11:07:33,11.6800,8,2
2026-01-07,000001,11:07:36,11.6900,47,1
2026-01-07,000001,11:07:39,11.6800,103,2
2026-01-07,000001,11:07:42,11.6800,52,2
2026-01-07,000001,11:07:45,11.6800,1,2
2026-01-07,000001,11:07:48,11.6800,29,2
2026-01-07,000001,11:07:51,11.6800,40,2
2026-01-07,000001,11:07:54,11.6800,130,2
2026-01-07,000001,11:08:00,11.6800,10,2
2026-01-07,000001,11:08:03,11.6800,50,2
2026-01-07,000001,11:08:06,11.6800,19,2
2026-01-07,000001,11:08:09,11.6800,15,2
2026-01-07,000001,11:08:12,11.6800,32,2
2026-01-07,000001,11:08:15,11.6800,167,2
2026-01-07,000001,11:08:18,11.6800,280,2
2026-01-07,000001,11:08:21,11.6800,292,1
2026-01-07,000001,11:08:24,11.6800,60,1
2026-01-07,000001,11:08:27,11.6800,2,1
2026-01-07,000001,11:08:30,11.6800,49,1
2026-01-07,000001,11:08:33,11.6800,19,1
2026-01-07,000001,11:08:36,11.6800,65,1
2026-01-07,000001,11:08:39,11.6800,152,2
2026-01-07,000001,11:08:45,11.6700,9,2
2026-01-07,000001,11:08:48,11.6800,8,1
2026-01-07,000001,11:08:51,11.6800,283,1
2026-01-07,000001,11:08:54,11.6900,4,1
2026-01-07,000001,11:09:00,11.6900,12,1
2026-01-07,000001,11:09:03,11.6800,21,2
2026-01-07,000001,11:09:06,11.6800,127,2
2026-01-07,000001,11:09:09,11.6800,5,1
2026-01-07,000001,11:09:12,11.6800,4,1
2026-01-07,000001,11:09:15,11.6800,35,1
2026-01-07,000001,11:09:18,11.6800,211,1
2026-01-07,000001,11:09:21,11.6900,60,1
2026-01-07,000001,11:09:24,11.6800,8,2
2026-01-07,000001,11:09:27,11.6800,48,2
2026-01-07,000001,11:09:30,11.6800,33,2
2026-01-07,000001,11:09:33,11.6800,41,1
2026-01-07,000001,11:09:36,11.6800,54,1
2026-01-07,000001,11:09:39,11.6800,113,1
2026-01-07,000001,11:09:42,11.6700,18,2
2026-01-07,000001,11:09:45,11.6800,4,1
2026-01-07,000001,11:09:48,11.6800,9,1
2026-01-07,000001,11:09:51,11.6800,19,1
2026-01-07,000001,11:10:00,11.6800,123,1
2026-01-07,000001,11:10:03,11.6800,83,2
2026-01-07,000001,11:10:06,11.6800,39,2
2026-01-07,000001,11:10:09,11.6800,25,2
2026-01-07,000001,11:10:12,11.6800,36,2
2026-01-07,000001,11:10:15,11.6800,79,2
2026-01-07,000001,11:10:18,11.6800,26,1
2026-01-07,000001,11:10:21,11.6800,3,1
2026-01-07,000001,11:10:24,11.6900,239,1
2026-01-07,000001,11:10:27,11.6700,28,2
2026-01-07,000001,11:10:30,11.6700,12,2
2026-01-07,000001,11:10:33,11.6800,60,1
2026-01-07,000001,11:10:36,11.6800,6,1
2026-01-07,000001,11:10:39,11.6800,18,2
2026-01-07,000001,11:10:42,11.6700,129,2
2026-01-07,000001,11:10:45,11.6800,137,1
