date,code,time,price,volume,bs
2026-03-24,601318,14:07:08,57.8000,7,4
2026-03-24,601318,14:07:11,57.8100,46,1
2026-03-24,601318,14:07:14,57.8000,34,1
2026-03-24,601318,14:07:17,57.8000,166,1
2026-03-24,601318,14:07:20,57.8100,88,1
2026-03-24,601318,14:07:23,57.7900,312,2
2026-03-24,601318,14:07:26,57.7900,149,1
2026-03-24,601318,14:07:29,57.7900,131,1
2026-03-24,601318,14:07:32,57.8000,12,1
2026-03-24,601318,14:07:35,57.8000,2,1
2026-03-24,601318,14:07:38,57.8000,10,1
2026-03-24,601318,14:07:41,57.8000,44,1
2026-03-24,601318,14:07:44,57.8000,123,1
2026-03-24,601318,14:07:47,57.8100,8,1
2026-03-24,601318,14:07:50,57.8100,1,2
2026-03-24,601318,14:07:53,57.8100,115,2
2026-03-24,601318,14:07:56,57.8200,27,1
2026-03-24,601318,14:07:59,57.8100,229,2
2026-03-24,601318,14:08:02,57.8000,292,2
2026-03-24,601318,14:08:05,57.8000,67,1
2026-03-24,601318,14:08:08,57.7900,17,2
2026-03-24,601318,14:08:11,57.7800,315,2
2026-03-24,601318,14:08:14,57.8000,66,1
2026-03-24,601318,14:08:17,57.8000,110,1
2026-03-24,601318,14:08:20,57.7900,46,2
2026-03-24,601318,14:08:23,57.8000,12,1
2026-03-24,601318,14:08:26,57.7900,79,2
2026-03-24,601318,14:08:29,57.7900,89,2
2026-03-24,601318,14:08:32,57.7900,73,2
2026-03-24,601318,14:08:35,57.7900,38,1
2026-03-24,601318,14:08:38,57.8100,81,1
2026-03-24,601318,14:08:41,57.7900,59,2
2026-03-24,601318,14:08:44,57.8000,46,1
2026-03-24,601318,14:08:47,57.8000,1,1
2026-03-24,601318,14:08:50,57.8000,35,1
2026-03-24,601318,14:08:53,57.8000,8,1
2026-03-24,601318,14:08:56,57.8000,247,1
2026-03-24,601318,14:08:59,57.7800,315,2
2026-03-24,601318,14:09:02,57.7800,226,1
2026-03-24,601318,14:09:05,57.7800,224,4
2026-03-24,601318,14:09:08,57.7800,169,1
2026-03-24,601318,14:09:11,57.7700,40,2
2026-03-24,601318,14:09:14,57.7700,68,1
2026-03-24,601318,14:09:17,57.7700,1,1
2026-03-24,601318,14:09:20,57.7700,10,1
2026-03-24,601318,14:09:23,57.7700,23,1
2026-03-24,601318,14:09:26,57.7700,37,1
2026-03-24,601318,14:09:30,57.7700,25,1
2026-03-24,601318,14:09:32,57.7700,22,1
2026-03-24,601318,14:09:35,57.7700,89,1
2026-03-24,601318,14:09:38,57.7600,49,2
2026-03-24,601318,14:09:41,57.7600,48,2
2026-03-24,601318,14:09:44,57.7600,6,2
2026-03-24,601318,14:09:47,57.7700,43,1
2026-03-24,601318,14:09:50,57.7700,72,1
2026-03-24,601318,14:09:53,57.7700,29,1
2026-03-24,601318,14:09:56,57.7600,101,2
2026-03-24,601318,14:09:59,57.7600,11,1
2026-03-24,601318,14:10:02,57.7500,185,2
2026-03-24,601318,14:10:05,57.7500,87,2
2026-03-24,601318,14:10:08,57.7400,60,2
2026-03-24,601318,14:10:11,57.7500,36,1
2026-03-24,601318,14:10:14,57.7400,23,2
2026-03-24,601318,14:10:17,57.7400,93,2
2026-03-24,601318,14:10:20,57.7300,15,2
2026-03-24,601318,14:10:23,57.7400,21,1
2026-03-24,601318,14:10:26,57.7400,16,1
2026-03-24,601318,14:10:29,57.7400,11,1
2026-03-24,601318,14:10:32,57.7400,12,1
2026-03-24,601318,14:10:35,57.7400,17,1
2026-03-24,601318,14:10:38,57.7300,121,2
2026-03-24,601318,14:10:41,57.7400,95,1
2026-03-24,601318,14:10:44,57.7300,20,2
2026-03-24,601318,14:10:47,57.7400,11,1
2026-03-24,601318,14:10:50,57.7300,59,2
2026-03-24,601318,14:10:53,57.7300,35,2
2026-03-24,601318,14:10:56,57.7400,121,1
2026-03-24,601318,14:10:59,57.7300,23,2
2026-03-24,601318,14:11:02,57.7300,219,2
2026-03-24,601318,14:11:05,57.7300,26,1
2026-03-24,601318,14:11:08,57.7300,15,1
2026-03-24,601318,14:11:11,57.7300,35,1
2026-03-24,601318,14:11:14,57.7300,12,1
2026-03-24,601318,14:11:17,57.7300,120,1
2026-03-24,601318,14:11:20,57.7200,88,2
2026-03-24,601318,14:11:23,57.7200,76,1
2026-03-24,601318,14:11:26,57.7400,44,1
2026-03-24,601318,14:11:29,57.7400,15,1
2026-03-24,601318,14:11:32,57.7300,6,2
2026-03-24,601318,14:11:35,57.7300,36,2
2026-03-24,601318,14:11:38,57.7200,16,2
2026-03-24,601318,14:11:41,57.7300,79,1
2026-03-24,601318,14:11:44,57.7200,32,2
2026-03-24,601318,14:11:47,57.7300,37,1
2026-03-24,601318,14:11:50,57.7200,71,2
2026-03-24,601318,14:11:53,57.7200,38,1
2026-03-24,601318,14:11:56,57.7300,50,1
2026-03-24,601318,14:11:59,57.7400,9,1
2026-03-24,601318,14:12:02,57.7300,178,2
2026-03-24,601318,14:12:05,57.7300,14,1
2026-03-24,601318,14:12:08,57.7300,86,1
2026-03-24,601318,14:12:11,57.7400,54,1
2026-03-24,601318,14:12:14,57.8100,2381,1
2026-03-24,601318,14:12:17,57.7400,76,2
2026-03-24,601318,14:12:20,57.7700,7,4
2026-03-24,601318,14:12:23,57.7600,10,2
2026-03-24,601318,14:12:26,57.7700,22,1
2026-03-24,601318,14:12:29,57.7600,9,2
2026-03-24,601318,14:12:32,57.7700,11,1
2026-03-24,601318,14:12:35,57.7600,75,2
2026-03-24,601318,14:12:38,57.7700,110,1
2026-03-24,601318,14:12:41,57.7800,97,1
2026-03-24,601318,14:12:44,57.7700,132,2
2026-03-24,601318,14:12:47,57.7600,51,2
2026-03-24,601318,14:12:50,57.7200,243,2
2026-03-24,601318,14:12:53,57.7200,38,2
2026-03-24,601318,14:12:56,57.7300,172,2
2026-03-24,601318,14:12:59,57.7500,6,1
2026-03-24,601318,14:13:02,57.7300,157,2
2026-03-24,601318,14:13:05,57.7300,103,2
2026-03-24,601318,14:13:08,57.7200,14,2
2026-03-24,601318,14:13:11,57.7300,18,1
2026-03-24,601318,14:13:14,57.7200,34,2
2026-03-24,601318,14:13:17,57.7200,148,2
2026-03-24,601318,14:13:20,57.7200,113,1
2026-03-24,601318,14:13:23,57.7200,50,2
2026-03-24,601318,14:13:26,57.7200,14,4
2026-03-24,601318,14:13:29,57.7300,8,1
2026-03-24,601318,14:13:32,57.7200,208,2
2026-03-24,601318,14:13:35,57.7100,17,2
2026-03-24,601318,14:13:38,57.7100,18,2
2026-03-24,601318,14:13:41,57.7100,18,2
2026-03-24,601318,14:13:44,57.7300,52,1
2026-03-24,601318,14:13:47,57.7200,52,2
2026-03-24,601318,14:13:50,57.7100,21,2
2026-03-24,601318,14:13:53,57.7200,114,1
2026-03-24,601318,14:13:56,57.7200,121,1
2026-03-24,601318,14:13:59,57.7200,112,2
2026-03-24,601318,14:14:02,57.7200,383,2
2026-03-24,601318,14:14:05,57.7100,48,2
2026-03-24,601318,14:14:08,57.7100,27,2
2026-03-24,601318,14:14:11,57.7100,104,2
2026-03-24,601318,14:14:14,57.7200,11,1
2026-03-24,601318,14:14:17,57.7000,357,2
2026-03-24,601318,14:14:20,57.6900,444,2
2026-03-24,601318,14:14:23,57.7000,163,1
2026-03-24,601318,14:14:26,57.7000,8,1
2026-03-24,601318,14:14:29,57.6900,27,2
2026-03-24,601318,14:14:32,57.7100,90,1
2026-03-24,601318,14:14:35,57.7000,5,2
2026-03-24,601318,14:14:38,57.7100,244,1
2026-03-24,601318,14:14:41,57.7100,79,2
2026-03-24,601318,14:14:44,57.7100,92,2
2026-03-24,601318,14:14:47,57.7100,30,1
2026-03-24,601318,14:14:50,57.7100,24,1
2026-03-24,601318,14:14:53,57.7100,9,1
2026-03-24,601318,14:14:56,57.7100,104,1
2026-03-24,601318,14:14:59,57.7100,68,1
2026-03-24,601318,14:15:02,57.7100,254,1
2026-03-24,601318,14:15:05,57.7100,77,1
2026-03-24,601318,14:15:08,57.7100,73,1
2026-03-24,601318,14:15:11,57.7200,99,4
2026-03-24,601318,14:15:14,57.7200,12,1
2026-03-24,601318,14:15:17,57.7200,93,1
2026-03-24,601318,14:15:20,57.7300,87,4
2026-03-24,601318,14:15:23,57.7500,20,1
2026-03-24,601318,14:15:26,57.7400,26,1
2026-03-24,601318,14:15:29,57.7400,24,1
2026-03-24,601318,14:15:32,57.7200,161,2
2026-03-24,601318,14:15:35,57.7300,22,1
2026-03-24,601318,14:15:38,57.7300,87,1
2026-03-24,601318,14:15:41,57.7400,64,1
2026-03-24,601318,14:15:44,57.7400,118,1
2026-03-24,601318,14:15:47,57.7400,70,1
2026-03-24,601318,14:15:50,57.7300,27,2
2026-03-24,601318,14:15:53,57.7300,72,1
2026-03-24,601318,14:15:56,57.7300,68,1
2026-03-24,601318,14:15:59,57.7300,47,1
2026-03-24,601318,14:16:02,57.7300,225,1
2026-03-24,601318,14:16:05,57.7300,138,1
2026-03-24,601318,14:16:08,57.7300,36,1
2026-03-24,601318,14:16:11,57.7200,98,2
2026-03-24,601318,14:16:14,57.7200,70,4
2026-03-24,601318,14:16:17,57.7200,94,1
2026-03-24,601318,14:16:20,57.7400,442,1
2026-03-24,601318,14:16:23,57.7400,52,1
2026-03-24,601318,14:16:26,57.7300,23,2
2026-03-24,601318,14:16:29,57.7300,118,2
2026-03-24,601318,14:16:32,57.7400,90,1
2026-03-24,601318,14:16:35,57.7400,63,2
2026-03-24,601318,14:16:38,57.7600,188,1
2026-03-24,601318,14:16:41,57.7600,241,1
2026-03-24,601318,14:16:44,57.7700,15,1
2026-03-24,601318,14:16:47,57.7700,15,1
2026-03-24,601318,14:16:50,57.7700,102,1
2026-03-24,601318,14:16:53,57.7800,36,1
2026-03-24,601318,14:16:56,57.7800,42,1
2026-03-24,601318,14:16:59,57.7800,86,1
2026-03-24,601318,14:17:02,57.7800,173,2
2026-03-24,601318,14:17:05,57.7700,22,2
2026-03-24,601318,14:17:08,57.7800,81,1
2026-03-24,601318,14:17:11,57.7800,177,1
2026-03-24,601318,14:17:14,57.7800,49,1
2026-03-24,601318,14:17:17,57.7900,91,1
2026-03-24,601318,14:17:20,57.8000,177,1
2026-03-24,601318,14:17:23,57.8100,332,1
2026-03-24,601318,14:17:26,57.8000,170,4
2026-03-24,601318,14:17:29,57.8100,61,1
2026-03-24,601318,14:17:32,57.8000,32,4
2026-03-24,601318,14:17:35,57.7800,241,2
2026-03-24,601318,14:17:38,57.7900,98,1
2026-03-24,601318,14:17:41,57.8000,71,1
2026-03-24,601318,14:17:44,57.7900,66,2
2026-03-24,601318,14:17:47,57.7900,70,4
2026-03-24,601318,14:17:50,57.8000,58,1
2026-03-24,601318,14:17:53,57.8000,159,1
2026-03-24,601318,14:17:56,57.8000,55,2
2026-03-24,601318,14:17:59,57.8000,76,1
2026-03-24,601318,14:18:02,57.8100,216,1
2026-03-24,601318,14:18:05,57.8000,41,2
2026-03-24,601318,14:18:08,57.7900,127,2
2026-03-24,601318,14:18:11,57.7900,140,2
2026-03-24,601318,14:18:14,57.7900,23,2
2026-03-24,601318,14:18:17,57.8000,51,1
2026-03-24,601318,14:18:20,57.8000,120,2
2026-03-24,601318,14:18:23,57.8100,89,1
2026-03-24,601318,14:18:26,57.8100,73,1
2026-03-24,601318,14:18:29,57.8000,134,2
2026-03-24,601318,14:18:32,57.8000,46,1
2026-03-24,601318,14:18:35,57.8000,127,1
2026-03-24,601318,14:18:38,57.8000,64,1
2026-03-24,601318,14:18:41,57.8000,70,2
2026-03-24,601318,14:18:44,57.8400,313,1
2026-03-24,601318,14:18:47,57.8000,173,2
2026-03-24,601318,14:18:50,57.8100,56,1
2026-03-24,601318,14:18:53,57.8100,69,1
2026-03-24,601318,14:18:56,57.8100,103,1
2026-03-24,601318,14:18:59,57.8100,87,1
2026-03-24,601318,14:19:02,57.8000,307,2
2026-03-24,601318,14:19:05,57.7800,355,2
2026-03-24,601318,14:19:08,57.7800,147,2
2026-03-24,601318,14:19:11,57.7800,118,1
2026-03-24,601318,14:19:14,57.7800,14,1
2026-03-24,601318,14:19:17,57.7900,128,1
2026-03-24,601318,14:19:20,57.7800,158,2
2026-03-24,601318,14:19:23,57.7800,75,1
2026-03-24,601318,14:19:26,57.7800,57,2
2026-03-24,601318,14:19:29,57.7900,100,1
2026-03-24,601318,14:19:32,57.7800,116,2
2026-03-24,601318,14:19:35,57.7800,110,2
2026-03-24,601318,14:19:38,57.7900,27,1
2026-03-24,601318,14:19:41,57.7900,31,1
2026-03-24,601318,14:19:44,57.7900,41,1
2026-03-24,601318,14:19:47,57.7900,54,2
2026-03-24,601318,14:19:50,57.8000,143,1
2026-03-24,601318,14:19:53,57.8000,66,1
2026-03-24,601318,14:19:56,57.7900,188,2
2026-03-24,601318,14:19:59,57.7900,64,1
2026-03-24,601318,14:20:02,57.7800,349,2
2026-03-24,601318,14:20:05,57.8000,319,1
2026-03-24,601318,14:20:08,57.7900,53,1
2026-03-24,601318,14:20:11,57.7900,34,1
2026-03-24,601318,14:20:14,57.8000,100,1
2026-03-24,601318,14:20:17,57.8000,171,1
2026-03-24,601318,14:20:20,57.7900,110,2
2026-03-24,601318,14:20:23,57.7800,107,2
2026-03-24,601318,14:20:26,57.7900,95,1
2026-03-24,601318,14:20:30,57.7800,370,2
2026-03-24,601318,14:20:32,57.7900,71,1
2026-03-24,601318,14:20:35,57.7800,136,2
2026-03-24,601318,14:20:38,57.8100,239,1
2026-03-24,601318,14:20:41,57.7900,53,2
2026-03-24,601318,14:20:44,57.8100,205,1
2026-03-24,601318,14:20:47,57.8100,7,2
2026-03-24,601318,14:20:50,57.8200,155,1
2026-03-24,601318,14:20:53,57.8300,185,1
2026-03-24,601318,14:20:56,57.8300,46,1
2026-03-24,601318,14:20:59,57.8200,190,2
2026-03-24,601318,14:21:02,57.8200,204,1
2026-03-24,601318,14:21:05,57.8100,88,2
2026-03-24,601318,14:21:08,57.8100,60,2
2026-03-24,601318,14:21:11,57.8000,60,2
2026-03-24,601318,14:21:14,57.8100,37,1
2026-03-24,601318,14:21:17,57.8100,61,1
2026-03-24,601318,14:21:20,57.8100,17,1
2026-03-24,601318,14:21:23,57.8000,265,2
2026-03-24,601318,14:21:26,57.8100,35,1
2026-03-24,601318,14:21:29,57.8100,78,1
2026-03-24,601318,14:21:32,57.8100,7,2
2026-03-24,601318,14:21:35,57.8200,47,1
2026-03-24,601318,14:21:38,57.8100,47,2
2026-03-24,601318,14:21:41,57.8200,132,1
2026-03-24,601318,14:21:44,57.8200,73,1
2026-03-24,601318,14:21:47,57.8200,131,1
2026-03-24,601318,14:21:50,57.8200,90,1
2026-03-24,601318,14:21:53,57.8200,145,1
2026-03-24,601318,14:21:56,57.8200,24,2
2026-03-24,601318,14:21:59,57.8300,82,1
2026-03-24,601318,14:22:02,57.8200,286,2
2026-03-24,601318,14:22:05,57.8300,48,1
2026-03-24,601318,14:22:08,57.8200,160,2
2026-03-24,601318,14:22:11,57.8200,32,1
2026-03-24,601318,14:22:14,57.8200,77,1
2026-03-24,601318,14:22:17,57.8300,144,1
2026-03-24,601318,14:22:20,57.8300,77,1
2026-03-24,601318,14:22:23,57.8300,190,1
2026-03-24,601318,14:22:26,57.8300,74,2
2026-03-24,601318,14:22:29,57.8300,21,2
2026-03-24,601318,14:22:32,57.8300,188,2
2026-03-24,601318,14:22:35,57.8300,24,2
2026-03-24,601318,14:22:38,57.8300,69,2
2026-03-24,601318,14:22:41,57.8400,129,1
2026-03-24,601318,14:22:44,57.8500,94,1
2026-03-24,601318,14:22:47,57.8500,56,1
2026-03-24,601318,14:22:50,57.8600,160,1
2026-03-24,601318,14:22:53,57.8700,229,1
2026-03-24,601318,14:22:56,57.8800,142,1
2026-03-24,601318,14:22:59,57.8900,180,1
2026-03-24,601318,14:23:02,57.8700,288,2
2026-03-24,601318,14:23:05,57.8700,48,1
2026-03-24,601318,14:23:08,57.8800,120,1
2026-03-24,601318,14:23:11,57.8800,145,1
2026-03-24,601318,14:23:14,57.8700,160,2
2026-03-24,601318,14:23:17,57.8600,220,2
2026-03-24,601318,14:23:20,57.8500,163,2
2026-03-24,601318,14:23:23,57.8500,240,2
2026-03-24,601318,14:23:26,57.8500,32,1
2026-03-24,601318,14:23:29,57.8500,34,1
2026-03-24,601318,14:23:32,57.8400,200,2
2026-03-24,601318,14:23:35,57.8300,155,2
2026-03-24,601318,14:23:38,57.8300,213,2
2026-03-24,601318,14:23:41,57.8500,82,1
2026-03-24,601318,14:23:44,57.8500,88,1
2026-03-24,601318,14:23:47,57.8600,114,1
2026-03-24,601318,14:23:50,57.8600,53,1
2026-03-24,601318,14:23:53,57.8600,101,1
2026-03-24,601318,14:23:57,57.9000,413,1
2026-03-24,601318,14:23:59,57.9000,390,1
2026-03-24,601318,14:24:02,57.9100,106,1
2026-03-24,601318,14:24:05,57.9100,129,1
2026-03-24,601318,14:24:08,57.9000,91,2
2026-03-24,601318,14:24:11,57.8900,195,2
2026-03-24,601318,14:24:14,57.8800,76,2
2026-03-24,601318,14:24:17,57.8800,8,1
2026-03-24,601318,14:24:20,57.8800,93,1
2026-03-24,601318,14:24:23,57.8800,98,1
2026-03-24,601318,14:24:26,57.8800,33,1
2026-03-24,601318,14:24:29,57.8800,14,2
2026-03-24,601318,14:24:32,57.8800,47,2
2026-03-24,601318,14:24:35,57.8800,70,2
2026-03-24,601318,14:24:38,57.8700,30,2
2026-03-24,601318,14:24:41,57.8700,76,2
2026-03-24,601318,14:24:44,57.8800,21,1
2026-03-24,601318,14:24:47,57.8800,164,1
2026-03-24,601318,14:24:50,57.8700,74,2
2026-03-24,601318,14:24:53,57.8600,25,2
2026-03-24,601318,14:24:56,57.8600,118,2
2026-03-24,601318,14:24:59,57.8600,34,2
2026-03-24,601318,14:25:02,57.8600,281,1
2026-03-24,601318,14:25:05,57.8600,52,2
2026-03-24,601318,14:25:08,57.8600,55,2
2026-03-24,601318,14:25:11,57.8600,87,2
2026-03-24,601318,14:25:14,57.8600,39,2
2026-03-24,601318,14:25:17,57.8500,62,2
2026-03-24,601318,14:25:20,57.8500,44,1
2026-03-24,601318,14:25:23,57.8400,263,2
2026-03-24,601318,14:25:26,57.8400,41,1
2026-03-24,601318,14:25:29,57.8300,23,2
2026-03-24,601318,14:25:32,57.8300,65,2
2026-03-24,601318,14:25:35,57.8400,46,1
2026-03-24,601318,14:25:38,57.8300,19,2
2026-03-24,601318,14:25:41,57.8400,194,1
2026-03-24,601318,14:25:44,57.8400,107,1
2026-03-24,601318,14:25:47,57.8300,91,2
2026-03-24,601318,14:25:50,57.8400,59,1
2026-03-24,601318,14:25:53,57.8300,49,2
2026-03-24,601318,14:25:56,57.8200,57,2
2026-03-24,601318,14:25:59,57.8300,25,1
2026-03-24,601318,14:26:02,57.8200,352,2
2026-03-24,601318,14:26:05,57.8200,109,1
2026-03-24,601318,14:26:08,57.8200,72,1
2026-03-24,601318,14:26:11,57.8100,36,2
2026-03-24,601318,14:26:14,57.8200,53,1
2026-03-24,601318,14:26:17,57.8200,113,1
2026-03-24,601318,14:26:20,57.8000,22,2
2026-03-24,601318,14:26:23,57.8100,26,1
2026-03-24,601318,14:26:26,57.8000,38,2
2026-03-24,601318,14:26:29,57.8000,62,2
2026-03-24,601318,14:26:32,57.8000,64,2
2026-03-24,601318,14:26:35,57.8100,273,1
2026-03-24,601318,14:26:38,57.8100,26,1
2026-03-24,601318,14:26:41,57.8000,32,2
2026-03-24,601318,14:26:44,57.8000,55,2
2026-03-24,601318,14:26:47,57.8100,31,1
2026-03-24,601318,14:26:50,57.8000,101,2
2026-03-24,601318,14:26:53,57.8100,18,1
2026-03-24,601318,14:26:56,57.8100,83,1
2026-03-24,601318,14:26:59,57.8000,11,2
2026-03-24,601318,14:27:02,57.8100,359,1
2026-03-24,601318,14:27:05,57.8100,20,1
2026-03-24,601318,14:27:08,57.8100,21,1
2026-03-24,601318,14:27:11,57.8100,39,1
2026-03-24,601318,14:27:14,57.8100,327,1
2026-03-24,601318,14:27:17,57.8000,160,2
2026-03-24,601318,14:27:20,57.7900,157,2
2026-03-24,601318,14:27:23,57.8000,67,2
2026-03-24,601318,14:27:26,57.8000,144,1
2026-03-24,601318,14:27:30,57.8000,103,1
2026-03-24,601318,14:27:32,57.8000,60,2
2026-03-24,601318,14:27:35,57.8000,51,1
2026-03-24,601318,14:27:38,57.8000,26,1
2026-03-24,601318,14:27:41,57.8000,83,1
2026-03-24,601318,14:27:44,57.8000,73,1
2026-03-24,601318,14:27:47,57.8000,95,2
2026-03-24,601318,14:27:50,57.8100,113,1
2026-03-24,601318,14:27:53,57.8000,73,2
2026-03-24,601318,14:27:56,57.8000,54,1
2026-03-24,601318,14:27:59,57.8000,93,1
2026-03-24,601318,14:28:02,57.7900,233,2
2026-03-24,601318,14:28:05,57.8100,134,1
2026-03-24,601318,14:28:08,57.7900,34,1
2026-03-24,601318,14:28:11,57.7900,57,1
2026-03-24,601318,14:28:14,57.7900,38,1
2026-03-24,601318,14:28:17,57.7900,56,2
2026-03-24,601318,14:28:20,57.8000,74,1
2026-03-24,601318,14:28:23,57.8000,131,1
2026-03-24,601318,14:28:26,57.8000,119,1
2026-03-24,601318,14:28:29,57.8000,109,1
2026-03-24,601318,14:28:32,57.8000,181,2
2026-03-24,601318,14:28:35,57.8000,12,1
2026-03-24,601318,14:28:38,57.8000,188,1
2026-03-24,601318,14:28:41,57.8000,46,1
2026-03-24,601318,14:28:44,57.8000,32,1
2026-03-24,601318,14:28:47,57.8100,50,1
2026-03-24,601318,14:28:50,57.8000,1171,2
2026-03-24,601318,14:28:53,57.7900,7,4
2026-03-24,601318,14:28:56,57.7800,50,2
2026-03-24,601318,14:28:59,57.7800,96,1
2026-03-24,601318,14:29:02,57.7600,260,2
2026-03-24,601318,14:29:05,57.7600,152,1
2026-03-24,601318,14:29:08,57.7600,68,1
2026-03-24,601318,14:29:11,57.7900,1327,1
2026-03-24,601318,14:29:14,57.7900,188,1
2026-03-24,601318,14:29:17,57.7900,50,1
2026-03-24,601318,14:29:20,57.7900,122,1
2026-03-24,601318,14:29:23,57.7900,108,1
2026-03-24,601318,14:29:26,57.7900,124,1
2026-03-24,601318,14:29:29,57.8100,1984,1
2026-03-24,601318,14:29:32,57.8000,218,2
2026-03-24,601318,14:29:35,57.8100,96,1
2026-03-24,601318,14:29:38,57.8300,96,1
2026-03-24,601318,14:29:41,57.8200,32,1
2026-03-24,601318,14:29:44,57.8300,51,1
2026-03-24,601318,14:29:47,57.8200,103,2
2026-03-24,601318,14:29:50,57.8100,52,2
2026-03-24,601318,14:29:53,57.8000,19,2
2026-03-24,601318,14:29:56,57.8100,300,1
2026-03-24,601318,14:29:59,57.8100,38,1
2026-03-24,601318,14:30:02,57.8100,168,1
2026-03-24,601318,14:30:05,57.8200,323,1
2026-03-24,601318,14:30:08,57.8200,169,1
2026-03-24,601318,14:30:11,57.8200,501,1
2026-03-24,601318,14:30:14,57.8200,10,2
2026-03-24,601318,14:30:17,57.8300,82,1
2026-03-24,601318,14:30:20,57.8300,4,1
2026-03-24,601318,14:30:23,57.8300,92,1
2026-03-24,601318,14:30:26,57.8400,96,1
2026-03-24,601318,14:30:29,57.8400,107,1
2026-03-24,601318,14:30:32,57.8400,26,2
2026-03-24,601318,14:30:35,57.8500,98,1
2026-03-24,601318,14:30:38,57.8500,103,1
2026-03-24,601318,14:30:41,57.8500,99,2
2026-03-24,601318,14:30:44,57.8600,107,1
2026-03-24,601318,14:30:47,57.8600,388,1
2026-03-24,601318,14:30:50,57.8700,40,1
2026-03-24,601318,14:30:53,57.8600,27,2
2026-03-24,601318,14:30:56,57.8600,73,2
2026-03-24,601318,14:30:59,57.8700,213,1
2026-03-24,601318,14:31:02,57.8700,175,1
2026-03-24,601318,14:31:05,57.8600,163,2
2026-03-24,601318,14:31:08,57.8700,78,1
2026-03-24,601318,14:31:11,57.8900,95,1
2026-03-24,601318,14:31:14,57.8800,58,2
2026-03-24,601318,14:31:17,57.8700,125,2
2026-03-24,601318,14:31:20,57.8800,8,2
2026-03-24,601318,14:31:23,57.8900,55,1
2026-03-24,601318,14:31:26,57.8900,17,1
2026-03-24,601318,14:31:29,57.8900,203,1
2026-03-24,601318,14:31:32,57.8900,30,1
2026-03-24,601318,14:31:35,57.9000,20,1
2026-03-24,601318,14:31:38,57.9100,276,1
2026-03-24,601318,14:31:41,57.9000,78,2
2026-03-24,601318,14:31:44,57.9000,47,1
2026-03-24,601318,14:31:47,57.9000,38,1
2026-03-24,601318,14:31:50,57.9100,119,1
2026-03-24,601318,14:31:53,57.9000,59,4
2026-03-24,601318,14:31:56,57.9100,94,1
2026-03-24,601318,14:31:59,57.9000,49,2
2026-03-24,601318,14:32:02,57.9000,251,1
2026-03-24,601318,14:32:05,57.9000,159,1
2026-03-24,601318,14:32:08,57.9000,112,1
2026-03-24,601318,14:32:11,57.9100,208,1
2026-03-24,601318,14:32:14,57.8800,19,2
2026-03-24,601318,14:32:17,57.8900,41,1
2026-03-24,601318,14:32:20,57.8900,228,4
2026-03-24,601318,14:32:23,57.8900,92,2
2026-03-24,601318,14:32:26,57.8900,55,1
2026-03-24,601318,14:32:29,57.8900,89,1
2026-03-24,601318,14:32:32,57.8700,168,2
2026-03-24,601318,14:32:35,57.8800,106,1
2026-03-24,601318,14:32:38,57.8700,175,2
2026-03-24,601318,14:32:41,57.8600,45,2
2026-03-24,601318,14:32:44,57.8700,32,1
2026-03-24,601318,14:32:47,57.8700,40,1
2026-03-24,601318,14:32:50,57.8700,35,1
2026-03-24,601318,14:32:53,57.8600,200,2
2026-03-24,601318,14:32:56,57.8700,73,1
2026-03-24,601318,14:33:00,57.8600,41,2
2026-03-24,601318,14:33:02,57.8600,240,2
2026-03-24,601318,14:33:05,57.8600,111,2
2026-03-24,601318,14:33:08,57.8500,150,2
2026-03-24,601318,14:33:11,57.8500,69,2
2026-03-24,601318,14:33:14,57.8500,117,2
2026-03-24,601318,14:33:17,57.8600,47,1
2026-03-24,601318,14:33:20,57.8500,180,2
2026-03-24,601318,14:33:23,57.8500,169,1
2026-03-24,601318,14:33:26,57.8600,39,1
2026-03-24,601318,14:33:29,57.8700,277,1
2026-03-24,601318,14:33:32,57.8600,65,2
2026-03-24,601318,14:33:35,57.8500,153,2
2026-03-24,601318,14:33:38,57.8500,157,2
2026-03-24,601318,14:33:41,57.8400,65,2
2026-03-24,601318,14:33:44,57.8400,88,2
2026-03-24,601318,14:33:47,57.8300,31,2
2026-03-24,601318,14:33:50,57.8300,72,2
2026-03-24,601318,14:33:53,57.8300,59,1
2026-03-24,601318,14:33:57,57.8300,36,1
2026-03-24,601318,14:33:59,57.8300,130,1
2026-03-24,601318,14:34:02,57.8200,207,2
2026-03-24,601318,14:34:05,57.8100,219,2
2026-03-24,601318,14:34:08,57.8200,100,4
2026-03-24,601318,14:34:11,57.8200,47,1
2026-03-24,601318,14:34:14,57.8200,127,1
2026-03-24,601318,14:34:17,57.8200,11,2
2026-03-24,601318,14:34:20,57.8200,50,2
2026-03-24,601318,14:34:23,57.8200,21,1
2026-03-24,601318,14:34:26,57.8200,27,1
2026-03-24,601318,14:34:29,57.8100,90,2
2026-03-24,601318,14:34:32,57.8100,60,2
2026-03-24,601318,14:34:35,57.8200,58,1
2026-03-24,601318,14:34:38,57.8200,124,1
2026-03-24,601318,14:34:41,57.8200,141,1
2026-03-24,601318,14:34:44,57.8200,11,1
2026-03-24,601318,14:34:47,57.8200,153,1
2026-03-24,601318,14:34:50,57.8200,201,1
2026-03-24,601318,14:34:53,57.8200,98,1
2026-03-24,601318,14:34:56,57.8100,152,2
2026-03-24,601318,14:34:59,57.8200,108,1
2026-03-24,601318,14:35:02,57.8100,202,2
2026-03-24,601318,14:35:05,57.8200,331,1
2026-03-24,601318,14:35:08,57.8200,43,2
2026-03-24,601318,14:35:11,57.8300,15,1
2026-03-24,601318,14:35:14,57.8300,223,1
2026-03-24,601318,14:35:17,57.8300,156,2
2026-03-24,601318,14:35:20,57.8200,50,2
2026-03-24,601318,14:35:23,57.8300,191,1
2026-03-24,601318,14:35:26,57.8400,119,1
2026-03-24,601318,14:35:29,57.8400,22,1
2026-03-24,601318,14:35:32,57.8400,27,1
2026-03-24,601318,14:35:35,57.8300,85,2
2026-03-24,601318,14:35:38,57.8200,106,2
2026-03-24,601318,14:35:41,57.8400,218,1
2026-03-24,601318,14:35:44,57.8500,276,1
2026-03-24,601318,14:35:47,57.8400,1094,2
2026-03-24,601318,14:35:50,57.8400,64,1
2026-03-24,601318,14:35:53,57.8300,45,2
2026-03-24,601318,14:35:56,57.8300,151,1
2026-03-24,601318,14:35:59,57.8300,38,1
2026-03-24,601318,14:36:02,57.8300,250,1
2026-03-24,601318,14:36:05,57.8200,66,2
2026-03-24,601318,14:36:08,57.8300,159,1
2026-03-24,601318,14:36:11,57.8200,51,2
2026-03-24,601318,14:36:14,57.8200,68,2
2026-03-24,601318,14:36:17,57.8300,72,1
2026-03-24,601318,14:36:20,57.8200,32,2
2026-03-24,601318,14:36:23,57.8200,92,2
2026-03-24,601318,14:36:26,57.8200,153,2
2026-03-24,601318,14:36:30,57.8200,78,1
2026-03-24,601318,14:36:32,57.8200,79,1
2026-03-24,601318,14:36:35,57.8200,14,1
2026-03-24,601318,14:36:38,57.8100,98,2
2026-03-24,601318,14:36:41,57.8200,93,1
2026-03-24,601318,14:36:44,57.8200,127,2
2026-03-24,601318,14:36:47,57.8400,924,1
2026-03-24,601318,14:36:50,57.8400,31,2
2026-03-24,601318,14:36:53,57.8500,18,1
2026-03-24,601318,14:36:56,57.8400,93,2
2026-03-24,601318,14:36:59,57.8400,139,1
2026-03-24,601318,14:37:02,57.8400,118,1
2026-03-24,601318,14:37:05,57.8300,27,2
2026-03-24,601318,14:37:08,57.8300,12,1
2026-03-24,601318,14:37:11,57.8300,18,1
2026-03-24,601318,14:37:14,57.8200,82,2
2026-03-24,601318,14:37:17,57.8300,27,1
2026-03-24,601318,14:37:20,57.8400,361,1
2026-03-24,601318,14:37:23,57.8500,917,1
2026-03-24,601318,14:37:26,57.8600,34,1
2026-03-24,601318,14:37:29,57.8500,30,2
2026-03-24,601318,14:37:32,57.8600,94,1
2026-03-24,601318,14:37:35,57.8500,87,2
2026-03-24,601318,14:37:38,57.8500,51,2
2026-03-24,601318,14:37:41,57.8600,8,4
2026-03-24,601318,14:37:44,57.8500,89,2
2026-03-24,601318,14:37:47,57.8500,98,2
2026-03-24,601318,14:37:50,57.8600,28,1
2026-03-24,601318,14:37:53,57.8500,101,2
2026-03-24,601318,14:37:56,57.8500,61,2
2026-03-24,601318,14:37:59,57.8500,255,1
2026-03-24,601318,14:38:02,57.8500,131,1
2026-03-24,601318,14:38:05,57.8500,19,1
2026-03-24,601318,14:38:08,57.8600,156,1
2026-03-24,601318,14:38:11,57.8500,78,1
2026-03-24,601318,14:38:14,57.8400,84,2
2026-03-24,601318,14:38:17,57.8400,33,2
2026-03-24,601318,14:38:20,57.8500,17,1
2026-03-24,601318,14:38:23,57.8500,157,1
2026-03-24,601318,14:38:26,57.8500,132,2
2026-03-24,601318,14:38:29,57.8500,86,1
2026-03-24,601318,14:38:32,57.8400,137,2
2026-03-24,601318,14:38:35,57.8300,325,2
2026-03-24,601318,14:38:38,57.8300,78,1
2026-03-24,601318,14:38:41,57.8200,70,2
2026-03-24,601318,14:38:44,57.8200,61,2
2026-03-24,601318,14:38:47,57.8100,883,2
2026-03-24,601318,14:38:50,57.8000,120,2
2026-03-24,601318,14:38:53,57.8000,90,2
2026-03-24,601318,14:38:56,57.7900,344,2
2026-03-24,601318,14:38:59,57.8000,138,1
2026-03-24,601318,14:39:02,57.8000,96,2
2026-03-24,601318,14:39:05,57.8000,127,2
2026-03-24,601318,14:39:08,57.8000,93,2
2026-03-24,601318,14:39:11,57.8100,72,1
2026-03-24,601318,14:39:14,57.8000,28,2
2026-03-24,601318,14:39:17,57.8000,150,2
2026-03-24,601318,14:39:20,57.8100,48,1
2026-03-24,601318,14:39:23,57.8100,307,1
2026-03-24,601318,14:39:26,57.8100,95,2
2026-03-24,601318,14:39:29,57.8100,54,1
2026-03-24,601318,14:39:32,57.8100,87,2
2026-03-24,601318,14:39:35,57.8100,26,1
2026-03-24,601318,14:39:38,57.8100,74,1
2026-03-24,601318,14:39:41,57.8000,174,2
2026-03-24,601318,14:39:44,57.8100,34,2
2026-03-24,601318,14:39:47,57.8100,35,1
2026-03-24,601318,14:39:50,57.8000,37,2
2026-03-24,601318,14:39:53,57.8000,71,2
2026-03-24,601318,14:39:56,57.8000,128,2
2026-03-24,601318,14:39:59,57.8100,92,1
2026-03-24,601318,14:40:02,57.8100,122,1
2026-03-24,601318,14:40:05,57.8100,60,1
2026-03-24,601318,14:40:08,57.8000,65,2
2026-03-24,601318,14:40:11,57.8100,414,1
2026-03-24,601318,14:40:14,57.8400,221,1
2026-03-24,601318,14:40:17,57.8200,72,1
2026-03-24,601318,14:40:20,57.8200,26,1
2026-03-24,601318,14:40:23,57.8200,28,2
2026-03-24,601318,14:40:26,57.8300,51,1
2026-03-24,601318,14:40:29,57.8300,40,1
2026-03-24,601318,14:40:32,57.8300,15,1
2026-03-24,601318,14:40:35,57.8300,61,1
2026-03-24,601318,14:40:38,57.8300,21,1
2026-03-24,601318,14:40:41,57.8300,55,1
2026-03-24,601318,14:40:44,57.8300,111,1
2026-03-24,601318,14:40:47,57.8300,17,1
2026-03-24,601318,14:40:50,57.8300,33,1
2026-03-24,601318,14:40:53,57.8200,110,2
2026-03-24,601318,14:40:56,57.8200,60,2
2026-03-24,601318,14:40:59,57.8300,16,1
2026-03-24,601318,14:41:02,57.8200,166,2
2026-03-24,601318,14:41:05,57.8200,38,1
2026-03-24,601318,14:41:08,57.8200,123,1
2026-03-24,601318,14:41:11,57.8200,283,1
2026-03-24,601318,14:41:14,57.8200,156,1
2026-03-24,601318,14:41:17,57.8300,221,1
2026-03-24,601318,14:41:20,57.8200,135,2
2026-03-24,601318,14:41:23,57.8400,198,1
2026-03-24,601318,14:41:26,57.8300,94,2
2026-03-24,601318,14:41:29,57.8600,150,1
2026-03-24,601318,14:41:32,57.8600,82,1
2026-03-24,601318,14:41:35,57.8600,62,1
2026-03-24,601318,14:41:38,57.8600,38,1
2026-03-24,601318,14:41:41,57.8600,63,1
2026-03-24,601318,14:41:44,57.8500,67,2
2026-03-24,601318,14:41:47,57.8500,38,2
2026-03-24,601318,14:41:50,57.8500,97,1
2026-03-24,601318,14:41:53,57.8500,16,1
2026-03-24,601318,14:41:56,57.8500,273,1
2026-03-24,601318,14:41:59,57.8500,111,2
2026-03-24,601318,14:42:02,57.8800,58,1
2026-03-24,601318,14:42:05,57.8500,53,2
2026-03-24,601318,14:42:08,57.8700,55,1
2026-03-24,601318,14:42:11,57.8700,31,1
2026-03-24,601318,14:42:14,57.8700,160,1
2026-03-24,601318,14:42:17,57.8700,51,1
2026-03-24,601318,14:42:20,57.8700,43,2
2026-03-24,601318,14:42:23,57.8700,120,2
2026-03-24,601318,14:42:26,57.8800,58,1
2026-03-24,601318,14:42:29,57.9000,284,1
2026-03-24,601318,14:42:32,57.8800,39,1
2026-03-24,601318,14:42:35,57.8800,47,2
2026-03-24,601318,14:42:38,57.8800,25,2
2026-03-24,601318,14:42:41,57.8800,137,2
2026-03-24,601318,14:42:44,57.8900,125,1
2026-03-24,601318,14:42:47,57.9000,99,1
2026-03-24,601318,14:42:50,57.8800,169,2
2026-03-24,601318,14:42:53,57.8900,54,1
2026-03-24,601318,14:42:56,57.8900,111,2
2026-03-24,601318,14:42:59,57.9000,218,1
2026-03-24,601318,14:43:02,57.8900,134,4
2026-03-24,601318,14:43:05,57.8800,200,2
2026-03-24,601318,14:43:08,57.9000,118,1
2026-03-24,601318,14:43:11,57.8900,4,4
2026-03-24,601318,14:43:14,57.8800,210,2
2026-03-24,601318,14:43:17,57.8800,46,2
2026-03-24,601318,14:43:20,57.8800,116,1
2026-03-24,601318,14:43:23,57.8900,99,1
2026-03-24,601318,14:43:26,57.8900,20,1
2026-03-24,601318,14:43:29,57.8900,85,1
2026-03-24,601318,14:43:32,57.9000,39,1
2026-03-24,601318,14:43:35,57.8900,118,2
2026-03-24,601318,14:43:38,57.9000,181,1
2026-03-24,601318,14:43:41,57.8900,88,2
2026-03-24,601318,14:43:44,57.8900,125,1
2026-03-24,601318,14:43:47,57.9000,302,1
2026-03-24,601318,14:43:50,57.9000,29,2
2026-03-24,601318,14:43:53,57.9000,164,2
2026-03-24,601318,14:43:56,57.9100,34,2
2026-03-24,601318,14:43:59,57.9100,64,2
2026-03-24,601318,14:44:02,57.8900,313,2
2026-03-24,601318,14:44:05,57.9000,79,1
2026-03-24,601318,14:44:08,57.9100,327,1
2026-03-24,601318,14:44:11,57.9100,94,1
2026-03-24,601318,14:44:14,57.9100,98,1
2026-03-24,601318,14:44:17,57.9100,309,1
2026-03-24,601318,14:44:20,57.9100,70,1
2026-03-24,601318,14:44:23,57.9100,122,1
2026-03-24,601318,14:44:26,57.9200,22,1
2026-03-24,601318,14:44:29,57.9100,31,2
2026-03-24,601318,14:44:32,57.9200,145,1
2026-03-24,601318,14:44:35,57.9200,155,1
2026-03-24,601318,14:44:38,57.9300,22,1
2026-03-24,601318,14:44:41,57.9300,103,1
2026-03-24,601318,14:44:44,57.9300,43,2
2026-03-24,601318,14:44:47,57.9300,50,2
2026-03-24,601318,14:44:50,57.9200,131,2
2026-03-24,601318,14:44:53,57.9500,377,1
2026-03-24,601318,14:44:56,57.9500,7,1
2026-03-24,601318,14:44:59,57.9500,209,1
2026-03-24,601318,14:45:02,57.9500,181,1
2026-03-24,601318,14:45:05,57.9400,165,2
2026-03-24,601318,14:45:08,57.9500,167,1
2026-03-24,601318,14:45:11,57.9400,156,2
2026-03-24,601318,14:45:14,57.9500,50,1
2026-03-24,601318,14:45:17,57.9400,119,2
2026-03-24,601318,14:45:20,57.9400,41,1
2026-03-24,601318,14:45:23,57.9500,66,1
2026-03-24,601318,14:45:26,57.9400,12,4
2026-03-24,601318,14:45:29,57.9300,777,2
2026-03-24,601318,14:45:32,57.9400,67,1
2026-03-24,601318,14:45:35,57.9500,72,1
2026-03-24,601318,14:45:38,57.9400,19,2
2026-03-24,601318,14:45:41,57.9500,89,1
2026-03-24,601318,14:45:44,57.9400,134,2
2026-03-24,601318,14:45:47,57.9200,399,2
2026-03-24,601318,14:45:50,57.9400,92,1
2026-03-24,601318,14:45:53,57.9300,108,2
2026-03-24,601318,14:45:56,57.9300,60,1
2026-03-24,601318,14:45:59,57.9400,44,1
2026-03-24,601318,14:46:02,57.9500,77,1
2026-03-24,601318,14:46:05,57.9400,114,2
2026-03-24,601318,14:46:08,57.9400,76,2
2026-03-24,601318,14:46:11,57.9500,26,1
2026-03-24,601318,14:46:14,57.9500,63,1
2026-03-24,601318,14:46:17,57.9500,113,1
2026-03-24,601318,14:46:20,57.9500,47,1
2026-03-24,601318,14:46:23,57.9500,375,1
2026-03-24,601318,14:46:26,57.9600,101,1
2026-03-24,601318,14:46:29,57.9700,633,1
2026-03-24,601318,14:46:32,57.9600,436,1
2026-03-24,601318,14:46:35,57.9500,31,2
2026-03-24,601318,14:46:38,57.9700,88,1
2026-03-24,601318,14:46:41,57.9700,32,2
2026-03-24,601318,14:46:44,57.9700,44,1
2026-03-24,601318,14:46:47,57.9700,77,1
2026-03-24,601318,14:46:50,57.9700,38,2
2026-03-24,601318,14:46:53,57.9800,81,1
2026-03-24,601318,14:46:56,57.9800,49,1
2026-03-24,601318,14:46:59,57.9800,207,1
2026-03-24,601318,14:47:02,57.9900,132,1
2026-03-24,601318,14:47:05,57.9900,198,1
2026-03-24,601318,14:47:08,57.9900,1134,1
2026-03-24,601318,14:47:11,57.9900,37,2
2026-03-24,601318,14:47:14,58.0000,66,1
2026-03-24,601318,14:47:17,58.0000,15,1
2026-03-24,601318,14:47:20,58.0000,102,1
2026-03-24,601318,14:47:23,58.0100,41,1
2026-03-24,601318,14:47:27,58.0100,26,1
2026-03-24,601318,14:47:29,58.0000,1102,2
2026-03-24,601318,14:47:32,58.0000,88,2
2026-03-24,601318,14:47:35,58.0000,50,1
2026-03-24,601318,14:47:38,58.0000,33,2
2026-03-24,601318,14:47:41,58.0000,66,1
2026-03-24,601318,14:47:44,58.0000,51,1
2026-03-24,601318,14:47:47,58.0000,71,1
2026-03-24,601318,14:47:50,58.0000,205,1
2026-03-24,601318,14:47:53,58.0000,64,1
2026-03-24,601318,14:47:56,58.0000,38,2
2026-03-24,601318,14:47:59,58.0000,217,2
2026-03-24,601318,14:48:02,58.0000,116,2
2026-03-24,601318,14:48:05,58.0000,132,2
2026-03-24,601318,14:48:08,58.0100,141,1
2026-03-24,601318,14:48:11,58.0100,18,2
2026-03-24,601318,14:48:14,58.0100,81,2
2026-03-24,601318,14:48:17,58.0100,8,1
2026-03-24,601318,14:48:20,58.0100,155,1
2026-03-24,601318,14:48:23,58.0100,325,2
2026-03-24,601318,14:48:26,58.0000,168,2
2026-03-24,601318,14:48:29,58.0000,66,2
2026-03-24,601318,14:48:32,58.0100,64,1
2026-03-24,601318,14:48:35,58.0100,61,1
2026-03-24,601318,14:48:38,58.0100,74,1
2026-03-24,601318,14:48:41,58.0000,135,2
2026-03-24,601318,14:48:44,58.0000,17,2
2026-03-24,601318,14:48:47,58.0100,135,1
2026-03-24,601318,14:48:50,58.0100,40,1
2026-03-24,601318,14:48:53,58.0000,69,2
2026-03-24,601318,14:48:56,58.0000,176,1
2026-03-24,601318,14:48:59,58.0100,110,1
2026-03-24,601318,14:49:02,58.0100,201,2
2026-03-24,601318,14:49:05,58.0100,304,1
2026-03-24,601318,14:49:08,58.0200,60,1
2026-03-24,601318,14:49:11,58.0100,21,2
2026-03-24,601318,14:49:14,58.0200,108,1
2026-03-24,601318,14:49:17,58.0200,87,1
2026-03-24,601318,14:49:20,58.0200,156,1
2026-03-24,601318,14:49:23,58.0100,20,2
2026-03-24,601318,14:49:26,58.0100,38,1
2026-03-24,601318,14:49:29,58.0100,55,1
2026-03-24,601318,14:49:32,58.0100,53,1
2026-03-24,601318,14:49:35,58.0100,54,2
2026-03-24,601318,14:49:39,58.0200,111,1
2026-03-24,601318,14:49:41,58.0100,75,2
2026-03-24,601318,14:49:44,58.0200,38,1
2026-03-24,601318,14:49:47,58.0200,36,1
2026-03-24,601318,14:49:50,58.0200,56,1
2026-03-24,601318,14:49:53,58.0100,39,2
2026-03-24,601318,14:49:56,58.0200,84,1
2026-03-24,601318,14:50:00,58.0200,138,1
2026-03-24,601318,14:50:02,58.0200,1293,1
2026-03-24,601318,14:50:05,58.0100,41,1
2026-03-24,601318,14:50:08,58.0000,28,2
2026-03-24,601318,14:50:11,58.0100,16,1
2026-03-24,601318,14:50:14,58.0100,125,1
2026-03-24,601318,14:50:17,58.0100,96,1
2026-03-24,601318,14:50:20,58.0100,139,1
2026-03-24,601318,14:50:23,58.0100,97,1
2026-03-24,601318,14:50:26,58.0200,25,1
2026-03-24,601318,14:50:29,58.0100,4,2
2026-03-24,601318,14:50:32,58.0200,11,1
2026-03-24,601318,14:50:35,58.0100,83,2
2026-03-24,601318,14:50:38,58.0100,77,2
2026-03-24,601318,14:50:41,58.0200,64,1
2026-03-24,601318,14:50:44,58.0200,205,1
2026-03-24,601318,14:50:47,58.0200,70,1
2026-03-24,601318,14:50:50,58.0100,211,2
2026-03-24,601318,14:50:53,58.0400,416,1
2026-03-24,601318,14:50:56,58.0400,67,4
2026-03-24,601318,14:50:59,58.0300,28,4
2026-03-24,601318,14:51:02,58.0300,202,1
2026-03-24,601318,14:51:05,58.0200,1149,2
2026-03-24,601318,14:51:08,58.0100,13,2
2026-03-24,601318,14:51:11,58.0100,65,2
2026-03-24,601318,14:51:14,58.0200,76,1
2026-03-24,601318,14:51:17,58.0100,51,2
2026-03-24,601318,14:51:20,58.0200,30,1
2026-03-24,601318,14:51:23,58.0100,55,2
2026-03-24,601318,14:51:26,58.0100,78,2
2026-03-24,601318,14:51:29,58.0200,87,1
2026-03-24,601318,14:51:32,58.0100,71,2
2026-03-24,601318,14:51:35,58.0100,218,2
2026-03-24,601318,14:51:38,58.0000,1193,2
2026-03-24,601318,14:51:41,57.9900,102,2
2026-03-24,601318,14:51:44,57.9900,90,2
2026-03-24,601318,14:51:47,58.0100,250,1
2026-03-24,601318,14:51:50,58.0000,83,2
2026-03-24,601318,14:51:53,58.0000,88,2
2026-03-24,601318,14:51:56,58.0100,86,1
2026-03-24,601318,14:51:59,58.0000,30,1
2026-03-24,601318,14:52:02,58.0000,176,1
2026-03-24,601318,14:52:05,57.9900,204,2
2026-03-24,601318,14:52:08,58.0000,89,1
2026-03-24,601318,14:52:11,58.0000,460,1
2026-03-24,601318,14:52:14,58.0000,76,2
2026-03-24,601318,14:52:17,58.0000,53,2
2026-03-24,601318,14:52:20,58.0000,84,2
2026-03-24,601318,14:52:23,58.0000,169,2
2026-03-24,601318,14:52:26,58.0000,46,2
2026-03-24,601318,14:52:29,58.0000,48,1
2026-03-24,601318,14:52:33,58.0100,126,1
2026-03-24,601318,14:52:35,58.0100,648,1
2026-03-24,601318,14:52:38,58.0200,11,2
2026-03-24,601318,14:52:41,58.0200,194,2
2026-03-24,601318,14:52:44,58.0300,105,1
2026-03-24,601318,14:52:47,58.0400,127,1
2026-03-24,601318,14:52:50,58.0300,93,2
2026-03-24,601318,14:52:53,58.0300,60,2
2026-03-24,601318,14:52:56,58.0200,165,2
2026-03-24,601318,14:52:59,58.0300,88,4
2026-03-24,601318,14:53:02,58.0300,153,1
2026-03-24,601318,14:53:05,58.0300,110,2
2026-03-24,601318,14:53:08,58.0300,56,2
2026-03-24,601318,14:53:11,58.0300,135,2
2026-03-24,601318,14:53:14,58.0300,52,1
2026-03-24,601318,14:53:17,58.0200,127,2
2026-03-24,601318,14:53:20,58.0300,85,1
2026-03-24,601318,14:53:23,58.0300,158,1
2026-03-24,601318,14:53:26,58.0300,201,1
2026-03-24,601318,14:53:29,58.0300,33,2
2026-03-24,601318,14:53:32,58.0400,498,1
2026-03-24,601318,14:53:35,58.0400,151,1
2026-03-24,601318,14:53:38,58.0400,297,1
2026-03-24,601318,14:53:41,58.0500,164,1
2026-03-24,601318,14:53:44,58.0500,143,1
2026-03-24,601318,14:53:47,58.0500,170,1
2026-03-24,601318,14:53:50,58.0500,124,1
2026-03-24,601318,14:53:53,58.0600,225,1
2026-03-24,601318,14:53:56,58.0600,132,1
2026-03-24,601318,14:53:59,58.0700,102,1
2026-03-24,601318,14:54:02,58.0600,122,2
2026-03-24,601318,14:54:05,58.0600,356,1
2026-03-24,601318,14:54:08,58.0600,230,1
2026-03-24,601318,14:54:11,58.0700,135,1
2026-03-24,601318,14:54:14,58.0700,526,1
2026-03-24,601318,14:54:17,58.0700,170,4
2026-03-24,601318,14:54:20,58.0600,169,2
2026-03-24,601318,14:54:23,58.0600,221,2
2026-03-24,601318,14:54:27,58.0400,210,2
2026-03-24,601318,14:54:29,58.0600,211,1
2026-03-24,601318,14:54:32,58.0400,401,1
2026-03-24,601318,14:54:35,58.0600,164,1
2026-03-24,601318,14:54:38,58.0500,52,2
2026-03-24,601318,14:54:41,58.0600,290,1
2026-03-24,601318,14:54:44,58.0600,73,2
2026-03-24,601318,14:54:47,58.0500,88,2
2026-03-24,601318,14:54:50,58.0600,221,4
2026-03-24,601318,14:54:53,58.0500,51,2
2026-03-24,601318,14:54:56,58.0600,156,1
2026-03-24,601318,14:54:59,58.0600,145,2
2026-03-24,601318,14:55:02,58.0600,411,1
2026-03-24,601318,14:55:05,58.0900,578,1
2026-03-24,601318,14:55:08,58.0700,163,2
2026-03-24,601318,14:55:11,58.0900,182,1
2026-03-24,601318,14:55:14,58.1000,36,1
2026-03-24,601318,14:55:17,58.0900,200,2
2026-03-24,601318,14:55:20,58.1000,186,1
2026-03-24,601318,14:55:23,58.1000,123,1
2026-03-24,601318,14:55:26,58.1000,41,1
2026-03-24,601318,14:55:29,58.0900,132,2
2026-03-24,601318,14:55:32,58.0900,130,2
2026-03-24,601318,14:55:35,58.0900,188,2
2026-03-24,601318,14:55:38,58.0900,234,2
2026-03-24,601318,14:55:41,58.1000,252,1
2026-03-24,601318,14:55:44,58.0900,257,2
2026-03-24,601318,14:55:47,58.0900,591,2
2026-03-24,601318,14:55:50,58.1000,438,1
2026-03-24,601318,14:55:53,58.0900,333,2
2026-03-24,601318,14:55:56,58.0900,255,2
2026-03-24,601318,14:55:59,58.0900,263,1
2026-03-24,601318,14:56:02,58.1000,277,1
2026-03-24,601318,14:56:05,58.1000,284,1
2026-03-24,601318,14:56:08,58.1000,268,1
2026-03-24,601318,14:56:11,58.1100,427,1
2026-03-24,601318,14:56:14,58.1400,442,1
2026-03-24,601318,14:56:17,58.1400,480,1
2026-03-24,601318,14:56:20,58.1200,111,2
2026-03-24,601318,14:56:23,58.1300,43,4
2026-03-24,601318,14:56:26,58.1200,61,2
2026-03-24,601318,14:56:29,58.1200,105,2
2026-03-24,601318,14:56:32,58.1200,122,2
2026-03-24,601318,14:56:35,58.1200,110,1
2026-03-24,601318,14:56:38,58.1100,134,2
2026-03-24,601318,14:56:41,58.1100,128,4
2026-03-24,601318,14:56:44,58.1200,150,1
2026-03-24,601318,14:56:47,58.1100,89,2
2026-03-24,601318,14:56:50,58.1100,170,2
2026-03-24,601318,14:56:53,58.1200,21,1
2026-03-24,601318,14:56:56,58.1200,174,1
2026-03-24,601318,14:56:59,58.1300,30,1
2026-03-24,601318,14:57:02,58.1100,11,2
2026-03-24,601318,15:00:03,58.1200,10444,4
2026-03-24,601318,13:16:50,57.9800,31,2
2026-03-24,601318,13:16:53,58.0000,84,1
2026-03-24,601318,13:16:56,57.9700,42,2
2026-03-24,601318,13:17:00,57.9700,12,2
2026-03-24,601318,13:17:02,57.9900,8,1
2026-03-24,601318,13:17:05,57.9800,18,2
2026-03-24,601318,13:17:08,57.9700,73,2
2026-03-24,601318,13:17:11,57.9900,116,1
2026-03-24,601318,13:17:14,58.0000,2,1
2026-03-24,601318,13:17:17,58.0000,12,1
2026-03-24,601318,13:17:20,58.0000,17,1
2026-03-24,601318,13:17:23,58.0000,59,1
2026-03-24,601318,13:17:26,58.0000,25,1
2026-03-24,601318,13:17:29,58.0000,8,1
2026-03-24,601318,13:17:32,57.9900,7,2
2026-03-24,601318,13:17:38,58.0000,3,1
2026-03-24,601318,13:17:41,58.0000,8,1
2026-03-24,601318,13:17:44,58.0000,16,1
2026-03-24,601318,13:17:47,57.9900,18,2
2026-03-24,601318,13:17:50,57.9900,24,2
2026-03-24,601318,13:17:53,57.9900,289,2
2026-03-24,601318,13:17:56,57.9700,274,2
2026-03-24,601318,13:17:59,57.9600,29,2
2026-03-24,601318,13:18:02,57.9900,125,1
2026-03-24,601318,13:18:05,57.9800,33,1
2026-03-24,601318,13:18:08,57.9800,108,1
2026-03-24,601318,13:18:11,57.9800,74,2
2026-03-24,601318,13:18:14,57.9900,29,1
2026-03-24,601318,13:18:17,57.9900,16,4
2026-03-24,601318,13:18:20,57.9800,29,2
2026-03-24,601318,13:18:23,57.9900,60,1
2026-03-24,601318,13:18:26,57.9900,9,1
2026-03-24,601318,13:18:29,57.9800,28,2
2026-03-24,601318,13:18:32,57.9900,3,4
2026-03-24,601318,13:18:38,57.9800,72,2
2026-03-24,601318,13:18:41,57.9800,25,1
2026-03-24,601318,13:18:44,57.9700,13,2
2026-03-24,601318,13:18:47,57.9700,30,2
2026-03-24,601318,13:18:50,57.9700,71,2
2026-03-24,601318,13:18:53,57.9700,6,2
2026-03-24,601318,13:18:56,57.9700,44,2
2026-03-24,601318,13:18:59,57.9700,9,2
2026-03-24,601318,13:19:02,57.9600,204,2
2026-03-24,601318,13:19:05,57.9700,47,1
2026-03-24,601318,13:19:08,57.9700,42,1
2026-03-24,601318,13:19:11,57.9600,35,2
2026-03-24,601318,13:19:14,57.9700,27,1
2026-03-24,601318,13:19:17,57.9700,10,1
2026-03-24,601318,13:19:20,57.9700,3,1
2026-03-24,601318,13:19:23,57.9600,35,2
2026-03-24,601318,13:19:26,57.9700,20,1
2026-03-24,601318,13:19:29,57.9600,22,2
2026-03-24,601318,13:19:32,57.9700,126,1
2026-03-24,601318,13:19:35,57.9700,98,1
2026-03-24,601318,13:19:38,57.9800,31,4
2026-03-24,601318,13:19:41,57.9800,38,1
2026-03-24,601318,13:19:44,57.9800,6,1
2026-03-24,601318,13:19:47,57.9800,61,1
2026-03-24,601318,13:19:50,57.9800,25,2
2026-03-24,601318,13:19:54,57.9800,7,2
2026-03-24,601318,13:19:56,57.9900,30,1
2026-03-24,601318,13:19:59,57.9900,39,1
2026-03-24,601318,13:20:02,57.9800,17,2
2026-03-24,601318,13:20:05,57.9800,33,2
2026-03-24,601318,13:20:08,57.9800,34,2
2026-03-24,601318,13:20:11,57.9700,17,2
2026-03-24,601318,13:20:14,57.9700,116,2
2026-03-24,601318,13:20:17,57.9700,33,1
2026-03-24,601318,13:20:20,57.9700,20,1
2026-03-24,601318,13:20:24,57.9600,45,2
2026-03-24,601318,13:20:30,57.9700,8,1
2026-03-24,601318,13:20:32,57.9600,16,2
2026-03-24,601318,13:20:35,57.9600,29,2
2026-03-24,601318,13:20:38,57.9600,19,2
2026-03-24,601318,13:20:41,57.9600,275,2
2026-03-24,601318,13:20:44,57.9600,134,1
2026-03-24,601318,13:20:47,57.9600,23,1
2026-03-24,601318,13:20:50,57.9500,19,4
2026-03-24,601318,13:20:53,57.9400,106,2
2026-03-24,601318,13:20:56,57.9500,63,1
2026-03-24,601318,13:20:59,57.9300,14,2
2026-03-24,601318,13:21:02,57.9300,68,2
2026-03-24,601318,13:21:05,57.9300,75,2
2026-03-24,601318,13:21:08,57.9400,80,1
2026-03-24,601318,13:21:11,57.9500,70,1
2026-03-24,601318,13:21:14,57.9400,55,4
2026-03-24,601318,13:21:17,57.9300,554,2
2026-03-24,601318,13:21:20,57.9500,1371,1
2026-03-24,601318,13:21:23,57.9600,68,1
2026-03-24,601318,13:21:26,57.9600,20,2
2026-03-24,601318,13:21:29,57.9600,28,2
2026-03-24,601318,13:21:32,57.9600,25,2
2026-03-24,601318,13:21:35,57.9500,61,2
2026-03-24,601318,13:21:38,57.9500,12,2
2026-03-24,601318,13:21:41,57.9500,40,1
2026-03-24,601318,13:21:44,57.9500,56,2
2026-03-24,601318,13:21:47,57.9500,49,1
2026-03-24,601318,13:21:50,57.9600,22,1
2026-03-24,601318,13:21:53,57.9500,26,2
2026-03-24,601318,13:21:56,57.9500,25,2
2026-03-24,601318,13:21:59,57.9500,34,2
2026-03-24,601318,13:22:02,57.9600,17,1
2026-03-24,601318,13:22:05,57.9600,28,1
2026-03-24,601318,13:22:08,57.9500,7,2
2026-03-24,601318,13:22:11,57.9500,71,2
2026-03-24,601318,13:22:14,57.9500,73,2
2026-03-24,601318,13:22:17,57.9500,35,1
2026-03-24,601318,13:22:20,57.9500,17,1
2026-03-24,601318,13:22:23,57.9500,16,2
2026-03-24,601318,13:22:26,57.9400,95,2
2026-03-24,601318,13:22:29,57.9600,15,1
2026-03-24,601318,13:22:32,57.9400,61,2
2026-03-24,601318,13:22:35,57.9500,18,1
2026-03-24,601318,13:22:38,57.9400,24,2
2026-03-24,601318,13:22:41,57.9400,6,2
2026-03-24,601318,13:22:44,57.9400,20,2
2026-03-24,601318,13:22:47,57.9400,122,2
2026-03-24,601318,13:22:50,57.9300,48,2
2026-03-24,601318,13:22:53,57.9200,185,2
2026-03-24,601318,13:22:56,57.9200,50,2
2026-03-24,601318,13:23:00,57.9200,13,2
2026-03-24,601318,13:23:02,57.9200,83,2
2026-03-24,601318,13:23:05,57.9200,50,2
2026-03-24,601318,13:23:08,57.9200,86,2
2026-03-24,601318,13:23:11,57.9100,87,2
2026-03-24,601318,13:23:14,57.9100,11,2
2026-03-24,601318,13:23:17,57.9000,569,2
2026-03-24,601318,13:23:20,57.9000,80,2
2026-03-24,601318,13:23:23,57.9000,149,2
2026-03-24,601318,13:23:26,57.9000,128,2
2026-03-24,601318,13:23:29,57.8900,43,2
2026-03-24,601318,13:23:32,57.9000,45,1
2026-03-24,601318,13:23:35,57.9000,27,1
2026-03-24,601318,13:23:38,57.9000,377,1
2026-03-24,601318,13:23:41,57.8900,43,4
2026-03-24,601318,13:23:44,57.9000,56,1
2026-03-24,601318,13:23:47,57.9100,149,1
2026-03-24,601318,13:23:50,57.9100,7,1
2026-03-24,601318,13:23:53,57.9000,168,2
2026-03-24,601318,13:23:56,57.9000,45,2
2026-03-24,601318,13:23:59,57.9100,73,1
2026-03-24,601318,13:24:02,57.9100,15,2
2026-03-24,601318,13:24:05,57.9100,16,1
2026-03-24,601318,13:24:08,57.9000,62,2
2026-03-24,601318,13:24:11,57.9000,27,2
2026-03-24,601318,13:24:14,57.9100,32,1
2026-03-24,601318,13:24:17,57.9100,34,1
2026-03-24,601318,13:24:20,57.9000,9,2
2026-03-24,601318,13:24:23,57.9000,12,2
2026-03-24,601318,13:24:26,57.9000,30,2
2026-03-24,601318,13:24:29,57.9000,182,2
2026-03-24,601318,13:24:32,57.9000,39,2
2026-03-24,601318,13:24:35,57.9100,3,1
2026-03-24,601318,13:24:38,57.9000,6,2
2026-03-24,601318,13:24:41,57.9100,10,1
2026-03-24,601318,13:24:44,57.9100,6,1
2026-03-24,601318,13:24:47,57.9000,15,2
2026-03-24,601318,13:24:50,57.9000,43,2
2026-03-24,601318,13:24:53,57.9100,15,1
2026-03-24,601318,13:24:56,57.9000,21,2
2026-03-24,601318,13:24:59,57.9000,98,2
2026-03-24,601318,13:25:02,57.9000,180,2
2026-03-24,601318,13:25:05,57.8900,57,2
2026-03-24,601318,13:25:08,57.8900,26,2
2026-03-24,601318,13:25:12,57.8900,5,2
2026-03-24,601318,13:25:14,57.8900,73,2
2026-03-24,601318,13:25:17,57.8900,27,2
2026-03-24,601318,13:25:20,57.8900,92,2
2026-03-24,601318,13:25:23,57.8900,183,2
2026-03-24,601318,13:25:26,57.8800,172,2
2026-03-24,601318,13:25:29,57.8900,61,1
2026-03-24,601318,13:25:32,57.8900,12,4
2026-03-24,601318,13:25:35,57.8800,52,2
2026-03-24,601318,13:25:38,57.8900,205,1
2026-03-24,601318,13:25:41,57.8800,14,2
2026-03-24,601318,13:25:44,57.8800,82,2
2026-03-24,601318,13:25:47,57.8700,71,2
2026-03-24,601318,13:25:50,57.8700,50,2
2026-03-24,601318,13:25:54,57.8700,27,2
2026-03-24,601318,13:25:56,57.8700,31,2
2026-03-24,601318,13:25:59,57.8700,22,2
2026-03-24,601318,13:26:02,57.8700,233,2
2026-03-24,601318,13:26:05,57.8700,35,2
2026-03-24,601318,13:26:08,57.8700,100,2
2026-03-24,601318,13:26:11,57.8700,39,2
2026-03-24,601318,13:26:14,57.8700,39,2
2026-03-24,601318,13:26:17,57.8600,201,2
2026-03-24,601318,13:26:20,57.8600,13,2
2026-03-24,601318,13:26:23,57.8600,36,2
2026-03-24,601318,13:26:26,57.8600,34,2
2026-03-24,601318,13:26:29,57.8600,21,2
2026-03-24,601318,13:26:32,57.8600,93,2
2026-03-24,601318,13:26:35,57.8600,61,2
2026-03-24,601318,13:26:38,57.8700,48,1
2026-03-24,601318,13:26:41,57.8600,42,2
2026-03-24,601318,13:26:44,57.8600,29,2
2026-03-24,601318,13:26:47,57.8600,41,2
2026-03-24,601318,13:26:50,57.8600,114,2
2026-03-24,601318,13:26:53,57.8600,89,2
2026-03-24,601318,13:26:56,57.8600,22,2
2026-03-24,601318,13:26:59,57.8600,19,2
2026-03-24,601318,13:27:02,57.8700,159,1
2026-03-24,601318,13:27:05,57.8600,74,2
2026-03-24,601318,13:27:08,57.8600,45,2
2026-03-24,601318,13:27:11,57.8600,32,2
2026-03-24,601318,13:27:14,57.8600,54,2
2026-03-24,601318,13:27:17,57.8600,8,2
2026-03-24,601318,13:27:20,57.8600,51,2
2026-03-24,601318,13:27:23,57.8500,104,2
2026-03-24,601318,13:27:26,57.8500,36,2
2026-03-24,601318,13:27:29,57.8500,33,2
2026-03-24,601318,13:27:32,57.8600,42,1
2026-03-24,601318,13:27:35,57.8500,64,2
2026-03-24,601318,13:27:38,57.8600,38,1
2026-03-24,601318,13:27:41,57.8500,44,2
2026-03-24,601318,13:27:44,57.8500,11,2
2026-03-24,601318,13:27:47,57.8500,120,2
2026-03-24,601318,13:27:50,57.8500,35,2
2026-03-24,601318,13:27:54,57.8500,93,2
2026-03-24,601318,13:27:56,57.8500,39,2
2026-03-24,601318,13:27:59,57.8500,19,2
2026-03-24,601318,13:28:02,57.8400,534,2
2026-03-24,601318,13:28:05,57.8400,224,2
2026-03-24,601318,13:28:08,57.8300,54,2
2026-03-24,601318,13:28:11,57.8400,38,1
2026-03-24,601318,13:28:14,57.8300,69,2
2026-03-24,601318,13:28:17,57.8300,46,1
2026-03-24,601318,13:28:20,57.8200,13,2
2026-03-24,601318,13:28:23,57.8200,78,2
2026-03-24,601318,13:28:26,57.8200,16,2
2026-03-24,601318,13:28:29,57.8200,132,2
2026-03-24,601318,13:28:32,57.8100,90,2
2026-03-24,601318,13:28:35,57.8100,74,2
2026-03-24,601318,13:28:38,57.8100,12,2
2026-03-24,601318,13:28:41,57.8100,59,2
2026-03-24,601318,13:28:44,57.8100,5,2
2026-03-24,601318,13:28:47,57.8100,18,2
2026-03-24,601318,13:28:50,57.8100,43,2
2026-03-24,601318,13:28:53,57.8100,3,2
2026-03-24,601318,13:28:56,57.8100,57,2
2026-03-24,601318,13:28:59,57.8100,89,2
2026-03-24,601318,13:29:02,57.8100,86,2
2026-03-24,601318,13:29:05,57.8200,20,1
2026-03-24,601318,13:29:08,57.8100,78,2
2026-03-24,601318,13:29:11,57.8100,262,2
2026-03-24,601318,13:29:14,57.8100,16,1
2026-03-24,601318,13:29:17,57.8100,44,1
2026-03-24,601318,13:29:20,57.8000,73,2
2026-03-24,601318,13:29:23,57.8200,165,1
2026-03-24,601318,13:29:26,57.8100,17,2
2026-03-24,601318,13:29:29,57.8100,14,2
2026-03-24,601318,13:29:32,57.8200,15,1
2026-03-24,601318,13:29:35,57.8100,29,2
2026-03-24,601318,13:29:39,57.8100,53,2
2026-03-24,601318,13:29:41,57.8100,80,2
2026-03-24,601318,13:29:44,57.8100,26,2
2026-03-24,601318,13:29:47,57.8100,24,2
2026-03-24,601318,13:29:50,57.8100,100,2
2026-03-24,601318,13:29:53,57.8000,35,2
2026-03-24,601318,13:29:56,57.8100,48,1
2026-03-24,601318,13:29:59,57.7900,1344,2
2026-03-24,601318,13:30:02,57.8000,68,1
2026-03-24,601318,13:30:05,57.7900,213,2
2026-03-24,601318,13:30:08,57.7900,44,2
2026-03-24,601318,13:30:11,57.8000,216,1
2026-03-24,601318,13:30:14,57.7800,40,2
2026-03-24,601318,13:30:17,57.7900,5,4
2026-03-24,601318,13:30:20,57.7800,35,2
2026-03-24,601318,13:30:23,57.7900,46,4
2026-03-24,601318,13:30:26,57.7900,280,4
2026-03-24,601318,13:30:29,57.7800,31,2
2026-03-24,601318,13:30:32,57.7900,121,1
2026-03-24,601318,13:30:35,57.8000,58,1
2026-03-24,601318,13:30:38,57.7900,166,2
2026-03-24,601318,13:30:41,57.7900,20,1
2026-03-24,601318,13:30:44,57.7900,102,1
2026-03-24,601318,13:30:47,57.8000,23,1
2026-03-24,601318,13:30:50,57.8100,521,1
2026-03-24,601318,13:30:53,57.8200,90,1
2026-03-24,601318,13:30:56,57.8100,120,1
2026-03-24,601318,13:30:59,57.8200,38,1
2026-03-24,601318,13:31:02,57.8100,28,2
2026-03-24,601318,13:31:05,57.8100,63,1
2026-03-24,601318,13:31:08,57.8100,34,1
2026-03-24,601318,13:31:11,57.8000,16,2
2026-03-24,601318,13:31:14,57.8100,19,1
2026-03-24,601318,13:31:17,57.8100,99,1
2026-03-24,601318,13:31:20,57.8100,16,2
2026-03-24,601318,13:31:23,57.8100,40,2
2026-03-24,601318,13:31:26,57.8100,38,2
2026-03-24,601318,13:31:29,57.8100,17,2
2026-03-24,601318,13:31:32,57.8200,51,1
2026-03-24,601318,13:31:35,57.8100,68,4
2026-03-24,601318,13:31:38,57.8100,61,1
2026-03-24,601318,13:31:41,57.8100,26,1
2026-03-24,601318,13:31:44,57.8100,18,1
2026-03-24,601318,13:31:47,57.8100,17,1
2026-03-24,601318,13:31:50,57.8000,38,2
2026-03-24,601318,13:31:53,57.8000,362,2
2026-03-24,601318,13:31:56,57.8000,79,2
2026-03-24,601318,13:31:59,57.8000,3,2
2026-03-24,601318,13:32:02,57.7800,120,2
2026-03-24,601318,13:32:05,57.7900,26,1
2026-03-24,601318,13:32:08,57.7900,50,1
2026-03-24,601318,13:32:11,57.7900,11,1
2026-03-24,601318,13:32:14,57.7800,40,2
2026-03-24,601318,13:32:17,57.7900,64,1
2026-03-24,601318,13:32:20,57.7900,11,2
2026-03-24,601318,13:32:23,57.8000,17,1
2026-03-24,601318,13:32:26,57.8000,69,1
2026-03-24,601318,13:32:30,57.8000,1,1
2026-03-24,601318,13:32:32,57.8000,82,1
2026-03-24,601318,13:32:35,57.8000,16,1
2026-03-24,601318,13:32:38,57.8000,42,1
2026-03-24,601318,13:32:41,57.7900,22,2
2026-03-24,601318,13:32:44,57.8000,33,1
2026-03-24,601318,13:32:47,57.8000,12,1
2026-03-24,601318,13:32:50,57.8000,58,1
2026-03-24,601318,13:32:53,57.8000,76,1
2026-03-24,601318,13:32:56,57.8000,57,1
2026-03-24,601318,13:32:59,57.8100,45,1
2026-03-24,601318,13:33:02,57.8200,407,1
2026-03-24,601318,13:33:05,57.8100,108,4
2026-03-24,601318,13:33:08,57.8100,23,1
2026-03-24,601318,13:33:11,57.8100,254,1
2026-03-24,601318,13:33:14,57.8100,14,1
2026-03-24,601318,13:33:17,57.8100,77,1
2026-03-24,601318,13:33:20,57.8000,63,2
2026-03-24,601318,13:33:23,57.8100,41,1
2026-03-24,601318,13:33:26,57.8000,6,4
2026-03-24,601318,13:33:29,57.8000,92,2
2026-03-24,601318,13:33:32,57.8000,60,2
2026-03-24,601318,13:33:35,57.8000,24,2
2026-03-24,601318,13:33:38,57.8100,57,1
2026-03-24,601318,13:33:41,57.8100,96,1
2026-03-24,601318,13:33:44,57.8200,73,1
2026-03-24,601318,13:33:47,57.8100,45,2
2026-03-24,601318,13:33:50,57.8100,237,2
2026-03-24,601318,13:33:53,57.8000,962,2
2026-03-24,601318,13:33:56,57.8100,10,1
2026-03-24,601318,13:33:59,57.8000,51,2
2026-03-24,601318,13:34:02,57.8100,101,1
2026-03-24,601318,13:34:05,57.8000,177,2
2026-03-24,601318,13:34:08,57.8000,35,2
2026-03-24,601318,13:34:11,57.8100,457,1
2026-03-24,601318,13:34:14,57.8000,93,2
2026-03-24,601318,13:34:17,57.8000,43,2
2026-03-24,601318,13:34:20,57.8100,22,1
2026-03-24,601318,13:34:23,57.8100,254,1
2026-03-24,601318,13:34:26,57.8100,54,1
2026-03-24,601318,13:34:29,57.8100,25,1
2026-03-24,601318,13:34:32,57.8100,11,1
2026-03-24,601318,13:34:35,57.8100,57,1
2026-03-24,601318,13:34:38,57.8100,72,1
2026-03-24,601318,13:34:41,57.8100,108,1
2026-03-24,601318,13:34:44,57.8100,39,1
2026-03-24,601318,13:34:47,57.8100,115,1
2026-03-24,601318,13:34:50,57.8100,19,1
2026-03-24,601318,13:34:53,57.8100,27,2
2026-03-24,601318,13:34:56,57.8200,26,1
2026-03-24,601318,13:35:00,57.8300,137,1
2026-03-24,601318,13:35:02,57.8200,103,2
2026-03-24,601318,13:35:05,57.8200,81,2
2026-03-24,601318,13:35:08,57.8300,92,1
2026-03-24,601318,13:35:11,57.8300,119,1
2026-03-24,601318,13:35:14,57.8300,53,2
2026-03-24,601318,13:35:17,57.8400,23,1
2026-03-24,601318,13:35:20,57.8300,23,2
2026-03-24,601318,13:35:23,57.8400,20,1
2026-03-24,601318,13:35:26,57.8300,41,2
2026-03-24,601318,13:35:29,57.8300,20,2
2026-03-24,601318,13:35:32,57.8400,115,1
2026-03-24,601318,13:35:35,57.8300,66,2
2026-03-24,601318,13:35:38,57.8400,76,1
2026-03-24,601318,13:35:41,57.8400,73,1
2026-03-24,601318,13:35:44,57.8400,22,1
2026-03-24,601318,13:35:47,57.8300,51,2
2026-03-24,601318,13:35:50,57.8400,12,2
2026-03-24,601318,13:35:53,57.8500,5,1
2026-03-24,601318,13:35:56,57.8500,12,1
2026-03-24,601318,13:35:59,57.8500,82,1
2026-03-24,601318,13:36:02,57.8400,269,2
2026-03-24,601318,13:36:05,57.8500,28,1
2026-03-24,601318,13:36:08,57.8500,93,1
2026-03-24,601318,13:36:11,57.8400,63,2
2026-03-24,601318,13:36:14,57.8500,4,1
2026-03-24,601318,13:36:17,57.8400,4,2
2026-03-24,601318,13:36:20,57.8400,70,2
2026-03-24,601318,13:36:23,57.8400,46,2
2026-03-24,601318,13:36:26,57.8400,106,2
2026-03-24,601318,13:36:29,57.8400,50,2
2026-03-24,601318,13:36:32,57.8400,9,2
2026-03-24,601318,13:36:35,57.8400,44,4
2026-03-24,601318,13:36:38,57.8400,4,4
2026-03-24,601318,13:36:41,57.8400,61,1
2026-03-24,601318,13:36:44,57.8500,78,1
2026-03-24,601318,13:36:47,57.8500,16,1
2026-03-24,601318,13:36:50,57.8400,51,2
2026-03-24,601318,13:36:53,57.8500,7,1
2026-03-24,601318,13:36:57,57.8500,7,1
2026-03-24,601318,13:36:59,57.8500,44,1
2026-03-24,601318,13:37:02,57.8400,365,2
2026-03-24,601318,13:37:05,57.8400,36,1
2026-03-24,601318,13:37:08,57.8300,119,2
2026-03-24,601318,13:37:11,57.8400,13,4
2026-03-24,601318,13:37:14,57.8500,83,1
2026-03-24,601318,13:37:17,57.8500,32,1
2026-03-24,601318,13:37:20,57.8400,12,2
2026-03-24,601318,13:37:23,57.8400,41,2
2026-03-24,601318,13:37:26,57.8400,45,1
2026-03-24,601318,13:37:29,57.8400,3,2
2026-03-24,601318,13:37:32,57.8500,18,1
2026-03-24,601318,13:37:35,57.8400,25,2
2026-03-24,601318,13:37:38,57.8400,9,2
2026-03-24,601318,13:37:41,57.8500,13,1
2026-03-24,601318,13:37:44,57.8400,24,2
2026-03-24,601318,13:37:47,57.8500,17,1
2026-03-24,601318,13:37:50,57.8600,141,1
2026-03-24,601318,13:37:53,57.8500,130,2
2026-03-24,601318,13:37:56,57.8600,61,1
2026-03-24,601318,13:37:59,57.8500,10,2
2026-03-24,601318,13:38:02,57.8600,298,1
2026-03-24,601318,13:38:05,57.8500,57,2
2026-03-24,601318,13:38:08,57.8500,306,2
2026-03-24,601318,13:38:11,57.8600,55,4
2026-03-24,601318,13:38:14,57.8700,3,1
2026-03-24,601318,13:38:17,57.8700,34,1
2026-03-24,601318,13:38:20,57.8700,23,1
2026-03-24,601318,13:38:23,57.8700,143,1
2026-03-24,601318,13:38:26,57.8700,18,1
2026-03-24,601318,13:38:29,57.8700,88,1
2026-03-24,601318,13:38:32,57.8700,44,2
2026-03-24,601318,13:38:35,57.8800,25,1
2026-03-24,601318,13:38:38,57.8700,28,2
2026-03-24,601318,13:38:41,57.8800,150,1
2026-03-24,601318,13:38:44,57.8700,27,2
2026-03-24,601318,13:38:47,57.8800,39,1
2026-03-24,601318,13:38:50,57.8800,46,1
2026-03-24,601318,13:38:53,57.8800,121,1
2026-03-24,601318,13:38:56,57.8800,22,1
2026-03-24,601318,13:38:59,57.8800,24,2
2026-03-24,601318,13:39:02,57.8700,399,2
2026-03-24,601318,13:39:05,57.8700,241,2
2026-03-24,601318,13:39:08,57.8800,77,1
2026-03-24,601318,13:39:14,57.8800,89,2
2026-03-24,601318,13:39:17,57.8900,119,1
2026-03-24,601318,13:39:20,57.8900,28,1
2026-03-24,601318,13:39:23,57.8900,17,1
2026-03-24,601318,13:39:26,57.8900,6,1
2026-03-24,601318,13:39:29,57.8900,7,1
2026-03-24,601318,13:39:32,57.8900,66,1
2026-03-24,601318,13:39:35,57.8900,5,1
2026-03-24,601318,13:39:38,57.8700,318,2
2026-03-24,601318,13:39:41,57.8900,109,1
2026-03-24,601318,13:39:44,57.8600,327,2
2026-03-24,601318,13:39:47,57.8500,149,2
2026-03-24,601318,13:39:50,57.8500,17,4
2026-03-24,601318,13:39:53,57.8400,3,2
2026-03-24,601318,13:39:56,57.8400,54,2
2026-03-24,601318,13:39:59,57.8500,18,1
2026-03-24,601318,13:40:02,57.8400,313,2
2026-03-24,601318,13:40:05,57.8200,210,2
2026-03-24,601318,13:40:08,57.8200,38,4
2026-03-24,601318,13:40:11,57.8100,45,4
2026-03-24,601318,13:40:14,57.8100,159,1
2026-03-24,601318,13:40:17,57.8000,18,2
2026-03-24,601318,13:40:20,57.8000,40,2
2026-03-24,601318,13:40:23,57.8000,22,2
2026-03-24,601318,13:40:26,57.8000,64,2
2026-03-24,601318,13:40:29,57.8000,47,2
2026-03-24,601318,13:40:32,57.8200,161,1
2026-03-24,601318,13:40:35,57.8100,154,1
2026-03-24,601318,13:40:38,57.8100,9,1
2026-03-24,601318,13:40:41,57.8000,118,2
2026-03-24,601318,13:40:44,57.8200,59,1
2026-03-24,601318,13:40:50,57.8100,20,1
2026-03-24,601318,13:40:53,57.8100,8,1
2026-03-24,601318,13:40:56,57.7900,755,2
2026-03-24,601318,13:40:59,57.7700,102,2
2026-03-24,601318,13:41:02,57.7700,251,2
2026-03-24,601318,13:41:05,57.7500,321,2
2026-03-24,601318,13:41:08,57.7400,41,2
2026-03-24,601318,13:41:11,57.7500,44,1
2026-03-24,601318,13:41:14,57.7600,76,1
2026-03-24,601318,13:41:17,57.7600,47,1
2026-03-24,601318,13:41:20,57.7600,92,1
2026-03-24,601318,13:41:23,57.7600,54,1
2026-03-24,601318,13:41:26,57.7500,121,2
2026-03-24,601318,13:41:29,57.7700,5,4
2026-03-24,601318,13:41:32,57.7700,11,1
2026-03-24,601318,13:41:35,57.7700,77,1
2026-03-24,601318,13:41:38,57.7800,192,1
2026-03-24,601318,13:41:41,57.7900,57,1
2026-03-24,601318,13:41:44,57.7900,179,1
2026-03-24,601318,13:41:47,57.7900,140,1
2026-03-24,601318,13:41:50,57.7800,138,4
2026-03-24,601318,13:41:53,57.7800,89,1
2026-03-24,601318,13:41:56,57.7800,81,1
2026-03-24,601318,13:41:59,57.7800,25,2
2026-03-24,601318,13:42:02,57.7800,162,1
2026-03-24,601318,13:42:05,57.7800,35,2
2026-03-24,601318,13:42:08,57.7900,109,1
2026-03-24,601318,13:42:14,57.7800,70,2
2026-03-24,601318,13:42:17,57.7800,43,2
2026-03-24,601318,13:42:20,57.7900,4,1
2026-03-24,601318,13:42:23,57.7900,113,1
2026-03-24,601318,13:42:26,57.7900,8,2
2026-03-24,601318,13:42:29,57.8000,3,1
2026-03-24,601318,13:42:32,57.7900,38,2
2026-03-24,601318,13:42:35,57.7900,17,2
2026-03-24,601318,13:42:38,57.7900,33,2
2026-03-24,601318,13:42:41,57.8000,15,1
2026-03-24,601318,13:42:44,57.8000,34,1
2026-03-24,601318,13:42:47,57.7800,400,2
2026-03-24,601318,13:42:50,57.7800,227,2
2026-03-24,601318,13:42:53,57.7800,131,1
2026-03-24,601318,13:42:56,57.7700,55,2
2026-03-24,601318,13:42:59,57.7700,49,2
2026-03-24,601318,13:43:02,57.7400,224,2
2026-03-24,601318,13:43:05,57.7000,918,2
2026-03-24,601318,13:43:08,57.7200,59,1
2026-03-24,601318,13:43:11,57.7100,22,4
2026-03-24,601318,13:43:14,57.7200,106,2
2026-03-24,601318,13:43:17,57.7200,114,2
2026-03-24,601318,13:43:20,57.7500,42,1
2026-03-24,601318,13:43:23,57.7500,41,2
2026-03-24,601318,13:43:26,57.7600,87,1
2026-03-24,601318,13:43:29,57.7600,9,2
2026-03-24,601318,13:43:32,57.7500,141,2
2026-03-24,601318,13:43:35,57.7500,21,2
2026-03-24,601318,13:43:38,57.7500,23,2
2026-03-24,601318,13:43:41,57.7500,4,2
2026-03-24,601318,13:43:44,57.7500,27,2
2026-03-24,601318,13:43:47,57.7500,26,2
2026-03-24,601318,13:43:50,57.7500,31,2
2026-03-24,601318,13:43:53,57.7500,16,2
2026-03-24,601318,13:43:56,57.7500,60,2
2026-03-24,601318,13:43:59,57.7500,6,2
2026-03-24,601318,13:44:02,57.7500,291,2
2026-03-24,601318,13:44:05,57.7400,162,2
2026-03-24,601318,13:44:08,57.7000,411,2
2026-03-24,601318,13:44:11,57.7200,12,1
2026-03-24,601318,13:44:14,57.7000,67,2
2026-03-24,601318,13:44:17,57.7100,93,1
2026-03-24,601318,13:44:20,57.7100,42,2
2026-03-24,601318,13:44:23,57.7000,219,2
2026-03-24,601318,13:44:26,57.7100,398,1
2026-03-24,601318,13:44:29,57.7100,39,2
2026-03-24,601318,13:44:32,57.7200,89,1
2026-03-24,601318,13:44:35,57.7200,37,1
2026-03-24,601318,13:44:38,57.7200,34,2
2026-03-24,601318,13:44:41,57.7200,43,2
2026-03-24,601318,13:44:44,57.7300,47,1
2026-03-24,601318,13:44:47,57.7100,27,2
2026-03-24,601318,13:44:50,57.7200,18,1
2026-03-24,601318,13:44:53,57.7100,53,2
2026-03-24,601318,13:44:56,57.7200,61,1
2026-03-24,601318,13:44:59,57.7100,13,2
2026-03-24,601318,13:45:02,57.7100,211,2
2026-03-24,601318,13:45:05,57.7100,38,1
2026-03-24,601318,13:45:08,57.7200,72,1
2026-03-24,601318,13:45:11,57.7200,63,1
2026-03-24,601318,13:45:14,57.7100,23,2
2026-03-24,601318,13:45:17,57.7200,9,1
2026-03-24,601318,13:45:20,57.7200,104,1
2026-03-24,601318,13:45:23,57.7300,59,1
2026-03-24,601318,13:45:26,57.7500,259,1
2026-03-24,601318,13:45:29,57.7500,22,2
2026-03-24,601318,13:45:32,57.7600,10,1
2026-03-24,601318,13:45:35,57.7900,141,1
2026-03-24,601318,13:45:38,57.7600,860,2
2026-03-24,601318,13:45:41,57.7500,75,1
2026-03-24,601318,13:45:44,57.7500,87,2
2026-03-24,601318,13:45:47,57.7600,1,4
2026-03-24,601318,13:45:50,57.7600,17,2
2026-03-24,601318,13:45:53,57.7700,3,1
2026-03-24,601318,13:45:56,57.7700,5,1
2026-03-24,601318,13:45:59,57.7600,47,2
2026-03-24,601318,13:46:02,57.7600,49,2
2026-03-24,601318,13:46:05,57.7700,16,1
2026-03-24,601318,13:46:08,57.7700,6,1
2026-03-24,601318,13:46:11,57.7700,2,1
2026-03-24,601318,13:46:14,57.7600,19,2
2026-03-24,601318,13:46:17,57.7700,203,1
2026-03-24,601318,13:46:20,57.7600,65,2
2026-03-24,601318,13:46:23,57.7600,361,1
2026-03-24,601318,13:46:26,57.7800,86,1
2026-03-24,601318,13:46:29,57.7900,6,1
2026-03-24,601318,13:46:32,57.7900,62,1
2026-03-24,601318,13:46:35,57.7900,35,2
2026-03-24,601318,13:46:38,57.8000,57,1
2026-03-24,601318,13:46:41,57.7900,12,4
2026-03-24,601318,13:46:44,57.8000,63,1
2026-03-24,601318,13:46:47,57.7900,14,2
2026-03-24,601318,13:46:50,57.7900,37,1
2026-03-24,601318,13:46:53,57.7900,17,1
2026-03-24,601318,13:46:56,57.7900,19,1
2026-03-24,601318,13:46:59,57.7900,38,1
2026-03-24,601318,13:47:02,57.8000,14,1
2026-03-24,601318,13:47:05,57.8000,28,1
2026-03-24,601318,13:47:08,57.8000,38,1
2026-03-24,601318,13:47:11,57.8000,48,1
2026-03-24,601318,13:47:14,57.8000,40,1
2026-03-24,601318,13:47:17,57.8000,14,1
2026-03-24,601318,13:47:20,57.8000,29,1
2026-03-24,601318,13:47:23,57.7900,227,2
2026-03-24,601318,13:47:26,57.7900,486,2
2026-03-24,601318,13:47:29,57.7800,136,2
2026-03-24,601318,13:47:32,57.7900,13,1
2026-03-24,601318,13:47:35,57.7700,57,2
2026-03-24,601318,13:47:38,57.7700,18,2
2026-03-24,601318,13:47:41,57.7700,7,2
2026-03-24,601318,13:47:44,57.7800,67,1
2026-03-24,601318,13:47:47,57.7700,42,2
2026-03-24,601318,13:47:50,57.7700,60,2
2026-03-24,601318,13:47:53,57.7800,99,1
2026-03-24,601318,13:47:56,57.7600,44,2
2026-03-24,601318,13:47:59,57.7800,11,1
2026-03-24,601318,13:48:02,57.7600,108,2
2026-03-24,601318,13:48:05,57.7700,117,4
2026-03-24,601318,13:48:08,57.7700,7,2
2026-03-24,601318,13:48:11,57.7700,33,2
2026-03-24,601318,13:48:14,57.7500,39,2
2026-03-24,601318,13:48:17,57.7700,11,1
2026-03-24,601318,13:48:20,57.7600,82,2
2026-03-24,601318,13:48:23,57.7700,103,1
2026-03-24,601318,13:48:26,57.7700,34,2
2026-03-24,601318,13:48:29,57.7700,7,1
2026-03-24,601318,13:48:32,57.7700,2,1
2026-03-24,601318,13:48:35,57.7700,24,1
2026-03-24,601318,13:48:39,57.7700,19,1
2026-03-24,601318,13:48:41,57.7700,62,1
2026-03-24,601318,13:48:44,57.7700,7,1
2026-03-24,601318,13:48:47,57.7700,51,1
2026-03-24,601318,13:48:50,57.7700,5,1
2026-03-24,601318,13:48:53,57.7700,16,1
2026-03-24,601318,13:48:56,57.7700,30,1
2026-03-24,601318,13:48:59,57.7600,29,2
2026-03-24,601318,13:49:02,57.7500,696,2
2026-03-24,601318,13:49:05,57.7200,247,2
2026-03-24,601318,13:49:08,57.7200,23,2
2026-03-24,601318,13:49:11,57.7100,58,2
2026-03-24,601318,13:49:14,57.7200,86,1
2026-03-24,601318,13:49:17,57.7300,48,1
2026-03-24,601318,13:49:20,57.7300,126,2
2026-03-24,601318,13:49:23,57.7300,25,2
2026-03-24,601318,13:49:26,57.7300,8,2
2026-03-24,601318,13:49:29,57.7400,19,1
2026-03-24,601318,13:49:32,57.7300,52,2
2026-03-24,601318,13:49:35,57.7400,168,1
2026-03-24,601318,13:49:38,57.7400,44,1
2026-03-24,601318,13:49:41,57.7300,7,2
2026-03-24,601318,13:49:44,57.7400,4,1
2026-03-24,601318,13:49:47,57.7400,38,1
2026-03-24,601318,13:49:50,57.7300,42,2
2026-03-24,601318,13:49:53,57.7300,34,2
2026-03-24,601318,13:49:56,57.7300,49,2
2026-03-24,601318,13:49:59,57.7300,21,2
2026-03-24,601318,13:50:02,57.7300,115,2
2026-03-24,601318,13:50:05,57.7200,179,2
2026-03-24,601318,13:50:08,57.6900,701,2
2026-03-24,601318,13:50:11,57.7100,61,1
2026-03-24,601318,13:50:14,57.6900,245,4
2026-03-24,601318,13:50:17,57.7100,29,1
2026-03-24,601318,13:50:20,57.7000,16,2
2026-03-24,601318,13:50:23,57.7100,143,1
2026-03-24,601318,13:50:26,57.7100,11,1
2026-03-24,601318,13:50:29,57.7100,71,1
2026-03-24,601318,13:50:32,57.7100,51,1
2026-03-24,601318,13:50:35,57.7000,18,2
2026-03-24,601318,13:50:38,57.7000,14,2
2026-03-24,601318,13:50:41,57.7100,3,1
2026-03-24,601318,13:50:44,57.7000,66,2
2026-03-24,601318,13:50:47,57.7000,4,2
2026-03-24,601318,13:50:50,57.7100,81,1
2026-03-24,601318,13:50:53,57.7100,18,1
2026-03-24,601318,13:50:56,57.7000,8,2
2026-03-24,601318,13:50:59,57.7000,94,2
2026-03-24,601318,13:51:02,57.7000,271,2
2026-03-24,601318,13:51:05,57.7000,54,2
2026-03-24,601318,13:51:08,57.7000,141,2
2026-03-24,601318,13:51:11,57.6900,208,2
2026-03-24,601318,13:51:14,57.7000,163,4
2026-03-24,601318,13:51:17,57.6900,336,2
2026-03-24,601318,13:51:20,57.7000,97,1
2026-03-24,601318,13:51:23,57.7000,49,1
2026-03-24,601318,13:51:26,57.6800,104,2
2026-03-24,601318,13:51:29,57.6900,23,1
2026-03-24,601318,13:51:32,57.6900,16,1
2026-03-24,601318,13:51:35,57.6800,23,2
2026-03-24,601318,13:51:38,57.6800,11,2
2026-03-24,601318,13:51:41,57.6800,71,2
2026-03-24,601318,13:51:44,57.6800,35,2
2026-03-24,601318,13:51:47,57.6900,32,1
2026-03-24,601318,13:51:50,57.6800,189,2
2026-03-24,601318,13:51:53,57.6900,74,1
2026-03-24,601318,13:51:56,57.6800,24,2
2026-03-24,601318,13:51:59,57.6900,19,1
2026-03-24,601318,13:52:02,57.6800,229,2
2026-03-24,601318,13:52:05,57.6800,20,2
2026-03-24,601318,13:52:08,57.6800,45,2
2026-03-24,601318,13:52:11,57.6800,50,2
2026-03-24,601318,13:52:14,57.6800,225,2
2026-03-24,601318,13:52:17,57.7100,439,1
2026-03-24,601318,13:52:20,57.7300,133,1
2026-03-24,601318,13:52:23,57.7300,165,2
2026-03-24,601318,13:52:26,57.7400,31,1
2026-03-24,601318,13:52:29,57.7300,84,2
2026-03-24,601318,13:52:32,57.7500,4,1
2026-03-24,601318,13:52:35,57.7400,87,2
2026-03-24,601318,13:52:38,57.7300,79,2
2026-03-24,601318,13:52:41,57.7200,144,2
2026-03-24,601318,13:52:44,57.7300,22,1
2026-03-24,601318,13:52:47,57.7200,35,2
2026-03-24,601318,13:52:50,57.7400,110,1
2026-03-24,601318,13:52:53,57.7200,21,2
2026-03-24,601318,13:52:56,57.7200,11,2
2026-03-24,601318,13:52:59,57.7300,39,1
2026-03-24,601318,13:53:02,57.7200,102,2
2026-03-24,601318,13:53:05,57.7300,112,1
2026-03-24,601318,13:53:08,57.7300,4,4
2026-03-24,601318,13:53:11,57.7200,56,2
2026-03-24,601318,13:53:14,57.7200,5,2
2026-03-24,601318,13:53:17,57.7300,22,1
2026-03-24,601318,13:53:20,57.7300,53,1
2026-03-24,601318,13:53:23,57.7300,30,1
2026-03-24,601318,13:53:26,57.7200,44,2
2026-03-24,601318,13:53:29,57.7300,14,1
2026-03-24,601318,13:53:32,57.7200,27,2
2026-03-24,601318,13:53:35,57.7300,107,1
2026-03-24,601318,13:53:38,57.7300,57,1
2026-03-24,601318,13:53:41,57.7300,38,1
2026-03-24,601318,13:53:44,57.7300,86,1
2026-03-24,601318,13:53:47,57.7400,3,1
2026-03-24,601318,13:53:50,57.7400,50,1
2026-03-24,601318,13:53:53,57.7300,20,2
2026-03-24,601318,13:53:56,57.7400,22,1
2026-03-24,601318,13:53:59,57.7400,12,1
2026-03-24,601318,13:54:02,57.7400,45,1
2026-03-24,601318,13:54:05,57.7300,66,2
2026-03-24,601318,13:54:08,57.7400,275,1
2026-03-24,601318,13:54:11,57.7200,309,2
2026-03-24,601318,13:54:14,57.7300,116,1
2026-03-24,601318,13:54:17,57.7200,71,2
2026-03-24,601318,13:54:20,57.7300,12,1
2026-03-24,601318,13:54:23,57.7200,31,2
2026-03-24,601318,13:54:26,57.7200,8,1
2026-03-24,601318,13:54:29,57.7200,26,1
2026-03-24,601318,13:54:32,57.7100,31,2
2026-03-24,601318,13:54:35,57.7100,44,2
2026-03-24,601318,13:54:38,57.7100,8,2
2026-03-24,601318,13:54:41,57.7100,19,2
2026-03-24,601318,13:54:44,57.7100,22,2
2026-03-24,601318,13:54:47,57.7100,55,2
2026-03-24,601318,13:54:50,57.7100,252,2
2026-03-24,601318,13:54:53,57.7100,29,1
2026-03-24,601318,13:54:57,57.7100,14,1
2026-03-24,601318,13:54:59,57.7000,16,2
2026-03-24,601318,13:55:02,57.7100,24,1
2026-03-24,601318,13:55:05,57.7000,262,2
2026-03-24,601318,13:55:08,57.7000,52,2
2026-03-24,601318,13:55:11,57.6900,41,2
2026-03-24,601318,13:55:14,57.7000,57,1
2026-03-24,601318,13:55:17,57.6900,62,2
2026-03-24,601318,13:55:20,57.6900,93,1
2026-03-24,601318,13:55:23,57.6800,108,2
2026-03-24,601318,13:55:26,57.6800,29,1
2026-03-24,601318,13:55:29,57.6700,23,2
2026-03-24,601318,13:55:32,57.6700,14,2
2026-03-24,601318,13:55:35,57.6700,17,2
2026-03-24,601318,13:55:38,57.6800,7,1
2026-03-24,601318,13:55:41,57.6800,24,1
2026-03-24,601318,13:55:44,57.6700,30,2
2026-03-24,601318,13:55:47,57.6700,61,2
2026-03-24,601318,13:55:50,57.6800,34,1
2026-03-24,601318,13:55:53,57.6700,9,2
2026-03-24,601318,13:55:56,57.6800,48,1
2026-03-24,601318,13:55:59,57.6800,77,1
2026-03-24,601318,13:56:02,57.6700,382,2
2026-03-24,601318,13:56:05,57.6700,16,1
2026-03-24,601318,13:56:08,57.6700,31,1
2026-03-24,601318,13:56:11,57.6700,131,1
2026-03-24,601318,13:56:14,57.6700,25,2
2026-03-24,601318,13:56:17,57.6800,13,1
2026-03-24,601318,13:56:20,57.6800,10,1
2026-03-24,601318,13:56:23,57.6700,139,2
2026-03-24,601318,13:56:26,57.6800,80,1
2026-03-24,601318,13:56:30,57.6900,22,1
2026-03-24,601318,13:56:32,57.6800,78,2
2026-03-24,601318,13:56:35,57.6800,14,1
2026-03-24,601318,13:56:38,57.6800,38,2
2026-03-24,601318,13:56:41,57.6800,32,2
2026-03-24,601318,13:56:44,57.6800,98,2
2026-03-24,601318,13:56:47,57.6800,38,2
2026-03-24,601318,13:56:50,57.6800,24,2
2026-03-24,601318,13:56:53,57.6900,32,1
2026-03-24,601318,13:56:56,57.6900,441,1
2026-03-24,601318,13:56:59,57.6800,36,2
2026-03-24,601318,13:57:02,57.6800,75,2
2026-03-24,601318,13:57:05,57.6900,5,1
2026-03-24,601318,13:57:08,57.6900,23,1
2026-03-24,601318,13:57:11,57.6900,18,1
2026-03-24,601318,13:57:14,57.6800,82,2
2026-03-24,601318,13:57:17,57.6900,86,1
2026-03-24,601318,13:57:20,57.6900,30,1
2026-03-24,601318,13:57:23,57.6900,22,1
2026-03-24,601318,13:57:26,57.6900,6,1
2026-03-24,601318,13:57:29,57.6800,94,2
2026-03-24,601318,13:57:32,57.6900,11,1
2026-03-24,601318,13:57:35,57.6800,89,2
2026-03-24,601318,13:57:38,57.6900,78,1
2026-03-24,601318,13:57:41,57.6900,27,1
2026-03-24,601318,13:57:44,57.6900,4,2
2026-03-24,601318,13:57:47,57.7000,56,1
2026-03-24,601318,13:57:50,57.7000,39,1
2026-03-24,601318,13:57:53,57.7100,10,1
2026-03-24,601318,13:57:56,57.7100,36,1
2026-03-24,601318,13:57:59,57.7100,52,1
2026-03-24,601318,13:58:02,57.7000,329,2
2026-03-24,601318,13:58:05,57.6600,961,2
2026-03-24,601318,13:58:08,57.7100,462,1
2026-03-24,601318,13:58:11,57.6800,13,2
2026-03-24,601318,13:58:14,57.6700,30,2
2026-03-24,601318,13:58:17,57.6800,49,4
2026-03-24,601318,13:58:20,57.6800,61,1
2026-03-24,601318,13:58:23,57.6700,67,2
2026-03-24,601318,13:58:26,57.6800,49,1
2026-03-24,601318,13:58:29,57.6900,114,1
2026-03-24,601318,13:58:32,57.6900,69,2
2026-03-24,601318,13:58:35,57.7000,18,1
2026-03-24,601318,13:58:38,57.6900,49,2
2026-03-24,601318,13:58:41,57.7000,34,1
2026-03-24,601318,13:58:44,57.7000,23,1
2026-03-24,601318,13:58:47,57.6900,205,2
2026-03-24,601318,13:58:50,57.6900,14,1
2026-03-24,601318,13:58:53,57.6800,23,2
2026-03-24,601318,13:58:56,57.6800,171,2
2026-03-24,601318,13:58:59,57.6900,19,1
2026-03-24,601318,13:59:02,57.6900,119,1
2026-03-24,601318,13:59:05,57.6900,115,1
2026-03-24,601318,13:59:08,57.6900,58,1
2026-03-24,601318,13:59:11,57.6700,116,2
2026-03-24,601318,13:59:14,57.6700,125,2
2026-03-24,601318,13:59:17,57.6900,102,1
2026-03-24,601318,13:59:20,57.7000,82,1
2026-03-24,601318,13:59:23,57.6900,98,1
2026-03-24,601318,13:59:26,57.6900,31,2
2026-03-24,601318,13:59:29,57.6900,16,1
2026-03-24,601318,13:59:32,57.6700,40,2
2026-03-24,601318,13:59:35,57.6700,116,2
2026-03-24,601318,13:59:38,57.6700,36,2
2026-03-24,601318,13:59:41,57.6700,11,2
2026-03-24,601318,13:59:44,57.6700,114,2
2026-03-24,601318,13:59:47,57.6700,49,2
2026-03-24,601318,13:59:50,57.6700,12,2
2026-03-24,601318,13:59:53,57.6800,129,1
2026-03-24,601318,13:59:56,57.6800,15,2
2026-03-24,601318,14:00:00,57.6800,18,1
2026-03-24,601318,14:00:02,57.6800,74,2
2026-03-24,601318,14:00:05,57.6700,42,2
2026-03-24,601318,14:00:08,57.6800,29,1
2026-03-24,601318,14:00:11,57.6800,12,2
2026-03-24,601318,14:00:14,57.6800,77,2
2026-03-24,601318,14:00:17,57.6700,191,2
2026-03-24,601318,14:00:20,57.6700,154,2
2026-03-24,601318,14:00:23,57.6700,48,2
2026-03-24,601318,14:00:26,57.6600,351,2
2026-03-24,601318,14:00:29,57.6400,763,2
2026-03-24,601318,14:00:32,57.6500,105,1
2026-03-24,601318,14:00:35,57.6500,16,1
2026-03-24,601318,14:00:38,57.6400,61,2
2026-03-24,601318,14:00:41,57.6600,269,1
2026-03-24,601318,14:00:44,57.6700,499,1
2026-03-24,601318,14:00:47,57.6800,24,1
2026-03-24,601318,14:00:50,57.6800,32,2
2026-03-24,601318,14:00:53,57.6800,71,1
2026-03-24,601318,14:00:56,57.6700,17,2
2026-03-24,601318,14:00:59,57.6700,16,2
2026-03-24,601318,14:01:02,57.6700,224,2
2026-03-24,601318,14:01:05,57.6700,56,2
2026-03-24,601318,14:01:08,57.6700,112,2
2026-03-24,601318,14:01:11,57.6800,77,1
2026-03-24,601318,14:01:14,57.6700,53,2
2026-03-24,601318,14:01:17,57.6700,4,2
2026-03-24,601318,14:01:20,57.6800,70,1
2026-03-24,601318,14:01:23,57.6800,60,1
2026-03-24,601318,14:01:26,57.6800,43,1
2026-03-24,601318,14:01:29,57.6700,20,2
2026-03-24,601318,14:01:32,57.6800,45,1
2026-03-24,601318,14:01:35,57.6700,42,2
2026-03-24,601318,14:01:38,57.6800,17,1
2026-03-24,601318,14:01:41,57.6800,42,1
2026-03-24,601318,14:01:44,57.6800,9,1
2026-03-24,601318,14:01:47,57.6800,9,1
2026-03-24,601318,14:01:50,57.6800,51,1
2026-03-24,601318,14:01:53,57.6800,26,1
2026-03-24,601318,14:01:56,57.6700,17,2
2026-03-24,601318,14:01:59,57.6800,38,1
2026-03-24,601318,14:02:02,57.6700,68,2
2026-03-24,601318,14:02:05,57.6700,40,2
2026-03-24,601318,14:02:08,57.6800,12,1
2026-03-24,601318,14:02:11,57.6900,451,1
2026-03-24,601318,14:02:14,57.7000,13,1
2026-03-24,601318,14:02:17,57.7100,159,1
2026-03-24,601318,14:02:20,57.7100,47,1
2026-03-24,601318,14:02:23,57.7100,24,2
2026-03-24,601318,14:02:26,57.7200,127,1
2026-03-24,601318,14:02:29,57.7400,32,1
2026-03-24,601318,14:02:32,57.7500,86,1
2026-03-24,601318,14:02:35,57.7500,16,1
2026-03-24,601318,14:02:38,57.7500,8,1
2026-03-24,601318,14:02:41,57.7500,127,1
2026-03-24,601318,14:02:44,57.7500,24,1
2026-03-24,601318,14:02:47,57.7500,79,1
2026-03-24,601318,14:02:50,57.7600,120,1
2026-03-24,601318,14:02:53,57.7500,145,2
2026-03-24,601318,14:02:56,57.7500,138,2
2026-03-24,601318,14:02:59,57.7600,44,1
2026-03-24,601318,14:03:02,57.7400,95,2
2026-03-24,601318,14:03:05,57.7400,66,2
2026-03-24,601318,14:03:08,57.7300,42,2
2026-03-24,601318,14:03:11,57.7200,216,2
2026-03-24,601318,14:03:14,57.7100,41,2
2026-03-24,601318,14:03:17,57.7000,385,2
2026-03-24,601318,14:03:20,57.6900,28,2
2026-03-24,601318,14:03:23,57.7000,54,1
2026-03-24,601318,14:03:26,57.6900,32,2
2026-03-24,601318,14:03:29,57.7000,34,1
2026-03-24,601318,14:03:32,57.7000,32,2
2026-03-24,601318,14:03:35,57.7100,46,1
2026-03-24,601318,14:03:38,57.7000,5,2
2026-03-24,601318,14:03:41,57.7100,17,1
2026-03-24,601318,14:03:44,57.7100,31,1
2026-03-24,601318,14:03:47,57.7100,23,1
2026-03-24,601318,14:03:50,57.7100,32,1
2026-03-24,601318,14:03:53,57.7100,61,1
2026-03-24,601318,14:03:56,57.7100,9,2
2026-03-24,601318,14:03:59,57.7300,7,1
2026-03-24,601318,14:04:02,57.7100,184,2
2026-03-24,601318,14:04:05,57.7200,25,1
2026-03-24,601318,14:04:08,57.7100,64,2
2026-03-24,601318,14:04:11,57.7200,89,1
2026-03-24,601318,14:04:14,57.7200,25,2
2026-03-24,601318,14:04:17,57.7200,44,2
2026-03-24,601318,14:04:20,57.7200,27,1
2026-03-24,601318,14:04:23,57.7200,43,1
2026-03-24,601318,14:04:26,57.7100,37,2
2026-03-24,601318,14:04:29,57.7200,29,4
2026-03-24,601318,14:04:32,57.7300,21,1
2026-03-24,601318,14:04:35,57.7300,14,1
2026-03-24,601318,14:04:38,57.7300,4,1
2026-03-24,601318,14:04:41,57.7200,52,2
2026-03-24,601318,14:04:45,57.7300,49,1
2026-03-24,601318,14:04:47,57.7200,3,2
2026-03-24,601318,14:04:50,57.7300,149,1
2026-03-24,601318,14:04:53,57.7500,142,1
2026-03-24,601318,14:04:56,57.7300,44,2
2026-03-24,601318,14:04:59,57.7400,18,1
2026-03-24,601318,14:05:02,57.7400,244,1
2026-03-24,601318,14:05:05,57.7400,93,1
2026-03-24,601318,14:05:08,57.7400,58,1
2026-03-24,601318,14:05:11,57.7800,164,1
2026-03-24,601318,14:05:14,57.7600,65,2
2026-03-24,601318,14:05:17,57.7600,111,2
2026-03-24,601318,14:05:20,57.7700,94,1
2026-03-24,601318,14:05:23,57.7800,12,1
2026-03-24,601318,14:05:27,57.7800,83,1
2026-03-24,601318,14:05:29,57.7800,14,1
2026-03-24,601318,14:05:32,57.7800,36,1
2026-03-24,601318,14:05:35,57.8000,34,1
2026-03-24,601318,14:05:38,57.7900,8,4
2026-03-24,601318,14:05:41,57.7900,138,1
2026-03-24,601318,14:05:44,57.7900,26,4
2026-03-24,601318,14:05:47,57.7900,167,1
2026-03-24,601318,14:05:50,57.7800,23,2
2026-03-24,601318,14:05:53,57.7900,83,1
2026-03-24,601318,14:05:56,57.8000,65,1
2026-03-24,601318,14:05:59,57.8000,334,1
2026-03-24,601318,14:06:02,57.7900,471,2
2026-03-24,601318,14:06:05,57.8000,207,1
2026-03-24,601318,14:06:08,57.7700,202,2
2026-03-24,601318,14:06:11,57.7800,7,1
2026-03-24,601318,14:06:14,57.7800,35,1
2026-03-24,601318,14:06:17,57.7800,29,1
2026-03-24,601318,14:06:20,57.7700,96,2
2026-03-24,601318,14:06:23,57.7800,28,2
2026-03-24,601318,14:06:26,57.7900,104,1
2026-03-24,601318,14:06:29,57.8000,220,1
2026-03-24,601318,14:06:32,57.7800,182,2
2026-03-24,601318,14:06:35,57.7800,112,1
2026-03-24,601318,14:06:38,57.7700,57,2
2026-03-24,601318,14:06:41,57.7700,14,1
2026-03-24,601318,14:06:44,57.7700,143,1
2026-03-24,601318,14:06:47,57.7600,119,2
2026-03-24,601318,14:06:50,57.7900,137,1
2026-03-24,601318,14:06:53,57.7900,20,1
2026-03-24,601318,14:06:56,57.7700,43,2
2026-03-24,601318,14:06:59,57.7800,29,2
2026-03-24,601318,14:07:02,57.7900,123,1
2026-03-24,601318,14:07:05,57.8200,75,1
2026-03-24,601318,10:56:41,58.1000,45,1
2026-03-24,601318,10:56:44,58.1000,48,1
2026-03-24,601318,10:56:47,58.1000,234,1
2026-03-24,601318,10:56:50,58.1000,75,1
2026-03-24,601318,10:56:53,58.1000,23,2
2026-03-24,601318,10:56:56,58.1200,108,1
2026-03-24,601318,10:56:59,58.1100,48,2
2026-03-24,601318,10:57:02,58.1300,203,1
2026-03-24,601318,10:57:05,58.1200,19,4
2026-03-24,601318,10:57:08,58.1000,129,2
2026-03-24,601318,10:57:11,58.1100,78,1
2026-03-24,601318,10:57:14,58.1100,32,1
2026-03-24,601318,10:57:17,58.1100,74,1
2026-03-24,601318,10:57:20,58.1100,56,2
2026-03-24,601318,10:57:23,58.1200,32,1
2026-03-24,601318,10:57:26,58.1200,34,1
2026-03-24,601318,10:57:29,58.1200,10,1
2026-03-24,601318,10:57:32,58.1100,153,2
2026-03-24,601318,10:57:35,58.1100,53,2
2026-03-24,601318,10:57:38,58.1100,69,1
2026-03-24,601318,10:57:41,58.1100,287,1
2026-03-24,601318,10:57:44,58.1100,255,2
2026-03-24,601318,10:57:47,58.1400,5,1
2026-03-24,601318,10:57:50,58.1300,254,2
2026-03-24,601318,10:57:53,58.1400,67,1
2026-03-24,601318,10:57:56,58.1300,113,4
2026-03-24,601318,10:57:59,58.1200,209,2
2026-03-24,601318,10:58:02,58.1100,126,4
2026-03-24,601318,10:58:05,58.1100,17,1
2026-03-24,601318,10:58:08,58.1200,14,1
2026-03-24,601318,10:58:11,58.1100,123,2
2026-03-24,601318,10:58:14,58.1200,113,4
2026-03-24,601318,10:58:17,58.1200,8,2
2026-03-24,601318,10:58:20,58.1300,47,1
2026-03-24,601318,10:58:23,58.1400,61,1
2026-03-24,601318,10:58:26,58.1300,43,2
2026-03-24,601318,10:58:29,58.1300,30,2
2026-03-24,601318,10:58:32,58.1400,94,1
2026-03-24,601318,10:58:35,58.1400,66,1
2026-03-24,601318,10:58:38,58.1400,29,1
2026-03-24,601318,10:58:41,58.1400,11,2
2026-03-24,601318,10:58:44,58.1500,53,1
2026-03-24,601318,10:58:47,58.1500,229,1
2026-03-24,601318,10:58:50,58.1500,138,1
2026-03-24,601318,10:58:53,58.1500,84,1
2026-03-24,601318,10:58:56,58.1500,228,1
2026-03-24,601318,10:58:59,58.1600,94,1
2026-03-24,601318,10:59:02,58.1700,43,1
2026-03-24,601318,10:59:05,58.1800,77,1
2026-03-24,601318,10:59:08,58.1900,71,1
2026-03-24,601318,10:59:11,58.2000,118,1
2026-03-24,601318,10:59:14,58.2000,7,1
2026-03-24,601318,10:59:17,58.2000,114,1
2026-03-24,601318,10:59:20,58.2000,132,1
2026-03-24,601318,10:59:23,58.2200,38,1
2026-03-24,601318,10:59:26,58.2200,220,4
2026-03-24,601318,10:59:29,58.2100,121,2
2026-03-24,601318,10:59:32,58.2200,34,1
2026-03-24,601318,10:59:35,58.2300,134,1
2026-03-24,601318,10:59:38,58.2200,298,2
2026-03-24,601318,10:59:41,58.2400,246,1
2026-03-24,601318,10:59:44,58.2300,173,2
2026-03-24,601318,10:59:47,58.2300,54,1
2026-03-24,601318,10:59:50,58.2100,188,2
2026-03-24,601318,10:59:54,58.2000,123,2
2026-03-24,601318,10:59:56,58.1900,19,2
2026-03-24,601318,11:00:00,58.2000,54,1
2026-03-24,601318,11:00:02,58.2000,45,2
2026-03-24,601318,11:00:05,58.1900,27,2
2026-03-24,601318,11:00:08,58.2000,53,1
2026-03-24,601318,11:00:11,58.1800,152,2
2026-03-24,601318,11:00:14,58.1700,102,2
2026-03-24,601318,11:00:17,58.1600,56,2
2026-03-24,601318,11:00:20,58.1800,65,1
2026-03-24,601318,11:00:23,58.1700,19,4
2026-03-24,601318,11:00:26,58.1700,26,2
2026-03-24,601318,11:00:29,58.1700,102,2
2026-03-24,601318,11:00:32,58.1700,77,2
2026-03-24,601318,11:00:35,58.1800,72,1
2026-03-24,601318,11:00:38,58.1800,29,1
2026-03-24,601318,11:00:41,58.1800,57,2
2026-03-24,601318,11:00:44,58.1800,12,2
2026-03-24,601318,11:00:47,58.1900,42,1
2026-03-24,601318,11:00:50,58.1800,10,2
2026-03-24,601318,11:00:54,58.1800,67,2
2026-03-24,601318,11:00:56,58.1800,27,1
2026-03-24,601318,11:00:59,58.1800,48,1
2026-03-24,601318,11:01:02,58.1700,86,2
2026-03-24,601318,11:01:05,58.1700,16,1
2026-03-24,601318,11:01:08,58.1700,49,1
2026-03-24,601318,11:01:11,58.1700,27,1
2026-03-24,601318,11:01:14,58.1800,29,1
2026-03-24,601318,11:01:17,58.1700,37,2
2026-03-24,601318,11:01:20,58.1800,28,1
2026-03-24,601318,11:01:23,58.1800,10,1
2026-03-24,601318,11:01:26,58.1700,19,2
2026-03-24,601318,11:01:29,58.1800,18,1
2026-03-24,601318,11:01:32,58.1800,5,1
2026-03-24,601318,11:01:35,58.1700,28,2
2026-03-24,601318,11:01:38,58.1800,20,1
2026-03-24,601318,11:01:41,58.1700,19,2
2026-03-24,601318,11:01:44,58.1700,19,2
2026-03-24,601318,11:01:47,58.1700,31,2
2026-03-24,601318,11:01:50,58.1700,187,2
2026-03-24,601318,11:01:53,58.1500,394,2
2026-03-24,601318,11:01:56,58.1300,100,2
2026-03-24,601318,11:01:59,58.1400,338,2
2026-03-24,601318,11:02:02,58.1300,79,2
2026-03-24,601318,11:02:05,58.1100,77,2
2026-03-24,601318,11:02:08,58.1100,34,2
2026-03-24,601318,11:02:11,58.1000,238,2
2026-03-24,601318,11:02:14,58.0800,111,2
2026-03-24,601318,11:02:17,58.0500,82,2
2026-03-24,601318,11:02:20,58.0600,83,2
2026-03-24,601318,11:02:23,58.0600,207,1
2026-03-24,601318,11:02:26,58.0600,191,2
2026-03-24,601318,11:02:29,58.0700,163,4
2026-03-24,601318,11:02:32,58.0600,146,2
2026-03-24,601318,11:02:35,58.0700,110,4
2026-03-24,601318,11:02:38,58.0800,123,1
2026-03-24,601318,11:02:41,58.1000,78,1
2026-03-24,601318,11:02:44,58.0800,127,2
2026-03-24,601318,11:02:47,58.0800,90,2
2026-03-24,601318,11:02:50,58.1000,183,1
2026-03-24,601318,11:02:53,58.1000,78,1
2026-03-24,601318,11:02:56,58.1100,153,2
2026-03-24,601318,11:02:59,58.1100,92,2
2026-03-24,601318,11:03:02,58.1100,97,1
2026-03-24,601318,11:03:05,58.1000,81,2
2026-03-24,601318,11:03:08,58.1200,64,4
2026-03-24,601318,11:03:11,58.1400,85,1
2026-03-24,601318,11:03:14,58.1300,27,4
2026-03-24,601318,11:03:17,58.1400,42,1
2026-03-24,601318,11:03:20,58.1300,86,2
2026-03-24,601318,11:03:23,58.1400,17,2
2026-03-24,601318,11:03:26,58.1400,13,4
2026-03-24,601318,11:03:29,58.1400,32,2
2026-03-24,601318,11:03:32,58.1300,53,4
2026-03-24,601318,11:03:35,58.1300,62,2
2026-03-24,601318,11:03:38,58.1300,15,1
2026-03-24,601318,11:03:41,58.1300,39,1
2026-03-24,601318,11:03:44,58.1300,60,1
2026-03-24,601318,11:03:47,58.1300,15,4
2026-03-24,601318,11:03:50,58.1300,67,1
2026-03-24,601318,11:03:53,58.1300,39,2
2026-03-24,601318,11:03:56,58.1300,30,1
2026-03-24,601318,11:03:59,58.1300,109,2
2026-03-24,601318,11:04:02,58.1300,49,1
2026-03-24,601318,11:04:05,58.1200,46,2
2026-03-24,601318,11:04:08,58.1100,18,2
2026-03-24,601318,11:04:11,58.1100,37,2
2026-03-24,601318,11:04:14,58.1100,34,1
2026-03-24,601318,11:04:17,58.1100,52,1
2026-03-24,601318,11:04:20,58.1100,97,1
2026-03-24,601318,11:04:23,58.1100,149,1
2026-03-24,601318,11:04:26,58.1100,36,1
2026-03-24,601318,11:04:32,58.1000,58,2
2026-03-24,601318,11:04:35,58.0900,59,2
2026-03-24,601318,11:04:38,58.1000,16,2
2026-03-24,601318,11:04:41,58.0900,56,2
2026-03-24,601318,11:04:44,58.0900,42,2
2026-03-24,601318,11:04:47,58.0900,5,1
2026-03-24,601318,11:04:50,58.0800,31,2
2026-03-24,601318,11:04:53,58.0800,5,2
2026-03-24,601318,11:04:56,58.0900,35,1
2026-03-24,601318,11:04:59,58.0800,119,2
2026-03-24,601318,11:05:02,58.0800,32,1
2026-03-24,601318,11:05:05,58.0700,28,2
2026-03-24,601318,11:05:08,58.0700,52,2
2026-03-24,601318,11:05:11,58.0600,44,2
2026-03-24,601318,11:05:14,58.0600,42,2
2026-03-24,601318,11:05:17,58.0600,68,2
2026-03-24,601318,11:05:20,58.0600,56,1
2026-03-24,601318,11:05:23,58.0600,38,1
2026-03-24,601318,11:05:26,58.0600,47,1
2026-03-24,601318,11:05:29,58.0500,401,2
2026-03-24,601318,11:05:32,58.0600,174,1
2026-03-24,601318,11:05:35,58.0600,14,1
2026-03-24,601318,11:05:38,58.0500,147,2
2026-03-24,601318,11:05:41,58.0500,117,2
2026-03-24,601318,11:05:44,58.0600,18,1
2026-03-24,601318,11:05:47,58.0500,16,2
2026-03-24,601318,11:05:50,58.0600,42,1
2026-03-24,601318,11:05:53,58.0400,29,2
2026-03-24,601318,11:05:56,58.0500,14,1
2026-03-24,601318,11:05:59,58.0400,55,2
2026-03-24,601318,11:06:02,58.0500,67,1
2026-03-24,601318,11:06:05,58.0400,82,2
2026-03-24,601318,11:06:08,58.0400,54,1
2026-03-24,601318,11:06:11,58.0500,10,1
2026-03-24,601318,11:06:14,58.0400,11,2
2026-03-24,601318,11:06:17,58.0500,58,1
2026-03-24,601318,11:06:20,58.0500,52,1
2026-03-24,601318,11:06:23,58.0500,69,1
2026-03-24,601318,11:06:26,58.0400,41,2
2026-03-24,601318,11:06:29,58.0500,39,1
2026-03-24,601318,11:06:32,58.0500,11,2
2026-03-24,601318,11:06:35,58.0500,24,2
2026-03-24,601318,11:06:38,58.0500,18,2
2026-03-24,601318,11:06:41,58.0600,27,1
2026-03-24,601318,11:06:44,58.0600,20,1
2026-03-24,601318,11:06:47,58.0500,113,2
2026-03-24,601318,11:06:50,58.0600,26,1
2026-03-24,601318,11:06:53,58.0600,15,1
2026-03-24,601318,11:06:56,58.0600,19,1
2026-03-24,601318,11:06:59,58.0600,2,1
2026-03-24,601318,11:07:02,58.0600,57,1
2026-03-24,601318,11:07:05,58.0600,33,1
2026-03-24,601318,11:07:08,58.0500,47,2
2026-03-24,601318,11:07:11,58.0500,40,2
2026-03-24,601318,11:07:14,58.0600,8,1
2026-03-24,601318,11:07:17,58.0300,344,2
2026-03-24,601318,11:07:20,58.0300,425,2
2026-03-24,601318,11:07:23,58.0000,79,2
2026-03-24,601318,11:07:26,58.0100,39,4
2026-03-24,601318,11:07:29,58.0100,372,1
2026-03-24,601318,11:07:32,58.0100,4,1
2026-03-24,601318,11:07:35,58.0100,132,1
2026-03-24,601318,11:07:38,58.0200,37,1
2026-03-24,601318,11:07:41,58.0100,13,2
2026-03-24,601318,11:07:44,58.0300,17,1
2026-03-24,601318,11:07:47,58.0200,37,2
2026-03-24,601318,11:07:50,58.0200,18,2
2026-03-24,601318,11:07:53,58.0200,2,2
2026-03-24,601318,11:07:56,58.0200,3,2
2026-03-24,601318,11:07:59,58.0200,15,2
2026-03-24,601318,11:08:02,58.0200,87,2
2026-03-24,601318,11:08:05,58.0300,3,1
2026-03-24,601318,11:08:08,58.0300,91,1
2026-03-24,601318,11:08:11,58.0300,64,1
2026-03-24,601318,11:08:14,58.0300,37,1
2026-03-24,601318,11:08:17,58.0200,81,2
2026-03-24,601318,11:08:20,58.0100,51,2
2026-03-24,601318,11:08:23,58.0100,31,2
2026-03-24,601318,11:08:26,58.0100,10,2
2026-03-24,601318,11:08:29,58.0200,13,1
2026-03-24,601318,11:08:32,58.0200,15,1
2026-03-24,601318,11:08:35,58.0200,23,1
2026-03-24,601318,11:08:38,58.0200,46,1
2026-03-24,601318,11:08:41,58.0300,95,1
2026-03-24,601318,11:08:44,58.0200,63,2
2026-03-24,601318,11:08:47,58.0200,14,1
2026-03-24,601318,11:08:50,58.0300,1,1
2026-03-24,601318,11:08:53,58.0300,3,1
2026-03-24,601318,11:08:56,58.0200,1,2
2026-03-24,601318,11:08:59,58.0200,21,2
2026-03-24,601318,11:09:02,58.0300,5,1
2026-03-24,601318,11:09:05,58.0300,93,1
2026-03-24,601318,11:09:08,58.0200,234,2
2026-03-24,601318,11:09:11,58.0200,68,1
2026-03-24,601318,11:09:14,58.0300,19,1
2026-03-24,601318,11:09:17,58.0300,76,1
2026-03-24,601318,11:09:20,58.0200,20,4
2026-03-24,601318,11:09:23,58.0200,84,1
2026-03-24,601318,11:09:26,58.0300,55,1
2026-03-24,601318,11:09:29,58.0300,25,1
2026-03-24,601318,11:09:32,58.0300,24,1
2026-03-24,601318,11:09:35,58.0200,20,2
2026-03-24,601318,11:09:38,58.0200,57,2
2026-03-24,601318,11:09:41,58.0200,51,2
2026-03-24,601318,11:09:44,58.0300,77,1
2026-03-24,601318,11:09:47,58.0200,6,2
2026-03-24,601318,11:09:50,58.0300,63,1
2026-03-24,601318,11:09:53,58.0200,5,2
2026-03-24,601318,11:09:56,58.0300,61,1
2026-03-24,601318,11:09:59,58.0400,5,1
2026-03-24,601318,11:10:02,58.0400,81,1
2026-03-24,601318,11:10:05,58.0400,14,1
2026-03-24,601318,11:10:08,58.0500,98,1
2026-03-24,601318,11:10:11,58.0500,67,1
2026-03-24,601318,11:10:14,58.0400,18,2
2026-03-24,601318,11:10:17,58.0500,42,1
2026-03-24,601318,11:10:20,58.0600,7,1
2026-03-24,601318,11:10:23,58.0500,47,2
2026-03-24,601318,11:10:26,58.0500,39,2
2026-03-24,601318,11:10:29,58.0500,11,2
2026-03-24,601318,11:10:32,58.0700,159,1
2026-03-24,601318,11:10:35,58.0800,28,1
2026-03-24,601318,11:10:38,58.0800,14,1
2026-03-24,601318,11:10:41,58.0800,12,1
2026-03-24,601318,11:10:44,58.0800,20,1
2026-03-24,601318,11:10:47,58.0800,4,1
2026-03-24,601318,11:10:50,58.0800,95,1
2026-03-24,601318,11:10:53,58.0800,28,2
2026-03-24,601318,11:10:56,58.0800,17,2
2026-03-24,601318,11:10:59,58.0900,32,1
2026-03-24,601318,11:11:02,58.0900,9,1
2026-03-24,601318,11:11:05,58.0900,80,1
2026-03-24,601318,11:11:08,58.1000,74,1
2026-03-24,601318,11:11:11,58.1000,11,1
2026-03-24,601318,11:11:14,58.1000,61,1
2026-03-24,601318,11:11:17,58.0900,34,2
2026-03-24,601318,11:11:20,58.0900,17,2
2026-03-24,601318,11:11:23,58.0900,35,2
2026-03-24,601318,11:11:26,58.0900,24,2
2026-03-24,601318,11:11:29,58.0900,22,2
2026-03-24,601318,11:11:32,58.1000,11,1
2026-03-24,601318,11:11:35,58.1000,2,1
2026-03-24,601318,11:11:39,58.1000,5,1
2026-03-24,601318,11:11:41,58.0900,34,2
2026-03-24,601318,11:11:44,58.1000,8,1
2026-03-24,601318,11:11:47,58.1000,33,1
2026-03-24,601318,11:11:50,58.1000,17,1
2026-03-24,601318,11:11:53,58.0900,18,2
2026-03-24,601318,11:11:56,58.1000,28,1
2026-03-24,601318,11:11:59,58.0900,44,2
2026-03-24,601318,11:12:02,58.1000,15,1
2026-03-24,601318,11:12:05,58.0800,468,2
2026-03-24,601318,11:12:08,58.0900,91,1
2026-03-24,601318,11:12:11,58.0800,22,2
2026-03-24,601318,11:12:14,58.0900,29,1
2026-03-24,601318,11:12:17,58.0800,21,2
2026-03-24,601318,11:12:20,58.0900,115,1
2026-03-24,601318,11:12:23,58.1000,22,1
2026-03-24,601318,11:12:26,58.1000,31,1
2026-03-24,601318,11:12:29,58.1000,4,1
2026-03-24,601318,11:12:32,58.1000,46,1
2026-03-24,601318,11:12:35,58.1000,58,1
2026-03-24,601318,11:12:38,58.1000,40,1
2026-03-24,601318,11:12:41,58.1000,56,1
2026-03-24,601318,11:12:44,58.1100,16,1
2026-03-24,601318,11:12:47,58.1000,6,4
2026-03-24,601318,11:12:50,58.1100,15,1
2026-03-24,601318,11:12:53,58.1000,11,2
2026-03-24,601318,11:12:56,58.1000,22,2
2026-03-24,601318,11:12:59,58.1000,4,2
2026-03-24,601318,11:13:02,58.1000,42,2
2026-03-24,601318,11:13:05,58.1100,17,1
2026-03-24,601318,11:13:08,58.1100,24,1
2026-03-24,601318,11:13:11,58.1000,41,2
2026-03-24,601318,11:13:14,58.1100,36,1
2026-03-24,601318,11:13:17,58.1100,35,1
2026-03-24,601318,11:13:20,58.1200,89,1
2026-03-24,601318,11:13:23,58.1100,59,2
2026-03-24,601318,11:13:26,58.1100,5,2
2026-03-24,601318,11:13:29,58.1100,8,2
2026-03-24,601318,11:13:32,58.1200,74,1
2026-03-24,601318,11:13:35,58.1200,34,1
2026-03-24,601318,11:13:38,58.1100,49,2
2026-03-24,601318,11:13:41,58.1100,26,2
2026-03-24,601318,11:13:44,58.1100,4,2
2026-03-24,601318,11:13:47,58.1200,39,1
2026-03-24,601318,11:13:50,58.1200,7,1
2026-03-24,601318,11:13:53,58.1100,9,2
2026-03-24,601318,11:13:56,58.1100,20,2
2026-03-24,601318,11:14:00,58.1100,10,2
2026-03-24,601318,11:14:02,58.1100,22,2
2026-03-24,601318,11:14:05,58.1200,43,1
2026-03-24,601318,11:14:08,58.1200,13,1
2026-03-24,601318,11:14:11,58.1100,115,2
2026-03-24,601318,11:14:14,58.1100,7,2
2026-03-24,601318,11:14:17,58.1100,30,2
2026-03-24,601318,11:14:20,58.1100,5,2
2026-03-24,601318,11:14:23,58.1200,215,1
2026-03-24,601318,11:14:26,58.1300,216,1
2026-03-24,601318,11:14:29,58.1100,11,2
2026-03-24,601318,11:14:32,58.1200,21,1
2026-03-24,601318,11:14:35,58.1200,56,1
2026-03-24,601318,11:14:38,58.1300,28,1
2026-03-24,601318,11:14:41,58.1300,8,1
2026-03-24,601318,11:14:44,58.1300,13,1
2026-03-24,601318,11:14:47,58.1300,35,1
2026-03-24,601318,11:14:50,58.1300,58,2
2026-03-24,601318,11:14:53,58.1400,53,1
2026-03-24,601318,11:14:56,58.1400,53,1
2026-03-24,601318,11:14:59,58.1400,43,1
2026-03-24,601318,11:15:02,58.1300,201,2
2026-03-24,601318,11:15:05,58.1100,74,2
2026-03-24,601318,11:15:08,58.1100,96,1
2026-03-24,601318,11:15:11,58.1100,16,1
2026-03-24,601318,11:15:14,58.1200,75,1
2026-03-24,601318,11:15:17,58.1200,60,2
2026-03-24,601318,11:15:20,58.1200,40,1
2026-03-24,601318,11:15:23,58.1200,8,1
2026-03-24,601318,11:15:26,58.1200,80,1
2026-03-24,601318,11:15:29,58.1300,23,1
2026-03-24,601318,11:15:32,58.1200,57,2
2026-03-24,601318,11:15:35,58.1200,17,2
2026-03-24,601318,11:15:38,58.1300,50,1
2026-03-24,601318,11:15:41,58.1300,68,1
2026-03-24,601318,11:15:44,58.1400,27,1
2026-03-24,601318,11:15:47,58.1300,41,2
2026-03-24,601318,11:15:50,58.1300,61,2
2026-03-24,601318,11:15:53,58.1500,93,1
2026-03-24,601318,11:15:56,58.1300,66,2
2026-03-24,601318,11:15:59,58.1200,25,2
2026-03-24,601318,11:16:02,58.1300,68,1
2026-03-24,601318,11:16:05,58.1300,26,1
2026-03-24,601318,11:16:08,58.1200,20,2
2026-03-24,601318,11:16:11,58.1400,25,1
2026-03-24,601318,11:16:14,58.1300,13,2
2026-03-24,601318,11:16:17,58.1500,182,1
2026-03-24,601318,11:16:20,58.1500,54,1
2026-03-24,601318,11:16:23,58.1400,74,2
2026-03-24,601318,11:16:26,58.1300,60,2
2026-03-24,601318,11:16:29,58.1300,19,2
2026-03-24,601318,11:16:32,58.1300,119,2
2026-03-24,601318,11:16:35,58.1300,43,4
2026-03-24,601318,11:16:38,58.1300,10,2
2026-03-24,601318,11:16:41,58.1200,34,2
2026-03-24,601318,11:16:44,58.1100,396,2
2026-03-24,601318,11:16:47,58.1100,143,1
2026-03-24,601318,11:16:50,58.1100,38,2
2026-03-24,601318,11:16:53,58.1200,25,1
2026-03-24,601318,11:16:56,58.1500,235,1
2026-03-24,601318,11:16:59,58.1500,28,1
2026-03-24,601318,11:17:02,58.1400,49,2
2026-03-24,601318,11:17:05,58.1400,2,1
2026-03-24,601318,11:17:08,58.1300,15,2
2026-03-24,601318,11:17:11,58.1400,3,1
2026-03-24,601318,11:17:14,58.1400,2,1
2026-03-24,601318,11:17:17,58.1600,485,1
2026-03-24,601318,11:17:20,58.1400,2,2
2026-03-24,601318,11:17:26,58.1300,100,2
2026-03-24,601318,11:17:29,58.1400,41,4
2026-03-24,601318,11:17:32,58.1400,10,1
2026-03-24,601318,11:17:35,58.1400,24,1
2026-03-24,601318,11:17:38,58.1500,41,1
2026-03-24,601318,11:17:41,58.1400,20,1
2026-03-24,601318,11:17:44,58.1400,27,2
2026-03-24,601318,11:17:47,58.1300,49,2
2026-03-24,601318,11:17:50,58.1300,40,4
2026-03-24,601318,11:17:53,58.1300,36,2
2026-03-24,601318,11:17:56,58.1200,14,2
2026-03-24,601318,11:17:59,58.1200,60,1
2026-03-24,601318,11:18:02,58.1300,15,1
2026-03-24,601318,11:18:05,58.1300,34,1
2026-03-24,601318,11:18:08,58.1400,105,1
2026-03-24,601318,11:18:11,58.1300,11,2
2026-03-24,601318,11:18:14,58.1300,18,2
2026-03-24,601318,11:18:17,58.1400,64,1
2026-03-24,601318,11:18:20,58.1300,20,2
2026-03-24,601318,11:18:23,58.1500,24,1
2026-03-24,601318,11:18:26,58.1400,26,2
2026-03-24,601318,11:18:29,58.1400,2,1
2026-03-24,601318,11:18:32,58.1300,33,2
2026-03-24,601318,11:18:35,58.1300,96,2
2026-03-24,601318,11:18:38,58.1300,1,2
2026-03-24,601318,11:18:41,58.1300,87,2
2026-03-24,601318,11:18:44,58.1300,56,1
2026-03-24,601318,11:18:47,58.1400,25,1
2026-03-24,601318,11:18:50,58.1400,102,1
2026-03-24,601318,11:18:53,58.1400,3,1
2026-03-24,601318,11:18:56,58.1400,5,1
2026-03-24,601318,11:18:59,58.1300,11,2
2026-03-24,601318,11:19:02,58.1300,71,2
2026-03-24,601318,11:19:05,58.1200,129,2
2026-03-24,601318,11:19:08,58.1300,44,1
2026-03-24,601318,11:19:11,58.1200,7,2
2026-03-24,601318,11:19:14,58.1300,25,1
2026-03-24,601318,11:19:17,58.1300,19,1
2026-03-24,601318,11:19:20,58.1300,71,1
2026-03-24,601318,11:19:23,58.1400,51,1
2026-03-24,601318,11:19:26,58.1400,191,1
2026-03-24,601318,11:19:29,58.1400,11,1
2026-03-24,601318,11:19:32,58.1500,180,1
2026-03-24,601318,11:19:35,58.1500,9,2
2026-03-24,601318,11:19:38,58.1500,37,2
2026-03-24,601318,11:19:41,58.1500,17,2
2026-03-24,601318,11:19:44,58.1500,52,2
2026-03-24,601318,11:19:47,58.1500,23,4
2026-03-24,601318,11:19:50,58.1400,11,2
2026-03-24,601318,11:19:53,58.1600,108,1
2026-03-24,601318,11:19:56,58.1600,10,1
2026-03-24,601318,11:19:59,58.1500,21,2
2026-03-24,601318,11:20:02,58.1500,71,2
2026-03-24,601318,11:20:05,58.1400,54,2
2026-03-24,601318,11:20:08,58.1400,18,2
2026-03-24,601318,11:20:11,58.1400,6,2
2026-03-24,601318,11:20:14,58.1400,53,2
2026-03-24,601318,11:20:17,58.1500,26,1
2026-03-24,601318,11:20:20,58.1500,35,1
2026-03-24,601318,11:20:23,58.1500,36,2
2026-03-24,601318,11:20:26,58.1500,10,1
2026-03-24,601318,11:20:29,58.1400,7,2
2026-03-24,601318,11:20:32,58.1400,117,2
2026-03-24,601318,11:20:35,58.1400,87,2
2026-03-24,601318,11:20:38,58.1500,52,4
2026-03-24,601318,11:20:41,58.1600,226,1
2026-03-24,601318,11:20:44,58.1700,79,1
2026-03-24,601318,11:20:47,58.1700,73,1
2026-03-24,601318,11:20:50,58.1800,99,1
2026-03-24,601318,11:20:53,58.1800,16,1
2026-03-24,601318,11:20:56,58.1800,24,1
2026-03-24,601318,11:20:59,58.1800,55,1
