date,code,time,price,volume,bs
2026-03-19,601318,14:06:59,60.8100,29,2
2026-03-19,601318,14:07:02,60.8200,43,1
2026-03-19,601318,14:07:05,60.8200,10,1
2026-03-19,601318,14:07:08,60.8300,235,1
2026-03-19,601318,14:07:11,60.8400,161,1
2026-03-19,601318,14:07:14,60.8300,93,2
2026-03-19,601318,14:07:17,60.8400,33,1
2026-03-19,601318,14:07:20,60.8300,13,2
2026-03-19,601318,14:07:23,60.8300,19,1
2026-03-19,601318,14:07:26,60.8200,112,2
2026-03-19,601318,14:07:29,60.8300,14,4
2026-03-19,601318,14:07:32,60.8100,395,2
2026-03-19,601318,14:07:35,60.8100,82,2
2026-03-19,601318,14:07:38,60.8100,11,2
2026-03-19,601318,14:07:41,60.8200,26,1
2026-03-19,601318,14:07:44,60.8200,37,2
2026-03-19,601318,14:07:50,60.8200,3,2
2026-03-19,601318,14:07:53,60.8300,27,1
2026-03-19,601318,14:07:56,60.8200,89,2
2026-03-19,601318,14:07:59,60.8200,21,2
2026-03-19,601318,14:08:02,60.8200,33,2
2026-03-19,601318,14:08:05,60.8100,125,2
2026-03-19,601318,14:08:08,60.8100,20,2
2026-03-19,601318,14:08:11,60.8100,69,2
2026-03-19,601318,14:08:14,60.8200,99,1
2026-03-19,601318,14:08:17,60.8100,35,2
2026-03-19,601318,14:08:20,60.8100,125,2
2026-03-19,601318,14:08:23,60.8100,81,2
2026-03-19,601318,14:08:26,60.8100,42,2
2026-03-19,601318,14:08:29,60.8100,20,2
2026-03-19,601318,14:08:32,60.8100,193,2
2026-03-19,601318,14:08:35,60.8000,60,2
2026-03-19,601318,14:08:38,60.8000,12,2
2026-03-19,601318,14:08:41,60.8000,11,2
2026-03-19,601318,14:08:44,60.8000,8,2
2026-03-19,601318,14:08:47,60.8100,37,1
2026-03-19,601318,14:08:50,60.8100,133,1
2026-03-19,601318,14:08:53,60.8000,158,2
2026-03-19,601318,14:08:56,60.8100,177,1
2026-03-19,601318,14:08:59,60.8000,53,4
2026-03-19,601318,14:09:02,60.8000,12,1
2026-03-19,601318,14:09:05,60.7900,14,2
2026-03-19,601318,14:09:08,60.7900,32,2
2026-03-19,601318,14:09:11,60.7900,116,2
2026-03-19,601318,14:09:14,60.8100,158,1
2026-03-19,601318,14:09:17,60.8100,78,1
2026-03-19,601318,14:09:20,60.8100,40,1
2026-03-19,601318,14:09:23,60.8100,51,2
2026-03-19,601318,14:09:26,60.8100,22,2
2026-03-19,601318,14:09:29,60.8100,5,1
2026-03-19,601318,14:09:33,60.8100,56,1
2026-03-19,601318,14:09:35,60.8200,9,1
2026-03-19,601318,14:09:38,60.8200,126,1
2026-03-19,601318,14:09:41,60.8200,39,2
2026-03-19,601318,14:09:44,60.8100,10,2
2026-03-19,601318,14:09:47,60.8000,105,2
2026-03-19,601318,14:09:50,60.8000,18,2
2026-03-19,601318,14:09:53,60.8000,70,2
2026-03-19,601318,14:09:56,60.8000,10,2
2026-03-19,601318,14:09:59,60.8100,26,1
2026-03-19,601318,14:10:02,60.8200,104,1
2026-03-19,601318,14:10:05,60.8200,42,1
2026-03-19,601318,14:10:08,60.8100,21,2
2026-03-19,601318,14:10:11,60.8100,41,1
2026-03-19,601318,14:10:14,60.8100,19,1
2026-03-19,601318,14:10:17,60.8100,121,1
2026-03-19,601318,14:10:20,60.8100,35,1
2026-03-19,601318,14:10:23,60.8100,18,1
2026-03-19,601318,14:10:26,60.8000,9,2
2026-03-19,601318,14:10:29,60.8100,131,1
2026-03-19,601318,14:10:32,60.8100,39,1
2026-03-19,601318,14:10:35,60.8200,139,1
2026-03-19,601318,14:10:38,60.8200,56,1
2026-03-19,601318,14:10:41,60.8200,19,1
2026-03-19,601318,14:10:44,60.8200,6,1
2026-03-19,601318,14:10:47,60.8100,32,2
2026-03-19,601318,14:10:50,60.8000,148,2
2026-03-19,601318,14:10:53,60.8100,79,1
2026-03-19,601318,14:10:56,60.8000,145,2
2026-03-19,601318,14:10:59,60.8100,47,4
2026-03-19,601318,14:11:02,60.8100,44,2
2026-03-19,601318,14:11:05,60.8100,52,2
2026-03-19,601318,14:11:08,60.8200,41,1
2026-03-19,601318,14:11:11,60.8100,18,4
2026-03-19,601318,14:11:14,60.8100,7,1
2026-03-19,601318,14:11:17,60.8100,69,1
2026-03-19,601318,14:11:20,60.8100,11,1
2026-03-19,601318,14:11:23,60.8100,34,1
2026-03-19,601318,14:11:26,60.8100,39,1
2026-03-19,601318,14:11:29,60.8100,116,1
2026-03-19,601318,14:11:32,60.8100,4,2
2026-03-19,601318,14:11:35,60.8100,38,2
2026-03-19,601318,14:11:38,60.8100,43,1
2026-03-19,601318,14:11:41,60.8100,9,1
2026-03-19,601318,14:11:44,60.8000,16,2
2026-03-19,601318,14:11:47,60.8000,58,2
2026-03-19,601318,14:11:50,60.8000,44,2
2026-03-19,601318,14:11:53,60.8100,26,1
2026-03-19,601318,14:11:56,60.8100,6,1
2026-03-19,601318,14:11:59,60.8000,136,2
2026-03-19,601318,14:12:02,60.8100,10,1
2026-03-19,601318,14:12:05,60.8000,96,2
2026-03-19,601318,14:12:08,60.8100,19,1
2026-03-19,601318,14:12:11,60.8100,15,1
2026-03-19,601318,14:12:14,60.7900,489,2
2026-03-19,601318,14:12:17,60.8000,113,1
2026-03-19,601318,14:12:20,60.7800,32,2
2026-03-19,601318,14:12:23,60.7900,101,1
2026-03-19,601318,14:12:26,60.8000,22,1
2026-03-19,601318,14:12:29,60.7900,1,2
2026-03-19,601318,14:12:32,60.8000,58,1
2026-03-19,601318,14:12:35,60.8000,19,1
2026-03-19,601318,14:12:38,60.7900,199,2
2026-03-19,601318,14:12:41,60.7900,78,1
2026-03-19,601318,14:12:44,60.7900,39,1
2026-03-19,601318,14:12:47,60.7900,240,1
2026-03-19,601318,14:12:50,60.7900,60,2
2026-03-19,601318,14:12:53,60.7900,27,2
2026-03-19,601318,14:12:56,60.8000,97,1
2026-03-19,601318,14:12:59,60.8000,17,1
2026-03-19,601318,14:13:02,60.8000,24,1
2026-03-19,601318,14:13:05,60.8000,9,1
2026-03-19,601318,14:13:08,60.8000,26,1
2026-03-19,601318,14:13:11,60.8000,116,1
2026-03-19,601318,14:13:14,60.8000,34,1
2026-03-19,601318,14:13:17,60.8000,92,1
2026-03-19,601318,14:13:20,60.7900,163,2
2026-03-19,601318,14:13:23,60.8000,94,1
2026-03-19,601318,14:13:26,60.8000,15,1
2026-03-19,601318,14:13:29,60.8000,8,1
2026-03-19,601318,14:13:32,60.7900,26,2
2026-03-19,601318,14:13:35,60.7800,14,2
2026-03-19,601318,14:13:38,60.7800,11,2
2026-03-19,601318,14:13:41,60.7800,41,2
2026-03-19,601318,14:13:44,60.7900,49,1
2026-03-19,601318,14:13:47,60.7800,41,2
2026-03-19,601318,14:13:50,60.7700,223,2
2026-03-19,601318,14:13:53,60.7600,762,2
2026-03-19,601318,14:13:56,60.7500,47,2
2026-03-19,601318,14:13:59,60.7600,396,1
2026-03-19,601318,14:14:02,60.7500,125,4
2026-03-19,601318,14:14:05,60.7500,160,1
2026-03-19,601318,14:14:08,60.7500,32,1
2026-03-19,601318,14:14:11,60.7400,71,2
2026-03-19,601318,14:14:14,60.7400,100,1
2026-03-19,601318,14:14:17,60.7400,3,2
2026-03-19,601318,14:14:20,60.7500,15,1
2026-03-19,601318,14:14:23,60.7400,74,2
2026-03-19,601318,14:14:26,60.7400,9,1
2026-03-19,601318,14:14:29,60.7300,35,2
2026-03-19,601318,14:14:32,60.7400,97,1
2026-03-19,601318,14:14:35,60.7400,126,1
2026-03-19,601318,14:14:38,60.7300,8,4
2026-03-19,601318,14:14:41,60.7300,37,2
2026-03-19,601318,14:14:44,60.7300,14,2
2026-03-19,601318,14:14:47,60.7200,10,2
2026-03-19,601318,14:14:50,60.7300,8,1
2026-03-19,601318,14:14:53,60.7300,190,1
2026-03-19,601318,14:14:56,60.7300,68,1
2026-03-19,601318,14:14:59,60.7300,259,2
2026-03-19,601318,14:15:02,60.7300,13,1
2026-03-19,601318,14:15:05,60.7300,74,1
2026-03-19,601318,14:15:08,60.7300,68,1
2026-03-19,601318,14:15:11,60.7300,89,1
2026-03-19,601318,14:15:14,60.7200,333,2
2026-03-19,601318,14:15:17,60.7200,210,2
2026-03-19,601318,14:15:20,60.7200,14,2
2026-03-19,601318,14:15:23,60.7200,1,2
2026-03-19,601318,14:15:26,60.7300,3,1
2026-03-19,601318,14:15:29,60.7200,36,2
2026-03-19,601318,14:15:32,60.7200,20,1
2026-03-19,601318,14:15:35,60.7100,46,2
2026-03-19,601318,14:15:38,60.7100,170,2
2026-03-19,601318,14:15:41,60.7000,215,2
2026-03-19,601318,14:15:44,60.7100,189,1
2026-03-19,601318,14:15:47,60.7000,21,2
2026-03-19,601318,14:15:50,60.7000,41,2
2026-03-19,601318,14:15:53,60.7000,308,2
2026-03-19,601318,14:15:56,60.7000,123,2
2026-03-19,601318,14:15:59,60.7000,53,2
2026-03-19,601318,14:16:02,60.7100,33,1
2026-03-19,601318,14:16:05,60.7100,23,1
2026-03-19,601318,14:16:08,60.7000,21,2
2026-03-19,601318,14:16:11,60.7100,89,1
2026-03-19,601318,14:16:14,60.7000,139,2
2026-03-19,601318,14:16:17,60.7100,37,1
2026-03-19,601318,14:16:20,60.7400,265,1
2026-03-19,601318,14:16:23,60.7400,65,1
2026-03-19,601318,14:16:26,60.7500,123,1
2026-03-19,601318,14:16:29,60.7500,98,1
2026-03-19,601318,14:16:32,60.7400,11,1
2026-03-19,601318,14:16:35,60.7500,4,1
2026-03-19,601318,14:16:38,60.7500,42,1
2026-03-19,601318,14:16:41,60.7400,82,2
2026-03-19,601318,14:16:44,60.7500,11,1
2026-03-19,601318,14:16:47,60.7500,39,1
2026-03-19,601318,14:16:50,60.7500,16,1
2026-03-19,601318,14:16:53,60.7500,21,1
2026-03-19,601318,14:16:56,60.7500,4,1
2026-03-19,601318,14:16:59,60.7500,41,1
2026-03-19,601318,14:17:02,60.7500,64,1
2026-03-19,601318,14:17:05,60.7500,13,2
2026-03-19,601318,14:17:08,60.7500,224,2
2026-03-19,601318,14:17:11,60.7600,279,1
2026-03-19,601318,14:17:14,60.7600,114,1
2026-03-19,601318,14:17:17,60.7600,59,1
2026-03-19,601318,14:17:20,60.7600,20,1
2026-03-19,601318,14:17:23,60.7600,9,1
2026-03-19,601318,14:17:26,60.7500,59,2
2026-03-19,601318,14:17:29,60.7500,27,2
2026-03-19,601318,14:17:32,60.7500,93,2
2026-03-19,601318,14:17:35,60.7500,54,2
2026-03-19,601318,14:17:38,60.7400,91,2
2026-03-19,601318,14:17:41,60.7500,25,1
2026-03-19,601318,14:17:44,60.7400,39,2
2026-03-19,601318,14:17:47,60.7500,7,1
2026-03-19,601318,14:17:50,60.7400,17,2
2026-03-19,601318,14:17:53,60.7400,11,2
2026-03-19,601318,14:17:56,60.7400,23,2
2026-03-19,601318,14:17:59,60.7500,22,1
2026-03-19,601318,14:18:02,60.7400,33,2
2026-03-19,601318,14:18:05,60.7400,114,2
2026-03-19,601318,14:18:08,60.7400,59,2
2026-03-19,601318,14:18:11,60.7400,68,4
2026-03-19,601318,14:18:14,60.7400,18,1
2026-03-19,601318,14:18:17,60.7400,11,1
2026-03-19,601318,14:18:20,60.7400,7,1
2026-03-19,601318,14:18:23,60.7400,15,1
2026-03-19,601318,14:18:26,60.7300,99,2
2026-03-19,601318,14:18:29,60.7400,66,4
2026-03-19,601318,14:18:32,60.7400,12,2
2026-03-19,601318,14:18:35,60.7400,28,2
2026-03-19,601318,14:18:38,60.7400,49,1
2026-03-19,601318,14:18:41,60.7400,67,1
2026-03-19,601318,14:18:44,60.7300,39,2
2026-03-19,601318,14:18:47,60.7300,21,2
2026-03-19,601318,14:18:50,60.7300,37,2
2026-03-19,601318,14:18:53,60.7400,5,1
2026-03-19,601318,14:18:56,60.7300,19,2
2026-03-19,601318,14:18:59,60.7400,42,1
2026-03-19,601318,14:19:02,60.7400,208,1
2026-03-19,601318,14:19:05,60.7400,167,1
2026-03-19,601318,14:19:08,60.7400,165,1
2026-03-19,601318,14:19:11,60.7300,34,2
2026-03-19,601318,14:19:14,60.7300,7,2
2026-03-19,601318,14:19:17,60.7400,33,1
2026-03-19,601318,14:19:20,60.7400,12,1
2026-03-19,601318,14:19:23,60.7300,28,2
2026-03-19,601318,14:19:26,60.7400,104,1
2026-03-19,601318,14:19:29,60.7400,123,1
2026-03-19,601318,14:19:32,60.7400,53,1
2026-03-19,601318,14:19:35,60.7300,11,2
2026-03-19,601318,14:19:38,60.7400,79,1
2026-03-19,601318,14:19:41,60.7300,98,2
2026-03-19,601318,14:19:44,60.7300,48,2
2026-03-19,601318,14:19:47,60.7300,46,2
2026-03-19,601318,14:19:50,60.7300,99,1
2026-03-19,601318,14:19:53,60.7300,31,1
2026-03-19,601318,14:19:56,60.7300,73,1
2026-03-19,601318,14:19:59,60.7300,461,1
2026-03-19,601318,14:20:02,60.6900,276,2
2026-03-19,601318,14:20:05,60.6900,275,2
2026-03-19,601318,14:20:08,60.7000,6,1
2026-03-19,601318,14:20:11,60.6900,40,2
2026-03-19,601318,14:20:14,60.6900,47,2
2026-03-19,601318,14:20:17,60.7000,23,1
2026-03-19,601318,14:20:20,60.7000,104,1
2026-03-19,601318,14:20:23,60.7000,376,1
2026-03-19,601318,14:20:26,60.7000,33,1
2026-03-19,601318,14:20:29,60.7000,67,1
2026-03-19,601318,14:20:32,60.6900,31,2
2026-03-19,601318,14:20:35,60.6900,30,2
2026-03-19,601318,14:20:39,60.7000,148,1
2026-03-19,601318,14:20:41,60.6900,50,2
2026-03-19,601318,14:20:44,60.6900,1,2
2026-03-19,601318,14:20:47,60.6900,30,2
2026-03-19,601318,14:20:50,60.6900,25,2
2026-03-19,601318,14:20:53,60.6900,31,2
2026-03-19,601318,14:20:56,60.6900,50,2
2026-03-19,601318,14:20:59,60.7000,30,1
2026-03-19,601318,14:21:02,60.6900,399,2
2026-03-19,601318,14:21:05,60.6900,295,2
2026-03-19,601318,14:21:08,60.7000,20,1
2026-03-19,601318,14:21:11,60.6800,100,2
2026-03-19,601318,14:21:14,60.6800,139,2
2026-03-19,601318,14:21:17,60.6900,114,1
2026-03-19,601318,14:21:20,60.6800,20,2
2026-03-19,601318,14:21:23,60.6900,64,1
2026-03-19,601318,14:21:26,60.6900,8,1
2026-03-19,601318,14:21:29,60.6800,282,2
2026-03-19,601318,14:21:32,60.6800,75,2
2026-03-19,601318,14:21:35,60.6800,25,2
2026-03-19,601318,14:21:38,60.6800,30,2
2026-03-19,601318,14:21:41,60.6800,10,2
2026-03-19,601318,14:21:44,60.6800,215,2
2026-03-19,601318,14:21:47,60.6900,63,1
2026-03-19,601318,14:21:50,60.6800,31,1
2026-03-19,601318,14:21:53,60.6800,31,1
2026-03-19,601318,14:21:56,60.6800,152,1
2026-03-19,601318,14:21:59,60.6800,81,1
2026-03-19,601318,14:22:02,60.6800,93,1
2026-03-19,601318,14:22:05,60.6700,67,2
2026-03-19,601318,14:22:08,60.6700,10,2
2026-03-19,601318,14:22:11,60.6800,87,1
2026-03-19,601318,14:22:14,60.6700,83,2
2026-03-19,601318,14:22:17,60.6800,236,1
2026-03-19,601318,14:22:20,60.6700,139,2
2026-03-19,601318,14:22:23,60.6800,128,1
2026-03-19,601318,14:22:26,60.6800,59,1
2026-03-19,601318,14:22:29,60.6800,60,1
2026-03-19,601318,14:22:32,60.6700,49,2
2026-03-19,601318,14:22:35,60.6700,19,1
2026-03-19,601318,14:22:38,60.6600,82,2
2026-03-19,601318,14:22:41,60.6700,11,1
2026-03-19,601318,14:22:44,60.6700,74,1
2026-03-19,601318,14:22:47,60.6600,104,2
2026-03-19,601318,14:22:50,60.6600,53,2
2026-03-19,601318,14:22:53,60.6700,7,1
2026-03-19,601318,14:22:56,60.6600,23,2
2026-03-19,601318,14:22:59,60.6500,333,2
2026-03-19,601318,14:23:02,60.6400,289,2
2026-03-19,601318,14:23:05,60.6500,11,1
2026-03-19,601318,14:23:08,60.6300,196,2
2026-03-19,601318,14:23:11,60.6200,352,2
2026-03-19,601318,14:23:14,60.6000,301,2
2026-03-19,601318,14:23:17,60.6100,540,1
2026-03-19,601318,14:23:20,60.6000,334,2
2026-03-19,601318,14:23:23,60.6000,20,2
2026-03-19,601318,14:23:26,60.5900,80,2
2026-03-19,601318,14:23:29,60.5800,69,2
2026-03-19,601318,14:23:32,60.5800,109,2
2026-03-19,601318,14:23:35,60.5900,185,4
2026-03-19,601318,14:23:38,60.6000,107,1
2026-03-19,601318,14:23:41,60.5800,155,2
2026-03-19,601318,14:23:44,60.5700,48,2
2026-03-19,601318,14:23:47,60.5800,66,1
2026-03-19,601318,14:23:50,60.5800,570,1
2026-03-19,601318,14:23:53,60.5300,1234,2
2026-03-19,601318,14:23:56,60.5400,52,2
2026-03-19,601318,14:23:59,60.5500,575,2
2026-03-19,601318,14:24:02,60.5500,326,1
2026-03-19,601318,14:24:05,60.5800,318,1
2026-03-19,601318,14:24:08,60.5700,34,2
2026-03-19,601318,14:24:11,60.5700,26,2
2026-03-19,601318,14:24:14,60.5700,45,1
2026-03-19,601318,14:24:17,60.5600,100,2
2026-03-19,601318,14:24:20,60.5600,117,2
2026-03-19,601318,14:24:23,60.5600,95,1
2026-03-19,601318,14:24:26,60.5600,81,1
2026-03-19,601318,14:24:29,60.5700,402,1
2026-03-19,601318,14:24:32,60.5600,15,2
2026-03-19,601318,14:24:35,60.5700,88,1
2026-03-19,601318,14:24:38,60.5600,72,4
2026-03-19,601318,14:24:41,60.5700,136,1
2026-03-19,601318,14:24:44,60.5700,151,1
2026-03-19,601318,14:24:47,60.5600,20,2
2026-03-19,601318,14:24:50,60.5700,80,1
2026-03-19,601318,14:24:53,60.5600,90,2
2026-03-19,601318,14:24:56,60.5700,61,1
2026-03-19,601318,14:24:59,60.5700,53,2
2026-03-19,601318,14:25:02,60.5700,287,1
2026-03-19,601318,14:25:05,60.5700,125,1
2026-03-19,601318,14:25:08,60.5700,256,1
2026-03-19,601318,14:25:11,60.5600,57,4
2026-03-19,601318,14:25:14,60.5500,234,2
2026-03-19,601318,14:25:17,60.5400,322,2
2026-03-19,601318,14:25:20,60.5300,88,2
2026-03-19,601318,14:25:23,60.5400,323,1
2026-03-19,601318,14:25:26,60.5200,84,2
2026-03-19,601318,14:25:29,60.5200,43,2
2026-03-19,601318,14:25:32,60.5300,157,1
2026-03-19,601318,14:25:35,60.5300,54,2
2026-03-19,601318,14:25:38,60.5300,165,2
2026-03-19,601318,14:25:41,60.5300,66,1
2026-03-19,601318,14:25:44,60.5200,116,2
2026-03-19,601318,14:25:47,60.5200,68,2
2026-03-19,601318,14:25:50,60.5300,97,1
2026-03-19,601318,14:25:53,60.5300,68,1
2026-03-19,601318,14:25:56,60.5300,55,1
2026-03-19,601318,14:25:59,60.5300,53,1
2026-03-19,601318,14:26:02,60.5200,103,2
2026-03-19,601318,14:26:05,60.5200,323,2
2026-03-19,601318,14:26:08,60.5300,16,1
2026-03-19,601318,14:26:11,60.5400,49,1
2026-03-19,601318,14:26:14,60.5300,226,2
2026-03-19,601318,14:26:17,60.5300,50,2
2026-03-19,601318,14:26:20,60.5300,85,1
2026-03-19,601318,14:26:23,60.5300,103,1
2026-03-19,601318,14:26:26,60.5300,525,1
2026-03-19,601318,14:26:29,60.5300,102,1
2026-03-19,601318,14:26:32,60.5300,15,1
2026-03-19,601318,14:26:35,60.5300,123,1
2026-03-19,601318,14:26:38,60.5300,46,1
2026-03-19,601318,14:26:41,60.5300,1010,1
2026-03-19,601318,14:26:44,60.5200,87,1
2026-03-19,601318,14:26:47,60.5200,45,1
2026-03-19,601318,14:26:50,60.5200,62,1
2026-03-19,601318,14:26:53,60.5100,252,2
2026-03-19,601318,14:26:56,60.5200,181,1
2026-03-19,601318,14:26:59,60.5100,74,2
2026-03-19,601318,14:27:02,60.5200,116,1
2026-03-19,601318,14:27:05,60.5200,93,1
2026-03-19,601318,14:27:08,60.5100,320,2
2026-03-19,601318,14:27:11,60.5200,96,1
2026-03-19,601318,14:27:14,60.5100,38,2
2026-03-19,601318,14:27:17,60.5200,213,1
2026-03-19,601318,14:27:20,60.5200,60,1
2026-03-19,601318,14:27:23,60.5200,39,2
2026-03-19,601318,14:27:26,60.5200,89,2
2026-03-19,601318,14:27:29,60.5300,38,1
2026-03-19,601318,14:27:32,60.5200,86,2
2026-03-19,601318,14:27:35,60.5200,131,2
2026-03-19,601318,14:27:38,60.5200,56,2
2026-03-19,601318,14:27:41,60.5200,789,2
2026-03-19,601318,14:27:44,60.5200,82,2
2026-03-19,601318,14:27:47,60.5200,50,2
2026-03-19,601318,14:27:50,60.5200,813,2
2026-03-19,601318,14:27:53,60.5300,281,1
2026-03-19,601318,14:27:56,60.5100,211,2
2026-03-19,601318,14:27:59,60.5200,125,1
2026-03-19,601318,14:28:02,60.5100,90,2
2026-03-19,601318,14:28:05,60.5200,122,1
2026-03-19,601318,14:28:08,60.5200,49,1
2026-03-19,601318,14:28:11,60.5100,183,2
2026-03-19,601318,14:28:14,60.5200,57,1
2026-03-19,601318,14:28:17,60.5200,108,1
2026-03-19,601318,14:28:20,60.5100,129,2
2026-03-19,601318,14:28:23,60.5100,52,2
2026-03-19,601318,14:28:26,60.5100,45,2
2026-03-19,601318,14:28:29,60.5200,300,1
2026-03-19,601318,14:28:32,60.5100,202,2
2026-03-19,601318,14:28:35,60.5200,42,1
2026-03-19,601318,14:28:38,60.5200,277,1
2026-03-19,601318,14:28:41,60.5200,222,1
2026-03-19,601318,14:28:44,60.5200,32,2
2026-03-19,601318,14:28:47,60.5200,130,2
2026-03-19,601318,14:28:50,60.5200,364,2
2026-03-19,601318,14:28:53,60.5100,98,2
2026-03-19,601318,14:28:56,60.5200,218,1
2026-03-19,601318,14:28:59,60.5300,54,1
2026-03-19,601318,14:29:02,60.5300,89,4
2026-03-19,601318,14:29:05,60.5200,221,2
2026-03-19,601318,14:29:08,60.5300,41,4
2026-03-19,601318,14:29:11,60.5400,257,1
2026-03-19,601318,14:29:14,60.5300,437,2
2026-03-19,601318,14:29:17,60.5200,371,2
2026-03-19,601318,14:29:20,60.5300,186,1
2026-03-19,601318,14:29:23,60.5200,25,2
2026-03-19,601318,14:29:26,60.5200,180,1
2026-03-19,601318,14:29:29,60.5200,164,1
2026-03-19,601318,14:29:32,60.5100,206,2
2026-03-19,601318,14:29:35,60.5200,3,1
2026-03-19,601318,14:29:38,60.5200,525,1
2026-03-19,601318,14:29:41,60.5200,54,1
2026-03-19,601318,14:29:44,60.5200,100,1
2026-03-19,601318,14:29:47,60.5100,856,2
2026-03-19,601318,14:29:50,60.5200,12,2
2026-03-19,601318,14:29:53,60.5300,1,1
2026-03-19,601318,14:29:56,60.5200,24,2
2026-03-19,601318,14:29:59,60.5200,36,2
2026-03-19,601318,14:30:02,60.5300,12,1
2026-03-19,601318,14:30:05,60.5200,26,2
2026-03-19,601318,14:30:08,60.5300,397,1
2026-03-19,601318,14:30:11,60.5000,1913,2
2026-03-19,601318,14:30:14,60.5500,40,1
2026-03-19,601318,14:30:17,60.5300,109,2
2026-03-19,601318,14:30:20,60.5300,61,2
2026-03-19,601318,14:30:23,60.5300,7,2
2026-03-19,601318,14:30:26,60.5400,84,1
2026-03-19,601318,14:30:29,60.5300,33,2
2026-03-19,601318,14:30:32,60.5400,34,1
2026-03-19,601318,14:30:35,60.5300,223,2
2026-03-19,601318,14:30:38,60.5200,56,4
2026-03-19,601318,14:30:41,60.5300,36,1
2026-03-19,601318,14:30:44,60.5100,196,2
2026-03-19,601318,14:30:47,60.5200,45,1
2026-03-19,601318,14:30:50,60.5100,116,2
2026-03-19,601318,14:30:53,60.5100,31,2
2026-03-19,601318,14:30:56,60.5300,32,1
2026-03-19,601318,14:30:59,60.5200,35,2
2026-03-19,601318,14:31:02,60.5200,134,1
2026-03-19,601318,14:31:05,60.5200,24,1
2026-03-19,601318,14:31:08,60.5200,188,1
2026-03-19,601318,14:31:11,60.5200,269,1
2026-03-19,601318,14:31:14,60.5300,1,1
2026-03-19,601318,14:31:17,60.5200,6,2
2026-03-19,601318,14:31:20,60.5300,31,1
2026-03-19,601318,14:31:23,60.5300,173,1
2026-03-19,601318,14:31:26,60.5300,121,1
2026-03-19,601318,14:31:29,60.5200,28,2
2026-03-19,601318,14:31:32,60.5200,191,1
2026-03-19,601318,14:31:35,60.5200,128,1
2026-03-19,601318,14:31:38,60.5200,85,1
2026-03-19,601318,14:31:41,60.5200,106,1
2026-03-19,601318,14:31:44,60.5100,69,2
2026-03-19,601318,14:31:47,60.5200,63,1
2026-03-19,601318,14:31:50,60.5200,35,1
2026-03-19,601318,14:31:53,60.5200,526,1
2026-03-19,601318,14:31:56,60.5200,81,1
2026-03-19,601318,14:31:59,60.5200,213,1
2026-03-19,601318,14:32:02,60.5200,192,4
2026-03-19,601318,14:32:05,60.5200,16,2
2026-03-19,601318,14:32:08,60.5300,35,1
2026-03-19,601318,14:32:11,60.5200,41,2
2026-03-19,601318,14:32:14,60.5300,11,1
2026-03-19,601318,14:32:17,60.5300,142,1
2026-03-19,601318,14:32:20,60.5300,7,4
2026-03-19,601318,14:32:23,60.5300,23,2
2026-03-19,601318,14:32:26,60.5400,23,1
2026-03-19,601318,14:32:29,60.5300,83,2
2026-03-19,601318,14:32:32,60.5300,26,1
2026-03-19,601318,14:32:35,60.5300,34,1
2026-03-19,601318,14:32:38,60.5200,132,2
2026-03-19,601318,14:32:41,60.5300,55,1
2026-03-19,601318,14:32:44,60.5300,193,1
2026-03-19,601318,14:32:47,60.5300,4,2
2026-03-19,601318,14:32:50,60.5400,36,1
2026-03-19,601318,14:32:53,60.5400,15,1
2026-03-19,601318,14:32:56,60.5300,113,2
2026-03-19,601318,14:32:59,60.5300,99,2
2026-03-19,601318,14:33:02,60.5300,676,2
2026-03-19,601318,14:33:05,60.5300,83,1
2026-03-19,601318,14:33:08,60.5200,36,2
2026-03-19,601318,14:33:11,60.5200,146,2
2026-03-19,601318,14:33:14,60.5200,78,2
2026-03-19,601318,14:33:17,60.5200,77,1
2026-03-19,601318,14:33:20,60.5200,86,1
2026-03-19,601318,14:33:23,60.5200,53,2
2026-03-19,601318,14:33:26,60.5200,16,2
2026-03-19,601318,14:33:29,60.5200,23,2
2026-03-19,601318,14:33:32,60.5200,63,2
2026-03-19,601318,14:33:35,60.5300,21,1
2026-03-19,601318,14:33:38,60.5300,43,1
2026-03-19,601318,14:33:41,60.5200,7,2
2026-03-19,601318,14:33:44,60.5300,37,1
2026-03-19,601318,14:33:47,60.5300,73,1
2026-03-19,601318,14:33:50,60.5300,44,1
2026-03-19,601318,14:33:53,60.5300,18,1
2026-03-19,601318,14:33:56,60.5200,246,2
2026-03-19,601318,14:33:59,60.5000,2551,2
2026-03-19,601318,14:34:02,60.5100,537,1
2026-03-19,601318,14:34:05,60.4200,13503,2
2026-03-19,601318,14:34:08,60.4300,669,1
2026-03-19,601318,14:34:11,60.4600,1311,1
2026-03-19,601318,14:34:14,60.4300,82,2
2026-03-19,601318,14:34:20,60.4400,350,4
2026-03-19,601318,14:34:23,60.4600,709,1
2026-03-19,601318,14:34:26,60.4900,152,1
2026-03-19,601318,14:34:29,60.4700,54,2
2026-03-19,601318,14:34:32,60.4900,69,1
2026-03-19,601318,14:34:35,60.4800,122,1
2026-03-19,601318,14:34:38,60.4800,447,2
2026-03-19,601318,14:34:41,60.4700,86,2
2026-03-19,601318,14:34:44,60.4800,30,1
2026-03-19,601318,14:34:47,60.4700,34,2
2026-03-19,601318,14:34:50,60.4600,67,2
2026-03-19,601318,14:34:53,60.4600,38,2
2026-03-19,601318,14:34:56,60.4700,37,1
2026-03-19,601318,14:34:59,60.4600,52,4
2026-03-19,601318,14:35:02,60.4700,208,1
2026-03-19,601318,14:35:05,60.4900,148,1
2026-03-19,601318,14:35:08,60.4900,177,1
2026-03-19,601318,14:35:11,60.4800,34,2
2026-03-19,601318,14:35:14,60.4800,54,2
2026-03-19,601318,14:35:17,60.4800,44,1
2026-03-19,601318,14:35:20,60.4800,110,1
2026-03-19,601318,14:35:23,60.4800,14,1
2026-03-19,601318,14:35:26,60.4900,75,1
2026-03-19,601318,14:35:29,60.4800,30,2
2026-03-19,601318,14:35:32,60.4900,33,1
2026-03-19,601318,14:35:35,60.4800,24,2
2026-03-19,601318,14:35:38,60.4900,143,1
2026-03-19,601318,14:35:41,60.4800,125,2
2026-03-19,601318,14:35:44,60.4900,172,1
2026-03-19,601318,14:35:47,60.4800,92,2
2026-03-19,601318,14:35:50,60.4900,173,1
2026-03-19,601318,14:35:53,60.4800,54,2
2026-03-19,601318,14:35:56,60.4900,86,1
2026-03-19,601318,14:35:59,60.4800,26,2
2026-03-19,601318,14:36:02,60.4800,456,1
2026-03-19,601318,14:36:05,60.4700,100,2
2026-03-19,601318,14:36:08,60.4700,72,1
2026-03-19,601318,14:36:11,60.4600,71,2
2026-03-19,601318,14:36:14,60.4800,236,1
2026-03-19,601318,14:36:17,60.4800,557,1
2026-03-19,601318,14:36:20,60.5000,557,1
2026-03-19,601318,14:36:23,60.5100,95,1
2026-03-19,601318,14:36:26,60.5000,16,4
2026-03-19,601318,14:36:29,60.5100,92,1
2026-03-19,601318,14:36:32,60.5100,99,1
2026-03-19,601318,14:36:35,60.5000,11,4
2026-03-19,601318,14:36:38,60.5100,132,1
2026-03-19,601318,14:36:41,60.5000,128,2
2026-03-19,601318,14:36:44,60.5000,79,1
2026-03-19,601318,14:36:47,60.5000,97,1
2026-03-19,601318,14:36:50,60.5200,44,1
2026-03-19,601318,14:36:53,60.5100,39,2
2026-03-19,601318,14:36:56,60.5100,90,1
2026-03-19,601318,14:36:59,60.5100,30,1
2026-03-19,601318,14:37:02,60.5100,135,1
2026-03-19,601318,14:37:05,60.5100,78,1
2026-03-19,601318,14:37:08,60.5100,93,1
2026-03-19,601318,14:37:11,60.5100,17,1
2026-03-19,601318,14:37:14,60.5200,28,1
2026-03-19,601318,14:37:17,60.5200,80,1
2026-03-19,601318,14:37:20,60.5100,40,2
2026-03-19,601318,14:37:23,60.5200,190,1
2026-03-19,601318,14:37:26,60.5200,66,1
2026-03-19,601318,14:37:29,60.5200,45,1
2026-03-19,601318,14:37:32,60.5200,134,1
2026-03-19,601318,14:37:35,60.4900,532,2
2026-03-19,601318,14:37:38,60.5000,272,1
2026-03-19,601318,14:37:41,60.4800,25,2
2026-03-19,601318,14:37:44,60.4800,37,2
2026-03-19,601318,14:37:47,60.4900,97,4
2026-03-19,601318,14:37:50,60.4800,88,2
2026-03-19,601318,14:37:53,60.4800,75,2
2026-03-19,601318,14:37:56,60.4800,23,2
2026-03-19,601318,14:37:59,60.4900,58,1
2026-03-19,601318,14:38:02,60.4800,62,2
2026-03-19,601318,14:38:05,60.4800,52,1
2026-03-19,601318,14:38:08,60.4700,197,2
2026-03-19,601318,14:38:11,60.4800,103,1
2026-03-19,601318,14:38:14,60.4800,15,1
2026-03-19,601318,14:38:17,60.4700,123,2
2026-03-19,601318,14:38:20,60.4800,76,1
2026-03-19,601318,14:38:23,60.4800,11,2
2026-03-19,601318,14:38:26,60.4800,96,2
2026-03-19,601318,14:38:29,60.4800,101,1
2026-03-19,601318,14:38:32,60.4800,119,1
2026-03-19,601318,14:38:35,60.4800,296,1
2026-03-19,601318,14:38:38,60.4700,94,1
2026-03-19,601318,14:38:41,60.4700,27,1
2026-03-19,601318,14:38:44,60.4600,99,2
2026-03-19,601318,14:38:47,60.4700,45,1
2026-03-19,601318,14:38:50,60.4700,171,1
2026-03-19,601318,14:38:53,60.4700,262,1
2026-03-19,601318,14:38:56,60.4700,83,1
2026-03-19,601318,14:38:59,60.4800,59,1
2026-03-19,601318,14:39:02,60.4800,365,1
2026-03-19,601318,14:39:05,60.4900,172,1
2026-03-19,601318,14:39:08,60.5000,290,1
2026-03-19,601318,14:39:11,60.5000,75,1
2026-03-19,601318,14:39:14,60.5000,37,1
2026-03-19,601318,14:39:17,60.4900,10,2
2026-03-19,601318,14:39:20,60.4900,129,2
2026-03-19,601318,14:39:23,60.5000,107,1
2026-03-19,601318,14:39:26,60.5000,224,1
2026-03-19,601318,14:39:29,60.5100,46,1
2026-03-19,601318,14:39:32,60.5100,44,1
2026-03-19,601318,14:39:35,60.5300,195,1
2026-03-19,601318,14:39:38,60.5300,65,1
2026-03-19,601318,14:39:41,60.5400,117,1
2026-03-19,601318,14:39:44,60.5200,16,2
2026-03-19,601318,14:39:47,60.5400,45,1
2026-03-19,601318,14:39:50,60.5100,478,2
2026-03-19,601318,14:39:53,60.5300,21,4
2026-03-19,601318,14:39:56,60.5300,50,1
2026-03-19,601318,14:39:59,60.5300,5,4
2026-03-19,601318,14:40:02,60.5500,76,1
2026-03-19,601318,14:40:05,60.5300,278,2
2026-03-19,601318,14:40:08,60.5500,197,1
2026-03-19,601318,14:40:11,60.5600,272,1
2026-03-19,601318,14:40:14,60.5600,61,1
2026-03-19,601318,14:40:17,60.5800,148,1
2026-03-19,601318,14:40:20,60.5900,44,1
2026-03-19,601318,14:40:23,60.5800,235,2
2026-03-19,601318,14:40:26,60.5600,108,2
2026-03-19,601318,14:40:29,60.5600,60,1
2026-03-19,601318,14:40:32,60.5500,90,2
2026-03-19,601318,14:40:35,60.5500,97,1
2026-03-19,601318,14:40:38,60.5400,45,2
2026-03-19,601318,14:40:41,60.5300,29,2
2026-03-19,601318,14:40:44,60.5400,19,1
2026-03-19,601318,14:40:47,60.5500,207,1
2026-03-19,601318,14:40:50,60.5500,17,1
2026-03-19,601318,14:40:53,60.5400,11,2
2026-03-19,601318,14:40:56,60.5500,59,1
2026-03-19,601318,14:40:59,60.5400,27,2
2026-03-19,601318,14:41:02,60.5400,172,2
2026-03-19,601318,14:41:05,60.5400,213,2
2026-03-19,601318,14:41:08,60.5400,28,1
2026-03-19,601318,14:41:11,60.5300,166,2
2026-03-19,601318,14:41:14,60.5100,182,2
2026-03-19,601318,14:41:17,60.5000,267,2
2026-03-19,601318,14:41:20,60.5100,31,1
2026-03-19,601318,14:41:23,60.5100,50,1
2026-03-19,601318,14:41:26,60.5100,57,1
2026-03-19,601318,14:41:29,60.5000,153,2
2026-03-19,601318,14:41:32,60.5100,109,1
2026-03-19,601318,14:41:35,60.5100,417,1
2026-03-19,601318,14:41:38,60.5100,201,1
2026-03-19,601318,14:41:41,60.5100,96,1
2026-03-19,601318,14:41:44,60.5000,82,2
2026-03-19,601318,14:41:47,60.5000,34,2
2026-03-19,601318,14:41:50,60.5000,48,2
2026-03-19,601318,14:41:53,60.4900,88,2
2026-03-19,601318,14:41:56,60.5000,107,1
2026-03-19,601318,14:41:59,60.4900,362,2
2026-03-19,601318,14:42:02,60.4900,178,1
2026-03-19,601318,14:42:05,60.4800,83,2
2026-03-19,601318,14:42:08,60.4900,92,1
2026-03-19,601318,14:42:11,60.4800,141,2
2026-03-19,601318,14:42:14,60.4800,104,1
2026-03-19,601318,14:42:17,60.4800,121,1
2026-03-19,601318,14:42:20,60.4700,79,2
2026-03-19,601318,14:42:23,60.4700,154,2
2026-03-19,601318,14:42:26,60.4700,817,1
2026-03-19,601318,14:42:29,60.4800,717,4
2026-03-19,601318,14:42:32,60.4800,62,1
2026-03-19,601318,14:42:35,60.4700,543,2
2026-03-19,601318,14:42:38,60.4700,117,1
2026-03-19,601318,14:42:41,60.4700,83,1
2026-03-19,601318,14:42:44,60.4700,554,1
2026-03-19,601318,14:42:47,60.4700,63,1
2026-03-19,601318,14:42:50,60.4700,125,1
2026-03-19,601318,14:42:53,60.4700,121,1
2026-03-19,601318,14:42:56,60.4700,115,1
2026-03-19,601318,14:42:59,60.4600,24,2
2026-03-19,601318,14:43:02,60.4700,84,1
2026-03-19,601318,14:43:05,60.4700,380,1
2026-03-19,601318,14:43:08,60.4900,148,1
2026-03-19,601318,14:43:11,60.5000,290,1
2026-03-19,601318,14:43:14,60.5000,176,1
2026-03-19,601318,14:43:17,60.5000,354,1
2026-03-19,601318,14:43:20,60.4900,366,2
2026-03-19,601318,14:43:23,60.5000,250,4
2026-03-19,601318,14:43:26,60.5000,107,1
2026-03-19,601318,14:43:29,60.4900,2033,2
2026-03-19,601318,14:43:32,60.4800,80,4
2026-03-19,601318,14:43:35,60.4700,138,2
2026-03-19,601318,14:43:38,60.4700,144,1
2026-03-19,601318,14:43:41,60.4600,129,2
2026-03-19,601318,14:43:44,60.4600,13,2
2026-03-19,601318,14:43:47,60.4600,36,1
2026-03-19,601318,14:43:50,60.4600,31,1
2026-03-19,601318,14:43:53,60.4600,397,1
2026-03-19,601318,14:43:56,60.4600,250,1
2026-03-19,601318,14:43:59,60.4500,387,2
2026-03-19,601318,14:44:02,60.4500,308,2
2026-03-19,601318,14:44:05,60.4600,119,1
2026-03-19,601318,14:44:08,60.4600,48,1
2026-03-19,601318,14:44:11,60.4600,45,1
2026-03-19,601318,14:44:14,60.4600,22,1
2026-03-19,601318,14:44:17,60.4600,62,1
2026-03-19,601318,14:44:20,60.4600,136,1
2026-03-19,601318,14:44:23,60.4500,109,2
2026-03-19,601318,14:44:26,60.4600,141,1
2026-03-19,601318,14:44:29,60.4500,86,2
2026-03-19,601318,14:44:32,60.4400,307,2
2026-03-19,601318,14:44:35,60.4400,98,2
2026-03-19,601318,14:44:38,60.4400,368,2
2026-03-19,601318,14:44:41,60.4400,36,1
2026-03-19,601318,14:44:44,60.4300,31,2
2026-03-19,601318,14:44:47,60.4300,520,2
2026-03-19,601318,14:44:50,60.4300,64,2
2026-03-19,601318,14:44:53,60.4200,224,2
2026-03-19,601318,14:44:56,60.4200,284,2
2026-03-19,601318,14:44:59,60.4200,153,2
2026-03-19,601318,14:45:02,60.4200,477,2
2026-03-19,601318,14:45:05,60.4200,284,2
2026-03-19,601318,14:45:08,60.4200,314,1
2026-03-19,601318,14:45:11,60.4100,634,2
2026-03-19,601318,14:45:14,60.4200,240,4
2026-03-19,601318,14:45:17,60.4500,723,1
2026-03-19,601318,14:45:20,60.4300,170,4
2026-03-19,601318,14:45:23,60.4300,101,2
2026-03-19,601318,14:45:26,60.4300,183,1
2026-03-19,601318,14:45:29,60.4300,160,1
2026-03-19,601318,14:45:32,60.4400,181,1
2026-03-19,601318,14:45:35,60.4400,107,1
2026-03-19,601318,14:45:38,60.4400,65,1
2026-03-19,601318,14:45:41,60.4400,304,1
2026-03-19,601318,14:45:44,60.4100,473,2
2026-03-19,601318,14:45:47,60.4400,116,1
2026-03-19,601318,14:45:50,60.4400,164,1
2026-03-19,601318,14:45:53,60.4400,21,1
2026-03-19,601318,14:45:56,60.4400,66,1
2026-03-19,601318,14:45:59,60.4400,74,1
2026-03-19,601318,14:46:02,60.4300,419,2
2026-03-19,601318,14:46:05,60.4300,532,2
2026-03-19,601318,14:46:08,60.4200,362,2
2026-03-19,601318,14:46:11,60.4200,229,1
2026-03-19,601318,14:46:14,60.4200,188,1
2026-03-19,601318,14:46:17,60.4200,98,1
2026-03-19,601318,14:46:20,60.4200,64,1
2026-03-19,601318,14:46:23,60.4200,61,1
2026-03-19,601318,14:46:26,60.4200,260,1
2026-03-19,601318,14:46:29,60.4200,49,2
2026-03-19,601318,14:46:32,60.4200,404,2
2026-03-19,601318,14:46:35,60.4200,69,2
2026-03-19,601318,14:46:38,60.4200,333,2
2026-03-19,601318,14:46:41,60.4200,204,2
2026-03-19,601318,14:46:44,60.4100,53,2
2026-03-19,601318,14:46:47,60.4100,519,2
2026-03-19,601318,14:46:50,60.4100,308,2
2026-03-19,601318,14:46:53,60.4100,22,2
2026-03-19,601318,14:46:56,60.4100,115,2
2026-03-19,601318,14:46:59,60.4200,181,4
2026-03-19,601318,14:47:02,60.4400,1029,1
2026-03-19,601318,14:47:05,60.4300,328,2
2026-03-19,601318,14:47:08,60.4600,761,1
2026-03-19,601318,14:47:11,60.4400,94,2
2026-03-19,601318,14:47:14,60.4500,45,1
2026-03-19,601318,14:47:17,60.4500,105,1
2026-03-19,601318,14:47:20,60.4400,239,2
2026-03-19,601318,14:47:23,60.4500,45,1
2026-03-19,601318,14:47:26,60.4400,45,2
2026-03-19,601318,14:47:29,60.4500,108,1
2026-03-19,601318,14:47:32,60.4200,309,2
2026-03-19,601318,14:47:35,60.4400,40,1
2026-03-19,601318,14:47:38,60.4400,125,1
2026-03-19,601318,14:47:41,60.4300,206,2
2026-03-19,601318,14:47:44,60.4300,69,1
2026-03-19,601318,14:47:47,60.4300,64,1
2026-03-19,601318,14:47:50,60.4300,45,1
2026-03-19,601318,14:47:53,60.4200,30,2
2026-03-19,601318,14:47:56,60.4200,208,2
2026-03-19,601318,14:47:59,60.4300,17,1
2026-03-19,601318,14:48:02,60.4200,768,2
2026-03-19,601318,14:48:05,60.4200,461,2
2026-03-19,601318,14:48:08,60.4200,167,1
2026-03-19,601318,14:48:11,60.4100,30,2
2026-03-19,601318,14:48:14,60.4200,67,1
2026-03-19,601318,14:48:17,60.4100,286,2
2026-03-19,601318,14:48:20,60.4100,138,2
2026-03-19,601318,14:48:23,60.4100,1149,2
2026-03-19,601318,14:48:26,60.4100,60,2
2026-03-19,601318,14:48:29,60.4100,107,2
2026-03-19,601318,14:48:32,60.4300,225,1
2026-03-19,601318,14:48:35,60.4200,37,2
2026-03-19,601318,14:48:38,60.4200,338,2
2026-03-19,601318,14:48:41,60.4200,921,1
2026-03-19,601318,14:48:44,60.4100,376,2
2026-03-19,601318,14:48:47,60.4200,70,2
2026-03-19,601318,14:48:50,60.4300,29,4
2026-03-19,601318,14:48:53,60.4100,147,2
2026-03-19,601318,14:48:56,60.4300,71,1
2026-03-19,601318,14:48:59,60.4100,214,2
2026-03-19,601318,14:49:02,60.4100,929,4
2026-03-19,601318,14:49:05,60.4100,101,2
2026-03-19,601318,14:49:08,60.4100,239,2
2026-03-19,601318,14:49:11,60.4200,397,1
2026-03-19,601318,14:49:14,60.4200,128,1
2026-03-19,601318,14:49:17,60.4200,584,1
2026-03-19,601318,14:49:20,60.4200,177,2
2026-03-19,601318,14:49:23,60.4200,167,1
2026-03-19,601318,14:49:26,60.4100,188,2
2026-03-19,601318,14:49:29,60.4200,375,1
2026-03-19,601318,14:49:32,60.4200,42,2
2026-03-19,601318,14:49:35,60.4300,160,1
2026-03-19,601318,14:49:38,60.4300,278,1
2026-03-19,601318,14:49:41,60.4300,68,1
2026-03-19,601318,14:49:44,60.4200,409,2
2026-03-19,601318,14:49:47,60.4300,429,1
2026-03-19,601318,14:49:50,60.4300,20,2
2026-03-19,601318,14:49:53,60.4400,81,1
2026-03-19,601318,14:49:56,60.4500,265,1
2026-03-19,601318,14:49:59,60.4400,127,2
2026-03-19,601318,14:50:02,60.4200,375,2
2026-03-19,601318,14:50:05,60.4400,106,1
2026-03-19,601318,14:50:08,60.4500,417,1
2026-03-19,601318,14:50:11,60.4300,179,2
2026-03-19,601318,14:50:14,60.4500,874,2
2026-03-19,601318,14:50:17,60.4600,37,1
2026-03-19,601318,14:50:20,60.4600,177,1
2026-03-19,601318,14:50:23,60.4600,47,1
2026-03-19,601318,14:50:26,60.4600,307,1
2026-03-19,601318,14:50:29,60.4600,79,4
2026-03-19,601318,14:50:32,60.4600,38,2
2026-03-19,601318,14:50:35,60.4600,170,2
2026-03-19,601318,14:50:38,60.4500,73,2
2026-03-19,601318,14:50:41,60.4600,163,1
2026-03-19,601318,14:50:44,60.4700,497,1
2026-03-19,601318,14:50:47,60.4800,287,1
2026-03-19,601318,14:50:50,60.4700,1163,2
2026-03-19,601318,14:50:53,60.5000,121,1
2026-03-19,601318,14:50:56,60.5000,100,1
2026-03-19,601318,14:50:59,60.5100,85,1
2026-03-19,601318,14:51:02,60.5000,364,1
2026-03-19,601318,14:51:05,60.5000,61,1
2026-03-19,601318,14:51:08,60.5000,154,1
2026-03-19,601318,14:51:11,60.5100,415,1
2026-03-19,601318,14:51:14,60.5200,253,1
2026-03-19,601318,14:51:17,60.5300,69,1
2026-03-19,601318,14:51:20,60.5300,141,1
2026-03-19,601318,14:51:23,60.5300,66,2
2026-03-19,601318,14:51:26,60.5300,201,1
2026-03-19,601318,14:51:29,60.5300,241,1
2026-03-19,601318,14:51:32,60.5300,34,2
2026-03-19,601318,14:51:35,60.5300,91,2
2026-03-19,601318,14:51:38,60.5300,190,2
2026-03-19,601318,14:51:41,60.5400,261,1
2026-03-19,601318,14:51:44,60.5300,101,2
2026-03-19,601318,14:51:47,60.5300,267,1
2026-03-19,601318,14:51:50,60.5300,51,1
2026-03-19,601318,14:51:53,60.5400,100,1
2026-03-19,601318,14:51:56,60.5400,91,4
2026-03-19,601318,14:51:59,60.5500,244,1
2026-03-19,601318,14:52:02,60.5400,364,2
2026-03-19,601318,14:52:05,60.5500,152,1
2026-03-19,601318,14:52:08,60.5500,161,1
2026-03-19,601318,14:52:11,60.5700,111,1
2026-03-19,601318,14:52:14,60.5600,193,2
2026-03-19,601318,14:52:17,60.5500,67,2
2026-03-19,601318,14:52:20,60.5700,67,1
2026-03-19,601318,14:52:23,60.5700,64,1
2026-03-19,601318,14:52:26,60.5700,49,1
2026-03-19,601318,14:52:29,60.5700,78,1
2026-03-19,601318,14:52:32,60.5700,27,1
2026-03-19,601318,14:52:35,60.5700,212,1
2026-03-19,601318,14:52:38,60.5700,35,1
2026-03-19,601318,14:52:41,60.5700,400,1
2026-03-19,601318,14:52:44,60.5700,247,1
2026-03-19,601318,14:52:47,60.5700,437,2
2026-03-19,601318,14:52:50,60.5800,54,1
2026-03-19,601318,14:52:53,60.5700,29,1
2026-03-19,601318,14:52:56,60.5700,372,1
2026-03-19,601318,14:52:59,60.6000,58,1
2026-03-19,601318,14:53:02,60.5900,180,2
2026-03-19,601318,14:53:05,60.6000,34,2
2026-03-19,601318,14:53:08,60.6000,211,2
2026-03-19,601318,14:53:11,60.6100,83,1
2026-03-19,601318,14:53:14,60.6100,135,1
2026-03-19,601318,14:53:17,60.6000,336,2
2026-03-19,601318,14:53:20,60.6000,145,1
2026-03-19,601318,14:53:23,60.6200,142,1
2026-03-19,601318,14:53:26,60.6100,179,1
2026-03-19,601318,14:53:29,60.6200,165,1
2026-03-19,601318,14:53:32,60.6100,199,2
2026-03-19,601318,14:53:35,60.6200,428,2
2026-03-19,601318,14:53:38,60.6100,76,2
2026-03-19,601318,14:53:41,60.6200,163,1
2026-03-19,601318,14:53:44,60.6100,43,2
2026-03-19,601318,14:53:47,60.6100,127,2
2026-03-19,601318,14:53:50,60.6100,59,2
2026-03-19,601318,14:53:53,60.6200,75,1
2026-03-19,601318,14:53:56,60.6200,193,1
2026-03-19,601318,14:53:59,60.6200,89,1
2026-03-19,601318,14:54:02,60.6300,832,1
2026-03-19,601318,14:54:05,60.6300,269,1
2026-03-19,601318,14:54:08,60.6300,462,2
2026-03-19,601318,14:54:11,60.6200,223,2
2026-03-19,601318,14:54:14,60.6200,362,1
2026-03-19,601318,14:54:17,60.6400,105,1
2026-03-19,601318,14:54:20,60.6300,323,2
2026-03-19,601318,14:54:23,60.6400,167,1
2026-03-19,601318,14:54:26,60.6300,169,1
2026-03-19,601318,14:54:29,60.6400,36,4
2026-03-19,601318,14:54:32,60.6400,388,1
2026-03-19,601318,14:54:35,60.6400,192,1
2026-03-19,601318,14:54:38,60.6300,40,2
2026-03-19,601318,14:54:41,60.6300,35,2
2026-03-19,601318,14:54:44,60.6300,184,2
2026-03-19,601318,14:54:47,60.6500,90,1
2026-03-19,601318,14:54:50,60.6400,277,4
2026-03-19,601318,14:54:53,60.6500,123,1
2026-03-19,601318,14:54:56,60.6600,330,1
2026-03-19,601318,14:54:59,60.6500,182,2
2026-03-19,601318,14:55:02,60.6500,802,2
2026-03-19,601318,14:55:05,60.6700,347,1
2026-03-19,601318,14:55:08,60.6600,321,2
2026-03-19,601318,14:55:11,60.6700,92,2
2026-03-19,601318,14:55:14,60.6600,265,2
2026-03-19,601318,14:55:17,60.6500,517,2
2026-03-19,601318,14:55:20,60.6600,194,1
2026-03-19,601318,14:55:23,60.6500,52,2
2026-03-19,601318,14:55:26,60.6500,93,4
2026-03-19,601318,14:55:29,60.6500,197,1
2026-03-19,601318,14:55:32,60.6300,413,2
2026-03-19,601318,14:55:35,60.6500,221,1
2026-03-19,601318,14:55:38,60.6800,264,1
2026-03-19,601318,14:55:41,60.6800,479,1
2026-03-19,601318,14:55:44,60.6800,135,4
2026-03-19,601318,14:55:47,60.6600,881,2
2026-03-19,601318,14:55:50,60.6600,289,1
2026-03-19,601318,14:55:53,60.6100,110,2
2026-03-19,601318,14:55:56,60.6600,144,2
2026-03-19,601318,14:55:59,60.6600,39,1
2026-03-19,601318,14:56:02,60.6700,197,1
2026-03-19,601318,14:56:05,60.6600,106,2
2026-03-19,601318,14:56:08,60.6500,423,2
2026-03-19,601318,14:56:11,60.6300,154,1
2026-03-19,601318,14:56:14,60.6300,49,1
2026-03-19,601318,14:56:17,60.6300,84,2
2026-03-19,601318,14:56:20,60.6500,82,1
2026-03-19,601318,14:56:23,60.6300,346,2
2026-03-19,601318,14:56:26,60.6500,81,1
2026-03-19,601318,14:56:29,60.6400,63,2
2026-03-19,601318,14:56:32,60.6500,111,1
2026-03-19,601318,14:56:35,60.6500,74,2
2026-03-19,601318,14:56:38,60.6400,49,2
2026-03-19,601318,14:56:41,60.6400,102,4
2026-03-19,601318,14:56:44,60.6800,291,1
2026-03-19,601318,14:56:47,60.6800,592,2
2026-03-19,601318,14:56:50,60.6500,241,2
2026-03-19,601318,14:56:53,60.6500,144,1
2026-03-19,601318,14:56:56,60.6800,34,1
2026-03-19,601318,14:56:59,60.6500,37,2
2026-03-19,601318,15:00:03,60.6200,7729,4
2026-03-19,601318,13:16:35,60.6900,12,1
2026-03-19,601318,13:16:38,60.6900,12,1
2026-03-19,601318,13:16:41,60.6800,29,2
2026-03-19,601318,13:16:44,60.6900,23,1
2026-03-19,601318,13:16:47,60.6900,23,2
2026-03-19,601318,13:16:50,60.6900,14,1
2026-03-19,601318,13:16:53,60.6900,6,1
2026-03-19,601318,13:16:56,60.6900,3,4
2026-03-19,601318,13:16:59,60.7000,8,1
2026-03-19,601318,13:17:02,60.7000,36,1
2026-03-19,601318,13:17:05,60.6800,5,2
2026-03-19,601318,13:17:08,60.6800,71,2
2026-03-19,601318,13:17:11,60.7000,31,1
2026-03-19,601318,13:17:14,60.6900,6,1
2026-03-19,601318,13:17:17,60.7000,7,1
2026-03-19,601318,13:17:20,60.7000,44,1
2026-03-19,601318,13:17:23,60.7000,44,1
2026-03-19,601318,13:17:26,60.7200,86,1
2026-03-19,601318,13:17:29,60.7300,233,1
2026-03-19,601318,13:17:32,60.7300,8,1
2026-03-19,601318,13:17:35,60.7300,17,1
2026-03-19,601318,13:17:38,60.7200,43,2
2026-03-19,601318,13:17:41,60.7300,49,1
2026-03-19,601318,13:17:44,60.7200,23,2
2026-03-19,601318,13:17:47,60.7300,29,1
2026-03-19,601318,13:17:50,60.7400,4,1
2026-03-19,601318,13:17:53,60.7300,3,2
2026-03-19,601318,13:17:56,60.7400,6,1
2026-03-19,601318,13:17:59,60.7300,27,2
2026-03-19,601318,13:18:02,60.7300,52,2
2026-03-19,601318,13:18:05,60.7400,18,1
2026-03-19,601318,13:18:08,60.7400,58,1
2026-03-19,601318,13:18:11,60.7500,14,1
2026-03-19,601318,13:18:14,60.7400,45,2
2026-03-19,601318,13:18:17,60.7400,38,2
2026-03-19,601318,13:18:20,60.7500,20,1
2026-03-19,601318,13:18:23,60.7500,22,1
2026-03-19,601318,13:18:26,60.7500,80,1
2026-03-19,601318,13:18:29,60.7500,22,2
2026-03-19,601318,13:18:32,60.7500,9,2
2026-03-19,601318,13:18:35,60.7500,23,2
2026-03-19,601318,13:18:38,60.7500,67,2
2026-03-19,601318,13:18:41,60.7600,8,1
2026-03-19,601318,13:18:44,60.7400,47,2
2026-03-19,601318,13:18:47,60.7600,27,2
2026-03-19,601318,13:18:50,60.7600,5,2
2026-03-19,601318,13:18:53,60.7700,29,1
2026-03-19,601318,13:18:56,60.7700,61,1
2026-03-19,601318,13:18:59,60.7700,21,1
2026-03-19,601318,13:19:02,60.7700,27,1
2026-03-19,601318,13:19:05,60.7700,6,2
2026-03-19,601318,13:19:08,60.7800,2,1
2026-03-19,601318,13:19:11,60.7800,158,1
2026-03-19,601318,13:19:14,60.7800,41,1
2026-03-19,601318,13:19:17,60.7800,12,2
2026-03-19,601318,13:19:20,60.7800,1,2
2026-03-19,601318,13:19:26,60.7900,10,1
2026-03-19,601318,13:19:29,60.7900,5,1
2026-03-19,601318,13:19:32,60.7800,216,2
2026-03-19,601318,13:19:35,60.7900,10,1
2026-03-19,601318,13:19:38,60.7800,9,2
2026-03-19,601318,13:19:41,60.7900,7,1
2026-03-19,601318,13:19:44,60.7800,27,2
2026-03-19,601318,13:19:47,60.7800,19,2
2026-03-19,601318,13:19:50,60.7800,15,2
2026-03-19,601318,13:19:53,60.7800,57,2
2026-03-19,601318,13:19:56,60.8000,31,1
2026-03-19,601318,13:19:59,60.7900,15,2
2026-03-19,601318,13:20:02,60.7900,7,2
2026-03-19,601318,13:20:05,60.7900,191,2
2026-03-19,601318,13:20:08,60.8000,11,2
2026-03-19,601318,13:20:14,60.8000,26,2
2026-03-19,601318,13:20:17,60.8100,74,1
2026-03-19,601318,13:20:20,60.8100,14,2
2026-03-19,601318,13:20:23,60.8100,2,2
2026-03-19,601318,13:20:26,60.8200,5,1
2026-03-19,601318,13:20:29,60.8100,42,2
2026-03-19,601318,13:20:32,60.8100,76,2
2026-03-19,601318,13:20:35,60.8100,2,2
2026-03-19,601318,13:20:38,60.8000,152,2
2026-03-19,601318,13:20:41,60.8100,52,4
2026-03-19,601318,13:20:44,60.8000,106,2
2026-03-19,601318,13:20:47,60.8100,21,4
2026-03-19,601318,13:20:50,60.8100,16,2
2026-03-19,601318,13:20:53,60.8000,9,2
2026-03-19,601318,13:20:56,60.8100,37,1
2026-03-19,601318,13:20:59,60.8200,99,1
2026-03-19,601318,13:21:02,60.8100,7,4
2026-03-19,601318,13:21:05,60.8100,116,2
2026-03-19,601318,13:21:08,60.8000,55,2
2026-03-19,601318,13:21:11,60.8200,60,2
2026-03-19,601318,13:21:14,60.8300,26,1
2026-03-19,601318,13:21:17,60.8200,580,2
2026-03-19,601318,13:21:20,60.8200,86,2
2026-03-19,601318,13:21:26,60.8200,13,2
2026-03-19,601318,13:21:29,60.8200,19,2
2026-03-19,601318,13:21:32,60.8300,20,1
2026-03-19,601318,13:21:35,60.8300,27,1
2026-03-19,601318,13:21:38,60.8300,14,2
2026-03-19,601318,13:21:41,60.8300,1,2
2026-03-19,601318,13:21:44,60.8400,13,1
2026-03-19,601318,13:21:47,60.8300,28,2
2026-03-19,601318,13:21:50,60.8400,25,1
2026-03-19,601318,13:21:53,60.8300,22,2
2026-03-19,601318,13:21:56,60.8300,28,2
2026-03-19,601318,13:21:59,60.8300,85,1
2026-03-19,601318,13:22:02,60.8300,9,2
2026-03-19,601318,13:22:05,60.8300,26,2
2026-03-19,601318,13:22:08,60.8300,11,2
2026-03-19,601318,13:22:11,60.8400,93,1
2026-03-19,601318,13:22:14,60.8300,15,2
2026-03-19,601318,13:22:17,60.8400,8,1
2026-03-19,601318,13:22:20,60.8400,15,1
2026-03-19,601318,13:22:23,60.8300,289,2
2026-03-19,601318,13:22:26,60.8300,177,2
2026-03-19,601318,13:22:29,60.8300,47,1
2026-03-19,601318,13:22:32,60.8300,12,1
2026-03-19,601318,13:22:35,60.8300,3,1
2026-03-19,601318,13:22:38,60.8100,156,2
2026-03-19,601318,13:22:41,60.8100,52,2
2026-03-19,601318,13:22:44,60.8200,8,4
2026-03-19,601318,13:22:47,60.8200,26,1
2026-03-19,601318,13:22:50,60.8100,15,2
2026-03-19,601318,13:22:53,60.8000,47,2
2026-03-19,601318,13:22:56,60.8100,26,1
2026-03-19,601318,13:22:59,60.8200,10,1
2026-03-19,601318,13:23:02,60.8100,18,2
2026-03-19,601318,13:23:05,60.8200,30,1
2026-03-19,601318,13:23:08,60.8100,105,2
2026-03-19,601318,13:23:11,60.8200,22,1
2026-03-19,601318,13:23:14,60.8200,41,2
2026-03-19,601318,13:23:17,60.8200,33,2
2026-03-19,601318,13:23:20,60.8200,34,1
2026-03-19,601318,13:23:23,60.8100,21,2
2026-03-19,601318,13:23:26,60.8200,2,1
2026-03-19,601318,13:23:29,60.8200,7,1
2026-03-19,601318,13:23:32,60.8100,41,2
2026-03-19,601318,13:23:35,60.8200,23,1
2026-03-19,601318,13:23:38,60.8200,22,1
2026-03-19,601318,13:23:41,60.8200,83,1
2026-03-19,601318,13:23:44,60.8200,2,2
2026-03-19,601318,13:23:47,60.8300,54,1
2026-03-19,601318,13:23:50,60.8200,17,2
2026-03-19,601318,13:23:53,60.8200,131,2
2026-03-19,601318,13:23:56,60.8300,60,1
2026-03-19,601318,13:23:59,60.8300,38,1
2026-03-19,601318,13:24:02,60.8400,5,1
2026-03-19,601318,13:24:05,60.8400,13,1
2026-03-19,601318,13:24:08,60.8300,234,2
2026-03-19,601318,13:24:11,60.8200,72,2
2026-03-19,601318,13:24:14,60.8200,48,2
2026-03-19,601318,13:24:17,60.8200,98,2
2026-03-19,601318,13:24:20,60.8200,20,2
2026-03-19,601318,13:24:23,60.8200,76,2
2026-03-19,601318,13:24:26,60.8400,35,1
2026-03-19,601318,13:24:29,60.8300,24,4
2026-03-19,601318,13:24:32,60.8300,7,2
2026-03-19,601318,13:24:35,60.8300,34,1
2026-03-19,601318,13:24:38,60.8300,87,2
2026-03-19,601318,13:24:41,60.8300,48,2
2026-03-19,601318,13:24:44,60.8300,38,2
2026-03-19,601318,13:24:47,60.8300,56,2
2026-03-19,601318,13:24:50,60.8300,38,1
2026-03-19,601318,13:24:53,60.8300,98,1
2026-03-19,601318,13:24:56,60.8300,15,4
2026-03-19,601318,13:24:59,60.8300,23,1
2026-03-19,601318,13:25:02,60.8300,104,2
2026-03-19,601318,13:25:05,60.8200,263,2
2026-03-19,601318,13:25:08,60.8400,47,1
2026-03-19,601318,13:25:11,60.8500,26,1
2026-03-19,601318,13:25:14,60.8400,14,2
2026-03-19,601318,13:25:17,60.8500,44,1
2026-03-19,601318,13:25:20,60.8500,49,1
2026-03-19,601318,13:25:23,60.8400,14,2
2026-03-19,601318,13:25:26,60.8500,18,1
2026-03-19,601318,13:25:29,60.8500,8,2
2026-03-19,601318,13:25:32,60.8400,28,2
2026-03-19,601318,13:25:35,60.8400,68,2
2026-03-19,601318,13:25:38,60.8500,18,1
2026-03-19,601318,13:25:41,60.8600,109,1
2026-03-19,601318,13:25:44,60.8400,43,2
2026-03-19,601318,13:25:47,60.8400,6,2
2026-03-19,601318,13:25:50,60.8400,95,2
2026-03-19,601318,13:25:53,60.8500,43,1
2026-03-19,601318,13:25:56,60.8400,38,4
2026-03-19,601318,13:25:59,60.8300,31,2
2026-03-19,601318,13:26:02,60.8300,10,2
2026-03-19,601318,13:26:05,60.8400,121,1
2026-03-19,601318,13:26:08,60.8400,26,2
2026-03-19,601318,13:26:11,60.8400,16,2
2026-03-19,601318,13:26:14,60.8400,34,2
2026-03-19,601318,13:26:17,60.8400,75,2
2026-03-19,601318,13:26:20,60.8400,12,2
2026-03-19,601318,13:26:23,60.8400,64,1
2026-03-19,601318,13:26:26,60.8200,27,2
2026-03-19,601318,13:26:29,60.8300,30,1
2026-03-19,601318,13:26:32,60.8300,5,1
2026-03-19,601318,13:26:35,60.8200,80,2
2026-03-19,601318,13:26:38,60.8200,30,2
2026-03-19,601318,13:26:41,60.8200,56,2
2026-03-19,601318,13:26:44,60.8200,64,2
2026-03-19,601318,13:26:47,60.8300,90,1
2026-03-19,601318,13:26:50,60.8200,86,2
2026-03-19,601318,13:26:53,60.8400,121,1
2026-03-19,601318,13:26:56,60.8300,19,2
2026-03-19,601318,13:26:59,60.8300,6,2
2026-03-19,601318,13:27:02,60.8300,42,2
2026-03-19,601318,13:27:05,60.8400,56,1
2026-03-19,601318,13:27:08,60.8300,3,2
2026-03-19,601318,13:27:11,60.8300,45,2
2026-03-19,601318,13:27:14,60.8400,64,1
2026-03-19,601318,13:27:17,60.8300,91,2
2026-03-19,601318,13:27:20,60.8500,338,1
2026-03-19,601318,13:27:23,60.8500,216,2
2026-03-19,601318,13:27:26,60.8500,6,1
2026-03-19,601318,13:27:29,60.8400,11,2
2026-03-19,601318,13:27:32,60.8300,32,2
2026-03-19,601318,13:27:35,60.8400,48,1
2026-03-19,601318,13:27:38,60.8400,23,2
2026-03-19,601318,13:27:41,60.8400,24,2
2026-03-19,601318,13:27:44,60.8400,113,2
2026-03-19,601318,13:27:47,60.8400,50,2
2026-03-19,601318,13:27:50,60.8500,11,1
2026-03-19,601318,13:27:53,60.8500,160,1
2026-03-19,601318,13:27:56,60.8600,9,1
2026-03-19,601318,13:27:59,60.8600,31,1
2026-03-19,601318,13:28:02,60.8700,626,1
2026-03-19,601318,13:28:05,60.8700,94,1
2026-03-19,601318,13:28:08,60.8600,53,2
2026-03-19,601318,13:28:11,60.8700,11,4
2026-03-19,601318,13:28:14,60.8500,156,2
2026-03-19,601318,13:28:17,60.8700,11,1
2026-03-19,601318,13:28:20,60.8500,12,2
2026-03-19,601318,13:28:23,60.8500,120,2
2026-03-19,601318,13:28:26,60.8500,137,2
2026-03-19,601318,13:28:29,60.8500,13,2
2026-03-19,601318,13:28:32,60.8300,144,2
2026-03-19,601318,13:28:35,60.8400,42,1
2026-03-19,601318,13:28:38,60.8400,4,1
2026-03-19,601318,13:28:41,60.8200,338,2
2026-03-19,601318,13:28:44,60.8000,448,2
2026-03-19,601318,13:28:47,60.7900,862,2
2026-03-19,601318,13:28:50,60.7900,55,2
2026-03-19,601318,13:28:53,60.8000,11,1
2026-03-19,601318,13:28:56,60.7900,88,2
2026-03-19,601318,13:28:59,60.7900,165,2
2026-03-19,601318,13:29:02,60.7800,184,2
2026-03-19,601318,13:29:05,60.7800,41,1
2026-03-19,601318,13:29:08,60.7800,39,1
2026-03-19,601318,13:29:11,60.7800,65,4
2026-03-19,601318,13:29:14,60.7800,34,2
2026-03-19,601318,13:29:17,60.8000,49,1
2026-03-19,601318,13:29:20,60.7900,91,2
2026-03-19,601318,13:29:23,60.7900,32,2
2026-03-19,601318,13:29:26,60.7800,59,2
2026-03-19,601318,13:29:29,60.7800,14,2
2026-03-19,601318,13:29:32,60.7800,24,2
2026-03-19,601318,13:29:35,60.7800,22,1
2026-03-19,601318,13:29:38,60.7900,7,1
2026-03-19,601318,13:29:41,60.7800,46,2
2026-03-19,601318,13:29:44,60.7800,16,1
2026-03-19,601318,13:29:47,60.7800,5,1
2026-03-19,601318,13:29:50,60.7700,15,2
2026-03-19,601318,13:29:53,60.7700,26,2
2026-03-19,601318,13:29:56,60.7800,10,1
2026-03-19,601318,13:29:59,60.7700,425,2
2026-03-19,601318,13:30:02,60.7600,63,2
2026-03-19,601318,13:30:05,60.7600,39,2
2026-03-19,601318,13:30:08,60.7500,244,2
2026-03-19,601318,13:30:11,60.7600,15,1
2026-03-19,601318,13:30:14,60.7600,42,1
2026-03-19,601318,13:30:17,60.7700,146,1
2026-03-19,601318,13:30:20,60.7800,123,1
2026-03-19,601318,13:30:23,60.7900,4,1
2026-03-19,601318,13:30:26,60.7800,37,2
2026-03-19,601318,13:30:29,60.7900,46,1
2026-03-19,601318,13:30:32,60.7700,22,2
2026-03-19,601318,13:30:35,60.7700,18,2
2026-03-19,601318,13:30:38,60.7700,233,2
2026-03-19,601318,13:30:41,60.7700,109,1
2026-03-19,601318,13:30:44,60.7600,116,2
2026-03-19,601318,13:30:47,60.7600,26,2
2026-03-19,601318,13:30:50,60.7600,18,2
2026-03-19,601318,13:30:53,60.7600,4,2
2026-03-19,601318,13:30:56,60.7600,131,2
2026-03-19,601318,13:30:59,60.7500,378,2
2026-03-19,601318,13:31:02,60.7400,8,2
2026-03-19,601318,13:31:05,60.7500,93,1
2026-03-19,601318,13:31:08,60.7400,67,2
2026-03-19,601318,13:31:11,60.7300,39,2
2026-03-19,601318,13:31:17,60.7300,26,2
2026-03-19,601318,13:31:20,60.7300,47,2
2026-03-19,601318,13:31:23,60.7400,111,1
2026-03-19,601318,13:31:26,60.7300,23,2
2026-03-19,601318,13:31:29,60.7500,36,1
2026-03-19,601318,13:31:32,60.7400,124,2
2026-03-19,601318,13:31:35,60.7400,12,1
2026-03-19,601318,13:31:38,60.7300,63,2
2026-03-19,601318,13:31:44,60.7400,29,1
2026-03-19,601318,13:31:47,60.7300,22,2
2026-03-19,601318,13:31:50,60.7300,110,2
2026-03-19,601318,13:31:53,60.7200,20,2
2026-03-19,601318,13:31:56,60.7300,46,1
2026-03-19,601318,13:31:59,60.7200,15,2
2026-03-19,601318,13:32:02,60.7300,18,1
2026-03-19,601318,13:32:05,60.7200,40,2
2026-03-19,601318,13:32:08,60.7200,32,2
2026-03-19,601318,13:32:11,60.7300,16,1
2026-03-19,601318,13:32:14,60.7200,21,2
2026-03-19,601318,13:32:17,60.7300,161,1
2026-03-19,601318,13:32:20,60.7200,266,2
2026-03-19,601318,13:32:23,60.7400,144,1
2026-03-19,601318,13:32:26,60.7900,167,1
2026-03-19,601318,13:32:29,60.7700,123,2
2026-03-19,601318,13:32:32,60.7400,12,2
2026-03-19,601318,13:32:35,60.7600,10,1
2026-03-19,601318,13:32:38,60.7400,1,2
2026-03-19,601318,13:32:41,60.7500,8,2
2026-03-19,601318,13:32:44,60.7500,22,1
2026-03-19,601318,13:32:47,60.7500,16,1
2026-03-19,601318,13:32:50,60.7500,18,1
2026-03-19,601318,13:32:53,60.7400,29,2
2026-03-19,601318,13:32:56,60.7700,264,1
2026-03-19,601318,13:32:59,60.7400,7,2
2026-03-19,601318,13:33:02,60.7400,52,2
2026-03-19,601318,13:33:05,60.7500,6,1
2026-03-19,601318,13:33:08,60.7500,32,2
2026-03-19,601318,13:33:11,60.7500,10,1
2026-03-19,601318,13:33:14,60.7500,81,2
2026-03-19,601318,13:33:17,60.7400,41,2
2026-03-19,601318,13:33:20,60.7500,32,1
2026-03-19,601318,13:33:23,60.7500,124,1
2026-03-19,601318,13:33:26,60.7300,133,2
2026-03-19,601318,13:33:29,60.7400,22,4
2026-03-19,601318,13:33:32,60.7500,83,1
2026-03-19,601318,13:33:35,60.7300,7,2
2026-03-19,601318,13:33:38,60.7400,13,2
2026-03-19,601318,13:33:41,60.7300,98,2
2026-03-19,601318,13:33:44,60.7300,27,2
2026-03-19,601318,13:33:47,60.7400,25,1
2026-03-19,601318,13:33:50,60.7400,32,1
2026-03-19,601318,13:33:53,60.7500,57,1
2026-03-19,601318,13:33:56,60.7500,67,1
2026-03-19,601318,13:33:59,60.7300,29,2
2026-03-19,601318,13:34:02,60.7400,42,1
2026-03-19,601318,13:34:05,60.7400,6,1
2026-03-19,601318,13:34:08,60.7400,37,1
2026-03-19,601318,13:34:11,60.7400,4,1
2026-03-19,601318,13:34:14,60.7300,13,2
2026-03-19,601318,13:34:17,60.7400,328,1
2026-03-19,601318,13:34:20,60.7200,385,2
2026-03-19,601318,13:34:23,60.7200,25,2
2026-03-19,601318,13:34:26,60.7200,99,2
2026-03-19,601318,13:34:29,60.7300,301,1
2026-03-19,601318,13:34:32,60.7100,218,2
2026-03-19,601318,13:34:35,60.7200,6,1
2026-03-19,601318,13:34:38,60.7100,443,2
2026-03-19,601318,13:34:41,60.7100,40,2
2026-03-19,601318,13:34:44,60.7100,21,2
2026-03-19,601318,13:34:47,60.7200,137,1
2026-03-19,601318,13:34:50,60.7100,2,2
2026-03-19,601318,13:34:53,60.7200,39,1
2026-03-19,601318,13:34:56,60.7100,4,2
2026-03-19,601318,13:34:59,60.7100,50,2
2026-03-19,601318,13:35:02,60.7100,22,2
2026-03-19,601318,13:35:05,60.7100,98,2
2026-03-19,601318,13:35:08,60.7200,17,1
2026-03-19,601318,13:35:11,60.7100,49,2
2026-03-19,601318,13:35:14,60.7200,16,1
2026-03-19,601318,13:35:17,60.7100,12,2
2026-03-19,601318,13:35:20,60.7200,24,1
2026-03-19,601318,13:35:23,60.7000,510,2
2026-03-19,601318,13:35:26,60.6900,565,2
2026-03-19,601318,13:35:29,60.6900,118,2
2026-03-19,601318,13:35:32,60.6900,36,2
2026-03-19,601318,13:35:35,60.6800,296,2
2026-03-19,601318,13:35:38,60.6800,46,2
2026-03-19,601318,13:35:41,60.6700,221,2
2026-03-19,601318,13:35:44,60.6800,146,1
2026-03-19,601318,13:35:47,60.6700,38,2
2026-03-19,601318,13:35:53,60.6800,39,1
2026-03-19,601318,13:35:56,60.6700,75,2
2026-03-19,601318,13:35:59,60.6700,134,2
2026-03-19,601318,13:36:02,60.6800,24,4
2026-03-19,601318,13:36:05,60.6800,19,2
2026-03-19,601318,13:36:08,60.6800,1,2
2026-03-19,601318,13:36:11,60.6800,25,2
2026-03-19,601318,13:36:14,60.6900,86,1
2026-03-19,601318,13:36:17,60.6800,18,2
2026-03-19,601318,13:36:20,60.6800,52,2
2026-03-19,601318,13:36:23,60.6800,23,2
2026-03-19,601318,13:36:26,60.6900,38,1
2026-03-19,601318,13:36:29,60.6800,112,2
2026-03-19,601318,13:36:32,60.6800,60,1
2026-03-19,601318,13:36:35,60.6900,191,1
2026-03-19,601318,13:36:38,60.6900,46,1
2026-03-19,601318,13:36:41,60.6800,21,2
2026-03-19,601318,13:36:44,60.6800,70,2
2026-03-19,601318,13:36:47,60.6800,8,2
2026-03-19,601318,13:36:50,60.6900,68,1
2026-03-19,601318,13:36:53,60.6800,24,2
2026-03-19,601318,13:36:56,60.6700,379,2
2026-03-19,601318,13:36:59,60.6800,167,1
2026-03-19,601318,13:37:02,60.6700,41,4
2026-03-19,601318,13:37:05,60.6800,354,1
2026-03-19,601318,13:37:08,60.6700,811,4
2026-03-19,601318,13:37:11,60.6800,98,4
2026-03-19,601318,13:37:14,60.6600,450,2
2026-03-19,601318,13:37:17,60.6400,25,2
2026-03-19,601318,13:37:20,60.6400,92,2
2026-03-19,601318,13:37:23,60.6500,172,2
2026-03-19,601318,13:37:26,60.6400,5,2
2026-03-19,601318,13:37:29,60.6600,17,4
2026-03-19,601318,13:37:32,60.6500,13,2
2026-03-19,601318,13:37:35,60.6500,148,2
2026-03-19,601318,13:37:38,60.6600,26,1
2026-03-19,601318,13:37:41,60.6600,249,1
2026-03-19,601318,13:37:44,60.7000,169,1
2026-03-19,601318,13:37:47,60.6600,5,2
2026-03-19,601318,13:37:50,60.7000,58,1
2026-03-19,601318,13:37:53,60.6600,44,2
2026-03-19,601318,13:37:56,60.6800,12,2
2026-03-19,601318,13:37:59,60.6800,6,1
2026-03-19,601318,13:38:02,60.6600,37,2
2026-03-19,601318,13:38:05,60.6700,17,1
2026-03-19,601318,13:38:11,60.6800,664,1
2026-03-19,601318,13:38:14,60.6700,26,1
2026-03-19,601318,13:38:17,60.6600,24,2
2026-03-19,601318,13:38:20,60.6700,12,1
2026-03-19,601318,13:38:23,60.6600,68,2
2026-03-19,601318,13:38:26,60.6500,103,2
2026-03-19,601318,13:38:29,60.6700,29,1
2026-03-19,601318,13:38:32,60.6700,59,1
2026-03-19,601318,13:38:35,60.6600,90,4
2026-03-19,601318,13:38:38,60.6500,77,2
2026-03-19,601318,13:38:41,60.6500,37,2
2026-03-19,601318,13:38:44,60.6600,30,1
2026-03-19,601318,13:38:47,60.6600,32,2
2026-03-19,601318,13:38:50,60.6600,14,2
2026-03-19,601318,13:38:53,60.6600,22,2
2026-03-19,601318,13:38:56,60.6600,54,2
2026-03-19,601318,13:38:59,60.6500,88,2
2026-03-19,601318,13:39:02,60.6600,33,4
2026-03-19,601318,13:39:05,60.6600,3,4
2026-03-19,601318,13:39:08,60.6500,13,2
2026-03-19,601318,13:39:11,60.6700,84,1
2026-03-19,601318,13:39:14,60.6600,20,4
2026-03-19,601318,13:39:17,60.6600,7,2
2026-03-19,601318,13:39:20,60.6600,33,2
2026-03-19,601318,13:39:23,60.6600,259,2
2026-03-19,601318,13:39:26,60.6500,46,2
2026-03-19,601318,13:39:29,60.6500,3,2
2026-03-19,601318,13:39:32,60.6600,23,1
2026-03-19,601318,13:39:35,60.6600,8,1
2026-03-19,601318,13:39:38,60.6600,20,1
2026-03-19,601318,13:39:41,60.6600,68,1
2026-03-19,601318,13:39:44,60.6500,20,2
2026-03-19,601318,13:39:47,60.6700,1,1
2026-03-19,601318,13:39:50,60.6600,121,2
2026-03-19,601318,13:39:53,60.6700,43,4
2026-03-19,601318,13:39:56,60.6700,38,2
2026-03-19,601318,13:39:59,60.6700,40,2
2026-03-19,601318,13:40:02,60.6700,65,1
2026-03-19,601318,13:40:05,60.6600,8,2
2026-03-19,601318,13:40:08,60.6700,29,4
2026-03-19,601318,13:40:11,60.6700,44,1
2026-03-19,601318,13:40:14,60.6600,34,2
2026-03-19,601318,13:40:17,60.6700,18,1
2026-03-19,601318,13:40:20,60.6700,168,1
2026-03-19,601318,13:40:23,60.6500,5,2
2026-03-19,601318,13:40:26,60.6500,134,2
2026-03-19,601318,13:40:29,60.6500,6,2
2026-03-19,601318,13:40:32,60.6400,145,2
2026-03-19,601318,13:40:35,60.6500,60,1
2026-03-19,601318,13:40:38,60.6500,14,1
2026-03-19,601318,13:40:41,60.6400,16,2
2026-03-19,601318,13:40:44,60.6500,534,1
2026-03-19,601318,13:40:47,60.6400,18,4
2026-03-19,601318,13:40:50,60.6400,59,1
2026-03-19,601318,13:40:53,60.6300,570,2
2026-03-19,601318,13:40:56,60.6400,30,1
2026-03-19,601318,13:40:59,60.6400,463,1
2026-03-19,601318,13:41:02,60.6400,23,2
2026-03-19,601318,13:41:05,60.6500,2107,1
2026-03-19,601318,13:41:08,60.6100,29,2
2026-03-19,601318,13:41:11,60.6100,25,1
2026-03-19,601318,13:41:14,60.6300,238,1
2026-03-19,601318,13:41:17,60.6100,77,2
2026-03-19,601318,13:41:20,60.6100,94,1
2026-03-19,601318,13:41:23,60.6100,45,1
2026-03-19,601318,13:41:26,60.6100,52,2
2026-03-19,601318,13:41:29,60.6200,32,1
2026-03-19,601318,13:41:32,60.6100,120,2
2026-03-19,601318,13:41:35,60.6100,482,1
2026-03-19,601318,13:41:38,60.6100,122,2
2026-03-19,601318,13:41:41,60.6100,38,2
2026-03-19,601318,13:41:44,60.6100,70,2
2026-03-19,601318,13:41:47,60.6000,196,2
2026-03-19,601318,13:41:50,60.6100,239,1
2026-03-19,601318,13:41:53,60.6000,233,2
2026-03-19,601318,13:41:56,60.6100,148,1
2026-03-19,601318,13:41:59,60.6100,128,1
2026-03-19,601318,13:42:02,60.6000,126,2
2026-03-19,601318,13:42:05,60.6000,121,2
2026-03-19,601318,13:42:08,60.6100,287,1
2026-03-19,601318,13:42:11,60.6000,247,2
2026-03-19,601318,13:42:14,60.6300,86,1
2026-03-19,601318,13:42:17,60.6300,140,1
2026-03-19,601318,13:42:20,60.6300,55,1
2026-03-19,601318,13:42:23,60.6300,27,2
2026-03-19,601318,13:42:26,60.6400,22,1
2026-03-19,601318,13:42:29,60.6500,18,1
2026-03-19,601318,13:42:32,60.6400,11,2
2026-03-19,601318,13:42:35,60.6500,79,1
2026-03-19,601318,13:42:38,60.6500,25,1
2026-03-19,601318,13:42:41,60.6400,41,2
2026-03-19,601318,13:42:44,60.6500,66,1
2026-03-19,601318,13:42:47,60.6500,64,1
2026-03-19,601318,13:42:50,60.6500,81,4
2026-03-19,601318,13:42:53,60.6500,16,2
2026-03-19,601318,13:42:56,60.6800,66,1
2026-03-19,601318,13:42:59,60.6600,9,2
2026-03-19,601318,13:43:02,60.6500,11,2
2026-03-19,601318,13:43:05,60.6500,19,2
2026-03-19,601318,13:43:08,60.6600,69,1
2026-03-19,601318,13:43:11,60.6600,13,4
2026-03-19,601318,13:43:14,60.6500,66,2
2026-03-19,601318,13:43:17,60.6700,70,1
2026-03-19,601318,13:43:20,60.6700,39,2
2026-03-19,601318,13:43:23,60.6600,7,2
2026-03-19,601318,13:43:26,60.6600,9,1
2026-03-19,601318,13:43:29,60.6600,9,2
2026-03-19,601318,13:43:32,60.6700,59,1
2026-03-19,601318,13:43:35,60.6700,8,1
2026-03-19,601318,13:43:38,60.6700,5,1
2026-03-19,601318,13:43:41,60.6700,5,1
2026-03-19,601318,13:43:44,60.6700,77,1
2026-03-19,601318,13:43:47,60.6500,438,2
2026-03-19,601318,13:43:50,60.6600,114,4
2026-03-19,601318,13:43:53,60.6500,262,2
2026-03-19,601318,13:43:56,60.6400,49,2
2026-03-19,601318,13:43:59,60.6400,81,2
2026-03-19,601318,13:44:02,60.6200,123,2
2026-03-19,601318,13:44:05,60.6500,16,1
2026-03-19,601318,13:44:08,60.6200,107,2
2026-03-19,601318,13:44:11,60.6300,92,2
2026-03-19,601318,13:44:14,60.6100,180,2
2026-03-19,601318,13:44:17,60.6100,120,2
2026-03-19,601318,13:44:20,60.6100,150,2
2026-03-19,601318,13:44:23,60.6100,13,1
2026-03-19,601318,13:44:26,60.6100,447,1
2026-03-19,601318,13:44:29,60.6200,35,1
2026-03-19,601318,13:44:32,60.6100,384,2
2026-03-19,601318,13:44:35,60.6100,25,2
2026-03-19,601318,13:44:38,60.6100,35,1
2026-03-19,601318,13:44:41,60.6000,19,2
2026-03-19,601318,13:44:44,60.6100,81,1
2026-03-19,601318,13:44:47,60.6100,14,1
2026-03-19,601318,13:44:50,60.6100,35,2
2026-03-19,601318,13:44:53,60.6100,7,2
2026-03-19,601318,13:44:56,60.6100,9,2
2026-03-19,601318,13:44:59,60.6200,81,1
2026-03-19,601318,13:45:02,60.6200,11,1
2026-03-19,601318,13:45:05,60.6100,13,2
2026-03-19,601318,13:45:08,60.6100,13,2
2026-03-19,601318,13:45:11,60.6100,116,2
2026-03-19,601318,13:45:14,60.6100,360,2
2026-03-19,601318,13:45:17,60.6200,33,1
2026-03-19,601318,13:45:20,60.6200,54,1
2026-03-19,601318,13:45:23,60.6200,570,4
2026-03-19,601318,13:45:26,60.6100,169,2
2026-03-19,601318,13:45:29,60.6100,29,2
2026-03-19,601318,13:45:32,60.6100,48,2
2026-03-19,601318,13:45:35,60.6100,18,2
2026-03-19,601318,13:45:38,60.6300,23,1
2026-03-19,601318,13:45:41,60.6100,15,2
2026-03-19,601318,13:45:44,60.6200,23,4
2026-03-19,601318,13:45:47,60.6200,36,2
2026-03-19,601318,13:45:50,60.6300,13,1
2026-03-19,601318,13:45:53,60.6200,21,2
2026-03-19,601318,13:45:56,60.6300,58,1
2026-03-19,601318,13:45:59,60.6200,13,2
2026-03-19,601318,13:46:02,60.6200,3,2
2026-03-19,601318,13:46:05,60.6300,16,1
2026-03-19,601318,13:46:08,60.6300,172,1
2026-03-19,601318,13:46:11,60.6200,31,2
2026-03-19,601318,13:46:14,60.6100,26,2
2026-03-19,601318,13:46:17,60.6300,9,1
2026-03-19,601318,13:46:20,60.6200,142,2
2026-03-19,601318,13:46:23,60.6200,64,2
2026-03-19,601318,13:46:26,60.6200,10,4
2026-03-19,601318,13:46:29,60.6100,34,2
2026-03-19,601318,13:46:32,60.6100,49,2
2026-03-19,601318,13:46:35,60.6200,41,1
2026-03-19,601318,13:46:38,60.6200,40,1
2026-03-19,601318,13:46:41,60.6100,93,2
2026-03-19,601318,13:46:44,60.6200,55,1
2026-03-19,601318,13:46:47,60.6200,43,1
2026-03-19,601318,13:46:50,60.6100,42,2
2026-03-19,601318,13:46:53,60.6200,43,1
2026-03-19,601318,13:46:56,60.6200,36,1
2026-03-19,601318,13:46:59,60.6100,14,2
2026-03-19,601318,13:47:02,60.6200,22,1
2026-03-19,601318,13:47:05,60.6300,458,1
2026-03-19,601318,13:47:08,60.6200,11,2
2026-03-19,601318,13:47:11,60.6200,64,2
2026-03-19,601318,13:47:14,60.6100,655,2
2026-03-19,601318,13:47:17,60.6200,65,1
2026-03-19,601318,13:47:20,60.6200,126,1
2026-03-19,601318,13:47:23,60.6100,126,2
2026-03-19,601318,13:47:26,60.6200,337,1
2026-03-19,601318,13:47:29,60.6100,21,2
2026-03-19,601318,13:47:32,60.6000,1467,2
2026-03-19,601318,13:47:35,60.6100,47,1
2026-03-19,601318,13:47:38,60.6000,359,2
2026-03-19,601318,13:47:41,60.6100,454,1
2026-03-19,601318,13:47:44,60.6000,35,2
2026-03-19,601318,13:47:47,60.6000,297,1
2026-03-19,601318,13:47:50,60.5900,32,2
2026-03-19,601318,13:47:53,60.5900,326,2
2026-03-19,601318,13:47:56,60.5900,38,1
2026-03-19,601318,13:47:59,60.5900,11,1
2026-03-19,601318,13:48:02,60.5800,234,2
2026-03-19,601318,13:48:05,60.5900,19,4
2026-03-19,601318,13:48:08,60.6000,79,1
2026-03-19,601318,13:48:11,60.6100,2,1
2026-03-19,601318,13:48:14,60.6100,49,1
2026-03-19,601318,13:48:17,60.6100,10,1
2026-03-19,601318,13:48:20,60.6100,11,1
2026-03-19,601318,13:48:23,60.6100,193,2
2026-03-19,601318,13:48:26,60.6100,76,1
2026-03-19,601318,13:48:29,60.6100,317,2
2026-03-19,601318,13:48:32,60.6000,296,2
2026-03-19,601318,13:48:35,60.6000,311,1
2026-03-19,601318,13:48:38,60.5800,357,2
2026-03-19,601318,13:48:41,60.6000,43,2
2026-03-19,601318,13:48:44,60.6000,318,2
2026-03-19,601318,13:48:47,60.6000,7,2
2026-03-19,601318,13:48:50,60.5800,335,2
2026-03-19,601318,13:48:53,60.5800,252,2
2026-03-19,601318,13:48:56,60.5800,96,1
2026-03-19,601318,13:48:59,60.6000,38,1
2026-03-19,601318,13:49:02,60.6000,11,1
2026-03-19,601318,13:49:05,60.5900,28,4
2026-03-19,601318,13:49:08,60.5900,48,1
2026-03-19,601318,13:49:11,60.5800,170,2
2026-03-19,601318,13:49:14,60.5900,42,1
2026-03-19,601318,13:49:17,60.5900,17,1
2026-03-19,601318,13:49:20,60.5800,28,2
2026-03-19,601318,13:49:23,60.5900,33,1
2026-03-19,601318,13:49:26,60.5800,26,2
2026-03-19,601318,13:49:29,60.5800,214,2
2026-03-19,601318,13:49:32,60.5800,29,1
2026-03-19,601318,13:49:35,60.5700,32,2
2026-03-19,601318,13:49:38,60.5800,60,1
2026-03-19,601318,13:49:41,60.5800,24,1
2026-03-19,601318,13:49:44,60.5600,385,2
2026-03-19,601318,13:49:47,60.5600,752,2
2026-03-19,601318,13:49:50,60.5700,56,1
2026-03-19,601318,13:49:53,60.5500,34,2
2026-03-19,601318,13:49:56,60.5600,22,1
2026-03-19,601318,13:49:59,60.5600,15,1
2026-03-19,601318,13:50:02,60.5500,360,2
2026-03-19,601318,13:50:05,60.5500,332,2
2026-03-19,601318,13:50:08,60.5500,354,2
2026-03-19,601318,13:50:11,60.5400,58,2
2026-03-19,601318,13:50:14,60.5500,30,1
2026-03-19,601318,13:50:17,60.5400,186,2
2026-03-19,601318,13:50:20,60.5300,32,2
2026-03-19,601318,13:50:23,60.5400,80,4
2026-03-19,601318,13:50:26,60.5400,47,2
2026-03-19,601318,13:50:29,60.5400,147,1
2026-03-19,601318,13:50:32,60.5500,103,1
2026-03-19,601318,13:50:35,60.5600,407,1
2026-03-19,601318,13:50:38,60.5800,91,1
2026-03-19,601318,13:50:41,60.5600,427,2
2026-03-19,601318,13:50:44,60.6000,140,1
2026-03-19,601318,13:50:47,60.6000,42,1
2026-03-19,601318,13:50:50,60.6000,59,2
2026-03-19,601318,13:50:53,60.6000,31,2
2026-03-19,601318,13:50:56,60.6000,30,1
2026-03-19,601318,13:50:59,60.6200,78,1
2026-03-19,601318,13:51:02,60.6200,27,1
2026-03-19,601318,13:51:05,60.6200,67,2
2026-03-19,601318,13:51:08,60.6400,72,1
2026-03-19,601318,13:51:11,60.6500,95,1
2026-03-19,601318,13:51:14,60.6300,73,2
2026-03-19,601318,13:51:17,60.6700,20,1
2026-03-19,601318,13:51:20,60.6600,80,1
2026-03-19,601318,13:51:23,60.6600,13,1
2026-03-19,601318,13:51:26,60.6700,17,1
2026-03-19,601318,13:51:29,60.6700,5,4
2026-03-19,601318,13:51:32,60.6800,42,1
2026-03-19,601318,13:51:35,60.6700,40,2
2026-03-19,601318,13:51:38,60.6900,95,1
2026-03-19,601318,13:51:41,60.7100,45,1
2026-03-19,601318,13:51:44,60.7500,32,1
2026-03-19,601318,13:51:47,60.7400,2,1
2026-03-19,601318,13:51:50,60.7400,11,1
2026-03-19,601318,13:51:53,60.7400,3,1
2026-03-19,601318,13:51:56,60.7400,59,1
2026-03-19,601318,13:51:59,60.7400,20,2
2026-03-19,601318,13:52:02,60.7200,229,2
2026-03-19,601318,13:52:05,60.7000,86,2
2026-03-19,601318,13:52:08,60.6800,58,2
2026-03-19,601318,13:52:11,60.6900,24,1
2026-03-19,601318,13:52:14,60.6900,501,1
2026-03-19,601318,13:52:17,60.6900,172,1
2026-03-19,601318,13:52:20,60.7000,56,4
2026-03-19,601318,13:52:23,60.7200,28,1
2026-03-19,601318,13:52:26,60.7200,61,1
2026-03-19,601318,13:52:29,60.7100,15,2
2026-03-19,601318,13:52:32,60.7200,73,1
2026-03-19,601318,13:52:35,60.7100,146,2
2026-03-19,601318,13:52:38,60.7000,150,2
2026-03-19,601318,13:52:41,60.7100,49,1
2026-03-19,601318,13:52:44,60.7000,41,2
2026-03-19,601318,13:52:47,60.7000,6,2
2026-03-19,601318,13:52:50,60.7100,27,1
2026-03-19,601318,13:52:53,60.7100,67,1
2026-03-19,601318,13:52:56,60.7000,139,2
2026-03-19,601318,13:52:59,60.6800,135,2
2026-03-19,601318,13:53:02,60.6900,9,2
2026-03-19,601318,13:53:05,60.6800,42,2
2026-03-19,601318,13:53:08,60.6900,53,1
2026-03-19,601318,13:53:11,60.7100,101,1
2026-03-19,601318,13:53:14,60.7300,427,1
2026-03-19,601318,13:53:17,60.7400,170,1
2026-03-19,601318,13:53:20,60.7400,133,2
2026-03-19,601318,13:53:23,60.7500,28,1
2026-03-19,601318,13:53:26,60.7500,48,4
2026-03-19,601318,13:53:29,60.7600,1,4
2026-03-19,601318,13:53:32,60.7600,183,1
2026-03-19,601318,13:53:35,60.7700,85,1
2026-03-19,601318,13:53:38,60.7800,126,1
2026-03-19,601318,13:53:41,60.8000,93,1
2026-03-19,601318,13:53:44,60.7900,50,2
2026-03-19,601318,13:53:47,60.8000,59,1
2026-03-19,601318,13:53:50,60.8000,30,1
2026-03-19,601318,13:53:53,60.8000,58,1
2026-03-19,601318,13:53:56,60.7900,30,2
2026-03-19,601318,13:53:59,60.7900,165,2
2026-03-19,601318,13:54:02,60.8000,64,1
2026-03-19,601318,13:54:05,60.8000,138,1
2026-03-19,601318,13:54:08,60.8000,77,1
2026-03-19,601318,13:54:11,60.8000,62,1
2026-03-19,601318,13:54:14,60.8000,64,1
2026-03-19,601318,13:54:17,60.8000,196,1
2026-03-19,601318,13:54:20,60.7900,41,2
2026-03-19,601318,13:54:23,60.8000,68,1
2026-03-19,601318,13:54:26,60.8000,115,1
2026-03-19,601318,13:54:29,60.7600,541,2
2026-03-19,601318,13:54:32,60.7600,4,2
2026-03-19,601318,13:54:35,60.7700,8,1
2026-03-19,601318,13:54:38,60.7700,152,1
2026-03-19,601318,13:54:41,60.7600,30,2
2026-03-19,601318,13:54:47,60.7800,141,1
2026-03-19,601318,13:54:50,60.7900,48,4
2026-03-19,601318,13:54:53,60.7800,71,2
2026-03-19,601318,13:54:56,60.8000,131,1
2026-03-19,601318,13:54:59,60.7900,18,1
2026-03-19,601318,13:55:02,60.7800,69,2
2026-03-19,601318,13:55:05,60.7900,19,1
2026-03-19,601318,13:55:08,60.7900,28,4
2026-03-19,601318,13:55:11,60.7900,57,2
2026-03-19,601318,13:55:14,60.7900,74,2
2026-03-19,601318,13:55:17,60.7900,15,1
2026-03-19,601318,13:55:20,60.7800,241,2
2026-03-19,601318,13:55:23,60.7600,85,2
2026-03-19,601318,13:55:26,60.7600,9,2
2026-03-19,601318,13:55:29,60.7600,114,2
2026-03-19,601318,13:55:32,60.7600,14,2
2026-03-19,601318,13:55:35,60.7700,53,1
2026-03-19,601318,13:55:38,60.7600,25,2
2026-03-19,601318,13:55:41,60.7800,180,1
2026-03-19,601318,13:55:44,60.7900,15,1
2026-03-19,601318,13:55:47,60.7800,87,2
2026-03-19,601318,13:55:50,60.7900,383,1
2026-03-19,601318,13:55:53,60.7800,359,2
2026-03-19,601318,13:55:56,60.7900,169,1
2026-03-19,601318,13:55:59,60.7900,326,2
2026-03-19,601318,13:56:02,60.7900,312,1
2026-03-19,601318,13:56:05,60.7900,142,1
2026-03-19,601318,13:56:08,60.7800,364,2
2026-03-19,601318,13:56:11,60.7800,171,2
2026-03-19,601318,13:56:14,60.7800,270,2
2026-03-19,601318,13:56:17,60.7800,138,1
2026-03-19,601318,13:56:20,60.7500,63,2
2026-03-19,601318,13:56:23,60.7400,200,2
2026-03-19,601318,13:56:26,60.7500,84,1
2026-03-19,601318,13:56:29,60.7500,359,1
2026-03-19,601318,13:56:32,60.7400,43,1
2026-03-19,601318,13:56:35,60.7500,70,1
2026-03-19,601318,13:56:38,60.7600,101,1
2026-03-19,601318,13:56:41,60.7500,121,2
2026-03-19,601318,13:56:44,60.7600,28,4
2026-03-19,601318,13:56:47,60.7300,134,2
2026-03-19,601318,13:56:50,60.7500,11,4
2026-03-19,601318,13:56:53,60.7500,31,1
2026-03-19,601318,13:56:56,60.7300,8,2
2026-03-19,601318,13:56:59,60.7400,39,1
2026-03-19,601318,13:57:02,60.7400,151,1
2026-03-19,601318,13:57:05,60.7500,56,1
2026-03-19,601318,13:57:08,60.7400,109,2
2026-03-19,601318,13:57:11,60.7400,47,2
2026-03-19,601318,13:57:14,60.7400,6,2
2026-03-19,601318,13:57:17,60.7400,21,2
2026-03-19,601318,13:57:20,60.7400,66,2
2026-03-19,601318,13:57:23,60.7200,209,2
2026-03-19,601318,13:57:26,60.7200,18,2
2026-03-19,601318,13:57:29,60.7200,4,1
2026-03-19,601318,13:57:32,60.7200,4,4
2026-03-19,601318,13:57:35,60.7200,39,1
2026-03-19,601318,13:57:38,60.7100,40,2
2026-03-19,601318,13:57:41,60.7200,26,1
2026-03-19,601318,13:57:44,60.7200,57,1
2026-03-19,601318,13:57:47,60.7200,18,2
2026-03-19,601318,13:57:50,60.7300,65,1
2026-03-19,601318,13:57:53,60.7200,7,2
2026-03-19,601318,13:57:56,60.7200,41,2
2026-03-19,601318,13:57:59,60.7300,3,1
2026-03-19,601318,13:58:02,60.7300,230,1
2026-03-19,601318,13:58:05,60.7500,38,1
2026-03-19,601318,13:58:08,60.7500,46,1
2026-03-19,601318,13:58:11,60.7500,31,1
2026-03-19,601318,13:58:14,60.7500,1,2
2026-03-19,601318,13:58:17,60.7300,252,2
2026-03-19,601318,13:58:20,60.7500,22,1
2026-03-19,601318,13:58:23,60.7500,20,2
2026-03-19,601318,13:58:26,60.7500,17,1
2026-03-19,601318,13:58:29,60.7500,43,1
2026-03-19,601318,13:58:32,60.7400,174,2
2026-03-19,601318,13:58:35,60.7600,16,2
2026-03-19,601318,13:58:38,60.7700,37,1
2026-03-19,601318,13:58:41,60.7700,11,1
2026-03-19,601318,13:58:44,60.7700,30,1
2026-03-19,601318,13:58:47,60.7700,829,1
2026-03-19,601318,13:58:50,60.7900,12,1
2026-03-19,601318,13:58:53,60.7900,20,1
2026-03-19,601318,13:58:56,60.7800,36,2
2026-03-19,601318,13:58:59,60.7900,41,1
2026-03-19,601318,13:59:02,60.7900,63,1
2026-03-19,601318,13:59:05,60.7900,14,2
2026-03-19,601318,13:59:08,60.8000,31,1
2026-03-19,601318,13:59:11,60.8000,11,1
2026-03-19,601318,13:59:14,60.7900,37,2
2026-03-19,601318,13:59:17,60.8000,9,1
2026-03-19,601318,13:59:20,60.7900,8,2
2026-03-19,601318,13:59:23,60.7900,45,2
2026-03-19,601318,13:59:26,60.8000,8,1
2026-03-19,601318,13:59:29,60.8000,69,1
2026-03-19,601318,13:59:32,60.7900,57,2
2026-03-19,601318,13:59:35,60.7900,44,2
2026-03-19,601318,13:59:38,60.8000,9,1
2026-03-19,601318,13:59:41,60.7900,107,2
2026-03-19,601318,13:59:44,60.7900,66,2
2026-03-19,601318,13:59:47,60.7900,203,1
2026-03-19,601318,13:59:50,60.7800,18,2
2026-03-19,601318,13:59:53,60.7900,23,1
2026-03-19,601318,13:59:56,60.7900,13,1
2026-03-19,601318,13:59:59,60.7700,29,2
2026-03-19,601318,14:00:02,60.7600,146,2
2026-03-19,601318,14:00:05,60.7500,153,2
2026-03-19,601318,14:00:08,60.7400,106,2
2026-03-19,601318,14:00:11,60.7200,211,2
2026-03-19,601318,14:00:14,60.7200,67,2
2026-03-19,601318,14:00:17,60.7100,103,2
2026-03-19,601318,14:00:20,60.7100,59,2
2026-03-19,601318,14:00:23,60.7000,98,2
2026-03-19,601318,14:00:26,60.7100,380,1
2026-03-19,601318,14:00:29,60.7100,135,1
2026-03-19,601318,14:00:32,60.7000,66,2
2026-03-19,601318,14:00:35,60.7000,77,1
2026-03-19,601318,14:00:38,60.7100,15,1
2026-03-19,601318,14:00:41,60.7000,39,2
2026-03-19,601318,14:00:44,60.7000,20,1
2026-03-19,601318,14:00:47,60.7000,30,1
2026-03-19,601318,14:00:50,60.7100,10,1
2026-03-19,601318,14:00:53,60.7100,54,1
2026-03-19,601318,14:00:56,60.7200,35,1
2026-03-19,601318,14:00:59,60.7100,53,2
2026-03-19,601318,14:01:02,60.7100,56,1
2026-03-19,601318,14:01:05,60.7100,49,1
2026-03-19,601318,14:01:08,60.7200,48,1
2026-03-19,601318,14:01:11,60.7100,54,2
2026-03-19,601318,14:01:14,60.7200,67,1
2026-03-19,601318,14:01:17,60.7200,43,1
2026-03-19,601318,14:01:20,60.7200,19,2
2026-03-19,601318,14:01:23,60.7200,48,2
2026-03-19,601318,14:01:26,60.7200,25,2
2026-03-19,601318,14:01:29,60.7200,17,1
2026-03-19,601318,14:01:32,60.7200,7,1
2026-03-19,601318,14:01:35,60.7100,32,2
2026-03-19,601318,14:01:38,60.7200,186,1
2026-03-19,601318,14:01:41,60.7200,70,1
2026-03-19,601318,14:01:44,60.7200,25,1
2026-03-19,601318,14:01:47,60.7200,13,2
2026-03-19,601318,14:01:50,60.7300,10,1
2026-03-19,601318,14:01:53,60.7200,39,2
2026-03-19,601318,14:01:56,60.7300,26,1
2026-03-19,601318,14:01:59,60.7300,83,2
2026-03-19,601318,14:02:02,60.7500,25,1
2026-03-19,601318,14:02:05,60.7400,20,2
2026-03-19,601318,14:02:08,60.7400,62,1
2026-03-19,601318,14:02:11,60.7300,18,2
2026-03-19,601318,14:02:14,60.7400,56,1
2026-03-19,601318,14:02:17,60.7400,17,1
2026-03-19,601318,14:02:20,60.7400,41,1
2026-03-19,601318,14:02:23,60.7400,16,1
2026-03-19,601318,14:02:26,60.7400,10,1
2026-03-19,601318,14:02:29,60.7400,16,1
2026-03-19,601318,14:02:32,60.7400,18,2
2026-03-19,601318,14:02:35,60.7400,50,1
2026-03-19,601318,14:02:38,60.7400,56,2
2026-03-19,601318,14:02:41,60.7400,114,2
2026-03-19,601318,14:02:44,60.7500,11,1
2026-03-19,601318,14:02:47,60.7500,18,1
2026-03-19,601318,14:02:50,60.7500,4,2
2026-03-19,601318,14:02:53,60.7600,2,1
2026-03-19,601318,14:02:56,60.7500,27,2
2026-03-19,601318,14:02:59,60.7600,8,1
2026-03-19,601318,14:03:02,60.7600,135,1
2026-03-19,601318,14:03:05,60.7600,33,1
2026-03-19,601318,14:03:08,60.7700,68,1
2026-03-19,601318,14:03:11,60.7500,93,2
2026-03-19,601318,14:03:14,60.7800,30,1
2026-03-19,601318,14:03:17,60.8000,39,1
2026-03-19,601318,14:03:20,60.7900,320,2
2026-03-19,601318,14:03:23,60.8300,98,1
2026-03-19,601318,14:03:26,60.8100,4,2
2026-03-19,601318,14:03:29,60.8200,19,1
2026-03-19,601318,14:03:32,60.8200,7,1
2026-03-19,601318,14:03:35,60.8200,63,2
2026-03-19,601318,14:03:38,60.8100,70,2
2026-03-19,601318,14:03:41,60.8200,138,1
2026-03-19,601318,14:03:44,60.8200,18,2
2026-03-19,601318,14:03:47,60.8200,28,2
2026-03-19,601318,14:03:50,60.8300,128,1
2026-03-19,601318,14:03:53,60.8300,45,1
2026-03-19,601318,14:03:56,60.8300,25,1
2026-03-19,601318,14:03:59,60.8300,50,1
2026-03-19,601318,14:04:02,60.8400,214,1
2026-03-19,601318,14:04:05,60.8500,120,1
2026-03-19,601318,14:04:08,60.8500,53,1
2026-03-19,601318,14:04:11,60.8400,56,2
2026-03-19,601318,14:04:14,60.8500,54,1
2026-03-19,601318,14:04:17,60.8500,37,1
2026-03-19,601318,14:04:20,60.8800,661,1
2026-03-19,601318,14:04:23,60.8700,141,2
2026-03-19,601318,14:04:26,60.8800,42,2
2026-03-19,601318,14:04:29,60.8900,567,1
2026-03-19,601318,14:04:32,60.8700,233,2
2026-03-19,601318,14:04:35,60.8700,56,2
2026-03-19,601318,14:04:38,60.8700,534,2
2026-03-19,601318,14:04:41,60.8900,571,1
2026-03-19,601318,14:04:44,60.8800,40,1
2026-03-19,601318,14:04:47,60.8700,469,2
2026-03-19,601318,14:04:50,60.8400,341,2
2026-03-19,601318,14:04:53,60.8600,78,1
2026-03-19,601318,14:04:56,60.8400,17,2
2026-03-19,601318,14:04:59,60.8300,107,2
2026-03-19,601318,14:05:02,60.8300,65,2
2026-03-19,601318,14:05:05,60.8200,133,2
2026-03-19,601318,14:05:08,60.8300,81,1
2026-03-19,601318,14:05:11,60.8300,40,2
2026-03-19,601318,14:05:14,60.8300,11,1
2026-03-19,601318,14:05:17,60.8200,41,1
2026-03-19,601318,14:05:20,60.8300,15,1
2026-03-19,601318,14:05:23,60.8300,42,1
2026-03-19,601318,14:05:26,60.8200,12,4
2026-03-19,601318,14:05:29,60.8200,57,1
2026-03-19,601318,14:05:32,60.8200,21,1
2026-03-19,601318,14:05:35,60.8000,26,2
2026-03-19,601318,14:05:38,60.7900,91,2
2026-03-19,601318,14:05:41,60.7900,61,2
2026-03-19,601318,14:05:44,60.7900,71,2
2026-03-19,601318,14:05:47,60.8100,29,1
2026-03-19,601318,14:05:50,60.8200,130,1
2026-03-19,601318,14:05:53,60.8100,14,2
2026-03-19,601318,14:05:56,60.8100,5,2
2026-03-19,601318,14:05:59,60.8200,35,1
2026-03-19,601318,14:06:02,60.8100,37,2
2026-03-19,601318,14:06:05,60.8100,24,2
2026-03-19,601318,14:06:08,60.8100,20,2
2026-03-19,601318,14:06:11,60.8100,29,2
2026-03-19,601318,14:06:14,60.8100,36,2
2026-03-19,601318,14:06:17,60.8100,93,2
2026-03-19,601318,14:06:20,60.8100,46,1
2026-03-19,601318,14:06:23,60.8000,64,2
2026-03-19,601318,14:06:26,60.8100,148,1
2026-03-19,601318,14:06:29,60.8100,37,2
2026-03-19,601318,14:06:32,60.8000,11,2
2026-03-19,601318,14:06:35,60.8100,15,1
2026-03-19,601318,14:06:38,60.8100,42,1
2026-03-19,601318,14:06:41,60.8000,63,2
2026-03-19,601318,14:06:44,60.8000,19,2
2026-03-19,601318,14:06:47,60.8100,53,1
2026-03-19,601318,14:06:50,60.8100,22,1
2026-03-19,601318,14:06:53,60.8100,47,1
2026-03-19,601318,14:06:56,60.8200,4,1
2026-03-19,601318,10:55:47,60.5400,15,1
2026-03-19,601318,10:55:50,60.5200,36,2
2026-03-19,601318,10:55:53,60.5300,44,1
2026-03-19,601318,10:55:56,60.5300,27,1
2026-03-19,601318,10:55:59,60.5200,83,2
2026-03-19,601318,10:56:02,60.5300,65,4
2026-03-19,601318,10:56:05,60.5300,56,2
2026-03-19,601318,10:56:08,60.5500,11,1
2026-03-19,601318,10:56:11,60.5400,49,2
2026-03-19,601318,10:56:14,60.5400,70,1
2026-03-19,601318,10:56:17,60.5400,15,2
2026-03-19,601318,10:56:20,60.5400,38,2
2026-03-19,601318,10:56:23,60.5500,26,1
2026-03-19,601318,10:56:26,60.5500,70,1
2026-03-19,601318,10:56:29,60.5300,244,2
2026-03-19,601318,10:56:32,60.5500,82,1
2026-03-19,601318,10:56:35,60.5500,71,1
2026-03-19,601318,10:56:38,60.5600,19,1
2026-03-19,601318,10:56:41,60.5600,19,1
2026-03-19,601318,10:56:44,60.5700,24,1
2026-03-19,601318,10:56:47,60.5700,54,1
2026-03-19,601318,10:56:50,60.5700,93,1
2026-03-19,601318,10:56:53,60.5800,42,1
2026-03-19,601318,10:56:56,60.5700,59,2
2026-03-19,601318,10:56:59,60.5800,33,1
2026-03-19,601318,10:57:02,60.5800,16,1
2026-03-19,601318,10:57:05,60.5900,9,1
2026-03-19,601318,10:57:08,60.5900,26,1
2026-03-19,601318,10:57:11,60.6000,3,1
2026-03-19,601318,10:57:14,60.6000,31,1
2026-03-19,601318,10:57:17,60.6000,42,1
2026-03-19,601318,10:57:20,60.5900,14,2
2026-03-19,601318,10:57:23,60.5900,67,2
2026-03-19,601318,10:57:26,60.6000,9,2
2026-03-19,601318,10:57:29,60.6100,27,1
2026-03-19,601318,10:57:32,60.6000,26,2
2026-03-19,601318,10:57:35,60.6200,30,1
2026-03-19,601318,10:57:38,60.6100,1,2
2026-03-19,601318,10:57:41,60.6100,49,2
2026-03-19,601318,10:57:44,60.6200,229,1
2026-03-19,601318,10:57:47,60.6200,85,1
2026-03-19,601318,10:57:50,60.6200,19,1
2026-03-19,601318,10:57:53,60.6300,26,1
2026-03-19,601318,10:57:56,60.6300,15,2
2026-03-19,601318,10:57:59,60.6300,42,2
2026-03-19,601318,10:58:02,60.6200,191,2
2026-03-19,601318,10:58:05,60.6200,80,2
2026-03-19,601318,10:58:08,60.6200,83,1
2026-03-19,601318,10:58:11,60.6100,12,2
2026-03-19,601318,10:58:14,60.6200,9,1
2026-03-19,601318,10:58:17,60.6200,52,1
2026-03-19,601318,10:58:20,60.6200,14,1
2026-03-19,601318,10:58:23,60.6200,20,1
2026-03-19,601318,10:58:26,60.6100,19,2
2026-03-19,601318,10:58:29,60.6200,67,1
2026-03-19,601318,10:58:32,60.6200,13,1
2026-03-19,601318,10:58:35,60.6100,23,2
2026-03-19,601318,10:58:38,60.6200,21,1
2026-03-19,601318,10:58:41,60.6200,61,1
2026-03-19,601318,10:58:44,60.6200,7,2
2026-03-19,601318,10:58:47,60.6200,11,2
2026-03-19,601318,10:58:50,60.6300,48,1
2026-03-19,601318,10:58:53,60.6300,18,2
2026-03-19,601318,10:58:56,60.6400,16,1
2026-03-19,601318,10:58:59,60.6300,34,2
2026-03-19,601318,10:59:02,60.6300,149,2
2026-03-19,601318,10:59:05,60.6300,20,2
2026-03-19,601318,10:59:08,60.6300,61,2
2026-03-19,601318,10:59:11,60.6200,199,2
2026-03-19,601318,10:59:14,60.6200,15,2
2026-03-19,601318,10:59:17,60.6200,52,2
2026-03-19,601318,10:59:20,60.6300,40,1
2026-03-19,601318,10:59:23,60.6300,14,1
2026-03-19,601318,10:59:26,60.6300,17,1
2026-03-19,601318,10:59:29,60.6300,27,1
2026-03-19,601318,10:59:32,60.6300,25,1
2026-03-19,601318,10:59:35,60.6300,51,1
2026-03-19,601318,10:59:38,60.6200,46,2
2026-03-19,601318,10:59:41,60.6300,28,1
2026-03-19,601318,10:59:44,60.6300,20,1
2026-03-19,601318,10:59:47,60.6200,35,2
2026-03-19,601318,10:59:50,60.6100,267,2
2026-03-19,601318,10:59:53,60.6200,19,1
2026-03-19,601318,10:59:56,60.6200,49,2
2026-03-19,601318,10:59:59,60.6200,2,2
2026-03-19,601318,11:00:02,60.6300,91,1
2026-03-19,601318,11:00:05,60.6300,34,1
2026-03-19,601318,11:00:08,60.6300,72,1
2026-03-19,601318,11:00:11,60.6200,108,2
2026-03-19,601318,11:00:14,60.6300,419,1
2026-03-19,601318,11:00:17,60.6000,25,2
2026-03-19,601318,11:00:20,60.6100,46,1
2026-03-19,601318,11:00:23,60.6100,68,1
2026-03-19,601318,11:00:26,60.6100,4,2
2026-03-19,601318,11:00:29,60.6300,24,1
2026-03-19,601318,11:00:32,60.6300,50,2
2026-03-19,601318,11:00:35,60.6200,33,4
2026-03-19,601318,11:00:38,60.6300,42,1
2026-03-19,601318,11:00:41,60.6300,34,1
2026-03-19,601318,11:00:44,60.6300,228,1
2026-03-19,601318,11:00:47,60.6300,23,1
2026-03-19,601318,11:00:50,60.6300,22,1
2026-03-19,601318,11:00:53,60.6300,27,1
2026-03-19,601318,11:00:56,60.6200,53,2
2026-03-19,601318,11:00:59,60.6300,36,1
2026-03-19,601318,11:01:02,60.6300,27,1
2026-03-19,601318,11:01:05,60.6300,32,2
2026-03-19,601318,11:01:08,60.6200,32,2
2026-03-19,601318,11:01:11,60.6300,18,2
2026-03-19,601318,11:01:14,60.6400,157,1
2026-03-19,601318,11:01:17,60.6300,16,2
2026-03-19,601318,11:01:20,60.6300,24,2
2026-03-19,601318,11:01:23,60.6400,3,1
2026-03-19,601318,11:01:26,60.6300,40,2
2026-03-19,601318,11:01:29,60.6300,28,2
2026-03-19,601318,11:01:32,60.6400,15,1
2026-03-19,601318,11:01:35,60.6400,3,1
2026-03-19,601318,11:01:38,60.6400,278,1
2026-03-19,601318,11:01:41,60.6500,98,1
2026-03-19,601318,11:01:44,60.6400,131,2
2026-03-19,601318,11:01:47,60.6500,115,1
2026-03-19,601318,11:01:50,60.6500,40,1
2026-03-19,601318,11:01:53,60.6500,18,1
2026-03-19,601318,11:01:56,60.6500,26,1
2026-03-19,601318,11:01:59,60.6500,97,1
2026-03-19,601318,11:02:02,60.6500,8,2
2026-03-19,601318,11:02:05,60.6600,63,1
2026-03-19,601318,11:02:08,60.6600,19,1
2026-03-19,601318,11:02:11,60.6600,164,1
2026-03-19,601318,11:02:14,60.6600,65,1
2026-03-19,601318,11:02:17,60.6600,19,1
2026-03-19,601318,11:02:20,60.6300,101,2
2026-03-19,601318,11:02:23,60.6300,239,2
2026-03-19,601318,11:02:26,60.6300,6,1
2026-03-19,601318,11:02:29,60.6300,91,1
2026-03-19,601318,11:02:32,60.6300,17,2
2026-03-19,601318,11:02:35,60.6400,25,1
2026-03-19,601318,11:02:38,60.6300,6,2
2026-03-19,601318,11:02:41,60.6300,45,2
2026-03-19,601318,11:02:44,60.6400,3,1
2026-03-19,601318,11:02:47,60.6400,4,1
2026-03-19,601318,11:02:50,60.6300,37,2
2026-03-19,601318,11:02:53,60.6400,7,1
2026-03-19,601318,11:02:56,60.6300,1,2
2026-03-19,601318,11:02:59,60.6400,6,1
2026-03-19,601318,11:03:02,60.6400,5,1
2026-03-19,601318,11:03:05,60.6400,101,1
2026-03-19,601318,11:03:08,60.6300,60,2
2026-03-19,601318,11:03:11,60.6300,33,2
2026-03-19,601318,11:03:14,60.6300,418,2
2026-03-19,601318,11:03:17,60.6300,32,2
2026-03-19,601318,11:03:20,60.6300,97,1
2026-03-19,601318,11:03:23,60.6200,42,1
2026-03-19,601318,11:03:26,60.6200,19,1
2026-03-19,601318,11:03:29,60.6100,48,2
2026-03-19,601318,11:03:32,60.6000,249,2
2026-03-19,601318,11:03:35,60.6000,8,2
2026-03-19,601318,11:03:38,60.6100,53,1
2026-03-19,601318,11:03:41,60.6100,11,2
2026-03-19,601318,11:03:44,60.6100,4,2
2026-03-19,601318,11:03:47,60.6100,4,2
2026-03-19,601318,11:03:50,60.6100,6,2
2026-03-19,601318,11:03:53,60.6200,15,1
2026-03-19,601318,11:03:56,60.6200,87,1
2026-03-19,601318,11:03:59,60.6200,16,1
2026-03-19,601318,11:04:02,60.6200,6,1
2026-03-19,601318,11:04:05,60.6200,35,1
2026-03-19,601318,11:04:08,60.6100,45,2
2026-03-19,601318,11:04:11,60.6100,49,1
2026-03-19,601318,11:04:14,60.6100,40,1
2026-03-19,601318,11:04:17,60.6000,106,2
2026-03-19,601318,11:04:20,60.6100,138,1
2026-03-19,601318,11:04:23,60.6000,54,2
2026-03-19,601318,11:04:26,60.6100,2,1
2026-03-19,601318,11:04:29,60.6100,40,1
2026-03-19,601318,11:04:32,60.6000,59,2
2026-03-19,601318,11:04:35,60.6100,70,1
2026-03-19,601318,11:04:38,60.6100,34,1
2026-03-19,601318,11:04:41,60.6000,12,2
2026-03-19,601318,11:04:47,60.6100,14,1
2026-03-19,601318,11:04:50,60.6000,39,2
2026-03-19,601318,11:04:53,60.6100,79,1
2026-03-19,601318,11:04:56,60.6000,37,2
2026-03-19,601318,11:04:59,60.6100,466,1
2026-03-19,601318,11:05:02,60.6000,15,2
2026-03-19,601318,11:05:05,60.6000,18,1
2026-03-19,601318,11:05:08,60.6000,151,1
2026-03-19,601318,11:05:11,60.6000,20,2
2026-03-19,601318,11:05:17,60.6100,23,1
2026-03-19,601318,11:05:20,60.6000,35,2
2026-03-19,601318,11:05:23,60.6000,5,2
2026-03-19,601318,11:05:26,60.6000,95,2
2026-03-19,601318,11:05:29,60.6000,42,1
2026-03-19,601318,11:05:32,60.6000,37,1
2026-03-19,601318,11:05:35,60.6000,4,1
2026-03-19,601318,11:05:38,60.5900,1,2
2026-03-19,601318,11:05:41,60.6000,48,1
2026-03-19,601318,11:05:44,60.6000,25,1
2026-03-19,601318,11:05:47,60.6000,3,1
2026-03-19,601318,11:05:50,60.6000,77,1
2026-03-19,601318,11:05:53,60.6000,47,1
2026-03-19,601318,11:05:56,60.6000,209,1
2026-03-19,601318,11:05:59,60.6000,27,1
2026-03-19,601318,11:06:02,60.6100,43,1
2026-03-19,601318,11:06:05,60.6200,6,4
2026-03-19,601318,11:06:08,60.6400,304,1
2026-03-19,601318,11:06:11,60.6500,590,1
2026-03-19,601318,11:06:14,60.6400,58,2
2026-03-19,601318,11:06:17,60.6600,39,2
2026-03-19,601318,11:06:20,60.6600,16,2
2026-03-19,601318,11:06:23,60.6600,17,2
2026-03-19,601318,11:06:26,60.6700,38,1
2026-03-19,601318,11:06:29,60.6700,13,1
2026-03-19,601318,11:06:32,60.6600,54,2
2026-03-19,601318,11:06:35,60.6600,25,2
2026-03-19,601318,11:06:38,60.6600,53,1
2026-03-19,601318,11:06:41,60.6400,57,2
2026-03-19,601318,11:06:44,60.6500,17,4
2026-03-19,601318,11:06:47,60.6600,25,1
2026-03-19,601318,11:06:50,60.6600,10,1
2026-03-19,601318,11:06:53,60.6600,20,1
2026-03-19,601318,11:06:56,60.6600,46,1
2026-03-19,601318,11:06:59,60.6500,129,2
2026-03-19,601318,11:07:02,60.6500,46,2
2026-03-19,601318,11:07:05,60.6500,77,2
2026-03-19,601318,11:07:08,60.6600,22,1
2026-03-19,601318,11:07:11,60.6500,30,2
2026-03-19,601318,11:07:14,60.6600,57,1
2026-03-19,601318,11:07:17,60.6600,31,1
2026-03-19,601318,11:07:20,60.6700,29,1
2026-03-19,601318,11:07:23,60.6700,12,1
2026-03-19,601318,11:07:26,60.6700,6,1
2026-03-19,601318,11:07:29,60.6600,33,2
2026-03-19,601318,11:07:32,60.6700,110,1
2026-03-19,601318,11:07:35,60.6600,67,4
2026-03-19,601318,11:07:38,60.6600,94,1
2026-03-19,601318,11:07:41,60.6500,89,2
2026-03-19,601318,11:07:44,60.6600,122,1
2026-03-19,601318,11:07:47,60.6600,7,2
2026-03-19,601318,11:07:50,60.6600,2,2
2026-03-19,601318,11:07:53,60.6700,21,1
2026-03-19,601318,11:07:56,60.6700,9,1
2026-03-19,601318,11:07:59,60.6700,46,1
2026-03-19,601318,11:08:02,60.6700,18,1
2026-03-19,601318,11:08:05,60.6700,63,1
2026-03-19,601318,11:08:08,60.6700,25,4
2026-03-19,601318,11:08:11,60.6700,10,2
2026-03-19,601318,11:08:14,60.6800,50,1
2026-03-19,601318,11:08:17,60.6800,37,1
2026-03-19,601318,11:08:20,60.6800,56,1
2026-03-19,601318,11:08:23,60.6900,43,1
2026-03-19,601318,11:08:26,60.7000,24,1
2026-03-19,601318,11:08:29,60.6800,50,2
2026-03-19,601318,11:08:32,60.6900,13,1
2026-03-19,601318,11:08:35,60.6900,1,1
2026-03-19,601318,11:08:38,60.6900,38,1
2026-03-19,601318,11:08:41,60.6800,54,2
2026-03-19,601318,11:08:44,60.6900,6,1
2026-03-19,601318,11:08:47,60.6900,7,1
2026-03-19,601318,11:08:50,60.6900,122,1
2026-03-19,601318,11:08:53,60.6900,2,1
2026-03-19,601318,11:08:56,60.6900,22,1
2026-03-19,601318,11:08:59,60.6900,50,1
2026-03-19,601318,11:09:02,60.6900,30,1
2026-03-19,601318,11:09:05,60.6900,23,1
2026-03-19,601318,11:09:08,60.6900,23,1
2026-03-19,601318,11:09:11,60.6800,87,2
2026-03-19,601318,11:09:14,60.6800,64,2
2026-03-19,601318,11:09:17,60.6900,50,1
2026-03-19,601318,11:09:20,60.6800,41,2
2026-03-19,601318,11:09:23,60.6900,38,1
2026-03-19,601318,11:09:26,60.6900,111,1
2026-03-19,601318,11:09:29,60.7000,13,1
2026-03-19,601318,11:09:32,60.7000,2,1
2026-03-19,601318,11:09:35,60.6900,20,2
2026-03-19,601318,11:09:38,60.6900,58,1
2026-03-19,601318,11:09:41,60.6900,38,2
2026-03-19,601318,11:09:44,60.7000,3,1
2026-03-19,601318,11:09:47,60.7000,57,1
2026-03-19,601318,11:09:50,60.7000,13,2
2026-03-19,601318,11:09:53,60.7000,5,2
2026-03-19,601318,11:09:56,60.7100,12,1
2026-03-19,601318,11:09:59,60.7100,46,1
2026-03-19,601318,11:10:02,60.7100,86,1
2026-03-19,601318,11:10:05,60.7100,37,1
2026-03-19,601318,11:10:08,60.7100,178,1
2026-03-19,601318,11:10:11,60.7100,41,1
2026-03-19,601318,11:10:14,60.7000,4,2
2026-03-19,601318,11:10:17,60.7000,8,2
2026-03-19,601318,11:10:23,60.7100,4,1
2026-03-19,601318,11:10:26,60.7100,20,1
2026-03-19,601318,11:10:29,60.7100,70,1
2026-03-19,601318,11:10:32,60.7100,4,1
2026-03-19,601318,11:10:35,60.7000,15,2
2026-03-19,601318,11:10:38,60.7100,123,1
2026-03-19,601318,11:10:41,60.7100,11,1
2026-03-19,601318,11:10:44,60.7000,26,2
2026-03-19,601318,11:10:47,60.7100,15,1
2026-03-19,601318,11:10:50,60.7100,158,1
2026-03-19,601318,11:10:53,60.7100,25,1
2026-03-19,601318,11:10:56,60.7200,17,1
2026-03-19,601318,11:10:59,60.7200,62,1
2026-03-19,601318,11:11:02,60.7100,23,2
2026-03-19,601318,11:11:05,60.7100,101,2
2026-03-19,601318,11:11:08,60.7000,70,2
2026-03-19,601318,11:11:11,60.7000,41,2
2026-03-19,601318,11:11:14,60.7100,13,1
2026-03-19,601318,11:11:17,60.7000,61,2
2026-03-19,601318,11:11:20,60.7000,19,2
2026-03-19,601318,11:11:23,60.7100,91,1
2026-03-19,601318,11:11:26,60.7100,22,1
2026-03-19,601318,11:11:29,60.7000,1,2
2026-03-19,601318,11:11:32,60.7100,38,1
2026-03-19,601318,11:11:35,60.7100,17,1
2026-03-19,601318,11:11:38,60.7000,225,2
2026-03-19,601318,11:11:41,60.7000,49,1
2026-03-19,601318,11:11:44,60.6900,5,2
2026-03-19,601318,11:11:47,60.6900,54,2
2026-03-19,601318,11:11:50,60.6900,177,1
2026-03-19,601318,11:11:53,60.6800,175,2
2026-03-19,601318,11:11:56,60.7000,161,1
2026-03-19,601318,11:11:59,60.7000,261,1
2026-03-19,601318,11:12:02,60.7400,51,1
2026-03-19,601318,11:12:05,60.7500,74,1
2026-03-19,601318,11:12:08,60.7400,7,1
2026-03-19,601318,11:12:11,60.7200,4,2
2026-03-19,601318,11:12:14,60.7400,22,1
2026-03-19,601318,11:12:17,60.7400,10,2
2026-03-19,601318,11:12:20,60.7500,8,1
2026-03-19,601318,11:12:23,60.7500,9,1
2026-03-19,601318,11:12:26,60.7500,39,1
2026-03-19,601318,11:12:29,60.7500,71,1
2026-03-19,601318,11:12:32,60.7500,5,2
2026-03-19,601318,11:12:35,60.7600,41,1
2026-03-19,601318,11:12:38,60.7600,3,1
2026-03-19,601318,11:12:41,60.7500,50,2
2026-03-19,601318,11:12:44,60.7500,67,2
2026-03-19,601318,11:12:47,60.7500,4,2
2026-03-19,601318,11:12:50,60.7500,8,2
2026-03-19,601318,11:12:53,60.7500,96,1
2026-03-19,601318,11:12:56,60.7500,8,1
2026-03-19,601318,11:12:59,60.7400,52,2
2026-03-19,601318,11:13:02,60.7200,67,2
2026-03-19,601318,11:13:05,60.7200,9,2
2026-03-19,601318,11:13:08,60.7200,115,2
2026-03-19,601318,11:13:11,60.7200,46,1
2026-03-19,601318,11:13:14,60.7100,13,2
2026-03-19,601318,11:13:17,60.7100,56,2
2026-03-19,601318,11:13:20,60.7100,56,1
2026-03-19,601318,11:13:23,60.7200,80,1
2026-03-19,601318,11:13:26,60.7300,29,1
2026-03-19,601318,11:13:29,60.7400,7,4
2026-03-19,601318,11:13:32,60.7400,63,1
2026-03-19,601318,11:13:35,60.7500,1,1
2026-03-19,601318,11:13:38,60.7400,89,2
2026-03-19,601318,11:13:41,60.7500,3,1
2026-03-19,601318,11:13:44,60.7600,73,1
2026-03-19,601318,11:13:47,60.7500,47,2
2026-03-19,601318,11:13:50,60.7600,58,1
2026-03-19,601318,11:13:53,60.7500,91,2
2026-03-19,601318,11:13:56,60.7400,3,2
2026-03-19,601318,11:13:59,60.7400,10,1
2026-03-19,601318,11:14:02,60.7300,67,2
2026-03-19,601318,11:14:05,60.7200,70,2
2026-03-19,601318,11:14:08,60.7300,11,1
2026-03-19,601318,11:14:11,60.7200,9,2
2026-03-19,601318,11:14:14,60.7300,33,1
2026-03-19,601318,11:14:17,60.7200,7,2
2026-03-19,601318,11:14:20,60.7200,29,2
2026-03-19,601318,11:14:23,60.7200,23,2
2026-03-19,601318,11:14:26,60.7200,3,2
2026-03-19,601318,11:14:29,60.7300,45,1
2026-03-19,601318,11:14:32,60.7300,2,1
2026-03-19,601318,11:14:35,60.7300,4,1
2026-03-19,601318,11:14:38,60.7300,222,1
2026-03-19,601318,11:14:41,60.7100,150,2
2026-03-19,601318,11:14:44,60.7500,11,1
2026-03-19,601318,11:14:47,60.7400,8,4
2026-03-19,601318,11:14:50,60.7400,5,2
2026-03-19,601318,11:14:53,60.7500,71,1
2026-03-19,601318,11:14:56,60.7400,7,4
2026-03-19,601318,11:14:59,60.7500,361,1
2026-03-19,601318,11:15:02,60.7300,30,1
2026-03-19,601318,11:15:05,60.7200,13,1
2026-03-19,601318,11:15:08,60.6900,200,2
2026-03-19,601318,11:15:11,60.6900,24,2
2026-03-19,601318,11:15:14,60.6900,48,4
2026-03-19,601318,11:15:17,60.7100,41,1
2026-03-19,601318,11:15:20,60.7200,1,1
2026-03-19,601318,11:15:23,60.7100,30,2
2026-03-19,601318,11:15:26,60.7200,17,1
2026-03-19,601318,11:15:29,60.7100,50,2
2026-03-19,601318,11:15:32,60.7100,21,2
2026-03-19,601318,11:15:35,60.7200,15,4
2026-03-19,601318,11:15:38,60.7200,86,2
2026-03-19,601318,11:15:41,60.7300,32,1
2026-03-19,601318,11:15:44,60.7200,18,2
2026-03-19,601318,11:15:47,60.7300,13,1
2026-03-19,601318,11:15:50,60.7300,12,1
2026-03-19,601318,11:15:53,60.7200,22,2
2026-03-19,601318,11:15:56,60.7300,30,1
2026-03-19,601318,11:15:59,60.7300,11,1
2026-03-19,601318,11:16:02,60.7300,11,1
2026-03-19,601318,11:16:05,60.7300,20,1
2026-03-19,601318,11:16:08,60.7300,83,2
2026-03-19,601318,11:16:11,60.7200,41,2
2026-03-19,601318,11:16:14,60.7300,57,1
2026-03-19,601318,11:16:17,60.7300,1,2
2026-03-19,601318,11:16:20,60.7200,67,2
2026-03-19,601318,11:16:26,60.7000,72,2
2026-03-19,601318,11:16:29,60.7000,4,2
2026-03-19,601318,11:16:32,60.7000,47,2
2026-03-19,601318,11:16:35,60.6900,51,2
2026-03-19,601318,11:16:38,60.6800,14,2
2026-03-19,601318,11:16:41,60.6900,27,1
2026-03-19,601318,11:16:44,60.6900,77,1
2026-03-19,601318,11:16:47,60.6900,4,1
2026-03-19,601318,11:16:50,60.6900,63,1
2026-03-19,601318,11:16:53,60.6800,45,2
2026-03-19,601318,11:16:56,60.6800,21,2
2026-03-19,601318,11:17:02,60.7000,29,1
2026-03-19,601318,11:17:05,60.7000,39,1
2026-03-19,601318,11:17:08,60.7000,69,1
2026-03-19,601318,11:17:11,60.7000,4,2
2026-03-19,601318,11:17:14,60.7000,7,2
2026-03-19,601318,11:17:17,60.7100,45,1
2026-03-19,601318,11:17:20,60.7300,173,1
2026-03-19,601318,11:17:23,60.7300,8,1
2026-03-19,601318,11:17:26,60.7200,11,2
2026-03-19,601318,11:17:29,60.7200,11,1
2026-03-19,601318,11:17:32,60.7300,57,1
2026-03-19,601318,11:17:35,60.7300,134,1
2026-03-19,601318,11:17:38,60.7400,7,1
2026-03-19,601318,11:17:41,60.7400,24,1
2026-03-19,601318,11:17:44,60.7300,87,2
2026-03-19,601318,11:17:47,60.7400,65,1
2026-03-19,601318,11:17:50,60.7500,10,1
2026-03-19,601318,11:17:53,60.7400,15,2
2026-03-19,601318,11:17:56,60.7500,25,1
2026-03-19,601318,11:17:59,60.7500,14,1
2026-03-19,601318,11:18:02,60.7500,16,1
2026-03-19,601318,11:18:05,60.7500,33,1
2026-03-19,601318,11:18:08,60.7500,90,1
2026-03-19,601318,11:18:11,60.7500,73,1
2026-03-19,601318,11:18:14,60.7500,13,2
2026-03-19,601318,11:18:17,60.7500,9,2
2026-03-19,601318,11:18:20,60.7500,6,2
2026-03-19,601318,11:18:23,60.7600,31,1
2026-03-19,601318,11:18:26,60.7600,48,1
2026-03-19,601318,11:18:32,60.7700,3,1
2026-03-19,601318,11:18:35,60.7600,442,2
2026-03-19,601318,11:18:38,60.7600,26,1
2026-03-19,601318,11:18:41,60.7600,24,1
2026-03-19,601318,11:18:44,60.7600,75,1
2026-03-19,601318,11:18:47,60.7500,19,2
2026-03-19,601318,11:18:50,60.7600,26,1
2026-03-19,601318,11:18:53,60.7600,28,2
2026-03-19,601318,11:18:56,60.7700,11,1
2026-03-19,601318,11:18:59,60.7600,5,2
2026-03-19,601318,11:19:02,60.7700,19,1
2026-03-19,601318,11:19:05,60.7600,11,2
2026-03-19,601318,11:19:08,60.7600,54,2
2026-03-19,601318,11:19:11,60.7600,47,2
2026-03-19,601318,11:19:14,60.7500,9,2
2026-03-19,601318,11:19:17,60.7600,16,1
2026-03-19,601318,11:19:20,60.7600,24,1
2026-03-19,601318,11:19:23,60.7500,125,2
2026-03-19,601318,11:19:26,60.7600,14,1
2026-03-19,601318,11:19:29,60.7700,51,1
2026-03-19,601318,11:19:32,60.7600,13,2
2026-03-19,601318,11:19:35,60.7700,29,4
2026-03-19,601318,11:19:38,60.7700,43,2
2026-03-19,601318,11:19:41,60.7900,177,1
2026-03-19,601318,11:19:44,60.7800,15,2
2026-03-19,601318,11:19:47,60.7900,10,1
2026-03-19,601318,11:19:50,60.7900,22,1
2026-03-19,601318,11:19:56,60.7900,27,1
2026-03-19,601318,11:19:59,60.7800,10,2
2026-03-19,601318,11:20:02,60.7700,22,2
2026-03-19,601318,11:20:05,60.7700,8,2
2026-03-19,601318,11:20:08,60.7700,25,2
2026-03-19,601318,11:20:11,60.7700,8,2
2026-03-19,601318,11:20:14,60.7800,59,1
2026-03-19,601318,11:20:17,60.7800,133,1
2026-03-19,601318,11:20:20,60.7800,19,1
2026-03-19,601318,11:20:23,60.7800,54,1
