date,code,time,price,volume,bs
2026-05-07,601012,14:07:08,16.5600,17,1
2026-05-07,601012,14:07:11,16.5500,22,2
2026-05-07,601012,14:07:14,16.5600,43,1
2026-05-07,601012,14:07:17,16.5600,572,1
2026-05-07,601012,14:07:20,16.5600,68,1
2026-05-07,601012,14:07:23,16.5600,159,1
2026-05-07,601012,14:07:26,16.5600,75,1
2026-05-07,601012,14:07:29,16.5500,69,2
2026-05-07,601012,14:07:32,16.5500,21,2
2026-05-07,601012,14:07:35,16.5600,19,1
2026-05-07,601012,14:07:38,16.5600,28,1
2026-05-07,601012,14:07:41,16.5600,29,1
2026-05-07,601012,14:07:44,16.5600,70,1
2026-05-07,601012,14:07:47,16.5500,243,2
2026-05-07,601012,14:07:50,16.5600,40,1
2026-05-07,601012,14:07:53,16.5600,21,1
2026-05-07,601012,14:07:56,16.5500,55,2
2026-05-07,601012,14:07:59,16.5600,7,1
2026-05-07,601012,14:08:02,16.5500,14,2
2026-05-07,601012,14:08:05,16.5600,161,1
2026-05-07,601012,14:08:08,16.5600,22,1
2026-05-07,601012,14:08:11,16.5600,326,1
2026-05-07,601012,14:08:14,16.5600,81,1
2026-05-07,601012,14:08:17,16.5600,187,1
2026-05-07,601012,14:08:20,16.5600,108,1
2026-05-07,601012,14:08:23,16.5600,40,1
2026-05-07,601012,14:08:26,16.5600,35,1
2026-05-07,601012,14:08:29,16.5600,29,1
2026-05-07,601012,14:08:32,16.5600,62,1
2026-05-07,601012,14:08:35,16.5500,67,2
2026-05-07,601012,14:08:38,16.5500,100,2
2026-05-07,601012,14:08:41,16.5600,44,1
2026-05-07,601012,14:08:44,16.5500,170,2
2026-05-07,601012,14:08:47,16.5500,70,2
2026-05-07,601012,14:08:50,16.5600,139,1
2026-05-07,601012,14:08:53,16.5500,1282,2
2026-05-07,601012,14:08:56,16.5500,327,2
2026-05-07,601012,14:08:59,16.5600,95,1
2026-05-07,601012,14:09:02,16.5500,67,2
2026-05-07,601012,14:09:05,16.5600,33,1
2026-05-07,601012,14:09:08,16.5500,140,2
2026-05-07,601012,14:09:11,16.5600,107,1
2026-05-07,601012,14:09:14,16.5500,78,2
2026-05-07,601012,14:09:17,16.5600,180,1
2026-05-07,601012,14:09:20,16.5600,221,1
2026-05-07,601012,14:09:23,16.5600,66,1
2026-05-07,601012,14:09:26,16.5600,34,1
2026-05-07,601012,14:09:29,16.5500,298,2
2026-05-07,601012,14:09:32,16.5500,70,2
2026-05-07,601012,14:09:35,16.5600,59,1
2026-05-07,601012,14:09:38,16.5500,56,2
2026-05-07,601012,14:09:41,16.5600,93,1
2026-05-07,601012,14:09:44,16.5600,69,1
2026-05-07,601012,14:09:47,16.5600,112,1
2026-05-07,601012,14:09:50,16.5600,51,1
2026-05-07,601012,14:09:53,16.5500,131,2
2026-05-07,601012,14:09:56,16.5600,2,1
2026-05-07,601012,14:09:59,16.5600,21,1
2026-05-07,601012,14:10:02,16.5500,29,2
2026-05-07,601012,14:10:05,16.5600,43,1
2026-05-07,601012,14:10:08,16.5500,107,2
2026-05-07,601012,14:10:11,16.5500,51,2
2026-05-07,601012,14:10:14,16.5600,170,1
2026-05-07,601012,14:10:17,16.5500,117,2
2026-05-07,601012,14:10:20,16.5600,90,1
2026-05-07,601012,14:10:23,16.5500,251,2
2026-05-07,601012,14:10:26,16.5500,20,2
2026-05-07,601012,14:10:29,16.5500,126,2
2026-05-07,601012,14:10:32,16.5500,53,2
2026-05-07,601012,14:10:35,16.5600,130,1
2026-05-07,601012,14:10:38,16.5600,80,1
2026-05-07,601012,14:10:41,16.5600,20,1
2026-05-07,601012,14:10:44,16.5600,175,1
2026-05-07,601012,14:10:47,16.5500,56,2
2026-05-07,601012,14:10:50,16.5500,21,2
2026-05-07,601012,14:10:53,16.5600,20,1
2026-05-07,601012,14:10:56,16.5500,244,2
2026-05-07,601012,14:10:59,16.5500,7,2
2026-05-07,601012,14:11:02,16.5500,245,2
2026-05-07,601012,14:11:05,16.5500,124,2
2026-05-07,601012,14:11:08,16.5500,10,2
2026-05-07,601012,14:11:11,16.5500,40,2
2026-05-07,601012,14:11:14,16.5500,33,2
2026-05-07,601012,14:11:17,16.5500,63,2
2026-05-07,601012,14:11:20,16.5500,147,2
2026-05-07,601012,14:11:23,16.5500,52,2
2026-05-07,601012,14:11:26,16.5500,20,2
2026-05-07,601012,14:11:29,16.5600,338,1
2026-05-07,601012,14:11:32,16.5500,134,2
2026-05-07,601012,14:11:35,16.5500,172,2
2026-05-07,601012,14:11:38,16.5500,665,2
2026-05-07,601012,14:11:41,16.5500,267,1
2026-05-07,601012,14:11:44,16.5500,115,1
2026-05-07,601012,14:11:47,16.5400,72,2
2026-05-07,601012,14:11:50,16.5400,89,2
2026-05-07,601012,14:11:53,16.5500,32,1
2026-05-07,601012,14:11:56,16.5400,40,2
2026-05-07,601012,14:11:59,16.5500,37,1
2026-05-07,601012,14:12:02,16.5400,89,2
2026-05-07,601012,14:12:05,16.5500,211,1
2026-05-07,601012,14:12:08,16.5500,107,1
2026-05-07,601012,14:12:11,16.5500,71,1
2026-05-07,601012,14:12:14,16.5500,10,1
2026-05-07,601012,14:12:17,16.5400,114,2
2026-05-07,601012,14:12:20,16.5400,55,2
2026-05-07,601012,14:12:23,16.5500,24,1
2026-05-07,601012,14:12:26,16.5400,65,2
2026-05-07,601012,14:12:29,16.5500,46,1
2026-05-07,601012,14:12:32,16.5400,96,2
2026-05-07,601012,14:12:35,16.5400,39,2
2026-05-07,601012,14:12:38,16.5400,18,2
2026-05-07,601012,14:12:41,16.5500,195,1
2026-05-07,601012,14:12:44,16.5400,68,2
2026-05-07,601012,14:12:47,16.5400,100,2
2026-05-07,601012,14:12:50,16.5500,83,1
2026-05-07,601012,14:12:53,16.5400,74,2
2026-05-07,601012,14:12:56,16.5400,167,2
2026-05-07,601012,14:12:59,16.5500,49,1
2026-05-07,601012,14:13:02,16.5400,5,2
2026-05-07,601012,14:13:05,16.5400,252,2
2026-05-07,601012,14:13:08,16.5400,355,2
2026-05-07,601012,14:13:11,16.5400,343,2
2026-05-07,601012,14:13:14,16.5400,241,2
2026-05-07,601012,14:13:17,16.5400,349,2
2026-05-07,601012,14:13:20,16.5500,133,1
2026-05-07,601012,14:13:23,16.5400,32,2
2026-05-07,601012,14:13:26,16.5400,215,2
2026-05-07,601012,14:13:29,16.5400,11,2
2026-05-07,601012,14:13:32,16.5500,26,1
2026-05-07,601012,14:13:35,16.5400,177,2
2026-05-07,601012,14:13:38,16.5500,77,1
2026-05-07,601012,14:13:41,16.5500,137,1
2026-05-07,601012,14:13:44,16.5400,238,2
2026-05-07,601012,14:13:47,16.5400,131,2
2026-05-07,601012,14:13:50,16.5500,65,1
2026-05-07,601012,14:13:53,16.5400,140,2
2026-05-07,601012,14:13:56,16.5400,120,2
2026-05-07,601012,14:13:59,16.5400,102,2
2026-05-07,601012,14:14:02,16.5500,111,1
2026-05-07,601012,14:14:05,16.5400,158,2
2026-05-07,601012,14:14:08,16.5400,41,2
2026-05-07,601012,14:14:11,16.5500,3,1
2026-05-07,601012,14:14:14,16.5400,231,2
2026-05-07,601012,14:14:17,16.5400,67,2
2026-05-07,601012,14:14:20,16.5500,408,1
2026-05-07,601012,14:14:23,16.5500,21,1
2026-05-07,601012,14:14:26,16.5500,88,1
2026-05-07,601012,14:14:29,16.5500,15,1
2026-05-07,601012,14:14:32,16.5500,101,1
2026-05-07,601012,14:14:35,16.5400,100,2
2026-05-07,601012,14:14:38,16.5400,117,2
2026-05-07,601012,14:14:41,16.5400,259,2
2026-05-07,601012,14:14:44,16.5400,192,2
2026-05-07,601012,14:14:47,16.5500,4,1
2026-05-07,601012,14:14:50,16.5500,45,1
2026-05-07,601012,14:14:53,16.5400,418,2
2026-05-07,601012,14:14:56,16.5400,239,2
2026-05-07,601012,14:14:59,16.5400,88,2
2026-05-07,601012,14:15:02,16.5500,147,1
2026-05-07,601012,14:15:05,16.5400,104,2
2026-05-07,601012,14:15:08,16.5500,173,1
2026-05-07,601012,14:15:11,16.5500,224,1
2026-05-07,601012,14:15:14,16.5400,23,2
2026-05-07,601012,14:15:17,16.5400,209,2
2026-05-07,601012,14:15:20,16.5400,415,2
2026-05-07,601012,14:15:23,16.5400,282,1
2026-05-07,601012,14:15:26,16.5400,46,1
2026-05-07,601012,14:15:29,16.5400,96,1
2026-05-07,601012,14:15:32,16.5400,298,1
2026-05-07,601012,14:15:35,16.5400,129,1
2026-05-07,601012,14:15:38,16.5400,31,1
2026-05-07,601012,14:15:41,16.5300,73,2
2026-05-07,601012,14:15:44,16.5300,348,2
2026-05-07,601012,14:15:47,16.5300,41,2
2026-05-07,601012,14:15:50,16.5300,220,2
2026-05-07,601012,14:15:53,16.5300,381,2
2026-05-07,601012,14:15:56,16.5300,32,2
2026-05-07,601012,14:15:59,16.5300,173,2
2026-05-07,601012,14:16:02,16.5300,64,2
2026-05-07,601012,14:16:05,16.5300,100,2
2026-05-07,601012,14:16:08,16.5300,389,2
2026-05-07,601012,14:16:11,16.5300,272,2
2026-05-07,601012,14:16:14,16.5300,129,2
2026-05-07,601012,14:16:17,16.5300,47,2
2026-05-07,601012,14:16:20,16.5400,25,1
2026-05-07,601012,14:16:23,16.5300,61,2
2026-05-07,601012,14:16:26,16.5300,203,2
2026-05-07,601012,14:16:29,16.5400,91,1
2026-05-07,601012,14:16:32,16.5400,12,1
2026-05-07,601012,14:16:35,16.5300,161,2
2026-05-07,601012,14:16:38,16.5400,117,1
2026-05-07,601012,14:16:41,16.5300,89,2
2026-05-07,601012,14:16:44,16.5300,49,2
2026-05-07,601012,14:16:47,16.5400,296,1
2026-05-07,601012,14:16:50,16.5400,581,1
2026-05-07,601012,14:16:53,16.5300,14,2
2026-05-07,601012,14:16:56,16.5300,257,2
2026-05-07,601012,14:16:59,16.5300,70,2
2026-05-07,601012,14:17:02,16.5300,15,2
2026-05-07,601012,14:17:05,16.5300,114,2
2026-05-07,601012,14:17:08,16.5300,115,2
2026-05-07,601012,14:17:11,16.5300,40,2
2026-05-07,601012,14:17:14,16.5300,427,2
2026-05-07,601012,14:17:17,16.5300,145,2
2026-05-07,601012,14:17:20,16.5300,103,2
2026-05-07,601012,14:17:23,16.5300,78,2
2026-05-07,601012,14:17:26,16.5300,479,2
2026-05-07,601012,14:17:29,16.5400,266,1
2026-05-07,601012,14:17:32,16.5400,209,1
2026-05-07,601012,14:17:35,16.5400,76,1
2026-05-07,601012,14:17:38,16.5400,54,1
2026-05-07,601012,14:17:41,16.5400,76,1
2026-05-07,601012,14:17:44,16.5300,242,2
2026-05-07,601012,14:17:47,16.5300,63,2
2026-05-07,601012,14:17:50,16.5400,74,1
2026-05-07,601012,14:17:53,16.5300,379,2
2026-05-07,601012,14:17:56,16.5400,115,1
2026-05-07,601012,14:17:59,16.5300,119,2
2026-05-07,601012,14:18:02,16.5400,711,1
2026-05-07,601012,14:18:05,16.5300,28,2
2026-05-07,601012,14:18:08,16.5300,85,2
2026-05-07,601012,14:18:11,16.5400,22,1
2026-05-07,601012,14:18:14,16.5300,211,2
2026-05-07,601012,14:18:17,16.5400,50,1
2026-05-07,601012,14:18:20,16.5400,2034,1
2026-05-07,601012,14:18:23,16.5300,212,2
2026-05-07,601012,14:18:26,16.5400,193,1
2026-05-07,601012,14:18:29,16.5400,90,1
2026-05-07,601012,14:18:32,16.5300,1513,2
2026-05-07,601012,14:18:35,16.5300,190,1
2026-05-07,601012,14:18:38,16.5300,387,1
2026-05-07,601012,14:18:41,16.5300,905,1
2026-05-07,601012,14:18:44,16.5200,556,2
2026-05-07,601012,14:18:47,16.5200,363,2
2026-05-07,601012,14:18:50,16.5200,316,2
2026-05-07,601012,14:18:53,16.5200,50,2
2026-05-07,601012,14:18:56,16.5300,721,1
2026-05-07,601012,14:18:59,16.5300,68,1
2026-05-07,601012,14:19:02,16.5200,1614,2
2026-05-07,601012,14:19:05,16.5200,160,2
2026-05-07,601012,14:19:08,16.5200,167,2
2026-05-07,601012,14:19:11,16.5200,1127,2
2026-05-07,601012,14:19:14,16.5200,191,2
2026-05-07,601012,14:19:17,16.5200,26,2
2026-05-07,601012,14:19:20,16.5300,2358,1
2026-05-07,601012,14:19:23,16.5200,884,2
2026-05-07,601012,14:19:26,16.5200,510,2
2026-05-07,601012,14:19:29,16.5200,75,1
2026-05-07,601012,14:19:32,16.5100,218,2
2026-05-07,601012,14:19:35,16.5100,121,2
2026-05-07,601012,14:19:38,16.5200,78,1
2026-05-07,601012,14:19:41,16.5100,411,2
2026-05-07,601012,14:19:44,16.5200,223,1
2026-05-07,601012,14:19:47,16.5200,687,1
2026-05-07,601012,14:19:50,16.5200,107,2
2026-05-07,601012,14:19:53,16.5200,229,2
2026-05-07,601012,14:19:56,16.5300,250,1
2026-05-07,601012,14:19:59,16.5200,168,2
2026-05-07,601012,14:20:02,16.5200,177,2
2026-05-07,601012,14:20:05,16.5200,374,1
2026-05-07,601012,14:20:08,16.5100,228,2
2026-05-07,601012,14:20:11,16.5200,83,1
2026-05-07,601012,14:20:14,16.5200,385,1
2026-05-07,601012,14:20:17,16.5100,200,2
2026-05-07,601012,14:20:20,16.5100,86,2
2026-05-07,601012,14:20:23,16.5100,210,2
2026-05-07,601012,14:20:26,16.5100,114,2
2026-05-07,601012,14:20:29,16.5100,384,2
2026-05-07,601012,14:20:32,16.5100,54,2
2026-05-07,601012,14:20:35,16.5100,320,2
2026-05-07,601012,14:20:38,16.5200,1559,1
2026-05-07,601012,14:20:41,16.5200,105,1
2026-05-07,601012,14:20:44,16.5100,234,2
2026-05-07,601012,14:20:47,16.5200,34,1
2026-05-07,601012,14:20:50,16.5200,136,1
2026-05-07,601012,14:20:53,16.5200,521,1
2026-05-07,601012,14:20:56,16.5200,59,1
2026-05-07,601012,14:20:59,16.5200,54,1
2026-05-07,601012,14:21:02,16.5100,98,2
2026-05-07,601012,14:21:05,16.5100,46,2
2026-05-07,601012,14:21:08,16.5200,38,1
2026-05-07,601012,14:21:11,16.5100,145,2
2026-05-07,601012,14:21:14,16.5200,431,1
2026-05-07,601012,14:21:17,16.5200,101,1
2026-05-07,601012,14:21:20,16.5200,83,1
2026-05-07,601012,14:21:23,16.5100,170,2
2026-05-07,601012,14:21:26,16.5100,60,2
2026-05-07,601012,14:21:29,16.5100,249,2
2026-05-07,601012,14:21:32,16.5100,192,2
2026-05-07,601012,14:21:35,16.5100,87,2
2026-05-07,601012,14:21:38,16.5100,71,2
2026-05-07,601012,14:21:41,16.5100,78,2
2026-05-07,601012,14:21:44,16.5100,453,2
2026-05-07,601012,14:21:47,16.5100,504,2
2026-05-07,601012,14:21:50,16.5200,279,1
2026-05-07,601012,14:21:53,16.5100,332,2
2026-05-07,601012,14:21:56,16.5200,217,1
2026-05-07,601012,14:21:59,16.5100,70,2
2026-05-07,601012,14:22:02,16.5200,49,1
2026-05-07,601012,14:22:05,16.5100,84,2
2026-05-07,601012,14:22:08,16.5200,146,1
2026-05-07,601012,14:22:11,16.5100,91,2
2026-05-07,601012,14:22:14,16.5100,955,2
2026-05-07,601012,14:22:17,16.5200,69,1
2026-05-07,601012,14:22:20,16.5100,80,2
2026-05-07,601012,14:22:23,16.5100,69,2
2026-05-07,601012,14:22:26,16.5200,496,1
2026-05-07,601012,14:22:29,16.5100,102,2
2026-05-07,601012,14:22:32,16.5200,511,1
2026-05-07,601012,14:22:35,16.5100,146,2
2026-05-07,601012,14:22:38,16.5200,82,1
2026-05-07,601012,14:22:41,16.5100,55,2
2026-05-07,601012,14:22:44,16.5100,76,2
2026-05-07,601012,14:22:47,16.5200,193,1
2026-05-07,601012,14:22:50,16.5200,112,1
2026-05-07,601012,14:22:53,16.5200,110,1
2026-05-07,601012,14:22:56,16.5200,132,1
2026-05-07,601012,14:22:59,16.5100,662,2
2026-05-07,601012,14:23:02,16.5100,117,2
2026-05-07,601012,14:23:05,16.5200,62,1
2026-05-07,601012,14:23:08,16.5200,29,1
2026-05-07,601012,14:23:11,16.5200,39,1
2026-05-07,601012,14:23:14,16.5200,224,1
2026-05-07,601012,14:23:17,16.5200,1257,1
2026-05-07,601012,14:23:20,16.5100,132,2
2026-05-07,601012,14:23:23,16.5100,155,2
2026-05-07,601012,14:23:26,16.5100,172,2
2026-05-07,601012,14:23:29,16.5100,134,2
2026-05-07,601012,14:23:32,16.5200,210,1
2026-05-07,601012,14:23:35,16.5100,342,2
2026-05-07,601012,14:23:38,16.5100,48,2
2026-05-07,601012,14:23:41,16.5100,536,2
2026-05-07,601012,14:23:44,16.5100,131,2
2026-05-07,601012,14:23:47,16.5100,66,2
2026-05-07,601012,14:23:50,16.5100,79,2
2026-05-07,601012,14:23:53,16.5200,226,1
2026-05-07,601012,14:23:56,16.5200,119,1
2026-05-07,601012,14:23:59,16.5100,152,2
2026-05-07,601012,14:24:02,16.5100,96,2
2026-05-07,601012,14:24:05,16.5100,111,2
2026-05-07,601012,14:24:08,16.5100,34,2
2026-05-07,601012,14:24:11,16.5200,382,1
2026-05-07,601012,14:24:14,16.5200,237,1
2026-05-07,601012,14:24:17,16.5100,131,2
2026-05-07,601012,14:24:20,16.5200,684,1
2026-05-07,601012,14:24:23,16.5100,1588,2
2026-05-07,601012,14:24:26,16.5200,42,1
2026-05-07,601012,14:24:29,16.5100,89,2
2026-05-07,601012,14:24:32,16.5100,90,2
2026-05-07,601012,14:24:35,16.5200,87,1
2026-05-07,601012,14:24:38,16.5100,141,2
2026-05-07,601012,14:24:41,16.5100,100,2
2026-05-07,601012,14:24:44,16.5200,106,1
2026-05-07,601012,14:24:47,16.5100,66,2
2026-05-07,601012,14:24:50,16.5100,241,2
2026-05-07,601012,14:24:53,16.5200,446,1
2026-05-07,601012,14:24:56,16.5200,242,1
2026-05-07,601012,14:24:59,16.5100,2236,2
2026-05-07,601012,14:25:02,16.5200,123,1
2026-05-07,601012,14:25:05,16.5100,215,2
2026-05-07,601012,14:25:08,16.5200,65,1
2026-05-07,601012,14:25:11,16.5100,184,2
2026-05-07,601012,14:25:14,16.5100,72,2
2026-05-07,601012,14:25:17,16.5100,1236,2
2026-05-07,601012,14:25:20,16.5100,30,2
2026-05-07,601012,14:25:23,16.5200,203,1
2026-05-07,601012,14:25:26,16.5200,70,1
2026-05-07,601012,14:25:29,16.5100,135,2
2026-05-07,601012,14:25:32,16.5200,23,1
2026-05-07,601012,14:25:35,16.5100,123,2
2026-05-07,601012,14:25:38,16.5100,353,2
2026-05-07,601012,14:25:41,16.5200,405,1
2026-05-07,601012,14:25:44,16.5200,391,1
2026-05-07,601012,14:25:47,16.5200,121,1
2026-05-07,601012,14:25:50,16.5200,296,1
2026-05-07,601012,14:25:53,16.5200,203,1
2026-05-07,601012,14:25:56,16.5100,32,2
2026-05-07,601012,14:25:59,16.5200,112,1
2026-05-07,601012,14:26:02,16.5100,104,2
2026-05-07,601012,14:26:05,16.5200,207,1
2026-05-07,601012,14:26:08,16.5200,107,1
2026-05-07,601012,14:26:11,16.5200,85,1
2026-05-07,601012,14:26:14,16.5200,78,1
2026-05-07,601012,14:26:17,16.5200,139,1
2026-05-07,601012,14:26:20,16.5200,4,1
2026-05-07,601012,14:26:23,16.5200,408,1
2026-05-07,601012,14:26:26,16.5200,106,1
2026-05-07,601012,14:26:29,16.5200,965,1
2026-05-07,601012,14:26:32,16.5200,112,1
2026-05-07,601012,14:26:35,16.5200,270,1
2026-05-07,601012,14:26:38,16.5100,159,2
2026-05-07,601012,14:26:41,16.5200,142,1
2026-05-07,601012,14:26:44,16.5100,392,2
2026-05-07,601012,14:26:47,16.5200,451,1
2026-05-07,601012,14:26:50,16.5200,165,1
2026-05-07,601012,14:26:53,16.5100,541,2
2026-05-07,601012,14:26:56,16.5100,43,2
2026-05-07,601012,14:26:59,16.5100,141,2
2026-05-07,601012,14:27:02,16.5200,169,1
2026-05-07,601012,14:27:05,16.5100,177,2
2026-05-07,601012,14:27:08,16.5200,61,1
2026-05-07,601012,14:27:11,16.5100,48,2
2026-05-07,601012,14:27:14,16.5200,232,1
2026-05-07,601012,14:27:17,16.5200,65,1
2026-05-07,601012,14:27:20,16.5100,124,2
2026-05-07,601012,14:27:23,16.5100,125,2
2026-05-07,601012,14:27:26,16.5200,47,1
2026-05-07,601012,14:27:29,16.5100,31,2
2026-05-07,601012,14:27:32,16.5200,109,1
2026-05-07,601012,14:27:35,16.5100,58,2
2026-05-07,601012,14:27:38,16.5200,38,1
2026-05-07,601012,14:27:41,16.5200,41,1
2026-05-07,601012,14:27:44,16.5100,125,2
2026-05-07,601012,14:27:47,16.5100,84,2
2026-05-07,601012,14:27:50,16.5200,77,1
2026-05-07,601012,14:27:53,16.5100,417,2
2026-05-07,601012,14:27:56,16.5100,146,2
2026-05-07,601012,14:27:59,16.5100,37,2
2026-05-07,601012,14:28:02,16.5100,204,2
2026-05-07,601012,14:28:05,16.5100,293,2
2026-05-07,601012,14:28:08,16.5100,96,2
2026-05-07,601012,14:28:11,16.5100,185,2
2026-05-07,601012,14:28:14,16.5100,167,2
2026-05-07,601012,14:28:17,16.5100,414,2
2026-05-07,601012,14:28:20,16.5200,146,1
2026-05-07,601012,14:28:23,16.5100,144,2
2026-05-07,601012,14:28:26,16.5200,265,1
2026-05-07,601012,14:28:29,16.5200,108,1
2026-05-07,601012,14:28:32,16.5200,391,1
2026-05-07,601012,14:28:35,16.5100,208,2
2026-05-07,601012,14:28:38,16.5200,386,1
2026-05-07,601012,14:28:41,16.5200,185,1
2026-05-07,601012,14:28:44,16.5200,89,1
2026-05-07,601012,14:28:47,16.5100,149,2
2026-05-07,601012,14:28:50,16.5200,22,1
2026-05-07,601012,14:28:53,16.5100,101,2
2026-05-07,601012,14:28:56,16.5200,389,1
2026-05-07,601012,14:28:59,16.5100,235,2
2026-05-07,601012,14:29:02,16.5100,132,2
2026-05-07,601012,14:29:05,16.5100,71,2
2026-05-07,601012,14:29:08,16.5100,450,2
2026-05-07,601012,14:29:11,16.5200,15,1
2026-05-07,601012,14:29:14,16.5200,287,1
2026-05-07,601012,14:29:17,16.5100,106,2
2026-05-07,601012,14:29:20,16.5200,160,1
2026-05-07,601012,14:29:23,16.5200,446,1
2026-05-07,601012,14:29:26,16.5100,498,2
2026-05-07,601012,14:29:29,16.5200,68,1
2026-05-07,601012,14:29:32,16.5100,156,2
2026-05-07,601012,14:29:35,16.5200,29,1
2026-05-07,601012,14:29:38,16.5200,36,1
2026-05-07,601012,14:29:41,16.5100,110,2
2026-05-07,601012,14:29:44,16.5100,86,2
2026-05-07,601012,14:29:47,16.5100,36,2
2026-05-07,601012,14:29:50,16.5100,123,2
2026-05-07,601012,14:29:53,16.5100,578,2
2026-05-07,601012,14:29:56,16.5200,60,1
2026-05-07,601012,14:29:59,16.5200,248,1
2026-05-07,601012,14:30:02,16.5100,363,2
2026-05-07,601012,14:30:05,16.5200,194,1
2026-05-07,601012,14:30:08,16.5100,67,2
2026-05-07,601012,14:30:11,16.5100,68,2
2026-05-07,601012,14:30:14,16.5200,67,1
2026-05-07,601012,14:30:17,16.5200,182,1
2026-05-07,601012,14:30:20,16.5100,262,2
2026-05-07,601012,14:30:23,16.5200,175,1
2026-05-07,601012,14:30:26,16.5100,107,2
2026-05-07,601012,14:30:29,16.5100,47,2
2026-05-07,601012,14:30:32,16.5200,67,1
2026-05-07,601012,14:30:35,16.5200,210,1
2026-05-07,601012,14:30:38,16.5100,24,2
2026-05-07,601012,14:30:41,16.5100,132,2
2026-05-07,601012,14:30:44,16.5200,170,1
2026-05-07,601012,14:30:47,16.5100,169,2
2026-05-07,601012,14:30:50,16.5100,83,2
2026-05-07,601012,14:30:53,16.5100,270,2
2026-05-07,601012,14:30:56,16.5200,110,1
2026-05-07,601012,14:30:59,16.5200,46,1
2026-05-07,601012,14:31:02,16.5100,131,2
2026-05-07,601012,14:31:05,16.5200,256,1
2026-05-07,601012,14:31:08,16.5200,187,1
2026-05-07,601012,14:31:11,16.5100,80,2
2026-05-07,601012,14:31:14,16.5200,134,1
2026-05-07,601012,14:31:17,16.5100,34,2
2026-05-07,601012,14:31:20,16.5200,79,1
2026-05-07,601012,14:31:23,16.5100,169,2
2026-05-07,601012,14:31:26,16.5100,103,2
2026-05-07,601012,14:31:29,16.5100,80,2
2026-05-07,601012,14:31:32,16.5100,62,2
2026-05-07,601012,14:31:35,16.5100,160,2
2026-05-07,601012,14:31:38,16.5200,273,1
2026-05-07,601012,14:31:41,16.5200,354,1
2026-05-07,601012,14:31:44,16.5200,128,1
2026-05-07,601012,14:31:47,16.5200,70,1
2026-05-07,601012,14:31:50,16.5100,735,2
2026-05-07,601012,14:31:53,16.5200,51,1
2026-05-07,601012,14:31:56,16.5200,162,1
2026-05-07,601012,14:31:59,16.5200,428,1
2026-05-07,601012,14:32:02,16.5200,208,1
2026-05-07,601012,14:32:05,16.5200,173,1
2026-05-07,601012,14:32:08,16.5200,409,1
2026-05-07,601012,14:32:11,16.5200,238,1
2026-05-07,601012,14:32:14,16.5100,217,2
2026-05-07,601012,14:32:17,16.5200,49,1
2026-05-07,601012,14:32:20,16.5200,69,1
2026-05-07,601012,14:32:23,16.5100,117,2
2026-05-07,601012,14:32:26,16.5200,36,1
2026-05-07,601012,14:32:29,16.5100,122,2
2026-05-07,601012,14:32:32,16.5200,16,1
2026-05-07,601012,14:32:35,16.5200,103,1
2026-05-07,601012,14:32:38,16.5100,185,2
2026-05-07,601012,14:32:41,16.5100,41,2
2026-05-07,601012,14:32:44,16.5100,283,2
2026-05-07,601012,14:32:47,16.5100,181,2
2026-05-07,601012,14:32:50,16.5200,122,1
2026-05-07,601012,14:32:53,16.5200,54,1
2026-05-07,601012,14:32:56,16.5200,54,1
2026-05-07,601012,14:32:59,16.5200,92,1
2026-05-07,601012,14:33:02,16.5100,269,2
2026-05-07,601012,14:33:05,16.5200,148,1
2026-05-07,601012,14:33:08,16.5200,277,1
2026-05-07,601012,14:33:11,16.5200,58,1
2026-05-07,601012,14:33:14,16.5100,174,2
2026-05-07,601012,14:33:17,16.5100,722,2
2026-05-07,601012,14:33:20,16.5200,156,1
2026-05-07,601012,14:33:23,16.5200,141,1
2026-05-07,601012,14:33:26,16.5200,104,1
2026-05-07,601012,14:33:29,16.5100,105,2
2026-05-07,601012,14:33:32,16.5100,50,2
2026-05-07,601012,14:33:35,16.5100,118,2
2026-05-07,601012,14:33:38,16.5200,453,1
2026-05-07,601012,14:33:41,16.5100,76,2
2026-05-07,601012,14:33:44,16.5100,52,2
2026-05-07,601012,14:33:47,16.5200,107,1
2026-05-07,601012,14:33:50,16.5200,98,1
2026-05-07,601012,14:33:53,16.5100,227,2
2026-05-07,601012,14:33:56,16.5200,21,1
2026-05-07,601012,14:33:59,16.5200,543,1
2026-05-07,601012,14:34:02,16.5100,864,2
2026-05-07,601012,14:34:05,16.5100,20,2
2026-05-07,601012,14:34:08,16.5200,116,1
2026-05-07,601012,14:34:11,16.5200,167,1
2026-05-07,601012,14:34:14,16.5200,1526,1
2026-05-07,601012,14:34:17,16.5100,105,2
2026-05-07,601012,14:34:20,16.5100,257,2
2026-05-07,601012,14:34:23,16.5100,394,2
2026-05-07,601012,14:34:26,16.5100,97,2
2026-05-07,601012,14:34:29,16.5200,48,1
2026-05-07,601012,14:34:32,16.5100,303,2
2026-05-07,601012,14:34:35,16.5100,157,2
2026-05-07,601012,14:34:38,16.5100,155,2
2026-05-07,601012,14:34:41,16.5100,4331,2
2026-05-07,601012,14:34:44,16.5100,1032,2
2026-05-07,601012,14:34:47,16.5200,412,1
2026-05-07,601012,14:34:50,16.5200,242,1
2026-05-07,601012,14:34:53,16.5100,263,2
2026-05-07,601012,14:34:56,16.5100,224,2
2026-05-07,601012,14:34:59,16.5100,326,2
2026-05-07,601012,14:35:02,16.5100,190,2
2026-05-07,601012,14:35:05,16.5100,856,2
2026-05-07,601012,14:35:08,16.5200,447,1
2026-05-07,601012,14:35:11,16.5200,1097,1
2026-05-07,601012,14:35:14,16.5200,290,1
2026-05-07,601012,14:35:17,16.5100,832,2
2026-05-07,601012,14:35:20,16.5200,503,1
2026-05-07,601012,14:35:23,16.5200,628,1
2026-05-07,601012,14:35:26,16.5200,982,2
2026-05-07,601012,14:35:29,16.5200,73,2
2026-05-07,601012,14:35:32,16.5200,96,2
2026-05-07,601012,14:35:35,16.5200,705,2
2026-05-07,601012,14:35:38,16.5200,68,2
2026-05-07,601012,14:35:41,16.5200,473,2
2026-05-07,601012,14:35:44,16.5200,198,2
2026-05-07,601012,14:35:47,16.5200,71,2
2026-05-07,601012,14:35:50,16.5200,141,2
2026-05-07,601012,14:35:53,16.5200,47,2
2026-05-07,601012,14:35:56,16.5200,74,2
2026-05-07,601012,14:35:59,16.5300,255,1
2026-05-07,601012,14:36:02,16.5300,271,1
2026-05-07,601012,14:36:05,16.5200,38,2
2026-05-07,601012,14:36:08,16.5300,82,1
2026-05-07,601012,14:36:11,16.5300,302,1
2026-05-07,601012,14:36:14,16.5300,89,1
2026-05-07,601012,14:36:17,16.5300,53,1
2026-05-07,601012,14:36:20,16.5300,223,1
2026-05-07,601012,14:36:23,16.5200,48,2
2026-05-07,601012,14:36:26,16.5200,148,2
2026-05-07,601012,14:36:29,16.5200,1029,2
2026-05-07,601012,14:36:32,16.5100,209,2
2026-05-07,601012,14:36:35,16.5200,916,1
2026-05-07,601012,14:36:38,16.5200,173,1
2026-05-07,601012,14:36:41,16.5200,318,1
2026-05-07,601012,14:36:44,16.5200,330,2
2026-05-07,601012,14:36:47,16.5200,138,2
2026-05-07,601012,14:36:50,16.5200,61,2
2026-05-07,601012,14:36:53,16.5200,255,2
2026-05-07,601012,14:36:56,16.5300,228,1
2026-05-07,601012,14:36:59,16.5200,33,2
2026-05-07,601012,14:37:02,16.5200,154,2
2026-05-07,601012,14:37:05,16.5300,18,1
2026-05-07,601012,14:37:08,16.5300,118,1
2026-05-07,601012,14:37:11,16.5300,51,1
2026-05-07,601012,14:37:14,16.5200,102,2
2026-05-07,601012,14:37:17,16.5200,43,2
2026-05-07,601012,14:37:20,16.5300,78,1
2026-05-07,601012,14:37:23,16.5200,102,2
2026-05-07,601012,14:37:26,16.5300,18,1
2026-05-07,601012,14:37:29,16.5300,125,1
2026-05-07,601012,14:37:32,16.5200,564,2
2026-05-07,601012,14:37:35,16.5200,571,2
2026-05-07,601012,14:37:38,16.5200,100,2
2026-05-07,601012,14:37:41,16.5200,81,2
2026-05-07,601012,14:37:44,16.5200,85,2
2026-05-07,601012,14:37:47,16.5200,178,2
2026-05-07,601012,14:37:50,16.5200,72,2
2026-05-07,601012,14:37:53,16.5200,1779,2
2026-05-07,601012,14:37:56,16.5200,103,1
2026-05-07,601012,14:37:59,16.5200,718,1
2026-05-07,601012,14:38:02,16.5200,163,2
2026-05-07,601012,14:38:05,16.5300,113,1
2026-05-07,601012,14:38:08,16.5200,562,2
2026-05-07,601012,14:38:11,16.5200,1719,2
2026-05-07,601012,14:38:14,16.5200,114,2
2026-05-07,601012,14:38:17,16.5200,116,2
2026-05-07,601012,14:38:20,16.5200,56,2
2026-05-07,601012,14:38:23,16.5200,128,2
2026-05-07,601012,14:38:26,16.5200,341,2
2026-05-07,601012,14:38:29,16.5200,225,2
2026-05-07,601012,14:38:32,16.5200,41,2
2026-05-07,601012,14:38:35,16.5200,167,2
2026-05-07,601012,14:38:38,16.5200,72,2
2026-05-07,601012,14:38:41,16.5200,80,2
2026-05-07,601012,14:38:44,16.5200,50,2
2026-05-07,601012,14:38:47,16.5300,61,1
2026-05-07,601012,14:38:50,16.5200,456,2
2026-05-07,601012,14:38:53,16.5200,37,2
2026-05-07,601012,14:38:56,16.5200,62,2
2026-05-07,601012,14:38:59,16.5200,92,2
2026-05-07,601012,14:39:02,16.5200,695,2
2026-05-07,601012,14:39:05,16.5300,165,1
2026-05-07,601012,14:39:08,16.5200,33,2
2026-05-07,601012,14:39:11,16.5300,127,1
2026-05-07,601012,14:39:14,16.5300,40,1
2026-05-07,601012,14:39:17,16.5200,108,2
2026-05-07,601012,14:39:20,16.5200,48,2
2026-05-07,601012,14:39:23,16.5300,147,1
2026-05-07,601012,14:39:26,16.5200,242,2
2026-05-07,601012,14:39:29,16.5200,27,2
2026-05-07,601012,14:39:32,16.5200,85,2
2026-05-07,601012,14:39:35,16.5200,561,2
2026-05-07,601012,14:39:38,16.5200,456,2
2026-05-07,601012,14:39:41,16.5200,183,2
2026-05-07,601012,14:39:44,16.5200,136,2
2026-05-07,601012,14:39:47,16.5300,145,1
2026-05-07,601012,14:39:50,16.5300,119,1
2026-05-07,601012,14:39:53,16.5200,217,2
2026-05-07,601012,14:39:56,16.5300,29,1
2026-05-07,601012,14:39:59,16.5300,141,1
2026-05-07,601012,14:40:02,16.5300,62,1
2026-05-07,601012,14:40:05,16.5200,176,2
2026-05-07,601012,14:40:08,16.5200,102,2
2026-05-07,601012,14:40:11,16.5200,70,2
2026-05-07,601012,14:40:14,16.5200,354,2
2026-05-07,601012,14:40:17,16.5200,28,2
2026-05-07,601012,14:40:20,16.5200,367,2
2026-05-07,601012,14:40:23,16.5200,2099,2
2026-05-07,601012,14:40:26,16.5200,617,2
2026-05-07,601012,14:40:29,16.5300,163,1
2026-05-07,601012,14:40:32,16.5200,115,2
2026-05-07,601012,14:40:35,16.5200,312,2
2026-05-07,601012,14:40:38,16.5200,198,2
2026-05-07,601012,14:40:41,16.5200,259,2
2026-05-07,601012,14:40:44,16.5200,136,2
2026-05-07,601012,14:40:47,16.5200,143,2
2026-05-07,601012,14:40:50,16.5300,152,1
2026-05-07,601012,14:40:53,16.5200,135,2
2026-05-07,601012,14:40:56,16.5200,236,2
2026-05-07,601012,14:40:59,16.5200,149,2
2026-05-07,601012,14:41:02,16.5300,192,1
2026-05-07,601012,14:41:05,16.5200,114,2
2026-05-07,601012,14:41:08,16.5300,368,1
2026-05-07,601012,14:41:11,16.5300,181,1
2026-05-07,601012,14:41:14,16.5300,106,1
2026-05-07,601012,14:41:17,16.5200,170,2
2026-05-07,601012,14:41:20,16.5300,152,1
2026-05-07,601012,14:41:23,16.5300,258,1
2026-05-07,601012,14:41:26,16.5300,75,1
2026-05-07,601012,14:41:29,16.5300,84,1
2026-05-07,601012,14:41:32,16.5300,108,1
2026-05-07,601012,14:41:35,16.5300,235,1
2026-05-07,601012,14:41:38,16.5300,583,1
2026-05-07,601012,14:41:41,16.5200,147,2
2026-05-07,601012,14:41:44,16.5200,198,2
2026-05-07,601012,14:41:47,16.5200,1774,2
2026-05-07,601012,14:41:50,16.5200,1748,2
2026-05-07,601012,14:41:53,16.5200,602,1
2026-05-07,601012,14:41:56,16.5200,1028,1
2026-05-07,601012,14:41:59,16.5300,188,1
2026-05-07,601012,14:42:02,16.5200,127,2
2026-05-07,601012,14:42:05,16.5200,61,2
2026-05-07,601012,14:42:08,16.5200,54,2
2026-05-07,601012,14:42:11,16.5200,260,2
2026-05-07,601012,14:42:14,16.5200,236,2
2026-05-07,601012,14:42:17,16.5200,89,2
2026-05-07,601012,14:42:20,16.5300,235,1
2026-05-07,601012,14:42:23,16.5200,805,2
2026-05-07,601012,14:42:26,16.5300,198,1
2026-05-07,601012,14:42:29,16.5200,136,2
2026-05-07,601012,14:42:32,16.5200,94,2
2026-05-07,601012,14:42:35,16.5200,106,2
2026-05-07,601012,14:42:38,16.5200,224,2
2026-05-07,601012,14:42:41,16.5200,146,2
2026-05-07,601012,14:42:44,16.5200,245,2
2026-05-07,601012,14:42:47,16.5200,286,2
2026-05-07,601012,14:42:50,16.5300,59,1
2026-05-07,601012,14:42:53,16.5200,88,2
2026-05-07,601012,14:42:56,16.5300,226,1
2026-05-07,601012,14:42:59,16.5200,38,2
2026-05-07,601012,14:43:02,16.5300,346,1
2026-05-07,601012,14:43:05,16.5300,96,1
2026-05-07,601012,14:43:08,16.5300,117,1
2026-05-07,601012,14:43:11,16.5300,12,1
2026-05-07,601012,14:43:14,16.5200,148,2
2026-05-07,601012,14:43:17,16.5300,93,1
2026-05-07,601012,14:43:20,16.5300,91,1
2026-05-07,601012,14:43:23,16.5200,135,2
2026-05-07,601012,14:43:26,16.5200,42,2
2026-05-07,601012,14:43:29,16.5300,155,1
2026-05-07,601012,14:43:32,16.5200,126,2
2026-05-07,601012,14:43:35,16.5200,280,2
2026-05-07,601012,14:43:38,16.5200,58,2
2026-05-07,601012,14:43:41,16.5200,56,2
2026-05-07,601012,14:43:44,16.5200,116,2
2026-05-07,601012,14:43:47,16.5200,150,2
2026-05-07,601012,14:43:50,16.5300,544,1
2026-05-07,601012,14:43:53,16.5200,407,2
2026-05-07,601012,14:43:56,16.5200,180,2
2026-05-07,601012,14:43:59,16.5300,123,1
2026-05-07,601012,14:44:02,16.5200,118,2
2026-05-07,601012,14:44:05,16.5300,276,1
2026-05-07,601012,14:44:08,16.5300,86,1
2026-05-07,601012,14:44:11,16.5300,42,1
2026-05-07,601012,14:44:14,16.5200,338,2
2026-05-07,601012,14:44:17,16.5200,266,2
2026-05-07,601012,14:44:20,16.5300,223,1
2026-05-07,601012,14:44:23,16.5300,65,1
2026-05-07,601012,14:44:26,16.5300,237,1
2026-05-07,601012,14:44:29,16.5300,462,1
2026-05-07,601012,14:44:32,16.5200,75,2
2026-05-07,601012,14:44:35,16.5300,36,1
2026-05-07,601012,14:44:38,16.5200,150,2
2026-05-07,601012,14:44:41,16.5300,93,1
2026-05-07,601012,14:44:44,16.5300,71,1
2026-05-07,601012,14:44:47,16.5300,33,1
2026-05-07,601012,14:44:50,16.5200,210,2
2026-05-07,601012,14:44:53,16.5300,82,1
2026-05-07,601012,14:44:56,16.5200,74,2
2026-05-07,601012,14:44:59,16.5200,102,2
2026-05-07,601012,14:45:02,16.5300,436,1
2026-05-07,601012,14:45:05,16.5300,154,1
2026-05-07,601012,14:45:08,16.5200,256,2
2026-05-07,601012,14:45:11,16.5200,154,2
2026-05-07,601012,14:45:14,16.5200,148,2
2026-05-07,601012,14:45:17,16.5300,201,1
2026-05-07,601012,14:45:20,16.5200,308,2
2026-05-07,601012,14:45:23,16.5200,60,2
2026-05-07,601012,14:45:26,16.5300,398,1
2026-05-07,601012,14:45:29,16.5200,188,2
2026-05-07,601012,14:45:32,16.5200,132,2
2026-05-07,601012,14:45:35,16.5200,194,2
2026-05-07,601012,14:45:38,16.5200,266,2
2026-05-07,601012,14:45:41,16.5200,50,2
2026-05-07,601012,14:45:44,16.5200,48,2
2026-05-07,601012,14:45:47,16.5200,642,2
2026-05-07,601012,14:45:50,16.5200,162,2
2026-05-07,601012,14:45:53,16.5200,100,2
2026-05-07,601012,14:45:56,16.5200,162,2
2026-05-07,601012,14:45:59,16.5300,202,1
2026-05-07,601012,14:46:02,16.5200,132,2
2026-05-07,601012,14:46:05,16.5200,153,2
2026-05-07,601012,14:46:08,16.5300,76,1
2026-05-07,601012,14:46:11,16.5200,275,2
2026-05-07,601012,14:46:14,16.5300,168,1
2026-05-07,601012,14:46:17,16.5300,180,1
2026-05-07,601012,14:46:20,16.5200,968,2
2026-05-07,601012,14:46:23,16.5200,97,2
2026-05-07,601012,14:46:26,16.5300,197,1
2026-05-07,601012,14:46:29,16.5200,1192,2
2026-05-07,601012,14:46:32,16.5200,66,2
2026-05-07,601012,14:46:35,16.5300,153,1
2026-05-07,601012,14:46:38,16.5300,121,1
2026-05-07,601012,14:46:41,16.5300,301,1
2026-05-07,601012,14:46:44,16.5300,1982,1
2026-05-07,601012,14:46:47,16.5200,573,2
2026-05-07,601012,14:46:50,16.5300,105,1
2026-05-07,601012,14:46:53,16.5300,268,1
2026-05-07,601012,14:46:56,16.5300,293,1
2026-05-07,601012,14:46:59,16.5200,123,2
2026-05-07,601012,14:47:02,16.5200,148,2
2026-05-07,601012,14:47:05,16.5300,255,1
2026-05-07,601012,14:47:08,16.5300,134,1
2026-05-07,601012,14:47:11,16.5300,54,1
2026-05-07,601012,14:47:14,16.5200,386,2
2026-05-07,601012,14:47:17,16.5300,130,1
2026-05-07,601012,14:47:20,16.5300,36,1
2026-05-07,601012,14:47:23,16.5200,84,2
2026-05-07,601012,14:47:26,16.5300,76,1
2026-05-07,601012,14:47:29,16.5300,156,1
2026-05-07,601012,14:47:32,16.5300,197,1
2026-05-07,601012,14:47:35,16.5300,173,1
2026-05-07,601012,14:47:38,16.5300,811,1
2026-05-07,601012,14:47:41,16.5300,67,1
2026-05-07,601012,14:47:44,16.5300,110,1
2026-05-07,601012,14:47:47,16.5300,127,1
2026-05-07,601012,14:47:50,16.5300,882,1
2026-05-07,601012,14:47:53,16.5300,402,1
2026-05-07,601012,14:47:56,16.5300,31,2
2026-05-07,601012,14:47:59,16.5300,180,2
2026-05-07,601012,14:48:02,16.5400,91,1
2026-05-07,601012,14:48:05,16.5300,149,2
2026-05-07,601012,14:48:08,16.5300,410,2
2026-05-07,601012,14:48:11,16.5400,187,1
2026-05-07,601012,14:48:14,16.5400,29,1
2026-05-07,601012,14:48:17,16.5400,44,1
2026-05-07,601012,14:48:20,16.5400,384,1
2026-05-07,601012,14:48:23,16.5300,121,2
2026-05-07,601012,14:48:26,16.5300,166,2
2026-05-07,601012,14:48:29,16.5300,158,2
2026-05-07,601012,14:48:32,16.5300,86,2
2026-05-07,601012,14:48:35,16.5300,74,2
2026-05-07,601012,14:48:38,16.5300,205,2
2026-05-07,601012,14:48:41,16.5400,103,1
2026-05-07,601012,14:48:44,16.5400,211,1
2026-05-07,601012,14:48:47,16.5400,338,1
2026-05-07,601012,14:48:50,16.5400,201,1
2026-05-07,601012,14:48:53,16.5400,130,1
2026-05-07,601012,14:48:56,16.5400,140,1
2026-05-07,601012,14:48:59,16.5300,216,2
2026-05-07,601012,14:49:02,16.5400,129,1
2026-05-07,601012,14:49:05,16.5300,118,2
2026-05-07,601012,14:49:08,16.5400,136,1
2026-05-07,601012,14:49:11,16.5400,183,1
2026-05-07,601012,14:49:14,16.5300,376,2
2026-05-07,601012,14:49:17,16.5300,91,2
2026-05-07,601012,14:49:20,16.5300,469,2
2026-05-07,601012,14:49:23,16.5400,173,1
2026-05-07,601012,14:49:26,16.5400,35,1
2026-05-07,601012,14:49:29,16.5400,1829,1
2026-05-07,601012,14:49:32,16.5300,118,2
2026-05-07,601012,14:49:35,16.5400,173,1
2026-05-07,601012,14:49:38,16.5300,235,2
2026-05-07,601012,14:49:41,16.5400,70,1
2026-05-07,601012,14:49:44,16.5300,161,2
2026-05-07,601012,14:49:47,16.5300,159,2
2026-05-07,601012,14:49:50,16.5300,165,2
2026-05-07,601012,14:49:53,16.5300,135,2
2026-05-07,601012,14:49:56,16.5400,83,1
2026-05-07,601012,14:49:59,16.5300,115,2
2026-05-07,601012,14:50:02,16.5300,311,2
2026-05-07,601012,14:50:05,16.5400,112,1
2026-05-07,601012,14:50:08,16.5400,87,1
2026-05-07,601012,14:50:11,16.5400,167,1
2026-05-07,601012,14:50:14,16.5400,260,1
2026-05-07,601012,14:50:17,16.5400,106,1
2026-05-07,601012,14:50:20,16.5300,104,2
2026-05-07,601012,14:50:23,16.5400,253,1
2026-05-07,601012,14:50:26,16.5400,171,1
2026-05-07,601012,14:50:29,16.5300,267,2
2026-05-07,601012,14:50:32,16.5400,291,1
2026-05-07,601012,14:50:35,16.5400,352,1
2026-05-07,601012,14:50:38,16.5400,269,1
2026-05-07,601012,14:50:41,16.5300,149,2
2026-05-07,601012,14:50:44,16.5300,1135,2
2026-05-07,601012,14:50:47,16.5400,370,1
2026-05-07,601012,14:50:50,16.5400,272,1
2026-05-07,601012,14:50:53,16.5400,212,1
2026-05-07,601012,14:50:56,16.5300,345,2
2026-05-07,601012,14:50:59,16.5300,331,2
2026-05-07,601012,14:51:02,16.5400,117,1
2026-05-07,601012,14:51:05,16.5400,254,1
2026-05-07,601012,14:51:08,16.5400,186,1
2026-05-07,601012,14:51:11,16.5400,78,1
2026-05-07,601012,14:51:14,16.5400,175,1
2026-05-07,601012,14:51:17,16.5400,329,1
2026-05-07,601012,14:51:20,16.5400,502,1
2026-05-07,601012,14:51:23,16.5400,235,1
2026-05-07,601012,14:51:26,16.5300,272,2
2026-05-07,601012,14:51:29,16.5300,475,2
2026-05-07,601012,14:51:32,16.5300,984,2
2026-05-07,601012,14:51:35,16.5300,181,2
2026-05-07,601012,14:51:38,16.5300,233,2
2026-05-07,601012,14:51:41,16.5400,139,1
2026-05-07,601012,14:51:44,16.5300,218,2
2026-05-07,601012,14:51:47,16.5400,236,1
2026-05-07,601012,14:51:50,16.5300,157,2
2026-05-07,601012,14:51:53,16.5400,84,1
2026-05-07,601012,14:51:56,16.5300,105,2
2026-05-07,601012,14:51:59,16.5300,164,2
2026-05-07,601012,14:52:02,16.5300,190,2
2026-05-07,601012,14:52:05,16.5300,119,2
2026-05-07,601012,14:52:08,16.5300,242,2
2026-05-07,601012,14:52:11,16.5400,142,1
2026-05-07,601012,14:52:14,16.5400,68,1
2026-05-07,601012,14:52:17,16.5400,127,1
2026-05-07,601012,14:52:20,16.5400,177,1
2026-05-07,601012,14:52:23,16.5300,142,2
2026-05-07,601012,14:52:26,16.5300,183,2
2026-05-07,601012,14:52:29,16.5400,217,1
2026-05-07,601012,14:52:32,16.5400,343,1
2026-05-07,601012,14:52:35,16.5400,210,1
2026-05-07,601012,14:52:38,16.5400,201,1
2026-05-07,601012,14:52:41,16.5400,470,1
2026-05-07,601012,14:52:44,16.5400,100,1
2026-05-07,601012,14:52:47,16.5400,172,1
2026-05-07,601012,14:52:50,16.5400,110,1
2026-05-07,601012,14:52:53,16.5400,109,1
2026-05-07,601012,14:52:56,16.5400,264,1
2026-05-07,601012,14:52:59,16.5300,389,2
2026-05-07,601012,14:53:02,16.5400,222,1
2026-05-07,601012,14:53:05,16.5400,177,1
2026-05-07,601012,14:53:08,16.5300,288,2
2026-05-07,601012,14:53:11,16.5400,155,1
2026-05-07,601012,14:53:14,16.5400,222,1
2026-05-07,601012,14:53:17,16.5400,1357,1
2026-05-07,601012,14:53:20,16.5400,145,1
2026-05-07,601012,14:53:23,16.5400,222,1
2026-05-07,601012,14:53:26,16.5400,364,1
2026-05-07,601012,14:53:29,16.5300,161,2
2026-05-07,601012,14:53:32,16.5300,561,2
2026-05-07,601012,14:53:35,16.5300,170,2
2026-05-07,601012,14:53:38,16.5300,166,2
2026-05-07,601012,14:53:41,16.5300,270,2
2026-05-07,601012,14:53:44,16.5300,223,2
2026-05-07,601012,14:53:47,16.5300,79,2
2026-05-07,601012,14:53:50,16.5400,755,1
2026-05-07,601012,14:53:53,16.5400,262,1
2026-05-07,601012,14:53:56,16.5300,122,2
2026-05-07,601012,14:53:59,16.5400,194,1
2026-05-07,601012,14:54:02,16.5300,555,2
2026-05-07,601012,14:54:05,16.5400,1126,1
2026-05-07,601012,14:54:08,16.5300,258,2
2026-05-07,601012,14:54:11,16.5300,255,2
2026-05-07,601012,14:54:14,16.5400,1788,1
2026-05-07,601012,14:54:17,16.5400,429,1
2026-05-07,601012,14:54:20,16.5300,358,2
2026-05-07,601012,14:54:23,16.5400,683,1
2026-05-07,601012,14:54:26,16.5300,186,2
2026-05-07,601012,14:54:29,16.5400,405,1
2026-05-07,601012,14:54:32,16.5400,517,1
2026-05-07,601012,14:54:35,16.5400,597,1
2026-05-07,601012,14:54:38,16.5400,43,1
2026-05-07,601012,14:54:41,16.5400,217,1
2026-05-07,601012,14:54:44,16.5300,303,2
2026-05-07,601012,14:54:47,16.5400,472,1
2026-05-07,601012,14:54:50,16.5300,183,2
2026-05-07,601012,14:54:53,16.5400,197,1
2026-05-07,601012,14:54:56,16.5400,519,1
2026-05-07,601012,14:54:59,16.5400,253,2
2026-05-07,601012,14:55:02,16.5300,262,2
2026-05-07,601012,14:55:05,16.5400,453,1
2026-05-07,601012,14:55:08,16.5400,636,2
2026-05-07,601012,14:55:11,16.5400,345,1
2026-05-07,601012,14:55:14,16.5500,422,1
2026-05-07,601012,14:55:17,16.5400,1374,2
2026-05-07,601012,14:55:20,16.5400,411,2
2026-05-07,601012,14:55:23,16.5400,555,1
2026-05-07,601012,14:55:26,16.5400,289,1
2026-05-07,601012,14:55:29,16.5400,188,1
2026-05-07,601012,14:55:32,16.5400,313,1
2026-05-07,601012,14:55:35,16.5400,480,1
2026-05-07,601012,14:55:38,16.5300,405,2
2026-05-07,601012,14:55:41,16.5300,217,2
2026-05-07,601012,14:55:44,16.5400,91,1
2026-05-07,601012,14:55:47,16.5400,139,1
2026-05-07,601012,14:55:50,16.5300,405,2
2026-05-07,601012,14:55:53,16.5400,107,1
2026-05-07,601012,14:55:56,16.5300,143,2
2026-05-07,601012,14:55:59,16.5400,408,1
2026-05-07,601012,14:56:02,16.5400,188,1
2026-05-07,601012,14:56:05,16.5300,443,2
2026-05-07,601012,14:56:08,16.5400,123,1
2026-05-07,601012,14:56:11,16.5300,1096,2
2026-05-07,601012,14:56:14,16.5400,239,1
2026-05-07,601012,14:56:17,16.5300,303,2
2026-05-07,601012,14:56:20,16.5400,177,1
2026-05-07,601012,14:56:23,16.5300,580,2
2026-05-07,601012,14:56:26,16.5400,391,1
2026-05-07,601012,14:56:29,16.5400,95,2
2026-05-07,601012,14:56:32,16.5500,158,1
2026-05-07,601012,14:56:35,16.5400,114,2
2026-05-07,601012,14:56:38,16.5500,164,1
2026-05-07,601012,14:56:41,16.5400,230,2
2026-05-07,601012,14:56:44,16.5400,634,2
2026-05-07,601012,14:56:47,16.5500,188,1
2026-05-07,601012,14:56:50,16.5500,205,1
2026-05-07,601012,14:56:53,16.5400,294,2
2026-05-07,601012,14:56:56,16.5500,123,1
2026-05-07,601012,14:56:59,16.5500,183,1
2026-05-07,601012,14:57:02,16.5500,41,1
2026-05-07,601012,15:00:03,16.5500,18192,4
2026-05-07,601012,13:17:02,16.5700,651,2
2026-05-07,601012,13:17:05,16.5700,164,2
2026-05-07,601012,13:17:08,16.5800,41,1
2026-05-07,601012,13:17:11,16.5800,36,1
2026-05-07,601012,13:17:14,16.5800,60,1
2026-05-07,601012,13:17:17,16.5800,166,1
2026-05-07,601012,13:17:20,16.5800,77,1
2026-05-07,601012,13:17:23,16.5800,4,1
2026-05-07,601012,13:17:26,16.5800,67,1
2026-05-07,601012,13:17:29,16.5700,148,2
2026-05-07,601012,13:17:32,16.5700,34,2
2026-05-07,601012,13:17:35,16.5800,344,1
2026-05-07,601012,13:17:38,16.5800,116,1
2026-05-07,601012,13:17:41,16.5800,676,1
2026-05-07,601012,13:17:44,16.5800,80,1
2026-05-07,601012,13:17:47,16.5800,128,1
2026-05-07,601012,13:17:50,16.5700,44,2
2026-05-07,601012,13:17:53,16.5700,18,2
2026-05-07,601012,13:17:56,16.5700,31,2
2026-05-07,601012,13:17:59,16.5800,88,1
2026-05-07,601012,13:18:02,16.5700,3507,2
2026-05-07,601012,13:18:05,16.5600,79,2
2026-05-07,601012,13:18:08,16.5700,177,1
2026-05-07,601012,13:18:11,16.5700,61,1
2026-05-07,601012,13:18:14,16.5600,159,2
2026-05-07,601012,13:18:17,16.5600,6281,2
2026-05-07,601012,13:18:20,16.5600,29,1
2026-05-07,601012,13:18:23,16.5600,142,1
2026-05-07,601012,13:18:26,16.5500,83,2
2026-05-07,601012,13:18:29,16.5600,382,1
2026-05-07,601012,13:18:32,16.5500,1189,2
2026-05-07,601012,13:18:35,16.5500,1361,2
2026-05-07,601012,13:18:38,16.5600,666,1
2026-05-07,601012,13:18:41,16.5500,92,2
2026-05-07,601012,13:18:44,16.5600,2,1
2026-05-07,601012,13:18:47,16.5500,30,2
2026-05-07,601012,13:18:50,16.5500,355,2
2026-05-07,601012,13:18:53,16.5500,124,2
2026-05-07,601012,13:18:56,16.5500,125,2
2026-05-07,601012,13:18:59,16.5600,372,1
2026-05-07,601012,13:19:02,16.5600,163,1
2026-05-07,601012,13:19:05,16.5600,955,1
2026-05-07,601012,13:19:08,16.5600,420,1
2026-05-07,601012,13:19:11,16.5600,168,2
2026-05-07,601012,13:19:14,16.5600,191,2
2026-05-07,601012,13:19:17,16.5600,141,2
2026-05-07,601012,13:19:20,16.5700,179,1
2026-05-07,601012,13:19:23,16.5700,8,1
2026-05-07,601012,13:19:26,16.5600,57,2
2026-05-07,601012,13:19:29,16.5700,68,1
2026-05-07,601012,13:19:32,16.5600,43,2
2026-05-07,601012,13:19:35,16.5700,14,1
2026-05-07,601012,13:19:38,16.5600,149,2
2026-05-07,601012,13:19:41,16.5600,36,2
2026-05-07,601012,13:19:44,16.5600,43,2
2026-05-07,601012,13:19:47,16.5600,129,2
2026-05-07,601012,13:19:50,16.5600,176,2
2026-05-07,601012,13:19:53,16.5700,208,1
2026-05-07,601012,13:19:56,16.5600,339,2
2026-05-07,601012,13:19:59,16.5700,163,1
2026-05-07,601012,13:20:02,16.5600,50,2
2026-05-07,601012,13:20:05,16.5600,6,2
2026-05-07,601012,13:20:08,16.5600,42,2
2026-05-07,601012,13:20:11,16.5700,4,1
2026-05-07,601012,13:20:14,16.5600,119,2
2026-05-07,601012,13:20:17,16.5600,89,2
2026-05-07,601012,13:20:20,16.5700,79,1
2026-05-07,601012,13:20:23,16.5600,110,2
2026-05-07,601012,13:20:26,16.5700,44,1
2026-05-07,601012,13:20:29,16.5700,57,1
2026-05-07,601012,13:20:32,16.5600,174,2
2026-05-07,601012,13:20:35,16.5600,154,2
2026-05-07,601012,13:20:38,16.5600,607,2
2026-05-07,601012,13:20:41,16.5600,20,1
2026-05-07,601012,13:20:44,16.5600,301,1
2026-05-07,601012,13:20:47,16.5600,345,1
2026-05-07,601012,13:20:50,16.5600,24,1
2026-05-07,601012,13:20:53,16.5600,102,1
2026-05-07,601012,13:20:56,16.5600,166,1
2026-05-07,601012,13:20:59,16.5600,40,1
2026-05-07,601012,13:21:02,16.5600,97,1
2026-05-07,601012,13:21:05,16.5600,35,1
2026-05-07,601012,13:21:08,16.5600,38,1
2026-05-07,601012,13:21:11,16.5600,2034,1
2026-05-07,601012,13:21:14,16.5500,82,2
2026-05-07,601012,13:21:17,16.5600,115,1
2026-05-07,601012,13:21:20,16.5500,73,2
2026-05-07,601012,13:21:23,16.5600,133,1
2026-05-07,601012,13:21:26,16.5600,87,1
2026-05-07,601012,13:21:29,16.5600,125,1
2026-05-07,601012,13:21:32,16.5500,83,2
2026-05-07,601012,13:21:35,16.5600,34,1
2026-05-07,601012,13:21:38,16.5500,77,2
2026-05-07,601012,13:21:41,16.5500,184,2
2026-05-07,601012,13:21:44,16.5500,11,2
2026-05-07,601012,13:21:47,16.5500,44,2
2026-05-07,601012,13:21:50,16.5500,42,2
2026-05-07,601012,13:21:53,16.5500,156,2
2026-05-07,601012,13:21:56,16.5500,79,2
2026-05-07,601012,13:21:59,16.5500,55,2
2026-05-07,601012,13:22:02,16.5600,141,1
2026-05-07,601012,13:22:05,16.5500,83,2
2026-05-07,601012,13:22:08,16.5500,53,2
2026-05-07,601012,13:22:11,16.5600,120,1
2026-05-07,601012,13:22:14,16.5600,116,1
2026-05-07,601012,13:22:17,16.5500,295,2
2026-05-07,601012,13:22:20,16.5600,189,1
2026-05-07,601012,13:22:23,16.5600,323,1
2026-05-07,601012,13:22:26,16.5600,84,1
2026-05-07,601012,13:22:29,16.5500,155,2
2026-05-07,601012,13:22:32,16.5600,364,1
2026-05-07,601012,13:22:35,16.5500,100,2
2026-05-07,601012,13:22:38,16.5500,179,2
2026-05-07,601012,13:22:41,16.5600,948,1
2026-05-07,601012,13:22:44,16.5600,116,1
2026-05-07,601012,13:22:47,16.5600,181,1
2026-05-07,601012,13:22:50,16.5600,518,1
2026-05-07,601012,13:22:53,16.5600,103,1
2026-05-07,601012,13:22:56,16.5500,131,2
2026-05-07,601012,13:22:59,16.5600,179,1
2026-05-07,601012,13:23:02,16.5600,47,1
2026-05-07,601012,13:23:05,16.5500,229,2
2026-05-07,601012,13:23:08,16.5600,75,1
2026-05-07,601012,13:23:11,16.5600,181,1
2026-05-07,601012,13:23:14,16.5600,149,1
2026-05-07,601012,13:23:17,16.5600,146,1
2026-05-07,601012,13:23:20,16.5500,196,2
2026-05-07,601012,13:23:23,16.5500,109,2
2026-05-07,601012,13:23:26,16.5600,16,1
2026-05-07,601012,13:23:29,16.5500,56,2
2026-05-07,601012,13:23:32,16.5600,191,1
2026-05-07,601012,13:23:35,16.5500,60,2
2026-05-07,601012,13:23:38,16.5500,69,2
2026-05-07,601012,13:23:41,16.5500,99,2
2026-05-07,601012,13:23:44,16.5600,117,1
2026-05-07,601012,13:23:47,16.5600,43,1
2026-05-07,601012,13:23:50,16.5600,148,1
2026-05-07,601012,13:23:53,16.5600,80,1
2026-05-07,601012,13:23:56,16.5600,143,1
2026-05-07,601012,13:23:59,16.5500,81,2
2026-05-07,601012,13:24:02,16.5500,162,2
2026-05-07,601012,13:24:05,16.5500,177,2
2026-05-07,601012,13:24:08,16.5600,107,1
2026-05-07,601012,13:24:11,16.5600,117,1
2026-05-07,601012,13:24:14,16.5600,126,1
2026-05-07,601012,13:24:17,16.5600,41,1
2026-05-07,601012,13:24:20,16.5600,164,1
2026-05-07,601012,13:24:23,16.5500,76,2
2026-05-07,601012,13:24:26,16.5600,99,1
2026-05-07,601012,13:24:29,16.5600,302,1
2026-05-07,601012,13:24:32,16.5500,3412,2
2026-05-07,601012,13:24:35,16.5500,315,2
2026-05-07,601012,13:24:38,16.5500,138,2
2026-05-07,601012,13:24:41,16.5500,83,2
2026-05-07,601012,13:24:44,16.5600,50,1
2026-05-07,601012,13:24:47,16.5500,47,2
2026-05-07,601012,13:24:50,16.5500,37,2
2026-05-07,601012,13:24:53,16.5600,29,1
2026-05-07,601012,13:24:56,16.5600,117,1
2026-05-07,601012,13:24:59,16.5500,232,2
2026-05-07,601012,13:25:02,16.5500,27,2
2026-05-07,601012,13:25:05,16.5500,114,2
2026-05-07,601012,13:25:08,16.5500,166,2
2026-05-07,601012,13:25:11,16.5600,32,1
2026-05-07,601012,13:25:14,16.5500,72,2
2026-05-07,601012,13:25:17,16.5600,533,1
2026-05-07,601012,13:25:20,16.5600,138,1
2026-05-07,601012,13:25:23,16.5500,198,2
2026-05-07,601012,13:25:26,16.5600,50,1
2026-05-07,601012,13:25:29,16.5600,96,1
2026-05-07,601012,13:25:32,16.5500,689,2
2026-05-07,601012,13:25:35,16.5500,155,2
2026-05-07,601012,13:25:38,16.5600,196,1
2026-05-07,601012,13:25:41,16.5600,90,1
2026-05-07,601012,13:25:44,16.5600,123,1
2026-05-07,601012,13:25:47,16.5600,196,1
2026-05-07,601012,13:25:50,16.5600,128,1
2026-05-07,601012,13:25:53,16.5500,107,2
2026-05-07,601012,13:25:56,16.5500,137,2
2026-05-07,601012,13:25:59,16.5500,109,2
2026-05-07,601012,13:26:02,16.5600,74,1
2026-05-07,601012,13:26:05,16.5500,204,2
2026-05-07,601012,13:26:08,16.5500,68,2
2026-05-07,601012,13:26:11,16.5600,117,1
2026-05-07,601012,13:26:14,16.5600,137,1
2026-05-07,601012,13:26:17,16.5500,36,2
2026-05-07,601012,13:26:20,16.5500,269,2
2026-05-07,601012,13:26:23,16.5500,62,2
2026-05-07,601012,13:26:26,16.5600,95,1
2026-05-07,601012,13:26:29,16.5600,153,1
2026-05-07,601012,13:26:32,16.5500,265,2
2026-05-07,601012,13:26:35,16.5600,195,1
2026-05-07,601012,13:26:38,16.5600,126,1
2026-05-07,601012,13:26:41,16.5600,22,1
2026-05-07,601012,13:26:44,16.5500,943,2
2026-05-07,601012,13:26:47,16.5600,59,1
2026-05-07,601012,13:26:50,16.5600,107,1
2026-05-07,601012,13:26:53,16.5600,103,1
2026-05-07,601012,13:26:56,16.5600,58,1
2026-05-07,601012,13:26:59,16.5600,125,1
2026-05-07,601012,13:27:02,16.5600,72,1
2026-05-07,601012,13:27:05,16.5600,169,1
2026-05-07,601012,13:27:08,16.5600,278,1
2026-05-07,601012,13:27:11,16.5600,111,1
2026-05-07,601012,13:27:14,16.5600,121,1
2026-05-07,601012,13:27:17,16.5500,248,2
2026-05-07,601012,13:27:20,16.5600,586,1
2026-05-07,601012,13:27:23,16.5600,76,1
2026-05-07,601012,13:27:26,16.5600,39,1
2026-05-07,601012,13:27:29,16.5600,63,1
2026-05-07,601012,13:27:32,16.5600,140,1
2026-05-07,601012,13:27:35,16.5500,283,2
2026-05-07,601012,13:27:38,16.5600,131,1
2026-05-07,601012,13:27:41,16.5600,16,1
2026-05-07,601012,13:27:44,16.5600,136,1
2026-05-07,601012,13:27:47,16.5600,17,1
2026-05-07,601012,13:27:50,16.5500,161,2
2026-05-07,601012,13:27:53,16.5600,250,1
2026-05-07,601012,13:27:56,16.5500,87,2
2026-05-07,601012,13:27:59,16.5500,92,2
2026-05-07,601012,13:28:02,16.5400,16990,2
2026-05-07,601012,13:28:05,16.5400,666,1
2026-05-07,601012,13:28:08,16.5400,107,1
2026-05-07,601012,13:28:11,16.5300,87,2
2026-05-07,601012,13:28:14,16.5300,109,2
2026-05-07,601012,13:28:17,16.5400,163,1
2026-05-07,601012,13:28:20,16.5300,215,2
2026-05-07,601012,13:28:23,16.5400,165,1
2026-05-07,601012,13:28:26,16.5400,1167,1
2026-05-07,601012,13:28:29,16.5400,284,2
2026-05-07,601012,13:28:32,16.5300,491,2
2026-05-07,601012,13:28:35,16.5400,103,1
2026-05-07,601012,13:28:38,16.5300,146,2
2026-05-07,601012,13:28:41,16.5400,145,1
2026-05-07,601012,13:28:44,16.5400,84,1
2026-05-07,601012,13:28:47,16.5400,116,1
2026-05-07,601012,13:28:50,16.5300,81,2
2026-05-07,601012,13:28:53,16.5300,459,2
2026-05-07,601012,13:28:56,16.5300,132,2
2026-05-07,601012,13:28:59,16.5400,637,1
2026-05-07,601012,13:29:02,16.5300,93,2
2026-05-07,601012,13:29:05,16.5300,240,2
2026-05-07,601012,13:29:08,16.5300,97,2
2026-05-07,601012,13:29:11,16.5400,76,1
2026-05-07,601012,13:29:14,16.5300,41,2
2026-05-07,601012,13:29:17,16.5300,116,2
2026-05-07,601012,13:29:20,16.5300,76,2
2026-05-07,601012,13:29:23,16.5300,242,2
2026-05-07,601012,13:29:26,16.5400,326,1
2026-05-07,601012,13:29:29,16.5300,76,2
2026-05-07,601012,13:29:32,16.5300,121,2
2026-05-07,601012,13:29:35,16.5400,48,1
2026-05-07,601012,13:29:38,16.5400,63,1
2026-05-07,601012,13:29:41,16.5300,39,2
2026-05-07,601012,13:29:44,16.5300,613,2
2026-05-07,601012,13:29:47,16.5400,437,1
2026-05-07,601012,13:29:50,16.5400,117,1
2026-05-07,601012,13:29:53,16.5300,222,2
2026-05-07,601012,13:29:56,16.5300,116,2
2026-05-07,601012,13:29:59,16.5300,183,2
2026-05-07,601012,13:30:02,16.5400,77,1
2026-05-07,601012,13:30:05,16.5400,44,1
2026-05-07,601012,13:30:08,16.5300,637,2
2026-05-07,601012,13:30:11,16.5300,83,2
2026-05-07,601012,13:30:14,16.5400,81,1
2026-05-07,601012,13:30:17,16.5400,100,1
2026-05-07,601012,13:30:20,16.5300,226,2
2026-05-07,601012,13:30:23,16.5400,80,1
2026-05-07,601012,13:30:26,16.5300,232,2
2026-05-07,601012,13:30:29,16.5400,57,1
2026-05-07,601012,13:30:32,16.5400,136,1
2026-05-07,601012,13:30:35,16.5300,128,2
2026-05-07,601012,13:30:38,16.5400,78,1
2026-05-07,601012,13:30:41,16.5400,110,1
2026-05-07,601012,13:30:44,16.5400,300,1
2026-05-07,601012,13:30:47,16.5400,59,1
2026-05-07,601012,13:30:50,16.5300,119,2
2026-05-07,601012,13:30:53,16.5400,183,1
2026-05-07,601012,13:30:56,16.5300,241,2
2026-05-07,601012,13:30:59,16.5400,228,1
2026-05-07,601012,13:31:02,16.5400,100,1
2026-05-07,601012,13:31:05,16.5400,1477,1
2026-05-07,601012,13:31:08,16.5400,124,2
2026-05-07,601012,13:31:11,16.5400,8,2
2026-05-07,601012,13:31:14,16.5400,85,2
2026-05-07,601012,13:31:17,16.5400,46,2
2026-05-07,601012,13:31:20,16.5400,94,2
2026-05-07,601012,13:31:23,16.5400,73,2
2026-05-07,601012,13:31:26,16.5400,164,2
2026-05-07,601012,13:31:29,16.5400,72,2
2026-05-07,601012,13:31:32,16.5400,458,2
2026-05-07,601012,13:31:35,16.5400,230,2
2026-05-07,601012,13:31:38,16.5500,250,1
2026-05-07,601012,13:31:41,16.5500,506,1
2026-05-07,601012,13:31:44,16.5400,93,2
2026-05-07,601012,13:31:47,16.5500,76,1
2026-05-07,601012,13:31:50,16.5500,83,1
2026-05-07,601012,13:31:53,16.5500,81,1
2026-05-07,601012,13:31:56,16.5500,141,1
2026-05-07,601012,13:31:59,16.5400,253,2
2026-05-07,601012,13:32:02,16.5600,254,1
2026-05-07,601012,13:32:05,16.5500,65,2
2026-05-07,601012,13:32:08,16.5500,19,2
2026-05-07,601012,13:32:11,16.5600,54,1
2026-05-07,601012,13:32:14,16.5500,19,2
2026-05-07,601012,13:32:17,16.5500,29,2
2026-05-07,601012,13:32:20,16.5500,44,2
2026-05-07,601012,13:32:23,16.5600,963,1
2026-05-07,601012,13:32:26,16.5600,134,1
2026-05-07,601012,13:32:29,16.5600,104,1
2026-05-07,601012,13:32:32,16.5600,21,1
2026-05-07,601012,13:32:35,16.5600,454,1
2026-05-07,601012,13:32:38,16.5500,11,2
2026-05-07,601012,13:32:41,16.5600,98,1
2026-05-07,601012,13:32:44,16.5600,189,1
2026-05-07,601012,13:32:47,16.5600,159,1
2026-05-07,601012,13:32:50,16.5600,147,1
2026-05-07,601012,13:32:53,16.5600,113,1
2026-05-07,601012,13:32:56,16.5500,38,2
2026-05-07,601012,13:32:59,16.5600,105,1
2026-05-07,601012,13:33:02,16.5600,581,1
2026-05-07,601012,13:33:05,16.5600,43,1
2026-05-07,601012,13:33:08,16.5600,343,1
2026-05-07,601012,13:33:11,16.5500,91,2
2026-05-07,601012,13:33:14,16.5600,19,1
2026-05-07,601012,13:33:17,16.5600,142,1
2026-05-07,601012,13:33:20,16.5500,72,2
2026-05-07,601012,13:33:23,16.5600,131,1
2026-05-07,601012,13:33:26,16.5500,126,2
2026-05-07,601012,13:33:29,16.5500,52,2
2026-05-07,601012,13:33:32,16.5600,149,1
2026-05-07,601012,13:33:35,16.5500,146,2
2026-05-07,601012,13:33:38,16.5500,255,2
2026-05-07,601012,13:33:41,16.5500,124,2
2026-05-07,601012,13:33:44,16.5600,125,1
2026-05-07,601012,13:33:47,16.5600,59,1
2026-05-07,601012,13:33:50,16.5600,1455,1
2026-05-07,601012,13:33:53,16.5600,544,1
2026-05-07,601012,13:33:56,16.5500,90,2
2026-05-07,601012,13:33:59,16.5500,87,2
2026-05-07,601012,13:34:02,16.5600,134,1
2026-05-07,601012,13:34:05,16.5500,24,2
2026-05-07,601012,13:34:08,16.5600,152,1
2026-05-07,601012,13:34:11,16.5600,387,1
2026-05-07,601012,13:34:14,16.5600,164,1
2026-05-07,601012,13:34:17,16.5600,86,1
2026-05-07,601012,13:34:20,16.5500,82,2
2026-05-07,601012,13:34:23,16.5600,108,1
2026-05-07,601012,13:34:26,16.5600,44,1
2026-05-07,601012,13:34:29,16.5600,74,1
2026-05-07,601012,13:34:32,16.5500,108,2
2026-05-07,601012,13:34:35,16.5500,195,2
2026-05-07,601012,13:34:38,16.5500,112,2
2026-05-07,601012,13:34:41,16.5500,45,2
2026-05-07,601012,13:34:44,16.5600,62,1
2026-05-07,601012,13:34:47,16.5600,100,1
2026-05-07,601012,13:34:50,16.5600,119,1
2026-05-07,601012,13:34:53,16.5500,381,2
2026-05-07,601012,13:34:56,16.5600,21,1
2026-05-07,601012,13:34:59,16.5600,113,1
2026-05-07,601012,13:35:02,16.5600,304,1
2026-05-07,601012,13:35:05,16.5600,64,1
2026-05-07,601012,13:35:08,16.5600,64,1
2026-05-07,601012,13:35:11,16.5600,314,1
2026-05-07,601012,13:35:14,16.5600,1510,1
2026-05-07,601012,13:35:17,16.5600,105,2
2026-05-07,601012,13:35:20,16.5700,58,1
2026-05-07,601012,13:35:23,16.5700,96,1
2026-05-07,601012,13:35:26,16.5700,24,1
2026-05-07,601012,13:35:29,16.5700,182,1
2026-05-07,601012,13:35:32,16.5700,168,1
2026-05-07,601012,13:35:35,16.5700,55,1
2026-05-07,601012,13:35:38,16.5600,11,2
2026-05-07,601012,13:35:41,16.5700,415,1
2026-05-07,601012,13:35:44,16.5700,303,1
2026-05-07,601012,13:35:47,16.5700,61,1
2026-05-07,601012,13:35:50,16.5700,14,1
2026-05-07,601012,13:35:53,16.5700,103,1
2026-05-07,601012,13:35:56,16.5600,66,2
2026-05-07,601012,13:35:59,16.5700,223,1
2026-05-07,601012,13:36:02,16.5600,353,2
2026-05-07,601012,13:36:05,16.5700,38,1
2026-05-07,601012,13:36:08,16.5600,15,2
2026-05-07,601012,13:36:11,16.5600,199,2
2026-05-07,601012,13:36:14,16.5700,93,1
2026-05-07,601012,13:36:17,16.5600,321,2
2026-05-07,601012,13:36:20,16.5600,125,2
2026-05-07,601012,13:36:23,16.5600,1621,2
2026-05-07,601012,13:36:26,16.5600,112,1
2026-05-07,601012,13:36:29,16.5600,16,1
2026-05-07,601012,13:36:32,16.5600,281,1
2026-05-07,601012,13:36:35,16.5600,73,1
2026-05-07,601012,13:36:38,16.5600,240,1
2026-05-07,601012,13:36:41,16.5600,32,1
2026-05-07,601012,13:36:44,16.5600,2,1
2026-05-07,601012,13:36:47,16.5500,75,2
2026-05-07,601012,13:36:50,16.5500,39,2
2026-05-07,601012,13:36:53,16.5600,98,1
2026-05-07,601012,13:36:56,16.5600,48,1
2026-05-07,601012,13:36:59,16.5500,186,2
2026-05-07,601012,13:37:02,16.5600,85,1
2026-05-07,601012,13:37:05,16.5600,494,1
2026-05-07,601012,13:37:08,16.5600,267,1
2026-05-07,601012,13:37:11,16.5500,26,2
2026-05-07,601012,13:37:14,16.5500,58,2
2026-05-07,601012,13:37:17,16.5500,121,2
2026-05-07,601012,13:37:20,16.5500,319,2
2026-05-07,601012,13:37:23,16.5500,444,2
2026-05-07,601012,13:37:26,16.5500,25,2
2026-05-07,601012,13:37:29,16.5500,76,2
2026-05-07,601012,13:37:32,16.5600,51,1
2026-05-07,601012,13:37:35,16.5600,60,1
2026-05-07,601012,13:37:38,16.5600,91,1
2026-05-07,601012,13:37:41,16.5500,18,2
2026-05-07,601012,13:37:44,16.5500,197,2
2026-05-07,601012,13:37:47,16.5500,273,2
2026-05-07,601012,13:37:50,16.5500,511,2
2026-05-07,601012,13:37:53,16.5500,192,2
2026-05-07,601012,13:37:56,16.5600,134,1
2026-05-07,601012,13:37:59,16.5600,478,1
2026-05-07,601012,13:38:02,16.5500,30,2
2026-05-07,601012,13:38:05,16.5600,94,1
2026-05-07,601012,13:38:08,16.5600,20,1
2026-05-07,601012,13:38:11,16.5500,17,2
2026-05-07,601012,13:38:14,16.5600,14,1
2026-05-07,601012,13:38:17,16.5600,23,1
2026-05-07,601012,13:38:20,16.5600,407,1
2026-05-07,601012,13:38:23,16.5600,210,1
2026-05-07,601012,13:38:26,16.5500,613,2
2026-05-07,601012,13:38:29,16.5600,88,1
2026-05-07,601012,13:38:32,16.5500,101,2
2026-05-07,601012,13:38:35,16.5500,162,2
2026-05-07,601012,13:38:38,16.5600,79,1
2026-05-07,601012,13:38:41,16.5600,415,1
2026-05-07,601012,13:38:44,16.5500,184,2
2026-05-07,601012,13:38:47,16.5600,19,1
2026-05-07,601012,13:38:50,16.5500,238,2
2026-05-07,601012,13:38:53,16.5600,56,1
2026-05-07,601012,13:38:56,16.5600,318,1
2026-05-07,601012,13:38:59,16.5500,458,2
2026-05-07,601012,13:39:02,16.5500,445,2
2026-05-07,601012,13:39:05,16.5600,115,1
2026-05-07,601012,13:39:08,16.5500,130,2
2026-05-07,601012,13:39:11,16.5500,1909,2
2026-05-07,601012,13:39:14,16.5500,61,1
2026-05-07,601012,13:39:17,16.5500,55,1
2026-05-07,601012,13:39:20,16.5500,135,1
2026-05-07,601012,13:39:23,16.5500,236,1
2026-05-07,601012,13:39:26,16.5500,49,1
2026-05-07,601012,13:39:29,16.5500,418,1
2026-05-07,601012,13:39:32,16.5500,203,1
2026-05-07,601012,13:39:35,16.5500,57,2
2026-05-07,601012,13:39:38,16.5500,96,2
2026-05-07,601012,13:39:41,16.5500,351,2
2026-05-07,601012,13:39:44,16.5500,49,2
2026-05-07,601012,13:39:47,16.5600,139,1
2026-05-07,601012,13:39:50,16.5500,237,2
2026-05-07,601012,13:39:53,16.5500,17,1
2026-05-07,601012,13:39:56,16.5500,393,1
2026-05-07,601012,13:39:59,16.5500,23,2
2026-05-07,601012,13:40:02,16.5500,121,2
2026-05-07,601012,13:40:08,16.5500,88,2
2026-05-07,601012,13:40:11,16.5600,383,1
2026-05-07,601012,13:40:14,16.5500,42,2
2026-05-07,601012,13:40:17,16.5500,65,2
2026-05-07,601012,13:40:20,16.5500,132,2
2026-05-07,601012,13:40:23,16.5500,148,2
2026-05-07,601012,13:40:26,16.5600,167,1
2026-05-07,601012,13:40:29,16.5500,148,2
2026-05-07,601012,13:40:32,16.5600,27,1
2026-05-07,601012,13:40:35,16.5500,292,2
2026-05-07,601012,13:40:38,16.5600,3,1
2026-05-07,601012,13:40:41,16.5600,614,1
2026-05-07,601012,13:40:44,16.5500,76,2
2026-05-07,601012,13:40:47,16.5500,110,2
2026-05-07,601012,13:40:50,16.5600,88,1
2026-05-07,601012,13:40:53,16.5600,7,1
2026-05-07,601012,13:40:56,16.5600,49,1
2026-05-07,601012,13:40:59,16.5500,210,2
2026-05-07,601012,13:41:02,16.5600,1215,1
2026-05-07,601012,13:41:05,16.5500,114,2
2026-05-07,601012,13:41:08,16.5600,47,1
2026-05-07,601012,13:41:11,16.5600,27,1
2026-05-07,601012,13:41:14,16.5500,74,2
2026-05-07,601012,13:41:17,16.5500,89,2
2026-05-07,601012,13:41:20,16.5600,58,1
2026-05-07,601012,13:41:23,16.5500,206,2
2026-05-07,601012,13:41:26,16.5500,93,2
2026-05-07,601012,13:41:29,16.5500,75,2
2026-05-07,601012,13:41:32,16.5600,877,1
2026-05-07,601012,13:41:35,16.5600,29,1
2026-05-07,601012,13:41:38,16.5600,394,1
2026-05-07,601012,13:41:41,16.5600,80,1
2026-05-07,601012,13:41:44,16.5600,170,1
2026-05-07,601012,13:41:47,16.5500,57,2
2026-05-07,601012,13:41:50,16.5600,217,1
2026-05-07,601012,13:41:53,16.5600,41,1
2026-05-07,601012,13:41:56,16.5600,146,1
2026-05-07,601012,13:41:59,16.5600,121,1
2026-05-07,601012,13:42:02,16.5700,252,1
2026-05-07,601012,13:42:05,16.5600,109,2
2026-05-07,601012,13:42:08,16.5700,13,1
2026-05-07,601012,13:42:11,16.5600,226,2
2026-05-07,601012,13:42:14,16.5600,129,2
2026-05-07,601012,13:42:17,16.5600,182,1
2026-05-07,601012,13:42:20,16.5600,122,2
2026-05-07,601012,13:42:23,16.5700,19,1
2026-05-07,601012,13:42:26,16.5600,95,2
2026-05-07,601012,13:42:29,16.5600,509,2
2026-05-07,601012,13:42:32,16.5700,40,1
2026-05-07,601012,13:42:35,16.5700,172,1
2026-05-07,601012,13:42:38,16.5600,117,2
2026-05-07,601012,13:42:41,16.5700,30,1
2026-05-07,601012,13:42:44,16.5700,65,1
2026-05-07,601012,13:42:47,16.5600,43,2
2026-05-07,601012,13:42:50,16.5700,63,1
2026-05-07,601012,13:42:53,16.5600,30,2
2026-05-07,601012,13:42:56,16.5700,75,1
2026-05-07,601012,13:42:59,16.5600,123,2
2026-05-07,601012,13:43:02,16.5700,59,1
2026-05-07,601012,13:43:05,16.5700,109,1
2026-05-07,601012,13:43:08,16.5700,16,1
2026-05-07,601012,13:43:11,16.5700,53,1
2026-05-07,601012,13:43:14,16.5600,416,2
2026-05-07,601012,13:43:17,16.5600,105,2
2026-05-07,601012,13:43:20,16.5600,9,2
2026-05-07,601012,13:43:23,16.5700,78,1
2026-05-07,601012,13:43:26,16.5700,84,1
2026-05-07,601012,13:43:29,16.5600,6,2
2026-05-07,601012,13:43:32,16.5700,1,1
2026-05-07,601012,13:43:35,16.5600,5,2
2026-05-07,601012,13:43:38,16.5700,40,1
2026-05-07,601012,13:43:41,16.5700,96,1
2026-05-07,601012,13:43:44,16.5700,255,1
2026-05-07,601012,13:43:47,16.5600,127,2
2026-05-07,601012,13:43:50,16.5600,171,2
2026-05-07,601012,13:43:53,16.5600,72,2
2026-05-07,601012,13:43:56,16.5600,286,2
2026-05-07,601012,13:43:59,16.5700,58,1
2026-05-07,601012,13:44:02,16.5600,21,2
2026-05-07,601012,13:44:05,16.5600,61,2
2026-05-07,601012,13:44:08,16.5700,126,1
2026-05-07,601012,13:44:11,16.5700,56,1
2026-05-07,601012,13:44:14,16.5700,45,1
2026-05-07,601012,13:44:17,16.5700,8,1
2026-05-07,601012,13:44:20,16.5700,48,1
2026-05-07,601012,13:44:23,16.5700,461,1
2026-05-07,601012,13:44:26,16.5700,76,1
2026-05-07,601012,13:44:29,16.5700,82,1
2026-05-07,601012,13:44:32,16.5700,192,1
2026-05-07,601012,13:44:35,16.5600,335,2
2026-05-07,601012,13:44:38,16.5600,157,2
2026-05-07,601012,13:44:41,16.5700,143,1
2026-05-07,601012,13:44:44,16.5700,178,1
2026-05-07,601012,13:44:47,16.5600,92,2
2026-05-07,601012,13:44:50,16.5600,18,2
2026-05-07,601012,13:44:53,16.5700,217,1
2026-05-07,601012,13:44:56,16.5600,72,2
2026-05-07,601012,13:44:59,16.5700,77,1
2026-05-07,601012,13:45:02,16.5700,28,1
2026-05-07,601012,13:45:05,16.5700,58,1
2026-05-07,601012,13:45:08,16.5700,41,1
2026-05-07,601012,13:45:11,16.5700,150,1
2026-05-07,601012,13:45:14,16.5700,18,1
2026-05-07,601012,13:45:17,16.5600,212,2
2026-05-07,601012,13:45:20,16.5600,92,2
2026-05-07,601012,13:45:23,16.5600,39,2
2026-05-07,601012,13:45:26,16.5600,302,2
2026-05-07,601012,13:45:29,16.5600,48,2
2026-05-07,601012,13:45:32,16.5600,62,2
2026-05-07,601012,13:45:35,16.5600,67,2
2026-05-07,601012,13:45:38,16.5700,38,1
2026-05-07,601012,13:45:41,16.5700,72,1
2026-05-07,601012,13:45:44,16.5700,323,1
2026-05-07,601012,13:45:47,16.5700,223,1
2026-05-07,601012,13:45:50,16.5700,152,1
2026-05-07,601012,13:45:53,16.5600,41,2
2026-05-07,601012,13:45:56,16.5700,507,1
2026-05-07,601012,13:45:59,16.5700,13,1
2026-05-07,601012,13:46:02,16.5700,242,1
2026-05-07,601012,13:46:05,16.5700,29,2
2026-05-07,601012,13:46:08,16.5700,29,2
2026-05-07,601012,13:46:11,16.5700,67,2
2026-05-07,601012,13:46:14,16.5800,108,1
2026-05-07,601012,13:46:17,16.5700,49,2
2026-05-07,601012,13:46:20,16.5700,231,2
2026-05-07,601012,13:46:23,16.5700,7,2
2026-05-07,601012,13:46:26,16.5700,132,2
2026-05-07,601012,13:46:29,16.5700,258,2
2026-05-07,601012,13:46:32,16.5700,17,2
2026-05-07,601012,13:46:35,16.5700,86,2
2026-05-07,601012,13:46:38,16.5700,65,2
2026-05-07,601012,13:46:41,16.5700,74,2
2026-05-07,601012,13:46:44,16.5700,74,2
2026-05-07,601012,13:46:47,16.5700,118,2
2026-05-07,601012,13:46:50,16.5700,112,2
2026-05-07,601012,13:46:53,16.5700,348,2
2026-05-07,601012,13:46:56,16.5700,229,2
2026-05-07,601012,13:46:59,16.5700,112,1
2026-05-07,601012,13:47:02,16.5700,57,1
2026-05-07,601012,13:47:05,16.5600,40,2
2026-05-07,601012,13:47:08,16.5600,46,2
2026-05-07,601012,13:47:11,16.5700,6,1
2026-05-07,601012,13:47:14,16.5700,44,1
2026-05-07,601012,13:47:17,16.5700,6,1
2026-05-07,601012,13:47:20,16.5700,106,1
2026-05-07,601012,13:47:23,16.5700,167,1
2026-05-07,601012,13:47:26,16.5600,16,2
2026-05-07,601012,13:47:29,16.5700,51,1
2026-05-07,601012,13:47:32,16.5700,108,1
2026-05-07,601012,13:47:35,16.5700,132,1
2026-05-07,601012,13:47:38,16.5700,19,1
2026-05-07,601012,13:47:41,16.5700,58,1
2026-05-07,601012,13:47:44,16.5700,195,1
2026-05-07,601012,13:47:47,16.5700,47,2
2026-05-07,601012,13:47:50,16.5800,104,1
2026-05-07,601012,13:47:53,16.5700,338,2
2026-05-07,601012,13:47:56,16.5800,7,1
2026-05-07,601012,13:47:59,16.5700,238,2
2026-05-07,601012,13:48:02,16.5700,48,1
2026-05-07,601012,13:48:05,16.5600,48,2
2026-05-07,601012,13:48:08,16.5600,106,2
2026-05-07,601012,13:48:11,16.5700,146,1
2026-05-07,601012,13:48:14,16.5700,103,1
2026-05-07,601012,13:48:17,16.5700,209,1
2026-05-07,601012,13:48:20,16.5600,38,2
2026-05-07,601012,13:48:23,16.5700,35,1
2026-05-07,601012,13:48:26,16.5600,249,2
2026-05-07,601012,13:48:29,16.5600,73,2
2026-05-07,601012,13:48:32,16.5700,157,1
2026-05-07,601012,13:48:35,16.5700,38,1
2026-05-07,601012,13:48:38,16.5700,53,1
2026-05-07,601012,13:48:41,16.5700,19,1
2026-05-07,601012,13:48:44,16.5600,274,2
2026-05-07,601012,13:48:47,16.5700,57,1
2026-05-07,601012,13:48:50,16.5700,58,1
2026-05-07,601012,13:48:53,16.5700,31,1
2026-05-07,601012,13:48:56,16.5600,31,2
2026-05-07,601012,13:48:59,16.5700,8,1
2026-05-07,601012,13:49:05,16.5600,298,2
2026-05-07,601012,13:49:08,16.5700,24,1
2026-05-07,601012,13:49:11,16.5600,21,2
2026-05-07,601012,13:49:14,16.5700,19,1
2026-05-07,601012,13:49:17,16.5600,126,2
2026-05-07,601012,13:49:20,16.5700,155,1
2026-05-07,601012,13:49:23,16.5700,14,1
2026-05-07,601012,13:49:26,16.5600,24,2
2026-05-07,601012,13:49:29,16.5700,348,1
2026-05-07,601012,13:49:32,16.5700,375,1
2026-05-07,601012,13:49:35,16.5700,169,1
2026-05-07,601012,13:49:38,16.5600,127,2
2026-05-07,601012,13:49:41,16.5600,84,2
2026-05-07,601012,13:49:44,16.5600,26,2
2026-05-07,601012,13:49:47,16.5700,181,1
2026-05-07,601012,13:49:50,16.5700,69,1
2026-05-07,601012,13:49:53,16.5700,259,1
2026-05-07,601012,13:49:56,16.5600,391,2
2026-05-07,601012,13:49:59,16.5600,181,2
2026-05-07,601012,13:50:02,16.5700,260,1
2026-05-07,601012,13:50:05,16.5700,201,2
2026-05-07,601012,13:50:08,16.5700,136,2
2026-05-07,601012,13:50:11,16.5700,113,2
2026-05-07,601012,13:50:14,16.5700,34,2
2026-05-07,601012,13:50:17,16.5700,167,2
2026-05-07,601012,13:50:20,16.5800,294,1
2026-05-07,601012,13:50:23,16.5700,152,2
2026-05-07,601012,13:50:26,16.5700,19,1
2026-05-07,601012,13:50:29,16.5700,94,1
2026-05-07,601012,13:50:32,16.5700,78,1
2026-05-07,601012,13:50:35,16.5800,258,1
2026-05-07,601012,13:50:38,16.5700,661,2
2026-05-07,601012,13:50:41,16.5700,28,1
2026-05-07,601012,13:50:44,16.5800,108,1
2026-05-07,601012,13:50:47,16.5700,224,2
2026-05-07,601012,13:50:50,16.5800,3,1
2026-05-07,601012,13:50:53,16.5700,57,2
2026-05-07,601012,13:50:56,16.5700,71,2
2026-05-07,601012,13:50:59,16.5700,141,2
2026-05-07,601012,13:51:02,16.5800,15,1
2026-05-07,601012,13:51:05,16.5800,18,1
2026-05-07,601012,13:51:08,16.5800,31,1
2026-05-07,601012,13:51:11,16.5700,453,2
2026-05-07,601012,13:51:14,16.5700,154,2
2026-05-07,601012,13:51:17,16.5700,193,1
2026-05-07,601012,13:51:20,16.5700,67,1
2026-05-07,601012,13:51:23,16.5600,332,2
2026-05-07,601012,13:51:26,16.5700,18,4
2026-05-07,601012,13:51:29,16.5700,82,2
2026-05-07,601012,13:51:32,16.5700,8,2
2026-05-07,601012,13:51:35,16.5700,27,2
2026-05-07,601012,13:51:38,16.5700,80,2
2026-05-07,601012,13:51:41,16.5800,13,1
2026-05-07,601012,13:51:44,16.5700,28,2
2026-05-07,601012,13:51:47,16.5700,722,2
2026-05-07,601012,13:51:50,16.5700,140,1
2026-05-07,601012,13:51:53,16.5600,33,2
2026-05-07,601012,13:51:56,16.5700,51,1
2026-05-07,601012,13:51:59,16.5700,279,1
2026-05-07,601012,13:52:02,16.5700,83,2
2026-05-07,601012,13:52:05,16.5700,74,1
2026-05-07,601012,13:52:08,16.5700,26,2
2026-05-07,601012,13:52:11,16.5700,64,2
2026-05-07,601012,13:52:14,16.5700,36,2
2026-05-07,601012,13:52:17,16.5700,92,2
2026-05-07,601012,13:52:20,16.5800,22,1
2026-05-07,601012,13:52:23,16.5700,116,2
2026-05-07,601012,13:52:26,16.5700,13,2
2026-05-07,601012,13:52:29,16.5800,557,1
2026-05-07,601012,13:52:32,16.5700,127,2
2026-05-07,601012,13:52:35,16.5700,33,2
2026-05-07,601012,13:52:38,16.5800,87,1
2026-05-07,601012,13:52:41,16.5800,111,1
2026-05-07,601012,13:52:44,16.5800,47,1
2026-05-07,601012,13:52:47,16.5800,122,1
2026-05-07,601012,13:52:50,16.5800,92,1
2026-05-07,601012,13:52:53,16.5800,28,1
2026-05-07,601012,13:52:56,16.5700,153,2
2026-05-07,601012,13:52:59,16.5800,22,1
2026-05-07,601012,13:53:02,16.5700,120,2
2026-05-07,601012,13:53:05,16.5700,443,2
2026-05-07,601012,13:53:08,16.5800,48,1
2026-05-07,601012,13:53:11,16.5700,37,2
2026-05-07,601012,13:53:14,16.5800,10,1
2026-05-07,601012,13:53:17,16.5700,16,2
2026-05-07,601012,13:53:20,16.5700,39,2
2026-05-07,601012,13:53:23,16.5800,76,1
2026-05-07,601012,13:53:26,16.5800,17,1
2026-05-07,601012,13:53:29,16.5700,1580,2
2026-05-07,601012,13:53:32,16.5700,152,1
2026-05-07,601012,13:53:35,16.5600,108,2
2026-05-07,601012,13:53:38,16.5600,53,2
2026-05-07,601012,13:53:41,16.5600,253,2
2026-05-07,601012,13:53:44,16.5600,14,2
2026-05-07,601012,13:53:47,16.5700,18,1
2026-05-07,601012,13:53:50,16.5600,44,2
2026-05-07,601012,13:53:53,16.5700,67,1
2026-05-07,601012,13:53:56,16.5600,146,2
2026-05-07,601012,13:53:59,16.5700,34,1
2026-05-07,601012,13:54:02,16.5700,75,1
2026-05-07,601012,13:54:05,16.5600,484,2
2026-05-07,601012,13:54:08,16.5700,84,1
2026-05-07,601012,13:54:11,16.5600,50,2
2026-05-07,601012,13:54:14,16.5600,3,2
2026-05-07,601012,13:54:17,16.5700,11,1
2026-05-07,601012,13:54:20,16.5600,37,2
2026-05-07,601012,13:54:23,16.5600,63,2
2026-05-07,601012,13:54:26,16.5600,52,2
2026-05-07,601012,13:54:29,16.5600,115,2
2026-05-07,601012,13:54:32,16.5600,191,2
2026-05-07,601012,13:54:35,16.5600,88,2
2026-05-07,601012,13:54:38,16.5600,267,2
2026-05-07,601012,13:54:41,16.5700,20,1
2026-05-07,601012,13:54:44,16.5600,96,2
2026-05-07,601012,13:54:47,16.5700,217,1
2026-05-07,601012,13:54:50,16.5700,25,1
2026-05-07,601012,13:54:53,16.5700,30,1
2026-05-07,601012,13:54:56,16.5700,27,1
2026-05-07,601012,13:54:59,16.5600,15,2
2026-05-07,601012,13:55:02,16.5600,11,2
2026-05-07,601012,13:55:05,16.5600,203,2
2026-05-07,601012,13:55:08,16.5600,75,2
2026-05-07,601012,13:55:11,16.5600,351,2
2026-05-07,601012,13:55:14,16.5600,1065,2
2026-05-07,601012,13:55:17,16.5600,268,2
2026-05-07,601012,13:55:20,16.5600,2016,2
2026-05-07,601012,13:55:23,16.5600,45,1
2026-05-07,601012,13:55:26,16.5500,25,2
2026-05-07,601012,13:55:29,16.5500,57,2
2026-05-07,601012,13:55:32,16.5500,76,2
2026-05-07,601012,13:55:35,16.5500,47,2
2026-05-07,601012,13:55:38,16.5500,84,2
2026-05-07,601012,13:55:41,16.5500,73,2
2026-05-07,601012,13:55:44,16.5500,97,2
2026-05-07,601012,13:55:47,16.5600,111,1
2026-05-07,601012,13:55:50,16.5600,92,1
2026-05-07,601012,13:55:53,16.5600,86,1
2026-05-07,601012,13:55:56,16.5600,297,1
2026-05-07,601012,13:55:59,16.5500,2115,2
2026-05-07,601012,13:56:02,16.5500,214,2
2026-05-07,601012,13:56:05,16.5500,265,2
2026-05-07,601012,13:56:08,16.5500,250,2
2026-05-07,601012,13:56:11,16.5500,29,2
2026-05-07,601012,13:56:14,16.5500,2098,2
2026-05-07,601012,13:56:17,16.5600,343,1
2026-05-07,601012,13:56:20,16.5500,52,2
2026-05-07,601012,13:56:23,16.5600,19,1
2026-05-07,601012,13:56:26,16.5600,118,1
2026-05-07,601012,13:56:29,16.5500,2095,2
2026-05-07,601012,13:56:32,16.5500,66,2
2026-05-07,601012,13:56:35,16.5500,141,2
2026-05-07,601012,13:56:38,16.5500,111,2
2026-05-07,601012,13:56:41,16.5500,382,2
2026-05-07,601012,13:56:44,16.5500,250,2
2026-05-07,601012,13:56:47,16.5500,147,1
2026-05-07,601012,13:56:50,16.5400,39,2
2026-05-07,601012,13:56:53,16.5500,22,1
2026-05-07,601012,13:56:56,16.5500,423,1
2026-05-07,601012,13:56:59,16.5400,337,2
2026-05-07,601012,13:57:02,16.5400,30,2
2026-05-07,601012,13:57:05,16.5500,323,1
2026-05-07,601012,13:57:08,16.5400,217,2
2026-05-07,601012,13:57:11,16.5400,30,2
2026-05-07,601012,13:57:14,16.5400,200,2
2026-05-07,601012,13:57:17,16.5500,44,1
2026-05-07,601012,13:57:20,16.5400,191,2
2026-05-07,601012,13:57:23,16.5400,22,2
2026-05-07,601012,13:57:26,16.5400,164,2
2026-05-07,601012,13:57:29,16.5500,829,1
2026-05-07,601012,13:57:32,16.5500,394,1
2026-05-07,601012,13:57:35,16.5400,72,2
2026-05-07,601012,13:57:38,16.5500,1739,1
2026-05-07,601012,13:57:41,16.5400,39,2
2026-05-07,601012,13:57:44,16.5400,180,2
2026-05-07,601012,13:57:47,16.5400,1834,2
2026-05-07,601012,13:57:50,16.5400,56,2
2026-05-07,601012,13:57:53,16.5500,414,1
2026-05-07,601012,13:57:56,16.5500,150,1
2026-05-07,601012,13:57:59,16.5500,59,1
2026-05-07,601012,13:58:02,16.5500,281,1
2026-05-07,601012,13:58:05,16.5500,185,1
2026-05-07,601012,13:58:08,16.5400,84,2
2026-05-07,601012,13:58:11,16.5400,126,2
2026-05-07,601012,13:58:14,16.5400,99,2
2026-05-07,601012,13:58:17,16.5400,85,2
2026-05-07,601012,13:58:20,16.5500,2330,1
2026-05-07,601012,13:58:23,16.5500,109,1
2026-05-07,601012,13:58:26,16.5400,175,2
2026-05-07,601012,13:58:29,16.5500,431,1
2026-05-07,601012,13:58:32,16.5500,45,1
2026-05-07,601012,13:58:35,16.5400,33,2
2026-05-07,601012,13:58:38,16.5500,2015,1
2026-05-07,601012,13:58:41,16.5400,38,2
2026-05-07,601012,13:58:44,16.5400,55,2
2026-05-07,601012,13:58:47,16.5400,248,2
2026-05-07,601012,13:58:50,16.5400,555,2
2026-05-07,601012,13:58:53,16.5400,41,1
2026-05-07,601012,13:58:56,16.5400,90,1
2026-05-07,601012,13:58:59,16.5400,16,1
2026-05-07,601012,13:59:02,16.5400,218,1
2026-05-07,601012,13:59:05,16.5400,226,1
2026-05-07,601012,13:59:08,16.5300,91,2
2026-05-07,601012,13:59:11,16.5300,54,2
2026-05-07,601012,13:59:14,16.5300,46,2
2026-05-07,601012,13:59:17,16.5300,97,2
2026-05-07,601012,13:59:20,16.5400,59,1
2026-05-07,601012,13:59:23,16.5400,2282,1
2026-05-07,601012,13:59:26,16.5300,181,2
2026-05-07,601012,13:59:29,16.5400,422,1
2026-05-07,601012,13:59:32,16.5300,2338,2
2026-05-07,601012,13:59:35,16.5300,26,2
2026-05-07,601012,13:59:38,16.5300,51,2
2026-05-07,601012,13:59:41,16.5400,335,1
2026-05-07,601012,13:59:44,16.5300,1550,2
2026-05-07,601012,13:59:47,16.5200,76,2
2026-05-07,601012,13:59:50,16.5300,84,1
2026-05-07,601012,13:59:53,16.5300,82,1
2026-05-07,601012,13:59:56,16.5300,269,1
2026-05-07,601012,13:59:59,16.5200,165,2
2026-05-07,601012,14:00:02,16.5300,113,1
2026-05-07,601012,14:00:05,16.5200,246,2
2026-05-07,601012,14:00:08,16.5300,126,1
2026-05-07,601012,14:00:11,16.5200,81,2
2026-05-07,601012,14:00:14,16.5200,1282,2
2026-05-07,601012,14:00:17,16.5200,112,2
2026-05-07,601012,14:00:20,16.5200,87,2
2026-05-07,601012,14:00:23,16.5200,51,2
2026-05-07,601012,14:00:26,16.5300,154,1
2026-05-07,601012,14:00:29,16.5300,124,1
2026-05-07,601012,14:00:32,16.5300,88,1
2026-05-07,601012,14:00:35,16.5200,1374,2
2026-05-07,601012,14:00:38,16.5200,206,2
2026-05-07,601012,14:00:41,16.5200,153,2
2026-05-07,601012,14:00:44,16.5400,17,1
2026-05-07,601012,14:00:47,16.5300,36,2
2026-05-07,601012,14:00:50,16.5300,136,2
2026-05-07,601012,14:00:53,16.5300,82,2
2026-05-07,601012,14:00:56,16.5400,74,1
2026-05-07,601012,14:00:59,16.5300,77,2
2026-05-07,601012,14:01:02,16.5400,67,1
2026-05-07,601012,14:01:05,16.5300,67,2
2026-05-07,601012,14:01:08,16.5400,432,1
2026-05-07,601012,14:01:11,16.5400,97,1
2026-05-07,601012,14:01:14,16.5400,87,1
2026-05-07,601012,14:01:17,16.5400,253,1
2026-05-07,601012,14:01:20,16.5400,47,1
2026-05-07,601012,14:01:23,16.5400,24,1
2026-05-07,601012,14:01:26,16.5400,174,1
2026-05-07,601012,14:01:29,16.5300,126,2
2026-05-07,601012,14:01:32,16.5300,74,2
2026-05-07,601012,14:01:35,16.5300,44,2
2026-05-07,601012,14:01:38,16.5300,184,2
2026-05-07,601012,14:01:41,16.5300,108,2
2026-05-07,601012,14:01:44,16.5300,73,2
2026-05-07,601012,14:01:47,16.5300,98,2
2026-05-07,601012,14:01:50,16.5300,133,2
2026-05-07,601012,14:01:53,16.5300,107,2
2026-05-07,601012,14:01:56,16.5400,13,1
2026-05-07,601012,14:01:59,16.5400,30,1
2026-05-07,601012,14:02:02,16.5400,217,1
2026-05-07,601012,14:02:05,16.5400,229,1
2026-05-07,601012,14:02:08,16.5400,83,1
2026-05-07,601012,14:02:11,16.5400,265,1
2026-05-07,601012,14:02:14,16.5300,567,2
2026-05-07,601012,14:02:17,16.5300,41,2
2026-05-07,601012,14:02:20,16.5400,397,1
2026-05-07,601012,14:02:23,16.5400,88,1
2026-05-07,601012,14:02:26,16.5400,40,1
2026-05-07,601012,14:02:29,16.5400,77,1
2026-05-07,601012,14:02:32,16.5400,185,1
2026-05-07,601012,14:02:35,16.5400,622,1
2026-05-07,601012,14:02:38,16.5300,292,2
2026-05-07,601012,14:02:41,16.5400,77,1
2026-05-07,601012,14:02:44,16.5300,73,2
2026-05-07,601012,14:02:47,16.5300,171,2
2026-05-07,601012,14:02:50,16.5300,16,2
2026-05-07,601012,14:02:53,16.5300,185,2
2026-05-07,601012,14:02:56,16.5400,22,1
2026-05-07,601012,14:02:59,16.5300,199,2
2026-05-07,601012,14:03:02,16.5400,36,1
2026-05-07,601012,14:03:05,16.5400,91,1
2026-05-07,601012,14:03:08,16.5400,152,1
2026-05-07,601012,14:03:11,16.5400,101,1
2026-05-07,601012,14:03:14,16.5400,58,1
2026-05-07,601012,14:03:17,16.5400,143,1
2026-05-07,601012,14:03:20,16.5300,165,2
2026-05-07,601012,14:03:23,16.5400,165,1
2026-05-07,601012,14:03:26,16.5400,48,1
2026-05-07,601012,14:03:29,16.5400,446,1
2026-05-07,601012,14:03:32,16.5400,189,1
2026-05-07,601012,14:03:35,16.5400,265,1
2026-05-07,601012,14:03:38,16.5400,176,2
2026-05-07,601012,14:03:41,16.5500,43,1
2026-05-07,601012,14:03:44,16.5400,31,2
2026-05-07,601012,14:03:47,16.5500,281,1
2026-05-07,601012,14:03:50,16.5500,102,1
2026-05-07,601012,14:03:53,16.5400,33,2
2026-05-07,601012,14:03:56,16.5400,51,2
2026-05-07,601012,14:03:59,16.5500,64,1
2026-05-07,601012,14:04:02,16.5500,47,1
2026-05-07,601012,14:04:05,16.5400,36,2
2026-05-07,601012,14:04:08,16.5400,103,2
2026-05-07,601012,14:04:11,16.5400,132,2
2026-05-07,601012,14:04:14,16.5400,149,2
2026-05-07,601012,14:04:17,16.5500,139,1
2026-05-07,601012,14:04:20,16.5400,44,2
2026-05-07,601012,14:04:23,16.5500,86,1
2026-05-07,601012,14:04:26,16.5400,54,2
2026-05-07,601012,14:04:29,16.5500,334,1
2026-05-07,601012,14:04:32,16.5500,61,1
2026-05-07,601012,14:04:35,16.5500,120,1
2026-05-07,601012,14:04:38,16.5500,133,1
2026-05-07,601012,14:04:41,16.5400,61,2
2026-05-07,601012,14:04:44,16.5400,205,2
2026-05-07,601012,14:04:47,16.5500,99,1
2026-05-07,601012,14:04:50,16.5500,144,1
2026-05-07,601012,14:04:53,16.5400,25,2
2026-05-07,601012,14:04:56,16.5400,103,2
2026-05-07,601012,14:04:59,16.5400,204,2
2026-05-07,601012,14:05:02,16.5500,50,1
2026-05-07,601012,14:05:05,16.5500,99,1
2026-05-07,601012,14:05:08,16.5500,15,1
2026-05-07,601012,14:05:11,16.5500,161,1
2026-05-07,601012,14:05:14,16.5500,29,1
2026-05-07,601012,14:05:17,16.5500,24,1
2026-05-07,601012,14:05:20,16.5500,18,1
2026-05-07,601012,14:05:23,16.5500,119,1
2026-05-07,601012,14:05:26,16.5500,63,1
2026-05-07,601012,14:05:29,16.5500,412,1
2026-05-07,601012,14:05:32,16.5500,44,1
2026-05-07,601012,14:05:35,16.5400,81,2
2026-05-07,601012,14:05:38,16.5400,215,2
2026-05-07,601012,14:05:41,16.5500,62,1
2026-05-07,601012,14:05:44,16.5400,471,2
2026-05-07,601012,14:05:47,16.5500,121,1
2026-05-07,601012,14:05:50,16.5400,28,2
2026-05-07,601012,14:05:53,16.5400,76,2
2026-05-07,601012,14:05:56,16.5400,300,2
2026-05-07,601012,14:05:59,16.5400,55,2
2026-05-07,601012,14:06:02,16.5500,75,1
2026-05-07,601012,14:06:05,16.5500,52,1
2026-05-07,601012,14:06:08,16.5400,23,2
2026-05-07,601012,14:06:11,16.5400,86,2
2026-05-07,601012,14:06:14,16.5400,38,2
2026-05-07,601012,14:06:17,16.5500,89,1
2026-05-07,601012,14:06:20,16.5500,91,1
2026-05-07,601012,14:06:23,16.5500,37,1
2026-05-07,601012,14:06:26,16.5500,106,1
2026-05-07,601012,14:06:29,16.5400,172,2
2026-05-07,601012,14:06:32,16.5500,30,1
2026-05-07,601012,14:06:35,16.5500,65,1
2026-05-07,601012,14:06:38,16.5500,206,1
2026-05-07,601012,14:06:41,16.5500,64,1
2026-05-07,601012,14:06:44,16.5500,128,1
2026-05-07,601012,14:06:47,16.5500,2509,1
2026-05-07,601012,14:06:50,16.5500,2,2
2026-05-07,601012,14:06:53,16.5500,71,2
2026-05-07,601012,14:06:56,16.5500,49,2
2026-05-07,601012,14:06:59,16.5500,192,2
2026-05-07,601012,14:07:02,16.5600,48,1
2026-05-07,601012,14:07:05,16.5600,272,1
2026-05-07,601012,10:56:08,16.6700,112,2
2026-05-07,601012,10:56:11,16.6800,71,1
2026-05-07,601012,10:56:14,16.6700,99,2
2026-05-07,601012,10:56:17,16.6700,162,4
2026-05-07,601012,10:56:20,16.6600,39,2
2026-05-07,601012,10:56:23,16.6600,153,2
2026-05-07,601012,10:56:26,16.6600,95,2
2026-05-07,601012,10:56:29,16.6600,106,2
2026-05-07,601012,10:56:32,16.6600,289,2
2026-05-07,601012,10:56:35,16.6700,251,1
2026-05-07,601012,10:56:38,16.6700,237,1
2026-05-07,601012,10:56:41,16.6700,1344,1
2026-05-07,601012,10:56:44,16.6800,99,1
2026-05-07,601012,10:56:47,16.6800,96,2
2026-05-07,601012,10:56:50,16.6800,47,2
2026-05-07,601012,10:56:53,16.6800,6,2
2026-05-07,601012,10:56:56,16.6900,15,1
2026-05-07,601012,10:56:59,16.6800,231,2
2026-05-07,601012,10:57:02,16.6800,22,2
2026-05-07,601012,10:57:05,16.6800,24,2
2026-05-07,601012,10:57:08,16.6800,31,2
2026-05-07,601012,10:57:11,16.6900,29,1
2026-05-07,601012,10:57:14,16.6900,675,1
2026-05-07,601012,10:57:17,16.6800,65,2
2026-05-07,601012,10:57:20,16.6900,23,1
2026-05-07,601012,10:57:23,16.6900,79,1
2026-05-07,601012,10:57:26,16.6900,20,1
2026-05-07,601012,10:57:29,16.6900,57,1
2026-05-07,601012,10:57:32,16.6900,59,1
2026-05-07,601012,10:57:35,16.6900,101,1
2026-05-07,601012,10:57:38,16.6800,41,2
2026-05-07,601012,10:57:41,16.6800,434,2
2026-05-07,601012,10:57:44,16.6700,46,2
2026-05-07,601012,10:57:47,16.6800,55,1
2026-05-07,601012,10:57:50,16.6700,160,2
2026-05-07,601012,10:57:56,16.6800,70,1
2026-05-07,601012,10:57:59,16.6700,32,2
2026-05-07,601012,10:58:02,16.6800,222,1
2026-05-07,601012,10:58:05,16.6800,20,1
2026-05-07,601012,10:58:08,16.6700,91,2
2026-05-07,601012,10:58:11,16.6700,432,2
2026-05-07,601012,10:58:14,16.6600,51,2
2026-05-07,601012,10:58:17,16.6600,24,2
2026-05-07,601012,10:58:20,16.6700,195,1
2026-05-07,601012,10:58:23,16.6700,138,1
2026-05-07,601012,10:58:26,16.6700,16,1
2026-05-07,601012,10:58:29,16.6700,12,2
2026-05-07,601012,10:58:32,16.6800,35,1
2026-05-07,601012,10:58:35,16.6700,150,2
2026-05-07,601012,10:58:38,16.6700,354,1
2026-05-07,601012,10:58:41,16.6700,115,2
2026-05-07,601012,10:58:44,16.6700,24,2
2026-05-07,601012,10:58:50,16.6700,79,2
2026-05-07,601012,10:58:53,16.6700,29,2
2026-05-07,601012,10:58:56,16.6700,106,2
2026-05-07,601012,10:58:59,16.6800,83,1
2026-05-07,601012,10:59:02,16.6700,352,2
2026-05-07,601012,10:59:05,16.6700,100,1
2026-05-07,601012,10:59:08,16.6700,49,2
2026-05-07,601012,10:59:11,16.6700,57,2
2026-05-07,601012,10:59:14,16.6700,175,2
2026-05-07,601012,10:59:17,16.6700,46,2
2026-05-07,601012,10:59:20,16.6700,37,2
2026-05-07,601012,10:59:23,16.6700,221,2
2026-05-07,601012,10:59:26,16.6700,108,2
2026-05-07,601012,10:59:29,16.6700,250,2
2026-05-07,601012,10:59:32,16.6700,94,1
2026-05-07,601012,10:59:35,16.6700,33,1
2026-05-07,601012,10:59:38,16.6700,19,1
2026-05-07,601012,10:59:41,16.6700,17,1
2026-05-07,601012,10:59:44,16.6700,302,1
2026-05-07,601012,10:59:47,16.6700,144,1
2026-05-07,601012,10:59:50,16.6700,338,1
2026-05-07,601012,10:59:53,16.6600,65,2
2026-05-07,601012,10:59:56,16.6600,289,2
2026-05-07,601012,10:59:59,16.6600,11,2
2026-05-07,601012,11:00:02,16.6600,674,2
2026-05-07,601012,11:00:05,16.6600,421,2
2026-05-07,601012,11:00:08,16.6600,26,2
2026-05-07,601012,11:00:11,16.6700,375,1
2026-05-07,601012,11:00:14,16.6500,216,2
2026-05-07,601012,11:00:17,16.6600,117,1
2026-05-07,601012,11:00:20,16.6500,6,2
2026-05-07,601012,11:00:23,16.6600,18,1
2026-05-07,601012,11:00:26,16.6600,183,1
2026-05-07,601012,11:00:29,16.6500,280,2
2026-05-07,601012,11:00:32,16.6500,22,2
2026-05-07,601012,11:00:35,16.6500,11,2
2026-05-07,601012,11:00:38,16.6500,28,2
2026-05-07,601012,11:00:41,16.6500,87,2
2026-05-07,601012,11:00:44,16.6500,559,2
2026-05-07,601012,11:00:47,16.6600,259,1
2026-05-07,601012,11:00:50,16.6500,121,2
2026-05-07,601012,11:00:53,16.6500,47,2
2026-05-07,601012,11:00:56,16.6500,109,2
2026-05-07,601012,11:00:59,16.6600,16,1
2026-05-07,601012,11:01:02,16.6500,141,2
2026-05-07,601012,11:01:05,16.6500,36,2
2026-05-07,601012,11:01:08,16.6500,225,2
2026-05-07,601012,11:01:11,16.6500,66,2
2026-05-07,601012,11:01:14,16.6500,143,2
2026-05-07,601012,11:01:17,16.6400,28,2
2026-05-07,601012,11:01:20,16.6400,26,2
2026-05-07,601012,11:01:23,16.6500,368,1
2026-05-07,601012,11:01:26,16.6400,46,2
2026-05-07,601012,11:01:29,16.6400,10,2
2026-05-07,601012,11:01:32,16.6500,16,1
2026-05-07,601012,11:01:35,16.6400,27,2
2026-05-07,601012,11:01:38,16.6500,64,1
2026-05-07,601012,11:01:41,16.6500,17,1
2026-05-07,601012,11:01:44,16.6500,110,1
2026-05-07,601012,11:01:47,16.6400,88,2
2026-05-07,601012,11:01:50,16.6500,178,1
2026-05-07,601012,11:01:53,16.6500,991,1
2026-05-07,601012,11:01:56,16.6500,358,1
2026-05-07,601012,11:01:59,16.6500,30,2
2026-05-07,601012,11:02:02,16.6500,736,2
2026-05-07,601012,11:02:05,16.6500,54,2
2026-05-07,601012,11:02:08,16.6500,107,2
2026-05-07,601012,11:02:11,16.6600,666,1
2026-05-07,601012,11:02:14,16.6600,554,2
2026-05-07,601012,11:02:17,16.6600,14,2
2026-05-07,601012,11:02:23,16.6600,268,2
2026-05-07,601012,11:02:26,16.6700,195,1
2026-05-07,601012,11:02:29,16.6800,169,1
2026-05-07,601012,11:02:32,16.6800,71,1
2026-05-07,601012,11:02:35,16.6800,12,1
2026-05-07,601012,11:02:38,16.6800,30,1
2026-05-07,601012,11:02:41,16.6800,20,1
2026-05-07,601012,11:02:44,16.6800,28,1
2026-05-07,601012,11:02:47,16.6700,159,2
2026-05-07,601012,11:02:50,16.6800,60,1
2026-05-07,601012,11:02:53,16.6700,22,2
2026-05-07,601012,11:02:56,16.6800,25,1
2026-05-07,601012,11:02:59,16.6800,273,1
2026-05-07,601012,11:03:02,16.6700,226,2
2026-05-07,601012,11:03:05,16.6600,70,2
2026-05-07,601012,11:03:08,16.6700,10,1
2026-05-07,601012,11:03:11,16.6700,27,1
2026-05-07,601012,11:03:14,16.6700,8,1
2026-05-07,601012,11:03:17,16.6700,33,1
2026-05-07,601012,11:03:20,16.6700,13,1
2026-05-07,601012,11:03:23,16.6600,64,2
2026-05-07,601012,11:03:26,16.6700,61,1
2026-05-07,601012,11:03:29,16.6700,59,1
2026-05-07,601012,11:03:32,16.6600,22,2
2026-05-07,601012,11:03:35,16.6600,32,2
2026-05-07,601012,11:03:38,16.6700,74,1
2026-05-07,601012,11:03:41,16.6600,12,2
2026-05-07,601012,11:03:44,16.6700,78,1
2026-05-07,601012,11:03:47,16.6600,27,2
2026-05-07,601012,11:03:50,16.6700,12,1
2026-05-07,601012,11:03:53,16.6700,38,1
2026-05-07,601012,11:03:56,16.6600,47,2
2026-05-07,601012,11:03:59,16.6600,564,2
2026-05-07,601012,11:04:02,16.6700,184,1
2026-05-07,601012,11:04:05,16.6600,166,2
2026-05-07,601012,11:04:08,16.6700,60,1
2026-05-07,601012,11:04:11,16.6700,41,1
2026-05-07,601012,11:04:14,16.6700,12,1
2026-05-07,601012,11:04:17,16.6600,50,2
2026-05-07,601012,11:04:20,16.6700,4,1
2026-05-07,601012,11:04:23,16.6700,48,1
2026-05-07,601012,11:04:26,16.6600,53,2
2026-05-07,601012,11:04:29,16.6600,62,2
2026-05-07,601012,11:04:35,16.6700,125,1
2026-05-07,601012,11:04:38,16.6700,63,1
2026-05-07,601012,11:04:41,16.6600,110,2
2026-05-07,601012,11:04:44,16.6600,33,2
2026-05-07,601012,11:04:47,16.6600,29,2
2026-05-07,601012,11:04:50,16.6600,20,2
2026-05-07,601012,11:04:53,16.6600,21,2
2026-05-07,601012,11:04:59,16.6600,20,2
2026-05-07,601012,11:05:02,16.6700,12,1
2026-05-07,601012,11:05:05,16.6600,20,2
2026-05-07,601012,11:05:08,16.6700,43,1
2026-05-07,601012,11:05:11,16.6700,66,1
2026-05-07,601012,11:05:14,16.6700,31,1
2026-05-07,601012,11:05:17,16.6600,14,2
2026-05-07,601012,11:05:20,16.6700,179,1
2026-05-07,601012,11:05:23,16.6600,468,2
2026-05-07,601012,11:05:26,16.6600,312,2
2026-05-07,601012,11:05:29,16.6700,15,1
2026-05-07,601012,11:05:32,16.6700,52,1
2026-05-07,601012,11:05:35,16.6700,38,1
2026-05-07,601012,11:05:38,16.6700,27,1
2026-05-07,601012,11:05:41,16.6600,132,2
2026-05-07,601012,11:05:44,16.6700,68,1
2026-05-07,601012,11:05:47,16.6600,44,2
2026-05-07,601012,11:05:50,16.6700,7,1
2026-05-07,601012,11:05:53,16.6600,6,2
2026-05-07,601012,11:05:56,16.6600,45,2
2026-05-07,601012,11:05:59,16.6600,79,2
2026-05-07,601012,11:06:02,16.6700,34,1
2026-05-07,601012,11:06:05,16.6600,20,2
2026-05-07,601012,11:06:08,16.6600,17,2
2026-05-07,601012,11:06:11,16.6600,31,2
2026-05-07,601012,11:06:14,16.6600,28,2
2026-05-07,601012,11:06:17,16.6700,44,1
2026-05-07,601012,11:06:20,16.6800,1178,1
2026-05-07,601012,11:06:23,16.6700,216,2
2026-05-07,601012,11:06:26,16.6800,304,1
2026-05-07,601012,11:06:29,16.6700,62,2
2026-05-07,601012,11:06:32,16.6700,45,2
2026-05-07,601012,11:06:35,16.6800,263,1
2026-05-07,601012,11:06:38,16.6800,10,1
2026-05-07,601012,11:06:41,16.6700,28,2
2026-05-07,601012,11:06:44,16.6700,10,2
2026-05-07,601012,11:06:47,16.6800,81,1
2026-05-07,601012,11:06:50,16.6800,2186,1
2026-05-07,601012,11:06:53,16.6800,36,2
2026-05-07,601012,11:06:56,16.6800,797,2
2026-05-07,601012,11:06:59,16.6800,68,2
2026-05-07,601012,11:07:02,16.6800,21,2
2026-05-07,601012,11:07:05,16.6800,228,2
2026-05-07,601012,11:07:08,16.6900,254,1
2026-05-07,601012,11:07:11,16.6900,39,1
2026-05-07,601012,11:07:14,16.6900,20,1
2026-05-07,601012,11:07:17,16.6900,1,1
2026-05-07,601012,11:07:20,16.6900,159,1
2026-05-07,601012,11:07:23,16.6800,445,2
2026-05-07,601012,11:07:26,16.6900,474,1
2026-05-07,601012,11:07:29,16.6900,114,1
2026-05-07,601012,11:07:32,16.6800,14,2
2026-05-07,601012,11:07:35,16.6800,30,2
2026-05-07,601012,11:07:38,16.6800,91,2
2026-05-07,601012,11:07:41,16.6800,106,1
2026-05-07,601012,11:07:44,16.6800,11,1
2026-05-07,601012,11:07:47,16.6800,84,1
2026-05-07,601012,11:07:50,16.6800,25,1
2026-05-07,601012,11:07:53,16.6700,171,2
2026-05-07,601012,11:07:56,16.6700,105,2
2026-05-07,601012,11:07:59,16.6700,23,2
2026-05-07,601012,11:08:02,16.6700,12,2
2026-05-07,601012,11:08:05,16.6800,44,1
2026-05-07,601012,11:08:08,16.6800,54,1
2026-05-07,601012,11:08:11,16.6700,41,2
2026-05-07,601012,11:08:14,16.6800,112,1
2026-05-07,601012,11:08:17,16.6800,824,1
2026-05-07,601012,11:08:20,16.6800,4,2
2026-05-07,601012,11:08:23,16.6900,100,1
2026-05-07,601012,11:08:26,16.6900,22,1
2026-05-07,601012,11:08:29,16.6800,108,2
2026-05-07,601012,11:08:32,16.6800,83,2
2026-05-07,601012,11:08:35,16.6900,7,1
2026-05-07,601012,11:08:38,16.6900,22,1
2026-05-07,601012,11:08:41,16.6800,83,2
2026-05-07,601012,11:08:44,16.6800,42,2
2026-05-07,601012,11:08:47,16.6800,13,2
2026-05-07,601012,11:08:50,16.6800,116,2
2026-05-07,601012,11:08:53,16.6800,48,2
2026-05-07,601012,11:08:56,16.6800,114,2
2026-05-07,601012,11:08:59,16.6900,57,1
2026-05-07,601012,11:09:02,16.6900,252,1
2026-05-07,601012,11:09:05,16.6900,14,1
2026-05-07,601012,11:09:08,16.6900,26,1
2026-05-07,601012,11:09:11,16.6900,32,1
2026-05-07,601012,11:09:14,16.6800,19,2
2026-05-07,601012,11:09:17,16.6800,95,2
2026-05-07,601012,11:09:20,16.6800,55,2
2026-05-07,601012,11:09:23,16.6900,13,1
2026-05-07,601012,11:09:26,16.6900,50,1
2026-05-07,601012,11:09:29,16.6800,102,2
2026-05-07,601012,11:09:32,16.7100,5511,1
2026-05-07,601012,11:09:35,16.7200,419,1
2026-05-07,601012,11:09:38,16.7000,156,2
2026-05-07,601012,11:09:41,16.7100,15,2
2026-05-07,601012,11:09:44,16.7100,167,1
2026-05-07,601012,11:09:47,16.7100,84,2
2026-05-07,601012,11:09:50,16.7100,6,2
2026-05-07,601012,11:09:53,16.7200,104,1
2026-05-07,601012,11:09:56,16.7100,265,2
2026-05-07,601012,11:09:59,16.7100,88,1
2026-05-07,601012,11:10:02,16.7000,673,2
2026-05-07,601012,11:10:05,16.7000,12,2
2026-05-07,601012,11:10:08,16.7000,200,2
2026-05-07,601012,11:10:11,16.7000,29,1
2026-05-07,601012,11:10:14,16.7000,52,1
2026-05-07,601012,11:10:17,16.7000,66,1
2026-05-07,601012,11:10:20,16.7000,32,1
2026-05-07,601012,11:10:23,16.7000,53,1
2026-05-07,601012,11:10:26,16.6900,22,2
2026-05-07,601012,11:10:29,16.7000,13,1
2026-05-07,601012,11:10:32,16.6900,6,2
2026-05-07,601012,11:10:35,16.6900,14,2
2026-05-07,601012,11:10:38,16.7000,131,1
2026-05-07,601012,11:10:41,16.7000,132,1
2026-05-07,601012,11:10:44,16.7000,3,1
2026-05-07,601012,11:10:47,16.6900,121,2
2026-05-07,601012,11:10:50,16.7000,639,1
2026-05-07,601012,11:10:53,16.7000,63,1
2026-05-07,601012,11:10:56,16.6900,99,2
2026-05-07,601012,11:10:59,16.6900,53,2
2026-05-07,601012,11:11:02,16.6900,59,2
2026-05-07,601012,11:11:05,16.6900,243,1
2026-05-07,601012,11:11:08,16.6800,5,2
2026-05-07,601012,11:11:11,16.6900,2,1
2026-05-07,601012,11:11:14,16.6800,127,2
2026-05-07,601012,11:11:17,16.6800,48,2
2026-05-07,601012,11:11:20,16.6800,47,2
2026-05-07,601012,11:11:23,16.6900,153,1
2026-05-07,601012,11:11:26,16.6900,183,1
2026-05-07,601012,11:11:29,16.6900,10,2
2026-05-07,601012,11:11:35,16.7000,56,1
2026-05-07,601012,11:11:38,16.7000,223,1
2026-05-07,601012,11:11:41,16.7000,656,1
2026-05-07,601012,11:11:44,16.7000,425,1
2026-05-07,601012,11:11:47,16.7000,29,1
2026-05-07,601012,11:11:50,16.6900,46,2
2026-05-07,601012,11:11:53,16.6900,84,2
2026-05-07,601012,11:11:56,16.6900,173,2
2026-05-07,601012,11:11:59,16.6900,38,1
2026-05-07,601012,11:12:02,16.6800,140,2
2026-05-07,601012,11:12:05,16.7000,30,1
2026-05-07,601012,11:12:08,16.7000,55,1
2026-05-07,601012,11:12:11,16.6900,67,2
2026-05-07,601012,11:12:14,16.6900,6,2
2026-05-07,601012,11:12:17,16.6900,28,2
2026-05-07,601012,11:12:20,16.6900,10,2
2026-05-07,601012,11:12:23,16.6800,85,2
2026-05-07,601012,11:12:26,16.6900,123,1
2026-05-07,601012,11:12:29,16.6900,133,1
2026-05-07,601012,11:12:32,16.6900,85,1
2026-05-07,601012,11:12:35,16.6800,9,2
2026-05-07,601012,11:12:41,16.6900,20,1
2026-05-07,601012,11:12:44,16.6800,38,2
2026-05-07,601012,11:12:47,16.6800,106,2
2026-05-07,601012,11:12:50,16.6900,100,1
2026-05-07,601012,11:12:53,16.6800,54,2
2026-05-07,601012,11:12:56,16.6800,12,2
2026-05-07,601012,11:13:02,16.6800,38,2
2026-05-07,601012,11:13:05,16.6700,1858,2
2026-05-07,601012,11:13:08,16.6700,91,2
2026-05-07,601012,11:13:11,16.6700,66,2
2026-05-07,601012,11:13:14,16.6800,123,1
2026-05-07,601012,11:13:17,16.6700,70,2
2026-05-07,601012,11:13:23,16.6700,675,2
2026-05-07,601012,11:13:26,16.6700,326,1
2026-05-07,601012,11:13:29,16.6600,39,2
2026-05-07,601012,11:13:32,16.6700,44,1
2026-05-07,601012,11:13:35,16.6600,7,2
2026-05-07,601012,11:13:38,16.6600,66,2
2026-05-07,601012,11:13:41,16.6600,17,2
2026-05-07,601012,11:13:44,16.6700,171,1
2026-05-07,601012,11:13:47,16.6700,128,1
2026-05-07,601012,11:13:50,16.6700,5,1
2026-05-07,601012,11:13:53,16.6700,10,1
2026-05-07,601012,11:13:56,16.6700,163,1
2026-05-07,601012,11:13:59,16.6600,64,2
2026-05-07,601012,11:14:02,16.6700,20,1
2026-05-07,601012,11:14:05,16.6600,31,2
2026-05-07,601012,11:14:08,16.6600,15,2
2026-05-07,601012,11:14:11,16.6600,1,2
2026-05-07,601012,11:14:14,16.6600,10,2
2026-05-07,601012,11:14:20,16.6600,12,2
2026-05-07,601012,11:14:23,16.6700,58,1
2026-05-07,601012,11:14:26,16.6600,615,2
2026-05-07,601012,11:14:29,16.6600,34,1
2026-05-07,601012,11:14:32,16.6600,97,1
2026-05-07,601012,11:14:35,16.6600,100,1
2026-05-07,601012,11:14:38,16.6600,63,2
2026-05-07,601012,11:14:41,16.6700,18,1
2026-05-07,601012,11:14:44,16.6600,18,2
2026-05-07,601012,11:14:47,16.6600,138,2
2026-05-07,601012,11:14:50,16.6600,3,2
2026-05-07,601012,11:14:53,16.6700,11,1
2026-05-07,601012,11:14:56,16.6700,1,1
2026-05-07,601012,11:14:59,16.6700,14,1
2026-05-07,601012,11:15:02,16.6600,86,2
2026-05-07,601012,11:15:08,16.6700,46,1
2026-05-07,601012,11:15:11,16.6700,30,1
2026-05-07,601012,11:15:14,16.6700,109,1
2026-05-07,601012,11:15:17,16.6700,18,1
2026-05-07,601012,11:15:20,16.6600,16,2
2026-05-07,601012,11:15:23,16.6700,17,1
2026-05-07,601012,11:15:26,16.6600,12,2
2026-05-07,601012,11:15:29,16.6600,8,2
2026-05-07,601012,11:15:32,16.6700,38,1
2026-05-07,601012,11:15:35,16.6600,213,2
2026-05-07,601012,11:15:38,16.6700,8,1
2026-05-07,601012,11:15:41,16.6700,129,1
2026-05-07,601012,11:15:44,16.6700,64,1
2026-05-07,601012,11:15:47,16.6700,39,1
2026-05-07,601012,11:15:50,16.6700,250,1
2026-05-07,601012,11:15:53,16.6700,81,1
2026-05-07,601012,11:15:56,16.6700,138,1
2026-05-07,601012,11:15:59,16.6600,313,2
2026-05-07,601012,11:16:02,16.6600,44,2
2026-05-07,601012,11:16:05,16.6600,20,2
2026-05-07,601012,11:16:08,16.6700,20,1
2026-05-07,601012,11:16:11,16.6700,12,1
2026-05-07,601012,11:16:14,16.6700,67,1
2026-05-07,601012,11:16:17,16.6700,35,2
2026-05-07,601012,11:16:20,16.6700,15,1
2026-05-07,601012,11:16:23,16.6600,50,2
2026-05-07,601012,11:16:29,16.6600,51,2
2026-05-07,601012,11:16:32,16.6600,12,2
2026-05-07,601012,11:16:35,16.6600,110,2
2026-05-07,601012,11:16:38,16.6600,57,2
2026-05-07,601012,11:16:41,16.6600,6,2
2026-05-07,601012,11:16:44,16.6600,612,2
2026-05-07,601012,11:16:47,16.6600,78,2
2026-05-07,601012,11:16:50,16.6600,10,2
2026-05-07,601012,11:16:53,16.6600,82,2
2026-05-07,601012,11:16:56,16.6700,95,1
2026-05-07,601012,11:16:59,16.6600,352,2
2026-05-07,601012,11:17:02,16.6600,35,1
2026-05-07,601012,11:17:05,16.6500,47,2
2026-05-07,601012,11:17:08,16.6500,316,2
2026-05-07,601012,11:17:11,16.6600,16,1
2026-05-07,601012,11:17:14,16.6500,1852,2
2026-05-07,601012,11:17:17,16.6500,293,1
2026-05-07,601012,11:17:20,16.6500,61,1
2026-05-07,601012,11:17:26,16.6400,46,2
2026-05-07,601012,11:17:29,16.6400,46,2
2026-05-07,601012,11:17:32,16.6400,71,2
2026-05-07,601012,11:17:35,16.6400,14,2
2026-05-07,601012,11:17:38,16.6500,118,1
2026-05-07,601012,11:17:41,16.6500,13,1
2026-05-07,601012,11:17:44,16.6500,11,1
2026-05-07,601012,11:17:47,16.6500,33,1
2026-05-07,601012,11:17:50,16.6500,6,1
2026-05-07,601012,11:17:53,16.6500,66,1
2026-05-07,601012,11:17:56,16.6500,16,1
2026-05-07,601012,11:17:59,16.6500,44,1
2026-05-07,601012,11:18:02,16.6500,77,1
2026-05-07,601012,11:18:05,16.6400,81,2
2026-05-07,601012,11:18:08,16.6500,84,1
2026-05-07,601012,11:18:11,16.6400,4,2
2026-05-07,601012,11:18:14,16.6400,3,2
2026-05-07,601012,11:18:17,16.6400,21,2
2026-05-07,601012,11:18:20,16.6400,78,2
2026-05-07,601012,11:18:23,16.6400,78,2
2026-05-07,601012,11:18:26,16.6400,593,2
2026-05-07,601012,11:18:29,16.6400,103,2
2026-05-07,601012,11:18:32,16.6400,24,2
2026-05-07,601012,11:18:35,16.6400,124,1
2026-05-07,601012,11:18:38,16.6400,49,1
2026-05-07,601012,11:18:41,16.6400,5,1
2026-05-07,601012,11:18:44,16.6300,7,2
2026-05-07,601012,11:18:47,16.6400,13,1
2026-05-07,601012,11:18:50,16.6300,119,2
2026-05-07,601012,11:18:53,16.6400,18,1
2026-05-07,601012,11:18:56,16.6400,31,1
2026-05-07,601012,11:18:59,16.6400,20,1
2026-05-07,601012,11:19:02,16.6400,54,1
2026-05-07,601012,11:19:05,16.6300,12,2
2026-05-07,601012,11:19:08,16.6300,47,2
2026-05-07,601012,11:19:11,16.6400,23,1
2026-05-07,601012,11:19:14,16.6400,17,1
2026-05-07,601012,11:19:17,16.6400,115,1
2026-05-07,601012,11:19:20,16.6400,26,1
2026-05-07,601012,11:19:23,16.6300,108,2
2026-05-07,601012,11:19:26,16.6400,256,1
2026-05-07,601012,11:19:29,16.6400,169,1
2026-05-07,601012,11:19:32,16.6400,320,1
2026-05-07,601012,11:19:35,16.6300,5,2
2026-05-07,601012,11:19:38,16.6400,30,1
2026-05-07,601012,11:19:41,16.6400,49,1
2026-05-07,601012,11:19:44,16.6400,68,1
2026-05-07,601012,11:19:47,16.6400,7,1
2026-05-07,601012,11:19:50,16.6400,29,1
2026-05-07,601012,11:19:53,16.6400,77,1
2026-05-07,601012,11:19:56,16.6400,17,1
2026-05-07,601012,11:19:59,16.6400,32,1
