date,code,time,price,volume,bs
2026-05-07,000858,14:07:03,92.5900,217,1
2026-05-07,000858,14:07:06,92.5800,42,2
2026-05-07,000858,14:07:09,92.5700,17,2
2026-05-07,000858,14:07:12,92.5800,24,1
2026-05-07,000858,14:07:15,92.5800,273,1
2026-05-07,000858,14:07:18,92.5700,86,2
2026-05-07,000858,14:07:21,92.5800,80,1
2026-05-07,000858,14:07:24,92.5800,82,1
2026-05-07,000858,14:07:27,92.5800,403,1
2026-05-07,000858,14:07:30,92.5700,30,4
2026-05-07,000858,14:07:33,92.5600,84,2
2026-05-07,000858,14:07:36,92.5600,17,1
2026-05-07,000858,14:07:39,92.5600,202,1
2026-05-07,000858,14:07:42,92.5600,33,1
2026-05-07,000858,14:07:45,92.5600,90,1
2026-05-07,000858,14:07:48,92.5500,75,2
2026-05-07,000858,14:07:51,92.5600,41,4
2026-05-07,000858,14:07:54,92.5600,73,1
2026-05-07,000858,14:07:57,92.5500,11,2
2026-05-07,000858,14:08:00,92.5500,15,2
2026-05-07,000858,14:08:03,92.5500,4,2
2026-05-07,000858,14:08:06,92.5500,72,2
2026-05-07,000858,14:08:09,92.5500,15,2
2026-05-07,000858,14:08:12,92.5600,77,1
2026-05-07,000858,14:08:15,92.5600,27,1
2026-05-07,000858,14:08:18,92.5600,41,1
2026-05-07,000858,14:08:21,92.5500,72,2
2026-05-07,000858,14:08:24,92.5600,14,4
2026-05-07,000858,14:08:27,92.5700,17,1
2026-05-07,000858,14:08:30,92.5500,51,2
2026-05-07,000858,14:08:33,92.5500,65,2
2026-05-07,000858,14:08:36,92.5500,40,2
2026-05-07,000858,14:08:39,92.5500,38,2
2026-05-07,000858,14:08:42,92.5600,48,4
2026-05-07,000858,14:08:45,92.5500,259,2
2026-05-07,000858,14:08:48,92.5500,76,1
2026-05-07,000858,14:08:51,92.5500,27,1
2026-05-07,000858,14:08:54,92.5500,126,1
2026-05-07,000858,14:08:57,92.5500,198,2
2026-05-07,000858,14:09:00,92.5600,3,1
2026-05-07,000858,14:09:03,92.5600,21,1
2026-05-07,000858,14:09:06,92.5500,63,2
2026-05-07,000858,14:09:09,92.5600,126,1
2026-05-07,000858,14:09:12,92.5500,59,2
2026-05-07,000858,14:09:15,92.5600,6,4
2026-05-07,000858,14:09:18,92.5500,90,2
2026-05-07,000858,14:09:21,92.5500,265,2
2026-05-07,000858,14:09:24,92.5500,50,2
2026-05-07,000858,14:09:27,92.5500,24,1
2026-05-07,000858,14:09:30,92.5500,73,1
2026-05-07,000858,14:09:33,92.5400,12,2
2026-05-07,000858,14:09:36,92.5400,236,2
2026-05-07,000858,14:09:39,92.5400,22,2
2026-05-07,000858,14:09:42,92.5500,35,1
2026-05-07,000858,14:09:45,92.5500,44,1
2026-05-07,000858,14:09:48,92.5400,138,2
2026-05-07,000858,14:09:51,92.5400,115,2
2026-05-07,000858,14:09:54,92.5500,86,1
2026-05-07,000858,14:09:57,92.5400,34,2
2026-05-07,000858,14:10:00,92.5500,50,1
2026-05-07,000858,14:10:03,92.5400,9,2
2026-05-07,000858,14:10:06,92.5400,13,2
2026-05-07,000858,14:10:09,92.5400,20,2
2026-05-07,000858,14:10:12,92.5500,249,1
2026-05-07,000858,14:10:15,92.5400,16,4
2026-05-07,000858,14:10:18,92.5400,18,1
2026-05-07,000858,14:10:21,92.5400,25,1
2026-05-07,000858,14:10:24,92.5400,217,1
2026-05-07,000858,14:10:27,92.5300,138,2
2026-05-07,000858,14:10:30,92.5300,83,2
2026-05-07,000858,14:10:33,92.5300,29,2
2026-05-07,000858,14:10:36,92.5300,98,2
2026-05-07,000858,14:10:39,92.5200,67,2
2026-05-07,000858,14:10:42,92.5300,54,1
2026-05-07,000858,14:10:45,92.5200,34,2
2026-05-07,000858,14:10:48,92.5300,253,1
2026-05-07,000858,14:10:51,92.5300,36,1
2026-05-07,000858,14:10:54,92.5200,19,2
2026-05-07,000858,14:10:57,92.5200,162,2
2026-05-07,000858,14:11:00,92.5300,152,1
2026-05-07,000858,14:11:03,92.5200,28,2
2026-05-07,000858,14:11:06,92.5300,8,1
2026-05-07,000858,14:11:09,92.5300,26,1
2026-05-07,000858,14:11:12,92.5200,25,2
2026-05-07,000858,14:11:15,92.5200,51,2
2026-05-07,000858,14:11:18,92.5200,62,2
2026-05-07,000858,14:11:21,92.5100,38,2
2026-05-07,000858,14:11:24,92.5200,494,1
2026-05-07,000858,14:11:27,92.5100,11,2
2026-05-07,000858,14:11:30,92.5200,22,1
2026-05-07,000858,14:11:33,92.5100,29,2
2026-05-07,000858,14:11:36,92.5200,9,1
2026-05-07,000858,14:11:39,92.5200,260,1
2026-05-07,000858,14:11:42,92.5100,54,2
2026-05-07,000858,14:11:45,92.5100,46,2
2026-05-07,000858,14:11:48,92.5200,105,1
2026-05-07,000858,14:11:51,92.5100,150,2
2026-05-07,000858,14:11:54,92.5100,41,2
2026-05-07,000858,14:11:57,92.5100,21,2
2026-05-07,000858,14:12:00,92.5100,49,2
2026-05-07,000858,14:12:03,92.5200,114,1
2026-05-07,000858,14:12:06,92.5100,247,2
2026-05-07,000858,14:12:09,92.5100,46,2
2026-05-07,000858,14:12:12,92.5100,39,2
2026-05-07,000858,14:12:15,92.5100,38,2
2026-05-07,000858,14:12:18,92.5100,103,2
2026-05-07,000858,14:12:21,92.5100,13,2
2026-05-07,000858,14:12:24,92.5100,30,2
2026-05-07,000858,14:12:27,92.5100,22,2
2026-05-07,000858,14:12:30,92.5100,27,2
2026-05-07,000858,14:12:33,92.5100,56,2
2026-05-07,000858,14:12:36,92.5100,32,2
2026-05-07,000858,14:12:39,92.5100,67,2
2026-05-07,000858,14:12:42,92.5100,33,2
2026-05-07,000858,14:12:45,92.5100,22,2
2026-05-07,000858,14:12:48,92.5100,15,2
2026-05-07,000858,14:12:51,92.5200,65,1
2026-05-07,000858,14:12:54,92.5200,37,1
2026-05-07,000858,14:12:57,92.5100,57,2
2026-05-07,000858,14:13:00,92.5200,8,1
2026-05-07,000858,14:13:03,92.5200,732,1
2026-05-07,000858,14:13:06,92.5200,5,2
2026-05-07,000858,14:13:09,92.5300,197,1
2026-05-07,000858,14:13:12,92.5200,35,2
2026-05-07,000858,14:13:15,92.5700,234,1
2026-05-07,000858,14:13:18,92.5600,20,2
2026-05-07,000858,14:13:21,92.5600,9,2
2026-05-07,000858,14:13:24,92.5600,40,2
2026-05-07,000858,14:13:27,92.5700,292,1
2026-05-07,000858,14:13:30,92.5700,36,1
2026-05-07,000858,14:13:33,92.5700,17,2
2026-05-07,000858,14:13:36,92.5700,11,2
2026-05-07,000858,14:13:39,92.5700,37,2
2026-05-07,000858,14:13:42,92.5800,164,1
2026-05-07,000858,14:13:45,92.5700,38,2
2026-05-07,000858,14:13:48,92.5800,54,1
2026-05-07,000858,14:13:51,92.5800,49,1
2026-05-07,000858,14:13:54,92.5800,37,2
2026-05-07,000858,14:13:57,92.5900,10,2
2026-05-07,000858,14:14:00,92.6000,128,1
2026-05-07,000858,14:14:03,92.6000,15,2
2026-05-07,000858,14:14:06,92.6000,104,2
2026-05-07,000858,14:14:09,92.6200,46,1
2026-05-07,000858,14:14:12,92.6200,17,2
2026-05-07,000858,14:14:15,92.6400,27,1
2026-05-07,000858,14:14:18,92.6500,13,1
2026-05-07,000858,14:14:21,92.6300,90,2
2026-05-07,000858,14:14:24,92.6400,97,1
2026-05-07,000858,14:14:27,92.6100,60,2
2026-05-07,000858,14:14:30,92.6000,117,2
2026-05-07,000858,14:14:33,92.6000,115,1
2026-05-07,000858,14:14:36,92.6100,62,1
2026-05-07,000858,14:14:39,92.5900,43,2
2026-05-07,000858,14:14:42,92.5900,30,2
2026-05-07,000858,14:14:45,92.6000,41,1
2026-05-07,000858,14:14:48,92.6000,80,2
2026-05-07,000858,14:14:51,92.6100,46,1
2026-05-07,000858,14:14:54,92.6100,22,1
2026-05-07,000858,14:14:57,92.6000,44,2
2026-05-07,000858,14:15:00,92.6000,17,2
2026-05-07,000858,14:15:03,92.6000,37,2
2026-05-07,000858,14:15:06,92.6100,18,1
2026-05-07,000858,14:15:09,92.6000,53,2
2026-05-07,000858,14:15:12,92.6100,27,1
2026-05-07,000858,14:15:15,92.6000,50,2
2026-05-07,000858,14:15:18,92.5900,147,2
2026-05-07,000858,14:15:21,92.5900,44,2
2026-05-07,000858,14:15:24,92.6000,31,1
2026-05-07,000858,14:15:27,92.6000,44,1
2026-05-07,000858,14:15:30,92.6000,14,1
2026-05-07,000858,14:15:33,92.5900,48,2
2026-05-07,000858,14:15:36,92.5900,10,1
2026-05-07,000858,14:15:39,92.5900,63,1
2026-05-07,000858,14:15:42,92.5800,21,2
2026-05-07,000858,14:15:45,92.5800,22,2
2026-05-07,000858,14:15:48,92.5900,17,1
2026-05-07,000858,14:15:51,92.5800,56,2
2026-05-07,000858,14:15:54,92.5800,37,2
2026-05-07,000858,14:15:57,92.5800,76,2
2026-05-07,000858,14:16:00,92.5800,36,2
2026-05-07,000858,14:16:03,92.5800,46,2
2026-05-07,000858,14:16:06,92.5800,52,2
2026-05-07,000858,14:16:09,92.5800,25,2
2026-05-07,000858,14:16:12,92.5800,40,2
2026-05-07,000858,14:16:15,92.5900,24,1
2026-05-07,000858,14:16:18,92.5800,22,4
2026-05-07,000858,14:16:21,92.5800,31,1
2026-05-07,000858,14:16:24,92.5800,27,2
2026-05-07,000858,14:16:27,92.5800,26,2
2026-05-07,000858,14:16:30,92.5800,19,2
2026-05-07,000858,14:16:33,92.5800,57,2
2026-05-07,000858,14:16:36,92.5900,12,1
2026-05-07,000858,14:16:39,92.5800,49,2
2026-05-07,000858,14:16:42,92.5800,11,1
2026-05-07,000858,14:16:45,92.5700,82,2
2026-05-07,000858,14:16:48,92.5800,64,1
2026-05-07,000858,14:16:51,92.5800,31,1
2026-05-07,000858,14:16:54,92.5700,6,2
2026-05-07,000858,14:16:57,92.5700,125,2
2026-05-07,000858,14:17:00,92.5700,30,2
2026-05-07,000858,14:17:03,92.5700,85,1
2026-05-07,000858,14:17:06,92.5700,11,1
2026-05-07,000858,14:17:09,92.5700,63,1
2026-05-07,000858,14:17:12,92.5700,84,2
2026-05-07,000858,14:17:15,92.5600,37,2
2026-05-07,000858,14:17:18,92.5700,27,1
2026-05-07,000858,14:17:21,92.5600,68,2
2026-05-07,000858,14:17:24,92.5700,86,1
2026-05-07,000858,14:17:27,92.5700,46,1
2026-05-07,000858,14:17:30,92.5700,28,1
2026-05-07,000858,14:17:33,92.5600,46,2
2026-05-07,000858,14:17:36,92.5600,15,2
2026-05-07,000858,14:17:39,92.5600,148,2
2026-05-07,000858,14:17:42,92.5600,42,2
2026-05-07,000858,14:17:45,92.5600,41,1
2026-05-07,000858,14:17:48,92.5600,117,4
2026-05-07,000858,14:17:51,92.5600,41,1
2026-05-07,000858,14:17:54,92.5600,9,1
2026-05-07,000858,14:17:57,92.5500,30,2
2026-05-07,000858,14:18:00,92.5500,24,2
2026-05-07,000858,14:18:03,92.5600,17,1
2026-05-07,000858,14:18:06,92.5600,40,2
2026-05-07,000858,14:18:09,92.5600,3,2
2026-05-07,000858,14:18:12,92.5700,23,1
2026-05-07,000858,14:18:15,92.5600,23,2
2026-05-07,000858,14:18:18,92.5600,38,2
2026-05-07,000858,14:18:21,92.5600,45,2
2026-05-07,000858,14:18:24,92.5600,78,2
2026-05-07,000858,14:18:27,92.5600,25,2
2026-05-07,000858,14:18:30,92.5600,14,2
2026-05-07,000858,14:18:33,92.5600,9,2
2026-05-07,000858,14:18:36,92.5600,67,2
2026-05-07,000858,14:18:39,92.5600,8,1
2026-05-07,000858,14:18:42,92.5600,12,1
2026-05-07,000858,14:18:45,92.5500,35,2
2026-05-07,000858,14:18:48,92.5600,13,1
2026-05-07,000858,14:18:51,92.5500,119,2
2026-05-07,000858,14:18:54,92.5400,64,2
2026-05-07,000858,14:18:57,92.5400,16,2
2026-05-07,000858,14:19:00,92.5400,29,2
2026-05-07,000858,14:19:03,92.5500,2,1
2026-05-07,000858,14:19:06,92.5500,15,1
2026-05-07,000858,14:19:09,92.5400,93,2
2026-05-07,000858,14:19:12,92.5400,17,2
2026-05-07,000858,14:19:15,92.5500,23,1
2026-05-07,000858,14:19:18,92.5500,13,1
2026-05-07,000858,14:19:21,92.5400,226,2
2026-05-07,000858,14:19:24,92.5500,74,1
2026-05-07,000858,14:19:27,92.5400,26,2
2026-05-07,000858,14:19:30,92.5500,98,1
2026-05-07,000858,14:19:33,92.5500,19,2
2026-05-07,000858,14:19:36,92.5500,24,1
2026-05-07,000858,14:19:39,92.5500,14,1
2026-05-07,000858,14:19:42,92.5500,6,1
2026-05-07,000858,14:19:45,92.5400,32,2
2026-05-07,000858,14:19:48,92.5400,28,2
2026-05-07,000858,14:19:51,92.5500,52,1
2026-05-07,000858,14:19:54,92.5400,79,2
2026-05-07,000858,14:19:57,92.5400,64,2
2026-05-07,000858,14:20:00,92.5300,30,2
2026-05-07,000858,14:20:03,92.5500,101,1
2026-05-07,000858,14:20:06,92.5400,8,2
2026-05-07,000858,14:20:09,92.5400,5,2
2026-05-07,000858,14:20:12,92.5400,92,2
2026-05-07,000858,14:20:15,92.5400,15,2
2026-05-07,000858,14:20:18,92.5400,26,2
2026-05-07,000858,14:20:21,92.5300,79,2
2026-05-07,000858,14:20:24,92.5400,29,1
2026-05-07,000858,14:20:27,92.5400,67,1
2026-05-07,000858,14:20:30,92.5400,33,2
2026-05-07,000858,14:20:33,92.5400,37,2
2026-05-07,000858,14:20:36,92.5500,10,1
2026-05-07,000858,14:20:39,92.5400,34,2
2026-05-07,000858,14:20:42,92.5400,93,2
2026-05-07,000858,14:20:45,92.5400,6,2
2026-05-07,000858,14:20:48,92.5500,29,1
2026-05-07,000858,14:20:51,92.5500,7,1
2026-05-07,000858,14:20:54,92.5500,18,1
2026-05-07,000858,14:20:57,92.5400,20,2
2026-05-07,000858,14:21:00,92.5500,59,1
2026-05-07,000858,14:21:03,92.5400,40,2
2026-05-07,000858,14:21:06,92.5500,25,1
2026-05-07,000858,14:21:09,92.5400,6,2
2026-05-07,000858,14:21:12,92.5500,39,1
2026-05-07,000858,14:21:15,92.5600,1019,1
2026-05-07,000858,14:21:18,92.5500,35,2
2026-05-07,000858,14:21:21,92.5500,13,2
2026-05-07,000858,14:21:24,92.6000,32,1
2026-05-07,000858,14:21:27,92.5500,156,2
2026-05-07,000858,14:21:30,92.5700,17,2
2026-05-07,000858,14:21:33,92.5700,42,2
2026-05-07,000858,14:21:36,92.6100,45,1
2026-05-07,000858,14:21:39,92.5800,20,1
2026-05-07,000858,14:21:42,92.5800,62,1
2026-05-07,000858,14:21:45,92.5800,10,2
2026-05-07,000858,14:21:48,92.5900,87,1
2026-05-07,000858,14:21:51,92.5900,13,2
2026-05-07,000858,14:21:54,92.5900,11,2
2026-05-07,000858,14:21:57,92.5900,11,2
2026-05-07,000858,14:22:00,92.6000,27,1
2026-05-07,000858,14:22:03,92.6000,11,1
2026-05-07,000858,14:22:06,92.6000,13,1
2026-05-07,000858,14:22:09,92.5900,59,2
2026-05-07,000858,14:22:12,92.6000,16,1
2026-05-07,000858,14:22:15,92.6000,14,1
2026-05-07,000858,14:22:18,92.5900,17,2
2026-05-07,000858,14:22:21,92.5900,102,2
2026-05-07,000858,14:22:24,92.6000,19,1
2026-05-07,000858,14:22:27,92.5900,14,2
2026-05-07,000858,14:22:30,92.6000,10,1
2026-05-07,000858,14:22:33,92.5900,51,2
2026-05-07,000858,14:22:36,92.6000,106,1
2026-05-07,000858,14:22:39,92.6000,95,2
2026-05-07,000858,14:22:42,92.6100,50,1
2026-05-07,000858,14:22:45,92.6000,38,2
2026-05-07,000858,14:22:48,92.6000,27,4
2026-05-07,000858,14:22:51,92.6000,27,1
2026-05-07,000858,14:22:54,92.5900,33,2
2026-05-07,000858,14:22:57,92.6000,12,4
2026-05-07,000858,14:23:00,92.6000,35,2
2026-05-07,000858,14:23:03,92.6000,50,1
2026-05-07,000858,14:23:06,92.6000,42,2
2026-05-07,000858,14:23:09,92.6000,25,2
2026-05-07,000858,14:23:12,92.6000,8,1
2026-05-07,000858,14:23:15,92.5900,28,2
2026-05-07,000858,14:23:18,92.5900,56,2
2026-05-07,000858,14:23:21,92.5900,51,2
2026-05-07,000858,14:23:24,92.5900,24,2
2026-05-07,000858,14:23:27,92.5900,46,2
2026-05-07,000858,14:23:30,92.5900,46,2
2026-05-07,000858,14:23:33,92.5800,17,2
2026-05-07,000858,14:23:36,92.5900,142,4
2026-05-07,000858,14:23:39,92.5800,23,2
2026-05-07,000858,14:23:42,92.5800,6,2
2026-05-07,000858,14:23:45,92.5800,108,2
2026-05-07,000858,14:23:48,92.5800,19,1
2026-05-07,000858,14:23:51,92.5800,27,1
2026-05-07,000858,14:23:54,92.5700,10,2
2026-05-07,000858,14:23:57,92.5700,77,2
2026-05-07,000858,14:24:00,92.5700,7,2
2026-05-07,000858,14:24:03,92.5700,47,2
2026-05-07,000858,14:24:06,92.5700,36,2
2026-05-07,000858,14:24:09,92.5700,47,2
2026-05-07,000858,14:24:12,92.5700,12,2
2026-05-07,000858,14:24:15,92.5700,36,2
2026-05-07,000858,14:24:18,92.5800,85,1
2026-05-07,000858,14:24:21,92.5700,49,2
2026-05-07,000858,14:24:24,92.5700,145,2
2026-05-07,000858,14:24:27,92.5700,12,2
2026-05-07,000858,14:24:30,92.5800,56,1
2026-05-07,000858,14:24:33,92.5700,17,2
2026-05-07,000858,14:24:36,92.5800,16,1
2026-05-07,000858,14:24:39,92.5600,11,2
2026-05-07,000858,14:24:42,92.5700,6,1
2026-05-07,000858,14:24:45,92.5700,18,1
2026-05-07,000858,14:24:48,92.5600,153,2
2026-05-07,000858,14:24:51,92.5600,124,2
2026-05-07,000858,14:24:54,92.5600,26,2
2026-05-07,000858,14:24:57,92.5600,49,2
2026-05-07,000858,14:25:00,92.5600,109,2
2026-05-07,000858,14:25:03,92.5600,42,4
2026-05-07,000858,14:25:06,92.5600,37,1
2026-05-07,000858,14:25:09,92.5500,209,2
2026-05-07,000858,14:25:12,92.5600,61,1
2026-05-07,000858,14:25:15,92.5600,44,1
2026-05-07,000858,14:25:18,92.5500,58,2
2026-05-07,000858,14:25:21,92.5500,51,2
2026-05-07,000858,14:25:24,92.5600,83,1
2026-05-07,000858,14:25:27,92.5500,12,1
2026-05-07,000858,14:25:30,92.5500,68,1
2026-05-07,000858,14:25:33,92.5400,40,2
2026-05-07,000858,14:25:36,92.5500,143,1
2026-05-07,000858,14:25:39,92.5400,159,2
2026-05-07,000858,14:25:42,92.5400,12,1
2026-05-07,000858,14:25:45,92.5300,202,2
2026-05-07,000858,14:25:48,92.5400,48,1
2026-05-07,000858,14:25:51,92.5400,16,1
2026-05-07,000858,14:25:54,92.5400,196,1
2026-05-07,000858,14:25:57,92.5300,43,2
2026-05-07,000858,14:26:00,92.5300,43,2
2026-05-07,000858,14:26:03,92.5300,33,2
2026-05-07,000858,14:26:06,92.5300,127,2
2026-05-07,000858,14:26:09,92.5300,23,2
2026-05-07,000858,14:26:12,92.5400,30,1
2026-05-07,000858,14:26:15,92.5300,134,2
2026-05-07,000858,14:26:18,92.5300,8,2
2026-05-07,000858,14:26:21,92.5400,10,1
2026-05-07,000858,14:26:24,92.5300,36,2
2026-05-07,000858,14:26:27,92.5300,59,2
2026-05-07,000858,14:26:30,92.5400,73,1
2026-05-07,000858,14:26:33,92.5300,25,2
2026-05-07,000858,14:26:36,92.5400,12,1
2026-05-07,000858,14:26:39,92.5400,73,1
2026-05-07,000858,14:26:42,92.5300,27,2
2026-05-07,000858,14:26:45,92.5300,25,2
2026-05-07,000858,14:26:48,92.5300,8,2
2026-05-07,000858,14:26:51,92.5300,13,2
2026-05-07,000858,14:26:54,92.5400,57,1
2026-05-07,000858,14:26:57,92.5300,775,2
2026-05-07,000858,14:27:00,92.5300,12,2
2026-05-07,000858,14:27:03,92.5400,51,1
2026-05-07,000858,14:27:06,92.5300,43,2
2026-05-07,000858,14:27:09,92.5400,85,1
2026-05-07,000858,14:27:12,92.5400,3,2
2026-05-07,000858,14:27:15,92.5400,65,2
2026-05-07,000858,14:27:18,92.5500,195,1
2026-05-07,000858,14:27:21,92.5500,69,1
2026-05-07,000858,14:27:24,92.5500,55,2
2026-05-07,000858,14:27:27,92.5600,9,1
2026-05-07,000858,14:27:30,92.5500,27,2
2026-05-07,000858,14:27:33,92.5500,7,2
2026-05-07,000858,14:27:36,92.5500,72,2
2026-05-07,000858,14:27:39,92.5500,69,2
2026-05-07,000858,14:27:42,92.5500,13,2
2026-05-07,000858,14:27:45,92.5500,22,2
2026-05-07,000858,14:27:48,92.5600,8,1
2026-05-07,000858,14:27:51,92.5600,67,1
2026-05-07,000858,14:27:54,92.5600,53,1
2026-05-07,000858,14:27:57,92.5500,90,2
2026-05-07,000858,14:28:00,92.5500,154,2
2026-05-07,000858,14:28:03,92.5600,68,1
2026-05-07,000858,14:28:06,92.5500,24,2
2026-05-07,000858,14:28:09,92.5500,22,2
2026-05-07,000858,14:28:12,92.5500,39,2
2026-05-07,000858,14:28:15,92.5500,54,2
2026-05-07,000858,14:28:18,92.5500,61,2
2026-05-07,000858,14:28:21,92.5600,78,1
2026-05-07,000858,14:28:24,92.5600,22,1
2026-05-07,000858,14:28:27,92.5500,36,2
2026-05-07,000858,14:28:30,92.5600,38,1
2026-05-07,000858,14:28:33,92.5500,23,2
2026-05-07,000858,14:28:36,92.5500,15,2
2026-05-07,000858,14:28:39,92.5600,44,1
2026-05-07,000858,14:28:42,92.5500,29,2
2026-05-07,000858,14:28:45,92.5500,6,2
2026-05-07,000858,14:28:48,92.5600,43,1
2026-05-07,000858,14:28:51,92.5500,168,2
2026-05-07,000858,14:28:54,92.5600,46,1
2026-05-07,000858,14:28:57,92.5500,26,2
2026-05-07,000858,14:29:00,92.5600,24,1
2026-05-07,000858,14:29:03,92.5500,79,2
2026-05-07,000858,14:29:06,92.5600,21,1
2026-05-07,000858,14:29:09,92.5600,12,1
2026-05-07,000858,14:29:12,92.5500,11,2
2026-05-07,000858,14:29:15,92.5600,68,1
2026-05-07,000858,14:29:18,92.5600,35,1
2026-05-07,000858,14:29:21,92.5500,34,2
2026-05-07,000858,14:29:24,92.5500,19,2
2026-05-07,000858,14:29:27,92.5500,108,2
2026-05-07,000858,14:29:33,92.5500,35,2
2026-05-07,000858,14:29:36,92.5600,17,1
2026-05-07,000858,14:29:39,92.5500,102,2
2026-05-07,000858,14:29:42,92.5600,7,1
2026-05-07,000858,14:29:45,92.5500,8,2
2026-05-07,000858,14:29:48,92.5600,175,1
2026-05-07,000858,14:29:51,92.5600,31,4
2026-05-07,000858,14:29:54,92.5700,18,1
2026-05-07,000858,14:29:57,92.5500,78,2
2026-05-07,000858,14:30:00,92.5600,68,1
2026-05-07,000858,14:30:03,92.5500,14,2
2026-05-07,000858,14:30:06,92.5500,14,2
2026-05-07,000858,14:30:09,92.5500,67,2
2026-05-07,000858,14:30:12,92.5600,26,1
2026-05-07,000858,14:30:15,92.5600,16,1
2026-05-07,000858,14:30:18,92.5800,244,1
2026-05-07,000858,14:30:21,92.5700,24,2
2026-05-07,000858,14:30:24,92.5700,21,2
2026-05-07,000858,14:30:27,92.5800,33,1
2026-05-07,000858,14:30:30,92.5800,9,1
2026-05-07,000858,14:30:33,92.5700,50,2
2026-05-07,000858,14:30:36,92.5700,5,2
2026-05-07,000858,14:30:39,92.5700,14,2
2026-05-07,000858,14:30:42,92.5700,11,2
2026-05-07,000858,14:30:45,92.5700,26,2
2026-05-07,000858,14:30:48,92.5800,6,1
2026-05-07,000858,14:30:51,92.5800,70,1
2026-05-07,000858,14:30:54,92.5700,25,2
2026-05-07,000858,14:30:57,92.5800,42,1
2026-05-07,000858,14:31:00,92.5800,65,1
2026-05-07,000858,14:31:03,92.5800,46,1
2026-05-07,000858,14:31:06,92.5800,77,1
2026-05-07,000858,14:31:09,92.5700,15,2
2026-05-07,000858,14:31:12,92.5800,52,1
2026-05-07,000858,14:31:15,92.5800,14,1
2026-05-07,000858,14:31:18,92.5700,74,2
2026-05-07,000858,14:31:21,92.5700,22,2
2026-05-07,000858,14:31:24,92.5700,221,2
2026-05-07,000858,14:31:27,92.5800,59,1
2026-05-07,000858,14:31:30,92.5900,22,1
2026-05-07,000858,14:31:33,92.5800,39,2
2026-05-07,000858,14:31:36,92.5900,22,1
2026-05-07,000858,14:31:39,92.5800,25,2
2026-05-07,000858,14:31:42,92.5800,20,2
2026-05-07,000858,14:31:45,92.5900,163,1
2026-05-07,000858,14:31:48,92.5900,130,2
2026-05-07,000858,14:31:51,92.5900,20,2
2026-05-07,000858,14:31:54,92.6000,35,1
2026-05-07,000858,14:31:57,92.6000,127,1
2026-05-07,000858,14:32:00,92.5900,223,2
2026-05-07,000858,14:32:03,92.6000,45,1
2026-05-07,000858,14:32:06,92.6000,53,1
2026-05-07,000858,14:32:09,92.6000,32,2
2026-05-07,000858,14:32:12,92.6100,4,1
2026-05-07,000858,14:32:15,92.6000,38,2
2026-05-07,000858,14:32:18,92.6100,81,1
2026-05-07,000858,14:32:21,92.6000,49,2
2026-05-07,000858,14:32:24,92.6100,24,1
2026-05-07,000858,14:32:27,92.6000,122,2
2026-05-07,000858,14:32:30,92.6100,88,1
2026-05-07,000858,14:32:33,92.6100,54,4
2026-05-07,000858,14:32:36,92.6200,62,1
2026-05-07,000858,14:32:39,92.6100,11,1
2026-05-07,000858,14:32:42,92.6100,153,1
2026-05-07,000858,14:32:45,92.6100,32,2
2026-05-07,000858,14:32:48,92.6100,35,2
2026-05-07,000858,14:32:51,92.6200,23,1
2026-05-07,000858,14:32:54,92.6200,1,1
2026-05-07,000858,14:32:57,92.6200,54,1
2026-05-07,000858,14:33:00,92.6300,46,1
2026-05-07,000858,14:33:03,92.6400,24,4
2026-05-07,000858,14:33:06,92.6400,4,4
2026-05-07,000858,14:33:09,92.6400,68,1
2026-05-07,000858,14:33:12,92.6400,26,2
2026-05-07,000858,14:33:15,92.6500,13,1
2026-05-07,000858,14:33:18,92.6500,32,1
2026-05-07,000858,14:33:21,92.6400,41,2
2026-05-07,000858,14:33:24,92.6500,82,1
2026-05-07,000858,14:33:27,92.6600,37,1
2026-05-07,000858,14:33:30,92.6500,40,2
2026-05-07,000858,14:33:33,92.6500,33,4
2026-05-07,000858,14:33:36,92.6600,76,1
2026-05-07,000858,14:33:39,92.6600,11,1
2026-05-07,000858,14:33:42,92.6600,58,1
2026-05-07,000858,14:33:45,92.6600,108,2
2026-05-07,000858,14:33:48,92.6600,60,1
2026-05-07,000858,14:33:51,92.6600,153,1
2026-05-07,000858,14:33:54,92.6600,46,1
2026-05-07,000858,14:33:57,92.6600,36,2
2026-05-07,000858,14:34:00,92.6600,85,2
2026-05-07,000858,14:34:03,92.6600,20,1
2026-05-07,000858,14:34:06,92.6500,132,2
2026-05-07,000858,14:34:09,92.6400,38,2
2026-05-07,000858,14:34:12,92.6600,138,1
2026-05-07,000858,14:34:15,92.6500,60,2
2026-05-07,000858,14:34:18,92.6500,39,4
2026-05-07,000858,14:34:21,92.6400,40,2
2026-05-07,000858,14:34:24,92.6500,19,1
2026-05-07,000858,14:34:27,92.6400,21,2
2026-05-07,000858,14:34:30,92.6400,20,1
2026-05-07,000858,14:34:33,92.6300,156,2
2026-05-07,000858,14:34:36,92.6200,10,2
2026-05-07,000858,14:34:39,92.6300,107,1
2026-05-07,000858,14:34:42,92.6300,23,1
2026-05-07,000858,14:34:45,92.6200,23,2
2026-05-07,000858,14:34:48,92.6300,62,1
2026-05-07,000858,14:34:51,92.6200,34,2
2026-05-07,000858,14:34:54,92.6300,14,1
2026-05-07,000858,14:34:57,92.6200,15,2
2026-05-07,000858,14:35:00,92.6300,21,1
2026-05-07,000858,14:35:03,92.6300,41,1
2026-05-07,000858,14:35:06,92.6300,70,1
2026-05-07,000858,14:35:09,92.6200,12,2
2026-05-07,000858,14:35:12,92.6200,19,1
2026-05-07,000858,14:35:15,92.6100,36,2
2026-05-07,000858,14:35:18,92.6200,320,1
2026-05-07,000858,14:35:21,92.6200,87,1
2026-05-07,000858,14:35:24,92.6200,22,2
2026-05-07,000858,14:35:27,92.6200,60,2
2026-05-07,000858,14:35:30,92.6200,80,2
2026-05-07,000858,14:35:33,92.6200,20,2
2026-05-07,000858,14:35:36,92.6200,12,2
2026-05-07,000858,14:35:39,92.6200,65,2
2026-05-07,000858,14:35:42,92.6200,23,2
2026-05-07,000858,14:35:45,92.6100,22,2
2026-05-07,000858,14:35:48,92.6100,248,2
2026-05-07,000858,14:35:51,92.6200,8,1
2026-05-07,000858,14:35:54,92.6200,128,1
2026-05-07,000858,14:35:57,92.6100,36,2
2026-05-07,000858,14:36:00,92.6200,92,1
2026-05-07,000858,14:36:03,92.6000,117,2
2026-05-07,000858,14:36:06,92.6000,72,2
2026-05-07,000858,14:36:09,92.6100,20,1
2026-05-07,000858,14:36:12,92.6000,34,2
2026-05-07,000858,14:36:15,92.6000,31,2
2026-05-07,000858,14:36:18,92.6000,41,2
2026-05-07,000858,14:36:21,92.5900,128,2
2026-05-07,000858,14:36:24,92.6000,19,1
2026-05-07,000858,14:36:27,92.6000,33,1
2026-05-07,000858,14:36:30,92.6000,8,1
2026-05-07,000858,14:36:33,92.6000,84,1
2026-05-07,000858,14:36:36,92.5900,40,2
2026-05-07,000858,14:36:39,92.5900,14,2
2026-05-07,000858,14:36:42,92.5900,41,2
2026-05-07,000858,14:36:45,92.5900,53,2
2026-05-07,000858,14:36:48,92.6000,28,1
2026-05-07,000858,14:36:51,92.5900,29,2
2026-05-07,000858,14:36:54,92.5900,126,1
2026-05-07,000858,14:36:57,92.5800,311,2
2026-05-07,000858,14:37:00,92.5800,22,2
2026-05-07,000858,14:37:03,92.5900,16,1
2026-05-07,000858,14:37:06,92.5900,42,1
2026-05-07,000858,14:37:09,92.5800,166,2
2026-05-07,000858,14:37:12,92.5900,16,1
2026-05-07,000858,14:37:15,92.5900,122,1
2026-05-07,000858,14:37:18,92.5900,56,1
2026-05-07,000858,14:37:21,92.5800,91,2
2026-05-07,000858,14:37:24,92.5800,220,2
2026-05-07,000858,14:37:27,92.5800,403,1
2026-05-07,000858,14:37:30,92.5800,22,2
2026-05-07,000858,14:37:33,92.5800,110,2
2026-05-07,000858,14:37:36,92.5800,28,2
2026-05-07,000858,14:37:39,92.5800,24,2
2026-05-07,000858,14:37:42,92.5800,13,2
2026-05-07,000858,14:37:45,92.5800,32,2
2026-05-07,000858,14:37:48,92.6000,482,1
2026-05-07,000858,14:37:51,92.5800,217,2
2026-05-07,000858,14:37:54,92.5800,49,1
2026-05-07,000858,14:37:57,92.5800,195,1
2026-05-07,000858,14:38:00,92.5800,46,2
2026-05-07,000858,14:38:03,92.5800,14,2
2026-05-07,000858,14:38:06,92.5800,12,2
2026-05-07,000858,14:38:09,92.5800,45,2
2026-05-07,000858,14:38:12,92.6000,148,1
2026-05-07,000858,14:38:15,92.6100,22,1
2026-05-07,000858,14:38:18,92.6100,27,1
2026-05-07,000858,14:38:21,92.6000,29,2
2026-05-07,000858,14:38:24,92.6000,65,2
2026-05-07,000858,14:38:27,92.6000,16,2
2026-05-07,000858,14:38:30,92.6100,54,1
2026-05-07,000858,14:38:33,92.6000,9,2
2026-05-07,000858,14:38:36,92.6100,16,1
2026-05-07,000858,14:38:39,92.6100,86,1
2026-05-07,000858,14:38:42,92.6100,19,1
2026-05-07,000858,14:38:45,92.6000,1139,2
2026-05-07,000858,14:38:48,92.6100,47,1
2026-05-07,000858,14:38:51,92.6100,43,1
2026-05-07,000858,14:38:54,92.6100,33,1
2026-05-07,000858,14:38:57,92.6100,24,1
2026-05-07,000858,14:39:00,92.6200,56,1
2026-05-07,000858,14:39:03,92.6100,32,2
2026-05-07,000858,14:39:06,92.6100,32,2
2026-05-07,000858,14:39:09,92.6100,33,2
2026-05-07,000858,14:39:12,92.6200,16,1
2026-05-07,000858,14:39:15,92.6200,65,1
2026-05-07,000858,14:39:18,92.6200,18,1
2026-05-07,000858,14:39:21,92.6100,90,2
2026-05-07,000858,14:39:24,92.6200,57,1
2026-05-07,000858,14:39:27,92.6100,45,2
2026-05-07,000858,14:39:30,92.6100,77,2
2026-05-07,000858,14:39:33,92.6100,40,2
2026-05-07,000858,14:39:36,92.6100,24,1
2026-05-07,000858,14:39:39,92.6100,22,1
2026-05-07,000858,14:39:42,92.6200,89,1
2026-05-07,000858,14:39:45,92.6100,513,2
2026-05-07,000858,14:39:48,92.6100,11,2
2026-05-07,000858,14:39:51,92.6200,28,1
2026-05-07,000858,14:39:54,92.6200,50,1
2026-05-07,000858,14:39:57,92.6100,47,2
2026-05-07,000858,14:40:00,92.6100,27,2
2026-05-07,000858,14:40:03,92.6200,33,1
2026-05-07,000858,14:40:06,92.6200,116,1
2026-05-07,000858,14:40:09,92.6100,47,2
2026-05-07,000858,14:40:12,92.6200,5,1
2026-05-07,000858,14:40:15,92.6100,45,2
2026-05-07,000858,14:40:18,92.6100,116,2
2026-05-07,000858,14:40:21,92.6200,95,1
2026-05-07,000858,14:40:24,92.6200,58,1
2026-05-07,000858,14:40:27,92.6200,45,1
2026-05-07,000858,14:40:30,92.6200,139,1
2026-05-07,000858,14:40:33,92.6100,91,2
2026-05-07,000858,14:40:36,92.6200,41,1
2026-05-07,000858,14:40:39,92.6200,94,1
2026-05-07,000858,14:40:42,92.6200,54,1
2026-05-07,000858,14:40:45,92.6100,19,2
2026-05-07,000858,14:40:48,92.6100,18,2
2026-05-07,000858,14:40:51,92.6100,17,2
2026-05-07,000858,14:40:54,92.6200,31,1
2026-05-07,000858,14:40:57,92.6100,80,2
2026-05-07,000858,14:41:00,92.6100,18,2
2026-05-07,000858,14:41:03,92.6100,128,2
2026-05-07,000858,14:41:06,92.6100,47,2
2026-05-07,000858,14:41:09,92.6100,13,2
2026-05-07,000858,14:41:12,92.6100,39,2
2026-05-07,000858,14:41:15,92.6100,48,2
2026-05-07,000858,14:41:18,92.6100,107,2
2026-05-07,000858,14:41:21,92.6100,16,2
2026-05-07,000858,14:41:24,92.6200,32,1
2026-05-07,000858,14:41:27,92.6100,41,2
2026-05-07,000858,14:41:30,92.6200,52,1
2026-05-07,000858,14:41:33,92.6100,55,2
2026-05-07,000858,14:41:36,92.6100,9,2
2026-05-07,000858,14:41:39,92.6100,35,2
2026-05-07,000858,14:41:42,92.6200,189,1
2026-05-07,000858,14:41:45,92.6100,88,2
2026-05-07,000858,14:41:48,92.6200,24,1
2026-05-07,000858,14:41:51,92.6200,34,1
2026-05-07,000858,14:41:54,92.6200,160,1
2026-05-07,000858,14:41:57,92.6100,37,2
2026-05-07,000858,14:42:00,92.6100,21,2
2026-05-07,000858,14:42:03,92.6100,106,2
2026-05-07,000858,14:42:06,92.6200,38,1
2026-05-07,000858,14:42:09,92.6100,24,2
2026-05-07,000858,14:42:12,92.6200,23,1
2026-05-07,000858,14:42:15,92.6100,35,2
2026-05-07,000858,14:42:18,92.6100,138,2
2026-05-07,000858,14:42:21,92.6200,68,1
2026-05-07,000858,14:42:24,92.6100,266,2
2026-05-07,000858,14:42:27,92.6200,22,1
2026-05-07,000858,14:42:30,92.6100,58,2
2026-05-07,000858,14:42:33,92.6000,31,2
2026-05-07,000858,14:42:36,92.6100,44,1
2026-05-07,000858,14:42:39,92.6100,45,2
2026-05-07,000858,14:42:42,92.6200,31,1
2026-05-07,000858,14:42:45,92.6000,143,2
2026-05-07,000858,14:42:48,92.6000,45,2
2026-05-07,000858,14:42:51,92.6100,57,1
2026-05-07,000858,14:42:54,92.6100,28,2
2026-05-07,000858,14:42:57,92.6100,17,2
2026-05-07,000858,14:43:00,92.6100,31,2
2026-05-07,000858,14:43:03,92.6100,9,2
2026-05-07,000858,14:43:06,92.6100,45,2
2026-05-07,000858,14:43:09,92.6100,152,2
2026-05-07,000858,14:43:12,92.6100,24,2
2026-05-07,000858,14:43:15,92.6200,25,1
2026-05-07,000858,14:43:18,92.6200,25,1
2026-05-07,000858,14:43:21,92.6200,18,1
2026-05-07,000858,14:43:24,92.6100,18,2
2026-05-07,000858,14:43:27,92.6200,135,1
2026-05-07,000858,14:43:30,92.6200,47,1
2026-05-07,000858,14:43:33,92.6100,123,2
2026-05-07,000858,14:43:36,92.6200,18,1
2026-05-07,000858,14:43:39,92.6200,75,1
2026-05-07,000858,14:43:42,92.6200,331,1
2026-05-07,000858,14:43:45,92.6100,47,2
2026-05-07,000858,14:43:48,92.6200,13,1
2026-05-07,000858,14:43:51,92.6200,19,1
2026-05-07,000858,14:43:54,92.6200,63,1
2026-05-07,000858,14:43:57,92.6100,294,2
2026-05-07,000858,14:44:00,92.6100,240,2
2026-05-07,000858,14:44:03,92.6100,248,2
2026-05-07,000858,14:44:06,92.6200,93,1
2026-05-07,000858,14:44:09,92.6300,130,1
2026-05-07,000858,14:44:12,92.6200,141,2
2026-05-07,000858,14:44:15,92.6300,62,1
2026-05-07,000858,14:44:18,92.6300,72,2
2026-05-07,000858,14:44:21,92.6300,38,2
2026-05-07,000858,14:44:24,92.6400,78,1
2026-05-07,000858,14:44:27,92.6400,27,1
2026-05-07,000858,14:44:30,92.6400,60,2
2026-05-07,000858,14:44:33,92.6400,29,2
2026-05-07,000858,14:44:36,92.6500,35,1
2026-05-07,000858,14:44:39,92.6600,38,1
2026-05-07,000858,14:44:42,92.6500,78,2
2026-05-07,000858,14:44:45,92.6600,112,1
2026-05-07,000858,14:44:48,92.6700,23,1
2026-05-07,000858,14:44:51,92.6700,22,1
2026-05-07,000858,14:44:54,92.6800,25,1
2026-05-07,000858,14:44:57,92.6700,34,2
2026-05-07,000858,14:45:00,92.6700,73,2
2026-05-07,000858,14:45:03,92.6800,50,4
2026-05-07,000858,14:45:06,92.6900,42,1
2026-05-07,000858,14:45:09,92.6900,72,2
2026-05-07,000858,14:45:12,92.7000,80,1
2026-05-07,000858,14:45:15,92.7000,110,1
2026-05-07,000858,14:45:18,92.7100,50,1
2026-05-07,000858,14:45:21,92.7100,34,1
2026-05-07,000858,14:45:24,92.7200,18,1
2026-05-07,000858,14:45:27,92.7200,130,1
2026-05-07,000858,14:45:30,92.7200,47,1
2026-05-07,000858,14:45:33,92.7200,44,1
2026-05-07,000858,14:45:36,92.7300,55,1
2026-05-07,000858,14:45:39,92.7200,45,2
2026-05-07,000858,14:45:42,92.7300,51,1
2026-05-07,000858,14:45:45,92.7300,130,1
2026-05-07,000858,14:45:48,92.7300,46,1
2026-05-07,000858,14:45:51,92.7300,68,4
2026-05-07,000858,14:45:54,92.7300,181,1
2026-05-07,000858,14:45:57,92.7200,90,2
2026-05-07,000858,14:46:00,92.7300,51,1
2026-05-07,000858,14:46:03,92.7300,89,1
2026-05-07,000858,14:46:06,92.7300,283,1
2026-05-07,000858,14:46:09,92.7300,91,1
2026-05-07,000858,14:46:12,92.7300,165,1
2026-05-07,000858,14:46:15,92.7300,85,1
2026-05-07,000858,14:46:18,92.7300,49,1
2026-05-07,000858,14:46:21,92.7300,26,1
2026-05-07,000858,14:46:24,92.7200,59,2
2026-05-07,000858,14:46:27,92.7300,174,1
2026-05-07,000858,14:46:30,92.7300,98,1
2026-05-07,000858,14:46:33,92.7200,26,4
2026-05-07,000858,14:46:36,92.7200,26,2
2026-05-07,000858,14:46:39,92.7200,243,1
2026-05-07,000858,14:46:42,92.7300,63,1
2026-05-07,000858,14:46:45,92.7300,37,1
2026-05-07,000858,14:46:48,92.7200,77,2
2026-05-07,000858,14:46:51,92.7200,66,1
2026-05-07,000858,14:46:54,92.7300,42,1
2026-05-07,000858,14:46:57,92.7200,27,2
2026-05-07,000858,14:47:00,92.7200,37,2
2026-05-07,000858,14:47:03,92.7200,70,2
2026-05-07,000858,14:47:06,92.7200,32,2
2026-05-07,000858,14:47:09,92.7300,63,1
2026-05-07,000858,14:47:12,92.7300,51,1
2026-05-07,000858,14:47:15,92.7300,53,1
2026-05-07,000858,14:47:18,92.7300,68,1
2026-05-07,000858,14:47:21,92.7200,29,2
2026-05-07,000858,14:47:24,92.7300,12,1
2026-05-07,000858,14:47:27,92.7300,166,1
2026-05-07,000858,14:47:30,92.7200,40,2
2026-05-07,000858,14:47:33,92.7300,113,1
2026-05-07,000858,14:47:36,92.7300,83,1
2026-05-07,000858,14:47:39,92.7300,102,1
2026-05-07,000858,14:47:42,92.7200,46,2
2026-05-07,000858,14:47:45,92.7300,93,1
2026-05-07,000858,14:47:48,92.7200,78,2
2026-05-07,000858,14:47:51,92.7100,138,2
2026-05-07,000858,14:47:54,92.7200,36,1
2026-05-07,000858,14:47:57,92.7200,24,1
2026-05-07,000858,14:48:00,92.7200,60,1
2026-05-07,000858,14:48:03,92.7100,91,2
2026-05-07,000858,14:48:06,92.7100,69,2
2026-05-07,000858,14:48:09,92.7100,47,2
2026-05-07,000858,14:48:12,92.7100,80,2
2026-05-07,000858,14:48:15,92.7100,66,2
2026-05-07,000858,14:48:18,92.7200,124,1
2026-05-07,000858,14:48:21,92.7200,46,1
2026-05-07,000858,14:48:24,92.7100,43,2
2026-05-07,000858,14:48:27,92.7100,271,2
2026-05-07,000858,14:48:30,92.7200,116,1
2026-05-07,000858,14:48:33,92.7200,18,1
2026-05-07,000858,14:48:36,92.7200,34,1
2026-05-07,000858,14:48:39,92.7200,31,1
2026-05-07,000858,14:48:42,92.7200,154,1
2026-05-07,000858,14:48:45,92.7200,141,1
2026-05-07,000858,14:48:48,92.7100,64,2
2026-05-07,000858,14:48:51,92.7100,50,2
2026-05-07,000858,14:48:54,92.7100,58,2
2026-05-07,000858,14:48:57,92.7400,172,1
2026-05-07,000858,14:49:00,92.7300,21,2
2026-05-07,000858,14:49:03,92.7300,19,2
2026-05-07,000858,14:49:06,92.7400,170,1
2026-05-07,000858,14:49:09,92.7300,139,4
2026-05-07,000858,14:49:12,92.7100,158,2
2026-05-07,000858,14:49:15,92.7200,14,1
2026-05-07,000858,14:49:18,92.7100,146,2
2026-05-07,000858,14:49:21,92.7200,75,1
2026-05-07,000858,14:49:24,92.7200,151,1
2026-05-07,000858,14:49:27,92.7200,166,1
2026-05-07,000858,14:49:30,92.7200,36,1
2026-05-07,000858,14:49:33,92.7200,83,1
2026-05-07,000858,14:49:36,92.7100,39,2
2026-05-07,000858,14:49:39,92.7200,38,2
2026-05-07,000858,14:49:42,92.7200,122,1
2026-05-07,000858,14:49:45,92.7200,32,2
2026-05-07,000858,14:49:48,92.7200,83,1
2026-05-07,000858,14:49:51,92.7200,66,2
2026-05-07,000858,14:49:54,92.7200,106,1
2026-05-07,000858,14:49:57,92.7200,63,1
2026-05-07,000858,14:50:00,92.7200,19,2
2026-05-07,000858,14:50:03,92.7300,36,1
2026-05-07,000858,14:50:06,92.7100,134,2
2026-05-07,000858,14:50:09,92.7200,71,2
2026-05-07,000858,14:50:12,92.7100,61,2
2026-05-07,000858,14:50:15,92.7200,60,1
2026-05-07,000858,14:50:18,92.7300,69,1
2026-05-07,000858,14:50:21,92.7200,13,2
2026-05-07,000858,14:50:24,92.7000,881,2
2026-05-07,000858,14:50:27,92.7000,166,1
2026-05-07,000858,14:50:30,92.6900,16,2
2026-05-07,000858,14:50:33,92.6900,91,2
2026-05-07,000858,14:50:36,92.6900,55,1
2026-05-07,000858,14:50:39,92.6900,14,1
2026-05-07,000858,14:50:42,92.6900,127,1
2026-05-07,000858,14:50:45,92.6900,42,1
2026-05-07,000858,14:50:48,92.6900,11,1
2026-05-07,000858,14:50:51,92.6900,140,1
2026-05-07,000858,14:50:54,92.6700,30,2
2026-05-07,000858,14:50:57,92.6800,57,1
2026-05-07,000858,14:51:00,92.6800,94,1
2026-05-07,000858,14:51:03,92.6700,61,2
2026-05-07,000858,14:51:06,92.6800,34,1
2026-05-07,000858,14:51:09,92.6800,112,1
2026-05-07,000858,14:51:12,92.6800,30,1
2026-05-07,000858,14:51:15,92.6600,265,2
2026-05-07,000858,14:51:18,92.6700,58,1
2026-05-07,000858,14:51:21,92.6800,138,1
2026-05-07,000858,14:51:24,92.6700,86,2
2026-05-07,000858,14:51:27,92.6700,44,2
2026-05-07,000858,14:51:30,92.6600,95,2
2026-05-07,000858,14:51:33,92.6700,83,1
2026-05-07,000858,14:51:36,92.6700,216,2
2026-05-07,000858,14:51:39,92.6700,110,2
2026-05-07,000858,14:51:42,92.6800,83,1
2026-05-07,000858,14:51:45,92.6700,165,2
2026-05-07,000858,14:51:48,92.6600,143,2
2026-05-07,000858,14:51:51,92.6700,25,1
2026-05-07,000858,14:51:54,92.6600,307,2
2026-05-07,000858,14:51:57,92.6600,37,1
2026-05-07,000858,14:52:00,92.6500,149,2
2026-05-07,000858,14:52:03,92.6500,91,2
2026-05-07,000858,14:52:06,92.6500,85,1
2026-05-07,000858,14:52:09,92.6600,119,1
2026-05-07,000858,14:52:12,92.6500,65,2
2026-05-07,000858,14:52:15,92.6500,76,2
2026-05-07,000858,14:52:18,92.6700,165,1
2026-05-07,000858,14:52:21,92.6700,42,2
2026-05-07,000858,14:52:24,92.6800,143,1
2026-05-07,000858,14:52:27,92.6700,52,2
2026-05-07,000858,14:52:30,92.6700,35,2
2026-05-07,000858,14:52:33,92.6800,28,1
2026-05-07,000858,14:52:36,92.6800,81,1
2026-05-07,000858,14:52:39,92.6900,84,1
2026-05-07,000858,14:52:42,92.6700,65,2
2026-05-07,000858,14:52:45,92.6700,73,2
2026-05-07,000858,14:52:48,92.6800,70,4
2026-05-07,000858,14:52:51,92.6700,74,2
2026-05-07,000858,14:52:54,92.6800,299,1
2026-05-07,000858,14:52:57,92.6800,78,1
2026-05-07,000858,14:53:00,92.6700,228,2
2026-05-07,000858,14:53:03,92.6800,40,1
2026-05-07,000858,14:53:06,92.6600,54,2
2026-05-07,000858,14:53:09,92.6700,70,1
2026-05-07,000858,14:53:12,92.6700,437,1
2026-05-07,000858,14:53:15,92.6500,116,2
2026-05-07,000858,14:53:18,92.6600,37,4
2026-05-07,000858,14:53:21,92.6500,65,2
2026-05-07,000858,14:53:24,92.6500,186,2
2026-05-07,000858,14:53:27,92.6600,73,1
2026-05-07,000858,14:53:30,92.6600,49,2
2026-05-07,000858,14:53:33,92.6500,154,2
2026-05-07,000858,14:53:36,92.6600,84,2
2026-05-07,000858,14:53:39,92.6600,152,1
2026-05-07,000858,14:53:42,92.6600,64,1
2026-05-07,000858,14:53:45,92.6600,187,2
2026-05-07,000858,14:53:48,92.6600,99,2
2026-05-07,000858,14:53:51,92.6500,82,2
2026-05-07,000858,14:53:54,92.6600,35,1
2026-05-07,000858,14:53:57,92.6600,63,1
2026-05-07,000858,14:54:00,92.6500,35,2
2026-05-07,000858,14:54:03,92.6600,544,1
2026-05-07,000858,14:54:06,92.6600,140,1
2026-05-07,000858,14:54:09,92.6600,32,2
2026-05-07,000858,14:54:12,92.6600,112,1
2026-05-07,000858,14:54:15,92.6600,81,2
2026-05-07,000858,14:54:18,92.6600,68,2
2026-05-07,000858,14:54:21,92.6600,92,1
2026-05-07,000858,14:54:24,92.6500,154,2
2026-05-07,000858,14:54:27,92.6600,213,1
2026-05-07,000858,14:54:30,92.6500,92,2
2026-05-07,000858,14:54:33,92.6600,75,1
2026-05-07,000858,14:54:36,92.6600,130,1
2026-05-07,000858,14:54:39,92.6600,241,1
2026-05-07,000858,14:54:42,92.6600,76,1
2026-05-07,000858,14:54:45,92.6500,54,2
2026-05-07,000858,14:54:48,92.6500,61,2
2026-05-07,000858,14:54:51,92.6600,214,1
2026-05-07,000858,14:54:54,92.6600,97,1
2026-05-07,000858,14:54:57,92.6600,143,1
2026-05-07,000858,14:55:00,92.6400,156,2
2026-05-07,000858,14:55:03,92.6500,64,1
2026-05-07,000858,14:55:06,92.6500,199,1
2026-05-07,000858,14:55:09,92.6500,142,1
2026-05-07,000858,14:55:12,92.6400,151,2
2026-05-07,000858,14:55:15,92.6500,232,4
2026-05-07,000858,14:55:18,92.6500,143,1
2026-05-07,000858,14:55:21,92.6500,28,4
2026-05-07,000858,14:55:24,92.6500,391,1
2026-05-07,000858,14:55:27,92.6400,72,2
2026-05-07,000858,14:55:30,92.6500,240,1
2026-05-07,000858,14:55:33,92.6400,68,2
2026-05-07,000858,14:55:36,92.6400,434,1
2026-05-07,000858,14:55:39,92.6400,40,2
2026-05-07,000858,14:55:42,92.6400,56,2
2026-05-07,000858,14:55:45,92.6400,108,1
2026-05-07,000858,14:55:48,92.6400,64,1
2026-05-07,000858,14:55:51,92.6400,74,4
2026-05-07,000858,14:55:54,92.6500,147,1
2026-05-07,000858,14:55:57,92.6400,279,2
2026-05-07,000858,14:56:00,92.6500,764,1
2026-05-07,000858,14:56:03,92.6200,71,2
2026-05-07,000858,14:56:06,92.6500,75,1
2026-05-07,000858,14:56:09,92.6300,126,2
2026-05-07,000858,14:56:12,92.6200,286,2
2026-05-07,000858,14:56:15,92.6200,93,2
2026-05-07,000858,14:56:18,92.6100,100,2
2026-05-07,000858,14:56:21,92.6200,80,4
2026-05-07,000858,14:56:24,92.6100,780,2
2026-05-07,000858,14:56:27,92.6100,89,1
2026-05-07,000858,14:56:30,92.6100,624,1
2026-05-07,000858,14:56:33,92.6100,386,1
2026-05-07,000858,14:56:36,92.6100,102,2
2026-05-07,000858,14:56:39,92.6500,521,1
2026-05-07,000858,14:56:42,92.6500,119,2
2026-05-07,000858,14:56:45,92.6500,210,2
2026-05-07,000858,14:56:48,92.6500,387,2
2026-05-07,000858,14:56:51,92.6400,266,2
2026-05-07,000858,14:56:54,92.6300,237,2
2026-05-07,000858,14:56:57,92.6200,151,2
2026-05-07,000858,14:57:00,92.6300,41,1
2026-05-07,000858,15:00:00,92.6000,6721,4
2026-05-07,000858,13:16:57,92.5200,192,2
2026-05-07,000858,13:17:00,92.5200,40,2
2026-05-07,000858,13:17:03,92.5200,151,2
2026-05-07,000858,13:17:06,92.5200,92,2
2026-05-07,000858,13:17:09,92.5100,109,2
2026-05-07,000858,13:17:12,92.5100,175,2
2026-05-07,000858,13:17:15,92.5100,67,2
2026-05-07,000858,13:17:18,92.5100,66,2
2026-05-07,000858,13:17:21,92.5100,69,2
2026-05-07,000858,13:17:24,92.5100,201,2
2026-05-07,000858,13:17:27,92.5000,46,2
2026-05-07,000858,13:17:30,92.5100,192,1
2026-05-07,000858,13:17:33,92.5200,22,1
2026-05-07,000858,13:17:36,92.5100,29,2
2026-05-07,000858,13:17:39,92.5100,75,2
2026-05-07,000858,13:17:42,92.5100,52,2
2026-05-07,000858,13:17:45,92.5200,24,1
2026-05-07,000858,13:17:48,92.5200,89,1
2026-05-07,000858,13:17:51,92.5200,35,1
2026-05-07,000858,13:17:54,92.5100,203,2
2026-05-07,000858,13:17:57,92.5100,199,2
2026-05-07,000858,13:18:00,92.5100,91,2
2026-05-07,000858,13:18:03,92.5100,150,1
2026-05-07,000858,13:18:06,92.5000,171,2
2026-05-07,000858,13:18:09,92.5100,2008,1
2026-05-07,000858,13:18:12,92.5100,13,4
2026-05-07,000858,13:18:15,92.5100,264,1
2026-05-07,000858,13:18:18,92.5000,49,2
2026-05-07,000858,13:18:21,92.5100,1010,1
2026-05-07,000858,13:18:24,92.5100,178,1
2026-05-07,000858,13:18:27,92.5000,223,2
2026-05-07,000858,13:18:30,92.5000,41,2
2026-05-07,000858,13:18:33,92.5000,41,2
2026-05-07,000858,13:18:36,92.5000,326,2
2026-05-07,000858,13:18:39,92.5000,62,2
2026-05-07,000858,13:18:42,92.4900,190,2
2026-05-07,000858,13:18:45,92.5000,54,1
2026-05-07,000858,13:18:48,92.4900,91,2
2026-05-07,000858,13:18:51,92.4900,91,2
2026-05-07,000858,13:18:54,92.4900,18,1
2026-05-07,000858,13:18:57,92.4800,52,2
2026-05-07,000858,13:19:00,92.4800,127,2
2026-05-07,000858,13:19:03,92.4800,89,2
2026-05-07,000858,13:19:06,92.4800,35,2
2026-05-07,000858,13:19:09,92.4800,18,2
2026-05-07,000858,13:19:12,92.4800,86,2
2026-05-07,000858,13:19:15,92.4800,32,2
2026-05-07,000858,13:19:18,92.4800,201,1
2026-05-07,000858,13:19:21,92.4900,161,1
2026-05-07,000858,13:19:24,92.5000,139,1
2026-05-07,000858,13:19:27,92.5000,98,1
2026-05-07,000858,13:19:30,92.5000,55,1
2026-05-07,000858,13:19:33,92.5000,91,1
2026-05-07,000858,13:19:36,92.4900,15,2
2026-05-07,000858,13:19:39,92.5000,23,1
2026-05-07,000858,13:19:42,92.5000,462,1
2026-05-07,000858,13:19:45,92.5200,165,1
2026-05-07,000858,13:19:48,92.5100,40,2
2026-05-07,000858,13:19:51,92.5200,13,1
2026-05-07,000858,13:19:54,92.5100,101,2
2026-05-07,000858,13:19:57,92.5300,18,1
2026-05-07,000858,13:20:00,92.5300,85,1
2026-05-07,000858,13:20:03,92.5300,26,1
2026-05-07,000858,13:20:06,92.5200,20,2
2026-05-07,000858,13:20:09,92.5300,55,1
2026-05-07,000858,13:20:12,92.5300,61,1
2026-05-07,000858,13:20:15,92.5400,36,1
2026-05-07,000858,13:20:18,92.5300,71,2
2026-05-07,000858,13:20:21,92.5300,54,2
2026-05-07,000858,13:20:24,92.5500,37,1
2026-05-07,000858,13:20:27,92.5600,37,1
2026-05-07,000858,13:20:30,92.5600,23,1
2026-05-07,000858,13:20:33,92.5600,63,1
2026-05-07,000858,13:20:36,92.5700,25,1
2026-05-07,000858,13:20:39,92.5600,23,2
2026-05-07,000858,13:20:42,92.5700,41,1
2026-05-07,000858,13:20:45,92.5700,47,1
2026-05-07,000858,13:20:48,92.5700,78,2
2026-05-07,000858,13:20:51,92.5800,40,1
2026-05-07,000858,13:20:54,92.5800,60,1
2026-05-07,000858,13:20:57,92.5700,27,2
2026-05-07,000858,13:21:00,92.5800,35,1
2026-05-07,000858,13:21:03,92.5800,2,2
2026-05-07,000858,13:21:06,92.5900,13,1
2026-05-07,000858,13:21:09,92.5800,26,2
2026-05-07,000858,13:21:12,92.5900,8,1
2026-05-07,000858,13:21:15,92.5900,263,1
2026-05-07,000858,13:21:18,92.6000,11,1
2026-05-07,000858,13:21:21,92.5900,29,2
2026-05-07,000858,13:21:24,92.6000,85,1
2026-05-07,000858,13:21:27,92.6000,17,1
2026-05-07,000858,13:21:30,92.6000,30,1
2026-05-07,000858,13:21:33,92.5900,45,2
2026-05-07,000858,13:21:36,92.6000,121,1
2026-05-07,000858,13:21:39,92.6000,21,1
2026-05-07,000858,13:21:42,92.6000,23,1
2026-05-07,000858,13:21:45,92.5900,136,2
2026-05-07,000858,13:21:48,92.6000,75,1
2026-05-07,000858,13:21:51,92.6000,124,1
2026-05-07,000858,13:21:54,92.6000,55,1
2026-05-07,000858,13:21:57,92.5800,89,2
2026-05-07,000858,13:22:00,92.5900,39,1
2026-05-07,000858,13:22:03,92.5900,45,2
2026-05-07,000858,13:22:06,92.5800,51,2
2026-05-07,000858,13:22:09,92.5800,37,2
2026-05-07,000858,13:22:12,92.5800,22,1
2026-05-07,000858,13:22:15,92.5800,53,1
2026-05-07,000858,13:22:18,92.5800,18,1
2026-05-07,000858,13:22:21,92.5800,19,1
2026-05-07,000858,13:22:24,92.5700,45,2
2026-05-07,000858,13:22:27,92.5800,13,1
2026-05-07,000858,13:22:30,92.5800,13,2
2026-05-07,000858,13:22:33,92.5800,19,2
2026-05-07,000858,13:22:36,92.5900,21,1
2026-05-07,000858,13:22:39,92.5800,58,2
2026-05-07,000858,13:22:42,92.5900,17,1
2026-05-07,000858,13:22:45,92.5700,19,2
2026-05-07,000858,13:22:48,92.5700,33,2
2026-05-07,000858,13:22:51,92.5700,20,2
2026-05-07,000858,13:22:54,92.5800,24,1
2026-05-07,000858,13:22:57,92.5700,18,2
2026-05-07,000858,13:23:00,92.5800,60,1
2026-05-07,000858,13:23:03,92.5700,19,2
2026-05-07,000858,13:23:06,92.5700,57,2
2026-05-07,000858,13:23:09,92.5700,100,2
2026-05-07,000858,13:23:12,92.5700,102,1
2026-05-07,000858,13:23:15,92.5700,88,1
2026-05-07,000858,13:23:18,92.5500,81,2
2026-05-07,000858,13:23:21,92.5500,79,2
2026-05-07,000858,13:23:24,92.5600,22,1
2026-05-07,000858,13:23:27,92.5500,54,2
2026-05-07,000858,13:23:30,92.5600,142,1
2026-05-07,000858,13:23:33,92.5500,76,2
2026-05-07,000858,13:23:36,92.5500,67,2
2026-05-07,000858,13:23:39,92.5400,68,2
2026-05-07,000858,13:23:42,92.5400,23,2
2026-05-07,000858,13:23:45,92.5400,21,2
2026-05-07,000858,13:23:48,92.5500,19,1
2026-05-07,000858,13:23:51,92.5400,52,2
2026-05-07,000858,13:23:54,92.5500,44,1
2026-05-07,000858,13:23:57,92.5500,23,1
2026-05-07,000858,13:24:00,92.5500,8,1
2026-05-07,000858,13:24:03,92.5400,7,2
2026-05-07,000858,13:24:06,92.5400,21,2
2026-05-07,000858,13:24:09,92.5400,62,2
2026-05-07,000858,13:24:12,92.5500,9,1
2026-05-07,000858,13:24:15,92.5400,7,2
2026-05-07,000858,13:24:18,92.5400,59,2
2026-05-07,000858,13:24:21,92.5400,63,2
2026-05-07,000858,13:24:24,92.5500,49,1
2026-05-07,000858,13:24:27,92.5400,44,2
2026-05-07,000858,13:24:30,92.5400,31,2
2026-05-07,000858,13:24:33,92.5500,42,1
2026-05-07,000858,13:24:36,92.5400,47,2
2026-05-07,000858,13:24:39,92.5400,11,2
2026-05-07,000858,13:24:42,92.5400,68,2
2026-05-07,000858,13:24:45,92.5400,13,2
2026-05-07,000858,13:24:48,92.5400,35,2
2026-05-07,000858,13:24:51,92.5500,130,1
2026-05-07,000858,13:24:54,92.5500,73,1
2026-05-07,000858,13:24:57,92.5600,221,1
2026-05-07,000858,13:25:00,92.5600,9,2
2026-05-07,000858,13:25:03,92.5600,22,2
2026-05-07,000858,13:25:06,92.5700,109,1
2026-05-07,000858,13:25:09,92.5600,21,2
2026-05-07,000858,13:25:12,92.5500,32,2
2026-05-07,000858,13:25:15,92.5600,42,1
2026-05-07,000858,13:25:18,92.5600,26,1
2026-05-07,000858,13:25:21,92.5600,52,1
2026-05-07,000858,13:25:24,92.5600,85,2
2026-05-07,000858,13:25:27,92.5600,23,2
2026-05-07,000858,13:25:30,92.5600,52,2
2026-05-07,000858,13:25:33,92.5600,53,1
2026-05-07,000858,13:25:36,92.5600,7,2
2026-05-07,000858,13:25:39,92.5600,5,2
2026-05-07,000858,13:25:42,92.5600,59,2
2026-05-07,000858,13:25:45,92.5600,37,1
2026-05-07,000858,13:25:48,92.5600,21,1
2026-05-07,000858,13:25:51,92.5600,26,1
2026-05-07,000858,13:25:54,92.5600,49,1
2026-05-07,000858,13:25:57,92.5600,398,2
2026-05-07,000858,13:26:00,92.5700,44,1
2026-05-07,000858,13:26:03,92.5700,91,1
2026-05-07,000858,13:26:06,92.5700,48,1
2026-05-07,000858,13:26:09,92.5700,6,2
2026-05-07,000858,13:26:12,92.5700,1,2
2026-05-07,000858,13:26:15,92.5800,36,1
2026-05-07,000858,13:26:18,92.5700,20,2
2026-05-07,000858,13:26:21,92.5700,18,2
2026-05-07,000858,13:26:24,92.5800,55,1
2026-05-07,000858,13:26:27,92.5800,61,1
2026-05-07,000858,13:26:30,92.5700,40,2
2026-05-07,000858,13:26:33,92.5700,31,2
2026-05-07,000858,13:26:36,92.5700,57,2
2026-05-07,000858,13:26:39,92.5800,303,1
2026-05-07,000858,13:26:42,92.5600,68,2
2026-05-07,000858,13:26:45,92.5700,30,4
2026-05-07,000858,13:26:48,92.5600,40,2
2026-05-07,000858,13:26:51,92.5600,57,2
2026-05-07,000858,13:26:54,92.5600,5,2
2026-05-07,000858,13:26:57,92.5600,304,2
2026-05-07,000858,13:27:00,92.5700,117,1
2026-05-07,000858,13:27:03,92.5500,28,2
2026-05-07,000858,13:27:06,92.5700,11,1
2026-05-07,000858,13:27:09,92.5600,14,2
2026-05-07,000858,13:27:12,92.5600,14,2
2026-05-07,000858,13:27:15,92.5700,28,1
2026-05-07,000858,13:27:18,92.5600,14,2
2026-05-07,000858,13:27:21,92.5600,69,2
2026-05-07,000858,13:27:24,92.5600,156,2
2026-05-07,000858,13:27:27,92.5600,19,2
2026-05-07,000858,13:27:30,92.5600,45,2
2026-05-07,000858,13:27:33,92.5600,100,2
2026-05-07,000858,13:27:36,92.5700,117,1
2026-05-07,000858,13:27:39,92.5600,391,2
2026-05-07,000858,13:27:42,92.5700,10,1
2026-05-07,000858,13:27:45,92.5700,44,1
2026-05-07,000858,13:27:48,92.5700,3,2
2026-05-07,000858,13:27:51,92.5700,10,2
2026-05-07,000858,13:27:54,92.5700,38,2
2026-05-07,000858,13:27:57,92.5700,11,2
2026-05-07,000858,13:28:00,92.5800,34,1
2026-05-07,000858,13:28:03,92.5700,16,2
2026-05-07,000858,13:28:06,92.5800,44,1
2026-05-07,000858,13:28:09,92.5700,31,2
2026-05-07,000858,13:28:12,92.5800,7,1
2026-05-07,000858,13:28:15,92.5800,6,1
2026-05-07,000858,13:28:18,92.5800,4,1
2026-05-07,000858,13:28:21,92.5800,50,1
2026-05-07,000858,13:28:24,92.5700,28,2
2026-05-07,000858,13:28:27,92.5800,35,1
2026-05-07,000858,13:28:30,92.5800,20,1
2026-05-07,000858,13:28:33,92.5700,55,2
2026-05-07,000858,13:28:36,92.5700,27,2
2026-05-07,000858,13:28:39,92.5800,18,1
2026-05-07,000858,13:28:42,92.5800,44,1
2026-05-07,000858,13:28:45,92.5700,104,2
2026-05-07,000858,13:28:48,92.5800,116,1
2026-05-07,000858,13:28:51,92.5800,44,2
2026-05-07,000858,13:28:54,92.5900,12,1
2026-05-07,000858,13:28:57,92.5700,243,2
2026-05-07,000858,13:29:00,92.5700,229,1
2026-05-07,000858,13:29:03,92.5600,32,2
2026-05-07,000858,13:29:06,92.5600,27,2
2026-05-07,000858,13:29:09,92.5600,538,2
2026-05-07,000858,13:29:12,92.5600,12,1
2026-05-07,000858,13:29:15,92.5600,40,1
2026-05-07,000858,13:29:18,92.5500,11,2
2026-05-07,000858,13:29:21,92.5500,35,2
2026-05-07,000858,13:29:24,92.5500,64,2
2026-05-07,000858,13:29:27,92.5500,20,1
2026-05-07,000858,13:29:30,92.5400,17,2
2026-05-07,000858,13:29:33,92.5400,17,2
2026-05-07,000858,13:29:36,92.5400,22,2
2026-05-07,000858,13:29:39,92.5300,67,2
2026-05-07,000858,13:29:42,92.5400,125,1
2026-05-07,000858,13:29:45,92.5300,78,2
2026-05-07,000858,13:29:48,92.5400,55,1
2026-05-07,000858,13:29:51,92.5400,48,2
2026-05-07,000858,13:29:54,92.5500,28,1
2026-05-07,000858,13:29:57,92.5400,78,2
2026-05-07,000858,13:30:00,92.5300,12,2
2026-05-07,000858,13:30:03,92.5300,7,2
2026-05-07,000858,13:30:06,92.5300,80,2
2026-05-07,000858,13:30:09,92.5300,53,2
2026-05-07,000858,13:30:12,92.5400,160,1
2026-05-07,000858,13:30:15,92.5400,26,1
2026-05-07,000858,13:30:18,92.5300,16,2
2026-05-07,000858,13:30:21,92.5300,54,2
2026-05-07,000858,13:30:24,92.5300,15,2
2026-05-07,000858,13:30:27,92.5300,15,2
2026-05-07,000858,13:30:30,92.5300,45,2
2026-05-07,000858,13:30:33,92.5300,67,2
2026-05-07,000858,13:30:36,92.5300,16,2
2026-05-07,000858,13:30:39,92.5400,31,1
2026-05-07,000858,13:30:42,92.5400,93,1
2026-05-07,000858,13:30:45,92.5300,54,2
2026-05-07,000858,13:30:48,92.5300,28,2
2026-05-07,000858,13:30:51,92.5400,314,1
2026-05-07,000858,13:30:54,92.5400,115,1
2026-05-07,000858,13:30:57,92.5400,17,2
2026-05-07,000858,13:31:00,92.5400,82,2
2026-05-07,000858,13:31:03,92.5500,14,1
2026-05-07,000858,13:31:06,92.5500,26,1
2026-05-07,000858,13:31:09,92.5400,15,2
2026-05-07,000858,13:31:12,92.5500,9,1
2026-05-07,000858,13:31:15,92.5400,10,2
2026-05-07,000858,13:31:18,92.5400,214,2
2026-05-07,000858,13:31:21,92.5500,29,4
2026-05-07,000858,13:31:24,92.5600,10,1
2026-05-07,000858,13:31:27,92.5400,8,2
2026-05-07,000858,13:31:30,92.5500,62,1
2026-05-07,000858,13:31:33,92.5500,61,1
2026-05-07,000858,13:31:36,92.5500,23,1
2026-05-07,000858,13:31:39,92.5500,21,1
2026-05-07,000858,13:31:42,92.5600,46,1
2026-05-07,000858,13:31:45,92.5500,23,2
2026-05-07,000858,13:31:48,92.5600,44,1
2026-05-07,000858,13:31:51,92.5500,46,2
2026-05-07,000858,13:31:54,92.5600,9,1
2026-05-07,000858,13:31:57,92.5600,79,1
2026-05-07,000858,13:32:00,92.5700,14,1
2026-05-07,000858,13:32:03,92.5600,19,2
2026-05-07,000858,13:32:06,92.5700,25,1
2026-05-07,000858,13:32:09,92.5600,27,2
2026-05-07,000858,13:32:12,92.5700,15,1
2026-05-07,000858,13:32:15,92.5600,28,2
2026-05-07,000858,13:32:18,92.5600,22,2
2026-05-07,000858,13:32:21,92.5600,40,1
2026-05-07,000858,13:32:24,92.5500,88,2
2026-05-07,000858,13:32:27,92.5600,3,1
2026-05-07,000858,13:32:30,92.5500,12,2
2026-05-07,000858,13:32:33,92.5500,65,2
2026-05-07,000858,13:32:36,92.5600,75,1
2026-05-07,000858,13:32:39,92.5500,42,2
2026-05-07,000858,13:32:42,92.5600,4,1
2026-05-07,000858,13:32:45,92.5600,44,1
2026-05-07,000858,13:32:48,92.5600,9,1
2026-05-07,000858,13:32:51,92.5600,86,1
2026-05-07,000858,13:32:54,92.5600,27,1
2026-05-07,000858,13:32:57,92.5500,73,2
2026-05-07,000858,13:33:00,92.5600,9,1
2026-05-07,000858,13:33:03,92.5600,15,1
2026-05-07,000858,13:33:06,92.5600,58,1
2026-05-07,000858,13:33:09,92.5500,34,2
2026-05-07,000858,13:33:12,92.5500,115,2
2026-05-07,000858,13:33:15,92.5500,32,2
2026-05-07,000858,13:33:18,92.5500,12,2
2026-05-07,000858,13:33:21,92.5500,13,2
2026-05-07,000858,13:33:24,92.5500,35,2
2026-05-07,000858,13:33:27,92.5500,45,2
2026-05-07,000858,13:33:30,92.5600,37,1
2026-05-07,000858,13:33:33,92.5500,35,2
2026-05-07,000858,13:33:36,92.5400,200,2
2026-05-07,000858,13:33:39,92.5400,28,2
2026-05-07,000858,13:33:42,92.5500,20,1
2026-05-07,000858,13:33:45,92.5400,24,2
2026-05-07,000858,13:33:48,92.5400,63,2
2026-05-07,000858,13:33:51,92.5500,31,1
2026-05-07,000858,13:33:54,92.5600,284,1
2026-05-07,000858,13:33:57,92.5600,76,2
2026-05-07,000858,13:34:00,92.5600,30,2
2026-05-07,000858,13:34:03,92.5600,44,2
2026-05-07,000858,13:34:06,92.5600,24,1
2026-05-07,000858,13:34:09,92.5500,18,2
2026-05-07,000858,13:34:12,92.5600,33,1
2026-05-07,000858,13:34:15,92.5700,46,1
2026-05-07,000858,13:34:18,92.5700,12,1
2026-05-07,000858,13:34:21,92.5600,8,2
2026-05-07,000858,13:34:24,92.5600,10,2
2026-05-07,000858,13:34:27,92.5700,4,1
2026-05-07,000858,13:34:30,92.5700,155,1
2026-05-07,000858,13:34:33,92.5700,63,2
2026-05-07,000858,13:34:36,92.5700,23,4
2026-05-07,000858,13:34:39,92.5800,17,1
2026-05-07,000858,13:34:42,92.5800,45,1
2026-05-07,000858,13:34:45,92.5600,29,2
2026-05-07,000858,13:34:48,92.5700,31,1
2026-05-07,000858,13:34:51,92.5800,24,1
2026-05-07,000858,13:34:54,92.5700,25,2
2026-05-07,000858,13:34:57,92.5700,21,2
2026-05-07,000858,13:35:00,92.5800,45,1
2026-05-07,000858,13:35:03,92.5700,35,2
2026-05-07,000858,13:35:06,92.5800,9,4
2026-05-07,000858,13:35:09,92.5800,110,1
2026-05-07,000858,13:35:12,92.5800,50,1
2026-05-07,000858,13:35:15,92.5700,20,2
2026-05-07,000858,13:35:18,92.5800,26,1
2026-05-07,000858,13:35:21,92.5800,34,2
2026-05-07,000858,13:35:24,92.5800,86,2
2026-05-07,000858,13:35:27,92.5900,82,2
2026-05-07,000858,13:35:30,92.6000,38,1
2026-05-07,000858,13:35:33,92.5900,54,2
2026-05-07,000858,13:35:36,92.6000,35,1
2026-05-07,000858,13:35:39,92.6000,66,1
2026-05-07,000858,13:35:42,92.6000,26,1
2026-05-07,000858,13:35:45,92.6000,77,2
2026-05-07,000858,13:35:48,92.6100,21,1
2026-05-07,000858,13:35:51,92.6100,19,1
2026-05-07,000858,13:35:54,92.6100,53,1
2026-05-07,000858,13:35:57,92.6100,31,1
2026-05-07,000858,13:36:00,92.6100,44,2
2026-05-07,000858,13:36:03,92.6200,44,1
2026-05-07,000858,13:36:06,92.6200,64,1
2026-05-07,000858,13:36:09,92.6200,30,1
2026-05-07,000858,13:36:12,92.6300,34,1
2026-05-07,000858,13:36:15,92.6200,22,2
2026-05-07,000858,13:36:18,92.6400,111,1
2026-05-07,000858,13:36:21,92.6500,58,1
2026-05-07,000858,13:36:24,92.6600,221,1
2026-05-07,000858,13:36:27,92.7000,66,1
2026-05-07,000858,13:36:30,92.6600,48,2
2026-05-07,000858,13:36:33,92.6800,35,4
2026-05-07,000858,13:36:36,92.6900,23,1
2026-05-07,000858,13:36:39,92.7000,39,1
2026-05-07,000858,13:36:42,92.7000,12,2
2026-05-07,000858,13:36:45,92.7000,15,2
2026-05-07,000858,13:36:48,92.7000,72,2
2026-05-07,000858,13:36:51,92.7100,18,2
2026-05-07,000858,13:36:54,92.7200,32,1
2026-05-07,000858,13:36:57,92.7200,37,1
2026-05-07,000858,13:37:00,92.7300,60,1
2026-05-07,000858,13:37:03,92.7200,149,2
2026-05-07,000858,13:37:06,92.7200,129,1
2026-05-07,000858,13:37:09,92.7200,68,2
2026-05-07,000858,13:37:12,92.7300,40,1
2026-05-07,000858,13:37:15,92.7200,73,2
2026-05-07,000858,13:37:18,92.7100,244,2
2026-05-07,000858,13:37:21,92.7100,153,1
2026-05-07,000858,13:37:24,92.6900,60,2
2026-05-07,000858,13:37:27,92.7000,33,2
2026-05-07,000858,13:37:30,92.7000,25,2
2026-05-07,000858,13:37:33,92.7100,39,1
2026-05-07,000858,13:37:36,92.7000,21,1
2026-05-07,000858,13:37:39,92.7000,28,2
2026-05-07,000858,13:37:42,92.7100,40,1
2026-05-07,000858,13:37:45,92.7000,39,2
2026-05-07,000858,13:37:48,92.7000,64,1
2026-05-07,000858,13:37:51,92.6900,71,2
2026-05-07,000858,13:37:54,92.7000,236,1
2026-05-07,000858,13:37:57,92.6900,73,4
2026-05-07,000858,13:38:00,92.6800,37,1
2026-05-07,000858,13:38:03,92.6700,37,2
2026-05-07,000858,13:38:06,92.6800,26,1
2026-05-07,000858,13:38:09,92.6700,27,4
2026-05-07,000858,13:38:12,92.6800,24,1
2026-05-07,000858,13:38:15,92.6600,24,2
2026-05-07,000858,13:38:18,92.6500,56,2
2026-05-07,000858,13:38:21,92.6500,20,2
2026-05-07,000858,13:38:24,92.6600,10,1
2026-05-07,000858,13:38:27,92.6600,29,1
2026-05-07,000858,13:38:30,92.6800,29,1
2026-05-07,000858,13:38:33,92.6600,8,2
2026-05-07,000858,13:38:36,92.6600,14,2
2026-05-07,000858,13:38:39,92.6700,9,1
2026-05-07,000858,13:38:42,92.6700,9,1
2026-05-07,000858,13:38:45,92.6600,18,2
2026-05-07,000858,13:38:48,92.6700,80,1
2026-05-07,000858,13:38:51,92.6700,35,2
2026-05-07,000858,13:38:54,92.6700,18,2
2026-05-07,000858,13:38:57,92.6600,24,2
2026-05-07,000858,13:39:00,92.6700,6,1
2026-05-07,000858,13:39:03,92.6600,39,2
2026-05-07,000858,13:39:06,92.6700,45,1
2026-05-07,000858,13:39:09,92.6800,37,1
2026-05-07,000858,13:39:12,92.6700,36,1
2026-05-07,000858,13:39:15,92.6700,94,2
2026-05-07,000858,13:39:18,92.6800,45,1
2026-05-07,000858,13:39:21,92.6700,29,2
2026-05-07,000858,13:39:24,92.6700,43,2
2026-05-07,000858,13:39:27,92.6700,175,2
2026-05-07,000858,13:39:30,92.6700,85,2
2026-05-07,000858,13:39:33,92.6700,39,2
2026-05-07,000858,13:39:36,92.6800,50,1
2026-05-07,000858,13:39:39,92.6700,33,2
2026-05-07,000858,13:39:42,92.6700,115,1
2026-05-07,000858,13:39:45,92.6700,71,1
2026-05-07,000858,13:39:48,92.6700,31,2
2026-05-07,000858,13:39:51,92.6600,33,2
2026-05-07,000858,13:39:54,92.6700,27,4
2026-05-07,000858,13:39:57,92.6600,64,2
2026-05-07,000858,13:40:00,92.6700,35,1
2026-05-07,000858,13:40:03,92.6700,30,2
2026-05-07,000858,13:40:06,92.6800,18,1
2026-05-07,000858,13:40:09,92.6600,26,2
2026-05-07,000858,13:40:12,92.6700,18,1
2026-05-07,000858,13:40:15,92.6700,93,1
2026-05-07,000858,13:40:18,92.6800,37,1
2026-05-07,000858,13:40:21,92.6700,16,2
2026-05-07,000858,13:40:24,92.6700,19,2
2026-05-07,000858,13:40:27,92.6800,38,1
2026-05-07,000858,13:40:30,92.6700,18,2
2026-05-07,000858,13:40:33,92.6700,18,2
2026-05-07,000858,13:40:36,92.7000,5,1
2026-05-07,000858,13:40:39,92.6700,77,2
2026-05-07,000858,13:40:42,92.6900,32,2
2026-05-07,000858,13:40:45,92.6900,56,2
2026-05-07,000858,13:40:48,92.7000,54,1
2026-05-07,000858,13:40:51,92.7000,122,2
2026-05-07,000858,13:40:54,92.7200,42,1
2026-05-07,000858,13:40:57,92.7200,19,4
2026-05-07,000858,13:41:00,92.7200,21,4
2026-05-07,000858,13:41:03,92.7100,45,2
2026-05-07,000858,13:41:06,92.7300,18,1
2026-05-07,000858,13:41:09,92.7300,49,2
2026-05-07,000858,13:41:12,92.7400,51,1
2026-05-07,000858,13:41:15,92.7300,42,2
2026-05-07,000858,13:41:18,92.7400,20,1
2026-05-07,000858,13:41:21,92.7400,48,1
2026-05-07,000858,13:41:24,92.7400,11,2
2026-05-07,000858,13:41:27,92.7400,4,2
2026-05-07,000858,13:41:30,92.7500,4,1
2026-05-07,000858,13:41:33,92.7400,23,2
2026-05-07,000858,13:41:36,92.7500,16,1
2026-05-07,000858,13:41:39,92.7500,49,1
2026-05-07,000858,13:41:42,92.7500,32,2
2026-05-07,000858,13:41:45,92.7600,34,1
2026-05-07,000858,13:41:48,92.7600,35,1
2026-05-07,000858,13:41:51,92.7600,30,2
2026-05-07,000858,13:41:54,92.7700,26,1
2026-05-07,000858,13:41:57,92.7700,15,1
2026-05-07,000858,13:42:00,92.7600,210,2
2026-05-07,000858,13:42:03,92.7600,97,1
2026-05-07,000858,13:42:06,92.7500,84,4
2026-05-07,000858,13:42:09,92.7400,43,2
2026-05-07,000858,13:42:12,92.7500,137,1
2026-05-07,000858,13:42:15,92.7400,55,4
2026-05-07,000858,13:42:18,92.7400,37,1
2026-05-07,000858,13:42:21,92.7200,24,2
2026-05-07,000858,13:42:24,92.7200,32,2
2026-05-07,000858,13:42:27,92.7200,20,2
2026-05-07,000858,13:42:30,92.7300,50,1
2026-05-07,000858,13:42:33,92.7300,40,1
2026-05-07,000858,13:42:36,92.7600,146,1
2026-05-07,000858,13:42:39,92.7300,35,2
2026-05-07,000858,13:42:42,92.7500,28,1
2026-05-07,000858,13:42:45,92.7400,19,2
2026-05-07,000858,13:42:48,92.7400,12,2
2026-05-07,000858,13:42:51,92.7400,5,2
2026-05-07,000858,13:42:54,92.7400,29,1
2026-05-07,000858,13:42:57,92.7300,22,2
2026-05-07,000858,13:43:00,92.7300,39,2
2026-05-07,000858,13:43:03,92.7300,24,2
2026-05-07,000858,13:43:06,92.7300,88,2
2026-05-07,000858,13:43:09,92.7100,2,2
2026-05-07,000858,13:43:12,92.7100,46,2
2026-05-07,000858,13:43:15,92.7200,14,4
2026-05-07,000858,13:43:18,92.7100,53,2
2026-05-07,000858,13:43:21,92.7100,42,2
2026-05-07,000858,13:43:24,92.7200,43,1
2026-05-07,000858,13:43:27,92.7100,13,2
2026-05-07,000858,13:43:30,92.7100,43,2
2026-05-07,000858,13:43:33,92.7100,12,2
2026-05-07,000858,13:43:36,92.7200,21,1
2026-05-07,000858,13:43:39,92.7100,34,2
2026-05-07,000858,13:43:42,92.7200,18,1
2026-05-07,000858,13:43:45,92.7100,49,2
2026-05-07,000858,13:43:48,92.7100,20,1
2026-05-07,000858,13:43:51,92.7100,19,1
2026-05-07,000858,13:43:54,92.7000,97,2
2026-05-07,000858,13:43:57,92.7100,195,4
2026-05-07,000858,13:44:00,92.7100,152,1
2026-05-07,000858,13:44:03,92.6900,38,2
2026-05-07,000858,13:44:06,92.7000,81,1
2026-05-07,000858,13:44:09,92.7000,43,1
2026-05-07,000858,13:44:12,92.7000,25,2
2026-05-07,000858,13:44:15,92.6900,24,2
2026-05-07,000858,13:44:18,92.7000,26,1
2026-05-07,000858,13:44:21,92.6900,70,2
2026-05-07,000858,13:44:24,92.7000,24,1
2026-05-07,000858,13:44:27,92.6900,32,2
2026-05-07,000858,13:44:30,92.7000,36,4
2026-05-07,000858,13:44:33,92.6900,21,2
2026-05-07,000858,13:44:36,92.7000,23,1
2026-05-07,000858,13:44:39,92.7000,50,2
2026-05-07,000858,13:44:42,92.7000,30,1
2026-05-07,000858,13:44:45,92.6900,43,2
2026-05-07,000858,13:44:48,92.7000,47,1
2026-05-07,000858,13:44:51,92.7000,81,1
2026-05-07,000858,13:44:54,92.7000,25,1
2026-05-07,000858,13:44:57,92.7000,21,2
2026-05-07,000858,13:45:00,92.7000,17,2
2026-05-07,000858,13:45:03,92.7000,11,2
2026-05-07,000858,13:45:06,92.7000,10,2
2026-05-07,000858,13:45:09,92.7000,89,2
2026-05-07,000858,13:45:12,92.7000,23,2
2026-05-07,000858,13:45:15,92.7100,24,4
2026-05-07,000858,13:45:18,92.7000,15,2
2026-05-07,000858,13:45:21,92.7000,30,2
2026-05-07,000858,13:45:24,92.7000,21,2
2026-05-07,000858,13:45:27,92.7000,7,1
2026-05-07,000858,13:45:30,92.7000,20,1
2026-05-07,000858,13:45:33,92.7000,19,2
2026-05-07,000858,13:45:36,92.7000,17,2
2026-05-07,000858,13:45:39,92.7100,13,1
2026-05-07,000858,13:45:42,92.7100,192,1
2026-05-07,000858,13:45:45,92.7200,47,2
2026-05-07,000858,13:45:48,92.7200,26,2
2026-05-07,000858,13:45:51,92.7200,17,2
2026-05-07,000858,13:45:54,92.7300,12,1
2026-05-07,000858,13:45:57,92.7200,15,2
2026-05-07,000858,13:46:00,92.7300,17,1
2026-05-07,000858,13:46:03,92.7300,20,1
2026-05-07,000858,13:46:06,92.7300,8,1
2026-05-07,000858,13:46:09,92.7200,16,2
2026-05-07,000858,13:46:12,92.7200,24,2
2026-05-07,000858,13:46:15,92.7300,11,1
2026-05-07,000858,13:46:18,92.7400,21,1
2026-05-07,000858,13:46:21,92.7300,30,2
2026-05-07,000858,13:46:24,92.7300,13,2
2026-05-07,000858,13:46:27,92.7300,8,2
2026-05-07,000858,13:46:30,92.7300,9,1
2026-05-07,000858,13:46:33,92.7300,25,1
2026-05-07,000858,13:46:36,92.7300,29,1
2026-05-07,000858,13:46:39,92.7300,29,1
2026-05-07,000858,13:46:42,92.7200,33,2
2026-05-07,000858,13:46:45,92.7200,60,2
2026-05-07,000858,13:46:48,92.7200,38,2
2026-05-07,000858,13:46:51,92.7300,18,2
2026-05-07,000858,13:46:54,92.7200,73,2
2026-05-07,000858,13:46:57,92.7300,100,2
2026-05-07,000858,13:47:00,92.7200,37,4
2026-05-07,000858,13:47:03,92.7200,59,1
2026-05-07,000858,13:47:06,92.7100,80,2
2026-05-07,000858,13:47:09,92.7200,46,2
2026-05-07,000858,13:47:12,92.7100,23,2
2026-05-07,000858,13:47:15,92.7200,34,2
2026-05-07,000858,13:47:18,92.7300,25,1
2026-05-07,000858,13:47:21,92.7200,45,4
2026-05-07,000858,13:47:24,92.7200,17,2
2026-05-07,000858,13:47:27,92.7200,62,2
2026-05-07,000858,13:47:30,92.7300,65,1
2026-05-07,000858,13:47:33,92.7100,39,2
2026-05-07,000858,13:47:36,92.7200,19,2
2026-05-07,000858,13:47:39,92.7200,31,1
2026-05-07,000858,13:47:42,92.7200,46,1
2026-05-07,000858,13:47:45,92.7100,35,2
2026-05-07,000858,13:47:48,92.7200,32,1
2026-05-07,000858,13:47:51,92.7200,82,2
2026-05-07,000858,13:47:54,92.7400,37,1
2026-05-07,000858,13:47:57,92.7400,80,2
2026-05-07,000858,13:48:00,92.7500,42,1
2026-05-07,000858,13:48:03,92.7400,102,2
2026-05-07,000858,13:48:06,92.7800,81,1
2026-05-07,000858,13:48:09,92.7500,28,2
2026-05-07,000858,13:48:12,92.7400,43,2
2026-05-07,000858,13:48:15,92.7600,36,1
2026-05-07,000858,13:48:18,92.7700,20,1
2026-05-07,000858,13:48:21,92.7700,7,2
2026-05-07,000858,13:48:24,92.7800,13,1
2026-05-07,000858,13:48:27,92.7900,15,1
2026-05-07,000858,13:48:30,92.7900,17,1
2026-05-07,000858,13:48:33,92.7800,23,1
2026-05-07,000858,13:48:36,92.7800,38,2
2026-05-07,000858,13:48:39,92.7900,28,1
2026-05-07,000858,13:48:42,92.7800,17,2
2026-05-07,000858,13:48:45,92.7900,23,1
2026-05-07,000858,13:48:48,92.7900,27,1
2026-05-07,000858,13:48:51,92.8000,152,1
2026-05-07,000858,13:48:54,92.8000,89,1
2026-05-07,000858,13:48:57,92.8000,36,2
2026-05-07,000858,13:49:00,92.8000,54,2
2026-05-07,000858,13:49:03,92.8200,34,1
2026-05-07,000858,13:49:06,92.8100,12,2
2026-05-07,000858,13:49:09,92.8100,4,2
2026-05-07,000858,13:49:12,92.8200,32,1
2026-05-07,000858,13:49:15,92.8200,23,2
2026-05-07,000858,13:49:18,92.8300,19,1
2026-05-07,000858,13:49:21,92.8200,89,2
2026-05-07,000858,13:49:24,92.8200,88,2
2026-05-07,000858,13:49:27,92.8200,43,2
2026-05-07,000858,13:49:30,92.8300,77,1
2026-05-07,000858,13:49:33,92.8300,27,2
2026-05-07,000858,13:49:36,92.8300,22,2
2026-05-07,000858,13:49:39,92.8300,51,2
2026-05-07,000858,13:49:42,92.8400,47,1
2026-05-07,000858,13:49:45,92.8400,16,1
2026-05-07,000858,13:49:48,92.8400,10,2
2026-05-07,000858,13:49:51,92.8400,28,2
2026-05-07,000858,13:49:54,92.8400,91,2
2026-05-07,000858,13:49:57,92.8400,75,2
2026-05-07,000858,13:50:00,92.8600,120,1
2026-05-07,000858,13:50:03,92.8600,113,4
2026-05-07,000858,13:50:06,92.8700,71,1
2026-05-07,000858,13:50:09,92.8600,5,1
2026-05-07,000858,13:50:12,92.8600,170,1
2026-05-07,000858,13:50:15,92.8300,165,2
2026-05-07,000858,13:50:18,92.8100,172,2
2026-05-07,000858,13:50:21,92.8200,61,2
2026-05-07,000858,13:50:24,92.8100,122,1
2026-05-07,000858,13:50:27,92.8100,40,2
2026-05-07,000858,13:50:30,92.8100,32,2
2026-05-07,000858,13:50:33,92.8100,6,2
2026-05-07,000858,13:50:36,92.8200,16,1
2026-05-07,000858,13:50:39,92.8100,24,2
2026-05-07,000858,13:50:42,92.8100,21,2
2026-05-07,000858,13:50:45,92.8100,40,2
2026-05-07,000858,13:50:48,92.8100,47,2
2026-05-07,000858,13:50:51,92.8200,79,2
2026-05-07,000858,13:50:54,92.8100,47,2
2026-05-07,000858,13:50:57,92.8100,7,2
2026-05-07,000858,13:51:00,92.8200,18,1
2026-05-07,000858,13:51:03,92.8200,7,1
2026-05-07,000858,13:51:06,92.8200,10,1
2026-05-07,000858,13:51:09,92.8100,21,2
2026-05-07,000858,13:51:12,92.8200,37,1
2026-05-07,000858,13:51:15,92.8200,19,2
2026-05-07,000858,13:51:18,92.8300,22,1
2026-05-07,000858,13:51:21,92.8100,13,2
2026-05-07,000858,13:51:24,92.8200,75,1
2026-05-07,000858,13:51:27,92.8100,52,2
2026-05-07,000858,13:51:30,92.8000,38,2
2026-05-07,000858,13:51:33,92.8000,30,2
2026-05-07,000858,13:51:36,92.7900,122,2
2026-05-07,000858,13:51:39,92.7800,40,2
2026-05-07,000858,13:51:42,92.7800,40,2
2026-05-07,000858,13:51:45,92.7800,12,2
2026-05-07,000858,13:51:48,92.7800,44,2
2026-05-07,000858,13:51:51,92.7900,30,1
2026-05-07,000858,13:51:54,92.7900,39,1
2026-05-07,000858,13:51:57,92.7800,20,2
2026-05-07,000858,13:52:00,92.7800,31,2
2026-05-07,000858,13:52:03,92.7900,45,1
2026-05-07,000858,13:52:06,92.7800,34,2
2026-05-07,000858,13:52:09,92.7800,60,2
2026-05-07,000858,13:52:12,92.7800,40,2
2026-05-07,000858,13:52:15,92.7900,52,1
2026-05-07,000858,13:52:18,92.7800,44,2
2026-05-07,000858,13:52:21,92.7800,72,2
2026-05-07,000858,13:52:24,92.7800,27,1
2026-05-07,000858,13:52:27,92.7700,23,2
2026-05-07,000858,13:52:30,92.7800,14,1
2026-05-07,000858,13:52:33,92.7800,24,1
2026-05-07,000858,13:52:36,92.7800,56,1
2026-05-07,000858,13:52:39,92.7900,19,1
2026-05-07,000858,13:52:42,92.7900,113,4
2026-05-07,000858,13:52:45,92.7900,32,2
2026-05-07,000858,13:52:48,92.8000,17,1
2026-05-07,000858,13:52:51,92.8000,22,1
2026-05-07,000858,13:52:54,92.8000,47,1
2026-05-07,000858,13:52:57,92.8000,31,2
2026-05-07,000858,13:53:00,92.8000,12,2
2026-05-07,000858,13:53:03,92.8000,17,2
2026-05-07,000858,13:53:06,92.8100,15,1
2026-05-07,000858,13:53:09,92.8000,11,2
2026-05-07,000858,13:53:12,92.8000,39,2
2026-05-07,000858,13:53:15,92.8100,26,1
2026-05-07,000858,13:53:18,92.8000,47,2
2026-05-07,000858,13:53:21,92.8000,31,2
2026-05-07,000858,13:53:24,92.8100,43,1
2026-05-07,000858,13:53:27,92.8100,20,1
2026-05-07,000858,13:53:30,92.8100,15,1
2026-05-07,000858,13:53:33,92.8000,8,2
2026-05-07,000858,13:53:36,92.8000,28,2
2026-05-07,000858,13:53:39,92.8000,22,2
2026-05-07,000858,13:53:42,92.8100,53,1
2026-05-07,000858,13:53:45,92.8000,54,2
2026-05-07,000858,13:53:48,92.8100,22,1
2026-05-07,000858,13:53:51,92.8000,8,2
2026-05-07,000858,13:53:54,92.8000,16,2
2026-05-07,000858,13:53:57,92.8000,15,2
2026-05-07,000858,13:54:00,92.8100,39,1
2026-05-07,000858,13:54:03,92.8000,100,2
2026-05-07,000858,13:54:06,92.8100,28,2
2026-05-07,000858,13:54:09,92.8100,18,2
2026-05-07,000858,13:54:12,92.8100,6,1
2026-05-07,000858,13:54:15,92.8200,66,1
2026-05-07,000858,13:54:18,92.8200,27,1
2026-05-07,000858,13:54:21,92.8100,9,2
2026-05-07,000858,13:54:24,92.8200,34,1
2026-05-07,000858,13:54:27,92.8200,32,2
2026-05-07,000858,13:54:30,92.8300,15,1
2026-05-07,000858,13:54:33,92.8200,23,2
2026-05-07,000858,13:54:36,92.8200,13,2
2026-05-07,000858,13:54:39,92.8200,24,2
2026-05-07,000858,13:54:42,92.8200,23,1
2026-05-07,000858,13:54:45,92.8200,27,1
2026-05-07,000858,13:54:48,92.8200,35,2
2026-05-07,000858,13:54:51,92.8200,56,1
2026-05-07,000858,13:54:54,92.8100,20,2
2026-05-07,000858,13:54:57,92.8200,10,1
2026-05-07,000858,13:55:00,92.8200,32,2
2026-05-07,000858,13:55:03,92.8200,10,2
2026-05-07,000858,13:55:06,92.8300,34,1
2026-05-07,000858,13:55:09,92.8200,26,2
2026-05-07,000858,13:55:12,92.8200,25,2
2026-05-07,000858,13:55:15,92.8300,37,1
2026-05-07,000858,13:55:18,92.8300,30,1
2026-05-07,000858,13:55:21,92.8200,31,2
2026-05-07,000858,13:55:24,92.8200,5,2
2026-05-07,000858,13:55:27,92.8300,53,1
2026-05-07,000858,13:55:30,92.8200,103,2
2026-05-07,000858,13:55:33,92.8200,100,1
2026-05-07,000858,13:55:36,92.8200,9,4
2026-05-07,000858,13:55:39,92.8200,39,1
2026-05-07,000858,13:55:42,92.8200,18,1
2026-05-07,000858,13:55:45,92.8100,23,2
2026-05-07,000858,13:55:48,92.8200,3,1
2026-05-07,000858,13:55:51,92.8200,11,1
2026-05-07,000858,13:55:54,92.8200,32,1
2026-05-07,000858,13:55:57,92.8100,31,2
2026-05-07,000858,13:56:00,92.8200,8,1
2026-05-07,000858,13:56:03,92.8200,33,1
2026-05-07,000858,13:56:06,92.8200,95,1
2026-05-07,000858,13:56:09,92.8200,61,1
2026-05-07,000858,13:56:12,92.8300,88,1
2026-05-07,000858,13:56:15,92.8200,54,2
2026-05-07,000858,13:56:18,92.8200,24,1
2026-05-07,000858,13:56:21,92.8100,80,2
2026-05-07,000858,13:56:24,92.8200,74,1
2026-05-07,000858,13:56:27,92.8100,33,2
2026-05-07,000858,13:56:30,92.8200,37,1
2026-05-07,000858,13:56:33,92.8100,52,2
2026-05-07,000858,13:56:36,92.7900,509,2
2026-05-07,000858,13:56:39,92.7800,256,2
2026-05-07,000858,13:56:42,92.7700,105,2
2026-05-07,000858,13:56:45,92.7700,105,1
2026-05-07,000858,13:56:48,92.7600,37,1
2026-05-07,000858,13:56:51,92.7600,75,1
2026-05-07,000858,13:56:54,92.7600,28,1
2026-05-07,000858,13:56:57,92.7500,55,4
2026-05-07,000858,13:57:00,92.7400,11,2
2026-05-07,000858,13:57:03,92.7400,10,2
2026-05-07,000858,13:57:06,92.7400,14,2
2026-05-07,000858,13:57:09,92.7400,51,2
2026-05-07,000858,13:57:12,92.7400,42,2
2026-05-07,000858,13:57:15,92.7400,6,4
2026-05-07,000858,13:57:18,92.7300,81,2
2026-05-07,000858,13:57:21,92.7300,8,2
2026-05-07,000858,13:57:24,92.7300,234,2
2026-05-07,000858,13:57:27,92.7300,19,1
2026-05-07,000858,13:57:30,92.7200,126,2
2026-05-07,000858,13:57:33,92.7200,107,2
2026-05-07,000858,13:57:36,92.7200,43,1
2026-05-07,000858,13:57:39,92.7100,32,2
2026-05-07,000858,13:57:42,92.7100,7,1
2026-05-07,000858,13:57:45,92.7000,34,2
2026-05-07,000858,13:57:48,92.7000,154,2
2026-05-07,000858,13:57:51,92.7000,145,2
2026-05-07,000858,13:57:54,92.7000,22,2
2026-05-07,000858,13:57:57,92.7000,20,2
2026-05-07,000858,13:58:00,92.7000,100,2
2026-05-07,000858,13:58:03,92.7000,20,2
2026-05-07,000858,13:58:06,92.7000,59,2
2026-05-07,000858,13:58:09,92.6900,6,2
2026-05-07,000858,13:58:12,92.6900,30,2
2026-05-07,000858,13:58:15,92.6900,19,2
2026-05-07,000858,13:58:18,92.6900,164,2
2026-05-07,000858,13:58:21,92.6800,11,2
2026-05-07,000858,13:58:24,92.6800,9,2
2026-05-07,000858,13:58:27,92.6900,17,1
2026-05-07,000858,13:58:30,92.6800,102,2
2026-05-07,000858,13:58:33,92.6600,202,2
2026-05-07,000858,13:58:36,92.6600,133,2
2026-05-07,000858,13:58:39,92.6600,22,2
2026-05-07,000858,13:58:42,92.6600,16,1
2026-05-07,000858,13:58:45,92.6500,15,2
2026-05-07,000858,13:58:48,92.6500,85,2
2026-05-07,000858,13:58:51,92.6600,121,1
2026-05-07,000858,13:58:54,92.6500,8,2
2026-05-07,000858,13:58:57,92.6500,30,2
2026-05-07,000858,13:59:00,92.6500,39,2
2026-05-07,000858,13:59:03,92.6400,19,2
2026-05-07,000858,13:59:06,92.6400,55,2
2026-05-07,000858,13:59:09,92.6300,18,2
2026-05-07,000858,13:59:12,92.6400,21,1
2026-05-07,000858,13:59:15,92.6300,41,2
2026-05-07,000858,13:59:18,92.6400,41,1
2026-05-07,000858,13:59:21,92.6300,12,2
2026-05-07,000858,13:59:24,92.6300,69,1
2026-05-07,000858,13:59:27,92.6300,59,1
2026-05-07,000858,13:59:30,92.6300,51,1
2026-05-07,000858,13:59:33,92.6300,130,1
2026-05-07,000858,13:59:36,92.6200,40,2
2026-05-07,000858,13:59:39,92.6200,18,2
2026-05-07,000858,13:59:42,92.6200,18,1
2026-05-07,000858,13:59:45,92.6100,21,2
2026-05-07,000858,13:59:48,92.6200,112,1
2026-05-07,000858,13:59:51,92.6100,20,2
2026-05-07,000858,13:59:54,92.6100,14,2
2026-05-07,000858,13:59:57,92.6100,14,2
2026-05-07,000858,14:00:00,92.6100,63,2
2026-05-07,000858,14:00:03,92.6100,21,2
2026-05-07,000858,14:00:06,92.6100,43,2
2026-05-07,000858,14:00:09,92.6100,55,2
2026-05-07,000858,14:00:12,92.6500,450,1
2026-05-07,000858,14:00:15,92.6600,32,1
2026-05-07,000858,14:00:21,92.6400,18,2
2026-05-07,000858,14:00:24,92.6600,5,1
2026-05-07,000858,14:00:27,92.6500,32,1
2026-05-07,000858,14:00:30,92.6500,12,1
2026-05-07,000858,14:00:33,92.6400,13,2
2026-05-07,000858,14:00:36,92.6500,67,1
2026-05-07,000858,14:00:39,92.6400,23,2
2026-05-07,000858,14:00:42,92.6500,17,2
2026-05-07,000858,14:00:45,92.6500,20,2
2026-05-07,000858,14:00:48,92.6500,27,1
2026-05-07,000858,14:00:51,92.6400,91,2
2026-05-07,000858,14:00:54,92.6500,8,1
2026-05-07,000858,14:00:57,92.6500,24,1
2026-05-07,000858,14:01:00,92.6600,23,1
2026-05-07,000858,14:01:03,92.6600,36,1
2026-05-07,000858,14:01:06,92.6500,56,2
2026-05-07,000858,14:01:09,92.6500,12,2
2026-05-07,000858,14:01:12,92.6500,55,1
2026-05-07,000858,14:01:15,92.6500,81,1
2026-05-07,000858,14:01:18,92.6500,18,1
2026-05-07,000858,14:01:21,92.6400,71,2
2026-05-07,000858,14:01:24,92.6400,52,2
2026-05-07,000858,14:01:27,92.6500,36,1
2026-05-07,000858,14:01:30,92.6600,192,1
2026-05-07,000858,14:01:33,92.6600,35,1
2026-05-07,000858,14:01:39,92.6600,21,2
2026-05-07,000858,14:01:42,92.6600,17,2
2026-05-07,000858,14:01:45,92.6600,14,2
2026-05-07,000858,14:01:48,92.6600,4,2
2026-05-07,000858,14:01:51,92.6500,102,2
2026-05-07,000858,14:01:54,92.6600,62,1
2026-05-07,000858,14:01:57,92.6500,41,2
2026-05-07,000858,14:02:00,92.6500,27,2
2026-05-07,000858,14:02:03,92.6500,46,2
2026-05-07,000858,14:02:06,92.6600,61,1
2026-05-07,000858,14:02:09,92.6500,48,2
2026-05-07,000858,14:02:12,92.6500,9,1
2026-05-07,000858,14:02:15,92.6500,115,1
2026-05-07,000858,14:02:18,92.6400,44,1
2026-05-07,000858,14:02:21,92.6300,85,2
2026-05-07,000858,14:02:24,92.6400,8,1
2026-05-07,000858,14:02:27,92.6400,82,1
2026-05-07,000858,14:02:30,92.6400,22,1
2026-05-07,000858,14:02:33,92.6300,15,2
2026-05-07,000858,14:02:36,92.6300,16,2
2026-05-07,000858,14:02:39,92.6300,36,2
2026-05-07,000858,14:02:42,92.6400,44,1
2026-05-07,000858,14:02:45,92.6300,65,2
2026-05-07,000858,14:02:48,92.6300,9,2
2026-05-07,000858,14:02:51,92.6300,19,2
2026-05-07,000858,14:02:54,92.6300,136,1
2026-05-07,000858,14:02:57,92.6200,31,2
2026-05-07,000858,14:03:00,92.6200,9,2
2026-05-07,000858,14:03:03,92.6200,12,2
2026-05-07,000858,14:03:06,92.6200,158,2
2026-05-07,000858,14:03:09,92.6100,178,2
2026-05-07,000858,14:03:12,92.6100,73,2
2026-05-07,000858,14:03:15,92.6100,44,2
2026-05-07,000858,14:03:18,92.6100,71,2
2026-05-07,000858,14:03:21,92.6100,135,2
2026-05-07,000858,14:03:24,92.6100,23,2
2026-05-07,000858,14:03:27,92.6100,10,4
2026-05-07,000858,14:03:30,92.6000,529,2
2026-05-07,000858,14:03:33,92.6000,15,2
2026-05-07,000858,14:03:36,92.6000,18,2
2026-05-07,000858,14:03:39,92.6000,11,2
2026-05-07,000858,14:03:42,92.6100,294,1
2026-05-07,000858,14:03:45,92.6000,23,2
2026-05-07,000858,14:03:48,92.6100,107,1
2026-05-07,000858,14:03:51,92.6100,41,1
2026-05-07,000858,14:03:54,92.6100,187,1
2026-05-07,000858,14:03:57,92.6000,15,2
2026-05-07,000858,14:04:00,92.6000,9,2
2026-05-07,000858,14:04:03,92.6100,10,1
2026-05-07,000858,14:04:06,92.6000,185,2
2026-05-07,000858,14:04:09,92.5900,14,2
2026-05-07,000858,14:04:12,92.5900,30,2
2026-05-07,000858,14:04:15,92.5900,11,2
2026-05-07,000858,14:04:18,92.6000,90,1
2026-05-07,000858,14:04:21,92.5900,177,2
2026-05-07,000858,14:04:24,92.5900,29,2
2026-05-07,000858,14:04:27,92.5800,36,2
2026-05-07,000858,14:04:30,92.5900,178,1
2026-05-07,000858,14:04:33,92.5800,15,2
2026-05-07,000858,14:04:36,92.5800,35,2
2026-05-07,000858,14:04:39,92.5900,28,1
2026-05-07,000858,14:04:42,92.5900,99,1
2026-05-07,000858,14:04:45,92.5800,83,2
2026-05-07,000858,14:04:48,92.5800,31,2
2026-05-07,000858,14:04:51,92.5800,45,2
2026-05-07,000858,14:04:54,92.5800,19,2
2026-05-07,000858,14:04:57,92.5800,63,2
2026-05-07,000858,14:05:00,92.5900,15,1
2026-05-07,000858,14:05:03,92.5800,48,2
2026-05-07,000858,14:05:06,92.5800,120,2
2026-05-07,000858,14:05:09,92.5700,43,2
2026-05-07,000858,14:05:12,92.5700,28,2
2026-05-07,000858,14:05:15,92.5800,71,1
2026-05-07,000858,14:05:18,92.5800,107,1
2026-05-07,000858,14:05:21,92.5700,41,2
2026-05-07,000858,14:05:24,92.5800,10,1
2026-05-07,000858,14:05:27,92.5700,53,2
2026-05-07,000858,14:05:30,92.5700,44,2
2026-05-07,000858,14:05:33,92.5700,45,2
2026-05-07,000858,14:05:36,92.5700,60,2
2026-05-07,000858,14:05:39,92.5700,25,2
2026-05-07,000858,14:05:42,92.5800,309,1
2026-05-07,000858,14:05:45,92.5700,22,2
2026-05-07,000858,14:05:48,92.5700,28,2
2026-05-07,000858,14:05:51,92.5800,18,1
2026-05-07,000858,14:05:54,92.5800,229,1
2026-05-07,000858,14:05:57,92.5700,31,2
2026-05-07,000858,14:06:00,92.5800,66,4
2026-05-07,000858,14:06:03,92.5800,33,1
2026-05-07,000858,14:06:06,92.5700,143,2
2026-05-07,000858,14:06:09,92.5700,74,2
2026-05-07,000858,14:06:12,92.5800,14,4
2026-05-07,000858,14:06:15,92.5800,26,1
2026-05-07,000858,14:06:18,92.5900,18,1
2026-05-07,000858,14:06:21,92.5800,39,2
2026-05-07,000858,14:06:24,92.5800,85,1
2026-05-07,000858,14:06:27,92.6000,36,1
2026-05-07,000858,14:06:30,92.5700,71,2
2026-05-07,000858,14:06:33,92.5800,10,2
2026-05-07,000858,14:06:36,92.5800,12,2
2026-05-07,000858,14:06:39,92.5900,9,1
2026-05-07,000858,14:06:42,92.5800,54,2
2026-05-07,000858,14:06:45,92.5800,29,2
2026-05-07,000858,14:06:48,92.5900,21,1
2026-05-07,000858,14:06:51,92.5900,37,1
2026-05-07,000858,14:06:54,92.5800,334,2
2026-05-07,000858,14:06:57,92.5800,8,2
2026-05-07,000858,14:07:00,92.5900,68,1
2026-05-07,000858,10:56:57,93.0400,33,2
2026-05-07,000858,10:57:00,93.0500,24,1
2026-05-07,000858,10:57:03,93.0400,52,2
2026-05-07,000858,10:57:06,93.0500,32,1
2026-05-07,000858,10:57:09,93.0500,48,1
2026-05-07,000858,10:57:12,93.0500,71,1
2026-05-07,000858,10:57:15,93.0500,12,1
2026-05-07,000858,10:57:18,93.0400,8,2
2026-05-07,000858,10:57:21,93.0500,90,1
2026-05-07,000858,10:57:24,93.0500,27,1
2026-05-07,000858,10:57:27,93.0400,97,2
2026-05-07,000858,10:57:30,93.0400,27,2
2026-05-07,000858,10:57:33,93.0400,14,2
2026-05-07,000858,10:57:36,93.0500,106,1
2026-05-07,000858,10:57:39,93.0400,31,2
2026-05-07,000858,10:57:42,93.0500,43,1
2026-05-07,000858,10:57:45,93.0500,21,1
2026-05-07,000858,10:57:48,93.0500,17,1
2026-05-07,000858,10:57:51,93.0400,57,2
2026-05-07,000858,10:57:54,93.0400,21,1
2026-05-07,000858,10:57:57,93.0400,118,1
2026-05-07,000858,10:58:00,93.0400,81,1
2026-05-07,000858,10:58:03,93.0400,42,1
2026-05-07,000858,10:58:06,93.0400,111,1
2026-05-07,000858,10:58:09,93.0300,42,2
2026-05-07,000858,10:58:12,93.0300,83,2
2026-05-07,000858,10:58:15,93.0300,56,2
2026-05-07,000858,10:58:18,93.0200,20,2
2026-05-07,000858,10:58:21,93.0300,19,1
2026-05-07,000858,10:58:24,93.0200,15,2
2026-05-07,000858,10:58:27,93.0200,6,2
2026-05-07,000858,10:58:30,93.0300,18,1
2026-05-07,000858,10:58:33,93.0300,11,1
2026-05-07,000858,10:58:36,93.0300,210,1
2026-05-07,000858,10:58:39,93.0300,25,1
2026-05-07,000858,10:58:42,93.0300,20,1
2026-05-07,000858,10:58:45,93.0200,31,2
2026-05-07,000858,10:58:48,93.0200,107,2
2026-05-07,000858,10:58:51,93.0200,163,2
2026-05-07,000858,10:58:54,93.0200,38,1
2026-05-07,000858,10:58:57,93.0200,48,1
2026-05-07,000858,10:59:00,93.0200,67,1
2026-05-07,000858,10:59:03,93.0100,178,2
2026-05-07,000858,10:59:06,93.0200,39,1
2026-05-07,000858,10:59:09,93.0100,36,2
2026-05-07,000858,10:59:12,93.0100,30,2
2026-05-07,000858,10:59:15,93.0200,57,1
2026-05-07,000858,10:59:18,93.0200,88,1
2026-05-07,000858,10:59:21,93.0100,14,2
2026-05-07,000858,10:59:24,93.0100,13,2
2026-05-07,000858,10:59:27,93.0100,69,2
2026-05-07,000858,10:59:30,93.0100,131,2
2026-05-07,000858,10:59:33,93.0100,40,2
2026-05-07,000858,10:59:36,93.0100,88,2
2026-05-07,000858,10:59:39,93.0100,26,2
2026-05-07,000858,10:59:42,93.0100,92,2
2026-05-07,000858,10:59:45,93.0100,70,1
2026-05-07,000858,10:59:48,93.0000,115,2
2026-05-07,000858,10:59:51,93.0000,92,2
2026-05-07,000858,10:59:54,93.0000,95,2
2026-05-07,000858,10:59:57,93.0100,72,1
2026-05-07,000858,11:00:00,93.0100,806,1
2026-05-07,000858,11:00:03,93.0100,31,1
2026-05-07,000858,11:00:06,93.0100,131,1
2026-05-07,000858,11:00:09,93.0100,64,1
2026-05-07,000858,11:00:12,93.0000,590,2
2026-05-07,000858,11:00:15,93.0000,15,2
2026-05-07,000858,11:00:18,93.0100,85,1
2026-05-07,000858,11:00:21,93.0000,396,2
2026-05-07,000858,11:00:24,93.0000,113,2
2026-05-07,000858,11:00:27,93.0100,63,1
2026-05-07,000858,11:00:30,93.0000,77,2
2026-05-07,000858,11:00:33,93.0100,163,1
2026-05-07,000858,11:00:36,93.0000,120,2
2026-05-07,000858,11:00:39,92.9900,66,2
2026-05-07,000858,11:00:42,93.0000,12,1
2026-05-07,000858,11:00:45,93.0000,157,1
2026-05-07,000858,11:00:48,93.0000,116,1
2026-05-07,000858,11:00:51,92.9900,185,4
2026-05-07,000858,11:00:54,92.9700,16,2
2026-05-07,000858,11:00:57,92.9800,29,1
2026-05-07,000858,11:01:00,92.9800,12,1
2026-05-07,000858,11:01:03,92.9700,38,2
2026-05-07,000858,11:01:06,92.9800,6,1
2026-05-07,000858,11:01:09,92.9800,135,1
2026-05-07,000858,11:01:12,92.9800,40,1
2026-05-07,000858,11:01:15,92.9800,11,2
2026-05-07,000858,11:01:18,92.9800,43,2
2026-05-07,000858,11:01:21,92.9800,55,2
2026-05-07,000858,11:01:24,92.9900,69,1
2026-05-07,000858,11:01:27,92.9800,22,2
2026-05-07,000858,11:01:30,92.9700,57,2
2026-05-07,000858,11:01:33,92.9800,11,1
2026-05-07,000858,11:01:36,92.9800,18,1
2026-05-07,000858,11:01:39,92.9800,12,1
2026-05-07,000858,11:01:42,92.9700,108,2
2026-05-07,000858,11:01:45,92.9700,53,2
2026-05-07,000858,11:01:48,92.9800,22,1
2026-05-07,000858,11:01:51,92.9700,11,2
2026-05-07,000858,11:01:54,92.9800,43,1
2026-05-07,000858,11:01:57,92.9700,68,2
2026-05-07,000858,11:02:00,92.9700,14,2
2026-05-07,000858,11:02:03,92.9700,7,2
2026-05-07,000858,11:02:06,92.9800,127,1
2026-05-07,000858,11:02:09,92.9800,192,2
2026-05-07,000858,11:02:12,93.0100,91,1
2026-05-07,000858,11:02:15,93.0200,9,1
2026-05-07,000858,11:02:18,93.0100,19,2
2026-05-07,000858,11:02:21,93.0100,51,1
2026-05-07,000858,11:02:24,93.0100,37,1
2026-05-07,000858,11:02:27,93.0100,260,2
2026-05-07,000858,11:02:30,93.0200,34,2
2026-05-07,000858,11:02:33,93.0300,28,1
2026-05-07,000858,11:02:36,93.0300,65,1
2026-05-07,000858,11:02:39,93.0300,25,2
2026-05-07,000858,11:02:42,93.0300,15,2
2026-05-07,000858,11:02:45,93.0300,51,2
2026-05-07,000858,11:02:48,93.0200,38,2
2026-05-07,000858,11:02:51,93.0200,29,2
2026-05-07,000858,11:02:54,93.0200,19,2
2026-05-07,000858,11:02:57,93.0200,76,2
2026-05-07,000858,11:03:00,93.0300,26,1
2026-05-07,000858,11:03:03,93.0200,66,2
2026-05-07,000858,11:03:06,93.0200,48,2
2026-05-07,000858,11:03:09,93.0200,153,1
2026-05-07,000858,11:03:12,93.0200,9,1
2026-05-07,000858,11:03:15,93.0100,166,2
2026-05-07,000858,11:03:18,93.0100,21,1
2026-05-07,000858,11:03:21,93.0100,29,1
2026-05-07,000858,11:03:24,93.0100,19,1
2026-05-07,000858,11:03:27,93.0000,51,2
2026-05-07,000858,11:03:30,93.0000,32,2
2026-05-07,000858,11:03:33,93.0000,14,2
2026-05-07,000858,11:03:36,92.9900,48,2
2026-05-07,000858,11:03:39,93.0000,25,1
2026-05-07,000858,11:03:42,92.9900,33,2
2026-05-07,000858,11:03:45,92.9900,10,2
2026-05-07,000858,11:03:48,93.0000,52,1
2026-05-07,000858,11:03:51,92.9900,104,2
2026-05-07,000858,11:03:54,92.9900,42,2
2026-05-07,000858,11:03:57,92.9900,17,1
2026-05-07,000858,11:04:00,92.9800,22,2
2026-05-07,000858,11:04:03,92.9800,1,2
2026-05-07,000858,11:04:06,92.9900,21,1
2026-05-07,000858,11:04:09,92.9800,299,2
2026-05-07,000858,11:04:12,92.9800,33,2
2026-05-07,000858,11:04:15,92.9900,55,1
2026-05-07,000858,11:04:18,92.9900,68,1
2026-05-07,000858,11:04:21,92.9800,136,2
2026-05-07,000858,11:04:24,92.9800,24,2
2026-05-07,000858,11:04:27,92.9800,104,2
2026-05-07,000858,11:04:30,92.9800,33,2
2026-05-07,000858,11:04:33,92.9900,12,1
2026-05-07,000858,11:04:36,92.9800,22,2
2026-05-07,000858,11:04:39,92.9900,28,1
2026-05-07,000858,11:04:42,92.9900,119,1
2026-05-07,000858,11:04:45,92.9800,13,2
2026-05-07,000858,11:04:48,92.9800,26,2
2026-05-07,000858,11:04:51,92.9800,75,2
2026-05-07,000858,11:04:54,92.9900,34,1
2026-05-07,000858,11:04:57,92.9800,42,2
2026-05-07,000858,11:05:00,92.9900,26,1
2026-05-07,000858,11:05:03,92.9900,75,1
2026-05-07,000858,11:05:06,92.9800,32,2
2026-05-07,000858,11:05:09,92.9900,21,1
2026-05-07,000858,11:05:12,92.9900,6,1
2026-05-07,000858,11:05:15,92.9800,77,2
2026-05-07,000858,11:05:18,92.9900,52,1
2026-05-07,000858,11:05:21,92.9800,81,2
2026-05-07,000858,11:05:24,92.9900,15,1
2026-05-07,000858,11:05:27,92.9900,35,1
2026-05-07,000858,11:05:30,92.9800,28,2
2026-05-07,000858,11:05:33,92.9900,46,1
2026-05-07,000858,11:05:36,92.9900,23,1
2026-05-07,000858,11:05:39,92.9900,16,1
2026-05-07,000858,11:05:42,92.9900,21,2
2026-05-07,000858,11:05:45,92.9900,42,2
2026-05-07,000858,11:05:48,92.9900,62,4
2026-05-07,000858,11:05:51,92.9900,93,2
2026-05-07,000858,11:05:54,92.9800,33,2
2026-05-07,000858,11:05:57,92.9900,3,1
2026-05-07,000858,11:06:00,92.9900,17,1
2026-05-07,000858,11:06:03,92.9900,139,1
2026-05-07,000858,11:06:06,92.9900,53,1
2026-05-07,000858,11:06:09,92.9900,16,1
2026-05-07,000858,11:06:12,92.9900,19,1
2026-05-07,000858,11:06:15,92.9800,106,2
2026-05-07,000858,11:06:18,92.9800,11,2
2026-05-07,000858,11:06:21,92.9800,11,2
2026-05-07,000858,11:06:24,92.9900,146,1
2026-05-07,000858,11:06:27,92.9800,25,2
2026-05-07,000858,11:06:30,92.9900,123,1
2026-05-07,000858,11:06:33,92.9900,88,1
2026-05-07,000858,11:06:36,92.9800,18,2
2026-05-07,000858,11:06:39,92.9900,30,1
2026-05-07,000858,11:06:42,92.9900,190,1
2026-05-07,000858,11:06:45,92.9900,66,1
2026-05-07,000858,11:06:48,92.9800,48,2
2026-05-07,000858,11:06:51,92.9800,24,2
2026-05-07,000858,11:06:54,92.9700,80,2
2026-05-07,000858,11:06:57,92.9700,26,2
2026-05-07,000858,11:07:00,92.9800,2,4
2026-05-07,000858,11:07:03,92.9700,26,2
2026-05-07,000858,11:07:06,92.9700,72,2
2026-05-07,000858,11:07:09,92.9700,12,2
2026-05-07,000858,11:07:12,92.9800,219,1
2026-05-07,000858,11:07:15,92.9800,267,1
2026-05-07,000858,11:07:18,92.9800,297,1
2026-05-07,000858,11:07:21,92.9700,274,4
2026-05-07,000858,11:07:24,92.9600,30,2
2026-05-07,000858,11:07:27,92.9500,18,2
2026-05-07,000858,11:07:30,92.9500,408,2
2026-05-07,000858,11:07:33,92.9500,5,2
2026-05-07,000858,11:07:36,92.9400,80,2
2026-05-07,000858,11:07:39,92.9400,23,2
2026-05-07,000858,11:07:42,92.9400,85,2
2026-05-07,000858,11:07:45,92.9300,28,2
2026-05-07,000858,11:07:48,92.9300,12,2
2026-05-07,000858,11:07:51,92.9400,30,1
2026-05-07,000858,11:07:54,92.9300,199,2
2026-05-07,000858,11:07:57,92.9300,71,2
2026-05-07,000858,11:08:00,92.9300,63,2
2026-05-07,000858,11:08:03,92.9300,37,1
2026-05-07,000858,11:08:06,92.9300,100,1
2026-05-07,000858,11:08:09,92.9200,66,2
2026-05-07,000858,11:08:12,92.9200,29,2
2026-05-07,000858,11:08:15,92.9200,28,2
2026-05-07,000858,11:08:18,92.9200,57,2
2026-05-07,000858,11:08:21,92.9300,24,1
2026-05-07,000858,11:08:24,92.9200,26,2
2026-05-07,000858,11:08:27,92.9200,69,1
2026-05-07,000858,11:08:30,92.9100,219,2
2026-05-07,000858,11:08:33,92.9100,32,1
2026-05-07,000858,11:08:36,92.9100,21,1
2026-05-07,000858,11:08:39,92.9100,25,1
2026-05-07,000858,11:08:42,92.9000,457,2
2026-05-07,000858,11:08:45,92.9000,37,2
2026-05-07,000858,11:08:48,92.9000,89,2
2026-05-07,000858,11:08:51,92.9000,467,2
2026-05-07,000858,11:08:54,92.9000,32,2
2026-05-07,000858,11:08:57,92.9000,27,2
2026-05-07,000858,11:09:00,92.9000,265,2
2026-05-07,000858,11:09:03,92.9000,69,2
2026-05-07,000858,11:09:06,92.9000,106,2
2026-05-07,000858,11:09:09,92.9100,48,1
2026-05-07,000858,11:09:12,92.9000,153,2
2026-05-07,000858,11:09:15,92.9100,41,1
2026-05-07,000858,11:09:18,92.9100,23,1
2026-05-07,000858,11:09:21,92.9000,25,2
2026-05-07,000858,11:09:24,92.9000,83,2
2026-05-07,000858,11:09:27,92.9000,72,2
2026-05-07,000858,11:09:30,92.9000,17,1
2026-05-07,000858,11:09:33,92.8900,33,2
2026-05-07,000858,11:09:36,92.8900,33,2
2026-05-07,000858,11:09:39,92.8900,105,2
2026-05-07,000858,11:09:42,92.8900,37,2
2026-05-07,000858,11:09:45,92.8900,60,2
2026-05-07,000858,11:09:48,92.8900,53,2
2026-05-07,000858,11:09:51,92.9000,5,1
2026-05-07,000858,11:09:54,92.8900,13,2
2026-05-07,000858,11:09:57,92.8900,36,2
2026-05-07,000858,11:10:00,92.9000,5,1
2026-05-07,000858,11:10:03,92.9000,86,1
2026-05-07,000858,11:10:06,92.8900,48,2
2026-05-07,000858,11:10:09,92.8900,19,2
2026-05-07,000858,11:10:12,92.8900,30,2
2026-05-07,000858,11:10:15,92.9000,7,1
2026-05-07,000858,11:10:18,92.9000,56,1
2026-05-07,000858,11:10:21,92.9000,19,1
2026-05-07,000858,11:10:24,92.9000,15,1
2026-05-07,000858,11:10:27,92.8900,38,2
2026-05-07,000858,11:10:30,92.8900,89,2
2026-05-07,000858,11:10:33,92.8900,19,2
2026-05-07,000858,11:10:36,92.9000,63,1
2026-05-07,000858,11:10:39,92.8900,38,2
2026-05-07,000858,11:10:42,92.9000,93,1
2026-05-07,000858,11:10:45,92.9000,12,1
2026-05-07,000858,11:10:48,92.9000,14,1
2026-05-07,000858,11:10:51,92.8900,51,2
2026-05-07,000858,11:10:54,92.9000,96,1
2026-05-07,000858,11:10:57,92.8900,48,2
2026-05-07,000858,11:11:00,92.9000,29,1
2026-05-07,000858,11:11:03,92.8900,195,2
2026-05-07,000858,11:11:06,92.8900,22,2
2026-05-07,000858,11:11:09,92.8900,56,2
2026-05-07,000858,11:11:12,92.8900,43,2
2026-05-07,000858,11:11:15,92.9000,20,1
2026-05-07,000858,11:11:18,92.8900,41,2
2026-05-07,000858,11:11:21,92.8900,27,2
2026-05-07,000858,11:11:24,92.9000,58,1
2026-05-07,000858,11:11:27,92.9000,25,1
2026-05-07,000858,11:11:30,92.9000,96,1
2026-05-07,000858,11:11:33,92.9000,17,1
2026-05-07,000858,11:11:36,92.9000,14,1
2026-05-07,000858,11:11:39,92.8900,130,2
2026-05-07,000858,11:11:42,92.9000,56,1
2026-05-07,000858,11:11:45,92.8900,11,2
2026-05-07,000858,11:11:48,92.8900,5,2
2026-05-07,000858,11:11:51,92.8900,20,2
2026-05-07,000858,11:11:54,92.9000,105,1
2026-05-07,000858,11:11:57,92.9000,45,1
2026-05-07,000858,11:12:00,92.8900,66,2
2026-05-07,000858,11:12:03,92.9000,34,1
2026-05-07,000858,11:12:06,92.9000,73,1
2026-05-07,000858,11:12:09,92.9000,49,1
2026-05-07,000858,11:12:12,92.8900,11,2
2026-05-07,000858,11:12:15,92.9000,14,1
2026-05-07,000858,11:12:18,92.9000,72,1
2026-05-07,000858,11:12:21,92.8900,166,2
2026-05-07,000858,11:12:24,92.9000,64,1
2026-05-07,000858,11:12:27,92.9000,32,1
2026-05-07,000858,11:12:30,92.9000,26,1
2026-05-07,000858,11:12:33,92.8900,263,4
2026-05-07,000858,11:12:36,92.9000,15,1
2026-05-07,000858,11:12:39,92.8900,23,2
2026-05-07,000858,11:12:42,92.8900,63,2
2026-05-07,000858,11:12:45,92.8900,26,2
2026-05-07,000858,11:12:48,92.8900,14,2
2026-05-07,000858,11:12:51,92.9000,186,1
2026-05-07,000858,11:12:54,92.9000,15,2
2026-05-07,000858,11:12:57,92.8900,34,2
2026-05-07,000858,11:13:00,92.9000,15,2
2026-05-07,000858,11:13:03,92.9100,17,1
2026-05-07,000858,11:13:06,92.9100,32,1
2026-05-07,000858,11:13:09,92.9100,7,1
2026-05-07,000858,11:13:12,92.9100,9,1
2026-05-07,000858,11:13:15,92.9000,30,2
2026-05-07,000858,11:13:18,92.9100,12,1
2026-05-07,000858,11:13:21,92.9100,26,1
2026-05-07,000858,11:13:24,92.9100,50,1
2026-05-07,000858,11:13:27,92.9000,72,2
2026-05-07,000858,11:13:30,92.9100,28,1
2026-05-07,000858,11:13:33,92.9100,27,1
2026-05-07,000858,11:13:36,92.9000,32,2
2026-05-07,000858,11:13:39,92.9100,186,1
2026-05-07,000858,11:13:42,92.9100,194,2
2026-05-07,000858,11:13:45,92.9100,135,2
2026-05-07,000858,11:13:48,92.9300,84,1
2026-05-07,000858,11:13:51,92.9500,27,1
2026-05-07,000858,11:13:54,92.9500,24,2
2026-05-07,000858,11:13:57,92.9600,20,4
2026-05-07,000858,11:14:00,92.9700,30,1
2026-05-07,000858,11:14:03,92.9800,117,1
2026-05-07,000858,11:14:06,92.9800,35,2
2026-05-07,000858,11:14:09,93.0000,138,1
2026-05-07,000858,11:14:12,93.0100,17,1
2026-05-07,000858,11:14:15,93.0200,14,1
2026-05-07,000858,11:14:18,93.0200,21,1
2026-05-07,000858,11:14:21,93.0100,15,2
2026-05-07,000858,11:14:24,93.0300,70,1
2026-05-07,000858,11:14:27,93.0300,13,2
2026-05-07,000858,11:14:30,93.0300,77,2
2026-05-07,000858,11:14:33,93.0300,74,2
2026-05-07,000858,11:14:36,93.0000,15,2
2026-05-07,000858,11:14:39,93.0400,63,1
2026-05-07,000858,11:14:42,93.0300,32,1
2026-05-07,000858,11:14:45,93.0300,2,1
2026-05-07,000858,11:14:48,93.0000,44,2
2026-05-07,000858,11:14:51,93.0000,26,1
2026-05-07,000858,11:14:54,92.9900,34,4
2026-05-07,000858,11:14:57,92.9900,67,1
2026-05-07,000858,11:15:00,92.9900,14,1
2026-05-07,000858,11:15:03,92.9900,6,2
2026-05-07,000858,11:15:06,92.9900,5,2
2026-05-07,000858,11:15:09,93.0000,15,1
2026-05-07,000858,11:15:12,93.0000,12,1
2026-05-07,000858,11:15:15,93.0000,25,2
2026-05-07,000858,11:15:18,92.9900,10,2
2026-05-07,000858,11:15:21,93.0000,18,1
2026-05-07,000858,11:15:24,93.0000,48,1
2026-05-07,000858,11:15:27,93.0000,59,1
2026-05-07,000858,11:15:30,93.0000,6,2
2026-05-07,000858,11:15:33,93.0100,42,1
2026-05-07,000858,11:15:36,93.0100,25,2
2026-05-07,000858,11:15:39,93.0000,5,2
2026-05-07,000858,11:15:42,93.0100,46,1
2026-05-07,000858,11:15:45,93.0100,101,2
2026-05-07,000858,11:15:48,93.0100,14,1
2026-05-07,000858,11:15:51,93.0000,16,2
2026-05-07,000858,11:15:54,93.0000,14,2
2026-05-07,000858,11:15:57,93.0100,34,1
2026-05-07,000858,11:16:00,93.0000,17,2
2026-05-07,000858,11:16:03,93.0000,284,2
2026-05-07,000858,11:16:06,93.0000,24,1
2026-05-07,000858,11:16:09,93.0000,23,1
2026-05-07,000858,11:16:12,93.0000,22,1
2026-05-07,000858,11:16:15,93.0000,83,1
2026-05-07,000858,11:16:18,93.0000,27,1
2026-05-07,000858,11:16:21,93.0000,25,1
2026-05-07,000858,11:16:24,93.0000,48,1
2026-05-07,000858,11:16:27,92.9900,67,2
2026-05-07,000858,11:16:30,92.9900,6,1
2026-05-07,000858,11:16:33,92.9900,132,1
2026-05-07,000858,11:16:36,92.9800,17,2
2026-05-07,000858,11:16:39,92.9700,37,2
2026-05-07,000858,11:16:42,92.9700,4,2
2026-05-07,000858,11:16:45,92.9900,6,2
2026-05-07,000858,11:16:48,92.9900,18,1
2026-05-07,000858,11:16:51,92.9800,6,4
2026-05-07,000858,11:16:54,92.9800,63,2
2026-05-07,000858,11:16:57,92.9800,28,1
2026-05-07,000858,11:17:00,92.9800,34,1
2026-05-07,000858,11:17:03,92.9700,71,2
2026-05-07,000858,11:17:06,92.9700,34,2
2026-05-07,000858,11:17:09,92.9800,42,4
2026-05-07,000858,11:17:12,92.9500,175,2
2026-05-07,000858,11:17:15,92.9400,27,2
2026-05-07,000858,11:17:18,92.9500,11,1
2026-05-07,000858,11:17:21,92.9400,9,2
2026-05-07,000858,11:17:24,92.9400,3,1
2026-05-07,000858,11:17:27,92.9500,12,1
2026-05-07,000858,11:17:30,92.9300,21,2
2026-05-07,000858,11:17:33,92.9400,5,1
2026-05-07,000858,11:17:36,92.9400,31,1
2026-05-07,000858,11:17:39,92.9500,26,1
2026-05-07,000858,11:17:42,92.9400,23,2
2026-05-07,000858,11:17:45,92.9500,16,1
2026-05-07,000858,11:17:48,92.9400,19,2
2026-05-07,000858,11:17:51,92.9500,133,1
2026-05-07,000858,11:17:54,92.9400,8,2
2026-05-07,000858,11:17:57,92.9400,20,2
2026-05-07,000858,11:18:00,92.9400,53,2
2026-05-07,000858,11:18:03,92.9400,18,1
2026-05-07,000858,11:18:06,92.9400,25,1
2026-05-07,000858,11:18:09,92.9500,6,1
2026-05-07,000858,11:18:12,92.9500,33,1
2026-05-07,000858,11:18:15,92.9400,21,2
2026-05-07,000858,11:18:18,92.9500,13,1
2026-05-07,000858,11:18:21,92.9400,30,1
2026-05-07,000858,11:18:24,92.9500,22,1
2026-05-07,000858,11:18:27,92.9400,3,2
2026-05-07,000858,11:18:30,92.9500,13,1
2026-05-07,000858,11:18:33,92.9300,84,2
2026-05-07,000858,11:18:36,92.9500,61,1
2026-05-07,000858,11:18:39,92.9300,19,2
2026-05-07,000858,11:18:42,92.9300,18,2
2026-05-07,000858,11:18:45,92.9300,274,2
2026-05-07,000858,11:18:48,92.9300,13,2
2026-05-07,000858,11:18:51,92.9300,5,2
2026-05-07,000858,11:18:54,92.9400,40,1
2026-05-07,000858,11:18:57,92.9300,22,1
2026-05-07,000858,11:19:00,92.9200,22,2
2026-05-07,000858,11:19:03,92.9300,7,1
2026-05-07,000858,11:19:06,92.9300,8,1
2026-05-07,000858,11:19:09,92.9200,27,2
2026-05-07,000858,11:19:12,92.9200,57,2
2026-05-07,000858,11:19:15,92.9200,16,2
2026-05-07,000858,11:19:18,92.9200,12,2
2026-05-07,000858,11:19:21,92.9200,22,2
2026-05-07,000858,11:19:24,92.9200,55,2
2026-05-07,000858,11:19:27,92.9200,10,1
2026-05-07,000858,11:19:30,92.9200,23,1
2026-05-07,000858,11:19:33,92.9200,106,1
2026-05-07,000858,11:19:36,92.9100,2,2
2026-05-07,000858,11:19:39,92.9100,63,2
2026-05-07,000858,11:19:42,92.9100,34,2
2026-05-07,000858,11:19:45,92.9200,40,1
2026-05-07,000858,11:19:48,92.9200,10,1
2026-05-07,000858,11:19:51,92.9200,29,1
2026-05-07,000858,11:19:54,92.9100,13,2
2026-05-07,000858,11:19:57,92.9200,16,1
2026-05-07,000858,11:20:00,92.9200,36,1
2026-05-07,000858,11:20:03,92.9200,14,1
2026-05-07,000858,11:20:06,92.9200,27,1
2026-05-07,000858,11:20:09,92.9200,14,1
2026-05-07,000858,11:20:12,92.9100,48,2
2026-05-07,000858,11:20:15,92.9200,29,1
2026-05-07,000858,11:20:18,92.9100,18,2
2026-05-07,000858,11:20:21,92.9200,220,1
2026-05-07,000858,11:20:24,92.9200,29,2
2026-05-07,000858,11:20:27,92.9200,224,2
2026-05-07,000858,11:20:30,92.9300,32,1
2026-05-07,000858,11:20:33,92.9300,20,1
2026-05-07,000858,11:20:36,92.9200,10,2
2026-05-07,000858,11:20:39,92.9200,138,2
2026-05-07,000858,11:20:42,92.9300,23,1
2026-05-07,000858,11:20:45,92.9300,19,1
2026-05-07,000858,11:20:48,92.9300,27,2
2026-05-07,000858,11:20:51,92.9400,53,1
2026-05-07,000858,11:20:54,92.9200,16,2
2026-05-07,000858,11:20:57,92.9200,20,2
2026-05-07,000858,11:21:00,92.9400,3,1
2026-05-07,000858,11:21:03,92.9400,31,1
2026-05-07,000858,11:21:06,92.9300,11,2
2026-05-07,000858,11:21:09,92.9400,34,1
2026-05-07,000858,11:21:12,92.9400,55,1
2026-05-07,000858,11:21:15,92.9400,38,4
2026-05-07,000858,11:21:18,92.9300,21,2
2026-05-07,000858,11:21:21,92.9300,350,2
2026-05-07,000858,11:21:24,92.9300,276,1
2026-05-07,000858,11:21:27,92.9200,18,4
2026-05-07,000858,11:21:30,92.9200,18,1
