date,code,time,price,volume,bs
2026-05-29,601012,14:07:03,13.9700,263,1
2026-05-29,601012,14:07:06,13.9600,4222,2
2026-05-29,601012,14:07:09,13.9600,219,1
2026-05-29,601012,14:07:12,13.9600,151,1
2026-05-29,601012,14:07:15,13.9600,474,1
2026-05-29,601012,14:07:18,13.9500,955,2
2026-05-29,601012,14:07:21,13.9600,1141,1
2026-05-29,601012,14:07:24,13.9500,70,2
2026-05-29,601012,14:07:27,13.9600,145,1
2026-05-29,601012,14:07:30,13.9600,134,1
2026-05-29,601012,14:07:33,13.9600,86,1
2026-05-29,601012,14:07:36,13.9500,2833,2
2026-05-29,601012,14:07:39,13.9500,414,1
2026-05-29,601012,14:07:42,13.9500,401,1
2026-05-29,601012,14:07:45,13.9500,357,1
2026-05-29,601012,14:07:48,13.9400,180,2
2026-05-29,601012,14:07:51,13.9400,120,2
2026-05-29,601012,14:07:54,13.9400,92,2
2026-05-29,601012,14:07:57,13.9400,124,2
2026-05-29,601012,14:08:00,13.9400,704,2
2026-05-29,601012,14:08:03,13.9500,504,1
2026-05-29,601012,14:08:06,13.9500,265,1
2026-05-29,601012,14:08:09,13.9500,660,1
2026-05-29,601012,14:08:12,13.9500,246,1
2026-05-29,601012,14:08:15,13.9500,151,1
2026-05-29,601012,14:08:18,13.9500,585,1
2026-05-29,601012,14:08:21,13.9500,188,1
2026-05-29,601012,14:08:24,13.9400,247,2
2026-05-29,601012,14:08:27,13.9500,270,1
2026-05-29,601012,14:08:30,13.9500,362,1
2026-05-29,601012,14:08:33,13.9500,197,1
2026-05-29,601012,14:08:36,13.9500,168,1
2026-05-29,601012,14:08:39,13.9500,220,2
2026-05-29,601012,14:08:42,13.9600,273,1
2026-05-29,601012,14:08:45,13.9600,963,1
2026-05-29,601012,14:08:48,13.9600,111,2
2026-05-29,601012,14:08:51,13.9700,406,1
2026-05-29,601012,14:08:54,13.9700,196,1
2026-05-29,601012,14:08:57,13.9700,68,1
2026-05-29,601012,14:09:00,13.9700,175,1
2026-05-29,601012,14:09:03,13.9600,320,2
2026-05-29,601012,14:09:06,13.9700,204,1
2026-05-29,601012,14:09:09,13.9600,117,2
2026-05-29,601012,14:09:12,13.9700,139,1
2026-05-29,601012,14:09:15,13.9600,96,2
2026-05-29,601012,14:09:18,13.9700,104,1
2026-05-29,601012,14:09:21,13.9700,397,1
2026-05-29,601012,14:09:24,13.9700,28,1
2026-05-29,601012,14:09:27,13.9700,114,1
2026-05-29,601012,14:09:30,13.9700,169,1
2026-05-29,601012,14:09:33,13.9700,131,1
2026-05-29,601012,14:09:36,13.9700,268,1
2026-05-29,601012,14:09:39,13.9700,943,1
2026-05-29,601012,14:09:42,13.9800,161,1
2026-05-29,601012,14:09:45,13.9800,50,1
2026-05-29,601012,14:09:48,13.9800,38,1
2026-05-29,601012,14:09:51,13.9700,670,2
2026-05-29,601012,14:09:54,13.9700,125,2
2026-05-29,601012,14:09:57,13.9600,1471,2
2026-05-29,601012,14:10:00,13.9600,261,2
2026-05-29,601012,14:10:03,13.9600,431,1
2026-05-29,601012,14:10:06,13.9600,141,4
2026-05-29,601012,14:10:09,13.9600,91,1
2026-05-29,601012,14:10:12,13.9600,199,1
2026-05-29,601012,14:10:15,13.9600,159,2
2026-05-29,601012,14:10:18,13.9600,170,1
2026-05-29,601012,14:10:21,13.9500,343,2
2026-05-29,601012,14:10:24,13.9600,113,1
2026-05-29,601012,14:10:27,13.9500,298,2
2026-05-29,601012,14:10:30,13.9600,25,1
2026-05-29,601012,14:10:33,13.9600,171,1
2026-05-29,601012,14:10:36,13.9600,414,1
2026-05-29,601012,14:10:39,13.9600,250,1
2026-05-29,601012,14:10:42,13.9600,789,1
2026-05-29,601012,14:10:45,13.9500,100,2
2026-05-29,601012,14:10:48,13.9600,26,1
2026-05-29,601012,14:10:51,13.9600,49,1
2026-05-29,601012,14:10:54,13.9600,54,1
2026-05-29,601012,14:10:57,13.9600,99,1
2026-05-29,601012,14:11:00,13.9600,160,1
2026-05-29,601012,14:11:03,13.9600,56,2
2026-05-29,601012,14:11:06,13.9600,85,2
2026-05-29,601012,14:11:09,13.9700,85,1
2026-05-29,601012,14:11:12,13.9700,41,1
2026-05-29,601012,14:11:15,13.9700,84,1
2026-05-29,601012,14:11:18,13.9700,694,1
2026-05-29,601012,14:11:21,13.9800,75,1
2026-05-29,601012,14:11:24,13.9700,67,2
2026-05-29,601012,14:11:27,13.9700,202,2
2026-05-29,601012,14:11:30,13.9700,49,2
2026-05-29,601012,14:11:33,13.9800,153,1
2026-05-29,601012,14:11:36,13.9800,206,1
2026-05-29,601012,14:11:39,13.9800,86,1
2026-05-29,601012,14:11:42,13.9700,241,2
2026-05-29,601012,14:11:45,13.9800,93,1
2026-05-29,601012,14:11:48,13.9800,95,1
2026-05-29,601012,14:11:51,13.9900,124,1
2026-05-29,601012,14:11:54,13.9900,2483,1
2026-05-29,601012,14:11:57,13.9900,123,2
2026-05-29,601012,14:12:00,13.9800,185,2
2026-05-29,601012,14:12:03,13.9900,218,1
2026-05-29,601012,14:12:06,13.9700,844,2
2026-05-29,601012,14:12:09,13.9800,137,1
2026-05-29,601012,14:12:12,13.9700,315,2
2026-05-29,601012,14:12:15,13.9700,365,2
2026-05-29,601012,14:12:18,13.9800,56,1
2026-05-29,601012,14:12:21,13.9800,116,2
2026-05-29,601012,14:12:24,13.9900,45,1
2026-05-29,601012,14:12:27,13.9900,312,1
2026-05-29,601012,14:12:30,13.9800,300,2
2026-05-29,601012,14:12:33,13.9800,121,1
2026-05-29,601012,14:12:36,13.9800,979,2
2026-05-29,601012,14:12:39,13.9600,570,2
2026-05-29,601012,14:12:42,13.9600,208,2
2026-05-29,601012,14:12:45,13.9600,1717,2
2026-05-29,601012,14:12:48,13.9600,197,2
2026-05-29,601012,14:12:51,13.9700,126,1
2026-05-29,601012,14:12:54,13.9600,379,2
2026-05-29,601012,14:12:57,13.9600,204,1
2026-05-29,601012,14:13:00,13.9600,105,1
2026-05-29,601012,14:13:03,13.9600,391,1
2026-05-29,601012,14:13:06,13.9600,112,1
2026-05-29,601012,14:13:09,13.9700,397,1
2026-05-29,601012,14:13:12,13.9600,512,2
2026-05-29,601012,14:13:15,13.9500,130,2
2026-05-29,601012,14:13:18,13.9600,192,1
2026-05-29,601012,14:13:21,13.9600,79,1
2026-05-29,601012,14:13:24,13.9600,150,1
2026-05-29,601012,14:13:27,13.9500,179,2
2026-05-29,601012,14:13:30,13.9600,225,1
2026-05-29,601012,14:13:33,13.9600,70,2
2026-05-29,601012,14:13:36,13.9700,101,1
2026-05-29,601012,14:13:39,13.9600,245,2
2026-05-29,601012,14:13:42,13.9600,1123,2
2026-05-29,601012,14:13:45,13.9600,62,2
2026-05-29,601012,14:13:48,13.9700,144,1
2026-05-29,601012,14:13:51,13.9700,130,1
2026-05-29,601012,14:13:54,13.9700,24,1
2026-05-29,601012,14:13:57,13.9700,59,1
2026-05-29,601012,14:14:00,13.9700,233,1
2026-05-29,601012,14:14:03,13.9700,323,1
2026-05-29,601012,14:14:06,13.9700,209,2
2026-05-29,601012,14:14:09,13.9700,88,2
2026-05-29,601012,14:14:12,13.9700,73,1
2026-05-29,601012,14:14:15,13.9700,165,1
2026-05-29,601012,14:14:18,13.9700,113,1
2026-05-29,601012,14:14:21,13.9700,172,1
2026-05-29,601012,14:14:24,13.9700,159,1
2026-05-29,601012,14:14:27,13.9700,149,1
2026-05-29,601012,14:14:30,13.9600,102,2
2026-05-29,601012,14:14:33,13.9700,67,1
2026-05-29,601012,14:14:36,13.9700,48,1
2026-05-29,601012,14:14:39,13.9700,85,1
2026-05-29,601012,14:14:42,13.9700,491,1
2026-05-29,601012,14:14:45,13.9700,41,1
2026-05-29,601012,14:14:48,13.9700,22,1
2026-05-29,601012,14:14:51,13.9600,124,2
2026-05-29,601012,14:14:54,13.9700,2442,1
2026-05-29,601012,14:14:57,13.9700,276,1
2026-05-29,601012,14:15:00,13.9700,542,1
2026-05-29,601012,14:15:03,13.9600,114,2
2026-05-29,601012,14:15:06,13.9600,29,2
2026-05-29,601012,14:15:09,13.9700,59,1
2026-05-29,601012,14:15:12,13.9600,142,2
2026-05-29,601012,14:15:15,13.9600,284,2
2026-05-29,601012,14:15:18,13.9600,165,1
2026-05-29,601012,14:15:21,13.9600,38,1
2026-05-29,601012,14:15:24,13.9600,33,1
2026-05-29,601012,14:15:27,13.9600,273,1
2026-05-29,601012,14:15:30,13.9600,333,1
2026-05-29,601012,14:15:33,13.9600,34,1
2026-05-29,601012,14:15:36,13.9600,83,1
2026-05-29,601012,14:15:39,13.9600,89,1
2026-05-29,601012,14:15:42,13.9600,158,1
2026-05-29,601012,14:15:45,13.9500,143,2
2026-05-29,601012,14:15:48,13.9500,2783,2
2026-05-29,601012,14:15:51,13.9500,12,1
2026-05-29,601012,14:15:54,13.9400,346,2
2026-05-29,601012,14:15:57,13.9500,119,1
2026-05-29,601012,14:16:00,13.9400,71,2
2026-05-29,601012,14:16:03,13.9400,471,2
2026-05-29,601012,14:16:06,13.9500,193,1
2026-05-29,601012,14:16:09,13.9500,83,1
2026-05-29,601012,14:16:12,13.9400,849,2
2026-05-29,601012,14:16:15,13.9400,280,2
2026-05-29,601012,14:16:18,13.9400,272,1
2026-05-29,601012,14:16:21,13.9400,129,1
2026-05-29,601012,14:16:24,13.9400,202,1
2026-05-29,601012,14:16:27,13.9400,217,1
2026-05-29,601012,14:16:30,13.9400,80,2
2026-05-29,601012,14:16:33,13.9500,90,1
2026-05-29,601012,14:16:36,13.9400,752,2
2026-05-29,601012,14:16:39,13.9400,76,2
2026-05-29,601012,14:16:42,13.9500,76,1
2026-05-29,601012,14:16:45,13.9400,368,2
2026-05-29,601012,14:16:48,13.9400,723,2
2026-05-29,601012,14:16:51,13.9400,2978,2
2026-05-29,601012,14:16:54,13.9300,89,2
2026-05-29,601012,14:16:57,13.9300,309,2
2026-05-29,601012,14:17:00,13.9300,176,2
2026-05-29,601012,14:17:03,13.9500,573,1
2026-05-29,601012,14:17:06,13.9400,421,2
2026-05-29,601012,14:17:09,13.9300,117,2
2026-05-29,601012,14:17:12,13.9400,85,1
2026-05-29,601012,14:17:15,13.9400,352,1
2026-05-29,601012,14:17:18,13.9400,172,1
2026-05-29,601012,14:17:21,13.9400,128,1
2026-05-29,601012,14:17:24,13.9300,120,2
2026-05-29,601012,14:17:27,13.9400,147,1
2026-05-29,601012,14:17:30,13.9400,145,1
2026-05-29,601012,14:17:33,13.9400,89,1
2026-05-29,601012,14:17:36,13.9400,275,1
2026-05-29,601012,14:17:39,13.9400,1607,1
2026-05-29,601012,14:17:42,13.9400,1434,1
2026-05-29,601012,14:17:45,13.9300,514,2
2026-05-29,601012,14:17:48,13.9300,816,2
2026-05-29,601012,14:17:51,13.9200,75,2
2026-05-29,601012,14:17:54,13.9300,149,1
2026-05-29,601012,14:17:57,13.9200,178,2
2026-05-29,601012,14:18:00,13.9300,149,1
2026-05-29,601012,14:18:03,13.9300,660,1
2026-05-29,601012,14:18:06,13.9300,343,1
2026-05-29,601012,14:18:09,13.9300,204,2
2026-05-29,601012,14:18:12,13.9300,212,2
2026-05-29,601012,14:18:15,13.9300,233,2
2026-05-29,601012,14:18:18,13.9300,669,2
2026-05-29,601012,14:18:21,13.9300,275,2
2026-05-29,601012,14:18:24,13.9300,329,2
2026-05-29,601012,14:18:27,13.9400,693,1
2026-05-29,601012,14:18:30,13.9400,82,1
2026-05-29,601012,14:18:33,13.9400,201,1
2026-05-29,601012,14:18:36,13.9400,87,1
2026-05-29,601012,14:18:39,13.9400,194,1
2026-05-29,601012,14:18:42,13.9300,61,2
2026-05-29,601012,14:18:45,13.9300,359,2
2026-05-29,601012,14:18:48,13.9400,873,1
2026-05-29,601012,14:18:51,13.9400,130,1
2026-05-29,601012,14:18:54,13.9400,132,1
2026-05-29,601012,14:18:57,13.9400,183,1
2026-05-29,601012,14:19:00,13.9400,311,1
2026-05-29,601012,14:19:03,13.9500,805,1
2026-05-29,601012,14:19:06,13.9400,102,2
2026-05-29,601012,14:19:09,13.9500,94,1
2026-05-29,601012,14:19:12,13.9500,37,1
2026-05-29,601012,14:19:15,13.9500,350,1
2026-05-29,601012,14:19:18,13.9400,1062,2
2026-05-29,601012,14:19:21,13.9400,122,1
2026-05-29,601012,14:19:24,13.9400,80,1
2026-05-29,601012,14:19:27,13.9400,256,1
2026-05-29,601012,14:19:30,13.9400,107,1
2026-05-29,601012,14:19:33,13.9400,122,2
2026-05-29,601012,14:19:36,13.9400,106,1
2026-05-29,601012,14:19:39,13.9400,151,2
2026-05-29,601012,14:19:42,13.9400,154,2
2026-05-29,601012,14:19:45,13.9300,109,2
2026-05-29,601012,14:19:48,13.9400,40,2
2026-05-29,601012,14:19:51,13.9400,63,2
2026-05-29,601012,14:19:54,13.9500,441,1
2026-05-29,601012,14:19:57,13.9500,57,1
2026-05-29,601012,14:20:00,13.9400,94,2
2026-05-29,601012,14:20:03,13.9500,87,1
2026-05-29,601012,14:20:06,13.9400,104,2
2026-05-29,601012,14:20:09,13.9500,152,1
2026-05-29,601012,14:20:12,13.9500,3183,1
2026-05-29,601012,14:20:15,13.9500,287,2
2026-05-29,601012,14:20:18,13.9500,381,2
2026-05-29,601012,14:20:21,13.9500,962,2
2026-05-29,601012,14:20:24,13.9400,432,2
2026-05-29,601012,14:20:27,13.9500,572,1
2026-05-29,601012,14:20:30,13.9400,647,2
2026-05-29,601012,14:20:33,13.9500,44,1
2026-05-29,601012,14:20:36,13.9500,214,1
2026-05-29,601012,14:20:39,13.9400,53,2
2026-05-29,601012,14:20:42,13.9500,433,1
2026-05-29,601012,14:20:45,13.9400,748,2
2026-05-29,601012,14:20:48,13.9500,80,1
2026-05-29,601012,14:20:51,13.9400,87,2
2026-05-29,601012,14:20:54,13.9400,615,1
2026-05-29,601012,14:20:57,13.9400,292,2
2026-05-29,601012,14:21:00,13.9300,83,2
2026-05-29,601012,14:21:03,13.9300,77,2
2026-05-29,601012,14:21:06,13.9400,145,1
2026-05-29,601012,14:21:09,13.9400,144,1
2026-05-29,601012,14:21:12,13.9400,232,1
2026-05-29,601012,14:21:15,13.9300,112,2
2026-05-29,601012,14:21:18,13.9300,387,2
2026-05-29,601012,14:21:21,13.9300,265,2
2026-05-29,601012,14:21:24,13.9400,119,1
2026-05-29,601012,14:21:27,13.9400,133,1
2026-05-29,601012,14:21:30,13.9400,110,1
2026-05-29,601012,14:21:33,13.9400,223,1
2026-05-29,601012,14:21:36,13.9300,138,2
2026-05-29,601012,14:21:39,13.9300,320,2
2026-05-29,601012,14:21:42,13.9300,129,2
2026-05-29,601012,14:21:45,13.9400,105,1
2026-05-29,601012,14:21:48,13.9300,397,2
2026-05-29,601012,14:21:51,13.9400,63,1
2026-05-29,601012,14:21:54,13.9400,49,1
2026-05-29,601012,14:21:57,13.9400,134,1
2026-05-29,601012,14:22:00,13.9400,467,1
2026-05-29,601012,14:22:03,13.9300,2031,2
2026-05-29,601012,14:22:06,13.9300,327,1
2026-05-29,601012,14:22:09,13.9300,51,1
2026-05-29,601012,14:22:12,13.9300,109,1
2026-05-29,601012,14:22:15,13.9300,138,1
2026-05-29,601012,14:22:18,13.9300,197,1
2026-05-29,601012,14:22:21,13.9300,87,1
2026-05-29,601012,14:22:24,13.9300,56,1
2026-05-29,601012,14:22:27,13.9200,140,2
2026-05-29,601012,14:22:30,13.9300,31,1
2026-05-29,601012,14:22:33,13.9200,342,2
2026-05-29,601012,14:22:36,13.9200,439,2
2026-05-29,601012,14:22:39,13.9200,284,2
2026-05-29,601012,14:22:42,13.9200,4027,2
2026-05-29,601012,14:22:45,13.9200,275,1
2026-05-29,601012,14:22:48,13.9200,85,1
2026-05-29,601012,14:22:51,13.9200,108,1
2026-05-29,601012,14:22:54,13.9100,256,2
2026-05-29,601012,14:22:57,13.9200,251,1
2026-05-29,601012,14:23:00,13.9100,1597,2
2026-05-29,601012,14:23:03,13.9200,416,1
2026-05-29,601012,14:23:06,13.9200,232,1
2026-05-29,601012,14:23:09,13.9200,95,2
2026-05-29,601012,14:23:12,13.9200,104,2
2026-05-29,601012,14:23:15,13.9200,618,2
2026-05-29,601012,14:23:18,13.9300,1388,1
2026-05-29,601012,14:23:21,13.9300,154,2
2026-05-29,601012,14:23:24,13.9300,2,2
2026-05-29,601012,14:23:27,13.9400,717,1
2026-05-29,601012,14:23:30,13.9500,86,1
2026-05-29,601012,14:23:33,13.9400,169,2
2026-05-29,601012,14:23:36,13.9500,117,1
2026-05-29,601012,14:23:39,13.9400,329,2
2026-05-29,601012,14:23:42,13.9500,103,1
2026-05-29,601012,14:23:45,13.9400,74,2
2026-05-29,601012,14:23:48,13.9500,1478,1
2026-05-29,601012,14:23:51,13.9500,167,2
2026-05-29,601012,14:23:54,13.9500,44,2
2026-05-29,601012,14:23:57,13.9600,215,1
2026-05-29,601012,14:24:00,13.9500,282,2
2026-05-29,601012,14:24:03,13.9600,116,1
2026-05-29,601012,14:24:06,13.9500,62,4
2026-05-29,601012,14:24:09,13.9500,218,1
2026-05-29,601012,14:24:12,13.9500,100,2
2026-05-29,601012,14:24:15,13.9500,47,2
2026-05-29,601012,14:24:18,13.9600,14,1
2026-05-29,601012,14:24:21,13.9600,56,1
2026-05-29,601012,14:24:24,13.9600,26,1
2026-05-29,601012,14:24:27,13.9500,786,2
2026-05-29,601012,14:24:30,13.9500,200,1
2026-05-29,601012,14:24:33,13.9500,232,1
2026-05-29,601012,14:24:36,13.9400,624,2
2026-05-29,601012,14:24:39,13.9400,33,1
2026-05-29,601012,14:24:42,13.9400,20,1
2026-05-29,601012,14:24:45,13.9300,829,2
2026-05-29,601012,14:24:48,13.9300,115,1
2026-05-29,601012,14:24:51,13.9300,104,1
2026-05-29,601012,14:24:54,13.9300,106,1
2026-05-29,601012,14:24:57,13.9300,47,2
2026-05-29,601012,14:25:00,13.9300,101,2
2026-05-29,601012,14:25:03,13.9400,254,1
2026-05-29,601012,14:25:06,13.9400,149,2
2026-05-29,601012,14:25:09,13.9500,525,1
2026-05-29,601012,14:25:12,13.9500,69,2
2026-05-29,601012,14:25:15,13.9400,159,2
2026-05-29,601012,14:25:18,13.9500,68,1
2026-05-29,601012,14:25:21,13.9500,227,1
2026-05-29,601012,14:25:24,13.9500,93,1
2026-05-29,601012,14:25:27,13.9500,225,1
2026-05-29,601012,14:25:30,13.9500,133,1
2026-05-29,601012,14:25:33,13.9500,158,1
2026-05-29,601012,14:25:36,13.9500,285,1
2026-05-29,601012,14:25:39,13.9600,32,1
2026-05-29,601012,14:25:42,13.9600,50,1
2026-05-29,601012,14:25:45,13.9600,121,1
2026-05-29,601012,14:25:48,13.9500,330,2
2026-05-29,601012,14:25:51,13.9600,472,1
2026-05-29,601012,14:25:54,13.9500,141,2
2026-05-29,601012,14:25:57,13.9500,195,1
2026-05-29,601012,14:26:00,13.9500,78,1
2026-05-29,601012,14:26:03,13.9500,211,1
2026-05-29,601012,14:26:06,13.9400,243,2
2026-05-29,601012,14:26:09,13.9400,789,2
2026-05-29,601012,14:26:12,13.9500,124,1
2026-05-29,601012,14:26:15,13.9500,49,1
2026-05-29,601012,14:26:18,13.9500,36,1
2026-05-29,601012,14:26:21,13.9500,39,1
2026-05-29,601012,14:26:24,13.9400,126,2
2026-05-29,601012,14:26:27,13.9400,102,2
2026-05-29,601012,14:26:30,13.9500,101,1
2026-05-29,601012,14:26:33,13.9500,58,1
2026-05-29,601012,14:26:36,13.9400,293,2
2026-05-29,601012,14:26:39,13.9400,1188,2
2026-05-29,601012,14:26:42,13.9400,113,2
2026-05-29,601012,14:26:45,13.9500,89,1
2026-05-29,601012,14:26:48,13.9300,177,2
2026-05-29,601012,14:26:51,13.9300,31,2
2026-05-29,601012,14:26:54,13.9300,82,2
2026-05-29,601012,14:26:57,13.9300,2264,2
2026-05-29,601012,14:27:00,13.9300,2120,2
2026-05-29,601012,14:27:03,13.9300,136,1
2026-05-29,601012,14:27:06,13.9200,119,2
2026-05-29,601012,14:27:09,13.9200,1661,2
2026-05-29,601012,14:27:12,13.9200,60,1
2026-05-29,601012,14:27:15,13.9300,356,1
2026-05-29,601012,14:27:18,13.9300,286,1
2026-05-29,601012,14:27:21,13.9200,362,2
2026-05-29,601012,14:27:24,13.9200,318,2
2026-05-29,601012,14:27:27,13.9400,803,1
2026-05-29,601012,14:27:30,13.9200,66,2
2026-05-29,601012,14:27:33,13.9200,25,2
2026-05-29,601012,14:27:36,13.9200,19,2
2026-05-29,601012,14:27:39,13.9300,22,1
2026-05-29,601012,14:27:42,13.9300,873,1
2026-05-29,601012,14:27:45,13.9400,730,1
2026-05-29,601012,14:27:48,13.9300,47,2
2026-05-29,601012,14:27:51,13.9300,143,2
2026-05-29,601012,14:27:54,13.9300,163,2
2026-05-29,601012,14:27:57,13.9300,194,2
2026-05-29,601012,14:28:00,13.9300,153,2
2026-05-29,601012,14:28:03,13.9300,123,2
2026-05-29,601012,14:28:06,13.9400,606,1
2026-05-29,601012,14:28:09,13.9300,158,2
2026-05-29,601012,14:28:12,13.9400,136,1
2026-05-29,601012,14:28:15,13.9400,49,1
2026-05-29,601012,14:28:18,13.9400,115,1
2026-05-29,601012,14:28:21,13.9400,79,1
2026-05-29,601012,14:28:24,13.9400,86,1
2026-05-29,601012,14:28:27,13.9400,306,1
2026-05-29,601012,14:28:30,13.9300,478,2
2026-05-29,601012,14:28:33,13.9300,391,1
2026-05-29,601012,14:28:36,13.9300,114,2
2026-05-29,601012,14:28:39,13.9300,19,2
2026-05-29,601012,14:28:42,13.9400,234,1
2026-05-29,601012,14:28:45,13.9300,151,2
2026-05-29,601012,14:28:48,13.9300,132,2
2026-05-29,601012,14:28:51,13.9500,836,1
2026-05-29,601012,14:28:54,13.9500,87,1
2026-05-29,601012,14:28:57,13.9500,758,1
2026-05-29,601012,14:29:00,13.9500,240,2
2026-05-29,601012,14:29:03,13.9500,49,4
2026-05-29,601012,14:29:06,13.9400,218,2
2026-05-29,601012,14:29:09,13.9400,589,2
2026-05-29,601012,14:29:12,13.9400,34,2
2026-05-29,601012,14:29:15,13.9400,37,2
2026-05-29,601012,14:29:18,13.9500,71,1
2026-05-29,601012,14:29:21,13.9400,24,2
2026-05-29,601012,14:29:24,13.9500,77,1
2026-05-29,601012,14:29:27,13.9400,113,2
2026-05-29,601012,14:29:30,13.9500,64,1
2026-05-29,601012,14:29:33,13.9500,105,1
2026-05-29,601012,14:29:36,13.9500,1063,1
2026-05-29,601012,14:29:39,13.9500,132,1
2026-05-29,601012,14:29:45,13.9500,160,1
2026-05-29,601012,14:29:48,13.9500,103,1
2026-05-29,601012,14:29:51,13.9500,97,1
2026-05-29,601012,14:29:54,13.9500,41,1
2026-05-29,601012,14:29:57,13.9500,158,1
2026-05-29,601012,14:30:00,13.9500,90,1
2026-05-29,601012,14:30:03,13.9600,1635,1
2026-05-29,601012,14:30:06,13.9600,84,2
2026-05-29,601012,14:30:09,13.9600,652,2
2026-05-29,601012,14:30:12,13.9700,142,1
2026-05-29,601012,14:30:15,13.9600,131,4
2026-05-29,601012,14:30:18,13.9600,262,1
2026-05-29,601012,14:30:21,13.9600,263,1
2026-05-29,601012,14:30:24,13.9600,618,1
2026-05-29,601012,14:30:27,13.9600,44,1
2026-05-29,601012,14:30:30,13.9600,188,1
2026-05-29,601012,14:30:33,13.9500,443,2
2026-05-29,601012,14:30:36,13.9500,295,1
2026-05-29,601012,14:30:39,13.9500,65,1
2026-05-29,601012,14:30:42,13.9500,189,1
2026-05-29,601012,14:30:45,13.9500,78,1
2026-05-29,601012,14:30:48,13.9500,65,2
2026-05-29,601012,14:30:51,13.9500,178,2
2026-05-29,601012,14:30:54,13.9500,142,2
2026-05-29,601012,14:30:57,13.9500,95,1
2026-05-29,601012,14:31:00,13.9400,305,2
2026-05-29,601012,14:31:03,13.9500,119,1
2026-05-29,601012,14:31:06,13.9500,174,2
2026-05-29,601012,14:31:09,13.9400,39,2
2026-05-29,601012,14:31:12,13.9500,26,1
2026-05-29,601012,14:31:15,13.9500,44,1
2026-05-29,601012,14:31:18,13.9400,180,2
2026-05-29,601012,14:31:21,13.9400,54,2
2026-05-29,601012,14:31:24,13.9500,147,1
2026-05-29,601012,14:31:27,13.9400,1595,2
2026-05-29,601012,14:31:30,13.9300,383,2
2026-05-29,601012,14:31:33,13.9400,59,1
2026-05-29,601012,14:31:36,13.9300,88,2
2026-05-29,601012,14:31:39,13.9400,499,1
2026-05-29,601012,14:31:42,13.9400,51,1
2026-05-29,601012,14:31:45,13.9300,89,2
2026-05-29,601012,14:31:48,13.9400,93,1
2026-05-29,601012,14:31:51,13.9300,138,2
2026-05-29,601012,14:31:54,13.9300,664,2
2026-05-29,601012,14:31:57,13.9400,55,1
2026-05-29,601012,14:32:00,13.9400,378,1
2026-05-29,601012,14:32:03,13.9300,147,2
2026-05-29,601012,14:32:06,13.9400,69,1
2026-05-29,601012,14:32:09,13.9400,218,1
2026-05-29,601012,14:32:12,13.9400,245,1
2026-05-29,601012,14:32:15,13.9400,74,1
2026-05-29,601012,14:32:18,13.9400,171,1
2026-05-29,601012,14:32:21,13.9400,40,1
2026-05-29,601012,14:32:24,13.9400,184,1
2026-05-29,601012,14:32:27,13.9400,359,1
2026-05-29,601012,14:32:30,13.9300,140,2
2026-05-29,601012,14:32:33,13.9300,136,2
2026-05-29,601012,14:32:36,13.9300,202,2
2026-05-29,601012,14:32:39,13.9300,96,2
2026-05-29,601012,14:32:42,13.9500,427,1
2026-05-29,601012,14:32:45,13.9400,192,2
2026-05-29,601012,14:32:48,13.9500,92,1
2026-05-29,601012,14:32:51,13.9500,68,1
2026-05-29,601012,14:32:54,13.9500,42,1
2026-05-29,601012,14:32:57,13.9500,86,1
2026-05-29,601012,14:33:00,13.9500,724,1
2026-05-29,601012,14:33:03,13.9500,425,2
2026-05-29,601012,14:33:06,13.9600,85,1
2026-05-29,601012,14:33:09,13.9600,41,1
2026-05-29,601012,14:33:12,13.9600,44,1
2026-05-29,601012,14:33:15,13.9600,16,1
2026-05-29,601012,14:33:18,13.9400,304,2
2026-05-29,601012,14:33:21,13.9500,33,1
2026-05-29,601012,14:33:24,13.9500,14,1
2026-05-29,601012,14:33:27,13.9500,78,1
2026-05-29,601012,14:33:30,13.9500,280,1
2026-05-29,601012,14:33:33,13.9600,152,1
2026-05-29,601012,14:33:36,13.9500,145,2
2026-05-29,601012,14:33:39,13.9600,292,1
2026-05-29,601012,14:33:42,13.9600,588,1
2026-05-29,601012,14:33:45,13.9600,197,1
2026-05-29,601012,14:33:48,13.9600,84,1
2026-05-29,601012,14:33:51,13.9600,141,1
2026-05-29,601012,14:33:54,13.9500,1006,2
2026-05-29,601012,14:33:57,13.9500,162,1
2026-05-29,601012,14:34:00,13.9500,1145,1
2026-05-29,601012,14:34:03,13.9500,100,2
2026-05-29,601012,14:34:06,13.9500,146,2
2026-05-29,601012,14:34:09,13.9600,32,4
2026-05-29,601012,14:34:12,13.9600,477,1
2026-05-29,601012,14:34:15,13.9600,32,2
2026-05-29,601012,14:34:18,13.9500,371,2
2026-05-29,601012,14:34:21,13.9600,56,4
2026-05-29,601012,14:34:24,13.9600,586,1
2026-05-29,601012,14:34:27,13.9600,55,2
2026-05-29,601012,14:34:30,13.9600,149,2
2026-05-29,601012,14:34:33,13.9600,122,1
2026-05-29,601012,14:34:36,13.9600,37,2
2026-05-29,601012,14:34:39,13.9600,30,2
2026-05-29,601012,14:34:42,13.9700,89,1
2026-05-29,601012,14:34:45,13.9600,98,2
2026-05-29,601012,14:34:48,13.9600,205,2
2026-05-29,601012,14:34:51,13.9700,75,1
2026-05-29,601012,14:34:54,13.9600,651,2
2026-05-29,601012,14:34:57,13.9600,179,1
2026-05-29,601012,14:35:00,13.9500,457,2
2026-05-29,601012,14:35:03,13.9600,261,1
2026-05-29,601012,14:35:06,13.9600,238,1
2026-05-29,601012,14:35:09,13.9600,162,1
2026-05-29,601012,14:35:12,13.9600,38,2
2026-05-29,601012,14:35:15,13.9600,41,2
2026-05-29,601012,14:35:18,13.9600,84,2
2026-05-29,601012,14:35:21,13.9600,410,2
2026-05-29,601012,14:35:24,13.9600,73,1
2026-05-29,601012,14:35:27,13.9600,130,1
2026-05-29,601012,14:35:30,13.9400,1237,2
2026-05-29,601012,14:35:33,13.9400,354,2
2026-05-29,601012,14:35:36,13.9400,1754,2
2026-05-29,601012,14:35:39,13.9500,527,1
2026-05-29,601012,14:35:42,13.9300,214,2
2026-05-29,601012,14:35:45,13.9400,58,1
2026-05-29,601012,14:35:48,13.9400,17,1
2026-05-29,601012,14:35:51,13.9400,151,1
2026-05-29,601012,14:35:54,13.9400,515,2
2026-05-29,601012,14:35:57,13.9400,334,1
2026-05-29,601012,14:36:00,13.9400,84,1
2026-05-29,601012,14:36:03,13.9400,228,1
2026-05-29,601012,14:36:06,13.9400,101,1
2026-05-29,601012,14:36:09,13.9400,159,1
2026-05-29,601012,14:36:12,13.9300,102,2
2026-05-29,601012,14:36:15,13.9400,192,1
2026-05-29,601012,14:36:18,13.9400,105,1
2026-05-29,601012,14:36:21,13.9300,185,2
2026-05-29,601012,14:36:24,13.9400,59,1
2026-05-29,601012,14:36:27,13.9400,305,1
2026-05-29,601012,14:36:30,13.9400,54,1
2026-05-29,601012,14:36:33,13.9400,142,1
2026-05-29,601012,14:36:36,13.9400,164,1
2026-05-29,601012,14:36:39,13.9400,143,1
2026-05-29,601012,14:36:42,13.9300,141,2
2026-05-29,601012,14:36:45,13.9400,135,1
2026-05-29,601012,14:36:48,13.9400,98,1
2026-05-29,601012,14:36:51,13.9300,472,2
2026-05-29,601012,14:36:54,13.9400,125,1
2026-05-29,601012,14:36:57,13.9400,197,2
2026-05-29,601012,14:37:00,13.9300,224,2
2026-05-29,601012,14:37:03,13.9400,65,1
2026-05-29,601012,14:37:06,13.9400,130,1
2026-05-29,601012,14:37:09,13.9300,77,2
2026-05-29,601012,14:37:12,13.9300,375,2
2026-05-29,601012,14:37:15,13.9400,607,1
2026-05-29,601012,14:37:18,13.9400,255,1
2026-05-29,601012,14:37:21,13.9400,149,1
2026-05-29,601012,14:37:24,13.9300,82,2
2026-05-29,601012,14:37:27,13.9300,2211,2
2026-05-29,601012,14:37:30,13.9300,167,1
2026-05-29,601012,14:37:33,13.9300,119,1
2026-05-29,601012,14:37:36,13.9300,221,1
2026-05-29,601012,14:37:39,13.9200,694,2
2026-05-29,601012,14:37:42,13.9300,141,1
2026-05-29,601012,14:37:45,13.9300,85,1
2026-05-29,601012,14:37:48,13.9200,169,2
2026-05-29,601012,14:37:51,13.9200,194,2
2026-05-29,601012,14:37:54,13.9300,110,1
2026-05-29,601012,14:37:57,13.9200,364,2
2026-05-29,601012,14:38:00,13.9300,215,2
2026-05-29,601012,14:38:03,13.9300,207,1
2026-05-29,601012,14:38:06,13.9300,82,1
2026-05-29,601012,14:38:09,13.9300,258,1
2026-05-29,601012,14:38:12,13.9300,102,2
2026-05-29,601012,14:38:15,13.9300,21,2
2026-05-29,601012,14:38:18,13.9400,114,1
2026-05-29,601012,14:38:21,13.9300,384,2
2026-05-29,601012,14:38:24,13.9300,156,1
2026-05-29,601012,14:38:27,13.9300,218,1
2026-05-29,601012,14:38:30,13.9300,131,2
2026-05-29,601012,14:38:33,13.9400,61,1
2026-05-29,601012,14:38:36,13.9300,130,2
2026-05-29,601012,14:38:39,13.9400,48,1
2026-05-29,601012,14:38:42,13.9300,440,2
2026-05-29,601012,14:38:45,13.9300,86,1
2026-05-29,601012,14:38:48,13.9300,142,1
2026-05-29,601012,14:38:51,13.9300,514,2
2026-05-29,601012,14:38:54,13.9400,42,1
2026-05-29,601012,14:38:57,13.9300,169,2
2026-05-29,601012,14:39:00,13.9400,57,1
2026-05-29,601012,14:39:03,13.9300,408,2
2026-05-29,601012,14:39:06,13.9300,100,2
2026-05-29,601012,14:39:09,13.9400,121,1
2026-05-29,601012,14:39:12,13.9400,60,1
2026-05-29,601012,14:39:15,13.9400,1192,1
2026-05-29,601012,14:39:18,13.9400,246,1
2026-05-29,601012,14:39:21,13.9400,90,1
2026-05-29,601012,14:39:24,13.9400,78,1
2026-05-29,601012,14:39:27,13.9400,164,1
2026-05-29,601012,14:39:30,13.9300,122,2
2026-05-29,601012,14:39:33,13.9400,39,1
2026-05-29,601012,14:39:36,13.9400,79,1
2026-05-29,601012,14:39:39,13.9400,69,1
2026-05-29,601012,14:39:42,13.9300,147,2
2026-05-29,601012,14:39:45,13.9300,24,2
2026-05-29,601012,14:39:48,13.9300,56,2
2026-05-29,601012,14:39:51,13.9400,82,1
2026-05-29,601012,14:39:54,13.9400,206,1
2026-05-29,601012,14:39:57,13.9300,126,2
2026-05-29,601012,14:40:00,13.9300,186,2
2026-05-29,601012,14:40:03,13.9300,668,2
2026-05-29,601012,14:40:06,13.9400,607,1
2026-05-29,601012,14:40:09,13.9300,1521,2
2026-05-29,601012,14:40:12,13.9300,2104,1
2026-05-29,601012,14:40:15,13.9200,558,2
2026-05-29,601012,14:40:18,13.9300,141,1
2026-05-29,601012,14:40:21,13.9200,102,2
2026-05-29,601012,14:40:24,13.9300,44,1
2026-05-29,601012,14:40:27,13.9200,77,2
2026-05-29,601012,14:40:30,13.9300,174,1
2026-05-29,601012,14:40:33,13.9200,71,2
2026-05-29,601012,14:40:36,13.9300,148,1
2026-05-29,601012,14:40:39,13.9300,446,1
2026-05-29,601012,14:40:42,13.9300,296,1
2026-05-29,601012,14:40:45,13.9200,126,2
2026-05-29,601012,14:40:48,13.9200,157,2
2026-05-29,601012,14:40:51,13.9200,77,2
2026-05-29,601012,14:40:54,13.9300,294,1
2026-05-29,601012,14:40:57,13.9300,206,1
2026-05-29,601012,14:41:00,13.9300,166,1
2026-05-29,601012,14:41:03,13.9300,214,1
2026-05-29,601012,14:41:06,13.9200,127,2
2026-05-29,601012,14:41:09,13.9300,351,1
2026-05-29,601012,14:41:12,13.9300,220,1
2026-05-29,601012,14:41:15,13.9200,374,2
2026-05-29,601012,14:41:18,13.9300,1305,1
2026-05-29,601012,14:41:21,13.9200,244,2
2026-05-29,601012,14:41:24,13.9200,103,2
2026-05-29,601012,14:41:27,13.9300,310,1
2026-05-29,601012,14:41:30,13.9300,664,1
2026-05-29,601012,14:41:33,13.9300,417,2
2026-05-29,601012,14:41:36,13.9300,1133,2
2026-05-29,601012,14:41:39,13.9400,230,1
2026-05-29,601012,14:41:42,13.9300,1174,2
2026-05-29,601012,14:41:45,13.9300,832,1
2026-05-29,601012,14:41:48,13.9300,125,1
2026-05-29,601012,14:41:51,13.9200,323,2
2026-05-29,601012,14:41:54,13.9300,555,1
2026-05-29,601012,14:41:57,13.9300,257,2
2026-05-29,601012,14:42:00,13.9200,113,2
2026-05-29,601012,14:42:03,13.9300,446,1
2026-05-29,601012,14:42:06,13.9300,223,2
2026-05-29,601012,14:42:09,13.9200,80,2
2026-05-29,601012,14:42:12,13.9200,361,2
2026-05-29,601012,14:42:15,13.9200,122,2
2026-05-29,601012,14:42:18,13.9300,140,1
2026-05-29,601012,14:42:21,13.9300,153,1
2026-05-29,601012,14:42:24,13.9200,180,2
2026-05-29,601012,14:42:27,13.9200,123,2
2026-05-29,601012,14:42:30,13.9300,117,1
2026-05-29,601012,14:42:33,13.9200,177,2
2026-05-29,601012,14:42:36,13.9300,233,1
2026-05-29,601012,14:42:39,13.9200,239,2
2026-05-29,601012,14:42:42,13.9100,10355,2
2026-05-29,601012,14:42:45,13.9200,71,1
2026-05-29,601012,14:42:48,13.9100,151,2
2026-05-29,601012,14:42:51,13.9200,152,1
2026-05-29,601012,14:42:54,13.9100,102,2
2026-05-29,601012,14:42:57,13.9100,344,2
2026-05-29,601012,14:43:00,13.9200,119,1
2026-05-29,601012,14:43:03,13.9100,170,2
2026-05-29,601012,14:43:06,13.9200,361,1
2026-05-29,601012,14:43:09,13.9100,240,2
2026-05-29,601012,14:43:12,13.9100,925,2
2026-05-29,601012,14:43:15,13.9100,310,2
2026-05-29,601012,14:43:18,13.9200,522,1
2026-05-29,601012,14:43:21,13.9200,52,1
2026-05-29,601012,14:43:24,13.9100,157,2
2026-05-29,601012,14:43:27,13.9100,422,2
2026-05-29,601012,14:43:30,13.9100,276,2
2026-05-29,601012,14:43:33,13.9100,488,2
2026-05-29,601012,14:43:36,13.9200,335,1
2026-05-29,601012,14:43:39,13.9200,293,1
2026-05-29,601012,14:43:42,13.9200,127,1
2026-05-29,601012,14:43:45,13.9200,726,1
2026-05-29,601012,14:43:48,13.9100,294,2
2026-05-29,601012,14:43:51,13.9200,584,1
2026-05-29,601012,14:43:54,13.9200,501,1
2026-05-29,601012,14:43:57,13.9200,228,1
2026-05-29,601012,14:44:00,13.9200,715,1
2026-05-29,601012,14:44:03,13.9200,154,1
2026-05-29,601012,14:44:06,13.9100,1126,2
2026-05-29,601012,14:44:09,13.9100,837,2
2026-05-29,601012,14:44:12,13.9200,151,1
2026-05-29,601012,14:44:15,13.9200,401,1
2026-05-29,601012,14:44:18,13.9100,178,2
2026-05-29,601012,14:44:21,13.9200,347,1
2026-05-29,601012,14:44:24,13.9100,504,2
2026-05-29,601012,14:44:27,13.9100,434,2
2026-05-29,601012,14:44:30,13.9200,208,1
2026-05-29,601012,14:44:33,13.9200,432,1
2026-05-29,601012,14:44:36,13.9200,134,1
2026-05-29,601012,14:44:39,13.9200,433,1
2026-05-29,601012,14:44:42,13.9200,229,1
2026-05-29,601012,14:44:45,13.9100,5208,2
2026-05-29,601012,14:44:48,13.9100,424,1
2026-05-29,601012,14:44:51,13.9100,210,1
2026-05-29,601012,14:44:54,13.9100,260,1
2026-05-29,601012,14:44:57,13.8800,19518,2
2026-05-29,601012,14:45:00,13.8900,829,1
2026-05-29,601012,14:45:03,13.8900,1074,1
2026-05-29,601012,14:45:06,13.8900,277,1
2026-05-29,601012,14:45:09,13.8900,86,2
2026-05-29,601012,14:45:12,13.9000,136,1
2026-05-29,601012,14:45:15,13.8900,432,2
2026-05-29,601012,14:45:18,13.8900,229,2
2026-05-29,601012,14:45:21,13.9000,418,1
2026-05-29,601012,14:45:24,13.8900,736,2
2026-05-29,601012,14:45:27,13.8900,245,1
2026-05-29,601012,14:45:30,13.8900,300,1
2026-05-29,601012,14:45:33,13.8900,367,1
2026-05-29,601012,14:45:36,13.8900,191,1
2026-05-29,601012,14:45:39,13.8900,412,2
2026-05-29,601012,14:45:42,13.8900,270,2
2026-05-29,601012,14:45:45,13.9000,308,1
2026-05-29,601012,14:45:48,13.9000,437,1
2026-05-29,601012,14:45:51,13.8900,663,2
2026-05-29,601012,14:45:54,13.8900,710,2
2026-05-29,601012,14:45:57,13.8900,210,1
2026-05-29,601012,14:46:00,13.8900,116,1
2026-05-29,601012,14:46:03,13.8800,263,2
2026-05-29,601012,14:46:06,13.8900,463,1
2026-05-29,601012,14:46:09,13.8900,726,1
2026-05-29,601012,14:46:12,13.8900,2815,2
2026-05-29,601012,14:46:15,13.8900,244,1
2026-05-29,601012,14:46:18,13.8900,432,1
2026-05-29,601012,14:46:21,13.8900,295,1
2026-05-29,601012,14:46:24,13.8900,510,1
2026-05-29,601012,14:46:27,13.8800,294,2
2026-05-29,601012,14:46:30,13.8900,540,1
2026-05-29,601012,14:46:33,13.8800,673,2
2026-05-29,601012,14:46:36,13.8800,461,2
2026-05-29,601012,14:46:39,13.8900,74,1
2026-05-29,601012,14:46:42,13.8900,235,1
2026-05-29,601012,14:46:45,13.8900,488,1
2026-05-29,601012,14:46:48,13.9000,324,1
2026-05-29,601012,14:46:51,13.8900,277,4
2026-05-29,601012,14:46:54,13.8800,74,2
2026-05-29,601012,14:46:57,13.8900,227,1
2026-05-29,601012,14:47:00,13.8800,259,2
2026-05-29,601012,14:47:03,13.8800,323,2
2026-05-29,601012,14:47:06,13.8900,555,1
2026-05-29,601012,14:47:09,13.8800,607,2
2026-05-29,601012,14:47:12,13.8800,375,2
2026-05-29,601012,14:47:15,13.8900,265,1
2026-05-29,601012,14:47:18,13.8900,131,1
2026-05-29,601012,14:47:21,13.8900,99,1
2026-05-29,601012,14:47:24,13.8800,163,2
2026-05-29,601012,14:47:27,13.8800,396,2
2026-05-29,601012,14:47:30,13.8800,406,2
2026-05-29,601012,14:47:33,13.8800,205,2
2026-05-29,601012,14:47:36,13.8900,253,1
2026-05-29,601012,14:47:39,13.8800,124,2
2026-05-29,601012,14:47:42,13.8900,153,1
2026-05-29,601012,14:47:45,13.8900,182,1
2026-05-29,601012,14:47:48,13.8900,338,1
2026-05-29,601012,14:47:51,13.8800,284,2
2026-05-29,601012,14:47:54,13.8900,163,1
2026-05-29,601012,14:47:57,13.8900,134,1
2026-05-29,601012,14:48:00,13.8800,1208,2
2026-05-29,601012,14:48:03,13.8900,1754,1
2026-05-29,601012,14:48:06,13.8800,864,2
2026-05-29,601012,14:48:09,13.8800,279,2
2026-05-29,601012,14:48:12,13.8900,286,1
2026-05-29,601012,14:48:15,13.8900,770,1
2026-05-29,601012,14:48:18,13.8800,636,2
2026-05-29,601012,14:48:21,13.8800,204,1
2026-05-29,601012,14:48:24,13.8700,140,2
2026-05-29,601012,14:48:27,13.8800,219,1
2026-05-29,601012,14:48:30,13.8800,129,1
2026-05-29,601012,14:48:33,13.8800,105,1
2026-05-29,601012,14:48:36,13.8700,220,2
2026-05-29,601012,14:48:39,13.8800,488,1
2026-05-29,601012,14:48:42,13.8800,116,1
2026-05-29,601012,14:48:45,13.8700,372,2
2026-05-29,601012,14:48:48,13.8800,523,1
2026-05-29,601012,14:48:51,13.8800,180,1
2026-05-29,601012,14:48:54,13.8800,263,1
2026-05-29,601012,14:48:57,13.8800,188,1
2026-05-29,601012,14:49:00,13.8800,130,1
2026-05-29,601012,14:49:03,13.8700,403,2
2026-05-29,601012,14:49:06,13.8700,1969,2
2026-05-29,601012,14:49:09,13.8700,150,1
2026-05-29,601012,14:49:12,13.8700,314,1
2026-05-29,601012,14:49:15,13.8700,455,1
2026-05-29,601012,14:49:18,13.8600,362,2
2026-05-29,601012,14:49:21,13.8700,575,1
2026-05-29,601012,14:49:24,13.8700,220,1
2026-05-29,601012,14:49:27,13.8600,447,2
2026-05-29,601012,14:49:30,13.8600,419,2
2026-05-29,601012,14:49:33,13.8700,254,1
2026-05-29,601012,14:49:36,13.8600,800,2
2026-05-29,601012,14:49:39,13.8600,171,2
2026-05-29,601012,14:49:42,13.8600,347,2
2026-05-29,601012,14:49:45,13.8700,453,1
2026-05-29,601012,14:49:48,13.8600,112,2
2026-05-29,601012,14:49:51,13.8600,624,2
2026-05-29,601012,14:49:54,13.8600,1045,2
2026-05-29,601012,14:49:57,13.8600,312,1
2026-05-29,601012,14:50:00,13.8600,155,1
2026-05-29,601012,14:50:03,13.8500,1024,2
2026-05-29,601012,14:50:06,13.8800,2158,1
2026-05-29,601012,14:50:09,13.8600,495,2
2026-05-29,601012,14:50:12,13.8700,354,1
2026-05-29,601012,14:50:15,13.8700,210,2
2026-05-29,601012,14:50:18,13.8700,144,1
2026-05-29,601012,14:50:21,13.8700,204,1
2026-05-29,601012,14:50:24,13.8700,931,1
2026-05-29,601012,14:50:27,13.8600,240,2
2026-05-29,601012,14:50:30,13.8700,1194,1
2026-05-29,601012,14:50:33,13.8700,250,1
2026-05-29,601012,14:50:36,13.8600,268,2
2026-05-29,601012,14:50:39,13.8600,405,2
2026-05-29,601012,14:50:42,13.8700,655,1
2026-05-29,601012,14:50:45,13.8700,92,1
2026-05-29,601012,14:50:48,13.8700,198,1
2026-05-29,601012,14:50:51,13.8700,297,1
2026-05-29,601012,14:50:54,13.8700,458,1
2026-05-29,601012,14:50:57,13.8700,956,1
2026-05-29,601012,14:51:00,13.8600,157,2
2026-05-29,601012,14:51:03,13.8800,1518,1
2026-05-29,601012,14:51:06,13.8700,645,2
2026-05-29,601012,14:51:09,13.8700,536,2
2026-05-29,601012,14:51:12,13.8700,145,2
2026-05-29,601012,14:51:15,13.8700,209,2
2026-05-29,601012,14:51:18,13.8700,152,1
2026-05-29,601012,14:51:21,13.8700,438,1
2026-05-29,601012,14:51:24,13.8700,158,1
2026-05-29,601012,14:51:27,13.8700,316,1
2026-05-29,601012,14:51:30,13.8700,620,1
2026-05-29,601012,14:51:33,13.8800,297,1
2026-05-29,601012,14:51:36,13.8800,398,1
2026-05-29,601012,14:51:39,13.8600,428,2
2026-05-29,601012,14:51:42,13.8800,242,1
2026-05-29,601012,14:51:45,13.8700,282,2
2026-05-29,601012,14:51:48,13.8700,224,2
2026-05-29,601012,14:51:51,13.8800,192,1
2026-05-29,601012,14:51:54,13.8700,163,2
2026-05-29,601012,14:51:57,13.8700,604,2
2026-05-29,601012,14:52:00,13.8700,219,2
2026-05-29,601012,14:52:03,13.8800,331,1
2026-05-29,601012,14:52:06,13.8700,284,2
2026-05-29,601012,14:52:09,13.8800,1066,1
2026-05-29,601012,14:52:12,13.8700,321,2
2026-05-29,601012,14:52:15,13.8800,332,1
2026-05-29,601012,14:52:18,13.8800,322,1
2026-05-29,601012,14:52:21,13.8700,385,2
2026-05-29,601012,14:52:24,13.8700,1181,2
2026-05-29,601012,14:52:27,13.8800,336,1
2026-05-29,601012,14:52:30,13.8700,307,2
2026-05-29,601012,14:52:33,13.8800,637,1
2026-05-29,601012,14:52:36,13.8700,183,2
2026-05-29,601012,14:52:39,13.8800,2998,1
2026-05-29,601012,14:52:42,13.8900,1318,1
2026-05-29,601012,14:52:45,13.8800,845,2
2026-05-29,601012,14:52:48,13.8900,186,1
2026-05-29,601012,14:52:51,13.8900,525,1
2026-05-29,601012,14:52:54,13.8900,686,1
2026-05-29,601012,14:52:57,13.8900,225,1
2026-05-29,601012,14:53:00,13.8800,109,2
2026-05-29,601012,14:53:03,13.8800,304,2
2026-05-29,601012,14:53:06,13.8900,366,1
2026-05-29,601012,14:53:09,13.8900,802,1
2026-05-29,601012,14:53:12,13.8900,367,1
2026-05-29,601012,14:53:15,13.8900,289,2
2026-05-29,601012,14:53:18,13.9000,208,1
2026-05-29,601012,14:53:21,13.9000,241,1
2026-05-29,601012,14:53:24,13.8900,562,2
2026-05-29,601012,14:53:27,13.8900,296,2
2026-05-29,601012,14:53:30,13.8900,438,2
2026-05-29,601012,14:53:33,13.9000,330,1
2026-05-29,601012,14:53:36,13.9000,462,1
2026-05-29,601012,14:53:39,13.9000,153,1
2026-05-29,601012,14:53:42,13.8900,289,2
2026-05-29,601012,14:53:45,13.9000,577,1
2026-05-29,601012,14:53:48,13.9000,583,1
2026-05-29,601012,14:53:51,13.9000,209,1
2026-05-29,601012,14:53:54,13.9000,210,1
2026-05-29,601012,14:53:57,13.8900,468,2
2026-05-29,601012,14:54:00,13.8900,327,2
2026-05-29,601012,14:54:03,13.8900,187,2
2026-05-29,601012,14:54:06,13.8900,610,2
2026-05-29,601012,14:54:09,13.8900,363,2
2026-05-29,601012,14:54:12,13.8900,339,2
2026-05-29,601012,14:54:15,13.9000,80,1
2026-05-29,601012,14:54:18,13.8900,671,2
2026-05-29,601012,14:54:21,13.8900,288,2
2026-05-29,601012,14:54:24,13.9000,782,1
2026-05-29,601012,14:54:27,13.9000,277,1
2026-05-29,601012,14:54:30,13.8900,338,2
2026-05-29,601012,14:54:33,13.8900,293,1
2026-05-29,601012,14:54:36,13.8900,229,1
2026-05-29,601012,14:54:39,13.8900,562,2
2026-05-29,601012,14:54:42,13.8900,124,2
2026-05-29,601012,14:54:45,13.8900,286,2
2026-05-29,601012,14:54:48,13.8900,229,1
2026-05-29,601012,14:54:51,13.8900,261,1
2026-05-29,601012,14:54:54,13.8900,393,1
2026-05-29,601012,14:54:57,13.8900,343,1
2026-05-29,601012,14:55:00,13.8900,569,1
2026-05-29,601012,14:55:03,13.9000,95,1
2026-05-29,601012,14:55:06,13.8900,250,2
2026-05-29,601012,14:55:09,13.8900,364,2
2026-05-29,601012,14:55:12,13.8900,602,2
2026-05-29,601012,14:55:15,13.8900,408,2
2026-05-29,601012,14:55:18,13.9000,257,1
2026-05-29,601012,14:55:21,13.8900,399,2
2026-05-29,601012,14:55:24,13.9000,445,1
2026-05-29,601012,14:55:27,13.9000,403,1
2026-05-29,601012,14:55:30,13.8900,200,2
2026-05-29,601012,14:55:33,13.8900,101,2
2026-05-29,601012,14:55:36,13.9000,254,1
2026-05-29,601012,14:55:39,13.8900,2391,2
2026-05-29,601012,14:55:42,13.9000,164,1
2026-05-29,601012,14:55:45,13.9000,401,1
2026-05-29,601012,14:55:48,13.9000,470,1
2026-05-29,601012,14:55:51,13.9000,202,1
2026-05-29,601012,14:55:54,13.9000,143,1
2026-05-29,601012,14:55:57,13.8900,696,2
2026-05-29,601012,14:56:00,13.8900,874,2
2026-05-29,601012,14:56:03,13.8900,234,1
2026-05-29,601012,14:56:06,13.8900,635,1
2026-05-29,601012,14:56:09,13.8900,1391,1
2026-05-29,601012,14:56:12,13.8900,296,2
2026-05-29,601012,14:56:15,13.8900,126,2
2026-05-29,601012,14:56:18,13.9000,438,1
2026-05-29,601012,14:56:21,13.9000,3103,1
2026-05-29,601012,14:56:24,13.9000,597,2
2026-05-29,601012,14:56:27,13.9000,139,1
2026-05-29,601012,14:56:30,13.9000,468,1
2026-05-29,601012,14:56:33,13.9000,229,2
2026-05-29,601012,14:56:36,13.9000,250,2
2026-05-29,601012,14:56:39,13.9100,183,1
2026-05-29,601012,14:56:42,13.9100,281,1
2026-05-29,601012,14:56:45,13.9100,336,1
2026-05-29,601012,14:56:48,13.9100,286,1
2026-05-29,601012,14:56:51,13.9100,226,1
2026-05-29,601012,14:56:54,13.9000,194,2
2026-05-29,601012,14:56:57,13.9100,364,1
2026-05-29,601012,14:57:00,13.9100,902,1
2026-05-29,601012,15:00:03,13.8900,42027,4
2026-05-29,601012,13:16:51,14.1900,678,2
2026-05-29,601012,13:16:54,14.2000,947,1
2026-05-29,601012,13:16:57,14.2000,121,1
2026-05-29,601012,13:17:00,14.1900,259,2
2026-05-29,601012,13:17:03,14.1900,319,1
2026-05-29,601012,13:17:06,14.1900,547,1
2026-05-29,601012,13:17:09,14.1900,156,2
2026-05-29,601012,13:17:12,14.1900,377,1
2026-05-29,601012,13:17:15,14.1900,559,2
2026-05-29,601012,13:17:18,14.1800,558,2
2026-05-29,601012,13:17:21,14.1800,42,1
2026-05-29,601012,13:17:24,14.1900,301,1
2026-05-29,601012,13:17:27,14.1700,98,2
2026-05-29,601012,13:17:30,14.1700,119,1
2026-05-29,601012,13:17:33,14.1500,741,2
2026-05-29,601012,13:17:36,14.1500,50,2
2026-05-29,601012,13:17:39,14.1700,1044,1
2026-05-29,601012,13:17:42,14.1700,179,1
2026-05-29,601012,13:17:45,14.1600,172,2
2026-05-29,601012,13:17:48,14.1500,272,2
2026-05-29,601012,13:17:51,14.1500,237,1
2026-05-29,601012,13:17:54,14.1400,31,2
2026-05-29,601012,13:17:57,14.1400,188,2
2026-05-29,601012,13:18:00,14.1400,128,2
2026-05-29,601012,13:18:03,14.1400,147,2
2026-05-29,601012,13:18:06,14.1400,38,2
2026-05-29,601012,13:18:09,14.1400,200,2
2026-05-29,601012,13:18:12,14.1500,1619,1
2026-05-29,601012,13:18:15,14.1600,145,1
2026-05-29,601012,13:18:18,14.1700,59,1
2026-05-29,601012,13:18:21,14.1700,382,1
2026-05-29,601012,13:18:24,14.1700,201,1
2026-05-29,601012,13:18:27,14.1700,508,2
2026-05-29,601012,13:18:30,14.1700,380,1
2026-05-29,601012,13:18:33,14.1700,232,1
2026-05-29,601012,13:18:36,14.1700,334,1
2026-05-29,601012,13:18:39,14.1700,82,2
2026-05-29,601012,13:18:42,14.1700,336,2
2026-05-29,601012,13:18:45,14.1700,132,2
2026-05-29,601012,13:18:48,14.1700,55,2
2026-05-29,601012,13:18:51,14.1700,207,2
2026-05-29,601012,13:18:54,14.1700,139,1
2026-05-29,601012,13:18:57,14.1800,519,1
2026-05-29,601012,13:19:00,14.1700,48,2
2026-05-29,601012,13:19:03,14.1700,219,2
2026-05-29,601012,13:19:06,14.1600,87,2
2026-05-29,601012,13:19:09,14.1700,97,1
2026-05-29,601012,13:19:12,14.1800,305,1
2026-05-29,601012,13:19:15,14.1700,54,4
2026-05-29,601012,13:19:18,14.1600,77,2
2026-05-29,601012,13:19:21,14.1700,127,1
2026-05-29,601012,13:19:24,14.1700,239,1
2026-05-29,601012,13:19:27,14.1700,40,2
2026-05-29,601012,13:19:30,14.1700,145,1
2026-05-29,601012,13:19:33,14.1700,157,4
2026-05-29,601012,13:19:36,14.1600,14,2
2026-05-29,601012,13:19:39,14.1600,38,2
2026-05-29,601012,13:19:42,14.1700,293,1
2026-05-29,601012,13:19:45,14.1600,80,2
2026-05-29,601012,13:19:48,14.1700,104,1
2026-05-29,601012,13:19:51,14.1600,260,2
2026-05-29,601012,13:19:54,14.1600,86,2
2026-05-29,601012,13:19:57,14.1600,63,2
2026-05-29,601012,13:20:00,14.1600,145,2
2026-05-29,601012,13:20:03,14.1600,122,2
2026-05-29,601012,13:20:06,14.1700,77,1
2026-05-29,601012,13:20:09,14.1700,57,1
2026-05-29,601012,13:20:12,14.1600,168,2
2026-05-29,601012,13:20:15,14.1600,200,2
2026-05-29,601012,13:20:18,14.1600,136,2
2026-05-29,601012,13:20:21,14.1600,97,1
2026-05-29,601012,13:20:24,14.1500,170,2
2026-05-29,601012,13:20:27,14.1600,70,1
2026-05-29,601012,13:20:30,14.1600,11,2
2026-05-29,601012,13:20:33,14.1700,317,1
2026-05-29,601012,13:20:36,14.1600,58,2
2026-05-29,601012,13:20:39,14.1700,70,1
2026-05-29,601012,13:20:42,14.1700,142,1
2026-05-29,601012,13:20:45,14.1700,7,1
2026-05-29,601012,13:20:48,14.1600,56,2
2026-05-29,601012,13:20:51,14.1500,191,2
2026-05-29,601012,13:20:54,14.1600,113,1
2026-05-29,601012,13:20:57,14.1600,50,1
2026-05-29,601012,13:21:00,14.1600,73,2
2026-05-29,601012,13:21:03,14.1600,179,2
2026-05-29,601012,13:21:06,14.1700,97,1
2026-05-29,601012,13:21:09,14.1700,419,1
2026-05-29,601012,13:21:12,14.1800,197,1
2026-05-29,601012,13:21:15,14.1700,672,2
2026-05-29,601012,13:21:18,14.1800,1036,1
2026-05-29,601012,13:21:21,14.1700,205,2
2026-05-29,601012,13:21:24,14.1800,167,4
2026-05-29,601012,13:21:27,14.1800,628,2
2026-05-29,601012,13:21:30,14.1900,3142,1
2026-05-29,601012,13:21:33,14.1900,284,2
2026-05-29,601012,13:21:36,14.2000,114,1
2026-05-29,601012,13:21:39,14.1900,164,2
2026-05-29,601012,13:21:42,14.1900,137,2
2026-05-29,601012,13:21:45,14.2000,1246,1
2026-05-29,601012,13:21:48,14.2100,239,1
2026-05-29,601012,13:21:51,14.2100,224,1
2026-05-29,601012,13:21:54,14.2000,375,4
2026-05-29,601012,13:21:57,14.2100,222,1
2026-05-29,601012,13:22:00,14.2100,48,1
2026-05-29,601012,13:22:03,14.2100,627,1
2026-05-29,601012,13:22:06,14.2100,149,1
2026-05-29,601012,13:22:09,14.2100,372,2
2026-05-29,601012,13:22:12,14.2100,245,1
2026-05-29,601012,13:22:15,14.2100,138,1
2026-05-29,601012,13:22:18,14.2100,705,1
2026-05-29,601012,13:22:21,14.2000,699,2
2026-05-29,601012,13:22:24,14.2100,1097,4
2026-05-29,601012,13:22:27,14.2100,150,1
2026-05-29,601012,13:22:30,14.2000,56,2
2026-05-29,601012,13:22:33,14.2000,486,2
2026-05-29,601012,13:22:36,14.2000,70,2
2026-05-29,601012,13:22:39,14.2000,179,2
2026-05-29,601012,13:22:42,14.2000,1387,2
2026-05-29,601012,13:22:45,14.1900,72,2
2026-05-29,601012,13:22:48,14.1900,2904,2
2026-05-29,601012,13:22:51,14.1900,273,1
2026-05-29,601012,13:22:54,14.1900,393,1
2026-05-29,601012,13:22:57,14.1900,72,1
2026-05-29,601012,13:23:00,14.2100,1980,1
2026-05-29,601012,13:23:03,14.2100,179,2
2026-05-29,601012,13:23:06,14.2200,1437,1
2026-05-29,601012,13:23:09,14.2300,126,1
2026-05-29,601012,13:23:12,14.2300,406,1
2026-05-29,601012,13:23:15,14.2300,776,1
2026-05-29,601012,13:23:18,14.2200,341,2
2026-05-29,601012,13:23:21,14.2200,332,2
2026-05-29,601012,13:23:24,14.2300,34,1
2026-05-29,601012,13:23:27,14.2100,158,2
2026-05-29,601012,13:23:30,14.2200,30,1
2026-05-29,601012,13:23:33,14.2100,182,2
2026-05-29,601012,13:23:36,14.2000,198,2
2026-05-29,601012,13:23:39,14.2100,4,1
2026-05-29,601012,13:23:42,14.2100,553,1
2026-05-29,601012,13:23:45,14.2000,103,1
2026-05-29,601012,13:23:48,14.2100,172,1
2026-05-29,601012,13:23:51,14.1900,189,2
2026-05-29,601012,13:23:54,14.2000,71,2
2026-05-29,601012,13:23:57,14.2000,235,2
2026-05-29,601012,13:24:00,14.2000,69,1
2026-05-29,601012,13:24:03,14.2000,179,1
2026-05-29,601012,13:24:06,14.1900,204,2
2026-05-29,601012,13:24:09,14.1900,249,2
2026-05-29,601012,13:24:12,14.2000,173,1
2026-05-29,601012,13:24:15,14.2000,34,1
2026-05-29,601012,13:24:18,14.1800,151,2
2026-05-29,601012,13:24:21,14.1900,69,1
2026-05-29,601012,13:24:24,14.1800,34,2
2026-05-29,601012,13:24:30,14.1900,63,1
2026-05-29,601012,13:24:33,14.1800,143,2
2026-05-29,601012,13:24:36,14.1800,276,2
2026-05-29,601012,13:24:39,14.1800,22,2
2026-05-29,601012,13:24:42,14.1700,338,2
2026-05-29,601012,13:24:45,14.1800,27,1
2026-05-29,601012,13:24:48,14.1700,48,2
2026-05-29,601012,13:24:51,14.1700,152,2
2026-05-29,601012,13:24:54,14.1700,203,2
2026-05-29,601012,13:24:57,14.1600,281,2
2026-05-29,601012,13:25:00,14.1700,76,1
2026-05-29,601012,13:25:03,14.1700,135,1
2026-05-29,601012,13:25:06,14.1700,11,1
2026-05-29,601012,13:25:09,14.1700,145,1
2026-05-29,601012,13:25:12,14.1600,188,2
2026-05-29,601012,13:25:15,14.1600,22,2
2026-05-29,601012,13:25:18,14.1700,11,1
2026-05-29,601012,13:25:21,14.1600,121,2
2026-05-29,601012,13:25:24,14.1700,51,1
2026-05-29,601012,13:25:27,14.1700,192,1
2026-05-29,601012,13:25:30,14.1700,64,1
2026-05-29,601012,13:25:33,14.1700,217,1
2026-05-29,601012,13:25:36,14.1700,45,1
2026-05-29,601012,13:25:39,14.1700,22,1
2026-05-29,601012,13:25:42,14.1600,147,2
2026-05-29,601012,13:25:45,14.1700,605,1
2026-05-29,601012,13:25:48,14.1800,95,1
2026-05-29,601012,13:25:51,14.1700,213,2
2026-05-29,601012,13:25:54,14.1700,17,2
2026-05-29,601012,13:25:57,14.1700,89,2
2026-05-29,601012,13:26:00,14.1800,71,1
2026-05-29,601012,13:26:03,14.1800,190,1
2026-05-29,601012,13:26:06,14.1700,1276,2
2026-05-29,601012,13:26:09,14.1700,39,1
2026-05-29,601012,13:26:12,14.1700,134,1
2026-05-29,601012,13:26:15,14.1700,320,1
2026-05-29,601012,13:26:18,14.1600,44,2
2026-05-29,601012,13:26:21,14.1700,203,1
2026-05-29,601012,13:26:24,14.1700,739,1
2026-05-29,601012,13:26:27,14.1800,135,1
2026-05-29,601012,13:26:30,14.1800,70,1
2026-05-29,601012,13:26:33,14.1800,251,1
2026-05-29,601012,13:26:36,14.1800,53,1
2026-05-29,601012,13:26:39,14.1800,139,1
2026-05-29,601012,13:26:42,14.1800,120,1
2026-05-29,601012,13:26:45,14.1800,175,1
2026-05-29,601012,13:26:48,14.1700,10,2
2026-05-29,601012,13:26:51,14.1800,189,1
2026-05-29,601012,13:26:54,14.1800,24,1
2026-05-29,601012,13:26:57,14.1800,77,1
2026-05-29,601012,13:27:00,14.1800,60,1
2026-05-29,601012,13:27:03,14.1700,162,2
2026-05-29,601012,13:27:06,14.1700,10,2
2026-05-29,601012,13:27:12,14.1700,257,2
2026-05-29,601012,13:27:15,14.1700,5,2
2026-05-29,601012,13:27:18,14.1700,173,2
2026-05-29,601012,13:27:21,14.1700,109,2
2026-05-29,601012,13:27:24,14.1600,123,2
2026-05-29,601012,13:27:27,14.1600,64,2
2026-05-29,601012,13:27:30,14.1600,303,2
2026-05-29,601012,13:27:33,14.1700,239,1
2026-05-29,601012,13:27:36,14.1700,205,1
2026-05-29,601012,13:27:39,14.1700,77,1
2026-05-29,601012,13:27:42,14.1700,155,1
2026-05-29,601012,13:27:45,14.1700,8,1
2026-05-29,601012,13:27:48,14.1700,17,1
2026-05-29,601012,13:27:51,14.1600,479,2
2026-05-29,601012,13:27:54,14.1700,43,1
2026-05-29,601012,13:27:57,14.1800,707,1
2026-05-29,601012,13:28:00,14.1700,66,2
2026-05-29,601012,13:28:03,14.1600,139,2
2026-05-29,601012,13:28:06,14.1700,29,1
2026-05-29,601012,13:28:09,14.1700,47,2
2026-05-29,601012,13:28:12,14.1700,14,1
2026-05-29,601012,13:28:15,14.1600,20,2
2026-05-29,601012,13:28:18,14.1700,17,1
2026-05-29,601012,13:28:21,14.1600,332,2
2026-05-29,601012,13:28:24,14.1700,51,1
2026-05-29,601012,13:28:27,14.1700,98,1
2026-05-29,601012,13:28:30,14.1700,144,1
2026-05-29,601012,13:28:33,14.1600,216,2
2026-05-29,601012,13:28:36,14.1600,5,2
2026-05-29,601012,13:28:39,14.1700,609,1
2026-05-29,601012,13:28:42,14.1700,523,1
2026-05-29,601012,13:28:45,14.1600,78,2
2026-05-29,601012,13:28:48,14.1700,176,1
2026-05-29,601012,13:28:51,14.1600,179,2
2026-05-29,601012,13:28:54,14.1600,10,2
2026-05-29,601012,13:28:57,14.1600,73,2
2026-05-29,601012,13:29:00,14.1600,36,2
2026-05-29,601012,13:29:03,14.1600,270,2
2026-05-29,601012,13:29:06,14.1600,369,2
2026-05-29,601012,13:29:09,14.1600,40,2
2026-05-29,601012,13:29:12,14.1600,409,2
2026-05-29,601012,13:29:15,14.1600,60,1
2026-05-29,601012,13:29:18,14.1500,62,2
2026-05-29,601012,13:29:21,14.1500,149,2
2026-05-29,601012,13:29:24,14.1500,9,2
2026-05-29,601012,13:29:27,14.1500,61,2
2026-05-29,601012,13:29:30,14.1500,3,2
2026-05-29,601012,13:29:33,14.1500,210,2
2026-05-29,601012,13:29:36,14.1600,16,1
2026-05-29,601012,13:29:39,14.1500,12,2
2026-05-29,601012,13:29:42,14.1600,116,1
2026-05-29,601012,13:29:45,14.1600,69,1
2026-05-29,601012,13:29:48,14.1600,42,1
2026-05-29,601012,13:29:51,14.1500,156,2
2026-05-29,601012,13:29:54,14.1600,13,1
2026-05-29,601012,13:29:57,14.1500,9,2
2026-05-29,601012,13:30:00,14.1500,2,2
2026-05-29,601012,13:30:03,14.1500,219,2
2026-05-29,601012,13:30:06,14.1500,17,2
2026-05-29,601012,13:30:09,14.1600,85,1
2026-05-29,601012,13:30:12,14.1500,243,2
2026-05-29,601012,13:30:15,14.1600,105,1
2026-05-29,601012,13:30:18,14.1500,1746,2
2026-05-29,601012,13:30:21,14.1500,7,1
2026-05-29,601012,13:30:24,14.1500,14,1
2026-05-29,601012,13:30:27,14.1500,66,1
2026-05-29,601012,13:30:30,14.1500,114,1
2026-05-29,601012,13:30:33,14.1400,1649,2
2026-05-29,601012,13:30:36,14.1400,97,1
2026-05-29,601012,13:30:39,14.1400,23,1
2026-05-29,601012,13:30:42,14.1400,142,1
2026-05-29,601012,13:30:45,14.1400,78,1
2026-05-29,601012,13:30:48,14.1400,97,1
2026-05-29,601012,13:30:51,14.1400,153,1
2026-05-29,601012,13:30:54,14.1300,279,2
2026-05-29,601012,13:30:57,14.1300,205,1
2026-05-29,601012,13:31:00,14.1400,99,1
2026-05-29,601012,13:31:03,14.1300,412,2
2026-05-29,601012,13:31:06,14.1300,115,2
2026-05-29,601012,13:31:09,14.1300,108,1
2026-05-29,601012,13:31:12,14.1300,231,2
2026-05-29,601012,13:31:15,14.1300,69,2
2026-05-29,601012,13:31:18,14.1400,113,1
2026-05-29,601012,13:31:21,14.1300,206,2
2026-05-29,601012,13:31:24,14.1300,65,2
2026-05-29,601012,13:31:27,14.1300,41,1
2026-05-29,601012,13:31:30,14.1300,7,1
2026-05-29,601012,13:31:33,14.1200,199,2
2026-05-29,601012,13:31:36,14.1300,197,1
2026-05-29,601012,13:31:39,14.1300,33,2
2026-05-29,601012,13:31:42,14.1300,17,1
2026-05-29,601012,13:31:45,14.1300,28,1
2026-05-29,601012,13:31:48,14.1200,25,2
2026-05-29,601012,13:31:51,14.1200,150,2
2026-05-29,601012,13:31:54,14.1200,155,2
2026-05-29,601012,13:31:57,14.1200,52,1
2026-05-29,601012,13:32:00,14.1200,11,1
2026-05-29,601012,13:32:03,14.1200,184,1
2026-05-29,601012,13:32:06,14.1100,259,2
2026-05-29,601012,13:32:09,14.1100,21,2
2026-05-29,601012,13:32:12,14.1100,168,2
2026-05-29,601012,13:32:15,14.1200,9,1
2026-05-29,601012,13:32:18,14.1100,806,2
2026-05-29,601012,13:32:21,14.1100,143,2
2026-05-29,601012,13:32:24,14.1100,52,2
2026-05-29,601012,13:32:27,14.1100,121,2
2026-05-29,601012,13:32:30,14.1100,438,2
2026-05-29,601012,13:32:33,14.1200,275,1
2026-05-29,601012,13:32:36,14.1100,43,2
2026-05-29,601012,13:32:39,14.1100,3,2
2026-05-29,601012,13:32:42,14.1100,480,2
2026-05-29,601012,13:32:45,14.1100,57,2
2026-05-29,601012,13:32:48,14.1100,81,2
2026-05-29,601012,13:32:51,14.1100,165,2
2026-05-29,601012,13:32:54,14.1200,39,1
2026-05-29,601012,13:32:57,14.1200,19,1
2026-05-29,601012,13:33:00,14.1200,105,1
2026-05-29,601012,13:33:03,14.1100,116,2
2026-05-29,601012,13:33:06,14.1200,354,1
2026-05-29,601012,13:33:09,14.1100,19,2
2026-05-29,601012,13:33:12,14.1200,295,1
2026-05-29,601012,13:33:15,14.1200,13,1
2026-05-29,601012,13:33:18,14.1200,18,1
2026-05-29,601012,13:33:21,14.1100,174,2
2026-05-29,601012,13:33:24,14.1200,2,1
2026-05-29,601012,13:33:27,14.1100,28,2
2026-05-29,601012,13:33:30,14.1100,11,2
2026-05-29,601012,13:33:33,14.1200,480,1
2026-05-29,601012,13:33:36,14.1200,11,2
2026-05-29,601012,13:33:39,14.1200,10,2
2026-05-29,601012,13:33:42,14.1200,240,2
2026-05-29,601012,13:33:45,14.1200,80,2
2026-05-29,601012,13:33:48,14.1200,31,2
2026-05-29,601012,13:33:51,14.1200,342,2
2026-05-29,601012,13:33:54,14.1200,156,1
2026-05-29,601012,13:33:57,14.1200,23,2
2026-05-29,601012,13:34:00,14.1200,120,2
2026-05-29,601012,13:34:03,14.1200,88,2
2026-05-29,601012,13:34:06,14.1200,56,1
2026-05-29,601012,13:34:09,14.1200,29,1
2026-05-29,601012,13:34:12,14.1200,184,1
2026-05-29,601012,13:34:15,14.1200,92,1
2026-05-29,601012,13:34:18,14.1200,77,2
2026-05-29,601012,13:34:21,14.1300,69,1
2026-05-29,601012,13:34:24,14.1300,125,1
2026-05-29,601012,13:34:27,14.1300,6,1
2026-05-29,601012,13:34:30,14.1300,44,1
2026-05-29,601012,13:34:33,14.1300,156,2
2026-05-29,601012,13:34:36,14.1300,194,2
2026-05-29,601012,13:34:39,14.1300,46,2
2026-05-29,601012,13:34:42,14.1400,162,1
2026-05-29,601012,13:34:45,14.1300,10,2
2026-05-29,601012,13:34:48,14.1400,64,1
2026-05-29,601012,13:34:51,14.1300,311,2
2026-05-29,601012,13:34:54,14.1300,1202,2
2026-05-29,601012,13:34:57,14.1300,164,1
2026-05-29,601012,13:35:00,14.1300,355,1
2026-05-29,601012,13:35:03,14.1300,155,1
2026-05-29,601012,13:35:06,14.1200,44,2
2026-05-29,601012,13:35:09,14.1200,135,2
2026-05-29,601012,13:35:12,14.1200,800,2
2026-05-29,601012,13:35:15,14.1200,20,1
2026-05-29,601012,13:35:18,14.1300,120,1
2026-05-29,601012,13:35:21,14.1200,13,1
2026-05-29,601012,13:35:24,14.1200,305,1
2026-05-29,601012,13:35:30,14.1200,39,1
2026-05-29,601012,13:35:33,14.1200,387,1
2026-05-29,601012,13:35:36,14.1200,8,1
2026-05-29,601012,13:35:39,14.1200,33,1
2026-05-29,601012,13:35:42,14.1100,135,2
2026-05-29,601012,13:35:45,14.1200,93,1
2026-05-29,601012,13:35:48,14.1200,43,1
2026-05-29,601012,13:35:51,14.1100,131,2
2026-05-29,601012,13:35:54,14.1100,15,2
2026-05-29,601012,13:35:57,14.1100,221,2
2026-05-29,601012,13:36:00,14.1200,71,1
2026-05-29,601012,13:36:03,14.1200,178,1
2026-05-29,601012,13:36:06,14.1100,226,2
2026-05-29,601012,13:36:09,14.1000,485,2
2026-05-29,601012,13:36:12,14.1000,23,2
2026-05-29,601012,13:36:15,14.1000,363,2
2026-05-29,601012,13:36:18,14.1100,141,1
2026-05-29,601012,13:36:21,14.1000,43,2
2026-05-29,601012,13:36:24,14.1000,134,2
2026-05-29,601012,13:36:27,14.1000,41,2
2026-05-29,601012,13:36:30,14.1100,111,1
2026-05-29,601012,13:36:33,14.1000,117,2
2026-05-29,601012,13:36:36,14.1100,347,1
2026-05-29,601012,13:36:39,14.1100,70,2
2026-05-29,601012,13:36:42,14.1100,386,2
2026-05-29,601012,13:36:45,14.1100,20,1
2026-05-29,601012,13:36:48,14.1100,51,2
2026-05-29,601012,13:36:51,14.1100,28,1
2026-05-29,601012,13:36:54,14.1200,158,1
2026-05-29,601012,13:36:57,14.1100,82,2
2026-05-29,601012,13:37:00,14.1200,15,1
2026-05-29,601012,13:37:03,14.1200,192,1
2026-05-29,601012,13:37:06,14.1100,9,2
2026-05-29,601012,13:37:09,14.1200,24,1
2026-05-29,601012,13:37:12,14.1200,132,1
2026-05-29,601012,13:37:15,14.1200,82,1
2026-05-29,601012,13:37:18,14.1200,212,2
2026-05-29,601012,13:37:21,14.1300,26,1
2026-05-29,601012,13:37:24,14.1100,108,2
2026-05-29,601012,13:37:27,14.1200,6,1
2026-05-29,601012,13:37:30,14.1100,210,2
2026-05-29,601012,13:37:33,14.1200,145,1
2026-05-29,601012,13:37:36,14.1200,19,1
2026-05-29,601012,13:37:39,14.1100,338,2
2026-05-29,601012,13:37:42,14.1200,140,1
2026-05-29,601012,13:37:45,14.1200,37,1
2026-05-29,601012,13:37:48,14.1200,12,1
2026-05-29,601012,13:37:51,14.1200,17,1
2026-05-29,601012,13:37:54,14.1200,187,1
2026-05-29,601012,13:37:57,14.1200,23,1
2026-05-29,601012,13:38:00,14.1200,32,1
2026-05-29,601012,13:38:03,14.1200,122,1
2026-05-29,601012,13:38:06,14.1100,135,2
2026-05-29,601012,13:38:09,14.1200,47,1
2026-05-29,601012,13:38:12,14.1100,114,2
2026-05-29,601012,13:38:15,14.1200,46,1
2026-05-29,601012,13:38:18,14.1200,22,1
2026-05-29,601012,13:38:21,14.1100,23,2
2026-05-29,601012,13:38:24,14.1100,149,2
2026-05-29,601012,13:38:27,14.1100,121,2
2026-05-29,601012,13:38:30,14.1100,58,2
2026-05-29,601012,13:38:33,14.1100,135,2
2026-05-29,601012,13:38:36,14.1200,36,1
2026-05-29,601012,13:38:39,14.1200,17,1
2026-05-29,601012,13:38:42,14.1200,237,1
2026-05-29,601012,13:38:45,14.1000,1067,2
2026-05-29,601012,13:38:48,14.1100,45,1
2026-05-29,601012,13:38:51,14.1100,108,1
2026-05-29,601012,13:38:54,14.1100,130,1
2026-05-29,601012,13:38:57,14.1100,68,1
2026-05-29,601012,13:39:00,14.1000,40,2
2026-05-29,601012,13:39:03,14.1100,117,1
2026-05-29,601012,13:39:06,14.1100,54,1
2026-05-29,601012,13:39:09,14.1000,33,2
2026-05-29,601012,13:39:12,14.1000,327,2
2026-05-29,601012,13:39:15,14.1100,153,1
2026-05-29,601012,13:39:18,14.1100,236,2
2026-05-29,601012,13:39:21,14.1000,21,2
2026-05-29,601012,13:39:24,14.1100,124,1
2026-05-29,601012,13:39:27,14.1100,65,1
2026-05-29,601012,13:39:30,14.1000,38,2
2026-05-29,601012,13:39:33,14.1100,426,1
2026-05-29,601012,13:39:36,14.1100,111,2
2026-05-29,601012,13:39:39,14.1100,34,2
2026-05-29,601012,13:39:42,14.1100,167,2
2026-05-29,601012,13:39:45,14.1100,28,2
2026-05-29,601012,13:39:48,14.1200,43,1
2026-05-29,601012,13:39:51,14.1100,173,2
2026-05-29,601012,13:39:54,14.1100,366,2
2026-05-29,601012,13:39:57,14.1100,23,2
2026-05-29,601012,13:40:00,14.1100,846,2
2026-05-29,601012,13:40:03,14.1100,374,2
2026-05-29,601012,13:40:06,14.1100,74,1
2026-05-29,601012,13:40:09,14.1100,21,1
2026-05-29,601012,13:40:12,14.1000,631,2
2026-05-29,601012,13:40:15,14.1000,1443,2
2026-05-29,601012,13:40:18,14.1000,120,2
2026-05-29,601012,13:40:21,14.1000,94,2
2026-05-29,601012,13:40:24,14.1100,142,1
2026-05-29,601012,13:40:27,14.1000,152,2
2026-05-29,601012,13:40:30,14.1100,60,1
2026-05-29,601012,13:40:33,14.1100,408,1
2026-05-29,601012,13:40:36,14.1100,175,1
2026-05-29,601012,13:40:39,14.1000,35,2
2026-05-29,601012,13:40:42,14.1100,134,1
2026-05-29,601012,13:40:45,14.1000,115,2
2026-05-29,601012,13:40:48,14.1000,1748,2
2026-05-29,601012,13:40:51,14.1000,84,2
2026-05-29,601012,13:40:54,14.1000,15,1
2026-05-29,601012,13:40:57,14.1000,653,1
2026-05-29,601012,13:41:00,14.1000,24,1
2026-05-29,601012,13:41:03,14.0900,129,2
2026-05-29,601012,13:41:06,14.0900,3122,2
2026-05-29,601012,13:41:09,14.0900,34,1
2026-05-29,601012,13:41:12,14.0900,170,1
2026-05-29,601012,13:41:15,14.0800,73,2
2026-05-29,601012,13:41:18,14.0800,331,2
2026-05-29,601012,13:41:21,14.0800,738,2
2026-05-29,601012,13:41:24,14.0800,120,1
2026-05-29,601012,13:41:27,14.0700,81,2
2026-05-29,601012,13:41:30,14.0800,43,1
2026-05-29,601012,13:41:33,14.0700,248,2
2026-05-29,601012,13:41:36,14.0800,69,1
2026-05-29,601012,13:41:39,14.0700,88,2
2026-05-29,601012,13:41:42,14.0700,244,2
2026-05-29,601012,13:41:45,14.0700,266,2
2026-05-29,601012,13:41:48,14.0700,104,2
2026-05-29,601012,13:41:51,14.0700,436,2
2026-05-29,601012,13:41:54,14.0700,127,2
2026-05-29,601012,13:41:57,14.0700,64,2
2026-05-29,601012,13:42:00,14.0800,37,1
2026-05-29,601012,13:42:03,14.0700,140,2
2026-05-29,601012,13:42:06,14.0800,28,1
2026-05-29,601012,13:42:09,14.0800,178,1
2026-05-29,601012,13:42:12,14.0900,160,1
2026-05-29,601012,13:42:15,14.0900,62,1
2026-05-29,601012,13:42:18,14.0800,128,2
2026-05-29,601012,13:42:21,14.0900,80,1
2026-05-29,601012,13:42:24,14.0900,187,1
2026-05-29,601012,13:42:27,14.0800,41,2
2026-05-29,601012,13:42:30,14.0900,24,1
2026-05-29,601012,13:42:33,14.0900,156,1
2026-05-29,601012,13:42:36,14.0900,72,1
2026-05-29,601012,13:42:39,14.0900,69,1
2026-05-29,601012,13:42:42,14.0900,153,1
2026-05-29,601012,13:42:45,14.0900,1935,1
2026-05-29,601012,13:42:48,14.0900,284,2
2026-05-29,601012,13:42:51,14.0900,24,2
2026-05-29,601012,13:42:54,14.0900,106,2
2026-05-29,601012,13:42:57,14.0900,59,1
2026-05-29,601012,13:43:00,14.0800,33,2
2026-05-29,601012,13:43:03,14.0800,189,2
2026-05-29,601012,13:43:06,14.0900,43,1
2026-05-29,601012,13:43:09,14.0900,78,1
2026-05-29,601012,13:43:12,14.0800,140,2
2026-05-29,601012,13:43:15,14.0800,382,2
2026-05-29,601012,13:43:18,14.0800,298,2
2026-05-29,601012,13:43:21,14.0800,210,1
2026-05-29,601012,13:43:24,14.0800,223,1
2026-05-29,601012,13:43:27,14.0800,19,1
2026-05-29,601012,13:43:30,14.0700,39,2
2026-05-29,601012,13:43:33,14.0700,164,2
2026-05-29,601012,13:43:36,14.0700,16,2
2026-05-29,601012,13:43:39,14.0800,44,1
2026-05-29,601012,13:43:42,14.0700,149,2
2026-05-29,601012,13:43:45,14.0700,9,2
2026-05-29,601012,13:43:48,14.0700,8,2
2026-05-29,601012,13:43:51,14.0700,43,2
2026-05-29,601012,13:43:54,14.0800,189,1
2026-05-29,601012,13:43:57,14.0800,25,1
2026-05-29,601012,13:44:00,14.0800,3,1
2026-05-29,601012,13:44:03,14.0700,187,2
2026-05-29,601012,13:44:06,14.0800,14,1
2026-05-29,601012,13:44:09,14.0800,115,1
2026-05-29,601012,13:44:12,14.0800,362,1
2026-05-29,601012,13:44:15,14.0800,8,1
2026-05-29,601012,13:44:18,14.0800,40,1
2026-05-29,601012,13:44:21,14.0700,25,2
2026-05-29,601012,13:44:24,14.0700,155,2
2026-05-29,601012,13:44:27,14.0800,53,1
2026-05-29,601012,13:44:30,14.0700,37,2
2026-05-29,601012,13:44:33,14.0700,309,2
2026-05-29,601012,13:44:36,14.0700,3,2
2026-05-29,601012,13:44:39,14.0800,50,1
2026-05-29,601012,13:44:42,14.0800,173,1
2026-05-29,601012,13:44:45,14.0800,91,1
2026-05-29,601012,13:44:48,14.0800,34,1
2026-05-29,601012,13:44:51,14.0700,39,2
2026-05-29,601012,13:44:54,14.0800,146,1
2026-05-29,601012,13:44:57,14.0800,2,1
2026-05-29,601012,13:45:00,14.0700,189,2
2026-05-29,601012,13:45:03,14.0800,262,1
2026-05-29,601012,13:45:06,14.0700,13,2
2026-05-29,601012,13:45:09,14.0800,21,1
2026-05-29,601012,13:45:12,14.0700,158,2
2026-05-29,601012,13:45:15,14.0700,28,2
2026-05-29,601012,13:45:18,14.0700,22,2
2026-05-29,601012,13:45:21,14.0800,221,1
2026-05-29,601012,13:45:24,14.0700,260,2
2026-05-29,601012,13:45:27,14.0700,36,2
2026-05-29,601012,13:45:30,14.0800,24,1
2026-05-29,601012,13:45:33,14.0700,153,2
2026-05-29,601012,13:45:36,14.0700,5,2
2026-05-29,601012,13:45:39,14.0700,76,2
2026-05-29,601012,13:45:42,14.0700,143,2
2026-05-29,601012,13:45:45,14.0700,19,2
2026-05-29,601012,13:45:48,14.0800,10,1
2026-05-29,601012,13:45:51,14.0700,8,2
2026-05-29,601012,13:45:54,14.0700,118,2
2026-05-29,601012,13:45:57,14.0700,34,2
2026-05-29,601012,13:46:00,14.0800,255,1
2026-05-29,601012,13:46:03,14.0700,189,2
2026-05-29,601012,13:46:06,14.0800,108,1
2026-05-29,601012,13:46:09,14.0800,44,1
2026-05-29,601012,13:46:12,14.0700,271,2
2026-05-29,601012,13:46:15,14.0800,56,1
2026-05-29,601012,13:46:18,14.0700,14,2
2026-05-29,601012,13:46:21,14.0800,245,1
2026-05-29,601012,13:46:24,14.0800,736,1
2026-05-29,601012,13:46:27,14.0800,62,2
2026-05-29,601012,13:46:30,14.0800,3,2
2026-05-29,601012,13:46:33,14.0900,210,1
2026-05-29,601012,13:46:36,14.0800,64,2
2026-05-29,601012,13:46:39,14.0900,54,1
2026-05-29,601012,13:46:42,14.0800,131,2
2026-05-29,601012,13:46:45,14.0800,20,2
2026-05-29,601012,13:46:48,14.0800,7,2
2026-05-29,601012,13:46:51,14.0900,15,1
2026-05-29,601012,13:46:54,14.0800,111,2
2026-05-29,601012,13:46:57,14.0800,286,2
2026-05-29,601012,13:47:00,14.0900,24,1
2026-05-29,601012,13:47:03,14.0800,466,2
2026-05-29,601012,13:47:06,14.0800,60,1
2026-05-29,601012,13:47:09,14.0800,130,1
2026-05-29,601012,13:47:12,14.0800,246,1
2026-05-29,601012,13:47:15,14.0800,61,1
2026-05-29,601012,13:47:18,14.0800,43,1
2026-05-29,601012,13:47:21,14.0800,586,1
2026-05-29,601012,13:47:24,14.0800,213,1
2026-05-29,601012,13:47:27,14.0800,343,1
2026-05-29,601012,13:47:30,14.0800,48,2
2026-05-29,601012,13:47:33,14.0900,141,1
2026-05-29,601012,13:47:36,14.0900,108,1
2026-05-29,601012,13:47:39,14.0900,36,1
2026-05-29,601012,13:47:42,14.0900,154,1
2026-05-29,601012,13:47:45,14.0800,55,2
2026-05-29,601012,13:47:48,14.0900,86,1
2026-05-29,601012,13:47:51,14.0900,50,1
2026-05-29,601012,13:47:54,14.0800,119,2
2026-05-29,601012,13:47:57,14.0800,120,2
2026-05-29,601012,13:48:00,14.0900,111,1
2026-05-29,601012,13:48:03,14.0800,157,2
2026-05-29,601012,13:48:06,14.0800,138,2
2026-05-29,601012,13:48:09,14.0900,30,1
2026-05-29,601012,13:48:12,14.0800,130,2
2026-05-29,601012,13:48:15,14.0900,115,1
2026-05-29,601012,13:48:18,14.0800,44,2
2026-05-29,601012,13:48:21,14.0900,59,1
2026-05-29,601012,13:48:24,14.0800,151,2
2026-05-29,601012,13:48:27,14.0900,7,1
2026-05-29,601012,13:48:30,14.0900,152,1
2026-05-29,601012,13:48:33,14.0900,164,1
2026-05-29,601012,13:48:36,14.0800,99,2
2026-05-29,601012,13:48:39,14.0800,108,2
2026-05-29,601012,13:48:42,14.0800,222,2
2026-05-29,601012,13:48:45,14.0800,140,2
2026-05-29,601012,13:48:48,14.0800,25,2
2026-05-29,601012,13:48:51,14.0800,318,2
2026-05-29,601012,13:48:54,14.0800,429,2
2026-05-29,601012,13:48:57,14.0800,20,2
2026-05-29,601012,13:49:00,14.0800,2104,2
2026-05-29,601012,13:49:03,14.0800,21,1
2026-05-29,601012,13:49:06,14.0800,102,1
2026-05-29,601012,13:49:09,14.0800,50,1
2026-05-29,601012,13:49:12,14.0800,243,1
2026-05-29,601012,13:49:15,14.0800,83,1
2026-05-29,601012,13:49:18,14.0900,20,1
2026-05-29,601012,13:49:21,14.0800,103,2
2026-05-29,601012,13:49:24,14.0900,112,1
2026-05-29,601012,13:49:27,14.0800,45,2
2026-05-29,601012,13:49:30,14.0900,1,1
2026-05-29,601012,13:49:33,14.0800,132,2
2026-05-29,601012,13:49:36,14.0800,66,2
2026-05-29,601012,13:49:39,14.0800,23,2
2026-05-29,601012,13:49:42,14.0800,117,2
2026-05-29,601012,13:49:45,14.0800,117,2
2026-05-29,601012,13:49:48,14.0800,42,2
2026-05-29,601012,13:49:51,14.0900,191,1
2026-05-29,601012,13:49:54,14.0800,118,2
2026-05-29,601012,13:49:57,14.0900,20,1
2026-05-29,601012,13:50:00,14.0900,72,1
2026-05-29,601012,13:50:03,14.0900,170,1
2026-05-29,601012,13:50:06,14.0900,1,1
2026-05-29,601012,13:50:09,14.0800,15,2
2026-05-29,601012,13:50:12,14.0900,134,1
2026-05-29,601012,13:50:15,14.0900,64,1
2026-05-29,601012,13:50:18,14.0900,33,1
2026-05-29,601012,13:50:21,14.0900,38,1
2026-05-29,601012,13:50:24,14.0800,422,2
2026-05-29,601012,13:50:27,14.0800,305,2
2026-05-29,601012,13:50:30,14.0800,55,1
2026-05-29,601012,13:50:33,14.0700,244,2
2026-05-29,601012,13:50:36,14.0800,75,1
2026-05-29,601012,13:50:39,14.0800,10,1
2026-05-29,601012,13:50:42,14.0800,152,1
2026-05-29,601012,13:50:45,14.0700,33,2
2026-05-29,601012,13:50:48,14.0800,55,1
2026-05-29,601012,13:50:54,14.0800,217,1
2026-05-29,601012,13:50:57,14.0800,111,1
2026-05-29,601012,13:51:00,14.0800,83,1
2026-05-29,601012,13:51:03,14.0800,163,1
2026-05-29,601012,13:51:06,14.0700,42,2
2026-05-29,601012,13:51:09,14.0800,35,1
2026-05-29,601012,13:51:12,14.0800,247,1
2026-05-29,601012,13:51:15,14.0800,43,1
2026-05-29,601012,13:51:18,14.0800,88,1
2026-05-29,601012,13:51:21,14.0800,26,1
2026-05-29,601012,13:51:24,14.0700,131,2
2026-05-29,601012,13:51:27,14.0800,29,1
2026-05-29,601012,13:51:30,14.0700,1129,2
2026-05-29,601012,13:51:33,14.0700,69,1
2026-05-29,601012,13:51:36,14.0700,128,1
2026-05-29,601012,13:51:39,14.0700,77,1
2026-05-29,601012,13:51:42,14.0600,262,2
2026-05-29,601012,13:51:45,14.0600,187,2
2026-05-29,601012,13:51:48,14.0600,469,2
2026-05-29,601012,13:51:51,14.0600,482,2
2026-05-29,601012,13:51:54,14.0600,716,2
2026-05-29,601012,13:51:57,14.0600,187,1
2026-05-29,601012,13:52:00,14.0600,26,1
2026-05-29,601012,13:52:03,14.0600,108,1
2026-05-29,601012,13:52:06,14.0500,14,2
2026-05-29,601012,13:52:09,14.0600,36,1
2026-05-29,601012,13:52:12,14.0600,302,1
2026-05-29,601012,13:52:15,14.0600,65,1
2026-05-29,601012,13:52:18,14.0500,38,2
2026-05-29,601012,13:52:21,14.0600,102,1
2026-05-29,601012,13:52:24,14.0500,433,2
2026-05-29,601012,13:52:27,14.0500,74,2
2026-05-29,601012,13:52:30,14.0600,61,1
2026-05-29,601012,13:52:33,14.0500,159,2
2026-05-29,601012,13:52:36,14.0500,47,2
2026-05-29,601012,13:52:39,14.0500,226,2
2026-05-29,601012,13:52:42,14.0500,604,2
2026-05-29,601012,13:52:45,14.0400,2505,2
2026-05-29,601012,13:52:48,14.0500,1547,1
2026-05-29,601012,13:52:51,14.0400,28,2
2026-05-29,601012,13:52:54,14.0400,239,2
2026-05-29,601012,13:52:57,14.0400,9,1
2026-05-29,601012,13:53:00,14.0400,27,1
2026-05-29,601012,13:53:03,14.0300,128,2
2026-05-29,601012,13:53:06,14.0300,866,2
2026-05-29,601012,13:53:09,14.0300,719,2
2026-05-29,601012,13:53:12,14.0300,52,2
2026-05-29,601012,13:53:15,14.0400,251,1
2026-05-29,601012,13:53:18,14.0400,90,1
2026-05-29,601012,13:53:21,14.0400,70,1
2026-05-29,601012,13:53:24,14.0400,172,1
2026-05-29,601012,13:53:27,14.0400,370,1
2026-05-29,601012,13:53:30,14.0300,98,2
2026-05-29,601012,13:53:33,14.0300,166,2
2026-05-29,601012,13:53:36,14.0400,177,4
2026-05-29,601012,13:53:39,14.0400,534,1
2026-05-29,601012,13:53:42,14.0400,543,2
2026-05-29,601012,13:53:45,14.0400,330,2
2026-05-29,601012,13:53:48,14.0400,20,1
2026-05-29,601012,13:53:51,14.0300,86,2
2026-05-29,601012,13:53:54,14.0300,58,2
2026-05-29,601012,13:53:57,14.0300,43,1
2026-05-29,601012,13:54:00,14.0400,111,1
2026-05-29,601012,13:54:03,14.0300,138,2
2026-05-29,601012,13:54:06,14.0300,265,1
2026-05-29,601012,13:54:09,14.0300,316,1
2026-05-29,601012,13:54:12,14.0300,21,2
2026-05-29,601012,13:54:15,14.0300,364,2
2026-05-29,601012,13:54:18,14.0200,26,2
2026-05-29,601012,13:54:21,14.0200,53,2
2026-05-29,601012,13:54:24,14.0200,287,2
2026-05-29,601012,13:54:27,14.0300,61,1
2026-05-29,601012,13:54:30,14.0300,103,1
2026-05-29,601012,13:54:33,14.0300,87,1
2026-05-29,601012,13:54:36,14.0300,237,1
2026-05-29,601012,13:54:39,14.0300,138,1
2026-05-29,601012,13:54:42,14.0300,235,2
2026-05-29,601012,13:54:45,14.0300,43,1
2026-05-29,601012,13:54:48,14.0200,60,2
2026-05-29,601012,13:54:51,14.0300,38,1
2026-05-29,601012,13:54:54,14.0200,191,2
2026-05-29,601012,13:54:57,14.0300,151,1
2026-05-29,601012,13:55:00,14.0300,1373,2
2026-05-29,601012,13:55:03,14.0300,318,1
2026-05-29,601012,13:55:06,14.0300,571,1
2026-05-29,601012,13:55:09,14.0300,84,1
2026-05-29,601012,13:55:12,14.0300,899,1
2026-05-29,601012,13:55:15,14.0300,400,2
2026-05-29,601012,13:55:18,14.0400,47,1
2026-05-29,601012,13:55:21,14.0400,98,1
2026-05-29,601012,13:55:24,14.0300,221,2
2026-05-29,601012,13:55:27,14.0300,138,1
2026-05-29,601012,13:55:30,14.0300,225,1
2026-05-29,601012,13:55:33,14.0300,80,1
2026-05-29,601012,13:55:36,14.0300,307,1
2026-05-29,601012,13:55:39,14.0300,154,1
2026-05-29,601012,13:55:42,14.0300,721,1
2026-05-29,601012,13:55:45,14.0300,295,2
2026-05-29,601012,13:55:48,14.0300,101,2
2026-05-29,601012,13:55:51,14.0300,48,2
2026-05-29,601012,13:55:54,14.0300,228,2
2026-05-29,601012,13:55:57,14.0300,12,1
2026-05-29,601012,13:56:00,14.0300,119,1
2026-05-29,601012,13:56:03,14.0300,203,1
2026-05-29,601012,13:56:06,14.0300,303,1
2026-05-29,601012,13:56:09,14.0300,114,1
2026-05-29,601012,13:56:12,14.0300,70,1
2026-05-29,601012,13:56:15,14.0300,273,1
2026-05-29,601012,13:56:18,14.0300,61,1
2026-05-29,601012,13:56:21,14.0300,140,1
2026-05-29,601012,13:56:24,14.0300,265,1
2026-05-29,601012,13:56:27,14.0300,129,1
2026-05-29,601012,13:56:30,14.0300,2181,1
2026-05-29,601012,13:56:33,14.0300,157,1
2026-05-29,601012,13:56:36,14.0300,330,1
2026-05-29,601012,13:56:39,14.0200,43,2
2026-05-29,601012,13:56:42,14.0200,175,2
2026-05-29,601012,13:56:45,14.0200,177,2
2026-05-29,601012,13:56:48,14.0200,1519,2
2026-05-29,601012,13:56:51,14.0200,337,1
2026-05-29,601012,13:56:54,14.0100,558,2
2026-05-29,601012,13:56:57,14.0200,431,1
2026-05-29,601012,13:57:00,14.0200,74,1
2026-05-29,601012,13:57:03,14.0100,31,2
2026-05-29,601012,13:57:06,14.0100,441,2
2026-05-29,601012,13:57:09,14.0100,2108,2
2026-05-29,601012,13:57:12,14.0100,111,2
2026-05-29,601012,13:57:15,14.0100,247,2
2026-05-29,601012,13:57:18,14.0100,1064,2
2026-05-29,601012,13:57:21,14.0200,30,1
2026-05-29,601012,13:57:24,14.0200,203,1
2026-05-29,601012,13:57:27,14.0100,300,2
2026-05-29,601012,13:57:30,14.0100,2098,2
2026-05-29,601012,13:57:33,14.0100,152,2
2026-05-29,601012,13:57:36,14.0100,1847,2
2026-05-29,601012,13:57:39,14.0200,105,1
2026-05-29,601012,13:57:42,14.0100,386,2
2026-05-29,601012,13:57:45,14.0200,205,1
2026-05-29,601012,13:57:48,14.0100,165,2
2026-05-29,601012,13:57:51,14.0200,63,1
2026-05-29,601012,13:57:54,14.0200,204,1
2026-05-29,601012,13:57:57,14.0100,27,2
2026-05-29,601012,13:58:00,14.0200,17,1
2026-05-29,601012,13:58:03,14.0200,152,1
2026-05-29,601012,13:58:06,14.0100,458,2
2026-05-29,601012,13:58:09,14.0200,110,1
2026-05-29,601012,13:58:12,14.0200,160,1
2026-05-29,601012,13:58:15,14.0200,260,1
2026-05-29,601012,13:58:18,14.0200,30,1
2026-05-29,601012,13:58:21,14.0200,138,1
2026-05-29,601012,13:58:24,14.0200,186,1
2026-05-29,601012,13:58:27,14.0200,80,1
2026-05-29,601012,13:58:30,14.0200,36,1
2026-05-29,601012,13:58:33,14.0200,57,1
2026-05-29,601012,13:58:36,14.0200,250,1
2026-05-29,601012,13:58:39,14.0200,68,1
2026-05-29,601012,13:58:42,14.0100,83,2
2026-05-29,601012,13:58:45,14.0100,490,2
2026-05-29,601012,13:58:48,14.0200,72,1
2026-05-29,601012,13:58:51,14.0200,18,1
2026-05-29,601012,13:58:54,14.0200,204,1
2026-05-29,601012,13:58:57,14.0100,64,2
2026-05-29,601012,13:59:00,14.0100,141,2
2026-05-29,601012,13:59:03,14.0100,78,2
2026-05-29,601012,13:59:06,14.0100,214,2
2026-05-29,601012,13:59:09,14.0100,145,2
2026-05-29,601012,13:59:12,14.0200,356,1
2026-05-29,601012,13:59:15,14.0100,934,2
2026-05-29,601012,13:59:18,14.0200,103,1
2026-05-29,601012,13:59:21,14.0100,48,2
2026-05-29,601012,13:59:24,14.0200,291,1
2026-05-29,601012,13:59:27,14.0100,112,2
2026-05-29,601012,13:59:30,14.0100,263,2
2026-05-29,601012,13:59:33,14.0100,85,2
2026-05-29,601012,13:59:36,14.0100,2642,2
2026-05-29,601012,13:59:39,14.0100,140,1
2026-05-29,601012,13:59:42,14.0100,85,1
2026-05-29,601012,13:59:45,14.0000,311,2
2026-05-29,601012,13:59:48,14.0100,851,1
2026-05-29,601012,13:59:51,14.0100,590,1
2026-05-29,601012,13:59:54,14.0100,657,1
2026-05-29,601012,13:59:57,14.0100,194,2
2026-05-29,601012,14:00:00,14.0100,874,2
2026-05-29,601012,14:00:03,14.0100,172,2
2026-05-29,601012,14:00:06,14.0100,262,2
2026-05-29,601012,14:00:09,14.0100,120,1
2026-05-29,601012,14:00:12,14.0000,1106,2
2026-05-29,601012,14:00:15,14.0100,244,1
2026-05-29,601012,14:00:18,14.0100,314,1
2026-05-29,601012,14:00:21,14.0100,133,1
2026-05-29,601012,14:00:24,14.0000,283,2
2026-05-29,601012,14:00:27,14.0100,107,1
2026-05-29,601012,14:00:30,14.0200,396,1
2026-05-29,601012,14:00:33,14.0100,29,2
2026-05-29,601012,14:00:36,14.0200,175,1
2026-05-29,601012,14:00:39,14.0100,668,2
2026-05-29,601012,14:00:42,14.0100,379,1
2026-05-29,601012,14:00:45,14.0100,349,1
2026-05-29,601012,14:00:48,14.0100,386,1
2026-05-29,601012,14:00:51,14.0000,117,2
2026-05-29,601012,14:00:54,14.0100,342,1
2026-05-29,601012,14:00:57,14.0100,1131,1
2026-05-29,601012,14:01:00,14.0100,654,2
2026-05-29,601012,14:01:03,14.0100,170,1
2026-05-29,601012,14:01:06,14.0100,1750,1
2026-05-29,601012,14:01:09,14.0000,115,2
2026-05-29,601012,14:01:12,14.0000,55,2
2026-05-29,601012,14:01:15,14.0000,204,2
2026-05-29,601012,14:01:18,14.0100,1328,1
2026-05-29,601012,14:01:21,14.0100,1056,1
2026-05-29,601012,14:01:24,14.0000,232,2
2026-05-29,601012,14:01:27,14.0100,10,1
2026-05-29,601012,14:01:30,14.0100,237,1
2026-05-29,601012,14:01:33,14.0100,1832,1
2026-05-29,601012,14:01:36,14.0100,850,1
2026-05-29,601012,14:01:39,14.0100,657,1
2026-05-29,601012,14:01:42,14.0100,58,1
2026-05-29,601012,14:01:45,14.0000,436,2
2026-05-29,601012,14:01:48,14.0100,80,1
2026-05-29,601012,14:01:51,14.0100,11,1
2026-05-29,601012,14:01:54,14.0000,237,2
2026-05-29,601012,14:01:57,14.0000,220,2
2026-05-29,601012,14:02:00,14.0000,17288,2
2026-05-29,601012,14:02:03,13.9900,21821,2
2026-05-29,601012,14:02:06,13.9800,1612,2
2026-05-29,601012,14:02:09,13.9700,187,2
2026-05-29,601012,14:02:12,13.9700,812,2
2026-05-29,601012,14:02:15,13.9800,511,1
2026-05-29,601012,14:02:18,13.9700,562,2
2026-05-29,601012,14:02:21,13.9800,567,1
2026-05-29,601012,14:02:24,13.9800,370,1
2026-05-29,601012,14:02:27,13.9800,184,1
2026-05-29,601012,14:02:30,13.9700,93,2
2026-05-29,601012,14:02:33,13.9800,122,1
2026-05-29,601012,14:02:36,13.9700,286,2
2026-05-29,601012,14:02:39,13.9800,138,1
2026-05-29,601012,14:02:42,13.9800,295,1
2026-05-29,601012,14:02:45,13.9700,1219,2
2026-05-29,601012,14:02:48,13.9700,288,2
2026-05-29,601012,14:02:51,13.9800,2024,1
2026-05-29,601012,14:02:54,13.9700,750,2
2026-05-29,601012,14:02:57,13.9800,1174,1
2026-05-29,601012,14:03:00,13.9800,138,1
2026-05-29,601012,14:03:03,13.9800,78,1
2026-05-29,601012,14:03:06,13.9700,177,2
2026-05-29,601012,14:03:09,13.9800,342,1
2026-05-29,601012,14:03:12,13.9800,1585,1
2026-05-29,601012,14:03:15,13.9700,192,2
2026-05-29,601012,14:03:18,13.9800,321,1
2026-05-29,601012,14:03:21,13.9800,459,1
2026-05-29,601012,14:03:24,13.9800,289,1
2026-05-29,601012,14:03:27,13.9700,328,2
2026-05-29,601012,14:03:30,13.9700,322,2
2026-05-29,601012,14:03:33,13.9700,209,2
2026-05-29,601012,14:03:36,13.9800,276,1
2026-05-29,601012,14:03:39,13.9700,2294,2
2026-05-29,601012,14:03:42,13.9700,4195,2
2026-05-29,601012,14:03:45,13.9700,128,1
2026-05-29,601012,14:03:48,13.9700,240,1
2026-05-29,601012,14:03:51,13.9700,752,1
2026-05-29,601012,14:03:54,13.9700,175,1
2026-05-29,601012,14:03:57,13.9700,148,1
2026-05-29,601012,14:04:00,13.9700,348,1
2026-05-29,601012,14:04:03,13.9600,1835,2
2026-05-29,601012,14:04:06,13.9600,1384,2
2026-05-29,601012,14:04:09,13.9700,273,1
2026-05-29,601012,14:04:12,13.9700,297,1
2026-05-29,601012,14:04:15,13.9600,205,2
2026-05-29,601012,14:04:18,13.9500,873,2
2026-05-29,601012,14:04:21,13.9600,315,1
2026-05-29,601012,14:04:24,13.9600,263,1
2026-05-29,601012,14:04:27,13.9600,168,1
2026-05-29,601012,14:04:30,13.9600,421,1
2026-05-29,601012,14:04:33,13.9600,283,1
2026-05-29,601012,14:04:36,13.9600,355,1
2026-05-29,601012,14:04:39,13.9600,452,1
2026-05-29,601012,14:04:42,13.9500,545,2
2026-05-29,601012,14:04:45,13.9600,228,1
2026-05-29,601012,14:04:48,13.9600,1820,1
2026-05-29,601012,14:04:51,13.9500,269,2
2026-05-29,601012,14:04:54,13.9600,346,1
2026-05-29,601012,14:04:57,13.9600,1492,1
2026-05-29,601012,14:05:00,13.9700,134,1
2026-05-29,601012,14:05:03,13.9600,1177,2
2026-05-29,601012,14:05:06,13.9600,120,1
2026-05-29,601012,14:05:09,13.9600,136,2
2026-05-29,601012,14:05:12,13.9700,319,1
2026-05-29,601012,14:05:15,13.9600,61,2
2026-05-29,601012,14:05:18,13.9700,1215,1
2026-05-29,601012,14:05:21,13.9600,245,2
2026-05-29,601012,14:05:24,13.9600,156,2
2026-05-29,601012,14:05:27,13.9500,1504,2
2026-05-29,601012,14:05:30,13.9600,235,1
2026-05-29,601012,14:05:33,13.9600,6277,1
2026-05-29,601012,14:05:36,13.9600,770,1
2026-05-29,601012,14:05:39,13.9600,141,1
2026-05-29,601012,14:05:42,13.9600,1007,1
2026-05-29,601012,14:05:45,13.9600,388,1
2026-05-29,601012,14:05:48,13.9600,433,1
2026-05-29,601012,14:05:51,13.9600,349,1
2026-05-29,601012,14:05:54,13.9600,218,1
2026-05-29,601012,14:05:57,13.9600,367,1
2026-05-29,601012,14:06:00,13.9600,321,1
2026-05-29,601012,14:06:03,13.9600,327,1
2026-05-29,601012,14:06:06,13.9600,66,1
2026-05-29,601012,14:06:09,13.9600,304,1
2026-05-29,601012,14:06:12,13.9600,233,1
2026-05-29,601012,14:06:15,13.9700,793,1
2026-05-29,601012,14:06:18,13.9600,302,2
2026-05-29,601012,14:06:21,13.9600,138,1
2026-05-29,601012,14:06:24,13.9600,99,2
2026-05-29,601012,14:06:27,13.9700,146,1
2026-05-29,601012,14:06:30,13.9700,114,1
2026-05-29,601012,14:06:33,13.9700,175,1
2026-05-29,601012,14:06:36,13.9700,328,1
2026-05-29,601012,14:06:39,13.9700,713,1
2026-05-29,601012,14:06:42,13.9700,345,1
2026-05-29,601012,14:06:45,13.9700,492,2
2026-05-29,601012,14:06:48,13.9700,525,1
2026-05-29,601012,14:06:51,13.9700,135,2
2026-05-29,601012,14:06:54,13.9700,532,1
2026-05-29,601012,14:06:57,13.9600,347,2
2026-05-29,601012,14:07:00,13.9700,450,1
2026-05-29,601012,10:56:24,14.0400,24,2
2026-05-29,601012,10:56:27,14.0400,436,2
2026-05-29,601012,10:56:30,14.0500,11,1
2026-05-29,601012,10:56:33,14.0500,56,1
2026-05-29,601012,10:56:36,14.0500,13,1
2026-05-29,601012,10:56:39,14.0500,62,1
2026-05-29,601012,10:56:42,14.0500,49,1
2026-05-29,601012,10:56:45,14.0500,115,1
2026-05-29,601012,10:56:48,14.0500,93,1
2026-05-29,601012,10:56:51,14.0400,569,2
2026-05-29,601012,10:56:54,14.0400,33,1
2026-05-29,601012,10:56:57,14.0400,15,1
2026-05-29,601012,10:57:00,14.0400,34,1
2026-05-29,601012,10:57:03,14.0300,63,2
2026-05-29,601012,10:57:06,14.0400,60,1
2026-05-29,601012,10:57:09,14.0400,67,1
2026-05-29,601012,10:57:12,14.0400,15,1
2026-05-29,601012,10:57:18,14.0400,55,1
2026-05-29,601012,10:57:21,14.0400,311,1
2026-05-29,601012,10:57:24,14.0300,90,2
2026-05-29,601012,10:57:27,14.0300,47,2
2026-05-29,601012,10:57:30,14.0300,135,2
2026-05-29,601012,10:57:33,14.0400,76,1
2026-05-29,601012,10:57:36,14.0300,266,2
2026-05-29,601012,10:57:39,14.0300,30,1
2026-05-29,601012,10:57:42,14.0300,38,1
2026-05-29,601012,10:57:45,14.0200,19,2
2026-05-29,601012,10:57:48,14.0300,54,1
2026-05-29,601012,10:57:51,14.0300,64,1
2026-05-29,601012,10:57:54,14.0300,73,1
2026-05-29,601012,10:57:57,14.0300,3,1
2026-05-29,601012,10:58:00,14.0300,49,1
2026-05-29,601012,10:58:03,14.0300,31,1
2026-05-29,601012,10:58:06,14.0300,64,1
2026-05-29,601012,10:58:09,14.0200,52,2
2026-05-29,601012,10:58:12,14.0200,121,2
2026-05-29,601012,10:58:15,14.0200,24,2
2026-05-29,601012,10:58:18,14.0300,81,1
2026-05-29,601012,10:58:21,14.0200,11,2
2026-05-29,601012,10:58:24,14.0200,61,2
2026-05-29,601012,10:58:27,14.0200,66,2
2026-05-29,601012,10:58:30,14.0200,10,2
2026-05-29,601012,10:58:33,14.0200,208,2
2026-05-29,601012,10:58:36,14.0200,65,2
2026-05-29,601012,10:58:39,14.0200,41,2
2026-05-29,601012,10:58:42,14.0300,271,1
2026-05-29,601012,10:58:45,14.0300,94,1
2026-05-29,601012,10:58:48,14.0300,21,1
2026-05-29,601012,10:58:51,14.0200,36,2
2026-05-29,601012,10:58:54,14.0200,34,2
2026-05-29,601012,10:58:57,14.0300,64,1
2026-05-29,601012,10:59:00,14.0300,13,1
2026-05-29,601012,10:59:03,14.0200,37,2
2026-05-29,601012,10:59:06,14.0200,85,2
2026-05-29,601012,10:59:09,14.0200,30,2
2026-05-29,601012,10:59:12,14.0200,57,2
2026-05-29,601012,10:59:15,14.0300,173,1
2026-05-29,601012,10:59:18,14.0300,103,1
2026-05-29,601012,10:59:21,14.0200,25,2
2026-05-29,601012,10:59:24,14.0300,9,1
2026-05-29,601012,10:59:27,14.0200,101,2
2026-05-29,601012,10:59:30,14.0300,39,1
2026-05-29,601012,10:59:33,14.0300,22,1
2026-05-29,601012,10:59:36,14.0300,99,1
2026-05-29,601012,10:59:39,14.0200,165,2
2026-05-29,601012,10:59:42,14.0300,108,1
2026-05-29,601012,10:59:45,14.0200,67,2
2026-05-29,601012,10:59:48,14.0300,100,1
2026-05-29,601012,10:59:51,14.0200,117,2
2026-05-29,601012,10:59:54,14.0200,28,2
2026-05-29,601012,10:59:57,14.0300,9,1
2026-05-29,601012,11:00:00,14.0300,15,1
2026-05-29,601012,11:00:03,14.0300,41,1
2026-05-29,601012,11:00:06,14.0300,1233,1
2026-05-29,601012,11:00:09,14.0300,24,2
2026-05-29,601012,11:00:12,14.0300,87,2
2026-05-29,601012,11:00:15,14.0300,86,2
2026-05-29,601012,11:00:18,14.0300,25,2
2026-05-29,601012,11:00:21,14.0400,695,1
2026-05-29,601012,11:00:24,14.0300,42,2
2026-05-29,601012,11:00:27,14.0400,50,1
2026-05-29,601012,11:00:30,14.0400,267,1
2026-05-29,601012,11:00:33,14.0300,12,4
2026-05-29,601012,11:00:36,14.0300,10,1
2026-05-29,601012,11:00:39,14.0300,11,2
2026-05-29,601012,11:00:42,14.0300,73,2
2026-05-29,601012,11:00:45,14.0400,31,1
2026-05-29,601012,11:00:48,14.0300,150,2
2026-05-29,601012,11:00:51,14.0300,96,1
2026-05-29,601012,11:00:54,14.0400,8,1
2026-05-29,601012,11:00:57,14.0300,157,2
2026-05-29,601012,11:01:00,14.0300,21,1
2026-05-29,601012,11:01:03,14.0300,38,1
2026-05-29,601012,11:01:06,14.0300,487,1
2026-05-29,601012,11:01:09,14.0300,52,1
2026-05-29,601012,11:01:12,14.0200,121,2
2026-05-29,601012,11:01:15,14.0300,8,1
2026-05-29,601012,11:01:18,14.0200,74,2
2026-05-29,601012,11:01:21,14.0200,38,2
2026-05-29,601012,11:01:24,14.0200,34,2
2026-05-29,601012,11:01:27,14.0300,48,1
2026-05-29,601012,11:01:30,14.0300,88,1
2026-05-29,601012,11:01:33,14.0200,1316,2
2026-05-29,601012,11:01:36,14.0100,22,2
2026-05-29,601012,11:01:39,14.0200,67,1
2026-05-29,601012,11:01:42,14.0200,34,1
2026-05-29,601012,11:01:45,14.0200,50,1
2026-05-29,601012,11:01:48,14.0200,63,1
2026-05-29,601012,11:01:51,14.0200,36,2
2026-05-29,601012,11:01:54,14.0200,25,1
2026-05-29,601012,11:01:57,14.0200,97,2
2026-05-29,601012,11:02:00,14.0200,41,1
2026-05-29,601012,11:02:03,14.0200,111,1
2026-05-29,601012,11:02:06,14.0200,25,1
2026-05-29,601012,11:02:09,14.0200,135,1
2026-05-29,601012,11:02:12,14.0200,117,1
2026-05-29,601012,11:02:15,14.0200,38,2
2026-05-29,601012,11:02:18,14.0200,21,2
2026-05-29,601012,11:02:21,14.0200,26,2
2026-05-29,601012,11:02:24,14.0300,25,1
2026-05-29,601012,11:02:27,14.0200,80,2
2026-05-29,601012,11:02:30,14.0200,28,2
2026-05-29,601012,11:02:33,14.0300,116,1
2026-05-29,601012,11:02:36,14.0300,144,1
2026-05-29,601012,11:02:39,14.0200,61,2
2026-05-29,601012,11:02:42,14.0300,12,1
2026-05-29,601012,11:02:45,14.0300,44,1
2026-05-29,601012,11:02:48,14.0300,42,1
2026-05-29,601012,11:02:51,14.0300,180,1
2026-05-29,601012,11:02:54,14.0400,57,1
2026-05-29,601012,11:02:57,14.0300,77,2
2026-05-29,601012,11:03:00,14.0300,76,2
2026-05-29,601012,11:03:03,14.0300,88,1
2026-05-29,601012,11:03:06,14.0200,58,2
2026-05-29,601012,11:03:09,14.0300,6,1
2026-05-29,601012,11:03:12,14.0300,42,1
2026-05-29,601012,11:03:15,14.0300,13,1
2026-05-29,601012,11:03:18,14.0200,8,2
2026-05-29,601012,11:03:21,14.0300,18,1
2026-05-29,601012,11:03:24,14.0300,3,1
2026-05-29,601012,11:03:27,14.0200,32,2
2026-05-29,601012,11:03:30,14.0300,28,1
2026-05-29,601012,11:03:33,14.0300,159,1
2026-05-29,601012,11:03:36,14.0200,53,2
2026-05-29,601012,11:03:39,14.0300,75,1
2026-05-29,601012,11:03:42,14.0200,9,2
2026-05-29,601012,11:03:45,14.0200,24,2
2026-05-29,601012,11:03:48,14.0200,79,2
2026-05-29,601012,11:03:51,14.0300,3,1
2026-05-29,601012,11:03:54,14.0200,1220,2
2026-05-29,601012,11:03:57,14.0300,57,1
2026-05-29,601012,11:04:00,14.0300,32,1
2026-05-29,601012,11:04:03,14.0300,52,1
2026-05-29,601012,11:04:06,14.0200,113,1
2026-05-29,601012,11:04:09,14.0200,66,2
2026-05-29,601012,11:04:12,14.0200,63,1
2026-05-29,601012,11:04:15,14.0100,159,2
2026-05-29,601012,11:04:18,14.0200,87,1
2026-05-29,601012,11:04:21,14.0200,99,2
2026-05-29,601012,11:04:24,14.0200,31,2
2026-05-29,601012,11:04:27,14.0200,520,2
2026-05-29,601012,11:04:30,14.0200,150,1
2026-05-29,601012,11:04:33,14.0200,60,2
2026-05-29,601012,11:04:36,14.0200,4,2
2026-05-29,601012,11:04:39,14.0200,1,2
2026-05-29,601012,11:04:42,14.0200,50,2
2026-05-29,601012,11:04:45,14.0200,18,2
2026-05-29,601012,11:04:48,14.0300,2,1
2026-05-29,601012,11:04:51,14.0200,8,2
2026-05-29,601012,11:04:54,14.0300,65,1
2026-05-29,601012,11:04:57,14.0200,11,2
2026-05-29,601012,11:05:00,14.0300,51,1
2026-05-29,601012,11:05:03,14.0200,22,2
2026-05-29,601012,11:05:06,14.0200,437,2
2026-05-29,601012,11:05:09,14.0200,28,1
2026-05-29,601012,11:05:12,14.0200,14,1
2026-05-29,601012,11:05:15,14.0200,79,1
2026-05-29,601012,11:05:18,14.0200,23,1
2026-05-29,601012,11:05:21,14.0200,107,1
2026-05-29,601012,11:05:24,14.0100,21,2
2026-05-29,601012,11:05:27,14.0200,8,1
2026-05-29,601012,11:05:30,14.0200,356,1
2026-05-29,601012,11:05:33,14.0200,20,1
2026-05-29,601012,11:05:36,14.0100,106,2
2026-05-29,601012,11:05:39,14.0200,100,1
2026-05-29,601012,11:05:42,14.0200,49,1
2026-05-29,601012,11:05:45,14.0200,215,1
2026-05-29,601012,11:05:48,14.0200,536,1
2026-05-29,601012,11:05:51,14.0100,77,2
2026-05-29,601012,11:05:54,14.0200,72,1
2026-05-29,601012,11:05:57,14.0200,147,1
2026-05-29,601012,11:06:00,14.0100,64,2
2026-05-29,601012,11:06:03,14.0200,86,1
2026-05-29,601012,11:06:06,14.0100,133,2
2026-05-29,601012,11:06:09,14.0200,671,1
2026-05-29,601012,11:06:12,14.0100,49,2
2026-05-29,601012,11:06:15,14.0100,46,2
2026-05-29,601012,11:06:18,14.0200,526,1
2026-05-29,601012,11:06:21,14.0200,130,1
2026-05-29,601012,11:06:24,14.0200,13,1
2026-05-29,601012,11:06:27,14.0100,45,2
2026-05-29,601012,11:06:30,14.0100,10,2
2026-05-29,601012,11:06:33,14.0200,535,1
2026-05-29,601012,11:06:36,14.0100,604,2
2026-05-29,601012,11:06:39,14.0100,256,2
2026-05-29,601012,11:06:42,14.0100,12,2
2026-05-29,601012,11:06:45,14.0100,52,2
2026-05-29,601012,11:06:48,14.0100,107,2
2026-05-29,601012,11:06:51,14.0200,82,1
2026-05-29,601012,11:06:54,14.0100,550,2
2026-05-29,601012,11:06:57,14.0100,102,2
2026-05-29,601012,11:07:00,14.0100,62,2
2026-05-29,601012,11:07:03,14.0200,24,1
2026-05-29,601012,11:07:06,14.0100,35,2
2026-05-29,601012,11:07:09,14.0100,21,2
2026-05-29,601012,11:07:12,14.0200,44,1
2026-05-29,601012,11:07:15,14.0200,12,1
2026-05-29,601012,11:07:18,14.0200,51,1
2026-05-29,601012,11:07:21,14.0100,79,2
2026-05-29,601012,11:07:24,14.0200,17,1
2026-05-29,601012,11:07:27,14.0100,32,2
2026-05-29,601012,11:07:30,14.0100,51,2
2026-05-29,601012,11:07:33,14.0200,26,1
2026-05-29,601012,11:07:36,14.0200,2,1
2026-05-29,601012,11:07:39,14.0200,42,1
2026-05-29,601012,11:07:42,14.0100,13,2
2026-05-29,601012,11:07:45,14.0100,6,2
2026-05-29,601012,11:07:48,14.0200,78,1
2026-05-29,601012,11:07:51,14.0100,19,2
2026-05-29,601012,11:07:54,14.0200,12,1
2026-05-29,601012,11:07:57,14.0100,185,2
2026-05-29,601012,11:08:00,14.0200,25,1
2026-05-29,601012,11:08:03,14.0200,94,1
2026-05-29,601012,11:08:06,14.0200,35,1
2026-05-29,601012,11:08:09,14.0200,64,1
2026-05-29,601012,11:08:12,14.0200,22,1
2026-05-29,601012,11:08:15,14.0200,373,1
2026-05-29,601012,11:08:18,14.0100,105,2
2026-05-29,601012,11:08:21,14.0200,80,1
2026-05-29,601012,11:08:24,14.0100,334,2
2026-05-29,601012,11:08:27,14.0200,69,1
2026-05-29,601012,11:08:30,14.0200,92,1
2026-05-29,601012,11:08:33,14.0200,59,1
2026-05-29,601012,11:08:36,14.0100,89,2
2026-05-29,601012,11:08:39,14.0100,100,2
2026-05-29,601012,11:08:42,14.0200,61,1
2026-05-29,601012,11:08:45,14.0200,281,1
2026-05-29,601012,11:08:48,14.0200,62,1
2026-05-29,601012,11:08:51,14.0200,270,1
2026-05-29,601012,11:08:54,14.0100,158,2
2026-05-29,601012,11:08:57,14.0200,109,1
2026-05-29,601012,11:09:00,14.0200,36,1
2026-05-29,601012,11:09:03,14.0100,189,2
2026-05-29,601012,11:09:06,14.0200,798,1
2026-05-29,601012,11:09:09,14.0200,245,2
2026-05-29,601012,11:09:12,14.0200,58,2
2026-05-29,601012,11:09:15,14.0200,125,2
2026-05-29,601012,11:09:21,14.0300,45,1
2026-05-29,601012,11:09:24,14.0200,251,2
2026-05-29,601012,11:09:27,14.0200,48,2
2026-05-29,601012,11:09:30,14.0300,55,1
2026-05-29,601012,11:09:33,14.0200,93,2
2026-05-29,601012,11:09:36,14.0300,70,1
2026-05-29,601012,11:09:39,14.0300,29,1
2026-05-29,601012,11:09:42,14.0200,125,2
2026-05-29,601012,11:09:45,14.0200,42,2
2026-05-29,601012,11:09:48,14.0200,90,2
2026-05-29,601012,11:09:51,14.0200,138,2
2026-05-29,601012,11:09:54,14.0200,203,2
2026-05-29,601012,11:09:57,14.0300,128,1
2026-05-29,601012,11:10:00,14.0300,74,1
2026-05-29,601012,11:10:03,14.0200,99,2
2026-05-29,601012,11:10:06,14.0300,81,1
2026-05-29,601012,11:10:09,14.0300,31,1
2026-05-29,601012,11:10:12,14.0200,100,2
2026-05-29,601012,11:10:15,14.0300,158,1
2026-05-29,601012,11:10:18,14.0200,35,2
2026-05-29,601012,11:10:21,14.0300,44,1
2026-05-29,601012,11:10:24,14.0200,97,2
2026-05-29,601012,11:10:27,14.0200,24,2
2026-05-29,601012,11:10:30,14.0200,257,2
2026-05-29,601012,11:10:33,14.0200,63,2
2026-05-29,601012,11:10:36,14.0200,112,2
2026-05-29,601012,11:10:39,14.0300,36,1
2026-05-29,601012,11:10:42,14.0300,32,1
2026-05-29,601012,11:10:45,14.0200,208,2
2026-05-29,601012,11:10:48,14.0200,12,2
2026-05-29,601012,11:10:51,14.0300,48,1
2026-05-29,601012,11:10:54,14.0300,36,1
2026-05-29,601012,11:10:57,14.0300,8,1
2026-05-29,601012,11:11:00,14.0300,113,1
2026-05-29,601012,11:11:03,14.0300,167,1
2026-05-29,601012,11:11:06,14.0300,326,1
2026-05-29,601012,11:11:09,14.0300,179,2
2026-05-29,601012,11:11:12,14.0300,106,2
2026-05-29,601012,11:11:15,14.0300,27,2
2026-05-29,601012,11:11:18,14.0300,26,2
2026-05-29,601012,11:11:21,14.0300,83,2
2026-05-29,601012,11:11:24,14.0400,17,1
2026-05-29,601012,11:11:27,14.0400,491,1
2026-05-29,601012,11:11:30,14.0400,26,2
2026-05-29,601012,11:11:33,14.0500,317,1
2026-05-29,601012,11:11:36,14.0500,159,1
2026-05-29,601012,11:11:39,14.0500,1,1
2026-05-29,601012,11:11:42,14.0500,124,1
2026-05-29,601012,11:11:45,14.0500,48,2
2026-05-29,601012,11:11:48,14.0500,47,2
2026-05-29,601012,11:11:51,14.0600,29,1
2026-05-29,601012,11:11:54,14.0600,78,1
2026-05-29,601012,11:11:57,14.0600,191,1
2026-05-29,601012,11:12:00,14.0600,131,1
2026-05-29,601012,11:12:03,14.0600,483,1
2026-05-29,601012,11:12:06,14.0600,6,2
2026-05-29,601012,11:12:09,14.0700,25,1
2026-05-29,601012,11:12:12,14.0600,1125,2
2026-05-29,601012,11:12:15,14.0700,35,1
2026-05-29,601012,11:12:18,14.0700,7,1
2026-05-29,601012,11:12:21,14.0700,458,1
2026-05-29,601012,11:12:24,14.0700,54,2
2026-05-29,601012,11:12:27,14.0800,72,1
2026-05-29,601012,11:12:30,14.0800,529,1
2026-05-29,601012,11:12:33,14.0800,222,1
2026-05-29,601012,11:12:36,14.0800,161,1
2026-05-29,601012,11:12:39,14.0800,206,1
2026-05-29,601012,11:12:42,14.0700,833,2
2026-05-29,601012,11:12:45,14.0700,22,1
2026-05-29,601012,11:12:48,14.0700,61,1
2026-05-29,601012,11:12:51,14.0700,133,1
2026-05-29,601012,11:12:54,14.0600,173,2
2026-05-29,601012,11:12:57,14.0600,784,2
2026-05-29,601012,11:13:00,14.0600,41,1
2026-05-29,601012,11:13:03,14.0500,33,2
2026-05-29,601012,11:13:06,14.0500,5,2
2026-05-29,601012,11:13:09,14.0500,127,2
2026-05-29,601012,11:13:12,14.0500,80,1
2026-05-29,601012,11:13:15,14.0400,95,2
2026-05-29,601012,11:13:18,14.0500,29,1
2026-05-29,601012,11:13:21,14.0500,130,1
2026-05-29,601012,11:13:24,14.0500,600,2
2026-05-29,601012,11:13:27,14.0600,14,1
2026-05-29,601012,11:13:30,14.0600,111,1
2026-05-29,601012,11:13:33,14.0500,130,2
2026-05-29,601012,11:13:36,14.0500,63,1
2026-05-29,601012,11:13:39,14.0400,45,2
2026-05-29,601012,11:13:42,14.0500,154,1
2026-05-29,601012,11:13:45,14.0500,162,1
2026-05-29,601012,11:13:48,14.0500,104,2
2026-05-29,601012,11:13:51,14.0600,338,1
2026-05-29,601012,11:13:54,14.0600,132,1
2026-05-29,601012,11:13:57,14.0500,18,2
2026-05-29,601012,11:14:00,14.0600,4,1
2026-05-29,601012,11:14:03,14.0600,61,1
2026-05-29,601012,11:14:06,14.0600,33,1
2026-05-29,601012,11:14:09,14.0500,54,2
2026-05-29,601012,11:14:12,14.0600,1,1
2026-05-29,601012,11:14:15,14.0600,67,1
2026-05-29,601012,11:14:18,14.0600,10,1
2026-05-29,601012,11:14:21,14.0600,38,1
2026-05-29,601012,11:14:24,14.0600,190,1
2026-05-29,601012,11:14:27,14.0500,101,2
2026-05-29,601012,11:14:30,14.0600,46,1
2026-05-29,601012,11:14:33,14.0600,208,1
2026-05-29,601012,11:14:36,14.0600,461,2
2026-05-29,601012,11:14:42,14.0600,21,1
2026-05-29,601012,11:14:45,14.0500,119,2
2026-05-29,601012,11:14:48,14.0600,65,1
2026-05-29,601012,11:14:51,14.0600,58,1
2026-05-29,601012,11:14:54,14.0600,84,1
2026-05-29,601012,11:14:57,14.0600,22,1
2026-05-29,601012,11:15:00,14.0600,27,1
2026-05-29,601012,11:15:03,14.0500,269,2
2026-05-29,601012,11:15:06,14.0500,69,1
2026-05-29,601012,11:15:09,14.0500,16,1
2026-05-29,601012,11:15:12,14.0400,108,2
2026-05-29,601012,11:15:15,14.0500,277,1
2026-05-29,601012,11:15:18,14.0500,3,1
2026-05-29,601012,11:15:21,14.0400,29,2
2026-05-29,601012,11:15:24,14.0300,64,2
2026-05-29,601012,11:15:27,14.0300,111,2
2026-05-29,601012,11:15:30,14.0400,22,1
2026-05-29,601012,11:15:33,14.0300,47,2
2026-05-29,601012,11:15:36,14.0300,6,2
2026-05-29,601012,11:15:39,14.0400,134,1
2026-05-29,601012,11:15:42,14.0400,27,1
2026-05-29,601012,11:15:45,14.0400,38,1
2026-05-29,601012,11:15:48,14.0400,32,1
2026-05-29,601012,11:15:51,14.0400,107,1
2026-05-29,601012,11:15:54,14.0400,197,1
2026-05-29,601012,11:15:57,14.0400,12,1
2026-05-29,601012,11:16:00,14.0200,2413,2
2026-05-29,601012,11:16:03,14.0200,19,1
2026-05-29,601012,11:16:06,14.0200,315,1
2026-05-29,601012,11:16:09,14.0400,73,1
2026-05-29,601012,11:16:12,14.0200,25,2
2026-05-29,601012,11:16:15,14.0400,11,1
2026-05-29,601012,11:16:18,14.0300,11,4
2026-05-29,601012,11:16:21,14.0300,43,1
2026-05-29,601012,11:16:24,14.0200,31,2
2026-05-29,601012,11:16:27,14.0300,114,1
2026-05-29,601012,11:16:30,14.0200,58,2
2026-05-29,601012,11:16:33,14.0300,15,1
2026-05-29,601012,11:16:36,14.0200,60,2
2026-05-29,601012,11:16:39,14.0300,161,1
2026-05-29,601012,11:16:42,14.0300,25,2
2026-05-29,601012,11:16:45,14.0300,24,2
2026-05-29,601012,11:16:48,14.0400,113,1
2026-05-29,601012,11:16:51,14.0400,12,1
2026-05-29,601012,11:16:54,14.0500,80,1
2026-05-29,601012,11:16:57,14.0400,26,2
2026-05-29,601012,11:17:00,14.0400,98,2
2026-05-29,601012,11:17:03,14.0300,32,2
2026-05-29,601012,11:17:06,14.0500,20,1
2026-05-29,601012,11:17:09,14.0400,19,2
2026-05-29,601012,11:17:12,14.0400,85,2
2026-05-29,601012,11:17:15,14.0400,56,1
2026-05-29,601012,11:17:18,14.0500,552,1
2026-05-29,601012,11:17:21,14.0500,137,1
2026-05-29,601012,11:17:24,14.0500,20,2
2026-05-29,601012,11:17:27,14.0500,22,2
2026-05-29,601012,11:17:30,14.0500,23,2
2026-05-29,601012,11:17:33,14.0600,5,1
2026-05-29,601012,11:17:39,14.0500,2,2
2026-05-29,601012,11:17:42,14.0500,204,2
2026-05-29,601012,11:17:45,14.0500,8,2
2026-05-29,601012,11:17:48,14.0500,63,2
2026-05-29,601012,11:17:51,14.0500,16,1
2026-05-29,601012,11:17:54,14.0400,91,2
2026-05-29,601012,11:17:57,14.0400,70,2
2026-05-29,601012,11:18:00,14.0500,29,1
2026-05-29,601012,11:18:03,14.0500,16,1
2026-05-29,601012,11:18:06,14.0400,133,2
2026-05-29,601012,11:18:09,14.0400,27,2
2026-05-29,601012,11:18:12,14.0500,15,1
2026-05-29,601012,11:18:15,14.0400,253,2
2026-05-29,601012,11:18:18,14.0500,407,1
2026-05-29,601012,11:18:24,14.0600,1318,1
2026-05-29,601012,11:18:27,14.0600,9,2
2026-05-29,601012,11:18:30,14.0600,8,2
2026-05-29,601012,11:18:33,14.0700,14,1
2026-05-29,601012,11:18:36,14.0600,13,2
2026-05-29,601012,11:18:39,14.0700,208,1
2026-05-29,601012,11:18:42,14.0600,44,2
2026-05-29,601012,11:18:45,14.0700,21,1
2026-05-29,601012,11:18:48,14.0600,25,2
2026-05-29,601012,11:18:51,14.0700,247,1
2026-05-29,601012,11:18:54,14.0600,11,4
2026-05-29,601012,11:18:57,14.0600,64,2
2026-05-29,601012,11:19:00,14.0700,30,1
2026-05-29,601012,11:19:03,14.0600,9,2
2026-05-29,601012,11:19:06,14.0700,22,1
2026-05-29,601012,11:19:09,14.0700,401,1
2026-05-29,601012,11:19:12,14.0700,141,2
2026-05-29,601012,11:19:15,14.0800,974,1
2026-05-29,601012,11:19:18,14.0900,21,1
2026-05-29,601012,11:19:21,14.0700,582,2
2026-05-29,601012,11:19:24,14.0800,140,1
2026-05-29,601012,11:19:27,14.0800,36,2
2026-05-29,601012,11:19:30,14.0800,240,2
2026-05-29,601012,11:19:33,14.0800,126,2
