date,code,time,price,volume,bs
2026-01-15,601318,14:07:07,67.5900,60,1
2026-01-15,601318,14:07:10,67.5900,377,1
2026-01-15,601318,14:07:13,67.5800,115,2
2026-01-15,601318,14:07:16,67.5800,98,2
2026-01-15,601318,14:07:19,67.5600,462,2
2026-01-15,601318,14:07:22,67.5400,254,2
2026-01-15,601318,14:07:25,67.5100,365,2
2026-01-15,601318,14:07:28,67.5500,176,1
2026-01-15,601318,14:07:31,67.5400,204,2
2026-01-15,601318,14:07:34,67.5500,63,1
2026-01-15,601318,14:07:37,67.5400,149,2
2026-01-15,601318,14:07:40,67.5000,403,2
2026-01-15,601318,14:07:43,67.4900,119,2
2026-01-15,601318,14:07:46,67.5000,78,2
2026-01-15,601318,14:07:49,67.5100,200,1
2026-01-15,601318,14:07:52,67.4900,95,2
2026-01-15,601318,14:07:55,67.4900,23,2
2026-01-15,601318,14:07:58,67.5000,143,4
2026-01-15,601318,14:08:01,67.4900,113,2
2026-01-15,601318,14:08:04,67.4600,144,2
2026-01-15,601318,14:08:07,67.4600,383,2
2026-01-15,601318,14:08:10,67.4500,249,2
2026-01-15,601318,14:08:13,67.4900,6,1
2026-01-15,601318,14:08:16,67.4500,190,2
2026-01-15,601318,14:08:19,67.4600,146,1
2026-01-15,601318,14:08:22,67.4500,278,2
2026-01-15,601318,14:08:25,67.4500,69,1
2026-01-15,601318,14:08:28,67.4400,169,1
2026-01-15,601318,14:08:31,67.4400,208,1
2026-01-15,601318,14:08:34,67.3800,189,2
2026-01-15,601318,14:08:37,67.4400,108,1
2026-01-15,601318,14:08:40,67.3900,137,2
2026-01-15,601318,14:08:43,67.3800,88,2
2026-01-15,601318,14:08:46,67.4200,137,1
2026-01-15,601318,14:08:49,67.3500,224,2
2026-01-15,601318,14:08:52,67.4000,150,1
2026-01-15,601318,14:08:55,67.3800,137,1
2026-01-15,601318,14:08:58,67.3500,87,2
2026-01-15,601318,14:09:01,67.3500,139,2
2026-01-15,601318,14:09:04,67.4000,1692,1
2026-01-15,601318,14:09:07,67.3700,52,1
2026-01-15,601318,14:09:10,67.3700,75,1
2026-01-15,601318,14:09:13,67.3700,105,1
2026-01-15,601318,14:09:16,67.3600,125,4
2026-01-15,601318,14:09:19,67.3700,213,1
2026-01-15,601318,14:09:22,67.4000,103,1
2026-01-15,601318,14:09:25,67.4000,202,1
2026-01-15,601318,14:09:28,67.4000,126,1
2026-01-15,601318,14:09:31,67.3700,228,2
2026-01-15,601318,14:09:34,67.3600,422,2
2026-01-15,601318,14:09:37,67.3700,180,1
2026-01-15,601318,14:09:40,67.3700,96,1
2026-01-15,601318,14:09:43,67.3700,181,1
2026-01-15,601318,14:09:46,67.3700,93,1
2026-01-15,601318,14:09:49,67.3600,86,1
2026-01-15,601318,14:09:52,67.3400,167,2
2026-01-15,601318,14:09:55,67.3400,187,2
2026-01-15,601318,14:09:58,67.3700,99,1
2026-01-15,601318,14:10:01,67.3700,217,1
2026-01-15,601318,14:10:04,67.3300,169,2
2026-01-15,601318,14:10:07,67.3700,146,1
2026-01-15,601318,14:10:10,67.3700,201,1
2026-01-15,601318,14:10:13,67.3500,48,4
2026-01-15,601318,14:10:16,67.3500,435,1
2026-01-15,601318,14:10:19,67.3500,146,1
2026-01-15,601318,14:10:22,67.3500,127,1
2026-01-15,601318,14:10:25,67.3500,42,1
2026-01-15,601318,14:10:28,67.3200,124,2
2026-01-15,601318,14:10:31,67.3200,87,2
2026-01-15,601318,14:10:34,67.3300,61,4
2026-01-15,601318,14:10:37,67.3200,156,2
2026-01-15,601318,14:10:40,67.3300,323,1
2026-01-15,601318,14:10:43,67.3300,33,1
2026-01-15,601318,14:10:46,67.3500,120,1
2026-01-15,601318,14:10:49,67.3500,72,1
2026-01-15,601318,14:10:52,67.3100,230,2
2026-01-15,601318,14:10:55,67.3100,229,2
2026-01-15,601318,14:10:58,67.3100,136,2
2026-01-15,601318,14:11:01,67.3000,295,2
2026-01-15,601318,14:11:04,67.3100,219,1
2026-01-15,601318,14:11:07,67.3200,193,1
2026-01-15,601318,14:11:10,67.3300,310,1
2026-01-15,601318,14:11:13,67.3300,186,1
2026-01-15,601318,14:11:16,67.3500,191,1
2026-01-15,601318,14:11:19,67.3400,2,1
2026-01-15,601318,14:11:22,67.3300,39,2
2026-01-15,601318,14:11:25,67.3400,134,1
2026-01-15,601318,14:11:28,67.3400,56,1
2026-01-15,601318,14:11:31,67.3300,47,2
2026-01-15,601318,14:11:34,67.3200,44,2
2026-01-15,601318,14:11:37,67.3300,71,1
2026-01-15,601318,14:11:40,67.3300,63,1
2026-01-15,601318,14:11:43,67.3200,93,2
2026-01-15,601318,14:11:46,67.3100,161,2
2026-01-15,601318,14:11:49,67.3100,37,2
2026-01-15,601318,14:11:52,67.3100,243,2
2026-01-15,601318,14:11:55,67.3200,6,1
2026-01-15,601318,14:11:58,67.3300,214,1
2026-01-15,601318,14:12:01,67.3200,30,1
2026-01-15,601318,14:12:04,67.3000,86,2
2026-01-15,601318,14:12:07,67.3200,270,1
2026-01-15,601318,14:12:10,67.3100,490,2
2026-01-15,601318,14:12:13,67.3000,62,2
2026-01-15,601318,14:12:16,67.3100,385,1
2026-01-15,601318,14:12:19,67.3000,267,2
2026-01-15,601318,14:12:22,67.3100,192,1
2026-01-15,601318,14:12:25,67.3000,158,2
2026-01-15,601318,14:12:28,67.3100,423,1
2026-01-15,601318,14:12:31,67.3000,264,2
2026-01-15,601318,14:12:34,67.3300,110,1
2026-01-15,601318,14:12:37,67.3000,645,2
2026-01-15,601318,14:12:40,67.3000,248,2
2026-01-15,601318,14:12:43,67.3200,253,4
2026-01-15,601318,14:12:46,67.3000,272,2
2026-01-15,601318,14:12:49,67.2900,158,2
2026-01-15,601318,14:12:52,67.3000,86,1
2026-01-15,601318,14:12:55,67.3000,128,1
2026-01-15,601318,14:12:58,67.3000,166,1
2026-01-15,601318,14:13:01,67.2900,121,4
2026-01-15,601318,14:13:04,67.2800,112,2
2026-01-15,601318,14:13:07,67.2900,94,1
2026-01-15,601318,14:13:10,67.3000,51,1
2026-01-15,601318,14:13:13,67.3000,125,1
2026-01-15,601318,14:13:16,67.3000,61,1
2026-01-15,601318,14:13:19,67.2800,105,2
2026-01-15,601318,14:13:22,67.2900,115,2
2026-01-15,601318,14:13:25,67.2700,101,2
2026-01-15,601318,14:13:28,67.2600,178,2
2026-01-15,601318,14:13:31,67.2700,510,2
2026-01-15,601318,14:13:34,67.2600,45,4
2026-01-15,601318,14:13:37,67.2500,152,2
2026-01-15,601318,14:13:40,67.2700,296,1
2026-01-15,601318,14:13:43,67.2400,203,2
2026-01-15,601318,14:13:46,67.2300,277,2
2026-01-15,601318,14:13:49,67.2300,76,2
2026-01-15,601318,14:13:52,67.2400,87,1
2026-01-15,601318,14:13:55,67.2300,68,2
2026-01-15,601318,14:13:58,67.2300,79,2
2026-01-15,601318,14:14:01,67.2400,46,1
2026-01-15,601318,14:14:04,67.2500,227,1
2026-01-15,601318,14:14:07,67.3200,83,1
2026-01-15,601318,14:14:10,67.3000,93,4
2026-01-15,601318,14:14:13,67.2900,29,2
2026-01-15,601318,14:14:16,67.2900,19,2
2026-01-15,601318,14:14:19,67.2900,30,2
2026-01-15,601318,14:14:22,67.2900,31,2
2026-01-15,601318,14:14:25,67.3200,111,1
2026-01-15,601318,14:14:28,67.3300,54,1
2026-01-15,601318,14:14:31,67.3300,68,1
2026-01-15,601318,14:14:34,67.3500,31,1
2026-01-15,601318,14:14:37,67.3300,35,2
2026-01-15,601318,14:14:40,67.3400,143,4
2026-01-15,601318,14:14:43,67.3500,86,1
2026-01-15,601318,14:14:46,67.3500,42,1
2026-01-15,601318,14:14:49,67.3500,100,1
2026-01-15,601318,14:14:52,67.3500,145,1
2026-01-15,601318,14:14:55,67.3400,134,1
2026-01-15,601318,14:14:58,67.3400,88,1
2026-01-15,601318,14:15:01,67.3300,24,2
2026-01-15,601318,14:15:04,67.3200,225,2
2026-01-15,601318,14:15:07,67.3200,92,1
2026-01-15,601318,14:15:10,67.3300,112,1
2026-01-15,601318,14:15:13,67.3300,16,1
2026-01-15,601318,14:15:16,67.3200,67,2
2026-01-15,601318,14:15:19,67.3100,118,2
2026-01-15,601318,14:15:22,67.3200,25,2
2026-01-15,601318,14:15:25,67.3200,66,2
2026-01-15,601318,14:15:28,67.3100,103,2
2026-01-15,601318,14:15:31,67.3000,168,2
2026-01-15,601318,14:15:34,67.3100,39,4
2026-01-15,601318,14:15:37,67.3100,107,2
2026-01-15,601318,14:15:40,67.3100,44,1
2026-01-15,601318,14:15:43,67.3200,128,1
2026-01-15,601318,14:15:46,67.3000,26,2
2026-01-15,601318,14:15:49,67.3200,52,1
2026-01-15,601318,14:15:52,67.3100,19,4
2026-01-15,601318,14:15:55,67.3100,43,1
2026-01-15,601318,14:15:58,67.3100,25,2
2026-01-15,601318,14:16:01,67.3200,163,1
2026-01-15,601318,14:16:04,67.3200,13,1
2026-01-15,601318,14:16:07,67.3200,78,1
2026-01-15,601318,14:16:10,67.3200,63,1
2026-01-15,601318,14:16:13,67.3100,101,2
2026-01-15,601318,14:16:16,67.3200,16,2
2026-01-15,601318,14:16:19,67.3300,45,1
2026-01-15,601318,14:16:22,67.3300,30,1
2026-01-15,601318,14:16:25,67.3300,143,1
2026-01-15,601318,14:16:28,67.3500,136,1
2026-01-15,601318,14:16:31,67.3500,97,2
2026-01-15,601318,14:16:34,67.3600,45,4
2026-01-15,601318,14:16:37,67.3600,200,2
2026-01-15,601318,14:16:40,67.3700,32,1
2026-01-15,601318,14:16:43,67.3700,83,2
2026-01-15,601318,14:16:46,67.3700,67,2
2026-01-15,601318,14:16:49,67.3700,29,2
2026-01-15,601318,14:16:52,67.3700,68,2
2026-01-15,601318,14:16:55,67.3700,52,2
2026-01-15,601318,14:16:58,67.3700,183,2
2026-01-15,601318,14:17:01,67.3500,74,2
2026-01-15,601318,14:17:04,67.3500,160,2
2026-01-15,601318,14:17:07,67.3500,76,1
2026-01-15,601318,14:17:10,67.3500,41,1
2026-01-15,601318,14:17:13,67.3400,17,2
2026-01-15,601318,14:17:16,67.3500,39,1
2026-01-15,601318,14:17:19,67.3500,49,1
2026-01-15,601318,14:17:22,67.3500,57,4
2026-01-15,601318,14:17:25,67.3500,21,4
2026-01-15,601318,14:17:28,67.3100,339,2
2026-01-15,601318,14:17:31,67.3000,1289,2
2026-01-15,601318,14:17:34,67.3300,184,1
2026-01-15,601318,14:17:37,67.3100,38,2
2026-01-15,601318,14:17:40,67.3300,72,1
2026-01-15,601318,14:17:43,67.3300,34,1
2026-01-15,601318,14:17:46,67.3000,123,2
2026-01-15,601318,14:17:49,67.3200,32,2
2026-01-15,601318,14:17:52,67.3200,38,1
2026-01-15,601318,14:17:55,67.3200,22,1
2026-01-15,601318,14:17:58,67.3200,6,1
2026-01-15,601318,14:18:01,67.3000,53,2
2026-01-15,601318,14:18:04,67.3100,25,1
2026-01-15,601318,14:18:07,67.3200,125,1
2026-01-15,601318,14:18:10,67.3200,37,1
2026-01-15,601318,14:18:13,67.3400,73,1
2026-01-15,601318,14:18:16,67.3300,20,2
2026-01-15,601318,14:18:19,67.3400,134,1
2026-01-15,601318,14:18:22,67.3400,25,1
2026-01-15,601318,14:18:25,67.3400,46,1
2026-01-15,601318,14:18:28,67.3300,4,2
2026-01-15,601318,14:18:31,67.3300,38,2
2026-01-15,601318,14:18:34,67.3300,207,2
2026-01-15,601318,14:18:37,67.3300,76,2
2026-01-15,601318,14:18:40,67.3400,59,1
2026-01-15,601318,14:18:43,67.3400,1,1
2026-01-15,601318,14:18:46,67.3300,75,2
2026-01-15,601318,14:18:49,67.3200,111,2
2026-01-15,601318,14:18:52,67.3200,84,2
2026-01-15,601318,14:18:55,67.3100,75,2
2026-01-15,601318,14:18:58,67.3200,61,1
2026-01-15,601318,14:19:01,67.3100,132,4
2026-01-15,601318,14:19:04,67.3200,135,1
2026-01-15,601318,14:19:07,67.3300,129,1
2026-01-15,601318,14:19:10,67.3500,67,1
2026-01-15,601318,14:19:13,67.3500,35,1
2026-01-15,601318,14:19:16,67.3400,23,2
2026-01-15,601318,14:19:19,67.3400,65,2
2026-01-15,601318,14:19:22,67.3400,19,2
2026-01-15,601318,14:19:25,67.3500,57,1
2026-01-15,601318,14:19:28,67.3400,48,2
2026-01-15,601318,14:19:31,67.3400,74,2
2026-01-15,601318,14:19:34,67.3300,20,2
2026-01-15,601318,14:19:37,67.3400,35,2
2026-01-15,601318,14:19:40,67.3500,71,1
2026-01-15,601318,14:19:43,67.3400,28,4
2026-01-15,601318,14:19:46,67.3500,48,1
2026-01-15,601318,14:19:49,67.3500,69,2
2026-01-15,601318,14:19:52,67.3500,88,2
2026-01-15,601318,14:19:55,67.3500,39,2
2026-01-15,601318,14:19:58,67.3600,23,1
2026-01-15,601318,14:20:01,67.3400,67,2
2026-01-15,601318,14:20:04,67.3500,17,1
2026-01-15,601318,14:20:07,67.3500,60,1
2026-01-15,601318,14:20:10,67.3400,15,2
2026-01-15,601318,14:20:13,67.3600,109,1
2026-01-15,601318,14:20:16,67.3300,37,2
2026-01-15,601318,14:20:19,67.3400,84,2
2026-01-15,601318,14:20:22,67.3500,81,1
2026-01-15,601318,14:20:25,67.3500,67,1
2026-01-15,601318,14:20:28,67.3500,40,1
2026-01-15,601318,14:20:31,67.3300,60,2
2026-01-15,601318,14:20:34,67.3300,46,2
2026-01-15,601318,14:20:37,67.3300,71,2
2026-01-15,601318,14:20:40,67.3500,22,1
2026-01-15,601318,14:20:43,67.3400,237,1
2026-01-15,601318,14:20:46,67.3100,81,2
2026-01-15,601318,14:20:49,67.3100,26,2
2026-01-15,601318,14:20:52,67.3200,35,1
2026-01-15,601318,14:20:55,67.3200,20,1
2026-01-15,601318,14:20:58,67.3100,57,2
2026-01-15,601318,14:21:01,67.3100,53,2
2026-01-15,601318,14:21:04,67.3200,26,1
2026-01-15,601318,14:21:07,67.3100,318,2
2026-01-15,601318,14:21:10,67.3100,180,1
2026-01-15,601318,14:21:13,67.3100,78,1
2026-01-15,601318,14:21:16,67.3100,27,1
2026-01-15,601318,14:21:19,67.3000,61,2
2026-01-15,601318,14:21:22,67.3100,37,1
2026-01-15,601318,14:21:25,67.3200,53,1
2026-01-15,601318,14:21:28,67.3100,126,2
2026-01-15,601318,14:21:31,67.3300,176,1
2026-01-15,601318,14:21:34,67.3300,12,1
2026-01-15,601318,14:21:37,67.3400,34,1
2026-01-15,601318,14:21:40,67.3400,37,1
2026-01-15,601318,14:21:43,67.3400,77,1
2026-01-15,601318,14:21:46,67.3500,3,1
2026-01-15,601318,14:21:49,67.3400,81,2
2026-01-15,601318,14:21:52,67.3500,53,1
2026-01-15,601318,14:21:55,67.3300,143,2
2026-01-15,601318,14:21:58,67.3400,12,1
2026-01-15,601318,14:22:01,67.3300,12,2
2026-01-15,601318,14:22:04,67.3300,124,2
2026-01-15,601318,14:22:07,67.3300,3,1
2026-01-15,601318,14:22:10,67.3200,183,2
2026-01-15,601318,14:22:13,67.3200,111,2
2026-01-15,601318,14:22:16,67.3200,208,2
2026-01-15,601318,14:22:19,67.3200,92,2
2026-01-15,601318,14:22:22,67.3100,77,2
2026-01-15,601318,14:22:25,67.3300,165,1
2026-01-15,601318,14:22:28,67.3100,39,2
2026-01-15,601318,14:22:31,67.3500,80,1
2026-01-15,601318,14:22:34,67.3400,158,2
2026-01-15,601318,14:22:37,67.3400,103,2
2026-01-15,601318,14:22:40,67.3400,112,2
2026-01-15,601318,14:22:43,67.3400,16,1
2026-01-15,601318,14:22:46,67.3300,99,2
2026-01-15,601318,14:22:49,67.3100,56,2
2026-01-15,601318,14:22:52,67.3200,44,4
2026-01-15,601318,14:22:55,67.3300,70,1
2026-01-15,601318,14:22:58,67.3100,31,2
2026-01-15,601318,14:23:01,67.3100,35,2
2026-01-15,601318,14:23:04,67.3200,9,1
2026-01-15,601318,14:23:07,67.3100,74,2
2026-01-15,601318,14:23:10,67.3200,96,1
2026-01-15,601318,14:23:13,67.3100,27,2
2026-01-15,601318,14:23:16,67.3200,50,1
2026-01-15,601318,14:23:19,67.3100,62,2
2026-01-15,601318,14:23:22,67.3200,97,1
2026-01-15,601318,14:23:25,67.3400,66,1
2026-01-15,601318,14:23:28,67.3400,48,1
2026-01-15,601318,14:23:31,67.3200,170,2
2026-01-15,601318,14:23:34,67.3400,13,1
2026-01-15,601318,14:23:37,67.3300,20,2
2026-01-15,601318,14:23:40,67.3200,69,2
2026-01-15,601318,14:23:43,67.3300,154,4
2026-01-15,601318,14:23:46,67.3500,531,1
2026-01-15,601318,14:23:49,67.3700,101,1
2026-01-15,601318,14:23:52,67.4000,18,1
2026-01-15,601318,14:23:55,67.3600,152,2
2026-01-15,601318,14:23:58,67.3500,80,2
2026-01-15,601318,14:24:01,67.3500,52,2
2026-01-15,601318,14:24:04,67.3500,54,2
2026-01-15,601318,14:24:07,67.3800,41,1
2026-01-15,601318,14:24:10,67.3400,295,2
2026-01-15,601318,14:24:13,67.3500,175,1
2026-01-15,601318,14:24:16,67.3300,88,2
2026-01-15,601318,14:24:19,67.3400,206,1
2026-01-15,601318,14:24:22,67.3300,131,2
2026-01-15,601318,14:24:25,67.3400,73,1
2026-01-15,601318,14:24:28,67.3400,63,1
2026-01-15,601318,14:24:31,67.3400,187,1
2026-01-15,601318,14:24:34,67.3300,138,2
2026-01-15,601318,14:24:37,67.3400,121,4
2026-01-15,601318,14:24:40,67.3500,178,1
2026-01-15,601318,14:24:43,67.3400,89,2
2026-01-15,601318,14:24:46,67.3400,216,2
2026-01-15,601318,14:24:49,67.3200,356,2
2026-01-15,601318,14:24:52,67.3200,244,2
2026-01-15,601318,14:24:55,67.3400,194,1
2026-01-15,601318,14:24:58,67.3500,167,1
2026-01-15,601318,14:25:01,67.3500,118,1
2026-01-15,601318,14:25:04,67.3500,196,1
2026-01-15,601318,14:25:07,67.3300,148,2
2026-01-15,601318,14:25:10,67.3100,262,2
2026-01-15,601318,14:25:13,67.3300,79,2
2026-01-15,601318,14:25:16,67.3100,175,2
2026-01-15,601318,14:25:19,67.3200,104,4
2026-01-15,601318,14:25:22,67.3200,126,2
2026-01-15,601318,14:25:25,67.3000,73,2
2026-01-15,601318,14:25:28,67.3200,29,1
2026-01-15,601318,14:25:31,67.3100,109,2
2026-01-15,601318,14:25:34,67.3100,249,1
2026-01-15,601318,14:25:37,67.3200,217,1
2026-01-15,601318,14:25:40,67.2800,114,2
2026-01-15,601318,14:25:43,67.2800,20,2
2026-01-15,601318,14:25:46,67.2800,124,2
2026-01-15,601318,14:25:49,67.3000,89,1
2026-01-15,601318,14:25:52,67.3200,70,1
2026-01-15,601318,14:25:55,67.3100,99,2
2026-01-15,601318,14:25:58,67.3100,84,1
2026-01-15,601318,14:26:01,67.3000,48,2
2026-01-15,601318,14:26:04,67.3000,83,2
2026-01-15,601318,14:26:07,67.3100,227,1
2026-01-15,601318,14:26:10,67.3100,57,1
2026-01-15,601318,14:26:13,67.3100,188,1
2026-01-15,601318,14:26:16,67.2700,44,2
2026-01-15,601318,14:26:19,67.3000,49,1
2026-01-15,601318,14:26:22,67.2500,665,2
2026-01-15,601318,14:26:25,67.2700,367,1
2026-01-15,601318,14:26:28,67.2700,91,1
2026-01-15,601318,14:26:31,67.2300,366,2
2026-01-15,601318,14:26:34,67.2500,204,1
2026-01-15,601318,14:26:37,67.2300,122,2
2026-01-15,601318,14:26:40,67.2700,148,1
2026-01-15,601318,14:26:43,67.2300,114,2
2026-01-15,601318,14:26:46,67.2300,86,1
2026-01-15,601318,14:26:49,67.2300,68,2
2026-01-15,601318,14:26:52,67.2400,82,4
2026-01-15,601318,14:26:55,67.2500,242,2
2026-01-15,601318,14:26:58,67.2600,35,1
2026-01-15,601318,14:27:01,67.2700,264,1
2026-01-15,601318,14:27:04,67.2600,204,4
2026-01-15,601318,14:27:07,67.2800,9,1
2026-01-15,601318,14:27:10,67.2800,28,2
2026-01-15,601318,14:27:13,67.2800,31,2
2026-01-15,601318,14:27:16,67.2800,21,2
2026-01-15,601318,14:27:19,67.2700,67,2
2026-01-15,601318,14:27:22,67.2900,97,1
2026-01-15,601318,14:27:25,67.2800,125,2
2026-01-15,601318,14:27:28,67.2900,221,1
2026-01-15,601318,14:27:31,67.2600,109,2
2026-01-15,601318,14:27:34,67.2600,137,2
2026-01-15,601318,14:27:37,67.2900,259,1
2026-01-15,601318,14:27:40,67.2300,118,2
2026-01-15,601318,14:27:43,67.2500,133,2
2026-01-15,601318,14:27:46,67.2100,450,2
2026-01-15,601318,14:27:49,67.2200,268,2
2026-01-15,601318,14:27:52,67.2100,225,2
2026-01-15,601318,14:27:55,67.2100,364,2
2026-01-15,601318,14:27:58,67.2100,214,2
2026-01-15,601318,14:28:01,67.2000,725,2
2026-01-15,601318,14:28:04,67.2000,431,2
2026-01-15,601318,14:28:07,67.2100,339,1
2026-01-15,601318,14:28:10,67.2100,319,1
2026-01-15,601318,14:28:13,67.2000,355,2
2026-01-15,601318,14:28:16,67.2100,418,1
2026-01-15,601318,14:28:19,67.2000,127,2
2026-01-15,601318,14:28:22,67.2000,408,2
2026-01-15,601318,14:28:25,67.1900,131,2
2026-01-15,601318,14:28:28,67.1700,291,2
2026-01-15,601318,14:28:31,67.1800,207,1
2026-01-15,601318,14:28:34,67.1600,201,2
2026-01-15,601318,14:28:37,67.1700,232,1
2026-01-15,601318,14:28:40,67.1600,307,2
2026-01-15,601318,14:28:43,67.1500,279,2
2026-01-15,601318,14:28:46,67.1600,301,4
2026-01-15,601318,14:28:49,67.1600,288,1
2026-01-15,601318,14:28:52,67.1300,467,2
2026-01-15,601318,14:28:55,67.1600,265,1
2026-01-15,601318,14:28:58,67.1200,171,2
2026-01-15,601318,14:29:01,67.1100,335,2
2026-01-15,601318,14:29:04,67.1100,319,2
2026-01-15,601318,14:29:07,67.1100,236,2
2026-01-15,601318,14:29:10,67.1400,232,1
2026-01-15,601318,14:29:13,67.1300,187,1
2026-01-15,601318,14:29:16,67.1600,492,1
2026-01-15,601318,14:29:19,67.1300,63,2
2026-01-15,601318,14:29:22,67.1400,181,2
2026-01-15,601318,14:29:25,67.1400,188,2
2026-01-15,601318,14:29:28,67.1200,400,2
2026-01-15,601318,14:29:31,67.1100,544,1
2026-01-15,601318,14:29:34,67.1000,335,2
2026-01-15,601318,14:29:37,67.1200,305,1
2026-01-15,601318,14:29:40,67.1400,128,1
2026-01-15,601318,14:29:43,67.1600,170,1
2026-01-15,601318,14:29:46,67.1600,77,1
2026-01-15,601318,14:29:49,67.1600,188,1
2026-01-15,601318,14:29:52,67.1400,258,2
2026-01-15,601318,14:29:55,67.1300,275,2
2026-01-15,601318,14:29:58,67.1300,265,1
2026-01-15,601318,14:30:01,67.1100,167,2
2026-01-15,601318,14:30:04,67.1300,147,1
2026-01-15,601318,14:30:07,67.1000,219,2
2026-01-15,601318,14:30:10,67.1100,326,1
2026-01-15,601318,14:30:13,67.1000,334,2
2026-01-15,601318,14:30:16,67.0900,1185,2
2026-01-15,601318,14:30:19,67.0800,335,2
2026-01-15,601318,14:30:22,67.0700,339,2
2026-01-15,601318,14:30:25,67.0900,446,1
2026-01-15,601318,14:30:28,67.0700,337,2
2026-01-15,601318,14:30:31,67.0700,354,2
2026-01-15,601318,14:30:34,67.0700,233,1
2026-01-15,601318,14:30:37,67.0800,228,1
2026-01-15,601318,14:30:40,67.0800,133,1
2026-01-15,601318,14:30:43,67.0700,362,2
2026-01-15,601318,14:30:46,67.0800,143,1
2026-01-15,601318,14:30:49,67.0800,389,1
2026-01-15,601318,14:30:52,67.1100,337,1
2026-01-15,601318,14:30:55,67.1200,202,1
2026-01-15,601318,14:30:58,67.1100,898,1
2026-01-15,601318,14:31:01,67.1400,114,1
2026-01-15,601318,14:31:04,67.1100,27,2
2026-01-15,601318,14:31:07,67.0700,122,2
2026-01-15,601318,14:31:10,67.1200,158,1
2026-01-15,601318,14:31:13,67.0700,152,2
2026-01-15,601318,14:31:16,67.1000,137,1
2026-01-15,601318,14:31:19,67.0600,138,2
2026-01-15,601318,14:31:22,67.0800,218,4
2026-01-15,601318,14:31:25,67.0800,116,2
2026-01-15,601318,14:31:28,67.1200,182,1
2026-01-15,601318,14:31:31,67.1400,160,1
2026-01-15,601318,14:31:34,67.1200,137,4
2026-01-15,601318,14:31:37,67.1200,365,2
2026-01-15,601318,14:31:40,67.0600,241,2
2026-01-15,601318,14:31:43,67.0900,290,1
2026-01-15,601318,14:31:46,67.0500,262,2
2026-01-15,601318,14:31:49,67.0500,203,2
2026-01-15,601318,14:31:52,67.0800,285,1
2026-01-15,601318,14:31:55,67.1000,274,1
2026-01-15,601318,14:31:58,67.0700,61,2
2026-01-15,601318,14:32:01,67.1000,152,1
2026-01-15,601318,14:32:04,67.0700,202,2
2026-01-15,601318,14:32:07,67.0800,223,1
2026-01-15,601318,14:32:10,67.0500,284,2
2026-01-15,601318,14:32:13,67.0400,236,2
2026-01-15,601318,14:32:16,67.0500,403,1
2026-01-15,601318,14:32:19,67.0800,511,1
2026-01-15,601318,14:32:22,67.0800,343,1
2026-01-15,601318,14:32:25,67.1000,127,1
2026-01-15,601318,14:32:28,67.0800,243,2
2026-01-15,601318,14:32:31,67.0400,167,2
2026-01-15,601318,14:32:34,67.0500,278,1
2026-01-15,601318,14:32:37,67.0800,231,1
2026-01-15,601318,14:32:40,67.0400,178,2
2026-01-15,601318,14:32:43,67.0400,158,2
2026-01-15,601318,14:32:46,67.0200,267,2
2026-01-15,601318,14:32:49,67.0300,151,4
2026-01-15,601318,14:32:52,67.0300,53,2
2026-01-15,601318,14:32:55,67.0400,167,1
2026-01-15,601318,14:32:58,67.0600,15,1
2026-01-15,601318,14:33:01,67.0500,174,2
2026-01-15,601318,14:33:04,67.0800,57,1
2026-01-15,601318,14:33:07,67.0600,103,2
2026-01-15,601318,14:33:10,67.0800,59,1
2026-01-15,601318,14:33:13,67.1000,89,1
2026-01-15,601318,14:33:16,67.1200,66,1
2026-01-15,601318,14:33:19,67.1500,52,1
2026-01-15,601318,14:33:22,67.1400,42,4
2026-01-15,601318,14:33:25,67.1500,46,1
2026-01-15,601318,14:33:28,67.1300,371,2
2026-01-15,601318,14:33:31,67.1000,387,2
2026-01-15,601318,14:33:34,67.0900,117,2
2026-01-15,601318,14:33:37,67.1000,193,2
2026-01-15,601318,14:33:40,67.0900,84,2
2026-01-15,601318,14:33:43,67.1000,285,1
2026-01-15,601318,14:33:46,67.1300,308,1
2026-01-15,601318,14:33:49,67.1500,162,1
2026-01-15,601318,14:33:52,67.1500,51,1
2026-01-15,601318,14:33:55,67.1500,89,1
2026-01-15,601318,14:33:58,67.1500,113,1
2026-01-15,601318,14:34:01,67.1500,56,2
2026-01-15,601318,14:34:04,67.1800,62,1
2026-01-15,601318,14:34:07,67.1400,626,2
2026-01-15,601318,14:34:10,67.1300,75,2
2026-01-15,601318,14:34:13,67.1300,139,2
2026-01-15,601318,14:34:16,67.1400,52,2
2026-01-15,601318,14:34:19,67.1500,23,1
2026-01-15,601318,14:34:22,67.1500,42,1
2026-01-15,601318,14:34:25,67.1500,37,1
2026-01-15,601318,14:34:28,67.1900,127,1
2026-01-15,601318,14:34:31,67.1500,39,2
2026-01-15,601318,14:34:34,67.1900,104,1
2026-01-15,601318,14:34:37,67.1900,237,1
2026-01-15,601318,14:34:40,67.1700,288,2
2026-01-15,601318,14:34:43,67.1500,153,2
2026-01-15,601318,14:34:46,67.1300,58,2
2026-01-15,601318,14:34:49,67.1800,102,1
2026-01-15,601318,14:34:52,67.1600,96,2
2026-01-15,601318,14:34:55,67.1800,79,1
2026-01-15,601318,14:34:58,67.1700,13,4
2026-01-15,601318,14:35:01,67.2000,568,1
2026-01-15,601318,14:35:04,67.2000,17,2
2026-01-15,601318,14:35:07,67.1900,98,2
2026-01-15,601318,14:35:10,67.2000,39,2
2026-01-15,601318,14:35:13,67.1900,124,2
2026-01-15,601318,14:35:16,67.2000,35,1
2026-01-15,601318,14:35:19,67.2200,52,1
2026-01-15,601318,14:35:22,67.2100,111,1
2026-01-15,601318,14:35:25,67.2200,169,1
2026-01-15,601318,14:35:28,67.2100,119,2
2026-01-15,601318,14:35:31,67.2000,216,2
2026-01-15,601318,14:35:34,67.2100,79,1
2026-01-15,601318,14:35:37,67.2200,9,1
2026-01-15,601318,14:35:40,67.2300,357,1
2026-01-15,601318,14:35:43,67.2400,71,4
2026-01-15,601318,14:35:46,67.2400,77,4
2026-01-15,601318,14:35:49,67.2400,151,1
2026-01-15,601318,14:35:52,67.2300,75,1
2026-01-15,601318,14:35:55,67.2500,48,1
2026-01-15,601318,14:35:58,67.2600,24,2
2026-01-15,601318,14:36:01,67.2700,69,1
2026-01-15,601318,14:36:04,67.2500,736,2
2026-01-15,601318,14:36:07,67.2600,75,1
2026-01-15,601318,14:36:10,67.2600,35,1
2026-01-15,601318,14:36:13,67.2600,80,1
2026-01-15,601318,14:36:16,67.2500,35,2
2026-01-15,601318,14:36:19,67.2500,59,1
2026-01-15,601318,14:36:22,67.2500,44,2
2026-01-15,601318,14:36:25,67.2400,130,2
2026-01-15,601318,14:36:28,67.2400,263,2
2026-01-15,601318,14:36:31,67.2100,1243,2
2026-01-15,601318,14:36:34,67.2100,57,2
2026-01-15,601318,14:36:37,67.1900,263,2
2026-01-15,601318,14:36:40,67.1800,189,2
2026-01-15,601318,14:36:43,67.1800,84,2
2026-01-15,601318,14:36:46,67.1900,122,4
2026-01-15,601318,14:36:49,67.1900,73,1
2026-01-15,601318,14:36:52,67.1700,24,2
2026-01-15,601318,14:36:55,67.2000,24,1
2026-01-15,601318,14:36:58,67.1700,112,2
2026-01-15,601318,14:37:01,67.1800,50,2
2026-01-15,601318,14:37:04,67.1900,30,1
2026-01-15,601318,14:37:07,67.1700,574,2
2026-01-15,601318,14:37:10,67.1900,94,1
2026-01-15,601318,14:37:13,67.2000,147,1
2026-01-15,601318,14:37:16,67.2000,600,2
2026-01-15,601318,14:37:19,67.2100,43,1
2026-01-15,601318,14:37:22,67.2000,46,2
2026-01-15,601318,14:37:25,67.2100,37,1
2026-01-15,601318,14:37:28,67.2200,155,1
2026-01-15,601318,14:37:31,67.2100,144,2
2026-01-15,601318,14:37:34,67.2200,39,1
2026-01-15,601318,14:37:37,67.2200,33,1
2026-01-15,601318,14:37:40,67.2200,66,2
2026-01-15,601318,14:37:43,67.2400,29,1
2026-01-15,601318,14:37:46,67.2300,15,4
2026-01-15,601318,14:37:49,67.2200,98,2
2026-01-15,601318,14:37:52,67.2400,76,1
2026-01-15,601318,14:37:55,67.2500,189,1
2026-01-15,601318,14:37:58,67.2600,275,1
2026-01-15,601318,14:38:01,67.2500,80,2
2026-01-15,601318,14:38:04,67.2400,30,2
2026-01-15,601318,14:38:07,67.2400,204,2
2026-01-15,601318,14:38:10,67.2400,201,2
2026-01-15,601318,14:38:13,67.2300,68,2
2026-01-15,601318,14:38:16,67.2300,26,2
2026-01-15,601318,14:38:19,67.2200,61,2
2026-01-15,601318,14:38:22,67.2400,50,1
2026-01-15,601318,14:38:25,67.2600,65,1
2026-01-15,601318,14:38:28,67.2600,90,1
2026-01-15,601318,14:38:31,67.2400,100,2
2026-01-15,601318,14:38:34,67.2500,28,2
2026-01-15,601318,14:38:37,67.2500,63,1
2026-01-15,601318,14:38:40,67.2400,46,2
2026-01-15,601318,14:38:43,67.2400,106,2
2026-01-15,601318,14:38:46,67.2300,206,2
2026-01-15,601318,14:38:49,67.2200,70,2
2026-01-15,601318,14:38:52,67.2200,125,2
2026-01-15,601318,14:38:55,67.2200,48,1
2026-01-15,601318,14:38:58,67.2200,77,1
2026-01-15,601318,14:39:01,67.2400,390,1
2026-01-15,601318,14:39:04,67.2400,52,2
2026-01-15,601318,14:39:07,67.2600,30,1
2026-01-15,601318,14:39:10,67.2600,147,1
2026-01-15,601318,14:39:13,67.2700,243,1
2026-01-15,601318,14:39:16,67.3000,51,1
2026-01-15,601318,14:39:19,67.2900,45,2
2026-01-15,601318,14:39:22,67.2800,248,2
2026-01-15,601318,14:39:25,67.2700,125,2
2026-01-15,601318,14:39:28,67.2600,131,2
2026-01-15,601318,14:39:31,67.2800,69,1
2026-01-15,601318,14:39:34,67.2700,92,2
2026-01-15,601318,14:39:37,67.2800,121,1
2026-01-15,601318,14:39:40,67.2700,66,2
2026-01-15,601318,14:39:43,67.2700,103,2
2026-01-15,601318,14:39:46,67.2600,64,2
2026-01-15,601318,14:39:49,67.2600,108,2
2026-01-15,601318,14:39:52,67.2600,151,2
2026-01-15,601318,14:39:55,67.2600,19,1
2026-01-15,601318,14:39:58,67.2600,31,1
2026-01-15,601318,14:40:01,67.2600,141,1
2026-01-15,601318,14:40:04,67.2600,81,1
2026-01-15,601318,14:40:07,67.2700,36,4
2026-01-15,601318,14:40:10,67.2700,21,2
2026-01-15,601318,14:40:13,67.2900,141,1
2026-01-15,601318,14:40:16,67.2800,116,4
2026-01-15,601318,14:40:19,67.2800,53,2
2026-01-15,601318,14:40:22,67.2800,111,2
2026-01-15,601318,14:40:25,67.2600,151,2
2026-01-15,601318,14:40:28,67.2600,105,1
2026-01-15,601318,14:40:31,67.2600,114,2
2026-01-15,601318,14:40:34,67.2700,7,2
2026-01-15,601318,14:40:37,67.2900,48,1
2026-01-15,601318,14:40:40,67.2600,98,2
2026-01-15,601318,14:40:43,67.2700,62,1
2026-01-15,601318,14:40:46,67.2600,124,2
2026-01-15,601318,14:40:49,67.2800,71,1
2026-01-15,601318,14:40:52,67.2800,128,2
2026-01-15,601318,14:40:55,67.2800,13,2
2026-01-15,601318,14:40:58,67.2700,139,2
2026-01-15,601318,14:41:01,67.2600,257,2
2026-01-15,601318,14:41:04,67.2400,124,2
2026-01-15,601318,14:41:07,67.2900,210,1
2026-01-15,601318,14:41:10,67.2900,81,1
2026-01-15,601318,14:41:13,67.2800,19,4
2026-01-15,601318,14:41:16,67.2900,20,1
2026-01-15,601318,14:41:19,67.2900,148,1
2026-01-15,601318,14:41:22,67.2900,106,1
2026-01-15,601318,14:41:25,67.2800,25,2
2026-01-15,601318,14:41:28,67.2900,143,1
2026-01-15,601318,14:41:31,67.2900,79,2
2026-01-15,601318,14:41:34,67.2900,64,1
2026-01-15,601318,14:41:37,67.2900,78,1
2026-01-15,601318,14:41:40,67.2800,110,2
2026-01-15,601318,14:41:43,67.2700,325,2
2026-01-15,601318,14:41:46,67.2600,767,2
2026-01-15,601318,14:41:49,67.2400,278,2
2026-01-15,601318,14:41:52,67.2200,181,2
2026-01-15,601318,14:41:55,67.2100,219,2
2026-01-15,601318,14:41:58,67.2200,114,2
2026-01-15,601318,14:42:01,67.2000,364,2
2026-01-15,601318,14:42:04,67.2000,372,2
2026-01-15,601318,14:42:07,67.1900,349,2
2026-01-15,601318,14:42:10,67.1700,369,2
2026-01-15,601318,14:42:13,67.1800,244,1
2026-01-15,601318,14:42:16,67.1700,225,2
2026-01-15,601318,14:42:19,67.1900,171,2
2026-01-15,601318,14:42:22,67.1800,230,2
2026-01-15,601318,14:42:25,67.1900,240,1
2026-01-15,601318,14:42:28,67.1700,820,2
2026-01-15,601318,14:42:31,67.1900,208,2
2026-01-15,601318,14:42:34,67.1900,638,1
2026-01-15,601318,14:42:37,67.1700,504,2
2026-01-15,601318,14:42:40,67.1700,314,2
2026-01-15,601318,14:42:43,67.1800,281,1
2026-01-15,601318,14:42:46,67.1700,607,4
2026-01-15,601318,14:42:49,67.1600,249,2
2026-01-15,601318,14:42:52,67.1300,436,2
2026-01-15,601318,14:42:55,67.1300,624,2
2026-01-15,601318,14:42:58,67.1200,303,2
2026-01-15,601318,14:43:01,67.1000,373,2
2026-01-15,601318,14:43:04,67.1600,371,1
2026-01-15,601318,14:43:07,67.1500,208,1
2026-01-15,601318,14:43:10,67.1300,311,2
2026-01-15,601318,14:43:13,67.1200,188,2
2026-01-15,601318,14:43:16,67.1500,347,1
2026-01-15,601318,14:43:19,67.1400,136,2
2026-01-15,601318,14:43:22,67.1400,291,2
2026-01-15,601318,14:43:25,67.1500,465,1
2026-01-15,601318,14:43:28,67.1900,413,1
2026-01-15,601318,14:43:31,67.1500,189,2
2026-01-15,601318,14:43:34,67.1600,284,1
2026-01-15,601318,14:43:37,67.1700,725,1
2026-01-15,601318,14:43:40,67.2100,448,1
2026-01-15,601318,14:43:43,67.2100,371,1
2026-01-15,601318,14:43:46,67.2200,121,1
2026-01-15,601318,14:43:49,67.2000,230,1
2026-01-15,601318,14:43:52,67.1700,271,2
2026-01-15,601318,14:43:55,67.1800,324,1
2026-01-15,601318,14:43:58,67.1800,256,2
2026-01-15,601318,14:44:01,67.1900,355,1
2026-01-15,601318,14:44:04,67.1900,364,2
2026-01-15,601318,14:44:07,67.1900,160,2
2026-01-15,601318,14:44:10,67.1800,76,2
2026-01-15,601318,14:44:13,67.1800,229,2
2026-01-15,601318,14:44:16,67.2000,163,1
2026-01-15,601318,14:44:19,67.2000,71,2
2026-01-15,601318,14:44:22,67.2200,259,1
2026-01-15,601318,14:44:25,67.2100,144,4
2026-01-15,601318,14:44:28,67.2100,187,2
2026-01-15,601318,14:44:31,67.2100,610,2
2026-01-15,601318,14:44:34,67.2200,453,1
2026-01-15,601318,14:44:37,67.2100,477,2
2026-01-15,601318,14:44:40,67.2000,148,2
2026-01-15,601318,14:44:43,67.1900,519,2
2026-01-15,601318,14:44:46,67.1800,349,2
2026-01-15,601318,14:44:49,67.1500,240,2
2026-01-15,601318,14:44:52,67.1400,274,2
2026-01-15,601318,14:44:55,67.1500,89,4
2026-01-15,601318,14:44:58,67.1700,323,1
2026-01-15,601318,14:45:01,67.1500,210,2
2026-01-15,601318,14:45:04,67.1500,210,1
2026-01-15,601318,14:45:07,67.1500,234,2
2026-01-15,601318,14:45:10,67.1800,241,1
2026-01-15,601318,14:45:13,67.1400,305,2
2026-01-15,601318,14:45:16,67.2000,410,1
2026-01-15,601318,14:45:19,67.1700,58,2
2026-01-15,601318,14:45:22,67.1500,237,2
2026-01-15,601318,14:45:25,67.2100,321,1
2026-01-15,601318,14:45:28,67.1600,129,2
2026-01-15,601318,14:45:31,67.1800,326,1
2026-01-15,601318,14:45:34,67.1700,313,2
2026-01-15,601318,14:45:37,67.2000,202,1
2026-01-15,601318,14:45:40,67.1800,165,2
2026-01-15,601318,14:45:43,67.1700,862,2
2026-01-15,601318,14:45:46,67.1900,326,1
2026-01-15,601318,14:45:49,67.1900,774,1
2026-01-15,601318,14:45:52,67.1800,314,2
2026-01-15,601318,14:45:55,67.1800,175,2
2026-01-15,601318,14:45:58,67.1700,669,2
2026-01-15,601318,14:46:01,67.1600,706,2
2026-01-15,601318,14:46:04,67.1800,338,1
2026-01-15,601318,14:46:07,67.1600,419,2
2026-01-15,601318,14:46:10,67.1600,358,2
2026-01-15,601318,14:46:13,67.2100,290,1
2026-01-15,601318,14:46:16,67.2500,344,1
2026-01-15,601318,14:46:19,67.1800,217,2
2026-01-15,601318,14:46:22,67.1700,212,2
2026-01-15,601318,14:46:25,67.2600,956,1
2026-01-15,601318,14:46:28,67.1600,130,2
2026-01-15,601318,14:46:31,67.1800,258,4
2026-01-15,601318,14:46:34,67.1500,181,2
2026-01-15,601318,14:46:37,67.1400,183,2
2026-01-15,601318,14:46:40,67.1800,212,1
2026-01-15,601318,14:46:43,67.1500,196,2
2026-01-15,601318,14:46:46,67.1800,210,1
2026-01-15,601318,14:46:49,67.1800,238,2
2026-01-15,601318,14:46:52,67.2300,190,1
2026-01-15,601318,14:46:55,67.1800,217,2
2026-01-15,601318,14:46:58,67.1600,415,2
2026-01-15,601318,14:47:01,67.2000,429,4
2026-01-15,601318,14:47:04,67.1900,572,4
2026-01-15,601318,14:47:07,67.1600,489,2
2026-01-15,601318,14:47:10,67.1500,472,2
2026-01-15,601318,14:47:13,67.1700,346,1
2026-01-15,601318,14:47:16,67.1600,178,2
2026-01-15,601318,14:47:19,67.1400,166,2
2026-01-15,601318,14:47:22,67.1500,284,2
2026-01-15,601318,14:47:25,67.1600,173,1
2026-01-15,601318,14:47:28,67.1400,353,2
2026-01-15,601318,14:47:31,67.1400,420,2
2026-01-15,601318,14:47:34,67.1400,375,1
2026-01-15,601318,14:47:37,67.1300,555,2
2026-01-15,601318,14:47:40,67.1000,544,2
2026-01-15,601318,14:47:43,67.1000,330,2
2026-01-15,601318,14:47:46,67.1000,201,2
2026-01-15,601318,14:47:49,67.1000,824,2
2026-01-15,601318,14:47:52,67.1100,316,1
2026-01-15,601318,14:47:55,67.1000,368,2
2026-01-15,601318,14:47:58,67.0900,660,2
2026-01-15,601318,14:48:01,67.0800,848,4
2026-01-15,601318,14:48:04,67.0300,493,2
2026-01-15,601318,14:48:07,67.0500,478,2
2026-01-15,601318,14:48:10,67.0500,839,2
2026-01-15,601318,14:48:13,67.1100,115,1
2026-01-15,601318,14:48:16,67.1200,262,1
2026-01-15,601318,14:48:19,67.0500,61,2
2026-01-15,601318,14:48:22,67.1100,27,1
2026-01-15,601318,14:48:25,67.1200,37,1
2026-01-15,601318,14:48:28,67.1200,244,1
2026-01-15,601318,14:48:31,67.1100,149,2
2026-01-15,601318,14:48:34,67.1100,48,2
2026-01-15,601318,14:48:37,67.1200,64,2
2026-01-15,601318,14:48:40,67.1700,85,1
2026-01-15,601318,14:48:43,67.1700,63,1
2026-01-15,601318,14:48:46,67.1500,113,1
2026-01-15,601318,14:48:49,67.1700,132,1
2026-01-15,601318,14:48:52,67.1500,90,1
2026-01-15,601318,14:48:55,67.1600,47,2
2026-01-15,601318,14:48:58,67.2300,168,1
2026-01-15,601318,14:49:01,67.1800,181,4
2026-01-15,601318,14:49:04,67.1900,116,4
2026-01-15,601318,14:49:07,67.1800,56,2
2026-01-15,601318,14:49:10,67.2000,128,1
2026-01-15,601318,14:49:13,67.2100,84,1
2026-01-15,601318,14:49:16,67.1800,64,2
2026-01-15,601318,14:49:19,67.1900,39,1
2026-01-15,601318,14:49:22,67.1700,248,2
2026-01-15,601318,14:49:25,67.2100,108,2
2026-01-15,601318,14:49:28,67.2000,202,4
2026-01-15,601318,14:49:31,67.2100,56,4
2026-01-15,601318,14:49:34,67.2200,131,1
2026-01-15,601318,14:49:37,67.2100,30,1
2026-01-15,601318,14:49:40,67.2000,88,1
2026-01-15,601318,14:49:43,67.1500,128,2
2026-01-15,601318,14:49:46,67.1700,330,1
2026-01-15,601318,14:49:49,67.1700,192,2
2026-01-15,601318,14:49:52,67.1200,199,2
2026-01-15,601318,14:49:55,67.1300,538,4
2026-01-15,601318,14:49:58,67.1200,159,2
2026-01-15,601318,14:50:01,67.1600,1271,1
2026-01-15,601318,14:50:04,67.1300,373,2
2026-01-15,601318,14:50:07,67.1400,219,1
2026-01-15,601318,14:50:10,67.1300,293,2
2026-01-15,601318,14:50:13,67.1600,184,1
2026-01-15,601318,14:50:16,67.1300,460,2
2026-01-15,601318,14:50:19,67.1200,319,2
2026-01-15,601318,14:50:22,67.1600,234,1
2026-01-15,601318,14:50:25,67.1600,532,1
2026-01-15,601318,14:50:28,67.1800,371,1
2026-01-15,601318,14:50:31,67.1600,220,2
2026-01-15,601318,14:50:34,67.1500,246,2
2026-01-15,601318,14:50:37,67.1500,349,2
2026-01-15,601318,14:50:40,67.1400,343,2
2026-01-15,601318,14:50:43,67.1200,313,2
2026-01-15,601318,14:50:46,67.1300,210,1
2026-01-15,601318,14:50:49,67.1300,209,1
2026-01-15,601318,14:50:52,67.1300,245,1
2026-01-15,601318,14:50:55,67.1300,376,1
2026-01-15,601318,14:50:58,67.1300,463,2
2026-01-15,601318,14:51:01,67.1000,950,2
2026-01-15,601318,14:51:04,67.0900,906,2
2026-01-15,601318,14:51:07,67.0900,1403,2
2026-01-15,601318,14:51:10,67.0700,581,2
2026-01-15,601318,14:51:13,67.0800,543,1
2026-01-15,601318,14:51:16,67.0700,214,2
2026-01-15,601318,14:51:19,67.0700,199,2
2026-01-15,601318,14:51:22,67.0900,182,2
2026-01-15,601318,14:51:25,67.0600,981,2
2026-01-15,601318,14:51:28,67.0800,225,1
2026-01-15,601318,14:51:31,67.0800,263,2
2026-01-15,601318,14:51:34,67.0700,369,2
2026-01-15,601318,14:51:37,67.0700,268,1
2026-01-15,601318,14:51:40,67.0700,258,2
2026-01-15,601318,14:51:43,67.0600,469,2
2026-01-15,601318,14:51:46,67.0400,325,2
2026-01-15,601318,14:51:49,67.0600,444,1
2026-01-15,601318,14:51:52,67.0700,158,1
2026-01-15,601318,14:51:55,67.0700,454,1
2026-01-15,601318,14:51:58,67.0700,253,1
2026-01-15,601318,14:52:01,67.0700,216,1
2026-01-15,601318,14:52:04,67.0800,131,1
2026-01-15,601318,14:52:07,67.0700,508,2
2026-01-15,601318,14:52:10,67.0600,318,2
2026-01-15,601318,14:52:13,67.0800,381,1
2026-01-15,601318,14:52:16,67.0600,121,2
2026-01-15,601318,14:52:19,67.0800,719,1
2026-01-15,601318,14:52:22,67.0800,359,2
2026-01-15,601318,14:52:25,67.0800,277,2
2026-01-15,601318,14:52:28,67.0500,445,2
2026-01-15,601318,14:52:31,67.0800,155,1
2026-01-15,601318,14:52:34,67.0700,211,2
2026-01-15,601318,14:52:37,67.0800,134,1
2026-01-15,601318,14:52:40,67.0600,392,2
2026-01-15,601318,14:52:43,67.0500,792,2
2026-01-15,601318,14:52:46,67.0600,581,2
2026-01-15,601318,14:52:49,67.0800,870,1
2026-01-15,601318,14:52:52,67.0600,322,4
2026-01-15,601318,14:52:55,67.0900,1027,1
2026-01-15,601318,14:52:58,67.0600,151,2
2026-01-15,601318,14:53:01,67.0300,456,2
2026-01-15,601318,14:53:04,67.0300,498,2
2026-01-15,601318,14:53:07,67.0300,431,2
2026-01-15,601318,14:53:10,67.0500,302,4
2026-01-15,601318,14:53:13,67.0500,485,2
2026-01-15,601318,14:53:16,67.0500,956,1
2026-01-15,601318,14:53:19,67.0300,360,2
2026-01-15,601318,14:53:22,67.0300,343,2
2026-01-15,601318,14:53:25,67.0600,193,1
2026-01-15,601318,14:53:28,67.0400,459,2
2026-01-15,601318,14:53:31,67.0400,410,2
2026-01-15,601318,14:53:34,67.0500,365,4
2026-01-15,601318,14:53:37,67.0500,290,2
2026-01-15,601318,14:53:40,67.0600,857,2
2026-01-15,601318,14:53:43,67.0300,375,2
2026-01-15,601318,14:53:46,67.0600,178,2
2026-01-15,601318,14:53:49,67.0600,460,1
2026-01-15,601318,14:53:52,67.0400,460,2
2026-01-15,601318,14:53:55,67.0600,265,1
2026-01-15,601318,14:53:58,67.0500,300,1
2026-01-15,601318,14:54:01,67.0400,449,2
2026-01-15,601318,14:54:04,67.0600,842,1
2026-01-15,601318,14:54:07,67.0600,633,2
2026-01-15,601318,14:54:10,67.0500,438,2
2026-01-15,601318,14:54:13,67.0500,621,1
2026-01-15,601318,14:54:16,67.0400,232,2
2026-01-15,601318,14:54:19,67.0400,251,2
2026-01-15,601318,14:54:22,67.0600,157,4
2026-01-15,601318,14:54:25,67.0700,263,4
2026-01-15,601318,14:54:28,67.0600,137,2
2026-01-15,601318,14:54:31,67.0600,475,2
2026-01-15,601318,14:54:34,67.0600,256,2
2026-01-15,601318,14:54:37,67.0400,643,2
2026-01-15,601318,14:54:40,67.0400,403,2
2026-01-15,601318,14:54:43,67.0400,295,2
2026-01-15,601318,14:54:46,67.0300,592,2
2026-01-15,601318,14:54:49,67.0300,310,2
2026-01-15,601318,14:54:52,67.0300,413,2
2026-01-15,601318,14:54:55,67.0300,347,2
2026-01-15,601318,14:54:58,67.0500,304,1
2026-01-15,601318,14:55:01,67.0300,457,2
2026-01-15,601318,14:55:04,67.0400,417,1
2026-01-15,601318,14:55:07,67.0600,260,1
2026-01-15,601318,14:55:10,67.0700,463,1
2026-01-15,601318,14:55:13,67.0400,246,2
2026-01-15,601318,14:55:16,67.0600,261,1
2026-01-15,601318,14:55:19,67.0500,571,4
2026-01-15,601318,14:55:22,67.0500,248,2
2026-01-15,601318,14:55:25,67.0500,454,2
2026-01-15,601318,14:55:28,67.0800,365,1
2026-01-15,601318,14:55:31,67.0600,262,2
2026-01-15,601318,14:55:34,67.0500,264,2
2026-01-15,601318,14:55:37,67.0600,249,2
2026-01-15,601318,14:55:40,67.0500,116,2
2026-01-15,601318,14:55:43,67.0800,263,1
2026-01-15,601318,14:55:46,67.0800,80,1
2026-01-15,601318,14:55:49,67.0900,360,1
2026-01-15,601318,14:55:52,67.1100,250,1
2026-01-15,601318,14:55:55,67.1700,388,1
2026-01-15,601318,14:55:58,67.1200,191,2
2026-01-15,601318,14:56:01,67.1200,532,2
2026-01-15,601318,14:56:04,67.1100,558,2
2026-01-15,601318,14:56:07,67.1200,279,1
2026-01-15,601318,14:56:10,67.1200,286,1
2026-01-15,601318,14:56:13,67.1400,242,4
2026-01-15,601318,14:56:16,67.1200,62,2
2026-01-15,601318,14:56:19,67.1500,66,1
2026-01-15,601318,14:56:22,67.1600,21,2
2026-01-15,601318,14:56:25,67.1700,56,1
2026-01-15,601318,14:56:28,67.1600,319,1
2026-01-15,601318,14:56:31,67.1600,126,1
2026-01-15,601318,14:56:34,67.1400,258,2
2026-01-15,601318,14:56:37,67.1500,284,2
2026-01-15,601318,14:56:40,67.1500,385,1
2026-01-15,601318,14:56:43,67.1900,105,1
2026-01-15,601318,14:56:46,67.1500,180,2
2026-01-15,601318,14:56:49,67.1300,269,2
2026-01-15,601318,14:56:52,67.1600,101,2
2026-01-15,601318,14:56:55,67.2100,579,1
2026-01-15,601318,14:56:58,67.2100,154,1
2026-01-15,601318,14:57:01,67.2100,10,2
2026-01-15,601318,15:00:03,67.4100,10240,4
2026-01-15,601318,13:17:07,67.5800,34,1
2026-01-15,601318,13:17:10,67.5700,38,2
2026-01-15,601318,13:17:13,67.5600,230,2
2026-01-15,601318,13:17:16,67.6000,19,1
2026-01-15,601318,13:17:19,67.5700,18,2
2026-01-15,601318,13:17:22,67.5700,27,1
2026-01-15,601318,13:17:25,67.5900,63,1
2026-01-15,601318,13:17:28,67.5900,21,1
2026-01-15,601318,13:17:31,67.5700,83,2
2026-01-15,601318,13:17:34,67.5700,86,2
2026-01-15,601318,13:17:37,67.6000,155,1
2026-01-15,601318,13:17:40,67.6300,202,1
2026-01-15,601318,13:17:43,67.6300,584,2
2026-01-15,601318,13:17:46,67.6600,246,1
2026-01-15,601318,13:17:49,67.6500,34,4
2026-01-15,601318,13:17:52,67.6400,78,2
2026-01-15,601318,13:17:55,67.6500,149,1
2026-01-15,601318,13:17:58,67.6600,99,1
2026-01-15,601318,13:18:01,67.6500,107,2
2026-01-15,601318,13:18:04,67.6500,89,2
2026-01-15,601318,13:18:07,67.6500,226,2
2026-01-15,601318,13:18:10,67.6500,152,2
2026-01-15,601318,13:18:13,67.6600,42,1
2026-01-15,601318,13:18:16,67.6500,35,2
2026-01-15,601318,13:18:19,67.6500,431,1
2026-01-15,601318,13:18:22,67.6700,197,1
2026-01-15,601318,13:18:25,67.6500,69,2
2026-01-15,601318,13:18:28,67.6500,252,1
2026-01-15,601318,13:18:31,67.6500,98,1
2026-01-15,601318,13:18:34,67.6500,152,1
2026-01-15,601318,13:18:37,67.6500,164,1
2026-01-15,601318,13:18:40,67.6400,128,2
2026-01-15,601318,13:18:43,67.6500,30,1
2026-01-15,601318,13:18:46,67.6500,33,1
2026-01-15,601318,13:18:49,67.6400,75,2
2026-01-15,601318,13:18:52,67.6400,108,1
2026-01-15,601318,13:18:55,67.6300,68,2
2026-01-15,601318,13:18:58,67.6300,20,2
2026-01-15,601318,13:19:01,67.6200,165,2
2026-01-15,601318,13:19:04,67.6300,89,2
2026-01-15,601318,13:19:07,67.6300,93,1
2026-01-15,601318,13:19:10,67.6300,37,1
2026-01-15,601318,13:19:13,67.6300,125,2
2026-01-15,601318,13:19:16,67.6400,373,4
2026-01-15,601318,13:19:19,67.6600,151,1
2026-01-15,601318,13:19:22,67.6300,80,1
2026-01-15,601318,13:19:25,67.6600,162,1
2026-01-15,601318,13:19:28,67.6700,63,1
2026-01-15,601318,13:19:31,67.6600,103,1
2026-01-15,601318,13:19:34,67.7600,2968,1
2026-01-15,601318,13:19:37,67.7600,866,2
2026-01-15,601318,13:19:40,67.7500,244,1
2026-01-15,601318,13:19:43,67.7900,518,1
2026-01-15,601318,13:19:46,67.7600,245,2
2026-01-15,601318,13:19:49,67.7600,146,1
2026-01-15,601318,13:19:52,67.7400,159,1
2026-01-15,601318,13:19:55,67.7100,163,2
2026-01-15,601318,13:19:58,67.7100,95,2
2026-01-15,601318,13:20:01,67.7000,335,2
2026-01-15,601318,13:20:04,67.7100,146,1
2026-01-15,601318,13:20:07,67.7400,154,1
2026-01-15,601318,13:20:10,67.6900,92,2
2026-01-15,601318,13:20:13,67.7100,92,1
2026-01-15,601318,13:20:16,67.7000,35,2
2026-01-15,601318,13:20:19,67.6800,126,2
2026-01-15,601318,13:20:22,67.6900,87,2
2026-01-15,601318,13:20:25,67.6900,123,1
2026-01-15,601318,13:20:28,67.6500,195,2
2026-01-15,601318,13:20:31,67.6600,172,2
2026-01-15,601318,13:20:34,67.6600,67,4
2026-01-15,601318,13:20:37,67.6800,272,1
2026-01-15,601318,13:20:40,67.6500,131,2
2026-01-15,601318,13:20:43,67.6800,131,1
2026-01-15,601318,13:20:46,67.7000,144,1
2026-01-15,601318,13:20:49,67.7000,224,1
2026-01-15,601318,13:20:52,67.7200,172,1
2026-01-15,601318,13:20:55,67.7500,169,1
2026-01-15,601318,13:20:58,67.7200,179,2
2026-01-15,601318,13:21:01,67.7400,166,1
2026-01-15,601318,13:21:04,67.7600,163,1
2026-01-15,601318,13:21:07,67.7500,163,4
2026-01-15,601318,13:21:10,67.7400,283,2
2026-01-15,601318,13:21:13,67.7900,613,1
2026-01-15,601318,13:21:16,67.7900,239,1
2026-01-15,601318,13:21:19,67.8200,118,1
2026-01-15,601318,13:21:22,67.7900,512,2
2026-01-15,601318,13:21:25,67.8100,279,1
2026-01-15,601318,13:21:28,67.8500,262,1
2026-01-15,601318,13:21:31,67.8200,145,2
2026-01-15,601318,13:21:34,67.8500,56,1
2026-01-15,601318,13:21:37,67.8700,260,1
2026-01-15,601318,13:21:40,67.8500,198,2
2026-01-15,601318,13:21:43,67.8500,117,2
2026-01-15,601318,13:21:46,67.8500,58,1
2026-01-15,601318,13:21:49,67.8600,450,1
2026-01-15,601318,13:21:52,67.8500,230,1
2026-01-15,601318,13:21:55,67.8500,215,1
2026-01-15,601318,13:21:58,67.8200,249,2
2026-01-15,601318,13:22:01,67.8000,145,2
2026-01-15,601318,13:22:04,67.8000,158,2
2026-01-15,601318,13:22:07,67.8400,129,1
2026-01-15,601318,13:22:10,67.8300,71,1
2026-01-15,601318,13:22:13,67.8400,116,1
2026-01-15,601318,13:22:16,67.8100,54,2
2026-01-15,601318,13:22:19,67.8200,72,1
2026-01-15,601318,13:22:22,67.8300,166,1
2026-01-15,601318,13:22:25,67.8200,84,2
2026-01-15,601318,13:22:28,67.8300,50,1
2026-01-15,601318,13:22:31,67.8400,155,1
2026-01-15,601318,13:22:34,67.8500,119,1
2026-01-15,601318,13:22:37,67.8500,130,1
2026-01-15,601318,13:22:40,67.8500,105,2
2026-01-15,601318,13:22:43,67.8600,175,1
2026-01-15,601318,13:22:46,67.8600,40,1
2026-01-15,601318,13:22:49,67.8700,149,1
2026-01-15,601318,13:22:52,67.8600,133,2
2026-01-15,601318,13:22:55,67.8600,237,2
2026-01-15,601318,13:22:58,67.8700,202,2
2026-01-15,601318,13:23:01,67.8900,199,1
2026-01-15,601318,13:23:04,67.8900,191,1
2026-01-15,601318,13:23:07,67.8800,55,1
2026-01-15,601318,13:23:10,67.8800,199,1
2026-01-15,601318,13:23:13,67.8800,159,1
2026-01-15,601318,13:23:16,67.8600,376,4
2026-01-15,601318,13:23:19,67.8700,150,1
2026-01-15,601318,13:23:22,67.8800,130,1
2026-01-15,601318,13:23:25,67.8500,193,2
2026-01-15,601318,13:23:28,67.8700,140,1
2026-01-15,601318,13:23:31,67.8700,119,1
2026-01-15,601318,13:23:34,67.8500,108,2
2026-01-15,601318,13:23:37,67.8700,98,1
2026-01-15,601318,13:23:40,67.8800,166,1
2026-01-15,601318,13:23:43,67.8800,213,1
2026-01-15,601318,13:23:46,67.8800,67,1
2026-01-15,601318,13:23:49,67.8800,72,1
2026-01-15,601318,13:23:52,67.8700,54,1
2026-01-15,601318,13:23:55,67.8500,82,2
2026-01-15,601318,13:23:58,67.8600,174,1
2026-01-15,601318,13:24:01,67.8300,154,2
2026-01-15,601318,13:24:04,67.8300,139,2
2026-01-15,601318,13:24:07,67.8800,65,1
2026-01-15,601318,13:24:10,67.8800,268,1
2026-01-15,601318,13:24:13,67.8800,149,1
2026-01-15,601318,13:24:16,67.8800,124,2
2026-01-15,601318,13:24:19,67.8700,95,4
2026-01-15,601318,13:24:22,67.8500,160,2
2026-01-15,601318,13:24:25,67.8700,52,1
2026-01-15,601318,13:24:28,67.8700,93,1
2026-01-15,601318,13:24:31,67.8600,295,2
2026-01-15,601318,13:24:34,67.8600,256,1
2026-01-15,601318,13:24:37,67.8600,182,2
2026-01-15,601318,13:24:40,67.8500,165,2
2026-01-15,601318,13:24:43,67.8700,254,1
2026-01-15,601318,13:24:46,67.8500,117,4
2026-01-15,601318,13:24:49,67.8500,44,1
2026-01-15,601318,13:24:52,67.8400,94,2
2026-01-15,601318,13:24:55,67.8100,224,2
2026-01-15,601318,13:24:58,67.8200,200,2
2026-01-15,601318,13:25:01,67.8000,167,2
2026-01-15,601318,13:25:04,67.8200,94,2
2026-01-15,601318,13:25:07,67.8300,92,1
2026-01-15,601318,13:25:10,67.8400,157,1
2026-01-15,601318,13:25:13,67.8400,114,1
2026-01-15,601318,13:25:16,67.8400,152,2
2026-01-15,601318,13:25:19,67.8300,145,2
2026-01-15,601318,13:25:22,67.8400,96,1
2026-01-15,601318,13:25:25,67.8200,116,2
2026-01-15,601318,13:25:28,67.8400,46,1
2026-01-15,601318,13:25:31,67.8500,122,1
2026-01-15,601318,13:25:34,67.8500,74,1
2026-01-15,601318,13:25:37,67.8300,108,2
2026-01-15,601318,13:25:40,67.8300,138,2
2026-01-15,601318,13:25:43,67.8800,275,1
2026-01-15,601318,13:25:46,67.8500,159,2
2026-01-15,601318,13:25:49,67.8900,116,1
2026-01-15,601318,13:25:52,67.8900,240,1
2026-01-15,601318,13:25:55,67.8900,326,1
2026-01-15,601318,13:25:58,67.9300,1150,1
2026-01-15,601318,13:26:01,67.9300,207,1
2026-01-15,601318,13:26:04,67.9300,476,2
2026-01-15,601318,13:26:07,67.9200,114,4
2026-01-15,601318,13:26:10,67.9300,316,1
2026-01-15,601318,13:26:13,67.9200,141,1
2026-01-15,601318,13:26:16,67.9100,63,1
2026-01-15,601318,13:26:19,67.8800,113,2
2026-01-15,601318,13:26:22,67.8800,75,2
2026-01-15,601318,13:26:25,67.8600,92,2
2026-01-15,601318,13:26:28,67.9100,78,1
2026-01-15,601318,13:26:31,67.8400,90,2
2026-01-15,601318,13:26:34,67.8300,515,2
2026-01-15,601318,13:26:37,67.8100,275,2
2026-01-15,601318,13:26:40,67.7900,337,2
2026-01-15,601318,13:26:43,67.7500,98,2
2026-01-15,601318,13:26:46,67.7900,159,1
2026-01-15,601318,13:26:49,67.7900,26,1
2026-01-15,601318,13:26:52,67.7700,184,2
2026-01-15,601318,13:26:55,67.7600,89,2
2026-01-15,601318,13:26:58,67.7600,34,1
2026-01-15,601318,13:27:01,67.7700,91,1
2026-01-15,601318,13:27:04,67.7900,89,1
2026-01-15,601318,13:27:07,67.7700,48,2
2026-01-15,601318,13:27:10,67.8000,69,1
2026-01-15,601318,13:27:13,67.8000,46,1
2026-01-15,601318,13:27:16,67.8000,40,1
2026-01-15,601318,13:27:19,67.7900,34,2
2026-01-15,601318,13:27:22,67.7800,79,2
2026-01-15,601318,13:27:25,67.7700,51,2
2026-01-15,601318,13:27:28,67.7700,132,2
2026-01-15,601318,13:27:31,67.7800,76,4
2026-01-15,601318,13:27:34,67.7800,188,2
2026-01-15,601318,13:27:37,67.7800,29,1
2026-01-15,601318,13:27:40,67.7600,91,2
2026-01-15,601318,13:27:43,67.7600,581,2
2026-01-15,601318,13:27:46,67.7800,66,1
2026-01-15,601318,13:27:49,67.7700,179,2
2026-01-15,601318,13:27:52,67.7700,30,1
2026-01-15,601318,13:27:55,67.7700,140,1
2026-01-15,601318,13:27:58,67.7700,208,1
2026-01-15,601318,13:28:01,67.7600,67,2
2026-01-15,601318,13:28:04,67.7700,150,1
2026-01-15,601318,13:28:07,67.7600,87,2
2026-01-15,601318,13:28:10,67.7800,96,1
2026-01-15,601318,13:28:13,67.7500,67,2
2026-01-15,601318,13:28:16,67.8000,139,1
2026-01-15,601318,13:28:19,67.7500,31,2
2026-01-15,601318,13:28:22,67.7500,88,2
2026-01-15,601318,13:28:25,67.7600,244,4
2026-01-15,601318,13:28:28,67.7600,386,4
2026-01-15,601318,13:28:31,67.7600,132,1
2026-01-15,601318,13:28:34,67.7500,75,2
2026-01-15,601318,13:28:37,67.7600,38,1
2026-01-15,601318,13:28:40,67.7500,79,2
2026-01-15,601318,13:28:43,67.7400,70,2
2026-01-15,601318,13:28:46,67.7300,15,2
2026-01-15,601318,13:28:49,67.7300,86,2
2026-01-15,601318,13:28:52,67.7200,34,2
2026-01-15,601318,13:28:55,67.7200,42,2
2026-01-15,601318,13:28:58,67.7200,10,1
2026-01-15,601318,13:29:01,67.7100,183,2
2026-01-15,601318,13:29:04,67.6500,431,2
2026-01-15,601318,13:29:07,67.6300,183,2
2026-01-15,601318,13:29:10,67.6900,110,1
2026-01-15,601318,13:29:13,67.6900,153,1
2026-01-15,601318,13:29:16,67.6600,24,2
2026-01-15,601318,13:29:19,67.6500,113,2
2026-01-15,601318,13:29:22,67.6300,34,2
2026-01-15,601318,13:29:25,67.6300,91,2
2026-01-15,601318,13:29:28,67.6300,217,2
2026-01-15,601318,13:29:31,67.6300,109,1
2026-01-15,601318,13:29:34,67.6300,34,1
2026-01-15,601318,13:29:37,67.6300,180,1
2026-01-15,601318,13:29:40,67.6500,1119,1
2026-01-15,601318,13:29:43,67.6400,78,2
2026-01-15,601318,13:29:46,67.6500,132,1
2026-01-15,601318,13:29:49,67.6400,98,2
2026-01-15,601318,13:29:52,67.6000,335,2
2026-01-15,601318,13:29:55,67.5900,138,4
2026-01-15,601318,13:29:58,67.5800,42,2
2026-01-15,601318,13:30:01,67.5600,76,2
2026-01-15,601318,13:30:04,67.5600,51,2
2026-01-15,601318,13:30:07,67.5600,35,2
2026-01-15,601318,13:30:10,67.5600,219,2
2026-01-15,601318,13:30:13,67.5700,82,2
2026-01-15,601318,13:30:16,67.5600,170,2
2026-01-15,601318,13:30:19,67.5800,173,1
2026-01-15,601318,13:30:22,67.5700,50,2
2026-01-15,601318,13:30:25,67.5600,99,2
2026-01-15,601318,13:30:28,67.5400,429,2
2026-01-15,601318,13:30:31,67.5300,126,2
2026-01-15,601318,13:30:34,67.5600,134,2
2026-01-15,601318,13:30:37,67.5200,61,2
2026-01-15,601318,13:30:40,67.5600,191,1
2026-01-15,601318,13:30:43,67.5500,64,1
2026-01-15,601318,13:30:46,67.5400,58,2
2026-01-15,601318,13:30:49,67.5300,79,2
2026-01-15,601318,13:30:52,67.5300,160,1
2026-01-15,601318,13:30:55,67.5000,224,2
2026-01-15,601318,13:30:58,67.5300,175,1
2026-01-15,601318,13:31:01,67.5300,190,1
2026-01-15,601318,13:31:04,67.5200,69,1
2026-01-15,601318,13:31:07,67.5400,100,1
2026-01-15,601318,13:31:10,67.5600,269,1
2026-01-15,601318,13:31:13,67.5700,61,1
2026-01-15,601318,13:31:16,67.5600,55,1
2026-01-15,601318,13:31:19,67.5600,332,1
2026-01-15,601318,13:31:22,67.5300,93,1
2026-01-15,601318,13:31:25,67.5300,171,1
2026-01-15,601318,13:31:28,67.5200,74,4
2026-01-15,601318,13:31:31,67.5300,103,1
2026-01-15,601318,13:31:34,67.5300,62,2
2026-01-15,601318,13:31:37,67.5200,169,2
2026-01-15,601318,13:31:40,67.5300,221,1
2026-01-15,601318,13:31:43,67.5400,185,1
2026-01-15,601318,13:31:46,67.5200,58,2
2026-01-15,601318,13:31:49,67.5300,65,1
2026-01-15,601318,13:31:52,67.5200,61,2
2026-01-15,601318,13:31:55,67.5200,109,1
2026-01-15,601318,13:31:58,67.5200,99,1
2026-01-15,601318,13:32:01,67.5300,92,1
2026-01-15,601318,13:32:04,67.5500,219,1
2026-01-15,601318,13:32:07,67.5600,82,1
2026-01-15,601318,13:32:10,67.5900,292,1
2026-01-15,601318,13:32:13,67.5900,72,2
2026-01-15,601318,13:32:16,67.5900,136,1
2026-01-15,601318,13:32:19,67.5700,67,2
2026-01-15,601318,13:32:22,67.5700,93,2
2026-01-15,601318,13:32:25,67.5700,25,2
2026-01-15,601318,13:32:28,67.5700,87,2
2026-01-15,601318,13:32:31,67.5900,253,1
2026-01-15,601318,13:32:34,67.5800,32,4
2026-01-15,601318,13:32:37,67.5800,65,2
2026-01-15,601318,13:32:40,67.5800,50,1
2026-01-15,601318,13:32:43,67.5800,70,1
2026-01-15,601318,13:32:46,67.5600,109,2
2026-01-15,601318,13:32:49,67.5700,45,2
2026-01-15,601318,13:32:52,67.6000,123,1
2026-01-15,601318,13:32:55,67.5900,249,1
2026-01-15,601318,13:32:58,67.5900,65,1
2026-01-15,601318,13:33:01,67.5900,367,1
2026-01-15,601318,13:33:04,67.5800,24,1
2026-01-15,601318,13:33:07,67.5400,79,2
2026-01-15,601318,13:33:10,67.5300,167,2
2026-01-15,601318,13:33:13,67.5300,165,2
2026-01-15,601318,13:33:16,67.5400,212,1
2026-01-15,601318,13:33:19,67.5300,64,2
2026-01-15,601318,13:33:22,67.5300,73,1
2026-01-15,601318,13:33:25,67.5400,106,1
2026-01-15,601318,13:33:28,67.5400,306,1
2026-01-15,601318,13:33:31,67.5400,59,1
2026-01-15,601318,13:33:34,67.5400,77,1
2026-01-15,601318,13:33:37,67.5400,80,1
2026-01-15,601318,13:33:40,67.5400,55,1
2026-01-15,601318,13:33:43,67.5400,24,1
2026-01-15,601318,13:33:46,67.5400,57,1
2026-01-15,601318,13:33:49,67.5700,160,1
2026-01-15,601318,13:33:52,67.5700,24,1
2026-01-15,601318,13:33:55,67.5700,34,1
2026-01-15,601318,13:33:58,67.5700,36,1
2026-01-15,601318,13:34:01,67.5700,21,1
2026-01-15,601318,13:34:04,67.5700,19,1
2026-01-15,601318,13:34:07,67.5700,37,1
2026-01-15,601318,13:34:10,67.5700,16,1
2026-01-15,601318,13:34:13,67.5700,59,1
2026-01-15,601318,13:34:16,67.5700,110,2
2026-01-15,601318,13:34:19,67.5800,56,1
2026-01-15,601318,13:34:22,67.5800,44,1
2026-01-15,601318,13:34:25,67.5700,39,2
2026-01-15,601318,13:34:28,67.6100,143,1
2026-01-15,601318,13:34:31,67.6000,17,1
2026-01-15,601318,13:34:34,67.5900,36,1
2026-01-15,601318,13:34:37,67.6100,3,1
2026-01-15,601318,13:34:40,67.5800,128,2
2026-01-15,601318,13:34:43,67.5800,194,2
2026-01-15,601318,13:34:46,67.6000,54,1
2026-01-15,601318,13:34:49,67.6000,92,1
2026-01-15,601318,13:34:52,67.6200,67,1
2026-01-15,601318,13:34:55,67.6300,11,1
2026-01-15,601318,13:34:58,67.6400,40,1
2026-01-15,601318,13:35:01,67.6100,125,2
2026-01-15,601318,13:35:04,67.6300,85,1
2026-01-15,601318,13:35:07,67.6200,253,2
2026-01-15,601318,13:35:10,67.6200,193,1
2026-01-15,601318,13:35:13,67.6200,49,1
2026-01-15,601318,13:35:16,67.6800,124,1
2026-01-15,601318,13:35:19,67.6800,19,1
2026-01-15,601318,13:35:22,67.6800,147,2
2026-01-15,601318,13:35:25,67.6500,180,2
2026-01-15,601318,13:35:28,67.6800,42,1
2026-01-15,601318,13:35:31,67.6600,98,2
2026-01-15,601318,13:35:34,67.7000,132,1
2026-01-15,601318,13:35:37,67.7100,179,1
2026-01-15,601318,13:35:40,67.6500,572,2
2026-01-15,601318,13:35:43,67.6500,223,1
2026-01-15,601318,13:35:46,67.6500,272,1
2026-01-15,601318,13:35:49,67.6500,56,1
2026-01-15,601318,13:35:52,67.6500,51,1
2026-01-15,601318,13:35:55,67.6400,88,2
2026-01-15,601318,13:35:58,67.6500,127,1
2026-01-15,601318,13:36:01,67.6400,64,2
2026-01-15,601318,13:36:04,67.7000,85,1
2026-01-15,601318,13:36:07,67.6900,51,1
2026-01-15,601318,13:36:10,67.6700,8,4
2026-01-15,601318,13:36:13,67.6800,101,1
2026-01-15,601318,13:36:16,67.6800,79,1
2026-01-15,601318,13:36:19,67.6400,298,2
2026-01-15,601318,13:36:22,67.6400,32,1
2026-01-15,601318,13:36:25,67.6500,78,1
2026-01-15,601318,13:36:28,67.6400,266,1
2026-01-15,601318,13:36:31,67.6400,74,1
2026-01-15,601318,13:36:34,67.6500,55,1
2026-01-15,601318,13:36:37,67.6000,529,2
2026-01-15,601318,13:36:40,67.6400,78,1
2026-01-15,601318,13:36:43,67.6400,99,1
2026-01-15,601318,13:36:46,67.6400,26,1
2026-01-15,601318,13:36:49,67.6400,76,1
2026-01-15,601318,13:36:52,67.6300,129,2
2026-01-15,601318,13:36:55,67.6400,66,1
2026-01-15,601318,13:36:58,67.6300,83,1
2026-01-15,601318,13:37:01,67.6200,52,2
2026-01-15,601318,13:37:04,67.6100,192,2
2026-01-15,601318,13:37:07,67.6100,61,1
2026-01-15,601318,13:37:10,67.6100,28,1
2026-01-15,601318,13:37:13,67.5600,233,2
2026-01-15,601318,13:37:16,67.5500,51,2
2026-01-15,601318,13:37:19,67.5600,62,1
2026-01-15,601318,13:37:22,67.5500,102,2
2026-01-15,601318,13:37:25,67.5500,39,1
2026-01-15,601318,13:37:28,67.5500,68,1
2026-01-15,601318,13:37:31,67.5400,68,4
2026-01-15,601318,13:37:34,67.5500,159,1
2026-01-15,601318,13:37:37,67.5500,97,1
2026-01-15,601318,13:37:40,67.5600,45,1
2026-01-15,601318,13:37:43,67.5500,109,2
2026-01-15,601318,13:37:46,67.5400,53,2
2026-01-15,601318,13:37:49,67.5400,19,1
2026-01-15,601318,13:37:52,67.5600,74,1
2026-01-15,601318,13:37:55,67.5600,56,1
2026-01-15,601318,13:37:58,67.5600,87,1
2026-01-15,601318,13:38:01,67.5600,40,2
2026-01-15,601318,13:38:04,67.5700,72,1
2026-01-15,601318,13:38:07,67.5800,49,2
2026-01-15,601318,13:38:10,67.6100,49,1
2026-01-15,601318,13:38:13,67.5800,58,2
2026-01-15,601318,13:38:16,67.5900,29,1
2026-01-15,601318,13:38:19,67.5800,166,2
2026-01-15,601318,13:38:22,67.5800,14,1
2026-01-15,601318,13:38:25,67.5800,44,1
2026-01-15,601318,13:38:28,67.5900,11,4
2026-01-15,601318,13:38:31,67.5900,48,2
2026-01-15,601318,13:38:34,67.6000,58,1
2026-01-15,601318,13:38:37,67.5900,50,2
2026-01-15,601318,13:38:40,67.6000,59,1
2026-01-15,601318,13:38:43,67.5900,172,2
2026-01-15,601318,13:38:46,67.6000,52,1
2026-01-15,601318,13:38:49,67.6000,56,2
2026-01-15,601318,13:38:52,67.6100,37,1
2026-01-15,601318,13:38:55,67.6100,154,2
2026-01-15,601318,13:38:58,67.6200,108,1
2026-01-15,601318,13:39:01,67.6200,32,1
2026-01-15,601318,13:39:04,67.5900,130,2
2026-01-15,601318,13:39:07,67.5800,71,2
2026-01-15,601318,13:39:10,67.5800,45,1
2026-01-15,601318,13:39:13,67.5700,75,2
2026-01-15,601318,13:39:16,67.5700,100,2
2026-01-15,601318,13:39:19,67.5700,87,1
2026-01-15,601318,13:39:22,67.5600,185,2
2026-01-15,601318,13:39:25,67.5500,62,2
2026-01-15,601318,13:39:28,67.5500,93,1
2026-01-15,601318,13:39:31,67.5500,140,1
2026-01-15,601318,13:39:34,67.5900,67,1
2026-01-15,601318,13:39:37,67.5700,48,2
2026-01-15,601318,13:39:40,67.5500,17,2
2026-01-15,601318,13:39:43,67.5700,49,1
2026-01-15,601318,13:39:46,67.5700,5,1
2026-01-15,601318,13:39:49,67.5600,114,2
2026-01-15,601318,13:39:52,67.5700,119,1
2026-01-15,601318,13:39:55,67.5800,84,1
2026-01-15,601318,13:39:58,67.5800,59,2
2026-01-15,601318,13:40:01,67.5900,113,2
2026-01-15,601318,13:40:04,67.5800,89,2
2026-01-15,601318,13:40:07,67.5900,53,2
2026-01-15,601318,13:40:10,67.5900,110,1
2026-01-15,601318,13:40:13,67.5800,131,2
2026-01-15,601318,13:40:16,67.5800,18,1
2026-01-15,601318,13:40:19,67.5900,18,1
2026-01-15,601318,13:40:22,67.5800,55,4
2026-01-15,601318,13:40:25,67.5700,110,2
2026-01-15,601318,13:40:28,67.5900,50,1
2026-01-15,601318,13:40:31,67.5700,53,2
2026-01-15,601318,13:40:34,67.5700,49,2
2026-01-15,601318,13:40:37,67.5900,98,1
2026-01-15,601318,13:40:40,67.5700,56,2
2026-01-15,601318,13:40:43,67.5800,36,4
2026-01-15,601318,13:40:46,67.5700,36,2
2026-01-15,601318,13:40:49,67.5700,92,2
2026-01-15,601318,13:40:52,67.5800,33,1
2026-01-15,601318,13:40:55,67.5800,66,2
2026-01-15,601318,13:40:58,67.5900,95,1
2026-01-15,601318,13:41:01,67.5800,108,2
2026-01-15,601318,13:41:04,67.5700,32,2
2026-01-15,601318,13:41:07,67.5900,128,1
2026-01-15,601318,13:41:10,67.5900,31,1
2026-01-15,601318,13:41:13,67.5800,91,2
2026-01-15,601318,13:41:16,67.5700,92,2
2026-01-15,601318,13:41:19,67.5600,49,2
2026-01-15,601318,13:41:22,67.5700,75,1
2026-01-15,601318,13:41:25,67.5700,211,2
2026-01-15,601318,13:41:28,67.5900,60,1
2026-01-15,601318,13:41:31,67.5800,66,2
2026-01-15,601318,13:41:34,67.5900,52,1
2026-01-15,601318,13:41:37,67.5700,117,2
2026-01-15,601318,13:41:40,67.5800,38,1
2026-01-15,601318,13:41:43,67.5800,38,1
2026-01-15,601318,13:41:46,67.5900,27,1
2026-01-15,601318,13:41:49,67.5800,107,2
2026-01-15,601318,13:41:52,67.5900,39,1
2026-01-15,601318,13:41:55,67.5900,141,1
2026-01-15,601318,13:41:58,67.5900,55,2
2026-01-15,601318,13:42:01,67.5900,130,2
2026-01-15,601318,13:42:04,67.6200,18,1
2026-01-15,601318,13:42:07,67.6200,48,1
2026-01-15,601318,13:42:10,67.6500,432,1
2026-01-15,601318,13:42:13,67.6500,194,1
2026-01-15,601318,13:42:16,67.6500,171,1
2026-01-15,601318,13:42:19,67.6500,30,1
2026-01-15,601318,13:42:22,67.6500,29,1
2026-01-15,601318,13:42:25,67.6400,63,2
2026-01-15,601318,13:42:28,67.6400,87,1
2026-01-15,601318,13:42:31,67.6400,57,1
2026-01-15,601318,13:42:34,67.6200,296,2
2026-01-15,601318,13:42:37,67.6200,167,2
2026-01-15,601318,13:42:40,67.6400,51,1
2026-01-15,601318,13:42:43,67.6200,58,2
2026-01-15,601318,13:42:46,67.6300,30,1
2026-01-15,601318,13:42:49,67.6400,108,1
2026-01-15,601318,13:42:52,67.6400,32,1
2026-01-15,601318,13:42:55,67.6500,453,1
2026-01-15,601318,13:42:58,67.6500,47,1
2026-01-15,601318,13:43:01,67.6300,287,2
2026-01-15,601318,13:43:04,67.6400,92,1
2026-01-15,601318,13:43:07,67.6300,100,1
2026-01-15,601318,13:43:10,67.6500,105,1
2026-01-15,601318,13:43:13,67.6300,145,2
2026-01-15,601318,13:43:16,67.6500,49,1
2026-01-15,601318,13:43:19,67.6300,77,2
2026-01-15,601318,13:43:22,67.6300,17,1
2026-01-15,601318,13:43:25,67.6300,123,1
2026-01-15,601318,13:43:28,67.6300,79,1
2026-01-15,601318,13:43:31,67.6300,82,1
2026-01-15,601318,13:43:34,67.6300,37,1
2026-01-15,601318,13:43:37,67.6100,100,2
2026-01-15,601318,13:43:40,67.6200,33,4
2026-01-15,601318,13:43:43,67.6300,57,1
2026-01-15,601318,13:43:46,67.6100,47,2
2026-01-15,601318,13:43:49,67.6100,72,2
2026-01-15,601318,13:43:52,67.6100,145,1
2026-01-15,601318,13:43:55,67.6000,165,2
2026-01-15,601318,13:43:58,67.6000,85,1
2026-01-15,601318,13:44:01,67.5900,156,2
2026-01-15,601318,13:44:04,67.5900,89,1
2026-01-15,601318,13:44:07,67.5800,103,2
2026-01-15,601318,13:44:10,67.6000,71,1
2026-01-15,601318,13:44:13,67.5900,106,2
2026-01-15,601318,13:44:16,67.6100,103,1
2026-01-15,601318,13:44:19,67.6100,29,1
2026-01-15,601318,13:44:22,67.6000,80,4
2026-01-15,601318,13:44:25,67.5900,155,2
2026-01-15,601318,13:44:28,67.6000,111,1
2026-01-15,601318,13:44:31,67.6000,153,4
2026-01-15,601318,13:44:34,67.6100,62,1
2026-01-15,601318,13:44:37,67.5900,305,2
2026-01-15,601318,13:44:40,67.6100,89,1
2026-01-15,601318,13:44:43,67.6100,24,1
2026-01-15,601318,13:44:46,67.6000,93,2
2026-01-15,601318,13:44:49,67.6000,177,2
2026-01-15,601318,13:44:52,67.6000,162,2
2026-01-15,601318,13:44:55,67.5900,174,2
2026-01-15,601318,13:44:58,67.5900,171,1
2026-01-15,601318,13:45:01,67.5700,227,2
2026-01-15,601318,13:45:04,67.5700,31,1
2026-01-15,601318,13:45:07,67.5700,40,1
2026-01-15,601318,13:45:10,67.5600,32,2
2026-01-15,601318,13:45:13,67.5600,50,2
2026-01-15,601318,13:45:16,67.5600,128,1
2026-01-15,601318,13:45:19,67.5500,143,2
2026-01-15,601318,13:45:22,67.5600,45,1
2026-01-15,601318,13:45:25,67.5600,266,1
2026-01-15,601318,13:45:28,67.5600,29,1
2026-01-15,601318,13:45:31,67.5600,40,1
2026-01-15,601318,13:45:34,67.5600,42,1
2026-01-15,601318,13:45:37,67.5500,173,2
2026-01-15,601318,13:45:40,67.5500,76,2
2026-01-15,601318,13:45:43,67.5400,134,2
2026-01-15,601318,13:45:46,67.5500,140,2
2026-01-15,601318,13:45:49,67.5300,118,2
2026-01-15,601318,13:45:52,67.5300,50,2
2026-01-15,601318,13:45:55,67.5300,25,1
2026-01-15,601318,13:45:58,67.5400,66,2
2026-01-15,601318,13:46:01,67.5300,367,2
2026-01-15,601318,13:46:04,67.5300,49,1
2026-01-15,601318,13:46:07,67.5200,72,2
2026-01-15,601318,13:46:10,67.5100,125,2
2026-01-15,601318,13:46:13,67.5200,142,2
2026-01-15,601318,13:46:16,67.5200,19,1
2026-01-15,601318,13:46:19,67.5200,151,1
2026-01-15,601318,13:46:22,67.5100,53,2
2026-01-15,601318,13:46:25,67.5200,228,1
2026-01-15,601318,13:46:28,67.5100,75,2
2026-01-15,601318,13:46:31,67.5200,167,1
2026-01-15,601318,13:46:34,67.5200,99,1
2026-01-15,601318,13:46:37,67.5100,196,2
2026-01-15,601318,13:46:40,67.5200,24,1
2026-01-15,601318,13:46:43,67.5100,303,2
2026-01-15,601318,13:46:46,67.5000,207,2
2026-01-15,601318,13:46:49,67.5000,234,2
2026-01-15,601318,13:46:52,67.5000,526,2
2026-01-15,601318,13:46:55,67.5000,298,2
2026-01-15,601318,13:46:58,67.5000,260,2
2026-01-15,601318,13:47:01,67.4900,69,2
2026-01-15,601318,13:47:04,67.4700,127,2
2026-01-15,601318,13:47:07,67.4900,39,1
2026-01-15,601318,13:47:10,67.4800,304,4
2026-01-15,601318,13:47:13,67.5000,60,1
2026-01-15,601318,13:47:16,67.5000,223,1
2026-01-15,601318,13:47:19,67.4800,59,2
2026-01-15,601318,13:47:22,67.4900,131,1
2026-01-15,601318,13:47:25,67.4900,43,1
2026-01-15,601318,13:47:28,67.4900,137,2
2026-01-15,601318,13:47:31,67.4900,70,2
2026-01-15,601318,13:47:34,67.5000,86,1
2026-01-15,601318,13:47:37,67.5000,86,1
2026-01-15,601318,13:47:40,67.4900,132,2
2026-01-15,601318,13:47:43,67.4900,95,1
2026-01-15,601318,13:47:46,67.4900,119,1
2026-01-15,601318,13:47:49,67.4900,35,1
2026-01-15,601318,13:47:52,67.5000,163,1
2026-01-15,601318,13:47:55,67.4900,172,2
2026-01-15,601318,13:47:58,67.4900,77,2
2026-01-15,601318,13:48:01,67.5000,99,1
2026-01-15,601318,13:48:04,67.4800,162,2
2026-01-15,601318,13:48:07,67.4800,133,2
2026-01-15,601318,13:48:10,67.5000,30,1
2026-01-15,601318,13:48:13,67.4900,87,1
2026-01-15,601318,13:48:16,67.4900,199,1
2026-01-15,601318,13:48:19,67.4800,92,2
2026-01-15,601318,13:48:22,67.4900,40,1
2026-01-15,601318,13:48:25,67.4800,19,2
2026-01-15,601318,13:48:28,67.4800,74,1
2026-01-15,601318,13:48:31,67.4700,102,2
2026-01-15,601318,13:48:34,67.4700,211,2
2026-01-15,601318,13:48:37,67.4600,339,2
2026-01-15,601318,13:48:40,67.4600,75,1
2026-01-15,601318,13:48:43,67.4600,81,1
2026-01-15,601318,13:48:46,67.4600,80,1
2026-01-15,601318,13:48:49,67.4600,85,1
2026-01-15,601318,13:48:52,67.4600,305,1
2026-01-15,601318,13:48:55,67.4600,34,1
2026-01-15,601318,13:48:58,67.4600,121,1
2026-01-15,601318,13:49:01,67.4500,158,2
2026-01-15,601318,13:49:04,67.4600,198,4
2026-01-15,601318,13:49:07,67.4500,44,4
2026-01-15,601318,13:49:10,67.4400,232,2
2026-01-15,601318,13:49:13,67.4300,179,2
2026-01-15,601318,13:49:16,67.4200,171,2
2026-01-15,601318,13:49:19,67.4100,140,2
2026-01-15,601318,13:49:22,67.4300,233,1
2026-01-15,601318,13:49:25,67.4200,166,2
2026-01-15,601318,13:49:28,67.4100,175,2
2026-01-15,601318,13:49:31,67.4100,332,2
2026-01-15,601318,13:49:34,67.4100,181,1
2026-01-15,601318,13:49:37,67.4200,268,1
2026-01-15,601318,13:49:40,67.4300,378,1
2026-01-15,601318,13:49:43,67.4400,241,1
2026-01-15,601318,13:49:46,67.4400,70,1
2026-01-15,601318,13:49:49,67.4200,46,2
2026-01-15,601318,13:49:52,67.4300,222,4
2026-01-15,601318,13:49:55,67.4300,123,1
2026-01-15,601318,13:49:58,67.3900,685,2
2026-01-15,601318,13:50:01,67.4000,124,1
2026-01-15,601318,13:50:04,67.3800,455,2
2026-01-15,601318,13:50:07,67.3800,161,1
2026-01-15,601318,13:50:10,67.3800,148,1
2026-01-15,601318,13:50:13,67.3800,154,1
2026-01-15,601318,13:50:16,67.3900,402,2
2026-01-15,601318,13:50:19,67.4000,31,1
2026-01-15,601318,13:50:22,67.4000,146,1
2026-01-15,601318,13:50:25,67.3900,4,2
2026-01-15,601318,13:50:28,67.3900,138,2
2026-01-15,601318,13:50:31,67.3900,29,1
2026-01-15,601318,13:50:34,67.3900,383,1
2026-01-15,601318,13:50:37,67.3800,138,2
2026-01-15,601318,13:50:40,67.3800,354,2
2026-01-15,601318,13:50:43,67.3900,142,1
2026-01-15,601318,13:50:46,67.3900,137,1
2026-01-15,601318,13:50:49,67.3900,87,1
2026-01-15,601318,13:50:52,67.3700,164,2
2026-01-15,601318,13:50:55,67.3700,56,2
2026-01-15,601318,13:50:58,67.3800,111,4
2026-01-15,601318,13:51:01,67.3700,49,4
2026-01-15,601318,13:51:04,67.3600,105,2
2026-01-15,601318,13:51:07,67.3600,127,2
2026-01-15,601318,13:51:10,67.3500,174,2
2026-01-15,601318,13:51:13,67.3700,135,2
2026-01-15,601318,13:51:16,67.3500,456,2
2026-01-15,601318,13:51:19,67.3500,176,2
2026-01-15,601318,13:51:22,67.3600,168,1
2026-01-15,601318,13:51:25,67.3500,232,2
2026-01-15,601318,13:51:28,67.3600,165,1
2026-01-15,601318,13:51:31,67.3600,179,1
2026-01-15,601318,13:51:34,67.3500,81,2
2026-01-15,601318,13:51:37,67.3400,69,2
2026-01-15,601318,13:51:40,67.3500,162,4
2026-01-15,601318,13:51:43,67.3500,142,1
2026-01-15,601318,13:51:46,67.3400,15,4
2026-01-15,601318,13:51:49,67.3300,153,2
2026-01-15,601318,13:51:52,67.3400,163,1
2026-01-15,601318,13:51:55,67.3500,127,1
2026-01-15,601318,13:51:58,67.3500,31,1
2026-01-15,601318,13:52:01,67.3400,42,2
2026-01-15,601318,13:52:04,67.3300,163,2
2026-01-15,601318,13:52:07,67.3400,306,1
2026-01-15,601318,13:52:10,67.3300,154,2
2026-01-15,601318,13:52:13,67.3300,25,2
2026-01-15,601318,13:52:16,67.3300,108,2
2026-01-15,601318,13:52:19,67.3300,231,1
2026-01-15,601318,13:52:22,67.3300,50,1
2026-01-15,601318,13:52:25,67.3200,109,2
2026-01-15,601318,13:52:28,67.3300,139,1
2026-01-15,601318,13:52:31,67.3100,219,2
2026-01-15,601318,13:52:34,67.3300,68,1
2026-01-15,601318,13:52:37,67.3300,22,1
2026-01-15,601318,13:52:40,67.3300,113,1
2026-01-15,601318,13:52:43,67.3400,292,1
2026-01-15,601318,13:52:46,67.3300,27,2
2026-01-15,601318,13:52:49,67.3400,35,1
2026-01-15,601318,13:52:52,67.3300,87,2
2026-01-15,601318,13:52:55,67.3400,187,1
2026-01-15,601318,13:52:58,67.3300,98,2
2026-01-15,601318,13:53:01,67.3500,404,1
2026-01-15,601318,13:53:04,67.3600,164,1
2026-01-15,601318,13:53:07,67.3500,515,2
2026-01-15,601318,13:53:10,67.3500,193,2
2026-01-15,601318,13:53:13,67.3500,184,2
2026-01-15,601318,13:53:16,67.3600,162,1
2026-01-15,601318,13:53:19,67.3600,79,2
2026-01-15,601318,13:53:22,67.3800,131,1
2026-01-15,601318,13:53:25,67.3700,178,2
2026-01-15,601318,13:53:28,67.3700,97,1
2026-01-15,601318,13:53:31,67.3700,104,1
2026-01-15,601318,13:53:34,67.3600,272,2
2026-01-15,601318,13:53:37,67.3800,12,1
2026-01-15,601318,13:53:40,67.3600,203,2
2026-01-15,601318,13:53:43,67.3700,86,1
2026-01-15,601318,13:53:46,67.3600,347,2
2026-01-15,601318,13:53:49,67.3400,487,2
2026-01-15,601318,13:53:52,67.3400,167,2
2026-01-15,601318,13:53:55,67.3400,98,1
2026-01-15,601318,13:53:58,67.3300,234,2
2026-01-15,601318,13:54:01,67.3000,937,2
2026-01-15,601318,13:54:04,67.3000,262,2
2026-01-15,601318,13:54:07,67.2900,500,2
2026-01-15,601318,13:54:10,67.3000,385,1
2026-01-15,601318,13:54:13,67.2700,260,2
2026-01-15,601318,13:54:16,67.2700,18,2
2026-01-15,601318,13:54:19,67.2700,191,1
2026-01-15,601318,13:54:22,67.2700,97,2
2026-01-15,601318,13:54:25,67.2600,159,2
2026-01-15,601318,13:54:28,67.2800,66,1
2026-01-15,601318,13:54:31,67.2700,169,2
2026-01-15,601318,13:54:34,67.2500,193,2
2026-01-15,601318,13:54:37,67.2500,100,2
2026-01-15,601318,13:54:40,67.2400,86,2
2026-01-15,601318,13:54:43,67.2400,60,1
2026-01-15,601318,13:54:46,67.2400,253,1
2026-01-15,601318,13:54:49,67.2400,126,1
2026-01-15,601318,13:54:52,67.2300,342,2
2026-01-15,601318,13:54:55,67.2600,154,1
2026-01-15,601318,13:54:58,67.2700,149,1
2026-01-15,601318,13:55:01,67.2600,93,2
2026-01-15,601318,13:55:04,67.2500,172,2
2026-01-15,601318,13:55:07,67.2500,128,2
2026-01-15,601318,13:55:10,67.2400,148,2
2026-01-15,601318,13:55:13,67.2400,134,2
2026-01-15,601318,13:55:16,67.2500,337,1
2026-01-15,601318,13:55:19,67.2400,209,2
2026-01-15,601318,13:55:22,67.2400,307,1
2026-01-15,601318,13:55:25,67.2400,169,1
2026-01-15,601318,13:55:28,67.2300,503,2
2026-01-15,601318,13:55:31,67.2100,302,2
2026-01-15,601318,13:55:34,67.2000,240,2
2026-01-15,601318,13:55:37,67.2100,154,1
2026-01-15,601318,13:55:40,67.2000,229,2
2026-01-15,601318,13:55:43,67.2100,158,1
2026-01-15,601318,13:55:46,67.2100,165,4
2026-01-15,601318,13:55:49,67.2100,88,2
2026-01-15,601318,13:55:52,67.2100,60,2
2026-01-15,601318,13:55:55,67.2200,51,1
2026-01-15,601318,13:55:58,67.2100,110,2
2026-01-15,601318,13:56:01,67.2300,122,1
2026-01-15,601318,13:56:04,67.2100,304,2
2026-01-15,601318,13:56:07,67.2200,151,1
2026-01-15,601318,13:56:10,67.2100,566,2
2026-01-15,601318,13:56:13,67.2200,344,1
2026-01-15,601318,13:56:16,67.2300,230,1
2026-01-15,601318,13:56:19,67.2200,297,2
2026-01-15,601318,13:56:22,67.2200,284,2
2026-01-15,601318,13:56:25,67.2200,425,1
2026-01-15,601318,13:56:28,67.2100,254,2
2026-01-15,601318,13:56:31,67.2200,112,4
2026-01-15,601318,13:56:34,67.2200,125,1
2026-01-15,601318,13:56:37,67.2200,37,1
2026-01-15,601318,13:56:40,67.2200,101,1
2026-01-15,601318,13:56:43,67.2200,237,1
2026-01-15,601318,13:56:46,67.2200,89,1
2026-01-15,601318,13:56:49,67.2100,157,2
2026-01-15,601318,13:56:52,67.2100,176,2
2026-01-15,601318,13:56:55,67.2100,106,2
2026-01-15,601318,13:56:58,67.2200,71,1
2026-01-15,601318,13:57:01,67.2100,180,2
2026-01-15,601318,13:57:04,67.2100,209,1
2026-01-15,601318,13:57:07,67.2000,49,2
2026-01-15,601318,13:57:10,67.2100,34,1
2026-01-15,601318,13:57:13,67.2200,33,1
2026-01-15,601318,13:57:16,67.2300,84,1
2026-01-15,601318,13:57:19,67.2400,92,1
2026-01-15,601318,13:57:22,67.2700,62,1
2026-01-15,601318,13:57:25,67.2400,22,2
2026-01-15,601318,13:57:28,67.2400,73,2
2026-01-15,601318,13:57:31,67.2400,48,2
2026-01-15,601318,13:57:34,67.2500,283,1
2026-01-15,601318,13:57:37,67.2600,95,1
2026-01-15,601318,13:57:40,67.2700,61,1
2026-01-15,601318,13:57:43,67.2800,157,1
2026-01-15,601318,13:57:46,67.2800,12,2
2026-01-15,601318,13:57:49,67.2900,167,1
2026-01-15,601318,13:57:52,67.2900,35,2
2026-01-15,601318,13:57:55,67.2900,1401,2
2026-01-15,601318,13:57:58,67.2900,430,2
2026-01-15,601318,13:58:01,67.3000,177,2
2026-01-15,601318,13:58:04,67.3200,155,1
2026-01-15,601318,13:58:07,67.3000,146,2
2026-01-15,601318,13:58:10,67.3000,197,1
2026-01-15,601318,13:58:13,67.3000,50,1
2026-01-15,601318,13:58:16,67.3000,217,1
2026-01-15,601318,13:58:19,67.3000,124,1
2026-01-15,601318,13:58:22,67.3000,93,1
2026-01-15,601318,13:58:25,67.3200,94,2
2026-01-15,601318,13:58:28,67.3200,74,1
2026-01-15,601318,13:58:31,67.3300,90,1
2026-01-15,601318,13:58:34,67.3200,50,1
2026-01-15,601318,13:58:37,67.3200,5,2
2026-01-15,601318,13:58:40,67.3400,93,1
2026-01-15,601318,13:58:43,67.3400,32,1
2026-01-15,601318,13:58:46,67.3300,111,2
2026-01-15,601318,13:58:49,67.3600,150,1
2026-01-15,601318,13:58:52,67.3500,212,1
2026-01-15,601318,13:58:55,67.3600,130,1
2026-01-15,601318,13:58:58,67.3700,66,1
2026-01-15,601318,13:59:01,67.4000,741,1
2026-01-15,601318,13:59:04,67.3600,21,2
2026-01-15,601318,13:59:07,67.3600,109,2
2026-01-15,601318,13:59:10,67.3900,24,1
2026-01-15,601318,13:59:13,67.3700,26,1
2026-01-15,601318,13:59:16,67.3800,94,4
2026-01-15,601318,13:59:19,67.3800,24,1
2026-01-15,601318,13:59:22,67.3700,29,2
2026-01-15,601318,13:59:25,67.3800,39,1
2026-01-15,601318,13:59:28,67.3700,161,2
2026-01-15,601318,13:59:31,67.3800,1097,1
2026-01-15,601318,13:59:34,67.3800,382,1
2026-01-15,601318,13:59:37,67.4000,203,1
2026-01-15,601318,13:59:40,67.4100,88,4
2026-01-15,601318,13:59:43,67.4500,64,1
2026-01-15,601318,13:59:46,67.4800,267,1
2026-01-15,601318,13:59:49,67.4900,417,1
2026-01-15,601318,13:59:52,67.5100,61,1
2026-01-15,601318,13:59:55,67.5200,87,1
2026-01-15,601318,13:59:58,67.5500,188,1
2026-01-15,601318,14:00:01,67.5400,104,1
2026-01-15,601318,14:00:04,67.4900,613,2
2026-01-15,601318,14:00:07,67.5000,169,1
2026-01-15,601318,14:00:10,67.4900,179,2
2026-01-15,601318,14:00:13,67.4900,133,1
2026-01-15,601318,14:00:16,67.5000,179,1
2026-01-15,601318,14:00:19,67.5000,41,1
2026-01-15,601318,14:00:22,67.5000,104,2
2026-01-15,601318,14:00:25,67.5000,66,2
2026-01-15,601318,14:00:28,67.5000,32,1
2026-01-15,601318,14:00:31,67.5000,165,1
2026-01-15,601318,14:00:34,67.5000,107,1
2026-01-15,601318,14:00:37,67.5000,34,2
2026-01-15,601318,14:00:40,67.5100,5,2
2026-01-15,601318,14:00:43,67.5100,168,2
2026-01-15,601318,14:00:46,67.5100,34,2
2026-01-15,601318,14:00:49,67.5400,154,1
2026-01-15,601318,14:00:52,67.5500,68,1
2026-01-15,601318,14:00:55,67.5300,40,2
2026-01-15,601318,14:00:58,67.5200,65,2
2026-01-15,601318,14:01:01,67.5300,275,1
2026-01-15,601318,14:01:04,67.5300,141,4
2026-01-15,601318,14:01:07,67.5300,79,2
2026-01-15,601318,14:01:10,67.5100,389,2
2026-01-15,601318,14:01:13,67.4900,197,2
2026-01-15,601318,14:01:16,67.4900,207,2
2026-01-15,601318,14:01:19,67.5000,89,1
2026-01-15,601318,14:01:22,67.5000,77,1
2026-01-15,601318,14:01:25,67.5000,80,1
2026-01-15,601318,14:01:28,67.4800,118,2
2026-01-15,601318,14:01:31,67.4600,129,2
2026-01-15,601318,14:01:34,67.4800,8,1
2026-01-15,601318,14:01:37,67.4800,19,1
2026-01-15,601318,14:01:40,67.4700,62,2
2026-01-15,601318,14:01:43,67.4700,51,2
2026-01-15,601318,14:01:46,67.4700,83,1
2026-01-15,601318,14:01:49,67.4500,65,2
2026-01-15,601318,14:01:52,67.4400,282,2
2026-01-15,601318,14:01:55,67.4900,808,1
2026-01-15,601318,14:01:58,67.5100,526,1
2026-01-15,601318,14:02:01,67.5000,180,2
2026-01-15,601318,14:02:04,67.5600,164,1
2026-01-15,601318,14:02:07,67.5400,137,1
2026-01-15,601318,14:02:10,67.5400,107,1
2026-01-15,601318,14:02:13,67.5100,74,2
2026-01-15,601318,14:02:16,67.5300,27,1
2026-01-15,601318,14:02:19,67.5100,52,2
2026-01-15,601318,14:02:22,67.5000,111,2
2026-01-15,601318,14:02:25,67.5100,59,1
2026-01-15,601318,14:02:28,67.5100,27,1
2026-01-15,601318,14:02:31,67.5100,38,1
2026-01-15,601318,14:02:34,67.4800,1017,2
2026-01-15,601318,14:02:37,67.4700,365,2
2026-01-15,601318,14:02:40,67.4800,291,2
2026-01-15,601318,14:02:43,67.4600,94,2
2026-01-15,601318,14:02:46,67.4600,87,2
2026-01-15,601318,14:02:49,67.4500,193,2
2026-01-15,601318,14:02:52,67.4400,228,2
2026-01-15,601318,14:02:55,67.4200,345,2
2026-01-15,601318,14:02:58,67.4100,192,2
2026-01-15,601318,14:03:01,67.4100,151,1
2026-01-15,601318,14:03:04,67.3900,249,2
2026-01-15,601318,14:03:07,67.4000,220,1
2026-01-15,601318,14:03:10,67.3800,186,2
2026-01-15,601318,14:03:13,67.3800,148,2
2026-01-15,601318,14:03:16,67.3500,410,2
2026-01-15,601318,14:03:19,67.3600,208,4
2026-01-15,601318,14:03:22,67.3700,85,1
2026-01-15,601318,14:03:25,67.3400,81,2
2026-01-15,601318,14:03:28,67.3600,59,1
2026-01-15,601318,14:03:31,67.3600,114,2
2026-01-15,601318,14:03:34,67.3600,50,2
2026-01-15,601318,14:03:37,67.3600,33,1
2026-01-15,601318,14:03:40,67.3500,34,2
2026-01-15,601318,14:03:43,67.3500,37,2
2026-01-15,601318,14:03:46,67.3700,204,1
2026-01-15,601318,14:03:49,67.4500,474,1
2026-01-15,601318,14:03:52,67.4200,67,2
2026-01-15,601318,14:03:55,67.4200,51,2
2026-01-15,601318,14:03:58,67.4600,8,1
2026-01-15,601318,14:04:01,67.4800,68,1
2026-01-15,601318,14:04:04,67.4900,119,1
2026-01-15,601318,14:04:07,67.4600,255,2
2026-01-15,601318,14:04:10,67.4400,132,2
2026-01-15,601318,14:04:13,67.4300,85,2
2026-01-15,601318,14:04:16,67.4400,235,1
2026-01-15,601318,14:04:19,67.4500,41,1
2026-01-15,601318,14:04:22,67.4500,37,1
2026-01-15,601318,14:04:25,67.4600,47,1
2026-01-15,601318,14:04:28,67.4800,3,1
2026-01-15,601318,14:04:31,67.4600,50,2
2026-01-15,601318,14:04:34,67.4800,71,1
2026-01-15,601318,14:04:37,67.4800,58,1
2026-01-15,601318,14:04:40,67.4700,132,2
2026-01-15,601318,14:04:43,67.4800,56,1
2026-01-15,601318,14:04:46,67.4700,104,2
2026-01-15,601318,14:04:49,67.4800,67,1
2026-01-15,601318,14:04:52,67.4800,47,1
2026-01-15,601318,14:04:55,67.4800,31,1
2026-01-15,601318,14:04:58,67.4800,215,1
2026-01-15,601318,14:05:01,67.4800,41,2
2026-01-15,601318,14:05:04,67.4900,78,4
2026-01-15,601318,14:05:07,67.5000,42,1
2026-01-15,601318,14:05:10,67.4900,137,2
2026-01-15,601318,14:05:13,67.5000,238,1
2026-01-15,601318,14:05:16,67.5000,72,1
2026-01-15,601318,14:05:19,67.4900,91,2
2026-01-15,601318,14:05:22,67.5000,19,1
2026-01-15,601318,14:05:25,67.4900,37,2
2026-01-15,601318,14:05:28,67.4900,188,2
2026-01-15,601318,14:05:31,67.4900,94,2
2026-01-15,601318,14:05:34,67.4900,69,2
2026-01-15,601318,14:05:37,67.4800,252,2
2026-01-15,601318,14:05:40,67.4800,155,2
2026-01-15,601318,14:05:43,67.4900,57,1
2026-01-15,601318,14:05:46,67.5100,248,1
2026-01-15,601318,14:05:49,67.4900,55,2
2026-01-15,601318,14:05:52,67.5000,15,2
2026-01-15,601318,14:05:55,67.5000,52,2
2026-01-15,601318,14:05:58,67.5200,27,1
2026-01-15,601318,14:06:01,67.5200,71,1
2026-01-15,601318,14:06:04,67.5400,460,1
2026-01-15,601318,14:06:07,67.5600,166,1
2026-01-15,601318,14:06:10,67.5800,238,1
2026-01-15,601318,14:06:13,67.5600,8,2
2026-01-15,601318,14:06:16,67.5600,44,2
2026-01-15,601318,14:06:19,67.5700,102,4
2026-01-15,601318,14:06:22,67.5900,253,1
2026-01-15,601318,14:06:25,67.5800,102,2
2026-01-15,601318,14:06:28,67.5900,66,1
2026-01-15,601318,14:06:31,67.5800,43,2
2026-01-15,601318,14:06:34,67.6000,91,1
2026-01-15,601318,14:06:37,67.5800,111,2
2026-01-15,601318,14:06:40,67.5700,158,2
2026-01-15,601318,14:06:43,67.5700,199,2
2026-01-15,601318,14:06:46,67.5600,109,2
2026-01-15,601318,14:06:49,67.5700,30,4
2026-01-15,601318,14:06:52,67.5700,52,2
2026-01-15,601318,14:06:55,67.5700,104,1
2026-01-15,601318,14:06:58,67.5700,65,1
2026-01-15,601318,14:07:01,67.5700,61,2
2026-01-15,601318,14:07:04,67.5800,92,1
2026-01-15,601318,10:57:07,67.1000,63,2
2026-01-15,601318,10:57:10,67.1000,15,2
2026-01-15,601318,10:57:13,67.0900,38,2
2026-01-15,601318,10:57:16,67.1000,38,1
2026-01-15,601318,10:57:19,67.0900,16,2
2026-01-15,601318,10:57:22,67.0900,115,2
2026-01-15,601318,10:57:25,67.0900,115,2
2026-01-15,601318,10:57:28,67.0900,63,2
2026-01-15,601318,10:57:31,67.1000,362,1
2026-01-15,601318,10:57:34,67.1000,96,2
2026-01-15,601318,10:57:37,67.1300,115,1
2026-01-15,601318,10:57:40,67.1400,150,1
2026-01-15,601318,10:57:43,67.1300,111,2
2026-01-15,601318,10:57:46,67.1400,5,4
2026-01-15,601318,10:57:49,67.1600,63,1
2026-01-15,601318,10:57:52,67.1600,100,1
2026-01-15,601318,10:57:55,67.1900,99,1
2026-01-15,601318,10:57:58,67.1900,9,1
2026-01-15,601318,10:58:01,67.1700,111,2
2026-01-15,601318,10:58:04,67.1700,80,2
2026-01-15,601318,10:58:07,67.2200,48,1
2026-01-15,601318,10:58:10,67.2300,13,1
2026-01-15,601318,10:58:13,67.2100,31,2
2026-01-15,601318,10:58:16,67.2200,7,1
2026-01-15,601318,10:58:19,67.2100,25,2
2026-01-15,601318,10:58:22,67.2100,205,2
2026-01-15,601318,10:58:25,67.2300,131,1
2026-01-15,601318,10:58:28,67.2400,44,1
2026-01-15,601318,10:58:31,67.2100,67,2
2026-01-15,601318,10:58:34,67.2000,166,2
2026-01-15,601318,10:58:37,67.2300,48,1
2026-01-15,601318,10:58:40,67.2300,20,1
2026-01-15,601318,10:58:43,67.2300,54,1
2026-01-15,601318,10:58:46,67.2300,13,1
2026-01-15,601318,10:58:49,67.2500,55,1
2026-01-15,601318,10:58:52,67.2700,60,1
2026-01-15,601318,10:58:55,67.2700,64,1
2026-01-15,601318,10:58:58,67.2800,31,1
2026-01-15,601318,10:59:01,67.2800,191,1
2026-01-15,601318,10:59:04,67.2700,149,2
2026-01-15,601318,10:59:07,67.2800,44,1
2026-01-15,601318,10:59:10,67.3100,53,1
2026-01-15,601318,10:59:13,67.2600,309,2
2026-01-15,601318,10:59:16,67.2400,127,2
2026-01-15,601318,10:59:19,67.2400,93,1
2026-01-15,601318,10:59:22,67.2400,169,1
2026-01-15,601318,10:59:25,67.2800,98,1
2026-01-15,601318,10:59:28,67.2800,57,1
2026-01-15,601318,10:59:31,67.2700,52,1
2026-01-15,601318,10:59:34,67.2600,52,2
2026-01-15,601318,10:59:37,67.2800,23,1
2026-01-15,601318,10:59:40,67.2800,47,1
2026-01-15,601318,10:59:43,67.2800,31,1
2026-01-15,601318,10:59:46,67.2600,431,2
2026-01-15,601318,10:59:49,67.2100,154,2
2026-01-15,601318,10:59:52,67.2200,55,4
2026-01-15,601318,10:59:55,67.2200,119,1
2026-01-15,601318,10:59:58,67.1600,271,2
2026-01-15,601318,11:00:01,67.1600,53,2
2026-01-15,601318,11:00:04,67.1500,88,2
2026-01-15,601318,11:00:07,67.1600,6,2
2026-01-15,601318,11:00:10,67.1700,45,1
2026-01-15,601318,11:00:13,67.1700,17,2
2026-01-15,601318,11:00:16,67.1700,483,2
2026-01-15,601318,11:00:19,67.1800,41,4
2026-01-15,601318,11:00:22,67.1900,73,1
2026-01-15,601318,11:00:25,67.1900,210,2
2026-01-15,601318,11:00:28,67.1900,143,1
2026-01-15,601318,11:00:31,67.2200,65,1
2026-01-15,601318,11:00:34,67.2200,46,1
2026-01-15,601318,11:00:37,67.2400,121,1
2026-01-15,601318,11:00:40,67.2400,24,1
2026-01-15,601318,11:00:43,67.2400,73,2
2026-01-15,601318,11:00:46,67.2500,76,1
2026-01-15,601318,11:00:49,67.2600,102,1
2026-01-15,601318,11:00:52,67.2600,169,2
2026-01-15,601318,11:00:55,67.2700,95,1
2026-01-15,601318,11:00:58,67.2700,59,2
2026-01-15,601318,11:01:01,67.2800,66,1
2026-01-15,601318,11:01:04,67.2700,65,2
2026-01-15,601318,11:01:07,67.2700,18,1
2026-01-15,601318,11:01:10,67.2700,31,1
2026-01-15,601318,11:01:13,67.3000,338,1
2026-01-15,601318,11:01:16,67.3100,143,1
2026-01-15,601318,11:01:19,67.2700,1199,2
2026-01-15,601318,11:01:22,67.2500,352,2
2026-01-15,601318,11:01:25,67.2400,100,2
2026-01-15,601318,11:01:28,67.2100,72,2
2026-01-15,601318,11:01:31,67.2000,127,2
2026-01-15,601318,11:01:34,67.2000,44,2
2026-01-15,601318,11:01:37,67.1900,106,2
2026-01-15,601318,11:01:40,67.1900,38,2
2026-01-15,601318,11:01:43,67.1900,229,2
2026-01-15,601318,11:01:46,67.1800,34,2
2026-01-15,601318,11:01:49,67.1800,129,1
2026-01-15,601318,11:01:52,67.1800,56,1
2026-01-15,601318,11:01:55,67.1500,64,2
2026-01-15,601318,11:01:58,67.1500,36,2
2026-01-15,601318,11:02:01,67.1200,36,2
2026-01-15,601318,11:02:04,67.1400,315,1
2026-01-15,601318,11:02:07,67.1600,143,1
2026-01-15,601318,11:02:10,67.1600,23,2
2026-01-15,601318,11:02:13,67.1500,39,2
2026-01-15,601318,11:02:16,67.1800,15,1
2026-01-15,601318,11:02:19,67.1600,45,4
2026-01-15,601318,11:02:22,67.1500,58,2
2026-01-15,601318,11:02:25,67.1500,41,2
2026-01-15,601318,11:02:28,67.1400,57,2
2026-01-15,601318,11:02:31,67.1500,87,1
2026-01-15,601318,11:02:34,67.1600,63,1
2026-01-15,601318,11:02:37,67.1700,104,1
2026-01-15,601318,11:02:40,67.1700,59,1
2026-01-15,601318,11:02:43,67.1600,113,2
2026-01-15,601318,11:02:46,67.1500,167,2
2026-01-15,601318,11:02:49,67.1500,20,2
2026-01-15,601318,11:02:52,67.1600,96,1
2026-01-15,601318,11:02:55,67.1500,50,2
2026-01-15,601318,11:02:58,67.1500,21,2
2026-01-15,601318,11:03:01,67.1500,74,2
2026-01-15,601318,11:03:04,67.1500,73,2
2026-01-15,601318,11:03:07,67.1600,144,1
2026-01-15,601318,11:03:10,67.2000,267,1
2026-01-15,601318,11:03:13,67.1900,218,2
2026-01-15,601318,11:03:16,67.1800,154,2
2026-01-15,601318,11:03:19,67.2000,7,1
2026-01-15,601318,11:03:22,67.2200,73,1
2026-01-15,601318,11:03:25,67.2200,34,2
2026-01-15,601318,11:03:28,67.2400,4,1
2026-01-15,601318,11:03:31,67.2300,43,4
2026-01-15,601318,11:03:34,67.2000,202,2
2026-01-15,601318,11:03:37,67.1800,131,2
2026-01-15,601318,11:03:40,67.1600,87,2
2026-01-15,601318,11:03:43,67.1600,193,2
2026-01-15,601318,11:03:46,67.1700,111,1
2026-01-15,601318,11:03:49,67.1700,26,1
2026-01-15,601318,11:03:52,67.1900,123,1
2026-01-15,601318,11:03:55,67.2100,95,1
2026-01-15,601318,11:03:58,67.2200,11,4
2026-01-15,601318,11:04:01,67.2200,24,2
2026-01-15,601318,11:04:04,67.2200,72,2
2026-01-15,601318,11:04:07,67.2200,9,1
2026-01-15,601318,11:04:10,67.2100,254,2
2026-01-15,601318,11:04:13,67.1900,100,2
2026-01-15,601318,11:04:16,67.1700,192,2
2026-01-15,601318,11:04:19,67.1700,90,2
2026-01-15,601318,11:04:22,67.1600,90,2
2026-01-15,601318,11:04:25,67.1600,32,2
2026-01-15,601318,11:04:28,67.1600,122,1
2026-01-15,601318,11:04:31,67.1600,51,1
2026-01-15,601318,11:04:34,67.1300,116,2
2026-01-15,601318,11:04:37,67.1400,65,1
2026-01-15,601318,11:04:40,67.1500,147,1
2026-01-15,601318,11:04:43,67.1500,44,2
2026-01-15,601318,11:04:46,67.1500,9,1
2026-01-15,601318,11:04:49,67.1400,47,2
2026-01-15,601318,11:04:52,67.1500,26,2
2026-01-15,601318,11:04:55,67.1500,106,2
2026-01-15,601318,11:04:58,67.1600,89,1
2026-01-15,601318,11:05:01,67.1500,106,2
2026-01-15,601318,11:05:04,67.1500,33,2
2026-01-15,601318,11:05:07,67.1500,119,2
2026-01-15,601318,11:05:10,67.1500,59,1
2026-01-15,601318,11:05:13,67.1500,63,1
2026-01-15,601318,11:05:16,67.1300,68,2
2026-01-15,601318,11:05:19,67.1400,15,4
2026-01-15,601318,11:05:22,67.1300,96,2
2026-01-15,601318,11:05:25,67.1400,16,2
2026-01-15,601318,11:05:28,67.1500,57,1
2026-01-15,601318,11:05:31,67.1300,81,2
2026-01-15,601318,11:05:34,67.1300,53,2
2026-01-15,601318,11:05:37,67.1200,127,2
2026-01-15,601318,11:05:40,67.1300,11,1
2026-01-15,601318,11:05:43,67.1300,99,1
2026-01-15,601318,11:05:46,67.1200,35,2
2026-01-15,601318,11:05:49,67.1300,58,1
2026-01-15,601318,11:05:52,67.1700,286,1
2026-01-15,601318,11:05:55,67.1800,48,4
2026-01-15,601318,11:05:58,67.1700,34,2
2026-01-15,601318,11:06:01,67.1700,26,2
2026-01-15,601318,11:06:04,67.1700,21,2
2026-01-15,601318,11:06:07,67.1800,57,1
2026-01-15,601318,11:06:10,67.1700,7,2
2026-01-15,601318,11:06:13,67.1700,31,2
2026-01-15,601318,11:06:16,67.1700,26,2
2026-01-15,601318,11:06:19,67.2000,175,1
2026-01-15,601318,11:06:22,67.2000,333,2
2026-01-15,601318,11:06:25,67.2100,140,1
2026-01-15,601318,11:06:28,67.2000,121,2
2026-01-15,601318,11:06:31,67.2100,24,1
2026-01-15,601318,11:06:34,67.2100,254,2
2026-01-15,601318,11:06:37,67.1900,49,2
2026-01-15,601318,11:06:40,67.1700,59,2
2026-01-15,601318,11:06:43,67.1700,31,4
2026-01-15,601318,11:06:46,67.1600,32,2
2026-01-15,601318,11:06:49,67.1600,84,2
2026-01-15,601318,11:06:52,67.1600,99,1
2026-01-15,601318,11:06:55,67.1600,16,1
2026-01-15,601318,11:06:58,67.1600,13,2
2026-01-15,601318,11:07:01,67.1600,159,2
2026-01-15,601318,11:07:04,67.1500,109,2
2026-01-15,601318,11:07:07,67.1500,84,1
2026-01-15,601318,11:07:10,67.1500,15,1
2026-01-15,601318,11:07:13,67.1400,44,2
2026-01-15,601318,11:07:16,67.1500,115,1
2026-01-15,601318,11:07:19,67.1600,252,1
2026-01-15,601318,11:07:22,67.1600,232,2
2026-01-15,601318,11:07:25,67.1900,43,1
2026-01-15,601318,11:07:28,67.1700,129,2
2026-01-15,601318,11:07:31,67.1700,18,1
2026-01-15,601318,11:07:34,67.1700,165,1
2026-01-15,601318,11:07:37,67.1600,63,2
2026-01-15,601318,11:07:40,67.1400,101,2
2026-01-15,601318,11:07:43,67.1300,147,2
2026-01-15,601318,11:07:46,67.1300,39,1
2026-01-15,601318,11:07:49,67.1200,109,2
2026-01-15,601318,11:07:52,67.1200,76,2
2026-01-15,601318,11:07:55,67.1300,9,2
2026-01-15,601318,11:07:58,67.1300,69,2
2026-01-15,601318,11:08:01,67.1300,34,1
2026-01-15,601318,11:08:04,67.1300,157,1
2026-01-15,601318,11:08:07,67.1400,26,1
2026-01-15,601318,11:08:10,67.1400,108,1
2026-01-15,601318,11:08:13,67.1400,35,1
2026-01-15,601318,11:08:19,67.1300,53,2
2026-01-15,601318,11:08:22,67.1400,89,1
2026-01-15,601318,11:08:25,67.1300,7,2
2026-01-15,601318,11:08:28,67.1300,81,2
2026-01-15,601318,11:08:31,67.1200,73,2
2026-01-15,601318,11:08:34,67.1200,113,2
2026-01-15,601318,11:08:37,67.1200,135,1
2026-01-15,601318,11:08:40,67.1200,13,1
2026-01-15,601318,11:08:43,67.1200,67,1
2026-01-15,601318,11:08:46,67.1200,69,1
2026-01-15,601318,11:08:49,67.1100,54,2
2026-01-15,601318,11:08:52,67.1200,104,1
2026-01-15,601318,11:08:55,67.1500,323,1
2026-01-15,601318,11:08:58,67.1600,98,4
2026-01-15,601318,11:09:01,67.1600,40,2
2026-01-15,601318,11:09:04,67.1600,12,2
2026-01-15,601318,11:09:07,67.1900,105,1
2026-01-15,601318,11:09:10,67.1700,28,2
2026-01-15,601318,11:09:13,67.1800,9,4
2026-01-15,601318,11:09:16,67.1800,2,1
2026-01-15,601318,11:09:19,67.2000,147,1
2026-01-15,601318,11:09:22,67.2000,139,2
2026-01-15,601318,11:09:25,67.1900,46,2
2026-01-15,601318,11:09:28,67.1900,31,2
2026-01-15,601318,11:09:31,67.2000,91,1
2026-01-15,601318,11:09:34,67.1800,75,2
2026-01-15,601318,11:09:37,67.1900,47,1
2026-01-15,601318,11:09:40,67.2000,117,1
2026-01-15,601318,11:09:43,67.2000,82,2
2026-01-15,601318,11:09:46,67.2100,64,2
2026-01-15,601318,11:09:49,67.2000,83,2
2026-01-15,601318,11:09:52,67.1900,147,2
2026-01-15,601318,11:09:55,67.1900,92,2
2026-01-15,601318,11:09:58,67.1900,156,1
2026-01-15,601318,11:10:01,67.1700,98,2
2026-01-15,601318,11:10:04,67.1900,70,1
2026-01-15,601318,11:10:07,67.1800,62,2
2026-01-15,601318,11:10:10,67.1800,146,2
2026-01-15,601318,11:10:13,67.1600,31,2
2026-01-15,601318,11:10:16,67.1500,120,2
2026-01-15,601318,11:10:19,67.1500,61,1
2026-01-15,601318,11:10:22,67.1600,922,1
2026-01-15,601318,11:10:25,67.1500,95,2
2026-01-15,601318,11:10:28,67.1600,44,2
2026-01-15,601318,11:10:31,67.1700,93,1
2026-01-15,601318,11:10:34,67.1700,141,2
2026-01-15,601318,11:10:37,67.1800,113,1
2026-01-15,601318,11:10:40,67.1700,227,2
2026-01-15,601318,11:10:43,67.1800,32,2
2026-01-15,601318,11:10:46,67.1900,12,1
2026-01-15,601318,11:10:49,67.1800,148,2
2026-01-15,601318,11:10:52,67.1900,26,4
2026-01-15,601318,11:10:55,67.1800,15,1
2026-01-15,601318,11:10:58,67.1700,90,2
2026-01-15,601318,11:11:01,67.1700,105,2
2026-01-15,601318,11:11:04,67.1700,17,2
2026-01-15,601318,11:11:07,67.1800,86,1
2026-01-15,601318,11:11:10,67.1700,84,2
2026-01-15,601318,11:11:13,67.1700,66,2
2026-01-15,601318,11:11:16,67.1800,6,1
2026-01-15,601318,11:11:19,67.1900,111,1
2026-01-15,601318,11:11:22,67.1900,248,2
2026-01-15,601318,11:11:25,67.1800,18,2
2026-01-15,601318,11:11:28,67.1900,77,2
2026-01-15,601318,11:11:31,67.1800,17,2
2026-01-15,601318,11:11:34,67.1800,114,2
2026-01-15,601318,11:11:37,67.1500,142,2
2026-01-15,601318,11:11:40,67.1400,103,2
2026-01-15,601318,11:11:43,67.1300,26,2
2026-01-15,601318,11:11:46,67.1200,119,2
2026-01-15,601318,11:11:49,67.1400,17,1
2026-01-15,601318,11:11:52,67.1400,119,1
2026-01-15,601318,11:11:55,67.1400,34,2
2026-01-15,601318,11:11:58,67.1400,94,2
2026-01-15,601318,11:12:01,67.1400,52,2
2026-01-15,601318,11:12:04,67.1300,49,2
2026-01-15,601318,11:12:07,67.1300,28,2
2026-01-15,601318,11:12:10,67.1400,238,1
2026-01-15,601318,11:12:13,67.1300,30,2
2026-01-15,601318,11:12:16,67.1300,11,1
2026-01-15,601318,11:12:19,67.1200,116,2
2026-01-15,601318,11:12:22,67.1200,99,2
2026-01-15,601318,11:12:25,67.1100,191,2
2026-01-15,601318,11:12:28,67.1000,506,2
2026-01-15,601318,11:12:31,67.1000,430,2
2026-01-15,601318,11:12:34,67.1100,285,1
2026-01-15,601318,11:12:37,67.1100,108,1
2026-01-15,601318,11:12:40,67.1100,36,2
2026-01-15,601318,11:12:43,67.1200,65,1
2026-01-15,601318,11:12:46,67.1100,45,2
2026-01-15,601318,11:12:49,67.1100,52,2
2026-01-15,601318,11:12:52,67.1100,150,4
2026-01-15,601318,11:12:55,67.0900,103,2
2026-01-15,601318,11:12:58,67.0900,64,1
2026-01-15,601318,11:13:01,67.0800,124,2
2026-01-15,601318,11:13:04,67.0800,99,1
2026-01-15,601318,11:13:07,67.0800,115,1
2026-01-15,601318,11:13:10,67.0900,94,1
2026-01-15,601318,11:13:13,67.0800,28,2
2026-01-15,601318,11:13:16,67.0800,40,1
2026-01-15,601318,11:13:19,67.0700,20,2
2026-01-15,601318,11:13:22,67.0700,138,2
2026-01-15,601318,11:13:25,67.0700,132,1
2026-01-15,601318,11:13:28,67.0600,125,2
2026-01-15,601318,11:13:31,67.0600,92,2
2026-01-15,601318,11:13:34,67.0600,323,1
2026-01-15,601318,11:13:37,67.0600,100,1
2026-01-15,601318,11:13:40,67.0800,549,1
2026-01-15,601318,11:13:43,67.0800,183,1
2026-01-15,601318,11:13:46,67.0800,29,2
2026-01-15,601318,11:13:49,67.0800,37,2
2026-01-15,601318,11:13:52,67.0800,75,2
2026-01-15,601318,11:13:55,67.0800,80,2
2026-01-15,601318,11:13:58,67.0800,29,2
2026-01-15,601318,11:14:01,67.0800,55,1
2026-01-15,601318,11:14:04,67.0700,73,2
2026-01-15,601318,11:14:07,67.0700,58,1
2026-01-15,601318,11:14:10,67.0800,155,1
2026-01-15,601318,11:14:13,67.0900,43,1
2026-01-15,601318,11:14:16,67.0900,110,1
2026-01-15,601318,11:14:19,67.0900,54,1
2026-01-15,601318,11:14:22,67.0900,55,1
2026-01-15,601318,11:14:25,67.0900,175,2
2026-01-15,601318,11:14:28,67.1000,93,1
2026-01-15,601318,11:14:31,67.1000,101,2
2026-01-15,601318,11:14:34,67.0900,154,2
2026-01-15,601318,11:14:37,67.1100,168,2
2026-01-15,601318,11:14:40,67.1000,139,4
2026-01-15,601318,11:14:43,67.0800,101,2
2026-01-15,601318,11:14:46,67.1000,145,2
2026-01-15,601318,11:14:49,67.0900,133,2
2026-01-15,601318,11:14:52,67.1000,329,1
2026-01-15,601318,11:14:55,67.1000,121,2
2026-01-15,601318,11:14:58,67.1100,80,1
2026-01-15,601318,11:15:01,67.1400,204,1
2026-01-15,601318,11:15:04,67.1000,160,2
2026-01-15,601318,11:15:07,67.1200,9,2
2026-01-15,601318,11:15:10,67.1100,141,2
2026-01-15,601318,11:15:13,67.1200,261,1
2026-01-15,601318,11:15:16,67.1100,137,1
2026-01-15,601318,11:15:19,67.1000,85,2
2026-01-15,601318,11:15:22,67.0900,343,2
2026-01-15,601318,11:15:25,67.0900,108,2
2026-01-15,601318,11:15:28,67.0800,137,2
2026-01-15,601318,11:15:31,67.0700,219,2
2026-01-15,601318,11:15:34,67.0900,53,2
2026-01-15,601318,11:15:37,67.1400,78,1
2026-01-15,601318,11:15:40,67.0900,128,2
2026-01-15,601318,11:15:43,67.0900,61,2
2026-01-15,601318,11:15:46,67.0800,74,2
2026-01-15,601318,11:15:49,67.0900,27,2
2026-01-15,601318,11:15:52,67.0800,74,2
2026-01-15,601318,11:15:55,67.0800,32,2
2026-01-15,601318,11:15:58,67.0600,247,2
2026-01-15,601318,11:16:01,67.0600,72,2
2026-01-15,601318,11:16:04,67.0900,193,1
2026-01-15,601318,11:16:07,67.1000,98,1
2026-01-15,601318,11:16:10,67.1100,48,4
2026-01-15,601318,11:16:13,67.1200,54,1
2026-01-15,601318,11:16:16,67.1100,28,2
2026-01-15,601318,11:16:19,67.1100,43,1
2026-01-15,601318,11:16:22,67.1000,233,2
2026-01-15,601318,11:16:25,67.1100,111,1
2026-01-15,601318,11:16:28,67.1200,154,1
2026-01-15,601318,11:16:31,67.1200,95,2
2026-01-15,601318,11:16:34,67.1400,161,1
2026-01-15,601318,11:16:37,67.1700,127,1
2026-01-15,601318,11:16:40,67.1700,84,2
2026-01-15,601318,11:16:43,67.1900,177,1
2026-01-15,601318,11:16:46,67.1800,21,4
2026-01-15,601318,11:16:49,67.1700,148,2
2026-01-15,601318,11:16:52,67.1500,236,2
2026-01-15,601318,11:16:55,67.2000,55,1
2026-01-15,601318,11:16:58,67.1700,222,2
2026-01-15,601318,11:17:01,67.1500,189,2
2026-01-15,601318,11:17:04,67.2000,217,1
2026-01-15,601318,11:17:07,67.2100,78,1
2026-01-15,601318,11:17:10,67.2100,68,1
2026-01-15,601318,11:17:13,67.1900,106,2
2026-01-15,601318,11:17:16,67.2200,125,1
2026-01-15,601318,11:17:19,67.2300,61,1
2026-01-15,601318,11:17:22,67.2400,107,1
2026-01-15,601318,11:17:25,67.2400,83,2
2026-01-15,601318,11:17:28,67.2500,88,1
2026-01-15,601318,11:17:31,67.2100,82,2
2026-01-15,601318,11:17:34,67.1900,221,2
2026-01-15,601318,11:17:37,67.1800,54,2
2026-01-15,601318,11:17:40,67.2000,121,1
2026-01-15,601318,11:17:43,67.1700,172,2
2026-01-15,601318,11:17:46,67.1700,171,1
2026-01-15,601318,11:17:49,67.1700,71,2
2026-01-15,601318,11:17:52,67.2100,142,1
2026-01-15,601318,11:17:55,67.1700,130,2
2026-01-15,601318,11:17:58,67.2000,92,1
2026-01-15,601318,11:18:01,67.2000,110,2
2026-01-15,601318,11:18:04,67.2200,497,1
2026-01-15,601318,11:18:07,67.2300,78,1
2026-01-15,601318,11:18:10,67.2300,161,2
2026-01-15,601318,11:18:13,67.2400,147,1
2026-01-15,601318,11:18:16,67.2400,87,1
2026-01-15,601318,11:18:19,67.2500,84,1
2026-01-15,601318,11:18:22,67.2700,116,1
2026-01-15,601318,11:18:25,67.2800,70,1
2026-01-15,601318,11:18:28,67.2700,67,2
2026-01-15,601318,11:18:31,67.2500,93,2
2026-01-15,601318,11:18:34,67.2600,75,1
2026-01-15,601318,11:18:37,67.2700,112,1
2026-01-15,601318,11:18:40,67.2700,147,2
2026-01-15,601318,11:18:43,67.2800,45,1
2026-01-15,601318,11:18:46,67.2900,13,1
2026-01-15,601318,11:18:49,67.3000,63,1
2026-01-15,601318,11:18:52,67.3000,79,1
2026-01-15,601318,11:18:55,67.3000,65,1
2026-01-15,601318,11:18:58,67.3000,24,2
2026-01-15,601318,11:19:01,67.3100,105,1
2026-01-15,601318,11:19:04,67.2900,391,2
2026-01-15,601318,11:19:07,67.2800,171,2
2026-01-15,601318,11:19:10,67.2700,92,2
2026-01-15,601318,11:19:13,67.2500,97,2
2026-01-15,601318,11:19:16,67.2700,16,1
2026-01-15,601318,11:19:19,67.2600,17,2
2026-01-15,601318,11:19:22,67.2600,45,2
2026-01-15,601318,11:19:25,67.2500,138,2
2026-01-15,601318,11:19:28,67.2600,120,1
2026-01-15,601318,11:19:31,67.2600,150,4
2026-01-15,601318,11:19:34,67.2300,146,2
2026-01-15,601318,11:19:37,67.2700,42,2
2026-01-15,601318,11:19:40,67.2600,26,2
2026-01-15,601318,11:19:43,67.2700,167,1
2026-01-15,601318,11:19:46,67.2700,28,2
2026-01-15,601318,11:19:49,67.2900,60,1
2026-01-15,601318,11:19:52,67.2700,61,2
2026-01-15,601318,11:19:55,67.3000,148,1
2026-01-15,601318,11:19:58,67.2800,47,2
2026-01-15,601318,11:20:01,67.2900,80,4
2026-01-15,601318,11:20:04,67.2900,104,1
2026-01-15,601318,11:20:07,67.3100,258,1
2026-01-15,601318,11:20:10,67.3100,89,2
2026-01-15,601318,11:20:13,67.3200,56,4
2026-01-15,601318,11:20:16,67.3500,82,1
2026-01-15,601318,11:20:19,67.3400,91,1
2026-01-15,601318,11:20:22,67.3500,176,1
2026-01-15,601318,11:20:25,67.3400,23,1
