date,code,time,price,volume,bs
2026-06-05,600036,14:06:46,38.4800,54,1
2026-06-05,600036,14:06:49,38.4800,73,1
2026-06-05,600036,14:06:52,38.4800,15,2
2026-06-05,600036,14:06:55,38.4900,25,1
2026-06-05,600036,14:06:58,38.4900,13,1
2026-06-05,600036,14:07:01,38.4900,9,1
2026-06-05,600036,14:07:04,38.4900,170,1
2026-06-05,600036,14:07:07,38.4800,22,2
2026-06-05,600036,14:07:10,38.4800,102,2
2026-06-05,600036,14:07:13,38.4700,1451,2
2026-06-05,600036,14:07:16,38.4900,220,1
2026-06-05,600036,14:07:19,38.4800,101,4
2026-06-05,600036,14:07:22,38.4900,1,1
2026-06-05,600036,14:07:25,38.4900,57,1
2026-06-05,600036,14:07:28,38.4900,19,4
2026-06-05,600036,14:07:31,38.4900,23,1
2026-06-05,600036,14:07:34,38.4900,3,1
2026-06-05,600036,14:07:40,38.4800,22,2
2026-06-05,600036,14:07:43,38.4800,59,2
2026-06-05,600036,14:07:46,38.4800,64,4
2026-06-05,600036,14:07:49,38.4700,14,2
2026-06-05,600036,14:07:52,38.4700,29,2
2026-06-05,600036,14:07:55,38.4700,60,2
2026-06-05,600036,14:07:58,38.4700,12,2
2026-06-05,600036,14:08:01,38.4700,119,2
2026-06-05,600036,14:08:04,38.4700,20,2
2026-06-05,600036,14:08:07,38.4800,78,1
2026-06-05,600036,14:08:10,38.4800,18,1
2026-06-05,600036,14:08:13,38.4700,25,2
2026-06-05,600036,14:08:16,38.4800,34,1
2026-06-05,600036,14:08:19,38.4800,38,1
2026-06-05,600036,14:08:22,38.4800,16,1
2026-06-05,600036,14:08:25,38.4800,64,1
2026-06-05,600036,14:08:28,38.4700,14,2
2026-06-05,600036,14:08:31,38.4700,106,2
2026-06-05,600036,14:08:34,38.4700,6,2
2026-06-05,600036,14:08:37,38.4800,64,1
2026-06-05,600036,14:08:40,38.4800,17,1
2026-06-05,600036,14:08:43,38.4800,12,1
2026-06-05,600036,14:08:46,38.4700,8,2
2026-06-05,600036,14:08:49,38.4700,13,2
2026-06-05,600036,14:08:52,38.4800,19,1
2026-06-05,600036,14:08:55,38.4800,10,1
2026-06-05,600036,14:08:58,38.4700,4,2
2026-06-05,600036,14:09:01,38.4700,13,2
2026-06-05,600036,14:09:04,38.4700,26,2
2026-06-05,600036,14:09:07,38.4800,75,1
2026-06-05,600036,14:09:10,38.4700,39,2
2026-06-05,600036,14:09:13,38.4800,136,1
2026-06-05,600036,14:09:16,38.4700,86,2
2026-06-05,600036,14:09:19,38.4700,8,2
2026-06-05,600036,14:09:22,38.4700,1,2
2026-06-05,600036,14:09:25,38.4800,5,1
2026-06-05,600036,14:09:28,38.4800,130,1
2026-06-05,600036,14:09:31,38.4800,15,1
2026-06-05,600036,14:09:34,38.4800,50,1
2026-06-05,600036,14:09:37,38.4800,517,1
2026-06-05,600036,14:09:40,38.4900,15,1
2026-06-05,600036,14:09:43,38.4900,43,1
2026-06-05,600036,14:09:46,38.4900,1272,1
2026-06-05,600036,14:09:49,38.4900,70,2
2026-06-05,600036,14:09:52,38.4900,20,2
2026-06-05,600036,14:09:55,38.4900,47,2
2026-06-05,600036,14:09:58,38.4900,359,2
2026-06-05,600036,14:10:01,38.4900,193,2
2026-06-05,600036,14:10:04,38.4900,357,2
2026-06-05,600036,14:10:07,38.4900,26,2
2026-06-05,600036,14:10:10,38.4900,47,2
2026-06-05,600036,14:10:13,38.4900,65,1
2026-06-05,600036,14:10:16,38.4900,20,1
2026-06-05,600036,14:10:19,38.4800,13,2
2026-06-05,600036,14:10:22,38.4800,13,2
2026-06-05,600036,14:10:25,38.4900,17,1
2026-06-05,600036,14:10:28,38.4900,62,1
2026-06-05,600036,14:10:31,38.4900,58,1
2026-06-05,600036,14:10:34,38.4900,682,1
2026-06-05,600036,14:10:37,38.4900,82,1
2026-06-05,600036,14:10:40,38.5000,21,1
2026-06-05,600036,14:10:43,38.4900,14,2
2026-06-05,600036,14:10:46,38.5000,33,1
2026-06-05,600036,14:10:49,38.4900,14,2
2026-06-05,600036,14:10:52,38.5000,82,1
2026-06-05,600036,14:10:55,38.5000,135,1
2026-06-05,600036,14:10:58,38.5000,90,1
2026-06-05,600036,14:11:01,38.4900,19,2
2026-06-05,600036,14:11:04,38.4900,120,2
2026-06-05,600036,14:11:07,38.5200,2939,1
2026-06-05,600036,14:11:10,38.5200,64,1
2026-06-05,600036,14:11:13,38.5100,57,2
2026-06-05,600036,14:11:16,38.5200,65,1
2026-06-05,600036,14:11:19,38.5200,153,1
2026-06-05,600036,14:11:22,38.5100,140,2
2026-06-05,600036,14:11:25,38.5100,205,2
2026-06-05,600036,14:11:28,38.5300,272,1
2026-06-05,600036,14:11:31,38.5200,3,2
2026-06-05,600036,14:11:34,38.5300,45,1
2026-06-05,600036,14:11:37,38.5300,49,1
2026-06-05,600036,14:11:40,38.5200,192,2
2026-06-05,600036,14:11:43,38.5300,109,1
2026-06-05,600036,14:11:46,38.5400,73,1
2026-06-05,600036,14:11:49,38.5400,663,1
2026-06-05,600036,14:11:52,38.5300,48,2
2026-06-05,600036,14:11:55,38.5400,26,1
2026-06-05,600036,14:11:58,38.5400,123,1
2026-06-05,600036,14:12:01,38.5400,53,2
2026-06-05,600036,14:12:04,38.5400,926,2
2026-06-05,600036,14:12:07,38.5500,108,1
2026-06-05,600036,14:12:10,38.5300,31,2
2026-06-05,600036,14:12:13,38.5500,47,1
2026-06-05,600036,14:12:16,38.5500,7,1
2026-06-05,600036,14:12:19,38.5300,35,2
2026-06-05,600036,14:12:22,38.5400,9,1
2026-06-05,600036,14:12:28,38.5400,9,1
2026-06-05,600036,14:12:31,38.5300,195,2
2026-06-05,600036,14:12:34,38.5400,14,1
2026-06-05,600036,14:12:37,38.5400,5,1
2026-06-05,600036,14:12:40,38.5400,10,1
2026-06-05,600036,14:12:43,38.5300,328,2
2026-06-05,600036,14:12:46,38.5200,4,2
2026-06-05,600036,14:12:52,38.5300,11,1
2026-06-05,600036,14:12:55,38.5300,67,1
2026-06-05,600036,14:12:58,38.5300,2,2
2026-06-05,600036,14:13:01,38.5200,55,2
2026-06-05,600036,14:13:04,38.5300,4,4
2026-06-05,600036,14:13:07,38.5300,9,1
2026-06-05,600036,14:13:10,38.5200,3,2
2026-06-05,600036,14:13:13,38.5300,8,1
2026-06-05,600036,14:13:16,38.5300,17,1
2026-06-05,600036,14:13:19,38.5300,223,1
2026-06-05,600036,14:13:22,38.5300,88,2
2026-06-05,600036,14:13:25,38.5300,23,2
2026-06-05,600036,14:13:28,38.5200,34,2
2026-06-05,600036,14:13:31,38.5300,1,1
2026-06-05,600036,14:13:37,38.5300,106,1
2026-06-05,600036,14:13:40,38.5300,79,2
2026-06-05,600036,14:13:43,38.5300,28,2
2026-06-05,600036,14:13:46,38.5400,40,1
2026-06-05,600036,14:13:49,38.5300,5,2
2026-06-05,600036,14:13:52,38.5400,154,1
2026-06-05,600036,14:13:55,38.5400,39,1
2026-06-05,600036,14:13:58,38.5400,33,1
2026-06-05,600036,14:14:01,38.5400,14,2
2026-06-05,600036,14:14:04,38.5600,941,1
2026-06-05,600036,14:14:07,38.5400,52,2
2026-06-05,600036,14:14:10,38.5400,15,2
2026-06-05,600036,14:14:13,38.5500,23,1
2026-06-05,600036,14:14:16,38.5400,1137,2
2026-06-05,600036,14:14:19,38.5400,1,1
2026-06-05,600036,14:14:22,38.5400,107,1
2026-06-05,600036,14:14:25,38.5400,150,2
2026-06-05,600036,14:14:28,38.5400,208,2
2026-06-05,600036,14:14:31,38.5400,123,2
2026-06-05,600036,14:14:34,38.5400,51,1
2026-06-05,600036,14:14:37,38.5400,19,1
2026-06-05,600036,14:14:40,38.5400,9,1
2026-06-05,600036,14:14:43,38.5300,40,2
2026-06-05,600036,14:14:46,38.5400,107,1
2026-06-05,600036,14:14:49,38.5300,38,2
2026-06-05,600036,14:14:52,38.5300,70,2
2026-06-05,600036,14:14:55,38.5300,2,1
2026-06-05,600036,14:15:01,38.5300,3,1
2026-06-05,600036,14:15:04,38.5200,18,2
2026-06-05,600036,14:15:07,38.5300,71,1
2026-06-05,600036,14:15:10,38.5300,20,1
2026-06-05,600036,14:15:13,38.5300,32,1
2026-06-05,600036,14:15:16,38.5200,82,2
2026-06-05,600036,14:15:19,38.5200,78,2
2026-06-05,600036,14:15:22,38.5200,52,2
2026-06-05,600036,14:15:25,38.5200,15,2
2026-06-05,600036,14:15:28,38.5200,19,2
2026-06-05,600036,14:15:31,38.5200,66,2
2026-06-05,600036,14:15:34,38.5200,4,2
2026-06-05,600036,14:15:37,38.5300,18,1
2026-06-05,600036,14:15:40,38.5200,6,2
2026-06-05,600036,14:15:43,38.5200,54,2
2026-06-05,600036,14:15:46,38.5200,10,1
2026-06-05,600036,14:15:49,38.5100,19,2
2026-06-05,600036,14:15:52,38.5200,213,1
2026-06-05,600036,14:15:55,38.5200,106,1
2026-06-05,600036,14:15:58,38.5200,49,1
2026-06-05,600036,14:16:01,38.5100,30,2
2026-06-05,600036,14:16:04,38.5200,162,1
2026-06-05,600036,14:16:07,38.5100,4,2
2026-06-05,600036,14:16:10,38.5200,15,1
2026-06-05,600036,14:16:13,38.5100,58,2
2026-06-05,600036,14:16:16,38.5100,33,2
2026-06-05,600036,14:16:19,38.5200,45,1
2026-06-05,600036,14:16:22,38.5200,16,1
2026-06-05,600036,14:16:25,38.5100,84,2
2026-06-05,600036,14:16:28,38.5200,210,1
2026-06-05,600036,14:16:31,38.5200,23,2
2026-06-05,600036,14:16:34,38.5200,44,2
2026-06-05,600036,14:16:37,38.5300,22,1
2026-06-05,600036,14:16:40,38.5200,116,2
2026-06-05,600036,14:16:43,38.5200,24,2
2026-06-05,600036,14:16:46,38.5200,27,2
2026-06-05,600036,14:16:49,38.5200,19,2
2026-06-05,600036,14:16:52,38.5200,1,2
2026-06-05,600036,14:16:55,38.5300,12,1
2026-06-05,600036,14:16:58,38.5200,1,2
2026-06-05,600036,14:17:01,38.5300,4,1
2026-06-05,600036,14:17:04,38.5300,51,1
2026-06-05,600036,14:17:07,38.5200,17,2
2026-06-05,600036,14:17:10,38.5200,40,2
2026-06-05,600036,14:17:13,38.5200,43,2
2026-06-05,600036,14:17:16,38.5200,66,2
2026-06-05,600036,14:17:19,38.5200,15,2
2026-06-05,600036,14:17:22,38.5200,175,2
2026-06-05,600036,14:17:25,38.5300,44,1
2026-06-05,600036,14:17:28,38.5200,34,2
2026-06-05,600036,14:17:31,38.5200,52,2
2026-06-05,600036,14:17:34,38.5200,55,2
2026-06-05,600036,14:17:37,38.5200,91,2
2026-06-05,600036,14:17:40,38.5200,197,2
2026-06-05,600036,14:17:43,38.5200,48,2
2026-06-05,600036,14:17:46,38.5200,42,2
2026-06-05,600036,14:17:49,38.5300,102,1
2026-06-05,600036,14:17:52,38.5200,8,2
2026-06-05,600036,14:17:55,38.5200,21,2
2026-06-05,600036,14:17:58,38.5200,53,2
2026-06-05,600036,14:18:01,38.5200,67,2
2026-06-05,600036,14:18:04,38.5200,3,2
2026-06-05,600036,14:18:07,38.5200,140,2
2026-06-05,600036,14:18:10,38.5300,32,1
2026-06-05,600036,14:18:13,38.5200,166,2
2026-06-05,600036,14:18:16,38.5200,87,2
2026-06-05,600036,14:18:19,38.5200,97,2
2026-06-05,600036,14:18:22,38.5200,32,2
2026-06-05,600036,14:18:25,38.5200,24,2
2026-06-05,600036,14:18:28,38.5200,55,2
2026-06-05,600036,14:18:31,38.5300,18,1
2026-06-05,600036,14:18:34,38.5200,86,2
2026-06-05,600036,14:18:37,38.5200,59,2
2026-06-05,600036,14:18:40,38.5200,1,2
2026-06-05,600036,14:18:43,38.5200,12,2
2026-06-05,600036,14:18:46,38.5200,20,2
2026-06-05,600036,14:18:49,38.5200,32,2
2026-06-05,600036,14:18:52,38.5200,19,2
2026-06-05,600036,14:18:55,38.5200,60,2
2026-06-05,600036,14:18:58,38.5200,53,2
2026-06-05,600036,14:19:01,38.5300,8,1
2026-06-05,600036,14:19:04,38.5200,71,2
2026-06-05,600036,14:19:07,38.5200,587,2
2026-06-05,600036,14:19:10,38.5300,67,1
2026-06-05,600036,14:19:13,38.5200,23,2
2026-06-05,600036,14:19:16,38.5300,10,1
2026-06-05,600036,14:19:19,38.5200,71,2
2026-06-05,600036,14:19:22,38.5300,8,1
2026-06-05,600036,14:19:25,38.5200,19,2
2026-06-05,600036,14:19:28,38.5300,6,1
2026-06-05,600036,14:19:31,38.5200,121,2
2026-06-05,600036,14:19:34,38.5200,35,2
2026-06-05,600036,14:19:37,38.5300,263,1
2026-06-05,600036,14:19:40,38.5200,20,2
2026-06-05,600036,14:19:43,38.5300,26,1
2026-06-05,600036,14:19:46,38.5200,17,2
2026-06-05,600036,14:19:49,38.5200,81,2
2026-06-05,600036,14:19:52,38.5200,28,2
2026-06-05,600036,14:19:55,38.5300,61,1
2026-06-05,600036,14:19:58,38.5300,6,1
2026-06-05,600036,14:20:01,38.5300,34,1
2026-06-05,600036,14:20:04,38.5200,8,2
2026-06-05,600036,14:20:07,38.5200,370,2
2026-06-05,600036,14:20:10,38.5200,82,2
2026-06-05,600036,14:20:13,38.5200,7,2
2026-06-05,600036,14:20:16,38.5200,41,2
2026-06-05,600036,14:20:19,38.5200,59,2
2026-06-05,600036,14:20:22,38.5200,425,2
2026-06-05,600036,14:20:25,38.5300,193,1
2026-06-05,600036,14:20:28,38.5200,2302,2
2026-06-05,600036,14:20:31,38.5200,12,2
2026-06-05,600036,14:20:34,38.5200,129,2
2026-06-05,600036,14:20:37,38.5300,47,1
2026-06-05,600036,14:20:40,38.5200,41,2
2026-06-05,600036,14:20:43,38.5200,63,1
2026-06-05,600036,14:20:46,38.5200,114,2
2026-06-05,600036,14:20:49,38.5200,7,2
2026-06-05,600036,14:20:52,38.5200,25,2
2026-06-05,600036,14:20:55,38.5300,58,1
2026-06-05,600036,14:20:58,38.5300,34,1
2026-06-05,600036,14:21:01,38.5300,66,1
2026-06-05,600036,14:21:04,38.5200,46,2
2026-06-05,600036,14:21:07,38.5200,54,2
2026-06-05,600036,14:21:10,38.5200,40,2
2026-06-05,600036,14:21:13,38.5200,77,2
2026-06-05,600036,14:21:16,38.5200,78,2
2026-06-05,600036,14:21:19,38.5200,65,2
2026-06-05,600036,14:21:22,38.5200,91,2
2026-06-05,600036,14:21:25,38.5100,28,2
2026-06-05,600036,14:21:28,38.5100,17,2
2026-06-05,600036,14:21:31,38.5100,74,2
2026-06-05,600036,14:21:34,38.5100,9,2
2026-06-05,600036,14:21:37,38.5100,107,2
2026-06-05,600036,14:21:40,38.5100,66,2
2026-06-05,600036,14:21:43,38.5200,25,1
2026-06-05,600036,14:21:46,38.5100,33,2
2026-06-05,600036,14:21:49,38.5100,23,2
2026-06-05,600036,14:21:52,38.5200,98,1
2026-06-05,600036,14:21:55,38.5100,13,2
2026-06-05,600036,14:21:58,38.5100,36,2
2026-06-05,600036,14:22:01,38.5100,71,2
2026-06-05,600036,14:22:04,38.5100,157,2
2026-06-05,600036,14:22:07,38.5100,80,2
2026-06-05,600036,14:22:10,38.5200,79,1
2026-06-05,600036,14:22:13,38.5100,449,2
2026-06-05,600036,14:22:16,38.5100,65,2
2026-06-05,600036,14:22:19,38.5100,63,2
2026-06-05,600036,14:22:22,38.5200,7,1
2026-06-05,600036,14:22:25,38.5100,34,2
2026-06-05,600036,14:22:28,38.5100,30,2
2026-06-05,600036,14:22:31,38.5100,6,2
2026-06-05,600036,14:22:34,38.5200,36,1
2026-06-05,600036,14:22:37,38.5200,78,1
2026-06-05,600036,14:22:40,38.5200,26,1
2026-06-05,600036,14:22:43,38.5100,68,2
2026-06-05,600036,14:22:46,38.5200,174,1
2026-06-05,600036,14:22:49,38.5000,172,2
2026-06-05,600036,14:22:52,38.5100,51,4
2026-06-05,600036,14:22:55,38.5100,14,1
2026-06-05,600036,14:22:58,38.5000,19,2
2026-06-05,600036,14:23:01,38.5000,121,2
2026-06-05,600036,14:23:04,38.5100,99,1
2026-06-05,600036,14:23:07,38.5100,50,1
2026-06-05,600036,14:23:10,38.5000,4,2
2026-06-05,600036,14:23:13,38.5100,36,1
2026-06-05,600036,14:23:16,38.5000,59,2
2026-06-05,600036,14:23:19,38.5000,84,2
2026-06-05,600036,14:23:22,38.5000,33,2
2026-06-05,600036,14:23:25,38.5000,7,2
2026-06-05,600036,14:23:28,38.5000,731,2
2026-06-05,600036,14:23:31,38.5000,93,1
2026-06-05,600036,14:23:34,38.5000,806,1
2026-06-05,600036,14:23:37,38.4900,156,2
2026-06-05,600036,14:23:40,38.5000,268,1
2026-06-05,600036,14:23:43,38.5000,146,2
2026-06-05,600036,14:23:46,38.5100,150,1
2026-06-05,600036,14:23:49,38.5100,63,2
2026-06-05,600036,14:23:52,38.5100,62,2
2026-06-05,600036,14:23:55,38.5200,309,1
2026-06-05,600036,14:23:58,38.5300,150,1
2026-06-05,600036,14:24:01,38.5200,69,2
2026-06-05,600036,14:24:04,38.5200,90,2
2026-06-05,600036,14:24:07,38.5300,14,1
2026-06-05,600036,14:24:10,38.5300,32,1
2026-06-05,600036,14:24:13,38.5300,764,1
2026-06-05,600036,14:24:16,38.5200,60,2
2026-06-05,600036,14:24:19,38.5300,11,1
2026-06-05,600036,14:24:22,38.5200,121,2
2026-06-05,600036,14:24:25,38.5300,5,1
2026-06-05,600036,14:24:28,38.5300,10,1
2026-06-05,600036,14:24:31,38.5200,4,2
2026-06-05,600036,14:24:34,38.5300,168,1
2026-06-05,600036,14:24:37,38.5300,386,1
2026-06-05,600036,14:24:40,38.5500,2715,1
2026-06-05,600036,14:24:43,38.5500,64,2
2026-06-05,600036,14:24:46,38.5500,798,2
2026-06-05,600036,14:24:49,38.5700,109,1
2026-06-05,600036,14:24:52,38.5600,195,2
2026-06-05,600036,14:24:55,38.5800,133,1
2026-06-05,600036,14:24:58,38.5800,179,1
2026-06-05,600036,14:25:01,38.5900,1073,1
2026-06-05,600036,14:25:04,38.6000,3219,1
2026-06-05,600036,14:25:07,38.6000,4974,1
2026-06-05,600036,14:25:10,38.6200,96,1
2026-06-05,600036,14:25:13,38.6200,563,1
2026-06-05,600036,14:25:16,38.6000,2050,2
2026-06-05,600036,14:25:19,38.6000,857,2
2026-06-05,600036,14:25:22,38.6000,443,1
2026-06-05,600036,14:25:25,38.6000,406,1
2026-06-05,600036,14:25:28,38.5900,18,4
2026-06-05,600036,14:25:31,38.5900,198,4
2026-06-05,600036,14:25:34,38.5800,46,2
2026-06-05,600036,14:25:37,38.5800,98,2
2026-06-05,600036,14:25:40,38.5800,70,1
2026-06-05,600036,14:25:43,38.5700,62,2
2026-06-05,600036,14:25:46,38.5800,2,1
2026-06-05,600036,14:25:49,38.5700,69,2
2026-06-05,600036,14:25:52,38.5800,79,1
2026-06-05,600036,14:25:55,38.5700,68,2
2026-06-05,600036,14:25:58,38.5700,177,2
2026-06-05,600036,14:26:01,38.5700,146,2
2026-06-05,600036,14:26:04,38.5600,120,2
2026-06-05,600036,14:26:07,38.5700,20,1
2026-06-05,600036,14:26:10,38.5600,22,2
2026-06-05,600036,14:26:13,38.5600,73,2
2026-06-05,600036,14:26:16,38.5600,119,2
2026-06-05,600036,14:26:19,38.5600,87,1
2026-06-05,600036,14:26:22,38.5700,133,1
2026-06-05,600036,14:26:25,38.5700,78,4
2026-06-05,600036,14:26:28,38.5800,53,1
2026-06-05,600036,14:26:31,38.5800,37,1
2026-06-05,600036,14:26:34,38.5800,130,1
2026-06-05,600036,14:26:37,38.5800,136,1
2026-06-05,600036,14:26:40,38.5700,97,2
2026-06-05,600036,14:26:43,38.5700,13,2
2026-06-05,600036,14:26:46,38.5800,3,1
2026-06-05,600036,14:26:49,38.5800,366,1
2026-06-05,600036,14:26:52,38.5800,29,1
2026-06-05,600036,14:26:55,38.5800,22,1
2026-06-05,600036,14:26:58,38.5800,24,1
2026-06-05,600036,14:27:01,38.5700,7,2
2026-06-05,600036,14:27:04,38.5800,66,1
2026-06-05,600036,14:27:07,38.5700,38,2
2026-06-05,600036,14:27:10,38.5700,10,2
2026-06-05,600036,14:27:13,38.5700,7,2
2026-06-05,600036,14:27:16,38.5800,32,1
2026-06-05,600036,14:27:19,38.5800,227,1
2026-06-05,600036,14:27:22,38.5800,39,1
2026-06-05,600036,14:27:25,38.5700,88,2
2026-06-05,600036,14:27:28,38.5700,44,2
2026-06-05,600036,14:27:31,38.5700,413,2
2026-06-05,600036,14:27:34,38.5700,182,2
2026-06-05,600036,14:27:37,38.5700,258,2
2026-06-05,600036,14:27:40,38.5700,24,2
2026-06-05,600036,14:27:43,38.5700,41,2
2026-06-05,600036,14:27:46,38.5700,3,2
2026-06-05,600036,14:27:49,38.5700,196,2
2026-06-05,600036,14:27:52,38.5700,82,1
2026-06-05,600036,14:27:55,38.5700,108,1
2026-06-05,600036,14:27:58,38.5700,28,2
2026-06-05,600036,14:28:01,38.5700,89,2
2026-06-05,600036,14:28:04,38.5800,291,1
2026-06-05,600036,14:28:07,38.5700,53,2
2026-06-05,600036,14:28:10,38.5700,94,2
2026-06-05,600036,14:28:13,38.5700,42,2
2026-06-05,600036,14:28:16,38.5800,46,1
2026-06-05,600036,14:28:19,38.5700,239,2
2026-06-05,600036,14:28:22,38.5700,263,2
2026-06-05,600036,14:28:25,38.5700,61,2
2026-06-05,600036,14:28:28,38.5700,58,1
2026-06-05,600036,14:28:34,38.5600,18,2
2026-06-05,600036,14:28:37,38.5600,13,2
2026-06-05,600036,14:28:40,38.5600,30,2
2026-06-05,600036,14:28:43,38.5700,64,1
2026-06-05,600036,14:28:46,38.5700,150,1
2026-06-05,600036,14:28:49,38.5600,529,2
2026-06-05,600036,14:28:52,38.5500,330,2
2026-06-05,600036,14:28:55,38.5500,89,1
2026-06-05,600036,14:28:58,38.5500,13,2
2026-06-05,600036,14:29:01,38.5500,44,2
2026-06-05,600036,14:29:04,38.5500,19,1
2026-06-05,600036,14:29:07,38.5500,95,1
2026-06-05,600036,14:29:10,38.5500,52,2
2026-06-05,600036,14:29:13,38.5500,29,2
2026-06-05,600036,14:29:16,38.5500,4,2
2026-06-05,600036,14:29:19,38.5600,118,1
2026-06-05,600036,14:29:22,38.5500,38,2
2026-06-05,600036,14:29:25,38.5600,11,1
2026-06-05,600036,14:29:28,38.5500,144,2
2026-06-05,600036,14:29:31,38.5600,21,1
2026-06-05,600036,14:29:34,38.5500,105,2
2026-06-05,600036,14:29:37,38.5600,91,1
2026-06-05,600036,14:29:40,38.5500,8,2
2026-06-05,600036,14:29:43,38.5500,2,2
2026-06-05,600036,14:29:46,38.5500,55,2
2026-06-05,600036,14:29:49,38.5600,113,1
2026-06-05,600036,14:29:52,38.5500,86,2
2026-06-05,600036,14:29:55,38.5500,108,2
2026-06-05,600036,14:29:58,38.5600,57,1
2026-06-05,600036,14:30:01,38.5500,33,2
2026-06-05,600036,14:30:04,38.5600,21,1
2026-06-05,600036,14:30:07,38.5500,5,2
2026-06-05,600036,14:30:10,38.5600,26,1
2026-06-05,600036,14:30:13,38.5500,143,2
2026-06-05,600036,14:30:16,38.5600,120,1
2026-06-05,600036,14:30:19,38.5600,704,1
2026-06-05,600036,14:30:22,38.5600,1796,2
2026-06-05,600036,14:30:25,38.5600,103,2
2026-06-05,600036,14:30:28,38.5600,68,1
2026-06-05,600036,14:30:31,38.5600,56,2
2026-06-05,600036,14:30:34,38.5600,49,4
2026-06-05,600036,14:30:37,38.5500,733,2
2026-06-05,600036,14:30:40,38.5400,48,2
2026-06-05,600036,14:30:43,38.5400,33,2
2026-06-05,600036,14:30:46,38.5400,60,2
2026-06-05,600036,14:30:49,38.5400,62,2
2026-06-05,600036,14:30:52,38.5400,41,2
2026-06-05,600036,14:30:55,38.5400,24,2
2026-06-05,600036,14:30:58,38.5400,42,2
2026-06-05,600036,14:31:01,38.5400,47,1
2026-06-05,600036,14:31:04,38.5400,29,1
2026-06-05,600036,14:31:07,38.5300,30,2
2026-06-05,600036,14:31:10,38.5300,24,2
2026-06-05,600036,14:31:13,38.5400,50,1
2026-06-05,600036,14:31:16,38.5200,637,2
2026-06-05,600036,14:31:19,38.5200,12,2
2026-06-05,600036,14:31:22,38.5100,145,2
2026-06-05,600036,14:31:25,38.5200,65,1
2026-06-05,600036,14:31:28,38.5200,121,1
2026-06-05,600036,14:31:31,38.5300,168,1
2026-06-05,600036,14:31:34,38.5200,24,2
2026-06-05,600036,14:31:37,38.5200,34,1
2026-06-05,600036,14:31:40,38.5300,5,1
2026-06-05,600036,14:31:43,38.5200,34,2
2026-06-05,600036,14:31:46,38.5300,62,1
2026-06-05,600036,14:31:49,38.5300,146,1
2026-06-05,600036,14:31:52,38.5300,177,1
2026-06-05,600036,14:31:55,38.5200,26,1
2026-06-05,600036,14:31:58,38.5200,6,1
2026-06-05,600036,14:32:01,38.5200,46,1
2026-06-05,600036,14:32:04,38.5100,49,2
2026-06-05,600036,14:32:07,38.5200,103,1
2026-06-05,600036,14:32:10,38.5200,67,1
2026-06-05,600036,14:32:13,38.5300,94,1
2026-06-05,600036,14:32:16,38.5300,104,1
2026-06-05,600036,14:32:19,38.5300,8,1
2026-06-05,600036,14:32:22,38.5300,36,1
2026-06-05,600036,14:32:25,38.5200,106,2
2026-06-05,600036,14:32:28,38.5200,10,2
2026-06-05,600036,14:32:31,38.5200,25,2
2026-06-05,600036,14:32:34,38.5200,19,2
2026-06-05,600036,14:32:37,38.5200,174,2
2026-06-05,600036,14:32:40,38.5200,85,2
2026-06-05,600036,14:32:43,38.5300,43,1
2026-06-05,600036,14:32:46,38.5200,26,2
2026-06-05,600036,14:32:49,38.5300,557,1
2026-06-05,600036,14:32:52,38.5300,39,1
2026-06-05,600036,14:32:55,38.5300,6,1
2026-06-05,600036,14:32:58,38.5200,66,2
2026-06-05,600036,14:33:01,38.5300,3,1
2026-06-05,600036,14:33:04,38.5300,54,1
2026-06-05,600036,14:33:07,38.5200,256,2
2026-06-05,600036,14:33:10,38.5300,357,1
2026-06-05,600036,14:33:13,38.5200,320,2
2026-06-05,600036,14:33:19,38.5200,75,1
2026-06-05,600036,14:33:22,38.5100,2,2
2026-06-05,600036,14:33:25,38.5100,15,2
2026-06-05,600036,14:33:28,38.5100,35,2
2026-06-05,600036,14:33:31,38.5100,64,2
2026-06-05,600036,14:33:34,38.5100,43,2
2026-06-05,600036,14:33:37,38.5100,67,2
2026-06-05,600036,14:33:40,38.5100,78,2
2026-06-05,600036,14:33:43,38.5100,95,2
2026-06-05,600036,14:33:46,38.5100,303,2
2026-06-05,600036,14:33:49,38.5100,15,2
2026-06-05,600036,14:33:52,38.5100,246,2
2026-06-05,600036,14:33:55,38.5100,49,2
2026-06-05,600036,14:33:58,38.5100,12,4
2026-06-05,600036,14:34:01,38.5100,70,2
2026-06-05,600036,14:34:04,38.5100,108,2
2026-06-05,600036,14:34:07,38.5200,73,1
2026-06-05,600036,14:34:10,38.5100,14,2
2026-06-05,600036,14:34:13,38.5200,3,1
2026-06-05,600036,14:34:16,38.5100,52,2
2026-06-05,600036,14:34:19,38.5100,69,2
2026-06-05,600036,14:34:22,38.5100,53,2
2026-06-05,600036,14:34:25,38.5100,62,2
2026-06-05,600036,14:34:28,38.5200,202,1
2026-06-05,600036,14:34:31,38.5100,49,2
2026-06-05,600036,14:34:34,38.5100,18,2
2026-06-05,600036,14:34:37,38.5200,23,1
2026-06-05,600036,14:34:40,38.5200,5,1
2026-06-05,600036,14:34:43,38.5100,9,2
2026-06-05,600036,14:34:46,38.5200,36,1
2026-06-05,600036,14:34:49,38.5300,1338,1
2026-06-05,600036,14:34:52,38.5300,163,1
2026-06-05,600036,14:34:55,38.5300,204,1
2026-06-05,600036,14:34:58,38.5300,582,1
2026-06-05,600036,14:35:01,38.5300,594,1
2026-06-05,600036,14:35:04,38.5300,49,1
2026-06-05,600036,14:35:07,38.5300,44,1
2026-06-05,600036,14:35:10,38.5200,111,2
2026-06-05,600036,14:35:13,38.5100,1018,2
2026-06-05,600036,14:35:16,38.5100,1217,2
2026-06-05,600036,14:35:19,38.5000,639,2
2026-06-05,600036,14:35:22,38.5100,342,1
2026-06-05,600036,14:35:25,38.5200,65,1
2026-06-05,600036,14:35:28,38.5200,227,1
2026-06-05,600036,14:35:31,38.5100,196,2
2026-06-05,600036,14:35:34,38.5100,230,2
2026-06-05,600036,14:35:37,38.5100,208,2
2026-06-05,600036,14:35:40,38.5100,9,1
2026-06-05,600036,14:35:43,38.5100,74,1
2026-06-05,600036,14:35:46,38.5100,169,1
2026-06-05,600036,14:35:49,38.5100,60,1
2026-06-05,600036,14:35:52,38.5000,99,2
2026-06-05,600036,14:35:55,38.5100,30,1
2026-06-05,600036,14:35:58,38.5000,7,2
2026-06-05,600036,14:36:01,38.5000,146,2
2026-06-05,600036,14:36:04,38.5000,253,2
2026-06-05,600036,14:36:07,38.5100,196,1
2026-06-05,600036,14:36:10,38.5200,125,1
2026-06-05,600036,14:36:13,38.5000,115,2
2026-06-05,600036,14:36:16,38.5100,69,2
2026-06-05,600036,14:36:19,38.5100,2780,2
2026-06-05,600036,14:36:22,38.5100,110,1
2026-06-05,600036,14:36:25,38.5100,91,1
2026-06-05,600036,14:36:28,38.5100,205,1
2026-06-05,600036,14:36:31,38.5000,44,2
2026-06-05,600036,14:36:34,38.5000,128,2
2026-06-05,600036,14:36:37,38.5100,19,1
2026-06-05,600036,14:36:40,38.5000,40,2
2026-06-05,600036,14:36:43,38.5000,35,2
2026-06-05,600036,14:36:46,38.5000,57,2
2026-06-05,600036,14:36:49,38.5000,411,2
2026-06-05,600036,14:36:52,38.5100,100,1
2026-06-05,600036,14:36:55,38.5100,70,1
2026-06-05,600036,14:36:58,38.5100,14,1
2026-06-05,600036,14:37:01,38.5100,146,1
2026-06-05,600036,14:37:04,38.5100,53,2
2026-06-05,600036,14:37:07,38.5100,40,2
2026-06-05,600036,14:37:10,38.5100,67,2
2026-06-05,600036,14:37:13,38.5100,28,2
2026-06-05,600036,14:37:16,38.5100,65,2
2026-06-05,600036,14:37:19,38.5200,173,1
2026-06-05,600036,14:37:22,38.5200,1130,1
2026-06-05,600036,14:37:25,38.5200,41,1
2026-06-05,600036,14:37:28,38.5200,99,1
2026-06-05,600036,14:37:31,38.5200,246,1
2026-06-05,600036,14:37:34,38.5300,1299,1
2026-06-05,600036,14:37:37,38.5300,155,1
2026-06-05,600036,14:37:40,38.5300,61,1
2026-06-05,600036,14:37:43,38.5200,78,2
2026-06-05,600036,14:37:46,38.5300,34,1
2026-06-05,600036,14:37:49,38.5200,61,2
2026-06-05,600036,14:37:52,38.5300,112,1
2026-06-05,600036,14:37:55,38.5300,76,2
2026-06-05,600036,14:37:58,38.5300,344,1
2026-06-05,600036,14:38:01,38.5200,1142,2
2026-06-05,600036,14:38:04,38.5200,201,1
2026-06-05,600036,14:38:07,38.5300,74,1
2026-06-05,600036,14:38:10,38.5200,133,2
2026-06-05,600036,14:38:13,38.5300,24,1
2026-06-05,600036,14:38:16,38.5300,29,1
2026-06-05,600036,14:38:19,38.5100,282,2
2026-06-05,600036,14:38:22,38.5200,74,1
2026-06-05,600036,14:38:25,38.5200,16,1
2026-06-05,600036,14:38:28,38.5200,26,1
2026-06-05,600036,14:38:31,38.5200,6,1
2026-06-05,600036,14:38:34,38.5200,54,1
2026-06-05,600036,14:38:37,38.5200,47,1
2026-06-05,600036,14:38:40,38.5200,43,1
2026-06-05,600036,14:38:43,38.5100,14,2
2026-06-05,600036,14:38:46,38.5100,540,2
2026-06-05,600036,14:38:49,38.5100,81,2
2026-06-05,600036,14:38:52,38.5100,52,2
2026-06-05,600036,14:38:55,38.5100,178,2
2026-06-05,600036,14:38:58,38.5100,186,2
2026-06-05,600036,14:39:01,38.5100,155,2
2026-06-05,600036,14:39:04,38.5000,77,2
2026-06-05,600036,14:39:07,38.5000,198,2
2026-06-05,600036,14:39:10,38.5000,270,2
2026-06-05,600036,14:39:13,38.4900,21,2
2026-06-05,600036,14:39:16,38.5000,192,1
2026-06-05,600036,14:39:19,38.5100,530,1
2026-06-05,600036,14:39:22,38.5000,14,1
2026-06-05,600036,14:39:25,38.5000,45,1
2026-06-05,600036,14:39:28,38.5000,27,1
2026-06-05,600036,14:39:31,38.4900,142,2
2026-06-05,600036,14:39:34,38.4900,64,2
2026-06-05,600036,14:39:37,38.4900,93,2
2026-06-05,600036,14:39:40,38.4900,52,2
2026-06-05,600036,14:39:43,38.5000,26,1
2026-06-05,600036,14:39:46,38.5000,44,1
2026-06-05,600036,14:39:49,38.5000,34,1
2026-06-05,600036,14:39:52,38.5000,5,1
2026-06-05,600036,14:39:55,38.5000,26,1
2026-06-05,600036,14:39:58,38.5000,525,1
2026-06-05,600036,14:40:01,38.5000,628,1
2026-06-05,600036,14:40:04,38.5100,86,1
2026-06-05,600036,14:40:07,38.5000,100,2
2026-06-05,600036,14:40:10,38.5100,17,1
2026-06-05,600036,14:40:13,38.5100,95,1
2026-06-05,600036,14:40:16,38.5100,129,2
2026-06-05,600036,14:40:19,38.5000,44,2
2026-06-05,600036,14:40:22,38.5000,36,2
2026-06-05,600036,14:40:25,38.5000,97,2
2026-06-05,600036,14:40:28,38.5100,70,1
2026-06-05,600036,14:40:31,38.5100,15,1
2026-06-05,600036,14:40:34,38.5000,136,2
2026-06-05,600036,14:40:37,38.5100,27,1
2026-06-05,600036,14:40:40,38.5000,5,2
2026-06-05,600036,14:40:43,38.5000,43,2
2026-06-05,600036,14:40:46,38.5000,57,2
2026-06-05,600036,14:40:49,38.5100,241,1
2026-06-05,600036,14:40:52,38.5000,108,2
2026-06-05,600036,14:40:55,38.5100,519,1
2026-06-05,600036,14:40:58,38.5100,57,1
2026-06-05,600036,14:41:01,38.5000,186,2
2026-06-05,600036,14:41:04,38.5000,42,2
2026-06-05,600036,14:41:07,38.5100,257,1
2026-06-05,600036,14:41:10,38.5100,130,1
2026-06-05,600036,14:41:13,38.5100,306,1
2026-06-05,600036,14:41:16,38.5100,138,1
2026-06-05,600036,14:41:19,38.5100,131,1
2026-06-05,600036,14:41:22,38.5100,74,2
2026-06-05,600036,14:41:25,38.5200,29,1
2026-06-05,600036,14:41:28,38.5100,4,2
2026-06-05,600036,14:41:31,38.5200,24,1
2026-06-05,600036,14:41:34,38.5100,20,2
2026-06-05,600036,14:41:37,38.5200,151,1
2026-06-05,600036,14:41:40,38.5100,67,2
2026-06-05,600036,14:41:43,38.5100,31,2
2026-06-05,600036,14:41:46,38.5100,35,2
2026-06-05,600036,14:41:49,38.5100,16,2
2026-06-05,600036,14:41:52,38.5100,320,2
2026-06-05,600036,14:41:55,38.5200,25,1
2026-06-05,600036,14:41:58,38.5100,86,2
2026-06-05,600036,14:42:01,38.5200,14,1
2026-06-05,600036,14:42:04,38.5200,41,1
2026-06-05,600036,14:42:07,38.5200,589,1
2026-06-05,600036,14:42:10,38.5200,253,1
2026-06-05,600036,14:42:13,38.5100,72,2
2026-06-05,600036,14:42:16,38.5200,5,1
2026-06-05,600036,14:42:19,38.5100,44,2
2026-06-05,600036,14:42:22,38.5200,67,1
2026-06-05,600036,14:42:25,38.5200,79,1
2026-06-05,600036,14:42:28,38.5100,13,2
2026-06-05,600036,14:42:31,38.5100,43,2
2026-06-05,600036,14:42:34,38.5100,762,2
2026-06-05,600036,14:42:37,38.5100,192,2
2026-06-05,600036,14:42:40,38.5100,135,2
2026-06-05,600036,14:42:43,38.5100,238,2
2026-06-05,600036,14:42:46,38.5000,31,2
2026-06-05,600036,14:42:49,38.5000,81,2
2026-06-05,600036,14:42:52,38.5100,876,1
2026-06-05,600036,14:42:55,38.5100,148,1
2026-06-05,600036,14:42:58,38.5100,49,1
2026-06-05,600036,14:43:01,38.5100,198,1
2026-06-05,600036,14:43:04,38.5000,61,2
2026-06-05,600036,14:43:07,38.5100,87,1
2026-06-05,600036,14:43:10,38.5000,181,2
2026-06-05,600036,14:43:13,38.5100,17,1
2026-06-05,600036,14:43:16,38.5100,65,1
2026-06-05,600036,14:43:19,38.5000,88,2
2026-06-05,600036,14:43:22,38.5100,216,1
2026-06-05,600036,14:43:25,38.5100,83,1
2026-06-05,600036,14:43:28,38.5100,15,1
2026-06-05,600036,14:43:31,38.5100,329,1
2026-06-05,600036,14:43:34,38.5100,55,1
2026-06-05,600036,14:43:37,38.5000,16,2
2026-06-05,600036,14:43:40,38.5000,63,2
2026-06-05,600036,14:43:43,38.5100,286,1
2026-06-05,600036,14:43:46,38.5100,445,1
2026-06-05,600036,14:43:49,38.5100,238,2
2026-06-05,600036,14:43:52,38.5100,677,2
2026-06-05,600036,14:43:55,38.5100,47,2
2026-06-05,600036,14:43:58,38.5100,24,2
2026-06-05,600036,14:44:01,38.5100,141,2
2026-06-05,600036,14:44:04,38.5100,98,1
2026-06-05,600036,14:44:07,38.5100,560,1
2026-06-05,600036,14:44:10,38.5200,294,1
2026-06-05,600036,14:44:13,38.5100,136,2
2026-06-05,600036,14:44:16,38.5200,170,1
2026-06-05,600036,14:44:19,38.5200,125,1
2026-06-05,600036,14:44:22,38.5200,245,2
2026-06-05,600036,14:44:25,38.5200,65,1
2026-06-05,600036,14:44:28,38.5300,60,1
2026-06-05,600036,14:44:31,38.5200,52,2
2026-06-05,600036,14:44:34,38.5300,233,1
2026-06-05,600036,14:44:37,38.5400,57,1
2026-06-05,600036,14:44:40,38.5400,211,1
2026-06-05,600036,14:44:43,38.5400,121,1
2026-06-05,600036,14:44:46,38.5300,76,2
2026-06-05,600036,14:44:49,38.5300,57,2
2026-06-05,600036,14:44:52,38.5300,562,2
2026-06-05,600036,14:44:55,38.5300,344,2
2026-06-05,600036,14:44:58,38.5300,83,2
2026-06-05,600036,14:45:01,38.5400,236,1
2026-06-05,600036,14:45:04,38.5300,264,2
2026-06-05,600036,14:45:07,38.5400,33,1
2026-06-05,600036,14:45:10,38.5400,75,1
2026-06-05,600036,14:45:13,38.5300,81,2
2026-06-05,600036,14:45:16,38.5400,22,1
2026-06-05,600036,14:45:19,38.5300,846,2
2026-06-05,600036,14:45:22,38.5200,307,2
2026-06-05,600036,14:45:25,38.5100,15,2
2026-06-05,600036,14:45:28,38.5100,9,2
2026-06-05,600036,14:45:31,38.5200,35,1
2026-06-05,600036,14:45:34,38.5100,11,2
2026-06-05,600036,14:45:37,38.5200,89,1
2026-06-05,600036,14:45:40,38.5200,65,1
2026-06-05,600036,14:45:43,38.5100,61,2
2026-06-05,600036,14:45:46,38.5200,25,1
2026-06-05,600036,14:45:49,38.5200,12,1
2026-06-05,600036,14:45:52,38.5200,18,1
2026-06-05,600036,14:45:55,38.5200,11,1
2026-06-05,600036,14:45:58,38.5100,30,2
2026-06-05,600036,14:46:01,38.5200,144,1
2026-06-05,600036,14:46:04,38.5100,65,2
2026-06-05,600036,14:46:07,38.5200,58,1
2026-06-05,600036,14:46:10,38.5200,9,1
2026-06-05,600036,14:46:13,38.5200,98,1
2026-06-05,600036,14:46:16,38.5200,71,1
2026-06-05,600036,14:46:19,38.5100,73,2
2026-06-05,600036,14:46:22,38.5200,93,1
2026-06-05,600036,14:46:25,38.5100,8,2
2026-06-05,600036,14:46:28,38.5100,38,2
2026-06-05,600036,14:46:31,38.5100,51,2
2026-06-05,600036,14:46:34,38.5200,23,1
2026-06-05,600036,14:46:37,38.5200,22,1
2026-06-05,600036,14:46:40,38.5100,213,2
2026-06-05,600036,14:46:43,38.5100,128,2
2026-06-05,600036,14:46:46,38.5100,40,2
2026-06-05,600036,14:46:49,38.5100,1114,2
2026-06-05,600036,14:46:52,38.5100,93,1
2026-06-05,600036,14:46:55,38.5100,59,1
2026-06-05,600036,14:46:58,38.5000,19,2
2026-06-05,600036,14:47:01,38.5100,26,1
2026-06-05,600036,14:47:04,38.5000,57,2
2026-06-05,600036,14:47:07,38.5000,620,2
2026-06-05,600036,14:47:10,38.5100,314,1
2026-06-05,600036,14:47:13,38.5100,263,1
2026-06-05,600036,14:47:16,38.5100,180,1
2026-06-05,600036,14:47:19,38.5100,510,2
2026-06-05,600036,14:47:22,38.5200,26,1
2026-06-05,600036,14:47:25,38.5200,14,1
2026-06-05,600036,14:47:28,38.5100,15,2
2026-06-05,600036,14:47:31,38.5100,28,2
2026-06-05,600036,14:47:34,38.5200,62,1
2026-06-05,600036,14:47:37,38.5000,824,2
2026-06-05,600036,14:47:40,38.5000,137,2
2026-06-05,600036,14:47:43,38.5100,114,1
2026-06-05,600036,14:47:46,38.5000,682,2
2026-06-05,600036,14:47:49,38.5000,58,1
2026-06-05,600036,14:47:52,38.5000,157,1
2026-06-05,600036,14:47:55,38.5000,32,1
2026-06-05,600036,14:47:58,38.5000,37,1
2026-06-05,600036,14:48:01,38.5000,19,1
2026-06-05,600036,14:48:04,38.5000,10,1
2026-06-05,600036,14:48:07,38.4900,1177,2
2026-06-05,600036,14:48:10,38.4800,207,2
2026-06-05,600036,14:48:13,38.4700,682,2
2026-06-05,600036,14:48:16,38.4800,74,1
2026-06-05,600036,14:48:19,38.4700,113,2
2026-06-05,600036,14:48:22,38.4700,170,1
2026-06-05,600036,14:48:25,38.4700,63,1
2026-06-05,600036,14:48:28,38.4700,46,1
2026-06-05,600036,14:48:31,38.4700,72,1
2026-06-05,600036,14:48:34,38.4600,135,2
2026-06-05,600036,14:48:37,38.4700,225,1
2026-06-05,600036,14:48:40,38.4700,24,2
2026-06-05,600036,14:48:43,38.4700,158,2
2026-06-05,600036,14:48:46,38.4700,945,2
2026-06-05,600036,14:48:49,38.4700,242,1
2026-06-05,600036,14:48:52,38.4600,616,2
2026-06-05,600036,14:48:55,38.4600,130,2
2026-06-05,600036,14:48:58,38.4500,238,2
2026-06-05,600036,14:49:01,38.4500,153,2
2026-06-05,600036,14:49:04,38.4600,55,1
2026-06-05,600036,14:49:07,38.4600,748,1
2026-06-05,600036,14:49:10,38.4500,130,2
2026-06-05,600036,14:49:13,38.4500,107,2
2026-06-05,600036,14:49:16,38.4500,146,4
2026-06-05,600036,14:49:19,38.4500,283,1
2026-06-05,600036,14:49:22,38.4500,357,1
2026-06-05,600036,14:49:25,38.4500,115,2
2026-06-05,600036,14:49:28,38.4500,40,1
2026-06-05,600036,14:49:31,38.4500,446,2
2026-06-05,600036,14:49:34,38.4600,49,4
2026-06-05,600036,14:49:37,38.4600,54,2
2026-06-05,600036,14:49:40,38.4600,28,2
2026-06-05,600036,14:49:43,38.4600,86,2
2026-06-05,600036,14:49:46,38.4700,3,1
2026-06-05,600036,14:49:49,38.4800,280,1
2026-06-05,600036,14:49:52,38.4700,21,2
2026-06-05,600036,14:49:55,38.4800,49,1
2026-06-05,600036,14:49:58,38.4800,291,1
2026-06-05,600036,14:50:01,38.4800,201,1
2026-06-05,600036,14:50:04,38.4900,140,1
2026-06-05,600036,14:50:07,38.4900,68,1
2026-06-05,600036,14:50:10,38.4800,135,2
2026-06-05,600036,14:50:13,38.4900,64,1
2026-06-05,600036,14:50:16,38.4900,133,1
2026-06-05,600036,14:50:19,38.4800,1967,2
2026-06-05,600036,14:50:22,38.4900,233,1
2026-06-05,600036,14:50:25,38.4800,95,1
2026-06-05,600036,14:50:28,38.4800,510,1
2026-06-05,600036,14:50:31,38.4800,140,2
2026-06-05,600036,14:50:34,38.4900,403,1
2026-06-05,600036,14:50:37,38.4900,246,1
2026-06-05,600036,14:50:40,38.4800,193,2
2026-06-05,600036,14:50:43,38.4900,226,1
2026-06-05,600036,14:50:46,38.4900,22,1
2026-06-05,600036,14:50:49,38.4800,151,2
2026-06-05,600036,14:50:52,38.4900,34,1
2026-06-05,600036,14:50:55,38.4900,40,1
2026-06-05,600036,14:50:58,38.4800,32,2
2026-06-05,600036,14:51:01,38.4900,248,1
2026-06-05,600036,14:51:04,38.4900,143,1
2026-06-05,600036,14:51:07,38.4900,156,2
2026-06-05,600036,14:51:10,38.4800,677,2
2026-06-05,600036,14:51:13,38.4800,254,2
2026-06-05,600036,14:51:16,38.5000,85,1
2026-06-05,600036,14:51:19,38.4900,46,1
2026-06-05,600036,14:51:22,38.4900,37,1
2026-06-05,600036,14:51:25,38.4900,137,1
2026-06-05,600036,14:51:28,38.4900,50,2
2026-06-05,600036,14:51:31,38.4900,218,2
2026-06-05,600036,14:51:34,38.4800,48,2
2026-06-05,600036,14:51:37,38.4900,124,1
2026-06-05,600036,14:51:40,38.5000,102,1
2026-06-05,600036,14:51:43,38.5000,79,1
2026-06-05,600036,14:51:46,38.4900,173,2
2026-06-05,600036,14:51:49,38.4900,101,2
2026-06-05,600036,14:51:52,38.4900,6,1
2026-06-05,600036,14:51:55,38.4900,34,1
2026-06-05,600036,14:51:58,38.4800,22,2
2026-06-05,600036,14:52:01,38.4800,445,2
2026-06-05,600036,14:52:04,38.4800,188,2
2026-06-05,600036,14:52:07,38.4800,392,2
2026-06-05,600036,14:52:10,38.4800,17,2
2026-06-05,600036,14:52:13,38.4800,93,2
2026-06-05,600036,14:52:16,38.4900,61,1
2026-06-05,600036,14:52:19,38.4800,130,2
2026-06-05,600036,14:52:22,38.4800,57,2
2026-06-05,600036,14:52:25,38.4800,75,2
2026-06-05,600036,14:52:28,38.4900,70,1
2026-06-05,600036,14:52:31,38.4900,67,1
2026-06-05,600036,14:52:34,38.4800,304,2
2026-06-05,600036,14:52:37,38.4800,17,2
2026-06-05,600036,14:52:40,38.4900,38,1
2026-06-05,600036,14:52:43,38.4900,51,1
2026-06-05,600036,14:52:46,38.4800,167,2
2026-06-05,600036,14:52:49,38.4900,100,1
2026-06-05,600036,14:52:52,38.4800,39,2
2026-06-05,600036,14:52:55,38.4800,8,2
2026-06-05,600036,14:52:58,38.4800,25,2
2026-06-05,600036,14:53:01,38.4800,228,2
2026-06-05,600036,14:53:04,38.4800,194,2
2026-06-05,600036,14:53:07,38.4700,191,2
2026-06-05,600036,14:53:10,38.4700,357,2
2026-06-05,600036,14:53:13,38.4700,516,2
2026-06-05,600036,14:53:16,38.4600,351,2
2026-06-05,600036,14:53:19,38.4600,147,2
2026-06-05,600036,14:53:22,38.4700,88,1
2026-06-05,600036,14:53:25,38.4700,390,1
2026-06-05,600036,14:53:28,38.4700,42,1
2026-06-05,600036,14:53:31,38.4600,30,2
2026-06-05,600036,14:53:34,38.4600,126,2
2026-06-05,600036,14:53:37,38.4700,88,1
2026-06-05,600036,14:53:40,38.4700,82,1
2026-06-05,600036,14:53:43,38.4700,35,1
2026-06-05,600036,14:53:46,38.4700,13,1
2026-06-05,600036,14:53:49,38.4700,38,1
2026-06-05,600036,14:53:52,38.4600,324,2
2026-06-05,600036,14:53:55,38.4700,43,1
2026-06-05,600036,14:53:58,38.4700,104,1
2026-06-05,600036,14:54:01,38.4700,758,1
2026-06-05,600036,14:54:04,38.4600,460,2
2026-06-05,600036,14:54:07,38.4600,296,2
2026-06-05,600036,14:54:10,38.4600,674,2
2026-06-05,600036,14:54:13,38.4700,40,1
2026-06-05,600036,14:54:16,38.4700,86,1
2026-06-05,600036,14:54:19,38.4700,81,1
2026-06-05,600036,14:54:22,38.4700,184,1
2026-06-05,600036,14:54:25,38.4600,9,2
2026-06-05,600036,14:54:28,38.4700,340,1
2026-06-05,600036,14:54:31,38.4700,63,2
2026-06-05,600036,14:54:34,38.4700,113,2
2026-06-05,600036,14:54:37,38.4700,76,2
2026-06-05,600036,14:54:40,38.4800,112,1
2026-06-05,600036,14:54:43,38.4700,59,2
2026-06-05,600036,14:54:46,38.4800,158,1
2026-06-05,600036,14:54:49,38.4800,54,1
2026-06-05,600036,14:54:52,38.4700,155,2
2026-06-05,600036,14:54:55,38.4800,114,1
2026-06-05,600036,14:54:58,38.4800,63,1
2026-06-05,600036,14:55:01,38.4700,117,2
2026-06-05,600036,14:55:04,38.4700,119,2
2026-06-05,600036,14:55:07,38.4800,315,1
2026-06-05,600036,14:55:10,38.4800,292,1
2026-06-05,600036,14:55:13,38.4700,139,2
2026-06-05,600036,14:55:16,38.4700,60,2
2026-06-05,600036,14:55:19,38.4700,515,2
2026-06-05,600036,14:55:22,38.4700,261,2
2026-06-05,600036,14:55:25,38.4700,32,2
2026-06-05,600036,14:55:28,38.4700,35,2
2026-06-05,600036,14:55:31,38.4800,217,1
2026-06-05,600036,14:55:34,38.4700,73,2
2026-06-05,600036,14:55:37,38.4800,266,1
2026-06-05,600036,14:55:40,38.4700,245,2
2026-06-05,600036,14:55:43,38.4700,136,2
2026-06-05,600036,14:55:46,38.4700,55,2
2026-06-05,600036,14:55:49,38.4700,55,2
2026-06-05,600036,14:55:52,38.4700,21,2
2026-06-05,600036,14:55:55,38.4700,66,2
2026-06-05,600036,14:55:58,38.4700,379,2
2026-06-05,600036,14:56:01,38.4800,432,1
2026-06-05,600036,14:56:04,38.4700,58,1
2026-06-05,600036,14:56:07,38.4700,33,1
2026-06-05,600036,14:56:10,38.4700,46,2
2026-06-05,600036,14:56:13,38.4700,241,2
2026-06-05,600036,14:56:16,38.4700,28,2
2026-06-05,600036,14:56:19,38.4800,101,1
2026-06-05,600036,14:56:22,38.4800,481,1
2026-06-05,600036,14:56:25,38.4800,251,2
2026-06-05,600036,14:56:28,38.4900,102,1
2026-06-05,600036,14:56:31,38.4900,42,1
2026-06-05,600036,14:56:34,38.4800,399,2
2026-06-05,600036,14:56:37,38.4900,283,1
2026-06-05,600036,14:56:40,38.4900,25,2
2026-06-05,600036,14:56:43,38.4900,101,2
2026-06-05,600036,14:56:46,38.5000,104,1
2026-06-05,600036,14:56:49,38.5000,84,1
2026-06-05,600036,14:56:52,38.5000,202,1
2026-06-05,600036,14:56:55,38.4900,305,2
2026-06-05,600036,14:56:58,38.5000,66,1
2026-06-05,600036,14:57:01,38.4900,3,2
2026-06-05,600036,15:00:04,38.5800,11822,4
2026-06-05,600036,13:15:16,38.5600,31,2
2026-06-05,600036,13:15:19,38.5600,133,2
2026-06-05,600036,13:15:22,38.5600,596,2
2026-06-05,600036,13:15:25,38.5500,75,2
2026-06-05,600036,13:15:28,38.5500,9,2
2026-06-05,600036,13:15:31,38.5500,10,2
2026-06-05,600036,13:15:34,38.5600,9,1
2026-06-05,600036,13:15:37,38.5600,8,1
2026-06-05,600036,13:15:40,38.5500,9,2
2026-06-05,600036,13:15:43,38.5600,81,1
2026-06-05,600036,13:15:46,38.5500,38,2
2026-06-05,600036,13:15:49,38.5500,36,2
2026-06-05,600036,13:15:52,38.5600,21,1
2026-06-05,600036,13:15:55,38.5500,119,2
2026-06-05,600036,13:15:58,38.5600,54,1
2026-06-05,600036,13:16:01,38.5500,25,2
2026-06-05,600036,13:16:04,38.5500,51,2
2026-06-05,600036,13:16:07,38.5500,41,2
2026-06-05,600036,13:16:10,38.5500,6,2
2026-06-05,600036,13:16:13,38.5500,61,2
2026-06-05,600036,13:16:16,38.5600,48,1
2026-06-05,600036,13:16:19,38.5600,88,1
2026-06-05,600036,13:16:22,38.5600,54,1
2026-06-05,600036,13:16:25,38.5600,55,1
2026-06-05,600036,13:16:28,38.5600,312,1
2026-06-05,600036,13:16:31,38.5500,21,2
2026-06-05,600036,13:16:34,38.5600,2,1
2026-06-05,600036,13:16:37,38.5400,1031,2
2026-06-05,600036,13:16:40,38.5400,66,2
2026-06-05,600036,13:16:43,38.5400,83,2
2026-06-05,600036,13:16:46,38.5400,34,2
2026-06-05,600036,13:16:49,38.5400,644,2
2026-06-05,600036,13:16:52,38.5400,97,1
2026-06-05,600036,13:16:55,38.5400,317,1
2026-06-05,600036,13:16:58,38.5400,26,1
2026-06-05,600036,13:17:01,38.5300,9,2
2026-06-05,600036,13:17:04,38.5300,14,2
2026-06-05,600036,13:17:07,38.5300,29,2
2026-06-05,600036,13:17:10,38.5300,172,2
2026-06-05,600036,13:17:13,38.5300,106,4
2026-06-05,600036,13:17:16,38.5300,99,1
2026-06-05,600036,13:17:19,38.5300,156,2
2026-06-05,600036,13:17:22,38.5400,139,1
2026-06-05,600036,13:17:25,38.5300,52,2
2026-06-05,600036,13:17:28,38.5300,124,2
2026-06-05,600036,13:17:31,38.5300,17,2
2026-06-05,600036,13:17:34,38.5300,16,2
2026-06-05,600036,13:17:37,38.5400,2,1
2026-06-05,600036,13:17:40,38.5300,3,2
2026-06-05,600036,13:17:46,38.5400,104,1
2026-06-05,600036,13:17:49,38.5300,243,2
2026-06-05,600036,13:17:52,38.5400,31,1
2026-06-05,600036,13:17:55,38.5500,163,1
2026-06-05,600036,13:17:58,38.5400,93,2
2026-06-05,600036,13:18:01,38.5500,43,1
2026-06-05,600036,13:18:04,38.5400,199,2
2026-06-05,600036,13:18:07,38.5600,180,1
2026-06-05,600036,13:18:10,38.5600,101,1
2026-06-05,600036,13:18:13,38.5700,321,1
2026-06-05,600036,13:18:16,38.5600,194,1
2026-06-05,600036,13:18:19,38.5600,39,1
2026-06-05,600036,13:18:22,38.5700,147,1
2026-06-05,600036,13:18:25,38.5600,34,2
2026-06-05,600036,13:18:28,38.5600,19,1
2026-06-05,600036,13:18:31,38.5500,163,2
2026-06-05,600036,13:18:34,38.5500,891,1
2026-06-05,600036,13:18:37,38.5400,12,2
2026-06-05,600036,13:18:40,38.5500,18,1
2026-06-05,600036,13:18:43,38.5500,6,1
2026-06-05,600036,13:18:46,38.5500,1,1
2026-06-05,600036,13:18:49,38.5400,391,2
2026-06-05,600036,13:18:52,38.5400,227,2
2026-06-05,600036,13:18:55,38.5400,2,1
2026-06-05,600036,13:18:58,38.5300,16,2
2026-06-05,600036,13:19:01,38.5300,236,2
2026-06-05,600036,13:19:04,38.5300,1,2
2026-06-05,600036,13:19:07,38.5300,179,2
2026-06-05,600036,13:19:10,38.5300,82,1
2026-06-05,600036,13:19:13,38.5300,50,2
2026-06-05,600036,13:19:16,38.5200,39,2
2026-06-05,600036,13:19:19,38.5200,1201,2
2026-06-05,600036,13:19:22,38.5100,18,2
2026-06-05,600036,13:19:25,38.5300,110,1
2026-06-05,600036,13:19:28,38.5300,30,1
2026-06-05,600036,13:19:31,38.5200,33,1
2026-06-05,600036,13:19:34,38.5100,28,2
2026-06-05,600036,13:19:37,38.5100,15,2
2026-06-05,600036,13:19:40,38.5100,30,2
2026-06-05,600036,13:19:43,38.5100,73,2
2026-06-05,600036,13:19:46,38.5200,36,1
2026-06-05,600036,13:19:49,38.5200,11,1
2026-06-05,600036,13:19:52,38.5200,21,1
2026-06-05,600036,13:19:55,38.5200,73,1
2026-06-05,600036,13:19:58,38.5200,15,1
2026-06-05,600036,13:20:01,38.5200,74,1
2026-06-05,600036,13:20:07,38.5200,349,1
2026-06-05,600036,13:20:10,38.5100,84,2
2026-06-05,600036,13:20:13,38.5200,67,2
2026-06-05,600036,13:20:16,38.5300,38,1
2026-06-05,600036,13:20:19,38.5300,28,1
2026-06-05,600036,13:20:22,38.5200,107,2
2026-06-05,600036,13:20:25,38.5300,15,1
2026-06-05,600036,13:20:28,38.5300,32,1
2026-06-05,600036,13:20:31,38.5300,6,1
2026-06-05,600036,13:20:34,38.5300,7,1
2026-06-05,600036,13:20:37,38.5200,30,2
2026-06-05,600036,13:20:40,38.5200,12,2
2026-06-05,600036,13:20:43,38.5300,24,1
2026-06-05,600036,13:20:46,38.5300,140,1
2026-06-05,600036,13:20:49,38.5300,164,2
2026-06-05,600036,13:20:52,38.5300,40,2
2026-06-05,600036,13:20:55,38.5400,39,1
2026-06-05,600036,13:20:58,38.5300,132,2
2026-06-05,600036,13:21:01,38.5400,11,1
2026-06-05,600036,13:21:04,38.5400,77,1
2026-06-05,600036,13:21:07,38.5500,103,1
2026-06-05,600036,13:21:10,38.5400,16,1
2026-06-05,600036,13:21:13,38.5400,26,4
2026-06-05,600036,13:21:16,38.5400,111,2
2026-06-05,600036,13:21:19,38.5400,19,1
2026-06-05,600036,13:21:22,38.5300,135,2
2026-06-05,600036,13:21:25,38.5400,4,1
2026-06-05,600036,13:21:28,38.5400,17,1
2026-06-05,600036,13:21:31,38.5400,15,1
2026-06-05,600036,13:21:34,38.5300,15,2
2026-06-05,600036,13:21:37,38.5300,19,2
2026-06-05,600036,13:21:40,38.5400,112,1
2026-06-05,600036,13:21:43,38.5400,31,1
2026-06-05,600036,13:21:46,38.5300,9,2
2026-06-05,600036,13:21:49,38.5300,7,2
2026-06-05,600036,13:21:52,38.5400,73,1
2026-06-05,600036,13:21:55,38.5400,33,1
2026-06-05,600036,13:21:58,38.5400,64,1
2026-06-05,600036,13:22:01,38.5400,34,1
2026-06-05,600036,13:22:04,38.5300,82,2
2026-06-05,600036,13:22:07,38.5300,8,2
2026-06-05,600036,13:22:10,38.5300,30,2
2026-06-05,600036,13:22:13,38.5300,59,2
2026-06-05,600036,13:22:16,38.5300,3,2
2026-06-05,600036,13:22:19,38.5300,39,2
2026-06-05,600036,13:22:22,38.5300,16,2
2026-06-05,600036,13:22:25,38.5300,54,2
2026-06-05,600036,13:22:28,38.5300,529,2
2026-06-05,600036,13:22:31,38.5400,1223,1
2026-06-05,600036,13:22:34,38.5200,25,2
2026-06-05,600036,13:22:37,38.5200,85,2
2026-06-05,600036,13:22:40,38.5200,7,2
2026-06-05,600036,13:22:43,38.5200,3,2
2026-06-05,600036,13:22:46,38.5200,20,2
2026-06-05,600036,13:22:49,38.5200,5,2
2026-06-05,600036,13:22:52,38.5200,17,2
2026-06-05,600036,13:22:55,38.5200,36,2
2026-06-05,600036,13:22:58,38.5300,31,1
2026-06-05,600036,13:23:01,38.5200,53,2
2026-06-05,600036,13:23:04,38.5300,31,1
2026-06-05,600036,13:23:07,38.5300,327,1
2026-06-05,600036,13:23:10,38.5300,43,1
2026-06-05,600036,13:23:13,38.5300,34,1
2026-06-05,600036,13:23:16,38.5200,73,2
2026-06-05,600036,13:23:19,38.5300,1,1
2026-06-05,600036,13:23:22,38.5300,6,1
2026-06-05,600036,13:23:25,38.5300,30,1
2026-06-05,600036,13:23:28,38.5300,13,1
2026-06-05,600036,13:23:31,38.5300,5,1
2026-06-05,600036,13:23:37,38.5300,15,1
2026-06-05,600036,13:23:40,38.5300,17,1
2026-06-05,600036,13:23:43,38.5200,3,2
2026-06-05,600036,13:23:46,38.5200,1,2
2026-06-05,600036,13:23:49,38.5300,35,1
2026-06-05,600036,13:23:52,38.5300,55,1
2026-06-05,600036,13:23:55,38.5300,4,1
2026-06-05,600036,13:23:58,38.5300,37,1
2026-06-05,600036,13:24:01,38.5200,149,2
2026-06-05,600036,13:24:04,38.5300,33,4
2026-06-05,600036,13:24:07,38.5200,76,2
2026-06-05,600036,13:24:10,38.5300,98,1
2026-06-05,600036,13:24:13,38.5300,153,2
2026-06-05,600036,13:24:16,38.5200,72,2
2026-06-05,600036,13:24:19,38.5300,22,1
2026-06-05,600036,13:24:22,38.5300,16,1
2026-06-05,600036,13:24:25,38.5300,49,1
2026-06-05,600036,13:24:28,38.5200,58,2
2026-06-05,600036,13:24:31,38.5300,6,1
2026-06-05,600036,13:24:34,38.5200,91,2
2026-06-05,600036,13:24:37,38.5200,33,2
2026-06-05,600036,13:24:40,38.5300,36,1
2026-06-05,600036,13:24:43,38.5200,9,2
2026-06-05,600036,13:24:46,38.5300,148,1
2026-06-05,600036,13:24:49,38.5200,49,2
2026-06-05,600036,13:24:52,38.5200,114,2
2026-06-05,600036,13:24:55,38.5300,81,1
2026-06-05,600036,13:24:58,38.5400,14,1
2026-06-05,600036,13:25:01,38.5400,91,1
2026-06-05,600036,13:25:04,38.5300,111,2
2026-06-05,600036,13:25:07,38.5500,75,1
2026-06-05,600036,13:25:10,38.5400,194,1
2026-06-05,600036,13:25:13,38.5400,2,4
2026-06-05,600036,13:25:16,38.5400,68,1
2026-06-05,600036,13:25:19,38.5400,50,1
2026-06-05,600036,13:25:22,38.5500,68,1
2026-06-05,600036,13:25:25,38.5500,22,1
2026-06-05,600036,13:25:28,38.5300,624,2
2026-06-05,600036,13:25:31,38.5400,81,1
2026-06-05,600036,13:25:34,38.5400,638,1
2026-06-05,600036,13:25:37,38.5300,21,2
2026-06-05,600036,13:25:40,38.5400,33,1
2026-06-05,600036,13:25:43,38.5500,188,1
2026-06-05,600036,13:25:46,38.5500,209,1
2026-06-05,600036,13:25:49,38.5500,189,1
2026-06-05,600036,13:25:52,38.5500,621,1
2026-06-05,600036,13:25:55,38.5500,37,2
2026-06-05,600036,13:25:58,38.5400,66,2
2026-06-05,600036,13:26:01,38.5500,16,4
2026-06-05,600036,13:26:04,38.5500,106,4
2026-06-05,600036,13:26:07,38.5500,53,1
2026-06-05,600036,13:26:10,38.5400,43,2
2026-06-05,600036,13:26:13,38.5500,27,1
2026-06-05,600036,13:26:16,38.5400,107,2
2026-06-05,600036,13:26:19,38.5400,417,2
2026-06-05,600036,13:26:22,38.5400,20,2
2026-06-05,600036,13:26:25,38.5400,88,2
2026-06-05,600036,13:26:31,38.5500,31,1
2026-06-05,600036,13:26:34,38.5500,37,1
2026-06-05,600036,13:26:37,38.5500,21,1
2026-06-05,600036,13:26:40,38.5500,5,1
2026-06-05,600036,13:26:43,38.5500,7,1
2026-06-05,600036,13:26:49,38.5500,23,1
2026-06-05,600036,13:26:52,38.5500,20,1
2026-06-05,600036,13:26:55,38.5500,21,1
2026-06-05,600036,13:26:58,38.5500,103,1
2026-06-05,600036,13:27:01,38.5500,170,1
2026-06-05,600036,13:27:04,38.5500,111,2
2026-06-05,600036,13:27:07,38.5600,101,1
2026-06-05,600036,13:27:10,38.5500,831,2
2026-06-05,600036,13:27:13,38.5500,92,2
2026-06-05,600036,13:27:16,38.5600,65,1
2026-06-05,600036,13:27:19,38.5600,73,1
2026-06-05,600036,13:27:22,38.5600,78,2
2026-06-05,600036,13:27:25,38.5600,144,4
2026-06-05,600036,13:27:28,38.5600,59,1
2026-06-05,600036,13:27:31,38.5600,157,1
2026-06-05,600036,13:27:34,38.5700,168,1
2026-06-05,600036,13:27:37,38.5700,204,1
2026-06-05,600036,13:27:40,38.5600,43,2
2026-06-05,600036,13:27:43,38.5700,94,4
2026-06-05,600036,13:27:46,38.5600,541,2
2026-06-05,600036,13:27:49,38.5700,46,1
2026-06-05,600036,13:27:52,38.5700,123,4
2026-06-05,600036,13:27:55,38.5600,390,2
2026-06-05,600036,13:28:01,38.5600,8,2
2026-06-05,600036,13:28:04,38.5600,836,2
2026-06-05,600036,13:28:07,38.5500,21,2
2026-06-05,600036,13:28:10,38.5600,2,1
2026-06-05,600036,13:28:13,38.5600,10,1
2026-06-05,600036,13:28:16,38.5600,122,1
2026-06-05,600036,13:28:19,38.5600,41,4
2026-06-05,600036,13:28:22,38.5600,159,1
2026-06-05,600036,13:28:25,38.5600,45,1
2026-06-05,600036,13:28:28,38.5600,17,1
2026-06-05,600036,13:28:31,38.5600,1,1
2026-06-05,600036,13:28:34,38.5600,30,1
2026-06-05,600036,13:28:37,38.5600,61,1
2026-06-05,600036,13:28:40,38.5600,116,2
2026-06-05,600036,13:28:43,38.5700,57,1
2026-06-05,600036,13:28:46,38.5800,308,1
2026-06-05,600036,13:28:49,38.5800,107,1
2026-06-05,600036,13:28:52,38.5700,97,2
2026-06-05,600036,13:28:55,38.5700,415,2
2026-06-05,600036,13:28:58,38.5900,133,1
2026-06-05,600036,13:29:01,38.5800,52,4
2026-06-05,600036,13:29:04,38.5700,62,2
2026-06-05,600036,13:29:07,38.5800,129,4
2026-06-05,600036,13:29:10,38.5900,64,1
2026-06-05,600036,13:29:13,38.5900,92,1
2026-06-05,600036,13:29:16,38.5800,91,4
2026-06-05,600036,13:29:19,38.5700,42,2
2026-06-05,600036,13:29:22,38.5800,26,2
2026-06-05,600036,13:29:25,38.5900,116,1
2026-06-05,600036,13:29:28,38.5800,37,4
2026-06-05,600036,13:29:31,38.5700,31,2
2026-06-05,600036,13:29:34,38.5800,8,1
2026-06-05,600036,13:29:37,38.5800,14,1
2026-06-05,600036,13:29:40,38.5800,199,1
2026-06-05,600036,13:29:43,38.5800,67,2
2026-06-05,600036,13:29:46,38.5800,77,2
2026-06-05,600036,13:29:49,38.5900,57,1
2026-06-05,600036,13:29:52,38.5700,695,2
2026-06-05,600036,13:29:55,38.5800,33,1
2026-06-05,600036,13:29:58,38.5800,43,1
2026-06-05,600036,13:30:01,38.5800,77,1
2026-06-05,600036,13:30:04,38.5700,8,2
2026-06-05,600036,13:30:07,38.5900,220,1
2026-06-05,600036,13:30:10,38.5700,27,2
2026-06-05,600036,13:30:13,38.5800,91,1
2026-06-05,600036,13:30:16,38.5700,362,2
2026-06-05,600036,13:30:19,38.5900,244,1
2026-06-05,600036,13:30:22,38.5800,16,1
2026-06-05,600036,13:30:25,38.5800,207,1
2026-06-05,600036,13:30:28,38.5900,33,1
2026-06-05,600036,13:30:31,38.5900,191,1
2026-06-05,600036,13:30:34,38.5900,102,1
2026-06-05,600036,13:30:37,38.5800,731,2
2026-06-05,600036,13:30:40,38.6000,535,1
2026-06-05,600036,13:30:43,38.5900,164,1
2026-06-05,600036,13:30:46,38.6000,512,1
2026-06-05,600036,13:30:49,38.6000,100,1
2026-06-05,600036,13:30:52,38.6000,2072,1
2026-06-05,600036,13:30:55,38.6100,171,1
2026-06-05,600036,13:30:58,38.6000,1373,2
2026-06-05,600036,13:31:01,38.6100,38,4
2026-06-05,600036,13:31:04,38.6000,192,2
2026-06-05,600036,13:31:07,38.6000,69,2
2026-06-05,600036,13:31:10,38.6100,127,1
2026-06-05,600036,13:31:13,38.6100,129,1
2026-06-05,600036,13:31:16,38.6100,88,2
2026-06-05,600036,13:31:19,38.6100,42,2
2026-06-05,600036,13:31:22,38.6100,203,2
2026-06-05,600036,13:31:25,38.6100,1825,2
2026-06-05,600036,13:31:28,38.6100,832,2
2026-06-05,600036,13:31:31,38.6200,163,1
2026-06-05,600036,13:31:34,38.6100,44,2
2026-06-05,600036,13:31:37,38.6100,1164,2
2026-06-05,600036,13:31:40,38.6100,49,2
2026-06-05,600036,13:31:43,38.6100,1481,2
2026-06-05,600036,13:31:46,38.6100,448,1
2026-06-05,600036,13:31:49,38.6200,17,1
2026-06-05,600036,13:31:52,38.6100,9,1
2026-06-05,600036,13:31:55,38.6100,124,1
2026-06-05,600036,13:31:58,38.6100,816,1
2026-06-05,600036,13:32:01,38.6000,665,2
2026-06-05,600036,13:32:04,38.6000,28,4
2026-06-05,600036,13:32:07,38.6000,176,1
2026-06-05,600036,13:32:10,38.6000,52,1
2026-06-05,600036,13:32:16,38.6000,38,1
2026-06-05,600036,13:32:19,38.6000,9,1
2026-06-05,600036,13:32:22,38.6000,11,1
2026-06-05,600036,13:32:25,38.5900,2,2
2026-06-05,600036,13:32:28,38.5900,25,2
2026-06-05,600036,13:32:31,38.5900,126,2
2026-06-05,600036,13:32:34,38.6000,82,1
2026-06-05,600036,13:32:37,38.5900,3,2
2026-06-05,600036,13:32:40,38.5900,13,2
2026-06-05,600036,13:32:43,38.5900,16,2
2026-06-05,600036,13:32:46,38.5900,176,2
2026-06-05,600036,13:32:49,38.5900,436,2
2026-06-05,600036,13:32:52,38.5900,43,2
2026-06-05,600036,13:32:55,38.5900,39,2
2026-06-05,600036,13:32:58,38.5900,191,2
2026-06-05,600036,13:33:01,38.6000,54,1
2026-06-05,600036,13:33:04,38.6000,18,1
2026-06-05,600036,13:33:07,38.5900,2,2
2026-06-05,600036,13:33:10,38.5900,62,2
2026-06-05,600036,13:33:13,38.5900,57,2
2026-06-05,600036,13:33:16,38.5900,40,2
2026-06-05,600036,13:33:19,38.5900,19,2
2026-06-05,600036,13:33:22,38.6000,52,1
2026-06-05,600036,13:33:25,38.6000,48,1
2026-06-05,600036,13:33:28,38.6000,29,1
2026-06-05,600036,13:33:34,38.5900,273,2
2026-06-05,600036,13:33:37,38.6000,132,1
2026-06-05,600036,13:33:40,38.6000,84,1
2026-06-05,600036,13:33:43,38.6000,357,1
2026-06-05,600036,13:33:46,38.6000,40,2
2026-06-05,600036,13:33:49,38.6100,25,1
2026-06-05,600036,13:33:52,38.6100,20,1
2026-06-05,600036,13:33:55,38.6000,31,2
2026-06-05,600036,13:33:58,38.6000,6,2
2026-06-05,600036,13:34:01,38.6000,14,2
2026-06-05,600036,13:34:04,38.6000,35,2
2026-06-05,600036,13:34:07,38.6100,29,1
2026-06-05,600036,13:34:10,38.6000,15,2
2026-06-05,600036,13:34:13,38.6000,35,2
2026-06-05,600036,13:34:16,38.6000,70,2
2026-06-05,600036,13:34:22,38.6000,22,2
2026-06-05,600036,13:34:25,38.6100,121,1
2026-06-05,600036,13:34:28,38.6000,31,2
2026-06-05,600036,13:34:31,38.6000,7,2
2026-06-05,600036,13:34:34,38.6000,31,2
2026-06-05,600036,13:34:37,38.6100,1,1
2026-06-05,600036,13:34:40,38.6100,24,1
2026-06-05,600036,13:34:43,38.6100,29,1
2026-06-05,600036,13:34:46,38.6000,48,2
2026-06-05,600036,13:34:49,38.6000,31,2
2026-06-05,600036,13:34:52,38.6000,23,2
2026-06-05,600036,13:34:55,38.6000,40,2
2026-06-05,600036,13:34:58,38.6100,70,1
2026-06-05,600036,13:35:01,38.6000,41,2
2026-06-05,600036,13:35:04,38.6000,99,2
2026-06-05,600036,13:35:07,38.6100,184,1
2026-06-05,600036,13:35:10,38.6100,76,1
2026-06-05,600036,13:35:13,38.6000,19,2
2026-06-05,600036,13:35:16,38.6100,13,1
2026-06-05,600036,13:35:19,38.6000,37,2
2026-06-05,600036,13:35:22,38.6000,24,2
2026-06-05,600036,13:35:25,38.6000,602,2
2026-06-05,600036,13:35:28,38.6000,56,2
2026-06-05,600036,13:35:31,38.6000,18,2
2026-06-05,600036,13:35:34,38.6000,58,2
2026-06-05,600036,13:35:37,38.6000,46,2
2026-06-05,600036,13:35:40,38.6000,8,2
2026-06-05,600036,13:35:43,38.6000,36,2
2026-06-05,600036,13:35:46,38.6000,41,2
2026-06-05,600036,13:35:49,38.6000,25,2
2026-06-05,600036,13:35:52,38.6000,109,2
2026-06-05,600036,13:35:55,38.6100,143,1
2026-06-05,600036,13:35:58,38.6000,14,2
2026-06-05,600036,13:36:01,38.6000,38,2
2026-06-05,600036,13:36:04,38.6000,36,2
2026-06-05,600036,13:36:07,38.6000,67,2
2026-06-05,600036,13:36:10,38.6000,84,2
2026-06-05,600036,13:36:13,38.6000,279,2
2026-06-05,600036,13:36:16,38.6000,1589,2
2026-06-05,600036,13:36:19,38.6000,651,2
2026-06-05,600036,13:36:22,38.6000,115,2
2026-06-05,600036,13:36:25,38.6000,3,1
2026-06-05,600036,13:36:28,38.5900,144,2
2026-06-05,600036,13:36:31,38.5900,44,2
2026-06-05,600036,13:36:34,38.5900,47,2
2026-06-05,600036,13:36:37,38.5900,7,2
2026-06-05,600036,13:36:40,38.5900,34,2
2026-06-05,600036,13:36:43,38.5900,169,2
2026-06-05,600036,13:36:46,38.6000,42,1
2026-06-05,600036,13:36:49,38.6000,140,1
2026-06-05,600036,13:36:52,38.6000,932,1
2026-06-05,600036,13:36:55,38.6100,48,1
2026-06-05,600036,13:36:58,38.6100,80,1
2026-06-05,600036,13:37:01,38.6000,127,2
2026-06-05,600036,13:37:04,38.6200,913,1
2026-06-05,600036,13:37:07,38.6200,115,1
2026-06-05,600036,13:37:10,38.6200,42,1
2026-06-05,600036,13:37:13,38.6200,43,1
2026-06-05,600036,13:37:16,38.6200,13,1
2026-06-05,600036,13:37:19,38.6100,29,2
2026-06-05,600036,13:37:22,38.6200,19,1
2026-06-05,600036,13:37:25,38.6100,18,2
2026-06-05,600036,13:37:28,38.6200,58,1
2026-06-05,600036,13:37:31,38.6200,827,1
2026-06-05,600036,13:37:34,38.6200,99,1
2026-06-05,600036,13:37:37,38.6200,21,1
2026-06-05,600036,13:37:40,38.6100,1,2
2026-06-05,600036,13:37:43,38.6100,30,2
2026-06-05,600036,13:37:46,38.6100,21,2
2026-06-05,600036,13:37:49,38.6100,1654,2
2026-06-05,600036,13:37:52,38.6100,15,1
2026-06-05,600036,13:37:55,38.6000,2,2
2026-06-05,600036,13:37:58,38.6000,1314,2
2026-06-05,600036,13:38:01,38.6000,153,1
2026-06-05,600036,13:38:04,38.5900,153,2
2026-06-05,600036,13:38:07,38.5900,345,2
2026-06-05,600036,13:38:10,38.5900,21,1
2026-06-05,600036,13:38:13,38.5800,5,2
2026-06-05,600036,13:38:16,38.5900,8,1
2026-06-05,600036,13:38:19,38.5900,4,1
2026-06-05,600036,13:38:22,38.5900,25,1
2026-06-05,600036,13:38:25,38.5900,114,1
2026-06-05,600036,13:38:28,38.5800,18,2
2026-06-05,600036,13:38:31,38.5800,34,2
2026-06-05,600036,13:38:34,38.5800,12,2
2026-06-05,600036,13:38:37,38.5900,73,1
2026-06-05,600036,13:38:40,38.5800,102,2
2026-06-05,600036,13:38:43,38.5800,4,2
2026-06-05,600036,13:38:46,38.5800,127,2
2026-06-05,600036,13:38:49,38.5900,41,1
2026-06-05,600036,13:38:52,38.5800,15,2
2026-06-05,600036,13:38:55,38.5800,16,2
2026-06-05,600036,13:38:58,38.5800,13,2
2026-06-05,600036,13:39:01,38.5800,119,2
2026-06-05,600036,13:39:04,38.5900,5,1
2026-06-05,600036,13:39:07,38.5900,11,1
2026-06-05,600036,13:39:10,38.5800,55,2
2026-06-05,600036,13:39:13,38.5800,23,2
2026-06-05,600036,13:39:16,38.5800,128,2
2026-06-05,600036,13:39:19,38.5900,51,1
2026-06-05,600036,13:39:22,38.5800,27,2
2026-06-05,600036,13:39:25,38.5900,39,1
2026-06-05,600036,13:39:28,38.5900,70,1
2026-06-05,600036,13:39:31,38.5900,33,1
2026-06-05,600036,13:39:34,38.5800,37,2
2026-06-05,600036,13:39:37,38.5900,17,1
2026-06-05,600036,13:39:40,38.5800,11,2
2026-06-05,600036,13:39:43,38.5900,25,1
2026-06-05,600036,13:39:46,38.5900,9,1
2026-06-05,600036,13:39:49,38.5900,79,1
2026-06-05,600036,13:39:52,38.5900,187,1
2026-06-05,600036,13:39:55,38.5900,216,1
2026-06-05,600036,13:39:58,38.5900,164,1
2026-06-05,600036,13:40:01,38.5900,242,1
2026-06-05,600036,13:40:04,38.6000,167,1
2026-06-05,600036,13:40:07,38.6000,12,1
2026-06-05,600036,13:40:10,38.6000,43,1
2026-06-05,600036,13:40:13,38.5900,17,2
2026-06-05,600036,13:40:16,38.5900,182,2
2026-06-05,600036,13:40:19,38.5900,140,2
2026-06-05,600036,13:40:22,38.5900,522,2
2026-06-05,600036,13:40:25,38.6000,5,1
2026-06-05,600036,13:40:28,38.5900,6,2
2026-06-05,600036,13:40:31,38.6000,8,1
2026-06-05,600036,13:40:34,38.6000,5,1
2026-06-05,600036,13:40:37,38.6000,42,1
2026-06-05,600036,13:40:40,38.6000,3,1
2026-06-05,600036,13:40:43,38.5900,19,2
2026-06-05,600036,13:40:46,38.5900,11,2
2026-06-05,600036,13:40:49,38.5900,11,2
2026-06-05,600036,13:40:52,38.6000,16,1
2026-06-05,600036,13:40:55,38.5900,64,2
2026-06-05,600036,13:40:58,38.5900,78,2
2026-06-05,600036,13:41:01,38.6000,8,1
2026-06-05,600036,13:41:04,38.5900,55,2
2026-06-05,600036,13:41:07,38.6000,99,1
2026-06-05,600036,13:41:10,38.5900,25,2
2026-06-05,600036,13:41:13,38.6000,17,1
2026-06-05,600036,13:41:16,38.5900,255,2
2026-06-05,600036,13:41:19,38.5900,153,2
2026-06-05,600036,13:41:22,38.5900,105,2
2026-06-05,600036,13:41:25,38.5900,47,2
2026-06-05,600036,13:41:28,38.6000,54,1
2026-06-05,600036,13:41:31,38.5900,53,2
2026-06-05,600036,13:41:34,38.5900,11,2
2026-06-05,600036,13:41:37,38.5900,118,2
2026-06-05,600036,13:41:40,38.5900,28,2
2026-06-05,600036,13:41:43,38.5900,322,2
2026-06-05,600036,13:41:46,38.5900,102,2
2026-06-05,600036,13:41:49,38.5900,81,2
2026-06-05,600036,13:41:52,38.5900,20,2
2026-06-05,600036,13:41:55,38.5900,39,2
2026-06-05,600036,13:41:58,38.6000,32,1
2026-06-05,600036,13:42:01,38.5900,8,2
2026-06-05,600036,13:42:04,38.5900,2,2
2026-06-05,600036,13:42:07,38.5900,1539,2
2026-06-05,600036,13:42:13,38.5800,3,2
2026-06-05,600036,13:42:16,38.5900,9,1
2026-06-05,600036,13:42:19,38.5900,61,1
2026-06-05,600036,13:42:22,38.5800,59,2
2026-06-05,600036,13:42:25,38.5900,4,1
2026-06-05,600036,13:42:28,38.5900,11,1
2026-06-05,600036,13:42:31,38.5800,59,2
2026-06-05,600036,13:42:34,38.5900,141,1
2026-06-05,600036,13:42:37,38.5800,6,2
2026-06-05,600036,13:42:40,38.5900,7,1
2026-06-05,600036,13:42:43,38.5800,36,2
2026-06-05,600036,13:42:46,38.5900,11,1
2026-06-05,600036,13:42:49,38.5900,4,1
2026-06-05,600036,13:42:52,38.5800,4,2
2026-06-05,600036,13:42:55,38.5800,41,2
2026-06-05,600036,13:42:58,38.5900,188,1
2026-06-05,600036,13:43:01,38.5900,34,1
2026-06-05,600036,13:43:04,38.5900,175,1
2026-06-05,600036,13:43:07,38.5900,4,1
2026-06-05,600036,13:43:10,38.5900,43,1
2026-06-05,600036,13:43:13,38.5900,78,1
2026-06-05,600036,13:43:16,38.5900,26,1
2026-06-05,600036,13:43:19,38.5900,9,1
2026-06-05,600036,13:43:22,38.5900,59,1
2026-06-05,600036,13:43:25,38.5800,13,2
2026-06-05,600036,13:43:28,38.5800,487,2
2026-06-05,600036,13:43:31,38.6000,196,1
2026-06-05,600036,13:43:34,38.5800,64,2
2026-06-05,600036,13:43:37,38.5800,56,1
2026-06-05,600036,13:43:40,38.5800,9,1
2026-06-05,600036,13:43:43,38.5800,14,1
2026-06-05,600036,13:43:46,38.5700,3,2
2026-06-05,600036,13:43:49,38.5800,112,1
2026-06-05,600036,13:43:52,38.5700,29,2
2026-06-05,600036,13:43:55,38.5700,13,2
2026-06-05,600036,13:43:58,38.5700,2,2
2026-06-05,600036,13:44:01,38.5700,99,2
2026-06-05,600036,13:44:04,38.5700,16,2
2026-06-05,600036,13:44:07,38.5800,398,1
2026-06-05,600036,13:44:10,38.5800,254,1
2026-06-05,600036,13:44:13,38.5800,163,1
2026-06-05,600036,13:44:16,38.5800,389,1
2026-06-05,600036,13:44:19,38.5800,806,1
2026-06-05,600036,13:44:22,38.5900,113,1
2026-06-05,600036,13:44:25,38.6000,267,1
2026-06-05,600036,13:44:28,38.6000,6,1
2026-06-05,600036,13:44:31,38.5800,64,2
2026-06-05,600036,13:44:34,38.6000,3,1
2026-06-05,600036,13:44:40,38.5800,15,2
2026-06-05,600036,13:44:46,38.5800,15,2
2026-06-05,600036,13:44:49,38.5800,75,2
2026-06-05,600036,13:44:52,38.5800,77,2
2026-06-05,600036,13:44:55,38.5900,3,1
2026-06-05,600036,13:44:58,38.5800,1062,2
2026-06-05,600036,13:45:01,38.5700,487,2
2026-06-05,600036,13:45:04,38.5700,48,1
2026-06-05,600036,13:45:10,38.5600,1,2
2026-06-05,600036,13:45:13,38.5600,189,2
2026-06-05,600036,13:45:16,38.5600,5,1
2026-06-05,600036,13:45:19,38.5500,17,2
2026-06-05,600036,13:45:22,38.5600,86,1
2026-06-05,600036,13:45:25,38.5600,112,1
2026-06-05,600036,13:45:28,38.5600,132,1
2026-06-05,600036,13:45:31,38.5600,26,1
2026-06-05,600036,13:45:34,38.5700,125,1
2026-06-05,600036,13:45:37,38.5700,34,1
2026-06-05,600036,13:45:40,38.5600,11,2
2026-06-05,600036,13:45:43,38.5700,166,1
2026-06-05,600036,13:45:46,38.5600,52,2
2026-06-05,600036,13:45:49,38.5600,9,2
2026-06-05,600036,13:45:52,38.5600,65,2
2026-06-05,600036,13:45:55,38.5600,34,2
2026-06-05,600036,13:45:58,38.5600,12,2
2026-06-05,600036,13:46:01,38.5700,84,1
2026-06-05,600036,13:46:04,38.5600,13,2
2026-06-05,600036,13:46:07,38.5600,17,2
2026-06-05,600036,13:46:13,38.5600,14,2
2026-06-05,600036,13:46:19,38.5600,2,2
2026-06-05,600036,13:46:22,38.5600,97,2
2026-06-05,600036,13:46:25,38.5700,141,1
2026-06-05,600036,13:46:28,38.5600,38,2
2026-06-05,600036,13:46:31,38.5700,5,1
2026-06-05,600036,13:46:34,38.5700,101,1
2026-06-05,600036,13:46:37,38.5700,7,1
2026-06-05,600036,13:46:40,38.5600,65,2
2026-06-05,600036,13:46:43,38.5700,7,1
2026-06-05,600036,13:46:46,38.5600,40,2
2026-06-05,600036,13:46:49,38.5700,5,1
2026-06-05,600036,13:46:52,38.5700,105,1
2026-06-05,600036,13:46:55,38.5700,9,1
2026-06-05,600036,13:46:58,38.5700,33,1
2026-06-05,600036,13:47:01,38.5600,48,2
2026-06-05,600036,13:47:04,38.5600,12,2
2026-06-05,600036,13:47:07,38.5700,195,1
2026-06-05,600036,13:47:10,38.5700,57,2
2026-06-05,600036,13:47:13,38.5700,44,2
2026-06-05,600036,13:47:16,38.5700,15,2
2026-06-05,600036,13:47:19,38.5700,75,2
2026-06-05,600036,13:47:22,38.5800,66,1
2026-06-05,600036,13:47:25,38.5800,11,1
2026-06-05,600036,13:47:28,38.5800,23,1
2026-06-05,600036,13:47:31,38.5700,24,2
2026-06-05,600036,13:47:34,38.5800,12,1
2026-06-05,600036,13:47:40,38.5800,319,1
2026-06-05,600036,13:47:43,38.5900,237,1
2026-06-05,600036,13:47:46,38.5800,287,2
2026-06-05,600036,13:47:49,38.5800,14,2
2026-06-05,600036,13:47:52,38.5800,1378,2
2026-06-05,600036,13:47:55,38.5800,15,4
2026-06-05,600036,13:48:04,38.5800,24,1
2026-06-05,600036,13:48:07,38.5800,85,1
2026-06-05,600036,13:48:10,38.5800,238,2
2026-06-05,600036,13:48:13,38.5800,338,1
2026-06-05,600036,13:48:16,38.5800,11,4
2026-06-05,600036,13:48:22,38.5800,13,1
2026-06-05,600036,13:48:25,38.5800,21,1
2026-06-05,600036,13:48:28,38.5800,229,1
2026-06-05,600036,13:48:31,38.5800,16,2
2026-06-05,600036,13:48:34,38.5800,3,2
2026-06-05,600036,13:48:37,38.6000,124,1
2026-06-05,600036,13:48:40,38.5800,25,2
2026-06-05,600036,13:48:43,38.5800,20,2
2026-06-05,600036,13:48:46,38.5900,15,1
2026-06-05,600036,13:48:49,38.5900,65,1
2026-06-05,600036,13:48:52,38.5800,10,4
2026-06-05,600036,13:48:55,38.5800,370,2
2026-06-05,600036,13:48:58,38.5800,69,2
2026-06-05,600036,13:49:01,38.5900,13,1
2026-06-05,600036,13:49:04,38.5800,132,1
2026-06-05,600036,13:49:07,38.5800,25,1
2026-06-05,600036,13:49:10,38.5700,16,2
2026-06-05,600036,13:49:13,38.5900,17,1
2026-06-05,600036,13:49:16,38.5800,1,4
2026-06-05,600036,13:49:22,38.5700,96,2
2026-06-05,600036,13:49:25,38.5900,34,1
2026-06-05,600036,13:49:31,38.5600,764,2
2026-06-05,600036,13:49:34,38.5700,101,1
2026-06-05,600036,13:49:37,38.5600,14,2
2026-06-05,600036,13:49:40,38.5800,94,1
2026-06-05,600036,13:49:43,38.5900,39,1
2026-06-05,600036,13:49:46,38.5700,6,2
2026-06-05,600036,13:49:49,38.5700,2,2
2026-06-05,600036,13:49:52,38.5800,74,1
2026-06-05,600036,13:49:55,38.5800,25,1
2026-06-05,600036,13:49:58,38.5800,24,1
2026-06-05,600036,13:50:01,38.5900,84,1
2026-06-05,600036,13:50:04,38.5800,13,4
2026-06-05,600036,13:50:07,38.5900,38,1
2026-06-05,600036,13:50:10,38.5700,2,2
2026-06-05,600036,13:50:13,38.5800,1,1
2026-06-05,600036,13:50:16,38.5700,95,2
2026-06-05,600036,13:50:19,38.5800,88,1
2026-06-05,600036,13:50:22,38.5800,52,1
2026-06-05,600036,13:50:25,38.5800,36,1
2026-06-05,600036,13:50:28,38.5800,53,1
2026-06-05,600036,13:50:31,38.5700,15,2
2026-06-05,600036,13:50:34,38.5800,22,1
2026-06-05,600036,13:50:37,38.5800,46,1
2026-06-05,600036,13:50:40,38.5800,204,1
2026-06-05,600036,13:50:43,38.5800,29,1
2026-06-05,600036,13:50:46,38.5700,5,2
2026-06-05,600036,13:50:49,38.5800,296,1
2026-06-05,600036,13:50:52,38.5700,40,2
2026-06-05,600036,13:50:55,38.5700,1,2
2026-06-05,600036,13:50:58,38.5800,84,1
2026-06-05,600036,13:51:01,38.5800,1,1
2026-06-05,600036,13:51:04,38.5700,6,2
2026-06-05,600036,13:51:07,38.5700,29,2
2026-06-05,600036,13:51:10,38.5700,65,2
2026-06-05,600036,13:51:13,38.5800,12,1
2026-06-05,600036,13:51:16,38.5700,72,2
2026-06-05,600036,13:51:19,38.5800,106,1
2026-06-05,600036,13:51:22,38.5800,245,1
2026-06-05,600036,13:51:25,38.5800,58,4
2026-06-05,600036,13:51:28,38.5800,4,1
2026-06-05,600036,13:51:31,38.5800,6,2
2026-06-05,600036,13:51:34,38.5700,96,2
2026-06-05,600036,13:51:37,38.5800,3,4
2026-06-05,600036,13:51:40,38.5700,1,2
2026-06-05,600036,13:51:46,38.5700,8,2
2026-06-05,600036,13:51:49,38.5800,142,1
2026-06-05,600036,13:51:52,38.5800,1,1
2026-06-05,600036,13:51:55,38.5700,1,2
2026-06-05,600036,13:51:58,38.5800,52,1
2026-06-05,600036,13:52:01,38.5800,131,1
2026-06-05,600036,13:52:04,38.5700,47,2
2026-06-05,600036,13:52:07,38.5700,50,2
2026-06-05,600036,13:52:10,38.5800,16,1
2026-06-05,600036,13:52:13,38.5700,72,2
2026-06-05,600036,13:52:16,38.5800,31,1
2026-06-05,600036,13:52:19,38.5700,331,2
2026-06-05,600036,13:52:22,38.5800,32,1
2026-06-05,600036,13:52:25,38.5700,16,2
2026-06-05,600036,13:52:28,38.5700,822,2
2026-06-05,600036,13:52:31,38.5700,445,1
2026-06-05,600036,13:52:34,38.5700,161,1
2026-06-05,600036,13:52:37,38.5700,1048,1
2026-06-05,600036,13:52:40,38.5700,19,1
2026-06-05,600036,13:52:43,38.6000,104,1
2026-06-05,600036,13:52:49,38.5700,104,1
2026-06-05,600036,13:52:52,38.5700,9,1
2026-06-05,600036,13:52:55,38.5900,19,1
2026-06-05,600036,13:52:58,38.5800,254,4
2026-06-05,600036,13:53:01,38.5700,5,2
2026-06-05,600036,13:53:04,38.5700,8,2
2026-06-05,600036,13:53:07,38.5700,994,2
2026-06-05,600036,13:53:10,38.5800,147,1
2026-06-05,600036,13:53:13,38.5700,37,1
2026-06-05,600036,13:53:16,38.5700,127,4
2026-06-05,600036,13:53:19,38.5800,37,1
2026-06-05,600036,13:53:22,38.5700,80,2
2026-06-05,600036,13:53:25,38.5700,554,2
2026-06-05,600036,13:53:28,38.5500,354,2
2026-06-05,600036,13:53:31,38.5500,122,2
2026-06-05,600036,13:53:34,38.5700,557,1
2026-06-05,600036,13:53:37,38.5700,13,2
2026-06-05,600036,13:53:40,38.5600,1162,2
2026-06-05,600036,13:53:43,38.5500,5,2
2026-06-05,600036,13:53:46,38.5700,123,1
2026-06-05,600036,13:53:49,38.5600,285,1
2026-06-05,600036,13:53:52,38.5500,163,2
2026-06-05,600036,13:53:58,38.5600,202,1
2026-06-05,600036,13:54:01,38.5500,24,2
2026-06-05,600036,13:54:07,38.5500,138,2
2026-06-05,600036,13:54:10,38.5400,606,2
2026-06-05,600036,13:54:13,38.5500,47,1
2026-06-05,600036,13:54:16,38.5500,9,1
2026-06-05,600036,13:54:19,38.5400,13,2
2026-06-05,600036,13:54:22,38.5600,171,1
2026-06-05,600036,13:54:25,38.5500,2,4
2026-06-05,600036,13:54:28,38.5600,35,1
2026-06-05,600036,13:54:31,38.5500,1,4
2026-06-05,600036,13:54:34,38.5500,47,1
2026-06-05,600036,13:54:37,38.5500,39,1
2026-06-05,600036,13:54:40,38.5400,53,2
2026-06-05,600036,13:54:43,38.5500,10,1
2026-06-05,600036,13:54:46,38.5500,64,1
2026-06-05,600036,13:54:49,38.5600,21,1
2026-06-05,600036,13:54:52,38.5500,51,1
2026-06-05,600036,13:54:55,38.5500,168,1
2026-06-05,600036,13:54:58,38.5500,12,1
2026-06-05,600036,13:55:01,38.5500,12,1
2026-06-05,600036,13:55:04,38.5500,72,1
2026-06-05,600036,13:55:10,38.5400,63,2
2026-06-05,600036,13:55:13,38.5400,73,2
2026-06-05,600036,13:55:16,38.5400,204,2
2026-06-05,600036,13:55:19,38.5400,153,2
2026-06-05,600036,13:55:22,38.5500,29,1
2026-06-05,600036,13:55:25,38.5600,91,1
2026-06-05,600036,13:55:28,38.5400,5,2
2026-06-05,600036,13:55:31,38.5500,33,1
2026-06-05,600036,13:55:34,38.5500,21,1
2026-06-05,600036,13:55:37,38.5500,70,1
2026-06-05,600036,13:55:40,38.5500,55,2
2026-06-05,600036,13:55:43,38.5500,54,1
2026-06-05,600036,13:55:46,38.5600,21,1
2026-06-05,600036,13:55:49,38.5500,16,1
2026-06-05,600036,13:55:52,38.5500,868,1
2026-06-05,600036,13:55:55,38.5500,149,2
2026-06-05,600036,13:55:58,38.5500,70,2
2026-06-05,600036,13:56:01,38.5600,21,1
2026-06-05,600036,13:56:04,38.5500,3,2
2026-06-05,600036,13:56:07,38.5600,6,1
2026-06-05,600036,13:56:10,38.5500,265,2
2026-06-05,600036,13:56:13,38.5500,215,1
2026-06-05,600036,13:56:16,38.5600,25,1
2026-06-05,600036,13:56:19,38.5600,23,1
2026-06-05,600036,13:56:22,38.5600,70,1
2026-06-05,600036,13:56:25,38.5500,244,2
2026-06-05,600036,13:56:28,38.5600,41,1
2026-06-05,600036,13:56:31,38.5600,131,1
2026-06-05,600036,13:56:34,38.5500,1,2
2026-06-05,600036,13:56:37,38.5600,34,1
2026-06-05,600036,13:56:40,38.5500,24,2
2026-06-05,600036,13:56:43,38.5500,107,2
2026-06-05,600036,13:56:46,38.5500,113,2
2026-06-05,600036,13:56:49,38.5500,23,2
2026-06-05,600036,13:56:52,38.5500,11,2
2026-06-05,600036,13:56:55,38.5500,133,2
2026-06-05,600036,13:56:58,38.5500,13,2
2026-06-05,600036,13:57:01,38.5500,18,2
2026-06-05,600036,13:57:04,38.5500,907,2
2026-06-05,600036,13:57:07,38.5400,25,2
2026-06-05,600036,13:57:10,38.5400,3,2
2026-06-05,600036,13:57:13,38.5400,39,2
2026-06-05,600036,13:57:16,38.5400,12,2
2026-06-05,600036,13:57:19,38.5400,121,2
2026-06-05,600036,13:57:22,38.5400,90,2
2026-06-05,600036,13:57:25,38.5500,42,1
2026-06-05,600036,13:57:28,38.5500,3,1
2026-06-05,600036,13:57:31,38.5400,747,2
2026-06-05,600036,13:57:34,38.5400,23,1
2026-06-05,600036,13:57:37,38.5400,25,1
2026-06-05,600036,13:57:40,38.5500,42,1
2026-06-05,600036,13:57:46,38.5500,15,1
2026-06-05,600036,13:57:49,38.5400,117,2
2026-06-05,600036,13:57:52,38.5400,27,2
2026-06-05,600036,13:57:55,38.5400,337,2
2026-06-05,600036,13:57:58,38.5300,666,2
2026-06-05,600036,13:58:01,38.5200,126,2
2026-06-05,600036,13:58:04,38.5300,20,1
2026-06-05,600036,13:58:07,38.5300,3,1
2026-06-05,600036,13:58:10,38.5300,274,1
2026-06-05,600036,13:58:13,38.5200,14,4
2026-06-05,600036,13:58:16,38.5100,48,2
2026-06-05,600036,13:58:19,38.5200,47,1
2026-06-05,600036,13:58:22,38.5100,6,2
2026-06-05,600036,13:58:25,38.5100,220,2
2026-06-05,600036,13:58:28,38.5100,235,2
2026-06-05,600036,13:58:31,38.5100,111,2
2026-06-05,600036,13:58:34,38.5100,19,2
2026-06-05,600036,13:58:37,38.5100,124,1
2026-06-05,600036,13:58:40,38.5200,24,1
2026-06-05,600036,13:58:43,38.5100,54,2
2026-06-05,600036,13:58:46,38.5100,87,2
2026-06-05,600036,13:58:49,38.5100,140,2
2026-06-05,600036,13:58:52,38.5200,279,1
2026-06-05,600036,13:58:55,38.5200,52,2
2026-06-05,600036,13:58:58,38.5200,151,2
2026-06-05,600036,13:59:01,38.5200,12,1
2026-06-05,600036,13:59:04,38.5200,168,1
2026-06-05,600036,13:59:07,38.5100,114,2
2026-06-05,600036,13:59:10,38.5200,53,1
2026-06-05,600036,13:59:13,38.5200,52,1
2026-06-05,600036,13:59:16,38.5100,63,2
2026-06-05,600036,13:59:19,38.5200,7,1
2026-06-05,600036,13:59:22,38.5100,89,2
2026-06-05,600036,13:59:25,38.5300,2,1
2026-06-05,600036,13:59:28,38.5100,36,2
2026-06-05,600036,13:59:31,38.5200,10,1
2026-06-05,600036,13:59:34,38.5200,36,1
2026-06-05,600036,13:59:37,38.5200,92,2
2026-06-05,600036,13:59:40,38.5300,78,1
2026-06-05,600036,13:59:43,38.5300,17,1
2026-06-05,600036,13:59:46,38.5200,42,1
2026-06-05,600036,13:59:49,38.5100,121,2
2026-06-05,600036,13:59:52,38.5200,26,4
2026-06-05,600036,13:59:55,38.5200,1,2
2026-06-05,600036,13:59:58,38.5200,353,2
2026-06-05,600036,14:00:01,38.5300,70,1
2026-06-05,600036,14:00:04,38.5200,115,2
2026-06-05,600036,14:00:07,38.5300,189,1
2026-06-05,600036,14:00:10,38.5200,54,2
2026-06-05,600036,14:00:13,38.5200,11,2
2026-06-05,600036,14:00:16,38.5200,140,2
2026-06-05,600036,14:00:19,38.5200,60,2
2026-06-05,600036,14:00:22,38.5200,131,2
2026-06-05,600036,14:00:25,38.5300,36,1
2026-06-05,600036,14:00:28,38.5200,69,2
2026-06-05,600036,14:00:31,38.5200,26,1
2026-06-05,600036,14:00:34,38.5100,15,2
2026-06-05,600036,14:00:37,38.5200,25,1
2026-06-05,600036,14:00:40,38.5200,38,1
2026-06-05,600036,14:00:43,38.5100,493,2
2026-06-05,600036,14:00:46,38.5100,16,2
2026-06-05,600036,14:00:49,38.5100,41,2
2026-06-05,600036,14:00:52,38.5200,157,1
2026-06-05,600036,14:00:55,38.5200,1,1
2026-06-05,600036,14:00:58,38.5200,31,1
2026-06-05,600036,14:01:01,38.5100,24,2
2026-06-05,600036,14:01:04,38.5100,45,2
2026-06-05,600036,14:01:07,38.5100,128,2
2026-06-05,600036,14:01:10,38.5100,475,2
2026-06-05,600036,14:01:13,38.5100,52,2
2026-06-05,600036,14:01:16,38.5100,9,2
2026-06-05,600036,14:01:19,38.5100,98,2
2026-06-05,600036,14:01:22,38.5100,26,2
2026-06-05,600036,14:01:25,38.5100,85,2
2026-06-05,600036,14:01:28,38.5100,57,2
2026-06-05,600036,14:01:31,38.5100,44,2
2026-06-05,600036,14:01:34,38.5200,275,1
2026-06-05,600036,14:01:37,38.5300,56,1
2026-06-05,600036,14:01:40,38.5200,65,2
2026-06-05,600036,14:01:43,38.5200,5,2
2026-06-05,600036,14:01:46,38.5100,1181,2
2026-06-05,600036,14:01:49,38.5200,122,4
2026-06-05,600036,14:01:52,38.5200,117,1
2026-06-05,600036,14:01:55,38.5100,73,2
2026-06-05,600036,14:01:58,38.5100,22,2
2026-06-05,600036,14:02:01,38.5100,52,2
2026-06-05,600036,14:02:04,38.5100,437,1
2026-06-05,600036,14:02:07,38.4900,2298,2
2026-06-05,600036,14:02:10,38.4900,92,1
2026-06-05,600036,14:02:13,38.4800,8,2
2026-06-05,600036,14:02:16,38.4900,123,1
2026-06-05,600036,14:02:19,38.4800,11,2
2026-06-05,600036,14:02:25,38.4800,11,2
2026-06-05,600036,14:02:28,38.4800,178,2
2026-06-05,600036,14:02:31,38.4900,26,1
2026-06-05,600036,14:02:34,38.4800,38,2
2026-06-05,600036,14:02:37,38.4800,57,2
2026-06-05,600036,14:02:40,38.4800,27,2
2026-06-05,600036,14:02:43,38.4800,39,2
2026-06-05,600036,14:02:46,38.4900,78,1
2026-06-05,600036,14:02:49,38.5000,152,1
2026-06-05,600036,14:02:52,38.4900,7,4
2026-06-05,600036,14:02:55,38.4900,47,1
2026-06-05,600036,14:02:58,38.4900,34,2
2026-06-05,600036,14:03:01,38.4900,16,2
2026-06-05,600036,14:03:07,38.4900,55,2
2026-06-05,600036,14:03:10,38.4900,129,4
2026-06-05,600036,14:03:13,38.4700,427,2
2026-06-05,600036,14:03:16,38.4800,86,2
2026-06-05,600036,14:03:19,38.4800,189,1
2026-06-05,600036,14:03:22,38.4800,10,1
2026-06-05,600036,14:03:25,38.4600,629,2
2026-06-05,600036,14:03:28,38.4700,529,1
2026-06-05,600036,14:03:31,38.4500,21,2
2026-06-05,600036,14:03:34,38.4500,92,2
2026-06-05,600036,14:03:37,38.4600,147,1
2026-06-05,600036,14:03:40,38.4600,29,1
2026-06-05,600036,14:03:43,38.4600,71,1
2026-06-05,600036,14:03:46,38.4600,70,1
2026-06-05,600036,14:03:49,38.4500,103,2
2026-06-05,600036,14:03:52,38.4500,31,2
2026-06-05,600036,14:03:55,38.4600,231,1
2026-06-05,600036,14:03:58,38.4600,32,1
2026-06-05,600036,14:04:01,38.4500,173,2
2026-06-05,600036,14:04:04,38.4600,6,1
2026-06-05,600036,14:04:07,38.4500,72,2
2026-06-05,600036,14:04:10,38.4500,6,2
2026-06-05,600036,14:04:13,38.4600,40,1
2026-06-05,600036,14:04:16,38.4600,31,1
2026-06-05,600036,14:04:19,38.4500,25,2
2026-06-05,600036,14:04:22,38.4600,1009,1
2026-06-05,600036,14:04:25,38.4600,153,1
2026-06-05,600036,14:04:28,38.4500,166,2
2026-06-05,600036,14:04:31,38.4600,34,4
2026-06-05,600036,14:04:34,38.4600,9,2
2026-06-05,600036,14:04:37,38.4600,42,2
2026-06-05,600036,14:04:40,38.4600,82,2
2026-06-05,600036,14:04:43,38.4600,58,2
2026-06-05,600036,14:04:46,38.4600,44,2
2026-06-05,600036,14:04:49,38.4600,114,2
2026-06-05,600036,14:04:52,38.4600,38,1
2026-06-05,600036,14:04:55,38.4500,63,2
2026-06-05,600036,14:04:58,38.4600,69,4
2026-06-05,600036,14:05:01,38.4600,214,2
2026-06-05,600036,14:05:04,38.4700,31,1
2026-06-05,600036,14:05:07,38.4700,35,1
2026-06-05,600036,14:05:10,38.4600,135,2
2026-06-05,600036,14:05:13,38.4700,31,1
2026-06-05,600036,14:05:16,38.4700,6,1
2026-06-05,600036,14:05:19,38.4700,222,1
2026-06-05,600036,14:05:22,38.4700,940,1
2026-06-05,600036,14:05:25,38.4800,28,1
2026-06-05,600036,14:05:28,38.4800,72,1
2026-06-05,600036,14:05:31,38.4800,12,1
2026-06-05,600036,14:05:34,38.4800,218,1
2026-06-05,600036,14:05:37,38.4900,63,1
2026-06-05,600036,14:05:40,38.4800,575,2
2026-06-05,600036,14:05:43,38.4700,838,2
2026-06-05,600036,14:05:46,38.4700,201,2
2026-06-05,600036,14:05:49,38.4700,145,2
2026-06-05,600036,14:05:52,38.4700,14,2
2026-06-05,600036,14:05:55,38.4800,211,1
2026-06-05,600036,14:05:58,38.4700,304,1
2026-06-05,600036,14:06:01,38.4700,46,1
2026-06-05,600036,14:06:04,38.4700,40,1
2026-06-05,600036,14:06:07,38.4800,421,1
2026-06-05,600036,14:06:10,38.4800,76,1
2026-06-05,600036,14:06:13,38.4700,12,2
2026-06-05,600036,14:06:16,38.4800,98,1
2026-06-05,600036,14:06:22,38.4700,35,2
2026-06-05,600036,14:06:25,38.4700,7,2
2026-06-05,600036,14:06:28,38.4700,29,2
2026-06-05,600036,14:06:31,38.4800,33,1
2026-06-05,600036,14:06:34,38.4800,17,1
2026-06-05,600036,14:06:37,38.4700,100,2
2026-06-05,600036,14:06:40,38.4800,8,1
2026-06-05,600036,14:06:43,38.4800,64,1
2026-06-05,600036,10:53:40,38.5300,307,2
2026-06-05,600036,10:53:43,38.5300,11,2
2026-06-05,600036,10:53:46,38.5400,34,1
2026-06-05,600036,10:53:49,38.5300,17,2
2026-06-05,600036,10:53:52,38.5300,38,2
2026-06-05,600036,10:53:55,38.5300,70,2
2026-06-05,600036,10:53:58,38.5400,13,1
2026-06-05,600036,10:54:01,38.5400,10,1
2026-06-05,600036,10:54:04,38.5400,22,1
2026-06-05,600036,10:54:07,38.5400,11,1
2026-06-05,600036,10:54:10,38.5400,61,1
2026-06-05,600036,10:54:13,38.5400,40,1
2026-06-05,600036,10:54:16,38.5300,8,2
2026-06-05,600036,10:54:22,38.5400,42,1
2026-06-05,600036,10:54:25,38.5300,33,2
2026-06-05,600036,10:54:28,38.5400,7,1
2026-06-05,600036,10:54:31,38.5300,5,2
2026-06-05,600036,10:54:34,38.5400,1,1
2026-06-05,600036,10:54:37,38.5300,29,2
2026-06-05,600036,10:54:40,38.5300,57,2
2026-06-05,600036,10:54:43,38.5400,97,1
2026-06-05,600036,10:54:46,38.5300,158,2
2026-06-05,600036,10:54:49,38.5300,236,2
2026-06-05,600036,10:54:52,38.5300,191,2
2026-06-05,600036,10:54:55,38.5300,116,2
2026-06-05,600036,10:54:58,38.5300,11,1
2026-06-05,600036,10:55:01,38.5200,1,2
2026-06-05,600036,10:55:04,38.5200,328,2
2026-06-05,600036,10:55:07,38.5200,13,2
2026-06-05,600036,10:55:10,38.5200,1,2
2026-06-05,600036,10:55:13,38.5200,21,2
2026-06-05,600036,10:55:16,38.5200,57,2
2026-06-05,600036,10:55:19,38.5200,708,2
2026-06-05,600036,10:55:22,38.5000,547,2
2026-06-05,600036,10:55:25,38.5100,121,2
2026-06-05,600036,10:55:28,38.5000,59,2
2026-06-05,600036,10:55:31,38.5100,73,1
2026-06-05,600036,10:55:34,38.5100,4,1
2026-06-05,600036,10:55:37,38.5100,83,1
2026-06-05,600036,10:55:40,38.5100,25,1
2026-06-05,600036,10:55:43,38.5000,1,2
2026-06-05,600036,10:55:46,38.5100,103,1
2026-06-05,600036,10:55:49,38.5100,12,2
2026-06-05,600036,10:55:52,38.5100,15,2
2026-06-05,600036,10:55:55,38.5100,22,2
2026-06-05,600036,10:55:58,38.5100,46,2
2026-06-05,600036,10:56:01,38.5200,6,1
2026-06-05,600036,10:56:04,38.5100,7,2
2026-06-05,600036,10:56:07,38.5100,24,2
2026-06-05,600036,10:56:10,38.5100,4,2
2026-06-05,600036,10:56:13,38.5100,17,2
2026-06-05,600036,10:56:16,38.5200,17,1
2026-06-05,600036,10:56:19,38.5200,135,1
2026-06-05,600036,10:56:22,38.5100,2,2
2026-06-05,600036,10:56:25,38.5200,39,1
2026-06-05,600036,10:56:28,38.5200,4,1
2026-06-05,600036,10:56:31,38.5100,3,2
2026-06-05,600036,10:56:34,38.5100,8,2
2026-06-05,600036,10:56:37,38.5100,40,2
2026-06-05,600036,10:56:40,38.5100,25,2
2026-06-05,600036,10:56:43,38.5200,5,1
2026-06-05,600036,10:56:46,38.5100,17,2
2026-06-05,600036,10:56:49,38.5100,9,2
2026-06-05,600036,10:56:52,38.5200,1,1
2026-06-05,600036,10:56:55,38.5100,1542,2
2026-06-05,600036,10:56:58,38.5100,159,2
2026-06-05,600036,10:57:01,38.5100,15,2
2026-06-05,600036,10:57:04,38.5100,52,2
2026-06-05,600036,10:57:07,38.5100,135,2
2026-06-05,600036,10:57:10,38.5100,39,2
2026-06-05,600036,10:57:13,38.5200,117,1
2026-06-05,600036,10:57:16,38.5100,13,2
2026-06-05,600036,10:57:19,38.5100,8,2
2026-06-05,600036,10:57:22,38.5100,4,2
2026-06-05,600036,10:57:25,38.5100,7,2
2026-06-05,600036,10:57:28,38.5100,11,2
2026-06-05,600036,10:57:31,38.5100,25,2
2026-06-05,600036,10:57:34,38.5100,15,2
2026-06-05,600036,10:57:37,38.5100,11,2
2026-06-05,600036,10:57:40,38.5100,25,2
2026-06-05,600036,10:57:43,38.5100,19,2
2026-06-05,600036,10:57:46,38.5100,12,2
2026-06-05,600036,10:57:49,38.5100,334,2
2026-06-05,600036,10:57:52,38.5100,31,2
2026-06-05,600036,10:57:55,38.5100,12,2
2026-06-05,600036,10:57:58,38.5200,10,1
2026-06-05,600036,10:58:01,38.5200,4,1
2026-06-05,600036,10:58:04,38.5100,14,2
2026-06-05,600036,10:58:07,38.5200,62,1
2026-06-05,600036,10:58:10,38.5100,63,2
2026-06-05,600036,10:58:13,38.5100,15,2
2026-06-05,600036,10:58:16,38.5100,231,2
2026-06-05,600036,10:58:19,38.5100,69,2
2026-06-05,600036,10:58:22,38.5100,21,2
2026-06-05,600036,10:58:25,38.5100,17,2
2026-06-05,600036,10:58:28,38.5200,11,1
2026-06-05,600036,10:58:31,38.5200,1,1
2026-06-05,600036,10:58:34,38.5100,188,2
2026-06-05,600036,10:58:37,38.5100,25,2
2026-06-05,600036,10:58:40,38.5100,9,2
2026-06-05,600036,10:58:43,38.5100,9,2
2026-06-05,600036,10:58:46,38.5100,1502,2
2026-06-05,600036,10:58:49,38.5100,131,2
2026-06-05,600036,10:58:52,38.5100,25,2
2026-06-05,600036,10:58:55,38.5100,196,2
2026-06-05,600036,10:58:58,38.5200,40,1
2026-06-05,600036,10:59:01,38.5100,28,2
2026-06-05,600036,10:59:04,38.5200,32,1
2026-06-05,600036,10:59:07,38.5100,55,2
2026-06-05,600036,10:59:10,38.5200,8,1
2026-06-05,600036,10:59:16,38.5100,31,2
2026-06-05,600036,10:59:19,38.5200,18,1
2026-06-05,600036,10:59:22,38.5100,186,2
2026-06-05,600036,10:59:25,38.5200,222,1
2026-06-05,600036,10:59:28,38.5200,43,1
2026-06-05,600036,10:59:31,38.5200,22,1
2026-06-05,600036,10:59:34,38.5100,18,2
2026-06-05,600036,10:59:37,38.5100,40,2
2026-06-05,600036,10:59:40,38.5200,14,1
2026-06-05,600036,10:59:43,38.5100,16,2
2026-06-05,600036,10:59:46,38.5100,12,2
2026-06-05,600036,10:59:49,38.5100,8,2
2026-06-05,600036,10:59:52,38.5000,769,2
2026-06-05,600036,10:59:55,38.5100,302,1
2026-06-05,600036,11:00:01,38.5000,24,2
2026-06-05,600036,11:00:04,38.5100,29,1
2026-06-05,600036,11:00:07,38.5100,5,1
2026-06-05,600036,11:00:10,38.5100,156,1
2026-06-05,600036,11:00:13,38.5100,9,1
2026-06-05,600036,11:00:16,38.5000,83,2
2026-06-05,600036,11:00:19,38.5100,17,1
2026-06-05,600036,11:00:22,38.5100,2,1
2026-06-05,600036,11:00:25,38.5100,17,1
2026-06-05,600036,11:00:28,38.5100,29,1
2026-06-05,600036,11:00:31,38.5000,9,2
2026-06-05,600036,11:00:34,38.5100,39,1
2026-06-05,600036,11:00:37,38.5100,54,1
2026-06-05,600036,11:00:40,38.5100,160,1
2026-06-05,600036,11:00:43,38.5100,235,2
2026-06-05,600036,11:00:46,38.5100,17,2
2026-06-05,600036,11:00:49,38.5100,41,2
2026-06-05,600036,11:00:52,38.5200,10,1
2026-06-05,600036,11:00:55,38.5100,1,2
2026-06-05,600036,11:00:58,38.5200,53,1
2026-06-05,600036,11:01:01,38.5200,12,1
2026-06-05,600036,11:01:04,38.5100,10,2
2026-06-05,600036,11:01:07,38.5200,9,1
2026-06-05,600036,11:01:10,38.5200,6,1
2026-06-05,600036,11:01:13,38.5300,698,1
2026-06-05,600036,11:01:16,38.5300,62,1
2026-06-05,600036,11:01:19,38.5400,1131,1
2026-06-05,600036,11:01:22,38.5400,31,2
2026-06-05,600036,11:01:25,38.5400,71,2
2026-06-05,600036,11:01:28,38.5500,28,1
2026-06-05,600036,11:01:31,38.5500,41,1
2026-06-05,600036,11:01:34,38.5400,16,2
2026-06-05,600036,11:01:37,38.5400,38,2
2026-06-05,600036,11:01:40,38.5400,5,2
2026-06-05,600036,11:01:43,38.5400,72,2
2026-06-05,600036,11:01:46,38.5400,19,2
2026-06-05,600036,11:01:49,38.5500,835,1
2026-06-05,600036,11:01:52,38.5500,501,2
2026-06-05,600036,11:01:55,38.5500,225,1
2026-06-05,600036,11:01:58,38.5500,126,2
2026-06-05,600036,11:02:01,38.5400,92,2
2026-06-05,600036,11:02:04,38.5400,85,2
2026-06-05,600036,11:02:07,38.5400,23,2
2026-06-05,600036,11:02:10,38.5400,17,2
2026-06-05,600036,11:02:13,38.5400,12,2
2026-06-05,600036,11:02:19,38.5400,48,2
2026-06-05,600036,11:02:22,38.5400,18,2
2026-06-05,600036,11:02:25,38.5400,13,2
2026-06-05,600036,11:02:28,38.5400,21,2
2026-06-05,600036,11:02:31,38.5500,8,1
2026-06-05,600036,11:02:34,38.5500,217,1
2026-06-05,600036,11:02:37,38.5500,7,1
2026-06-05,600036,11:02:40,38.5400,600,2
2026-06-05,600036,11:02:43,38.5400,249,1
2026-06-05,600036,11:02:49,38.5400,8,1
2026-06-05,600036,11:02:52,38.5300,7,2
2026-06-05,600036,11:02:55,38.5400,11,1
2026-06-05,600036,11:02:58,38.5300,2,2
2026-06-05,600036,11:03:01,38.5300,16,2
2026-06-05,600036,11:03:04,38.5300,911,2
2026-06-05,600036,11:03:07,38.5300,503,2
2026-06-05,600036,11:03:10,38.5200,32,2
2026-06-05,600036,11:03:16,38.5200,4,2
2026-06-05,600036,11:03:19,38.5200,51,2
2026-06-05,600036,11:03:22,38.5300,7,1
2026-06-05,600036,11:03:25,38.5300,1,1
2026-06-05,600036,11:03:28,38.5300,22,1
2026-06-05,600036,11:03:31,38.5200,5,2
2026-06-05,600036,11:03:34,38.5300,29,1
2026-06-05,600036,11:03:40,38.5300,61,1
2026-06-05,600036,11:03:43,38.5300,12,1
2026-06-05,600036,11:03:46,38.5300,611,1
2026-06-05,600036,11:03:49,38.5300,356,1
2026-06-05,600036,11:03:52,38.5300,61,1
2026-06-05,600036,11:03:55,38.5200,353,2
2026-06-05,600036,11:03:58,38.5400,664,1
2026-06-05,600036,11:04:01,38.5400,92,1
2026-06-05,600036,11:04:04,38.5400,519,1
2026-06-05,600036,11:04:07,38.5500,54,1
2026-06-05,600036,11:04:10,38.5500,15,1
2026-06-05,600036,11:04:13,38.5500,475,1
2026-06-05,600036,11:04:16,38.5500,30,2
2026-06-05,600036,11:04:19,38.5500,38,2
2026-06-05,600036,11:04:22,38.5500,50,2
2026-06-05,600036,11:04:25,38.5600,217,1
2026-06-05,600036,11:04:28,38.5500,8,2
2026-06-05,600036,11:04:31,38.5600,12,1
2026-06-05,600036,11:04:34,38.5500,212,2
2026-06-05,600036,11:04:37,38.5500,184,2
2026-06-05,600036,11:04:40,38.5500,126,2
2026-06-05,600036,11:04:43,38.5600,7,1
2026-06-05,600036,11:04:46,38.5400,56,2
2026-06-05,600036,11:04:49,38.5500,1,1
2026-06-05,600036,11:04:52,38.5500,30,1
2026-06-05,600036,11:04:55,38.5500,194,1
2026-06-05,600036,11:04:58,38.5500,4,1
2026-06-05,600036,11:05:01,38.5500,1,1
2026-06-05,600036,11:05:04,38.5400,8,2
2026-06-05,600036,11:05:10,38.5400,1,2
2026-06-05,600036,11:05:13,38.5400,3,2
2026-06-05,600036,11:05:16,38.5500,61,1
2026-06-05,600036,11:05:19,38.5500,4,1
2026-06-05,600036,11:05:22,38.5500,17,1
2026-06-05,600036,11:05:25,38.5400,62,2
2026-06-05,600036,11:05:28,38.5400,34,2
2026-06-05,600036,11:05:31,38.5500,8,1
2026-06-05,600036,11:05:34,38.5500,5,1
2026-06-05,600036,11:05:37,38.5400,1,2
2026-06-05,600036,11:05:40,38.5500,15,1
2026-06-05,600036,11:05:43,38.5400,101,2
2026-06-05,600036,11:05:46,38.5400,19,2
2026-06-05,600036,11:05:49,38.5400,10,2
2026-06-05,600036,11:05:52,38.5400,631,2
2026-06-05,600036,11:05:55,38.5400,2,2
2026-06-05,600036,11:05:58,38.5500,11,1
2026-06-05,600036,11:06:01,38.5400,5,2
2026-06-05,600036,11:06:04,38.5500,63,1
2026-06-05,600036,11:06:07,38.5400,105,2
2026-06-05,600036,11:06:10,38.5400,7,2
2026-06-05,600036,11:06:13,38.5400,7,2
2026-06-05,600036,11:06:16,38.5400,1,2
2026-06-05,600036,11:06:19,38.5500,596,1
2026-06-05,600036,11:06:22,38.5500,104,1
2026-06-05,600036,11:06:25,38.5500,20,1
2026-06-05,600036,11:06:28,38.5400,117,2
2026-06-05,600036,11:06:31,38.5500,19,1
2026-06-05,600036,11:06:34,38.5500,38,1
2026-06-05,600036,11:06:37,38.5400,22,2
2026-06-05,600036,11:06:40,38.5400,231,2
2026-06-05,600036,11:06:43,38.5400,10,2
2026-06-05,600036,11:06:46,38.5500,9,1
2026-06-05,600036,11:06:49,38.5400,287,2
2026-06-05,600036,11:06:52,38.5400,2,2
2026-06-05,600036,11:06:55,38.5500,9,1
2026-06-05,600036,11:06:58,38.5400,84,2
2026-06-05,600036,11:07:01,38.5500,13,1
2026-06-05,600036,11:07:04,38.5500,262,1
2026-06-05,600036,11:07:07,38.5500,2,4
2026-06-05,600036,11:07:10,38.5500,11,2
2026-06-05,600036,11:07:13,38.5600,51,1
2026-06-05,600036,11:07:16,38.5600,35,1
2026-06-05,600036,11:07:19,38.5600,5,1
2026-06-05,600036,11:07:25,38.5600,13,1
2026-06-05,600036,11:07:28,38.5600,37,1
2026-06-05,600036,11:07:31,38.5600,16,1
2026-06-05,600036,11:07:34,38.5500,28,2
2026-06-05,600036,11:07:37,38.5600,19,1
2026-06-05,600036,11:07:40,38.5600,24,1
2026-06-05,600036,11:07:43,38.5500,2,2
2026-06-05,600036,11:07:49,38.5600,36,1
2026-06-05,600036,11:07:52,38.5600,13,1
2026-06-05,600036,11:07:58,38.5500,44,2
2026-06-05,600036,11:08:01,38.5500,1433,2
2026-06-05,600036,11:08:04,38.5400,38,2
2026-06-05,600036,11:08:07,38.5400,719,2
2026-06-05,600036,11:08:10,38.5400,375,2
2026-06-05,600036,11:08:13,38.5400,177,2
2026-06-05,600036,11:08:16,38.5300,42,2
2026-06-05,600036,11:08:22,38.5400,17,1
2026-06-05,600036,11:08:25,38.5400,29,1
2026-06-05,600036,11:08:28,38.5400,2,1
2026-06-05,600036,11:08:34,38.5300,52,2
2026-06-05,600036,11:08:37,38.5400,1,1
2026-06-05,600036,11:08:40,38.5300,16,2
2026-06-05,600036,11:08:43,38.5300,9,2
2026-06-05,600036,11:08:46,38.5300,11,2
2026-06-05,600036,11:08:49,38.5300,17,2
2026-06-05,600036,11:08:52,38.5400,9,1
2026-06-05,600036,11:08:55,38.5300,15,2
2026-06-05,600036,11:08:58,38.5300,51,2
2026-06-05,600036,11:09:01,38.5300,9,2
2026-06-05,600036,11:09:04,38.5300,41,2
2026-06-05,600036,11:09:07,38.5400,31,1
2026-06-05,600036,11:09:10,38.5300,25,2
2026-06-05,600036,11:09:13,38.5300,11,2
2026-06-05,600036,11:09:16,38.5400,14,1
2026-06-05,600036,11:09:19,38.5300,24,2
2026-06-05,600036,11:09:22,38.5300,1,2
2026-06-05,600036,11:09:25,38.5300,61,2
2026-06-05,600036,11:09:28,38.5400,627,1
2026-06-05,600036,11:09:31,38.5400,68,2
2026-06-05,600036,11:09:34,38.5400,10,2
2026-06-05,600036,11:09:37,38.5400,60,2
2026-06-05,600036,11:09:40,38.5500,22,1
2026-06-05,600036,11:09:43,38.5400,1,2
2026-06-05,600036,11:09:46,38.5500,4,1
2026-06-05,600036,11:09:49,38.5500,18,1
2026-06-05,600036,11:09:52,38.5400,71,2
2026-06-05,600036,11:09:55,38.5400,1035,2
2026-06-05,600036,11:09:58,38.5500,1147,1
2026-06-05,600036,11:10:01,38.5300,13,2
2026-06-05,600036,11:10:04,38.5300,54,2
2026-06-05,600036,11:10:07,38.5300,106,1
2026-06-05,600036,11:10:10,38.5300,11,1
2026-06-05,600036,11:10:13,38.5300,8,1
2026-06-05,600036,11:10:16,38.5300,36,1
2026-06-05,600036,11:10:19,38.5200,7,2
2026-06-05,600036,11:10:22,38.5200,28,2
2026-06-05,600036,11:10:25,38.5200,29,2
2026-06-05,600036,11:10:28,38.5200,13,2
2026-06-05,600036,11:10:31,38.5300,29,1
2026-06-05,600036,11:10:34,38.5300,21,1
2026-06-05,600036,11:10:37,38.5200,22,2
2026-06-05,600036,11:10:40,38.5200,292,2
2026-06-05,600036,11:10:43,38.5200,14,2
2026-06-05,600036,11:10:46,38.5200,25,2
2026-06-05,600036,11:10:49,38.5200,22,2
2026-06-05,600036,11:10:52,38.5200,3,2
2026-06-05,600036,11:10:55,38.5300,14,1
2026-06-05,600036,11:10:58,38.5200,11,2
2026-06-05,600036,11:11:01,38.5200,235,2
2026-06-05,600036,11:11:04,38.5200,26,2
2026-06-05,600036,11:11:07,38.5200,361,2
2026-06-05,600036,11:11:10,38.5200,48,2
2026-06-05,600036,11:11:13,38.5200,7,2
2026-06-05,600036,11:11:16,38.5300,33,1
2026-06-05,600036,11:11:22,38.5200,39,2
2026-06-05,600036,11:11:25,38.5200,10,2
2026-06-05,600036,11:11:28,38.5200,4,2
2026-06-05,600036,11:11:31,38.5200,14,2
2026-06-05,600036,11:11:34,38.5200,35,2
2026-06-05,600036,11:11:37,38.5300,19,1
2026-06-05,600036,11:11:40,38.5300,35,1
2026-06-05,600036,11:11:43,38.5300,166,1
2026-06-05,600036,11:11:46,38.5300,379,1
2026-06-05,600036,11:11:49,38.5500,4,1
2026-06-05,600036,11:11:52,38.5500,26,1
2026-06-05,600036,11:11:55,38.5300,36,2
2026-06-05,600036,11:11:58,38.5500,5,1
2026-06-05,600036,11:12:01,38.5400,91,2
2026-06-05,600036,11:12:04,38.5500,10,1
2026-06-05,600036,11:12:07,38.5400,3,2
2026-06-05,600036,11:12:13,38.5400,21,2
2026-06-05,600036,11:12:16,38.5400,6,2
2026-06-05,600036,11:12:19,38.5400,204,2
2026-06-05,600036,11:12:22,38.5500,34,1
2026-06-05,600036,11:12:25,38.5500,37,1
2026-06-05,600036,11:12:28,38.5500,108,1
2026-06-05,600036,11:12:31,38.5500,112,1
2026-06-05,600036,11:12:34,38.5500,19,1
2026-06-05,600036,11:12:37,38.5500,127,1
2026-06-05,600036,11:12:40,38.5400,38,2
2026-06-05,600036,11:12:43,38.5500,34,1
2026-06-05,600036,11:12:46,38.5500,50,2
2026-06-05,600036,11:12:52,38.5600,78,1
2026-06-05,600036,11:12:55,38.5600,125,1
2026-06-05,600036,11:12:58,38.5600,575,1
2026-06-05,600036,11:13:01,38.5600,143,1
2026-06-05,600036,11:13:04,38.5500,51,2
2026-06-05,600036,11:13:07,38.5600,110,1
2026-06-05,600036,11:13:10,38.5600,3,1
2026-06-05,600036,11:13:13,38.5500,5,2
2026-06-05,600036,11:13:16,38.5600,41,1
2026-06-05,600036,11:13:19,38.5500,81,2
2026-06-05,600036,11:13:22,38.5600,48,1
2026-06-05,600036,11:13:25,38.5700,14,1
2026-06-05,600036,11:13:28,38.5500,29,2
2026-06-05,600036,11:13:31,38.5500,1,2
2026-06-05,600036,11:13:34,38.5600,1,1
2026-06-05,600036,11:13:37,38.5500,39,2
2026-06-05,600036,11:13:40,38.5600,65,1
2026-06-05,600036,11:13:43,38.5500,17,2
2026-06-05,600036,11:13:46,38.5500,98,2
2026-06-05,600036,11:13:49,38.5600,47,1
2026-06-05,600036,11:13:52,38.5500,8,2
2026-06-05,600036,11:13:58,38.5500,22,2
2026-06-05,600036,11:14:01,38.5500,59,2
2026-06-05,600036,11:14:04,38.5500,29,2
2026-06-05,600036,11:14:07,38.5400,512,2
2026-06-05,600036,11:14:10,38.5300,368,2
2026-06-05,600036,11:14:13,38.5400,72,2
2026-06-05,600036,11:14:16,38.5400,35,1
2026-06-05,600036,11:14:19,38.5400,16,2
2026-06-05,600036,11:14:25,38.5400,180,2
2026-06-05,600036,11:14:28,38.5400,12,4
2026-06-05,600036,11:14:37,38.5300,21,2
2026-06-05,600036,11:14:40,38.5300,60,2
2026-06-05,600036,11:14:43,38.5400,16,1
2026-06-05,600036,11:14:46,38.5300,6,2
2026-06-05,600036,11:14:49,38.5400,11,1
2026-06-05,600036,11:14:52,38.5300,4,2
2026-06-05,600036,11:14:55,38.5400,5,1
2026-06-05,600036,11:14:58,38.5400,3,1
2026-06-05,600036,11:15:01,38.5300,46,2
2026-06-05,600036,11:15:04,38.5400,32,1
2026-06-05,600036,11:15:07,38.5300,43,2
2026-06-05,600036,11:15:10,38.5400,77,1
2026-06-05,600036,11:15:13,38.5400,8,1
2026-06-05,600036,11:15:16,38.5400,237,1
2026-06-05,600036,11:15:19,38.5400,156,2
2026-06-05,600036,11:15:22,38.5400,18,4
2026-06-05,600036,11:15:25,38.5300,46,2
2026-06-05,600036,11:15:28,38.5300,184,2
2026-06-05,600036,11:15:31,38.5200,1044,2
2026-06-05,600036,11:15:34,38.5200,21,2
2026-06-05,600036,11:15:37,38.5200,180,2
2026-06-05,600036,11:15:40,38.5300,9,1
2026-06-05,600036,11:15:43,38.5200,42,4
2026-06-05,600036,11:15:46,38.5300,82,1
2026-06-05,600036,11:15:52,38.5200,136,2
2026-06-05,600036,11:15:55,38.5200,123,2
2026-06-05,600036,11:15:58,38.5200,19,2
2026-06-05,600036,11:16:01,38.5200,14,2
2026-06-05,600036,11:16:04,38.5200,66,2
2026-06-05,600036,11:16:07,38.5300,140,1
2026-06-05,600036,11:16:10,38.5200,20,2
2026-06-05,600036,11:16:13,38.5300,23,1
2026-06-05,600036,11:16:16,38.5300,57,1
2026-06-05,600036,11:16:19,38.5300,80,1
2026-06-05,600036,11:16:22,38.5300,30,1
2026-06-05,600036,11:16:25,38.5200,6,2
2026-06-05,600036,11:16:28,38.5200,15,2
2026-06-05,600036,11:16:31,38.5100,646,2
2026-06-05,600036,11:16:34,38.5200,3,1
2026-06-05,600036,11:16:37,38.5100,1,2
2026-06-05,600036,11:16:40,38.5200,2,1
2026-06-05,600036,11:16:43,38.5100,39,2
2026-06-05,600036,11:16:46,38.5200,6,1
2026-06-05,600036,11:16:49,38.5100,11,2
2026-06-05,600036,11:16:52,38.5100,7,2
2026-06-05,600036,11:16:55,38.5200,14,1
2026-06-05,600036,11:16:58,38.5100,1302,2
2026-06-05,600036,11:17:01,38.5100,29,1
2026-06-05,600036,11:17:04,38.5100,11,1
2026-06-05,600036,11:17:07,38.5100,14,1
2026-06-05,600036,11:17:10,38.5000,7,2
2026-06-05,600036,11:17:13,38.5000,2,2
2026-06-05,600036,11:17:16,38.5000,37,2
2026-06-05,600036,11:17:19,38.4900,1107,2
2026-06-05,600036,11:17:22,38.4900,41,2
2026-06-05,600036,11:17:25,38.4900,12,2
2026-06-05,600036,11:17:28,38.5000,69,1
2026-06-05,600036,11:17:31,38.5000,116,1
2026-06-05,600036,11:17:34,38.5000,78,1
2026-06-05,600036,11:17:37,38.5000,3,2
2026-06-05,600036,11:17:40,38.5000,22,2
2026-06-05,600036,11:17:43,38.5100,55,1
2026-06-05,600036,11:17:46,38.5100,41,1
2026-06-05,600036,11:17:49,38.5100,28,2
2026-06-05,600036,11:17:52,38.5000,124,2
2026-06-05,600036,11:17:55,38.5000,76,2
2026-06-05,600036,11:17:58,38.5000,24,2
2026-06-05,600036,11:18:01,38.5100,1,1
2026-06-05,600036,11:18:04,38.5100,66,1
2026-06-05,600036,11:18:07,38.5000,29,2
2026-06-05,600036,11:18:10,38.5100,12,1
2026-06-05,600036,11:18:13,38.5000,27,2
2026-06-05,600036,11:18:16,38.5100,46,1
2026-06-05,600036,11:18:19,38.5100,409,2
2026-06-05,600036,11:18:22,38.5000,4,2
2026-06-05,600036,11:18:28,38.5000,8,2
2026-06-05,600036,11:18:34,38.5000,41,2
2026-06-05,600036,11:18:37,38.5000,3,2
2026-06-05,600036,11:18:40,38.5000,3,2
2026-06-05,600036,11:18:43,38.5100,10,1
2026-06-05,600036,11:18:46,38.5000,12,2
2026-06-05,600036,11:18:49,38.5000,1,2
2026-06-05,600036,11:18:52,38.5000,18,2
2026-06-05,600036,11:18:55,38.5000,113,2
2026-06-05,600036,11:18:58,38.5000,40,2
2026-06-05,600036,11:19:01,38.5000,13,2
2026-06-05,600036,11:19:04,38.5000,10,2
2026-06-05,600036,11:19:07,38.5000,2,2
