date,code,time,price,volume,bs
2026-05-21,601318,14:07:07,54.1300,389,2
2026-05-21,601318,14:07:11,54.1300,78,2
2026-05-21,601318,14:07:14,54.1100,141,2
2026-05-21,601318,14:07:16,54.1100,341,2
2026-05-21,601318,14:07:19,54.1000,141,2
2026-05-21,601318,14:07:22,54.0800,3263,2
2026-05-21,601318,14:07:25,54.0800,714,2
2026-05-21,601318,14:07:28,54.0800,135,2
2026-05-21,601318,14:07:32,54.0900,87,1
2026-05-21,601318,14:07:35,54.0900,18,2
2026-05-21,601318,14:07:38,54.1000,21,1
2026-05-21,601318,14:07:40,54.0900,16,2
2026-05-21,601318,14:07:44,54.0900,17,2
2026-05-21,601318,14:07:46,54.1000,72,1
2026-05-21,601318,14:07:49,54.1000,70,1
2026-05-21,601318,14:07:53,54.1100,8,1
2026-05-21,601318,14:07:55,54.1000,9,2
2026-05-21,601318,14:07:58,54.1100,41,1
2026-05-21,601318,14:08:01,54.1000,52,2
2026-05-21,601318,14:08:04,54.1100,125,1
2026-05-21,601318,14:08:07,54.1000,41,2
2026-05-21,601318,14:08:10,54.1100,30,1
2026-05-21,601318,14:08:14,54.1100,61,1
2026-05-21,601318,14:08:16,54.1100,36,2
2026-05-21,601318,14:08:19,54.1100,26,2
2026-05-21,601318,14:08:23,54.1200,46,1
2026-05-21,601318,14:08:26,54.1200,13,1
2026-05-21,601318,14:08:28,54.1000,177,2
2026-05-21,601318,14:08:31,54.1100,106,4
2026-05-21,601318,14:08:34,54.1200,83,1
2026-05-21,601318,14:08:37,54.1300,34,1
2026-05-21,601318,14:08:40,54.1200,26,2
2026-05-21,601318,14:08:44,54.1200,89,2
2026-05-21,601318,14:08:46,54.1100,70,2
2026-05-21,601318,14:08:49,54.1300,111,1
2026-05-21,601318,14:08:52,54.1300,196,1
2026-05-21,601318,14:08:55,54.1300,89,1
2026-05-21,601318,14:08:59,54.1300,85,2
2026-05-21,601318,14:09:01,54.1300,8,2
2026-05-21,601318,14:09:05,54.1300,115,2
2026-05-21,601318,14:09:08,54.1200,135,2
2026-05-21,601318,14:09:10,54.1200,95,2
2026-05-21,601318,14:09:13,54.1300,82,1
2026-05-21,601318,14:09:16,54.1300,179,1
2026-05-21,601318,14:09:20,54.1300,41,2
2026-05-21,601318,14:09:22,54.1300,85,2
2026-05-21,601318,14:09:26,54.1200,55,2
2026-05-21,601318,14:09:28,54.1200,13,1
2026-05-21,601318,14:09:31,54.1000,401,2
2026-05-21,601318,14:09:35,54.1000,456,2
2026-05-21,601318,14:09:37,54.1000,36,1
2026-05-21,601318,14:09:40,54.1000,83,2
2026-05-21,601318,14:09:44,54.1000,48,1
2026-05-21,601318,14:09:46,54.1100,139,1
2026-05-21,601318,14:09:49,54.1100,15,1
2026-05-21,601318,14:09:53,54.1000,27,2
2026-05-21,601318,14:09:56,54.1000,338,2
2026-05-21,601318,14:09:58,54.1000,51,1
2026-05-21,601318,14:10:02,54.0900,645,2
2026-05-21,601318,14:10:05,54.0800,1307,2
2026-05-21,601318,14:10:07,54.0900,660,1
2026-05-21,601318,14:10:11,54.0800,55,2
2026-05-21,601318,14:10:13,54.0900,233,1
2026-05-21,601318,14:10:16,54.0700,784,2
2026-05-21,601318,14:10:20,54.0900,123,1
2026-05-21,601318,14:10:22,54.0800,80,2
2026-05-21,601318,14:10:25,54.0900,113,1
2026-05-21,601318,14:10:29,54.1200,82,1
2026-05-21,601318,14:10:32,54.1000,16,1
2026-05-21,601318,14:10:34,54.1100,64,1
2026-05-21,601318,14:10:37,54.1200,66,1
2026-05-21,601318,14:10:40,54.1200,75,1
2026-05-21,601318,14:10:43,54.1400,47,1
2026-05-21,601318,14:10:46,54.1600,223,1
2026-05-21,601318,14:10:50,54.1600,226,1
2026-05-21,601318,14:10:52,54.1400,45,2
2026-05-21,601318,14:10:55,54.1300,43,2
2026-05-21,601318,14:10:58,54.1400,169,1
2026-05-21,601318,14:11:01,54.1300,351,2
2026-05-21,601318,14:11:04,54.1300,154,2
2026-05-21,601318,14:11:08,54.1300,77,1
2026-05-21,601318,14:11:11,54.1300,107,1
2026-05-21,601318,14:11:13,54.1400,72,1
2026-05-21,601318,14:11:16,54.1300,243,2
2026-05-21,601318,14:11:19,54.1300,253,2
2026-05-21,601318,14:11:23,54.1300,256,2
2026-05-21,601318,14:11:25,54.1300,205,2
2026-05-21,601318,14:11:28,54.1500,166,1
2026-05-21,601318,14:11:32,54.1600,500,1
2026-05-21,601318,14:11:34,54.2000,234,1
2026-05-21,601318,14:11:37,54.2000,308,1
2026-05-21,601318,14:11:41,54.1700,54,2
2026-05-21,601318,14:11:43,54.2200,393,1
2026-05-21,601318,14:11:46,54.2000,203,1
2026-05-21,601318,14:11:50,54.1900,39,1
2026-05-21,601318,14:11:53,54.1800,122,1
2026-05-21,601318,14:11:55,54.1900,61,1
2026-05-21,601318,14:11:58,54.1900,151,1
2026-05-21,601318,14:12:01,54.1700,149,2
2026-05-21,601318,14:12:05,54.1600,262,2
2026-05-21,601318,14:12:08,54.1700,129,1
2026-05-21,601318,14:12:10,54.1700,75,1
2026-05-21,601318,14:12:13,54.1800,124,1
2026-05-21,601318,14:12:16,54.1900,352,1
2026-05-21,601318,14:12:19,54.1800,119,2
2026-05-21,601318,14:12:23,54.1900,145,4
2026-05-21,601318,14:12:25,54.1800,138,2
2026-05-21,601318,14:12:28,54.1800,53,2
2026-05-21,601318,14:12:31,54.1700,347,2
2026-05-21,601318,14:12:35,54.1800,272,1
2026-05-21,601318,14:12:38,54.2000,93,1
2026-05-21,601318,14:12:41,54.1900,234,2
2026-05-21,601318,14:12:43,54.2000,115,1
2026-05-21,601318,14:12:46,54.1700,57,2
2026-05-21,601318,14:12:49,54.1800,27,1
2026-05-21,601318,14:12:52,54.1800,51,1
2026-05-21,601318,14:12:55,54.1600,247,2
2026-05-21,601318,14:12:59,54.1600,89,2
2026-05-21,601318,14:13:02,54.1500,280,2
2026-05-21,601318,14:13:05,54.1700,173,1
2026-05-21,601318,14:13:07,54.1600,96,2
2026-05-21,601318,14:13:10,54.1600,113,2
2026-05-21,601318,14:13:13,54.1600,153,2
2026-05-21,601318,14:13:17,54.1600,23,1
2026-05-21,601318,14:13:19,54.1600,303,1
2026-05-21,601318,14:13:22,54.1500,286,2
2026-05-21,601318,14:13:26,54.1500,170,1
2026-05-21,601318,14:13:29,54.1400,56,2
2026-05-21,601318,14:13:32,54.1200,132,2
2026-05-21,601318,14:13:35,54.1200,396,2
2026-05-21,601318,14:13:37,54.1300,213,1
2026-05-21,601318,14:13:41,54.1100,253,2
2026-05-21,601318,14:13:44,54.1200,115,1
2026-05-21,601318,14:13:46,54.1300,33,1
2026-05-21,601318,14:13:50,54.1300,139,1
2026-05-21,601318,14:13:52,54.1300,489,2
2026-05-21,601318,14:13:56,54.1300,76,2
2026-05-21,601318,14:13:59,54.1700,767,1
2026-05-21,601318,14:14:01,54.1600,275,2
2026-05-21,601318,14:14:04,54.1600,263,1
2026-05-21,601318,14:14:07,54.1900,67,1
2026-05-21,601318,14:14:11,54.1900,296,1
2026-05-21,601318,14:14:13,54.1900,241,1
2026-05-21,601318,14:14:16,54.2200,459,1
2026-05-21,601318,14:14:19,54.2100,124,1
2026-05-21,601318,14:14:22,54.2300,125,1
2026-05-21,601318,14:14:26,54.2000,90,2
2026-05-21,601318,14:14:28,54.2000,104,2
2026-05-21,601318,14:14:32,54.2200,61,1
2026-05-21,601318,14:14:34,54.2000,365,2
2026-05-21,601318,14:14:37,54.2000,99,2
2026-05-21,601318,14:14:41,54.1800,339,2
2026-05-21,601318,14:14:44,54.1800,100,1
2026-05-21,601318,14:14:46,54.1800,184,1
2026-05-21,601318,14:14:50,54.1800,60,1
2026-05-21,601318,14:14:53,54.1700,33,2
2026-05-21,601318,14:14:56,54.1700,147,1
2026-05-21,601318,14:14:58,54.1700,189,2
2026-05-21,601318,14:15:01,54.1700,48,1
2026-05-21,601318,14:15:05,54.1400,265,2
2026-05-21,601318,14:15:07,54.1300,62,2
2026-05-21,601318,14:15:10,54.1400,170,1
2026-05-21,601318,14:15:13,54.1500,103,4
2026-05-21,601318,14:15:17,54.1300,97,2
2026-05-21,601318,14:15:20,54.1400,224,1
2026-05-21,601318,14:15:23,54.1400,178,2
2026-05-21,601318,14:15:25,54.1300,177,2
2026-05-21,601318,14:15:28,54.1400,75,1
2026-05-21,601318,14:15:32,54.1400,47,1
2026-05-21,601318,14:15:34,54.1400,148,2
2026-05-21,601318,14:15:38,54.1400,74,2
2026-05-21,601318,14:15:40,54.1500,37,1
2026-05-21,601318,14:15:43,54.1500,79,2
2026-05-21,601318,14:15:46,54.1500,24,2
2026-05-21,601318,14:15:49,54.1600,48,1
2026-05-21,601318,14:15:53,54.1500,28,2
2026-05-21,601318,14:15:55,54.1400,47,2
2026-05-21,601318,14:15:59,54.1500,102,1
2026-05-21,601318,14:16:01,54.1600,77,1
2026-05-21,601318,14:16:04,54.1500,14,4
2026-05-21,601318,14:16:08,54.1500,68,2
2026-05-21,601318,14:16:10,54.1600,35,2
2026-05-21,601318,14:16:13,54.1600,329,2
2026-05-21,601318,14:16:17,54.1600,154,2
2026-05-21,601318,14:16:19,54.1600,194,1
2026-05-21,601318,14:16:23,54.1400,292,2
2026-05-21,601318,14:16:25,54.1400,90,1
2026-05-21,601318,14:16:28,54.1300,35,2
2026-05-21,601318,14:16:32,54.1300,106,2
2026-05-21,601318,14:16:34,54.1400,79,1
2026-05-21,601318,14:16:37,54.1400,73,1
2026-05-21,601318,14:16:41,54.1400,16,2
2026-05-21,601318,14:16:43,54.1500,52,1
2026-05-21,601318,14:16:46,54.1500,21,1
2026-05-21,601318,14:16:49,54.1600,26,1
2026-05-21,601318,14:16:53,54.1600,112,1
2026-05-21,601318,14:16:56,54.1600,21,1
2026-05-21,601318,14:16:58,54.1600,19,1
2026-05-21,601318,14:17:01,54.1400,76,2
2026-05-21,601318,14:17:04,54.1600,66,1
2026-05-21,601318,14:17:07,54.1500,63,4
2026-05-21,601318,14:17:11,54.1500,99,1
2026-05-21,601318,14:17:13,54.1500,372,1
2026-05-21,601318,14:17:17,54.1600,60,1
2026-05-21,601318,14:17:19,54.1600,114,1
2026-05-21,601318,14:17:23,54.1500,16,4
2026-05-21,601318,14:17:26,54.1400,262,2
2026-05-21,601318,14:17:29,54.1500,180,1
2026-05-21,601318,14:17:32,54.1500,16,4
2026-05-21,601318,14:17:34,54.1500,8,1
2026-05-21,601318,14:17:37,54.1400,268,2
2026-05-21,601318,14:17:40,54.1400,155,1
2026-05-21,601318,14:17:44,54.1300,26,2
2026-05-21,601318,14:17:46,54.1300,72,2
2026-05-21,601318,14:17:50,54.1300,38,2
2026-05-21,601318,14:17:53,54.1300,18,2
2026-05-21,601318,14:17:56,54.1400,259,1
2026-05-21,601318,14:17:58,54.1200,655,2
2026-05-21,601318,14:18:01,54.1300,300,1
2026-05-21,601318,14:18:04,54.1200,106,2
2026-05-21,601318,14:18:07,54.1300,218,1
2026-05-21,601318,14:18:11,54.1400,141,1
2026-05-21,601318,14:18:14,54.1300,39,2
2026-05-21,601318,14:18:17,54.1400,95,1
2026-05-21,601318,14:18:20,54.1400,42,1
2026-05-21,601318,14:18:22,54.1400,317,1
2026-05-21,601318,14:18:25,54.1300,32,4
2026-05-21,601318,14:18:29,54.1400,254,1
2026-05-21,601318,14:18:31,54.1300,83,1
2026-05-21,601318,14:18:34,54.1100,143,2
2026-05-21,601318,14:18:37,54.1300,419,1
2026-05-21,601318,14:18:41,54.1500,171,1
2026-05-21,601318,14:18:43,54.1500,78,1
2026-05-21,601318,14:18:47,54.1400,19,2
2026-05-21,601318,14:18:50,54.1500,193,1
2026-05-21,601318,14:18:52,54.1500,64,1
2026-05-21,601318,14:18:55,54.1500,134,1
2026-05-21,601318,14:18:58,54.1500,183,1
2026-05-21,601318,14:19:01,54.1400,27,2
2026-05-21,601318,14:19:04,54.1400,89,2
2026-05-21,601318,14:19:07,54.1400,74,1
2026-05-21,601318,14:19:11,54.1500,62,1
2026-05-21,601318,14:19:14,54.1600,108,1
2026-05-21,601318,14:19:16,54.1600,358,1
2026-05-21,601318,14:19:19,54.1700,80,1
2026-05-21,601318,14:19:22,54.1600,26,4
2026-05-21,601318,14:19:25,54.1700,128,1
2026-05-21,601318,14:19:29,54.1700,30,1
2026-05-21,601318,14:19:31,54.1700,398,1
2026-05-21,601318,14:19:35,54.1500,340,2
2026-05-21,601318,14:19:37,54.1600,148,1
2026-05-21,601318,14:19:41,54.1600,192,2
2026-05-21,601318,14:19:44,54.1700,19,1
2026-05-21,601318,14:19:46,54.1700,151,2
2026-05-21,601318,14:19:50,54.1800,203,1
2026-05-21,601318,14:19:53,54.1800,160,1
2026-05-21,601318,14:19:56,54.1800,20,1
2026-05-21,601318,14:19:58,54.1800,106,1
2026-05-21,601318,14:20:01,54.1700,16,2
2026-05-21,601318,14:20:05,54.1500,512,2
2026-05-21,601318,14:20:07,54.1400,194,2
2026-05-21,601318,14:20:10,54.1500,57,4
2026-05-21,601318,14:20:14,54.1500,113,1
2026-05-21,601318,14:20:16,54.1400,102,2
2026-05-21,601318,14:20:19,54.1400,65,1
2026-05-21,601318,14:20:23,54.1400,330,1
2026-05-21,601318,14:20:26,54.1400,39,1
2026-05-21,601318,14:20:28,54.1500,27,1
2026-05-21,601318,14:20:31,54.1400,57,2
2026-05-21,601318,14:20:34,54.1400,376,2
2026-05-21,601318,14:20:37,54.1400,237,1
2026-05-21,601318,14:20:41,54.1400,21,2
2026-05-21,601318,14:20:43,54.1300,70,2
2026-05-21,601318,14:20:46,54.1400,387,1
2026-05-21,601318,14:20:50,54.1400,90,2
2026-05-21,601318,14:20:52,54.1400,70,1
2026-05-21,601318,14:20:55,54.1400,46,2
2026-05-21,601318,14:20:59,54.1400,138,1
2026-05-21,601318,14:21:01,54.1400,296,1
2026-05-21,601318,14:21:04,54.1400,17,1
2026-05-21,601318,14:21:07,54.1400,92,1
2026-05-21,601318,14:21:11,54.1400,88,1
2026-05-21,601318,14:21:13,54.1400,167,1
2026-05-21,601318,14:21:17,54.1300,54,2
2026-05-21,601318,14:21:20,54.1200,403,2
2026-05-21,601318,14:21:23,54.1300,421,1
2026-05-21,601318,14:21:26,54.1000,395,2
2026-05-21,601318,14:21:28,54.1000,1236,2
2026-05-21,601318,14:21:31,54.1000,136,1
2026-05-21,601318,14:21:34,54.1000,37,2
2026-05-21,601318,14:21:37,54.1400,600,1
2026-05-21,601318,14:21:40,54.1700,405,1
2026-05-21,601318,14:21:43,54.1500,110,2
2026-05-21,601318,14:21:46,54.1600,95,1
2026-05-21,601318,14:21:50,54.1700,88,1
2026-05-21,601318,14:21:53,54.1500,159,2
2026-05-21,601318,14:21:56,54.1500,133,2
2026-05-21,601318,14:21:58,54.1500,97,1
2026-05-21,601318,14:22:01,54.1600,86,1
2026-05-21,601318,14:22:05,54.1500,225,2
2026-05-21,601318,14:22:07,54.1400,72,2
2026-05-21,601318,14:22:11,54.1400,26,4
2026-05-21,601318,14:22:13,54.1400,62,1
2026-05-21,601318,14:22:16,54.1400,34,1
2026-05-21,601318,14:22:19,54.1500,81,1
2026-05-21,601318,14:22:23,54.1500,215,1
2026-05-21,601318,14:22:26,54.1600,113,1
2026-05-21,601318,14:22:29,54.1500,76,2
2026-05-21,601318,14:22:32,54.1500,84,4
2026-05-21,601318,14:22:35,54.1400,81,2
2026-05-21,601318,14:22:38,54.1400,333,1
2026-05-21,601318,14:22:40,54.1500,1370,1
2026-05-21,601318,14:22:43,54.1200,145,2
2026-05-21,601318,14:22:47,54.1500,135,1
2026-05-21,601318,14:22:49,54.1400,17,4
2026-05-21,601318,14:22:53,54.1400,31,1
2026-05-21,601318,14:22:55,54.1500,73,1
2026-05-21,601318,14:22:58,54.1400,16,4
2026-05-21,601318,14:23:02,54.1400,22,1
2026-05-21,601318,14:23:04,54.1400,34,2
2026-05-21,601318,14:23:07,54.1600,141,1
2026-05-21,601318,14:23:10,54.1500,46,4
2026-05-21,601318,14:23:13,54.1400,674,2
2026-05-21,601318,14:23:17,54.1400,106,2
2026-05-21,601318,14:23:20,54.1700,13,1
2026-05-21,601318,14:23:23,54.1500,62,2
2026-05-21,601318,14:23:25,54.1600,20,4
2026-05-21,601318,14:23:29,54.1700,175,1
2026-05-21,601318,14:23:32,54.1600,105,1
2026-05-21,601318,14:23:34,54.1600,6,1
2026-05-21,601318,14:23:38,54.1500,323,2
2026-05-21,601318,14:23:40,54.1500,232,1
2026-05-21,601318,14:23:43,54.1300,35,2
2026-05-21,601318,14:23:46,54.1300,266,2
2026-05-21,601318,14:23:49,54.1100,724,2
2026-05-21,601318,14:23:52,54.1200,103,2
2026-05-21,601318,14:23:55,54.1200,62,1
2026-05-21,601318,14:23:58,54.1200,16,2
2026-05-21,601318,14:24:01,54.1200,34,2
2026-05-21,601318,14:24:05,54.1400,195,1
2026-05-21,601318,14:24:07,54.1600,210,1
2026-05-21,601318,14:24:11,54.1600,43,1
2026-05-21,601318,14:24:13,54.1400,71,2
2026-05-21,601318,14:24:16,54.1400,97,1
2026-05-21,601318,14:24:19,54.1200,171,2
2026-05-21,601318,14:24:22,54.1200,302,1
2026-05-21,601318,14:24:26,54.1100,30,4
2026-05-21,601318,14:24:29,54.1100,84,1
2026-05-21,601318,14:24:31,54.1000,98,2
2026-05-21,601318,14:24:34,54.1100,70,2
2026-05-21,601318,14:24:38,54.1200,140,1
2026-05-21,601318,14:24:40,54.1300,92,1
2026-05-21,601318,14:24:44,54.1100,9,2
2026-05-21,601318,14:24:46,54.1200,18,1
2026-05-21,601318,14:24:49,54.1200,81,1
2026-05-21,601318,14:24:52,54.1100,14,2
2026-05-21,601318,14:24:55,54.1300,56,1
2026-05-21,601318,14:24:58,54.1100,31,2
2026-05-21,601318,14:25:01,54.0900,886,2
2026-05-21,601318,14:25:04,54.0800,1033,2
2026-05-21,601318,14:25:07,54.1000,234,1
2026-05-21,601318,14:25:11,54.1000,278,4
2026-05-21,601318,14:25:14,54.1000,29,1
2026-05-21,601318,14:25:16,54.0800,81,2
2026-05-21,601318,14:25:19,54.0800,151,2
2026-05-21,601318,14:25:23,54.0700,25,2
2026-05-21,601318,14:25:25,54.0600,250,2
2026-05-21,601318,14:25:28,54.0600,131,2
2026-05-21,601318,14:25:31,54.0600,79,2
2026-05-21,601318,14:25:34,54.0700,80,1
2026-05-21,601318,14:25:37,54.0700,288,1
2026-05-21,601318,14:25:41,54.0700,47,2
2026-05-21,601318,14:25:43,54.0700,65,1
2026-05-21,601318,14:25:46,54.0700,87,1
2026-05-21,601318,14:25:49,54.0700,67,2
2026-05-21,601318,14:25:52,54.0700,54,1
2026-05-21,601318,14:25:55,54.0800,81,1
2026-05-21,601318,14:25:58,54.0800,80,1
2026-05-21,601318,14:26:01,54.0600,117,2
2026-05-21,601318,14:26:05,54.0600,541,2
2026-05-21,601318,14:26:07,54.0600,108,1
2026-05-21,601318,14:26:10,54.0600,114,1
2026-05-21,601318,14:26:14,54.0500,37,2
2026-05-21,601318,14:26:17,54.0700,236,1
2026-05-21,601318,14:26:20,54.0600,34,4
2026-05-21,601318,14:26:23,54.0500,180,2
2026-05-21,601318,14:26:25,54.0600,221,1
2026-05-21,601318,14:26:28,54.0600,120,2
2026-05-21,601318,14:26:32,54.0600,122,2
2026-05-21,601318,14:26:34,54.0600,32,2
2026-05-21,601318,14:26:38,54.0600,236,2
2026-05-21,601318,14:26:41,54.0700,87,1
2026-05-21,601318,14:26:44,54.0600,98,2
2026-05-21,601318,14:26:47,54.0600,21,2
2026-05-21,601318,14:26:50,54.0600,76,2
2026-05-21,601318,14:26:53,54.0900,52,1
2026-05-21,601318,14:26:55,54.0700,72,2
2026-05-21,601318,14:26:58,54.0700,89,2
2026-05-21,601318,14:27:01,54.0700,43,2
2026-05-21,601318,14:27:04,54.0600,71,2
2026-05-21,601318,14:27:07,54.0400,1708,2
2026-05-21,601318,14:27:10,54.0300,784,2
2026-05-21,601318,14:27:13,54.0400,64,1
2026-05-21,601318,14:27:17,54.0300,34,2
2026-05-21,601318,14:27:20,54.0300,38,1
2026-05-21,601318,14:27:23,54.0300,34,1
2026-05-21,601318,14:27:26,54.0200,432,2
2026-05-21,601318,14:27:28,54.0300,197,1
2026-05-21,601318,14:27:32,54.0300,54,1
2026-05-21,601318,14:27:35,54.0200,31,2
2026-05-21,601318,14:27:37,54.0200,40,2
2026-05-21,601318,14:27:40,54.0100,407,2
2026-05-21,601318,14:27:43,54.0100,44,2
2026-05-21,601318,14:27:46,54.0100,39,2
2026-05-21,601318,14:27:50,54.0100,62,2
2026-05-21,601318,14:27:52,54.0300,213,1
2026-05-21,601318,14:27:55,54.0200,39,2
2026-05-21,601318,14:27:59,54.0200,25,2
2026-05-21,601318,14:28:01,54.0200,168,2
2026-05-21,601318,14:28:04,54.0200,181,2
2026-05-21,601318,14:28:07,54.0200,77,1
2026-05-21,601318,14:28:10,54.0100,111,2
2026-05-21,601318,14:28:14,54.0000,2788,2
2026-05-21,601318,14:28:16,54.0200,332,1
2026-05-21,601318,14:28:19,54.0100,343,2
2026-05-21,601318,14:28:22,54.0100,95,2
2026-05-21,601318,14:28:26,54.0100,313,2
2026-05-21,601318,14:28:28,54.0100,163,2
2026-05-21,601318,14:28:31,54.0100,29,1
2026-05-21,601318,14:28:34,54.0100,57,2
2026-05-21,601318,14:28:37,54.0000,90,2
2026-05-21,601318,14:28:41,54.0200,145,1
2026-05-21,601318,14:28:44,54.0100,18,2
2026-05-21,601318,14:28:47,54.0100,479,2
2026-05-21,601318,14:28:49,54.0200,101,1
2026-05-21,601318,14:28:52,54.0200,31,1
2026-05-21,601318,14:28:56,54.0200,128,1
2026-05-21,601318,14:28:58,54.0100,196,2
2026-05-21,601318,14:29:01,54.0100,399,1
2026-05-21,601318,14:29:04,54.0100,278,1
2026-05-21,601318,14:29:08,54.0100,98,2
2026-05-21,601318,14:29:10,54.0100,82,2
2026-05-21,601318,14:29:14,54.0200,168,1
2026-05-21,601318,14:29:16,54.0300,138,1
2026-05-21,601318,14:29:19,54.0400,154,1
2026-05-21,601318,14:29:22,54.0200,122,2
2026-05-21,601318,14:29:26,54.0200,87,2
2026-05-21,601318,14:29:28,54.0300,383,1
2026-05-21,601318,14:29:32,54.0200,262,4
2026-05-21,601318,14:29:35,54.0100,131,2
2026-05-21,601318,14:29:38,54.0200,215,4
2026-05-21,601318,14:29:40,54.0100,45,2
2026-05-21,601318,14:29:43,54.0200,209,1
2026-05-21,601318,14:29:47,54.0100,91,2
2026-05-21,601318,14:29:49,54.0200,205,1
2026-05-21,601318,14:29:52,54.0200,191,1
2026-05-21,601318,14:29:55,54.0100,254,2
2026-05-21,601318,14:29:58,54.0200,254,1
2026-05-21,601318,14:30:02,54.0100,99,2
2026-05-21,601318,14:30:05,54.0200,162,1
2026-05-21,601318,14:30:07,54.0200,245,1
2026-05-21,601318,14:30:10,54.0300,105,4
2026-05-21,601318,14:30:13,54.0300,130,2
2026-05-21,601318,14:30:17,54.0400,137,2
2026-05-21,601318,14:30:19,54.0400,350,1
2026-05-21,601318,14:30:22,54.0400,27,1
2026-05-21,601318,14:30:26,54.0200,108,2
2026-05-21,601318,14:30:29,54.0100,273,2
2026-05-21,601318,14:30:31,54.0100,833,2
2026-05-21,601318,14:30:34,54.0200,3432,1
2026-05-21,601318,14:30:37,54.0200,880,1
2026-05-21,601318,14:30:40,54.0100,184,2
2026-05-21,601318,14:30:43,54.0100,38,2
2026-05-21,601318,14:30:46,54.0200,63,1
2026-05-21,601318,14:30:49,54.0100,277,2
2026-05-21,601318,14:30:52,54.0100,190,1
2026-05-21,601318,14:30:55,54.0200,352,1
2026-05-21,601318,14:30:58,54.0100,31,2
2026-05-21,601318,14:31:01,54.0000,250,2
2026-05-21,601318,14:31:04,54.0000,29,2
2026-05-21,601318,14:31:07,54.0100,591,1
2026-05-21,601318,14:31:10,54.0100,70,1
2026-05-21,601318,14:31:14,54.0000,92,2
2026-05-21,601318,14:31:16,54.0000,112,2
2026-05-21,601318,14:31:20,54.0000,742,2
2026-05-21,601318,14:31:23,53.9800,5621,2
2026-05-21,601318,14:31:26,53.9700,197,2
2026-05-21,601318,14:31:29,53.9800,87,4
2026-05-21,601318,14:31:31,53.9900,98,1
2026-05-21,601318,14:31:34,53.9800,38,2
2026-05-21,601318,14:31:38,53.9900,151,1
2026-05-21,601318,14:31:41,53.9800,32,2
2026-05-21,601318,14:31:43,53.9800,45,2
2026-05-21,601318,14:31:46,53.9700,90,2
2026-05-21,601318,14:31:49,53.9800,90,1
2026-05-21,601318,14:31:52,53.9700,91,2
2026-05-21,601318,14:31:56,53.9700,80,2
2026-05-21,601318,14:31:58,53.9900,888,1
2026-05-21,601318,14:32:01,53.9900,97,2
2026-05-21,601318,14:32:05,53.9900,104,2
2026-05-21,601318,14:32:08,54.0100,43,1
2026-05-21,601318,14:32:10,53.9900,34,2
2026-05-21,601318,14:32:14,53.9900,20,2
2026-05-21,601318,14:32:16,53.9900,91,2
2026-05-21,601318,14:32:19,53.9900,175,2
2026-05-21,601318,14:32:22,53.9800,138,2
2026-05-21,601318,14:32:26,53.9700,83,2
2026-05-21,601318,14:32:28,53.9800,88,1
2026-05-21,601318,14:32:31,53.9700,38,2
2026-05-21,601318,14:32:35,53.9700,70,2
2026-05-21,601318,14:32:37,53.9800,345,1
2026-05-21,601318,14:32:40,53.9900,74,1
2026-05-21,601318,14:32:44,53.9800,96,2
2026-05-21,601318,14:32:46,53.9800,179,2
2026-05-21,601318,14:32:49,53.9800,35,1
2026-05-21,601318,14:32:53,53.9700,121,2
2026-05-21,601318,14:32:55,53.9700,60,1
2026-05-21,601318,14:32:58,53.9600,146,2
2026-05-21,601318,14:33:01,53.9800,92,1
2026-05-21,601318,14:33:04,53.9700,125,2
2026-05-21,601318,14:33:08,53.9700,119,1
2026-05-21,601318,14:33:11,53.9800,356,1
2026-05-21,601318,14:33:13,53.9700,77,2
2026-05-21,601318,14:33:16,53.9700,42,2
2026-05-21,601318,14:33:20,53.9900,329,1
2026-05-21,601318,14:33:23,54.0000,157,1
2026-05-21,601318,14:33:25,53.9800,287,2
2026-05-21,601318,14:33:28,53.9800,61,1
2026-05-21,601318,14:33:31,53.9800,28,1
2026-05-21,601318,14:33:35,53.9800,51,1
2026-05-21,601318,14:33:37,53.9700,197,2
2026-05-21,601318,14:33:41,53.9800,46,1
2026-05-21,601318,14:33:44,53.9800,218,2
2026-05-21,601318,14:33:47,53.9700,533,2
2026-05-21,601318,14:33:49,53.9700,50,1
2026-05-21,601318,14:33:52,53.9600,23,2
2026-05-21,601318,14:33:55,53.9700,52,1
2026-05-21,601318,14:33:58,53.9700,164,1
2026-05-21,601318,14:34:01,53.9600,146,2
2026-05-21,601318,14:34:05,53.9700,137,1
2026-05-21,601318,14:34:07,53.9700,184,2
2026-05-21,601318,14:34:10,53.9700,137,2
2026-05-21,601318,14:34:13,53.9900,161,1
2026-05-21,601318,14:34:16,53.9700,577,2
2026-05-21,601318,14:34:20,53.9600,244,2
2026-05-21,601318,14:34:23,53.9400,1567,2
2026-05-21,601318,14:34:26,53.9400,296,1
2026-05-21,601318,14:34:28,53.9400,119,2
2026-05-21,601318,14:34:31,53.9400,131,1
2026-05-21,601318,14:34:34,53.9400,187,1
2026-05-21,601318,14:34:37,53.9400,81,1
2026-05-21,601318,14:34:40,53.9600,50,1
2026-05-21,601318,14:34:44,53.9300,72,2
2026-05-21,601318,14:34:46,53.9400,33,1
2026-05-21,601318,14:34:49,53.9500,205,1
2026-05-21,601318,14:34:52,53.9400,15,2
2026-05-21,601318,14:34:56,53.9300,217,2
2026-05-21,601318,14:34:59,53.9300,73,1
2026-05-21,601318,14:35:01,53.9300,162,1
2026-05-21,601318,14:35:05,53.9300,1054,1
2026-05-21,601318,14:35:08,53.9400,118,1
2026-05-21,601318,14:35:11,53.9300,70,2
2026-05-21,601318,14:35:13,53.9100,164,2
2026-05-21,601318,14:35:16,53.9000,1836,2
2026-05-21,601318,14:35:19,53.8800,1978,2
2026-05-21,601318,14:35:22,53.8800,295,1
2026-05-21,601318,14:35:25,53.8600,937,2
2026-05-21,601318,14:35:28,53.8500,151,2
2026-05-21,601318,14:35:31,53.8700,118,1
2026-05-21,601318,14:35:34,53.8600,45,2
2026-05-21,601318,14:35:37,53.8600,67,2
2026-05-21,601318,14:35:40,53.8600,167,2
2026-05-21,601318,14:35:43,53.8600,168,1
2026-05-21,601318,14:35:47,53.8800,250,1
2026-05-21,601318,14:35:49,53.8900,485,1
2026-05-21,601318,14:35:53,53.8900,291,1
2026-05-21,601318,14:35:56,53.8800,98,2
2026-05-21,601318,14:35:58,53.8800,70,2
2026-05-21,601318,14:36:01,53.8900,72,4
2026-05-21,601318,14:36:04,53.9000,162,1
2026-05-21,601318,14:36:07,53.8900,70,4
2026-05-21,601318,14:36:10,53.8900,376,2
2026-05-21,601318,14:36:13,53.8900,87,1
2026-05-21,601318,14:36:17,53.8800,190,2
2026-05-21,601318,14:36:19,53.8700,107,2
2026-05-21,601318,14:36:22,53.8700,300,2
2026-05-21,601318,14:36:26,53.8800,97,1
2026-05-21,601318,14:36:28,53.8900,44,1
2026-05-21,601318,14:36:32,53.8900,219,1
2026-05-21,601318,14:36:34,53.9000,321,1
2026-05-21,601318,14:36:37,53.9000,97,1
2026-05-21,601318,14:36:40,53.9100,177,1
2026-05-21,601318,14:36:43,53.9100,181,4
2026-05-21,601318,14:36:47,53.9100,256,2
2026-05-21,601318,14:36:49,53.9100,127,2
2026-05-21,601318,14:36:53,53.9400,141,1
2026-05-21,601318,14:36:56,53.9200,69,2
2026-05-21,601318,14:36:59,53.9500,56,1
2026-05-21,601318,14:37:01,53.9400,279,4
2026-05-21,601318,14:37:05,53.9500,133,1
2026-05-21,601318,14:37:08,53.9500,199,1
2026-05-21,601318,14:37:10,53.9300,257,2
2026-05-21,601318,14:37:13,53.9300,176,1
2026-05-21,601318,14:37:17,53.9500,119,1
2026-05-21,601318,14:37:19,53.9600,39,1
2026-05-21,601318,14:37:23,53.9500,650,2
2026-05-21,601318,14:37:26,53.9800,203,1
2026-05-21,601318,14:37:28,53.9800,156,1
2026-05-21,601318,14:37:31,53.9800,129,1
2026-05-21,601318,14:37:35,53.9600,125,2
2026-05-21,601318,14:37:37,53.9700,131,2
2026-05-21,601318,14:37:40,53.9800,90,1
2026-05-21,601318,14:37:43,53.9700,57,1
2026-05-21,601318,14:37:47,53.9700,113,1
2026-05-21,601318,14:37:49,53.9800,94,1
2026-05-21,601318,14:37:52,53.9800,18,4
2026-05-21,601318,14:37:56,53.9900,42,1
2026-05-21,601318,14:37:58,53.9900,79,1
2026-05-21,601318,14:38:01,53.9700,543,2
2026-05-21,601318,14:38:04,53.9700,292,2
2026-05-21,601318,14:38:07,53.9700,360,1
2026-05-21,601318,14:38:10,53.9800,146,1
2026-05-21,601318,14:38:13,53.9800,17,2
2026-05-21,601318,14:38:17,53.9900,292,1
2026-05-21,601318,14:38:19,53.9900,478,1
2026-05-21,601318,14:38:22,53.9900,91,1
2026-05-21,601318,14:38:25,53.9900,55,1
2026-05-21,601318,14:38:29,53.9900,238,2
2026-05-21,601318,14:38:32,53.9900,171,2
2026-05-21,601318,14:38:35,53.9900,97,1
2026-05-21,601318,14:38:37,53.9800,189,2
2026-05-21,601318,14:38:40,53.9800,69,1
2026-05-21,601318,14:38:43,53.9800,92,2
2026-05-21,601318,14:38:47,53.9800,365,1
2026-05-21,601318,14:38:50,53.9800,388,2
2026-05-21,601318,14:38:53,53.9800,163,1
2026-05-21,601318,14:38:55,53.9400,746,2
2026-05-21,601318,14:38:59,53.9500,179,1
2026-05-21,601318,14:39:01,53.9400,310,4
2026-05-21,601318,14:39:04,53.9300,84,2
2026-05-21,601318,14:39:08,53.9200,107,4
2026-05-21,601318,14:39:11,53.9000,153,2
2026-05-21,601318,14:39:14,53.9000,1080,2
2026-05-21,601318,14:39:17,53.8800,430,2
2026-05-21,601318,14:39:20,53.8600,600,2
2026-05-21,601318,14:39:22,53.9000,70,1
2026-05-21,601318,14:39:26,53.9000,21,1
2026-05-21,601318,14:39:28,53.9000,152,1
2026-05-21,601318,14:39:32,53.9000,78,2
2026-05-21,601318,14:39:35,53.9100,38,1
2026-05-21,601318,14:39:38,53.9000,99,2
2026-05-21,601318,14:39:40,53.9000,101,2
2026-05-21,601318,14:39:43,53.9100,254,1
2026-05-21,601318,14:39:47,53.9200,136,1
2026-05-21,601318,14:39:49,53.9300,59,1
2026-05-21,601318,14:39:53,53.9300,61,4
2026-05-21,601318,14:39:56,53.9300,57,2
2026-05-21,601318,14:39:58,53.9300,67,2
2026-05-21,601318,14:40:01,53.9300,115,2
2026-05-21,601318,14:40:04,53.9500,154,1
2026-05-21,601318,14:40:07,53.9300,60,2
2026-05-21,601318,14:40:11,53.9500,715,1
2026-05-21,601318,14:40:14,53.9100,245,2
2026-05-21,601318,14:40:16,53.9100,242,2
2026-05-21,601318,14:40:20,53.9100,252,2
2026-05-21,601318,14:40:23,53.9100,50,1
2026-05-21,601318,14:40:26,53.9100,69,1
2026-05-21,601318,14:40:29,53.9100,101,1
2026-05-21,601318,14:40:31,53.9100,72,2
2026-05-21,601318,14:40:35,53.9200,60,1
2026-05-21,601318,14:40:37,53.9100,90,2
2026-05-21,601318,14:40:41,53.9200,18,1
2026-05-21,601318,14:40:44,53.9200,241,1
2026-05-21,601318,14:40:47,53.9200,250,4
2026-05-21,601318,14:40:50,53.9200,40,2
2026-05-21,601318,14:40:52,53.9200,62,2
2026-05-21,601318,14:40:56,53.9300,394,1
2026-05-21,601318,14:40:59,53.9300,107,1
2026-05-21,601318,14:41:01,53.9300,214,1
2026-05-21,601318,14:41:05,53.9300,1673,1
2026-05-21,601318,14:41:07,53.9300,33,1
2026-05-21,601318,14:41:11,53.9100,106,2
2026-05-21,601318,14:41:14,53.8900,153,2
2026-05-21,601318,14:41:17,53.8800,236,2
2026-05-21,601318,14:41:20,53.8900,272,1
2026-05-21,601318,14:41:23,53.8800,373,2
2026-05-21,601318,14:41:26,53.8600,1552,2
2026-05-21,601318,14:41:29,53.8600,1417,1
2026-05-21,601318,14:41:31,53.8600,302,1
2026-05-21,601318,14:41:34,53.8500,268,2
2026-05-21,601318,14:41:38,53.8500,170,1
2026-05-21,601318,14:41:41,53.8500,325,1
2026-05-21,601318,14:41:43,53.8500,62,1
2026-05-21,601318,14:41:47,53.8600,96,1
2026-05-21,601318,14:41:50,53.8600,37,1
2026-05-21,601318,14:41:52,53.8500,96,2
2026-05-21,601318,14:41:55,53.8500,37,2
2026-05-21,601318,14:41:59,53.8600,29,1
2026-05-21,601318,14:42:01,53.8600,151,1
2026-05-21,601318,14:42:05,53.8600,234,1
2026-05-21,601318,14:42:08,53.8600,105,1
2026-05-21,601318,14:42:10,53.8600,335,1
2026-05-21,601318,14:42:14,53.8600,120,1
2026-05-21,601318,14:42:17,53.8500,125,2
2026-05-21,601318,14:42:19,53.8500,87,1
2026-05-21,601318,14:42:23,53.8500,125,2
2026-05-21,601318,14:42:25,53.8500,265,2
2026-05-21,601318,14:42:28,53.8300,246,2
2026-05-21,601318,14:42:31,53.8400,344,4
2026-05-21,601318,14:42:34,53.8400,21,2
2026-05-21,601318,14:42:37,53.8400,35,2
2026-05-21,601318,14:42:40,53.8400,68,1
2026-05-21,601318,14:42:44,53.8400,46,1
2026-05-21,601318,14:42:47,53.8400,194,1
2026-05-21,601318,14:42:49,53.8400,91,2
2026-05-21,601318,14:42:53,53.8500,109,1
2026-05-21,601318,14:42:55,53.8500,20,1
2026-05-21,601318,14:42:59,53.8500,242,1
2026-05-21,601318,14:43:01,53.8500,103,2
2026-05-21,601318,14:43:05,53.8500,84,2
2026-05-21,601318,14:43:08,53.8500,52,1
2026-05-21,601318,14:43:10,53.8500,78,1
2026-05-21,601318,14:43:13,53.8500,162,1
2026-05-21,601318,14:43:16,53.8500,232,1
2026-05-21,601318,14:43:19,53.8500,109,1
2026-05-21,601318,14:43:22,53.8500,88,1
2026-05-21,601318,14:43:26,53.8400,163,2
2026-05-21,601318,14:43:28,53.8400,168,2
2026-05-21,601318,14:43:31,53.8400,111,1
2026-05-21,601318,14:43:34,53.8400,177,1
2026-05-21,601318,14:43:38,53.8500,19,1
2026-05-21,601318,14:43:41,53.8500,35,1
2026-05-21,601318,14:43:43,53.8400,416,2
2026-05-21,601318,14:43:46,53.8300,494,2
2026-05-21,601318,14:43:50,53.8300,425,2
2026-05-21,601318,14:43:52,53.8300,274,2
2026-05-21,601318,14:43:55,53.8500,425,1
2026-05-21,601318,14:43:58,53.8400,98,2
2026-05-21,601318,14:44:01,53.8400,41,2
2026-05-21,601318,14:44:04,53.8500,47,1
2026-05-21,601318,14:44:08,53.8400,110,2
2026-05-21,601318,14:44:11,53.8400,103,2
2026-05-21,601318,14:44:13,53.8300,439,2
2026-05-21,601318,14:44:16,53.8400,440,1
2026-05-21,601318,14:44:19,53.8400,77,2
2026-05-21,601318,14:44:22,53.8500,1538,1
2026-05-21,601318,14:44:26,53.8700,80,1
2026-05-21,601318,14:44:28,53.8700,45,1
2026-05-21,601318,14:44:32,53.8700,110,2
2026-05-21,601318,14:44:34,53.8800,175,1
2026-05-21,601318,14:44:37,53.8800,78,2
2026-05-21,601318,14:44:41,53.8900,46,1
2026-05-21,601318,14:44:43,53.8900,176,1
2026-05-21,601318,14:44:47,53.8800,134,2
2026-05-21,601318,14:44:49,53.9100,151,1
2026-05-21,601318,14:44:53,53.9100,87,2
2026-05-21,601318,14:44:55,53.9100,83,1
2026-05-21,601318,14:44:58,53.9200,89,1
2026-05-21,601318,14:45:02,53.9100,328,2
2026-05-21,601318,14:45:05,53.8900,147,2
2026-05-21,601318,14:45:07,53.9300,280,1
2026-05-21,601318,14:45:11,53.9300,47,1
2026-05-21,601318,14:45:14,53.9300,406,1
2026-05-21,601318,14:45:16,53.9200,268,2
2026-05-21,601318,14:45:19,53.9100,137,2
2026-05-21,601318,14:45:22,53.9000,270,2
2026-05-21,601318,14:45:25,53.9000,30,4
2026-05-21,601318,14:45:28,53.8900,196,2
2026-05-21,601318,14:45:31,53.9100,81,1
2026-05-21,601318,14:45:34,53.8900,179,2
2026-05-21,601318,14:45:37,53.9000,42,1
2026-05-21,601318,14:45:40,53.9000,114,1
2026-05-21,601318,14:45:43,53.9000,29,1
2026-05-21,601318,14:45:46,53.8900,203,2
2026-05-21,601318,14:45:49,53.8800,203,2
2026-05-21,601318,14:45:53,53.8800,257,2
2026-05-21,601318,14:45:56,53.8800,142,2
2026-05-21,601318,14:45:58,53.8800,57,1
2026-05-21,601318,14:46:01,53.8800,278,1
2026-05-21,601318,14:46:05,53.8800,57,1
2026-05-21,601318,14:46:07,53.8800,136,1
2026-05-21,601318,14:46:10,53.8800,74,1
2026-05-21,601318,14:46:13,53.8800,53,1
2026-05-21,601318,14:46:16,53.8700,124,2
2026-05-21,601318,14:46:19,53.8600,306,2
2026-05-21,601318,14:46:22,53.8300,717,2
2026-05-21,601318,14:46:26,53.8300,251,2
2026-05-21,601318,14:46:28,53.8300,74,2
2026-05-21,601318,14:46:31,53.8400,92,1
2026-05-21,601318,14:46:34,53.8400,37,1
2026-05-21,601318,14:46:37,53.8300,209,2
2026-05-21,601318,14:46:40,53.8400,148,1
2026-05-21,601318,14:46:43,53.8300,349,2
2026-05-21,601318,14:46:46,53.8300,328,1
2026-05-21,601318,14:46:49,53.8300,141,1
2026-05-21,601318,14:46:52,53.8200,195,2
2026-05-21,601318,14:46:55,53.8300,123,1
2026-05-21,601318,14:46:58,53.8200,258,2
2026-05-21,601318,14:47:01,53.8300,238,1
2026-05-21,601318,14:47:04,53.8300,91,2
2026-05-21,601318,14:47:07,53.8400,104,1
2026-05-21,601318,14:47:10,53.8300,173,2
2026-05-21,601318,14:47:14,53.8300,206,1
2026-05-21,601318,14:47:16,53.8300,196,1
2026-05-21,601318,14:47:20,53.8300,304,1
2026-05-21,601318,14:47:23,53.8300,70,1
2026-05-21,601318,14:47:25,53.8400,176,1
2026-05-21,601318,14:47:28,53.8400,42,1
2026-05-21,601318,14:47:32,53.8400,260,1
2026-05-21,601318,14:47:35,53.8600,122,1
2026-05-21,601318,14:47:37,53.8700,338,1
2026-05-21,601318,14:47:40,53.8700,96,2
2026-05-21,601318,14:47:43,53.8800,87,1
2026-05-21,601318,14:47:46,53.8800,323,1
2026-05-21,601318,14:47:49,53.8600,138,2
2026-05-21,601318,14:47:52,53.8700,73,1
2026-05-21,601318,14:47:55,53.8600,51,2
2026-05-21,601318,14:47:58,53.8600,57,1
2026-05-21,601318,14:48:01,53.8500,257,2
2026-05-21,601318,14:48:05,53.8500,262,1
2026-05-21,601318,14:48:07,53.8600,151,1
2026-05-21,601318,14:48:11,53.8500,183,2
2026-05-21,601318,14:48:14,53.8500,240,1
2026-05-21,601318,14:48:16,53.8400,104,2
2026-05-21,601318,14:48:20,53.8500,107,1
2026-05-21,601318,14:48:22,53.8400,36,2
2026-05-21,601318,14:48:25,53.8300,760,2
2026-05-21,601318,14:48:29,53.8300,226,1
2026-05-21,601318,14:48:31,53.8300,64,1
2026-05-21,601318,14:48:34,53.8300,154,1
2026-05-21,601318,14:48:37,53.8400,94,1
2026-05-21,601318,14:48:40,53.8300,66,2
2026-05-21,601318,14:48:43,53.8300,57,2
2026-05-21,601318,14:48:46,53.8300,40,2
2026-05-21,601318,14:48:49,53.8300,53,2
2026-05-21,601318,14:48:52,53.8400,57,1
2026-05-21,601318,14:48:56,53.8400,1249,1
2026-05-21,601318,14:48:58,53.8300,320,2
2026-05-21,601318,14:49:01,53.8200,94,2
2026-05-21,601318,14:49:04,53.8200,185,2
2026-05-21,601318,14:49:07,53.8200,882,2
2026-05-21,601318,14:49:10,53.8200,300,1
2026-05-21,601318,14:49:13,53.8200,176,1
2026-05-21,601318,14:49:16,53.8100,276,2
2026-05-21,601318,14:49:19,53.8200,124,1
2026-05-21,601318,14:49:23,53.8200,60,1
2026-05-21,601318,14:49:25,53.8200,133,1
2026-05-21,601318,14:49:28,53.8200,103,1
2026-05-21,601318,14:49:31,53.8100,1069,2
2026-05-21,601318,14:49:35,53.8200,253,1
2026-05-21,601318,14:49:37,53.8100,183,2
2026-05-21,601318,14:49:41,53.8200,261,1
2026-05-21,601318,14:49:43,53.8100,363,2
2026-05-21,601318,14:49:47,53.8000,161,2
2026-05-21,601318,14:49:50,53.8100,288,1
2026-05-21,601318,14:49:53,53.8100,90,1
2026-05-21,601318,14:49:55,53.8200,206,1
2026-05-21,601318,14:49:58,53.8100,44,2
2026-05-21,601318,14:50:01,53.8100,192,2
2026-05-21,601318,14:50:05,53.8200,133,1
2026-05-21,601318,14:50:07,53.8200,237,1
2026-05-21,601318,14:50:11,53.8200,233,1
2026-05-21,601318,14:50:13,53.8200,296,1
2026-05-21,601318,14:50:17,53.8100,382,2
2026-05-21,601318,14:50:19,53.8000,1102,2
2026-05-21,601318,14:50:22,53.8000,746,2
2026-05-21,601318,14:50:26,53.8100,440,1
2026-05-21,601318,14:50:28,53.8100,251,1
2026-05-21,601318,14:50:31,53.8100,315,1
2026-05-21,601318,14:50:35,53.8300,531,1
2026-05-21,601318,14:50:37,53.8100,185,2
2026-05-21,601318,14:50:41,53.8200,263,4
2026-05-21,601318,14:50:44,53.8200,74,1
2026-05-21,601318,14:50:46,53.8200,219,1
2026-05-21,601318,14:50:49,53.8200,209,1
2026-05-21,601318,14:50:52,53.8200,326,1
2026-05-21,601318,14:50:55,53.8600,383,1
2026-05-21,601318,14:50:58,53.8900,266,1
2026-05-21,601318,14:51:02,53.8900,300,1
2026-05-21,601318,14:51:04,53.8800,338,4
2026-05-21,601318,14:51:08,53.8800,78,1
2026-05-21,601318,14:51:11,53.8500,70,2
2026-05-21,601318,14:51:13,53.8500,66,2
2026-05-21,601318,14:51:17,53.8400,124,2
2026-05-21,601318,14:51:19,53.8300,140,2
2026-05-21,601318,14:51:23,53.8400,169,1
2026-05-21,601318,14:51:25,53.8400,92,1
2026-05-21,601318,14:51:28,53.8400,135,1
2026-05-21,601318,14:51:32,53.8200,209,2
2026-05-21,601318,14:51:34,53.8100,2072,2
2026-05-21,601318,14:51:37,53.8100,1057,2
2026-05-21,601318,14:51:40,53.8100,213,1
2026-05-21,601318,14:51:44,53.7800,4913,2
2026-05-21,601318,14:51:46,53.7900,369,1
2026-05-21,601318,14:51:49,53.7700,1196,2
2026-05-21,601318,14:51:53,53.7700,265,1
2026-05-21,601318,14:51:55,53.7700,119,2
2026-05-21,601318,14:51:59,53.7800,373,1
2026-05-21,601318,14:52:01,53.7700,198,2
2026-05-21,601318,14:52:04,53.7800,488,1
2026-05-21,601318,14:52:07,53.7800,38,2
2026-05-21,601318,14:52:11,53.7800,46,2
2026-05-21,601318,14:52:13,53.7700,68,2
2026-05-21,601318,14:52:16,53.7700,49,2
2026-05-21,601318,14:52:20,53.7800,351,1
2026-05-21,601318,14:52:22,53.7700,75,2
2026-05-21,601318,14:52:25,53.7800,46,1
2026-05-21,601318,14:52:28,53.7800,85,1
2026-05-21,601318,14:52:31,53.7800,228,1
2026-05-21,601318,14:52:35,53.7500,745,2
2026-05-21,601318,14:52:37,53.7500,440,2
2026-05-21,601318,14:52:40,53.7400,203,4
2026-05-21,601318,14:52:43,53.7500,102,1
2026-05-21,601318,14:52:46,53.7500,116,1
2026-05-21,601318,14:52:49,53.7500,181,1
2026-05-21,601318,14:52:52,53.7400,182,2
2026-05-21,601318,14:52:55,53.7400,94,1
2026-05-21,601318,14:52:58,53.7400,62,1
2026-05-21,601318,14:53:02,53.7300,141,2
2026-05-21,601318,14:53:04,53.7400,255,4
2026-05-21,601318,14:53:08,53.7400,228,2
2026-05-21,601318,14:53:10,53.7600,96,1
2026-05-21,601318,14:53:13,53.7500,86,2
2026-05-21,601318,14:53:16,53.7500,63,1
2026-05-21,601318,14:53:19,53.7500,92,1
2026-05-21,601318,14:53:23,53.7500,136,1
2026-05-21,601318,14:53:25,53.7500,249,1
2026-05-21,601318,14:53:29,53.7500,147,1
2026-05-21,601318,14:53:31,53.7500,108,1
2026-05-21,601318,14:53:34,53.7500,216,1
2026-05-21,601318,14:53:38,53.7500,216,1
2026-05-21,601318,14:53:41,53.7500,194,1
2026-05-21,601318,14:53:43,53.7400,225,2
2026-05-21,601318,14:53:46,53.7400,511,2
2026-05-21,601318,14:53:49,53.7400,314,1
2026-05-21,601318,14:53:52,53.7400,210,2
2026-05-21,601318,14:53:55,53.7500,111,1
2026-05-21,601318,14:53:58,53.7400,239,2
2026-05-21,601318,14:54:01,53.7400,226,1
2026-05-21,601318,14:54:04,53.7400,485,1
2026-05-21,601318,14:54:07,53.7400,145,1
2026-05-21,601318,14:54:10,53.7400,72,1
2026-05-21,601318,14:54:13,53.7500,331,1
2026-05-21,601318,14:54:16,53.7400,116,2
2026-05-21,601318,14:54:19,53.7500,288,1
2026-05-21,601318,14:54:22,53.7500,415,1
2026-05-21,601318,14:54:25,53.7500,67,2
2026-05-21,601318,14:54:28,53.7500,198,2
2026-05-21,601318,14:54:32,53.7400,112,2
2026-05-21,601318,14:54:34,53.7500,230,1
2026-05-21,601318,14:54:37,53.7500,469,1
2026-05-21,601318,14:54:40,53.7400,633,2
2026-05-21,601318,14:54:43,53.7400,89,2
2026-05-21,601318,14:54:46,53.7300,1300,2
2026-05-21,601318,14:54:49,53.7400,215,1
2026-05-21,601318,14:54:52,53.7400,56,4
2026-05-21,601318,14:54:55,53.7400,119,2
2026-05-21,601318,14:54:58,53.7400,27,1
2026-05-21,601318,14:55:02,53.7200,1328,2
2026-05-21,601318,14:55:04,53.7200,355,2
2026-05-21,601318,14:55:07,53.7300,148,1
2026-05-21,601318,14:55:10,53.7400,79,1
2026-05-21,601318,14:55:13,53.7200,889,2
2026-05-21,601318,14:55:17,53.7100,489,2
2026-05-21,601318,14:55:19,53.7000,443,2
2026-05-21,601318,14:55:23,53.7000,554,2
2026-05-21,601318,14:55:25,53.7100,167,1
2026-05-21,601318,14:55:29,53.6900,1859,2
2026-05-21,601318,14:55:31,53.6800,469,2
2026-05-21,601318,14:55:34,53.7000,399,1
2026-05-21,601318,14:55:37,53.7100,142,1
2026-05-21,601318,14:55:41,53.6900,91,2
2026-05-21,601318,14:55:43,53.7000,172,1
2026-05-21,601318,14:55:47,53.7200,384,1
2026-05-21,601318,14:55:49,53.7300,33,1
2026-05-21,601318,14:55:53,53.7300,72,1
2026-05-21,601318,14:55:56,53.7300,77,1
2026-05-21,601318,14:55:58,53.7300,137,1
2026-05-21,601318,14:56:01,53.7400,442,1
2026-05-21,601318,14:56:05,53.7400,322,2
2026-05-21,601318,14:56:07,53.7500,267,1
2026-05-21,601318,14:56:10,53.7500,39,1
2026-05-21,601318,14:56:13,53.7500,163,1
2026-05-21,601318,14:56:16,53.7500,111,2
2026-05-21,601318,14:56:19,53.7700,210,1
2026-05-21,601318,14:56:22,53.7700,67,2
2026-05-21,601318,14:56:26,53.7700,197,2
2026-05-21,601318,14:56:28,53.7700,175,1
2026-05-21,601318,14:56:32,53.7600,370,2
2026-05-21,601318,14:56:35,53.7600,230,2
2026-05-21,601318,14:56:37,53.7800,501,1
2026-05-21,601318,14:56:41,53.7800,589,2
2026-05-21,601318,14:56:44,53.7800,149,1
2026-05-21,601318,14:56:46,53.7800,67,1
2026-05-21,601318,14:56:50,53.7800,179,1
2026-05-21,601318,14:56:52,53.7800,161,2
2026-05-21,601318,14:56:56,53.7900,185,1
2026-05-21,601318,14:56:58,53.7900,102,1
2026-05-21,601318,14:57:01,53.8000,36,1
2026-05-21,601318,15:00:03,53.7600,9157,4
2026-05-21,601318,13:17:01,54.3200,271,2
2026-05-21,601318,13:17:04,54.3100,96,2
2026-05-21,601318,13:17:07,54.3200,15,4
2026-05-21,601318,13:17:10,54.3200,3,2
2026-05-21,601318,13:17:13,54.3200,298,2
2026-05-21,601318,13:17:17,54.3200,33,2
2026-05-21,601318,13:17:20,54.3300,50,1
2026-05-21,601318,13:17:22,54.3200,203,2
2026-05-21,601318,13:17:26,54.3200,65,2
2026-05-21,601318,13:17:29,54.3300,148,1
2026-05-21,601318,13:17:31,54.3300,239,1
2026-05-21,601318,13:17:34,54.3200,106,2
2026-05-21,601318,13:17:37,54.3300,158,2
2026-05-21,601318,13:17:40,54.3300,89,2
2026-05-21,601318,13:17:44,54.3200,68,2
2026-05-21,601318,13:17:46,54.3500,154,1
2026-05-21,601318,13:17:50,54.3200,72,2
2026-05-21,601318,13:17:52,54.3300,239,1
2026-05-21,601318,13:17:56,54.3200,463,2
2026-05-21,601318,13:17:58,54.3100,51,2
2026-05-21,601318,13:18:02,54.3100,223,2
2026-05-21,601318,13:18:04,54.3100,130,2
2026-05-21,601318,13:18:07,54.3000,102,2
2026-05-21,601318,13:18:11,54.3000,111,2
2026-05-21,601318,13:18:14,54.3000,2003,2
2026-05-21,601318,13:18:17,54.3000,654,2
2026-05-21,601318,13:18:19,54.2900,96,2
2026-05-21,601318,13:18:22,54.2900,314,2
2026-05-21,601318,13:18:26,54.3000,262,1
2026-05-21,601318,13:18:29,54.2900,293,2
2026-05-21,601318,13:18:31,54.2900,127,2
2026-05-21,601318,13:18:35,54.3000,70,1
2026-05-21,601318,13:18:37,54.3000,48,1
2026-05-21,601318,13:18:41,54.2900,61,2
2026-05-21,601318,13:18:44,54.2900,535,2
2026-05-21,601318,13:18:46,54.2900,53,2
2026-05-21,601318,13:18:50,54.2900,95,2
2026-05-21,601318,13:18:52,54.2900,129,2
2026-05-21,601318,13:18:55,54.2900,88,1
2026-05-21,601318,13:18:58,54.2800,260,2
2026-05-21,601318,13:19:01,54.2800,149,2
2026-05-21,601318,13:19:05,54.2900,87,1
2026-05-21,601318,13:19:07,54.2900,49,1
2026-05-21,601318,13:19:10,54.2800,36,2
2026-05-21,601318,13:19:13,54.2800,107,2
2026-05-21,601318,13:19:16,54.2800,45,2
2026-05-21,601318,13:19:19,54.2800,27,2
2026-05-21,601318,13:19:22,54.2900,112,1
2026-05-21,601318,13:19:26,54.2800,130,2
2026-05-21,601318,13:19:28,54.2900,105,1
2026-05-21,601318,13:19:31,54.2900,66,1
2026-05-21,601318,13:19:34,54.2800,65,2
2026-05-21,601318,13:19:38,54.2800,55,2
2026-05-21,601318,13:19:40,54.2900,14,1
2026-05-21,601318,13:19:44,54.2900,75,1
2026-05-21,601318,13:19:47,54.2800,199,2
2026-05-21,601318,13:19:50,54.2800,249,1
2026-05-21,601318,13:19:52,54.2900,358,1
2026-05-21,601318,13:19:56,54.2900,337,1
2026-05-21,601318,13:19:59,54.2800,342,2
2026-05-21,601318,13:20:02,54.2800,219,2
2026-05-21,601318,13:20:04,54.2800,294,1
2026-05-21,601318,13:20:07,54.2800,156,2
2026-05-21,601318,13:20:10,54.2900,18,1
2026-05-21,601318,13:20:13,54.2700,230,2
2026-05-21,601318,13:20:16,54.2700,107,1
2026-05-21,601318,13:20:19,54.2600,55,2
2026-05-21,601318,13:20:22,54.2700,293,1
2026-05-21,601318,13:20:26,54.2500,473,2
2026-05-21,601318,13:20:28,54.2500,207,2
2026-05-21,601318,13:20:32,54.2600,427,1
2026-05-21,601318,13:20:35,54.2600,14,2
2026-05-21,601318,13:20:37,54.2700,320,1
2026-05-21,601318,13:20:41,54.2700,25,1
2026-05-21,601318,13:20:44,54.2700,139,1
2026-05-21,601318,13:20:46,54.2600,154,2
2026-05-21,601318,13:20:49,54.2700,86,1
2026-05-21,601318,13:20:53,54.2700,157,1
2026-05-21,601318,13:20:56,54.2700,112,1
2026-05-21,601318,13:20:59,54.2700,120,2
2026-05-21,601318,13:21:02,54.2700,76,2
2026-05-21,601318,13:21:05,54.2700,200,2
2026-05-21,601318,13:21:07,54.2700,194,2
2026-05-21,601318,13:21:10,54.2700,177,1
2026-05-21,601318,13:21:13,54.2600,73,2
2026-05-21,601318,13:21:17,54.2600,87,1
2026-05-21,601318,13:21:19,54.2600,49,1
2026-05-21,601318,13:21:23,54.2500,384,2
2026-05-21,601318,13:21:25,54.2500,153,2
2026-05-21,601318,13:21:28,54.2500,187,1
2026-05-21,601318,13:21:31,54.2400,212,2
2026-05-21,601318,13:21:34,54.2500,230,1
2026-05-21,601318,13:21:38,54.2400,469,2
2026-05-21,601318,13:21:40,54.2400,20,1
2026-05-21,601318,13:21:43,54.2400,351,1
2026-05-21,601318,13:21:46,54.2400,37,1
2026-05-21,601318,13:21:50,54.2400,357,1
2026-05-21,601318,13:21:52,54.2300,256,2
2026-05-21,601318,13:21:56,54.2400,99,1
2026-05-21,601318,13:21:59,54.2400,128,1
2026-05-21,601318,13:22:01,54.2400,15,2
2026-05-21,601318,13:22:04,54.2400,445,2
2026-05-21,601318,13:22:07,54.2500,309,1
2026-05-21,601318,13:22:11,54.2500,72,1
2026-05-21,601318,13:22:14,54.2400,199,2
2026-05-21,601318,13:22:17,54.2500,180,1
2026-05-21,601318,13:22:19,54.2400,73,4
2026-05-21,601318,13:22:22,54.2400,189,1
2026-05-21,601318,13:22:26,54.2300,159,2
2026-05-21,601318,13:22:29,54.2300,52,1
2026-05-21,601318,13:22:32,54.2200,224,2
2026-05-21,601318,13:22:35,54.2300,29,2
2026-05-21,601318,13:22:37,54.2300,67,1
2026-05-21,601318,13:22:40,54.2400,413,1
2026-05-21,601318,13:22:44,54.2400,81,2
2026-05-21,601318,13:22:46,54.2400,12,2
2026-05-21,601318,13:22:50,54.2500,57,1
2026-05-21,601318,13:22:52,54.2400,135,2
2026-05-21,601318,13:22:56,54.2400,113,2
2026-05-21,601318,13:22:58,54.2400,45,1
2026-05-21,601318,13:23:01,54.2400,38,1
2026-05-21,601318,13:23:04,54.2300,257,2
2026-05-21,601318,13:23:08,54.2400,10,2
2026-05-21,601318,13:23:10,54.2500,16,1
2026-05-21,601318,13:23:13,54.2400,981,2
2026-05-21,601318,13:23:17,54.2400,21,1
2026-05-21,601318,13:23:19,54.2200,802,2
2026-05-21,601318,13:23:22,54.2200,126,1
2026-05-21,601318,13:23:25,54.2200,759,1
2026-05-21,601318,13:23:29,54.2100,826,2
2026-05-21,601318,13:23:31,54.2100,608,1
2026-05-21,601318,13:23:34,54.1800,869,2
2026-05-21,601318,13:23:37,54.1900,74,4
2026-05-21,601318,13:23:41,54.1900,309,1
2026-05-21,601318,13:23:43,54.1800,85,2
2026-05-21,601318,13:23:46,54.1800,36,1
2026-05-21,601318,13:23:49,54.1700,273,2
2026-05-21,601318,13:23:52,54.1700,213,2
2026-05-21,601318,13:23:55,54.1700,82,1
2026-05-21,601318,13:23:58,54.1600,276,2
2026-05-21,601318,13:24:02,54.1700,202,1
2026-05-21,601318,13:24:05,54.1800,180,1
2026-05-21,601318,13:24:07,54.1700,41,2
2026-05-21,601318,13:24:10,54.1700,46,2
2026-05-21,601318,13:24:14,54.1700,74,2
2026-05-21,601318,13:24:17,54.1800,66,1
2026-05-21,601318,13:24:20,54.1800,86,1
2026-05-21,601318,13:24:23,54.1900,164,1
2026-05-21,601318,13:24:25,54.1800,100,2
2026-05-21,601318,13:24:29,54.1800,88,1
2026-05-21,601318,13:24:31,54.1800,82,2
2026-05-21,601318,13:24:34,54.1800,191,2
2026-05-21,601318,13:24:37,54.1800,125,2
2026-05-21,601318,13:24:40,54.1900,71,1
2026-05-21,601318,13:24:44,54.1900,83,2
2026-05-21,601318,13:24:46,54.1900,203,1
2026-05-21,601318,13:24:50,54.1900,216,1
2026-05-21,601318,13:24:53,54.1800,351,2
2026-05-21,601318,13:24:55,54.1900,134,1
2026-05-21,601318,13:24:58,54.1900,198,1
2026-05-21,601318,13:25:02,54.1900,315,1
2026-05-21,601318,13:25:04,54.1900,304,1
2026-05-21,601318,13:25:08,54.1900,135,1
2026-05-21,601318,13:25:10,54.1900,38,2
2026-05-21,601318,13:25:13,54.1900,68,2
2026-05-21,601318,13:25:16,54.1900,59,2
2026-05-21,601318,13:25:20,54.2000,150,1
2026-05-21,601318,13:25:23,54.1900,116,2
2026-05-21,601318,13:25:25,54.1900,161,1
2026-05-21,601318,13:25:28,54.1900,431,1
2026-05-21,601318,13:25:31,54.1800,157,2
2026-05-21,601318,13:25:35,54.1600,367,2
2026-05-21,601318,13:25:38,54.1600,82,2
2026-05-21,601318,13:25:40,54.1600,210,2
2026-05-21,601318,13:25:43,54.1600,422,1
2026-05-21,601318,13:25:47,54.1600,313,1
2026-05-21,601318,13:25:49,54.1600,45,1
2026-05-21,601318,13:25:52,54.1500,57,2
2026-05-21,601318,13:25:56,54.1500,103,2
2026-05-21,601318,13:25:58,54.1600,14,1
2026-05-21,601318,13:26:02,54.1500,216,2
2026-05-21,601318,13:26:04,54.1500,366,1
2026-05-21,601318,13:26:07,54.1400,208,2
2026-05-21,601318,13:26:10,54.1400,85,2
2026-05-21,601318,13:26:13,54.1500,90,1
2026-05-21,601318,13:26:16,54.1300,716,2
2026-05-21,601318,13:26:20,54.1300,110,1
2026-05-21,601318,13:26:22,54.1200,442,2
2026-05-21,601318,13:26:25,54.1200,529,2
2026-05-21,601318,13:26:29,54.1200,40,1
2026-05-21,601318,13:26:31,54.1300,745,1
2026-05-21,601318,13:26:34,54.1100,779,2
2026-05-21,601318,13:26:37,54.1200,157,1
2026-05-21,601318,13:26:41,54.1200,146,1
2026-05-21,601318,13:26:44,54.1100,63,2
2026-05-21,601318,13:26:47,54.1200,18,1
2026-05-21,601318,13:26:49,54.1200,400,1
2026-05-21,601318,13:26:53,54.1200,306,1
2026-05-21,601318,13:26:55,54.1200,268,1
2026-05-21,601318,13:26:58,54.1300,70,1
2026-05-21,601318,13:27:01,54.1200,92,2
2026-05-21,601318,13:27:05,54.1100,115,2
2026-05-21,601318,13:27:07,54.1100,113,2
2026-05-21,601318,13:27:11,54.1200,294,1
2026-05-21,601318,13:27:14,54.1100,142,2
2026-05-21,601318,13:27:16,54.1100,181,1
2026-05-21,601318,13:27:19,54.1200,66,1
2026-05-21,601318,13:27:22,54.1200,52,1
2026-05-21,601318,13:27:25,54.1300,56,1
2026-05-21,601318,13:27:28,54.1300,61,1
2026-05-21,601318,13:27:31,54.1200,57,2
2026-05-21,601318,13:27:34,54.1300,142,1
2026-05-21,601318,13:27:38,54.1300,81,1
2026-05-21,601318,13:27:41,54.1200,479,2
2026-05-21,601318,13:27:43,54.1100,746,2
2026-05-21,601318,13:27:46,54.1200,63,1
2026-05-21,601318,13:27:50,54.1200,332,1
2026-05-21,601318,13:27:52,54.1100,521,2
2026-05-21,601318,13:27:56,54.1100,157,2
2026-05-21,601318,13:27:59,54.1100,58,1
2026-05-21,601318,13:28:02,54.1100,54,1
2026-05-21,601318,13:28:05,54.1200,57,1
2026-05-21,601318,13:28:07,54.1200,28,1
2026-05-21,601318,13:28:10,54.1100,105,2
2026-05-21,601318,13:28:13,54.1100,155,2
2026-05-21,601318,13:28:16,54.1100,35,2
2026-05-21,601318,13:28:20,54.1100,59,2
2026-05-21,601318,13:28:22,54.1100,309,2
2026-05-21,601318,13:28:25,54.1200,222,1
2026-05-21,601318,13:28:29,54.1100,58,2
2026-05-21,601318,13:28:31,54.1100,92,2
2026-05-21,601318,13:28:34,54.1200,244,1
2026-05-21,601318,13:28:37,54.1200,46,2
2026-05-21,601318,13:28:40,54.1300,67,1
2026-05-21,601318,13:28:44,54.1300,105,1
2026-05-21,601318,13:28:46,54.1300,151,1
2026-05-21,601318,13:28:49,54.1400,83,1
2026-05-21,601318,13:28:52,54.1300,38,4
2026-05-21,601318,13:28:56,54.1500,91,1
2026-05-21,601318,13:28:59,54.1400,124,2
2026-05-21,601318,13:29:02,54.1500,27,1
2026-05-21,601318,13:29:04,54.1500,294,1
2026-05-21,601318,13:29:08,54.1400,263,2
2026-05-21,601318,13:29:10,54.1400,94,1
2026-05-21,601318,13:29:13,54.1300,461,2
2026-05-21,601318,13:29:17,54.1400,96,4
2026-05-21,601318,13:29:19,54.1300,80,2
2026-05-21,601318,13:29:22,54.1300,98,2
2026-05-21,601318,13:29:26,54.1400,408,1
2026-05-21,601318,13:29:29,54.1300,244,2
2026-05-21,601318,13:29:32,54.1300,116,2
2026-05-21,601318,13:29:34,54.1100,399,2
2026-05-21,601318,13:29:38,54.1200,56,1
2026-05-21,601318,13:29:41,54.1000,1168,2
2026-05-21,601318,13:29:43,54.1100,414,1
2026-05-21,601318,13:29:46,54.1000,704,2
2026-05-21,601318,13:29:50,54.1000,1074,2
2026-05-21,601318,13:29:52,54.1000,134,1
2026-05-21,601318,13:29:55,54.1000,33,1
2026-05-21,601318,13:29:59,54.1000,76,1
2026-05-21,601318,13:30:01,54.0900,63,2
2026-05-21,601318,13:30:04,54.0900,45,2
2026-05-21,601318,13:30:07,54.0900,250,2
2026-05-21,601318,13:30:11,54.1100,661,1
2026-05-21,601318,13:30:13,54.1100,92,2
2026-05-21,601318,13:30:17,54.1400,7,1
2026-05-21,601318,13:30:19,54.1200,156,2
2026-05-21,601318,13:30:23,54.1200,51,2
2026-05-21,601318,13:30:26,54.1500,283,1
2026-05-21,601318,13:30:29,54.1400,119,2
2026-05-21,601318,13:30:32,54.1400,36,2
2026-05-21,601318,13:30:34,54.1600,49,1
2026-05-21,601318,13:30:38,54.1700,253,1
2026-05-21,601318,13:30:40,54.1800,36,4
2026-05-21,601318,13:30:43,54.1900,126,1
2026-05-21,601318,13:30:46,54.2000,79,1
2026-05-21,601318,13:30:50,54.2000,56,1
2026-05-21,601318,13:30:52,54.2000,95,1
2026-05-21,601318,13:30:56,54.2000,281,1
2026-05-21,601318,13:30:59,54.2300,41,1
2026-05-21,601318,13:31:01,54.2200,121,4
2026-05-21,601318,13:31:05,54.2300,87,1
2026-05-21,601318,13:31:07,54.2200,540,2
2026-05-21,601318,13:31:11,54.2200,100,1
2026-05-21,601318,13:31:13,54.2100,104,2
2026-05-21,601318,13:31:16,54.2100,34,2
2026-05-21,601318,13:31:19,54.2200,120,1
2026-05-21,601318,13:31:23,54.2100,93,2
2026-05-21,601318,13:31:26,54.2100,153,2
2026-05-21,601318,13:31:28,54.2100,26,2
2026-05-21,601318,13:31:31,54.2200,63,1
2026-05-21,601318,13:31:35,54.2200,213,1
2026-05-21,601318,13:31:38,54.2100,15,4
2026-05-21,601318,13:31:41,54.2100,49,1
2026-05-21,601318,13:31:44,54.2000,38,2
2026-05-21,601318,13:31:46,54.2100,134,1
2026-05-21,601318,13:31:49,54.1900,105,2
2026-05-21,601318,13:31:52,54.2100,21,2
2026-05-21,601318,13:31:55,54.2200,102,1
2026-05-21,601318,13:31:59,54.2200,138,1
2026-05-21,601318,13:32:01,54.1900,251,2
2026-05-21,601318,13:32:05,54.1900,31,2
2026-05-21,601318,13:32:08,54.2100,37,1
2026-05-21,601318,13:32:10,54.2200,83,1
2026-05-21,601318,13:32:13,54.1800,72,2
2026-05-21,601318,13:32:16,54.2000,35,1
2026-05-21,601318,13:32:19,54.1800,79,2
2026-05-21,601318,13:32:22,54.2000,65,1
2026-05-21,601318,13:32:25,54.1800,111,2
2026-05-21,601318,13:32:28,54.2000,91,1
2026-05-21,601318,13:32:31,54.1900,167,2
2026-05-21,601318,13:32:34,54.1800,144,2
2026-05-21,601318,13:32:37,54.2100,165,1
2026-05-21,601318,13:32:41,54.2300,386,1
2026-05-21,601318,13:32:43,54.2400,121,1
2026-05-21,601318,13:32:47,54.2400,17,2
2026-05-21,601318,13:32:49,54.2600,49,1
2026-05-21,601318,13:32:53,54.2600,72,2
2026-05-21,601318,13:32:56,54.2600,158,2
2026-05-21,601318,13:32:58,54.2500,79,2
2026-05-21,601318,13:33:02,54.2400,75,2
2026-05-21,601318,13:33:05,54.2400,76,2
2026-05-21,601318,13:33:07,54.2500,9,1
2026-05-21,601318,13:33:11,54.2400,146,2
2026-05-21,601318,13:33:14,54.2400,72,1
2026-05-21,601318,13:33:16,54.2300,60,2
2026-05-21,601318,13:33:19,54.2300,58,1
2026-05-21,601318,13:33:22,54.2300,11,1
2026-05-21,601318,13:33:25,54.2400,200,1
2026-05-21,601318,13:33:28,54.2200,31,2
2026-05-21,601318,13:33:31,54.2200,83,2
2026-05-21,601318,13:33:34,54.2200,37,2
2026-05-21,601318,13:33:37,54.2100,148,2
2026-05-21,601318,13:33:40,54.2000,16,2
2026-05-21,601318,13:33:43,54.2100,105,4
2026-05-21,601318,13:33:47,54.2000,179,4
2026-05-21,601318,13:33:49,54.1800,98,2
2026-05-21,601318,13:33:53,54.2000,49,1
2026-05-21,601318,13:33:55,54.1800,40,2
2026-05-21,601318,13:33:58,54.2000,59,1
2026-05-21,601318,13:34:01,54.2000,72,4
2026-05-21,601318,13:34:05,54.2000,23,2
2026-05-21,601318,13:34:07,54.2100,33,1
2026-05-21,601318,13:34:10,54.2100,114,1
2026-05-21,601318,13:34:13,54.2000,105,2
2026-05-21,601318,13:34:16,54.2100,83,4
2026-05-21,601318,13:34:20,54.2100,116,2
2026-05-21,601318,13:34:22,54.2200,148,4
2026-05-21,601318,13:34:26,54.2000,127,2
2026-05-21,601318,13:34:29,54.2000,106,2
2026-05-21,601318,13:34:31,54.1900,124,2
2026-05-21,601318,13:34:34,54.1800,207,2
2026-05-21,601318,13:34:38,54.1900,31,1
2026-05-21,601318,13:34:41,54.1900,27,1
2026-05-21,601318,13:34:43,54.1800,74,2
2026-05-21,601318,13:34:47,54.1900,108,1
2026-05-21,601318,13:34:50,54.1900,50,1
2026-05-21,601318,13:34:52,54.1800,83,2
2026-05-21,601318,13:34:56,54.1800,44,2
2026-05-21,601318,13:34:58,54.1900,237,1
2026-05-21,601318,13:35:02,54.1900,111,2
2026-05-21,601318,13:35:04,54.1800,73,2
2026-05-21,601318,13:35:07,54.1800,25,2
2026-05-21,601318,13:35:10,54.1800,109,2
2026-05-21,601318,13:35:14,54.1900,21,1
2026-05-21,601318,13:35:16,54.1700,192,2
2026-05-21,601318,13:35:19,54.1600,122,2
2026-05-21,601318,13:35:22,54.1700,14,1
2026-05-21,601318,13:35:26,54.1500,148,2
2026-05-21,601318,13:35:28,54.1600,26,2
2026-05-21,601318,13:35:32,54.1600,74,1
2026-05-21,601318,13:35:34,54.1500,138,2
2026-05-21,601318,13:35:37,54.1500,69,1
2026-05-21,601318,13:35:41,54.1400,120,2
2026-05-21,601318,13:35:44,54.1600,56,1
2026-05-21,601318,13:35:46,54.1500,39,2
2026-05-21,601318,13:35:49,54.1700,174,1
2026-05-21,601318,13:35:52,54.1700,177,2
2026-05-21,601318,13:35:55,54.1700,74,1
2026-05-21,601318,13:35:58,54.1700,12,1
2026-05-21,601318,13:36:01,54.1700,115,1
2026-05-21,601318,13:36:04,54.1600,25,2
2026-05-21,601318,13:36:07,54.1700,47,4
2026-05-21,601318,13:36:10,54.1700,40,1
2026-05-21,601318,13:36:13,54.1700,188,1
2026-05-21,601318,13:36:16,54.1600,102,4
2026-05-21,601318,13:36:19,54.1600,9,4
2026-05-21,601318,13:36:23,54.1600,72,2
2026-05-21,601318,13:36:26,54.1600,169,1
2026-05-21,601318,13:36:28,54.1600,15,2
2026-05-21,601318,13:36:31,54.1600,22,2
2026-05-21,601318,13:36:34,54.1600,41,2
2026-05-21,601318,13:36:37,54.1600,16,2
2026-05-21,601318,13:36:41,54.1600,37,2
2026-05-21,601318,13:36:43,54.1700,61,1
2026-05-21,601318,13:36:46,54.1800,130,1
2026-05-21,601318,13:36:49,54.1800,48,2
2026-05-21,601318,13:36:52,54.1800,62,2
2026-05-21,601318,13:36:55,54.1700,167,2
2026-05-21,601318,13:36:59,54.1900,22,1
2026-05-21,601318,13:37:01,54.1900,119,2
2026-05-21,601318,13:37:04,54.1800,126,2
2026-05-21,601318,13:37:08,54.1900,56,1
2026-05-21,601318,13:37:11,54.1800,251,2
2026-05-21,601318,13:37:13,54.2000,98,1
2026-05-21,601318,13:37:16,54.2000,245,1
2026-05-21,601318,13:37:19,54.2000,43,1
2026-05-21,601318,13:37:22,54.2000,109,2
2026-05-21,601318,13:37:26,54.1900,134,2
2026-05-21,601318,13:37:28,54.2000,33,1
2026-05-21,601318,13:37:31,54.1900,164,2
2026-05-21,601318,13:37:34,54.1900,24,2
2026-05-21,601318,13:37:37,54.1900,12,2
2026-05-21,601318,13:37:41,54.2000,51,4
2026-05-21,601318,13:37:43,54.2000,66,2
2026-05-21,601318,13:37:46,54.2100,58,1
2026-05-21,601318,13:37:50,54.2100,10,1
2026-05-21,601318,13:37:52,54.2000,119,2
2026-05-21,601318,13:37:56,54.1900,97,2
2026-05-21,601318,13:37:59,54.1900,119,2
2026-05-21,601318,13:38:02,54.1900,196,2
2026-05-21,601318,13:38:05,54.1800,137,2
2026-05-21,601318,13:38:07,54.1800,58,2
2026-05-21,601318,13:38:10,54.1800,116,2
2026-05-21,601318,13:38:13,54.1800,55,2
2026-05-21,601318,13:38:16,54.1800,177,1
2026-05-21,601318,13:38:19,54.1700,93,2
2026-05-21,601318,13:38:22,54.1600,145,2
2026-05-21,601318,13:38:26,54.1600,109,2
2026-05-21,601318,13:38:29,54.1500,19,2
2026-05-21,601318,13:38:32,54.1500,72,2
2026-05-21,601318,13:38:35,54.1500,68,2
2026-05-21,601318,13:38:37,54.1400,39,2
2026-05-21,601318,13:38:41,54.1500,188,1
2026-05-21,601318,13:38:43,54.1400,140,2
2026-05-21,601318,13:38:46,54.1300,106,2
2026-05-21,601318,13:38:49,54.1300,25,2
2026-05-21,601318,13:38:53,54.1300,112,2
2026-05-21,601318,13:38:55,54.1300,74,2
2026-05-21,601318,13:38:59,54.1300,67,1
2026-05-21,601318,13:39:01,54.1300,236,1
2026-05-21,601318,13:39:05,54.1300,242,2
2026-05-21,601318,13:39:07,54.1400,17,1
2026-05-21,601318,13:39:10,54.1400,106,1
2026-05-21,601318,13:39:13,54.1400,116,1
2026-05-21,601318,13:39:16,54.1300,105,2
2026-05-21,601318,13:39:19,54.1300,41,1
2026-05-21,601318,13:39:22,54.1200,188,2
2026-05-21,601318,13:39:26,54.1400,84,1
2026-05-21,601318,13:39:29,54.1200,21,2
2026-05-21,601318,13:39:31,54.1300,27,1
2026-05-21,601318,13:39:34,54.1200,43,2
2026-05-21,601318,13:39:38,54.1200,31,2
2026-05-21,601318,13:39:40,54.1200,144,2
2026-05-21,601318,13:39:44,54.1200,269,2
2026-05-21,601318,13:39:46,54.1200,136,2
2026-05-21,601318,13:39:49,54.1100,52,2
2026-05-21,601318,13:39:53,54.1200,802,1
2026-05-21,601318,13:39:56,54.1200,195,2
2026-05-21,601318,13:39:58,54.1300,42,1
2026-05-21,601318,13:40:01,54.1200,84,2
2026-05-21,601318,13:40:04,54.1200,148,2
2026-05-21,601318,13:40:07,54.1300,74,1
2026-05-21,601318,13:40:10,54.1200,90,2
2026-05-21,601318,13:40:13,54.1300,62,1
2026-05-21,601318,13:40:16,54.1300,113,1
2026-05-21,601318,13:40:20,54.1400,97,1
2026-05-21,601318,13:40:23,54.1200,90,2
2026-05-21,601318,13:40:26,54.1300,81,1
2026-05-21,601318,13:40:28,54.1400,29,1
2026-05-21,601318,13:40:31,54.1400,111,1
2026-05-21,601318,13:40:35,54.1300,178,2
2026-05-21,601318,13:40:37,54.1300,79,4
2026-05-21,601318,13:40:40,54.1200,172,2
2026-05-21,601318,13:40:43,54.1300,258,4
2026-05-21,601318,13:40:47,54.1100,515,2
2026-05-21,601318,13:40:49,54.1100,154,2
2026-05-21,601318,13:40:52,54.1100,419,2
2026-05-21,601318,13:40:55,54.1200,616,4
2026-05-21,601318,13:40:58,54.1200,53,1
2026-05-21,601318,13:41:01,54.1300,126,1
2026-05-21,601318,13:41:04,54.1300,44,4
2026-05-21,601318,13:41:07,54.1400,49,1
2026-05-21,601318,13:41:11,54.1500,87,1
2026-05-21,601318,13:41:13,54.1400,69,2
2026-05-21,601318,13:41:16,54.1400,78,2
2026-05-21,601318,13:41:19,54.1500,24,1
2026-05-21,601318,13:41:22,54.1400,50,2
2026-05-21,601318,13:41:26,54.1500,107,1
2026-05-21,601318,13:41:29,54.1500,16,2
2026-05-21,601318,13:41:31,54.1500,103,2
2026-05-21,601318,13:41:34,54.1500,105,2
2026-05-21,601318,13:41:38,54.1500,40,1
2026-05-21,601318,13:41:40,54.1500,28,1
2026-05-21,601318,13:41:43,54.1500,283,1
2026-05-21,601318,13:41:46,54.1400,31,2
2026-05-21,601318,13:41:49,54.1400,67,1
2026-05-21,601318,13:41:53,54.1400,234,1
2026-05-21,601318,13:41:56,54.1400,205,1
2026-05-21,601318,13:41:58,54.1400,94,1
2026-05-21,601318,13:42:02,54.1400,28,1
2026-05-21,601318,13:42:05,54.1400,57,2
2026-05-21,601318,13:42:07,54.1400,23,1
2026-05-21,601318,13:42:11,54.1400,68,1
2026-05-21,601318,13:42:14,54.1400,135,1
2026-05-21,601318,13:42:16,54.1300,210,2
2026-05-21,601318,13:42:20,54.1200,69,2
2026-05-21,601318,13:42:22,54.1300,187,1
2026-05-21,601318,13:42:25,54.1300,111,1
2026-05-21,601318,13:42:28,54.1300,6,2
2026-05-21,601318,13:42:31,54.1400,5,1
2026-05-21,601318,13:42:34,54.1300,17,2
2026-05-21,601318,13:42:37,54.1300,77,2
2026-05-21,601318,13:42:41,54.1300,50,1
2026-05-21,601318,13:42:43,54.1300,89,2
2026-05-21,601318,13:42:46,54.1300,332,1
2026-05-21,601318,13:42:49,54.1400,70,1
2026-05-21,601318,13:42:53,54.1200,269,2
2026-05-21,601318,13:42:55,54.1300,254,2
2026-05-21,601318,13:42:58,54.1400,39,1
2026-05-21,601318,13:43:01,54.1400,23,1
2026-05-21,601318,13:43:04,54.1300,83,2
2026-05-21,601318,13:43:07,54.1300,81,2
2026-05-21,601318,13:43:10,54.1300,26,1
2026-05-21,601318,13:43:14,54.1300,186,1
2026-05-21,601318,13:43:16,54.1100,203,2
2026-05-21,601318,13:43:19,54.1100,205,2
2026-05-21,601318,13:43:22,54.1300,17,1
2026-05-21,601318,13:43:26,54.1200,1218,4
2026-05-21,601318,13:43:29,54.1200,17,2
2026-05-21,601318,13:43:31,54.1200,4,2
2026-05-21,601318,13:43:34,54.1200,37,2
2026-05-21,601318,13:43:37,54.1200,134,2
2026-05-21,601318,13:43:40,54.1100,264,2
2026-05-21,601318,13:43:44,54.1100,213,2
2026-05-21,601318,13:43:46,54.1200,177,2
2026-05-21,601318,13:43:49,54.1300,28,1
2026-05-21,601318,13:43:53,54.1100,164,2
2026-05-21,601318,13:43:55,54.1100,471,2
2026-05-21,601318,13:43:58,54.1200,51,1
2026-05-21,601318,13:44:02,54.1100,98,2
2026-05-21,601318,13:44:05,54.1200,65,1
2026-05-21,601318,13:44:07,54.1100,100,2
2026-05-21,601318,13:44:11,54.1100,28,1
2026-05-21,601318,13:44:13,54.1100,40,2
2026-05-21,601318,13:44:16,54.1100,54,2
2026-05-21,601318,13:44:19,54.1200,444,1
2026-05-21,601318,13:44:22,54.1100,81,2
2026-05-21,601318,13:44:26,54.1100,347,2
2026-05-21,601318,13:44:28,54.1100,78,2
2026-05-21,601318,13:44:32,54.1100,116,2
2026-05-21,601318,13:44:35,54.1200,75,4
2026-05-21,601318,13:44:37,54.1200,184,2
2026-05-21,601318,13:44:40,54.1200,67,1
2026-05-21,601318,13:44:43,54.1200,49,1
2026-05-21,601318,13:44:47,54.1200,77,1
2026-05-21,601318,13:44:49,54.1100,62,2
2026-05-21,601318,13:44:53,54.1200,4,1
2026-05-21,601318,13:44:55,54.1100,265,2
2026-05-21,601318,13:44:59,54.1200,18,1
2026-05-21,601318,13:45:01,54.1200,61,1
2026-05-21,601318,13:45:04,54.1200,204,1
2026-05-21,601318,13:45:07,54.1200,238,1
2026-05-21,601318,13:45:10,54.1100,179,2
2026-05-21,601318,13:45:14,54.1100,414,2
2026-05-21,601318,13:45:16,54.1000,145,2
2026-05-21,601318,13:45:19,54.1200,20,4
2026-05-21,601318,13:45:22,54.1100,179,2
2026-05-21,601318,13:45:26,54.1100,131,2
2026-05-21,601318,13:45:29,54.1200,143,1
2026-05-21,601318,13:45:31,54.1200,210,1
2026-05-21,601318,13:45:34,54.1200,76,1
2026-05-21,601318,13:45:38,54.1200,159,1
2026-05-21,601318,13:45:40,54.1100,16,2
2026-05-21,601318,13:45:44,54.1000,81,2
2026-05-21,601318,13:45:46,54.1200,66,1
2026-05-21,601318,13:45:49,54.1200,17,1
2026-05-21,601318,13:45:53,54.1100,19,2
2026-05-21,601318,13:45:55,54.1200,50,1
2026-05-21,601318,13:45:58,54.1100,44,2
2026-05-21,601318,13:46:02,54.1100,243,2
2026-05-21,601318,13:46:04,54.1100,241,2
2026-05-21,601318,13:46:07,54.1200,219,1
2026-05-21,601318,13:46:11,54.1200,71,1
2026-05-21,601318,13:46:14,54.1200,131,1
2026-05-21,601318,13:46:16,54.1200,57,1
2026-05-21,601318,13:46:20,54.1200,56,1
2026-05-21,601318,13:46:22,54.1200,165,1
2026-05-21,601318,13:46:25,54.1100,409,2
2026-05-21,601318,13:46:28,54.1100,228,2
2026-05-21,601318,13:46:32,54.1200,46,1
2026-05-21,601318,13:46:34,54.1100,98,2
2026-05-21,601318,13:46:37,54.1000,91,2
2026-05-21,601318,13:46:41,54.1000,123,2
2026-05-21,601318,13:46:44,54.1100,206,1
2026-05-21,601318,13:46:47,54.1100,78,1
2026-05-21,601318,13:46:49,54.1200,265,1
2026-05-21,601318,13:46:53,54.1200,75,1
2026-05-21,601318,13:46:56,54.1100,37,2
2026-05-21,601318,13:46:58,54.1100,50,2
2026-05-21,601318,13:47:01,54.1200,513,1
2026-05-21,601318,13:47:04,54.1200,686,4
2026-05-21,601318,13:47:07,54.1300,1245,1
2026-05-21,601318,13:47:11,54.1200,12,2
2026-05-21,601318,13:47:13,54.1100,98,2
2026-05-21,601318,13:47:16,54.1100,134,2
2026-05-21,601318,13:47:19,54.1300,30,1
2026-05-21,601318,13:47:23,54.1200,57,2
2026-05-21,601318,13:47:25,54.1100,122,2
2026-05-21,601318,13:47:28,54.1100,168,2
2026-05-21,601318,13:47:32,54.1200,34,1
2026-05-21,601318,13:47:35,54.1000,362,2
2026-05-21,601318,13:47:38,54.1000,121,2
2026-05-21,601318,13:47:40,54.1000,103,2
2026-05-21,601318,13:47:44,54.1000,193,2
2026-05-21,601318,13:47:47,54.1000,269,2
2026-05-21,601318,13:47:49,54.1000,1046,2
2026-05-21,601318,13:47:52,54.1000,411,2
2026-05-21,601318,13:47:56,54.0900,251,2
2026-05-21,601318,13:47:58,54.1000,64,1
2026-05-21,601318,13:48:01,54.1000,42,2
2026-05-21,601318,13:48:04,54.1100,13,1
2026-05-21,601318,13:48:07,54.1100,595,1
2026-05-21,601318,13:48:11,54.1100,30,1
2026-05-21,601318,13:48:13,54.1100,4,2
2026-05-21,601318,13:48:16,54.1100,59,2
2026-05-21,601318,13:48:20,54.1100,87,1
2026-05-21,601318,13:48:22,54.1100,5,1
2026-05-21,601318,13:48:25,54.1000,82,2
2026-05-21,601318,13:48:28,54.1100,25,1
2026-05-21,601318,13:48:31,54.1100,37,1
2026-05-21,601318,13:48:34,54.1100,40,1
2026-05-21,601318,13:48:37,54.1100,35,1
2026-05-21,601318,13:48:41,54.1100,273,1
2026-05-21,601318,13:48:43,54.1000,37,2
2026-05-21,601318,13:48:47,54.1100,69,1
2026-05-21,601318,13:48:49,54.1100,64,1
2026-05-21,601318,13:48:53,54.1100,40,1
2026-05-21,601318,13:48:55,54.1000,27,2
2026-05-21,601318,13:48:58,54.0900,510,2
2026-05-21,601318,13:49:01,54.1000,96,1
2026-05-21,601318,13:49:04,54.1000,17,1
2026-05-21,601318,13:49:08,54.1000,221,1
2026-05-21,601318,13:49:10,54.1000,39,1
2026-05-21,601318,13:49:13,54.0900,72,2
2026-05-21,601318,13:49:16,54.1000,319,1
2026-05-21,601318,13:49:19,54.1000,135,1
2026-05-21,601318,13:49:23,54.1000,62,2
2026-05-21,601318,13:49:25,54.1000,19,1
2026-05-21,601318,13:49:28,54.1000,12,2
2026-05-21,601318,13:49:31,54.1000,24,2
2026-05-21,601318,13:49:34,54.1000,88,2
2026-05-21,601318,13:49:38,54.1100,110,1
2026-05-21,601318,13:49:40,54.0900,62,2
2026-05-21,601318,13:49:43,54.1000,49,4
2026-05-21,601318,13:49:47,54.0900,73,2
2026-05-21,601318,13:49:49,54.1100,19,1
2026-05-21,601318,13:49:53,54.1000,18,2
2026-05-21,601318,13:49:56,54.1100,38,1
2026-05-21,601318,13:49:58,54.1400,1132,1
2026-05-21,601318,13:50:01,54.1400,63,1
2026-05-21,601318,13:50:04,54.1400,35,1
2026-05-21,601318,13:50:08,54.1400,149,2
2026-05-21,601318,13:50:11,54.1400,111,1
2026-05-21,601318,13:50:14,54.1300,233,2
2026-05-21,601318,13:50:16,54.1300,87,1
2026-05-21,601318,13:50:20,54.1200,37,2
2026-05-21,601318,13:50:22,54.1200,51,1
2026-05-21,601318,13:50:26,54.1200,334,2
2026-05-21,601318,13:50:28,54.1200,26,2
2026-05-21,601318,13:50:32,54.1200,49,2
2026-05-21,601318,13:50:34,54.1200,329,1
2026-05-21,601318,13:50:37,54.1100,245,2
2026-05-21,601318,13:50:40,54.1100,70,1
2026-05-21,601318,13:50:43,54.1100,2,1
2026-05-21,601318,13:50:46,54.1100,25,1
2026-05-21,601318,13:50:49,54.1100,104,1
2026-05-21,601318,13:50:53,54.1100,1,1
2026-05-21,601318,13:50:55,54.1000,224,2
2026-05-21,601318,13:50:58,54.1000,57,1
2026-05-21,601318,13:51:01,54.0900,12,2
2026-05-21,601318,13:51:04,54.1000,128,1
2026-05-21,601318,13:51:07,54.0900,44,2
2026-05-21,601318,13:51:11,54.0900,5,2
2026-05-21,601318,13:51:13,54.0900,58,2
2026-05-21,601318,13:51:16,54.0900,53,2
2026-05-21,601318,13:51:19,54.1000,1088,1
2026-05-21,601318,13:51:23,54.1100,61,1
2026-05-21,601318,13:51:25,54.1000,19,2
2026-05-21,601318,13:51:28,54.1100,65,1
2026-05-21,601318,13:51:32,54.1100,19,1
2026-05-21,601318,13:51:34,54.1100,9,1
2026-05-21,601318,13:51:38,54.1100,183,1
2026-05-21,601318,13:51:40,54.1000,40,2
2026-05-21,601318,13:51:46,54.1000,291,2
2026-05-21,601318,13:51:49,54.1100,94,1
2026-05-21,601318,13:51:52,54.1100,49,1
2026-05-21,601318,13:51:55,54.1100,22,1
2026-05-21,601318,13:51:59,54.1100,23,1
2026-05-21,601318,13:52:02,54.1100,50,1
2026-05-21,601318,13:52:04,54.1000,21,2
2026-05-21,601318,13:52:07,54.1100,80,1
2026-05-21,601318,13:52:10,54.1100,107,1
2026-05-21,601318,13:52:13,54.1100,7,1
2026-05-21,601318,13:52:16,54.1000,56,2
2026-05-21,601318,13:52:20,54.1100,31,1
2026-05-21,601318,13:52:22,54.1100,8,1
2026-05-21,601318,13:52:25,54.1000,88,2
2026-05-21,601318,13:52:28,54.1100,11,1
2026-05-21,601318,13:52:31,54.1300,854,1
2026-05-21,601318,13:52:35,54.1200,688,2
2026-05-21,601318,13:52:37,54.1200,105,2
2026-05-21,601318,13:52:40,54.1500,59,1
2026-05-21,601318,13:52:44,54.1300,81,2
2026-05-21,601318,13:52:46,54.1200,87,1
2026-05-21,601318,13:52:49,54.1200,100,2
2026-05-21,601318,13:52:53,54.1300,10,1
2026-05-21,601318,13:52:55,54.1300,125,1
2026-05-21,601318,13:52:58,54.1200,70,2
2026-05-21,601318,13:53:01,54.1200,55,2
2026-05-21,601318,13:53:05,54.1100,302,2
2026-05-21,601318,13:53:08,54.1100,92,2
2026-05-21,601318,13:53:10,54.1100,54,1
2026-05-21,601318,13:53:13,54.1100,17,1
2026-05-21,601318,13:53:17,54.1000,78,2
2026-05-21,601318,13:53:20,54.1100,113,1
2026-05-21,601318,13:53:22,54.1100,12,1
2026-05-21,601318,13:53:26,54.1100,181,1
2026-05-21,601318,13:53:29,54.1100,145,1
2026-05-21,601318,13:53:32,54.1200,39,1
2026-05-21,601318,13:53:34,54.1100,13,2
2026-05-21,601318,13:53:38,54.1100,384,2
2026-05-21,601318,13:53:40,54.1200,21,1
2026-05-21,601318,13:53:43,54.1200,106,1
2026-05-21,601318,13:53:46,54.1300,456,1
2026-05-21,601318,13:53:49,54.1100,237,2
2026-05-21,601318,13:53:53,54.1300,26,1
2026-05-21,601318,13:53:56,54.1500,352,1
2026-05-21,601318,13:53:58,54.1300,59,2
2026-05-21,601318,13:54:01,54.1300,9,1
2026-05-21,601318,13:54:05,54.1300,112,2
2026-05-21,601318,13:54:08,54.1300,91,4
2026-05-21,601318,13:54:11,54.1200,49,4
2026-05-21,601318,13:54:13,54.1200,144,2
2026-05-21,601318,13:54:16,54.1000,547,2
2026-05-21,601318,13:54:19,54.1100,30,4
2026-05-21,601318,13:54:22,54.1100,107,1
2026-05-21,601318,13:54:25,54.1100,9,1
2026-05-21,601318,13:54:29,54.1100,161,1
2026-05-21,601318,13:54:32,54.1100,9,4
2026-05-21,601318,13:54:35,54.1100,35,2
2026-05-21,601318,13:54:37,54.1100,99,2
2026-05-21,601318,13:54:40,54.1100,4,2
2026-05-21,601318,13:54:43,54.1100,91,2
2026-05-21,601318,13:54:46,54.1100,154,2
2026-05-21,601318,13:54:49,54.1200,141,1
2026-05-21,601318,13:54:52,54.1200,17,1
2026-05-21,601318,13:54:56,54.1100,55,2
2026-05-21,601318,13:54:59,54.1100,100,2
2026-05-21,601318,13:55:01,54.1200,27,1
2026-05-21,601318,13:55:05,54.1100,50,2
2026-05-21,601318,13:55:08,54.1100,18,2
2026-05-21,601318,13:55:10,54.1100,153,1
2026-05-21,601318,13:55:13,54.1000,98,2
2026-05-21,601318,13:55:16,54.1100,68,1
2026-05-21,601318,13:55:22,54.1100,77,2
2026-05-21,601318,13:55:26,54.1100,161,2
2026-05-21,601318,13:55:29,54.1100,49,2
2026-05-21,601318,13:55:32,54.1200,254,1
2026-05-21,601318,13:55:34,54.1100,11,4
2026-05-21,601318,13:55:37,54.1200,38,1
2026-05-21,601318,13:55:41,54.1200,29,1
2026-05-21,601318,13:55:44,54.1100,46,2
2026-05-21,601318,13:55:46,54.1100,307,2
2026-05-21,601318,13:55:49,54.1100,226,1
2026-05-21,601318,13:55:53,54.1100,68,1
2026-05-21,601318,13:55:55,54.1100,45,1
2026-05-21,601318,13:55:58,54.1200,116,1
2026-05-21,601318,13:56:01,54.1200,27,1
2026-05-21,601318,13:56:05,54.1100,118,2
2026-05-21,601318,13:56:08,54.1100,54,1
2026-05-21,601318,13:56:10,54.1200,14,1
2026-05-21,601318,13:56:13,54.1100,17,2
2026-05-21,601318,13:56:16,54.1100,128,2
2026-05-21,601318,13:56:19,54.1100,119,2
2026-05-21,601318,13:56:22,54.1100,113,1
2026-05-21,601318,13:56:25,54.1100,61,1
2026-05-21,601318,13:56:28,54.1100,131,2
2026-05-21,601318,13:56:31,54.1100,23,2
2026-05-21,601318,13:56:34,54.1100,11,2
2026-05-21,601318,13:56:38,54.1100,65,2
2026-05-21,601318,13:56:41,54.1100,103,2
2026-05-21,601318,13:56:43,54.1100,69,2
2026-05-21,601318,13:56:46,54.1100,892,2
2026-05-21,601318,13:56:50,54.1100,312,2
2026-05-21,601318,13:56:53,54.1200,72,1
2026-05-21,601318,13:56:56,54.1200,60,1
2026-05-21,601318,13:56:59,54.1200,1,1
2026-05-21,601318,13:57:02,54.1200,3,1
2026-05-21,601318,13:57:05,54.1100,16,2
2026-05-21,601318,13:57:07,54.1100,79,2
2026-05-21,601318,13:57:10,54.1100,75,1
2026-05-21,601318,13:57:14,54.1100,115,1
2026-05-21,601318,13:57:16,54.1100,87,1
2026-05-21,601318,13:57:19,54.1100,29,1
2026-05-21,601318,13:57:23,54.1100,282,1
2026-05-21,601318,13:57:25,54.1100,51,1
2026-05-21,601318,13:57:28,54.1000,719,2
2026-05-21,601318,13:57:32,54.1100,22,1
2026-05-21,601318,13:57:34,54.1000,98,2
2026-05-21,601318,13:57:38,54.1100,52,1
2026-05-21,601318,13:57:40,54.1000,31,2
2026-05-21,601318,13:57:43,54.1100,70,1
2026-05-21,601318,13:57:46,54.1100,71,2
2026-05-21,601318,13:57:49,54.1100,21,4
2026-05-21,601318,13:57:52,54.1200,60,1
2026-05-21,601318,13:57:55,54.1100,1275,2
2026-05-21,601318,13:57:58,54.1000,188,2
2026-05-21,601318,13:58:01,54.1100,161,1
2026-05-21,601318,13:58:05,54.1100,39,1
2026-05-21,601318,13:58:07,54.1100,54,1
2026-05-21,601318,13:58:10,54.1100,117,1
2026-05-21,601318,13:58:13,54.1200,240,1
2026-05-21,601318,13:58:17,54.1200,36,2
2026-05-21,601318,13:58:20,54.1300,49,1
2026-05-21,601318,13:58:22,54.1300,10,1
2026-05-21,601318,13:58:25,54.1300,169,1
2026-05-21,601318,13:58:28,54.1200,74,2
2026-05-21,601318,13:58:31,54.1200,5,1
2026-05-21,601318,13:58:34,54.1100,274,2
2026-05-21,601318,13:58:38,54.1000,239,2
2026-05-21,601318,13:58:40,54.1100,213,1
2026-05-21,601318,13:58:44,54.1100,75,1
2026-05-21,601318,13:58:46,54.1200,11,1
2026-05-21,601318,13:58:49,54.1100,20,2
2026-05-21,601318,13:58:53,54.1100,17,2
2026-05-21,601318,13:58:56,54.1100,178,2
2026-05-21,601318,13:58:58,54.1100,361,2
2026-05-21,601318,13:59:02,54.1500,559,1
2026-05-21,601318,13:59:04,54.1300,13,2
2026-05-21,601318,13:59:07,54.1400,79,4
2026-05-21,601318,13:59:11,54.1400,27,2
2026-05-21,601318,13:59:13,54.1400,202,2
2026-05-21,601318,13:59:16,54.1400,84,1
2026-05-21,601318,13:59:19,54.1400,102,1
2026-05-21,601318,13:59:22,54.1600,43,1
2026-05-21,601318,13:59:26,54.1400,62,2
2026-05-21,601318,13:59:29,54.1400,346,2
2026-05-21,601318,13:59:31,54.1400,115,2
2026-05-21,601318,13:59:35,54.1400,139,2
2026-05-21,601318,13:59:38,54.1500,95,1
2026-05-21,601318,13:59:40,54.1400,93,2
2026-05-21,601318,13:59:43,54.1600,27,1
2026-05-21,601318,13:59:46,54.1400,87,2
2026-05-21,601318,13:59:49,54.1400,50,1
2026-05-21,601318,13:59:52,54.1500,5,1
2026-05-21,601318,13:59:55,54.1500,66,1
2026-05-21,601318,13:59:58,54.1400,168,2
2026-05-21,601318,14:00:01,54.1500,94,1
2026-05-21,601318,14:00:05,54.1500,65,1
2026-05-21,601318,14:00:08,54.1400,126,2
2026-05-21,601318,14:00:10,54.1400,101,1
2026-05-21,601318,14:00:13,54.1500,101,1
2026-05-21,601318,14:00:17,54.1500,73,1
2026-05-21,601318,14:00:20,54.1400,97,2
2026-05-21,601318,14:00:22,54.1500,73,1
2026-05-21,601318,14:00:26,54.1500,132,2
2026-05-21,601318,14:00:28,54.1600,149,1
2026-05-21,601318,14:00:31,54.1500,106,2
2026-05-21,601318,14:00:34,54.1400,157,2
2026-05-21,601318,14:00:37,54.1500,79,4
2026-05-21,601318,14:00:40,54.1400,139,2
2026-05-21,601318,14:00:43,54.1400,32,2
2026-05-21,601318,14:00:47,54.1300,170,2
2026-05-21,601318,14:00:49,54.1300,46,2
2026-05-21,601318,14:00:53,54.1400,71,1
2026-05-21,601318,14:00:55,54.1500,106,1
2026-05-21,601318,14:00:59,54.1400,44,4
2026-05-21,601318,14:01:02,54.1400,41,2
2026-05-21,601318,14:01:04,54.1300,15,2
2026-05-21,601318,14:01:07,54.1100,492,2
2026-05-21,601318,14:01:10,54.1100,32,2
2026-05-21,601318,14:01:14,54.1200,37,1
2026-05-21,601318,14:01:16,54.1300,210,1
2026-05-21,601318,14:01:19,54.1200,142,1
2026-05-21,601318,14:01:23,54.1200,181,1
2026-05-21,601318,14:01:26,54.1100,223,2
2026-05-21,601318,14:01:29,54.1100,172,1
2026-05-21,601318,14:01:31,54.1100,44,1
2026-05-21,601318,14:01:35,54.1100,35,2
2026-05-21,601318,14:01:37,54.1200,18,1
2026-05-21,601318,14:01:41,54.1100,82,2
2026-05-21,601318,14:01:43,54.1200,9,1
2026-05-21,601318,14:01:46,54.1100,277,2
2026-05-21,601318,14:01:50,54.1100,46,1
2026-05-21,601318,14:01:52,54.1100,54,1
2026-05-21,601318,14:01:55,54.1100,46,1
2026-05-21,601318,14:01:58,54.1200,33,1
2026-05-21,601318,14:02:01,54.1200,89,1
2026-05-21,601318,14:02:05,54.1200,21,1
2026-05-21,601318,14:02:08,54.1200,131,1
2026-05-21,601318,14:02:10,54.1200,237,1
2026-05-21,601318,14:02:13,54.1200,11,2
2026-05-21,601318,14:02:17,54.1300,59,1
2026-05-21,601318,14:02:19,54.1300,65,1
2026-05-21,601318,14:02:22,54.1300,224,1
2026-05-21,601318,14:02:25,54.1300,138,2
2026-05-21,601318,14:02:28,54.1300,122,4
2026-05-21,601318,14:02:31,54.1200,78,2
2026-05-21,601318,14:02:35,54.1200,2,2
2026-05-21,601318,14:02:37,54.1100,215,2
2026-05-21,601318,14:02:40,54.1200,117,1
2026-05-21,601318,14:02:43,54.1200,34,1
2026-05-21,601318,14:02:46,54.1200,140,1
2026-05-21,601318,14:02:50,54.1200,219,1
2026-05-21,601318,14:02:52,54.1100,14,2
2026-05-21,601318,14:02:55,54.1200,51,2
2026-05-21,601318,14:02:58,54.1200,7,2
2026-05-21,601318,14:03:01,54.1300,55,1
2026-05-21,601318,14:03:04,54.1300,167,1
2026-05-21,601318,14:03:07,54.1200,87,1
2026-05-21,601318,14:03:10,54.1200,837,2
2026-05-21,601318,14:03:13,54.1300,51,1
2026-05-21,601318,14:03:17,54.1300,9,1
2026-05-21,601318,14:03:20,54.1400,160,1
2026-05-21,601318,14:03:22,54.1400,77,1
2026-05-21,601318,14:03:26,54.1400,367,2
2026-05-21,601318,14:03:28,54.1400,83,2
2026-05-21,601318,14:03:32,54.1400,53,2
2026-05-21,601318,14:03:34,54.1300,48,2
2026-05-21,601318,14:03:37,54.1300,29,2
2026-05-21,601318,14:03:41,54.1400,61,1
2026-05-21,601318,14:03:44,54.1300,17,2
2026-05-21,601318,14:03:47,54.1400,24,1
2026-05-21,601318,14:03:50,54.1400,56,1
2026-05-21,601318,14:03:52,54.1400,25,1
2026-05-21,601318,14:03:55,54.1300,54,2
2026-05-21,601318,14:03:58,54.1200,134,2
2026-05-21,601318,14:04:02,54.1400,115,1
2026-05-21,601318,14:04:05,54.1500,67,1
2026-05-21,601318,14:04:07,54.1400,33,4
2026-05-21,601318,14:04:10,54.1500,65,1
2026-05-21,601318,14:04:13,54.1600,44,1
2026-05-21,601318,14:04:16,54.1400,76,2
2026-05-21,601318,14:04:19,54.1300,234,2
2026-05-21,601318,14:04:23,54.1400,481,1
2026-05-21,601318,14:04:25,54.1300,123,2
2026-05-21,601318,14:04:28,54.1300,190,2
2026-05-21,601318,14:04:31,54.1300,30,1
2026-05-21,601318,14:04:34,54.1200,63,2
2026-05-21,601318,14:04:38,54.1300,273,1
2026-05-21,601318,14:04:41,54.1200,115,2
2026-05-21,601318,14:04:43,54.1200,71,1
2026-05-21,601318,14:04:46,54.1200,743,1
2026-05-21,601318,14:04:50,54.1100,765,2
2026-05-21,601318,14:04:53,54.1100,110,1
2026-05-21,601318,14:04:55,54.1000,1299,2
2026-05-21,601318,14:04:59,54.1000,83,1
2026-05-21,601318,14:05:01,54.1000,251,1
2026-05-21,601318,14:05:05,54.1000,97,2
2026-05-21,601318,14:05:07,54.1200,251,1
2026-05-21,601318,14:05:10,54.1300,140,1
2026-05-21,601318,14:05:13,54.1200,53,2
2026-05-21,601318,14:05:16,54.1300,23,2
2026-05-21,601318,14:05:19,54.1300,14,1
2026-05-21,601318,14:05:22,54.1300,308,1
2026-05-21,601318,14:05:25,54.1300,2,2
2026-05-21,601318,14:05:28,54.1300,25,2
2026-05-21,601318,14:05:32,54.1300,125,2
2026-05-21,601318,14:05:35,54.1200,123,2
2026-05-21,601318,14:05:38,54.1400,34,1
2026-05-21,601318,14:05:40,54.1400,66,1
2026-05-21,601318,14:05:44,54.1300,7,2
2026-05-21,601318,14:05:47,54.1300,91,2
2026-05-21,601318,14:05:49,54.1300,111,2
2026-05-21,601318,14:05:53,54.1400,15,4
2026-05-21,601318,14:05:55,54.1400,44,2
2026-05-21,601318,14:05:58,54.1400,48,2
2026-05-21,601318,14:06:01,54.1400,28,1
2026-05-21,601318,14:06:04,54.1300,145,2
2026-05-21,601318,14:06:07,54.1400,84,1
2026-05-21,601318,14:06:11,54.1300,280,2
2026-05-21,601318,14:06:13,54.1300,13,1
2026-05-21,601318,14:06:17,54.1400,103,1
2026-05-21,601318,14:06:19,54.1200,60,2
2026-05-21,601318,14:06:23,54.1500,19,1
2026-05-21,601318,14:06:26,54.1400,78,2
2026-05-21,601318,14:06:28,54.1400,224,2
2026-05-21,601318,14:06:31,54.1400,60,1
2026-05-21,601318,14:06:35,54.1400,598,1
2026-05-21,601318,14:06:37,54.1500,107,1
2026-05-21,601318,14:06:40,54.1400,25,2
2026-05-21,601318,14:06:43,54.1600,86,1
2026-05-21,601318,14:06:46,54.1400,221,2
2026-05-21,601318,14:06:50,54.1500,73,1
2026-05-21,601318,14:06:52,54.1500,610,2
2026-05-21,601318,14:06:55,54.1500,201,2
2026-05-21,601318,14:06:59,54.1400,297,2
2026-05-21,601318,14:07:01,54.1500,33,1
2026-05-21,601318,14:07:05,54.1400,105,2
2026-05-21,601318,10:56:58,54.3300,51,1
2026-05-21,601318,10:57:02,54.3400,102,1
2026-05-21,601318,10:57:05,54.3600,186,1
2026-05-21,601318,10:57:08,54.3900,222,1
2026-05-21,601318,10:57:11,54.3800,114,2
2026-05-21,601318,10:57:13,54.3900,11,4
2026-05-21,601318,10:57:16,54.3700,423,2
2026-05-21,601318,10:57:19,54.3800,213,1
2026-05-21,601318,10:57:22,54.3600,123,4
2026-05-21,601318,10:57:26,54.3600,67,1
2026-05-21,601318,10:57:29,54.3500,99,2
2026-05-21,601318,10:57:31,54.3500,78,2
2026-05-21,601318,10:57:35,54.3600,121,4
2026-05-21,601318,10:57:37,54.3700,62,1
2026-05-21,601318,10:57:40,54.3700,96,1
2026-05-21,601318,10:57:43,54.3600,565,2
2026-05-21,601318,10:57:46,54.3500,347,2
2026-05-21,601318,10:57:49,54.3600,385,1
2026-05-21,601318,10:57:53,54.3400,258,2
2026-05-21,601318,10:57:55,54.3500,65,1
2026-05-21,601318,10:57:59,54.3600,62,2
2026-05-21,601318,10:58:01,54.3500,64,2
2026-05-21,601318,10:58:04,54.3600,111,4
2026-05-21,601318,10:58:07,54.3600,69,1
2026-05-21,601318,10:58:11,54.3600,163,1
2026-05-21,601318,10:58:13,54.3600,181,2
2026-05-21,601318,10:58:16,54.3800,24,1
2026-05-21,601318,10:58:19,54.3600,41,2
2026-05-21,601318,10:58:22,54.3700,114,1
2026-05-21,601318,10:58:26,54.3700,100,1
2026-05-21,601318,10:58:29,54.3700,282,1
2026-05-21,601318,10:58:31,54.3700,236,4
2026-05-21,601318,10:58:34,54.3600,281,2
2026-05-21,601318,10:58:38,54.3600,208,2
2026-05-21,601318,10:58:40,54.3800,174,1
2026-05-21,601318,10:58:43,54.4000,216,1
2026-05-21,601318,10:58:46,54.3900,30,4
2026-05-21,601318,10:58:50,54.4000,41,1
2026-05-21,601318,10:58:53,54.4000,46,1
2026-05-21,601318,10:58:55,54.4000,46,2
2026-05-21,601318,10:58:59,54.3900,475,2
2026-05-21,601318,10:59:01,54.4100,320,1
2026-05-21,601318,10:59:04,54.3800,192,2
2026-05-21,601318,10:59:07,54.3800,264,2
2026-05-21,601318,10:59:10,54.3900,115,1
2026-05-21,601318,10:59:13,54.3800,506,1
2026-05-21,601318,10:59:17,54.3800,186,1
2026-05-21,601318,10:59:20,54.3800,215,1
2026-05-21,601318,10:59:22,54.3800,29,1
2026-05-21,601318,10:59:26,54.3800,119,1
2026-05-21,601318,10:59:28,54.3400,521,2
2026-05-21,601318,10:59:31,54.3400,202,2
2026-05-21,601318,10:59:34,54.3400,124,2
2026-05-21,601318,10:59:37,54.3400,80,1
2026-05-21,601318,10:59:41,54.3300,32,2
2026-05-21,601318,10:59:43,54.3200,95,2
2026-05-21,601318,10:59:47,54.3300,218,1
2026-05-21,601318,10:59:50,54.3300,134,1
2026-05-21,601318,10:59:52,54.3200,76,2
2026-05-21,601318,10:59:56,54.3200,63,1
2026-05-21,601318,10:59:58,54.3200,250,1
2026-05-21,601318,11:00:02,54.3000,637,2
2026-05-21,601318,11:00:05,54.2900,587,2
2026-05-21,601318,11:00:08,54.2900,277,1
2026-05-21,601318,11:00:10,54.2800,97,2
2026-05-21,601318,11:00:13,54.2800,240,1
2026-05-21,601318,11:00:16,54.2800,487,1
2026-05-21,601318,11:00:19,54.3100,143,1
2026-05-21,601318,11:00:22,54.3000,243,2
2026-05-21,601318,11:00:25,54.3300,154,1
2026-05-21,601318,11:00:28,54.3300,549,1
2026-05-21,601318,11:00:32,54.3200,30,2
2026-05-21,601318,11:00:34,54.3200,24,4
2026-05-21,601318,11:00:37,54.3300,52,1
2026-05-21,601318,11:00:41,54.3400,54,1
2026-05-21,601318,11:00:43,54.3300,46,2
2026-05-21,601318,11:00:46,54.3400,41,1
2026-05-21,601318,11:00:49,54.3300,39,2
2026-05-21,601318,11:00:52,54.3400,103,1
2026-05-21,601318,11:00:56,54.3400,26,1
2026-05-21,601318,11:00:58,54.3400,90,2
2026-05-21,601318,11:01:02,54.3400,33,1
2026-05-21,601318,11:01:04,54.3400,128,1
2026-05-21,601318,11:01:08,54.3400,53,2
2026-05-21,601318,11:01:11,54.3600,51,1
2026-05-21,601318,11:01:13,54.3500,72,1
2026-05-21,601318,11:01:16,54.3500,77,1
2026-05-21,601318,11:01:19,54.3500,42,2
2026-05-21,601318,11:01:22,54.3500,135,1
2026-05-21,601318,11:01:26,54.3700,154,1
2026-05-21,601318,11:01:28,54.3600,19,2
2026-05-21,601318,11:01:31,54.3600,138,2
2026-05-21,601318,11:01:34,54.4000,139,1
2026-05-21,601318,11:01:38,54.3900,30,1
2026-05-21,601318,11:01:40,54.3800,35,4
2026-05-21,601318,11:01:43,54.3800,186,4
2026-05-21,601318,11:01:47,54.4000,5,1
2026-05-21,601318,11:01:50,54.4000,45,1
2026-05-21,601318,11:01:52,54.3900,115,2
2026-05-21,601318,11:01:55,54.4000,28,1
2026-05-21,601318,11:01:58,54.4000,24,2
2026-05-21,601318,11:02:01,54.4100,78,1
2026-05-21,601318,11:02:04,54.4100,110,1
2026-05-21,601318,11:02:07,54.4000,78,4
2026-05-21,601318,11:02:10,54.4100,234,1
2026-05-21,601318,11:02:13,54.4000,178,2
2026-05-21,601318,11:02:16,54.4100,45,1
2026-05-21,601318,11:02:19,54.4100,403,1
2026-05-21,601318,11:02:22,54.4000,103,2
2026-05-21,601318,11:02:26,54.4000,106,2
2026-05-21,601318,11:02:28,54.3900,219,2
2026-05-21,601318,11:02:31,54.4000,72,1
2026-05-21,601318,11:02:34,54.4000,229,1
2026-05-21,601318,11:02:37,54.4000,81,1
2026-05-21,601318,11:02:40,54.4000,157,1
2026-05-21,601318,11:02:44,54.4100,218,1
2026-05-21,601318,11:02:47,54.4100,39,1
2026-05-21,601318,11:02:49,54.4100,80,1
2026-05-21,601318,11:02:52,54.4000,196,2
2026-05-21,601318,11:02:56,54.4100,112,1
2026-05-21,601318,11:02:58,54.4100,76,4
2026-05-21,601318,11:03:02,54.4200,6,1
2026-05-21,601318,11:03:05,54.4100,66,2
2026-05-21,601318,11:03:07,54.4100,66,2
2026-05-21,601318,11:03:10,54.4100,45,1
2026-05-21,601318,11:03:13,54.4000,315,2
2026-05-21,601318,11:03:16,54.4000,20,4
2026-05-21,601318,11:03:19,54.4200,116,1
2026-05-21,601318,11:03:22,54.3900,54,2
2026-05-21,601318,11:03:26,54.4200,102,1
2026-05-21,601318,11:03:28,54.4200,16,1
2026-05-21,601318,11:03:31,54.4200,32,1
2026-05-21,601318,11:03:34,54.4000,198,2
2026-05-21,601318,11:03:37,54.4100,32,1
2026-05-21,601318,11:03:41,54.4100,146,1
2026-05-21,601318,11:03:43,54.3900,231,2
2026-05-21,601318,11:03:46,54.3900,72,1
2026-05-21,601318,11:03:49,54.4000,31,1
2026-05-21,601318,11:03:52,54.4000,77,2
2026-05-21,601318,11:03:56,54.4200,195,1
2026-05-21,601318,11:03:58,54.4200,14,1
2026-05-21,601318,11:04:01,54.4200,65,1
2026-05-21,601318,11:04:05,54.4100,76,2
2026-05-21,601318,11:04:08,54.4200,70,1
2026-05-21,601318,11:04:10,54.4000,392,2
2026-05-21,601318,11:04:13,54.4300,315,1
2026-05-21,601318,11:04:16,54.4200,64,4
2026-05-21,601318,11:04:19,54.4300,97,1
2026-05-21,601318,11:04:22,54.4200,185,2
2026-05-21,601318,11:04:25,54.4200,273,2
2026-05-21,601318,11:04:28,54.4300,124,2
2026-05-21,601318,11:04:32,54.4300,153,1
2026-05-21,601318,11:04:35,54.4400,148,4
2026-05-21,601318,11:04:37,54.4400,36,1
2026-05-21,601318,11:04:40,54.4500,21,1
2026-05-21,601318,11:04:43,54.4400,261,2
2026-05-21,601318,11:04:46,54.4300,119,2
2026-05-21,601318,11:04:49,54.4400,219,2
2026-05-21,601318,11:04:52,54.4300,73,2
2026-05-21,601318,11:04:55,54.4400,123,1
2026-05-21,601318,11:04:58,54.4200,86,2
2026-05-21,601318,11:05:02,54.4300,245,1
2026-05-21,601318,11:05:04,54.4200,381,2
2026-05-21,601318,11:05:07,54.4100,63,4
2026-05-21,601318,11:05:10,54.4200,213,1
2026-05-21,601318,11:05:13,54.4000,220,2
2026-05-21,601318,11:05:16,54.4100,87,1
2026-05-21,601318,11:05:19,54.4100,258,1
2026-05-21,601318,11:05:22,54.4000,91,2
2026-05-21,601318,11:05:26,54.4100,263,2
2026-05-21,601318,11:05:28,54.4000,201,2
2026-05-21,601318,11:05:31,54.4400,109,1
2026-05-21,601318,11:05:34,54.4500,13,1
2026-05-21,601318,11:05:38,54.4500,135,1
2026-05-21,601318,11:05:41,54.4400,103,2
2026-05-21,601318,11:05:43,54.4400,45,1
2026-05-21,601318,11:05:46,54.4200,70,2
2026-05-21,601318,11:05:49,54.4400,76,1
2026-05-21,601318,11:05:52,54.4500,147,1
2026-05-21,601318,11:05:55,54.4200,324,2
2026-05-21,601318,11:05:59,54.4200,31,2
2026-05-21,601318,11:06:01,54.4400,60,1
2026-05-21,601318,11:06:05,54.4400,146,2
2026-05-21,601318,11:06:08,54.4400,113,1
2026-05-21,601318,11:06:10,54.4200,234,2
2026-05-21,601318,11:06:13,54.4300,79,1
2026-05-21,601318,11:06:16,54.4200,93,2
2026-05-21,601318,11:06:19,54.4400,227,1
2026-05-21,601318,11:06:22,54.4200,183,2
2026-05-21,601318,11:06:26,54.4300,81,2
2026-05-21,601318,11:06:28,54.4400,114,1
2026-05-21,601318,11:06:31,54.4400,38,2
2026-05-21,601318,11:06:34,54.4400,36,2
2026-05-21,601318,11:06:37,54.4400,43,1
2026-05-21,601318,11:06:40,54.4400,34,2
2026-05-21,601318,11:06:43,54.4400,189,2
2026-05-21,601318,11:06:47,54.4400,211,2
2026-05-21,601318,11:06:50,54.4500,52,1
2026-05-21,601318,11:06:53,54.4500,18,1
2026-05-21,601318,11:06:56,54.4500,53,1
2026-05-21,601318,11:06:58,54.4500,61,2
2026-05-21,601318,11:07:01,54.4600,83,1
2026-05-21,601318,11:07:04,54.4500,75,2
2026-05-21,601318,11:07:07,54.4600,85,1
2026-05-21,601318,11:07:10,54.4500,17,2
2026-05-21,601318,11:07:13,54.4600,225,1
2026-05-21,601318,11:07:16,54.4500,178,2
2026-05-21,601318,11:07:19,54.4600,40,1
2026-05-21,601318,11:07:23,54.4500,54,1
2026-05-21,601318,11:07:26,54.4500,102,1
2026-05-21,601318,11:07:28,54.4400,30,2
2026-05-21,601318,11:07:31,54.4300,17,2
2026-05-21,601318,11:07:34,54.4300,527,2
2026-05-21,601318,11:07:37,54.4100,605,2
2026-05-21,601318,11:07:40,54.4100,1075,2
2026-05-21,601318,11:07:44,54.4000,17,2
2026-05-21,601318,11:07:47,54.3800,36,2
2026-05-21,601318,11:07:49,54.4000,102,1
2026-05-21,601318,11:07:52,54.3900,5,4
2026-05-21,601318,11:07:56,54.3900,224,2
2026-05-21,601318,11:07:58,54.3700,88,2
2026-05-21,601318,11:08:01,54.3800,11,4
2026-05-21,601318,11:08:05,54.3800,176,2
2026-05-21,601318,11:08:07,54.3700,95,1
2026-05-21,601318,11:08:10,54.3800,134,4
2026-05-21,601318,11:08:14,54.3700,73,2
2026-05-21,601318,11:08:16,54.3800,49,1
2026-05-21,601318,11:08:20,54.3700,45,2
2026-05-21,601318,11:08:22,54.3800,7,1
2026-05-21,601318,11:08:25,54.3700,11,2
2026-05-21,601318,11:08:29,54.3700,23,2
2026-05-21,601318,11:08:31,54.3800,18,1
2026-05-21,601318,11:08:35,54.3800,383,1
2026-05-21,601318,11:08:38,54.3700,23,2
2026-05-21,601318,11:08:40,54.3600,45,2
2026-05-21,601318,11:08:43,54.3600,194,2
2026-05-21,601318,11:08:47,54.3600,90,1
2026-05-21,601318,11:08:49,54.3700,180,1
2026-05-21,601318,11:08:52,54.3600,5,2
2026-05-21,601318,11:08:55,54.3600,56,2
2026-05-21,601318,11:08:59,54.3600,136,2
2026-05-21,601318,11:09:01,54.3600,113,1
2026-05-21,601318,11:09:04,54.3600,201,2
2026-05-21,601318,11:09:07,54.3600,61,2
2026-05-21,601318,11:09:11,54.3700,61,1
2026-05-21,601318,11:09:13,54.3600,103,2
2026-05-21,601318,11:09:16,54.3600,148,2
2026-05-21,601318,11:09:19,54.3600,117,1
2026-05-21,601318,11:09:22,54.3600,46,1
2026-05-21,601318,11:09:25,54.3600,175,2
2026-05-21,601318,11:09:29,54.3500,26,2
2026-05-21,601318,11:09:32,54.3600,10,1
2026-05-21,601318,11:09:34,54.3500,37,2
2026-05-21,601318,11:09:38,54.3600,36,1
2026-05-21,601318,11:09:40,54.3600,33,2
2026-05-21,601318,11:09:43,54.3700,28,1
2026-05-21,601318,11:09:46,54.3600,154,2
2026-05-21,601318,11:09:49,54.3700,108,1
2026-05-21,601318,11:09:52,54.3700,52,1
2026-05-21,601318,11:09:55,54.3700,240,2
2026-05-21,601318,11:09:59,54.3700,47,1
2026-05-21,601318,11:10:01,54.3600,96,2
2026-05-21,601318,11:10:05,54.3700,191,2
2026-05-21,601318,11:10:07,54.3600,314,2
2026-05-21,601318,11:10:11,54.3600,40,2
2026-05-21,601318,11:10:13,54.3500,54,2
2026-05-21,601318,11:10:16,54.3500,236,2
2026-05-21,601318,11:10:19,54.3600,121,1
2026-05-21,601318,11:10:23,54.3500,22,2
2026-05-21,601318,11:10:26,54.3400,245,2
2026-05-21,601318,11:10:28,54.3500,30,1
2026-05-21,601318,11:10:32,54.3400,150,2
2026-05-21,601318,11:10:34,54.3400,123,2
2026-05-21,601318,11:10:38,54.3400,54,1
2026-05-21,601318,11:10:40,54.3300,218,2
2026-05-21,601318,11:10:44,54.3400,27,1
2026-05-21,601318,11:10:46,54.3300,267,2
2026-05-21,601318,11:10:49,54.3200,123,2
2026-05-21,601318,11:10:52,54.3200,89,2
2026-05-21,601318,11:10:56,54.3100,101,2
2026-05-21,601318,11:10:58,54.3200,28,1
2026-05-21,601318,11:11:01,54.3200,232,1
2026-05-21,601318,11:11:04,54.3100,205,2
2026-05-21,601318,11:11:07,54.3100,44,1
2026-05-21,601318,11:11:11,54.3000,435,2
2026-05-21,601318,11:11:13,54.3000,15,2
2026-05-21,601318,11:11:16,54.3000,311,2
2026-05-21,601318,11:11:19,54.3000,316,1
2026-05-21,601318,11:11:22,54.3000,136,1
2026-05-21,601318,11:11:25,54.2900,146,2
2026-05-21,601318,11:11:29,54.3000,289,1
2026-05-21,601318,11:11:31,54.3100,192,1
2026-05-21,601318,11:11:35,54.3100,43,1
2026-05-21,601318,11:11:37,54.3100,33,1
2026-05-21,601318,11:11:40,54.3100,35,2
2026-05-21,601318,11:11:43,54.3100,25,1
2026-05-21,601318,11:11:46,54.3000,268,2
2026-05-21,601318,11:11:49,54.3100,60,2
2026-05-21,601318,11:11:52,54.3200,148,1
2026-05-21,601318,11:11:56,54.3200,40,1
2026-05-21,601318,11:11:58,54.3100,59,2
2026-05-21,601318,11:12:02,54.3000,61,2
2026-05-21,601318,11:12:04,54.3000,186,2
2026-05-21,601318,11:12:07,54.3300,665,1
2026-05-21,601318,11:12:10,54.3400,67,1
2026-05-21,601318,11:12:13,54.3200,4,1
2026-05-21,601318,11:12:17,54.3200,115,2
2026-05-21,601318,11:12:20,54.3300,35,1
2026-05-21,601318,11:12:23,54.3400,11,1
2026-05-21,601318,11:12:26,54.3400,52,1
2026-05-21,601318,11:12:28,54.3300,12,2
2026-05-21,601318,11:12:32,54.3400,101,1
2026-05-21,601318,11:12:35,54.3300,44,2
2026-05-21,601318,11:12:37,54.3300,14,1
2026-05-21,601318,11:12:41,54.3400,309,1
2026-05-21,601318,11:12:43,54.3400,14,1
2026-05-21,601318,11:12:47,54.3400,25,2
2026-05-21,601318,11:12:50,54.3400,12,2
2026-05-21,601318,11:12:52,54.3400,6,2
2026-05-21,601318,11:12:55,54.3500,99,1
2026-05-21,601318,11:12:58,54.3400,91,1
2026-05-21,601318,11:13:01,54.3400,141,2
2026-05-21,601318,11:13:05,54.3400,195,1
2026-05-21,601318,11:13:08,54.3300,330,2
2026-05-21,601318,11:13:10,54.3300,54,1
2026-05-21,601318,11:13:14,54.3200,155,2
2026-05-21,601318,11:13:16,54.3200,255,2
2026-05-21,601318,11:13:20,54.3100,143,2
2026-05-21,601318,11:13:22,54.3100,36,2
2026-05-21,601318,11:13:25,54.3100,148,2
2026-05-21,601318,11:13:29,54.3100,41,1
2026-05-21,601318,11:13:31,54.3000,285,2
2026-05-21,601318,11:13:34,54.3000,128,2
2026-05-21,601318,11:13:37,54.3000,220,1
2026-05-21,601318,11:13:40,54.3000,183,1
2026-05-21,601318,11:13:44,54.3000,76,1
2026-05-21,601318,11:13:46,54.3200,490,1
2026-05-21,601318,11:13:50,54.3100,90,2
2026-05-21,601318,11:13:52,54.3000,13,2
2026-05-21,601318,11:13:56,54.3000,324,2
2026-05-21,601318,11:13:58,54.3200,198,1
2026-05-21,601318,11:14:02,54.3200,46,1
2026-05-21,601318,11:14:05,54.3200,57,1
2026-05-21,601318,11:14:08,54.3300,20,1
2026-05-21,601318,11:14:10,54.3300,80,1
2026-05-21,601318,11:14:14,54.3300,44,1
2026-05-21,601318,11:14:17,54.3300,18,1
2026-05-21,601318,11:14:20,54.3300,53,1
2026-05-21,601318,11:14:22,54.3500,46,1
2026-05-21,601318,11:14:25,54.3400,31,2
2026-05-21,601318,11:14:28,54.3500,41,1
2026-05-21,601318,11:14:31,54.3400,60,2
2026-05-21,601318,11:14:34,54.3400,59,2
2026-05-21,601318,11:14:37,54.3500,50,1
2026-05-21,601318,11:14:40,54.3400,217,2
2026-05-21,601318,11:14:44,54.3500,12,1
2026-05-21,601318,11:14:47,54.3500,40,1
2026-05-21,601318,11:14:49,54.3500,23,2
2026-05-21,601318,11:14:52,54.3600,30,1
2026-05-21,601318,11:14:55,54.3500,45,2
2026-05-21,601318,11:14:58,54.3500,38,2
2026-05-21,601318,11:15:01,54.3600,55,1
2026-05-21,601318,11:15:04,54.3500,115,2
2026-05-21,601318,11:15:07,54.3700,205,1
2026-05-21,601318,11:15:10,54.3700,128,1
2026-05-21,601318,11:15:13,54.3700,19,1
2026-05-21,601318,11:15:16,54.3700,165,1
2026-05-21,601318,11:15:19,54.3800,257,1
2026-05-21,601318,11:15:22,54.3800,13,1
2026-05-21,601318,11:15:25,54.3800,81,1
2026-05-21,601318,11:15:28,54.3800,34,1
2026-05-21,601318,11:15:31,54.3800,186,1
2026-05-21,601318,11:15:34,54.3700,105,2
2026-05-21,601318,11:15:38,54.3700,55,1
2026-05-21,601318,11:15:41,54.3800,328,1
2026-05-21,601318,11:15:44,54.3700,23,2
2026-05-21,601318,11:15:46,54.3700,71,2
2026-05-21,601318,11:15:49,54.3600,147,2
2026-05-21,601318,11:15:53,54.3700,25,2
2026-05-21,601318,11:15:55,54.3700,6,2
2026-05-21,601318,11:15:58,54.3600,67,2
2026-05-21,601318,11:16:01,54.3600,129,2
2026-05-21,601318,11:16:04,54.3800,385,1
2026-05-21,601318,11:16:07,54.3500,183,2
2026-05-21,601318,11:16:10,54.3500,741,2
2026-05-21,601318,11:16:13,54.3300,41,2
2026-05-21,601318,11:16:16,54.3500,101,1
2026-05-21,601318,11:16:19,54.3400,92,2
2026-05-21,601318,11:16:22,54.3300,204,2
2026-05-21,601318,11:16:26,54.3300,69,2
2026-05-21,601318,11:16:29,54.3300,11,1
2026-05-21,601318,11:16:31,54.3300,275,1
2026-05-21,601318,11:16:35,54.3200,67,2
2026-05-21,601318,11:16:37,54.3300,284,1
2026-05-21,601318,11:16:40,54.3400,40,4
2026-05-21,601318,11:16:43,54.3400,4,1
2026-05-21,601318,11:16:47,54.3200,213,2
2026-05-21,601318,11:16:49,54.3300,86,1
2026-05-21,601318,11:16:53,54.3500,425,1
2026-05-21,601318,11:16:56,54.3400,4,2
2026-05-21,601318,11:16:58,54.3400,19,2
2026-05-21,601318,11:17:01,54.3300,33,2
2026-05-21,601318,11:17:05,54.3300,39,2
2026-05-21,601318,11:17:08,54.3300,56,1
2026-05-21,601318,11:17:11,54.3300,174,2
2026-05-21,601318,11:17:14,54.3300,12,2
2026-05-21,601318,11:17:16,54.3500,149,1
2026-05-21,601318,11:17:19,54.3300,90,2
2026-05-21,601318,11:17:22,54.3400,41,4
2026-05-21,601318,11:17:26,54.3300,75,2
2026-05-21,601318,11:17:28,54.3300,133,2
2026-05-21,601318,11:17:31,54.3300,47,4
2026-05-21,601318,11:17:35,54.3200,342,2
2026-05-21,601318,11:17:38,54.3300,365,4
2026-05-21,601318,11:17:40,54.3100,243,2
2026-05-21,601318,11:17:43,54.3100,39,2
2026-05-21,601318,11:17:46,54.3100,275,2
2026-05-21,601318,11:17:49,54.3200,220,1
2026-05-21,601318,11:17:53,54.3000,56,2
2026-05-21,601318,11:17:55,54.3200,313,1
2026-05-21,601318,11:17:58,54.3200,26,1
2026-05-21,601318,11:18:01,54.2900,30,2
2026-05-21,601318,11:18:04,54.3100,35,1
2026-05-21,601318,11:18:08,54.3000,596,2
2026-05-21,601318,11:18:11,54.3200,112,1
2026-05-21,601318,11:18:13,54.3100,64,2
2026-05-21,601318,11:18:16,54.3000,103,2
2026-05-21,601318,11:18:19,54.3000,44,2
2026-05-21,601318,11:18:23,54.3100,49,1
2026-05-21,601318,11:18:26,54.3100,209,1
2026-05-21,601318,11:18:28,54.3400,398,1
2026-05-21,601318,11:18:31,54.3100,78,2
2026-05-21,601318,11:18:34,54.3100,6,2
2026-05-21,601318,11:18:38,54.3500,131,1
2026-05-21,601318,11:18:40,54.3500,34,4
2026-05-21,601318,11:18:43,54.3600,27,1
2026-05-21,601318,11:18:47,54.3500,70,4
2026-05-21,601318,11:18:49,54.3400,53,2
2026-05-21,601318,11:18:52,54.3300,15,2
2026-05-21,601318,11:18:55,54.3500,151,1
2026-05-21,601318,11:18:59,54.3500,156,2
2026-05-21,601318,11:19:02,54.3700,69,1
2026-05-21,601318,11:19:04,54.3700,20,2
2026-05-21,601318,11:19:08,54.3600,40,4
2026-05-21,601318,11:19:11,54.3500,123,2
2026-05-21,601318,11:19:14,54.3700,17,1
2026-05-21,601318,11:19:16,54.3700,273,4
2026-05-21,601318,11:19:19,54.3700,31,2
2026-05-21,601318,11:19:22,54.3700,20,4
2026-05-21,601318,11:19:26,54.3700,51,2
2026-05-21,601318,11:19:28,54.3600,38,2
2026-05-21,601318,11:19:32,54.3700,60,1
2026-05-21,601318,11:19:34,54.3700,13,1
2026-05-21,601318,11:19:38,54.3700,80,2
2026-05-21,601318,11:19:40,54.3700,178,1
2026-05-21,601318,11:19:44,54.3800,13,1
2026-05-21,601318,11:19:47,54.3700,119,2
2026-05-21,601318,11:19:49,54.3500,219,2
2026-05-21,601318,11:19:53,54.3600,93,4
2026-05-21,601318,11:19:55,54.3500,253,2
2026-05-21,601318,11:19:58,54.3500,134,1
2026-05-21,601318,11:20:02,54.3500,114,1
2026-05-21,601318,11:20:05,54.3400,32,4
2026-05-21,601318,11:20:07,54.3500,80,1
2026-05-21,601318,11:20:10,54.3400,37,4
2026-05-21,601318,11:20:13,54.3500,26,1
2026-05-21,601318,11:20:16,54.3400,36,2
2026-05-21,601318,11:20:20,54.3500,111,2
