date,code,time,price,volume,bs
2026-05-26,000333,14:05:57,79.5700,175,2
2026-05-26,000333,14:06:00,79.5600,51,2
2026-05-26,000333,14:06:03,79.5500,52,2
2026-05-26,000333,14:06:06,79.5600,25,1
2026-05-26,000333,14:06:09,79.5400,45,2
2026-05-26,000333,14:06:12,79.5600,15,1
2026-05-26,000333,14:06:15,79.5700,94,1
2026-05-26,000333,14:06:18,79.5800,37,1
2026-05-26,000333,14:06:21,79.5900,15,1
2026-05-26,000333,14:06:24,79.5700,32,2
2026-05-26,000333,14:06:27,79.5900,70,1
2026-05-26,000333,14:06:33,79.5800,37,2
2026-05-26,000333,14:06:36,79.5900,17,1
2026-05-26,000333,14:06:39,79.5900,21,1
2026-05-26,000333,14:06:42,79.5900,3,1
2026-05-26,000333,14:06:45,79.5900,54,1
2026-05-26,000333,14:06:48,79.6100,157,1
2026-05-26,000333,14:06:51,79.5800,91,2
2026-05-26,000333,14:06:54,79.6300,43,1
2026-05-26,000333,14:06:57,79.6300,52,1
2026-05-26,000333,14:07:00,79.6100,10,1
2026-05-26,000333,14:07:03,79.6000,10,2
2026-05-26,000333,14:07:06,79.6000,18,2
2026-05-26,000333,14:07:09,79.6000,97,2
2026-05-26,000333,14:07:12,79.6000,61,2
2026-05-26,000333,14:07:15,79.6000,58,2
2026-05-26,000333,14:07:18,79.5900,5,2
2026-05-26,000333,14:07:21,79.6100,18,1
2026-05-26,000333,14:07:24,79.6000,2,1
2026-05-26,000333,14:07:27,79.6100,1,1
2026-05-26,000333,14:07:30,79.6000,23,2
2026-05-26,000333,14:07:33,79.6000,58,2
2026-05-26,000333,14:07:36,79.5900,34,2
2026-05-26,000333,14:07:45,79.6000,2,1
2026-05-26,000333,14:07:48,79.6000,10,1
2026-05-26,000333,14:07:51,79.6000,61,1
2026-05-26,000333,14:07:54,79.5900,39,2
2026-05-26,000333,14:07:57,79.5900,8,2
2026-05-26,000333,14:08:00,79.5900,3,2
2026-05-26,000333,14:08:03,79.6000,7,1
2026-05-26,000333,14:08:06,79.6000,10,1
2026-05-26,000333,14:08:09,79.6100,116,1
2026-05-26,000333,14:08:12,79.6200,74,1
2026-05-26,000333,14:08:15,79.6000,33,2
2026-05-26,000333,14:08:18,79.6000,1,2
2026-05-26,000333,14:08:21,79.6100,2,4
2026-05-26,000333,14:08:24,79.6000,13,2
2026-05-26,000333,14:08:27,79.6000,22,2
2026-05-26,000333,14:08:30,79.6000,89,2
2026-05-26,000333,14:08:36,79.6000,10,1
2026-05-26,000333,14:08:39,79.5900,36,2
2026-05-26,000333,14:08:42,79.6000,30,1
2026-05-26,000333,14:08:45,79.6000,2,2
2026-05-26,000333,14:08:48,79.6000,2,2
2026-05-26,000333,14:08:51,79.6100,17,1
2026-05-26,000333,14:08:54,79.6000,10,2
2026-05-26,000333,14:08:57,79.6100,29,1
2026-05-26,000333,14:09:00,79.6100,6,2
2026-05-26,000333,14:09:03,79.6200,67,1
2026-05-26,000333,14:09:06,79.6200,200,2
2026-05-26,000333,14:09:09,79.5900,38,2
2026-05-26,000333,14:09:12,79.6000,61,2
2026-05-26,000333,14:09:15,79.6000,12,1
2026-05-26,000333,14:09:18,79.6000,8,1
2026-05-26,000333,14:09:21,79.5900,81,2
2026-05-26,000333,14:09:24,79.5900,5,2
2026-05-26,000333,14:09:27,79.6000,3,2
2026-05-26,000333,14:09:30,79.6000,5,1
2026-05-26,000333,14:09:33,79.6300,12,1
2026-05-26,000333,14:09:39,79.6100,49,2
2026-05-26,000333,14:09:42,79.6100,9,2
2026-05-26,000333,14:09:45,79.6100,25,2
2026-05-26,000333,14:09:48,79.6100,12,1
2026-05-26,000333,14:09:51,79.6200,7,1
2026-05-26,000333,14:09:54,79.6100,3,2
2026-05-26,000333,14:09:57,79.6100,76,2
2026-05-26,000333,14:10:00,79.6200,103,1
2026-05-26,000333,14:10:03,79.6400,68,1
2026-05-26,000333,14:10:06,79.6400,2,1
2026-05-26,000333,14:10:09,79.6400,2,2
2026-05-26,000333,14:10:12,79.6300,65,2
2026-05-26,000333,14:10:15,79.6400,110,1
2026-05-26,000333,14:10:18,79.6300,17,2
2026-05-26,000333,14:10:21,79.6300,15,2
2026-05-26,000333,14:10:24,79.6400,11,2
2026-05-26,000333,14:10:30,79.6400,16,1
2026-05-26,000333,14:10:33,79.6300,3,2
2026-05-26,000333,14:10:36,79.6300,112,2
2026-05-26,000333,14:10:39,79.6300,23,1
2026-05-26,000333,14:10:42,79.6300,39,1
2026-05-26,000333,14:10:45,79.6400,10,1
2026-05-26,000333,14:10:48,79.6400,8,1
2026-05-26,000333,14:10:51,79.6500,5,1
2026-05-26,000333,14:10:54,79.6400,15,2
2026-05-26,000333,14:10:57,79.6600,5,1
2026-05-26,000333,14:11:00,79.6400,13,2
2026-05-26,000333,14:11:03,79.6600,73,1
2026-05-26,000333,14:11:06,79.6600,10,2
2026-05-26,000333,14:11:09,79.6600,2,2
2026-05-26,000333,14:11:12,79.6700,37,1
2026-05-26,000333,14:11:15,79.6700,43,1
2026-05-26,000333,14:11:18,79.6700,3,1
2026-05-26,000333,14:11:21,79.6700,52,1
2026-05-26,000333,14:11:24,79.6700,10,1
2026-05-26,000333,14:11:27,79.6700,13,1
2026-05-26,000333,14:11:30,79.6600,10,2
2026-05-26,000333,14:11:33,79.6600,102,2
2026-05-26,000333,14:11:36,79.6600,27,2
2026-05-26,000333,14:11:39,79.6500,62,2
2026-05-26,000333,14:11:42,79.6400,9,2
2026-05-26,000333,14:11:45,79.6400,24,2
2026-05-26,000333,14:11:48,79.6400,117,2
2026-05-26,000333,14:11:51,79.6300,21,2
2026-05-26,000333,14:11:54,79.6300,75,2
2026-05-26,000333,14:11:57,79.6300,43,2
2026-05-26,000333,14:12:00,79.6200,34,2
2026-05-26,000333,14:12:03,79.6300,59,1
2026-05-26,000333,14:12:06,79.6400,5,1
2026-05-26,000333,14:12:09,79.6400,29,1
2026-05-26,000333,14:12:12,79.6300,174,2
2026-05-26,000333,14:12:15,79.6400,7,1
2026-05-26,000333,14:12:18,79.6400,5,1
2026-05-26,000333,14:12:21,79.6400,116,1
2026-05-26,000333,14:12:24,79.6400,17,1
2026-05-26,000333,14:12:27,79.6400,40,1
2026-05-26,000333,14:12:30,79.6400,13,2
2026-05-26,000333,14:12:36,79.6500,12,1
2026-05-26,000333,14:12:39,79.6500,32,1
2026-05-26,000333,14:12:42,79.6400,80,2
2026-05-26,000333,14:12:45,79.6400,1,2
2026-05-26,000333,14:12:48,79.6500,7,1
2026-05-26,000333,14:12:51,79.6500,26,1
2026-05-26,000333,14:12:54,79.6600,11,1
2026-05-26,000333,14:12:57,79.6600,16,1
2026-05-26,000333,14:13:03,79.6600,14,1
2026-05-26,000333,14:13:06,79.6600,24,1
2026-05-26,000333,14:13:09,79.6500,31,2
2026-05-26,000333,14:13:12,79.6500,6,2
2026-05-26,000333,14:13:15,79.6400,361,2
2026-05-26,000333,14:13:18,79.6400,9,1
2026-05-26,000333,14:13:21,79.6200,9,1
2026-05-26,000333,14:13:24,79.6200,2,1
2026-05-26,000333,14:13:27,79.6100,314,2
2026-05-26,000333,14:13:30,79.6200,7,2
2026-05-26,000333,14:13:33,79.6200,25,1
2026-05-26,000333,14:13:36,79.6100,18,2
2026-05-26,000333,14:13:39,79.6100,15,2
2026-05-26,000333,14:13:42,79.6000,26,2
2026-05-26,000333,14:13:45,79.6100,55,1
2026-05-26,000333,14:13:48,79.6100,74,1
2026-05-26,000333,14:13:51,79.6100,17,1
2026-05-26,000333,14:13:54,79.6100,18,1
2026-05-26,000333,14:13:57,79.6100,6,1
2026-05-26,000333,14:14:00,79.6200,56,1
2026-05-26,000333,14:14:03,79.6000,10,2
2026-05-26,000333,14:14:06,79.6100,10,1
2026-05-26,000333,14:14:09,79.6100,14,2
2026-05-26,000333,14:14:12,79.6200,2,1
2026-05-26,000333,14:14:15,79.5900,177,2
2026-05-26,000333,14:14:18,79.6100,42,1
2026-05-26,000333,14:14:21,79.5900,3,2
2026-05-26,000333,14:14:24,79.6100,16,1
2026-05-26,000333,14:14:27,79.5900,3,2
2026-05-26,000333,14:14:30,79.5900,39,2
2026-05-26,000333,14:14:33,79.5900,50,2
2026-05-26,000333,14:14:36,79.5900,36,2
2026-05-26,000333,14:14:39,79.5900,18,2
2026-05-26,000333,14:14:42,79.5900,10,1
2026-05-26,000333,14:14:45,79.5900,44,1
2026-05-26,000333,14:14:48,79.5900,7,1
2026-05-26,000333,14:14:51,79.6000,7,1
2026-05-26,000333,14:14:57,79.6000,209,2
2026-05-26,000333,14:15:00,79.6300,5,1
2026-05-26,000333,14:15:03,79.6200,5,4
2026-05-26,000333,14:15:06,79.6100,2,2
2026-05-26,000333,14:15:09,79.6000,25,2
2026-05-26,000333,14:15:12,79.5900,64,2
2026-05-26,000333,14:15:15,79.6100,41,1
2026-05-26,000333,14:15:18,79.5900,6,2
2026-05-26,000333,14:15:21,79.6100,269,1
2026-05-26,000333,14:15:24,79.6100,20,2
2026-05-26,000333,14:15:27,79.6100,10,1
2026-05-26,000333,14:15:30,79.6100,23,1
2026-05-26,000333,14:15:33,79.6100,41,2
2026-05-26,000333,14:15:36,79.6100,1,1
2026-05-26,000333,14:15:39,79.6100,18,2
2026-05-26,000333,14:15:42,79.6100,6,2
2026-05-26,000333,14:15:45,79.6000,68,2
2026-05-26,000333,14:15:48,79.6000,51,2
2026-05-26,000333,14:15:51,79.6000,10,4
2026-05-26,000333,14:15:57,79.6000,62,1
2026-05-26,000333,14:16:00,79.5900,1,2
2026-05-26,000333,14:16:03,79.5900,18,2
2026-05-26,000333,14:16:06,79.6000,117,1
2026-05-26,000333,14:16:09,79.6000,18,1
2026-05-26,000333,14:16:12,79.6000,29,1
2026-05-26,000333,14:16:15,79.5900,44,2
2026-05-26,000333,14:16:18,79.5900,115,2
2026-05-26,000333,14:16:21,79.5900,8,2
2026-05-26,000333,14:16:24,79.6100,6,1
2026-05-26,000333,14:16:27,79.6000,1,2
2026-05-26,000333,14:16:30,79.6000,22,2
2026-05-26,000333,14:16:33,79.6100,16,1
2026-05-26,000333,14:16:36,79.6000,9,2
2026-05-26,000333,14:16:39,79.6000,22,2
2026-05-26,000333,14:16:42,79.6000,1,1
2026-05-26,000333,14:16:45,79.5900,54,2
2026-05-26,000333,14:16:51,79.5900,53,2
2026-05-26,000333,14:16:54,79.5900,6,2
2026-05-26,000333,14:16:57,79.5800,2,2
2026-05-26,000333,14:17:00,79.5800,21,2
2026-05-26,000333,14:17:03,79.5800,207,2
2026-05-26,000333,14:17:06,79.5700,274,2
2026-05-26,000333,14:17:09,79.5500,34,2
2026-05-26,000333,14:17:12,79.5500,67,2
2026-05-26,000333,14:17:15,79.5600,26,1
2026-05-26,000333,14:17:18,79.5600,27,1
2026-05-26,000333,14:17:21,79.5700,39,1
2026-05-26,000333,14:17:24,79.5500,45,2
2026-05-26,000333,14:17:27,79.5600,13,4
2026-05-26,000333,14:17:30,79.5600,14,2
2026-05-26,000333,14:17:33,79.5500,11,2
2026-05-26,000333,14:17:36,79.5700,32,1
2026-05-26,000333,14:17:39,79.5400,111,2
2026-05-26,000333,14:17:42,79.5400,33,1
2026-05-26,000333,14:17:45,79.5300,56,2
2026-05-26,000333,14:17:48,79.5400,5,2
2026-05-26,000333,14:17:51,79.5300,10,2
2026-05-26,000333,14:17:54,79.5400,40,1
2026-05-26,000333,14:17:57,79.5300,35,2
2026-05-26,000333,14:18:00,79.5300,3,2
2026-05-26,000333,14:18:03,79.5300,10,2
2026-05-26,000333,14:18:06,79.5400,23,1
2026-05-26,000333,14:18:09,79.5300,55,2
2026-05-26,000333,14:18:12,79.5300,4,2
2026-05-26,000333,14:18:15,79.5200,51,2
2026-05-26,000333,14:18:18,79.5300,2,4
2026-05-26,000333,14:18:21,79.5300,10,2
2026-05-26,000333,14:18:24,79.5300,11,2
2026-05-26,000333,14:18:27,79.5300,10,2
2026-05-26,000333,14:18:30,79.5400,5,1
2026-05-26,000333,14:18:33,79.5300,5,2
2026-05-26,000333,14:18:36,79.5300,11,2
2026-05-26,000333,14:18:39,79.5400,5,1
2026-05-26,000333,14:18:42,79.5400,49,1
2026-05-26,000333,14:18:45,79.5300,12,2
2026-05-26,000333,14:18:48,79.5200,69,2
2026-05-26,000333,14:18:51,79.5300,79,1
2026-05-26,000333,14:18:54,79.5200,42,2
2026-05-26,000333,14:18:57,79.5300,24,1
2026-05-26,000333,14:19:00,79.5300,19,1
2026-05-26,000333,14:19:03,79.5300,55,1
2026-05-26,000333,14:19:06,79.5300,40,1
2026-05-26,000333,14:19:09,79.5200,98,2
2026-05-26,000333,14:19:12,79.5300,25,1
2026-05-26,000333,14:19:15,79.5500,39,1
2026-05-26,000333,14:19:18,79.5200,10,2
2026-05-26,000333,14:19:21,79.5200,4,2
2026-05-26,000333,14:19:24,79.5300,20,2
2026-05-26,000333,14:19:27,79.5300,4,2
2026-05-26,000333,14:19:30,79.5400,28,1
2026-05-26,000333,14:19:33,79.5200,40,2
2026-05-26,000333,14:19:36,79.5300,17,1
2026-05-26,000333,14:19:39,79.5200,194,2
2026-05-26,000333,14:19:42,79.5300,10,1
2026-05-26,000333,14:19:45,79.5200,36,2
2026-05-26,000333,14:19:48,79.5200,32,2
2026-05-26,000333,14:19:51,79.5200,7,2
2026-05-26,000333,14:19:54,79.5200,32,2
2026-05-26,000333,14:19:57,79.5100,80,2
2026-05-26,000333,14:20:00,79.5200,51,1
2026-05-26,000333,14:20:03,79.5100,76,2
2026-05-26,000333,14:20:06,79.5100,394,1
2026-05-26,000333,14:20:09,79.4900,16,2
2026-05-26,000333,14:20:12,79.4800,6,2
2026-05-26,000333,14:20:15,79.4800,2,2
2026-05-26,000333,14:20:18,79.4800,2,2
2026-05-26,000333,14:20:21,79.4800,52,2
2026-05-26,000333,14:20:24,79.4900,97,1
2026-05-26,000333,14:20:27,79.4900,228,1
2026-05-26,000333,14:20:30,79.4800,142,2
2026-05-26,000333,14:20:33,79.4900,99,1
2026-05-26,000333,14:20:36,79.4900,7,2
2026-05-26,000333,14:20:39,79.4900,102,2
2026-05-26,000333,14:20:42,79.4900,154,1
2026-05-26,000333,14:20:45,79.4800,6,2
2026-05-26,000333,14:20:48,79.4900,41,1
2026-05-26,000333,14:20:51,79.4800,31,2
2026-05-26,000333,14:20:54,79.4800,8,2
2026-05-26,000333,14:20:57,79.4800,1,2
2026-05-26,000333,14:21:00,79.4800,10,2
2026-05-26,000333,14:21:03,79.5000,23,1
2026-05-26,000333,14:21:06,79.4900,88,4
2026-05-26,000333,14:21:09,79.4800,57,2
2026-05-26,000333,14:21:12,79.5000,138,1
2026-05-26,000333,14:21:15,79.5100,13,1
2026-05-26,000333,14:21:18,79.5100,11,2
2026-05-26,000333,14:21:21,79.5100,51,4
2026-05-26,000333,14:21:24,79.5000,44,2
2026-05-26,000333,14:21:27,79.5100,4,2
2026-05-26,000333,14:21:30,79.5200,106,1
2026-05-26,000333,14:21:33,79.5500,269,1
2026-05-26,000333,14:21:36,79.5100,211,2
2026-05-26,000333,14:21:39,79.5000,76,2
2026-05-26,000333,14:21:42,79.5200,10,1
2026-05-26,000333,14:21:45,79.5000,18,2
2026-05-26,000333,14:21:48,79.5200,2,1
2026-05-26,000333,14:21:51,79.5200,161,1
2026-05-26,000333,14:21:54,79.5300,8,1
2026-05-26,000333,14:21:57,79.5200,84,2
2026-05-26,000333,14:22:00,79.5200,24,2
2026-05-26,000333,14:22:03,79.5200,3,2
2026-05-26,000333,14:22:06,79.5200,2,2
2026-05-26,000333,14:22:09,79.5200,15,2
2026-05-26,000333,14:22:12,79.5200,47,2
2026-05-26,000333,14:22:15,79.5200,82,2
2026-05-26,000333,14:22:18,79.5200,36,1
2026-05-26,000333,14:22:21,79.5200,2,2
2026-05-26,000333,14:22:24,79.5300,24,1
2026-05-26,000333,14:22:27,79.5300,13,2
2026-05-26,000333,14:22:30,79.5300,50,2
2026-05-26,000333,14:22:33,79.5300,13,1
2026-05-26,000333,14:22:36,79.5300,15,1
2026-05-26,000333,14:22:39,79.5300,23,1
2026-05-26,000333,14:22:42,79.5200,32,2
2026-05-26,000333,14:22:45,79.5300,22,1
2026-05-26,000333,14:22:48,79.5200,119,2
2026-05-26,000333,14:22:51,79.5300,46,1
2026-05-26,000333,14:22:54,79.5400,2,1
2026-05-26,000333,14:23:00,79.5300,7,2
2026-05-26,000333,14:23:03,79.5500,37,1
2026-05-26,000333,14:23:06,79.5600,17,1
2026-05-26,000333,14:23:09,79.5500,32,2
2026-05-26,000333,14:23:12,79.5600,37,1
2026-05-26,000333,14:23:15,79.5700,14,1
2026-05-26,000333,14:23:18,79.5800,10,1
2026-05-26,000333,14:23:21,79.5700,6,2
2026-05-26,000333,14:23:24,79.5900,21,1
2026-05-26,000333,14:23:27,79.5800,30,1
2026-05-26,000333,14:23:30,79.5600,94,2
2026-05-26,000333,14:23:33,79.5600,130,1
2026-05-26,000333,14:23:36,79.5500,148,2
2026-05-26,000333,14:23:39,79.5500,47,2
2026-05-26,000333,14:23:42,79.5500,102,1
2026-05-26,000333,14:23:45,79.5400,13,2
2026-05-26,000333,14:23:48,79.5400,9,2
2026-05-26,000333,14:23:51,79.5400,1,2
2026-05-26,000333,14:23:54,79.5500,4,1
2026-05-26,000333,14:23:57,79.5500,10,1
2026-05-26,000333,14:24:00,79.5500,13,1
2026-05-26,000333,14:24:03,79.5600,108,1
2026-05-26,000333,14:24:06,79.5600,44,1
2026-05-26,000333,14:24:09,79.5600,28,1
2026-05-26,000333,14:24:12,79.5600,19,1
2026-05-26,000333,14:24:15,79.5600,13,1
2026-05-26,000333,14:24:18,79.5500,102,2
2026-05-26,000333,14:24:21,79.5500,48,2
2026-05-26,000333,14:24:24,79.5500,17,2
2026-05-26,000333,14:24:27,79.5500,8,2
2026-05-26,000333,14:24:30,79.5500,12,2
2026-05-26,000333,14:24:33,79.5600,19,1
2026-05-26,000333,14:24:36,79.5500,32,2
2026-05-26,000333,14:24:39,79.5500,60,2
2026-05-26,000333,14:24:42,79.5500,77,2
2026-05-26,000333,14:24:45,79.5600,12,1
2026-05-26,000333,14:24:48,79.5600,11,1
2026-05-26,000333,14:24:54,79.5600,17,2
2026-05-26,000333,14:24:57,79.5600,2,2
2026-05-26,000333,14:25:00,79.5500,76,2
2026-05-26,000333,14:25:03,79.5400,78,2
2026-05-26,000333,14:25:06,79.5600,57,1
2026-05-26,000333,14:25:09,79.5400,78,2
2026-05-26,000333,14:25:12,79.5500,12,1
2026-05-26,000333,14:25:15,79.5400,13,2
2026-05-26,000333,14:25:18,79.5500,14,2
2026-05-26,000333,14:25:21,79.5500,137,1
2026-05-26,000333,14:25:24,79.5400,26,2
2026-05-26,000333,14:25:27,79.5400,28,2
2026-05-26,000333,14:25:30,79.5600,22,1
2026-05-26,000333,14:25:33,79.5600,39,1
2026-05-26,000333,14:25:36,79.5600,25,2
2026-05-26,000333,14:25:39,79.5700,1,1
2026-05-26,000333,14:25:42,79.5700,7,1
2026-05-26,000333,14:25:45,79.5600,29,2
2026-05-26,000333,14:25:48,79.5600,27,2
2026-05-26,000333,14:25:51,79.5700,29,1
2026-05-26,000333,14:25:54,79.5700,24,1
2026-05-26,000333,14:25:57,79.5800,3,1
2026-05-26,000333,14:26:00,79.5800,7,1
2026-05-26,000333,14:26:03,79.5800,14,1
2026-05-26,000333,14:26:06,79.5800,31,1
2026-05-26,000333,14:26:09,79.5800,49,2
2026-05-26,000333,14:26:12,79.5900,12,1
2026-05-26,000333,14:26:15,79.6000,121,1
2026-05-26,000333,14:26:18,79.6000,64,4
2026-05-26,000333,14:26:21,79.6000,229,1
2026-05-26,000333,14:26:24,79.6000,44,2
2026-05-26,000333,14:26:27,79.6000,3,1
2026-05-26,000333,14:26:30,79.5900,25,2
2026-05-26,000333,14:26:33,79.5900,11,2
2026-05-26,000333,14:26:36,79.6000,43,1
2026-05-26,000333,14:26:39,79.5900,45,2
2026-05-26,000333,14:26:42,79.5900,16,2
2026-05-26,000333,14:26:45,79.5900,19,2
2026-05-26,000333,14:26:48,79.5900,16,2
2026-05-26,000333,14:26:51,79.6000,3,1
2026-05-26,000333,14:26:54,79.5900,11,2
2026-05-26,000333,14:26:57,79.5900,119,2
2026-05-26,000333,14:27:00,79.5900,44,2
2026-05-26,000333,14:27:03,79.5900,48,2
2026-05-26,000333,14:27:06,79.5900,6,2
2026-05-26,000333,14:27:09,79.5900,17,2
2026-05-26,000333,14:27:12,79.5900,41,2
2026-05-26,000333,14:27:15,79.5900,12,1
2026-05-26,000333,14:27:18,79.5900,14,2
2026-05-26,000333,14:27:21,79.5900,6,1
2026-05-26,000333,14:27:24,79.5800,22,2
2026-05-26,000333,14:27:27,79.5900,43,2
2026-05-26,000333,14:27:30,79.6000,1,1
2026-05-26,000333,14:27:33,79.6000,27,1
2026-05-26,000333,14:27:36,79.5900,2,2
2026-05-26,000333,14:27:39,79.6000,5,1
2026-05-26,000333,14:27:42,79.5900,42,2
2026-05-26,000333,14:27:45,79.6000,5,1
2026-05-26,000333,14:27:48,79.5900,3,2
2026-05-26,000333,14:27:51,79.6000,24,1
2026-05-26,000333,14:27:54,79.5900,48,2
2026-05-26,000333,14:27:57,79.5900,23,2
2026-05-26,000333,14:28:00,79.5900,107,2
2026-05-26,000333,14:28:03,79.6000,4,4
2026-05-26,000333,14:28:06,79.6000,11,1
2026-05-26,000333,14:28:09,79.6000,28,1
2026-05-26,000333,14:28:12,79.5900,12,2
2026-05-26,000333,14:28:15,79.5900,25,2
2026-05-26,000333,14:28:18,79.5900,110,2
2026-05-26,000333,14:28:21,79.6000,20,2
2026-05-26,000333,14:28:24,79.6100,17,1
2026-05-26,000333,14:28:27,79.6100,56,1
2026-05-26,000333,14:28:30,79.6000,5,2
2026-05-26,000333,14:28:33,79.6100,2,1
2026-05-26,000333,14:28:36,79.6000,26,2
2026-05-26,000333,14:28:39,79.6000,58,2
2026-05-26,000333,14:28:42,79.6000,22,1
2026-05-26,000333,14:28:45,79.5900,4,2
2026-05-26,000333,14:28:48,79.5900,16,2
2026-05-26,000333,14:28:51,79.6000,7,1
2026-05-26,000333,14:28:54,79.5900,12,2
2026-05-26,000333,14:28:57,79.6000,23,1
2026-05-26,000333,14:29:00,79.5800,49,2
2026-05-26,000333,14:29:03,79.5800,58,2
2026-05-26,000333,14:29:06,79.6000,34,1
2026-05-26,000333,14:29:09,79.5800,38,2
2026-05-26,000333,14:29:12,79.5800,138,2
2026-05-26,000333,14:29:15,79.6000,14,1
2026-05-26,000333,14:29:18,79.6000,73,1
2026-05-26,000333,14:29:21,79.6000,14,1
2026-05-26,000333,14:29:24,79.5900,51,2
2026-05-26,000333,14:29:27,79.6000,3,1
2026-05-26,000333,14:29:30,79.6000,11,2
2026-05-26,000333,14:29:33,79.6000,30,2
2026-05-26,000333,14:29:36,79.5900,38,2
2026-05-26,000333,14:29:39,79.5900,72,2
2026-05-26,000333,14:29:42,79.5800,11,2
2026-05-26,000333,14:29:45,79.5900,20,1
2026-05-26,000333,14:29:48,79.5800,35,2
2026-05-26,000333,14:29:51,79.5800,11,2
2026-05-26,000333,14:29:54,79.5900,26,4
2026-05-26,000333,14:29:57,79.5900,37,2
2026-05-26,000333,14:30:00,79.6000,13,1
2026-05-26,000333,14:30:03,79.6000,72,1
2026-05-26,000333,14:30:06,79.6000,26,1
2026-05-26,000333,14:30:09,79.5900,35,2
2026-05-26,000333,14:30:12,79.6000,4,1
2026-05-26,000333,14:30:15,79.5900,44,2
2026-05-26,000333,14:30:18,79.6100,89,1
2026-05-26,000333,14:30:21,79.6200,23,1
2026-05-26,000333,14:30:24,79.6200,56,1
2026-05-26,000333,14:30:27,79.6100,35,2
2026-05-26,000333,14:30:30,79.6200,4,1
2026-05-26,000333,14:30:33,79.6200,2,1
2026-05-26,000333,14:30:36,79.6200,45,1
2026-05-26,000333,14:30:39,79.6100,30,2
2026-05-26,000333,14:30:42,79.6100,35,2
2026-05-26,000333,14:30:45,79.6100,52,2
2026-05-26,000333,14:30:48,79.6200,14,1
2026-05-26,000333,14:30:51,79.6200,8,1
2026-05-26,000333,14:30:54,79.6300,48,1
2026-05-26,000333,14:30:57,79.6100,119,2
2026-05-26,000333,14:31:00,79.6000,4,2
2026-05-26,000333,14:31:06,79.6200,26,1
2026-05-26,000333,14:31:09,79.6300,73,1
2026-05-26,000333,14:31:12,79.6400,75,1
2026-05-26,000333,14:31:15,79.6500,16,1
2026-05-26,000333,14:31:18,79.6700,51,1
2026-05-26,000333,14:31:21,79.6800,10,1
2026-05-26,000333,14:31:24,79.6800,72,1
2026-05-26,000333,14:31:27,79.6800,37,1
2026-05-26,000333,14:31:30,79.6600,69,2
2026-05-26,000333,14:31:33,79.6600,46,2
2026-05-26,000333,14:31:36,79.6600,23,1
2026-05-26,000333,14:31:39,79.6400,97,2
2026-05-26,000333,14:31:42,79.6500,23,2
2026-05-26,000333,14:31:45,79.6400,31,2
2026-05-26,000333,14:31:48,79.6400,74,2
2026-05-26,000333,14:31:51,79.6400,36,2
2026-05-26,000333,14:31:54,79.6300,106,2
2026-05-26,000333,14:31:57,79.6400,26,4
2026-05-26,000333,14:32:00,79.6300,44,2
2026-05-26,000333,14:32:03,79.6300,9,2
2026-05-26,000333,14:32:06,79.6400,12,1
2026-05-26,000333,14:32:09,79.6400,17,1
2026-05-26,000333,14:32:12,79.6300,66,2
2026-05-26,000333,14:32:15,79.6300,37,2
2026-05-26,000333,14:32:18,79.6400,11,1
2026-05-26,000333,14:32:21,79.6300,2,2
2026-05-26,000333,14:32:24,79.6400,17,1
2026-05-26,000333,14:32:27,79.6400,9,1
2026-05-26,000333,14:32:30,79.6300,55,2
2026-05-26,000333,14:32:33,79.6400,63,1
2026-05-26,000333,14:32:36,79.6400,46,1
2026-05-26,000333,14:32:39,79.6400,41,1
2026-05-26,000333,14:32:42,79.6300,46,2
2026-05-26,000333,14:32:45,79.6300,28,2
2026-05-26,000333,14:32:48,79.6300,29,2
2026-05-26,000333,14:32:51,79.6300,83,2
2026-05-26,000333,14:32:54,79.6100,28,2
2026-05-26,000333,14:32:57,79.6400,45,1
2026-05-26,000333,14:33:00,79.6200,38,2
2026-05-26,000333,14:33:03,79.6400,25,1
2026-05-26,000333,14:33:06,79.6500,36,1
2026-05-26,000333,14:33:09,79.6400,68,2
2026-05-26,000333,14:33:12,79.6500,30,1
2026-05-26,000333,14:33:15,79.6300,120,2
2026-05-26,000333,14:33:18,79.6400,31,4
2026-05-26,000333,14:33:21,79.6300,9,2
2026-05-26,000333,14:33:24,79.6300,27,2
2026-05-26,000333,14:33:27,79.6300,68,2
2026-05-26,000333,14:33:30,79.6400,17,1
2026-05-26,000333,14:33:33,79.6400,3,2
2026-05-26,000333,14:33:36,79.6500,36,1
2026-05-26,000333,14:33:39,79.6300,19,2
2026-05-26,000333,14:33:42,79.6400,73,1
2026-05-26,000333,14:33:45,79.6300,34,2
2026-05-26,000333,14:33:48,79.6300,25,2
2026-05-26,000333,14:33:51,79.6400,15,1
2026-05-26,000333,14:33:54,79.6400,103,2
2026-05-26,000333,14:33:57,79.6500,1,1
2026-05-26,000333,14:34:00,79.6700,62,1
2026-05-26,000333,14:34:03,79.6600,29,4
2026-05-26,000333,14:34:06,79.6200,192,2
2026-05-26,000333,14:34:09,79.6200,67,2
2026-05-26,000333,14:34:12,79.6500,102,1
2026-05-26,000333,14:34:15,79.6200,22,2
2026-05-26,000333,14:34:18,79.6200,56,2
2026-05-26,000333,14:34:21,79.6200,14,2
2026-05-26,000333,14:34:24,79.6200,38,2
2026-05-26,000333,14:34:27,79.6200,9,2
2026-05-26,000333,14:34:30,79.6200,96,2
2026-05-26,000333,14:34:33,79.6300,38,1
2026-05-26,000333,14:34:39,79.6300,26,2
2026-05-26,000333,14:34:42,79.6300,14,1
2026-05-26,000333,14:34:45,79.6200,4,4
2026-05-26,000333,14:34:48,79.6100,99,2
2026-05-26,000333,14:34:51,79.6100,1,2
2026-05-26,000333,14:34:54,79.6100,79,2
2026-05-26,000333,14:35:03,79.6300,29,1
2026-05-26,000333,14:35:06,79.6200,38,2
2026-05-26,000333,14:35:09,79.6200,347,2
2026-05-26,000333,14:35:12,79.6400,22,1
2026-05-26,000333,14:35:15,79.6200,4,2
2026-05-26,000333,14:35:18,79.6300,2,1
2026-05-26,000333,14:35:21,79.6200,49,2
2026-05-26,000333,14:35:24,79.6200,12,2
2026-05-26,000333,14:35:27,79.6200,31,2
2026-05-26,000333,14:35:30,79.6200,35,2
2026-05-26,000333,14:35:33,79.6000,24,2
2026-05-26,000333,14:35:36,79.6000,64,2
2026-05-26,000333,14:35:39,79.6100,73,2
2026-05-26,000333,14:35:42,79.6000,25,4
2026-05-26,000333,14:35:45,79.5900,34,2
2026-05-26,000333,14:35:48,79.6000,22,1
2026-05-26,000333,14:35:51,79.6000,27,2
2026-05-26,000333,14:35:54,79.5900,53,2
2026-05-26,000333,14:35:57,79.5900,48,2
2026-05-26,000333,14:36:00,79.5900,46,2
2026-05-26,000333,14:36:03,79.5900,50,2
2026-05-26,000333,14:36:06,79.6000,69,1
2026-05-26,000333,14:36:09,79.6000,101,1
2026-05-26,000333,14:36:12,79.5900,20,2
2026-05-26,000333,14:36:15,79.5900,106,2
2026-05-26,000333,14:36:18,79.5800,44,2
2026-05-26,000333,14:36:21,79.5900,30,1
2026-05-26,000333,14:36:24,79.5900,26,1
2026-05-26,000333,14:36:27,79.5800,87,2
2026-05-26,000333,14:36:30,79.5800,25,2
2026-05-26,000333,14:36:33,79.5800,22,2
2026-05-26,000333,14:36:36,79.6000,87,1
2026-05-26,000333,14:36:39,79.5800,13,2
2026-05-26,000333,14:36:42,79.5900,35,1
2026-05-26,000333,14:36:45,79.5900,43,1
2026-05-26,000333,14:36:48,79.5900,51,1
2026-05-26,000333,14:36:51,79.5900,26,1
2026-05-26,000333,14:36:54,79.5900,26,1
2026-05-26,000333,14:36:57,79.5900,16,1
2026-05-26,000333,14:37:00,79.5800,141,2
2026-05-26,000333,14:37:03,79.5900,9,2
2026-05-26,000333,14:37:06,79.5900,26,2
2026-05-26,000333,14:37:09,79.6000,2,1
2026-05-26,000333,14:37:12,79.5900,23,2
2026-05-26,000333,14:37:15,79.5900,53,2
2026-05-26,000333,14:37:18,79.5900,50,2
2026-05-26,000333,14:37:21,79.5900,5,1
2026-05-26,000333,14:37:24,79.5900,7,1
2026-05-26,000333,14:37:27,79.5800,50,2
2026-05-26,000333,14:37:30,79.5800,56,2
2026-05-26,000333,14:37:33,79.5800,75,2
2026-05-26,000333,14:37:36,79.5800,234,2
2026-05-26,000333,14:37:39,79.5800,2,2
2026-05-26,000333,14:37:42,79.5800,6,2
2026-05-26,000333,14:37:45,79.5800,69,2
2026-05-26,000333,14:37:48,79.5900,79,1
2026-05-26,000333,14:37:51,79.5900,75,1
2026-05-26,000333,14:37:54,79.6000,58,1
2026-05-26,000333,14:37:57,79.6100,96,1
2026-05-26,000333,14:38:00,79.6000,182,2
2026-05-26,000333,14:38:03,79.5800,28,2
2026-05-26,000333,14:38:06,79.5800,35,2
2026-05-26,000333,14:38:09,79.5900,76,4
2026-05-26,000333,14:38:12,79.5800,109,2
2026-05-26,000333,14:38:15,79.5900,183,1
2026-05-26,000333,14:38:18,79.6000,1,4
2026-05-26,000333,14:38:21,79.6000,11,4
2026-05-26,000333,14:38:24,79.6000,14,2
2026-05-26,000333,14:38:27,79.6000,11,2
2026-05-26,000333,14:38:30,79.6200,87,1
2026-05-26,000333,14:38:33,79.6200,13,1
2026-05-26,000333,14:38:36,79.6100,43,2
2026-05-26,000333,14:38:39,79.6000,27,2
2026-05-26,000333,14:38:42,79.6000,9,2
2026-05-26,000333,14:38:45,79.6000,19,2
2026-05-26,000333,14:38:48,79.6000,129,2
2026-05-26,000333,14:38:51,79.6000,5,2
2026-05-26,000333,14:38:54,79.6000,8,2
2026-05-26,000333,14:38:57,79.6000,71,2
2026-05-26,000333,14:39:00,79.5800,178,2
2026-05-26,000333,14:39:03,79.5800,27,2
2026-05-26,000333,14:39:06,79.6000,35,1
2026-05-26,000333,14:39:09,79.5800,95,2
2026-05-26,000333,14:39:12,79.5900,23,1
2026-05-26,000333,14:39:15,79.5800,11,2
2026-05-26,000333,14:39:18,79.5800,8,2
2026-05-26,000333,14:39:21,79.5800,60,2
2026-05-26,000333,14:39:24,79.5800,19,2
2026-05-26,000333,14:39:27,79.5900,9,1
2026-05-26,000333,14:39:30,79.5800,32,2
2026-05-26,000333,14:39:33,79.5800,26,2
2026-05-26,000333,14:39:36,79.5800,18,2
2026-05-26,000333,14:39:39,79.5800,58,2
2026-05-26,000333,14:39:42,79.5700,52,2
2026-05-26,000333,14:39:45,79.5800,24,1
2026-05-26,000333,14:39:48,79.5700,52,2
2026-05-26,000333,14:39:51,79.5700,44,2
2026-05-26,000333,14:39:54,79.5800,111,1
2026-05-26,000333,14:39:57,79.5900,16,1
2026-05-26,000333,14:40:00,79.5900,15,1
2026-05-26,000333,14:40:03,79.5900,32,1
2026-05-26,000333,14:40:06,79.6000,68,1
2026-05-26,000333,14:40:09,79.5900,28,2
2026-05-26,000333,14:40:12,79.5800,68,2
2026-05-26,000333,14:40:15,79.5900,49,2
2026-05-26,000333,14:40:18,79.5900,4,2
2026-05-26,000333,14:40:21,79.6000,27,1
2026-05-26,000333,14:40:24,79.6000,25,1
2026-05-26,000333,14:40:27,79.6000,21,1
2026-05-26,000333,14:40:30,79.5900,174,2
2026-05-26,000333,14:40:33,79.5900,165,2
2026-05-26,000333,14:40:36,79.5900,78,2
2026-05-26,000333,14:40:39,79.5700,1,2
2026-05-26,000333,14:40:42,79.5800,20,1
2026-05-26,000333,14:40:45,79.5800,30,1
2026-05-26,000333,14:40:48,79.5800,41,1
2026-05-26,000333,14:40:51,79.5800,25,1
2026-05-26,000333,14:40:54,79.5700,41,2
2026-05-26,000333,14:40:57,79.5700,34,2
2026-05-26,000333,14:41:00,79.5600,16,2
2026-05-26,000333,14:41:03,79.5600,81,2
2026-05-26,000333,14:41:06,79.5600,12,2
2026-05-26,000333,14:41:09,79.5600,45,2
2026-05-26,000333,14:41:12,79.5500,17,2
2026-05-26,000333,14:41:15,79.5500,73,2
2026-05-26,000333,14:41:18,79.5600,81,4
2026-05-26,000333,14:41:21,79.5500,59,2
2026-05-26,000333,14:41:24,79.5400,21,2
2026-05-26,000333,14:41:27,79.5500,27,4
2026-05-26,000333,14:41:33,79.5600,39,1
2026-05-26,000333,14:41:36,79.5600,13,1
2026-05-26,000333,14:41:39,79.5500,39,2
2026-05-26,000333,14:41:42,79.5600,41,1
2026-05-26,000333,14:41:45,79.5600,55,1
2026-05-26,000333,14:41:48,79.5700,37,1
2026-05-26,000333,14:41:51,79.5600,18,2
2026-05-26,000333,14:41:54,79.5700,35,1
2026-05-26,000333,14:41:57,79.5600,55,2
2026-05-26,000333,14:42:00,79.5700,12,1
2026-05-26,000333,14:42:03,79.5600,54,2
2026-05-26,000333,14:42:06,79.5700,5,1
2026-05-26,000333,14:42:09,79.5700,29,1
2026-05-26,000333,14:42:12,79.5700,13,1
2026-05-26,000333,14:42:15,79.5700,10,1
2026-05-26,000333,14:42:18,79.5600,11,2
2026-05-26,000333,14:42:21,79.5600,89,2
2026-05-26,000333,14:42:24,79.5600,5,2
2026-05-26,000333,14:42:27,79.5700,8,1
2026-05-26,000333,14:42:33,79.5800,168,1
2026-05-26,000333,14:42:36,79.5800,8,1
2026-05-26,000333,14:42:39,79.5700,26,2
2026-05-26,000333,14:42:42,79.5700,21,2
2026-05-26,000333,14:42:45,79.5800,33,1
2026-05-26,000333,14:42:48,79.5700,12,2
2026-05-26,000333,14:42:54,79.5800,8,1
2026-05-26,000333,14:42:57,79.5700,68,2
2026-05-26,000333,14:43:00,79.5700,70,2
2026-05-26,000333,14:43:03,79.5800,22,1
2026-05-26,000333,14:43:06,79.5600,22,2
2026-05-26,000333,14:43:09,79.5600,23,2
2026-05-26,000333,14:43:12,79.5700,110,1
2026-05-26,000333,14:43:15,79.5700,22,1
2026-05-26,000333,14:43:18,79.5800,12,1
2026-05-26,000333,14:43:21,79.5800,11,1
2026-05-26,000333,14:43:24,79.5800,13,1
2026-05-26,000333,14:43:27,79.5800,6,1
2026-05-26,000333,14:43:30,79.5800,38,1
2026-05-26,000333,14:43:33,79.5700,71,2
2026-05-26,000333,14:43:36,79.5800,33,1
2026-05-26,000333,14:43:39,79.5700,67,2
2026-05-26,000333,14:43:42,79.5700,29,1
2026-05-26,000333,14:43:45,79.5700,45,1
2026-05-26,000333,14:43:48,79.5700,31,1
2026-05-26,000333,14:43:51,79.5800,47,1
2026-05-26,000333,14:43:54,79.5600,35,2
2026-05-26,000333,14:43:57,79.5600,326,2
2026-05-26,000333,14:44:00,79.5600,62,2
2026-05-26,000333,14:44:03,79.5600,48,2
2026-05-26,000333,14:44:06,79.5500,37,2
2026-05-26,000333,14:44:09,79.5600,2,1
2026-05-26,000333,14:44:12,79.5500,13,2
2026-05-26,000333,14:44:15,79.5500,33,2
2026-05-26,000333,14:44:18,79.5500,21,2
2026-05-26,000333,14:44:21,79.5600,8,1
2026-05-26,000333,14:44:24,79.5500,40,2
2026-05-26,000333,14:44:27,79.5500,38,2
2026-05-26,000333,14:44:30,79.5400,18,2
2026-05-26,000333,14:44:33,79.5400,54,2
2026-05-26,000333,14:44:36,79.5400,10,2
2026-05-26,000333,14:44:39,79.5400,122,2
2026-05-26,000333,14:44:42,79.5400,6,1
2026-05-26,000333,14:44:45,79.5300,19,2
2026-05-26,000333,14:44:48,79.5400,63,1
2026-05-26,000333,14:44:51,79.5400,80,1
2026-05-26,000333,14:44:54,79.5400,72,2
2026-05-26,000333,14:44:57,79.5500,19,1
2026-05-26,000333,14:45:00,79.5600,166,1
2026-05-26,000333,14:45:03,79.5500,8,2
2026-05-26,000333,14:45:06,79.5600,56,1
2026-05-26,000333,14:45:09,79.5500,5,2
2026-05-26,000333,14:45:12,79.5500,78,1
2026-05-26,000333,14:45:15,79.5400,60,2
2026-05-26,000333,14:45:21,79.5400,38,2
2026-05-26,000333,14:45:24,79.5400,16,1
2026-05-26,000333,14:45:27,79.5400,47,1
2026-05-26,000333,14:45:30,79.5300,58,2
2026-05-26,000333,14:45:33,79.5300,17,2
2026-05-26,000333,14:45:36,79.5400,40,1
2026-05-26,000333,14:45:39,79.5300,46,2
2026-05-26,000333,14:45:42,79.5300,54,1
2026-05-26,000333,14:45:45,79.5300,5,1
2026-05-26,000333,14:45:48,79.5300,79,1
2026-05-26,000333,14:45:51,79.5300,61,1
2026-05-26,000333,14:45:54,79.5200,4,2
2026-05-26,000333,14:45:57,79.5300,42,1
2026-05-26,000333,14:46:00,79.5200,16,2
2026-05-26,000333,14:46:03,79.5200,4,2
2026-05-26,000333,14:46:06,79.5300,36,1
2026-05-26,000333,14:46:09,79.5300,101,1
2026-05-26,000333,14:46:12,79.5300,48,1
2026-05-26,000333,14:46:15,79.5300,51,1
2026-05-26,000333,14:46:18,79.5500,8,1
2026-05-26,000333,14:46:21,79.5300,16,2
2026-05-26,000333,14:46:24,79.5400,32,1
2026-05-26,000333,14:46:27,79.5400,12,2
2026-05-26,000333,14:46:30,79.5400,54,2
2026-05-26,000333,14:46:33,79.5700,25,1
2026-05-26,000333,14:46:36,79.5300,40,2
2026-05-26,000333,14:46:39,79.5400,2,2
2026-05-26,000333,14:46:42,79.5300,6,2
2026-05-26,000333,14:46:45,79.5300,26,2
2026-05-26,000333,14:46:48,79.5300,11,2
2026-05-26,000333,14:46:51,79.5300,12,2
2026-05-26,000333,14:46:57,79.5300,8,2
2026-05-26,000333,14:47:00,79.5300,35,1
2026-05-26,000333,14:47:03,79.5200,16,2
2026-05-26,000333,14:47:06,79.5200,43,2
2026-05-26,000333,14:47:09,79.5200,122,2
2026-05-26,000333,14:47:12,79.5200,127,1
2026-05-26,000333,14:47:15,79.5200,34,1
2026-05-26,000333,14:47:18,79.5100,333,2
2026-05-26,000333,14:47:21,79.5100,116,2
2026-05-26,000333,14:47:24,79.5100,92,2
2026-05-26,000333,14:47:27,79.5100,125,2
2026-05-26,000333,14:47:30,79.5100,45,2
2026-05-26,000333,14:47:33,79.5100,48,2
2026-05-26,000333,14:47:36,79.5200,22,1
2026-05-26,000333,14:47:39,79.5100,92,2
2026-05-26,000333,14:47:42,79.5000,13,2
2026-05-26,000333,14:47:45,79.5000,514,2
2026-05-26,000333,14:47:48,79.4900,24,2
2026-05-26,000333,14:47:51,79.5000,111,1
2026-05-26,000333,14:47:54,79.4900,37,2
2026-05-26,000333,14:47:57,79.4900,38,2
2026-05-26,000333,14:48:00,79.5000,4,4
2026-05-26,000333,14:48:03,79.4900,27,2
2026-05-26,000333,14:48:06,79.4900,239,2
2026-05-26,000333,14:48:09,79.4700,55,2
2026-05-26,000333,14:48:12,79.4700,6,1
2026-05-26,000333,14:48:15,79.4700,46,1
2026-05-26,000333,14:48:18,79.4700,55,1
2026-05-26,000333,14:48:21,79.4700,16,1
2026-05-26,000333,14:48:24,79.4600,40,2
2026-05-26,000333,14:48:27,79.4600,79,2
2026-05-26,000333,14:48:30,79.4600,39,1
2026-05-26,000333,14:48:33,79.4800,90,1
2026-05-26,000333,14:48:36,79.4600,86,2
2026-05-26,000333,14:48:39,79.4900,20,2
2026-05-26,000333,14:48:42,79.4900,16,2
2026-05-26,000333,14:48:45,79.4900,17,2
2026-05-26,000333,14:48:48,79.4900,60,2
2026-05-26,000333,14:48:51,79.4800,125,2
2026-05-26,000333,14:48:54,79.4900,2,1
2026-05-26,000333,14:48:57,79.4900,3,1
2026-05-26,000333,14:49:00,79.4900,10,1
2026-05-26,000333,14:49:03,79.4900,6,1
2026-05-26,000333,14:49:06,79.4900,41,1
2026-05-26,000333,14:49:09,79.4900,27,2
2026-05-26,000333,14:49:12,79.4900,52,1
2026-05-26,000333,14:49:15,79.4900,21,2
2026-05-26,000333,14:49:18,79.4900,25,2
2026-05-26,000333,14:49:21,79.4900,5,2
2026-05-26,000333,14:49:24,79.5200,213,1
2026-05-26,000333,14:49:27,79.4900,27,2
2026-05-26,000333,14:49:30,79.4900,31,2
2026-05-26,000333,14:49:33,79.4900,54,2
2026-05-26,000333,14:49:36,79.4800,19,2
2026-05-26,000333,14:49:39,79.4700,80,2
2026-05-26,000333,14:49:42,79.4700,111,4
2026-05-26,000333,14:49:45,79.4600,266,2
2026-05-26,000333,14:49:48,79.4600,132,1
2026-05-26,000333,14:49:51,79.4300,113,2
2026-05-26,000333,14:49:54,79.4300,101,2
2026-05-26,000333,14:49:57,79.4400,14,1
2026-05-26,000333,14:50:00,79.4600,140,1
2026-05-26,000333,14:50:03,79.4600,36,2
2026-05-26,000333,14:50:06,79.4600,54,2
2026-05-26,000333,14:50:09,79.4600,39,2
2026-05-26,000333,14:50:12,79.4600,15,2
2026-05-26,000333,14:50:15,79.4600,56,1
2026-05-26,000333,14:50:18,79.4700,103,1
2026-05-26,000333,14:50:21,79.4700,42,1
2026-05-26,000333,14:50:24,79.4700,167,1
2026-05-26,000333,14:50:27,79.4500,82,2
2026-05-26,000333,14:50:30,79.4700,7,1
2026-05-26,000333,14:50:33,79.4600,63,2
2026-05-26,000333,14:50:36,79.4700,282,1
2026-05-26,000333,14:50:39,79.4600,32,2
2026-05-26,000333,14:50:42,79.4700,14,1
2026-05-26,000333,14:50:45,79.4700,14,1
2026-05-26,000333,14:50:48,79.4800,143,1
2026-05-26,000333,14:50:51,79.4700,16,4
2026-05-26,000333,14:50:54,79.4600,45,2
2026-05-26,000333,14:50:57,79.4800,42,1
2026-05-26,000333,14:51:00,79.5200,141,1
2026-05-26,000333,14:51:03,79.5200,43,1
2026-05-26,000333,14:51:06,79.5000,568,2
2026-05-26,000333,14:51:09,79.5000,19,4
2026-05-26,000333,14:51:12,79.5000,17,1
2026-05-26,000333,14:51:15,79.5000,63,1
2026-05-26,000333,14:51:18,79.4900,39,2
2026-05-26,000333,14:51:21,79.5000,69,1
2026-05-26,000333,14:51:24,79.5000,18,1
2026-05-26,000333,14:51:27,79.5000,53,1
2026-05-26,000333,14:51:30,79.4800,73,2
2026-05-26,000333,14:51:33,79.4800,33,2
2026-05-26,000333,14:51:36,79.4800,49,2
2026-05-26,000333,14:51:39,79.4800,66,2
2026-05-26,000333,14:51:42,79.4700,116,2
2026-05-26,000333,14:51:45,79.4800,70,1
2026-05-26,000333,14:51:48,79.4800,87,2
2026-05-26,000333,14:51:51,79.4900,46,1
2026-05-26,000333,14:51:54,79.4900,11,2
2026-05-26,000333,14:51:57,79.5000,28,1
2026-05-26,000333,14:52:00,79.4900,105,2
2026-05-26,000333,14:52:03,79.5100,29,2
2026-05-26,000333,14:52:06,79.5100,83,2
2026-05-26,000333,14:52:09,79.5500,392,1
2026-05-26,000333,14:52:12,79.5300,35,2
2026-05-26,000333,14:52:15,79.5100,36,2
2026-05-26,000333,14:52:18,79.5200,24,4
2026-05-26,000333,14:52:21,79.5400,323,1
2026-05-26,000333,14:52:24,79.5600,17,1
2026-05-26,000333,14:52:27,79.5500,17,2
2026-05-26,000333,14:52:30,79.5600,25,1
2026-05-26,000333,14:52:33,79.5600,2,1
2026-05-26,000333,14:52:36,79.5500,9,2
2026-05-26,000333,14:52:39,79.5500,27,2
2026-05-26,000333,14:52:42,79.5500,41,2
2026-05-26,000333,14:52:45,79.5600,21,1
2026-05-26,000333,14:52:48,79.5600,178,1
2026-05-26,000333,14:52:51,79.5700,7,1
2026-05-26,000333,14:52:54,79.5600,34,2
2026-05-26,000333,14:52:57,79.5600,9,2
2026-05-26,000333,14:53:00,79.5700,3,2
2026-05-26,000333,14:53:03,79.5600,24,2
2026-05-26,000333,14:53:06,79.5800,157,1
2026-05-26,000333,14:53:09,79.5800,88,2
2026-05-26,000333,14:53:12,79.5800,9,2
2026-05-26,000333,14:53:15,79.5800,11,2
2026-05-26,000333,14:53:18,79.5800,72,2
2026-05-26,000333,14:53:21,79.5800,201,2
2026-05-26,000333,14:53:24,79.5800,22,1
2026-05-26,000333,14:53:27,79.5700,15,1
2026-05-26,000333,14:53:30,79.5600,44,2
2026-05-26,000333,14:53:33,79.5700,16,1
2026-05-26,000333,14:53:36,79.5600,13,2
2026-05-26,000333,14:53:39,79.5700,113,1
2026-05-26,000333,14:53:42,79.5700,10,2
2026-05-26,000333,14:53:45,79.5700,3,1
2026-05-26,000333,14:53:51,79.5600,3,2
2026-05-26,000333,14:53:54,79.5700,27,1
2026-05-26,000333,14:53:57,79.6100,518,1
2026-05-26,000333,14:54:00,79.6000,43,4
2026-05-26,000333,14:54:03,79.5900,32,2
2026-05-26,000333,14:54:06,79.5900,57,2
2026-05-26,000333,14:54:09,79.6100,192,1
2026-05-26,000333,14:54:12,79.6000,86,2
2026-05-26,000333,14:54:15,79.6200,534,1
2026-05-26,000333,14:54:18,79.6300,25,2
2026-05-26,000333,14:54:21,79.6200,59,2
2026-05-26,000333,14:54:24,79.7200,355,1
2026-05-26,000333,14:54:27,79.6500,10,2
2026-05-26,000333,14:54:30,79.6600,8,4
2026-05-26,000333,14:54:33,79.6700,9,1
2026-05-26,000333,14:54:36,79.6000,102,2
2026-05-26,000333,14:54:39,79.6800,204,1
2026-05-26,000333,14:54:42,79.6400,13,1
2026-05-26,000333,14:54:45,79.6400,21,2
2026-05-26,000333,14:54:48,79.6500,2,2
2026-05-26,000333,14:54:51,79.6500,12,2
2026-05-26,000333,14:54:54,79.6300,24,2
2026-05-26,000333,14:54:57,79.6400,6,1
2026-05-26,000333,14:55:00,79.6300,42,2
2026-05-26,000333,14:55:03,79.6700,86,1
2026-05-26,000333,14:55:06,79.6300,76,2
2026-05-26,000333,14:55:09,79.6700,127,1
2026-05-26,000333,14:55:12,79.6700,18,4
2026-05-26,000333,14:55:15,79.6700,25,1
2026-05-26,000333,14:55:18,79.6300,23,2
2026-05-26,000333,14:55:21,79.6700,53,1
2026-05-26,000333,14:55:24,79.6300,39,2
2026-05-26,000333,14:55:27,79.5800,35,2
2026-05-26,000333,14:55:30,79.6000,19,1
2026-05-26,000333,14:55:33,79.6000,199,1
2026-05-26,000333,14:55:36,79.6300,61,1
2026-05-26,000333,14:55:39,79.6500,50,1
2026-05-26,000333,14:55:42,79.6100,5,2
2026-05-26,000333,14:55:45,79.5900,34,2
2026-05-26,000333,14:55:48,79.5700,32,2
2026-05-26,000333,14:55:51,79.5800,37,1
2026-05-26,000333,14:55:54,79.5800,47,1
2026-05-26,000333,14:55:57,79.5800,41,1
2026-05-26,000333,14:56:00,79.5500,18,2
2026-05-26,000333,14:56:03,79.5200,69,2
2026-05-26,000333,14:56:06,79.5400,47,1
2026-05-26,000333,14:56:09,79.5400,35,1
2026-05-26,000333,14:56:12,79.5300,67,2
2026-05-26,000333,14:56:15,79.5400,22,1
2026-05-26,000333,14:56:18,79.5400,80,1
2026-05-26,000333,14:56:21,79.5500,36,1
2026-05-26,000333,14:56:24,79.5800,8,1
2026-05-26,000333,14:56:27,79.5800,50,1
2026-05-26,000333,14:56:30,79.6000,36,1
2026-05-26,000333,14:56:33,79.5600,181,2
2026-05-26,000333,14:56:36,79.5600,65,4
2026-05-26,000333,14:56:39,79.5300,49,2
2026-05-26,000333,14:56:42,79.5100,168,2
2026-05-26,000333,14:56:45,79.5500,49,1
2026-05-26,000333,14:56:48,79.5700,46,1
2026-05-26,000333,14:56:51,79.5600,21,2
2026-05-26,000333,14:56:54,79.5800,64,2
2026-05-26,000333,14:56:57,79.7100,52,1
2026-05-26,000333,14:57:00,79.7200,7,1
2026-05-26,000333,15:00:01,79.5500,3567,4
2026-05-26,000333,13:13:36,79.7400,20,1
2026-05-26,000333,13:13:39,79.7400,13,1
2026-05-26,000333,13:13:42,79.7700,19,1
2026-05-26,000333,13:13:45,79.7600,2,2
2026-05-26,000333,13:13:48,79.7700,4,1
2026-05-26,000333,13:13:51,79.7800,1,1
2026-05-26,000333,13:13:54,79.7500,47,2
2026-05-26,000333,13:13:57,79.7500,9,2
2026-05-26,000333,13:14:00,79.7500,23,1
2026-05-26,000333,13:14:03,79.7500,43,1
2026-05-26,000333,13:14:06,79.7300,5,2
2026-05-26,000333,13:14:09,79.7400,17,2
2026-05-26,000333,13:14:12,79.7400,13,2
2026-05-26,000333,13:14:15,79.7800,26,1
2026-05-26,000333,13:14:18,79.7500,12,2
2026-05-26,000333,13:14:21,79.7500,81,2
2026-05-26,000333,13:14:24,79.7500,87,1
2026-05-26,000333,13:14:27,79.7500,8,2
2026-05-26,000333,13:14:30,79.7500,6,2
2026-05-26,000333,13:14:33,79.7400,1,2
2026-05-26,000333,13:14:36,79.7400,48,2
2026-05-26,000333,13:14:39,79.7300,34,2
2026-05-26,000333,13:14:42,79.7300,11,2
2026-05-26,000333,13:14:45,79.7300,11,2
2026-05-26,000333,13:14:48,79.7500,44,1
2026-05-26,000333,13:14:51,79.7300,30,2
2026-05-26,000333,13:14:54,79.7300,20,2
2026-05-26,000333,13:14:57,79.7300,9,2
2026-05-26,000333,13:15:00,79.7400,11,4
2026-05-26,000333,13:15:06,79.7300,2,1
2026-05-26,000333,13:15:09,79.7300,31,1
2026-05-26,000333,13:15:12,79.7000,42,2
2026-05-26,000333,13:15:15,79.7000,15,2
2026-05-26,000333,13:15:18,79.7000,96,2
2026-05-26,000333,13:15:21,79.7100,60,1
2026-05-26,000333,13:15:24,79.6800,11,2
2026-05-26,000333,13:15:27,79.6800,2,2
2026-05-26,000333,13:15:30,79.6800,9,2
2026-05-26,000333,13:15:33,79.6800,21,2
2026-05-26,000333,13:15:36,79.6800,92,2
2026-05-26,000333,13:15:39,79.6800,6,2
2026-05-26,000333,13:15:42,79.6900,36,1
2026-05-26,000333,13:15:51,79.6800,18,2
2026-05-26,000333,13:15:54,79.6800,3,2
2026-05-26,000333,13:15:57,79.6800,16,2
2026-05-26,000333,13:16:00,79.6800,31,2
2026-05-26,000333,13:16:03,79.6700,9,2
2026-05-26,000333,13:16:09,79.6800,16,1
2026-05-26,000333,13:16:12,79.6700,9,2
2026-05-26,000333,13:16:15,79.6700,110,2
2026-05-26,000333,13:16:18,79.6500,29,2
2026-05-26,000333,13:16:21,79.6600,26,1
2026-05-26,000333,13:16:24,79.6500,47,2
2026-05-26,000333,13:16:27,79.6400,59,2
2026-05-26,000333,13:16:30,79.6400,11,2
2026-05-26,000333,13:16:33,79.6400,32,2
2026-05-26,000333,13:16:36,79.6400,33,2
2026-05-26,000333,13:16:42,79.6200,19,2
2026-05-26,000333,13:16:45,79.6200,14,2
2026-05-26,000333,13:16:48,79.6500,10,1
2026-05-26,000333,13:16:51,79.6200,12,2
2026-05-26,000333,13:16:54,79.6200,29,2
2026-05-26,000333,13:16:57,79.6200,5,2
2026-05-26,000333,13:17:03,79.6500,44,1
2026-05-26,000333,13:17:06,79.6500,30,1
2026-05-26,000333,13:17:09,79.6500,3,1
2026-05-26,000333,13:17:12,79.6400,27,2
2026-05-26,000333,13:17:15,79.6500,10,1
2026-05-26,000333,13:17:18,79.6500,21,2
2026-05-26,000333,13:17:21,79.6600,51,1
2026-05-26,000333,13:17:24,79.6400,28,2
2026-05-26,000333,13:17:27,79.6200,43,2
2026-05-26,000333,13:17:30,79.6200,284,2
2026-05-26,000333,13:17:33,79.6100,18,2
2026-05-26,000333,13:17:36,79.6300,54,1
2026-05-26,000333,13:17:39,79.6500,28,1
2026-05-26,000333,13:17:42,79.6300,1,2
2026-05-26,000333,13:17:45,79.6400,10,2
2026-05-26,000333,13:17:48,79.6400,34,2
2026-05-26,000333,13:17:51,79.6600,18,1
2026-05-26,000333,13:17:54,79.6500,19,2
2026-05-26,000333,13:17:57,79.6700,1,1
2026-05-26,000333,13:18:00,79.6700,15,1
2026-05-26,000333,13:18:03,79.6600,4,4
2026-05-26,000333,13:18:09,79.6500,25,2
2026-05-26,000333,13:18:15,79.6500,33,2
2026-05-26,000333,13:18:18,79.6400,49,2
2026-05-26,000333,13:18:21,79.6500,6,1
2026-05-26,000333,13:18:24,79.6400,161,2
2026-05-26,000333,13:18:27,79.6400,13,2
2026-05-26,000333,13:18:33,79.6600,103,1
2026-05-26,000333,13:18:39,79.6500,13,2
2026-05-26,000333,13:18:42,79.6400,151,2
2026-05-26,000333,13:18:45,79.6300,100,2
2026-05-26,000333,13:18:48,79.6100,195,2
2026-05-26,000333,13:18:51,79.6200,35,1
2026-05-26,000333,13:18:54,79.6200,44,1
2026-05-26,000333,13:18:57,79.6000,9,2
2026-05-26,000333,13:19:00,79.6200,24,1
2026-05-26,000333,13:19:03,79.6200,78,1
2026-05-26,000333,13:19:06,79.6000,128,2
2026-05-26,000333,13:19:09,79.6200,54,1
2026-05-26,000333,13:19:12,79.6000,8,2
2026-05-26,000333,13:19:15,79.6000,38,2
2026-05-26,000333,13:19:18,79.6100,26,1
2026-05-26,000333,13:19:21,79.6100,23,1
2026-05-26,000333,13:19:24,79.6000,3,4
2026-05-26,000333,13:19:27,79.6000,13,1
2026-05-26,000333,13:19:33,79.6000,31,2
2026-05-26,000333,13:19:36,79.6000,145,1
2026-05-26,000333,13:19:39,79.5900,16,2
2026-05-26,000333,13:19:42,79.6000,22,2
2026-05-26,000333,13:19:45,79.5900,25,2
2026-05-26,000333,13:19:48,79.5900,16,2
2026-05-26,000333,13:19:51,79.6100,14,1
2026-05-26,000333,13:19:54,79.6000,1,2
2026-05-26,000333,13:19:57,79.6000,29,2
2026-05-26,000333,13:20:00,79.5900,17,2
2026-05-26,000333,13:20:03,79.6000,5,1
2026-05-26,000333,13:20:06,79.6000,8,1
2026-05-26,000333,13:20:09,79.6000,38,1
2026-05-26,000333,13:20:12,79.6000,9,2
2026-05-26,000333,13:20:15,79.5900,40,2
2026-05-26,000333,13:20:21,79.6000,3,1
2026-05-26,000333,13:20:24,79.6000,12,1
2026-05-26,000333,13:20:27,79.6100,20,1
2026-05-26,000333,13:20:30,79.6300,15,1
2026-05-26,000333,13:20:33,79.6000,41,2
2026-05-26,000333,13:20:36,79.6100,27,2
2026-05-26,000333,13:20:39,79.5900,21,2
2026-05-26,000333,13:20:42,79.5900,73,2
2026-05-26,000333,13:20:45,79.6000,14,4
2026-05-26,000333,13:20:48,79.5900,226,2
2026-05-26,000333,13:20:51,79.5800,584,2
2026-05-26,000333,13:20:54,79.5500,470,2
2026-05-26,000333,13:20:57,79.5600,163,1
2026-05-26,000333,13:21:00,79.5700,71,1
2026-05-26,000333,13:21:03,79.5400,29,2
2026-05-26,000333,13:21:06,79.5700,179,1
2026-05-26,000333,13:21:09,79.5600,24,2
2026-05-26,000333,13:21:12,79.5600,4,4
2026-05-26,000333,13:21:18,79.5400,72,2
2026-05-26,000333,13:21:21,79.5400,22,1
2026-05-26,000333,13:21:24,79.5400,33,1
2026-05-26,000333,13:21:27,79.5100,149,2
2026-05-26,000333,13:21:30,79.5000,13,2
2026-05-26,000333,13:21:33,79.5100,28,1
2026-05-26,000333,13:21:36,79.5100,107,1
2026-05-26,000333,13:21:39,79.5100,47,1
2026-05-26,000333,13:21:42,79.5100,88,1
2026-05-26,000333,13:21:45,79.5100,11,1
2026-05-26,000333,13:21:48,79.5100,168,1
2026-05-26,000333,13:21:51,79.5000,561,2
2026-05-26,000333,13:21:54,79.5100,10,1
2026-05-26,000333,13:21:57,79.5000,3,2
2026-05-26,000333,13:22:00,79.5000,104,2
2026-05-26,000333,13:22:03,79.5100,60,1
2026-05-26,000333,13:22:06,79.5100,29,1
2026-05-26,000333,13:22:09,79.5000,10,2
2026-05-26,000333,13:22:12,79.5000,1,2
2026-05-26,000333,13:22:15,79.4800,71,2
2026-05-26,000333,13:22:18,79.4800,9,2
2026-05-26,000333,13:22:21,79.4800,85,2
2026-05-26,000333,13:22:24,79.4900,181,4
2026-05-26,000333,13:22:27,79.4800,6,2
2026-05-26,000333,13:22:30,79.4700,4,1
2026-05-26,000333,13:22:33,79.4600,34,2
2026-05-26,000333,13:22:36,79.4500,83,2
2026-05-26,000333,13:22:39,79.4600,6,1
2026-05-26,000333,13:22:42,79.4500,33,2
2026-05-26,000333,13:22:45,79.4600,13,1
2026-05-26,000333,13:22:48,79.4600,35,1
2026-05-26,000333,13:22:51,79.4600,1,4
2026-05-26,000333,13:22:54,79.4700,1,1
2026-05-26,000333,13:22:57,79.4600,80,2
2026-05-26,000333,13:23:00,79.4600,12,1
2026-05-26,000333,13:23:03,79.4600,4,1
2026-05-26,000333,13:23:06,79.4600,5,1
2026-05-26,000333,13:23:09,79.4500,4,2
2026-05-26,000333,13:23:12,79.4600,7,1
2026-05-26,000333,13:23:15,79.4600,2,1
2026-05-26,000333,13:23:18,79.4500,52,2
2026-05-26,000333,13:23:21,79.4600,43,1
2026-05-26,000333,13:23:24,79.4500,10,2
2026-05-26,000333,13:23:27,79.4600,21,1
2026-05-26,000333,13:23:30,79.4600,42,1
2026-05-26,000333,13:23:33,79.4600,18,2
2026-05-26,000333,13:23:36,79.4600,106,1
2026-05-26,000333,13:23:39,79.4600,10,2
2026-05-26,000333,13:23:42,79.4600,7,2
2026-05-26,000333,13:23:45,79.4600,29,2
2026-05-26,000333,13:23:48,79.4500,44,2
2026-05-26,000333,13:23:51,79.4500,22,2
2026-05-26,000333,13:23:54,79.4500,28,2
2026-05-26,000333,13:23:57,79.4500,57,1
2026-05-26,000333,13:24:00,79.4500,114,4
2026-05-26,000333,13:24:03,79.4500,76,2
2026-05-26,000333,13:24:06,79.5000,8,1
2026-05-26,000333,13:24:09,79.5000,86,1
2026-05-26,000333,13:24:12,79.4800,52,2
2026-05-26,000333,13:24:15,79.4800,109,2
2026-05-26,000333,13:24:18,79.5100,625,1
2026-05-26,000333,13:24:21,79.5300,9,1
2026-05-26,000333,13:24:24,79.5400,9,1
2026-05-26,000333,13:24:27,79.5700,68,1
2026-05-26,000333,13:24:30,79.5400,34,2
2026-05-26,000333,13:24:33,79.5600,9,2
2026-05-26,000333,13:24:36,79.5500,79,4
2026-05-26,000333,13:24:39,79.5500,14,1
2026-05-26,000333,13:24:42,79.5500,7,4
2026-05-26,000333,13:24:45,79.5500,78,2
2026-05-26,000333,13:24:48,79.5900,11,1
2026-05-26,000333,13:24:51,79.6000,18,1
2026-05-26,000333,13:24:54,79.6100,44,1
2026-05-26,000333,13:24:57,79.6600,10,1
2026-05-26,000333,13:25:00,79.6200,18,2
2026-05-26,000333,13:25:03,79.6000,15,2
2026-05-26,000333,13:25:06,79.6000,31,2
2026-05-26,000333,13:25:09,79.5700,125,2
2026-05-26,000333,13:25:12,79.5800,41,1
2026-05-26,000333,13:25:15,79.5600,52,2
2026-05-26,000333,13:25:18,79.5500,1,2
2026-05-26,000333,13:25:21,79.5500,49,2
2026-05-26,000333,13:25:24,79.5600,52,2
2026-05-26,000333,13:25:27,79.5700,43,1
2026-05-26,000333,13:25:30,79.5700,8,1
2026-05-26,000333,13:25:33,79.5500,59,2
2026-05-26,000333,13:25:36,79.5500,2,2
2026-05-26,000333,13:25:39,79.5600,22,1
2026-05-26,000333,13:25:42,79.5400,23,2
2026-05-26,000333,13:25:45,79.5400,35,2
2026-05-26,000333,13:25:48,79.5400,98,2
2026-05-26,000333,13:25:51,79.5300,34,2
2026-05-26,000333,13:25:54,79.5400,27,1
2026-05-26,000333,13:25:57,79.5300,46,2
2026-05-26,000333,13:26:00,79.5200,21,2
2026-05-26,000333,13:26:03,79.5200,8,2
2026-05-26,000333,13:26:06,79.5300,13,1
2026-05-26,000333,13:26:09,79.5200,2,4
2026-05-26,000333,13:26:12,79.5300,3,1
2026-05-26,000333,13:26:15,79.5200,2,2
2026-05-26,000333,13:26:18,79.5100,8,2
2026-05-26,000333,13:26:21,79.5300,9,1
2026-05-26,000333,13:26:24,79.5300,13,1
2026-05-26,000333,13:26:27,79.5300,44,1
2026-05-26,000333,13:26:30,79.5100,12,2
2026-05-26,000333,13:26:33,79.5300,70,1
2026-05-26,000333,13:26:36,79.5400,51,1
2026-05-26,000333,13:26:39,79.5300,34,2
2026-05-26,000333,13:26:42,79.5400,81,1
2026-05-26,000333,13:26:45,79.5400,7,1
2026-05-26,000333,13:26:48,79.5400,9,1
2026-05-26,000333,13:26:51,79.5500,66,1
2026-05-26,000333,13:26:54,79.5400,14,2
2026-05-26,000333,13:26:57,79.5500,124,1
2026-05-26,000333,13:27:00,79.5700,8,1
2026-05-26,000333,13:27:03,79.5800,127,1
2026-05-26,000333,13:27:06,79.5800,4,4
2026-05-26,000333,13:27:09,79.5900,1,1
2026-05-26,000333,13:27:12,79.5600,21,2
2026-05-26,000333,13:27:15,79.5600,26,2
2026-05-26,000333,13:27:18,79.5500,57,2
2026-05-26,000333,13:27:21,79.5400,82,2
2026-05-26,000333,13:27:24,79.5900,17,1
2026-05-26,000333,13:27:27,79.5400,97,2
2026-05-26,000333,13:27:30,79.5300,26,2
2026-05-26,000333,13:27:33,79.5300,20,2
2026-05-26,000333,13:27:36,79.5500,5,1
2026-05-26,000333,13:27:39,79.5400,2,2
2026-05-26,000333,13:27:42,79.5500,16,1
2026-05-26,000333,13:27:45,79.5400,1,1
2026-05-26,000333,13:27:48,79.5400,9,1
2026-05-26,000333,13:27:51,79.5400,4,1
2026-05-26,000333,13:27:54,79.5400,23,1
2026-05-26,000333,13:27:57,79.5400,6,1
2026-05-26,000333,13:28:00,79.5400,73,1
2026-05-26,000333,13:28:03,79.5400,3,1
2026-05-26,000333,13:28:06,79.5200,25,2
2026-05-26,000333,13:28:09,79.5300,10,4
2026-05-26,000333,13:28:12,79.5200,11,2
2026-05-26,000333,13:28:15,79.5200,8,2
2026-05-26,000333,13:28:18,79.5200,39,2
2026-05-26,000333,13:28:21,79.5200,32,2
2026-05-26,000333,13:28:24,79.5200,2,1
2026-05-26,000333,13:28:27,79.5200,9,1
2026-05-26,000333,13:28:30,79.5200,21,1
2026-05-26,000333,13:28:33,79.5200,1,2
2026-05-26,000333,13:28:36,79.5200,21,1
2026-05-26,000333,13:28:39,79.5100,135,2
2026-05-26,000333,13:28:42,79.5200,1,1
2026-05-26,000333,13:28:45,79.5100,39,2
2026-05-26,000333,13:28:48,79.5700,18,1
2026-05-26,000333,13:28:54,79.5500,4,1
2026-05-26,000333,13:28:57,79.5200,10,2
2026-05-26,000333,13:29:00,79.5100,33,2
2026-05-26,000333,13:29:03,79.5100,28,2
2026-05-26,000333,13:29:06,79.5100,13,2
2026-05-26,000333,13:29:09,79.5000,17,2
2026-05-26,000333,13:29:12,79.5100,14,1
2026-05-26,000333,13:29:15,79.5100,60,2
2026-05-26,000333,13:29:18,79.5100,15,1
2026-05-26,000333,13:29:21,79.5000,36,2
2026-05-26,000333,13:29:24,79.5100,10,1
2026-05-26,000333,13:29:27,79.5100,43,1
2026-05-26,000333,13:29:30,79.5100,6,1
2026-05-26,000333,13:29:33,79.5100,7,1
2026-05-26,000333,13:29:36,79.5100,1,1
2026-05-26,000333,13:29:39,79.5000,90,2
2026-05-26,000333,13:29:42,79.5000,32,2
2026-05-26,000333,13:29:45,79.5400,3,1
2026-05-26,000333,13:29:48,79.5000,17,2
2026-05-26,000333,13:29:51,79.5400,1,1
2026-05-26,000333,13:29:54,79.5000,32,2
2026-05-26,000333,13:29:57,79.5200,27,1
2026-05-26,000333,13:30:03,79.5000,2,2
2026-05-26,000333,13:30:06,79.5100,6,1
2026-05-26,000333,13:30:09,79.5300,41,1
2026-05-26,000333,13:30:12,79.5300,2,1
2026-05-26,000333,13:30:15,79.5100,115,2
2026-05-26,000333,13:30:18,79.5000,46,2
2026-05-26,000333,13:30:21,79.5100,4,1
2026-05-26,000333,13:30:24,79.5100,10,1
2026-05-26,000333,13:30:27,79.5100,10,1
2026-05-26,000333,13:30:30,79.5100,22,1
2026-05-26,000333,13:30:33,79.5100,3,1
2026-05-26,000333,13:30:36,79.5100,45,1
2026-05-26,000333,13:30:39,79.5100,36,1
2026-05-26,000333,13:30:42,79.5100,52,4
2026-05-26,000333,13:30:45,79.5000,12,2
2026-05-26,000333,13:30:48,79.5100,2,4
2026-05-26,000333,13:30:51,79.5200,11,1
2026-05-26,000333,13:30:54,79.5200,6,1
2026-05-26,000333,13:30:57,79.5100,75,2
2026-05-26,000333,13:31:00,79.5300,5,1
2026-05-26,000333,13:31:03,79.5200,19,2
2026-05-26,000333,13:31:06,79.5500,25,1
2026-05-26,000333,13:31:09,79.5500,26,1
2026-05-26,000333,13:31:12,79.5600,11,1
2026-05-26,000333,13:31:15,79.5600,17,2
2026-05-26,000333,13:31:18,79.5700,27,1
2026-05-26,000333,13:31:21,79.5900,97,1
2026-05-26,000333,13:31:24,79.5600,90,2
2026-05-26,000333,13:31:27,79.6100,59,1
2026-05-26,000333,13:31:30,79.6100,13,1
2026-05-26,000333,13:31:33,79.5700,53,2
2026-05-26,000333,13:31:36,79.5800,13,1
2026-05-26,000333,13:31:39,79.5800,4,2
2026-05-26,000333,13:31:42,79.5800,13,2
2026-05-26,000333,13:31:48,79.5700,21,2
2026-05-26,000333,13:31:51,79.5800,17,1
2026-05-26,000333,13:31:54,79.5700,1,2
2026-05-26,000333,13:31:57,79.5800,21,1
2026-05-26,000333,13:32:03,79.5700,31,2
2026-05-26,000333,13:32:06,79.5900,20,1
2026-05-26,000333,13:32:09,79.5900,22,1
2026-05-26,000333,13:32:12,79.5800,12,2
2026-05-26,000333,13:32:15,79.5800,6,2
2026-05-26,000333,13:32:18,79.5800,10,2
2026-05-26,000333,13:32:21,79.5900,24,1
2026-05-26,000333,13:32:24,79.5900,13,2
2026-05-26,000333,13:32:27,79.5800,23,2
2026-05-26,000333,13:32:30,79.5900,18,2
2026-05-26,000333,13:32:33,79.5900,17,2
2026-05-26,000333,13:32:36,79.5900,9,2
2026-05-26,000333,13:32:39,79.5900,1,2
2026-05-26,000333,13:32:42,79.5900,9,2
2026-05-26,000333,13:32:45,79.6000,37,1
2026-05-26,000333,13:32:48,79.6000,29,2
2026-05-26,000333,13:32:51,79.6100,6,1
2026-05-26,000333,13:32:54,79.5900,61,2
2026-05-26,000333,13:32:57,79.6000,33,1
2026-05-26,000333,13:33:00,79.5900,80,2
2026-05-26,000333,13:33:03,79.5900,29,2
2026-05-26,000333,13:33:06,79.5900,431,1
2026-05-26,000333,13:33:09,79.5900,46,2
2026-05-26,000333,13:33:12,79.6300,7,1
2026-05-26,000333,13:33:15,79.6300,8,1
2026-05-26,000333,13:33:18,79.6000,38,2
2026-05-26,000333,13:33:21,79.6000,24,2
2026-05-26,000333,13:33:24,79.5900,16,2
2026-05-26,000333,13:33:27,79.6200,34,1
2026-05-26,000333,13:33:30,79.5900,1,2
2026-05-26,000333,13:33:33,79.5800,39,2
2026-05-26,000333,13:33:36,79.5600,203,2
2026-05-26,000333,13:33:39,79.5600,22,2
2026-05-26,000333,13:33:42,79.5800,10,1
2026-05-26,000333,13:33:45,79.5500,27,2
2026-05-26,000333,13:33:48,79.5700,16,1
2026-05-26,000333,13:33:51,79.5700,22,1
2026-05-26,000333,13:33:54,79.5500,77,2
2026-05-26,000333,13:33:57,79.5500,55,2
2026-05-26,000333,13:34:00,79.5300,88,2
2026-05-26,000333,13:34:03,79.5300,3,2
2026-05-26,000333,13:34:06,79.5600,44,1
2026-05-26,000333,13:34:12,79.5600,2,1
2026-05-26,000333,13:34:15,79.5400,55,2
2026-05-26,000333,13:34:18,79.5700,19,1
2026-05-26,000333,13:34:21,79.5600,17,2
2026-05-26,000333,13:34:24,79.5500,26,2
2026-05-26,000333,13:34:27,79.5300,49,2
2026-05-26,000333,13:34:30,79.5600,90,1
2026-05-26,000333,13:34:33,79.5600,16,2
2026-05-26,000333,13:34:36,79.5600,9,2
2026-05-26,000333,13:34:39,79.5600,13,2
2026-05-26,000333,13:34:42,79.5600,12,2
2026-05-26,000333,13:34:45,79.5600,13,2
2026-05-26,000333,13:34:48,79.5700,20,1
2026-05-26,000333,13:34:51,79.5800,59,1
2026-05-26,000333,13:34:54,79.6000,28,1
2026-05-26,000333,13:34:57,79.5800,17,2
2026-05-26,000333,13:35:00,79.5700,12,2
2026-05-26,000333,13:35:03,79.5700,39,2
2026-05-26,000333,13:35:06,79.5700,13,2
2026-05-26,000333,13:35:09,79.5700,14,2
2026-05-26,000333,13:35:12,79.5600,21,2
2026-05-26,000333,13:35:15,79.5600,10,2
2026-05-26,000333,13:35:18,79.5500,5,2
2026-05-26,000333,13:35:21,79.5500,17,2
2026-05-26,000333,13:35:24,79.5500,26,2
2026-05-26,000333,13:35:27,79.5400,52,2
2026-05-26,000333,13:35:30,79.5500,3,1
2026-05-26,000333,13:35:33,79.5500,16,1
2026-05-26,000333,13:35:36,79.5300,125,2
2026-05-26,000333,13:35:39,79.5500,7,4
2026-05-26,000333,13:35:42,79.5300,16,2
2026-05-26,000333,13:35:45,79.5400,8,4
2026-05-26,000333,13:35:48,79.5400,10,2
2026-05-26,000333,13:35:51,79.5400,9,2
2026-05-26,000333,13:35:54,79.5400,23,2
2026-05-26,000333,13:35:57,79.5200,11,2
2026-05-26,000333,13:36:00,79.5600,74,1
2026-05-26,000333,13:36:03,79.5700,41,1
2026-05-26,000333,13:36:06,79.5700,14,1
2026-05-26,000333,13:36:09,79.5800,17,1
2026-05-26,000333,13:36:12,79.5900,29,1
2026-05-26,000333,13:36:15,79.5700,10,2
2026-05-26,000333,13:36:18,79.5900,117,1
2026-05-26,000333,13:36:21,79.5900,12,4
2026-05-26,000333,13:36:24,79.5400,39,2
2026-05-26,000333,13:36:27,79.5400,9,2
2026-05-26,000333,13:36:30,79.5800,5,1
2026-05-26,000333,13:36:33,79.5800,38,1
2026-05-26,000333,13:36:36,79.5800,9,1
2026-05-26,000333,13:36:39,79.5900,33,1
2026-05-26,000333,13:36:42,79.6100,28,1
2026-05-26,000333,13:36:45,79.5800,11,2
2026-05-26,000333,13:36:48,79.5900,12,1
2026-05-26,000333,13:36:54,79.6000,69,2
2026-05-26,000333,13:36:57,79.6200,25,1
2026-05-26,000333,13:37:00,79.6000,30,2
2026-05-26,000333,13:37:03,79.6200,10,1
2026-05-26,000333,13:37:06,79.6100,64,1
2026-05-26,000333,13:37:09,79.6200,61,1
2026-05-26,000333,13:37:12,79.6200,1,1
2026-05-26,000333,13:37:15,79.6200,23,2
2026-05-26,000333,13:37:18,79.6000,11,2
2026-05-26,000333,13:37:21,79.6100,4,1
2026-05-26,000333,13:37:24,79.6100,7,2
2026-05-26,000333,13:37:27,79.6100,23,2
2026-05-26,000333,13:37:30,79.6100,6,2
2026-05-26,000333,13:37:33,79.6100,4,2
2026-05-26,000333,13:37:36,79.6100,29,1
2026-05-26,000333,13:37:39,79.5900,59,2
2026-05-26,000333,13:37:42,79.6100,3,1
2026-05-26,000333,13:37:45,79.6000,49,1
2026-05-26,000333,13:37:48,79.6200,4,1
2026-05-26,000333,13:37:51,79.5900,21,2
2026-05-26,000333,13:37:54,79.6000,9,4
2026-05-26,000333,13:38:00,79.6000,12,2
2026-05-26,000333,13:38:03,79.5900,34,2
2026-05-26,000333,13:38:06,79.6000,64,4
2026-05-26,000333,13:38:09,79.5800,70,2
2026-05-26,000333,13:38:12,79.5900,21,1
2026-05-26,000333,13:38:15,79.5700,12,2
2026-05-26,000333,13:38:18,79.5700,15,2
2026-05-26,000333,13:38:21,79.5800,10,4
2026-05-26,000333,13:38:27,79.5700,53,2
2026-05-26,000333,13:38:30,79.5700,13,2
2026-05-26,000333,13:38:33,79.5700,52,2
2026-05-26,000333,13:38:36,79.5700,24,2
2026-05-26,000333,13:38:39,79.5800,21,1
2026-05-26,000333,13:38:42,79.5700,19,2
2026-05-26,000333,13:38:45,79.5900,35,1
2026-05-26,000333,13:38:48,79.5800,8,2
2026-05-26,000333,13:38:51,79.5900,3,1
2026-05-26,000333,13:38:54,79.6100,431,1
2026-05-26,000333,13:38:57,79.6200,17,1
2026-05-26,000333,13:39:00,79.6400,58,1
2026-05-26,000333,13:39:03,79.6400,1,1
2026-05-26,000333,13:39:06,79.6400,25,1
2026-05-26,000333,13:39:12,79.6300,85,2
2026-05-26,000333,13:39:15,79.6300,8,2
2026-05-26,000333,13:39:18,79.6100,84,2
2026-05-26,000333,13:39:21,79.6500,17,1
2026-05-26,000333,13:39:24,79.6200,17,2
2026-05-26,000333,13:39:27,79.6200,35,2
2026-05-26,000333,13:39:30,79.6100,46,2
2026-05-26,000333,13:39:33,79.5900,56,2
2026-05-26,000333,13:39:36,79.6000,10,2
2026-05-26,000333,13:39:39,79.6000,60,1
2026-05-26,000333,13:39:42,79.6000,19,1
2026-05-26,000333,13:39:45,79.5900,16,2
2026-05-26,000333,13:39:48,79.5900,6,2
2026-05-26,000333,13:39:51,79.5900,28,2
2026-05-26,000333,13:39:54,79.5800,26,2
2026-05-26,000333,13:39:57,79.5800,9,1
2026-05-26,000333,13:40:00,79.5800,6,1
2026-05-26,000333,13:40:03,79.5700,21,2
2026-05-26,000333,13:40:06,79.5700,24,1
2026-05-26,000333,13:40:09,79.5700,46,1
2026-05-26,000333,13:40:12,79.5700,19,1
2026-05-26,000333,13:40:15,79.5500,45,2
2026-05-26,000333,13:40:18,79.5500,35,2
2026-05-26,000333,13:40:21,79.5600,49,4
2026-05-26,000333,13:40:24,79.5600,2,1
2026-05-26,000333,13:40:27,79.5500,14,2
2026-05-26,000333,13:40:30,79.5600,4,1
2026-05-26,000333,13:40:33,79.5700,44,1
2026-05-26,000333,13:40:36,79.5600,2,2
2026-05-26,000333,13:40:39,79.5700,2,1
2026-05-26,000333,13:40:42,79.5700,11,1
2026-05-26,000333,13:40:45,79.5700,3,1
2026-05-26,000333,13:40:48,79.5600,2,2
2026-05-26,000333,13:40:51,79.5600,13,2
2026-05-26,000333,13:40:54,79.5600,33,2
2026-05-26,000333,13:40:57,79.5600,46,2
2026-05-26,000333,13:41:00,79.5400,10,2
2026-05-26,000333,13:41:03,79.5500,9,1
2026-05-26,000333,13:41:06,79.5500,18,1
2026-05-26,000333,13:41:09,79.5500,53,1
2026-05-26,000333,13:41:12,79.5600,2,1
2026-05-26,000333,13:41:15,79.5600,38,1
2026-05-26,000333,13:41:18,79.5700,67,1
2026-05-26,000333,13:41:21,79.5700,9,2
2026-05-26,000333,13:41:24,79.5700,60,2
2026-05-26,000333,13:41:27,79.5500,75,2
2026-05-26,000333,13:41:30,79.5500,11,2
2026-05-26,000333,13:41:33,79.5500,8,2
2026-05-26,000333,13:41:36,79.5600,43,1
2026-05-26,000333,13:41:39,79.5800,44,1
2026-05-26,000333,13:41:42,79.5500,10,2
2026-05-26,000333,13:41:48,79.5500,15,2
2026-05-26,000333,13:41:51,79.5600,15,1
2026-05-26,000333,13:41:54,79.5500,55,2
2026-05-26,000333,13:41:57,79.5700,6,2
2026-05-26,000333,13:42:00,79.5800,26,1
2026-05-26,000333,13:42:03,79.5800,25,1
2026-05-26,000333,13:42:06,79.6000,8,1
2026-05-26,000333,13:42:09,79.6300,166,1
2026-05-26,000333,13:42:12,79.6400,44,1
2026-05-26,000333,13:42:15,79.6600,82,1
2026-05-26,000333,13:42:18,79.6700,21,1
2026-05-26,000333,13:42:21,79.6300,21,2
2026-05-26,000333,13:42:24,79.6600,29,1
2026-05-26,000333,13:42:27,79.6600,14,1
2026-05-26,000333,13:42:30,79.6300,17,2
2026-05-26,000333,13:42:33,79.6400,67,1
2026-05-26,000333,13:42:36,79.6400,43,1
2026-05-26,000333,13:42:39,79.6200,8,1
2026-05-26,000333,13:42:42,79.6000,27,2
2026-05-26,000333,13:42:45,79.6200,13,1
2026-05-26,000333,13:42:48,79.6400,11,1
2026-05-26,000333,13:42:51,79.6000,0,1
2026-05-26,000333,13:42:54,79.6400,38,1
2026-05-26,000333,13:42:57,79.6400,25,1
2026-05-26,000333,13:43:00,79.6000,6,2
2026-05-26,000333,13:43:03,79.6600,42,1
2026-05-26,000333,13:43:06,79.6600,15,1
2026-05-26,000333,13:43:09,79.6500,10,2
2026-05-26,000333,13:43:15,79.6600,10,1
2026-05-26,000333,13:43:18,79.6500,65,2
2026-05-26,000333,13:43:21,79.6600,34,1
2026-05-26,000333,13:43:24,79.6500,28,2
2026-05-26,000333,13:43:27,79.6500,24,2
2026-05-26,000333,13:43:30,79.6400,25,2
2026-05-26,000333,13:43:33,79.6800,433,1
2026-05-26,000333,13:43:36,79.6800,16,1
2026-05-26,000333,13:43:39,79.6800,9,2
2026-05-26,000333,13:43:42,79.6800,5,1
2026-05-26,000333,13:43:45,79.7000,116,1
2026-05-26,000333,13:43:51,79.6800,6,1
2026-05-26,000333,13:43:54,79.6900,1,1
2026-05-26,000333,13:43:57,79.6800,17,2
2026-05-26,000333,13:44:00,79.6800,15,2
2026-05-26,000333,13:44:03,79.6800,61,2
2026-05-26,000333,13:44:06,79.6900,14,1
2026-05-26,000333,13:44:12,79.6800,35,2
2026-05-26,000333,13:44:15,79.6800,42,1
2026-05-26,000333,13:44:21,79.6600,26,2
2026-05-26,000333,13:44:24,79.6700,48,2
2026-05-26,000333,13:44:30,79.6800,2,1
2026-05-26,000333,13:44:33,79.6700,17,2
2026-05-26,000333,13:44:36,79.6700,20,1
2026-05-26,000333,13:44:39,79.6900,91,1
2026-05-26,000333,13:44:42,79.7100,132,1
2026-05-26,000333,13:44:45,79.7200,16,1
2026-05-26,000333,13:44:48,79.7400,18,1
2026-05-26,000333,13:44:51,79.7400,14,4
2026-05-26,000333,13:44:54,79.7300,85,2
2026-05-26,000333,13:44:57,79.7400,30,2
2026-05-26,000333,13:45:00,79.7600,41,1
2026-05-26,000333,13:45:03,79.7500,6,2
2026-05-26,000333,13:45:06,79.7600,18,1
2026-05-26,000333,13:45:09,79.7500,124,2
2026-05-26,000333,13:45:12,79.7400,7,2
2026-05-26,000333,13:45:15,79.7300,43,2
2026-05-26,000333,13:45:18,79.7300,18,2
2026-05-26,000333,13:45:21,79.7400,8,1
2026-05-26,000333,13:45:24,79.7400,1,1
2026-05-26,000333,13:45:27,79.7300,38,2
2026-05-26,000333,13:45:30,79.7400,6,1
2026-05-26,000333,13:45:33,79.7300,5,2
2026-05-26,000333,13:45:36,79.7300,28,2
2026-05-26,000333,13:45:39,79.7300,44,1
2026-05-26,000333,13:45:42,79.7400,58,1
2026-05-26,000333,13:45:45,79.7500,52,1
2026-05-26,000333,13:45:48,79.7500,3,2
2026-05-26,000333,13:45:51,79.7500,6,2
2026-05-26,000333,13:45:54,79.7700,34,1
2026-05-26,000333,13:45:57,79.7700,24,2
2026-05-26,000333,13:46:03,79.7700,24,2
2026-05-26,000333,13:46:06,79.7700,15,2
2026-05-26,000333,13:46:09,79.7500,12,2
2026-05-26,000333,13:46:12,79.7500,2,2
2026-05-26,000333,13:46:18,79.7800,66,1
2026-05-26,000333,13:46:21,79.7700,1,1
2026-05-26,000333,13:46:24,79.7900,174,1
2026-05-26,000333,13:46:27,79.7900,59,1
2026-05-26,000333,13:46:30,79.7900,70,1
2026-05-26,000333,13:46:33,79.8000,95,1
2026-05-26,000333,13:46:36,79.8000,51,1
2026-05-26,000333,13:46:39,79.7900,58,2
2026-05-26,000333,13:46:42,79.7900,5,2
2026-05-26,000333,13:46:45,79.7700,53,2
2026-05-26,000333,13:46:48,79.7700,73,2
2026-05-26,000333,13:46:51,79.7600,17,4
2026-05-26,000333,13:46:54,79.7500,16,2
2026-05-26,000333,13:47:00,79.7400,11,2
2026-05-26,000333,13:47:03,79.7300,10,2
2026-05-26,000333,13:47:06,79.7300,1,1
2026-05-26,000333,13:47:09,79.7100,3,2
2026-05-26,000333,13:47:15,79.7100,20,2
2026-05-26,000333,13:47:18,79.7000,8,2
2026-05-26,000333,13:47:21,79.7000,52,2
2026-05-26,000333,13:47:24,79.6900,48,2
2026-05-26,000333,13:47:27,79.7200,31,1
2026-05-26,000333,13:47:30,79.7100,21,2
2026-05-26,000333,13:47:33,79.7200,18,1
2026-05-26,000333,13:47:36,79.6900,8,2
2026-05-26,000333,13:47:39,79.7000,2,4
2026-05-26,000333,13:47:42,79.6900,22,2
2026-05-26,000333,13:47:45,79.6800,69,2
2026-05-26,000333,13:47:48,79.6900,15,1
2026-05-26,000333,13:47:51,79.7000,4,1
2026-05-26,000333,13:47:54,79.7100,44,1
2026-05-26,000333,13:47:57,79.7100,138,1
2026-05-26,000333,13:48:00,79.7000,10,2
2026-05-26,000333,13:48:03,79.7100,14,1
2026-05-26,000333,13:48:06,79.7000,12,2
2026-05-26,000333,13:48:09,79.7100,2,1
2026-05-26,000333,13:48:12,79.7000,49,2
2026-05-26,000333,13:48:15,79.7000,5,2
2026-05-26,000333,13:48:18,79.7000,3,2
2026-05-26,000333,13:48:21,79.7000,44,2
2026-05-26,000333,13:48:24,79.7000,7,2
2026-05-26,000333,13:48:27,79.7100,26,1
2026-05-26,000333,13:48:30,79.7000,3,2
2026-05-26,000333,13:48:33,79.7000,114,2
2026-05-26,000333,13:48:36,79.7100,26,1
2026-05-26,000333,13:48:39,79.7000,9,2
2026-05-26,000333,13:48:42,79.7000,28,1
2026-05-26,000333,13:48:45,79.6700,41,2
2026-05-26,000333,13:48:48,79.6700,191,2
2026-05-26,000333,13:48:51,79.6700,16,2
2026-05-26,000333,13:48:54,79.6700,16,2
2026-05-26,000333,13:48:57,79.6900,10,1
2026-05-26,000333,13:49:00,79.7000,13,1
2026-05-26,000333,13:49:03,79.7000,55,1
2026-05-26,000333,13:49:06,79.7000,18,1
2026-05-26,000333,13:49:09,79.6900,9,2
2026-05-26,000333,13:49:12,79.7100,6,1
2026-05-26,000333,13:49:18,79.7100,14,1
2026-05-26,000333,13:49:21,79.7100,20,2
2026-05-26,000333,13:49:24,79.7300,15,1
2026-05-26,000333,13:49:27,79.7100,5,2
2026-05-26,000333,13:49:30,79.7100,41,2
2026-05-26,000333,13:49:33,79.7100,25,1
2026-05-26,000333,13:49:36,79.6700,41,2
2026-05-26,000333,13:49:39,79.7100,4,1
2026-05-26,000333,13:49:42,79.7200,14,4
2026-05-26,000333,13:49:45,79.7100,43,2
2026-05-26,000333,13:49:48,79.7200,11,1
2026-05-26,000333,13:49:51,79.7100,8,2
2026-05-26,000333,13:49:54,79.7300,37,1
2026-05-26,000333,13:49:57,79.7300,6,2
2026-05-26,000333,13:50:00,79.7100,9,2
2026-05-26,000333,13:50:03,79.7100,14,2
2026-05-26,000333,13:50:06,79.7100,27,2
2026-05-26,000333,13:50:09,79.7000,93,2
2026-05-26,000333,13:50:12,79.7000,20,2
2026-05-26,000333,13:50:15,79.7000,10,2
2026-05-26,000333,13:50:18,79.6900,16,2
2026-05-26,000333,13:50:21,79.6900,10,2
2026-05-26,000333,13:50:24,79.6900,27,2
2026-05-26,000333,13:50:30,79.6900,39,2
2026-05-26,000333,13:50:33,79.6700,18,2
2026-05-26,000333,13:50:39,79.6700,1,2
2026-05-26,000333,13:50:42,79.6800,15,1
2026-05-26,000333,13:50:45,79.6800,42,1
2026-05-26,000333,13:50:48,79.7000,132,1
2026-05-26,000333,13:50:54,79.6900,2,4
2026-05-26,000333,13:50:57,79.6900,17,1
2026-05-26,000333,13:51:00,79.6800,6,2
2026-05-26,000333,13:51:03,79.6800,21,2
2026-05-26,000333,13:51:06,79.6800,24,2
2026-05-26,000333,13:51:09,79.6700,11,2
2026-05-26,000333,13:51:12,79.6800,76,1
2026-05-26,000333,13:51:15,79.6900,14,1
2026-05-26,000333,13:51:18,79.7000,53,1
2026-05-26,000333,13:51:21,79.7200,15,1
2026-05-26,000333,13:51:24,79.7100,11,2
2026-05-26,000333,13:51:27,79.7100,28,2
2026-05-26,000333,13:51:30,79.6800,34,2
2026-05-26,000333,13:51:33,79.6800,25,2
2026-05-26,000333,13:51:36,79.6900,21,4
2026-05-26,000333,13:51:39,79.7000,80,1
2026-05-26,000333,13:51:42,79.6800,8,2
2026-05-26,000333,13:51:45,79.6800,21,2
2026-05-26,000333,13:51:48,79.6700,8,2
2026-05-26,000333,13:51:54,79.6800,11,1
2026-05-26,000333,13:51:57,79.6800,30,1
2026-05-26,000333,13:52:00,79.6800,37,1
2026-05-26,000333,13:52:03,79.6700,67,2
2026-05-26,000333,13:52:09,79.6700,19,2
2026-05-26,000333,13:52:12,79.6700,12,2
2026-05-26,000333,13:52:15,79.6800,26,1
2026-05-26,000333,13:52:18,79.6700,9,2
2026-05-26,000333,13:52:21,79.6700,22,2
2026-05-26,000333,13:52:24,79.6700,4,1
2026-05-26,000333,13:52:27,79.6600,26,2
2026-05-26,000333,13:52:33,79.6700,16,4
2026-05-26,000333,13:52:36,79.6700,2,1
2026-05-26,000333,13:52:39,79.6700,8,1
2026-05-26,000333,13:52:42,79.6800,24,1
2026-05-26,000333,13:52:45,79.6700,10,2
2026-05-26,000333,13:52:48,79.6800,11,1
2026-05-26,000333,13:52:51,79.6800,6,1
2026-05-26,000333,13:52:57,79.6800,82,1
2026-05-26,000333,13:53:00,79.6800,13,2
2026-05-26,000333,13:53:03,79.6800,19,2
2026-05-26,000333,13:53:06,79.6900,3,1
2026-05-26,000333,13:53:09,79.6800,31,2
2026-05-26,000333,13:53:12,79.7000,24,1
2026-05-26,000333,13:53:15,79.6800,8,2
2026-05-26,000333,13:53:18,79.6700,42,2
2026-05-26,000333,13:53:21,79.6600,24,2
2026-05-26,000333,13:53:24,79.6800,2,1
2026-05-26,000333,13:53:27,79.6800,47,1
2026-05-26,000333,13:53:30,79.6700,4,2
2026-05-26,000333,13:53:33,79.6700,5,2
2026-05-26,000333,13:53:36,79.6700,9,1
2026-05-26,000333,13:53:39,79.6700,19,1
2026-05-26,000333,13:53:42,79.6600,11,2
2026-05-26,000333,13:53:45,79.6600,13,2
2026-05-26,000333,13:53:48,79.6600,10,2
2026-05-26,000333,13:53:54,79.6700,21,1
2026-05-26,000333,13:53:57,79.6600,38,2
2026-05-26,000333,13:54:03,79.6400,248,2
2026-05-26,000333,13:54:06,79.6400,37,2
2026-05-26,000333,13:54:09,79.6400,10,2
2026-05-26,000333,13:54:12,79.6200,41,2
2026-05-26,000333,13:54:15,79.6400,42,2
2026-05-26,000333,13:54:18,79.6200,20,2
2026-05-26,000333,13:54:21,79.6300,11,2
2026-05-26,000333,13:54:24,79.6400,5,1
2026-05-26,000333,13:54:27,79.6400,178,1
2026-05-26,000333,13:54:30,79.6400,6,2
2026-05-26,000333,13:54:33,79.6400,42,2
2026-05-26,000333,13:54:36,79.6400,13,1
2026-05-26,000333,13:54:39,79.6400,6,1
2026-05-26,000333,13:54:42,79.6400,25,1
2026-05-26,000333,13:54:45,79.6700,2,4
2026-05-26,000333,13:54:51,79.6800,27,1
2026-05-26,000333,13:54:54,79.6900,55,1
2026-05-26,000333,13:54:57,79.6900,12,1
2026-05-26,000333,13:55:00,79.6900,1,2
2026-05-26,000333,13:55:03,79.7000,81,1
2026-05-26,000333,13:55:06,79.7000,8,2
2026-05-26,000333,13:55:09,79.6900,102,2
2026-05-26,000333,13:55:12,79.6700,10,2
2026-05-26,000333,13:55:15,79.6700,55,2
2026-05-26,000333,13:55:18,79.6700,12,2
2026-05-26,000333,13:55:21,79.6800,54,1
2026-05-26,000333,13:55:24,79.6700,35,2
2026-05-26,000333,13:55:27,79.6700,78,2
2026-05-26,000333,13:55:30,79.6700,4,2
2026-05-26,000333,13:55:33,79.6700,13,2
2026-05-26,000333,13:55:36,79.6500,5,2
2026-05-26,000333,13:55:39,79.6900,516,1
2026-05-26,000333,13:55:42,79.6900,16,1
2026-05-26,000333,13:55:45,79.6700,17,2
2026-05-26,000333,13:55:48,79.6700,18,2
2026-05-26,000333,13:55:51,79.6800,6,1
2026-05-26,000333,13:55:54,79.6900,11,1
2026-05-26,000333,13:55:57,79.6600,8,2
2026-05-26,000333,13:56:00,79.6900,38,1
2026-05-26,000333,13:56:03,79.6800,77,2
2026-05-26,000333,13:56:06,79.6500,272,2
2026-05-26,000333,13:56:09,79.6500,40,1
2026-05-26,000333,13:56:12,79.6500,276,1
2026-05-26,000333,13:56:15,79.6900,10,1
2026-05-26,000333,13:56:18,79.6900,1,1
2026-05-26,000333,13:56:21,79.6900,32,1
2026-05-26,000333,13:56:24,79.7000,100,1
2026-05-26,000333,13:56:27,79.6900,19,1
2026-05-26,000333,13:56:30,79.7000,14,1
2026-05-26,000333,13:56:33,79.7000,32,1
2026-05-26,000333,13:56:36,79.7000,24,1
2026-05-26,000333,13:56:39,79.6900,1,2
2026-05-26,000333,13:56:42,79.7000,16,1
2026-05-26,000333,13:56:45,79.6900,6,2
2026-05-26,000333,13:56:48,79.6800,84,2
2026-05-26,000333,13:56:51,79.6900,50,1
2026-05-26,000333,13:56:54,79.6900,29,1
2026-05-26,000333,13:56:57,79.6900,25,2
2026-05-26,000333,13:57:00,79.6800,65,2
2026-05-26,000333,13:57:03,79.6900,3,1
2026-05-26,000333,13:57:06,79.7000,79,1
2026-05-26,000333,13:57:09,79.7000,31,1
2026-05-26,000333,13:57:12,79.6900,9,2
2026-05-26,000333,13:57:15,79.7000,34,1
2026-05-26,000333,13:57:18,79.7000,9,1
2026-05-26,000333,13:57:21,79.7000,34,1
2026-05-26,000333,13:57:24,79.6700,16,2
2026-05-26,000333,13:57:27,79.6700,19,2
2026-05-26,000333,13:57:30,79.6700,10,2
2026-05-26,000333,13:57:33,79.6700,10,2
2026-05-26,000333,13:57:36,79.6700,1,1
2026-05-26,000333,13:57:39,79.6600,59,2
2026-05-26,000333,13:57:42,79.6500,100,2
2026-05-26,000333,13:57:45,79.6700,2,2
2026-05-26,000333,13:57:48,79.6800,17,1
2026-05-26,000333,13:57:51,79.6700,29,2
2026-05-26,000333,13:57:54,79.6500,26,2
2026-05-26,000333,13:57:57,79.6600,9,2
2026-05-26,000333,13:58:00,79.6700,21,2
2026-05-26,000333,13:58:03,79.6700,21,2
2026-05-26,000333,13:58:06,79.6600,4,2
2026-05-26,000333,13:58:09,79.6700,3,1
2026-05-26,000333,13:58:12,79.6700,22,1
2026-05-26,000333,13:58:15,79.6700,6,1
2026-05-26,000333,13:58:18,79.6600,16,2
2026-05-26,000333,13:58:21,79.6800,7,1
2026-05-26,000333,13:58:30,79.6600,21,2
2026-05-26,000333,13:58:33,79.6600,54,1
2026-05-26,000333,13:58:36,79.6600,161,1
2026-05-26,000333,13:58:39,79.6700,29,1
2026-05-26,000333,13:58:42,79.6600,6,2
2026-05-26,000333,13:58:45,79.6500,44,2
2026-05-26,000333,13:58:48,79.6500,7,2
2026-05-26,000333,13:58:51,79.6700,51,1
2026-05-26,000333,13:58:54,79.6800,5,1
2026-05-26,000333,13:58:57,79.6800,6,1
2026-05-26,000333,13:59:00,79.6800,27,1
2026-05-26,000333,13:59:03,79.6800,4,1
2026-05-26,000333,13:59:06,79.6800,43,1
2026-05-26,000333,13:59:09,79.6800,20,1
2026-05-26,000333,13:59:12,79.6700,2,2
2026-05-26,000333,13:59:15,79.6700,37,2
2026-05-26,000333,13:59:18,79.6700,10,1
2026-05-26,000333,13:59:21,79.6700,15,1
2026-05-26,000333,13:59:24,79.6700,47,1
2026-05-26,000333,13:59:27,79.6700,44,2
2026-05-26,000333,13:59:30,79.6700,4,2
2026-05-26,000333,13:59:33,79.6700,10,1
2026-05-26,000333,13:59:36,79.6700,3,1
2026-05-26,000333,13:59:39,79.6700,35,1
2026-05-26,000333,13:59:42,79.6900,59,1
2026-05-26,000333,13:59:45,79.6900,20,1
2026-05-26,000333,13:59:51,79.6900,181,2
2026-05-26,000333,13:59:54,79.6700,8,2
2026-05-26,000333,13:59:57,79.6700,6,2
2026-05-26,000333,14:00:00,79.6700,22,2
2026-05-26,000333,14:00:03,79.6800,4,1
2026-05-26,000333,14:00:06,79.6700,28,2
2026-05-26,000333,14:00:09,79.6900,58,1
2026-05-26,000333,14:00:12,79.7000,110,1
2026-05-26,000333,14:00:15,79.7000,20,1
2026-05-26,000333,14:00:18,79.7000,10,2
2026-05-26,000333,14:00:21,79.7000,7,2
2026-05-26,000333,14:00:24,79.6900,28,2
2026-05-26,000333,14:00:27,79.7000,76,2
2026-05-26,000333,14:00:30,79.7100,26,1
2026-05-26,000333,14:00:33,79.6800,140,2
2026-05-26,000333,14:00:36,79.6800,7,2
2026-05-26,000333,14:00:39,79.6700,4,2
2026-05-26,000333,14:00:42,79.6800,12,1
2026-05-26,000333,14:00:45,79.6700,20,2
2026-05-26,000333,14:00:48,79.6700,67,2
2026-05-26,000333,14:00:51,79.6700,58,2
2026-05-26,000333,14:00:54,79.6700,1,2
2026-05-26,000333,14:00:57,79.6800,4,1
2026-05-26,000333,14:01:00,79.6700,74,2
2026-05-26,000333,14:01:03,79.6800,19,1
2026-05-26,000333,14:01:06,79.6700,39,2
2026-05-26,000333,14:01:09,79.6800,11,1
2026-05-26,000333,14:01:12,79.6800,60,1
2026-05-26,000333,14:01:15,79.6700,4,2
2026-05-26,000333,14:01:18,79.6700,14,2
2026-05-26,000333,14:01:21,79.6700,21,2
2026-05-26,000333,14:01:24,79.6700,28,2
2026-05-26,000333,14:01:27,79.6600,12,2
2026-05-26,000333,14:01:30,79.6600,10,2
2026-05-26,000333,14:01:33,79.6600,2,2
2026-05-26,000333,14:01:36,79.6600,22,2
2026-05-26,000333,14:01:39,79.6600,42,2
2026-05-26,000333,14:01:42,79.6700,12,1
2026-05-26,000333,14:01:45,79.6600,26,2
2026-05-26,000333,14:01:48,79.6400,88,2
2026-05-26,000333,14:01:51,79.6500,10,2
2026-05-26,000333,14:01:54,79.6500,69,2
2026-05-26,000333,14:01:57,79.6600,2,1
2026-05-26,000333,14:02:00,79.6400,45,2
2026-05-26,000333,14:02:03,79.6400,10,2
2026-05-26,000333,14:02:06,79.6500,20,1
2026-05-26,000333,14:02:09,79.6500,11,1
2026-05-26,000333,14:02:12,79.6500,36,1
2026-05-26,000333,14:02:15,79.6400,10,2
2026-05-26,000333,14:02:18,79.6900,282,1
2026-05-26,000333,14:02:21,79.6800,44,2
2026-05-26,000333,14:02:24,79.6900,13,2
2026-05-26,000333,14:02:27,79.7000,75,1
2026-05-26,000333,14:02:30,79.7000,5,1
2026-05-26,000333,14:02:33,79.6900,22,2
2026-05-26,000333,14:02:36,79.6800,20,2
2026-05-26,000333,14:02:39,79.6700,38,2
2026-05-26,000333,14:02:42,79.6800,21,1
2026-05-26,000333,14:02:45,79.6700,36,4
2026-05-26,000333,14:02:48,79.6700,128,2
2026-05-26,000333,14:02:51,79.6600,100,2
2026-05-26,000333,14:02:54,79.6700,18,1
2026-05-26,000333,14:02:57,79.6800,13,1
2026-05-26,000333,14:03:00,79.6800,25,1
2026-05-26,000333,14:03:03,79.6800,14,4
2026-05-26,000333,14:03:06,79.6800,11,1
2026-05-26,000333,14:03:09,79.6800,65,1
2026-05-26,000333,14:03:12,79.6700,109,2
2026-05-26,000333,14:03:15,79.6700,5,1
2026-05-26,000333,14:03:18,79.6700,35,1
2026-05-26,000333,14:03:21,79.6800,20,1
2026-05-26,000333,14:03:24,79.6600,27,2
2026-05-26,000333,14:03:27,79.6900,77,1
2026-05-26,000333,14:03:30,79.6600,39,2
2026-05-26,000333,14:03:33,79.6500,34,2
2026-05-26,000333,14:03:36,79.6500,47,2
2026-05-26,000333,14:03:39,79.6400,122,2
2026-05-26,000333,14:03:42,79.6400,33,1
2026-05-26,000333,14:03:48,79.6300,74,2
2026-05-26,000333,14:03:51,79.6400,45,1
2026-05-26,000333,14:03:54,79.6400,22,1
2026-05-26,000333,14:03:57,79.6300,3,2
2026-05-26,000333,14:04:00,79.6300,6,2
2026-05-26,000333,14:04:03,79.6300,40,2
2026-05-26,000333,14:04:06,79.6400,32,1
2026-05-26,000333,14:04:09,79.6300,13,2
2026-05-26,000333,14:04:12,79.6400,19,1
2026-05-26,000333,14:04:15,79.6300,44,2
2026-05-26,000333,14:04:18,79.6300,98,1
2026-05-26,000333,14:04:21,79.6200,102,4
2026-05-26,000333,14:04:24,79.6000,54,2
2026-05-26,000333,14:04:27,79.6000,17,2
2026-05-26,000333,14:04:30,79.6000,66,2
2026-05-26,000333,14:04:33,79.6000,30,1
2026-05-26,000333,14:04:36,79.6000,17,1
2026-05-26,000333,14:04:39,79.5900,143,2
2026-05-26,000333,14:04:42,79.5900,37,2
2026-05-26,000333,14:04:45,79.6000,53,1
2026-05-26,000333,14:04:48,79.6000,86,1
2026-05-26,000333,14:04:51,79.6300,13,1
2026-05-26,000333,14:04:54,79.6100,2,2
2026-05-26,000333,14:04:57,79.6200,19,1
2026-05-26,000333,14:05:00,79.6400,42,1
2026-05-26,000333,14:05:03,79.6400,1,1
2026-05-26,000333,14:05:06,79.6300,24,1
2026-05-26,000333,14:05:09,79.6200,51,2
2026-05-26,000333,14:05:12,79.6500,19,1
2026-05-26,000333,14:05:15,79.6400,37,1
2026-05-26,000333,14:05:18,79.6500,3,1
2026-05-26,000333,14:05:21,79.6300,80,1
2026-05-26,000333,14:05:24,79.6200,28,2
2026-05-26,000333,14:05:27,79.6200,22,1
2026-05-26,000333,14:05:30,79.6000,46,2
2026-05-26,000333,14:05:33,79.5900,34,2
2026-05-26,000333,14:05:36,79.5900,109,2
2026-05-26,000333,14:05:39,79.6100,49,1
2026-05-26,000333,14:05:42,79.5900,71,2
2026-05-26,000333,14:05:45,79.6100,22,1
2026-05-26,000333,14:05:48,79.5800,23,2
2026-05-26,000333,14:05:51,79.5800,42,2
2026-05-26,000333,14:05:54,79.5700,36,2
2026-05-26,000333,10:51:21,79.9200,18,1
2026-05-26,000333,10:51:24,79.9300,14,1
2026-05-26,000333,10:51:27,79.9300,65,2
2026-05-26,000333,10:51:30,79.9300,28,2
2026-05-26,000333,10:51:36,79.9700,43,1
2026-05-26,000333,10:51:39,79.9900,154,1
2026-05-26,000333,10:51:42,79.9900,79,1
2026-05-26,000333,10:51:45,80.0000,121,1
2026-05-26,000333,10:51:48,80.0000,104,1
2026-05-26,000333,10:51:51,79.9800,208,2
2026-05-26,000333,10:51:54,79.9600,9,2
2026-05-26,000333,10:51:57,79.9700,17,2
2026-05-26,000333,10:52:00,79.9600,14,2
2026-05-26,000333,10:52:03,79.9500,35,2
2026-05-26,000333,10:52:06,79.9500,44,2
2026-05-26,000333,10:52:09,79.9500,38,2
2026-05-26,000333,10:52:12,79.9400,3,2
2026-05-26,000333,10:52:18,79.9400,5,2
2026-05-26,000333,10:52:21,79.9400,62,2
2026-05-26,000333,10:52:24,79.9300,32,2
2026-05-26,000333,10:52:27,79.9400,13,1
2026-05-26,000333,10:52:30,79.9300,78,2
2026-05-26,000333,10:52:33,79.9100,204,2
2026-05-26,000333,10:52:36,79.9000,8,2
2026-05-26,000333,10:52:39,79.9000,76,2
2026-05-26,000333,10:52:42,79.8900,96,2
2026-05-26,000333,10:52:45,79.9100,10,4
2026-05-26,000333,10:52:48,79.9200,70,1
2026-05-26,000333,10:52:51,79.9100,15,2
2026-05-26,000333,10:52:54,79.8900,40,2
2026-05-26,000333,10:52:57,79.8900,25,2
2026-05-26,000333,10:53:00,79.8800,25,2
2026-05-26,000333,10:53:03,79.8700,54,2
2026-05-26,000333,10:53:06,79.8900,28,1
2026-05-26,000333,10:53:09,79.8700,78,2
2026-05-26,000333,10:53:12,79.8700,24,2
2026-05-26,000333,10:53:15,79.8700,27,2
2026-05-26,000333,10:53:18,79.9000,12,1
2026-05-26,000333,10:53:21,79.8800,5,2
2026-05-26,000333,10:53:24,79.8900,27,1
2026-05-26,000333,10:53:27,79.8900,44,2
2026-05-26,000333,10:53:30,79.9200,1,1
2026-05-26,000333,10:53:33,79.8900,63,2
2026-05-26,000333,10:53:36,79.8900,13,2
2026-05-26,000333,10:53:39,79.8900,59,2
2026-05-26,000333,10:53:42,79.9000,6,2
2026-05-26,000333,10:53:45,79.8900,9,2
2026-05-26,000333,10:53:48,79.8900,39,2
2026-05-26,000333,10:53:51,79.8900,75,2
2026-05-26,000333,10:53:54,79.8900,8,2
2026-05-26,000333,10:53:57,79.9000,5,1
2026-05-26,000333,10:54:00,79.8800,17,2
2026-05-26,000333,10:54:03,79.8800,59,2
2026-05-26,000333,10:54:06,79.8700,28,2
2026-05-26,000333,10:54:09,79.8800,14,1
2026-05-26,000333,10:54:12,79.8800,12,1
2026-05-26,000333,10:54:15,79.8900,129,1
2026-05-26,000333,10:54:18,79.8600,23,2
2026-05-26,000333,10:54:21,79.8500,111,2
2026-05-26,000333,10:54:24,79.8600,82,2
2026-05-26,000333,10:54:27,79.8600,10,1
2026-05-26,000333,10:54:30,79.8600,4,1
2026-05-26,000333,10:54:33,79.8600,16,1
2026-05-26,000333,10:54:36,79.8600,51,1
2026-05-26,000333,10:54:39,79.8400,25,2
2026-05-26,000333,10:54:42,79.8400,9,2
2026-05-26,000333,10:54:45,79.8500,18,2
2026-05-26,000333,10:54:51,79.8500,2,1
2026-05-26,000333,10:54:54,79.8500,67,2
2026-05-26,000333,10:54:57,79.8600,17,2
2026-05-26,000333,10:55:00,79.8500,17,2
2026-05-26,000333,10:55:03,79.8600,3,1
2026-05-26,000333,10:55:06,79.8500,13,2
2026-05-26,000333,10:55:09,79.8600,13,2
2026-05-26,000333,10:55:12,79.8600,7,2
2026-05-26,000333,10:55:15,79.8600,13,2
2026-05-26,000333,10:55:18,79.8700,58,2
2026-05-26,000333,10:55:21,79.8700,2,4
2026-05-26,000333,10:55:24,79.9000,72,1
2026-05-26,000333,10:55:27,79.8900,22,1
2026-05-26,000333,10:55:30,79.9100,120,1
2026-05-26,000333,10:55:33,79.8900,56,2
2026-05-26,000333,10:55:36,79.9100,10,1
2026-05-26,000333,10:55:39,79.9000,17,2
2026-05-26,000333,10:55:42,79.9300,19,1
2026-05-26,000333,10:55:45,79.8900,44,2
2026-05-26,000333,10:55:48,79.8900,77,2
2026-05-26,000333,10:55:51,79.9000,37,4
2026-05-26,000333,10:55:54,79.8900,43,2
2026-05-26,000333,10:55:57,79.8800,40,2
2026-05-26,000333,10:56:00,79.8900,14,2
2026-05-26,000333,10:56:03,79.9100,80,1
2026-05-26,000333,10:56:06,79.9000,76,2
2026-05-26,000333,10:56:09,79.9100,10,1
2026-05-26,000333,10:56:12,79.8800,34,2
2026-05-26,000333,10:56:15,79.8800,9,1
2026-05-26,000333,10:56:18,79.9100,23,1
2026-05-26,000333,10:56:21,79.8800,29,2
2026-05-26,000333,10:56:24,79.8800,117,2
2026-05-26,000333,10:56:30,79.8900,10,2
2026-05-26,000333,10:56:36,79.8800,8,2
2026-05-26,000333,10:56:39,79.8800,44,2
2026-05-26,000333,10:56:42,79.8800,38,2
2026-05-26,000333,10:56:45,79.8800,24,2
2026-05-26,000333,10:56:48,79.8800,31,2
2026-05-26,000333,10:56:51,79.8700,3,2
2026-05-26,000333,10:56:54,79.8600,111,2
2026-05-26,000333,10:56:57,79.9000,74,1
2026-05-26,000333,10:57:00,79.8900,7,2
2026-05-26,000333,10:57:03,79.9000,18,1
2026-05-26,000333,10:57:06,79.8600,91,2
2026-05-26,000333,10:57:09,79.8600,121,2
2026-05-26,000333,10:57:12,79.8500,3,2
2026-05-26,000333,10:57:15,79.8600,141,2
2026-05-26,000333,10:57:18,79.8600,11,2
2026-05-26,000333,10:57:21,79.8600,14,2
2026-05-26,000333,10:57:24,79.8600,1,2
2026-05-26,000333,10:57:30,79.8500,34,2
2026-05-26,000333,10:57:33,79.8500,11,2
2026-05-26,000333,10:57:36,79.8500,10,2
2026-05-26,000333,10:57:39,79.8500,108,2
2026-05-26,000333,10:57:45,79.8500,33,1
2026-05-26,000333,10:57:48,79.8400,8,2
2026-05-26,000333,10:57:51,79.8300,177,2
2026-05-26,000333,10:57:54,79.8400,20,2
2026-05-26,000333,10:57:57,79.8100,34,2
2026-05-26,000333,10:58:00,79.8400,12,1
2026-05-26,000333,10:58:03,79.8800,271,1
2026-05-26,000333,10:58:06,79.8500,1,4
2026-05-26,000333,10:58:09,79.8200,9,2
2026-05-26,000333,10:58:12,79.8300,3,2
2026-05-26,000333,10:58:15,79.8300,13,2
2026-05-26,000333,10:58:18,79.8300,55,2
2026-05-26,000333,10:58:21,79.8300,21,2
2026-05-26,000333,10:58:27,79.8800,53,1
2026-05-26,000333,10:58:30,79.8500,44,2
2026-05-26,000333,10:58:33,79.8600,77,2
2026-05-26,000333,10:58:36,79.8500,7,2
2026-05-26,000333,10:58:39,79.8600,14,2
2026-05-26,000333,10:58:42,79.8600,26,2
2026-05-26,000333,10:58:45,79.8500,2,2
2026-05-26,000333,10:58:51,79.8500,56,2
2026-05-26,000333,10:58:54,79.8600,23,4
2026-05-26,000333,10:58:57,79.8800,15,1
2026-05-26,000333,10:59:00,79.8500,15,2
2026-05-26,000333,10:59:03,79.8800,29,1
2026-05-26,000333,10:59:06,79.9100,186,1
2026-05-26,000333,10:59:09,79.9300,25,1
2026-05-26,000333,10:59:12,79.9500,106,1
2026-05-26,000333,10:59:15,79.9500,74,1
2026-05-26,000333,10:59:18,79.9200,100,2
2026-05-26,000333,10:59:21,79.8600,106,2
2026-05-26,000333,10:59:24,79.8900,5,1
2026-05-26,000333,10:59:27,79.8900,19,2
2026-05-26,000333,10:59:30,79.9200,579,1
2026-05-26,000333,10:59:33,79.9400,23,1
2026-05-26,000333,10:59:39,79.9400,46,1
2026-05-26,000333,10:59:42,79.8900,15,2
2026-05-26,000333,10:59:45,79.9300,82,1
2026-05-26,000333,10:59:48,79.9300,185,1
2026-05-26,000333,10:59:51,79.9200,18,1
2026-05-26,000333,10:59:54,79.9200,2,1
2026-05-26,000333,10:59:57,79.9200,32,1
2026-05-26,000333,11:00:00,79.8800,10,2
2026-05-26,000333,11:00:03,79.8800,124,2
2026-05-26,000333,11:00:06,79.9000,23,1
2026-05-26,000333,11:00:09,79.8900,32,4
2026-05-26,000333,11:00:12,79.8900,40,4
2026-05-26,000333,11:00:15,79.9000,14,2
2026-05-26,000333,11:00:18,79.9000,23,2
2026-05-26,000333,11:00:21,79.9200,24,1
2026-05-26,000333,11:00:24,79.9000,8,2
2026-05-26,000333,11:00:27,79.9000,2,2
2026-05-26,000333,11:00:30,79.9200,13,1
2026-05-26,000333,11:00:33,79.9100,59,4
2026-05-26,000333,11:00:36,79.9000,12,2
2026-05-26,000333,11:00:39,79.9000,24,1
2026-05-26,000333,11:00:42,79.9200,224,1
2026-05-26,000333,11:00:45,79.9300,22,2
2026-05-26,000333,11:00:48,79.9300,10,4
2026-05-26,000333,11:00:51,79.9100,20,2
2026-05-26,000333,11:00:57,79.9000,48,2
2026-05-26,000333,11:01:00,79.9200,22,1
2026-05-26,000333,11:01:03,79.9000,15,2
2026-05-26,000333,11:01:06,79.9000,62,2
2026-05-26,000333,11:01:09,79.9000,37,1
2026-05-26,000333,11:01:12,79.8900,269,2
2026-05-26,000333,11:01:15,79.9000,66,2
2026-05-26,000333,11:01:18,79.8800,65,2
2026-05-26,000333,11:01:21,79.8600,76,2
2026-05-26,000333,11:01:24,79.8400,54,2
2026-05-26,000333,11:01:27,79.8200,16,2
2026-05-26,000333,11:01:30,79.8300,49,1
2026-05-26,000333,11:01:33,79.8400,71,2
2026-05-26,000333,11:01:36,79.8300,16,2
2026-05-26,000333,11:01:39,79.8300,25,4
2026-05-26,000333,11:01:42,79.8300,5,2
2026-05-26,000333,11:01:45,79.8900,225,1
2026-05-26,000333,11:01:48,79.8500,36,1
2026-05-26,000333,11:01:51,79.8300,42,2
2026-05-26,000333,11:01:54,79.8500,25,2
2026-05-26,000333,11:01:57,79.8500,11,2
2026-05-26,000333,11:02:00,79.8300,17,2
2026-05-26,000333,11:02:03,79.8300,59,2
2026-05-26,000333,11:02:06,79.8300,8,1
2026-05-26,000333,11:02:09,79.8300,22,1
2026-05-26,000333,11:02:12,79.8300,54,2
2026-05-26,000333,11:02:15,79.8400,14,2
2026-05-26,000333,11:02:18,79.8700,307,1
2026-05-26,000333,11:02:21,79.8700,91,2
2026-05-26,000333,11:02:24,79.8900,49,2
2026-05-26,000333,11:02:27,79.8800,37,2
2026-05-26,000333,11:02:30,79.8700,63,2
2026-05-26,000333,11:02:33,79.8700,32,2
2026-05-26,000333,11:02:36,79.8700,56,2
2026-05-26,000333,11:02:39,79.8600,78,2
2026-05-26,000333,11:02:42,79.8500,72,2
2026-05-26,000333,11:02:45,79.8500,93,2
2026-05-26,000333,11:02:48,79.8300,27,2
2026-05-26,000333,11:02:51,79.8300,177,2
2026-05-26,000333,11:02:54,79.8200,33,2
2026-05-26,000333,11:02:57,79.8200,55,2
2026-05-26,000333,11:03:00,79.8000,68,2
2026-05-26,000333,11:03:03,79.7800,44,2
2026-05-26,000333,11:03:06,79.8000,39,1
2026-05-26,000333,11:03:09,79.8000,16,2
2026-05-26,000333,11:03:12,79.8000,60,2
2026-05-26,000333,11:03:15,79.8000,34,2
2026-05-26,000333,11:03:18,79.7700,40,2
2026-05-26,000333,11:03:21,79.7700,29,2
2026-05-26,000333,11:03:24,79.7700,8,2
2026-05-26,000333,11:03:27,79.8000,22,1
2026-05-26,000333,11:03:30,79.7700,8,2
2026-05-26,000333,11:03:33,79.7800,3,2
2026-05-26,000333,11:03:36,79.7800,16,2
2026-05-26,000333,11:03:39,79.8400,170,1
2026-05-26,000333,11:03:42,79.7700,38,2
2026-05-26,000333,11:03:45,79.7700,67,2
2026-05-26,000333,11:03:51,79.7500,28,2
2026-05-26,000333,11:03:54,79.7700,9,1
2026-05-26,000333,11:03:57,79.7600,26,2
2026-05-26,000333,11:04:00,79.7500,22,2
2026-05-26,000333,11:04:03,79.7700,13,1
2026-05-26,000333,11:04:06,79.7800,67,1
2026-05-26,000333,11:04:09,79.7400,46,2
2026-05-26,000333,11:04:12,79.7800,151,1
2026-05-26,000333,11:04:15,79.7800,44,1
2026-05-26,000333,11:04:18,79.7800,63,1
2026-05-26,000333,11:04:21,79.7800,22,2
2026-05-26,000333,11:04:24,79.7600,14,2
2026-05-26,000333,11:04:27,79.7600,59,2
2026-05-26,000333,11:04:30,79.7200,162,2
2026-05-26,000333,11:04:33,79.7200,23,2
2026-05-26,000333,11:04:36,79.7500,96,1
2026-05-26,000333,11:04:39,79.7300,172,2
2026-05-26,000333,11:04:42,79.7500,52,1
2026-05-26,000333,11:04:45,79.7200,40,2
2026-05-26,000333,11:04:48,79.7400,19,1
2026-05-26,000333,11:04:51,79.7300,10,1
2026-05-26,000333,11:04:54,79.7300,21,2
2026-05-26,000333,11:04:57,79.7300,16,2
2026-05-26,000333,11:05:00,79.7300,16,2
2026-05-26,000333,11:05:03,79.7300,10,2
2026-05-26,000333,11:05:06,79.7300,175,2
2026-05-26,000333,11:05:09,79.7700,55,1
2026-05-26,000333,11:05:12,79.7500,22,4
2026-05-26,000333,11:05:15,79.7400,20,2
2026-05-26,000333,11:05:18,79.7300,95,2
2026-05-26,000333,11:05:21,79.7300,36,1
2026-05-26,000333,11:05:24,79.7400,217,1
2026-05-26,000333,11:05:27,79.7200,10,2
2026-05-26,000333,11:05:30,79.7100,16,2
2026-05-26,000333,11:05:33,79.7400,57,1
2026-05-26,000333,11:05:36,79.7300,4,2
2026-05-26,000333,11:05:39,79.7500,6,1
2026-05-26,000333,11:05:42,79.7300,24,2
2026-05-26,000333,11:05:45,79.7500,4,2
2026-05-26,000333,11:05:48,79.7900,152,1
2026-05-26,000333,11:05:51,79.7400,1,2
2026-05-26,000333,11:05:57,79.7500,20,2
2026-05-26,000333,11:06:03,79.7500,12,2
2026-05-26,000333,11:06:06,79.7700,21,1
2026-05-26,000333,11:06:09,79.7800,11,2
2026-05-26,000333,11:06:12,79.8000,22,1
2026-05-26,000333,11:06:15,79.7800,39,2
2026-05-26,000333,11:06:18,79.8100,24,1
2026-05-26,000333,11:06:21,79.8100,223,1
2026-05-26,000333,11:06:24,79.7900,10,2
2026-05-26,000333,11:06:27,79.8100,89,1
2026-05-26,000333,11:06:30,79.8300,9,1
2026-05-26,000333,11:06:33,79.8200,8,2
2026-05-26,000333,11:06:36,79.8200,82,2
2026-05-26,000333,11:06:39,79.8000,9,2
2026-05-26,000333,11:06:42,79.8200,14,1
2026-05-26,000333,11:06:45,79.8200,129,1
2026-05-26,000333,11:06:48,79.8200,29,2
2026-05-26,000333,11:06:51,79.8200,6,2
2026-05-26,000333,11:06:54,79.8600,69,2
2026-05-26,000333,11:06:57,79.8600,232,2
2026-05-26,000333,11:07:00,79.8800,55,2
2026-05-26,000333,11:07:03,79.8600,19,2
2026-05-26,000333,11:07:06,79.9200,10,1
2026-05-26,000333,11:07:09,79.9200,10,1
2026-05-26,000333,11:07:12,79.8700,8,2
2026-05-26,000333,11:07:15,79.8600,17,2
2026-05-26,000333,11:07:18,79.8500,68,2
2026-05-26,000333,11:07:21,79.8600,44,2
2026-05-26,000333,11:07:24,79.8400,90,2
2026-05-26,000333,11:07:27,79.8400,26,2
2026-05-26,000333,11:07:30,79.8400,19,2
2026-05-26,000333,11:07:33,79.8400,13,2
2026-05-26,000333,11:07:36,79.8500,7,2
2026-05-26,000333,11:07:39,79.8800,6,1
2026-05-26,000333,11:07:42,79.8800,21,1
2026-05-26,000333,11:07:45,79.8800,22,2
2026-05-26,000333,11:07:48,79.8700,48,2
2026-05-26,000333,11:07:51,79.8700,8,1
2026-05-26,000333,11:07:54,79.8700,22,2
2026-05-26,000333,11:07:57,79.8800,84,1
2026-05-26,000333,11:08:00,79.8800,35,2
2026-05-26,000333,11:08:03,79.8900,18,1
2026-05-26,000333,11:08:06,79.8700,13,2
2026-05-26,000333,11:08:09,79.8700,47,2
2026-05-26,000333,11:08:12,79.8800,60,2
2026-05-26,000333,11:08:15,79.8600,48,2
2026-05-26,000333,11:08:18,79.8700,30,2
2026-05-26,000333,11:08:21,79.8600,27,2
2026-05-26,000333,11:08:24,79.8600,156,1
2026-05-26,000333,11:08:27,79.8400,3,2
2026-05-26,000333,11:08:30,79.8400,25,2
2026-05-26,000333,11:08:33,79.8400,164,2
2026-05-26,000333,11:08:36,79.8300,4,4
2026-05-26,000333,11:08:39,79.8400,15,1
2026-05-26,000333,11:08:42,79.8400,25,1
2026-05-26,000333,11:08:45,79.8400,39,2
2026-05-26,000333,11:08:48,79.8300,1,2
2026-05-26,000333,11:08:51,79.8500,2,1
2026-05-26,000333,11:08:54,79.8500,4,1
2026-05-26,000333,11:08:57,79.8700,364,1
2026-05-26,000333,11:09:00,79.8600,126,2
2026-05-26,000333,11:09:03,79.8600,40,2
2026-05-26,000333,11:09:09,79.8800,10,1
2026-05-26,000333,11:09:12,79.8800,3,1
2026-05-26,000333,11:09:15,79.8700,90,2
2026-05-26,000333,11:09:18,79.8600,34,2
2026-05-26,000333,11:09:21,79.8700,7,1
2026-05-26,000333,11:09:24,79.8700,51,1
2026-05-26,000333,11:09:27,79.8600,9,2
2026-05-26,000333,11:09:30,79.8500,33,2
2026-05-26,000333,11:09:33,79.8400,109,2
2026-05-26,000333,11:09:36,79.8300,56,2
2026-05-26,000333,11:09:39,79.8300,15,1
2026-05-26,000333,11:09:42,79.8200,5,2
2026-05-26,000333,11:09:45,79.8100,8,2
2026-05-26,000333,11:09:48,79.8200,18,2
2026-05-26,000333,11:09:51,79.8200,3,2
2026-05-26,000333,11:09:54,79.8200,30,2
2026-05-26,000333,11:09:57,79.8100,27,2
2026-05-26,000333,11:10:00,79.8000,18,2
2026-05-26,000333,11:10:03,79.8000,16,2
2026-05-26,000333,11:10:06,79.8000,9,2
2026-05-26,000333,11:10:09,79.8100,7,1
2026-05-26,000333,11:10:12,79.8000,85,2
2026-05-26,000333,11:10:15,79.7900,41,2
2026-05-26,000333,11:10:18,79.7800,38,2
2026-05-26,000333,11:10:21,79.8000,13,1
2026-05-26,000333,11:10:24,79.7800,17,2
2026-05-26,000333,11:10:27,79.7900,10,2
2026-05-26,000333,11:10:30,79.8000,1,1
2026-05-26,000333,11:10:33,79.7900,13,2
2026-05-26,000333,11:10:36,79.8100,4,1
2026-05-26,000333,11:10:39,79.7900,5,2
2026-05-26,000333,11:10:42,79.8000,17,4
2026-05-26,000333,11:10:45,79.7900,33,2
2026-05-26,000333,11:10:48,79.8000,9,2
2026-05-26,000333,11:10:51,79.8200,18,1
2026-05-26,000333,11:10:54,79.8300,63,1
2026-05-26,000333,11:10:57,79.8000,20,2
2026-05-26,000333,11:11:00,79.8000,24,2
2026-05-26,000333,11:11:03,79.7800,166,2
2026-05-26,000333,11:11:06,79.7800,14,2
2026-05-26,000333,11:11:09,79.7800,7,2
2026-05-26,000333,11:11:12,79.7800,31,2
2026-05-26,000333,11:11:15,79.7700,17,2
2026-05-26,000333,11:11:18,79.7700,63,2
2026-05-26,000333,11:11:21,79.7700,37,2
2026-05-26,000333,11:11:24,79.7600,7,2
2026-05-26,000333,11:11:27,79.7600,6,2
2026-05-26,000333,11:11:30,79.7600,6,2
2026-05-26,000333,11:11:36,79.7600,1,1
2026-05-26,000333,11:11:39,79.7700,16,1
2026-05-26,000333,11:11:42,79.7500,22,2
2026-05-26,000333,11:11:48,79.7600,4,1
2026-05-26,000333,11:11:51,79.7500,7,2
2026-05-26,000333,11:11:54,79.7600,9,1
2026-05-26,000333,11:11:57,79.7600,19,1
2026-05-26,000333,11:12:00,79.7600,15,2
2026-05-26,000333,11:12:03,79.7600,11,2
2026-05-26,000333,11:12:06,79.7500,14,2
2026-05-26,000333,11:12:09,79.7600,1,1
2026-05-26,000333,11:12:12,79.7600,28,2
2026-05-26,000333,11:12:15,79.7500,36,2
2026-05-26,000333,11:12:18,79.7400,45,2
2026-05-26,000333,11:12:21,79.7300,98,2
2026-05-26,000333,11:12:24,79.7300,81,2
2026-05-26,000333,11:12:27,79.7100,62,2
2026-05-26,000333,11:12:30,79.7000,48,2
2026-05-26,000333,11:12:33,79.7000,187,2
2026-05-26,000333,11:12:36,79.7000,36,2
2026-05-26,000333,11:12:39,79.7000,12,2
2026-05-26,000333,11:12:42,79.7000,60,2
2026-05-26,000333,11:12:45,79.7200,20,1
2026-05-26,000333,11:12:48,79.7200,8,1
2026-05-26,000333,11:12:51,79.7000,12,2
2026-05-26,000333,11:12:54,79.7100,7,2
2026-05-26,000333,11:12:57,79.7200,156,1
2026-05-26,000333,11:13:00,79.7300,2,1
2026-05-26,000333,11:13:03,79.7300,37,1
2026-05-26,000333,11:13:06,79.7200,33,2
2026-05-26,000333,11:13:09,79.7400,225,1
2026-05-26,000333,11:13:12,79.7300,93,2
2026-05-26,000333,11:13:15,79.7500,42,1
2026-05-26,000333,11:13:18,79.7500,158,1
2026-05-26,000333,11:13:21,79.8300,23,1
2026-05-26,000333,11:13:24,79.7500,114,2
2026-05-26,000333,11:13:27,79.7500,24,1
2026-05-26,000333,11:13:30,79.7500,41,1
2026-05-26,000333,11:13:33,79.7400,9,2
2026-05-26,000333,11:13:36,79.7500,7,1
2026-05-26,000333,11:13:42,79.7500,24,2
2026-05-26,000333,11:13:48,79.7500,44,2
2026-05-26,000333,11:13:51,79.7600,7,1
2026-05-26,000333,11:13:54,79.7600,13,2
2026-05-26,000333,11:13:57,79.7600,3,2
2026-05-26,000333,11:14:00,79.7600,6,2
2026-05-26,000333,11:14:03,79.7600,18,1
2026-05-26,000333,11:14:06,79.7500,13,1
2026-05-26,000333,11:14:09,79.7400,85,2
2026-05-26,000333,11:14:12,79.7300,74,2
2026-05-26,000333,11:14:15,79.7200,65,2
2026-05-26,000333,11:14:18,79.7500,9,1
2026-05-26,000333,11:14:21,79.7300,32,2
2026-05-26,000333,11:14:24,79.7500,41,1
2026-05-26,000333,11:14:27,79.7300,2,2
2026-05-26,000333,11:14:30,79.7400,2,1
2026-05-26,000333,11:14:33,79.7300,17,2
2026-05-26,000333,11:14:36,79.7400,1,1
2026-05-26,000333,11:14:39,79.7300,40,2
2026-05-26,000333,11:14:42,79.7300,7,2
2026-05-26,000333,11:14:45,79.7300,22,1
2026-05-26,000333,11:14:48,79.7200,5,2
2026-05-26,000333,11:14:51,79.7200,4,2
2026-05-26,000333,11:14:54,79.7200,81,2
2026-05-26,000333,11:14:57,79.7300,12,1
2026-05-26,000333,11:15:00,79.7500,68,1
2026-05-26,000333,11:15:03,79.7200,1,2
2026-05-26,000333,11:15:06,79.7600,77,1
2026-05-26,000333,11:15:09,79.7600,44,2
2026-05-26,000333,11:15:12,79.7600,22,2
2026-05-26,000333,11:15:15,79.7700,26,2
2026-05-26,000333,11:15:18,79.7700,7,2
2026-05-26,000333,11:15:24,79.7600,106,2
2026-05-26,000333,11:15:27,79.7700,2,4
2026-05-26,000333,11:15:30,79.7600,48,2
2026-05-26,000333,11:15:36,79.7700,59,1
2026-05-26,000333,11:15:39,79.7400,21,2
2026-05-26,000333,11:15:42,79.7400,57,2
2026-05-26,000333,11:15:45,79.7700,73,1
2026-05-26,000333,11:15:48,79.7400,21,2
2026-05-26,000333,11:15:51,79.7500,72,2
2026-05-26,000333,11:15:54,79.7400,17,2
2026-05-26,000333,11:15:57,79.7500,3,2
2026-05-26,000333,11:16:00,79.7500,27,1
2026-05-26,000333,11:16:03,79.7500,40,1
2026-05-26,000333,11:16:06,79.8000,36,1
2026-05-26,000333,11:16:09,79.7500,13,2
2026-05-26,000333,11:16:12,79.8000,53,1
2026-05-26,000333,11:16:15,79.7600,43,2
2026-05-26,000333,11:16:18,79.7800,7,1
2026-05-26,000333,11:16:21,79.7700,1,1
2026-05-26,000333,11:16:24,79.7600,97,2
2026-05-26,000333,11:16:27,79.7600,14,1
2026-05-26,000333,11:16:30,79.7600,22,1
2026-05-26,000333,11:16:33,79.7600,13,1
2026-05-26,000333,11:16:36,79.7600,1,2
2026-05-26,000333,11:16:39,79.7600,5,2
2026-05-26,000333,11:16:45,79.7800,17,1
2026-05-26,000333,11:16:48,79.7500,22,2
2026-05-26,000333,11:16:54,79.7600,8,2
2026-05-26,000333,11:16:57,79.7600,15,2
2026-05-26,000333,11:17:00,79.7600,8,1
2026-05-26,000333,11:17:03,79.7600,7,2
2026-05-26,000333,11:17:06,79.7600,24,2
2026-05-26,000333,11:17:09,79.7600,29,2
2026-05-26,000333,11:17:12,79.7600,12,2
2026-05-26,000333,11:17:15,79.7500,53,2
2026-05-26,000333,11:17:18,79.7500,4,2
2026-05-26,000333,11:17:21,79.7500,13,2
2026-05-26,000333,11:17:24,79.7500,58,2
2026-05-26,000333,11:17:27,79.7400,88,2
2026-05-26,000333,11:17:30,79.7300,162,2
2026-05-26,000333,11:17:33,79.7200,50,2
2026-05-26,000333,11:17:36,79.7600,109,1
2026-05-26,000333,11:17:39,79.7400,43,1
2026-05-26,000333,11:17:42,79.7200,83,2
2026-05-26,000333,11:17:48,79.7500,71,2
