date,code,time,price,volume,bs
2026-03-24,000333,14:06:36,74.1100,31,1
2026-03-24,000333,14:06:39,74.1100,11,1
2026-03-24,000333,14:06:42,74.0800,12,2
2026-03-24,000333,14:06:45,74.1000,9,1
2026-03-24,000333,14:06:48,74.0800,16,2
2026-03-24,000333,14:06:51,74.1000,4,1
2026-03-24,000333,14:06:54,74.0800,70,2
2026-03-24,000333,14:06:57,74.1000,15,2
2026-03-24,000333,14:07:00,74.1000,2,2
2026-03-24,000333,14:07:03,74.0900,18,2
2026-03-24,000333,14:07:06,74.0800,141,2
2026-03-24,000333,14:07:09,74.0800,79,2
2026-03-24,000333,14:07:12,74.1000,36,1
2026-03-24,000333,14:07:15,74.0800,5,2
2026-03-24,000333,14:07:18,74.1000,23,1
2026-03-24,000333,14:07:21,74.0900,21,1
2026-03-24,000333,14:07:24,74.0600,100,2
2026-03-24,000333,14:07:27,74.0700,53,4
2026-03-24,000333,14:07:30,74.0700,4,1
2026-03-24,000333,14:07:33,74.0500,12,2
2026-03-24,000333,14:07:36,74.0600,36,4
2026-03-24,000333,14:07:39,74.0700,21,1
2026-03-24,000333,14:07:42,74.0600,20,2
2026-03-24,000333,14:07:45,74.0700,12,1
2026-03-24,000333,14:07:48,74.0700,10,1
2026-03-24,000333,14:07:51,74.0700,2,2
2026-03-24,000333,14:07:54,74.1000,28,1
2026-03-24,000333,14:07:57,74.0800,82,1
2026-03-24,000333,14:08:00,74.0900,8,1
2026-03-24,000333,14:08:03,74.0800,18,1
2026-03-24,000333,14:08:06,74.0700,17,2
2026-03-24,000333,14:08:09,74.0900,35,1
2026-03-24,000333,14:08:12,74.0800,11,1
2026-03-24,000333,14:08:15,74.0700,31,2
2026-03-24,000333,14:08:18,74.0800,4,1
2026-03-24,000333,14:08:21,74.0700,7,1
2026-03-24,000333,14:08:24,74.0700,3,1
2026-03-24,000333,14:08:27,74.0800,29,1
2026-03-24,000333,14:08:30,74.0800,61,1
2026-03-24,000333,14:08:33,74.0700,122,2
2026-03-24,000333,14:08:36,74.0900,35,1
2026-03-24,000333,14:08:39,74.0900,12,2
2026-03-24,000333,14:08:42,74.1000,74,4
2026-03-24,000333,14:08:45,74.1100,31,1
2026-03-24,000333,14:08:48,74.1100,31,1
2026-03-24,000333,14:08:51,74.1100,10,1
2026-03-24,000333,14:08:54,74.1000,19,2
2026-03-24,000333,14:08:57,74.0900,45,2
2026-03-24,000333,14:09:00,74.1000,286,4
2026-03-24,000333,14:09:03,74.1000,14,4
2026-03-24,000333,14:09:06,74.1100,65,1
2026-03-24,000333,14:09:09,74.0900,66,2
2026-03-24,000333,14:09:12,74.0800,5,2
2026-03-24,000333,14:09:15,74.0900,1,1
2026-03-24,000333,14:09:18,74.0600,59,2
2026-03-24,000333,14:09:21,74.0600,97,2
2026-03-24,000333,14:09:24,74.0500,90,2
2026-03-24,000333,14:09:27,74.0600,16,2
2026-03-24,000333,14:09:30,74.0800,17,1
2026-03-24,000333,14:09:33,74.0600,11,2
2026-03-24,000333,14:09:36,74.0600,18,2
2026-03-24,000333,14:09:39,74.0600,45,2
2026-03-24,000333,14:09:42,74.0700,3,1
2026-03-24,000333,14:09:45,74.0600,37,2
2026-03-24,000333,14:09:48,74.0600,8,2
2026-03-24,000333,14:09:51,74.0700,24,1
2026-03-24,000333,14:09:54,74.0700,88,1
2026-03-24,000333,14:09:57,74.0700,18,2
2026-03-24,000333,14:10:00,74.0800,5,1
2026-03-24,000333,14:10:03,74.0800,51,4
2026-03-24,000333,14:10:06,74.0700,35,2
2026-03-24,000333,14:10:09,74.0800,54,1
2026-03-24,000333,14:10:12,74.0500,410,2
2026-03-24,000333,14:10:15,74.0700,23,1
2026-03-24,000333,14:10:18,74.0700,20,1
2026-03-24,000333,14:10:21,74.0500,6,4
2026-03-24,000333,14:10:24,74.0400,22,2
2026-03-24,000333,14:10:27,74.0600,48,1
2026-03-24,000333,14:10:30,74.0500,1,2
2026-03-24,000333,14:10:33,74.0500,2,4
2026-03-24,000333,14:10:36,74.0300,31,2
2026-03-24,000333,14:10:39,74.0600,45,1
2026-03-24,000333,14:10:42,74.0500,7,2
2026-03-24,000333,14:10:45,74.0400,15,2
2026-03-24,000333,14:10:48,74.0600,3,1
2026-03-24,000333,14:10:51,74.0600,17,1
2026-03-24,000333,14:10:54,74.0600,35,1
2026-03-24,000333,14:10:57,74.0600,17,2
2026-03-24,000333,14:11:00,74.0500,23,2
2026-03-24,000333,14:11:03,74.0500,19,2
2026-03-24,000333,14:11:06,74.0500,39,2
2026-03-24,000333,14:11:09,74.0700,59,1
2026-03-24,000333,14:11:15,74.0100,475,2
2026-03-24,000333,14:11:18,74.0100,20,2
2026-03-24,000333,14:11:21,74.0200,7,1
2026-03-24,000333,14:11:24,74.0100,10,2
2026-03-24,000333,14:11:27,74.0100,9,2
2026-03-24,000333,14:11:30,74.0100,33,2
2026-03-24,000333,14:11:33,74.0100,10,2
2026-03-24,000333,14:11:36,74.0200,11,1
2026-03-24,000333,14:11:39,74.0200,87,1
2026-03-24,000333,14:11:42,74.0200,29,1
2026-03-24,000333,14:11:45,74.0200,4,1
2026-03-24,000333,14:11:48,74.0100,2,2
2026-03-24,000333,14:11:51,74.0200,11,1
2026-03-24,000333,14:11:54,74.0100,4,2
2026-03-24,000333,14:12:00,74.0100,5,2
2026-03-24,000333,14:12:03,74.0200,72,1
2026-03-24,000333,14:12:06,74.0100,30,2
2026-03-24,000333,14:12:09,74.0200,53,1
2026-03-24,000333,14:12:12,74.0100,2,2
2026-03-24,000333,14:12:15,74.0100,1,2
2026-03-24,000333,14:12:18,74.0000,37,2
2026-03-24,000333,14:12:21,74.0100,10,1
2026-03-24,000333,14:12:24,74.0100,53,1
2026-03-24,000333,14:12:27,74.0200,3,1
2026-03-24,000333,14:12:30,74.0200,3,1
2026-03-24,000333,14:12:33,74.0200,28,1
2026-03-24,000333,14:12:36,74.0100,5,2
2026-03-24,000333,14:12:39,74.0200,28,1
2026-03-24,000333,14:12:42,74.0200,7,1
2026-03-24,000333,14:12:45,74.0200,11,1
2026-03-24,000333,14:12:48,74.0100,12,2
2026-03-24,000333,14:12:51,74.0200,1,1
2026-03-24,000333,14:12:54,74.0200,36,1
2026-03-24,000333,14:12:57,74.0200,12,1
2026-03-24,000333,14:13:00,74.0100,9,2
2026-03-24,000333,14:13:03,74.0100,863,2
2026-03-24,000333,14:13:06,74.0000,167,1
2026-03-24,000333,14:13:09,74.0000,41,1
2026-03-24,000333,14:13:12,74.0100,8,1
2026-03-24,000333,14:13:15,74.0100,5,1
2026-03-24,000333,14:13:18,74.0000,34,2
2026-03-24,000333,14:13:21,73.9900,149,2
2026-03-24,000333,14:13:24,74.0100,4,1
2026-03-24,000333,14:13:27,74.0100,4,1
2026-03-24,000333,14:13:33,74.0000,46,2
2026-03-24,000333,14:13:36,74.0100,8,4
2026-03-24,000333,14:13:39,74.0200,202,1
2026-03-24,000333,14:13:42,74.0200,23,1
2026-03-24,000333,14:13:45,74.0300,41,1
2026-03-24,000333,14:13:48,74.0200,4,2
2026-03-24,000333,14:13:51,74.0200,5,2
2026-03-24,000333,14:13:54,74.0300,32,1
2026-03-24,000333,14:13:57,74.0200,5,1
2026-03-24,000333,14:14:00,74.0100,5,2
2026-03-24,000333,14:14:03,74.0100,59,2
2026-03-24,000333,14:14:06,74.0200,42,1
2026-03-24,000333,14:14:09,74.0300,13,1
2026-03-24,000333,14:14:12,74.0200,52,2
2026-03-24,000333,14:14:18,74.0100,47,2
2026-03-24,000333,14:14:21,74.0200,12,4
2026-03-24,000333,14:14:24,74.0100,6,2
2026-03-24,000333,14:14:27,74.0200,6,4
2026-03-24,000333,14:14:30,74.0100,12,2
2026-03-24,000333,14:14:33,74.0200,13,4
2026-03-24,000333,14:14:36,74.0300,21,1
2026-03-24,000333,14:14:39,74.0300,17,2
2026-03-24,000333,14:14:42,74.0300,5,1
2026-03-24,000333,14:14:45,74.0300,17,1
2026-03-24,000333,14:14:48,74.0300,60,1
2026-03-24,000333,14:14:51,74.0200,7,2
2026-03-24,000333,14:14:54,74.0400,19,1
2026-03-24,000333,14:14:57,74.0300,13,1
2026-03-24,000333,14:15:00,74.0300,8,2
2026-03-24,000333,14:15:03,74.0500,64,1
2026-03-24,000333,14:15:06,74.0500,19,1
2026-03-24,000333,14:15:09,74.0500,51,1
2026-03-24,000333,14:15:12,74.0700,32,1
2026-03-24,000333,14:15:15,74.0700,15,1
2026-03-24,000333,14:15:18,74.0800,29,1
2026-03-24,000333,14:15:21,74.0800,12,1
2026-03-24,000333,14:15:24,74.1000,22,1
2026-03-24,000333,14:15:27,74.0800,18,4
2026-03-24,000333,14:15:30,74.0700,13,2
2026-03-24,000333,14:15:33,74.0500,20,2
2026-03-24,000333,14:15:36,74.0800,47,1
2026-03-24,000333,14:15:39,74.0700,75,2
2026-03-24,000333,14:15:42,74.0600,3,4
2026-03-24,000333,14:15:45,74.0600,15,1
2026-03-24,000333,14:15:48,74.0500,7,2
2026-03-24,000333,14:15:51,74.0500,10,1
2026-03-24,000333,14:15:54,74.0500,1,1
2026-03-24,000333,14:15:57,74.0500,14,1
2026-03-24,000333,14:16:00,74.0500,1,1
2026-03-24,000333,14:16:03,74.0500,38,1
2026-03-24,000333,14:16:06,74.0500,10,1
2026-03-24,000333,14:16:09,74.0500,62,1
2026-03-24,000333,14:16:15,74.0500,2,2
2026-03-24,000333,14:16:18,74.0500,21,2
2026-03-24,000333,14:16:21,74.0500,5,2
2026-03-24,000333,14:16:24,74.0500,4,2
2026-03-24,000333,14:16:27,74.0500,6,2
2026-03-24,000333,14:16:30,74.0600,45,1
2026-03-24,000333,14:16:33,74.0700,59,1
2026-03-24,000333,14:16:36,74.1100,178,1
2026-03-24,000333,14:16:39,74.1100,28,2
2026-03-24,000333,14:16:42,74.1100,29,2
2026-03-24,000333,14:16:45,74.1000,25,2
2026-03-24,000333,14:16:48,74.1200,49,1
2026-03-24,000333,14:16:51,74.1200,47,1
2026-03-24,000333,14:16:54,74.1200,10,2
2026-03-24,000333,14:16:57,74.1200,19,1
2026-03-24,000333,14:17:00,74.1300,21,1
2026-03-24,000333,14:17:03,74.1300,3,1
2026-03-24,000333,14:17:06,74.1200,12,2
2026-03-24,000333,14:17:09,74.1400,63,1
2026-03-24,000333,14:17:12,74.1400,34,1
2026-03-24,000333,14:17:15,74.1000,6,2
2026-03-24,000333,14:17:18,74.1100,14,1
2026-03-24,000333,14:17:21,74.1300,26,1
2026-03-24,000333,14:17:24,74.0900,59,2
2026-03-24,000333,14:17:27,74.1200,26,1
2026-03-24,000333,14:17:30,74.0900,29,2
2026-03-24,000333,14:17:33,74.1300,53,1
2026-03-24,000333,14:17:36,74.0900,1,1
2026-03-24,000333,14:17:39,74.1000,102,1
2026-03-24,000333,14:17:42,74.0900,4,2
2026-03-24,000333,14:17:45,74.0800,14,2
2026-03-24,000333,14:17:48,74.0800,9,2
2026-03-24,000333,14:17:51,74.0900,8,1
2026-03-24,000333,14:17:54,74.0800,46,2
2026-03-24,000333,14:18:00,74.0600,21,2
2026-03-24,000333,14:18:03,74.0800,11,1
2026-03-24,000333,14:18:06,74.0700,48,2
2026-03-24,000333,14:18:09,74.1000,51,1
2026-03-24,000333,14:18:12,74.0900,13,4
2026-03-24,000333,14:18:15,74.0800,221,2
2026-03-24,000333,14:18:18,74.0900,7,4
2026-03-24,000333,14:18:21,74.1400,12,1
2026-03-24,000333,14:18:24,74.1000,31,2
2026-03-24,000333,14:18:27,74.1200,134,2
2026-03-24,000333,14:18:30,74.1100,318,2
2026-03-24,000333,14:18:33,74.1100,36,1
2026-03-24,000333,14:18:36,74.1000,10,2
2026-03-24,000333,14:18:39,74.0800,167,2
2026-03-24,000333,14:18:42,74.0800,115,4
2026-03-24,000333,14:18:45,74.0800,28,2
2026-03-24,000333,14:18:48,74.1100,108,1
2026-03-24,000333,14:18:51,74.1000,4,1
2026-03-24,000333,14:18:54,74.1100,26,1
2026-03-24,000333,14:18:57,74.1000,1,1
2026-03-24,000333,14:19:00,74.0800,84,2
2026-03-24,000333,14:19:03,74.0700,233,2
2026-03-24,000333,14:19:06,74.0700,141,2
2026-03-24,000333,14:19:09,74.1100,13,1
2026-03-24,000333,14:19:12,74.1100,12,1
2026-03-24,000333,14:19:15,74.1200,1,4
2026-03-24,000333,14:19:18,74.1400,17,1
2026-03-24,000333,14:19:21,74.1300,3,1
2026-03-24,000333,14:19:24,74.1200,110,2
2026-03-24,000333,14:19:27,74.1300,43,1
2026-03-24,000333,14:19:30,74.1300,11,1
2026-03-24,000333,14:19:33,74.1900,430,1
2026-03-24,000333,14:19:36,74.1800,26,1
2026-03-24,000333,14:19:39,74.1200,82,2
2026-03-24,000333,14:19:42,74.1400,11,1
2026-03-24,000333,14:19:45,74.1400,4,2
2026-03-24,000333,14:19:48,74.1400,12,1
2026-03-24,000333,14:19:51,74.1300,4,2
2026-03-24,000333,14:19:54,74.1400,1,2
2026-03-24,000333,14:19:57,74.1400,11,2
2026-03-24,000333,14:20:00,74.1400,5,2
2026-03-24,000333,14:20:03,74.1500,143,1
2026-03-24,000333,14:20:06,74.1500,107,2
2026-03-24,000333,14:20:09,74.1400,35,2
2026-03-24,000333,14:20:12,74.1400,41,2
2026-03-24,000333,14:20:15,74.1800,241,1
2026-03-24,000333,14:20:18,74.1500,8,2
2026-03-24,000333,14:20:21,74.1500,14,2
2026-03-24,000333,14:20:24,74.2000,221,1
2026-03-24,000333,14:20:27,74.1900,8,1
2026-03-24,000333,14:20:30,74.2000,398,1
2026-03-24,000333,14:20:33,74.2100,81,1
2026-03-24,000333,14:20:36,74.2000,93,2
2026-03-24,000333,14:20:39,74.2000,62,2
2026-03-24,000333,14:20:42,74.2400,60,1
2026-03-24,000333,14:20:45,74.2400,65,1
2026-03-24,000333,14:20:48,74.2000,40,2
2026-03-24,000333,14:20:51,74.2400,44,1
2026-03-24,000333,14:20:54,74.2400,11,1
2026-03-24,000333,14:20:57,74.2400,24,1
2026-03-24,000333,14:21:00,74.2300,41,2
2026-03-24,000333,14:21:03,74.2300,365,1
2026-03-24,000333,14:21:06,74.2200,11,4
2026-03-24,000333,14:21:09,74.2400,137,1
2026-03-24,000333,14:21:12,74.2100,15,2
2026-03-24,000333,14:21:15,74.2300,6,1
2026-03-24,000333,14:21:18,74.2100,22,2
2026-03-24,000333,14:21:21,74.2000,44,2
2026-03-24,000333,14:21:24,74.2100,30,1
2026-03-24,000333,14:21:27,74.2000,32,2
2026-03-24,000333,14:21:30,74.2000,37,2
2026-03-24,000333,14:21:33,74.2100,41,1
2026-03-24,000333,14:21:36,74.2000,23,2
2026-03-24,000333,14:21:39,74.1900,21,2
2026-03-24,000333,14:21:42,74.2100,24,1
2026-03-24,000333,14:21:45,74.2100,8,1
2026-03-24,000333,14:21:48,74.2000,7,2
2026-03-24,000333,14:21:51,74.2000,13,1
2026-03-24,000333,14:21:54,74.1900,3,2
2026-03-24,000333,14:21:57,74.1900,10,2
2026-03-24,000333,14:22:00,74.2000,61,1
2026-03-24,000333,14:22:03,74.2100,32,1
2026-03-24,000333,14:22:06,74.2000,21,2
2026-03-24,000333,14:22:09,74.2000,48,2
2026-03-24,000333,14:22:12,74.2100,12,1
2026-03-24,000333,14:22:15,74.2100,16,1
2026-03-24,000333,14:22:18,74.2100,16,1
2026-03-24,000333,14:22:21,74.2100,24,1
2026-03-24,000333,14:22:24,74.2200,8,1
2026-03-24,000333,14:22:27,74.2300,2,1
2026-03-24,000333,14:22:30,74.2100,86,2
2026-03-24,000333,14:22:33,74.2000,113,2
2026-03-24,000333,14:22:36,74.2000,29,2
2026-03-24,000333,14:22:39,74.2000,57,1
2026-03-24,000333,14:22:42,74.2100,14,1
2026-03-24,000333,14:22:45,74.2300,12,1
2026-03-24,000333,14:22:48,74.2300,97,1
2026-03-24,000333,14:22:51,74.2500,42,1
2026-03-24,000333,14:22:54,74.2600,350,4
2026-03-24,000333,14:22:57,74.2500,113,2
2026-03-24,000333,14:23:00,74.2400,28,4
2026-03-24,000333,14:23:03,74.2500,20,1
2026-03-24,000333,14:23:06,74.2500,16,1
2026-03-24,000333,14:23:09,74.2400,30,2
2026-03-24,000333,14:23:12,74.2400,31,2
2026-03-24,000333,14:23:18,74.2300,91,2
2026-03-24,000333,14:23:21,74.2300,59,1
2026-03-24,000333,14:23:24,74.2200,40,2
2026-03-24,000333,14:23:27,74.2200,16,2
2026-03-24,000333,14:23:30,74.2300,50,1
2026-03-24,000333,14:23:33,74.2400,82,1
2026-03-24,000333,14:23:36,74.2500,9,1
2026-03-24,000333,14:23:39,74.2500,45,1
2026-03-24,000333,14:23:42,74.2500,12,1
2026-03-24,000333,14:23:45,74.2400,37,1
2026-03-24,000333,14:23:48,74.2400,20,1
2026-03-24,000333,14:23:51,74.2800,57,1
2026-03-24,000333,14:23:54,74.2500,33,2
2026-03-24,000333,14:23:57,74.2900,25,1
2026-03-24,000333,14:24:00,74.2500,43,2
2026-03-24,000333,14:24:03,74.2800,15,1
2026-03-24,000333,14:24:06,74.2500,17,1
2026-03-24,000333,14:24:09,74.2500,17,2
2026-03-24,000333,14:24:12,74.2500,16,2
2026-03-24,000333,14:24:15,74.2600,23,1
2026-03-24,000333,14:24:18,74.2400,10,2
2026-03-24,000333,14:24:21,74.2500,26,2
2026-03-24,000333,14:24:24,74.2600,24,1
2026-03-24,000333,14:24:27,74.2500,20,2
2026-03-24,000333,14:24:30,74.2600,5,1
2026-03-24,000333,14:24:33,74.2600,6,1
2026-03-24,000333,14:24:36,74.2600,28,1
2026-03-24,000333,14:24:39,74.2400,74,2
2026-03-24,000333,14:24:42,74.2400,65,2
2026-03-24,000333,14:24:45,74.2300,32,2
2026-03-24,000333,14:24:48,74.2300,14,2
2026-03-24,000333,14:24:51,74.2200,59,2
2026-03-24,000333,14:24:54,74.2300,12,1
2026-03-24,000333,14:24:57,74.2300,52,1
2026-03-24,000333,14:25:00,74.2400,7,4
2026-03-24,000333,14:25:03,74.2400,14,1
2026-03-24,000333,14:25:06,74.2400,3,1
2026-03-24,000333,14:25:09,74.2400,20,1
2026-03-24,000333,14:25:12,74.2300,15,2
2026-03-24,000333,14:25:15,74.2400,12,1
2026-03-24,000333,14:25:18,74.2300,59,2
2026-03-24,000333,14:25:21,74.2100,257,2
2026-03-24,000333,14:25:24,74.2200,21,1
2026-03-24,000333,14:25:27,74.2100,15,1
2026-03-24,000333,14:25:30,74.2200,56,1
2026-03-24,000333,14:25:33,74.2100,22,4
2026-03-24,000333,14:25:36,74.2100,42,1
2026-03-24,000333,14:25:39,74.2200,35,1
2026-03-24,000333,14:25:42,74.2000,43,2
2026-03-24,000333,14:25:45,74.2100,8,1
2026-03-24,000333,14:25:48,74.1900,15,2
2026-03-24,000333,14:25:51,74.2100,2,1
2026-03-24,000333,14:25:54,74.2100,8,1
2026-03-24,000333,14:25:57,74.2000,9,1
2026-03-24,000333,14:26:00,74.2000,13,2
2026-03-24,000333,14:26:03,74.2000,15,1
2026-03-24,000333,14:26:06,74.1900,30,2
2026-03-24,000333,14:26:09,74.2000,35,1
2026-03-24,000333,14:26:12,74.1900,20,2
2026-03-24,000333,14:26:15,74.1900,55,2
2026-03-24,000333,14:26:18,74.1900,48,2
2026-03-24,000333,14:26:21,74.1800,113,2
2026-03-24,000333,14:26:24,74.1600,61,2
2026-03-24,000333,14:26:27,74.1500,30,2
2026-03-24,000333,14:26:30,74.1400,53,2
2026-03-24,000333,14:26:33,74.1400,27,2
2026-03-24,000333,14:26:36,74.1500,37,1
2026-03-24,000333,14:26:39,74.1400,19,1
2026-03-24,000333,14:26:42,74.1500,11,1
2026-03-24,000333,14:26:45,74.1400,72,2
2026-03-24,000333,14:26:48,74.1600,17,1
2026-03-24,000333,14:26:51,74.1600,1,1
2026-03-24,000333,14:26:54,74.1600,24,1
2026-03-24,000333,14:26:57,74.1500,5,2
2026-03-24,000333,14:27:00,74.1400,28,2
2026-03-24,000333,14:27:03,74.1500,11,4
2026-03-24,000333,14:27:06,74.1700,80,1
2026-03-24,000333,14:27:09,74.1500,36,2
2026-03-24,000333,14:27:12,74.1500,22,2
2026-03-24,000333,14:27:15,74.1600,10,1
2026-03-24,000333,14:27:18,74.1600,32,1
2026-03-24,000333,14:27:21,74.1700,65,1
2026-03-24,000333,14:27:24,74.1700,49,1
2026-03-24,000333,14:27:27,74.1800,10,1
2026-03-24,000333,14:27:30,74.1700,52,2
2026-03-24,000333,14:27:33,74.1900,28,1
2026-03-24,000333,14:27:36,74.2000,213,1
2026-03-24,000333,14:27:39,74.2000,14,1
2026-03-24,000333,14:27:42,74.2000,59,2
2026-03-24,000333,14:27:45,74.2000,62,1
2026-03-24,000333,14:27:48,74.2000,23,1
2026-03-24,000333,14:27:51,74.1900,18,2
2026-03-24,000333,14:27:54,74.1800,9,2
2026-03-24,000333,14:27:57,74.1800,43,1
2026-03-24,000333,14:28:00,74.2000,151,1
2026-03-24,000333,14:28:03,74.1900,18,4
2026-03-24,000333,14:28:06,74.1800,10,2
2026-03-24,000333,14:28:09,74.1900,1,4
2026-03-24,000333,14:28:12,74.2000,20,1
2026-03-24,000333,14:28:15,74.1900,4,2
2026-03-24,000333,14:28:18,74.2000,111,1
2026-03-24,000333,14:28:21,74.2100,8,1
2026-03-24,000333,14:28:24,74.2200,38,4
2026-03-24,000333,14:28:27,74.2200,15,1
2026-03-24,000333,14:28:30,74.2100,36,2
2026-03-24,000333,14:28:33,74.2000,7,4
2026-03-24,000333,14:28:36,74.2000,2,1
2026-03-24,000333,14:28:39,74.2000,37,1
2026-03-24,000333,14:28:42,74.1900,7,2
2026-03-24,000333,14:28:45,74.1800,115,2
2026-03-24,000333,14:28:48,74.1700,59,2
2026-03-24,000333,14:28:51,74.1800,1,1
2026-03-24,000333,14:28:54,74.1800,9,1
2026-03-24,000333,14:28:57,74.1600,99,2
2026-03-24,000333,14:29:00,74.1600,120,2
2026-03-24,000333,14:29:03,74.1500,28,2
2026-03-24,000333,14:29:06,74.1500,47,2
2026-03-24,000333,14:29:09,74.1600,51,1
2026-03-24,000333,14:29:12,74.1600,15,2
2026-03-24,000333,14:29:15,74.1600,2,2
2026-03-24,000333,14:29:18,74.1600,15,2
2026-03-24,000333,14:29:21,74.1600,7,2
2026-03-24,000333,14:29:24,74.1600,41,2
2026-03-24,000333,14:29:27,74.1800,58,1
2026-03-24,000333,14:29:30,74.1700,10,2
2026-03-24,000333,14:29:33,74.1800,30,1
2026-03-24,000333,14:29:36,74.1900,136,1
2026-03-24,000333,14:29:39,74.2000,11,2
2026-03-24,000333,14:29:42,74.2000,50,2
2026-03-24,000333,14:29:45,74.2100,9,4
2026-03-24,000333,14:29:48,74.2000,103,4
2026-03-24,000333,14:29:51,74.2100,13,1
2026-03-24,000333,14:29:54,74.2200,18,1
2026-03-24,000333,14:29:57,74.2800,103,1
2026-03-24,000333,14:30:00,74.2100,9,1
2026-03-24,000333,14:30:03,74.2300,40,1
2026-03-24,000333,14:30:06,74.2200,1,2
2026-03-24,000333,14:30:09,74.2400,34,1
2026-03-24,000333,14:30:12,74.2400,8,2
2026-03-24,000333,14:30:15,74.2400,28,2
2026-03-24,000333,14:30:18,74.2300,21,2
2026-03-24,000333,14:30:21,74.2200,31,2
2026-03-24,000333,14:30:24,74.2200,12,2
2026-03-24,000333,14:30:27,74.2000,25,2
2026-03-24,000333,14:30:30,74.2000,23,2
2026-03-24,000333,14:30:33,74.2400,42,1
2026-03-24,000333,14:30:36,74.2400,16,1
2026-03-24,000333,14:30:39,74.2500,213,1
2026-03-24,000333,14:30:42,74.2800,5,1
2026-03-24,000333,14:30:48,74.2800,7,1
2026-03-24,000333,14:30:51,74.2600,33,4
2026-03-24,000333,14:30:54,74.2700,9,1
2026-03-24,000333,14:30:57,74.2900,14,1
2026-03-24,000333,14:31:00,74.2700,27,1
2026-03-24,000333,14:31:03,74.2800,57,1
2026-03-24,000333,14:31:06,74.2800,14,1
2026-03-24,000333,14:31:09,74.2800,28,1
2026-03-24,000333,14:31:12,74.2900,36,1
2026-03-24,000333,14:31:15,74.2900,6,1
2026-03-24,000333,14:31:18,74.2800,68,2
2026-03-24,000333,14:31:21,74.2700,37,2
2026-03-24,000333,14:31:24,74.2600,2,2
2026-03-24,000333,14:31:27,74.2700,117,1
2026-03-24,000333,14:31:30,74.2800,5,1
2026-03-24,000333,14:31:33,74.2800,3,1
2026-03-24,000333,14:31:36,74.2700,17,2
2026-03-24,000333,14:31:39,74.2800,42,1
2026-03-24,000333,14:31:42,74.2700,12,2
2026-03-24,000333,14:31:45,74.2800,13,1
2026-03-24,000333,14:31:48,74.2800,8,2
2026-03-24,000333,14:31:51,74.2800,10,2
2026-03-24,000333,14:31:54,74.2700,11,2
2026-03-24,000333,14:31:57,74.2800,24,1
2026-03-24,000333,14:32:00,74.2800,14,1
2026-03-24,000333,14:32:03,74.2800,10,1
2026-03-24,000333,14:32:06,74.2700,35,2
2026-03-24,000333,14:32:09,74.2900,66,1
2026-03-24,000333,14:32:12,74.2900,28,2
2026-03-24,000333,14:32:15,74.2900,11,2
2026-03-24,000333,14:32:18,74.2900,10,2
2026-03-24,000333,14:32:21,74.2900,24,2
2026-03-24,000333,14:32:24,74.3000,55,1
2026-03-24,000333,14:32:27,74.2900,5,2
2026-03-24,000333,14:32:30,74.2900,7,2
2026-03-24,000333,14:32:33,74.2800,50,2
2026-03-24,000333,14:32:36,74.3000,2,1
2026-03-24,000333,14:32:39,74.2900,116,1
2026-03-24,000333,14:32:42,74.2900,74,2
2026-03-24,000333,14:32:45,74.3000,110,1
2026-03-24,000333,14:32:48,74.3100,521,1
2026-03-24,000333,14:32:51,74.3400,17,1
2026-03-24,000333,14:32:54,74.3100,14,1
2026-03-24,000333,14:32:57,74.3000,12,2
2026-03-24,000333,14:33:00,74.3000,2,2
2026-03-24,000333,14:33:03,74.3000,26,2
2026-03-24,000333,14:33:06,74.3000,6,2
2026-03-24,000333,14:33:09,74.3200,73,1
2026-03-24,000333,14:33:12,74.3200,11,2
2026-03-24,000333,14:33:15,74.3300,8,1
2026-03-24,000333,14:33:18,74.3300,15,1
2026-03-24,000333,14:33:21,74.3300,24,1
2026-03-24,000333,14:33:24,74.3000,161,2
2026-03-24,000333,14:33:27,74.3000,81,1
2026-03-24,000333,14:33:30,74.3200,34,1
2026-03-24,000333,14:33:33,74.3000,6,2
2026-03-24,000333,14:33:36,74.2900,185,2
2026-03-24,000333,14:33:39,74.2600,280,2
2026-03-24,000333,14:33:42,74.2700,8,2
2026-03-24,000333,14:33:45,74.2600,12,2
2026-03-24,000333,14:33:48,74.2600,8,2
2026-03-24,000333,14:33:51,74.2600,6,2
2026-03-24,000333,14:33:54,74.2600,68,2
2026-03-24,000333,14:33:57,74.2600,66,1
2026-03-24,000333,14:34:00,74.2600,36,1
2026-03-24,000333,14:34:03,74.2500,81,2
2026-03-24,000333,14:34:06,74.2400,20,2
2026-03-24,000333,14:34:09,74.2600,42,1
2026-03-24,000333,14:34:12,74.2500,36,4
2026-03-24,000333,14:34:15,74.2500,6,2
2026-03-24,000333,14:34:18,74.2300,51,2
2026-03-24,000333,14:34:21,74.2300,3,4
2026-03-24,000333,14:34:24,74.2300,5,1
2026-03-24,000333,14:34:27,74.2200,8,2
2026-03-24,000333,14:34:30,74.2200,8,2
2026-03-24,000333,14:34:33,74.2400,261,1
2026-03-24,000333,14:34:36,74.2500,28,1
2026-03-24,000333,14:34:39,74.2600,13,1
2026-03-24,000333,14:34:42,74.2600,101,4
2026-03-24,000333,14:34:45,74.2400,11,2
2026-03-24,000333,14:34:48,74.2600,5,1
2026-03-24,000333,14:34:51,74.2400,25,2
2026-03-24,000333,14:34:54,74.2300,70,2
2026-03-24,000333,14:34:57,74.2300,26,2
2026-03-24,000333,14:35:00,74.2200,56,2
2026-03-24,000333,14:35:03,74.2300,29,1
2026-03-24,000333,14:35:06,74.2200,2,2
2026-03-24,000333,14:35:09,74.2200,36,2
2026-03-24,000333,14:35:12,74.2300,21,1
2026-03-24,000333,14:35:15,74.2400,34,1
2026-03-24,000333,14:35:18,74.2400,10,1
2026-03-24,000333,14:35:21,74.2300,92,2
2026-03-24,000333,14:35:24,74.2400,60,4
2026-03-24,000333,14:35:27,74.2300,12,4
2026-03-24,000333,14:35:30,74.2300,1,4
2026-03-24,000333,14:35:33,74.2300,10,2
2026-03-24,000333,14:35:36,74.2400,43,1
2026-03-24,000333,14:35:39,74.2500,24,1
2026-03-24,000333,14:35:42,74.2500,2,2
2026-03-24,000333,14:35:45,74.2600,4,1
2026-03-24,000333,14:35:48,74.2600,9,1
2026-03-24,000333,14:35:51,74.2500,41,2
2026-03-24,000333,14:35:54,74.2500,24,2
2026-03-24,000333,14:35:57,74.2400,54,2
2026-03-24,000333,14:36:00,74.2300,8,2
2026-03-24,000333,14:36:03,74.2300,25,2
2026-03-24,000333,14:36:06,74.2100,81,2
2026-03-24,000333,14:36:09,74.2300,94,1
2026-03-24,000333,14:36:12,74.2500,62,1
2026-03-24,000333,14:36:15,74.2400,8,4
2026-03-24,000333,14:36:18,74.2400,4,2
2026-03-24,000333,14:36:21,74.2400,8,2
2026-03-24,000333,14:36:24,74.2500,134,1
2026-03-24,000333,14:36:27,74.2400,8,4
2026-03-24,000333,14:36:30,74.2300,3,2
2026-03-24,000333,14:36:33,74.2400,11,1
2026-03-24,000333,14:36:36,74.2400,56,1
2026-03-24,000333,14:36:39,74.2400,26,2
2026-03-24,000333,14:36:42,74.2500,2,1
2026-03-24,000333,14:36:45,74.2300,179,2
2026-03-24,000333,14:36:48,74.2300,16,2
2026-03-24,000333,14:36:51,74.2300,41,2
2026-03-24,000333,14:36:54,74.2300,10,1
2026-03-24,000333,14:36:57,74.2200,11,2
2026-03-24,000333,14:37:00,74.2100,77,2
2026-03-24,000333,14:37:03,74.2100,270,2
2026-03-24,000333,14:37:06,74.2000,85,2
2026-03-24,000333,14:37:09,74.2100,57,1
2026-03-24,000333,14:37:12,74.2100,43,1
2026-03-24,000333,14:37:15,74.2100,38,2
2026-03-24,000333,14:37:18,74.2100,3,2
2026-03-24,000333,14:37:21,74.2200,117,1
2026-03-24,000333,14:37:24,74.2200,35,2
2026-03-24,000333,14:37:27,74.2200,86,2
2026-03-24,000333,14:37:30,74.2300,48,1
2026-03-24,000333,14:37:33,74.2400,11,1
2026-03-24,000333,14:37:39,74.2300,96,2
2026-03-24,000333,14:37:42,74.2300,10,2
2026-03-24,000333,14:37:45,74.2200,64,2
2026-03-24,000333,14:37:48,74.2200,2,2
2026-03-24,000333,14:37:51,74.2200,12,2
2026-03-24,000333,14:37:54,74.2100,80,2
2026-03-24,000333,14:37:57,74.2000,9,2
2026-03-24,000333,14:38:00,74.2000,8,2
2026-03-24,000333,14:38:03,74.2100,16,1
2026-03-24,000333,14:38:06,74.2000,19,2
2026-03-24,000333,14:38:09,74.2000,134,2
2026-03-24,000333,14:38:12,74.2100,19,1
2026-03-24,000333,14:38:15,74.2000,8,2
2026-03-24,000333,14:38:18,74.2000,23,2
2026-03-24,000333,14:38:21,74.2000,33,2
2026-03-24,000333,14:38:24,74.1900,84,2
2026-03-24,000333,14:38:27,74.1900,31,2
2026-03-24,000333,14:38:30,74.1900,26,2
2026-03-24,000333,14:38:33,74.1900,32,1
2026-03-24,000333,14:38:36,74.1800,36,2
2026-03-24,000333,14:38:39,74.1800,51,2
2026-03-24,000333,14:38:42,74.1700,20,2
2026-03-24,000333,14:38:45,74.1700,37,2
2026-03-24,000333,14:38:48,74.1900,40,1
2026-03-24,000333,14:38:51,74.1700,42,2
2026-03-24,000333,14:38:54,74.1800,54,4
2026-03-24,000333,14:38:57,74.1800,44,2
2026-03-24,000333,14:39:00,74.2000,80,1
2026-03-24,000333,14:39:03,74.2000,37,1
2026-03-24,000333,14:39:06,74.2000,90,1
2026-03-24,000333,14:39:09,74.2000,46,1
2026-03-24,000333,14:39:12,74.2000,13,2
2026-03-24,000333,14:39:15,74.2100,6,1
2026-03-24,000333,14:39:18,74.2000,46,2
2026-03-24,000333,14:39:21,74.2000,17,1
2026-03-24,000333,14:39:27,74.2000,13,2
2026-03-24,000333,14:39:30,74.2000,8,2
2026-03-24,000333,14:39:33,74.2000,26,2
2026-03-24,000333,14:39:36,74.1900,3,2
2026-03-24,000333,14:39:39,74.2000,20,1
2026-03-24,000333,14:39:42,74.2000,6,1
2026-03-24,000333,14:39:45,74.1900,43,2
2026-03-24,000333,14:39:48,74.1900,33,2
2026-03-24,000333,14:39:51,74.1800,118,2
2026-03-24,000333,14:39:54,74.1700,83,2
2026-03-24,000333,14:39:57,74.1600,40,2
2026-03-24,000333,14:40:00,74.1700,17,4
2026-03-24,000333,14:40:03,74.1800,169,1
2026-03-24,000333,14:40:06,74.1700,6,2
2026-03-24,000333,14:40:09,74.1900,69,1
2026-03-24,000333,14:40:12,74.1900,14,1
2026-03-24,000333,14:40:15,74.2000,138,1
2026-03-24,000333,14:40:18,74.2100,48,1
2026-03-24,000333,14:40:21,74.2300,48,1
2026-03-24,000333,14:40:24,74.2300,34,1
2026-03-24,000333,14:40:27,74.2400,36,1
2026-03-24,000333,14:40:30,74.2500,16,1
2026-03-24,000333,14:40:33,74.2500,36,1
2026-03-24,000333,14:40:36,74.2500,29,1
2026-03-24,000333,14:40:39,74.2500,40,1
2026-03-24,000333,14:40:42,74.2500,9,2
2026-03-24,000333,14:40:45,74.2400,64,2
2026-03-24,000333,14:40:48,74.2300,99,2
2026-03-24,000333,14:40:51,74.2500,51,1
2026-03-24,000333,14:40:54,74.2400,21,1
2026-03-24,000333,14:40:57,74.2500,28,1
2026-03-24,000333,14:41:00,74.2500,2,1
2026-03-24,000333,14:41:03,74.2500,26,1
2026-03-24,000333,14:41:06,74.2400,9,2
2026-03-24,000333,14:41:09,74.2400,78,2
2026-03-24,000333,14:41:12,74.2600,100,1
2026-03-24,000333,14:41:15,74.2600,35,2
2026-03-24,000333,14:41:18,74.2600,57,2
2026-03-24,000333,14:41:21,74.2600,6,2
2026-03-24,000333,14:41:24,74.2700,4,1
2026-03-24,000333,14:41:27,74.2700,32,1
2026-03-24,000333,14:41:30,74.2600,2,2
2026-03-24,000333,14:41:33,74.2700,18,1
2026-03-24,000333,14:41:36,74.2600,19,2
2026-03-24,000333,14:41:39,74.2700,39,1
2026-03-24,000333,14:41:42,74.2600,57,2
2026-03-24,000333,14:41:45,74.2700,10,4
2026-03-24,000333,14:41:48,74.2800,25,1
2026-03-24,000333,14:41:51,74.2800,25,1
2026-03-24,000333,14:41:54,74.2800,37,1
2026-03-24,000333,14:41:57,74.2800,8,1
2026-03-24,000333,14:42:00,74.2900,24,1
2026-03-24,000333,14:42:03,74.2900,8,1
2026-03-24,000333,14:42:06,74.3000,58,1
2026-03-24,000333,14:42:09,74.2900,2,4
2026-03-24,000333,14:42:12,74.2900,14,2
2026-03-24,000333,14:42:15,74.3000,38,1
2026-03-24,000333,14:42:18,74.3000,6,1
2026-03-24,000333,14:42:21,74.2900,3,2
2026-03-24,000333,14:42:24,74.2900,62,2
2026-03-24,000333,14:42:27,74.2900,24,1
2026-03-24,000333,14:42:30,74.2800,23,2
2026-03-24,000333,14:42:33,74.2900,18,1
2026-03-24,000333,14:42:36,74.2900,59,1
2026-03-24,000333,14:42:39,74.2900,47,1
2026-03-24,000333,14:42:42,74.2900,66,1
2026-03-24,000333,14:42:45,74.2900,27,2
2026-03-24,000333,14:42:48,74.2900,1,2
2026-03-24,000333,14:42:51,74.2900,7,2
2026-03-24,000333,14:42:54,74.2900,6,2
2026-03-24,000333,14:42:57,74.2900,18,2
2026-03-24,000333,14:43:00,74.2900,108,2
2026-03-24,000333,14:43:03,74.2800,49,2
2026-03-24,000333,14:43:06,74.2800,17,2
2026-03-24,000333,14:43:09,74.2800,41,2
2026-03-24,000333,14:43:12,74.2800,80,2
2026-03-24,000333,14:43:15,74.2900,42,1
2026-03-24,000333,14:43:18,74.2800,12,4
2026-03-24,000333,14:43:21,74.2900,3,1
2026-03-24,000333,14:43:24,74.2900,129,1
2026-03-24,000333,14:43:27,74.3000,1,1
2026-03-24,000333,14:43:30,74.3000,43,1
2026-03-24,000333,14:43:33,74.3000,26,1
2026-03-24,000333,14:43:36,74.2900,11,2
2026-03-24,000333,14:43:39,74.2900,35,2
2026-03-24,000333,14:43:42,74.2900,18,2
2026-03-24,000333,14:43:45,74.2900,25,2
2026-03-24,000333,14:43:48,74.2900,3,2
2026-03-24,000333,14:43:51,74.2900,40,2
2026-03-24,000333,14:43:54,74.3000,27,1
2026-03-24,000333,14:43:57,74.2900,47,2
2026-03-24,000333,14:44:00,74.3000,60,1
2026-03-24,000333,14:44:03,74.2900,54,2
2026-03-24,000333,14:44:06,74.2800,70,2
2026-03-24,000333,14:44:09,74.2800,85,2
2026-03-24,000333,14:44:12,74.2800,36,2
2026-03-24,000333,14:44:15,74.2700,78,2
2026-03-24,000333,14:44:18,74.2700,29,2
2026-03-24,000333,14:44:21,74.2700,10,2
2026-03-24,000333,14:44:24,74.2700,16,2
2026-03-24,000333,14:44:27,74.2700,32,2
2026-03-24,000333,14:44:30,74.2700,50,2
2026-03-24,000333,14:44:33,74.2700,47,2
2026-03-24,000333,14:44:36,74.2700,44,2
2026-03-24,000333,14:44:39,74.2800,17,4
2026-03-24,000333,14:44:42,74.2800,72,2
2026-03-24,000333,14:44:45,74.2900,102,1
2026-03-24,000333,14:44:48,74.2900,22,1
2026-03-24,000333,14:44:51,74.3000,91,1
2026-03-24,000333,14:44:54,74.2900,6,4
2026-03-24,000333,14:44:57,74.3000,52,1
2026-03-24,000333,14:45:00,74.3000,33,1
2026-03-24,000333,14:45:03,74.3000,46,1
2026-03-24,000333,14:45:06,74.3000,126,1
2026-03-24,000333,14:45:09,74.3000,32,2
2026-03-24,000333,14:45:12,74.3000,8,2
2026-03-24,000333,14:45:15,74.3100,3,1
2026-03-24,000333,14:45:18,74.3100,5,1
2026-03-24,000333,14:45:21,74.3000,9,2
2026-03-24,000333,14:45:24,74.3100,20,1
2026-03-24,000333,14:45:27,74.3100,12,1
2026-03-24,000333,14:45:30,74.3100,45,1
2026-03-24,000333,14:45:33,74.3200,49,1
2026-03-24,000333,14:45:36,74.3100,14,2
2026-03-24,000333,14:45:39,74.3100,61,2
2026-03-24,000333,14:45:42,74.3000,111,2
2026-03-24,000333,14:45:45,74.3100,64,1
2026-03-24,000333,14:45:48,74.3000,52,2
2026-03-24,000333,14:45:51,74.2900,27,2
2026-03-24,000333,14:45:54,74.2900,31,2
2026-03-24,000333,14:45:57,74.2900,17,2
2026-03-24,000333,14:46:00,74.2900,11,2
2026-03-24,000333,14:46:03,74.3000,85,1
2026-03-24,000333,14:46:06,74.3000,52,2
2026-03-24,000333,14:46:09,74.3000,59,2
2026-03-24,000333,14:46:12,74.3000,28,2
2026-03-24,000333,14:46:15,74.3100,77,1
2026-03-24,000333,14:46:18,74.3100,34,1
2026-03-24,000333,14:46:21,74.3200,33,1
2026-03-24,000333,14:46:24,74.3100,23,2
2026-03-24,000333,14:46:27,74.3200,60,1
2026-03-24,000333,14:46:30,74.3100,30,2
2026-03-24,000333,14:46:33,74.3200,93,1
2026-03-24,000333,14:46:36,74.3200,101,2
2026-03-24,000333,14:46:39,74.3300,30,1
2026-03-24,000333,14:46:42,74.3400,70,1
2026-03-24,000333,14:46:45,74.3400,67,1
2026-03-24,000333,14:46:48,74.3400,23,1
2026-03-24,000333,14:46:51,74.3400,30,1
2026-03-24,000333,14:46:54,74.3200,51,2
2026-03-24,000333,14:46:57,74.3200,17,2
2026-03-24,000333,14:47:00,74.3200,11,2
2026-03-24,000333,14:47:03,74.3300,7,1
2026-03-24,000333,14:47:06,74.3100,81,2
2026-03-24,000333,14:47:09,74.3200,27,2
2026-03-24,000333,14:47:12,74.3200,101,2
2026-03-24,000333,14:47:15,74.3300,11,1
2026-03-24,000333,14:47:18,74.3300,20,1
2026-03-24,000333,14:47:21,74.3300,60,1
2026-03-24,000333,14:47:24,74.3300,24,1
2026-03-24,000333,14:47:27,74.3300,89,2
2026-03-24,000333,14:47:30,74.3300,49,1
2026-03-24,000333,14:47:33,74.3300,6,2
2026-03-24,000333,14:47:36,74.3300,23,2
2026-03-24,000333,14:47:39,74.3400,19,1
2026-03-24,000333,14:47:42,74.3500,55,1
2026-03-24,000333,14:47:45,74.3500,24,1
2026-03-24,000333,14:47:48,74.3500,325,1
2026-03-24,000333,14:47:51,74.3500,79,1
2026-03-24,000333,14:47:54,74.3600,46,1
2026-03-24,000333,14:47:57,74.3600,52,1
2026-03-24,000333,14:48:00,74.3900,248,1
2026-03-24,000333,14:48:03,74.4100,134,1
2026-03-24,000333,14:48:06,74.4100,12,1
2026-03-24,000333,14:48:09,74.4100,40,1
2026-03-24,000333,14:48:12,74.4100,12,2
2026-03-24,000333,14:48:15,74.4000,184,2
2026-03-24,000333,14:48:18,74.3900,26,2
2026-03-24,000333,14:48:21,74.3900,15,2
2026-03-24,000333,14:48:24,74.4000,63,1
2026-03-24,000333,14:48:27,74.3700,54,2
2026-03-24,000333,14:48:30,74.3600,10,2
2026-03-24,000333,14:48:33,74.3600,76,2
2026-03-24,000333,14:48:36,74.3600,115,2
2026-03-24,000333,14:48:39,74.3500,51,2
2026-03-24,000333,14:48:42,74.3600,27,1
2026-03-24,000333,14:48:45,74.3500,100,2
2026-03-24,000333,14:48:48,74.3400,16,2
2026-03-24,000333,14:48:51,74.3400,59,1
2026-03-24,000333,14:48:54,74.3400,54,1
2026-03-24,000333,14:48:57,74.3400,103,2
2026-03-24,000333,14:49:00,74.3400,20,1
2026-03-24,000333,14:49:03,74.3300,16,2
2026-03-24,000333,14:49:06,74.3300,22,1
2026-03-24,000333,14:49:09,74.3200,123,2
2026-03-24,000333,14:49:12,74.3300,16,1
2026-03-24,000333,14:49:15,74.3200,16,2
2026-03-24,000333,14:49:18,74.3200,50,2
2026-03-24,000333,14:49:21,74.3200,18,1
2026-03-24,000333,14:49:24,74.3200,46,1
2026-03-24,000333,14:49:27,74.3200,83,1
2026-03-24,000333,14:49:30,74.3100,7,2
2026-03-24,000333,14:49:33,74.3200,14,1
2026-03-24,000333,14:49:36,74.3200,72,1
2026-03-24,000333,14:49:39,74.3200,77,1
2026-03-24,000333,14:49:42,74.3200,210,2
2026-03-24,000333,14:49:45,74.3000,80,2
2026-03-24,000333,14:49:48,74.3100,78,1
2026-03-24,000333,14:49:51,74.3100,14,1
2026-03-24,000333,14:49:54,74.3000,81,2
2026-03-24,000333,14:49:57,74.3100,80,1
2026-03-24,000333,14:50:00,74.3100,195,1
2026-03-24,000333,14:50:03,74.3400,12,1
2026-03-24,000333,14:50:06,74.3400,9,1
2026-03-24,000333,14:50:09,74.3400,23,1
2026-03-24,000333,14:50:12,74.3300,38,2
2026-03-24,000333,14:50:15,74.3300,137,1
2026-03-24,000333,14:50:18,74.3300,70,1
2026-03-24,000333,14:50:21,74.3300,35,2
2026-03-24,000333,14:50:24,74.3300,51,1
2026-03-24,000333,14:50:27,74.3300,21,2
2026-03-24,000333,14:50:30,74.3300,117,2
2026-03-24,000333,14:50:33,74.3200,39,2
2026-03-24,000333,14:50:36,74.3200,13,2
2026-03-24,000333,14:50:39,74.3200,86,2
2026-03-24,000333,14:50:42,74.3200,46,2
2026-03-24,000333,14:50:45,74.3300,63,1
2026-03-24,000333,14:50:48,74.3300,13,1
2026-03-24,000333,14:50:51,74.3200,65,2
2026-03-24,000333,14:50:54,74.3300,98,1
2026-03-24,000333,14:50:57,74.3200,5,2
2026-03-24,000333,14:51:00,74.3200,68,2
2026-03-24,000333,14:51:03,74.3200,87,2
2026-03-24,000333,14:51:06,74.3200,233,2
2026-03-24,000333,14:51:09,74.3200,121,2
2026-03-24,000333,14:51:12,74.3400,718,1
2026-03-24,000333,14:51:15,74.3200,26,2
2026-03-24,000333,14:51:18,74.3100,22,2
2026-03-24,000333,14:51:21,74.3200,47,1
2026-03-24,000333,14:51:24,74.3000,33,2
2026-03-24,000333,14:51:27,74.3200,37,1
2026-03-24,000333,14:51:30,74.2900,9,2
2026-03-24,000333,14:51:33,74.2900,17,2
2026-03-24,000333,14:51:36,74.2800,41,2
2026-03-24,000333,14:51:39,74.2900,44,1
2026-03-24,000333,14:51:42,74.2700,36,2
2026-03-24,000333,14:51:45,74.2700,57,1
2026-03-24,000333,14:51:48,74.2700,44,1
2026-03-24,000333,14:51:51,74.2700,74,2
2026-03-24,000333,14:51:54,74.2800,36,4
2026-03-24,000333,14:51:57,74.2900,50,1
2026-03-24,000333,14:52:00,74.2700,209,2
2026-03-24,000333,14:52:03,74.2900,124,1
2026-03-24,000333,14:52:06,74.2900,59,2
2026-03-24,000333,14:52:09,74.2900,60,2
2026-03-24,000333,14:52:12,74.2800,55,2
2026-03-24,000333,14:52:15,74.2900,39,1
2026-03-24,000333,14:52:18,74.2900,51,1
2026-03-24,000333,14:52:21,74.3200,175,1
2026-03-24,000333,14:52:24,74.3300,17,1
2026-03-24,000333,14:52:27,74.3300,16,2
2026-03-24,000333,14:52:30,74.3200,25,2
2026-03-24,000333,14:52:33,74.3300,22,1
2026-03-24,000333,14:52:36,74.3200,5,2
2026-03-24,000333,14:52:39,74.3300,14,1
2026-03-24,000333,14:52:42,74.3200,35,2
2026-03-24,000333,14:52:45,74.3200,9,2
2026-03-24,000333,14:52:48,74.3200,30,2
2026-03-24,000333,14:52:51,74.3200,34,1
2026-03-24,000333,14:52:54,74.3200,85,1
2026-03-24,000333,14:52:57,74.3000,27,2
2026-03-24,000333,14:53:00,74.3100,35,2
2026-03-24,000333,14:53:03,74.3000,62,2
2026-03-24,000333,14:53:06,74.3000,95,2
2026-03-24,000333,14:53:09,74.3100,101,1
2026-03-24,000333,14:53:12,74.3100,58,1
2026-03-24,000333,14:53:15,74.3000,58,2
2026-03-24,000333,14:53:18,74.2900,83,2
2026-03-24,000333,14:53:21,74.2800,42,2
2026-03-24,000333,14:53:24,74.2900,61,2
2026-03-24,000333,14:53:27,74.2900,10,1
2026-03-24,000333,14:53:30,74.2800,49,2
2026-03-24,000333,14:53:33,74.2800,51,2
2026-03-24,000333,14:53:36,74.2900,113,1
2026-03-24,000333,14:53:39,74.2900,10,1
2026-03-24,000333,14:53:42,74.3000,74,1
2026-03-24,000333,14:53:45,74.3000,26,1
2026-03-24,000333,14:53:48,74.3100,39,1
2026-03-24,000333,14:53:51,74.2900,45,2
2026-03-24,000333,14:53:54,74.3000,41,1
2026-03-24,000333,14:53:57,74.3000,12,2
2026-03-24,000333,14:54:00,74.3300,207,1
2026-03-24,000333,14:54:03,74.3000,41,2
2026-03-24,000333,14:54:06,74.3000,43,1
2026-03-24,000333,14:54:09,74.3000,59,2
2026-03-24,000333,14:54:12,74.3000,16,1
2026-03-24,000333,14:54:15,74.2900,8,2
2026-03-24,000333,14:54:18,74.2900,160,2
2026-03-24,000333,14:54:21,74.2800,67,2
2026-03-24,000333,14:54:24,74.2900,66,1
2026-03-24,000333,14:54:27,74.2900,48,1
2026-03-24,000333,14:54:30,74.2800,56,2
2026-03-24,000333,14:54:33,74.2800,25,2
2026-03-24,000333,14:54:36,74.2800,150,2
2026-03-24,000333,14:54:39,74.2700,50,2
2026-03-24,000333,14:54:42,74.2800,44,1
2026-03-24,000333,14:54:45,74.2700,96,2
2026-03-24,000333,14:54:48,74.2700,186,1
2026-03-24,000333,14:54:51,74.2800,23,1
2026-03-24,000333,14:54:54,74.2800,28,2
2026-03-24,000333,14:54:57,74.2800,72,2
2026-03-24,000333,14:55:00,74.2700,22,2
2026-03-24,000333,14:55:03,74.2800,157,1
2026-03-24,000333,14:55:06,74.2800,49,1
2026-03-24,000333,14:55:09,74.2800,35,1
2026-03-24,000333,14:55:12,74.2700,70,2
2026-03-24,000333,14:55:15,74.2700,63,1
2026-03-24,000333,14:55:18,74.2700,46,2
2026-03-24,000333,14:55:21,74.2700,47,2
2026-03-24,000333,14:55:24,74.2700,66,2
2026-03-24,000333,14:55:27,74.2700,30,1
2026-03-24,000333,14:55:30,74.2700,162,1
2026-03-24,000333,14:55:33,74.2800,90,1
2026-03-24,000333,14:55:36,74.2800,59,1
2026-03-24,000333,14:55:39,74.2800,203,2
2026-03-24,000333,14:55:42,74.2800,71,2
2026-03-24,000333,14:55:45,74.3000,126,1
2026-03-24,000333,14:55:48,74.2800,30,2
2026-03-24,000333,14:55:51,74.2800,8,2
2026-03-24,000333,14:55:54,74.2900,136,1
2026-03-24,000333,14:55:57,74.2900,62,4
2026-03-24,000333,14:56:00,74.2800,62,2
2026-03-24,000333,14:56:03,74.2800,49,2
2026-03-24,000333,14:56:06,74.2800,106,1
2026-03-24,000333,14:56:09,74.2800,7,2
2026-03-24,000333,14:56:12,74.2700,81,2
2026-03-24,000333,14:56:15,74.2600,71,4
2026-03-24,000333,14:56:18,74.2600,55,1
2026-03-24,000333,14:56:21,74.2600,129,2
2026-03-24,000333,14:56:24,74.2900,161,1
2026-03-24,000333,14:56:27,74.2900,36,1
2026-03-24,000333,14:56:30,74.2600,50,2
2026-03-24,000333,14:56:33,74.2600,479,2
2026-03-24,000333,14:56:36,74.2600,235,1
2026-03-24,000333,14:56:39,74.2600,39,2
2026-03-24,000333,14:56:42,74.2600,26,2
2026-03-24,000333,14:56:45,74.2600,67,2
2026-03-24,000333,14:56:48,74.2700,18,4
2026-03-24,000333,14:56:51,74.2600,30,2
2026-03-24,000333,14:56:54,74.2600,73,2
2026-03-24,000333,14:56:57,74.2700,6,4
2026-03-24,000333,14:57:00,74.2800,4,4
2026-03-24,000333,15:00:00,74.2300,15610,4
2026-03-24,000333,13:15:51,73.9800,24,1
2026-03-24,000333,13:15:54,73.9900,79,1
2026-03-24,000333,13:15:57,73.9900,6,1
2026-03-24,000333,13:16:00,73.9900,294,1
2026-03-24,000333,13:16:03,74.0100,970,1
2026-03-24,000333,13:16:06,74.0100,35,4
2026-03-24,000333,13:16:09,74.0200,17,4
2026-03-24,000333,13:16:12,74.0200,112,1
2026-03-24,000333,13:16:15,74.0400,84,1
2026-03-24,000333,13:16:18,74.0300,9,2
2026-03-24,000333,13:16:21,74.0300,108,1
2026-03-24,000333,13:16:24,74.0300,27,2
2026-03-24,000333,13:16:27,74.0300,17,1
2026-03-24,000333,13:16:30,74.0500,20,1
2026-03-24,000333,13:16:33,74.0500,24,1
2026-03-24,000333,13:16:36,74.0300,7,2
2026-03-24,000333,13:16:39,74.0300,29,2
2026-03-24,000333,13:16:42,74.0400,48,1
2026-03-24,000333,13:16:45,74.0400,20,1
2026-03-24,000333,13:16:48,74.0400,18,1
2026-03-24,000333,13:16:51,74.0400,25,1
2026-03-24,000333,13:16:54,74.0400,16,2
2026-03-24,000333,13:16:57,74.0500,8,1
2026-03-24,000333,13:17:00,74.0500,12,1
2026-03-24,000333,13:17:03,74.0500,32,1
2026-03-24,000333,13:17:06,74.0500,10,1
2026-03-24,000333,13:17:09,74.0600,52,1
2026-03-24,000333,13:17:12,74.0400,14,2
2026-03-24,000333,13:17:18,74.0500,86,1
2026-03-24,000333,13:17:21,74.0500,68,1
2026-03-24,000333,13:17:24,74.0500,6,2
2026-03-24,000333,13:17:27,74.0600,16,1
2026-03-24,000333,13:17:30,74.0700,13,1
2026-03-24,000333,13:17:33,74.0700,33,1
2026-03-24,000333,13:17:36,74.1000,346,1
2026-03-24,000333,13:17:39,74.0800,27,4
2026-03-24,000333,13:17:42,74.0700,16,4
2026-03-24,000333,13:17:45,74.0500,29,2
2026-03-24,000333,13:17:48,74.0600,10,4
2026-03-24,000333,13:17:51,74.0600,3,2
2026-03-24,000333,13:17:54,74.0600,2,2
2026-03-24,000333,13:17:57,74.0700,32,1
2026-03-24,000333,13:18:00,74.0800,18,1
2026-03-24,000333,13:18:03,74.0700,42,2
2026-03-24,000333,13:18:06,74.0800,28,1
2026-03-24,000333,13:18:09,74.0800,36,1
2026-03-24,000333,13:18:12,74.0800,32,2
2026-03-24,000333,13:18:15,74.1000,88,1
2026-03-24,000333,13:18:18,74.0900,11,4
2026-03-24,000333,13:18:21,74.1000,46,1
2026-03-24,000333,13:18:24,74.1000,10,2
2026-03-24,000333,13:18:27,74.1000,5,2
2026-03-24,000333,13:18:30,74.1000,43,2
2026-03-24,000333,13:18:33,74.1000,106,2
2026-03-24,000333,13:18:36,74.1100,48,1
2026-03-24,000333,13:18:39,74.1100,20,1
2026-03-24,000333,13:18:42,74.1100,55,1
2026-03-24,000333,13:18:45,74.1000,17,2
2026-03-24,000333,13:18:48,74.1100,25,1
2026-03-24,000333,13:18:51,74.1100,24,1
2026-03-24,000333,13:18:54,74.1000,43,2
2026-03-24,000333,13:18:57,74.0900,31,2
2026-03-24,000333,13:19:00,74.1000,207,1
2026-03-24,000333,13:19:03,74.0900,232,2
2026-03-24,000333,13:19:06,74.1000,17,1
2026-03-24,000333,13:19:09,74.0900,77,2
2026-03-24,000333,13:19:12,74.1200,166,1
2026-03-24,000333,13:19:15,74.1200,15,1
2026-03-24,000333,13:19:18,74.1000,154,2
2026-03-24,000333,13:19:21,74.1200,2,4
2026-03-24,000333,13:19:24,74.1200,1,2
2026-03-24,000333,13:19:27,74.1400,73,1
2026-03-24,000333,13:19:30,74.1200,56,2
2026-03-24,000333,13:19:33,74.1200,32,2
2026-03-24,000333,13:19:36,74.1300,8,1
2026-03-24,000333,13:19:39,74.1200,17,1
2026-03-24,000333,13:19:42,74.1400,54,1
2026-03-24,000333,13:19:45,74.1400,30,2
2026-03-24,000333,13:19:48,74.1400,21,2
2026-03-24,000333,13:19:51,74.1400,20,1
2026-03-24,000333,13:19:54,74.1500,1,1
2026-03-24,000333,13:19:57,74.1500,7,1
2026-03-24,000333,13:20:00,74.1500,8,1
2026-03-24,000333,13:20:03,74.1500,21,1
2026-03-24,000333,13:20:06,74.1400,62,2
2026-03-24,000333,13:20:09,74.1500,59,1
2026-03-24,000333,13:20:12,74.1500,16,2
2026-03-24,000333,13:20:15,74.1300,99,2
2026-03-24,000333,13:20:18,74.1400,18,1
2026-03-24,000333,13:20:21,74.1400,12,1
2026-03-24,000333,13:20:24,74.1400,23,2
2026-03-24,000333,13:20:27,74.1300,8,2
2026-03-24,000333,13:20:30,74.1300,13,2
2026-03-24,000333,13:20:33,74.1300,30,2
2026-03-24,000333,13:20:36,74.1300,9,2
2026-03-24,000333,13:20:39,74.1300,36,2
2026-03-24,000333,13:20:42,74.1200,16,2
2026-03-24,000333,13:20:45,74.1200,6,2
2026-03-24,000333,13:20:48,74.1200,54,2
2026-03-24,000333,13:20:51,74.1100,49,2
2026-03-24,000333,13:20:54,74.1000,12,2
2026-03-24,000333,13:20:57,74.1000,31,2
2026-03-24,000333,13:21:00,74.1100,24,1
2026-03-24,000333,13:21:03,74.1100,20,1
2026-03-24,000333,13:21:06,74.1000,24,2
2026-03-24,000333,13:21:09,74.1000,28,2
2026-03-24,000333,13:21:12,74.1000,25,2
2026-03-24,000333,13:21:15,74.1000,245,2
2026-03-24,000333,13:21:18,74.1000,93,2
2026-03-24,000333,13:21:21,74.1000,27,1
2026-03-24,000333,13:21:24,74.0900,23,2
2026-03-24,000333,13:21:27,74.0800,55,2
2026-03-24,000333,13:21:30,74.0600,137,2
2026-03-24,000333,13:21:33,74.0500,57,2
2026-03-24,000333,13:21:36,74.0500,59,2
2026-03-24,000333,13:21:39,74.0600,48,1
2026-03-24,000333,13:21:42,74.0500,14,2
2026-03-24,000333,13:21:45,74.0500,10,2
2026-03-24,000333,13:21:48,74.0500,8,2
2026-03-24,000333,13:21:51,74.0500,16,2
2026-03-24,000333,13:21:54,74.0600,79,1
2026-03-24,000333,13:21:57,74.0600,23,2
2026-03-24,000333,13:22:00,74.0600,9,2
2026-03-24,000333,13:22:03,74.0700,14,1
2026-03-24,000333,13:22:06,74.0700,32,1
2026-03-24,000333,13:22:09,74.0700,47,2
2026-03-24,000333,13:22:12,74.0800,21,1
2026-03-24,000333,13:22:15,74.0700,27,2
2026-03-24,000333,13:22:18,74.0600,3,2
2026-03-24,000333,13:22:21,74.0600,15,2
2026-03-24,000333,13:22:24,74.0700,15,1
2026-03-24,000333,13:22:27,74.0700,5,1
2026-03-24,000333,13:22:30,74.0600,38,2
2026-03-24,000333,13:22:33,74.0600,17,2
2026-03-24,000333,13:22:36,74.0600,8,2
2026-03-24,000333,13:22:39,74.0600,7,2
2026-03-24,000333,13:22:42,74.0600,2,2
2026-03-24,000333,13:22:45,74.0500,225,2
2026-03-24,000333,13:22:48,74.0400,178,2
2026-03-24,000333,13:22:51,74.0400,57,2
2026-03-24,000333,13:22:54,74.0300,83,2
2026-03-24,000333,13:22:57,74.0400,9,1
2026-03-24,000333,13:23:00,74.0300,31,2
2026-03-24,000333,13:23:03,74.0300,8,1
2026-03-24,000333,13:23:06,74.0300,92,1
2026-03-24,000333,13:23:09,74.0200,37,2
2026-03-24,000333,13:23:12,74.0300,33,1
2026-03-24,000333,13:23:15,74.0400,32,1
2026-03-24,000333,13:23:18,74.0300,30,2
2026-03-24,000333,13:23:21,74.0400,10,1
2026-03-24,000333,13:23:24,74.0300,17,2
2026-03-24,000333,13:23:27,74.0300,35,2
2026-03-24,000333,13:23:30,74.0300,9,2
2026-03-24,000333,13:23:33,74.0300,17,2
2026-03-24,000333,13:23:36,74.0400,26,1
2026-03-24,000333,13:23:39,74.0300,73,2
2026-03-24,000333,13:23:45,74.0400,18,2
2026-03-24,000333,13:23:48,74.0400,7,2
2026-03-24,000333,13:23:51,74.0400,15,2
2026-03-24,000333,13:23:54,74.0400,6,2
2026-03-24,000333,13:23:57,74.0500,1,1
2026-03-24,000333,13:24:00,74.0400,15,2
2026-03-24,000333,13:24:03,74.0400,10,2
2026-03-24,000333,13:24:06,74.0400,67,2
2026-03-24,000333,13:24:09,74.0300,47,2
2026-03-24,000333,13:24:12,74.0300,32,2
2026-03-24,000333,13:24:15,74.0300,16,2
2026-03-24,000333,13:24:18,74.0300,7,2
2026-03-24,000333,13:24:21,74.0300,25,2
2026-03-24,000333,13:24:24,74.0300,30,2
2026-03-24,000333,13:24:27,74.0300,55,2
2026-03-24,000333,13:24:30,74.0300,37,2
2026-03-24,000333,13:24:33,74.0300,74,2
2026-03-24,000333,13:24:36,74.0300,25,2
2026-03-24,000333,13:24:39,74.0300,87,2
2026-03-24,000333,13:24:42,74.0300,25,2
2026-03-24,000333,13:24:45,74.0300,11,2
2026-03-24,000333,13:24:48,74.0400,24,1
2026-03-24,000333,13:24:51,74.0400,33,1
2026-03-24,000333,13:24:54,74.0400,48,1
2026-03-24,000333,13:24:57,74.0400,10,2
2026-03-24,000333,13:25:00,74.0400,9,2
2026-03-24,000333,13:25:03,74.0500,16,1
2026-03-24,000333,13:25:06,74.0500,29,1
2026-03-24,000333,13:25:09,74.0400,34,2
2026-03-24,000333,13:25:12,74.0400,12,1
2026-03-24,000333,13:25:15,74.0300,2,2
2026-03-24,000333,13:25:18,74.0300,68,2
2026-03-24,000333,13:25:21,74.0100,447,2
2026-03-24,000333,13:25:24,74.0100,214,2
2026-03-24,000333,13:25:27,74.0100,151,2
2026-03-24,000333,13:25:30,74.0100,89,1
2026-03-24,000333,13:25:33,73.9900,423,2
2026-03-24,000333,13:25:36,73.9900,67,1
2026-03-24,000333,13:25:39,73.9800,14,2
2026-03-24,000333,13:25:42,73.9800,29,2
2026-03-24,000333,13:25:45,73.9700,32,2
2026-03-24,000333,13:25:48,73.9700,10,2
2026-03-24,000333,13:25:51,73.9700,35,2
2026-03-24,000333,13:25:54,73.9800,108,1
2026-03-24,000333,13:25:57,73.9700,53,2
2026-03-24,000333,13:26:00,73.9700,3,2
2026-03-24,000333,13:26:03,73.9700,27,2
2026-03-24,000333,13:26:06,73.9800,61,1
2026-03-24,000333,13:26:09,73.9700,44,2
2026-03-24,000333,13:26:12,73.9700,11,2
2026-03-24,000333,13:26:15,73.9700,39,2
2026-03-24,000333,13:26:18,73.9700,43,2
2026-03-24,000333,13:26:21,73.9700,15,2
2026-03-24,000333,13:26:24,73.9700,29,1
2026-03-24,000333,13:26:27,73.9600,9,2
2026-03-24,000333,13:26:30,73.9600,16,2
2026-03-24,000333,13:26:33,73.9700,15,1
2026-03-24,000333,13:26:36,73.9700,47,1
2026-03-24,000333,13:26:39,73.9600,27,2
2026-03-24,000333,13:26:42,73.9700,5,1
2026-03-24,000333,13:26:45,73.9600,39,2
2026-03-24,000333,13:26:48,73.9600,1,1
2026-03-24,000333,13:26:51,73.9500,50,2
2026-03-24,000333,13:26:54,73.9500,50,2
2026-03-24,000333,13:26:57,73.9500,7,2
2026-03-24,000333,13:27:00,73.9600,13,1
2026-03-24,000333,13:27:03,73.9600,23,1
2026-03-24,000333,13:27:06,73.9600,97,1
2026-03-24,000333,13:27:09,73.9600,6,2
2026-03-24,000333,13:27:12,73.9100,261,2
2026-03-24,000333,13:27:15,73.9200,12,2
2026-03-24,000333,13:27:18,73.9100,16,2
2026-03-24,000333,13:27:21,73.9100,57,2
2026-03-24,000333,13:27:24,73.9100,90,1
2026-03-24,000333,13:27:27,73.9100,21,2
2026-03-24,000333,13:27:30,73.9100,12,2
2026-03-24,000333,13:27:33,73.9100,16,2
2026-03-24,000333,13:27:36,73.9200,21,1
2026-03-24,000333,13:27:39,73.9100,23,2
2026-03-24,000333,13:27:42,73.9200,15,1
2026-03-24,000333,13:27:45,73.9100,13,2
2026-03-24,000333,13:27:48,73.9100,5,2
2026-03-24,000333,13:27:51,73.9100,42,2
2026-03-24,000333,13:27:54,73.9100,17,4
2026-03-24,000333,13:27:57,73.9100,6,4
2026-03-24,000333,13:28:00,73.9000,37,2
2026-03-24,000333,13:28:03,73.9100,57,1
2026-03-24,000333,13:28:06,73.9100,41,1
2026-03-24,000333,13:28:12,73.9100,8,1
2026-03-24,000333,13:28:15,73.9000,17,2
2026-03-24,000333,13:28:18,73.9000,22,2
2026-03-24,000333,13:28:21,73.9100,5,1
2026-03-24,000333,13:28:24,73.9000,8,2
2026-03-24,000333,13:28:27,73.9000,3,2
2026-03-24,000333,13:28:30,73.9000,17,2
2026-03-24,000333,13:28:33,73.9000,11,2
2026-03-24,000333,13:28:36,73.9000,35,2
2026-03-24,000333,13:28:39,73.9100,18,1
2026-03-24,000333,13:28:42,73.9000,28,2
2026-03-24,000333,13:28:45,73.9100,10,1
2026-03-24,000333,13:28:48,73.9000,29,2
2026-03-24,000333,13:28:51,73.9100,3,1
2026-03-24,000333,13:28:54,73.8700,334,2
2026-03-24,000333,13:28:57,73.8800,14,4
2026-03-24,000333,13:29:00,73.8700,37,2
2026-03-24,000333,13:29:03,73.8700,42,2
2026-03-24,000333,13:29:06,73.8500,13,2
2026-03-24,000333,13:29:09,73.8700,4,1
2026-03-24,000333,13:29:12,73.8600,16,1
2026-03-24,000333,13:29:15,73.8700,56,1
2026-03-24,000333,13:29:18,73.8700,85,1
2026-03-24,000333,13:29:21,73.8700,30,1
2026-03-24,000333,13:29:24,73.8800,37,1
2026-03-24,000333,13:29:27,73.8800,17,1
2026-03-24,000333,13:29:30,73.8800,2,1
2026-03-24,000333,13:29:33,73.8800,51,1
2026-03-24,000333,13:29:36,73.8800,33,1
2026-03-24,000333,13:29:39,73.8800,5,1
2026-03-24,000333,13:29:42,73.8800,9,1
2026-03-24,000333,13:29:45,73.8700,7,2
2026-03-24,000333,13:29:48,73.8700,20,2
2026-03-24,000333,13:29:51,73.8800,15,1
2026-03-24,000333,13:29:54,73.8700,34,2
2026-03-24,000333,13:29:57,73.8700,1,2
2026-03-24,000333,13:30:00,73.8700,7,2
2026-03-24,000333,13:30:03,73.8700,55,2
2026-03-24,000333,13:30:06,73.8800,35,1
2026-03-24,000333,13:30:09,73.8800,2,1
2026-03-24,000333,13:30:12,73.8800,5,1
2026-03-24,000333,13:30:15,73.8800,1,1
2026-03-24,000333,13:30:18,73.8700,103,2
2026-03-24,000333,13:30:21,73.8700,28,2
2026-03-24,000333,13:30:24,73.8700,16,2
2026-03-24,000333,13:30:27,73.8700,27,2
2026-03-24,000333,13:30:30,73.8700,10,2
2026-03-24,000333,13:30:33,73.8700,13,1
2026-03-24,000333,13:30:36,73.8800,104,1
2026-03-24,000333,13:30:39,73.8700,5,2
2026-03-24,000333,13:30:42,73.8800,3,1
2026-03-24,000333,13:30:45,73.8900,372,1
2026-03-24,000333,13:30:48,73.9000,61,1
2026-03-24,000333,13:30:51,73.9000,1,4
2026-03-24,000333,13:30:54,73.9100,30,1
2026-03-24,000333,13:30:57,73.9100,22,1
2026-03-24,000333,13:31:00,73.9100,8,2
2026-03-24,000333,13:31:03,73.9200,6,4
2026-03-24,000333,13:31:06,73.9300,2,1
2026-03-24,000333,13:31:09,73.9300,11,1
2026-03-24,000333,13:31:12,73.9300,28,1
2026-03-24,000333,13:31:15,73.9500,11,1
2026-03-24,000333,13:31:18,73.9500,6,1
2026-03-24,000333,13:31:21,73.9400,255,4
2026-03-24,000333,13:31:24,73.9200,131,2
2026-03-24,000333,13:31:27,73.9200,5,4
2026-03-24,000333,13:31:30,73.9300,1,1
2026-03-24,000333,13:31:33,73.9300,31,1
2026-03-24,000333,13:31:36,73.9000,250,2
2026-03-24,000333,13:31:39,73.8800,127,2
2026-03-24,000333,13:31:42,73.8900,17,1
2026-03-24,000333,13:31:45,73.8800,2,2
2026-03-24,000333,13:31:48,73.8900,2,1
2026-03-24,000333,13:31:51,73.8800,8,2
2026-03-24,000333,13:31:54,73.8800,8,2
2026-03-24,000333,13:31:57,73.8900,9,1
2026-03-24,000333,13:32:00,73.8800,14,2
2026-03-24,000333,13:32:03,73.8800,16,2
2026-03-24,000333,13:32:06,73.8900,28,1
2026-03-24,000333,13:32:09,73.8800,13,2
2026-03-24,000333,13:32:12,73.8800,26,2
2026-03-24,000333,13:32:15,73.8800,4,2
2026-03-24,000333,13:32:18,73.8800,20,2
2026-03-24,000333,13:32:21,73.8900,31,1
2026-03-24,000333,13:32:24,73.8900,13,1
2026-03-24,000333,13:32:27,73.8900,1,1
2026-03-24,000333,13:32:30,73.8900,1,1
2026-03-24,000333,13:32:33,73.8900,22,1
2026-03-24,000333,13:32:36,73.8900,26,1
2026-03-24,000333,13:32:39,73.8900,16,2
2026-03-24,000333,13:32:45,73.8900,84,2
2026-03-24,000333,13:32:48,73.8800,7,2
2026-03-24,000333,13:32:51,73.8700,87,2
2026-03-24,000333,13:32:54,73.8700,19,2
2026-03-24,000333,13:32:57,73.8700,1,2
2026-03-24,000333,13:33:00,73.8800,7,1
2026-03-24,000333,13:33:03,73.8800,23,1
2026-03-24,000333,13:33:06,73.8700,32,2
2026-03-24,000333,13:33:09,73.8800,32,1
2026-03-24,000333,13:33:12,73.8800,10,1
2026-03-24,000333,13:33:15,73.8800,34,1
2026-03-24,000333,13:33:18,73.8700,6,2
2026-03-24,000333,13:33:21,73.8700,9,2
2026-03-24,000333,13:33:24,73.8700,5,2
2026-03-24,000333,13:33:27,73.8700,21,2
2026-03-24,000333,13:33:30,73.9100,241,1
2026-03-24,000333,13:33:33,73.9200,49,1
2026-03-24,000333,13:33:36,73.9200,39,1
2026-03-24,000333,13:33:39,73.9200,18,2
2026-03-24,000333,13:33:42,73.9200,10,2
2026-03-24,000333,13:33:45,73.9400,4,1
2026-03-24,000333,13:33:48,73.9200,21,2
2026-03-24,000333,13:33:51,73.9400,18,1
2026-03-24,000333,13:33:54,73.9100,31,2
2026-03-24,000333,13:33:57,73.9200,42,4
2026-03-24,000333,13:34:00,73.9100,37,2
2026-03-24,000333,13:34:03,73.9200,48,1
2026-03-24,000333,13:34:06,73.9200,25,1
2026-03-24,000333,13:34:12,73.9200,7,2
2026-03-24,000333,13:34:15,73.9300,3,1
2026-03-24,000333,13:34:18,73.9300,42,1
2026-03-24,000333,13:34:21,73.9300,28,1
2026-03-24,000333,13:34:24,73.9400,49,1
2026-03-24,000333,13:34:27,73.9300,6,2
2026-03-24,000333,13:34:30,73.9400,4,1
2026-03-24,000333,13:34:33,73.9400,23,1
2026-03-24,000333,13:34:36,73.9400,16,1
2026-03-24,000333,13:34:39,73.9400,2,2
2026-03-24,000333,13:34:42,73.9400,14,2
2026-03-24,000333,13:34:45,73.9400,26,2
2026-03-24,000333,13:34:48,73.9300,35,2
2026-03-24,000333,13:34:51,73.9300,81,1
2026-03-24,000333,13:34:54,73.9300,70,2
2026-03-24,000333,13:34:57,73.9300,25,2
2026-03-24,000333,13:35:00,73.9400,4,1
2026-03-24,000333,13:35:03,73.9400,24,1
2026-03-24,000333,13:35:06,73.9300,52,2
2026-03-24,000333,13:35:09,73.9300,5,2
2026-03-24,000333,13:35:12,73.9400,6,1
2026-03-24,000333,13:35:15,73.9400,36,1
2026-03-24,000333,13:35:18,73.9300,42,2
2026-03-24,000333,13:35:21,73.9400,3,1
2026-03-24,000333,13:35:24,73.9400,10,1
2026-03-24,000333,13:35:27,73.9300,34,2
2026-03-24,000333,13:35:30,73.9400,46,1
2026-03-24,000333,13:35:33,73.9400,11,2
2026-03-24,000333,13:35:36,73.9700,180,1
2026-03-24,000333,13:35:39,73.9700,21,1
2026-03-24,000333,13:35:42,73.9700,8,1
2026-03-24,000333,13:35:45,73.9700,8,1
2026-03-24,000333,13:35:48,73.9600,18,2
2026-03-24,000333,13:35:51,74.0000,227,1
2026-03-24,000333,13:35:54,73.9800,10,1
2026-03-24,000333,13:35:57,73.9800,4,1
2026-03-24,000333,13:36:00,73.9600,39,2
2026-03-24,000333,13:36:03,73.9700,23,1
2026-03-24,000333,13:36:06,73.9600,18,1
2026-03-24,000333,13:36:09,73.9700,37,1
2026-03-24,000333,13:36:12,73.9600,22,2
2026-03-24,000333,13:36:15,73.9900,19,1
2026-03-24,000333,13:36:18,73.9500,54,2
2026-03-24,000333,13:36:21,73.9500,74,2
2026-03-24,000333,13:36:24,73.9400,19,2
2026-03-24,000333,13:36:27,73.9700,93,1
2026-03-24,000333,13:36:30,73.9500,3,2
2026-03-24,000333,13:36:33,73.9600,4,1
2026-03-24,000333,13:36:36,73.9600,16,1
2026-03-24,000333,13:36:39,73.9700,4,1
2026-03-24,000333,13:36:42,73.9700,6,1
2026-03-24,000333,13:36:45,73.9700,61,1
2026-03-24,000333,13:36:48,73.9700,4,1
2026-03-24,000333,13:36:51,73.9700,11,1
2026-03-24,000333,13:36:54,73.9700,12,1
2026-03-24,000333,13:36:57,73.9700,4,1
2026-03-24,000333,13:37:00,73.9700,8,1
2026-03-24,000333,13:37:03,73.9800,6,1
2026-03-24,000333,13:37:06,73.9800,67,1
2026-03-24,000333,13:37:09,74.0000,8,1
2026-03-24,000333,13:37:12,74.0000,21,1
2026-03-24,000333,13:37:15,73.9900,17,2
2026-03-24,000333,13:37:18,73.9800,30,2
2026-03-24,000333,13:37:21,73.9800,7,2
2026-03-24,000333,13:37:24,73.9900,2,1
2026-03-24,000333,13:37:27,73.9800,4,2
2026-03-24,000333,13:37:30,73.9900,8,1
2026-03-24,000333,13:37:33,73.9900,16,1
2026-03-24,000333,13:37:36,73.9900,13,1
2026-03-24,000333,13:37:39,74.0000,8,1
2026-03-24,000333,13:37:42,74.0200,62,1
2026-03-24,000333,13:37:45,74.0200,6,2
2026-03-24,000333,13:37:48,74.0200,776,2
2026-03-24,000333,13:37:51,74.0100,21,1
2026-03-24,000333,13:37:54,74.0100,4,1
2026-03-24,000333,13:37:57,74.0000,21,2
2026-03-24,000333,13:38:00,74.0000,3,2
2026-03-24,000333,13:38:03,74.0000,37,2
2026-03-24,000333,13:38:09,74.0100,17,1
2026-03-24,000333,13:38:12,74.0100,12,1
2026-03-24,000333,13:38:15,74.0000,14,2
2026-03-24,000333,13:38:18,74.0100,13,1
2026-03-24,000333,13:38:21,74.0100,5,1
2026-03-24,000333,13:38:24,74.0000,30,2
2026-03-24,000333,13:38:27,74.0100,2,1
2026-03-24,000333,13:38:30,74.0100,5,1
2026-03-24,000333,13:38:33,74.0100,13,1
2026-03-24,000333,13:38:36,74.0100,38,1
2026-03-24,000333,13:38:39,74.0100,9,2
2026-03-24,000333,13:38:42,74.0100,33,2
2026-03-24,000333,13:38:45,74.0100,28,1
2026-03-24,000333,13:38:48,74.0100,3,1
2026-03-24,000333,13:38:51,74.0000,97,2
2026-03-24,000333,13:38:54,74.0100,87,1
2026-03-24,000333,13:38:57,74.0200,18,1
2026-03-24,000333,13:39:00,73.9900,9,2
2026-03-24,000333,13:39:03,74.0000,2,1
2026-03-24,000333,13:39:06,74.0000,34,1
2026-03-24,000333,13:39:09,74.0100,59,1
2026-03-24,000333,13:39:12,74.0100,21,2
2026-03-24,000333,13:39:15,74.0200,29,1
2026-03-24,000333,13:39:18,74.0100,6,2
2026-03-24,000333,13:39:21,74.0100,4,2
2026-03-24,000333,13:39:24,74.0200,17,1
2026-03-24,000333,13:39:27,74.0200,30,1
2026-03-24,000333,13:39:30,74.0200,13,1
2026-03-24,000333,13:39:33,74.0200,45,1
2026-03-24,000333,13:39:36,74.0300,34,1
2026-03-24,000333,13:39:39,74.0200,5,2
2026-03-24,000333,13:39:42,74.0300,85,1
2026-03-24,000333,13:39:45,74.0300,56,1
2026-03-24,000333,13:39:51,74.0300,4,1
2026-03-24,000333,13:39:54,74.0300,11,1
2026-03-24,000333,13:39:57,74.0200,3,2
2026-03-24,000333,13:40:00,74.0200,55,2
2026-03-24,000333,13:40:03,73.9900,435,2
2026-03-24,000333,13:40:06,74.0000,34,1
2026-03-24,000333,13:40:09,73.9900,8,2
2026-03-24,000333,13:40:12,73.9900,12,2
2026-03-24,000333,13:40:15,73.9800,63,2
2026-03-24,000333,13:40:18,73.9800,18,2
2026-03-24,000333,13:40:21,73.9800,36,1
2026-03-24,000333,13:40:24,73.9900,11,1
2026-03-24,000333,13:40:27,74.0000,20,1
2026-03-24,000333,13:40:30,74.0000,22,1
2026-03-24,000333,13:40:33,74.0100,21,1
2026-03-24,000333,13:40:36,74.0300,45,1
2026-03-24,000333,13:40:39,74.0200,30,4
2026-03-24,000333,13:40:42,74.0000,32,2
2026-03-24,000333,13:40:45,74.0000,2,1
2026-03-24,000333,13:40:48,74.0000,50,1
2026-03-24,000333,13:40:51,73.9800,113,2
2026-03-24,000333,13:40:54,73.9800,3,2
2026-03-24,000333,13:40:57,74.0000,119,1
2026-03-24,000333,13:41:00,74.0000,111,1
2026-03-24,000333,13:41:03,74.0000,14,1
2026-03-24,000333,13:41:06,74.0000,22,1
2026-03-24,000333,13:41:09,73.9800,11,2
2026-03-24,000333,13:41:12,74.0500,104,1
2026-03-24,000333,13:41:15,74.0100,15,1
2026-03-24,000333,13:41:18,74.0300,11,1
2026-03-24,000333,13:41:21,74.0400,17,1
2026-03-24,000333,13:41:24,74.0000,211,2
2026-03-24,000333,13:41:27,74.0400,29,1
2026-03-24,000333,13:41:30,74.0000,2,2
2026-03-24,000333,13:41:33,74.0100,8,1
2026-03-24,000333,13:41:36,74.0200,32,1
2026-03-24,000333,13:41:39,74.0400,113,1
2026-03-24,000333,13:41:42,74.0400,12,1
2026-03-24,000333,13:41:45,74.0300,2,4
2026-03-24,000333,13:41:48,74.0400,73,1
2026-03-24,000333,13:41:51,74.0000,15,2
2026-03-24,000333,13:41:54,74.0400,301,1
2026-03-24,000333,13:41:57,74.0100,15,2
2026-03-24,000333,13:42:00,74.0000,43,2
2026-03-24,000333,13:42:03,74.0100,19,1
2026-03-24,000333,13:42:06,74.0800,200,1
2026-03-24,000333,13:42:09,74.0400,8,1
2026-03-24,000333,13:42:12,74.0400,3,1
2026-03-24,000333,13:42:15,74.0200,9,2
2026-03-24,000333,13:42:18,74.0200,2,2
2026-03-24,000333,13:42:21,74.0300,2,1
2026-03-24,000333,13:42:24,74.0200,125,2
2026-03-24,000333,13:42:27,74.0400,25,1
2026-03-24,000333,13:42:30,74.0300,3,2
2026-03-24,000333,13:42:33,74.0400,37,1
2026-03-24,000333,13:42:36,74.0300,33,2
2026-03-24,000333,13:42:39,74.0400,103,1
2026-03-24,000333,13:42:42,74.0400,5,2
2026-03-24,000333,13:42:45,74.0200,50,2
2026-03-24,000333,13:42:48,74.0200,3,1
2026-03-24,000333,13:42:51,74.0200,2,1
2026-03-24,000333,13:42:54,74.0000,426,2
2026-03-24,000333,13:42:57,74.0100,6,4
2026-03-24,000333,13:43:00,73.9900,19,2
2026-03-24,000333,13:43:03,73.9900,63,2
2026-03-24,000333,13:43:06,73.9900,29,1
2026-03-24,000333,13:43:09,73.9900,46,1
2026-03-24,000333,13:43:12,73.9900,10,2
2026-03-24,000333,13:43:15,74.0000,59,1
2026-03-24,000333,13:43:18,74.0100,13,1
2026-03-24,000333,13:43:21,74.0100,13,1
2026-03-24,000333,13:43:24,74.0100,24,1
2026-03-24,000333,13:43:27,74.0000,7,2
2026-03-24,000333,13:43:30,74.0100,9,1
2026-03-24,000333,13:43:33,74.0000,21,2
2026-03-24,000333,13:43:36,74.0100,54,1
2026-03-24,000333,13:43:39,74.0000,99,2
2026-03-24,000333,13:43:42,74.0000,17,2
2026-03-24,000333,13:43:45,74.0000,69,1
2026-03-24,000333,13:43:48,74.0100,17,1
2026-03-24,000333,13:43:51,74.0100,9,1
2026-03-24,000333,13:43:54,74.0000,31,2
2026-03-24,000333,13:43:57,74.0100,4,1
2026-03-24,000333,13:44:00,74.0100,9,1
2026-03-24,000333,13:44:03,74.0100,59,2
2026-03-24,000333,13:44:06,74.0100,17,1
2026-03-24,000333,13:44:09,74.0200,1,1
2026-03-24,000333,13:44:12,74.0100,29,2
2026-03-24,000333,13:44:15,74.0100,6,2
2026-03-24,000333,13:44:18,74.0100,5,2
2026-03-24,000333,13:44:21,74.0200,1,2
2026-03-24,000333,13:44:24,74.0200,66,2
2026-03-24,000333,13:44:27,74.0200,43,2
2026-03-24,000333,13:44:30,74.0200,6,1
2026-03-24,000333,13:44:33,74.0100,4,2
2026-03-24,000333,13:44:36,74.0200,40,1
2026-03-24,000333,13:44:39,74.0300,29,1
2026-03-24,000333,13:44:42,74.0200,16,2
2026-03-24,000333,13:44:45,74.0200,50,2
2026-03-24,000333,13:44:48,74.0200,48,1
2026-03-24,000333,13:44:51,74.0200,1,1
2026-03-24,000333,13:44:54,74.0200,4,1
2026-03-24,000333,13:44:57,74.0100,2,2
2026-03-24,000333,13:45:00,74.0100,1,2
2026-03-24,000333,13:45:03,74.0000,78,2
2026-03-24,000333,13:45:06,74.0100,20,1
2026-03-24,000333,13:45:09,74.0100,3,2
2026-03-24,000333,13:45:12,74.0100,4,2
2026-03-24,000333,13:45:15,74.0200,18,1
2026-03-24,000333,13:45:18,74.0200,3,1
2026-03-24,000333,13:45:21,74.0100,6,2
2026-03-24,000333,13:45:24,74.0200,59,1
2026-03-24,000333,13:45:27,74.0300,18,1
2026-03-24,000333,13:45:30,74.0300,13,1
2026-03-24,000333,13:45:33,74.0400,33,1
2026-03-24,000333,13:45:36,74.0400,81,1
2026-03-24,000333,13:45:39,74.0300,11,2
2026-03-24,000333,13:45:42,74.0300,20,2
2026-03-24,000333,13:45:45,74.0400,7,1
2026-03-24,000333,13:45:48,74.0400,40,1
2026-03-24,000333,13:45:51,74.0300,14,2
2026-03-24,000333,13:45:54,74.0400,3,1
2026-03-24,000333,13:45:57,74.0400,6,1
2026-03-24,000333,13:46:00,74.0400,21,1
2026-03-24,000333,13:46:03,74.0400,5,1
2026-03-24,000333,13:46:06,74.0400,21,1
2026-03-24,000333,13:46:09,74.0400,35,2
2026-03-24,000333,13:46:12,74.0400,11,2
2026-03-24,000333,13:46:15,74.0400,20,1
2026-03-24,000333,13:46:18,74.0300,18,2
2026-03-24,000333,13:46:21,74.0200,3,2
2026-03-24,000333,13:46:24,74.0300,28,1
2026-03-24,000333,13:46:27,74.0300,20,1
2026-03-24,000333,13:46:30,74.0400,81,1
2026-03-24,000333,13:46:33,74.0400,4,1
2026-03-24,000333,13:46:36,74.0500,71,1
2026-03-24,000333,13:46:39,74.0600,2,1
2026-03-24,000333,13:46:42,74.0600,6,1
2026-03-24,000333,13:46:45,74.0700,47,1
2026-03-24,000333,13:46:48,74.0400,108,2
2026-03-24,000333,13:46:51,74.0500,20,1
2026-03-24,000333,13:46:54,74.0600,30,1
2026-03-24,000333,13:46:57,74.0500,8,2
2026-03-24,000333,13:47:00,74.0600,42,1
2026-03-24,000333,13:47:03,74.0600,10,1
2026-03-24,000333,13:47:06,74.0600,205,1
2026-03-24,000333,13:47:09,74.0600,18,2
2026-03-24,000333,13:47:12,74.0400,8,2
2026-03-24,000333,13:47:15,74.1000,213,1
2026-03-24,000333,13:47:18,74.0700,34,2
2026-03-24,000333,13:47:21,74.0700,7,2
2026-03-24,000333,13:47:24,74.0700,10,1
2026-03-24,000333,13:47:27,74.0600,2,2
2026-03-24,000333,13:47:30,74.0300,47,2
2026-03-24,000333,13:47:33,74.0600,108,1
2026-03-24,000333,13:47:36,74.0500,9,2
2026-03-24,000333,13:47:39,74.0500,36,1
2026-03-24,000333,13:47:42,74.0300,5,2
2026-03-24,000333,13:47:45,74.0500,16,1
2026-03-24,000333,13:47:48,74.0400,1,1
2026-03-24,000333,13:47:54,74.0300,11,2
2026-03-24,000333,13:47:57,74.0400,5,1
2026-03-24,000333,13:48:00,74.0300,4,2
2026-03-24,000333,13:48:03,74.0400,28,1
2026-03-24,000333,13:48:06,74.0400,49,1
2026-03-24,000333,13:48:09,74.0400,25,1
2026-03-24,000333,13:48:12,74.0400,126,1
2026-03-24,000333,13:48:15,74.0600,26,1
2026-03-24,000333,13:48:18,74.0600,1,1
2026-03-24,000333,13:48:21,74.0600,10,1
2026-03-24,000333,13:48:24,74.0500,108,2
2026-03-24,000333,13:48:27,74.0600,2,1
2026-03-24,000333,13:48:30,74.0600,3,1
2026-03-24,000333,13:48:33,74.0500,10,2
2026-03-24,000333,13:48:36,74.0600,16,1
2026-03-24,000333,13:48:42,74.0700,5,1
2026-03-24,000333,13:48:45,74.0600,27,2
2026-03-24,000333,13:48:48,74.0700,32,1
2026-03-24,000333,13:48:51,74.0500,14,2
2026-03-24,000333,13:48:54,74.0600,5,1
2026-03-24,000333,13:48:57,74.0500,15,2
2026-03-24,000333,13:49:00,74.0500,8,2
2026-03-24,000333,13:49:03,74.0500,7,2
2026-03-24,000333,13:49:06,74.0500,24,1
2026-03-24,000333,13:49:09,74.0500,2,1
2026-03-24,000333,13:49:12,74.0500,28,1
2026-03-24,000333,13:49:15,74.0500,15,1
2026-03-24,000333,13:49:18,74.0400,35,2
2026-03-24,000333,13:49:21,74.0500,62,1
2026-03-24,000333,13:49:24,74.0500,3,1
2026-03-24,000333,13:49:27,74.0400,11,2
2026-03-24,000333,13:49:30,74.0400,19,2
2026-03-24,000333,13:49:33,74.0200,440,2
2026-03-24,000333,13:49:36,74.0100,15,1
2026-03-24,000333,13:49:39,74.0200,21,1
2026-03-24,000333,13:49:42,74.0200,16,1
2026-03-24,000333,13:49:45,74.0200,94,2
2026-03-24,000333,13:49:48,74.0100,241,2
2026-03-24,000333,13:49:51,74.0100,6,1
2026-03-24,000333,13:49:54,74.0100,5,1
2026-03-24,000333,13:49:57,73.9800,261,2
2026-03-24,000333,13:50:00,73.9800,37,2
2026-03-24,000333,13:50:03,73.9800,28,1
2026-03-24,000333,13:50:06,73.9800,20,1
2026-03-24,000333,13:50:09,73.9800,22,2
2026-03-24,000333,13:50:12,73.9900,16,1
2026-03-24,000333,13:50:15,74.0100,99,1
2026-03-24,000333,13:50:18,74.0100,15,1
2026-03-24,000333,13:50:21,74.0100,19,2
2026-03-24,000333,13:50:24,74.0200,11,1
2026-03-24,000333,13:50:27,74.0300,21,1
2026-03-24,000333,13:50:30,74.0100,7,2
2026-03-24,000333,13:50:33,74.0100,8,2
2026-03-24,000333,13:50:36,74.0200,19,1
2026-03-24,000333,13:50:39,74.0300,28,1
2026-03-24,000333,13:50:42,74.0100,8,2
2026-03-24,000333,13:50:45,74.0100,69,2
2026-03-24,000333,13:50:48,74.0000,350,2
2026-03-24,000333,13:50:51,74.0000,204,2
2026-03-24,000333,13:50:54,74.0000,105,2
2026-03-24,000333,13:50:57,74.0000,33,1
2026-03-24,000333,13:51:00,74.0000,17,1
2026-03-24,000333,13:51:03,73.9900,27,4
2026-03-24,000333,13:51:06,74.0000,54,1
2026-03-24,000333,13:51:09,74.0100,144,1
2026-03-24,000333,13:51:12,74.0100,22,1
2026-03-24,000333,13:51:15,74.0000,32,2
2026-03-24,000333,13:51:18,74.0000,30,2
2026-03-24,000333,13:51:21,74.0000,54,2
2026-03-24,000333,13:51:24,74.0000,1,2
2026-03-24,000333,13:51:27,74.0000,117,2
2026-03-24,000333,13:51:30,74.0000,4,1
2026-03-24,000333,13:51:33,74.0100,49,1
2026-03-24,000333,13:51:36,74.0100,32,1
2026-03-24,000333,13:51:39,74.0000,9,2
2026-03-24,000333,13:51:42,74.0000,13,2
2026-03-24,000333,13:51:45,74.0100,9,1
2026-03-24,000333,13:51:48,74.0000,30,2
2026-03-24,000333,13:51:51,74.0000,45,2
2026-03-24,000333,13:51:54,73.9900,5,2
2026-03-24,000333,13:52:00,73.9900,6,2
2026-03-24,000333,13:52:03,74.0000,11,1
2026-03-24,000333,13:52:06,74.0000,59,1
2026-03-24,000333,13:52:09,74.0000,40,1
2026-03-24,000333,13:52:12,74.0000,22,1
2026-03-24,000333,13:52:15,73.9900,4,2
2026-03-24,000333,13:52:18,74.0000,1,1
2026-03-24,000333,13:52:21,73.9900,10,2
2026-03-24,000333,13:52:24,74.0000,60,1
2026-03-24,000333,13:52:27,74.0000,20,1
2026-03-24,000333,13:52:30,74.0000,19,1
2026-03-24,000333,13:52:33,74.0100,93,1
2026-03-24,000333,13:52:36,73.9900,6,2
2026-03-24,000333,13:52:39,74.0000,5,2
2026-03-24,000333,13:52:42,74.0000,2,2
2026-03-24,000333,13:52:45,74.0000,27,2
2026-03-24,000333,13:52:48,74.0000,2,2
2026-03-24,000333,13:52:51,74.0000,159,2
2026-03-24,000333,13:52:54,74.0000,85,2
2026-03-24,000333,13:52:57,73.9900,5,2
2026-03-24,000333,13:53:00,74.0000,8,1
2026-03-24,000333,13:53:03,74.0000,66,1
2026-03-24,000333,13:53:06,74.0000,43,1
2026-03-24,000333,13:53:09,74.0000,19,1
2026-03-24,000333,13:53:12,74.0100,27,1
2026-03-24,000333,13:53:15,74.0000,7,2
2026-03-24,000333,13:53:18,74.0000,26,2
2026-03-24,000333,13:53:21,74.0000,16,2
2026-03-24,000333,13:53:24,74.0100,9,1
2026-03-24,000333,13:53:27,74.0100,7,1
2026-03-24,000333,13:53:30,74.0100,9,1
2026-03-24,000333,13:53:33,74.0100,3,1
2026-03-24,000333,13:53:36,74.0100,35,1
2026-03-24,000333,13:53:39,74.0000,30,2
2026-03-24,000333,13:53:42,74.0000,8,2
2026-03-24,000333,13:53:45,74.0100,103,1
2026-03-24,000333,13:53:48,74.0000,60,2
2026-03-24,000333,13:53:51,74.0100,116,1
2026-03-24,000333,13:53:54,74.0200,12,1
2026-03-24,000333,13:53:57,74.0200,48,1
2026-03-24,000333,13:54:00,74.0300,18,1
2026-03-24,000333,13:54:03,74.0200,5,1
2026-03-24,000333,13:54:06,74.0200,24,1
2026-03-24,000333,13:54:09,74.0200,7,2
2026-03-24,000333,13:54:12,74.0200,3,2
2026-03-24,000333,13:54:15,74.0300,40,1
2026-03-24,000333,13:54:18,74.0200,1,2
2026-03-24,000333,13:54:21,74.0300,2,1
2026-03-24,000333,13:54:24,74.0300,5,1
2026-03-24,000333,13:54:27,74.0300,218,1
2026-03-24,000333,13:54:30,74.0300,156,1
2026-03-24,000333,13:54:33,74.0600,30,1
2026-03-24,000333,13:54:36,74.0500,56,4
2026-03-24,000333,13:54:39,74.0900,17,1
2026-03-24,000333,13:54:42,74.0500,28,2
2026-03-24,000333,13:54:45,74.0600,10,1
2026-03-24,000333,13:54:48,74.0400,5,2
2026-03-24,000333,13:54:51,74.0500,11,1
2026-03-24,000333,13:54:54,74.0600,24,1
2026-03-24,000333,13:54:57,74.0600,12,2
2026-03-24,000333,13:55:00,74.0700,19,1
2026-03-24,000333,13:55:03,74.0500,28,2
2026-03-24,000333,13:55:06,74.0600,29,4
2026-03-24,000333,13:55:09,74.0400,21,2
2026-03-24,000333,13:55:15,74.0400,10,2
2026-03-24,000333,13:55:18,74.0300,9,2
2026-03-24,000333,13:55:21,74.0400,28,4
2026-03-24,000333,13:55:24,74.0400,21,4
2026-03-24,000333,13:55:27,74.0500,10,1
2026-03-24,000333,13:55:30,74.0600,36,1
2026-03-24,000333,13:55:33,74.0600,4,1
2026-03-24,000333,13:55:36,74.0600,32,1
2026-03-24,000333,13:55:39,74.0700,13,1
2026-03-24,000333,13:55:42,74.0800,37,1
2026-03-24,000333,13:55:45,74.0800,29,1
2026-03-24,000333,13:55:48,74.0800,20,1
2026-03-24,000333,13:55:51,74.0700,7,1
2026-03-24,000333,13:55:54,74.0500,18,2
2026-03-24,000333,13:55:57,74.0700,1,1
2026-03-24,000333,13:56:00,74.0600,37,2
2026-03-24,000333,13:56:03,74.0700,10,1
2026-03-24,000333,13:56:06,74.0700,20,1
2026-03-24,000333,13:56:09,74.0700,10,2
2026-03-24,000333,13:56:12,74.0600,28,2
2026-03-24,000333,13:56:15,74.0800,10,1
2026-03-24,000333,13:56:18,74.0700,12,1
2026-03-24,000333,13:56:21,74.0700,4,2
2026-03-24,000333,13:56:24,74.0800,64,1
2026-03-24,000333,13:56:27,74.0700,25,2
2026-03-24,000333,13:56:30,74.0900,42,1
2026-03-24,000333,13:56:33,74.1000,35,1
2026-03-24,000333,13:56:36,74.0900,13,2
2026-03-24,000333,13:56:39,74.1000,38,1
2026-03-24,000333,13:56:42,74.0900,1,4
2026-03-24,000333,13:56:45,74.0900,26,2
2026-03-24,000333,13:56:48,74.0900,6,2
2026-03-24,000333,13:56:51,74.1000,121,1
2026-03-24,000333,13:56:54,74.1100,95,1
2026-03-24,000333,13:56:57,74.1000,13,2
2026-03-24,000333,13:57:00,74.1000,355,2
2026-03-24,000333,13:57:03,74.1300,34,1
2026-03-24,000333,13:57:06,74.1400,78,1
2026-03-24,000333,13:57:09,74.1200,14,2
2026-03-24,000333,13:57:12,74.1300,13,1
2026-03-24,000333,13:57:15,74.1300,365,2
2026-03-24,000333,13:57:18,74.1200,25,1
2026-03-24,000333,13:57:21,74.1400,129,1
2026-03-24,000333,13:57:24,74.1300,52,2
2026-03-24,000333,13:57:27,74.1400,11,1
2026-03-24,000333,13:57:30,74.1300,12,2
2026-03-24,000333,13:57:33,74.1400,18,1
2026-03-24,000333,13:57:36,74.1300,28,4
2026-03-24,000333,13:57:39,74.1300,21,1
2026-03-24,000333,13:57:42,74.1200,28,1
2026-03-24,000333,13:57:45,74.1200,40,2
2026-03-24,000333,13:57:48,74.1100,12,2
2026-03-24,000333,13:57:51,74.1100,16,2
2026-03-24,000333,13:57:54,74.1200,10,1
2026-03-24,000333,13:57:57,74.1200,29,1
2026-03-24,000333,13:58:00,74.1200,58,2
2026-03-24,000333,13:58:03,74.1000,126,2
2026-03-24,000333,13:58:06,74.1000,114,1
2026-03-24,000333,13:58:09,74.1400,26,1
2026-03-24,000333,13:58:12,74.1000,18,1
2026-03-24,000333,13:58:15,74.1000,10,1
2026-03-24,000333,13:58:18,74.1000,7,4
2026-03-24,000333,13:58:21,74.0800,103,2
2026-03-24,000333,13:58:24,74.0700,38,2
2026-03-24,000333,13:58:27,74.1200,15,1
2026-03-24,000333,13:58:30,74.0700,15,2
2026-03-24,000333,13:58:33,74.0900,98,1
2026-03-24,000333,13:58:36,74.0800,38,2
2026-03-24,000333,13:58:39,74.0900,19,1
2026-03-24,000333,13:58:42,74.0800,15,2
2026-03-24,000333,13:58:45,74.0900,21,1
2026-03-24,000333,13:58:48,74.0900,21,2
2026-03-24,000333,13:58:51,74.0900,6,4
2026-03-24,000333,13:58:54,74.0700,50,2
2026-03-24,000333,13:58:57,74.0700,23,2
2026-03-24,000333,13:59:00,74.1100,6,1
2026-03-24,000333,13:59:03,74.0700,50,2
2026-03-24,000333,13:59:06,74.0800,46,1
2026-03-24,000333,13:59:09,74.0800,38,2
2026-03-24,000333,13:59:12,74.1200,3,1
2026-03-24,000333,13:59:15,74.1300,38,1
2026-03-24,000333,13:59:18,74.0800,13,2
2026-03-24,000333,13:59:24,74.1000,15,1
2026-03-24,000333,13:59:27,74.1000,6,1
2026-03-24,000333,13:59:30,74.1000,1,1
2026-03-24,000333,13:59:33,74.0800,16,2
2026-03-24,000333,13:59:36,74.1000,29,1
2026-03-24,000333,13:59:39,74.1000,3,1
2026-03-24,000333,13:59:42,74.0800,54,2
2026-03-24,000333,13:59:45,74.0900,6,1
2026-03-24,000333,13:59:48,74.0800,64,4
2026-03-24,000333,13:59:51,74.0600,7,2
2026-03-24,000333,13:59:54,74.0600,11,2
2026-03-24,000333,13:59:57,74.0600,97,2
2026-03-24,000333,14:00:00,74.0600,28,1
2026-03-24,000333,14:00:03,74.0600,9,2
2026-03-24,000333,14:00:06,74.0400,10,2
2026-03-24,000333,14:00:09,74.0800,59,1
2026-03-24,000333,14:00:12,74.0600,14,2
2026-03-24,000333,14:00:15,74.0600,185,2
2026-03-24,000333,14:00:18,74.0600,12,1
2026-03-24,000333,14:00:21,74.0500,7,4
2026-03-24,000333,14:00:24,74.0600,17,1
2026-03-24,000333,14:00:27,74.0600,15,1
2026-03-24,000333,14:00:30,74.0600,17,1
2026-03-24,000333,14:00:33,74.0500,26,1
2026-03-24,000333,14:00:36,74.0500,19,1
2026-03-24,000333,14:00:39,74.0500,13,1
2026-03-24,000333,14:00:42,74.0500,28,1
2026-03-24,000333,14:00:45,74.0400,28,2
2026-03-24,000333,14:00:48,74.0500,50,1
2026-03-24,000333,14:00:51,74.0400,5,2
2026-03-24,000333,14:00:54,74.0400,39,2
2026-03-24,000333,14:00:57,74.0400,139,2
2026-03-24,000333,14:01:00,74.0600,177,1
2026-03-24,000333,14:01:03,74.0700,109,1
2026-03-24,000333,14:01:06,74.0800,9,1
2026-03-24,000333,14:01:09,74.0700,31,2
2026-03-24,000333,14:01:12,74.0800,43,1
2026-03-24,000333,14:01:15,74.1100,44,1
2026-03-24,000333,14:01:18,74.0800,5,2
2026-03-24,000333,14:01:27,74.0700,30,2
2026-03-24,000333,14:01:30,74.0600,4,2
2026-03-24,000333,14:01:33,74.0600,6,2
2026-03-24,000333,14:01:36,74.0800,14,1
2026-03-24,000333,14:01:39,74.0600,32,2
2026-03-24,000333,14:01:42,74.0600,9,2
2026-03-24,000333,14:01:45,74.0600,10,2
2026-03-24,000333,14:01:48,74.0600,29,2
2026-03-24,000333,14:01:51,74.0500,14,2
2026-03-24,000333,14:01:54,74.0500,27,2
2026-03-24,000333,14:01:57,74.0500,15,4
2026-03-24,000333,14:02:00,74.0500,6,2
2026-03-24,000333,14:02:03,74.0600,8,1
2026-03-24,000333,14:02:06,74.0500,29,2
2026-03-24,000333,14:02:09,74.0600,28,1
2026-03-24,000333,14:02:12,74.0500,2,2
2026-03-24,000333,14:02:15,74.0600,45,1
2026-03-24,000333,14:02:18,74.0700,37,1
2026-03-24,000333,14:02:21,74.0800,21,1
2026-03-24,000333,14:02:24,74.0800,24,2
2026-03-24,000333,14:02:27,74.0800,18,2
2026-03-24,000333,14:02:30,74.0900,4,1
2026-03-24,000333,14:02:33,74.0900,39,1
2026-03-24,000333,14:02:36,74.0900,5,1
2026-03-24,000333,14:02:39,74.0800,47,2
2026-03-24,000333,14:02:42,74.0900,47,1
2026-03-24,000333,14:02:45,74.0700,76,2
2026-03-24,000333,14:02:48,74.0900,31,1
2026-03-24,000333,14:02:51,74.1200,82,1
2026-03-24,000333,14:02:54,74.1300,31,1
2026-03-24,000333,14:02:57,74.1300,31,2
2026-03-24,000333,14:03:00,74.1300,11,2
2026-03-24,000333,14:03:03,74.0900,107,2
2026-03-24,000333,14:03:06,74.0900,15,2
2026-03-24,000333,14:03:09,74.0800,32,2
2026-03-24,000333,14:03:12,74.0700,80,2
2026-03-24,000333,14:03:15,74.0900,98,1
2026-03-24,000333,14:03:18,74.0600,25,2
2026-03-24,000333,14:03:21,74.0500,33,2
2026-03-24,000333,14:03:24,74.0700,21,1
2026-03-24,000333,14:03:27,74.0700,9,1
2026-03-24,000333,14:03:30,74.0600,24,4
2026-03-24,000333,14:03:33,74.0700,31,1
2026-03-24,000333,14:03:36,74.0500,10,2
2026-03-24,000333,14:03:39,74.0500,25,2
2026-03-24,000333,14:03:42,74.0700,82,1
2026-03-24,000333,14:03:45,74.0500,89,2
2026-03-24,000333,14:03:48,74.0500,11,2
2026-03-24,000333,14:03:51,74.0600,14,1
2026-03-24,000333,14:03:54,74.0600,52,1
2026-03-24,000333,14:03:57,74.0600,9,2
2026-03-24,000333,14:04:00,74.0600,14,2
2026-03-24,000333,14:04:03,74.0400,99,2
2026-03-24,000333,14:04:06,74.0400,34,2
2026-03-24,000333,14:04:09,74.0300,40,2
2026-03-24,000333,14:04:12,74.0400,12,1
2026-03-24,000333,14:04:15,74.0400,5,1
2026-03-24,000333,14:04:18,74.0400,3,1
2026-03-24,000333,14:04:21,74.0600,170,1
2026-03-24,000333,14:04:24,74.0700,46,1
2026-03-24,000333,14:04:27,74.0600,28,2
2026-03-24,000333,14:04:30,74.0700,2,1
2026-03-24,000333,14:04:33,74.0700,49,1
2026-03-24,000333,14:04:36,74.0700,21,1
2026-03-24,000333,14:04:39,74.0700,22,1
2026-03-24,000333,14:04:42,74.0700,5,1
2026-03-24,000333,14:04:45,74.0800,3,1
2026-03-24,000333,14:04:48,74.0700,2,2
2026-03-24,000333,14:04:51,74.0700,2,2
2026-03-24,000333,14:04:54,74.0700,2,2
2026-03-24,000333,14:04:57,74.0700,2,2
2026-03-24,000333,14:05:00,74.0800,32,1
2026-03-24,000333,14:05:03,74.0800,15,2
2026-03-24,000333,14:05:06,74.0700,7,2
2026-03-24,000333,14:05:09,74.0800,38,1
2026-03-24,000333,14:05:12,74.0800,27,2
2026-03-24,000333,14:05:15,74.0700,5,2
2026-03-24,000333,14:05:18,74.0800,6,1
2026-03-24,000333,14:05:21,74.0700,3,2
2026-03-24,000333,14:05:24,74.0800,17,1
2026-03-24,000333,14:05:27,74.0800,53,1
2026-03-24,000333,14:05:30,74.0900,4,1
2026-03-24,000333,14:05:33,74.0800,8,2
2026-03-24,000333,14:05:36,74.0900,4,1
2026-03-24,000333,14:05:39,74.0800,23,2
2026-03-24,000333,14:05:42,74.0900,84,1
2026-03-24,000333,14:05:45,74.0800,14,2
2026-03-24,000333,14:05:48,74.1000,51,1
2026-03-24,000333,14:05:51,74.0800,3,2
2026-03-24,000333,14:05:54,74.0800,2,2
2026-03-24,000333,14:05:57,74.0900,46,1
2026-03-24,000333,14:06:00,74.0800,8,2
2026-03-24,000333,14:06:03,74.0900,15,1
2026-03-24,000333,14:06:06,74.0700,420,2
2026-03-24,000333,14:06:09,74.0900,103,1
2026-03-24,000333,14:06:12,74.0900,3,4
2026-03-24,000333,14:06:15,74.0800,7,2
2026-03-24,000333,14:06:18,74.0900,10,1
2026-03-24,000333,14:06:24,74.1000,111,1
2026-03-24,000333,14:06:27,74.0900,15,1
2026-03-24,000333,14:06:30,74.1100,48,1
2026-03-24,000333,14:06:33,74.1100,109,1
2026-03-24,000333,10:55:36,73.6700,66,1
2026-03-24,000333,10:55:39,73.6800,31,1
2026-03-24,000333,10:55:42,73.6700,35,2
2026-03-24,000333,10:55:45,73.6700,11,2
2026-03-24,000333,10:55:48,73.6700,31,2
2026-03-24,000333,10:55:51,73.6800,18,1
2026-03-24,000333,10:55:54,73.7100,215,1
2026-03-24,000333,10:55:57,73.7600,71,1
2026-03-24,000333,10:56:00,73.7400,21,4
2026-03-24,000333,10:56:03,73.7500,13,1
2026-03-24,000333,10:56:06,73.7400,15,2
2026-03-24,000333,10:56:09,73.7300,7,2
2026-03-24,000333,10:56:12,73.7800,88,1
2026-03-24,000333,10:56:15,73.7400,87,2
2026-03-24,000333,10:56:18,73.7400,16,1
2026-03-24,000333,10:56:21,73.7400,11,2
2026-03-24,000333,10:56:24,73.7500,10,4
2026-03-24,000333,10:56:27,73.7500,21,1
2026-03-24,000333,10:56:30,73.7400,79,2
2026-03-24,000333,10:56:33,73.7400,10,1
2026-03-24,000333,10:56:36,73.7400,8,1
2026-03-24,000333,10:56:39,73.7400,13,1
2026-03-24,000333,10:56:42,73.7400,13,1
2026-03-24,000333,10:56:45,73.7300,25,2
2026-03-24,000333,10:56:48,73.7300,127,2
2026-03-24,000333,10:56:51,73.7400,12,1
2026-03-24,000333,10:56:54,73.7300,19,2
2026-03-24,000333,10:56:57,73.7200,9,2
2026-03-24,000333,10:57:00,73.7200,5,1
2026-03-24,000333,10:57:03,73.7100,8,2
2026-03-24,000333,10:57:06,73.7100,55,2
2026-03-24,000333,10:57:09,73.6800,87,2
2026-03-24,000333,10:57:12,73.6900,15,4
2026-03-24,000333,10:57:15,73.6700,34,2
2026-03-24,000333,10:57:18,73.7100,65,1
2026-03-24,000333,10:57:21,73.7100,14,1
2026-03-24,000333,10:57:24,73.7100,11,1
2026-03-24,000333,10:57:27,73.6900,16,2
2026-03-24,000333,10:57:30,73.7100,1,1
2026-03-24,000333,10:57:33,73.7000,6,4
2026-03-24,000333,10:57:36,73.7100,22,1
2026-03-24,000333,10:57:39,73.6900,58,2
2026-03-24,000333,10:57:42,73.6800,12,2
2026-03-24,000333,10:57:45,73.6900,11,2
2026-03-24,000333,10:57:48,73.6800,20,2
2026-03-24,000333,10:57:51,73.6900,7,1
2026-03-24,000333,10:57:54,73.6900,160,1
2026-03-24,000333,10:57:57,73.6800,59,2
2026-03-24,000333,10:58:00,73.7200,10,1
2026-03-24,000333,10:58:03,73.7000,24,2
2026-03-24,000333,10:58:06,73.7000,12,1
2026-03-24,000333,10:58:09,73.6900,20,2
2026-03-24,000333,10:58:12,73.6800,8,2
2026-03-24,000333,10:58:15,73.6800,7,2
2026-03-24,000333,10:58:18,73.6800,5,2
2026-03-24,000333,10:58:21,73.6800,11,2
2026-03-24,000333,10:58:24,73.6800,20,2
2026-03-24,000333,10:58:27,73.6800,11,2
2026-03-24,000333,10:58:30,73.6800,26,2
2026-03-24,000333,10:58:33,73.6900,46,1
2026-03-24,000333,10:58:36,73.6900,49,1
2026-03-24,000333,10:58:39,73.6900,29,1
2026-03-24,000333,10:58:42,73.6800,21,2
2026-03-24,000333,10:58:45,73.7000,8,1
2026-03-24,000333,10:58:48,73.7000,18,1
2026-03-24,000333,10:58:51,73.7100,51,1
2026-03-24,000333,10:58:54,73.7200,66,1
2026-03-24,000333,10:59:03,73.7200,23,2
2026-03-24,000333,10:59:06,73.7100,30,2
2026-03-24,000333,10:59:09,73.7200,1,1
2026-03-24,000333,10:59:12,73.7100,93,2
2026-03-24,000333,10:59:15,73.7100,17,2
2026-03-24,000333,10:59:18,73.7200,70,1
2026-03-24,000333,10:59:21,73.7200,11,2
2026-03-24,000333,10:59:24,73.7200,37,1
2026-03-24,000333,10:59:27,73.7200,21,1
2026-03-24,000333,10:59:30,73.7100,48,2
2026-03-24,000333,10:59:33,73.7100,5,1
2026-03-24,000333,10:59:36,73.7000,10,2
2026-03-24,000333,10:59:39,73.7000,8,2
2026-03-24,000333,10:59:42,73.7100,9,1
2026-03-24,000333,10:59:45,73.7000,50,2
2026-03-24,000333,10:59:48,73.7000,53,2
2026-03-24,000333,10:59:51,73.7000,10,1
2026-03-24,000333,10:59:54,73.6900,11,2
2026-03-24,000333,10:59:57,73.6900,7,2
2026-03-24,000333,11:00:00,73.7000,15,1
2026-03-24,000333,11:00:03,73.7000,45,1
2026-03-24,000333,11:00:06,73.7000,173,1
2026-03-24,000333,11:00:09,73.6700,19,2
2026-03-24,000333,11:00:12,73.7000,52,1
2026-03-24,000333,11:00:15,73.7000,17,1
2026-03-24,000333,11:00:18,73.6900,34,2
2026-03-24,000333,11:00:21,73.6900,27,2
2026-03-24,000333,11:00:24,73.6800,25,2
2026-03-24,000333,11:00:27,73.6800,26,2
2026-03-24,000333,11:00:30,73.6800,10,2
2026-03-24,000333,11:00:33,73.6400,202,2
2026-03-24,000333,11:00:36,73.6400,67,1
2026-03-24,000333,11:00:39,73.6900,3,1
2026-03-24,000333,11:00:42,73.6800,33,2
2026-03-24,000333,11:00:45,73.6800,8,2
2026-03-24,000333,11:00:51,73.6900,84,1
2026-03-24,000333,11:00:54,73.6800,13,2
2026-03-24,000333,11:00:57,73.6800,62,2
2026-03-24,000333,11:01:00,73.6800,29,1
2026-03-24,000333,11:01:03,73.6800,68,1
2026-03-24,000333,11:01:06,73.6800,36,1
2026-03-24,000333,11:01:09,73.6700,46,2
2026-03-24,000333,11:01:12,73.6800,7,1
2026-03-24,000333,11:01:15,73.6700,57,2
2026-03-24,000333,11:01:18,73.6800,7,1
2026-03-24,000333,11:01:21,73.6800,5,1
2026-03-24,000333,11:01:24,73.6800,8,1
2026-03-24,000333,11:01:27,73.6800,27,1
2026-03-24,000333,11:01:30,73.6700,32,2
2026-03-24,000333,11:01:33,73.6700,54,2
2026-03-24,000333,11:01:36,73.6700,17,1
2026-03-24,000333,11:01:39,73.6700,9,1
2026-03-24,000333,11:01:42,73.6600,46,2
2026-03-24,000333,11:01:45,73.6700,5,1
2026-03-24,000333,11:01:48,73.6600,25,2
2026-03-24,000333,11:01:51,73.6400,101,2
2026-03-24,000333,11:01:54,73.6400,103,2
2026-03-24,000333,11:01:57,73.6300,43,2
2026-03-24,000333,11:02:00,73.6300,28,1
2026-03-24,000333,11:02:03,73.6300,29,1
2026-03-24,000333,11:02:06,73.6300,10,1
2026-03-24,000333,11:02:09,73.6200,23,2
2026-03-24,000333,11:02:12,73.6100,42,2
2026-03-24,000333,11:02:15,73.6200,50,4
2026-03-24,000333,11:02:18,73.6100,53,2
2026-03-24,000333,11:02:21,73.6100,129,2
2026-03-24,000333,11:02:24,73.6000,13,2
2026-03-24,000333,11:02:27,73.6000,90,2
2026-03-24,000333,11:02:30,73.5900,66,2
2026-03-24,000333,11:02:33,73.5900,11,2
2026-03-24,000333,11:02:36,73.5800,29,2
2026-03-24,000333,11:02:39,73.5800,59,2
2026-03-24,000333,11:02:42,73.5800,22,1
2026-03-24,000333,11:02:45,73.5700,20,2
2026-03-24,000333,11:02:48,73.5700,73,2
2026-03-24,000333,11:02:51,73.5700,72,2
2026-03-24,000333,11:02:54,73.5700,38,1
2026-03-24,000333,11:02:57,73.5700,16,1
2026-03-24,000333,11:03:00,73.5700,1,2
2026-03-24,000333,11:03:03,73.5700,13,2
2026-03-24,000333,11:03:06,73.5700,5,2
2026-03-24,000333,11:03:09,73.5800,62,1
2026-03-24,000333,11:03:12,73.5800,3,1
2026-03-24,000333,11:03:15,73.5800,55,1
2026-03-24,000333,11:03:18,73.5800,16,2
2026-03-24,000333,11:03:21,73.5900,107,1
2026-03-24,000333,11:03:24,73.5800,27,2
2026-03-24,000333,11:03:27,73.5700,10,2
2026-03-24,000333,11:03:30,73.5800,17,1
2026-03-24,000333,11:03:33,73.5800,172,1
2026-03-24,000333,11:03:36,73.6000,11,1
2026-03-24,000333,11:03:39,73.5800,5,2
2026-03-24,000333,11:03:42,73.5800,29,2
2026-03-24,000333,11:03:45,73.5800,5,1
2026-03-24,000333,11:03:48,73.5800,5,1
2026-03-24,000333,11:03:51,73.6000,110,1
2026-03-24,000333,11:03:54,73.5900,6,1
2026-03-24,000333,11:03:57,73.5900,25,1
2026-03-24,000333,11:04:00,73.5900,9,1
2026-03-24,000333,11:04:03,73.5900,4,1
2026-03-24,000333,11:04:06,73.5900,18,1
2026-03-24,000333,11:04:09,73.5900,19,1
2026-03-24,000333,11:04:12,73.5900,9,1
2026-03-24,000333,11:04:15,73.5800,16,2
2026-03-24,000333,11:04:18,73.5800,14,2
2026-03-24,000333,11:04:21,73.5800,3,2
2026-03-24,000333,11:04:24,73.5900,8,1
2026-03-24,000333,11:04:27,73.5800,21,2
2026-03-24,000333,11:04:30,73.5800,3,2
2026-03-24,000333,11:04:33,73.5800,11,2
2026-03-24,000333,11:04:36,73.5900,22,1
2026-03-24,000333,11:04:39,73.5900,10,1
2026-03-24,000333,11:04:42,73.5900,7,1
2026-03-24,000333,11:04:45,73.5900,32,1
2026-03-24,000333,11:04:48,73.5900,172,1
2026-03-24,000333,11:04:51,73.6000,21,1
2026-03-24,000333,11:04:54,73.5900,36,2
2026-03-24,000333,11:04:57,73.5900,1,2
2026-03-24,000333,11:05:00,73.6000,20,1
2026-03-24,000333,11:05:03,73.5900,76,2
2026-03-24,000333,11:05:06,73.5900,27,1
2026-03-24,000333,11:05:09,73.5800,13,2
2026-03-24,000333,11:05:12,73.5900,131,1
2026-03-24,000333,11:05:15,73.5800,167,2
2026-03-24,000333,11:05:18,73.5800,38,1
2026-03-24,000333,11:05:21,73.5700,26,2
2026-03-24,000333,11:05:24,73.5700,25,2
2026-03-24,000333,11:05:27,73.5400,327,2
2026-03-24,000333,11:05:30,73.5600,38,1
2026-03-24,000333,11:05:33,73.5600,78,1
2026-03-24,000333,11:05:36,73.5700,68,1
2026-03-24,000333,11:05:39,73.5700,34,4
2026-03-24,000333,11:05:42,73.5700,1,2
2026-03-24,000333,11:05:45,73.5700,2,2
2026-03-24,000333,11:05:48,73.5800,1,1
2026-03-24,000333,11:05:51,73.5700,64,2
2026-03-24,000333,11:05:54,73.5700,58,2
2026-03-24,000333,11:05:57,73.5700,3,2
2026-03-24,000333,11:06:00,73.5700,8,2
2026-03-24,000333,11:06:03,73.5700,18,2
2026-03-24,000333,11:06:06,73.5800,10,1
2026-03-24,000333,11:06:09,73.5700,8,2
2026-03-24,000333,11:06:12,73.5800,37,1
2026-03-24,000333,11:06:15,73.6000,178,1
2026-03-24,000333,11:06:18,73.6100,246,1
2026-03-24,000333,11:06:21,73.6200,28,4
2026-03-24,000333,11:06:24,73.6300,6,1
2026-03-24,000333,11:06:27,73.6300,8,1
2026-03-24,000333,11:06:30,73.6200,15,2
2026-03-24,000333,11:06:33,73.6400,9,1
2026-03-24,000333,11:06:36,73.6300,9,1
2026-03-24,000333,11:06:39,73.6200,8,2
2026-03-24,000333,11:06:42,73.6100,9,2
2026-03-24,000333,11:06:45,73.6200,5,1
2026-03-24,000333,11:06:48,73.6300,5,1
2026-03-24,000333,11:06:51,73.6300,5,1
2026-03-24,000333,11:06:54,73.6300,7,1
2026-03-24,000333,11:06:57,73.6200,12,2
2026-03-24,000333,11:07:00,73.6200,4,2
2026-03-24,000333,11:07:03,73.6200,34,2
2026-03-24,000333,11:07:06,73.6200,56,1
2026-03-24,000333,11:07:09,73.6100,75,2
2026-03-24,000333,11:07:12,73.6100,69,2
2026-03-24,000333,11:07:15,73.6100,36,2
2026-03-24,000333,11:07:18,73.6100,23,2
2026-03-24,000333,11:07:21,73.5700,171,2
2026-03-24,000333,11:07:24,73.5600,74,2
2026-03-24,000333,11:07:27,73.5600,83,1
2026-03-24,000333,11:07:30,73.5600,124,4
2026-03-24,000333,11:07:33,73.6000,114,1
2026-03-24,000333,11:07:36,73.6100,45,1
2026-03-24,000333,11:07:39,73.5800,6,2
2026-03-24,000333,11:07:42,73.5700,2,2
2026-03-24,000333,11:07:45,73.5700,3,2
2026-03-24,000333,11:07:48,73.5800,2,1
2026-03-24,000333,11:07:51,73.5800,14,1
2026-03-24,000333,11:07:54,73.5700,90,2
2026-03-24,000333,11:07:57,73.5700,13,1
2026-03-24,000333,11:08:00,73.5600,144,2
2026-03-24,000333,11:08:03,73.5800,3,1
2026-03-24,000333,11:08:06,73.5800,28,1
2026-03-24,000333,11:08:09,73.5900,26,1
2026-03-24,000333,11:08:12,73.6000,16,1
2026-03-24,000333,11:08:15,73.6000,9,1
2026-03-24,000333,11:08:18,73.5900,31,2
2026-03-24,000333,11:08:21,73.5800,32,2
2026-03-24,000333,11:08:24,73.5800,6,1
2026-03-24,000333,11:08:27,73.5800,16,1
2026-03-24,000333,11:08:30,73.5900,9,1
2026-03-24,000333,11:08:33,73.5800,4,2
2026-03-24,000333,11:08:36,73.5800,36,2
2026-03-24,000333,11:08:39,73.5800,25,2
2026-03-24,000333,11:08:42,73.5800,51,2
2026-03-24,000333,11:08:45,73.5800,5,1
2026-03-24,000333,11:08:48,73.5800,14,1
2026-03-24,000333,11:08:51,73.5800,6,1
2026-03-24,000333,11:08:54,73.5800,126,1
2026-03-24,000333,11:08:57,73.5700,20,2
2026-03-24,000333,11:09:00,73.5700,26,2
2026-03-24,000333,11:09:03,73.5700,31,2
2026-03-24,000333,11:09:06,73.5600,191,2
2026-03-24,000333,11:09:09,73.5500,57,2
2026-03-24,000333,11:09:12,73.5500,33,1
2026-03-24,000333,11:09:15,73.5400,36,2
2026-03-24,000333,11:09:18,73.5500,60,1
2026-03-24,000333,11:09:21,73.5500,9,1
2026-03-24,000333,11:09:24,73.5400,33,2
2026-03-24,000333,11:09:27,73.5300,58,2
2026-03-24,000333,11:09:30,73.5200,58,2
2026-03-24,000333,11:09:33,73.5200,39,1
2026-03-24,000333,11:09:36,73.5400,107,1
2026-03-24,000333,11:09:39,73.5500,9,2
2026-03-24,000333,11:09:42,73.5600,1,1
2026-03-24,000333,11:09:45,73.5700,100,1
2026-03-24,000333,11:09:48,73.5800,10,1
2026-03-24,000333,11:09:51,73.5800,105,1
2026-03-24,000333,11:09:54,73.6000,31,1
2026-03-24,000333,11:09:57,73.6000,12,2
2026-03-24,000333,11:10:00,73.6100,8,1
2026-03-24,000333,11:10:03,73.6100,122,1
2026-03-24,000333,11:10:06,73.6200,1,1
2026-03-24,000333,11:10:09,73.6400,116,1
2026-03-24,000333,11:10:12,73.6400,16,1
2026-03-24,000333,11:10:15,73.6300,15,2
2026-03-24,000333,11:10:18,73.6500,8,1
2026-03-24,000333,11:10:21,73.6500,66,1
2026-03-24,000333,11:10:24,73.6400,18,2
2026-03-24,000333,11:10:27,73.6700,10,1
2026-03-24,000333,11:10:30,73.6700,8,1
2026-03-24,000333,11:10:33,73.6700,10,1
2026-03-24,000333,11:10:36,73.6500,23,2
2026-03-24,000333,11:10:39,73.6500,6,2
2026-03-24,000333,11:10:42,73.6700,156,1
2026-03-24,000333,11:10:45,73.6800,37,1
2026-03-24,000333,11:10:48,73.6800,8,1
2026-03-24,000333,11:10:51,73.6600,25,2
2026-03-24,000333,11:10:54,73.6600,13,4
2026-03-24,000333,11:10:57,73.6600,7,4
2026-03-24,000333,11:11:00,73.6600,13,2
2026-03-24,000333,11:11:03,73.6600,12,1
2026-03-24,000333,11:11:06,73.6600,15,1
2026-03-24,000333,11:11:09,73.6600,6,2
2026-03-24,000333,11:11:12,73.6600,48,2
2026-03-24,000333,11:11:15,73.6600,11,2
2026-03-24,000333,11:11:18,73.6600,21,2
2026-03-24,000333,11:11:24,73.6700,34,1
2026-03-24,000333,11:11:27,73.6700,47,1
2026-03-24,000333,11:11:30,73.6600,30,2
2026-03-24,000333,11:11:33,73.6600,21,2
2026-03-24,000333,11:11:36,73.6700,160,4
2026-03-24,000333,11:11:39,73.6600,20,2
2026-03-24,000333,11:11:42,73.6500,52,2
2026-03-24,000333,11:11:45,73.6500,103,2
2026-03-24,000333,11:11:48,73.6600,33,1
2026-03-24,000333,11:11:51,73.6700,81,1
2026-03-24,000333,11:11:54,73.6700,12,2
2026-03-24,000333,11:11:57,73.6800,29,1
2026-03-24,000333,11:12:00,73.6800,36,2
2026-03-24,000333,11:12:03,73.7000,181,1
2026-03-24,000333,11:12:06,73.7100,35,1
2026-03-24,000333,11:12:09,73.7000,42,2
2026-03-24,000333,11:12:12,73.6900,15,2
2026-03-24,000333,11:12:15,73.6900,10,2
2026-03-24,000333,11:12:18,73.7000,57,1
2026-03-24,000333,11:12:21,73.7100,5,1
2026-03-24,000333,11:12:24,73.7100,39,1
2026-03-24,000333,11:12:27,73.7100,10,1
2026-03-24,000333,11:12:30,73.7000,9,1
2026-03-24,000333,11:12:33,73.6700,40,2
2026-03-24,000333,11:12:36,73.6600,44,2
2026-03-24,000333,11:12:39,73.6700,11,1
2026-03-24,000333,11:12:42,73.6500,3,2
2026-03-24,000333,11:12:45,73.6500,7,2
2026-03-24,000333,11:12:48,73.6600,2,4
2026-03-24,000333,11:12:51,73.6600,15,2
2026-03-24,000333,11:12:54,73.6600,23,2
2026-03-24,000333,11:12:57,73.6600,34,2
2026-03-24,000333,11:13:00,73.6700,13,1
2026-03-24,000333,11:13:03,73.6500,35,2
2026-03-24,000333,11:13:06,73.6700,6,1
2026-03-24,000333,11:13:09,73.6600,32,4
2026-03-24,000333,11:13:12,73.6700,6,4
2026-03-24,000333,11:13:15,73.6800,23,1
2026-03-24,000333,11:13:18,73.6800,11,1
2026-03-24,000333,11:13:21,73.6800,21,2
2026-03-24,000333,11:13:27,73.6800,40,2
2026-03-24,000333,11:13:30,73.6800,24,4
2026-03-24,000333,11:13:33,73.6800,7,1
2026-03-24,000333,11:13:36,73.6700,12,2
2026-03-24,000333,11:13:39,73.6700,32,2
2026-03-24,000333,11:13:42,73.6700,44,1
2026-03-24,000333,11:13:45,73.6800,2,1
2026-03-24,000333,11:13:48,73.6800,119,1
2026-03-24,000333,11:13:51,73.6900,22,1
2026-03-24,000333,11:13:54,73.6800,23,2
2026-03-24,000333,11:13:57,73.6900,23,2
2026-03-24,000333,11:14:00,73.7000,4,1
2026-03-24,000333,11:14:03,73.7000,3,1
2026-03-24,000333,11:14:06,73.7000,25,1
2026-03-24,000333,11:14:09,73.7000,2,2
2026-03-24,000333,11:14:12,73.7100,23,1
2026-03-24,000333,11:14:15,73.7100,9,1
2026-03-24,000333,11:14:18,73.7000,18,2
2026-03-24,000333,11:14:21,73.7100,78,1
2026-03-24,000333,11:14:24,73.7100,31,1
2026-03-24,000333,11:14:27,73.7200,1,1
2026-03-24,000333,11:14:30,73.7200,4,1
2026-03-24,000333,11:14:33,73.7100,16,2
2026-03-24,000333,11:14:36,73.7100,22,2
2026-03-24,000333,11:14:39,73.7000,8,2
2026-03-24,000333,11:14:42,73.7000,10,2
2026-03-24,000333,11:14:45,73.7000,20,4
2026-03-24,000333,11:14:48,73.7500,134,1
2026-03-24,000333,11:14:51,73.7000,10,2
2026-03-24,000333,11:14:54,73.7100,6,1
2026-03-24,000333,11:14:57,73.7100,9,1
2026-03-24,000333,11:15:00,73.7100,7,4
2026-03-24,000333,11:15:03,73.7000,147,2
2026-03-24,000333,11:15:06,73.6900,123,2
2026-03-24,000333,11:15:09,73.7200,18,1
2026-03-24,000333,11:15:12,73.7100,12,2
2026-03-24,000333,11:15:15,73.7100,8,2
2026-03-24,000333,11:15:18,73.7100,14,2
2026-03-24,000333,11:15:21,73.7200,47,1
2026-03-24,000333,11:15:24,73.7100,28,2
2026-03-24,000333,11:15:27,73.7300,2,1
2026-03-24,000333,11:15:30,73.7300,18,1
2026-03-24,000333,11:15:33,73.7300,82,2
2026-03-24,000333,11:15:36,73.7300,29,2
2026-03-24,000333,11:15:39,73.7300,3,2
2026-03-24,000333,11:15:42,73.7200,23,2
2026-03-24,000333,11:15:45,73.7200,7,2
2026-03-24,000333,11:15:48,73.7200,36,2
2026-03-24,000333,11:15:51,73.7300,23,1
2026-03-24,000333,11:15:54,73.7300,149,1
2026-03-24,000333,11:15:57,73.7400,47,1
2026-03-24,000333,11:16:00,73.7500,47,1
2026-03-24,000333,11:16:03,73.7400,49,2
2026-03-24,000333,11:16:06,73.7500,128,1
2026-03-24,000333,11:16:09,73.7500,30,2
2026-03-24,000333,11:16:12,73.7600,2,4
2026-03-24,000333,11:16:15,73.7700,29,1
2026-03-24,000333,11:16:18,73.7900,151,1
2026-03-24,000333,11:16:21,73.7900,35,1
2026-03-24,000333,11:16:24,73.7800,7,2
2026-03-24,000333,11:16:27,73.7900,1,1
2026-03-24,000333,11:16:30,73.7900,6,1
2026-03-24,000333,11:16:33,73.8000,38,1
2026-03-24,000333,11:16:36,73.7900,17,2
2026-03-24,000333,11:16:39,73.7900,8,2
2026-03-24,000333,11:16:42,73.7800,44,2
2026-03-24,000333,11:16:45,73.8000,117,1
2026-03-24,000333,11:16:48,73.8100,16,1
2026-03-24,000333,11:16:51,73.8100,32,1
2026-03-24,000333,11:16:54,73.8100,6,2
2026-03-24,000333,11:16:57,73.8200,20,1
2026-03-24,000333,11:17:00,73.8200,26,2
2026-03-24,000333,11:17:03,73.8400,13,1
2026-03-24,000333,11:17:06,73.8400,17,1
2026-03-24,000333,11:17:09,73.8400,67,1
2026-03-24,000333,11:17:12,73.8300,19,2
2026-03-24,000333,11:17:15,73.8500,30,1
2026-03-24,000333,11:17:18,73.8500,24,1
2026-03-24,000333,11:17:21,73.8500,4,1
2026-03-24,000333,11:17:24,73.8500,18,1
2026-03-24,000333,11:17:27,73.8500,9,1
2026-03-24,000333,11:17:30,73.8500,51,2
2026-03-24,000333,11:17:33,73.8600,24,1
2026-03-24,000333,11:17:36,73.8500,36,2
2026-03-24,000333,11:17:39,73.8500,17,2
2026-03-24,000333,11:17:42,73.8600,169,1
2026-03-24,000333,11:17:45,73.8500,41,2
2026-03-24,000333,11:17:48,73.8500,88,1
2026-03-24,000333,11:17:51,73.8500,41,2
2026-03-24,000333,11:17:54,73.8600,72,1
2026-03-24,000333,11:17:57,73.8700,132,1
2026-03-24,000333,11:18:00,73.8700,17,1
2026-03-24,000333,11:18:03,73.8800,97,1
2026-03-24,000333,11:18:06,73.8800,27,1
2026-03-24,000333,11:18:09,73.8800,218,2
2026-03-24,000333,11:18:12,73.8800,58,2
2026-03-24,000333,11:18:15,73.8900,48,1
2026-03-24,000333,11:18:18,73.8900,18,1
2026-03-24,000333,11:18:21,73.8800,42,2
2026-03-24,000333,11:18:24,73.8700,243,2
2026-03-24,000333,11:18:27,73.8800,67,1
2026-03-24,000333,11:18:30,73.8800,9,2
2026-03-24,000333,11:18:33,73.8900,6,1
2026-03-24,000333,11:18:36,73.8900,192,1
2026-03-24,000333,11:18:39,73.9000,12,1
2026-03-24,000333,11:18:42,73.9000,18,1
2026-03-24,000333,11:18:45,73.9100,5,1
2026-03-24,000333,11:18:48,73.9100,9,1
2026-03-24,000333,11:18:51,73.9100,63,1
2026-03-24,000333,11:18:54,73.9200,166,1
2026-03-24,000333,11:18:57,73.9400,17,1
2026-03-24,000333,11:19:00,73.9400,22,1
2026-03-24,000333,11:19:03,73.9200,94,2
2026-03-24,000333,11:19:06,73.8900,269,2
2026-03-24,000333,11:19:09,73.8900,147,2
2026-03-24,000333,11:19:12,73.9000,133,1
2026-03-24,000333,11:19:15,73.9100,20,4
2026-03-24,000333,11:19:18,73.9000,12,2
2026-03-24,000333,11:19:21,73.9100,12,2
2026-03-24,000333,11:19:24,73.9100,49,2
2026-03-24,000333,11:19:27,73.9100,27,2
2026-03-24,000333,11:19:30,73.9100,21,2
2026-03-24,000333,11:19:33,73.9200,38,1
2026-03-24,000333,11:19:36,73.9100,31,2
2026-03-24,000333,11:19:39,73.9100,57,2
2026-03-24,000333,11:19:42,73.9100,23,2
2026-03-24,000333,11:19:45,73.9000,5,2
2026-03-24,000333,11:19:48,73.9000,5,2
2026-03-24,000333,11:19:51,73.9000,49,2
2026-03-24,000333,11:19:54,73.9000,39,2
2026-03-24,000333,11:19:57,73.8900,100,2
2026-03-24,000333,11:20:00,73.8600,35,1
2026-03-24,000333,11:20:03,73.9000,30,1
2026-03-24,000333,11:20:06,73.9000,2,1
2026-03-24,000333,11:20:09,73.8800,8,2
2026-03-24,000333,11:20:12,73.8800,9,2
2026-03-24,000333,11:20:15,73.8800,12,2
2026-03-24,000333,11:20:18,73.8800,14,1
2026-03-24,000333,11:20:21,73.8700,29,2
2026-03-24,000333,11:20:24,73.8800,48,1
2026-03-24,000333,11:20:27,73.8800,20,1
2026-03-24,000333,11:20:30,73.8700,44,2
2026-03-24,000333,11:20:33,73.8700,13,2
2026-03-24,000333,11:20:36,73.8800,1,1
2026-03-24,000333,11:20:39,73.8800,11,1
2026-03-24,000333,11:20:42,73.8800,10,1
2026-03-24,000333,11:20:45,73.9000,143,1
2026-03-24,000333,11:20:48,73.9000,65,2
2026-03-24,000333,11:20:51,73.9000,59,2
2026-03-24,000333,11:20:54,73.9100,35,1
2026-03-24,000333,11:20:57,73.9100,19,1
2026-03-24,000333,11:21:00,73.9000,31,2
2026-03-24,000333,11:21:03,73.9200,62,1
2026-03-24,000333,11:21:06,73.9000,15,2
2026-03-24,000333,11:21:09,73.9200,4,1
