date,code,time,price,volume,bs
2026-03-17,000333,14:06:33,76.6800,21,2
2026-03-17,000333,14:06:36,76.6800,48,2
2026-03-17,000333,14:06:39,76.6800,14,2
2026-03-17,000333,14:06:42,76.6800,7,2
2026-03-17,000333,14:06:45,76.6800,16,2
2026-03-17,000333,14:06:48,76.6800,3,2
2026-03-17,000333,14:06:51,76.6800,12,2
2026-03-17,000333,14:06:54,76.6800,40,2
2026-03-17,000333,14:06:57,76.6800,18,2
2026-03-17,000333,14:07:00,76.6800,11,2
2026-03-17,000333,14:07:03,76.6700,30,2
2026-03-17,000333,14:07:06,76.6800,54,1
2026-03-17,000333,14:07:09,76.6700,18,2
2026-03-17,000333,14:07:12,76.6700,46,2
2026-03-17,000333,14:07:15,76.6700,10,2
2026-03-17,000333,14:07:18,76.6800,8,1
2026-03-17,000333,14:07:21,76.6700,12,2
2026-03-17,000333,14:07:27,76.6700,17,2
2026-03-17,000333,14:07:30,76.6900,240,1
2026-03-17,000333,14:07:33,76.7000,88,1
2026-03-17,000333,14:07:36,76.7100,75,1
2026-03-17,000333,14:07:39,76.7400,8,1
2026-03-17,000333,14:07:42,76.7300,6,1
2026-03-17,000333,14:07:45,76.7400,22,1
2026-03-17,000333,14:07:48,76.7400,14,1
2026-03-17,000333,14:07:51,76.7200,26,2
2026-03-17,000333,14:07:54,76.7300,20,1
2026-03-17,000333,14:07:57,76.7300,3,2
2026-03-17,000333,14:08:00,76.7300,6,1
2026-03-17,000333,14:08:03,76.7300,16,1
2026-03-17,000333,14:08:06,76.7200,23,2
2026-03-17,000333,14:08:09,76.7300,15,1
2026-03-17,000333,14:08:12,76.7200,21,2
2026-03-17,000333,14:08:15,76.7300,12,1
2026-03-17,000333,14:08:18,76.7300,15,1
2026-03-17,000333,14:08:21,76.7200,2,2
2026-03-17,000333,14:08:24,76.7300,24,1
2026-03-17,000333,14:08:27,76.7200,35,2
2026-03-17,000333,14:08:30,76.7200,12,1
2026-03-17,000333,14:08:33,76.7200,5,1
2026-03-17,000333,14:08:36,76.7200,12,1
2026-03-17,000333,14:08:39,76.7200,36,1
2026-03-17,000333,14:08:42,76.7200,8,1
2026-03-17,000333,14:08:45,76.7100,16,2
2026-03-17,000333,14:08:48,76.7100,15,2
2026-03-17,000333,14:08:51,76.7100,18,2
2026-03-17,000333,14:08:54,76.7100,1,1
2026-03-17,000333,14:08:57,76.7200,69,1
2026-03-17,000333,14:09:00,76.7100,21,2
2026-03-17,000333,14:09:03,76.7400,47,1
2026-03-17,000333,14:09:06,76.7300,3,4
2026-03-17,000333,14:09:09,76.7300,38,1
2026-03-17,000333,14:09:12,76.7300,17,1
2026-03-17,000333,14:09:15,76.7300,9,2
2026-03-17,000333,14:09:18,76.7300,4,1
2026-03-17,000333,14:09:21,76.7300,13,1
2026-03-17,000333,14:09:24,76.7300,16,1
2026-03-17,000333,14:09:27,76.7400,31,1
2026-03-17,000333,14:09:30,76.7300,5,4
2026-03-17,000333,14:09:33,76.7400,23,1
2026-03-17,000333,14:09:36,76.7400,79,1
2026-03-17,000333,14:09:39,76.7400,39,1
2026-03-17,000333,14:09:42,76.7500,2,4
2026-03-17,000333,14:09:45,76.7500,31,1
2026-03-17,000333,14:09:48,76.7500,18,2
2026-03-17,000333,14:09:51,76.7500,15,1
2026-03-17,000333,14:09:54,76.7600,61,1
2026-03-17,000333,14:09:57,76.7700,75,1
2026-03-17,000333,14:10:00,76.7700,33,1
2026-03-17,000333,14:10:03,76.7700,39,1
2026-03-17,000333,14:10:06,76.7700,40,1
2026-03-17,000333,14:10:09,76.7600,12,2
2026-03-17,000333,14:10:12,76.7700,16,1
2026-03-17,000333,14:10:15,76.7700,8,1
2026-03-17,000333,14:10:18,76.7700,8,1
2026-03-17,000333,14:10:21,76.7600,46,2
2026-03-17,000333,14:10:24,76.7600,23,1
2026-03-17,000333,14:10:27,76.7500,31,2
2026-03-17,000333,14:10:30,76.7500,27,1
2026-03-17,000333,14:10:33,76.7400,13,2
2026-03-17,000333,14:10:36,76.7500,40,1
2026-03-17,000333,14:10:39,76.7300,23,2
2026-03-17,000333,14:10:42,76.7300,6,2
2026-03-17,000333,14:10:45,76.7200,18,2
2026-03-17,000333,14:10:48,76.7200,15,2
2026-03-17,000333,14:10:51,76.7200,11,1
2026-03-17,000333,14:10:54,76.7200,20,1
2026-03-17,000333,14:10:57,76.7000,5,2
2026-03-17,000333,14:11:00,76.7100,21,1
2026-03-17,000333,14:11:03,76.7000,5,2
2026-03-17,000333,14:11:06,76.7000,16,2
2026-03-17,000333,14:11:09,76.7000,40,2
2026-03-17,000333,14:11:12,76.7100,12,1
2026-03-17,000333,14:11:15,76.7000,7,2
2026-03-17,000333,14:11:18,76.7000,27,2
2026-03-17,000333,14:11:21,76.7000,32,2
2026-03-17,000333,14:11:24,76.7000,25,2
2026-03-17,000333,14:11:27,76.7000,35,2
2026-03-17,000333,14:11:30,76.7000,10,2
2026-03-17,000333,14:11:33,76.7000,4,2
2026-03-17,000333,14:11:36,76.6900,87,2
2026-03-17,000333,14:11:39,76.6900,13,2
2026-03-17,000333,14:11:42,76.6900,9,1
2026-03-17,000333,14:11:45,76.6800,36,2
2026-03-17,000333,14:11:48,76.6800,25,2
2026-03-17,000333,14:11:51,76.7000,297,1
2026-03-17,000333,14:11:54,76.7500,190,1
2026-03-17,000333,14:11:57,76.7100,15,2
2026-03-17,000333,14:12:00,76.7500,17,1
2026-03-17,000333,14:12:03,76.7300,12,2
2026-03-17,000333,14:12:06,76.7500,139,1
2026-03-17,000333,14:12:09,76.7600,11,4
2026-03-17,000333,14:12:12,76.7500,63,2
2026-03-17,000333,14:12:15,76.7700,19,1
2026-03-17,000333,14:12:18,76.7500,11,2
2026-03-17,000333,14:12:21,76.7600,17,1
2026-03-17,000333,14:12:24,76.7600,32,1
2026-03-17,000333,14:12:27,76.7600,65,1
2026-03-17,000333,14:12:30,76.7800,8,1
2026-03-17,000333,14:12:33,76.7800,34,1
2026-03-17,000333,14:12:36,76.7800,72,1
2026-03-17,000333,14:12:39,76.8000,4,1
2026-03-17,000333,14:12:42,76.8000,12,1
2026-03-17,000333,14:12:45,76.8000,24,1
2026-03-17,000333,14:12:48,76.8000,13,1
2026-03-17,000333,14:12:51,76.8000,7,1
2026-03-17,000333,14:12:54,76.8000,3,1
2026-03-17,000333,14:12:57,76.8000,52,1
2026-03-17,000333,14:13:00,76.7900,36,4
2026-03-17,000333,14:13:03,76.8000,36,1
2026-03-17,000333,14:13:06,76.8000,10,1
2026-03-17,000333,14:13:09,76.7900,5,2
2026-03-17,000333,14:13:12,76.7900,34,2
2026-03-17,000333,14:13:15,76.7900,29,1
2026-03-17,000333,14:13:18,76.7800,7,2
2026-03-17,000333,14:13:21,76.7800,7,1
2026-03-17,000333,14:13:24,76.7800,5,1
2026-03-17,000333,14:13:27,76.7700,35,2
2026-03-17,000333,14:13:30,76.7700,5,1
2026-03-17,000333,14:13:33,76.7800,42,1
2026-03-17,000333,14:13:36,76.7700,177,1
2026-03-17,000333,14:13:39,76.7700,28,2
2026-03-17,000333,14:13:42,76.7600,13,2
2026-03-17,000333,14:13:45,76.7600,13,2
2026-03-17,000333,14:13:48,76.7600,75,2
2026-03-17,000333,14:13:51,76.7700,3,1
2026-03-17,000333,14:13:57,76.7700,54,1
2026-03-17,000333,14:14:00,76.7700,5,1
2026-03-17,000333,14:14:03,76.7800,7,1
2026-03-17,000333,14:14:06,76.7700,101,2
2026-03-17,000333,14:14:09,76.7900,34,1
2026-03-17,000333,14:14:12,76.7700,4,2
2026-03-17,000333,14:14:15,76.7800,9,1
2026-03-17,000333,14:14:18,76.7800,4,1
2026-03-17,000333,14:14:21,76.7800,4,1
2026-03-17,000333,14:14:24,76.7700,9,2
2026-03-17,000333,14:14:27,76.7700,4,2
2026-03-17,000333,14:14:30,76.7800,19,1
2026-03-17,000333,14:14:33,76.7700,13,2
2026-03-17,000333,14:14:36,76.7700,44,2
2026-03-17,000333,14:14:39,76.7700,25,1
2026-03-17,000333,14:14:42,76.7700,34,1
2026-03-17,000333,14:14:45,76.7600,19,2
2026-03-17,000333,14:14:48,76.7600,26,2
2026-03-17,000333,14:14:51,76.7600,130,2
2026-03-17,000333,14:14:54,76.7700,12,1
2026-03-17,000333,14:14:57,76.7600,5,2
2026-03-17,000333,14:15:00,76.7700,21,1
2026-03-17,000333,14:15:03,76.7600,15,2
2026-03-17,000333,14:15:06,76.7700,42,1
2026-03-17,000333,14:15:09,76.7800,46,1
2026-03-17,000333,14:15:12,76.7600,2,2
2026-03-17,000333,14:15:15,76.7800,65,1
2026-03-17,000333,14:15:18,76.7600,46,2
2026-03-17,000333,14:15:21,76.7800,36,1
2026-03-17,000333,14:15:24,76.7700,2,1
2026-03-17,000333,14:15:27,76.7700,111,1
2026-03-17,000333,14:15:30,76.7400,444,2
2026-03-17,000333,14:15:33,76.7600,64,1
2026-03-17,000333,14:15:36,76.7700,55,1
2026-03-17,000333,14:15:39,76.7600,45,1
2026-03-17,000333,14:15:42,76.7500,8,2
2026-03-17,000333,14:15:45,76.7600,40,1
2026-03-17,000333,14:15:48,76.7500,4,4
2026-03-17,000333,14:15:51,76.7500,21,1
2026-03-17,000333,14:15:54,76.7500,4,1
2026-03-17,000333,14:15:57,76.7500,17,1
2026-03-17,000333,14:16:00,76.7700,481,1
2026-03-17,000333,14:16:03,76.7800,67,1
2026-03-17,000333,14:16:06,76.8500,144,1
2026-03-17,000333,14:16:09,76.8400,1,1
2026-03-17,000333,14:16:12,76.8000,108,2
2026-03-17,000333,14:16:15,76.8100,31,4
2026-03-17,000333,14:16:18,76.8000,7,2
2026-03-17,000333,14:16:21,76.8200,16,1
2026-03-17,000333,14:16:24,76.8200,39,1
2026-03-17,000333,14:16:27,76.8300,33,1
2026-03-17,000333,14:16:30,76.8300,11,1
2026-03-17,000333,14:16:33,76.8000,81,2
2026-03-17,000333,14:16:36,76.7900,26,4
2026-03-17,000333,14:16:39,76.7900,24,1
2026-03-17,000333,14:16:42,76.8000,1,2
2026-03-17,000333,14:16:45,76.8200,23,1
2026-03-17,000333,14:16:48,76.8200,3,1
2026-03-17,000333,14:16:51,76.8200,4,1
2026-03-17,000333,14:16:54,76.8200,46,1
2026-03-17,000333,14:16:57,76.8200,11,1
2026-03-17,000333,14:17:00,76.8100,12,1
2026-03-17,000333,14:17:03,76.8000,2,2
2026-03-17,000333,14:17:06,76.7900,40,2
2026-03-17,000333,14:17:09,76.7900,21,2
2026-03-17,000333,14:17:12,76.7800,3,2
2026-03-17,000333,14:17:15,76.7900,57,1
2026-03-17,000333,14:17:18,76.7900,9,1
2026-03-17,000333,14:17:21,76.8100,101,1
2026-03-17,000333,14:17:24,76.8100,41,2
2026-03-17,000333,14:17:27,76.8100,23,2
2026-03-17,000333,14:17:30,76.8100,136,2
2026-03-17,000333,14:17:33,76.8100,25,2
2026-03-17,000333,14:17:39,76.8100,14,1
2026-03-17,000333,14:17:42,76.7900,38,2
2026-03-17,000333,14:17:45,76.7900,7,2
2026-03-17,000333,14:17:48,76.8000,8,1
2026-03-17,000333,14:17:51,76.7800,7,2
2026-03-17,000333,14:17:54,76.7700,22,2
2026-03-17,000333,14:17:57,76.7700,6,2
2026-03-17,000333,14:18:00,76.7700,2,2
2026-03-17,000333,14:18:03,76.7700,17,1
2026-03-17,000333,14:18:06,76.7700,19,1
2026-03-17,000333,14:18:09,76.7700,38,1
2026-03-17,000333,14:18:12,76.7700,30,1
2026-03-17,000333,14:18:15,76.7600,9,1
2026-03-17,000333,14:18:18,76.7500,2,2
2026-03-17,000333,14:18:21,76.7500,154,2
2026-03-17,000333,14:18:24,76.7500,15,1
2026-03-17,000333,14:18:27,76.7400,59,2
2026-03-17,000333,14:18:30,76.7500,12,4
2026-03-17,000333,14:18:33,76.7400,13,2
2026-03-17,000333,14:18:36,76.7400,18,2
2026-03-17,000333,14:18:39,76.7300,24,2
2026-03-17,000333,14:18:45,76.7300,10,2
2026-03-17,000333,14:18:48,76.7300,6,2
2026-03-17,000333,14:18:51,76.7300,20,2
2026-03-17,000333,14:18:54,76.7300,52,2
2026-03-17,000333,14:18:57,76.7200,14,2
2026-03-17,000333,14:19:00,76.7200,8,2
2026-03-17,000333,14:19:03,76.7200,19,2
2026-03-17,000333,14:19:06,76.7300,18,1
2026-03-17,000333,14:19:09,76.7200,38,2
2026-03-17,000333,14:19:12,76.7300,539,1
2026-03-17,000333,14:19:15,76.6900,2,2
2026-03-17,000333,14:19:18,76.7200,8,1
2026-03-17,000333,14:19:21,76.7200,7,1
2026-03-17,000333,14:19:24,76.7100,16,4
2026-03-17,000333,14:19:27,76.7000,41,2
2026-03-17,000333,14:19:30,76.7200,14,4
2026-03-17,000333,14:19:33,76.7100,8,2
2026-03-17,000333,14:19:36,76.7500,54,1
2026-03-17,000333,14:19:39,76.7100,4,2
2026-03-17,000333,14:19:42,76.7300,14,2
2026-03-17,000333,14:19:45,76.7500,7,1
2026-03-17,000333,14:19:48,76.7400,1,4
2026-03-17,000333,14:19:51,76.7400,1,4
2026-03-17,000333,14:19:54,76.7300,13,2
2026-03-17,000333,14:19:57,76.7200,7,2
2026-03-17,000333,14:20:00,76.7200,9,2
2026-03-17,000333,14:20:03,76.7100,24,2
2026-03-17,000333,14:20:06,76.7100,123,2
2026-03-17,000333,14:20:09,76.7400,62,1
2026-03-17,000333,14:20:12,76.7700,32,1
2026-03-17,000333,14:20:15,76.7700,27,1
2026-03-17,000333,14:20:18,76.7900,16,1
2026-03-17,000333,14:20:21,76.7700,10,2
2026-03-17,000333,14:20:24,76.7500,225,2
2026-03-17,000333,14:20:27,76.7400,218,2
2026-03-17,000333,14:20:30,76.7500,21,1
2026-03-17,000333,14:20:33,76.7400,4,2
2026-03-17,000333,14:20:36,76.7500,12,1
2026-03-17,000333,14:20:39,76.7500,54,1
2026-03-17,000333,14:20:42,76.7300,1,2
2026-03-17,000333,14:20:45,76.7400,77,1
2026-03-17,000333,14:20:48,76.7500,23,1
2026-03-17,000333,14:20:51,76.7400,13,2
2026-03-17,000333,14:20:54,76.7300,33,2
2026-03-17,000333,14:20:57,76.7300,13,2
2026-03-17,000333,14:21:00,76.7300,6,2
2026-03-17,000333,14:21:03,76.7300,15,1
2026-03-17,000333,14:21:06,76.7300,25,1
2026-03-17,000333,14:21:09,76.7300,3,1
2026-03-17,000333,14:21:12,76.7300,9,1
2026-03-17,000333,14:21:15,76.7200,19,2
2026-03-17,000333,14:21:18,76.7300,27,1
2026-03-17,000333,14:21:21,76.7200,14,2
2026-03-17,000333,14:21:24,76.7300,27,1
2026-03-17,000333,14:21:27,76.7300,10,1
2026-03-17,000333,14:21:30,76.7300,3,1
2026-03-17,000333,14:21:33,76.7300,1,1
2026-03-17,000333,14:21:36,76.7200,27,2
2026-03-17,000333,14:21:39,76.7200,12,2
2026-03-17,000333,14:21:42,76.7200,28,2
2026-03-17,000333,14:21:45,76.7200,20,2
2026-03-17,000333,14:21:48,76.7300,34,1
2026-03-17,000333,14:21:51,76.7200,31,2
2026-03-17,000333,14:21:54,76.7200,59,2
2026-03-17,000333,14:21:57,76.7100,18,2
2026-03-17,000333,14:22:00,76.7100,11,2
2026-03-17,000333,14:22:03,76.7000,147,2
2026-03-17,000333,14:22:06,76.7200,2,1
2026-03-17,000333,14:22:09,76.7200,12,2
2026-03-17,000333,14:22:12,76.7200,14,2
2026-03-17,000333,14:22:15,76.7200,14,1
2026-03-17,000333,14:22:18,76.7300,3,1
2026-03-17,000333,14:22:21,76.7200,27,2
2026-03-17,000333,14:22:24,76.7200,650,4
2026-03-17,000333,14:22:27,76.7100,40,2
2026-03-17,000333,14:22:30,76.7100,27,2
2026-03-17,000333,14:22:33,76.7100,33,2
2026-03-17,000333,14:22:36,76.7100,6,1
2026-03-17,000333,14:22:39,76.7100,3,1
2026-03-17,000333,14:22:42,76.7100,3,1
2026-03-17,000333,14:22:45,76.7000,29,2
2026-03-17,000333,14:22:48,76.7000,2,2
2026-03-17,000333,14:22:51,76.7000,36,2
2026-03-17,000333,14:22:54,76.7000,19,2
2026-03-17,000333,14:22:57,76.7000,33,2
2026-03-17,000333,14:23:00,76.7000,14,2
2026-03-17,000333,14:23:03,76.7100,57,1
2026-03-17,000333,14:23:06,76.7000,65,2
2026-03-17,000333,14:23:09,76.7000,18,2
2026-03-17,000333,14:23:12,76.7000,14,2
2026-03-17,000333,14:23:15,76.7000,1,2
2026-03-17,000333,14:23:18,76.7100,38,1
2026-03-17,000333,14:23:21,76.7100,42,1
2026-03-17,000333,14:23:24,76.7000,33,4
2026-03-17,000333,14:23:27,76.7000,10,2
2026-03-17,000333,14:23:30,76.7000,42,1
2026-03-17,000333,14:23:33,76.6900,20,2
2026-03-17,000333,14:23:36,76.6900,4,2
2026-03-17,000333,14:23:39,76.6900,16,2
2026-03-17,000333,14:23:42,76.6500,542,2
2026-03-17,000333,14:23:45,76.6700,6,4
2026-03-17,000333,14:23:48,76.6800,31,1
2026-03-17,000333,14:23:51,76.6800,18,1
2026-03-17,000333,14:23:54,76.6600,41,2
2026-03-17,000333,14:23:57,76.6900,13,1
2026-03-17,000333,14:24:00,76.7000,102,1
2026-03-17,000333,14:24:03,76.7000,53,1
2026-03-17,000333,14:24:06,76.7100,60,1
2026-03-17,000333,14:24:09,76.7100,58,1
2026-03-17,000333,14:24:12,76.7300,79,1
2026-03-17,000333,14:24:15,76.7300,50,1
2026-03-17,000333,14:24:18,76.7500,16,1
2026-03-17,000333,14:24:21,76.7500,3,1
2026-03-17,000333,14:24:24,76.7400,46,1
2026-03-17,000333,14:24:27,76.7400,13,2
2026-03-17,000333,14:24:30,76.7400,6,1
2026-03-17,000333,14:24:33,76.7300,51,2
2026-03-17,000333,14:24:36,76.7300,5,1
2026-03-17,000333,14:24:39,76.7300,7,1
2026-03-17,000333,14:24:42,76.7200,27,2
2026-03-17,000333,14:24:45,76.7300,25,1
2026-03-17,000333,14:24:48,76.7400,3,1
2026-03-17,000333,14:24:51,76.7300,22,2
2026-03-17,000333,14:24:54,76.7500,28,1
2026-03-17,000333,14:24:57,76.7400,18,1
2026-03-17,000333,14:25:00,76.7500,26,1
2026-03-17,000333,14:25:03,76.7500,27,1
2026-03-17,000333,14:25:06,76.7500,44,1
2026-03-17,000333,14:25:09,76.7800,43,1
2026-03-17,000333,14:25:12,76.8000,11,1
2026-03-17,000333,14:25:15,76.7800,3,1
2026-03-17,000333,14:25:18,76.7600,19,2
2026-03-17,000333,14:25:21,76.7500,22,2
2026-03-17,000333,14:25:24,76.7500,15,1
2026-03-17,000333,14:25:27,76.7400,2,2
2026-03-17,000333,14:25:30,76.7500,53,1
2026-03-17,000333,14:25:33,76.7400,35,2
2026-03-17,000333,14:25:36,76.7400,96,2
2026-03-17,000333,14:25:39,76.7400,30,2
2026-03-17,000333,14:25:42,76.7400,8,2
2026-03-17,000333,14:25:45,76.7400,33,2
2026-03-17,000333,14:25:48,76.7400,24,2
2026-03-17,000333,14:25:51,76.7400,44,1
2026-03-17,000333,14:25:54,76.7300,11,1
2026-03-17,000333,14:25:57,76.7300,1,1
2026-03-17,000333,14:26:00,76.7200,22,2
2026-03-17,000333,14:26:03,76.7200,12,2
2026-03-17,000333,14:26:06,76.7300,3,1
2026-03-17,000333,14:26:09,76.7300,20,1
2026-03-17,000333,14:26:12,76.7300,122,1
2026-03-17,000333,14:26:15,76.7200,40,2
2026-03-17,000333,14:26:18,76.7300,4,1
2026-03-17,000333,14:26:21,76.7200,69,2
2026-03-17,000333,14:26:24,76.7200,19,2
2026-03-17,000333,14:26:27,76.7100,21,2
2026-03-17,000333,14:26:30,76.7200,2,1
2026-03-17,000333,14:26:33,76.7100,10,2
2026-03-17,000333,14:26:39,76.7100,46,2
2026-03-17,000333,14:26:42,76.7200,25,1
2026-03-17,000333,14:26:45,76.7200,5,1
2026-03-17,000333,14:26:48,76.7100,3,2
2026-03-17,000333,14:26:51,76.7200,15,1
2026-03-17,000333,14:26:54,76.7100,1,2
2026-03-17,000333,14:26:57,76.7100,46,2
2026-03-17,000333,14:27:00,76.7100,10,2
2026-03-17,000333,14:27:03,76.7100,48,2
2026-03-17,000333,14:27:06,76.7200,39,1
2026-03-17,000333,14:27:09,76.7100,5,2
2026-03-17,000333,14:27:12,76.7200,11,1
2026-03-17,000333,14:27:15,76.7100,35,2
2026-03-17,000333,14:27:18,76.7100,19,1
2026-03-17,000333,14:27:21,76.7000,26,2
2026-03-17,000333,14:27:24,76.7000,46,2
2026-03-17,000333,14:27:27,76.7100,309,1
2026-03-17,000333,14:27:30,76.7100,81,2
2026-03-17,000333,14:27:33,76.7100,9,2
2026-03-17,000333,14:27:36,76.7100,11,2
2026-03-17,000333,14:27:39,76.7200,14,1
2026-03-17,000333,14:27:42,76.7100,24,2
2026-03-17,000333,14:27:48,76.7100,1,2
2026-03-17,000333,14:27:51,76.7200,8,1
2026-03-17,000333,14:27:54,76.7100,241,2
2026-03-17,000333,14:27:57,76.7100,99,2
2026-03-17,000333,14:28:00,76.7100,47,2
2026-03-17,000333,14:28:03,76.7000,168,2
2026-03-17,000333,14:28:06,76.7000,108,2
2026-03-17,000333,14:28:09,76.7000,71,2
2026-03-17,000333,14:28:12,76.6900,3,2
2026-03-17,000333,14:28:15,76.6900,45,2
2026-03-17,000333,14:28:18,76.6800,32,2
2026-03-17,000333,14:28:21,76.6800,47,2
2026-03-17,000333,14:28:24,76.6800,15,2
2026-03-17,000333,14:28:27,76.6700,61,2
2026-03-17,000333,14:28:30,76.6800,44,1
2026-03-17,000333,14:28:33,76.6800,47,2
2026-03-17,000333,14:28:36,76.6800,52,1
2026-03-17,000333,14:28:39,76.6900,27,2
2026-03-17,000333,14:28:42,76.7000,20,1
2026-03-17,000333,14:28:45,76.7000,42,2
2026-03-17,000333,14:28:48,76.7200,24,1
2026-03-17,000333,14:28:51,76.7100,1,4
2026-03-17,000333,14:28:54,76.6900,8,2
2026-03-17,000333,14:28:57,76.6900,15,2
2026-03-17,000333,14:29:00,76.6900,22,2
2026-03-17,000333,14:29:03,76.7000,13,1
2026-03-17,000333,14:29:06,76.6800,7,2
2026-03-17,000333,14:29:09,76.6800,29,2
2026-03-17,000333,14:29:12,76.6900,18,1
2026-03-17,000333,14:29:15,76.6800,22,2
2026-03-17,000333,14:29:18,76.6900,29,1
2026-03-17,000333,14:29:21,76.6900,49,2
2026-03-17,000333,14:29:24,76.6900,20,2
2026-03-17,000333,14:29:27,76.6900,5,2
2026-03-17,000333,14:29:30,76.7000,26,1
2026-03-17,000333,14:29:33,76.6800,9,2
2026-03-17,000333,14:29:36,76.6900,18,1
2026-03-17,000333,14:29:39,76.6800,4,2
2026-03-17,000333,14:29:45,76.6800,21,2
2026-03-17,000333,14:29:48,76.6800,39,2
2026-03-17,000333,14:29:51,76.6900,126,1
2026-03-17,000333,14:29:54,76.6800,51,2
2026-03-17,000333,14:29:57,76.6800,29,2
2026-03-17,000333,14:30:00,76.6700,38,2
2026-03-17,000333,14:30:03,76.6800,56,1
2026-03-17,000333,14:30:06,76.7000,20,1
2026-03-17,000333,14:30:09,76.6800,35,2
2026-03-17,000333,14:30:12,76.6800,8,1
2026-03-17,000333,14:30:15,76.6800,18,1
2026-03-17,000333,14:30:18,76.6900,28,1
2026-03-17,000333,14:30:21,76.6700,5,2
2026-03-17,000333,14:30:24,76.6800,2,1
2026-03-17,000333,14:30:27,76.6700,1,2
2026-03-17,000333,14:30:30,76.6800,57,1
2026-03-17,000333,14:30:33,76.6800,33,1
2026-03-17,000333,14:30:36,76.6700,30,1
2026-03-17,000333,14:30:39,76.6600,104,2
2026-03-17,000333,14:30:42,76.6600,22,2
2026-03-17,000333,14:30:45,76.6400,248,2
2026-03-17,000333,14:30:48,76.6600,64,1
2026-03-17,000333,14:30:51,76.6600,35,2
2026-03-17,000333,14:30:54,76.6400,25,2
2026-03-17,000333,14:30:57,76.6500,34,2
2026-03-17,000333,14:31:00,76.6600,13,1
2026-03-17,000333,14:31:03,76.6700,119,1
2026-03-17,000333,14:31:06,76.6700,104,2
2026-03-17,000333,14:31:09,76.6700,1,4
2026-03-17,000333,14:31:12,76.6800,36,1
2026-03-17,000333,14:31:15,76.7000,27,1
2026-03-17,000333,14:31:18,76.6900,21,4
2026-03-17,000333,14:31:21,76.6800,8,2
2026-03-17,000333,14:31:24,76.6800,3,1
2026-03-17,000333,14:31:27,76.6800,11,1
2026-03-17,000333,14:31:30,76.6800,6,1
2026-03-17,000333,14:31:33,76.6800,5,1
2026-03-17,000333,14:31:36,76.6700,42,2
2026-03-17,000333,14:31:39,76.6700,27,2
2026-03-17,000333,14:31:42,76.6700,11,2
2026-03-17,000333,14:31:45,76.6800,39,1
2026-03-17,000333,14:31:48,76.6800,124,1
2026-03-17,000333,14:31:51,76.6800,21,2
2026-03-17,000333,14:31:57,76.6600,49,2
2026-03-17,000333,14:32:00,76.6800,2,1
2026-03-17,000333,14:32:03,76.6700,15,2
2026-03-17,000333,14:32:06,76.6700,11,2
2026-03-17,000333,14:32:09,76.6800,40,1
2026-03-17,000333,14:32:12,76.6700,16,2
2026-03-17,000333,14:32:15,76.6700,1,1
2026-03-17,000333,14:32:18,76.6700,15,1
2026-03-17,000333,14:32:21,76.6700,29,1
2026-03-17,000333,14:32:24,76.6600,39,2
2026-03-17,000333,14:32:27,76.6700,40,1
2026-03-17,000333,14:32:30,76.6700,25,1
2026-03-17,000333,14:32:33,76.6600,52,2
2026-03-17,000333,14:32:36,76.6600,30,2
2026-03-17,000333,14:32:39,76.6600,4,1
2026-03-17,000333,14:32:42,76.6700,83,1
2026-03-17,000333,14:32:45,76.6600,4,4
2026-03-17,000333,14:32:48,76.6600,11,2
2026-03-17,000333,14:32:51,76.6700,2,1
2026-03-17,000333,14:32:54,76.6600,34,2
2026-03-17,000333,14:32:57,76.6600,20,1
2026-03-17,000333,14:33:00,76.6700,19,1
2026-03-17,000333,14:33:03,76.6700,23,1
2026-03-17,000333,14:33:06,76.6700,22,1
2026-03-17,000333,14:33:09,76.6600,32,2
2026-03-17,000333,14:33:12,76.6600,31,2
2026-03-17,000333,14:33:15,76.6700,95,1
2026-03-17,000333,14:33:18,76.7000,109,1
2026-03-17,000333,14:33:21,76.7100,55,1
2026-03-17,000333,14:33:24,76.6800,24,2
2026-03-17,000333,14:33:27,76.7100,47,1
2026-03-17,000333,14:33:30,76.7100,39,2
2026-03-17,000333,14:33:33,76.7100,54,1
2026-03-17,000333,14:33:36,76.7200,157,1
2026-03-17,000333,14:33:39,76.7300,61,1
2026-03-17,000333,14:33:42,76.7400,62,1
2026-03-17,000333,14:33:45,76.7400,31,2
2026-03-17,000333,14:33:48,76.7500,10,1
2026-03-17,000333,14:33:51,76.7900,39,1
2026-03-17,000333,14:33:54,76.7900,51,1
2026-03-17,000333,14:33:57,76.7600,2,2
2026-03-17,000333,14:34:00,76.7800,54,1
2026-03-17,000333,14:34:03,76.7700,37,2
2026-03-17,000333,14:34:06,76.7700,24,4
2026-03-17,000333,14:34:09,76.7700,11,4
2026-03-17,000333,14:34:12,76.7700,28,1
2026-03-17,000333,14:34:15,76.7700,17,2
2026-03-17,000333,14:34:18,76.7700,9,2
2026-03-17,000333,14:34:21,76.7700,13,1
2026-03-17,000333,14:34:24,76.7700,14,1
2026-03-17,000333,14:34:27,76.7600,70,2
2026-03-17,000333,14:34:30,76.7500,21,2
2026-03-17,000333,14:34:33,76.7500,9,2
2026-03-17,000333,14:34:36,76.7500,19,1
2026-03-17,000333,14:34:39,76.7400,13,2
2026-03-17,000333,14:34:42,76.7400,43,1
2026-03-17,000333,14:34:45,76.7400,32,1
2026-03-17,000333,14:34:48,76.7600,43,1
2026-03-17,000333,14:34:51,76.7700,36,1
2026-03-17,000333,14:34:54,76.7500,19,2
2026-03-17,000333,14:34:57,76.7400,46,2
2026-03-17,000333,14:35:00,76.7400,18,1
2026-03-17,000333,14:35:03,76.7300,17,2
2026-03-17,000333,14:35:06,76.7300,10,1
2026-03-17,000333,14:35:09,76.7300,36,1
2026-03-17,000333,14:35:12,76.7400,14,1
2026-03-17,000333,14:35:15,76.7500,26,1
2026-03-17,000333,14:35:18,76.7400,70,2
2026-03-17,000333,14:35:21,76.7500,23,2
2026-03-17,000333,14:35:24,76.7400,24,2
2026-03-17,000333,14:35:27,76.7500,5,2
2026-03-17,000333,14:35:30,76.7500,3,1
2026-03-17,000333,14:35:33,76.7500,11,1
2026-03-17,000333,14:35:36,76.7400,7,2
2026-03-17,000333,14:35:39,76.7400,50,2
2026-03-17,000333,14:35:42,76.7300,51,2
2026-03-17,000333,14:35:45,76.7400,2,1
2026-03-17,000333,14:35:51,76.7300,26,2
2026-03-17,000333,14:35:54,76.7300,26,2
2026-03-17,000333,14:35:57,76.7200,25,2
2026-03-17,000333,14:36:00,76.7200,24,1
2026-03-17,000333,14:36:03,76.7200,125,1
2026-03-17,000333,14:36:06,76.7100,31,1
2026-03-17,000333,14:36:09,76.7300,24,1
2026-03-17,000333,14:36:12,76.7100,11,2
2026-03-17,000333,14:36:15,76.7500,6,1
2026-03-17,000333,14:36:18,76.7500,1,1
2026-03-17,000333,14:36:21,76.7400,6,4
2026-03-17,000333,14:36:24,76.7300,17,2
2026-03-17,000333,14:36:27,76.7400,22,1
2026-03-17,000333,14:36:30,76.7200,14,2
2026-03-17,000333,14:36:33,76.7200,5,2
2026-03-17,000333,14:36:36,76.7300,43,1
2026-03-17,000333,14:36:39,76.7200,49,2
2026-03-17,000333,14:36:42,76.7100,107,2
2026-03-17,000333,14:36:45,76.7000,13,2
2026-03-17,000333,14:36:48,76.7000,17,2
2026-03-17,000333,14:36:51,76.7000,19,2
2026-03-17,000333,14:36:54,76.6900,17,2
2026-03-17,000333,14:36:57,76.6900,10,2
2026-03-17,000333,14:37:00,76.7000,45,1
2026-03-17,000333,14:37:03,76.7100,85,1
2026-03-17,000333,14:37:06,76.6900,31,2
2026-03-17,000333,14:37:09,76.7000,20,1
2026-03-17,000333,14:37:12,76.7000,15,1
2026-03-17,000333,14:37:15,76.7100,22,1
2026-03-17,000333,14:37:18,76.7200,20,1
2026-03-17,000333,14:37:21,76.7200,85,1
2026-03-17,000333,14:37:24,76.7200,29,1
2026-03-17,000333,14:37:27,76.7200,19,1
2026-03-17,000333,14:37:30,76.7200,34,1
2026-03-17,000333,14:37:33,76.7100,34,2
2026-03-17,000333,14:37:36,76.7100,24,2
2026-03-17,000333,14:37:39,76.7200,13,1
2026-03-17,000333,14:37:42,76.7200,1,1
2026-03-17,000333,14:37:45,76.7200,18,1
2026-03-17,000333,14:37:48,76.7200,13,1
2026-03-17,000333,14:37:51,76.7100,6,2
2026-03-17,000333,14:37:54,76.7200,29,1
2026-03-17,000333,14:37:57,76.7100,17,2
2026-03-17,000333,14:38:00,76.7100,3,1
2026-03-17,000333,14:38:03,76.7000,31,2
2026-03-17,000333,14:38:06,76.7000,33,2
2026-03-17,000333,14:38:09,76.7000,6,2
2026-03-17,000333,14:38:12,76.7100,9,1
2026-03-17,000333,14:38:15,76.7000,17,2
2026-03-17,000333,14:38:18,76.7100,5,1
2026-03-17,000333,14:38:21,76.7000,20,2
2026-03-17,000333,14:38:24,76.7000,41,2
2026-03-17,000333,14:38:27,76.7000,37,1
2026-03-17,000333,14:38:30,76.6900,1,2
2026-03-17,000333,14:38:33,76.6900,16,2
2026-03-17,000333,14:38:36,76.7000,811,1
2026-03-17,000333,14:38:39,76.6700,29,2
2026-03-17,000333,14:38:42,76.6300,37,2
2026-03-17,000333,14:38:45,76.6600,14,1
2026-03-17,000333,14:38:51,76.6500,79,2
2026-03-17,000333,14:38:54,76.6400,69,4
2026-03-17,000333,14:38:57,76.6700,13,1
2026-03-17,000333,14:39:00,76.6600,15,4
2026-03-17,000333,14:39:03,76.6500,23,2
2026-03-17,000333,14:39:06,76.6500,45,2
2026-03-17,000333,14:39:09,76.6600,20,1
2026-03-17,000333,14:39:12,76.6500,11,2
2026-03-17,000333,14:39:15,76.6600,14,1
2026-03-17,000333,14:39:18,76.6700,35,1
2026-03-17,000333,14:39:21,76.6800,57,1
2026-03-17,000333,14:39:24,76.6600,111,2
2026-03-17,000333,14:39:27,76.6500,27,2
2026-03-17,000333,14:39:30,76.6600,66,1
2026-03-17,000333,14:39:33,76.6800,28,1
2026-03-17,000333,14:39:36,76.6700,12,1
2026-03-17,000333,14:39:39,76.6600,24,2
2026-03-17,000333,14:39:42,76.6500,5,2
2026-03-17,000333,14:39:45,76.6500,65,2
2026-03-17,000333,14:39:48,76.6500,25,4
2026-03-17,000333,14:39:51,76.6400,27,2
2026-03-17,000333,14:39:54,76.6400,152,1
2026-03-17,000333,14:39:57,76.6400,65,1
2026-03-17,000333,14:40:00,76.6400,21,1
2026-03-17,000333,14:40:03,76.6200,29,2
2026-03-17,000333,14:40:06,76.6300,24,1
2026-03-17,000333,14:40:09,76.6400,17,1
2026-03-17,000333,14:40:12,76.6400,12,1
2026-03-17,000333,14:40:15,76.6700,126,1
2026-03-17,000333,14:40:18,76.6700,18,1
2026-03-17,000333,14:40:21,76.6500,29,2
2026-03-17,000333,14:40:24,76.6500,18,1
2026-03-17,000333,14:40:27,76.6500,41,1
2026-03-17,000333,14:40:30,76.6600,33,4
2026-03-17,000333,14:40:33,76.6400,8,2
2026-03-17,000333,14:40:36,76.6500,34,1
2026-03-17,000333,14:40:39,76.6700,59,1
2026-03-17,000333,14:40:42,76.6500,27,1
2026-03-17,000333,14:40:45,76.6800,45,1
2026-03-17,000333,14:40:48,76.7000,34,1
2026-03-17,000333,14:40:51,76.6700,32,2
2026-03-17,000333,14:40:54,76.6800,1,1
2026-03-17,000333,14:40:57,76.6800,9,1
2026-03-17,000333,14:41:00,76.6800,46,1
2026-03-17,000333,14:41:03,76.6800,42,1
2026-03-17,000333,14:41:06,76.6700,4,2
2026-03-17,000333,14:41:09,76.6700,85,2
2026-03-17,000333,14:41:12,76.6700,24,1
2026-03-17,000333,14:41:15,76.6700,28,1
2026-03-17,000333,14:41:18,76.6700,12,1
2026-03-17,000333,14:41:21,76.6600,32,2
2026-03-17,000333,14:41:24,76.6700,43,1
2026-03-17,000333,14:41:27,76.6900,104,1
2026-03-17,000333,14:41:30,76.6800,14,1
2026-03-17,000333,14:41:33,76.6900,8,1
2026-03-17,000333,14:41:36,76.6800,7,2
2026-03-17,000333,14:41:39,76.6900,224,1
2026-03-17,000333,14:41:42,76.7000,18,1
2026-03-17,000333,14:41:45,76.7000,78,1
2026-03-17,000333,14:41:48,76.7000,17,2
2026-03-17,000333,14:41:51,76.7000,45,2
2026-03-17,000333,14:41:54,76.7000,12,2
2026-03-17,000333,14:41:57,76.7000,19,2
2026-03-17,000333,14:42:00,76.7100,18,1
2026-03-17,000333,14:42:03,76.7000,29,2
2026-03-17,000333,14:42:06,76.7000,36,2
2026-03-17,000333,14:42:09,76.7100,2,1
2026-03-17,000333,14:42:12,76.7000,80,2
2026-03-17,000333,14:42:15,76.7000,36,1
2026-03-17,000333,14:42:18,76.7100,23,1
2026-03-17,000333,14:42:21,76.7000,31,2
2026-03-17,000333,14:42:24,76.7200,20,1
2026-03-17,000333,14:42:27,76.7300,22,1
2026-03-17,000333,14:42:30,76.7200,7,1
2026-03-17,000333,14:42:33,76.7200,10,1
2026-03-17,000333,14:42:36,76.7200,39,1
2026-03-17,000333,14:42:39,76.7100,25,2
2026-03-17,000333,14:42:42,76.7200,6,1
2026-03-17,000333,14:42:45,76.7300,35,1
2026-03-17,000333,14:42:48,76.7300,36,1
2026-03-17,000333,14:42:51,76.7400,19,1
2026-03-17,000333,14:42:54,76.7300,31,1
2026-03-17,000333,14:42:57,76.7400,47,1
2026-03-17,000333,14:43:00,76.7200,17,2
2026-03-17,000333,14:43:03,76.7400,47,1
2026-03-17,000333,14:43:06,76.7300,17,1
2026-03-17,000333,14:43:09,76.7200,52,2
2026-03-17,000333,14:43:12,76.7200,23,1
2026-03-17,000333,14:43:15,76.7200,18,1
2026-03-17,000333,14:43:18,76.7100,5,2
2026-03-17,000333,14:43:21,76.7200,30,1
2026-03-17,000333,14:43:24,76.7100,74,2
2026-03-17,000333,14:43:27,76.7100,17,2
2026-03-17,000333,14:43:30,76.7100,48,2
2026-03-17,000333,14:43:33,76.7000,12,2
2026-03-17,000333,14:43:36,76.7100,1,1
2026-03-17,000333,14:43:39,76.7100,1,1
2026-03-17,000333,14:43:45,76.7000,15,2
2026-03-17,000333,14:43:48,76.7100,45,1
2026-03-17,000333,14:43:51,76.7100,76,1
2026-03-17,000333,14:43:54,76.7000,78,2
2026-03-17,000333,14:43:57,76.7000,11,2
2026-03-17,000333,14:44:00,76.6900,24,2
2026-03-17,000333,14:44:03,76.7000,37,1
2026-03-17,000333,14:44:06,76.6900,4,4
2026-03-17,000333,14:44:09,76.7000,2,1
2026-03-17,000333,14:44:12,76.6900,11,2
2026-03-17,000333,14:44:15,76.7000,51,1
2026-03-17,000333,14:44:18,76.7000,6,1
2026-03-17,000333,14:44:21,76.6900,57,2
2026-03-17,000333,14:44:24,76.6900,25,2
2026-03-17,000333,14:44:27,76.6900,9,2
2026-03-17,000333,14:44:30,76.6900,18,1
2026-03-17,000333,14:44:33,76.6800,17,2
2026-03-17,000333,14:44:36,76.6900,27,1
2026-03-17,000333,14:44:39,76.6900,11,1
2026-03-17,000333,14:44:42,76.6900,8,1
2026-03-17,000333,14:44:45,76.6800,6,2
2026-03-17,000333,14:44:48,76.6900,16,1
2026-03-17,000333,14:44:51,76.6900,1,1
2026-03-17,000333,14:44:54,76.6800,24,2
2026-03-17,000333,14:44:57,76.6800,35,2
2026-03-17,000333,14:45:00,76.6900,15,1
2026-03-17,000333,14:45:03,76.6900,67,1
2026-03-17,000333,14:45:06,76.6800,12,2
2026-03-17,000333,14:45:09,76.6900,146,1
2026-03-17,000333,14:45:12,76.6900,64,1
2026-03-17,000333,14:45:15,76.6900,152,2
2026-03-17,000333,14:45:18,76.7000,32,1
2026-03-17,000333,14:45:21,76.7100,28,1
2026-03-17,000333,14:45:24,76.7100,21,1
2026-03-17,000333,14:45:27,76.7100,2,1
2026-03-17,000333,14:45:30,76.7100,98,1
2026-03-17,000333,14:45:33,76.6900,16,2
2026-03-17,000333,14:45:36,76.7000,18,1
2026-03-17,000333,14:45:39,76.7000,34,1
2026-03-17,000333,14:45:42,76.7000,48,1
2026-03-17,000333,14:45:45,76.7000,27,1
2026-03-17,000333,14:45:48,76.7000,20,1
2026-03-17,000333,14:45:51,76.7000,85,1
2026-03-17,000333,14:45:54,76.7000,44,1
2026-03-17,000333,14:45:57,76.7000,67,1
2026-03-17,000333,14:46:00,76.7000,45,2
2026-03-17,000333,14:46:03,76.7200,15,1
2026-03-17,000333,14:46:06,76.7200,76,1
2026-03-17,000333,14:46:09,76.7200,12,1
2026-03-17,000333,14:46:12,76.7000,17,2
2026-03-17,000333,14:46:15,76.7000,9,2
2026-03-17,000333,14:46:18,76.7000,15,2
2026-03-17,000333,14:46:21,76.7000,27,2
2026-03-17,000333,14:46:24,76.7000,8,2
2026-03-17,000333,14:46:27,76.7000,20,2
2026-03-17,000333,14:46:30,76.7100,32,1
2026-03-17,000333,14:46:33,76.7000,58,2
2026-03-17,000333,14:46:36,76.7000,66,2
2026-03-17,000333,14:46:39,76.7000,10,1
2026-03-17,000333,14:46:42,76.6900,1,2
2026-03-17,000333,14:46:45,76.7000,12,1
2026-03-17,000333,14:46:48,76.7000,10,1
2026-03-17,000333,14:46:51,76.6900,9,2
2026-03-17,000333,14:46:54,76.7000,39,1
2026-03-17,000333,14:46:57,76.7000,34,1
2026-03-17,000333,14:47:00,76.6900,33,2
2026-03-17,000333,14:47:03,76.6900,33,2
2026-03-17,000333,14:47:06,76.6900,88,2
2026-03-17,000333,14:47:09,76.6900,26,1
2026-03-17,000333,14:47:12,76.6800,29,2
2026-03-17,000333,14:47:15,76.6900,15,1
2026-03-17,000333,14:47:18,76.6900,14,1
2026-03-17,000333,14:47:21,76.6800,30,2
2026-03-17,000333,14:47:24,76.6800,24,2
2026-03-17,000333,14:47:27,76.6800,14,2
2026-03-17,000333,14:47:30,76.6800,25,2
2026-03-17,000333,14:47:33,76.6800,10,2
2026-03-17,000333,14:47:36,76.6900,3,1
2026-03-17,000333,14:47:39,76.6900,10,1
2026-03-17,000333,14:47:42,76.6800,10,2
2026-03-17,000333,14:47:45,76.6800,21,2
2026-03-17,000333,14:47:48,76.6800,172,2
2026-03-17,000333,14:47:51,76.6800,30,2
2026-03-17,000333,14:47:54,76.6700,88,2
2026-03-17,000333,14:47:57,76.6600,42,2
2026-03-17,000333,14:48:00,76.6500,36,2
2026-03-17,000333,14:48:03,76.6500,19,2
2026-03-17,000333,14:48:06,76.6500,20,2
2026-03-17,000333,14:48:09,76.6500,32,2
2026-03-17,000333,14:48:12,76.6600,42,1
2026-03-17,000333,14:48:15,76.6600,103,1
2026-03-17,000333,14:48:18,76.6600,2,1
2026-03-17,000333,14:48:21,76.6500,54,2
2026-03-17,000333,14:48:24,76.6600,41,1
2026-03-17,000333,14:48:27,76.6500,107,2
2026-03-17,000333,14:48:30,76.6600,91,1
2026-03-17,000333,14:48:33,76.6600,22,2
2026-03-17,000333,14:48:36,76.6700,224,1
2026-03-17,000333,14:48:39,76.6900,57,1
2026-03-17,000333,14:48:42,76.6700,43,2
2026-03-17,000333,14:48:45,76.6900,5,1
2026-03-17,000333,14:48:48,76.7000,79,1
2026-03-17,000333,14:48:51,76.6900,17,4
2026-03-17,000333,14:48:54,76.6900,10,1
2026-03-17,000333,14:48:57,76.6900,145,2
2026-03-17,000333,14:49:00,76.6900,20,1
2026-03-17,000333,14:49:03,76.6800,22,2
2026-03-17,000333,14:49:06,76.6900,19,1
2026-03-17,000333,14:49:09,76.6800,35,2
2026-03-17,000333,14:49:12,76.7000,22,1
2026-03-17,000333,14:49:15,76.7000,5,1
2026-03-17,000333,14:49:18,76.7000,5,2
2026-03-17,000333,14:49:21,76.6900,19,2
2026-03-17,000333,14:49:24,76.6800,9,2
2026-03-17,000333,14:49:27,76.6900,11,1
2026-03-17,000333,14:49:30,76.6900,15,1
2026-03-17,000333,14:49:33,76.6800,16,2
2026-03-17,000333,14:49:36,76.6800,61,2
2026-03-17,000333,14:49:39,76.6900,14,1
2026-03-17,000333,14:49:42,76.6900,24,1
2026-03-17,000333,14:49:45,76.6900,5,1
2026-03-17,000333,14:49:48,76.6800,128,2
2026-03-17,000333,14:49:51,76.6900,46,2
2026-03-17,000333,14:49:54,76.6900,3,1
2026-03-17,000333,14:49:57,76.6900,5,1
2026-03-17,000333,14:50:00,76.6800,23,2
2026-03-17,000333,14:50:03,76.6700,27,2
2026-03-17,000333,14:50:06,76.6800,108,1
2026-03-17,000333,14:50:09,76.6900,14,1
2026-03-17,000333,14:50:12,76.6800,50,2
2026-03-17,000333,14:50:15,76.6900,54,1
2026-03-17,000333,14:50:18,76.7000,6,1
2026-03-17,000333,14:50:21,76.6900,48,2
2026-03-17,000333,14:50:24,76.6800,53,2
2026-03-17,000333,14:50:27,76.6700,39,2
2026-03-17,000333,14:50:30,76.6700,44,2
2026-03-17,000333,14:50:33,76.6700,31,2
2026-03-17,000333,14:50:36,76.6700,31,2
2026-03-17,000333,14:50:39,76.6800,14,1
2026-03-17,000333,14:50:42,76.6800,97,1
2026-03-17,000333,14:50:45,76.6800,27,1
2026-03-17,000333,14:50:48,76.6900,16,1
2026-03-17,000333,14:50:51,76.6700,31,2
2026-03-17,000333,14:50:54,76.6700,38,2
2026-03-17,000333,14:50:57,76.6700,44,2
2026-03-17,000333,14:51:00,76.6700,2,1
2026-03-17,000333,14:51:03,76.6700,48,1
2026-03-17,000333,14:51:06,76.6700,70,1
2026-03-17,000333,14:51:09,76.6600,121,2
2026-03-17,000333,14:51:12,76.6600,45,2
2026-03-17,000333,14:51:15,76.6700,54,1
2026-03-17,000333,14:51:18,76.6800,51,1
2026-03-17,000333,14:51:21,76.6700,39,2
2026-03-17,000333,14:51:24,76.6800,25,1
2026-03-17,000333,14:51:27,76.6700,27,2
2026-03-17,000333,14:51:30,76.6700,6,1
2026-03-17,000333,14:51:33,76.6700,12,1
2026-03-17,000333,14:51:36,76.6600,20,2
2026-03-17,000333,14:51:39,76.6700,25,1
2026-03-17,000333,14:51:42,76.6700,57,1
2026-03-17,000333,14:51:45,76.6600,49,2
2026-03-17,000333,14:51:48,76.6600,16,2
2026-03-17,000333,14:51:51,76.6600,26,2
2026-03-17,000333,14:51:54,76.6600,28,2
2026-03-17,000333,14:51:57,76.6600,38,2
2026-03-17,000333,14:52:00,76.6500,42,2
2026-03-17,000333,14:52:03,76.6500,12,2
2026-03-17,000333,14:52:06,76.6500,16,2
2026-03-17,000333,14:52:09,76.6500,27,2
2026-03-17,000333,14:52:12,76.6500,89,2
2026-03-17,000333,14:52:15,76.6600,34,1
2026-03-17,000333,14:52:18,76.6500,58,2
2026-03-17,000333,14:52:21,76.6500,25,2
2026-03-17,000333,14:52:24,76.6500,61,2
2026-03-17,000333,14:52:27,76.6500,7,2
2026-03-17,000333,14:52:30,76.6500,25,2
2026-03-17,000333,14:52:33,76.6500,168,2
2026-03-17,000333,14:52:36,76.6600,43,2
2026-03-17,000333,14:52:39,76.6600,15,2
2026-03-17,000333,14:52:42,76.6600,3,2
2026-03-17,000333,14:52:45,76.6500,147,2
2026-03-17,000333,14:52:48,76.6700,26,1
2026-03-17,000333,14:52:51,76.6800,18,1
2026-03-17,000333,14:52:54,76.6700,43,2
2026-03-17,000333,14:52:57,76.6700,74,2
2026-03-17,000333,14:53:00,76.6800,20,1
2026-03-17,000333,14:53:03,76.6700,94,2
2026-03-17,000333,14:53:06,76.6700,22,1
2026-03-17,000333,14:53:09,76.6600,67,2
2026-03-17,000333,14:53:12,76.6800,33,1
2026-03-17,000333,14:53:15,76.6800,13,1
2026-03-17,000333,14:53:18,76.6800,38,1
2026-03-17,000333,14:53:21,76.6700,26,2
2026-03-17,000333,14:53:24,76.6700,24,2
2026-03-17,000333,14:53:27,76.6700,22,2
2026-03-17,000333,14:53:30,76.6700,26,2
2026-03-17,000333,14:53:33,76.6600,23,2
2026-03-17,000333,14:53:36,76.6600,17,2
2026-03-17,000333,14:53:39,76.6700,33,1
2026-03-17,000333,14:53:42,76.6600,31,2
2026-03-17,000333,14:53:45,76.6600,58,1
2026-03-17,000333,14:53:48,76.6500,20,2
2026-03-17,000333,14:53:51,76.6500,53,2
2026-03-17,000333,14:53:54,76.6500,261,2
2026-03-17,000333,14:53:57,76.6500,92,2
2026-03-17,000333,14:54:00,76.6500,149,2
2026-03-17,000333,14:54:03,76.6500,204,2
2026-03-17,000333,14:54:06,76.6500,63,2
2026-03-17,000333,14:54:09,76.6500,19,2
2026-03-17,000333,14:54:12,76.6500,69,2
2026-03-17,000333,14:54:15,76.6600,53,1
2026-03-17,000333,14:54:18,76.6500,45,2
2026-03-17,000333,14:54:21,76.6400,19,2
2026-03-17,000333,14:54:24,76.6400,25,2
2026-03-17,000333,14:54:27,76.6400,6,2
2026-03-17,000333,14:54:30,76.6400,13,2
2026-03-17,000333,14:54:33,76.6400,11,2
2026-03-17,000333,14:54:36,76.6400,39,2
2026-03-17,000333,14:54:39,76.6400,115,2
2026-03-17,000333,14:54:42,76.6400,42,2
2026-03-17,000333,14:54:45,76.6400,59,2
2026-03-17,000333,14:54:48,76.6300,43,2
2026-03-17,000333,14:54:51,76.6300,12,2
2026-03-17,000333,14:54:54,76.6300,15,1
2026-03-17,000333,14:54:57,76.6300,24,1
2026-03-17,000333,14:55:00,76.6300,30,1
2026-03-17,000333,14:55:03,76.6300,93,1
2026-03-17,000333,14:55:06,76.6200,46,2
2026-03-17,000333,14:55:09,76.6200,132,2
2026-03-17,000333,14:55:12,76.6200,33,4
2026-03-17,000333,14:55:15,76.6200,21,2
2026-03-17,000333,14:55:18,76.6200,43,1
2026-03-17,000333,14:55:21,76.6200,56,2
2026-03-17,000333,14:55:24,76.6300,47,1
2026-03-17,000333,14:55:27,76.6200,45,2
2026-03-17,000333,14:55:30,76.6100,173,2
2026-03-17,000333,14:55:33,76.6200,21,1
2026-03-17,000333,14:55:36,76.6200,12,1
2026-03-17,000333,14:55:39,76.6400,39,1
2026-03-17,000333,14:55:42,76.6300,74,4
2026-03-17,000333,14:55:45,76.6400,26,1
2026-03-17,000333,14:55:48,76.6400,14,1
2026-03-17,000333,14:55:51,76.6300,72,2
2026-03-17,000333,14:55:54,76.6300,64,1
2026-03-17,000333,14:55:57,76.6300,51,4
2026-03-17,000333,14:56:00,76.6300,14,2
2026-03-17,000333,14:56:03,76.6300,14,2
2026-03-17,000333,14:56:06,76.6400,24,1
2026-03-17,000333,14:56:09,76.6400,131,2
2026-03-17,000333,14:56:12,76.6700,82,1
2026-03-17,000333,14:56:15,76.6300,29,2
2026-03-17,000333,14:56:18,76.6200,17,2
2026-03-17,000333,14:56:21,76.6600,3,1
2026-03-17,000333,14:56:24,76.6500,18,1
2026-03-17,000333,14:56:27,76.6300,17,2
2026-03-17,000333,14:56:30,76.6500,63,1
2026-03-17,000333,14:56:33,76.6800,95,1
2026-03-17,000333,14:56:36,76.6900,91,1
2026-03-17,000333,14:56:39,76.7200,111,1
2026-03-17,000333,14:56:42,76.7400,10,1
2026-03-17,000333,14:56:45,76.6900,64,2
2026-03-17,000333,14:56:48,76.6800,10,2
2026-03-17,000333,14:56:51,76.7100,21,1
2026-03-17,000333,14:56:54,76.7100,9,1
2026-03-17,000333,14:56:57,76.7500,21,1
2026-03-17,000333,14:57:00,76.7100,16,2
2026-03-17,000333,15:00:01,76.6000,1934,4
2026-03-17,000333,13:14:24,77.1800,49,2
2026-03-17,000333,13:14:27,77.1900,21,1
2026-03-17,000333,13:14:30,77.1900,90,1
2026-03-17,000333,13:14:33,77.1900,52,1
2026-03-17,000333,13:14:36,77.1800,21,2
2026-03-17,000333,13:14:39,77.2000,46,1
2026-03-17,000333,13:14:42,77.2000,17,1
2026-03-17,000333,13:14:45,77.1900,1,2
2026-03-17,000333,13:14:51,77.1900,9,2
2026-03-17,000333,13:14:57,77.1900,17,1
2026-03-17,000333,13:15:00,77.1900,5,1
2026-03-17,000333,13:15:03,77.1900,15,1
2026-03-17,000333,13:15:06,77.1900,28,1
2026-03-17,000333,13:15:09,77.1900,2,1
2026-03-17,000333,13:15:12,77.1800,27,2
2026-03-17,000333,13:15:15,77.1900,108,1
2026-03-17,000333,13:15:18,77.2100,213,1
2026-03-17,000333,13:15:21,77.2200,17,1
2026-03-17,000333,13:15:24,77.2200,56,1
2026-03-17,000333,13:15:27,77.2300,55,1
2026-03-17,000333,13:15:30,77.2300,14,1
2026-03-17,000333,13:15:33,77.2300,45,1
2026-03-17,000333,13:15:36,77.2300,16,1
2026-03-17,000333,13:15:39,77.2300,19,1
2026-03-17,000333,13:15:42,77.2200,15,2
2026-03-17,000333,13:15:45,77.2300,84,1
2026-03-17,000333,13:15:48,77.2300,7,2
2026-03-17,000333,13:15:51,77.2200,64,2
2026-03-17,000333,13:15:54,77.2200,9,2
2026-03-17,000333,13:15:57,77.2500,32,1
2026-03-17,000333,13:16:00,77.2300,13,4
2026-03-17,000333,13:16:03,77.2300,8,2
2026-03-17,000333,13:16:06,77.2300,14,2
2026-03-17,000333,13:16:09,77.2200,20,2
2026-03-17,000333,13:16:12,77.2300,14,1
2026-03-17,000333,13:16:18,77.2400,3,1
2026-03-17,000333,13:16:21,77.2300,2,2
2026-03-17,000333,13:16:24,77.2300,20,2
2026-03-17,000333,13:16:27,77.2400,33,1
2026-03-17,000333,13:16:30,77.2300,60,2
2026-03-17,000333,13:16:33,77.2400,54,1
2026-03-17,000333,13:16:36,77.2400,22,2
2026-03-17,000333,13:16:39,77.2400,3,1
2026-03-17,000333,13:16:42,77.2400,18,1
2026-03-17,000333,13:16:45,77.2400,4,2
2026-03-17,000333,13:16:48,77.2400,4,2
2026-03-17,000333,13:16:54,77.2500,33,1
2026-03-17,000333,13:16:57,77.2500,2,1
2026-03-17,000333,13:17:00,77.2500,1,1
2026-03-17,000333,13:17:03,77.2500,47,1
2026-03-17,000333,13:17:06,77.2500,33,2
2026-03-17,000333,13:17:09,77.2500,13,2
2026-03-17,000333,13:17:12,77.2400,5,2
2026-03-17,000333,13:17:15,77.2400,2,2
2026-03-17,000333,13:17:18,77.2400,44,2
2026-03-17,000333,13:17:21,77.2300,15,2
2026-03-17,000333,13:17:24,77.2300,65,1
2026-03-17,000333,13:17:27,77.2300,7,1
2026-03-17,000333,13:17:30,77.2200,12,2
2026-03-17,000333,13:17:33,77.2200,2,2
2026-03-17,000333,13:17:36,77.2100,12,2
2026-03-17,000333,13:17:39,77.2100,2,2
2026-03-17,000333,13:17:42,77.2200,11,1
2026-03-17,000333,13:17:45,77.2100,3,2
2026-03-17,000333,13:17:48,77.2100,2,2
2026-03-17,000333,13:17:51,77.2100,2,2
2026-03-17,000333,13:17:54,77.2100,9,2
2026-03-17,000333,13:17:57,77.2000,7,2
2026-03-17,000333,13:18:00,77.2000,4,2
2026-03-17,000333,13:18:03,77.1900,99,2
2026-03-17,000333,13:18:06,77.1800,54,2
2026-03-17,000333,13:18:09,77.1900,24,1
2026-03-17,000333,13:18:12,77.1900,14,2
2026-03-17,000333,13:18:15,77.1900,33,1
2026-03-17,000333,13:18:18,77.2200,159,1
2026-03-17,000333,13:18:21,77.2200,134,1
2026-03-17,000333,13:18:24,77.2200,14,2
2026-03-17,000333,13:18:27,77.2200,51,2
2026-03-17,000333,13:18:30,77.2300,27,1
2026-03-17,000333,13:18:33,77.2200,2,2
2026-03-17,000333,13:18:39,77.2200,9,2
2026-03-17,000333,13:18:42,77.2300,7,1
2026-03-17,000333,13:18:45,77.2300,2,1
2026-03-17,000333,13:18:51,77.2300,37,1
2026-03-17,000333,13:18:54,77.2300,12,1
2026-03-17,000333,13:18:57,77.2300,2,1
2026-03-17,000333,13:19:00,77.2200,17,2
2026-03-17,000333,13:19:03,77.2200,30,2
2026-03-17,000333,13:19:06,77.2200,25,1
2026-03-17,000333,13:19:09,77.2100,16,2
2026-03-17,000333,13:19:12,77.2000,11,2
2026-03-17,000333,13:19:15,77.2200,3,1
2026-03-17,000333,13:19:18,77.2100,9,2
2026-03-17,000333,13:19:21,77.2200,7,1
2026-03-17,000333,13:19:24,77.2000,11,2
2026-03-17,000333,13:19:27,77.2000,5,2
2026-03-17,000333,13:19:30,77.2000,12,2
2026-03-17,000333,13:19:33,77.1900,3,2
2026-03-17,000333,13:19:36,77.1900,20,2
2026-03-17,000333,13:19:39,77.1900,13,2
2026-03-17,000333,13:19:42,77.2000,8,1
2026-03-17,000333,13:19:45,77.2000,9,1
2026-03-17,000333,13:19:48,77.1900,37,2
2026-03-17,000333,13:19:51,77.2000,3,1
2026-03-17,000333,13:19:54,77.1900,5,2
2026-03-17,000333,13:19:57,77.2000,7,1
2026-03-17,000333,13:20:00,77.1900,6,4
2026-03-17,000333,13:20:03,77.1800,9,2
2026-03-17,000333,13:20:06,77.1900,15,1
2026-03-17,000333,13:20:12,77.1800,17,2
2026-03-17,000333,13:20:15,77.1800,42,1
2026-03-17,000333,13:20:18,77.1800,27,1
2026-03-17,000333,13:20:21,77.1800,34,1
2026-03-17,000333,13:20:24,77.1900,53,1
2026-03-17,000333,13:20:27,77.1900,48,1
2026-03-17,000333,13:20:30,77.1900,6,1
2026-03-17,000333,13:20:33,77.1800,14,2
2026-03-17,000333,13:20:36,77.1800,11,2
2026-03-17,000333,13:20:39,77.1800,1,2
2026-03-17,000333,13:20:42,77.1900,5,1
2026-03-17,000333,13:20:45,77.1800,10,2
2026-03-17,000333,13:20:48,77.1800,1,2
2026-03-17,000333,13:20:51,77.1800,1,2
2026-03-17,000333,13:20:54,77.1900,8,1
2026-03-17,000333,13:20:57,77.1900,21,1
2026-03-17,000333,13:21:00,77.1900,9,1
2026-03-17,000333,13:21:03,77.1900,53,1
2026-03-17,000333,13:21:06,77.1900,11,1
2026-03-17,000333,13:21:09,77.1800,24,1
2026-03-17,000333,13:21:12,77.1700,13,2
2026-03-17,000333,13:21:15,77.1800,4,4
2026-03-17,000333,13:21:18,77.1900,3,1
2026-03-17,000333,13:21:21,77.1700,56,2
2026-03-17,000333,13:21:24,77.1600,15,2
2026-03-17,000333,13:21:27,77.1600,8,1
2026-03-17,000333,13:21:30,77.1500,3,2
2026-03-17,000333,13:21:33,77.1500,3,2
2026-03-17,000333,13:21:36,77.1500,52,2
2026-03-17,000333,13:21:42,77.1500,2,2
2026-03-17,000333,13:21:45,77.1500,16,1
2026-03-17,000333,13:21:48,77.1500,4,1
2026-03-17,000333,13:21:51,77.1400,30,2
2026-03-17,000333,13:21:54,77.1600,56,1
2026-03-17,000333,13:21:57,77.1300,50,2
2026-03-17,000333,13:22:00,77.1300,1,2
2026-03-17,000333,13:22:03,77.1500,14,1
2026-03-17,000333,13:22:06,77.1300,16,2
2026-03-17,000333,13:22:09,77.1600,33,1
2026-03-17,000333,13:22:12,77.1600,71,1
2026-03-17,000333,13:22:15,77.1700,90,1
2026-03-17,000333,13:22:18,77.1600,29,1
2026-03-17,000333,13:22:21,77.1600,22,4
2026-03-17,000333,13:22:24,77.1600,1,1
2026-03-17,000333,13:22:27,77.1600,2,1
2026-03-17,000333,13:22:30,77.1600,5,1
2026-03-17,000333,13:22:33,77.1600,19,1
2026-03-17,000333,13:22:36,77.1500,2,2
2026-03-17,000333,13:22:39,77.1500,11,2
2026-03-17,000333,13:22:42,77.1500,1,1
2026-03-17,000333,13:22:48,77.1500,5,1
2026-03-17,000333,13:22:51,77.1400,5,2
2026-03-17,000333,13:22:54,77.1300,4,2
2026-03-17,000333,13:22:57,77.1400,5,1
2026-03-17,000333,13:23:00,77.1400,2,1
2026-03-17,000333,13:23:03,77.1300,10,2
2026-03-17,000333,13:23:06,77.1400,43,1
2026-03-17,000333,13:23:09,77.1400,16,2
2026-03-17,000333,13:23:12,77.1400,2,2
2026-03-17,000333,13:23:15,77.1400,11,2
2026-03-17,000333,13:23:18,77.1300,17,2
2026-03-17,000333,13:23:21,77.1300,6,2
2026-03-17,000333,13:23:27,77.1300,32,1
2026-03-17,000333,13:23:30,77.1300,8,1
2026-03-17,000333,13:23:33,77.1500,56,1
2026-03-17,000333,13:23:36,77.1600,68,1
2026-03-17,000333,13:23:39,77.1600,20,1
2026-03-17,000333,13:23:42,77.1700,9,1
2026-03-17,000333,13:23:45,77.1800,55,1
2026-03-17,000333,13:23:48,77.1800,16,1
2026-03-17,000333,13:23:51,77.1800,4,1
2026-03-17,000333,13:23:54,77.1800,5,1
2026-03-17,000333,13:24:00,77.1800,18,1
2026-03-17,000333,13:24:03,77.1700,4,2
2026-03-17,000333,13:24:06,77.1600,14,2
2026-03-17,000333,13:24:09,77.1700,10,1
2026-03-17,000333,13:24:15,77.1500,28,2
2026-03-17,000333,13:24:18,77.1500,20,2
2026-03-17,000333,13:24:27,77.1100,933,2
2026-03-17,000333,13:24:30,77.1000,24,1
2026-03-17,000333,13:24:36,77.1000,22,1
2026-03-17,000333,13:24:39,77.0900,1,2
2026-03-17,000333,13:24:45,77.1000,15,1
2026-03-17,000333,13:24:48,77.0900,15,2
2026-03-17,000333,13:24:51,77.0800,10,2
2026-03-17,000333,13:24:54,77.0900,123,1
2026-03-17,000333,13:24:57,77.0900,1,2
2026-03-17,000333,13:25:00,77.0900,5,2
2026-03-17,000333,13:25:03,77.0900,24,2
2026-03-17,000333,13:25:06,77.1000,36,4
2026-03-17,000333,13:25:09,77.1100,67,1
2026-03-17,000333,13:25:12,77.1100,3,1
2026-03-17,000333,13:25:15,77.1100,10,1
2026-03-17,000333,13:25:18,77.1000,12,2
2026-03-17,000333,13:25:21,77.1000,1,2
2026-03-17,000333,13:25:24,77.1000,12,2
2026-03-17,000333,13:25:27,77.1000,9,2
2026-03-17,000333,13:25:30,77.1100,32,1
2026-03-17,000333,13:25:33,77.1100,48,1
2026-03-17,000333,13:25:36,77.1000,6,2
2026-03-17,000333,13:25:39,77.1000,7,1
2026-03-17,000333,13:25:42,77.1000,26,1
2026-03-17,000333,13:25:45,77.1000,2,1
2026-03-17,000333,13:25:48,77.1000,35,1
2026-03-17,000333,13:25:51,77.0100,787,2
2026-03-17,000333,13:25:54,77.0800,14,1
2026-03-17,000333,13:25:57,77.0800,2,1
2026-03-17,000333,13:26:00,77.0400,14,2
2026-03-17,000333,13:26:03,77.0400,1,2
2026-03-17,000333,13:26:06,77.0300,3,4
2026-03-17,000333,13:26:09,77.0700,13,1
2026-03-17,000333,13:26:15,77.0600,3,1
2026-03-17,000333,13:26:18,77.0300,64,2
2026-03-17,000333,13:26:21,77.0200,4,2
2026-03-17,000333,13:26:24,77.0100,4,2
2026-03-17,000333,13:26:27,77.0200,53,1
2026-03-17,000333,13:26:30,77.0100,5,2
2026-03-17,000333,13:26:33,76.9800,1,2
2026-03-17,000333,13:26:36,77.0000,1,1
2026-03-17,000333,13:26:39,77.0000,45,1
2026-03-17,000333,13:26:42,77.0000,15,2
2026-03-17,000333,13:26:45,77.0100,2,1
2026-03-17,000333,13:26:48,77.0100,9,1
2026-03-17,000333,13:26:51,77.0000,3,2
2026-03-17,000333,13:26:54,77.0000,46,2
2026-03-17,000333,13:27:00,77.0100,5,2
2026-03-17,000333,13:27:03,77.0100,10,2
2026-03-17,000333,13:27:06,77.0200,40,1
2026-03-17,000333,13:27:09,77.0100,4,2
2026-03-17,000333,13:27:12,77.0100,18,1
2026-03-17,000333,13:27:15,77.0100,24,1
2026-03-17,000333,13:27:24,77.0200,5,1
2026-03-17,000333,13:27:27,77.0100,14,2
2026-03-17,000333,13:27:30,77.0100,22,2
2026-03-17,000333,13:27:33,77.0000,16,2
2026-03-17,000333,13:27:36,77.0000,11,2
2026-03-17,000333,13:27:39,77.0000,39,2
2026-03-17,000333,13:27:42,77.0000,4,2
2026-03-17,000333,13:27:45,77.0000,12,2
2026-03-17,000333,13:27:48,77.0100,15,1
2026-03-17,000333,13:27:51,77.0100,16,1
2026-03-17,000333,13:27:54,77.0100,3,1
2026-03-17,000333,13:27:57,77.0000,9,2
2026-03-17,000333,13:28:00,77.0100,2,1
2026-03-17,000333,13:28:03,77.0000,4,2
2026-03-17,000333,13:28:06,77.0000,9,2
2026-03-17,000333,13:28:09,77.0000,19,2
2026-03-17,000333,13:28:12,77.0000,23,2
2026-03-17,000333,13:28:15,77.0100,18,1
2026-03-17,000333,13:28:18,77.0000,1,2
2026-03-17,000333,13:28:21,77.0100,43,1
2026-03-17,000333,13:28:24,77.0100,15,1
2026-03-17,000333,13:28:27,77.0000,28,2
2026-03-17,000333,13:28:30,77.0100,9,1
2026-03-17,000333,13:28:33,77.0000,1,2
2026-03-17,000333,13:28:36,77.0100,18,1
2026-03-17,000333,13:28:39,77.0000,1,2
2026-03-17,000333,13:28:42,77.0000,27,2
2026-03-17,000333,13:28:45,77.0000,6,2
2026-03-17,000333,13:28:51,77.0000,21,2
2026-03-17,000333,13:28:54,77.0000,1,2
2026-03-17,000333,13:29:00,77.0000,10,2
2026-03-17,000333,13:29:03,77.0000,73,2
2026-03-17,000333,13:29:06,77.0000,11,2
2026-03-17,000333,13:29:09,77.0000,15,2
2026-03-17,000333,13:29:12,77.0100,17,1
2026-03-17,000333,13:29:15,77.0100,23,1
2026-03-17,000333,13:29:18,77.0000,13,2
2026-03-17,000333,13:29:21,77.0000,11,2
2026-03-17,000333,13:29:27,77.0000,43,2
2026-03-17,000333,13:29:30,77.0000,43,2
2026-03-17,000333,13:29:33,77.0000,9,2
2026-03-17,000333,13:29:36,77.0000,1,2
2026-03-17,000333,13:29:39,77.0000,2,2
2026-03-17,000333,13:29:42,77.0000,1,2
2026-03-17,000333,13:29:45,77.0100,25,1
2026-03-17,000333,13:29:48,77.0000,40,1
2026-03-17,000333,13:29:51,76.9900,39,2
2026-03-17,000333,13:29:57,76.9800,24,2
2026-03-17,000333,13:30:00,76.9900,11,1
2026-03-17,000333,13:30:03,76.9800,61,2
2026-03-17,000333,13:30:06,76.9800,2,1
2026-03-17,000333,13:30:09,76.9800,18,1
2026-03-17,000333,13:30:12,76.9700,2,2
2026-03-17,000333,13:30:21,76.9700,26,2
2026-03-17,000333,13:30:24,76.9800,14,1
2026-03-17,000333,13:30:27,76.9800,4,1
2026-03-17,000333,13:30:30,76.9800,5,1
2026-03-17,000333,13:30:33,76.9700,24,2
2026-03-17,000333,13:30:36,76.9700,3,2
2026-03-17,000333,13:30:39,76.9800,5,1
2026-03-17,000333,13:30:42,76.9700,12,2
2026-03-17,000333,13:30:45,76.9700,9,2
2026-03-17,000333,13:30:48,76.9800,27,1
2026-03-17,000333,13:30:51,76.9700,40,2
2026-03-17,000333,13:30:54,76.9700,36,1
2026-03-17,000333,13:30:57,76.9700,31,1
2026-03-17,000333,13:31:03,76.9700,2,2
2026-03-17,000333,13:31:06,76.9800,97,1
2026-03-17,000333,13:31:09,76.9900,35,1
2026-03-17,000333,13:31:12,76.9800,109,2
2026-03-17,000333,13:31:15,76.9900,26,1
2026-03-17,000333,13:31:18,76.9900,13,2
2026-03-17,000333,13:31:21,76.9900,13,2
2026-03-17,000333,13:31:24,76.9900,7,2
2026-03-17,000333,13:31:27,76.9900,8,2
2026-03-17,000333,13:31:30,77.0000,31,1
2026-03-17,000333,13:31:33,77.0000,29,1
2026-03-17,000333,13:31:36,77.0000,8,1
2026-03-17,000333,13:31:39,77.0000,32,1
2026-03-17,000333,13:31:42,76.9900,32,2
2026-03-17,000333,13:31:45,76.9900,4,2
2026-03-17,000333,13:31:48,76.9900,10,2
2026-03-17,000333,13:31:51,76.9900,12,2
2026-03-17,000333,13:31:54,76.9900,13,1
2026-03-17,000333,13:31:57,76.9900,3,1
2026-03-17,000333,13:32:00,76.9900,4,1
2026-03-17,000333,13:32:03,76.9800,23,2
2026-03-17,000333,13:32:06,76.9800,20,2
2026-03-17,000333,13:32:09,76.9800,1,2
2026-03-17,000333,13:32:12,76.9800,3,2
2026-03-17,000333,13:32:15,76.9800,27,2
2026-03-17,000333,13:32:18,76.9800,4,1
2026-03-17,000333,13:32:21,76.9800,10,1
2026-03-17,000333,13:32:24,76.9800,4,1
2026-03-17,000333,13:32:30,76.9800,35,1
2026-03-17,000333,13:32:33,76.9900,22,1
2026-03-17,000333,13:32:36,76.9900,50,1
2026-03-17,000333,13:32:39,76.9800,55,2
2026-03-17,000333,13:32:42,76.9900,14,1
2026-03-17,000333,13:32:45,76.9800,3,2
2026-03-17,000333,13:32:48,76.9800,8,2
2026-03-17,000333,13:32:51,76.9800,2,2
2026-03-17,000333,13:32:54,76.9900,12,1
2026-03-17,000333,13:32:57,76.9900,2,1
2026-03-17,000333,13:33:00,76.9800,16,2
2026-03-17,000333,13:33:03,76.9800,19,2
2026-03-17,000333,13:33:06,76.9700,14,2
2026-03-17,000333,13:33:09,76.9700,2,2
2026-03-17,000333,13:33:12,76.9700,5,2
2026-03-17,000333,13:33:15,76.9800,27,1
2026-03-17,000333,13:33:18,76.9800,9,1
2026-03-17,000333,13:33:21,76.9700,29,2
2026-03-17,000333,13:33:24,76.9700,7,2
2026-03-17,000333,13:33:27,76.9700,6,2
2026-03-17,000333,13:33:30,76.9800,1,1
2026-03-17,000333,13:33:33,76.9700,2,2
2026-03-17,000333,13:33:36,76.9600,13,2
2026-03-17,000333,13:33:39,76.9700,22,1
2026-03-17,000333,13:33:42,76.9600,1,2
2026-03-17,000333,13:33:45,76.9700,24,1
2026-03-17,000333,13:33:48,76.9700,1,2
2026-03-17,000333,13:33:51,76.9700,18,2
2026-03-17,000333,13:33:54,76.9700,31,2
2026-03-17,000333,13:33:57,76.9600,13,2
2026-03-17,000333,13:34:03,76.9600,16,2
2026-03-17,000333,13:34:09,76.9600,2,2
2026-03-17,000333,13:34:12,76.9500,79,2
2026-03-17,000333,13:34:15,76.9500,64,2
2026-03-17,000333,13:34:18,76.9400,70,2
2026-03-17,000333,13:34:21,76.9200,194,2
2026-03-17,000333,13:34:24,76.9000,225,2
2026-03-17,000333,13:34:27,76.9100,7,2
2026-03-17,000333,13:34:30,76.9000,33,2
2026-03-17,000333,13:34:33,76.9000,16,2
2026-03-17,000333,13:34:36,76.9000,8,2
2026-03-17,000333,13:34:39,76.9000,55,2
2026-03-17,000333,13:34:42,76.9000,41,2
2026-03-17,000333,13:34:45,76.9000,1,2
2026-03-17,000333,13:34:48,76.9000,1,2
2026-03-17,000333,13:34:51,76.9100,13,1
2026-03-17,000333,13:34:54,76.9100,26,1
2026-03-17,000333,13:35:00,76.9100,19,1
2026-03-17,000333,13:35:03,76.9000,4,2
2026-03-17,000333,13:35:06,76.9000,25,2
2026-03-17,000333,13:35:09,76.9000,35,1
2026-03-17,000333,13:35:12,76.8800,57,2
2026-03-17,000333,13:35:15,76.9100,38,1
2026-03-17,000333,13:35:18,76.9100,1,1
2026-03-17,000333,13:35:21,76.9000,1,2
2026-03-17,000333,13:35:24,76.9000,3,2
2026-03-17,000333,13:35:27,76.9100,5,1
2026-03-17,000333,13:35:30,76.9100,12,1
2026-03-17,000333,13:35:33,76.9000,10,2
2026-03-17,000333,13:35:36,76.8900,5,2
2026-03-17,000333,13:35:39,76.8900,28,2
2026-03-17,000333,13:35:42,76.8800,28,2
2026-03-17,000333,13:35:45,76.8900,2,1
2026-03-17,000333,13:35:48,76.8900,10,1
2026-03-17,000333,13:35:51,76.8900,14,1
2026-03-17,000333,13:35:54,76.8900,15,1
2026-03-17,000333,13:35:57,76.8800,50,2
2026-03-17,000333,13:36:00,76.8900,12,1
2026-03-17,000333,13:36:03,76.8900,10,1
2026-03-17,000333,13:36:09,76.8800,29,2
2026-03-17,000333,13:36:12,76.8800,26,2
2026-03-17,000333,13:36:15,76.8900,24,1
2026-03-17,000333,13:36:18,76.8900,2,1
2026-03-17,000333,13:36:21,76.8900,61,1
2026-03-17,000333,13:36:24,76.8800,15,2
2026-03-17,000333,13:36:27,76.8900,537,1
2026-03-17,000333,13:36:30,76.8800,40,2
2026-03-17,000333,13:36:33,76.8800,4,1
2026-03-17,000333,13:36:36,76.8700,131,2
2026-03-17,000333,13:36:39,76.8700,26,2
2026-03-17,000333,13:36:42,76.8800,66,1
2026-03-17,000333,13:36:45,76.8800,92,1
2026-03-17,000333,13:36:48,76.8700,2,4
2026-03-17,000333,13:36:51,76.8700,30,2
2026-03-17,000333,13:36:54,76.8700,3,2
2026-03-17,000333,13:37:00,76.8800,12,1
2026-03-17,000333,13:37:03,76.8500,159,2
2026-03-17,000333,13:37:06,76.8500,239,1
2026-03-17,000333,13:37:09,76.8400,55,2
2026-03-17,000333,13:37:12,76.8500,68,1
2026-03-17,000333,13:37:15,76.8600,4,1
2026-03-17,000333,13:37:18,76.8500,16,2
2026-03-17,000333,13:37:21,76.8500,5,2
2026-03-17,000333,13:37:24,76.8600,6,1
2026-03-17,000333,13:37:27,76.8600,21,1
2026-03-17,000333,13:37:30,76.8700,1,1
2026-03-17,000333,13:37:33,76.8600,28,2
2026-03-17,000333,13:37:36,76.8700,36,1
2026-03-17,000333,13:37:39,76.8700,19,1
2026-03-17,000333,13:37:42,76.8700,8,1
2026-03-17,000333,13:37:45,76.8700,6,1
2026-03-17,000333,13:37:48,76.8600,55,2
2026-03-17,000333,13:37:51,76.8600,6,2
2026-03-17,000333,13:37:54,76.8600,15,2
2026-03-17,000333,13:37:57,76.8600,2,2
2026-03-17,000333,13:38:00,76.8600,1,2
2026-03-17,000333,13:38:03,76.8700,24,1
2026-03-17,000333,13:38:06,76.8600,51,2
2026-03-17,000333,13:38:09,76.8700,40,1
2026-03-17,000333,13:38:12,76.8700,8,1
2026-03-17,000333,13:38:15,76.8700,88,1
2026-03-17,000333,13:38:18,76.8700,2,2
2026-03-17,000333,13:38:21,76.8700,3,1
2026-03-17,000333,13:38:24,76.8600,29,2
2026-03-17,000333,13:38:27,76.8700,19,4
2026-03-17,000333,13:38:30,76.8700,4,1
2026-03-17,000333,13:38:33,76.8600,16,2
2026-03-17,000333,13:38:36,76.8600,25,2
2026-03-17,000333,13:38:39,76.8600,25,2
2026-03-17,000333,13:38:45,76.8700,6,1
2026-03-17,000333,13:38:48,76.8600,33,2
2026-03-17,000333,13:38:51,76.8600,17,2
2026-03-17,000333,13:38:54,76.8600,13,2
2026-03-17,000333,13:38:57,76.8600,4,2
2026-03-17,000333,13:39:03,76.8600,1,2
2026-03-17,000333,13:39:06,76.8700,1,1
2026-03-17,000333,13:39:09,76.8600,104,2
2026-03-17,000333,13:39:12,76.8600,5,2
2026-03-17,000333,13:39:15,76.8700,3,1
2026-03-17,000333,13:39:18,76.8700,1,1
2026-03-17,000333,13:39:21,76.8600,30,2
2026-03-17,000333,13:39:24,76.8700,67,1
2026-03-17,000333,13:39:27,76.8600,53,2
2026-03-17,000333,13:39:30,76.8700,12,1
2026-03-17,000333,13:39:33,76.8700,13,1
2026-03-17,000333,13:39:36,76.8700,19,1
2026-03-17,000333,13:39:39,76.8700,13,1
2026-03-17,000333,13:39:42,76.8700,37,1
2026-03-17,000333,13:39:45,76.8700,3,1
2026-03-17,000333,13:39:48,76.8600,32,2
2026-03-17,000333,13:39:51,76.8600,17,2
2026-03-17,000333,13:39:54,76.8600,31,2
2026-03-17,000333,13:39:57,76.8600,13,2
2026-03-17,000333,13:40:00,76.8700,10,1
2026-03-17,000333,13:40:03,76.8800,107,1
2026-03-17,000333,13:40:06,76.8800,21,1
2026-03-17,000333,13:40:09,76.8800,21,1
2026-03-17,000333,13:40:12,76.9000,410,1
2026-03-17,000333,13:40:15,76.9100,67,1
2026-03-17,000333,13:40:18,76.9300,12,4
2026-03-17,000333,13:40:21,76.9200,3,2
2026-03-17,000333,13:40:24,76.9200,14,1
2026-03-17,000333,13:40:27,76.9100,103,2
2026-03-17,000333,13:40:30,76.9100,1,4
2026-03-17,000333,13:40:33,76.9000,13,2
2026-03-17,000333,13:40:36,76.9000,9,2
2026-03-17,000333,13:40:39,76.9100,2,1
2026-03-17,000333,13:40:42,76.9100,13,1
2026-03-17,000333,13:40:45,76.9000,18,2
2026-03-17,000333,13:40:48,76.8900,9,2
2026-03-17,000333,13:40:51,76.9000,9,1
2026-03-17,000333,13:40:54,76.8900,19,2
2026-03-17,000333,13:40:57,76.9000,40,1
2026-03-17,000333,13:41:00,76.8900,34,2
2026-03-17,000333,13:41:03,76.8900,10,2
2026-03-17,000333,13:41:06,76.9000,41,1
2026-03-17,000333,13:41:09,76.9000,71,1
2026-03-17,000333,13:41:12,76.8900,39,2
2026-03-17,000333,13:41:15,76.8800,18,2
2026-03-17,000333,13:41:18,76.8800,12,2
2026-03-17,000333,13:41:21,76.8800,38,1
2026-03-17,000333,13:41:24,76.8800,47,1
2026-03-17,000333,13:41:27,76.8700,10,2
2026-03-17,000333,13:41:30,76.8800,24,1
2026-03-17,000333,13:41:33,76.8700,11,2
2026-03-17,000333,13:41:36,76.8800,14,1
2026-03-17,000333,13:41:39,76.8700,71,4
2026-03-17,000333,13:41:42,76.8800,20,4
2026-03-17,000333,13:41:45,76.8800,12,4
2026-03-17,000333,13:41:48,76.8700,80,2
2026-03-17,000333,13:41:54,76.8700,11,1
2026-03-17,000333,13:41:57,76.8600,7,2
2026-03-17,000333,13:42:00,76.8700,4,1
2026-03-17,000333,13:42:03,76.8700,3,1
2026-03-17,000333,13:42:06,76.8700,20,1
2026-03-17,000333,13:42:09,76.8700,23,1
2026-03-17,000333,13:42:12,76.8600,21,2
2026-03-17,000333,13:42:15,76.8600,4,4
2026-03-17,000333,13:42:18,76.8700,7,1
2026-03-17,000333,13:42:21,76.8600,20,4
2026-03-17,000333,13:42:24,76.8600,14,4
2026-03-17,000333,13:42:27,76.8600,16,1
2026-03-17,000333,13:42:30,76.8700,24,1
2026-03-17,000333,13:42:33,76.8600,3,2
2026-03-17,000333,13:42:36,76.8500,6,2
2026-03-17,000333,13:42:39,76.8600,14,4
2026-03-17,000333,13:42:42,76.8500,14,2
2026-03-17,000333,13:42:45,76.8600,5,1
2026-03-17,000333,13:42:48,76.8500,15,2
2026-03-17,000333,13:42:51,76.8600,8,1
2026-03-17,000333,13:42:54,76.8500,9,2
2026-03-17,000333,13:42:57,76.8700,344,1
2026-03-17,000333,13:43:00,76.8500,62,1
2026-03-17,000333,13:43:03,76.8700,109,1
2026-03-17,000333,13:43:06,76.8700,55,1
2026-03-17,000333,13:43:09,76.8700,43,1
2026-03-17,000333,13:43:12,76.8600,39,2
2026-03-17,000333,13:43:15,76.8700,39,1
2026-03-17,000333,13:43:18,76.8600,49,4
2026-03-17,000333,13:43:21,76.8700,52,1
2026-03-17,000333,13:43:24,76.8700,79,1
2026-03-17,000333,13:43:27,76.8700,53,1
2026-03-17,000333,13:43:30,76.8700,74,1
2026-03-17,000333,13:43:33,76.8900,10,1
2026-03-17,000333,13:43:36,76.8900,25,1
2026-03-17,000333,13:43:39,76.8900,517,1
2026-03-17,000333,13:43:42,76.9000,24,1
2026-03-17,000333,13:43:45,76.9000,4,2
2026-03-17,000333,13:43:48,76.8900,10,2
2026-03-17,000333,13:43:51,76.8900,12,2
2026-03-17,000333,13:43:54,76.8900,3,1
2026-03-17,000333,13:43:57,76.8800,14,2
2026-03-17,000333,13:44:00,76.8900,23,1
2026-03-17,000333,13:44:03,76.8900,7,1
2026-03-17,000333,13:44:06,76.8900,1,1
2026-03-17,000333,13:44:09,76.8900,14,1
2026-03-17,000333,13:44:12,76.8800,16,2
2026-03-17,000333,13:44:15,76.8800,14,2
2026-03-17,000333,13:44:18,76.8800,10,2
2026-03-17,000333,13:44:21,76.8900,257,1
2026-03-17,000333,13:44:24,76.8800,26,2
2026-03-17,000333,13:44:27,76.8900,10,1
2026-03-17,000333,13:44:30,76.8900,2,2
2026-03-17,000333,13:44:33,76.9000,4,1
2026-03-17,000333,13:44:36,76.9100,1,1
2026-03-17,000333,13:44:39,76.9100,11,1
2026-03-17,000333,13:44:42,76.9000,20,2
2026-03-17,000333,13:44:48,76.8900,13,2
2026-03-17,000333,13:44:51,76.9000,7,1
2026-03-17,000333,13:44:54,76.9000,61,1
2026-03-17,000333,13:44:57,76.9000,25,1
2026-03-17,000333,13:45:00,76.9000,3,1
2026-03-17,000333,13:45:03,76.9000,18,1
2026-03-17,000333,13:45:06,76.8500,294,2
2026-03-17,000333,13:45:09,76.8400,76,2
2026-03-17,000333,13:45:12,76.8500,19,1
2026-03-17,000333,13:45:15,76.8400,18,2
2026-03-17,000333,13:45:18,76.8300,18,2
2026-03-17,000333,13:45:21,76.8300,7,2
2026-03-17,000333,13:45:24,76.8300,62,2
2026-03-17,000333,13:45:27,76.8400,21,1
2026-03-17,000333,13:45:30,76.8500,26,1
2026-03-17,000333,13:45:33,76.8500,13,1
2026-03-17,000333,13:45:36,76.8400,1,4
2026-03-17,000333,13:45:39,76.8400,1,2
2026-03-17,000333,13:45:42,76.8300,33,2
2026-03-17,000333,13:45:45,76.8300,8,2
2026-03-17,000333,13:45:48,76.8300,18,2
2026-03-17,000333,13:45:51,76.8500,35,1
2026-03-17,000333,13:45:54,76.8400,2,4
2026-03-17,000333,13:45:57,76.8500,98,1
2026-03-17,000333,13:46:00,76.8500,10,1
2026-03-17,000333,13:46:03,76.8500,7,1
2026-03-17,000333,13:46:06,76.8500,3,1
2026-03-17,000333,13:46:09,76.8400,8,2
2026-03-17,000333,13:46:12,76.8400,2,4
2026-03-17,000333,13:46:15,76.8500,15,1
2026-03-17,000333,13:46:18,76.8500,10,1
2026-03-17,000333,13:46:21,76.8500,20,1
2026-03-17,000333,13:46:24,76.8400,37,2
2026-03-17,000333,13:46:27,76.8500,29,1
2026-03-17,000333,13:46:30,76.8500,9,1
2026-03-17,000333,13:46:33,76.8500,2,1
2026-03-17,000333,13:46:36,76.8500,28,1
2026-03-17,000333,13:46:39,76.8500,41,1
2026-03-17,000333,13:46:42,76.8400,24,4
2026-03-17,000333,13:46:45,76.8500,24,1
2026-03-17,000333,13:46:48,76.8400,18,2
2026-03-17,000333,13:46:51,76.8300,48,2
2026-03-17,000333,13:46:54,76.8400,16,2
2026-03-17,000333,13:46:57,76.8400,4,2
2026-03-17,000333,13:47:00,76.8500,14,1
2026-03-17,000333,13:47:03,76.8400,32,1
2026-03-17,000333,13:47:06,76.8400,14,4
2026-03-17,000333,13:47:09,76.8500,21,1
2026-03-17,000333,13:47:12,76.8500,29,1
2026-03-17,000333,13:47:15,76.8400,31,4
2026-03-17,000333,13:47:18,76.8400,17,4
2026-03-17,000333,13:47:21,76.8400,18,2
2026-03-17,000333,13:47:27,76.8400,27,2
2026-03-17,000333,13:47:30,76.8500,2,1
2026-03-17,000333,13:47:33,76.8400,20,2
2026-03-17,000333,13:47:36,76.8300,5,2
2026-03-17,000333,13:47:39,76.8400,33,4
2026-03-17,000333,13:47:42,76.8400,1,4
2026-03-17,000333,13:47:45,76.8300,4,2
2026-03-17,000333,13:47:48,76.8100,767,2
2026-03-17,000333,13:47:51,76.8100,8,1
2026-03-17,000333,13:47:54,76.8000,37,2
2026-03-17,000333,13:47:57,76.8100,67,1
2026-03-17,000333,13:48:00,76.8000,531,2
2026-03-17,000333,13:48:03,76.7900,19,2
2026-03-17,000333,13:48:06,76.8200,45,1
2026-03-17,000333,13:48:09,76.8100,63,4
2026-03-17,000333,13:48:12,76.8200,33,2
2026-03-17,000333,13:48:15,76.8200,5,1
2026-03-17,000333,13:48:18,76.8200,31,1
2026-03-17,000333,13:48:21,76.8300,10,1
2026-03-17,000333,13:48:24,76.8200,1,4
2026-03-17,000333,13:48:27,76.8300,152,1
2026-03-17,000333,13:48:30,76.8200,10,1
2026-03-17,000333,13:48:33,76.8200,2,4
2026-03-17,000333,13:48:36,76.8300,32,1
2026-03-17,000333,13:48:39,76.8200,56,2
2026-03-17,000333,13:48:42,76.8200,29,2
2026-03-17,000333,13:48:45,76.8200,23,4
2026-03-17,000333,13:48:48,76.8100,22,2
2026-03-17,000333,13:48:51,76.8300,16,1
2026-03-17,000333,13:48:54,76.8200,1,2
2026-03-17,000333,13:48:57,76.8200,11,2
2026-03-17,000333,13:49:00,76.8300,17,1
2026-03-17,000333,13:49:03,76.8500,155,1
2026-03-17,000333,13:49:06,76.8400,64,1
2026-03-17,000333,13:49:09,76.8400,54,2
2026-03-17,000333,13:49:12,76.8600,95,1
2026-03-17,000333,13:49:15,76.8600,5,1
2026-03-17,000333,13:49:18,76.8600,5,1
2026-03-17,000333,13:49:21,76.8600,10,1
2026-03-17,000333,13:49:24,76.8500,57,2
2026-03-17,000333,13:49:27,76.8400,14,2
2026-03-17,000333,13:49:30,76.8500,1,2
2026-03-17,000333,13:49:33,76.8600,39,1
2026-03-17,000333,13:49:36,76.8700,17,1
2026-03-17,000333,13:49:39,76.8600,14,4
2026-03-17,000333,13:49:42,76.8600,18,2
2026-03-17,000333,13:49:45,76.8700,4,1
2026-03-17,000333,13:49:48,76.8700,71,1
2026-03-17,000333,13:49:51,76.8800,11,1
2026-03-17,000333,13:49:54,76.8700,12,4
2026-03-17,000333,13:49:57,76.8700,90,1
2026-03-17,000333,13:50:00,76.8800,4,1
2026-03-17,000333,13:50:03,76.8800,34,1
2026-03-17,000333,13:50:06,76.8800,7,2
2026-03-17,000333,13:50:09,76.8800,16,1
2026-03-17,000333,13:50:12,76.8800,3,1
2026-03-17,000333,13:50:15,76.8800,20,1
2026-03-17,000333,13:50:18,76.8700,40,2
2026-03-17,000333,13:50:21,76.8900,17,1
2026-03-17,000333,13:50:24,76.8800,2,2
2026-03-17,000333,13:50:27,76.8800,9,2
2026-03-17,000333,13:50:30,76.8800,18,2
2026-03-17,000333,13:50:33,76.8900,3,1
2026-03-17,000333,13:50:36,76.8800,31,2
2026-03-17,000333,13:50:39,76.8800,14,2
2026-03-17,000333,13:50:42,76.8800,21,1
2026-03-17,000333,13:50:45,76.8800,5,4
2026-03-17,000333,13:50:48,76.8700,17,2
2026-03-17,000333,13:50:51,76.8900,14,1
2026-03-17,000333,13:50:54,76.8900,9,1
2026-03-17,000333,13:50:57,76.8700,21,2
2026-03-17,000333,13:51:00,76.9000,237,1
2026-03-17,000333,13:51:03,76.9300,48,1
2026-03-17,000333,13:51:06,76.9400,35,4
2026-03-17,000333,13:51:09,76.9400,64,4
2026-03-17,000333,13:51:12,76.9500,15,1
2026-03-17,000333,13:51:15,76.9500,30,1
2026-03-17,000333,13:51:18,76.9600,40,1
2026-03-17,000333,13:51:21,76.9600,19,1
2026-03-17,000333,13:51:24,76.9400,78,2
2026-03-17,000333,13:51:27,76.9400,8,1
2026-03-17,000333,13:51:30,76.9400,22,1
2026-03-17,000333,13:51:33,76.9200,40,2
2026-03-17,000333,13:51:36,76.9400,34,1
2026-03-17,000333,13:51:39,76.9400,77,1
2026-03-17,000333,13:51:42,76.9500,30,1
2026-03-17,000333,13:51:45,76.9400,12,1
2026-03-17,000333,13:51:48,76.9200,7,2
2026-03-17,000333,13:51:51,76.9400,5,1
2026-03-17,000333,13:51:54,76.9300,67,2
2026-03-17,000333,13:51:57,76.9400,93,4
2026-03-17,000333,13:52:00,76.9400,81,1
2026-03-17,000333,13:52:03,76.9200,30,2
2026-03-17,000333,13:52:06,76.9400,38,1
2026-03-17,000333,13:52:09,76.9000,55,2
2026-03-17,000333,13:52:12,76.9300,13,1
2026-03-17,000333,13:52:15,76.9300,9,1
2026-03-17,000333,13:52:18,76.9300,16,1
2026-03-17,000333,13:52:21,76.9200,80,2
2026-03-17,000333,13:52:24,76.9200,17,1
2026-03-17,000333,13:52:27,76.9200,22,1
2026-03-17,000333,13:52:30,76.9200,8,1
2026-03-17,000333,13:52:33,76.9100,8,1
2026-03-17,000333,13:52:36,76.9100,37,1
2026-03-17,000333,13:52:39,76.9100,23,1
2026-03-17,000333,13:52:42,76.9100,2,1
2026-03-17,000333,13:52:45,76.9100,20,1
2026-03-17,000333,13:52:48,76.9000,34,2
2026-03-17,000333,13:52:51,76.9000,44,2
2026-03-17,000333,13:52:54,76.8900,19,2
2026-03-17,000333,13:52:57,76.9000,100,1
2026-03-17,000333,13:53:00,76.8900,17,2
2026-03-17,000333,13:53:03,76.8900,29,1
2026-03-17,000333,13:53:06,76.8900,10,1
2026-03-17,000333,13:53:09,76.9000,37,1
2026-03-17,000333,13:53:12,76.9000,26,1
2026-03-17,000333,13:53:15,76.9200,194,1
2026-03-17,000333,13:53:18,76.9300,35,1
2026-03-17,000333,13:53:21,76.9300,14,1
2026-03-17,000333,13:53:24,76.9400,36,1
2026-03-17,000333,13:53:27,76.9400,13,1
2026-03-17,000333,13:53:30,76.9400,13,1
2026-03-17,000333,13:53:33,76.9400,16,1
2026-03-17,000333,13:53:36,76.9300,40,2
2026-03-17,000333,13:53:39,76.9300,22,2
2026-03-17,000333,13:53:42,76.9400,64,1
2026-03-17,000333,13:53:45,76.9500,16,1
2026-03-17,000333,13:53:48,76.9500,4,1
2026-03-17,000333,13:53:51,76.9500,54,1
2026-03-17,000333,13:53:54,76.9500,12,1
2026-03-17,000333,13:53:57,76.9600,28,1
2026-03-17,000333,13:54:00,76.9400,202,2
2026-03-17,000333,13:54:03,76.9200,21,2
2026-03-17,000333,13:54:06,76.9200,19,1
2026-03-17,000333,13:54:09,76.9200,8,1
2026-03-17,000333,13:54:12,76.9100,44,2
2026-03-17,000333,13:54:15,76.9100,22,2
2026-03-17,000333,13:54:18,76.9100,67,2
2026-03-17,000333,13:54:21,76.9100,67,1
2026-03-17,000333,13:54:24,76.9000,56,2
2026-03-17,000333,13:54:27,76.9000,20,2
2026-03-17,000333,13:54:30,76.8900,24,2
2026-03-17,000333,13:54:33,76.9000,3,1
2026-03-17,000333,13:54:36,76.9000,20,1
2026-03-17,000333,13:54:39,76.9000,35,1
2026-03-17,000333,13:54:42,76.9100,33,1
2026-03-17,000333,13:54:45,76.9100,23,1
2026-03-17,000333,13:54:48,76.9000,8,1
2026-03-17,000333,13:54:51,76.9000,3,1
2026-03-17,000333,13:54:54,76.9100,15,1
2026-03-17,000333,13:54:57,76.9000,4,1
2026-03-17,000333,13:55:00,76.9000,54,1
2026-03-17,000333,13:55:03,76.8900,15,2
2026-03-17,000333,13:55:06,76.9000,35,1
2026-03-17,000333,13:55:09,76.9000,15,1
2026-03-17,000333,13:55:12,76.9100,43,1
2026-03-17,000333,13:55:15,76.9100,27,1
2026-03-17,000333,13:55:18,76.8900,17,2
2026-03-17,000333,13:55:21,76.8900,17,2
2026-03-17,000333,13:55:24,76.8900,32,1
2026-03-17,000333,13:55:27,76.8900,3,1
2026-03-17,000333,13:55:30,76.8900,13,1
2026-03-17,000333,13:55:33,76.8900,3,1
2026-03-17,000333,13:55:42,76.8900,15,1
2026-03-17,000333,13:55:45,76.8900,1,1
2026-03-17,000333,13:55:48,76.8900,4,1
2026-03-17,000333,13:55:51,76.8800,14,2
2026-03-17,000333,13:55:54,76.8800,28,2
2026-03-17,000333,13:55:57,76.8700,16,2
2026-03-17,000333,13:56:00,76.8800,9,1
2026-03-17,000333,13:56:03,76.8700,58,2
2026-03-17,000333,13:56:06,76.8800,8,1
2026-03-17,000333,13:56:09,76.8800,6,1
2026-03-17,000333,13:56:12,76.8800,10,1
2026-03-17,000333,13:56:15,76.8700,5,2
2026-03-17,000333,13:56:18,76.8700,5,2
2026-03-17,000333,13:56:21,76.8700,25,2
2026-03-17,000333,13:56:24,76.8600,46,2
2026-03-17,000333,13:56:27,76.8800,24,1
2026-03-17,000333,13:56:30,76.8600,68,2
2026-03-17,000333,13:56:36,76.8600,2,2
2026-03-17,000333,13:56:39,76.8600,6,2
2026-03-17,000333,13:56:42,76.8700,3,1
2026-03-17,000333,13:56:45,76.8700,20,1
2026-03-17,000333,13:56:48,76.8600,16,2
2026-03-17,000333,13:56:51,76.8600,19,2
2026-03-17,000333,13:56:57,76.8600,3,1
2026-03-17,000333,13:57:00,76.8600,5,1
2026-03-17,000333,13:57:03,76.8500,15,2
2026-03-17,000333,13:57:06,76.8600,2,1
2026-03-17,000333,13:57:09,76.8600,16,1
2026-03-17,000333,13:57:12,76.8600,32,1
2026-03-17,000333,13:57:15,76.8600,45,1
2026-03-17,000333,13:57:18,76.8700,19,1
2026-03-17,000333,13:57:21,76.8700,3,1
2026-03-17,000333,13:57:24,76.8700,2,1
2026-03-17,000333,13:57:27,76.8600,8,2
2026-03-17,000333,13:57:30,76.8700,28,1
2026-03-17,000333,13:57:33,76.8600,4,2
2026-03-17,000333,13:57:36,76.8700,5,1
2026-03-17,000333,13:57:39,76.8700,12,1
2026-03-17,000333,13:57:42,76.8700,3,1
2026-03-17,000333,13:57:45,76.8700,8,1
2026-03-17,000333,13:57:48,76.8700,9,1
2026-03-17,000333,13:57:51,76.8600,12,2
2026-03-17,000333,13:57:54,76.8600,3,2
2026-03-17,000333,13:57:57,76.8600,36,2
2026-03-17,000333,13:58:00,76.8600,29,2
2026-03-17,000333,13:58:03,76.8700,4,1
2026-03-17,000333,13:58:06,76.8600,16,2
2026-03-17,000333,13:58:09,76.8700,39,1
2026-03-17,000333,13:58:12,76.8500,71,2
2026-03-17,000333,13:58:15,76.8600,17,4
2026-03-17,000333,13:58:18,76.8700,110,1
2026-03-17,000333,13:58:21,76.8500,3,2
2026-03-17,000333,13:58:24,76.8500,44,2
2026-03-17,000333,13:58:27,76.8400,5,2
2026-03-17,000333,13:58:30,76.8400,8,2
2026-03-17,000333,13:58:33,76.8500,31,1
2026-03-17,000333,13:58:36,76.8400,1,2
2026-03-17,000333,13:58:39,76.8400,1,2
2026-03-17,000333,13:58:42,76.8400,38,2
2026-03-17,000333,13:58:45,76.8300,17,2
2026-03-17,000333,13:58:48,76.8300,11,2
2026-03-17,000333,13:58:51,76.8200,11,2
2026-03-17,000333,13:58:54,76.8200,8,2
2026-03-17,000333,13:58:57,76.8100,11,2
2026-03-17,000333,13:59:00,76.8300,9,1
2026-03-17,000333,13:59:03,76.8200,1,1
2026-03-17,000333,13:59:06,76.8100,9,2
2026-03-17,000333,13:59:09,76.8200,4,1
2026-03-17,000333,13:59:12,76.8000,2,2
2026-03-17,000333,13:59:15,76.8000,125,2
2026-03-17,000333,13:59:18,76.7800,55,2
2026-03-17,000333,13:59:21,76.7900,17,1
2026-03-17,000333,13:59:24,76.7900,18,1
2026-03-17,000333,13:59:27,76.7800,3,2
2026-03-17,000333,13:59:30,76.7800,16,2
2026-03-17,000333,13:59:33,76.7900,8,1
2026-03-17,000333,13:59:36,76.7800,85,2
2026-03-17,000333,13:59:39,76.7900,10,1
2026-03-17,000333,13:59:42,76.7900,8,2
2026-03-17,000333,13:59:45,76.7900,2,2
2026-03-17,000333,13:59:48,76.7800,45,2
2026-03-17,000333,13:59:51,76.7800,14,2
2026-03-17,000333,13:59:54,76.7900,47,1
2026-03-17,000333,13:59:57,76.7800,16,2
2026-03-17,000333,14:00:00,76.7900,9,1
2026-03-17,000333,14:00:03,76.7800,89,2
2026-03-17,000333,14:00:06,76.7700,7,2
2026-03-17,000333,14:00:09,76.7800,4,1
2026-03-17,000333,14:00:12,76.7700,3,2
2026-03-17,000333,14:00:15,76.7700,1,2
2026-03-17,000333,14:00:18,76.7700,80,2
2026-03-17,000333,14:00:21,76.7700,12,1
2026-03-17,000333,14:00:24,76.7700,27,1
2026-03-17,000333,14:00:27,76.7700,6,1
2026-03-17,000333,14:00:30,76.7700,3,1
2026-03-17,000333,14:00:33,76.7500,250,2
2026-03-17,000333,14:00:36,76.7400,33,2
2026-03-17,000333,14:00:39,76.7500,30,1
2026-03-17,000333,14:00:42,76.7500,23,1
2026-03-17,000333,14:00:45,76.7400,16,1
2026-03-17,000333,14:00:48,76.7300,5,2
2026-03-17,000333,14:00:51,76.7400,16,1
2026-03-17,000333,14:00:54,76.7300,20,2
2026-03-17,000333,14:00:57,76.7400,7,1
2026-03-17,000333,14:01:00,76.7300,6,2
2026-03-17,000333,14:01:06,76.7600,124,1
2026-03-17,000333,14:01:09,76.7700,168,1
2026-03-17,000333,14:01:12,76.7500,61,2
2026-03-17,000333,14:01:15,76.7500,18,1
2026-03-17,000333,14:01:18,76.7500,13,1
2026-03-17,000333,14:01:21,76.7400,66,2
2026-03-17,000333,14:01:24,76.7700,41,1
2026-03-17,000333,14:01:27,76.7500,18,4
2026-03-17,000333,14:01:30,76.7600,9,1
2026-03-17,000333,14:01:33,76.7600,7,1
2026-03-17,000333,14:01:36,76.7500,4,2
2026-03-17,000333,14:01:39,76.7500,7,2
2026-03-17,000333,14:01:42,76.7500,10,1
2026-03-17,000333,14:01:45,76.7500,1,1
2026-03-17,000333,14:01:48,76.7300,29,2
2026-03-17,000333,14:01:51,76.7400,4,1
2026-03-17,000333,14:01:54,76.7500,10,1
2026-03-17,000333,14:01:57,76.7300,16,2
2026-03-17,000333,14:02:00,76.7300,8,2
2026-03-17,000333,14:02:03,76.7300,20,2
2026-03-17,000333,14:02:06,76.7400,58,1
2026-03-17,000333,14:02:09,76.7500,31,1
2026-03-17,000333,14:02:12,76.7600,51,1
2026-03-17,000333,14:02:15,76.7700,32,1
2026-03-17,000333,14:02:18,76.7600,54,2
2026-03-17,000333,14:02:21,76.7700,4,1
2026-03-17,000333,14:02:24,76.7600,21,2
2026-03-17,000333,14:02:27,76.7700,5,1
2026-03-17,000333,14:02:30,76.7700,2,1
2026-03-17,000333,14:02:33,76.7600,50,2
2026-03-17,000333,14:02:36,76.7600,30,1
2026-03-17,000333,14:02:39,76.7700,1,1
2026-03-17,000333,14:02:42,76.7700,2,1
2026-03-17,000333,14:02:45,76.7700,6,1
2026-03-17,000333,14:02:48,76.7600,46,2
2026-03-17,000333,14:02:51,76.7500,68,2
2026-03-17,000333,14:02:54,76.7600,2,1
2026-03-17,000333,14:02:57,76.7600,2,1
2026-03-17,000333,14:03:00,76.7600,27,1
2026-03-17,000333,14:03:03,76.7600,4,1
2026-03-17,000333,14:03:06,76.7500,50,2
2026-03-17,000333,14:03:09,76.7500,1,2
2026-03-17,000333,14:03:12,76.7600,35,1
2026-03-17,000333,14:03:15,76.7600,38,1
2026-03-17,000333,14:03:18,76.7500,30,2
2026-03-17,000333,14:03:21,76.7500,32,2
2026-03-17,000333,14:03:24,76.7500,11,2
2026-03-17,000333,14:03:27,76.7500,29,2
2026-03-17,000333,14:03:30,76.7500,61,2
2026-03-17,000333,14:03:33,76.7500,20,2
2026-03-17,000333,14:03:36,76.7500,88,1
2026-03-17,000333,14:03:39,76.7300,18,2
2026-03-17,000333,14:03:42,76.7400,7,1
2026-03-17,000333,14:03:45,76.7400,18,1
2026-03-17,000333,14:03:48,76.7400,18,1
2026-03-17,000333,14:03:51,76.7400,30,1
2026-03-17,000333,14:03:54,76.7200,58,2
2026-03-17,000333,14:03:57,76.7300,23,1
2026-03-17,000333,14:04:00,76.7300,26,1
2026-03-17,000333,14:04:03,76.7300,4,2
2026-03-17,000333,14:04:06,76.7400,27,1
2026-03-17,000333,14:04:09,76.7300,31,2
2026-03-17,000333,14:04:12,76.7400,41,1
2026-03-17,000333,14:04:15,76.7300,3,2
2026-03-17,000333,14:04:18,76.7400,3,1
2026-03-17,000333,14:04:21,76.7100,225,2
2026-03-17,000333,14:04:24,76.7000,8,2
2026-03-17,000333,14:04:27,76.7000,2,2
2026-03-17,000333,14:04:30,76.7300,650,1
2026-03-17,000333,14:04:33,76.7000,507,2
2026-03-17,000333,14:04:36,76.7300,35,1
2026-03-17,000333,14:04:39,76.7100,7,2
2026-03-17,000333,14:04:42,76.7200,21,1
2026-03-17,000333,14:04:45,76.7100,7,4
2026-03-17,000333,14:04:48,76.7000,19,2
2026-03-17,000333,14:04:51,76.7000,23,2
2026-03-17,000333,14:04:54,76.7100,54,1
2026-03-17,000333,14:04:57,76.7000,3,2
2026-03-17,000333,14:05:00,76.7100,2,1
2026-03-17,000333,14:05:03,76.7000,21,2
2026-03-17,000333,14:05:06,76.7100,14,1
2026-03-17,000333,14:05:09,76.7000,52,2
2026-03-17,000333,14:05:12,76.7000,28,1
2026-03-17,000333,14:05:15,76.7100,30,1
2026-03-17,000333,14:05:18,76.7100,23,1
2026-03-17,000333,14:05:21,76.7100,33,1
2026-03-17,000333,14:05:24,76.7100,68,4
2026-03-17,000333,14:05:27,76.7200,33,1
2026-03-17,000333,14:05:30,76.7300,9,1
2026-03-17,000333,14:05:33,76.7300,22,1
2026-03-17,000333,14:05:36,76.7200,16,2
2026-03-17,000333,14:05:39,76.7200,11,1
2026-03-17,000333,14:05:42,76.7200,6,1
2026-03-17,000333,14:05:45,76.7100,1,2
2026-03-17,000333,14:05:48,76.7100,26,2
2026-03-17,000333,14:05:51,76.7100,5,2
2026-03-17,000333,14:05:54,76.7100,72,2
2026-03-17,000333,14:05:57,76.7000,85,2
2026-03-17,000333,14:06:00,76.7000,12,1
2026-03-17,000333,14:06:03,76.6900,27,2
2026-03-17,000333,14:06:06,76.7000,12,1
2026-03-17,000333,14:06:09,76.7000,2,1
2026-03-17,000333,14:06:12,76.7000,2,1
2026-03-17,000333,14:06:15,76.6900,16,2
2026-03-17,000333,14:06:18,76.7000,14,1
2026-03-17,000333,14:06:21,76.6900,12,2
2026-03-17,000333,14:06:24,76.6900,43,2
2026-03-17,000333,14:06:27,76.6800,28,2
2026-03-17,000333,14:06:30,76.6900,12,4
2026-03-17,000333,10:48:51,77.0300,71,1
2026-03-17,000333,10:48:54,77.0300,1,1
2026-03-17,000333,10:48:57,77.0300,9,1
2026-03-17,000333,10:49:00,77.0300,1,1
2026-03-17,000333,10:49:03,77.0200,49,2
2026-03-17,000333,10:49:06,77.0200,44,2
2026-03-17,000333,10:49:09,77.0300,13,1
2026-03-17,000333,10:49:12,77.0200,1,2
2026-03-17,000333,10:49:15,77.0200,15,2
2026-03-17,000333,10:49:18,77.0200,11,2
2026-03-17,000333,10:49:21,77.0200,6,2
2026-03-17,000333,10:49:24,77.0200,19,2
2026-03-17,000333,10:49:27,77.0100,26,2
2026-03-17,000333,10:49:30,77.0200,16,1
2026-03-17,000333,10:49:33,77.0200,2,1
2026-03-17,000333,10:49:36,77.0200,7,1
2026-03-17,000333,10:49:39,77.0200,2,1
2026-03-17,000333,10:49:45,77.0100,1,2
2026-03-17,000333,10:49:48,77.0200,2,1
2026-03-17,000333,10:49:51,77.0100,1,2
2026-03-17,000333,10:49:57,77.0100,5,2
2026-03-17,000333,10:50:00,77.0100,3,2
2026-03-17,000333,10:50:03,77.0200,53,1
2026-03-17,000333,10:50:06,77.0100,18,2
2026-03-17,000333,10:50:09,77.0100,3,2
2026-03-17,000333,10:50:12,77.0100,1,2
2026-03-17,000333,10:50:15,77.0100,4,2
2026-03-17,000333,10:50:18,77.0100,11,2
2026-03-17,000333,10:50:21,77.0100,6,2
2026-03-17,000333,10:50:24,77.0200,10,1
2026-03-17,000333,10:50:27,76.9900,2884,2
2026-03-17,000333,10:50:30,76.9800,62,2
2026-03-17,000333,10:50:33,76.9600,372,2
2026-03-17,000333,10:50:36,76.9700,8,1
2026-03-17,000333,10:50:39,76.9600,5,4
2026-03-17,000333,10:50:42,76.9500,18,2
2026-03-17,000333,10:50:45,76.9600,7,1
2026-03-17,000333,10:50:51,76.9500,24,2
2026-03-17,000333,10:50:54,76.9500,1,2
2026-03-17,000333,10:50:57,76.9500,11,2
2026-03-17,000333,10:51:00,76.9600,9,1
2026-03-17,000333,10:51:03,76.9500,45,2
2026-03-17,000333,10:51:06,76.9600,101,1
2026-03-17,000333,10:51:09,76.9800,227,1
2026-03-17,000333,10:51:12,76.9900,36,1
2026-03-17,000333,10:51:15,77.0000,31,1
2026-03-17,000333,10:51:18,77.0000,38,2
2026-03-17,000333,10:51:21,77.0000,1,2
2026-03-17,000333,10:51:24,77.0000,15,2
2026-03-17,000333,10:51:27,77.0000,2,2
2026-03-17,000333,10:51:30,77.0000,7,2
2026-03-17,000333,10:51:33,77.0000,1,2
2026-03-17,000333,10:51:36,77.0000,18,2
2026-03-17,000333,10:51:42,77.0000,4,1
2026-03-17,000333,10:51:45,77.0000,8,1
2026-03-17,000333,10:51:48,77.0000,5,1
2026-03-17,000333,10:51:51,76.9900,3,2
2026-03-17,000333,10:51:54,77.0000,35,1
2026-03-17,000333,10:51:57,77.0000,3,1
2026-03-17,000333,10:52:00,77.0000,16,1
2026-03-17,000333,10:52:03,77.0000,45,1
2026-03-17,000333,10:52:06,77.0100,34,1
2026-03-17,000333,10:52:09,77.0100,14,1
2026-03-17,000333,10:52:12,77.0000,8,2
2026-03-17,000333,10:52:15,77.0000,42,2
2026-03-17,000333,10:52:18,76.9900,7,2
2026-03-17,000333,10:52:21,77.0000,11,1
2026-03-17,000333,10:52:24,76.9800,6,2
2026-03-17,000333,10:52:27,76.9900,5,1
2026-03-17,000333,10:52:30,76.9900,21,1
2026-03-17,000333,10:52:33,76.9900,56,1
2026-03-17,000333,10:52:36,77.0000,5,1
2026-03-17,000333,10:52:39,76.9900,1,2
2026-03-17,000333,10:52:42,76.9900,2,2
2026-03-17,000333,10:52:45,76.9900,8,2
2026-03-17,000333,10:52:48,77.0000,21,1
2026-03-17,000333,10:52:51,77.0000,1,1
2026-03-17,000333,10:52:54,76.9900,1,2
2026-03-17,000333,10:53:00,77.0000,1,1
2026-03-17,000333,10:53:03,77.0100,124,1
2026-03-17,000333,10:53:06,77.0100,12,1
2026-03-17,000333,10:53:09,77.0000,19,2
2026-03-17,000333,10:53:12,77.0000,15,2
2026-03-17,000333,10:53:15,77.0000,10,2
2026-03-17,000333,10:53:18,77.0000,50,2
2026-03-17,000333,10:53:21,77.0100,3,1
2026-03-17,000333,10:53:24,77.0100,23,1
2026-03-17,000333,10:53:27,77.0000,16,2
2026-03-17,000333,10:53:30,77.0000,10,2
2026-03-17,000333,10:53:36,77.0000,1,1
2026-03-17,000333,10:53:39,76.9900,11,2
2026-03-17,000333,10:53:42,77.0000,13,1
2026-03-17,000333,10:53:48,77.0000,33,1
2026-03-17,000333,10:53:51,76.9900,30,2
2026-03-17,000333,10:53:54,77.0100,84,1
2026-03-17,000333,10:53:57,77.0100,9,1
2026-03-17,000333,10:54:00,77.0100,104,1
2026-03-17,000333,10:54:03,77.0200,61,1
2026-03-17,000333,10:54:06,77.0100,10,2
2026-03-17,000333,10:54:09,77.0200,2,1
2026-03-17,000333,10:54:12,77.0100,3,2
2026-03-17,000333,10:54:15,77.0200,17,1
2026-03-17,000333,10:54:18,77.0100,3,2
2026-03-17,000333,10:54:21,77.0100,2,2
2026-03-17,000333,10:54:24,77.0200,2,1
2026-03-17,000333,10:54:27,77.0200,1,1
2026-03-17,000333,10:54:33,77.0100,1,2
2026-03-17,000333,10:54:39,77.0100,2,2
2026-03-17,000333,10:54:42,77.0100,5,2
2026-03-17,000333,10:54:45,77.0200,1,1
2026-03-17,000333,10:54:48,77.0200,4,1
2026-03-17,000333,10:54:51,77.0200,16,1
2026-03-17,000333,10:54:54,77.0200,23,1
2026-03-17,000333,10:55:00,77.0200,1,1
2026-03-17,000333,10:55:03,77.0100,74,2
2026-03-17,000333,10:55:06,77.0200,21,1
2026-03-17,000333,10:55:09,77.0200,14,1
2026-03-17,000333,10:55:12,77.0200,4,1
2026-03-17,000333,10:55:15,77.0200,27,1
2026-03-17,000333,10:55:18,77.0100,9,2
2026-03-17,000333,10:55:21,77.0100,15,2
2026-03-17,000333,10:55:27,77.0100,23,2
2026-03-17,000333,10:55:30,77.0100,51,2
2026-03-17,000333,10:55:33,77.0100,27,2
2026-03-17,000333,10:55:36,77.0000,30,2
2026-03-17,000333,10:55:39,77.0000,19,2
2026-03-17,000333,10:55:42,77.0000,8,2
2026-03-17,000333,10:55:45,77.0000,29,2
2026-03-17,000333,10:55:48,77.0000,2,2
2026-03-17,000333,10:55:51,77.0000,3,2
2026-03-17,000333,10:55:54,77.0100,12,1
2026-03-17,000333,10:55:57,76.9900,8,2
2026-03-17,000333,10:56:00,77.0000,12,1
2026-03-17,000333,10:56:03,77.0000,33,1
2026-03-17,000333,10:56:06,77.0000,29,1
2026-03-17,000333,10:56:09,77.0000,16,1
2026-03-17,000333,10:56:12,77.0000,27,1
2026-03-17,000333,10:56:15,77.0000,81,1
2026-03-17,000333,10:56:18,77.0000,51,1
2026-03-17,000333,10:56:21,77.0000,26,2
2026-03-17,000333,10:56:24,77.0000,16,2
2026-03-17,000333,10:56:30,77.0100,3,1
2026-03-17,000333,10:56:33,77.0000,17,2
2026-03-17,000333,10:56:36,77.0000,3,2
2026-03-17,000333,10:56:39,77.0100,8,1
2026-03-17,000333,10:56:42,77.0100,3,1
2026-03-17,000333,10:56:45,77.0100,1,1
2026-03-17,000333,10:56:48,77.0100,2,1
2026-03-17,000333,10:56:51,77.0100,3,1
2026-03-17,000333,10:56:54,77.0100,9,1
2026-03-17,000333,10:56:57,77.0000,3,2
2026-03-17,000333,10:57:00,77.0100,2,1
2026-03-17,000333,10:57:03,77.0100,72,1
2026-03-17,000333,10:57:06,77.0100,317,1
2026-03-17,000333,10:57:09,77.0200,87,1
2026-03-17,000333,10:57:15,77.0200,116,1
2026-03-17,000333,10:57:18,77.0200,1,2
2026-03-17,000333,10:57:21,77.0200,1,2
2026-03-17,000333,10:57:24,77.0300,21,1
2026-03-17,000333,10:57:27,77.0200,3,2
2026-03-17,000333,10:57:30,77.0200,1,2
2026-03-17,000333,10:57:36,77.0300,4,1
2026-03-17,000333,10:57:39,77.0300,1,1
2026-03-17,000333,10:57:42,77.0300,5,1
2026-03-17,000333,10:57:45,77.0300,20,1
2026-03-17,000333,10:57:48,77.0300,10,1
2026-03-17,000333,10:57:51,77.0300,18,1
2026-03-17,000333,10:57:54,77.0300,26,1
2026-03-17,000333,10:57:57,77.0300,13,1
2026-03-17,000333,10:58:00,77.0300,2,1
2026-03-17,000333,10:58:03,77.0200,49,2
2026-03-17,000333,10:58:06,77.0200,60,2
2026-03-17,000333,10:58:09,77.0200,11,1
2026-03-17,000333,10:58:12,77.0200,9,1
2026-03-17,000333,10:58:15,77.0200,1,1
2026-03-17,000333,10:58:21,77.0200,2,1
2026-03-17,000333,10:58:24,77.0100,24,2
2026-03-17,000333,10:58:27,77.0200,4,1
2026-03-17,000333,10:58:30,77.0100,1,2
2026-03-17,000333,10:58:33,77.0200,2,1
2026-03-17,000333,10:58:39,77.0200,2,1
2026-03-17,000333,10:58:42,77.0100,3,2
2026-03-17,000333,10:58:45,77.0100,3,2
2026-03-17,000333,10:58:48,77.0100,6,2
2026-03-17,000333,10:58:51,77.0100,1,2
2026-03-17,000333,10:58:54,77.0100,11,2
2026-03-17,000333,10:58:57,77.0200,6,1
2026-03-17,000333,10:59:00,77.0200,14,1
2026-03-17,000333,10:59:03,77.0100,51,2
2026-03-17,000333,10:59:06,77.0100,19,2
2026-03-17,000333,10:59:09,77.0100,16,2
2026-03-17,000333,10:59:18,77.0100,4,2
2026-03-17,000333,10:59:21,77.0100,32,2
2026-03-17,000333,10:59:24,77.0200,52,1
2026-03-17,000333,10:59:27,77.0100,3,2
2026-03-17,000333,10:59:30,77.0100,30,2
2026-03-17,000333,10:59:33,77.0100,10,2
2026-03-17,000333,10:59:36,77.0100,25,2
2026-03-17,000333,10:59:39,77.0100,4,2
2026-03-17,000333,10:59:42,77.0200,23,1
2026-03-17,000333,10:59:51,77.0200,5,1
2026-03-17,000333,10:59:54,77.0100,1,2
2026-03-17,000333,10:59:57,77.0100,14,2
2026-03-17,000333,11:00:00,77.0200,277,1
2026-03-17,000333,11:00:03,77.0200,120,1
2026-03-17,000333,11:00:06,77.0100,40,2
2026-03-17,000333,11:00:09,77.0100,46,2
2026-03-17,000333,11:00:12,77.0100,18,2
2026-03-17,000333,11:00:15,77.0200,21,1
2026-03-17,000333,11:00:18,77.0100,24,2
2026-03-17,000333,11:00:21,77.0100,14,1
2026-03-17,000333,11:00:24,77.0100,15,1
2026-03-17,000333,11:00:27,77.0000,2,2
2026-03-17,000333,11:00:33,77.0100,2,1
2026-03-17,000333,11:00:39,77.0000,4,2
2026-03-17,000333,11:00:42,77.0000,125,2
2026-03-17,000333,11:00:45,77.0000,6,2
2026-03-17,000333,11:00:48,77.0000,28,2
2026-03-17,000333,11:00:51,77.0000,21,2
2026-03-17,000333,11:00:54,76.9900,5,2
2026-03-17,000333,11:00:57,77.0000,28,1
2026-03-17,000333,11:01:00,77.0000,29,1
2026-03-17,000333,11:01:03,76.9900,61,2
2026-03-17,000333,11:01:06,77.0000,7,1
2026-03-17,000333,11:01:09,77.0000,2,1
2026-03-17,000333,11:01:12,77.0100,123,1
2026-03-17,000333,11:01:15,77.0200,35,1
2026-03-17,000333,11:01:18,77.0100,22,2
2026-03-17,000333,11:01:21,77.0100,15,1
2026-03-17,000333,11:01:24,77.0100,16,4
2026-03-17,000333,11:01:27,77.0100,1,2
2026-03-17,000333,11:01:33,77.0100,27,2
2026-03-17,000333,11:01:36,77.0200,32,1
2026-03-17,000333,11:01:39,77.0200,17,1
2026-03-17,000333,11:01:42,77.0100,24,2
2026-03-17,000333,11:01:45,77.0100,6,2
2026-03-17,000333,11:01:48,77.0100,9,2
2026-03-17,000333,11:01:51,77.0100,7,2
2026-03-17,000333,11:01:57,77.0200,6,1
2026-03-17,000333,11:02:00,77.0100,13,2
2026-03-17,000333,11:02:03,77.0100,54,2
2026-03-17,000333,11:02:06,77.0400,198,1
2026-03-17,000333,11:02:09,77.0400,61,1
2026-03-17,000333,11:02:12,77.0300,13,2
2026-03-17,000333,11:02:15,77.0400,41,1
2026-03-17,000333,11:02:18,77.0500,28,1
2026-03-17,000333,11:02:21,77.0500,6,1
2026-03-17,000333,11:02:24,77.0400,3,2
2026-03-17,000333,11:02:30,77.0500,16,1
2026-03-17,000333,11:02:33,77.0500,22,1
2026-03-17,000333,11:02:36,77.0400,24,2
2026-03-17,000333,11:02:39,77.0400,15,2
2026-03-17,000333,11:02:42,77.0400,9,2
2026-03-17,000333,11:02:45,77.0300,3,2
2026-03-17,000333,11:02:48,77.0400,2,1
2026-03-17,000333,11:02:51,77.0300,2,2
2026-03-17,000333,11:02:54,77.0400,7,1
2026-03-17,000333,11:03:00,77.0300,2,2
2026-03-17,000333,11:03:03,77.0300,31,2
2026-03-17,000333,11:03:06,77.0300,12,2
2026-03-17,000333,11:03:09,77.0300,16,2
2026-03-17,000333,11:03:12,77.0300,24,2
2026-03-17,000333,11:03:15,77.0300,16,2
2026-03-17,000333,11:03:18,77.0200,37,2
2026-03-17,000333,11:03:24,77.0100,23,2
2026-03-17,000333,11:03:27,77.0100,1,2
2026-03-17,000333,11:03:36,77.0200,12,2
2026-03-17,000333,11:03:39,77.0200,3,1
2026-03-17,000333,11:03:42,77.0200,3,1
2026-03-17,000333,11:03:48,77.0200,9,1
2026-03-17,000333,11:03:51,77.0100,5,2
2026-03-17,000333,11:04:00,77.0100,17,2
2026-03-17,000333,11:04:03,77.0200,32,1
2026-03-17,000333,11:04:06,77.0100,27,2
2026-03-17,000333,11:04:09,77.0100,6,2
2026-03-17,000333,11:04:12,77.0100,9,2
2026-03-17,000333,11:04:15,77.0100,17,2
2026-03-17,000333,11:04:18,77.0000,3,2
2026-03-17,000333,11:04:21,77.0100,26,1
2026-03-17,000333,11:04:24,77.0200,14,1
2026-03-17,000333,11:04:27,77.0200,3,1
2026-03-17,000333,11:04:30,77.0200,16,1
2026-03-17,000333,11:04:33,77.0100,11,2
2026-03-17,000333,11:04:36,77.0100,30,2
2026-03-17,000333,11:04:39,77.0100,1,1
2026-03-17,000333,11:04:42,77.0000,12,2
2026-03-17,000333,11:04:45,77.0000,26,2
2026-03-17,000333,11:04:48,77.0000,11,2
2026-03-17,000333,11:04:51,77.0000,15,2
2026-03-17,000333,11:04:54,77.0100,123,1
2026-03-17,000333,11:04:57,77.0100,33,2
2026-03-17,000333,11:05:00,77.0100,14,2
2026-03-17,000333,11:05:03,76.9900,70,2
2026-03-17,000333,11:05:06,76.9900,12,2
2026-03-17,000333,11:05:09,77.0000,24,1
2026-03-17,000333,11:05:12,77.0000,4,1
2026-03-17,000333,11:05:15,77.0000,23,1
2026-03-17,000333,11:05:21,76.9900,25,2
2026-03-17,000333,11:05:27,77.0000,3,1
2026-03-17,000333,11:05:30,76.9900,5,2
2026-03-17,000333,11:05:33,76.9900,50,2
2026-03-17,000333,11:05:36,76.9900,3,2
2026-03-17,000333,11:05:39,76.9900,1,2
2026-03-17,000333,11:05:45,76.9900,2,2
2026-03-17,000333,11:05:48,76.9900,2,2
2026-03-17,000333,11:05:51,76.9900,16,2
2026-03-17,000333,11:05:54,76.9900,2,2
2026-03-17,000333,11:05:57,76.9900,1,2
2026-03-17,000333,11:06:03,76.9900,50,2
2026-03-17,000333,11:06:06,76.9900,38,2
2026-03-17,000333,11:06:09,76.9900,8,2
2026-03-17,000333,11:06:12,76.9900,32,2
2026-03-17,000333,11:06:15,76.9800,18,2
2026-03-17,000333,11:06:18,76.9800,2,2
2026-03-17,000333,11:06:21,76.9800,52,2
2026-03-17,000333,11:06:24,76.9800,37,2
2026-03-17,000333,11:06:27,76.9800,13,2
2026-03-17,000333,11:06:30,76.9800,15,2
2026-03-17,000333,11:06:33,76.9700,3,2
2026-03-17,000333,11:06:42,76.9700,1,2
2026-03-17,000333,11:06:45,76.9700,2,2
2026-03-17,000333,11:06:48,76.9700,5,2
2026-03-17,000333,11:06:51,76.9700,20,2
2026-03-17,000333,11:06:54,76.9700,11,2
2026-03-17,000333,11:06:57,76.9700,15,2
2026-03-17,000333,11:07:00,76.9700,53,1
2026-03-17,000333,11:07:03,76.9700,1,1
2026-03-17,000333,11:07:06,76.9600,11,4
2026-03-17,000333,11:07:09,76.9700,28,1
2026-03-17,000333,11:07:12,76.9500,9,2
2026-03-17,000333,11:07:15,76.9700,130,1
2026-03-17,000333,11:07:18,76.9600,8,2
2026-03-17,000333,11:07:24,76.9700,15,1
2026-03-17,000333,11:07:27,76.9600,38,2
2026-03-17,000333,11:07:30,76.9700,119,1
2026-03-17,000333,11:07:33,76.9600,13,2
2026-03-17,000333,11:07:36,76.9800,16,1
2026-03-17,000333,11:07:39,76.9800,5,1
2026-03-17,000333,11:07:42,76.9700,2,2
2026-03-17,000333,11:07:45,76.9800,38,1
2026-03-17,000333,11:07:48,76.9700,4,2
2026-03-17,000333,11:07:51,76.9800,14,1
2026-03-17,000333,11:07:54,76.9800,2,1
2026-03-17,000333,11:07:57,76.9700,7,2
2026-03-17,000333,11:08:00,76.9700,3,2
2026-03-17,000333,11:08:03,76.9700,42,2
2026-03-17,000333,11:08:06,76.9700,23,2
2026-03-17,000333,11:08:09,76.9700,27,1
2026-03-17,000333,11:08:12,76.9600,22,2
2026-03-17,000333,11:08:15,76.9700,20,1
2026-03-17,000333,11:08:18,76.9700,2,2
2026-03-17,000333,11:08:21,76.9600,1,2
2026-03-17,000333,11:08:24,76.9600,1,2
2026-03-17,000333,11:08:27,76.9600,13,2
2026-03-17,000333,11:08:30,76.9600,9,2
2026-03-17,000333,11:08:33,76.9600,24,2
2026-03-17,000333,11:08:36,76.9500,27,2
2026-03-17,000333,11:08:39,76.9600,19,1
2026-03-17,000333,11:08:42,76.9500,20,2
2026-03-17,000333,11:08:45,76.9500,29,2
2026-03-17,000333,11:08:48,76.9600,5,1
2026-03-17,000333,11:08:51,76.9500,2,2
2026-03-17,000333,11:08:54,76.9500,27,2
2026-03-17,000333,11:08:57,76.9500,47,2
2026-03-17,000333,11:09:00,76.9600,806,1
2026-03-17,000333,11:09:03,76.9800,92,1
2026-03-17,000333,11:09:06,76.9700,37,2
2026-03-17,000333,11:09:09,76.9700,24,2
2026-03-17,000333,11:09:12,76.9900,13,1
2026-03-17,000333,11:09:15,76.9700,17,2
2026-03-17,000333,11:09:18,76.9800,7,4
2026-03-17,000333,11:09:21,76.9700,4,2
2026-03-17,000333,11:09:24,76.9800,15,1
2026-03-17,000333,11:09:27,76.9700,5,2
2026-03-17,000333,11:09:30,76.9700,2,2
2026-03-17,000333,11:09:33,76.9800,2,1
2026-03-17,000333,11:09:36,76.9700,1,2
2026-03-17,000333,11:09:39,76.9700,10,2
2026-03-17,000333,11:09:42,76.9800,4,1
2026-03-17,000333,11:09:45,76.9700,2,2
2026-03-17,000333,11:09:48,76.9700,24,2
2026-03-17,000333,11:09:51,76.9700,7,2
2026-03-17,000333,11:09:54,76.9700,1,2
2026-03-17,000333,11:09:57,76.9700,1,2
2026-03-17,000333,11:10:00,76.9800,3,1
2026-03-17,000333,11:10:03,76.9700,45,2
2026-03-17,000333,11:10:06,76.9700,4,2
2026-03-17,000333,11:10:09,76.9700,29,2
2026-03-17,000333,11:10:12,76.9800,40,1
2026-03-17,000333,11:10:15,76.9600,29,2
2026-03-17,000333,11:10:18,76.9600,13,2
2026-03-17,000333,11:10:21,76.9700,16,1
2026-03-17,000333,11:10:24,76.9700,6,1
2026-03-17,000333,11:10:27,76.9700,14,1
2026-03-17,000333,11:10:30,76.9700,4,1
2026-03-17,000333,11:10:33,76.9600,31,2
2026-03-17,000333,11:10:36,76.9600,22,1
2026-03-17,000333,11:10:42,76.9700,104,1
2026-03-17,000333,11:10:45,76.9700,21,2
2026-03-17,000333,11:10:48,76.9700,67,2
2026-03-17,000333,11:10:51,76.9700,2,2
2026-03-17,000333,11:10:54,76.9700,19,2
2026-03-17,000333,11:10:57,76.9700,32,2
2026-03-17,000333,11:11:00,76.9800,5,1
2026-03-17,000333,11:11:03,76.9600,60,2
2026-03-17,000333,11:11:06,76.9600,19,2
2026-03-17,000333,11:11:12,76.9700,4,2
2026-03-17,000333,11:11:15,76.9800,24,1
2026-03-17,000333,11:11:18,76.9800,22,1
2026-03-17,000333,11:11:21,76.9800,40,1
2026-03-17,000333,11:11:24,76.9800,42,2
2026-03-17,000333,11:11:27,77.0000,10,1
2026-03-17,000333,11:11:30,77.0000,1,1
2026-03-17,000333,11:11:36,76.9900,78,2
2026-03-17,000333,11:11:39,77.0000,97,1
2026-03-17,000333,11:11:42,77.0000,15,1
2026-03-17,000333,11:11:45,77.0100,8,1
2026-03-17,000333,11:11:48,77.0000,3,4
2026-03-17,000333,11:11:51,77.0000,1,1
2026-03-17,000333,11:11:54,77.0000,20,1
2026-03-17,000333,11:11:57,77.0000,16,1
2026-03-17,000333,11:12:00,77.0100,3,1
2026-03-17,000333,11:12:03,77.0000,25,1
2026-03-17,000333,11:12:06,77.0000,5,1
2026-03-17,000333,11:12:09,77.0000,1,1
2026-03-17,000333,11:12:12,77.0100,209,1
2026-03-17,000333,11:12:15,77.0100,26,1
2026-03-17,000333,11:12:18,77.0100,8,1
2026-03-17,000333,11:12:21,77.0100,20,2
2026-03-17,000333,11:12:24,77.0100,2,1
2026-03-17,000333,11:12:27,77.0100,6,1
2026-03-17,000333,11:12:30,77.0000,1,2
2026-03-17,000333,11:12:33,77.0100,15,1
2026-03-17,000333,11:12:36,77.0100,13,1
2026-03-17,000333,11:12:39,77.0100,1,1
2026-03-17,000333,11:12:42,77.0000,31,2
2026-03-17,000333,11:12:48,77.0000,6,2
2026-03-17,000333,11:12:51,77.0000,1,2
2026-03-17,000333,11:12:54,77.0000,35,2
2026-03-17,000333,11:12:57,77.0000,12,2
2026-03-17,000333,11:13:00,77.0100,15,1
2026-03-17,000333,11:13:03,77.0100,31,1
2026-03-17,000333,11:13:06,77.0100,1,1
2026-03-17,000333,11:13:09,77.0000,67,2
2026-03-17,000333,11:13:12,77.0000,8,1
2026-03-17,000333,11:13:15,77.0000,34,1
2026-03-17,000333,11:13:21,76.9900,13,2
2026-03-17,000333,11:13:24,77.0000,9,1
2026-03-17,000333,11:13:27,76.9900,49,2
2026-03-17,000333,11:13:30,76.9900,6,1
2026-03-17,000333,11:13:33,76.9900,6,1
2026-03-17,000333,11:13:36,76.9900,2,1
2026-03-17,000333,11:13:39,76.9900,10,1
2026-03-17,000333,11:13:42,76.9800,7,2
2026-03-17,000333,11:13:48,76.9900,1,1
2026-03-17,000333,11:14:03,76.9900,15,1
2026-03-17,000333,11:14:06,76.9700,73,2
2026-03-17,000333,11:14:09,76.9700,4,2
2026-03-17,000333,11:14:12,76.9700,7,2
2026-03-17,000333,11:14:15,76.9700,15,2
2026-03-17,000333,11:14:18,76.9600,1,2
2026-03-17,000333,11:14:21,76.9700,1,1
2026-03-17,000333,11:14:24,76.9700,28,1
2026-03-17,000333,11:14:30,76.9600,20,2
2026-03-17,000333,11:14:36,76.9700,22,1
2026-03-17,000333,11:14:39,76.9600,206,2
2026-03-17,000333,11:14:42,76.9800,19,1
2026-03-17,000333,11:14:45,76.9700,3,4
2026-03-17,000333,11:14:48,77.0000,84,1
2026-03-17,000333,11:14:51,77.0000,2,2
2026-03-17,000333,11:14:54,77.0000,1,2
2026-03-17,000333,11:14:57,77.0000,1,2
2026-03-17,000333,11:15:00,77.0100,110,1
2026-03-17,000333,11:15:03,77.0100,12,1
2026-03-17,000333,11:15:06,77.0100,156,1
2026-03-17,000333,11:15:12,76.9800,9,2
2026-03-17,000333,11:15:15,76.9800,3,1
2026-03-17,000333,11:15:18,76.9800,3,1
2026-03-17,000333,11:15:21,76.9800,18,1
2026-03-17,000333,11:15:24,77.0000,50,1
2026-03-17,000333,11:15:30,77.0100,1,1
2026-03-17,000333,11:15:33,77.0100,11,1
2026-03-17,000333,11:15:36,77.0100,7,1
2026-03-17,000333,11:15:39,77.0100,33,1
2026-03-17,000333,11:15:42,77.0000,25,2
2026-03-17,000333,11:15:45,77.0100,12,1
2026-03-17,000333,11:15:48,77.0000,27,2
2026-03-17,000333,11:15:51,77.0000,3,2
2026-03-17,000333,11:15:54,77.0000,14,2
2026-03-17,000333,11:15:57,77.0000,32,2
2026-03-17,000333,11:16:03,77.0000,25,2
2026-03-17,000333,11:16:06,77.0000,107,2
2026-03-17,000333,11:16:09,77.0100,29,1
2026-03-17,000333,11:16:12,77.0000,1,2
2026-03-17,000333,11:16:15,77.0100,32,1
2026-03-17,000333,11:16:18,77.0100,8,1
2026-03-17,000333,11:16:21,77.0100,3,1
2026-03-17,000333,11:16:24,77.0100,92,1
2026-03-17,000333,11:16:27,77.0200,59,1
2026-03-17,000333,11:16:30,77.0100,2,2
2026-03-17,000333,11:16:33,77.0200,3,1
2026-03-17,000333,11:16:36,77.0200,3,1
2026-03-17,000333,11:16:39,77.0200,2,1
2026-03-17,000333,11:16:42,77.0200,2,1
2026-03-17,000333,11:16:45,77.0200,1,1
2026-03-17,000333,11:16:51,77.0200,2,1
2026-03-17,000333,11:16:54,77.0100,2,2
2026-03-17,000333,11:16:57,77.0100,1,2
2026-03-17,000333,11:17:03,77.0100,21,2
2026-03-17,000333,11:17:06,77.0100,9,2
2026-03-17,000333,11:17:09,77.0100,3,2
2026-03-17,000333,11:17:15,77.0200,8,1
2026-03-17,000333,11:17:18,77.0100,72,2
2026-03-17,000333,11:17:21,77.0200,17,1
