date,code,time,price,volume,bs
2026-01-09,601012,14:07:06,18.4200,135,1
2026-01-09,601012,14:07:09,18.4300,2361,1
2026-01-09,601012,14:07:12,18.4100,450,2
2026-01-09,601012,14:07:15,18.4000,168,2
2026-01-09,601012,14:07:18,18.4100,52,1
2026-01-09,601012,14:07:21,18.4000,156,2
2026-01-09,601012,14:07:24,18.4000,1090,2
2026-01-09,601012,14:07:27,18.4000,382,1
2026-01-09,601012,14:07:30,18.3900,151,2
2026-01-09,601012,14:07:33,18.3900,232,1
2026-01-09,601012,14:07:36,18.4000,27,1
2026-01-09,601012,14:07:39,18.4000,83,1
2026-01-09,601012,14:07:42,18.4000,168,1
2026-01-09,601012,14:07:45,18.4000,109,1
2026-01-09,601012,14:07:48,18.4000,127,1
2026-01-09,601012,14:07:51,18.4000,655,1
2026-01-09,601012,14:07:54,18.3900,314,2
2026-01-09,601012,14:07:57,18.4000,160,1
2026-01-09,601012,14:08:00,18.3800,253,2
2026-01-09,601012,14:08:03,18.3900,72,1
2026-01-09,601012,14:08:06,18.3900,135,2
2026-01-09,601012,14:08:09,18.4000,89,1
2026-01-09,601012,14:08:12,18.3900,36,2
2026-01-09,601012,14:08:15,18.3900,29,1
2026-01-09,601012,14:08:18,18.3900,63,1
2026-01-09,601012,14:08:21,18.3900,249,1
2026-01-09,601012,14:08:24,18.3900,53,2
2026-01-09,601012,14:08:27,18.4000,101,1
2026-01-09,601012,14:08:30,18.3900,90,2
2026-01-09,601012,14:08:33,18.3900,170,1
2026-01-09,601012,14:08:36,18.4000,163,1
2026-01-09,601012,14:08:39,18.4000,29,1
2026-01-09,601012,14:08:42,18.4000,73,1
2026-01-09,601012,14:08:45,18.4000,28,1
2026-01-09,601012,14:08:48,18.4000,73,1
2026-01-09,601012,14:08:51,18.3900,186,2
2026-01-09,601012,14:08:54,18.3900,239,1
2026-01-09,601012,14:08:57,18.3900,38,2
2026-01-09,601012,14:09:00,18.3900,75,2
2026-01-09,601012,14:09:03,18.4000,79,1
2026-01-09,601012,14:09:06,18.3900,36,2
2026-01-09,601012,14:09:09,18.3900,999,2
2026-01-09,601012,14:09:12,18.3800,244,2
2026-01-09,601012,14:09:15,18.3900,120,1
2026-01-09,601012,14:09:18,18.3900,181,1
2026-01-09,601012,14:09:21,18.3800,149,2
2026-01-09,601012,14:09:24,18.3900,36,1
2026-01-09,601012,14:09:27,18.3900,137,1
2026-01-09,601012,14:09:30,18.3800,150,2
2026-01-09,601012,14:09:33,18.3900,51,1
2026-01-09,601012,14:09:36,18.3900,75,1
2026-01-09,601012,14:09:39,18.3900,21,1
2026-01-09,601012,14:09:42,18.3900,226,1
2026-01-09,601012,14:09:45,18.3800,131,2
2026-01-09,601012,14:09:48,18.3900,61,1
2026-01-09,601012,14:09:51,18.3900,585,1
2026-01-09,601012,14:09:54,18.3900,247,2
2026-01-09,601012,14:09:57,18.3900,119,1
2026-01-09,601012,14:10:00,18.3900,103,2
2026-01-09,601012,14:10:03,18.3900,107,1
2026-01-09,601012,14:10:06,18.3900,18,1
2026-01-09,601012,14:10:09,18.3900,109,1
2026-01-09,601012,14:10:12,18.3900,174,1
2026-01-09,601012,14:10:15,18.3900,35,1
2026-01-09,601012,14:10:18,18.3800,66,2
2026-01-09,601012,14:10:21,18.3900,107,1
2026-01-09,601012,14:10:24,18.3800,112,2
2026-01-09,601012,14:10:27,18.3800,51,2
2026-01-09,601012,14:10:30,18.3800,502,2
2026-01-09,601012,14:10:33,18.3800,1261,2
2026-01-09,601012,14:10:36,18.3800,92,2
2026-01-09,601012,14:10:39,18.3800,222,2
2026-01-09,601012,14:10:42,18.3800,321,1
2026-01-09,601012,14:10:45,18.3800,177,1
2026-01-09,601012,14:10:48,18.3800,143,1
2026-01-09,601012,14:10:51,18.3800,224,1
2026-01-09,601012,14:10:54,18.3700,129,2
2026-01-09,601012,14:10:57,18.3800,201,1
2026-01-09,601012,14:11:00,18.3800,267,1
2026-01-09,601012,14:11:03,18.3700,240,2
2026-01-09,601012,14:11:06,18.3700,55,2
2026-01-09,601012,14:11:09,18.3800,53,1
2026-01-09,601012,14:11:12,18.3800,256,1
2026-01-09,601012,14:11:15,18.3700,313,2
2026-01-09,601012,14:11:18,18.3800,33,1
2026-01-09,601012,14:11:21,18.3700,140,2
2026-01-09,601012,14:11:24,18.3800,72,1
2026-01-09,601012,14:11:27,18.3800,141,1
2026-01-09,601012,14:11:30,18.3700,382,2
2026-01-09,601012,14:11:33,18.3700,127,2
2026-01-09,601012,14:11:36,18.3700,524,2
2026-01-09,601012,14:11:39,18.3700,399,2
2026-01-09,601012,14:11:42,18.3700,503,2
2026-01-09,601012,14:11:45,18.3600,67,2
2026-01-09,601012,14:11:48,18.3600,649,2
2026-01-09,601012,14:11:51,18.3600,441,2
2026-01-09,601012,14:11:54,18.3600,187,2
2026-01-09,601012,14:11:57,18.3600,541,2
2026-01-09,601012,14:12:00,18.3600,136,2
2026-01-09,601012,14:12:03,18.3600,215,1
2026-01-09,601012,14:12:06,18.3600,199,1
2026-01-09,601012,14:12:09,18.3600,61,1
2026-01-09,601012,14:12:12,18.3600,180,1
2026-01-09,601012,14:12:15,18.3600,256,1
2026-01-09,601012,14:12:18,18.3600,229,1
2026-01-09,601012,14:12:21,18.3500,265,2
2026-01-09,601012,14:12:24,18.3500,217,2
2026-01-09,601012,14:12:27,18.3500,716,2
2026-01-09,601012,14:12:30,18.3500,447,2
2026-01-09,601012,14:12:33,18.3500,102,2
2026-01-09,601012,14:12:36,18.3600,39,1
2026-01-09,601012,14:12:39,18.3500,152,2
2026-01-09,601012,14:12:42,18.3600,170,1
2026-01-09,601012,14:12:45,18.3500,1808,2
2026-01-09,601012,14:12:48,18.3500,1001,2
2026-01-09,601012,14:12:51,18.3500,482,1
2026-01-09,601012,14:12:54,18.3500,223,1
2026-01-09,601012,14:12:57,18.3500,194,1
2026-01-09,601012,14:13:00,18.3500,545,1
2026-01-09,601012,14:13:03,18.3500,41,1
2026-01-09,601012,14:13:06,18.3400,1463,2
2026-01-09,601012,14:13:09,18.3400,229,2
2026-01-09,601012,14:13:12,18.3400,414,1
2026-01-09,601012,14:13:15,18.3400,101,1
2026-01-09,601012,14:13:18,18.3400,411,1
2026-01-09,601012,14:13:21,18.3400,370,1
2026-01-09,601012,14:13:24,18.3400,105,1
2026-01-09,601012,14:13:27,18.3400,267,1
2026-01-09,601012,14:13:30,18.3400,204,2
2026-01-09,601012,14:13:33,18.3400,157,1
2026-01-09,601012,14:13:36,18.3400,103,1
2026-01-09,601012,14:13:39,18.3400,489,1
2026-01-09,601012,14:13:42,18.3400,182,1
2026-01-09,601012,14:13:45,18.3400,143,1
2026-01-09,601012,14:13:48,18.3400,774,1
2026-01-09,601012,14:13:51,18.3400,221,1
2026-01-09,601012,14:13:54,18.3400,185,1
2026-01-09,601012,14:13:57,18.3400,92,1
2026-01-09,601012,14:14:00,18.3400,213,1
2026-01-09,601012,14:14:03,18.3300,193,2
2026-01-09,601012,14:14:06,18.3400,57,1
2026-01-09,601012,14:14:09,18.3300,55,2
2026-01-09,601012,14:14:12,18.3300,92,2
2026-01-09,601012,14:14:15,18.3400,141,1
2026-01-09,601012,14:14:18,18.3300,132,2
2026-01-09,601012,14:14:21,18.3300,324,2
2026-01-09,601012,14:14:24,18.3300,67,2
2026-01-09,601012,14:14:27,18.3400,72,1
2026-01-09,601012,14:14:30,18.3300,181,2
2026-01-09,601012,14:14:33,18.3300,738,2
2026-01-09,601012,14:14:36,18.3400,299,1
2026-01-09,601012,14:14:39,18.3400,179,1
2026-01-09,601012,14:14:42,18.3300,412,2
2026-01-09,601012,14:14:45,18.3400,591,1
2026-01-09,601012,14:14:48,18.3300,93,2
2026-01-09,601012,14:14:51,18.3300,143,2
2026-01-09,601012,14:14:54,18.3300,191,2
2026-01-09,601012,14:14:57,18.3400,190,1
2026-01-09,601012,14:15:00,18.3300,241,2
2026-01-09,601012,14:15:03,18.3300,167,2
2026-01-09,601012,14:15:06,18.3400,373,1
2026-01-09,601012,14:15:09,18.3300,2965,2
2026-01-09,601012,14:15:12,18.3300,508,1
2026-01-09,601012,14:15:15,18.3300,171,1
2026-01-09,601012,14:15:18,18.3300,169,2
2026-01-09,601012,14:15:21,18.3300,216,2
2026-01-09,601012,14:15:24,18.3300,213,1
2026-01-09,601012,14:15:27,18.3300,197,1
2026-01-09,601012,14:15:30,18.3300,287,1
2026-01-09,601012,14:15:33,18.3300,188,1
2026-01-09,601012,14:15:36,18.3300,120,1
2026-01-09,601012,14:15:39,18.3300,205,1
2026-01-09,601012,14:15:42,18.3300,298,1
2026-01-09,601012,14:15:45,18.3300,70,4
2026-01-09,601012,14:15:48,18.3300,101,1
2026-01-09,601012,14:15:51,18.3300,618,1
2026-01-09,601012,14:15:54,18.3300,179,1
2026-01-09,601012,14:15:57,18.3300,132,2
2026-01-09,601012,14:16:00,18.3300,199,2
2026-01-09,601012,14:16:03,18.3300,584,2
2026-01-09,601012,14:16:06,18.3300,187,1
2026-01-09,601012,14:16:09,18.3200,130,2
2026-01-09,601012,14:16:12,18.3300,173,1
2026-01-09,601012,14:16:15,18.3300,274,1
2026-01-09,601012,14:16:18,18.3300,65,1
2026-01-09,601012,14:16:21,18.3300,249,1
2026-01-09,601012,14:16:24,18.3200,128,2
2026-01-09,601012,14:16:27,18.3300,193,1
2026-01-09,601012,14:16:30,18.3200,168,2
2026-01-09,601012,14:16:33,18.3200,189,2
2026-01-09,601012,14:16:36,18.3300,502,1
2026-01-09,601012,14:16:39,18.3300,130,2
2026-01-09,601012,14:16:42,18.3200,201,2
2026-01-09,601012,14:16:45,18.3300,275,2
2026-01-09,601012,14:16:48,18.3300,121,1
2026-01-09,601012,14:16:51,18.3300,171,1
2026-01-09,601012,14:16:54,18.3300,116,2
2026-01-09,601012,14:16:57,18.3400,385,1
2026-01-09,601012,14:17:00,18.3300,205,2
2026-01-09,601012,14:17:03,18.3400,204,1
2026-01-09,601012,14:17:06,18.3300,297,2
2026-01-09,601012,14:17:09,18.3400,82,1
2026-01-09,601012,14:17:12,18.3400,432,1
2026-01-09,601012,14:17:15,18.3400,95,1
2026-01-09,601012,14:17:18,18.3300,118,2
2026-01-09,601012,14:17:21,18.3400,164,1
2026-01-09,601012,14:17:24,18.3400,260,1
2026-01-09,601012,14:17:27,18.3400,22,1
2026-01-09,601012,14:17:30,18.3300,211,2
2026-01-09,601012,14:17:33,18.3400,11,1
2026-01-09,601012,14:17:36,18.3300,113,2
2026-01-09,601012,14:17:39,18.3400,79,1
2026-01-09,601012,14:17:42,18.3400,119,1
2026-01-09,601012,14:17:45,18.3400,116,1
2026-01-09,601012,14:17:48,18.3400,25,1
2026-01-09,601012,14:17:51,18.3400,218,1
2026-01-09,601012,14:17:54,18.3300,169,2
2026-01-09,601012,14:17:57,18.3400,246,1
2026-01-09,601012,14:18:00,18.3400,207,1
2026-01-09,601012,14:18:03,18.3400,403,1
2026-01-09,601012,14:18:06,18.3300,1565,2
2026-01-09,601012,14:18:09,18.3400,173,1
2026-01-09,601012,14:18:12,18.3400,405,1
2026-01-09,601012,14:18:15,18.3400,1036,1
2026-01-09,601012,14:18:18,18.3300,117,2
2026-01-09,601012,14:18:21,18.3400,210,1
2026-01-09,601012,14:18:24,18.3300,122,2
2026-01-09,601012,14:18:27,18.3300,1450,2
2026-01-09,601012,14:18:30,18.3400,489,1
2026-01-09,601012,14:18:33,18.3400,555,1
2026-01-09,601012,14:18:36,18.3400,4479,1
2026-01-09,601012,14:18:39,18.3300,109,1
2026-01-09,601012,14:18:42,18.3300,706,1
2026-01-09,601012,14:18:45,18.3400,187,1
2026-01-09,601012,14:18:48,18.3400,178,1
2026-01-09,601012,14:18:51,18.3400,161,1
2026-01-09,601012,14:18:54,18.3400,57,1
2026-01-09,601012,14:18:57,18.3400,637,1
2026-01-09,601012,14:19:00,18.3400,194,1
2026-01-09,601012,14:19:03,18.3400,147,1
2026-01-09,601012,14:19:06,18.3400,69,1
2026-01-09,601012,14:19:09,18.3300,188,2
2026-01-09,601012,14:19:12,18.3400,119,1
2026-01-09,601012,14:19:15,18.3400,57,1
2026-01-09,601012,14:19:18,18.3400,164,1
2026-01-09,601012,14:19:21,18.3400,435,1
2026-01-09,601012,14:19:24,18.3400,38,1
2026-01-09,601012,14:19:27,18.3400,126,1
2026-01-09,601012,14:19:30,18.3300,299,2
2026-01-09,601012,14:19:33,18.3400,170,1
2026-01-09,601012,14:19:36,18.3400,74,1
2026-01-09,601012,14:19:39,18.3300,143,2
2026-01-09,601012,14:19:42,18.3400,162,1
2026-01-09,601012,14:19:45,18.3300,169,2
2026-01-09,601012,14:19:48,18.3400,197,1
2026-01-09,601012,14:19:51,18.3300,540,2
2026-01-09,601012,14:19:54,18.3300,157,2
2026-01-09,601012,14:19:57,18.3400,94,1
2026-01-09,601012,14:20:00,18.3300,417,2
2026-01-09,601012,14:20:03,18.3400,189,1
2026-01-09,601012,14:20:06,18.3400,37,1
2026-01-09,601012,14:20:09,18.3400,85,1
2026-01-09,601012,14:20:12,18.3400,310,1
2026-01-09,601012,14:20:15,18.3300,218,2
2026-01-09,601012,14:20:18,18.3400,385,1
2026-01-09,601012,14:20:21,18.3400,223,1
2026-01-09,601012,14:20:24,18.3300,242,2
2026-01-09,601012,14:20:27,18.3300,169,2
2026-01-09,601012,14:20:30,18.3400,260,1
2026-01-09,601012,14:20:33,18.3400,152,1
2026-01-09,601012,14:20:36,18.3300,82,2
2026-01-09,601012,14:20:39,18.3400,126,1
2026-01-09,601012,14:20:42,18.3400,190,1
2026-01-09,601012,14:20:45,18.3300,2080,2
2026-01-09,601012,14:20:48,18.3300,248,2
2026-01-09,601012,14:20:51,18.3200,562,2
2026-01-09,601012,14:20:54,18.3300,145,1
2026-01-09,601012,14:20:57,18.3200,76,2
2026-01-09,601012,14:21:00,18.3200,150,2
2026-01-09,601012,14:21:03,18.3300,147,1
2026-01-09,601012,14:21:06,18.3300,172,1
2026-01-09,601012,14:21:09,18.3300,83,1
2026-01-09,601012,14:21:12,18.3300,475,1
2026-01-09,601012,14:21:15,18.3300,54,1
2026-01-09,601012,14:21:18,18.3200,177,2
2026-01-09,601012,14:21:21,18.3300,221,1
2026-01-09,601012,14:21:24,18.3200,234,2
2026-01-09,601012,14:21:27,18.3300,59,1
2026-01-09,601012,14:21:30,18.3300,132,1
2026-01-09,601012,14:21:33,18.3300,127,1
2026-01-09,601012,14:21:36,18.3300,105,1
2026-01-09,601012,14:21:39,18.3200,208,2
2026-01-09,601012,14:21:42,18.3300,220,1
2026-01-09,601012,14:21:45,18.3200,89,2
2026-01-09,601012,14:21:48,18.3200,248,2
2026-01-09,601012,14:21:51,18.3200,162,2
2026-01-09,601012,14:21:54,18.3300,55,1
2026-01-09,601012,14:21:57,18.3300,191,1
2026-01-09,601012,14:22:00,18.3300,186,1
2026-01-09,601012,14:22:03,18.3200,496,2
2026-01-09,601012,14:22:06,18.3300,122,1
2026-01-09,601012,14:22:09,18.3300,244,1
2026-01-09,601012,14:22:12,18.3300,392,1
2026-01-09,601012,14:22:15,18.3200,81,2
2026-01-09,601012,14:22:18,18.3200,132,2
2026-01-09,601012,14:22:21,18.3300,153,1
2026-01-09,601012,14:22:24,18.3300,49,1
2026-01-09,601012,14:22:27,18.3300,125,1
2026-01-09,601012,14:22:30,18.3200,154,2
2026-01-09,601012,14:22:33,18.3300,327,1
2026-01-09,601012,14:22:36,18.3300,105,1
2026-01-09,601012,14:22:39,18.3200,167,2
2026-01-09,601012,14:22:42,18.3300,279,1
2026-01-09,601012,14:22:45,18.3300,3170,1
2026-01-09,601012,14:22:48,18.3300,389,2
2026-01-09,601012,14:22:51,18.3300,546,1
2026-01-09,601012,14:22:54,18.3300,247,1
2026-01-09,601012,14:22:57,18.3400,180,1
2026-01-09,601012,14:23:00,18.3300,143,2
2026-01-09,601012,14:23:03,18.3400,104,1
2026-01-09,601012,14:23:06,18.3400,79,1
2026-01-09,601012,14:23:09,18.3400,69,1
2026-01-09,601012,14:23:12,18.3400,155,1
2026-01-09,601012,14:23:15,18.3400,254,1
2026-01-09,601012,14:23:18,18.3400,21,1
2026-01-09,601012,14:23:21,18.3400,346,1
2026-01-09,601012,14:23:24,18.3400,190,1
2026-01-09,601012,14:23:27,18.3400,326,1
2026-01-09,601012,14:23:30,18.3400,456,1
2026-01-09,601012,14:23:33,18.3400,443,1
2026-01-09,601012,14:23:36,18.3300,165,2
2026-01-09,601012,14:23:39,18.3400,169,1
2026-01-09,601012,14:23:42,18.3400,153,1
2026-01-09,601012,14:23:45,18.3400,486,1
2026-01-09,601012,14:23:48,18.3400,66,2
2026-01-09,601012,14:23:51,18.3400,361,2
2026-01-09,601012,14:23:54,18.3400,277,2
2026-01-09,601012,14:23:57,18.3400,573,1
2026-01-09,601012,14:24:00,18.3400,446,1
2026-01-09,601012,14:24:03,18.3400,169,1
2026-01-09,601012,14:24:06,18.3400,270,1
2026-01-09,601012,14:24:09,18.3300,162,2
2026-01-09,601012,14:24:12,18.3400,1021,1
2026-01-09,601012,14:24:15,18.3400,216,2
2026-01-09,601012,14:24:18,18.3300,106,2
2026-01-09,601012,14:24:21,18.3300,482,2
2026-01-09,601012,14:24:24,18.3400,98,1
2026-01-09,601012,14:24:27,18.3400,200,1
2026-01-09,601012,14:24:30,18.3300,238,2
2026-01-09,601012,14:24:33,18.3400,227,1
2026-01-09,601012,14:24:36,18.3400,113,2
2026-01-09,601012,14:24:39,18.3500,461,1
2026-01-09,601012,14:24:42,18.3400,235,2
2026-01-09,601012,14:24:45,18.3400,100,2
2026-01-09,601012,14:24:48,18.3500,46,1
2026-01-09,601012,14:24:51,18.3400,180,2
2026-01-09,601012,14:24:54,18.3500,62,1
2026-01-09,601012,14:24:57,18.3400,210,2
2026-01-09,601012,14:25:00,18.3400,219,4
2026-01-09,601012,14:25:03,18.3500,2812,1
2026-01-09,601012,14:25:06,18.3500,47,1
2026-01-09,601012,14:25:09,18.3500,13,1
2026-01-09,601012,14:25:12,18.3500,432,1
2026-01-09,601012,14:25:15,18.3400,224,2
2026-01-09,601012,14:25:18,18.3500,272,1
2026-01-09,601012,14:25:21,18.3500,166,1
2026-01-09,601012,14:25:24,18.3500,249,1
2026-01-09,601012,14:25:27,18.3500,101,1
2026-01-09,601012,14:25:30,18.3500,226,1
2026-01-09,601012,14:25:33,18.3400,139,2
2026-01-09,601012,14:25:36,18.3500,32,1
2026-01-09,601012,14:25:39,18.3400,272,2
2026-01-09,601012,14:25:42,18.3500,162,1
2026-01-09,601012,14:25:45,18.3400,97,2
2026-01-09,601012,14:25:48,18.3500,59,1
2026-01-09,601012,14:25:51,18.3500,174,1
2026-01-09,601012,14:25:54,18.3500,152,1
2026-01-09,601012,14:25:57,18.3600,241,1
2026-01-09,601012,14:26:00,18.3400,118,2
2026-01-09,601012,14:26:03,18.3500,105,1
2026-01-09,601012,14:26:06,18.3500,63,1
2026-01-09,601012,14:26:09,18.3500,93,1
2026-01-09,601012,14:26:12,18.3500,138,1
2026-01-09,601012,14:26:15,18.3500,169,1
2026-01-09,601012,14:26:18,18.3600,98,1
2026-01-09,601012,14:26:21,18.3500,135,2
2026-01-09,601012,14:26:24,18.3600,1,1
2026-01-09,601012,14:26:27,18.3500,193,2
2026-01-09,601012,14:26:30,18.3600,160,1
2026-01-09,601012,14:26:33,18.3500,154,2
2026-01-09,601012,14:26:36,18.3500,497,2
2026-01-09,601012,14:26:39,18.3500,63,2
2026-01-09,601012,14:26:42,18.3500,463,2
2026-01-09,601012,14:26:45,18.3600,174,1
2026-01-09,601012,14:26:48,18.3500,66,2
2026-01-09,601012,14:26:51,18.3500,221,2
2026-01-09,601012,14:26:54,18.3600,28,1
2026-01-09,601012,14:26:57,18.3600,147,1
2026-01-09,601012,14:27:00,18.3500,269,2
2026-01-09,601012,14:27:03,18.3600,58,1
2026-01-09,601012,14:27:06,18.3600,94,1
2026-01-09,601012,14:27:09,18.3600,249,1
2026-01-09,601012,14:27:12,18.3500,240,2
2026-01-09,601012,14:27:15,18.3500,36,2
2026-01-09,601012,14:27:18,18.3500,73,2
2026-01-09,601012,14:27:21,18.3500,246,2
2026-01-09,601012,14:27:24,18.3500,125,2
2026-01-09,601012,14:27:27,18.3500,156,2
2026-01-09,601012,14:27:30,18.3500,178,2
2026-01-09,601012,14:27:33,18.3600,349,1
2026-01-09,601012,14:27:36,18.3500,118,2
2026-01-09,601012,14:27:39,18.3500,555,2
2026-01-09,601012,14:27:42,18.3500,473,2
2026-01-09,601012,14:27:45,18.3600,134,1
2026-01-09,601012,14:27:48,18.3500,46,2
2026-01-09,601012,14:27:51,18.3600,134,1
2026-01-09,601012,14:27:54,18.3600,284,1
2026-01-09,601012,14:27:57,18.3600,69,1
2026-01-09,601012,14:28:00,18.3500,134,2
2026-01-09,601012,14:28:03,18.3500,201,2
2026-01-09,601012,14:28:06,18.3600,84,1
2026-01-09,601012,14:28:09,18.3600,109,1
2026-01-09,601012,14:28:12,18.3600,371,1
2026-01-09,601012,14:28:15,18.3500,362,2
2026-01-09,601012,14:28:18,18.3400,30083,2
2026-01-09,601012,14:28:21,18.3400,4784,1
2026-01-09,601012,14:28:24,18.3400,192,1
2026-01-09,601012,14:28:27,18.3400,137,1
2026-01-09,601012,14:28:30,18.3400,702,1
2026-01-09,601012,14:28:33,18.3400,83,1
2026-01-09,601012,14:28:36,18.3400,360,1
2026-01-09,601012,14:28:39,18.3400,404,1
2026-01-09,601012,14:28:42,18.3400,432,1
2026-01-09,601012,14:28:45,18.3400,23,1
2026-01-09,601012,14:28:48,18.3400,267,1
2026-01-09,601012,14:28:51,18.3400,357,2
2026-01-09,601012,14:28:54,18.3500,42,1
2026-01-09,601012,14:28:57,18.3400,510,2
2026-01-09,601012,14:29:00,18.3400,329,1
2026-01-09,601012,14:29:03,18.3400,228,1
2026-01-09,601012,14:29:06,18.3400,205,1
2026-01-09,601012,14:29:09,18.3400,101,1
2026-01-09,601012,14:29:12,18.3400,274,2
2026-01-09,601012,14:29:15,18.3400,78,1
2026-01-09,601012,14:29:18,18.3400,262,1
2026-01-09,601012,14:29:21,18.3300,296,2
2026-01-09,601012,14:29:24,18.3300,841,2
2026-01-09,601012,14:29:27,18.3300,134,2
2026-01-09,601012,14:29:30,18.3300,158,2
2026-01-09,601012,14:29:33,18.3300,152,1
2026-01-09,601012,14:29:36,18.3300,283,1
2026-01-09,601012,14:29:39,18.3300,190,1
2026-01-09,601012,14:29:42,18.3300,287,1
2026-01-09,601012,14:29:45,18.3300,154,1
2026-01-09,601012,14:29:48,18.3300,249,1
2026-01-09,601012,14:29:51,18.3300,200,1
2026-01-09,601012,14:29:54,18.3300,250,1
2026-01-09,601012,14:29:57,18.3300,118,1
2026-01-09,601012,14:30:00,18.3300,387,1
2026-01-09,601012,14:30:03,18.3300,80,1
2026-01-09,601012,14:30:06,18.3300,95,2
2026-01-09,601012,14:30:09,18.3300,316,2
2026-01-09,601012,14:30:12,18.3400,205,1
2026-01-09,601012,14:30:15,18.3300,340,2
2026-01-09,601012,14:30:18,18.3400,449,1
2026-01-09,601012,14:30:21,18.3300,407,2
2026-01-09,601012,14:30:24,18.3300,366,1
2026-01-09,601012,14:30:27,18.3200,290,2
2026-01-09,601012,14:30:30,18.3300,157,4
2026-01-09,601012,14:30:33,18.3300,58,1
2026-01-09,601012,14:30:36,18.3300,120,2
2026-01-09,601012,14:30:39,18.3300,178,2
2026-01-09,601012,14:30:42,18.3400,208,1
2026-01-09,601012,14:30:45,18.3400,223,1
2026-01-09,601012,14:30:48,18.3300,271,2
2026-01-09,601012,14:30:51,18.3300,146,2
2026-01-09,601012,14:30:54,18.3300,261,1
2026-01-09,601012,14:30:57,18.3400,97,1
2026-01-09,601012,14:31:00,18.3400,145,1
2026-01-09,601012,14:31:03,18.3300,285,2
2026-01-09,601012,14:31:06,18.3300,125,2
2026-01-09,601012,14:31:09,18.3200,195,2
2026-01-09,601012,14:31:12,18.3300,233,1
2026-01-09,601012,14:31:15,18.3300,459,1
2026-01-09,601012,14:31:18,18.3300,223,1
2026-01-09,601012,14:31:21,18.3200,210,2
2026-01-09,601012,14:31:24,18.3300,450,1
2026-01-09,601012,14:31:27,18.3300,374,2
2026-01-09,601012,14:31:30,18.3300,201,1
2026-01-09,601012,14:31:33,18.3300,395,1
2026-01-09,601012,14:31:36,18.3300,302,1
2026-01-09,601012,14:31:39,18.3200,325,2
2026-01-09,601012,14:31:42,18.3300,228,1
2026-01-09,601012,14:31:45,18.3300,640,2
2026-01-09,601012,14:31:48,18.3300,128,1
2026-01-09,601012,14:31:51,18.3300,226,1
2026-01-09,601012,14:31:54,18.3300,107,2
2026-01-09,601012,14:31:57,18.3300,107,1
2026-01-09,601012,14:32:00,18.3300,126,1
2026-01-09,601012,14:32:03,18.3300,310,1
2026-01-09,601012,14:32:06,18.3300,81,2
2026-01-09,601012,14:32:09,18.3300,260,1
2026-01-09,601012,14:32:12,18.3200,612,2
2026-01-09,601012,14:32:15,18.3200,270,2
2026-01-09,601012,14:32:18,18.3300,110,1
2026-01-09,601012,14:32:21,18.3300,288,1
2026-01-09,601012,14:32:24,18.3300,203,1
2026-01-09,601012,14:32:27,18.3300,180,1
2026-01-09,601012,14:32:30,18.3200,575,2
2026-01-09,601012,14:32:33,18.3200,431,2
2026-01-09,601012,14:32:36,18.3300,137,1
2026-01-09,601012,14:32:39,18.3300,97,1
2026-01-09,601012,14:32:42,18.3300,207,1
2026-01-09,601012,14:32:45,18.3200,342,2
2026-01-09,601012,14:32:48,18.3200,152,2
2026-01-09,601012,14:32:51,18.3200,272,2
2026-01-09,601012,14:32:54,18.3200,172,2
2026-01-09,601012,14:32:57,18.3300,35,1
2026-01-09,601012,14:33:00,18.3200,354,2
2026-01-09,601012,14:33:03,18.3300,651,1
2026-01-09,601012,14:33:06,18.3300,152,1
2026-01-09,601012,14:33:09,18.3200,148,2
2026-01-09,601012,14:33:12,18.3300,419,1
2026-01-09,601012,14:33:15,18.3300,96,1
2026-01-09,601012,14:33:18,18.3200,328,2
2026-01-09,601012,14:33:21,18.3300,543,1
2026-01-09,601012,14:33:24,18.3300,289,1
2026-01-09,601012,14:33:27,18.3200,617,2
2026-01-09,601012,14:33:30,18.3200,281,2
2026-01-09,601012,14:33:33,18.3300,118,1
2026-01-09,601012,14:33:36,18.3300,244,1
2026-01-09,601012,14:33:39,18.3300,258,1
2026-01-09,601012,14:33:42,18.3200,314,2
2026-01-09,601012,14:33:45,18.3200,155,2
2026-01-09,601012,14:33:48,18.3300,118,1
2026-01-09,601012,14:33:51,18.3200,140,2
2026-01-09,601012,14:33:54,18.3300,285,1
2026-01-09,601012,14:33:57,18.3300,171,1
2026-01-09,601012,14:34:00,18.3200,209,2
2026-01-09,601012,14:34:03,18.3300,117,1
2026-01-09,601012,14:34:06,18.3200,240,2
2026-01-09,601012,14:34:09,18.3200,262,2
2026-01-09,601012,14:34:12,18.3300,405,1
2026-01-09,601012,14:34:15,18.3300,367,1
2026-01-09,601012,14:34:18,18.3300,163,1
2026-01-09,601012,14:34:21,18.3300,459,1
2026-01-09,601012,14:34:24,18.3200,808,2
2026-01-09,601012,14:34:27,18.3200,242,2
2026-01-09,601012,14:34:30,18.3200,546,2
2026-01-09,601012,14:34:33,18.3300,106,1
2026-01-09,601012,14:34:36,18.3300,239,1
2026-01-09,601012,14:34:39,18.3300,484,1
2026-01-09,601012,14:34:42,18.3300,401,1
2026-01-09,601012,14:34:45,18.3200,244,2
2026-01-09,601012,14:34:48,18.3300,3079,1
2026-01-09,601012,14:34:51,18.3300,794,2
2026-01-09,601012,14:34:54,18.3300,188,1
2026-01-09,601012,14:34:57,18.3400,474,1
2026-01-09,601012,14:35:00,18.3400,156,1
2026-01-09,601012,14:35:03,18.3400,55,1
2026-01-09,601012,14:35:06,18.3400,269,1
2026-01-09,601012,14:35:09,18.3400,335,1
2026-01-09,601012,14:35:12,18.3300,318,2
2026-01-09,601012,14:35:15,18.3400,431,1
2026-01-09,601012,14:35:18,18.3400,225,1
2026-01-09,601012,14:35:21,18.3400,340,1
2026-01-09,601012,14:35:24,18.3400,171,2
2026-01-09,601012,14:35:27,18.3400,268,1
2026-01-09,601012,14:35:30,18.3500,259,1
2026-01-09,601012,14:35:33,18.3400,32,2
2026-01-09,601012,14:35:36,18.3500,228,1
2026-01-09,601012,14:35:39,18.3500,250,1
2026-01-09,601012,14:35:42,18.3500,303,1
2026-01-09,601012,14:35:45,18.3500,141,1
2026-01-09,601012,14:35:48,18.3500,81,1
2026-01-09,601012,14:35:51,18.3400,266,2
2026-01-09,601012,14:35:54,18.3500,324,1
2026-01-09,601012,14:35:57,18.3500,133,1
2026-01-09,601012,14:36:00,18.3500,555,1
2026-01-09,601012,14:36:03,18.3400,139,2
2026-01-09,601012,14:36:06,18.3400,105,2
2026-01-09,601012,14:36:09,18.3500,169,1
2026-01-09,601012,14:36:12,18.3400,413,2
2026-01-09,601012,14:36:15,18.3500,365,1
2026-01-09,601012,14:36:18,18.3500,203,2
2026-01-09,601012,14:36:21,18.3500,194,2
2026-01-09,601012,14:36:24,18.3600,155,1
2026-01-09,601012,14:36:27,18.3600,153,1
2026-01-09,601012,14:36:30,18.3600,184,1
2026-01-09,601012,14:36:33,18.3500,145,2
2026-01-09,601012,14:36:36,18.3500,132,2
2026-01-09,601012,14:36:39,18.3600,238,1
2026-01-09,601012,14:36:42,18.3600,311,1
2026-01-09,601012,14:36:45,18.3600,42,1
2026-01-09,601012,14:36:48,18.3600,121,1
2026-01-09,601012,14:36:51,18.3500,827,2
2026-01-09,601012,14:36:54,18.3500,176,2
2026-01-09,601012,14:36:57,18.3600,285,1
2026-01-09,601012,14:37:00,18.3500,285,2
2026-01-09,601012,14:37:03,18.3500,303,1
2026-01-09,601012,14:37:06,18.3500,437,1
2026-01-09,601012,14:37:09,18.3600,199,1
2026-01-09,601012,14:37:12,18.3400,4579,2
2026-01-09,601012,14:37:15,18.3400,153,2
2026-01-09,601012,14:37:18,18.3400,135,2
2026-01-09,601012,14:37:21,18.3400,402,2
2026-01-09,601012,14:37:24,18.3400,128,1
2026-01-09,601012,14:37:27,18.3400,259,1
2026-01-09,601012,14:37:30,18.3400,442,2
2026-01-09,601012,14:37:33,18.3500,106,1
2026-01-09,601012,14:37:36,18.3500,546,1
2026-01-09,601012,14:37:39,18.3600,315,1
2026-01-09,601012,14:37:42,18.3500,142,2
2026-01-09,601012,14:37:45,18.3400,167,2
2026-01-09,601012,14:37:48,18.3400,118,2
2026-01-09,601012,14:37:51,18.3400,714,2
2026-01-09,601012,14:37:54,18.3400,236,2
2026-01-09,601012,14:37:57,18.3400,365,2
2026-01-09,601012,14:38:00,18.3500,297,1
2026-01-09,601012,14:38:03,18.3400,377,2
2026-01-09,601012,14:38:06,18.3500,155,1
2026-01-09,601012,14:38:09,18.3500,114,1
2026-01-09,601012,14:38:12,18.3500,252,1
2026-01-09,601012,14:38:15,18.3400,70,2
2026-01-09,601012,14:38:18,18.3400,297,2
2026-01-09,601012,14:38:21,18.3400,227,2
2026-01-09,601012,14:38:24,18.3400,119,2
2026-01-09,601012,14:38:27,18.3500,97,1
2026-01-09,601012,14:38:30,18.3500,1176,1
2026-01-09,601012,14:38:33,18.3500,74,2
2026-01-09,601012,14:38:36,18.3500,148,2
2026-01-09,601012,14:38:39,18.3500,36,2
2026-01-09,601012,14:38:42,18.3500,544,2
2026-01-09,601012,14:38:45,18.3500,335,2
2026-01-09,601012,14:38:48,18.3500,201,2
2026-01-09,601012,14:38:51,18.3500,269,1
2026-01-09,601012,14:38:54,18.3500,150,1
2026-01-09,601012,14:38:57,18.3500,351,1
2026-01-09,601012,14:39:00,18.3500,299,1
2026-01-09,601012,14:39:03,18.3500,223,2
2026-01-09,601012,14:39:06,18.3400,118,2
2026-01-09,601012,14:39:09,18.3600,204,1
2026-01-09,601012,14:39:12,18.3600,190,1
2026-01-09,601012,14:39:15,18.3500,173,2
2026-01-09,601012,14:39:18,18.3600,223,1
2026-01-09,601012,14:39:21,18.3500,144,2
2026-01-09,601012,14:39:24,18.3600,1093,1
2026-01-09,601012,14:39:27,18.3600,315,1
2026-01-09,601012,14:39:30,18.3600,264,1
2026-01-09,601012,14:39:33,18.3600,511,1
2026-01-09,601012,14:39:36,18.3600,98,1
2026-01-09,601012,14:39:39,18.3500,289,2
2026-01-09,601012,14:39:42,18.3600,466,1
2026-01-09,601012,14:39:45,18.3600,152,1
2026-01-09,601012,14:39:48,18.3600,159,1
2026-01-09,601012,14:39:51,18.3600,281,1
2026-01-09,601012,14:39:54,18.3500,219,2
2026-01-09,601012,14:39:57,18.3500,301,2
2026-01-09,601012,14:40:00,18.3600,346,1
2026-01-09,601012,14:40:03,18.3500,196,2
2026-01-09,601012,14:40:06,18.3600,211,1
2026-01-09,601012,14:40:09,18.3600,229,1
2026-01-09,601012,14:40:12,18.3600,548,1
2026-01-09,601012,14:40:15,18.3500,318,2
2026-01-09,601012,14:40:18,18.3600,510,1
2026-01-09,601012,14:40:21,18.3600,583,1
2026-01-09,601012,14:40:24,18.3600,161,1
2026-01-09,601012,14:40:27,18.3600,73,1
2026-01-09,601012,14:40:30,18.3600,686,1
2026-01-09,601012,14:40:33,18.3600,273,1
2026-01-09,601012,14:40:36,18.3600,213,1
2026-01-09,601012,14:40:39,18.3600,244,1
2026-01-09,601012,14:40:42,18.3600,358,1
2026-01-09,601012,14:40:45,18.3500,163,2
2026-01-09,601012,14:40:48,18.3600,232,1
2026-01-09,601012,14:40:51,18.3600,319,1
2026-01-09,601012,14:40:54,18.3600,240,2
2026-01-09,601012,14:40:57,18.3700,197,1
2026-01-09,601012,14:41:00,18.3600,176,2
2026-01-09,601012,14:41:03,18.3700,438,1
2026-01-09,601012,14:41:06,18.3700,359,1
2026-01-09,601012,14:41:09,18.3700,239,1
2026-01-09,601012,14:41:12,18.3700,406,1
2026-01-09,601012,14:41:15,18.3700,112,1
2026-01-09,601012,14:41:18,18.3700,667,1
2026-01-09,601012,14:41:21,18.3700,375,1
2026-01-09,601012,14:41:24,18.3700,282,1
2026-01-09,601012,14:41:27,18.3700,292,1
2026-01-09,601012,14:41:30,18.3700,433,1
2026-01-09,601012,14:41:33,18.3700,321,2
2026-01-09,601012,14:41:36,18.3800,325,1
2026-01-09,601012,14:41:39,18.3700,127,4
2026-01-09,601012,14:41:42,18.3700,646,2
2026-01-09,601012,14:41:45,18.3700,304,1
2026-01-09,601012,14:41:48,18.3700,425,1
2026-01-09,601012,14:41:51,18.3700,307,2
2026-01-09,601012,14:41:54,18.3700,243,1
2026-01-09,601012,14:41:57,18.3700,521,2
2026-01-09,601012,14:42:00,18.3800,251,1
2026-01-09,601012,14:42:03,18.3700,377,2
2026-01-09,601012,14:42:06,18.3800,65,1
2026-01-09,601012,14:42:09,18.3800,146,1
2026-01-09,601012,14:42:12,18.3700,369,2
2026-01-09,601012,14:42:15,18.3700,549,1
2026-01-09,601012,14:42:18,18.3700,1280,1
2026-01-09,601012,14:42:21,18.3800,444,1
2026-01-09,601012,14:42:24,18.3800,806,1
2026-01-09,601012,14:42:27,18.3700,218,2
2026-01-09,601012,14:42:30,18.3700,286,2
2026-01-09,601012,14:42:33,18.3700,357,1
2026-01-09,601012,14:42:36,18.3800,280,1
2026-01-09,601012,14:42:39,18.3700,342,2
2026-01-09,601012,14:42:42,18.3700,274,1
2026-01-09,601012,14:42:45,18.3700,148,1
2026-01-09,601012,14:42:48,18.3700,244,1
2026-01-09,601012,14:42:51,18.3700,275,2
2026-01-09,601012,14:42:54,18.3700,201,2
2026-01-09,601012,14:42:57,18.3700,203,1
2026-01-09,601012,14:43:00,18.3700,530,1
2026-01-09,601012,14:43:03,18.3700,436,1
2026-01-09,601012,14:43:06,18.3700,332,1
2026-01-09,601012,14:43:09,18.3700,256,1
2026-01-09,601012,14:43:12,18.3700,453,1
2026-01-09,601012,14:43:15,18.3700,667,1
2026-01-09,601012,14:43:18,18.3700,222,2
2026-01-09,601012,14:43:21,18.3800,465,1
2026-01-09,601012,14:43:24,18.3700,305,2
2026-01-09,601012,14:43:27,18.3800,454,1
2026-01-09,601012,14:43:30,18.3800,376,1
2026-01-09,601012,14:43:33,18.3700,120,2
2026-01-09,601012,14:43:36,18.3700,203,2
2026-01-09,601012,14:43:39,18.3700,632,2
2026-01-09,601012,14:43:42,18.3700,362,2
2026-01-09,601012,14:43:45,18.3700,229,2
2026-01-09,601012,14:43:48,18.3800,327,1
2026-01-09,601012,14:43:51,18.3800,266,1
2026-01-09,601012,14:43:54,18.3800,353,1
2026-01-09,601012,14:43:57,18.3800,266,1
2026-01-09,601012,14:44:00,18.3800,295,1
2026-01-09,601012,14:44:03,18.3700,315,2
2026-01-09,601012,14:44:06,18.3800,156,1
2026-01-09,601012,14:44:09,18.3700,139,2
2026-01-09,601012,14:44:12,18.3800,280,1
2026-01-09,601012,14:44:15,18.3700,153,2
2026-01-09,601012,14:44:18,18.3700,579,2
2026-01-09,601012,14:44:21,18.3700,192,1
2026-01-09,601012,14:44:24,18.3700,298,1
2026-01-09,601012,14:44:27,18.3700,188,2
2026-01-09,601012,14:44:30,18.3800,135,1
2026-01-09,601012,14:44:33,18.3700,82,2
2026-01-09,601012,14:44:36,18.3700,417,2
2026-01-09,601012,14:44:39,18.3700,294,1
2026-01-09,601012,14:44:42,18.3700,399,1
2026-01-09,601012,14:44:45,18.3700,259,1
2026-01-09,601012,14:44:48,18.3700,113,1
2026-01-09,601012,14:44:51,18.3800,212,1
2026-01-09,601012,14:44:54,18.3600,282,2
2026-01-09,601012,14:44:57,18.3700,190,1
2026-01-09,601012,14:45:00,18.3600,1214,2
2026-01-09,601012,14:45:03,18.3600,507,2
2026-01-09,601012,14:45:06,18.3600,263,2
2026-01-09,601012,14:45:09,18.3600,175,2
2026-01-09,601012,14:45:12,18.3600,3430,2
2026-01-09,601012,14:45:15,18.3700,214,1
2026-01-09,601012,14:45:18,18.3700,192,1
2026-01-09,601012,14:45:21,18.3700,624,1
2026-01-09,601012,14:45:24,18.3700,265,1
2026-01-09,601012,14:45:27,18.3700,303,1
2026-01-09,601012,14:45:30,18.3700,261,1
2026-01-09,601012,14:45:33,18.3700,130,2
2026-01-09,601012,14:45:36,18.3700,106,2
2026-01-09,601012,14:45:39,18.3700,180,2
2026-01-09,601012,14:45:42,18.3700,365,2
2026-01-09,601012,14:45:45,18.3700,279,2
2026-01-09,601012,14:45:48,18.3800,181,1
2026-01-09,601012,14:45:51,18.3700,1250,2
2026-01-09,601012,14:45:54,18.3700,643,2
2026-01-09,601012,14:45:57,18.3700,226,2
2026-01-09,601012,14:46:00,18.3800,715,1
2026-01-09,601012,14:46:03,18.3800,252,1
2026-01-09,601012,14:46:06,18.3800,496,1
2026-01-09,601012,14:46:09,18.3800,135,1
2026-01-09,601012,14:46:12,18.3800,451,1
2026-01-09,601012,14:46:15,18.3900,145,1
2026-01-09,601012,14:46:18,18.3800,288,2
2026-01-09,601012,14:46:21,18.3800,219,2
2026-01-09,601012,14:46:24,18.3900,48,1
2026-01-09,601012,14:46:27,18.3900,65,1
2026-01-09,601012,14:46:30,18.3800,423,2
2026-01-09,601012,14:46:33,18.3900,347,1
2026-01-09,601012,14:46:36,18.3800,473,2
2026-01-09,601012,14:46:39,18.3900,438,1
2026-01-09,601012,14:46:42,18.3900,289,1
2026-01-09,601012,14:46:45,18.3800,151,2
2026-01-09,601012,14:46:48,18.3900,632,1
2026-01-09,601012,14:46:51,18.3900,1095,1
2026-01-09,601012,14:46:54,18.3900,230,1
2026-01-09,601012,14:46:57,18.3900,331,1
2026-01-09,601012,14:47:00,18.3900,755,1
2026-01-09,601012,14:47:03,18.3900,723,1
2026-01-09,601012,14:47:06,18.3900,190,1
2026-01-09,601012,14:47:09,18.3900,212,1
2026-01-09,601012,14:47:12,18.3900,1069,1
2026-01-09,601012,14:47:15,18.3800,403,2
2026-01-09,601012,14:47:18,18.3900,557,1
2026-01-09,601012,14:47:21,18.3900,310,2
2026-01-09,601012,14:47:24,18.3900,101,1
2026-01-09,601012,14:47:27,18.3800,183,2
2026-01-09,601012,14:47:30,18.3800,482,2
2026-01-09,601012,14:47:33,18.3900,191,1
2026-01-09,601012,14:47:36,18.3800,463,2
2026-01-09,601012,14:47:39,18.3800,301,2
2026-01-09,601012,14:47:42,18.3900,659,1
2026-01-09,601012,14:47:45,18.3900,832,2
2026-01-09,601012,14:47:48,18.3900,188,1
2026-01-09,601012,14:47:51,18.3900,357,1
2026-01-09,601012,14:47:54,18.3900,240,1
2026-01-09,601012,14:47:57,18.3900,259,2
2026-01-09,601012,14:48:00,18.3800,229,2
2026-01-09,601012,14:48:03,18.3800,1063,2
2026-01-09,601012,14:48:06,18.3900,228,1
2026-01-09,601012,14:48:09,18.3900,271,1
2026-01-09,601012,14:48:12,18.3900,576,1
2026-01-09,601012,14:48:15,18.3900,248,1
2026-01-09,601012,14:48:18,18.3900,670,2
2026-01-09,601012,14:48:21,18.3800,123,2
2026-01-09,601012,14:48:24,18.3900,369,1
2026-01-09,601012,14:48:27,18.3800,105,2
2026-01-09,601012,14:48:30,18.3800,308,2
2026-01-09,601012,14:48:33,18.3900,233,1
2026-01-09,601012,14:48:36,18.3900,268,1
2026-01-09,601012,14:48:39,18.3900,250,1
2026-01-09,601012,14:48:42,18.3900,1191,1
2026-01-09,601012,14:48:45,18.3900,369,1
2026-01-09,601012,14:48:48,18.3900,308,1
2026-01-09,601012,14:48:51,18.3900,363,1
2026-01-09,601012,14:48:54,18.3900,196,1
2026-01-09,601012,14:48:57,18.3900,365,1
2026-01-09,601012,14:49:00,18.3800,294,2
2026-01-09,601012,14:49:03,18.3900,1936,1
2026-01-09,601012,14:49:06,18.3900,121,1
2026-01-09,601012,14:49:09,18.3900,175,1
2026-01-09,601012,14:49:12,18.3900,844,1
2026-01-09,601012,14:49:15,18.3900,273,1
2026-01-09,601012,14:49:18,18.3800,291,2
2026-01-09,601012,14:49:21,18.3800,339,2
2026-01-09,601012,14:49:24,18.3800,150,2
2026-01-09,601012,14:49:27,18.3900,164,1
2026-01-09,601012,14:49:30,18.3800,258,2
2026-01-09,601012,14:49:33,18.3900,501,1
2026-01-09,601012,14:49:36,18.3800,303,2
2026-01-09,601012,14:49:39,18.3800,149,2
2026-01-09,601012,14:49:42,18.3800,425,2
2026-01-09,601012,14:49:45,18.3800,147,2
2026-01-09,601012,14:49:48,18.3800,408,2
2026-01-09,601012,14:49:51,18.3900,612,1
2026-01-09,601012,14:49:54,18.3800,1946,2
2026-01-09,601012,14:49:57,18.3700,234,2
2026-01-09,601012,14:50:00,18.3800,490,1
2026-01-09,601012,14:50:03,18.3700,765,2
2026-01-09,601012,14:50:06,18.3800,505,1
2026-01-09,601012,14:50:09,18.3700,855,2
2026-01-09,601012,14:50:12,18.3800,329,1
2026-01-09,601012,14:50:15,18.3800,453,1
2026-01-09,601012,14:50:18,18.3800,125,1
2026-01-09,601012,14:50:21,18.3800,374,1
2026-01-09,601012,14:50:24,18.3700,184,2
2026-01-09,601012,14:50:27,18.3800,152,1
2026-01-09,601012,14:50:30,18.3700,467,2
2026-01-09,601012,14:50:33,18.3800,512,1
2026-01-09,601012,14:50:36,18.3700,95,2
2026-01-09,601012,14:50:39,18.3800,116,1
2026-01-09,601012,14:50:42,18.3700,316,2
2026-01-09,601012,14:50:45,18.3700,262,2
2026-01-09,601012,14:50:48,18.3800,364,1
2026-01-09,601012,14:50:51,18.3800,462,1
2026-01-09,601012,14:50:54,18.3800,392,1
2026-01-09,601012,14:50:57,18.3800,262,1
2026-01-09,601012,14:51:00,18.3700,629,2
2026-01-09,601012,14:51:03,18.3700,1128,2
2026-01-09,601012,14:51:06,18.3800,155,1
2026-01-09,601012,14:51:09,18.3800,444,1
2026-01-09,601012,14:51:12,18.3700,525,2
2026-01-09,601012,14:51:15,18.3800,315,1
2026-01-09,601012,14:51:18,18.3700,174,2
2026-01-09,601012,14:51:21,18.3800,469,1
2026-01-09,601012,14:51:24,18.3800,253,1
2026-01-09,601012,14:51:27,18.3800,150,1
2026-01-09,601012,14:51:30,18.3700,209,2
2026-01-09,601012,14:51:33,18.3800,308,1
2026-01-09,601012,14:51:36,18.3700,249,2
2026-01-09,601012,14:51:39,18.3700,1310,2
2026-01-09,601012,14:51:42,18.3800,378,1
2026-01-09,601012,14:51:45,18.3800,303,1
2026-01-09,601012,14:51:48,18.3800,457,1
2026-01-09,601012,14:51:51,18.3800,706,1
2026-01-09,601012,14:51:54,18.3800,338,1
2026-01-09,601012,14:51:57,18.3700,265,2
2026-01-09,601012,14:52:00,18.3700,730,2
2026-01-09,601012,14:52:03,18.3800,594,1
2026-01-09,601012,14:52:06,18.3800,567,1
2026-01-09,601012,14:52:09,18.3800,252,1
2026-01-09,601012,14:52:12,18.3700,472,2
2026-01-09,601012,14:52:15,18.3800,70,1
2026-01-09,601012,14:52:18,18.3800,181,1
2026-01-09,601012,14:52:21,18.3700,249,2
2026-01-09,601012,14:52:24,18.3700,117,2
2026-01-09,601012,14:52:27,18.3800,987,1
2026-01-09,601012,14:52:30,18.3800,633,1
2026-01-09,601012,14:52:33,18.3800,290,1
2026-01-09,601012,14:52:36,18.3800,266,1
2026-01-09,601012,14:52:39,18.3800,334,1
2026-01-09,601012,14:52:42,18.3800,608,1
2026-01-09,601012,14:52:45,18.3700,156,2
2026-01-09,601012,14:52:48,18.3700,3117,2
2026-01-09,601012,14:52:51,18.3700,1197,1
2026-01-09,601012,14:52:54,18.3700,357,1
2026-01-09,601012,14:52:57,18.3700,320,1
2026-01-09,601012,14:53:00,18.3700,515,2
2026-01-09,601012,14:53:03,18.3800,734,1
2026-01-09,601012,14:53:06,18.3700,295,2
2026-01-09,601012,14:53:09,18.3800,211,1
2026-01-09,601012,14:53:12,18.3800,479,1
2026-01-09,601012,14:53:15,18.3800,180,1
2026-01-09,601012,14:53:18,18.3700,2425,2
2026-01-09,601012,14:53:21,18.3800,502,1
2026-01-09,601012,14:53:24,18.3700,103,2
2026-01-09,601012,14:53:27,18.3800,256,1
2026-01-09,601012,14:53:30,18.3800,697,1
2026-01-09,601012,14:53:33,18.3800,210,1
2026-01-09,601012,14:53:36,18.3800,261,1
2026-01-09,601012,14:53:39,18.3700,505,2
2026-01-09,601012,14:53:42,18.3800,479,1
2026-01-09,601012,14:53:45,18.3800,852,1
2026-01-09,601012,14:53:48,18.3800,262,1
2026-01-09,601012,14:53:51,18.3700,450,2
2026-01-09,601012,14:53:54,18.3800,212,1
2026-01-09,601012,14:53:57,18.3800,490,1
2026-01-09,601012,14:54:00,18.3800,522,1
2026-01-09,601012,14:54:03,18.3700,1022,2
2026-01-09,601012,14:54:06,18.3800,327,1
2026-01-09,601012,14:54:09,18.3800,1096,1
2026-01-09,601012,14:54:12,18.3900,765,1
2026-01-09,601012,14:54:15,18.3800,286,2
2026-01-09,601012,14:54:18,18.3800,105,2
2026-01-09,601012,14:54:21,18.3800,815,2
2026-01-09,601012,14:54:24,18.3800,338,2
2026-01-09,601012,14:54:27,18.3800,687,2
2026-01-09,601012,14:54:30,18.3800,481,2
2026-01-09,601012,14:54:33,18.3900,180,1
2026-01-09,601012,14:54:36,18.3800,231,2
2026-01-09,601012,14:54:39,18.3800,1313,2
2026-01-09,601012,14:54:42,18.3800,913,1
2026-01-09,601012,14:54:45,18.3800,313,1
2026-01-09,601012,14:54:48,18.3800,410,1
2026-01-09,601012,14:54:51,18.3800,518,2
2026-01-09,601012,14:54:54,18.3800,342,2
2026-01-09,601012,14:54:57,18.3800,256,2
2026-01-09,601012,14:55:00,18.3900,495,1
2026-01-09,601012,14:55:03,18.3800,738,2
2026-01-09,601012,14:55:06,18.3800,564,1
2026-01-09,601012,14:55:09,18.3800,423,1
2026-01-09,601012,14:55:12,18.3800,939,1
2026-01-09,601012,14:55:15,18.3800,1366,1
2026-01-09,601012,14:55:18,18.3800,375,1
2026-01-09,601012,14:55:21,18.3800,831,2
2026-01-09,601012,14:55:24,18.3800,294,2
2026-01-09,601012,14:55:27,18.3800,254,2
2026-01-09,601012,14:55:30,18.3800,502,2
2026-01-09,601012,14:55:33,18.3800,219,2
2026-01-09,601012,14:55:36,18.3800,122,2
2026-01-09,601012,14:55:39,18.3900,698,1
2026-01-09,601012,14:55:42,18.3800,680,2
2026-01-09,601012,14:55:45,18.3800,345,2
2026-01-09,601012,14:55:48,18.3900,780,1
2026-01-09,601012,14:55:51,18.3900,317,1
2026-01-09,601012,14:55:54,18.3800,491,2
2026-01-09,601012,14:55:57,18.3800,104,2
2026-01-09,601012,14:56:00,18.3800,1003,2
2026-01-09,601012,14:56:03,18.3800,761,2
2026-01-09,601012,14:56:06,18.3900,324,1
2026-01-09,601012,14:56:09,18.3900,483,1
2026-01-09,601012,14:56:12,18.3900,654,1
2026-01-09,601012,14:56:15,18.3800,934,2
2026-01-09,601012,14:56:18,18.3800,1196,2
2026-01-09,601012,14:56:21,18.3800,1316,2
2026-01-09,601012,14:56:24,18.3800,648,1
2026-01-09,601012,14:56:27,18.3900,519,1
2026-01-09,601012,14:56:30,18.3800,583,2
2026-01-09,601012,14:56:33,18.3800,447,2
2026-01-09,601012,14:56:36,18.3900,164,1
2026-01-09,601012,14:56:39,18.3900,396,1
2026-01-09,601012,14:56:42,18.3900,786,1
2026-01-09,601012,14:56:45,18.3900,603,1
2026-01-09,601012,14:56:48,18.3900,871,1
2026-01-09,601012,14:56:51,18.3800,1026,2
2026-01-09,601012,14:56:54,18.3900,574,1
2026-01-09,601012,14:56:57,18.3900,200,2
2026-01-09,601012,14:57:00,18.3900,262,2
2026-01-09,601012,15:00:02,18.3900,16583,4
2026-01-09,601012,13:17:06,18.3500,169,1
2026-01-09,601012,13:17:09,18.3500,183,1
2026-01-09,601012,13:17:12,18.3400,241,2
2026-01-09,601012,13:17:15,18.3400,1369,2
2026-01-09,601012,13:17:18,18.3400,689,1
2026-01-09,601012,13:17:21,18.3500,877,1
2026-01-09,601012,13:17:24,18.3400,414,2
2026-01-09,601012,13:17:27,18.3400,193,2
2026-01-09,601012,13:17:30,18.3400,83,2
2026-01-09,601012,13:17:33,18.3400,140,1
2026-01-09,601012,13:17:36,18.3400,428,1
2026-01-09,601012,13:17:39,18.3400,121,2
2026-01-09,601012,13:17:42,18.3400,152,2
2026-01-09,601012,13:17:45,18.3500,106,1
2026-01-09,601012,13:17:48,18.3400,98,2
2026-01-09,601012,13:17:51,18.3500,263,1
2026-01-09,601012,13:17:54,18.3500,212,1
2026-01-09,601012,13:17:57,18.3500,156,1
2026-01-09,601012,13:18:00,18.3400,257,2
2026-01-09,601012,13:18:03,18.3500,219,1
2026-01-09,601012,13:18:06,18.3400,725,2
2026-01-09,601012,13:18:09,18.3400,252,2
2026-01-09,601012,13:18:12,18.3500,366,1
2026-01-09,601012,13:18:15,18.3500,105,1
2026-01-09,601012,13:18:18,18.3500,93,1
2026-01-09,601012,13:18:21,18.3500,183,1
2026-01-09,601012,13:18:24,18.3500,321,1
2026-01-09,601012,13:18:27,18.3400,74,2
2026-01-09,601012,13:18:30,18.3500,247,1
2026-01-09,601012,13:18:33,18.3500,53,1
2026-01-09,601012,13:18:36,18.3500,99,1
2026-01-09,601012,13:18:39,18.3500,402,1
2026-01-09,601012,13:18:42,18.3500,373,1
2026-01-09,601012,13:18:45,18.3500,274,1
2026-01-09,601012,13:18:48,18.3500,307,1
2026-01-09,601012,13:18:51,18.3500,300,1
2026-01-09,601012,13:18:54,18.3500,377,1
2026-01-09,601012,13:18:57,18.3500,172,1
2026-01-09,601012,13:19:00,18.3500,387,2
2026-01-09,601012,13:19:03,18.3500,271,1
2026-01-09,601012,13:19:06,18.3500,217,1
2026-01-09,601012,13:19:09,18.3500,380,1
2026-01-09,601012,13:19:12,18.3500,361,1
2026-01-09,601012,13:19:15,18.3500,176,1
2026-01-09,601012,13:19:18,18.3400,115,2
2026-01-09,601012,13:19:21,18.3500,349,1
2026-01-09,601012,13:19:24,18.3500,85,1
2026-01-09,601012,13:19:27,18.3500,682,2
2026-01-09,601012,13:19:30,18.3500,270,1
2026-01-09,601012,13:19:33,18.3500,132,2
2026-01-09,601012,13:19:36,18.3600,64,1
2026-01-09,601012,13:19:39,18.3500,228,2
2026-01-09,601012,13:19:42,18.3500,203,2
2026-01-09,601012,13:19:45,18.3600,165,1
2026-01-09,601012,13:19:48,18.3600,51,1
2026-01-09,601012,13:19:51,18.3500,166,2
2026-01-09,601012,13:19:54,18.3600,252,1
2026-01-09,601012,13:19:57,18.3600,312,1
2026-01-09,601012,13:20:00,18.3500,544,2
2026-01-09,601012,13:20:03,18.3500,1755,2
2026-01-09,601012,13:20:06,18.3600,245,1
2026-01-09,601012,13:20:09,18.3500,143,2
2026-01-09,601012,13:20:12,18.3400,285,2
2026-01-09,601012,13:20:15,18.3500,287,1
2026-01-09,601012,13:20:18,18.3500,151,1
2026-01-09,601012,13:20:21,18.3500,266,1
2026-01-09,601012,13:20:24,18.3500,215,1
2026-01-09,601012,13:20:27,18.3600,893,1
2026-01-09,601012,13:20:30,18.3500,296,2
2026-01-09,601012,13:20:33,18.3400,276,2
2026-01-09,601012,13:20:36,18.3500,97,1
2026-01-09,601012,13:20:39,18.3400,136,2
2026-01-09,601012,13:20:42,18.3400,171,2
2026-01-09,601012,13:20:45,18.3400,50,2
2026-01-09,601012,13:20:48,18.3500,281,1
2026-01-09,601012,13:20:51,18.3500,215,1
2026-01-09,601012,13:20:54,18.3400,510,2
2026-01-09,601012,13:20:57,18.3400,103,2
2026-01-09,601012,13:21:00,18.3400,458,2
2026-01-09,601012,13:21:03,18.3500,103,1
2026-01-09,601012,13:21:06,18.3500,270,1
2026-01-09,601012,13:21:09,18.3500,588,1
2026-01-09,601012,13:21:12,18.3500,424,1
2026-01-09,601012,13:21:15,18.3400,125,2
2026-01-09,601012,13:21:18,18.3500,294,1
2026-01-09,601012,13:21:21,18.3500,329,1
2026-01-09,601012,13:21:24,18.3500,81,1
2026-01-09,601012,13:21:27,18.3500,174,1
2026-01-09,601012,13:21:30,18.3500,305,1
2026-01-09,601012,13:21:33,18.3500,185,1
2026-01-09,601012,13:21:36,18.3500,277,1
2026-01-09,601012,13:21:39,18.3500,2115,1
2026-01-09,601012,13:21:42,18.3500,505,1
2026-01-09,601012,13:21:45,18.3500,118,1
2026-01-09,601012,13:21:48,18.3500,137,1
2026-01-09,601012,13:21:51,18.3400,1297,2
2026-01-09,601012,13:21:54,18.3300,167,2
2026-01-09,601012,13:21:57,18.3400,176,1
2026-01-09,601012,13:22:00,18.3300,3174,2
2026-01-09,601012,13:22:03,18.3300,595,2
2026-01-09,601012,13:22:06,18.3300,273,1
2026-01-09,601012,13:22:09,18.3300,68,1
2026-01-09,601012,13:22:12,18.3200,577,2
2026-01-09,601012,13:22:15,18.3300,339,1
2026-01-09,601012,13:22:18,18.3200,1431,2
2026-01-09,601012,13:22:21,18.3200,909,2
2026-01-09,601012,13:22:24,18.3300,117,1
2026-01-09,601012,13:22:27,18.3300,1253,1
2026-01-09,601012,13:22:30,18.3300,708,1
2026-01-09,601012,13:22:33,18.3300,221,1
2026-01-09,601012,13:22:36,18.3200,755,2
2026-01-09,601012,13:22:39,18.3200,170,2
2026-01-09,601012,13:22:42,18.3300,345,1
2026-01-09,601012,13:22:45,18.3200,525,2
2026-01-09,601012,13:22:48,18.3300,134,4
2026-01-09,601012,13:22:51,18.3300,354,2
2026-01-09,601012,13:22:54,18.3300,192,1
2026-01-09,601012,13:22:57,18.3300,1175,1
2026-01-09,601012,13:23:00,18.3200,366,2
2026-01-09,601012,13:23:03,18.3200,925,2
2026-01-09,601012,13:23:06,18.3300,422,1
2026-01-09,601012,13:23:09,18.3300,436,1
2026-01-09,601012,13:23:12,18.3200,1076,2
2026-01-09,601012,13:23:15,18.3200,810,1
2026-01-09,601012,13:23:18,18.3200,138,1
2026-01-09,601012,13:23:21,18.3200,335,1
2026-01-09,601012,13:23:24,18.3200,179,1
2026-01-09,601012,13:23:27,18.3200,106,1
2026-01-09,601012,13:23:30,18.3200,759,1
2026-01-09,601012,13:23:33,18.3100,126,2
2026-01-09,601012,13:23:36,18.3100,235,2
2026-01-09,601012,13:23:39,18.3100,675,2
2026-01-09,601012,13:23:42,18.3100,267,2
2026-01-09,601012,13:23:45,18.3100,268,2
2026-01-09,601012,13:23:48,18.3200,129,1
2026-01-09,601012,13:23:51,18.3100,209,2
2026-01-09,601012,13:23:54,18.3100,224,2
2026-01-09,601012,13:23:57,18.3200,384,1
2026-01-09,601012,13:24:00,18.3200,629,1
2026-01-09,601012,13:24:03,18.3100,7659,2
2026-01-09,601012,13:24:06,18.3100,1869,2
2026-01-09,601012,13:24:09,18.3100,1369,1
2026-01-09,601012,13:24:12,18.3000,7219,2
2026-01-09,601012,13:24:15,18.3000,3655,2
2026-01-09,601012,13:24:18,18.3000,803,2
2026-01-09,601012,13:24:21,18.3000,4798,2
2026-01-09,601012,13:24:24,18.3000,423,1
2026-01-09,601012,13:24:27,18.3000,229,1
2026-01-09,601012,13:24:30,18.2900,4471,2
2026-01-09,601012,13:24:33,18.2900,311,1
2026-01-09,601012,13:24:36,18.2800,220,2
2026-01-09,601012,13:24:39,18.2800,448,2
2026-01-09,601012,13:24:42,18.2800,1271,2
2026-01-09,601012,13:24:45,18.2900,1003,1
2026-01-09,601012,13:24:48,18.2900,1680,1
2026-01-09,601012,13:24:51,18.2900,945,1
2026-01-09,601012,13:24:54,18.2900,226,1
2026-01-09,601012,13:24:57,18.2800,291,2
2026-01-09,601012,13:25:00,18.2900,423,1
2026-01-09,601012,13:25:03,18.2900,601,1
2026-01-09,601012,13:25:06,18.2900,1222,1
2026-01-09,601012,13:25:09,18.2900,367,1
2026-01-09,601012,13:25:12,18.2900,385,2
2026-01-09,601012,13:25:15,18.2900,166,2
2026-01-09,601012,13:25:18,18.2900,42,2
2026-01-09,601012,13:25:21,18.3000,183,1
2026-01-09,601012,13:25:24,18.2900,536,2
2026-01-09,601012,13:25:27,18.3000,601,1
2026-01-09,601012,13:25:30,18.2900,627,2
2026-01-09,601012,13:25:33,18.2900,272,2
2026-01-09,601012,13:25:36,18.3000,200,1
2026-01-09,601012,13:25:39,18.3000,122,1
2026-01-09,601012,13:25:42,18.2900,682,2
2026-01-09,601012,13:25:45,18.3000,459,1
2026-01-09,601012,13:25:48,18.2900,303,2
2026-01-09,601012,13:25:51,18.3000,511,1
2026-01-09,601012,13:25:54,18.3000,210,1
2026-01-09,601012,13:25:57,18.3000,1382,1
2026-01-09,601012,13:26:00,18.3000,585,1
2026-01-09,601012,13:26:03,18.3000,308,1
2026-01-09,601012,13:26:06,18.3000,934,1
2026-01-09,601012,13:26:09,18.3000,364,1
2026-01-09,601012,13:26:12,18.2900,753,2
2026-01-09,601012,13:26:15,18.3000,493,1
2026-01-09,601012,13:26:18,18.3000,221,2
2026-01-09,601012,13:26:21,18.3100,275,1
2026-01-09,601012,13:26:24,18.3100,636,1
2026-01-09,601012,13:26:27,18.3100,151,1
2026-01-09,601012,13:26:30,18.3100,282,1
2026-01-09,601012,13:26:33,18.3100,766,1
2026-01-09,601012,13:26:36,18.3200,258,1
2026-01-09,601012,13:26:39,18.3100,154,2
2026-01-09,601012,13:26:42,18.3200,210,1
2026-01-09,601012,13:26:45,18.3100,198,2
2026-01-09,601012,13:26:48,18.3200,159,1
2026-01-09,601012,13:26:51,18.3200,546,1
2026-01-09,601012,13:26:54,18.3100,501,2
2026-01-09,601012,13:26:57,18.3200,164,1
2026-01-09,601012,13:27:00,18.3100,239,2
2026-01-09,601012,13:27:03,18.3200,97,1
2026-01-09,601012,13:27:06,18.3100,317,2
2026-01-09,601012,13:27:09,18.3100,31,2
2026-01-09,601012,13:27:12,18.3100,195,2
2026-01-09,601012,13:27:15,18.3200,265,1
2026-01-09,601012,13:27:18,18.3200,204,1
2026-01-09,601012,13:27:21,18.3100,413,2
2026-01-09,601012,13:27:24,18.3200,69,1
2026-01-09,601012,13:27:27,18.3100,111,2
2026-01-09,601012,13:27:30,18.3200,275,1
2026-01-09,601012,13:27:33,18.3200,62,1
2026-01-09,601012,13:27:36,18.3200,59,1
2026-01-09,601012,13:27:39,18.3200,64,1
2026-01-09,601012,13:27:42,18.3200,454,1
2026-01-09,601012,13:27:45,18.3200,741,1
2026-01-09,601012,13:27:48,18.3100,130,2
2026-01-09,601012,13:27:51,18.3200,711,1
2026-01-09,601012,13:27:54,18.3100,140,2
2026-01-09,601012,13:27:57,18.3100,299,2
2026-01-09,601012,13:28:00,18.3100,353,2
2026-01-09,601012,13:28:03,18.3100,348,1
2026-01-09,601012,13:28:06,18.3100,111,1
2026-01-09,601012,13:28:09,18.3200,500,1
2026-01-09,601012,13:28:12,18.3100,210,2
2026-01-09,601012,13:28:15,18.3100,133,2
2026-01-09,601012,13:28:18,18.3100,113,2
2026-01-09,601012,13:28:21,18.3100,91,2
2026-01-09,601012,13:28:24,18.3200,44,1
2026-01-09,601012,13:28:27,18.3100,101,2
2026-01-09,601012,13:28:30,18.3100,155,2
2026-01-09,601012,13:28:33,18.3100,57,2
2026-01-09,601012,13:28:36,18.3100,260,2
2026-01-09,601012,13:28:39,18.3100,280,2
2026-01-09,601012,13:28:42,18.3200,158,1
2026-01-09,601012,13:28:45,18.3200,87,1
2026-01-09,601012,13:28:48,18.3100,82,2
2026-01-09,601012,13:28:51,18.3200,109,1
2026-01-09,601012,13:28:54,18.3200,399,1
2026-01-09,601012,13:28:57,18.3200,201,1
2026-01-09,601012,13:29:00,18.3200,1054,1
2026-01-09,601012,13:29:03,18.3200,290,1
2026-01-09,601012,13:29:06,18.3300,247,1
2026-01-09,601012,13:29:09,18.3200,85,2
2026-01-09,601012,13:29:12,18.3300,1650,1
2026-01-09,601012,13:29:15,18.3300,300,2
2026-01-09,601012,13:29:18,18.3300,85,2
2026-01-09,601012,13:29:21,18.3400,367,1
2026-01-09,601012,13:29:24,18.3400,134,1
2026-01-09,601012,13:29:27,18.3400,258,1
2026-01-09,601012,13:29:30,18.3300,229,2
2026-01-09,601012,13:29:33,18.3300,317,2
2026-01-09,601012,13:29:36,18.3400,115,1
2026-01-09,601012,13:29:39,18.3400,251,1
2026-01-09,601012,13:29:42,18.3400,114,2
2026-01-09,601012,13:29:45,18.3500,237,1
2026-01-09,601012,13:29:48,18.3500,784,1
2026-01-09,601012,13:29:51,18.3400,203,2
2026-01-09,601012,13:29:54,18.3500,152,1
2026-01-09,601012,13:29:57,18.3500,338,1
2026-01-09,601012,13:30:00,18.3500,772,1
2026-01-09,601012,13:30:03,18.3500,106,1
2026-01-09,601012,13:30:06,18.3500,366,1
2026-01-09,601012,13:30:09,18.3400,244,2
2026-01-09,601012,13:30:12,18.3400,530,2
2026-01-09,601012,13:30:15,18.3400,133,2
2026-01-09,601012,13:30:18,18.3400,236,2
2026-01-09,601012,13:30:21,18.3400,505,2
2026-01-09,601012,13:30:24,18.3300,239,2
2026-01-09,601012,13:30:27,18.3300,151,2
2026-01-09,601012,13:30:30,18.3300,308,2
2026-01-09,601012,13:30:33,18.3300,255,2
2026-01-09,601012,13:30:36,18.3300,338,2
2026-01-09,601012,13:30:39,18.3300,56,2
2026-01-09,601012,13:30:42,18.3300,230,2
2026-01-09,601012,13:30:45,18.3300,564,2
2026-01-09,601012,13:30:48,18.3300,108,2
2026-01-09,601012,13:30:51,18.3400,214,1
2026-01-09,601012,13:30:54,18.3400,328,1
2026-01-09,601012,13:30:57,18.3400,359,1
2026-01-09,601012,13:31:00,18.3300,151,2
2026-01-09,601012,13:31:03,18.3400,278,1
2026-01-09,601012,13:31:06,18.3400,277,1
2026-01-09,601012,13:31:09,18.3400,135,1
2026-01-09,601012,13:31:12,18.3400,765,1
2026-01-09,601012,13:31:15,18.3400,179,2
2026-01-09,601012,13:31:18,18.3500,50,1
2026-01-09,601012,13:31:21,18.3500,202,1
2026-01-09,601012,13:31:24,18.3400,118,2
2026-01-09,601012,13:31:27,18.3400,151,2
2026-01-09,601012,13:31:30,18.3400,438,2
2026-01-09,601012,13:31:33,18.3400,267,1
2026-01-09,601012,13:31:36,18.3400,365,1
2026-01-09,601012,13:31:39,18.3300,980,2
2026-01-09,601012,13:31:42,18.3400,338,1
2026-01-09,601012,13:31:45,18.3400,188,1
2026-01-09,601012,13:31:48,18.3400,81,1
2026-01-09,601012,13:31:51,18.3300,221,2
2026-01-09,601012,13:31:54,18.3300,1317,2
2026-01-09,601012,13:31:57,18.3300,209,1
2026-01-09,601012,13:32:00,18.3300,462,1
2026-01-09,601012,13:32:03,18.3200,410,2
2026-01-09,601012,13:32:06,18.3300,191,1
2026-01-09,601012,13:32:09,18.3300,70,1
2026-01-09,601012,13:32:12,18.3300,360,1
2026-01-09,601012,13:32:15,18.3300,219,1
2026-01-09,601012,13:32:18,18.3300,148,1
2026-01-09,601012,13:32:21,18.3300,451,1
2026-01-09,601012,13:32:24,18.3200,91,2
2026-01-09,601012,13:32:27,18.3300,209,1
2026-01-09,601012,13:32:30,18.3300,286,1
2026-01-09,601012,13:32:33,18.3200,17,2
2026-01-09,601012,13:32:36,18.3200,138,2
2026-01-09,601012,13:32:39,18.3200,135,2
2026-01-09,601012,13:32:42,18.3200,150,2
2026-01-09,601012,13:32:45,18.3200,132,2
2026-01-09,601012,13:32:48,18.3200,343,2
2026-01-09,601012,13:32:51,18.3300,360,1
2026-01-09,601012,13:32:54,18.3200,365,2
2026-01-09,601012,13:32:57,18.3200,78,2
2026-01-09,601012,13:33:00,18.3200,1926,2
2026-01-09,601012,13:33:03,18.3200,211,1
2026-01-09,601012,13:33:06,18.3200,134,1
2026-01-09,601012,13:33:09,18.3200,318,1
2026-01-09,601012,13:33:12,18.3200,385,1
2026-01-09,601012,13:33:15,18.3200,58,1
2026-01-09,601012,13:33:18,18.3200,222,1
2026-01-09,601012,13:33:21,18.3100,2742,2
2026-01-09,601012,13:33:24,18.3100,209,2
2026-01-09,601012,13:33:27,18.3200,204,1
2026-01-09,601012,13:33:30,18.3100,758,2
2026-01-09,601012,13:33:33,18.3100,323,1
2026-01-09,601012,13:33:36,18.3200,168,1
2026-01-09,601012,13:33:39,18.3000,361,2
2026-01-09,601012,13:33:42,18.3000,321,2
2026-01-09,601012,13:33:45,18.3200,519,1
2026-01-09,601012,13:33:48,18.3200,1058,1
2026-01-09,601012,13:33:51,18.3100,315,2
2026-01-09,601012,13:33:54,18.3300,166,1
2026-01-09,601012,13:33:57,18.3200,33,2
2026-01-09,601012,13:34:00,18.3200,374,2
2026-01-09,601012,13:34:03,18.3200,250,2
2026-01-09,601012,13:34:06,18.3100,153,2
2026-01-09,601012,13:34:09,18.3200,128,1
2026-01-09,601012,13:34:12,18.3200,266,2
2026-01-09,601012,13:34:15,18.3200,171,2
2026-01-09,601012,13:34:18,18.3200,104,1
2026-01-09,601012,13:34:21,18.3200,127,1
2026-01-09,601012,13:34:24,18.3100,96,2
2026-01-09,601012,13:34:27,18.3200,177,1
2026-01-09,601012,13:34:30,18.3200,290,1
2026-01-09,601012,13:34:33,18.3100,196,2
2026-01-09,601012,13:34:36,18.3100,87,2
2026-01-09,601012,13:34:39,18.3200,98,1
2026-01-09,601012,13:34:42,18.3200,335,1
2026-01-09,601012,13:34:45,18.3100,169,2
2026-01-09,601012,13:34:48,18.3100,132,2
2026-01-09,601012,13:34:51,18.3200,122,1
2026-01-09,601012,13:34:54,18.3200,158,1
2026-01-09,601012,13:34:57,18.3100,239,2
2026-01-09,601012,13:35:00,18.3200,386,1
2026-01-09,601012,13:35:03,18.3200,219,1
2026-01-09,601012,13:35:06,18.3200,199,1
2026-01-09,601012,13:35:09,18.3200,131,2
2026-01-09,601012,13:35:12,18.3300,220,1
2026-01-09,601012,13:35:15,18.3200,210,2
2026-01-09,601012,13:35:18,18.3300,639,1
2026-01-09,601012,13:35:21,18.3300,308,1
2026-01-09,601012,13:35:24,18.3300,185,1
2026-01-09,601012,13:35:27,18.3200,598,2
2026-01-09,601012,13:35:30,18.3300,366,1
2026-01-09,601012,13:35:33,18.3200,297,2
2026-01-09,601012,13:35:36,18.3300,304,2
2026-01-09,601012,13:35:39,18.3300,38,2
2026-01-09,601012,13:35:42,18.3400,173,1
2026-01-09,601012,13:35:45,18.3300,332,2
2026-01-09,601012,13:35:48,18.3300,960,2
2026-01-09,601012,13:35:51,18.3300,265,1
2026-01-09,601012,13:35:54,18.3300,369,1
2026-01-09,601012,13:35:57,18.3200,142,2
2026-01-09,601012,13:36:00,18.3300,311,1
2026-01-09,601012,13:36:03,18.3200,805,2
2026-01-09,601012,13:36:06,18.3200,195,2
2026-01-09,601012,13:36:09,18.3400,93,1
2026-01-09,601012,13:36:12,18.3300,144,2
2026-01-09,601012,13:36:15,18.3300,72,1
2026-01-09,601012,13:36:18,18.3300,224,1
2026-01-09,601012,13:36:21,18.3300,642,1
2026-01-09,601012,13:36:24,18.3300,89,1
2026-01-09,601012,13:36:27,18.3300,51,1
2026-01-09,601012,13:36:30,18.3300,135,2
2026-01-09,601012,13:36:33,18.3300,72,2
2026-01-09,601012,13:36:36,18.3400,168,1
2026-01-09,601012,13:36:39,18.3400,453,1
2026-01-09,601012,13:36:42,18.3400,210,1
2026-01-09,601012,13:36:45,18.3400,686,1
2026-01-09,601012,13:36:48,18.3300,386,2
2026-01-09,601012,13:36:51,18.3300,519,2
2026-01-09,601012,13:36:54,18.3400,331,1
2026-01-09,601012,13:36:57,18.3400,196,1
2026-01-09,601012,13:37:00,18.3300,236,2
2026-01-09,601012,13:37:03,18.3200,1028,2
2026-01-09,601012,13:37:06,18.3400,194,1
2026-01-09,601012,13:37:09,18.3300,154,2
2026-01-09,601012,13:37:12,18.3400,230,1
2026-01-09,601012,13:37:15,18.3400,287,1
2026-01-09,601012,13:37:18,18.3400,83,1
2026-01-09,601012,13:37:21,18.3400,238,1
2026-01-09,601012,13:37:24,18.3400,99,1
2026-01-09,601012,13:37:27,18.3300,64,2
2026-01-09,601012,13:37:30,18.3300,230,2
2026-01-09,601012,13:37:33,18.3400,82,1
2026-01-09,601012,13:37:36,18.3400,77,1
2026-01-09,601012,13:37:39,18.3400,153,1
2026-01-09,601012,13:37:42,18.3400,219,1
2026-01-09,601012,13:37:45,18.3400,187,1
2026-01-09,601012,13:37:48,18.3400,249,1
2026-01-09,601012,13:37:51,18.3300,128,2
2026-01-09,601012,13:37:54,18.3400,78,1
2026-01-09,601012,13:37:57,18.3400,559,1
2026-01-09,601012,13:38:00,18.3400,220,1
2026-01-09,601012,13:38:03,18.3400,90,1
2026-01-09,601012,13:38:06,18.3300,172,2
2026-01-09,601012,13:38:09,18.3400,165,1
2026-01-09,601012,13:38:12,18.3400,205,1
2026-01-09,601012,13:38:15,18.3400,525,1
2026-01-09,601012,13:38:18,18.3300,139,2
2026-01-09,601012,13:38:21,18.3400,209,1
2026-01-09,601012,13:38:24,18.3400,244,1
2026-01-09,601012,13:38:27,18.3400,553,1
2026-01-09,601012,13:38:30,18.3300,3829,2
2026-01-09,601012,13:38:33,18.3300,244,1
2026-01-09,601012,13:38:36,18.3300,101,1
2026-01-09,601012,13:38:39,18.3300,194,1
2026-01-09,601012,13:38:42,18.3300,849,1
2026-01-09,601012,13:38:45,18.3300,2169,1
2026-01-09,601012,13:38:48,18.3300,141,1
2026-01-09,601012,13:38:51,18.3300,925,1
2026-01-09,601012,13:38:54,18.3300,226,1
2026-01-09,601012,13:38:57,18.3300,120,1
2026-01-09,601012,13:39:00,18.3300,385,1
2026-01-09,601012,13:39:03,18.3300,225,1
2026-01-09,601012,13:39:06,18.3300,339,1
2026-01-09,601012,13:39:09,18.3300,477,1
2026-01-09,601012,13:39:12,18.3300,343,1
2026-01-09,601012,13:39:15,18.3300,194,1
2026-01-09,601012,13:39:18,18.3200,223,2
2026-01-09,601012,13:39:21,18.3300,260,1
2026-01-09,601012,13:39:24,18.3300,200,1
2026-01-09,601012,13:39:27,18.3200,160,2
2026-01-09,601012,13:39:30,18.3300,185,1
2026-01-09,601012,13:39:33,18.3300,216,1
2026-01-09,601012,13:39:36,18.3300,649,1
2026-01-09,601012,13:39:39,18.3300,195,1
2026-01-09,601012,13:39:42,18.3300,160,2
2026-01-09,601012,13:39:45,18.3400,143,1
2026-01-09,601012,13:39:48,18.3400,139,1
2026-01-09,601012,13:39:51,18.3300,349,2
2026-01-09,601012,13:39:54,18.3400,226,1
2026-01-09,601012,13:39:57,18.3300,213,2
2026-01-09,601012,13:40:00,18.3400,198,1
2026-01-09,601012,13:40:03,18.3300,217,2
2026-01-09,601012,13:40:06,18.3300,383,1
2026-01-09,601012,13:40:09,18.3300,191,1
2026-01-09,601012,13:40:12,18.3300,237,1
2026-01-09,601012,13:40:15,18.3300,371,1
2026-01-09,601012,13:40:18,18.3300,157,1
2026-01-09,601012,13:40:21,18.3300,376,1
2026-01-09,601012,13:40:24,18.3200,156,2
2026-01-09,601012,13:40:27,18.3300,69,1
2026-01-09,601012,13:40:30,18.3200,170,2
2026-01-09,601012,13:40:33,18.3200,67,2
2026-01-09,601012,13:40:36,18.3300,511,1
2026-01-09,601012,13:40:39,18.3300,246,2
2026-01-09,601012,13:40:42,18.3300,312,2
2026-01-09,601012,13:40:45,18.3300,22,2
2026-01-09,601012,13:40:48,18.3400,190,1
2026-01-09,601012,13:40:51,18.3300,606,2
2026-01-09,601012,13:40:54,18.3400,181,1
2026-01-09,601012,13:40:57,18.3300,30,2
2026-01-09,601012,13:41:00,18.3400,245,1
2026-01-09,601012,13:41:03,18.3400,140,1
2026-01-09,601012,13:41:06,18.3400,104,1
2026-01-09,601012,13:41:09,18.3400,182,1
2026-01-09,601012,13:41:12,18.3400,165,1
2026-01-09,601012,13:41:15,18.3400,122,1
2026-01-09,601012,13:41:18,18.3400,135,1
2026-01-09,601012,13:41:21,18.3300,332,2
2026-01-09,601012,13:41:24,18.3400,61,1
2026-01-09,601012,13:41:27,18.3300,1379,2
2026-01-09,601012,13:41:30,18.3200,344,2
2026-01-09,601012,13:41:33,18.3200,129,2
2026-01-09,601012,13:41:36,18.3300,470,1
2026-01-09,601012,13:41:39,18.3300,32,1
2026-01-09,601012,13:41:42,18.3200,149,2
2026-01-09,601012,13:41:45,18.3300,266,1
2026-01-09,601012,13:41:48,18.3300,153,1
2026-01-09,601012,13:41:51,18.3300,4058,1
2026-01-09,601012,13:41:54,18.3400,257,1
2026-01-09,601012,13:41:57,18.3500,684,1
2026-01-09,601012,13:42:00,18.3400,601,2
2026-01-09,601012,13:42:03,18.3500,309,1
2026-01-09,601012,13:42:06,18.3600,1491,1
2026-01-09,601012,13:42:09,18.3600,113,1
2026-01-09,601012,13:42:12,18.3500,422,2
2026-01-09,601012,13:42:15,18.3600,184,1
2026-01-09,601012,13:42:18,18.3600,98,1
2026-01-09,601012,13:42:21,18.3500,276,2
2026-01-09,601012,13:42:24,18.3600,460,1
2026-01-09,601012,13:42:27,18.3600,181,1
2026-01-09,601012,13:42:30,18.3600,168,1
2026-01-09,601012,13:42:33,18.3600,289,1
2026-01-09,601012,13:42:36,18.3600,112,1
2026-01-09,601012,13:42:39,18.3500,949,2
2026-01-09,601012,13:42:42,18.3500,451,1
2026-01-09,601012,13:42:45,18.3500,130,1
2026-01-09,601012,13:42:48,18.3500,252,1
2026-01-09,601012,13:42:51,18.3500,4072,1
2026-01-09,601012,13:42:54,18.3600,185,1
2026-01-09,601012,13:42:57,18.3600,222,1
2026-01-09,601012,13:43:00,18.3600,662,1
2026-01-09,601012,13:43:03,18.3600,307,1
2026-01-09,601012,13:43:06,18.3600,367,1
2026-01-09,601012,13:43:09,18.3600,196,1
2026-01-09,601012,13:43:12,18.3500,1868,2
2026-01-09,601012,13:43:15,18.3600,181,1
2026-01-09,601012,13:43:18,18.3600,118,1
2026-01-09,601012,13:43:21,18.3600,340,1
2026-01-09,601012,13:43:24,18.3400,273,2
2026-01-09,601012,13:43:27,18.3500,214,4
2026-01-09,601012,13:43:30,18.3600,134,1
2026-01-09,601012,13:43:33,18.3500,25,2
2026-01-09,601012,13:43:36,18.3500,575,2
2026-01-09,601012,13:43:39,18.3500,132,2
2026-01-09,601012,13:43:42,18.3500,416,2
2026-01-09,601012,13:43:45,18.3600,168,1
2026-01-09,601012,13:43:48,18.3500,162,2
2026-01-09,601012,13:43:51,18.3600,106,1
2026-01-09,601012,13:43:54,18.3600,183,1
2026-01-09,601012,13:43:57,18.3600,89,1
2026-01-09,601012,13:44:00,18.3600,173,1
2026-01-09,601012,13:44:03,18.3600,132,1
2026-01-09,601012,13:44:06,18.3500,97,2
2026-01-09,601012,13:44:09,18.3600,68,1
2026-01-09,601012,13:44:12,18.3500,425,2
2026-01-09,601012,13:44:15,18.3500,223,2
2026-01-09,601012,13:44:18,18.3600,119,1
2026-01-09,601012,13:44:21,18.3500,238,2
2026-01-09,601012,13:44:24,18.3500,95,2
2026-01-09,601012,13:44:27,18.3600,204,1
2026-01-09,601012,13:44:30,18.3500,185,2
2026-01-09,601012,13:44:33,18.3500,101,2
2026-01-09,601012,13:44:36,18.3500,1176,2
2026-01-09,601012,13:44:39,18.3500,303,1
2026-01-09,601012,13:44:42,18.3500,313,1
2026-01-09,601012,13:44:45,18.3400,2707,2
2026-01-09,601012,13:44:48,18.3500,163,1
2026-01-09,601012,13:44:51,18.3500,402,1
2026-01-09,601012,13:44:54,18.3500,193,1
2026-01-09,601012,13:44:57,18.3500,212,1
2026-01-09,601012,13:45:00,18.3500,398,1
2026-01-09,601012,13:45:03,18.3400,134,2
2026-01-09,601012,13:45:06,18.3500,424,1
2026-01-09,601012,13:45:09,18.3400,72,2
2026-01-09,601012,13:45:12,18.3400,211,2
2026-01-09,601012,13:45:15,18.3500,175,1
2026-01-09,601012,13:45:18,18.3500,77,1
2026-01-09,601012,13:45:21,18.3500,170,1
2026-01-09,601012,13:45:24,18.3500,585,1
2026-01-09,601012,13:45:27,18.3500,202,1
2026-01-09,601012,13:45:30,18.3500,313,1
2026-01-09,601012,13:45:33,18.3500,286,1
2026-01-09,601012,13:45:36,18.3500,215,1
2026-01-09,601012,13:45:39,18.3400,139,2
2026-01-09,601012,13:45:42,18.3500,400,1
2026-01-09,601012,13:45:45,18.3500,190,1
2026-01-09,601012,13:45:48,18.3500,110,1
2026-01-09,601012,13:45:51,18.3500,386,1
2026-01-09,601012,13:45:54,18.3500,1401,1
2026-01-09,601012,13:45:57,18.3500,154,2
2026-01-09,601012,13:46:00,18.3500,354,2
2026-01-09,601012,13:46:03,18.3500,65,2
2026-01-09,601012,13:46:06,18.3600,231,1
2026-01-09,601012,13:46:09,18.3600,40,1
2026-01-09,601012,13:46:12,18.3600,279,1
2026-01-09,601012,13:46:15,18.3500,56,2
2026-01-09,601012,13:46:18,18.3600,104,1
2026-01-09,601012,13:46:21,18.3600,261,1
2026-01-09,601012,13:46:24,18.3600,268,1
2026-01-09,601012,13:46:27,18.3500,91,2
2026-01-09,601012,13:46:30,18.3500,166,2
2026-01-09,601012,13:46:33,18.3500,183,2
2026-01-09,601012,13:46:36,18.3500,229,2
2026-01-09,601012,13:46:39,18.3500,224,2
2026-01-09,601012,13:46:42,18.3600,451,1
2026-01-09,601012,13:46:45,18.3600,325,1
2026-01-09,601012,13:46:48,18.3500,638,2
2026-01-09,601012,13:46:51,18.3500,310,2
2026-01-09,601012,13:46:54,18.3600,294,1
2026-01-09,601012,13:46:57,18.3500,269,2
2026-01-09,601012,13:47:00,18.3600,418,1
2026-01-09,601012,13:47:03,18.3600,784,1
2026-01-09,601012,13:47:06,18.3600,83,1
2026-01-09,601012,13:47:09,18.3600,69,1
2026-01-09,601012,13:47:12,18.3600,533,1
2026-01-09,601012,13:47:15,18.3600,174,1
2026-01-09,601012,13:47:18,18.3600,55,1
2026-01-09,601012,13:47:21,18.3600,348,1
2026-01-09,601012,13:47:24,18.3600,91,1
2026-01-09,601012,13:47:27,18.3600,172,1
2026-01-09,601012,13:47:30,18.3500,322,2
2026-01-09,601012,13:47:33,18.3600,210,1
2026-01-09,601012,13:47:36,18.3500,318,2
2026-01-09,601012,13:47:39,18.3600,644,1
2026-01-09,601012,13:47:42,18.3600,262,2
2026-01-09,601012,13:47:45,18.3600,129,2
2026-01-09,601012,13:47:48,18.3700,68,1
2026-01-09,601012,13:47:51,18.3700,500,1
2026-01-09,601012,13:47:54,18.3700,49,1
2026-01-09,601012,13:47:57,18.3700,166,1
2026-01-09,601012,13:48:00,18.3700,274,1
2026-01-09,601012,13:48:03,18.3700,83,1
2026-01-09,601012,13:48:06,18.3700,95,1
2026-01-09,601012,13:48:09,18.3700,167,1
2026-01-09,601012,13:48:12,18.3700,258,1
2026-01-09,601012,13:48:15,18.3700,117,1
2026-01-09,601012,13:48:18,18.3700,76,1
2026-01-09,601012,13:48:21,18.3700,286,1
2026-01-09,601012,13:48:24,18.3800,212,1
2026-01-09,601012,13:48:27,18.3700,8,2
2026-01-09,601012,13:48:30,18.3700,1098,2
2026-01-09,601012,13:48:33,18.3700,209,1
2026-01-09,601012,13:48:36,18.3700,108,1
2026-01-09,601012,13:48:39,18.3700,84,1
2026-01-09,601012,13:48:42,18.3700,337,1
2026-01-09,601012,13:48:45,18.3700,114,2
2026-01-09,601012,13:48:48,18.3700,271,2
2026-01-09,601012,13:48:51,18.3700,346,1
2026-01-09,601012,13:48:54,18.3700,227,1
2026-01-09,601012,13:48:57,18.3700,324,1
2026-01-09,601012,13:49:00,18.3600,213,2
2026-01-09,601012,13:49:03,18.3700,318,1
2026-01-09,601012,13:49:06,18.3700,515,1
2026-01-09,601012,13:49:09,18.3600,238,2
2026-01-09,601012,13:49:12,18.3600,306,1
2026-01-09,601012,13:49:15,18.3600,157,1
2026-01-09,601012,13:49:18,18.3600,73,1
2026-01-09,601012,13:49:21,18.3600,322,1
2026-01-09,601012,13:49:24,18.3500,256,2
2026-01-09,601012,13:49:27,18.3500,68,2
2026-01-09,601012,13:49:30,18.3500,185,2
2026-01-09,601012,13:49:33,18.3600,99,1
2026-01-09,601012,13:49:36,18.3500,118,2
2026-01-09,601012,13:49:39,18.3600,63,1
2026-01-09,601012,13:49:42,18.3600,294,1
2026-01-09,601012,13:49:45,18.3600,73,1
2026-01-09,601012,13:49:48,18.3600,346,1
2026-01-09,601012,13:49:51,18.3600,189,1
2026-01-09,601012,13:49:54,18.3600,140,1
2026-01-09,601012,13:49:57,18.3600,986,1
2026-01-09,601012,13:50:00,18.3600,431,1
2026-01-09,601012,13:50:03,18.3500,1163,2
2026-01-09,601012,13:50:06,18.3500,387,2
2026-01-09,601012,13:50:09,18.3600,2448,1
2026-01-09,601012,13:50:12,18.3500,720,2
2026-01-09,601012,13:50:15,18.3500,87,1
2026-01-09,601012,13:50:18,18.3400,574,2
2026-01-09,601012,13:50:21,18.3400,399,2
2026-01-09,601012,13:50:24,18.3500,452,1
2026-01-09,601012,13:50:27,18.3400,138,2
2026-01-09,601012,13:50:30,18.3400,215,2
2026-01-09,601012,13:50:33,18.3400,97,2
2026-01-09,601012,13:50:36,18.3500,95,1
2026-01-09,601012,13:50:39,18.3400,39,2
2026-01-09,601012,13:50:42,18.3500,1137,1
2026-01-09,601012,13:50:45,18.3500,298,1
2026-01-09,601012,13:50:48,18.3500,172,2
2026-01-09,601012,13:50:51,18.3500,582,2
2026-01-09,601012,13:50:54,18.3500,570,1
2026-01-09,601012,13:50:57,18.3500,181,1
2026-01-09,601012,13:51:00,18.3500,270,1
2026-01-09,601012,13:51:03,18.3500,118,1
2026-01-09,601012,13:51:06,18.3500,147,1
2026-01-09,601012,13:51:09,18.3500,83,1
2026-01-09,601012,13:51:12,18.3500,335,1
2026-01-09,601012,13:51:15,18.3500,255,1
2026-01-09,601012,13:51:18,18.3500,79,1
2026-01-09,601012,13:51:21,18.3500,168,1
2026-01-09,601012,13:51:24,18.3500,228,1
2026-01-09,601012,13:51:27,18.3500,374,1
2026-01-09,601012,13:51:30,18.3500,771,1
2026-01-09,601012,13:51:33,18.3500,35,2
2026-01-09,601012,13:51:36,18.3600,44,1
2026-01-09,601012,13:51:39,18.3600,163,1
2026-01-09,601012,13:51:42,18.3600,211,1
2026-01-09,601012,13:51:45,18.3600,172,1
2026-01-09,601012,13:51:48,18.3600,559,1
2026-01-09,601012,13:51:51,18.3600,275,1
2026-01-09,601012,13:51:54,18.3500,303,2
2026-01-09,601012,13:51:57,18.3500,96,2
2026-01-09,601012,13:52:00,18.3500,237,2
2026-01-09,601012,13:52:03,18.3500,78,2
2026-01-09,601012,13:52:06,18.3600,117,1
2026-01-09,601012,13:52:09,18.3600,60,1
2026-01-09,601012,13:52:12,18.3600,124,1
2026-01-09,601012,13:52:15,18.3600,79,1
2026-01-09,601012,13:52:18,18.3500,103,2
2026-01-09,601012,13:52:21,18.3600,110,1
2026-01-09,601012,13:52:24,18.3600,109,1
2026-01-09,601012,13:52:27,18.3600,22,1
2026-01-09,601012,13:52:30,18.3500,93,2
2026-01-09,601012,13:52:33,18.3600,30,1
2026-01-09,601012,13:52:36,18.3500,191,2
2026-01-09,601012,13:52:39,18.3600,56,1
2026-01-09,601012,13:52:42,18.3600,428,1
2026-01-09,601012,13:52:45,18.3500,238,2
2026-01-09,601012,13:52:48,18.3600,80,1
2026-01-09,601012,13:52:51,18.3500,405,2
2026-01-09,601012,13:52:54,18.3600,227,1
2026-01-09,601012,13:52:57,18.3600,184,2
2026-01-09,601012,13:53:00,18.3600,226,2
2026-01-09,601012,13:53:03,18.3600,52,1
2026-01-09,601012,13:53:06,18.3600,27,1
2026-01-09,601012,13:53:09,18.3600,55,1
2026-01-09,601012,13:53:12,18.3600,109,1
2026-01-09,601012,13:53:15,18.3600,76,1
2026-01-09,601012,13:53:18,18.3600,98,1
2026-01-09,601012,13:53:21,18.3600,104,1
2026-01-09,601012,13:53:24,18.3500,69,2
2026-01-09,601012,13:53:27,18.3600,187,1
2026-01-09,601012,13:53:30,18.3600,237,1
2026-01-09,601012,13:53:33,18.3600,190,1
2026-01-09,601012,13:53:36,18.3500,29,2
2026-01-09,601012,13:53:39,18.3600,21,1
2026-01-09,601012,13:53:42,18.3500,158,2
2026-01-09,601012,13:53:45,18.3600,60,1
2026-01-09,601012,13:53:48,18.3500,394,2
2026-01-09,601012,13:53:51,18.3600,257,1
2026-01-09,601012,13:53:54,18.3600,152,1
2026-01-09,601012,13:53:57,18.3500,126,2
2026-01-09,601012,13:54:00,18.3600,264,1
2026-01-09,601012,13:54:03,18.3600,110,1
2026-01-09,601012,13:54:06,18.3600,120,1
2026-01-09,601012,13:54:09,18.3600,70,1
2026-01-09,601012,13:54:12,18.3600,271,1
2026-01-09,601012,13:54:15,18.3600,120,1
2026-01-09,601012,13:54:18,18.3500,414,2
2026-01-09,601012,13:54:21,18.3600,125,1
2026-01-09,601012,13:54:24,18.3600,38,1
2026-01-09,601012,13:54:27,18.3500,155,2
2026-01-09,601012,13:54:30,18.3600,61,1
2026-01-09,601012,13:54:33,18.3600,95,1
2026-01-09,601012,13:54:36,18.3600,133,1
2026-01-09,601012,13:54:39,18.3600,110,1
2026-01-09,601012,13:54:42,18.3600,140,1
2026-01-09,601012,13:54:45,18.3600,73,1
2026-01-09,601012,13:54:48,18.3600,44,1
2026-01-09,601012,13:54:51,18.3600,257,1
2026-01-09,601012,13:54:54,18.3500,85,2
2026-01-09,601012,13:54:57,18.3600,200,1
2026-01-09,601012,13:55:00,18.3500,2649,2
2026-01-09,601012,13:55:03,18.3500,101,1
2026-01-09,601012,13:55:06,18.3400,101,2
2026-01-09,601012,13:55:09,18.3500,89,1
2026-01-09,601012,13:55:12,18.3500,393,1
2026-01-09,601012,13:55:15,18.3500,333,1
2026-01-09,601012,13:55:18,18.3400,236,2
2026-01-09,601012,13:55:21,18.3500,337,1
2026-01-09,601012,13:55:24,18.3400,78,2
2026-01-09,601012,13:55:27,18.3400,242,2
2026-01-09,601012,13:55:30,18.3400,265,2
2026-01-09,601012,13:55:33,18.3400,269,2
2026-01-09,601012,13:55:36,18.3400,974,2
2026-01-09,601012,13:55:39,18.3500,306,1
2026-01-09,601012,13:55:42,18.3400,495,2
2026-01-09,601012,13:55:45,18.3400,166,2
2026-01-09,601012,13:55:48,18.3500,157,1
2026-01-09,601012,13:55:51,18.3500,208,1
2026-01-09,601012,13:55:54,18.3500,79,1
2026-01-09,601012,13:55:57,18.3400,197,2
2026-01-09,601012,13:56:00,18.3400,190,2
2026-01-09,601012,13:56:03,18.3400,129,1
2026-01-09,601012,13:56:06,18.3400,27,1
2026-01-09,601012,13:56:09,18.3300,186,2
2026-01-09,601012,13:56:12,18.3400,352,1
2026-01-09,601012,13:56:15,18.3400,50,1
2026-01-09,601012,13:56:18,18.3300,38,2
2026-01-09,601012,13:56:21,18.3400,152,1
2026-01-09,601012,13:56:24,18.3400,149,1
2026-01-09,601012,13:56:27,18.3400,61,1
2026-01-09,601012,13:56:30,18.3300,197,2
2026-01-09,601012,13:56:33,18.3400,128,1
2026-01-09,601012,13:56:36,18.3500,216,1
2026-01-09,601012,13:56:39,18.3400,361,2
2026-01-09,601012,13:56:42,18.3400,191,2
2026-01-09,601012,13:56:45,18.3400,199,2
2026-01-09,601012,13:56:48,18.3500,79,1
2026-01-09,601012,13:56:51,18.3500,156,1
2026-01-09,601012,13:56:54,18.3400,200,2
2026-01-09,601012,13:56:57,18.3500,129,1
2026-01-09,601012,13:57:00,18.3500,104,1
2026-01-09,601012,13:57:03,18.3500,68,1
2026-01-09,601012,13:57:06,18.3500,151,1
2026-01-09,601012,13:57:09,18.3500,1790,1
2026-01-09,601012,13:57:12,18.3500,651,1
2026-01-09,601012,13:57:15,18.3400,590,2
2026-01-09,601012,13:57:18,18.3500,668,1
2026-01-09,601012,13:57:21,18.3500,376,1
2026-01-09,601012,13:57:24,18.3500,192,1
2026-01-09,601012,13:57:27,18.3500,111,1
2026-01-09,601012,13:57:30,18.3500,210,1
2026-01-09,601012,13:57:33,18.3500,323,1
2026-01-09,601012,13:57:36,18.3500,111,2
2026-01-09,601012,13:57:39,18.3500,72,1
2026-01-09,601012,13:57:42,18.3500,210,1
2026-01-09,601012,13:57:45,18.3500,141,1
2026-01-09,601012,13:57:48,18.3500,45,1
2026-01-09,601012,13:57:51,18.3500,116,1
2026-01-09,601012,13:57:54,18.3500,151,1
2026-01-09,601012,13:57:57,18.3500,94,1
2026-01-09,601012,13:58:00,18.3500,247,1
2026-01-09,601012,13:58:03,18.3500,372,1
2026-01-09,601012,13:58:06,18.3500,193,1
2026-01-09,601012,13:58:09,18.3500,187,1
2026-01-09,601012,13:58:12,18.3500,364,1
2026-01-09,601012,13:58:15,18.3400,119,2
2026-01-09,601012,13:58:18,18.3500,121,1
2026-01-09,601012,13:58:21,18.3500,156,1
2026-01-09,601012,13:58:24,18.3500,106,1
2026-01-09,601012,13:58:27,18.3500,32,1
2026-01-09,601012,13:58:30,18.3400,178,2
2026-01-09,601012,13:58:33,18.3500,298,1
2026-01-09,601012,13:58:36,18.3400,73,2
2026-01-09,601012,13:58:39,18.3400,261,2
2026-01-09,601012,13:58:42,18.3400,322,2
2026-01-09,601012,13:58:45,18.3400,156,2
2026-01-09,601012,13:58:48,18.3500,69,1
2026-01-09,601012,13:58:51,18.3500,247,1
2026-01-09,601012,13:58:54,18.3500,168,1
2026-01-09,601012,13:58:57,18.3500,77,1
2026-01-09,601012,13:59:00,18.3400,318,2
2026-01-09,601012,13:59:03,18.3400,78,1
2026-01-09,601012,13:59:06,18.3400,110,1
2026-01-09,601012,13:59:09,18.3400,67,1
2026-01-09,601012,13:59:12,18.3400,250,2
2026-01-09,601012,13:59:15,18.3400,83,1
2026-01-09,601012,13:59:18,18.3400,230,1
2026-01-09,601012,13:59:21,18.3300,94,2
2026-01-09,601012,13:59:24,18.3400,376,1
2026-01-09,601012,13:59:27,18.3400,359,1
2026-01-09,601012,13:59:30,18.3400,153,2
2026-01-09,601012,13:59:33,18.3300,83,2
2026-01-09,601012,13:59:36,18.3300,71,2
2026-01-09,601012,13:59:39,18.3300,40,2
2026-01-09,601012,13:59:42,18.3400,85,1
2026-01-09,601012,13:59:45,18.3300,1023,2
2026-01-09,601012,13:59:48,18.3300,104,2
2026-01-09,601012,13:59:51,18.3400,664,1
2026-01-09,601012,13:59:54,18.3300,44,2
2026-01-09,601012,13:59:57,18.3400,750,1
2026-01-09,601012,14:00:00,18.3300,206,2
2026-01-09,601012,14:00:03,18.3400,98,1
2026-01-09,601012,14:00:06,18.3400,207,1
2026-01-09,601012,14:00:09,18.3400,152,1
2026-01-09,601012,14:00:12,18.3300,303,2
2026-01-09,601012,14:00:15,18.3400,620,1
2026-01-09,601012,14:00:18,18.3500,2128,1
2026-01-09,601012,14:00:21,18.3600,506,1
2026-01-09,601012,14:00:24,18.3500,102,2
2026-01-09,601012,14:00:27,18.3500,204,1
2026-01-09,601012,14:00:30,18.3500,62,2
2026-01-09,601012,14:00:33,18.3500,223,1
2026-01-09,601012,14:00:36,18.3500,176,1
2026-01-09,601012,14:00:39,18.3400,172,2
2026-01-09,601012,14:00:42,18.3500,253,1
2026-01-09,601012,14:00:45,18.3500,52,1
2026-01-09,601012,14:00:48,18.3500,89,1
2026-01-09,601012,14:00:51,18.3500,259,1
2026-01-09,601012,14:00:54,18.3500,220,1
2026-01-09,601012,14:00:57,18.3500,134,1
2026-01-09,601012,14:01:00,18.3500,190,1
2026-01-09,601012,14:01:03,18.3500,59,1
2026-01-09,601012,14:01:06,18.3500,160,1
2026-01-09,601012,14:01:09,18.3500,329,1
2026-01-09,601012,14:01:12,18.3500,403,2
2026-01-09,601012,14:01:15,18.3500,223,2
2026-01-09,601012,14:01:18,18.3500,170,2
2026-01-09,601012,14:01:21,18.3600,167,1
2026-01-09,601012,14:01:24,18.3600,234,1
2026-01-09,601012,14:01:27,18.3500,79,2
2026-01-09,601012,14:01:30,18.3500,249,2
2026-01-09,601012,14:01:33,18.3500,227,2
2026-01-09,601012,14:01:36,18.3600,50,1
2026-01-09,601012,14:01:39,18.3500,41,2
2026-01-09,601012,14:01:42,18.3500,395,2
2026-01-09,601012,14:01:45,18.3500,150,2
2026-01-09,601012,14:01:48,18.3500,196,2
2026-01-09,601012,14:01:51,18.3500,1028,2
2026-01-09,601012,14:01:54,18.3500,178,1
2026-01-09,601012,14:01:57,18.3500,184,1
2026-01-09,601012,14:02:00,18.3500,806,1
2026-01-09,601012,14:02:03,18.3400,771,2
2026-01-09,601012,14:02:06,18.3500,161,1
2026-01-09,601012,14:02:09,18.3500,475,1
2026-01-09,601012,14:02:12,18.3400,366,2
2026-01-09,601012,14:02:15,18.3500,166,1
2026-01-09,601012,14:02:18,18.3400,61,2
2026-01-09,601012,14:02:21,18.3400,155,2
2026-01-09,601012,14:02:24,18.3500,176,1
2026-01-09,601012,14:02:27,18.3500,134,1
2026-01-09,601012,14:02:30,18.3400,394,2
2026-01-09,601012,14:02:33,18.3500,12,4
2026-01-09,601012,14:02:36,18.3400,546,2
2026-01-09,601012,14:02:39,18.3500,47,1
2026-01-09,601012,14:02:42,18.3500,658,1
2026-01-09,601012,14:02:45,18.3400,102,2
2026-01-09,601012,14:02:48,18.3500,87,1
2026-01-09,601012,14:02:51,18.3500,514,1
2026-01-09,601012,14:02:54,18.3500,546,1
2026-01-09,601012,14:02:57,18.3500,75,2
2026-01-09,601012,14:03:00,18.3500,253,2
2026-01-09,601012,14:03:03,18.3500,95,2
2026-01-09,601012,14:03:06,18.3600,2202,1
2026-01-09,601012,14:03:09,18.3600,73,1
2026-01-09,601012,14:03:12,18.3600,361,1
2026-01-09,601012,14:03:15,18.3500,80,2
2026-01-09,601012,14:03:18,18.3600,35,1
2026-01-09,601012,14:03:21,18.3500,738,2
2026-01-09,601012,14:03:24,18.3600,313,1
2026-01-09,601012,14:03:27,18.3600,69,2
2026-01-09,601012,14:03:30,18.3600,298,2
2026-01-09,601012,14:03:33,18.3700,186,1
2026-01-09,601012,14:03:36,18.3600,77,2
2026-01-09,601012,14:03:39,18.3600,136,2
2026-01-09,601012,14:03:42,18.3600,1168,2
2026-01-09,601012,14:03:45,18.3600,47,1
2026-01-09,601012,14:03:48,18.3600,231,1
2026-01-09,601012,14:03:51,18.3600,255,1
2026-01-09,601012,14:03:54,18.3600,606,1
2026-01-09,601012,14:03:57,18.3600,35,2
2026-01-09,601012,14:04:00,18.3600,249,2
2026-01-09,601012,14:04:03,18.3600,101,2
2026-01-09,601012,14:04:06,18.3700,11,1
2026-01-09,601012,14:04:09,18.3600,44,2
2026-01-09,601012,14:04:12,18.3700,313,1
2026-01-09,601012,14:04:15,18.3700,269,1
2026-01-09,601012,14:04:18,18.3700,163,1
2026-01-09,601012,14:04:21,18.3600,246,2
2026-01-09,601012,14:04:24,18.3600,428,2
2026-01-09,601012,14:04:27,18.3600,179,2
2026-01-09,601012,14:04:30,18.3700,406,1
2026-01-09,601012,14:04:33,18.3600,154,2
2026-01-09,601012,14:04:36,18.3600,341,1
2026-01-09,601012,14:04:39,18.3700,844,1
2026-01-09,601012,14:04:42,18.3700,296,2
2026-01-09,601012,14:04:45,18.3800,677,1
2026-01-09,601012,14:04:48,18.3800,119,1
2026-01-09,601012,14:04:51,18.3700,230,2
2026-01-09,601012,14:04:54,18.3800,203,1
2026-01-09,601012,14:04:57,18.3800,134,1
2026-01-09,601012,14:05:00,18.3700,199,2
2026-01-09,601012,14:05:03,18.3800,175,1
2026-01-09,601012,14:05:06,18.3700,985,2
2026-01-09,601012,14:05:09,18.3800,76,1
2026-01-09,601012,14:05:12,18.3700,1090,2
2026-01-09,601012,14:05:15,18.3700,294,1
2026-01-09,601012,14:05:18,18.3700,137,1
2026-01-09,601012,14:05:21,18.3700,274,1
2026-01-09,601012,14:05:24,18.3700,120,1
2026-01-09,601012,14:05:27,18.3700,149,1
2026-01-09,601012,14:05:30,18.3700,520,2
2026-01-09,601012,14:05:33,18.3700,111,2
2026-01-09,601012,14:05:36,18.3700,76,2
2026-01-09,601012,14:05:39,18.3700,65,2
2026-01-09,601012,14:05:42,18.3700,161,2
2026-01-09,601012,14:05:45,18.3700,4529,2
2026-01-09,601012,14:05:48,18.3800,1283,4
2026-01-09,601012,14:05:51,18.3800,425,2
2026-01-09,601012,14:05:54,18.3700,75,2
2026-01-09,601012,14:05:57,18.3800,22,1
2026-01-09,601012,14:06:00,18.3700,183,2
2026-01-09,601012,14:06:03,18.3700,1787,2
2026-01-09,601012,14:06:06,18.3700,68,2
2026-01-09,601012,14:06:09,18.3800,276,1
2026-01-09,601012,14:06:12,18.3800,492,1
2026-01-09,601012,14:06:15,18.3800,2215,2
2026-01-09,601012,14:06:18,18.3800,68,2
2026-01-09,601012,14:06:21,18.3800,246,2
2026-01-09,601012,14:06:24,18.3800,98,1
2026-01-09,601012,14:06:27,18.3800,74,1
2026-01-09,601012,14:06:30,18.4200,3357,1
2026-01-09,601012,14:06:33,18.3900,91,2
2026-01-09,601012,14:06:36,18.4000,43,1
2026-01-09,601012,14:06:39,18.4000,5881,1
2026-01-09,601012,14:06:42,18.3900,1199,2
2026-01-09,601012,14:06:45,18.4100,71,1
2026-01-09,601012,14:06:48,18.4100,61,2
2026-01-09,601012,14:06:51,18.4000,256,2
2026-01-09,601012,14:06:54,18.4200,197,1
2026-01-09,601012,14:06:57,18.4100,87,2
2026-01-09,601012,14:07:00,18.4100,2754,2
2026-01-09,601012,14:07:03,18.4000,357,2
2026-01-09,601012,10:57:09,18.6100,370,2
2026-01-09,601012,10:57:12,18.6100,115,2
2026-01-09,601012,10:57:15,18.6200,66,1
2026-01-09,601012,10:57:18,18.6100,157,2
2026-01-09,601012,10:57:21,18.6100,109,2
2026-01-09,601012,10:57:24,18.6200,222,1
2026-01-09,601012,10:57:27,18.6100,807,2
2026-01-09,601012,10:57:30,18.6200,394,1
2026-01-09,601012,10:57:33,18.6200,788,2
2026-01-09,601012,10:57:36,18.6200,199,1
2026-01-09,601012,10:57:39,18.6100,198,2
2026-01-09,601012,10:57:42,18.6200,191,1
2026-01-09,601012,10:57:45,18.6100,2381,2
2026-01-09,601012,10:57:48,18.6000,87,2
2026-01-09,601012,10:57:51,18.6000,572,2
2026-01-09,601012,10:57:54,18.6000,77,2
2026-01-09,601012,10:57:57,18.6100,660,1
2026-01-09,601012,10:58:00,18.6000,84,2
2026-01-09,601012,10:58:03,18.6100,166,1
2026-01-09,601012,10:58:06,18.6100,74,2
2026-01-09,601012,10:58:09,18.6100,132,1
2026-01-09,601012,10:58:12,18.6100,1603,1
2026-01-09,601012,10:58:15,18.6000,63,2
2026-01-09,601012,10:58:18,18.6000,258,2
2026-01-09,601012,10:58:21,18.6100,312,1
2026-01-09,601012,10:58:24,18.6100,82,1
2026-01-09,601012,10:58:27,18.6000,202,2
2026-01-09,601012,10:58:30,18.6100,117,1
2026-01-09,601012,10:58:33,18.6000,121,2
2026-01-09,601012,10:58:36,18.6100,182,1
2026-01-09,601012,10:58:39,18.6100,260,1
2026-01-09,601012,10:58:42,18.6100,3080,1
2026-01-09,601012,10:58:45,18.6100,303,2
2026-01-09,601012,10:58:48,18.6000,90,2
2026-01-09,601012,10:58:51,18.6000,51,2
2026-01-09,601012,10:58:54,18.6100,558,1
2026-01-09,601012,10:58:57,18.6100,58,2
2026-01-09,601012,10:59:00,18.6100,773,1
2026-01-09,601012,10:59:03,18.6100,204,2
2026-01-09,601012,10:59:06,18.6100,46,1
2026-01-09,601012,10:59:09,18.6100,1399,2
2026-01-09,601012,10:59:12,18.6100,71,2
2026-01-09,601012,10:59:15,18.6200,232,1
2026-01-09,601012,10:59:18,18.6100,114,2
2026-01-09,601012,10:59:21,18.6200,125,1
2026-01-09,601012,10:59:24,18.6200,69,2
2026-01-09,601012,10:59:27,18.6300,313,1
2026-01-09,601012,10:59:30,18.6300,161,1
2026-01-09,601012,10:59:33,18.6300,59,1
2026-01-09,601012,10:59:36,18.6200,76,2
2026-01-09,601012,10:59:39,18.6300,368,1
2026-01-09,601012,10:59:42,18.6300,785,1
2026-01-09,601012,10:59:45,18.6300,118,1
2026-01-09,601012,10:59:48,18.6200,129,2
2026-01-09,601012,10:59:51,18.6200,33,2
2026-01-09,601012,10:59:54,18.6300,278,1
2026-01-09,601012,10:59:57,18.6200,806,2
2026-01-09,601012,11:00:00,18.6200,48,4
2026-01-09,601012,11:00:03,18.6300,1118,1
2026-01-09,601012,11:00:06,18.6300,237,1
2026-01-09,601012,11:00:09,18.6100,51,2
2026-01-09,601012,11:00:12,18.6200,742,1
2026-01-09,601012,11:00:15,18.6200,96,1
2026-01-09,601012,11:00:18,18.6100,216,2
2026-01-09,601012,11:00:21,18.6200,1526,1
2026-01-09,601012,11:00:24,18.6100,793,1
2026-01-09,601012,11:00:27,18.6100,232,1
2026-01-09,601012,11:00:30,18.6100,214,1
2026-01-09,601012,11:00:33,18.6100,289,1
2026-01-09,601012,11:00:36,18.6100,957,1
2026-01-09,601012,11:00:39,18.6000,353,2
2026-01-09,601012,11:00:42,18.6000,346,2
2026-01-09,601012,11:00:45,18.6000,541,2
2026-01-09,601012,11:00:48,18.5900,791,2
2026-01-09,601012,11:00:51,18.5900,542,2
2026-01-09,601012,11:00:54,18.5900,1340,2
2026-01-09,601012,11:00:57,18.5900,91,2
2026-01-09,601012,11:01:00,18.5900,59,1
2026-01-09,601012,11:01:03,18.5900,271,1
2026-01-09,601012,11:01:06,18.5900,282,2
2026-01-09,601012,11:01:09,18.5900,240,2
2026-01-09,601012,11:01:12,18.5900,63,2
2026-01-09,601012,11:01:15,18.5900,1302,2
2026-01-09,601012,11:01:18,18.5900,534,2
2026-01-09,601012,11:01:21,18.5900,250,2
2026-01-09,601012,11:01:24,18.5900,75,2
2026-01-09,601012,11:01:27,18.5900,480,2
2026-01-09,601012,11:01:30,18.5900,92,1
2026-01-09,601012,11:01:33,18.5800,217,2
2026-01-09,601012,11:01:36,18.5800,3824,2
2026-01-09,601012,11:01:39,18.5800,62,1
2026-01-09,601012,11:01:42,18.5800,189,1
2026-01-09,601012,11:01:45,18.5700,61,2
2026-01-09,601012,11:01:48,18.5700,219,2
2026-01-09,601012,11:01:51,18.5700,1952,2
2026-01-09,601012,11:01:54,18.5600,53,2
2026-01-09,601012,11:01:57,18.5600,997,2
2026-01-09,601012,11:02:00,18.5600,477,2
2026-01-09,601012,11:02:03,18.5500,2822,2
2026-01-09,601012,11:02:06,18.5500,1448,2
2026-01-09,601012,11:02:09,18.5500,1734,2
2026-01-09,601012,11:02:12,18.5600,208,1
2026-01-09,601012,11:02:15,18.5500,467,2
2026-01-09,601012,11:02:18,18.5500,159,2
2026-01-09,601012,11:02:21,18.5500,1288,2
2026-01-09,601012,11:02:24,18.5400,476,2
2026-01-09,601012,11:02:27,18.5500,335,1
2026-01-09,601012,11:02:30,18.5400,92,2
2026-01-09,601012,11:02:33,18.5400,512,2
2026-01-09,601012,11:02:36,18.5400,458,2
2026-01-09,601012,11:02:39,18.5400,416,2
2026-01-09,601012,11:02:42,18.5400,301,2
2026-01-09,601012,11:02:45,18.5400,824,2
2026-01-09,601012,11:02:48,18.5300,265,2
2026-01-09,601012,11:02:51,18.5300,638,2
2026-01-09,601012,11:02:54,18.5400,661,1
2026-01-09,601012,11:02:57,18.5300,715,2
2026-01-09,601012,11:03:00,18.5300,1548,2
2026-01-09,601012,11:03:03,18.5300,129,1
2026-01-09,601012,11:03:06,18.5200,2339,2
2026-01-09,601012,11:03:09,18.5200,281,1
2026-01-09,601012,11:03:12,18.5200,5078,1
2026-01-09,601012,11:03:15,18.5100,378,2
2026-01-09,601012,11:03:18,18.5200,371,1
2026-01-09,601012,11:03:21,18.5200,207,1
2026-01-09,601012,11:03:24,18.5200,642,1
2026-01-09,601012,11:03:27,18.5200,181,1
2026-01-09,601012,11:03:30,18.5200,235,1
2026-01-09,601012,11:03:33,18.5200,129,1
2026-01-09,601012,11:03:36,18.5100,965,2
2026-01-09,601012,11:03:39,18.5100,239,2
2026-01-09,601012,11:03:42,18.5100,2936,2
2026-01-09,601012,11:03:45,18.5000,583,2
2026-01-09,601012,11:03:48,18.5000,411,2
2026-01-09,601012,11:03:51,18.5000,417,2
2026-01-09,601012,11:03:54,18.5100,1096,1
2026-01-09,601012,11:03:57,18.5100,353,1
2026-01-09,601012,11:04:00,18.5100,1292,2
2026-01-09,601012,11:04:03,18.5100,543,2
2026-01-09,601012,11:04:06,18.5100,2549,1
2026-01-09,601012,11:04:09,18.4800,15206,2
2026-01-09,601012,11:04:12,18.4800,1000,1
2026-01-09,601012,11:04:15,18.4700,875,2
2026-01-09,601012,11:04:18,18.4800,5572,1
2026-01-09,601012,11:04:21,18.4700,541,4
2026-01-09,601012,11:04:24,18.4700,1901,1
2026-01-09,601012,11:04:27,18.4800,732,1
2026-01-09,601012,11:04:30,18.4700,540,2
2026-01-09,601012,11:04:33,18.4900,1219,1
2026-01-09,601012,11:04:36,18.4900,235,1
2026-01-09,601012,11:04:39,18.4800,567,2
2026-01-09,601012,11:04:42,18.4800,409,2
2026-01-09,601012,11:04:45,18.4900,187,1
2026-01-09,601012,11:04:48,18.4900,195,2
2026-01-09,601012,11:04:51,18.5000,492,1
2026-01-09,601012,11:04:54,18.4900,372,2
2026-01-09,601012,11:04:57,18.5000,394,1
2026-01-09,601012,11:05:00,18.5000,175,2
2026-01-09,601012,11:05:03,18.4900,2355,2
2026-01-09,601012,11:05:06,18.4800,1104,2
2026-01-09,601012,11:05:09,18.4800,352,2
2026-01-09,601012,11:05:12,18.4800,371,2
2026-01-09,601012,11:05:15,18.4900,177,4
2026-01-09,601012,11:05:18,18.4900,245,2
2026-01-09,601012,11:05:21,18.4900,528,2
2026-01-09,601012,11:05:24,18.4900,124,1
2026-01-09,601012,11:05:27,18.4900,1375,2
2026-01-09,601012,11:05:30,18.4900,411,1
2026-01-09,601012,11:05:33,18.4900,1251,1
2026-01-09,601012,11:05:36,18.4900,486,1
2026-01-09,601012,11:05:39,18.4800,375,2
2026-01-09,601012,11:05:42,18.4800,3546,2
2026-01-09,601012,11:05:45,18.4800,212,1
2026-01-09,601012,11:05:48,18.4800,318,1
2026-01-09,601012,11:05:51,18.4800,406,1
2026-01-09,601012,11:05:54,18.4800,552,2
2026-01-09,601012,11:05:57,18.4800,410,2
2026-01-09,601012,11:06:00,18.4800,141,1
2026-01-09,601012,11:06:03,18.4800,934,1
2026-01-09,601012,11:06:06,18.4800,1024,1
2026-01-09,601012,11:06:09,18.4700,825,2
2026-01-09,601012,11:06:12,18.4700,1022,1
2026-01-09,601012,11:06:15,18.4700,791,1
2026-01-09,601012,11:06:18,18.4700,910,1
2026-01-09,601012,11:06:21,18.4700,804,1
2026-01-09,601012,11:06:24,18.4700,2379,2
2026-01-09,601012,11:06:27,18.4700,1011,1
2026-01-09,601012,11:06:30,18.4700,399,1
2026-01-09,601012,11:06:33,18.4700,431,1
2026-01-09,601012,11:06:36,18.4600,425,2
2026-01-09,601012,11:06:39,18.4700,228,1
2026-01-09,601012,11:06:42,18.4700,588,1
2026-01-09,601012,11:06:45,18.4600,412,2
2026-01-09,601012,11:06:48,18.4700,385,1
2026-01-09,601012,11:06:51,18.4600,375,2
2026-01-09,601012,11:06:54,18.4700,313,1
2026-01-09,601012,11:06:57,18.4600,666,2
2026-01-09,601012,11:07:00,18.4600,484,1
2026-01-09,601012,11:07:03,18.4500,5637,2
2026-01-09,601012,11:07:06,18.4400,3926,2
2026-01-09,601012,11:07:09,18.4400,857,1
2026-01-09,601012,11:07:12,18.4400,1269,1
2026-01-09,601012,11:07:15,18.4500,1263,1
2026-01-09,601012,11:07:18,18.4400,1237,2
2026-01-09,601012,11:07:21,18.4400,1694,2
2026-01-09,601012,11:07:24,18.4400,434,2
2026-01-09,601012,11:07:27,18.4400,1439,2
2026-01-09,601012,11:07:30,18.4400,321,1
2026-01-09,601012,11:07:33,18.4400,457,1
2026-01-09,601012,11:07:36,18.4400,217,1
2026-01-09,601012,11:07:39,18.4400,488,2
2026-01-09,601012,11:07:42,18.4300,304,2
2026-01-09,601012,11:07:45,18.4400,1027,1
2026-01-09,601012,11:07:48,18.4300,1149,2
2026-01-09,601012,11:07:51,18.4300,483,1
2026-01-09,601012,11:07:54,18.4300,508,1
2026-01-09,601012,11:07:57,18.4200,688,2
2026-01-09,601012,11:08:00,18.4300,723,1
2026-01-09,601012,11:08:03,18.4300,901,1
2026-01-09,601012,11:08:06,18.4200,910,2
2026-01-09,601012,11:08:09,18.4300,2272,1
2026-01-09,601012,11:08:12,18.4300,846,2
2026-01-09,601012,11:08:15,18.4300,521,1
2026-01-09,601012,11:08:18,18.4400,539,1
2026-01-09,601012,11:08:21,18.4300,522,2
2026-01-09,601012,11:08:24,18.4500,1850,1
2026-01-09,601012,11:08:27,18.4500,826,1
2026-01-09,601012,11:08:30,18.4400,1508,2
2026-01-09,601012,11:08:33,18.4600,454,1
2026-01-09,601012,11:08:36,18.4600,518,1
2026-01-09,601012,11:08:39,18.4600,118,2
2026-01-09,601012,11:08:42,18.4700,209,1
2026-01-09,601012,11:08:45,18.4700,299,1
2026-01-09,601012,11:08:48,18.4700,289,1
2026-01-09,601012,11:08:51,18.4700,278,2
2026-01-09,601012,11:08:54,18.4700,506,2
2026-01-09,601012,11:08:57,18.4700,1536,2
2026-01-09,601012,11:09:00,18.4700,546,1
2026-01-09,601012,11:09:03,18.4600,5497,2
2026-01-09,601012,11:09:06,18.4600,770,2
2026-01-09,601012,11:09:09,18.4600,429,2
2026-01-09,601012,11:09:12,18.4500,349,2
2026-01-09,601012,11:09:15,18.4500,500,2
2026-01-09,601012,11:09:18,18.4500,85,1
2026-01-09,601012,11:09:21,18.4500,455,1
2026-01-09,601012,11:09:24,18.4500,799,4
2026-01-09,601012,11:09:27,18.4600,608,1
2026-01-09,601012,11:09:30,18.4500,161,4
2026-01-09,601012,11:09:33,18.4400,480,2
2026-01-09,601012,11:09:36,18.4500,738,1
2026-01-09,601012,11:09:39,18.4500,264,2
2026-01-09,601012,11:09:42,18.4500,175,1
2026-01-09,601012,11:09:45,18.4600,309,1
2026-01-09,601012,11:09:48,18.4600,274,1
2026-01-09,601012,11:09:51,18.4600,373,1
2026-01-09,601012,11:09:54,18.4600,154,1
2026-01-09,601012,11:09:57,18.4500,141,2
2026-01-09,601012,11:10:00,18.4600,217,1
2026-01-09,601012,11:10:03,18.4600,308,1
2026-01-09,601012,11:10:06,18.4600,519,1
2026-01-09,601012,11:10:09,18.4600,157,2
2026-01-09,601012,11:10:12,18.4600,120,1
2026-01-09,601012,11:10:15,18.4600,43,2
2026-01-09,601012,11:10:18,18.4500,1390,2
2026-01-09,601012,11:10:21,18.4500,307,1
2026-01-09,601012,11:10:24,18.4600,77,1
2026-01-09,601012,11:10:27,18.4600,221,1
2026-01-09,601012,11:10:30,18.4500,460,2
2026-01-09,601012,11:10:33,18.4500,372,2
2026-01-09,601012,11:10:36,18.4500,476,2
2026-01-09,601012,11:10:39,18.4600,220,1
2026-01-09,601012,11:10:42,18.4500,368,2
2026-01-09,601012,11:10:45,18.4600,205,1
2026-01-09,601012,11:10:48,18.4600,535,1
2026-01-09,601012,11:10:51,18.4500,566,2
2026-01-09,601012,11:10:54,18.4600,242,1
2026-01-09,601012,11:10:57,18.4600,527,1
2026-01-09,601012,11:11:00,18.4600,613,2
2026-01-09,601012,11:11:03,18.4600,95,2
2026-01-09,601012,11:11:06,18.4700,136,1
2026-01-09,601012,11:11:09,18.4700,511,1
2026-01-09,601012,11:11:12,18.4700,1052,1
2026-01-09,601012,11:11:15,18.4700,86,2
2026-01-09,601012,11:11:18,18.4800,345,1
2026-01-09,601012,11:11:21,18.4800,1163,1
2026-01-09,601012,11:11:24,18.4800,148,2
2026-01-09,601012,11:11:27,18.4900,62,1
2026-01-09,601012,11:11:30,18.4900,250,1
2026-01-09,601012,11:11:33,18.4900,213,1
2026-01-09,601012,11:11:36,18.4900,301,1
2026-01-09,601012,11:11:39,18.4800,1776,2
2026-01-09,601012,11:11:42,18.4900,919,1
2026-01-09,601012,11:11:45,18.4900,119,4
2026-01-09,601012,11:11:48,18.5000,222,1
2026-01-09,601012,11:11:51,18.4900,124,4
2026-01-09,601012,11:11:54,18.5000,528,1
2026-01-09,601012,11:11:57,18.5000,647,1
2026-01-09,601012,11:12:00,18.4900,401,2
2026-01-09,601012,11:12:03,18.4800,1653,2
2026-01-09,601012,11:12:06,18.5000,180,1
2026-01-09,601012,11:12:09,18.4900,223,2
2026-01-09,601012,11:12:12,18.4800,3480,2
2026-01-09,601012,11:12:15,18.4700,376,4
2026-01-09,601012,11:12:18,18.4900,636,1
2026-01-09,601012,11:12:21,18.4800,220,2
2026-01-09,601012,11:12:24,18.4900,103,1
2026-01-09,601012,11:12:27,18.4900,205,1
2026-01-09,601012,11:12:30,18.4900,443,1
2026-01-09,601012,11:12:33,18.4800,146,4
2026-01-09,601012,11:12:36,18.4900,130,1
2026-01-09,601012,11:12:39,18.4900,142,1
2026-01-09,601012,11:12:42,18.4900,163,1
2026-01-09,601012,11:12:45,18.4800,84,2
2026-01-09,601012,11:12:48,18.4800,160,2
2026-01-09,601012,11:12:51,18.4900,125,1
2026-01-09,601012,11:12:54,18.4900,250,1
2026-01-09,601012,11:12:57,18.4800,187,2
2026-01-09,601012,11:13:00,18.4900,228,1
2026-01-09,601012,11:13:03,18.4800,240,2
2026-01-09,601012,11:13:06,18.4800,200,2
2026-01-09,601012,11:13:09,18.4900,102,1
2026-01-09,601012,11:13:12,18.4900,484,1
2026-01-09,601012,11:13:15,18.4900,169,1
2026-01-09,601012,11:13:18,18.4900,194,2
2026-01-09,601012,11:13:21,18.4900,623,2
2026-01-09,601012,11:13:24,18.4900,585,2
2026-01-09,601012,11:13:27,18.4900,509,1
2026-01-09,601012,11:13:30,18.4900,130,1
2026-01-09,601012,11:13:33,18.4900,398,1
2026-01-09,601012,11:13:36,18.4900,329,1
2026-01-09,601012,11:13:39,18.4900,153,2
2026-01-09,601012,11:13:42,18.4900,93,2
2026-01-09,601012,11:13:45,18.5000,55,1
2026-01-09,601012,11:13:48,18.5000,187,1
2026-01-09,601012,11:13:51,18.5000,131,1
2026-01-09,601012,11:13:54,18.5000,252,1
2026-01-09,601012,11:13:57,18.4900,626,2
2026-01-09,601012,11:14:00,18.5000,145,1
2026-01-09,601012,11:14:03,18.4900,652,2
2026-01-09,601012,11:14:06,18.4700,620,2
2026-01-09,601012,11:14:09,18.4800,330,1
2026-01-09,601012,11:14:12,18.4700,205,2
2026-01-09,601012,11:14:15,18.4800,144,1
2026-01-09,601012,11:14:18,18.4800,222,1
2026-01-09,601012,11:14:21,18.4700,189,2
2026-01-09,601012,11:14:24,18.4800,117,1
2026-01-09,601012,11:14:27,18.4800,204,1
2026-01-09,601012,11:14:30,18.4700,46,2
2026-01-09,601012,11:14:33,18.4700,195,2
2026-01-09,601012,11:14:36,18.4800,144,1
2026-01-09,601012,11:14:39,18.4700,256,2
2026-01-09,601012,11:14:42,18.4800,365,1
2026-01-09,601012,11:14:45,18.4800,441,1
2026-01-09,601012,11:14:48,18.4700,365,2
2026-01-09,601012,11:14:51,18.4700,470,1
2026-01-09,601012,11:14:54,18.4700,586,1
2026-01-09,601012,11:14:57,18.4800,174,1
2026-01-09,601012,11:15:00,18.4700,285,2
2026-01-09,601012,11:15:03,18.4700,158,1
2026-01-09,601012,11:15:06,18.4700,348,1
2026-01-09,601012,11:15:09,18.4700,270,1
2026-01-09,601012,11:15:12,18.4600,215,2
2026-01-09,601012,11:15:15,18.4700,277,1
2026-01-09,601012,11:15:18,18.4700,280,1
2026-01-09,601012,11:15:21,18.4700,239,1
2026-01-09,601012,11:15:24,18.4600,158,2
2026-01-09,601012,11:15:27,18.4700,248,1
2026-01-09,601012,11:15:30,18.4700,484,1
2026-01-09,601012,11:15:33,18.4700,136,1
2026-01-09,601012,11:15:36,18.4700,157,1
2026-01-09,601012,11:15:39,18.4600,169,2
2026-01-09,601012,11:15:42,18.4600,244,2
2026-01-09,601012,11:15:45,18.4600,364,2
2026-01-09,601012,11:15:48,18.4700,454,1
2026-01-09,601012,11:15:51,18.4700,678,1
2026-01-09,601012,11:15:54,18.4600,90,2
2026-01-09,601012,11:15:57,18.4600,250,2
2026-01-09,601012,11:16:00,18.4600,165,2
2026-01-09,601012,11:16:03,18.4600,363,2
2026-01-09,601012,11:16:06,18.4500,132,2
2026-01-09,601012,11:16:09,18.4600,391,1
2026-01-09,601012,11:16:12,18.4600,160,1
2026-01-09,601012,11:16:15,18.4600,271,1
2026-01-09,601012,11:16:18,18.4500,173,2
2026-01-09,601012,11:16:21,18.4600,154,1
2026-01-09,601012,11:16:24,18.4600,185,1
2026-01-09,601012,11:16:27,18.4600,1139,1
2026-01-09,601012,11:16:30,18.4600,88,2
2026-01-09,601012,11:16:33,18.4600,499,2
2026-01-09,601012,11:16:36,18.4700,105,1
2026-01-09,601012,11:16:39,18.4600,152,2
2026-01-09,601012,11:16:42,18.4700,232,1
2026-01-09,601012,11:16:45,18.4600,121,2
2026-01-09,601012,11:16:48,18.4600,149,2
2026-01-09,601012,11:16:51,18.4600,157,2
2026-01-09,601012,11:16:54,18.4600,917,2
2026-01-09,601012,11:16:57,18.4600,210,2
2026-01-09,601012,11:17:00,18.4600,694,2
2026-01-09,601012,11:17:03,18.4600,178,2
2026-01-09,601012,11:17:06,18.4700,491,1
2026-01-09,601012,11:17:09,18.4700,1049,1
2026-01-09,601012,11:17:12,18.4600,124,2
2026-01-09,601012,11:17:15,18.4600,1093,2
2026-01-09,601012,11:17:18,18.4600,749,2
2026-01-09,601012,11:17:21,18.4600,203,1
2026-01-09,601012,11:17:24,18.4500,768,2
2026-01-09,601012,11:17:27,18.4500,474,2
2026-01-09,601012,11:17:30,18.4500,256,2
2026-01-09,601012,11:17:33,18.4500,1168,2
2026-01-09,601012,11:17:36,18.4500,445,2
2026-01-09,601012,11:17:39,18.4500,1514,2
2026-01-09,601012,11:17:42,18.4600,189,1
2026-01-09,601012,11:17:45,18.4500,365,2
2026-01-09,601012,11:17:48,18.4600,733,1
2026-01-09,601012,11:17:51,18.4500,325,2
2026-01-09,601012,11:17:54,18.4800,881,1
2026-01-09,601012,11:17:57,18.4600,459,2
2026-01-09,601012,11:18:00,18.4500,154,2
2026-01-09,601012,11:18:03,18.4700,688,1
2026-01-09,601012,11:18:06,18.4700,209,2
2026-01-09,601012,11:18:09,18.4600,277,2
2026-01-09,601012,11:18:12,18.4800,752,1
2026-01-09,601012,11:18:15,18.4700,166,1
2026-01-09,601012,11:18:18,18.4600,469,2
2026-01-09,601012,11:18:21,18.4600,712,2
2026-01-09,601012,11:18:24,18.4600,114,2
2026-01-09,601012,11:18:27,18.4700,783,1
2026-01-09,601012,11:18:30,18.4700,156,1
2026-01-09,601012,11:18:33,18.4600,488,2
2026-01-09,601012,11:18:36,18.4700,727,1
2026-01-09,601012,11:18:39,18.4700,124,1
2026-01-09,601012,11:18:42,18.4600,396,2
2026-01-09,601012,11:18:45,18.4700,900,1
2026-01-09,601012,11:18:48,18.4600,301,2
2026-01-09,601012,11:18:51,18.4700,737,1
2026-01-09,601012,11:18:54,18.4700,194,1
2026-01-09,601012,11:18:57,18.4700,334,2
2026-01-09,601012,11:19:00,18.4800,696,1
2026-01-09,601012,11:19:03,18.4800,76,1
2026-01-09,601012,11:19:06,18.4800,262,1
2026-01-09,601012,11:19:09,18.4700,659,2
2026-01-09,601012,11:19:12,18.4800,257,1
