date,code,time,price,volume,bs
2026-02-09,600519,14:03:48,1525.4700,2,1
2026-02-09,600519,14:03:51,1525.0699,1,2
2026-02-09,600519,14:03:54,1525.4800,6,1
2026-02-09,600519,14:03:57,1525.4900,1,1
2026-02-09,600519,14:04:00,1525.0699,7,2
2026-02-09,600519,14:04:09,1525.1000,2,2
2026-02-09,600519,14:04:12,1525.0900,3,2
2026-02-09,600519,14:04:15,1525.1000,1,2
2026-02-09,600519,14:04:18,1525.4200,2,1
2026-02-09,600519,14:04:21,1525.1000,1,2
2026-02-09,600519,14:04:24,1525.4500,2,1
2026-02-09,600519,14:04:27,1525.4600,2,1
2026-02-09,600519,14:04:30,1525.5000,4,1
2026-02-09,600519,14:04:33,1525.5000,1,1
2026-02-09,600519,14:04:36,1525.5000,12,1
2026-02-09,600519,14:04:42,1525.5000,3,1
2026-02-09,600519,14:04:45,1525.5100,6,1
2026-02-09,600519,14:04:48,1525.5200,2,2
2026-02-09,600519,14:04:51,1525.4200,14,2
2026-02-09,600519,14:04:54,1525.5699,12,1
2026-02-09,600519,14:04:57,1525.5699,5,1
2026-02-09,600519,14:05:03,1525.1100,4,2
2026-02-09,600519,14:05:06,1525.5900,1,1
2026-02-09,600519,14:05:09,1525.1200,4,2
2026-02-09,600519,14:05:15,1525.1300,1,2
2026-02-09,600519,14:05:21,1525.5000,4,1
2026-02-09,600519,14:05:27,1525.5100,1,1
2026-02-09,600519,14:05:30,1525.5100,5,1
2026-02-09,600519,14:05:33,1525.5200,1,1
2026-02-09,600519,14:05:36,1525.5200,7,1
2026-02-09,600519,14:05:39,1525.5400,1,4
2026-02-09,600519,14:05:42,1525.5601,1,1
2026-02-09,600519,14:05:45,1525.5601,6,1
2026-02-09,600519,14:05:48,1525.5900,1,1
2026-02-09,600519,14:05:51,1525.6000,1,1
2026-02-09,600519,14:05:54,1525.6400,9,1
2026-02-09,600519,14:05:57,1525.8199,29,1
2026-02-09,600519,14:06:00,1526.0800,30,1
2026-02-09,600519,14:06:03,1526.2400,17,1
2026-02-09,600519,14:06:06,1526.8700,5,1
2026-02-09,600519,14:06:09,1526.2500,12,2
2026-02-09,600519,14:06:12,1527.0000,6,1
2026-02-09,600519,14:06:15,1527.0000,2,1
2026-02-09,600519,14:06:18,1526.9000,9,2
2026-02-09,600519,14:06:21,1527.0000,3,2
2026-02-09,600519,14:06:24,1527.3000,4,1
2026-02-09,600519,14:06:27,1527.0100,4,2
2026-02-09,600519,14:06:30,1527.4000,2,1
2026-02-09,600519,14:06:33,1527.5500,2,1
2026-02-09,600519,14:06:36,1527.6000,4,1
2026-02-09,600519,14:06:39,1527.6500,9,1
2026-02-09,600519,14:06:42,1527.8600,14,1
2026-02-09,600519,14:06:45,1527.9900,8,1
2026-02-09,600519,14:06:48,1527.9000,11,2
2026-02-09,600519,14:06:51,1527.7000,20,2
2026-02-09,600519,14:06:54,1527.9900,12,1
2026-02-09,600519,14:06:57,1528.0000,5,1
2026-02-09,600519,14:07:00,1527.6100,6,2
2026-02-09,600519,14:07:03,1527.6200,4,2
2026-02-09,600519,14:07:06,1527.5601,4,2
2026-02-09,600519,14:07:09,1527.9700,8,1
2026-02-09,600519,14:07:12,1527.9700,3,1
2026-02-09,600519,14:07:15,1527.5699,3,2
2026-02-09,600519,14:07:18,1527.5601,3,2
2026-02-09,600519,14:07:21,1527.5601,3,2
2026-02-09,600519,14:07:24,1527.5601,11,2
2026-02-09,600519,14:07:27,1527.4600,14,2
2026-02-09,600519,14:07:30,1527.4700,4,1
2026-02-09,600519,14:07:33,1527.4600,6,2
2026-02-09,600519,14:07:36,1527.5500,2,1
2026-02-09,600519,14:07:39,1527.4600,7,2
2026-02-09,600519,14:07:42,1527.5601,2,1
2026-02-09,600519,14:07:48,1527.5601,8,2
2026-02-09,600519,14:07:51,1527.6700,4,1
2026-02-09,600519,14:07:54,1527.5601,3,2
2026-02-09,600519,14:07:57,1527.5601,1,1
2026-02-09,600519,14:08:00,1527.7000,1,1
2026-02-09,600519,14:08:03,1527.5601,7,2
2026-02-09,600519,14:08:09,1527.5699,4,2
2026-02-09,600519,14:08:12,1527.5699,1,2
2026-02-09,600519,14:08:15,1527.5699,1,2
2026-02-09,600519,14:08:21,1527.6801,1,1
2026-02-09,600519,14:08:27,1527.7000,6,1
2026-02-09,600519,14:08:30,1527.8400,8,1
2026-02-09,600519,14:08:33,1527.9900,2,1
2026-02-09,600519,14:08:36,1527.9900,5,1
2026-02-09,600519,14:08:39,1528.0000,7,1
2026-02-09,600519,14:08:42,1528.0000,3,1
2026-02-09,600519,14:08:45,1528.0500,12,1
2026-02-09,600519,14:08:48,1528.0000,3,2
2026-02-09,600519,14:08:51,1528.1400,5,1
2026-02-09,600519,14:08:54,1528.1500,14,1
2026-02-09,600519,14:08:57,1528.1500,10,1
2026-02-09,600519,14:09:00,1528.1500,2,1
2026-02-09,600519,14:09:03,1527.5900,5,2
2026-02-09,600519,14:09:06,1527.5300,14,2
2026-02-09,600519,14:09:09,1527.7800,9,1
2026-02-09,600519,14:09:15,1527.7800,4,1
2026-02-09,600519,14:09:18,1527.7800,1,1
2026-02-09,600519,14:09:21,1527.8199,1,1
2026-02-09,600519,14:09:24,1527.8101,1,1
2026-02-09,600519,14:09:30,1527.6000,15,2
2026-02-09,600519,14:09:33,1527.8300,27,1
2026-02-09,600519,14:09:36,1528.0100,8,1
2026-02-09,600519,14:09:39,1528.0900,9,1
2026-02-09,600519,14:09:42,1528.1200,2,1
2026-02-09,600519,14:09:45,1528.0000,2,1
2026-02-09,600519,14:09:48,1528.1000,3,1
2026-02-09,600519,14:09:51,1528.1100,3,2
2026-02-09,600519,14:09:54,1528.1100,5,2
2026-02-09,600519,14:09:57,1528.1200,2,2
2026-02-09,600519,14:10:00,1528.1100,4,2
2026-02-09,600519,14:10:03,1528.1700,6,1
2026-02-09,600519,14:10:06,1528.1400,1,1
2026-02-09,600519,14:10:09,1528.2000,7,1
2026-02-09,600519,14:10:12,1528.2000,5,1
2026-02-09,600519,14:10:15,1528.2000,2,1
2026-02-09,600519,14:10:18,1528.2000,15,1
2026-02-09,600519,14:10:21,1528.2000,2,2
2026-02-09,600519,14:10:27,1528.2200,2,2
2026-02-09,600519,14:10:30,1528.2200,3,2
2026-02-09,600519,14:10:33,1528.2400,2,1
2026-02-09,600519,14:10:36,1528.4800,11,1
2026-02-09,600519,14:10:39,1528.4800,1,1
2026-02-09,600519,14:10:45,1528.4900,5,1
2026-02-09,600519,14:10:51,1528.2700,1,2
2026-02-09,600519,14:10:54,1528.2700,1,2
2026-02-09,600519,14:10:57,1528.2400,12,2
2026-02-09,600519,14:11:00,1528.2400,9,1
2026-02-09,600519,14:11:03,1528.2400,5,1
2026-02-09,600519,14:11:06,1528.2100,3,2
2026-02-09,600519,14:11:09,1528.2000,11,2
2026-02-09,600519,14:11:12,1528.1500,35,2
2026-02-09,600519,14:11:15,1528.1000,10,2
2026-02-09,600519,14:11:18,1528.1000,10,2
2026-02-09,600519,14:11:21,1528.0699,4,2
2026-02-09,600519,14:11:24,1528.0900,5,1
2026-02-09,600519,14:11:27,1527.8400,7,2
2026-02-09,600519,14:11:30,1527.7000,5,2
2026-02-09,600519,14:11:36,1527.6000,3,2
2026-02-09,600519,14:11:39,1527.0000,4,2
2026-02-09,600519,14:11:42,1527.7000,5,2
2026-02-09,600519,14:11:45,1527.6801,4,2
2026-02-09,600519,14:11:48,1527.6801,7,2
2026-02-09,600519,14:11:51,1527.7000,7,1
2026-02-09,600519,14:11:54,1528.0200,8,1
2026-02-09,600519,14:11:57,1527.7700,3,2
2026-02-09,600519,14:12:00,1527.7600,5,2
2026-02-09,600519,14:12:03,1528.0000,6,1
2026-02-09,600519,14:12:06,1527.7700,7,2
2026-02-09,600519,14:12:09,1528.0400,29,1
2026-02-09,600519,14:12:12,1528.0699,26,1
2026-02-09,600519,14:12:15,1528.0900,9,1
2026-02-09,600519,14:12:18,1528.0699,7,2
2026-02-09,600519,14:12:24,1528.0699,1,2
2026-02-09,600519,14:12:27,1528.0699,3,2
2026-02-09,600519,14:12:30,1528.1700,6,1
2026-02-09,600519,14:12:33,1528.0900,4,2
2026-02-09,600519,14:12:36,1528.1700,5,1
2026-02-09,600519,14:12:39,1528.0699,10,2
2026-02-09,600519,14:12:42,1528.0900,8,1
2026-02-09,600519,14:12:45,1528.0800,1,2
2026-02-09,600519,14:12:51,1527.9100,15,2
2026-02-09,600519,14:12:54,1527.9500,1,1
2026-02-09,600519,14:12:57,1527.6600,8,2
2026-02-09,600519,14:13:00,1527.6600,1,1
2026-02-09,600519,14:13:06,1527.6600,6,1
2026-02-09,600519,14:13:09,1527.6100,12,2
2026-02-09,600519,14:13:12,1527.6100,6,1
2026-02-09,600519,14:13:18,1527.6000,1,1
2026-02-09,600519,14:13:21,1527.1000,21,2
2026-02-09,600519,14:13:24,1527.6000,2,1
2026-02-09,600519,14:13:27,1526.8800,4,2
2026-02-09,600519,14:13:30,1526.8800,2,2
2026-02-09,600519,14:13:33,1526.8800,3,2
2026-02-09,600519,14:13:36,1526.9700,16,1
2026-02-09,600519,14:13:39,1526.8900,6,1
2026-02-09,600519,14:13:42,1526.8600,2,2
2026-02-09,600519,14:13:48,1526.8600,3,2
2026-02-09,600519,14:13:51,1526.8600,1,2
2026-02-09,600519,14:13:54,1526.8800,2,1
2026-02-09,600519,14:13:57,1526.8600,1,1
2026-02-09,600519,14:14:00,1526.8400,4,2
2026-02-09,600519,14:14:03,1526.8400,1,2
2026-02-09,600519,14:14:06,1526.8600,3,1
2026-02-09,600519,14:14:09,1526.8400,3,2
2026-02-09,600519,14:14:12,1526.8199,2,2
2026-02-09,600519,14:14:15,1526.8600,1,1
2026-02-09,600519,14:14:18,1526.7600,4,2
2026-02-09,600519,14:14:24,1526.8800,10,1
2026-02-09,600519,14:14:27,1527.0200,3,1
2026-02-09,600519,14:14:30,1527.1000,1,1
2026-02-09,600519,14:14:33,1527.1400,4,1
2026-02-09,600519,14:14:39,1527.1400,6,1
2026-02-09,600519,14:14:42,1527.2500,1,1
2026-02-09,600519,14:14:45,1527.6400,7,1
2026-02-09,600519,14:14:48,1527.3000,3,1
2026-02-09,600519,14:14:51,1527.3300,4,1
2026-02-09,600519,14:14:54,1527.3199,2,1
2026-02-09,600519,14:14:57,1527.3300,11,2
2026-02-09,600519,14:15:00,1527.9700,4,1
2026-02-09,600519,14:15:03,1527.3300,3,2
2026-02-09,600519,14:15:06,1527.9700,1,1
2026-02-09,600519,14:15:12,1527.3300,8,2
2026-02-09,600519,14:15:15,1527.3199,17,2
2026-02-09,600519,14:15:18,1527.3300,5,1
2026-02-09,600519,14:15:21,1527.3000,11,2
2026-02-09,600519,14:15:24,1527.3199,6,1
2026-02-09,600519,14:15:27,1527.3101,25,2
2026-02-09,600519,14:15:30,1527.3000,12,2
2026-02-09,600519,14:15:33,1527.2400,6,2
2026-02-09,600519,14:15:36,1527.1200,3,2
2026-02-09,600519,14:15:39,1527.0000,8,2
2026-02-09,600519,14:15:42,1526.8800,36,2
2026-02-09,600519,14:15:45,1526.9800,10,1
2026-02-09,600519,14:15:48,1526.8400,10,2
2026-02-09,600519,14:15:51,1526.7300,10,2
2026-02-09,600519,14:15:57,1526.3000,2,2
2026-02-09,600519,14:16:00,1527.0900,3,1
2026-02-09,600519,14:16:03,1526.2800,1,2
2026-02-09,600519,14:16:06,1526.2800,2,1
2026-02-09,600519,14:16:09,1526.2700,8,2
2026-02-09,600519,14:16:15,1526.2800,6,2
2026-02-09,600519,14:16:18,1526.3800,3,1
2026-02-09,600519,14:16:21,1526.3000,3,2
2026-02-09,600519,14:16:24,1526.3101,2,2
2026-02-09,600519,14:16:27,1526.3700,1,1
2026-02-09,600519,14:16:30,1526.3000,1,2
2026-02-09,600519,14:16:33,1526.3000,3,2
2026-02-09,600519,14:16:36,1526.2900,4,2
2026-02-09,600519,14:16:39,1526.2900,2,2
2026-02-09,600519,14:16:42,1526.2900,3,2
2026-02-09,600519,14:16:45,1526.2900,8,2
2026-02-09,600519,14:16:48,1526.2900,20,2
2026-02-09,600519,14:16:51,1526.3000,13,1
2026-02-09,600519,14:16:54,1526.3199,7,1
2026-02-09,600519,14:16:57,1526.2800,1,2
2026-02-09,600519,14:17:00,1526.2900,8,1
2026-02-09,600519,14:17:03,1526.2700,2,2
2026-02-09,600519,14:17:06,1526.2800,9,1
2026-02-09,600519,14:17:09,1526.2800,12,2
2026-02-09,600519,14:17:12,1526.5900,4,1
2026-02-09,600519,14:17:15,1526.5900,27,1
2026-02-09,600519,14:17:18,1526.2900,6,2
2026-02-09,600519,14:17:21,1526.5900,1,1
2026-02-09,600519,14:17:24,1526.6000,2,1
2026-02-09,600519,14:17:27,1526.5900,7,2
2026-02-09,600519,14:17:33,1526.4900,1,2
2026-02-09,600519,14:17:36,1526.4900,1,2
2026-02-09,600519,14:17:39,1526.5800,1,1
2026-02-09,600519,14:17:42,1526.5100,1,2
2026-02-09,600519,14:17:45,1526.5100,4,2
2026-02-09,600519,14:17:51,1526.5699,2,1
2026-02-09,600519,14:17:54,1526.5100,9,2
2026-02-09,600519,14:17:57,1526.5900,1,1
2026-02-09,600519,14:18:00,1526.5800,2,2
2026-02-09,600519,14:18:03,1526.5800,3,2
2026-02-09,600519,14:18:06,1526.5800,2,2
2026-02-09,600519,14:18:09,1526.5800,7,2
2026-02-09,600519,14:18:12,1526.6500,9,1
2026-02-09,600519,14:18:15,1526.7200,10,1
2026-02-09,600519,14:18:18,1526.7600,2,1
2026-02-09,600519,14:18:21,1526.7600,1,1
2026-02-09,600519,14:18:24,1526.7600,4,2
2026-02-09,600519,14:18:27,1526.7600,4,2
2026-02-09,600519,14:18:30,1526.8500,2,1
2026-02-09,600519,14:18:33,1526.8400,1,1
2026-02-09,600519,14:18:36,1526.8101,4,2
2026-02-09,600519,14:18:39,1526.8400,3,1
2026-02-09,600519,14:18:42,1526.8400,4,2
2026-02-09,600519,14:18:45,1526.8400,2,2
2026-02-09,600519,14:18:48,1526.8400,10,2
2026-02-09,600519,14:18:51,1526.8500,6,2
2026-02-09,600519,14:18:54,1526.8800,7,1
2026-02-09,600519,14:18:57,1526.8900,2,1
2026-02-09,600519,14:19:00,1526.8800,5,2
2026-02-09,600519,14:19:03,1526.8800,13,2
2026-02-09,600519,14:19:06,1526.7400,20,2
2026-02-09,600519,14:19:09,1526.8800,3,1
2026-02-09,600519,14:19:12,1526.9000,8,1
2026-02-09,600519,14:19:15,1526.5699,12,2
2026-02-09,600519,14:19:18,1526.5699,6,2
2026-02-09,600519,14:19:21,1526.5500,4,2
2026-02-09,600519,14:19:24,1526.5100,12,2
2026-02-09,600519,14:19:27,1526.2400,4,2
2026-02-09,600519,14:19:30,1526.5100,9,1
2026-02-09,600519,14:19:36,1526.0000,4,2
2026-02-09,600519,14:19:39,1526.0000,6,2
2026-02-09,600519,14:19:42,1525.9000,4,2
2026-02-09,600519,14:19:45,1525.9800,2,1
2026-02-09,600519,14:19:48,1525.8000,8,2
2026-02-09,600519,14:19:51,1525.8000,36,2
2026-02-09,600519,14:19:54,1525.7400,13,2
2026-02-09,600519,14:19:57,1525.0699,7,2
2026-02-09,600519,14:20:00,1523.1801,14,2
2026-02-09,600519,14:20:03,1524.0000,12,1
2026-02-09,600519,14:20:06,1523.3900,7,2
2026-02-09,600519,14:20:09,1523.3700,7,2
2026-02-09,600519,14:20:12,1523.3700,15,2
2026-02-09,600519,14:20:15,1523.3900,3,2
2026-02-09,600519,14:20:18,1523.3800,6,2
2026-02-09,600519,14:20:21,1523.3700,4,2
2026-02-09,600519,14:20:24,1523.3700,3,2
2026-02-09,600519,14:20:27,1523.3800,8,2
2026-02-09,600519,14:20:30,1523.3700,10,2
2026-02-09,600519,14:20:33,1523.3700,8,2
2026-02-09,600519,14:20:36,1523.9399,10,1
2026-02-09,600519,14:20:39,1523.3700,7,2
2026-02-09,600519,14:20:42,1523.3700,15,1
2026-02-09,600519,14:20:45,1523.9500,31,1
2026-02-09,600519,14:20:48,1524.6200,17,1
2026-02-09,600519,14:20:51,1523.9700,8,2
2026-02-09,600519,14:20:54,1524.6200,12,1
2026-02-09,600519,14:20:57,1523.9301,4,2
2026-02-09,600519,14:21:00,1523.9100,7,2
2026-02-09,600519,14:21:03,1523.9000,15,2
2026-02-09,600519,14:21:06,1523.9301,5,4
2026-02-09,600519,14:21:09,1523.9301,16,2
2026-02-09,600519,14:21:12,1523.9399,7,2
2026-02-09,600519,14:21:15,1523.9700,17,1
2026-02-09,600519,14:21:18,1523.9100,4,4
2026-02-09,600519,14:21:21,1523.7500,8,2
2026-02-09,600519,14:21:24,1523.3600,9,2
2026-02-09,600519,14:21:27,1523.3199,6,2
2026-02-09,600519,14:21:30,1523.3400,2,2
2026-02-09,600519,14:21:33,1523.7900,31,1
2026-02-09,600519,14:21:36,1523.0200,34,1
2026-02-09,600519,14:21:39,1523.0601,28,1
2026-02-09,600519,14:21:42,1523.9200,10,1
2026-02-09,600519,14:21:45,1523.0100,19,2
2026-02-09,600519,14:21:48,1523.9301,7,1
2026-02-09,600519,14:21:51,1523.9200,14,1
2026-02-09,600519,14:21:54,1523.0200,7,2
2026-02-09,600519,14:21:57,1523.0100,6,2
2026-02-09,600519,14:22:00,1523.9500,27,1
2026-02-09,600519,14:22:03,1523.0200,17,2
2026-02-09,600519,14:22:06,1523.9000,5,1
2026-02-09,600519,14:22:09,1523.8900,25,2
2026-02-09,600519,14:22:12,1524.5300,3,1
2026-02-09,600519,14:22:15,1524.5400,5,1
2026-02-09,600519,14:22:18,1524.5400,3,1
2026-02-09,600519,14:22:21,1524.5200,8,2
2026-02-09,600519,14:22:24,1524.5500,11,1
2026-02-09,600519,14:22:27,1524.5500,4,1
2026-02-09,600519,14:22:30,1524.5601,4,1
2026-02-09,600519,14:22:33,1524.5900,11,1
2026-02-09,600519,14:22:36,1525.0100,17,1
2026-02-09,600519,14:22:39,1525.0000,6,1
2026-02-09,600519,14:22:45,1525.0000,8,1
2026-02-09,600519,14:22:48,1525.0200,14,1
2026-02-09,600519,14:22:51,1525.0100,2,2
2026-02-09,600519,14:22:54,1525.5100,11,1
2026-02-09,600519,14:22:57,1525.8800,18,1
2026-02-09,600519,14:23:00,1525.8800,6,2
2026-02-09,600519,14:23:03,1526.0000,5,1
2026-02-09,600519,14:23:06,1526.5000,10,1
2026-02-09,600519,14:23:09,1526.5500,3,1
2026-02-09,600519,14:23:12,1526.5400,1,1
2026-02-09,600519,14:23:15,1526.5601,3,1
2026-02-09,600519,14:23:18,1526.5500,5,1
2026-02-09,600519,14:23:21,1526.9800,2,1
2026-02-09,600519,14:23:24,1526.8800,2,2
2026-02-09,600519,14:23:27,1526.5500,21,2
2026-02-09,600519,14:23:30,1526.8900,6,1
2026-02-09,600519,14:23:33,1526.8800,17,2
2026-02-09,600519,14:23:36,1526.8900,3,1
2026-02-09,600519,14:23:39,1526.8900,7,1
2026-02-09,600519,14:23:42,1526.8800,1,1
2026-02-09,600519,14:23:45,1526.6000,2,2
2026-02-09,600519,14:23:48,1526.6000,1,2
2026-02-09,600519,14:23:51,1526.5200,7,2
2026-02-09,600519,14:23:54,1526.5200,10,2
2026-02-09,600519,14:23:57,1526.6000,9,1
2026-02-09,600519,14:24:00,1526.6200,8,1
2026-02-09,600519,14:24:03,1526.5200,6,2
2026-02-09,600519,14:24:06,1526.5200,13,1
2026-02-09,600519,14:24:09,1526.9900,1,1
2026-02-09,600519,14:24:12,1526.9900,9,1
2026-02-09,600519,14:24:18,1526.8000,6,2
2026-02-09,600519,14:24:21,1526.6801,6,2
2026-02-09,600519,14:24:24,1526.7900,9,1
2026-02-09,600519,14:24:27,1526.7900,3,1
2026-02-09,600519,14:24:30,1526.6801,6,2
2026-02-09,600519,14:24:33,1526.7900,12,1
2026-02-09,600519,14:24:36,1526.8000,4,1
2026-02-09,600519,14:24:39,1526.8101,2,2
2026-02-09,600519,14:24:42,1526.9900,4,1
2026-02-09,600519,14:24:45,1526.9900,1,1
2026-02-09,600519,14:24:48,1526.9900,10,1
2026-02-09,600519,14:24:51,1527.1600,29,1
2026-02-09,600519,14:24:54,1527.3000,23,1
2026-02-09,600519,14:24:57,1527.8800,16,1
2026-02-09,600519,14:25:00,1527.9700,13,1
2026-02-09,600519,14:25:03,1527.9800,10,1
2026-02-09,600519,14:25:06,1528.0000,12,1
2026-02-09,600519,14:25:09,1527.8900,6,2
2026-02-09,600519,14:25:12,1528.0000,36,1
2026-02-09,600519,14:25:15,1528.1600,57,1
2026-02-09,600519,14:25:18,1528.2100,18,1
2026-02-09,600519,14:25:21,1528.4900,14,1
2026-02-09,600519,14:25:24,1528.5000,18,1
2026-02-09,600519,14:25:27,1528.4900,7,2
2026-02-09,600519,14:25:30,1528.5100,2,1
2026-02-09,600519,14:25:33,1528.5200,26,1
2026-02-09,600519,14:25:36,1528.5100,4,1
2026-02-09,600519,14:25:42,1528.5400,3,1
2026-02-09,600519,14:25:45,1528.2300,52,2
2026-02-09,600519,14:25:48,1528.0400,12,2
2026-02-09,600519,14:25:51,1528.0400,1,2
2026-02-09,600519,14:25:54,1528.2600,18,1
2026-02-09,600519,14:25:57,1528.2300,4,1
2026-02-09,600519,14:26:00,1528.0500,3,1
2026-02-09,600519,14:26:03,1528.0000,2,2
2026-02-09,600519,14:26:06,1528.0500,1,1
2026-02-09,600519,14:26:09,1528.0000,4,2
2026-02-09,600519,14:26:12,1528.0000,2,2
2026-02-09,600519,14:26:15,1528.0100,5,1
2026-02-09,600519,14:26:18,1528.0000,2,2
2026-02-09,600519,14:26:21,1528.0100,3,1
2026-02-09,600519,14:26:24,1528.0000,4,2
2026-02-09,600519,14:26:27,1528.0000,1,1
2026-02-09,600519,14:26:30,1527.9800,6,2
2026-02-09,600519,14:26:33,1527.9800,7,1
2026-02-09,600519,14:26:39,1527.5800,1,2
2026-02-09,600519,14:26:42,1527.5800,4,2
2026-02-09,600519,14:26:45,1527.5601,4,2
2026-02-09,600519,14:26:48,1527.2600,1,1
2026-02-09,600519,14:26:51,1527.2400,2,1
2026-02-09,600519,14:26:54,1527.1700,3,2
2026-02-09,600519,14:26:57,1527.1700,2,2
2026-02-09,600519,14:27:03,1527.1700,4,1
2026-02-09,600519,14:27:06,1527.1600,2,2
2026-02-09,600519,14:27:09,1527.1500,2,2
2026-02-09,600519,14:27:12,1527.1600,3,1
2026-02-09,600519,14:27:15,1527.1500,6,2
2026-02-09,600519,14:27:18,1527.1200,1,2
2026-02-09,600519,14:27:21,1527.1200,2,2
2026-02-09,600519,14:27:24,1527.1500,5,1
2026-02-09,600519,14:27:27,1527.1000,12,2
2026-02-09,600519,14:27:30,1527.1200,3,1
2026-02-09,600519,14:27:33,1527.1100,3,2
2026-02-09,600519,14:27:36,1527.0000,14,2
2026-02-09,600519,14:27:39,1526.6801,4,2
2026-02-09,600519,14:27:42,1526.6801,2,2
2026-02-09,600519,14:27:51,1526.6801,1,2
2026-02-09,600519,14:27:54,1526.6801,5,2
2026-02-09,600519,14:27:57,1526.6801,5,2
2026-02-09,600519,14:28:00,1526.6801,2,1
2026-02-09,600519,14:28:03,1526.6700,2,4
2026-02-09,600519,14:28:06,1526.6600,8,2
2026-02-09,600519,14:28:09,1526.6500,1,2
2026-02-09,600519,14:28:12,1526.6400,2,2
2026-02-09,600519,14:28:15,1526.6500,3,1
2026-02-09,600519,14:28:21,1526.6400,3,2
2026-02-09,600519,14:28:24,1526.6200,2,2
2026-02-09,600519,14:28:27,1526.6400,3,1
2026-02-09,600519,14:28:30,1526.6400,2,1
2026-02-09,600519,14:28:33,1526.6200,3,1
2026-02-09,600519,14:28:36,1526.6200,1,1
2026-02-09,600519,14:28:39,1526.6000,9,2
2026-02-09,600519,14:28:42,1526.6200,1,1
2026-02-09,600519,14:28:45,1526.6100,2,2
2026-02-09,600519,14:28:48,1526.6100,3,2
2026-02-09,600519,14:28:51,1526.6000,2,2
2026-02-09,600519,14:28:54,1526.6200,4,1
2026-02-09,600519,14:28:57,1526.6200,3,1
2026-02-09,600519,14:29:00,1526.6200,1,1
2026-02-09,600519,14:29:03,1526.6200,2,1
2026-02-09,600519,14:29:06,1526.6200,5,1
2026-02-09,600519,14:29:09,1526.6700,36,1
2026-02-09,600519,14:29:12,1526.7100,9,1
2026-02-09,600519,14:29:15,1526.7200,4,1
2026-02-09,600519,14:29:18,1526.7200,3,2
2026-02-09,600519,14:29:21,1526.9900,2,1
2026-02-09,600519,14:29:24,1526.7200,14,2
2026-02-09,600519,14:29:27,1527.0000,4,1
2026-02-09,600519,14:29:30,1526.7500,2,2
2026-02-09,600519,14:29:33,1526.7200,4,2
2026-02-09,600519,14:29:36,1527.0000,2,1
2026-02-09,600519,14:29:39,1526.7200,3,2
2026-02-09,600519,14:29:42,1526.7200,3,2
2026-02-09,600519,14:29:48,1526.7200,3,2
2026-02-09,600519,14:29:54,1527.0000,9,1
2026-02-09,600519,14:29:57,1526.7200,5,2
2026-02-09,600519,14:30:00,1527.0000,3,1
2026-02-09,600519,14:30:03,1526.7200,5,2
2026-02-09,600519,14:30:06,1526.9900,1,1
2026-02-09,600519,14:30:09,1526.9900,1,1
2026-02-09,600519,14:30:12,1526.9900,6,1
2026-02-09,600519,14:30:15,1526.9800,1,1
2026-02-09,600519,14:30:18,1526.9800,3,1
2026-02-09,600519,14:30:27,1526.9800,2,1
2026-02-09,600519,14:30:30,1526.9700,2,1
2026-02-09,600519,14:30:33,1526.8400,3,2
2026-02-09,600519,14:30:36,1526.8400,2,2
2026-02-09,600519,14:30:42,1526.9600,2,1
2026-02-09,600519,14:30:45,1526.9800,8,1
2026-02-09,600519,14:30:48,1526.8400,2,2
2026-02-09,600519,14:30:51,1526.8500,14,2
2026-02-09,600519,14:30:54,1526.9600,2,1
2026-02-09,600519,14:30:57,1526.8700,12,2
2026-02-09,600519,14:31:00,1526.9800,1,1
2026-02-09,600519,14:31:03,1526.9800,2,1
2026-02-09,600519,14:31:06,1526.8600,3,2
2026-02-09,600519,14:31:09,1526.8700,5,1
2026-02-09,600519,14:31:12,1526.8600,6,2
2026-02-09,600519,14:31:15,1526.8600,5,2
2026-02-09,600519,14:31:18,1526.8600,2,2
2026-02-09,600519,14:31:21,1526.8800,6,2
2026-02-09,600519,14:31:27,1526.8600,2,2
2026-02-09,600519,14:31:30,1526.8700,1,1
2026-02-09,600519,14:31:36,1526.8700,6,1
2026-02-09,600519,14:31:39,1526.8700,4,2
2026-02-09,600519,14:31:42,1526.8800,2,2
2026-02-09,600519,14:31:45,1526.8800,3,2
2026-02-09,600519,14:31:48,1526.8900,4,4
2026-02-09,600519,14:31:51,1526.8800,1,1
2026-02-09,600519,14:31:54,1526.8600,6,2
2026-02-09,600519,14:31:57,1526.9000,3,1
2026-02-09,600519,14:32:00,1526.8800,4,1
2026-02-09,600519,14:32:06,1526.8800,2,2
2026-02-09,600519,14:32:09,1526.9000,1,1
2026-02-09,600519,14:32:12,1526.8900,4,2
2026-02-09,600519,14:32:15,1526.8900,4,2
2026-02-09,600519,14:32:18,1526.9000,7,1
2026-02-09,600519,14:32:21,1526.9000,9,1
2026-02-09,600519,14:32:24,1526.9000,4,2
2026-02-09,600519,14:32:27,1526.9100,4,2
2026-02-09,600519,14:32:30,1526.9100,1,2
2026-02-09,600519,14:32:33,1526.9100,3,2
2026-02-09,600519,14:32:36,1526.8000,67,2
2026-02-09,600519,14:32:39,1526.9100,5,1
2026-02-09,600519,14:32:42,1526.8000,8,2
2026-02-09,600519,14:32:45,1526.8000,5,2
2026-02-09,600519,14:32:48,1526.9100,2,1
2026-02-09,600519,14:32:51,1526.8000,3,2
2026-02-09,600519,14:32:54,1526.9200,7,1
2026-02-09,600519,14:32:57,1526.8000,1,2
2026-02-09,600519,14:33:00,1526.8000,5,2
2026-02-09,600519,14:33:03,1526.8000,11,2
2026-02-09,600519,14:33:06,1526.9500,5,1
2026-02-09,600519,14:33:09,1526.8000,16,2
2026-02-09,600519,14:33:12,1526.8000,5,2
2026-02-09,600519,14:33:18,1526.8199,3,2
2026-02-09,600519,14:33:21,1526.8199,3,2
2026-02-09,600519,14:33:24,1526.8199,6,2
2026-02-09,600519,14:33:27,1526.8199,3,2
2026-02-09,600519,14:33:30,1526.5300,55,2
2026-02-09,600519,14:33:33,1526.0000,1,2
2026-02-09,600519,14:33:36,1526.0000,7,2
2026-02-09,600519,14:33:39,1526.0000,1,2
2026-02-09,600519,14:33:42,1526.3900,2,1
2026-02-09,600519,14:33:45,1526.3800,1,1
2026-02-09,600519,14:33:48,1526.3800,8,1
2026-02-09,600519,14:33:51,1526.1899,2,1
2026-02-09,600519,14:33:54,1526.0000,5,2
2026-02-09,600519,14:33:57,1526.3400,1,1
2026-02-09,600519,14:34:00,1525.9301,10,2
2026-02-09,600519,14:34:03,1525.9100,5,2
2026-02-09,600519,14:34:06,1525.9301,9,1
2026-02-09,600519,14:34:09,1525.9200,13,4
2026-02-09,600519,14:34:12,1525.8199,7,2
2026-02-09,600519,14:34:15,1525.8101,1,2
2026-02-09,600519,14:34:18,1525.8101,3,2
2026-02-09,600519,14:34:24,1525.8199,10,2
2026-02-09,600519,14:34:27,1525.8101,13,2
2026-02-09,600519,14:34:30,1525.8199,6,1
2026-02-09,600519,14:34:33,1525.8101,3,2
2026-02-09,600519,14:34:36,1525.7900,2,2
2026-02-09,600519,14:34:39,1525.7700,4,2
2026-02-09,600519,14:34:42,1525.5100,9,2
2026-02-09,600519,14:34:45,1525.7300,3,1
2026-02-09,600519,14:34:48,1525.4100,4,2
2026-02-09,600519,14:34:51,1525.4100,6,2
2026-02-09,600519,14:34:54,1525.3500,3,2
2026-02-09,600519,14:34:57,1525.0000,9,2
2026-02-09,600519,14:35:00,1525.3500,4,1
2026-02-09,600519,14:35:03,1525.0000,7,2
2026-02-09,600519,14:35:06,1525.3500,4,1
2026-02-09,600519,14:35:09,1525.0000,4,2
2026-02-09,600519,14:35:12,1525.0000,10,2
2026-02-09,600519,14:35:15,1524.9800,8,2
2026-02-09,600519,14:35:18,1524.9800,4,1
2026-02-09,600519,14:35:21,1525.0699,29,1
2026-02-09,600519,14:35:24,1524.9800,13,2
2026-02-09,600519,14:35:27,1525.5699,54,1
2026-02-09,600519,14:35:30,1525.8101,29,1
2026-02-09,600519,14:35:33,1525.7800,24,2
2026-02-09,600519,14:35:36,1525.6801,8,2
2026-02-09,600519,14:35:39,1525.6801,6,1
2026-02-09,600519,14:35:42,1525.6801,3,2
2026-02-09,600519,14:35:45,1525.8000,16,1
2026-02-09,600519,14:35:48,1525.6801,15,2
2026-02-09,600519,14:35:51,1525.4800,2,2
2026-02-09,600519,14:35:54,1525.5000,6,1
2026-02-09,600519,14:35:57,1525.5000,48,1
2026-02-09,600519,14:36:00,1525.8101,19,1
2026-02-09,600519,14:36:03,1525.8000,9,2
2026-02-09,600519,14:36:06,1525.8101,6,2
2026-02-09,600519,14:36:09,1525.9600,4,1
2026-02-09,600519,14:36:12,1525.7100,18,2
2026-02-09,600519,14:36:15,1525.6700,5,2
2026-02-09,600519,14:36:18,1525.6700,4,2
2026-02-09,600519,14:36:21,1525.8000,1,1
2026-02-09,600519,14:36:27,1525.5000,14,2
2026-02-09,600519,14:36:30,1525.4301,31,2
2026-02-09,600519,14:36:33,1525.5100,8,1
2026-02-09,600519,14:36:36,1525.7600,7,1
2026-02-09,600519,14:36:39,1525.5100,7,1
2026-02-09,600519,14:36:42,1525.7600,1,1
2026-02-09,600519,14:36:45,1525.7600,11,1
2026-02-09,600519,14:36:48,1525.7600,4,1
2026-02-09,600519,14:36:51,1525.8000,2,1
2026-02-09,600519,14:36:54,1525.6801,15,2
2026-02-09,600519,14:36:57,1525.8000,6,1
2026-02-09,600519,14:37:00,1525.8000,2,1
2026-02-09,600519,14:37:03,1525.5000,17,2
2026-02-09,600519,14:37:06,1525.1400,7,2
2026-02-09,600519,14:37:09,1525.5000,2,1
2026-02-09,600519,14:37:12,1525.5000,1,1
2026-02-09,600519,14:37:15,1525.1300,12,2
2026-02-09,600519,14:37:18,1525.5000,9,1
2026-02-09,600519,14:37:21,1525.5000,2,1
2026-02-09,600519,14:37:24,1525.1100,5,2
2026-02-09,600519,14:37:27,1525.0900,15,2
2026-02-09,600519,14:37:30,1525.0900,10,1
2026-02-09,600519,14:37:33,1525.0100,5,2
2026-02-09,600519,14:37:36,1525.0100,7,2
2026-02-09,600519,14:37:39,1525.3500,4,1
2026-02-09,600519,14:37:42,1524.9800,24,2
2026-02-09,600519,14:37:45,1525.0000,30,1
2026-02-09,600519,14:37:48,1525.0300,6,1
2026-02-09,600519,14:37:51,1525.0200,5,2
2026-02-09,600519,14:37:54,1525.4399,2,1
2026-02-09,600519,14:38:00,1525.4200,5,1
2026-02-09,600519,14:38:03,1526.9500,118,1
2026-02-09,600519,14:38:06,1527.6200,149,1
2026-02-09,600519,14:38:09,1527.4700,71,2
2026-02-09,600519,14:38:12,1528.0000,44,1
2026-02-09,600519,14:38:15,1528.0500,69,1
2026-02-09,600519,14:38:18,1527.3700,13,2
2026-02-09,600519,14:38:21,1528.0000,7,1
2026-02-09,600519,14:38:24,1527.0500,9,2
2026-02-09,600519,14:38:27,1526.9900,9,2
2026-02-09,600519,14:38:30,1527.9399,10,1
2026-02-09,600519,14:38:33,1527.4700,1,2
2026-02-09,600519,14:38:39,1528.0000,1,1
2026-02-09,600519,14:38:45,1527.1600,2,2
2026-02-09,600519,14:38:48,1526.8900,33,2
2026-02-09,600519,14:38:51,1526.8400,8,1
2026-02-09,600519,14:38:54,1526.8400,2,1
2026-02-09,600519,14:38:57,1526.8400,10,1
2026-02-09,600519,14:39:00,1527.1100,7,1
2026-02-09,600519,14:39:03,1526.8199,10,2
2026-02-09,600519,14:39:06,1527.0000,8,1
2026-02-09,600519,14:39:09,1526.8199,3,2
2026-02-09,600519,14:39:12,1526.8199,1,2
2026-02-09,600519,14:39:15,1526.9800,1,1
2026-02-09,600519,14:39:18,1527.0000,17,1
2026-02-09,600519,14:39:21,1526.8199,4,2
2026-02-09,600519,14:39:24,1526.8199,3,2
2026-02-09,600519,14:39:27,1526.8199,5,2
2026-02-09,600519,14:39:30,1526.8199,11,2
2026-02-09,600519,14:39:33,1527.0000,6,1
2026-02-09,600519,14:39:36,1526.9100,1,1
2026-02-09,600519,14:39:39,1527.0000,4,1
2026-02-09,600519,14:39:42,1527.1600,68,1
2026-02-09,600519,14:39:45,1527.1600,10,2
2026-02-09,600519,14:39:48,1527.1300,1,2
2026-02-09,600519,14:39:54,1527.3101,8,1
2026-02-09,600519,14:39:57,1527.1300,10,2
2026-02-09,600519,14:40:00,1527.1801,2,2
2026-02-09,600519,14:40:03,1527.1801,9,2
2026-02-09,600519,14:40:06,1527.3400,9,4
2026-02-09,600519,14:40:09,1527.7800,3,1
2026-02-09,600519,14:40:12,1527.3400,3,2
2026-02-09,600519,14:40:15,1527.5601,3,2
2026-02-09,600519,14:40:18,1527.9600,4,1
2026-02-09,600519,14:40:21,1527.6000,2,2
2026-02-09,600519,14:40:24,1527.5601,4,2
2026-02-09,600519,14:40:27,1527.9700,9,1
2026-02-09,600519,14:40:30,1527.9700,3,1
2026-02-09,600519,14:40:33,1527.9700,1,1
2026-02-09,600519,14:40:36,1527.5699,1,2
2026-02-09,600519,14:40:39,1527.9700,10,1
2026-02-09,600519,14:40:42,1527.9700,4,1
2026-02-09,600519,14:40:45,1527.9900,11,1
2026-02-09,600519,14:40:48,1527.9800,7,2
2026-02-09,600519,14:40:51,1528.0000,22,1
2026-02-09,600519,14:40:54,1528.0000,73,1
2026-02-09,600519,14:40:57,1528.0000,66,1
2026-02-09,600519,14:41:00,1528.2000,10,1
2026-02-09,600519,14:41:03,1528.4700,25,1
2026-02-09,600519,14:41:06,1528.5000,5,1
2026-02-09,600519,14:41:09,1528.5000,6,1
2026-02-09,600519,14:41:12,1528.5800,13,1
2026-02-09,600519,14:41:15,1528.6400,4,1
2026-02-09,600519,14:41:18,1528.6600,12,1
2026-02-09,600519,14:41:21,1528.7000,2,1
2026-02-09,600519,14:41:24,1528.7400,5,1
2026-02-09,600519,14:41:27,1528.7700,9,1
2026-02-09,600519,14:41:30,1528.8800,11,1
2026-02-09,600519,14:41:33,1528.9000,8,1
2026-02-09,600519,14:41:36,1528.9000,8,1
2026-02-09,600519,14:41:39,1528.9000,7,2
2026-02-09,600519,14:41:42,1528.9800,25,1
2026-02-09,600519,14:41:45,1529.0000,15,1
2026-02-09,600519,14:41:48,1529.0000,5,1
2026-02-09,600519,14:41:51,1529.0000,13,1
2026-02-09,600519,14:41:54,1529.0000,13,1
2026-02-09,600519,14:41:57,1529.0000,30,1
2026-02-09,600519,14:42:00,1529.0000,30,1
2026-02-09,600519,14:42:03,1529.0000,25,1
2026-02-09,600519,14:42:06,1528.9900,1,1
2026-02-09,600519,14:42:09,1528.9900,2,1
2026-02-09,600519,14:42:12,1529.0000,2,1
2026-02-09,600519,14:42:15,1529.0800,6,1
2026-02-09,600519,14:42:18,1529.0000,1,2
2026-02-09,600519,14:42:21,1528.9900,9,2
2026-02-09,600519,14:42:24,1528.9900,17,1
2026-02-09,600519,14:42:27,1528.7100,5,2
2026-02-09,600519,14:42:30,1528.7000,5,2
2026-02-09,600519,14:42:33,1528.9700,3,1
2026-02-09,600519,14:42:36,1528.9700,3,2
2026-02-09,600519,14:42:39,1528.9700,37,2
2026-02-09,600519,14:42:42,1528.9700,2,1
2026-02-09,600519,14:42:45,1528.9700,4,1
2026-02-09,600519,14:42:48,1528.9600,2,1
2026-02-09,600519,14:42:51,1528.6600,1,2
2026-02-09,600519,14:42:54,1528.9700,1,1
2026-02-09,600519,14:43:00,1528.9600,9,1
2026-02-09,600519,14:43:03,1528.6899,1,2
2026-02-09,600519,14:43:06,1528.6899,4,2
2026-02-09,600519,14:43:09,1528.9600,3,1
2026-02-09,600519,14:43:12,1528.7000,5,2
2026-02-09,600519,14:43:15,1527.9800,38,2
2026-02-09,600519,14:43:18,1528.1000,15,1
2026-02-09,600519,14:43:24,1527.8600,3,1
2026-02-09,600519,14:43:27,1527.8600,2,1
2026-02-09,600519,14:43:30,1527.5699,3,2
2026-02-09,600519,14:43:33,1527.9800,3,1
2026-02-09,600519,14:43:36,1527.8600,1,1
2026-02-09,600519,14:43:39,1527.8600,5,1
2026-02-09,600519,14:43:42,1527.7800,8,2
2026-02-09,600519,14:43:45,1527.5900,5,2
2026-02-09,600519,14:43:48,1527.3300,13,2
2026-02-09,600519,14:43:51,1526.9700,40,2
2026-02-09,600519,14:43:54,1527.0000,4,1
2026-02-09,600519,14:43:57,1526.9900,2,2
2026-02-09,600519,14:44:00,1527.0000,43,1
2026-02-09,600519,14:44:03,1526.9700,6,2
2026-02-09,600519,14:44:06,1527.0000,9,1
2026-02-09,600519,14:44:09,1527.0000,8,1
2026-02-09,600519,14:44:12,1526.9700,16,2
2026-02-09,600519,14:44:15,1526.9700,12,2
2026-02-09,600519,14:44:18,1526.9900,2,1
2026-02-09,600519,14:44:21,1526.9600,2,2
2026-02-09,600519,14:44:27,1526.9000,9,2
2026-02-09,600519,14:44:30,1526.9600,5,1
2026-02-09,600519,14:44:33,1526.8800,1,2
2026-02-09,600519,14:44:39,1526.8000,47,2
2026-02-09,600519,14:44:42,1526.8000,11,1
2026-02-09,600519,14:44:45,1526.8000,5,1
2026-02-09,600519,14:44:48,1526.7800,23,1
2026-02-09,600519,14:44:51,1526.7000,3,1
2026-02-09,600519,14:44:54,1526.5500,7,2
2026-02-09,600519,14:44:57,1526.5500,17,2
2026-02-09,600519,14:45:00,1525.2000,21,2
2026-02-09,600519,14:45:03,1526.5300,11,1
2026-02-09,600519,14:45:06,1525.2100,2,2
2026-02-09,600519,14:45:09,1526.3300,6,1
2026-02-09,600519,14:45:12,1526.5000,22,1
2026-02-09,600519,14:45:15,1526.5500,19,1
2026-02-09,600519,14:45:21,1526.5000,2,2
2026-02-09,600519,14:45:24,1526.5400,3,1
2026-02-09,600519,14:45:30,1526.7200,2,1
2026-02-09,600519,14:45:33,1526.6600,47,1
2026-02-09,600519,14:45:36,1526.8900,8,1
2026-02-09,600519,14:45:39,1526.8300,16,2
2026-02-09,600519,14:45:42,1526.9700,1,1
2026-02-09,600519,14:45:45,1526.8900,4,2
2026-02-09,600519,14:45:48,1526.9200,11,2
2026-02-09,600519,14:45:51,1527.0000,20,1
2026-02-09,600519,14:45:54,1526.9800,10,2
2026-02-09,600519,14:45:57,1527.3300,58,1
2026-02-09,600519,14:46:00,1527.3300,2,1
2026-02-09,600519,14:46:03,1527.6600,5,1
2026-02-09,600519,14:46:06,1527.6000,3,1
2026-02-09,600519,14:46:09,1527.6600,3,1
2026-02-09,600519,14:46:12,1527.6100,4,2
2026-02-09,600519,14:46:15,1527.9800,2,1
2026-02-09,600519,14:46:18,1527.9800,9,1
2026-02-09,600519,14:46:21,1527.9700,13,1
2026-02-09,600519,14:46:24,1527.8500,17,2
2026-02-09,600519,14:46:27,1527.8600,2,2
2026-02-09,600519,14:46:30,1527.9800,5,1
2026-02-09,600519,14:46:36,1527.6300,33,2
2026-02-09,600519,14:46:39,1527.6600,3,1
2026-02-09,600519,14:46:42,1527.3900,15,2
2026-02-09,600519,14:46:48,1527.0000,3,2
2026-02-09,600519,14:46:51,1527.0000,11,2
2026-02-09,600519,14:46:54,1527.1700,4,1
2026-02-09,600519,14:46:57,1527.0000,5,2
2026-02-09,600519,14:47:00,1527.1801,15,1
2026-02-09,600519,14:47:03,1527.0100,4,2
2026-02-09,600519,14:47:06,1527.1899,3,1
2026-02-09,600519,14:47:09,1527.0100,1,2
2026-02-09,600519,14:47:12,1527.1899,7,1
2026-02-09,600519,14:47:15,1527.1801,4,1
2026-02-09,600519,14:47:18,1527.1500,2,2
2026-02-09,600519,14:47:21,1527.1899,3,1
2026-02-09,600519,14:47:24,1527.1899,6,2
2026-02-09,600519,14:47:27,1527.3500,6,1
2026-02-09,600519,14:47:30,1527.5300,3,1
2026-02-09,600519,14:47:33,1527.3400,2,2
2026-02-09,600519,14:47:36,1527.5100,4,1
2026-02-09,600519,14:47:39,1527.1600,5,2
2026-02-09,600519,14:47:42,1527.2200,8,1
2026-02-09,600519,14:47:45,1527.1500,2,2
2026-02-09,600519,14:47:48,1527.2200,3,1
2026-02-09,600519,14:47:51,1527.1600,9,2
2026-02-09,600519,14:47:54,1527.1600,1,2
2026-02-09,600519,14:47:57,1527.1600,7,2
2026-02-09,600519,14:48:00,1527.1600,12,2
2026-02-09,600519,14:48:09,1527.1600,1,1
2026-02-09,600519,14:48:12,1527.0300,13,2
2026-02-09,600519,14:48:15,1526.9800,11,2
2026-02-09,600519,14:48:18,1526.9800,1,1
2026-02-09,600519,14:48:21,1526.9900,3,1
2026-02-09,600519,14:48:24,1526.7800,11,2
2026-02-09,600519,14:48:27,1526.6600,4,2
2026-02-09,600519,14:48:30,1526.6500,2,1
2026-02-09,600519,14:48:33,1526.6500,3,1
2026-02-09,600519,14:48:36,1526.6600,4,1
2026-02-09,600519,14:48:39,1526.6500,4,2
2026-02-09,600519,14:48:42,1526.6500,6,2
2026-02-09,600519,14:48:48,1526.6500,10,1
2026-02-09,600519,14:48:51,1526.6500,1,2
2026-02-09,600519,14:48:54,1526.6600,20,1
2026-02-09,600519,14:48:57,1526.7100,6,1
2026-02-09,600519,14:49:00,1526.6600,11,2
2026-02-09,600519,14:49:03,1526.6400,20,2
2026-02-09,600519,14:49:06,1526.6600,7,1
2026-02-09,600519,14:49:09,1526.6300,6,2
2026-02-09,600519,14:49:12,1526.6100,7,2
2026-02-09,600519,14:49:15,1526.5900,4,1
2026-02-09,600519,14:49:18,1526.6300,5,1
2026-02-09,600519,14:49:21,1526.6200,1,1
2026-02-09,600519,14:49:24,1526.5699,5,1
2026-02-09,600519,14:49:27,1526.5000,13,2
2026-02-09,600519,14:49:30,1526.2000,17,2
2026-02-09,600519,14:49:33,1526.0601,6,2
2026-02-09,600519,14:49:36,1525.8400,6,2
2026-02-09,600519,14:49:39,1525.2100,32,2
2026-02-09,600519,14:49:42,1526.0000,22,1
2026-02-09,600519,14:49:45,1525.8300,31,1
2026-02-09,600519,14:49:48,1525.0699,8,2
2026-02-09,600519,14:49:51,1525.0800,22,2
2026-02-09,600519,14:49:54,1525.0200,10,2
2026-02-09,600519,14:49:57,1525.0500,9,2
2026-02-09,600519,14:50:00,1525.0000,20,2
2026-02-09,600519,14:50:03,1525.1000,18,2
2026-02-09,600519,14:50:06,1525.1000,2,2
2026-02-09,600519,14:50:09,1525.9900,4,1
2026-02-09,600519,14:50:12,1526.0000,4,1
2026-02-09,600519,14:50:15,1525.9900,4,1
2026-02-09,600519,14:50:18,1525.9900,4,1
2026-02-09,600519,14:50:21,1525.0500,21,2
2026-02-09,600519,14:50:24,1525.9900,10,1
2026-02-09,600519,14:50:27,1525.9900,5,1
2026-02-09,600519,14:50:30,1526.0400,6,1
2026-02-09,600519,14:50:33,1526.0601,9,1
2026-02-09,600519,14:50:36,1526.0000,2,4
2026-02-09,600519,14:50:39,1526.0000,4,2
2026-02-09,600519,14:50:42,1525.9301,10,2
2026-02-09,600519,14:50:45,1525.9301,2,2
2026-02-09,600519,14:50:48,1525.9301,2,1
2026-02-09,600519,14:50:51,1525.8300,5,2
2026-02-09,600519,14:50:54,1526.0400,5,1
2026-02-09,600519,14:50:57,1526.0601,18,1
2026-02-09,600519,14:51:00,1525.8300,11,2
2026-02-09,600519,14:51:03,1525.7500,1,2
2026-02-09,600519,14:51:06,1526.0800,36,1
2026-02-09,600519,14:51:09,1525.7800,6,2
2026-02-09,600519,14:51:12,1525.9800,4,1
2026-02-09,600519,14:51:15,1525.6600,4,2
2026-02-09,600519,14:51:18,1525.5300,4,2
2026-02-09,600519,14:51:21,1525.4800,24,2
2026-02-09,600519,14:51:24,1525.4100,13,1
2026-02-09,600519,14:51:27,1525.1100,5,2
2026-02-09,600519,14:51:30,1525.4200,1,1
2026-02-09,600519,14:51:33,1525.4200,6,1
2026-02-09,600519,14:51:36,1525.5000,9,1
2026-02-09,600519,14:51:39,1525.4200,82,2
2026-02-09,600519,14:51:45,1525.0000,85,2
2026-02-09,600519,14:51:48,1524.6500,13,2
2026-02-09,600519,14:51:51,1524.9600,3,1
2026-02-09,600519,14:51:54,1524.6500,2,2
2026-02-09,600519,14:51:57,1524.6500,4,2
2026-02-09,600519,14:52:00,1524.6500,36,2
2026-02-09,600519,14:52:03,1524.9500,10,1
2026-02-09,600519,14:52:06,1524.9600,10,1
2026-02-09,600519,14:52:09,1524.6400,26,2
2026-02-09,600519,14:52:12,1524.9500,4,1
2026-02-09,600519,14:52:15,1524.9500,8,1
2026-02-09,600519,14:52:18,1524.8900,5,1
2026-02-09,600519,14:52:21,1524.6400,22,2
2026-02-09,600519,14:52:24,1524.6400,6,2
2026-02-09,600519,14:52:27,1524.6400,13,1
2026-02-09,600519,14:52:30,1524.9500,4,1
2026-02-09,600519,14:52:33,1524.9500,13,1
2026-02-09,600519,14:52:36,1524.9500,2,2
2026-02-09,600519,14:52:39,1524.9500,3,2
2026-02-09,600519,14:52:42,1525.0601,24,1
2026-02-09,600519,14:52:45,1525.0000,15,2
2026-02-09,600519,14:52:48,1524.9500,6,2
2026-02-09,600519,14:52:51,1524.9500,12,2
2026-02-09,600519,14:52:54,1524.9800,30,1
2026-02-09,600519,14:52:57,1524.8400,9,2
2026-02-09,600519,14:53:00,1524.6500,4,2
2026-02-09,600519,14:53:03,1524.9800,8,1
2026-02-09,600519,14:53:06,1524.9500,3,1
2026-02-09,600519,14:53:09,1524.7300,2,1
2026-02-09,600519,14:53:12,1524.8400,4,2
2026-02-09,600519,14:53:15,1525.0000,30,1
2026-02-09,600519,14:53:18,1525.0000,3,1
2026-02-09,600519,14:53:21,1524.7400,6,2
2026-02-09,600519,14:53:24,1525.0000,1,1
2026-02-09,600519,14:53:27,1524.6500,10,2
2026-02-09,600519,14:53:30,1525.0000,28,1
2026-02-09,600519,14:53:33,1524.9399,6,1
2026-02-09,600519,14:53:36,1524.7700,2,2
2026-02-09,600519,14:53:39,1524.6600,7,2
2026-02-09,600519,14:53:42,1524.9500,9,1
2026-02-09,600519,14:53:45,1524.6500,9,2
2026-02-09,600519,14:53:48,1524.9500,6,2
2026-02-09,600519,14:53:51,1525.0000,27,1
2026-02-09,600519,14:53:54,1524.8600,10,2
2026-02-09,600519,14:53:57,1525.0200,22,1
2026-02-09,600519,14:54:00,1525.0200,14,2
2026-02-09,600519,14:54:03,1525.0000,13,2
2026-02-09,600519,14:54:06,1525.3400,5,1
2026-02-09,600519,14:54:09,1525.1600,8,2
2026-02-09,600519,14:54:12,1525.0699,7,2
2026-02-09,600519,14:54:15,1525.2100,4,1
2026-02-09,600519,14:54:18,1524.9800,42,2
2026-02-09,600519,14:54:21,1525.0000,13,1
2026-02-09,600519,14:54:24,1524.9800,27,1
2026-02-09,600519,14:54:27,1525.0200,17,1
2026-02-09,600519,14:54:30,1524.6600,5,2
2026-02-09,600519,14:54:33,1524.5400,21,2
2026-02-09,600519,14:54:36,1524.1300,14,2
2026-02-09,600519,14:54:39,1524.3900,5,1
2026-02-09,600519,14:54:42,1524.0000,10,2
2026-02-09,600519,14:54:45,1524.3900,41,1
2026-02-09,600519,14:54:48,1524.0000,8,2
2026-02-09,600519,14:54:51,1524.6500,10,1
2026-02-09,600519,14:54:54,1524.0000,9,2
2026-02-09,600519,14:54:57,1524.0000,1,2
2026-02-09,600519,14:55:00,1524.6000,4,1
2026-02-09,600519,14:55:03,1524.6500,5,1
2026-02-09,600519,14:55:06,1524.0000,7,2
2026-02-09,600519,14:55:09,1524.6000,6,2
2026-02-09,600519,14:55:12,1524.3600,1,2
2026-02-09,600519,14:55:15,1524.0000,8,2
2026-02-09,600519,14:55:18,1524.1600,12,1
2026-02-09,600519,14:55:21,1524.6000,8,1
2026-02-09,600519,14:55:24,1524.5900,5,1
2026-02-09,600519,14:55:27,1524.7700,16,1
2026-02-09,600519,14:55:30,1524.0100,46,2
2026-02-09,600519,14:55:33,1524.5900,4,1
2026-02-09,600519,14:55:36,1524.0200,18,2
2026-02-09,600519,14:55:42,1524.9500,27,1
2026-02-09,600519,14:55:45,1524.9900,4,1
2026-02-09,600519,14:55:48,1525.0000,25,1
2026-02-09,600519,14:55:51,1525.0000,21,1
2026-02-09,600519,14:55:54,1525.0000,19,1
2026-02-09,600519,14:55:57,1524.9900,10,1
2026-02-09,600519,14:56:00,1524.9900,12,1
2026-02-09,600519,14:56:03,1524.9900,13,1
2026-02-09,600519,14:56:06,1524.9900,8,1
2026-02-09,600519,14:56:09,1524.9900,9,1
2026-02-09,600519,14:56:12,1524.1100,5,2
2026-02-09,600519,14:56:15,1524.5000,11,1
2026-02-09,600519,14:56:18,1524.1899,6,2
2026-02-09,600519,14:56:21,1524.8500,2,1
2026-02-09,600519,14:56:24,1524.0000,27,2
2026-02-09,600519,14:56:27,1524.0100,5,2
2026-02-09,600519,14:56:30,1524.9800,4,1
2026-02-09,600519,14:56:33,1524.8900,10,1
2026-02-09,600519,14:56:36,1524.0200,13,2
2026-02-09,600519,14:56:39,1524.8900,12,1
2026-02-09,600519,14:56:42,1524.8500,5,1
2026-02-09,600519,14:56:45,1524.0100,20,2
2026-02-09,600519,14:56:48,1524.8800,22,1
2026-02-09,600519,14:56:51,1524.8800,3,2
2026-02-09,600519,14:56:54,1524.9600,5,1
2026-02-09,600519,14:56:57,1524.9600,2,2
2026-02-09,600519,14:57:00,1524.9600,2,1
2026-02-09,600519,15:00:04,1524.9600,379,4
2026-02-09,600519,13:08:51,1519.9700,9,1
2026-02-09,600519,13:08:54,1519.9700,1,1
2026-02-09,600519,13:08:57,1519.3300,16,2
2026-02-09,600519,13:09:00,1519.0400,12,2
2026-02-09,600519,13:09:03,1518.8500,34,2
2026-02-09,600519,13:09:06,1518.8800,2,1
2026-02-09,600519,13:09:12,1518.1500,3,2
2026-02-09,600519,13:09:15,1518.1500,2,2
2026-02-09,600519,13:09:18,1518.1500,2,2
2026-02-09,600519,13:09:21,1518.1600,1,2
2026-02-09,600519,13:09:24,1518.2400,2,2
2026-02-09,600519,13:09:27,1518.1600,6,2
2026-02-09,600519,13:09:30,1518.8700,7,1
2026-02-09,600519,13:09:33,1518.1600,3,2
2026-02-09,600519,13:09:39,1518.2300,4,1
2026-02-09,600519,13:09:42,1518.2300,3,1
2026-02-09,600519,13:09:45,1518.2300,5,1
2026-02-09,600519,13:09:48,1518.2400,2,2
2026-02-09,600519,13:09:51,1518.2300,2,2
2026-02-09,600519,13:09:54,1518.5000,7,1
2026-02-09,600519,13:09:57,1518.8700,6,1
2026-02-09,600519,13:10:00,1518.8700,1,1
2026-02-09,600519,13:10:03,1518.8800,7,1
2026-02-09,600519,13:10:06,1518.8800,5,1
2026-02-09,600519,13:10:09,1518.9800,5,1
2026-02-09,600519,13:10:12,1519.2400,1,1
2026-02-09,600519,13:10:18,1519.5200,2,1
2026-02-09,600519,13:10:24,1519.5400,7,1
2026-02-09,600519,13:10:27,1519.5200,5,2
2026-02-09,600519,13:10:30,1519.9000,2,1
2026-02-09,600519,13:10:33,1519.9000,23,1
2026-02-09,600519,13:10:36,1519.9000,4,1
2026-02-09,600519,13:10:39,1519.7000,7,2
2026-02-09,600519,13:10:42,1520.0000,15,1
2026-02-09,600519,13:10:45,1519.7000,5,2
2026-02-09,600519,13:10:48,1519.6000,4,2
2026-02-09,600519,13:10:51,1519.2400,10,2
2026-02-09,600519,13:10:54,1519.6100,10,1
2026-02-09,600519,13:10:57,1518.8101,5,2
2026-02-09,600519,13:11:00,1519.6100,8,1
2026-02-09,600519,13:11:03,1519.3199,7,1
2026-02-09,600519,13:11:12,1519.0000,6,2
2026-02-09,600519,13:11:15,1519.6899,1,1
2026-02-09,600519,13:11:18,1519.0000,1,2
2026-02-09,600519,13:11:21,1519.6200,14,1
2026-02-09,600519,13:11:24,1519.6899,3,1
2026-02-09,600519,13:11:27,1519.8199,5,1
2026-02-09,600519,13:11:30,1519.8199,2,1
2026-02-09,600519,13:11:36,1519.6899,4,2
2026-02-09,600519,13:11:39,1520.0000,10,1
2026-02-09,600519,13:11:42,1520.3101,12,1
2026-02-09,600519,13:11:45,1520.3101,1,1
2026-02-09,600519,13:11:48,1520.3101,5,1
2026-02-09,600519,13:11:51,1520.3101,5,1
2026-02-09,600519,13:11:54,1520.3101,4,1
2026-02-09,600519,13:11:57,1520.3101,4,2
2026-02-09,600519,13:12:00,1520.7000,5,1
2026-02-09,600519,13:12:03,1520.6899,3,1
2026-02-09,600519,13:12:06,1520.6899,3,1
2026-02-09,600519,13:12:09,1520.7000,2,1
2026-02-09,600519,13:12:12,1520.7000,1,1
2026-02-09,600519,13:12:15,1520.7000,2,1
2026-02-09,600519,13:12:18,1520.7000,1,1
2026-02-09,600519,13:12:21,1520.7400,10,1
2026-02-09,600519,13:12:24,1520.7100,6,2
2026-02-09,600519,13:12:27,1520.7000,9,2
2026-02-09,600519,13:12:30,1520.7100,10,1
2026-02-09,600519,13:12:33,1520.6801,5,1
2026-02-09,600519,13:12:36,1520.6100,4,2
2026-02-09,600519,13:12:39,1520.5601,5,2
2026-02-09,600519,13:12:42,1520.3500,7,2
2026-02-09,600519,13:12:45,1520.3199,8,2
2026-02-09,600519,13:12:48,1520.3400,16,2
2026-02-09,600519,13:12:51,1520.2400,3,1
2026-02-09,600519,13:12:54,1520.3400,6,1
2026-02-09,600519,13:12:57,1520.2800,1,1
2026-02-09,600519,13:13:00,1520.3300,7,1
2026-02-09,600519,13:13:03,1520.3400,2,1
2026-02-09,600519,13:13:09,1520.3300,1,2
2026-02-09,600519,13:13:12,1520.3300,7,2
2026-02-09,600519,13:13:15,1520.3400,4,1
2026-02-09,600519,13:13:18,1520.3900,7,1
2026-02-09,600519,13:13:27,1520.3600,12,2
2026-02-09,600519,13:13:30,1520.3900,6,2
2026-02-09,600519,13:13:33,1520.3900,4,1
2026-02-09,600519,13:13:36,1520.3700,1,2
2026-02-09,600519,13:13:39,1520.4500,5,1
2026-02-09,600519,13:13:42,1520.3600,1,2
2026-02-09,600519,13:13:45,1520.4500,3,1
2026-02-09,600519,13:13:48,1520.3800,1,2
2026-02-09,600519,13:13:51,1520.4500,1,1
2026-02-09,600519,13:13:54,1520.4399,3,1
2026-02-09,600519,13:13:57,1520.4500,10,1
2026-02-09,600519,13:14:00,1520.4500,5,1
2026-02-09,600519,13:14:06,1520.4399,1,1
2026-02-09,600519,13:14:09,1520.4500,2,1
2026-02-09,600519,13:14:12,1520.3800,1,2
2026-02-09,600519,13:14:18,1520.4399,3,1
2026-02-09,600519,13:14:21,1520.4399,2,1
2026-02-09,600519,13:14:24,1520.4399,3,1
2026-02-09,600519,13:14:27,1520.4399,3,2
2026-02-09,600519,13:14:30,1520.4500,8,1
2026-02-09,600519,13:14:33,1520.4500,3,1
2026-02-09,600519,13:14:36,1520.4900,2,1
2026-02-09,600519,13:14:39,1520.3800,14,2
2026-02-09,600519,13:14:42,1520.4301,3,1
2026-02-09,600519,13:14:45,1520.3600,2,2
2026-02-09,600519,13:14:48,1520.4900,6,1
2026-02-09,600519,13:14:51,1520.5000,5,1
2026-02-09,600519,13:14:54,1520.5900,10,1
2026-02-09,600519,13:14:57,1520.5200,5,2
2026-02-09,600519,13:15:00,1520.6500,2,1
2026-02-09,600519,13:15:03,1520.6100,1,2
2026-02-09,600519,13:15:06,1520.7000,4,1
2026-02-09,600519,13:15:09,1520.7000,5,1
2026-02-09,600519,13:15:12,1520.7100,1,1
2026-02-09,600519,13:15:15,1520.7400,4,1
2026-02-09,600519,13:15:18,1520.7600,3,1
2026-02-09,600519,13:15:21,1520.7300,4,2
2026-02-09,600519,13:15:24,1520.7300,5,1
2026-02-09,600519,13:15:27,1520.7400,5,2
2026-02-09,600519,13:15:30,1520.7500,2,2
2026-02-09,600519,13:15:33,1520.8700,1,1
2026-02-09,600519,13:15:36,1520.8600,1,1
2026-02-09,600519,13:15:39,1520.9800,36,1
2026-02-09,600519,13:15:42,1521.0000,22,1
2026-02-09,600519,13:15:45,1521.3500,14,1
2026-02-09,600519,13:15:48,1521.4200,1,1
2026-02-09,600519,13:15:51,1521.5000,10,1
2026-02-09,600519,13:15:54,1521.9900,4,1
2026-02-09,600519,13:15:57,1522.0000,11,1
2026-02-09,600519,13:16:00,1521.9900,9,1
2026-02-09,600519,13:16:03,1522.1300,4,4
2026-02-09,600519,13:16:06,1522.2600,2,1
2026-02-09,600519,13:16:09,1522.2200,4,1
2026-02-09,600519,13:16:12,1522.5000,1,1
2026-02-09,600519,13:16:15,1522.6600,5,1
2026-02-09,600519,13:16:18,1522.6600,2,1
2026-02-09,600519,13:16:21,1522.6600,1,2
2026-02-09,600519,13:16:24,1522.6700,2,2
2026-02-09,600519,13:16:27,1522.6899,11,2
2026-02-09,600519,13:16:30,1522.9000,5,1
2026-02-09,600519,13:16:33,1522.8101,7,2
2026-02-09,600519,13:16:36,1522.8000,21,2
2026-02-09,600519,13:16:39,1523.0400,5,1
2026-02-09,600519,13:16:42,1523.0500,3,1
2026-02-09,600519,13:16:45,1523.2300,3,1
2026-02-09,600519,13:16:48,1523.2300,2,1
2026-02-09,600519,13:16:51,1523.5000,4,1
2026-02-09,600519,13:16:54,1523.3600,1,1
2026-02-09,600519,13:16:57,1523.2000,5,2
2026-02-09,600519,13:17:00,1523.5000,3,1
2026-02-09,600519,13:17:03,1523.2300,4,2
2026-02-09,600519,13:17:06,1523.5000,8,1
2026-02-09,600519,13:17:09,1523.5000,3,1
2026-02-09,600519,13:17:12,1523.5601,2,1
2026-02-09,600519,13:17:15,1523.9399,4,1
2026-02-09,600519,13:17:18,1523.5100,12,2
2026-02-09,600519,13:17:21,1523.5100,8,1
2026-02-09,600519,13:17:24,1523.9100,5,1
2026-02-09,600519,13:17:27,1524.1100,3,1
2026-02-09,600519,13:17:30,1524.1100,1,1
2026-02-09,600519,13:17:33,1523.9200,8,2
2026-02-09,600519,13:17:36,1524.0100,4,2
2026-02-09,600519,13:17:39,1524.0100,5,2
2026-02-09,600519,13:17:42,1523.7800,19,2
2026-02-09,600519,13:17:45,1522.8300,22,2
2026-02-09,600519,13:17:48,1522.8101,11,2
2026-02-09,600519,13:17:51,1522.8300,2,1
2026-02-09,600519,13:17:54,1523.0000,2,1
2026-02-09,600519,13:17:57,1522.2200,4,2
2026-02-09,600519,13:18:00,1522.2300,6,1
2026-02-09,600519,13:18:03,1522.5300,2,1
2026-02-09,600519,13:18:06,1522.2300,1,2
2026-02-09,600519,13:18:09,1523.0000,11,1
2026-02-09,600519,13:18:12,1523.1700,6,1
2026-02-09,600519,13:18:15,1523.5200,1,1
2026-02-09,600519,13:18:18,1523.7800,2,1
2026-02-09,600519,13:18:21,1523.7800,2,1
2026-02-09,600519,13:18:24,1523.7800,3,1
2026-02-09,600519,13:18:27,1523.1899,9,2
2026-02-09,600519,13:18:30,1523.9000,2,1
2026-02-09,600519,13:18:33,1523.2200,1,2
2026-02-09,600519,13:18:36,1524.0000,4,1
2026-02-09,600519,13:18:39,1523.5601,2,2
2026-02-09,600519,13:18:42,1524.0000,11,1
2026-02-09,600519,13:18:45,1524.0000,2,1
2026-02-09,600519,13:18:48,1523.9900,4,1
2026-02-09,600519,13:18:51,1524.0000,12,1
2026-02-09,600519,13:18:54,1523.9000,9,2
2026-02-09,600519,13:18:57,1524.0000,4,1
2026-02-09,600519,13:19:00,1523.9100,13,2
2026-02-09,600519,13:19:03,1523.9200,10,2
2026-02-09,600519,13:19:09,1523.1700,19,2
2026-02-09,600519,13:19:12,1523.0699,8,2
2026-02-09,600519,13:19:15,1523.0000,35,2
2026-02-09,600519,13:19:18,1523.0699,3,2
2026-02-09,600519,13:19:21,1523.0800,4,1
2026-02-09,600519,13:19:24,1523.0601,1,1
2026-02-09,600519,13:19:27,1522.0200,9,2
2026-02-09,600519,13:19:30,1522.0200,4,1
2026-02-09,600519,13:19:33,1522.0000,7,2
2026-02-09,600519,13:19:36,1521.8500,1,2
2026-02-09,600519,13:19:39,1521.8500,8,2
2026-02-09,600519,13:19:42,1521.8700,1,2
2026-02-09,600519,13:19:45,1522.0300,11,1
2026-02-09,600519,13:19:48,1522.0300,8,2
2026-02-09,600519,13:19:51,1522.7900,7,1
2026-02-09,600519,13:19:54,1523.0000,3,1
2026-02-09,600519,13:19:57,1522.0800,6,2
2026-02-09,600519,13:20:00,1522.9800,4,1
2026-02-09,600519,13:20:03,1523.0000,2,1
2026-02-09,600519,13:20:09,1522.0800,1,2
2026-02-09,600519,13:20:12,1522.0699,4,2
2026-02-09,600519,13:20:15,1522.9800,2,1
2026-02-09,600519,13:20:18,1522.9800,1,1
2026-02-09,600519,13:20:21,1522.9600,4,1
2026-02-09,600519,13:20:24,1522.1000,2,2
2026-02-09,600519,13:20:27,1522.1000,2,2
2026-02-09,600519,13:20:30,1522.1100,2,2
2026-02-09,600519,13:20:33,1522.1100,1,2
2026-02-09,600519,13:20:36,1522.8300,7,1
2026-02-09,600519,13:20:39,1522.8300,6,1
2026-02-09,600519,13:20:42,1522.9600,4,1
2026-02-09,600519,13:20:45,1522.8101,2,1
2026-02-09,600519,13:20:48,1522.7200,6,1
2026-02-09,600519,13:20:51,1522.8000,1,1
2026-02-09,600519,13:20:54,1522.9900,6,1
2026-02-09,600519,13:20:57,1522.7300,6,2
2026-02-09,600519,13:21:03,1522.9700,6,2
2026-02-09,600519,13:21:06,1522.9800,2,4
2026-02-09,600519,13:21:09,1522.9900,10,1
2026-02-09,600519,13:21:12,1523.0000,20,1
2026-02-09,600519,13:21:15,1523.0300,16,1
2026-02-09,600519,13:21:18,1523.0699,3,1
2026-02-09,600519,13:21:21,1523.0699,4,1
2026-02-09,600519,13:21:24,1523.0699,2,1
2026-02-09,600519,13:21:27,1523.0699,4,2
2026-02-09,600519,13:21:30,1523.3800,2,1
2026-02-09,600519,13:21:33,1523.3900,4,1
2026-02-09,600519,13:21:36,1523.0800,2,2
2026-02-09,600519,13:21:42,1523.5400,7,1
2026-02-09,600519,13:21:45,1523.7800,1,1
2026-02-09,600519,13:21:48,1523.4200,4,2
2026-02-09,600519,13:21:51,1523.7800,3,1
2026-02-09,600519,13:21:54,1523.4200,16,2
2026-02-09,600519,13:21:57,1523.2900,12,2
2026-02-09,600519,13:22:00,1523.0699,15,2
2026-02-09,600519,13:22:03,1523.0100,14,2
2026-02-09,600519,13:22:06,1522.2100,46,2
2026-02-09,600519,13:22:09,1522.8700,10,1
2026-02-09,600519,13:22:12,1522.1300,3,2
2026-02-09,600519,13:22:15,1522.0601,3,2
2026-02-09,600519,13:22:18,1522.0699,3,2
2026-02-09,600519,13:22:21,1522.0200,18,2
2026-02-09,600519,13:22:24,1521.9700,19,2
2026-02-09,600519,13:22:27,1521.7700,12,2
2026-02-09,600519,13:22:30,1521.7700,7,2
2026-02-09,600519,13:22:36,1521.5100,13,2
2026-02-09,600519,13:22:39,1521.1100,1,2
2026-02-09,600519,13:22:42,1521.7500,2,1
2026-02-09,600519,13:22:45,1521.7700,2,1
2026-02-09,600519,13:22:51,1521.2100,5,2
2026-02-09,600519,13:22:57,1521.2100,18,2
2026-02-09,600519,13:23:00,1521.6600,3,1
2026-02-09,600519,13:23:03,1521.1100,2,2
2026-02-09,600519,13:23:06,1521.1100,2,2
2026-02-09,600519,13:23:09,1521.6100,3,1
2026-02-09,600519,13:23:12,1521.6100,1,1
2026-02-09,600519,13:23:15,1521.1100,10,2
2026-02-09,600519,13:23:18,1521.6100,2,1
2026-02-09,600519,13:23:21,1521.0200,4,2
2026-02-09,600519,13:23:24,1520.9399,2,2
2026-02-09,600519,13:23:27,1520.9200,1,2
2026-02-09,600519,13:23:30,1521.5699,2,1
2026-02-09,600519,13:23:36,1520.9600,1,2
2026-02-09,600519,13:23:39,1520.9900,4,1
2026-02-09,600519,13:23:42,1520.9500,2,2
2026-02-09,600519,13:23:45,1520.9500,3,2
2026-02-09,600519,13:23:48,1520.9200,4,2
2026-02-09,600519,13:23:51,1520.9200,1,2
2026-02-09,600519,13:23:54,1520.9600,1,1
2026-02-09,600519,13:23:57,1520.9200,6,2
2026-02-09,600519,13:24:00,1520.9399,5,1
2026-02-09,600519,13:24:03,1520.9399,10,1
2026-02-09,600519,13:24:06,1520.9399,2,1
2026-02-09,600519,13:24:09,1520.9800,17,1
2026-02-09,600519,13:24:12,1521.0400,21,1
2026-02-09,600519,13:24:15,1521.1200,2,1
2026-02-09,600519,13:24:18,1521.0400,7,2
2026-02-09,600519,13:24:21,1521.2000,1,1
2026-02-09,600519,13:24:24,1521.2000,2,1
2026-02-09,600519,13:24:27,1521.1899,5,4
2026-02-09,600519,13:24:30,1521.0601,7,2
2026-02-09,600519,13:24:33,1521.0699,1,2
2026-02-09,600519,13:24:36,1521.0900,3,2
2026-02-09,600519,13:24:39,1521.2000,6,1
2026-02-09,600519,13:24:42,1521.0800,3,2
2026-02-09,600519,13:24:45,1521.2600,5,1
2026-02-09,600519,13:24:48,1521.0800,6,2
2026-02-09,600519,13:24:51,1521.0800,6,1
2026-02-09,600519,13:24:54,1521.0601,4,2
2026-02-09,600519,13:24:57,1521.0699,8,4
2026-02-09,600519,13:25:00,1521.0699,4,2
2026-02-09,600519,13:25:03,1521.0699,3,2
2026-02-09,600519,13:25:06,1521.0601,6,2
2026-02-09,600519,13:25:09,1521.2000,6,1
2026-02-09,600519,13:25:12,1521.0601,6,1
2026-02-09,600519,13:25:15,1521.2000,20,1
2026-02-09,600519,13:25:18,1521.2100,11,2
2026-02-09,600519,13:25:21,1521.2000,6,2
2026-02-09,600519,13:25:24,1521.2100,9,2
2026-02-09,600519,13:25:27,1521.2600,7,1
2026-02-09,600519,13:25:30,1521.2600,6,1
2026-02-09,600519,13:25:33,1521.2100,4,2
2026-02-09,600519,13:25:36,1521.2600,1,2
2026-02-09,600519,13:25:39,1521.1300,1,2
2026-02-09,600519,13:25:42,1521.1100,2,2
2026-02-09,600519,13:25:48,1521.1100,1,2
2026-02-09,600519,13:25:54,1521.1100,3,2
2026-02-09,600519,13:25:57,1521.1100,3,2
2026-02-09,600519,13:26:00,1521.1100,6,2
2026-02-09,600519,13:26:03,1521.0000,23,2
2026-02-09,600519,13:26:06,1520.9800,10,2
2026-02-09,600519,13:26:09,1520.8600,6,2
2026-02-09,600519,13:26:12,1520.7500,7,2
2026-02-09,600519,13:26:15,1520.5100,8,2
2026-02-09,600519,13:26:18,1520.1000,3,2
2026-02-09,600519,13:26:21,1520.0800,4,2
2026-02-09,600519,13:26:24,1520.0800,6,2
2026-02-09,600519,13:26:27,1520.1000,4,1
2026-02-09,600519,13:26:30,1520.0200,6,2
2026-02-09,600519,13:26:33,1520.0100,6,4
2026-02-09,600519,13:26:36,1520.0000,8,2
2026-02-09,600519,13:26:39,1519.9800,11,2
2026-02-09,600519,13:26:42,1519.9600,5,2
2026-02-09,600519,13:26:45,1518.8500,7,2
2026-02-09,600519,13:26:48,1518.8500,10,2
2026-02-09,600519,13:26:51,1518.8500,8,2
2026-02-09,600519,13:26:54,1519.9600,5,1
2026-02-09,600519,13:26:57,1519.9600,6,1
2026-02-09,600519,13:27:00,1518.8500,1,2
2026-02-09,600519,13:27:03,1518.8600,2,2
2026-02-09,600519,13:27:06,1519.0400,1,2
2026-02-09,600519,13:27:09,1519.0400,2,2
2026-02-09,600519,13:27:12,1519.9100,1,1
2026-02-09,600519,13:27:15,1519.0400,1,2
2026-02-09,600519,13:27:18,1519.0400,5,2
2026-02-09,600519,13:27:21,1519.1100,4,2
2026-02-09,600519,13:27:24,1519.9301,15,1
2026-02-09,600519,13:27:27,1520.0000,57,1
2026-02-09,600519,13:27:30,1520.5100,4,1
2026-02-09,600519,13:27:33,1520.0200,7,2
2026-02-09,600519,13:27:36,1520.8600,3,1
2026-02-09,600519,13:27:39,1520.0300,13,2
2026-02-09,600519,13:27:42,1521.1100,1,1
2026-02-09,600519,13:27:45,1521.1100,6,1
2026-02-09,600519,13:27:48,1521.1100,1,1
2026-02-09,600519,13:27:51,1521.1100,2,1
2026-02-09,600519,13:27:54,1520.8600,5,2
2026-02-09,600519,13:27:57,1521.1200,1,2
2026-02-09,600519,13:28:00,1521.3101,3,1
2026-02-09,600519,13:28:03,1521.1200,2,2
2026-02-09,600519,13:28:06,1521.1100,7,2
2026-02-09,600519,13:28:09,1521.0200,6,2
2026-02-09,600519,13:28:12,1521.2800,1,1
2026-02-09,600519,13:28:15,1520.8600,5,2
2026-02-09,600519,13:28:18,1521.0601,2,2
2026-02-09,600519,13:28:27,1521.0100,1,2
2026-02-09,600519,13:28:30,1521.0601,3,1
2026-02-09,600519,13:28:33,1521.0500,5,1
2026-02-09,600519,13:28:36,1521.0601,4,1
2026-02-09,600519,13:28:42,1521.0100,1,2
2026-02-09,600519,13:28:45,1521.0100,12,2
2026-02-09,600519,13:28:48,1521.0100,1,1
2026-02-09,600519,13:28:51,1521.0100,1,1
2026-02-09,600519,13:28:54,1520.9500,4,2
2026-02-09,600519,13:28:57,1520.9399,3,2
2026-02-09,600519,13:29:00,1521.0000,2,1
2026-02-09,600519,13:29:03,1520.9900,2,1
2026-02-09,600519,13:29:06,1520.9200,5,2
2026-02-09,600519,13:29:09,1520.7900,6,2
2026-02-09,600519,13:29:12,1520.8500,3,1
2026-02-09,600519,13:29:15,1520.6200,3,2
2026-02-09,600519,13:29:18,1520.0100,2,2
2026-02-09,600519,13:29:24,1520.7900,13,1
2026-02-09,600519,13:29:27,1520.6200,2,1
2026-02-09,600519,13:29:30,1520.6200,7,1
2026-02-09,600519,13:29:33,1520.3000,6,2
2026-02-09,600519,13:29:36,1520.6000,10,1
2026-02-09,600519,13:29:39,1520.6000,3,2
2026-02-09,600519,13:29:42,1520.6000,5,2
2026-02-09,600519,13:29:45,1520.6000,24,2
2026-02-09,600519,13:29:48,1521.0000,4,1
2026-02-09,600519,13:29:54,1520.7900,2,2
2026-02-09,600519,13:29:57,1520.7900,3,2
2026-02-09,600519,13:30:00,1520.9900,6,1
2026-02-09,600519,13:30:03,1521.0000,3,1
2026-02-09,600519,13:30:09,1520.8600,4,2
2026-02-09,600519,13:30:15,1520.8700,2,2
2026-02-09,600519,13:30:18,1521.0000,30,1
2026-02-09,600519,13:30:21,1521.1000,31,1
2026-02-09,600519,13:30:24,1521.3000,13,1
2026-02-09,600519,13:30:27,1521.4500,8,1
2026-02-09,600519,13:30:30,1521.5000,1,1
2026-02-09,600519,13:30:33,1521.5000,2,1
2026-02-09,600519,13:30:39,1521.5000,6,1
2026-02-09,600519,13:30:42,1521.5100,3,1
2026-02-09,600519,13:30:51,1521.5100,1,2
2026-02-09,600519,13:30:54,1521.5200,4,2
2026-02-09,600519,13:30:57,1521.6600,3,1
2026-02-09,600519,13:31:00,1521.6600,6,1
2026-02-09,600519,13:31:03,1521.6500,1,1
2026-02-09,600519,13:31:06,1521.5800,1,2
2026-02-09,600519,13:31:09,1521.5800,1,2
2026-02-09,600519,13:31:12,1521.5800,2,2
2026-02-09,600519,13:31:15,1521.6600,5,1
2026-02-09,600519,13:31:18,1521.6600,16,1
2026-02-09,600519,13:31:21,1521.6600,7,2
2026-02-09,600519,13:31:24,1521.6600,12,1
2026-02-09,600519,13:31:27,1521.6500,6,2
2026-02-09,600519,13:31:36,1521.6600,31,1
2026-02-09,600519,13:31:39,1521.1000,6,2
2026-02-09,600519,13:31:42,1521.6500,1,1
2026-02-09,600519,13:31:48,1521.6600,2,1
2026-02-09,600519,13:31:51,1521.6600,3,1
2026-02-09,600519,13:31:54,1521.6000,1,1
2026-02-09,600519,13:31:57,1521.6000,3,1
2026-02-09,600519,13:32:00,1521.6100,4,1
2026-02-09,600519,13:32:03,1521.6500,3,1
2026-02-09,600519,13:32:12,1521.6200,1,2
2026-02-09,600519,13:32:15,1521.6500,1,1
2026-02-09,600519,13:32:21,1521.6500,4,1
2026-02-09,600519,13:32:24,1521.6300,4,2
2026-02-09,600519,13:32:27,1521.6300,2,2
2026-02-09,600519,13:32:30,1521.6300,2,2
2026-02-09,600519,13:32:33,1521.6400,7,1
2026-02-09,600519,13:32:36,1521.6500,4,1
2026-02-09,600519,13:32:39,1521.6500,7,1
2026-02-09,600519,13:32:42,1521.6400,3,2
2026-02-09,600519,13:32:48,1521.6400,7,2
2026-02-09,600519,13:32:51,1521.6400,2,2
2026-02-09,600519,13:32:54,1521.6400,1,2
2026-02-09,600519,13:33:00,1521.6400,5,2
2026-02-09,600519,13:33:03,1521.6500,1,1
2026-02-09,600519,13:33:06,1521.6400,11,2
2026-02-09,600519,13:33:09,1521.6400,14,2
2026-02-09,600519,13:33:12,1521.6400,3,1
2026-02-09,600519,13:33:15,1521.6300,7,2
2026-02-09,600519,13:33:18,1521.6400,3,1
2026-02-09,600519,13:33:21,1521.6400,6,1
2026-02-09,600519,13:33:24,1521.6400,1,1
2026-02-09,600519,13:33:27,1521.6300,2,2
2026-02-09,600519,13:33:30,1521.6300,18,2
2026-02-09,600519,13:33:33,1521.6300,15,1
2026-02-09,600519,13:33:36,1521.5100,6,2
2026-02-09,600519,13:33:39,1521.1100,27,2
2026-02-09,600519,13:33:42,1521.6500,9,1
2026-02-09,600519,13:33:45,1521.6400,3,1
2026-02-09,600519,13:33:48,1521.6500,1,1
2026-02-09,600519,13:33:51,1521.1200,2,2
2026-02-09,600519,13:33:54,1521.6500,9,1
2026-02-09,600519,13:33:57,1522.0000,30,1
2026-02-09,600519,13:34:00,1522.0000,11,1
2026-02-09,600519,13:34:03,1521.9900,2,1
2026-02-09,600519,13:34:12,1521.7200,7,2
2026-02-09,600519,13:34:15,1521.6700,2,2
2026-02-09,600519,13:34:18,1521.6700,2,2
2026-02-09,600519,13:34:24,1521.6801,2,2
2026-02-09,600519,13:34:27,1521.7200,5,1
2026-02-09,600519,13:34:30,1521.7200,5,1
2026-02-09,600519,13:34:33,1521.7200,2,1
2026-02-09,600519,13:34:36,1521.7100,1,2
2026-02-09,600519,13:34:39,1521.7200,3,1
2026-02-09,600519,13:34:42,1521.7100,13,2
2026-02-09,600519,13:34:45,1521.7200,7,1
2026-02-09,600519,13:34:48,1521.7200,10,1
2026-02-09,600519,13:34:51,1521.7000,2,4
2026-02-09,600519,13:34:54,1521.7000,1,2
2026-02-09,600519,13:34:57,1521.7000,2,4
2026-02-09,600519,13:35:00,1521.7000,1,4
2026-02-09,600519,13:35:03,1521.6899,3,2
2026-02-09,600519,13:35:06,1521.7000,4,1
2026-02-09,600519,13:35:09,1521.6500,14,2
2026-02-09,600519,13:35:15,1521.6899,24,1
2026-02-09,600519,13:35:18,1521.6899,9,1
2026-02-09,600519,13:35:21,1521.6899,10,1
2026-02-09,600519,13:35:24,1521.7500,2,1
2026-02-09,600519,13:35:27,1521.7200,7,2
2026-02-09,600519,13:35:30,1521.7100,5,4
2026-02-09,600519,13:35:33,1521.9800,3,1
2026-02-09,600519,13:35:36,1521.7200,3,2
2026-02-09,600519,13:35:42,1521.9800,3,1
2026-02-09,600519,13:35:45,1521.7000,17,2
2026-02-09,600519,13:35:48,1521.9800,2,1
2026-02-09,600519,13:35:51,1521.7200,1,2
2026-02-09,600519,13:35:54,1521.9700,1,1
2026-02-09,600519,13:36:00,1521.7300,2,2
2026-02-09,600519,13:36:06,1521.9800,3,1
2026-02-09,600519,13:36:09,1521.9800,2,1
2026-02-09,600519,13:36:12,1521.9800,27,1
2026-02-09,600519,13:36:15,1521.9100,15,1
2026-02-09,600519,13:36:18,1521.9100,3,2
2026-02-09,600519,13:36:24,1521.9700,2,1
2026-02-09,600519,13:36:30,1521.9200,2,2
2026-02-09,600519,13:36:33,1521.9800,2,1
2026-02-09,600519,13:36:39,1521.9301,1,2
2026-02-09,600519,13:36:45,1521.9100,12,2
2026-02-09,600519,13:36:48,1521.9200,9,1
2026-02-09,600519,13:36:51,1521.9200,3,1
2026-02-09,600519,13:36:54,1521.9200,8,1
2026-02-09,600519,13:36:57,1521.9200,7,2
2026-02-09,600519,13:37:00,1521.9100,3,2
2026-02-09,600519,13:37:03,1521.9800,22,1
2026-02-09,600519,13:37:06,1522.0000,3,1
2026-02-09,600519,13:37:09,1522.2600,29,1
2026-02-09,600519,13:37:12,1522.0400,13,2
2026-02-09,600519,13:37:15,1522.3199,2,1
2026-02-09,600519,13:37:18,1522.4200,6,1
2026-02-09,600519,13:37:21,1522.3500,2,1
2026-02-09,600519,13:37:24,1522.5000,3,1
2026-02-09,600519,13:37:27,1522.3400,3,2
2026-02-09,600519,13:37:30,1522.6000,9,1
2026-02-09,600519,13:37:33,1522.6500,1,1
2026-02-09,600519,13:37:36,1522.6500,2,1
2026-02-09,600519,13:37:42,1522.6500,1,1
2026-02-09,600519,13:37:45,1522.6500,1,1
2026-02-09,600519,13:37:48,1522.5699,1,2
2026-02-09,600519,13:37:51,1522.6500,1,1
2026-02-09,600519,13:37:54,1522.5800,3,2
2026-02-09,600519,13:37:57,1522.6000,1,2
2026-02-09,600519,13:38:00,1522.5800,3,2
2026-02-09,600519,13:38:06,1522.5500,31,2
2026-02-09,600519,13:38:09,1522.6400,16,1
2026-02-09,600519,13:38:15,1522.5000,1,2
2026-02-09,600519,13:38:27,1522.5500,4,1
2026-02-09,600519,13:38:30,1522.5699,6,1
2026-02-09,600519,13:38:33,1522.5500,10,2
2026-02-09,600519,13:38:36,1522.5500,2,2
2026-02-09,600519,13:38:39,1522.5500,1,2
2026-02-09,600519,13:38:45,1522.5500,5,2
2026-02-09,600519,13:38:48,1522.5699,1,1
2026-02-09,600519,13:38:51,1522.5500,1,2
2026-02-09,600519,13:38:54,1522.5500,8,2
2026-02-09,600519,13:38:57,1522.5699,2,1
2026-02-09,600519,13:39:00,1522.5900,7,1
2026-02-09,600519,13:39:06,1522.6500,2,1
2026-02-09,600519,13:39:09,1522.8500,18,1
2026-02-09,600519,13:39:12,1522.9100,3,1
2026-02-09,600519,13:39:15,1522.9100,4,1
2026-02-09,600519,13:39:18,1523.0000,11,1
2026-02-09,600519,13:39:21,1522.9700,3,1
2026-02-09,600519,13:39:24,1522.9700,4,1
2026-02-09,600519,13:39:27,1522.9700,4,1
2026-02-09,600519,13:39:30,1522.9600,5,1
2026-02-09,600519,13:39:33,1522.9700,20,1
2026-02-09,600519,13:39:36,1523.0000,30,1
2026-02-09,600519,13:39:39,1523.0000,17,1
2026-02-09,600519,13:39:42,1523.2100,11,1
2026-02-09,600519,13:39:45,1523.1600,8,1
2026-02-09,600519,13:39:48,1523.8300,9,1
2026-02-09,600519,13:39:51,1523.8800,7,1
2026-02-09,600519,13:39:57,1523.8800,5,2
2026-02-09,600519,13:40:00,1523.8800,12,2
2026-02-09,600519,13:40:03,1523.9900,13,1
2026-02-09,600519,13:40:06,1523.9900,1,2
2026-02-09,600519,13:40:09,1524.0000,14,1
2026-02-09,600519,13:40:12,1523.9900,12,2
2026-02-09,600519,13:40:15,1524.4800,4,1
2026-02-09,600519,13:40:18,1523.9900,6,2
2026-02-09,600519,13:40:21,1524.5000,5,1
2026-02-09,600519,13:40:24,1524.3800,6,2
2026-02-09,600519,13:40:27,1524.5000,9,1
2026-02-09,600519,13:40:30,1524.4800,6,2
2026-02-09,600519,13:40:33,1524.4800,3,1
2026-02-09,600519,13:40:36,1524.3800,5,2
2026-02-09,600519,13:40:39,1524.9100,13,1
2026-02-09,600519,13:40:42,1524.9100,5,1
2026-02-09,600519,13:40:45,1524.9301,7,1
2026-02-09,600519,13:40:48,1524.9301,4,2
2026-02-09,600519,13:40:51,1524.9900,9,1
2026-02-09,600519,13:40:54,1524.9500,11,1
2026-02-09,600519,13:40:57,1524.9900,9,1
2026-02-09,600519,13:41:00,1525.0000,15,1
2026-02-09,600519,13:41:03,1524.9399,11,2
2026-02-09,600519,13:41:06,1524.9000,3,2
2026-02-09,600519,13:41:09,1524.9600,17,1
2026-02-09,600519,13:41:12,1524.9399,1,2
2026-02-09,600519,13:41:18,1524.9900,4,1
2026-02-09,600519,13:41:21,1524.8400,26,2
2026-02-09,600519,13:41:24,1524.8400,20,2
2026-02-09,600519,13:41:27,1525.0000,11,1
2026-02-09,600519,13:41:30,1525.0000,6,1
2026-02-09,600519,13:41:33,1525.0000,39,1
2026-02-09,600519,13:41:36,1525.0000,20,1
2026-02-09,600519,13:41:39,1525.5200,2,1
2026-02-09,600519,13:41:45,1525.0400,7,2
2026-02-09,600519,13:41:48,1525.5200,6,1
2026-02-09,600519,13:41:51,1525.5200,3,1
2026-02-09,600519,13:41:54,1525.5000,4,2
2026-02-09,600519,13:41:57,1525.0699,2,2
2026-02-09,600519,13:42:00,1525.4900,1,1
2026-02-09,600519,13:42:03,1525.0601,2,2
2026-02-09,600519,13:42:06,1525.0699,4,1
2026-02-09,600519,13:42:09,1525.0601,4,2
2026-02-09,600519,13:42:12,1525.0601,1,2
2026-02-09,600519,13:42:15,1525.0601,5,2
2026-02-09,600519,13:42:18,1525.4900,11,1
2026-02-09,600519,13:42:21,1525.9200,86,1
2026-02-09,600519,13:42:24,1526.8500,30,1
2026-02-09,600519,13:42:27,1527.0601,31,1
2026-02-09,600519,13:42:30,1527.5000,6,1
2026-02-09,600519,13:42:33,1527.5200,12,1
2026-02-09,600519,13:42:36,1527.7800,3,1
2026-02-09,600519,13:42:39,1527.9500,6,1
2026-02-09,600519,13:42:42,1527.5100,7,1
2026-02-09,600519,13:42:45,1527.7000,2,1
2026-02-09,600519,13:42:48,1527.9500,6,1
2026-02-09,600519,13:42:51,1526.8900,2,2
2026-02-09,600519,13:42:54,1527.9000,4,1
2026-02-09,600519,13:42:57,1527.5000,2,2
2026-02-09,600519,13:43:00,1527.8000,9,1
2026-02-09,600519,13:43:03,1527.7900,2,1
2026-02-09,600519,13:43:06,1527.7900,7,1
2026-02-09,600519,13:43:09,1527.8000,11,1
2026-02-09,600519,13:43:12,1527.7900,6,2
2026-02-09,600519,13:43:15,1527.9000,4,1
2026-02-09,600519,13:43:18,1527.3900,3,2
2026-02-09,600519,13:43:21,1527.3900,10,2
2026-02-09,600519,13:43:24,1527.8900,10,1
2026-02-09,600519,13:43:27,1527.7700,10,1
2026-02-09,600519,13:43:30,1527.7700,3,1
2026-02-09,600519,13:43:33,1527.4000,6,2
2026-02-09,600519,13:43:36,1527.7000,3,1
2026-02-09,600519,13:43:39,1527.4100,9,2
2026-02-09,600519,13:43:42,1527.7000,5,1
2026-02-09,600519,13:43:45,1527.4000,3,2
2026-02-09,600519,13:43:48,1527.3800,10,2
2026-02-09,600519,13:43:51,1527.9200,1,1
2026-02-09,600519,13:43:54,1527.8199,11,2
2026-02-09,600519,13:43:57,1528.0000,42,1
2026-02-09,600519,13:44:00,1528.2400,14,1
2026-02-09,600519,13:44:03,1529.0000,8,1
2026-02-09,600519,13:44:06,1529.0000,3,1
2026-02-09,600519,13:44:09,1529.0000,9,1
2026-02-09,600519,13:44:12,1529.0500,9,1
2026-02-09,600519,13:44:15,1528.9000,9,2
2026-02-09,600519,13:44:18,1529.5000,4,1
2026-02-09,600519,13:44:21,1529.5100,6,1
2026-02-09,600519,13:44:24,1529.5000,3,2
2026-02-09,600519,13:44:27,1529.5000,12,1
2026-02-09,600519,13:44:30,1529.8000,4,1
2026-02-09,600519,13:44:33,1529.5000,7,1
2026-02-09,600519,13:44:36,1528.4800,7,2
2026-02-09,600519,13:44:39,1529.4700,10,1
2026-02-09,600519,13:44:42,1528.4900,3,2
2026-02-09,600519,13:44:45,1528.8800,4,2
2026-02-09,600519,13:44:48,1529.4700,9,1
2026-02-09,600519,13:44:51,1529.4100,13,2
2026-02-09,600519,13:44:54,1529.5000,10,1
2026-02-09,600519,13:44:57,1528.5100,8,2
2026-02-09,600519,13:45:00,1528.9900,7,1
2026-02-09,600519,13:45:03,1529.4399,3,1
2026-02-09,600519,13:45:06,1529.0000,12,2
2026-02-09,600519,13:45:09,1529.2500,3,1
2026-02-09,600519,13:45:12,1529.0000,5,2
2026-02-09,600519,13:45:15,1528.8900,1,2
2026-02-09,600519,13:45:18,1529.3300,4,1
2026-02-09,600519,13:45:21,1529.3300,5,1
2026-02-09,600519,13:45:24,1529.6801,8,1
2026-02-09,600519,13:45:27,1529.3300,17,2
2026-02-09,600519,13:45:30,1529.7700,5,1
2026-02-09,600519,13:45:33,1529.8700,14,1
2026-02-09,600519,13:45:36,1529.8500,11,1
2026-02-09,600519,13:45:39,1529.8500,3,1
2026-02-09,600519,13:45:42,1529.8600,1,1
2026-02-09,600519,13:45:45,1529.0100,1,2
2026-02-09,600519,13:45:48,1529.0200,4,2
2026-02-09,600519,13:45:54,1529.0300,1,2
2026-02-09,600519,13:45:57,1529.0500,3,2
2026-02-09,600519,13:46:00,1529.0500,4,2
2026-02-09,600519,13:46:03,1529.0400,11,2
2026-02-09,600519,13:46:06,1529.4301,3,1
2026-02-09,600519,13:46:09,1529.0601,2,2
2026-02-09,600519,13:46:12,1529.6000,5,1
2026-02-09,600519,13:46:15,1529.0500,6,2
2026-02-09,600519,13:46:18,1529.0601,4,2
2026-02-09,600519,13:46:21,1529.0601,7,2
2026-02-09,600519,13:46:24,1529.6000,6,1
2026-02-09,600519,13:46:27,1529.0699,1,2
2026-02-09,600519,13:46:30,1529.0699,3,2
2026-02-09,600519,13:46:33,1529.0699,2,2
2026-02-09,600519,13:46:36,1529.0200,16,2
2026-02-09,600519,13:46:39,1529.0000,13,2
2026-02-09,600519,13:46:42,1529.5900,2,1
2026-02-09,600519,13:46:45,1529.0000,30,2
2026-02-09,600519,13:46:48,1528.9600,16,2
2026-02-09,600519,13:46:51,1528.9500,1,1
2026-02-09,600519,13:46:54,1528.5000,12,2
2026-02-09,600519,13:46:57,1528.3600,11,2
2026-02-09,600519,13:47:00,1528.1200,8,2
2026-02-09,600519,13:47:03,1528.0000,4,2
2026-02-09,600519,13:47:06,1526.9000,3,2
2026-02-09,600519,13:47:09,1526.2100,4,2
2026-02-09,600519,13:47:12,1526.8800,2,2
2026-02-09,600519,13:47:15,1526.1200,10,2
2026-02-09,600519,13:47:18,1526.3101,5,2
2026-02-09,600519,13:47:21,1526.3101,10,2
2026-02-09,600519,13:47:24,1526.8800,3,1
2026-02-09,600519,13:47:27,1526.3199,10,2
2026-02-09,600519,13:47:30,1526.3199,3,2
2026-02-09,600519,13:47:33,1526.3199,9,2
2026-02-09,600519,13:47:36,1526.2100,4,2
2026-02-09,600519,13:47:39,1526.3101,1,2
2026-02-09,600519,13:47:42,1525.9500,33,2
2026-02-09,600519,13:47:45,1525.9500,8,1
2026-02-09,600519,13:47:48,1525.8101,3,2
2026-02-09,600519,13:47:51,1525.9399,17,1
2026-02-09,600519,13:47:54,1525.5100,10,2
2026-02-09,600519,13:47:57,1526.3101,99,1
2026-02-09,600519,13:48:00,1526.9800,18,1
2026-02-09,600519,13:48:03,1527.1300,11,2
2026-02-09,600519,13:48:06,1527.9800,18,1
2026-02-09,600519,13:48:09,1527.0300,8,2
2026-02-09,600519,13:48:12,1526.3300,4,2
2026-02-09,600519,13:48:15,1526.3101,3,2
2026-02-09,600519,13:48:18,1526.3300,3,1
2026-02-09,600519,13:48:21,1526.3199,4,2
2026-02-09,600519,13:48:24,1526.3199,4,2
2026-02-09,600519,13:48:27,1526.3300,3,1
2026-02-09,600519,13:48:30,1526.3300,2,1
2026-02-09,600519,13:48:33,1526.3000,3,2
2026-02-09,600519,13:48:36,1526.2900,3,2
2026-02-09,600519,13:48:39,1527.1700,7,1
2026-02-09,600519,13:48:42,1526.2900,6,2
2026-02-09,600519,13:48:45,1526.3400,1,1
2026-02-09,600519,13:48:48,1526.3101,6,1
2026-02-09,600519,13:48:51,1526.2900,5,2
2026-02-09,600519,13:48:54,1526.3400,7,1
2026-02-09,600519,13:49:00,1526.2900,4,2
2026-02-09,600519,13:49:03,1526.2100,3,2
2026-02-09,600519,13:49:06,1526.6500,9,1
2026-02-09,600519,13:49:09,1526.2100,3,2
2026-02-09,600519,13:49:12,1526.8000,6,1
2026-02-09,600519,13:49:15,1526.2700,7,2
2026-02-09,600519,13:49:21,1526.2100,1,1
2026-02-09,600519,13:49:24,1526.0500,1,2
2026-02-09,600519,13:49:30,1526.2100,3,1
2026-02-09,600519,13:49:33,1526.0000,3,2
2026-02-09,600519,13:49:36,1525.9900,5,1
2026-02-09,600519,13:49:39,1526.0000,4,1
2026-02-09,600519,13:49:42,1525.3101,11,2
2026-02-09,600519,13:49:48,1525.3101,3,2
2026-02-09,600519,13:49:54,1525.3500,3,2
2026-02-09,600519,13:49:57,1525.3300,3,2
2026-02-09,600519,13:50:03,1525.3500,5,1
2026-02-09,600519,13:50:06,1525.3500,7,1
2026-02-09,600519,13:50:09,1525.3500,2,1
2026-02-09,600519,13:50:15,1525.3500,4,2
2026-02-09,600519,13:50:18,1525.5000,3,1
2026-02-09,600519,13:50:24,1525.3400,7,4
2026-02-09,600519,13:50:27,1525.5000,4,2
2026-02-09,600519,13:50:30,1525.4900,2,1
2026-02-09,600519,13:50:33,1525.3600,3,2
2026-02-09,600519,13:50:36,1525.3600,7,2
2026-02-09,600519,13:50:39,1525.3600,2,2
2026-02-09,600519,13:50:42,1525.3600,12,2
2026-02-09,600519,13:50:45,1525.3600,2,2
2026-02-09,600519,13:50:48,1525.3900,20,1
2026-02-09,600519,13:50:51,1526.0000,1,1
2026-02-09,600519,13:50:54,1525.8800,6,2
2026-02-09,600519,13:50:57,1526.0000,9,1
2026-02-09,600519,13:51:00,1526.0000,3,2
2026-02-09,600519,13:51:03,1526.2700,1,1
2026-02-09,600519,13:51:06,1526.3101,4,1
2026-02-09,600519,13:51:09,1526.0000,10,2
2026-02-09,600519,13:51:12,1526.5800,4,1
2026-02-09,600519,13:51:15,1526.5800,2,2
2026-02-09,600519,13:51:18,1526.4800,2,2
2026-02-09,600519,13:51:21,1526.5699,1,1
2026-02-09,600519,13:51:24,1526.5800,4,1
2026-02-09,600519,13:51:27,1526.6000,4,1
2026-02-09,600519,13:51:30,1527.0000,7,1
2026-02-09,600519,13:51:33,1527.3900,5,1
2026-02-09,600519,13:51:36,1528.2900,26,1
2026-02-09,600519,13:51:39,1528.3000,2,2
2026-02-09,600519,13:51:42,1528.5100,3,1
2026-02-09,600519,13:51:45,1529.0000,2,1
2026-02-09,600519,13:51:48,1528.5100,5,2
2026-02-09,600519,13:51:51,1528.4800,8,2
2026-02-09,600519,13:51:54,1528.4500,16,2
2026-02-09,600519,13:51:57,1528.0000,15,2
2026-02-09,600519,13:52:00,1527.4301,3,2
2026-02-09,600519,13:52:03,1527.0000,7,2
2026-02-09,600519,13:52:06,1528.1600,10,1
2026-02-09,600519,13:52:09,1527.4301,2,2
2026-02-09,600519,13:52:12,1527.4301,3,2
2026-02-09,600519,13:52:15,1528.3800,8,1
2026-02-09,600519,13:52:18,1528.3000,3,1
2026-02-09,600519,13:52:21,1528.2900,2,1
2026-02-09,600519,13:52:24,1527.4399,4,2
2026-02-09,600519,13:52:27,1527.4399,5,2
2026-02-09,600519,13:52:30,1527.0100,16,2
2026-02-09,600519,13:52:33,1527.1300,10,2
2026-02-09,600519,13:52:36,1527.0000,3,2
2026-02-09,600519,13:52:39,1528.0000,1,1
2026-02-09,600519,13:52:42,1527.0000,4,2
2026-02-09,600519,13:52:45,1526.4800,3,2
2026-02-09,600519,13:52:48,1526.5800,2,2
2026-02-09,600519,13:52:54,1526.5900,1,2
2026-02-09,600519,13:52:57,1526.7800,1,1
2026-02-09,600519,13:53:00,1526.6899,1,4
2026-02-09,600519,13:53:03,1526.5900,2,2
2026-02-09,600519,13:53:06,1526.6899,2,1
2026-02-09,600519,13:53:12,1526.7900,4,1
2026-02-09,600519,13:53:18,1527.0000,5,1
2026-02-09,600519,13:53:21,1527.0100,6,1
2026-02-09,600519,13:53:24,1526.9600,8,2
2026-02-09,600519,13:53:27,1527.0200,3,1
2026-02-09,600519,13:53:30,1527.3800,1,1
2026-02-09,600519,13:53:33,1526.9399,4,2
2026-02-09,600519,13:53:36,1526.9399,1,1
2026-02-09,600519,13:53:45,1526.8900,1,2
2026-02-09,600519,13:53:48,1526.9000,1,2
2026-02-09,600519,13:53:51,1526.9000,2,2
2026-02-09,600519,13:53:54,1526.9399,6,1
2026-02-09,600519,13:53:57,1526.6100,30,2
2026-02-09,600519,13:54:00,1526.9100,10,2
2026-02-09,600519,13:54:03,1526.9100,4,2
2026-02-09,600519,13:54:06,1527.0200,1,1
2026-02-09,600519,13:54:09,1526.9900,2,1
2026-02-09,600519,13:54:12,1526.6000,6,2
2026-02-09,600519,13:54:18,1527.0000,5,1
2026-02-09,600519,13:54:24,1526.8900,2,2
2026-02-09,600519,13:54:27,1526.9700,1,1
2026-02-09,600519,13:54:30,1526.9900,8,1
2026-02-09,600519,13:54:33,1526.9700,11,1
2026-02-09,600519,13:54:36,1526.8900,2,1
2026-02-09,600519,13:54:39,1526.5800,2,2
2026-02-09,600519,13:54:42,1526.8800,2,1
2026-02-09,600519,13:54:45,1525.9900,28,2
2026-02-09,600519,13:54:48,1527.5100,7,1
2026-02-09,600519,13:54:54,1526.0800,1,2
2026-02-09,600519,13:54:57,1526.0000,4,2
2026-02-09,600519,13:55:00,1526.8600,1,1
2026-02-09,600519,13:55:03,1526.0000,4,2
2026-02-09,600519,13:55:06,1526.8600,8,1
2026-02-09,600519,13:55:09,1526.0000,1,2
2026-02-09,600519,13:55:12,1526.8900,3,1
2026-02-09,600519,13:55:18,1526.8900,3,1
2026-02-09,600519,13:55:21,1525.9900,3,2
2026-02-09,600519,13:55:24,1526.0000,4,2
2026-02-09,600519,13:55:27,1525.9900,5,2
2026-02-09,600519,13:55:30,1526.8800,7,1
2026-02-09,600519,13:55:33,1526.0000,1,2
2026-02-09,600519,13:55:36,1526.8800,3,1
2026-02-09,600519,13:55:39,1526.0100,2,2
2026-02-09,600519,13:55:42,1526.0000,8,2
2026-02-09,600519,13:55:45,1526.8600,1,1
2026-02-09,600519,13:55:48,1526.0000,1,2
2026-02-09,600519,13:55:51,1526.0200,2,2
2026-02-09,600519,13:55:54,1526.8500,1,1
2026-02-09,600519,13:55:57,1526.8500,4,1
2026-02-09,600519,13:56:00,1526.0400,3,2
2026-02-09,600519,13:56:03,1526.0400,4,2
2026-02-09,600519,13:56:06,1526.0300,8,2
2026-02-09,600519,13:56:09,1526.0300,1,2
2026-02-09,600519,13:56:15,1526.0500,3,2
2026-02-09,600519,13:56:18,1526.8700,1,1
2026-02-09,600519,13:56:21,1526.0400,6,2
2026-02-09,600519,13:56:27,1526.0400,2,2
2026-02-09,600519,13:56:30,1526.8700,2,1
2026-02-09,600519,13:56:33,1526.0601,2,2
2026-02-09,600519,13:56:36,1526.8000,6,1
2026-02-09,600519,13:56:39,1526.8800,3,4
2026-02-09,600519,13:56:42,1526.8101,2,2
2026-02-09,600519,13:56:45,1526.8900,5,1
2026-02-09,600519,13:56:48,1526.8700,7,2
2026-02-09,600519,13:56:51,1526.8700,12,2
2026-02-09,600519,13:56:54,1526.8700,11,2
2026-02-09,600519,13:56:57,1526.8700,1,1
2026-02-09,600519,13:57:00,1526.0500,1,2
2026-02-09,600519,13:57:03,1526.0500,3,2
2026-02-09,600519,13:57:06,1526.8700,5,1
2026-02-09,600519,13:57:09,1526.0500,1,2
2026-02-09,600519,13:57:12,1526.0500,8,2
2026-02-09,600519,13:57:15,1526.0500,4,2
2026-02-09,600519,13:57:21,1526.0601,1,2
2026-02-09,600519,13:57:24,1526.0601,1,2
2026-02-09,600519,13:57:27,1526.0601,3,2
2026-02-09,600519,13:57:30,1526.0601,5,2
2026-02-09,600519,13:57:33,1526.0601,3,2
2026-02-09,600519,13:57:36,1526.0601,6,1
2026-02-09,600519,13:57:39,1526.0601,10,1
2026-02-09,600519,13:57:42,1526.0500,6,2
2026-02-09,600519,13:57:45,1526.0601,1,2
2026-02-09,600519,13:57:48,1526.0400,13,2
2026-02-09,600519,13:57:51,1525.8800,13,2
2026-02-09,600519,13:57:54,1525.9600,10,1
2026-02-09,600519,13:57:57,1525.9700,2,1
2026-02-09,600519,13:58:00,1525.9600,2,1
2026-02-09,600519,13:58:03,1525.3300,2,2
2026-02-09,600519,13:58:06,1525.3300,6,2
2026-02-09,600519,13:58:09,1525.3300,4,2
2026-02-09,600519,13:58:12,1525.3000,5,2
2026-02-09,600519,13:58:15,1525.3000,3,2
2026-02-09,600519,13:58:18,1525.3000,2,1
2026-02-09,600519,13:58:21,1525.3000,1,1
2026-02-09,600519,13:58:24,1525.0100,8,2
2026-02-09,600519,13:58:30,1525.0100,12,2
2026-02-09,600519,13:58:33,1525.0000,2,2
2026-02-09,600519,13:58:39,1524.9301,1,2
2026-02-09,600519,13:58:42,1524.9800,4,1
2026-02-09,600519,13:58:45,1524.9301,4,2
2026-02-09,600519,13:58:48,1524.9301,5,2
2026-02-09,600519,13:58:51,1524.9301,2,1
2026-02-09,600519,13:58:54,1524.9600,3,2
2026-02-09,600519,13:58:57,1524.8900,6,2
2026-02-09,600519,13:59:00,1524.7000,2,2
2026-02-09,600519,13:59:03,1524.7000,3,2
2026-02-09,600519,13:59:06,1523.9700,4,2
2026-02-09,600519,13:59:09,1523.0100,9,2
2026-02-09,600519,13:59:12,1523.9700,8,2
2026-02-09,600519,13:59:15,1523.3400,8,2
2026-02-09,600519,13:59:18,1523.9700,5,1
2026-02-09,600519,13:59:21,1523.9700,10,1
2026-02-09,600519,13:59:24,1523.3700,8,2
2026-02-09,600519,13:59:27,1523.9700,6,1
2026-02-09,600519,13:59:30,1524.4900,11,1
2026-02-09,600519,13:59:33,1524.4900,5,2
2026-02-09,600519,13:59:36,1523.4000,12,2
2026-02-09,600519,13:59:39,1524.4399,3,1
2026-02-09,600519,13:59:42,1523.4000,4,2
2026-02-09,600519,13:59:45,1523.4000,1,2
2026-02-09,600519,13:59:48,1523.4100,1,2
2026-02-09,600519,13:59:51,1523.4000,6,2
2026-02-09,600519,13:59:54,1524.6200,11,1
2026-02-09,600519,13:59:57,1524.6200,3,1
2026-02-09,600519,14:00:00,1524.6200,4,1
2026-02-09,600519,14:00:06,1524.6200,2,1
2026-02-09,600519,14:00:09,1524.6200,8,1
2026-02-09,600519,14:00:12,1524.4900,4,2
2026-02-09,600519,14:00:15,1524.6200,6,1
2026-02-09,600519,14:00:18,1524.6200,1,1
2026-02-09,600519,14:00:30,1524.9000,3,1
2026-02-09,600519,14:00:36,1524.9000,4,1
2026-02-09,600519,14:00:39,1524.5800,2,2
2026-02-09,600519,14:00:42,1524.5800,14,2
2026-02-09,600519,14:00:45,1524.5200,11,2
2026-02-09,600519,14:00:48,1524.5800,5,1
2026-02-09,600519,14:00:51,1524.5400,4,2
2026-02-09,600519,14:00:54,1524.5300,2,4
2026-02-09,600519,14:00:57,1524.5200,7,2
2026-02-09,600519,14:01:00,1524.5400,2,2
2026-02-09,600519,14:01:03,1524.8000,1,1
2026-02-09,600519,14:01:06,1524.8000,1,1
2026-02-09,600519,14:01:12,1524.9500,2,1
2026-02-09,600519,14:01:15,1524.9900,7,1
2026-02-09,600519,14:01:18,1524.9600,3,2
2026-02-09,600519,14:01:21,1524.9600,2,2
2026-02-09,600519,14:01:24,1525.0000,23,1
2026-02-09,600519,14:01:27,1525.1500,7,1
2026-02-09,600519,14:01:30,1525.3300,6,1
2026-02-09,600519,14:01:33,1525.3300,10,1
2026-02-09,600519,14:01:36,1525.3300,3,1
2026-02-09,600519,14:01:39,1525.3600,1,1
2026-02-09,600519,14:01:42,1525.3400,3,2
2026-02-09,600519,14:01:48,1525.3700,3,2
2026-02-09,600519,14:01:51,1525.5000,3,1
2026-02-09,600519,14:01:54,1525.6000,1,1
2026-02-09,600519,14:01:57,1525.5200,1,2
2026-02-09,600519,14:02:00,1525.8300,3,1
2026-02-09,600519,14:02:03,1525.5400,2,2
2026-02-09,600519,14:02:06,1525.5300,1,2
2026-02-09,600519,14:02:09,1525.5300,3,2
2026-02-09,600519,14:02:12,1525.8300,7,1
2026-02-09,600519,14:02:18,1525.7000,1,1
2026-02-09,600519,14:02:27,1525.8199,7,1
2026-02-09,600519,14:02:30,1525.8199,1,2
2026-02-09,600519,14:02:33,1525.8199,6,2
2026-02-09,600519,14:02:36,1525.7800,9,2
2026-02-09,600519,14:02:39,1525.8199,2,1
2026-02-09,600519,14:02:42,1525.8300,6,1
2026-02-09,600519,14:02:45,1525.8199,5,2
2026-02-09,600519,14:02:48,1525.7800,11,2
2026-02-09,600519,14:03:00,1525.7600,1,1
2026-02-09,600519,14:03:03,1525.6600,12,2
2026-02-09,600519,14:03:06,1525.1801,10,2
2026-02-09,600519,14:03:09,1525.6500,6,1
2026-02-09,600519,14:03:12,1525.0699,3,2
2026-02-09,600519,14:03:15,1525.0699,2,2
2026-02-09,600519,14:03:18,1525.0699,3,2
2026-02-09,600519,14:03:21,1525.4800,4,1
2026-02-09,600519,14:03:27,1525.4900,1,1
2026-02-09,600519,14:03:30,1525.5400,6,1
2026-02-09,600519,14:03:33,1525.4900,5,2
2026-02-09,600519,14:03:36,1525.5000,1,1
2026-02-09,600519,14:03:39,1525.5000,7,1
2026-02-09,600519,14:03:42,1525.0699,8,2
2026-02-09,600519,14:03:45,1525.4700,1,1
2026-02-09,600519,10:46:18,1526.0100,25,2
2026-02-09,600519,10:46:21,1526.0100,5,2
2026-02-09,600519,10:46:24,1526.0100,10,2
2026-02-09,600519,10:46:27,1526.0000,6,2
2026-02-09,600519,10:46:30,1526.0000,13,2
2026-02-09,600519,10:46:33,1525.9700,6,1
2026-02-09,600519,10:46:36,1525.9200,5,2
2026-02-09,600519,10:46:39,1525.8700,4,1
2026-02-09,600519,10:46:42,1525.6600,7,2
2026-02-09,600519,10:46:45,1525.6000,7,2
2026-02-09,600519,10:46:48,1525.6000,4,1
2026-02-09,600519,10:46:51,1525.6300,6,1
2026-02-09,600519,10:46:54,1525.5601,9,2
2026-02-09,600519,10:46:57,1525.5500,22,2
2026-02-09,600519,10:47:00,1525.5000,8,2
2026-02-09,600519,10:47:03,1525.5000,20,2
2026-02-09,600519,10:47:06,1525.6600,5,1
2026-02-09,600519,10:47:09,1525.4700,5,2
2026-02-09,600519,10:47:12,1525.6600,7,1
2026-02-09,600519,10:47:15,1525.6600,1,2
2026-02-09,600519,10:47:18,1525.5800,30,2
2026-02-09,600519,10:47:21,1525.4800,3,2
2026-02-09,600519,10:47:24,1525.6600,4,1
2026-02-09,600519,10:47:27,1525.3199,15,2
2026-02-09,600519,10:47:30,1526.0000,5,1
2026-02-09,600519,10:47:33,1525.5000,7,2
2026-02-09,600519,10:47:36,1525.9500,4,1
2026-02-09,600519,10:47:39,1525.9800,3,1
2026-02-09,600519,10:47:42,1526.0000,5,1
2026-02-09,600519,10:47:45,1525.3199,9,2
2026-02-09,600519,10:47:48,1525.3101,6,1
2026-02-09,600519,10:47:51,1525.3199,2,1
2026-02-09,600519,10:47:54,1525.5000,1,2
2026-02-09,600519,10:47:57,1525.5000,16,2
2026-02-09,600519,10:48:00,1525.5000,5,2
2026-02-09,600519,10:48:03,1525.9100,5,1
2026-02-09,600519,10:48:06,1525.5000,8,2
2026-02-09,600519,10:48:09,1525.6600,2,1
2026-02-09,600519,10:48:12,1525.9100,4,1
2026-02-09,600519,10:48:15,1526.0000,8,1
2026-02-09,600519,10:48:18,1526.3900,1,1
2026-02-09,600519,10:48:21,1525.9399,3,2
2026-02-09,600519,10:48:24,1526.3900,4,1
2026-02-09,600519,10:48:27,1526.3900,2,1
2026-02-09,600519,10:48:30,1526.5000,7,1
2026-02-09,600519,10:48:36,1526.5000,10,1
2026-02-09,600519,10:48:39,1526.6600,17,1
2026-02-09,600519,10:48:42,1526.7900,2,1
2026-02-09,600519,10:48:45,1527.0000,10,1
2026-02-09,600519,10:48:48,1526.9000,3,1
2026-02-09,600519,10:48:51,1527.0000,4,2
2026-02-09,600519,10:48:54,1527.3900,1,1
2026-02-09,600519,10:48:57,1526.3900,33,2
2026-02-09,600519,10:49:00,1526.0300,3,2
2026-02-09,600519,10:49:03,1526.5100,5,1
2026-02-09,600519,10:49:06,1526.4900,1,1
2026-02-09,600519,10:49:09,1526.3800,2,1
2026-02-09,600519,10:49:12,1526.5000,9,1
2026-02-09,600519,10:49:15,1526.3900,2,2
2026-02-09,600519,10:49:18,1526.3900,1,2
2026-02-09,600519,10:49:21,1526.4800,3,1
2026-02-09,600519,10:49:24,1526.4900,4,1
2026-02-09,600519,10:49:27,1526.4900,3,2
2026-02-09,600519,10:49:30,1526.4000,10,2
2026-02-09,600519,10:49:33,1526.3900,1,2
2026-02-09,600519,10:49:36,1526.0000,30,2
2026-02-09,600519,10:49:39,1525.9399,8,2
2026-02-09,600519,10:49:42,1526.0000,10,1
2026-02-09,600519,10:49:45,1525.9500,7,2
2026-02-09,600519,10:49:48,1526.0000,7,1
2026-02-09,600519,10:49:51,1526.0000,6,2
2026-02-09,600519,10:49:54,1525.9100,3,2
2026-02-09,600519,10:49:57,1525.5200,19,2
2026-02-09,600519,10:50:00,1525.5200,1,2
2026-02-09,600519,10:50:03,1525.5100,9,2
2026-02-09,600519,10:50:06,1525.8400,3,1
2026-02-09,600519,10:50:09,1525.5200,6,2
2026-02-09,600519,10:50:12,1523.8500,120,2
2026-02-09,600519,10:50:15,1524.2800,11,1
2026-02-09,600519,10:50:21,1523.9600,2,2
2026-02-09,600519,10:50:24,1524.1801,3,2
2026-02-09,600519,10:50:27,1524.1801,4,1
2026-02-09,600519,10:50:30,1524.1801,6,1
2026-02-09,600519,10:50:33,1524.0000,8,2
2026-02-09,600519,10:50:36,1523.8800,4,2
2026-02-09,600519,10:50:39,1524.3199,24,1
2026-02-09,600519,10:50:42,1524.2400,8,2
2026-02-09,600519,10:50:45,1524.1300,21,2
2026-02-09,600519,10:50:48,1524.1100,4,2
2026-02-09,600519,10:50:51,1523.9700,13,2
2026-02-09,600519,10:50:54,1523.8800,13,2
2026-02-09,600519,10:50:57,1523.8600,5,2
2026-02-09,600519,10:51:00,1523.7600,9,2
2026-02-09,600519,10:51:03,1523.0000,26,2
2026-02-09,600519,10:51:06,1523.0000,35,2
2026-02-09,600519,10:51:09,1523.0000,4,1
2026-02-09,600519,10:51:12,1522.6899,15,2
2026-02-09,600519,10:51:15,1522.6899,17,2
2026-02-09,600519,10:51:18,1522.6899,11,2
2026-02-09,600519,10:51:21,1522.6899,12,1
2026-02-09,600519,10:51:24,1522.6899,21,1
2026-02-09,600519,10:51:27,1522.5200,11,2
2026-02-09,600519,10:51:30,1522.5200,42,1
2026-02-09,600519,10:51:33,1522.6000,51,2
2026-02-09,600519,10:51:36,1522.5200,30,2
2026-02-09,600519,10:51:39,1523.0000,11,1
2026-02-09,600519,10:51:42,1522.9900,8,1
2026-02-09,600519,10:51:45,1522.5200,3,2
2026-02-09,600519,10:51:48,1522.5200,18,2
2026-02-09,600519,10:51:51,1522.9800,24,1
2026-02-09,600519,10:51:54,1523.0000,22,1
2026-02-09,600519,10:51:57,1523.6100,40,1
2026-02-09,600519,10:52:00,1523.6100,71,1
2026-02-09,600519,10:52:03,1523.9700,8,1
2026-02-09,600519,10:52:06,1523.8400,3,2
2026-02-09,600519,10:52:09,1524.0000,1,1
2026-02-09,600519,10:52:12,1524.0400,6,1
2026-02-09,600519,10:52:15,1524.0000,1,1
2026-02-09,600519,10:52:18,1524.0000,9,1
2026-02-09,600519,10:52:21,1524.0400,43,1
2026-02-09,600519,10:52:24,1524.3101,3,1
2026-02-09,600519,10:52:27,1524.0500,2,2
2026-02-09,600519,10:52:30,1524.3101,4,1
2026-02-09,600519,10:52:36,1524.0000,16,2
2026-02-09,600519,10:52:39,1523.9200,3,2
2026-02-09,600519,10:52:42,1523.9200,1,1
2026-02-09,600519,10:52:45,1523.1801,3,2
2026-02-09,600519,10:52:48,1523.9200,2,1
2026-02-09,600519,10:52:54,1522.1000,18,2
2026-02-09,600519,10:52:57,1522.0100,15,2
2026-02-09,600519,10:53:00,1523.0000,8,1
2026-02-09,600519,10:53:03,1523.0000,10,1
2026-02-09,600519,10:53:06,1523.0000,6,1
2026-02-09,600519,10:53:09,1523.0000,13,1
2026-02-09,600519,10:53:12,1523.0000,19,1
2026-02-09,600519,10:53:15,1523.0000,3,1
2026-02-09,600519,10:53:18,1523.0000,13,1
2026-02-09,600519,10:53:21,1522.9800,41,1
2026-02-09,600519,10:53:24,1521.3400,7,2
2026-02-09,600519,10:53:27,1523.0000,22,1
2026-02-09,600519,10:53:30,1522.2000,11,2
2026-02-09,600519,10:53:33,1522.6500,23,4
2026-02-09,600519,10:53:36,1521.9900,21,2
2026-02-09,600519,10:53:39,1521.7300,15,2
2026-02-09,600519,10:53:42,1521.4800,14,2
2026-02-09,600519,10:53:45,1521.4800,9,2
2026-02-09,600519,10:53:48,1523.0000,4,1
2026-02-09,600519,10:53:51,1522.5500,7,1
2026-02-09,600519,10:53:54,1521.4700,8,2
2026-02-09,600519,10:53:57,1521.5000,8,2
2026-02-09,600519,10:54:00,1521.9000,19,1
2026-02-09,600519,10:54:03,1522.5400,46,1
2026-02-09,600519,10:54:06,1521.9200,8,2
2026-02-09,600519,10:54:09,1521.9000,9,2
2026-02-09,600519,10:54:12,1522.4800,10,1
2026-02-09,600519,10:54:15,1521.8101,7,2
2026-02-09,600519,10:54:18,1522.5500,9,1
2026-02-09,600519,10:54:21,1522.1801,28,2
2026-02-09,600519,10:54:24,1523.0000,26,1
2026-02-09,600519,10:54:27,1522.1801,15,2
2026-02-09,600519,10:54:30,1521.9000,13,2
2026-02-09,600519,10:54:33,1521.7800,8,2
2026-02-09,600519,10:54:36,1522.4800,1,1
2026-02-09,600519,10:54:39,1522.4800,2,1
2026-02-09,600519,10:54:42,1521.7800,59,2
2026-02-09,600519,10:54:45,1521.7800,5,2
2026-02-09,600519,10:54:48,1521.7800,11,2
2026-02-09,600519,10:54:51,1521.8800,15,2
2026-02-09,600519,10:54:54,1521.7800,5,2
2026-02-09,600519,10:54:57,1522.0000,41,2
2026-02-09,600519,10:55:00,1522.0000,23,1
2026-02-09,600519,10:55:03,1521.5000,15,2
2026-02-09,600519,10:55:06,1521.0000,53,2
2026-02-09,600519,10:55:09,1521.1100,4,2
2026-02-09,600519,10:55:12,1521.5900,13,1
2026-02-09,600519,10:55:15,1521.0000,6,2
2026-02-09,600519,10:55:18,1521.0000,34,1
2026-02-09,600519,10:55:21,1521.0500,13,2
2026-02-09,600519,10:55:24,1521.0000,15,2
2026-02-09,600519,10:55:27,1520.9700,12,2
2026-02-09,600519,10:55:30,1520.7000,18,2
2026-02-09,600519,10:55:33,1521.0200,183,1
2026-02-09,600519,10:55:36,1520.8500,25,2
2026-02-09,600519,10:55:39,1520.0000,30,2
2026-02-09,600519,10:55:42,1520.5000,9,2
2026-02-09,600519,10:55:45,1519.7600,266,2
2026-02-09,600519,10:55:48,1519.2000,11,2
2026-02-09,600519,10:55:51,1519.2000,4,2
2026-02-09,600519,10:55:54,1519.2000,8,2
2026-02-09,600519,10:55:57,1519.1000,21,2
2026-02-09,600519,10:56:00,1519.0000,21,2
2026-02-09,600519,10:56:03,1519.0000,8,2
2026-02-09,600519,10:56:06,1518.9900,42,2
2026-02-09,600519,10:56:09,1520.0000,18,1
2026-02-09,600519,10:56:12,1521.7800,319,1
2026-02-09,600519,10:56:15,1521.0200,21,2
2026-02-09,600519,10:56:18,1520.0800,33,2
2026-02-09,600519,10:56:21,1521.0000,10,1
2026-02-09,600519,10:56:24,1520.0800,11,2
2026-02-09,600519,10:56:27,1521.0000,22,1
2026-02-09,600519,10:56:30,1521.0100,16,2
2026-02-09,600519,10:56:33,1520.5100,9,2
2026-02-09,600519,10:56:36,1520.3000,20,1
2026-02-09,600519,10:56:39,1520.3000,6,2
2026-02-09,600519,10:56:42,1520.3000,7,2
2026-02-09,600519,10:56:45,1521.0000,4,1
2026-02-09,600519,10:56:48,1520.2000,1,2
2026-02-09,600519,10:56:51,1520.0000,35,2
2026-02-09,600519,10:56:54,1520.0000,3,1
2026-02-09,600519,10:56:57,1519.5500,26,1
2026-02-09,600519,10:57:00,1520.0000,6,2
2026-02-09,600519,10:57:03,1520.0000,4,2
2026-02-09,600519,10:57:06,1520.1000,11,1
2026-02-09,600519,10:57:09,1520.0000,2,2
2026-02-09,600519,10:57:12,1519.9900,19,2
2026-02-09,600519,10:57:15,1519.8900,2,1
2026-02-09,600519,10:57:18,1519.8900,7,1
2026-02-09,600519,10:57:21,1519.1801,12,2
2026-02-09,600519,10:57:24,1519.8900,5,1
2026-02-09,600519,10:57:27,1520.0000,19,1
2026-02-09,600519,10:57:30,1519.8900,5,2
2026-02-09,600519,10:57:33,1519.9800,3,1
2026-02-09,600519,10:57:36,1520.0000,17,1
2026-02-09,600519,10:57:39,1519.8800,2,2
2026-02-09,600519,10:57:42,1519.8000,4,2
2026-02-09,600519,10:57:45,1519.8900,4,2
2026-02-09,600519,10:57:48,1519.8900,3,2
2026-02-09,600519,10:57:51,1519.8900,6,2
2026-02-09,600519,10:57:54,1519.9000,7,2
2026-02-09,600519,10:57:57,1519.9000,7,1
2026-02-09,600519,10:58:00,1519.9900,7,1
2026-02-09,600519,10:58:03,1521.0000,5,1
2026-02-09,600519,10:58:06,1521.0000,14,1
2026-02-09,600519,10:58:09,1521.0000,18,1
2026-02-09,600519,10:58:12,1520.5000,6,4
2026-02-09,600519,10:58:18,1520.0000,20,2
2026-02-09,600519,10:58:21,1520.0000,6,2
2026-02-09,600519,10:58:24,1520.3600,4,1
2026-02-09,600519,10:58:27,1521.0000,1,1
2026-02-09,600519,10:58:30,1521.0000,14,1
2026-02-09,600519,10:58:33,1520.9000,4,1
2026-02-09,600519,10:58:36,1520.1500,7,2
2026-02-09,600519,10:58:39,1520.9000,3,1
2026-02-09,600519,10:58:42,1521.0000,4,1
2026-02-09,600519,10:58:45,1521.0000,5,1
2026-02-09,600519,10:58:48,1521.0000,4,1
2026-02-09,600519,10:58:51,1521.0000,4,1
2026-02-09,600519,10:58:54,1520.0100,10,2
2026-02-09,600519,10:58:57,1520.9900,8,1
2026-02-09,600519,10:59:00,1521.0000,4,1
2026-02-09,600519,10:59:03,1521.5900,6,1
2026-02-09,600519,10:59:06,1521.5900,2,1
2026-02-09,600519,10:59:09,1521.6000,3,1
2026-02-09,600519,10:59:12,1522.4100,10,1
2026-02-09,600519,10:59:15,1521.8199,8,2
2026-02-09,600519,10:59:18,1521.9700,6,2
2026-02-09,600519,10:59:21,1521.8700,7,2
2026-02-09,600519,10:59:24,1521.9700,3,1
2026-02-09,600519,10:59:27,1521.5900,14,2
2026-02-09,600519,10:59:30,1521.5900,7,1
2026-02-09,600519,10:59:33,1521.0000,4,2
2026-02-09,600519,10:59:36,1521.0000,7,2
2026-02-09,600519,10:59:39,1521.0000,2,2
2026-02-09,600519,10:59:42,1521.0000,4,2
2026-02-09,600519,10:59:48,1521.5900,7,1
2026-02-09,600519,10:59:51,1521.5900,18,1
2026-02-09,600519,10:59:54,1521.5800,4,1
2026-02-09,600519,10:59:57,1521.9700,6,1
2026-02-09,600519,11:00:00,1523.3101,3,1
2026-02-09,600519,11:00:03,1523.2700,9,1
2026-02-09,600519,11:00:06,1521.8700,3,2
2026-02-09,600519,11:00:09,1523.0000,4,1
2026-02-09,600519,11:00:12,1523.0000,2,1
2026-02-09,600519,11:00:15,1523.0000,9,1
2026-02-09,600519,11:00:18,1523.2200,1,1
2026-02-09,600519,11:00:21,1521.8800,13,2
2026-02-09,600519,11:00:24,1521.8900,15,1
2026-02-09,600519,11:00:27,1522.9900,5,1
2026-02-09,600519,11:00:30,1523.0000,1,1
2026-02-09,600519,11:00:33,1523.0200,2,1
2026-02-09,600519,11:00:36,1523.3101,9,1
2026-02-09,600519,11:00:39,1523.6000,3,1
2026-02-09,600519,11:00:42,1523.9000,2,1
2026-02-09,600519,11:00:48,1523.0300,7,2
2026-02-09,600519,11:00:51,1523.6600,6,1
2026-02-09,600519,11:00:54,1523.6600,3,2
2026-02-09,600519,11:00:57,1523.0300,6,2
2026-02-09,600519,11:01:00,1523.8000,1,1
2026-02-09,600519,11:01:03,1523.8000,8,1
2026-02-09,600519,11:01:06,1523.5601,3,2
2026-02-09,600519,11:01:09,1523.6300,1,4
2026-02-09,600519,11:01:12,1523.0100,15,2
2026-02-09,600519,11:01:15,1522.3000,14,2
2026-02-09,600519,11:01:21,1522.0000,3,2
2026-02-09,600519,11:01:27,1522.9000,4,1
2026-02-09,600519,11:01:30,1522.0000,1,2
2026-02-09,600519,11:01:33,1522.0000,4,2
2026-02-09,600519,11:01:36,1522.0000,3,2
2026-02-09,600519,11:01:39,1522.0000,1,1
2026-02-09,600519,11:01:42,1522.0000,1,1
2026-02-09,600519,11:01:45,1522.0000,5,1
2026-02-09,600519,11:01:48,1522.0000,2,1
2026-02-09,600519,11:01:51,1521.9500,4,2
2026-02-09,600519,11:01:54,1522.3000,4,1
2026-02-09,600519,11:01:57,1522.3600,13,2
2026-02-09,600519,11:02:00,1522.9000,2,1
2026-02-09,600519,11:02:03,1522.3600,1,2
2026-02-09,600519,11:02:06,1522.3600,3,2
2026-02-09,600519,11:02:12,1522.9000,2,1
2026-02-09,600519,11:02:15,1523.0000,8,1
2026-02-09,600519,11:02:18,1523.0000,3,1
2026-02-09,600519,11:02:21,1523.0000,2,1
2026-02-09,600519,11:02:24,1523.0000,2,1
2026-02-09,600519,11:02:27,1523.0000,3,1
2026-02-09,600519,11:02:30,1523.0000,3,1
2026-02-09,600519,11:02:33,1523.0000,1,1
2026-02-09,600519,11:02:36,1523.0000,5,2
2026-02-09,600519,11:02:42,1523.0000,7,2
2026-02-09,600519,11:02:45,1523.0000,2,2
2026-02-09,600519,11:02:48,1522.9000,3,2
2026-02-09,600519,11:02:51,1522.9900,2,1
2026-02-09,600519,11:02:54,1522.3800,3,2
2026-02-09,600519,11:02:57,1522.6300,2,2
2026-02-09,600519,11:03:00,1522.6300,6,2
2026-02-09,600519,11:03:03,1522.6300,3,1
2026-02-09,600519,11:03:06,1522.3900,3,2
2026-02-09,600519,11:03:09,1522.4100,1,2
2026-02-09,600519,11:03:12,1522.4100,2,2
2026-02-09,600519,11:03:15,1522.4000,4,2
2026-02-09,600519,11:03:18,1522.4000,2,2
2026-02-09,600519,11:03:21,1522.4000,1,1
2026-02-09,600519,11:03:24,1522.3900,1,2
2026-02-09,600519,11:03:27,1522.3900,11,2
2026-02-09,600519,11:03:30,1522.4100,6,1
2026-02-09,600519,11:03:33,1522.3900,2,2
2026-02-09,600519,11:03:39,1522.3800,2,2
2026-02-09,600519,11:03:42,1522.2800,15,2
2026-02-09,600519,11:03:45,1522.0000,4,2
2026-02-09,600519,11:03:48,1522.0000,2,2
2026-02-09,600519,11:03:51,1522.0000,3,2
2026-02-09,600519,11:03:54,1521.9900,3,1
2026-02-09,600519,11:03:57,1521.5900,32,2
2026-02-09,600519,11:04:00,1522.0000,2,1
2026-02-09,600519,11:04:03,1521.5900,6,2
2026-02-09,600519,11:04:06,1521.5900,2,2
2026-02-09,600519,11:04:09,1521.5900,1,1
2026-02-09,600519,11:04:12,1521.4900,5,2
2026-02-09,600519,11:04:15,1521.5000,1,2
2026-02-09,600519,11:04:18,1521.4800,4,2
2026-02-09,600519,11:04:24,1521.4800,2,1
2026-02-09,600519,11:04:27,1521.0000,13,2
2026-02-09,600519,11:04:30,1521.0000,2,1
2026-02-09,600519,11:04:36,1520.8900,3,2
2026-02-09,600519,11:04:39,1521.0000,2,1
2026-02-09,600519,11:04:42,1521.0000,5,1
2026-02-09,600519,11:04:45,1520.7900,3,2
2026-02-09,600519,11:04:48,1520.8900,27,1
2026-02-09,600519,11:04:51,1520.8900,10,1
2026-02-09,600519,11:04:54,1520.7900,9,2
2026-02-09,600519,11:04:57,1520.7900,7,1
2026-02-09,600519,11:05:00,1520.3500,7,2
2026-02-09,600519,11:05:06,1520.7900,4,2
2026-02-09,600519,11:05:09,1520.8900,4,1
2026-02-09,600519,11:05:15,1520.8900,1,1
2026-02-09,600519,11:05:21,1520.7500,10,2
2026-02-09,600519,11:05:24,1520.7500,5,1
2026-02-09,600519,11:05:27,1520.3500,5,2
2026-02-09,600519,11:05:30,1520.5500,8,1
2026-02-09,600519,11:05:33,1520.7300,2,1
2026-02-09,600519,11:05:36,1520.3400,2,2
2026-02-09,600519,11:05:39,1520.7300,2,1
2026-02-09,600519,11:05:42,1520.7300,1,1
2026-02-09,600519,11:05:48,1520.7300,3,1
2026-02-09,600519,11:05:51,1520.5000,2,2
2026-02-09,600519,11:05:54,1520.5200,14,2
2026-02-09,600519,11:05:57,1520.5200,2,2
2026-02-09,600519,11:06:00,1520.1300,18,2
2026-02-09,600519,11:06:03,1520.3300,4,1
2026-02-09,600519,11:06:06,1520.1000,3,2
2026-02-09,600519,11:06:09,1520.1100,1,2
2026-02-09,600519,11:06:12,1520.1000,6,2
2026-02-09,600519,11:06:15,1520.1200,3,2
2026-02-09,600519,11:06:18,1519.9800,80,2
2026-02-09,600519,11:06:21,1520.0000,15,1
2026-02-09,600519,11:06:24,1519.9900,2,1
2026-02-09,600519,11:06:27,1519.8000,5,2
2026-02-09,600519,11:06:30,1519.9900,3,1
2026-02-09,600519,11:06:33,1520.0000,1,1
2026-02-09,600519,11:06:36,1519.8300,3,1
2026-02-09,600519,11:06:39,1519.9900,4,1
2026-02-09,600519,11:06:45,1519.8600,3,2
2026-02-09,600519,11:06:48,1520.0000,38,1
2026-02-09,600519,11:06:51,1520.0601,28,1
2026-02-09,600519,11:06:54,1520.0699,5,2
2026-02-09,600519,11:06:57,1520.0699,2,2
2026-02-09,600519,11:07:00,1520.0601,4,2
2026-02-09,600519,11:07:03,1520.0601,3,1
2026-02-09,600519,11:07:06,1520.0601,5,1
2026-02-09,600519,11:07:09,1520.0000,4,2
2026-02-09,600519,11:07:12,1520.0000,3,1
2026-02-09,600519,11:07:15,1520.0000,2,1
2026-02-09,600519,11:07:18,1520.0000,3,1
2026-02-09,600519,11:07:21,1520.0000,1,1
2026-02-09,600519,11:07:24,1520.0000,6,1
2026-02-09,600519,11:07:27,1519.9900,6,2
2026-02-09,600519,11:07:30,1519.9900,9,1
2026-02-09,600519,11:07:33,1519.9700,7,2
2026-02-09,600519,11:07:36,1519.9800,6,1
2026-02-09,600519,11:07:39,1519.8600,8,2
2026-02-09,600519,11:07:45,1518.9301,115,2
2026-02-09,600519,11:07:48,1519.0000,25,1
2026-02-09,600519,11:07:51,1519.0000,162,1
2026-02-09,600519,11:07:54,1520.0000,22,1
2026-02-09,600519,11:07:57,1519.9900,1,2
2026-02-09,600519,11:08:00,1520.0000,10,1
2026-02-09,600519,11:08:03,1520.0000,2,1
2026-02-09,600519,11:08:06,1520.0000,2,1
2026-02-09,600519,11:08:09,1520.0000,1,1
2026-02-09,600519,11:08:12,1519.9900,2,2
2026-02-09,600519,11:08:18,1519.8800,3,2
2026-02-09,600519,11:08:24,1519.8900,6,1
2026-02-09,600519,11:08:27,1519.8900,2,2
2026-02-09,600519,11:08:30,1519.8900,4,2
