date,code,time,price,volume,bs
2026-01-19,601318,14:07:04,66.0600,51,1
2026-01-19,601318,14:07:07,66.1000,13,1
2026-01-19,601318,14:07:10,66.1000,19,1
2026-01-19,601318,14:07:13,66.0900,158,2
2026-01-19,601318,14:07:16,66.1000,46,1
2026-01-19,601318,14:07:20,66.0900,26,2
2026-01-19,601318,14:07:22,66.1200,55,1
2026-01-19,601318,14:07:25,66.1100,3,1
2026-01-19,601318,14:07:28,66.1100,54,1
2026-01-19,601318,14:07:31,66.1200,54,1
2026-01-19,601318,14:07:35,66.1100,7,2
2026-01-19,601318,14:07:37,66.1200,47,1
2026-01-19,601318,14:07:40,66.1200,30,1
2026-01-19,601318,14:07:43,66.1100,32,2
2026-01-19,601318,14:07:46,66.1200,82,1
2026-01-19,601318,14:07:49,66.1200,125,1
2026-01-19,601318,14:07:52,66.1200,156,2
2026-01-19,601318,14:07:55,66.1100,70,2
2026-01-19,601318,14:07:59,66.1100,348,2
2026-01-19,601318,14:08:01,66.1200,50,1
2026-01-19,601318,14:08:04,66.1000,256,2
2026-01-19,601318,14:08:07,66.1000,195,1
2026-01-19,601318,14:08:10,66.1100,39,2
2026-01-19,601318,14:08:13,66.0900,50,2
2026-01-19,601318,14:08:16,66.0800,293,2
2026-01-19,601318,14:08:19,66.0700,7,2
2026-01-19,601318,14:08:22,66.1000,639,1
2026-01-19,601318,14:08:25,66.0900,171,2
2026-01-19,601318,14:08:28,66.1000,31,1
2026-01-19,601318,14:08:31,66.1200,253,1
2026-01-19,601318,14:08:34,66.1300,102,1
2026-01-19,601318,14:08:37,66.1100,110,2
2026-01-19,601318,14:08:41,66.1000,126,2
2026-01-19,601318,14:08:44,66.1000,39,1
2026-01-19,601318,14:08:46,66.1100,64,1
2026-01-19,601318,14:08:50,66.1000,63,2
2026-01-19,601318,14:08:52,66.1000,23,1
2026-01-19,601318,14:08:55,66.1100,2,1
2026-01-19,601318,14:08:58,66.1100,54,1
2026-01-19,601318,14:09:01,66.1100,41,1
2026-01-19,601318,14:09:04,66.1100,60,1
2026-01-19,601318,14:09:07,66.1100,37,1
2026-01-19,601318,14:09:10,66.1000,27,2
2026-01-19,601318,14:09:13,66.1100,18,1
2026-01-19,601318,14:09:16,66.1200,60,1
2026-01-19,601318,14:09:19,66.1200,11,1
2026-01-19,601318,14:09:23,66.1100,20,2
2026-01-19,601318,14:09:26,66.1100,69,2
2026-01-19,601318,14:09:28,66.1100,51,2
2026-01-19,601318,14:09:31,66.1100,27,1
2026-01-19,601318,14:09:34,66.1100,171,1
2026-01-19,601318,14:09:37,66.0900,72,2
2026-01-19,601318,14:09:41,66.1000,11,1
2026-01-19,601318,14:09:43,66.1000,77,1
2026-01-19,601318,14:09:46,66.1000,65,1
2026-01-19,601318,14:09:50,66.1100,74,1
2026-01-19,601318,14:09:53,66.1100,29,1
2026-01-19,601318,14:09:55,66.1100,34,4
2026-01-19,601318,14:09:58,66.1000,38,2
2026-01-19,601318,14:10:01,66.1100,286,2
2026-01-19,601318,14:10:04,66.1100,116,1
2026-01-19,601318,14:10:07,66.1200,294,1
2026-01-19,601318,14:10:10,66.1400,315,1
2026-01-19,601318,14:10:14,66.1500,112,1
2026-01-19,601318,14:10:16,66.1400,36,2
2026-01-19,601318,14:10:19,66.1500,17,1
2026-01-19,601318,14:10:22,66.1500,37,1
2026-01-19,601318,14:10:25,66.1500,87,1
2026-01-19,601318,14:10:28,66.1500,79,1
2026-01-19,601318,14:10:31,66.1500,57,2
2026-01-19,601318,14:10:34,66.1600,68,1
2026-01-19,601318,14:10:37,66.1500,54,2
2026-01-19,601318,14:10:40,66.1600,30,1
2026-01-19,601318,14:10:43,66.1800,125,1
2026-01-19,601318,14:10:46,66.1800,68,1
2026-01-19,601318,14:10:49,66.1900,115,1
2026-01-19,601318,14:10:52,66.1900,125,1
2026-01-19,601318,14:10:56,66.1900,57,1
2026-01-19,601318,14:10:59,66.1800,89,4
2026-01-19,601318,14:11:01,66.1900,60,1
2026-01-19,601318,14:11:05,66.1800,54,2
2026-01-19,601318,14:11:07,66.1900,49,1
2026-01-19,601318,14:11:10,66.1800,168,2
2026-01-19,601318,14:11:13,66.1900,53,1
2026-01-19,601318,14:11:16,66.1900,255,1
2026-01-19,601318,14:11:19,66.1700,72,2
2026-01-19,601318,14:11:22,66.2000,21,1
2026-01-19,601318,14:11:26,66.1900,82,2
2026-01-19,601318,14:11:28,66.1900,37,4
2026-01-19,601318,14:11:32,66.1900,61,2
2026-01-19,601318,14:11:34,66.1900,77,2
2026-01-19,601318,14:11:37,66.2000,60,1
2026-01-19,601318,14:11:40,66.1700,170,2
2026-01-19,601318,14:11:43,66.2000,49,1
2026-01-19,601318,14:11:46,66.2000,35,1
2026-01-19,601318,14:11:49,66.2000,19,1
2026-01-19,601318,14:11:53,66.2000,5,1
2026-01-19,601318,14:11:55,66.1700,64,2
2026-01-19,601318,14:11:58,66.1900,33,1
2026-01-19,601318,14:12:01,66.1800,10,1
2026-01-19,601318,14:12:04,66.1900,9,1
2026-01-19,601318,14:12:08,66.1800,88,4
2026-01-19,601318,14:12:10,66.2000,19,1
2026-01-19,601318,14:12:13,66.1900,83,2
2026-01-19,601318,14:12:17,66.1700,135,2
2026-01-19,601318,14:12:19,66.1700,88,2
2026-01-19,601318,14:12:22,66.1600,48,2
2026-01-19,601318,14:12:25,66.1600,74,2
2026-01-19,601318,14:12:28,66.1500,33,2
2026-01-19,601318,14:12:31,66.1500,66,2
2026-01-19,601318,14:12:34,66.1600,368,1
2026-01-19,601318,14:12:37,66.1500,13,4
2026-01-19,601318,14:12:40,66.1500,37,2
2026-01-19,601318,14:12:43,66.1600,36,1
2026-01-19,601318,14:12:47,66.1700,426,1
2026-01-19,601318,14:12:49,66.1600,76,2
2026-01-19,601318,14:12:53,66.1600,136,2
2026-01-19,601318,14:12:55,66.1600,281,2
2026-01-19,601318,14:12:58,66.1700,38,2
2026-01-19,601318,14:13:02,66.2000,12,1
2026-01-19,601318,14:13:04,66.2000,38,1
2026-01-19,601318,14:13:08,66.1700,23,2
2026-01-19,601318,14:13:10,66.1900,1,1
2026-01-19,601318,14:13:13,66.2000,280,1
2026-01-19,601318,14:13:16,66.2200,5,1
2026-01-19,601318,14:13:19,66.1900,98,2
2026-01-19,601318,14:13:22,66.2100,16,1
2026-01-19,601318,14:13:25,66.2300,48,1
2026-01-19,601318,14:13:28,66.2300,61,1
2026-01-19,601318,14:13:31,66.2400,131,1
2026-01-19,601318,14:13:35,66.2400,48,1
2026-01-19,601318,14:13:37,66.2400,127,1
2026-01-19,601318,14:13:41,66.2800,106,1
2026-01-19,601318,14:13:43,66.2400,12,2
2026-01-19,601318,14:13:46,66.2800,107,1
2026-01-19,601318,14:13:49,66.2900,255,1
2026-01-19,601318,14:13:52,66.2900,81,1
2026-01-19,601318,14:13:55,66.2900,1018,1
2026-01-19,601318,14:13:58,66.3000,129,1
2026-01-19,601318,14:14:02,66.3000,249,1
2026-01-19,601318,14:14:04,66.3000,145,1
2026-01-19,601318,14:14:07,66.2800,346,2
2026-01-19,601318,14:14:10,66.3200,393,1
2026-01-19,601318,14:14:13,66.2700,310,2
2026-01-19,601318,14:14:17,66.2600,95,2
2026-01-19,601318,14:14:20,66.2600,29,1
2026-01-19,601318,14:14:23,66.2600,17,1
2026-01-19,601318,14:14:25,66.2600,53,1
2026-01-19,601318,14:14:29,66.2600,87,1
2026-01-19,601318,14:14:31,66.3000,43,1
2026-01-19,601318,14:14:34,66.3000,28,1
2026-01-19,601318,14:14:37,66.2700,11,2
2026-01-19,601318,14:14:40,66.3000,22,1
2026-01-19,601318,14:14:44,66.3000,70,1
2026-01-19,601318,14:14:46,66.3000,68,1
2026-01-19,601318,14:14:49,66.3000,37,1
2026-01-19,601318,14:14:52,66.3000,539,1
2026-01-19,601318,14:14:56,66.3200,186,1
2026-01-19,601318,14:14:58,66.3200,44,1
2026-01-19,601318,14:15:01,66.3200,50,1
2026-01-19,601318,14:15:04,66.3100,143,2
2026-01-19,601318,14:15:07,66.3300,49,1
2026-01-19,601318,14:15:10,66.3000,191,2
2026-01-19,601318,14:15:14,66.3300,126,1
2026-01-19,601318,14:15:16,66.3200,55,2
2026-01-19,601318,14:15:19,66.3200,24,1
2026-01-19,601318,14:15:22,66.3100,71,2
2026-01-19,601318,14:15:25,66.3300,20,1
2026-01-19,601318,14:15:29,66.3100,17,2
2026-01-19,601318,14:15:31,66.3000,54,2
2026-01-19,601318,14:15:34,66.3000,172,2
2026-01-19,601318,14:15:37,66.3000,61,1
2026-01-19,601318,14:15:41,66.2900,34,4
2026-01-19,601318,14:15:44,66.2900,8,1
2026-01-19,601318,14:15:46,66.2900,40,1
2026-01-19,601318,14:15:49,66.2800,69,2
2026-01-19,601318,14:15:52,66.2800,459,1
2026-01-19,601318,14:15:56,66.2800,128,1
2026-01-19,601318,14:15:58,66.2500,55,2
2026-01-19,601318,14:16:01,66.2800,236,1
2026-01-19,601318,14:16:04,66.2800,92,1
2026-01-19,601318,14:16:07,66.2700,23,4
2026-01-19,601318,14:16:10,66.3000,542,1
2026-01-19,601318,14:16:13,66.3000,161,1
2026-01-19,601318,14:16:16,66.3200,192,1
2026-01-19,601318,14:16:19,66.3300,77,1
2026-01-19,601318,14:16:22,66.3100,10,2
2026-01-19,601318,14:16:26,66.3200,41,1
2026-01-19,601318,14:16:28,66.3200,20,1
2026-01-19,601318,14:16:31,66.3200,49,1
2026-01-19,601318,14:16:34,66.3200,25,1
2026-01-19,601318,14:16:38,66.3200,32,1
2026-01-19,601318,14:16:40,66.3200,28,1
2026-01-19,601318,14:16:43,66.3100,38,2
2026-01-19,601318,14:16:46,66.3200,110,1
2026-01-19,601318,14:16:49,66.3200,61,1
2026-01-19,601318,14:16:52,66.3100,62,4
2026-01-19,601318,14:16:55,66.3100,31,2
2026-01-19,601318,14:16:58,66.3200,61,1
2026-01-19,601318,14:17:01,66.3200,301,1
2026-01-19,601318,14:17:04,66.3100,134,2
2026-01-19,601318,14:17:07,66.3300,33,1
2026-01-19,601318,14:17:10,66.3300,22,1
2026-01-19,601318,14:17:14,66.3300,87,1
2026-01-19,601318,14:17:16,66.3300,55,1
2026-01-19,601318,14:17:19,66.3300,81,1
2026-01-19,601318,14:17:22,66.3000,222,2
2026-01-19,601318,14:17:25,66.3200,137,1
2026-01-19,601318,14:17:28,66.3100,336,4
2026-01-19,601318,14:17:31,66.3200,281,1
2026-01-19,601318,14:17:34,66.3000,83,4
2026-01-19,601318,14:17:37,66.3000,95,2
2026-01-19,601318,14:17:40,66.3100,97,1
2026-01-19,601318,14:17:43,66.2800,20,2
2026-01-19,601318,14:17:46,66.3000,160,1
2026-01-19,601318,14:17:49,66.2900,53,4
2026-01-19,601318,14:17:52,66.2900,48,1
2026-01-19,601318,14:17:55,66.2900,30,1
2026-01-19,601318,14:17:59,66.2800,799,2
2026-01-19,601318,14:18:02,66.2800,175,1
2026-01-19,601318,14:18:04,66.2800,82,1
2026-01-19,601318,14:18:07,66.2800,142,1
2026-01-19,601318,14:18:11,66.2500,183,2
2026-01-19,601318,14:18:13,66.2800,71,1
2026-01-19,601318,14:18:16,66.2400,58,2
2026-01-19,601318,14:18:19,66.2400,42,1
2026-01-19,601318,14:18:22,66.2400,67,1
2026-01-19,601318,14:18:25,66.2400,46,1
2026-01-19,601318,14:18:28,66.2400,70,1
2026-01-19,601318,14:18:31,66.2300,1090,4
2026-01-19,601318,14:18:34,66.2400,255,1
2026-01-19,601318,14:18:37,66.2400,84,1
2026-01-19,601318,14:18:40,66.2300,6,1
2026-01-19,601318,14:18:43,66.2300,62,1
2026-01-19,601318,14:18:47,66.2300,101,1
2026-01-19,601318,14:18:49,66.2000,139,2
2026-01-19,601318,14:18:52,66.2100,188,1
2026-01-19,601318,14:18:55,66.2300,57,1
2026-01-19,601318,14:18:58,66.2300,139,1
2026-01-19,601318,14:19:02,66.2100,191,2
2026-01-19,601318,14:19:04,66.2100,309,2
2026-01-19,601318,14:19:07,66.2000,159,4
2026-01-19,601318,14:19:10,66.1800,124,2
2026-01-19,601318,14:19:13,66.2300,137,1
2026-01-19,601318,14:19:16,66.1800,39,2
2026-01-19,601318,14:19:20,66.2300,15,1
2026-01-19,601318,14:19:23,66.2200,30,1
2026-01-19,601318,14:19:26,66.1900,12,2
2026-01-19,601318,14:19:29,66.2200,35,1
2026-01-19,601318,14:19:31,66.2200,142,1
2026-01-19,601318,14:19:34,66.2200,43,1
2026-01-19,601318,14:19:37,66.2200,308,1
2026-01-19,601318,14:19:40,66.2500,43,1
2026-01-19,601318,14:19:43,66.2200,56,2
2026-01-19,601318,14:19:46,66.2300,29,2
2026-01-19,601318,14:19:50,66.2500,32,1
2026-01-19,601318,14:19:52,66.2600,24,1
2026-01-19,601318,14:19:56,66.2700,104,1
2026-01-19,601318,14:19:58,66.2700,36,1
2026-01-19,601318,14:20:01,66.2600,249,4
2026-01-19,601318,14:20:05,66.3000,136,1
2026-01-19,601318,14:20:07,66.2700,67,2
2026-01-19,601318,14:20:10,66.3000,299,1
2026-01-19,601318,14:20:13,66.3000,60,1
2026-01-19,601318,14:20:16,66.3000,260,1
2026-01-19,601318,14:20:19,66.3000,16,1
2026-01-19,601318,14:20:23,66.2900,142,2
2026-01-19,601318,14:20:25,66.2600,90,2
2026-01-19,601318,14:20:28,66.2600,56,2
2026-01-19,601318,14:20:32,66.2800,34,1
2026-01-19,601318,14:20:35,66.2500,60,2
2026-01-19,601318,14:20:37,66.2700,12,1
2026-01-19,601318,14:20:40,66.2500,128,2
2026-01-19,601318,14:20:44,66.2700,34,1
2026-01-19,601318,14:20:46,66.2800,126,1
2026-01-19,601318,14:20:49,66.2900,49,1
2026-01-19,601318,14:20:52,66.3000,83,1
2026-01-19,601318,14:20:55,66.2900,3,4
2026-01-19,601318,14:20:58,66.2900,51,1
2026-01-19,601318,14:21:01,66.2900,204,1
2026-01-19,601318,14:21:04,66.3000,148,1
2026-01-19,601318,14:21:07,66.2900,43,4
2026-01-19,601318,14:21:11,66.3000,47,1
2026-01-19,601318,14:21:13,66.2900,76,2
2026-01-19,601318,14:21:16,66.2800,42,2
2026-01-19,601318,14:21:19,66.2800,89,2
2026-01-19,601318,14:21:22,66.2700,115,2
2026-01-19,601318,14:21:25,66.2700,47,4
2026-01-19,601318,14:21:28,66.2200,98,2
2026-01-19,601318,14:21:31,66.2700,37,1
2026-01-19,601318,14:21:34,66.2700,68,1
2026-01-19,601318,14:21:37,66.2400,51,2
2026-01-19,601318,14:21:40,66.2700,247,1
2026-01-19,601318,14:21:43,66.2800,31,1
2026-01-19,601318,14:21:46,66.2500,69,2
2026-01-19,601318,14:21:50,66.2700,44,1
2026-01-19,601318,14:21:52,66.2400,72,2
2026-01-19,601318,14:21:55,66.2300,78,2
2026-01-19,601318,14:21:58,66.2200,16,2
2026-01-19,601318,14:22:02,66.2600,16,1
2026-01-19,601318,14:22:04,66.2600,107,1
2026-01-19,601318,14:22:08,66.2600,33,1
2026-01-19,601318,14:22:10,66.2500,102,2
2026-01-19,601318,14:22:13,66.2600,117,1
2026-01-19,601318,14:22:17,66.2700,61,1
2026-01-19,601318,14:22:19,66.2600,54,4
2026-01-19,601318,14:22:23,66.2700,231,1
2026-01-19,601318,14:22:25,66.2900,75,1
2026-01-19,601318,14:22:29,66.2600,100,2
2026-01-19,601318,14:22:32,66.2600,162,1
2026-01-19,601318,14:22:34,66.2700,213,1
2026-01-19,601318,14:22:37,66.2900,55,1
2026-01-19,601318,14:22:41,66.2800,37,4
2026-01-19,601318,14:22:43,66.2800,33,1
2026-01-19,601318,14:22:47,66.2700,105,2
2026-01-19,601318,14:22:49,66.2800,190,1
2026-01-19,601318,14:22:52,66.2700,34,4
2026-01-19,601318,14:22:55,66.2700,91,1
2026-01-19,601318,14:22:59,66.2800,29,1
2026-01-19,601318,14:23:01,66.2800,36,1
2026-01-19,601318,14:23:05,66.2800,15,1
2026-01-19,601318,14:23:08,66.2800,86,1
2026-01-19,601318,14:23:11,66.2900,87,1
2026-01-19,601318,14:23:13,66.2900,37,1
2026-01-19,601318,14:23:16,66.2900,45,1
2026-01-19,601318,14:23:19,66.2800,73,2
2026-01-19,601318,14:23:23,66.2900,37,4
2026-01-19,601318,14:23:25,66.3000,86,1
2026-01-19,601318,14:23:29,66.3000,34,1
2026-01-19,601318,14:23:31,66.2800,170,2
2026-01-19,601318,14:23:35,66.3000,153,1
2026-01-19,601318,14:23:37,66.2600,151,2
2026-01-19,601318,14:23:40,66.3000,79,1
2026-01-19,601318,14:23:44,66.3000,59,1
2026-01-19,601318,14:23:46,66.2800,315,2
2026-01-19,601318,14:23:49,66.2900,67,1
2026-01-19,601318,14:23:52,66.2800,85,2
2026-01-19,601318,14:23:55,66.2600,81,2
2026-01-19,601318,14:23:58,66.2700,55,1
2026-01-19,601318,14:24:01,66.2700,80,4
2026-01-19,601318,14:24:04,66.2600,67,2
2026-01-19,601318,14:24:08,66.2700,153,1
2026-01-19,601318,14:24:11,66.2500,224,2
2026-01-19,601318,14:24:13,66.2200,72,2
2026-01-19,601318,14:24:16,66.2200,355,1
2026-01-19,601318,14:24:19,66.2500,74,1
2026-01-19,601318,14:24:22,66.2600,90,1
2026-01-19,601318,14:24:25,66.2500,20,1
2026-01-19,601318,14:24:28,66.2500,137,1
2026-01-19,601318,14:24:31,66.2300,50,2
2026-01-19,601318,14:24:34,66.2700,95,1
2026-01-19,601318,14:24:38,66.2700,70,1
2026-01-19,601318,14:24:41,66.2300,57,2
2026-01-19,601318,14:24:44,66.2900,29,1
2026-01-19,601318,14:24:46,66.2500,47,2
2026-01-19,601318,14:24:49,66.2900,31,1
2026-01-19,601318,14:24:52,66.2900,42,1
2026-01-19,601318,14:24:55,66.2800,17,1
2026-01-19,601318,14:24:59,66.2800,96,1
2026-01-19,601318,14:25:01,66.2900,33,1
2026-01-19,601318,14:25:04,66.2800,50,4
2026-01-19,601318,14:25:07,66.2700,43,2
2026-01-19,601318,14:25:11,66.2900,49,1
2026-01-19,601318,14:25:13,66.2700,23,2
2026-01-19,601318,14:25:17,66.3000,45,1
2026-01-19,601318,14:25:19,66.2800,169,2
2026-01-19,601318,14:25:22,66.2800,37,1
2026-01-19,601318,14:25:26,66.2700,135,2
2026-01-19,601318,14:25:28,66.2800,26,1
2026-01-19,601318,14:25:32,66.2800,288,1
2026-01-19,601318,14:25:34,66.3000,37,1
2026-01-19,601318,14:25:37,66.3000,77,1
2026-01-19,601318,14:25:40,66.3000,8,1
2026-01-19,601318,14:25:43,66.2800,215,2
2026-01-19,601318,14:25:46,66.3000,45,1
2026-01-19,601318,14:25:49,66.3000,83,1
2026-01-19,601318,14:25:52,66.3000,106,1
2026-01-19,601318,14:25:55,66.3100,153,1
2026-01-19,601318,14:25:58,66.2800,88,2
2026-01-19,601318,14:26:01,66.3100,54,1
2026-01-19,601318,14:26:04,66.3000,87,2
2026-01-19,601318,14:26:08,66.3100,45,1
2026-01-19,601318,14:26:10,66.2900,281,2
2026-01-19,601318,14:26:13,66.2600,223,2
2026-01-19,601318,14:26:16,66.2800,284,1
2026-01-19,601318,14:26:19,66.2800,228,1
2026-01-19,601318,14:26:22,66.2800,64,1
2026-01-19,601318,14:26:25,66.2800,133,1
2026-01-19,601318,14:26:28,66.2800,68,1
2026-01-19,601318,14:26:32,66.2700,31,1
2026-01-19,601318,14:26:37,66.2500,85,2
2026-01-19,601318,14:26:40,66.2700,419,1
2026-01-19,601318,14:26:43,66.2800,80,1
2026-01-19,601318,14:26:47,66.2600,71,2
2026-01-19,601318,14:26:49,66.2800,73,1
2026-01-19,601318,14:26:52,66.2800,19,1
2026-01-19,601318,14:26:55,66.2600,11,2
2026-01-19,601318,14:26:58,66.2700,39,4
2026-01-19,601318,14:27:01,66.2600,42,2
2026-01-19,601318,14:27:04,66.2600,595,2
2026-01-19,601318,14:27:07,66.3100,140,1
2026-01-19,601318,14:27:10,66.2800,88,2
2026-01-19,601318,14:27:14,66.3100,51,1
2026-01-19,601318,14:27:16,66.3100,116,1
2026-01-19,601318,14:27:19,66.3100,117,1
2026-01-19,601318,14:27:22,66.3100,89,1
2026-01-19,601318,14:27:25,66.2800,26,2
2026-01-19,601318,14:27:28,66.2700,41,2
2026-01-19,601318,14:27:31,66.2700,144,2
2026-01-19,601318,14:27:34,66.2700,57,1
2026-01-19,601318,14:27:37,66.2600,26,2
2026-01-19,601318,14:27:40,66.2600,70,2
2026-01-19,601318,14:27:43,66.2500,150,2
2026-01-19,601318,14:27:46,66.2700,68,1
2026-01-19,601318,14:27:49,66.2600,40,2
2026-01-19,601318,14:27:52,66.2500,53,2
2026-01-19,601318,14:27:55,66.2600,63,1
2026-01-19,601318,14:27:59,66.2700,65,1
2026-01-19,601318,14:28:01,66.2700,33,1
2026-01-19,601318,14:28:04,66.2400,150,2
2026-01-19,601318,14:28:07,66.2400,157,1
2026-01-19,601318,14:28:10,66.2400,147,1
2026-01-19,601318,14:28:13,66.2200,128,1
2026-01-19,601318,14:28:17,66.2100,204,2
2026-01-19,601318,14:28:20,66.2100,308,4
2026-01-19,601318,14:28:22,66.2000,93,4
2026-01-19,601318,14:28:26,66.2200,64,1
2026-01-19,601318,14:28:28,66.2000,168,2
2026-01-19,601318,14:28:31,66.2200,58,1
2026-01-19,601318,14:28:34,66.2000,16,2
2026-01-19,601318,14:28:37,66.2000,6,2
2026-01-19,601318,14:28:41,66.2100,148,1
2026-01-19,601318,14:28:43,66.2100,66,2
2026-01-19,601318,14:28:46,66.2100,374,1
2026-01-19,601318,14:28:49,66.2400,94,1
2026-01-19,601318,14:28:52,66.2300,16,1
2026-01-19,601318,14:28:55,66.2200,37,2
2026-01-19,601318,14:28:58,66.2400,86,1
2026-01-19,601318,14:29:01,66.2400,76,1
2026-01-19,601318,14:29:04,66.2600,66,1
2026-01-19,601318,14:29:07,66.2500,24,4
2026-01-19,601318,14:29:10,66.2600,24,1
2026-01-19,601318,14:29:13,66.2600,47,1
2026-01-19,601318,14:29:16,66.2500,91,4
2026-01-19,601318,14:29:19,66.2400,55,2
2026-01-19,601318,14:29:22,66.2400,148,4
2026-01-19,601318,14:29:25,66.2600,54,1
2026-01-19,601318,14:29:28,66.2600,65,1
2026-01-19,601318,14:29:31,66.2500,23,1
2026-01-19,601318,14:29:34,66.2400,37,2
2026-01-19,601318,14:29:37,66.2400,7,2
2026-01-19,601318,14:29:40,66.2400,14,2
2026-01-19,601318,14:29:43,66.2400,28,2
2026-01-19,601318,14:29:47,66.2400,90,2
2026-01-19,601318,14:29:49,66.2500,84,1
2026-01-19,601318,14:29:53,66.2500,30,1
2026-01-19,601318,14:29:55,66.2800,495,1
2026-01-19,601318,14:29:58,66.2600,83,2
2026-01-19,601318,14:30:01,66.2800,92,1
2026-01-19,601318,14:30:04,66.3000,37,1
2026-01-19,601318,14:30:07,66.2800,83,4
2026-01-19,601318,14:30:10,66.2500,254,2
2026-01-19,601318,14:30:13,66.2600,196,1
2026-01-19,601318,14:30:16,66.2900,273,1
2026-01-19,601318,14:30:20,66.3000,141,1
2026-01-19,601318,14:30:22,66.2600,98,2
2026-01-19,601318,14:30:26,66.2900,24,1
2026-01-19,601318,14:30:28,66.2500,18,2
2026-01-19,601318,14:30:31,66.2800,83,1
2026-01-19,601318,14:30:34,66.2600,3,2
2026-01-19,601318,14:30:38,66.2500,18,2
2026-01-19,601318,14:30:40,66.2500,36,2
2026-01-19,601318,14:30:43,66.2700,71,1
2026-01-19,601318,14:30:46,66.2500,109,2
2026-01-19,601318,14:30:49,66.2500,158,2
2026-01-19,601318,14:30:53,66.2600,86,1
2026-01-19,601318,14:30:55,66.2500,4,4
2026-01-19,601318,14:30:58,66.2500,23,2
2026-01-19,601318,14:31:01,66.2500,245,2
2026-01-19,601318,14:31:05,66.2600,372,1
2026-01-19,601318,14:31:07,66.3000,224,1
2026-01-19,601318,14:31:11,66.2900,69,2
2026-01-19,601318,14:31:13,66.2900,85,2
2026-01-19,601318,14:31:16,66.2800,30,2
2026-01-19,601318,14:31:20,66.2900,83,1
2026-01-19,601318,14:31:22,66.2900,20,1
2026-01-19,601318,14:31:26,66.2800,55,1
2026-01-19,601318,14:31:28,66.2900,139,1
2026-01-19,601318,14:31:31,66.2900,38,1
2026-01-19,601318,14:31:34,66.2900,17,1
2026-01-19,601318,14:31:37,66.2800,113,2
2026-01-19,601318,14:31:40,66.2600,123,2
2026-01-19,601318,14:31:43,66.2900,178,1
2026-01-19,601318,14:31:47,66.2900,43,1
2026-01-19,601318,14:31:49,66.2900,48,1
2026-01-19,601318,14:31:52,66.2600,6,2
2026-01-19,601318,14:31:55,66.2600,22,2
2026-01-19,601318,14:31:58,66.2800,30,1
2026-01-19,601318,14:32:01,66.2800,16,1
2026-01-19,601318,14:32:04,66.2800,57,1
2026-01-19,601318,14:32:07,66.2900,241,1
2026-01-19,601318,14:32:10,66.3000,138,1
2026-01-19,601318,14:32:13,66.2900,301,4
2026-01-19,601318,14:32:16,66.3100,275,1
2026-01-19,601318,14:32:19,66.3000,411,2
2026-01-19,601318,14:32:22,66.3300,188,1
2026-01-19,601318,14:32:25,66.3300,73,1
2026-01-19,601318,14:32:28,66.3000,103,2
2026-01-19,601318,14:32:31,66.3300,37,1
2026-01-19,601318,14:32:34,66.3300,119,1
2026-01-19,601318,14:32:38,66.3300,89,1
2026-01-19,601318,14:32:40,66.3300,44,1
2026-01-19,601318,14:32:43,66.3100,84,2
2026-01-19,601318,14:32:46,66.3200,59,4
2026-01-19,601318,14:32:49,66.3200,88,1
2026-01-19,601318,14:32:52,66.3100,149,2
2026-01-19,601318,14:32:55,66.3100,58,1
2026-01-19,601318,14:32:58,66.3200,75,1
2026-01-19,601318,14:33:01,66.3200,87,1
2026-01-19,601318,14:33:04,66.3200,237,1
2026-01-19,601318,14:33:07,66.3200,753,1
2026-01-19,601318,14:33:10,66.3200,391,1
2026-01-19,601318,14:33:13,66.3500,367,1
2026-01-19,601318,14:33:16,66.3500,161,1
2026-01-19,601318,14:33:19,66.3500,98,1
2026-01-19,601318,14:33:23,66.3300,71,2
2026-01-19,601318,14:33:25,66.3400,45,4
2026-01-19,601318,14:33:28,66.3300,25,2
2026-01-19,601318,14:33:31,66.3400,39,4
2026-01-19,601318,14:33:34,66.3500,21,1
2026-01-19,601318,14:33:37,66.3400,112,2
2026-01-19,601318,14:33:40,66.3400,32,1
2026-01-19,601318,14:33:43,66.3500,71,1
2026-01-19,601318,14:33:47,66.3500,21,1
2026-01-19,601318,14:33:49,66.3500,33,1
2026-01-19,601318,14:33:53,66.3400,12,2
2026-01-19,601318,14:33:56,66.3500,472,1
2026-01-19,601318,14:33:58,66.3500,136,2
2026-01-19,601318,14:34:02,66.3600,66,1
2026-01-19,601318,14:34:04,66.4000,316,1
2026-01-19,601318,14:34:07,66.4000,168,1
2026-01-19,601318,14:34:10,66.3600,147,2
2026-01-19,601318,14:34:14,66.3700,49,2
2026-01-19,601318,14:34:16,66.3700,9,2
2026-01-19,601318,14:34:19,66.3700,293,2
2026-01-19,601318,14:34:23,66.3500,12,2
2026-01-19,601318,14:34:26,66.3600,65,4
2026-01-19,601318,14:34:28,66.3500,199,2
2026-01-19,601318,14:34:31,66.3800,62,1
2026-01-19,601318,14:34:34,66.3800,195,1
2026-01-19,601318,14:34:38,66.3800,174,1
2026-01-19,601318,14:34:40,66.3900,126,1
2026-01-19,601318,14:34:43,66.3900,58,1
2026-01-19,601318,14:34:46,66.3800,191,2
2026-01-19,601318,14:34:49,66.3800,317,1
2026-01-19,601318,14:34:52,66.3700,107,2
2026-01-19,601318,14:34:55,66.3700,307,2
2026-01-19,601318,14:34:58,66.3900,102,1
2026-01-19,601318,14:35:01,66.3900,87,1
2026-01-19,601318,14:35:04,66.3900,60,1
2026-01-19,601318,14:35:08,66.3900,533,1
2026-01-19,601318,14:35:10,66.4200,153,1
2026-01-19,601318,14:35:13,66.4000,136,2
2026-01-19,601318,14:35:16,66.3900,133,2
2026-01-19,601318,14:35:20,66.4200,65,1
2026-01-19,601318,14:35:22,66.4200,52,1
2026-01-19,601318,14:35:25,66.3900,19,2
2026-01-19,601318,14:35:28,66.3700,304,2
2026-01-19,601318,14:35:32,66.3800,165,1
2026-01-19,601318,14:35:34,66.3800,309,1
2026-01-19,601318,14:35:37,66.3800,123,1
2026-01-19,601318,14:35:40,66.3500,147,2
2026-01-19,601318,14:35:44,66.3600,259,2
2026-01-19,601318,14:35:46,66.3400,242,2
2026-01-19,601318,14:35:49,66.3100,446,2
2026-01-19,601318,14:35:52,66.2800,270,2
2026-01-19,601318,14:35:55,66.3000,165,2
2026-01-19,601318,14:35:58,66.2900,183,2
2026-01-19,601318,14:36:01,66.2800,284,4
2026-01-19,601318,14:36:04,66.2800,524,1
2026-01-19,601318,14:36:07,66.3100,333,1
2026-01-19,601318,14:36:10,66.2700,144,2
2026-01-19,601318,14:36:13,66.2700,240,2
2026-01-19,601318,14:36:16,66.2600,204,2
2026-01-19,601318,14:36:19,66.2800,89,1
2026-01-19,601318,14:36:22,66.2600,121,2
2026-01-19,601318,14:36:25,66.2600,80,2
2026-01-19,601318,14:36:28,66.2600,126,2
2026-01-19,601318,14:36:32,66.2900,545,1
2026-01-19,601318,14:36:34,66.2700,158,2
2026-01-19,601318,14:36:38,66.3300,176,1
2026-01-19,601318,14:36:41,66.3300,96,2
2026-01-19,601318,14:36:43,66.3300,72,2
2026-01-19,601318,14:36:46,66.3200,390,2
2026-01-19,601318,14:36:49,66.3000,339,2
2026-01-19,601318,14:36:52,66.2700,222,2
2026-01-19,601318,14:36:56,66.3400,116,1
2026-01-19,601318,14:36:58,66.3300,105,1
2026-01-19,601318,14:37:01,66.2500,305,2
2026-01-19,601318,14:37:05,66.3200,164,1
2026-01-19,601318,14:37:07,66.2700,164,2
2026-01-19,601318,14:37:10,66.2700,200,1
2026-01-19,601318,14:37:13,66.2700,75,1
2026-01-19,601318,14:37:16,66.2700,88,1
2026-01-19,601318,14:37:20,66.2700,92,1
2026-01-19,601318,14:37:22,66.2300,72,2
2026-01-19,601318,14:37:25,66.2600,65,1
2026-01-19,601318,14:37:28,66.2600,79,2
2026-01-19,601318,14:37:31,66.2600,77,1
2026-01-19,601318,14:37:34,66.2500,86,2
2026-01-19,601318,14:37:37,66.2600,51,1
2026-01-19,601318,14:37:40,66.2700,675,1
2026-01-19,601318,14:37:43,66.2700,186,1
2026-01-19,601318,14:37:47,66.3200,117,1
2026-01-19,601318,14:37:50,66.3100,343,1
2026-01-19,601318,14:37:52,66.3100,201,1
2026-01-19,601318,14:37:55,66.3200,134,1
2026-01-19,601318,14:37:58,66.2600,48,2
2026-01-19,601318,14:38:01,66.2700,170,2
2026-01-19,601318,14:38:04,66.3100,199,1
2026-01-19,601318,14:38:07,66.3200,89,1
2026-01-19,601318,14:38:10,66.3200,91,1
2026-01-19,601318,14:38:13,66.3100,65,1
2026-01-19,601318,14:38:16,66.3100,197,1
2026-01-19,601318,14:38:19,66.3000,203,2
2026-01-19,601318,14:38:23,66.3100,54,1
2026-01-19,601318,14:38:25,66.3000,106,2
2026-01-19,601318,14:38:28,66.2800,167,2
2026-01-19,601318,14:38:31,66.2600,323,2
2026-01-19,601318,14:38:34,66.2500,668,2
2026-01-19,601318,14:38:37,66.2800,291,1
2026-01-19,601318,14:38:40,66.2800,151,1
2026-01-19,601318,14:38:43,66.2800,101,1
2026-01-19,601318,14:38:46,66.2500,133,2
2026-01-19,601318,14:38:49,66.2300,50,2
2026-01-19,601318,14:38:53,66.2300,823,2
2026-01-19,601318,14:38:55,66.2600,49,1
2026-01-19,601318,14:38:59,66.2600,71,1
2026-01-19,601318,14:39:02,66.2600,133,2
2026-01-19,601318,14:39:05,66.2700,337,1
2026-01-19,601318,14:39:08,66.3500,109,1
2026-01-19,601318,14:39:10,66.2900,155,2
2026-01-19,601318,14:39:14,66.2900,98,2
2026-01-19,601318,14:39:16,66.3300,29,1
2026-01-19,601318,14:39:19,66.3500,88,1
2026-01-19,601318,14:39:22,66.2900,47,2
2026-01-19,601318,14:39:25,66.3600,53,1
2026-01-19,601318,14:39:28,66.3500,474,1
2026-01-19,601318,14:39:31,66.3200,68,2
2026-01-19,601318,14:39:35,66.3100,92,2
2026-01-19,601318,14:39:37,66.3500,49,1
2026-01-19,601318,14:39:40,66.3500,13,1
2026-01-19,601318,14:39:43,66.3500,69,1
2026-01-19,601318,14:39:46,66.3400,222,2
2026-01-19,601318,14:39:49,66.3500,47,1
2026-01-19,601318,14:39:53,66.3300,70,2
2026-01-19,601318,14:39:55,66.3300,44,2
2026-01-19,601318,14:39:58,66.3400,175,2
2026-01-19,601318,14:40:02,66.3300,1112,2
2026-01-19,601318,14:40:04,66.3400,212,4
2026-01-19,601318,14:40:07,66.3500,670,1
2026-01-19,601318,14:40:11,66.3600,145,2
2026-01-19,601318,14:40:13,66.3600,219,2
2026-01-19,601318,14:40:16,66.3900,62,1
2026-01-19,601318,14:40:19,66.3600,147,2
2026-01-19,601318,14:40:22,66.3900,66,1
2026-01-19,601318,14:40:25,66.3700,68,2
2026-01-19,601318,14:40:28,66.3600,265,2
2026-01-19,601318,14:40:31,66.3500,636,2
2026-01-19,601318,14:40:34,66.3500,657,2
2026-01-19,601318,14:40:37,66.3600,197,2
2026-01-19,601318,14:40:40,66.3600,166,1
2026-01-19,601318,14:40:43,66.3500,59,2
2026-01-19,601318,14:40:46,66.3600,20,1
2026-01-19,601318,14:40:49,66.3600,110,1
2026-01-19,601318,14:40:52,66.3500,153,2
2026-01-19,601318,14:40:55,66.3600,77,1
2026-01-19,601318,14:40:58,66.3500,72,2
2026-01-19,601318,14:41:02,66.3600,151,1
2026-01-19,601318,14:41:04,66.3700,217,1
2026-01-19,601318,14:41:07,66.3800,260,1
2026-01-19,601318,14:41:10,66.3800,93,1
2026-01-19,601318,14:41:13,66.3800,143,1
2026-01-19,601318,14:41:16,66.4000,368,1
2026-01-19,601318,14:41:20,66.4000,116,1
2026-01-19,601318,14:41:22,66.4100,107,1
2026-01-19,601318,14:41:26,66.4100,78,1
2026-01-19,601318,14:41:29,66.3800,77,2
2026-01-19,601318,14:41:31,66.3700,100,2
2026-01-19,601318,14:41:35,66.3900,335,1
2026-01-19,601318,14:41:38,66.3500,99,2
2026-01-19,601318,14:41:41,66.3700,132,1
2026-01-19,601318,14:41:43,66.3700,55,1
2026-01-19,601318,14:41:46,66.3800,39,1
2026-01-19,601318,14:41:49,66.3700,338,1
2026-01-19,601318,14:41:53,66.3700,117,1
2026-01-19,601318,14:41:55,66.3600,60,2
2026-01-19,601318,14:41:59,66.3700,53,1
2026-01-19,601318,14:42:01,66.3800,36,1
2026-01-19,601318,14:42:04,66.3800,73,1
2026-01-19,601318,14:42:07,66.3900,39,1
2026-01-19,601318,14:42:10,66.3900,37,1
2026-01-19,601318,14:42:13,66.3800,310,2
2026-01-19,601318,14:42:16,66.3900,196,1
2026-01-19,601318,14:42:19,66.3900,183,2
2026-01-19,601318,14:42:23,66.3700,132,2
2026-01-19,601318,14:42:26,66.3700,60,2
2026-01-19,601318,14:42:28,66.3700,71,2
2026-01-19,601318,14:42:31,66.3700,807,4
2026-01-19,601318,14:42:34,66.3400,31,2
2026-01-19,601318,14:42:38,66.3500,59,4
2026-01-19,601318,14:42:41,66.3500,41,1
2026-01-19,601318,14:42:43,66.3600,8,1
2026-01-19,601318,14:42:46,66.3600,17,1
2026-01-19,601318,14:42:49,66.3500,48,2
2026-01-19,601318,14:42:52,66.3700,177,1
2026-01-19,601318,14:42:55,66.3700,221,1
2026-01-19,601318,14:42:58,66.3700,77,2
2026-01-19,601318,14:43:02,66.3700,209,2
2026-01-19,601318,14:43:04,66.3800,250,1
2026-01-19,601318,14:43:07,66.4100,185,1
2026-01-19,601318,14:43:10,66.3800,115,2
2026-01-19,601318,14:43:14,66.4200,198,1
2026-01-19,601318,14:43:16,66.4000,61,2
2026-01-19,601318,14:43:19,66.4100,53,1
2026-01-19,601318,14:43:22,66.4100,204,2
2026-01-19,601318,14:43:26,66.4100,96,2
2026-01-19,601318,14:43:28,66.4000,530,2
2026-01-19,601318,14:43:31,66.4000,119,4
2026-01-19,601318,14:43:35,66.4000,57,1
2026-01-19,601318,14:43:38,66.4000,158,1
2026-01-19,601318,14:43:40,66.4000,63,1
2026-01-19,601318,14:43:43,66.4000,126,2
2026-01-19,601318,14:43:46,66.4000,16,2
2026-01-19,601318,14:43:49,66.4100,30,1
2026-01-19,601318,14:43:52,66.4000,68,2
2026-01-19,601318,14:43:55,66.4100,57,1
2026-01-19,601318,14:43:58,66.4100,326,1
2026-01-19,601318,14:44:02,66.4100,100,1
2026-01-19,601318,14:44:04,66.4000,38,4
2026-01-19,601318,14:44:07,66.3900,66,2
2026-01-19,601318,14:44:10,66.3900,500,2
2026-01-19,601318,14:44:13,66.3800,16,2
2026-01-19,601318,14:44:16,66.3800,123,2
2026-01-19,601318,14:44:20,66.3900,547,1
2026-01-19,601318,14:44:22,66.3800,433,2
2026-01-19,601318,14:44:25,66.3900,42,1
2026-01-19,601318,14:44:28,66.3800,127,2
2026-01-19,601318,14:44:31,66.3800,174,2
2026-01-19,601318,14:44:34,66.3700,159,2
2026-01-19,601318,14:44:37,66.3700,58,2
2026-01-19,601318,14:44:40,66.3600,110,2
2026-01-19,601318,14:44:43,66.3700,379,1
2026-01-19,601318,14:44:46,66.3900,45,1
2026-01-19,601318,14:44:49,66.3900,39,1
2026-01-19,601318,14:44:53,66.3800,6,2
2026-01-19,601318,14:44:56,66.3900,57,1
2026-01-19,601318,14:44:58,66.3800,43,2
2026-01-19,601318,14:45:01,66.3800,67,2
2026-01-19,601318,14:45:04,66.3900,135,1
2026-01-19,601318,14:45:07,66.3800,172,2
2026-01-19,601318,14:45:10,66.3600,281,2
2026-01-19,601318,14:45:13,66.3400,626,2
2026-01-19,601318,14:45:16,66.3500,15,2
2026-01-19,601318,14:45:19,66.3700,495,1
2026-01-19,601318,14:45:22,66.3900,1559,1
2026-01-19,601318,14:45:25,66.3800,164,2
2026-01-19,601318,14:45:29,66.4000,85,1
2026-01-19,601318,14:45:31,66.3600,817,2
2026-01-19,601318,14:45:34,66.3900,171,2
2026-01-19,601318,14:45:37,66.4000,67,1
2026-01-19,601318,14:45:40,66.3600,564,2
2026-01-19,601318,14:45:44,66.3600,223,2
2026-01-19,601318,14:45:47,66.3700,38,1
2026-01-19,601318,14:45:49,66.3800,537,1
2026-01-19,601318,14:45:52,66.3800,391,2
2026-01-19,601318,14:45:55,66.3800,222,2
2026-01-19,601318,14:45:58,66.3500,82,2
2026-01-19,601318,14:46:01,66.3300,179,2
2026-01-19,601318,14:46:04,66.3400,133,1
2026-01-19,601318,14:46:07,66.3500,69,1
2026-01-19,601318,14:46:11,66.3300,41,2
2026-01-19,601318,14:46:13,66.3500,30,1
2026-01-19,601318,14:46:16,66.3500,428,1
2026-01-19,601318,14:46:19,66.3800,1290,1
2026-01-19,601318,14:46:23,66.3800,273,1
2026-01-19,601318,14:46:25,66.3900,14,1
2026-01-19,601318,14:46:28,66.3900,55,2
2026-01-19,601318,14:46:31,66.4000,49,1
2026-01-19,601318,14:46:35,66.4000,19,1
2026-01-19,601318,14:46:38,66.4000,61,1
2026-01-19,601318,14:46:40,66.4000,76,1
2026-01-19,601318,14:46:44,66.4000,149,1
2026-01-19,601318,14:46:46,66.4000,146,2
2026-01-19,601318,14:46:50,66.4100,25,1
2026-01-19,601318,14:46:52,66.4000,43,2
2026-01-19,601318,14:46:55,66.4100,72,1
2026-01-19,601318,14:46:58,66.4100,84,1
2026-01-19,601318,14:47:01,66.4000,100,2
2026-01-19,601318,14:47:04,66.4100,344,1
2026-01-19,601318,14:47:07,66.4100,486,1
2026-01-19,601318,14:47:10,66.4300,301,1
2026-01-19,601318,14:47:14,66.4300,398,1
2026-01-19,601318,14:47:16,66.4200,257,2
2026-01-19,601318,14:47:19,66.4300,118,4
2026-01-19,601318,14:47:22,66.4800,504,1
2026-01-19,601318,14:47:25,66.4300,72,2
2026-01-19,601318,14:47:28,66.4500,313,1
2026-01-19,601318,14:47:32,66.4300,44,2
2026-01-19,601318,14:47:34,66.4300,232,2
2026-01-19,601318,14:47:37,66.4300,254,2
2026-01-19,601318,14:47:41,66.4600,238,1
2026-01-19,601318,14:47:43,66.4300,15,2
2026-01-19,601318,14:47:46,66.4500,137,1
2026-01-19,601318,14:47:50,66.4300,93,2
2026-01-19,601318,14:47:53,66.4400,225,1
2026-01-19,601318,14:47:55,66.4400,104,2
2026-01-19,601318,14:47:59,66.4500,196,1
2026-01-19,601318,14:48:01,66.4400,353,2
2026-01-19,601318,14:48:04,66.4700,111,1
2026-01-19,601318,14:48:08,66.4500,68,2
2026-01-19,601318,14:48:10,66.4500,99,2
2026-01-19,601318,14:48:14,66.4600,47,1
2026-01-19,601318,14:48:16,66.4500,37,2
2026-01-19,601318,14:48:19,66.4500,80,2
2026-01-19,601318,14:48:22,66.4500,33,2
2026-01-19,601318,14:48:25,66.4500,77,2
2026-01-19,601318,14:48:28,66.4500,55,2
2026-01-19,601318,14:48:31,66.4500,73,2
2026-01-19,601318,14:48:34,66.4500,177,2
2026-01-19,601318,14:48:37,66.4500,96,2
2026-01-19,601318,14:48:40,66.4500,158,2
2026-01-19,601318,14:48:43,66.4500,798,2
2026-01-19,601318,14:48:46,66.4500,199,1
2026-01-19,601318,14:48:50,66.4600,231,1
2026-01-19,601318,14:48:53,66.4600,105,1
2026-01-19,601318,14:48:56,66.4700,23,1
2026-01-19,601318,14:48:59,66.4700,627,1
2026-01-19,601318,14:49:02,66.4600,262,4
2026-01-19,601318,14:49:04,66.4500,84,2
2026-01-19,601318,14:49:07,66.4600,141,4
2026-01-19,601318,14:49:10,66.4700,349,1
2026-01-19,601318,14:49:14,66.4500,197,2
2026-01-19,601318,14:49:17,66.4400,364,2
2026-01-19,601318,14:49:19,66.4400,56,2
2026-01-19,601318,14:49:22,66.4300,78,2
2026-01-19,601318,14:49:25,66.4400,116,1
2026-01-19,601318,14:49:28,66.4100,419,2
2026-01-19,601318,14:49:32,66.4100,112,2
2026-01-19,601318,14:49:34,66.4100,220,1
2026-01-19,601318,14:49:37,66.4000,62,2
2026-01-19,601318,14:49:41,66.3900,154,4
2026-01-19,601318,14:49:44,66.3800,47,2
2026-01-19,601318,14:49:46,66.3700,80,2
2026-01-19,601318,14:49:49,66.3700,87,1
2026-01-19,601318,14:49:52,66.3600,62,2
2026-01-19,601318,14:49:55,66.3600,524,2
2026-01-19,601318,14:49:58,66.3700,101,1
2026-01-19,601318,14:50:01,66.3700,174,1
2026-01-19,601318,14:50:04,66.3500,664,2
2026-01-19,601318,14:50:08,66.3500,253,2
2026-01-19,601318,14:50:10,66.3400,216,2
2026-01-19,601318,14:50:13,66.3600,292,1
2026-01-19,601318,14:50:16,66.3300,170,2
2026-01-19,601318,14:50:19,66.3500,59,1
2026-01-19,601318,14:50:22,66.3400,146,2
2026-01-19,601318,14:50:26,66.3500,261,1
2026-01-19,601318,14:50:28,66.3500,45,4
2026-01-19,601318,14:50:32,66.3400,162,2
2026-01-19,601318,14:50:35,66.3400,136,2
2026-01-19,601318,14:50:37,66.3500,54,1
2026-01-19,601318,14:50:40,66.3400,304,2
2026-01-19,601318,14:50:43,66.3300,438,2
2026-01-19,601318,14:50:46,66.3100,81,2
2026-01-19,601318,14:50:49,66.3100,96,4
2026-01-19,601318,14:50:52,66.3000,305,2
2026-01-19,601318,14:50:55,66.3200,65,1
2026-01-19,601318,14:50:58,66.3100,260,2
2026-01-19,601318,14:51:01,66.3100,325,4
2026-01-19,601318,14:51:04,66.3400,590,1
2026-01-19,601318,14:51:07,66.3600,524,1
2026-01-19,601318,14:51:10,66.3400,73,2
2026-01-19,601318,14:51:14,66.3300,227,2
2026-01-19,601318,14:51:17,66.3600,474,1
2026-01-19,601318,14:51:20,66.3500,79,4
2026-01-19,601318,14:51:23,66.3500,191,1
2026-01-19,601318,14:51:26,66.3600,124,1
2026-01-19,601318,14:51:28,66.3500,106,2
2026-01-19,601318,14:51:31,66.3500,225,2
2026-01-19,601318,14:51:34,66.3600,322,1
2026-01-19,601318,14:51:37,66.3600,87,1
2026-01-19,601318,14:51:40,66.3500,235,2
2026-01-19,601318,14:51:44,66.3500,117,1
2026-01-19,601318,14:51:46,66.3400,78,2
2026-01-19,601318,14:51:49,66.3400,398,2
2026-01-19,601318,14:51:52,66.3400,279,1
2026-01-19,601318,14:51:55,66.3300,189,2
2026-01-19,601318,14:51:58,66.3300,127,1
2026-01-19,601318,14:52:01,66.3200,120,2
2026-01-19,601318,14:52:04,66.3300,502,1
2026-01-19,601318,14:52:07,66.3400,417,1
2026-01-19,601318,14:52:10,66.3300,366,2
2026-01-19,601318,14:52:13,66.3300,811,1
2026-01-19,601318,14:52:16,66.3400,23,2
2026-01-19,601318,14:52:19,66.3400,138,1
2026-01-19,601318,14:52:22,66.3300,245,2
2026-01-19,601318,14:52:25,66.3100,474,2
2026-01-19,601318,14:52:28,66.3200,468,1
2026-01-19,601318,14:52:31,66.3200,113,1
2026-01-19,601318,14:52:35,66.3100,73,2
2026-01-19,601318,14:52:37,66.3100,308,1
2026-01-19,601318,14:52:41,66.3100,116,1
2026-01-19,601318,14:52:43,66.3000,274,2
2026-01-19,601318,14:52:46,66.3000,406,2
2026-01-19,601318,14:52:49,66.3000,444,2
2026-01-19,601318,14:52:52,66.3400,967,1
2026-01-19,601318,14:52:56,66.3100,232,2
2026-01-19,601318,14:52:58,66.3200,158,2
2026-01-19,601318,14:53:02,66.3000,185,2
2026-01-19,601318,14:53:04,66.3200,1002,1
2026-01-19,601318,14:53:07,66.3200,355,1
2026-01-19,601318,14:53:10,66.3200,133,2
2026-01-19,601318,14:53:14,66.3300,143,1
2026-01-19,601318,14:53:16,66.3300,122,1
2026-01-19,601318,14:53:19,66.3200,196,2
2026-01-19,601318,14:53:22,66.3300,159,2
2026-01-19,601318,14:53:25,66.3200,1003,2
2026-01-19,601318,14:53:29,66.3100,454,2
2026-01-19,601318,14:53:31,66.3100,201,1
2026-01-19,601318,14:53:35,66.3100,136,1
2026-01-19,601318,14:53:37,66.3000,57,2
2026-01-19,601318,14:53:40,66.3100,186,1
2026-01-19,601318,14:53:44,66.3200,428,1
2026-01-19,601318,14:53:47,66.3200,403,1
2026-01-19,601318,14:53:49,66.3100,60,2
2026-01-19,601318,14:53:52,66.3100,490,2
2026-01-19,601318,14:53:55,66.3100,267,2
2026-01-19,601318,14:53:58,66.3100,101,2
2026-01-19,601318,14:54:01,66.3100,471,2
2026-01-19,601318,14:54:04,66.3200,624,1
2026-01-19,601318,14:54:07,66.3200,125,1
2026-01-19,601318,14:54:10,66.3100,196,2
2026-01-19,601318,14:54:14,66.3000,175,2
2026-01-19,601318,14:54:17,66.3100,229,1
2026-01-19,601318,14:54:19,66.3100,292,1
2026-01-19,601318,14:54:22,66.3000,88,2
2026-01-19,601318,14:54:25,66.3100,161,1
2026-01-19,601318,14:54:29,66.2900,185,2
2026-01-19,601318,14:54:31,66.2900,321,2
2026-01-19,601318,14:54:34,66.2900,194,1
2026-01-19,601318,14:54:37,66.2800,98,2
2026-01-19,601318,14:54:40,66.2900,30,1
2026-01-19,601318,14:54:43,66.2900,145,4
2026-01-19,601318,14:54:46,66.2900,128,1
2026-01-19,601318,14:54:49,66.2900,166,1
2026-01-19,601318,14:54:52,66.2700,107,2
2026-01-19,601318,14:54:55,66.2900,423,1
2026-01-19,601318,14:54:58,66.3000,309,1
2026-01-19,601318,14:55:01,66.2800,336,2
2026-01-19,601318,14:55:04,66.2900,414,1
2026-01-19,601318,14:55:07,66.2800,83,1
2026-01-19,601318,14:55:10,66.2800,70,1
2026-01-19,601318,14:55:13,66.2700,216,2
2026-01-19,601318,14:55:16,66.2800,74,4
2026-01-19,601318,14:55:19,66.3000,131,1
2026-01-19,601318,14:55:22,66.2700,162,2
2026-01-19,601318,14:55:25,66.2900,20,1
2026-01-19,601318,14:55:28,66.2900,120,1
2026-01-19,601318,14:55:31,66.3000,577,1
2026-01-19,601318,14:55:34,66.3000,635,2
2026-01-19,601318,14:55:37,66.3000,75,2
2026-01-19,601318,14:55:40,66.2700,165,2
2026-01-19,601318,14:55:43,66.2600,156,2
2026-01-19,601318,14:55:47,66.3100,123,1
2026-01-19,601318,14:55:49,66.2900,71,2
2026-01-19,601318,14:55:52,66.2900,65,2
2026-01-19,601318,14:55:55,66.2900,65,1
2026-01-19,601318,14:55:58,66.3000,26,1
2026-01-19,601318,14:56:01,66.3100,287,1
2026-01-19,601318,14:56:04,66.3300,779,1
2026-01-19,601318,14:56:07,66.3300,165,2
2026-01-19,601318,14:56:11,66.3300,203,2
2026-01-19,601318,14:56:13,66.3200,138,2
2026-01-19,601318,14:56:16,66.3200,224,2
2026-01-19,601318,14:56:19,66.3200,166,1
2026-01-19,601318,14:56:22,66.3300,45,1
2026-01-19,601318,14:56:25,66.3500,219,1
2026-01-19,601318,14:56:28,66.3200,27,2
2026-01-19,601318,14:56:31,66.3300,328,1
2026-01-19,601318,14:56:34,66.3300,209,2
2026-01-19,601318,14:56:37,66.3300,368,1
2026-01-19,601318,14:56:40,66.3300,77,2
2026-01-19,601318,14:56:43,66.3300,77,2
2026-01-19,601318,14:56:46,66.3500,20,1
2026-01-19,601318,14:56:49,66.3900,34,1
2026-01-19,601318,14:56:52,66.3500,17,2
2026-01-19,601318,14:56:55,66.3500,63,2
2026-01-19,601318,14:56:58,66.3800,38,1
2026-01-19,601318,14:57:01,66.3900,9,1
2026-01-19,601318,15:00:03,66.3000,5998,4
2026-01-19,601318,13:17:04,66.4600,53,2
2026-01-19,601318,13:17:07,66.4700,66,1
2026-01-19,601318,13:17:10,66.4700,33,1
2026-01-19,601318,13:17:13,66.4700,42,1
2026-01-19,601318,13:17:17,66.4700,52,1
2026-01-19,601318,13:17:20,66.4800,238,1
2026-01-19,601318,13:17:23,66.5100,264,1
2026-01-19,601318,13:17:26,66.5100,65,1
2026-01-19,601318,13:17:28,66.5000,83,2
2026-01-19,601318,13:17:31,66.4800,375,2
2026-01-19,601318,13:17:34,66.4700,80,2
2026-01-19,601318,13:17:38,66.4700,349,2
2026-01-19,601318,13:17:40,66.4800,10,4
2026-01-19,601318,13:17:43,66.4800,60,1
2026-01-19,601318,13:17:46,66.4800,141,1
2026-01-19,601318,13:17:49,66.4900,32,4
2026-01-19,601318,13:17:52,66.5000,8,1
2026-01-19,601318,13:17:56,66.5200,261,1
2026-01-19,601318,13:17:59,66.4900,68,2
2026-01-19,601318,13:18:02,66.4900,82,2
2026-01-19,601318,13:18:04,66.4600,503,2
2026-01-19,601318,13:18:07,66.4600,174,2
2026-01-19,601318,13:18:11,66.4200,308,2
2026-01-19,601318,13:18:14,66.4200,109,1
2026-01-19,601318,13:18:16,66.4500,87,1
2026-01-19,601318,13:18:20,66.4300,72,2
2026-01-19,601318,13:18:23,66.4500,5,1
2026-01-19,601318,13:18:25,66.4200,178,2
2026-01-19,601318,13:18:28,66.4200,65,2
2026-01-19,601318,13:18:31,66.4200,93,2
2026-01-19,601318,13:18:34,66.4500,146,1
2026-01-19,601318,13:18:37,66.4500,12,1
2026-01-19,601318,13:18:40,66.4500,16,1
2026-01-19,601318,13:18:44,66.4500,7,1
2026-01-19,601318,13:18:46,66.4500,23,1
2026-01-19,601318,13:18:50,66.4400,70,2
2026-01-19,601318,13:18:53,66.4500,303,1
2026-01-19,601318,13:18:55,66.4400,12,4
2026-01-19,601318,13:18:58,66.4500,99,1
2026-01-19,601318,13:19:01,66.4600,65,1
2026-01-19,601318,13:19:04,66.4500,9,2
2026-01-19,601318,13:19:08,66.4500,76,2
2026-01-19,601318,13:19:10,66.4600,44,1
2026-01-19,601318,13:19:13,66.4600,287,1
2026-01-19,601318,13:19:16,66.4600,42,2
2026-01-19,601318,13:19:19,66.4600,108,2
2026-01-19,601318,13:19:22,66.4600,7,1
2026-01-19,601318,13:19:26,66.4600,90,1
2026-01-19,601318,13:19:28,66.4500,110,2
2026-01-19,601318,13:19:31,66.4500,70,2
2026-01-19,601318,13:19:34,66.4500,120,2
2026-01-19,601318,13:19:37,66.4500,270,2
2026-01-19,601318,13:19:40,66.4600,33,1
2026-01-19,601318,13:19:44,66.4600,64,1
2026-01-19,601318,13:19:46,66.4500,67,2
2026-01-19,601318,13:19:49,66.4500,8,1
2026-01-19,601318,13:19:52,66.4600,77,1
2026-01-19,601318,13:19:56,66.4600,85,1
2026-01-19,601318,13:19:58,66.4500,60,2
2026-01-19,601318,13:20:01,66.4600,77,1
2026-01-19,601318,13:20:05,66.4600,21,1
2026-01-19,601318,13:20:07,66.4600,110,1
2026-01-19,601318,13:20:10,66.4600,149,1
2026-01-19,601318,13:20:13,66.4600,29,1
2026-01-19,601318,13:20:16,66.4500,42,2
2026-01-19,601318,13:20:19,66.4600,80,1
2026-01-19,601318,13:20:22,66.4500,113,2
2026-01-19,601318,13:20:25,66.4100,385,2
2026-01-19,601318,13:20:28,66.4100,183,2
2026-01-19,601318,13:20:31,66.3500,1315,2
2026-01-19,601318,13:20:35,66.3600,76,4
2026-01-19,601318,13:20:37,66.3500,254,2
2026-01-19,601318,13:20:41,66.3500,30,2
2026-01-19,601318,13:20:44,66.3800,189,1
2026-01-19,601318,13:20:46,66.3800,118,1
2026-01-19,601318,13:20:50,66.3700,13,2
2026-01-19,601318,13:20:52,66.3800,86,1
2026-01-19,601318,13:20:55,66.3700,76,2
2026-01-19,601318,13:20:58,66.3800,74,1
2026-01-19,601318,13:21:01,66.3700,26,2
2026-01-19,601318,13:21:04,66.3500,143,2
2026-01-19,601318,13:21:07,66.3800,120,1
2026-01-19,601318,13:21:10,66.3800,11,2
2026-01-19,601318,13:21:13,66.3800,71,2
2026-01-19,601318,13:21:16,66.3800,307,1
2026-01-19,601318,13:21:19,66.3500,89,2
2026-01-19,601318,13:21:23,66.3400,129,2
2026-01-19,601318,13:21:25,66.3000,286,2
2026-01-19,601318,13:21:28,66.3300,45,1
2026-01-19,601318,13:21:32,66.3300,53,1
2026-01-19,601318,13:21:34,66.3300,45,1
2026-01-19,601318,13:21:38,66.3300,65,1
2026-01-19,601318,13:21:40,66.3100,75,2
2026-01-19,601318,13:21:43,66.3300,159,1
2026-01-19,601318,13:21:46,66.3300,33,2
2026-01-19,601318,13:21:49,66.3300,284,2
2026-01-19,601318,13:21:53,66.3100,69,2
2026-01-19,601318,13:21:56,66.3100,54,1
2026-01-19,601318,13:21:58,66.3100,37,1
2026-01-19,601318,13:22:02,66.3100,61,1
2026-01-19,601318,13:22:04,66.3000,76,2
2026-01-19,601318,13:22:07,66.3000,58,2
2026-01-19,601318,13:22:10,66.3100,28,1
2026-01-19,601318,13:22:13,66.3100,202,1
2026-01-19,601318,13:22:16,66.3100,156,1
2026-01-19,601318,13:22:19,66.3100,165,2
2026-01-19,601318,13:22:23,66.3100,128,2
2026-01-19,601318,13:22:25,66.3100,193,2
2026-01-19,601318,13:22:29,66.3100,116,2
2026-01-19,601318,13:22:32,66.3100,85,2
2026-01-19,601318,13:22:34,66.3200,16,1
2026-01-19,601318,13:22:37,66.3100,292,2
2026-01-19,601318,13:22:40,66.3100,21,1
2026-01-19,601318,13:22:43,66.3000,27,2
2026-01-19,601318,13:22:46,66.3000,9,2
2026-01-19,601318,13:22:49,66.3100,19,1
2026-01-19,601318,13:22:52,66.3100,66,1
2026-01-19,601318,13:22:56,66.3100,24,1
2026-01-19,601318,13:22:58,66.3100,17,1
2026-01-19,601318,13:23:01,66.3000,63,2
2026-01-19,601318,13:23:04,66.3100,83,1
2026-01-19,601318,13:23:08,66.3100,27,1
2026-01-19,601318,13:23:10,66.3100,27,1
2026-01-19,601318,13:23:13,66.3000,43,2
2026-01-19,601318,13:23:16,66.3100,12,1
2026-01-19,601318,13:23:19,66.3100,28,1
2026-01-19,601318,13:23:22,66.3100,210,1
2026-01-19,601318,13:23:25,66.3100,130,1
2026-01-19,601318,13:23:29,66.3400,506,1
2026-01-19,601318,13:23:31,66.3500,591,1
2026-01-19,601318,13:23:34,66.3800,104,1
2026-01-19,601318,13:23:37,66.3600,30,1
2026-01-19,601318,13:23:40,66.3500,34,2
2026-01-19,601318,13:23:43,66.3600,35,1
2026-01-19,601318,13:23:46,66.3600,97,1
2026-01-19,601318,13:23:49,66.3600,68,1
2026-01-19,601318,13:23:52,66.3600,48,1
2026-01-19,601318,13:23:56,66.3600,56,1
2026-01-19,601318,13:23:59,66.3700,60,1
2026-01-19,601318,13:24:01,66.3700,8,1
2026-01-19,601318,13:24:04,66.3600,61,2
2026-01-19,601318,13:24:07,66.3600,26,1
2026-01-19,601318,13:24:11,66.3500,167,2
2026-01-19,601318,13:24:14,66.3800,75,1
2026-01-19,601318,13:24:16,66.3700,37,1
2026-01-19,601318,13:24:19,66.3600,48,2
2026-01-19,601318,13:24:22,66.3600,58,2
2026-01-19,601318,13:24:26,66.3700,202,1
2026-01-19,601318,13:24:28,66.3800,91,1
2026-01-19,601318,13:24:31,66.3800,60,1
2026-01-19,601318,13:24:34,66.3800,78,1
2026-01-19,601318,13:24:37,66.3700,25,2
2026-01-19,601318,13:24:40,66.3800,22,1
2026-01-19,601318,13:24:43,66.3800,46,1
2026-01-19,601318,13:24:46,66.3800,41,1
2026-01-19,601318,13:24:49,66.3700,96,2
2026-01-19,601318,13:24:52,66.3700,92,2
2026-01-19,601318,13:24:55,66.3800,29,1
2026-01-19,601318,13:24:58,66.3800,134,1
2026-01-19,601318,13:25:01,66.3900,204,1
2026-01-19,601318,13:25:04,66.3900,47,1
2026-01-19,601318,13:25:07,66.3900,44,1
2026-01-19,601318,13:25:11,66.3800,22,2
2026-01-19,601318,13:25:13,66.3900,20,2
2026-01-19,601318,13:25:16,66.4000,33,1
2026-01-19,601318,13:25:20,66.3900,119,2
2026-01-19,601318,13:25:22,66.3900,27,1
2026-01-19,601318,13:25:25,66.3800,30,2
2026-01-19,601318,13:25:28,66.3900,86,1
2026-01-19,601318,13:25:31,66.3800,51,2
2026-01-19,601318,13:25:34,66.3800,90,2
2026-01-19,601318,13:25:38,66.3800,82,2
2026-01-19,601318,13:25:40,66.3800,116,2
2026-01-19,601318,13:25:43,66.3800,26,4
2026-01-19,601318,13:25:46,66.3900,20,1
2026-01-19,601318,13:25:50,66.3900,22,1
2026-01-19,601318,13:25:53,66.3700,44,2
2026-01-19,601318,13:25:55,66.3800,50,1
2026-01-19,601318,13:25:59,66.3700,29,2
2026-01-19,601318,13:26:01,66.3800,45,1
2026-01-19,601318,13:26:04,66.3800,97,1
2026-01-19,601318,13:26:07,66.3800,69,1
2026-01-19,601318,13:26:10,66.3800,24,1
2026-01-19,601318,13:26:13,66.3800,14,1
2026-01-19,601318,13:26:17,66.3800,59,1
2026-01-19,601318,13:26:19,66.3300,1145,2
2026-01-19,601318,13:26:22,66.3100,56,2
2026-01-19,601318,13:26:25,66.3100,72,2
2026-01-19,601318,13:26:28,66.3100,78,2
2026-01-19,601318,13:26:31,66.3200,37,1
2026-01-19,601318,13:26:34,66.3100,106,2
2026-01-19,601318,13:26:37,66.3100,36,2
2026-01-19,601318,13:26:40,66.3100,91,2
2026-01-19,601318,13:26:44,66.3100,83,2
2026-01-19,601318,13:26:47,66.3000,190,2
2026-01-19,601318,13:26:50,66.3000,1109,2
2026-01-19,601318,13:26:53,66.2900,126,2
2026-01-19,601318,13:26:55,66.2800,39,1
2026-01-19,601318,13:26:58,66.2800,169,1
2026-01-19,601318,13:27:01,66.2600,42,2
2026-01-19,601318,13:27:04,66.2800,24,1
2026-01-19,601318,13:27:07,66.2800,66,1
2026-01-19,601318,13:27:10,66.2800,269,1
2026-01-19,601318,13:27:13,66.3100,157,1
2026-01-19,601318,13:27:17,66.2800,60,2
2026-01-19,601318,13:27:20,66.3200,42,1
2026-01-19,601318,13:27:22,66.3100,247,1
2026-01-19,601318,13:27:26,66.3300,17,4
2026-01-19,601318,13:27:29,66.3400,27,1
2026-01-19,601318,13:27:31,66.3400,12,1
2026-01-19,601318,13:27:35,66.3500,33,1
2026-01-19,601318,13:27:37,66.3600,20,1
2026-01-19,601318,13:27:40,66.3600,52,1
2026-01-19,601318,13:27:43,66.3800,38,1
2026-01-19,601318,13:27:47,66.3900,70,1
2026-01-19,601318,13:27:50,66.4000,49,1
2026-01-19,601318,13:27:52,66.3900,48,2
2026-01-19,601318,13:27:56,66.3900,38,1
2026-01-19,601318,13:27:59,66.3700,332,2
2026-01-19,601318,13:28:01,66.3700,81,1
2026-01-19,601318,13:28:04,66.3700,28,1
2026-01-19,601318,13:28:07,66.3700,34,1
2026-01-19,601318,13:28:10,66.3700,12,1
2026-01-19,601318,13:28:13,66.3600,81,2
2026-01-19,601318,13:28:16,66.3600,110,1
2026-01-19,601318,13:28:20,66.3500,121,2
2026-01-19,601318,13:28:22,66.3400,174,2
2026-01-19,601318,13:28:25,66.3400,32,2
2026-01-19,601318,13:28:29,66.3400,10,2
2026-01-19,601318,13:28:32,66.3500,154,1
2026-01-19,601318,13:28:34,66.3500,543,1
2026-01-19,601318,13:28:37,66.3600,85,1
2026-01-19,601318,13:28:40,66.3600,25,4
2026-01-19,601318,13:28:43,66.3800,14,1
2026-01-19,601318,13:28:46,66.3600,25,2
2026-01-19,601318,13:28:49,66.3800,16,1
2026-01-19,601318,13:28:52,66.3800,40,1
2026-01-19,601318,13:28:55,66.3700,50,2
2026-01-19,601318,13:28:58,66.3800,22,1
2026-01-19,601318,13:29:02,66.3800,49,1
2026-01-19,601318,13:29:05,66.3800,25,1
2026-01-19,601318,13:29:07,66.3900,111,1
2026-01-19,601318,13:29:11,66.3900,24,1
2026-01-19,601318,13:29:13,66.3900,26,1
2026-01-19,601318,13:29:17,66.3900,254,1
2026-01-19,601318,13:29:20,66.4000,62,1
2026-01-19,601318,13:29:22,66.4000,88,1
2026-01-19,601318,13:29:25,66.4000,61,1
2026-01-19,601318,13:29:28,66.4000,70,2
2026-01-19,601318,13:29:32,66.4100,7,4
2026-01-19,601318,13:29:34,66.4100,36,2
2026-01-19,601318,13:29:37,66.4300,213,1
2026-01-19,601318,13:29:40,66.4100,36,2
2026-01-19,601318,13:29:43,66.4200,59,4
2026-01-19,601318,13:29:46,66.4200,23,1
2026-01-19,601318,13:29:49,66.4300,28,1
2026-01-19,601318,13:29:52,66.4100,52,2
2026-01-19,601318,13:29:55,66.4100,104,2
2026-01-19,601318,13:29:58,66.4100,8,1
2026-01-19,601318,13:30:01,66.4000,21,2
2026-01-19,601318,13:30:04,66.4000,53,2
2026-01-19,601318,13:30:07,66.4000,151,2
2026-01-19,601318,13:30:10,66.4000,94,2
2026-01-19,601318,13:30:13,66.4000,27,2
2026-01-19,601318,13:30:16,66.4000,34,2
2026-01-19,601318,13:30:19,66.4100,151,1
2026-01-19,601318,13:30:22,66.4000,337,2
2026-01-19,601318,13:30:25,66.4000,54,1
2026-01-19,601318,13:30:28,66.4000,9,1
2026-01-19,601318,13:30:31,66.4000,8,1
2026-01-19,601318,13:30:35,66.3900,23,2
2026-01-19,601318,13:30:38,66.3900,33,2
2026-01-19,601318,13:30:40,66.4000,21,1
2026-01-19,601318,13:30:44,66.3900,100,2
2026-01-19,601318,13:30:46,66.3900,38,1
2026-01-19,601318,13:30:49,66.3900,67,1
2026-01-19,601318,13:30:52,66.4000,62,1
2026-01-19,601318,13:30:55,66.3800,41,2
2026-01-19,601318,13:30:58,66.4000,46,1
2026-01-19,601318,13:31:01,66.4000,71,1
2026-01-19,601318,13:31:04,66.4000,28,1
2026-01-19,601318,13:31:07,66.3900,69,2
2026-01-19,601318,13:31:10,66.4000,1658,1
2026-01-19,601318,13:31:13,66.4100,567,1
2026-01-19,601318,13:31:16,66.4200,45,1
2026-01-19,601318,13:31:19,66.4200,37,1
2026-01-19,601318,13:31:23,66.4200,39,1
2026-01-19,601318,13:31:25,66.4400,169,1
2026-01-19,601318,13:31:28,66.4400,30,1
2026-01-19,601318,13:31:32,66.4300,45,2
2026-01-19,601318,13:31:34,66.4500,387,1
2026-01-19,601318,13:31:37,66.4600,89,1
2026-01-19,601318,13:31:40,66.4400,104,4
2026-01-19,601318,13:31:43,66.4300,25,2
2026-01-19,601318,13:31:46,66.4300,162,1
2026-01-19,601318,13:31:50,66.4300,32,1
2026-01-19,601318,13:31:53,66.4400,180,1
2026-01-19,601318,13:31:55,66.4100,84,2
2026-01-19,601318,13:31:58,66.4200,22,1
2026-01-19,601318,13:32:01,66.4200,17,1
2026-01-19,601318,13:32:04,66.4200,107,1
2026-01-19,601318,13:32:07,66.4200,25,1
2026-01-19,601318,13:32:10,66.4200,133,1
2026-01-19,601318,13:32:13,66.4200,20,1
2026-01-19,601318,13:32:16,66.4200,112,1
2026-01-19,601318,13:32:19,66.4100,67,4
2026-01-19,601318,13:32:23,66.4200,91,1
2026-01-19,601318,13:32:25,66.4100,126,2
2026-01-19,601318,13:32:28,66.4100,38,2
2026-01-19,601318,13:32:31,66.4100,85,2
2026-01-19,601318,13:32:35,66.4100,4,2
2026-01-19,601318,13:32:37,66.4300,77,1
2026-01-19,601318,13:32:40,66.4400,13,1
2026-01-19,601318,13:32:44,66.4400,130,1
2026-01-19,601318,13:32:47,66.4400,49,1
2026-01-19,601318,13:32:49,66.4400,78,1
2026-01-19,601318,13:32:53,66.4400,24,1
2026-01-19,601318,13:32:56,66.4400,173,1
2026-01-19,601318,13:32:58,66.4200,79,2
2026-01-19,601318,13:33:01,66.4500,20,1
2026-01-19,601318,13:33:04,66.4500,5,1
2026-01-19,601318,13:33:08,66.4500,28,1
2026-01-19,601318,13:33:10,66.4500,134,1
2026-01-19,601318,13:33:13,66.4500,7,1
2026-01-19,601318,13:33:16,66.4600,29,1
2026-01-19,601318,13:33:19,66.4600,65,1
2026-01-19,601318,13:33:23,66.4500,33,2
2026-01-19,601318,13:33:25,66.4500,259,2
2026-01-19,601318,13:33:28,66.4400,124,2
2026-01-19,601318,13:33:31,66.4100,59,2
2026-01-19,601318,13:33:34,66.4200,105,1
2026-01-19,601318,13:33:37,66.3800,898,2
2026-01-19,601318,13:33:40,66.3600,106,2
2026-01-19,601318,13:33:43,66.3300,228,2
2026-01-19,601318,13:33:46,66.2800,239,2
2026-01-19,601318,13:33:50,66.3100,367,1
2026-01-19,601318,13:33:52,66.2600,215,2
2026-01-19,601318,13:33:55,66.2800,95,2
2026-01-19,601318,13:33:58,66.2900,71,4
2026-01-19,601318,13:34:01,66.2500,179,2
2026-01-19,601318,13:34:05,66.2500,517,2
2026-01-19,601318,13:34:07,66.2400,438,2
2026-01-19,601318,13:34:11,66.2300,695,1
2026-01-19,601318,13:34:13,66.2300,61,1
2026-01-19,601318,13:34:16,66.2300,150,1
2026-01-19,601318,13:34:20,66.2400,57,1
2026-01-19,601318,13:34:22,66.2400,42,1
2026-01-19,601318,13:34:25,66.2300,76,2
2026-01-19,601318,13:34:29,66.2500,89,1
2026-01-19,601318,13:34:31,66.2400,43,2
2026-01-19,601318,13:34:34,66.2400,202,2
2026-01-19,601318,13:34:37,66.2300,128,2
2026-01-19,601318,13:34:40,66.2200,186,4
2026-01-19,601318,13:34:44,66.2100,115,2
2026-01-19,601318,13:34:46,66.2000,51,2
2026-01-19,601318,13:34:50,66.1600,450,2
2026-01-19,601318,13:34:52,66.1900,529,1
2026-01-19,601318,13:34:56,66.1900,44,1
2026-01-19,601318,13:34:58,66.1500,68,2
2026-01-19,601318,13:35:01,66.1500,100,2
2026-01-19,601318,13:35:04,66.1500,36,2
2026-01-19,601318,13:35:07,66.1800,152,1
2026-01-19,601318,13:35:10,66.1700,206,2
2026-01-19,601318,13:35:13,66.1900,147,1
2026-01-19,601318,13:35:16,66.1900,260,1
2026-01-19,601318,13:35:19,66.1900,165,2
2026-01-19,601318,13:35:23,66.1500,96,2
2026-01-19,601318,13:35:25,66.1500,183,2
2026-01-19,601318,13:35:28,66.2000,175,1
2026-01-19,601318,13:35:31,66.1800,79,2
2026-01-19,601318,13:35:34,66.2000,39,1
2026-01-19,601318,13:35:37,66.1400,151,2
2026-01-19,601318,13:35:41,66.1500,252,2
2026-01-19,601318,13:35:44,66.1500,410,1
2026-01-19,601318,13:35:46,66.1600,201,1
2026-01-19,601318,13:35:50,66.1500,182,2
2026-01-19,601318,13:35:52,66.1800,89,1
2026-01-19,601318,13:35:55,66.1500,118,2
2026-01-19,601318,13:35:59,66.1700,122,1
2026-01-19,601318,13:36:01,66.1700,124,1
2026-01-19,601318,13:36:04,66.1600,298,2
2026-01-19,601318,13:36:07,66.1800,39,4
2026-01-19,601318,13:36:10,66.1800,85,2
2026-01-19,601318,13:36:14,66.1800,34,1
2026-01-19,601318,13:36:16,66.1800,105,1
2026-01-19,601318,13:36:19,66.2000,112,1
2026-01-19,601318,13:36:22,66.1800,62,2
2026-01-19,601318,13:36:25,66.1800,11,2
2026-01-19,601318,13:36:28,66.2000,62,1
2026-01-19,601318,13:36:31,66.1800,149,2
2026-01-19,601318,13:36:34,66.1800,118,2
2026-01-19,601318,13:36:38,66.1800,100,2
2026-01-19,601318,13:36:40,66.1800,30,2
2026-01-19,601318,13:36:43,66.1500,381,2
2026-01-19,601318,13:36:46,66.1900,51,1
2026-01-19,601318,13:36:49,66.1900,109,1
2026-01-19,601318,13:36:52,66.1300,73,2
2026-01-19,601318,13:36:55,66.1300,68,2
2026-01-19,601318,13:36:58,66.1400,89,2
2026-01-19,601318,13:37:01,66.1300,192,2
2026-01-19,601318,13:37:05,66.1300,56,2
2026-01-19,601318,13:37:07,66.1200,126,2
2026-01-19,601318,13:37:10,66.1200,340,2
2026-01-19,601318,13:37:14,66.1200,217,2
2026-01-19,601318,13:37:17,66.1300,171,1
2026-01-19,601318,13:37:19,66.1200,232,2
2026-01-19,601318,13:37:22,66.1300,142,2
2026-01-19,601318,13:37:25,66.1400,58,1
2026-01-19,601318,13:37:28,66.1300,178,2
2026-01-19,601318,13:37:32,66.1400,22,1
2026-01-19,601318,13:37:35,66.1400,117,1
2026-01-19,601318,13:37:37,66.1400,51,1
2026-01-19,601318,13:37:40,66.1300,93,2
2026-01-19,601318,13:37:44,66.1400,76,1
2026-01-19,601318,13:37:46,66.1200,262,2
2026-01-19,601318,13:37:50,66.1400,159,2
2026-01-19,601318,13:37:53,66.1200,70,2
2026-01-19,601318,13:37:56,66.1200,90,2
2026-01-19,601318,13:37:58,66.1700,129,1
2026-01-19,601318,13:38:01,66.1900,10,1
2026-01-19,601318,13:38:04,66.1500,61,2
2026-01-19,601318,13:38:07,66.1800,76,1
2026-01-19,601318,13:38:10,66.1800,63,1
2026-01-19,601318,13:38:13,66.1800,60,2
2026-01-19,601318,13:38:17,66.1800,166,2
2026-01-19,601318,13:38:19,66.1800,40,1
2026-01-19,601318,13:38:23,66.1500,59,2
2026-01-19,601318,13:38:26,66.1700,16,4
2026-01-19,601318,13:38:28,66.1900,103,1
2026-01-19,601318,13:38:32,66.2000,34,1
2026-01-19,601318,13:38:34,66.2100,76,1
2026-01-19,601318,13:38:37,66.2100,123,1
2026-01-19,601318,13:38:40,66.2100,86,1
2026-01-19,601318,13:38:44,66.2000,33,2
2026-01-19,601318,13:38:46,66.2100,65,2
2026-01-19,601318,13:38:49,66.2000,40,2
2026-01-19,601318,13:38:52,66.1800,235,2
2026-01-19,601318,13:38:55,66.1700,110,2
2026-01-19,601318,13:38:58,66.1600,253,2
2026-01-19,601318,13:39:01,66.1500,223,2
2026-01-19,601318,13:39:04,66.1300,90,2
2026-01-19,601318,13:39:07,66.1400,102,1
2026-01-19,601318,13:39:10,66.1600,432,1
2026-01-19,601318,13:39:13,66.1600,109,2
2026-01-19,601318,13:39:17,66.1400,342,2
2026-01-19,601318,13:39:19,66.1600,138,4
2026-01-19,601318,13:39:22,66.1500,70,2
2026-01-19,601318,13:39:25,66.1400,159,2
2026-01-19,601318,13:39:28,66.1400,170,2
2026-01-19,601318,13:39:31,66.1400,116,2
2026-01-19,601318,13:39:34,66.1400,157,2
2026-01-19,601318,13:39:37,66.1300,177,2
2026-01-19,601318,13:39:40,66.1000,148,2
2026-01-19,601318,13:39:43,66.1000,243,2
2026-01-19,601318,13:39:47,66.1000,335,2
2026-01-19,601318,13:39:49,66.1200,268,1
2026-01-19,601318,13:39:52,66.1100,126,4
2026-01-19,601318,13:39:56,66.0900,247,2
2026-01-19,601318,13:39:58,66.0700,283,2
2026-01-19,601318,13:40:01,66.0600,275,2
2026-01-19,601318,13:40:04,66.0300,664,2
2026-01-19,601318,13:40:07,66.0700,165,1
2026-01-19,601318,13:40:11,66.0700,577,1
2026-01-19,601318,13:40:13,66.0300,202,2
2026-01-19,601318,13:40:16,66.0500,186,1
2026-01-19,601318,13:40:19,66.0500,515,2
2026-01-19,601318,13:40:22,66.0600,102,1
2026-01-19,601318,13:40:25,66.0500,429,2
2026-01-19,601318,13:40:28,66.0100,314,2
2026-01-19,601318,13:40:31,66.0100,230,2
2026-01-19,601318,13:40:34,66.0500,172,2
2026-01-19,601318,13:40:37,66.0200,337,2
2026-01-19,601318,13:40:41,66.0100,438,2
2026-01-19,601318,13:40:43,66.0000,629,2
2026-01-19,601318,13:40:47,66.0000,452,2
2026-01-19,601318,13:40:49,66.0100,227,2
2026-01-19,601318,13:40:52,66.0100,251,2
2026-01-19,601318,13:40:55,66.0100,404,2
2026-01-19,601318,13:40:59,66.0300,78,4
2026-01-19,601318,13:41:01,66.0100,174,2
2026-01-19,601318,13:41:05,66.0100,355,2
2026-01-19,601318,13:41:08,66.0100,243,1
2026-01-19,601318,13:41:10,66.0100,282,1
2026-01-19,601318,13:41:13,66.0100,392,1
2026-01-19,601318,13:41:16,66.0000,345,2
2026-01-19,601318,13:41:20,66.0200,220,1
2026-01-19,601318,13:41:22,66.0200,190,1
2026-01-19,601318,13:41:25,66.0200,173,2
2026-01-19,601318,13:41:29,66.0300,85,1
2026-01-19,601318,13:41:32,66.0200,100,2
2026-01-19,601318,13:41:34,66.0200,74,2
2026-01-19,601318,13:41:37,66.0200,273,2
2026-01-19,601318,13:41:40,66.0200,247,2
2026-01-19,601318,13:41:44,66.0100,74,2
2026-01-19,601318,13:41:46,66.0500,88,1
2026-01-19,601318,13:41:49,66.0300,159,2
2026-01-19,601318,13:41:53,66.0200,105,2
2026-01-19,601318,13:41:56,66.0300,198,2
2026-01-19,601318,13:41:59,66.0300,329,2
2026-01-19,601318,13:42:01,66.0200,269,2
2026-01-19,601318,13:42:04,66.0600,434,1
2026-01-19,601318,13:42:07,66.0600,297,1
2026-01-19,601318,13:42:10,66.0400,179,2
2026-01-19,601318,13:42:13,66.0500,156,1
2026-01-19,601318,13:42:16,66.0700,160,1
2026-01-19,601318,13:42:20,66.0500,341,2
2026-01-19,601318,13:42:23,66.0900,466,1
2026-01-19,601318,13:42:25,66.0500,395,2
2026-01-19,601318,13:42:29,66.0500,154,2
2026-01-19,601318,13:42:31,66.0700,124,2
2026-01-19,601318,13:42:34,66.0700,217,1
2026-01-19,601318,13:42:37,66.0600,294,2
2026-01-19,601318,13:42:40,66.0300,273,2
2026-01-19,601318,13:42:43,66.0200,225,2
2026-01-19,601318,13:42:46,66.0000,628,2
2026-01-19,601318,13:42:49,66.0100,168,4
2026-01-19,601318,13:42:52,66.0100,427,1
2026-01-19,601318,13:42:55,66.0100,133,1
2026-01-19,601318,13:42:58,66.0200,134,1
2026-01-19,601318,13:43:01,66.0100,218,2
2026-01-19,601318,13:43:04,66.0100,798,2
2026-01-19,601318,13:43:07,66.0100,174,1
2026-01-19,601318,13:43:10,66.0100,25,1
2026-01-19,601318,13:43:13,66.0100,258,1
2026-01-19,601318,13:43:16,66.0100,110,4
2026-01-19,601318,13:43:19,66.0000,119,2
2026-01-19,601318,13:43:22,66.0100,265,1
2026-01-19,601318,13:43:26,65.9900,539,2
2026-01-19,601318,13:43:28,65.9700,1664,2
2026-01-19,601318,13:43:31,66.0000,545,1
2026-01-19,601318,13:43:34,66.0000,318,2
2026-01-19,601318,13:43:37,66.0000,202,2
2026-01-19,601318,13:43:40,66.0000,147,2
2026-01-19,601318,13:43:43,66.0100,229,1
2026-01-19,601318,13:43:46,66.0000,76,2
2026-01-19,601318,13:43:49,66.0100,169,1
2026-01-19,601318,13:43:52,66.0100,150,1
2026-01-19,601318,13:43:55,66.0100,149,2
2026-01-19,601318,13:43:59,66.0600,146,1
2026-01-19,601318,13:44:01,66.0600,58,1
2026-01-19,601318,13:44:04,66.0300,115,2
2026-01-19,601318,13:44:07,66.0300,192,2
2026-01-19,601318,13:44:10,66.0000,202,2
2026-01-19,601318,13:44:13,66.0200,56,1
2026-01-19,601318,13:44:16,66.0300,287,1
2026-01-19,601318,13:44:19,66.0300,150,1
2026-01-19,601318,13:44:23,66.0700,396,1
2026-01-19,601318,13:44:25,66.0100,368,2
2026-01-19,601318,13:44:28,66.0100,38,2
2026-01-19,601318,13:44:31,66.0700,87,1
2026-01-19,601318,13:44:35,66.0100,235,2
2026-01-19,601318,13:44:38,66.0100,77,2
2026-01-19,601318,13:44:40,66.0000,104,2
2026-01-19,601318,13:44:43,66.0100,134,2
2026-01-19,601318,13:44:47,66.0100,182,2
2026-01-19,601318,13:44:50,66.0100,224,2
2026-01-19,601318,13:44:52,66.0000,160,2
2026-01-19,601318,13:44:55,66.0000,149,2
2026-01-19,601318,13:44:58,66.0200,290,1
2026-01-19,601318,13:45:01,66.0100,43,2
2026-01-19,601318,13:45:04,66.0100,130,2
2026-01-19,601318,13:45:07,66.0000,109,2
2026-01-19,601318,13:45:10,66.0200,118,1
2026-01-19,601318,13:45:14,66.0000,511,2
2026-01-19,601318,13:45:16,66.0200,71,1
2026-01-19,601318,13:45:19,66.0300,189,1
2026-01-19,601318,13:45:23,66.0300,45,1
2026-01-19,601318,13:45:25,66.0300,138,2
2026-01-19,601318,13:45:28,66.0300,78,2
2026-01-19,601318,13:45:31,66.0300,112,2
2026-01-19,601318,13:45:34,66.0300,23,2
2026-01-19,601318,13:45:38,66.0500,116,1
2026-01-19,601318,13:45:40,66.0100,159,2
2026-01-19,601318,13:45:44,66.0000,162,2
2026-01-19,601318,13:45:46,66.0000,100,2
2026-01-19,601318,13:45:49,66.0000,84,2
2026-01-19,601318,13:45:52,66.0300,22,1
2026-01-19,601318,13:45:55,66.0300,205,1
2026-01-19,601318,13:45:58,66.0100,58,4
2026-01-19,601318,13:46:01,66.0100,287,2
2026-01-19,601318,13:46:05,66.0100,47,2
2026-01-19,601318,13:46:07,66.0100,169,2
2026-01-19,601318,13:46:10,66.0000,271,2
2026-01-19,601318,13:46:13,66.0000,268,2
2026-01-19,601318,13:46:16,66.0000,350,2
2026-01-19,601318,13:46:19,65.9900,446,2
2026-01-19,601318,13:46:23,66.0100,224,1
2026-01-19,601318,13:46:25,66.0100,301,1
2026-01-19,601318,13:46:28,66.0000,341,2
2026-01-19,601318,13:46:31,66.0000,190,2
2026-01-19,601318,13:46:34,66.0000,212,2
2026-01-19,601318,13:46:38,66.0100,36,1
2026-01-19,601318,13:46:40,66.0000,213,2
2026-01-19,601318,13:46:43,66.0100,40,4
2026-01-19,601318,13:46:46,66.0000,95,2
2026-01-19,601318,13:46:49,66.0000,48,2
2026-01-19,601318,13:46:53,66.0100,123,4
2026-01-19,601318,13:46:55,66.0000,106,2
2026-01-19,601318,13:46:58,66.0300,74,1
2026-01-19,601318,13:47:01,66.0000,167,2
2026-01-19,601318,13:47:05,66.0000,58,2
2026-01-19,601318,13:47:08,66.0300,101,1
2026-01-19,601318,13:47:11,66.0300,107,2
2026-01-19,601318,13:47:13,66.0300,18,2
2026-01-19,601318,13:47:16,66.0700,36,1
2026-01-19,601318,13:47:19,66.0400,44,2
2026-01-19,601318,13:47:22,66.0800,16,1
2026-01-19,601318,13:47:26,66.0800,38,1
2026-01-19,601318,13:47:29,66.0700,206,2
2026-01-19,601318,13:47:31,66.0700,12,1
2026-01-19,601318,13:47:34,66.0700,26,1
2026-01-19,601318,13:47:37,66.0800,15,1
2026-01-19,601318,13:47:41,66.0800,61,1
2026-01-19,601318,13:47:43,66.1000,16,1
2026-01-19,601318,13:47:46,66.1000,25,1
2026-01-19,601318,13:47:49,66.0900,20,1
2026-01-19,601318,13:47:52,66.1000,61,2
2026-01-19,601318,13:47:55,66.1000,229,2
2026-01-19,601318,13:47:58,66.0800,100,2
2026-01-19,601318,13:48:02,66.0800,183,2
2026-01-19,601318,13:48:04,66.1000,174,1
2026-01-19,601318,13:48:08,66.0700,71,2
2026-01-19,601318,13:48:10,66.0800,75,1
2026-01-19,601318,13:48:13,66.0800,47,2
2026-01-19,601318,13:48:16,66.0800,6,2
2026-01-19,601318,13:48:19,66.0900,60,1
2026-01-19,601318,13:48:22,66.1000,47,1
2026-01-19,601318,13:48:25,66.1000,33,1
2026-01-19,601318,13:48:29,66.1100,41,1
2026-01-19,601318,13:48:31,66.1100,7,1
2026-01-19,601318,13:48:34,66.1100,67,1
2026-01-19,601318,13:48:37,66.1100,71,1
2026-01-19,601318,13:48:40,66.1100,121,4
2026-01-19,601318,13:48:43,66.0900,463,2
2026-01-19,601318,13:48:47,66.0700,195,2
2026-01-19,601318,13:48:49,66.0300,296,2
2026-01-19,601318,13:48:52,66.0100,192,2
2026-01-19,601318,13:48:55,66.0200,105,2
2026-01-19,601318,13:48:58,66.0700,136,1
2026-01-19,601318,13:49:01,66.0600,133,1
2026-01-19,601318,13:49:04,66.0700,142,1
2026-01-19,601318,13:49:07,66.0500,94,1
2026-01-19,601318,13:49:10,66.0500,293,1
2026-01-19,601318,13:49:13,66.0000,195,2
2026-01-19,601318,13:49:16,66.0300,217,1
2026-01-19,601318,13:49:19,66.0300,242,2
2026-01-19,601318,13:49:23,66.0100,111,2
2026-01-19,601318,13:49:25,66.0100,207,2
2026-01-19,601318,13:49:29,66.0000,126,2
2026-01-19,601318,13:49:32,65.9800,306,2
2026-01-19,601318,13:49:35,65.9700,253,2
2026-01-19,601318,13:49:38,65.9700,145,2
2026-01-19,601318,13:49:40,65.9800,634,1
2026-01-19,601318,13:49:44,66.0000,300,1
2026-01-19,601318,13:49:46,65.9900,254,2
2026-01-19,601318,13:49:49,65.9900,146,2
2026-01-19,601318,13:49:52,65.9900,218,2
2026-01-19,601318,13:49:55,66.0000,382,1
2026-01-19,601318,13:49:59,66.0000,349,1
2026-01-19,601318,13:50:01,66.0000,99,2
2026-01-19,601318,13:50:04,66.0000,44,2
2026-01-19,601318,13:50:08,66.0100,132,2
2026-01-19,601318,13:50:10,66.0100,115,2
2026-01-19,601318,13:50:13,66.0000,217,2
2026-01-19,601318,13:50:16,66.0000,346,2
2026-01-19,601318,13:50:19,65.9800,263,2
2026-01-19,601318,13:50:23,65.9600,465,2
2026-01-19,601318,13:50:25,65.9800,260,1
2026-01-19,601318,13:50:28,65.9900,228,1
2026-01-19,601318,13:50:31,65.9600,477,2
2026-01-19,601318,13:50:34,65.9900,377,2
2026-01-19,601318,13:50:38,66.0000,106,4
2026-01-19,601318,13:50:40,66.0000,188,2
2026-01-19,601318,13:50:44,65.9800,381,2
2026-01-19,601318,13:50:47,65.9800,134,2
2026-01-19,601318,13:50:50,65.9800,267,2
2026-01-19,601318,13:50:52,66.0200,182,1
2026-01-19,601318,13:50:55,65.9800,149,2
2026-01-19,601318,13:50:58,65.9900,150,2
2026-01-19,601318,13:51:02,65.9800,287,2
2026-01-19,601318,13:51:04,66.0100,178,1
2026-01-19,601318,13:51:07,66.0000,170,4
2026-01-19,601318,13:51:10,66.0000,312,1
2026-01-19,601318,13:51:13,65.9900,191,2
2026-01-19,601318,13:51:16,65.9800,165,2
2026-01-19,601318,13:51:19,65.9800,299,2
2026-01-19,601318,13:51:22,65.9700,199,2
2026-01-19,601318,13:51:25,66.0000,258,1
2026-01-19,601318,13:51:28,66.0000,252,1
2026-01-19,601318,13:51:31,66.0100,533,1
2026-01-19,601318,13:51:34,65.9700,106,2
2026-01-19,601318,13:51:37,65.9600,222,2
2026-01-19,601318,13:51:40,65.9900,177,1
2026-01-19,601318,13:51:43,65.9700,291,2
2026-01-19,601318,13:51:46,65.9600,212,2
2026-01-19,601318,13:51:49,65.9700,369,4
2026-01-19,601318,13:51:52,65.9800,162,2
2026-01-19,601318,13:51:55,65.9800,200,2
2026-01-19,601318,13:51:58,65.9900,215,2
2026-01-19,601318,13:52:02,65.9800,167,2
2026-01-19,601318,13:52:05,65.9800,340,2
2026-01-19,601318,13:52:07,65.9900,144,4
2026-01-19,601318,13:52:11,65.9900,222,1
2026-01-19,601318,13:52:13,65.9900,250,1
2026-01-19,601318,13:52:16,65.9800,207,4
2026-01-19,601318,13:52:19,65.9700,187,2
2026-01-19,601318,13:52:23,65.9700,179,2
2026-01-19,601318,13:52:25,65.9800,160,2
2026-01-19,601318,13:52:29,65.9900,261,1
2026-01-19,601318,13:52:31,65.9800,156,2
2026-01-19,601318,13:52:34,66.0000,267,1
2026-01-19,601318,13:52:37,65.9900,144,2
2026-01-19,601318,13:52:40,65.9800,166,2
2026-01-19,601318,13:52:43,65.9800,335,1
2026-01-19,601318,13:52:46,65.9800,469,2
2026-01-19,601318,13:52:49,65.9800,273,2
2026-01-19,601318,13:52:52,65.9800,252,1
2026-01-19,601318,13:52:55,65.9800,354,1
2026-01-19,601318,13:52:58,65.9800,189,2
2026-01-19,601318,13:53:01,66.0000,176,1
2026-01-19,601318,13:53:05,65.9800,207,2
2026-01-19,601318,13:53:07,66.0000,100,1
2026-01-19,601318,13:53:10,65.9900,407,2
2026-01-19,601318,13:53:13,65.9900,303,2
2026-01-19,601318,13:53:16,65.9700,291,2
2026-01-19,601318,13:53:19,65.9700,288,2
2026-01-19,601318,13:53:23,65.9800,251,4
2026-01-19,601318,13:53:25,65.9900,147,4
2026-01-19,601318,13:53:28,65.9700,206,2
2026-01-19,601318,13:53:31,66.0000,85,1
2026-01-19,601318,13:53:34,65.9900,270,4
2026-01-19,601318,13:53:37,65.9800,304,2
2026-01-19,601318,13:53:40,65.9900,298,1
2026-01-19,601318,13:53:43,65.9600,260,2
2026-01-19,601318,13:53:46,65.9600,326,2
2026-01-19,601318,13:53:49,65.9800,183,1
2026-01-19,601318,13:53:53,65.9700,190,1
2026-01-19,601318,13:53:56,65.9600,232,2
2026-01-19,601318,13:53:59,65.9600,81,2
2026-01-19,601318,13:54:02,65.9600,224,2
2026-01-19,601318,13:54:04,65.9700,227,1
2026-01-19,601318,13:54:07,65.9600,295,2
2026-01-19,601318,13:54:10,65.9600,199,2
2026-01-19,601318,13:54:13,65.9500,293,2
2026-01-19,601318,13:54:16,65.9500,304,2
2026-01-19,601318,13:54:19,65.9900,335,1
2026-01-19,601318,13:54:22,65.9600,494,2
2026-01-19,601318,13:54:25,65.9600,251,2
2026-01-19,601318,13:54:28,65.9900,406,1
2026-01-19,601318,13:54:31,65.9500,458,2
2026-01-19,601318,13:54:34,65.9400,416,2
2026-01-19,601318,13:54:38,65.9500,286,2
2026-01-19,601318,13:54:40,65.9400,206,2
2026-01-19,601318,13:54:43,66.0000,272,1
2026-01-19,601318,13:54:46,65.9600,342,2
2026-01-19,601318,13:54:49,65.9600,455,1
2026-01-19,601318,13:54:52,65.9300,326,2
2026-01-19,601318,13:54:55,65.9600,267,2
2026-01-19,601318,13:54:58,65.9700,118,2
2026-01-19,601318,13:55:01,65.9700,119,2
2026-01-19,601318,13:55:04,66.0000,156,1
2026-01-19,601318,13:55:07,65.9500,184,2
2026-01-19,601318,13:55:10,65.9700,171,4
2026-01-19,601318,13:55:13,66.0000,167,1
2026-01-19,601318,13:55:16,66.0100,50,1
2026-01-19,601318,13:55:19,66.0000,130,2
2026-01-19,601318,13:55:22,65.9700,132,2
2026-01-19,601318,13:55:25,65.9800,191,2
2026-01-19,601318,13:55:28,66.0000,345,1
2026-01-19,601318,13:55:31,65.9500,310,2
2026-01-19,601318,13:55:35,65.9500,508,2
2026-01-19,601318,13:55:37,65.9600,83,1
2026-01-19,601318,13:55:40,65.9600,386,1
2026-01-19,601318,13:55:43,65.9500,83,1
2026-01-19,601318,13:55:46,65.9400,307,2
2026-01-19,601318,13:55:49,65.9600,191,1
2026-01-19,601318,13:55:53,66.0000,150,1
2026-01-19,601318,13:55:55,65.9500,142,2
2026-01-19,601318,13:55:58,66.0000,128,1
2026-01-19,601318,13:56:01,66.0000,138,1
2026-01-19,601318,13:56:04,65.9700,154,2
2026-01-19,601318,13:56:07,65.9700,137,2
2026-01-19,601318,13:56:10,65.9600,128,2
2026-01-19,601318,13:56:13,65.9500,111,2
2026-01-19,601318,13:56:16,65.9600,165,2
2026-01-19,601318,13:56:19,65.9400,338,2
2026-01-19,601318,13:56:22,65.9600,238,1
2026-01-19,601318,13:56:26,66.0000,229,1
2026-01-19,601318,13:56:28,65.9400,241,2
2026-01-19,601318,13:56:31,65.9400,99,2
2026-01-19,601318,13:56:34,65.9500,148,2
2026-01-19,601318,13:56:37,65.9500,113,2
2026-01-19,601318,13:56:40,65.9500,127,2
2026-01-19,601318,13:56:43,66.0000,84,1
2026-01-19,601318,13:56:46,66.0000,88,1
2026-01-19,601318,13:56:49,65.9800,55,2
2026-01-19,601318,13:56:53,66.0000,32,1
2026-01-19,601318,13:56:56,66.0000,124,1
2026-01-19,601318,13:56:58,66.0000,137,1
2026-01-19,601318,13:57:02,65.9900,136,2
2026-01-19,601318,13:57:04,66.0100,158,1
2026-01-19,601318,13:57:07,66.0100,34,1
2026-01-19,601318,13:57:10,66.0100,141,1
2026-01-19,601318,13:57:13,66.0200,95,1
2026-01-19,601318,13:57:16,66.0200,57,2
2026-01-19,601318,13:57:19,66.0200,6,2
2026-01-19,601318,13:57:22,66.0500,28,1
2026-01-19,601318,13:57:25,66.0400,132,2
2026-01-19,601318,13:57:28,66.0500,24,1
2026-01-19,601318,13:57:32,66.0500,44,1
2026-01-19,601318,13:57:34,66.0500,11,1
2026-01-19,601318,13:57:38,66.0500,165,1
2026-01-19,601318,13:57:40,66.0400,61,2
2026-01-19,601318,13:57:43,66.0400,61,2
2026-01-19,601318,13:57:46,66.0400,65,2
2026-01-19,601318,13:57:50,66.0400,64,2
2026-01-19,601318,13:57:52,66.0400,683,2
2026-01-19,601318,13:57:56,66.0500,203,1
2026-01-19,601318,13:57:58,66.0300,30,1
2026-01-19,601318,13:58:01,66.0300,32,1
2026-01-19,601318,13:58:04,66.0400,48,1
2026-01-19,601318,13:58:08,66.0400,122,1
2026-01-19,601318,13:58:10,66.0500,26,1
2026-01-19,601318,13:58:14,66.0400,70,2
2026-01-19,601318,13:58:16,66.0500,21,2
2026-01-19,601318,13:58:19,66.0500,45,2
2026-01-19,601318,13:58:22,66.0700,178,1
2026-01-19,601318,13:58:25,66.0700,102,2
2026-01-19,601318,13:58:28,66.0400,212,2
2026-01-19,601318,13:58:31,66.0000,360,2
2026-01-19,601318,13:58:34,65.9900,365,2
2026-01-19,601318,13:58:37,66.0000,151,4
2026-01-19,601318,13:58:40,66.0000,113,1
2026-01-19,601318,13:58:43,66.0000,67,2
2026-01-19,601318,13:58:46,66.0100,51,1
2026-01-19,601318,13:58:50,66.0100,80,1
2026-01-19,601318,13:58:52,66.0000,53,2
2026-01-19,601318,13:58:55,66.0100,67,1
2026-01-19,601318,13:58:58,66.0100,37,1
2026-01-19,601318,13:59:02,66.0000,249,2
2026-01-19,601318,13:59:05,66.0300,114,1
2026-01-19,601318,13:59:07,66.0400,8,1
2026-01-19,601318,13:59:10,66.0600,85,1
2026-01-19,601318,13:59:13,66.0800,60,1
2026-01-19,601318,13:59:16,66.0800,50,1
2026-01-19,601318,13:59:19,66.0700,204,2
2026-01-19,601318,13:59:22,66.0900,121,1
2026-01-19,601318,13:59:25,66.0800,29,1
2026-01-19,601318,13:59:29,66.0700,170,4
2026-01-19,601318,13:59:31,66.0500,56,2
2026-01-19,601318,13:59:34,66.0400,131,2
2026-01-19,601318,13:59:37,66.0300,94,2
2026-01-19,601318,13:59:40,66.0200,31,2
2026-01-19,601318,13:59:43,66.0200,73,2
2026-01-19,601318,13:59:46,66.0300,57,1
2026-01-19,601318,13:59:50,66.0200,56,2
2026-01-19,601318,13:59:52,66.0200,152,1
2026-01-19,601318,13:59:55,66.0100,636,2
2026-01-19,601318,13:59:58,65.9700,366,2
2026-01-19,601318,14:00:01,66.0000,234,1
2026-01-19,601318,14:00:04,66.0000,452,2
2026-01-19,601318,14:00:07,66.0100,174,1
2026-01-19,601318,14:00:10,66.0000,209,2
2026-01-19,601318,14:00:14,66.0100,88,1
2026-01-19,601318,14:00:16,66.0400,125,1
2026-01-19,601318,14:00:19,66.0700,88,1
2026-01-19,601318,14:00:22,66.0800,41,1
2026-01-19,601318,14:00:25,66.0800,116,1
2026-01-19,601318,14:00:28,66.1100,93,1
2026-01-19,601318,14:00:31,66.0800,173,1
2026-01-19,601318,14:00:34,66.0800,44,1
2026-01-19,601318,14:00:37,66.0800,39,2
2026-01-19,601318,14:00:40,66.1000,87,1
2026-01-19,601318,14:00:44,66.1000,210,1
2026-01-19,601318,14:00:46,66.1100,13,4
2026-01-19,601318,14:00:49,66.1300,175,1
2026-01-19,601318,14:00:52,66.1100,379,2
2026-01-19,601318,14:00:55,66.1100,63,1
2026-01-19,601318,14:00:58,66.1000,23,1
2026-01-19,601318,14:01:01,66.0900,7,2
2026-01-19,601318,14:01:05,66.0900,128,2
2026-01-19,601318,14:01:07,66.0900,345,1
2026-01-19,601318,14:01:10,66.0800,42,2
2026-01-19,601318,14:01:13,66.0800,62,2
2026-01-19,601318,14:01:16,66.0800,56,1
2026-01-19,601318,14:01:19,66.0800,184,1
2026-01-19,601318,14:01:22,66.0800,107,1
2026-01-19,601318,14:01:25,66.0700,82,2
2026-01-19,601318,14:01:29,66.0900,196,1
2026-01-19,601318,14:01:32,66.0900,126,1
2026-01-19,601318,14:01:34,66.0900,329,2
2026-01-19,601318,14:01:37,66.0900,128,1
2026-01-19,601318,14:01:41,66.0900,45,1
2026-01-19,601318,14:01:43,66.0900,89,1
2026-01-19,601318,14:01:46,66.0900,12,1
2026-01-19,601318,14:01:49,66.1100,92,1
2026-01-19,601318,14:01:52,66.1100,3,1
2026-01-19,601318,14:01:55,66.1100,53,1
2026-01-19,601318,14:01:58,66.0900,158,2
2026-01-19,601318,14:02:02,66.0800,126,2
2026-01-19,601318,14:02:04,66.1000,329,1
2026-01-19,601318,14:02:08,66.0700,63,2
2026-01-19,601318,14:02:10,66.0800,40,1
2026-01-19,601318,14:02:13,66.0700,118,2
2026-01-19,601318,14:02:16,66.0600,171,2
2026-01-19,601318,14:02:19,66.0500,95,2
2026-01-19,601318,14:02:22,66.0500,40,2
2026-01-19,601318,14:02:25,66.0500,14,1
2026-01-19,601318,14:02:29,66.0400,110,2
2026-01-19,601318,14:02:31,66.0400,141,2
2026-01-19,601318,14:02:34,66.0400,79,2
2026-01-19,601318,14:02:37,66.0300,42,2
2026-01-19,601318,14:02:40,66.0400,172,1
2026-01-19,601318,14:02:43,66.0600,45,1
2026-01-19,601318,14:02:47,66.0200,128,2
2026-01-19,601318,14:02:49,66.0200,230,2
2026-01-19,601318,14:02:52,66.0300,159,1
2026-01-19,601318,14:02:55,66.0200,408,2
2026-01-19,601318,14:02:58,66.0200,37,1
2026-01-19,601318,14:03:01,66.0400,597,1
2026-01-19,601318,14:03:04,66.0700,207,1
2026-01-19,601318,14:03:08,66.0800,21,4
2026-01-19,601318,14:03:10,66.0900,11,1
2026-01-19,601318,14:03:13,66.0900,17,1
2026-01-19,601318,14:03:16,66.1000,136,1
2026-01-19,601318,14:03:20,66.0900,58,4
2026-01-19,601318,14:03:22,66.1000,217,1
2026-01-19,601318,14:03:25,66.1000,31,1
2026-01-19,601318,14:03:28,66.0900,64,2
2026-01-19,601318,14:03:31,66.1000,18,4
2026-01-19,601318,14:03:34,66.0900,34,2
2026-01-19,601318,14:03:37,66.1000,62,1
2026-01-19,601318,14:03:40,66.1000,114,1
2026-01-19,601318,14:03:43,66.1000,306,1
2026-01-19,601318,14:03:46,66.0900,112,2
2026-01-19,601318,14:03:49,66.0800,218,2
2026-01-19,601318,14:03:52,66.0700,179,2
2026-01-19,601318,14:03:55,66.0500,74,2
2026-01-19,601318,14:03:58,66.0500,388,1
2026-01-19,601318,14:04:01,66.0600,175,1
2026-01-19,601318,14:04:04,66.0600,156,1
2026-01-19,601318,14:04:07,66.0600,427,1
2026-01-19,601318,14:04:10,66.0900,18,1
2026-01-19,601318,14:04:13,66.0900,94,1
2026-01-19,601318,14:04:16,66.0900,6,1
2026-01-19,601318,14:04:19,66.0900,80,1
2026-01-19,601318,14:04:23,66.0900,89,1
2026-01-19,601318,14:04:25,66.0800,33,2
2026-01-19,601318,14:04:28,66.0900,86,1
2026-01-19,601318,14:04:31,66.1000,157,1
2026-01-19,601318,14:04:34,66.1200,60,1
2026-01-19,601318,14:04:37,66.1100,66,4
2026-01-19,601318,14:04:40,66.1200,28,1
2026-01-19,601318,14:04:43,66.1200,51,1
2026-01-19,601318,14:04:46,66.1200,94,1
2026-01-19,601318,14:04:49,66.1300,13,1
2026-01-19,601318,14:04:52,66.1300,43,1
2026-01-19,601318,14:04:55,66.1300,7,1
2026-01-19,601318,14:04:58,66.1200,284,2
2026-01-19,601318,14:05:01,66.1200,83,1
2026-01-19,601318,14:05:04,66.0900,1160,2
2026-01-19,601318,14:05:07,66.0900,116,2
2026-01-19,601318,14:05:11,66.0600,196,2
2026-01-19,601318,14:05:14,66.0800,133,1
2026-01-19,601318,14:05:17,66.0800,599,1
2026-01-19,601318,14:05:19,66.0800,68,1
2026-01-19,601318,14:05:22,66.0800,110,1
2026-01-19,601318,14:05:25,66.1000,159,1
2026-01-19,601318,14:05:28,66.1000,25,1
2026-01-19,601318,14:05:31,66.1000,57,1
2026-01-19,601318,14:05:34,66.1000,45,1
2026-01-19,601318,14:05:38,66.0800,127,2
2026-01-19,601318,14:05:40,66.0900,34,4
2026-01-19,601318,14:05:43,66.0800,99,2
2026-01-19,601318,14:05:47,66.0700,37,2
2026-01-19,601318,14:05:49,66.0700,66,2
2026-01-19,601318,14:05:52,66.0800,31,1
2026-01-19,601318,14:05:55,66.0700,144,2
2026-01-19,601318,14:05:58,66.0500,43,2
2026-01-19,601318,14:06:02,66.0700,136,1
2026-01-19,601318,14:06:04,66.0500,59,2
2026-01-19,601318,14:06:07,66.0600,57,2
2026-01-19,601318,14:06:10,66.0500,375,2
2026-01-19,601318,14:06:13,66.0500,61,2
2026-01-19,601318,14:06:17,66.0500,112,2
2026-01-19,601318,14:06:19,66.0500,15,1
2026-01-19,601318,14:06:23,66.0400,186,2
2026-01-19,601318,14:06:25,66.0300,44,2
2026-01-19,601318,14:06:28,66.0300,406,2
2026-01-19,601318,14:06:31,66.0400,879,1
2026-01-19,601318,14:06:34,66.0400,63,1
2026-01-19,601318,14:06:37,66.0400,130,1
2026-01-19,601318,14:06:40,66.0300,320,2
2026-01-19,601318,14:06:43,66.0500,88,1
2026-01-19,601318,14:06:46,66.0500,48,1
2026-01-19,601318,14:06:49,66.0500,67,1
2026-01-19,601318,14:06:52,66.0400,107,4
2026-01-19,601318,14:06:56,66.0600,377,1
2026-01-19,601318,14:06:59,66.0600,208,1
2026-01-19,601318,14:07:02,66.0600,77,1
2026-01-19,601318,10:57:07,66.3800,38,2
2026-01-19,601318,10:57:10,66.3800,32,2
2026-01-19,601318,10:57:13,66.3800,71,2
2026-01-19,601318,10:57:17,66.3800,78,2
2026-01-19,601318,10:57:19,66.3900,205,1
2026-01-19,601318,10:57:22,66.3800,105,2
2026-01-19,601318,10:57:25,66.3800,37,2
2026-01-19,601318,10:57:28,66.3800,38,2
2026-01-19,601318,10:57:31,66.3900,95,1
2026-01-19,601318,10:57:34,66.3900,163,1
2026-01-19,601318,10:57:37,66.3800,23,4
2026-01-19,601318,10:57:40,66.3700,142,2
2026-01-19,601318,10:57:43,66.3800,88,1
2026-01-19,601318,10:57:47,66.3900,73,1
2026-01-19,601318,10:57:49,66.3600,57,2
2026-01-19,601318,10:57:53,66.3700,443,1
2026-01-19,601318,10:57:56,66.3700,54,1
2026-01-19,601318,10:57:59,66.3700,191,2
2026-01-19,601318,10:58:01,66.3400,40,2
2026-01-19,601318,10:58:04,66.3600,153,1
2026-01-19,601318,10:58:07,66.3600,41,2
2026-01-19,601318,10:58:10,66.3400,59,2
2026-01-19,601318,10:58:13,66.3300,21,2
2026-01-19,601318,10:58:16,66.3300,18,2
2026-01-19,601318,10:58:20,66.3300,68,2
2026-01-19,601318,10:58:22,66.3300,74,2
2026-01-19,601318,10:58:25,66.3200,46,2
2026-01-19,601318,10:58:28,66.3300,62,1
2026-01-19,601318,10:58:31,66.3200,40,2
2026-01-19,601318,10:58:34,66.3300,30,4
2026-01-19,601318,10:58:37,66.3300,145,2
2026-01-19,601318,10:58:40,66.3500,80,1
2026-01-19,601318,10:58:44,66.3400,80,2
2026-01-19,601318,10:58:47,66.3400,264,1
2026-01-19,601318,10:58:50,66.3700,83,1
2026-01-19,601318,10:58:52,66.3400,319,2
2026-01-19,601318,10:58:55,66.3600,65,1
2026-01-19,601318,10:58:58,66.3400,119,2
2026-01-19,601318,10:59:01,66.3500,84,1
2026-01-19,601318,10:59:04,66.3500,63,1
2026-01-19,601318,10:59:07,66.3100,183,2
2026-01-19,601318,10:59:11,66.3100,151,1
2026-01-19,601318,10:59:14,66.2600,126,2
2026-01-19,601318,10:59:16,66.2800,180,2
2026-01-19,601318,10:59:19,66.3100,95,1
2026-01-19,601318,10:59:23,66.3100,129,2
2026-01-19,601318,10:59:25,66.3200,105,1
2026-01-19,601318,10:59:28,66.2700,92,2
2026-01-19,601318,10:59:31,66.3100,125,2
2026-01-19,601318,10:59:34,66.3200,88,1
2026-01-19,601318,10:59:37,66.3500,41,1
2026-01-19,601318,10:59:40,66.3500,61,2
2026-01-19,601318,10:59:43,66.3100,37,2
2026-01-19,601318,10:59:46,66.3100,51,1
2026-01-19,601318,10:59:49,66.3100,36,2
2026-01-19,601318,10:59:53,66.3100,64,2
2026-01-19,601318,10:59:55,66.3500,80,1
2026-01-19,601318,10:59:58,66.3500,80,1
2026-01-19,601318,11:00:01,66.3500,95,1
2026-01-19,601318,11:00:04,66.3700,153,1
2026-01-19,601318,11:00:08,66.3600,82,1
2026-01-19,601318,11:00:11,66.3500,27,2
2026-01-19,601318,11:00:13,66.3500,39,2
2026-01-19,601318,11:00:16,66.3500,102,2
2026-01-19,601318,11:00:19,66.3600,23,4
2026-01-19,601318,11:00:23,66.3400,104,2
2026-01-19,601318,11:00:26,66.3500,32,1
2026-01-19,601318,11:00:28,66.3500,42,1
2026-01-19,601318,11:00:32,66.3500,23,1
2026-01-19,601318,11:00:34,66.3500,94,1
2026-01-19,601318,11:00:37,66.3600,163,1
2026-01-19,601318,11:00:40,66.3700,20,1
2026-01-19,601318,11:00:43,66.3700,80,1
2026-01-19,601318,11:00:46,66.3600,50,4
2026-01-19,601318,11:00:50,66.3500,124,2
2026-01-19,601318,11:00:53,66.3500,60,2
2026-01-19,601318,11:00:55,66.3800,53,1
2026-01-19,601318,11:00:59,66.3700,21,1
2026-01-19,601318,11:01:02,66.3600,61,2
2026-01-19,601318,11:01:04,66.3900,158,1
2026-01-19,601318,11:01:07,66.3200,497,2
2026-01-19,601318,11:01:10,66.3200,135,1
2026-01-19,601318,11:01:13,66.3200,30,2
2026-01-19,601318,11:01:17,66.3200,206,2
2026-01-19,601318,11:01:19,66.3200,124,2
2026-01-19,601318,11:01:22,66.3200,220,1
2026-01-19,601318,11:01:25,66.3200,108,2
2026-01-19,601318,11:01:28,66.3300,65,1
2026-01-19,601318,11:01:31,66.3300,207,1
2026-01-19,601318,11:01:34,66.3300,72,1
2026-01-19,601318,11:01:38,66.3200,81,2
2026-01-19,601318,11:01:40,66.3200,26,2
2026-01-19,601318,11:01:43,66.3300,31,1
2026-01-19,601318,11:01:46,66.3300,127,1
2026-01-19,601318,11:01:49,66.3200,22,2
2026-01-19,601318,11:01:53,66.3300,30,1
2026-01-19,601318,11:01:55,66.3200,67,2
2026-01-19,601318,11:01:58,66.3300,32,1
2026-01-19,601318,11:02:02,66.3300,193,1
2026-01-19,601318,11:02:04,66.3300,286,1
2026-01-19,601318,11:02:08,66.3600,1128,1
2026-01-19,601318,11:02:10,66.3800,143,1
2026-01-19,601318,11:02:13,66.3800,36,1
2026-01-19,601318,11:02:16,66.3800,83,2
2026-01-19,601318,11:02:19,66.3900,137,1
2026-01-19,601318,11:02:23,66.4000,55,1
2026-01-19,601318,11:02:25,66.4000,72,1
2026-01-19,601318,11:02:28,66.4000,62,1
2026-01-19,601318,11:02:32,66.3900,259,2
2026-01-19,601318,11:02:34,66.4000,191,1
2026-01-19,601318,11:02:38,66.3700,72,2
2026-01-19,601318,11:02:41,66.3600,81,2
2026-01-19,601318,11:02:43,66.3500,29,1
2026-01-19,601318,11:02:47,66.3300,90,2
2026-01-19,601318,11:02:49,66.3200,78,2
2026-01-19,601318,11:02:52,66.3200,34,2
2026-01-19,601318,11:02:55,66.3200,65,2
2026-01-19,601318,11:02:59,66.3300,56,1
2026-01-19,601318,11:03:02,66.3500,72,1
2026-01-19,601318,11:03:04,66.3300,26,2
2026-01-19,601318,11:03:08,66.3400,97,1
2026-01-19,601318,11:03:11,66.3300,43,2
2026-01-19,601318,11:03:13,66.3300,154,1
2026-01-19,601318,11:03:16,66.3300,36,1
2026-01-19,601318,11:03:19,66.3000,52,2
2026-01-19,601318,11:03:22,66.3300,36,1
2026-01-19,601318,11:03:25,66.3000,66,2
2026-01-19,601318,11:03:29,66.3000,64,2
2026-01-19,601318,11:03:31,66.3100,128,2
2026-01-19,601318,11:03:34,66.3300,96,1
2026-01-19,601318,11:03:37,66.3500,95,1
2026-01-19,601318,11:03:40,66.3300,6,2
2026-01-19,601318,11:03:43,66.3300,56,2
2026-01-19,601318,11:03:47,66.3300,30,1
2026-01-19,601318,11:03:49,66.3300,17,1
2026-01-19,601318,11:03:52,66.3300,11,1
2026-01-19,601318,11:03:56,66.3300,215,1
2026-01-19,601318,11:03:58,66.3500,33,1
2026-01-19,601318,11:04:02,66.3200,700,2
2026-01-19,601318,11:04:05,66.3100,181,2
2026-01-19,601318,11:04:07,66.3200,548,1
2026-01-19,601318,11:04:10,66.3000,11,2
2026-01-19,601318,11:04:14,66.2900,16,2
2026-01-19,601318,11:04:16,66.2900,66,2
2026-01-19,601318,11:04:19,66.2700,8,2
2026-01-19,601318,11:04:22,66.2600,54,2
2026-01-19,601318,11:04:25,66.2600,18,4
2026-01-19,601318,11:04:28,66.2500,56,2
2026-01-19,601318,11:04:32,66.2500,101,1
2026-01-19,601318,11:04:34,66.2400,57,1
2026-01-19,601318,11:04:37,66.2400,41,2
2026-01-19,601318,11:04:40,66.2300,39,2
2026-01-19,601318,11:04:43,66.2300,95,2
2026-01-19,601318,11:04:46,66.2300,52,2
2026-01-19,601318,11:04:49,66.2200,55,2
2026-01-19,601318,11:04:52,66.2100,54,2
2026-01-19,601318,11:04:55,66.2000,145,2
2026-01-19,601318,11:04:58,66.2000,90,2
2026-01-19,601318,11:05:01,66.1800,127,2
2026-01-19,601318,11:05:05,66.1900,68,4
2026-01-19,601318,11:05:07,66.2000,65,1
2026-01-19,601318,11:05:11,66.2000,91,2
2026-01-19,601318,11:05:13,66.2000,33,2
2026-01-19,601318,11:05:16,66.1800,82,2
2026-01-19,601318,11:05:20,66.1800,25,1
2026-01-19,601318,11:05:23,66.2000,214,1
2026-01-19,601318,11:05:25,66.2000,114,2
2026-01-19,601318,11:05:28,66.2300,4,1
2026-01-19,601318,11:05:31,66.2200,86,4
2026-01-19,601318,11:05:34,66.2100,231,4
2026-01-19,601318,11:05:37,66.2100,100,1
2026-01-19,601318,11:05:41,66.2000,148,2
2026-01-19,601318,11:05:43,66.2300,104,1
2026-01-19,601318,11:05:46,66.2200,69,1
2026-01-19,601318,11:05:49,66.2200,62,2
2026-01-19,601318,11:05:53,66.2200,25,1
2026-01-19,601318,11:05:56,66.2200,34,2
2026-01-19,601318,11:05:58,66.2300,80,1
2026-01-19,601318,11:06:01,66.2300,76,1
2026-01-19,601318,11:06:04,66.2300,209,1
2026-01-19,601318,11:06:08,66.2400,38,1
2026-01-19,601318,11:06:10,66.2400,75,1
2026-01-19,601318,11:06:14,66.2300,142,2
2026-01-19,601318,11:06:16,66.2300,147,2
2026-01-19,601318,11:06:19,66.2300,96,2
2026-01-19,601318,11:06:22,66.2300,213,1
2026-01-19,601318,11:06:25,66.2100,29,2
2026-01-19,601318,11:06:28,66.2200,54,1
2026-01-19,601318,11:06:31,66.2000,166,2
2026-01-19,601318,11:06:35,66.2100,74,4
2026-01-19,601318,11:06:37,66.2300,3,1
2026-01-19,601318,11:06:40,66.2100,67,2
2026-01-19,601318,11:06:44,66.2200,117,1
2026-01-19,601318,11:06:47,66.2300,143,1
2026-01-19,601318,11:06:50,66.2200,24,2
2026-01-19,601318,11:06:53,66.2300,47,1
2026-01-19,601318,11:06:55,66.2200,23,2
2026-01-19,601318,11:06:59,66.2200,24,1
2026-01-19,601318,11:07:01,66.2300,31,1
2026-01-19,601318,11:07:04,66.2200,127,2
2026-01-19,601318,11:07:07,66.2300,96,1
2026-01-19,601318,11:07:10,66.2200,93,2
2026-01-19,601318,11:07:13,66.2100,68,4
2026-01-19,601318,11:07:17,66.2100,42,2
2026-01-19,601318,11:07:20,66.2300,2,1
2026-01-19,601318,11:07:23,66.2200,59,2
2026-01-19,601318,11:07:26,66.2000,50,2
2026-01-19,601318,11:07:28,66.2000,46,2
2026-01-19,601318,11:07:31,66.2100,60,1
2026-01-19,601318,11:07:34,66.2100,161,1
2026-01-19,601318,11:07:37,66.2100,109,1
2026-01-19,601318,11:07:40,66.2000,77,2
2026-01-19,601318,11:07:44,66.2100,91,1
2026-01-19,601318,11:07:46,66.2100,85,1
2026-01-19,601318,11:07:49,66.2100,133,2
2026-01-19,601318,11:07:52,66.2200,68,1
2026-01-19,601318,11:07:56,66.2300,98,1
2026-01-19,601318,11:07:59,66.1900,453,2
2026-01-19,601318,11:08:01,66.1700,132,2
2026-01-19,601318,11:08:04,66.2000,283,1
2026-01-19,601318,11:08:07,66.1800,188,1
2026-01-19,601318,11:08:11,66.1700,19,4
2026-01-19,601318,11:08:13,66.1800,36,1
2026-01-19,601318,11:08:16,66.1900,21,1
2026-01-19,601318,11:08:19,66.1800,39,2
2026-01-19,601318,11:08:22,66.1700,59,2
2026-01-19,601318,11:08:25,66.1700,56,1
2026-01-19,601318,11:08:28,66.1700,49,1
2026-01-19,601318,11:08:32,66.1600,117,2
2026-01-19,601318,11:08:34,66.1800,31,1
2026-01-19,601318,11:08:38,66.1800,38,1
2026-01-19,601318,11:08:41,66.1700,5,2
2026-01-19,601318,11:08:43,66.1800,43,1
2026-01-19,601318,11:08:46,66.1900,46,1
2026-01-19,601318,11:08:50,66.1800,172,4
2026-01-19,601318,11:08:53,66.1800,44,2
2026-01-19,601318,11:08:55,66.1900,69,1
2026-01-19,601318,11:08:59,66.1800,164,2
2026-01-19,601318,11:09:01,66.2000,47,1
2026-01-19,601318,11:09:04,66.1800,129,1
2026-01-19,601318,11:09:07,66.1900,218,1
2026-01-19,601318,11:09:11,66.1600,126,2
2026-01-19,601318,11:09:14,66.1500,24,2
2026-01-19,601318,11:09:16,66.1600,189,1
2026-01-19,601318,11:09:19,66.1400,424,2
2026-01-19,601318,11:09:22,66.1900,39,1
2026-01-19,601318,11:09:25,66.1800,148,2
2026-01-19,601318,11:09:28,66.1200,307,2
2026-01-19,601318,11:09:32,66.1200,22,2
2026-01-19,601318,11:09:35,66.2000,218,1
2026-01-19,601318,11:09:37,66.2000,31,1
2026-01-19,601318,11:09:40,66.1500,3,2
2026-01-19,601318,11:09:43,66.1600,22,1
2026-01-19,601318,11:09:46,66.1900,38,1
2026-01-19,601318,11:09:49,66.1600,36,2
2026-01-19,601318,11:09:52,66.1800,12,1
2026-01-19,601318,11:09:55,66.1600,56,2
2026-01-19,601318,11:09:58,66.1600,42,2
2026-01-19,601318,11:10:02,66.1600,48,2
2026-01-19,601318,11:10:04,66.2200,355,1
2026-01-19,601318,11:10:07,66.2200,2,1
2026-01-19,601318,11:10:10,66.1900,13,2
2026-01-19,601318,11:10:13,66.1900,9,1
2026-01-19,601318,11:10:16,66.2000,46,1
2026-01-19,601318,11:10:19,66.2400,68,1
2026-01-19,601318,11:10:22,66.2100,26,2
2026-01-19,601318,11:10:25,66.2100,43,1
2026-01-19,601318,11:10:28,66.1900,26,2
2026-01-19,601318,11:10:31,66.1900,143,2
2026-01-19,601318,11:10:34,66.1800,102,4
2026-01-19,601318,11:10:37,66.1600,145,2
2026-01-19,601318,11:10:40,66.1700,78,4
2026-01-19,601318,11:10:43,66.1500,37,2
2026-01-19,601318,11:10:47,66.1400,149,2
2026-01-19,601318,11:10:49,66.1400,159,1
2026-01-19,601318,11:10:53,66.1500,48,4
2026-01-19,601318,11:10:56,66.1700,85,1
2026-01-19,601318,11:10:58,66.1500,33,2
2026-01-19,601318,11:11:02,66.1600,47,1
2026-01-19,601318,11:11:05,66.1600,90,1
2026-01-19,601318,11:11:07,66.1800,46,1
2026-01-19,601318,11:11:10,66.1700,34,2
2026-01-19,601318,11:11:13,66.1800,34,4
2026-01-19,601318,11:11:16,66.1900,103,1
2026-01-19,601318,11:11:19,66.1900,41,2
2026-01-19,601318,11:11:23,66.1900,25,2
2026-01-19,601318,11:11:25,66.2400,155,1
2026-01-19,601318,11:11:28,66.2300,50,1
2026-01-19,601318,11:11:31,66.2300,48,1
2026-01-19,601318,11:11:34,66.2200,62,2
2026-01-19,601318,11:11:38,66.2100,148,2
2026-01-19,601318,11:11:40,66.2100,35,2
2026-01-19,601318,11:11:44,66.2200,5,1
2026-01-19,601318,11:11:46,66.2100,42,2
2026-01-19,601318,11:11:49,66.2100,39,2
2026-01-19,601318,11:11:52,66.2100,19,1
2026-01-19,601318,11:11:56,66.2100,60,1
2026-01-19,601318,11:11:59,66.2200,4,1
2026-01-19,601318,11:12:01,66.2100,38,2
2026-01-19,601318,11:12:04,66.2100,313,2
2026-01-19,601318,11:12:07,66.1900,293,2
2026-01-19,601318,11:12:10,66.1800,104,2
2026-01-19,601318,11:12:13,66.1400,45,2
2026-01-19,601318,11:12:16,66.1800,44,1
2026-01-19,601318,11:12:19,66.1800,66,1
2026-01-19,601318,11:12:22,66.1400,99,2
2026-01-19,601318,11:12:25,66.1800,38,2
2026-01-19,601318,11:12:28,66.1700,46,1
2026-01-19,601318,11:12:31,66.1400,15,2
2026-01-19,601318,11:12:34,66.1500,30,1
2026-01-19,601318,11:12:37,66.1500,32,2
2026-01-19,601318,11:12:40,66.1500,100,2
2026-01-19,601318,11:12:43,66.1600,9,1
2026-01-19,601318,11:12:46,66.1200,193,2
2026-01-19,601318,11:12:49,66.1200,58,2
2026-01-19,601318,11:12:52,66.1300,28,1
2026-01-19,601318,11:12:56,66.1300,66,1
2026-01-19,601318,11:12:59,66.1600,24,1
2026-01-19,601318,11:13:02,66.1300,22,2
2026-01-19,601318,11:13:04,66.1600,71,1
2026-01-19,601318,11:13:07,66.1600,51,1
2026-01-19,601318,11:13:10,66.1300,167,2
2026-01-19,601318,11:13:13,66.1500,29,1
2026-01-19,601318,11:13:16,66.1500,238,1
2026-01-19,601318,11:13:20,66.1600,24,1
2026-01-19,601318,11:13:22,66.1800,53,1
2026-01-19,601318,11:13:25,66.1600,3,2
2026-01-19,601318,11:13:29,66.1600,26,2
2026-01-19,601318,11:13:31,66.1700,24,1
2026-01-19,601318,11:13:34,66.1700,18,1
2026-01-19,601318,11:13:38,66.1800,140,1
2026-01-19,601318,11:13:40,66.1700,88,2
2026-01-19,601318,11:13:44,66.1800,114,1
2026-01-19,601318,11:13:46,66.2000,20,1
2026-01-19,601318,11:13:49,66.1900,30,2
2026-01-19,601318,11:13:52,66.2100,25,1
2026-01-19,601318,11:13:55,66.2000,7,4
2026-01-19,601318,11:13:59,66.2000,14,1
2026-01-19,601318,11:14:01,66.1900,38,2
2026-01-19,601318,11:14:04,66.1900,310,2
2026-01-19,601318,11:14:07,66.1900,122,2
2026-01-19,601318,11:14:11,66.2100,33,1
2026-01-19,601318,11:14:14,66.1900,37,2
2026-01-19,601318,11:14:16,66.2000,38,1
2026-01-19,601318,11:14:19,66.2000,7,1
2026-01-19,601318,11:14:23,66.2000,44,2
2026-01-19,601318,11:14:25,66.1900,44,2
2026-01-19,601318,11:14:28,66.1900,41,2
2026-01-19,601318,11:14:31,66.2100,34,1
2026-01-19,601318,11:14:34,66.2000,55,2
2026-01-19,601318,11:14:38,66.2000,86,1
2026-01-19,601318,11:14:40,66.2000,10,1
2026-01-19,601318,11:14:43,66.1900,9,2
2026-01-19,601318,11:14:47,66.2000,58,1
2026-01-19,601318,11:14:50,66.1900,34,2
2026-01-19,601318,11:14:52,66.2100,20,1
2026-01-19,601318,11:14:55,66.2000,195,2
2026-01-19,601318,11:14:59,66.1900,31,2
2026-01-19,601318,11:15:01,66.1900,80,1
2026-01-19,601318,11:15:05,66.2000,49,1
2026-01-19,601318,11:15:07,66.2100,78,1
2026-01-19,601318,11:15:10,66.2000,34,2
2026-01-19,601318,11:15:13,66.2000,20,2
2026-01-19,601318,11:15:16,66.2100,21,1
2026-01-19,601318,11:15:20,66.2100,68,1
2026-01-19,601318,11:15:23,66.2000,29,2
2026-01-19,601318,11:15:26,66.2200,24,1
2026-01-19,601318,11:15:28,66.2100,19,1
2026-01-19,601318,11:15:32,66.2100,55,1
2026-01-19,601318,11:15:34,66.2100,18,1
2026-01-19,601318,11:15:37,66.2100,91,2
2026-01-19,601318,11:15:40,66.2200,103,1
2026-01-19,601318,11:15:44,66.2200,11,1
2026-01-19,601318,11:15:47,66.2200,40,1
2026-01-19,601318,11:15:50,66.2100,11,2
2026-01-19,601318,11:15:52,66.2200,53,1
2026-01-19,601318,11:15:55,66.2200,177,1
2026-01-19,601318,11:15:58,66.2200,77,1
2026-01-19,601318,11:16:01,66.2200,117,1
2026-01-19,601318,11:16:04,66.2500,46,1
2026-01-19,601318,11:16:07,66.2700,68,1
2026-01-19,601318,11:16:10,66.2600,222,2
2026-01-19,601318,11:16:13,66.2200,174,2
2026-01-19,601318,11:16:16,66.2000,180,2
2026-01-19,601318,11:16:19,66.2000,231,2
2026-01-19,601318,11:16:23,66.2400,241,1
2026-01-19,601318,11:16:25,66.2000,22,2
2026-01-19,601318,11:16:29,66.2100,109,1
2026-01-19,601318,11:16:32,66.2000,118,2
2026-01-19,601318,11:16:34,66.2100,31,4
2026-01-19,601318,11:16:37,66.2200,31,1
2026-01-19,601318,11:16:40,66.2200,58,2
2026-01-19,601318,11:16:43,66.2200,142,2
2026-01-19,601318,11:16:47,66.2100,68,2
2026-01-19,601318,11:16:49,66.2200,9,1
2026-01-19,601318,11:16:52,66.2300,57,4
2026-01-19,601318,11:16:55,66.2700,54,1
2026-01-19,601318,11:16:59,66.2700,72,1
2026-01-19,601318,11:17:01,66.2500,54,2
2026-01-19,601318,11:17:04,66.2500,73,2
2026-01-19,601318,11:17:07,66.2500,60,2
2026-01-19,601318,11:17:10,66.2500,497,2
2026-01-19,601318,11:17:13,66.2400,25,2
2026-01-19,601318,11:17:17,66.2200,327,2
2026-01-19,601318,11:17:20,66.2300,90,1
2026-01-19,601318,11:17:22,66.2200,75,1
2026-01-19,601318,11:17:25,66.2200,59,2
2026-01-19,601318,11:17:28,66.2200,134,1
2026-01-19,601318,11:17:31,66.2200,112,1
2026-01-19,601318,11:17:34,66.2100,78,4
2026-01-19,601318,11:17:37,66.2200,72,1
2026-01-19,601318,11:17:41,66.2200,62,1
2026-01-19,601318,11:17:44,66.2200,70,1
2026-01-19,601318,11:17:46,66.2200,363,1
2026-01-19,601318,11:17:49,66.2200,24,4
2026-01-19,601318,11:17:52,66.2300,185,1
2026-01-19,601318,11:17:55,66.2400,64,1
2026-01-19,601318,11:17:58,66.2300,20,4
2026-01-19,601318,11:18:01,66.2200,35,2
2026-01-19,601318,11:18:04,66.2200,36,2
2026-01-19,601318,11:18:07,66.2300,7,4
2026-01-19,601318,11:18:11,66.2300,13,1
2026-01-19,601318,11:18:14,66.2400,27,1
2026-01-19,601318,11:18:17,66.2300,87,4
2026-01-19,601318,11:18:19,66.2300,130,1
2026-01-19,601318,11:18:22,66.2200,11,1
2026-01-19,601318,11:18:25,66.2100,34,2
2026-01-19,601318,11:18:28,66.2100,9,1
2026-01-19,601318,11:18:32,66.2100,212,1
2026-01-19,601318,11:18:34,66.2000,29,1
2026-01-19,601318,11:18:37,66.1800,63,2
2026-01-19,601318,11:18:40,66.1900,116,1
2026-01-19,601318,11:18:43,66.1900,66,1
2026-01-19,601318,11:18:46,66.1900,57,1
2026-01-19,601318,11:18:50,66.1800,18,2
2026-01-19,601318,11:18:52,66.1800,87,1
2026-01-19,601318,11:18:55,66.1800,58,2
2026-01-19,601318,11:18:58,66.1800,74,2
2026-01-19,601318,11:19:01,66.1800,55,1
2026-01-19,601318,11:19:04,66.1700,38,1
2026-01-19,601318,11:19:07,66.1700,14,1
2026-01-19,601318,11:19:10,66.1700,23,2
2026-01-19,601318,11:19:13,66.1700,49,2
2026-01-19,601318,11:19:16,66.1800,27,1
2026-01-19,601318,11:19:19,66.1900,102,1
2026-01-19,601318,11:19:22,66.1900,86,1
2026-01-19,601318,11:19:25,66.1900,163,1
2026-01-19,601318,11:19:28,66.1800,40,4
2026-01-19,601318,11:19:31,66.1700,312,2
2026-01-19,601318,11:19:34,66.1600,27,4
2026-01-19,601318,11:19:37,66.1600,149,1
2026-01-19,601318,11:19:40,66.1500,90,2
2026-01-19,601318,11:19:43,66.1500,15,2
2026-01-19,601318,11:19:47,66.1400,53,2
2026-01-19,601318,11:19:49,66.1400,5,2
2026-01-19,601318,11:19:53,66.1400,18,2
2026-01-19,601318,11:19:55,66.1400,39,2
2026-01-19,601318,11:19:58,66.1400,172,2
2026-01-19,601318,11:20:02,66.1400,44,2
2026-01-19,601318,11:20:04,66.1400,143,2
2026-01-19,601318,11:20:07,66.1400,39,1
2026-01-19,601318,11:20:10,66.1300,66,2
2026-01-19,601318,11:20:13,66.1500,95,1
2026-01-19,601318,11:20:16,66.1400,142,1
2026-01-19,601318,11:20:19,66.1300,40,2
2026-01-19,601318,11:20:22,66.1400,175,1
2026-01-19,601318,11:20:25,66.1000,23,2
2026-01-19,601318,11:20:29,66.1100,117,2
2026-01-19,601318,11:20:31,66.1000,85,2
2026-01-19,601318,11:20:34,66.1000,52,2
2026-01-19,601318,11:20:38,66.1000,351,2
2026-01-19,601318,11:20:40,66.0800,251,2
