date,code,time,price,volume,bs
2026-01-13,601012,14:07:07,18.5800,1442,2
2026-01-13,601012,14:07:10,18.5700,1848,2
2026-01-13,601012,14:07:13,18.5600,249,2
2026-01-13,601012,14:07:16,18.5700,227,1
2026-01-13,601012,14:07:19,18.5600,184,2
2026-01-13,601012,14:07:22,18.5600,425,2
2026-01-13,601012,14:07:25,18.5800,92,1
2026-01-13,601012,14:07:28,18.5700,105,4
2026-01-13,601012,14:07:31,18.5800,213,1
2026-01-13,601012,14:07:34,18.5700,58,2
2026-01-13,601012,14:07:37,18.5700,68,2
2026-01-13,601012,14:07:40,18.5700,136,2
2026-01-13,601012,14:07:43,18.5800,39,1
2026-01-13,601012,14:07:46,18.5800,342,1
2026-01-13,601012,14:07:49,18.5900,412,1
2026-01-13,601012,14:07:52,18.5900,34,2
2026-01-13,601012,14:07:55,18.5800,39,2
2026-01-13,601012,14:07:58,18.5800,27,2
2026-01-13,601012,14:08:01,18.5900,97,1
2026-01-13,601012,14:08:04,18.5800,61,2
2026-01-13,601012,14:08:07,18.5800,115,2
2026-01-13,601012,14:08:10,18.5800,76,2
2026-01-13,601012,14:08:13,18.5900,95,1
2026-01-13,601012,14:08:16,18.5900,50,1
2026-01-13,601012,14:08:19,18.5900,606,1
2026-01-13,601012,14:08:22,18.5900,162,2
2026-01-13,601012,14:08:25,18.5900,206,2
2026-01-13,601012,14:08:28,18.6000,100,1
2026-01-13,601012,14:08:31,18.5900,224,2
2026-01-13,601012,14:08:34,18.5900,178,1
2026-01-13,601012,14:08:37,18.5900,43,2
2026-01-13,601012,14:08:40,18.5800,199,2
2026-01-13,601012,14:08:43,18.5900,108,1
2026-01-13,601012,14:08:46,18.5900,443,1
2026-01-13,601012,14:08:49,18.5800,419,2
2026-01-13,601012,14:08:52,18.5800,107,2
2026-01-13,601012,14:08:55,18.5800,70,2
2026-01-13,601012,14:08:58,18.5800,23,2
2026-01-13,601012,14:09:01,18.5900,169,1
2026-01-13,601012,14:09:04,18.5600,1880,2
2026-01-13,601012,14:09:07,18.5700,1538,1
2026-01-13,601012,14:09:10,18.5600,687,2
2026-01-13,601012,14:09:13,18.5500,368,2
2026-01-13,601012,14:09:16,18.5500,564,2
2026-01-13,601012,14:09:19,18.5500,843,2
2026-01-13,601012,14:09:22,18.5700,103,1
2026-01-13,601012,14:09:25,18.5600,110,2
2026-01-13,601012,14:09:28,18.5800,26,1
2026-01-13,601012,14:09:31,18.5700,185,4
2026-01-13,601012,14:09:34,18.5800,65,1
2026-01-13,601012,14:09:37,18.5800,94,1
2026-01-13,601012,14:09:40,18.5700,83,4
2026-01-13,601012,14:09:43,18.5800,12,1
2026-01-13,601012,14:09:46,18.5800,598,1
2026-01-13,601012,14:09:49,18.5700,84,2
2026-01-13,601012,14:09:52,18.5600,97,2
2026-01-13,601012,14:09:55,18.5700,50,1
2026-01-13,601012,14:09:58,18.5600,372,2
2026-01-13,601012,14:10:01,18.5600,284,1
2026-01-13,601012,14:10:04,18.5600,55,1
2026-01-13,601012,14:10:07,18.5600,222,1
2026-01-13,601012,14:10:10,18.5500,127,2
2026-01-13,601012,14:10:13,18.5600,16,2
2026-01-13,601012,14:10:16,18.5700,119,1
2026-01-13,601012,14:10:19,18.5600,131,2
2026-01-13,601012,14:10:22,18.5700,44,1
2026-01-13,601012,14:10:25,18.5600,203,2
2026-01-13,601012,14:10:28,18.5600,17,2
2026-01-13,601012,14:10:31,18.5600,84,2
2026-01-13,601012,14:10:34,18.5600,145,2
2026-01-13,601012,14:10:37,18.5600,1174,2
2026-01-13,601012,14:10:40,18.5500,373,2
2026-01-13,601012,14:10:43,18.5600,386,1
2026-01-13,601012,14:10:46,18.5600,396,1
2026-01-13,601012,14:10:49,18.5500,390,2
2026-01-13,601012,14:10:52,18.5600,318,1
2026-01-13,601012,14:10:55,18.5500,102,2
2026-01-13,601012,14:10:58,18.5600,106,1
2026-01-13,601012,14:11:01,18.5600,347,1
2026-01-13,601012,14:11:04,18.5600,227,1
2026-01-13,601012,14:11:07,18.5600,87,1
2026-01-13,601012,14:11:10,18.5600,111,2
2026-01-13,601012,14:11:13,18.5600,126,1
2026-01-13,601012,14:11:16,18.5600,54,2
2026-01-13,601012,14:11:19,18.5600,378,2
2026-01-13,601012,14:11:22,18.5600,40,2
2026-01-13,601012,14:11:25,18.5600,371,2
2026-01-13,601012,14:11:28,18.5600,239,1
2026-01-13,601012,14:11:31,18.5600,276,1
2026-01-13,601012,14:11:34,18.5600,207,1
2026-01-13,601012,14:11:37,18.5600,140,1
2026-01-13,601012,14:11:40,18.5600,290,1
2026-01-13,601012,14:11:43,18.5600,66,2
2026-01-13,601012,14:11:46,18.5600,896,1
2026-01-13,601012,14:11:49,18.5500,605,2
2026-01-13,601012,14:11:52,18.5500,160,2
2026-01-13,601012,14:11:55,18.5600,182,4
2026-01-13,601012,14:11:58,18.5600,86,2
2026-01-13,601012,14:12:01,18.5600,246,2
2026-01-13,601012,14:12:04,18.5600,84,2
2026-01-13,601012,14:12:07,18.5600,112,2
2026-01-13,601012,14:12:10,18.5600,181,2
2026-01-13,601012,14:12:13,18.5600,225,2
2026-01-13,601012,14:12:16,18.5600,115,2
2026-01-13,601012,14:12:19,18.5500,198,2
2026-01-13,601012,14:12:22,18.5600,174,1
2026-01-13,601012,14:12:25,18.5600,108,2
2026-01-13,601012,14:12:28,18.5600,39,2
2026-01-13,601012,14:12:31,18.5600,206,2
2026-01-13,601012,14:12:34,18.5600,60,2
2026-01-13,601012,14:12:37,18.5600,149,2
2026-01-13,601012,14:12:40,18.5600,86,2
2026-01-13,601012,14:12:43,18.5700,160,1
2026-01-13,601012,14:12:46,18.5600,87,2
2026-01-13,601012,14:12:49,18.5600,433,1
2026-01-13,601012,14:12:52,18.5600,176,2
2026-01-13,601012,14:12:55,18.5700,40,1
2026-01-13,601012,14:12:58,18.5600,1041,2
2026-01-13,601012,14:13:01,18.5600,217,2
2026-01-13,601012,14:13:04,18.5600,121,1
2026-01-13,601012,14:13:07,18.5600,384,1
2026-01-13,601012,14:13:10,18.5500,241,2
2026-01-13,601012,14:13:13,18.5600,975,1
2026-01-13,601012,14:13:16,18.5500,116,2
2026-01-13,601012,14:13:19,18.5500,455,2
2026-01-13,601012,14:13:22,18.5600,165,1
2026-01-13,601012,14:13:25,18.5500,126,2
2026-01-13,601012,14:13:28,18.5600,171,1
2026-01-13,601012,14:13:31,18.5600,258,1
2026-01-13,601012,14:13:34,18.5600,62,1
2026-01-13,601012,14:13:37,18.5600,387,1
2026-01-13,601012,14:13:40,18.5600,560,1
2026-01-13,601012,14:13:43,18.5500,160,2
2026-01-13,601012,14:13:46,18.5600,281,1
2026-01-13,601012,14:13:49,18.5600,62,2
2026-01-13,601012,14:13:52,18.5600,199,2
2026-01-13,601012,14:13:55,18.5500,102,2
2026-01-13,601012,14:13:58,18.5700,277,1
2026-01-13,601012,14:14:01,18.5600,211,2
2026-01-13,601012,14:14:04,18.5600,241,2
2026-01-13,601012,14:14:07,18.5600,110,1
2026-01-13,601012,14:14:10,18.5600,217,1
2026-01-13,601012,14:14:13,18.5600,354,2
2026-01-13,601012,14:14:16,18.5600,193,2
2026-01-13,601012,14:14:19,18.5600,244,2
2026-01-13,601012,14:14:22,18.5600,137,1
2026-01-13,601012,14:14:25,18.5500,121,2
2026-01-13,601012,14:14:28,18.5600,121,1
2026-01-13,601012,14:14:31,18.5500,123,2
2026-01-13,601012,14:14:34,18.5500,445,2
2026-01-13,601012,14:14:37,18.5600,130,1
2026-01-13,601012,14:14:40,18.5600,208,1
2026-01-13,601012,14:14:43,18.5600,57,1
2026-01-13,601012,14:14:46,18.5500,203,2
2026-01-13,601012,14:14:49,18.5500,129,2
2026-01-13,601012,14:14:52,18.5500,65,2
2026-01-13,601012,14:14:55,18.5500,98,2
2026-01-13,601012,14:14:58,18.5500,111,2
2026-01-13,601012,14:15:01,18.5500,558,2
2026-01-13,601012,14:15:04,18.5500,248,2
2026-01-13,601012,14:15:07,18.5400,222,2
2026-01-13,601012,14:15:10,18.5400,327,2
2026-01-13,601012,14:15:13,18.5400,116,2
2026-01-13,601012,14:15:16,18.5400,303,2
2026-01-13,601012,14:15:19,18.5400,300,2
2026-01-13,601012,14:15:22,18.5500,222,1
2026-01-13,601012,14:15:25,18.5400,250,2
2026-01-13,601012,14:15:28,18.5400,170,2
2026-01-13,601012,14:15:31,18.5400,405,2
2026-01-13,601012,14:15:34,18.5400,118,1
2026-01-13,601012,14:15:37,18.5400,107,1
2026-01-13,601012,14:15:40,18.5400,158,1
2026-01-13,601012,14:15:43,18.5400,83,1
2026-01-13,601012,14:15:46,18.5400,33,1
2026-01-13,601012,14:15:49,18.5300,261,2
2026-01-13,601012,14:15:52,18.5300,320,2
2026-01-13,601012,14:15:55,18.5300,240,2
2026-01-13,601012,14:15:58,18.5300,129,2
2026-01-13,601012,14:16:01,18.5300,622,2
2026-01-13,601012,14:16:04,18.5400,365,1
2026-01-13,601012,14:16:07,18.5300,28,2
2026-01-13,601012,14:16:10,18.5400,356,1
2026-01-13,601012,14:16:13,18.5300,58,2
2026-01-13,601012,14:16:16,18.5400,89,1
2026-01-13,601012,14:16:19,18.5300,247,2
2026-01-13,601012,14:16:22,18.5300,175,2
2026-01-13,601012,14:16:25,18.5400,127,1
2026-01-13,601012,14:16:28,18.5300,33,2
2026-01-13,601012,14:16:31,18.5300,137,2
2026-01-13,601012,14:16:34,18.5400,52,1
2026-01-13,601012,14:16:37,18.5400,30,1
2026-01-13,601012,14:16:40,18.5400,302,1
2026-01-13,601012,14:16:43,18.5300,169,2
2026-01-13,601012,14:16:46,18.5300,2327,2
2026-01-13,601012,14:16:49,18.5200,745,2
2026-01-13,601012,14:16:52,18.5300,141,1
2026-01-13,601012,14:16:55,18.5400,722,1
2026-01-13,601012,14:16:58,18.5300,98,1
2026-01-13,601012,14:17:01,18.5300,607,1
2026-01-13,601012,14:17:04,18.5300,107,1
2026-01-13,601012,14:17:07,18.5300,89,1
2026-01-13,601012,14:17:10,18.5200,213,2
2026-01-13,601012,14:17:13,18.5300,270,1
2026-01-13,601012,14:17:16,18.5300,51,2
2026-01-13,601012,14:17:19,18.5300,156,2
2026-01-13,601012,14:17:22,18.5300,34,2
2026-01-13,601012,14:17:25,18.5300,30,2
2026-01-13,601012,14:17:28,18.5400,284,1
2026-01-13,601012,14:17:31,18.5300,548,2
2026-01-13,601012,14:17:34,18.5300,160,2
2026-01-13,601012,14:17:37,18.5300,169,2
2026-01-13,601012,14:17:40,18.5200,328,2
2026-01-13,601012,14:17:43,18.5300,134,1
2026-01-13,601012,14:17:46,18.5200,122,2
2026-01-13,601012,14:17:49,18.5300,130,1
2026-01-13,601012,14:17:52,18.5200,237,2
2026-01-13,601012,14:17:55,18.5200,169,2
2026-01-13,601012,14:17:58,18.5200,613,2
2026-01-13,601012,14:18:01,18.5300,822,2
2026-01-13,601012,14:18:04,18.5200,154,2
2026-01-13,601012,14:18:07,18.5300,92,4
2026-01-13,601012,14:18:10,18.5300,124,2
2026-01-13,601012,14:18:13,18.5300,467,1
2026-01-13,601012,14:18:16,18.5300,67,1
2026-01-13,601012,14:18:19,18.5300,95,1
2026-01-13,601012,14:18:22,18.5400,187,1
2026-01-13,601012,14:18:25,18.5400,134,1
2026-01-13,601012,14:18:28,18.5400,328,1
2026-01-13,601012,14:18:31,18.5500,139,1
2026-01-13,601012,14:18:34,18.5500,65,1
2026-01-13,601012,14:18:37,18.5500,23,1
2026-01-13,601012,14:18:40,18.5500,314,1
2026-01-13,601012,14:18:43,18.5500,53,1
2026-01-13,601012,14:18:46,18.5500,26,2
2026-01-13,601012,14:18:49,18.5500,281,2
2026-01-13,601012,14:18:52,18.5500,467,2
2026-01-13,601012,14:18:55,18.5500,119,1
2026-01-13,601012,14:18:58,18.5500,169,1
2026-01-13,601012,14:19:01,18.5500,187,2
2026-01-13,601012,14:19:04,18.5500,119,1
2026-01-13,601012,14:19:07,18.5600,150,1
2026-01-13,601012,14:19:10,18.5500,172,2
2026-01-13,601012,14:19:13,18.5500,395,2
2026-01-13,601012,14:19:16,18.5500,366,1
2026-01-13,601012,14:19:19,18.5500,267,2
2026-01-13,601012,14:19:22,18.5500,207,1
2026-01-13,601012,14:19:25,18.5400,204,2
2026-01-13,601012,14:19:28,18.5500,149,1
2026-01-13,601012,14:19:31,18.5600,570,1
2026-01-13,601012,14:19:34,18.5500,277,1
2026-01-13,601012,14:19:37,18.5500,34,1
2026-01-13,601012,14:19:40,18.5500,232,1
2026-01-13,601012,14:19:43,18.5500,105,2
2026-01-13,601012,14:19:46,18.5500,212,1
2026-01-13,601012,14:19:49,18.5400,128,2
2026-01-13,601012,14:19:52,18.5400,69,2
2026-01-13,601012,14:19:55,18.5400,129,2
2026-01-13,601012,14:19:58,18.5500,236,1
2026-01-13,601012,14:20:01,18.5400,106,2
2026-01-13,601012,14:20:04,18.5500,45,2
2026-01-13,601012,14:20:07,18.5400,112,2
2026-01-13,601012,14:20:10,18.5500,90,1
2026-01-13,601012,14:20:13,18.5500,263,1
2026-01-13,601012,14:20:16,18.5500,72,1
2026-01-13,601012,14:20:19,18.5400,102,2
2026-01-13,601012,14:20:22,18.5500,114,1
2026-01-13,601012,14:20:25,18.5600,76,1
2026-01-13,601012,14:20:28,18.5500,106,2
2026-01-13,601012,14:20:31,18.5500,63,2
2026-01-13,601012,14:20:34,18.5500,16,2
2026-01-13,601012,14:20:37,18.5600,29,1
2026-01-13,601012,14:20:40,18.5500,52,2
2026-01-13,601012,14:20:43,18.5600,64,1
2026-01-13,601012,14:20:46,18.5500,89,2
2026-01-13,601012,14:20:49,18.5500,83,2
2026-01-13,601012,14:20:52,18.5600,44,1
2026-01-13,601012,14:20:55,18.5600,76,1
2026-01-13,601012,14:20:58,18.5600,129,1
2026-01-13,601012,14:21:01,18.5600,263,1
2026-01-13,601012,14:21:04,18.5500,93,2
2026-01-13,601012,14:21:07,18.5500,148,2
2026-01-13,601012,14:21:10,18.5600,320,1
2026-01-13,601012,14:21:13,18.5600,32,1
2026-01-13,601012,14:21:16,18.5600,137,1
2026-01-13,601012,14:21:19,18.5500,259,2
2026-01-13,601012,14:21:22,18.5600,59,1
2026-01-13,601012,14:21:25,18.5600,205,2
2026-01-13,601012,14:21:28,18.5600,50,1
2026-01-13,601012,14:21:31,18.5600,161,1
2026-01-13,601012,14:21:34,18.5500,258,2
2026-01-13,601012,14:21:37,18.5500,417,2
2026-01-13,601012,14:21:40,18.5600,353,1
2026-01-13,601012,14:21:43,18.5600,51,1
2026-01-13,601012,14:21:46,18.5600,260,1
2026-01-13,601012,14:21:49,18.5500,121,2
2026-01-13,601012,14:21:52,18.5600,164,1
2026-01-13,601012,14:21:55,18.5600,84,1
2026-01-13,601012,14:21:58,18.5500,144,2
2026-01-13,601012,14:22:01,18.5600,202,4
2026-01-13,601012,14:22:04,18.5600,269,1
2026-01-13,601012,14:22:07,18.5500,44,2
2026-01-13,601012,14:22:10,18.5600,434,1
2026-01-13,601012,14:22:13,18.5600,43,1
2026-01-13,601012,14:22:16,18.5500,89,2
2026-01-13,601012,14:22:19,18.5500,231,2
2026-01-13,601012,14:22:22,18.5600,81,1
2026-01-13,601012,14:22:25,18.5500,75,2
2026-01-13,601012,14:22:28,18.5600,226,1
2026-01-13,601012,14:22:31,18.5600,1271,1
2026-01-13,601012,14:22:34,18.5600,322,1
2026-01-13,601012,14:22:37,18.5600,87,1
2026-01-13,601012,14:22:40,18.5500,523,2
2026-01-13,601012,14:22:43,18.5500,247,2
2026-01-13,601012,14:22:46,18.5600,87,1
2026-01-13,601012,14:22:49,18.5500,368,2
2026-01-13,601012,14:22:52,18.5600,140,1
2026-01-13,601012,14:22:55,18.5500,237,2
2026-01-13,601012,14:22:58,18.5500,56,2
2026-01-13,601012,14:23:01,18.5600,178,1
2026-01-13,601012,14:23:04,18.5500,54,2
2026-01-13,601012,14:23:07,18.5600,580,1
2026-01-13,601012,14:23:10,18.5500,185,2
2026-01-13,601012,14:23:13,18.5500,218,2
2026-01-13,601012,14:23:16,18.5500,125,2
2026-01-13,601012,14:23:19,18.5500,130,2
2026-01-13,601012,14:23:22,18.5500,153,2
2026-01-13,601012,14:23:25,18.5500,132,2
2026-01-13,601012,14:23:28,18.5600,69,1
2026-01-13,601012,14:23:31,18.5500,122,2
2026-01-13,601012,14:23:34,18.5600,24,1
2026-01-13,601012,14:23:37,18.5600,410,1
2026-01-13,601012,14:23:40,18.5600,119,1
2026-01-13,601012,14:23:43,18.5500,74,2
2026-01-13,601012,14:23:46,18.5500,113,2
2026-01-13,601012,14:23:49,18.5500,238,2
2026-01-13,601012,14:23:52,18.5600,89,1
2026-01-13,601012,14:23:55,18.5500,133,2
2026-01-13,601012,14:23:58,18.5500,264,2
2026-01-13,601012,14:24:01,18.5600,180,4
2026-01-13,601012,14:24:04,18.5600,76,1
2026-01-13,601012,14:24:07,18.5600,38,1
2026-01-13,601012,14:24:10,18.5600,88,2
2026-01-13,601012,14:24:13,18.5700,33,1
2026-01-13,601012,14:24:16,18.5600,129,2
2026-01-13,601012,14:24:19,18.5600,94,2
2026-01-13,601012,14:24:22,18.5700,105,1
2026-01-13,601012,14:24:25,18.5700,149,1
2026-01-13,601012,14:24:28,18.5700,31,1
2026-01-13,601012,14:24:31,18.5700,391,1
2026-01-13,601012,14:24:34,18.5600,53,2
2026-01-13,601012,14:24:37,18.5700,78,1
2026-01-13,601012,14:24:40,18.5600,149,2
2026-01-13,601012,14:24:43,18.5700,108,1
2026-01-13,601012,14:24:46,18.5700,101,1
2026-01-13,601012,14:24:49,18.5600,92,2
2026-01-13,601012,14:24:52,18.5700,257,1
2026-01-13,601012,14:24:55,18.5700,8,4
2026-01-13,601012,14:24:58,18.5800,85,1
2026-01-13,601012,14:25:01,18.5800,166,1
2026-01-13,601012,14:25:04,18.5800,374,1
2026-01-13,601012,14:25:07,18.5800,35,1
2026-01-13,601012,14:25:10,18.5700,249,2
2026-01-13,601012,14:25:13,18.5800,46,1
2026-01-13,601012,14:25:16,18.5800,34,1
2026-01-13,601012,14:25:19,18.5700,194,2
2026-01-13,601012,14:25:22,18.5800,93,1
2026-01-13,601012,14:25:25,18.5800,80,1
2026-01-13,601012,14:25:28,18.5700,843,2
2026-01-13,601012,14:25:31,18.5700,341,2
2026-01-13,601012,14:25:34,18.5700,214,2
2026-01-13,601012,14:25:37,18.5700,80,1
2026-01-13,601012,14:25:40,18.5700,227,1
2026-01-13,601012,14:25:43,18.5700,108,1
2026-01-13,601012,14:25:46,18.5700,182,1
2026-01-13,601012,14:25:49,18.5600,272,2
2026-01-13,601012,14:25:52,18.5700,60,1
2026-01-13,601012,14:25:55,18.5600,161,2
2026-01-13,601012,14:25:58,18.5700,171,1
2026-01-13,601012,14:26:01,18.5700,294,2
2026-01-13,601012,14:26:04,18.5600,62,2
2026-01-13,601012,14:26:07,18.5600,59,2
2026-01-13,601012,14:26:10,18.5700,446,1
2026-01-13,601012,14:26:13,18.5600,719,2
2026-01-13,601012,14:26:16,18.5600,74,1
2026-01-13,601012,14:26:19,18.5500,722,2
2026-01-13,601012,14:26:22,18.5500,173,2
2026-01-13,601012,14:26:25,18.5600,1082,1
2026-01-13,601012,14:26:28,18.5500,2996,2
2026-01-13,601012,14:26:31,18.5500,1070,1
2026-01-13,601012,14:26:34,18.5400,110,2
2026-01-13,601012,14:26:37,18.5500,410,1
2026-01-13,601012,14:26:40,18.5300,989,2
2026-01-13,601012,14:26:43,18.5300,86,2
2026-01-13,601012,14:26:46,18.5300,272,2
2026-01-13,601012,14:26:49,18.5300,719,2
2026-01-13,601012,14:26:52,18.5400,33,4
2026-01-13,601012,14:26:55,18.5400,50,1
2026-01-13,601012,14:26:58,18.5400,32,1
2026-01-13,601012,14:27:01,18.5400,176,1
2026-01-13,601012,14:27:04,18.5300,334,2
2026-01-13,601012,14:27:07,18.5300,144,2
2026-01-13,601012,14:27:10,18.5300,695,2
2026-01-13,601012,14:27:13,18.5300,176,2
2026-01-13,601012,14:27:16,18.5400,157,1
2026-01-13,601012,14:27:19,18.5300,217,2
2026-01-13,601012,14:27:22,18.5300,207,2
2026-01-13,601012,14:27:25,18.5300,142,2
2026-01-13,601012,14:27:28,18.5200,1485,2
2026-01-13,601012,14:27:31,18.5300,418,1
2026-01-13,601012,14:27:34,18.5200,219,2
2026-01-13,601012,14:27:37,18.5300,188,1
2026-01-13,601012,14:27:40,18.5200,233,2
2026-01-13,601012,14:27:43,18.5300,71,1
2026-01-13,601012,14:27:46,18.5200,110,2
2026-01-13,601012,14:27:49,18.5200,219,2
2026-01-13,601012,14:27:52,18.5300,278,1
2026-01-13,601012,14:27:55,18.5300,163,1
2026-01-13,601012,14:27:58,18.5200,76,2
2026-01-13,601012,14:28:01,18.5300,349,1
2026-01-13,601012,14:28:04,18.5200,299,2
2026-01-13,601012,14:28:07,18.5200,101,2
2026-01-13,601012,14:28:10,18.5200,260,2
2026-01-13,601012,14:28:13,18.5300,83,1
2026-01-13,601012,14:28:16,18.5200,144,2
2026-01-13,601012,14:28:19,18.5200,241,2
2026-01-13,601012,14:28:22,18.5300,42,1
2026-01-13,601012,14:28:25,18.5200,107,2
2026-01-13,601012,14:28:28,18.5300,241,1
2026-01-13,601012,14:28:31,18.5200,158,2
2026-01-13,601012,14:28:34,18.5200,101,2
2026-01-13,601012,14:28:37,18.5200,41,2
2026-01-13,601012,14:28:40,18.5200,186,2
2026-01-13,601012,14:28:43,18.5200,117,2
2026-01-13,601012,14:28:46,18.5300,118,1
2026-01-13,601012,14:28:49,18.5200,379,2
2026-01-13,601012,14:28:52,18.5200,1612,2
2026-01-13,601012,14:28:55,18.5300,100,1
2026-01-13,601012,14:28:58,18.5200,241,2
2026-01-13,601012,14:29:01,18.5200,611,2
2026-01-13,601012,14:29:04,18.5300,110,1
2026-01-13,601012,14:29:07,18.5300,429,1
2026-01-13,601012,14:29:10,18.5200,703,2
2026-01-13,601012,14:29:13,18.5200,94,2
2026-01-13,601012,14:29:16,18.5300,281,1
2026-01-13,601012,14:29:19,18.5300,85,2
2026-01-13,601012,14:29:22,18.5300,167,1
2026-01-13,601012,14:29:25,18.5300,258,1
2026-01-13,601012,14:29:28,18.5300,91,1
2026-01-13,601012,14:29:31,18.5300,210,1
2026-01-13,601012,14:29:34,18.5200,115,2
2026-01-13,601012,14:29:37,18.5300,323,1
2026-01-13,601012,14:29:40,18.5300,50,2
2026-01-13,601012,14:29:43,18.5300,129,1
2026-01-13,601012,14:29:46,18.5300,184,1
2026-01-13,601012,14:29:49,18.5200,137,2
2026-01-13,601012,14:29:52,18.5200,134,2
2026-01-13,601012,14:29:55,18.5300,43,1
2026-01-13,601012,14:29:58,18.5300,91,2
2026-01-13,601012,14:30:01,18.5300,403,1
2026-01-13,601012,14:30:04,18.5300,413,1
2026-01-13,601012,14:30:07,18.5200,324,2
2026-01-13,601012,14:30:10,18.5300,345,1
2026-01-13,601012,14:30:13,18.5300,180,1
2026-01-13,601012,14:30:16,18.5300,113,1
2026-01-13,601012,14:30:19,18.5200,131,2
2026-01-13,601012,14:30:22,18.5300,81,1
2026-01-13,601012,14:30:25,18.5200,230,2
2026-01-13,601012,14:30:28,18.5200,398,2
2026-01-13,601012,14:30:31,18.5300,486,1
2026-01-13,601012,14:30:34,18.5200,269,2
2026-01-13,601012,14:30:37,18.5300,530,1
2026-01-13,601012,14:30:40,18.5200,1671,2
2026-01-13,601012,14:30:43,18.5200,229,2
2026-01-13,601012,14:30:46,18.5200,378,2
2026-01-13,601012,14:30:49,18.5200,194,2
2026-01-13,601012,14:30:52,18.5100,1356,2
2026-01-13,601012,14:30:55,18.5100,1025,2
2026-01-13,601012,14:30:58,18.5200,862,1
2026-01-13,601012,14:31:01,18.5200,651,1
2026-01-13,601012,14:31:04,18.5200,306,2
2026-01-13,601012,14:31:07,18.5200,192,2
2026-01-13,601012,14:31:10,18.5300,284,1
2026-01-13,601012,14:31:13,18.5300,85,1
2026-01-13,601012,14:31:16,18.5400,1254,1
2026-01-13,601012,14:31:19,18.5300,138,2
2026-01-13,601012,14:31:22,18.5200,355,2
2026-01-13,601012,14:31:25,18.5400,30,1
2026-01-13,601012,14:31:28,18.5300,26,2
2026-01-13,601012,14:31:31,18.5300,147,2
2026-01-13,601012,14:31:34,18.5300,19,2
2026-01-13,601012,14:31:37,18.5400,923,1
2026-01-13,601012,14:31:40,18.5400,216,2
2026-01-13,601012,14:31:43,18.5500,43,1
2026-01-13,601012,14:31:46,18.5400,41,2
2026-01-13,601012,14:31:49,18.5400,103,2
2026-01-13,601012,14:31:52,18.5500,229,1
2026-01-13,601012,14:31:55,18.5400,57,4
2026-01-13,601012,14:31:58,18.5500,189,1
2026-01-13,601012,14:32:01,18.5400,132,2
2026-01-13,601012,14:32:04,18.5500,179,1
2026-01-13,601012,14:32:07,18.5400,85,2
2026-01-13,601012,14:32:10,18.5400,315,1
2026-01-13,601012,14:32:13,18.5400,29,2
2026-01-13,601012,14:32:16,18.5500,221,1
2026-01-13,601012,14:32:19,18.5400,186,2
2026-01-13,601012,14:32:22,18.5400,447,2
2026-01-13,601012,14:32:25,18.5400,210,2
2026-01-13,601012,14:32:28,18.5400,75,1
2026-01-13,601012,14:32:31,18.5400,228,1
2026-01-13,601012,14:32:34,18.5400,48,1
2026-01-13,601012,14:32:37,18.5400,154,1
2026-01-13,601012,14:32:40,18.5400,187,1
2026-01-13,601012,14:32:43,18.5400,96,1
2026-01-13,601012,14:32:46,18.5300,21,2
2026-01-13,601012,14:32:49,18.5300,163,2
2026-01-13,601012,14:32:52,18.5300,150,2
2026-01-13,601012,14:32:55,18.5300,892,2
2026-01-13,601012,14:32:58,18.5300,120,1
2026-01-13,601012,14:33:01,18.5200,552,2
2026-01-13,601012,14:33:04,18.5200,757,2
2026-01-13,601012,14:33:07,18.5200,420,2
2026-01-13,601012,14:33:10,18.5200,433,2
2026-01-13,601012,14:33:13,18.5200,359,2
2026-01-13,601012,14:33:16,18.5300,57,1
2026-01-13,601012,14:33:19,18.5200,170,2
2026-01-13,601012,14:33:22,18.5300,126,1
2026-01-13,601012,14:33:25,18.5200,869,2
2026-01-13,601012,14:33:28,18.5200,713,2
2026-01-13,601012,14:33:31,18.5200,1246,1
2026-01-13,601012,14:33:34,18.5200,169,1
2026-01-13,601012,14:33:37,18.5200,419,1
2026-01-13,601012,14:33:40,18.5100,270,2
2026-01-13,601012,14:33:43,18.5300,596,1
2026-01-13,601012,14:33:46,18.5200,35,4
2026-01-13,601012,14:33:49,18.5100,243,2
2026-01-13,601012,14:33:52,18.5200,500,1
2026-01-13,601012,14:33:55,18.5100,239,2
2026-01-13,601012,14:33:58,18.5200,180,1
2026-01-13,601012,14:34:01,18.5100,246,2
2026-01-13,601012,14:34:04,18.5200,365,1
2026-01-13,601012,14:34:07,18.5200,211,1
2026-01-13,601012,14:34:10,18.5300,187,1
2026-01-13,601012,14:34:13,18.5200,28,2
2026-01-13,601012,14:34:16,18.5200,35,2
2026-01-13,601012,14:34:19,18.5200,142,2
2026-01-13,601012,14:34:22,18.5200,117,2
2026-01-13,601012,14:34:25,18.5100,1239,2
2026-01-13,601012,14:34:28,18.5200,65,1
2026-01-13,601012,14:34:31,18.5200,627,1
2026-01-13,601012,14:34:34,18.5200,51,1
2026-01-13,601012,14:34:37,18.5200,286,1
2026-01-13,601012,14:34:40,18.5200,298,1
2026-01-13,601012,14:34:43,18.5200,262,2
2026-01-13,601012,14:34:46,18.5200,117,1
2026-01-13,601012,14:34:49,18.5100,420,2
2026-01-13,601012,14:34:52,18.5200,173,4
2026-01-13,601012,14:34:55,18.5200,1178,1
2026-01-13,601012,14:34:58,18.5200,152,1
2026-01-13,601012,14:35:01,18.5200,491,1
2026-01-13,601012,14:35:04,18.5300,294,1
2026-01-13,601012,14:35:07,18.5100,198,2
2026-01-13,601012,14:35:10,18.5200,310,1
2026-01-13,601012,14:35:13,18.5200,176,1
2026-01-13,601012,14:35:16,18.5100,60,2
2026-01-13,601012,14:35:19,18.5100,1078,2
2026-01-13,601012,14:35:22,18.5100,137,2
2026-01-13,601012,14:35:25,18.5200,605,1
2026-01-13,601012,14:35:28,18.5100,117,2
2026-01-13,601012,14:35:31,18.5200,508,1
2026-01-13,601012,14:35:34,18.5200,173,1
2026-01-13,601012,14:35:37,18.5200,1012,1
2026-01-13,601012,14:35:40,18.5200,623,1
2026-01-13,601012,14:35:43,18.5200,358,1
2026-01-13,601012,14:35:46,18.5200,1132,1
2026-01-13,601012,14:35:49,18.5100,132,2
2026-01-13,601012,14:35:52,18.5100,1153,2
2026-01-13,601012,14:35:55,18.5100,408,2
2026-01-13,601012,14:35:58,18.5200,150,1
2026-01-13,601012,14:36:01,18.5100,448,2
2026-01-13,601012,14:36:04,18.5200,313,1
2026-01-13,601012,14:36:07,18.5200,48,1
2026-01-13,601012,14:36:10,18.5200,805,1
2026-01-13,601012,14:36:13,18.5200,458,2
2026-01-13,601012,14:36:16,18.5300,348,1
2026-01-13,601012,14:36:19,18.5200,426,2
2026-01-13,601012,14:36:22,18.5300,223,1
2026-01-13,601012,14:36:25,18.5200,257,2
2026-01-13,601012,14:36:28,18.5200,111,2
2026-01-13,601012,14:36:31,18.5200,102,2
2026-01-13,601012,14:36:34,18.5100,331,2
2026-01-13,601012,14:36:37,18.5200,172,1
2026-01-13,601012,14:36:40,18.5300,176,1
2026-01-13,601012,14:36:43,18.5200,91,2
2026-01-13,601012,14:36:46,18.5200,551,1
2026-01-13,601012,14:36:49,18.5100,259,2
2026-01-13,601012,14:36:52,18.5100,218,2
2026-01-13,601012,14:36:55,18.5100,374,2
2026-01-13,601012,14:36:58,18.5200,114,1
2026-01-13,601012,14:37:01,18.5100,557,2
2026-01-13,601012,14:37:04,18.5200,552,1
2026-01-13,601012,14:37:07,18.5200,320,1
2026-01-13,601012,14:37:10,18.5100,499,2
2026-01-13,601012,14:37:13,18.5200,298,1
2026-01-13,601012,14:37:16,18.5100,403,2
2026-01-13,601012,14:37:19,18.5100,439,2
2026-01-13,601012,14:37:22,18.5100,94,2
2026-01-13,601012,14:37:25,18.5200,134,1
2026-01-13,601012,14:37:28,18.5100,217,2
2026-01-13,601012,14:37:31,18.5200,736,1
2026-01-13,601012,14:37:34,18.5100,103,2
2026-01-13,601012,14:37:37,18.5300,551,1
2026-01-13,601012,14:37:40,18.5100,3189,2
2026-01-13,601012,14:37:43,18.5100,2360,1
2026-01-13,601012,14:37:46,18.5200,425,1
2026-01-13,601012,14:37:49,18.5100,282,2
2026-01-13,601012,14:37:52,18.5100,1450,1
2026-01-13,601012,14:37:55,18.5100,183,2
2026-01-13,601012,14:37:58,18.5100,147,2
2026-01-13,601012,14:38:01,18.5100,521,2
2026-01-13,601012,14:38:04,18.5100,357,1
2026-01-13,601012,14:38:07,18.5100,218,1
2026-01-13,601012,14:38:10,18.5100,268,4
2026-01-13,601012,14:38:13,18.5200,84,1
2026-01-13,601012,14:38:16,18.5100,272,2
2026-01-13,601012,14:38:19,18.5100,637,2
2026-01-13,601012,14:38:22,18.5100,458,2
2026-01-13,601012,14:38:25,18.5100,396,2
2026-01-13,601012,14:38:28,18.5200,437,1
2026-01-13,601012,14:38:31,18.5100,710,2
2026-01-13,601012,14:38:34,18.5100,167,2
2026-01-13,601012,14:38:37,18.5000,292,2
2026-01-13,601012,14:38:40,18.5100,544,1
2026-01-13,601012,14:38:43,18.5100,701,1
2026-01-13,601012,14:38:46,18.5100,1022,1
2026-01-13,601012,14:38:49,18.5000,639,2
2026-01-13,601012,14:38:52,18.5000,519,2
2026-01-13,601012,14:38:55,18.5000,352,2
2026-01-13,601012,14:38:58,18.5100,488,1
2026-01-13,601012,14:39:01,18.5000,1191,2
2026-01-13,601012,14:39:04,18.5100,3952,1
2026-01-13,601012,14:39:07,18.5100,621,1
2026-01-13,601012,14:39:10,18.5100,2383,1
2026-01-13,601012,14:39:13,18.5100,500,2
2026-01-13,601012,14:39:16,18.5100,188,2
2026-01-13,601012,14:39:19,18.5100,750,2
2026-01-13,601012,14:39:22,18.5000,846,2
2026-01-13,601012,14:39:25,18.5100,536,1
2026-01-13,601012,14:39:28,18.5100,178,2
2026-01-13,601012,14:39:31,18.5100,451,2
2026-01-13,601012,14:39:34,18.5100,350,1
2026-01-13,601012,14:39:37,18.5100,157,2
2026-01-13,601012,14:39:40,18.5100,884,2
2026-01-13,601012,14:39:43,18.5100,488,1
2026-01-13,601012,14:39:46,18.5100,155,1
2026-01-13,601012,14:39:49,18.5000,770,2
2026-01-13,601012,14:39:52,18.5100,251,1
2026-01-13,601012,14:39:55,18.5100,585,1
2026-01-13,601012,14:39:58,18.5100,301,1
2026-01-13,601012,14:40:01,18.5000,1576,2
2026-01-13,601012,14:40:04,18.5000,1244,2
2026-01-13,601012,14:40:07,18.5000,1412,2
2026-01-13,601012,14:40:10,18.5000,1748,2
2026-01-13,601012,14:40:13,18.5000,333,2
2026-01-13,601012,14:40:16,18.5000,687,2
2026-01-13,601012,14:40:19,18.5000,737,2
2026-01-13,601012,14:40:22,18.5000,1442,2
2026-01-13,601012,14:40:25,18.5000,1033,2
2026-01-13,601012,14:40:28,18.5000,400,2
2026-01-13,601012,14:40:31,18.5100,1271,1
2026-01-13,601012,14:40:34,18.5000,1122,2
2026-01-13,601012,14:40:37,18.5000,762,2
2026-01-13,601012,14:40:40,18.5000,821,2
2026-01-13,601012,14:40:43,18.5000,401,2
2026-01-13,601012,14:40:46,18.5000,550,2
2026-01-13,601012,14:40:49,18.5000,516,2
2026-01-13,601012,14:40:52,18.5000,3596,2
2026-01-13,601012,14:40:55,18.4900,15123,2
2026-01-13,601012,14:40:58,18.4900,4813,2
2026-01-13,601012,14:41:01,18.4800,5789,2
2026-01-13,601012,14:41:04,18.5000,1558,1
2026-01-13,601012,14:41:07,18.4900,1444,2
2026-01-13,601012,14:41:10,18.4900,2566,2
2026-01-13,601012,14:41:13,18.5000,163,2
2026-01-13,601012,14:41:16,18.5000,167,2
2026-01-13,601012,14:41:19,18.4900,938,2
2026-01-13,601012,14:41:22,18.5000,465,1
2026-01-13,601012,14:41:25,18.4900,158,2
2026-01-13,601012,14:41:28,18.4900,660,2
2026-01-13,601012,14:41:31,18.4900,264,2
2026-01-13,601012,14:41:34,18.4900,257,1
2026-01-13,601012,14:41:37,18.4900,68,1
2026-01-13,601012,14:41:40,18.4900,283,1
2026-01-13,601012,14:41:43,18.4900,525,1
2026-01-13,601012,14:41:46,18.4900,359,2
2026-01-13,601012,14:41:49,18.4900,1814,2
2026-01-13,601012,14:41:52,18.4900,126,1
2026-01-13,601012,14:41:55,18.4900,290,1
2026-01-13,601012,14:41:58,18.4900,211,2
2026-01-13,601012,14:42:01,18.4900,526,2
2026-01-13,601012,14:42:04,18.4900,998,1
2026-01-13,601012,14:42:07,18.4900,654,1
2026-01-13,601012,14:42:10,18.5000,600,1
2026-01-13,601012,14:42:13,18.4900,283,4
2026-01-13,601012,14:42:16,18.5000,369,1
2026-01-13,601012,14:42:19,18.4800,303,2
2026-01-13,601012,14:42:22,18.4900,203,1
2026-01-13,601012,14:42:25,18.4800,112,2
2026-01-13,601012,14:42:28,18.4800,251,2
2026-01-13,601012,14:42:31,18.4800,422,2
2026-01-13,601012,14:42:34,18.4900,226,1
2026-01-13,601012,14:42:37,18.4800,2005,2
2026-01-13,601012,14:42:40,18.4900,742,1
2026-01-13,601012,14:42:43,18.4900,71,1
2026-01-13,601012,14:42:46,18.4900,258,1
2026-01-13,601012,14:42:49,18.4800,1197,2
2026-01-13,601012,14:42:52,18.4800,453,2
2026-01-13,601012,14:42:55,18.4900,606,1
2026-01-13,601012,14:42:58,18.4800,554,2
2026-01-13,601012,14:43:01,18.4800,943,1
2026-01-13,601012,14:43:04,18.4800,391,2
2026-01-13,601012,14:43:07,18.4800,212,2
2026-01-13,601012,14:43:10,18.4800,1074,1
2026-01-13,601012,14:43:13,18.4800,444,1
2026-01-13,601012,14:43:16,18.4700,149,2
2026-01-13,601012,14:43:19,18.4800,486,1
2026-01-13,601012,14:43:22,18.4700,270,2
2026-01-13,601012,14:43:25,18.4700,237,2
2026-01-13,601012,14:43:28,18.4700,375,2
2026-01-13,601012,14:43:31,18.4700,720,2
2026-01-13,601012,14:43:34,18.4700,435,2
2026-01-13,601012,14:43:37,18.4700,178,2
2026-01-13,601012,14:43:40,18.4800,419,1
2026-01-13,601012,14:43:43,18.4800,485,1
2026-01-13,601012,14:43:46,18.4700,142,2
2026-01-13,601012,14:43:49,18.4700,327,2
2026-01-13,601012,14:43:52,18.4800,290,1
2026-01-13,601012,14:43:55,18.4700,226,2
2026-01-13,601012,14:43:58,18.4700,127,2
2026-01-13,601012,14:44:01,18.4800,2237,1
2026-01-13,601012,14:44:04,18.4700,484,2
2026-01-13,601012,14:44:07,18.4700,757,2
2026-01-13,601012,14:44:10,18.4700,486,2
2026-01-13,601012,14:44:13,18.4800,227,1
2026-01-13,601012,14:44:16,18.4700,60,2
2026-01-13,601012,14:44:19,18.4700,184,2
2026-01-13,601012,14:44:22,18.4700,190,2
2026-01-13,601012,14:44:25,18.4700,761,2
2026-01-13,601012,14:44:28,18.4700,1024,2
2026-01-13,601012,14:44:31,18.4700,1558,1
2026-01-13,601012,14:44:34,18.4700,175,1
2026-01-13,601012,14:44:37,18.4600,691,2
2026-01-13,601012,14:44:40,18.4600,308,2
2026-01-13,601012,14:44:43,18.4700,605,1
2026-01-13,601012,14:44:46,18.4700,290,1
2026-01-13,601012,14:44:49,18.4700,278,1
2026-01-13,601012,14:44:52,18.4700,204,2
2026-01-13,601012,14:44:55,18.4800,184,1
2026-01-13,601012,14:44:58,18.4700,733,2
2026-01-13,601012,14:45:01,18.4700,1716,2
2026-01-13,601012,14:45:04,18.4700,534,2
2026-01-13,601012,14:45:07,18.4700,132,2
2026-01-13,601012,14:45:10,18.4800,449,1
2026-01-13,601012,14:45:13,18.4800,255,1
2026-01-13,601012,14:45:16,18.4800,843,1
2026-01-13,601012,14:45:19,18.4700,336,2
2026-01-13,601012,14:45:22,18.4700,596,2
2026-01-13,601012,14:45:25,18.4700,270,2
2026-01-13,601012,14:45:28,18.4700,262,1
2026-01-13,601012,14:45:31,18.4700,359,1
2026-01-13,601012,14:45:34,18.4600,387,2
2026-01-13,601012,14:45:37,18.4700,1732,1
2026-01-13,601012,14:45:40,18.4700,335,1
2026-01-13,601012,14:45:43,18.4600,143,2
2026-01-13,601012,14:45:46,18.4600,123,2
2026-01-13,601012,14:45:49,18.4700,443,1
2026-01-13,601012,14:45:52,18.4700,149,2
2026-01-13,601012,14:45:55,18.4700,665,1
2026-01-13,601012,14:45:58,18.4700,456,1
2026-01-13,601012,14:46:01,18.4600,1855,2
2026-01-13,601012,14:46:04,18.4700,1175,1
2026-01-13,601012,14:46:07,18.4700,425,1
2026-01-13,601012,14:46:10,18.4700,208,1
2026-01-13,601012,14:46:13,18.4600,325,2
2026-01-13,601012,14:46:16,18.4600,270,2
2026-01-13,601012,14:46:19,18.4600,235,2
2026-01-13,601012,14:46:22,18.4600,157,2
2026-01-13,601012,14:46:25,18.4600,153,2
2026-01-13,601012,14:46:28,18.4700,135,1
2026-01-13,601012,14:46:31,18.4600,470,2
2026-01-13,601012,14:46:34,18.4600,571,2
2026-01-13,601012,14:46:37,18.4600,1354,2
2026-01-13,601012,14:46:40,18.4600,7600,2
2026-01-13,601012,14:46:43,18.4500,413,2
2026-01-13,601012,14:46:46,18.4600,747,1
2026-01-13,601012,14:46:49,18.4500,431,2
2026-01-13,601012,14:46:52,18.4600,930,1
2026-01-13,601012,14:46:55,18.4600,410,1
2026-01-13,601012,14:46:58,18.4500,772,2
2026-01-13,601012,14:47:01,18.4600,499,1
2026-01-13,601012,14:47:04,18.4600,873,1
2026-01-13,601012,14:47:07,18.4600,870,1
2026-01-13,601012,14:47:10,18.4600,337,1
2026-01-13,601012,14:47:13,18.4500,330,2
2026-01-13,601012,14:47:16,18.4600,6359,1
2026-01-13,601012,14:47:19,18.4300,3853,2
2026-01-13,601012,14:47:22,18.4400,425,1
2026-01-13,601012,14:47:25,18.4400,210,1
2026-01-13,601012,14:47:28,18.4400,1351,1
2026-01-13,601012,14:47:31,18.4400,772,1
2026-01-13,601012,14:47:34,18.4300,494,2
2026-01-13,601012,14:47:37,18.4300,636,1
2026-01-13,601012,14:47:40,18.4300,562,2
2026-01-13,601012,14:47:43,18.4300,1100,2
2026-01-13,601012,14:47:46,18.4300,308,2
2026-01-13,601012,14:47:49,18.4300,410,1
2026-01-13,601012,14:47:52,18.4400,778,1
2026-01-13,601012,14:47:55,18.4300,340,2
2026-01-13,601012,14:47:58,18.4300,329,2
2026-01-13,601012,14:48:01,18.4400,453,1
2026-01-13,601012,14:48:04,18.4300,515,2
2026-01-13,601012,14:48:07,18.4300,504,2
2026-01-13,601012,14:48:10,18.4300,387,2
2026-01-13,601012,14:48:13,18.4400,281,1
2026-01-13,601012,14:48:16,18.4300,333,2
2026-01-13,601012,14:48:19,18.4300,407,2
2026-01-13,601012,14:48:22,18.4300,495,2
2026-01-13,601012,14:48:25,18.4300,507,2
2026-01-13,601012,14:48:28,18.4200,1341,2
2026-01-13,601012,14:48:31,18.4300,687,1
2026-01-13,601012,14:48:34,18.4300,299,2
2026-01-13,601012,14:48:37,18.4200,848,2
2026-01-13,601012,14:48:40,18.4200,308,2
2026-01-13,601012,14:48:43,18.4200,358,2
2026-01-13,601012,14:48:46,18.4300,194,1
2026-01-13,601012,14:48:49,18.4300,399,1
2026-01-13,601012,14:48:52,18.4400,293,1
2026-01-13,601012,14:48:55,18.4300,582,2
2026-01-13,601012,14:48:58,18.4300,232,2
2026-01-13,601012,14:49:01,18.4400,486,1
2026-01-13,601012,14:49:04,18.4400,392,1
2026-01-13,601012,14:49:07,18.4300,516,2
2026-01-13,601012,14:49:10,18.4400,576,1
2026-01-13,601012,14:49:13,18.4400,409,1
2026-01-13,601012,14:49:16,18.4300,367,2
2026-01-13,601012,14:49:19,18.4400,293,1
2026-01-13,601012,14:49:22,18.4400,235,1
2026-01-13,601012,14:49:25,18.4400,293,1
2026-01-13,601012,14:49:28,18.4400,319,1
2026-01-13,601012,14:49:31,18.4400,830,1
2026-01-13,601012,14:49:34,18.4400,259,2
2026-01-13,601012,14:49:37,18.4400,208,2
2026-01-13,601012,14:49:40,18.4400,404,2
2026-01-13,601012,14:49:43,18.4400,416,1
2026-01-13,601012,14:49:46,18.4500,329,1
2026-01-13,601012,14:49:49,18.4500,599,1
2026-01-13,601012,14:49:52,18.4400,574,2
2026-01-13,601012,14:49:55,18.4400,605,2
2026-01-13,601012,14:49:58,18.4400,435,1
2026-01-13,601012,14:50:01,18.4500,452,1
2026-01-13,601012,14:50:04,18.4500,976,1
2026-01-13,601012,14:50:07,18.4400,607,2
2026-01-13,601012,14:50:10,18.4400,402,2
2026-01-13,601012,14:50:13,18.4400,472,2
2026-01-13,601012,14:50:16,18.4400,836,2
2026-01-13,601012,14:50:19,18.4500,397,1
2026-01-13,601012,14:50:22,18.4500,574,1
2026-01-13,601012,14:50:25,18.4400,341,2
2026-01-13,601012,14:50:28,18.4500,338,1
2026-01-13,601012,14:50:31,18.4500,236,1
2026-01-13,601012,14:50:34,18.4500,289,2
2026-01-13,601012,14:50:37,18.4500,696,1
2026-01-13,601012,14:50:40,18.4500,677,1
2026-01-13,601012,14:50:43,18.4500,403,2
2026-01-13,601012,14:50:46,18.4600,409,1
2026-01-13,601012,14:50:49,18.4500,350,2
2026-01-13,601012,14:50:52,18.4600,238,1
2026-01-13,601012,14:50:55,18.4600,145,1
2026-01-13,601012,14:50:58,18.4600,554,1
2026-01-13,601012,14:51:01,18.4600,1265,1
2026-01-13,601012,14:51:04,18.4600,300,1
2026-01-13,601012,14:51:07,18.4600,1088,1
2026-01-13,601012,14:51:10,18.4700,421,1
2026-01-13,601012,14:51:13,18.4600,405,2
2026-01-13,601012,14:51:16,18.4600,1164,2
2026-01-13,601012,14:51:19,18.4500,667,2
2026-01-13,601012,14:51:22,18.4600,193,1
2026-01-13,601012,14:51:25,18.4600,569,1
2026-01-13,601012,14:51:28,18.4700,146,1
2026-01-13,601012,14:51:31,18.4700,759,1
2026-01-13,601012,14:51:34,18.4700,346,1
2026-01-13,601012,14:51:37,18.4700,199,1
2026-01-13,601012,14:51:40,18.4600,709,2
2026-01-13,601012,14:51:43,18.4600,1086,2
2026-01-13,601012,14:51:46,18.4600,329,2
2026-01-13,601012,14:51:49,18.4700,243,1
2026-01-13,601012,14:51:52,18.4600,133,2
2026-01-13,601012,14:51:55,18.4700,154,1
2026-01-13,601012,14:51:58,18.4700,801,1
2026-01-13,601012,14:52:01,18.4700,1855,1
2026-01-13,601012,14:52:04,18.4800,375,1
2026-01-13,601012,14:52:07,18.4700,488,2
2026-01-13,601012,14:52:10,18.4700,147,2
2026-01-13,601012,14:52:13,18.4700,917,2
2026-01-13,601012,14:52:16,18.4700,489,2
2026-01-13,601012,14:52:19,18.4800,205,1
2026-01-13,601012,14:52:22,18.4800,450,1
2026-01-13,601012,14:52:25,18.4800,205,1
2026-01-13,601012,14:52:28,18.4800,981,1
2026-01-13,601012,14:52:31,18.4800,417,1
2026-01-13,601012,14:52:34,18.4800,289,1
2026-01-13,601012,14:52:37,18.4700,864,2
2026-01-13,601012,14:52:40,18.4800,669,1
2026-01-13,601012,14:52:43,18.4700,356,2
2026-01-13,601012,14:52:46,18.4800,234,1
2026-01-13,601012,14:52:49,18.4800,289,1
2026-01-13,601012,14:52:52,18.4800,419,1
2026-01-13,601012,14:52:55,18.4800,1300,1
2026-01-13,601012,14:52:58,18.4700,393,2
2026-01-13,601012,14:53:01,18.4800,1249,1
2026-01-13,601012,14:53:04,18.4800,424,2
2026-01-13,601012,14:53:07,18.4800,445,1
2026-01-13,601012,14:53:10,18.4900,996,1
2026-01-13,601012,14:53:13,18.4800,314,2
2026-01-13,601012,14:53:16,18.4900,147,1
2026-01-13,601012,14:53:19,18.4800,82,2
2026-01-13,601012,14:53:22,18.4900,736,1
2026-01-13,601012,14:53:25,18.4900,194,2
2026-01-13,601012,14:53:28,18.4900,269,2
2026-01-13,601012,14:53:31,18.4900,300,2
2026-01-13,601012,14:53:34,18.4900,245,2
2026-01-13,601012,14:53:37,18.4900,101,1
2026-01-13,601012,14:53:40,18.4900,231,1
2026-01-13,601012,14:53:43,18.4900,216,1
2026-01-13,601012,14:53:46,18.4900,267,1
2026-01-13,601012,14:53:49,18.5000,185,1
2026-01-13,601012,14:53:52,18.5000,215,1
2026-01-13,601012,14:53:55,18.4900,609,2
2026-01-13,601012,14:53:58,18.4900,1283,2
2026-01-13,601012,14:54:01,18.5000,500,1
2026-01-13,601012,14:54:04,18.5000,440,1
2026-01-13,601012,14:54:07,18.5000,483,1
2026-01-13,601012,14:54:10,18.5000,502,1
2026-01-13,601012,14:54:13,18.4900,1440,2
2026-01-13,601012,14:54:16,18.5000,1002,1
2026-01-13,601012,14:54:19,18.5000,562,1
2026-01-13,601012,14:54:22,18.5000,375,1
2026-01-13,601012,14:54:25,18.5000,444,1
2026-01-13,601012,14:54:28,18.5000,359,1
2026-01-13,601012,14:54:31,18.5000,247,1
2026-01-13,601012,14:54:34,18.5000,402,1
2026-01-13,601012,14:54:37,18.5100,788,1
2026-01-13,601012,14:54:40,18.5000,227,1
2026-01-13,601012,14:54:43,18.5000,317,2
2026-01-13,601012,14:54:46,18.5000,391,2
2026-01-13,601012,14:54:49,18.5100,232,1
2026-01-13,601012,14:54:52,18.5100,352,1
2026-01-13,601012,14:54:55,18.5000,508,2
2026-01-13,601012,14:54:58,18.5100,537,1
2026-01-13,601012,14:55:01,18.5000,459,2
2026-01-13,601012,14:55:04,18.5000,698,1
2026-01-13,601012,14:55:07,18.5000,335,1
2026-01-13,601012,14:55:10,18.5000,1344,1
2026-01-13,601012,14:55:13,18.5000,610,1
2026-01-13,601012,14:55:16,18.5000,361,1
2026-01-13,601012,14:55:19,18.5100,595,1
2026-01-13,601012,14:55:22,18.5100,286,1
2026-01-13,601012,14:55:25,18.5100,965,1
2026-01-13,601012,14:55:28,18.5000,810,2
2026-01-13,601012,14:55:31,18.5100,294,1
2026-01-13,601012,14:55:34,18.5000,516,2
2026-01-13,601012,14:55:37,18.5000,529,1
2026-01-13,601012,14:55:40,18.5000,454,1
2026-01-13,601012,14:55:43,18.5000,280,2
2026-01-13,601012,14:55:46,18.5000,257,2
2026-01-13,601012,14:55:49,18.5000,995,2
2026-01-13,601012,14:55:52,18.5000,364,1
2026-01-13,601012,14:55:55,18.4900,613,2
2026-01-13,601012,14:55:58,18.5000,325,1
2026-01-13,601012,14:56:01,18.4900,1070,2
2026-01-13,601012,14:56:04,18.5000,587,1
2026-01-13,601012,14:56:07,18.4900,548,2
2026-01-13,601012,14:56:10,18.5000,580,1
2026-01-13,601012,14:56:13,18.4900,640,2
2026-01-13,601012,14:56:16,18.4900,408,1
2026-01-13,601012,14:56:19,18.4900,1229,1
2026-01-13,601012,14:56:22,18.4800,588,2
2026-01-13,601012,14:56:25,18.4900,358,1
2026-01-13,601012,14:56:28,18.4900,277,1
2026-01-13,601012,14:56:31,18.4900,747,1
2026-01-13,601012,14:56:34,18.4900,514,2
2026-01-13,601012,14:56:37,18.4900,552,2
2026-01-13,601012,14:56:40,18.4900,238,1
2026-01-13,601012,14:56:43,18.4900,345,2
2026-01-13,601012,14:56:46,18.5000,91,1
2026-01-13,601012,14:56:49,18.5000,190,1
2026-01-13,601012,14:56:52,18.5000,185,1
2026-01-13,601012,14:56:55,18.5000,414,1
2026-01-13,601012,14:56:58,18.5000,553,1
2026-01-13,601012,14:57:01,18.4900,194,2
2026-01-13,601012,15:00:04,18.5000,16721,4
2026-01-13,601012,13:17:07,18.5900,34,4
2026-01-13,601012,13:17:10,18.6000,745,1
2026-01-13,601012,13:17:13,18.5900,279,4
2026-01-13,601012,13:17:16,18.6000,95,2
2026-01-13,601012,13:17:19,18.6100,177,1
2026-01-13,601012,13:17:22,18.6000,457,2
2026-01-13,601012,13:17:25,18.6000,214,2
2026-01-13,601012,13:17:28,18.6100,407,1
2026-01-13,601012,13:17:31,18.6100,155,2
2026-01-13,601012,13:17:34,18.6100,154,1
2026-01-13,601012,13:17:37,18.6100,36,1
2026-01-13,601012,13:17:40,18.6100,174,1
2026-01-13,601012,13:17:43,18.6100,262,1
2026-01-13,601012,13:17:46,18.6100,83,2
2026-01-13,601012,13:17:49,18.6100,147,2
2026-01-13,601012,13:17:52,18.6200,185,1
2026-01-13,601012,13:17:55,18.6100,37,2
2026-01-13,601012,13:17:58,18.6100,199,2
2026-01-13,601012,13:18:01,18.6100,287,2
2026-01-13,601012,13:18:04,18.6100,210,1
2026-01-13,601012,13:18:07,18.6000,836,2
2026-01-13,601012,13:18:10,18.5900,290,2
2026-01-13,601012,13:18:13,18.5900,311,1
2026-01-13,601012,13:18:16,18.6000,108,1
2026-01-13,601012,13:18:19,18.5900,144,1
2026-01-13,601012,13:18:22,18.6000,178,4
2026-01-13,601012,13:18:25,18.5900,35,2
2026-01-13,601012,13:18:28,18.6000,500,1
2026-01-13,601012,13:18:31,18.5900,361,2
2026-01-13,601012,13:18:34,18.6100,48,1
2026-01-13,601012,13:18:37,18.6000,73,2
2026-01-13,601012,13:18:40,18.6100,175,1
2026-01-13,601012,13:18:43,18.5900,116,2
2026-01-13,601012,13:18:46,18.6000,335,2
2026-01-13,601012,13:18:49,18.6100,140,1
2026-01-13,601012,13:18:52,18.6100,152,1
2026-01-13,601012,13:18:55,18.6100,215,1
2026-01-13,601012,13:18:58,18.6100,106,1
2026-01-13,601012,13:19:01,18.6100,151,1
2026-01-13,601012,13:19:04,18.6100,56,1
2026-01-13,601012,13:19:07,18.6100,80,1
2026-01-13,601012,13:19:10,18.6100,91,1
2026-01-13,601012,13:19:13,18.6000,55,2
2026-01-13,601012,13:19:16,18.6000,135,2
2026-01-13,601012,13:19:19,18.6000,118,2
2026-01-13,601012,13:19:22,18.6100,87,1
2026-01-13,601012,13:19:25,18.6100,20,1
2026-01-13,601012,13:19:28,18.6100,234,1
2026-01-13,601012,13:19:31,18.6100,178,1
2026-01-13,601012,13:19:34,18.6100,77,1
2026-01-13,601012,13:19:37,18.6100,55,1
2026-01-13,601012,13:19:40,18.6000,93,2
2026-01-13,601012,13:19:43,18.6100,776,1
2026-01-13,601012,13:19:46,18.5900,406,2
2026-01-13,601012,13:19:49,18.5800,40,2
2026-01-13,601012,13:19:52,18.5900,290,1
2026-01-13,601012,13:19:55,18.5900,63,1
2026-01-13,601012,13:19:58,18.5900,83,1
2026-01-13,601012,13:20:01,18.5900,149,1
2026-01-13,601012,13:20:04,18.5900,75,1
2026-01-13,601012,13:20:07,18.5800,135,2
2026-01-13,601012,13:20:10,18.5800,314,2
2026-01-13,601012,13:20:13,18.5700,207,2
2026-01-13,601012,13:20:16,18.5800,321,1
2026-01-13,601012,13:20:19,18.5800,214,1
2026-01-13,601012,13:20:22,18.5700,342,2
2026-01-13,601012,13:20:25,18.5700,473,2
2026-01-13,601012,13:20:28,18.5700,270,2
2026-01-13,601012,13:20:31,18.5600,325,2
2026-01-13,601012,13:20:34,18.5600,158,2
2026-01-13,601012,13:20:37,18.5700,27,1
2026-01-13,601012,13:20:40,18.5700,391,1
2026-01-13,601012,13:20:43,18.5700,110,1
2026-01-13,601012,13:20:46,18.5700,160,1
2026-01-13,601012,13:20:49,18.5700,173,1
2026-01-13,601012,13:20:52,18.5600,219,2
2026-01-13,601012,13:20:55,18.5600,180,2
2026-01-13,601012,13:20:58,18.5600,376,2
2026-01-13,601012,13:21:01,18.5600,766,2
2026-01-13,601012,13:21:04,18.5600,369,1
2026-01-13,601012,13:21:07,18.5600,100,2
2026-01-13,601012,13:21:10,18.5500,198,2
2026-01-13,601012,13:21:13,18.5600,184,1
2026-01-13,601012,13:21:16,18.5500,74,2
2026-01-13,601012,13:21:19,18.5500,223,2
2026-01-13,601012,13:21:22,18.5600,390,1
2026-01-13,601012,13:21:25,18.5500,171,2
2026-01-13,601012,13:21:28,18.5500,169,2
2026-01-13,601012,13:21:31,18.5600,369,1
2026-01-13,601012,13:21:34,18.5500,107,2
2026-01-13,601012,13:21:37,18.5600,39,1
2026-01-13,601012,13:21:40,18.5600,574,1
2026-01-13,601012,13:21:43,18.5700,90,1
2026-01-13,601012,13:21:46,18.5700,297,1
2026-01-13,601012,13:21:49,18.5600,92,2
2026-01-13,601012,13:21:52,18.5600,241,2
2026-01-13,601012,13:21:55,18.5500,72,2
2026-01-13,601012,13:21:58,18.5500,652,2
2026-01-13,601012,13:22:01,18.5500,708,2
2026-01-13,601012,13:22:04,18.5500,1834,2
2026-01-13,601012,13:22:07,18.5500,324,2
2026-01-13,601012,13:22:10,18.5600,1218,1
2026-01-13,601012,13:22:13,18.5600,134,1
2026-01-13,601012,13:22:16,18.5500,372,2
2026-01-13,601012,13:22:19,18.5500,71,2
2026-01-13,601012,13:22:22,18.5500,363,2
2026-01-13,601012,13:22:25,18.5500,161,2
2026-01-13,601012,13:22:28,18.5500,261,1
2026-01-13,601012,13:22:31,18.5500,402,2
2026-01-13,601012,13:22:34,18.5500,412,2
2026-01-13,601012,13:22:37,18.5600,173,4
2026-01-13,601012,13:22:40,18.5600,272,2
2026-01-13,601012,13:22:43,18.5800,98,1
2026-01-13,601012,13:22:46,18.5700,148,2
2026-01-13,601012,13:22:49,18.5800,729,1
2026-01-13,601012,13:22:52,18.5800,451,2
2026-01-13,601012,13:22:55,18.5800,157,2
2026-01-13,601012,13:22:58,18.5800,192,1
2026-01-13,601012,13:23:01,18.5900,166,2
2026-01-13,601012,13:23:04,18.6000,77,1
2026-01-13,601012,13:23:07,18.6000,158,1
2026-01-13,601012,13:23:10,18.6000,210,1
2026-01-13,601012,13:23:13,18.6000,42,1
2026-01-13,601012,13:23:16,18.6000,319,1
2026-01-13,601012,13:23:19,18.6000,150,2
2026-01-13,601012,13:23:22,18.5900,130,2
2026-01-13,601012,13:23:25,18.6000,287,1
2026-01-13,601012,13:23:28,18.6000,179,1
2026-01-13,601012,13:23:31,18.6000,113,2
2026-01-13,601012,13:23:34,18.6000,29,1
2026-01-13,601012,13:23:37,18.6000,99,1
2026-01-13,601012,13:23:40,18.6000,114,2
2026-01-13,601012,13:23:43,18.6000,42,2
2026-01-13,601012,13:23:46,18.6100,223,1
2026-01-13,601012,13:23:49,18.6100,161,2
2026-01-13,601012,13:23:52,18.6100,845,1
2026-01-13,601012,13:23:55,18.6100,56,1
2026-01-13,601012,13:23:58,18.6100,227,1
2026-01-13,601012,13:24:01,18.6100,677,1
2026-01-13,601012,13:24:04,18.6000,109,2
2026-01-13,601012,13:24:07,18.6000,707,2
2026-01-13,601012,13:24:10,18.5900,293,2
2026-01-13,601012,13:24:13,18.6000,202,2
2026-01-13,601012,13:24:16,18.6100,68,1
2026-01-13,601012,13:24:19,18.6000,32,4
2026-01-13,601012,13:24:22,18.5900,115,2
2026-01-13,601012,13:24:25,18.6000,44,1
2026-01-13,601012,13:24:28,18.6000,25,1
2026-01-13,601012,13:24:31,18.6000,56,1
2026-01-13,601012,13:24:34,18.6000,46,1
2026-01-13,601012,13:24:37,18.6000,190,1
2026-01-13,601012,13:24:40,18.6000,127,1
2026-01-13,601012,13:24:43,18.5900,98,2
2026-01-13,601012,13:24:46,18.5900,295,2
2026-01-13,601012,13:24:49,18.5900,28,1
2026-01-13,601012,13:24:52,18.5900,147,1
2026-01-13,601012,13:24:55,18.5900,294,1
2026-01-13,601012,13:24:58,18.5900,83,1
2026-01-13,601012,13:25:01,18.5800,198,2
2026-01-13,601012,13:25:04,18.5800,88,1
2026-01-13,601012,13:25:07,18.5800,48,1
2026-01-13,601012,13:25:10,18.5800,130,1
2026-01-13,601012,13:25:13,18.5800,30,1
2026-01-13,601012,13:25:16,18.5700,173,2
2026-01-13,601012,13:25:19,18.5700,107,1
2026-01-13,601012,13:25:22,18.5700,154,1
2026-01-13,601012,13:25:25,18.5600,19,2
2026-01-13,601012,13:25:28,18.5600,542,2
2026-01-13,601012,13:25:31,18.5600,207,2
2026-01-13,601012,13:25:34,18.5600,230,1
2026-01-13,601012,13:25:37,18.5600,184,2
2026-01-13,601012,13:25:40,18.5500,64,2
2026-01-13,601012,13:25:43,18.5500,169,2
2026-01-13,601012,13:25:46,18.5500,454,2
2026-01-13,601012,13:25:49,18.5600,625,1
2026-01-13,601012,13:25:52,18.5600,418,1
2026-01-13,601012,13:25:55,18.5600,77,2
2026-01-13,601012,13:25:58,18.5700,94,1
2026-01-13,601012,13:26:01,18.5600,204,2
2026-01-13,601012,13:26:04,18.5600,91,2
2026-01-13,601012,13:26:07,18.5600,174,2
2026-01-13,601012,13:26:10,18.5700,539,1
2026-01-13,601012,13:26:13,18.5600,266,2
2026-01-13,601012,13:26:16,18.5700,285,1
2026-01-13,601012,13:26:19,18.5600,228,2
2026-01-13,601012,13:26:22,18.5700,213,4
2026-01-13,601012,13:26:25,18.5700,217,2
2026-01-13,601012,13:26:28,18.5800,34,1
2026-01-13,601012,13:26:31,18.5800,289,1
2026-01-13,601012,13:26:34,18.5700,241,2
2026-01-13,601012,13:26:37,18.5700,121,2
2026-01-13,601012,13:26:40,18.5700,182,2
2026-01-13,601012,13:26:43,18.5700,64,2
2026-01-13,601012,13:26:46,18.5700,279,2
2026-01-13,601012,13:26:49,18.5700,25,2
2026-01-13,601012,13:26:52,18.5700,92,2
2026-01-13,601012,13:26:55,18.5600,67,2
2026-01-13,601012,13:26:58,18.5700,101,1
2026-01-13,601012,13:27:01,18.5700,204,1
2026-01-13,601012,13:27:04,18.5600,40,2
2026-01-13,601012,13:27:07,18.5700,134,1
2026-01-13,601012,13:27:10,18.5700,138,1
2026-01-13,601012,13:27:13,18.5700,433,1
2026-01-13,601012,13:27:16,18.5700,613,1
2026-01-13,601012,13:27:19,18.5600,179,2
2026-01-13,601012,13:27:22,18.5600,206,2
2026-01-13,601012,13:27:25,18.5600,1130,1
2026-01-13,601012,13:27:28,18.5700,310,1
2026-01-13,601012,13:27:31,18.5700,1073,1
2026-01-13,601012,13:27:34,18.5600,61,2
2026-01-13,601012,13:27:37,18.5700,215,1
2026-01-13,601012,13:27:40,18.5700,127,2
2026-01-13,601012,13:27:43,18.5600,57,2
2026-01-13,601012,13:27:46,18.5700,48,1
2026-01-13,601012,13:27:49,18.5600,12,2
2026-01-13,601012,13:27:52,18.5600,144,2
2026-01-13,601012,13:27:55,18.5600,200,2
2026-01-13,601012,13:27:58,18.5600,65,2
2026-01-13,601012,13:28:01,18.5600,136,2
2026-01-13,601012,13:28:04,18.5600,93,1
2026-01-13,601012,13:28:07,18.5600,220,1
2026-01-13,601012,13:28:10,18.5600,193,1
2026-01-13,601012,13:28:13,18.5500,168,2
2026-01-13,601012,13:28:16,18.5600,108,2
2026-01-13,601012,13:28:19,18.5600,610,1
2026-01-13,601012,13:28:22,18.5500,1840,2
2026-01-13,601012,13:28:25,18.5400,422,2
2026-01-13,601012,13:28:28,18.5500,466,4
2026-01-13,601012,13:28:31,18.5600,627,1
2026-01-13,601012,13:28:34,18.5700,346,1
2026-01-13,601012,13:28:37,18.5700,115,1
2026-01-13,601012,13:28:40,18.5500,93,2
2026-01-13,601012,13:28:43,18.5600,72,1
2026-01-13,601012,13:28:46,18.5600,90,1
2026-01-13,601012,13:28:49,18.5500,203,2
2026-01-13,601012,13:28:52,18.5500,185,1
2026-01-13,601012,13:28:55,18.5500,216,1
2026-01-13,601012,13:28:58,18.5600,1957,1
2026-01-13,601012,13:29:01,18.5500,108,2
2026-01-13,601012,13:29:04,18.5500,141,2
2026-01-13,601012,13:29:07,18.5500,189,2
2026-01-13,601012,13:29:10,18.5500,158,2
2026-01-13,601012,13:29:13,18.5600,84,1
2026-01-13,601012,13:29:16,18.5500,30,2
2026-01-13,601012,13:29:19,18.5600,60,1
2026-01-13,601012,13:29:22,18.5600,715,1
2026-01-13,601012,13:29:25,18.5600,53,2
2026-01-13,601012,13:29:28,18.5600,105,2
2026-01-13,601012,13:29:31,18.5600,333,2
2026-01-13,601012,13:29:34,18.5600,64,2
2026-01-13,601012,13:29:37,18.5700,124,1
2026-01-13,601012,13:29:40,18.5600,226,2
2026-01-13,601012,13:29:43,18.5600,182,2
2026-01-13,601012,13:29:46,18.5600,156,2
2026-01-13,601012,13:29:49,18.5600,63,1
2026-01-13,601012,13:29:52,18.5600,676,1
2026-01-13,601012,13:29:55,18.5700,122,1
2026-01-13,601012,13:29:58,18.5600,89,2
2026-01-13,601012,13:30:01,18.5700,222,1
2026-01-13,601012,13:30:04,18.5700,28,1
2026-01-13,601012,13:30:07,18.5700,324,1
2026-01-13,601012,13:30:10,18.5700,570,1
2026-01-13,601012,13:30:13,18.5600,179,2
2026-01-13,601012,13:30:16,18.5700,205,1
2026-01-13,601012,13:30:19,18.5700,279,2
2026-01-13,601012,13:30:22,18.5700,118,1
2026-01-13,601012,13:30:25,18.5700,216,1
2026-01-13,601012,13:30:28,18.5700,181,1
2026-01-13,601012,13:30:31,18.5700,168,4
2026-01-13,601012,13:30:34,18.5700,101,1
2026-01-13,601012,13:30:37,18.5500,1038,2
2026-01-13,601012,13:30:40,18.5600,364,1
2026-01-13,601012,13:30:43,18.5600,155,1
2026-01-13,601012,13:30:46,18.5500,366,2
2026-01-13,601012,13:30:49,18.5600,131,1
2026-01-13,601012,13:30:52,18.5600,412,1
2026-01-13,601012,13:30:55,18.5500,77,2
2026-01-13,601012,13:30:58,18.5600,39,1
2026-01-13,601012,13:31:01,18.5700,721,1
2026-01-13,601012,13:31:04,18.5500,406,2
2026-01-13,601012,13:31:07,18.5400,109,2
2026-01-13,601012,13:31:10,18.5500,370,1
2026-01-13,601012,13:31:13,18.5500,273,1
2026-01-13,601012,13:31:16,18.5600,631,1
2026-01-13,601012,13:31:19,18.5500,445,2
2026-01-13,601012,13:31:22,18.5500,271,2
2026-01-13,601012,13:31:25,18.5500,130,2
2026-01-13,601012,13:31:28,18.5500,80,2
2026-01-13,601012,13:31:31,18.5500,201,2
2026-01-13,601012,13:31:34,18.5500,64,2
2026-01-13,601012,13:31:37,18.5500,65,2
2026-01-13,601012,13:31:40,18.5600,131,1
2026-01-13,601012,13:31:43,18.5600,51,1
2026-01-13,601012,13:31:46,18.5500,134,2
2026-01-13,601012,13:31:49,18.5500,12,2
2026-01-13,601012,13:31:52,18.5600,64,1
2026-01-13,601012,13:31:55,18.5500,78,2
2026-01-13,601012,13:31:58,18.5600,100,1
2026-01-13,601012,13:32:01,18.5400,2985,2
2026-01-13,601012,13:32:04,18.5500,111,1
2026-01-13,601012,13:32:07,18.5400,134,2
2026-01-13,601012,13:32:10,18.5400,1041,2
2026-01-13,601012,13:32:13,18.5400,348,1
2026-01-13,601012,13:32:16,18.5400,172,1
2026-01-13,601012,13:32:19,18.5300,378,2
2026-01-13,601012,13:32:22,18.5400,177,1
2026-01-13,601012,13:32:25,18.5300,316,2
2026-01-13,601012,13:32:28,18.5300,446,2
2026-01-13,601012,13:32:31,18.5300,446,2
2026-01-13,601012,13:32:34,18.5300,361,2
2026-01-13,601012,13:32:37,18.5300,250,2
2026-01-13,601012,13:32:40,18.5300,1310,1
2026-01-13,601012,13:32:43,18.5200,351,2
2026-01-13,601012,13:32:46,18.5200,227,2
2026-01-13,601012,13:32:49,18.5300,188,1
2026-01-13,601012,13:32:52,18.5200,537,2
2026-01-13,601012,13:32:55,18.5200,836,2
2026-01-13,601012,13:32:58,18.5100,169,2
2026-01-13,601012,13:33:01,18.5100,682,2
2026-01-13,601012,13:33:04,18.5100,132,2
2026-01-13,601012,13:33:07,18.5100,456,2
2026-01-13,601012,13:33:10,18.5100,400,2
2026-01-13,601012,13:33:13,18.5100,220,2
2026-01-13,601012,13:33:16,18.5100,496,2
2026-01-13,601012,13:33:19,18.5100,182,2
2026-01-13,601012,13:33:22,18.5100,525,2
2026-01-13,601012,13:33:25,18.5100,90,2
2026-01-13,601012,13:33:28,18.5100,187,2
2026-01-13,601012,13:33:31,18.5100,335,2
2026-01-13,601012,13:33:34,18.5200,68,1
2026-01-13,601012,13:33:37,18.5200,86,1
2026-01-13,601012,13:33:40,18.5100,222,2
2026-01-13,601012,13:33:43,18.5100,591,2
2026-01-13,601012,13:33:46,18.5200,88,1
2026-01-13,601012,13:33:49,18.5200,179,1
2026-01-13,601012,13:33:52,18.5200,260,1
2026-01-13,601012,13:33:55,18.5200,301,1
2026-01-13,601012,13:33:58,18.5200,47,2
2026-01-13,601012,13:34:01,18.5300,121,1
2026-01-13,601012,13:34:04,18.5300,166,1
2026-01-13,601012,13:34:07,18.5300,115,1
2026-01-13,601012,13:34:10,18.5300,182,1
2026-01-13,601012,13:34:13,18.5300,389,1
2026-01-13,601012,13:34:16,18.5300,15,1
2026-01-13,601012,13:34:19,18.5300,53,1
2026-01-13,601012,13:34:22,18.5200,225,2
2026-01-13,601012,13:34:25,18.5200,52,2
2026-01-13,601012,13:34:28,18.5200,142,2
2026-01-13,601012,13:34:31,18.5300,269,1
2026-01-13,601012,13:34:34,18.5200,333,2
2026-01-13,601012,13:34:37,18.5300,43,1
2026-01-13,601012,13:34:40,18.5200,174,2
2026-01-13,601012,13:34:43,18.5200,252,2
2026-01-13,601012,13:34:46,18.5300,112,1
2026-01-13,601012,13:34:49,18.5200,123,2
2026-01-13,601012,13:34:52,18.5300,113,1
2026-01-13,601012,13:34:55,18.5200,86,2
2026-01-13,601012,13:34:58,18.5200,128,2
2026-01-13,601012,13:35:01,18.5300,347,1
2026-01-13,601012,13:35:04,18.5300,264,1
2026-01-13,601012,13:35:07,18.5200,215,2
2026-01-13,601012,13:35:10,18.5200,247,2
2026-01-13,601012,13:35:13,18.5200,70,1
2026-01-13,601012,13:35:16,18.5200,61,1
2026-01-13,601012,13:35:19,18.5200,9,2
2026-01-13,601012,13:35:22,18.5200,113,2
2026-01-13,601012,13:35:25,18.5200,140,2
2026-01-13,601012,13:35:28,18.5200,330,2
2026-01-13,601012,13:35:31,18.5300,239,1
2026-01-13,601012,13:35:34,18.5300,78,1
2026-01-13,601012,13:35:37,18.5200,42,2
2026-01-13,601012,13:35:40,18.5200,170,2
2026-01-13,601012,13:35:43,18.5300,39,1
2026-01-13,601012,13:35:46,18.5200,57,2
2026-01-13,601012,13:35:49,18.5200,90,1
2026-01-13,601012,13:35:52,18.5300,473,1
2026-01-13,601012,13:35:55,18.5200,45,2
2026-01-13,601012,13:35:58,18.5200,189,2
2026-01-13,601012,13:36:01,18.5200,229,2
2026-01-13,601012,13:36:04,18.5200,81,2
2026-01-13,601012,13:36:07,18.5200,147,2
2026-01-13,601012,13:36:10,18.5200,354,2
2026-01-13,601012,13:36:13,18.5100,60,2
2026-01-13,601012,13:36:16,18.5300,336,1
2026-01-13,601012,13:36:19,18.5300,39,1
2026-01-13,601012,13:36:22,18.5200,178,2
2026-01-13,601012,13:36:25,18.5300,118,1
2026-01-13,601012,13:36:28,18.5300,236,1
2026-01-13,601012,13:36:31,18.5300,132,2
2026-01-13,601012,13:36:34,18.5300,117,2
2026-01-13,601012,13:36:37,18.5300,238,2
2026-01-13,601012,13:36:40,18.5200,109,2
2026-01-13,601012,13:36:43,18.5300,87,1
2026-01-13,601012,13:36:46,18.5200,136,2
2026-01-13,601012,13:36:49,18.5300,99,1
2026-01-13,601012,13:36:52,18.5200,112,2
2026-01-13,601012,13:36:55,18.5200,61,2
2026-01-13,601012,13:36:58,18.5300,24,1
2026-01-13,601012,13:37:01,18.5300,125,1
2026-01-13,601012,13:37:04,18.5300,238,1
2026-01-13,601012,13:37:07,18.5200,307,2
2026-01-13,601012,13:37:10,18.5300,216,1
2026-01-13,601012,13:37:13,18.5300,145,2
2026-01-13,601012,13:37:16,18.5300,12,1
2026-01-13,601012,13:37:19,18.5200,133,2
2026-01-13,601012,13:37:22,18.5300,69,1
2026-01-13,601012,13:37:25,18.5300,286,1
2026-01-13,601012,13:37:28,18.5200,281,2
2026-01-13,601012,13:37:31,18.5200,163,2
2026-01-13,601012,13:37:34,18.5200,73,2
2026-01-13,601012,13:37:37,18.5300,73,1
2026-01-13,601012,13:37:40,18.5200,250,2
2026-01-13,601012,13:37:43,18.5200,514,2
2026-01-13,601012,13:37:46,18.5200,1296,2
2026-01-13,601012,13:37:49,18.5100,588,2
2026-01-13,601012,13:37:52,18.5200,693,1
2026-01-13,601012,13:37:55,18.5200,309,1
2026-01-13,601012,13:37:58,18.5100,65,2
2026-01-13,601012,13:38:01,18.5100,316,2
2026-01-13,601012,13:38:04,18.5200,2078,1
2026-01-13,601012,13:38:07,18.5100,366,2
2026-01-13,601012,13:38:10,18.5100,4356,2
2026-01-13,601012,13:38:13,18.5200,1032,1
2026-01-13,601012,13:38:16,18.5100,1636,2
2026-01-13,601012,13:38:19,18.5100,514,2
2026-01-13,601012,13:38:22,18.5100,1420,1
2026-01-13,601012,13:38:25,18.5200,181,1
2026-01-13,601012,13:38:28,18.5200,59,1
2026-01-13,601012,13:38:31,18.5200,380,1
2026-01-13,601012,13:38:34,18.5200,121,1
2026-01-13,601012,13:38:37,18.5200,128,1
2026-01-13,601012,13:38:40,18.5100,201,2
2026-01-13,601012,13:38:43,18.5200,1362,1
2026-01-13,601012,13:38:46,18.5200,49,1
2026-01-13,601012,13:38:49,18.5100,28,2
2026-01-13,601012,13:38:52,18.5100,410,2
2026-01-13,601012,13:38:55,18.5200,47,1
2026-01-13,601012,13:38:58,18.5100,268,2
2026-01-13,601012,13:39:01,18.5200,1135,1
2026-01-13,601012,13:39:04,18.5200,1333,2
2026-01-13,601012,13:39:07,18.5300,408,4
2026-01-13,601012,13:39:10,18.5300,749,2
2026-01-13,601012,13:39:13,18.5200,366,2
2026-01-13,601012,13:39:16,18.5300,827,1
2026-01-13,601012,13:39:19,18.5200,473,2
2026-01-13,601012,13:39:22,18.5200,719,2
2026-01-13,601012,13:39:25,18.5100,608,2
2026-01-13,601012,13:39:28,18.5200,35,4
2026-01-13,601012,13:39:31,18.5200,516,1
2026-01-13,601012,13:39:34,18.5200,142,1
2026-01-13,601012,13:39:37,18.5200,456,1
2026-01-13,601012,13:39:40,18.5300,392,1
2026-01-13,601012,13:39:43,18.5200,190,2
2026-01-13,601012,13:39:46,18.5300,33,1
2026-01-13,601012,13:39:49,18.5200,313,2
2026-01-13,601012,13:39:52,18.5300,192,1
2026-01-13,601012,13:39:55,18.5300,52,1
2026-01-13,601012,13:39:58,18.5300,36,1
2026-01-13,601012,13:40:01,18.5300,289,1
2026-01-13,601012,13:40:04,18.5300,145,2
2026-01-13,601012,13:40:07,18.5400,248,1
2026-01-13,601012,13:40:10,18.5400,601,2
2026-01-13,601012,13:40:13,18.5600,280,1
2026-01-13,601012,13:40:16,18.5600,113,2
2026-01-13,601012,13:40:19,18.5700,14,1
2026-01-13,601012,13:40:22,18.5700,341,1
2026-01-13,601012,13:40:25,18.5700,66,1
2026-01-13,601012,13:40:28,18.5700,278,2
2026-01-13,601012,13:40:31,18.5700,230,1
2026-01-13,601012,13:40:34,18.5700,262,1
2026-01-13,601012,13:40:37,18.5600,77,2
2026-01-13,601012,13:40:40,18.5700,170,1
2026-01-13,601012,13:40:43,18.5700,69,1
2026-01-13,601012,13:40:46,18.5700,71,1
2026-01-13,601012,13:40:49,18.5600,263,2
2026-01-13,601012,13:40:52,18.5700,139,1
2026-01-13,601012,13:40:55,18.5700,267,2
2026-01-13,601012,13:40:58,18.5700,55,1
2026-01-13,601012,13:41:01,18.5700,349,1
2026-01-13,601012,13:41:04,18.5600,544,2
2026-01-13,601012,13:41:07,18.5600,1289,1
2026-01-13,601012,13:41:10,18.5600,414,1
2026-01-13,601012,13:41:13,18.5500,387,2
2026-01-13,601012,13:41:16,18.5600,685,1
2026-01-13,601012,13:41:19,18.5400,116,2
2026-01-13,601012,13:41:22,18.5400,393,2
2026-01-13,601012,13:41:25,18.5400,414,2
2026-01-13,601012,13:41:28,18.5600,19,1
2026-01-13,601012,13:41:31,18.5500,152,2
2026-01-13,601012,13:41:34,18.5600,81,1
2026-01-13,601012,13:41:37,18.5600,26,1
2026-01-13,601012,13:41:40,18.5500,98,2
2026-01-13,601012,13:41:43,18.5500,47,2
2026-01-13,601012,13:41:46,18.5500,190,2
2026-01-13,601012,13:41:49,18.5600,55,1
2026-01-13,601012,13:41:52,18.5600,69,1
2026-01-13,601012,13:41:55,18.5600,86,1
2026-01-13,601012,13:41:58,18.5600,28,2
2026-01-13,601012,13:42:01,18.5600,98,2
2026-01-13,601012,13:42:04,18.5600,6,2
2026-01-13,601012,13:42:07,18.5800,159,1
2026-01-13,601012,13:42:10,18.5600,152,2
2026-01-13,601012,13:42:13,18.5800,68,1
2026-01-13,601012,13:42:16,18.5800,124,1
2026-01-13,601012,13:42:19,18.5600,89,2
2026-01-13,601012,13:42:22,18.5700,15,4
2026-01-13,601012,13:42:25,18.5800,25,1
2026-01-13,601012,13:42:28,18.5800,314,1
2026-01-13,601012,13:42:31,18.5800,82,2
2026-01-13,601012,13:42:34,18.5800,27,2
2026-01-13,601012,13:42:37,18.5900,45,1
2026-01-13,601012,13:42:40,18.5800,204,2
2026-01-13,601012,13:42:43,18.5900,175,1
2026-01-13,601012,13:42:46,18.5800,31,2
2026-01-13,601012,13:42:49,18.6000,398,1
2026-01-13,601012,13:42:52,18.5800,268,2
2026-01-13,601012,13:42:55,18.5800,115,2
2026-01-13,601012,13:42:58,18.5900,52,1
2026-01-13,601012,13:43:01,18.6000,864,1
2026-01-13,601012,13:43:04,18.6000,42,1
2026-01-13,601012,13:43:07,18.6000,118,1
2026-01-13,601012,13:43:10,18.6000,72,2
2026-01-13,601012,13:43:13,18.6000,147,1
2026-01-13,601012,13:43:16,18.6000,168,1
2026-01-13,601012,13:43:19,18.6000,29,1
2026-01-13,601012,13:43:22,18.6000,276,1
2026-01-13,601012,13:43:25,18.6000,56,2
2026-01-13,601012,13:43:28,18.6000,876,1
2026-01-13,601012,13:43:31,18.6000,379,2
2026-01-13,601012,13:43:34,18.6000,114,2
2026-01-13,601012,13:43:37,18.6100,61,1
2026-01-13,601012,13:43:40,18.6000,419,2
2026-01-13,601012,13:43:43,18.6000,251,1
2026-01-13,601012,13:43:46,18.6000,220,2
2026-01-13,601012,13:43:49,18.6000,121,1
2026-01-13,601012,13:43:52,18.6100,188,1
2026-01-13,601012,13:43:55,18.6000,289,2
2026-01-13,601012,13:43:58,18.6000,112,2
2026-01-13,601012,13:44:01,18.6100,200,1
2026-01-13,601012,13:44:04,18.6100,135,1
2026-01-13,601012,13:44:07,18.6100,225,1
2026-01-13,601012,13:44:10,18.6100,124,2
2026-01-13,601012,13:44:13,18.6100,171,2
2026-01-13,601012,13:44:16,18.6100,48,2
2026-01-13,601012,13:44:19,18.6100,130,2
2026-01-13,601012,13:44:22,18.6100,260,2
2026-01-13,601012,13:44:25,18.6100,93,2
2026-01-13,601012,13:44:28,18.6200,166,1
2026-01-13,601012,13:44:31,18.6200,189,1
2026-01-13,601012,13:44:34,18.6200,119,1
2026-01-13,601012,13:44:37,18.6100,65,2
2026-01-13,601012,13:44:40,18.6200,170,1
2026-01-13,601012,13:44:43,18.6200,295,1
2026-01-13,601012,13:44:46,18.6100,48,2
2026-01-13,601012,13:44:49,18.6100,88,2
2026-01-13,601012,13:44:52,18.6200,710,1
2026-01-13,601012,13:44:55,18.6200,654,1
2026-01-13,601012,13:44:58,18.6000,27,2
2026-01-13,601012,13:45:01,18.5900,1042,2
2026-01-13,601012,13:45:04,18.6000,92,1
2026-01-13,601012,13:45:07,18.5900,136,2
2026-01-13,601012,13:45:10,18.6000,335,1
2026-01-13,601012,13:45:13,18.5900,222,1
2026-01-13,601012,13:45:16,18.6000,14,1
2026-01-13,601012,13:45:19,18.5900,12,2
2026-01-13,601012,13:45:22,18.6000,157,1
2026-01-13,601012,13:45:25,18.5900,61,2
2026-01-13,601012,13:45:28,18.6000,130,1
2026-01-13,601012,13:45:31,18.6000,75,1
2026-01-13,601012,13:45:34,18.6000,80,1
2026-01-13,601012,13:45:37,18.6000,47,1
2026-01-13,601012,13:45:40,18.6000,58,1
2026-01-13,601012,13:45:43,18.6000,210,1
2026-01-13,601012,13:45:46,18.6000,125,2
2026-01-13,601012,13:45:49,18.6000,69,2
2026-01-13,601012,13:45:52,18.6000,48,1
2026-01-13,601012,13:45:55,18.6000,25,1
2026-01-13,601012,13:45:58,18.6000,103,1
2026-01-13,601012,13:46:01,18.6000,71,1
2026-01-13,601012,13:46:04,18.6000,61,1
2026-01-13,601012,13:46:07,18.6000,80,1
2026-01-13,601012,13:46:10,18.6000,222,1
2026-01-13,601012,13:46:13,18.6000,546,1
2026-01-13,601012,13:46:16,18.5900,112,2
2026-01-13,601012,13:46:19,18.5900,155,2
2026-01-13,601012,13:46:22,18.6000,352,1
2026-01-13,601012,13:46:25,18.6000,37,1
2026-01-13,601012,13:46:28,18.6000,35,1
2026-01-13,601012,13:46:31,18.6000,165,1
2026-01-13,601012,13:46:34,18.6000,39,1
2026-01-13,601012,13:46:37,18.6000,144,1
2026-01-13,601012,13:46:40,18.6000,123,1
2026-01-13,601012,13:46:43,18.6000,141,1
2026-01-13,601012,13:46:46,18.6000,56,1
2026-01-13,601012,13:46:49,18.5900,23,2
2026-01-13,601012,13:46:52,18.5900,130,2
2026-01-13,601012,13:46:55,18.5900,59,1
2026-01-13,601012,13:46:58,18.5800,48,2
2026-01-13,601012,13:47:01,18.5900,191,1
2026-01-13,601012,13:47:04,18.5800,211,2
2026-01-13,601012,13:47:07,18.5800,35,2
2026-01-13,601012,13:47:10,18.5900,264,1
2026-01-13,601012,13:47:13,18.5800,148,2
2026-01-13,601012,13:47:16,18.5800,69,2
2026-01-13,601012,13:47:19,18.5900,301,1
2026-01-13,601012,13:47:22,18.5900,186,1
2026-01-13,601012,13:47:25,18.5900,219,1
2026-01-13,601012,13:47:28,18.5800,273,2
2026-01-13,601012,13:47:31,18.5800,243,2
2026-01-13,601012,13:47:34,18.5900,23,1
2026-01-13,601012,13:47:37,18.5800,141,2
2026-01-13,601012,13:47:40,18.5800,165,2
2026-01-13,601012,13:47:43,18.5900,24,4
2026-01-13,601012,13:47:46,18.5900,103,2
2026-01-13,601012,13:47:49,18.5900,55,2
2026-01-13,601012,13:47:52,18.5900,52,2
2026-01-13,601012,13:47:55,18.5900,275,2
2026-01-13,601012,13:47:58,18.5900,545,2
2026-01-13,601012,13:48:01,18.6000,516,2
2026-01-13,601012,13:48:04,18.6000,129,2
2026-01-13,601012,13:48:07,18.6000,130,2
2026-01-13,601012,13:48:10,18.6000,166,2
2026-01-13,601012,13:48:13,18.6000,127,2
2026-01-13,601012,13:48:16,18.6100,79,1
2026-01-13,601012,13:48:19,18.6000,143,2
2026-01-13,601012,13:48:22,18.6100,99,2
2026-01-13,601012,13:48:25,18.6100,72,2
2026-01-13,601012,13:48:28,18.6100,170,2
2026-01-13,601012,13:48:31,18.6100,176,2
2026-01-13,601012,13:48:34,18.6100,90,2
2026-01-13,601012,13:48:37,18.6200,347,1
2026-01-13,601012,13:48:40,18.6200,339,2
2026-01-13,601012,13:48:43,18.6200,170,1
2026-01-13,601012,13:48:46,18.6200,367,1
2026-01-13,601012,13:48:49,18.6200,142,2
2026-01-13,601012,13:48:52,18.6300,298,1
2026-01-13,601012,13:48:55,18.6300,122,1
2026-01-13,601012,13:48:58,18.6300,128,1
2026-01-13,601012,13:49:01,18.6200,346,2
2026-01-13,601012,13:49:04,18.6200,316,2
2026-01-13,601012,13:49:07,18.6200,128,1
2026-01-13,601012,13:49:10,18.6100,149,2
2026-01-13,601012,13:49:13,18.6100,1891,2
2026-01-13,601012,13:49:16,18.6200,154,1
2026-01-13,601012,13:49:19,18.6200,201,2
2026-01-13,601012,13:49:22,18.6300,379,1
2026-01-13,601012,13:49:25,18.6300,389,1
2026-01-13,601012,13:49:28,18.6300,100,2
2026-01-13,601012,13:49:31,18.6400,521,1
2026-01-13,601012,13:49:34,18.6400,49,1
2026-01-13,601012,13:49:37,18.6400,605,1
2026-01-13,601012,13:49:40,18.6300,257,2
2026-01-13,601012,13:49:43,18.6400,137,1
2026-01-13,601012,13:49:46,18.6300,264,2
2026-01-13,601012,13:49:49,18.6400,142,1
2026-01-13,601012,13:49:52,18.6400,246,1
2026-01-13,601012,13:49:55,18.6300,223,2
2026-01-13,601012,13:49:58,18.6300,130,2
2026-01-13,601012,13:50:01,18.6400,604,4
2026-01-13,601012,13:50:04,18.6500,101,1
2026-01-13,601012,13:50:07,18.6600,2248,1
2026-01-13,601012,13:50:10,18.6600,476,1
2026-01-13,601012,13:50:13,18.6600,268,1
2026-01-13,601012,13:50:16,18.6600,106,1
2026-01-13,601012,13:50:19,18.6500,308,2
2026-01-13,601012,13:50:22,18.6600,118,4
2026-01-13,601012,13:50:25,18.6700,237,1
2026-01-13,601012,13:50:28,18.6700,110,1
2026-01-13,601012,13:50:31,18.6700,298,1
2026-01-13,601012,13:50:34,18.6700,247,1
2026-01-13,601012,13:50:37,18.6800,127,1
2026-01-13,601012,13:50:40,18.6700,149,2
2026-01-13,601012,13:50:43,18.6700,167,2
2026-01-13,601012,13:50:46,18.6800,1556,1
2026-01-13,601012,13:50:49,18.6900,453,1
2026-01-13,601012,13:50:52,18.6800,249,2
2026-01-13,601012,13:50:55,18.6800,232,1
2026-01-13,601012,13:50:58,18.6800,186,1
2026-01-13,601012,13:51:01,18.6800,483,1
2026-01-13,601012,13:51:04,18.6800,295,1
2026-01-13,601012,13:51:07,18.6800,219,2
2026-01-13,601012,13:51:10,18.6900,292,1
2026-01-13,601012,13:51:13,18.6900,77,1
2026-01-13,601012,13:51:16,18.6900,550,1
2026-01-13,601012,13:51:19,18.6900,363,1
2026-01-13,601012,13:51:22,18.7000,443,1
2026-01-13,601012,13:51:25,18.6900,205,2
2026-01-13,601012,13:51:28,18.6900,118,2
2026-01-13,601012,13:51:31,18.6900,504,2
2026-01-13,601012,13:51:34,18.6900,249,1
2026-01-13,601012,13:51:37,18.6900,410,1
2026-01-13,601012,13:51:40,18.6900,242,1
2026-01-13,601012,13:51:43,18.6800,445,2
2026-01-13,601012,13:51:46,18.6700,104,2
2026-01-13,601012,13:51:49,18.6700,215,2
2026-01-13,601012,13:51:52,18.6700,618,2
2026-01-13,601012,13:51:55,18.6700,179,2
2026-01-13,601012,13:51:58,18.6700,212,2
2026-01-13,601012,13:52:01,18.6700,698,2
2026-01-13,601012,13:52:04,18.6800,154,4
2026-01-13,601012,13:52:07,18.6800,442,2
2026-01-13,601012,13:52:10,18.6800,262,2
2026-01-13,601012,13:52:13,18.6800,72,1
2026-01-13,601012,13:52:16,18.6800,186,1
2026-01-13,601012,13:52:19,18.6800,70,2
2026-01-13,601012,13:52:22,18.6800,508,2
2026-01-13,601012,13:52:25,18.6800,2768,1
2026-01-13,601012,13:52:28,18.6800,168,2
2026-01-13,601012,13:52:31,18.6900,669,1
2026-01-13,601012,13:52:34,18.6900,158,2
2026-01-13,601012,13:52:37,18.6900,316,2
2026-01-13,601012,13:52:40,18.6800,270,2
2026-01-13,601012,13:52:43,18.6900,644,1
2026-01-13,601012,13:52:46,18.6900,558,1
2026-01-13,601012,13:52:49,18.6900,198,2
2026-01-13,601012,13:52:52,18.6900,200,1
2026-01-13,601012,13:52:55,18.6800,310,2
2026-01-13,601012,13:52:58,18.6900,180,1
2026-01-13,601012,13:53:01,18.6900,293,2
2026-01-13,601012,13:53:04,18.6900,158,2
2026-01-13,601012,13:53:07,18.6900,196,2
2026-01-13,601012,13:53:10,18.6900,279,2
2026-01-13,601012,13:53:13,18.7000,79,1
2026-01-13,601012,13:53:16,18.7000,132,1
2026-01-13,601012,13:53:19,18.6900,84,2
2026-01-13,601012,13:53:22,18.6900,219,2
2026-01-13,601012,13:53:25,18.6900,183,2
2026-01-13,601012,13:53:28,18.6900,292,2
2026-01-13,601012,13:53:31,18.7000,268,1
2026-01-13,601012,13:53:34,18.7000,223,1
2026-01-13,601012,13:53:37,18.7000,105,1
2026-01-13,601012,13:53:40,18.6900,503,2
2026-01-13,601012,13:53:43,18.6900,205,2
2026-01-13,601012,13:53:46,18.7000,125,1
2026-01-13,601012,13:53:49,18.6900,399,2
2026-01-13,601012,13:53:52,18.6900,443,2
2026-01-13,601012,13:53:55,18.6900,381,2
2026-01-13,601012,13:53:58,18.6900,267,1
2026-01-13,601012,13:54:01,18.6900,589,1
2026-01-13,601012,13:54:04,18.6900,129,1
2026-01-13,601012,13:54:07,18.6900,352,1
2026-01-13,601012,13:54:10,18.6800,224,2
2026-01-13,601012,13:54:13,18.6800,640,2
2026-01-13,601012,13:54:16,18.6900,222,1
2026-01-13,601012,13:54:19,18.6800,121,2
2026-01-13,601012,13:54:22,18.6800,109,2
2026-01-13,601012,13:54:25,18.6700,281,2
2026-01-13,601012,13:54:28,18.6800,238,1
2026-01-13,601012,13:54:31,18.6800,86,2
2026-01-13,601012,13:54:34,18.6800,297,1
2026-01-13,601012,13:54:37,18.6700,288,2
2026-01-13,601012,13:54:40,18.6700,235,2
2026-01-13,601012,13:54:43,18.6800,180,1
2026-01-13,601012,13:54:46,18.6800,74,2
2026-01-13,601012,13:54:49,18.6700,240,2
2026-01-13,601012,13:54:52,18.6800,585,4
2026-01-13,601012,13:54:55,18.6800,46,2
2026-01-13,601012,13:54:58,18.6800,115,2
2026-01-13,601012,13:55:01,18.6900,231,1
2026-01-13,601012,13:55:04,18.6800,748,2
2026-01-13,601012,13:55:07,18.6800,480,2
2026-01-13,601012,13:55:10,18.6800,60,2
2026-01-13,601012,13:55:13,18.6900,58,1
2026-01-13,601012,13:55:16,18.6800,113,2
2026-01-13,601012,13:55:19,18.6800,338,2
2026-01-13,601012,13:55:22,18.6900,275,1
2026-01-13,601012,13:55:25,18.6900,280,1
2026-01-13,601012,13:55:28,18.6900,102,1
2026-01-13,601012,13:55:31,18.6900,232,1
2026-01-13,601012,13:55:34,18.6900,151,1
2026-01-13,601012,13:55:37,18.7000,493,1
2026-01-13,601012,13:55:40,18.6900,195,2
2026-01-13,601012,13:55:43,18.7000,213,1
2026-01-13,601012,13:55:46,18.7000,116,1
2026-01-13,601012,13:55:49,18.7000,276,1
2026-01-13,601012,13:55:52,18.7000,571,1
2026-01-13,601012,13:55:55,18.6900,377,2
2026-01-13,601012,13:55:58,18.7000,160,1
2026-01-13,601012,13:56:01,18.6900,249,2
2026-01-13,601012,13:56:04,18.7000,242,1
2026-01-13,601012,13:56:07,18.6900,143,2
2026-01-13,601012,13:56:10,18.7000,653,1
2026-01-13,601012,13:56:13,18.7000,579,1
2026-01-13,601012,13:56:16,18.7000,217,1
2026-01-13,601012,13:56:19,18.6900,507,2
2026-01-13,601012,13:56:22,18.7000,434,1
2026-01-13,601012,13:56:25,18.6900,325,2
2026-01-13,601012,13:56:28,18.7000,145,1
2026-01-13,601012,13:56:31,18.7000,727,1
2026-01-13,601012,13:56:34,18.7000,416,1
2026-01-13,601012,13:56:37,18.7000,272,1
2026-01-13,601012,13:56:40,18.7000,476,1
2026-01-13,601012,13:56:43,18.7000,161,2
2026-01-13,601012,13:56:46,18.7000,149,1
2026-01-13,601012,13:56:49,18.6900,183,2
2026-01-13,601012,13:56:52,18.7000,198,2
2026-01-13,601012,13:56:55,18.7000,133,2
2026-01-13,601012,13:56:58,18.7000,305,1
2026-01-13,601012,13:57:01,18.6900,358,2
2026-01-13,601012,13:57:04,18.7100,392,1
2026-01-13,601012,13:57:07,18.7000,251,2
2026-01-13,601012,13:57:10,18.7000,279,1
2026-01-13,601012,13:57:13,18.7000,218,1
2026-01-13,601012,13:57:16,18.7000,221,2
2026-01-13,601012,13:57:19,18.6900,356,2
2026-01-13,601012,13:57:22,18.7000,437,1
2026-01-13,601012,13:57:25,18.6900,265,2
2026-01-13,601012,13:57:28,18.6900,212,2
2026-01-13,601012,13:57:31,18.6900,323,2
2026-01-13,601012,13:57:34,18.7000,718,1
2026-01-13,601012,13:57:37,18.7000,117,2
2026-01-13,601012,13:57:40,18.7100,343,1
2026-01-13,601012,13:57:43,18.7100,124,1
2026-01-13,601012,13:57:46,18.7000,248,2
2026-01-13,601012,13:57:49,18.7000,146,2
2026-01-13,601012,13:57:52,18.7100,304,1
2026-01-13,601012,13:57:55,18.7000,87,2
2026-01-13,601012,13:57:58,18.7000,171,2
2026-01-13,601012,13:58:01,18.7000,278,2
2026-01-13,601012,13:58:04,18.7100,160,1
2026-01-13,601012,13:58:07,18.7000,180,2
2026-01-13,601012,13:58:10,18.7000,176,2
2026-01-13,601012,13:58:13,18.7000,67,2
2026-01-13,601012,13:58:16,18.7000,238,2
2026-01-13,601012,13:58:19,18.7000,852,2
2026-01-13,601012,13:58:22,18.7000,362,2
2026-01-13,601012,13:58:25,18.6900,488,2
2026-01-13,601012,13:58:28,18.7000,67,1
2026-01-13,601012,13:58:31,18.6900,325,2
2026-01-13,601012,13:58:34,18.7000,33,1
2026-01-13,601012,13:58:37,18.7000,1252,1
2026-01-13,601012,13:58:40,18.7000,2573,2
2026-01-13,601012,13:58:43,18.7000,925,2
2026-01-13,601012,13:58:46,18.7000,48,2
2026-01-13,601012,13:58:49,18.7000,938,2
2026-01-13,601012,13:58:52,18.7100,406,4
2026-01-13,601012,13:58:55,18.7300,2122,1
2026-01-13,601012,13:58:58,18.7300,1550,1
2026-01-13,601012,13:59:01,18.7300,798,1
2026-01-13,601012,13:59:04,18.7400,292,1
2026-01-13,601012,13:59:07,18.7400,490,1
2026-01-13,601012,13:59:10,18.7300,1704,2
2026-01-13,601012,13:59:13,18.7200,3902,2
2026-01-13,601012,13:59:16,18.7000,274,2
2026-01-13,601012,13:59:19,18.7000,1431,2
2026-01-13,601012,13:59:22,18.7100,632,1
2026-01-13,601012,13:59:25,18.7100,147,1
2026-01-13,601012,13:59:28,18.7000,157,2
2026-01-13,601012,13:59:31,18.7000,763,2
2026-01-13,601012,13:59:34,18.6900,93,2
2026-01-13,601012,13:59:37,18.6900,382,2
2026-01-13,601012,13:59:40,18.7000,458,1
2026-01-13,601012,13:59:43,18.7000,287,1
2026-01-13,601012,13:59:46,18.7000,297,1
2026-01-13,601012,13:59:49,18.7000,94,1
2026-01-13,601012,13:59:52,18.7000,543,1
2026-01-13,601012,13:59:55,18.7000,125,1
2026-01-13,601012,13:59:58,18.7000,163,1
2026-01-13,601012,14:00:01,18.6900,342,2
2026-01-13,601012,14:00:04,18.7000,142,1
2026-01-13,601012,14:00:07,18.7000,224,1
2026-01-13,601012,14:00:10,18.6900,297,2
2026-01-13,601012,14:00:13,18.6900,86,2
2026-01-13,601012,14:00:16,18.6900,879,2
2026-01-13,601012,14:00:19,18.6800,1585,2
2026-01-13,601012,14:00:22,18.6700,287,2
2026-01-13,601012,14:00:25,18.6700,261,2
2026-01-13,601012,14:00:28,18.6700,220,2
2026-01-13,601012,14:00:31,18.6700,421,2
2026-01-13,601012,14:00:34,18.6700,335,1
2026-01-13,601012,14:00:37,18.6700,273,1
2026-01-13,601012,14:00:40,18.6800,346,1
2026-01-13,601012,14:00:43,18.6700,28,4
2026-01-13,601012,14:00:46,18.6700,292,2
2026-01-13,601012,14:00:49,18.6600,119,2
2026-01-13,601012,14:00:52,18.6600,171,2
2026-01-13,601012,14:00:55,18.6600,106,2
2026-01-13,601012,14:00:58,18.6800,336,1
2026-01-13,601012,14:01:01,18.6800,3083,1
2026-01-13,601012,14:01:04,18.6800,388,2
2026-01-13,601012,14:01:07,18.6800,75,1
2026-01-13,601012,14:01:10,18.6700,930,2
2026-01-13,601012,14:01:13,18.6800,206,1
2026-01-13,601012,14:01:16,18.6800,71,1
2026-01-13,601012,14:01:19,18.6800,378,1
2026-01-13,601012,14:01:22,18.6900,136,1
2026-01-13,601012,14:01:25,18.6800,29,2
2026-01-13,601012,14:01:28,18.6800,251,2
2026-01-13,601012,14:01:31,18.6800,212,1
2026-01-13,601012,14:01:34,18.6700,36,2
2026-01-13,601012,14:01:37,18.6800,18,1
2026-01-13,601012,14:01:40,18.6700,176,2
2026-01-13,601012,14:01:43,18.6700,272,2
2026-01-13,601012,14:01:46,18.6700,43,1
2026-01-13,601012,14:01:49,18.6700,47,2
2026-01-13,601012,14:01:52,18.6700,22,1
2026-01-13,601012,14:01:55,18.6700,173,1
2026-01-13,601012,14:01:58,18.6800,702,1
2026-01-13,601012,14:02:01,18.6600,180,2
2026-01-13,601012,14:02:04,18.6600,95,1
2026-01-13,601012,14:02:07,18.6500,32,2
2026-01-13,601012,14:02:10,18.6500,139,2
2026-01-13,601012,14:02:13,18.6600,94,4
2026-01-13,601012,14:02:16,18.6700,464,1
2026-01-13,601012,14:02:19,18.6600,382,2
2026-01-13,601012,14:02:22,18.6700,324,1
2026-01-13,601012,14:02:25,18.6700,201,1
2026-01-13,601012,14:02:28,18.6700,88,1
2026-01-13,601012,14:02:31,18.6600,209,2
2026-01-13,601012,14:02:34,18.6700,76,1
2026-01-13,601012,14:02:37,18.6600,122,2
2026-01-13,601012,14:02:40,18.6600,690,2
2026-01-13,601012,14:02:43,18.6600,110,1
2026-01-13,601012,14:02:46,18.6600,106,1
2026-01-13,601012,14:02:49,18.6500,21,2
2026-01-13,601012,14:02:52,18.6500,273,2
2026-01-13,601012,14:02:55,18.6500,167,2
2026-01-13,601012,14:02:58,18.6500,65,2
2026-01-13,601012,14:03:01,18.6500,157,2
2026-01-13,601012,14:03:04,18.6600,27,1
2026-01-13,601012,14:03:07,18.6500,149,2
2026-01-13,601012,14:03:10,18.6400,1456,2
2026-01-13,601012,14:03:13,18.6300,971,2
2026-01-13,601012,14:03:16,18.6300,146,2
2026-01-13,601012,14:03:19,18.6300,492,2
2026-01-13,601012,14:03:22,18.6300,397,2
2026-01-13,601012,14:03:25,18.6100,173,2
2026-01-13,601012,14:03:28,18.6200,164,4
2026-01-13,601012,14:03:31,18.6300,291,1
2026-01-13,601012,14:03:34,18.6200,373,2
2026-01-13,601012,14:03:37,18.6300,364,1
2026-01-13,601012,14:03:40,18.6300,66,2
2026-01-13,601012,14:03:43,18.6300,17,1
2026-01-13,601012,14:03:46,18.6200,61,2
2026-01-13,601012,14:03:49,18.6300,39,1
2026-01-13,601012,14:03:52,18.6200,150,2
2026-01-13,601012,14:03:55,18.6200,39,2
2026-01-13,601012,14:03:58,18.6200,156,2
2026-01-13,601012,14:04:01,18.6200,1124,1
2026-01-13,601012,14:04:04,18.6200,47,1
2026-01-13,601012,14:04:07,18.6100,61,2
2026-01-13,601012,14:04:10,18.6100,554,2
2026-01-13,601012,14:04:13,18.6100,110,2
2026-01-13,601012,14:04:16,18.6300,168,1
2026-01-13,601012,14:04:19,18.6200,79,2
2026-01-13,601012,14:04:22,18.6200,146,1
2026-01-13,601012,14:04:25,18.6200,61,1
2026-01-13,601012,14:04:28,18.6100,52,2
2026-01-13,601012,14:04:31,18.6200,188,1
2026-01-13,601012,14:04:34,18.6200,171,2
2026-01-13,601012,14:04:37,18.6200,135,1
2026-01-13,601012,14:04:40,18.6200,228,1
2026-01-13,601012,14:04:43,18.6200,36,2
2026-01-13,601012,14:04:46,18.6200,67,1
2026-01-13,601012,14:04:49,18.6300,60,1
2026-01-13,601012,14:04:52,18.6200,267,2
2026-01-13,601012,14:04:55,18.6200,27,1
2026-01-13,601012,14:04:58,18.6300,76,1
2026-01-13,601012,14:05:01,18.6200,125,2
2026-01-13,601012,14:05:04,18.6300,121,1
2026-01-13,601012,14:05:07,18.6200,19,2
2026-01-13,601012,14:05:10,18.6200,183,2
2026-01-13,601012,14:05:13,18.6300,49,1
2026-01-13,601012,14:05:16,18.6300,87,1
2026-01-13,601012,14:05:19,18.6200,85,2
2026-01-13,601012,14:05:22,18.6200,125,2
2026-01-13,601012,14:05:25,18.6200,343,2
2026-01-13,601012,14:05:28,18.6200,311,1
2026-01-13,601012,14:05:31,18.6100,149,2
2026-01-13,601012,14:05:34,18.6200,214,1
2026-01-13,601012,14:05:37,18.6100,184,2
2026-01-13,601012,14:05:40,18.6100,180,2
2026-01-13,601012,14:05:43,18.6200,193,1
2026-01-13,601012,14:05:46,18.6100,370,2
2026-01-13,601012,14:05:49,18.6100,151,2
2026-01-13,601012,14:05:52,18.6200,226,1
2026-01-13,601012,14:05:55,18.6100,469,2
2026-01-13,601012,14:05:58,18.6100,267,2
2026-01-13,601012,14:06:01,18.6000,260,2
2026-01-13,601012,14:06:04,18.6100,150,1
2026-01-13,601012,14:06:07,18.6100,148,1
2026-01-13,601012,14:06:10,18.6000,230,2
2026-01-13,601012,14:06:13,18.6100,226,1
2026-01-13,601012,14:06:16,18.6100,94,1
2026-01-13,601012,14:06:19,18.6000,83,2
2026-01-13,601012,14:06:22,18.6000,118,2
2026-01-13,601012,14:06:25,18.6000,114,2
2026-01-13,601012,14:06:28,18.6100,69,1
2026-01-13,601012,14:06:31,18.6100,92,2
2026-01-13,601012,14:06:34,18.6100,35,1
2026-01-13,601012,14:06:37,18.6000,138,2
2026-01-13,601012,14:06:40,18.6100,336,1
2026-01-13,601012,14:06:43,18.6000,51,2
2026-01-13,601012,14:06:46,18.6100,38,1
2026-01-13,601012,14:06:49,18.6000,146,2
2026-01-13,601012,14:06:52,18.6100,23,4
2026-01-13,601012,14:06:55,18.6100,121,1
2026-01-13,601012,14:06:58,18.6000,82,2
2026-01-13,601012,14:07:01,18.6000,230,2
2026-01-13,601012,14:07:04,18.6000,3712,2
2026-01-13,601012,10:57:10,18.6000,448,2
2026-01-13,601012,10:57:13,18.6200,625,1
2026-01-13,601012,10:57:16,18.6200,224,1
2026-01-13,601012,10:57:19,18.6000,366,2
2026-01-13,601012,10:57:22,18.6100,280,4
2026-01-13,601012,10:57:25,18.6100,262,1
2026-01-13,601012,10:57:28,18.6100,376,1
2026-01-13,601012,10:57:31,18.6100,468,1
2026-01-13,601012,10:57:34,18.6100,508,2
2026-01-13,601012,10:57:37,18.6200,109,1
2026-01-13,601012,10:57:40,18.6200,30,1
2026-01-13,601012,10:57:43,18.6100,83,2
2026-01-13,601012,10:57:46,18.6200,128,1
2026-01-13,601012,10:57:49,18.6200,619,1
2026-01-13,601012,10:57:52,18.6200,127,1
2026-01-13,601012,10:57:55,18.6200,160,1
2026-01-13,601012,10:57:58,18.6200,311,1
2026-01-13,601012,10:58:01,18.6200,320,1
2026-01-13,601012,10:58:04,18.6200,331,1
2026-01-13,601012,10:58:07,18.6200,371,1
2026-01-13,601012,10:58:10,18.6100,102,1
2026-01-13,601012,10:58:13,18.6200,236,1
2026-01-13,601012,10:58:16,18.6200,188,1
2026-01-13,601012,10:58:19,18.6200,151,1
2026-01-13,601012,10:58:22,18.6200,151,1
2026-01-13,601012,10:58:25,18.6200,61,1
2026-01-13,601012,10:58:28,18.6200,143,1
2026-01-13,601012,10:58:31,18.6100,348,2
2026-01-13,601012,10:58:34,18.6200,164,1
2026-01-13,601012,10:58:37,18.6100,1301,2
2026-01-13,601012,10:58:40,18.6000,936,2
2026-01-13,601012,10:58:43,18.6000,237,1
2026-01-13,601012,10:58:46,18.6000,575,1
2026-01-13,601012,10:58:49,18.6000,388,1
2026-01-13,601012,10:58:52,18.6000,121,1
2026-01-13,601012,10:58:55,18.5900,38,2
2026-01-13,601012,10:58:58,18.5900,218,1
2026-01-13,601012,10:59:01,18.5800,102,2
2026-01-13,601012,10:59:04,18.5800,198,2
2026-01-13,601012,10:59:07,18.5900,188,1
2026-01-13,601012,10:59:10,18.5800,110,2
2026-01-13,601012,10:59:13,18.5900,134,1
2026-01-13,601012,10:59:16,18.5800,104,2
2026-01-13,601012,10:59:19,18.5900,298,1
2026-01-13,601012,10:59:22,18.5900,276,1
2026-01-13,601012,10:59:25,18.5900,114,4
2026-01-13,601012,10:59:28,18.5800,183,2
2026-01-13,601012,10:59:31,18.5800,107,2
2026-01-13,601012,10:59:34,18.6000,115,1
2026-01-13,601012,10:59:37,18.5900,188,2
2026-01-13,601012,10:59:40,18.5900,215,2
2026-01-13,601012,10:59:43,18.6000,273,1
2026-01-13,601012,10:59:46,18.6000,117,2
2026-01-13,601012,10:59:49,18.6000,13,2
2026-01-13,601012,10:59:52,18.6000,47,2
2026-01-13,601012,10:59:55,18.6100,698,1
2026-01-13,601012,10:59:58,18.6100,217,1
2026-01-13,601012,11:00:01,18.6000,156,2
2026-01-13,601012,11:00:04,18.6100,618,1
2026-01-13,601012,11:00:07,18.6000,194,2
2026-01-13,601012,11:00:10,18.6000,166,2
2026-01-13,601012,11:00:13,18.6200,1328,1
2026-01-13,601012,11:00:16,18.6400,1108,1
2026-01-13,601012,11:00:19,18.6700,2856,1
2026-01-13,601012,11:00:22,18.6800,1412,1
2026-01-13,601012,11:00:25,18.6800,631,2
2026-01-13,601012,11:00:28,18.6800,1089,2
2026-01-13,601012,11:00:31,18.6800,744,1
2026-01-13,601012,11:00:34,18.6700,1245,2
2026-01-13,601012,11:00:37,18.6600,756,2
2026-01-13,601012,11:00:40,18.6600,225,1
2026-01-13,601012,11:00:43,18.6500,809,4
2026-01-13,601012,11:00:46,18.6500,418,2
2026-01-13,601012,11:00:49,18.6600,206,1
2026-01-13,601012,11:00:52,18.6600,170,2
2026-01-13,601012,11:00:55,18.6600,155,1
2026-01-13,601012,11:00:58,18.6600,464,1
2026-01-13,601012,11:01:01,18.6700,125,1
2026-01-13,601012,11:01:04,18.6600,61,2
2026-01-13,601012,11:01:07,18.6600,206,2
2026-01-13,601012,11:01:10,18.6700,422,1
2026-01-13,601012,11:01:13,18.6600,455,2
2026-01-13,601012,11:01:16,18.6600,390,2
2026-01-13,601012,11:01:19,18.6600,190,2
2026-01-13,601012,11:01:22,18.6600,162,2
2026-01-13,601012,11:01:25,18.6600,281,2
2026-01-13,601012,11:01:28,18.6700,688,1
2026-01-13,601012,11:01:31,18.6700,393,1
2026-01-13,601012,11:01:34,18.6700,259,2
2026-01-13,601012,11:01:37,18.6500,317,2
2026-01-13,601012,11:01:40,18.6600,113,1
2026-01-13,601012,11:01:43,18.6600,122,1
2026-01-13,601012,11:01:46,18.6600,166,2
2026-01-13,601012,11:01:49,18.6600,138,1
2026-01-13,601012,11:01:52,18.6500,177,2
2026-01-13,601012,11:01:55,18.6500,99,2
2026-01-13,601012,11:01:58,18.6600,1253,1
2026-01-13,601012,11:02:01,18.6500,297,2
2026-01-13,601012,11:02:04,18.6500,82,2
2026-01-13,601012,11:02:07,18.6600,360,1
2026-01-13,601012,11:02:10,18.6600,602,1
2026-01-13,601012,11:02:13,18.6600,282,2
2026-01-13,601012,11:02:16,18.6600,315,2
2026-01-13,601012,11:02:19,18.6700,398,2
2026-01-13,601012,11:02:22,18.6800,76,1
2026-01-13,601012,11:02:25,18.6700,115,2
2026-01-13,601012,11:02:28,18.6800,426,1
2026-01-13,601012,11:02:31,18.6700,164,2
2026-01-13,601012,11:02:34,18.6800,49,1
2026-01-13,601012,11:02:37,18.6700,323,2
2026-01-13,601012,11:02:40,18.6800,303,1
2026-01-13,601012,11:02:43,18.6800,69,2
2026-01-13,601012,11:02:46,18.6800,538,2
2026-01-13,601012,11:02:49,18.6800,177,2
2026-01-13,601012,11:02:52,18.6800,390,1
2026-01-13,601012,11:02:55,18.6800,107,1
2026-01-13,601012,11:02:58,18.6800,802,1
2026-01-13,601012,11:03:01,18.6800,170,2
2026-01-13,601012,11:03:04,18.6800,62,2
2026-01-13,601012,11:03:07,18.6800,177,2
2026-01-13,601012,11:03:10,18.6900,1477,1
2026-01-13,601012,11:03:13,18.7000,1771,1
2026-01-13,601012,11:03:16,18.7000,60,2
2026-01-13,601012,11:03:19,18.7100,202,1
2026-01-13,601012,11:03:22,18.7000,892,1
2026-01-13,601012,11:03:25,18.7000,148,1
2026-01-13,601012,11:03:28,18.7000,524,1
2026-01-13,601012,11:03:31,18.7000,736,2
2026-01-13,601012,11:03:34,18.7000,379,1
2026-01-13,601012,11:03:37,18.6900,476,2
2026-01-13,601012,11:03:40,18.7000,241,1
2026-01-13,601012,11:03:43,18.6900,580,2
2026-01-13,601012,11:03:46,18.7000,443,4
2026-01-13,601012,11:03:49,18.7000,164,2
2026-01-13,601012,11:03:52,18.7100,38,1
2026-01-13,601012,11:03:55,18.7100,305,1
2026-01-13,601012,11:03:58,18.7100,355,2
2026-01-13,601012,11:04:01,18.7100,271,2
2026-01-13,601012,11:04:04,18.7100,258,2
2026-01-13,601012,11:04:07,18.7100,793,2
2026-01-13,601012,11:04:10,18.7100,142,1
2026-01-13,601012,11:04:13,18.7100,659,1
2026-01-13,601012,11:04:16,18.7000,408,2
2026-01-13,601012,11:04:19,18.7000,303,2
2026-01-13,601012,11:04:22,18.7100,320,1
2026-01-13,601012,11:04:25,18.7000,218,2
2026-01-13,601012,11:04:28,18.7000,144,2
2026-01-13,601012,11:04:31,18.7000,383,1
2026-01-13,601012,11:04:34,18.7000,194,1
2026-01-13,601012,11:04:37,18.7000,406,1
2026-01-13,601012,11:04:40,18.7000,88,2
2026-01-13,601012,11:04:43,18.7000,218,2
2026-01-13,601012,11:04:46,18.7000,307,2
2026-01-13,601012,11:04:49,18.7100,1526,1
2026-01-13,601012,11:04:52,18.7000,464,2
2026-01-13,601012,11:04:55,18.7100,324,4
2026-01-13,601012,11:04:58,18.7000,1455,2
2026-01-13,601012,11:05:01,18.7000,191,1
2026-01-13,601012,11:05:04,18.7000,523,1
2026-01-13,601012,11:05:07,18.7200,757,1
2026-01-13,601012,11:05:10,18.7300,2127,1
2026-01-13,601012,11:05:13,18.7400,136,1
2026-01-13,601012,11:05:16,18.7300,187,2
2026-01-13,601012,11:05:19,18.7300,497,1
2026-01-13,601012,11:05:22,18.7300,426,1
2026-01-13,601012,11:05:25,18.7300,233,1
2026-01-13,601012,11:05:28,18.7300,349,2
2026-01-13,601012,11:05:31,18.7300,132,2
2026-01-13,601012,11:05:34,18.7200,1308,2
2026-01-13,601012,11:05:37,18.7300,492,1
2026-01-13,601012,11:05:40,18.7200,443,2
2026-01-13,601012,11:05:43,18.7200,1118,2
2026-01-13,601012,11:05:46,18.7200,553,2
2026-01-13,601012,11:05:49,18.7300,264,1
2026-01-13,601012,11:05:52,18.7200,258,2
2026-01-13,601012,11:05:55,18.7300,103,1
2026-01-13,601012,11:05:58,18.7300,271,1
2026-01-13,601012,11:06:01,18.7200,454,2
2026-01-13,601012,11:06:04,18.7300,79,1
2026-01-13,601012,11:06:07,18.7200,667,2
2026-01-13,601012,11:06:10,18.7300,402,1
2026-01-13,601012,11:06:13,18.7200,68,2
2026-01-13,601012,11:06:16,18.7200,463,2
2026-01-13,601012,11:06:19,18.7300,394,1
2026-01-13,601012,11:06:22,18.7300,310,1
2026-01-13,601012,11:06:25,18.7300,171,1
2026-01-13,601012,11:06:28,18.7200,1402,2
2026-01-13,601012,11:06:31,18.7200,153,2
2026-01-13,601012,11:06:34,18.7200,281,2
2026-01-13,601012,11:06:37,18.7200,420,2
2026-01-13,601012,11:06:40,18.7200,67,1
2026-01-13,601012,11:06:43,18.7200,70,1
2026-01-13,601012,11:06:46,18.7200,228,1
2026-01-13,601012,11:06:49,18.7100,392,2
2026-01-13,601012,11:06:52,18.7000,77,2
2026-01-13,601012,11:06:55,18.6900,620,2
2026-01-13,601012,11:06:58,18.7000,253,1
2026-01-13,601012,11:07:01,18.6900,690,2
2026-01-13,601012,11:07:04,18.6900,381,2
2026-01-13,601012,11:07:07,18.7000,2760,1
2026-01-13,601012,11:07:10,18.6900,348,2
2026-01-13,601012,11:07:13,18.7000,2101,1
2026-01-13,601012,11:07:16,18.7000,4031,2
2026-01-13,601012,11:07:19,18.7000,378,2
2026-01-13,601012,11:07:22,18.7100,553,2
2026-01-13,601012,11:07:25,18.7000,287,2
2026-01-13,601012,11:07:28,18.7100,1156,1
2026-01-13,601012,11:07:31,18.7100,209,1
2026-01-13,601012,11:07:34,18.7000,88,2
2026-01-13,601012,11:07:37,18.7100,312,1
2026-01-13,601012,11:07:40,18.7000,36,2
2026-01-13,601012,11:07:43,18.7000,296,2
2026-01-13,601012,11:07:46,18.7000,201,2
2026-01-13,601012,11:07:49,18.7000,203,2
2026-01-13,601012,11:07:52,18.7000,433,2
2026-01-13,601012,11:07:55,18.7000,97,2
2026-01-13,601012,11:07:58,18.7000,236,1
2026-01-13,601012,11:08:01,18.7000,195,1
2026-01-13,601012,11:08:04,18.7000,199,2
2026-01-13,601012,11:08:07,18.7000,258,2
2026-01-13,601012,11:08:10,18.7100,66,1
2026-01-13,601012,11:08:13,18.7000,236,2
2026-01-13,601012,11:08:16,18.7100,114,1
2026-01-13,601012,11:08:19,18.7000,63,2
2026-01-13,601012,11:08:22,18.7000,37,2
2026-01-13,601012,11:08:25,18.7100,306,1
2026-01-13,601012,11:08:28,18.7000,124,2
2026-01-13,601012,11:08:31,18.7100,51,1
2026-01-13,601012,11:08:34,18.7100,89,1
2026-01-13,601012,11:08:37,18.7100,92,1
2026-01-13,601012,11:08:40,18.7000,378,2
2026-01-13,601012,11:08:43,18.7100,46,1
2026-01-13,601012,11:08:46,18.7100,167,1
2026-01-13,601012,11:08:49,18.7000,107,2
2026-01-13,601012,11:08:52,18.7100,72,1
2026-01-13,601012,11:08:55,18.7000,224,2
2026-01-13,601012,11:08:58,18.7000,231,2
2026-01-13,601012,11:09:01,18.7000,110,1
2026-01-13,601012,11:09:04,18.7000,28,2
2026-01-13,601012,11:09:07,18.7000,130,2
2026-01-13,601012,11:09:10,18.7000,372,2
2026-01-13,601012,11:09:13,18.7100,48,1
2026-01-13,601012,11:09:16,18.7100,178,1
2026-01-13,601012,11:09:19,18.7000,173,2
2026-01-13,601012,11:09:22,18.7000,155,2
2026-01-13,601012,11:09:25,18.6800,379,2
2026-01-13,601012,11:09:28,18.7000,455,1
2026-01-13,601012,11:09:31,18.7000,181,1
2026-01-13,601012,11:09:34,18.7000,65,1
2026-01-13,601012,11:09:37,18.6900,158,2
2026-01-13,601012,11:09:40,18.6800,26,2
2026-01-13,601012,11:09:43,18.6800,150,2
2026-01-13,601012,11:09:46,18.6800,136,2
2026-01-13,601012,11:09:49,18.6800,54,2
2026-01-13,601012,11:09:52,18.6700,144,2
2026-01-13,601012,11:09:55,18.6700,193,2
2026-01-13,601012,11:09:58,18.6800,282,1
2026-01-13,601012,11:10:01,18.6800,535,1
2026-01-13,601012,11:10:04,18.6800,154,2
2026-01-13,601012,11:10:07,18.6800,322,1
2026-01-13,601012,11:10:10,18.6800,77,2
2026-01-13,601012,11:10:13,18.6800,89,1
2026-01-13,601012,11:10:16,18.6900,831,1
2026-01-13,601012,11:10:19,18.6900,340,1
2026-01-13,601012,11:10:22,18.6800,68,2
2026-01-13,601012,11:10:25,18.6800,296,2
2026-01-13,601012,11:10:28,18.6800,416,2
2026-01-13,601012,11:10:31,18.6800,118,2
2026-01-13,601012,11:10:34,18.6800,705,2
2026-01-13,601012,11:10:37,18.6900,339,1
2026-01-13,601012,11:10:40,18.6900,57,2
2026-01-13,601012,11:10:43,18.6800,187,2
2026-01-13,601012,11:10:46,18.6800,137,2
2026-01-13,601012,11:10:49,18.6900,94,1
2026-01-13,601012,11:10:52,18.6900,344,1
2026-01-13,601012,11:10:55,18.6900,117,2
2026-01-13,601012,11:10:58,18.6900,163,2
2026-01-13,601012,11:11:01,18.6900,190,2
2026-01-13,601012,11:11:04,18.7000,993,1
2026-01-13,601012,11:11:07,18.7200,1150,1
2026-01-13,601012,11:11:10,18.7400,1322,1
2026-01-13,601012,11:11:13,18.7300,161,2
2026-01-13,601012,11:11:16,18.7300,362,2
2026-01-13,601012,11:11:19,18.7400,555,1
2026-01-13,601012,11:11:22,18.7300,160,2
2026-01-13,601012,11:11:25,18.7400,154,1
2026-01-13,601012,11:11:28,18.7300,158,2
2026-01-13,601012,11:11:31,18.7400,260,1
2026-01-13,601012,11:11:34,18.7400,509,1
2026-01-13,601012,11:11:37,18.7400,1023,1
2026-01-13,601012,11:11:40,18.7400,838,2
2026-01-13,601012,11:11:43,18.7400,244,2
2026-01-13,601012,11:11:46,18.7300,129,2
2026-01-13,601012,11:11:49,18.7300,237,1
2026-01-13,601012,11:11:52,18.7400,190,1
2026-01-13,601012,11:11:55,18.7300,84,4
2026-01-13,601012,11:11:58,18.7200,417,2
2026-01-13,601012,11:12:01,18.7300,109,1
2026-01-13,601012,11:12:04,18.7200,68,2
2026-01-13,601012,11:12:07,18.7200,189,2
2026-01-13,601012,11:12:10,18.7200,31,1
2026-01-13,601012,11:12:13,18.7200,213,2
2026-01-13,601012,11:12:16,18.7200,76,2
2026-01-13,601012,11:12:19,18.7200,148,1
2026-01-13,601012,11:12:22,18.7200,176,1
2026-01-13,601012,11:12:25,18.7200,367,1
2026-01-13,601012,11:12:28,18.7200,58,2
2026-01-13,601012,11:12:31,18.7100,65,2
2026-01-13,601012,11:12:34,18.7200,221,1
2026-01-13,601012,11:12:37,18.7200,69,1
2026-01-13,601012,11:12:40,18.7100,35,2
2026-01-13,601012,11:12:43,18.7200,25,1
2026-01-13,601012,11:12:46,18.7200,87,1
2026-01-13,601012,11:12:49,18.7100,259,2
2026-01-13,601012,11:12:52,18.7100,111,2
2026-01-13,601012,11:12:55,18.7100,170,2
2026-01-13,601012,11:12:58,18.7200,116,1
2026-01-13,601012,11:13:01,18.7200,108,1
2026-01-13,601012,11:13:04,18.7100,197,2
2026-01-13,601012,11:13:07,18.7200,215,1
2026-01-13,601012,11:13:10,18.7000,176,2
2026-01-13,601012,11:13:13,18.7100,907,1
2026-01-13,601012,11:13:16,18.7100,230,1
2026-01-13,601012,11:13:19,18.7100,231,1
2026-01-13,601012,11:13:22,18.7100,533,1
2026-01-13,601012,11:13:25,18.7200,32,1
2026-01-13,601012,11:13:28,18.7200,448,1
2026-01-13,601012,11:13:31,18.7200,422,1
2026-01-13,601012,11:13:34,18.7200,10,1
2026-01-13,601012,11:13:37,18.7200,211,1
2026-01-13,601012,11:13:40,18.7300,176,1
2026-01-13,601012,11:13:43,18.7300,446,1
2026-01-13,601012,11:13:46,18.7300,315,2
2026-01-13,601012,11:13:49,18.7300,1106,2
2026-01-13,601012,11:13:52,18.7400,363,1
2026-01-13,601012,11:13:55,18.7300,128,2
2026-01-13,601012,11:13:58,18.7300,387,2
2026-01-13,601012,11:14:01,18.7400,156,1
2026-01-13,601012,11:14:04,18.7500,1389,1
2026-01-13,601012,11:14:07,18.7300,436,2
2026-01-13,601012,11:14:10,18.7400,297,1
2026-01-13,601012,11:14:13,18.7400,101,2
2026-01-13,601012,11:14:16,18.7400,181,1
2026-01-13,601012,11:14:19,18.7300,198,2
2026-01-13,601012,11:14:22,18.7400,146,1
2026-01-13,601012,11:14:25,18.7400,56,1
2026-01-13,601012,11:14:28,18.7300,562,2
2026-01-13,601012,11:14:31,18.7300,324,1
2026-01-13,601012,11:14:34,18.7300,138,1
2026-01-13,601012,11:14:37,18.7200,147,2
2026-01-13,601012,11:14:40,18.7100,95,2
2026-01-13,601012,11:14:43,18.7200,115,1
2026-01-13,601012,11:14:46,18.7200,114,1
2026-01-13,601012,11:14:49,18.7200,148,1
2026-01-13,601012,11:14:52,18.7200,18,2
2026-01-13,601012,11:14:55,18.7300,239,1
2026-01-13,601012,11:14:58,18.7200,402,2
2026-01-13,601012,11:15:01,18.7300,128,1
2026-01-13,601012,11:15:04,18.7300,137,1
2026-01-13,601012,11:15:07,18.7300,200,1
2026-01-13,601012,11:15:10,18.7300,275,1
2026-01-13,601012,11:15:13,18.7300,69,2
2026-01-13,601012,11:15:16,18.7300,320,2
2026-01-13,601012,11:15:19,18.7400,139,1
2026-01-13,601012,11:15:22,18.7300,830,2
2026-01-13,601012,11:15:25,18.7300,254,1
2026-01-13,601012,11:15:28,18.7200,157,2
2026-01-13,601012,11:15:31,18.7100,201,2
2026-01-13,601012,11:15:34,18.7200,107,4
2026-01-13,601012,11:15:37,18.7100,251,2
2026-01-13,601012,11:15:40,18.7100,149,2
2026-01-13,601012,11:15:43,18.7100,69,2
2026-01-13,601012,11:15:46,18.7100,106,2
2026-01-13,601012,11:15:49,18.7200,718,1
2026-01-13,601012,11:15:52,18.7200,260,2
2026-01-13,601012,11:15:55,18.7200,146,2
2026-01-13,601012,11:15:58,18.7300,371,1
2026-01-13,601012,11:16:01,18.7200,103,2
2026-01-13,601012,11:16:04,18.7300,162,1
2026-01-13,601012,11:16:07,18.7300,117,2
2026-01-13,601012,11:16:10,18.7300,146,2
2026-01-13,601012,11:16:13,18.7400,33,1
2026-01-13,601012,11:16:16,18.7300,98,2
2026-01-13,601012,11:16:19,18.7300,116,2
2026-01-13,601012,11:16:22,18.7500,932,1
2026-01-13,601012,11:16:25,18.7400,143,2
2026-01-13,601012,11:16:28,18.7500,410,1
2026-01-13,601012,11:16:31,18.7500,89,1
2026-01-13,601012,11:16:34,18.7500,82,1
2026-01-13,601012,11:16:37,18.7400,612,2
2026-01-13,601012,11:16:40,18.7400,265,1
2026-01-13,601012,11:16:43,18.7400,171,1
2026-01-13,601012,11:16:46,18.7300,232,2
2026-01-13,601012,11:16:49,18.7400,213,2
2026-01-13,601012,11:16:52,18.7400,133,2
2026-01-13,601012,11:16:55,18.7500,203,1
2026-01-13,601012,11:16:58,18.7300,202,2
2026-01-13,601012,11:17:01,18.7400,56,1
2026-01-13,601012,11:17:04,18.7400,683,1
2026-01-13,601012,11:17:07,18.7300,396,2
2026-01-13,601012,11:17:10,18.7400,101,1
2026-01-13,601012,11:17:13,18.7400,119,1
2026-01-13,601012,11:17:16,18.7300,434,2
2026-01-13,601012,11:17:19,18.7400,135,1
2026-01-13,601012,11:17:22,18.7400,61,1
2026-01-13,601012,11:17:25,18.7300,151,2
2026-01-13,601012,11:17:28,18.7400,207,1
2026-01-13,601012,11:17:31,18.7300,50,2
2026-01-13,601012,11:17:34,18.7400,164,1
2026-01-13,601012,11:17:37,18.7300,89,2
2026-01-13,601012,11:17:40,18.7300,161,2
2026-01-13,601012,11:17:43,18.7300,19,2
2026-01-13,601012,11:17:46,18.7300,200,2
2026-01-13,601012,11:17:49,18.7300,234,2
2026-01-13,601012,11:17:52,18.7300,120,2
2026-01-13,601012,11:17:55,18.7300,107,2
2026-01-13,601012,11:17:58,18.7300,261,2
2026-01-13,601012,11:18:01,18.7300,496,2
2026-01-13,601012,11:18:04,18.7300,138,1
2026-01-13,601012,11:18:07,18.7200,198,2
2026-01-13,601012,11:18:10,18.7200,150,2
2026-01-13,601012,11:18:13,18.7200,15,2
2026-01-13,601012,11:18:16,18.7200,132,2
2026-01-13,601012,11:18:19,18.7200,107,2
2026-01-13,601012,11:18:22,18.7300,156,1
2026-01-13,601012,11:18:25,18.7200,190,2
2026-01-13,601012,11:18:28,18.7200,210,1
2026-01-13,601012,11:18:31,18.7100,234,2
2026-01-13,601012,11:18:34,18.7200,167,1
2026-01-13,601012,11:18:37,18.7200,141,1
2026-01-13,601012,11:18:40,18.7100,75,2
2026-01-13,601012,11:18:43,18.7200,140,1
2026-01-13,601012,11:18:46,18.7100,70,2
2026-01-13,601012,11:18:49,18.7100,313,2
2026-01-13,601012,11:18:52,18.7100,116,2
2026-01-13,601012,11:18:55,18.7100,145,2
2026-01-13,601012,11:18:58,18.7100,210,2
2026-01-13,601012,11:19:01,18.7200,152,1
2026-01-13,601012,11:19:04,18.7100,38,2
2026-01-13,601012,11:19:07,18.7100,315,2
2026-01-13,601012,11:19:10,18.7000,190,2
2026-01-13,601012,11:19:13,18.7100,285,1
2026-01-13,601012,11:19:16,18.7100,506,2
2026-01-13,601012,11:19:19,18.7100,178,1
2026-01-13,601012,11:19:22,18.7200,309,1
2026-01-13,601012,11:19:25,18.7200,790,1
