date,code,time,price,volume,bs
2026-04-24,000858,14:05:06,101.2800,4,1
2026-04-24,000858,14:05:09,101.2700,2,2
2026-04-24,000858,14:05:12,101.2800,20,1
2026-04-24,000858,14:05:15,101.2800,7,2
2026-04-24,000858,14:05:18,101.3000,18,1
2026-04-24,000858,14:05:21,101.3000,3,1
2026-04-24,000858,14:05:24,101.3000,2,1
2026-04-24,000858,14:05:27,101.3000,19,1
2026-04-24,000858,14:05:30,101.2800,21,2
2026-04-24,000858,14:05:33,101.3000,3,1
2026-04-24,000858,14:05:36,101.3000,3,1
2026-04-24,000858,14:05:39,101.3000,11,1
2026-04-24,000858,14:05:42,101.2900,11,2
2026-04-24,000858,14:05:45,101.3000,6,2
2026-04-24,000858,14:05:48,101.3000,19,2
2026-04-24,000858,14:05:51,101.2800,5,2
2026-04-24,000858,14:05:54,101.2900,1,1
2026-04-24,000858,14:05:57,101.2800,4,2
2026-04-24,000858,14:06:00,101.2800,1,2
2026-04-24,000858,14:06:03,101.2800,20,2
2026-04-24,000858,14:06:06,101.2700,20,2
2026-04-24,000858,14:06:09,101.2700,25,2
2026-04-24,000858,14:06:12,101.2400,7,2
2026-04-24,000858,14:06:15,101.2400,32,2
2026-04-24,000858,14:06:18,101.2400,36,2
2026-04-24,000858,14:06:21,101.2400,11,2
2026-04-24,000858,14:06:24,101.2400,28,1
2026-04-24,000858,14:06:27,101.2300,4,4
2026-04-24,000858,14:06:30,101.2200,4,2
2026-04-24,000858,14:06:33,101.2200,2,2
2026-04-24,000858,14:06:36,101.2300,14,1
2026-04-24,000858,14:06:39,101.2200,12,2
2026-04-24,000858,14:06:42,101.2200,25,2
2026-04-24,000858,14:06:45,101.2200,1,2
2026-04-24,000858,14:06:48,101.2200,10,2
2026-04-24,000858,14:06:51,101.2200,33,2
2026-04-24,000858,14:06:54,101.2300,5,4
2026-04-24,000858,14:06:57,101.2300,23,2
2026-04-24,000858,14:07:00,101.2100,9,2
2026-04-24,000858,14:07:03,101.2300,1,1
2026-04-24,000858,14:07:06,101.2100,5,2
2026-04-24,000858,14:07:09,101.2200,2,4
2026-04-24,000858,14:07:12,101.2300,8,1
2026-04-24,000858,14:07:15,101.2300,4,1
2026-04-24,000858,14:07:18,101.2300,2,4
2026-04-24,000858,14:07:21,101.2300,12,1
2026-04-24,000858,14:07:24,101.2200,15,2
2026-04-24,000858,14:07:27,101.2400,16,1
2026-04-24,000858,14:07:30,101.2200,2,2
2026-04-24,000858,14:07:33,101.2400,5,1
2026-04-24,000858,14:07:36,101.2300,2,2
2026-04-24,000858,14:07:39,101.2400,1,1
2026-04-24,000858,14:07:42,101.2400,9,1
2026-04-24,000858,14:07:45,101.2400,11,1
2026-04-24,000858,14:07:48,101.2200,3,2
2026-04-24,000858,14:07:51,101.2300,1,2
2026-04-24,000858,14:07:54,101.2300,1,2
2026-04-24,000858,14:07:57,101.2500,1,1
2026-04-24,000858,14:08:00,101.2500,11,1
2026-04-24,000858,14:08:06,101.2500,12,2
2026-04-24,000858,14:08:09,101.2600,1,1
2026-04-24,000858,14:08:15,101.2500,41,2
2026-04-24,000858,14:08:18,101.2500,14,1
2026-04-24,000858,14:08:21,101.2400,16,1
2026-04-24,000858,14:08:24,101.2300,2,2
2026-04-24,000858,14:08:27,101.2300,1,2
2026-04-24,000858,14:08:30,101.2300,1,2
2026-04-24,000858,14:08:33,101.2300,7,2
2026-04-24,000858,14:08:36,101.2300,8,2
2026-04-24,000858,14:08:39,101.2200,3,2
2026-04-24,000858,14:08:42,101.2200,10,2
2026-04-24,000858,14:08:45,101.2200,8,2
2026-04-24,000858,14:08:48,101.2100,2,2
2026-04-24,000858,14:08:51,101.2100,8,2
2026-04-24,000858,14:08:57,101.2100,16,2
2026-04-24,000858,14:09:00,101.2200,10,1
2026-04-24,000858,14:09:03,101.2100,18,2
2026-04-24,000858,14:09:06,101.2100,24,2
2026-04-24,000858,14:09:09,101.2100,8,1
2026-04-24,000858,14:09:12,101.2000,8,2
2026-04-24,000858,14:09:15,101.2000,1,2
2026-04-24,000858,14:09:18,101.2000,78,2
2026-04-24,000858,14:09:21,101.2000,19,2
2026-04-24,000858,14:09:24,101.2100,5,1
2026-04-24,000858,14:09:27,101.2000,9,2
2026-04-24,000858,14:09:30,101.2000,82,1
2026-04-24,000858,14:09:36,101.1900,11,1
2026-04-24,000858,14:09:39,101.2000,25,1
2026-04-24,000858,14:09:42,101.1900,2,4
2026-04-24,000858,14:09:45,101.1900,4,2
2026-04-24,000858,14:09:48,101.1900,3,2
2026-04-24,000858,14:09:54,101.2000,18,1
2026-04-24,000858,14:09:57,101.2000,1,2
2026-04-24,000858,14:10:06,101.2100,4,1
2026-04-24,000858,14:10:09,101.2100,31,1
2026-04-24,000858,14:10:12,101.2100,2,2
2026-04-24,000858,14:10:15,101.2100,4,2
2026-04-24,000858,14:10:18,101.2200,15,1
2026-04-24,000858,14:10:21,101.2200,2,2
2026-04-24,000858,14:10:24,101.2200,4,2
2026-04-24,000858,14:10:27,101.2300,15,1
2026-04-24,000858,14:10:30,101.2300,1,4
2026-04-24,000858,14:10:33,101.2400,9,1
2026-04-24,000858,14:10:36,101.2400,23,1
2026-04-24,000858,14:10:39,101.2200,25,2
2026-04-24,000858,14:10:42,101.2300,30,1
2026-04-24,000858,14:10:45,101.2500,6,1
2026-04-24,000858,14:10:54,101.2500,8,1
2026-04-24,000858,14:10:57,101.2500,8,1
2026-04-24,000858,14:11:00,101.2500,42,2
2026-04-24,000858,14:11:06,101.2600,9,1
2026-04-24,000858,14:11:09,101.2300,29,2
2026-04-24,000858,14:11:12,101.2300,14,2
2026-04-24,000858,14:11:15,101.2600,6,1
2026-04-24,000858,14:11:18,101.2600,1,1
2026-04-24,000858,14:11:21,101.2600,4,1
2026-04-24,000858,14:11:24,101.2500,7,2
2026-04-24,000858,14:11:27,101.2600,12,1
2026-04-24,000858,14:11:30,101.2500,8,1
2026-04-24,000858,14:11:33,101.2600,8,1
2026-04-24,000858,14:11:36,101.2800,25,1
2026-04-24,000858,14:11:39,101.2700,12,4
2026-04-24,000858,14:11:42,101.2700,7,2
2026-04-24,000858,14:11:45,101.2700,18,2
2026-04-24,000858,14:11:48,101.3000,13,1
2026-04-24,000858,14:11:51,101.2700,9,2
2026-04-24,000858,14:11:54,101.2700,5,2
2026-04-24,000858,14:11:57,101.2700,12,2
2026-04-24,000858,14:12:00,101.2800,7,1
2026-04-24,000858,14:12:03,101.2700,5,4
2026-04-24,000858,14:12:06,101.2700,14,1
2026-04-24,000858,14:12:09,101.2800,28,1
2026-04-24,000858,14:12:12,101.2800,17,2
2026-04-24,000858,14:12:15,101.2800,8,2
2026-04-24,000858,14:12:18,101.2800,11,2
2026-04-24,000858,14:12:21,101.2800,8,2
2026-04-24,000858,14:12:24,101.2800,3,2
2026-04-24,000858,14:12:27,101.3000,10,1
2026-04-24,000858,14:12:30,101.3000,1,1
2026-04-24,000858,14:12:33,101.3000,12,1
2026-04-24,000858,14:12:36,101.2700,12,2
2026-04-24,000858,14:12:39,101.2800,18,1
2026-04-24,000858,14:12:42,101.2600,30,2
2026-04-24,000858,14:12:45,101.2800,20,1
2026-04-24,000858,14:12:48,101.3000,7,1
2026-04-24,000858,14:12:51,101.2800,7,2
2026-04-24,000858,14:12:54,101.3000,7,1
2026-04-24,000858,14:12:57,101.2800,7,2
2026-04-24,000858,14:13:00,101.2700,6,2
2026-04-24,000858,14:13:03,101.3000,13,1
2026-04-24,000858,14:13:06,101.2500,15,2
2026-04-24,000858,14:13:09,101.2600,22,2
2026-04-24,000858,14:13:12,101.2600,10,2
2026-04-24,000858,14:13:15,101.2500,96,2
2026-04-24,000858,14:13:18,101.2700,43,1
2026-04-24,000858,14:13:21,101.2500,125,2
2026-04-24,000858,14:13:24,101.2300,27,2
2026-04-24,000858,14:13:27,101.2300,30,2
2026-04-24,000858,14:13:30,101.2300,13,2
2026-04-24,000858,14:13:33,101.2500,25,2
2026-04-24,000858,14:13:36,101.3300,73,1
2026-04-24,000858,14:13:39,101.3300,15,1
2026-04-24,000858,14:13:42,101.2700,5,2
2026-04-24,000858,14:13:45,101.2700,9,1
2026-04-24,000858,14:13:48,101.3200,2,1
2026-04-24,000858,14:13:51,101.3000,5,4
2026-04-24,000858,14:13:54,101.2700,9,2
2026-04-24,000858,14:13:57,101.3500,49,1
2026-04-24,000858,14:14:00,101.2700,37,2
2026-04-24,000858,14:14:03,101.3200,16,1
2026-04-24,000858,14:14:06,101.3200,4,1
2026-04-24,000858,14:14:09,101.2800,81,2
2026-04-24,000858,14:14:12,101.2800,35,2
2026-04-24,000858,14:14:15,101.2800,53,1
2026-04-24,000858,14:14:18,101.3200,13,1
2026-04-24,000858,14:14:21,101.3500,25,1
2026-04-24,000858,14:14:24,101.3200,17,4
2026-04-24,000858,14:14:27,101.3000,24,2
2026-04-24,000858,14:14:30,101.3000,15,2
2026-04-24,000858,14:14:33,101.3000,14,2
2026-04-24,000858,14:14:36,101.3500,13,1
2026-04-24,000858,14:14:39,101.3500,9,1
2026-04-24,000858,14:14:42,101.2900,13,2
2026-04-24,000858,14:14:45,101.2900,19,2
2026-04-24,000858,14:14:48,101.2800,57,2
2026-04-24,000858,14:14:51,101.2700,21,2
2026-04-24,000858,14:14:54,101.2700,47,2
2026-04-24,000858,14:14:57,101.3500,12,1
2026-04-24,000858,14:15:00,101.2700,9,2
2026-04-24,000858,14:15:03,101.2500,28,2
2026-04-24,000858,14:15:06,101.2800,1,1
2026-04-24,000858,14:15:09,101.2800,1,1
2026-04-24,000858,14:15:12,101.2500,4,2
2026-04-24,000858,14:15:15,101.2700,1,1
2026-04-24,000858,14:15:21,101.2500,1,2
2026-04-24,000858,14:15:27,101.2500,6,2
2026-04-24,000858,14:15:30,101.2600,7,1
2026-04-24,000858,14:15:33,101.2500,3,2
2026-04-24,000858,14:15:36,101.2500,1,2
2026-04-24,000858,14:15:39,101.2500,10,2
2026-04-24,000858,14:15:42,101.2400,9,2
2026-04-24,000858,14:15:45,101.2400,3,2
2026-04-24,000858,14:15:48,101.2300,31,2
2026-04-24,000858,14:15:51,101.2300,1,2
2026-04-24,000858,14:15:54,101.1800,339,2
2026-04-24,000858,14:15:57,101.1900,21,1
2026-04-24,000858,14:16:00,101.1900,8,1
2026-04-24,000858,14:16:03,101.1800,31,2
2026-04-24,000858,14:16:06,101.1800,60,2
2026-04-24,000858,14:16:09,101.1800,9,2
2026-04-24,000858,14:16:12,101.1800,26,2
2026-04-24,000858,14:16:15,101.1800,14,1
2026-04-24,000858,14:16:18,101.1800,9,1
2026-04-24,000858,14:16:21,101.1800,33,1
2026-04-24,000858,14:16:24,101.1600,11,2
2026-04-24,000858,14:16:27,101.1600,7,2
2026-04-24,000858,14:16:30,101.1600,2,2
2026-04-24,000858,14:16:33,101.1600,26,2
2026-04-24,000858,14:16:36,101.1500,8,2
2026-04-24,000858,14:16:39,101.1600,8,1
2026-04-24,000858,14:16:42,101.1600,2,4
2026-04-24,000858,14:16:45,101.1500,1,2
2026-04-24,000858,14:16:48,101.1500,7,2
2026-04-24,000858,14:16:51,101.1600,9,1
2026-04-24,000858,14:16:54,101.1600,9,1
2026-04-24,000858,14:16:57,101.1500,49,2
2026-04-24,000858,14:17:00,101.1600,1,4
2026-04-24,000858,14:17:03,101.1600,2,2
2026-04-24,000858,14:17:06,101.1700,33,1
2026-04-24,000858,14:17:15,101.1700,3,2
2026-04-24,000858,14:17:18,101.1700,2,1
2026-04-24,000858,14:17:21,101.1600,8,2
2026-04-24,000858,14:17:24,101.1700,11,1
2026-04-24,000858,14:17:27,101.1600,2,2
2026-04-24,000858,14:17:30,101.1600,9,2
2026-04-24,000858,14:17:33,101.1600,301,2
2026-04-24,000858,14:17:36,101.1500,20,1
2026-04-24,000858,14:17:39,101.1500,27,1
2026-04-24,000858,14:17:42,101.1500,2,1
2026-04-24,000858,14:17:45,101.1700,1,1
2026-04-24,000858,14:17:48,101.1500,2,2
2026-04-24,000858,14:17:51,101.1500,7,2
2026-04-24,000858,14:17:54,101.1500,32,2
2026-04-24,000858,14:17:57,101.1600,2,1
2026-04-24,000858,14:18:00,101.1500,13,2
2026-04-24,000858,14:18:03,101.1500,4,1
2026-04-24,000858,14:18:09,101.1500,3,1
2026-04-24,000858,14:18:12,101.1500,1,2
2026-04-24,000858,14:18:18,101.1300,20,2
2026-04-24,000858,14:18:21,101.1500,12,1
2026-04-24,000858,14:18:24,101.1500,4,2
2026-04-24,000858,14:18:27,101.1500,2,2
2026-04-24,000858,14:18:30,101.1600,38,1
2026-04-24,000858,14:18:33,101.1500,1,4
2026-04-24,000858,14:18:39,101.1500,3,2
2026-04-24,000858,14:18:42,101.1400,4,2
2026-04-24,000858,14:18:45,101.1400,2,2
2026-04-24,000858,14:18:48,101.1600,2,1
2026-04-24,000858,14:18:51,101.1400,11,2
2026-04-24,000858,14:18:54,101.1400,17,1
2026-04-24,000858,14:18:57,101.1400,2,2
2026-04-24,000858,14:19:00,101.1000,454,2
2026-04-24,000858,14:19:03,101.0900,40,2
2026-04-24,000858,14:19:06,101.1000,3,1
2026-04-24,000858,14:19:09,101.1000,10,1
2026-04-24,000858,14:19:12,101.1000,13,1
2026-04-24,000858,14:19:15,101.1100,4,2
2026-04-24,000858,14:19:18,101.1000,13,2
2026-04-24,000858,14:19:21,101.1100,7,1
2026-04-24,000858,14:19:24,101.1000,16,2
2026-04-24,000858,14:19:27,101.1000,3,2
2026-04-24,000858,14:19:30,101.0900,4,2
2026-04-24,000858,14:19:33,101.0900,46,2
2026-04-24,000858,14:19:36,101.1000,5,1
2026-04-24,000858,14:19:39,101.1000,5,1
2026-04-24,000858,14:19:42,101.0900,5,2
2026-04-24,000858,14:19:45,101.1000,7,1
2026-04-24,000858,14:19:48,101.0900,76,2
2026-04-24,000858,14:19:51,101.0900,15,2
2026-04-24,000858,14:19:54,101.1100,24,1
2026-04-24,000858,14:19:57,101.1100,2,1
2026-04-24,000858,14:20:00,101.1000,12,2
2026-04-24,000858,14:20:03,101.1000,10,2
2026-04-24,000858,14:20:06,101.1000,7,1
2026-04-24,000858,14:20:09,101.1100,4,1
2026-04-24,000858,14:20:12,101.1200,2,1
2026-04-24,000858,14:20:15,101.1000,13,2
2026-04-24,000858,14:20:18,101.1300,1,2
2026-04-24,000858,14:20:21,101.1400,13,1
2026-04-24,000858,14:20:24,101.1100,2,2
2026-04-24,000858,14:20:27,101.1700,35,1
2026-04-24,000858,14:20:30,101.1400,1,1
2026-04-24,000858,14:20:36,101.1400,2,1
2026-04-24,000858,14:20:39,101.1500,8,1
2026-04-24,000858,14:20:42,101.1400,2,2
2026-04-24,000858,14:20:45,101.1400,7,2
2026-04-24,000858,14:20:48,101.1500,19,1
2026-04-24,000858,14:20:51,101.1400,9,2
2026-04-24,000858,14:20:54,101.1400,1,2
2026-04-24,000858,14:20:57,101.1500,9,1
2026-04-24,000858,14:21:00,101.1500,1,1
2026-04-24,000858,14:21:03,101.1500,8,1
2026-04-24,000858,14:21:06,101.1400,18,2
2026-04-24,000858,14:21:09,101.1500,11,4
2026-04-24,000858,14:21:12,101.1200,20,2
2026-04-24,000858,14:21:15,101.1200,7,2
2026-04-24,000858,14:21:18,101.1700,4,1
2026-04-24,000858,14:21:21,101.1400,2,1
2026-04-24,000858,14:21:24,101.1400,7,1
2026-04-24,000858,14:21:27,101.1300,14,2
2026-04-24,000858,14:21:30,101.1200,17,2
2026-04-24,000858,14:21:33,101.1200,4,2
2026-04-24,000858,14:21:36,101.1200,12,2
2026-04-24,000858,14:21:39,101.1300,14,1
2026-04-24,000858,14:21:42,101.1200,8,2
2026-04-24,000858,14:21:45,101.1200,4,2
2026-04-24,000858,14:21:48,101.1200,20,2
2026-04-24,000858,14:21:51,101.1100,11,2
2026-04-24,000858,14:21:54,101.1200,5,1
2026-04-24,000858,14:21:57,101.1100,36,2
2026-04-24,000858,14:22:03,101.1100,5,2
2026-04-24,000858,14:22:06,101.1100,10,2
2026-04-24,000858,14:22:09,101.1200,2,1
2026-04-24,000858,14:22:12,101.1100,29,2
2026-04-24,000858,14:22:15,101.1200,7,1
2026-04-24,000858,14:22:18,101.1100,23,2
2026-04-24,000858,14:22:21,101.1200,20,1
2026-04-24,000858,14:22:24,101.1200,7,1
2026-04-24,000858,14:22:27,101.1100,8,2
2026-04-24,000858,14:22:30,101.1100,27,2
2026-04-24,000858,14:22:33,101.1200,42,1
2026-04-24,000858,14:22:36,101.1100,4,2
2026-04-24,000858,14:22:39,101.1200,4,1
2026-04-24,000858,14:22:42,101.1100,4,2
2026-04-24,000858,14:22:45,101.1100,17,2
2026-04-24,000858,14:22:48,101.1000,19,2
2026-04-24,000858,14:22:51,101.1100,26,1
2026-04-24,000858,14:22:54,101.1100,22,4
2026-04-24,000858,14:22:57,101.1100,34,1
2026-04-24,000858,14:23:00,101.1000,6,2
2026-04-24,000858,14:23:03,101.0900,79,2
2026-04-24,000858,14:23:06,101.0900,49,2
2026-04-24,000858,14:23:09,101.0900,14,1
2026-04-24,000858,14:23:12,101.0800,5,4
2026-04-24,000858,14:23:15,101.0900,3,1
2026-04-24,000858,14:23:18,101.0800,2,2
2026-04-24,000858,14:23:21,101.0900,4,1
2026-04-24,000858,14:23:24,101.0900,3,1
2026-04-24,000858,14:23:27,101.1000,16,1
2026-04-24,000858,14:23:30,101.0900,11,4
2026-04-24,000858,14:23:33,101.0800,12,2
2026-04-24,000858,14:23:36,101.1000,2,1
2026-04-24,000858,14:23:39,101.1000,18,1
2026-04-24,000858,14:23:42,101.0900,5,2
2026-04-24,000858,14:23:45,101.0900,7,1
2026-04-24,000858,14:23:48,101.0900,2,2
2026-04-24,000858,14:23:51,101.1000,11,1
2026-04-24,000858,14:23:54,101.1100,20,1
2026-04-24,000858,14:23:57,101.0900,24,2
2026-04-24,000858,14:24:00,101.1000,2,4
2026-04-24,000858,14:24:03,101.1000,9,2
2026-04-24,000858,14:24:06,101.0800,137,2
2026-04-24,000858,14:24:09,101.0800,14,1
2026-04-24,000858,14:24:12,101.0800,4,1
2026-04-24,000858,14:24:15,101.0800,13,1
2026-04-24,000858,14:24:18,101.0800,5,1
2026-04-24,000858,14:24:21,101.0800,46,1
2026-04-24,000858,14:24:24,101.1000,5,1
2026-04-24,000858,14:24:30,101.1000,1,1
2026-04-24,000858,14:24:33,101.0800,15,2
2026-04-24,000858,14:24:36,101.1000,1,1
2026-04-24,000858,14:24:39,101.0900,6,2
2026-04-24,000858,14:24:42,101.1100,12,1
2026-04-24,000858,14:24:45,101.1100,2,1
2026-04-24,000858,14:24:48,101.0900,2,2
2026-04-24,000858,14:24:51,101.1000,9,2
2026-04-24,000858,14:24:54,101.1000,22,2
2026-04-24,000858,14:24:57,101.1000,1,4
2026-04-24,000858,14:25:00,101.1100,1,1
2026-04-24,000858,14:25:03,101.1100,2,1
2026-04-24,000858,14:25:06,101.1000,4,2
2026-04-24,000858,14:25:09,101.1000,3,2
2026-04-24,000858,14:25:12,101.1000,5,2
2026-04-24,000858,14:25:15,101.1100,57,1
2026-04-24,000858,14:25:18,101.1100,262,2
2026-04-24,000858,14:25:21,101.1200,92,1
2026-04-24,000858,14:25:24,101.1100,37,2
2026-04-24,000858,14:25:27,101.1200,2,1
2026-04-24,000858,14:25:30,101.1300,11,1
2026-04-24,000858,14:25:33,101.1200,1,2
2026-04-24,000858,14:25:36,101.1100,12,2
2026-04-24,000858,14:25:39,101.1200,26,1
2026-04-24,000858,14:25:42,101.1200,22,2
2026-04-24,000858,14:25:45,101.1300,15,2
2026-04-24,000858,14:25:48,101.1300,3,2
2026-04-24,000858,14:25:51,101.1300,31,1
2026-04-24,000858,14:25:54,101.1200,3,2
2026-04-24,000858,14:25:57,101.1300,4,1
2026-04-24,000858,14:26:03,101.1300,33,1
2026-04-24,000858,14:26:06,101.1300,3,1
2026-04-24,000858,14:26:09,101.1300,20,1
2026-04-24,000858,14:26:12,101.1200,6,4
2026-04-24,000858,14:26:15,101.1300,5,1
2026-04-24,000858,14:26:18,101.1200,4,2
2026-04-24,000858,14:26:21,101.1200,6,2
2026-04-24,000858,14:26:24,101.1200,6,1
2026-04-24,000858,14:26:27,101.1200,6,1
2026-04-24,000858,14:26:30,101.1200,1,1
2026-04-24,000858,14:26:33,101.1200,17,1
2026-04-24,000858,14:26:36,101.1100,2,2
2026-04-24,000858,14:26:39,101.1200,6,1
2026-04-24,000858,14:26:42,101.1100,3,2
2026-04-24,000858,14:26:45,101.1200,26,1
2026-04-24,000858,14:26:48,101.1200,4,2
2026-04-24,000858,14:26:51,101.1200,10,2
2026-04-24,000858,14:26:54,101.1100,14,2
2026-04-24,000858,14:26:57,101.1100,9,2
2026-04-24,000858,14:27:00,101.1100,9,1
2026-04-24,000858,14:27:03,101.1100,13,1
2026-04-24,000858,14:27:06,101.1000,108,2
2026-04-24,000858,14:27:09,101.1000,7,1
2026-04-24,000858,14:27:12,101.1000,10,1
2026-04-24,000858,14:27:15,101.0900,6,2
2026-04-24,000858,14:27:18,101.0900,6,2
2026-04-24,000858,14:27:21,101.1000,17,1
2026-04-24,000858,14:27:24,101.1000,4,1
2026-04-24,000858,14:27:27,101.1000,19,1
2026-04-24,000858,14:27:30,101.0900,17,2
2026-04-24,000858,14:27:33,101.1000,143,1
2026-04-24,000858,14:27:36,101.1000,6,1
2026-04-24,000858,14:27:39,101.1000,1,1
2026-04-24,000858,14:27:42,101.1100,16,1
2026-04-24,000858,14:27:45,101.1100,6,2
2026-04-24,000858,14:27:48,101.1100,3,2
2026-04-24,000858,14:27:51,101.1100,6,2
2026-04-24,000858,14:27:54,101.1200,15,1
2026-04-24,000858,14:27:57,101.1200,7,2
2026-04-24,000858,14:28:00,101.1300,5,1
2026-04-24,000858,14:28:03,101.1400,7,1
2026-04-24,000858,14:28:06,101.1200,17,2
2026-04-24,000858,14:28:09,101.1300,5,2
2026-04-24,000858,14:28:12,101.1200,15,2
2026-04-24,000858,14:28:15,101.1100,10,2
2026-04-24,000858,14:28:18,101.1100,10,2
2026-04-24,000858,14:28:21,101.1200,10,1
2026-04-24,000858,14:28:27,101.1100,2,2
2026-04-24,000858,14:28:30,101.1200,1,1
2026-04-24,000858,14:28:33,101.1100,9,2
2026-04-24,000858,14:28:36,101.1100,6,2
2026-04-24,000858,14:28:39,101.1200,4,1
2026-04-24,000858,14:28:42,101.1100,6,2
2026-04-24,000858,14:28:45,101.1100,45,2
2026-04-24,000858,14:28:48,101.1200,16,1
2026-04-24,000858,14:28:51,101.1000,21,2
2026-04-24,000858,14:28:54,101.1000,6,2
2026-04-24,000858,14:28:57,101.1100,9,2
2026-04-24,000858,14:29:00,101.1100,8,2
2026-04-24,000858,14:29:03,101.1200,22,1
2026-04-24,000858,14:29:06,101.1100,10,2
2026-04-24,000858,14:29:09,101.1100,1,2
2026-04-24,000858,14:29:12,101.1100,9,2
2026-04-24,000858,14:29:15,101.1100,3,2
2026-04-24,000858,14:29:18,101.1100,25,2
2026-04-24,000858,14:29:21,101.1100,2,2
2026-04-24,000858,14:29:24,101.1100,7,2
2026-04-24,000858,14:29:27,101.1100,4,2
2026-04-24,000858,14:29:30,101.1100,9,2
2026-04-24,000858,14:29:33,101.1100,4,1
2026-04-24,000858,14:29:36,101.1100,12,1
2026-04-24,000858,14:29:39,101.1500,93,1
2026-04-24,000858,14:29:42,101.1500,10,2
2026-04-24,000858,14:29:45,101.1500,3,2
2026-04-24,000858,14:29:48,101.1500,3,2
2026-04-24,000858,14:29:51,101.1500,3,2
2026-04-24,000858,14:29:54,101.1500,2,2
2026-04-24,000858,14:29:57,101.1500,1,1
2026-04-24,000858,14:30:00,101.1400,9,2
2026-04-24,000858,14:30:03,101.1600,2,1
2026-04-24,000858,14:30:06,101.1600,10,2
2026-04-24,000858,14:30:09,101.1600,2,1
2026-04-24,000858,14:30:15,101.1600,2,1
2026-04-24,000858,14:30:18,101.1600,5,1
2026-04-24,000858,14:30:21,101.1500,10,2
2026-04-24,000858,14:30:24,101.1400,13,2
2026-04-24,000858,14:30:27,101.1200,2,2
2026-04-24,000858,14:30:30,101.1500,5,1
2026-04-24,000858,14:30:33,101.1400,1,2
2026-04-24,000858,14:30:36,101.1300,1,4
2026-04-24,000858,14:30:39,101.1300,25,1
2026-04-24,000858,14:30:42,101.1200,4,2
2026-04-24,000858,14:30:45,101.1100,13,2
2026-04-24,000858,14:30:48,101.1100,17,2
2026-04-24,000858,14:30:51,101.1400,7,1
2026-04-24,000858,14:30:54,101.1300,3,2
2026-04-24,000858,14:30:57,101.1400,1,1
2026-04-24,000858,14:31:00,101.1200,34,2
2026-04-24,000858,14:31:03,101.1400,27,1
2026-04-24,000858,14:31:06,101.1400,1,1
2026-04-24,000858,14:31:09,101.1200,5,2
2026-04-24,000858,14:31:12,101.1200,15,2
2026-04-24,000858,14:31:15,101.1200,16,2
2026-04-24,000858,14:31:18,101.1200,6,2
2026-04-24,000858,14:31:21,101.1200,13,2
2026-04-24,000858,14:31:24,101.1300,5,1
2026-04-24,000858,14:31:27,101.1000,42,2
2026-04-24,000858,14:31:30,101.1200,4,1
2026-04-24,000858,14:31:33,101.1200,8,1
2026-04-24,000858,14:31:36,101.1300,22,1
2026-04-24,000858,14:31:39,101.1200,9,2
2026-04-24,000858,14:31:45,101.1300,20,1
2026-04-24,000858,14:31:48,101.1300,10,2
2026-04-24,000858,14:31:51,101.1300,31,2
2026-04-24,000858,14:31:54,101.1200,2,2
2026-04-24,000858,14:31:57,101.1300,4,1
2026-04-24,000858,14:32:00,101.1300,18,1
2026-04-24,000858,14:32:03,101.1300,17,1
2026-04-24,000858,14:32:06,101.1300,6,1
2026-04-24,000858,14:32:09,101.1300,24,1
2026-04-24,000858,14:32:15,101.1200,24,2
2026-04-24,000858,14:32:18,101.1300,14,2
2026-04-24,000858,14:32:21,101.1400,12,1
2026-04-24,000858,14:32:24,101.1400,7,1
2026-04-24,000858,14:32:27,101.1400,11,1
2026-04-24,000858,14:32:30,101.1300,9,2
2026-04-24,000858,14:32:33,101.1400,3,1
2026-04-24,000858,14:32:36,101.1400,3,1
2026-04-24,000858,14:32:39,101.1400,4,1
2026-04-24,000858,14:32:42,101.1300,1,2
2026-04-24,000858,14:32:45,101.1400,57,1
2026-04-24,000858,14:32:48,101.1300,20,2
2026-04-24,000858,14:32:51,101.1400,19,1
2026-04-24,000858,14:32:54,101.1300,81,2
2026-04-24,000858,14:32:57,101.1400,26,1
2026-04-24,000858,14:33:00,101.1400,31,1
2026-04-24,000858,14:33:03,101.1500,10,1
2026-04-24,000858,14:33:06,101.1500,10,1
2026-04-24,000858,14:33:09,101.1500,10,1
2026-04-24,000858,14:33:12,101.1600,9,1
2026-04-24,000858,14:33:15,101.1600,56,1
2026-04-24,000858,14:33:18,101.1500,12,4
2026-04-24,000858,14:33:21,101.1500,1,2
2026-04-24,000858,14:33:27,101.1600,4,1
2026-04-24,000858,14:33:30,101.1600,22,1
2026-04-24,000858,14:33:33,101.1700,15,1
2026-04-24,000858,14:33:36,101.1700,4,1
2026-04-24,000858,14:33:39,101.1600,11,2
2026-04-24,000858,14:33:42,101.1800,2,1
2026-04-24,000858,14:33:45,101.1800,7,1
2026-04-24,000858,14:33:48,101.1800,9,1
2026-04-24,000858,14:33:51,101.1700,97,2
2026-04-24,000858,14:33:54,101.1800,14,1
2026-04-24,000858,14:33:57,101.1800,5,1
2026-04-24,000858,14:34:00,101.1900,21,1
2026-04-24,000858,14:34:06,101.1800,40,2
2026-04-24,000858,14:34:09,101.1900,5,4
2026-04-24,000858,14:34:12,101.2000,1,1
2026-04-24,000858,14:34:15,101.1900,25,2
2026-04-24,000858,14:34:18,101.1900,17,2
2026-04-24,000858,14:34:21,101.1900,12,1
2026-04-24,000858,14:34:24,101.1900,10,1
2026-04-24,000858,14:34:27,101.1800,19,2
2026-04-24,000858,14:34:30,101.1900,15,1
2026-04-24,000858,14:34:33,101.1900,6,1
2026-04-24,000858,14:34:36,101.1900,5,1
2026-04-24,000858,14:34:39,101.1800,1,2
2026-04-24,000858,14:34:42,101.1900,1,1
2026-04-24,000858,14:34:45,101.1900,52,1
2026-04-24,000858,14:34:48,101.1900,40,1
2026-04-24,000858,14:34:51,101.1900,2,2
2026-04-24,000858,14:34:54,101.2000,1,1
2026-04-24,000858,14:34:57,101.1900,63,2
2026-04-24,000858,14:35:00,101.1800,8,2
2026-04-24,000858,14:35:03,101.1800,18,2
2026-04-24,000858,14:35:06,101.1900,4,1
2026-04-24,000858,14:35:09,101.2000,16,1
2026-04-24,000858,14:35:12,101.1900,19,2
2026-04-24,000858,14:35:15,101.1900,3,1
2026-04-24,000858,14:35:18,101.1900,40,1
2026-04-24,000858,14:35:21,101.1900,138,1
2026-04-24,000858,14:35:24,101.1900,60,1
2026-04-24,000858,14:35:27,101.1900,7,1
2026-04-24,000858,14:35:30,101.1800,224,2
2026-04-24,000858,14:35:33,101.1800,10,2
2026-04-24,000858,14:35:36,101.1800,42,2
2026-04-24,000858,14:35:39,101.1900,23,1
2026-04-24,000858,14:35:42,101.1800,62,2
2026-04-24,000858,14:35:45,101.1800,32,2
2026-04-24,000858,14:35:48,101.1800,35,2
2026-04-24,000858,14:35:51,101.1700,22,2
2026-04-24,000858,14:35:54,101.1700,3,2
2026-04-24,000858,14:35:57,101.1700,2,2
2026-04-24,000858,14:36:00,101.1800,13,1
2026-04-24,000858,14:36:03,101.1700,3,2
2026-04-24,000858,14:36:06,101.1600,8,2
2026-04-24,000858,14:36:09,101.1800,31,1
2026-04-24,000858,14:36:12,101.1700,2,4
2026-04-24,000858,14:36:18,101.1700,2,4
2026-04-24,000858,14:36:21,101.1800,9,1
2026-04-24,000858,14:36:24,101.1800,2,1
2026-04-24,000858,14:36:27,101.1800,20,1
2026-04-24,000858,14:36:30,101.1800,3,1
2026-04-24,000858,14:36:33,101.1600,13,2
2026-04-24,000858,14:36:36,101.1800,3,1
2026-04-24,000858,14:36:42,101.1800,4,1
2026-04-24,000858,14:36:45,101.1700,15,4
2026-04-24,000858,14:36:48,101.1600,12,2
2026-04-24,000858,14:36:51,101.1600,47,1
2026-04-24,000858,14:36:57,101.1600,10,2
2026-04-24,000858,14:37:00,101.1600,11,1
2026-04-24,000858,14:37:03,101.1500,25,2
2026-04-24,000858,14:37:06,101.1500,37,2
2026-04-24,000858,14:37:09,101.1600,1,1
2026-04-24,000858,14:37:12,101.1500,6,2
2026-04-24,000858,14:37:15,101.1500,28,2
2026-04-24,000858,14:37:18,101.1500,9,1
2026-04-24,000858,14:37:21,101.1500,33,1
2026-04-24,000858,14:37:24,101.1600,22,1
2026-04-24,000858,14:37:27,101.1500,7,2
2026-04-24,000858,14:37:30,101.1400,12,2
2026-04-24,000858,14:37:33,101.1400,10,2
2026-04-24,000858,14:37:36,101.1400,16,2
2026-04-24,000858,14:37:39,101.1500,1,1
2026-04-24,000858,14:37:42,101.1500,30,1
2026-04-24,000858,14:37:45,101.1500,14,2
2026-04-24,000858,14:37:48,101.1500,7,2
2026-04-24,000858,14:37:51,101.1600,5,1
2026-04-24,000858,14:37:54,101.1600,5,1
2026-04-24,000858,14:37:57,101.1600,5,2
2026-04-24,000858,14:38:00,101.1600,50,4
2026-04-24,000858,14:38:03,101.1600,17,1
2026-04-24,000858,14:38:06,101.1500,11,2
2026-04-24,000858,14:38:09,101.1600,5,1
2026-04-24,000858,14:38:12,101.1600,2,1
2026-04-24,000858,14:38:15,101.1500,6,4
2026-04-24,000858,14:38:18,101.1500,2,2
2026-04-24,000858,14:38:21,101.1500,28,2
2026-04-24,000858,14:38:24,101.1600,7,4
2026-04-24,000858,14:38:27,101.1500,11,2
2026-04-24,000858,14:38:30,101.1600,3,4
2026-04-24,000858,14:38:33,101.1500,17,2
2026-04-24,000858,14:38:36,101.1500,4,2
2026-04-24,000858,14:38:39,101.1700,3,1
2026-04-24,000858,14:38:42,101.1600,16,1
2026-04-24,000858,14:38:45,101.1700,11,1
2026-04-24,000858,14:38:48,101.1700,3,1
2026-04-24,000858,14:38:51,101.1600,4,2
2026-04-24,000858,14:38:54,101.1600,7,2
2026-04-24,000858,14:39:00,101.1600,8,2
2026-04-24,000858,14:39:06,101.1700,1,1
2026-04-24,000858,14:39:09,101.1700,5,1
2026-04-24,000858,14:39:12,101.1700,3,1
2026-04-24,000858,14:39:15,101.1600,8,2
2026-04-24,000858,14:39:18,101.1600,2,2
2026-04-24,000858,14:39:21,101.1600,28,2
2026-04-24,000858,14:39:24,101.1600,6,1
2026-04-24,000858,14:39:27,101.1500,6,2
2026-04-24,000858,14:39:30,101.1700,18,1
2026-04-24,000858,14:39:33,101.1600,4,1
2026-04-24,000858,14:39:36,101.1700,27,1
2026-04-24,000858,14:39:39,101.1800,60,1
2026-04-24,000858,14:39:45,101.1800,12,1
2026-04-24,000858,14:39:48,101.1700,2,2
2026-04-24,000858,14:39:51,101.1800,1,1
2026-04-24,000858,14:39:54,101.1800,10,1
2026-04-24,000858,14:39:57,101.1700,35,2
2026-04-24,000858,14:40:00,101.1700,6,2
2026-04-24,000858,14:40:03,101.1800,1,1
2026-04-24,000858,14:40:06,101.1700,13,2
2026-04-24,000858,14:40:09,101.1700,42,2
2026-04-24,000858,14:40:12,101.1800,23,1
2026-04-24,000858,14:40:15,101.2000,44,1
2026-04-24,000858,14:40:18,101.1900,64,2
2026-04-24,000858,14:40:21,101.2000,7,1
2026-04-24,000858,14:40:24,101.2000,7,1
2026-04-24,000858,14:40:27,101.2000,3,1
2026-04-24,000858,14:40:30,101.2000,10,1
2026-04-24,000858,14:40:33,101.2000,3,1
2026-04-24,000858,14:40:36,101.2000,8,1
2026-04-24,000858,14:40:39,101.2000,24,1
2026-04-24,000858,14:40:42,101.2000,8,1
2026-04-24,000858,14:40:45,101.2000,25,1
2026-04-24,000858,14:40:48,101.2100,51,1
2026-04-24,000858,14:40:51,101.2100,23,2
2026-04-24,000858,14:40:54,101.2100,34,1
2026-04-24,000858,14:40:57,101.2000,18,2
2026-04-24,000858,14:41:00,101.2100,24,4
2026-04-24,000858,14:41:03,101.2100,15,2
2026-04-24,000858,14:41:06,101.2200,28,1
2026-04-24,000858,14:41:09,101.2000,15,2
2026-04-24,000858,14:41:12,101.2000,7,2
2026-04-24,000858,14:41:15,101.2000,10,2
2026-04-24,000858,14:41:18,101.2000,22,2
2026-04-24,000858,14:41:21,101.2000,23,2
2026-04-24,000858,14:41:24,101.2000,41,2
2026-04-24,000858,14:41:27,101.2100,17,1
2026-04-24,000858,14:41:30,101.2000,31,2
2026-04-24,000858,14:41:36,101.2100,18,2
2026-04-24,000858,14:41:39,101.2100,10,2
2026-04-24,000858,14:41:42,101.2200,43,1
2026-04-24,000858,14:41:45,101.2200,6,1
2026-04-24,000858,14:41:48,101.2200,44,1
2026-04-24,000858,14:41:51,101.2100,15,2
2026-04-24,000858,14:41:54,101.2300,4,1
2026-04-24,000858,14:41:57,101.2300,47,1
2026-04-24,000858,14:42:00,101.2300,5,1
2026-04-24,000858,14:42:03,101.2300,5,1
2026-04-24,000858,14:42:06,101.2300,8,1
2026-04-24,000858,14:42:09,101.2200,24,2
2026-04-24,000858,14:42:12,101.2300,86,1
2026-04-24,000858,14:42:15,101.2200,20,2
2026-04-24,000858,14:42:21,101.2200,4,2
2026-04-24,000858,14:42:24,101.2300,33,1
2026-04-24,000858,14:42:27,101.2300,33,1
2026-04-24,000858,14:42:30,101.2300,5,1
2026-04-24,000858,14:42:33,101.2200,29,2
2026-04-24,000858,14:42:36,101.2300,11,1
2026-04-24,000858,14:42:39,101.2100,28,2
2026-04-24,000858,14:42:42,101.2100,3,1
2026-04-24,000858,14:42:45,101.2100,27,1
2026-04-24,000858,14:42:48,101.2100,7,4
2026-04-24,000858,14:42:51,101.2100,17,2
2026-04-24,000858,14:42:54,101.2200,13,1
2026-04-24,000858,14:42:57,101.2100,1,2
2026-04-24,000858,14:43:00,101.2200,7,1
2026-04-24,000858,14:43:06,101.2100,18,2
2026-04-24,000858,14:43:09,101.2000,15,2
2026-04-24,000858,14:43:12,101.2100,4,1
2026-04-24,000858,14:43:15,101.2200,13,1
2026-04-24,000858,14:43:18,101.2100,4,4
2026-04-24,000858,14:43:21,101.2200,10,1
2026-04-24,000858,14:43:24,101.2200,5,1
2026-04-24,000858,14:43:27,101.2100,7,1
2026-04-24,000858,14:43:30,101.2000,11,2
2026-04-24,000858,14:43:33,101.2100,52,1
2026-04-24,000858,14:43:36,101.2000,5,2
2026-04-24,000858,14:43:39,101.1900,11,2
2026-04-24,000858,14:43:42,101.2000,1,1
2026-04-24,000858,14:43:45,101.2000,73,1
2026-04-24,000858,14:43:48,101.1900,12,2
2026-04-24,000858,14:43:51,101.1800,43,2
2026-04-24,000858,14:43:54,101.1800,22,2
2026-04-24,000858,14:43:57,101.1900,23,1
2026-04-24,000858,14:44:00,101.1800,7,2
2026-04-24,000858,14:44:03,101.1900,40,1
2026-04-24,000858,14:44:06,101.1900,16,2
2026-04-24,000858,14:44:09,101.1900,4,1
2026-04-24,000858,14:44:12,101.1800,14,2
2026-04-24,000858,14:44:15,101.1900,42,1
2026-04-24,000858,14:44:18,101.1900,7,1
2026-04-24,000858,14:44:21,101.1900,18,1
2026-04-24,000858,14:44:24,101.1800,59,2
2026-04-24,000858,14:44:27,101.1800,20,2
2026-04-24,000858,14:44:30,101.1800,34,2
2026-04-24,000858,14:44:33,101.1900,14,1
2026-04-24,000858,14:44:36,101.1800,15,2
2026-04-24,000858,14:44:39,101.1800,32,2
2026-04-24,000858,14:44:42,101.1800,11,2
2026-04-24,000858,14:44:45,101.1900,36,1
2026-04-24,000858,14:44:48,101.1900,3,2
2026-04-24,000858,14:44:51,101.1900,14,2
2026-04-24,000858,14:44:54,101.1900,7,2
2026-04-24,000858,14:44:57,101.1900,7,2
2026-04-24,000858,14:45:00,101.1900,4,1
2026-04-24,000858,14:45:03,101.1800,16,2
2026-04-24,000858,14:45:06,101.1900,5,1
2026-04-24,000858,14:45:09,101.1800,17,2
2026-04-24,000858,14:45:12,101.1800,46,2
2026-04-24,000858,14:45:15,101.1800,31,1
2026-04-24,000858,14:45:18,101.1900,46,1
2026-04-24,000858,14:45:21,101.1900,59,2
2026-04-24,000858,14:45:24,101.1800,11,2
2026-04-24,000858,14:45:27,101.1800,9,2
2026-04-24,000858,14:45:30,101.1800,41,2
2026-04-24,000858,14:45:33,101.1800,60,1
2026-04-24,000858,14:45:36,101.1800,24,1
2026-04-24,000858,14:45:39,101.1800,18,1
2026-04-24,000858,14:45:42,101.1800,30,1
2026-04-24,000858,14:45:45,101.1700,25,2
2026-04-24,000858,14:45:48,101.1800,12,2
2026-04-24,000858,14:45:51,101.1700,58,2
2026-04-24,000858,14:45:54,101.1600,6,2
2026-04-24,000858,14:45:57,101.1700,2,1
2026-04-24,000858,14:46:03,101.1800,46,1
2026-04-24,000858,14:46:06,101.1800,7,1
2026-04-24,000858,14:46:09,101.1700,11,2
2026-04-24,000858,14:46:12,101.1700,13,2
2026-04-24,000858,14:46:15,101.1600,16,2
2026-04-24,000858,14:46:18,101.1600,6,2
2026-04-24,000858,14:46:21,101.1600,6,2
2026-04-24,000858,14:46:24,101.1700,19,1
2026-04-24,000858,14:46:27,101.1800,5,1
2026-04-24,000858,14:46:30,101.1700,15,2
2026-04-24,000858,14:46:33,101.1700,14,2
2026-04-24,000858,14:46:36,101.1700,1,2
2026-04-24,000858,14:46:39,101.1800,7,1
2026-04-24,000858,14:46:42,101.1800,15,1
2026-04-24,000858,14:46:45,101.1700,13,2
2026-04-24,000858,14:46:48,101.1700,16,1
2026-04-24,000858,14:46:51,101.1800,55,1
2026-04-24,000858,14:46:54,101.1800,10,1
2026-04-24,000858,14:46:57,101.1800,14,1
2026-04-24,000858,14:47:00,101.1800,13,1
2026-04-24,000858,14:47:03,101.1700,4,2
2026-04-24,000858,14:47:06,101.1800,3,1
2026-04-24,000858,14:47:09,101.1700,2,2
2026-04-24,000858,14:47:12,101.2000,288,1
2026-04-24,000858,14:47:15,101.2000,88,1
2026-04-24,000858,14:47:18,101.2000,10,2
2026-04-24,000858,14:47:21,101.2500,230,1
2026-04-24,000858,14:47:24,101.2700,16,1
2026-04-24,000858,14:47:27,101.2600,16,2
2026-04-24,000858,14:47:30,101.2200,56,2
2026-04-24,000858,14:47:33,101.2100,54,2
2026-04-24,000858,14:47:36,101.2800,8,1
2026-04-24,000858,14:47:39,101.2900,9,1
2026-04-24,000858,14:47:42,101.2900,5,1
2026-04-24,000858,14:47:45,101.2800,3,1
2026-04-24,000858,14:47:48,101.2900,18,1
2026-04-24,000858,14:47:51,101.2800,114,2
2026-04-24,000858,14:47:54,101.2800,142,2
2026-04-24,000858,14:47:57,101.3300,5,1
2026-04-24,000858,14:48:00,101.3400,13,4
2026-04-24,000858,14:48:03,101.3000,16,2
2026-04-24,000858,14:48:06,101.3000,6,1
2026-04-24,000858,14:48:09,101.2600,18,2
2026-04-24,000858,14:48:12,101.2700,107,2
2026-04-24,000858,14:48:15,101.2800,33,2
2026-04-24,000858,14:48:18,101.2700,34,2
2026-04-24,000858,14:48:21,101.2700,3,1
2026-04-24,000858,14:48:24,101.2700,8,1
2026-04-24,000858,14:48:27,101.2600,7,2
2026-04-24,000858,14:48:30,101.2600,5,2
2026-04-24,000858,14:48:33,101.2700,26,1
2026-04-24,000858,14:48:36,101.2700,18,1
2026-04-24,000858,14:48:39,101.2100,17,2
2026-04-24,000858,14:48:42,101.2100,16,2
2026-04-24,000858,14:48:45,101.2100,11,2
2026-04-24,000858,14:48:48,101.2100,24,2
2026-04-24,000858,14:48:51,101.2100,10,2
2026-04-24,000858,14:48:54,101.2100,21,1
2026-04-24,000858,14:48:57,101.2200,6,1
2026-04-24,000858,14:49:00,101.2500,6,1
2026-04-24,000858,14:49:03,101.2100,20,2
2026-04-24,000858,14:49:06,101.2100,3,2
2026-04-24,000858,14:49:09,101.2200,24,2
2026-04-24,000858,14:49:12,101.2400,16,1
2026-04-24,000858,14:49:15,101.2200,22,2
2026-04-24,000858,14:49:18,101.2500,4,1
2026-04-24,000858,14:49:21,101.2200,13,2
2026-04-24,000858,14:49:24,101.2200,9,1
2026-04-24,000858,14:49:27,101.2200,5,2
2026-04-24,000858,14:49:30,101.2200,6,2
2026-04-24,000858,14:49:33,101.2300,22,1
2026-04-24,000858,14:49:36,101.2200,31,2
2026-04-24,000858,14:49:39,101.2200,7,1
2026-04-24,000858,14:49:42,101.2200,8,2
2026-04-24,000858,14:49:45,101.2300,10,1
2026-04-24,000858,14:49:48,101.2300,15,2
2026-04-24,000858,14:49:51,101.2400,27,1
2026-04-24,000858,14:49:54,101.2400,6,2
2026-04-24,000858,14:49:57,101.2400,30,2
2026-04-24,000858,14:50:00,101.2300,9,2
2026-04-24,000858,14:50:03,101.2400,32,1
2026-04-24,000858,14:50:06,101.2500,17,1
2026-04-24,000858,14:50:09,101.2300,36,2
2026-04-24,000858,14:50:12,101.2500,18,1
2026-04-24,000858,14:50:15,101.2200,19,2
2026-04-24,000858,14:50:18,101.2500,1,1
2026-04-24,000858,14:50:21,101.2500,46,1
2026-04-24,000858,14:50:24,101.2500,21,2
2026-04-24,000858,14:50:27,101.2600,53,1
2026-04-24,000858,14:50:30,101.2500,27,2
2026-04-24,000858,14:50:33,101.2500,33,2
2026-04-24,000858,14:50:36,101.2500,27,2
2026-04-24,000858,14:50:39,101.2500,19,2
2026-04-24,000858,14:50:42,101.2400,5,2
2026-04-24,000858,14:50:45,101.2400,4,2
2026-04-24,000858,14:50:48,101.2400,14,2
2026-04-24,000858,14:50:51,101.2400,7,2
2026-04-24,000858,14:50:54,101.2400,7,4
2026-04-24,000858,14:50:57,101.2500,8,1
2026-04-24,000858,14:51:00,101.2500,4,1
2026-04-24,000858,14:51:03,101.2400,66,2
2026-04-24,000858,14:51:06,101.2400,30,1
2026-04-24,000858,14:51:09,101.2400,64,2
2026-04-24,000858,14:51:12,101.2400,25,2
2026-04-24,000858,14:51:15,101.2400,17,2
2026-04-24,000858,14:51:18,101.2400,6,1
2026-04-24,000858,14:51:21,101.2400,8,1
2026-04-24,000858,14:51:24,101.2300,3,2
2026-04-24,000858,14:51:27,101.2400,11,1
2026-04-24,000858,14:51:30,101.2300,25,2
2026-04-24,000858,14:51:33,101.2400,37,1
2026-04-24,000858,14:51:36,101.2800,190,1
2026-04-24,000858,14:51:39,101.2900,37,1
2026-04-24,000858,14:51:42,101.2800,309,2
2026-04-24,000858,14:51:45,101.2800,4,1
2026-04-24,000858,14:51:51,101.2600,5,2
2026-04-24,000858,14:51:54,101.2800,4,1
2026-04-24,000858,14:51:57,101.2700,8,1
2026-04-24,000858,14:52:03,101.2400,35,2
2026-04-24,000858,14:52:06,101.2700,68,1
2026-04-24,000858,14:52:09,101.2800,7,1
2026-04-24,000858,14:52:12,101.2800,6,1
2026-04-24,000858,14:52:15,101.2400,7,2
2026-04-24,000858,14:52:18,101.2500,71,1
2026-04-24,000858,14:52:21,101.2500,4,1
2026-04-24,000858,14:52:24,101.2500,29,1
2026-04-24,000858,14:52:27,101.2400,8,2
2026-04-24,000858,14:52:30,101.2400,38,2
2026-04-24,000858,14:52:33,101.2700,6,1
2026-04-24,000858,14:52:36,101.2500,16,2
2026-04-24,000858,14:52:39,101.2700,13,1
2026-04-24,000858,14:52:42,101.2700,26,1
2026-04-24,000858,14:52:45,101.2700,1,1
2026-04-24,000858,14:52:48,101.2500,2,2
2026-04-24,000858,14:52:51,101.2700,48,1
2026-04-24,000858,14:52:54,101.2700,33,1
2026-04-24,000858,14:52:57,101.2500,19,2
2026-04-24,000858,14:53:00,101.2700,7,1
2026-04-24,000858,14:53:03,101.2700,14,1
2026-04-24,000858,14:53:06,101.2500,20,2
2026-04-24,000858,14:53:09,101.2700,52,1
2026-04-24,000858,14:53:12,101.2700,15,2
2026-04-24,000858,14:53:15,101.2500,103,2
2026-04-24,000858,14:53:18,101.2700,9,1
2026-04-24,000858,14:53:21,101.2700,22,1
2026-04-24,000858,14:53:24,101.2700,2,1
2026-04-24,000858,14:53:27,101.2600,11,2
2026-04-24,000858,14:53:30,101.2600,20,2
2026-04-24,000858,14:53:33,101.2600,34,2
2026-04-24,000858,14:53:36,101.2500,50,2
2026-04-24,000858,14:53:39,101.2500,57,2
2026-04-24,000858,14:53:42,101.2500,10,2
2026-04-24,000858,14:53:45,101.2400,6,2
2026-04-24,000858,14:53:48,101.2400,47,2
2026-04-24,000858,14:53:51,101.2400,35,2
2026-04-24,000858,14:53:54,101.2500,8,1
2026-04-24,000858,14:53:57,101.2600,22,1
2026-04-24,000858,14:54:00,101.2400,31,2
2026-04-24,000858,14:54:03,101.2500,84,4
2026-04-24,000858,14:54:06,101.2400,37,1
2026-04-24,000858,14:54:09,101.2300,124,2
2026-04-24,000858,14:54:12,101.2300,31,2
2026-04-24,000858,14:54:15,101.2400,3,4
2026-04-24,000858,14:54:18,101.2300,21,2
2026-04-24,000858,14:54:21,101.2400,19,1
2026-04-24,000858,14:54:24,101.2300,33,2
2026-04-24,000858,14:54:27,101.2300,14,1
2026-04-24,000858,14:54:30,101.2100,120,2
2026-04-24,000858,14:54:33,101.2200,24,4
2026-04-24,000858,14:54:36,101.2300,6,1
2026-04-24,000858,14:54:39,101.2200,66,1
2026-04-24,000858,14:54:42,101.2300,32,1
2026-04-24,000858,14:54:45,101.2200,35,4
2026-04-24,000858,14:54:48,101.2100,14,2
2026-04-24,000858,14:54:54,101.2300,23,1
2026-04-24,000858,14:54:57,101.2300,9,2
2026-04-24,000858,14:55:00,101.2300,4,2
2026-04-24,000858,14:55:03,101.2300,44,2
2026-04-24,000858,14:55:06,101.2300,40,2
2026-04-24,000858,14:55:09,101.2400,22,1
2026-04-24,000858,14:55:12,101.2400,55,1
2026-04-24,000858,14:55:15,101.2400,3,2
2026-04-24,000858,14:55:18,101.2500,78,1
2026-04-24,000858,14:55:21,101.2400,19,2
2026-04-24,000858,14:55:24,101.2500,168,1
2026-04-24,000858,14:55:27,101.2500,17,2
2026-04-24,000858,14:55:30,101.2400,33,2
2026-04-24,000858,14:55:33,101.2500,19,1
2026-04-24,000858,14:55:36,101.2400,47,2
2026-04-24,000858,14:55:39,101.2400,5,2
2026-04-24,000858,14:55:42,101.2500,5,1
2026-04-24,000858,14:55:45,101.2500,35,1
2026-04-24,000858,14:55:48,101.2400,34,2
2026-04-24,000858,14:55:51,101.2400,182,1
2026-04-24,000858,14:55:54,101.2400,27,2
2026-04-24,000858,14:55:57,101.2500,28,1
2026-04-24,000858,14:56:00,101.2500,48,1
2026-04-24,000858,14:56:03,101.2700,65,1
2026-04-24,000858,14:56:06,101.2500,26,2
2026-04-24,000858,14:56:09,101.2700,17,1
2026-04-24,000858,14:56:12,101.2700,39,1
2026-04-24,000858,14:56:15,101.2600,15,1
2026-04-24,000858,14:56:18,101.2600,26,1
2026-04-24,000858,14:56:21,101.2700,111,1
2026-04-24,000858,14:56:24,101.2600,31,2
2026-04-24,000858,14:56:27,101.2600,21,2
2026-04-24,000858,14:56:30,101.2600,11,2
2026-04-24,000858,14:56:33,101.2700,31,1
2026-04-24,000858,14:56:36,101.2600,32,2
2026-04-24,000858,14:56:39,101.2700,32,1
2026-04-24,000858,14:56:42,101.2600,149,2
2026-04-24,000858,14:56:45,101.2600,47,2
2026-04-24,000858,14:56:48,101.2700,15,1
2026-04-24,000858,14:56:51,101.2700,15,1
2026-04-24,000858,14:56:54,101.2700,29,1
2026-04-24,000858,14:56:57,101.2700,48,2
2026-04-24,000858,14:57:00,101.2800,60,1
2026-04-24,000858,15:00:01,101.2700,1387,4
2026-04-24,000858,13:09:03,101.5100,7,2
2026-04-24,000858,13:09:06,101.5100,6,2
2026-04-24,000858,13:09:09,101.5100,6,2
2026-04-24,000858,13:09:12,101.5100,1,1
2026-04-24,000858,13:09:15,101.5100,10,1
2026-04-24,000858,13:09:18,101.5100,10,1
2026-04-24,000858,13:09:21,101.5000,7,1
2026-04-24,000858,13:09:24,101.4900,4,2
2026-04-24,000858,13:09:27,101.4900,13,2
2026-04-24,000858,13:09:30,101.4900,2,2
2026-04-24,000858,13:09:33,101.5000,22,1
2026-04-24,000858,13:09:36,101.4900,16,2
2026-04-24,000858,13:09:39,101.4900,15,2
2026-04-24,000858,13:09:42,101.4900,5,2
2026-04-24,000858,13:09:45,101.4900,44,2
2026-04-24,000858,13:09:48,101.4900,8,1
2026-04-24,000858,13:09:51,101.4900,5,1
2026-04-24,000858,13:09:54,101.4800,88,2
2026-04-24,000858,13:09:57,101.4800,42,2
2026-04-24,000858,13:10:00,101.4800,49,1
2026-04-24,000858,13:10:03,101.5300,81,1
2026-04-24,000858,13:10:06,101.5000,13,2
2026-04-24,000858,13:10:09,101.5000,19,2
2026-04-24,000858,13:10:12,101.5100,9,1
2026-04-24,000858,13:10:15,101.5300,44,1
2026-04-24,000858,13:10:18,101.5300,21,1
2026-04-24,000858,13:10:21,101.5100,89,2
2026-04-24,000858,13:10:24,101.5100,24,2
2026-04-24,000858,13:10:27,101.5300,17,1
2026-04-24,000858,13:10:30,101.5300,2,1
2026-04-24,000858,13:10:33,101.5400,5,1
2026-04-24,000858,13:10:36,101.4400,36,2
2026-04-24,000858,13:10:39,101.5100,4,1
2026-04-24,000858,13:10:42,101.4400,9,2
2026-04-24,000858,13:10:45,101.4500,10,2
2026-04-24,000858,13:10:48,101.5000,10,1
2026-04-24,000858,13:10:51,101.4600,11,2
2026-04-24,000858,13:10:54,101.4900,2,1
2026-04-24,000858,13:10:57,101.4600,4,2
2026-04-24,000858,13:11:00,101.4600,46,2
2026-04-24,000858,13:11:03,101.4700,53,2
2026-04-24,000858,13:11:06,101.5000,16,1
2026-04-24,000858,13:11:09,101.5200,4,1
2026-04-24,000858,13:11:12,101.5000,86,2
2026-04-24,000858,13:11:15,101.5300,9,1
2026-04-24,000858,13:11:18,101.5300,21,1
2026-04-24,000858,13:11:21,101.5100,4,4
2026-04-24,000858,13:11:24,101.5000,50,2
2026-04-24,000858,13:11:27,101.5300,13,1
2026-04-24,000858,13:11:30,101.5000,17,2
2026-04-24,000858,13:11:33,101.5100,2,1
2026-04-24,000858,13:11:36,101.5000,16,2
2026-04-24,000858,13:11:39,101.5300,5,1
2026-04-24,000858,13:11:42,101.5000,28,2
2026-04-24,000858,13:11:45,101.4700,13,2
2026-04-24,000858,13:11:48,101.5000,11,1
2026-04-24,000858,13:11:51,101.5000,5,1
2026-04-24,000858,13:11:57,101.5000,10,1
2026-04-24,000858,13:12:00,101.4700,1,2
2026-04-24,000858,13:12:03,101.4900,37,1
2026-04-24,000858,13:12:06,101.4700,7,2
2026-04-24,000858,13:12:09,101.4700,2,2
2026-04-24,000858,13:12:12,101.4600,1,2
2026-04-24,000858,13:12:15,101.4600,5,2
2026-04-24,000858,13:12:18,101.4700,13,1
2026-04-24,000858,13:12:21,101.4600,8,1
2026-04-24,000858,13:12:27,101.4600,13,1
2026-04-24,000858,13:12:30,101.4500,2,2
2026-04-24,000858,13:12:33,101.4600,28,1
2026-04-24,000858,13:12:36,101.4500,16,2
2026-04-24,000858,13:12:39,101.4400,15,2
2026-04-24,000858,13:12:42,101.4500,8,1
2026-04-24,000858,13:12:45,101.4400,12,4
2026-04-24,000858,13:12:48,101.4400,9,1
2026-04-24,000858,13:12:51,101.4300,18,2
2026-04-24,000858,13:12:54,101.4300,31,2
2026-04-24,000858,13:12:57,101.5100,90,1
2026-04-24,000858,13:13:00,101.4700,24,2
2026-04-24,000858,13:13:03,101.5000,17,1
2026-04-24,000858,13:13:06,101.4300,11,2
2026-04-24,000858,13:13:09,101.5000,7,1
2026-04-24,000858,13:13:12,101.4500,5,2
2026-04-24,000858,13:13:15,101.5000,13,1
2026-04-24,000858,13:13:18,101.4800,2,1
2026-04-24,000858,13:13:21,101.4600,1,2
2026-04-24,000858,13:13:24,101.4700,8,4
2026-04-24,000858,13:13:27,101.5100,177,1
2026-04-24,000858,13:13:30,101.6000,730,1
2026-04-24,000858,13:13:33,101.5900,84,2
2026-04-24,000858,13:13:36,101.6000,14,2
2026-04-24,000858,13:13:39,101.5100,36,2
2026-04-24,000858,13:13:42,101.6000,42,2
2026-04-24,000858,13:13:45,101.6000,53,2
2026-04-24,000858,13:13:48,101.6400,9,1
2026-04-24,000858,13:13:51,101.5900,28,2
2026-04-24,000858,13:13:54,101.6000,5,1
2026-04-24,000858,13:13:57,101.6000,25,1
2026-04-24,000858,13:14:00,101.6000,20,2
2026-04-24,000858,13:14:03,101.6100,63,1
2026-04-24,000858,13:14:06,101.6000,48,2
2026-04-24,000858,13:14:09,101.6300,5,1
2026-04-24,000858,13:14:12,101.5900,6,1
2026-04-24,000858,13:14:15,101.5700,4,2
2026-04-24,000858,13:14:18,101.5700,13,2
2026-04-24,000858,13:14:21,101.6000,75,1
2026-04-24,000858,13:14:24,101.6000,131,2
2026-04-24,000858,13:14:27,101.6000,13,1
2026-04-24,000858,13:14:30,101.5600,27,2
2026-04-24,000858,13:14:33,101.5900,10,1
2026-04-24,000858,13:14:36,101.5100,2,2
2026-04-24,000858,13:14:39,101.5400,1,1
2026-04-24,000858,13:14:45,101.5100,25,2
2026-04-24,000858,13:14:48,101.5000,20,2
2026-04-24,000858,13:14:51,101.5000,9,2
2026-04-24,000858,13:14:54,101.5000,16,2
2026-04-24,000858,13:14:57,101.5100,6,1
2026-04-24,000858,13:15:00,101.4800,7,2
2026-04-24,000858,13:15:03,101.5000,8,1
2026-04-24,000858,13:15:06,101.4800,7,2
2026-04-24,000858,13:15:09,101.5000,4,2
2026-04-24,000858,13:15:12,101.4900,60,2
2026-04-24,000858,13:15:15,101.5000,9,4
2026-04-24,000858,13:15:18,101.5000,14,2
2026-04-24,000858,13:15:21,101.5000,5,2
2026-04-24,000858,13:15:24,101.5000,13,2
2026-04-24,000858,13:15:27,101.5000,7,1
2026-04-24,000858,13:15:30,101.4900,3,2
2026-04-24,000858,13:15:33,101.5000,16,1
2026-04-24,000858,13:15:36,101.4900,33,2
2026-04-24,000858,13:15:39,101.5000,21,1
2026-04-24,000858,13:15:42,101.4900,20,2
2026-04-24,000858,13:15:45,101.5000,12,1
2026-04-24,000858,13:15:48,101.5100,9,1
2026-04-24,000858,13:15:51,101.5100,10,2
2026-04-24,000858,13:15:54,101.5300,5,1
2026-04-24,000858,13:15:57,101.5100,1,2
2026-04-24,000858,13:16:00,101.5000,6,2
2026-04-24,000858,13:16:03,101.5100,5,1
2026-04-24,000858,13:16:06,101.5100,4,2
2026-04-24,000858,13:16:09,101.5100,3,2
2026-04-24,000858,13:16:12,101.5100,29,2
2026-04-24,000858,13:16:15,101.5100,12,1
2026-04-24,000858,13:16:18,101.5000,7,2
2026-04-24,000858,13:16:21,101.5000,10,2
2026-04-24,000858,13:16:24,101.5000,34,2
2026-04-24,000858,13:16:27,101.5000,17,2
2026-04-24,000858,13:16:30,101.5200,8,1
2026-04-24,000858,13:16:33,101.5000,31,2
2026-04-24,000858,13:16:36,101.5000,10,1
2026-04-24,000858,13:16:39,101.5000,6,2
2026-04-24,000858,13:16:42,101.5000,10,2
2026-04-24,000858,13:16:45,101.5000,10,2
2026-04-24,000858,13:16:48,101.5000,1,4
2026-04-24,000858,13:16:51,101.5000,6,2
2026-04-24,000858,13:16:54,101.5000,6,2
2026-04-24,000858,13:16:57,101.4900,6,2
2026-04-24,000858,13:17:00,101.5000,18,1
2026-04-24,000858,13:17:06,101.4900,9,2
2026-04-24,000858,13:17:09,101.4900,10,2
2026-04-24,000858,13:17:12,101.4800,60,2
2026-04-24,000858,13:17:15,101.5000,18,1
2026-04-24,000858,13:17:18,101.5000,9,2
2026-04-24,000858,13:17:21,101.5000,17,2
2026-04-24,000858,13:17:24,101.5000,13,1
2026-04-24,000858,13:17:27,101.5000,15,2
2026-04-24,000858,13:17:30,101.4900,3,4
2026-04-24,000858,13:17:33,101.4900,9,2
2026-04-24,000858,13:17:36,101.4900,171,2
2026-04-24,000858,13:17:39,101.5400,18,1
2026-04-24,000858,13:17:42,101.5100,1,2
2026-04-24,000858,13:17:45,101.5300,4,4
2026-04-24,000858,13:17:48,101.5300,16,4
2026-04-24,000858,13:17:51,101.5200,3,2
2026-04-24,000858,13:17:54,101.5200,16,2
2026-04-24,000858,13:17:57,101.5300,1,2
2026-04-24,000858,13:18:00,101.5300,4,2
2026-04-24,000858,13:18:03,101.5000,16,2
2026-04-24,000858,13:18:06,101.5200,1,1
2026-04-24,000858,13:18:09,101.5100,28,4
2026-04-24,000858,13:18:12,101.5000,27,2
2026-04-24,000858,13:18:15,101.5000,21,1
2026-04-24,000858,13:18:18,101.5000,14,1
2026-04-24,000858,13:18:21,101.4900,24,2
2026-04-24,000858,13:18:24,101.4900,35,2
2026-04-24,000858,13:18:27,101.4800,28,2
2026-04-24,000858,13:18:30,101.4800,10,2
2026-04-24,000858,13:18:33,101.4700,5,2
2026-04-24,000858,13:18:36,101.4800,7,2
2026-04-24,000858,13:18:39,101.4800,5,4
2026-04-24,000858,13:18:42,101.4900,11,1
2026-04-24,000858,13:18:45,101.4700,7,2
2026-04-24,000858,13:18:48,101.4700,7,2
2026-04-24,000858,13:18:51,101.4700,6,2
2026-04-24,000858,13:18:54,101.4800,8,1
2026-04-24,000858,13:18:57,101.4800,11,1
2026-04-24,000858,13:19:00,101.4800,24,2
2026-04-24,000858,13:19:03,101.4800,14,2
2026-04-24,000858,13:19:06,101.4900,4,1
2026-04-24,000858,13:19:09,101.4800,9,2
2026-04-24,000858,13:19:12,101.4600,24,2
2026-04-24,000858,13:19:15,101.4600,24,2
2026-04-24,000858,13:19:18,101.4800,13,1
2026-04-24,000858,13:19:21,101.4600,8,2
2026-04-24,000858,13:19:24,101.4600,8,2
2026-04-24,000858,13:19:27,101.4600,17,2
2026-04-24,000858,13:19:30,101.4900,14,1
2026-04-24,000858,13:19:33,101.4600,14,2
2026-04-24,000858,13:19:36,101.4500,21,2
2026-04-24,000858,13:19:39,101.5000,24,1
2026-04-24,000858,13:19:42,101.5000,8,1
2026-04-24,000858,13:19:45,101.4600,4,2
2026-04-24,000858,13:19:48,101.4900,10,1
2026-04-24,000858,13:19:51,101.5000,8,1
2026-04-24,000858,13:19:54,101.4600,8,2
2026-04-24,000858,13:19:57,101.4900,8,1
2026-04-24,000858,13:20:00,101.4900,9,2
2026-04-24,000858,13:20:03,101.4900,5,1
2026-04-24,000858,13:20:09,101.4900,41,1
2026-04-24,000858,13:20:12,101.5000,28,1
2026-04-24,000858,13:20:15,101.4900,13,2
2026-04-24,000858,13:20:18,101.4900,12,1
2026-04-24,000858,13:20:21,101.5000,23,1
2026-04-24,000858,13:20:24,101.4800,14,2
2026-04-24,000858,13:20:27,101.4800,7,4
2026-04-24,000858,13:20:30,101.4800,6,2
2026-04-24,000858,13:20:33,101.4900,6,1
2026-04-24,000858,13:20:36,101.4800,7,2
2026-04-24,000858,13:20:39,101.4900,5,1
2026-04-24,000858,13:20:42,101.5300,733,1
2026-04-24,000858,13:20:45,101.4800,128,2
2026-04-24,000858,13:20:48,101.4800,40,2
2026-04-24,000858,13:20:51,101.5300,1,1
2026-04-24,000858,13:20:54,101.4800,48,2
2026-04-24,000858,13:20:57,101.5000,10,2
2026-04-24,000858,13:21:00,101.5000,5,2
2026-04-24,000858,13:21:03,101.5000,2,2
2026-04-24,000858,13:21:06,101.5000,2,2
2026-04-24,000858,13:21:09,101.5000,10,2
2026-04-24,000858,13:21:12,101.5000,4,2
2026-04-24,000858,13:21:18,101.5000,9,1
2026-04-24,000858,13:21:24,101.5000,18,1
2026-04-24,000858,13:21:27,101.5000,67,1
2026-04-24,000858,13:21:30,101.5000,6,1
2026-04-24,000858,13:21:33,101.4800,3,2
2026-04-24,000858,13:21:42,101.4900,21,1
2026-04-24,000858,13:21:48,101.4800,2,2
2026-04-24,000858,13:21:51,101.4800,2,2
2026-04-24,000858,13:21:54,101.4500,59,2
2026-04-24,000858,13:21:57,101.4800,40,1
2026-04-24,000858,13:22:00,101.4400,7,1
2026-04-24,000858,13:22:06,101.4500,19,1
2026-04-24,000858,13:22:09,101.4300,16,2
2026-04-24,000858,13:22:12,101.4400,1,1
2026-04-24,000858,13:22:15,101.4500,6,1
2026-04-24,000858,13:22:18,101.4700,3,1
2026-04-24,000858,13:22:21,101.4500,9,2
2026-04-24,000858,13:22:27,101.4400,3,2
2026-04-24,000858,13:22:30,101.4400,1,2
2026-04-24,000858,13:22:39,101.4400,22,1
2026-04-24,000858,13:22:42,101.4400,9,1
2026-04-24,000858,13:22:45,101.4400,4,1
2026-04-24,000858,13:22:48,101.4400,10,2
2026-04-24,000858,13:22:51,101.4400,23,2
2026-04-24,000858,13:22:54,101.4400,5,1
2026-04-24,000858,13:22:57,101.4400,8,1
2026-04-24,000858,13:23:03,101.4300,3,2
2026-04-24,000858,13:23:06,101.4300,4,2
2026-04-24,000858,13:23:09,101.4300,12,2
2026-04-24,000858,13:23:12,101.4400,15,1
2026-04-24,000858,13:23:15,101.4300,7,2
2026-04-24,000858,13:23:18,101.4500,14,1
2026-04-24,000858,13:23:21,101.4400,12,1
2026-04-24,000858,13:23:24,101.4400,6,2
2026-04-24,000858,13:23:27,101.4400,10,2
2026-04-24,000858,13:23:30,101.4400,10,2
2026-04-24,000858,13:23:33,101.4500,25,1
2026-04-24,000858,13:23:36,101.4600,7,1
2026-04-24,000858,13:23:39,101.4500,12,2
2026-04-24,000858,13:23:45,101.4500,6,2
2026-04-24,000858,13:23:51,101.4400,24,2
2026-04-24,000858,13:23:54,101.4400,1,1
2026-04-24,000858,13:23:57,101.4300,24,2
2026-04-24,000858,13:24:00,101.4300,19,2
2026-04-24,000858,13:24:03,101.4300,4,1
2026-04-24,000858,13:24:06,101.4300,15,1
2026-04-24,000858,13:24:09,101.4200,3,2
2026-04-24,000858,13:24:12,101.4100,2,2
2026-04-24,000858,13:24:15,101.4200,2,1
2026-04-24,000858,13:24:21,101.4100,14,2
2026-04-24,000858,13:24:24,101.4100,18,2
2026-04-24,000858,13:24:27,101.4000,1,2
2026-04-24,000858,13:24:30,101.4000,17,2
2026-04-24,000858,13:24:33,101.4000,31,2
2026-04-24,000858,13:24:36,101.3500,35,2
2026-04-24,000858,13:24:39,101.4000,2,1
2026-04-24,000858,13:24:45,101.4000,7,1
2026-04-24,000858,13:24:48,101.3600,7,2
2026-04-24,000858,13:24:54,101.4000,27,1
2026-04-24,000858,13:24:57,101.3900,1,1
2026-04-24,000858,13:25:00,101.3800,103,2
2026-04-24,000858,13:25:03,101.3800,11,1
2026-04-24,000858,13:25:06,101.3800,2,2
2026-04-24,000858,13:25:09,101.3900,4,1
2026-04-24,000858,13:25:12,101.3900,6,1
2026-04-24,000858,13:25:15,101.3600,3,2
2026-04-24,000858,13:25:18,101.3800,13,2
2026-04-24,000858,13:25:24,101.3600,16,2
2026-04-24,000858,13:25:27,101.3800,18,1
2026-04-24,000858,13:25:30,101.3500,14,2
2026-04-24,000858,13:25:33,101.3900,8,1
2026-04-24,000858,13:25:36,101.3800,3,1
2026-04-24,000858,13:25:39,101.3800,3,2
2026-04-24,000858,13:25:42,101.3700,12,2
2026-04-24,000858,13:25:45,101.3900,10,1
2026-04-24,000858,13:25:48,101.3800,4,1
2026-04-24,000858,13:25:51,101.3900,3,1
2026-04-24,000858,13:25:57,101.3800,10,2
2026-04-24,000858,13:26:00,101.3900,1,1
2026-04-24,000858,13:26:03,101.3800,1,2
2026-04-24,000858,13:26:06,101.3600,11,2
2026-04-24,000858,13:26:09,101.3900,2,1
2026-04-24,000858,13:26:12,101.3800,5,1
2026-04-24,000858,13:26:15,101.3600,4,2
2026-04-24,000858,13:26:18,101.3600,4,2
2026-04-24,000858,13:26:21,101.3700,4,1
2026-04-24,000858,13:26:24,101.3700,2,2
2026-04-24,000858,13:26:27,101.3800,2,1
2026-04-24,000858,13:26:30,101.3700,16,2
2026-04-24,000858,13:26:33,101.3900,10,1
2026-04-24,000858,13:26:36,101.3800,14,1
2026-04-24,000858,13:26:42,101.3900,1,4
2026-04-24,000858,13:26:45,101.3700,4,2
2026-04-24,000858,13:26:48,101.3700,5,2
2026-04-24,000858,13:26:51,101.3700,6,2
2026-04-24,000858,13:26:54,101.3800,5,4
2026-04-24,000858,13:26:57,101.3900,9,1
2026-04-24,000858,13:27:00,101.3700,11,2
2026-04-24,000858,13:27:03,101.3700,9,2
2026-04-24,000858,13:27:12,101.3800,11,2
2026-04-24,000858,13:27:15,101.3800,12,1
2026-04-24,000858,13:27:18,101.3600,5,2
2026-04-24,000858,13:27:21,101.3800,6,1
2026-04-24,000858,13:27:27,101.3700,12,1
2026-04-24,000858,13:27:30,101.3600,9,2
2026-04-24,000858,13:27:33,101.3600,11,2
2026-04-24,000858,13:27:36,101.3600,7,2
2026-04-24,000858,13:27:42,101.3500,42,2
2026-04-24,000858,13:27:45,101.3500,2,1
2026-04-24,000858,13:27:51,101.3300,53,2
2026-04-24,000858,13:27:54,101.3300,31,2
2026-04-24,000858,13:27:57,101.3300,43,1
2026-04-24,000858,13:28:00,101.3200,3,4
2026-04-24,000858,13:28:03,101.3100,6,2
2026-04-24,000858,13:28:06,101.3000,10,2
2026-04-24,000858,13:28:09,101.3100,7,4
2026-04-24,000858,13:28:12,101.3000,13,2
2026-04-24,000858,13:28:15,101.3000,1,1
2026-04-24,000858,13:28:18,101.2900,21,2
2026-04-24,000858,13:28:24,101.2900,6,2
2026-04-24,000858,13:28:27,101.3000,8,1
2026-04-24,000858,13:28:30,101.3000,3,1
2026-04-24,000858,13:28:33,101.2900,18,2
2026-04-24,000858,13:28:39,101.2800,3,2
2026-04-24,000858,13:28:42,101.2800,4,2
2026-04-24,000858,13:28:45,101.2800,12,2
2026-04-24,000858,13:28:48,101.2700,7,2
2026-04-24,000858,13:28:51,101.2700,10,2
2026-04-24,000858,13:28:54,101.2700,20,1
2026-04-24,000858,13:29:00,101.2700,7,2
2026-04-24,000858,13:29:03,101.2800,3,1
2026-04-24,000858,13:29:06,101.2700,2,2
2026-04-24,000858,13:29:09,101.2700,7,2
2026-04-24,000858,13:29:15,101.2700,1,2
2026-04-24,000858,13:29:18,101.2800,5,1
2026-04-24,000858,13:29:21,101.2800,5,1
2026-04-24,000858,13:29:24,101.2800,13,1
2026-04-24,000858,13:29:30,101.2800,2,1
2026-04-24,000858,13:29:33,101.2800,3,1
2026-04-24,000858,13:29:42,101.2700,14,2
2026-04-24,000858,13:29:45,101.2800,12,1
2026-04-24,000858,13:29:48,101.2800,17,1
2026-04-24,000858,13:29:51,101.2800,1,1
2026-04-24,000858,13:29:54,101.2800,4,1
2026-04-24,000858,13:29:57,101.2800,25,1
2026-04-24,000858,13:30:00,101.2800,7,1
2026-04-24,000858,13:30:03,101.2800,8,1
2026-04-24,000858,13:30:06,101.2700,4,2
2026-04-24,000858,13:30:09,101.2700,11,2
2026-04-24,000858,13:30:12,101.2800,8,1
2026-04-24,000858,13:30:15,101.2700,2,2
2026-04-24,000858,13:30:18,101.2800,1,1
2026-04-24,000858,13:30:21,101.2700,8,2
2026-04-24,000858,13:30:24,101.2800,8,1
2026-04-24,000858,13:30:27,101.2700,11,2
2026-04-24,000858,13:30:33,101.2700,6,2
2026-04-24,000858,13:30:36,101.2800,5,1
2026-04-24,000858,13:30:39,101.2700,11,2
2026-04-24,000858,13:30:45,101.2800,4,1
2026-04-24,000858,13:30:48,101.2700,2,2
2026-04-24,000858,13:30:51,101.2700,21,2
2026-04-24,000858,13:30:54,101.2700,16,2
2026-04-24,000858,13:30:57,101.2700,5,2
2026-04-24,000858,13:31:00,101.2700,4,2
2026-04-24,000858,13:31:03,101.2700,5,2
2026-04-24,000858,13:31:06,101.2700,6,2
2026-04-24,000858,13:31:09,101.2700,18,2
2026-04-24,000858,13:31:12,101.2700,10,2
2026-04-24,000858,13:31:15,101.2700,7,1
2026-04-24,000858,13:31:21,101.2700,78,1
2026-04-24,000858,13:31:24,101.2800,5,1
2026-04-24,000858,13:31:27,101.2700,14,2
2026-04-24,000858,13:31:30,101.2700,1,2
2026-04-24,000858,13:31:33,101.2800,1,1
2026-04-24,000858,13:31:36,101.2800,25,1
2026-04-24,000858,13:31:39,101.2700,6,2
2026-04-24,000858,13:31:45,101.2800,28,1
2026-04-24,000858,13:31:48,101.2700,13,2
2026-04-24,000858,13:31:51,101.2700,14,2
2026-04-24,000858,13:31:54,101.2700,3,1
2026-04-24,000858,13:31:57,101.2600,9,2
2026-04-24,000858,13:32:00,101.2700,6,1
2026-04-24,000858,13:32:03,101.2700,10,1
2026-04-24,000858,13:32:06,101.2600,25,2
2026-04-24,000858,13:32:09,101.2700,5,1
2026-04-24,000858,13:32:12,101.2600,20,2
2026-04-24,000858,13:32:18,101.2600,49,1
2026-04-24,000858,13:32:21,101.2500,1,2
2026-04-24,000858,13:32:24,101.2500,6,2
2026-04-24,000858,13:32:27,101.2500,3,2
2026-04-24,000858,13:32:30,101.2500,7,2
2026-04-24,000858,13:32:33,101.2500,7,2
2026-04-24,000858,13:32:36,101.2500,3,1
2026-04-24,000858,13:32:39,101.2500,8,1
2026-04-24,000858,13:32:42,101.2400,26,2
2026-04-24,000858,13:32:45,101.2400,1,1
2026-04-24,000858,13:32:48,101.2400,3,1
2026-04-24,000858,13:32:51,101.2400,13,1
2026-04-24,000858,13:32:54,101.2400,1,1
2026-04-24,000858,13:32:57,101.2300,32,2
2026-04-24,000858,13:33:03,101.2200,7,2
2026-04-24,000858,13:33:06,101.2200,1,2
2026-04-24,000858,13:33:09,101.2400,28,1
2026-04-24,000858,13:33:12,101.2600,34,1
2026-04-24,000858,13:33:15,101.2700,6,1
2026-04-24,000858,13:33:18,101.2700,3,1
2026-04-24,000858,13:33:21,101.2700,43,1
2026-04-24,000858,13:33:24,101.2700,11,1
2026-04-24,000858,13:33:27,101.2700,33,1
2026-04-24,000858,13:33:30,101.2800,7,1
2026-04-24,000858,13:33:36,101.2700,19,2
2026-04-24,000858,13:33:39,101.2800,2,2
2026-04-24,000858,13:33:42,101.3000,12,1
2026-04-24,000858,13:33:45,101.3000,4,1
2026-04-24,000858,13:33:48,101.3000,12,2
2026-04-24,000858,13:33:51,101.2800,2,2
2026-04-24,000858,13:33:54,101.2800,13,2
2026-04-24,000858,13:33:57,101.2900,8,4
2026-04-24,000858,13:34:03,101.2900,7,1
2026-04-24,000858,13:34:06,101.2900,1,1
2026-04-24,000858,13:34:09,101.2800,14,2
2026-04-24,000858,13:34:12,101.2800,3,2
2026-04-24,000858,13:34:15,101.2900,11,1
2026-04-24,000858,13:34:18,101.2800,5,2
2026-04-24,000858,13:34:21,101.2800,11,2
2026-04-24,000858,13:34:27,101.2700,19,2
2026-04-24,000858,13:34:30,101.2800,24,1
2026-04-24,000858,13:34:33,101.2800,5,2
2026-04-24,000858,13:34:39,101.2900,4,1
2026-04-24,000858,13:34:42,101.2900,1,1
2026-04-24,000858,13:34:45,101.2800,22,2
2026-04-24,000858,13:34:48,101.2800,13,2
2026-04-24,000858,13:34:51,101.2900,18,1
2026-04-24,000858,13:34:54,101.2900,16,1
2026-04-24,000858,13:34:57,101.2900,4,1
2026-04-24,000858,13:35:00,101.2800,10,2
2026-04-24,000858,13:35:03,101.2800,71,1
2026-04-24,000858,13:35:06,101.2800,14,2
2026-04-24,000858,13:35:09,101.2800,18,2
2026-04-24,000858,13:35:12,101.2700,4,2
2026-04-24,000858,13:35:15,101.2700,3,2
2026-04-24,000858,13:35:18,101.2800,2,2
2026-04-24,000858,13:35:21,101.2900,15,1
2026-04-24,000858,13:35:27,101.2900,1,2
2026-04-24,000858,13:35:30,101.3000,2,1
2026-04-24,000858,13:35:33,101.2900,13,2
2026-04-24,000858,13:35:36,101.2900,36,2
2026-04-24,000858,13:35:39,101.2900,11,2
2026-04-24,000858,13:35:42,101.2900,5,2
2026-04-24,000858,13:35:45,101.2900,3,2
2026-04-24,000858,13:35:48,101.2900,9,2
2026-04-24,000858,13:35:51,101.3000,101,1
2026-04-24,000858,13:35:54,101.3000,6,2
2026-04-24,000858,13:35:57,101.3100,7,1
2026-04-24,000858,13:36:00,101.3100,1,2
2026-04-24,000858,13:36:03,101.3300,1,1
2026-04-24,000858,13:36:06,101.3100,5,2
2026-04-24,000858,13:36:09,101.3300,3,1
2026-04-24,000858,13:36:15,101.3300,2,2
2026-04-24,000858,13:36:18,101.3300,9,2
2026-04-24,000858,13:36:21,101.3400,33,1
2026-04-24,000858,13:36:24,101.3200,7,2
2026-04-24,000858,13:36:33,101.3300,2,2
2026-04-24,000858,13:36:36,101.3400,9,1
2026-04-24,000858,13:36:39,101.3400,2,1
2026-04-24,000858,13:36:48,101.3400,1,1
2026-04-24,000858,13:36:51,101.3400,3,1
2026-04-24,000858,13:36:54,101.3300,1,2
2026-04-24,000858,13:36:57,101.3400,14,1
2026-04-24,000858,13:37:00,101.3300,3,2
2026-04-24,000858,13:37:03,101.3300,10,2
2026-04-24,000858,13:37:06,101.3300,49,2
2026-04-24,000858,13:37:09,101.3400,22,1
2026-04-24,000858,13:37:12,101.3300,0,1
2026-04-24,000858,13:37:15,101.3400,7,1
2026-04-24,000858,13:37:18,101.3400,1,2
2026-04-24,000858,13:37:27,101.3500,7,1
2026-04-24,000858,13:37:30,101.3500,17,2
2026-04-24,000858,13:37:33,101.3500,2,2
2026-04-24,000858,13:37:36,101.3500,4,2
2026-04-24,000858,13:37:39,101.3500,6,2
2026-04-24,000858,13:37:42,101.3400,7,2
2026-04-24,000858,13:37:45,101.3300,14,2
2026-04-24,000858,13:37:48,101.3400,3,1
2026-04-24,000858,13:37:51,101.3400,6,1
2026-04-24,000858,13:37:57,101.3300,5,1
2026-04-24,000858,13:38:00,101.3300,18,4
2026-04-24,000858,13:38:06,101.3200,3,2
2026-04-24,000858,13:38:12,101.3400,11,1
2026-04-24,000858,13:38:15,101.3300,2,4
2026-04-24,000858,13:38:18,101.3300,12,2
2026-04-24,000858,13:38:21,101.3300,4,2
2026-04-24,000858,13:38:24,101.3300,18,2
2026-04-24,000858,13:38:27,101.3200,15,2
2026-04-24,000858,13:38:30,101.3300,5,1
2026-04-24,000858,13:38:33,101.3200,4,2
2026-04-24,000858,13:38:36,101.3200,6,2
2026-04-24,000858,13:38:39,101.3200,2,2
2026-04-24,000858,13:38:42,101.3300,20,1
2026-04-24,000858,13:38:45,101.3200,6,2
2026-04-24,000858,13:38:48,101.3200,5,2
2026-04-24,000858,13:38:51,101.3100,2,2
2026-04-24,000858,13:38:54,101.3200,5,1
2026-04-24,000858,13:38:57,101.3100,120,2
2026-04-24,000858,13:39:00,101.3000,117,2
2026-04-24,000858,13:39:03,101.3100,35,1
2026-04-24,000858,13:39:06,101.3000,3,2
2026-04-24,000858,13:39:09,101.3100,1,1
2026-04-24,000858,13:39:12,101.3000,59,2
2026-04-24,000858,13:39:15,101.3100,21,1
2026-04-24,000858,13:39:18,101.3000,10,2
2026-04-24,000858,13:39:21,101.3100,3,1
2026-04-24,000858,13:39:24,101.3000,14,2
2026-04-24,000858,13:39:30,101.3100,32,1
2026-04-24,000858,13:39:33,101.3000,25,2
2026-04-24,000858,13:39:39,101.3000,2,2
2026-04-24,000858,13:39:42,101.3100,1,1
2026-04-24,000858,13:39:45,101.3000,53,2
2026-04-24,000858,13:39:48,101.3000,10,2
2026-04-24,000858,13:39:51,101.3000,4,1
2026-04-24,000858,13:39:57,101.3000,3,1
2026-04-24,000858,13:40:00,101.2900,8,2
2026-04-24,000858,13:40:03,101.2900,4,2
2026-04-24,000858,13:40:06,101.2700,53,2
2026-04-24,000858,13:40:09,101.2700,36,2
2026-04-24,000858,13:40:12,101.2600,12,2
2026-04-24,000858,13:40:15,101.2700,2,1
2026-04-24,000858,13:40:18,101.2500,29,2
2026-04-24,000858,13:40:27,101.2600,13,1
2026-04-24,000858,13:40:30,101.2600,5,2
2026-04-24,000858,13:40:33,101.2500,11,2
2026-04-24,000858,13:40:39,101.2600,15,2
2026-04-24,000858,13:40:42,101.2700,19,1
2026-04-24,000858,13:40:45,101.2600,3,2
2026-04-24,000858,13:40:51,101.2600,5,2
2026-04-24,000858,13:40:54,101.2700,5,1
2026-04-24,000858,13:40:57,101.2700,5,1
2026-04-24,000858,13:41:00,101.2800,2,1
2026-04-24,000858,13:41:03,101.2700,5,2
2026-04-24,000858,13:41:09,101.2700,2,2
2026-04-24,000858,13:41:12,101.2700,7,2
2026-04-24,000858,13:41:15,101.2700,2,1
2026-04-24,000858,13:41:18,101.2600,16,2
2026-04-24,000858,13:41:21,101.2600,2,2
2026-04-24,000858,13:41:24,101.2600,1,2
2026-04-24,000858,13:41:27,101.2700,5,1
2026-04-24,000858,13:41:30,101.2700,7,1
2026-04-24,000858,13:41:33,101.2600,13,2
2026-04-24,000858,13:41:36,101.2700,21,1
2026-04-24,000858,13:41:39,101.2700,2,1
2026-04-24,000858,13:41:42,101.2600,15,2
2026-04-24,000858,13:41:45,101.2500,2,2
2026-04-24,000858,13:41:51,101.2500,27,2
2026-04-24,000858,13:41:57,101.2500,2,2
2026-04-24,000858,13:42:00,101.2500,27,2
2026-04-24,000858,13:42:03,101.2500,5,1
2026-04-24,000858,13:42:06,101.2500,3,2
2026-04-24,000858,13:42:09,101.2500,2,2
2026-04-24,000858,13:42:12,101.2600,11,1
2026-04-24,000858,13:42:15,101.2600,32,1
2026-04-24,000858,13:42:18,101.2600,12,1
2026-04-24,000858,13:42:21,101.2600,4,1
2026-04-24,000858,13:42:30,101.2600,14,1
2026-04-24,000858,13:42:33,101.2600,40,1
2026-04-24,000858,13:42:36,101.2600,24,1
2026-04-24,000858,13:42:39,101.2600,4,1
2026-04-24,000858,13:42:45,101.2500,6,2
2026-04-24,000858,13:42:48,101.2700,1,1
2026-04-24,000858,13:42:51,101.2700,1,1
2026-04-24,000858,13:42:54,101.2700,15,1
2026-04-24,000858,13:42:57,101.2700,2,1
2026-04-24,000858,13:43:00,101.2700,23,1
2026-04-24,000858,13:43:03,101.2600,4,2
2026-04-24,000858,13:43:09,101.2700,1,1
2026-04-24,000858,13:43:12,101.2600,4,2
2026-04-24,000858,13:43:15,101.2600,5,2
2026-04-24,000858,13:43:18,101.2600,7,2
2026-04-24,000858,13:43:21,101.2500,10,2
2026-04-24,000858,13:43:24,101.2600,2,2
2026-04-24,000858,13:43:30,101.2600,8,2
2026-04-24,000858,13:43:33,101.2600,5,1
2026-04-24,000858,13:43:36,101.2500,3,2
2026-04-24,000858,13:43:39,101.2500,5,2
2026-04-24,000858,13:43:42,101.2500,26,2
2026-04-24,000858,13:43:45,101.2500,1,2
2026-04-24,000858,13:43:51,101.2500,1,2
2026-04-24,000858,13:43:54,101.2600,4,1
2026-04-24,000858,13:43:57,101.2600,19,1
2026-04-24,000858,13:44:00,101.2700,34,1
2026-04-24,000858,13:44:03,101.2500,7,2
2026-04-24,000858,13:44:06,101.2500,3,2
2026-04-24,000858,13:44:09,101.2500,24,2
2026-04-24,000858,13:44:12,101.2600,2,1
2026-04-24,000858,13:44:15,101.2500,2,2
2026-04-24,000858,13:44:18,101.2500,2,2
2026-04-24,000858,13:44:21,101.2500,5,2
2026-04-24,000858,13:44:24,101.2600,8,1
2026-04-24,000858,13:44:27,101.2500,3,4
2026-04-24,000858,13:44:30,101.2500,3,1
2026-04-24,000858,13:44:33,101.2500,1,1
2026-04-24,000858,13:44:36,101.2400,1,2
2026-04-24,000858,13:44:39,101.2500,22,1
2026-04-24,000858,13:44:42,101.2500,3,1
2026-04-24,000858,13:44:48,101.2400,3,2
2026-04-24,000858,13:44:51,101.2400,2,2
2026-04-24,000858,13:44:54,101.2400,16,2
2026-04-24,000858,13:44:57,101.2400,1,1
2026-04-24,000858,13:45:03,101.2300,3,2
2026-04-24,000858,13:45:06,101.2300,15,2
2026-04-24,000858,13:45:09,101.2300,15,2
2026-04-24,000858,13:45:12,101.2300,3,2
2026-04-24,000858,13:45:15,101.2300,7,2
2026-04-24,000858,13:45:18,101.2300,5,1
2026-04-24,000858,13:45:21,101.2200,12,2
2026-04-24,000858,13:45:24,101.2300,19,1
2026-04-24,000858,13:45:27,101.2300,2,1
2026-04-24,000858,13:45:30,101.2100,3,2
2026-04-24,000858,13:45:33,101.2200,4,1
2026-04-24,000858,13:45:39,101.2100,36,2
2026-04-24,000858,13:45:42,101.2200,3,1
2026-04-24,000858,13:45:45,101.2100,3,2
2026-04-24,000858,13:45:48,101.2100,5,2
2026-04-24,000858,13:45:51,101.2100,36,2
2026-04-24,000858,13:45:54,101.2100,2,2
2026-04-24,000858,13:45:57,101.2100,6,2
2026-04-24,000858,13:46:00,101.2100,1,2
2026-04-24,000858,13:46:06,101.2100,7,2
2026-04-24,000858,13:46:09,101.2100,1,2
2026-04-24,000858,13:46:12,101.2200,8,1
2026-04-24,000858,13:46:15,101.2000,2,2
2026-04-24,000858,13:46:18,101.2100,64,4
2026-04-24,000858,13:46:21,101.2000,46,2
2026-04-24,000858,13:46:24,101.2000,16,2
2026-04-24,000858,13:46:27,101.2100,11,1
2026-04-24,000858,13:46:30,101.2100,16,1
2026-04-24,000858,13:46:33,101.2100,9,1
2026-04-24,000858,13:46:36,101.2000,16,2
2026-04-24,000858,13:46:39,101.2000,8,2
2026-04-24,000858,13:46:42,101.2100,4,4
2026-04-24,000858,13:46:45,101.2000,8,2
2026-04-24,000858,13:46:48,101.2000,9,2
2026-04-24,000858,13:46:51,101.2000,8,2
2026-04-24,000858,13:46:57,101.2100,73,1
2026-04-24,000858,13:47:00,101.2000,2,2
2026-04-24,000858,13:47:06,101.2000,9,2
2026-04-24,000858,13:47:09,101.2000,1,2
2026-04-24,000858,13:47:12,101.2000,8,2
2026-04-24,000858,13:47:15,101.2000,7,2
2026-04-24,000858,13:47:18,101.2100,3,4
2026-04-24,000858,13:47:21,101.2100,2,2
2026-04-24,000858,13:47:24,101.2100,4,2
2026-04-24,000858,13:47:27,101.2200,2,1
2026-04-24,000858,13:47:36,101.2100,10,2
2026-04-24,000858,13:47:39,101.2100,2,2
2026-04-24,000858,13:47:42,101.2100,28,2
2026-04-24,000858,13:47:45,101.2200,12,1
2026-04-24,000858,13:47:54,101.2200,21,1
2026-04-24,000858,13:47:57,101.2200,21,2
2026-04-24,000858,13:48:00,101.2200,2,1
2026-04-24,000858,13:48:03,101.2200,1,1
2026-04-24,000858,13:48:06,101.2100,5,2
2026-04-24,000858,13:48:09,101.2100,1,2
2026-04-24,000858,13:48:12,101.2100,13,2
2026-04-24,000858,13:48:15,101.2100,13,2
2026-04-24,000858,13:48:18,101.2000,31,2
2026-04-24,000858,13:48:21,101.2100,16,1
2026-04-24,000858,13:48:24,101.2100,13,2
2026-04-24,000858,13:48:27,101.2100,3,2
2026-04-24,000858,13:48:30,101.2200,42,1
2026-04-24,000858,13:48:33,101.2100,28,2
2026-04-24,000858,13:48:36,101.2000,13,2
2026-04-24,000858,13:48:39,101.2100,9,1
2026-04-24,000858,13:48:42,101.2000,29,2
2026-04-24,000858,13:48:45,101.2000,35,2
2026-04-24,000858,13:48:48,101.2000,4,2
2026-04-24,000858,13:48:54,101.2000,15,2
2026-04-24,000858,13:48:57,101.2000,8,2
2026-04-24,000858,13:49:00,101.2000,11,2
2026-04-24,000858,13:49:03,101.1900,3,2
2026-04-24,000858,13:49:06,101.1900,4,2
2026-04-24,000858,13:49:12,101.1800,64,2
2026-04-24,000858,13:49:15,101.2000,22,1
2026-04-24,000858,13:49:18,101.1800,109,2
2026-04-24,000858,13:49:21,101.1800,7,1
2026-04-24,000858,13:49:27,101.1700,6,2
2026-04-24,000858,13:49:30,101.1800,2,1
2026-04-24,000858,13:49:33,101.1800,30,1
2026-04-24,000858,13:49:36,101.1800,2,2
2026-04-24,000858,13:49:42,101.1900,6,1
2026-04-24,000858,13:49:45,101.1900,1,1
2026-04-24,000858,13:49:48,101.1900,22,1
2026-04-24,000858,13:49:51,101.1800,3,2
2026-04-24,000858,13:49:54,101.2000,6,1
2026-04-24,000858,13:49:57,101.1900,3,4
2026-04-24,000858,13:50:00,101.1900,9,2
2026-04-24,000858,13:50:06,101.1900,7,2
2026-04-24,000858,13:50:09,101.2000,13,1
2026-04-24,000858,13:50:12,101.2200,8,1
2026-04-24,000858,13:50:15,101.2200,59,1
2026-04-24,000858,13:50:18,101.2200,3,1
2026-04-24,000858,13:50:21,101.2300,1,1
2026-04-24,000858,13:50:27,101.2300,2,1
2026-04-24,000858,13:50:33,101.2200,9,2
2026-04-24,000858,13:50:36,101.2200,18,2
2026-04-24,000858,13:50:39,101.2300,4,1
2026-04-24,000858,13:50:42,101.2300,2,1
2026-04-24,000858,13:50:51,101.2200,11,2
2026-04-24,000858,13:50:54,101.2300,16,1
2026-04-24,000858,13:50:57,101.2400,10,1
2026-04-24,000858,13:51:00,101.2400,1,1
2026-04-24,000858,13:51:03,101.2400,4,1
2026-04-24,000858,13:51:06,101.2300,7,2
2026-04-24,000858,13:51:09,101.2300,3,2
2026-04-24,000858,13:51:12,101.2400,3,1
2026-04-24,000858,13:51:15,101.2400,47,1
2026-04-24,000858,13:51:18,101.2400,54,1
2026-04-24,000858,13:51:21,101.2400,22,1
2026-04-24,000858,13:51:24,101.2500,1,1
2026-04-24,000858,13:51:27,101.2500,16,1
2026-04-24,000858,13:51:30,101.2500,4,1
2026-04-24,000858,13:51:33,101.2500,17,2
2026-04-24,000858,13:51:36,101.2600,1,1
2026-04-24,000858,13:51:39,101.2500,1,2
2026-04-24,000858,13:51:45,101.2600,1,1
2026-04-24,000858,13:51:48,101.2600,8,1
2026-04-24,000858,13:51:51,101.2600,2,1
2026-04-24,000858,13:51:54,101.2600,16,1
2026-04-24,000858,13:51:57,101.2500,9,2
2026-04-24,000858,13:52:00,101.2500,1,2
2026-04-24,000858,13:52:03,101.2500,39,2
2026-04-24,000858,13:52:06,101.2400,3,2
2026-04-24,000858,13:52:09,101.2400,21,2
2026-04-24,000858,13:52:12,101.2500,11,1
2026-04-24,000858,13:52:15,101.2500,30,1
2026-04-24,000858,13:52:18,101.2400,7,2
2026-04-24,000858,13:52:21,101.2500,8,1
2026-04-24,000858,13:52:24,101.2600,50,1
2026-04-24,000858,13:52:27,101.2400,7,2
2026-04-24,000858,13:52:30,101.2400,6,2
2026-04-24,000858,13:52:33,101.2600,2,1
2026-04-24,000858,13:52:36,101.2400,7,2
2026-04-24,000858,13:52:39,101.2400,2,1
2026-04-24,000858,13:52:42,101.2400,4,1
2026-04-24,000858,13:52:45,101.2400,5,2
2026-04-24,000858,13:52:51,101.2400,2,2
2026-04-24,000858,13:52:57,101.2500,1,1
2026-04-24,000858,13:53:00,101.2400,3,2
2026-04-24,000858,13:53:03,101.2400,2,2
2026-04-24,000858,13:53:06,101.2500,12,1
2026-04-24,000858,13:53:09,101.2400,1,2
2026-04-24,000858,13:53:12,101.2500,23,1
2026-04-24,000858,13:53:15,101.2500,2,2
2026-04-24,000858,13:53:24,101.2500,25,2
2026-04-24,000858,13:53:30,101.2500,1,1
2026-04-24,000858,13:53:33,101.2400,1,2
2026-04-24,000858,13:53:36,101.2400,4,2
2026-04-24,000858,13:53:42,101.2400,13,2
2026-04-24,000858,13:53:45,101.2400,1,2
2026-04-24,000858,13:53:48,101.2500,2,1
2026-04-24,000858,13:53:51,101.2500,2,1
2026-04-24,000858,13:53:57,101.2500,6,1
2026-04-24,000858,13:54:00,101.2400,14,2
2026-04-24,000858,13:54:03,101.2400,1,2
2026-04-24,000858,13:54:06,101.2400,3,2
2026-04-24,000858,13:54:09,101.2500,3,1
2026-04-24,000858,13:54:12,101.2400,4,2
2026-04-24,000858,13:54:15,101.2500,5,1
2026-04-24,000858,13:54:18,101.2400,29,2
2026-04-24,000858,13:54:21,101.2500,19,1
2026-04-24,000858,13:54:24,101.2400,4,2
2026-04-24,000858,13:54:27,101.2400,2,2
2026-04-24,000858,13:54:30,101.2500,1,4
2026-04-24,000858,13:54:36,101.2500,5,2
2026-04-24,000858,13:54:39,101.2600,1,1
2026-04-24,000858,13:54:42,101.2500,12,2
2026-04-24,000858,13:54:45,101.2600,6,1
2026-04-24,000858,13:54:48,101.2500,1,4
2026-04-24,000858,13:54:51,101.2500,21,1
2026-04-24,000858,13:54:54,101.2400,5,2
2026-04-24,000858,13:54:57,101.2500,1,4
2026-04-24,000858,13:55:00,101.2400,1,2
2026-04-24,000858,13:55:03,101.2400,25,2
2026-04-24,000858,13:55:06,101.2400,15,2
2026-04-24,000858,13:55:09,101.2400,1,2
2026-04-24,000858,13:55:12,101.2400,12,2
2026-04-24,000858,13:55:15,101.2300,7,2
2026-04-24,000858,13:55:18,101.2400,5,1
2026-04-24,000858,13:55:21,101.2400,21,1
2026-04-24,000858,13:55:24,101.2300,6,2
2026-04-24,000858,13:55:27,101.2400,9,1
2026-04-24,000858,13:55:30,101.2300,4,2
2026-04-24,000858,13:55:33,101.2300,5,2
2026-04-24,000858,13:55:39,101.2200,12,2
2026-04-24,000858,13:55:42,101.2300,20,1
2026-04-24,000858,13:55:45,101.2300,23,2
2026-04-24,000858,13:55:48,101.2300,22,2
2026-04-24,000858,13:55:51,101.2300,1,2
2026-04-24,000858,13:55:54,101.2300,3,2
2026-04-24,000858,13:55:57,101.2300,4,2
2026-04-24,000858,13:56:00,101.2200,10,2
2026-04-24,000858,13:56:03,101.2200,5,2
2026-04-24,000858,13:56:06,101.2300,8,1
2026-04-24,000858,13:56:09,101.2200,5,2
2026-04-24,000858,13:56:12,101.2100,3,2
2026-04-24,000858,13:56:15,101.2100,21,2
2026-04-24,000858,13:56:18,101.2200,15,1
2026-04-24,000858,13:56:24,101.2200,4,1
2026-04-24,000858,13:56:27,101.2200,14,1
2026-04-24,000858,13:56:30,101.2200,2,1
2026-04-24,000858,13:56:33,101.2200,1,1
2026-04-24,000858,13:56:36,101.2100,5,2
2026-04-24,000858,13:56:39,101.2200,5,1
2026-04-24,000858,13:56:42,101.2100,12,2
2026-04-24,000858,13:56:45,101.2200,8,1
2026-04-24,000858,13:56:48,101.2100,3,2
2026-04-24,000858,13:56:54,101.2100,25,1
2026-04-24,000858,13:56:57,101.2100,2,2
2026-04-24,000858,13:57:03,101.2100,2,2
2026-04-24,000858,13:57:06,101.2200,10,1
2026-04-24,000858,13:57:09,101.2100,18,2
2026-04-24,000858,13:57:12,101.2100,2,2
2026-04-24,000858,13:57:15,101.2000,6,2
2026-04-24,000858,13:57:18,101.2000,18,2
2026-04-24,000858,13:57:21,101.2000,1,2
2026-04-24,000858,13:57:24,101.2100,4,1
2026-04-24,000858,13:57:33,101.2100,9,2
2026-04-24,000858,13:57:36,101.2100,2,2
2026-04-24,000858,13:57:39,101.2200,1,1
2026-04-24,000858,13:57:42,101.2100,1,2
2026-04-24,000858,13:57:45,101.2100,2,2
2026-04-24,000858,13:57:48,101.2100,3,2
2026-04-24,000858,13:57:51,101.2100,19,2
2026-04-24,000858,13:57:54,101.2100,2,2
2026-04-24,000858,13:57:57,101.2200,14,1
2026-04-24,000858,13:58:00,101.2100,4,2
2026-04-24,000858,13:58:03,101.2100,1,2
2026-04-24,000858,13:58:06,101.2100,3,2
2026-04-24,000858,13:58:09,101.2100,15,2
2026-04-24,000858,13:58:12,101.2100,16,2
2026-04-24,000858,13:58:15,101.2100,1,2
2026-04-24,000858,13:58:18,101.2100,7,2
2026-04-24,000858,13:58:21,101.2100,10,2
2026-04-24,000858,13:58:24,101.2100,7,2
2026-04-24,000858,13:58:27,101.2100,4,2
2026-04-24,000858,13:58:30,101.2100,13,2
2026-04-24,000858,13:58:33,101.2100,4,2
2026-04-24,000858,13:58:36,101.2100,8,1
2026-04-24,000858,13:58:39,101.2000,3,2
2026-04-24,000858,13:58:42,101.2000,12,2
2026-04-24,000858,13:58:45,101.2000,5,2
2026-04-24,000858,13:58:48,101.2000,42,2
2026-04-24,000858,13:58:51,101.2000,3,2
2026-04-24,000858,13:58:54,101.2100,3,1
2026-04-24,000858,13:58:57,101.2100,4,4
2026-04-24,000858,13:59:03,101.2100,41,2
2026-04-24,000858,13:59:06,101.2100,18,2
2026-04-24,000858,13:59:09,101.2100,7,2
2026-04-24,000858,13:59:12,101.2100,10,2
2026-04-24,000858,13:59:15,101.2400,5,1
2026-04-24,000858,13:59:18,101.2200,1,1
2026-04-24,000858,13:59:21,101.2100,15,2
2026-04-24,000858,13:59:24,101.2000,25,2
2026-04-24,000858,13:59:33,101.2100,3,2
2026-04-24,000858,13:59:36,101.2100,3,2
2026-04-24,000858,13:59:39,101.2400,9,1
2026-04-24,000858,13:59:42,101.2000,14,2
2026-04-24,000858,13:59:48,101.2000,11,2
2026-04-24,000858,13:59:51,101.2000,8,2
2026-04-24,000858,13:59:54,101.2000,3,2
2026-04-24,000858,13:59:57,101.2100,8,1
2026-04-24,000858,14:00:00,101.2000,4,2
2026-04-24,000858,14:00:03,101.1900,6,2
2026-04-24,000858,14:00:06,101.2000,4,2
2026-04-24,000858,14:00:09,101.2000,5,2
2026-04-24,000858,14:00:15,101.2000,4,2
2026-04-24,000858,14:00:21,101.2100,20,1
2026-04-24,000858,14:00:24,101.2000,13,2
2026-04-24,000858,14:00:30,101.2000,6,2
2026-04-24,000858,14:00:33,101.2000,4,2
2026-04-24,000858,14:00:36,101.2000,13,2
2026-04-24,000858,14:00:39,101.2100,2,1
2026-04-24,000858,14:00:42,101.2100,23,1
2026-04-24,000858,14:00:45,101.2000,20,2
2026-04-24,000858,14:00:48,101.2000,5,2
2026-04-24,000858,14:00:51,101.2100,8,1
2026-04-24,000858,14:00:57,101.2000,21,2
2026-04-24,000858,14:01:00,101.2100,16,1
2026-04-24,000858,14:01:03,101.2000,2,2
2026-04-24,000858,14:01:06,101.2000,3,1
2026-04-24,000858,14:01:09,101.2100,27,1
2026-04-24,000858,14:01:12,101.2000,47,2
2026-04-24,000858,14:01:15,101.2100,15,1
2026-04-24,000858,14:01:18,101.2100,12,1
2026-04-24,000858,14:01:21,101.2000,32,2
2026-04-24,000858,14:01:24,101.2000,4,2
2026-04-24,000858,14:01:27,101.2000,2,2
2026-04-24,000858,14:01:30,101.2000,45,2
2026-04-24,000858,14:01:33,101.2100,25,1
2026-04-24,000858,14:01:36,101.2000,28,2
2026-04-24,000858,14:01:39,101.2000,9,2
2026-04-24,000858,14:01:42,101.2100,24,1
2026-04-24,000858,14:01:45,101.2000,9,2
2026-04-24,000858,14:01:48,101.2100,18,1
2026-04-24,000858,14:01:51,101.2400,66,1
2026-04-24,000858,14:01:54,101.2400,20,1
2026-04-24,000858,14:01:57,101.2500,7,1
2026-04-24,000858,14:02:00,101.2400,5,2
2026-04-24,000858,14:02:03,101.2500,14,1
2026-04-24,000858,14:02:06,101.2400,4,2
2026-04-24,000858,14:02:09,101.2500,7,1
2026-04-24,000858,14:02:12,101.2400,3,2
2026-04-24,000858,14:02:15,101.2400,21,2
2026-04-24,000858,14:02:18,101.2400,1,2
2026-04-24,000858,14:02:21,101.2500,8,1
2026-04-24,000858,14:02:24,101.2500,1,1
2026-04-24,000858,14:02:27,101.2500,4,1
2026-04-24,000858,14:02:30,101.2400,2,2
2026-04-24,000858,14:02:36,101.2500,42,1
2026-04-24,000858,14:02:39,101.2500,9,1
2026-04-24,000858,14:02:42,101.2600,35,1
2026-04-24,000858,14:02:45,101.2600,6,1
2026-04-24,000858,14:02:48,101.2400,14,2
2026-04-24,000858,14:02:51,101.2400,6,2
2026-04-24,000858,14:02:54,101.2500,2,2
2026-04-24,000858,14:02:57,101.2500,5,2
2026-04-24,000858,14:03:00,101.2100,68,2
2026-04-24,000858,14:03:03,101.2700,7,1
2026-04-24,000858,14:03:09,101.2600,4,4
2026-04-24,000858,14:03:12,101.2600,3,2
2026-04-24,000858,14:03:15,101.2600,4,4
2026-04-24,000858,14:03:18,101.2300,3,2
2026-04-24,000858,14:03:21,101.2300,8,2
2026-04-24,000858,14:03:24,101.2300,13,2
2026-04-24,000858,14:03:27,101.2200,4,2
2026-04-24,000858,14:03:30,101.2300,1,2
2026-04-24,000858,14:03:33,101.2300,1,2
2026-04-24,000858,14:03:36,101.2700,37,1
2026-04-24,000858,14:03:42,101.2800,1,1
2026-04-24,000858,14:03:45,101.2700,1,2
2026-04-24,000858,14:03:48,101.2900,9,1
2026-04-24,000858,14:03:51,101.2700,8,2
2026-04-24,000858,14:03:54,101.2900,1,1
2026-04-24,000858,14:04:00,101.2800,5,4
2026-04-24,000858,14:04:03,101.2900,13,1
2026-04-24,000858,14:04:06,101.2800,1,2
2026-04-24,000858,14:04:09,101.2800,1,2
2026-04-24,000858,14:04:12,101.2900,5,1
2026-04-24,000858,14:04:15,101.2800,0,1
2026-04-24,000858,14:04:18,101.2900,4,1
2026-04-24,000858,14:04:24,101.2900,18,1
2026-04-24,000858,14:04:27,101.2800,13,2
2026-04-24,000858,14:04:30,101.2800,1,2
2026-04-24,000858,14:04:33,101.3000,4,1
2026-04-24,000858,14:04:36,101.2700,8,2
2026-04-24,000858,14:04:39,101.2800,1,2
2026-04-24,000858,14:04:45,101.2700,10,2
2026-04-24,000858,14:04:48,101.2700,3,2
2026-04-24,000858,14:04:54,101.2800,9,1
2026-04-24,000858,14:04:57,101.2900,6,1
2026-04-24,000858,14:05:00,101.2800,1,2
2026-04-24,000858,14:05:03,101.2800,7,2
2026-04-24,000858,10:44:30,101.4500,69,1
2026-04-24,000858,10:44:33,101.4200,65,2
2026-04-24,000858,10:44:36,101.4300,17,2
2026-04-24,000858,10:44:39,101.4400,5,2
2026-04-24,000858,10:44:42,101.4300,17,2
2026-04-24,000858,10:44:48,101.3800,69,2
2026-04-24,000858,10:44:51,101.4300,42,1
2026-04-24,000858,10:44:54,101.4100,5,2
2026-04-24,000858,10:44:57,101.4300,125,1
2026-04-24,000858,10:45:00,101.4400,139,1
2026-04-24,000858,10:45:03,101.4600,15,2
2026-04-24,000858,10:45:06,101.5000,3,2
2026-04-24,000858,10:45:09,101.5500,4,1
2026-04-24,000858,10:45:15,101.4600,26,2
2026-04-24,000858,10:45:18,101.5200,48,1
2026-04-24,000858,10:45:21,101.4400,11,2
2026-04-24,000858,10:45:24,101.4400,1,1
2026-04-24,000858,10:45:27,101.4300,4,2
2026-04-24,000858,10:45:30,101.4400,4,1
2026-04-24,000858,10:45:33,101.4300,12,2
2026-04-24,000858,10:45:36,101.4400,11,1
2026-04-24,000858,10:45:39,101.4100,10,2
2026-04-24,000858,10:45:42,101.4100,7,2
2026-04-24,000858,10:45:45,101.4000,13,2
2026-04-24,000858,10:45:48,101.4100,9,1
2026-04-24,000858,10:45:51,101.4000,14,2
2026-04-24,000858,10:45:54,101.4000,6,2
2026-04-24,000858,10:45:57,101.4100,68,1
2026-04-24,000858,10:46:00,101.4100,13,1
2026-04-24,000858,10:46:03,101.3900,8,2
2026-04-24,000858,10:46:06,101.3900,25,2
2026-04-24,000858,10:46:12,101.4000,13,4
2026-04-24,000858,10:46:15,101.4300,81,1
2026-04-24,000858,10:46:18,101.4400,18,1
2026-04-24,000858,10:46:21,101.4100,8,2
2026-04-24,000858,10:46:24,101.4100,5,2
2026-04-24,000858,10:46:27,101.4200,6,2
2026-04-24,000858,10:46:30,101.4100,2,2
2026-04-24,000858,10:46:33,101.4200,4,1
2026-04-24,000858,10:46:36,101.4000,113,2
2026-04-24,000858,10:46:39,101.4000,22,2
2026-04-24,000858,10:46:45,101.4000,6,2
2026-04-24,000858,10:46:48,101.3800,55,2
2026-04-24,000858,10:46:51,101.3900,9,1
2026-04-24,000858,10:46:54,101.3900,8,1
2026-04-24,000858,10:46:57,101.3900,10,2
2026-04-24,000858,10:47:00,101.3900,4,2
2026-04-24,000858,10:47:03,101.3800,20,2
2026-04-24,000858,10:47:06,101.3900,6,1
2026-04-24,000858,10:47:09,101.3700,3,2
2026-04-24,000858,10:47:12,101.3800,9,1
2026-04-24,000858,10:47:15,101.3700,25,2
2026-04-24,000858,10:47:18,101.3600,9,2
2026-04-24,000858,10:47:21,101.3600,14,2
2026-04-24,000858,10:47:24,101.3600,10,2
2026-04-24,000858,10:47:27,101.3700,6,1
2026-04-24,000858,10:47:30,101.3500,35,2
2026-04-24,000858,10:47:33,101.3500,17,2
2026-04-24,000858,10:47:36,101.3500,27,1
2026-04-24,000858,10:47:39,101.3300,30,2
2026-04-24,000858,10:47:42,101.3300,7,1
2026-04-24,000858,10:47:45,101.3200,4,2
2026-04-24,000858,10:47:48,101.3100,5,2
2026-04-24,000858,10:47:51,101.3100,22,2
2026-04-24,000858,10:47:54,101.3200,10,1
2026-04-24,000858,10:47:57,101.3200,16,2
2026-04-24,000858,10:48:00,101.3200,59,4
2026-04-24,000858,10:48:03,101.3200,32,1
2026-04-24,000858,10:48:06,101.3000,270,2
2026-04-24,000858,10:48:09,101.3300,231,1
2026-04-24,000858,10:48:12,101.3300,29,2
2026-04-24,000858,10:48:15,101.3100,12,2
2026-04-24,000858,10:48:18,101.3000,8,2
2026-04-24,000858,10:48:21,101.3000,16,2
2026-04-24,000858,10:48:24,101.3300,26,1
2026-04-24,000858,10:48:27,101.3300,12,2
2026-04-24,000858,10:48:30,101.3300,6,2
2026-04-24,000858,10:48:33,101.3400,18,1
2026-04-24,000858,10:48:36,101.3300,19,2
2026-04-24,000858,10:48:42,101.3100,36,2
2026-04-24,000858,10:48:45,101.3400,5,1
2026-04-24,000858,10:48:48,101.3200,12,2
2026-04-24,000858,10:48:51,101.3200,2,2
2026-04-24,000858,10:48:54,101.3200,1,1
2026-04-24,000858,10:49:00,101.3200,2,1
2026-04-24,000858,10:49:03,101.3100,7,2
2026-04-24,000858,10:49:06,101.3000,10,2
2026-04-24,000858,10:49:09,101.3100,36,2
2026-04-24,000858,10:49:12,101.3100,23,2
2026-04-24,000858,10:49:15,101.3000,2,2
2026-04-24,000858,10:49:18,101.3100,10,1
2026-04-24,000858,10:49:21,101.3000,7,2
2026-04-24,000858,10:49:27,101.3100,20,1
2026-04-24,000858,10:49:30,101.3000,45,2
2026-04-24,000858,10:49:33,101.3000,36,2
2026-04-24,000858,10:49:36,101.3000,22,2
2026-04-24,000858,10:49:39,101.3000,5,1
2026-04-24,000858,10:49:42,101.3000,10,1
2026-04-24,000858,10:49:45,101.3000,9,1
2026-04-24,000858,10:49:48,101.2900,19,2
2026-04-24,000858,10:49:51,101.2900,22,1
2026-04-24,000858,10:49:54,101.2900,1,1
2026-04-24,000858,10:49:57,101.2900,17,1
2026-04-24,000858,10:50:00,101.2800,4,2
2026-04-24,000858,10:50:03,101.2900,33,1
2026-04-24,000858,10:50:06,101.2800,52,2
2026-04-24,000858,10:50:09,101.2800,6,1
2026-04-24,000858,10:50:12,101.2800,2,1
2026-04-24,000858,10:50:15,101.2800,5,4
2026-04-24,000858,10:50:18,101.2800,12,2
2026-04-24,000858,10:50:21,101.2800,6,2
2026-04-24,000858,10:50:24,101.3000,108,1
2026-04-24,000858,10:50:27,101.3300,21,1
2026-04-24,000858,10:50:30,101.3300,7,2
2026-04-24,000858,10:50:33,101.3200,2,1
2026-04-24,000858,10:50:36,101.3300,14,1
2026-04-24,000858,10:50:39,101.3200,14,1
2026-04-24,000858,10:50:42,101.3000,14,2
2026-04-24,000858,10:50:45,101.3000,9,2
2026-04-24,000858,10:50:48,101.2900,10,2
2026-04-24,000858,10:50:54,101.3000,2,2
2026-04-24,000858,10:50:57,101.2900,15,2
2026-04-24,000858,10:51:00,101.3100,7,1
2026-04-24,000858,10:51:03,101.2900,37,2
2026-04-24,000858,10:51:06,101.2900,6,2
2026-04-24,000858,10:51:09,101.2900,30,2
2026-04-24,000858,10:51:12,101.2900,27,2
2026-04-24,000858,10:51:15,101.2900,9,1
2026-04-24,000858,10:51:18,101.2800,37,2
2026-04-24,000858,10:51:21,101.2700,18,2
2026-04-24,000858,10:51:24,101.2700,3,2
2026-04-24,000858,10:51:27,101.2600,28,2
2026-04-24,000858,10:51:30,101.2600,5,2
2026-04-24,000858,10:51:33,101.2700,10,1
2026-04-24,000858,10:51:36,101.2500,9,2
2026-04-24,000858,10:51:39,101.2500,14,2
2026-04-24,000858,10:51:42,101.2500,24,2
2026-04-24,000858,10:51:45,101.2500,15,1
2026-04-24,000858,10:51:48,101.2400,45,2
2026-04-24,000858,10:51:51,101.2300,20,2
2026-04-24,000858,10:51:54,101.2300,4,1
2026-04-24,000858,10:51:57,101.2300,15,1
2026-04-24,000858,10:52:00,101.2200,6,2
2026-04-24,000858,10:52:03,101.2500,32,1
2026-04-24,000858,10:52:06,101.2800,7,1
2026-04-24,000858,10:52:09,101.2500,5,2
2026-04-24,000858,10:52:12,101.2500,4,2
2026-04-24,000858,10:52:15,101.2600,7,1
2026-04-24,000858,10:52:21,101.2700,8,1
2026-04-24,000858,10:52:24,101.2600,2,2
2026-04-24,000858,10:52:27,101.2700,15,1
2026-04-24,000858,10:52:30,101.2600,15,2
2026-04-24,000858,10:52:33,101.2600,14,2
2026-04-24,000858,10:52:36,101.2800,3,2
2026-04-24,000858,10:52:39,101.2600,20,2
2026-04-24,000858,10:52:42,101.2900,14,1
2026-04-24,000858,10:52:45,101.2600,17,2
2026-04-24,000858,10:52:48,101.2600,6,2
2026-04-24,000858,10:52:51,101.2600,3,2
2026-04-24,000858,10:52:54,101.3000,5,1
2026-04-24,000858,10:52:57,101.2900,2,2
2026-04-24,000858,10:53:00,101.3000,14,1
2026-04-24,000858,10:53:03,101.2900,18,2
2026-04-24,000858,10:53:06,101.3000,8,1
2026-04-24,000858,10:53:09,101.2800,4,4
2026-04-24,000858,10:53:12,101.2800,5,2
2026-04-24,000858,10:53:15,101.2800,14,2
2026-04-24,000858,10:53:18,101.2900,20,1
2026-04-24,000858,10:53:21,101.2800,14,4
2026-04-24,000858,10:53:24,101.2800,15,1
2026-04-24,000858,10:53:27,101.2800,4,1
2026-04-24,000858,10:53:30,101.2700,13,2
2026-04-24,000858,10:53:33,101.2800,8,1
2026-04-24,000858,10:53:36,101.2700,9,2
2026-04-24,000858,10:53:42,101.2700,3,1
2026-04-24,000858,10:53:45,101.2600,12,2
2026-04-24,000858,10:53:48,101.2600,16,2
2026-04-24,000858,10:53:51,101.2600,10,2
2026-04-24,000858,10:53:54,101.2600,34,2
2026-04-24,000858,10:54:00,101.2600,9,1
2026-04-24,000858,10:54:03,101.2600,24,1
2026-04-24,000858,10:54:06,101.2600,5,1
2026-04-24,000858,10:54:09,101.2600,4,1
2026-04-24,000858,10:54:12,101.2600,13,1
2026-04-24,000858,10:54:15,101.2500,15,2
2026-04-24,000858,10:54:18,101.2300,6,2
2026-04-24,000858,10:54:21,101.2200,27,2
2026-04-24,000858,10:54:24,101.2300,2,4
2026-04-24,000858,10:54:27,101.2200,31,2
2026-04-24,000858,10:54:33,101.2200,44,1
2026-04-24,000858,10:54:36,101.2200,89,1
2026-04-24,000858,10:54:39,101.2000,9,2
2026-04-24,000858,10:54:42,101.1800,16,2
2026-04-24,000858,10:54:45,101.1900,14,4
2026-04-24,000858,10:54:48,101.1900,3,1
2026-04-24,000858,10:54:51,101.1900,52,1
2026-04-24,000858,10:54:54,101.1800,6,1
2026-04-24,000858,10:54:57,101.1700,4,2
2026-04-24,000858,10:55:00,101.1700,8,2
2026-04-24,000858,10:55:03,101.1700,25,2
2026-04-24,000858,10:55:09,101.1700,49,2
2026-04-24,000858,10:55:12,101.1900,42,1
2026-04-24,000858,10:55:15,101.1800,28,1
2026-04-24,000858,10:55:18,101.1900,1,1
2026-04-24,000858,10:55:21,101.1700,21,2
2026-04-24,000858,10:55:24,101.1700,4,2
2026-04-24,000858,10:55:27,101.1700,18,1
2026-04-24,000858,10:55:30,101.1900,5,1
2026-04-24,000858,10:55:33,101.1900,14,1
2026-04-24,000858,10:55:36,101.2000,17,1
2026-04-24,000858,10:55:39,101.1800,7,2
2026-04-24,000858,10:55:42,101.1800,1,2
2026-04-24,000858,10:55:45,101.1900,6,1
2026-04-24,000858,10:55:48,101.1800,19,2
2026-04-24,000858,10:55:51,101.1800,11,2
2026-04-24,000858,10:55:54,101.1800,19,2
2026-04-24,000858,10:55:57,101.1800,5,1
2026-04-24,000858,10:56:00,101.1800,4,2
2026-04-24,000858,10:56:03,101.1900,10,1
2026-04-24,000858,10:56:06,101.1900,11,1
2026-04-24,000858,10:56:09,101.1800,3,2
2026-04-24,000858,10:56:12,101.1900,9,1
2026-04-24,000858,10:56:15,101.1800,13,2
2026-04-24,000858,10:56:18,101.1900,9,1
2026-04-24,000858,10:56:21,101.1900,13,1
2026-04-24,000858,10:56:24,101.1900,5,2
2026-04-24,000858,10:56:30,101.1900,30,2
2026-04-24,000858,10:56:33,101.1900,8,2
2026-04-24,000858,10:56:36,101.1900,1,2
2026-04-24,000858,10:56:39,101.1900,15,2
2026-04-24,000858,10:56:42,101.1900,79,2
2026-04-24,000858,10:56:45,101.1900,5,1
2026-04-24,000858,10:56:48,101.1800,21,2
2026-04-24,000858,10:56:51,101.1900,6,1
2026-04-24,000858,10:56:54,101.1800,4,2
2026-04-24,000858,10:56:57,101.1800,13,2
2026-04-24,000858,10:57:00,101.1800,56,2
2026-04-24,000858,10:57:03,101.1900,14,1
2026-04-24,000858,10:57:06,101.1900,16,2
2026-04-24,000858,10:57:15,101.1900,6,1
2026-04-24,000858,10:57:18,101.1900,34,1
2026-04-24,000858,10:57:21,101.1800,4,2
2026-04-24,000858,10:57:24,101.1800,12,2
2026-04-24,000858,10:57:27,101.1900,18,1
2026-04-24,000858,10:57:30,101.1900,1,1
2026-04-24,000858,10:57:33,101.1800,14,2
2026-04-24,000858,10:57:36,101.1700,76,2
2026-04-24,000858,10:57:39,101.1800,6,1
2026-04-24,000858,10:57:42,101.1800,4,1
2026-04-24,000858,10:57:45,101.1700,21,2
2026-04-24,000858,10:57:48,101.1800,8,1
2026-04-24,000858,10:57:51,101.1700,18,2
2026-04-24,000858,10:57:54,101.1600,10,2
2026-04-24,000858,10:57:57,101.1600,6,2
2026-04-24,000858,10:58:00,101.1600,8,2
2026-04-24,000858,10:58:03,101.1600,4,2
2026-04-24,000858,10:58:06,101.1700,35,1
2026-04-24,000858,10:58:09,101.1600,15,2
2026-04-24,000858,10:58:12,101.1600,46,2
2026-04-24,000858,10:58:15,101.1500,8,2
2026-04-24,000858,10:58:18,101.1100,42,2
2026-04-24,000858,10:58:21,101.1400,9,1
2026-04-24,000858,10:58:24,101.1100,3,2
2026-04-24,000858,10:58:27,101.1100,29,2
2026-04-24,000858,10:58:30,101.1100,3,1
2026-04-24,000858,10:58:33,101.1000,21,2
2026-04-24,000858,10:58:36,101.1100,19,1
2026-04-24,000858,10:58:39,101.1000,5,2
2026-04-24,000858,10:58:42,101.1000,14,2
2026-04-24,000858,10:58:45,101.1000,7,2
2026-04-24,000858,10:58:48,101.1000,37,2
2026-04-24,000858,10:58:51,101.1000,44,2
2026-04-24,000858,10:58:54,101.1000,9,2
2026-04-24,000858,10:58:57,101.1000,12,1
2026-04-24,000858,10:59:00,101.0900,3,2
2026-04-24,000858,10:59:03,101.0900,11,2
2026-04-24,000858,10:59:06,101.0900,10,2
2026-04-24,000858,10:59:09,101.0900,18,2
2026-04-24,000858,10:59:12,101.0900,1,2
2026-04-24,000858,10:59:15,101.0900,23,2
2026-04-24,000858,10:59:18,101.0900,1,1
2026-04-24,000858,10:59:21,101.0900,4,1
2026-04-24,000858,10:59:24,101.0800,18,2
2026-04-24,000858,10:59:27,101.0800,19,2
2026-04-24,000858,10:59:30,101.0800,7,2
2026-04-24,000858,10:59:33,101.0800,5,2
2026-04-24,000858,10:59:36,101.0900,16,1
2026-04-24,000858,10:59:39,101.0900,2,1
2026-04-24,000858,10:59:42,101.0900,30,1
2026-04-24,000858,10:59:45,101.0800,15,2
2026-04-24,000858,10:59:48,101.0700,10,2
2026-04-24,000858,10:59:51,101.0700,10,1
2026-04-24,000858,10:59:54,101.0700,23,1
2026-04-24,000858,10:59:57,101.1000,14,1
2026-04-24,000858,11:00:00,101.0600,2,2
2026-04-24,000858,11:00:03,101.0600,10,2
2026-04-24,000858,11:00:06,101.0600,7,2
2026-04-24,000858,11:00:09,101.0700,11,2
2026-04-24,000858,11:00:12,101.0800,1,1
2026-04-24,000858,11:00:15,101.0900,10,1
2026-04-24,000858,11:00:18,101.0700,10,2
2026-04-24,000858,11:00:21,101.0700,6,2
2026-04-24,000858,11:00:24,101.0700,12,2
2026-04-24,000858,11:00:27,101.0700,9,1
2026-04-24,000858,11:00:30,101.0800,2,2
2026-04-24,000858,11:00:33,101.0800,4,2
2026-04-24,000858,11:00:36,101.0800,3,1
2026-04-24,000858,11:00:39,101.0800,7,1
2026-04-24,000858,11:00:42,101.0800,2,4
2026-04-24,000858,11:00:45,101.0900,20,1
2026-04-24,000858,11:00:48,101.0800,6,2
2026-04-24,000858,11:00:51,101.0800,7,2
2026-04-24,000858,11:00:54,101.0900,8,4
2026-04-24,000858,11:00:57,101.0900,52,2
2026-04-24,000858,11:01:00,101.1000,1,2
2026-04-24,000858,11:01:03,101.1000,7,2
2026-04-24,000858,11:01:06,101.1000,8,2
2026-04-24,000858,11:01:09,101.0900,3,2
2026-04-24,000858,11:01:12,101.1000,28,1
2026-04-24,000858,11:01:15,101.1000,8,1
2026-04-24,000858,11:01:18,101.0800,10,2
2026-04-24,000858,11:01:21,101.0900,2,4
2026-04-24,000858,11:01:24,101.0800,8,2
2026-04-24,000858,11:01:27,101.0800,10,2
2026-04-24,000858,11:01:30,101.0900,3,4
2026-04-24,000858,11:01:33,101.0900,8,2
2026-04-24,000858,11:01:36,101.0800,2,2
2026-04-24,000858,11:01:39,101.0800,1,2
2026-04-24,000858,11:01:42,101.0900,19,1
2026-04-24,000858,11:01:45,101.0900,13,2
2026-04-24,000858,11:01:48,101.0800,2,2
2026-04-24,000858,11:01:51,101.0800,1,2
2026-04-24,000858,11:01:54,101.0900,8,1
2026-04-24,000858,11:01:57,101.0900,40,1
2026-04-24,000858,11:02:00,101.1000,39,1
2026-04-24,000858,11:02:03,101.1000,24,2
2026-04-24,000858,11:02:06,101.1000,28,1
2026-04-24,000858,11:02:09,101.1100,0,1
2026-04-24,000858,11:02:12,101.1100,2,2
2026-04-24,000858,11:02:18,101.1200,12,2
2026-04-24,000858,11:02:21,101.1500,5,1
2026-04-24,000858,11:02:24,101.1600,3,1
2026-04-24,000858,11:02:30,101.1600,5,1
2026-04-24,000858,11:02:33,101.1600,8,1
2026-04-24,000858,11:02:36,101.1600,11,1
2026-04-24,000858,11:02:39,101.1500,24,2
2026-04-24,000858,11:02:42,101.1500,18,2
2026-04-24,000858,11:02:45,101.1400,16,2
2026-04-24,000858,11:02:48,101.1600,8,2
2026-04-24,000858,11:02:57,101.1600,12,2
2026-04-24,000858,11:03:00,101.1800,10,1
2026-04-24,000858,11:03:03,101.1700,2,1
2026-04-24,000858,11:03:06,101.1800,1,2
2026-04-24,000858,11:03:12,101.1900,1,1
2026-04-24,000858,11:03:15,101.1800,20,2
2026-04-24,000858,11:03:18,101.1800,6,2
2026-04-24,000858,11:03:21,101.1700,8,2
2026-04-24,000858,11:03:24,101.1900,27,1
2026-04-24,000858,11:03:27,101.1900,9,1
2026-04-24,000858,11:03:30,101.1900,5,1
2026-04-24,000858,11:03:33,101.1800,8,1
2026-04-24,000858,11:03:36,101.1800,1,1
2026-04-24,000858,11:03:42,101.1800,4,2
2026-04-24,000858,11:03:45,101.1900,40,1
2026-04-24,000858,11:03:48,101.1900,14,1
2026-04-24,000858,11:03:51,101.1900,341,1
2026-04-24,000858,11:03:54,101.1900,24,2
2026-04-24,000858,11:03:57,101.2000,1,4
2026-04-24,000858,11:04:03,101.2100,2,1
2026-04-24,000858,11:04:06,101.2000,6,2
2026-04-24,000858,11:04:09,101.2100,5,1
2026-04-24,000858,11:04:12,101.2500,42,1
2026-04-24,000858,11:04:15,101.2200,3,2
2026-04-24,000858,11:04:18,101.2400,5,1
2026-04-24,000858,11:04:24,101.2400,1,1
2026-04-24,000858,11:04:27,101.2600,5,1
2026-04-24,000858,11:04:30,101.2500,18,4
2026-04-24,000858,11:04:33,101.2600,4,1
2026-04-24,000858,11:04:36,101.2600,4,1
2026-04-24,000858,11:04:39,101.2600,8,1
2026-04-24,000858,11:04:42,101.2600,20,1
2026-04-24,000858,11:04:45,101.2600,43,1
2026-04-24,000858,11:04:48,101.2900,30,1
2026-04-24,000858,11:04:51,101.2700,7,2
2026-04-24,000858,11:04:54,101.3000,9,1
2026-04-24,000858,11:04:57,101.3000,76,1
2026-04-24,000858,11:05:00,101.3000,15,1
2026-04-24,000858,11:05:03,101.2900,4,1
2026-04-24,000858,11:05:06,101.2700,2,2
2026-04-24,000858,11:05:09,101.2800,15,2
2026-04-24,000858,11:05:12,101.3000,7,1
2026-04-24,000858,11:05:15,101.3000,28,1
2026-04-24,000858,11:05:18,101.2800,5,2
2026-04-24,000858,11:05:24,101.2800,1,1
2026-04-24,000858,11:05:27,101.2800,1,1
2026-04-24,000858,11:05:30,101.2800,2,1
2026-04-24,000858,11:05:36,101.2700,2,2
2026-04-24,000858,11:05:39,101.2800,6,1
2026-04-24,000858,11:05:42,101.2700,17,2
2026-04-24,000858,11:05:45,101.2800,1,1
2026-04-24,000858,11:05:48,101.2700,9,2
2026-04-24,000858,11:05:51,101.2700,5,2
2026-04-24,000858,11:05:54,101.2600,12,2
2026-04-24,000858,11:05:57,101.2600,21,2
2026-04-24,000858,11:06:06,101.2600,1,1
2026-04-24,000858,11:06:09,101.2500,31,2
2026-04-24,000858,11:06:12,101.2400,6,2
2026-04-24,000858,11:06:15,101.2400,1,2
2026-04-24,000858,11:06:18,101.2500,1,1
2026-04-24,000858,11:06:21,101.2200,16,2
2026-04-24,000858,11:06:24,101.2100,9,2
2026-04-24,000858,11:06:27,101.2100,4,2
2026-04-24,000858,11:06:30,101.2100,3,1
2026-04-24,000858,11:06:33,101.2100,8,1
2026-04-24,000858,11:06:36,101.2200,16,1
2026-04-24,000858,11:06:39,101.2200,1,1
2026-04-24,000858,11:06:42,101.2000,159,2
2026-04-24,000858,11:06:45,101.2300,1,2
2026-04-24,000858,11:06:48,101.2600,27,1
2026-04-24,000858,11:06:51,101.2200,13,2
2026-04-24,000858,11:06:54,101.2200,7,2
2026-04-24,000858,11:06:57,101.2600,98,1
2026-04-24,000858,11:07:00,101.2600,97,2
2026-04-24,000858,11:07:03,101.3500,33,1
2026-04-24,000858,11:07:06,101.3700,78,1
2026-04-24,000858,11:07:09,101.3700,6,2
2026-04-24,000858,11:07:12,101.3700,5,2
2026-04-24,000858,11:07:15,101.3700,3,2
2026-04-24,000858,11:07:18,101.3700,4,1
2026-04-24,000858,11:07:21,101.4100,20,1
2026-04-24,000858,11:07:24,101.3600,8,4
2026-04-24,000858,11:07:27,101.3700,2,1
2026-04-24,000858,11:07:30,101.3700,3,1
2026-04-24,000858,11:07:33,101.3600,13,2
2026-04-24,000858,11:07:36,101.3700,30,1
2026-04-24,000858,11:07:39,101.4000,9,1
2026-04-24,000858,11:07:42,101.3700,1,2
2026-04-24,000858,11:07:45,101.4000,37,1
2026-04-24,000858,11:07:48,101.3700,34,2
2026-04-24,000858,11:07:51,101.3700,6,2
2026-04-24,000858,11:07:54,101.4000,8,1
2026-04-24,000858,11:07:57,101.3700,37,2
2026-04-24,000858,11:08:00,101.4600,79,1
2026-04-24,000858,11:08:03,101.4600,1,2
2026-04-24,000858,11:08:06,101.4500,3,2
2026-04-24,000858,11:08:09,101.4400,6,1
2026-04-24,000858,11:08:12,101.4500,8,1
2026-04-24,000858,11:08:15,101.3700,8,2
2026-04-24,000858,11:08:18,101.4600,34,1
2026-04-24,000858,11:08:21,101.4000,13,2
2026-04-24,000858,11:08:24,101.3800,21,2
2026-04-24,000858,11:08:27,101.3800,26,2
2026-04-24,000858,11:08:30,101.3800,5,2
2026-04-24,000858,11:08:33,101.4300,4,1
2026-04-24,000858,11:08:36,101.3900,13,2
2026-04-24,000858,11:08:39,101.3900,7,2
2026-04-24,000858,11:08:42,101.4100,6,1
2026-04-24,000858,11:08:45,101.4100,9,2
2026-04-24,000858,11:08:48,101.4500,8,1
2026-04-24,000858,11:08:51,101.4200,101,2
2026-04-24,000858,11:08:54,101.4500,27,1
2026-04-24,000858,11:08:57,101.4500,6,1
2026-04-24,000858,11:09:00,101.4300,2,2
2026-04-24,000858,11:09:03,101.4400,4,1
2026-04-24,000858,11:09:09,101.4300,5,2
2026-04-24,000858,11:09:12,101.4400,1,1
2026-04-24,000858,11:09:15,101.4300,3,2
2026-04-24,000858,11:09:18,101.4300,7,2
