date,code,time,price,volume,bs
2026-01-23,600519,14:06:38,1342.3400,14,2
2026-01-23,600519,14:06:41,1342.3400,2,2
2026-01-23,600519,14:06:44,1342.3400,1,2
2026-01-23,600519,14:06:47,1342.3400,1,2
2026-01-23,600519,14:06:50,1342.4000,6,1
2026-01-23,600519,14:06:53,1342.5000,7,1
2026-01-23,600519,14:06:56,1342.5200,18,1
2026-01-23,600519,14:06:59,1342.3600,9,2
2026-01-23,600519,14:07:02,1342.5900,5,1
2026-01-23,600519,14:07:05,1342.6500,7,1
2026-01-23,600519,14:07:08,1342.6600,8,1
2026-01-23,600519,14:07:11,1342.5200,6,2
2026-01-23,600519,14:07:14,1342.5900,5,1
2026-01-23,600519,14:07:17,1342.5200,2,2
2026-01-23,600519,14:07:20,1342.5200,8,2
2026-01-23,600519,14:07:23,1342.5200,1,2
2026-01-23,600519,14:07:26,1342.5200,5,1
2026-01-23,600519,14:07:29,1342.5400,4,1
2026-01-23,600519,14:07:32,1342.5900,4,1
2026-01-23,600519,14:07:35,1342.5900,6,1
2026-01-23,600519,14:07:38,1342.6000,1,1
2026-01-23,600519,14:07:41,1342.6000,3,2
2026-01-23,600519,14:07:44,1342.6000,1,2
2026-01-23,600519,14:07:47,1342.6300,5,1
2026-01-23,600519,14:07:50,1342.6400,1,1
2026-01-23,600519,14:07:53,1342.6500,1,4
2026-01-23,600519,14:07:56,1342.6400,3,2
2026-01-23,600519,14:07:59,1342.6600,3,1
2026-01-23,600519,14:08:02,1342.6600,4,1
2026-01-23,600519,14:08:05,1342.6600,7,1
2026-01-23,600519,14:08:08,1342.6801,17,1
2026-01-23,600519,14:08:11,1342.6899,16,1
2026-01-23,600519,14:08:14,1342.6899,18,1
2026-01-23,600519,14:08:17,1342.7000,4,1
2026-01-23,600519,14:08:20,1342.6899,5,2
2026-01-23,600519,14:08:23,1342.6600,2,2
2026-01-23,600519,14:08:26,1342.6600,7,2
2026-01-23,600519,14:08:32,1342.6700,9,2
2026-01-23,600519,14:08:35,1342.6600,10,2
2026-01-23,600519,14:08:38,1342.6801,4,1
2026-01-23,600519,14:08:44,1342.7000,10,1
2026-01-23,600519,14:08:47,1342.6801,4,2
2026-01-23,600519,14:08:50,1342.6801,3,2
2026-01-23,600519,14:08:53,1342.7900,1,1
2026-01-23,600519,14:08:56,1342.7900,8,2
2026-01-23,600519,14:08:59,1342.9900,15,1
2026-01-23,600519,14:09:02,1342.7900,10,2
2026-01-23,600519,14:09:05,1343.0000,14,1
2026-01-23,600519,14:09:08,1343.0500,6,1
2026-01-23,600519,14:09:11,1343.0500,8,1
2026-01-23,600519,14:09:14,1343.0100,25,2
2026-01-23,600519,14:09:17,1343.0900,44,1
2026-01-23,600519,14:09:20,1342.1801,27,2
2026-01-23,600519,14:09:23,1342.0500,91,2
2026-01-23,600519,14:09:26,1341.7100,26,2
2026-01-23,600519,14:09:29,1341.5300,16,2
2026-01-23,600519,14:09:32,1341.3199,14,2
2026-01-23,600519,14:09:35,1341.6899,6,1
2026-01-23,600519,14:09:38,1341.5000,10,2
2026-01-23,600519,14:09:41,1341.0900,12,2
2026-01-23,600519,14:09:44,1341.0200,12,2
2026-01-23,600519,14:09:47,1341.0300,8,2
2026-01-23,600519,14:09:50,1341.0100,78,2
2026-01-23,600519,14:09:53,1340.6500,25,2
2026-01-23,600519,14:09:56,1341.0000,17,1
2026-01-23,600519,14:09:59,1340.5601,12,2
2026-01-23,600519,14:10:02,1340.6500,9,1
2026-01-23,600519,14:10:05,1340.5601,11,1
2026-01-23,600519,14:10:08,1340.9500,2,1
2026-01-23,600519,14:10:11,1340.5000,8,2
2026-01-23,600519,14:10:14,1340.5800,3,2
2026-01-23,600519,14:10:17,1340.5900,10,2
2026-01-23,600519,14:10:20,1341.0000,7,1
2026-01-23,600519,14:10:23,1340.9500,13,1
2026-01-23,600519,14:10:26,1340.8500,12,2
2026-01-23,600519,14:10:29,1340.5601,13,2
2026-01-23,600519,14:10:32,1340.8400,14,1
2026-01-23,600519,14:10:35,1340.4800,13,2
2026-01-23,600519,14:10:38,1340.4500,21,2
2026-01-23,600519,14:10:41,1340.4000,9,2
2026-01-23,600519,14:10:44,1340.3800,5,2
2026-01-23,600519,14:10:47,1340.2000,17,2
2026-01-23,600519,14:10:50,1340.1300,13,2
2026-01-23,600519,14:10:53,1340.1801,10,1
2026-01-23,600519,14:10:56,1340.0000,39,2
2026-01-23,600519,14:10:59,1340.0000,20,2
2026-01-23,600519,14:11:02,1339.9200,214,2
2026-01-23,600519,14:11:05,1339.6801,19,2
2026-01-23,600519,14:11:08,1339.5699,28,2
2026-01-23,600519,14:11:11,1339.2300,19,2
2026-01-23,600519,14:11:14,1339.3300,24,2
2026-01-23,600519,14:11:17,1339.2000,40,2
2026-01-23,600519,14:11:20,1339.2900,7,2
2026-01-23,600519,14:11:23,1339.2900,15,2
2026-01-23,600519,14:11:26,1339.2900,18,2
2026-01-23,600519,14:11:29,1339.1700,11,2
2026-01-23,600519,14:11:32,1339.1100,15,2
2026-01-23,600519,14:11:35,1339.0900,19,2
2026-01-23,600519,14:11:38,1339.1000,18,1
2026-01-23,600519,14:11:41,1339.0800,25,1
2026-01-23,600519,14:11:44,1339.0200,22,2
2026-01-23,600519,14:11:47,1339.0601,15,1
2026-01-23,600519,14:11:50,1339.0601,15,2
2026-01-23,600519,14:11:53,1339.0100,14,2
2026-01-23,600519,14:11:56,1339.0100,15,2
2026-01-23,600519,14:11:59,1339.0000,21,2
2026-01-23,600519,14:12:02,1339.0000,31,2
2026-01-23,600519,14:12:05,1339.0000,18,2
2026-01-23,600519,14:12:08,1338.9900,122,2
2026-01-23,600519,14:12:11,1338.9800,19,1
2026-01-23,600519,14:12:14,1338.9000,23,2
2026-01-23,600519,14:12:17,1338.9200,23,2
2026-01-23,600519,14:12:20,1338.8800,24,2
2026-01-23,600519,14:12:23,1338.8800,21,2
2026-01-23,600519,14:12:26,1338.8600,29,2
2026-01-23,600519,14:12:29,1338.8800,19,1
2026-01-23,600519,14:12:32,1338.8700,29,1
2026-01-23,600519,14:12:35,1338.8800,7,1
2026-01-23,600519,14:12:38,1338.8600,14,2
2026-01-23,600519,14:12:41,1338.8800,14,1
2026-01-23,600519,14:12:44,1338.8800,21,2
2026-01-23,600519,14:12:47,1338.9100,25,1
2026-01-23,600519,14:12:50,1338.8000,26,2
2026-01-23,600519,14:12:53,1338.7000,28,2
2026-01-23,600519,14:12:56,1338.7800,12,1
2026-01-23,600519,14:12:59,1338.7000,23,2
2026-01-23,600519,14:13:02,1338.8700,19,1
2026-01-23,600519,14:13:05,1338.6600,10,2
2026-01-23,600519,14:13:08,1338.6801,18,1
2026-01-23,600519,14:13:11,1338.6801,10,2
2026-01-23,600519,14:13:14,1338.9000,11,1
2026-01-23,600519,14:13:17,1338.9000,9,1
2026-01-23,600519,14:13:20,1338.9301,9,1
2026-01-23,600519,14:13:23,1338.9000,23,2
2026-01-23,600519,14:13:26,1339.2700,11,1
2026-01-23,600519,14:13:29,1339.2800,10,1
2026-01-23,600519,14:13:32,1339.9100,14,1
2026-01-23,600519,14:13:35,1339.2800,9,2
2026-01-23,600519,14:13:38,1340.1700,19,1
2026-01-23,600519,14:13:41,1340.4000,7,1
2026-01-23,600519,14:13:44,1340.4000,10,2
2026-01-23,600519,14:13:47,1340.4000,14,2
2026-01-23,600519,14:13:50,1340.5900,14,2
2026-01-23,600519,14:13:53,1340.6300,8,1
2026-01-23,600519,14:13:56,1339.9301,17,2
2026-01-23,600519,14:13:59,1339.3000,36,2
2026-01-23,600519,14:14:02,1339.0000,11,2
2026-01-23,600519,14:14:05,1339.0200,23,2
2026-01-23,600519,14:14:08,1339.0800,15,1
2026-01-23,600519,14:14:11,1338.9100,12,2
2026-01-23,600519,14:14:14,1339.6300,9,1
2026-01-23,600519,14:14:17,1339.0500,20,2
2026-01-23,600519,14:14:20,1339.9200,24,1
2026-01-23,600519,14:14:23,1339.0100,14,2
2026-01-23,600519,14:14:26,1339.0601,18,1
2026-01-23,600519,14:14:29,1339.5699,13,2
2026-01-23,600519,14:14:32,1339.9500,18,1
2026-01-23,600519,14:14:35,1340.6400,16,1
2026-01-23,600519,14:14:38,1340.6801,5,1
2026-01-23,600519,14:14:41,1340.8400,12,1
2026-01-23,600519,14:14:44,1340.2000,5,2
2026-01-23,600519,14:14:47,1340.6400,17,1
2026-01-23,600519,14:14:50,1340.6500,10,2
2026-01-23,600519,14:14:53,1340.2100,8,2
2026-01-23,600519,14:14:56,1340.5500,20,1
2026-01-23,600519,14:14:59,1340.2000,2,1
2026-01-23,600519,14:15:02,1339.6600,14,2
2026-01-23,600519,14:15:05,1339.9200,6,2
2026-01-23,600519,14:15:11,1339.9500,3,2
2026-01-23,600519,14:15:14,1340.0000,5,2
2026-01-23,600519,14:15:17,1339.9600,1,2
2026-01-23,600519,14:15:20,1340.2500,9,1
2026-01-23,600519,14:15:23,1341.3199,20,1
2026-01-23,600519,14:15:26,1341.3199,8,1
2026-01-23,600519,14:15:29,1341.2500,36,2
2026-01-23,600519,14:15:32,1341.1600,4,2
2026-01-23,600519,14:15:35,1341.2000,1,1
2026-01-23,600519,14:15:38,1340.7900,2,2
2026-01-23,600519,14:15:41,1341.2000,7,2
2026-01-23,600519,14:15:44,1341.2000,10,1
2026-01-23,600519,14:15:47,1341.2000,9,1
2026-01-23,600519,14:15:50,1340.2500,4,2
2026-01-23,600519,14:15:53,1340.1300,4,2
2026-01-23,600519,14:15:56,1340.0000,8,2
2026-01-23,600519,14:15:59,1341.2000,1,1
2026-01-23,600519,14:16:02,1340.1899,17,2
2026-01-23,600519,14:16:05,1341.2000,2,1
2026-01-23,600519,14:16:08,1341.3000,5,1
2026-01-23,600519,14:16:11,1341.2000,3,2
2026-01-23,600519,14:16:14,1341.3000,9,1
2026-01-23,600519,14:16:17,1341.3000,11,1
2026-01-23,600519,14:16:20,1341.3000,3,2
2026-01-23,600519,14:16:23,1341.3000,1,2
2026-01-23,600519,14:16:26,1341.3000,3,2
2026-01-23,600519,14:16:29,1341.3000,12,1
2026-01-23,600519,14:16:32,1341.9900,9,2
2026-01-23,600519,14:16:35,1341.9600,4,2
2026-01-23,600519,14:16:38,1341.9600,11,2
2026-01-23,600519,14:16:41,1341.8400,2,2
2026-01-23,600519,14:16:44,1341.3000,2,2
2026-01-23,600519,14:16:47,1341.3000,16,2
2026-01-23,600519,14:16:50,1341.2500,1,2
2026-01-23,600519,14:16:53,1341.2500,2,2
2026-01-23,600519,14:16:56,1341.2100,2,2
2026-01-23,600519,14:16:59,1341.3000,1,1
2026-01-23,600519,14:17:02,1341.3000,3,1
2026-01-23,600519,14:17:05,1341.3000,11,1
2026-01-23,600519,14:17:08,1341.3000,9,1
2026-01-23,600519,14:17:11,1341.2600,4,2
2026-01-23,600519,14:17:14,1341.3000,5,2
2026-01-23,600519,14:17:17,1341.3000,14,1
2026-01-23,600519,14:17:20,1341.2100,1,2
2026-01-23,600519,14:17:23,1341.2600,1,2
2026-01-23,600519,14:17:26,1341.2100,2,2
2026-01-23,600519,14:17:29,1341.2200,6,2
2026-01-23,600519,14:17:32,1341.2100,2,2
2026-01-23,600519,14:17:35,1341.3000,2,1
2026-01-23,600519,14:17:38,1341.2200,11,2
2026-01-23,600519,14:17:41,1341.3199,2,2
2026-01-23,600519,14:17:44,1341.3199,4,2
2026-01-23,600519,14:17:47,1341.3199,3,1
2026-01-23,600519,14:17:50,1341.2100,9,2
2026-01-23,600519,14:17:56,1341.3000,5,2
2026-01-23,600519,14:17:59,1341.2600,2,2
2026-01-23,600519,14:18:02,1341.3199,1,1
2026-01-23,600519,14:18:05,1341.2400,4,2
2026-01-23,600519,14:18:08,1341.2400,2,2
2026-01-23,600519,14:18:11,1341.3199,8,1
2026-01-23,600519,14:18:14,1341.5000,7,1
2026-01-23,600519,14:18:17,1341.5000,4,2
2026-01-23,600519,14:18:20,1341.8600,6,1
2026-01-23,600519,14:18:23,1341.8700,6,1
2026-01-23,600519,14:18:26,1341.8700,4,1
2026-01-23,600519,14:18:29,1341.8800,1,1
2026-01-23,600519,14:18:32,1341.8900,6,1
2026-01-23,600519,14:18:35,1341.8700,5,2
2026-01-23,600519,14:18:38,1341.8600,13,1
2026-01-23,600519,14:18:41,1342.0000,14,1
2026-01-23,600519,14:18:44,1341.8700,8,2
2026-01-23,600519,14:18:47,1341.8600,1,1
2026-01-23,600519,14:18:50,1342.0000,4,1
2026-01-23,600519,14:18:53,1342.0900,6,1
2026-01-23,600519,14:18:56,1342.0500,4,2
2026-01-23,600519,14:18:59,1342.0500,3,2
2026-01-23,600519,14:19:02,1342.1801,6,1
2026-01-23,600519,14:19:05,1342.1801,12,2
2026-01-23,600519,14:19:08,1342.1801,23,2
2026-01-23,600519,14:19:11,1342.1100,12,2
2026-01-23,600519,14:19:14,1342.1801,3,1
2026-01-23,600519,14:19:17,1342.1100,4,2
2026-01-23,600519,14:19:20,1342.1801,3,1
2026-01-23,600519,14:19:23,1342.2000,8,2
2026-01-23,600519,14:19:26,1342.0900,5,2
2026-01-23,600519,14:19:29,1342.0500,23,2
2026-01-23,600519,14:19:32,1342.0500,1,2
2026-01-23,600519,14:19:35,1342.0400,3,2
2026-01-23,600519,14:19:38,1342.0500,4,1
2026-01-23,600519,14:19:41,1342.0400,12,2
2026-01-23,600519,14:19:44,1342.0900,6,1
2026-01-23,600519,14:19:47,1342.0900,16,1
2026-01-23,600519,14:19:50,1342.1000,9,1
2026-01-23,600519,14:19:56,1342.0900,3,2
2026-01-23,600519,14:19:59,1342.1000,2,2
2026-01-23,600519,14:20:02,1342.1000,5,2
2026-01-23,600519,14:20:05,1342.3500,7,1
2026-01-23,600519,14:20:08,1342.4301,6,1
2026-01-23,600519,14:20:11,1342.3500,7,2
2026-01-23,600519,14:20:14,1342.4200,9,2
2026-01-23,600519,14:20:17,1342.4000,12,2
2026-01-23,600519,14:20:20,1342.3600,8,2
2026-01-23,600519,14:20:23,1342.4800,2,1
2026-01-23,600519,14:20:26,1342.3101,2,2
2026-01-23,600519,14:20:29,1342.4200,2,1
2026-01-23,600519,14:20:32,1342.3199,8,2
2026-01-23,600519,14:20:35,1342.3199,4,2
2026-01-23,600519,14:20:38,1342.3199,13,2
2026-01-23,600519,14:20:41,1342.3199,2,1
2026-01-23,600519,14:20:44,1342.0601,1,2
2026-01-23,600519,14:20:47,1342.0601,2,2
2026-01-23,600519,14:20:50,1342.0601,9,2
2026-01-23,600519,14:20:53,1342.0900,2,2
2026-01-23,600519,14:20:56,1342.3000,7,1
2026-01-23,600519,14:20:59,1342.3199,3,1
2026-01-23,600519,14:21:02,1342.3000,4,2
2026-01-23,600519,14:21:05,1342.3000,4,2
2026-01-23,600519,14:21:08,1342.3199,9,1
2026-01-23,600519,14:21:11,1342.3199,3,1
2026-01-23,600519,14:21:14,1342.3000,7,2
2026-01-23,600519,14:21:17,1342.3000,4,1
2026-01-23,600519,14:21:20,1342.4000,18,1
2026-01-23,600519,14:21:23,1342.4900,9,1
2026-01-23,600519,14:21:26,1342.5000,10,1
2026-01-23,600519,14:21:29,1342.5601,8,2
2026-01-23,600519,14:21:32,1342.6500,3,1
2026-01-23,600519,14:21:35,1342.6100,15,2
2026-01-23,600519,14:21:38,1342.5100,22,2
2026-01-23,600519,14:21:41,1342.4900,6,2
2026-01-23,600519,14:21:44,1342.6500,18,1
2026-01-23,600519,14:21:47,1342.6600,21,1
2026-01-23,600519,14:21:50,1342.6500,13,1
2026-01-23,600519,14:21:53,1342.6700,6,2
2026-01-23,600519,14:21:56,1342.6600,5,2
2026-01-23,600519,14:21:59,1342.7300,6,2
2026-01-23,600519,14:22:02,1342.8000,4,1
2026-01-23,600519,14:22:05,1342.6600,10,2
2026-01-23,600519,14:22:08,1342.7100,6,2
2026-01-23,600519,14:22:11,1342.6600,6,2
2026-01-23,600519,14:22:14,1342.6600,4,2
2026-01-23,600519,14:22:17,1342.6700,11,2
2026-01-23,600519,14:22:20,1342.6700,1,2
2026-01-23,600519,14:22:23,1342.6700,5,2
2026-01-23,600519,14:22:26,1342.7900,1,1
2026-01-23,600519,14:22:29,1342.8000,2,1
2026-01-23,600519,14:22:32,1342.8101,12,1
2026-01-23,600519,14:22:35,1342.7900,11,1
2026-01-23,600519,14:22:38,1342.8101,7,1
2026-01-23,600519,14:22:41,1342.8101,11,2
2026-01-23,600519,14:22:44,1342.8199,2,2
2026-01-23,600519,14:22:47,1342.8900,8,1
2026-01-23,600519,14:22:50,1342.7600,8,2
2026-01-23,600519,14:22:53,1342.6801,9,2
2026-01-23,600519,14:22:56,1342.7500,1,1
2026-01-23,600519,14:22:59,1342.7100,7,2
2026-01-23,600519,14:23:02,1342.6801,9,2
2026-01-23,600519,14:23:05,1342.6700,6,2
2026-01-23,600519,14:23:08,1342.6500,10,2
2026-01-23,600519,14:23:11,1342.6801,10,1
2026-01-23,600519,14:23:14,1342.6500,7,2
2026-01-23,600519,14:23:17,1342.6100,4,2
2026-01-23,600519,14:23:20,1342.6500,2,1
2026-01-23,600519,14:23:23,1342.6600,7,1
2026-01-23,600519,14:23:26,1342.6600,1,1
2026-01-23,600519,14:23:29,1342.6300,15,1
2026-01-23,600519,14:23:32,1342.6300,6,1
2026-01-23,600519,14:23:35,1342.5900,7,4
2026-01-23,600519,14:23:38,1342.5800,17,2
2026-01-23,600519,14:23:41,1342.5300,7,2
2026-01-23,600519,14:23:47,1342.5100,18,2
2026-01-23,600519,14:23:50,1342.5000,14,2
2026-01-23,600519,14:23:53,1342.5000,20,2
2026-01-23,600519,14:23:56,1342.4600,5,2
2026-01-23,600519,14:23:59,1342.4500,3,2
2026-01-23,600519,14:24:02,1342.4600,5,2
2026-01-23,600519,14:24:05,1342.3000,18,2
2026-01-23,600519,14:24:08,1342.4200,4,1
2026-01-23,600519,14:24:11,1342.4500,6,1
2026-01-23,600519,14:24:14,1342.4500,7,2
2026-01-23,600519,14:24:17,1342.4600,5,1
2026-01-23,600519,14:24:20,1342.2400,14,2
2026-01-23,600519,14:24:23,1342.4000,11,1
2026-01-23,600519,14:24:26,1342.4500,4,1
2026-01-23,600519,14:24:29,1342.4500,23,1
2026-01-23,600519,14:24:32,1342.0601,7,2
2026-01-23,600519,14:24:35,1342.0601,2,2
2026-01-23,600519,14:24:38,1342.0601,8,1
2026-01-23,600519,14:24:41,1342.0601,8,1
2026-01-23,600519,14:24:44,1342.0500,4,2
2026-01-23,600519,14:24:47,1342.0000,8,2
2026-01-23,600519,14:24:50,1342.0100,2,2
2026-01-23,600519,14:24:53,1342.0400,3,1
2026-01-23,600519,14:24:56,1342.0000,18,2
2026-01-23,600519,14:24:59,1342.0601,4,1
2026-01-23,600519,14:25:02,1342.0601,11,1
2026-01-23,600519,14:25:05,1342.1400,7,1
2026-01-23,600519,14:25:08,1342.1000,2,2
2026-01-23,600519,14:25:11,1342.3800,4,1
2026-01-23,600519,14:25:14,1342.4600,7,1
2026-01-23,600519,14:25:17,1342.4600,9,1
2026-01-23,600519,14:25:20,1342.4600,11,1
2026-01-23,600519,14:25:23,1342.4301,6,2
2026-01-23,600519,14:25:26,1342.5000,3,1
2026-01-23,600519,14:25:29,1342.4800,12,2
2026-01-23,600519,14:25:32,1342.4800,4,1
2026-01-23,600519,14:25:35,1342.4100,2,2
2026-01-23,600519,14:25:38,1342.4800,2,1
2026-01-23,600519,14:25:41,1342.4600,5,2
2026-01-23,600519,14:25:44,1342.4100,9,2
2026-01-23,600519,14:25:50,1342.4000,2,2
2026-01-23,600519,14:25:53,1342.4100,7,2
2026-01-23,600519,14:25:56,1342.4100,8,2
2026-01-23,600519,14:25:59,1342.4100,12,2
2026-01-23,600519,14:26:02,1342.4800,5,2
2026-01-23,600519,14:26:05,1342.4900,1,2
2026-01-23,600519,14:26:08,1342.4800,5,2
2026-01-23,600519,14:26:11,1342.4900,3,1
2026-01-23,600519,14:26:14,1342.5601,12,2
2026-01-23,600519,14:26:17,1342.5900,2,1
2026-01-23,600519,14:26:20,1342.7200,6,2
2026-01-23,600519,14:26:23,1342.7400,2,2
2026-01-23,600519,14:26:26,1342.8000,1,1
2026-01-23,600519,14:26:29,1342.7900,11,1
2026-01-23,600519,14:26:32,1342.7600,7,2
2026-01-23,600519,14:26:35,1342.7200,6,2
2026-01-23,600519,14:26:38,1342.7100,4,2
2026-01-23,600519,14:26:41,1342.7200,4,1
2026-01-23,600519,14:26:44,1342.7200,2,2
2026-01-23,600519,14:26:47,1342.7200,3,2
2026-01-23,600519,14:26:50,1342.7200,4,1
2026-01-23,600519,14:26:53,1342.7200,17,1
2026-01-23,600519,14:26:56,1342.7100,20,2
2026-01-23,600519,14:26:59,1342.7200,7,2
2026-01-23,600519,14:27:02,1342.7700,5,1
2026-01-23,600519,14:27:05,1342.8700,37,1
2026-01-23,600519,14:27:08,1342.7800,3,2
2026-01-23,600519,14:27:11,1342.7700,12,2
2026-01-23,600519,14:27:14,1342.7300,11,2
2026-01-23,600519,14:27:17,1342.7200,10,2
2026-01-23,600519,14:27:20,1342.8800,8,1
2026-01-23,600519,14:27:23,1342.7200,2,2
2026-01-23,600519,14:27:26,1342.7200,14,2
2026-01-23,600519,14:27:29,1342.8600,4,1
2026-01-23,600519,14:27:32,1342.8600,4,1
2026-01-23,600519,14:27:35,1342.7300,6,2
2026-01-23,600519,14:27:38,1342.8700,2,1
2026-01-23,600519,14:27:41,1342.7400,2,2
2026-01-23,600519,14:27:44,1342.7400,2,2
2026-01-23,600519,14:27:47,1342.8800,11,1
2026-01-23,600519,14:27:50,1342.7300,17,2
2026-01-23,600519,14:27:53,1342.8800,2,1
2026-01-23,600519,14:27:56,1342.8500,22,2
2026-01-23,600519,14:27:59,1342.9100,8,2
2026-01-23,600519,14:28:02,1342.9000,11,2
2026-01-23,600519,14:28:05,1342.8500,12,2
2026-01-23,600519,14:28:08,1342.8600,4,2
2026-01-23,600519,14:28:11,1342.9500,4,1
2026-01-23,600519,14:28:14,1342.9600,2,1
2026-01-23,600519,14:28:17,1342.9800,4,1
2026-01-23,600519,14:28:20,1343.0000,15,1
2026-01-23,600519,14:28:23,1343.0000,22,1
2026-01-23,600519,14:28:26,1343.1000,8,1
2026-01-23,600519,14:28:29,1343.0100,1,1
2026-01-23,600519,14:28:32,1343.0100,12,2
2026-01-23,600519,14:28:35,1343.1700,13,1
2026-01-23,600519,14:28:38,1343.0100,7,2
2026-01-23,600519,14:28:41,1343.0100,1,2
2026-01-23,600519,14:28:44,1343.1700,5,1
2026-01-23,600519,14:28:47,1343.0000,9,2
2026-01-23,600519,14:28:50,1343.0000,19,1
2026-01-23,600519,14:28:53,1342.9500,9,2
2026-01-23,600519,14:28:56,1342.9600,4,4
2026-01-23,600519,14:28:59,1342.9800,2,4
2026-01-23,600519,14:29:02,1343.0100,9,1
2026-01-23,600519,14:29:05,1342.9800,13,2
2026-01-23,600519,14:29:08,1343.0000,8,1
2026-01-23,600519,14:29:11,1342.9700,8,2
2026-01-23,600519,14:29:14,1343.0000,5,1
2026-01-23,600519,14:29:17,1342.9500,17,2
2026-01-23,600519,14:29:20,1342.8600,26,2
2026-01-23,600519,14:29:23,1342.9000,8,2
2026-01-23,600519,14:29:26,1342.7300,4,2
2026-01-23,600519,14:29:29,1342.9800,10,1
2026-01-23,600519,14:29:32,1343.0000,8,1
2026-01-23,600519,14:29:35,1342.9200,3,1
2026-01-23,600519,14:29:38,1342.9700,3,1
2026-01-23,600519,14:29:41,1342.6500,32,2
2026-01-23,600519,14:29:44,1341.8900,57,2
2026-01-23,600519,14:29:47,1340.2200,37,2
2026-01-23,600519,14:29:50,1340.2200,30,2
2026-01-23,600519,14:29:53,1340.3500,31,2
2026-01-23,600519,14:29:56,1340.3900,13,2
2026-01-23,600519,14:29:59,1340.2900,19,2
2026-01-23,600519,14:30:02,1340.1400,23,2
2026-01-23,600519,14:30:05,1340.1000,56,2
2026-01-23,600519,14:30:08,1340.0000,28,2
2026-01-23,600519,14:30:11,1340.0000,16,2
2026-01-23,600519,14:30:14,1340.0000,23,2
2026-01-23,600519,14:30:17,1340.0000,238,2
2026-01-23,600519,14:30:20,1339.9200,27,2
2026-01-23,600519,14:30:23,1339.9800,30,1
2026-01-23,600519,14:30:26,1339.5500,22,1
2026-01-23,600519,14:30:29,1340.0100,20,1
2026-01-23,600519,14:30:32,1340.0100,13,1
2026-01-23,600519,14:30:35,1340.0100,16,2
2026-01-23,600519,14:30:38,1339.5500,32,2
2026-01-23,600519,14:30:41,1339.5000,34,2
2026-01-23,600519,14:30:44,1339.5800,17,2
2026-01-23,600519,14:30:47,1339.5699,32,2
2026-01-23,600519,14:30:50,1339.1899,36,2
2026-01-23,600519,14:30:53,1339.5699,15,1
2026-01-23,600519,14:30:56,1339.5800,33,2
2026-01-23,600519,14:30:59,1339.4800,33,1
2026-01-23,600519,14:31:02,1339.1400,17,2
2026-01-23,600519,14:31:05,1339.2300,23,2
2026-01-23,600519,14:31:08,1339.2300,32,2
2026-01-23,600519,14:31:11,1339.4800,33,2
2026-01-23,600519,14:31:14,1339.2000,38,2
2026-01-23,600519,14:31:17,1339.4399,50,1
2026-01-23,600519,14:31:20,1339.0601,43,2
2026-01-23,600519,14:31:23,1341.2100,49,1
2026-01-23,600519,14:31:26,1339.0800,37,2
2026-01-23,600519,14:31:29,1339.2000,15,2
2026-01-23,600519,14:31:32,1339.0900,23,2
2026-01-23,600519,14:31:35,1339.0800,47,2
2026-01-23,600519,14:31:38,1339.0500,55,2
2026-01-23,600519,14:31:41,1338.8900,123,2
2026-01-23,600519,14:31:44,1339.0601,72,1
2026-01-23,600519,14:31:47,1338.9700,32,2
2026-01-23,600519,14:31:50,1339.0699,35,1
2026-01-23,600519,14:31:53,1338.8000,37,2
2026-01-23,600519,14:31:56,1338.9500,16,1
2026-01-23,600519,14:31:59,1338.7000,19,2
2026-01-23,600519,14:32:02,1338.6700,48,2
2026-01-23,600519,14:32:05,1338.6000,18,2
2026-01-23,600519,14:32:08,1338.5000,145,2
2026-01-23,600519,14:32:11,1338.2800,44,2
2026-01-23,600519,14:32:14,1338.1801,24,2
2026-01-23,600519,14:32:17,1338.2400,32,1
2026-01-23,600519,14:32:20,1338.2400,49,1
2026-01-23,600519,14:32:23,1338.2800,70,1
2026-01-23,600519,14:32:26,1338.3500,23,1
2026-01-23,600519,14:32:29,1338.3000,33,2
2026-01-23,600519,14:32:32,1338.3000,38,2
2026-01-23,600519,14:32:35,1338.3000,22,2
2026-01-23,600519,14:32:38,1338.2800,29,2
2026-01-23,600519,14:32:41,1338.3600,29,1
2026-01-23,600519,14:32:44,1338.2200,28,2
2026-01-23,600519,14:32:47,1338.0200,58,2
2026-01-23,600519,14:32:50,1338.0601,448,2
2026-01-23,600519,14:32:53,1337.5000,94,2
2026-01-23,600519,14:32:56,1337.3600,30,2
2026-01-23,600519,14:32:59,1337.3000,20,2
2026-01-23,600519,14:33:02,1337.0000,46,2
2026-01-23,600519,14:33:05,1337.0000,111,2
2026-01-23,600519,14:33:08,1336.9000,30,2
2026-01-23,600519,14:33:11,1336.6600,19,2
2026-01-23,600519,14:33:14,1336.6801,47,4
2026-01-23,600519,14:33:17,1336.5900,43,1
2026-01-23,600519,14:33:20,1336.1899,27,2
2026-01-23,600519,14:33:23,1336.6600,42,1
2026-01-23,600519,14:33:26,1336.1100,38,2
2026-01-23,600519,14:33:29,1336.2800,18,1
2026-01-23,600519,14:33:32,1336.6500,66,1
2026-01-23,600519,14:33:35,1336.5900,14,2
2026-01-23,600519,14:33:38,1336.6600,77,1
2026-01-23,600519,14:33:41,1336.6600,32,2
2026-01-23,600519,14:33:44,1336.9000,18,1
2026-01-23,600519,14:33:47,1336.6600,50,2
2026-01-23,600519,14:33:50,1336.9100,38,1
2026-01-23,600519,14:33:53,1336.6100,67,2
2026-01-23,600519,14:33:56,1336.1000,65,2
2026-01-23,600519,14:33:59,1336.0100,46,2
2026-01-23,600519,14:34:02,1336.1100,35,1
2026-01-23,600519,14:34:05,1336.0200,38,2
2026-01-23,600519,14:34:08,1336.1000,54,1
2026-01-23,600519,14:34:11,1336.1000,35,2
2026-01-23,600519,14:34:14,1336.0200,54,2
2026-01-23,600519,14:34:17,1336.0200,62,2
2026-01-23,600519,14:34:20,1336.0100,62,2
2026-01-23,600519,14:34:23,1336.1000,34,1
2026-01-23,600519,14:34:26,1336.0200,98,2
2026-01-23,600519,14:34:29,1336.0200,44,2
2026-01-23,600519,14:34:32,1336.0200,37,2
2026-01-23,600519,14:34:35,1336.0200,44,2
2026-01-23,600519,14:34:38,1336.0000,72,2
2026-01-23,600519,14:34:41,1336.0200,23,1
2026-01-23,600519,14:34:44,1336.0000,529,2
2026-01-23,600519,14:34:47,1335.9600,39,1
2026-01-23,600519,14:34:50,1335.5900,48,2
2026-01-23,600519,14:34:53,1335.5000,75,2
2026-01-23,600519,14:34:56,1335.3600,65,2
2026-01-23,600519,14:34:59,1335.3600,36,2
2026-01-23,600519,14:35:02,1335.3600,28,1
2026-01-23,600519,14:35:05,1335.3000,42,2
2026-01-23,600519,14:35:08,1335.3000,82,2
2026-01-23,600519,14:35:11,1335.2800,44,2
2026-01-23,600519,14:35:14,1335.2300,62,2
2026-01-23,600519,14:35:17,1335.1801,21,2
2026-01-23,600519,14:35:20,1335.1801,33,2
2026-01-23,600519,14:35:23,1335.0601,49,2
2026-01-23,600519,14:35:26,1335.0100,49,2
2026-01-23,600519,14:35:29,1335.0200,43,4
2026-01-23,600519,14:35:32,1335.0100,76,2
2026-01-23,600519,14:35:35,1335.0200,211,1
2026-01-23,600519,14:35:38,1335.0300,44,1
2026-01-23,600519,14:35:41,1335.0100,69,2
2026-01-23,600519,14:35:44,1335.0100,68,2
2026-01-23,600519,14:35:47,1335.0200,131,1
2026-01-23,600519,14:35:50,1335.0100,49,2
2026-01-23,600519,14:35:53,1335.0000,54,2
2026-01-23,600519,14:35:56,1335.0100,83,2
2026-01-23,600519,14:35:59,1334.5601,645,2
2026-01-23,600519,14:36:02,1333.3400,150,2
2026-01-23,600519,14:36:05,1334.3000,41,1
2026-01-23,600519,14:36:08,1334.3000,49,1
2026-01-23,600519,14:36:11,1333.3400,29,2
2026-01-23,600519,14:36:14,1334.5300,37,1
2026-01-23,600519,14:36:17,1334.5300,21,1
2026-01-23,600519,14:36:20,1334.9500,28,1
2026-01-23,600519,14:36:23,1335.2500,85,1
2026-01-23,600519,14:36:26,1335.9500,46,1
2026-01-23,600519,14:36:29,1335.7800,21,2
2026-01-23,600519,14:36:32,1336.7700,19,1
2026-01-23,600519,14:36:35,1336.1300,22,2
2026-01-23,600519,14:36:38,1336.1200,22,1
2026-01-23,600519,14:36:41,1336.1200,23,2
2026-01-23,600519,14:36:44,1335.9600,31,2
2026-01-23,600519,14:36:47,1335.5200,21,2
2026-01-23,600519,14:36:50,1335.7100,35,1
2026-01-23,600519,14:36:53,1335.0000,54,2
2026-01-23,600519,14:36:56,1334.8700,52,2
2026-01-23,600519,14:36:59,1334.8600,30,2
2026-01-23,600519,14:37:02,1335.0000,74,1
2026-01-23,600519,14:37:05,1335.0100,37,2
2026-01-23,600519,14:37:08,1335.0000,82,2
2026-01-23,600519,14:37:11,1334.9301,49,2
2026-01-23,600519,14:37:14,1334.9301,44,1
2026-01-23,600519,14:37:17,1334.0100,63,2
2026-01-23,600519,14:37:20,1334.0100,26,2
2026-01-23,600519,14:37:23,1334.0000,68,2
2026-01-23,600519,14:37:26,1333.5000,47,2
2026-01-23,600519,14:37:29,1333.4399,65,2
2026-01-23,600519,14:37:32,1333.3800,44,2
2026-01-23,600519,14:37:35,1333.4000,73,1
2026-01-23,600519,14:37:38,1333.3300,75,2
2026-01-23,600519,14:37:41,1333.3300,115,2
2026-01-23,600519,14:37:44,1333.2800,44,2
2026-01-23,600519,14:37:47,1333.1801,53,2
2026-01-23,600519,14:37:50,1333.0100,75,2
2026-01-23,600519,14:37:53,1333.0200,64,2
2026-01-23,600519,14:37:56,1333.0100,46,2
2026-01-23,600519,14:37:59,1333.0100,54,2
2026-01-23,600519,14:38:02,1333.0100,320,2
2026-01-23,600519,14:38:05,1333.1899,26,2
2026-01-23,600519,14:38:08,1333.0000,126,2
2026-01-23,600519,14:38:11,1333.8000,179,1
2026-01-23,600519,14:38:14,1333.2800,44,2
2026-01-23,600519,14:38:17,1333.8400,31,2
2026-01-23,600519,14:38:20,1333.2300,18,2
2026-01-23,600519,14:38:23,1333.2800,42,2
2026-01-23,600519,14:38:26,1333.1700,35,2
2026-01-23,600519,14:38:29,1333.1801,38,1
2026-01-23,600519,14:38:32,1333.1700,50,1
2026-01-23,600519,14:38:35,1333.0900,27,2
2026-01-23,600519,14:38:38,1333.7100,27,1
2026-01-23,600519,14:38:41,1333.0900,55,2
2026-01-23,600519,14:38:44,1333.0000,63,2
2026-01-23,600519,14:38:47,1333.1700,39,1
2026-01-23,600519,14:38:50,1333.1700,49,1
2026-01-23,600519,14:38:53,1333.0000,48,2
2026-01-23,600519,14:38:56,1333.0000,116,2
2026-01-23,600519,14:38:59,1332.7100,42,2
2026-01-23,600519,14:39:02,1333.0200,38,1
2026-01-23,600519,14:39:05,1333.0000,42,2
2026-01-23,600519,14:39:08,1333.5800,29,1
2026-01-23,600519,14:39:11,1333.5800,44,1
2026-01-23,600519,14:39:14,1333.1000,35,2
2026-01-23,600519,14:39:17,1333.1000,32,1
2026-01-23,600519,14:39:20,1333.7800,33,1
2026-01-23,600519,14:39:23,1333.2000,35,2
2026-01-23,600519,14:39:26,1333.1000,32,2
2026-01-23,600519,14:39:29,1333.1000,19,2
2026-01-23,600519,14:39:32,1333.1100,21,2
2026-01-23,600519,14:39:35,1333.4500,30,2
2026-01-23,600519,14:39:38,1333.7900,12,2
2026-01-23,600519,14:39:41,1334.4100,17,1
2026-01-23,600519,14:39:44,1334.3800,16,2
2026-01-23,600519,14:39:47,1334.3800,13,1
2026-01-23,600519,14:39:50,1334.5000,35,2
2026-01-23,600519,14:39:53,1333.2200,25,2
2026-01-23,600519,14:39:56,1334.5000,8,1
2026-01-23,600519,14:39:59,1334.0000,25,2
2026-01-23,600519,14:40:02,1334.3800,17,2
2026-01-23,600519,14:40:05,1334.9500,14,1
2026-01-23,600519,14:40:08,1334.9600,13,1
2026-01-23,600519,14:40:11,1335.0000,15,1
2026-01-23,600519,14:40:14,1335.7100,11,1
2026-01-23,600519,14:40:17,1335.7100,14,1
2026-01-23,600519,14:40:20,1335.7100,8,1
2026-01-23,600519,14:40:23,1335.1899,7,2
2026-01-23,600519,14:40:26,1335.5200,7,1
2026-01-23,600519,14:40:29,1335.0100,21,2
2026-01-23,600519,14:40:32,1335.5200,19,1
2026-01-23,600519,14:40:35,1335.5200,13,1
2026-01-23,600519,14:40:41,1335.7100,7,1
2026-01-23,600519,14:40:44,1335.7100,6,1
2026-01-23,600519,14:40:47,1335.7200,4,1
2026-01-23,600519,14:40:50,1335.7200,2,2
2026-01-23,600519,14:40:53,1335.8000,10,2
2026-01-23,600519,14:40:56,1335.9900,2,1
2026-01-23,600519,14:40:59,1336.1000,11,1
2026-01-23,600519,14:41:02,1336.0300,11,2
2026-01-23,600519,14:41:05,1336.2500,11,2
2026-01-23,600519,14:41:08,1336.4900,2,1
2026-01-23,600519,14:41:11,1336.7500,5,1
2026-01-23,600519,14:41:14,1336.4900,8,2
2026-01-23,600519,14:41:17,1336.4700,23,2
2026-01-23,600519,14:41:20,1336.7500,11,1
2026-01-23,600519,14:41:23,1336.7500,6,2
2026-01-23,600519,14:41:26,1336.7700,7,1
2026-01-23,600519,14:41:29,1336.9000,17,1
2026-01-23,600519,14:41:32,1336.7600,16,2
2026-01-23,600519,14:41:35,1336.7700,6,1
2026-01-23,600519,14:41:38,1336.7700,5,1
2026-01-23,600519,14:41:41,1336.9000,2,1
2026-01-23,600519,14:41:44,1336.8800,12,1
2026-01-23,600519,14:41:47,1336.7800,11,2
2026-01-23,600519,14:41:50,1336.8700,3,1
2026-01-23,600519,14:41:53,1336.8900,20,4
2026-01-23,600519,14:41:56,1336.9000,6,1
2026-01-23,600519,14:41:59,1336.9000,5,2
2026-01-23,600519,14:42:02,1337.0000,7,1
2026-01-23,600519,14:42:05,1337.0000,7,1
2026-01-23,600519,14:42:08,1336.9900,6,2
2026-01-23,600519,14:42:11,1337.2100,2,1
2026-01-23,600519,14:42:14,1337.0300,8,2
2026-01-23,600519,14:42:17,1337.0300,5,1
2026-01-23,600519,14:42:20,1337.0300,6,2
2026-01-23,600519,14:42:23,1337.3500,4,1
2026-01-23,600519,14:42:26,1337.3101,5,2
2026-01-23,600519,14:42:29,1337.3700,7,2
2026-01-23,600519,14:42:32,1337.4200,6,1
2026-01-23,600519,14:42:35,1337.4301,2,2
2026-01-23,600519,14:42:38,1337.5000,1,1
2026-01-23,600519,14:42:41,1337.5000,14,2
2026-01-23,600519,14:42:44,1337.5800,10,1
2026-01-23,600519,14:42:47,1337.5601,5,2
2026-01-23,600519,14:42:50,1337.5900,6,1
2026-01-23,600519,14:42:53,1337.5800,9,2
2026-01-23,600519,14:42:56,1337.6500,6,1
2026-01-23,600519,14:42:59,1337.6500,11,1
2026-01-23,600519,14:43:02,1337.5699,28,2
2026-01-23,600519,14:43:05,1337.2600,35,2
2026-01-23,600519,14:43:08,1337.0300,13,2
2026-01-23,600519,14:43:11,1336.9800,32,2
2026-01-23,600519,14:43:14,1336.9100,12,2
2026-01-23,600519,14:43:17,1336.9000,13,2
2026-01-23,600519,14:43:20,1336.9100,8,1
2026-01-23,600519,14:43:23,1336.9000,6,2
2026-01-23,600519,14:43:26,1336.8900,5,4
2026-01-23,600519,14:43:29,1336.9100,10,1
2026-01-23,600519,14:43:32,1336.9100,10,2
2026-01-23,600519,14:43:35,1336.9100,7,1
2026-01-23,600519,14:43:41,1337.0000,10,2
2026-01-23,600519,14:43:44,1337.0000,1,2
2026-01-23,600519,14:43:47,1337.0000,4,2
2026-01-23,600519,14:43:50,1337.0000,10,2
2026-01-23,600519,14:43:53,1337.1100,2,2
2026-01-23,600519,14:43:56,1337.2100,3,1
2026-01-23,600519,14:43:59,1337.2000,12,1
2026-01-23,600519,14:44:02,1337.2000,3,1
2026-01-23,600519,14:44:05,1337.1000,15,2
2026-01-23,600519,14:44:08,1337.1000,2,2
2026-01-23,600519,14:44:11,1337.0100,7,2
2026-01-23,600519,14:44:14,1336.9100,8,2
2026-01-23,600519,14:44:17,1336.9100,20,2
2026-01-23,600519,14:44:20,1336.9000,8,2
2026-01-23,600519,14:44:23,1337.0000,11,1
2026-01-23,600519,14:44:26,1337.0800,5,4
2026-01-23,600519,14:44:29,1337.0900,13,1
2026-01-23,600519,14:44:32,1337.0900,14,1
2026-01-23,600519,14:44:35,1337.0900,6,2
2026-01-23,600519,14:44:38,1337.1600,6,1
2026-01-23,600519,14:44:41,1337.1100,7,2
2026-01-23,600519,14:44:44,1337.2100,8,1
2026-01-23,600519,14:44:47,1337.1200,6,2
2026-01-23,600519,14:44:50,1337.1200,11,2
2026-01-23,600519,14:44:53,1337.1000,9,2
2026-01-23,600519,14:44:56,1337.1600,6,1
2026-01-23,600519,14:44:59,1337.1700,13,1
2026-01-23,600519,14:45:02,1337.1600,8,1
2026-01-23,600519,14:45:05,1337.0900,21,2
2026-01-23,600519,14:45:08,1337.0500,5,2
2026-01-23,600519,14:45:11,1337.2200,4,1
2026-01-23,600519,14:45:14,1337.2200,4,2
2026-01-23,600519,14:45:17,1337.2100,8,1
2026-01-23,600519,14:45:20,1337.2500,20,1
2026-01-23,600519,14:45:23,1337.2200,3,2
2026-01-23,600519,14:45:26,1337.2200,6,2
2026-01-23,600519,14:45:29,1337.2300,7,2
2026-01-23,600519,14:45:32,1337.1000,13,2
2026-01-23,600519,14:45:35,1337.2800,4,1
2026-01-23,600519,14:45:38,1337.2200,5,2
2026-01-23,600519,14:45:41,1337.1200,3,2
2026-01-23,600519,14:45:44,1337.1000,5,2
2026-01-23,600519,14:45:47,1337.0100,8,2
2026-01-23,600519,14:45:50,1336.9700,15,2
2026-01-23,600519,14:45:53,1336.9000,8,2
2026-01-23,600519,14:45:56,1336.8500,10,2
2026-01-23,600519,14:45:59,1336.8500,9,2
2026-01-23,600519,14:46:02,1336.8500,8,2
2026-01-23,600519,14:46:05,1336.7600,9,2
2026-01-23,600519,14:46:08,1336.7400,16,2
2026-01-23,600519,14:46:11,1336.7400,13,1
2026-01-23,600519,14:46:14,1336.6600,3,2
2026-01-23,600519,14:46:17,1336.6100,4,2
2026-01-23,600519,14:46:20,1336.5601,7,2
2026-01-23,600519,14:46:23,1336.6000,2,1
2026-01-23,600519,14:46:26,1336.6600,2,1
2026-01-23,600519,14:46:29,1336.7300,22,1
2026-01-23,600519,14:46:32,1336.6700,31,2
2026-01-23,600519,14:46:35,1337.0000,4,1
2026-01-23,600519,14:46:38,1336.6899,5,2
2026-01-23,600519,14:46:41,1337.0100,10,1
2026-01-23,600519,14:46:44,1337.0800,14,1
2026-01-23,600519,14:46:47,1336.9900,11,1
2026-01-23,600519,14:46:50,1337.1100,23,1
2026-01-23,600519,14:46:53,1337.2000,11,1
2026-01-23,600519,14:46:56,1337.1100,11,2
2026-01-23,600519,14:46:59,1337.2000,9,1
2026-01-23,600519,14:47:02,1337.0000,8,2
2026-01-23,600519,14:47:08,1337.1100,10,1
2026-01-23,600519,14:47:11,1337.1000,5,1
2026-01-23,600519,14:47:14,1336.9200,30,2
2026-01-23,600519,14:47:17,1336.6600,30,2
2026-01-23,600519,14:47:20,1336.6801,32,2
2026-01-23,600519,14:47:23,1336.6600,35,2
2026-01-23,600519,14:47:26,1336.7400,22,4
2026-01-23,600519,14:47:29,1336.7200,19,2
2026-01-23,600519,14:47:32,1336.7500,20,1
2026-01-23,600519,14:47:35,1336.7000,21,2
2026-01-23,600519,14:47:38,1336.7000,30,2
2026-01-23,600519,14:47:41,1336.7000,23,2
2026-01-23,600519,14:47:44,1336.7000,16,2
2026-01-23,600519,14:47:47,1336.7000,17,2
2026-01-23,600519,14:47:50,1336.5000,27,2
2026-01-23,600519,14:47:53,1336.5000,23,2
2026-01-23,600519,14:47:56,1336.7400,34,1
2026-01-23,600519,14:47:59,1336.7600,45,1
2026-01-23,600519,14:48:02,1336.1000,15,2
2026-01-23,600519,14:48:05,1336.1100,47,2
2026-01-23,600519,14:48:08,1336.0100,30,2
2026-01-23,600519,14:48:11,1336.7000,121,1
2026-01-23,600519,14:48:14,1336.0000,84,2
2026-01-23,600519,14:48:17,1335.8800,12,2
2026-01-23,600519,14:48:20,1335.7200,13,2
2026-01-23,600519,14:48:23,1336.0400,17,1
2026-01-23,600519,14:48:26,1335.6000,26,2
2026-01-23,600519,14:48:29,1336.7000,134,1
2026-01-23,600519,14:48:32,1336.7300,29,1
2026-01-23,600519,14:48:35,1336.0000,18,2
2026-01-23,600519,14:48:38,1335.9000,19,2
2026-01-23,600519,14:48:41,1335.5300,12,2
2026-01-23,600519,14:48:44,1336.0100,30,1
2026-01-23,600519,14:48:47,1336.0000,22,2
2026-01-23,600519,14:48:50,1336.0100,10,2
2026-01-23,600519,14:48:53,1336.0000,12,1
2026-01-23,600519,14:48:56,1335.5000,18,2
2026-01-23,600519,14:48:59,1335.2000,14,2
2026-01-23,600519,14:49:02,1335.2000,19,2
2026-01-23,600519,14:49:05,1335.0000,20,2
2026-01-23,600519,14:49:08,1335.0000,13,2
2026-01-23,600519,14:49:11,1335.0000,191,2
2026-01-23,600519,14:49:14,1335.5000,6,1
2026-01-23,600519,14:49:17,1334.9800,13,2
2026-01-23,600519,14:49:20,1334.4100,31,2
2026-01-23,600519,14:49:23,1334.4100,28,2
2026-01-23,600519,14:49:26,1334.9500,12,1
2026-01-23,600519,14:49:29,1334.8800,20,1
2026-01-23,600519,14:49:32,1334.3800,9,2
2026-01-23,600519,14:49:35,1334.3800,16,1
2026-01-23,600519,14:49:38,1334.3900,12,2
2026-01-23,600519,14:49:41,1334.9700,3,2
2026-01-23,600519,14:49:44,1335.0000,8,2
2026-01-23,600519,14:49:47,1334.5000,13,2
2026-01-23,600519,14:49:50,1335.0000,7,2
2026-01-23,600519,14:49:53,1335.2000,4,2
2026-01-23,600519,14:49:56,1335.1400,6,2
2026-01-23,600519,14:49:59,1335.2000,3,1
2026-01-23,600519,14:50:02,1335.2000,21,1
2026-01-23,600519,14:50:05,1336.0000,16,1
2026-01-23,600519,14:50:08,1335.2200,9,2
2026-01-23,600519,14:50:11,1335.7500,3,2
2026-01-23,600519,14:50:14,1336.0000,5,1
2026-01-23,600519,14:50:17,1335.5000,5,2
2026-01-23,600519,14:50:20,1335.5000,11,2
2026-01-23,600519,14:50:23,1335.5100,5,2
2026-01-23,600519,14:50:26,1335.7600,1,1
2026-01-23,600519,14:50:29,1335.7700,6,2
2026-01-23,600519,14:50:32,1335.7200,6,2
2026-01-23,600519,14:50:35,1335.7600,5,4
2026-01-23,600519,14:50:38,1335.7700,2,2
2026-01-23,600519,14:50:41,1335.7600,9,2
2026-01-23,600519,14:50:44,1335.7000,11,2
2026-01-23,600519,14:50:47,1335.5500,8,2
2026-01-23,600519,14:50:50,1335.7600,9,1
2026-01-23,600519,14:50:53,1335.6300,12,1
2026-01-23,600519,14:50:56,1335.6400,11,1
2026-01-23,600519,14:50:59,1335.6500,3,2
2026-01-23,600519,14:51:02,1335.7900,19,1
2026-01-23,600519,14:51:05,1335.7900,37,2
2026-01-23,600519,14:51:08,1335.7700,11,2
2026-01-23,600519,14:51:11,1335.7700,14,2
2026-01-23,600519,14:51:14,1335.7900,10,1
2026-01-23,600519,14:51:17,1335.7900,8,2
2026-01-23,600519,14:51:20,1335.8101,54,2
2026-01-23,600519,14:51:23,1335.7800,21,2
2026-01-23,600519,14:51:26,1335.7700,24,2
2026-01-23,600519,14:51:29,1335.7900,10,1
2026-01-23,600519,14:51:32,1335.7800,10,2
2026-01-23,600519,14:51:35,1335.7400,44,2
2026-01-23,600519,14:51:38,1335.7900,45,1
2026-01-23,600519,14:51:41,1335.7800,9,2
2026-01-23,600519,14:51:44,1335.9900,16,1
2026-01-23,600519,14:51:47,1335.7800,15,2
2026-01-23,600519,14:51:50,1335.7700,16,1
2026-01-23,600519,14:51:53,1335.7100,22,2
2026-01-23,600519,14:51:56,1335.7000,9,2
2026-01-23,600519,14:51:59,1335.7000,29,2
2026-01-23,600519,14:52:02,1335.7800,22,2
2026-01-23,600519,14:52:05,1335.7900,15,2
2026-01-23,600519,14:52:08,1335.7000,53,2
2026-01-23,600519,14:52:11,1335.6500,17,2
2026-01-23,600519,14:52:14,1335.6400,21,2
2026-01-23,600519,14:52:17,1335.5800,21,2
2026-01-23,600519,14:52:20,1335.6400,42,1
2026-01-23,600519,14:52:23,1335.5000,32,2
2026-01-23,600519,14:52:26,1335.5000,27,2
2026-01-23,600519,14:52:29,1335.5000,35,2
2026-01-23,600519,14:52:32,1335.5000,43,1
2026-01-23,600519,14:52:35,1335.4700,31,1
2026-01-23,600519,14:52:38,1335.2100,40,2
2026-01-23,600519,14:52:41,1335.5000,15,1
2026-01-23,600519,14:52:44,1335.0000,25,2
2026-01-23,600519,14:52:47,1334.9600,74,2
2026-01-23,600519,14:52:50,1334.5000,52,2
2026-01-23,600519,14:52:53,1334.8900,32,1
2026-01-23,600519,14:52:56,1334.5100,65,2
2026-01-23,600519,14:52:59,1334.3900,68,2
2026-01-23,600519,14:53:02,1334.3800,23,2
2026-01-23,600519,14:53:05,1334.5000,21,1
2026-01-23,600519,14:53:08,1334.3900,44,1
2026-01-23,600519,14:53:11,1334.4000,33,1
2026-01-23,600519,14:53:14,1334.2500,32,2
2026-01-23,600519,14:53:17,1334.2500,118,2
2026-01-23,600519,14:53:20,1333.8101,34,2
2026-01-23,600519,14:53:23,1333.8000,29,2
2026-01-23,600519,14:53:26,1333.3900,48,2
2026-01-23,600519,14:53:29,1333.6500,38,1
2026-01-23,600519,14:53:32,1333.3300,53,2
2026-01-23,600519,14:53:35,1333.6600,22,2
2026-01-23,600519,14:53:38,1334.3000,37,1
2026-01-23,600519,14:53:41,1334.2900,11,2
2026-01-23,600519,14:53:44,1333.5000,29,2
2026-01-23,600519,14:53:47,1333.4000,31,2
2026-01-23,600519,14:53:50,1333.5400,41,2
2026-01-23,600519,14:53:53,1333.8500,33,1
2026-01-23,600519,14:53:56,1333.8500,38,1
2026-01-23,600519,14:53:59,1333.8500,39,1
2026-01-23,600519,14:54:02,1333.9000,17,1
2026-01-23,600519,14:54:05,1333.8500,32,2
2026-01-23,600519,14:54:08,1333.8500,8,2
2026-01-23,600519,14:54:11,1333.9000,29,2
2026-01-23,600519,14:54:14,1333.9000,22,2
2026-01-23,600519,14:54:17,1333.9100,24,2
2026-01-23,600519,14:54:20,1333.9500,17,2
2026-01-23,600519,14:54:23,1334.3900,27,1
2026-01-23,600519,14:54:26,1334.3900,24,1
2026-01-23,600519,14:54:29,1335.2000,27,1
2026-01-23,600519,14:54:32,1334.9900,27,1
2026-01-23,600519,14:54:35,1335.0000,7,1
2026-01-23,600519,14:54:38,1334.3900,56,2
2026-01-23,600519,14:54:41,1334.3900,15,2
2026-01-23,600519,14:54:44,1334.5000,37,1
2026-01-23,600519,14:54:47,1333.9900,21,2
2026-01-23,600519,14:54:50,1334.5000,25,1
2026-01-23,600519,14:54:53,1335.0000,41,1
2026-01-23,600519,14:54:56,1334.8300,6,1
2026-01-23,600519,14:54:59,1334.5000,13,2
2026-01-23,600519,14:55:02,1334.8400,29,1
2026-01-23,600519,14:55:05,1334.8300,31,2
2026-01-23,600519,14:55:08,1334.8900,10,1
2026-01-23,600519,14:55:11,1334.5000,17,2
2026-01-23,600519,14:55:14,1334.8300,4,1
2026-01-23,600519,14:55:17,1334.5000,17,2
2026-01-23,600519,14:55:20,1335.0000,14,1
2026-01-23,600519,14:55:23,1334.5000,14,2
2026-01-23,600519,14:55:26,1334.5000,8,2
2026-01-23,600519,14:55:29,1335.0000,14,1
2026-01-23,600519,14:55:32,1334.9900,17,2
2026-01-23,600519,14:55:35,1334.5000,24,2
2026-01-23,600519,14:55:38,1334.5000,12,1
2026-01-23,600519,14:55:41,1334.5000,22,2
2026-01-23,600519,14:55:44,1334.0601,31,2
2026-01-23,600519,14:55:47,1334.0400,21,2
2026-01-23,600519,14:55:50,1334.4900,8,2
2026-01-23,600519,14:55:53,1334.0500,60,2
2026-01-23,600519,14:55:56,1335.0000,29,1
2026-01-23,600519,14:55:59,1334.2700,13,2
2026-01-23,600519,14:56:02,1334.8000,40,1
2026-01-23,600519,14:56:05,1334.3000,14,2
2026-01-23,600519,14:56:08,1334.0500,40,2
2026-01-23,600519,14:56:11,1335.2000,31,1
2026-01-23,600519,14:56:14,1335.2000,16,2
2026-01-23,600519,14:56:17,1334.9600,11,2
2026-01-23,600519,14:56:20,1334.0601,32,2
2026-01-23,600519,14:56:23,1335.0000,19,1
2026-01-23,600519,14:56:26,1334.0000,37,2
2026-01-23,600519,14:56:29,1334.0200,22,1
2026-01-23,600519,14:56:32,1334.0000,43,2
2026-01-23,600519,14:56:35,1334.0000,18,2
2026-01-23,600519,14:56:38,1334.0100,83,2
2026-01-23,600519,14:56:41,1335.0400,19,1
2026-01-23,600519,14:56:44,1334.0000,37,2
2026-01-23,600519,14:56:47,1334.0000,25,2
2026-01-23,600519,14:56:50,1333.9900,44,2
2026-01-23,600519,14:56:53,1333.9800,27,2
2026-01-23,600519,14:56:56,1335.0000,6,2
2026-01-23,600519,14:56:59,1335.0300,9,1
2026-01-23,600519,14:57:02,1335.0500,3,1
2026-01-23,600519,15:00:02,1337.0000,1814,4
2026-01-23,600519,13:14:32,1343.2200,6,1
2026-01-23,600519,13:14:35,1343.1400,5,2
2026-01-23,600519,13:14:38,1343.2100,4,1
2026-01-23,600519,13:14:41,1343.1400,1,2
2026-01-23,600519,13:14:44,1343.1500,1,2
2026-01-23,600519,13:14:47,1343.1500,4,2
2026-01-23,600519,13:14:50,1343.7900,8,1
2026-01-23,600519,13:14:53,1343.4700,6,4
2026-01-23,600519,13:14:56,1343.1500,17,2
2026-01-23,600519,13:14:59,1343.1100,16,2
2026-01-23,600519,13:15:02,1343.1300,7,4
2026-01-23,600519,13:15:05,1343.1500,5,1
2026-01-23,600519,13:15:08,1343.1600,9,2
2026-01-23,600519,13:15:11,1343.1600,2,2
2026-01-23,600519,13:15:14,1343.2000,1,2
2026-01-23,600519,13:15:17,1343.2000,2,2
2026-01-23,600519,13:15:20,1343.1700,6,2
2026-01-23,600519,13:15:23,1343.1600,2,2
2026-01-23,600519,13:15:26,1343.1500,4,2
2026-01-23,600519,13:15:29,1343.1100,17,2
2026-01-23,600519,13:15:32,1343.0800,11,2
2026-01-23,600519,13:15:35,1343.0900,4,2
2026-01-23,600519,13:15:38,1343.0800,4,2
2026-01-23,600519,13:15:41,1343.0800,3,2
2026-01-23,600519,13:15:44,1343.0800,5,1
2026-01-23,600519,13:15:47,1343.0800,4,1
2026-01-23,600519,13:15:50,1343.0699,4,4
2026-01-23,600519,13:15:53,1343.0800,11,1
2026-01-23,600519,13:15:56,1343.0800,4,1
2026-01-23,600519,13:15:59,1343.0699,3,2
2026-01-23,600519,13:16:02,1343.7400,4,1
2026-01-23,600519,13:16:05,1343.0601,3,2
2026-01-23,600519,13:16:08,1343.0500,3,2
2026-01-23,600519,13:16:11,1343.0500,3,2
2026-01-23,600519,13:16:17,1343.0500,4,1
2026-01-23,600519,13:16:20,1343.0500,3,1
2026-01-23,600519,13:16:23,1343.0500,29,2
2026-01-23,600519,13:16:26,1343.0000,15,2
2026-01-23,600519,13:16:29,1342.9800,16,2
2026-01-23,600519,13:16:32,1343.0500,10,1
2026-01-23,600519,13:16:35,1342.8800,1,2
2026-01-23,600519,13:16:38,1342.8101,4,2
2026-01-23,600519,13:16:41,1342.8000,1,2
2026-01-23,600519,13:16:44,1342.8000,4,2
2026-01-23,600519,13:16:47,1342.9900,1,1
2026-01-23,600519,13:16:50,1342.7500,7,2
2026-01-23,600519,13:16:56,1342.7400,3,2
2026-01-23,600519,13:16:59,1342.7300,6,2
2026-01-23,600519,13:17:02,1342.7400,3,1
2026-01-23,600519,13:17:05,1342.7400,1,1
2026-01-23,600519,13:17:08,1342.7300,3,1
2026-01-23,600519,13:17:11,1342.6801,3,2
2026-01-23,600519,13:17:14,1342.6801,1,2
2026-01-23,600519,13:17:17,1342.6801,5,2
2026-01-23,600519,13:17:20,1342.7000,1,1
2026-01-23,600519,13:17:23,1342.8800,8,1
2026-01-23,600519,13:17:26,1342.8800,2,2
2026-01-23,600519,13:17:29,1342.8800,1,2
2026-01-23,600519,13:17:32,1342.8000,2,2
2026-01-23,600519,13:17:35,1342.9900,1,1
2026-01-23,600519,13:17:38,1342.7900,1,2
2026-01-23,600519,13:17:44,1342.7900,3,2
2026-01-23,600519,13:17:47,1342.8000,1,2
2026-01-23,600519,13:17:53,1342.9800,1,1
2026-01-23,600519,13:17:56,1342.9900,4,1
2026-01-23,600519,13:17:59,1342.9800,3,2
2026-01-23,600519,13:18:02,1343.0000,6,1
2026-01-23,600519,13:18:05,1343.0000,3,1
2026-01-23,600519,13:18:08,1342.9800,4,2
2026-01-23,600519,13:18:11,1343.0000,11,1
2026-01-23,600519,13:18:14,1343.0900,4,1
2026-01-23,600519,13:18:17,1343.4700,5,1
2026-01-23,600519,13:18:20,1343.0900,4,2
2026-01-23,600519,13:18:29,1343.1000,1,2
2026-01-23,600519,13:18:32,1343.6300,10,1
2026-01-23,600519,13:18:35,1343.6700,1,1
2026-01-23,600519,13:18:38,1343.6500,3,2
2026-01-23,600519,13:18:41,1343.6500,10,2
2026-01-23,600519,13:18:44,1343.6700,2,2
2026-01-23,600519,13:18:47,1343.9000,1,1
2026-01-23,600519,13:18:50,1343.9600,5,1
2026-01-23,600519,13:18:53,1343.9000,8,2
2026-01-23,600519,13:18:56,1343.9000,4,2
2026-01-23,600519,13:18:59,1343.9100,2,2
2026-01-23,600519,13:19:02,1343.8300,8,2
2026-01-23,600519,13:19:05,1343.9900,1,1
2026-01-23,600519,13:19:08,1343.9000,1,1
2026-01-23,600519,13:19:11,1343.9000,3,1
2026-01-23,600519,13:19:14,1343.9000,2,1
2026-01-23,600519,13:19:17,1343.7000,20,2
2026-01-23,600519,13:19:20,1343.8000,2,2
2026-01-23,600519,13:19:23,1343.7100,2,2
2026-01-23,600519,13:19:26,1343.7100,1,2
2026-01-23,600519,13:19:29,1344.0100,5,1
2026-01-23,600519,13:19:32,1344.0200,4,1
2026-01-23,600519,13:19:38,1344.0100,8,1
2026-01-23,600519,13:19:44,1344.0100,5,4
2026-01-23,600519,13:19:47,1344.0200,2,1
2026-01-23,600519,13:19:50,1344.0000,2,2
2026-01-23,600519,13:19:53,1344.0100,3,1
2026-01-23,600519,13:19:56,1344.0200,2,1
2026-01-23,600519,13:19:59,1344.0100,6,2
2026-01-23,600519,13:20:02,1344.0100,4,1
2026-01-23,600519,13:20:05,1344.0699,1,1
2026-01-23,600519,13:20:08,1344.0400,2,2
2026-01-23,600519,13:20:11,1344.0300,1,2
2026-01-23,600519,13:20:14,1344.0200,1,2
2026-01-23,600519,13:20:17,1344.0800,1,1
2026-01-23,600519,13:20:20,1344.0800,11,2
2026-01-23,600519,13:20:23,1344.0800,2,2
2026-01-23,600519,13:20:29,1344.1000,2,2
2026-01-23,600519,13:20:32,1344.2700,9,1
2026-01-23,600519,13:20:35,1344.2500,7,2
2026-01-23,600519,13:20:41,1344.5000,2,1
2026-01-23,600519,13:20:44,1344.3900,5,2
2026-01-23,600519,13:20:47,1344.5000,13,1
2026-01-23,600519,13:20:53,1344.5000,6,2
2026-01-23,600519,13:20:56,1344.4500,5,1
2026-01-23,600519,13:21:02,1344.5000,3,1
2026-01-23,600519,13:21:05,1344.5200,3,1
2026-01-23,600519,13:21:08,1344.5000,1,2
2026-01-23,600519,13:21:11,1344.5601,3,1
2026-01-23,600519,13:21:17,1344.5800,7,2
2026-01-23,600519,13:21:20,1344.5800,15,2
2026-01-23,600519,13:21:26,1344.6100,4,2
2026-01-23,600519,13:21:32,1344.6899,2,2
2026-01-23,600519,13:21:35,1344.7000,1,2
2026-01-23,600519,13:21:38,1344.8101,2,2
2026-01-23,600519,13:21:41,1344.8199,6,2
2026-01-23,600519,13:21:47,1344.8800,5,1
2026-01-23,600519,13:21:50,1344.8800,3,2
2026-01-23,600519,13:21:53,1344.9000,10,1
2026-01-23,600519,13:21:56,1344.9000,2,1
2026-01-23,600519,13:21:59,1344.9800,6,1
2026-01-23,600519,13:22:02,1344.9500,20,1
2026-01-23,600519,13:22:05,1344.9000,4,2
2026-01-23,600519,13:22:08,1345.0000,12,1
2026-01-23,600519,13:22:11,1344.9900,3,4
2026-01-23,600519,13:22:14,1345.0000,4,1
2026-01-23,600519,13:22:17,1344.9900,14,2
2026-01-23,600519,13:22:20,1345.0000,26,1
2026-01-23,600519,13:22:23,1345.0000,5,2
2026-01-23,600519,13:22:26,1345.0000,11,2
2026-01-23,600519,13:22:29,1345.4100,3,1
2026-01-23,600519,13:22:32,1345.0100,5,2
2026-01-23,600519,13:22:35,1345.0000,4,2
2026-01-23,600519,13:22:38,1345.0000,2,2
2026-01-23,600519,13:22:41,1345.4500,2,1
2026-01-23,600519,13:22:44,1345.3900,9,1
2026-01-23,600519,13:22:47,1344.8900,21,2
2026-01-23,600519,13:22:50,1344.8101,17,2
2026-01-23,600519,13:22:53,1344.4000,21,2
2026-01-23,600519,13:22:56,1344.0000,12,2
2026-01-23,600519,13:22:59,1344.5100,19,1
2026-01-23,600519,13:23:02,1344.0000,4,2
2026-01-23,600519,13:23:05,1344.4900,5,1
2026-01-23,600519,13:23:08,1344.0200,5,1
2026-01-23,600519,13:23:11,1343.0100,9,2
2026-01-23,600519,13:23:14,1343.0000,60,2
2026-01-23,600519,13:23:17,1342.9900,8,2
2026-01-23,600519,13:23:20,1342.7000,58,2
2026-01-23,600519,13:23:23,1342.5500,13,2
2026-01-23,600519,13:23:26,1342.5000,6,2
2026-01-23,600519,13:23:29,1342.4600,11,2
2026-01-23,600519,13:23:32,1342.4600,9,2
2026-01-23,600519,13:23:35,1342.4600,11,2
2026-01-23,600519,13:23:38,1342.4700,51,2
2026-01-23,600519,13:23:41,1342.4700,6,2
2026-01-23,600519,13:23:44,1342.3500,17,2
2026-01-23,600519,13:23:47,1342.0100,17,2
2026-01-23,600519,13:23:50,1342.0000,10,2
2026-01-23,600519,13:23:53,1342.0000,6,2
2026-01-23,600519,13:23:56,1342.0000,107,2
2026-01-23,600519,13:23:59,1342.0000,10,1
2026-01-23,600519,13:24:02,1341.5000,15,2
2026-01-23,600519,13:24:05,1341.4301,18,2
2026-01-23,600519,13:24:08,1341.9500,18,1
2026-01-23,600519,13:24:11,1341.9500,11,2
2026-01-23,600519,13:24:14,1341.9500,12,2
2026-01-23,600519,13:24:17,1341.4200,6,2
2026-01-23,600519,13:24:20,1341.2800,4,2
2026-01-23,600519,13:24:23,1341.0601,16,2
2026-01-23,600519,13:24:26,1341.0000,12,2
2026-01-23,600519,13:24:29,1341.0000,9,2
2026-01-23,600519,13:24:32,1341.0000,18,2
2026-01-23,600519,13:24:35,1340.8101,10,2
2026-01-23,600519,13:24:38,1340.5000,22,2
2026-01-23,600519,13:24:41,1340.1801,13,2
2026-01-23,600519,13:24:44,1340.1000,16,2
2026-01-23,600519,13:24:47,1340.0200,10,2
2026-01-23,600519,13:24:50,1340.0200,22,2
2026-01-23,600519,13:24:53,1340.0100,15,2
2026-01-23,600519,13:24:56,1340.0100,19,2
2026-01-23,600519,13:24:59,1340.0100,30,2
2026-01-23,600519,13:25:02,1340.0000,32,2
2026-01-23,600519,13:25:05,1340.2500,36,1
2026-01-23,600519,13:25:08,1340.0200,9,2
2026-01-23,600519,13:25:11,1339.5500,178,2
2026-01-23,600519,13:25:14,1339.4900,11,2
2026-01-23,600519,13:25:17,1339.4900,19,1
2026-01-23,600519,13:25:20,1339.4800,15,1
2026-01-23,600519,13:25:23,1339.4900,24,1
2026-01-23,600519,13:25:26,1339.0000,12,2
2026-01-23,600519,13:25:29,1339.4900,11,4
2026-01-23,600519,13:25:32,1340.0000,15,1
2026-01-23,600519,13:25:35,1340.3700,51,1
2026-01-23,600519,13:25:38,1339.9800,14,2
2026-01-23,600519,13:25:41,1340.3400,9,1
2026-01-23,600519,13:25:44,1340.3600,11,1
2026-01-23,600519,13:25:47,1340.3300,17,2
2026-01-23,600519,13:25:50,1340.0000,6,2
2026-01-23,600519,13:25:53,1340.0000,12,2
2026-01-23,600519,13:25:56,1339.5000,8,2
2026-01-23,600519,13:25:59,1339.0100,25,2
2026-01-23,600519,13:26:02,1339.0000,27,2
2026-01-23,600519,13:26:05,1339.0100,14,2
2026-01-23,600519,13:26:08,1339.0000,148,2
2026-01-23,600519,13:26:11,1339.8000,14,1
2026-01-23,600519,13:26:14,1339.0200,14,2
2026-01-23,600519,13:26:17,1339.0100,17,2
2026-01-23,600519,13:26:20,1339.0100,10,2
2026-01-23,600519,13:26:23,1339.0200,14,2
2026-01-23,600519,13:26:26,1339.4200,9,4
2026-01-23,600519,13:26:29,1339.8800,13,1
2026-01-23,600519,13:26:32,1339.0300,15,1
2026-01-23,600519,13:26:35,1339.8800,13,1
2026-01-23,600519,13:26:38,1339.9399,22,1
2026-01-23,600519,13:26:41,1340.0000,23,1
2026-01-23,600519,13:26:44,1339.9100,10,2
2026-01-23,600519,13:26:47,1340.2500,2,1
2026-01-23,600519,13:26:50,1340.0000,12,2
2026-01-23,600519,13:26:53,1339.8900,10,2
2026-01-23,600519,13:26:56,1339.9301,5,2
2026-01-23,600519,13:26:59,1339.9100,10,2
2026-01-23,600519,13:27:02,1340.0000,7,1
2026-01-23,600519,13:27:05,1339.9100,25,2
2026-01-23,600519,13:27:08,1339.9100,8,2
2026-01-23,600519,13:27:11,1339.9900,16,1
2026-01-23,600519,13:27:14,1339.8900,28,1
2026-01-23,600519,13:27:17,1340.0000,21,1
2026-01-23,600519,13:27:20,1340.0000,15,2
2026-01-23,600519,13:27:23,1339.9800,13,2
2026-01-23,600519,13:27:26,1339.9500,8,1
2026-01-23,600519,13:27:29,1339.9301,10,1
2026-01-23,600519,13:27:32,1339.1100,15,2
2026-01-23,600519,13:27:35,1339.1200,9,2
2026-01-23,600519,13:27:38,1339.0100,23,2
2026-01-23,600519,13:27:41,1340.0100,14,1
2026-01-23,600519,13:27:44,1339.9900,25,1
2026-01-23,600519,13:27:47,1339.0000,16,2
2026-01-23,600519,13:27:50,1339.0000,16,2
2026-01-23,600519,13:27:53,1339.0200,15,2
2026-01-23,600519,13:27:56,1339.0200,13,2
2026-01-23,600519,13:27:59,1339.9301,14,1
2026-01-23,600519,13:28:02,1340.0000,12,1
2026-01-23,600519,13:28:05,1340.2800,19,1
2026-01-23,600519,13:28:08,1340.4399,7,1
2026-01-23,600519,13:28:11,1340.7500,11,1
2026-01-23,600519,13:28:14,1340.7600,13,1
2026-01-23,600519,13:28:17,1340.4500,4,2
2026-01-23,600519,13:28:20,1340.0400,11,2
2026-01-23,600519,13:28:23,1339.9301,15,2
2026-01-23,600519,13:28:26,1340.0699,20,1
2026-01-23,600519,13:28:29,1340.0699,18,1
2026-01-23,600519,13:28:32,1339.9301,16,1
2026-01-23,600519,13:28:35,1339.9301,11,2
2026-01-23,600519,13:28:38,1339.9301,10,2
2026-01-23,600519,13:28:41,1339.0400,20,2
2026-01-23,600519,13:28:44,1339.6600,14,1
2026-01-23,600519,13:28:47,1339.0500,7,2
2026-01-23,600519,13:28:50,1339.0200,23,2
2026-01-23,600519,13:28:53,1339.0100,12,2
2026-01-23,600519,13:28:56,1339.0300,7,2
2026-01-23,600519,13:28:59,1339.0300,19,1
2026-01-23,600519,13:29:02,1340.4301,23,1
2026-01-23,600519,13:29:05,1340.2700,6,2
2026-01-23,600519,13:29:08,1340.2800,14,2
2026-01-23,600519,13:29:11,1340.2800,12,2
2026-01-23,600519,13:29:14,1340.4000,7,1
2026-01-23,600519,13:29:17,1340.4200,2,1
2026-01-23,600519,13:29:20,1340.4399,6,1
2026-01-23,600519,13:29:23,1341.0100,16,1
2026-01-23,600519,13:29:26,1341.0800,5,1
2026-01-23,600519,13:29:29,1341.0601,6,2
2026-01-23,600519,13:29:32,1340.9800,7,2
2026-01-23,600519,13:29:35,1341.7800,15,1
2026-01-23,600519,13:29:38,1342.1300,2,1
2026-01-23,600519,13:29:41,1342.1700,6,1
2026-01-23,600519,13:29:44,1341.7800,8,2
2026-01-23,600519,13:29:47,1341.0699,2,2
2026-01-23,600519,13:29:50,1341.0601,7,2
2026-01-23,600519,13:29:53,1341.0601,8,2
2026-01-23,600519,13:29:56,1340.4500,13,2
2026-01-23,600519,13:29:59,1340.2300,12,2
2026-01-23,600519,13:30:02,1340.0000,27,2
2026-01-23,600519,13:30:05,1339.6899,29,2
2026-01-23,600519,13:30:08,1339.3500,15,2
2026-01-23,600519,13:30:11,1339.3500,11,2
2026-01-23,600519,13:30:14,1339.3600,8,2
2026-01-23,600519,13:30:17,1339.3600,8,2
2026-01-23,600519,13:30:20,1339.9600,16,1
2026-01-23,600519,13:30:23,1339.9500,15,1
2026-01-23,600519,13:30:26,1339.3700,14,2
2026-01-23,600519,13:30:29,1340.1801,17,1
2026-01-23,600519,13:30:32,1340.3600,6,1
2026-01-23,600519,13:30:35,1340.8400,7,1
2026-01-23,600519,13:30:38,1340.8500,2,1
2026-01-23,600519,13:30:41,1341.0000,12,1
2026-01-23,600519,13:30:44,1340.3400,1,2
2026-01-23,600519,13:30:47,1340.3300,2,2
2026-01-23,600519,13:30:50,1340.3400,2,2
2026-01-23,600519,13:30:53,1340.0000,4,2
2026-01-23,600519,13:30:56,1339.4000,7,2
2026-01-23,600519,13:30:59,1339.3800,8,2
2026-01-23,600519,13:31:02,1339.1100,23,2
2026-01-23,600519,13:31:05,1339.1600,18,2
2026-01-23,600519,13:31:08,1339.1000,17,2
2026-01-23,600519,13:31:11,1339.0300,13,2
2026-01-23,600519,13:31:14,1339.2300,20,1
2026-01-23,600519,13:31:17,1340.0000,23,1
2026-01-23,600519,13:31:20,1339.3000,10,2
2026-01-23,600519,13:31:23,1339.1200,11,2
2026-01-23,600519,13:31:26,1339.0900,23,2
2026-01-23,600519,13:31:29,1339.0500,7,2
2026-01-23,600519,13:31:32,1339.0200,15,2
2026-01-23,600519,13:31:35,1339.0100,15,2
2026-01-23,600519,13:31:38,1339.0100,20,2
2026-01-23,600519,13:31:41,1339.0000,24,2
2026-01-23,600519,13:31:44,1339.0100,20,1
2026-01-23,600519,13:31:47,1339.0200,110,1
2026-01-23,600519,13:31:50,1338.9800,25,2
2026-01-23,600519,13:31:53,1338.9301,18,2
2026-01-23,600519,13:31:56,1338.9000,35,2
2026-01-23,600519,13:31:59,1338.8800,9,2
2026-01-23,600519,13:32:02,1338.9000,51,1
2026-01-23,600519,13:32:05,1339.0000,36,1
2026-01-23,600519,13:32:08,1339.0000,13,1
2026-01-23,600519,13:32:11,1338.9800,17,1
2026-01-23,600519,13:32:14,1338.8800,10,2
2026-01-23,600519,13:32:17,1338.9900,14,1
2026-01-23,600519,13:32:20,1338.9800,18,2
2026-01-23,600519,13:32:23,1338.8900,11,2
2026-01-23,600519,13:32:26,1338.9700,13,1
2026-01-23,600519,13:32:29,1338.9000,13,2
2026-01-23,600519,13:32:32,1338.8900,12,2
2026-01-23,600519,13:32:35,1338.8900,11,2
2026-01-23,600519,13:32:38,1338.8900,12,2
2026-01-23,600519,13:32:41,1338.9700,8,1
2026-01-23,600519,13:32:44,1338.9000,8,2
2026-01-23,600519,13:32:47,1338.8800,12,2
2026-01-23,600519,13:32:50,1338.8800,7,2
2026-01-23,600519,13:32:53,1338.8800,11,2
2026-01-23,600519,13:32:56,1338.8800,19,2
2026-01-23,600519,13:32:59,1338.9200,16,2
2026-01-23,600519,13:33:02,1338.9900,5,1
2026-01-23,600519,13:33:05,1338.9700,6,2
2026-01-23,600519,13:33:08,1338.9200,12,2
2026-01-23,600519,13:33:11,1338.9301,14,2
2026-01-23,600519,13:33:14,1338.9700,3,1
2026-01-23,600519,13:33:17,1339.0000,5,1
2026-01-23,600519,13:33:20,1339.0100,7,1
2026-01-23,600519,13:33:23,1339.1000,8,1
2026-01-23,600519,13:33:26,1339.0300,3,2
2026-01-23,600519,13:33:29,1339.0400,4,2
2026-01-23,600519,13:33:32,1339.0100,9,2
2026-01-23,600519,13:33:35,1340.0000,7,1
2026-01-23,600519,13:33:38,1340.0000,5,1
2026-01-23,600519,13:33:41,1339.5100,10,2
2026-01-23,600519,13:33:44,1339.9399,16,2
2026-01-23,600519,13:33:47,1339.9399,5,2
2026-01-23,600519,13:33:50,1339.0500,8,2
2026-01-23,600519,13:33:53,1339.5100,13,4
2026-01-23,600519,13:33:56,1339.0100,15,2
2026-01-23,600519,13:33:59,1339.0000,24,2
2026-01-23,600519,13:34:02,1339.0100,23,1
2026-01-23,600519,13:34:05,1338.9800,6,2
2026-01-23,600519,13:34:08,1339.0000,19,1
2026-01-23,600519,13:34:11,1338.9301,22,2
2026-01-23,600519,13:34:14,1338.9200,20,2
2026-01-23,600519,13:34:17,1339.0000,22,2
2026-01-23,600519,13:34:20,1339.0000,13,2
2026-01-23,600519,13:34:23,1339.7900,5,1
2026-01-23,600519,13:34:26,1339.7900,4,1
2026-01-23,600519,13:34:29,1339.0000,36,2
2026-01-23,600519,13:34:32,1338.9800,61,2
2026-01-23,600519,13:34:35,1339.0000,10,2
2026-01-23,600519,13:34:38,1339.0000,28,2
2026-01-23,600519,13:34:41,1338.9800,24,2
2026-01-23,600519,13:34:44,1338.9500,12,2
2026-01-23,600519,13:34:47,1339.0000,18,1
2026-01-23,600519,13:34:50,1338.9800,13,2
2026-01-23,600519,13:34:53,1339.0000,19,1
2026-01-23,600519,13:34:56,1338.8900,12,2
2026-01-23,600519,13:34:59,1338.8900,19,2
2026-01-23,600519,13:35:02,1338.8800,14,2
2026-01-23,600519,13:35:05,1339.8000,13,1
2026-01-23,600519,13:35:08,1338.9000,8,2
2026-01-23,600519,13:35:11,1339.8000,4,2
2026-01-23,600519,13:35:14,1339.9600,6,1
2026-01-23,600519,13:35:17,1339.8000,6,2
2026-01-23,600519,13:35:20,1339.0000,4,2
2026-01-23,600519,13:35:23,1339.0100,6,2
2026-01-23,600519,13:35:26,1339.0100,9,2
2026-01-23,600519,13:35:29,1339.0100,7,2
2026-01-23,600519,13:35:32,1339.0000,8,2
2026-01-23,600519,13:35:35,1339.0000,8,2
2026-01-23,600519,13:35:38,1339.0100,6,2
2026-01-23,600519,13:35:41,1339.0000,3,2
2026-01-23,600519,13:35:44,1339.0100,4,2
2026-01-23,600519,13:35:47,1339.0200,4,2
2026-01-23,600519,13:35:50,1339.1100,7,2
2026-01-23,600519,13:35:53,1339.9800,4,1
2026-01-23,600519,13:35:56,1339.9800,2,2
2026-01-23,600519,13:35:59,1339.8199,5,2
2026-01-23,600519,13:36:02,1339.0800,7,2
2026-01-23,600519,13:36:05,1339.0200,8,2
2026-01-23,600519,13:36:08,1339.0200,5,2
2026-01-23,600519,13:36:11,1339.0400,3,2
2026-01-23,600519,13:36:14,1339.0900,3,2
2026-01-23,600519,13:36:17,1339.0900,4,2
2026-01-23,600519,13:36:20,1339.0900,5,2
2026-01-23,600519,13:36:23,1339.0900,4,2
2026-01-23,600519,13:36:26,1339.7800,2,2
2026-01-23,600519,13:36:29,1340.0000,7,1
2026-01-23,600519,13:36:32,1340.0000,8,2
2026-01-23,600519,13:36:35,1339.1600,8,2
2026-01-23,600519,13:36:38,1339.1500,4,2
2026-01-23,600519,13:36:41,1339.2100,5,2
2026-01-23,600519,13:36:44,1340.0000,3,1
2026-01-23,600519,13:36:47,1339.9900,5,1
2026-01-23,600519,13:36:50,1339.1700,4,2
2026-01-23,600519,13:36:53,1339.9900,4,1
2026-01-23,600519,13:36:56,1339.5000,6,2
2026-01-23,600519,13:36:59,1339.1899,8,2
2026-01-23,600519,13:37:02,1340.2300,6,2
2026-01-23,600519,13:37:05,1340.0000,5,2
2026-01-23,600519,13:37:08,1339.2000,3,2
2026-01-23,600519,13:37:11,1340.0000,2,1
2026-01-23,600519,13:37:14,1339.9800,2,1
2026-01-23,600519,13:37:17,1339.9000,5,2
2026-01-23,600519,13:37:20,1339.2900,8,2
2026-01-23,600519,13:37:23,1339.1500,6,2
2026-01-23,600519,13:37:26,1339.2000,7,2
2026-01-23,600519,13:37:29,1339.1600,5,2
2026-01-23,600519,13:37:32,1339.3101,16,2
2026-01-23,600519,13:37:35,1340.0601,7,2
2026-01-23,600519,13:37:38,1340.2300,20,1
2026-01-23,600519,13:37:41,1340.1300,16,2
2026-01-23,600519,13:37:44,1340.0699,12,2
2026-01-23,600519,13:37:47,1340.3400,6,1
2026-01-23,600519,13:37:50,1340.2500,7,1
2026-01-23,600519,13:37:53,1339.9000,4,2
2026-01-23,600519,13:37:56,1339.2600,8,2
2026-01-23,600519,13:37:59,1339.2000,7,2
2026-01-23,600519,13:38:02,1339.2100,14,1
2026-01-23,600519,13:38:05,1339.8300,16,1
2026-01-23,600519,13:38:08,1339.8300,6,1
2026-01-23,600519,13:38:11,1339.8300,7,2
2026-01-23,600519,13:38:14,1339.5000,3,2
2026-01-23,600519,13:38:17,1339.1500,5,2
2026-01-23,600519,13:38:20,1339.2000,3,2
2026-01-23,600519,13:38:23,1340.0000,7,1
2026-01-23,600519,13:38:26,1340.0000,4,2
2026-01-23,600519,13:38:29,1340.0000,6,2
2026-01-23,600519,13:38:32,1339.9800,1,2
2026-01-23,600519,13:38:35,1339.9800,2,2
2026-01-23,600519,13:38:38,1339.2900,2,2
2026-01-23,600519,13:38:41,1340.0000,4,1
2026-01-23,600519,13:38:44,1339.9900,3,4
2026-01-23,600519,13:38:47,1339.9900,4,4
2026-01-23,600519,13:38:50,1340.0000,5,1
2026-01-23,600519,13:38:53,1340.0000,4,2
2026-01-23,600519,13:38:56,1340.0000,3,2
2026-01-23,600519,13:38:59,1340.0100,8,2
2026-01-23,600519,13:39:02,1339.9800,8,2
2026-01-23,600519,13:39:05,1339.3199,4,2
2026-01-23,600519,13:39:08,1339.3199,1,2
2026-01-23,600519,13:39:11,1339.3900,3,1
2026-01-23,600519,13:39:14,1339.9700,5,1
2026-01-23,600519,13:39:17,1339.3800,2,2
2026-01-23,600519,13:39:20,1339.4000,2,2
2026-01-23,600519,13:39:23,1339.4000,0,2
2026-01-23,600519,13:39:26,1339.4000,2,2
2026-01-23,600519,13:39:29,1339.9900,3,1
2026-01-23,600519,13:39:32,1340.0000,2,1
2026-01-23,600519,13:39:35,1339.4900,3,2
2026-01-23,600519,13:39:38,1339.3900,11,2
2026-01-23,600519,13:39:41,1339.8700,7,4
2026-01-23,600519,13:39:44,1339.8700,6,2
2026-01-23,600519,13:39:47,1339.8600,4,2
2026-01-23,600519,13:39:50,1339.7500,9,2
2026-01-23,600519,13:39:53,1339.7700,7,2
2026-01-23,600519,13:39:56,1339.8600,3,1
2026-01-23,600519,13:39:59,1339.8199,6,2
2026-01-23,600519,13:40:02,1339.8600,3,1
2026-01-23,600519,13:40:05,1340.0000,2,1
2026-01-23,600519,13:40:08,1340.1700,3,1
2026-01-23,600519,13:40:11,1340.0000,14,2
2026-01-23,600519,13:40:14,1340.0000,2,1
2026-01-23,600519,13:40:17,1340.0000,2,1
2026-01-23,600519,13:40:20,1340.0000,4,2
2026-01-23,600519,13:40:23,1340.1700,1,1
2026-01-23,600519,13:40:26,1340.1700,8,1
2026-01-23,600519,13:40:29,1340.1700,1,1
2026-01-23,600519,13:40:32,1340.1700,3,1
2026-01-23,600519,13:40:35,1340.5601,3,1
2026-01-23,600519,13:40:38,1340.0100,2,2
2026-01-23,600519,13:40:41,1340.5601,6,1
2026-01-23,600519,13:40:44,1340.1801,2,2
2026-01-23,600519,13:40:47,1340.1700,4,2
2026-01-23,600519,13:40:50,1340.5601,2,2
2026-01-23,600519,13:40:53,1340.6500,9,1
2026-01-23,600519,13:40:56,1340.6000,3,2
2026-01-23,600519,13:40:59,1340.5699,4,2
2026-01-23,600519,13:41:02,1340.5699,5,2
2026-01-23,600519,13:41:05,1340.6500,9,1
2026-01-23,600519,13:41:08,1340.5699,6,2
2026-01-23,600519,13:41:11,1340.6500,34,1
2026-01-23,600519,13:41:14,1340.8199,12,1
2026-01-23,600519,13:41:17,1340.8900,4,1
2026-01-23,600519,13:41:20,1341.0000,1,1
2026-01-23,600519,13:41:23,1340.8300,1,2
2026-01-23,600519,13:41:26,1340.8900,3,1
2026-01-23,600519,13:41:29,1341.0000,6,1
2026-01-23,600519,13:41:32,1340.9000,4,2
2026-01-23,600519,13:41:35,1340.8900,4,2
2026-01-23,600519,13:41:38,1340.9000,0,2
2026-01-23,600519,13:41:41,1341.9399,2,1
2026-01-23,600519,13:41:44,1341.0100,6,2
2026-01-23,600519,13:41:47,1341.0100,1,2
2026-01-23,600519,13:41:50,1341.0100,6,1
2026-01-23,600519,13:41:53,1340.9100,8,2
2026-01-23,600519,13:41:56,1340.8800,5,2
2026-01-23,600519,13:41:59,1340.9000,26,1
2026-01-23,600519,13:42:02,1340.9000,2,1
2026-01-23,600519,13:42:05,1340.9000,7,1
2026-01-23,600519,13:42:08,1340.9000,3,2
2026-01-23,600519,13:42:11,1340.9000,4,2
2026-01-23,600519,13:42:14,1340.9100,2,1
2026-01-23,600519,13:42:17,1340.9000,8,2
2026-01-23,600519,13:42:20,1340.9000,4,1
2026-01-23,600519,13:42:23,1340.8900,7,2
2026-01-23,600519,13:42:26,1340.9000,3,1
2026-01-23,600519,13:42:29,1340.9000,4,2
2026-01-23,600519,13:42:32,1340.9000,22,2
2026-01-23,600519,13:42:35,1341.0500,10,1
2026-01-23,600519,13:42:38,1341.0601,1,1
2026-01-23,600519,13:42:41,1341.0000,11,1
2026-01-23,600519,13:42:44,1340.9000,3,2
2026-01-23,600519,13:42:47,1341.0000,1,2
2026-01-23,600519,13:42:50,1341.0200,2,1
2026-01-23,600519,13:42:53,1340.9000,10,2
2026-01-23,600519,13:42:59,1340.9000,3,1
2026-01-23,600519,13:43:02,1340.9100,1,2
2026-01-23,600519,13:43:05,1340.9900,4,1
2026-01-23,600519,13:43:08,1340.9000,14,2
2026-01-23,600519,13:43:11,1340.8900,13,2
2026-01-23,600519,13:43:14,1340.8900,5,1
2026-01-23,600519,13:43:17,1340.8000,7,2
2026-01-23,600519,13:43:26,1340.7700,7,1
2026-01-23,600519,13:43:29,1340.7700,7,1
2026-01-23,600519,13:43:32,1340.6100,3,2
2026-01-23,600519,13:43:35,1340.7900,21,1
2026-01-23,600519,13:43:38,1340.6200,6,2
2026-01-23,600519,13:43:41,1340.7700,5,1
2026-01-23,600519,13:43:44,1340.8000,3,1
2026-01-23,600519,13:43:47,1340.7900,15,2
2026-01-23,600519,13:43:50,1340.7700,5,2
2026-01-23,600519,13:43:53,1340.7700,6,2
2026-01-23,600519,13:43:56,1340.7700,5,1
2026-01-23,600519,13:43:59,1340.7700,3,1
2026-01-23,600519,13:44:02,1340.6600,4,2
2026-01-23,600519,13:44:05,1340.6500,7,2
2026-01-23,600519,13:44:08,1340.6600,1,1
2026-01-23,600519,13:44:11,1340.6600,1,1
2026-01-23,600519,13:44:14,1340.6600,9,1
2026-01-23,600519,13:44:17,1340.6500,2,1
2026-01-23,600519,13:44:20,1340.6600,2,1
2026-01-23,600519,13:44:23,1340.6500,1,1
2026-01-23,600519,13:44:26,1340.5100,4,2
2026-01-23,600519,13:44:29,1340.5000,6,2
2026-01-23,600519,13:44:32,1340.4700,3,2
2026-01-23,600519,13:44:35,1340.5800,4,1
2026-01-23,600519,13:44:38,1340.4200,3,2
2026-01-23,600519,13:44:41,1340.4100,7,2
2026-01-23,600519,13:44:44,1340.5699,4,1
2026-01-23,600519,13:44:47,1340.5699,1,2
2026-01-23,600519,13:44:50,1340.5699,3,2
2026-01-23,600519,13:44:53,1340.5699,7,1
2026-01-23,600519,13:44:56,1340.5500,4,1
2026-01-23,600519,13:44:59,1340.5500,4,1
2026-01-23,600519,13:45:02,1340.5300,2,2
2026-01-23,600519,13:45:05,1340.5800,9,1
2026-01-23,600519,13:45:08,1340.5699,10,1
2026-01-23,600519,13:45:11,1340.5800,9,1
2026-01-23,600519,13:45:14,1340.5800,44,2
2026-01-23,600519,13:45:17,1340.5800,12,2
2026-01-23,600519,13:45:20,1340.5800,5,1
2026-01-23,600519,13:45:23,1340.5800,1,1
2026-01-23,600519,13:45:26,1340.6500,15,1
2026-01-23,600519,13:45:29,1340.6500,7,2
2026-01-23,600519,13:45:35,1340.8900,4,1
2026-01-23,600519,13:45:38,1340.8900,9,2
2026-01-23,600519,13:45:41,1340.8900,6,2
2026-01-23,600519,13:45:44,1341.0000,4,1
2026-01-23,600519,13:45:47,1340.8900,4,2
2026-01-23,600519,13:45:50,1341.0000,9,1
2026-01-23,600519,13:45:53,1340.8199,3,2
2026-01-23,600519,13:45:59,1340.8900,10,1
2026-01-23,600519,13:46:02,1340.8900,8,1
2026-01-23,600519,13:46:05,1340.8900,9,2
2026-01-23,600519,13:46:08,1341.0000,1,1
2026-01-23,600519,13:46:11,1340.8199,1,2
2026-01-23,600519,13:46:14,1340.8900,16,2
2026-01-23,600519,13:46:17,1340.8900,8,1
2026-01-23,600519,13:46:20,1340.8900,5,1
2026-01-23,600519,13:46:23,1340.8800,1,2
2026-01-23,600519,13:46:26,1341.0000,5,1
2026-01-23,600519,13:46:29,1341.0000,9,1
2026-01-23,600519,13:46:32,1340.8800,1,1
2026-01-23,600519,13:46:35,1341.1000,3,1
2026-01-23,600519,13:46:38,1341.0699,3,2
2026-01-23,600519,13:46:41,1341.5400,4,1
2026-01-23,600519,13:46:44,1341.1000,2,2
2026-01-23,600519,13:46:47,1341.0800,8,2
2026-01-23,600519,13:46:50,1341.1000,3,1
2026-01-23,600519,13:46:53,1341.1100,18,1
2026-01-23,600519,13:46:56,1341.1000,3,1
2026-01-23,600519,13:46:59,1341.0800,6,1
2026-01-23,600519,13:47:02,1341.9100,1,1
2026-01-23,600519,13:47:05,1341.1000,6,2
2026-01-23,600519,13:47:08,1341.9200,8,1
2026-01-23,600519,13:47:14,1341.1200,5,2
2026-01-23,600519,13:47:17,1341.1100,13,2
2026-01-23,600519,13:47:20,1341.9000,2,1
2026-01-23,600519,13:47:26,1341.1400,1,2
2026-01-23,600519,13:47:29,1341.1400,12,2
2026-01-23,600519,13:47:32,1341.8900,1,1
2026-01-23,600519,13:47:35,1341.9399,1,1
2026-01-23,600519,13:47:38,1341.9500,2,1
2026-01-23,600519,13:47:41,1342.0000,17,1
2026-01-23,600519,13:47:44,1342.0000,7,1
2026-01-23,600519,13:47:47,1341.9800,6,2
2026-01-23,600519,13:47:50,1342.0000,8,1
2026-01-23,600519,13:47:53,1342.0100,8,1
2026-01-23,600519,13:47:56,1342.0100,3,2
2026-01-23,600519,13:48:02,1342.0300,11,2
2026-01-23,600519,13:48:05,1342.2500,3,2
2026-01-23,600519,13:48:08,1342.4800,1,1
2026-01-23,600519,13:48:11,1342.4800,4,1
2026-01-23,600519,13:48:14,1342.2500,9,2
2026-01-23,600519,13:48:17,1342.4800,4,1
2026-01-23,600519,13:48:20,1342.2100,8,2
2026-01-23,600519,13:48:23,1342.2500,6,1
2026-01-23,600519,13:48:26,1342.0000,21,2
2026-01-23,600519,13:48:29,1342.0000,15,2
2026-01-23,600519,13:48:32,1342.0000,5,2
2026-01-23,600519,13:48:35,1342.0000,9,1
2026-01-23,600519,13:48:38,1341.8900,5,2
2026-01-23,600519,13:48:41,1341.8500,8,2
2026-01-23,600519,13:48:47,1341.8800,2,1
2026-01-23,600519,13:48:50,1341.8800,5,1
2026-01-23,600519,13:48:53,1341.8900,2,1
2026-01-23,600519,13:48:56,1341.8900,3,1
2026-01-23,600519,13:48:59,1341.8900,1,1
2026-01-23,600519,13:49:02,1341.8900,15,2
2026-01-23,600519,13:49:05,1341.8800,5,2
2026-01-23,600519,13:49:08,1341.8199,2,2
2026-01-23,600519,13:49:11,1341.8900,15,1
2026-01-23,600519,13:49:14,1341.8101,2,2
2026-01-23,600519,13:49:17,1341.7600,1,1
2026-01-23,600519,13:49:20,1341.7600,4,1
2026-01-23,600519,13:49:23,1341.5100,4,2
2026-01-23,600519,13:49:26,1341.4399,5,2
2026-01-23,600519,13:49:29,1341.4399,5,1
2026-01-23,600519,13:49:32,1341.5000,1,1
2026-01-23,600519,13:49:35,1341.5000,8,1
2026-01-23,600519,13:49:38,1341.5000,12,2
2026-01-23,600519,13:49:41,1341.5000,8,2
2026-01-23,600519,13:49:44,1341.8000,2,1
2026-01-23,600519,13:49:47,1341.5000,2,1
2026-01-23,600519,13:49:50,1341.5000,5,1
2026-01-23,600519,13:49:53,1341.7800,1,1
2026-01-23,600519,13:49:56,1341.5000,1,2
2026-01-23,600519,13:49:59,1341.5100,6,2
2026-01-23,600519,13:50:02,1341.5000,8,2
2026-01-23,600519,13:50:05,1341.8101,11,1
2026-01-23,600519,13:50:08,1341.8199,8,1
2026-01-23,600519,13:50:11,1341.8199,5,1
2026-01-23,600519,13:50:14,1341.6300,4,2
2026-01-23,600519,13:50:17,1341.8101,1,1
2026-01-23,600519,13:50:20,1341.8000,2,1
2026-01-23,600519,13:50:23,1341.8101,4,2
2026-01-23,600519,13:50:26,1341.9700,7,1
2026-01-23,600519,13:50:29,1341.8101,7,2
2026-01-23,600519,13:50:32,1342.0100,9,1
2026-01-23,600519,13:50:35,1342.1899,10,1
2026-01-23,600519,13:50:38,1342.1899,16,2
2026-01-23,600519,13:50:41,1342.1899,5,1
2026-01-23,600519,13:50:47,1341.9700,6,2
2026-01-23,600519,13:50:50,1341.9399,7,2
2026-01-23,600519,13:50:53,1342.1400,1,1
2026-01-23,600519,13:50:59,1341.9900,2,2
2026-01-23,600519,13:51:02,1341.9900,7,2
2026-01-23,600519,13:51:05,1341.9900,1,1
2026-01-23,600519,13:51:08,1341.9700,3,2
2026-01-23,600519,13:51:11,1341.9900,10,1
2026-01-23,600519,13:51:14,1341.9200,3,2
2026-01-23,600519,13:51:17,1341.8900,6,2
2026-01-23,600519,13:51:20,1341.8800,1,2
2026-01-23,600519,13:51:23,1341.8400,7,2
2026-01-23,600519,13:51:26,1341.7800,11,2
2026-01-23,600519,13:51:29,1341.8101,4,1
2026-01-23,600519,13:51:32,1341.8900,7,1
2026-01-23,600519,13:51:35,1341.8101,1,2
2026-01-23,600519,13:51:38,1341.8000,4,2
2026-01-23,600519,13:51:41,1341.8101,3,1
2026-01-23,600519,13:51:44,1341.8101,4,2
2026-01-23,600519,13:51:47,1341.8199,7,2
2026-01-23,600519,13:51:50,1341.8199,4,2
2026-01-23,600519,13:51:53,1341.8199,2,2
2026-01-23,600519,13:51:56,1341.8900,3,1
2026-01-23,600519,13:51:59,1341.8199,4,2
2026-01-23,600519,13:52:02,1341.8199,8,1
2026-01-23,600519,13:52:05,1341.8101,6,2
2026-01-23,600519,13:52:08,1341.8900,3,1
2026-01-23,600519,13:52:11,1341.8500,8,1
2026-01-23,600519,13:52:14,1341.8500,1,2
2026-01-23,600519,13:52:17,1342.0000,8,1
2026-01-23,600519,13:52:20,1342.0200,4,1
2026-01-23,600519,13:52:23,1342.0000,17,2
2026-01-23,600519,13:52:26,1342.0699,17,1
2026-01-23,600519,13:52:29,1341.8101,6,2
2026-01-23,600519,13:52:32,1342.1899,2,1
2026-01-23,600519,13:52:35,1342.0800,9,2
2026-01-23,600519,13:52:38,1342.0000,3,2
2026-01-23,600519,13:52:41,1341.8101,7,2
2026-01-23,600519,13:52:44,1341.8101,1,2
2026-01-23,600519,13:52:47,1341.8000,3,2
2026-01-23,600519,13:52:50,1341.8000,9,2
2026-01-23,600519,13:52:53,1341.8101,1,1
2026-01-23,600519,13:52:56,1341.8000,9,2
2026-01-23,600519,13:52:59,1341.7100,8,2
2026-01-23,600519,13:53:02,1341.5900,106,2
2026-01-23,600519,13:53:05,1341.5200,11,2
2026-01-23,600519,13:53:08,1341.5900,2,1
2026-01-23,600519,13:53:11,1341.5900,11,1
2026-01-23,600519,13:53:14,1341.5900,8,2
2026-01-23,600519,13:53:17,1341.6000,1,2
2026-01-23,600519,13:53:20,1341.5000,6,2
2026-01-23,600519,13:53:23,1341.6000,5,2
2026-01-23,600519,13:53:26,1341.6000,2,2
2026-01-23,600519,13:53:29,1341.6100,1,2
2026-01-23,600519,13:53:32,1341.8800,10,1
2026-01-23,600519,13:53:35,1341.6100,5,2
2026-01-23,600519,13:53:38,1341.6100,4,1
2026-01-23,600519,13:53:41,1341.6000,6,2
2026-01-23,600519,13:53:44,1341.7100,1,1
2026-01-23,600519,13:53:47,1341.6100,1,2
2026-01-23,600519,13:53:50,1341.6100,2,1
2026-01-23,600519,13:53:53,1341.7100,1,1
2026-01-23,600519,13:53:56,1341.7100,3,1
2026-01-23,600519,13:53:59,1341.7100,4,2
2026-01-23,600519,13:54:02,1341.7100,10,2
2026-01-23,600519,13:54:05,1341.8800,5,1
2026-01-23,600519,13:54:08,1341.7100,3,2
2026-01-23,600519,13:54:11,1341.8800,2,1
2026-01-23,600519,13:54:14,1342.0100,6,1
2026-01-23,600519,13:54:17,1341.8900,3,2
2026-01-23,600519,13:54:20,1342.0500,1,1
2026-01-23,600519,13:54:23,1341.8900,5,2
2026-01-23,600519,13:54:26,1341.8900,1,2
2026-01-23,600519,13:54:29,1341.9000,4,2
2026-01-23,600519,13:54:32,1342.0100,3,1
2026-01-23,600519,13:54:35,1342.1500,4,1
2026-01-23,600519,13:54:38,1341.9100,2,2
2026-01-23,600519,13:54:41,1341.9100,4,1
2026-01-23,600519,13:54:47,1342.0000,1,2
2026-01-23,600519,13:54:50,1341.9100,6,2
2026-01-23,600519,13:54:53,1342.0000,2,1
2026-01-23,600519,13:54:56,1342.1400,2,1
2026-01-23,600519,13:54:59,1342.0200,5,2
2026-01-23,600519,13:55:02,1342.1899,6,1
2026-01-23,600519,13:55:05,1342.4700,4,1
2026-01-23,600519,13:55:08,1342.1600,1,1
2026-01-23,600519,13:55:11,1342.0200,6,2
2026-01-23,600519,13:55:14,1342.1700,8,2
2026-01-23,600519,13:55:17,1342.0800,3,2
2026-01-23,600519,13:55:20,1342.1600,1,1
2026-01-23,600519,13:55:23,1342.0800,4,2
2026-01-23,600519,13:55:26,1342.4800,2,1
2026-01-23,600519,13:55:29,1342.0800,10,2
2026-01-23,600519,13:55:32,1342.0800,5,1
2026-01-23,600519,13:55:35,1342.0800,6,2
2026-01-23,600519,13:55:38,1342.0800,4,2
2026-01-23,600519,13:55:41,1342.0800,4,1
2026-01-23,600519,13:55:44,1342.4200,1,1
2026-01-23,600519,13:55:47,1342.0800,5,2
2026-01-23,600519,13:55:50,1342.4800,18,1
2026-01-23,600519,13:55:53,1342.0000,13,2
2026-01-23,600519,13:55:56,1342.4800,4,1
2026-01-23,600519,13:55:59,1342.0900,6,2
2026-01-23,600519,13:56:02,1342.4800,3,1
2026-01-23,600519,13:56:05,1342.4700,4,1
2026-01-23,600519,13:56:08,1342.0900,3,2
2026-01-23,600519,13:56:11,1342.0900,5,1
2026-01-23,600519,13:56:14,1342.0900,3,2
2026-01-23,600519,13:56:17,1342.4399,2,1
2026-01-23,600519,13:56:20,1342.1000,4,2
2026-01-23,600519,13:56:23,1342.0800,9,2
2026-01-23,600519,13:56:26,1342.0100,7,2
2026-01-23,600519,13:56:29,1342.0100,17,2
2026-01-23,600519,13:56:32,1342.0100,4,1
2026-01-23,600519,13:56:35,1342.0100,0,1
2026-01-23,600519,13:56:38,1342.0100,2,2
2026-01-23,600519,13:56:41,1342.0800,2,2
2026-01-23,600519,13:56:44,1342.0900,2,1
2026-01-23,600519,13:56:47,1342.4600,5,1
2026-01-23,600519,13:56:50,1342.0100,3,2
2026-01-23,600519,13:56:53,1342.0200,4,2
2026-01-23,600519,13:56:56,1342.0300,4,2
2026-01-23,600519,13:56:59,1342.0699,2,1
2026-01-23,600519,13:57:02,1342.0699,3,1
2026-01-23,600519,13:57:05,1342.4800,2,1
2026-01-23,600519,13:57:08,1342.0699,1,2
2026-01-23,600519,13:57:11,1342.0900,5,2
2026-01-23,600519,13:57:14,1342.4800,3,1
2026-01-23,600519,13:57:20,1342.0800,2,1
2026-01-23,600519,13:57:23,1342.0800,11,1
2026-01-23,600519,13:57:26,1342.0900,14,1
2026-01-23,600519,13:57:29,1342.4500,2,1
2026-01-23,600519,13:57:32,1342.0900,1,2
2026-01-23,600519,13:57:35,1342.5000,12,1
2026-01-23,600519,13:57:38,1342.4900,10,2
2026-01-23,600519,13:57:41,1342.5900,6,1
2026-01-23,600519,13:57:44,1342.5900,4,1
2026-01-23,600519,13:57:47,1342.4900,14,2
2026-01-23,600519,13:57:50,1342.4900,3,2
2026-01-23,600519,13:57:53,1342.4800,6,2
2026-01-23,600519,13:57:56,1342.8800,3,1
2026-01-23,600519,13:57:59,1342.7900,3,1
2026-01-23,600519,13:58:02,1342.7900,7,1
2026-01-23,600519,13:58:05,1342.9700,8,1
2026-01-23,600519,13:58:08,1342.7900,11,2
2026-01-23,600519,13:58:11,1342.7900,2,1
2026-01-23,600519,13:58:14,1342.7000,12,2
2026-01-23,600519,13:58:17,1342.7000,5,1
2026-01-23,600519,13:58:20,1342.4500,1,2
2026-01-23,600519,13:58:23,1342.4500,13,2
2026-01-23,600519,13:58:26,1342.0900,6,2
2026-01-23,600519,13:58:29,1342.7000,40,1
2026-01-23,600519,13:58:32,1342.1000,10,2
2026-01-23,600519,13:58:35,1342.1000,8,2
2026-01-23,600519,13:58:38,1342.0900,6,2
2026-01-23,600519,13:58:41,1342.1000,2,1
2026-01-23,600519,13:58:44,1342.1100,2,2
2026-01-23,600519,13:58:47,1342.1000,5,2
2026-01-23,600519,13:58:50,1342.1000,6,2
2026-01-23,600519,13:58:53,1342.1000,11,1
2026-01-23,600519,13:58:56,1342.0601,2,2
2026-01-23,600519,13:58:59,1342.0500,6,2
2026-01-23,600519,13:59:02,1342.0601,1,2
2026-01-23,600519,13:59:05,1342.0601,3,1
2026-01-23,600519,13:59:08,1342.1100,4,1
2026-01-23,600519,13:59:11,1342.1600,5,2
2026-01-23,600519,13:59:14,1342.1600,2,1
2026-01-23,600519,13:59:17,1342.4000,1,1
2026-01-23,600519,13:59:20,1342.3600,2,2
2026-01-23,600519,13:59:23,1342.6000,14,1
2026-01-23,600519,13:59:29,1342.1100,2,2
2026-01-23,600519,13:59:35,1342.1500,4,1
2026-01-23,600519,13:59:38,1342.1600,5,1
2026-01-23,600519,13:59:41,1342.1600,4,1
2026-01-23,600519,13:59:44,1342.1600,8,1
2026-01-23,600519,13:59:47,1342.1600,2,2
2026-01-23,600519,13:59:50,1342.1600,9,2
2026-01-23,600519,13:59:53,1342.1500,7,2
2026-01-23,600519,13:59:59,1342.1600,6,1
2026-01-23,600519,14:00:02,1342.1600,5,1
2026-01-23,600519,14:00:05,1342.1500,8,1
2026-01-23,600519,14:00:11,1342.1300,1,2
2026-01-23,600519,14:00:14,1342.1300,1,1
2026-01-23,600519,14:00:17,1342.1300,3,2
2026-01-23,600519,14:00:20,1342.1300,2,2
2026-01-23,600519,14:00:23,1342.1300,6,1
2026-01-23,600519,14:00:26,1342.1600,7,1
2026-01-23,600519,14:00:29,1342.1400,4,2
2026-01-23,600519,14:00:32,1342.1400,3,2
2026-01-23,600519,14:00:35,1342.1600,10,2
2026-01-23,600519,14:00:38,1342.1600,2,2
2026-01-23,600519,14:00:41,1342.1600,3,1
2026-01-23,600519,14:00:44,1342.1600,18,1
2026-01-23,600519,14:00:47,1342.1600,7,2
2026-01-23,600519,14:00:50,1342.3000,8,2
2026-01-23,600519,14:00:53,1342.6000,6,1
2026-01-23,600519,14:00:56,1342.6600,4,1
2026-01-23,600519,14:00:59,1342.6200,3,2
2026-01-23,600519,14:01:02,1342.6500,6,1
2026-01-23,600519,14:01:05,1342.6200,8,2
2026-01-23,600519,14:01:14,1342.6200,4,1
2026-01-23,600519,14:01:17,1342.6200,4,2
2026-01-23,600519,14:01:20,1342.6200,2,1
2026-01-23,600519,14:01:23,1342.6200,3,1
2026-01-23,600519,14:01:26,1342.6200,6,2
2026-01-23,600519,14:01:29,1342.5800,3,2
2026-01-23,600519,14:01:32,1342.6200,1,1
2026-01-23,600519,14:01:35,1342.6500,3,1
2026-01-23,600519,14:01:38,1342.5800,5,2
2026-01-23,600519,14:01:41,1342.5601,3,2
2026-01-23,600519,14:01:44,1342.5601,3,1
2026-01-23,600519,14:01:47,1342.5500,4,2
2026-01-23,600519,14:01:50,1342.5601,1,2
2026-01-23,600519,14:01:53,1342.5601,3,1
2026-01-23,600519,14:01:56,1342.5601,13,2
2026-01-23,600519,14:01:59,1342.5601,8,1
2026-01-23,600519,14:02:02,1342.5400,8,2
2026-01-23,600519,14:02:05,1342.5300,23,2
2026-01-23,600519,14:02:08,1342.4500,6,2
2026-01-23,600519,14:02:11,1342.4800,1,1
2026-01-23,600519,14:02:14,1342.3101,9,2
2026-01-23,600519,14:02:17,1342.2300,2,2
2026-01-23,600519,14:02:20,1342.1700,3,2
2026-01-23,600519,14:02:23,1342.5500,5,1
2026-01-23,600519,14:02:26,1342.3000,7,2
2026-01-23,600519,14:02:29,1342.1400,23,2
2026-01-23,600519,14:02:32,1342.1700,2,2
2026-01-23,600519,14:02:35,1342.2000,2,1
2026-01-23,600519,14:02:38,1342.2900,4,1
2026-01-23,600519,14:02:41,1342.3000,8,1
2026-01-23,600519,14:02:44,1342.3000,11,2
2026-01-23,600519,14:02:50,1342.1700,3,2
2026-01-23,600519,14:02:53,1342.1600,1,2
2026-01-23,600519,14:02:56,1342.1700,5,1
2026-01-23,600519,14:02:59,1342.5400,1,1
2026-01-23,600519,14:03:02,1342.1700,3,2
2026-01-23,600519,14:03:05,1342.1700,5,2
2026-01-23,600519,14:03:08,1342.1700,3,2
2026-01-23,600519,14:03:14,1342.1700,6,2
2026-01-23,600519,14:03:17,1342.1700,8,2
2026-01-23,600519,14:03:20,1342.1700,1,2
2026-01-23,600519,14:03:23,1342.1600,5,2
2026-01-23,600519,14:03:26,1342.5300,1,1
2026-01-23,600519,14:03:29,1342.1700,10,2
2026-01-23,600519,14:03:32,1342.1801,7,1
2026-01-23,600519,14:03:35,1342.5500,1,1
2026-01-23,600519,14:03:38,1342.5200,3,2
2026-01-23,600519,14:03:41,1342.5000,6,2
2026-01-23,600519,14:03:44,1342.5000,8,1
2026-01-23,600519,14:03:47,1342.5200,5,1
2026-01-23,600519,14:03:50,1342.4700,2,2
2026-01-23,600519,14:03:53,1342.5400,3,1
2026-01-23,600519,14:03:56,1342.5200,3,1
2026-01-23,600519,14:04:02,1342.5200,9,2
2026-01-23,600519,14:04:05,1342.6700,5,1
2026-01-23,600519,14:04:08,1342.5200,3,2
2026-01-23,600519,14:04:11,1342.5300,3,2
2026-01-23,600519,14:04:14,1342.5100,5,2
2026-01-23,600519,14:04:17,1342.5200,2,2
2026-01-23,600519,14:04:20,1342.5200,0,2
2026-01-23,600519,14:04:23,1342.5200,2,2
2026-01-23,600519,14:04:26,1342.5300,3,1
2026-01-23,600519,14:04:29,1342.5200,6,2
2026-01-23,600519,14:04:32,1342.5300,78,2
2026-01-23,600519,14:04:35,1342.5300,4,2
2026-01-23,600519,14:04:38,1342.5900,2,4
2026-01-23,600519,14:04:41,1342.4301,59,2
2026-01-23,600519,14:04:44,1342.4301,9,2
2026-01-23,600519,14:04:47,1342.3300,2,2
2026-01-23,600519,14:04:50,1342.2000,3,2
2026-01-23,600519,14:04:53,1342.1600,15,2
2026-01-23,600519,14:04:56,1342.1300,22,2
2026-01-23,600519,14:04:59,1342.2000,4,1
2026-01-23,600519,14:05:05,1342.1700,19,2
2026-01-23,600519,14:05:08,1342.2000,7,2
2026-01-23,600519,14:05:14,1342.4800,1,1
2026-01-23,600519,14:05:17,1342.1600,13,2
2026-01-23,600519,14:05:20,1342.4800,6,1
2026-01-23,600519,14:05:23,1342.2400,1,2
2026-01-23,600519,14:05:26,1342.4800,4,1
2026-01-23,600519,14:05:29,1342.4700,4,1
2026-01-23,600519,14:05:32,1342.2000,5,2
2026-01-23,600519,14:05:35,1342.5200,9,1
2026-01-23,600519,14:05:38,1342.2000,4,2
2026-01-23,600519,14:05:41,1342.2000,5,2
2026-01-23,600519,14:05:44,1342.4600,2,1
2026-01-23,600519,14:05:47,1342.4700,2,1
2026-01-23,600519,14:05:53,1342.2200,4,2
2026-01-23,600519,14:05:56,1342.4600,5,1
2026-01-23,600519,14:05:59,1342.2200,2,2
2026-01-23,600519,14:06:02,1342.4399,1,1
2026-01-23,600519,14:06:05,1342.4399,4,1
2026-01-23,600519,14:06:08,1342.4399,4,2
2026-01-23,600519,14:06:11,1342.4900,3,1
2026-01-23,600519,14:06:14,1342.5100,1,1
2026-01-23,600519,14:06:17,1342.4399,7,2
2026-01-23,600519,14:06:23,1342.4900,4,1
2026-01-23,600519,14:06:26,1342.4399,3,2
2026-01-23,600519,14:06:29,1342.4399,7,2
2026-01-23,600519,14:06:32,1342.4399,2,1
2026-01-23,600519,14:06:35,1342.4900,5,1
2026-01-23,600519,10:48:59,1341.9399,4,2
2026-01-23,600519,10:49:02,1341.9399,18,2
2026-01-23,600519,10:49:05,1341.9399,4,2
2026-01-23,600519,10:49:08,1341.9500,7,1
2026-01-23,600519,10:49:11,1341.9500,5,1
2026-01-23,600519,10:49:14,1341.9399,11,2
2026-01-23,600519,10:49:17,1341.8600,25,2
2026-01-23,600519,10:49:20,1341.8900,13,1
2026-01-23,600519,10:49:23,1341.8101,2,2
2026-01-23,600519,10:49:26,1341.8101,11,2
2026-01-23,600519,10:49:29,1341.8199,1,2
2026-01-23,600519,10:49:32,1341.8101,3,2
2026-01-23,600519,10:49:41,1341.5000,3,2
2026-01-23,600519,10:49:44,1341.5000,5,2
2026-01-23,600519,10:49:47,1341.5000,1,1
2026-01-23,600519,10:49:50,1341.4900,1,2
2026-01-23,600519,10:49:53,1341.4900,2,2
2026-01-23,600519,10:49:56,1341.4900,3,2
2026-01-23,600519,10:49:59,1341.4700,1,2
2026-01-23,600519,10:50:05,1341.4700,1,1
2026-01-23,600519,10:50:08,1341.4700,1,1
2026-01-23,600519,10:50:11,1341.4700,2,1
2026-01-23,600519,10:50:14,1341.1899,6,2
2026-01-23,600519,10:50:17,1341.1899,9,1
2026-01-23,600519,10:50:20,1341.0000,6,2
2026-01-23,600519,10:50:23,1341.0000,6,2
2026-01-23,600519,10:50:26,1341.0100,6,4
2026-01-23,600519,10:50:29,1341.0100,8,4
2026-01-23,600519,10:50:32,1341.0200,5,1
2026-01-23,600519,10:50:35,1341.0000,10,2
2026-01-23,600519,10:50:38,1341.0000,1,2
2026-01-23,600519,10:50:41,1341.0000,1,2
2026-01-23,600519,10:50:53,1341.1899,6,1
2026-01-23,600519,10:50:56,1341.4700,1,1
2026-01-23,600519,10:50:59,1341.4800,3,1
2026-01-23,600519,10:51:02,1341.4900,6,1
2026-01-23,600519,10:51:05,1341.2500,7,2
2026-01-23,600519,10:51:08,1341.2500,1,2
2026-01-23,600519,10:51:11,1341.4900,2,1
2026-01-23,600519,10:51:14,1341.6899,3,1
2026-01-23,600519,10:51:17,1341.8000,9,1
2026-01-23,600519,10:51:20,1341.8101,3,1
2026-01-23,600519,10:51:23,1341.8101,2,1
2026-01-23,600519,10:51:26,1342.2400,40,1
2026-01-23,600519,10:51:29,1342.0300,5,2
2026-01-23,600519,10:51:32,1342.2400,10,2
2026-01-23,600519,10:51:35,1342.2400,3,2
2026-01-23,600519,10:51:41,1342.4301,1,1
2026-01-23,600519,10:51:44,1342.4301,6,2
2026-01-23,600519,10:51:47,1342.0000,5,2
2026-01-23,600519,10:51:50,1342.3700,4,2
2026-01-23,600519,10:51:56,1342.3700,20,2
2026-01-23,600519,10:51:59,1342.4399,2,2
2026-01-23,600519,10:52:05,1342.4800,16,1
2026-01-23,600519,10:52:08,1342.4700,1,1
2026-01-23,600519,10:52:11,1342.5000,17,1
2026-01-23,600519,10:52:14,1342.5000,13,1
2026-01-23,600519,10:52:17,1342.5000,11,2
2026-01-23,600519,10:52:20,1342.5900,4,1
2026-01-23,600519,10:52:23,1342.5200,3,2
2026-01-23,600519,10:52:26,1342.5100,2,2
2026-01-23,600519,10:52:29,1342.5100,3,2
2026-01-23,600519,10:52:32,1342.5100,5,2
2026-01-23,600519,10:52:35,1342.6000,9,1
2026-01-23,600519,10:52:38,1342.6801,2,1
2026-01-23,600519,10:52:47,1342.6801,5,1
2026-01-23,600519,10:52:53,1342.7700,4,1
2026-01-23,600519,10:52:56,1342.6801,3,2
2026-01-23,600519,10:52:59,1342.7900,2,1
2026-01-23,600519,10:53:05,1342.7100,6,2
2026-01-23,600519,10:53:08,1342.7700,1,1
2026-01-23,600519,10:53:11,1342.7600,4,1
2026-01-23,600519,10:53:14,1342.7700,3,2
2026-01-23,600519,10:53:17,1342.7000,27,2
2026-01-23,600519,10:53:20,1342.6801,5,2
2026-01-23,600519,10:53:23,1342.8000,3,1
2026-01-23,600519,10:53:29,1342.8800,3,1
2026-01-23,600519,10:53:32,1342.8000,10,2
2026-01-23,600519,10:53:35,1342.9000,6,1
2026-01-23,600519,10:53:38,1342.8900,1,4
2026-01-23,600519,10:53:41,1342.9000,4,1
2026-01-23,600519,10:53:44,1342.9000,5,1
2026-01-23,600519,10:53:47,1342.9000,1,4
2026-01-23,600519,10:53:53,1342.9000,6,2
2026-01-23,600519,10:54:02,1342.9399,5,1
2026-01-23,600519,10:54:05,1342.9700,3,1
2026-01-23,600519,10:54:11,1342.9600,4,1
2026-01-23,600519,10:54:14,1342.9500,5,2
2026-01-23,600519,10:54:17,1342.9900,5,1
2026-01-23,600519,10:54:20,1342.9900,7,1
2026-01-23,600519,10:54:23,1342.9700,14,2
2026-01-23,600519,10:54:26,1342.9700,6,2
2026-01-23,600519,10:54:29,1342.9900,6,1
2026-01-23,600519,10:54:32,1343.0000,6,1
2026-01-23,600519,10:54:35,1343.0000,4,1
2026-01-23,600519,10:54:38,1343.0000,26,2
2026-01-23,600519,10:54:41,1343.0400,3,1
2026-01-23,600519,10:54:44,1343.0100,1,2
2026-01-23,600519,10:54:50,1343.5601,7,1
2026-01-23,600519,10:54:53,1343.5601,7,1
2026-01-23,600519,10:54:56,1343.5699,2,1
2026-01-23,600519,10:54:59,1343.5601,21,2
2026-01-23,600519,10:55:02,1343.5699,9,4
2026-01-23,600519,10:55:05,1343.5800,10,1
2026-01-23,600519,10:55:08,1343.6000,14,1
2026-01-23,600519,10:55:11,1343.6899,3,1
2026-01-23,600519,10:55:14,1343.6899,2,1
2026-01-23,600519,10:55:17,1343.6000,7,2
2026-01-23,600519,10:55:20,1343.8800,7,1
2026-01-23,600519,10:55:23,1343.9000,2,1
2026-01-23,600519,10:55:26,1343.9900,7,1
2026-01-23,600519,10:55:29,1344.9900,35,1
2026-01-23,600519,10:55:32,1344.9399,4,1
2026-01-23,600519,10:55:35,1344.9399,15,1
2026-01-23,600519,10:55:38,1344.9301,4,1
2026-01-23,600519,10:55:41,1344.1200,6,2
2026-01-23,600519,10:55:44,1343.8900,33,2
2026-01-23,600519,10:55:47,1343.8101,10,2
2026-01-23,600519,10:55:50,1344.5200,6,1
2026-01-23,600519,10:55:53,1344.5300,15,1
2026-01-23,600519,10:55:56,1343.8101,12,2
2026-01-23,600519,10:55:59,1344.5000,4,1
2026-01-23,600519,10:56:02,1343.8101,6,2
2026-01-23,600519,10:56:05,1343.8101,3,1
2026-01-23,600519,10:56:08,1343.8000,3,1
2026-01-23,600519,10:56:11,1343.8000,5,1
2026-01-23,600519,10:56:14,1343.7100,4,2
2026-01-23,600519,10:56:17,1343.6899,2,2
2026-01-23,600519,10:56:20,1343.5800,7,2
2026-01-23,600519,10:56:23,1343.5900,4,2
2026-01-23,600519,10:56:26,1343.5900,2,2
2026-01-23,600519,10:56:29,1343.6000,5,2
2026-01-23,600519,10:56:32,1343.7100,11,1
2026-01-23,600519,10:56:35,1343.6000,2,2
2026-01-23,600519,10:56:38,1343.5900,3,2
2026-01-23,600519,10:56:41,1343.6000,1,2
2026-01-23,600519,10:56:44,1343.6000,6,2
2026-01-23,600519,10:56:47,1343.5800,2,2
2026-01-23,600519,10:56:50,1343.6100,1,2
2026-01-23,600519,10:56:53,1343.6000,5,2
2026-01-23,600519,10:56:56,1343.6000,5,2
2026-01-23,600519,10:56:59,1343.5800,5,2
2026-01-23,600519,10:57:02,1343.5800,1,2
2026-01-23,600519,10:57:05,1343.5800,2,2
2026-01-23,600519,10:57:08,1343.6000,5,1
2026-01-23,600519,10:57:11,1343.5800,3,2
2026-01-23,600519,10:57:14,1343.5800,14,2
2026-01-23,600519,10:57:17,1343.5900,6,2
2026-01-23,600519,10:57:20,1343.5699,7,2
2026-01-23,600519,10:57:23,1343.4900,46,2
2026-01-23,600519,10:57:26,1343.4900,4,1
2026-01-23,600519,10:57:29,1343.1000,1,2
2026-01-23,600519,10:57:35,1343.1000,57,2
2026-01-23,600519,10:57:38,1343.1000,2,2
2026-01-23,600519,10:57:41,1343.1000,96,2
2026-01-23,600519,10:57:44,1343.1600,4,1
2026-01-23,600519,10:57:47,1343.1500,59,2
2026-01-23,600519,10:57:50,1343.0000,54,2
2026-01-23,600519,10:57:53,1343.0000,4,1
2026-01-23,600519,10:57:56,1342.9700,1,2
2026-01-23,600519,10:58:02,1342.9600,5,2
2026-01-23,600519,10:58:05,1342.9100,20,2
2026-01-23,600519,10:58:08,1342.8000,10,2
2026-01-23,600519,10:58:11,1342.7800,11,2
2026-01-23,600519,10:58:14,1342.0000,6,2
2026-01-23,600519,10:58:17,1342.0000,2,2
2026-01-23,600519,10:58:20,1342.0100,1,2
2026-01-23,600519,10:58:23,1342.0100,5,2
2026-01-23,600519,10:58:26,1342.7200,1,1
2026-01-23,600519,10:58:29,1342.0100,1,2
2026-01-23,600519,10:58:32,1342.6899,2,1
2026-01-23,600519,10:58:35,1342.0400,2,2
2026-01-23,600519,10:58:44,1342.1899,14,2
2026-01-23,600519,10:58:47,1342.6500,3,1
2026-01-23,600519,10:58:56,1342.6700,3,1
2026-01-23,600519,10:59:02,1342.6700,7,1
2026-01-23,600519,10:59:08,1342.6600,3,1
2026-01-23,600519,10:59:11,1342.6600,2,1
2026-01-23,600519,10:59:17,1342.2000,3,2
2026-01-23,600519,10:59:20,1342.1500,7,2
2026-01-23,600519,10:59:23,1342.6700,2,1
2026-01-23,600519,10:59:26,1342.6600,1,1
2026-01-23,600519,10:59:32,1342.1600,3,2
2026-01-23,600519,10:59:35,1342.6600,2,1
2026-01-23,600519,10:59:47,1342.6700,3,1
2026-01-23,600519,10:59:50,1342.6000,2,1
2026-01-23,600519,10:59:53,1342.6000,1,2
2026-01-23,600519,10:59:56,1342.6700,7,1
2026-01-23,600519,10:59:59,1342.6100,4,2
2026-01-23,600519,11:00:02,1342.6100,2,2
2026-01-23,600519,11:00:05,1342.1899,6,2
2026-01-23,600519,11:00:08,1342.6100,6,1
2026-01-23,600519,11:00:11,1342.5900,1,1
2026-01-23,600519,11:00:14,1342.5900,1,1
2026-01-23,600519,11:00:17,1342.2000,2,2
2026-01-23,600519,11:00:20,1342.2000,1,2
2026-01-23,600519,11:00:23,1342.2000,1,2
2026-01-23,600519,11:00:29,1342.2200,1,2
2026-01-23,600519,11:00:32,1342.5000,5,1
2026-01-23,600519,11:00:35,1342.5900,1,1
2026-01-23,600519,11:00:38,1342.5900,4,1
2026-01-23,600519,11:00:41,1342.5200,4,2
2026-01-23,600519,11:00:50,1342.5200,3,1
2026-01-23,600519,11:00:53,1342.5100,4,4
2026-01-23,600519,11:00:56,1342.5200,1,2
2026-01-23,600519,11:01:05,1342.6500,26,1
2026-01-23,600519,11:01:08,1342.6600,2,1
2026-01-23,600519,11:01:14,1342.6500,11,2
2026-01-23,600519,11:01:17,1342.6801,3,1
2026-01-23,600519,11:01:23,1342.6801,3,1
2026-01-23,600519,11:01:26,1342.6600,7,2
2026-01-23,600519,11:01:29,1342.5200,2,2
2026-01-23,600519,11:01:32,1342.7000,19,1
2026-01-23,600519,11:01:35,1342.9301,13,1
2026-01-23,600519,11:01:38,1342.9399,11,1
2026-01-23,600519,11:01:41,1343.0000,2,1
2026-01-23,600519,11:01:44,1343.0000,9,1
2026-01-23,600519,11:01:47,1343.0000,1,1
2026-01-23,600519,11:01:50,1343.0000,12,1
2026-01-23,600519,11:01:53,1343.0000,3,1
2026-01-23,600519,11:01:56,1343.0400,5,1
2026-01-23,600519,11:01:59,1343.5000,24,1
2026-01-23,600519,11:02:02,1344.0000,9,1
2026-01-23,600519,11:02:05,1343.5000,7,2
2026-01-23,600519,11:02:08,1344.0000,2,1
2026-01-23,600519,11:02:11,1344.0000,6,1
2026-01-23,600519,11:02:14,1344.4500,10,1
2026-01-23,600519,11:02:17,1344.0000,1,2
2026-01-23,600519,11:02:20,1344.0100,2,2
2026-01-23,600519,11:02:23,1344.0100,1,2
2026-01-23,600519,11:02:26,1344.0200,2,2
2026-01-23,600519,11:02:29,1344.0100,7,2
2026-01-23,600519,11:02:32,1344.0200,4,2
2026-01-23,600519,11:02:35,1344.4600,5,1
2026-01-23,600519,11:02:38,1344.4200,2,1
2026-01-23,600519,11:02:44,1344.1200,7,2
2026-01-23,600519,11:02:47,1344.1100,4,1
2026-01-23,600519,11:02:50,1344.1000,5,2
2026-01-23,600519,11:02:53,1344.1100,7,1
2026-01-23,600519,11:02:56,1344.1000,7,2
2026-01-23,600519,11:02:59,1344.1100,11,1
2026-01-23,600519,11:03:02,1344.2300,12,1
2026-01-23,600519,11:03:05,1344.1100,1,1
2026-01-23,600519,11:03:08,1344.2300,5,1
2026-01-23,600519,11:03:14,1344.2500,10,2
2026-01-23,600519,11:03:17,1344.2700,10,1
2026-01-23,600519,11:03:20,1344.3400,5,1
2026-01-23,600519,11:03:23,1344.3400,3,2
2026-01-23,600519,11:03:26,1344.4500,10,1
2026-01-23,600519,11:03:32,1344.5601,30,1
2026-01-23,600519,11:03:35,1344.5300,17,2
2026-01-23,600519,11:03:38,1344.9900,4,1
2026-01-23,600519,11:03:41,1345.0000,27,1
2026-01-23,600519,11:03:44,1344.9900,9,2
2026-01-23,600519,11:03:47,1345.0000,1,1
2026-01-23,600519,11:03:53,1345.0000,8,1
2026-01-23,600519,11:03:56,1344.9000,6,2
2026-01-23,600519,11:03:59,1345.0000,7,1
2026-01-23,600519,11:04:02,1344.5800,2,2
2026-01-23,600519,11:04:05,1345.0000,5,1
2026-01-23,600519,11:04:08,1344.5800,2,2
2026-01-23,600519,11:04:11,1345.0000,15,1
2026-01-23,600519,11:04:14,1345.0000,11,1
2026-01-23,600519,11:04:17,1344.7100,2,1
2026-01-23,600519,11:04:20,1344.5400,4,2
2026-01-23,600519,11:04:23,1344.7100,4,2
2026-01-23,600519,11:04:26,1344.7100,7,2
2026-01-23,600519,11:04:29,1344.9000,7,2
2026-01-23,600519,11:04:32,1344.8199,10,1
2026-01-23,600519,11:04:38,1344.7200,5,2
2026-01-23,600519,11:04:41,1344.9500,22,1
2026-01-23,600519,11:04:44,1345.0000,32,1
2026-01-23,600519,11:04:47,1345.8800,175,1
2026-01-23,600519,11:04:50,1345.8800,6,2
2026-01-23,600519,11:04:53,1345.9700,8,1
2026-01-23,600519,11:04:56,1345.9700,5,1
2026-01-23,600519,11:04:59,1345.8800,13,2
2026-01-23,600519,11:05:02,1345.9900,18,1
2026-01-23,600519,11:05:05,1346.9500,187,1
2026-01-23,600519,11:05:08,1347.5900,194,1
2026-01-23,600519,11:05:11,1347.5800,87,4
2026-01-23,600519,11:05:14,1348.0000,50,1
2026-01-23,600519,11:05:17,1347.5900,30,2
2026-01-23,600519,11:05:20,1348.0000,11,1
2026-01-23,600519,11:05:23,1347.6000,11,2
2026-01-23,600519,11:05:26,1347.6100,5,2
2026-01-23,600519,11:05:29,1347.6200,8,2
2026-01-23,600519,11:05:32,1347.6200,4,2
2026-01-23,600519,11:05:35,1347.5800,8,2
2026-01-23,600519,11:05:38,1347.5000,5,2
2026-01-23,600519,11:05:41,1347.5000,4,1
2026-01-23,600519,11:05:44,1347.2200,11,2
2026-01-23,600519,11:05:47,1347.2200,33,2
2026-01-23,600519,11:05:50,1347.4900,16,1
2026-01-23,600519,11:05:53,1347.6500,10,1
2026-01-23,600519,11:05:56,1347.6500,3,2
2026-01-23,600519,11:05:59,1347.6500,5,2
2026-01-23,600519,11:06:02,1347.8400,4,1
2026-01-23,600519,11:06:05,1347.6600,3,2
2026-01-23,600519,11:06:08,1347.6500,9,2
2026-01-23,600519,11:06:11,1347.6700,12,2
2026-01-23,600519,11:06:14,1347.6600,17,2
2026-01-23,600519,11:06:17,1347.7000,8,2
2026-01-23,600519,11:06:20,1347.8000,6,1
2026-01-23,600519,11:06:23,1347.8000,39,2
2026-01-23,600519,11:06:26,1347.8000,9,2
2026-01-23,600519,11:06:29,1347.8000,6,2
2026-01-23,600519,11:06:32,1347.8400,11,1
2026-01-23,600519,11:06:35,1347.8000,10,2
2026-01-23,600519,11:06:38,1347.8199,29,1
2026-01-23,600519,11:06:41,1347.8199,6,2
2026-01-23,600519,11:06:44,1347.8400,12,1
2026-01-23,600519,11:06:47,1347.8199,19,2
2026-01-23,600519,11:06:50,1347.8199,2,2
2026-01-23,600519,11:06:53,1347.8199,9,4
2026-01-23,600519,11:06:56,1347.8101,12,2
2026-01-23,600519,11:06:59,1347.8000,19,2
2026-01-23,600519,11:07:02,1347.8000,4,2
2026-01-23,600519,11:07:05,1347.7900,28,2
2026-01-23,600519,11:07:08,1347.7000,11,2
2026-01-23,600519,11:07:11,1347.6500,5,2
2026-01-23,600519,11:07:14,1347.6500,9,2
2026-01-23,600519,11:07:17,1347.6000,36,2
2026-01-23,600519,11:07:20,1347.3900,6,2
2026-01-23,600519,11:07:26,1347.5900,7,1
2026-01-23,600519,11:07:29,1347.5900,5,1
2026-01-23,600519,11:07:32,1347.0100,6,2
2026-01-23,600519,11:07:35,1347.0000,3,2
2026-01-23,600519,11:07:38,1346.9500,5,2
2026-01-23,600519,11:07:41,1346.9600,6,2
2026-01-23,600519,11:07:44,1347.0000,12,1
2026-01-23,600519,11:07:47,1346.9000,1,2
2026-01-23,600519,11:07:50,1346.9000,3,1
2026-01-23,600519,11:07:53,1346.9500,6,1
2026-01-23,600519,11:07:56,1346.4800,7,2
2026-01-23,600519,11:07:59,1346.8800,2,1
2026-01-23,600519,11:08:02,1346.9000,5,1
2026-01-23,600519,11:08:05,1346.9100,5,1
2026-01-23,600519,11:08:08,1346.1000,2,2
2026-01-23,600519,11:08:11,1346.9000,3,2
2026-01-23,600519,11:08:14,1346.8800,9,2
2026-01-23,600519,11:08:17,1346.8400,1,2
2026-01-23,600519,11:08:23,1346.8101,2,2
2026-01-23,600519,11:08:26,1346.8101,2,1
2026-01-23,600519,11:08:29,1346.8000,1,1
2026-01-23,600519,11:08:32,1346.8000,2,1
2026-01-23,600519,11:08:35,1346.4600,15,2
2026-01-23,600519,11:08:38,1346.4600,3,2
2026-01-23,600519,11:08:41,1346.4700,5,2
2026-01-23,600519,11:08:44,1346.0900,11,2
2026-01-23,600519,11:08:47,1346.0500,10,2
2026-01-23,600519,11:08:50,1346.7900,3,1
2026-01-23,600519,11:08:53,1346.0500,1,2
2026-01-23,600519,11:08:56,1346.0500,20,2
2026-01-23,600519,11:08:59,1346.0500,13,2
2026-01-23,600519,11:09:05,1346.0900,3,2
2026-01-23,600519,11:09:08,1346.0800,4,2
2026-01-23,600519,11:09:11,1346.6000,7,1
2026-01-23,600519,11:09:14,1346.4600,5,1
2026-01-23,600519,11:09:20,1346.0800,5,2
2026-01-23,600519,11:09:23,1346.0800,4,2
2026-01-23,600519,11:09:26,1346.7800,10,1
2026-01-23,600519,11:09:29,1346.0601,2,2
2026-01-23,600519,11:09:32,1346.7600,8,1
2026-01-23,600519,11:09:35,1346.7800,11,1
2026-01-23,600519,11:09:38,1347.0500,79,1
2026-01-23,600519,11:09:41,1346.9100,20,2
2026-01-23,600519,11:09:44,1347.4900,3,1
2026-01-23,600519,11:09:47,1347.0601,9,2
2026-01-23,600519,11:09:50,1347.0000,11,2
2026-01-23,600519,11:09:53,1347.5000,6,2
2026-01-23,600519,11:09:56,1347.4900,4,2
2026-01-23,600519,11:09:59,1347.4900,2,1
2026-01-23,600519,11:10:02,1347.0100,5,2
2026-01-23,600519,11:10:05,1347.4900,6,1
2026-01-23,600519,11:10:08,1346.8800,5,2
2026-01-23,600519,11:10:11,1346.4301,5,2
2026-01-23,600519,11:10:14,1346.4301,1,2
2026-01-23,600519,11:10:17,1346.7100,4,1
2026-01-23,600519,11:10:20,1346.4301,16,2
2026-01-23,600519,11:10:23,1346.6500,48,1
2026-01-23,600519,11:10:26,1345.0400,31,2
2026-01-23,600519,11:10:29,1345.0000,10,2
2026-01-23,600519,11:10:32,1344.9500,12,2
2026-01-23,600519,11:10:35,1344.9500,21,2
2026-01-23,600519,11:10:38,1344.9500,49,2
2026-01-23,600519,11:10:41,1344.9500,49,2
2026-01-23,600519,11:10:44,1344.2700,43,2
2026-01-23,600519,11:10:47,1344.1000,13,2
2026-01-23,600519,11:10:50,1344.1200,10,2
2026-01-23,600519,11:10:53,1344.0000,11,2
2026-01-23,600519,11:10:56,1342.9800,22,2
2026-01-23,600519,11:10:59,1342.6100,25,2
2026-01-23,600519,11:11:02,1342.6200,12,2
2026-01-23,600519,11:11:05,1342.5200,9,2
2026-01-23,600519,11:11:08,1343.1000,8,1
2026-01-23,600519,11:11:11,1343.1000,6,2
2026-01-23,600519,11:11:14,1343.1000,7,2
2026-01-23,600519,11:11:17,1343.8300,13,1
2026-01-23,600519,11:11:20,1343.5000,8,2
2026-01-23,600519,11:11:23,1343.9200,2,1
2026-01-23,600519,11:11:26,1343.1100,3,2
2026-01-23,600519,11:11:29,1343.9301,9,1
2026-01-23,600519,11:11:32,1343.8300,9,1
2026-01-23,600519,11:11:35,1343.9301,6,1
2026-01-23,600519,11:11:38,1343.2000,10,2
2026-01-23,600519,11:11:41,1343.1500,14,2
2026-01-23,600519,11:11:44,1343.1300,9,2
2026-01-23,600519,11:11:47,1343.1300,8,2
2026-01-23,600519,11:11:50,1343.1000,17,2
2026-01-23,600519,11:11:53,1342.6300,12,2
2026-01-23,600519,11:11:56,1342.2300,15,2
2026-01-23,600519,11:11:59,1342.1899,20,2
