date,code,time,price,volume,bs
2026-04-17,000001,14:04:21,11.0400,117,1
2026-04-17,000001,14:04:24,11.0300,201,2
2026-04-17,000001,14:04:27,11.0400,59,1
2026-04-17,000001,14:04:30,11.0400,60,1
2026-04-17,000001,14:04:33,11.0300,10,2
2026-04-17,000001,14:04:36,11.0400,118,1
2026-04-17,000001,14:04:39,11.0400,70,1
2026-04-17,000001,14:04:42,11.0400,185,1
2026-04-17,000001,14:04:45,11.0400,134,1
2026-04-17,000001,14:04:48,11.0400,7,1
2026-04-17,000001,14:04:51,11.0400,6,1
2026-04-17,000001,14:04:54,11.0400,310,1
2026-04-17,000001,14:04:57,11.0400,11,1
2026-04-17,000001,14:05:00,11.0300,153,2
2026-04-17,000001,14:05:03,11.0400,341,1
2026-04-17,000001,14:05:06,11.0400,2,1
2026-04-17,000001,14:05:09,11.0400,29,1
2026-04-17,000001,14:05:18,11.0400,37,1
2026-04-17,000001,14:05:21,11.0300,2,2
2026-04-17,000001,14:05:24,11.0400,45,1
2026-04-17,000001,14:05:27,11.0300,144,2
2026-04-17,000001,14:05:30,11.0300,80,2
2026-04-17,000001,14:05:33,11.0400,17,1
2026-04-17,000001,14:05:36,11.0400,166,1
2026-04-17,000001,14:05:39,11.0400,212,1
2026-04-17,000001,14:05:42,11.0400,40,1
2026-04-17,000001,14:05:45,11.0400,68,1
2026-04-17,000001,14:05:48,11.0400,112,1
2026-04-17,000001,14:05:51,11.0400,18,1
2026-04-17,000001,14:05:54,11.0400,66,1
2026-04-17,000001,14:05:57,11.0400,17,1
2026-04-17,000001,14:06:00,11.0300,89,2
2026-04-17,000001,14:06:03,11.0400,215,1
2026-04-17,000001,14:06:06,11.0300,51,2
2026-04-17,000001,14:06:09,11.0400,5,1
2026-04-17,000001,14:06:12,11.0400,83,1
2026-04-17,000001,14:06:15,11.0400,1001,1
2026-04-17,000001,14:06:18,11.0400,512,1
2026-04-17,000001,14:06:21,11.0400,233,1
2026-04-17,000001,14:06:24,11.0400,181,1
2026-04-17,000001,14:06:27,11.0400,63,1
2026-04-17,000001,14:06:30,11.0400,158,1
2026-04-17,000001,14:06:33,11.0400,15,2
2026-04-17,000001,14:06:36,11.0400,28,2
2026-04-17,000001,14:06:39,11.0500,180,1
2026-04-17,000001,14:06:42,11.0500,42,1
2026-04-17,000001,14:06:45,11.0500,33,1
2026-04-17,000001,14:06:48,11.0400,75,2
2026-04-17,000001,14:06:51,11.0500,8,1
2026-04-17,000001,14:06:54,11.0500,39,1
2026-04-17,000001,14:06:57,11.0400,288,2
2026-04-17,000001,14:07:00,11.0400,168,2
2026-04-17,000001,14:07:03,11.0400,90,2
2026-04-17,000001,14:07:06,11.0400,54,2
2026-04-17,000001,14:07:09,11.0400,50,2
2026-04-17,000001,14:07:12,11.0400,121,2
2026-04-17,000001,14:07:15,11.0400,89,2
2026-04-17,000001,14:07:18,11.0400,97,2
2026-04-17,000001,14:07:21,11.0500,29,1
2026-04-17,000001,14:07:24,11.0400,13,2
2026-04-17,000001,14:07:27,11.0400,37,2
2026-04-17,000001,14:07:30,11.0400,12,2
2026-04-17,000001,14:07:33,11.0400,38,2
2026-04-17,000001,14:07:36,11.0500,121,1
2026-04-17,000001,14:07:39,11.0400,43,2
2026-04-17,000001,14:07:42,11.0400,15,2
2026-04-17,000001,14:07:45,11.0400,25,2
2026-04-17,000001,14:07:48,11.0400,5,2
2026-04-17,000001,14:07:51,11.0400,2,2
2026-04-17,000001,14:07:57,11.0500,34,1
2026-04-17,000001,14:08:00,11.0400,25,2
2026-04-17,000001,14:08:03,11.0400,45,2
2026-04-17,000001,14:08:06,11.0400,15,2
2026-04-17,000001,14:08:09,11.0400,370,2
2026-04-17,000001,14:08:12,11.0400,40,2
2026-04-17,000001,14:08:15,11.0500,29,1
2026-04-17,000001,14:08:18,11.0500,23,1
2026-04-17,000001,14:08:21,11.0400,177,2
2026-04-17,000001,14:08:24,11.0400,14,2
2026-04-17,000001,14:08:27,11.0500,23,1
2026-04-17,000001,14:08:30,11.0500,10,1
2026-04-17,000001,14:08:33,11.0400,809,2
2026-04-17,000001,14:08:36,11.0400,34,1
2026-04-17,000001,14:08:39,11.0300,5870,2
2026-04-17,000001,14:08:42,11.0400,184,1
2026-04-17,000001,14:08:48,11.0400,69,1
2026-04-17,000001,14:08:51,11.0300,128,2
2026-04-17,000001,14:08:54,11.0400,36,1
2026-04-17,000001,14:08:57,11.0400,52,1
2026-04-17,000001,14:09:00,11.0300,3073,2
2026-04-17,000001,14:09:03,11.0400,527,1
2026-04-17,000001,14:09:06,11.0400,284,1
2026-04-17,000001,14:09:09,11.0400,207,1
2026-04-17,000001,14:09:12,11.0300,12,2
2026-04-17,000001,14:09:24,11.0400,1,1
2026-04-17,000001,14:09:27,11.0400,26,1
2026-04-17,000001,14:09:30,11.0400,1,1
2026-04-17,000001,14:09:33,11.0300,2298,2
2026-04-17,000001,14:09:36,11.0400,25,1
2026-04-17,000001,14:09:39,11.0300,5,2
2026-04-17,000001,14:09:42,11.0300,104,2
2026-04-17,000001,14:09:45,11.0400,197,1
2026-04-17,000001,14:09:48,11.0400,3,1
2026-04-17,000001,14:10:00,11.0300,1601,2
2026-04-17,000001,14:10:03,11.0300,4,2
2026-04-17,000001,14:10:06,11.0400,9,1
2026-04-17,000001,14:10:09,11.0400,10,1
2026-04-17,000001,14:10:12,11.0300,7,2
2026-04-17,000001,14:10:15,11.0400,25,1
2026-04-17,000001,14:10:18,11.0300,17,2
2026-04-17,000001,14:10:21,11.0300,1349,2
2026-04-17,000001,14:10:24,11.0400,114,1
2026-04-17,000001,14:10:27,11.0300,1,2
2026-04-17,000001,14:10:30,11.0400,77,1
2026-04-17,000001,14:10:33,11.0400,1,1
2026-04-17,000001,14:10:36,11.0300,65,2
2026-04-17,000001,14:10:39,11.0400,1,1
2026-04-17,000001,14:10:42,11.0400,171,1
2026-04-17,000001,14:10:45,11.0400,1,1
2026-04-17,000001,14:10:51,11.0300,1047,2
2026-04-17,000001,14:10:54,11.0300,24,2
2026-04-17,000001,14:10:57,11.0300,38,2
2026-04-17,000001,14:11:00,11.0300,54,2
2026-04-17,000001,14:11:03,11.0400,2,1
2026-04-17,000001,14:11:06,11.0300,6,2
2026-04-17,000001,14:11:09,11.0300,80,2
2026-04-17,000001,14:11:12,11.0400,966,1
2026-04-17,000001,14:11:15,11.0300,887,2
2026-04-17,000001,14:11:18,11.0300,12,2
2026-04-17,000001,14:11:21,11.0400,1284,1
2026-04-17,000001,14:11:24,11.0400,26,1
2026-04-17,000001,14:11:27,11.0400,114,1
2026-04-17,000001,14:11:30,11.0400,32,1
2026-04-17,000001,14:11:39,11.0300,974,2
2026-04-17,000001,14:11:42,11.0400,54,1
2026-04-17,000001,14:11:45,11.0400,11,1
2026-04-17,000001,14:11:48,11.0300,12,2
2026-04-17,000001,14:11:51,11.0400,1,1
2026-04-17,000001,14:11:54,11.0400,11,1
2026-04-17,000001,14:11:57,11.0400,1,1
2026-04-17,000001,14:12:00,11.0300,20,2
2026-04-17,000001,14:12:06,11.0300,160,2
2026-04-17,000001,14:12:09,11.0300,13,2
2026-04-17,000001,14:12:12,11.0300,53,2
2026-04-17,000001,14:12:15,11.0400,3,1
2026-04-17,000001,14:12:21,11.0300,1,2
2026-04-17,000001,14:12:27,11.0300,1,2
2026-04-17,000001,14:12:30,11.0400,1,1
2026-04-17,000001,14:12:33,11.0300,3,2
2026-04-17,000001,14:12:36,11.0400,18,1
2026-04-17,000001,14:12:39,11.0400,1,1
2026-04-17,000001,14:12:48,11.0400,10,1
2026-04-17,000001,14:12:51,11.0400,3,1
2026-04-17,000001,14:12:54,11.0300,3,2
2026-04-17,000001,14:13:00,11.0300,19,2
2026-04-17,000001,14:13:03,11.0300,18,2
2026-04-17,000001,14:13:06,11.0400,4,1
2026-04-17,000001,14:13:09,11.0400,1,1
2026-04-17,000001,14:13:12,11.0400,1,1
2026-04-17,000001,14:13:21,11.0300,1549,2
2026-04-17,000001,14:13:24,11.0300,3,2
2026-04-17,000001,14:13:30,11.0400,206,1
2026-04-17,000001,14:13:39,11.0300,122,2
2026-04-17,000001,14:13:42,11.0300,1,2
2026-04-17,000001,14:13:45,11.0300,15,2
2026-04-17,000001,14:13:48,11.0400,65,1
2026-04-17,000001,14:13:51,11.0300,6,2
2026-04-17,000001,14:13:54,11.0400,1,1
2026-04-17,000001,14:13:57,11.0400,5,1
2026-04-17,000001,14:14:00,11.0300,22,2
2026-04-17,000001,14:14:03,11.0300,296,2
2026-04-17,000001,14:14:09,11.0300,43,2
2026-04-17,000001,14:14:12,11.0300,14,2
2026-04-17,000001,14:14:15,11.0300,21,2
2026-04-17,000001,14:14:18,11.0400,12,1
2026-04-17,000001,14:14:21,11.0400,407,1
2026-04-17,000001,14:14:24,11.0300,12,2
2026-04-17,000001,14:14:27,11.0400,3,1
2026-04-17,000001,14:14:30,11.0400,13,1
2026-04-17,000001,14:14:33,11.0400,60,1
2026-04-17,000001,14:14:36,11.0300,202,2
2026-04-17,000001,14:14:39,11.0300,108,2
2026-04-17,000001,14:14:42,11.0400,2,1
2026-04-17,000001,14:14:45,11.0400,13,1
2026-04-17,000001,14:14:48,11.0400,12,1
2026-04-17,000001,14:14:54,11.0400,1,1
2026-04-17,000001,14:15:00,11.0300,20,2
2026-04-17,000001,14:15:03,11.0400,22,1
2026-04-17,000001,14:15:06,11.0400,5,1
2026-04-17,000001,14:15:09,11.0400,13,1
2026-04-17,000001,14:15:12,11.0400,10,1
2026-04-17,000001,14:15:15,11.0400,61,1
2026-04-17,000001,14:15:18,11.0400,13,1
2026-04-17,000001,14:15:21,11.0400,3,1
2026-04-17,000001,14:15:24,11.0400,27,1
2026-04-17,000001,14:15:30,11.0400,40,1
2026-04-17,000001,14:15:33,11.0300,303,2
2026-04-17,000001,14:15:36,11.0400,10,1
2026-04-17,000001,14:15:39,11.0300,92,2
2026-04-17,000001,14:15:42,11.0400,101,1
2026-04-17,000001,14:15:45,11.0300,13,2
2026-04-17,000001,14:15:51,11.0400,35,1
2026-04-17,000001,14:15:54,11.0300,25,2
2026-04-17,000001,14:15:57,11.0400,4,1
2026-04-17,000001,14:16:00,11.0300,40,2
2026-04-17,000001,14:16:09,11.0400,235,1
2026-04-17,000001,14:16:12,11.0400,5,1
2026-04-17,000001,14:16:15,11.0400,500,1
2026-04-17,000001,14:16:18,11.0400,75,1
2026-04-17,000001,14:16:21,11.0400,154,1
2026-04-17,000001,14:16:24,11.0300,23,2
2026-04-17,000001,14:16:27,11.0300,2,2
2026-04-17,000001,14:16:30,11.0400,2,1
2026-04-17,000001,14:16:33,11.0400,3,1
2026-04-17,000001,14:16:36,11.0300,18,2
2026-04-17,000001,14:16:39,11.0300,26,2
2026-04-17,000001,14:16:45,11.0400,1,1
2026-04-17,000001,14:16:48,11.0400,2,1
2026-04-17,000001,14:16:51,11.0300,51,2
2026-04-17,000001,14:16:54,11.0400,20,1
2026-04-17,000001,14:17:00,11.0300,19,2
2026-04-17,000001,14:17:03,11.0300,18,2
2026-04-17,000001,14:17:06,11.0400,45,1
2026-04-17,000001,14:17:09,11.0300,26,2
2026-04-17,000001,14:17:12,11.0400,4,1
2026-04-17,000001,14:17:15,11.0300,26,2
2026-04-17,000001,14:17:21,11.0300,36,2
2026-04-17,000001,14:17:24,11.0300,10,2
2026-04-17,000001,14:17:30,11.0300,10,2
2026-04-17,000001,14:17:33,11.0400,27,1
2026-04-17,000001,14:17:36,11.0400,53,1
2026-04-17,000001,14:17:39,11.0300,6,2
2026-04-17,000001,14:17:42,11.0400,73,1
2026-04-17,000001,14:17:48,11.0400,53,1
2026-04-17,000001,14:17:51,11.0400,27,1
2026-04-17,000001,14:17:54,11.0400,10,1
2026-04-17,000001,14:17:57,11.0400,16,1
2026-04-17,000001,14:18:00,11.0300,31,2
2026-04-17,000001,14:18:03,11.0400,41,1
2026-04-17,000001,14:18:06,11.0300,83,2
2026-04-17,000001,14:18:09,11.0400,9,1
2026-04-17,000001,14:18:12,11.0300,121,2
2026-04-17,000001,14:18:15,11.0400,19,1
2026-04-17,000001,14:18:18,11.0300,101,2
2026-04-17,000001,14:18:21,11.0300,1507,2
2026-04-17,000001,14:18:24,11.0400,172,1
2026-04-17,000001,14:18:27,11.0400,532,1
2026-04-17,000001,14:18:30,11.0300,272,2
2026-04-17,000001,14:18:33,11.0300,90,2
2026-04-17,000001,14:18:36,11.0300,94,2
2026-04-17,000001,14:18:39,11.0300,102,2
2026-04-17,000001,14:18:42,11.0300,33,2
2026-04-17,000001,14:18:45,11.0300,37,2
2026-04-17,000001,14:18:48,11.0300,22,2
2026-04-17,000001,14:18:51,11.0300,6,2
2026-04-17,000001,14:18:54,11.0400,65,1
2026-04-17,000001,14:18:57,11.0300,70,2
2026-04-17,000001,14:19:00,11.0300,121,2
2026-04-17,000001,14:19:03,11.0300,231,2
2026-04-17,000001,14:19:06,11.0300,512,2
2026-04-17,000001,14:19:09,11.0300,336,2
2026-04-17,000001,14:19:12,11.0300,187,2
2026-04-17,000001,14:19:15,11.0300,148,2
2026-04-17,000001,14:19:18,11.0400,31,1
2026-04-17,000001,14:19:21,11.0400,126,1
2026-04-17,000001,14:19:24,11.0400,112,1
2026-04-17,000001,14:19:27,11.0300,54,2
2026-04-17,000001,14:19:30,11.0300,45,2
2026-04-17,000001,14:19:33,11.0400,41,1
2026-04-17,000001,14:19:36,11.0300,305,2
2026-04-17,000001,14:19:39,11.0300,68,2
2026-04-17,000001,14:19:42,11.0300,50,2
2026-04-17,000001,14:19:45,11.0300,45,2
2026-04-17,000001,14:19:48,11.0300,13,2
2026-04-17,000001,14:19:51,11.0300,106,2
2026-04-17,000001,14:19:54,11.0300,6,2
2026-04-17,000001,14:19:57,11.0300,19,2
2026-04-17,000001,14:20:00,11.0300,55,2
2026-04-17,000001,14:20:03,11.0300,732,2
2026-04-17,000001,14:20:06,11.0300,390,2
2026-04-17,000001,14:20:09,11.0300,62,2
2026-04-17,000001,14:20:12,11.0400,10,1
2026-04-17,000001,14:20:15,11.0300,8,2
2026-04-17,000001,14:20:18,11.0300,1,2
2026-04-17,000001,14:20:21,11.0400,41,1
2026-04-17,000001,14:20:24,11.0300,382,2
2026-04-17,000001,14:20:27,11.0300,63,2
2026-04-17,000001,14:20:30,11.0300,27,2
2026-04-17,000001,14:20:33,11.0300,10,2
2026-04-17,000001,14:20:36,11.0400,47,1
2026-04-17,000001,14:20:39,11.0400,344,1
2026-04-17,000001,14:20:42,11.0300,44,2
2026-04-17,000001,14:20:45,11.0300,148,2
2026-04-17,000001,14:20:48,11.0300,6,2
2026-04-17,000001,14:20:51,11.0300,27,2
2026-04-17,000001,14:20:54,11.0400,2,1
2026-04-17,000001,14:20:57,11.0300,2,2
2026-04-17,000001,14:21:00,11.0300,46,2
2026-04-17,000001,14:21:06,11.0400,22,1
2026-04-17,000001,14:21:09,11.0300,48,2
2026-04-17,000001,14:21:15,11.0400,10,1
2026-04-17,000001,14:21:18,11.0400,33,1
2026-04-17,000001,14:21:21,11.0300,8,2
2026-04-17,000001,14:21:24,11.0300,2,2
2026-04-17,000001,14:21:27,11.0300,14,2
2026-04-17,000001,14:21:30,11.0400,67,1
2026-04-17,000001,14:21:33,11.0300,115,2
2026-04-17,000001,14:21:36,11.0300,99,2
2026-04-17,000001,14:21:39,11.0400,34,1
2026-04-17,000001,14:21:42,11.0300,34,2
2026-04-17,000001,14:21:45,11.0400,167,1
2026-04-17,000001,14:21:48,11.0400,99,1
2026-04-17,000001,14:21:51,11.0400,67,1
2026-04-17,000001,14:21:54,11.0300,29,2
2026-04-17,000001,14:21:57,11.0400,39,1
2026-04-17,000001,14:22:00,11.0300,51,2
2026-04-17,000001,14:22:03,11.0400,113,1
2026-04-17,000001,14:22:06,11.0300,15,2
2026-04-17,000001,14:22:09,11.0400,69,1
2026-04-17,000001,14:22:12,11.0400,17,1
2026-04-17,000001,14:22:15,11.0400,183,1
2026-04-17,000001,14:22:18,11.0400,22,1
2026-04-17,000001,14:22:21,11.0300,55,2
2026-04-17,000001,14:22:24,11.0400,27,1
2026-04-17,000001,14:22:27,11.0400,506,1
2026-04-17,000001,14:22:30,11.0300,60,2
2026-04-17,000001,14:22:33,11.0300,158,2
2026-04-17,000001,14:22:36,11.0300,64,2
2026-04-17,000001,14:22:39,11.0300,73,2
2026-04-17,000001,14:22:42,11.0300,17,2
2026-04-17,000001,14:22:45,11.0300,122,2
2026-04-17,000001,14:22:48,11.0400,36,1
2026-04-17,000001,14:22:51,11.0400,64,1
2026-04-17,000001,14:22:54,11.0300,273,2
2026-04-17,000001,14:22:57,11.0400,56,1
2026-04-17,000001,14:23:00,11.0300,134,2
2026-04-17,000001,14:23:03,11.0300,28,2
2026-04-17,000001,14:23:06,11.0300,40,2
2026-04-17,000001,14:23:09,11.0300,435,2
2026-04-17,000001,14:23:12,11.0300,217,2
2026-04-17,000001,14:23:15,11.0300,417,1
2026-04-17,000001,14:23:18,11.0300,56,1
2026-04-17,000001,14:23:21,11.0300,9282,1
2026-04-17,000001,14:23:24,11.0300,334,1
2026-04-17,000001,14:23:27,11.0300,110,1
2026-04-17,000001,14:23:30,11.0200,467,2
2026-04-17,000001,14:23:33,11.0200,442,2
2026-04-17,000001,14:23:36,11.0300,21,1
2026-04-17,000001,14:23:39,11.0300,1,1
2026-04-17,000001,14:23:42,11.0300,80,1
2026-04-17,000001,14:23:45,11.0200,73,2
2026-04-17,000001,14:23:48,11.0300,6618,1
2026-04-17,000001,14:23:51,11.0300,53,1
2026-04-17,000001,14:23:54,11.0300,131,1
2026-04-17,000001,14:23:57,11.0300,41,1
2026-04-17,000001,14:24:00,11.0200,67,2
2026-04-17,000001,14:24:03,11.0300,12,1
2026-04-17,000001,14:24:06,11.0300,24,1
2026-04-17,000001,14:24:09,11.0200,3267,2
2026-04-17,000001,14:24:12,11.0200,2,2
2026-04-17,000001,14:24:15,11.0300,248,1
2026-04-17,000001,14:24:18,11.0200,1508,2
2026-04-17,000001,14:24:21,11.0300,808,1
2026-04-17,000001,14:24:24,11.0300,38,1
2026-04-17,000001,14:24:27,11.0200,1622,2
2026-04-17,000001,14:24:30,11.0200,1382,2
2026-04-17,000001,14:24:33,11.0200,262,2
2026-04-17,000001,14:24:36,11.0200,464,2
2026-04-17,000001,14:24:39,11.0200,1367,1
2026-04-17,000001,14:24:42,11.0200,245,1
2026-04-17,000001,14:24:45,11.0200,3,2
2026-04-17,000001,14:24:48,11.0200,6,2
2026-04-17,000001,14:24:51,11.0300,21,1
2026-04-17,000001,14:24:54,11.0300,41,1
2026-04-17,000001,14:24:57,11.0300,340,1
2026-04-17,000001,14:25:00,11.0200,84,2
2026-04-17,000001,14:25:06,11.0200,23,2
2026-04-17,000001,14:25:09,11.0200,52,2
2026-04-17,000001,14:25:15,11.0200,16,2
2026-04-17,000001,14:25:18,11.0300,1,1
2026-04-17,000001,14:25:21,11.0200,40,2
2026-04-17,000001,14:25:24,11.0300,464,1
2026-04-17,000001,14:25:27,11.0200,21,2
2026-04-17,000001,14:25:30,11.0200,15,2
2026-04-17,000001,14:25:33,11.0300,1,1
2026-04-17,000001,14:25:36,11.0300,3,1
2026-04-17,000001,14:25:39,11.0300,38,1
2026-04-17,000001,14:25:45,11.0300,9,1
2026-04-17,000001,14:25:48,11.0200,579,2
2026-04-17,000001,14:25:51,11.0300,98,1
2026-04-17,000001,14:25:54,11.0200,7,2
2026-04-17,000001,14:26:00,11.0200,21,2
2026-04-17,000001,14:26:03,11.0200,178,2
2026-04-17,000001,14:26:06,11.0300,21,1
2026-04-17,000001,14:26:09,11.0300,2,1
2026-04-17,000001,14:26:12,11.0300,603,1
2026-04-17,000001,14:26:15,11.0300,215,1
2026-04-17,000001,14:26:18,11.0300,1,1
2026-04-17,000001,14:26:21,11.0200,83,2
2026-04-17,000001,14:26:24,11.0300,1,1
2026-04-17,000001,14:26:27,11.0300,1,1
2026-04-17,000001,14:26:30,11.0300,1,1
2026-04-17,000001,14:26:33,11.0300,48,1
2026-04-17,000001,14:26:36,11.0300,1,1
2026-04-17,000001,14:26:39,11.0200,1166,2
2026-04-17,000001,14:26:42,11.0200,71,2
2026-04-17,000001,14:26:45,11.0200,2,2
2026-04-17,000001,14:26:48,11.0200,26,2
2026-04-17,000001,14:26:51,11.0300,511,1
2026-04-17,000001,14:26:57,11.0300,14,1
2026-04-17,000001,14:27:00,11.0200,130,2
2026-04-17,000001,14:27:03,11.0300,1,1
2026-04-17,000001,14:27:09,11.0200,606,2
2026-04-17,000001,14:27:15,11.0200,10,2
2026-04-17,000001,14:27:18,11.0200,240,2
2026-04-17,000001,14:27:21,11.0300,2,1
2026-04-17,000001,14:27:24,11.0200,1,2
2026-04-17,000001,14:27:27,11.0300,42,1
2026-04-17,000001,14:27:30,11.0200,10,2
2026-04-17,000001,14:27:33,11.0200,203,2
2026-04-17,000001,14:27:36,11.0200,768,2
2026-04-17,000001,14:27:39,11.0300,217,1
2026-04-17,000001,14:27:42,11.0200,1,2
2026-04-17,000001,14:27:45,11.0200,181,2
2026-04-17,000001,14:27:48,11.0200,321,2
2026-04-17,000001,14:27:51,11.0200,237,2
2026-04-17,000001,14:27:54,11.0200,58,2
2026-04-17,000001,14:27:57,11.0200,256,2
2026-04-17,000001,14:28:00,11.0200,103,2
2026-04-17,000001,14:28:03,11.0200,454,2
2026-04-17,000001,14:28:06,11.0200,88,2
2026-04-17,000001,14:28:09,11.0200,269,1
2026-04-17,000001,14:28:12,11.0200,184,1
2026-04-17,000001,14:28:15,11.0200,129,1
2026-04-17,000001,14:28:18,11.0200,158,1
2026-04-17,000001,14:28:21,11.0100,10097,2
2026-04-17,000001,14:28:24,11.0200,1491,1
2026-04-17,000001,14:28:27,11.0100,64,2
2026-04-17,000001,14:28:30,11.0200,223,1
2026-04-17,000001,14:28:33,11.0200,602,4
2026-04-17,000001,14:28:36,11.0200,143,1
2026-04-17,000001,14:28:39,11.0200,99,1
2026-04-17,000001,14:28:42,11.0200,3,1
2026-04-17,000001,14:28:45,11.0200,132,1
2026-04-17,000001,14:28:48,11.0200,7465,1
2026-04-17,000001,14:28:51,11.0200,109,1
2026-04-17,000001,14:28:54,11.0200,22,1
2026-04-17,000001,14:28:57,11.0200,7,1
2026-04-17,000001,14:29:00,11.0100,73,2
2026-04-17,000001,14:29:03,11.0200,22,1
2026-04-17,000001,14:29:06,11.0100,221,2
2026-04-17,000001,14:29:09,11.0200,2187,1
2026-04-17,000001,14:29:12,11.0200,96,1
2026-04-17,000001,14:29:15,11.0100,2915,2
2026-04-17,000001,14:29:18,11.0100,1,2
2026-04-17,000001,14:29:21,11.0200,172,1
2026-04-17,000001,14:29:24,11.0200,43,1
2026-04-17,000001,14:29:27,11.0100,253,2
2026-04-17,000001,14:29:30,11.0200,54,1
2026-04-17,000001,14:29:33,11.0100,59,2
2026-04-17,000001,14:29:36,11.0100,1910,2
2026-04-17,000001,14:29:39,11.0100,88,2
2026-04-17,000001,14:29:42,11.0100,269,2
2026-04-17,000001,14:29:45,11.0200,96,1
2026-04-17,000001,14:29:48,11.0200,249,1
2026-04-17,000001,14:29:51,11.0200,69,1
2026-04-17,000001,14:29:54,11.0100,61,2
2026-04-17,000001,14:29:57,11.0100,1013,2
2026-04-17,000001,14:30:00,11.0100,121,2
2026-04-17,000001,14:30:03,11.0200,730,1
2026-04-17,000001,14:30:06,11.0200,787,1
2026-04-17,000001,14:30:09,11.0200,197,1
2026-04-17,000001,14:30:12,11.0200,22,1
2026-04-17,000001,14:30:15,11.0200,1,1
2026-04-17,000001,14:30:18,11.0100,53,2
2026-04-17,000001,14:30:24,11.0100,1107,2
2026-04-17,000001,14:30:27,11.0100,3,2
2026-04-17,000001,14:30:30,11.0200,1,1
2026-04-17,000001,14:30:33,11.0200,23,1
2026-04-17,000001,14:30:36,11.0100,32,2
2026-04-17,000001,14:30:39,11.0100,342,2
2026-04-17,000001,14:30:42,11.0100,34,2
2026-04-17,000001,14:30:45,11.0100,1,2
2026-04-17,000001,14:30:48,11.0100,923,2
2026-04-17,000001,14:30:51,11.0100,1558,2
2026-04-17,000001,14:30:54,11.0100,512,2
2026-04-17,000001,14:30:57,11.0100,227,2
2026-04-17,000001,14:31:00,11.0100,368,2
2026-04-17,000001,14:31:03,11.0100,240,2
2026-04-17,000001,14:31:06,11.0200,57,1
2026-04-17,000001,14:31:12,11.0200,30,1
2026-04-17,000001,14:31:15,11.0100,311,2
2026-04-17,000001,14:31:18,11.0200,16,1
2026-04-17,000001,14:31:21,11.0200,149,1
2026-04-17,000001,14:31:24,11.0100,356,2
2026-04-17,000001,14:31:27,11.0100,143,2
2026-04-17,000001,14:31:30,11.0200,8,1
2026-04-17,000001,14:31:33,11.0100,23,2
2026-04-17,000001,14:31:36,11.0100,239,2
2026-04-17,000001,14:31:39,11.0100,98,2
2026-04-17,000001,14:31:42,11.0100,790,2
2026-04-17,000001,14:31:45,11.0100,157,2
2026-04-17,000001,14:31:48,11.0200,123,1
2026-04-17,000001,14:31:51,11.0100,276,2
2026-04-17,000001,14:31:54,11.0100,100,2
2026-04-17,000001,14:31:57,11.0100,80,2
2026-04-17,000001,14:32:00,11.0100,200,2
2026-04-17,000001,14:32:03,11.0200,85,1
2026-04-17,000001,14:32:06,11.0200,507,1
2026-04-17,000001,14:32:09,11.0100,154,2
2026-04-17,000001,14:32:12,11.0200,191,1
2026-04-17,000001,14:32:15,11.0100,153,2
2026-04-17,000001,14:32:18,11.0100,138,2
2026-04-17,000001,14:32:21,11.0100,194,2
2026-04-17,000001,14:32:24,11.0100,162,2
2026-04-17,000001,14:32:27,11.0100,246,2
2026-04-17,000001,14:32:30,11.0100,231,2
2026-04-17,000001,14:32:33,11.0100,1184,2
2026-04-17,000001,14:32:36,11.0100,1197,2
2026-04-17,000001,14:32:39,11.0100,277,1
2026-04-17,000001,14:32:42,11.0100,134,1
2026-04-17,000001,14:32:45,11.0100,125,1
2026-04-17,000001,14:32:48,11.0100,171,1
2026-04-17,000001,14:32:51,11.0100,184,1
2026-04-17,000001,14:32:54,11.0100,87,1
2026-04-17,000001,14:32:57,11.0100,11320,1
2026-04-17,000001,14:33:00,11.0000,140,2
2026-04-17,000001,14:33:03,11.0100,459,1
2026-04-17,000001,14:33:06,11.0100,124,1
2026-04-17,000001,14:33:09,11.0100,75,1
2026-04-17,000001,14:33:12,11.0100,117,1
2026-04-17,000001,14:33:15,11.0000,206,2
2026-04-17,000001,14:33:18,11.0000,41,2
2026-04-17,000001,14:33:21,11.0100,191,1
2026-04-17,000001,14:33:24,11.0000,6815,2
2026-04-17,000001,14:33:27,11.0000,47,2
2026-04-17,000001,14:33:30,11.0100,90,1
2026-04-17,000001,14:33:33,11.0100,160,1
2026-04-17,000001,14:33:36,11.0100,166,1
2026-04-17,000001,14:33:39,11.0000,70,2
2026-04-17,000001,14:33:42,11.0000,43,2
2026-04-17,000001,14:33:45,11.0100,40,1
2026-04-17,000001,14:33:48,11.0000,5019,2
2026-04-17,000001,14:33:51,11.0000,103,2
2026-04-17,000001,14:33:54,11.0100,71,1
2026-04-17,000001,14:33:57,11.0000,26,2
2026-04-17,000001,14:34:00,11.0000,26,2
2026-04-17,000001,14:34:03,11.0100,31,1
2026-04-17,000001,14:34:06,11.0100,42,1
2026-04-17,000001,14:34:12,11.0000,2990,2
2026-04-17,000001,14:34:15,11.0100,174,1
2026-04-17,000001,14:34:18,11.0000,590,2
2026-04-17,000001,14:34:24,11.0000,383,2
2026-04-17,000001,14:34:27,11.0100,6,1
2026-04-17,000001,14:34:30,11.0000,377,2
2026-04-17,000001,14:34:33,11.0000,66,2
2026-04-17,000001,14:34:36,11.0000,1752,2
2026-04-17,000001,14:34:39,11.0000,139,2
2026-04-17,000001,14:34:42,11.0100,313,1
2026-04-17,000001,14:34:45,11.0000,194,2
2026-04-17,000001,14:34:48,11.0000,133,2
2026-04-17,000001,14:34:51,11.0000,90,2
2026-04-17,000001,14:34:54,11.0100,120,1
2026-04-17,000001,14:34:57,11.0000,95,2
2026-04-17,000001,14:35:00,11.0000,115,2
2026-04-17,000001,14:35:03,11.0000,115,2
2026-04-17,000001,14:35:06,11.0100,1196,1
2026-04-17,000001,14:35:09,11.0000,224,2
2026-04-17,000001,14:35:12,11.0000,616,2
2026-04-17,000001,14:35:15,11.0000,525,2
2026-04-17,000001,14:35:18,11.0000,593,2
2026-04-17,000001,14:35:21,11.0100,261,1
2026-04-17,000001,14:35:24,11.0000,129,2
2026-04-17,000001,14:35:27,11.0000,368,2
2026-04-17,000001,14:35:30,11.0100,102,1
2026-04-17,000001,14:35:33,11.0000,309,2
2026-04-17,000001,14:35:36,11.0000,296,1
2026-04-17,000001,14:35:39,11.0000,119,1
2026-04-17,000001,14:35:42,11.0000,84,1
2026-04-17,000001,14:35:45,11.0000,217,1
2026-04-17,000001,14:35:48,11.0000,113,1
2026-04-17,000001,14:35:51,11.0000,578,1
2026-04-17,000001,14:35:54,10.9900,171,2
2026-04-17,000001,14:35:57,11.0000,269,1
2026-04-17,000001,14:36:00,10.9900,5107,2
2026-04-17,000001,14:36:03,11.0000,93,1
2026-04-17,000001,14:36:06,11.0000,20,1
2026-04-17,000001,14:36:09,11.0000,67,1
2026-04-17,000001,14:36:12,10.9900,41,2
2026-04-17,000001,14:36:15,11.0000,45,1
2026-04-17,000001,14:36:18,11.0000,71,1
2026-04-17,000001,14:36:21,10.9900,32,2
2026-04-17,000001,14:36:24,10.9900,3795,2
2026-04-17,000001,14:36:27,11.0000,79,1
2026-04-17,000001,14:36:30,11.0000,152,1
2026-04-17,000001,14:36:33,10.9900,26,2
2026-04-17,000001,14:36:36,10.9900,318,2
2026-04-17,000001,14:36:39,10.9900,97,2
2026-04-17,000001,14:36:42,10.9900,92,2
2026-04-17,000001,14:36:45,10.9900,429,2
2026-04-17,000001,14:36:48,11.0000,55,1
2026-04-17,000001,14:36:51,11.0000,2364,1
2026-04-17,000001,14:36:54,10.9900,182,2
2026-04-17,000001,14:36:57,10.9900,1219,2
2026-04-17,000001,14:37:00,10.9900,143,2
2026-04-17,000001,14:37:03,11.0000,117,1
2026-04-17,000001,14:37:06,10.9900,202,2
2026-04-17,000001,14:37:09,10.9900,54,2
2026-04-17,000001,14:37:12,10.9900,154,2
2026-04-17,000001,14:37:15,10.9900,3241,2
2026-04-17,000001,14:37:18,10.9900,117,2
2026-04-17,000001,14:37:21,10.9900,226,2
2026-04-17,000001,14:37:24,10.9900,47,2
2026-04-17,000001,14:37:27,10.9900,178,2
2026-04-17,000001,14:37:30,10.9900,121,2
2026-04-17,000001,14:37:33,10.9900,133,2
2026-04-17,000001,14:37:36,10.9900,139,2
2026-04-17,000001,14:37:39,10.9900,218,2
2026-04-17,000001,14:37:42,10.9900,754,2
2026-04-17,000001,14:37:45,11.0000,775,1
2026-04-17,000001,14:37:48,10.9900,329,2
2026-04-17,000001,14:37:51,10.9900,292,2
2026-04-17,000001,14:37:54,10.9900,118,2
2026-04-17,000001,14:37:57,10.9900,307,2
2026-04-17,000001,14:38:00,10.9900,207,2
2026-04-17,000001,14:38:03,10.9900,92,2
2026-04-17,000001,14:38:06,10.9900,97,2
2026-04-17,000001,14:38:09,10.9900,456,2
2026-04-17,000001,14:38:12,10.9900,136,2
2026-04-17,000001,14:38:15,10.9900,104,2
2026-04-17,000001,14:38:18,10.9900,92,2
2026-04-17,000001,14:38:21,10.9900,134,2
2026-04-17,000001,14:38:24,10.9900,79,2
2026-04-17,000001,14:38:27,10.9900,150,2
2026-04-17,000001,14:38:30,10.9900,86,2
2026-04-17,000001,14:38:33,11.0000,108,1
2026-04-17,000001,14:38:36,10.9900,1520,2
2026-04-17,000001,14:38:39,10.9900,100,2
2026-04-17,000001,14:38:42,10.9900,107,2
2026-04-17,000001,14:38:45,10.9900,84,2
2026-04-17,000001,14:38:48,10.9900,1089,2
2026-04-17,000001,14:38:51,10.9900,78,2
2026-04-17,000001,14:38:54,10.9900,78,2
2026-04-17,000001,14:38:57,11.0000,173,1
2026-04-17,000001,14:39:00,10.9900,5128,2
2026-04-17,000001,14:39:03,11.0000,1249,1
2026-04-17,000001,14:39:06,10.9900,243,2
2026-04-17,000001,14:39:09,10.9900,5,2
2026-04-17,000001,14:39:12,11.0000,95,1
2026-04-17,000001,14:39:15,11.0000,18,1
2026-04-17,000001,14:39:18,11.0000,19,1
2026-04-17,000001,14:39:21,11.0000,34,1
2026-04-17,000001,14:39:24,11.0000,7,1
2026-04-17,000001,14:39:27,11.0000,2275,1
2026-04-17,000001,14:39:30,11.0000,38,1
2026-04-17,000001,14:39:33,11.0000,59,1
2026-04-17,000001,14:39:36,11.0000,68,1
2026-04-17,000001,14:39:42,11.0000,95,1
2026-04-17,000001,14:39:45,11.0000,140,1
2026-04-17,000001,14:39:48,11.0000,20,1
2026-04-17,000001,14:39:51,10.9900,2021,2
2026-04-17,000001,14:39:54,11.0000,33,1
2026-04-17,000001,14:39:57,10.9900,10,2
2026-04-17,000001,14:40:00,10.9900,28,2
2026-04-17,000001,14:40:03,10.9900,51,2
2026-04-17,000001,14:40:09,10.9900,1,2
2026-04-17,000001,14:40:12,10.9900,21,2
2026-04-17,000001,14:40:15,10.9900,16,2
2026-04-17,000001,14:40:18,10.9900,19,2
2026-04-17,000001,14:40:21,10.9900,34,2
2026-04-17,000001,14:40:27,10.9900,26,2
2026-04-17,000001,14:40:30,11.0000,66,1
2026-04-17,000001,14:40:33,10.9900,260,2
2026-04-17,000001,14:40:36,11.0000,136,1
2026-04-17,000001,14:40:39,11.0000,72,1
2026-04-17,000001,14:40:42,10.9900,147,2
2026-04-17,000001,14:40:45,11.0000,11,1
2026-04-17,000001,14:40:48,11.0000,106,1
2026-04-17,000001,14:40:51,11.0000,101,1
2026-04-17,000001,14:40:54,11.0000,18,1
2026-04-17,000001,14:40:57,11.0000,113,1
2026-04-17,000001,14:41:00,10.9900,29,2
2026-04-17,000001,14:41:03,11.0000,134,1
2026-04-17,000001,14:41:06,11.0000,236,1
2026-04-17,000001,14:41:09,10.9900,40,2
2026-04-17,000001,14:41:12,11.0000,19,1
2026-04-17,000001,14:41:15,11.0000,4,1
2026-04-17,000001,14:41:18,11.0000,141,1
2026-04-17,000001,14:41:21,11.0000,153,1
2026-04-17,000001,14:41:24,10.9900,203,2
2026-04-17,000001,14:41:27,10.9900,141,2
2026-04-17,000001,14:41:30,11.0000,110,1
2026-04-17,000001,14:41:33,11.0000,130,1
2026-04-17,000001,14:41:36,10.9900,63,2
2026-04-17,000001,14:41:39,11.0000,126,1
2026-04-17,000001,14:41:42,11.0000,84,1
2026-04-17,000001,14:41:45,11.0000,156,1
2026-04-17,000001,14:41:48,11.0000,78,1
2026-04-17,000001,14:41:51,11.0000,27,1
2026-04-17,000001,14:41:54,11.0000,39,1
2026-04-17,000001,14:41:57,11.0000,41,1
2026-04-17,000001,14:42:00,11.0000,89,1
2026-04-17,000001,14:42:03,11.0000,115,1
2026-04-17,000001,14:42:06,11.0000,31,1
2026-04-17,000001,14:42:09,11.0000,87,1
2026-04-17,000001,14:42:12,11.0000,88,1
2026-04-17,000001,14:42:15,11.0000,68,1
2026-04-17,000001,14:42:18,11.0000,507,1
2026-04-17,000001,14:42:21,11.0000,150,1
2026-04-17,000001,14:42:24,11.0000,34,1
2026-04-17,000001,14:42:27,10.9900,79,2
2026-04-17,000001,14:42:30,11.0000,54,1
2026-04-17,000001,14:42:33,11.0000,256,1
2026-04-17,000001,14:42:36,11.0000,130,1
2026-04-17,000001,14:42:39,11.0000,175,1
2026-04-17,000001,14:42:42,11.0000,141,1
2026-04-17,000001,14:42:45,11.0000,75,1
2026-04-17,000001,14:42:48,11.0000,237,1
2026-04-17,000001,14:42:51,10.9900,314,2
2026-04-17,000001,14:42:54,11.0000,35,1
2026-04-17,000001,14:42:57,11.0000,10,1
2026-04-17,000001,14:43:00,10.9900,69,2
2026-04-17,000001,14:43:03,11.0000,186,1
2026-04-17,000001,14:43:06,10.9900,56,2
2026-04-17,000001,14:43:09,11.0000,63,1
2026-04-17,000001,14:43:12,11.0000,40,1
2026-04-17,000001,14:43:15,11.0000,90,1
2026-04-17,000001,14:43:18,11.0000,63,1
2026-04-17,000001,14:43:21,11.0000,130,1
2026-04-17,000001,14:43:24,11.0000,114,1
2026-04-17,000001,14:43:27,10.9900,351,2
2026-04-17,000001,14:43:30,10.9900,75,2
2026-04-17,000001,14:43:33,11.0000,20,1
2026-04-17,000001,14:43:36,11.0000,27,1
2026-04-17,000001,14:43:39,11.0000,692,1
2026-04-17,000001,14:43:42,11.0000,13,1
2026-04-17,000001,14:43:45,11.0000,68,1
2026-04-17,000001,14:43:48,11.0000,93,1
2026-04-17,000001,14:43:51,11.0000,49,1
2026-04-17,000001,14:43:54,11.0000,153,1
2026-04-17,000001,14:43:57,10.9900,46,2
2026-04-17,000001,14:44:00,10.9900,38,2
2026-04-17,000001,14:44:03,11.0000,36,1
2026-04-17,000001,14:44:06,11.0000,10,1
2026-04-17,000001,14:44:09,11.0000,12,1
2026-04-17,000001,14:44:12,11.0000,151,1
2026-04-17,000001,14:44:15,11.0000,63,1
2026-04-17,000001,14:44:18,11.0000,20,1
2026-04-17,000001,14:44:21,11.0000,2052,1
2026-04-17,000001,14:44:24,11.0000,292,1
2026-04-17,000001,14:44:27,11.0000,149,1
2026-04-17,000001,14:44:30,11.0000,324,1
2026-04-17,000001,14:44:33,11.0000,204,1
2026-04-17,000001,14:44:36,10.9900,52,2
2026-04-17,000001,14:44:39,11.0000,272,1
2026-04-17,000001,14:44:42,11.0000,497,1
2026-04-17,000001,14:44:45,11.0100,956,1
2026-04-17,000001,14:44:48,11.0000,101,1
2026-04-17,000001,14:44:51,11.0000,102,1
2026-04-17,000001,14:44:54,11.0000,73,2
2026-04-17,000001,14:44:57,11.0000,51,2
2026-04-17,000001,14:45:00,11.0000,248,2
2026-04-17,000001,14:45:03,11.0100,26,1
2026-04-17,000001,14:45:06,11.0000,84,2
2026-04-17,000001,14:45:09,11.0000,46,2
2026-04-17,000001,14:45:12,11.0000,6,2
2026-04-17,000001,14:45:15,11.0100,110,1
2026-04-17,000001,14:45:18,11.0100,59,1
2026-04-17,000001,14:45:21,11.0000,104,2
2026-04-17,000001,14:45:27,11.0000,12,2
2026-04-17,000001,14:45:30,11.0000,18,2
2026-04-17,000001,14:45:33,11.0000,17,2
2026-04-17,000001,14:45:36,11.0000,33,2
2026-04-17,000001,14:45:39,11.0100,77,1
2026-04-17,000001,14:45:42,11.0100,11,1
2026-04-17,000001,14:45:45,11.0000,106,2
2026-04-17,000001,14:45:48,11.0100,75,1
2026-04-17,000001,14:45:51,11.0000,32,2
2026-04-17,000001,14:45:54,11.0000,33,2
2026-04-17,000001,14:45:57,11.0100,110,1
2026-04-17,000001,14:46:00,11.0000,913,2
2026-04-17,000001,14:46:03,11.0000,62,2
2026-04-17,000001,14:46:06,11.0000,14,2
2026-04-17,000001,14:46:09,11.0000,9,2
2026-04-17,000001,14:46:12,11.0000,1,2
2026-04-17,000001,14:46:15,11.0000,170,2
2026-04-17,000001,14:46:18,11.0000,31,2
2026-04-17,000001,14:46:21,11.0000,31,2
2026-04-17,000001,14:46:24,11.0000,18,2
2026-04-17,000001,14:46:27,11.0000,25,2
2026-04-17,000001,14:46:30,11.0000,74,2
2026-04-17,000001,14:46:33,11.0000,2,2
2026-04-17,000001,14:46:36,11.0000,104,2
2026-04-17,000001,14:46:39,11.0000,43,2
2026-04-17,000001,14:46:42,11.0000,554,2
2026-04-17,000001,14:46:45,11.0000,521,2
2026-04-17,000001,14:46:48,11.0000,100,2
2026-04-17,000001,14:46:51,11.0000,82,2
2026-04-17,000001,14:46:54,11.0000,132,2
2026-04-17,000001,14:46:57,11.0100,48,1
2026-04-17,000001,14:47:00,11.0000,28,2
2026-04-17,000001,14:47:03,11.0100,49,1
2026-04-17,000001,14:47:06,11.0100,43,1
2026-04-17,000001,14:47:09,11.0000,28,2
2026-04-17,000001,14:47:12,11.0000,40,2
2026-04-17,000001,14:47:15,11.0000,72,2
2026-04-17,000001,14:47:18,11.0000,178,2
2026-04-17,000001,14:47:21,11.0000,187,2
2026-04-17,000001,14:47:24,11.0000,50,2
2026-04-17,000001,14:47:27,11.0000,51,2
2026-04-17,000001,14:47:30,11.0000,43,2
2026-04-17,000001,14:47:33,11.0100,155,1
2026-04-17,000001,14:47:36,11.0100,10,1
2026-04-17,000001,14:47:39,11.0000,25,2
2026-04-17,000001,14:47:42,11.0000,103,2
2026-04-17,000001,14:47:45,11.0100,29,1
2026-04-17,000001,14:47:48,11.0100,46,1
2026-04-17,000001,14:47:51,11.0000,11,2
2026-04-17,000001,14:47:57,11.0000,27,2
2026-04-17,000001,14:48:00,11.0000,217,2
2026-04-17,000001,14:48:03,11.0000,22,2
2026-04-17,000001,14:48:06,11.0100,165,1
2026-04-17,000001,14:48:09,11.0000,71,2
2026-04-17,000001,14:48:12,11.0000,31,2
2026-04-17,000001,14:48:15,11.0000,60,2
2026-04-17,000001,14:48:18,11.0000,61,2
2026-04-17,000001,14:48:21,11.0000,53,2
2026-04-17,000001,14:48:24,11.0000,55,2
2026-04-17,000001,14:48:27,11.0000,19,2
2026-04-17,000001,14:48:30,11.0000,391,2
2026-04-17,000001,14:48:33,11.0000,185,2
2026-04-17,000001,14:48:36,11.0100,5,1
2026-04-17,000001,14:48:39,11.0100,51,1
2026-04-17,000001,14:48:42,11.0000,137,2
2026-04-17,000001,14:48:45,11.0100,61,1
2026-04-17,000001,14:48:48,11.0000,129,2
2026-04-17,000001,14:48:51,11.0000,3,2
2026-04-17,000001,14:48:54,11.0100,137,1
2026-04-17,000001,14:48:57,11.0100,68,1
2026-04-17,000001,14:49:00,11.0100,51,1
2026-04-17,000001,14:49:03,11.0000,324,2
2026-04-17,000001,14:49:06,11.0000,87,2
2026-04-17,000001,14:49:09,11.0000,576,2
2026-04-17,000001,14:49:12,11.0100,2915,1
2026-04-17,000001,14:49:15,11.0000,70,2
2026-04-17,000001,14:49:18,11.0000,351,2
2026-04-17,000001,14:49:21,11.0000,247,2
2026-04-17,000001,14:49:24,11.0000,23,2
2026-04-17,000001,14:49:27,11.0000,56,2
2026-04-17,000001,14:49:30,11.0000,3755,2
2026-04-17,000001,14:49:33,11.0000,109,2
2026-04-17,000001,14:49:36,11.0000,121,2
2026-04-17,000001,14:49:39,11.0100,40,1
2026-04-17,000001,14:49:42,11.0000,5,2
2026-04-17,000001,14:49:45,11.0000,123,2
2026-04-17,000001,14:49:48,11.0000,585,2
2026-04-17,000001,14:49:51,11.0100,31,1
2026-04-17,000001,14:49:54,11.0000,45,2
2026-04-17,000001,14:49:57,11.0000,122,2
2026-04-17,000001,14:50:00,11.0000,31,2
2026-04-17,000001,14:50:03,11.0000,153,2
2026-04-17,000001,14:50:06,11.0000,144,2
2026-04-17,000001,14:50:09,11.0000,146,2
2026-04-17,000001,14:50:12,11.0000,85,2
2026-04-17,000001,14:50:15,11.0000,21,2
2026-04-17,000001,14:50:18,11.0000,54,2
2026-04-17,000001,14:50:21,11.0000,4,2
2026-04-17,000001,14:50:24,11.0000,6,2
2026-04-17,000001,14:50:27,11.0000,143,2
2026-04-17,000001,14:50:30,11.0100,8,1
2026-04-17,000001,14:50:33,11.0100,49,1
2026-04-17,000001,14:50:36,11.0100,158,1
2026-04-17,000001,14:50:39,11.0000,8,2
2026-04-17,000001,14:50:42,11.0000,23,2
2026-04-17,000001,14:50:45,11.0000,114,2
2026-04-17,000001,14:50:48,11.0100,13,1
2026-04-17,000001,14:50:51,11.0000,48,2
2026-04-17,000001,14:50:54,11.0000,1,2
2026-04-17,000001,14:50:57,11.0000,2286,2
2026-04-17,000001,14:51:00,11.0000,85,2
2026-04-17,000001,14:51:03,11.0000,163,2
2026-04-17,000001,14:51:06,11.0000,39,2
2026-04-17,000001,14:51:09,11.0000,230,2
2026-04-17,000001,14:51:12,11.0000,334,2
2026-04-17,000001,14:51:15,11.0000,77,2
2026-04-17,000001,14:51:18,11.0100,120,1
2026-04-17,000001,14:51:21,11.0000,38,2
2026-04-17,000001,14:51:24,11.0000,313,2
2026-04-17,000001,14:51:27,11.0000,109,2
2026-04-17,000001,14:51:30,11.0000,69,2
2026-04-17,000001,14:51:33,11.0000,126,2
2026-04-17,000001,14:51:36,11.0000,131,2
2026-04-17,000001,14:51:39,11.0000,44,2
2026-04-17,000001,14:51:42,11.0000,45,2
2026-04-17,000001,14:51:45,11.0000,35,2
2026-04-17,000001,14:51:48,11.0000,83,2
2026-04-17,000001,14:51:51,11.0000,74,2
2026-04-17,000001,14:51:54,11.0000,205,2
2026-04-17,000001,14:51:57,11.0000,31,2
2026-04-17,000001,14:52:00,11.0000,201,2
2026-04-17,000001,14:52:03,11.0000,82,2
2026-04-17,000001,14:52:06,11.0000,58,2
2026-04-17,000001,14:52:09,11.0000,161,2
2026-04-17,000001,14:52:12,11.0000,51,2
2026-04-17,000001,14:52:15,11.0000,82,2
2026-04-17,000001,14:52:18,11.0000,86,2
2026-04-17,000001,14:52:21,11.0000,14,2
2026-04-17,000001,14:52:24,11.0000,46,2
2026-04-17,000001,14:52:27,11.0000,18,2
2026-04-17,000001,14:52:30,11.0000,53,2
2026-04-17,000001,14:52:33,11.0000,45,2
2026-04-17,000001,14:52:36,11.0000,125,2
2026-04-17,000001,14:52:39,11.0000,27,2
2026-04-17,000001,14:52:42,11.0000,4,2
2026-04-17,000001,14:52:45,11.0000,56,2
2026-04-17,000001,14:52:48,11.0000,80,2
2026-04-17,000001,14:52:51,11.0000,21,2
2026-04-17,000001,14:52:54,11.0000,33,2
2026-04-17,000001,14:52:57,11.0100,82,1
2026-04-17,000001,14:53:00,11.0000,151,2
2026-04-17,000001,14:53:03,11.0000,23,2
2026-04-17,000001,14:53:06,11.0100,9,1
2026-04-17,000001,14:53:09,11.0100,96,1
2026-04-17,000001,14:53:12,11.0000,14,2
2026-04-17,000001,14:53:15,11.0000,44,2
2026-04-17,000001,14:53:18,11.0000,37,2
2026-04-17,000001,14:53:21,11.0000,3,2
2026-04-17,000001,14:53:24,11.0000,2,2
2026-04-17,000001,14:53:27,11.0000,42,2
2026-04-17,000001,14:53:30,11.0100,41,1
2026-04-17,000001,14:53:33,11.0000,47,2
2026-04-17,000001,14:53:36,11.0000,65,2
2026-04-17,000001,14:53:39,11.0000,78,2
2026-04-17,000001,14:53:42,11.0000,2,2
2026-04-17,000001,14:53:45,11.0000,166,2
2026-04-17,000001,14:53:48,11.0000,41,2
2026-04-17,000001,14:53:51,11.0100,79,1
2026-04-17,000001,14:53:54,11.0000,681,2
2026-04-17,000001,14:53:57,11.0000,281,2
2026-04-17,000001,14:54:00,11.0000,100,2
2026-04-17,000001,14:54:03,11.0100,260,1
2026-04-17,000001,14:54:06,11.0000,136,2
2026-04-17,000001,14:54:09,11.0000,77,2
2026-04-17,000001,14:54:12,11.0000,40,2
2026-04-17,000001,14:54:15,11.0000,140,2
2026-04-17,000001,14:54:18,11.0100,135,1
2026-04-17,000001,14:54:21,11.0000,46,2
2026-04-17,000001,14:54:24,11.0000,13,2
2026-04-17,000001,14:54:27,11.0000,31,2
2026-04-17,000001,14:54:30,11.0000,113,2
2026-04-17,000001,14:54:33,11.0000,358,2
2026-04-17,000001,14:54:36,11.0000,14,2
2026-04-17,000001,14:54:39,11.0000,107,2
2026-04-17,000001,14:54:42,11.0000,9,2
2026-04-17,000001,14:54:45,11.0000,18,2
2026-04-17,000001,14:54:48,11.0000,46,2
2026-04-17,000001,14:54:51,11.0100,29,1
2026-04-17,000001,14:54:54,11.0000,133,2
2026-04-17,000001,14:54:57,11.0000,61,2
2026-04-17,000001,14:55:00,11.0000,133,2
2026-04-17,000001,14:55:03,11.0100,349,1
2026-04-17,000001,14:55:06,11.0100,143,1
2026-04-17,000001,14:55:09,11.0000,103,2
2026-04-17,000001,14:55:12,11.0100,136,1
2026-04-17,000001,14:55:15,11.0100,181,1
2026-04-17,000001,14:55:18,11.0000,217,2
2026-04-17,000001,14:55:21,11.0100,110,1
2026-04-17,000001,14:55:24,11.0000,46,2
2026-04-17,000001,14:55:27,11.0100,72,1
2026-04-17,000001,14:55:30,11.0100,62,1
2026-04-17,000001,14:55:33,11.0100,245,1
2026-04-17,000001,14:55:36,11.0100,75,1
2026-04-17,000001,14:55:39,11.0100,192,1
2026-04-17,000001,14:55:42,11.0100,52,1
2026-04-17,000001,14:55:45,11.0000,183,2
2026-04-17,000001,14:55:48,11.0100,35,1
2026-04-17,000001,14:55:51,11.0100,61,1
2026-04-17,000001,14:55:54,11.0100,86,1
2026-04-17,000001,14:55:57,11.0100,133,1
2026-04-17,000001,14:56:00,11.0000,141,2
2026-04-17,000001,14:56:03,11.0100,87,1
2026-04-17,000001,14:56:06,11.0000,295,2
2026-04-17,000001,14:56:09,11.0100,234,1
2026-04-17,000001,14:56:12,11.0100,2081,1
2026-04-17,000001,14:56:15,11.0100,198,2
2026-04-17,000001,14:56:18,11.0100,355,2
2026-04-17,000001,14:56:21,11.0100,638,2
2026-04-17,000001,14:56:24,11.0100,44,2
2026-04-17,000001,14:56:27,11.0100,27,2
2026-04-17,000001,14:56:30,11.0100,250,2
2026-04-17,000001,14:56:33,11.0200,304,1
2026-04-17,000001,14:56:36,11.0100,116,2
2026-04-17,000001,14:56:39,11.0200,72,1
2026-04-17,000001,14:56:42,11.0100,22,2
2026-04-17,000001,14:56:45,11.0100,79,2
2026-04-17,000001,14:56:48,11.0100,226,2
2026-04-17,000001,14:56:51,11.0200,116,1
2026-04-17,000001,14:56:54,11.0100,182,2
2026-04-17,000001,14:56:57,11.0100,29,2
2026-04-17,000001,15:00:02,11.0100,6940,4
2026-04-17,000001,13:01:15,11.0500,8,2
2026-04-17,000001,13:01:18,11.0500,10,2
2026-04-17,000001,13:01:21,11.0500,79,2
2026-04-17,000001,13:01:24,11.0500,84,2
2026-04-17,000001,13:01:27,11.0500,138,2
2026-04-17,000001,13:01:30,11.0500,5,2
2026-04-17,000001,13:01:33,11.0600,10,1
2026-04-17,000001,13:01:36,11.0500,125,2
2026-04-17,000001,13:01:39,11.0500,2988,2
2026-04-17,000001,13:01:42,11.0500,669,2
2026-04-17,000001,13:01:45,11.0500,790,2
2026-04-17,000001,13:01:48,11.0600,774,1
2026-04-17,000001,13:01:51,11.0600,170,1
2026-04-17,000001,13:01:54,11.0600,136,1
2026-04-17,000001,13:01:57,11.0600,112,1
2026-04-17,000001,13:02:00,11.0500,706,2
2026-04-17,000001,13:02:03,11.0500,277,2
2026-04-17,000001,13:02:06,11.0600,56,2
2026-04-17,000001,13:02:09,11.0500,78,2
2026-04-17,000001,13:02:12,11.0600,5,1
2026-04-17,000001,13:02:15,11.0600,138,1
2026-04-17,000001,13:02:18,11.0500,60,2
2026-04-17,000001,13:02:21,11.0500,701,2
2026-04-17,000001,13:02:24,11.0600,241,1
2026-04-17,000001,13:02:27,11.0500,1,2
2026-04-17,000001,13:02:30,11.0600,48,1
2026-04-17,000001,13:02:36,11.0600,11,1
2026-04-17,000001,13:02:42,11.0500,2,2
2026-04-17,000001,13:02:48,11.0500,526,2
2026-04-17,000001,13:02:57,11.0600,112,1
2026-04-17,000001,13:03:00,11.0500,20,2
2026-04-17,000001,13:03:03,11.0500,8,2
2026-04-17,000001,13:03:06,11.0500,7,2
2026-04-17,000001,13:03:09,11.0500,977,2
2026-04-17,000001,13:03:12,11.0500,122,2
2026-04-17,000001,13:03:15,11.0500,165,1
2026-04-17,000001,13:03:18,11.0500,229,2
2026-04-17,000001,13:03:21,11.0500,72,2
2026-04-17,000001,13:03:24,11.0500,29,2
2026-04-17,000001,13:03:30,11.0500,64,2
2026-04-17,000001,13:03:33,11.0600,43,1
2026-04-17,000001,13:03:36,11.0600,25,1
2026-04-17,000001,13:03:39,11.0600,7,1
2026-04-17,000001,13:03:42,11.0600,48,1
2026-04-17,000001,13:03:45,11.0600,26,1
2026-04-17,000001,13:03:48,11.0600,9,1
2026-04-17,000001,13:03:51,11.0500,184,2
2026-04-17,000001,13:03:54,11.0500,60,2
2026-04-17,000001,13:03:57,11.0500,267,2
2026-04-17,000001,13:04:03,11.0500,17,2
2026-04-17,000001,13:04:06,11.0500,10,2
2026-04-17,000001,13:04:09,11.0500,12,2
2026-04-17,000001,13:04:15,11.0500,40,2
2026-04-17,000001,13:04:18,11.0500,69,2
2026-04-17,000001,13:04:21,11.0500,182,2
2026-04-17,000001,13:04:24,11.0600,57,1
2026-04-17,000001,13:04:27,11.0500,27,2
2026-04-17,000001,13:04:30,11.0600,17,1
2026-04-17,000001,13:04:36,11.0600,4,1
2026-04-17,000001,13:04:42,11.0500,29,2
2026-04-17,000001,13:04:45,11.0500,114,2
2026-04-17,000001,13:04:48,11.0600,30,1
2026-04-17,000001,13:04:54,11.0500,19,2
2026-04-17,000001,13:05:00,11.0600,3,1
2026-04-17,000001,13:05:03,11.0600,2,1
2026-04-17,000001,13:05:06,11.0500,3,2
2026-04-17,000001,13:05:09,11.0500,523,2
2026-04-17,000001,13:05:12,11.0600,16,1
2026-04-17,000001,13:05:15,11.0600,215,1
2026-04-17,000001,13:05:21,11.0600,53,1
2026-04-17,000001,13:05:30,11.0600,11,1
2026-04-17,000001,13:05:33,11.0500,262,2
2026-04-17,000001,13:05:36,11.0600,103,1
2026-04-17,000001,13:05:45,11.0500,23,2
2026-04-17,000001,13:05:48,11.0500,3,2
2026-04-17,000001,13:05:51,11.0500,8,2
2026-04-17,000001,13:05:54,11.0500,28,2
2026-04-17,000001,13:05:57,11.0500,294,2
2026-04-17,000001,13:06:00,11.0500,56,2
2026-04-17,000001,13:06:03,11.0600,8,1
2026-04-17,000001,13:06:06,11.0500,6,2
2026-04-17,000001,13:06:12,11.0600,5,1
2026-04-17,000001,13:06:15,11.0500,43,2
2026-04-17,000001,13:06:21,11.0500,322,2
2026-04-17,000001,13:06:24,11.0500,15,2
2026-04-17,000001,13:06:30,11.0600,115,1
2026-04-17,000001,13:06:33,11.0500,4,2
2026-04-17,000001,13:06:36,11.0600,24,1
2026-04-17,000001,13:06:42,11.0500,128,2
2026-04-17,000001,13:06:45,11.0500,664,2
2026-04-17,000001,13:06:48,11.0600,45,1
2026-04-17,000001,13:06:51,11.0500,21,2
2026-04-17,000001,13:06:57,11.0600,15,1
2026-04-17,000001,13:07:03,11.0600,1,1
2026-04-17,000001,13:07:09,11.0500,599,2
2026-04-17,000001,13:07:15,11.0500,7,2
2026-04-17,000001,13:07:18,11.0600,136,1
2026-04-17,000001,13:07:21,11.0600,29,1
2026-04-17,000001,13:07:27,11.0500,84,2
2026-04-17,000001,13:07:30,11.0500,52,2
2026-04-17,000001,13:07:33,11.0500,571,2
2026-04-17,000001,13:07:36,11.0500,16,2
2026-04-17,000001,13:07:39,11.0600,109,1
2026-04-17,000001,13:07:42,11.0500,103,2
2026-04-17,000001,13:07:45,11.0600,52,1
2026-04-17,000001,13:07:48,11.0500,89,2
2026-04-17,000001,13:07:51,11.0600,34,1
2026-04-17,000001,13:07:57,11.0500,215,2
2026-04-17,000001,13:08:00,11.0500,8,2
2026-04-17,000001,13:08:03,11.0500,9,2
2026-04-17,000001,13:08:06,11.0500,10,2
2026-04-17,000001,13:08:09,11.0500,3,2
2026-04-17,000001,13:08:18,11.0500,6,2
2026-04-17,000001,13:08:21,11.0500,154,2
2026-04-17,000001,13:08:24,11.0600,74,1
2026-04-17,000001,13:08:27,11.0500,3,2
2026-04-17,000001,13:08:30,11.0600,14,1
2026-04-17,000001,13:08:33,11.0500,261,2
2026-04-17,000001,13:08:36,11.0500,163,2
2026-04-17,000001,13:08:39,11.0500,278,1
2026-04-17,000001,13:08:42,11.0400,6099,2
2026-04-17,000001,13:08:45,11.0500,177,1
2026-04-17,000001,13:08:48,11.0500,188,1
2026-04-17,000001,13:08:51,11.0500,10,1
2026-04-17,000001,13:08:54,11.0600,106,1
2026-04-17,000001,13:08:57,11.0500,5,1
2026-04-17,000001,13:09:00,11.0500,5,1
2026-04-17,000001,13:09:03,11.0500,28,1
2026-04-17,000001,13:09:06,11.0400,3792,2
2026-04-17,000001,13:09:09,11.0500,80,1
2026-04-17,000001,13:09:12,11.0600,319,1
2026-04-17,000001,13:09:15,11.0500,168,1
2026-04-17,000001,13:09:18,11.0400,15,2
2026-04-17,000001,13:09:21,11.0500,57,1
2026-04-17,000001,13:09:27,11.0400,25,2
2026-04-17,000001,13:09:30,11.0500,2340,1
2026-04-17,000001,13:09:33,11.0400,54,2
2026-04-17,000001,13:09:39,11.0500,25,1
2026-04-17,000001,13:09:42,11.0400,52,2
2026-04-17,000001,13:09:48,11.0400,21,2
2026-04-17,000001,13:09:51,11.0400,1447,2
2026-04-17,000001,13:09:54,11.0600,110,1
2026-04-17,000001,13:10:06,11.0500,63,1
2026-04-17,000001,13:10:09,11.0400,7,2
2026-04-17,000001,13:10:12,11.0500,1484,1
2026-04-17,000001,13:10:15,11.0400,484,2
2026-04-17,000001,13:10:18,11.0500,50,1
2026-04-17,000001,13:10:21,11.0400,236,2
2026-04-17,000001,13:10:24,11.0500,38,1
2026-04-17,000001,13:10:27,11.0400,237,2
2026-04-17,000001,13:10:33,11.0400,5,2
2026-04-17,000001,13:10:36,11.0400,537,2
2026-04-17,000001,13:10:42,11.0400,64,2
2026-04-17,000001,13:10:45,11.0400,3,2
2026-04-17,000001,13:10:48,11.0500,3,1
2026-04-17,000001,13:10:54,11.0400,9,2
2026-04-17,000001,13:10:57,11.0400,362,2
2026-04-17,000001,13:11:00,11.0400,149,2
2026-04-17,000001,13:11:03,11.0400,61,2
2026-04-17,000001,13:11:06,11.0400,391,2
2026-04-17,000001,13:11:09,11.0400,263,1
2026-04-17,000001,13:11:12,11.0400,21,2
2026-04-17,000001,13:11:15,11.0400,8,2
2026-04-17,000001,13:11:18,11.0400,70,2
2026-04-17,000001,13:11:21,11.0400,72,2
2026-04-17,000001,13:11:24,11.0500,25,1
2026-04-17,000001,13:11:27,11.0400,7,2
2026-04-17,000001,13:11:30,11.0400,72,2
2026-04-17,000001,13:11:33,11.0400,73,2
2026-04-17,000001,13:11:36,11.0500,84,1
2026-04-17,000001,13:11:39,11.0400,11,2
2026-04-17,000001,13:11:42,11.0400,27,2
2026-04-17,000001,13:11:45,11.0400,5,2
2026-04-17,000001,13:11:48,11.0400,130,2
2026-04-17,000001,13:11:51,11.0400,20,2
2026-04-17,000001,13:11:54,11.0400,1,2
2026-04-17,000001,13:11:57,11.0400,30,2
2026-04-17,000001,13:12:00,11.0500,5,1
2026-04-17,000001,13:12:03,11.0500,10,1
2026-04-17,000001,13:12:06,11.0500,110,1
2026-04-17,000001,13:12:09,11.0400,228,2
2026-04-17,000001,13:12:12,11.0400,54,2
2026-04-17,000001,13:12:21,11.0500,1,1
2026-04-17,000001,13:12:24,11.0400,54,2
2026-04-17,000001,13:12:27,11.0400,5,2
2026-04-17,000001,13:12:30,11.0400,508,2
2026-04-17,000001,13:12:33,11.0400,60,2
2026-04-17,000001,13:12:39,11.0400,64,2
2026-04-17,000001,13:12:42,11.0500,10,1
2026-04-17,000001,13:12:51,11.0400,290,2
2026-04-17,000001,13:12:57,11.0500,6,1
2026-04-17,000001,13:13:00,11.0400,8,2
2026-04-17,000001,13:13:03,11.0400,18,2
2026-04-17,000001,13:13:06,11.0400,51,2
2026-04-17,000001,13:13:09,11.0500,1,1
2026-04-17,000001,13:13:12,11.0500,24,1
2026-04-17,000001,13:13:18,11.0400,228,2
2026-04-17,000001,13:13:21,11.0400,132,2
2026-04-17,000001,13:13:24,11.0400,1,2
2026-04-17,000001,13:13:27,11.0400,9,2
2026-04-17,000001,13:13:30,11.0400,1,2
2026-04-17,000001,13:13:33,11.0400,17,2
2026-04-17,000001,13:13:36,11.0400,11,2
2026-04-17,000001,13:13:39,11.0400,122,2
2026-04-17,000001,13:13:42,11.0400,227,2
2026-04-17,000001,13:13:45,11.0400,86,2
2026-04-17,000001,13:13:54,11.0400,40,2
2026-04-17,000001,13:13:57,11.0400,2,2
2026-04-17,000001,13:14:03,11.0400,19,2
2026-04-17,000001,13:14:06,11.0400,17,2
2026-04-17,000001,13:14:15,11.0400,2,2
2026-04-17,000001,13:14:21,11.0500,6,1
2026-04-17,000001,13:14:24,11.0400,34,2
2026-04-17,000001,13:14:27,11.0400,3,2
2026-04-17,000001,13:14:30,11.0500,8,1
2026-04-17,000001,13:14:33,11.0400,37,2
2026-04-17,000001,13:14:36,11.0400,2,2
2026-04-17,000001,13:14:39,11.0500,30,1
2026-04-17,000001,13:14:42,11.0400,122,2
2026-04-17,000001,13:14:57,11.0500,5,1
2026-04-17,000001,13:15:00,11.0400,5,2
2026-04-17,000001,13:15:09,11.0500,29,1
2026-04-17,000001,13:15:12,11.0500,1,1
2026-04-17,000001,13:15:15,11.0400,55,2
2026-04-17,000001,13:15:18,11.0500,13,1
2026-04-17,000001,13:15:21,11.0400,15,2
2026-04-17,000001,13:15:24,11.0500,20,1
2026-04-17,000001,13:15:30,11.0500,71,1
2026-04-17,000001,13:15:33,11.0400,5,2
2026-04-17,000001,13:15:36,11.0400,24,2
2026-04-17,000001,13:15:39,11.0400,4,2
2026-04-17,000001,13:15:42,11.0500,90,1
2026-04-17,000001,13:15:45,11.0400,5,2
2026-04-17,000001,13:16:00,11.0400,25,2
2026-04-17,000001,13:16:03,11.0400,54,2
2026-04-17,000001,13:16:09,11.0500,20,1
2026-04-17,000001,13:16:12,11.0500,10,1
2026-04-17,000001,13:16:15,11.0400,17,2
2026-04-17,000001,13:16:18,11.0500,40,1
2026-04-17,000001,13:16:24,11.0400,8,2
2026-04-17,000001,13:16:30,11.0500,50,1
2026-04-17,000001,13:16:33,11.0400,8,2
2026-04-17,000001,13:16:36,11.0400,16,2
2026-04-17,000001,13:16:42,11.0400,97,2
2026-04-17,000001,13:16:45,11.0400,134,2
2026-04-17,000001,13:16:48,11.0400,96,2
2026-04-17,000001,13:16:57,11.0500,72,1
2026-04-17,000001,13:17:00,11.0400,6,2
2026-04-17,000001,13:17:06,11.0400,18,2
2026-04-17,000001,13:17:09,11.0400,27,2
2026-04-17,000001,13:17:15,11.0400,403,2
2026-04-17,000001,13:17:18,11.0500,5,1
2026-04-17,000001,13:17:27,11.0400,7,2
2026-04-17,000001,13:17:30,11.0500,185,1
2026-04-17,000001,13:17:33,11.0400,16,2
2026-04-17,000001,13:17:36,11.0400,59,2
2026-04-17,000001,13:17:39,11.0400,21,2
2026-04-17,000001,13:17:42,11.0400,64,2
2026-04-17,000001,13:17:45,11.0400,2,2
2026-04-17,000001,13:17:48,11.0400,9,2
2026-04-17,000001,13:17:51,11.0400,29,2
2026-04-17,000001,13:17:54,11.0400,4,2
2026-04-17,000001,13:18:00,11.0400,41,2
2026-04-17,000001,13:18:03,11.0500,68,1
2026-04-17,000001,13:18:06,11.0400,113,2
2026-04-17,000001,13:18:09,11.0400,49,2
2026-04-17,000001,13:18:12,11.0400,20,2
2026-04-17,000001,13:18:15,11.0400,21,2
2026-04-17,000001,13:18:18,11.0400,33,2
2026-04-17,000001,13:18:21,11.0400,43,2
2026-04-17,000001,13:18:24,11.0400,23,2
2026-04-17,000001,13:18:30,11.0400,4,2
2026-04-17,000001,13:18:33,11.0500,103,1
2026-04-17,000001,13:18:36,11.0500,5,1
2026-04-17,000001,13:18:39,11.0500,2,1
2026-04-17,000001,13:18:42,11.0400,83,2
2026-04-17,000001,13:18:45,11.0400,1,2
2026-04-17,000001,13:18:48,11.0500,30,1
2026-04-17,000001,13:18:54,11.0400,5,2
2026-04-17,000001,13:19:00,11.0400,3,2
2026-04-17,000001,13:19:06,11.0400,77,2
2026-04-17,000001,13:19:12,11.0400,4,2
2026-04-17,000001,13:19:18,11.0500,1,1
2026-04-17,000001,13:19:21,11.0500,33,1
2026-04-17,000001,13:19:27,11.0400,10,2
2026-04-17,000001,13:19:30,11.0500,55,1
2026-04-17,000001,13:19:33,11.0400,58,2
2026-04-17,000001,13:19:36,11.0500,36,1
2026-04-17,000001,13:19:42,11.0400,74,2
2026-04-17,000001,13:19:45,11.0500,21,1
2026-04-17,000001,13:19:48,11.0400,1,2
2026-04-17,000001,13:19:54,11.0400,4,2
2026-04-17,000001,13:19:57,11.0500,5,1
2026-04-17,000001,13:20:00,11.0400,5,2
2026-04-17,000001,13:20:03,11.0400,4,2
2026-04-17,000001,13:20:06,11.0500,13,1
2026-04-17,000001,13:20:09,11.0400,11,2
2026-04-17,000001,13:20:12,11.0500,57,1
2026-04-17,000001,13:20:15,11.0400,11,2
2026-04-17,000001,13:20:21,11.0400,19,2
2026-04-17,000001,13:20:24,11.0400,551,2
2026-04-17,000001,13:20:27,11.0400,854,2
2026-04-17,000001,13:20:30,11.0400,7,2
2026-04-17,000001,13:20:33,11.0400,109,2
2026-04-17,000001,13:20:36,11.0400,10,2
2026-04-17,000001,13:20:39,11.0400,78,2
2026-04-17,000001,13:20:42,11.0400,1,2
2026-04-17,000001,13:20:45,11.0400,6,2
2026-04-17,000001,13:20:48,11.0400,55,2
2026-04-17,000001,13:20:54,11.0400,101,2
2026-04-17,000001,13:21:00,11.0500,10,1
2026-04-17,000001,13:21:03,11.0400,1,2
2026-04-17,000001,13:21:06,11.0400,73,2
2026-04-17,000001,13:21:09,11.0500,19,1
2026-04-17,000001,13:21:12,11.0500,10,1
2026-04-17,000001,13:21:18,11.0400,23,2
2026-04-17,000001,13:21:24,11.0400,4,2
2026-04-17,000001,13:21:27,11.0400,7,2
2026-04-17,000001,13:21:33,11.0400,1,2
2026-04-17,000001,13:21:36,11.0400,20,2
2026-04-17,000001,13:21:39,11.0500,26,1
2026-04-17,000001,13:21:48,11.0500,10,1
2026-04-17,000001,13:21:51,11.0400,65,2
2026-04-17,000001,13:22:00,11.0400,5,2
2026-04-17,000001,13:22:03,11.0500,2,1
2026-04-17,000001,13:22:09,11.0500,30,1
2026-04-17,000001,13:22:12,11.0400,20,2
2026-04-17,000001,13:22:15,11.0400,1,2
2026-04-17,000001,13:22:21,11.0400,5,2
2026-04-17,000001,13:22:27,11.0400,54,2
2026-04-17,000001,13:22:30,11.0400,18,2
2026-04-17,000001,13:22:33,11.0500,239,1
2026-04-17,000001,13:22:36,11.0400,5,2
2026-04-17,000001,13:22:42,11.0400,28,2
2026-04-17,000001,13:22:45,11.0500,99,1
2026-04-17,000001,13:22:48,11.0400,88,2
2026-04-17,000001,13:22:51,11.0400,48,2
2026-04-17,000001,13:22:54,11.0500,27,1
2026-04-17,000001,13:22:57,11.0400,22,2
2026-04-17,000001,13:23:03,11.0500,42,1
2026-04-17,000001,13:23:06,11.0500,36,1
2026-04-17,000001,13:23:09,11.0400,1,2
2026-04-17,000001,13:23:12,11.0500,10,1
2026-04-17,000001,13:23:15,11.0400,66,2
2026-04-17,000001,13:23:21,11.0400,19,2
2026-04-17,000001,13:23:24,11.0500,33,1
2026-04-17,000001,13:23:27,11.0500,43,1
2026-04-17,000001,13:23:30,11.0400,5,2
2026-04-17,000001,13:23:33,11.0400,3,2
2026-04-17,000001,13:23:36,11.0400,5,2
2026-04-17,000001,13:23:42,11.0400,47,2
2026-04-17,000001,13:23:45,11.0400,15,2
2026-04-17,000001,13:23:48,11.0500,17,1
2026-04-17,000001,13:23:51,11.0500,72,1
2026-04-17,000001,13:23:54,11.0500,18,1
2026-04-17,000001,13:23:57,11.0500,15,1
2026-04-17,000001,13:24:00,11.0500,64,1
2026-04-17,000001,13:24:06,11.0500,35,1
2026-04-17,000001,13:24:09,11.0400,5,2
2026-04-17,000001,13:24:12,11.0500,7,1
2026-04-17,000001,13:24:15,11.0400,95,2
2026-04-17,000001,13:24:18,11.0400,30,2
2026-04-17,000001,13:24:21,11.0500,87,1
2026-04-17,000001,13:24:24,11.0500,45,1
2026-04-17,000001,13:24:27,11.0500,5,1
2026-04-17,000001,13:24:30,11.0400,9,2
2026-04-17,000001,13:24:33,11.0400,3,2
2026-04-17,000001,13:24:39,11.0500,49,1
2026-04-17,000001,13:24:42,11.0500,14,1
2026-04-17,000001,13:24:45,11.0500,219,1
2026-04-17,000001,13:24:48,11.0500,19,1
2026-04-17,000001,13:24:51,11.0400,8,2
2026-04-17,000001,13:24:54,11.0500,51,1
2026-04-17,000001,13:24:57,11.0500,170,1
2026-04-17,000001,13:25:00,11.0400,27,2
2026-04-17,000001,13:25:03,11.0400,41,2
2026-04-17,000001,13:25:06,11.0500,11,1
2026-04-17,000001,13:25:12,11.0500,100,1
2026-04-17,000001,13:25:15,11.0400,3,2
2026-04-17,000001,13:25:18,11.0500,182,1
2026-04-17,000001,13:25:21,11.0500,42,1
2026-04-17,000001,13:25:24,11.0500,160,1
2026-04-17,000001,13:25:27,11.0400,4,2
2026-04-17,000001,13:25:30,11.0400,34,2
2026-04-17,000001,13:25:33,11.0500,2,1
2026-04-17,000001,13:25:39,11.0500,468,1
2026-04-17,000001,13:25:45,11.0400,84,2
2026-04-17,000001,13:25:48,11.0400,44,2
2026-04-17,000001,13:25:54,11.0400,44,2
2026-04-17,000001,13:25:57,11.0500,54,1
2026-04-17,000001,13:26:00,11.0400,1,2
2026-04-17,000001,13:26:03,11.0400,344,2
2026-04-17,000001,13:26:06,11.0400,76,2
2026-04-17,000001,13:26:09,11.0400,175,2
2026-04-17,000001,13:26:12,11.0400,133,2
2026-04-17,000001,13:26:15,11.0400,113,2
2026-04-17,000001,13:26:18,11.0400,43,2
2026-04-17,000001,13:26:21,11.0400,7,2
2026-04-17,000001,13:26:24,11.0500,121,1
2026-04-17,000001,13:26:27,11.0400,4,2
2026-04-17,000001,13:26:33,11.0400,6,2
2026-04-17,000001,13:26:36,11.0500,5,1
2026-04-17,000001,13:26:39,11.0500,30,1
2026-04-17,000001,13:26:42,11.0500,40,1
2026-04-17,000001,13:26:45,11.0500,10,1
2026-04-17,000001,13:26:48,11.0500,16,1
2026-04-17,000001,13:26:51,11.0500,9,1
2026-04-17,000001,13:26:54,11.0500,21,1
2026-04-17,000001,13:26:57,11.0400,47,2
2026-04-17,000001,13:27:00,11.0500,10,1
2026-04-17,000001,13:27:06,11.0400,21,2
2026-04-17,000001,13:27:09,11.0500,10,1
2026-04-17,000001,13:27:15,11.0400,1,2
2026-04-17,000001,13:27:18,11.0500,7,1
2026-04-17,000001,13:27:21,11.0500,106,1
2026-04-17,000001,13:27:24,11.0500,100,1
2026-04-17,000001,13:27:27,11.0500,22,1
2026-04-17,000001,13:27:30,11.0400,81,2
2026-04-17,000001,13:27:33,11.0400,7,2
2026-04-17,000001,13:27:36,11.0500,252,1
2026-04-17,000001,13:27:39,11.0400,1,2
2026-04-17,000001,13:27:42,11.0500,57,1
2026-04-17,000001,13:27:45,11.0400,154,2
2026-04-17,000001,13:27:48,11.0400,1,2
2026-04-17,000001,13:27:51,11.0500,100,1
2026-04-17,000001,13:27:54,11.0500,70,1
2026-04-17,000001,13:27:57,11.0500,90,1
2026-04-17,000001,13:28:00,11.0500,70,1
2026-04-17,000001,13:28:03,11.0400,221,2
2026-04-17,000001,13:28:06,11.0400,121,2
2026-04-17,000001,13:28:09,11.0400,21,2
2026-04-17,000001,13:28:12,11.0400,37,2
2026-04-17,000001,13:28:15,11.0500,28,1
2026-04-17,000001,13:28:18,11.0400,28,2
2026-04-17,000001,13:28:21,11.0400,15,2
2026-04-17,000001,13:28:24,11.0400,20,2
2026-04-17,000001,13:28:27,11.0400,25,2
2026-04-17,000001,13:28:30,11.0500,2,1
2026-04-17,000001,13:28:33,11.0500,60,1
2026-04-17,000001,13:28:36,11.0400,6,2
2026-04-17,000001,13:28:39,11.0500,5,1
2026-04-17,000001,13:28:42,11.0500,2,1
2026-04-17,000001,13:28:45,11.0500,13,1
2026-04-17,000001,13:28:48,11.0400,8,2
2026-04-17,000001,13:28:51,11.0400,90,2
2026-04-17,000001,13:28:54,11.0500,1210,1
2026-04-17,000001,13:28:57,11.0400,47,2
2026-04-17,000001,13:29:00,11.0400,54,2
2026-04-17,000001,13:29:03,11.0400,42,2
2026-04-17,000001,13:29:06,11.0400,56,2
2026-04-17,000001,13:29:12,11.0500,1,1
2026-04-17,000001,13:29:15,11.0500,1,1
2026-04-17,000001,13:29:18,11.0500,9,1
2026-04-17,000001,13:29:21,11.0400,56,2
2026-04-17,000001,13:29:24,11.0400,33,2
2026-04-17,000001,13:29:27,11.0400,4287,2
2026-04-17,000001,13:29:30,11.0500,535,1
2026-04-17,000001,13:29:33,11.0500,581,1
2026-04-17,000001,13:29:36,11.0500,1169,1
2026-04-17,000001,13:29:39,11.0500,133,1
2026-04-17,000001,13:29:42,11.0500,66,1
2026-04-17,000001,13:29:45,11.0400,20,2
2026-04-17,000001,13:29:48,11.0500,289,1
2026-04-17,000001,13:29:51,11.0500,77,1
2026-04-17,000001,13:29:54,11.0500,73,1
2026-04-17,000001,13:29:57,11.0400,2209,2
2026-04-17,000001,13:30:00,11.0500,484,1
2026-04-17,000001,13:30:03,11.0400,390,2
2026-04-17,000001,13:30:06,11.0500,36,1
2026-04-17,000001,13:30:12,11.0400,180,2
2026-04-17,000001,13:30:15,11.0500,47,1
2026-04-17,000001,13:30:18,11.0400,13,2
2026-04-17,000001,13:30:21,11.0400,1367,2
2026-04-17,000001,13:30:24,11.0400,275,2
2026-04-17,000001,13:30:27,11.0500,236,1
2026-04-17,000001,13:30:30,11.0500,525,1
2026-04-17,000001,13:30:36,11.0500,213,1
2026-04-17,000001,13:30:42,11.0500,10,1
2026-04-17,000001,13:30:45,11.0400,1155,2
2026-04-17,000001,13:30:48,11.0500,1001,1
2026-04-17,000001,13:30:51,11.0600,515,1
2026-04-17,000001,13:30:54,11.0500,67,1
2026-04-17,000001,13:30:57,11.0500,29,1
2026-04-17,000001,13:31:00,11.0400,95,2
2026-04-17,000001,13:31:03,11.0500,36,1
2026-04-17,000001,13:31:06,11.0500,63,1
2026-04-17,000001,13:31:09,11.0500,32,1
2026-04-17,000001,13:31:12,11.0500,21,1
2026-04-17,000001,13:31:15,11.0500,1,1
2026-04-17,000001,13:31:18,11.0500,1164,1
2026-04-17,000001,13:31:21,11.0500,3,1
2026-04-17,000001,13:31:24,11.0500,1,1
2026-04-17,000001,13:31:27,11.0400,10,2
2026-04-17,000001,13:31:36,11.0500,50,1
2026-04-17,000001,13:31:42,11.0400,812,2
2026-04-17,000001,13:31:45,11.0400,5,2
2026-04-17,000001,13:31:51,11.0500,12,1
2026-04-17,000001,13:32:00,11.0500,19,1
2026-04-17,000001,13:32:12,11.0500,4,1
2026-04-17,000001,13:32:33,11.0400,71,2
2026-04-17,000001,13:32:36,11.0400,6,2
2026-04-17,000001,13:32:45,11.0400,1,2
2026-04-17,000001,13:32:48,11.0400,455,2
2026-04-17,000001,13:32:51,11.0400,13,2
2026-04-17,000001,13:32:54,11.0400,172,2
2026-04-17,000001,13:32:57,11.0500,22,1
2026-04-17,000001,13:33:00,11.0400,19,2
2026-04-17,000001,13:33:03,11.0400,24,2
2026-04-17,000001,13:33:06,11.0400,1,2
2026-04-17,000001,13:33:12,11.0500,1,1
2026-04-17,000001,13:33:15,11.0400,1,2
2026-04-17,000001,13:33:18,11.0500,2,1
2026-04-17,000001,13:33:21,11.0500,30,1
2026-04-17,000001,13:33:33,11.0400,230,2
2026-04-17,000001,13:33:36,11.0400,148,2
2026-04-17,000001,13:33:39,11.0400,52,2
2026-04-17,000001,13:33:42,11.0500,501,1
2026-04-17,000001,13:33:54,11.0400,82,2
2026-04-17,000001,13:33:57,11.0500,12,1
2026-04-17,000001,13:34:09,11.0400,96,2
2026-04-17,000001,13:34:15,11.0400,19,2
2026-04-17,000001,13:34:21,11.0500,2,1
2026-04-17,000001,13:34:27,11.0500,100,1
2026-04-17,000001,13:34:30,11.0400,19,2
2026-04-17,000001,13:34:33,11.0500,24,1
2026-04-17,000001,13:34:39,11.0500,48,1
2026-04-17,000001,13:34:42,11.0400,8,2
2026-04-17,000001,13:34:57,11.0500,1,1
2026-04-17,000001,13:35:00,11.0400,21,2
2026-04-17,000001,13:35:03,11.0400,25,2
2026-04-17,000001,13:35:06,11.0500,100,1
2026-04-17,000001,13:35:15,11.0400,1,2
2026-04-17,000001,13:35:18,11.0400,3,2
2026-04-17,000001,13:35:27,11.0400,179,2
2026-04-17,000001,13:35:33,11.0500,26,1
2026-04-17,000001,13:35:36,11.0400,8,2
2026-04-17,000001,13:35:39,11.0400,1,2
2026-04-17,000001,13:35:45,11.0500,180,1
2026-04-17,000001,13:35:48,11.0400,1,2
2026-04-17,000001,13:36:00,11.0400,17,2
2026-04-17,000001,13:36:03,11.0500,3,1
2026-04-17,000001,13:36:06,11.0400,2,2
2026-04-17,000001,13:36:09,11.0400,546,2
2026-04-17,000001,13:36:12,11.0400,11,2
2026-04-17,000001,13:36:15,11.0400,8,2
2026-04-17,000001,13:36:18,11.0500,927,1
2026-04-17,000001,13:36:21,11.0500,364,1
2026-04-17,000001,13:36:24,11.0400,154,2
2026-04-17,000001,13:36:27,11.0400,59,2
2026-04-17,000001,13:36:30,11.0400,55,2
2026-04-17,000001,13:36:33,11.0400,364,2
2026-04-17,000001,13:36:36,11.0400,513,2
2026-04-17,000001,13:36:39,11.0400,401,2
2026-04-17,000001,13:36:42,11.0400,99,2
2026-04-17,000001,13:36:45,11.0400,30,1
2026-04-17,000001,13:36:48,11.0400,15,1
2026-04-17,000001,13:36:51,11.0400,155,1
2026-04-17,000001,13:36:54,11.0400,5,1
2026-04-17,000001,13:36:57,11.0400,10,1
2026-04-17,000001,13:37:00,11.0300,20,2
2026-04-17,000001,13:37:03,11.0300,163,2
2026-04-17,000001,13:37:06,11.0300,44,2
2026-04-17,000001,13:37:09,11.0400,6882,1
2026-04-17,000001,13:37:12,11.0500,460,1
2026-04-17,000001,13:37:15,11.0400,453,2
2026-04-17,000001,13:37:18,11.0400,50,2
2026-04-17,000001,13:37:27,11.0400,131,2
2026-04-17,000001,13:37:33,11.0400,145,2
2026-04-17,000001,13:37:36,11.0400,192,2
2026-04-17,000001,13:37:39,11.0400,118,2
2026-04-17,000001,13:37:42,11.0400,108,1
2026-04-17,000001,13:37:45,11.0400,53,1
2026-04-17,000001,13:37:48,11.0400,102,1
2026-04-17,000001,13:37:51,11.0400,29,1
2026-04-17,000001,13:37:54,11.0400,49,1
2026-04-17,000001,13:37:57,11.0400,183,1
2026-04-17,000001,13:38:00,11.0300,263,2
2026-04-17,000001,13:38:03,11.0300,4070,2
2026-04-17,000001,13:38:06,11.0400,496,4
2026-04-17,000001,13:38:09,11.0400,1,1
2026-04-17,000001,13:38:12,11.0400,100,1
2026-04-17,000001,13:38:15,11.0300,45,2
2026-04-17,000001,13:38:18,11.0400,6,1
2026-04-17,000001,13:38:21,11.0300,14,2
2026-04-17,000001,13:38:30,11.0300,2863,2
2026-04-17,000001,13:38:33,11.0400,315,1
2026-04-17,000001,13:38:36,11.0300,1,2
2026-04-17,000001,13:38:39,11.0300,2,2
2026-04-17,000001,13:38:42,11.0400,12,1
2026-04-17,000001,13:38:45,11.0300,112,2
2026-04-17,000001,13:38:48,11.0400,37,1
2026-04-17,000001,13:38:51,11.0300,19,2
2026-04-17,000001,13:38:57,11.0400,1,1
2026-04-17,000001,13:39:03,11.0300,1,2
2026-04-17,000001,13:39:06,11.0300,6,2
2026-04-17,000001,13:39:09,11.0300,54,2
2026-04-17,000001,13:39:24,11.0400,1,1
2026-04-17,000001,13:39:27,11.0400,1365,1
2026-04-17,000001,13:39:30,11.0400,107,1
2026-04-17,000001,13:39:33,11.0400,37,1
2026-04-17,000001,13:39:36,11.0400,73,1
2026-04-17,000001,13:39:42,11.0300,40,2
2026-04-17,000001,13:39:45,11.0400,31,1
2026-04-17,000001,13:39:48,11.0400,19,1
2026-04-17,000001,13:40:00,11.0300,24,2
2026-04-17,000001,13:40:03,11.0300,19,2
2026-04-17,000001,13:40:06,11.0400,118,1
2026-04-17,000001,13:40:12,11.0300,8,2
2026-04-17,000001,13:40:15,11.0400,168,1
2026-04-17,000001,13:40:18,11.0400,8,1
2026-04-17,000001,13:40:21,11.0400,23,1
2026-04-17,000001,13:40:24,11.0400,99,1
2026-04-17,000001,13:40:27,11.0400,164,1
2026-04-17,000001,13:40:30,11.0400,39,1
2026-04-17,000001,13:40:33,11.0300,3,2
2026-04-17,000001,13:40:36,11.0400,41,1
2026-04-17,000001,13:40:39,11.0300,30,2
2026-04-17,000001,13:40:42,11.0400,16,1
2026-04-17,000001,13:40:45,11.0500,970,1
2026-04-17,000001,13:40:48,11.0400,10,2
2026-04-17,000001,13:40:51,11.0500,125,1
2026-04-17,000001,13:41:00,11.0400,134,2
2026-04-17,000001,13:41:03,11.0400,3,2
2026-04-17,000001,13:41:06,11.0400,4,2
2026-04-17,000001,13:41:09,11.0400,11,2
2026-04-17,000001,13:41:21,11.0500,4,1
2026-04-17,000001,13:41:27,11.0400,5,2
2026-04-17,000001,13:41:30,11.0400,91,2
2026-04-17,000001,13:41:33,11.0500,2,1
2026-04-17,000001,13:41:36,11.0400,1,2
2026-04-17,000001,13:41:39,11.0500,2,1
2026-04-17,000001,13:41:48,11.0500,23,1
2026-04-17,000001,13:41:51,11.0400,8,2
2026-04-17,000001,13:41:54,11.0400,11,2
2026-04-17,000001,13:41:57,11.0400,3,2
2026-04-17,000001,13:42:00,11.0400,21,2
2026-04-17,000001,13:42:03,11.0400,26,2
2026-04-17,000001,13:42:06,11.0400,1,2
2026-04-17,000001,13:42:09,11.0500,44,1
2026-04-17,000001,13:42:12,11.0400,12,2
2026-04-17,000001,13:42:21,11.0400,53,2
2026-04-17,000001,13:42:36,11.0500,2,1
2026-04-17,000001,13:42:48,11.0500,96,1
2026-04-17,000001,13:42:51,11.0500,34,1
2026-04-17,000001,13:42:57,11.0500,50,1
2026-04-17,000001,13:43:00,11.0400,1501,2
2026-04-17,000001,13:43:03,11.0400,106,1
2026-04-17,000001,13:43:06,11.0400,186,1
2026-04-17,000001,13:43:09,11.0400,63,1
2026-04-17,000001,13:43:12,11.0400,58,1
2026-04-17,000001,13:43:15,11.0400,65,1
2026-04-17,000001,13:43:18,11.0400,148,1
2026-04-17,000001,13:43:21,11.0400,80,1
2026-04-17,000001,13:43:24,11.0400,36,1
2026-04-17,000001,13:43:27,11.0400,16,2
2026-04-17,000001,13:43:30,11.0400,36,2
2026-04-17,000001,13:43:33,11.0400,19,2
2026-04-17,000001,13:43:36,11.0400,48,2
2026-04-17,000001,13:43:39,11.0400,56,1
2026-04-17,000001,13:43:42,11.0400,48,1
2026-04-17,000001,13:43:48,11.0300,10,2
2026-04-17,000001,13:43:51,11.0400,33,1
2026-04-17,000001,13:43:54,11.0400,2,1
2026-04-17,000001,13:43:57,11.0400,22,1
2026-04-17,000001,13:44:00,11.0300,39,2
2026-04-17,000001,13:44:03,11.0300,50,2
2026-04-17,000001,13:44:06,11.0300,15,2
2026-04-17,000001,13:44:09,11.0300,2,2
2026-04-17,000001,13:44:12,11.0400,92,1
2026-04-17,000001,13:44:21,11.0300,6,2
2026-04-17,000001,13:44:24,11.0400,60,1
2026-04-17,000001,13:44:27,11.0400,89,1
2026-04-17,000001,13:44:30,11.0400,23,1
2026-04-17,000001,13:44:33,11.0300,27,2
2026-04-17,000001,13:44:36,11.0400,102,1
2026-04-17,000001,13:44:39,11.0300,54,2
2026-04-17,000001,13:44:42,11.0400,3,1
2026-04-17,000001,13:44:45,11.0300,17,2
2026-04-17,000001,13:44:48,11.0300,9,2
2026-04-17,000001,13:44:54,11.0400,9,1
2026-04-17,000001,13:44:57,11.0400,120,1
2026-04-17,000001,13:45:06,11.0400,3,1
2026-04-17,000001,13:45:09,11.0300,20,2
2026-04-17,000001,13:45:15,11.0400,49,1
2026-04-17,000001,13:45:21,11.0500,121,1
2026-04-17,000001,13:45:24,11.0400,31,2
2026-04-17,000001,13:45:33,11.0500,62,1
2026-04-17,000001,13:45:36,11.0500,9,1
2026-04-17,000001,13:45:39,11.0500,68,1
2026-04-17,000001,13:45:42,11.0500,135,1
2026-04-17,000001,13:45:45,11.0500,260,1
2026-04-17,000001,13:45:48,11.0500,20,1
2026-04-17,000001,13:45:51,11.0400,8,2
2026-04-17,000001,13:45:54,11.0400,538,2
2026-04-17,000001,13:46:00,11.0400,76,2
2026-04-17,000001,13:46:03,11.0400,19,2
2026-04-17,000001,13:46:06,11.0500,1,1
2026-04-17,000001,13:46:09,11.0400,57,2
2026-04-17,000001,13:46:15,11.0500,5,1
2026-04-17,000001,13:46:18,11.0500,3,1
2026-04-17,000001,13:46:21,11.0400,29,2
2026-04-17,000001,13:46:24,11.0500,579,1
2026-04-17,000001,13:46:36,11.0400,1,2
2026-04-17,000001,13:46:51,11.0400,698,2
2026-04-17,000001,13:46:54,11.0500,20,1
2026-04-17,000001,13:46:57,11.0500,178,1
2026-04-17,000001,13:47:00,11.0400,11,2
2026-04-17,000001,13:47:03,11.0500,23,1
2026-04-17,000001,13:47:15,11.0400,921,2
2026-04-17,000001,13:47:27,11.0400,1,2
2026-04-17,000001,13:47:30,11.0500,1,1
2026-04-17,000001,13:47:33,11.0400,200,2
2026-04-17,000001,13:47:36,11.0500,33,1
2026-04-17,000001,13:47:39,11.0500,14,1
2026-04-17,000001,13:47:42,11.0400,719,2
2026-04-17,000001,13:47:45,11.0400,2,2
2026-04-17,000001,13:47:48,11.0500,38,1
2026-04-17,000001,13:47:57,11.0400,1,2
2026-04-17,000001,13:48:00,11.0400,62,2
2026-04-17,000001,13:48:03,11.0400,419,2
2026-04-17,000001,13:48:06,11.0400,61,2
2026-04-17,000001,13:48:09,11.0400,9,2
2026-04-17,000001,13:48:12,11.0400,646,2
2026-04-17,000001,13:48:15,11.0400,64,2
2026-04-17,000001,13:48:18,11.0500,24,1
2026-04-17,000001,13:48:21,11.0500,28,1
2026-04-17,000001,13:48:24,11.0400,6,2
2026-04-17,000001,13:48:30,11.0400,1,2
2026-04-17,000001,13:48:33,11.0400,5,2
2026-04-17,000001,13:48:36,11.0400,5,2
2026-04-17,000001,13:48:39,11.0400,11,2
2026-04-17,000001,13:48:42,11.0400,463,2
2026-04-17,000001,13:48:48,11.0500,40,1
2026-04-17,000001,13:48:51,11.0500,21,1
2026-04-17,000001,13:48:54,11.0500,24,1
2026-04-17,000001,13:48:57,11.0500,22,1
2026-04-17,000001,13:49:03,11.0400,19,2
2026-04-17,000001,13:49:06,11.0400,19,2
2026-04-17,000001,13:49:09,11.0400,189,2
2026-04-17,000001,13:49:12,11.0400,198,2
2026-04-17,000001,13:49:15,11.0500,76,1
2026-04-17,000001,13:49:18,11.0400,5,2
2026-04-17,000001,13:49:21,11.0500,1,1
2026-04-17,000001,13:49:24,11.0400,10,2
2026-04-17,000001,13:49:27,11.0500,27,1
2026-04-17,000001,13:49:33,11.0400,73,2
2026-04-17,000001,13:49:36,11.0400,220,2
2026-04-17,000001,13:49:39,11.0500,20,1
2026-04-17,000001,13:49:42,11.0400,656,2
2026-04-17,000001,13:49:45,11.0500,168,1
2026-04-17,000001,13:49:48,11.0400,38,2
2026-04-17,000001,13:49:54,11.0400,67,2
2026-04-17,000001,13:49:57,11.0400,2,2
2026-04-17,000001,13:50:00,11.0400,69,2
2026-04-17,000001,13:50:03,11.0500,30,1
2026-04-17,000001,13:50:06,11.0400,422,2
2026-04-17,000001,13:50:09,11.0400,116,2
2026-04-17,000001,13:50:12,11.0400,159,2
2026-04-17,000001,13:50:15,11.0400,50,2
2026-04-17,000001,13:50:18,11.0400,22,2
2026-04-17,000001,13:50:21,11.0400,30,2
2026-04-17,000001,13:50:24,11.0400,56,2
2026-04-17,000001,13:50:30,11.0400,60,2
2026-04-17,000001,13:50:33,11.0400,22,2
2026-04-17,000001,13:50:36,11.0500,476,1
2026-04-17,000001,13:50:39,11.0400,28,2
2026-04-17,000001,13:50:42,11.0400,67,2
2026-04-17,000001,13:50:51,11.0400,30,2
2026-04-17,000001,13:50:54,11.0500,24,1
2026-04-17,000001,13:50:57,11.0400,2053,2
2026-04-17,000001,13:51:00,11.0500,519,1
2026-04-17,000001,13:51:03,11.0400,312,2
2026-04-17,000001,13:51:06,11.0500,36,1
2026-04-17,000001,13:51:09,11.0400,25,2
2026-04-17,000001,13:51:12,11.0500,55,1
2026-04-17,000001,13:51:18,11.0500,12,1
2026-04-17,000001,13:51:24,11.0400,742,2
2026-04-17,000001,13:51:27,11.0400,3,2
2026-04-17,000001,13:51:30,11.0400,25,2
2026-04-17,000001,13:51:33,11.0500,2,1
2026-04-17,000001,13:51:36,11.0400,7,2
2026-04-17,000001,13:51:39,11.0400,1,2
2026-04-17,000001,13:51:42,11.0500,39,1
2026-04-17,000001,13:51:45,11.0500,49,1
2026-04-17,000001,13:51:48,11.0400,768,2
2026-04-17,000001,13:51:51,11.0400,10,2
2026-04-17,000001,13:51:54,11.0500,12,1
2026-04-17,000001,13:51:57,11.0500,177,1
2026-04-17,000001,13:52:00,11.0400,19,2
2026-04-17,000001,13:52:03,11.0400,20,2
2026-04-17,000001,13:52:06,11.0400,81,2
2026-04-17,000001,13:52:09,11.0500,20,1
2026-04-17,000001,13:52:12,11.0400,322,2
2026-04-17,000001,13:52:15,11.0400,300,2
2026-04-17,000001,13:52:21,11.0500,5,1
2026-04-17,000001,13:52:24,11.0400,100,2
2026-04-17,000001,13:52:27,11.0500,51,1
2026-04-17,000001,13:52:30,11.0400,14,2
2026-04-17,000001,13:52:39,11.0400,13,2
2026-04-17,000001,13:52:42,11.0400,519,2
2026-04-17,000001,13:52:54,11.0400,1,2
2026-04-17,000001,13:52:57,11.0500,7,1
2026-04-17,000001,13:53:00,11.0400,18,2
2026-04-17,000001,13:53:06,11.0400,2,2
2026-04-17,000001,13:53:09,11.0500,655,1
2026-04-17,000001,13:53:12,11.0500,10,1
2026-04-17,000001,13:53:15,11.0500,47,1
2026-04-17,000001,13:53:18,11.0400,44,2
2026-04-17,000001,13:53:21,11.0400,42,2
2026-04-17,000001,13:53:27,11.0500,10,1
2026-04-17,000001,13:53:33,11.0400,49,2
2026-04-17,000001,13:53:39,11.0500,639,1
2026-04-17,000001,13:53:42,11.0400,32,2
2026-04-17,000001,13:53:45,11.0400,42,2
2026-04-17,000001,13:53:48,11.0400,57,2
2026-04-17,000001,13:53:51,11.0400,25,2
2026-04-17,000001,13:53:54,11.0500,5,1
2026-04-17,000001,13:53:57,11.0400,29,2
2026-04-17,000001,13:54:00,11.0400,23,2
2026-04-17,000001,13:54:03,11.0400,93,2
2026-04-17,000001,13:54:06,11.0400,1024,2
2026-04-17,000001,13:54:09,11.0500,4,1
2026-04-17,000001,13:54:12,11.0400,20,2
2026-04-17,000001,13:54:15,11.0400,35,2
2026-04-17,000001,13:54:18,11.0500,1,1
2026-04-17,000001,13:54:21,11.0500,5,1
2026-04-17,000001,13:54:24,11.0500,2,1
2026-04-17,000001,13:54:27,11.0500,110,1
2026-04-17,000001,13:54:30,11.0400,8,2
2026-04-17,000001,13:54:33,11.0400,681,2
2026-04-17,000001,13:54:36,11.0400,1,2
2026-04-17,000001,13:54:39,11.0400,5,2
2026-04-17,000001,13:54:45,11.0500,5,1
2026-04-17,000001,13:54:48,11.0500,41,1
2026-04-17,000001,13:54:54,11.0500,37,1
2026-04-17,000001,13:54:57,11.0500,11,1
2026-04-17,000001,13:55:00,11.0400,603,2
2026-04-17,000001,13:55:03,11.0400,110,2
2026-04-17,000001,13:55:06,11.0400,57,2
2026-04-17,000001,13:55:09,11.0400,10,2
2026-04-17,000001,13:55:12,11.0400,37,2
2026-04-17,000001,13:55:15,11.0500,38,1
2026-04-17,000001,13:55:18,11.0500,100,1
2026-04-17,000001,13:55:24,11.0400,1,2
2026-04-17,000001,13:55:27,11.0400,450,2
2026-04-17,000001,13:55:30,11.0500,42,1
2026-04-17,000001,13:55:33,11.0400,59,2
2026-04-17,000001,13:55:42,11.0500,1,1
2026-04-17,000001,13:55:45,11.0500,2,1
2026-04-17,000001,13:55:51,11.0400,1,2
2026-04-17,000001,13:55:54,11.0400,31,2
2026-04-17,000001,13:55:57,11.0400,1162,2
2026-04-17,000001,13:56:00,11.0400,117,2
2026-04-17,000001,13:56:03,11.0400,1086,2
2026-04-17,000001,13:56:06,11.0500,12,1
2026-04-17,000001,13:56:12,11.0500,60,1
2026-04-17,000001,13:56:15,11.0500,29,1
2026-04-17,000001,13:56:18,11.0400,17,2
2026-04-17,000001,13:56:21,11.0500,21,1
2026-04-17,000001,13:56:24,11.0400,46,2
2026-04-17,000001,13:56:27,11.0500,51,1
2026-04-17,000001,13:56:30,11.0500,5,1
2026-04-17,000001,13:56:33,11.0400,694,2
2026-04-17,000001,13:56:36,11.0500,41,1
2026-04-17,000001,13:56:39,11.0400,2,2
2026-04-17,000001,13:56:42,11.0400,1,2
2026-04-17,000001,13:56:48,11.0400,285,2
2026-04-17,000001,13:56:51,11.0500,41,1
2026-04-17,000001,13:56:54,11.0500,155,1
2026-04-17,000001,13:56:57,11.0500,8,1
2026-04-17,000001,13:57:00,11.0400,503,2
2026-04-17,000001,13:57:03,11.0500,97,1
2026-04-17,000001,13:57:06,11.0400,14,2
2026-04-17,000001,13:57:09,11.0500,19,1
2026-04-17,000001,13:57:12,11.0500,54,1
2026-04-17,000001,13:57:15,11.0500,10,1
2026-04-17,000001,13:57:18,11.0500,53,1
2026-04-17,000001,13:57:21,11.0400,393,2
2026-04-17,000001,13:57:24,11.0400,22,2
2026-04-17,000001,13:57:27,11.0500,1,1
2026-04-17,000001,13:57:30,11.0500,218,1
2026-04-17,000001,13:57:33,11.0400,635,2
2026-04-17,000001,13:57:36,11.0400,49,2
2026-04-17,000001,13:57:39,11.0500,56,1
2026-04-17,000001,13:57:42,11.0400,56,2
2026-04-17,000001,13:57:48,11.0400,148,2
2026-04-17,000001,13:57:51,11.0400,10,2
2026-04-17,000001,13:57:54,11.0400,428,2
2026-04-17,000001,13:57:57,11.0500,41,1
2026-04-17,000001,13:58:00,11.0400,242,2
2026-04-17,000001,13:58:03,11.0400,555,2
2026-04-17,000001,13:58:06,11.0400,71,1
2026-04-17,000001,13:58:09,11.0300,132,2
2026-04-17,000001,13:58:12,11.0400,26,1
2026-04-17,000001,13:58:15,11.0400,136,1
2026-04-17,000001,13:58:18,11.0400,168,1
2026-04-17,000001,13:58:21,11.0300,2890,2
2026-04-17,000001,13:58:24,11.0400,2943,1
2026-04-17,000001,13:58:27,11.0300,18,2
2026-04-17,000001,13:58:30,11.0400,10,1
2026-04-17,000001,13:58:33,11.0400,64,1
2026-04-17,000001,13:58:36,11.0300,33,2
2026-04-17,000001,13:58:39,11.0300,11,2
2026-04-17,000001,13:58:42,11.0300,300,2
2026-04-17,000001,13:58:45,11.0400,104,1
2026-04-17,000001,13:58:48,11.0300,1,2
2026-04-17,000001,13:58:51,11.0300,3344,2
2026-04-17,000001,13:58:54,11.0300,84,2
2026-04-17,000001,13:58:57,11.0300,55,2
2026-04-17,000001,13:59:00,11.0300,15,2
2026-04-17,000001,13:59:03,11.0300,22,2
2026-04-17,000001,13:59:06,11.0400,8,1
2026-04-17,000001,13:59:09,11.0400,39,1
2026-04-17,000001,13:59:15,11.0300,2,2
2026-04-17,000001,13:59:18,11.0400,30,1
2026-04-17,000001,13:59:21,11.0400,10,1
2026-04-17,000001,13:59:24,11.0400,45,1
2026-04-17,000001,13:59:27,11.0400,281,1
2026-04-17,000001,13:59:30,11.0400,33,1
2026-04-17,000001,13:59:33,11.0300,18,2
2026-04-17,000001,13:59:36,11.0400,10,1
2026-04-17,000001,13:59:39,11.0300,35,2
2026-04-17,000001,13:59:42,11.0400,160,1
2026-04-17,000001,13:59:45,11.0400,439,1
2026-04-17,000001,13:59:51,11.0400,41,1
2026-04-17,000001,14:00:00,11.0400,35,1
2026-04-17,000001,14:00:03,11.0300,27,2
2026-04-17,000001,14:00:06,11.0400,42,1
2026-04-17,000001,14:00:12,11.0300,75,2
2026-04-17,000001,14:00:15,11.0300,84,2
2026-04-17,000001,14:00:18,11.0300,3,2
2026-04-17,000001,14:00:24,11.0400,1,1
2026-04-17,000001,14:00:27,11.0400,3,1
2026-04-17,000001,14:00:33,11.0300,1,2
2026-04-17,000001,14:00:36,11.0400,217,1
2026-04-17,000001,14:00:42,11.0400,8,1
2026-04-17,000001,14:00:45,11.0300,4,2
2026-04-17,000001,14:00:48,11.0300,1,2
2026-04-17,000001,14:00:51,11.0300,41,2
2026-04-17,000001,14:00:57,11.0400,70,1
2026-04-17,000001,14:01:00,11.0400,237,1
2026-04-17,000001,14:01:03,11.0300,32,2
2026-04-17,000001,14:01:06,11.0400,7,1
2026-04-17,000001,14:01:09,11.0400,14,1
2026-04-17,000001,14:01:12,11.0400,12,1
2026-04-17,000001,14:01:15,11.0300,10,2
2026-04-17,000001,14:01:21,11.0400,41,1
2026-04-17,000001,14:01:24,11.0400,1,1
2026-04-17,000001,14:01:27,11.0400,3,1
2026-04-17,000001,14:01:30,11.0300,140,2
2026-04-17,000001,14:01:33,11.0300,75,2
2026-04-17,000001,14:01:36,11.0300,17,2
2026-04-17,000001,14:01:39,11.0300,30,2
2026-04-17,000001,14:01:42,11.0400,59,1
2026-04-17,000001,14:01:45,11.0400,71,1
2026-04-17,000001,14:01:48,11.0300,40,2
2026-04-17,000001,14:01:51,11.0400,9,1
2026-04-17,000001,14:01:54,11.0300,9,2
2026-04-17,000001,14:01:57,11.0300,28,2
2026-04-17,000001,14:02:00,11.0400,8,1
2026-04-17,000001,14:02:03,11.0300,22,2
2026-04-17,000001,14:02:06,11.0300,4,2
2026-04-17,000001,14:02:09,11.0300,60,2
2026-04-17,000001,14:02:12,11.0400,14,1
2026-04-17,000001,14:02:18,11.0400,49,1
2026-04-17,000001,14:02:21,11.0400,43,1
2026-04-17,000001,14:02:27,11.0300,80,2
2026-04-17,000001,14:02:30,11.0400,2,1
2026-04-17,000001,14:02:33,11.0400,4,1
2026-04-17,000001,14:02:36,11.0300,5,2
2026-04-17,000001,14:02:39,11.0300,37,2
2026-04-17,000001,14:02:45,11.0300,65,2
2026-04-17,000001,14:02:48,11.0400,1,1
2026-04-17,000001,14:02:51,11.0400,40,1
2026-04-17,000001,14:02:54,11.0400,188,1
2026-04-17,000001,14:02:57,11.0400,10,1
2026-04-17,000001,14:03:03,11.0400,39,1
2026-04-17,000001,14:03:06,11.0400,2,1
2026-04-17,000001,14:03:09,11.0400,35,1
2026-04-17,000001,14:03:12,11.0400,521,1
2026-04-17,000001,14:03:15,11.0400,85,1
2026-04-17,000001,14:03:18,11.0400,22,1
2026-04-17,000001,14:03:21,11.0400,41,1
2026-04-17,000001,14:03:27,11.0300,2,2
2026-04-17,000001,14:03:33,11.0400,25,1
2026-04-17,000001,14:03:36,11.0400,47,1
2026-04-17,000001,14:03:39,11.0400,4,1
2026-04-17,000001,14:03:42,11.0400,101,1
2026-04-17,000001,14:03:45,11.0400,74,1
2026-04-17,000001,14:03:48,11.0400,18,1
2026-04-17,000001,14:03:51,11.0300,44,2
2026-04-17,000001,14:03:54,11.0300,22,2
2026-04-17,000001,14:03:57,11.0400,18,1
2026-04-17,000001,14:04:00,11.0300,22,2
2026-04-17,000001,14:04:03,11.0400,254,1
2026-04-17,000001,14:04:06,11.0400,114,1
2026-04-17,000001,14:04:09,11.0400,33,1
2026-04-17,000001,14:04:12,11.0400,67,1
2026-04-17,000001,14:04:15,11.0400,21,1
2026-04-17,000001,14:04:18,11.0400,38,1
2026-04-17,000001,10:25:51,11.0600,3,2
2026-04-17,000001,10:25:54,11.0600,12,2
2026-04-17,000001,10:25:57,11.0700,21,1
2026-04-17,000001,10:26:00,11.0700,15,1
2026-04-17,000001,10:26:03,11.0600,20,2
2026-04-17,000001,10:26:06,11.0700,52,1
2026-04-17,000001,10:26:09,11.0700,100,1
2026-04-17,000001,10:26:12,11.0600,52,2
2026-04-17,000001,10:26:15,11.0700,29,1
2026-04-17,000001,10:26:18,11.0600,63,2
2026-04-17,000001,10:26:21,11.0700,103,1
2026-04-17,000001,10:26:24,11.0700,162,1
2026-04-17,000001,10:26:27,11.0700,66,1
2026-04-17,000001,10:26:30,11.0700,19,1
2026-04-17,000001,10:26:33,11.0700,6,1
2026-04-17,000001,10:26:36,11.0600,246,2
2026-04-17,000001,10:26:39,11.0600,3,2
2026-04-17,000001,10:26:42,11.0700,88,1
2026-04-17,000001,10:26:45,11.0600,54,2
2026-04-17,000001,10:26:48,11.0600,16,2
2026-04-17,000001,10:26:51,11.0700,17,1
2026-04-17,000001,10:26:54,11.0600,1,2
2026-04-17,000001,10:26:57,11.0700,5,1
2026-04-17,000001,10:27:00,11.0700,24,1
2026-04-17,000001,10:27:03,11.0700,133,1
2026-04-17,000001,10:27:06,11.0700,57,1
2026-04-17,000001,10:27:09,11.0600,164,2
2026-04-17,000001,10:27:12,11.0700,2,1
2026-04-17,000001,10:27:15,11.0600,7,2
2026-04-17,000001,10:27:18,11.0700,68,1
2026-04-17,000001,10:27:21,11.0700,21,1
2026-04-17,000001,10:27:24,11.0700,44,1
2026-04-17,000001,10:27:27,11.0600,47,2
2026-04-17,000001,10:27:30,11.0600,72,2
2026-04-17,000001,10:27:39,11.0600,28,2
2026-04-17,000001,10:27:42,11.0700,7,1
2026-04-17,000001,10:27:45,11.0700,2,1
2026-04-17,000001,10:27:48,11.0700,3,1
2026-04-17,000001,10:27:51,11.0700,39,1
2026-04-17,000001,10:27:54,11.0700,5,1
2026-04-17,000001,10:27:57,11.0600,140,2
2026-04-17,000001,10:28:03,11.0700,2,1
2026-04-17,000001,10:28:09,11.0600,408,2
2026-04-17,000001,10:28:12,11.0700,3,1
2026-04-17,000001,10:28:18,11.0600,48,2
2026-04-17,000001,10:28:21,11.0700,41,1
2026-04-17,000001,10:28:24,11.0700,14,1
2026-04-17,000001,10:28:27,11.0700,11,1
2026-04-17,000001,10:28:30,11.0700,21,1
2026-04-17,000001,10:28:33,11.0600,28,2
2026-04-17,000001,10:28:36,11.0600,19,2
2026-04-17,000001,10:28:42,11.0700,49,1
2026-04-17,000001,10:28:45,11.0600,75,2
2026-04-17,000001,10:28:48,11.0700,90,1
2026-04-17,000001,10:28:54,11.0700,17,1
2026-04-17,000001,10:28:57,11.0700,18,1
2026-04-17,000001,10:29:00,11.0600,246,2
2026-04-17,000001,10:29:03,11.0600,16,2
2026-04-17,000001,10:29:06,11.0700,89,1
2026-04-17,000001,10:29:09,11.0700,52,1
2026-04-17,000001,10:29:12,11.0700,4,1
2026-04-17,000001,10:29:15,11.0700,17,1
2026-04-17,000001,10:29:18,11.0700,15,1
2026-04-17,000001,10:29:24,11.0600,50,2
2026-04-17,000001,10:29:27,11.0600,711,2
2026-04-17,000001,10:29:30,11.0700,35,1
2026-04-17,000001,10:29:33,11.0700,86,1
2026-04-17,000001,10:29:36,11.0600,8,2
2026-04-17,000001,10:29:39,11.0600,129,2
2026-04-17,000001,10:29:42,11.0600,23,2
2026-04-17,000001,10:29:45,11.0600,16,2
2026-04-17,000001,10:29:48,11.0600,8,2
2026-04-17,000001,10:29:51,11.0700,68,1
2026-04-17,000001,10:29:54,11.0600,56,2
2026-04-17,000001,10:29:57,11.0600,50,2
2026-04-17,000001,10:30:00,11.0600,40,2
2026-04-17,000001,10:30:03,11.0700,107,1
2026-04-17,000001,10:30:06,11.0600,14,2
2026-04-17,000001,10:30:09,11.0700,51,1
2026-04-17,000001,10:30:12,11.0700,35,1
2026-04-17,000001,10:30:21,11.0600,5,2
2026-04-17,000001,10:30:24,11.0700,38,1
2026-04-17,000001,10:30:27,11.0600,37,2
2026-04-17,000001,10:30:30,11.0600,19,2
2026-04-17,000001,10:30:33,11.0600,42,2
2026-04-17,000001,10:30:36,11.0700,11,1
2026-04-17,000001,10:30:45,11.0600,1,2
2026-04-17,000001,10:30:48,11.0700,2,1
2026-04-17,000001,10:30:51,11.0600,13,2
2026-04-17,000001,10:30:54,11.0600,664,2
2026-04-17,000001,10:30:57,11.0600,17,2
2026-04-17,000001,10:31:00,11.0700,92,1
2026-04-17,000001,10:31:03,11.0700,5,1
2026-04-17,000001,10:31:06,11.0600,30,2
2026-04-17,000001,10:31:09,11.0700,19,1
2026-04-17,000001,10:31:12,11.0700,10,1
2026-04-17,000001,10:31:15,11.0600,60,2
2026-04-17,000001,10:31:21,11.0700,33,1
2026-04-17,000001,10:31:24,11.0600,73,2
2026-04-17,000001,10:31:30,11.0700,4,1
2026-04-17,000001,10:31:33,11.0600,2,2
2026-04-17,000001,10:31:36,11.0700,20,1
2026-04-17,000001,10:31:45,11.0600,125,2
2026-04-17,000001,10:31:48,11.0700,3,1
2026-04-17,000001,10:31:54,11.0700,16,1
2026-04-17,000001,10:31:57,11.0700,30,1
2026-04-17,000001,10:32:00,11.0700,6,1
2026-04-17,000001,10:32:03,11.0700,30,1
2026-04-17,000001,10:32:06,11.0700,135,1
2026-04-17,000001,10:32:09,11.0700,1,1
2026-04-17,000001,10:32:12,11.0700,106,1
2026-04-17,000001,10:32:15,11.0700,66,1
2026-04-17,000001,10:32:18,11.0700,2,1
2026-04-17,000001,10:32:21,11.0700,1,1
2026-04-17,000001,10:32:24,11.0600,40,2
2026-04-17,000001,10:32:27,11.0600,21,2
2026-04-17,000001,10:32:30,11.0600,102,2
2026-04-17,000001,10:32:33,11.0700,59,1
2026-04-17,000001,10:32:39,11.0700,5,1
2026-04-17,000001,10:32:42,11.0600,57,2
2026-04-17,000001,10:32:45,11.0700,53,1
2026-04-17,000001,10:32:54,11.0600,16,2
2026-04-17,000001,10:33:00,11.0700,30,1
2026-04-17,000001,10:33:09,11.0600,39,2
2026-04-17,000001,10:33:15,11.0700,42,1
2026-04-17,000001,10:33:18,11.0700,40,1
2026-04-17,000001,10:33:24,11.0700,139,1
2026-04-17,000001,10:33:27,11.0700,410,1
2026-04-17,000001,10:33:30,11.0600,176,2
2026-04-17,000001,10:33:33,11.0700,497,1
2026-04-17,000001,10:33:36,11.0700,314,1
2026-04-17,000001,10:33:39,11.0700,107,1
2026-04-17,000001,10:33:42,11.0700,133,1
2026-04-17,000001,10:33:45,11.0700,58,1
2026-04-17,000001,10:33:48,11.0700,28,1
2026-04-17,000001,10:33:51,11.0700,150,1
2026-04-17,000001,10:33:54,11.0700,34,1
2026-04-17,000001,10:33:57,11.0600,55,2
2026-04-17,000001,10:34:00,11.0700,32,1
2026-04-17,000001,10:34:03,11.0700,10,1
2026-04-17,000001,10:34:06,11.0700,19,1
2026-04-17,000001,10:34:09,11.0600,32,2
2026-04-17,000001,10:34:12,11.0700,8,1
2026-04-17,000001,10:34:18,11.0600,7,2
2026-04-17,000001,10:34:24,11.0600,64,2
2026-04-17,000001,10:34:27,11.0700,16,1
2026-04-17,000001,10:34:30,11.0700,2,1
2026-04-17,000001,10:34:33,11.0700,7,1
2026-04-17,000001,10:34:36,11.0700,5,1
2026-04-17,000001,10:34:39,11.0600,22,2
2026-04-17,000001,10:34:42,11.0700,34,1
2026-04-17,000001,10:34:45,11.0700,2,1
2026-04-17,000001,10:34:48,11.0600,1017,2
2026-04-17,000001,10:34:51,11.0700,48,1
2026-04-17,000001,10:34:54,11.0700,30,1
2026-04-17,000001,10:35:00,11.0700,17,1
2026-04-17,000001,10:35:03,11.0700,129,1
2026-04-17,000001,10:35:06,11.0700,24,1
2026-04-17,000001,10:35:09,11.0600,96,2
2026-04-17,000001,10:35:12,11.0700,24,1
2026-04-17,000001,10:35:18,11.0700,145,1
2026-04-17,000001,10:35:21,11.0700,3,1
2026-04-17,000001,10:35:24,11.0700,95,1
2026-04-17,000001,10:35:27,11.0600,1,2
2026-04-17,000001,10:35:30,11.0700,4,1
2026-04-17,000001,10:35:33,11.0700,10,1
2026-04-17,000001,10:35:36,11.0700,20,1
2026-04-17,000001,10:35:39,11.0600,5,2
2026-04-17,000001,10:35:42,11.0700,23,1
2026-04-17,000001,10:35:48,11.0700,3,1
2026-04-17,000001,10:35:51,11.0700,7,1
2026-04-17,000001,10:35:54,11.0700,15,1
2026-04-17,000001,10:35:57,11.0800,372,1
2026-04-17,000001,10:36:00,11.0800,87,1
2026-04-17,000001,10:36:03,11.0700,666,1
2026-04-17,000001,10:36:06,11.0600,10,2
2026-04-17,000001,10:36:09,11.0600,16,2
2026-04-17,000001,10:36:15,11.0600,6,2
2026-04-17,000001,10:36:18,11.0700,96,1
2026-04-17,000001,10:36:21,11.0600,57,2
2026-04-17,000001,10:36:24,11.0600,2,2
2026-04-17,000001,10:36:27,11.0700,17,1
2026-04-17,000001,10:36:30,11.0700,21,1
2026-04-17,000001,10:36:33,11.0600,49,2
2026-04-17,000001,10:36:36,11.0700,89,1
2026-04-17,000001,10:36:39,11.0600,16,2
2026-04-17,000001,10:36:45,11.0700,26,1
2026-04-17,000001,10:36:48,11.0700,21,1
2026-04-17,000001,10:36:51,11.0600,16,2
2026-04-17,000001,10:36:54,11.0700,21,1
2026-04-17,000001,10:36:57,11.0600,2,2
2026-04-17,000001,10:37:00,11.0600,342,2
2026-04-17,000001,10:37:03,11.0600,6,2
2026-04-17,000001,10:37:09,11.0700,4,1
2026-04-17,000001,10:37:12,11.0700,4,1
2026-04-17,000001,10:37:18,11.0600,32,2
2026-04-17,000001,10:37:21,11.0700,281,1
2026-04-17,000001,10:37:24,11.0700,1,1
2026-04-17,000001,10:37:27,11.0700,4,1
2026-04-17,000001,10:37:30,11.0600,90,2
2026-04-17,000001,10:37:36,11.0700,5,1
2026-04-17,000001,10:37:39,11.0700,60,1
2026-04-17,000001,10:37:42,11.0700,19,1
2026-04-17,000001,10:37:45,11.0600,43,2
2026-04-17,000001,10:37:51,11.0700,3500,1
2026-04-17,000001,10:37:54,11.0600,13,2
2026-04-17,000001,10:38:00,11.0600,83,2
2026-04-17,000001,10:38:03,11.0600,233,2
2026-04-17,000001,10:38:06,11.0600,1362,2
2026-04-17,000001,10:38:09,11.0700,575,1
2026-04-17,000001,10:38:12,11.0600,3032,2
2026-04-17,000001,10:38:15,11.0700,488,1
2026-04-17,000001,10:38:18,11.0600,217,2
2026-04-17,000001,10:38:21,11.0600,66,1
2026-04-17,000001,10:38:24,11.0600,276,1
2026-04-17,000001,10:38:27,11.0600,6,1
2026-04-17,000001,10:38:30,11.0600,36,1
2026-04-17,000001,10:38:33,11.0500,8389,2
2026-04-17,000001,10:38:36,11.0700,1210,1
2026-04-17,000001,10:38:39,11.0500,21,2
2026-04-17,000001,10:38:42,11.0600,55,1
2026-04-17,000001,10:38:45,11.0600,134,1
2026-04-17,000001,10:38:48,11.0600,77,1
2026-04-17,000001,10:38:51,11.0600,28,2
2026-04-17,000001,10:38:54,11.0600,200,2
2026-04-17,000001,10:38:57,11.0600,10,2
2026-04-17,000001,10:39:03,11.0600,17,2
2026-04-17,000001,10:39:09,11.0700,18,1
2026-04-17,000001,10:39:12,11.0700,2,1
2026-04-17,000001,10:39:18,11.0600,423,2
2026-04-17,000001,10:39:24,11.0700,2,1
2026-04-17,000001,10:39:27,11.0600,12,2
2026-04-17,000001,10:39:30,11.0600,16,2
2026-04-17,000001,10:39:33,11.0600,26,2
2026-04-17,000001,10:39:36,11.0600,5,2
2026-04-17,000001,10:39:39,11.0600,702,2
2026-04-17,000001,10:39:42,11.0600,66,2
2026-04-17,000001,10:39:48,11.0600,136,2
2026-04-17,000001,10:39:51,11.0500,156,2
2026-04-17,000001,10:39:54,11.0600,44,1
2026-04-17,000001,10:39:57,11.0600,38,1
2026-04-17,000001,10:40:00,11.0500,2763,2
2026-04-17,000001,10:40:03,11.0700,3330,1
2026-04-17,000001,10:40:06,11.0700,130,1
2026-04-17,000001,10:40:09,11.0600,51,2
2026-04-17,000001,10:40:12,11.0600,2,1
2026-04-17,000001,10:40:15,11.0600,39,1
2026-04-17,000001,10:40:18,11.0500,69,2
2026-04-17,000001,10:40:24,11.0600,3468,1
2026-04-17,000001,10:40:27,11.0600,161,1
2026-04-17,000001,10:40:30,11.0600,507,4
2026-04-17,000001,10:40:33,11.0600,29,1
2026-04-17,000001,10:40:36,11.0600,53,1
2026-04-17,000001,10:40:39,11.0500,13,2
2026-04-17,000001,10:40:45,11.0600,1,1
2026-04-17,000001,10:40:48,11.0600,3132,1
2026-04-17,000001,10:40:51,11.0600,207,1
2026-04-17,000001,10:40:54,11.0500,34,2
2026-04-17,000001,10:41:00,11.0500,19,2
2026-04-17,000001,10:41:03,11.0600,81,1
2026-04-17,000001,10:41:06,11.0600,37,1
2026-04-17,000001,10:41:12,11.0600,112,1
2026-04-17,000001,10:41:15,11.0600,50,1
2026-04-17,000001,10:41:18,11.0600,61,1
2026-04-17,000001,10:41:21,11.0600,20,1
2026-04-17,000001,10:41:24,11.0600,50,1
2026-04-17,000001,10:41:27,11.0600,494,1
2026-04-17,000001,10:41:30,11.0600,184,2
2026-04-17,000001,10:41:33,11.0600,10,4
2026-04-17,000001,10:41:36,11.0500,11,2
2026-04-17,000001,10:41:39,11.0600,23,4
2026-04-17,000001,10:41:45,11.0600,112,2
2026-04-17,000001,10:41:48,11.0600,41,1
2026-04-17,000001,10:41:51,11.0600,66,1
2026-04-17,000001,10:41:54,11.0600,14,1
2026-04-17,000001,10:41:57,11.0700,79,1
2026-04-17,000001,10:42:00,11.0600,9,4
2026-04-17,000001,10:42:03,11.0500,86,2
2026-04-17,000001,10:42:06,11.0600,42,1
2026-04-17,000001,10:42:15,11.0600,108,2
2026-04-17,000001,10:42:18,11.0600,64,2
2026-04-17,000001,10:42:21,11.0700,62,1
2026-04-17,000001,10:42:24,11.0600,34,2
2026-04-17,000001,10:42:27,11.0600,25,2
2026-04-17,000001,10:42:33,11.0500,260,2
2026-04-17,000001,10:42:36,11.0600,107,4
2026-04-17,000001,10:42:39,11.0600,3,4
2026-04-17,000001,10:42:42,11.0600,16,1
2026-04-17,000001,10:42:45,11.0600,98,2
2026-04-17,000001,10:42:48,11.0600,73,2
2026-04-17,000001,10:42:51,11.0600,20,2
2026-04-17,000001,10:42:54,11.0600,147,2
2026-04-17,000001,10:42:57,11.0600,3,2
2026-04-17,000001,10:43:06,11.0700,16,1
2026-04-17,000001,10:43:09,11.0600,19,2
2026-04-17,000001,10:43:15,11.0600,2,2
2026-04-17,000001,10:43:18,11.0600,180,2
2026-04-17,000001,10:43:21,11.0600,45,2
2026-04-17,000001,10:43:24,11.0600,6,2
2026-04-17,000001,10:43:27,11.0700,1,1
2026-04-17,000001,10:43:33,11.0600,693,2
2026-04-17,000001,10:43:36,11.0600,33,1
2026-04-17,000001,10:43:39,11.0600,262,1
2026-04-17,000001,10:43:42,11.0600,36,1
2026-04-17,000001,10:43:48,11.0600,34,1
2026-04-17,000001,10:43:54,11.0600,10,1
2026-04-17,000001,10:43:57,11.0600,50,1
2026-04-17,000001,10:44:00,11.0500,12,2
2026-04-17,000001,10:44:03,11.0500,95,2
2026-04-17,000001,10:44:06,11.0600,41,1
2026-04-17,000001,10:44:09,11.0500,5,2
2026-04-17,000001,10:44:12,11.0600,135,1
2026-04-17,000001,10:44:15,11.0600,35,1
2026-04-17,000001,10:44:18,11.0600,19,1
2026-04-17,000001,10:44:24,11.0500,8,2
2026-04-17,000001,10:44:30,11.0600,200,1
2026-04-17,000001,10:44:33,11.0500,53,2
2026-04-17,000001,10:44:36,11.0500,44,2
2026-04-17,000001,10:44:39,11.0500,21,2
2026-04-17,000001,10:44:42,11.0600,12,1
2026-04-17,000001,10:44:45,11.0600,304,1
2026-04-17,000001,10:44:48,11.0600,52,1
2026-04-17,000001,10:44:51,11.0600,40,1
2026-04-17,000001,10:44:54,11.0600,1,1
2026-04-17,000001,10:44:57,11.0600,8,1
2026-04-17,000001,10:45:00,11.0500,17,2
2026-04-17,000001,10:45:03,11.0600,18,1
2026-04-17,000001,10:45:06,11.0600,64,1
2026-04-17,000001,10:45:12,11.0600,1,1
2026-04-17,000001,10:45:15,11.0600,181,1
2026-04-17,000001,10:45:21,11.0600,90,1
2026-04-17,000001,10:45:24,11.0500,30,2
2026-04-17,000001,10:45:27,11.0500,182,2
2026-04-17,000001,10:45:30,11.0600,24,1
2026-04-17,000001,10:45:36,11.0600,12,1
2026-04-17,000001,10:45:42,11.0600,40,1
2026-04-17,000001,10:45:45,11.0600,81,1
2026-04-17,000001,10:45:48,11.0600,57,1
2026-04-17,000001,10:45:51,11.0600,181,2
2026-04-17,000001,10:45:54,11.0600,169,2
2026-04-17,000001,10:45:57,11.0600,27,2
2026-04-17,000001,10:46:00,11.0600,33,2
2026-04-17,000001,10:46:03,11.0600,28,2
2026-04-17,000001,10:46:06,11.0700,3,1
2026-04-17,000001,10:46:09,11.0600,2,2
2026-04-17,000001,10:46:15,11.0600,52,2
2026-04-17,000001,10:46:18,11.0600,66,2
2026-04-17,000001,10:46:24,11.0600,36,2
2026-04-17,000001,10:46:33,11.0600,4,2
2026-04-17,000001,10:46:36,11.0700,4,1
2026-04-17,000001,10:46:45,11.0600,61,2
2026-04-17,000001,10:46:57,11.0600,26,2
2026-04-17,000001,10:47:06,11.0700,43,1
2026-04-17,000001,10:47:09,11.0600,20,2
2026-04-17,000001,10:47:12,11.0700,1,1
2026-04-17,000001,10:47:24,11.0700,24,1
2026-04-17,000001,10:47:33,11.0600,16,2
2026-04-17,000001,10:47:36,11.0700,44,1
2026-04-17,000001,10:47:39,11.0600,607,2
2026-04-17,000001,10:47:48,11.0600,13,2
2026-04-17,000001,10:47:57,11.0700,70,1
2026-04-17,000001,10:48:00,11.0600,1,2
2026-04-17,000001,10:48:03,11.0700,100,1
2026-04-17,000001,10:48:06,11.0700,2,1
2026-04-17,000001,10:48:09,11.0600,25,2
2026-04-17,000001,10:48:12,11.0700,1,1
2026-04-17,000001,10:48:18,11.0600,50,2
2026-04-17,000001,10:48:21,11.0600,99,2
2026-04-17,000001,10:48:24,11.0600,155,2
2026-04-17,000001,10:48:27,11.0700,6,1
2026-04-17,000001,10:48:30,11.0600,11,2
2026-04-17,000001,10:48:33,11.0700,56,1
2026-04-17,000001,10:48:36,11.0600,17,2
2026-04-17,000001,10:48:45,11.0700,1,1
2026-04-17,000001,10:48:48,11.0600,9,2
2026-04-17,000001,10:48:51,11.0700,33,1
2026-04-17,000001,10:48:57,11.0600,40,2
2026-04-17,000001,10:49:00,11.0700,112,1
2026-04-17,000001,10:49:06,11.0600,40,2
2026-04-17,000001,10:49:09,11.0700,54,1
2026-04-17,000001,10:49:18,11.0600,34,2
2026-04-17,000001,10:49:24,11.0700,18,1
2026-04-17,000001,10:49:27,11.0700,3,1
2026-04-17,000001,10:49:30,11.0700,12,1
2026-04-17,000001,10:49:36,11.0600,8,2
2026-04-17,000001,10:49:45,11.0600,849,2
2026-04-17,000001,10:49:48,11.0600,917,2
2026-04-17,000001,10:49:51,11.0600,1,2
2026-04-17,000001,10:50:00,11.0700,6,1
2026-04-17,000001,10:50:03,11.0600,38,2
2026-04-17,000001,10:50:06,11.0600,928,2
2026-04-17,000001,10:50:09,11.0600,25,2
2026-04-17,000001,10:50:12,11.0600,14,2
2026-04-17,000001,10:50:15,11.0600,9,2
2026-04-17,000001,10:50:18,11.0700,1,1
2026-04-17,000001,10:50:21,11.0600,20,2
2026-04-17,000001,10:50:24,11.0600,77,2
2026-04-17,000001,10:50:27,11.0700,41,1
2026-04-17,000001,10:50:30,11.0600,445,2
2026-04-17,000001,10:50:33,11.0600,12,2
2026-04-17,000001,10:50:42,11.0600,14,2
2026-04-17,000001,10:50:51,11.0600,23,2
2026-04-17,000001,10:50:54,11.0600,97,2
2026-04-17,000001,10:50:57,11.0600,498,2
2026-04-17,000001,10:51:06,11.0600,365,2
2026-04-17,000001,10:51:09,11.0600,7,2
2026-04-17,000001,10:51:15,11.0600,162,2
2026-04-17,000001,10:51:18,11.0600,161,2
2026-04-17,000001,10:51:24,11.0700,81,1
2026-04-17,000001,10:51:27,11.0600,10,2
2026-04-17,000001,10:51:30,11.0600,55,2
2026-04-17,000001,10:51:36,11.0700,22,1
2026-04-17,000001,10:51:39,11.0600,271,2
2026-04-17,000001,10:51:42,11.0600,23,2
2026-04-17,000001,10:51:45,11.0700,4,1
2026-04-17,000001,10:51:57,11.0600,12,2
2026-04-17,000001,10:52:00,11.0600,12,2
2026-04-17,000001,10:52:03,11.0700,45,1
2026-04-17,000001,10:52:06,11.0600,275,2
2026-04-17,000001,10:52:09,11.0600,7,2
2026-04-17,000001,10:52:15,11.0600,18,2
2026-04-17,000001,10:52:18,11.0600,17,2
2026-04-17,000001,10:52:21,11.0600,7,2
2026-04-17,000001,10:52:24,11.0600,278,2
2026-04-17,000001,10:52:33,11.0600,1,2
2026-04-17,000001,10:52:36,11.0600,78,2
2026-04-17,000001,10:52:39,11.0700,45,1
2026-04-17,000001,10:52:42,11.0600,279,2
2026-04-17,000001,10:52:48,11.0600,414,2
2026-04-17,000001,10:52:51,11.0600,37,2
2026-04-17,000001,10:52:54,11.0600,330,2
2026-04-17,000001,10:53:00,11.0600,145,2
2026-04-17,000001,10:53:03,11.0600,15,2
2026-04-17,000001,10:53:06,11.0700,95,1
2026-04-17,000001,10:53:09,11.0700,151,1
2026-04-17,000001,10:53:12,11.0700,1757,1
2026-04-17,000001,10:53:15,11.0700,1420,1
2026-04-17,000001,10:53:18,11.0700,34,2
2026-04-17,000001,10:53:21,11.0800,209,1
2026-04-17,000001,10:53:27,11.0700,26,2
2026-04-17,000001,10:53:33,11.0700,40,2
2026-04-17,000001,10:53:36,11.0700,40,2
2026-04-17,000001,10:53:42,11.0800,12,1
2026-04-17,000001,10:53:51,11.0700,1,2
2026-04-17,000001,10:53:54,11.0700,4,2
2026-04-17,000001,10:54:00,11.0700,4,2
2026-04-17,000001,10:54:03,11.0700,3,2
2026-04-17,000001,10:54:06,11.0800,4,1
2026-04-17,000001,10:54:09,11.0700,35,2
2026-04-17,000001,10:54:18,11.0800,50,1
2026-04-17,000001,10:54:21,11.0700,5,2
2026-04-17,000001,10:54:27,11.0700,40,2
2026-04-17,000001,10:54:30,11.0700,62,2
2026-04-17,000001,10:54:33,11.0700,16,2
2026-04-17,000001,10:54:39,11.0700,146,2
2026-04-17,000001,10:54:42,11.0800,65,1
2026-04-17,000001,10:54:54,11.0700,38,2
2026-04-17,000001,10:54:57,11.0700,259,2
2026-04-17,000001,10:55:00,11.0700,34,1
2026-04-17,000001,10:55:03,11.0700,41,1
2026-04-17,000001,10:55:06,11.0700,3,1
2026-04-17,000001,10:55:09,11.0700,70,1
2026-04-17,000001,10:55:12,11.0700,1,1
2026-04-17,000001,10:55:15,11.0700,2,1
2026-04-17,000001,10:55:18,11.0700,37,1
2026-04-17,000001,10:55:21,11.0700,115,1
2026-04-17,000001,10:55:24,11.0700,53,1
2026-04-17,000001,10:55:27,11.0800,16,1
2026-04-17,000001,10:55:30,11.0800,19,1
2026-04-17,000001,10:55:33,11.0700,213,1
2026-04-17,000001,10:55:36,11.0600,1,2
2026-04-17,000001,10:55:39,11.0800,117,1
2026-04-17,000001,10:55:42,11.0600,48,2
2026-04-17,000001,10:55:45,11.0800,5,1
2026-04-17,000001,10:55:48,11.0600,25,2
2026-04-17,000001,10:55:51,11.0700,61,1
2026-04-17,000001,10:55:57,11.0700,141,1
2026-04-17,000001,10:56:00,11.0700,8,2
2026-04-17,000001,10:56:03,11.0700,16,2
2026-04-17,000001,10:56:06,11.0600,95,2
2026-04-17,000001,10:56:09,11.0700,81,1
2026-04-17,000001,10:56:12,11.0700,790,1
2026-04-17,000001,10:56:15,11.0600,35,2
2026-04-17,000001,10:56:18,11.0800,92,1
2026-04-17,000001,10:56:21,11.0800,5,1
2026-04-17,000001,10:56:24,11.0700,2,2
2026-04-17,000001,10:56:27,11.0700,144,2
2026-04-17,000001,10:56:30,11.0800,49,1
2026-04-17,000001,10:56:33,11.0600,24,2
