date,code,time,price,volume,bs
2026-03-04,601318,14:07:05,61.5500,86,1
2026-03-04,601318,14:07:08,61.5400,37,4
2026-03-04,601318,14:07:11,61.5300,164,2
2026-03-04,601318,14:07:14,61.5300,72,2
2026-03-04,601318,14:07:17,61.5000,193,2
2026-03-04,601318,14:07:20,61.5100,40,4
2026-03-04,601318,14:07:23,61.5100,90,1
2026-03-04,601318,14:07:26,61.5400,97,1
2026-03-04,601318,14:07:29,61.5400,79,1
2026-03-04,601318,14:07:32,61.5100,10,1
2026-03-04,601318,14:07:35,61.5400,51,1
2026-03-04,601318,14:07:38,61.5000,84,2
2026-03-04,601318,14:07:41,61.5400,25,1
2026-03-04,601318,14:07:44,61.5400,65,1
2026-03-04,601318,14:07:47,61.5100,47,2
2026-03-04,601318,14:07:50,61.5300,298,1
2026-03-04,601318,14:07:53,61.5200,163,1
2026-03-04,601318,14:07:56,61.5100,114,2
2026-03-04,601318,14:07:59,61.5100,16,2
2026-03-04,601318,14:08:02,61.5100,170,2
2026-03-04,601318,14:08:05,61.5400,73,1
2026-03-04,601318,14:08:08,61.5100,28,2
2026-03-04,601318,14:08:11,61.5400,80,1
2026-03-04,601318,14:08:14,61.5400,28,1
2026-03-04,601318,14:08:17,61.5300,50,1
2026-03-04,601318,14:08:20,61.5000,303,2
2026-03-04,601318,14:08:23,61.5000,262,2
2026-03-04,601318,14:08:26,61.5100,98,1
2026-03-04,601318,14:08:29,61.5100,3,1
2026-03-04,601318,14:08:32,61.5000,43,2
2026-03-04,601318,14:08:35,61.5000,76,2
2026-03-04,601318,14:08:38,61.5000,70,2
2026-03-04,601318,14:08:41,61.5100,59,1
2026-03-04,601318,14:08:44,61.5000,215,1
2026-03-04,601318,14:08:47,61.4800,121,2
2026-03-04,601318,14:08:50,61.4800,10,1
2026-03-04,601318,14:08:53,61.4800,40,1
2026-03-04,601318,14:08:56,61.4900,317,1
2026-03-04,601318,14:08:59,61.5100,60,1
2026-03-04,601318,14:09:02,61.4900,44,2
2026-03-04,601318,14:09:05,61.4900,49,2
2026-03-04,601318,14:09:08,61.5100,330,1
2026-03-04,601318,14:09:11,61.5100,63,2
2026-03-04,601318,14:09:14,61.5100,46,2
2026-03-04,601318,14:09:17,61.5100,64,2
2026-03-04,601318,14:09:20,61.5200,12,4
2026-03-04,601318,14:09:23,61.5300,344,1
2026-03-04,601318,14:09:26,61.5200,51,1
2026-03-04,601318,14:09:29,61.5100,35,2
2026-03-04,601318,14:09:32,61.5100,202,1
2026-03-04,601318,14:09:35,61.4900,133,2
2026-03-04,601318,14:09:38,61.5100,62,2
2026-03-04,601318,14:09:41,61.5400,151,1
2026-03-04,601318,14:09:44,61.5700,460,1
2026-03-04,601318,14:09:47,61.5700,111,1
2026-03-04,601318,14:09:50,61.5300,88,2
2026-03-04,601318,14:09:53,61.5300,39,2
2026-03-04,601318,14:09:56,61.5200,28,2
2026-03-04,601318,14:09:59,61.5300,16,1
2026-03-04,601318,14:10:02,61.5000,457,2
2026-03-04,601318,14:10:05,61.5700,60,1
2026-03-04,601318,14:10:08,61.5400,98,4
2026-03-04,601318,14:10:11,61.5400,152,4
2026-03-04,601318,14:10:14,61.5200,206,2
2026-03-04,601318,14:10:17,61.5700,61,1
2026-03-04,601318,14:10:20,61.5600,36,1
2026-03-04,601318,14:10:23,61.5500,123,1
2026-03-04,601318,14:10:26,61.5800,128,1
2026-03-04,601318,14:10:29,61.5700,39,2
2026-03-04,601318,14:10:32,61.5900,99,1
2026-03-04,601318,14:10:35,61.5700,68,2
2026-03-04,601318,14:10:38,61.5700,27,2
2026-03-04,601318,14:10:41,61.5700,82,2
2026-03-04,601318,14:10:44,61.5800,484,4
2026-03-04,601318,14:10:47,61.5700,77,2
2026-03-04,601318,14:10:50,61.5700,127,2
2026-03-04,601318,14:10:53,61.5600,150,2
2026-03-04,601318,14:10:56,61.6000,1897,1
2026-03-04,601318,14:10:59,61.6000,335,2
2026-03-04,601318,14:11:02,61.6100,97,1
2026-03-04,601318,14:11:05,61.6100,97,2
2026-03-04,601318,14:11:08,61.6000,86,2
2026-03-04,601318,14:11:11,61.6100,299,2
2026-03-04,601318,14:11:14,61.6200,99,1
2026-03-04,601318,14:11:17,61.6200,33,1
2026-03-04,601318,14:11:20,61.6100,73,2
2026-03-04,601318,14:11:23,61.6100,95,1
2026-03-04,601318,14:11:26,61.6000,96,2
2026-03-04,601318,14:11:29,61.6100,63,4
2026-03-04,601318,14:11:32,61.6200,51,1
2026-03-04,601318,14:11:35,61.6000,90,2
2026-03-04,601318,14:11:38,61.6100,207,1
2026-03-04,601318,14:11:41,61.6100,58,2
2026-03-04,601318,14:11:44,61.6200,227,1
2026-03-04,601318,14:11:47,61.6300,94,1
2026-03-04,601318,14:11:50,61.6200,46,1
2026-03-04,601318,14:11:53,61.6300,105,1
2026-03-04,601318,14:11:56,61.6100,97,2
2026-03-04,601318,14:11:59,61.6100,19,2
2026-03-04,601318,14:12:02,61.6200,577,1
2026-03-04,601318,14:12:05,61.6100,137,2
2026-03-04,601318,14:12:08,61.6000,200,2
2026-03-04,601318,14:12:11,61.6100,146,1
2026-03-04,601318,14:12:14,61.6100,290,1
2026-03-04,601318,14:12:17,61.6000,154,2
2026-03-04,601318,14:12:20,61.6300,138,1
2026-03-04,601318,14:12:23,61.6200,304,2
2026-03-04,601318,14:12:26,61.6400,251,1
2026-03-04,601318,14:12:29,61.6300,52,1
2026-03-04,601318,14:12:32,61.6300,31,2
2026-03-04,601318,14:12:35,61.6500,128,1
2026-03-04,601318,14:12:38,61.6400,155,2
2026-03-04,601318,14:12:41,61.6500,436,4
2026-03-04,601318,14:12:44,61.6700,500,1
2026-03-04,601318,14:12:47,61.6500,21,1
2026-03-04,601318,14:12:50,61.6500,53,1
2026-03-04,601318,14:12:53,61.6500,44,2
2026-03-04,601318,14:12:56,61.6500,7,1
2026-03-04,601318,14:12:59,61.6400,143,2
2026-03-04,601318,14:13:02,61.6400,208,1
2026-03-04,601318,14:13:05,61.6300,8,1
2026-03-04,601318,14:13:08,61.6000,21,2
2026-03-04,601318,14:13:11,61.6200,46,1
2026-03-04,601318,14:13:14,61.6300,32,1
2026-03-04,601318,14:13:17,61.6000,78,2
2026-03-04,601318,14:13:20,61.6000,88,2
2026-03-04,601318,14:13:23,61.6300,23,4
2026-03-04,601318,14:13:26,61.6100,48,2
2026-03-04,601318,14:13:29,61.6300,35,1
2026-03-04,601318,14:13:32,61.6000,163,2
2026-03-04,601318,14:13:35,61.6100,30,1
2026-03-04,601318,14:13:38,61.6100,485,1
2026-03-04,601318,14:13:41,61.5900,69,2
2026-03-04,601318,14:13:44,61.5900,1218,2
2026-03-04,601318,14:13:47,61.6000,61,2
2026-03-04,601318,14:13:50,61.6100,26,2
2026-03-04,601318,14:13:53,61.5900,449,4
2026-03-04,601318,14:13:56,61.5900,8,1
2026-03-04,601318,14:13:59,61.6000,143,1
2026-03-04,601318,14:14:02,61.6100,96,1
2026-03-04,601318,14:14:05,61.6100,15,2
2026-03-04,601318,14:14:08,61.6100,70,2
2026-03-04,601318,14:14:11,61.6100,149,2
2026-03-04,601318,14:14:14,61.6200,114,1
2026-03-04,601318,14:14:17,61.6100,163,2
2026-03-04,601318,14:14:20,61.6500,203,1
2026-03-04,601318,14:14:23,61.6300,34,1
2026-03-04,601318,14:14:26,61.6400,77,4
2026-03-04,601318,14:14:29,61.6300,65,2
2026-03-04,601318,14:14:32,61.6600,91,1
2026-03-04,601318,14:14:35,61.6600,44,1
2026-03-04,601318,14:14:38,61.6500,88,2
2026-03-04,601318,14:14:41,61.6700,225,1
2026-03-04,601318,14:14:44,61.6700,78,1
2026-03-04,601318,14:14:47,61.6700,37,1
2026-03-04,601318,14:14:50,61.6800,463,1
2026-03-04,601318,14:14:53,61.6800,42,1
2026-03-04,601318,14:14:56,61.6600,689,2
2026-03-04,601318,14:14:59,61.6700,30,4
2026-03-04,601318,14:15:02,61.6700,77,1
2026-03-04,601318,14:15:05,61.6700,11,1
2026-03-04,601318,14:15:08,61.6700,95,1
2026-03-04,601318,14:15:11,61.6800,188,1
2026-03-04,601318,14:15:14,61.6600,36,1
2026-03-04,601318,14:15:17,61.6800,338,1
2026-03-04,601318,14:15:20,61.6700,124,2
2026-03-04,601318,14:15:23,61.6800,89,1
2026-03-04,601318,14:15:26,61.6800,92,1
2026-03-04,601318,14:15:29,61.6800,277,1
2026-03-04,601318,14:15:32,61.6800,32,2
2026-03-04,601318,14:15:35,61.6800,40,2
2026-03-04,601318,14:15:38,61.6800,26,2
2026-03-04,601318,14:15:41,61.6800,36,2
2026-03-04,601318,14:15:44,61.6900,65,1
2026-03-04,601318,14:15:47,61.6900,84,1
2026-03-04,601318,14:15:50,61.6900,149,1
2026-03-04,601318,14:15:53,61.6900,129,1
2026-03-04,601318,14:15:56,61.6900,155,1
2026-03-04,601318,14:15:59,61.7000,318,1
2026-03-04,601318,14:16:02,61.6900,221,1
2026-03-04,601318,14:16:05,61.6800,134,2
2026-03-04,601318,14:16:08,61.6900,85,1
2026-03-04,601318,14:16:11,61.6900,269,1
2026-03-04,601318,14:16:14,61.6900,125,2
2026-03-04,601318,14:16:17,61.6900,206,2
2026-03-04,601318,14:16:20,61.7000,691,1
2026-03-04,601318,14:16:23,61.7100,2978,1
2026-03-04,601318,14:16:26,61.7100,25,2
2026-03-04,601318,14:16:29,61.7100,7,2
2026-03-04,601318,14:16:32,61.7200,40,1
2026-03-04,601318,14:16:35,61.7600,165,1
2026-03-04,601318,14:16:38,61.7500,262,1
2026-03-04,601318,14:16:41,61.7400,12,2
2026-03-04,601318,14:16:44,61.7500,45,1
2026-03-04,601318,14:16:47,61.7400,172,2
2026-03-04,601318,14:16:50,61.7600,120,1
2026-03-04,601318,14:16:53,61.7400,20,2
2026-03-04,601318,14:16:56,61.7300,544,2
2026-03-04,601318,14:16:59,61.6900,521,2
2026-03-04,601318,14:17:02,61.6900,71,2
2026-03-04,601318,14:17:05,61.7300,21,1
2026-03-04,601318,14:17:08,61.7400,278,1
2026-03-04,601318,14:17:11,61.6900,74,2
2026-03-04,601318,14:17:14,61.7500,247,1
2026-03-04,601318,14:17:17,61.7000,73,2
2026-03-04,601318,14:17:20,61.6900,39,2
2026-03-04,601318,14:17:23,61.7400,114,1
2026-03-04,601318,14:17:26,61.7500,368,1
2026-03-04,601318,14:17:29,61.7000,284,2
2026-03-04,601318,14:17:32,61.7500,55,1
2026-03-04,601318,14:17:35,61.7300,108,2
2026-03-04,601318,14:17:38,61.7500,208,1
2026-03-04,601318,14:17:41,61.7400,13,4
2026-03-04,601318,14:17:44,61.7300,33,2
2026-03-04,601318,14:17:47,61.7200,13,2
2026-03-04,601318,14:17:50,61.7200,37,2
2026-03-04,601318,14:17:53,61.7300,95,1
2026-03-04,601318,14:17:56,61.7400,95,1
2026-03-04,601318,14:17:59,61.7600,125,1
2026-03-04,601318,14:18:02,61.7500,222,1
2026-03-04,601318,14:18:05,61.7500,56,2
2026-03-04,601318,14:18:08,61.7500,283,1
2026-03-04,601318,14:18:11,61.7500,86,2
2026-03-04,601318,14:18:14,61.7400,20,2
2026-03-04,601318,14:18:17,61.7400,578,2
2026-03-04,601318,14:18:20,61.7400,10,1
2026-03-04,601318,14:18:23,61.7400,182,1
2026-03-04,601318,14:18:26,61.7500,31,1
2026-03-04,601318,14:18:29,61.7700,56,1
2026-03-04,601318,14:18:32,61.7700,39,1
2026-03-04,601318,14:18:35,61.7600,18,2
2026-03-04,601318,14:18:38,61.7700,63,1
2026-03-04,601318,14:18:41,61.7700,34,1
2026-03-04,601318,14:18:44,61.7600,19,4
2026-03-04,601318,14:18:47,61.7500,136,2
2026-03-04,601318,14:18:50,61.7600,47,1
2026-03-04,601318,14:18:53,61.7500,244,2
2026-03-04,601318,14:18:56,61.7500,178,2
2026-03-04,601318,14:18:59,61.7500,153,2
2026-03-04,601318,14:19:02,61.7500,227,1
2026-03-04,601318,14:19:05,61.7500,74,1
2026-03-04,601318,14:19:08,61.7500,76,1
2026-03-04,601318,14:19:11,61.7500,47,1
2026-03-04,601318,14:19:14,61.7500,114,1
2026-03-04,601318,14:19:17,61.7400,50,4
2026-03-04,601318,14:19:20,61.7300,87,2
2026-03-04,601318,14:19:23,61.7500,212,1
2026-03-04,601318,14:19:26,61.7500,212,1
2026-03-04,601318,14:19:29,61.7500,44,2
2026-03-04,601318,14:19:32,61.7500,124,2
2026-03-04,601318,14:19:35,61.7600,149,1
2026-03-04,601318,14:19:38,61.7500,105,2
2026-03-04,601318,14:19:41,61.7500,49,2
2026-03-04,601318,14:19:44,61.7600,61,1
2026-03-04,601318,14:19:47,61.7500,44,2
2026-03-04,601318,14:19:50,61.7400,263,2
2026-03-04,601318,14:19:53,61.7500,49,1
2026-03-04,601318,14:19:56,61.7600,109,1
2026-03-04,601318,14:19:59,61.7900,978,1
2026-03-04,601318,14:20:02,61.7500,1554,4
2026-03-04,601318,14:20:05,61.7400,77,2
2026-03-04,601318,14:20:08,61.7400,43,2
2026-03-04,601318,14:20:11,61.7300,98,2
2026-03-04,601318,14:20:14,61.7400,20,1
2026-03-04,601318,14:20:17,61.7400,9,2
2026-03-04,601318,14:20:20,61.7400,122,2
2026-03-04,601318,14:20:23,61.7500,35,1
2026-03-04,601318,14:20:26,61.7300,104,2
2026-03-04,601318,14:20:29,61.7300,103,2
2026-03-04,601318,14:20:32,61.7400,976,1
2026-03-04,601318,14:20:35,61.7200,24,1
2026-03-04,601318,14:20:38,61.7100,66,1
2026-03-04,601318,14:20:41,61.6900,5,2
2026-03-04,601318,14:20:44,61.6700,697,2
2026-03-04,601318,14:20:47,61.6900,27,1
2026-03-04,601318,14:20:50,61.6800,40,4
2026-03-04,601318,14:20:53,61.6800,44,1
2026-03-04,601318,14:20:56,61.6700,33,2
2026-03-04,601318,14:20:59,61.6800,34,1
2026-03-04,601318,14:21:02,61.7300,124,1
2026-03-04,601318,14:21:05,61.7500,226,1
2026-03-04,601318,14:21:08,61.6900,76,2
2026-03-04,601318,14:21:11,61.7500,45,1
2026-03-04,601318,14:21:14,61.7400,45,1
2026-03-04,601318,14:21:17,61.7400,59,1
2026-03-04,601318,14:21:20,61.7200,39,2
2026-03-04,601318,14:21:23,61.7300,20,1
2026-03-04,601318,14:21:26,61.7400,37,1
2026-03-04,601318,14:21:29,61.7200,167,2
2026-03-04,601318,14:21:32,61.7200,49,2
2026-03-04,601318,14:21:35,61.7400,96,1
2026-03-04,601318,14:21:38,61.7200,44,2
2026-03-04,601318,14:21:41,61.7300,81,1
2026-03-04,601318,14:21:44,61.7300,46,1
2026-03-04,601318,14:21:47,61.7300,131,1
2026-03-04,601318,14:21:50,61.7300,88,2
2026-03-04,601318,14:21:53,61.7300,79,1
2026-03-04,601318,14:21:56,61.7200,92,2
2026-03-04,601318,14:21:59,61.7300,193,1
2026-03-04,601318,14:22:02,61.7200,111,2
2026-03-04,601318,14:22:05,61.7200,103,4
2026-03-04,601318,14:22:08,61.7200,1168,1
2026-03-04,601318,14:22:11,61.7300,222,2
2026-03-04,601318,14:22:14,61.7600,304,1
2026-03-04,601318,14:22:17,61.7700,68,1
2026-03-04,601318,14:22:20,61.7600,37,2
2026-03-04,601318,14:22:23,61.7900,235,1
2026-03-04,601318,14:22:26,61.7900,39,1
2026-03-04,601318,14:22:29,61.7900,6,1
2026-03-04,601318,14:22:32,61.7800,24,2
2026-03-04,601318,14:22:35,61.7900,47,1
2026-03-04,601318,14:22:38,61.7800,24,2
2026-03-04,601318,14:22:41,61.7800,106,2
2026-03-04,601318,14:22:44,61.7300,147,2
2026-03-04,601318,14:22:47,61.7700,6,1
2026-03-04,601318,14:22:50,61.7700,66,1
2026-03-04,601318,14:22:53,61.7400,68,2
2026-03-04,601318,14:22:56,61.7600,56,1
2026-03-04,601318,14:22:59,61.7600,89,1
2026-03-04,601318,14:23:02,61.7500,174,4
2026-03-04,601318,14:23:05,61.7300,125,2
2026-03-04,601318,14:23:08,61.7500,29,1
2026-03-04,601318,14:23:11,61.7300,3,2
2026-03-04,601318,14:23:14,61.7200,201,2
2026-03-04,601318,14:23:17,61.7300,183,4
2026-03-04,601318,14:23:20,61.7000,383,2
2026-03-04,601318,14:23:23,61.7100,40,4
2026-03-04,601318,14:23:26,61.7000,108,2
2026-03-04,601318,14:23:29,61.7300,53,1
2026-03-04,601318,14:23:32,61.7300,29,1
2026-03-04,601318,14:23:35,61.7300,87,1
2026-03-04,601318,14:23:38,61.7100,49,2
2026-03-04,601318,14:23:41,61.7300,35,1
2026-03-04,601318,14:23:44,61.7200,75,2
2026-03-04,601318,14:23:47,61.7300,27,1
2026-03-04,601318,14:23:50,61.7200,128,1
2026-03-04,601318,14:23:53,61.7300,53,1
2026-03-04,601318,14:23:56,61.7300,185,1
2026-03-04,601318,14:23:59,61.7300,20,1
2026-03-04,601318,14:24:02,61.7200,194,4
2026-03-04,601318,14:24:05,61.7200,57,1
2026-03-04,601318,14:24:08,61.7200,35,2
2026-03-04,601318,14:24:11,61.7600,85,1
2026-03-04,601318,14:24:14,61.7400,46,2
2026-03-04,601318,14:24:17,61.7300,61,2
2026-03-04,601318,14:24:20,61.7300,65,2
2026-03-04,601318,14:24:23,61.7600,177,1
2026-03-04,601318,14:24:26,61.7700,107,1
2026-03-04,601318,14:24:29,61.7400,122,2
2026-03-04,601318,14:24:32,61.7000,163,2
2026-03-04,601318,14:24:35,61.6900,216,2
2026-03-04,601318,14:24:38,61.6900,163,1
2026-03-04,601318,14:24:41,61.6800,334,2
2026-03-04,601318,14:24:44,61.6800,112,1
2026-03-04,601318,14:24:47,61.6800,161,1
2026-03-04,601318,14:24:50,61.6800,147,1
2026-03-04,601318,14:24:53,61.7000,41,1
2026-03-04,601318,14:24:56,61.7000,126,1
2026-03-04,601318,14:24:59,61.6900,1,2
2026-03-04,601318,14:25:02,61.7000,74,1
2026-03-04,601318,14:25:05,61.7000,129,1
2026-03-04,601318,14:25:08,61.7400,43,1
2026-03-04,601318,14:25:11,61.7500,47,1
2026-03-04,601318,14:25:14,61.7200,37,2
2026-03-04,601318,14:25:17,61.7300,1526,1
2026-03-04,601318,14:25:20,61.7000,35,2
2026-03-04,601318,14:25:23,61.7000,219,1
2026-03-04,601318,14:25:26,61.6800,66,2
2026-03-04,601318,14:25:29,61.7000,25,4
2026-03-04,601318,14:25:32,61.7000,77,2
2026-03-04,601318,14:25:35,61.6900,77,4
2026-03-04,601318,14:25:38,61.6900,56,1
2026-03-04,601318,14:25:41,61.6900,220,1
2026-03-04,601318,14:25:44,61.7200,877,1
2026-03-04,601318,14:25:47,61.6900,144,2
2026-03-04,601318,14:25:50,61.7300,57,1
2026-03-04,601318,14:25:53,61.7000,522,2
2026-03-04,601318,14:25:56,61.7400,62,1
2026-03-04,601318,14:25:59,61.7400,37,1
2026-03-04,601318,14:26:02,61.7000,151,2
2026-03-04,601318,14:26:05,61.7000,293,1
2026-03-04,601318,14:26:08,61.7000,161,1
2026-03-04,601318,14:26:11,61.7200,101,1
2026-03-04,601318,14:26:14,61.7100,54,2
2026-03-04,601318,14:26:17,61.7200,159,1
2026-03-04,601318,14:26:20,61.7400,144,1
2026-03-04,601318,14:26:23,61.7400,128,1
2026-03-04,601318,14:26:26,61.7400,15,1
2026-03-04,601318,14:26:29,61.7400,68,1
2026-03-04,601318,14:26:32,61.7400,75,1
2026-03-04,601318,14:26:35,61.7300,162,2
2026-03-04,601318,14:26:38,61.7400,104,4
2026-03-04,601318,14:26:41,61.7300,43,2
2026-03-04,601318,14:26:44,61.7400,121,1
2026-03-04,601318,14:26:47,61.7300,11,4
2026-03-04,601318,14:26:50,61.7400,19,1
2026-03-04,601318,14:26:53,61.7400,39,1
2026-03-04,601318,14:26:56,61.7300,47,4
2026-03-04,601318,14:26:59,61.7400,66,1
2026-03-04,601318,14:27:02,61.7500,63,1
2026-03-04,601318,14:27:05,61.7500,97,1
2026-03-04,601318,14:27:08,61.7500,45,1
2026-03-04,601318,14:27:11,61.7500,124,1
2026-03-04,601318,14:27:14,61.7600,80,1
2026-03-04,601318,14:27:17,61.7600,209,1
2026-03-04,601318,14:27:20,61.7500,44,2
2026-03-04,601318,14:27:23,61.7500,65,2
2026-03-04,601318,14:27:26,61.7600,41,1
2026-03-04,601318,14:27:29,61.7600,161,4
2026-03-04,601318,14:27:32,61.7500,61,2
2026-03-04,601318,14:27:35,61.7500,241,2
2026-03-04,601318,14:27:38,61.7400,19,2
2026-03-04,601318,14:27:41,61.7400,109,2
2026-03-04,601318,14:27:44,61.7500,81,1
2026-03-04,601318,14:27:47,61.7500,29,1
2026-03-04,601318,14:27:50,61.7500,709,1
2026-03-04,601318,14:27:53,61.7400,98,1
2026-03-04,601318,14:27:56,61.7400,61,1
2026-03-04,601318,14:27:59,61.7400,92,1
2026-03-04,601318,14:28:02,61.7500,197,1
2026-03-04,601318,14:28:05,61.7500,72,1
2026-03-04,601318,14:28:08,61.7300,67,2
2026-03-04,601318,14:28:11,61.7500,29,1
2026-03-04,601318,14:28:14,61.7500,112,1
2026-03-04,601318,14:28:17,61.7400,31,1
2026-03-04,601318,14:28:20,61.7400,33,1
2026-03-04,601318,14:28:23,61.7300,94,2
2026-03-04,601318,14:28:26,61.7500,52,1
2026-03-04,601318,14:28:29,61.7400,10,1
2026-03-04,601318,14:28:32,61.7500,113,1
2026-03-04,601318,14:28:35,61.7400,75,2
2026-03-04,601318,14:28:38,61.7400,220,2
2026-03-04,601318,14:28:41,61.7500,55,1
2026-03-04,601318,14:28:44,61.7400,169,4
2026-03-04,601318,14:28:47,61.7400,162,1
2026-03-04,601318,14:28:50,61.7400,71,1
2026-03-04,601318,14:28:53,61.7500,221,1
2026-03-04,601318,14:28:56,61.7600,110,1
2026-03-04,601318,14:28:59,61.7700,120,1
2026-03-04,601318,14:29:02,61.7800,130,1
2026-03-04,601318,14:29:05,61.7700,94,1
2026-03-04,601318,14:29:08,61.7600,54,2
2026-03-04,601318,14:29:11,61.7700,68,1
2026-03-04,601318,14:29:14,61.7800,79,1
2026-03-04,601318,14:29:17,61.7800,76,1
2026-03-04,601318,14:29:20,61.7800,26,4
2026-03-04,601318,14:29:23,61.7800,139,1
2026-03-04,601318,14:29:26,61.7800,14,1
2026-03-04,601318,14:29:29,61.7700,67,2
2026-03-04,601318,14:29:32,61.7700,82,1
2026-03-04,601318,14:29:35,61.7700,49,2
2026-03-04,601318,14:29:38,61.7700,207,2
2026-03-04,601318,14:29:41,61.7800,31,1
2026-03-04,601318,14:29:44,61.7800,112,1
2026-03-04,601318,14:29:47,61.7800,128,1
2026-03-04,601318,14:29:50,61.7900,105,1
2026-03-04,601318,14:29:53,61.7800,202,1
2026-03-04,601318,14:29:56,61.7700,107,1
2026-03-04,601318,14:29:59,61.7600,137,1
2026-03-04,601318,14:30:02,61.7600,73,1
2026-03-04,601318,14:30:05,61.7600,125,1
2026-03-04,601318,14:30:08,61.7500,69,4
2026-03-04,601318,14:30:11,61.7500,64,1
2026-03-04,601318,14:30:14,61.7600,97,1
2026-03-04,601318,14:30:17,61.7500,54,4
2026-03-04,601318,14:30:20,61.7600,48,1
2026-03-04,601318,14:30:23,61.7800,64,1
2026-03-04,601318,14:30:26,61.7900,60,1
2026-03-04,601318,14:30:29,61.7800,16,1
2026-03-04,601318,14:30:32,61.7800,635,1
2026-03-04,601318,14:30:35,61.7800,147,1
2026-03-04,601318,14:30:38,61.8000,306,1
2026-03-04,601318,14:30:41,61.7900,152,1
2026-03-04,601318,14:30:44,61.7900,99,1
2026-03-04,601318,14:30:47,61.7800,10,4
2026-03-04,601318,14:30:50,61.7800,44,1
2026-03-04,601318,14:30:53,61.7900,73,1
2026-03-04,601318,14:30:56,61.7700,236,2
2026-03-04,601318,14:30:59,61.7600,103,2
2026-03-04,601318,14:31:02,61.7500,187,2
2026-03-04,601318,14:31:05,61.7400,91,2
2026-03-04,601318,14:31:08,61.7400,57,2
2026-03-04,601318,14:31:11,61.7400,37,1
2026-03-04,601318,14:31:14,61.7500,130,1
2026-03-04,601318,14:31:17,61.8000,799,1
2026-03-04,601318,14:31:20,61.8300,2073,1
2026-03-04,601318,14:31:23,61.7900,43,2
2026-03-04,601318,14:31:26,61.7900,19,1
2026-03-04,601318,14:31:29,61.7800,222,4
2026-03-04,601318,14:31:32,61.7800,115,2
2026-03-04,601318,14:31:35,61.7700,11,2
2026-03-04,601318,14:31:38,61.8200,102,1
2026-03-04,601318,14:31:41,61.8500,2066,1
2026-03-04,601318,14:31:44,61.7700,90,2
2026-03-04,601318,14:31:47,61.8000,39,4
2026-03-04,601318,14:31:50,61.8100,33,1
2026-03-04,601318,14:31:53,61.8100,13,1
2026-03-04,601318,14:31:56,61.8100,117,1
2026-03-04,601318,14:31:59,61.8100,104,1
2026-03-04,601318,14:32:02,61.8000,197,2
2026-03-04,601318,14:32:05,61.8000,37,1
2026-03-04,601318,14:32:08,61.8000,111,1
2026-03-04,601318,14:32:11,61.7900,55,2
2026-03-04,601318,14:32:14,61.8100,55,1
2026-03-04,601318,14:32:17,61.7900,41,2
2026-03-04,601318,14:32:20,61.7900,66,2
2026-03-04,601318,14:32:23,61.8000,88,1
2026-03-04,601318,14:32:26,61.7900,77,2
2026-03-04,601318,14:32:29,61.7900,27,2
2026-03-04,601318,14:32:32,61.7900,36,2
2026-03-04,601318,14:32:35,61.8100,111,1
2026-03-04,601318,14:32:38,61.8100,102,1
2026-03-04,601318,14:32:41,61.8100,56,1
2026-03-04,601318,14:32:44,61.8300,150,1
2026-03-04,601318,14:32:47,61.8200,33,1
2026-03-04,601318,14:32:50,61.8100,36,2
2026-03-04,601318,14:32:53,61.8400,79,1
2026-03-04,601318,14:32:56,61.8500,73,1
2026-03-04,601318,14:32:59,61.8400,31,1
2026-03-04,601318,14:33:02,61.8300,101,2
2026-03-04,601318,14:33:05,61.8300,59,2
2026-03-04,601318,14:33:08,61.8300,80,2
2026-03-04,601318,14:33:11,61.8400,17,1
2026-03-04,601318,14:33:14,61.8400,59,1
2026-03-04,601318,14:33:17,61.8400,17,1
2026-03-04,601318,14:33:20,61.8400,73,1
2026-03-04,601318,14:33:23,61.8500,292,1
2026-03-04,601318,14:33:26,61.8400,86,2
2026-03-04,601318,14:33:29,61.8500,146,1
2026-03-04,601318,14:33:32,61.8500,115,1
2026-03-04,601318,14:33:35,61.8500,90,1
2026-03-04,601318,14:33:38,61.8500,144,1
2026-03-04,601318,14:33:41,61.8400,56,2
2026-03-04,601318,14:33:44,61.8500,76,1
2026-03-04,601318,14:33:47,61.8500,145,1
2026-03-04,601318,14:33:50,61.8500,100,1
2026-03-04,601318,14:33:53,61.8500,159,1
2026-03-04,601318,14:33:56,61.8600,115,1
2026-03-04,601318,14:33:59,61.8500,56,2
2026-03-04,601318,14:34:02,61.8600,271,1
2026-03-04,601318,14:34:05,61.8600,91,1
2026-03-04,601318,14:34:08,61.8600,21,2
2026-03-04,601318,14:34:11,61.8700,28,1
2026-03-04,601318,14:34:14,61.8700,250,1
2026-03-04,601318,14:34:17,61.8600,17,2
2026-03-04,601318,14:34:20,61.8700,186,1
2026-03-04,601318,14:34:23,61.8700,737,1
2026-03-04,601318,14:34:26,61.8700,40,2
2026-03-04,601318,14:34:29,61.8800,56,1
2026-03-04,601318,14:34:32,61.8700,14,4
2026-03-04,601318,14:34:35,61.8600,66,2
2026-03-04,601318,14:34:38,61.8600,9,2
2026-03-04,601318,14:34:41,61.8800,66,1
2026-03-04,601318,14:34:44,61.8800,134,1
2026-03-04,601318,14:34:47,61.8100,746,2
2026-03-04,601318,14:34:50,61.8500,65,1
2026-03-04,601318,14:34:53,61.8300,56,4
2026-03-04,601318,14:34:56,61.8200,60,4
2026-03-04,601318,14:34:59,61.8300,33,1
2026-03-04,601318,14:35:02,61.8100,137,2
2026-03-04,601318,14:35:05,61.8100,79,1
2026-03-04,601318,14:35:08,61.8000,152,2
2026-03-04,601318,14:35:11,61.8200,316,1
2026-03-04,601318,14:35:14,61.8500,188,1
2026-03-04,601318,14:35:17,61.8200,68,2
2026-03-04,601318,14:35:20,61.8200,48,2
2026-03-04,601318,14:35:23,61.8100,134,2
2026-03-04,601318,14:35:26,61.8100,115,2
2026-03-04,601318,14:35:29,61.8100,193,1
2026-03-04,601318,14:35:32,61.7800,260,2
2026-03-04,601318,14:35:35,61.8000,385,1
2026-03-04,601318,14:35:38,61.7800,48,2
2026-03-04,601318,14:35:41,61.7900,56,4
2026-03-04,601318,14:35:44,61.7900,278,1
2026-03-04,601318,14:35:47,61.8600,551,1
2026-03-04,601318,14:35:50,61.9000,2572,1
2026-03-04,601318,14:35:53,61.8100,179,2
2026-03-04,601318,14:35:56,61.8300,1254,1
2026-03-04,601318,14:35:59,61.8000,19,2
2026-03-04,601318,14:36:02,61.8100,5,1
2026-03-04,601318,14:36:05,61.8100,59,1
2026-03-04,601318,14:36:08,61.8200,90,1
2026-03-04,601318,14:36:11,61.8300,44,1
2026-03-04,601318,14:36:14,61.8200,93,2
2026-03-04,601318,14:36:17,61.8300,24,1
2026-03-04,601318,14:36:20,61.8300,10,1
2026-03-04,601318,14:36:23,61.8300,377,1
2026-03-04,601318,14:36:26,61.8300,33,1
2026-03-04,601318,14:36:29,61.8300,109,1
2026-03-04,601318,14:36:32,61.8400,41,1
2026-03-04,601318,14:36:35,61.8300,100,2
2026-03-04,601318,14:36:38,61.8400,17,1
2026-03-04,601318,14:36:41,61.8400,24,1
2026-03-04,601318,14:36:44,61.8300,21,2
2026-03-04,601318,14:36:47,61.8400,14,1
2026-03-04,601318,14:36:50,61.8400,70,1
2026-03-04,601318,14:36:53,61.8400,55,1
2026-03-04,601318,14:36:56,61.8400,23,1
2026-03-04,601318,14:36:59,61.8200,954,2
2026-03-04,601318,14:37:02,61.8100,56,2
2026-03-04,601318,14:37:05,61.8200,17,1
2026-03-04,601318,14:37:08,61.8100,10,2
2026-03-04,601318,14:37:11,61.8100,25,2
2026-03-04,601318,14:37:14,61.8200,12,1
2026-03-04,601318,14:37:17,61.8100,19,2
2026-03-04,601318,14:37:20,61.8100,148,2
2026-03-04,601318,14:37:23,61.8100,50,2
2026-03-04,601318,14:37:26,61.8100,21,2
2026-03-04,601318,14:37:29,61.8200,41,1
2026-03-04,601318,14:37:32,61.8100,10,2
2026-03-04,601318,14:37:35,61.8200,11,1
2026-03-04,601318,14:37:38,61.8200,112,1
2026-03-04,601318,14:37:41,61.8200,15,1
2026-03-04,601318,14:37:44,61.8300,15,1
2026-03-04,601318,14:37:47,61.8300,45,1
2026-03-04,601318,14:37:50,61.8300,13,1
2026-03-04,601318,14:37:53,61.8300,11,1
2026-03-04,601318,14:37:56,61.8300,5,1
2026-03-04,601318,14:37:59,61.8300,57,1
2026-03-04,601318,14:38:02,61.8300,102,1
2026-03-04,601318,14:38:05,61.8400,55,1
2026-03-04,601318,14:38:08,61.8500,56,1
2026-03-04,601318,14:38:11,61.8400,237,2
2026-03-04,601318,14:38:14,61.8100,945,2
2026-03-04,601318,14:38:17,61.7700,766,2
2026-03-04,601318,14:38:20,61.7800,289,1
2026-03-04,601318,14:38:23,61.7700,54,2
2026-03-04,601318,14:38:26,61.8100,22,1
2026-03-04,601318,14:38:29,61.8300,29,1
2026-03-04,601318,14:38:32,61.8100,8,2
2026-03-04,601318,14:38:35,61.8200,19,2
2026-03-04,601318,14:38:38,61.8200,175,2
2026-03-04,601318,14:38:41,61.8200,30,2
2026-03-04,601318,14:38:44,61.8200,159,1
2026-03-04,601318,14:38:47,61.8100,20,1
2026-03-04,601318,14:38:50,61.7800,74,2
2026-03-04,601318,14:38:53,61.7200,310,2
2026-03-04,601318,14:38:56,61.7700,91,1
2026-03-04,601318,14:38:59,61.7500,112,2
2026-03-04,601318,14:39:02,61.7800,30,1
2026-03-04,601318,14:39:05,61.7500,6,2
2026-03-04,601318,14:39:08,61.7600,7,4
2026-03-04,601318,14:39:11,61.7500,128,2
2026-03-04,601318,14:39:14,61.7700,36,1
2026-03-04,601318,14:39:17,61.7600,82,2
2026-03-04,601318,14:39:20,61.7500,40,2
2026-03-04,601318,14:39:23,61.7200,312,2
2026-03-04,601318,14:39:26,61.7100,377,2
2026-03-04,601318,14:39:29,61.7000,110,2
2026-03-04,601318,14:39:32,61.7000,30,1
2026-03-04,601318,14:39:35,61.7000,89,2
2026-03-04,601318,14:39:38,61.7000,551,1
2026-03-04,601318,14:39:41,61.7000,167,1
2026-03-04,601318,14:39:44,61.6900,209,2
2026-03-04,601318,14:39:47,61.7000,8,1
2026-03-04,601318,14:39:50,61.6900,79,2
2026-03-04,601318,14:39:53,61.7200,502,1
2026-03-04,601318,14:39:56,61.7200,29,1
2026-03-04,601318,14:39:59,61.7200,4,1
2026-03-04,601318,14:40:02,61.7100,134,2
2026-03-04,601318,14:40:05,61.7100,50,1
2026-03-04,601318,14:40:08,61.7000,684,2
2026-03-04,601318,14:40:11,61.7100,63,4
2026-03-04,601318,14:40:14,61.7000,313,2
2026-03-04,601318,14:40:17,61.7100,56,2
2026-03-04,601318,14:40:20,61.7300,35,1
2026-03-04,601318,14:40:23,61.7500,82,1
2026-03-04,601318,14:40:26,61.7500,136,4
2026-03-04,601318,14:40:29,61.7700,77,1
2026-03-04,601318,14:40:32,61.7700,36,1
2026-03-04,601318,14:40:35,61.7700,634,1
2026-03-04,601318,14:40:38,61.7700,76,1
2026-03-04,601318,14:40:41,61.7600,321,2
2026-03-04,601318,14:40:44,61.7900,40,1
2026-03-04,601318,14:40:47,61.7900,43,1
2026-03-04,601318,14:40:50,61.7800,33,2
2026-03-04,601318,14:40:53,61.7800,14,1
2026-03-04,601318,14:40:56,61.7900,61,1
2026-03-04,601318,14:40:59,61.7900,45,2
2026-03-04,601318,14:41:02,61.7800,50,2
2026-03-04,601318,14:41:05,61.7900,57,1
2026-03-04,601318,14:41:08,61.7900,44,1
2026-03-04,601318,14:41:11,61.7900,13,1
2026-03-04,601318,14:41:14,61.8000,114,1
2026-03-04,601318,14:41:17,61.7900,396,2
2026-03-04,601318,14:41:20,61.7900,26,2
2026-03-04,601318,14:41:23,61.7900,18,2
2026-03-04,601318,14:41:26,61.7900,37,2
2026-03-04,601318,14:41:29,61.7900,68,2
2026-03-04,601318,14:41:32,61.7900,97,2
2026-03-04,601318,14:41:35,61.7800,235,4
2026-03-04,601318,14:41:38,61.7900,2,4
2026-03-04,601318,14:41:41,61.7800,35,2
2026-03-04,601318,14:41:44,61.7900,19,1
2026-03-04,601318,14:41:47,61.7900,49,1
2026-03-04,601318,14:41:50,61.8000,56,1
2026-03-04,601318,14:41:53,61.8000,92,1
2026-03-04,601318,14:41:56,61.7900,22,4
2026-03-04,601318,14:41:59,61.7700,20,2
2026-03-04,601318,14:42:02,61.7700,27,2
2026-03-04,601318,14:42:05,61.7700,292,2
2026-03-04,601318,14:42:08,61.7700,1054,2
2026-03-04,601318,14:42:11,61.7600,187,2
2026-03-04,601318,14:42:14,61.7600,19,1
2026-03-04,601318,14:42:17,61.7700,101,1
2026-03-04,601318,14:42:20,61.7600,33,2
2026-03-04,601318,14:42:26,61.7400,41,2
2026-03-04,601318,14:42:29,61.7500,646,2
2026-03-04,601318,14:42:32,61.7500,31,1
2026-03-04,601318,14:42:35,61.7500,16,1
2026-03-04,601318,14:42:38,61.7200,24,2
2026-03-04,601318,14:42:41,61.7200,19,2
2026-03-04,601318,14:42:44,61.7300,33,1
2026-03-04,601318,14:42:47,61.7300,52,2
2026-03-04,601318,14:42:50,61.7300,50,2
2026-03-04,601318,14:42:53,61.7300,77,2
2026-03-04,601318,14:42:56,61.7300,46,2
2026-03-04,601318,14:42:59,61.7300,62,1
2026-03-04,601318,14:43:02,61.7300,195,1
2026-03-04,601318,14:43:05,61.7300,47,4
2026-03-04,601318,14:43:08,61.7400,705,1
2026-03-04,601318,14:43:11,61.7300,33,2
2026-03-04,601318,14:43:14,61.7300,11,2
2026-03-04,601318,14:43:17,61.7200,24,4
2026-03-04,601318,14:43:20,61.7000,47,2
2026-03-04,601318,14:43:23,61.7200,89,1
2026-03-04,601318,14:43:26,61.7200,40,1
2026-03-04,601318,14:43:29,61.7000,1159,2
2026-03-04,601318,14:43:32,61.7000,7,1
2026-03-04,601318,14:43:35,61.7000,218,1
2026-03-04,601318,14:43:38,61.7400,274,1
2026-03-04,601318,14:43:41,61.7000,135,2
2026-03-04,601318,14:43:44,61.7400,9,1
2026-03-04,601318,14:43:47,61.7200,59,4
2026-03-04,601318,14:43:50,61.7000,25,2
2026-03-04,601318,14:43:53,61.7000,64,2
2026-03-04,601318,14:43:56,61.7000,123,2
2026-03-04,601318,14:43:59,61.6900,46,2
2026-03-04,601318,14:44:02,61.7000,34,1
2026-03-04,601318,14:44:05,61.7100,34,1
2026-03-04,601318,14:44:08,61.7100,57,1
2026-03-04,601318,14:44:11,61.7000,21,2
2026-03-04,601318,14:44:14,61.7000,19,1
2026-03-04,601318,14:44:17,61.7000,3,1
2026-03-04,601318,14:44:20,61.6900,18,2
2026-03-04,601318,14:44:23,61.7000,107,1
2026-03-04,601318,14:44:26,61.7000,42,1
2026-03-04,601318,14:44:29,61.7000,24,1
2026-03-04,601318,14:44:32,61.7000,122,1
2026-03-04,601318,14:44:35,61.6900,36,2
2026-03-04,601318,14:44:38,61.7100,21,1
2026-03-04,601318,14:44:41,61.7000,53,2
2026-03-04,601318,14:44:44,61.7100,22,1
2026-03-04,601318,14:44:47,61.7100,22,1
2026-03-04,601318,14:44:50,61.7100,97,1
2026-03-04,601318,14:44:53,61.7000,305,2
2026-03-04,601318,14:44:56,61.7000,406,2
2026-03-04,601318,14:44:59,61.6900,63,2
2026-03-04,601318,14:45:02,61.6900,231,2
2026-03-04,601318,14:45:05,61.6700,158,2
2026-03-04,601318,14:45:08,61.6700,67,2
2026-03-04,601318,14:45:11,61.6600,24,2
2026-03-04,601318,14:45:14,61.7000,461,1
2026-03-04,601318,14:45:17,61.7200,145,1
2026-03-04,601318,14:45:20,61.6900,12,1
2026-03-04,601318,14:45:23,61.6900,45,2
2026-03-04,601318,14:45:26,61.7100,79,4
2026-03-04,601318,14:45:29,61.7000,129,4
2026-03-04,601318,14:45:32,61.7200,58,1
2026-03-04,601318,14:45:35,61.7000,17,2
2026-03-04,601318,14:45:38,61.7000,57,1
2026-03-04,601318,14:45:41,61.6900,43,2
2026-03-04,601318,14:45:44,61.7000,34,2
2026-03-04,601318,14:45:47,61.7000,56,1
2026-03-04,601318,14:45:50,61.6900,70,2
2026-03-04,601318,14:45:53,61.7000,70,1
2026-03-04,601318,14:45:56,61.7100,45,1
2026-03-04,601318,14:45:59,61.7100,74,2
2026-03-04,601318,14:46:02,61.7100,51,2
2026-03-04,601318,14:46:05,61.7000,522,2
2026-03-04,601318,14:46:08,61.7200,16,1
2026-03-04,601318,14:46:11,61.7000,141,2
2026-03-04,601318,14:46:14,61.7100,162,1
2026-03-04,601318,14:46:17,61.7000,31,4
2026-03-04,601318,14:46:20,61.7100,72,1
2026-03-04,601318,14:46:23,61.7000,54,2
2026-03-04,601318,14:46:26,61.7000,119,4
2026-03-04,601318,14:46:29,61.7000,157,1
2026-03-04,601318,14:46:32,61.7000,264,1
2026-03-04,601318,14:46:35,61.6800,107,2
2026-03-04,601318,14:46:38,61.6900,140,1
2026-03-04,601318,14:46:41,61.6600,89,2
2026-03-04,601318,14:46:44,61.6700,15,1
2026-03-04,601318,14:46:47,61.6600,110,2
2026-03-04,601318,14:46:50,61.6500,117,2
2026-03-04,601318,14:46:53,61.6600,120,1
2026-03-04,601318,14:46:56,61.6600,165,1
2026-03-04,601318,14:46:59,61.6500,73,2
2026-03-04,601318,14:47:02,61.6600,58,1
2026-03-04,601318,14:47:05,61.6600,252,1
2026-03-04,601318,14:47:08,61.6800,344,4
2026-03-04,601318,14:47:11,61.6600,48,4
2026-03-04,601318,14:47:14,61.6600,6,1
2026-03-04,601318,14:47:17,61.6600,15,2
2026-03-04,601318,14:47:20,61.6600,37,2
2026-03-04,601318,14:47:23,61.6600,17,2
2026-03-04,601318,14:47:26,61.6600,74,2
2026-03-04,601318,14:47:29,61.6700,45,1
2026-03-04,601318,14:47:32,61.6700,46,1
2026-03-04,601318,14:47:35,61.6700,12,1
2026-03-04,601318,14:47:38,61.6700,36,2
2026-03-04,601318,14:47:41,61.6600,154,2
2026-03-04,601318,14:47:44,61.6600,121,1
2026-03-04,601318,14:47:47,61.6500,24,2
2026-03-04,601318,14:47:50,61.6500,85,2
2026-03-04,601318,14:47:53,61.6500,150,2
2026-03-04,601318,14:47:56,61.6400,157,2
2026-03-04,601318,14:47:59,61.6500,115,1
2026-03-04,601318,14:48:02,61.6000,864,2
2026-03-04,601318,14:48:05,61.6000,131,2
2026-03-04,601318,14:48:08,61.6100,85,1
2026-03-04,601318,14:48:11,61.6200,58,1
2026-03-04,601318,14:48:14,61.6000,102,2
2026-03-04,601318,14:48:17,61.6000,37,1
2026-03-04,601318,14:48:20,61.6100,239,1
2026-03-04,601318,14:48:23,61.6100,75,2
2026-03-04,601318,14:48:26,61.6000,246,2
2026-03-04,601318,14:48:29,61.6000,23,1
2026-03-04,601318,14:48:32,61.5900,5,2
2026-03-04,601318,14:48:35,61.6000,72,1
2026-03-04,601318,14:48:38,61.6100,175,1
2026-03-04,601318,14:48:41,61.6100,62,2
2026-03-04,601318,14:48:44,61.6200,14,2
2026-03-04,601318,14:48:47,61.6100,18,2
2026-03-04,601318,14:48:50,61.6200,64,1
2026-03-04,601318,14:48:53,61.6200,108,1
2026-03-04,601318,14:48:56,61.6200,104,1
2026-03-04,601318,14:48:59,61.6400,177,1
2026-03-04,601318,14:49:02,61.6200,50,2
2026-03-04,601318,14:49:05,61.6500,49,1
2026-03-04,601318,14:49:08,61.6500,88,1
2026-03-04,601318,14:49:11,61.6400,435,2
2026-03-04,601318,14:49:14,61.6800,145,1
2026-03-04,601318,14:49:17,61.6700,130,2
2026-03-04,601318,14:49:20,61.6900,217,1
2026-03-04,601318,14:49:23,61.6800,77,1
2026-03-04,601318,14:49:26,61.6500,184,2
2026-03-04,601318,14:49:29,61.7000,100,1
2026-03-04,601318,14:49:32,61.6900,998,1
2026-03-04,601318,14:49:35,61.6600,340,2
2026-03-04,601318,14:49:38,61.7000,174,1
2026-03-04,601318,14:49:41,61.7000,59,1
2026-03-04,601318,14:49:44,61.6700,1013,2
2026-03-04,601318,14:49:47,61.7000,433,1
2026-03-04,601318,14:49:50,61.6700,169,1
2026-03-04,601318,14:49:53,61.6100,580,2
2026-03-04,601318,14:49:56,61.7100,190,1
2026-03-04,601318,14:49:59,61.6400,870,2
2026-03-04,601318,14:50:02,61.6100,425,2
2026-03-04,601318,14:50:05,61.6100,208,2
2026-03-04,601318,14:50:08,61.7000,22,1
2026-03-04,601318,14:50:11,61.6500,377,2
2026-03-04,601318,14:50:14,61.7000,207,1
2026-03-04,601318,14:50:17,61.6300,73,2
2026-03-04,601318,14:50:20,61.6900,115,1
2026-03-04,601318,14:50:23,61.7000,202,2
2026-03-04,601318,14:50:26,61.7100,96,1
2026-03-04,601318,14:50:29,61.7000,67,4
2026-03-04,601318,14:50:32,61.7100,51,1
2026-03-04,601318,14:50:35,61.7000,39,4
2026-03-04,601318,14:50:38,61.7000,80,1
2026-03-04,601318,14:50:41,61.7000,54,1
2026-03-04,601318,14:50:44,61.7000,64,1
2026-03-04,601318,14:50:47,61.6900,102,2
2026-03-04,601318,14:50:50,61.6900,63,2
2026-03-04,601318,14:50:53,61.6900,70,1
2026-03-04,601318,14:50:56,61.6800,128,2
2026-03-04,601318,14:50:59,61.7100,66,1
2026-03-04,601318,14:51:02,61.6800,182,4
2026-03-04,601318,14:51:05,61.6900,127,1
2026-03-04,601318,14:51:08,61.7000,54,1
2026-03-04,601318,14:51:11,61.7000,43,1
2026-03-04,601318,14:51:14,61.6800,117,2
2026-03-04,601318,14:51:17,61.6700,52,2
2026-03-04,601318,14:51:20,61.6700,85,2
2026-03-04,601318,14:51:23,61.6300,218,2
2026-03-04,601318,14:51:26,61.6400,526,1
2026-03-04,601318,14:51:29,61.6800,159,1
2026-03-04,601318,14:51:32,61.7000,57,1
2026-03-04,601318,14:51:35,61.6800,100,2
2026-03-04,601318,14:51:38,61.7000,54,1
2026-03-04,601318,14:51:41,61.7300,386,1
2026-03-04,601318,14:51:44,61.7400,117,1
2026-03-04,601318,14:51:47,61.7400,32,1
2026-03-04,601318,14:51:50,61.7400,24,1
2026-03-04,601318,14:51:53,61.7000,236,2
2026-03-04,601318,14:51:56,61.7000,106,1
2026-03-04,601318,14:51:59,61.7000,138,1
2026-03-04,601318,14:52:02,61.6900,84,2
2026-03-04,601318,14:52:05,61.6500,264,2
2026-03-04,601318,14:52:08,61.6900,116,1
2026-03-04,601318,14:52:11,61.6500,157,2
2026-03-04,601318,14:52:14,61.7000,75,1
2026-03-04,601318,14:52:17,61.6600,260,2
2026-03-04,601318,14:52:20,61.7000,80,1
2026-03-04,601318,14:52:23,61.6800,60,2
2026-03-04,601318,14:52:26,61.6800,123,2
2026-03-04,601318,14:52:29,61.6900,68,1
2026-03-04,601318,14:52:32,61.6900,137,1
2026-03-04,601318,14:52:35,61.6700,98,2
2026-03-04,601318,14:52:38,61.7000,83,1
2026-03-04,601318,14:52:41,61.6900,123,4
2026-03-04,601318,14:52:44,61.6900,72,4
2026-03-04,601318,14:52:47,61.6600,103,2
2026-03-04,601318,14:52:50,61.7000,133,1
2026-03-04,601318,14:52:53,61.7000,39,1
2026-03-04,601318,14:52:56,61.6700,286,2
2026-03-04,601318,14:52:59,61.6800,86,4
2026-03-04,601318,14:53:02,61.6700,214,2
2026-03-04,601318,14:53:05,61.7000,158,1
2026-03-04,601318,14:53:08,61.7000,228,1
2026-03-04,601318,14:53:11,61.7200,134,1
2026-03-04,601318,14:53:14,61.7000,45,4
2026-03-04,601318,14:53:17,61.7000,20,1
2026-03-04,601318,14:53:20,61.7100,79,1
2026-03-04,601318,14:53:23,61.7100,50,1
2026-03-04,601318,14:53:26,61.6900,53,2
2026-03-04,601318,14:53:29,61.7000,110,1
2026-03-04,601318,14:53:32,61.7000,73,2
2026-03-04,601318,14:53:35,61.7000,141,1
2026-03-04,601318,14:53:38,61.7100,172,1
2026-03-04,601318,14:53:41,61.7100,285,1
2026-03-04,601318,14:53:44,61.7100,130,2
2026-03-04,601318,14:53:47,61.7100,66,2
2026-03-04,601318,14:53:50,61.7200,61,1
2026-03-04,601318,14:53:53,61.7100,22,4
2026-03-04,601318,14:53:56,61.7000,34,2
2026-03-04,601318,14:53:59,61.7100,14,1
2026-03-04,601318,14:54:02,61.7000,28,2
2026-03-04,601318,14:54:05,61.7000,18,2
2026-03-04,601318,14:54:08,61.7000,58,2
2026-03-04,601318,14:54:11,61.7000,56,2
2026-03-04,601318,14:54:14,61.7000,216,1
2026-03-04,601318,14:54:17,61.7000,187,2
2026-03-04,601318,14:54:20,61.7000,85,2
2026-03-04,601318,14:54:23,61.7000,232,2
2026-03-04,601318,14:54:26,61.7100,87,1
2026-03-04,601318,14:54:29,61.7000,94,2
2026-03-04,601318,14:54:32,61.7100,41,1
2026-03-04,601318,14:54:35,61.7000,142,2
2026-03-04,601318,14:54:38,61.7100,114,1
2026-03-04,601318,14:54:41,61.6700,65,2
2026-03-04,601318,14:54:44,61.6700,19,2
2026-03-04,601318,14:54:47,61.6600,83,2
2026-03-04,601318,14:54:50,61.6400,146,2
2026-03-04,601318,14:54:53,61.6700,134,1
2026-03-04,601318,14:54:56,61.6800,80,1
2026-03-04,601318,14:54:59,61.6800,20,2
2026-03-04,601318,14:55:02,61.6800,269,2
2026-03-04,601318,14:55:05,61.7100,410,1
2026-03-04,601318,14:55:08,61.7100,145,1
2026-03-04,601318,14:55:11,61.6900,171,2
2026-03-04,601318,14:55:14,61.7000,33,1
2026-03-04,601318,14:55:17,61.7000,249,2
2026-03-04,601318,14:55:20,61.7100,112,1
2026-03-04,601318,14:55:23,61.7100,89,1
2026-03-04,601318,14:55:26,61.7000,236,2
2026-03-04,601318,14:55:29,61.7100,149,1
2026-03-04,601318,14:55:32,61.7100,317,1
2026-03-04,601318,14:55:35,61.7100,292,1
2026-03-04,601318,14:55:38,61.7100,121,2
2026-03-04,601318,14:55:41,61.7100,205,2
2026-03-04,601318,14:55:44,61.7000,119,2
2026-03-04,601318,14:55:47,61.6900,44,2
2026-03-04,601318,14:55:50,61.7000,82,1
2026-03-04,601318,14:55:53,61.6800,49,2
2026-03-04,601318,14:55:56,61.6800,275,2
2026-03-04,601318,14:55:59,61.7000,282,1
2026-03-04,601318,14:56:02,61.6800,393,2
2026-03-04,601318,14:56:05,61.7000,80,1
2026-03-04,601318,14:56:08,61.6900,70,2
2026-03-04,601318,14:56:11,61.6800,106,2
2026-03-04,601318,14:56:14,61.7000,127,1
2026-03-04,601318,14:56:17,61.7000,124,1
2026-03-04,601318,14:56:20,61.7200,3529,1
2026-03-04,601318,14:56:23,61.7200,337,1
2026-03-04,601318,14:56:26,61.7200,375,1
2026-03-04,601318,14:56:29,61.7500,18,2
2026-03-04,601318,14:56:32,61.7800,315,1
2026-03-04,601318,14:56:35,61.7900,298,1
2026-03-04,601318,14:56:38,61.8000,154,1
2026-03-04,601318,14:56:41,61.7400,138,2
2026-03-04,601318,14:56:44,61.8100,47,1
2026-03-04,601318,14:56:47,61.7800,36,1
2026-03-04,601318,14:56:50,61.8000,82,1
2026-03-04,601318,14:56:53,61.8100,155,1
2026-03-04,601318,14:56:56,61.7600,55,2
2026-03-04,601318,14:56:59,61.7700,272,1
2026-03-04,601318,14:57:02,61.7700,18,1
2026-03-04,601318,15:00:02,61.7900,6457,4
2026-03-04,601318,13:16:59,61.4000,54,1
2026-03-04,601318,13:17:02,61.4000,197,1
2026-03-04,601318,13:17:05,61.4200,254,1
2026-03-04,601318,13:17:08,61.4200,276,1
2026-03-04,601318,13:17:11,61.4300,176,1
2026-03-04,601318,13:17:14,61.4400,120,1
2026-03-04,601318,13:17:17,61.4500,355,1
2026-03-04,601318,13:17:20,61.4700,187,1
2026-03-04,601318,13:17:23,61.4600,668,2
2026-03-04,601318,13:17:26,61.4700,129,2
2026-03-04,601318,13:17:29,61.4800,57,4
2026-03-04,601318,13:17:32,61.4800,303,2
2026-03-04,601318,13:17:35,61.4900,248,1
2026-03-04,601318,13:17:38,61.4900,1042,1
2026-03-04,601318,13:17:41,61.4800,57,1
2026-03-04,601318,13:17:44,61.4600,55,2
2026-03-04,601318,13:17:47,61.4600,20,2
2026-03-04,601318,13:17:50,61.4600,167,2
2026-03-04,601318,13:17:53,61.4700,114,1
2026-03-04,601318,13:17:56,61.4800,240,1
2026-03-04,601318,13:17:59,61.4700,44,2
2026-03-04,601318,13:18:02,61.4900,208,1
2026-03-04,601318,13:18:05,61.4900,108,1
2026-03-04,601318,13:18:08,61.5000,145,1
2026-03-04,601318,13:18:11,61.5100,42,1
2026-03-04,601318,13:18:14,61.5100,318,1
2026-03-04,601318,13:18:17,61.5100,359,1
2026-03-04,601318,13:18:20,61.5000,218,2
2026-03-04,601318,13:18:23,61.4700,110,2
2026-03-04,601318,13:18:26,61.4600,315,2
2026-03-04,601318,13:18:29,61.4900,268,1
2026-03-04,601318,13:18:32,61.4900,415,1
2026-03-04,601318,13:18:35,61.4600,105,2
2026-03-04,601318,13:18:38,61.4700,286,1
2026-03-04,601318,13:18:41,61.4600,339,2
2026-03-04,601318,13:18:44,61.4600,38,1
2026-03-04,601318,13:18:47,61.4600,325,1
2026-03-04,601318,13:18:50,61.4500,87,2
2026-03-04,601318,13:18:53,61.4400,54,4
2026-03-04,601318,13:18:56,61.4600,94,1
2026-03-04,601318,13:18:59,61.4500,177,1
2026-03-04,601318,13:19:02,61.4400,92,4
2026-03-04,601318,13:19:05,61.4500,48,2
2026-03-04,601318,13:19:08,61.4500,634,2
2026-03-04,601318,13:19:11,61.4600,89,1
2026-03-04,601318,13:19:14,61.4500,78,2
2026-03-04,601318,13:19:17,61.4600,134,1
2026-03-04,601318,13:19:20,61.4400,174,2
2026-03-04,601318,13:19:23,61.4200,319,2
2026-03-04,601318,13:19:26,61.4200,129,1
2026-03-04,601318,13:19:29,61.4200,137,2
2026-03-04,601318,13:19:32,61.4500,159,1
2026-03-04,601318,13:19:35,61.4500,18,1
2026-03-04,601318,13:19:38,61.4200,145,2
2026-03-04,601318,13:19:41,61.4500,286,2
2026-03-04,601318,13:19:44,61.4800,40,1
2026-03-04,601318,13:19:47,61.4900,85,1
2026-03-04,601318,13:19:50,61.4900,50,1
2026-03-04,601318,13:19:53,61.4800,179,2
2026-03-04,601318,13:19:56,61.4900,108,2
2026-03-04,601318,13:19:59,61.5000,325,1
2026-03-04,601318,13:20:02,61.5100,86,1
2026-03-04,601318,13:20:05,61.5000,174,2
2026-03-04,601318,13:20:08,61.5100,19,1
2026-03-04,601318,13:20:11,61.5100,110,1
2026-03-04,601318,13:20:14,61.5100,135,2
2026-03-04,601318,13:20:17,61.5100,70,1
2026-03-04,601318,13:20:20,61.5000,307,2
2026-03-04,601318,13:20:23,61.4900,132,2
2026-03-04,601318,13:20:26,61.4800,93,2
2026-03-04,601318,13:20:29,61.4600,114,2
2026-03-04,601318,13:20:32,61.4800,1197,1
2026-03-04,601318,13:20:35,61.4700,73,1
2026-03-04,601318,13:20:38,61.4600,97,2
2026-03-04,601318,13:20:41,61.4300,347,2
2026-03-04,601318,13:20:44,61.4300,98,2
2026-03-04,601318,13:20:47,61.4400,139,2
2026-03-04,601318,13:20:50,61.4500,24,2
2026-03-04,601318,13:20:53,61.4800,101,1
2026-03-04,601318,13:20:56,61.4600,61,2
2026-03-04,601318,13:20:59,61.4800,170,4
2026-03-04,601318,13:21:02,61.4900,309,1
2026-03-04,601318,13:21:05,61.4600,108,2
2026-03-04,601318,13:21:08,61.4700,29,4
2026-03-04,601318,13:21:11,61.4600,121,2
2026-03-04,601318,13:21:14,61.4600,85,1
2026-03-04,601318,13:21:17,61.4800,124,1
2026-03-04,601318,13:21:20,61.4800,79,1
2026-03-04,601318,13:21:23,61.4800,24,1
2026-03-04,601318,13:21:26,61.4600,179,2
2026-03-04,601318,13:21:29,61.4800,71,1
2026-03-04,601318,13:21:32,61.4800,39,1
2026-03-04,601318,13:21:35,61.4700,96,2
2026-03-04,601318,13:21:38,61.4500,326,2
2026-03-04,601318,13:21:41,61.4600,224,1
2026-03-04,601318,13:21:44,61.4600,101,2
2026-03-04,601318,13:21:47,61.4600,114,1
2026-03-04,601318,13:21:50,61.4600,9,1
2026-03-04,601318,13:21:53,61.4400,212,2
2026-03-04,601318,13:21:56,61.4200,18,2
2026-03-04,601318,13:21:59,61.4200,61,2
2026-03-04,601318,13:22:02,61.4000,56,2
2026-03-04,601318,13:22:05,61.3900,588,2
2026-03-04,601318,13:22:08,61.3600,70,2
2026-03-04,601318,13:22:11,61.3600,330,2
2026-03-04,601318,13:22:14,61.3600,106,2
2026-03-04,601318,13:22:17,61.4300,145,1
2026-03-04,601318,13:22:20,61.4000,25,2
2026-03-04,601318,13:22:23,61.4000,3,2
2026-03-04,601318,13:22:26,61.4000,51,2
2026-03-04,601318,13:22:29,61.3900,67,2
2026-03-04,601318,13:22:32,61.4000,48,1
2026-03-04,601318,13:22:35,61.4000,82,1
2026-03-04,601318,13:22:38,61.4000,71,1
2026-03-04,601318,13:22:41,61.4000,49,2
2026-03-04,601318,13:22:44,61.3800,485,2
2026-03-04,601318,13:22:47,61.3500,84,2
2026-03-04,601318,13:22:50,61.3600,35,4
2026-03-04,601318,13:22:53,61.3700,76,4
2026-03-04,601318,13:22:56,61.3600,93,2
2026-03-04,601318,13:22:59,61.3600,44,2
2026-03-04,601318,13:23:02,61.3500,645,2
2026-03-04,601318,13:23:05,61.3500,34,2
2026-03-04,601318,13:23:08,61.3500,202,2
2026-03-04,601318,13:23:11,61.3500,130,2
2026-03-04,601318,13:23:14,61.3500,26,2
2026-03-04,601318,13:23:17,61.3600,49,2
2026-03-04,601318,13:23:20,61.3600,236,2
2026-03-04,601318,13:23:23,61.3700,72,1
2026-03-04,601318,13:23:26,61.3700,11,1
2026-03-04,601318,13:23:29,61.3500,90,2
2026-03-04,601318,13:23:32,61.3500,104,2
2026-03-04,601318,13:23:35,61.3500,184,2
2026-03-04,601318,13:23:38,61.3500,155,2
2026-03-04,601318,13:23:41,61.3600,97,1
2026-03-04,601318,13:23:44,61.3500,75,2
2026-03-04,601318,13:23:47,61.3500,154,1
2026-03-04,601318,13:23:50,61.3500,85,1
2026-03-04,601318,13:23:53,61.3400,86,2
2026-03-04,601318,13:23:56,61.3500,330,1
2026-03-04,601318,13:23:59,61.3400,949,2
2026-03-04,601318,13:24:02,61.3400,124,2
2026-03-04,601318,13:24:05,61.3400,71,1
2026-03-04,601318,13:24:08,61.3400,161,1
2026-03-04,601318,13:24:11,61.3400,89,1
2026-03-04,601318,13:24:14,61.3600,149,1
2026-03-04,601318,13:24:17,61.3600,14,1
2026-03-04,601318,13:24:20,61.3700,39,1
2026-03-04,601318,13:24:23,61.3700,21,1
2026-03-04,601318,13:24:26,61.4000,122,1
2026-03-04,601318,13:24:29,61.4000,152,1
2026-03-04,601318,13:24:32,61.4000,32,2
2026-03-04,601318,13:24:35,61.4000,198,1
2026-03-04,601318,13:24:38,61.3900,251,2
2026-03-04,601318,13:24:41,61.4000,135,1
2026-03-04,601318,13:24:44,61.3700,89,2
2026-03-04,601318,13:24:47,61.3600,71,2
2026-03-04,601318,13:24:50,61.3600,32,1
2026-03-04,601318,13:24:53,61.3600,25,2
2026-03-04,601318,13:24:56,61.3700,120,1
2026-03-04,601318,13:24:59,61.3700,52,1
2026-03-04,601318,13:25:02,61.3600,240,2
2026-03-04,601318,13:25:05,61.3600,117,1
2026-03-04,601318,13:25:08,61.3600,75,1
2026-03-04,601318,13:25:11,61.3700,111,1
2026-03-04,601318,13:25:14,61.3700,143,1
2026-03-04,601318,13:25:17,61.3600,242,2
2026-03-04,601318,13:25:20,61.3700,254,2
2026-03-04,601318,13:25:23,61.4000,58,1
2026-03-04,601318,13:25:26,61.4200,95,1
2026-03-04,601318,13:25:29,61.4000,39,4
2026-03-04,601318,13:25:32,61.4200,103,1
2026-03-04,601318,13:25:35,61.4100,15,2
2026-03-04,601318,13:25:38,61.4200,22,4
2026-03-04,601318,13:25:41,61.4200,21,1
2026-03-04,601318,13:25:44,61.4300,44,1
2026-03-04,601318,13:25:47,61.4200,3,2
2026-03-04,601318,13:25:50,61.4400,116,1
2026-03-04,601318,13:25:53,61.4400,126,2
2026-03-04,601318,13:25:56,61.4400,333,2
2026-03-04,601318,13:25:59,61.3900,14,2
2026-03-04,601318,13:26:02,61.3900,45,2
2026-03-04,601318,13:26:05,61.3900,64,2
2026-03-04,601318,13:26:08,61.4000,22,1
2026-03-04,601318,13:26:11,61.4100,172,2
2026-03-04,601318,13:26:14,61.4200,90,1
2026-03-04,601318,13:26:17,61.4000,23,2
2026-03-04,601318,13:26:20,61.3900,48,2
2026-03-04,601318,13:26:23,61.3900,81,1
2026-03-04,601318,13:26:26,61.3900,47,2
2026-03-04,601318,13:26:29,61.3900,95,1
2026-03-04,601318,13:26:32,61.3800,224,2
2026-03-04,601318,13:26:35,61.3500,215,2
2026-03-04,601318,13:26:38,61.3700,5,1
2026-03-04,601318,13:26:41,61.3700,42,1
2026-03-04,601318,13:26:44,61.3700,59,2
2026-03-04,601318,13:26:47,61.3700,31,2
2026-03-04,601318,13:26:50,61.3900,108,1
2026-03-04,601318,13:26:53,61.3700,50,2
2026-03-04,601318,13:26:56,61.3900,94,1
2026-03-04,601318,13:26:59,61.3900,63,2
2026-03-04,601318,13:27:02,61.3700,26,2
2026-03-04,601318,13:27:05,61.3800,17,1
2026-03-04,601318,13:27:08,61.3700,22,2
2026-03-04,601318,13:27:11,61.3900,43,1
2026-03-04,601318,13:27:14,61.3700,20,2
2026-03-04,601318,13:27:17,61.3900,37,1
2026-03-04,601318,13:27:20,61.3900,69,1
2026-03-04,601318,13:27:23,61.3800,117,2
2026-03-04,601318,13:27:26,61.3800,84,1
2026-03-04,601318,13:27:29,61.3700,74,2
2026-03-04,601318,13:27:32,61.3900,13,1
2026-03-04,601318,13:27:35,61.3900,64,1
2026-03-04,601318,13:27:38,61.3900,120,2
2026-03-04,601318,13:27:41,61.3800,436,2
2026-03-04,601318,13:27:44,61.3800,28,1
2026-03-04,601318,13:27:47,61.3800,84,2
2026-03-04,601318,13:27:50,61.3700,9,2
2026-03-04,601318,13:27:53,61.3700,93,2
2026-03-04,601318,13:27:56,61.3600,9,2
2026-03-04,601318,13:27:59,61.3600,31,2
2026-03-04,601318,13:28:02,61.3000,105,2
2026-03-04,601318,13:28:05,61.3000,339,2
2026-03-04,601318,13:28:08,61.3200,103,1
2026-03-04,601318,13:28:11,61.3300,31,4
2026-03-04,601318,13:28:14,61.3100,47,2
2026-03-04,601318,13:28:17,61.3000,20,2
2026-03-04,601318,13:28:20,61.2900,130,2
2026-03-04,601318,13:28:23,61.2900,29,2
2026-03-04,601318,13:28:26,61.2900,46,2
2026-03-04,601318,13:28:29,61.2900,57,2
2026-03-04,601318,13:28:32,61.3000,83,1
2026-03-04,601318,13:28:35,61.3300,99,1
2026-03-04,601318,13:28:38,61.3600,80,1
2026-03-04,601318,13:28:41,61.3500,152,2
2026-03-04,601318,13:28:44,61.3100,23,2
2026-03-04,601318,13:28:47,61.3100,46,2
2026-03-04,601318,13:28:50,61.3000,238,2
2026-03-04,601318,13:28:53,61.3100,41,1
2026-03-04,601318,13:28:56,61.3100,174,1
2026-03-04,601318,13:28:59,61.3100,110,2
2026-03-04,601318,13:29:02,61.3000,157,2
2026-03-04,601318,13:29:05,61.3000,25,2
2026-03-04,601318,13:29:08,61.3200,149,1
2026-03-04,601318,13:29:11,61.3000,141,2
2026-03-04,601318,13:29:14,61.2900,362,2
2026-03-04,601318,13:29:17,61.2900,39,1
2026-03-04,601318,13:29:20,61.2800,12,2
2026-03-04,601318,13:29:23,61.2800,44,2
2026-03-04,601318,13:29:26,61.2800,69,1
2026-03-04,601318,13:29:29,61.2800,144,2
2026-03-04,601318,13:29:32,61.2800,154,2
2026-03-04,601318,13:29:35,61.2700,186,2
2026-03-04,601318,13:29:38,61.2800,15,1
2026-03-04,601318,13:29:41,61.2900,194,1
2026-03-04,601318,13:29:44,61.2800,92,2
2026-03-04,601318,13:29:47,61.2600,56,2
2026-03-04,601318,13:29:50,61.2700,31,1
2026-03-04,601318,13:29:53,61.2700,42,2
2026-03-04,601318,13:29:56,61.2700,44,2
2026-03-04,601318,13:29:59,61.2700,27,2
2026-03-04,601318,13:30:02,61.2300,187,2
2026-03-04,601318,13:30:05,61.2000,341,2
2026-03-04,601318,13:30:08,61.2000,416,2
2026-03-04,601318,13:30:11,61.1700,273,2
2026-03-04,601318,13:30:14,61.1800,25,2
2026-03-04,601318,13:30:17,61.1800,96,2
2026-03-04,601318,13:30:20,61.1800,182,1
2026-03-04,601318,13:30:23,61.1800,150,2
2026-03-04,601318,13:30:26,61.2700,282,1
2026-03-04,601318,13:30:29,61.1800,77,2
2026-03-04,601318,13:30:32,61.2000,68,2
2026-03-04,601318,13:30:35,61.2000,45,2
2026-03-04,601318,13:30:38,61.2200,22,2
2026-03-04,601318,13:30:41,61.2600,46,1
2026-03-04,601318,13:30:44,61.2400,98,4
2026-03-04,601318,13:30:47,61.2400,7,2
2026-03-04,601318,13:30:50,61.2500,48,1
2026-03-04,601318,13:30:53,61.2700,249,1
2026-03-04,601318,13:30:56,61.2300,315,1
2026-03-04,601318,13:30:59,61.2200,333,1
2026-03-04,601318,13:31:02,61.2300,281,2
2026-03-04,601318,13:31:05,61.2500,415,1
2026-03-04,601318,13:31:08,61.2500,55,1
2026-03-04,601318,13:31:11,61.2500,97,2
2026-03-04,601318,13:31:14,61.2400,235,2
2026-03-04,601318,13:31:17,61.2600,263,1
2026-03-04,601318,13:31:20,61.2600,75,1
2026-03-04,601318,13:31:23,61.2700,34,1
2026-03-04,601318,13:31:26,61.2800,291,1
2026-03-04,601318,13:31:29,61.2900,44,1
2026-03-04,601318,13:31:32,61.3100,139,1
2026-03-04,601318,13:31:35,61.3200,110,1
2026-03-04,601318,13:31:38,61.3100,48,2
2026-03-04,601318,13:31:41,61.3000,71,2
2026-03-04,601318,13:31:44,61.3100,197,1
2026-03-04,601318,13:31:47,61.3100,102,1
2026-03-04,601318,13:31:50,61.3000,127,2
2026-03-04,601318,13:31:53,61.3100,15,1
2026-03-04,601318,13:31:56,61.3100,116,2
2026-03-04,601318,13:31:59,61.3200,30,1
2026-03-04,601318,13:32:02,61.3200,68,2
2026-03-04,601318,13:32:05,61.3300,7,1
2026-03-04,601318,13:32:08,61.3300,40,1
2026-03-04,601318,13:32:11,61.3300,35,1
2026-03-04,601318,13:32:14,61.3300,139,1
2026-03-04,601318,13:32:17,61.3200,150,2
2026-03-04,601318,13:32:20,61.3500,40,1
2026-03-04,601318,13:32:23,61.3600,77,1
2026-03-04,601318,13:32:26,61.3800,34,1
2026-03-04,601318,13:32:29,61.3900,95,1
2026-03-04,601318,13:32:32,61.3900,6,1
2026-03-04,601318,13:32:35,61.3800,121,2
2026-03-04,601318,13:32:38,61.4000,59,2
2026-03-04,601318,13:32:41,61.4100,37,1
2026-03-04,601318,13:32:44,61.4300,62,1
2026-03-04,601318,13:32:47,61.4100,164,2
2026-03-04,601318,13:32:50,61.4100,358,2
2026-03-04,601318,13:32:53,61.3700,64,2
2026-03-04,601318,13:32:56,61.3500,91,2
2026-03-04,601318,13:32:59,61.3700,126,1
2026-03-04,601318,13:33:02,61.3500,9,2
2026-03-04,601318,13:33:05,61.3400,94,2
2026-03-04,601318,13:33:08,61.3400,77,2
2026-03-04,601318,13:33:11,61.3500,6,2
2026-03-04,601318,13:33:14,61.3400,130,2
2026-03-04,601318,13:33:17,61.3500,70,1
2026-03-04,601318,13:33:20,61.3500,14,1
2026-03-04,601318,13:33:23,61.3500,114,1
2026-03-04,601318,13:33:26,61.3600,183,2
2026-03-04,601318,13:33:29,61.3700,63,1
2026-03-04,601318,13:33:32,61.3800,20,1
2026-03-04,601318,13:33:35,61.3700,73,2
2026-03-04,601318,13:33:38,61.3600,195,2
2026-03-04,601318,13:33:41,61.3700,33,2
2026-03-04,601318,13:33:44,61.3800,35,1
2026-03-04,601318,13:33:47,61.3800,34,1
2026-03-04,601318,13:33:50,61.3500,188,2
2026-03-04,601318,13:33:53,61.3600,56,4
2026-03-04,601318,13:33:56,61.3400,43,2
2026-03-04,601318,13:33:59,61.3500,65,1
2026-03-04,601318,13:34:02,61.3600,28,4
2026-03-04,601318,13:34:05,61.3400,54,2
2026-03-04,601318,13:34:08,61.3500,64,1
2026-03-04,601318,13:34:11,61.3800,93,1
2026-03-04,601318,13:34:14,61.3700,101,2
2026-03-04,601318,13:34:17,61.3800,40,1
2026-03-04,601318,13:34:20,61.3900,42,1
2026-03-04,601318,13:34:23,61.3800,72,2
2026-03-04,601318,13:34:26,61.3600,187,2
2026-03-04,601318,13:34:29,61.3500,14,2
2026-03-04,601318,13:34:32,61.3500,53,2
2026-03-04,601318,13:34:35,61.3500,16,2
2026-03-04,601318,13:34:38,61.3500,99,2
2026-03-04,601318,13:34:41,61.3500,312,2
2026-03-04,601318,13:34:44,61.3500,84,2
2026-03-04,601318,13:34:47,61.3500,93,2
2026-03-04,601318,13:34:50,61.3500,34,1
2026-03-04,601318,13:34:53,61.3900,38,1
2026-03-04,601318,13:34:56,61.3700,196,2
2026-03-04,601318,13:34:59,61.4000,12,1
2026-03-04,601318,13:35:02,61.4000,384,1
2026-03-04,601318,13:35:05,61.3900,79,4
2026-03-04,601318,13:35:08,61.3900,122,2
2026-03-04,601318,13:35:11,61.4100,28,1
2026-03-04,601318,13:35:14,61.4000,45,4
2026-03-04,601318,13:35:17,61.4100,27,1
2026-03-04,601318,13:35:20,61.3900,129,2
2026-03-04,601318,13:35:23,61.4500,74,1
2026-03-04,601318,13:35:26,61.3900,723,2
2026-03-04,601318,13:35:29,61.4300,110,1
2026-03-04,601318,13:35:32,61.4000,124,2
2026-03-04,601318,13:35:35,61.4200,27,4
2026-03-04,601318,13:35:38,61.4400,139,1
2026-03-04,601318,13:35:41,61.4300,110,2
2026-03-04,601318,13:35:44,61.4400,27,1
2026-03-04,601318,13:35:47,61.4400,118,1
2026-03-04,601318,13:35:50,61.4400,21,2
2026-03-04,601318,13:35:53,61.4600,5,1
2026-03-04,601318,13:35:56,61.4600,46,1
2026-03-04,601318,13:35:59,61.4400,144,2
2026-03-04,601318,13:36:02,61.4100,219,2
2026-03-04,601318,13:36:05,61.3900,130,2
2026-03-04,601318,13:36:08,61.3900,110,2
2026-03-04,601318,13:36:11,61.3800,46,2
2026-03-04,601318,13:36:14,61.3800,65,1
2026-03-04,601318,13:36:17,61.3800,61,1
2026-03-04,601318,13:36:20,61.4000,45,1
2026-03-04,601318,13:36:23,61.4100,29,1
2026-03-04,601318,13:36:26,61.4400,118,1
2026-03-04,601318,13:36:29,61.4500,118,1
2026-03-04,601318,13:36:32,61.4400,30,4
2026-03-04,601318,13:36:35,61.4200,70,2
2026-03-04,601318,13:36:38,61.4100,119,2
2026-03-04,601318,13:36:41,61.4300,61,1
2026-03-04,601318,13:36:44,61.4300,54,2
2026-03-04,601318,13:36:47,61.4400,45,1
2026-03-04,601318,13:36:50,61.4300,59,2
2026-03-04,601318,13:36:53,61.4500,40,1
2026-03-04,601318,13:36:56,61.4400,92,4
2026-03-04,601318,13:36:59,61.4300,38,2
2026-03-04,601318,13:37:02,61.4300,156,2
2026-03-04,601318,13:37:05,61.4200,92,2
2026-03-04,601318,13:37:08,61.4300,34,2
2026-03-04,601318,13:37:11,61.4200,75,2
2026-03-04,601318,13:37:14,61.4300,257,1
2026-03-04,601318,13:37:17,61.4400,53,4
2026-03-04,601318,13:37:20,61.4300,78,2
2026-03-04,601318,13:37:23,61.4300,40,2
2026-03-04,601318,13:37:26,61.4300,68,2
2026-03-04,601318,13:37:29,61.4400,10,4
2026-03-04,601318,13:37:32,61.4400,12,2
2026-03-04,601318,13:37:35,61.4400,180,2
2026-03-04,601318,13:37:38,61.4500,13,1
2026-03-04,601318,13:37:41,61.4400,12,2
2026-03-04,601318,13:37:44,61.4500,701,1
2026-03-04,601318,13:37:47,61.4500,72,1
2026-03-04,601318,13:37:50,61.4500,15,2
2026-03-04,601318,13:37:53,61.4700,191,1
2026-03-04,601318,13:37:56,61.4700,112,1
2026-03-04,601318,13:37:59,61.4700,82,1
2026-03-04,601318,13:38:02,61.4600,121,2
2026-03-04,601318,13:38:05,61.4800,98,1
2026-03-04,601318,13:38:08,61.4700,22,2
2026-03-04,601318,13:38:11,61.4700,59,2
2026-03-04,601318,13:38:14,61.4700,148,2
2026-03-04,601318,13:38:17,61.4700,16,2
2026-03-04,601318,13:38:20,61.4700,9,2
2026-03-04,601318,13:38:23,61.4800,104,1
2026-03-04,601318,13:38:26,61.4700,56,4
2026-03-04,601318,13:38:29,61.4600,75,2
2026-03-04,601318,13:38:32,61.4800,63,1
2026-03-04,601318,13:38:35,61.4800,42,2
2026-03-04,601318,13:38:38,61.4800,98,2
2026-03-04,601318,13:38:41,61.4800,92,2
2026-03-04,601318,13:38:44,61.4600,559,2
2026-03-04,601318,13:38:47,61.4600,46,1
2026-03-04,601318,13:38:50,61.4500,32,2
2026-03-04,601318,13:38:53,61.4600,44,1
2026-03-04,601318,13:38:56,61.4500,16,2
2026-03-04,601318,13:38:59,61.4600,86,1
2026-03-04,601318,13:39:02,61.4500,4,2
2026-03-04,601318,13:39:05,61.4600,133,1
2026-03-04,601318,13:39:08,61.4500,53,2
2026-03-04,601318,13:39:11,61.4500,57,2
2026-03-04,601318,13:39:14,61.4600,281,1
2026-03-04,601318,13:39:17,61.4500,55,2
2026-03-04,601318,13:39:20,61.4800,71,1
2026-03-04,601318,13:39:23,61.4600,220,2
2026-03-04,601318,13:39:26,61.4500,79,2
2026-03-04,601318,13:39:29,61.4800,13,2
2026-03-04,601318,13:39:32,61.4900,172,1
2026-03-04,601318,13:39:35,61.4900,47,2
2026-03-04,601318,13:39:38,61.4900,112,2
2026-03-04,601318,13:39:41,61.4900,31,2
2026-03-04,601318,13:39:44,61.4900,120,2
2026-03-04,601318,13:39:47,61.4900,104,2
2026-03-04,601318,13:39:50,61.4900,103,2
2026-03-04,601318,13:39:53,61.4900,160,1
2026-03-04,601318,13:39:56,61.5000,77,1
2026-03-04,601318,13:39:59,61.5000,303,1
2026-03-04,601318,13:40:02,61.5100,32,1
2026-03-04,601318,13:40:05,61.5200,247,1
2026-03-04,601318,13:40:08,61.5200,195,1
2026-03-04,601318,13:40:11,61.5200,27,1
2026-03-04,601318,13:40:14,61.5400,165,1
2026-03-04,601318,13:40:17,61.4900,717,2
2026-03-04,601318,13:40:20,61.4800,263,2
2026-03-04,601318,13:40:23,61.4900,102,1
2026-03-04,601318,13:40:26,61.5300,46,1
2026-03-04,601318,13:40:29,61.4900,105,2
2026-03-04,601318,13:40:32,61.5100,45,1
2026-03-04,601318,13:40:35,61.5100,41,2
2026-03-04,601318,13:40:38,61.4800,35,2
2026-03-04,601318,13:40:41,61.4800,74,2
2026-03-04,601318,13:40:44,61.4800,202,2
2026-03-04,601318,13:40:47,61.5000,3,4
2026-03-04,601318,13:40:50,61.4800,101,2
2026-03-04,601318,13:40:53,61.4900,133,4
2026-03-04,601318,13:40:56,61.4900,32,2
2026-03-04,601318,13:40:59,61.5000,75,1
2026-03-04,601318,13:41:02,61.4900,102,4
2026-03-04,601318,13:41:05,61.5300,7308,1
2026-03-04,601318,13:41:08,61.5600,1219,1
2026-03-04,601318,13:41:11,61.5400,219,2
2026-03-04,601318,13:41:14,61.5800,285,1
2026-03-04,601318,13:41:17,61.5800,175,1
2026-03-04,601318,13:41:20,61.5700,88,1
2026-03-04,601318,13:41:23,61.5400,42,2
2026-03-04,601318,13:41:26,61.5500,67,4
2026-03-04,601318,13:41:29,61.5400,33,2
2026-03-04,601318,13:41:32,61.5500,44,1
2026-03-04,601318,13:41:35,61.5500,44,2
2026-03-04,601318,13:41:38,61.5500,44,2
2026-03-04,601318,13:41:41,61.5600,600,4
2026-03-04,601318,13:41:44,61.5600,108,1
2026-03-04,601318,13:41:47,61.5700,48,1
2026-03-04,601318,13:41:50,61.5700,56,1
2026-03-04,601318,13:41:53,61.5800,53,1
2026-03-04,601318,13:41:56,61.5700,105,2
2026-03-04,601318,13:41:59,61.5800,14,4
2026-03-04,601318,13:42:02,61.5600,367,2
2026-03-04,601318,13:42:05,61.5600,196,2
2026-03-04,601318,13:42:08,61.5500,2156,2
2026-03-04,601318,13:42:11,61.5500,103,2
2026-03-04,601318,13:42:14,61.5300,70,2
2026-03-04,601318,13:42:17,61.5300,40,2
2026-03-04,601318,13:42:20,61.5300,68,2
2026-03-04,601318,13:42:23,61.5300,24,2
2026-03-04,601318,13:42:26,61.5400,48,1
2026-03-04,601318,13:42:29,61.5300,19,2
2026-03-04,601318,13:42:32,61.5400,50,1
2026-03-04,601318,13:42:35,61.5400,455,1
2026-03-04,601318,13:42:38,61.5500,537,1
2026-03-04,601318,13:42:41,61.5800,322,1
2026-03-04,601318,13:42:44,61.5800,20,1
2026-03-04,601318,13:42:47,61.5800,198,1
2026-03-04,601318,13:42:50,61.5900,143,4
2026-03-04,601318,13:42:53,61.6100,45,1
2026-03-04,601318,13:42:56,61.5900,64,2
2026-03-04,601318,13:42:59,61.6100,14,1
2026-03-04,601318,13:43:02,61.6000,118,2
2026-03-04,601318,13:43:05,61.6100,75,1
2026-03-04,601318,13:43:08,61.6000,19,1
2026-03-04,601318,13:43:11,61.6000,42,1
2026-03-04,601318,13:43:14,61.6000,132,1
2026-03-04,601318,13:43:17,61.6100,165,1
2026-03-04,601318,13:43:20,61.6000,155,2
2026-03-04,601318,13:43:23,61.6000,54,2
2026-03-04,601318,13:43:26,61.6000,66,1
2026-03-04,601318,13:43:29,61.6000,46,2
2026-03-04,601318,13:43:32,61.5900,24,2
2026-03-04,601318,13:43:35,61.5800,139,2
2026-03-04,601318,13:43:38,61.5900,102,1
2026-03-04,601318,13:43:41,61.5800,92,2
2026-03-04,601318,13:43:44,61.5800,71,2
2026-03-04,601318,13:43:47,61.5700,100,2
2026-03-04,601318,13:43:50,61.5800,27,2
2026-03-04,601318,13:43:53,61.5800,108,1
2026-03-04,601318,13:43:56,61.5800,27,1
2026-03-04,601318,13:43:59,61.5700,62,2
2026-03-04,601318,13:44:02,61.5700,75,1
2026-03-04,601318,13:44:05,61.5700,125,1
2026-03-04,601318,13:44:08,61.5700,16,1
2026-03-04,601318,13:44:11,61.5600,28,2
2026-03-04,601318,13:44:14,61.5600,45,2
2026-03-04,601318,13:44:17,61.5600,48,1
2026-03-04,601318,13:44:20,61.5300,674,2
2026-03-04,601318,13:44:23,61.5300,362,1
2026-03-04,601318,13:44:26,61.5600,141,1
2026-03-04,601318,13:44:29,61.5500,241,1
2026-03-04,601318,13:44:32,61.5500,949,2
2026-03-04,601318,13:44:35,61.5600,189,2
2026-03-04,601318,13:44:38,61.6200,632,1
2026-03-04,601318,13:44:41,61.6100,47,2
2026-03-04,601318,13:44:44,61.6100,24,2
2026-03-04,601318,13:44:47,61.6100,69,2
2026-03-04,601318,13:44:50,61.6000,15,2
2026-03-04,601318,13:44:53,61.6000,130,2
2026-03-04,601318,13:44:56,61.6000,50,1
2026-03-04,601318,13:44:59,61.6000,47,1
2026-03-04,601318,13:45:02,61.6100,68,1
2026-03-04,601318,13:45:05,61.5900,71,2
2026-03-04,601318,13:45:08,61.5900,59,1
2026-03-04,601318,13:45:11,61.5700,15,2
2026-03-04,601318,13:45:14,61.5900,65,1
2026-03-04,601318,13:45:17,61.5900,32,1
2026-03-04,601318,13:45:20,61.5800,101,4
2026-03-04,601318,13:45:23,61.5900,53,1
2026-03-04,601318,13:45:26,61.5900,91,1
2026-03-04,601318,13:45:29,61.5900,109,1
2026-03-04,601318,13:45:32,61.5900,42,2
2026-03-04,601318,13:45:35,61.5900,86,2
2026-03-04,601318,13:45:38,61.5900,85,2
2026-03-04,601318,13:45:41,61.6000,418,1
2026-03-04,601318,13:45:44,61.6300,640,1
2026-03-04,601318,13:45:47,61.6100,33,2
2026-03-04,601318,13:45:50,61.6400,72,1
2026-03-04,601318,13:45:53,61.6100,32,2
2026-03-04,601318,13:45:56,61.6200,39,4
2026-03-04,601318,13:45:59,61.6000,72,2
2026-03-04,601318,13:46:02,61.6000,156,2
2026-03-04,601318,13:46:05,61.6100,91,1
2026-03-04,601318,13:46:08,61.6100,25,1
2026-03-04,601318,13:46:11,61.6000,77,2
2026-03-04,601318,13:46:14,61.6000,29,2
2026-03-04,601318,13:46:17,61.6100,23,1
2026-03-04,601318,13:46:20,61.6000,16,2
2026-03-04,601318,13:46:23,61.5900,122,2
2026-03-04,601318,13:46:26,61.6000,17,1
2026-03-04,601318,13:46:29,61.5900,65,2
2026-03-04,601318,13:46:32,61.6000,116,1
2026-03-04,601318,13:46:35,61.5900,164,2
2026-03-04,601318,13:46:38,61.5900,117,1
2026-03-04,601318,13:46:41,61.5700,609,2
2026-03-04,601318,13:46:44,61.5700,25,1
2026-03-04,601318,13:46:47,61.5500,7,2
2026-03-04,601318,13:46:50,61.5700,512,1
2026-03-04,601318,13:46:53,61.5800,54,1
2026-03-04,601318,13:46:56,61.5800,10,1
2026-03-04,601318,13:46:59,61.5800,31,1
2026-03-04,601318,13:47:02,61.5700,99,2
2026-03-04,601318,13:47:05,61.5600,238,2
2026-03-04,601318,13:47:08,61.5600,101,2
2026-03-04,601318,13:47:11,61.5500,11,2
2026-03-04,601318,13:47:14,61.5500,84,2
2026-03-04,601318,13:47:17,61.5300,70,2
2026-03-04,601318,13:47:20,61.5300,29,2
2026-03-04,601318,13:47:23,61.5300,25,2
2026-03-04,601318,13:47:26,61.5000,71,2
2026-03-04,601318,13:47:29,61.5000,24,2
2026-03-04,601318,13:47:32,61.5100,21,4
2026-03-04,601318,13:47:35,61.5000,24,2
2026-03-04,601318,13:47:38,61.5200,6,1
2026-03-04,601318,13:47:41,61.5100,12,2
2026-03-04,601318,13:47:44,61.5100,12,2
2026-03-04,601318,13:47:47,61.5100,67,2
2026-03-04,601318,13:47:50,61.5100,37,2
2026-03-04,601318,13:47:53,61.5200,102,1
2026-03-04,601318,13:47:56,61.5100,40,1
2026-03-04,601318,13:47:59,61.5100,61,1
2026-03-04,601318,13:48:02,61.5100,45,1
2026-03-04,601318,13:48:05,61.5200,158,1
2026-03-04,601318,13:48:08,61.5300,59,1
2026-03-04,601318,13:48:11,61.5400,14,1
2026-03-04,601318,13:48:14,61.5500,4,1
2026-03-04,601318,13:48:17,61.5500,41,1
2026-03-04,601318,13:48:20,61.5600,49,1
2026-03-04,601318,13:48:23,61.5600,48,2
2026-03-04,601318,13:48:26,61.5400,199,2
2026-03-04,601318,13:48:29,61.5300,167,2
2026-03-04,601318,13:48:32,61.5700,80,1
2026-03-04,601318,13:48:35,61.5400,37,2
2026-03-04,601318,13:48:38,61.5600,14,1
2026-03-04,601318,13:48:41,61.5600,15,2
2026-03-04,601318,13:48:44,61.5500,97,2
2026-03-04,601318,13:48:47,61.5500,70,2
2026-03-04,601318,13:48:50,61.5500,119,2
2026-03-04,601318,13:48:53,61.5400,56,2
2026-03-04,601318,13:48:56,61.5500,780,1
2026-03-04,601318,13:48:59,61.5100,213,2
2026-03-04,601318,13:49:02,61.5100,413,2
2026-03-04,601318,13:49:05,61.5000,144,2
2026-03-04,601318,13:49:08,61.5500,102,1
2026-03-04,601318,13:49:11,61.5300,335,2
2026-03-04,601318,13:49:14,61.5200,130,2
2026-03-04,601318,13:49:17,61.5900,149,1
2026-03-04,601318,13:49:20,61.5800,43,1
2026-03-04,601318,13:49:23,61.5800,69,1
2026-03-04,601318,13:49:26,61.5800,33,1
2026-03-04,601318,13:49:29,61.5800,25,1
2026-03-04,601318,13:49:32,61.5800,45,1
2026-03-04,601318,13:49:35,61.5800,60,1
2026-03-04,601318,13:49:38,61.5800,39,1
2026-03-04,601318,13:49:41,61.5800,62,1
2026-03-04,601318,13:49:44,61.5600,154,2
2026-03-04,601318,13:49:47,61.5800,111,1
2026-03-04,601318,13:49:50,61.5400,128,2
2026-03-04,601318,13:49:53,61.5500,115,2
2026-03-04,601318,13:49:56,61.5900,86,1
2026-03-04,601318,13:49:59,61.6000,75,1
2026-03-04,601318,13:50:02,61.6000,112,1
2026-03-04,601318,13:50:05,61.6100,64,1
2026-03-04,601318,13:50:08,61.6200,126,1
2026-03-04,601318,13:50:11,61.6200,212,2
2026-03-04,601318,13:50:14,61.6500,172,1
2026-03-04,601318,13:50:17,61.6100,288,2
2026-03-04,601318,13:50:20,61.6400,275,1
2026-03-04,601318,13:50:23,61.6400,72,1
2026-03-04,601318,13:50:26,61.6500,224,1
2026-03-04,601318,13:50:29,61.6500,110,1
2026-03-04,601318,13:50:32,61.6000,217,2
2026-03-04,601318,13:50:35,61.6400,244,1
2026-03-04,601318,13:50:38,61.6100,96,2
2026-03-04,601318,13:50:41,61.6000,154,2
2026-03-04,601318,13:50:44,61.6100,31,1
2026-03-04,601318,13:50:47,61.5900,41,2
2026-03-04,601318,13:50:50,61.6400,36,1
2026-03-04,601318,13:50:53,61.6500,198,1
2026-03-04,601318,13:50:56,61.6100,83,2
2026-03-04,601318,13:50:59,61.6300,29,1
2026-03-04,601318,13:51:02,61.6400,204,1
2026-03-04,601318,13:51:05,61.6100,117,2
2026-03-04,601318,13:51:08,61.6200,172,2
2026-03-04,601318,13:51:11,61.6200,56,2
2026-03-04,601318,13:51:14,61.6200,96,2
2026-03-04,601318,13:51:17,61.6500,100,1
2026-03-04,601318,13:51:20,61.6300,50,2
2026-03-04,601318,13:51:23,61.6300,55,2
2026-03-04,601318,13:51:26,61.6300,67,2
2026-03-04,601318,13:51:29,61.6200,77,2
2026-03-04,601318,13:51:32,61.6000,93,2
2026-03-04,601318,13:51:35,61.6300,35,1
2026-03-04,601318,13:51:38,61.6000,429,2
2026-03-04,601318,13:51:41,61.6200,121,1
2026-03-04,601318,13:51:44,61.6200,34,1
2026-03-04,601318,13:51:47,61.6200,73,2
2026-03-04,601318,13:51:50,61.6200,77,2
2026-03-04,601318,13:51:53,61.6300,121,1
2026-03-04,601318,13:51:56,61.6300,54,2
2026-03-04,601318,13:51:59,61.6300,73,2
2026-03-04,601318,13:52:02,61.6300,43,2
2026-03-04,601318,13:52:05,61.6300,117,2
2026-03-04,601318,13:52:08,61.6200,116,2
2026-03-04,601318,13:52:11,61.6200,17,2
2026-03-04,601318,13:52:14,61.6300,128,1
2026-03-04,601318,13:52:17,61.6300,26,2
2026-03-04,601318,13:52:20,61.6600,43,1
2026-03-04,601318,13:52:23,61.6300,49,2
2026-03-04,601318,13:52:26,61.6700,21,1
2026-03-04,601318,13:52:29,61.6700,17,1
2026-03-04,601318,13:52:32,61.6300,191,2
2026-03-04,601318,13:52:35,61.6200,70,2
2026-03-04,601318,13:52:38,61.6300,48,1
2026-03-04,601318,13:52:41,61.6300,22,2
2026-03-04,601318,13:52:44,61.6700,105,1
2026-03-04,601318,13:52:47,61.6500,44,4
2026-03-04,601318,13:52:50,61.6300,17,2
2026-03-04,601318,13:52:53,61.6600,28,1
2026-03-04,601318,13:52:56,61.6100,238,2
2026-03-04,601318,13:52:59,61.6500,91,1
2026-03-04,601318,13:53:02,61.6200,33,2
2026-03-04,601318,13:53:05,61.6200,243,2
2026-03-04,601318,13:53:08,61.5900,86,2
2026-03-04,601318,13:53:11,61.6100,73,1
2026-03-04,601318,13:53:14,61.6100,31,1
2026-03-04,601318,13:53:17,61.6100,87,1
2026-03-04,601318,13:53:20,61.5800,35,2
2026-03-04,601318,13:53:23,61.6100,14,1
2026-03-04,601318,13:53:26,61.6100,23,1
2026-03-04,601318,13:53:29,61.5900,26,2
2026-03-04,601318,13:53:32,61.6000,5,1
2026-03-04,601318,13:53:35,61.6000,62,1
2026-03-04,601318,13:53:38,61.6000,55,1
2026-03-04,601318,13:53:41,61.5800,115,2
2026-03-04,601318,13:53:44,61.5600,135,2
2026-03-04,601318,13:53:47,61.5600,74,2
2026-03-04,601318,13:53:50,61.5500,543,2
2026-03-04,601318,13:53:53,61.6300,102,1
2026-03-04,601318,13:53:56,61.5700,150,4
2026-03-04,601318,13:53:59,61.5700,114,2
2026-03-04,601318,13:54:02,61.6200,46,1
2026-03-04,601318,13:54:05,61.6000,16,2
2026-03-04,601318,13:54:08,61.6100,11,2
2026-03-04,601318,13:54:11,61.5900,54,2
2026-03-04,601318,13:54:14,61.6100,53,1
2026-03-04,601318,13:54:17,61.6000,48,1
2026-03-04,601318,13:54:20,61.6000,39,1
2026-03-04,601318,13:54:23,61.6100,27,1
2026-03-04,601318,13:54:26,61.6000,103,2
2026-03-04,601318,13:54:29,61.6200,78,1
2026-03-04,601318,13:54:32,61.6500,283,1
2026-03-04,601318,13:54:35,61.6200,981,2
2026-03-04,601318,13:54:38,61.6100,172,2
2026-03-04,601318,13:54:41,61.6100,20,2
2026-03-04,601318,13:54:44,61.6300,53,2
2026-03-04,601318,13:54:47,61.6100,36,2
2026-03-04,601318,13:54:50,61.6200,26,2
2026-03-04,601318,13:54:53,61.6100,236,2
2026-03-04,601318,13:54:56,61.5900,116,2
2026-03-04,601318,13:54:59,61.6100,51,1
2026-03-04,601318,13:55:02,61.6100,24,1
2026-03-04,601318,13:55:05,61.6200,14,1
2026-03-04,601318,13:55:08,61.6100,32,4
2026-03-04,601318,13:55:11,61.6400,15,1
2026-03-04,601318,13:55:14,61.6300,10,1
2026-03-04,601318,13:55:17,61.6400,18,1
2026-03-04,601318,13:55:20,61.6300,14,4
2026-03-04,601318,13:55:23,61.6200,11,2
2026-03-04,601318,13:55:26,61.6200,73,2
2026-03-04,601318,13:55:29,61.6200,14,2
2026-03-04,601318,13:55:32,61.6300,16,1
2026-03-04,601318,13:55:35,61.6100,41,2
2026-03-04,601318,13:55:38,61.6300,31,1
2026-03-04,601318,13:55:41,61.6200,90,2
2026-03-04,601318,13:55:44,61.6200,191,2
2026-03-04,601318,13:55:47,61.6300,25,1
2026-03-04,601318,13:55:50,61.6100,5,2
2026-03-04,601318,13:55:53,61.6200,69,1
2026-03-04,601318,13:55:56,61.6200,16,1
2026-03-04,601318,13:55:59,61.6200,26,1
2026-03-04,601318,13:56:02,61.6000,265,2
2026-03-04,601318,13:56:05,61.5800,71,2
2026-03-04,601318,13:56:08,61.5700,22,2
2026-03-04,601318,13:56:11,61.5400,95,2
2026-03-04,601318,13:56:14,61.5500,94,1
2026-03-04,601318,13:56:17,61.5400,7,2
2026-03-04,601318,13:56:20,61.5000,125,2
2026-03-04,601318,13:56:23,61.5300,144,1
2026-03-04,601318,13:56:26,61.5000,61,2
2026-03-04,601318,13:56:29,61.5500,7,1
2026-03-04,601318,13:56:32,61.5200,12,2
2026-03-04,601318,13:56:35,61.5400,23,1
2026-03-04,601318,13:56:38,61.5200,79,2
2026-03-04,601318,13:56:41,61.5200,70,2
2026-03-04,601318,13:56:44,61.5300,138,1
2026-03-04,601318,13:56:47,61.5500,12,1
2026-03-04,601318,13:56:50,61.5300,106,2
2026-03-04,601318,13:56:53,61.5400,82,4
2026-03-04,601318,13:56:56,61.5200,87,2
2026-03-04,601318,13:56:59,61.5100,38,2
2026-03-04,601318,13:57:02,61.5200,266,2
2026-03-04,601318,13:57:05,61.4800,293,2
2026-03-04,601318,13:57:08,61.5200,62,1
2026-03-04,601318,13:57:11,61.5000,37,4
2026-03-04,601318,13:57:14,61.5300,33,1
2026-03-04,601318,13:57:17,61.5200,30,2
2026-03-04,601318,13:57:20,61.5300,6,2
2026-03-04,601318,13:57:23,61.5500,61,1
2026-03-04,601318,13:57:26,61.5200,123,2
2026-03-04,601318,13:57:29,61.5500,215,1
2026-03-04,601318,13:57:32,61.5700,49,1
2026-03-04,601318,13:57:35,61.5400,155,2
2026-03-04,601318,13:57:38,61.5400,75,2
2026-03-04,601318,13:57:41,61.5500,80,4
2026-03-04,601318,13:57:44,61.5500,77,2
2026-03-04,601318,13:57:47,61.5500,55,2
2026-03-04,601318,13:57:50,61.5700,9,4
2026-03-04,601318,13:57:53,61.5400,260,2
2026-03-04,601318,13:57:56,61.5300,16,1
2026-03-04,601318,13:57:59,61.4800,822,2
2026-03-04,601318,13:58:02,61.5000,265,1
2026-03-04,601318,13:58:05,61.5000,241,2
2026-03-04,601318,13:58:08,61.4600,101,2
2026-03-04,601318,13:58:14,61.5200,35,1
2026-03-04,601318,13:58:17,61.5300,8,1
2026-03-04,601318,13:58:20,61.5100,19,2
2026-03-04,601318,13:58:23,61.5300,124,1
2026-03-04,601318,13:58:26,61.5100,58,2
2026-03-04,601318,13:58:29,61.5300,10,1
2026-03-04,601318,13:58:32,61.5100,105,2
2026-03-04,601318,13:58:35,61.5300,115,1
2026-03-04,601318,13:58:38,61.5200,31,4
2026-03-04,601318,13:58:41,61.5300,71,1
2026-03-04,601318,13:58:44,61.5300,79,1
2026-03-04,601318,13:58:47,61.5000,154,2
2026-03-04,601318,13:58:50,61.5100,89,4
2026-03-04,601318,13:58:53,61.5000,43,2
2026-03-04,601318,13:58:56,61.5100,31,1
2026-03-04,601318,13:59:02,61.5100,145,2
2026-03-04,601318,13:59:05,61.5400,94,1
2026-03-04,601318,13:59:08,61.5100,13,2
2026-03-04,601318,13:59:11,61.5300,13,1
2026-03-04,601318,13:59:14,61.5400,80,1
2026-03-04,601318,13:59:17,61.5200,19,4
2026-03-04,601318,13:59:20,61.5300,21,1
2026-03-04,601318,13:59:23,61.5400,53,1
2026-03-04,601318,13:59:26,61.5500,112,1
2026-03-04,601318,13:59:29,61.5200,43,2
2026-03-04,601318,13:59:32,61.5500,49,1
2026-03-04,601318,13:59:35,61.5200,87,2
2026-03-04,601318,13:59:38,61.5200,75,2
2026-03-04,601318,13:59:41,61.5300,37,1
2026-03-04,601318,13:59:44,61.5000,157,2
2026-03-04,601318,13:59:47,61.5200,91,2
2026-03-04,601318,13:59:50,61.5200,9,1
2026-03-04,601318,13:59:53,61.5500,26,1
2026-03-04,601318,13:59:56,61.5700,43,1
2026-03-04,601318,13:59:59,61.5300,9,2
2026-03-04,601318,14:00:02,61.5300,102,1
2026-03-04,601318,14:00:05,61.5300,98,1
2026-03-04,601318,14:00:08,61.5200,15,2
2026-03-04,601318,14:00:11,61.5500,59,1
2026-03-04,601318,14:00:14,61.5500,23,1
2026-03-04,601318,14:00:17,61.5400,92,2
2026-03-04,601318,14:00:20,61.4700,599,2
2026-03-04,601318,14:00:23,61.5400,123,1
2026-03-04,601318,14:00:26,61.5300,58,4
2026-03-04,601318,14:00:29,61.5200,31,1
2026-03-04,601318,14:00:32,61.5500,44,1
2026-03-04,601318,14:00:35,61.5300,94,2
2026-03-04,601318,14:00:38,61.5300,72,2
2026-03-04,601318,14:00:41,61.5900,1494,1
2026-03-04,601318,14:00:44,61.5100,238,2
2026-03-04,601318,14:00:47,61.5300,144,1
2026-03-04,601318,14:00:50,61.5500,47,1
2026-03-04,601318,14:00:53,61.5000,161,2
2026-03-04,601318,14:00:56,61.5400,220,1
2026-03-04,601318,14:00:59,61.5300,5,4
2026-03-04,601318,14:01:02,61.5300,34,2
2026-03-04,601318,14:01:05,61.5000,201,2
2026-03-04,601318,14:01:08,61.5000,38,2
2026-03-04,601318,14:01:11,61.5000,60,2
2026-03-04,601318,14:01:14,61.5200,141,1
2026-03-04,601318,14:01:17,61.4900,178,2
2026-03-04,601318,14:01:20,61.5200,14,1
2026-03-04,601318,14:01:23,61.5300,53,1
2026-03-04,601318,14:01:26,61.5500,53,1
2026-03-04,601318,14:01:29,61.4900,51,2
2026-03-04,601318,14:01:32,61.5300,171,1
2026-03-04,601318,14:01:35,61.4900,25,2
2026-03-04,601318,14:01:38,61.5100,7,1
2026-03-04,601318,14:01:41,61.4900,232,2
2026-03-04,601318,14:01:44,61.5300,90,4
2026-03-04,601318,14:01:47,61.5300,21,1
2026-03-04,601318,14:01:50,61.5300,45,1
2026-03-04,601318,14:01:53,61.4900,115,2
2026-03-04,601318,14:01:56,61.4900,65,2
2026-03-04,601318,14:01:59,61.4900,71,2
2026-03-04,601318,14:02:02,61.5000,146,1
2026-03-04,601318,14:02:05,61.4900,83,2
2026-03-04,601318,14:02:08,61.4900,43,2
2026-03-04,601318,14:02:11,61.4900,50,2
2026-03-04,601318,14:02:14,61.4800,169,2
2026-03-04,601318,14:02:17,61.4800,87,2
2026-03-04,601318,14:02:20,61.4900,11,1
2026-03-04,601318,14:02:23,61.5300,121,1
2026-03-04,601318,14:02:26,61.4800,98,2
2026-03-04,601318,14:02:29,61.4900,10,2
2026-03-04,601318,14:02:32,61.5000,75,1
2026-03-04,601318,14:02:35,61.5000,41,1
2026-03-04,601318,14:02:38,61.4900,125,2
2026-03-04,601318,14:02:41,61.5000,28,1
2026-03-04,601318,14:02:44,61.5000,75,2
2026-03-04,601318,14:02:47,61.5000,109,1
2026-03-04,601318,14:02:50,61.5400,132,1
2026-03-04,601318,14:02:53,61.5300,45,1
2026-03-04,601318,14:02:56,61.5400,101,1
2026-03-04,601318,14:02:59,61.5500,160,1
2026-03-04,601318,14:03:02,61.5000,79,2
2026-03-04,601318,14:03:05,61.4900,152,2
2026-03-04,601318,14:03:08,61.4900,75,2
2026-03-04,601318,14:03:11,61.4900,86,1
2026-03-04,601318,14:03:14,61.4800,175,2
2026-03-04,601318,14:03:17,61.4900,431,1
2026-03-04,601318,14:03:20,61.4900,129,2
2026-03-04,601318,14:03:23,61.5000,43,1
2026-03-04,601318,14:03:26,61.5000,30,1
2026-03-04,601318,14:03:29,61.5000,40,1
2026-03-04,601318,14:03:32,61.5000,43,2
2026-03-04,601318,14:03:35,61.5000,239,1
2026-03-04,601318,14:03:38,61.4900,12,2
2026-03-04,601318,14:03:41,61.4900,65,2
2026-03-04,601318,14:03:44,61.5000,143,1
2026-03-04,601318,14:03:47,61.4900,68,2
2026-03-04,601318,14:03:50,61.4900,12,1
2026-03-04,601318,14:03:53,61.5000,53,1
2026-03-04,601318,14:03:56,61.4900,55,2
2026-03-04,601318,14:03:59,61.5000,16,1
2026-03-04,601318,14:04:02,61.5000,70,1
2026-03-04,601318,14:04:05,61.5000,137,1
2026-03-04,601318,14:04:08,61.5000,80,1
2026-03-04,601318,14:04:11,61.5000,158,1
2026-03-04,601318,14:04:14,61.5200,115,1
2026-03-04,601318,14:04:17,61.4800,76,2
2026-03-04,601318,14:04:20,61.4900,8,1
2026-03-04,601318,14:04:23,61.4900,132,1
2026-03-04,601318,14:04:26,61.4900,436,1
2026-03-04,601318,14:04:29,61.4900,64,2
2026-03-04,601318,14:04:32,61.5300,30,1
2026-03-04,601318,14:04:35,61.5200,57,1
2026-03-04,601318,14:04:38,61.5200,12,1
2026-03-04,601318,14:04:41,61.5000,26,2
2026-03-04,601318,14:04:44,61.5000,82,1
2026-03-04,601318,14:04:47,61.4900,80,2
2026-03-04,601318,14:04:50,61.4900,25,2
2026-03-04,601318,14:04:53,61.5200,35,1
2026-03-04,601318,14:04:56,61.5200,247,1
2026-03-04,601318,14:04:59,61.5300,48,1
2026-03-04,601318,14:05:02,61.5100,74,2
2026-03-04,601318,14:05:05,61.5300,43,4
2026-03-04,601318,14:05:08,61.5300,28,2
2026-03-04,601318,14:05:11,61.5200,110,2
2026-03-04,601318,14:05:14,61.5300,226,1
2026-03-04,601318,14:05:17,61.5200,59,4
2026-03-04,601318,14:05:20,61.5100,24,2
2026-03-04,601318,14:05:23,61.5100,117,2
2026-03-04,601318,14:05:26,61.5100,28,1
2026-03-04,601318,14:05:29,61.5100,1,1
2026-03-04,601318,14:05:32,61.5100,99,1
2026-03-04,601318,14:05:35,61.5100,112,1
2026-03-04,601318,14:05:38,61.5100,30,1
2026-03-04,601318,14:05:41,61.5100,60,2
2026-03-04,601318,14:05:44,61.5200,59,1
2026-03-04,601318,14:05:47,61.5000,89,2
2026-03-04,601318,14:05:50,61.5100,38,4
2026-03-04,601318,14:05:53,61.5500,75,1
2026-03-04,601318,14:05:56,61.5200,57,2
2026-03-04,601318,14:05:59,61.5200,46,2
2026-03-04,601318,14:06:02,61.5300,39,4
2026-03-04,601318,14:06:05,61.5300,68,1
2026-03-04,601318,14:06:08,61.5000,140,2
2026-03-04,601318,14:06:11,61.5100,303,1
2026-03-04,601318,14:06:14,61.4800,54,2
2026-03-04,601318,14:06:17,61.4900,38,1
2026-03-04,601318,14:06:20,61.5100,27,1
2026-03-04,601318,14:06:23,61.5200,55,1
2026-03-04,601318,14:06:26,61.5200,78,1
2026-03-04,601318,14:06:29,61.5200,14,1
2026-03-04,601318,14:06:32,61.5200,5,1
2026-03-04,601318,14:06:35,61.5400,52,1
2026-03-04,601318,14:06:38,61.5400,30,1
2026-03-04,601318,14:06:41,61.5400,15,1
2026-03-04,601318,14:06:44,61.5300,1205,1
2026-03-04,601318,14:06:47,61.5200,80,2
2026-03-04,601318,14:06:50,61.5300,21,1
2026-03-04,601318,14:06:53,61.5200,54,2
2026-03-04,601318,14:06:56,61.5400,134,1
2026-03-04,601318,14:06:59,61.5400,3,1
2026-03-04,601318,14:07:02,61.5500,81,1
2026-03-04,601318,10:57:02,61.0400,230,2
2026-03-04,601318,10:57:05,61.0600,77,1
2026-03-04,601318,10:57:08,61.0400,268,2
2026-03-04,601318,10:57:11,61.0400,307,1
2026-03-04,601318,10:57:14,61.0400,357,1
2026-03-04,601318,10:57:17,61.0400,73,1
2026-03-04,601318,10:57:20,61.0400,284,1
2026-03-04,601318,10:57:23,61.0400,291,1
2026-03-04,601318,10:57:26,61.0400,23,2
2026-03-04,601318,10:57:29,61.0400,50,2
2026-03-04,601318,10:57:32,61.0500,248,1
2026-03-04,601318,10:57:35,61.0500,46,1
2026-03-04,601318,10:57:38,61.0400,91,2
2026-03-04,601318,10:57:41,61.0500,69,1
2026-03-04,601318,10:57:44,61.0500,37,1
2026-03-04,601318,10:57:47,60.9300,23596,2
2026-03-04,601318,10:57:50,60.9900,2279,1
2026-03-04,601318,10:57:53,60.9600,243,2
2026-03-04,601318,10:57:56,60.9500,61,2
2026-03-04,601318,10:57:59,60.9700,48,1
2026-03-04,601318,10:58:02,60.9700,170,1
2026-03-04,601318,10:58:05,60.9500,110,2
2026-03-04,601318,10:58:08,60.9400,55,2
2026-03-04,601318,10:58:11,60.9500,72,2
2026-03-04,601318,10:58:14,60.9500,102,1
2026-03-04,601318,10:58:17,60.9400,149,2
2026-03-04,601318,10:58:20,60.9500,125,4
2026-03-04,601318,10:58:23,60.9500,157,1
2026-03-04,601318,10:58:26,60.9500,55,1
2026-03-04,601318,10:58:29,60.9600,84,1
2026-03-04,601318,10:58:32,60.9500,90,2
2026-03-04,601318,10:58:35,60.9500,79,1
2026-03-04,601318,10:58:38,60.9500,123,1
2026-03-04,601318,10:58:41,60.9400,55,2
2026-03-04,601318,10:58:44,60.9400,1123,2
2026-03-04,601318,10:58:47,60.9400,109,1
2026-03-04,601318,10:58:50,60.9500,219,1
2026-03-04,601318,10:58:53,60.9500,150,2
2026-03-04,601318,10:58:56,60.9500,227,2
2026-03-04,601318,10:58:59,60.9400,152,2
2026-03-04,601318,10:59:02,60.9400,376,1
2026-03-04,601318,10:59:05,60.9100,399,2
2026-03-04,601318,10:59:08,60.9100,74,1
2026-03-04,601318,10:59:11,60.9400,70,1
2026-03-04,601318,10:59:14,60.9100,54,2
2026-03-04,601318,10:59:17,60.9200,589,2
2026-03-04,601318,10:59:20,60.9100,323,2
2026-03-04,601318,10:59:23,60.9500,21,1
2026-03-04,601318,10:59:26,60.9200,231,2
2026-03-04,601318,10:59:29,60.9300,123,1
2026-03-04,601318,10:59:32,60.9300,81,1
2026-03-04,601318,10:59:35,60.9200,50,2
2026-03-04,601318,10:59:38,60.9600,322,1
2026-03-04,601318,10:59:41,60.9700,121,1
2026-03-04,601318,10:59:44,60.9600,164,2
2026-03-04,601318,10:59:47,60.9900,109,1
2026-03-04,601318,10:59:50,60.9600,19,2
2026-03-04,601318,10:59:53,60.9700,611,4
2026-03-04,601318,10:59:56,60.9700,44,2
2026-03-04,601318,10:59:59,60.9700,35,2
2026-03-04,601318,11:00:02,60.9800,325,1
2026-03-04,601318,11:00:05,60.9800,25,2
2026-03-04,601318,11:00:08,60.9800,17,1
2026-03-04,601318,11:00:11,60.9700,78,2
2026-03-04,601318,11:00:14,60.9700,51,1
2026-03-04,601318,11:00:17,60.9500,60,2
2026-03-04,601318,11:00:20,60.9600,103,1
2026-03-04,601318,11:00:23,60.9300,503,2
2026-03-04,601318,11:00:26,60.9300,35,2
2026-03-04,601318,11:00:29,60.9300,74,1
2026-03-04,601318,11:00:32,60.9000,105,2
2026-03-04,601318,11:00:35,60.9300,95,1
2026-03-04,601318,11:00:38,60.9300,105,1
2026-03-04,601318,11:00:41,60.9200,354,1
2026-03-04,601318,11:00:44,60.9300,486,1
2026-03-04,601318,11:00:47,60.9100,20,2
2026-03-04,601318,11:00:50,60.9100,31,1
2026-03-04,601318,11:00:53,60.9100,174,1
2026-03-04,601318,11:00:56,60.9000,254,2
2026-03-04,601318,11:00:59,60.9200,46,1
2026-03-04,601318,11:01:02,60.9200,133,1
2026-03-04,601318,11:01:05,60.9200,38,4
2026-03-04,601318,11:01:08,60.9200,205,2
2026-03-04,601318,11:01:11,60.9200,121,1
2026-03-04,601318,11:01:14,60.9300,55,1
2026-03-04,601318,11:01:17,60.9100,73,2
2026-03-04,601318,11:01:20,60.9200,136,1
2026-03-04,601318,11:01:23,60.9100,661,2
2026-03-04,601318,11:01:26,60.9000,152,2
2026-03-04,601318,11:01:29,60.9200,168,1
2026-03-04,601318,11:01:32,60.9000,287,2
2026-03-04,601318,11:01:35,60.9100,44,4
2026-03-04,601318,11:01:38,60.9100,146,2
2026-03-04,601318,11:01:41,60.9100,48,2
2026-03-04,601318,11:01:44,60.9100,49,1
2026-03-04,601318,11:01:47,60.9100,475,1
2026-03-04,601318,11:01:50,60.9100,29,2
2026-03-04,601318,11:01:53,60.9100,222,1
2026-03-04,601318,11:01:56,60.9000,416,2
2026-03-04,601318,11:01:59,60.9000,1181,1
2026-03-04,601318,11:02:02,60.9000,128,1
2026-03-04,601318,11:02:05,60.9000,126,1
2026-03-04,601318,11:02:08,60.8900,157,2
2026-03-04,601318,11:02:11,60.8900,369,2
2026-03-04,601318,11:02:14,60.8800,463,2
2026-03-04,601318,11:02:17,60.8900,287,1
2026-03-04,601318,11:02:20,60.8900,183,1
2026-03-04,601318,11:02:23,60.8900,115,1
2026-03-04,601318,11:02:26,60.8800,589,2
2026-03-04,601318,11:02:29,60.8800,291,2
2026-03-04,601318,11:02:32,60.8700,16,2
2026-03-04,601318,11:02:35,60.8700,172,2
2026-03-04,601318,11:02:38,60.8700,127,2
2026-03-04,601318,11:02:41,60.8700,51,1
2026-03-04,601318,11:02:44,60.8600,235,2
2026-03-04,601318,11:02:47,60.8700,459,4
2026-03-04,601318,11:02:50,60.8700,128,2
2026-03-04,601318,11:02:53,60.8700,386,1
2026-03-04,601318,11:02:56,60.8600,94,1
2026-03-04,601318,11:02:59,60.8500,271,2
2026-03-04,601318,11:03:02,60.8500,420,2
2026-03-04,601318,11:03:05,60.8600,48,1
2026-03-04,601318,11:03:08,60.8500,475,2
2026-03-04,601318,11:03:11,60.8600,177,2
2026-03-04,601318,11:03:14,60.8600,58,1
2026-03-04,601318,11:03:17,60.8500,143,2
2026-03-04,601318,11:03:20,60.8500,92,2
2026-03-04,601318,11:03:23,60.8600,186,1
2026-03-04,601318,11:03:26,60.8500,220,2
2026-03-04,601318,11:03:29,60.8600,101,4
2026-03-04,601318,11:03:32,60.8600,236,2
2026-03-04,601318,11:03:35,60.8500,112,2
2026-03-04,601318,11:03:38,60.8600,76,1
2026-03-04,601318,11:03:41,60.8600,60,2
2026-03-04,601318,11:03:44,60.8600,210,2
2026-03-04,601318,11:03:47,60.8600,335,2
2026-03-04,601318,11:03:50,60.8500,192,2
2026-03-04,601318,11:03:53,60.8500,78,1
2026-03-04,601318,11:03:56,60.8400,51,2
2026-03-04,601318,11:03:59,60.8400,279,2
2026-03-04,601318,11:04:02,60.8300,709,2
2026-03-04,601318,11:04:05,60.8300,230,1
2026-03-04,601318,11:04:08,60.8100,332,2
2026-03-04,601318,11:04:11,60.8000,824,2
2026-03-04,601318,11:04:14,60.8000,1240,2
2026-03-04,601318,11:04:17,60.8000,1101,2
2026-03-04,601318,11:04:20,60.8000,607,2
2026-03-04,601318,11:04:23,60.7900,227,2
2026-03-04,601318,11:04:26,60.7900,224,1
2026-03-04,601318,11:04:29,60.8200,916,1
2026-03-04,601318,11:04:32,60.8000,684,2
2026-03-04,601318,11:04:35,60.8100,324,1
2026-03-04,601318,11:04:38,60.8000,358,2
2026-03-04,601318,11:04:41,60.8100,270,1
2026-03-04,601318,11:04:44,60.8000,263,2
2026-03-04,601318,11:04:47,60.8000,99,2
2026-03-04,601318,11:04:50,60.8000,282,1
2026-03-04,601318,11:04:53,60.7900,267,2
2026-03-04,601318,11:04:56,60.8000,149,1
2026-03-04,601318,11:04:59,60.7900,184,2
2026-03-04,601318,11:05:02,60.7800,334,2
2026-03-04,601318,11:05:05,60.7900,141,1
2026-03-04,601318,11:05:08,60.7800,256,2
2026-03-04,601318,11:05:11,60.7900,164,1
2026-03-04,601318,11:05:14,60.7900,574,2
2026-03-04,601318,11:05:17,60.7800,525,2
2026-03-04,601318,11:05:20,60.8000,75,2
2026-03-04,601318,11:05:23,60.8100,194,4
2026-03-04,601318,11:05:26,60.8600,183,1
2026-03-04,601318,11:05:29,60.8300,356,2
2026-03-04,601318,11:05:32,60.8300,77,2
2026-03-04,601318,11:05:35,60.8200,49,4
2026-03-04,601318,11:05:38,60.8200,71,1
2026-03-04,601318,11:05:41,60.8300,92,1
2026-03-04,601318,11:05:44,60.8200,276,2
2026-03-04,601318,11:05:47,60.8200,98,1
2026-03-04,601318,11:05:50,60.8200,81,1
2026-03-04,601318,11:05:53,60.8200,98,2
2026-03-04,601318,11:05:56,60.8300,581,1
2026-03-04,601318,11:05:59,60.8300,55,2
2026-03-04,601318,11:06:02,60.8300,85,1
2026-03-04,601318,11:06:05,60.8700,80,1
2026-03-04,601318,11:06:08,60.8700,101,1
2026-03-04,601318,11:06:11,60.9200,229,1
2026-03-04,601318,11:06:14,60.8700,84,2
2026-03-04,601318,11:06:17,60.8600,72,2
2026-03-04,601318,11:06:20,60.8900,100,1
2026-03-04,601318,11:06:23,60.9000,46,1
2026-03-04,601318,11:06:26,60.8900,26,2
2026-03-04,601318,11:06:29,60.8900,41,2
2026-03-04,601318,11:06:32,60.9000,128,1
2026-03-04,601318,11:06:35,60.9000,168,2
2026-03-04,601318,11:06:38,60.9100,128,1
2026-03-04,601318,11:06:41,60.9100,83,1
2026-03-04,601318,11:06:44,60.9000,74,2
2026-03-04,601318,11:06:47,60.9100,109,1
2026-03-04,601318,11:06:50,60.9100,73,1
2026-03-04,601318,11:06:53,60.8900,378,2
2026-03-04,601318,11:06:56,60.8700,366,2
2026-03-04,601318,11:06:59,60.8800,91,1
2026-03-04,601318,11:07:02,60.8700,118,2
2026-03-04,601318,11:07:05,60.8900,45,1
2026-03-04,601318,11:07:08,60.8900,36,1
2026-03-04,601318,11:07:11,60.8900,41,1
2026-03-04,601318,11:07:14,60.8900,32,1
2026-03-04,601318,11:07:17,60.9000,56,1
2026-03-04,601318,11:07:20,60.9000,108,1
2026-03-04,601318,11:07:23,60.8900,63,2
2026-03-04,601318,11:07:26,60.9000,89,4
2026-03-04,601318,11:07:29,60.9000,52,2
2026-03-04,601318,11:07:32,60.9000,32,1
2026-03-04,601318,11:07:35,60.9000,43,1
2026-03-04,601318,11:07:38,60.8900,56,2
2026-03-04,601318,11:07:41,60.9000,95,1
2026-03-04,601318,11:07:44,60.9000,218,2
2026-03-04,601318,11:07:47,60.9000,92,1
2026-03-04,601318,11:07:50,60.9000,70,1
2026-03-04,601318,11:07:53,60.9200,268,1
2026-03-04,601318,11:07:56,60.9200,55,2
2026-03-04,601318,11:07:59,60.9500,92,1
2026-03-04,601318,11:08:02,60.9100,352,2
2026-03-04,601318,11:08:05,60.9100,134,2
2026-03-04,601318,11:08:08,60.9200,102,1
2026-03-04,601318,11:08:11,60.9300,69,1
2026-03-04,601318,11:08:14,60.9300,56,2
2026-03-04,601318,11:08:17,60.9800,113,1
2026-03-04,601318,11:08:20,60.9800,33,1
2026-03-04,601318,11:08:23,60.9900,140,1
2026-03-04,601318,11:08:26,60.9800,190,2
2026-03-04,601318,11:08:29,60.9500,386,2
2026-03-04,601318,11:08:32,60.9900,286,1
2026-03-04,601318,11:08:35,60.9700,113,2
2026-03-04,601318,11:08:38,60.9700,84,2
2026-03-04,601318,11:08:41,60.9600,76,2
2026-03-04,601318,11:08:44,60.9200,238,2
2026-03-04,601318,11:08:47,60.9400,191,1
2026-03-04,601318,11:08:50,60.9500,142,1
2026-03-04,601318,11:08:53,60.9500,36,2
2026-03-04,601318,11:08:56,60.9500,45,1
2026-03-04,601318,11:08:59,60.9500,65,1
2026-03-04,601318,11:09:02,60.9200,183,2
2026-03-04,601318,11:09:05,60.9100,82,2
2026-03-04,601318,11:09:08,60.9200,124,1
2026-03-04,601318,11:09:11,60.9300,897,1
2026-03-04,601318,11:09:14,60.9300,115,2
2026-03-04,601318,11:09:17,60.9200,265,2
2026-03-04,601318,11:09:20,60.9300,310,1
2026-03-04,601318,11:09:23,60.9000,115,2
2026-03-04,601318,11:09:26,60.9100,456,1
2026-03-04,601318,11:09:29,60.9100,237,1
2026-03-04,601318,11:09:32,60.9100,768,1
2026-03-04,601318,11:09:35,60.9100,356,4
2026-03-04,601318,11:09:38,60.8600,249,2
2026-03-04,601318,11:09:41,60.9000,27,1
2026-03-04,601318,11:09:44,60.8500,213,2
2026-03-04,601318,11:09:47,60.8900,81,1
2026-03-04,601318,11:09:50,60.8900,26,2
2026-03-04,601318,11:09:53,60.8700,128,2
2026-03-04,601318,11:09:56,60.8600,58,4
2026-03-04,601318,11:09:59,60.8600,204,1
2026-03-04,601318,11:10:02,60.8500,239,2
2026-03-04,601318,11:10:05,60.8500,92,2
2026-03-04,601318,11:10:08,60.8500,43,1
2026-03-04,601318,11:10:11,60.8600,56,1
2026-03-04,601318,11:10:14,60.8600,120,1
2026-03-04,601318,11:10:17,60.8500,78,2
2026-03-04,601318,11:10:20,60.8500,67,2
2026-03-04,601318,11:10:23,60.8500,196,2
2026-03-04,601318,11:10:26,60.8500,92,2
2026-03-04,601318,11:10:29,60.8500,55,1
2026-03-04,601318,11:10:32,60.8500,46,2
2026-03-04,601318,11:10:35,60.8400,111,2
2026-03-04,601318,11:10:38,60.8700,55,1
2026-03-04,601318,11:10:41,60.8900,836,1
2026-03-04,601318,11:10:44,60.8600,176,2
2026-03-04,601318,11:10:47,60.8400,34,2
2026-03-04,601318,11:10:50,60.8600,95,1
2026-03-04,601318,11:10:53,60.8400,285,2
2026-03-04,601318,11:10:56,60.8300,91,2
2026-03-04,601318,11:10:59,60.8400,62,2
2026-03-04,601318,11:11:02,60.8300,233,2
2026-03-04,601318,11:11:05,60.8300,191,2
2026-03-04,601318,11:11:08,60.8300,121,2
2026-03-04,601318,11:11:11,60.8300,41,1
2026-03-04,601318,11:11:14,60.8200,98,2
2026-03-04,601318,11:11:17,60.8200,271,2
2026-03-04,601318,11:11:20,60.8300,66,1
2026-03-04,601318,11:11:23,60.8300,51,2
2026-03-04,601318,11:11:26,60.8300,35,1
2026-03-04,601318,11:11:29,60.8300,174,1
2026-03-04,601318,11:11:32,60.8400,213,1
2026-03-04,601318,11:11:35,60.8100,1027,2
2026-03-04,601318,11:11:38,60.7800,137,2
2026-03-04,601318,11:11:41,60.7800,185,2
2026-03-04,601318,11:11:44,60.8100,109,1
2026-03-04,601318,11:11:47,60.7700,256,2
2026-03-04,601318,11:11:50,60.8000,103,1
2026-03-04,601318,11:11:53,60.7700,194,2
2026-03-04,601318,11:11:56,60.7700,163,2
2026-03-04,601318,11:11:59,60.7900,103,1
2026-03-04,601318,11:12:02,60.7900,54,2
2026-03-04,601318,11:12:05,60.8000,77,1
2026-03-04,601318,11:12:08,60.8000,87,1
2026-03-04,601318,11:12:11,60.8000,43,1
2026-03-04,601318,11:12:14,60.8200,130,1
2026-03-04,601318,11:12:17,60.8200,709,1
2026-03-04,601318,11:12:20,60.8200,75,1
2026-03-04,601318,11:12:23,60.8200,101,2
2026-03-04,601318,11:12:26,60.8200,112,2
2026-03-04,601318,11:12:29,60.8200,202,1
2026-03-04,601318,11:12:32,60.8000,103,2
2026-03-04,601318,11:12:35,60.8000,111,1
2026-03-04,601318,11:12:38,60.8100,26,1
2026-03-04,601318,11:12:41,60.8200,98,1
2026-03-04,601318,11:12:44,60.8200,21,1
2026-03-04,601318,11:12:47,60.8100,54,2
2026-03-04,601318,11:12:50,60.8200,184,1
2026-03-04,601318,11:12:53,60.8100,128,2
2026-03-04,601318,11:12:56,60.8100,145,4
2026-03-04,601318,11:12:59,60.8200,117,1
2026-03-04,601318,11:13:02,60.8000,50,2
2026-03-04,601318,11:13:05,60.8200,60,1
2026-03-04,601318,11:13:08,60.7800,483,2
2026-03-04,601318,11:13:11,60.7900,61,4
2026-03-04,601318,11:13:14,60.8000,53,1
2026-03-04,601318,11:13:17,60.8000,21,1
2026-03-04,601318,11:13:20,60.8000,45,1
2026-03-04,601318,11:13:23,60.8200,54,1
2026-03-04,601318,11:13:26,60.8200,81,1
2026-03-04,601318,11:13:29,60.8200,115,2
2026-03-04,601318,11:13:32,60.8100,109,4
2026-03-04,601318,11:13:35,60.8200,22,1
2026-03-04,601318,11:13:38,60.8300,322,1
2026-03-04,601318,11:13:41,60.8200,46,2
2026-03-04,601318,11:13:44,60.8200,69,1
2026-03-04,601318,11:13:47,60.8200,66,1
2026-03-04,601318,11:13:50,60.8300,42,1
2026-03-04,601318,11:13:53,60.8300,142,2
2026-03-04,601318,11:13:56,60.8200,182,2
2026-03-04,601318,11:13:59,60.8100,245,2
2026-03-04,601318,11:14:02,60.8000,229,2
2026-03-04,601318,11:14:05,60.8300,196,1
2026-03-04,601318,11:14:08,60.8300,126,2
2026-03-04,601318,11:14:11,60.8500,12,2
2026-03-04,601318,11:14:14,60.8500,39,2
2026-03-04,601318,11:14:17,60.8500,18,2
2026-03-04,601318,11:14:20,60.8500,137,1
2026-03-04,601318,11:14:23,60.8500,82,2
2026-03-04,601318,11:14:26,60.8500,99,1
2026-03-04,601318,11:14:29,60.8400,40,4
2026-03-04,601318,11:14:32,60.8500,63,1
2026-03-04,601318,11:14:35,60.8500,54,1
2026-03-04,601318,11:14:38,60.8500,164,1
2026-03-04,601318,11:14:41,60.8500,1165,1
2026-03-04,601318,11:14:44,60.8800,261,1
2026-03-04,601318,11:14:47,60.8500,55,2
2026-03-04,601318,11:14:50,60.8700,72,1
2026-03-04,601318,11:14:53,60.8500,213,2
2026-03-04,601318,11:14:56,60.8500,210,2
2026-03-04,601318,11:14:59,60.8500,281,2
2026-03-04,601318,11:15:02,60.8500,151,1
2026-03-04,601318,11:15:05,60.8500,45,2
2026-03-04,601318,11:15:08,60.8700,67,1
2026-03-04,601318,11:15:11,60.8600,97,4
2026-03-04,601318,11:15:14,60.8600,146,2
2026-03-04,601318,11:15:17,60.8600,14,1
2026-03-04,601318,11:15:20,60.8600,267,1
2026-03-04,601318,11:15:23,60.8700,27,1
2026-03-04,601318,11:15:26,60.8700,200,1
2026-03-04,601318,11:15:29,60.8500,145,2
2026-03-04,601318,11:15:32,60.8600,165,1
2026-03-04,601318,11:15:35,60.8400,107,2
2026-03-04,601318,11:15:38,60.8400,74,1
2026-03-04,601318,11:15:41,60.8300,69,2
2026-03-04,601318,11:15:44,60.8300,178,1
2026-03-04,601318,11:15:47,60.8300,80,1
2026-03-04,601318,11:15:50,60.8500,83,1
2026-03-04,601318,11:15:53,60.8600,105,1
2026-03-04,601318,11:15:56,60.8700,12,2
2026-03-04,601318,11:15:59,60.8800,60,1
2026-03-04,601318,11:16:02,60.8500,757,2
2026-03-04,601318,11:16:05,60.9000,266,1
2026-03-04,601318,11:16:08,60.8900,283,2
2026-03-04,601318,11:16:11,60.8900,30,1
2026-03-04,601318,11:16:14,60.9000,45,1
2026-03-04,601318,11:16:17,60.9000,10,1
2026-03-04,601318,11:16:20,60.9000,20,1
2026-03-04,601318,11:16:23,60.9100,300,1
2026-03-04,601318,11:16:26,60.9100,137,1
2026-03-04,601318,11:16:29,60.9200,99,4
2026-03-04,601318,11:16:32,60.9300,24,1
2026-03-04,601318,11:16:35,60.9200,180,2
2026-03-04,601318,11:16:38,60.9000,173,2
2026-03-04,601318,11:16:41,60.9100,53,1
2026-03-04,601318,11:16:44,60.9100,49,1
2026-03-04,601318,11:16:47,60.9000,45,4
2026-03-04,601318,11:16:50,60.9100,46,1
2026-03-04,601318,11:16:53,60.8900,143,2
2026-03-04,601318,11:16:56,60.9000,585,1
2026-03-04,601318,11:16:59,60.9100,167,1
2026-03-04,601318,11:17:02,60.9100,47,1
2026-03-04,601318,11:17:05,60.9100,17,1
2026-03-04,601318,11:17:08,60.9000,45,2
2026-03-04,601318,11:17:11,60.8900,553,2
2026-03-04,601318,11:17:14,60.9000,12,1
2026-03-04,601318,11:17:17,60.8900,204,2
2026-03-04,601318,11:17:20,60.8900,99,1
2026-03-04,601318,11:17:23,60.8900,66,2
2026-03-04,601318,11:17:26,60.9000,23,1
2026-03-04,601318,11:17:29,60.9000,11,1
2026-03-04,601318,11:17:32,60.9000,295,1
2026-03-04,601318,11:17:35,60.9000,2,2
2026-03-04,601318,11:17:38,60.9000,32,2
2026-03-04,601318,11:17:41,60.9200,1155,1
2026-03-04,601318,11:17:44,60.9200,32,1
2026-03-04,601318,11:17:47,60.9000,584,2
2026-03-04,601318,11:17:50,60.8800,105,2
2026-03-04,601318,11:17:53,60.8900,386,1
2026-03-04,601318,11:17:56,60.8900,26,2
2026-03-04,601318,11:17:59,60.9000,49,1
2026-03-04,601318,11:18:02,60.9000,10,2
2026-03-04,601318,11:18:05,60.9100,12,1
2026-03-04,601318,11:18:08,60.9100,249,1
2026-03-04,601318,11:18:11,60.9100,72,2
2026-03-04,601318,11:18:14,60.9400,24,1
2026-03-04,601318,11:18:17,60.9100,118,2
2026-03-04,601318,11:18:20,60.9300,36,1
2026-03-04,601318,11:18:23,60.9300,15,1
2026-03-04,601318,11:18:26,60.9300,68,1
2026-03-04,601318,11:18:29,60.9200,389,4
2026-03-04,601318,11:18:32,60.9200,186,1
2026-03-04,601318,11:18:35,60.9200,29,1
2026-03-04,601318,11:18:38,60.9100,73,1
2026-03-04,601318,11:18:41,60.9100,40,1
2026-03-04,601318,11:18:44,60.9100,43,1
2026-03-04,601318,11:18:47,60.9100,126,1
2026-03-04,601318,11:18:50,60.9100,54,2
2026-03-04,601318,11:18:53,60.9200,35,1
2026-03-04,601318,11:18:56,60.9200,219,1
2026-03-04,601318,11:18:59,60.9200,67,1
2026-03-04,601318,11:19:02,60.9400,170,1
2026-03-04,601318,11:19:05,60.9300,148,1
2026-03-04,601318,11:19:08,60.9300,112,2
2026-03-04,601318,11:19:11,60.9400,6,1
2026-03-04,601318,11:19:14,60.9400,50,1
2026-03-04,601318,11:19:17,60.9400,98,1
2026-03-04,601318,11:19:20,60.9200,174,2
2026-03-04,601318,11:19:23,60.9400,697,1
2026-03-04,601318,11:19:26,60.9200,57,2
2026-03-04,601318,11:19:29,60.9000,189,2
2026-03-04,601318,11:19:32,60.9000,148,1
2026-03-04,601318,11:19:35,60.8600,327,2
2026-03-04,601318,11:19:38,60.8700,43,1
2026-03-04,601318,11:19:41,60.8700,10,1
2026-03-04,601318,11:19:44,60.8700,243,1
2026-03-04,601318,11:19:47,60.8400,45,2
2026-03-04,601318,11:19:50,60.8600,75,2
2026-03-04,601318,11:19:53,60.8600,17,1
2026-03-04,601318,11:19:56,60.8500,29,2
2026-03-04,601318,11:19:59,60.8500,19,2
2026-03-04,601318,11:20:02,60.8600,102,1
2026-03-04,601318,11:20:05,60.8500,63,2
2026-03-04,601318,11:20:08,60.8500,107,1
2026-03-04,601318,11:20:11,60.8500,59,1
2026-03-04,601318,11:20:14,60.8400,61,2
2026-03-04,601318,11:20:17,60.8400,71,1
2026-03-04,601318,11:20:20,60.8400,89,1
2026-03-04,601318,11:20:23,60.8500,101,1
2026-03-04,601318,11:20:26,60.8400,178,2
2026-03-04,601318,11:20:29,60.8300,127,2
2026-03-04,601318,11:20:32,60.8200,96,2
2026-03-04,601318,11:20:35,60.8000,839,2
2026-03-04,601318,11:20:38,60.8000,681,2
2026-03-04,601318,11:20:41,60.8000,570,1
