date,code,time,price,volume,bs
2026-04-13,601012,14:07:06,17.7700,211,2
2026-04-13,601012,14:07:09,17.7800,299,1
2026-04-13,601012,14:07:12,17.7700,844,2
2026-04-13,601012,14:07:15,17.7600,202,2
2026-04-13,601012,14:07:18,17.7700,2366,1
2026-04-13,601012,14:07:21,17.7700,137,2
2026-04-13,601012,14:07:24,17.7700,221,2
2026-04-13,601012,14:07:27,17.7700,171,2
2026-04-13,601012,14:07:30,17.7700,56,2
2026-04-13,601012,14:07:33,17.7700,68,2
2026-04-13,601012,14:07:36,17.7700,196,2
2026-04-13,601012,14:07:39,17.7700,448,2
2026-04-13,601012,14:07:42,17.7700,188,1
2026-04-13,601012,14:07:45,17.7700,254,1
2026-04-13,601012,14:07:48,17.7700,252,1
2026-04-13,601012,14:07:51,17.7800,123,1
2026-04-13,601012,14:07:54,17.7700,17,2
2026-04-13,601012,14:07:57,17.7700,192,2
2026-04-13,601012,14:08:00,17.7700,210,2
2026-04-13,601012,14:08:03,17.7700,167,2
2026-04-13,601012,14:08:06,17.7700,86,2
2026-04-13,601012,14:08:09,17.7700,303,2
2026-04-13,601012,14:08:12,17.7700,203,2
2026-04-13,601012,14:08:15,17.7700,277,2
2026-04-13,601012,14:08:18,17.7700,258,2
2026-04-13,601012,14:08:21,17.7700,163,2
2026-04-13,601012,14:08:24,17.7700,121,2
2026-04-13,601012,14:08:27,17.7700,371,2
2026-04-13,601012,14:08:30,17.7700,242,2
2026-04-13,601012,14:08:33,17.7800,93,1
2026-04-13,601012,14:08:36,17.7700,85,2
2026-04-13,601012,14:08:39,17.7800,58,1
2026-04-13,601012,14:08:42,17.7800,55,1
2026-04-13,601012,14:08:45,17.7900,1162,1
2026-04-13,601012,14:08:48,17.7900,188,2
2026-04-13,601012,14:08:51,17.7900,198,2
2026-04-13,601012,14:08:54,17.7900,321,2
2026-04-13,601012,14:08:57,17.7900,252,2
2026-04-13,601012,14:09:00,17.7900,305,2
2026-04-13,601012,14:09:03,17.7900,165,2
2026-04-13,601012,14:09:06,17.7900,269,2
2026-04-13,601012,14:09:09,17.7900,166,1
2026-04-13,601012,14:09:12,17.7900,363,1
2026-04-13,601012,14:09:15,17.7900,75,4
2026-04-13,601012,14:09:18,17.8000,66,1
2026-04-13,601012,14:09:21,17.7900,196,2
2026-04-13,601012,14:09:24,17.8000,53,1
2026-04-13,601012,14:09:27,17.7900,91,2
2026-04-13,601012,14:09:30,17.7900,534,1
2026-04-13,601012,14:09:33,17.7900,115,2
2026-04-13,601012,14:09:36,17.7900,63,1
2026-04-13,601012,14:09:39,17.7900,286,2
2026-04-13,601012,14:09:42,17.8000,55,1
2026-04-13,601012,14:09:45,17.8000,144,1
2026-04-13,601012,14:09:48,17.7900,63,1
2026-04-13,601012,14:09:51,17.7900,23,1
2026-04-13,601012,14:09:54,17.7800,97,2
2026-04-13,601012,14:09:57,17.7800,138,2
2026-04-13,601012,14:10:00,17.7800,17,2
2026-04-13,601012,14:10:03,17.7800,134,2
2026-04-13,601012,14:10:06,17.7900,84,1
2026-04-13,601012,14:10:09,17.7800,39,2
2026-04-13,601012,14:10:12,17.7800,391,2
2026-04-13,601012,14:10:15,17.7800,827,2
2026-04-13,601012,14:10:18,17.7800,464,2
2026-04-13,601012,14:10:21,17.7800,571,2
2026-04-13,601012,14:10:24,17.7800,103,1
2026-04-13,601012,14:10:27,17.7800,71,1
2026-04-13,601012,14:10:30,17.7800,343,1
2026-04-13,601012,14:10:33,17.7800,207,2
2026-04-13,601012,14:10:36,17.7800,238,2
2026-04-13,601012,14:10:39,17.7800,201,2
2026-04-13,601012,14:10:42,17.7800,69,2
2026-04-13,601012,14:10:45,17.7800,347,2
2026-04-13,601012,14:10:48,17.7800,60,1
2026-04-13,601012,14:10:51,17.7800,407,1
2026-04-13,601012,14:10:54,17.7800,130,2
2026-04-13,601012,14:10:57,17.7800,46,2
2026-04-13,601012,14:11:00,17.7700,251,2
2026-04-13,601012,14:11:03,17.7800,337,1
2026-04-13,601012,14:11:06,17.7800,66,2
2026-04-13,601012,14:11:09,17.7800,16,1
2026-04-13,601012,14:11:12,17.7700,48,2
2026-04-13,601012,14:11:15,17.7800,798,1
2026-04-13,601012,14:11:18,17.7800,137,2
2026-04-13,601012,14:11:21,17.7700,124,2
2026-04-13,601012,14:11:24,17.7800,96,1
2026-04-13,601012,14:11:27,17.7800,74,1
2026-04-13,601012,14:11:30,17.7800,291,1
2026-04-13,601012,14:11:33,17.7800,61,2
2026-04-13,601012,14:11:36,17.7800,163,2
2026-04-13,601012,14:11:39,17.7800,81,2
2026-04-13,601012,14:11:42,17.7900,361,1
2026-04-13,601012,14:11:45,17.7800,346,2
2026-04-13,601012,14:11:48,17.7800,249,2
2026-04-13,601012,14:11:51,17.7800,187,2
2026-04-13,601012,14:11:54,17.7800,297,2
2026-04-13,601012,14:11:57,17.7800,337,2
2026-04-13,601012,14:12:00,17.7800,265,2
2026-04-13,601012,14:12:03,17.7800,288,1
2026-04-13,601012,14:12:06,17.7800,40,2
2026-04-13,601012,14:12:09,17.7800,129,2
2026-04-13,601012,14:12:12,17.7900,116,1
2026-04-13,601012,14:12:15,17.7800,176,2
2026-04-13,601012,14:12:18,17.7800,97,2
2026-04-13,601012,14:12:21,17.7800,65,2
2026-04-13,601012,14:12:24,17.7900,71,1
2026-04-13,601012,14:12:27,17.7900,238,1
2026-04-13,601012,14:12:30,17.7800,126,2
2026-04-13,601012,14:12:33,17.7800,325,2
2026-04-13,601012,14:12:36,17.7900,69,1
2026-04-13,601012,14:12:39,17.7900,210,1
2026-04-13,601012,14:12:42,17.7900,294,1
2026-04-13,601012,14:12:45,17.7800,205,2
2026-04-13,601012,14:12:48,17.7900,82,1
2026-04-13,601012,14:12:51,17.7900,196,1
2026-04-13,601012,14:12:54,17.7900,202,1
2026-04-13,601012,14:12:57,17.7900,323,1
2026-04-13,601012,14:13:00,17.7900,115,1
2026-04-13,601012,14:13:03,17.7900,82,1
2026-04-13,601012,14:13:06,17.7900,109,1
2026-04-13,601012,14:13:09,17.7900,129,2
2026-04-13,601012,14:13:12,17.7900,25,1
2026-04-13,601012,14:13:15,17.7800,361,2
2026-04-13,601012,14:13:18,17.7900,1033,1
2026-04-13,601012,14:13:21,17.7900,64,1
2026-04-13,601012,14:13:24,17.7800,182,2
2026-04-13,601012,14:13:27,17.7800,128,2
2026-04-13,601012,14:13:30,17.7800,261,2
2026-04-13,601012,14:13:33,17.7900,494,1
2026-04-13,601012,14:13:36,17.7900,200,1
2026-04-13,601012,14:13:39,17.7900,111,1
2026-04-13,601012,14:13:42,17.7800,324,2
2026-04-13,601012,14:13:45,17.7800,96,2
2026-04-13,601012,14:13:48,17.7900,456,1
2026-04-13,601012,14:13:51,17.7900,67,1
2026-04-13,601012,14:13:54,17.7800,75,2
2026-04-13,601012,14:13:57,17.7800,261,2
2026-04-13,601012,14:14:00,17.7900,263,1
2026-04-13,601012,14:14:03,17.7900,418,1
2026-04-13,601012,14:14:06,17.7800,180,2
2026-04-13,601012,14:14:09,17.7800,112,2
2026-04-13,601012,14:14:12,17.7900,127,1
2026-04-13,601012,14:14:15,17.7900,176,1
2026-04-13,601012,14:14:18,17.7900,72,1
2026-04-13,601012,14:14:21,17.7900,132,1
2026-04-13,601012,14:14:24,17.7900,139,1
2026-04-13,601012,14:14:27,17.7900,232,1
2026-04-13,601012,14:14:30,17.7900,628,1
2026-04-13,601012,14:14:33,17.7900,499,1
2026-04-13,601012,14:14:36,17.8000,347,1
2026-04-13,601012,14:14:39,17.7900,184,2
2026-04-13,601012,14:14:42,17.7900,346,2
2026-04-13,601012,14:14:45,17.7900,128,2
2026-04-13,601012,14:14:48,17.7900,85,1
2026-04-13,601012,14:14:51,17.7900,122,1
2026-04-13,601012,14:14:54,17.7800,60,2
2026-04-13,601012,14:14:57,17.7900,221,1
2026-04-13,601012,14:15:00,17.7900,157,1
2026-04-13,601012,14:15:03,17.7800,197,2
2026-04-13,601012,14:15:06,17.7800,97,2
2026-04-13,601012,14:15:09,17.7800,125,2
2026-04-13,601012,14:15:12,17.7900,301,1
2026-04-13,601012,14:15:15,17.7800,32,2
2026-04-13,601012,14:15:18,17.7800,192,2
2026-04-13,601012,14:15:21,17.7800,472,2
2026-04-13,601012,14:15:24,17.7800,1746,2
2026-04-13,601012,14:15:27,17.7800,497,2
2026-04-13,601012,14:15:30,17.7800,1153,2
2026-04-13,601012,14:15:33,17.7900,93,1
2026-04-13,601012,14:15:36,17.7800,99,2
2026-04-13,601012,14:15:39,17.7800,287,2
2026-04-13,601012,14:15:42,17.7800,93,2
2026-04-13,601012,14:15:45,17.7800,137,2
2026-04-13,601012,14:15:48,17.7900,313,1
2026-04-13,601012,14:15:51,17.7800,499,2
2026-04-13,601012,14:15:54,17.7900,149,1
2026-04-13,601012,14:15:57,17.7800,181,2
2026-04-13,601012,14:16:00,17.7900,119,1
2026-04-13,601012,14:16:03,17.7800,173,2
2026-04-13,601012,14:16:06,17.7900,77,1
2026-04-13,601012,14:16:09,17.7800,127,2
2026-04-13,601012,14:16:12,17.7800,151,2
2026-04-13,601012,14:16:15,17.7900,276,1
2026-04-13,601012,14:16:18,17.7900,238,1
2026-04-13,601012,14:16:21,17.7800,714,2
2026-04-13,601012,14:16:24,17.7800,230,2
2026-04-13,601012,14:16:27,17.7800,88,2
2026-04-13,601012,14:16:30,17.7800,701,2
2026-04-13,601012,14:16:33,17.7800,319,2
2026-04-13,601012,14:16:36,17.7800,550,2
2026-04-13,601012,14:16:39,17.7800,272,2
2026-04-13,601012,14:16:42,17.7800,324,1
2026-04-13,601012,14:16:45,17.7800,262,2
2026-04-13,601012,14:16:48,17.7700,152,2
2026-04-13,601012,14:16:51,17.7800,89,4
2026-04-13,601012,14:16:54,17.7800,323,2
2026-04-13,601012,14:16:57,17.7800,123,1
2026-04-13,601012,14:17:00,17.7800,80,1
2026-04-13,601012,14:17:03,17.7800,774,1
2026-04-13,601012,14:17:06,17.7800,98,1
2026-04-13,601012,14:17:09,17.7700,23,2
2026-04-13,601012,14:17:12,17.7800,95,1
2026-04-13,601012,14:17:15,17.7700,118,2
2026-04-13,601012,14:17:18,17.7800,192,1
2026-04-13,601012,14:17:21,17.7800,288,1
2026-04-13,601012,14:17:24,17.7700,120,2
2026-04-13,601012,14:17:27,17.7800,91,1
2026-04-13,601012,14:17:30,17.7800,120,1
2026-04-13,601012,14:17:33,17.7700,32,2
2026-04-13,601012,14:17:36,17.7700,169,2
2026-04-13,601012,14:17:39,17.7700,70,2
2026-04-13,601012,14:17:42,17.7700,1408,2
2026-04-13,601012,14:17:45,17.7800,296,1
2026-04-13,601012,14:17:48,17.7700,74,2
2026-04-13,601012,14:17:51,17.7700,267,2
2026-04-13,601012,14:17:54,17.7700,112,2
2026-04-13,601012,14:17:57,17.7700,55,2
2026-04-13,601012,14:18:00,17.7700,38,2
2026-04-13,601012,14:18:03,17.7700,263,2
2026-04-13,601012,14:18:06,17.7700,327,2
2026-04-13,601012,14:18:09,17.7700,133,2
2026-04-13,601012,14:18:12,17.7700,194,2
2026-04-13,601012,14:18:15,17.7700,314,2
2026-04-13,601012,14:18:18,17.7700,400,2
2026-04-13,601012,14:18:21,17.7700,98,2
2026-04-13,601012,14:18:24,17.7700,152,2
2026-04-13,601012,14:18:27,17.7700,172,2
2026-04-13,601012,14:18:30,17.7700,53,2
2026-04-13,601012,14:18:33,17.7700,708,2
2026-04-13,601012,14:18:36,17.7700,171,2
2026-04-13,601012,14:18:39,17.7700,250,2
2026-04-13,601012,14:18:42,17.7700,361,2
2026-04-13,601012,14:18:45,17.7700,227,2
2026-04-13,601012,14:18:48,17.7700,258,2
2026-04-13,601012,14:18:51,17.7700,288,2
2026-04-13,601012,14:18:54,17.7700,252,2
2026-04-13,601012,14:18:57,17.7700,146,2
2026-04-13,601012,14:19:00,17.7700,70,2
2026-04-13,601012,14:19:03,17.7700,56,1
2026-04-13,601012,14:19:06,17.7700,81,1
2026-04-13,601012,14:19:09,17.7700,51,1
2026-04-13,601012,14:19:12,17.7600,290,2
2026-04-13,601012,14:19:15,17.7600,18,2
2026-04-13,601012,14:19:18,17.7600,149,2
2026-04-13,601012,14:19:21,17.7700,208,1
2026-04-13,601012,14:19:24,17.7700,126,1
2026-04-13,601012,14:19:27,17.7600,38,2
2026-04-13,601012,14:19:30,17.7700,205,1
2026-04-13,601012,14:19:33,17.7600,84,2
2026-04-13,601012,14:19:36,17.7600,81,2
2026-04-13,601012,14:19:39,17.7700,1023,1
2026-04-13,601012,14:19:42,17.7600,168,2
2026-04-13,601012,14:19:45,17.7700,175,1
2026-04-13,601012,14:19:48,17.7600,400,2
2026-04-13,601012,14:19:51,17.7600,209,2
2026-04-13,601012,14:19:54,17.7600,89,2
2026-04-13,601012,14:19:57,17.7600,214,2
2026-04-13,601012,14:20:00,17.7600,378,2
2026-04-13,601012,14:20:03,17.7700,296,1
2026-04-13,601012,14:20:06,17.7600,228,2
2026-04-13,601012,14:20:09,17.7500,616,2
2026-04-13,601012,14:20:12,17.7600,83,1
2026-04-13,601012,14:20:15,17.7600,97,1
2026-04-13,601012,14:20:18,17.7500,188,2
2026-04-13,601012,14:20:21,17.7500,238,2
2026-04-13,601012,14:20:24,17.7500,382,2
2026-04-13,601012,14:20:27,17.7600,576,1
2026-04-13,601012,14:20:30,17.7500,829,2
2026-04-13,601012,14:20:33,17.7500,305,2
2026-04-13,601012,14:20:36,17.7500,232,2
2026-04-13,601012,14:20:39,17.7600,58,1
2026-04-13,601012,14:20:42,17.7500,205,2
2026-04-13,601012,14:20:45,17.7500,206,2
2026-04-13,601012,14:20:48,17.7500,321,2
2026-04-13,601012,14:20:51,17.7500,406,2
2026-04-13,601012,14:20:54,17.7500,124,2
2026-04-13,601012,14:20:57,17.7500,374,2
2026-04-13,601012,14:21:00,17.7500,533,2
2026-04-13,601012,14:21:03,17.7500,296,2
2026-04-13,601012,14:21:06,17.7500,466,2
2026-04-13,601012,14:21:09,17.7500,547,2
2026-04-13,601012,14:21:12,17.7500,408,1
2026-04-13,601012,14:21:15,17.7500,177,1
2026-04-13,601012,14:21:18,17.7500,65,1
2026-04-13,601012,14:21:21,17.7500,419,1
2026-04-13,601012,14:21:24,17.7400,169,2
2026-04-13,601012,14:21:27,17.7500,263,1
2026-04-13,601012,14:21:30,17.7500,201,1
2026-04-13,601012,14:21:33,17.7400,207,2
2026-04-13,601012,14:21:36,17.7400,691,2
2026-04-13,601012,14:21:39,17.7400,113,2
2026-04-13,601012,14:21:42,17.7400,208,2
2026-04-13,601012,14:21:45,17.7400,389,2
2026-04-13,601012,14:21:48,17.7400,179,2
2026-04-13,601012,14:21:51,17.7400,385,2
2026-04-13,601012,14:21:54,17.7400,284,2
2026-04-13,601012,14:21:57,17.7400,233,2
2026-04-13,601012,14:22:00,17.7300,147,2
2026-04-13,601012,14:22:03,17.7300,117,2
2026-04-13,601012,14:22:06,17.7300,165,2
2026-04-13,601012,14:22:09,17.7300,213,2
2026-04-13,601012,14:22:12,17.7300,932,2
2026-04-13,601012,14:22:15,17.7300,689,2
2026-04-13,601012,14:22:18,17.7300,443,2
2026-04-13,601012,14:22:21,17.7400,190,1
2026-04-13,601012,14:22:24,17.7300,89,2
2026-04-13,601012,14:22:27,17.7300,175,1
2026-04-13,601012,14:22:30,17.7300,242,2
2026-04-13,601012,14:22:33,17.7300,181,2
2026-04-13,601012,14:22:36,17.7300,219,2
2026-04-13,601012,14:22:39,17.7300,403,2
2026-04-13,601012,14:22:42,17.7300,155,2
2026-04-13,601012,14:22:45,17.7400,461,1
2026-04-13,601012,14:22:48,17.7400,49,1
2026-04-13,601012,14:22:51,17.7500,2865,1
2026-04-13,601012,14:22:54,17.7500,208,1
2026-04-13,601012,14:22:57,17.7500,77,2
2026-04-13,601012,14:23:00,17.7600,1169,1
2026-04-13,601012,14:23:03,17.7500,349,2
2026-04-13,601012,14:23:06,17.7500,980,1
2026-04-13,601012,14:23:09,17.7600,1065,1
2026-04-13,601012,14:23:12,17.7600,261,2
2026-04-13,601012,14:23:15,17.7700,151,1
2026-04-13,601012,14:23:18,17.7600,305,2
2026-04-13,601012,14:23:21,17.7600,579,2
2026-04-13,601012,14:23:24,17.7700,144,1
2026-04-13,601012,14:23:27,17.7600,106,2
2026-04-13,601012,14:23:30,17.7600,41,2
2026-04-13,601012,14:23:33,17.7700,162,1
2026-04-13,601012,14:23:36,17.7600,101,2
2026-04-13,601012,14:23:39,17.7700,129,1
2026-04-13,601012,14:23:42,17.7700,138,1
2026-04-13,601012,14:23:45,17.7700,505,1
2026-04-13,601012,14:23:48,17.7600,412,2
2026-04-13,601012,14:23:51,17.7600,1084,2
2026-04-13,601012,14:23:54,17.7700,305,1
2026-04-13,601012,14:23:57,17.7600,320,2
2026-04-13,601012,14:24:00,17.7600,101,2
2026-04-13,601012,14:24:03,17.7600,98,2
2026-04-13,601012,14:24:06,17.7600,283,2
2026-04-13,601012,14:24:09,17.7700,162,1
2026-04-13,601012,14:24:12,17.7700,394,2
2026-04-13,601012,14:24:15,17.7800,108,1
2026-04-13,601012,14:24:18,17.7700,85,2
2026-04-13,601012,14:24:21,17.7800,184,1
2026-04-13,601012,14:24:24,17.7700,273,2
2026-04-13,601012,14:24:27,17.7700,58,2
2026-04-13,601012,14:24:30,17.7700,147,2
2026-04-13,601012,14:24:33,17.7700,73,2
2026-04-13,601012,14:24:36,17.7700,318,2
2026-04-13,601012,14:24:39,17.7700,782,2
2026-04-13,601012,14:24:42,17.7800,150,1
2026-04-13,601012,14:24:45,17.7800,56,1
2026-04-13,601012,14:24:48,17.7800,84,1
2026-04-13,601012,14:24:51,17.7700,53,2
2026-04-13,601012,14:24:54,17.7700,218,2
2026-04-13,601012,14:24:57,17.7800,165,1
2026-04-13,601012,14:25:00,17.7800,45,1
2026-04-13,601012,14:25:03,17.7800,83,1
2026-04-13,601012,14:25:06,17.7700,56,2
2026-04-13,601012,14:25:09,17.7700,124,2
2026-04-13,601012,14:25:12,17.7800,191,1
2026-04-13,601012,14:25:15,17.7800,88,1
2026-04-13,601012,14:25:18,17.7800,36,1
2026-04-13,601012,14:25:21,17.7800,203,1
2026-04-13,601012,14:25:24,17.7800,102,1
2026-04-13,601012,14:25:27,17.7700,41,2
2026-04-13,601012,14:25:30,17.7700,178,2
2026-04-13,601012,14:25:33,17.7800,74,1
2026-04-13,601012,14:25:36,17.7800,46,1
2026-04-13,601012,14:25:39,17.7700,388,2
2026-04-13,601012,14:25:42,17.7800,186,1
2026-04-13,601012,14:25:45,17.7800,60,1
2026-04-13,601012,14:25:48,17.7800,883,1
2026-04-13,601012,14:25:51,17.7800,142,1
2026-04-13,601012,14:25:54,17.7800,59,1
2026-04-13,601012,14:25:57,17.7800,134,1
2026-04-13,601012,14:26:00,17.7700,132,2
2026-04-13,601012,14:26:03,17.7700,123,2
2026-04-13,601012,14:26:06,17.7700,95,2
2026-04-13,601012,14:26:09,17.7700,77,2
2026-04-13,601012,14:26:12,17.7700,53,2
2026-04-13,601012,14:26:15,17.7700,224,2
2026-04-13,601012,14:26:18,17.7700,184,2
2026-04-13,601012,14:26:21,17.7700,149,2
2026-04-13,601012,14:26:24,17.7800,135,1
2026-04-13,601012,14:26:27,17.7800,63,1
2026-04-13,601012,14:26:30,17.7800,69,1
2026-04-13,601012,14:26:33,17.7700,62,2
2026-04-13,601012,14:26:36,17.7700,116,2
2026-04-13,601012,14:26:39,17.7800,86,1
2026-04-13,601012,14:26:42,17.7700,59,2
2026-04-13,601012,14:26:45,17.7700,216,2
2026-04-13,601012,14:26:48,17.7700,16,2
2026-04-13,601012,14:26:51,17.7700,244,2
2026-04-13,601012,14:26:54,17.7700,28,2
2026-04-13,601012,14:26:57,17.7800,90,1
2026-04-13,601012,14:27:00,17.7800,223,1
2026-04-13,601012,14:27:03,17.7800,49,1
2026-04-13,601012,14:27:06,17.7700,108,2
2026-04-13,601012,14:27:09,17.7700,326,2
2026-04-13,601012,14:27:12,17.7700,2152,2
2026-04-13,601012,14:27:15,17.7700,37,1
2026-04-13,601012,14:27:18,17.7700,324,1
2026-04-13,601012,14:27:21,17.7600,570,2
2026-04-13,601012,14:27:24,17.7700,219,1
2026-04-13,601012,14:27:27,17.7600,87,2
2026-04-13,601012,14:27:30,17.7600,28,2
2026-04-13,601012,14:27:33,17.7600,80,2
2026-04-13,601012,14:27:36,17.7600,224,2
2026-04-13,601012,14:27:39,17.7600,305,2
2026-04-13,601012,14:27:42,17.7600,234,2
2026-04-13,601012,14:27:45,17.7600,271,2
2026-04-13,601012,14:27:48,17.7600,187,2
2026-04-13,601012,14:27:51,17.7600,211,2
2026-04-13,601012,14:27:54,17.7600,207,2
2026-04-13,601012,14:27:57,17.7700,171,1
2026-04-13,601012,14:28:00,17.7700,309,1
2026-04-13,601012,14:28:03,17.7700,412,1
2026-04-13,601012,14:28:06,17.7600,44,4
2026-04-13,601012,14:28:09,17.7600,133,1
2026-04-13,601012,14:28:12,17.7600,332,1
2026-04-13,601012,14:28:15,17.7600,78,1
2026-04-13,601012,14:28:18,17.7600,103,1
2026-04-13,601012,14:28:21,17.7500,294,2
2026-04-13,601012,14:28:24,17.7500,139,2
2026-04-13,601012,14:28:27,17.7500,69,2
2026-04-13,601012,14:28:30,17.7500,150,2
2026-04-13,601012,14:28:33,17.7500,77,2
2026-04-13,601012,14:28:36,17.7500,714,2
2026-04-13,601012,14:28:39,17.7600,235,1
2026-04-13,601012,14:28:42,17.7500,89,2
2026-04-13,601012,14:28:45,17.7500,86,2
2026-04-13,601012,14:28:48,17.7500,326,2
2026-04-13,601012,14:28:51,17.7500,162,2
2026-04-13,601012,14:28:54,17.7500,258,2
2026-04-13,601012,14:28:57,17.7500,94,2
2026-04-13,601012,14:29:00,17.7400,51,2
2026-04-13,601012,14:29:03,17.7400,205,2
2026-04-13,601012,14:29:06,17.7500,24,1
2026-04-13,601012,14:29:09,17.7400,92,2
2026-04-13,601012,14:29:12,17.7500,108,1
2026-04-13,601012,14:29:15,17.7500,146,1
2026-04-13,601012,14:29:18,17.7400,174,2
2026-04-13,601012,14:29:21,17.7500,134,1
2026-04-13,601012,14:29:24,17.7500,241,1
2026-04-13,601012,14:29:27,17.7500,273,1
2026-04-13,601012,14:29:30,17.7500,43,1
2026-04-13,601012,14:29:33,17.7400,194,2
2026-04-13,601012,14:29:36,17.7400,292,2
2026-04-13,601012,14:29:39,17.7500,270,1
2026-04-13,601012,14:29:42,17.7400,287,2
2026-04-13,601012,14:29:45,17.7400,178,2
2026-04-13,601012,14:29:48,17.7400,122,2
2026-04-13,601012,14:29:51,17.7500,132,1
2026-04-13,601012,14:29:54,17.7500,362,1
2026-04-13,601012,14:29:57,17.7400,428,2
2026-04-13,601012,14:30:00,17.7400,273,2
2026-04-13,601012,14:30:03,17.7400,235,2
2026-04-13,601012,14:30:06,17.7400,297,1
2026-04-13,601012,14:30:09,17.7500,222,1
2026-04-13,601012,14:30:12,17.7400,169,2
2026-04-13,601012,14:30:15,17.7400,158,2
2026-04-13,601012,14:30:18,17.7500,73,1
2026-04-13,601012,14:30:21,17.7500,82,1
2026-04-13,601012,14:30:24,17.7500,116,1
2026-04-13,601012,14:30:27,17.7500,137,1
2026-04-13,601012,14:30:30,17.7400,136,2
2026-04-13,601012,14:30:33,17.7500,130,1
2026-04-13,601012,14:30:36,17.7400,556,2
2026-04-13,601012,14:30:39,17.7400,40,1
2026-04-13,601012,14:30:42,17.7400,131,1
2026-04-13,601012,14:30:45,17.7400,100,1
2026-04-13,601012,14:30:48,17.7400,64,1
2026-04-13,601012,14:30:51,17.7400,1029,1
2026-04-13,601012,14:30:54,17.7300,174,2
2026-04-13,601012,14:30:57,17.7300,315,2
2026-04-13,601012,14:31:00,17.7300,114,2
2026-04-13,601012,14:31:03,17.7300,1388,2
2026-04-13,601012,14:31:06,17.7300,198,1
2026-04-13,601012,14:31:09,17.7200,77,2
2026-04-13,601012,14:31:12,17.7200,145,2
2026-04-13,601012,14:31:15,17.7200,170,2
2026-04-13,601012,14:31:18,17.7200,354,2
2026-04-13,601012,14:31:21,17.7200,635,2
2026-04-13,601012,14:31:24,17.7300,665,1
2026-04-13,601012,14:31:27,17.7300,295,1
2026-04-13,601012,14:31:30,17.7200,127,2
2026-04-13,601012,14:31:33,17.7200,409,2
2026-04-13,601012,14:31:36,17.7200,117,2
2026-04-13,601012,14:31:39,17.7200,51,1
2026-04-13,601012,14:31:42,17.7200,128,1
2026-04-13,601012,14:31:45,17.7200,229,1
2026-04-13,601012,14:31:48,17.7200,158,1
2026-04-13,601012,14:31:51,17.7200,68,1
2026-04-13,601012,14:31:54,17.7200,348,1
2026-04-13,601012,14:31:57,17.7200,163,1
2026-04-13,601012,14:32:00,17.7200,217,1
2026-04-13,601012,14:32:03,17.7200,383,1
2026-04-13,601012,14:32:06,17.7100,228,2
2026-04-13,601012,14:32:09,17.7100,136,2
2026-04-13,601012,14:32:12,17.7100,192,2
2026-04-13,601012,14:32:15,17.7100,222,2
2026-04-13,601012,14:32:18,17.7100,96,2
2026-04-13,601012,14:32:21,17.7100,486,2
2026-04-13,601012,14:32:24,17.7100,224,2
2026-04-13,601012,14:32:27,17.7100,244,2
2026-04-13,601012,14:32:30,17.7100,1071,2
2026-04-13,601012,14:32:33,17.7100,85,1
2026-04-13,601012,14:32:36,17.7000,135,2
2026-04-13,601012,14:32:39,17.7000,367,2
2026-04-13,601012,14:32:42,17.7000,242,2
2026-04-13,601012,14:32:45,17.7000,356,2
2026-04-13,601012,14:32:48,17.7100,313,1
2026-04-13,601012,14:32:51,17.7000,310,2
2026-04-13,601012,14:32:54,17.7100,40,1
2026-04-13,601012,14:32:57,17.7000,871,2
2026-04-13,601012,14:33:00,17.7000,263,2
2026-04-13,601012,14:33:03,17.7000,364,2
2026-04-13,601012,14:33:06,17.7000,181,2
2026-04-13,601012,14:33:09,17.7000,979,2
2026-04-13,601012,14:33:12,17.7000,824,2
2026-04-13,601012,14:33:15,17.7000,148,2
2026-04-13,601012,14:33:18,17.7100,295,1
2026-04-13,601012,14:33:21,17.7000,502,2
2026-04-13,601012,14:33:24,17.7000,318,2
2026-04-13,601012,14:33:27,17.7100,916,1
2026-04-13,601012,14:33:30,17.7000,624,2
2026-04-13,601012,14:33:33,17.7000,369,2
2026-04-13,601012,14:33:36,17.7000,274,1
2026-04-13,601012,14:33:39,17.6900,127,2
2026-04-13,601012,14:33:42,17.6900,183,2
2026-04-13,601012,14:33:45,17.6900,140,2
2026-04-13,601012,14:33:48,17.6900,177,2
2026-04-13,601012,14:33:51,17.6900,167,2
2026-04-13,601012,14:33:54,17.6900,304,2
2026-04-13,601012,14:33:57,17.6900,525,2
2026-04-13,601012,14:34:00,17.6900,372,2
2026-04-13,601012,14:34:03,17.7000,638,1
2026-04-13,601012,14:34:06,17.6900,596,2
2026-04-13,601012,14:34:09,17.6900,260,2
2026-04-13,601012,14:34:12,17.6900,1631,2
2026-04-13,601012,14:34:15,17.7000,640,1
2026-04-13,601012,14:34:18,17.7000,340,2
2026-04-13,601012,14:34:21,17.7000,241,2
2026-04-13,601012,14:34:24,17.7000,448,2
2026-04-13,601012,14:34:27,17.7000,188,2
2026-04-13,601012,14:34:30,17.7000,166,1
2026-04-13,601012,14:34:33,17.6900,85,2
2026-04-13,601012,14:34:36,17.6900,99,2
2026-04-13,601012,14:34:39,17.6900,890,2
2026-04-13,601012,14:34:42,17.6900,166,2
2026-04-13,601012,14:34:45,17.7000,351,1
2026-04-13,601012,14:34:48,17.6900,126,2
2026-04-13,601012,14:34:51,17.6900,207,2
2026-04-13,601012,14:34:54,17.6900,161,2
2026-04-13,601012,14:34:57,17.6900,231,2
2026-04-13,601012,14:35:00,17.6900,97,2
2026-04-13,601012,14:35:03,17.6900,587,2
2026-04-13,601012,14:35:06,17.6900,237,2
2026-04-13,601012,14:35:09,17.7000,571,1
2026-04-13,601012,14:35:12,17.6900,296,2
2026-04-13,601012,14:35:15,17.6900,579,2
2026-04-13,601012,14:35:18,17.6900,172,2
2026-04-13,601012,14:35:21,17.6900,171,2
2026-04-13,601012,14:35:24,17.6900,356,2
2026-04-13,601012,14:35:27,17.6900,201,2
2026-04-13,601012,14:35:30,17.6900,615,2
2026-04-13,601012,14:35:33,17.6900,215,2
2026-04-13,601012,14:35:36,17.6900,342,2
2026-04-13,601012,14:35:39,17.7000,674,1
2026-04-13,601012,14:35:42,17.7000,339,1
2026-04-13,601012,14:35:45,17.7000,83,1
2026-04-13,601012,14:35:48,17.7000,118,1
2026-04-13,601012,14:35:51,17.7000,391,1
2026-04-13,601012,14:35:54,17.6900,127,2
2026-04-13,601012,14:35:57,17.7000,1116,1
2026-04-13,601012,14:36:00,17.7000,172,2
2026-04-13,601012,14:36:03,17.7000,564,2
2026-04-13,601012,14:36:06,17.7000,140,2
2026-04-13,601012,14:36:09,17.7000,117,2
2026-04-13,601012,14:36:12,17.7000,253,2
2026-04-13,601012,14:36:15,17.7000,351,2
2026-04-13,601012,14:36:18,17.7000,156,2
2026-04-13,601012,14:36:21,17.7000,345,2
2026-04-13,601012,14:36:24,17.7000,71,2
2026-04-13,601012,14:36:27,17.7000,83,2
2026-04-13,601012,14:36:30,17.7000,322,2
2026-04-13,601012,14:36:33,17.7000,148,2
2026-04-13,601012,14:36:36,17.7000,190,2
2026-04-13,601012,14:36:39,17.7000,217,2
2026-04-13,601012,14:36:42,17.7000,168,2
2026-04-13,601012,14:36:45,17.7100,135,1
2026-04-13,601012,14:36:48,17.7000,186,2
2026-04-13,601012,14:36:51,17.7000,54,2
2026-04-13,601012,14:36:54,17.7000,116,2
2026-04-13,601012,14:36:57,17.7000,197,2
2026-04-13,601012,14:37:00,17.7100,121,1
2026-04-13,601012,14:37:03,17.7000,163,2
2026-04-13,601012,14:37:06,17.7000,194,2
2026-04-13,601012,14:37:09,17.7000,142,2
2026-04-13,601012,14:37:12,17.7000,490,2
2026-04-13,601012,14:37:15,17.7100,119,1
2026-04-13,601012,14:37:18,17.7100,135,1
2026-04-13,601012,14:37:21,17.7000,55,2
2026-04-13,601012,14:37:24,17.7000,168,2
2026-04-13,601012,14:37:27,17.7000,195,2
2026-04-13,601012,14:37:30,17.7000,450,2
2026-04-13,601012,14:37:33,17.7100,173,1
2026-04-13,601012,14:37:36,17.7000,126,2
2026-04-13,601012,14:37:39,17.7000,364,2
2026-04-13,601012,14:37:42,17.7100,182,1
2026-04-13,601012,14:37:45,17.7100,141,1
2026-04-13,601012,14:37:48,17.7000,107,2
2026-04-13,601012,14:37:51,17.7100,526,1
2026-04-13,601012,14:37:54,17.7100,408,1
2026-04-13,601012,14:37:57,17.7100,158,1
2026-04-13,601012,14:38:00,17.7100,134,1
2026-04-13,601012,14:38:03,17.7100,179,1
2026-04-13,601012,14:38:06,17.7100,171,1
2026-04-13,601012,14:38:09,17.7000,177,2
2026-04-13,601012,14:38:12,17.7100,185,1
2026-04-13,601012,14:38:15,17.7100,743,1
2026-04-13,601012,14:38:18,17.7200,149,1
2026-04-13,601012,14:38:21,17.7100,84,2
2026-04-13,601012,14:38:24,17.7100,67,2
2026-04-13,601012,14:38:27,17.7100,262,2
2026-04-13,601012,14:38:30,17.7200,173,1
2026-04-13,601012,14:38:33,17.7200,673,1
2026-04-13,601012,14:38:36,17.7200,420,1
2026-04-13,601012,14:38:39,17.7200,299,1
2026-04-13,601012,14:38:42,17.7200,112,1
2026-04-13,601012,14:38:45,17.7200,284,1
2026-04-13,601012,14:38:48,17.7200,207,1
2026-04-13,601012,14:38:51,17.7200,72,2
2026-04-13,601012,14:38:54,17.7200,175,2
2026-04-13,601012,14:38:57,17.7300,77,1
2026-04-13,601012,14:39:00,17.7300,118,1
2026-04-13,601012,14:39:03,17.7300,121,1
2026-04-13,601012,14:39:06,17.7200,560,2
2026-04-13,601012,14:39:09,17.7200,245,2
2026-04-13,601012,14:39:12,17.7300,246,1
2026-04-13,601012,14:39:15,17.7300,86,1
2026-04-13,601012,14:39:18,17.7200,361,2
2026-04-13,601012,14:39:21,17.7200,193,2
2026-04-13,601012,14:39:24,17.7300,118,1
2026-04-13,601012,14:39:27,17.7300,214,1
2026-04-13,601012,14:39:30,17.7200,196,2
2026-04-13,601012,14:39:33,17.7300,204,1
2026-04-13,601012,14:39:36,17.7200,83,2
2026-04-13,601012,14:39:39,17.7200,43,2
2026-04-13,601012,14:39:42,17.7300,875,1
2026-04-13,601012,14:39:45,17.7300,50,2
2026-04-13,601012,14:39:48,17.7300,221,2
2026-04-13,601012,14:39:51,17.7300,274,2
2026-04-13,601012,14:39:54,17.7300,256,2
2026-04-13,601012,14:39:57,17.7300,228,2
2026-04-13,601012,14:40:00,17.7400,100,1
2026-04-13,601012,14:40:03,17.7300,103,2
2026-04-13,601012,14:40:06,17.7400,253,1
2026-04-13,601012,14:40:09,17.7300,131,2
2026-04-13,601012,14:40:12,17.7400,263,1
2026-04-13,601012,14:40:15,17.7300,533,2
2026-04-13,601012,14:40:18,17.7400,84,1
2026-04-13,601012,14:40:21,17.7400,501,1
2026-04-13,601012,14:40:24,17.7400,190,1
2026-04-13,601012,14:40:27,17.7400,388,1
2026-04-13,601012,14:40:30,17.7400,306,1
2026-04-13,601012,14:40:33,17.7300,320,2
2026-04-13,601012,14:40:36,17.7400,63,1
2026-04-13,601012,14:40:39,17.7400,162,1
2026-04-13,601012,14:40:42,17.7400,177,1
2026-04-13,601012,14:40:45,17.7300,67,2
2026-04-13,601012,14:40:48,17.7300,411,2
2026-04-13,601012,14:40:51,17.7300,80,2
2026-04-13,601012,14:40:54,17.7400,311,1
2026-04-13,601012,14:40:57,17.7400,197,2
2026-04-13,601012,14:41:00,17.7500,265,1
2026-04-13,601012,14:41:03,17.7500,336,1
2026-04-13,601012,14:41:06,17.7400,237,2
2026-04-13,601012,14:41:09,17.7500,197,1
2026-04-13,601012,14:41:12,17.7500,557,1
2026-04-13,601012,14:41:15,17.7500,219,1
2026-04-13,601012,14:41:18,17.7500,103,1
2026-04-13,601012,14:41:21,17.7500,209,1
2026-04-13,601012,14:41:24,17.7400,253,2
2026-04-13,601012,14:41:27,17.7400,145,2
2026-04-13,601012,14:41:30,17.7500,102,1
2026-04-13,601012,14:41:33,17.7400,198,2
2026-04-13,601012,14:41:36,17.7400,409,2
2026-04-13,601012,14:41:39,17.7400,231,2
2026-04-13,601012,14:41:42,17.7400,227,2
2026-04-13,601012,14:41:45,17.7400,279,2
2026-04-13,601012,14:41:48,17.7400,362,2
2026-04-13,601012,14:41:51,17.7400,104,2
2026-04-13,601012,14:41:54,17.7400,657,2
2026-04-13,601012,14:41:57,17.7400,244,2
2026-04-13,601012,14:42:00,17.7400,182,2
2026-04-13,601012,14:42:03,17.7400,399,1
2026-04-13,601012,14:42:06,17.7500,106,1
2026-04-13,601012,14:42:09,17.7400,454,2
2026-04-13,601012,14:42:12,17.7400,199,1
2026-04-13,601012,14:42:15,17.7300,114,2
2026-04-13,601012,14:42:18,17.7400,145,1
2026-04-13,601012,14:42:21,17.7400,388,1
2026-04-13,601012,14:42:24,17.7400,283,2
2026-04-13,601012,14:42:27,17.7300,266,2
2026-04-13,601012,14:42:30,17.7300,208,2
2026-04-13,601012,14:42:33,17.7300,88,2
2026-04-13,601012,14:42:36,17.7400,73,1
2026-04-13,601012,14:42:39,17.7300,164,2
2026-04-13,601012,14:42:42,17.7300,543,2
2026-04-13,601012,14:42:45,17.7300,247,2
2026-04-13,601012,14:42:48,17.7400,300,1
2026-04-13,601012,14:42:51,17.7300,311,2
2026-04-13,601012,14:42:54,17.7300,198,2
2026-04-13,601012,14:42:57,17.7300,782,2
2026-04-13,601012,14:43:00,17.7400,497,1
2026-04-13,601012,14:43:03,17.7400,447,1
2026-04-13,601012,14:43:06,17.7300,344,2
2026-04-13,601012,14:43:09,17.7400,174,1
2026-04-13,601012,14:43:12,17.7300,158,2
2026-04-13,601012,14:43:15,17.7300,260,2
2026-04-13,601012,14:43:18,17.7400,413,1
2026-04-13,601012,14:43:21,17.7300,709,2
2026-04-13,601012,14:43:24,17.7400,183,1
2026-04-13,601012,14:43:27,17.7300,80,2
2026-04-13,601012,14:43:30,17.7300,345,2
2026-04-13,601012,14:43:33,17.7300,176,2
2026-04-13,601012,14:43:36,17.7300,497,2
2026-04-13,601012,14:43:39,17.7400,212,1
2026-04-13,601012,14:43:42,17.7400,228,1
2026-04-13,601012,14:43:45,17.7400,287,1
2026-04-13,601012,14:43:48,17.7300,200,2
2026-04-13,601012,14:43:51,17.7400,245,1
2026-04-13,601012,14:43:54,17.7300,227,2
2026-04-13,601012,14:43:57,17.7400,1121,1
2026-04-13,601012,14:44:00,17.7300,233,2
2026-04-13,601012,14:44:03,17.7300,202,2
2026-04-13,601012,14:44:06,17.7300,741,2
2026-04-13,601012,14:44:09,17.7300,559,1
2026-04-13,601012,14:44:12,17.7300,361,1
2026-04-13,601012,14:44:15,17.7400,92,1
2026-04-13,601012,14:44:18,17.7300,247,2
2026-04-13,601012,14:44:21,17.7300,356,2
2026-04-13,601012,14:44:24,17.7300,119,1
2026-04-13,601012,14:44:27,17.7300,103,2
2026-04-13,601012,14:44:30,17.7300,312,2
2026-04-13,601012,14:44:33,17.7300,144,2
2026-04-13,601012,14:44:36,17.7300,227,2
2026-04-13,601012,14:44:39,17.7300,141,1
2026-04-13,601012,14:44:42,17.7300,217,1
2026-04-13,601012,14:44:45,17.7300,254,1
2026-04-13,601012,14:44:48,17.7200,234,2
2026-04-13,601012,14:44:51,17.7300,111,1
2026-04-13,601012,14:44:54,17.7300,505,1
2026-04-13,601012,14:44:57,17.7300,300,1
2026-04-13,601012,14:45:00,17.7200,427,2
2026-04-13,601012,14:45:03,17.7200,3278,2
2026-04-13,601012,14:45:06,17.7200,446,2
2026-04-13,601012,14:45:09,17.7300,1571,1
2026-04-13,601012,14:45:12,17.7200,109,2
2026-04-13,601012,14:45:15,17.7200,257,2
2026-04-13,601012,14:45:18,17.7200,721,2
2026-04-13,601012,14:45:21,17.7100,987,2
2026-04-13,601012,14:45:24,17.7100,105,2
2026-04-13,601012,14:45:27,17.7100,362,2
2026-04-13,601012,14:45:30,17.7100,553,2
2026-04-13,601012,14:45:33,17.7100,252,2
2026-04-13,601012,14:45:36,17.7100,232,2
2026-04-13,601012,14:45:39,17.7100,159,2
2026-04-13,601012,14:45:42,17.7200,385,1
2026-04-13,601012,14:45:45,17.7200,114,1
2026-04-13,601012,14:45:48,17.7200,475,1
2026-04-13,601012,14:45:51,17.7100,98,2
2026-04-13,601012,14:45:54,17.7100,210,2
2026-04-13,601012,14:45:57,17.7100,716,2
2026-04-13,601012,14:46:00,17.7200,127,1
2026-04-13,601012,14:46:03,17.7100,381,2
2026-04-13,601012,14:46:06,17.7100,270,2
2026-04-13,601012,14:46:09,17.7100,491,2
2026-04-13,601012,14:46:12,17.7100,372,2
2026-04-13,601012,14:46:15,17.7100,225,2
2026-04-13,601012,14:46:18,17.7100,191,2
2026-04-13,601012,14:46:21,17.7000,190,2
2026-04-13,601012,14:46:24,17.7000,283,2
2026-04-13,601012,14:46:27,17.7000,636,2
2026-04-13,601012,14:46:30,17.7100,455,1
2026-04-13,601012,14:46:33,17.7000,622,2
2026-04-13,601012,14:46:36,17.7100,206,1
2026-04-13,601012,14:46:39,17.7000,211,2
2026-04-13,601012,14:46:42,17.7100,484,1
2026-04-13,601012,14:46:45,17.7000,231,2
2026-04-13,601012,14:46:48,17.7000,119,2
2026-04-13,601012,14:46:51,17.7000,236,2
2026-04-13,601012,14:46:54,17.7000,274,2
2026-04-13,601012,14:46:57,17.7000,190,2
2026-04-13,601012,14:47:00,17.7000,179,2
2026-04-13,601012,14:47:03,17.7100,275,1
2026-04-13,601012,14:47:06,17.7000,414,2
2026-04-13,601012,14:47:09,17.7100,485,1
2026-04-13,601012,14:47:12,17.7000,265,2
2026-04-13,601012,14:47:15,17.7000,282,2
2026-04-13,601012,14:47:18,17.7100,722,1
2026-04-13,601012,14:47:21,17.7000,274,2
2026-04-13,601012,14:47:24,17.7000,609,2
2026-04-13,601012,14:47:27,17.7000,244,2
2026-04-13,601012,14:47:30,17.7000,444,2
2026-04-13,601012,14:47:33,17.7000,288,2
2026-04-13,601012,14:47:36,17.7000,637,2
2026-04-13,601012,14:47:39,17.7000,326,2
2026-04-13,601012,14:47:42,17.7000,299,2
2026-04-13,601012,14:47:45,17.7000,786,2
2026-04-13,601012,14:47:48,17.7100,543,1
2026-04-13,601012,14:47:51,17.7000,216,2
2026-04-13,601012,14:47:54,17.7000,222,2
2026-04-13,601012,14:47:57,17.7000,486,2
2026-04-13,601012,14:48:00,17.7000,230,2
2026-04-13,601012,14:48:03,17.7000,242,2
2026-04-13,601012,14:48:06,17.7000,604,2
2026-04-13,601012,14:48:09,17.7000,1188,2
2026-04-13,601012,14:48:12,17.7000,1080,2
2026-04-13,601012,14:48:15,17.7000,316,1
2026-04-13,601012,14:48:18,17.6900,190,2
2026-04-13,601012,14:48:21,17.6900,301,2
2026-04-13,601012,14:48:24,17.7000,199,1
2026-04-13,601012,14:48:27,17.6900,93,2
2026-04-13,601012,14:48:30,17.6900,287,2
2026-04-13,601012,14:48:33,17.6900,131,2
2026-04-13,601012,14:48:36,17.6900,253,2
2026-04-13,601012,14:48:39,17.6900,233,2
2026-04-13,601012,14:48:42,17.7000,246,1
2026-04-13,601012,14:48:45,17.7000,170,1
2026-04-13,601012,14:48:48,17.6900,693,2
2026-04-13,601012,14:48:51,17.7000,211,1
2026-04-13,601012,14:48:54,17.7000,209,1
2026-04-13,601012,14:48:57,17.7000,129,1
2026-04-13,601012,14:49:00,17.7000,252,1
2026-04-13,601012,14:49:03,17.7000,681,1
2026-04-13,601012,14:49:06,17.6900,679,2
2026-04-13,601012,14:49:09,17.7000,369,1
2026-04-13,601012,14:49:12,17.6900,212,2
2026-04-13,601012,14:49:15,17.6900,287,2
2026-04-13,601012,14:49:18,17.7000,317,1
2026-04-13,601012,14:49:21,17.7000,232,1
2026-04-13,601012,14:49:24,17.7000,1115,1
2026-04-13,601012,14:49:27,17.6900,322,2
2026-04-13,601012,14:49:30,17.6900,1145,2
2026-04-13,601012,14:49:33,17.6900,863,2
2026-04-13,601012,14:49:36,17.6900,1117,2
2026-04-13,601012,14:49:39,17.6900,358,2
2026-04-13,601012,14:49:42,17.6900,326,2
2026-04-13,601012,14:49:45,17.6900,244,1
2026-04-13,601012,14:49:48,17.6800,313,2
2026-04-13,601012,14:49:51,17.6900,188,1
2026-04-13,601012,14:49:54,17.6900,233,2
2026-04-13,601012,14:49:57,17.6900,225,1
2026-04-13,601012,14:50:00,17.6800,132,2
2026-04-13,601012,14:50:03,17.6900,633,1
2026-04-13,601012,14:50:06,17.6900,244,1
2026-04-13,601012,14:50:09,17.6800,819,2
2026-04-13,601012,14:50:12,17.6800,218,2
2026-04-13,601012,14:50:15,17.6900,203,1
2026-04-13,601012,14:50:18,17.6900,102,1
2026-04-13,601012,14:50:21,17.6900,264,1
2026-04-13,601012,14:50:24,17.6900,168,1
2026-04-13,601012,14:50:27,17.6900,236,1
2026-04-13,601012,14:50:30,17.6800,312,2
2026-04-13,601012,14:50:33,17.6800,257,2
2026-04-13,601012,14:50:36,17.6800,696,2
2026-04-13,601012,14:50:39,17.6800,158,2
2026-04-13,601012,14:50:42,17.6800,263,2
2026-04-13,601012,14:50:45,17.6800,245,2
2026-04-13,601012,14:50:48,17.6900,582,1
2026-04-13,601012,14:50:51,17.6900,381,1
2026-04-13,601012,14:50:54,17.6900,204,1
2026-04-13,601012,14:50:57,17.6800,298,2
2026-04-13,601012,14:51:00,17.6900,107,1
2026-04-13,601012,14:51:03,17.6800,315,2
2026-04-13,601012,14:51:06,17.6800,716,2
2026-04-13,601012,14:51:09,17.6800,691,2
2026-04-13,601012,14:51:12,17.6800,457,2
2026-04-13,601012,14:51:15,17.6800,587,2
2026-04-13,601012,14:51:18,17.6800,951,2
2026-04-13,601012,14:51:21,17.6800,237,2
2026-04-13,601012,14:51:24,17.6900,594,1
2026-04-13,601012,14:51:27,17.6800,355,2
2026-04-13,601012,14:51:30,17.6900,218,1
2026-04-13,601012,14:51:33,17.6900,217,1
2026-04-13,601012,14:51:36,17.6900,499,1
2026-04-13,601012,14:51:39,17.6800,184,2
2026-04-13,601012,14:51:42,17.6800,859,2
2026-04-13,601012,14:51:45,17.6800,261,2
2026-04-13,601012,14:51:48,17.6800,523,2
2026-04-13,601012,14:51:51,17.6800,454,2
2026-04-13,601012,14:51:54,17.6900,361,1
2026-04-13,601012,14:51:57,17.6900,150,1
2026-04-13,601012,14:52:00,17.6800,558,2
2026-04-13,601012,14:52:03,17.6900,512,1
2026-04-13,601012,14:52:06,17.6800,609,2
2026-04-13,601012,14:52:09,17.6900,284,1
2026-04-13,601012,14:52:12,17.6800,726,2
2026-04-13,601012,14:52:15,17.6800,286,2
2026-04-13,601012,14:52:18,17.6800,216,2
2026-04-13,601012,14:52:21,17.6800,243,2
2026-04-13,601012,14:52:24,17.6900,389,1
2026-04-13,601012,14:52:27,17.6800,704,2
2026-04-13,601012,14:52:30,17.6800,486,2
2026-04-13,601012,14:52:33,17.6800,663,2
2026-04-13,601012,14:52:36,17.6900,228,1
2026-04-13,601012,14:52:39,17.6900,390,1
2026-04-13,601012,14:52:42,17.6800,265,2
2026-04-13,601012,14:52:45,17.6900,527,1
2026-04-13,601012,14:52:48,17.6800,480,2
2026-04-13,601012,14:52:51,17.6900,171,1
2026-04-13,601012,14:52:54,17.6800,636,2
2026-04-13,601012,14:52:57,17.6800,286,2
2026-04-13,601012,14:53:00,17.6800,332,2
2026-04-13,601012,14:53:03,17.6800,462,2
2026-04-13,601012,14:53:06,17.6800,710,2
2026-04-13,601012,14:53:09,17.6800,576,2
2026-04-13,601012,14:53:12,17.6800,442,1
2026-04-13,601012,14:53:15,17.6800,382,1
2026-04-13,601012,14:53:18,17.6800,498,2
2026-04-13,601012,14:53:21,17.6800,899,1
2026-04-13,601012,14:53:24,17.6700,652,2
2026-04-13,601012,14:53:27,17.6800,488,2
2026-04-13,601012,14:53:30,17.6800,361,2
2026-04-13,601012,14:53:33,17.6900,378,1
2026-04-13,601012,14:53:36,17.6800,452,2
2026-04-13,601012,14:53:39,17.6800,406,2
2026-04-13,601012,14:53:42,17.6800,318,1
2026-04-13,601012,14:53:45,17.6800,643,1
2026-04-13,601012,14:53:48,17.6800,708,2
2026-04-13,601012,14:53:51,17.6900,441,1
2026-04-13,601012,14:53:54,17.6800,947,2
2026-04-13,601012,14:53:57,17.6800,365,2
2026-04-13,601012,14:54:00,17.6800,607,1
2026-04-13,601012,14:54:03,17.6800,960,2
2026-04-13,601012,14:54:06,17.6800,941,2
2026-04-13,601012,14:54:09,17.6800,260,2
2026-04-13,601012,14:54:12,17.6900,712,1
2026-04-13,601012,14:54:15,17.6800,1103,2
2026-04-13,601012,14:54:18,17.6900,399,1
2026-04-13,601012,14:54:21,17.6900,609,1
2026-04-13,601012,14:54:24,17.6800,415,2
2026-04-13,601012,14:54:27,17.6800,348,1
2026-04-13,601012,14:54:30,17.6800,306,2
2026-04-13,601012,14:54:33,17.6900,283,1
2026-04-13,601012,14:54:36,17.6800,855,2
2026-04-13,601012,14:54:39,17.6800,384,1
2026-04-13,601012,14:54:42,17.6800,369,2
2026-04-13,601012,14:54:45,17.6800,622,2
2026-04-13,601012,14:54:48,17.6800,484,2
2026-04-13,601012,14:54:51,17.6800,607,2
2026-04-13,601012,14:54:54,17.6800,502,2
2026-04-13,601012,14:54:57,17.6800,303,1
2026-04-13,601012,14:55:00,17.6700,421,2
2026-04-13,601012,14:55:03,17.6800,539,1
2026-04-13,601012,14:55:06,17.6900,333,1
2026-04-13,601012,14:55:09,17.6800,406,2
2026-04-13,601012,14:55:12,17.6800,567,2
2026-04-13,601012,14:55:15,17.6800,322,2
2026-04-13,601012,14:55:18,17.6800,678,2
2026-04-13,601012,14:55:21,17.6900,627,1
2026-04-13,601012,14:55:24,17.6800,413,2
2026-04-13,601012,14:55:27,17.6800,569,1
2026-04-13,601012,14:55:30,17.6700,474,2
2026-04-13,601012,14:55:33,17.6700,431,2
2026-04-13,601012,14:55:36,17.6800,368,1
2026-04-13,601012,14:55:39,17.6800,493,1
2026-04-13,601012,14:55:42,17.6700,311,2
2026-04-13,601012,14:55:45,17.6700,709,2
2026-04-13,601012,14:55:48,17.6700,265,2
2026-04-13,601012,14:55:51,17.6700,338,2
2026-04-13,601012,14:55:54,17.6700,613,2
2026-04-13,601012,14:55:57,17.6800,563,1
2026-04-13,601012,14:56:00,17.6800,830,1
2026-04-13,601012,14:56:03,17.6800,757,2
2026-04-13,601012,14:56:06,17.6800,510,1
2026-04-13,601012,14:56:09,17.6700,432,2
2026-04-13,601012,14:56:12,17.6800,530,1
2026-04-13,601012,14:56:15,17.6800,390,2
2026-04-13,601012,14:56:18,17.6700,665,2
2026-04-13,601012,14:56:21,17.6800,645,2
2026-04-13,601012,14:56:24,17.6800,912,2
2026-04-13,601012,14:56:27,17.6700,352,2
2026-04-13,601012,14:56:30,17.6800,781,1
2026-04-13,601012,14:56:33,17.6700,1662,2
2026-04-13,601012,14:56:36,17.6700,450,2
2026-04-13,601012,14:56:39,17.6700,657,2
2026-04-13,601012,14:56:42,17.6700,387,2
2026-04-13,601012,14:56:45,17.6800,697,1
2026-04-13,601012,14:56:48,17.6800,539,2
2026-04-13,601012,14:56:51,17.6900,1361,1
2026-04-13,601012,14:56:54,17.6800,375,2
2026-04-13,601012,14:56:57,17.6800,367,2
2026-04-13,601012,14:57:00,17.6800,390,2
2026-04-13,601012,15:00:01,17.6800,16648,4
2026-04-13,601012,13:17:03,17.3800,1476,2
2026-04-13,601012,13:17:06,17.3900,541,1
2026-04-13,601012,13:17:09,17.3800,175,2
2026-04-13,601012,13:17:12,17.3900,55,1
2026-04-13,601012,13:17:15,17.3800,68,2
2026-04-13,601012,13:17:18,17.3800,100,2
2026-04-13,601012,13:17:21,17.3900,97,1
2026-04-13,601012,13:17:24,17.3800,202,2
2026-04-13,601012,13:17:27,17.3900,97,1
2026-04-13,601012,13:17:30,17.3800,1532,2
2026-04-13,601012,13:17:33,17.3700,39,2
2026-04-13,601012,13:17:36,17.3800,49,1
2026-04-13,601012,13:17:39,17.3700,42,2
2026-04-13,601012,13:17:42,17.3800,56,1
2026-04-13,601012,13:17:45,17.3700,226,2
2026-04-13,601012,13:17:48,17.3700,90,2
2026-04-13,601012,13:17:51,17.3700,38,2
2026-04-13,601012,13:17:54,17.3700,116,2
2026-04-13,601012,13:17:57,17.3700,34,2
2026-04-13,601012,13:18:00,17.3800,70,1
2026-04-13,601012,13:18:03,17.3800,220,1
2026-04-13,601012,13:18:06,17.3800,24,1
2026-04-13,601012,13:18:09,17.3800,100,1
2026-04-13,601012,13:18:12,17.3800,77,1
2026-04-13,601012,13:18:15,17.3800,682,1
2026-04-13,601012,13:18:18,17.3800,23,2
2026-04-13,601012,13:18:21,17.3800,62,2
2026-04-13,601012,13:18:24,17.3900,32,1
2026-04-13,601012,13:18:27,17.3900,98,1
2026-04-13,601012,13:18:30,17.4000,89,1
2026-04-13,601012,13:18:33,17.4000,53,1
2026-04-13,601012,13:18:36,17.4000,78,1
2026-04-13,601012,13:18:39,17.3900,176,2
2026-04-13,601012,13:18:42,17.4000,173,1
2026-04-13,601012,13:18:45,17.3900,257,2
2026-04-13,601012,13:18:48,17.4000,33,1
2026-04-13,601012,13:18:51,17.4000,276,1
2026-04-13,601012,13:18:54,17.4000,90,1
2026-04-13,601012,13:18:57,17.4000,544,1
2026-04-13,601012,13:19:00,17.4000,218,1
2026-04-13,601012,13:19:03,17.4000,141,1
2026-04-13,601012,13:19:06,17.4000,54,1
2026-04-13,601012,13:19:09,17.4000,71,1
2026-04-13,601012,13:19:12,17.4000,202,1
2026-04-13,601012,13:19:15,17.4000,73,1
2026-04-13,601012,13:19:18,17.4000,86,1
2026-04-13,601012,13:19:21,17.4000,76,1
2026-04-13,601012,13:19:24,17.4000,36,2
2026-04-13,601012,13:19:27,17.4000,252,2
2026-04-13,601012,13:19:30,17.4000,94,2
2026-04-13,601012,13:19:33,17.4100,213,1
2026-04-13,601012,13:19:36,17.4100,105,1
2026-04-13,601012,13:19:39,17.4100,65,1
2026-04-13,601012,13:19:42,17.4000,150,2
2026-04-13,601012,13:19:45,17.4000,1192,2
2026-04-13,601012,13:19:48,17.4000,175,1
2026-04-13,601012,13:19:51,17.4000,184,1
2026-04-13,601012,13:19:54,17.4000,102,1
2026-04-13,601012,13:20:00,17.4000,85,1
2026-04-13,601012,13:20:03,17.3900,151,2
2026-04-13,601012,13:20:06,17.4000,37,1
2026-04-13,601012,13:20:09,17.4000,54,1
2026-04-13,601012,13:20:12,17.4000,128,1
2026-04-13,601012,13:20:15,17.4000,34,2
2026-04-13,601012,13:20:18,17.4000,114,2
2026-04-13,601012,13:20:21,17.4000,224,2
2026-04-13,601012,13:20:24,17.4000,174,1
2026-04-13,601012,13:20:27,17.4100,92,1
2026-04-13,601012,13:20:30,17.4000,60,2
2026-04-13,601012,13:20:33,17.4100,138,1
2026-04-13,601012,13:20:36,17.4000,651,2
2026-04-13,601012,13:20:39,17.4000,40,1
2026-04-13,601012,13:20:42,17.4000,196,1
2026-04-13,601012,13:20:45,17.4000,58,4
2026-04-13,601012,13:20:48,17.4000,31,2
2026-04-13,601012,13:20:51,17.4000,131,2
2026-04-13,601012,13:20:54,17.4000,193,2
2026-04-13,601012,13:20:57,17.4000,144,2
2026-04-13,601012,13:21:00,17.4100,303,1
2026-04-13,601012,13:21:03,17.4000,1,2
2026-04-13,601012,13:21:06,17.4000,328,2
2026-04-13,601012,13:21:09,17.4000,103,1
2026-04-13,601012,13:21:12,17.4000,126,1
2026-04-13,601012,13:21:15,17.4000,299,1
2026-04-13,601012,13:21:18,17.4000,151,1
2026-04-13,601012,13:21:21,17.4000,296,1
2026-04-13,601012,13:21:24,17.4000,183,1
2026-04-13,601012,13:21:27,17.4000,84,2
2026-04-13,601012,13:21:30,17.4100,227,1
2026-04-13,601012,13:21:33,17.4000,313,1
2026-04-13,601012,13:21:36,17.4100,128,1
2026-04-13,601012,13:21:39,17.4000,88,2
2026-04-13,601012,13:21:42,17.4000,76,2
2026-04-13,601012,13:21:45,17.4000,161,2
2026-04-13,601012,13:21:48,17.4100,218,1
2026-04-13,601012,13:21:51,17.4100,135,1
2026-04-13,601012,13:21:54,17.4100,164,1
2026-04-13,601012,13:21:57,17.4100,147,1
2026-04-13,601012,13:22:00,17.4000,50,2
2026-04-13,601012,13:22:03,17.4100,21,1
2026-04-13,601012,13:22:06,17.4100,23,1
2026-04-13,601012,13:22:09,17.4000,75,2
2026-04-13,601012,13:22:12,17.4000,87,2
2026-04-13,601012,13:22:15,17.4000,38,2
2026-04-13,601012,13:22:18,17.4100,122,1
2026-04-13,601012,13:22:21,17.4100,101,1
2026-04-13,601012,13:22:24,17.4100,50,1
2026-04-13,601012,13:22:27,17.3900,755,2
2026-04-13,601012,13:22:30,17.4000,20,1
2026-04-13,601012,13:22:33,17.4000,40,1
2026-04-13,601012,13:22:36,17.4000,292,1
2026-04-13,601012,13:22:39,17.4000,356,1
2026-04-13,601012,13:22:42,17.4000,402,1
2026-04-13,601012,13:22:45,17.4000,360,1
2026-04-13,601012,13:22:48,17.3900,185,2
2026-04-13,601012,13:22:51,17.3900,106,2
2026-04-13,601012,13:22:54,17.3900,109,2
2026-04-13,601012,13:22:57,17.3900,124,2
2026-04-13,601012,13:23:00,17.4000,835,1
2026-04-13,601012,13:23:03,17.3900,141,2
2026-04-13,601012,13:23:06,17.3900,98,2
2026-04-13,601012,13:23:09,17.3900,31,2
2026-04-13,601012,13:23:12,17.3900,8,2
2026-04-13,601012,13:23:15,17.3900,91,2
2026-04-13,601012,13:23:18,17.3800,95,2
2026-04-13,601012,13:23:21,17.3900,12,1
2026-04-13,601012,13:23:24,17.3900,99,1
2026-04-13,601012,13:23:27,17.3900,21,1
2026-04-13,601012,13:23:30,17.3900,89,1
2026-04-13,601012,13:23:33,17.3800,68,2
2026-04-13,601012,13:23:36,17.3900,23,1
2026-04-13,601012,13:23:39,17.3800,42,2
2026-04-13,601012,13:23:42,17.3900,14,1
2026-04-13,601012,13:23:45,17.3900,125,1
2026-04-13,601012,13:23:48,17.3800,7,2
2026-04-13,601012,13:23:51,17.3800,71,2
2026-04-13,601012,13:23:54,17.3800,51,2
2026-04-13,601012,13:23:57,17.3800,83,2
2026-04-13,601012,13:24:00,17.3800,39,2
2026-04-13,601012,13:24:03,17.3800,39,2
2026-04-13,601012,13:24:06,17.3800,17,2
2026-04-13,601012,13:24:09,17.3900,43,1
2026-04-13,601012,13:24:12,17.3800,626,2
2026-04-13,601012,13:24:15,17.3800,94,2
2026-04-13,601012,13:24:18,17.3900,85,1
2026-04-13,601012,13:24:21,17.3900,310,1
2026-04-13,601012,13:24:24,17.3800,875,2
2026-04-13,601012,13:24:27,17.3900,176,4
2026-04-13,601012,13:24:30,17.3900,31,2
2026-04-13,601012,13:24:33,17.3900,83,2
2026-04-13,601012,13:24:36,17.4000,47,1
2026-04-13,601012,13:24:39,17.3900,4,2
2026-04-13,601012,13:24:42,17.3900,20,2
2026-04-13,601012,13:24:45,17.3900,13,2
2026-04-13,601012,13:24:48,17.4000,17,1
2026-04-13,601012,13:24:51,17.3900,56,2
2026-04-13,601012,13:24:54,17.4000,833,1
2026-04-13,601012,13:24:57,17.4000,51,2
2026-04-13,601012,13:25:00,17.4000,76,2
2026-04-13,601012,13:25:03,17.4000,112,2
2026-04-13,601012,13:25:06,17.4000,44,2
2026-04-13,601012,13:25:09,17.4100,70,1
2026-04-13,601012,13:25:12,17.4000,60,2
2026-04-13,601012,13:25:15,17.4100,35,1
2026-04-13,601012,13:25:18,17.4000,107,2
2026-04-13,601012,13:25:21,17.4000,325,2
2026-04-13,601012,13:25:24,17.4000,92,2
2026-04-13,601012,13:25:27,17.4100,62,1
2026-04-13,601012,13:25:30,17.4000,251,2
2026-04-13,601012,13:25:33,17.4000,55,2
2026-04-13,601012,13:25:36,17.4100,90,1
2026-04-13,601012,13:25:39,17.4100,42,1
2026-04-13,601012,13:25:42,17.4100,175,1
2026-04-13,601012,13:25:45,17.4000,49,2
2026-04-13,601012,13:25:48,17.4100,176,1
2026-04-13,601012,13:25:51,17.4100,108,1
2026-04-13,601012,13:25:54,17.4300,2986,1
2026-04-13,601012,13:25:57,17.4300,170,2
2026-04-13,601012,13:26:00,17.4300,197,2
2026-04-13,601012,13:26:03,17.4400,85,1
2026-04-13,601012,13:26:06,17.4400,180,1
2026-04-13,601012,13:26:09,17.4400,247,1
2026-04-13,601012,13:26:12,17.4400,197,1
2026-04-13,601012,13:26:15,17.4400,148,2
2026-04-13,601012,13:26:18,17.4400,542,2
2026-04-13,601012,13:26:21,17.4400,343,2
2026-04-13,601012,13:26:24,17.4400,260,2
2026-04-13,601012,13:26:27,17.4500,157,1
2026-04-13,601012,13:26:30,17.4400,43,2
2026-04-13,601012,13:26:33,17.4500,190,1
2026-04-13,601012,13:26:36,17.4500,186,1
2026-04-13,601012,13:26:39,17.4500,87,1
2026-04-13,601012,13:26:42,17.4500,100,1
2026-04-13,601012,13:26:45,17.4400,15,2
2026-04-13,601012,13:26:48,17.4400,116,2
2026-04-13,601012,13:26:51,17.4500,372,1
2026-04-13,601012,13:26:54,17.4500,219,1
2026-04-13,601012,13:26:57,17.4400,413,2
2026-04-13,601012,13:27:00,17.4500,1141,1
2026-04-13,601012,13:27:03,17.4900,3410,1
2026-04-13,601012,13:27:06,17.4900,1476,1
2026-04-13,601012,13:27:09,17.5000,1371,1
2026-04-13,601012,13:27:12,17.5000,993,1
2026-04-13,601012,13:27:15,17.5000,935,1
2026-04-13,601012,13:27:18,17.5000,754,1
2026-04-13,601012,13:27:21,17.5000,708,1
2026-04-13,601012,13:27:24,17.4900,1024,1
2026-04-13,601012,13:27:27,17.4800,323,2
2026-04-13,601012,13:27:30,17.4900,407,1
2026-04-13,601012,13:27:33,17.4900,114,2
2026-04-13,601012,13:27:36,17.4900,139,1
2026-04-13,601012,13:27:39,17.4900,142,1
2026-04-13,601012,13:27:42,17.4900,285,1
2026-04-13,601012,13:27:45,17.4900,6515,1
2026-04-13,601012,13:27:48,17.4900,346,1
2026-04-13,601012,13:27:51,17.4800,209,2
2026-04-13,601012,13:27:54,17.5000,286,1
2026-04-13,601012,13:27:57,17.4900,110,2
2026-04-13,601012,13:28:00,17.4900,166,2
2026-04-13,601012,13:28:03,17.4900,527,2
2026-04-13,601012,13:28:06,17.4900,222,1
2026-04-13,601012,13:28:09,17.4700,648,2
2026-04-13,601012,13:28:12,17.4800,227,1
2026-04-13,601012,13:28:15,17.4800,374,1
2026-04-13,601012,13:28:18,17.4600,140,2
2026-04-13,601012,13:28:21,17.4600,214,2
2026-04-13,601012,13:28:24,17.4600,89,1
2026-04-13,601012,13:28:27,17.4500,153,2
2026-04-13,601012,13:28:30,17.4500,239,2
2026-04-13,601012,13:28:33,17.4500,120,2
2026-04-13,601012,13:28:36,17.4500,238,2
2026-04-13,601012,13:28:39,17.4500,99,2
2026-04-13,601012,13:28:42,17.4500,199,2
2026-04-13,601012,13:28:45,17.4500,262,2
2026-04-13,601012,13:28:48,17.4500,344,2
2026-04-13,601012,13:28:51,17.4500,110,1
2026-04-13,601012,13:28:54,17.4500,65,1
2026-04-13,601012,13:28:57,17.4400,79,2
2026-04-13,601012,13:29:00,17.4400,72,2
2026-04-13,601012,13:29:03,17.4400,37,1
2026-04-13,601012,13:29:06,17.4300,72,2
2026-04-13,601012,13:29:09,17.4300,161,2
2026-04-13,601012,13:29:12,17.4400,342,1
2026-04-13,601012,13:29:15,17.4300,57,1
2026-04-13,601012,13:29:18,17.4400,103,1
2026-04-13,601012,13:29:21,17.4300,126,2
2026-04-13,601012,13:29:24,17.4400,300,1
2026-04-13,601012,13:29:27,17.4300,70,2
2026-04-13,601012,13:29:30,17.4400,34,1
2026-04-13,601012,13:29:33,17.4300,982,2
2026-04-13,601012,13:29:36,17.4400,158,1
2026-04-13,601012,13:29:39,17.4300,218,2
2026-04-13,601012,13:29:42,17.4300,46,2
2026-04-13,601012,13:29:45,17.4300,17,2
2026-04-13,601012,13:29:48,17.4400,176,1
2026-04-13,601012,13:29:51,17.4300,284,2
2026-04-13,601012,13:29:54,17.4200,64,2
2026-04-13,601012,13:29:57,17.4300,24,1
2026-04-13,601012,13:30:00,17.4300,40,2
2026-04-13,601012,13:30:03,17.4300,26,2
2026-04-13,601012,13:30:06,17.4300,127,2
2026-04-13,601012,13:30:09,17.4300,61,2
2026-04-13,601012,13:30:12,17.4400,112,1
2026-04-13,601012,13:30:15,17.4300,26,2
2026-04-13,601012,13:30:18,17.4400,167,1
2026-04-13,601012,13:30:21,17.4400,41,1
2026-04-13,601012,13:30:24,17.4300,40,2
2026-04-13,601012,13:30:27,17.4300,133,2
2026-04-13,601012,13:30:30,17.4400,29,1
2026-04-13,601012,13:30:33,17.4400,76,1
2026-04-13,601012,13:30:36,17.4300,122,2
2026-04-13,601012,13:30:39,17.4300,102,2
2026-04-13,601012,13:30:42,17.4300,108,2
2026-04-13,601012,13:30:45,17.4400,147,1
2026-04-13,601012,13:30:48,17.4400,534,1
2026-04-13,601012,13:30:51,17.4400,143,1
2026-04-13,601012,13:30:54,17.4300,578,2
2026-04-13,601012,13:30:57,17.4300,32,2
2026-04-13,601012,13:31:00,17.4400,86,1
2026-04-13,601012,13:31:03,17.4300,136,2
2026-04-13,601012,13:31:06,17.4400,162,1
2026-04-13,601012,13:31:09,17.4400,471,1
2026-04-13,601012,13:31:12,17.4400,1696,2
2026-04-13,601012,13:31:15,17.4400,88,2
2026-04-13,601012,13:31:18,17.4500,94,1
2026-04-13,601012,13:31:21,17.4400,1579,2
2026-04-13,601012,13:31:24,17.4600,266,1
2026-04-13,601012,13:31:27,17.4600,80,2
2026-04-13,601012,13:31:30,17.4600,29,2
2026-04-13,601012,13:31:33,17.4700,164,1
2026-04-13,601012,13:31:36,17.4700,6,2
2026-04-13,601012,13:31:39,17.4800,16,1
2026-04-13,601012,13:31:42,17.4800,65,1
2026-04-13,601012,13:31:45,17.4800,134,1
2026-04-13,601012,13:31:48,17.4800,699,1
2026-04-13,601012,13:31:51,17.4900,234,1
2026-04-13,601012,13:31:54,17.4900,235,1
2026-04-13,601012,13:31:57,17.4900,668,1
2026-04-13,601012,13:32:00,17.4900,584,1
2026-04-13,601012,13:32:03,17.4900,685,1
2026-04-13,601012,13:32:06,17.5000,262,1
2026-04-13,601012,13:32:09,17.5000,4760,1
2026-04-13,601012,13:32:12,17.5100,115,1
2026-04-13,601012,13:32:15,17.5000,217,2
2026-04-13,601012,13:32:18,17.5100,425,1
2026-04-13,601012,13:32:21,17.5100,1554,1
2026-04-13,601012,13:32:24,17.5200,383,1
2026-04-13,601012,13:32:27,17.5200,891,1
2026-04-13,601012,13:32:30,17.5200,5074,1
2026-04-13,601012,13:32:33,17.5200,304,2
2026-04-13,601012,13:32:36,17.5400,9733,1
2026-04-13,601012,13:32:39,17.5500,6174,1
2026-04-13,601012,13:32:42,17.5700,1931,1
2026-04-13,601012,13:32:45,17.5700,816,1
2026-04-13,601012,13:32:48,17.5700,1857,1
2026-04-13,601012,13:32:51,17.5800,750,1
2026-04-13,601012,13:32:54,17.5800,3296,1
2026-04-13,601012,13:32:57,17.5800,507,2
2026-04-13,601012,13:33:00,17.5800,1178,2
2026-04-13,601012,13:33:03,17.6000,7121,1
2026-04-13,601012,13:33:06,17.6000,4190,1
2026-04-13,601012,13:33:09,17.6000,2826,1
2026-04-13,601012,13:33:12,17.6000,2426,1
2026-04-13,601012,13:33:15,17.6000,666,2
2026-04-13,601012,13:33:18,17.6100,1375,1
2026-04-13,601012,13:33:21,17.6000,1495,2
2026-04-13,601012,13:33:24,17.6000,2046,2
2026-04-13,601012,13:33:27,17.6000,1503,1
2026-04-13,601012,13:33:30,17.6000,792,2
2026-04-13,601012,13:33:33,17.5900,1305,2
2026-04-13,601012,13:33:36,17.6000,1610,1
2026-04-13,601012,13:33:39,17.6000,2952,1
2026-04-13,601012,13:33:42,17.6300,6255,1
2026-04-13,601012,13:33:45,17.6600,9236,1
2026-04-13,601012,13:33:48,17.6700,1218,1
2026-04-13,601012,13:33:51,17.6700,1692,1
2026-04-13,601012,13:33:54,17.6800,799,1
2026-04-13,601012,13:33:57,17.6800,1834,1
2026-04-13,601012,13:34:00,17.6800,2730,1
2026-04-13,601012,13:34:03,17.6900,2279,1
2026-04-13,601012,13:34:06,17.6900,2074,1
2026-04-13,601012,13:34:09,17.6900,1034,1
2026-04-13,601012,13:34:12,17.7000,2074,1
2026-04-13,601012,13:34:15,17.6900,2332,2
2026-04-13,601012,13:34:18,17.6900,4616,1
2026-04-13,601012,13:34:21,17.7000,2384,1
2026-04-13,601012,13:34:24,17.7000,4815,1
2026-04-13,601012,13:34:27,17.7100,1384,1
2026-04-13,601012,13:34:30,17.7100,1874,1
2026-04-13,601012,13:34:33,17.7400,4342,1
2026-04-13,601012,13:34:36,17.7500,3601,1
2026-04-13,601012,13:34:39,17.7600,1895,1
2026-04-13,601012,13:34:42,17.7800,2145,1
2026-04-13,601012,13:34:45,17.7800,2964,1
2026-04-13,601012,13:34:48,17.7800,1504,1
2026-04-13,601012,13:34:51,17.7800,7485,2
2026-04-13,601012,13:34:54,17.7900,3677,4
2026-04-13,601012,13:34:57,17.8000,4980,1
2026-04-13,601012,13:35:00,17.8100,1460,1
2026-04-13,601012,13:35:03,17.8100,2167,1
2026-04-13,601012,13:35:06,17.8100,3375,1
2026-04-13,601012,13:35:09,17.8200,3285,1
2026-04-13,601012,13:35:12,17.8300,2817,1
2026-04-13,601012,13:35:15,17.8300,2191,1
2026-04-13,601012,13:35:18,17.8300,2509,1
2026-04-13,601012,13:35:21,17.8200,6596,2
2026-04-13,601012,13:35:24,17.8200,3518,1
2026-04-13,601012,13:35:27,17.8100,2722,4
2026-04-13,601012,13:35:30,17.8000,1584,2
2026-04-13,601012,13:35:33,17.7900,1138,2
2026-04-13,601012,13:35:36,17.7900,1862,2
2026-04-13,601012,13:35:39,17.7700,772,1
2026-04-13,601012,13:35:42,17.7900,1068,1
2026-04-13,601012,13:35:45,17.7800,6044,1
2026-04-13,601012,13:35:48,17.8000,2493,1
2026-04-13,601012,13:35:51,17.7900,3045,2
2026-04-13,601012,13:35:54,17.8100,3658,1
2026-04-13,601012,13:35:57,17.8000,3444,2
2026-04-13,601012,13:36:00,17.8100,1532,4
2026-04-13,601012,13:36:03,17.8100,5318,1
2026-04-13,601012,13:36:06,17.8700,15188,1
2026-04-13,601012,13:36:09,17.8700,5112,2
2026-04-13,601012,13:36:12,17.9000,6826,1
2026-04-13,601012,13:36:15,17.9300,4557,1
2026-04-13,601012,13:36:18,17.9600,2020,1
2026-04-13,601012,13:36:21,17.9600,2201,1
2026-04-13,601012,13:36:24,17.9600,4097,2
2026-04-13,601012,13:36:27,17.9400,3641,2
2026-04-13,601012,13:36:30,17.9400,3435,1
2026-04-13,601012,13:36:33,17.9400,2307,1
2026-04-13,601012,13:36:36,17.9500,3185,1
2026-04-13,601012,13:36:39,17.9500,2082,2
2026-04-13,601012,13:36:42,17.9600,4007,1
2026-04-13,601012,13:36:45,17.9800,8035,1
2026-04-13,601012,13:36:48,17.9800,11472,1
2026-04-13,601012,13:36:51,17.9900,14880,1
2026-04-13,601012,13:36:54,17.9900,13645,2
2026-04-13,601012,13:36:57,18.0000,4129,1
2026-04-13,601012,13:37:00,18.0100,4828,1
2026-04-13,601012,13:37:03,18.0000,11406,2
2026-04-13,601012,13:37:06,17.9900,5861,2
2026-04-13,601012,13:37:09,17.9500,3918,2
2026-04-13,601012,13:37:12,17.9600,2767,1
2026-04-13,601012,13:37:15,17.9900,3053,1
2026-04-13,601012,13:37:18,17.9600,3127,2
2026-04-13,601012,13:37:21,17.9600,1270,2
2026-04-13,601012,13:37:24,17.9600,2162,2
2026-04-13,601012,13:37:27,17.9500,1574,2
2026-04-13,601012,13:37:30,17.9500,1367,2
2026-04-13,601012,13:37:33,17.9300,936,2
2026-04-13,601012,13:37:36,17.9300,599,2
2026-04-13,601012,13:37:39,17.9200,1073,2
2026-04-13,601012,13:37:42,17.9100,702,2
2026-04-13,601012,13:37:45,17.9100,2307,1
2026-04-13,601012,13:37:48,17.9100,2445,2
2026-04-13,601012,13:37:51,17.9000,1587,2
2026-04-13,601012,13:37:54,17.8900,680,2
2026-04-13,601012,13:37:57,17.8900,748,2
2026-04-13,601012,13:38:00,17.8800,1001,2
2026-04-13,601012,13:38:03,17.8700,680,2
2026-04-13,601012,13:38:06,17.8600,1485,2
2026-04-13,601012,13:38:09,17.8600,2354,1
2026-04-13,601012,13:38:12,17.8600,1144,2
2026-04-13,601012,13:38:15,17.8500,1381,2
2026-04-13,601012,13:38:18,17.8400,532,2
2026-04-13,601012,13:38:21,17.8400,1367,1
2026-04-13,601012,13:38:24,17.8300,989,2
2026-04-13,601012,13:38:27,17.8300,583,1
2026-04-13,601012,13:38:30,17.8200,1311,2
2026-04-13,601012,13:38:33,17.8200,5205,2
2026-04-13,601012,13:38:36,17.8200,898,1
2026-04-13,601012,13:38:39,17.8100,1667,2
2026-04-13,601012,13:38:42,17.8200,2300,1
2026-04-13,601012,13:38:45,17.8200,1012,2
2026-04-13,601012,13:38:48,17.8200,575,2
2026-04-13,601012,13:38:51,17.8300,1539,1
2026-04-13,601012,13:38:54,17.8500,649,1
2026-04-13,601012,13:38:57,17.8400,845,4
2026-04-13,601012,13:39:00,17.8300,1928,2
2026-04-13,601012,13:39:03,17.8300,800,1
2026-04-13,601012,13:39:06,17.8300,905,2
2026-04-13,601012,13:39:09,17.8400,966,1
2026-04-13,601012,13:39:12,17.8400,1618,1
2026-04-13,601012,13:39:15,17.8500,615,1
2026-04-13,601012,13:39:18,17.8400,1575,2
2026-04-13,601012,13:39:21,17.8400,1139,2
2026-04-13,601012,13:39:24,17.8400,7188,2
2026-04-13,601012,13:39:27,17.8400,1881,2
2026-04-13,601012,13:39:30,17.8300,2503,2
2026-04-13,601012,13:39:33,17.8400,1373,4
2026-04-13,601012,13:39:36,17.8300,1358,2
2026-04-13,601012,13:39:39,17.8300,569,1
2026-04-13,601012,13:39:42,17.8300,867,1
2026-04-13,601012,13:39:45,17.8300,362,2
2026-04-13,601012,13:39:48,17.8300,789,2
2026-04-13,601012,13:39:51,17.8300,855,2
2026-04-13,601012,13:39:54,17.8300,593,1
2026-04-13,601012,13:39:57,17.8300,715,1
2026-04-13,601012,13:40:00,17.8300,1455,2
2026-04-13,601012,13:40:03,17.8300,808,2
2026-04-13,601012,13:40:06,17.8300,641,1
2026-04-13,601012,13:40:09,17.8300,291,1
2026-04-13,601012,13:40:12,17.8200,611,2
2026-04-13,601012,13:40:15,17.8200,2357,2
2026-04-13,601012,13:40:18,17.8100,1193,2
2026-04-13,601012,13:40:21,17.8000,867,2
2026-04-13,601012,13:40:24,17.8000,765,2
2026-04-13,601012,13:40:27,17.8100,1374,1
2026-04-13,601012,13:40:30,17.8000,1596,2
2026-04-13,601012,13:40:33,17.8100,1194,1
2026-04-13,601012,13:40:36,17.8000,1563,2
2026-04-13,601012,13:40:39,17.8000,682,2
2026-04-13,601012,13:40:42,17.8000,637,1
2026-04-13,601012,13:40:45,17.7900,615,2
2026-04-13,601012,13:40:48,17.8000,1135,1
2026-04-13,601012,13:40:51,17.8000,758,2
2026-04-13,601012,13:40:54,17.7900,2516,2
2026-04-13,601012,13:40:57,17.7900,527,2
2026-04-13,601012,13:41:00,17.7900,289,1
2026-04-13,601012,13:41:03,17.7900,286,1
2026-04-13,601012,13:41:06,17.7900,965,1
2026-04-13,601012,13:41:09,17.8000,788,1
2026-04-13,601012,13:41:12,17.8000,471,1
2026-04-13,601012,13:41:15,17.7900,688,2
2026-04-13,601012,13:41:18,17.7900,500,1
2026-04-13,601012,13:41:21,17.8000,544,1
2026-04-13,601012,13:41:24,17.7900,697,2
2026-04-13,601012,13:41:27,17.7900,416,1
2026-04-13,601012,13:41:30,17.7900,585,1
2026-04-13,601012,13:41:33,17.7900,532,2
2026-04-13,601012,13:41:36,17.7900,637,2
2026-04-13,601012,13:41:39,17.7900,512,2
2026-04-13,601012,13:41:42,17.7900,338,2
2026-04-13,601012,13:41:45,17.7900,434,2
2026-04-13,601012,13:41:48,17.7800,866,2
2026-04-13,601012,13:41:51,17.7800,333,2
2026-04-13,601012,13:41:54,17.7800,1145,2
2026-04-13,601012,13:41:57,17.7800,759,2
2026-04-13,601012,13:42:00,17.7800,717,1
2026-04-13,601012,13:42:03,17.7700,1206,2
2026-04-13,601012,13:42:06,17.7600,260,2
2026-04-13,601012,13:42:09,17.7700,561,1
2026-04-13,601012,13:42:12,17.7600,545,2
2026-04-13,601012,13:42:15,17.7600,417,2
2026-04-13,601012,13:42:18,17.7600,809,2
2026-04-13,601012,13:42:21,17.7700,958,1
2026-04-13,601012,13:42:24,17.7600,842,2
2026-04-13,601012,13:42:27,17.7600,554,1
2026-04-13,601012,13:42:30,17.7600,632,2
2026-04-13,601012,13:42:33,17.7600,526,2
2026-04-13,601012,13:42:36,17.7800,1861,1
2026-04-13,601012,13:42:39,17.7800,470,2
2026-04-13,601012,13:42:42,17.7800,905,2
2026-04-13,601012,13:42:45,17.7900,372,1
2026-04-13,601012,13:42:48,17.7900,1289,2
2026-04-13,601012,13:42:51,17.8000,1824,1
2026-04-13,601012,13:42:54,17.8000,1323,1
2026-04-13,601012,13:42:57,17.8000,1215,1
2026-04-13,601012,13:43:00,17.8000,792,2
2026-04-13,601012,13:43:03,17.8200,960,1
2026-04-13,601012,13:43:06,17.8300,404,1
2026-04-13,601012,13:43:09,17.8300,319,1
2026-04-13,601012,13:43:12,17.8300,710,1
2026-04-13,601012,13:43:15,17.8200,2407,2
2026-04-13,601012,13:43:18,17.8200,1846,1
2026-04-13,601012,13:43:21,17.8100,462,2
2026-04-13,601012,13:43:24,17.8200,719,1
2026-04-13,601012,13:43:27,17.8200,610,1
2026-04-13,601012,13:43:30,17.8100,2742,2
2026-04-13,601012,13:43:33,17.8000,698,2
2026-04-13,601012,13:43:36,17.8000,355,1
2026-04-13,601012,13:43:39,17.7900,1003,2
2026-04-13,601012,13:43:42,17.7900,381,1
2026-04-13,601012,13:43:45,17.7800,929,2
2026-04-13,601012,13:43:48,17.7900,313,2
2026-04-13,601012,13:43:51,17.8000,204,1
2026-04-13,601012,13:43:54,17.8000,133,1
2026-04-13,601012,13:43:57,17.7900,735,2
2026-04-13,601012,13:44:00,17.7900,428,1
2026-04-13,601012,13:44:03,17.7800,170,2
2026-04-13,601012,13:44:06,17.7900,423,1
2026-04-13,601012,13:44:09,17.7800,471,2
2026-04-13,601012,13:44:12,17.7800,505,2
2026-04-13,601012,13:44:15,17.7900,567,1
2026-04-13,601012,13:44:18,17.7900,179,2
2026-04-13,601012,13:44:21,17.7800,307,2
2026-04-13,601012,13:44:24,17.7900,295,1
2026-04-13,601012,13:44:27,17.7800,318,2
2026-04-13,601012,13:44:30,17.7800,679,2
2026-04-13,601012,13:44:33,17.7800,241,2
2026-04-13,601012,13:44:36,17.7900,231,1
2026-04-13,601012,13:44:39,17.7900,184,2
2026-04-13,601012,13:44:42,17.7900,552,2
2026-04-13,601012,13:44:45,17.7900,287,2
2026-04-13,601012,13:44:48,17.7900,442,2
2026-04-13,601012,13:44:51,17.7900,321,2
2026-04-13,601012,13:44:54,17.7800,161,2
2026-04-13,601012,13:44:57,17.7800,67,2
2026-04-13,601012,13:45:00,17.7800,227,2
2026-04-13,601012,13:45:03,17.7800,194,2
2026-04-13,601012,13:45:06,17.7800,234,2
2026-04-13,601012,13:45:09,17.7800,701,2
2026-04-13,601012,13:45:12,17.7800,279,2
2026-04-13,601012,13:45:15,17.7800,226,2
2026-04-13,601012,13:45:18,17.7800,594,2
2026-04-13,601012,13:45:21,17.7700,304,2
2026-04-13,601012,13:45:24,17.7700,246,2
2026-04-13,601012,13:45:27,17.7800,76,1
2026-04-13,601012,13:45:30,17.7700,189,2
2026-04-13,601012,13:45:33,17.7700,461,2
2026-04-13,601012,13:45:36,17.7700,145,2
2026-04-13,601012,13:45:39,17.7800,887,1
2026-04-13,601012,13:45:42,17.7800,340,2
2026-04-13,601012,13:45:45,17.7900,234,1
2026-04-13,601012,13:45:48,17.7900,468,1
2026-04-13,601012,13:45:51,17.7800,119,2
2026-04-13,601012,13:45:54,17.7800,441,2
2026-04-13,601012,13:45:57,17.7900,75,1
2026-04-13,601012,13:46:00,17.7900,300,1
2026-04-13,601012,13:46:03,17.7800,1056,2
2026-04-13,601012,13:46:06,17.7800,381,2
2026-04-13,601012,13:46:09,17.7900,1066,1
2026-04-13,601012,13:46:12,17.7900,273,2
2026-04-13,601012,13:46:15,17.8000,407,1
2026-04-13,601012,13:46:18,17.7900,347,2
2026-04-13,601012,13:46:21,17.7900,368,2
2026-04-13,601012,13:46:24,17.7900,298,2
2026-04-13,601012,13:46:27,17.8000,246,1
2026-04-13,601012,13:46:30,17.7900,379,2
2026-04-13,601012,13:46:33,17.8000,350,1
2026-04-13,601012,13:46:36,17.8000,561,1
2026-04-13,601012,13:46:39,17.7900,512,2
2026-04-13,601012,13:46:42,17.8000,204,1
2026-04-13,601012,13:46:45,17.8000,385,1
2026-04-13,601012,13:46:48,17.8000,1016,1
2026-04-13,601012,13:46:51,17.8000,693,1
2026-04-13,601012,13:46:54,17.8000,390,1
2026-04-13,601012,13:46:57,17.8000,95,2
2026-04-13,601012,13:47:00,17.8000,584,2
2026-04-13,601012,13:47:03,17.8000,2077,2
2026-04-13,601012,13:47:06,17.8000,615,1
2026-04-13,601012,13:47:09,17.8000,1214,1
2026-04-13,601012,13:47:12,17.8000,216,2
2026-04-13,601012,13:47:15,17.8000,293,2
2026-04-13,601012,13:47:18,17.8000,927,2
2026-04-13,601012,13:47:21,17.8000,312,1
2026-04-13,601012,13:47:24,17.7800,5108,2
2026-04-13,601012,13:47:27,17.7700,280,2
2026-04-13,601012,13:47:30,17.7800,118,1
2026-04-13,601012,13:47:33,17.7700,120,2
2026-04-13,601012,13:47:36,17.7800,117,1
2026-04-13,601012,13:47:39,17.7700,222,2
2026-04-13,601012,13:47:42,17.7700,255,2
2026-04-13,601012,13:47:45,17.7800,228,1
2026-04-13,601012,13:47:48,17.7700,135,2
2026-04-13,601012,13:47:51,17.7700,538,2
2026-04-13,601012,13:47:54,17.7800,410,1
2026-04-13,601012,13:47:57,17.7700,575,2
2026-04-13,601012,13:48:00,17.7800,605,1
2026-04-13,601012,13:48:03,17.7700,52,2
2026-04-13,601012,13:48:06,17.7700,955,2
2026-04-13,601012,13:48:09,17.7700,101,2
2026-04-13,601012,13:48:12,17.7800,744,1
2026-04-13,601012,13:48:15,17.7700,186,2
2026-04-13,601012,13:48:18,17.7700,144,2
2026-04-13,601012,13:48:21,17.7800,295,1
2026-04-13,601012,13:48:24,17.7800,424,1
2026-04-13,601012,13:48:27,17.7700,293,2
2026-04-13,601012,13:48:30,17.7700,490,2
2026-04-13,601012,13:48:33,17.7800,659,1
2026-04-13,601012,13:48:36,17.7700,320,2
2026-04-13,601012,13:48:39,17.7800,1227,1
2026-04-13,601012,13:48:42,17.7700,373,2
2026-04-13,601012,13:48:45,17.7700,291,2
2026-04-13,601012,13:48:48,17.7800,316,1
2026-04-13,601012,13:48:51,17.7700,183,4
2026-04-13,601012,13:48:54,17.7700,218,1
2026-04-13,601012,13:48:57,17.7800,213,1
2026-04-13,601012,13:49:00,17.7700,806,2
2026-04-13,601012,13:49:03,17.7700,226,2
2026-04-13,601012,13:49:06,17.7700,144,2
2026-04-13,601012,13:49:09,17.7700,238,1
2026-04-13,601012,13:49:12,17.7600,1052,2
2026-04-13,601012,13:49:15,17.7700,195,1
2026-04-13,601012,13:49:18,17.7700,116,2
2026-04-13,601012,13:49:21,17.7700,440,2
2026-04-13,601012,13:49:24,17.7700,299,2
2026-04-13,601012,13:49:27,17.7700,222,1
2026-04-13,601012,13:49:30,17.7700,254,1
2026-04-13,601012,13:49:33,17.7700,90,2
2026-04-13,601012,13:49:36,17.7800,185,1
2026-04-13,601012,13:49:39,17.7700,172,2
2026-04-13,601012,13:49:42,17.7800,164,1
2026-04-13,601012,13:49:45,17.7700,339,2
2026-04-13,601012,13:49:48,17.7800,144,1
2026-04-13,601012,13:49:51,17.7800,373,1
2026-04-13,601012,13:49:54,17.7700,232,2
2026-04-13,601012,13:49:57,17.7800,227,1
2026-04-13,601012,13:50:00,17.7800,457,1
2026-04-13,601012,13:50:03,17.7800,235,1
2026-04-13,601012,13:50:06,17.7800,162,2
2026-04-13,601012,13:50:09,17.7800,254,2
2026-04-13,601012,13:50:12,17.7900,172,1
2026-04-13,601012,13:50:15,17.7800,140,2
2026-04-13,601012,13:50:18,17.7900,135,1
2026-04-13,601012,13:50:21,17.7900,134,1
2026-04-13,601012,13:50:24,17.7900,122,1
2026-04-13,601012,13:50:27,17.7800,54,2
2026-04-13,601012,13:50:30,17.7800,552,2
2026-04-13,601012,13:50:33,17.7800,3274,2
2026-04-13,601012,13:50:36,17.7800,188,2
2026-04-13,601012,13:50:39,17.7900,212,1
2026-04-13,601012,13:50:42,17.7800,196,2
2026-04-13,601012,13:50:45,17.7800,137,2
2026-04-13,601012,13:50:48,17.7800,363,2
2026-04-13,601012,13:50:51,17.7900,180,1
2026-04-13,601012,13:50:54,17.8000,2153,1
2026-04-13,601012,13:50:57,17.8000,68,2
2026-04-13,601012,13:51:00,17.8100,86,1
2026-04-13,601012,13:51:03,17.8100,216,1
2026-04-13,601012,13:51:06,17.8000,368,2
2026-04-13,601012,13:51:09,17.8100,178,4
2026-04-13,601012,13:51:12,17.8100,596,1
2026-04-13,601012,13:51:15,17.8100,1412,2
2026-04-13,601012,13:51:18,17.8100,630,1
2026-04-13,601012,13:51:21,17.8100,701,1
2026-04-13,601012,13:51:24,17.8100,1390,2
2026-04-13,601012,13:51:27,17.8200,306,1
2026-04-13,601012,13:51:30,17.8200,1172,1
2026-04-13,601012,13:51:33,17.8200,550,2
2026-04-13,601012,13:51:36,17.8200,318,2
2026-04-13,601012,13:51:39,17.8200,431,2
2026-04-13,601012,13:51:42,17.8200,2152,2
2026-04-13,601012,13:51:45,17.8200,692,1
2026-04-13,601012,13:51:48,17.8200,339,1
2026-04-13,601012,13:51:51,17.8200,369,1
2026-04-13,601012,13:51:54,17.8200,410,1
2026-04-13,601012,13:51:57,17.8000,257,2
2026-04-13,601012,13:52:00,17.8100,209,1
2026-04-13,601012,13:52:03,17.8000,546,2
2026-04-13,601012,13:52:06,17.8200,504,1
2026-04-13,601012,13:52:09,17.8100,957,1
2026-04-13,601012,13:52:12,17.8100,120,2
2026-04-13,601012,13:52:15,17.8200,382,1
2026-04-13,601012,13:52:18,17.8100,378,2
2026-04-13,601012,13:52:21,17.8100,358,2
2026-04-13,601012,13:52:24,17.8100,236,1
2026-04-13,601012,13:52:27,17.8100,436,1
2026-04-13,601012,13:52:30,17.8200,365,1
2026-04-13,601012,13:52:33,17.8100,461,2
2026-04-13,601012,13:52:36,17.8100,531,2
2026-04-13,601012,13:52:39,17.8100,269,2
2026-04-13,601012,13:52:42,17.8200,596,1
2026-04-13,601012,13:52:45,17.8200,113,1
2026-04-13,601012,13:52:48,17.8000,293,2
2026-04-13,601012,13:52:51,17.8100,386,1
2026-04-13,601012,13:52:54,17.8100,98,1
2026-04-13,601012,13:52:57,17.8000,238,2
2026-04-13,601012,13:53:00,17.8100,288,1
2026-04-13,601012,13:53:03,17.8200,281,1
2026-04-13,601012,13:53:06,17.8000,2330,2
2026-04-13,601012,13:53:09,17.8000,821,2
2026-04-13,601012,13:53:12,17.8000,627,1
2026-04-13,601012,13:53:15,17.8000,668,1
2026-04-13,601012,13:53:18,17.8000,475,2
2026-04-13,601012,13:53:21,17.8100,105,1
2026-04-13,601012,13:53:24,17.8000,208,2
2026-04-13,601012,13:53:27,17.8000,230,2
2026-04-13,601012,13:53:30,17.8000,199,2
2026-04-13,601012,13:53:33,17.8000,634,1
2026-04-13,601012,13:53:36,17.8000,343,2
2026-04-13,601012,13:53:39,17.8000,218,2
2026-04-13,601012,13:53:42,17.8100,415,1
2026-04-13,601012,13:53:45,17.8000,82,2
2026-04-13,601012,13:53:48,17.8000,314,1
2026-04-13,601012,13:53:51,17.8000,238,2
2026-04-13,601012,13:53:54,17.8000,200,2
2026-04-13,601012,13:53:57,17.8100,218,1
2026-04-13,601012,13:54:00,17.8100,135,1
2026-04-13,601012,13:54:03,17.8100,404,1
2026-04-13,601012,13:54:06,17.8100,142,1
2026-04-13,601012,13:54:09,17.8000,193,2
2026-04-13,601012,13:54:12,17.8100,220,1
2026-04-13,601012,13:54:15,17.8000,259,2
2026-04-13,601012,13:54:18,17.8100,206,1
2026-04-13,601012,13:54:21,17.8000,300,2
2026-04-13,601012,13:54:24,17.8000,178,2
2026-04-13,601012,13:54:27,17.8000,304,2
2026-04-13,601012,13:54:30,17.8100,516,1
2026-04-13,601012,13:54:33,17.8100,339,1
2026-04-13,601012,13:54:36,17.8100,321,1
2026-04-13,601012,13:54:39,17.8000,137,2
2026-04-13,601012,13:54:42,17.8000,260,2
2026-04-13,601012,13:54:45,17.8000,352,2
2026-04-13,601012,13:54:48,17.8000,294,2
2026-04-13,601012,13:54:51,17.8100,518,1
2026-04-13,601012,13:54:54,17.8100,198,1
2026-04-13,601012,13:54:57,17.8100,211,1
2026-04-13,601012,13:55:00,17.8000,232,2
2026-04-13,601012,13:55:03,17.8000,147,2
2026-04-13,601012,13:55:06,17.8000,950,2
2026-04-13,601012,13:55:09,17.8000,501,1
2026-04-13,601012,13:55:12,17.8000,476,2
2026-04-13,601012,13:55:15,17.8000,282,2
2026-04-13,601012,13:55:18,17.8000,458,2
2026-04-13,601012,13:55:21,17.8000,262,2
2026-04-13,601012,13:55:24,17.8000,400,1
2026-04-13,601012,13:55:27,17.8000,125,2
2026-04-13,601012,13:55:30,17.8000,395,1
2026-04-13,601012,13:55:33,17.8000,143,2
2026-04-13,601012,13:55:36,17.7900,143,2
2026-04-13,601012,13:55:39,17.8100,477,1
2026-04-13,601012,13:55:42,17.8000,107,1
2026-04-13,601012,13:55:45,17.8000,163,2
2026-04-13,601012,13:55:48,17.8000,183,2
2026-04-13,601012,13:55:51,17.8000,218,2
2026-04-13,601012,13:55:54,17.8000,259,2
2026-04-13,601012,13:55:57,17.8000,138,1
2026-04-13,601012,13:56:00,17.8000,370,1
2026-04-13,601012,13:56:03,17.8000,195,1
2026-04-13,601012,13:56:06,17.7900,138,2
2026-04-13,601012,13:56:09,17.7900,253,2
2026-04-13,601012,13:56:12,17.8000,171,1
2026-04-13,601012,13:56:15,17.7900,201,2
2026-04-13,601012,13:56:18,17.8000,666,1
2026-04-13,601012,13:56:21,17.7900,641,2
2026-04-13,601012,13:56:24,17.7900,153,2
2026-04-13,601012,13:56:27,17.7900,564,2
2026-04-13,601012,13:56:30,17.7900,303,2
2026-04-13,601012,13:56:33,17.8000,562,1
2026-04-13,601012,13:56:36,17.8100,271,1
2026-04-13,601012,13:56:39,17.8000,428,4
2026-04-13,601012,13:56:42,17.8000,890,2
2026-04-13,601012,13:56:45,17.8000,148,1
2026-04-13,601012,13:56:48,17.8000,162,2
2026-04-13,601012,13:56:51,17.8000,266,2
2026-04-13,601012,13:56:54,17.8000,388,1
2026-04-13,601012,13:56:57,17.7900,123,2
2026-04-13,601012,13:57:00,17.8000,675,1
2026-04-13,601012,13:57:03,17.8100,626,1
2026-04-13,601012,13:57:06,17.8000,173,2
2026-04-13,601012,13:57:09,17.8000,127,1
2026-04-13,601012,13:57:12,17.8000,159,1
2026-04-13,601012,13:57:15,17.8000,367,1
2026-04-13,601012,13:57:18,17.8000,317,2
2026-04-13,601012,13:57:21,17.8000,237,2
2026-04-13,601012,13:57:24,17.8000,224,2
2026-04-13,601012,13:57:27,17.8000,199,1
2026-04-13,601012,13:57:30,17.8100,205,1
2026-04-13,601012,13:57:33,17.8100,144,1
2026-04-13,601012,13:57:36,17.8000,255,2
2026-04-13,601012,13:57:39,17.8000,189,1
2026-04-13,601012,13:57:42,17.8000,935,1
2026-04-13,601012,13:57:45,17.8000,187,2
2026-04-13,601012,13:57:48,17.8000,166,2
2026-04-13,601012,13:57:51,17.8000,483,2
2026-04-13,601012,13:57:54,17.8000,141,2
2026-04-13,601012,13:57:57,17.8000,589,2
2026-04-13,601012,13:58:00,17.8000,138,2
2026-04-13,601012,13:58:03,17.8000,211,2
2026-04-13,601012,13:58:06,17.8000,73,2
2026-04-13,601012,13:58:09,17.8100,165,1
2026-04-13,601012,13:58:12,17.8000,79,2
2026-04-13,601012,13:58:15,17.8000,102,2
2026-04-13,601012,13:58:18,17.8000,557,2
2026-04-13,601012,13:58:21,17.8000,232,2
2026-04-13,601012,13:58:24,17.8100,255,1
2026-04-13,601012,13:58:27,17.8000,301,2
2026-04-13,601012,13:58:30,17.8000,308,2
2026-04-13,601012,13:58:33,17.8000,57,2
2026-04-13,601012,13:58:36,17.8000,89,2
2026-04-13,601012,13:58:39,17.8000,185,2
2026-04-13,601012,13:58:42,17.8100,160,1
2026-04-13,601012,13:58:45,17.8100,193,1
2026-04-13,601012,13:58:48,17.8100,259,1
2026-04-13,601012,13:58:51,17.8100,930,1
2026-04-13,601012,13:58:54,17.8100,196,1
2026-04-13,601012,13:58:57,17.8100,133,1
2026-04-13,601012,13:59:00,17.8000,571,2
2026-04-13,601012,13:59:03,17.8000,138,2
2026-04-13,601012,13:59:06,17.8200,4266,1
2026-04-13,601012,13:59:09,17.8100,1552,1
2026-04-13,601012,13:59:12,17.8300,879,1
2026-04-13,601012,13:59:15,17.8200,226,4
2026-04-13,601012,13:59:18,17.8200,262,4
2026-04-13,601012,13:59:21,17.8300,785,1
2026-04-13,601012,13:59:24,17.8400,216,1
2026-04-13,601012,13:59:27,17.8300,323,2
2026-04-13,601012,13:59:30,17.8200,1150,2
2026-04-13,601012,13:59:33,17.8300,319,1
2026-04-13,601012,13:59:36,17.8400,836,1
2026-04-13,601012,13:59:39,17.8400,635,2
2026-04-13,601012,13:59:42,17.8500,299,1
2026-04-13,601012,13:59:45,17.8400,453,2
2026-04-13,601012,13:59:48,17.8400,328,2
2026-04-13,601012,13:59:51,17.8500,1512,1
2026-04-13,601012,13:59:54,17.8500,1523,1
2026-04-13,601012,13:59:57,17.8500,894,1
2026-04-13,601012,14:00:00,17.8500,663,1
2026-04-13,601012,14:00:03,17.8600,270,1
2026-04-13,601012,14:00:06,17.8600,391,1
2026-04-13,601012,14:00:09,17.8600,598,1
2026-04-13,601012,14:00:12,17.8600,881,1
2026-04-13,601012,14:00:15,17.8600,635,1
2026-04-13,601012,14:00:18,17.8600,187,2
2026-04-13,601012,14:00:21,17.8700,235,1
2026-04-13,601012,14:00:24,17.8700,580,1
2026-04-13,601012,14:00:27,17.8600,6196,2
2026-04-13,601012,14:00:30,17.8500,1738,2
2026-04-13,601012,14:00:33,17.8600,506,1
2026-04-13,601012,14:00:36,17.8600,388,2
2026-04-13,601012,14:00:39,17.8700,233,1
2026-04-13,601012,14:00:42,17.8600,261,2
2026-04-13,601012,14:00:45,17.8700,272,1
2026-04-13,601012,14:00:48,17.8700,686,1
2026-04-13,601012,14:00:51,17.8600,1127,2
2026-04-13,601012,14:00:54,17.8600,579,1
2026-04-13,601012,14:00:57,17.8600,331,1
2026-04-13,601012,14:01:00,17.8700,233,1
2026-04-13,601012,14:01:03,17.8600,610,2
2026-04-13,601012,14:01:06,17.8600,414,1
2026-04-13,601012,14:01:09,17.8500,1454,2
2026-04-13,601012,14:01:12,17.8500,979,1
2026-04-13,601012,14:01:15,17.8400,690,2
2026-04-13,601012,14:01:18,17.8500,309,1
2026-04-13,601012,14:01:21,17.8500,333,2
2026-04-13,601012,14:01:24,17.8500,231,2
2026-04-13,601012,14:01:27,17.8500,305,2
2026-04-13,601012,14:01:30,17.8500,519,2
2026-04-13,601012,14:01:33,17.8500,116,2
2026-04-13,601012,14:01:36,17.8500,169,1
2026-04-13,601012,14:01:39,17.8500,210,1
2026-04-13,601012,14:01:42,17.8400,241,2
2026-04-13,601012,14:01:45,17.8400,165,2
2026-04-13,601012,14:01:48,17.8400,443,2
2026-04-13,601012,14:01:51,17.8400,377,2
2026-04-13,601012,14:01:54,17.8300,170,2
2026-04-13,601012,14:01:57,17.8400,93,1
2026-04-13,601012,14:02:00,17.8400,342,1
2026-04-13,601012,14:02:03,17.8300,177,2
2026-04-13,601012,14:02:06,17.8300,139,2
2026-04-13,601012,14:02:09,17.8300,266,2
2026-04-13,601012,14:02:12,17.8400,203,1
2026-04-13,601012,14:02:15,17.8300,254,2
2026-04-13,601012,14:02:18,17.8300,325,2
2026-04-13,601012,14:02:21,17.8300,69,1
2026-04-13,601012,14:02:24,17.8200,311,2
2026-04-13,601012,14:02:27,17.8300,73,1
2026-04-13,601012,14:02:30,17.8200,79,2
2026-04-13,601012,14:02:33,17.8300,253,1
2026-04-13,601012,14:02:36,17.8200,224,2
2026-04-13,601012,14:02:39,17.8200,82,2
2026-04-13,601012,14:02:42,17.8200,272,2
2026-04-13,601012,14:02:45,17.8200,396,2
2026-04-13,601012,14:02:48,17.8100,293,2
2026-04-13,601012,14:02:51,17.8100,210,2
2026-04-13,601012,14:02:54,17.8100,379,2
2026-04-13,601012,14:02:57,17.8200,158,1
2026-04-13,601012,14:03:00,17.8100,146,2
2026-04-13,601012,14:03:03,17.8100,91,2
2026-04-13,601012,14:03:06,17.8200,316,1
2026-04-13,601012,14:03:09,17.8200,150,1
2026-04-13,601012,14:03:12,17.8100,159,2
2026-04-13,601012,14:03:15,17.8200,264,1
2026-04-13,601012,14:03:18,17.8100,90,2
2026-04-13,601012,14:03:21,17.8100,85,2
2026-04-13,601012,14:03:24,17.8200,49,1
2026-04-13,601012,14:03:27,17.8200,351,1
2026-04-13,601012,14:03:30,17.8200,160,1
2026-04-13,601012,14:03:33,17.8200,264,1
2026-04-13,601012,14:03:36,17.8200,70,1
2026-04-13,601012,14:03:39,17.8200,389,1
2026-04-13,601012,14:03:42,17.8100,1334,2
2026-04-13,601012,14:03:45,17.8100,114,2
2026-04-13,601012,14:03:48,17.8100,280,2
2026-04-13,601012,14:03:51,17.8100,313,1
2026-04-13,601012,14:03:54,17.8100,263,1
2026-04-13,601012,14:03:57,17.8100,124,1
2026-04-13,601012,14:04:00,17.8100,175,1
2026-04-13,601012,14:04:03,17.8000,1025,2
2026-04-13,601012,14:04:06,17.8000,2142,2
2026-04-13,601012,14:04:09,17.8000,177,2
2026-04-13,601012,14:04:12,17.8000,66,1
2026-04-13,601012,14:04:15,17.8000,76,1
2026-04-13,601012,14:04:18,17.8000,155,1
2026-04-13,601012,14:04:21,17.7900,136,2
2026-04-13,601012,14:04:24,17.7900,122,2
2026-04-13,601012,14:04:27,17.8000,186,1
2026-04-13,601012,14:04:30,17.7900,118,2
2026-04-13,601012,14:04:33,17.8000,280,1
2026-04-13,601012,14:04:36,17.7900,224,2
2026-04-13,601012,14:04:39,17.7900,129,2
2026-04-13,601012,14:04:42,17.7900,485,2
2026-04-13,601012,14:04:45,17.7900,253,2
2026-04-13,601012,14:04:48,17.7900,234,2
2026-04-13,601012,14:04:51,17.7900,351,2
2026-04-13,601012,14:04:54,17.7900,115,2
2026-04-13,601012,14:04:57,17.7900,1143,2
2026-04-13,601012,14:05:00,17.7900,158,1
2026-04-13,601012,14:05:03,17.7900,79,1
2026-04-13,601012,14:05:06,17.7800,229,2
2026-04-13,601012,14:05:09,17.7800,119,2
2026-04-13,601012,14:05:12,17.7800,197,2
2026-04-13,601012,14:05:15,17.7800,546,2
2026-04-13,601012,14:05:18,17.7800,390,2
2026-04-13,601012,14:05:21,17.7800,2585,2
2026-04-13,601012,14:05:24,17.7800,55,2
2026-04-13,601012,14:05:27,17.7700,176,2
2026-04-13,601012,14:05:30,17.7700,152,2
2026-04-13,601012,14:05:33,17.7800,157,1
2026-04-13,601012,14:05:36,17.7700,147,2
2026-04-13,601012,14:05:39,17.7700,210,2
2026-04-13,601012,14:05:42,17.7700,235,2
2026-04-13,601012,14:05:45,17.7800,380,1
2026-04-13,601012,14:05:48,17.7800,220,1
2026-04-13,601012,14:05:51,17.7800,175,1
2026-04-13,601012,14:05:54,17.7800,80,1
2026-04-13,601012,14:05:57,17.7800,167,1
2026-04-13,601012,14:06:00,17.7700,63,2
2026-04-13,601012,14:06:03,17.7800,76,1
2026-04-13,601012,14:06:06,17.7700,559,2
2026-04-13,601012,14:06:09,17.7700,58,2
2026-04-13,601012,14:06:12,17.7700,148,2
2026-04-13,601012,14:06:15,17.7700,138,2
2026-04-13,601012,14:06:18,17.7800,341,1
2026-04-13,601012,14:06:21,17.7800,88,1
2026-04-13,601012,14:06:24,17.7700,140,2
2026-04-13,601012,14:06:27,17.7700,75,2
2026-04-13,601012,14:06:30,17.7800,75,1
2026-04-13,601012,14:06:33,17.7700,140,2
2026-04-13,601012,14:06:36,17.7700,98,2
2026-04-13,601012,14:06:39,17.7700,94,2
2026-04-13,601012,14:06:42,17.7700,131,2
2026-04-13,601012,14:06:45,17.7700,152,2
2026-04-13,601012,14:06:48,17.7700,434,2
2026-04-13,601012,14:06:51,17.7700,288,2
2026-04-13,601012,14:06:54,17.7700,525,2
2026-04-13,601012,14:06:57,17.7800,78,1
2026-04-13,601012,14:07:00,17.7700,242,2
2026-04-13,601012,14:07:03,17.7800,784,1
2026-04-13,601012,10:56:36,17.1900,151,1
2026-04-13,601012,10:56:39,17.1900,101,1
2026-04-13,601012,10:56:42,17.1900,74,1
2026-04-13,601012,10:56:45,17.1800,138,2
2026-04-13,601012,10:56:48,17.1800,80,2
2026-04-13,601012,10:56:51,17.1900,34,1
2026-04-13,601012,10:56:54,17.1900,18,1
2026-04-13,601012,10:56:57,17.1900,195,1
2026-04-13,601012,10:57:00,17.1800,143,2
2026-04-13,601012,10:57:03,17.1900,231,1
2026-04-13,601012,10:57:06,17.1900,35,1
2026-04-13,601012,10:57:09,17.1900,174,1
2026-04-13,601012,10:57:12,17.1900,97,1
2026-04-13,601012,10:57:15,17.1800,155,2
2026-04-13,601012,10:57:18,17.1900,199,1
2026-04-13,601012,10:57:21,17.1800,140,2
2026-04-13,601012,10:57:24,17.1900,81,1
2026-04-13,601012,10:57:27,17.1900,66,1
2026-04-13,601012,10:57:30,17.1800,72,2
2026-04-13,601012,10:57:33,17.1800,37,2
2026-04-13,601012,10:57:36,17.1900,26,1
2026-04-13,601012,10:57:39,17.1900,73,1
2026-04-13,601012,10:57:42,17.1900,118,1
2026-04-13,601012,10:57:45,17.1900,156,1
2026-04-13,601012,10:57:48,17.1900,68,2
2026-04-13,601012,10:57:51,17.1900,36,2
2026-04-13,601012,10:57:54,17.2000,101,1
2026-04-13,601012,10:57:57,17.2000,63,1
2026-04-13,601012,10:58:00,17.1900,955,2
2026-04-13,601012,10:58:03,17.1900,20,2
2026-04-13,601012,10:58:06,17.2000,43,2
2026-04-13,601012,10:58:09,17.2000,26,2
2026-04-13,601012,10:58:12,17.2000,128,2
2026-04-13,601012,10:58:15,17.2000,26,1
2026-04-13,601012,10:58:18,17.2000,47,1
2026-04-13,601012,10:58:21,17.2000,121,1
2026-04-13,601012,10:58:24,17.2100,101,1
2026-04-13,601012,10:58:27,17.2000,5,2
2026-04-13,601012,10:58:30,17.2100,104,1
2026-04-13,601012,10:58:33,17.2100,20,1
2026-04-13,601012,10:58:36,17.2100,440,1
2026-04-13,601012,10:58:39,17.2100,7,2
2026-04-13,601012,10:58:42,17.2200,46,1
2026-04-13,601012,10:58:45,17.2200,89,1
2026-04-13,601012,10:58:48,17.2200,39,1
2026-04-13,601012,10:58:51,17.2200,312,1
2026-04-13,601012,10:58:54,17.2200,43,1
2026-04-13,601012,10:58:57,17.2200,21,1
2026-04-13,601012,10:59:00,17.2200,79,1
2026-04-13,601012,10:59:03,17.2200,727,1
2026-04-13,601012,10:59:06,17.2200,567,1
2026-04-13,601012,10:59:09,17.2200,289,1
2026-04-13,601012,10:59:12,17.2100,472,2
2026-04-13,601012,10:59:15,17.2200,135,4
2026-04-13,601012,10:59:18,17.2100,61,2
2026-04-13,601012,10:59:21,17.2100,457,2
2026-04-13,601012,10:59:24,17.2100,8,2
2026-04-13,601012,10:59:27,17.2100,10,2
2026-04-13,601012,10:59:30,17.2200,31,1
2026-04-13,601012,10:59:33,17.2200,39,1
2026-04-13,601012,10:59:36,17.2100,25,2
2026-04-13,601012,10:59:39,17.2100,3,2
2026-04-13,601012,10:59:42,17.2200,14,1
2026-04-13,601012,10:59:45,17.2200,21,1
2026-04-13,601012,10:59:48,17.2100,505,2
2026-04-13,601012,10:59:51,17.2100,101,2
2026-04-13,601012,10:59:54,17.2200,26,1
2026-04-13,601012,10:59:57,17.2100,53,2
2026-04-13,601012,11:00:00,17.2100,7,2
2026-04-13,601012,11:00:03,17.2200,61,1
2026-04-13,601012,11:00:06,17.2100,6,2
2026-04-13,601012,11:00:09,17.2200,70,1
2026-04-13,601012,11:00:15,17.2200,6,1
2026-04-13,601012,11:00:18,17.2200,3,1
2026-04-13,601012,11:00:21,17.2200,163,1
2026-04-13,601012,11:00:24,17.2200,129,1
2026-04-13,601012,11:00:27,17.2200,135,1
2026-04-13,601012,11:00:30,17.2200,52,1
2026-04-13,601012,11:00:33,17.2300,364,1
2026-04-13,601012,11:00:36,17.2200,64,2
2026-04-13,601012,11:00:39,17.2200,3,2
2026-04-13,601012,11:00:42,17.2300,802,1
2026-04-13,601012,11:00:48,17.2300,3,1
2026-04-13,601012,11:00:51,17.2300,66,1
2026-04-13,601012,11:00:54,17.2300,131,2
2026-04-13,601012,11:00:57,17.2200,30,2
2026-04-13,601012,11:01:00,17.2200,3,2
2026-04-13,601012,11:01:03,17.2200,65,2
2026-04-13,601012,11:01:06,17.2300,211,1
2026-04-13,601012,11:01:09,17.2200,22,2
2026-04-13,601012,11:01:12,17.2300,50,1
2026-04-13,601012,11:01:15,17.2300,182,1
2026-04-13,601012,11:01:18,17.2300,11,2
2026-04-13,601012,11:01:21,17.2300,47,2
2026-04-13,601012,11:01:24,17.2400,10,1
2026-04-13,601012,11:01:27,17.2300,13,2
2026-04-13,601012,11:01:30,17.2300,196,2
2026-04-13,601012,11:01:33,17.2400,13,1
2026-04-13,601012,11:01:36,17.2300,153,2
2026-04-13,601012,11:01:39,17.2300,78,2
2026-04-13,601012,11:01:42,17.2400,98,1
2026-04-13,601012,11:01:45,17.2400,34,1
2026-04-13,601012,11:01:48,17.2400,602,1
2026-04-13,601012,11:01:51,17.2400,18,1
2026-04-13,601012,11:01:54,17.2400,87,1
2026-04-13,601012,11:01:57,17.2400,12,1
2026-04-13,601012,11:02:00,17.2400,2,1
2026-04-13,601012,11:02:03,17.2400,150,1
2026-04-13,601012,11:02:06,17.2400,10,1
2026-04-13,601012,11:02:09,17.2400,336,1
2026-04-13,601012,11:02:12,17.2400,77,2
2026-04-13,601012,11:02:15,17.2500,618,1
2026-04-13,601012,11:02:18,17.2400,62,2
2026-04-13,601012,11:02:21,17.2500,507,1
2026-04-13,601012,11:02:24,17.2600,42,1
2026-04-13,601012,11:02:27,17.2600,31,1
2026-04-13,601012,11:02:30,17.2600,980,1
2026-04-13,601012,11:02:33,17.2600,52,1
2026-04-13,601012,11:02:36,17.2600,1,2
2026-04-13,601012,11:02:39,17.2600,32,2
2026-04-13,601012,11:02:42,17.2600,37,2
2026-04-13,601012,11:02:45,17.2700,693,1
2026-04-13,601012,11:02:48,17.2700,181,1
2026-04-13,601012,11:02:51,17.2700,63,1
2026-04-13,601012,11:02:54,17.2700,274,1
2026-04-13,601012,11:02:57,17.2700,130,1
2026-04-13,601012,11:03:00,17.2600,296,4
2026-04-13,601012,11:03:03,17.2500,401,2
2026-04-13,601012,11:03:06,17.2600,504,1
2026-04-13,601012,11:03:09,17.2400,9,2
2026-04-13,601012,11:03:12,17.2500,41,1
2026-04-13,601012,11:03:15,17.2500,276,1
2026-04-13,601012,11:03:18,17.2500,13,2
2026-04-13,601012,11:03:21,17.2500,873,2
2026-04-13,601012,11:03:24,17.2400,48,2
2026-04-13,601012,11:03:27,17.2400,50,2
2026-04-13,601012,11:03:30,17.2400,95,2
2026-04-13,601012,11:03:33,17.2500,334,1
2026-04-13,601012,11:03:36,17.2400,47,2
2026-04-13,601012,11:03:39,17.2400,34,2
2026-04-13,601012,11:03:42,17.2400,33,2
2026-04-13,601012,11:03:45,17.2400,43,2
2026-04-13,601012,11:03:48,17.2400,117,2
2026-04-13,601012,11:03:51,17.2400,6,1
2026-04-13,601012,11:03:54,17.2500,127,1
2026-04-13,601012,11:03:57,17.2300,18,2
2026-04-13,601012,11:04:00,17.2300,29,2
2026-04-13,601012,11:04:03,17.2300,25,2
2026-04-13,601012,11:04:06,17.2300,119,2
2026-04-13,601012,11:04:09,17.2300,5,2
2026-04-13,601012,11:04:12,17.2300,26,2
2026-04-13,601012,11:04:15,17.2300,102,2
2026-04-13,601012,11:04:18,17.2300,30,2
2026-04-13,601012,11:04:21,17.2400,16,1
2026-04-13,601012,11:04:24,17.2400,7,1
2026-04-13,601012,11:04:27,17.2300,42,2
2026-04-13,601012,11:04:30,17.2400,106,1
2026-04-13,601012,11:04:33,17.2300,46,2
2026-04-13,601012,11:04:36,17.2400,31,1
2026-04-13,601012,11:04:39,17.2300,48,2
2026-04-13,601012,11:04:42,17.2400,12,1
2026-04-13,601012,11:04:45,17.2400,7,1
2026-04-13,601012,11:04:48,17.2400,72,1
2026-04-13,601012,11:04:51,17.2300,23,2
2026-04-13,601012,11:04:54,17.2300,35,2
2026-04-13,601012,11:04:57,17.2400,24,1
2026-04-13,601012,11:05:00,17.2300,35,2
2026-04-13,601012,11:05:03,17.2400,101,1
2026-04-13,601012,11:05:06,17.2400,21,1
2026-04-13,601012,11:05:09,17.2400,3,1
2026-04-13,601012,11:05:12,17.2400,778,1
2026-04-13,601012,11:05:15,17.2400,27,2
2026-04-13,601012,11:05:18,17.2400,91,2
2026-04-13,601012,11:05:21,17.2400,10,2
2026-04-13,601012,11:05:24,17.2400,12,2
2026-04-13,601012,11:05:27,17.2400,70,2
2026-04-13,601012,11:05:30,17.2500,28,1
2026-04-13,601012,11:05:33,17.2400,34,2
2026-04-13,601012,11:05:36,17.2400,25,2
2026-04-13,601012,11:05:39,17.2500,11,1
2026-04-13,601012,11:05:42,17.2500,25,1
2026-04-13,601012,11:05:45,17.2500,12,1
2026-04-13,601012,11:05:48,17.2400,260,2
2026-04-13,601012,11:05:51,17.2500,2,1
2026-04-13,601012,11:05:54,17.2400,10,2
2026-04-13,601012,11:05:57,17.2500,3,1
2026-04-13,601012,11:06:00,17.2400,115,2
2026-04-13,601012,11:06:03,17.2400,11,2
2026-04-13,601012,11:06:06,17.2400,108,2
2026-04-13,601012,11:06:09,17.2400,118,2
2026-04-13,601012,11:06:12,17.2400,476,2
2026-04-13,601012,11:06:15,17.2400,16,1
2026-04-13,601012,11:06:18,17.2400,4,1
2026-04-13,601012,11:06:21,17.2400,331,1
2026-04-13,601012,11:06:24,17.2400,13,2
2026-04-13,601012,11:06:27,17.2500,65,1
2026-04-13,601012,11:06:30,17.2500,110,1
2026-04-13,601012,11:06:33,17.2500,23,1
2026-04-13,601012,11:06:36,17.2500,14,1
2026-04-13,601012,11:06:39,17.2400,10,2
2026-04-13,601012,11:06:42,17.2400,1899,2
2026-04-13,601012,11:06:45,17.2400,67,2
2026-04-13,601012,11:06:48,17.2500,49,1
2026-04-13,601012,11:06:51,17.2400,517,2
2026-04-13,601012,11:06:54,17.2500,14,4
2026-04-13,601012,11:06:57,17.2400,16,2
2026-04-13,601012,11:07:00,17.2400,17,2
2026-04-13,601012,11:07:03,17.2400,9,2
2026-04-13,601012,11:07:06,17.2500,27,1
2026-04-13,601012,11:07:09,17.2500,47,1
2026-04-13,601012,11:07:12,17.2400,4,2
2026-04-13,601012,11:07:15,17.2400,66,2
2026-04-13,601012,11:07:18,17.2500,2,1
2026-04-13,601012,11:07:21,17.2400,30,2
2026-04-13,601012,11:07:24,17.2500,56,1
2026-04-13,601012,11:07:27,17.2400,6,2
2026-04-13,601012,11:07:30,17.2400,3,2
2026-04-13,601012,11:07:33,17.2400,221,2
2026-04-13,601012,11:07:36,17.2400,1476,2
2026-04-13,601012,11:07:39,17.2400,235,1
2026-04-13,601012,11:07:42,17.2400,48,1
2026-04-13,601012,11:07:45,17.2400,13,1
2026-04-13,601012,11:07:48,17.2300,43,2
2026-04-13,601012,11:07:51,17.2300,57,2
2026-04-13,601012,11:07:54,17.2300,121,2
2026-04-13,601012,11:07:57,17.2300,81,2
2026-04-13,601012,11:08:00,17.2300,45,2
2026-04-13,601012,11:08:03,17.2300,88,2
2026-04-13,601012,11:08:06,17.2300,170,2
2026-04-13,601012,11:08:09,17.2300,17,2
2026-04-13,601012,11:08:12,17.2300,5,2
2026-04-13,601012,11:08:15,17.2300,168,2
2026-04-13,601012,11:08:18,17.2300,183,2
2026-04-13,601012,11:08:21,17.2300,292,2
2026-04-13,601012,11:08:24,17.2300,47,2
2026-04-13,601012,11:08:27,17.2300,62,2
2026-04-13,601012,11:08:30,17.2300,57,2
2026-04-13,601012,11:08:33,17.2300,26,2
2026-04-13,601012,11:08:36,17.2300,237,2
2026-04-13,601012,11:08:39,17.2300,63,2
2026-04-13,601012,11:08:42,17.2300,177,2
2026-04-13,601012,11:08:45,17.2300,289,2
2026-04-13,601012,11:08:48,17.2300,44,2
2026-04-13,601012,11:08:51,17.2300,35,2
2026-04-13,601012,11:08:54,17.2400,15,1
2026-04-13,601012,11:08:57,17.2400,11,1
2026-04-13,601012,11:09:00,17.2300,180,2
2026-04-13,601012,11:09:03,17.2300,69,2
2026-04-13,601012,11:09:06,17.2200,242,2
2026-04-13,601012,11:09:09,17.2300,4,1
2026-04-13,601012,11:09:15,17.2300,13,1
2026-04-13,601012,11:09:18,17.2200,49,2
2026-04-13,601012,11:09:21,17.2200,230,2
2026-04-13,601012,11:09:24,17.2200,14,2
2026-04-13,601012,11:09:27,17.2200,12,2
2026-04-13,601012,11:09:30,17.2200,62,2
2026-04-13,601012,11:09:33,17.2200,95,2
2026-04-13,601012,11:09:36,17.2200,158,2
2026-04-13,601012,11:09:39,17.2200,195,2
2026-04-13,601012,11:09:42,17.2200,42,2
2026-04-13,601012,11:09:45,17.2200,109,2
2026-04-13,601012,11:09:48,17.2200,122,2
2026-04-13,601012,11:09:51,17.2200,33,2
2026-04-13,601012,11:09:54,17.2200,104,2
2026-04-13,601012,11:09:57,17.2200,28,2
2026-04-13,601012,11:10:00,17.2200,298,2
2026-04-13,601012,11:10:03,17.2200,194,2
2026-04-13,601012,11:10:06,17.2000,2702,2
2026-04-13,601012,11:10:09,17.2000,71,2
2026-04-13,601012,11:10:12,17.2000,16,2
2026-04-13,601012,11:10:15,17.2000,128,2
2026-04-13,601012,11:10:18,17.2000,136,2
2026-04-13,601012,11:10:21,17.2000,58,2
2026-04-13,601012,11:10:24,17.2000,14,2
2026-04-13,601012,11:10:27,17.2000,147,2
2026-04-13,601012,11:10:30,17.2000,230,2
2026-04-13,601012,11:10:33,17.2000,140,2
2026-04-13,601012,11:10:36,17.2000,479,2
2026-04-13,601012,11:10:39,17.1900,27,2
2026-04-13,601012,11:10:42,17.1900,111,2
2026-04-13,601012,11:10:45,17.1900,449,2
2026-04-13,601012,11:10:48,17.1800,257,2
2026-04-13,601012,11:10:51,17.1900,89,1
2026-04-13,601012,11:10:54,17.1900,1,2
2026-04-13,601012,11:10:57,17.1900,131,2
2026-04-13,601012,11:11:00,17.1900,68,2
2026-04-13,601012,11:11:03,17.1900,44,2
2026-04-13,601012,11:11:06,17.1900,11,2
2026-04-13,601012,11:11:09,17.1900,171,2
2026-04-13,601012,11:11:12,17.2000,56,1
2026-04-13,601012,11:11:15,17.1900,21,2
2026-04-13,601012,11:11:18,17.1900,115,2
2026-04-13,601012,11:11:21,17.2000,29,1
2026-04-13,601012,11:11:24,17.2000,114,1
2026-04-13,601012,11:11:27,17.2000,7,1
2026-04-13,601012,11:11:30,17.2000,21,1
2026-04-13,601012,11:11:33,17.1900,38,2
2026-04-13,601012,11:11:36,17.2000,26,1
2026-04-13,601012,11:11:39,17.1900,78,2
2026-04-13,601012,11:11:42,17.1900,11,2
2026-04-13,601012,11:11:45,17.2000,36,1
2026-04-13,601012,11:11:48,17.1900,10,2
2026-04-13,601012,11:11:51,17.1900,18,2
2026-04-13,601012,11:11:54,17.2000,70,1
2026-04-13,601012,11:11:57,17.2000,7,1
2026-04-13,601012,11:12:00,17.1900,102,2
2026-04-13,601012,11:12:03,17.1900,10,2
2026-04-13,601012,11:12:06,17.2000,38,1
2026-04-13,601012,11:12:09,17.2000,183,1
2026-04-13,601012,11:12:12,17.1900,96,2
2026-04-13,601012,11:12:15,17.1900,111,2
2026-04-13,601012,11:12:18,17.1900,190,2
2026-04-13,601012,11:12:21,17.2000,255,1
2026-04-13,601012,11:12:24,17.1900,30,2
2026-04-13,601012,11:12:27,17.1900,27,2
2026-04-13,601012,11:12:30,17.1900,236,2
2026-04-13,601012,11:12:33,17.1900,85,2
2026-04-13,601012,11:12:36,17.1900,59,2
2026-04-13,601012,11:12:39,17.1900,47,2
2026-04-13,601012,11:12:42,17.1900,69,2
2026-04-13,601012,11:12:45,17.1900,173,2
2026-04-13,601012,11:12:48,17.1900,29,2
2026-04-13,601012,11:12:51,17.1900,47,2
2026-04-13,601012,11:12:54,17.1900,60,2
2026-04-13,601012,11:12:57,17.1900,36,2
2026-04-13,601012,11:13:00,17.2000,33,1
2026-04-13,601012,11:13:03,17.1900,83,2
2026-04-13,601012,11:13:06,17.1900,56,2
2026-04-13,601012,11:13:09,17.2000,68,1
2026-04-13,601012,11:13:12,17.2000,95,1
2026-04-13,601012,11:13:15,17.2000,78,1
2026-04-13,601012,11:13:18,17.2000,26,1
2026-04-13,601012,11:13:21,17.1900,660,2
2026-04-13,601012,11:13:24,17.1900,44,1
2026-04-13,601012,11:13:27,17.1900,8,1
2026-04-13,601012,11:13:30,17.1800,9,2
2026-04-13,601012,11:13:33,17.1800,10,2
2026-04-13,601012,11:13:36,17.1800,95,2
2026-04-13,601012,11:13:39,17.1900,21,1
2026-04-13,601012,11:13:42,17.1800,5,2
2026-04-13,601012,11:13:45,17.1900,362,1
2026-04-13,601012,11:13:48,17.1800,218,2
2026-04-13,601012,11:13:51,17.1800,2,2
2026-04-13,601012,11:13:54,17.1900,112,1
2026-04-13,601012,11:13:57,17.1800,49,2
2026-04-13,601012,11:14:00,17.1800,65,2
2026-04-13,601012,11:14:03,17.1800,30,2
2026-04-13,601012,11:14:06,17.1800,85,2
2026-04-13,601012,11:14:09,17.1900,44,1
2026-04-13,601012,11:14:12,17.1900,13,1
2026-04-13,601012,11:14:15,17.1800,426,2
2026-04-13,601012,11:14:18,17.1900,181,1
2026-04-13,601012,11:14:21,17.1900,50,1
2026-04-13,601012,11:14:24,17.1900,13,1
2026-04-13,601012,11:14:27,17.1900,100,4
2026-04-13,601012,11:14:30,17.2000,6,1
2026-04-13,601012,11:14:33,17.1900,30,2
2026-04-13,601012,11:14:36,17.1900,36,2
2026-04-13,601012,11:14:39,17.2000,75,1
2026-04-13,601012,11:14:42,17.1900,5,2
2026-04-13,601012,11:14:45,17.2000,15,1
2026-04-13,601012,11:14:48,17.2000,13,1
2026-04-13,601012,11:14:51,17.1900,3,2
2026-04-13,601012,11:14:54,17.2000,21,1
2026-04-13,601012,11:14:57,17.1900,248,2
2026-04-13,601012,11:15:00,17.1900,427,2
2026-04-13,601012,11:15:03,17.1900,16,1
2026-04-13,601012,11:15:06,17.1900,36,1
2026-04-13,601012,11:15:09,17.1900,36,1
2026-04-13,601012,11:15:12,17.1900,36,1
2026-04-13,601012,11:15:15,17.1800,52,2
2026-04-13,601012,11:15:18,17.1900,160,1
2026-04-13,601012,11:15:21,17.1900,53,1
2026-04-13,601012,11:15:24,17.1900,43,1
2026-04-13,601012,11:15:27,17.1800,11,2
2026-04-13,601012,11:15:30,17.1900,85,1
2026-04-13,601012,11:15:36,17.1800,72,2
2026-04-13,601012,11:15:39,17.1800,103,2
2026-04-13,601012,11:15:42,17.1800,1,2
2026-04-13,601012,11:15:45,17.1800,71,2
2026-04-13,601012,11:15:48,17.1900,5,1
2026-04-13,601012,11:15:51,17.1800,10,2
2026-04-13,601012,11:15:54,17.1800,14,2
2026-04-13,601012,11:15:57,17.1800,36,2
2026-04-13,601012,11:16:00,17.1800,10,2
2026-04-13,601012,11:16:03,17.1800,31,2
2026-04-13,601012,11:16:06,17.1900,31,1
2026-04-13,601012,11:16:09,17.1800,224,2
2026-04-13,601012,11:16:12,17.1900,21,1
2026-04-13,601012,11:16:15,17.1800,6,2
2026-04-13,601012,11:16:18,17.1800,134,2
2026-04-13,601012,11:16:21,17.1800,22,2
2026-04-13,601012,11:16:24,17.1800,1076,2
2026-04-13,601012,11:16:27,17.1800,12,2
2026-04-13,601012,11:16:30,17.1900,183,1
2026-04-13,601012,11:16:33,17.1900,22,1
2026-04-13,601012,11:16:36,17.1800,98,2
2026-04-13,601012,11:16:39,17.1800,31,2
2026-04-13,601012,11:16:42,17.1800,468,2
2026-04-13,601012,11:16:45,17.1800,46,2
2026-04-13,601012,11:16:48,17.1800,192,2
2026-04-13,601012,11:16:51,17.1800,178,2
2026-04-13,601012,11:16:54,17.1900,108,1
2026-04-13,601012,11:16:57,17.1800,80,2
2026-04-13,601012,11:17:00,17.1800,33,2
2026-04-13,601012,11:17:03,17.1800,44,2
2026-04-13,601012,11:17:06,17.1900,291,1
2026-04-13,601012,11:17:09,17.1900,70,1
2026-04-13,601012,11:17:12,17.1900,27,1
2026-04-13,601012,11:17:15,17.1800,56,2
2026-04-13,601012,11:17:18,17.1900,11,1
2026-04-13,601012,11:17:21,17.1800,8,2
2026-04-13,601012,11:17:24,17.1900,46,1
2026-04-13,601012,11:17:27,17.1900,282,1
2026-04-13,601012,11:17:30,17.1800,12,2
2026-04-13,601012,11:17:33,17.1900,4,1
2026-04-13,601012,11:17:36,17.1800,13,2
2026-04-13,601012,11:17:39,17.1900,32,1
2026-04-13,601012,11:17:42,17.1800,74,2
2026-04-13,601012,11:17:45,17.1900,36,1
2026-04-13,601012,11:17:48,17.1900,15,1
2026-04-13,601012,11:17:51,17.1800,1,2
2026-04-13,601012,11:17:54,17.1900,14,1
2026-04-13,601012,11:17:57,17.1800,33,2
2026-04-13,601012,11:18:00,17.1900,216,1
2026-04-13,601012,11:18:03,17.1800,7,2
2026-04-13,601012,11:18:06,17.1800,17,2
2026-04-13,601012,11:18:09,17.1900,8,1
2026-04-13,601012,11:18:12,17.1800,88,2
2026-04-13,601012,11:18:15,17.1900,28,1
2026-04-13,601012,11:18:18,17.1900,32,1
2026-04-13,601012,11:18:21,17.1800,2,2
2026-04-13,601012,11:18:24,17.1800,4,2
2026-04-13,601012,11:18:30,17.1800,18,2
2026-04-13,601012,11:18:33,17.1900,24,1
2026-04-13,601012,11:18:36,17.1900,10,1
2026-04-13,601012,11:18:39,17.1900,38,1
2026-04-13,601012,11:18:42,17.1900,70,1
2026-04-13,601012,11:18:45,17.1800,33,2
2026-04-13,601012,11:18:48,17.1800,422,2
2026-04-13,601012,11:18:51,17.1900,36,1
2026-04-13,601012,11:18:54,17.1800,73,2
2026-04-13,601012,11:18:57,17.1800,871,2
2026-04-13,601012,11:19:00,17.1800,33,1
2026-04-13,601012,11:19:03,17.1900,239,1
2026-04-13,601012,11:19:06,17.1800,67,2
2026-04-13,601012,11:19:09,17.1800,179,2
2026-04-13,601012,11:19:12,17.1800,47,2
2026-04-13,601012,11:19:15,17.1800,117,2
