date,code,time,price,volume,bs
2026-03-27,601318,14:07:07,56.9900,365,2
2026-03-27,601318,14:07:10,56.9900,165,1
2026-03-27,601318,14:07:13,56.9900,412,1
2026-03-27,601318,14:07:16,56.9900,12,1
2026-03-27,601318,14:07:19,56.9800,161,2
2026-03-27,601318,14:07:22,56.9800,94,1
2026-03-27,601318,14:07:25,56.9900,176,1
2026-03-27,601318,14:07:28,56.9900,24,1
2026-03-27,601318,14:07:31,56.9800,87,2
2026-03-27,601318,14:07:34,56.9900,63,1
2026-03-27,601318,14:07:37,56.9700,39,2
2026-03-27,601318,14:07:40,56.9700,83,2
2026-03-27,601318,14:07:43,56.9900,59,1
2026-03-27,601318,14:07:46,56.9900,28,1
2026-03-27,601318,14:07:49,56.9700,107,2
2026-03-27,601318,14:07:52,56.9700,46,2
2026-03-27,601318,14:07:55,56.9900,36,1
2026-03-27,601318,14:07:58,56.9900,99,1
2026-03-27,601318,14:08:01,56.9900,53,1
2026-03-27,601318,14:08:04,56.9800,189,2
2026-03-27,601318,14:08:07,56.9900,154,1
2026-03-27,601318,14:08:10,56.9800,69,2
2026-03-27,601318,14:08:13,56.9600,599,2
2026-03-27,601318,14:08:16,56.9700,57,1
2026-03-27,601318,14:08:19,56.9700,41,1
2026-03-27,601318,14:08:22,56.9700,278,1
2026-03-27,601318,14:08:25,56.9600,472,2
2026-03-27,601318,14:08:28,56.9500,262,2
2026-03-27,601318,14:08:31,56.9500,264,2
2026-03-27,601318,14:08:34,56.9500,240,2
2026-03-27,601318,14:08:37,56.9300,221,2
2026-03-27,601318,14:08:40,56.9400,43,4
2026-03-27,601318,14:08:43,56.9300,141,2
2026-03-27,601318,14:08:46,56.9300,131,2
2026-03-27,601318,14:08:49,56.9300,38,2
2026-03-27,601318,14:08:52,56.9300,127,2
2026-03-27,601318,14:08:55,56.9300,117,2
2026-03-27,601318,14:08:58,56.9300,92,2
2026-03-27,601318,14:09:01,56.9200,218,2
2026-03-27,601318,14:09:04,56.9200,140,2
2026-03-27,601318,14:09:07,56.9200,265,2
2026-03-27,601318,14:09:10,56.9200,548,2
2026-03-27,601318,14:09:13,56.9100,455,2
2026-03-27,601318,14:09:16,56.9200,51,1
2026-03-27,601318,14:09:19,56.9200,337,1
2026-03-27,601318,14:09:22,56.9200,103,1
2026-03-27,601318,14:09:25,56.9200,518,1
2026-03-27,601318,14:09:28,56.9200,53,4
2026-03-27,601318,14:09:31,56.9200,268,2
2026-03-27,601318,14:09:34,56.9100,122,2
2026-03-27,601318,14:09:37,56.9100,64,2
2026-03-27,601318,14:09:40,56.9200,110,1
2026-03-27,601318,14:09:43,56.9100,169,2
2026-03-27,601318,14:09:46,56.9000,78,2
2026-03-27,601318,14:09:49,56.9100,103,1
2026-03-27,601318,14:09:52,56.9100,224,1
2026-03-27,601318,14:09:55,56.9100,61,1
2026-03-27,601318,14:09:58,56.9100,111,1
2026-03-27,601318,14:10:01,56.9100,105,1
2026-03-27,601318,14:10:04,56.9000,672,2
2026-03-27,601318,14:10:07,56.9000,143,2
2026-03-27,601318,14:10:10,56.9200,1774,1
2026-03-27,601318,14:10:13,56.9300,93,4
2026-03-27,601318,14:10:16,56.9300,186,1
2026-03-27,601318,14:10:19,56.9300,12,1
2026-03-27,601318,14:10:22,56.9300,400,1
2026-03-27,601318,14:10:25,56.9300,95,1
2026-03-27,601318,14:10:28,56.9300,140,1
2026-03-27,601318,14:10:31,56.9300,56,1
2026-03-27,601318,14:10:34,56.9200,116,2
2026-03-27,601318,14:10:37,56.9400,40,1
2026-03-27,601318,14:10:40,56.9400,51,1
2026-03-27,601318,14:10:43,56.9300,69,4
2026-03-27,601318,14:10:46,56.9400,50,1
2026-03-27,601318,14:10:49,56.9400,17,1
2026-03-27,601318,14:10:52,56.9400,65,1
2026-03-27,601318,14:10:55,56.9300,158,2
2026-03-27,601318,14:10:58,56.9300,68,2
2026-03-27,601318,14:11:01,56.9300,386,2
2026-03-27,601318,14:11:04,56.9200,156,2
2026-03-27,601318,14:11:07,56.9200,45,2
2026-03-27,601318,14:11:10,56.9300,152,1
2026-03-27,601318,14:11:13,56.9100,282,2
2026-03-27,601318,14:11:16,56.9000,324,2
2026-03-27,601318,14:11:19,56.9200,380,1
2026-03-27,601318,14:11:22,56.9100,106,4
2026-03-27,601318,14:11:25,56.9100,216,1
2026-03-27,601318,14:11:28,56.9000,120,2
2026-03-27,601318,14:11:31,56.9000,120,2
2026-03-27,601318,14:11:34,56.9100,79,1
2026-03-27,601318,14:11:37,56.9100,58,1
2026-03-27,601318,14:11:40,56.9100,147,1
2026-03-27,601318,14:11:43,56.9000,93,2
2026-03-27,601318,14:11:46,56.9100,84,1
2026-03-27,601318,14:11:49,56.8900,66,2
2026-03-27,601318,14:11:52,56.9000,47,1
2026-03-27,601318,14:11:55,56.9000,142,1
2026-03-27,601318,14:11:58,56.8900,142,2
2026-03-27,601318,14:12:01,56.8900,99,2
2026-03-27,601318,14:12:04,56.8800,94,2
2026-03-27,601318,14:12:07,56.8900,588,1
2026-03-27,601318,14:12:10,56.9000,1485,1
2026-03-27,601318,14:12:13,56.9100,287,1
2026-03-27,601318,14:12:16,56.8800,178,2
2026-03-27,601318,14:12:19,56.8900,195,1
2026-03-27,601318,14:12:22,56.8900,327,2
2026-03-27,601318,14:12:25,56.9000,146,1
2026-03-27,601318,14:12:28,56.8900,172,2
2026-03-27,601318,14:12:31,56.8900,74,2
2026-03-27,601318,14:12:34,56.8900,213,2
2026-03-27,601318,14:12:37,56.8900,73,2
2026-03-27,601318,14:12:40,56.8800,143,2
2026-03-27,601318,14:12:43,56.8900,157,1
2026-03-27,601318,14:12:46,56.8800,129,2
2026-03-27,601318,14:12:49,56.8800,227,2
2026-03-27,601318,14:12:52,56.8800,140,2
2026-03-27,601318,14:12:55,56.8800,82,1
2026-03-27,601318,14:12:58,56.8900,314,1
2026-03-27,601318,14:13:01,56.8900,78,1
2026-03-27,601318,14:13:04,56.8800,146,2
2026-03-27,601318,14:13:07,56.9000,339,1
2026-03-27,601318,14:13:10,56.9100,101,1
2026-03-27,601318,14:13:13,56.9000,211,2
2026-03-27,601318,14:13:16,56.9100,127,1
2026-03-27,601318,14:13:19,56.9000,220,2
2026-03-27,601318,14:13:22,56.9100,480,1
2026-03-27,601318,14:13:25,56.9200,178,1
2026-03-27,601318,14:13:28,56.9100,97,2
2026-03-27,601318,14:13:31,56.9100,218,1
2026-03-27,601318,14:13:34,56.9100,418,2
2026-03-27,601318,14:13:37,56.9100,28,2
2026-03-27,601318,14:13:40,56.9100,114,1
2026-03-27,601318,14:13:43,56.9200,344,1
2026-03-27,601318,14:13:46,56.9100,52,2
2026-03-27,601318,14:13:49,56.9100,46,1
2026-03-27,601318,14:13:52,56.9200,85,1
2026-03-27,601318,14:13:55,56.9000,329,2
2026-03-27,601318,14:13:58,56.9200,84,1
2026-03-27,601318,14:14:01,56.9000,146,2
2026-03-27,601318,14:14:04,56.9000,75,2
2026-03-27,601318,14:14:07,56.9100,55,1
2026-03-27,601318,14:14:10,56.9000,116,2
2026-03-27,601318,14:14:13,56.9000,96,1
2026-03-27,601318,14:14:16,56.9000,89,2
2026-03-27,601318,14:14:19,56.8900,279,2
2026-03-27,601318,14:14:22,56.8900,224,2
2026-03-27,601318,14:14:25,56.8900,229,2
2026-03-27,601318,14:14:28,56.9000,189,1
2026-03-27,601318,14:14:31,56.9000,109,1
2026-03-27,601318,14:14:34,56.9000,104,1
2026-03-27,601318,14:14:37,56.9000,264,1
2026-03-27,601318,14:14:40,56.9100,89,1
2026-03-27,601318,14:14:43,56.9000,55,2
2026-03-27,601318,14:14:46,56.9000,65,1
2026-03-27,601318,14:14:49,56.9100,127,1
2026-03-27,601318,14:14:52,56.9100,152,1
2026-03-27,601318,14:14:55,56.8900,95,2
2026-03-27,601318,14:14:58,56.9100,38,1
2026-03-27,601318,14:15:01,56.8900,327,2
2026-03-27,601318,14:15:04,56.8900,116,1
2026-03-27,601318,14:15:07,56.8800,168,2
2026-03-27,601318,14:15:10,56.8900,39,1
2026-03-27,601318,14:15:13,56.8800,167,2
2026-03-27,601318,14:15:16,56.8800,173,2
2026-03-27,601318,14:15:19,56.8900,368,1
2026-03-27,601318,14:15:22,56.8900,189,1
2026-03-27,601318,14:15:25,56.8900,223,1
2026-03-27,601318,14:15:28,56.8900,48,2
2026-03-27,601318,14:15:31,56.8800,218,2
2026-03-27,601318,14:15:34,56.8900,41,4
2026-03-27,601318,14:15:37,56.8800,91,2
2026-03-27,601318,14:15:40,56.9000,90,1
2026-03-27,601318,14:15:43,56.9000,108,1
2026-03-27,601318,14:15:46,56.9000,53,2
2026-03-27,601318,14:15:49,56.9100,24,1
2026-03-27,601318,14:15:52,56.9300,890,1
2026-03-27,601318,14:15:55,56.9300,274,1
2026-03-27,601318,14:15:58,56.9200,24,2
2026-03-27,601318,14:16:01,56.9200,50,1
2026-03-27,601318,14:16:04,56.9300,597,1
2026-03-27,601318,14:16:07,56.9300,175,1
2026-03-27,601318,14:16:10,56.9300,81,2
2026-03-27,601318,14:16:13,56.9300,30,2
2026-03-27,601318,14:16:16,56.9300,29,2
2026-03-27,601318,14:16:19,56.9300,54,1
2026-03-27,601318,14:16:22,56.9400,52,1
2026-03-27,601318,14:16:25,56.9400,75,1
2026-03-27,601318,14:16:28,56.9400,52,1
2026-03-27,601318,14:16:31,56.9400,172,1
2026-03-27,601318,14:16:34,56.9400,84,1
2026-03-27,601318,14:16:37,56.9400,38,1
2026-03-27,601318,14:16:40,56.9400,63,1
2026-03-27,601318,14:16:43,56.9400,316,1
2026-03-27,601318,14:16:46,56.9500,74,1
2026-03-27,601318,14:16:49,56.9500,100,1
2026-03-27,601318,14:16:52,56.9500,80,1
2026-03-27,601318,14:16:55,56.9500,74,1
2026-03-27,601318,14:16:58,56.9500,12,1
2026-03-27,601318,14:17:01,56.9500,39,1
2026-03-27,601318,14:17:04,56.9500,93,1
2026-03-27,601318,14:17:07,56.9500,43,1
2026-03-27,601318,14:17:10,56.9500,784,1
2026-03-27,601318,14:17:13,56.9700,110,1
2026-03-27,601318,14:17:16,56.9600,135,2
2026-03-27,601318,14:17:19,56.9600,23,1
2026-03-27,601318,14:17:22,57.0000,416,1
2026-03-27,601318,14:17:25,57.0000,118,1
2026-03-27,601318,14:17:28,57.0000,684,1
2026-03-27,601318,14:17:31,57.0000,129,1
2026-03-27,601318,14:17:34,57.0000,109,1
2026-03-27,601318,14:17:37,57.0000,81,1
2026-03-27,601318,14:17:40,57.0000,42,1
2026-03-27,601318,14:17:43,57.0000,91,1
2026-03-27,601318,14:17:46,56.9700,530,2
2026-03-27,601318,14:17:49,56.9600,95,2
2026-03-27,601318,14:17:52,56.9600,56,1
2026-03-27,601318,14:17:55,56.9600,74,1
2026-03-27,601318,14:17:58,56.9500,277,2
2026-03-27,601318,14:18:01,56.9600,193,1
2026-03-27,601318,14:18:04,56.9400,484,2
2026-03-27,601318,14:18:07,56.9400,487,1
2026-03-27,601318,14:18:10,56.9500,63,1
2026-03-27,601318,14:18:13,56.9600,152,1
2026-03-27,601318,14:18:16,56.9600,114,1
2026-03-27,601318,14:18:19,56.9600,19,4
2026-03-27,601318,14:18:22,56.9700,48,1
2026-03-27,601318,14:18:25,57.0000,502,1
2026-03-27,601318,14:18:28,57.0000,8,1
2026-03-27,601318,14:18:31,56.9900,201,2
2026-03-27,601318,14:18:34,56.9900,57,1
2026-03-27,601318,14:18:37,56.9900,47,1
2026-03-27,601318,14:18:40,56.9800,275,2
2026-03-27,601318,14:18:43,57.0000,95,1
2026-03-27,601318,14:18:46,57.0000,336,2
2026-03-27,601318,14:18:49,57.0000,8,1
2026-03-27,601318,14:18:52,57.0000,72,1
2026-03-27,601318,14:18:55,57.0000,16,1
2026-03-27,601318,14:18:58,56.9900,51,2
2026-03-27,601318,14:19:01,57.0000,35,1
2026-03-27,601318,14:19:04,57.0000,237,1
2026-03-27,601318,14:19:07,56.9800,37,2
2026-03-27,601318,14:19:10,56.9800,62,2
2026-03-27,601318,14:19:13,56.9700,109,2
2026-03-27,601318,14:19:16,56.9700,38,1
2026-03-27,601318,14:19:19,56.9700,34,1
2026-03-27,601318,14:19:22,56.9600,27,2
2026-03-27,601318,14:19:25,56.9700,42,1
2026-03-27,601318,14:19:28,56.9700,28,1
2026-03-27,601318,14:19:31,56.9600,112,2
2026-03-27,601318,14:19:34,56.9700,54,1
2026-03-27,601318,14:19:37,56.9700,41,1
2026-03-27,601318,14:19:40,56.9600,30,2
2026-03-27,601318,14:19:43,56.9600,260,2
2026-03-27,601318,14:19:46,56.9600,174,1
2026-03-27,601318,14:19:49,56.9600,186,2
2026-03-27,601318,14:19:52,56.9700,77,1
2026-03-27,601318,14:19:55,56.9700,72,1
2026-03-27,601318,14:19:58,56.9700,73,1
2026-03-27,601318,14:20:01,56.9700,497,1
2026-03-27,601318,14:20:04,56.9500,173,2
2026-03-27,601318,14:20:07,56.9600,39,1
2026-03-27,601318,14:20:10,56.9600,57,1
2026-03-27,601318,14:20:13,56.9600,80,1
2026-03-27,601318,14:20:16,56.9600,8,1
2026-03-27,601318,14:20:19,56.9600,161,1
2026-03-27,601318,14:20:22,56.9600,150,2
2026-03-27,601318,14:20:25,56.9500,48,2
2026-03-27,601318,14:20:28,56.9600,329,1
2026-03-27,601318,14:20:31,56.9600,72,1
2026-03-27,601318,14:20:34,56.9600,108,1
2026-03-27,601318,14:20:37,56.9600,27,2
2026-03-27,601318,14:20:40,56.9600,30,2
2026-03-27,601318,14:20:43,56.9700,387,1
2026-03-27,601318,14:20:46,56.9700,521,1
2026-03-27,601318,14:20:49,56.9600,44,2
2026-03-27,601318,14:20:52,56.9700,133,1
2026-03-27,601318,14:20:55,56.9700,79,2
2026-03-27,601318,14:20:58,56.9700,38,1
2026-03-27,601318,14:21:01,56.9700,40,2
2026-03-27,601318,14:21:04,56.9700,83,2
2026-03-27,601318,14:21:07,56.9800,103,1
2026-03-27,601318,14:21:10,56.9700,93,2
2026-03-27,601318,14:21:13,56.9700,318,1
2026-03-27,601318,14:21:16,56.9700,50,1
2026-03-27,601318,14:21:19,56.9800,61,1
2026-03-27,601318,14:21:22,56.9700,127,2
2026-03-27,601318,14:21:25,56.9700,57,1
2026-03-27,601318,14:21:28,56.9700,50,1
2026-03-27,601318,14:21:31,56.9800,896,1
2026-03-27,601318,14:21:34,56.9800,336,1
2026-03-27,601318,14:21:37,56.9800,70,2
2026-03-27,601318,14:21:40,57.0000,14,1
2026-03-27,601318,14:21:43,56.9900,109,2
2026-03-27,601318,14:21:46,56.9900,14,4
2026-03-27,601318,14:21:49,56.9900,18,1
2026-03-27,601318,14:21:52,56.9900,80,1
2026-03-27,601318,14:21:55,56.9900,661,2
2026-03-27,601318,14:21:58,57.0000,15,1
2026-03-27,601318,14:22:01,56.9900,60,2
2026-03-27,601318,14:22:04,56.9900,66,2
2026-03-27,601318,14:22:07,56.9900,396,2
2026-03-27,601318,14:22:10,57.0100,56,1
2026-03-27,601318,14:22:13,57.0100,55,1
2026-03-27,601318,14:22:16,56.9900,350,2
2026-03-27,601318,14:22:19,57.0200,166,1
2026-03-27,601318,14:22:22,57.0100,85,2
2026-03-27,601318,14:22:25,57.0000,128,2
2026-03-27,601318,14:22:28,57.0000,17,1
2026-03-27,601318,14:22:31,56.9900,142,2
2026-03-27,601318,14:22:34,57.0000,43,1
2026-03-27,601318,14:22:37,57.0000,8,1
2026-03-27,601318,14:22:40,57.0000,102,1
2026-03-27,601318,14:22:43,57.0000,38,1
2026-03-27,601318,14:22:46,57.0000,36,1
2026-03-27,601318,14:22:49,57.0000,75,1
2026-03-27,601318,14:22:52,57.0000,73,1
2026-03-27,601318,14:22:55,57.0100,100,4
2026-03-27,601318,14:22:58,57.0200,53,1
2026-03-27,601318,14:23:01,57.0100,38,2
2026-03-27,601318,14:23:04,57.0200,111,1
2026-03-27,601318,14:23:07,57.0200,12,1
2026-03-27,601318,14:23:10,57.0100,82,2
2026-03-27,601318,14:23:13,57.0200,100,1
2026-03-27,601318,14:23:16,57.0100,33,2
2026-03-27,601318,14:23:19,57.0100,220,2
2026-03-27,601318,14:23:22,57.0200,189,1
2026-03-27,601318,14:23:25,57.0200,31,1
2026-03-27,601318,14:23:28,57.0100,50,1
2026-03-27,601318,14:23:31,57.0100,93,1
2026-03-27,601318,14:23:34,57.0100,96,1
2026-03-27,601318,14:23:37,56.9900,713,2
2026-03-27,601318,14:23:40,56.9900,250,2
2026-03-27,601318,14:23:43,57.0000,235,1
2026-03-27,601318,14:23:46,56.9900,136,2
2026-03-27,601318,14:23:49,56.9900,56,2
2026-03-27,601318,14:23:52,56.9800,51,2
2026-03-27,601318,14:23:55,56.9900,137,1
2026-03-27,601318,14:23:58,56.9800,39,2
2026-03-27,601318,14:24:01,56.9900,46,1
2026-03-27,601318,14:24:04,56.9800,214,2
2026-03-27,601318,14:24:07,56.9800,98,2
2026-03-27,601318,14:24:10,56.9900,282,1
2026-03-27,601318,14:24:13,56.9700,117,2
2026-03-27,601318,14:24:16,56.9600,321,2
2026-03-27,601318,14:24:19,56.9700,37,4
2026-03-27,601318,14:24:22,56.9600,100,2
2026-03-27,601318,14:24:25,56.9700,172,1
2026-03-27,601318,14:24:28,56.9700,53,1
2026-03-27,601318,14:24:31,56.9800,67,1
2026-03-27,601318,14:24:34,56.9800,51,1
2026-03-27,601318,14:24:37,56.9800,296,1
2026-03-27,601318,14:24:40,56.9800,47,2
2026-03-27,601318,14:24:43,56.9800,139,2
2026-03-27,601318,14:24:46,56.9900,49,1
2026-03-27,601318,14:24:49,56.9800,83,2
2026-03-27,601318,14:24:52,56.9900,43,1
2026-03-27,601318,14:24:55,56.9800,84,2
2026-03-27,601318,14:24:58,56.9900,81,1
2026-03-27,601318,14:25:01,56.9800,226,2
2026-03-27,601318,14:25:04,56.9900,125,1
2026-03-27,601318,14:25:07,56.9900,73,1
2026-03-27,601318,14:25:10,56.9900,36,1
2026-03-27,601318,14:25:13,56.9900,80,1
2026-03-27,601318,14:25:16,56.9900,24,1
2026-03-27,601318,14:25:19,56.9800,33,2
2026-03-27,601318,14:25:22,56.9800,53,2
2026-03-27,601318,14:25:25,56.9900,23,1
2026-03-27,601318,14:25:28,56.9900,16,1
2026-03-27,601318,14:25:31,56.9900,115,1
2026-03-27,601318,14:25:34,56.9900,60,1
2026-03-27,601318,14:25:37,56.9900,43,1
2026-03-27,601318,14:25:40,56.9900,31,1
2026-03-27,601318,14:25:43,56.9900,79,1
2026-03-27,601318,14:25:46,56.9800,236,2
2026-03-27,601318,14:25:49,56.9800,61,2
2026-03-27,601318,14:25:52,56.9700,125,2
2026-03-27,601318,14:25:55,56.9800,127,1
2026-03-27,601318,14:25:58,56.9600,217,2
2026-03-27,601318,14:26:01,56.9800,22,1
2026-03-27,601318,14:26:04,56.9600,561,2
2026-03-27,601318,14:26:07,56.9600,172,2
2026-03-27,601318,14:26:10,56.9700,104,1
2026-03-27,601318,14:26:13,56.9600,84,2
2026-03-27,601318,14:26:16,56.9500,104,2
2026-03-27,601318,14:26:19,56.9500,140,2
2026-03-27,601318,14:26:22,56.9500,113,2
2026-03-27,601318,14:26:25,56.9400,242,2
2026-03-27,601318,14:26:28,56.9500,56,1
2026-03-27,601318,14:26:31,56.9500,40,1
2026-03-27,601318,14:26:34,56.9400,149,2
2026-03-27,601318,14:26:37,56.9400,51,2
2026-03-27,601318,14:26:40,56.9400,344,2
2026-03-27,601318,14:26:43,56.9300,77,2
2026-03-27,601318,14:26:46,56.9300,68,2
2026-03-27,601318,14:26:49,56.9400,82,1
2026-03-27,601318,14:26:52,56.9300,130,2
2026-03-27,601318,14:26:55,56.9400,37,1
2026-03-27,601318,14:26:58,56.9400,23,1
2026-03-27,601318,14:27:01,56.9400,61,1
2026-03-27,601318,14:27:04,56.9300,83,2
2026-03-27,601318,14:27:07,56.9300,449,2
2026-03-27,601318,14:27:10,56.9200,100,2
2026-03-27,601318,14:27:13,56.9300,119,1
2026-03-27,601318,14:27:16,56.9100,194,2
2026-03-27,601318,14:27:19,56.9200,248,1
2026-03-27,601318,14:27:22,56.9200,120,1
2026-03-27,601318,14:27:25,56.9200,64,1
2026-03-27,601318,14:27:28,56.9200,251,1
2026-03-27,601318,14:27:31,56.9200,77,1
2026-03-27,601318,14:27:34,56.9300,121,1
2026-03-27,601318,14:27:37,56.9300,381,1
2026-03-27,601318,14:27:40,56.9300,71,1
2026-03-27,601318,14:27:43,56.9300,31,1
2026-03-27,601318,14:27:46,56.9300,19,1
2026-03-27,601318,14:27:49,56.9300,18,1
2026-03-27,601318,14:27:52,56.9300,83,1
2026-03-27,601318,14:27:55,56.9200,55,2
2026-03-27,601318,14:27:58,56.9300,53,1
2026-03-27,601318,14:28:01,56.9300,125,1
2026-03-27,601318,14:28:04,56.9200,70,2
2026-03-27,601318,14:28:07,56.9300,79,1
2026-03-27,601318,14:28:10,56.9300,635,1
2026-03-27,601318,14:28:13,56.9300,59,1
2026-03-27,601318,14:28:16,56.9300,69,1
2026-03-27,601318,14:28:19,56.9100,17,2
2026-03-27,601318,14:28:22,56.9200,48,1
2026-03-27,601318,14:28:25,56.9100,221,2
2026-03-27,601318,14:28:28,56.9100,211,2
2026-03-27,601318,14:28:31,56.9200,127,1
2026-03-27,601318,14:28:34,56.9100,128,2
2026-03-27,601318,14:28:37,56.9100,185,2
2026-03-27,601318,14:28:40,56.9200,146,1
2026-03-27,601318,14:28:43,56.9200,106,1
2026-03-27,601318,14:28:46,56.9200,156,2
2026-03-27,601318,14:28:49,56.9100,161,2
2026-03-27,601318,14:28:52,56.9100,32,2
2026-03-27,601318,14:28:55,56.9100,144,2
2026-03-27,601318,14:28:58,56.9100,91,2
2026-03-27,601318,14:29:01,56.9200,195,1
2026-03-27,601318,14:29:04,56.9100,80,2
2026-03-27,601318,14:29:07,56.9200,18,1
2026-03-27,601318,14:29:10,56.9100,465,2
2026-03-27,601318,14:29:13,56.9200,273,1
2026-03-27,601318,14:29:16,56.9100,74,2
2026-03-27,601318,14:29:19,56.9200,25,1
2026-03-27,601318,14:29:22,56.9100,90,2
2026-03-27,601318,14:29:25,56.9100,126,2
2026-03-27,601318,14:29:28,56.9200,76,1
2026-03-27,601318,14:29:31,56.9100,100,2
2026-03-27,601318,14:29:34,56.9100,128,2
2026-03-27,601318,14:29:37,56.9100,62,1
2026-03-27,601318,14:29:40,56.9100,138,1
2026-03-27,601318,14:29:43,56.9100,56,1
2026-03-27,601318,14:29:46,56.9100,153,1
2026-03-27,601318,14:29:49,56.9100,213,1
2026-03-27,601318,14:29:52,56.9100,72,1
2026-03-27,601318,14:29:55,56.9200,133,1
2026-03-27,601318,14:29:58,56.9100,209,2
2026-03-27,601318,14:30:01,56.9200,84,1
2026-03-27,601318,14:30:04,56.9100,45,2
2026-03-27,601318,14:30:07,56.9100,194,2
2026-03-27,601318,14:30:10,56.9100,329,1
2026-03-27,601318,14:30:13,56.9100,130,1
2026-03-27,601318,14:30:16,56.9100,156,1
2026-03-27,601318,14:30:19,56.9100,43,2
2026-03-27,601318,14:30:22,56.9000,110,2
2026-03-27,601318,14:30:25,56.9000,79,2
2026-03-27,601318,14:30:28,56.9200,74,1
2026-03-27,601318,14:30:31,56.9200,169,1
2026-03-27,601318,14:30:34,56.9200,251,1
2026-03-27,601318,14:30:37,56.9200,479,1
2026-03-27,601318,14:30:40,56.9200,283,1
2026-03-27,601318,14:30:43,56.9200,144,1
2026-03-27,601318,14:30:46,56.9200,190,1
2026-03-27,601318,14:30:49,56.9300,65,1
2026-03-27,601318,14:30:52,56.9300,401,1
2026-03-27,601318,14:30:55,56.9300,409,2
2026-03-27,601318,14:30:58,56.9400,41,1
2026-03-27,601318,14:31:01,56.9400,336,1
2026-03-27,601318,14:31:04,57.0000,1104,1
2026-03-27,601318,14:31:07,57.0000,104,1
2026-03-27,601318,14:31:10,57.0000,36,1
2026-03-27,601318,14:31:13,56.9900,156,2
2026-03-27,601318,14:31:16,57.0000,89,1
2026-03-27,601318,14:31:19,57.0000,186,1
2026-03-27,601318,14:31:22,57.0000,105,1
2026-03-27,601318,14:31:25,57.0000,175,1
2026-03-27,601318,14:31:28,57.0000,23,2
2026-03-27,601318,14:31:31,57.0000,51,2
2026-03-27,601318,14:31:34,57.0000,142,2
2026-03-27,601318,14:31:37,56.9900,193,2
2026-03-27,601318,14:31:40,57.0000,68,1
2026-03-27,601318,14:31:43,57.0100,84,1
2026-03-27,601318,14:31:46,57.0100,66,1
2026-03-27,601318,14:31:49,57.0000,245,2
2026-03-27,601318,14:31:52,57.0100,329,1
2026-03-27,601318,14:31:55,57.0100,25,1
2026-03-27,601318,14:31:58,57.0100,152,1
2026-03-27,601318,14:32:01,57.0000,51,2
2026-03-27,601318,14:32:04,57.0000,131,2
2026-03-27,601318,14:32:07,57.0000,55,2
2026-03-27,601318,14:32:10,56.9900,364,2
2026-03-27,601318,14:32:13,56.9800,54,2
2026-03-27,601318,14:32:16,56.9900,71,1
2026-03-27,601318,14:32:19,56.9700,85,2
2026-03-27,601318,14:32:22,56.9800,41,1
2026-03-27,601318,14:32:25,56.9800,53,1
2026-03-27,601318,14:32:28,56.9800,273,1
2026-03-27,601318,14:32:31,56.9700,101,2
2026-03-27,601318,14:32:34,56.9800,70,1
2026-03-27,601318,14:32:37,56.9700,169,2
2026-03-27,601318,14:32:40,56.9600,240,2
2026-03-27,601318,14:32:43,56.9700,72,4
2026-03-27,601318,14:32:46,56.9700,113,1
2026-03-27,601318,14:32:49,56.9600,171,2
2026-03-27,601318,14:32:52,56.9600,122,1
2026-03-27,601318,14:32:55,56.9600,39,2
2026-03-27,601318,14:32:58,56.9600,50,1
2026-03-27,601318,14:33:01,56.9600,49,1
2026-03-27,601318,14:33:04,56.9600,583,1
2026-03-27,601318,14:33:07,56.9800,210,1
2026-03-27,601318,14:33:10,56.9800,506,1
2026-03-27,601318,14:33:13,56.9900,77,1
2026-03-27,601318,14:33:16,56.9900,52,1
2026-03-27,601318,14:33:19,56.9900,37,1
2026-03-27,601318,14:33:22,57.0000,208,1
2026-03-27,601318,14:33:25,57.0000,130,2
2026-03-27,601318,14:33:28,57.0000,43,2
2026-03-27,601318,14:33:31,57.0100,885,1
2026-03-27,601318,14:33:34,57.0500,128,1
2026-03-27,601318,14:33:37,57.0500,120,1
2026-03-27,601318,14:33:40,57.0400,33,4
2026-03-27,601318,14:33:43,57.0400,95,1
2026-03-27,601318,14:33:46,57.0400,96,2
2026-03-27,601318,14:33:49,57.0600,347,1
2026-03-27,601318,14:33:52,57.0600,44,1
2026-03-27,601318,14:33:55,57.0600,102,1
2026-03-27,601318,14:33:58,57.0700,45,1
2026-03-27,601318,14:34:01,57.0700,61,1
2026-03-27,601318,14:34:04,57.0600,113,2
2026-03-27,601318,14:34:07,57.0600,93,2
2026-03-27,601318,14:34:10,57.0500,245,2
2026-03-27,601318,14:34:13,57.0500,233,2
2026-03-27,601318,14:34:16,57.0500,21,2
2026-03-27,601318,14:34:19,57.0400,457,2
2026-03-27,601318,14:34:22,57.0300,96,2
2026-03-27,601318,14:34:25,57.0200,180,2
2026-03-27,601318,14:34:28,57.0100,146,2
2026-03-27,601318,14:34:31,57.0000,136,2
2026-03-27,601318,14:34:34,57.0000,271,2
2026-03-27,601318,14:34:37,56.9900,49,2
2026-03-27,601318,14:34:40,56.9900,81,2
2026-03-27,601318,14:34:43,57.0000,57,1
2026-03-27,601318,14:34:46,56.9900,104,2
2026-03-27,601318,14:34:49,56.9900,91,2
2026-03-27,601318,14:34:52,56.9900,30,2
2026-03-27,601318,14:34:55,57.0000,406,1
2026-03-27,601318,14:34:58,57.0000,82,2
2026-03-27,601318,14:35:01,57.0100,334,1
2026-03-27,601318,14:35:04,57.0000,66,1
2026-03-27,601318,14:35:07,57.0000,97,1
2026-03-27,601318,14:35:10,57.0000,92,1
2026-03-27,601318,14:35:13,57.0100,39,1
2026-03-27,601318,14:35:16,57.0000,76,2
2026-03-27,601318,14:35:19,57.0100,147,1
2026-03-27,601318,14:35:22,57.0000,153,2
2026-03-27,601318,14:35:25,57.0000,190,2
2026-03-27,601318,14:35:28,57.0100,76,1
2026-03-27,601318,14:35:31,57.0000,123,2
2026-03-27,601318,14:35:34,57.0000,113,2
2026-03-27,601318,14:35:37,57.0000,202,1
2026-03-27,601318,14:35:40,57.0000,93,1
2026-03-27,601318,14:35:43,56.9900,215,2
2026-03-27,601318,14:35:46,56.9800,109,2
2026-03-27,601318,14:35:49,56.9900,99,1
2026-03-27,601318,14:35:52,56.9900,134,1
2026-03-27,601318,14:35:55,56.9900,118,1
2026-03-27,601318,14:35:58,56.9900,27,2
2026-03-27,601318,14:36:01,56.9900,1859,1
2026-03-27,601318,14:36:04,56.9400,538,2
2026-03-27,601318,14:36:07,56.9900,43,1
2026-03-27,601318,14:36:10,56.9900,107,1
2026-03-27,601318,14:36:13,56.9900,54,1
2026-03-27,601318,14:36:16,56.9800,105,2
2026-03-27,601318,14:36:19,56.9500,89,2
2026-03-27,601318,14:36:22,56.9800,53,1
2026-03-27,601318,14:36:25,56.9800,349,2
2026-03-27,601318,14:36:28,56.9700,18,4
2026-03-27,601318,14:36:31,56.9800,352,1
2026-03-27,601318,14:36:34,56.9700,211,2
2026-03-27,601318,14:36:37,56.9600,125,2
2026-03-27,601318,14:36:40,56.9700,406,1
2026-03-27,601318,14:36:43,56.9700,194,1
2026-03-27,601318,14:36:46,56.9600,155,4
2026-03-27,601318,14:36:49,56.9600,198,1
2026-03-27,601318,14:36:52,56.9700,99,1
2026-03-27,601318,14:36:55,56.9700,123,1
2026-03-27,601318,14:36:58,56.9700,83,1
2026-03-27,601318,14:37:01,56.9800,101,1
2026-03-27,601318,14:37:04,56.9700,183,2
2026-03-27,601318,14:37:07,56.9800,45,1
2026-03-27,601318,14:37:10,56.9700,77,2
2026-03-27,601318,14:37:13,56.9800,106,1
2026-03-27,601318,14:37:16,56.9800,24,1
2026-03-27,601318,14:37:19,56.9700,18,2
2026-03-27,601318,14:37:22,56.9800,95,1
2026-03-27,601318,14:37:25,56.9700,134,2
2026-03-27,601318,14:37:28,56.9700,119,2
2026-03-27,601318,14:37:31,56.9800,56,1
2026-03-27,601318,14:37:34,56.9700,124,2
2026-03-27,601318,14:37:37,56.9700,121,2
2026-03-27,601318,14:37:40,56.9800,130,1
2026-03-27,601318,14:37:43,56.9800,30,1
2026-03-27,601318,14:37:46,56.9800,65,1
2026-03-27,601318,14:37:49,56.9800,14,1
2026-03-27,601318,14:37:52,56.9700,41,2
2026-03-27,601318,14:37:55,56.9700,74,2
2026-03-27,601318,14:37:58,56.9800,22,1
2026-03-27,601318,14:38:01,56.9800,89,1
2026-03-27,601318,14:38:04,56.9800,137,1
2026-03-27,601318,14:38:07,56.9700,77,2
2026-03-27,601318,14:38:10,56.9700,76,2
2026-03-27,601318,14:38:13,56.9700,59,2
2026-03-27,601318,14:38:16,56.9800,220,1
2026-03-27,601318,14:38:19,56.9800,49,1
2026-03-27,601318,14:38:22,56.9700,203,2
2026-03-27,601318,14:38:25,56.9800,121,1
2026-03-27,601318,14:38:28,56.9800,437,1
2026-03-27,601318,14:38:31,56.9700,115,2
2026-03-27,601318,14:38:34,56.9700,62,2
2026-03-27,601318,14:38:37,56.9800,118,1
2026-03-27,601318,14:38:40,56.9700,13,2
2026-03-27,601318,14:38:43,56.9800,121,1
2026-03-27,601318,14:38:46,56.9800,26,1
2026-03-27,601318,14:38:49,56.9800,30,1
2026-03-27,601318,14:38:52,56.9700,27,2
2026-03-27,601318,14:38:55,56.9700,65,2
2026-03-27,601318,14:38:58,56.9800,67,1
2026-03-27,601318,14:39:01,56.9700,88,2
2026-03-27,601318,14:39:04,56.9800,139,1
2026-03-27,601318,14:39:07,56.9600,946,2
2026-03-27,601318,14:39:10,56.9500,489,2
2026-03-27,601318,14:39:13,56.9500,249,2
2026-03-27,601318,14:39:16,56.9500,162,2
2026-03-27,601318,14:39:19,56.9600,238,1
2026-03-27,601318,14:39:22,56.9600,235,1
2026-03-27,601318,14:39:25,56.9500,279,2
2026-03-27,601318,14:39:28,56.9500,439,2
2026-03-27,601318,14:39:31,56.9600,48,2
2026-03-27,601318,14:39:34,56.9500,71,2
2026-03-27,601318,14:39:37,56.9600,183,1
2026-03-27,601318,14:39:40,56.9600,145,1
2026-03-27,601318,14:39:43,56.9600,156,2
2026-03-27,601318,14:39:46,56.9600,49,2
2026-03-27,601318,14:39:49,56.9700,56,1
2026-03-27,601318,14:39:52,56.9700,124,2
2026-03-27,601318,14:39:55,56.9600,135,2
2026-03-27,601318,14:39:58,56.9600,262,2
2026-03-27,601318,14:40:01,56.9600,210,2
2026-03-27,601318,14:40:04,56.9600,545,1
2026-03-27,601318,14:40:07,56.9500,169,2
2026-03-27,601318,14:40:10,56.9500,124,2
2026-03-27,601318,14:40:13,56.9700,106,1
2026-03-27,601318,14:40:16,56.9600,39,4
2026-03-27,601318,14:40:19,56.9600,107,1
2026-03-27,601318,14:40:22,56.9600,58,1
2026-03-27,601318,14:40:25,56.9600,144,1
2026-03-27,601318,14:40:28,56.9700,55,1
2026-03-27,601318,14:40:31,56.9700,255,1
2026-03-27,601318,14:40:34,56.9700,359,1
2026-03-27,601318,14:40:37,56.9800,87,1
2026-03-27,601318,14:40:40,56.9800,7,1
2026-03-27,601318,14:40:43,56.9800,69,1
2026-03-27,601318,14:40:46,56.9700,72,2
2026-03-27,601318,14:40:49,56.9700,44,2
2026-03-27,601318,14:40:52,56.9800,66,1
2026-03-27,601318,14:40:55,56.9700,97,2
2026-03-27,601318,14:40:58,56.9700,20,2
2026-03-27,601318,14:41:01,56.9700,76,2
2026-03-27,601318,14:41:04,56.9900,1952,1
2026-03-27,601318,14:41:07,57.0100,196,1
2026-03-27,601318,14:41:10,57.0400,308,1
2026-03-27,601318,14:41:13,57.0400,188,2
2026-03-27,601318,14:41:16,57.0400,102,2
2026-03-27,601318,14:41:19,57.0400,152,2
2026-03-27,601318,14:41:22,57.0500,176,1
2026-03-27,601318,14:41:25,57.0500,429,2
2026-03-27,601318,14:41:28,57.0400,92,2
2026-03-27,601318,14:41:31,57.0500,23,1
2026-03-27,601318,14:41:34,57.0500,209,1
2026-03-27,601318,14:41:37,57.0500,119,2
2026-03-27,601318,14:41:40,57.0500,63,2
2026-03-27,601318,14:41:43,57.0500,135,2
2026-03-27,601318,14:41:46,57.0500,218,2
2026-03-27,601318,14:41:49,57.0500,11,2
2026-03-27,601318,14:41:52,57.0500,137,1
2026-03-27,601318,14:41:55,57.0400,324,2
2026-03-27,601318,14:41:58,57.0200,301,2
2026-03-27,601318,14:42:01,57.0100,227,2
2026-03-27,601318,14:42:04,56.9900,246,2
2026-03-27,601318,14:42:07,56.9900,100,2
2026-03-27,601318,14:42:10,56.9900,38,2
2026-03-27,601318,14:42:13,57.0000,80,1
2026-03-27,601318,14:42:16,56.9900,105,2
2026-03-27,601318,14:42:19,57.0000,60,1
2026-03-27,601318,14:42:22,56.9900,93,2
2026-03-27,601318,14:42:25,56.9900,170,1
2026-03-27,601318,14:42:28,56.9900,51,1
2026-03-27,601318,14:42:31,56.9900,147,1
2026-03-27,601318,14:42:34,56.9900,34,1
2026-03-27,601318,14:42:37,56.9900,80,1
2026-03-27,601318,14:42:40,56.9900,77,1
2026-03-27,601318,14:42:43,56.9800,166,2
2026-03-27,601318,14:42:46,56.9900,65,1
2026-03-27,601318,14:42:49,56.9900,48,1
2026-03-27,601318,14:42:52,56.9900,71,1
2026-03-27,601318,14:42:55,56.9900,189,1
2026-03-27,601318,14:42:58,57.0000,21,1
2026-03-27,601318,14:43:01,57.0000,91,1
2026-03-27,601318,14:43:04,57.0000,160,1
2026-03-27,601318,14:43:07,56.9900,441,2
2026-03-27,601318,14:43:10,56.9900,150,1
2026-03-27,601318,14:43:13,57.0000,68,1
2026-03-27,601318,14:43:16,57.0000,56,1
2026-03-27,601318,14:43:19,57.0000,139,1
2026-03-27,601318,14:43:22,57.0000,66,1
2026-03-27,601318,14:43:25,57.0000,446,1
2026-03-27,601318,14:43:28,56.9900,126,2
2026-03-27,601318,14:43:31,56.9900,90,1
2026-03-27,601318,14:43:34,56.9800,232,2
2026-03-27,601318,14:43:37,56.9800,79,2
2026-03-27,601318,14:43:40,56.9900,133,1
2026-03-27,601318,14:43:43,56.9700,1096,2
2026-03-27,601318,14:43:46,56.9700,152,2
2026-03-27,601318,14:43:49,56.9700,148,2
2026-03-27,601318,14:43:52,56.9700,179,2
2026-03-27,601318,14:43:55,56.9500,401,2
2026-03-27,601318,14:43:58,56.9600,199,4
2026-03-27,601318,14:44:01,56.9500,218,2
2026-03-27,601318,14:44:04,56.9500,311,2
2026-03-27,601318,14:44:07,56.9500,415,1
2026-03-27,601318,14:44:10,56.9300,146,2
2026-03-27,601318,14:44:13,56.9400,147,1
2026-03-27,601318,14:44:16,56.9400,165,2
2026-03-27,601318,14:44:19,56.9400,163,2
2026-03-27,601318,14:44:22,56.9400,96,2
2026-03-27,601318,14:44:25,56.9500,218,1
2026-03-27,601318,14:44:28,56.9500,498,1
2026-03-27,601318,14:44:31,56.9600,101,1
2026-03-27,601318,14:44:34,56.9600,292,1
2026-03-27,601318,14:44:37,56.9500,188,2
2026-03-27,601318,14:44:40,56.9600,507,1
2026-03-27,601318,14:44:43,56.9500,346,4
2026-03-27,601318,14:44:46,56.9500,167,1
2026-03-27,601318,14:44:49,56.9500,75,2
2026-03-27,601318,14:44:52,56.9500,36,2
2026-03-27,601318,14:44:55,56.9500,87,2
2026-03-27,601318,14:44:58,56.9600,222,1
2026-03-27,601318,14:45:01,56.9700,144,1
2026-03-27,601318,14:45:04,56.9700,355,1
2026-03-27,601318,14:45:07,56.9700,81,1
2026-03-27,601318,14:45:10,56.9600,201,2
2026-03-27,601318,14:45:13,56.9600,217,2
2026-03-27,601318,14:45:16,56.9700,54,1
2026-03-27,601318,14:45:19,56.9700,133,1
2026-03-27,601318,14:45:22,56.9700,148,1
2026-03-27,601318,14:45:25,56.9800,348,1
2026-03-27,601318,14:45:28,56.9900,316,1
2026-03-27,601318,14:45:31,56.9900,144,1
2026-03-27,601318,14:45:34,56.9900,322,1
2026-03-27,601318,14:45:37,56.9800,302,2
2026-03-27,601318,14:45:40,56.9800,218,2
2026-03-27,601318,14:45:43,56.9700,242,2
2026-03-27,601318,14:45:46,56.9600,169,2
2026-03-27,601318,14:45:49,56.9700,59,1
2026-03-27,601318,14:45:52,56.9700,77,1
2026-03-27,601318,14:45:55,56.9600,120,2
2026-03-27,601318,14:45:58,56.9600,193,2
2026-03-27,601318,14:46:01,56.9600,108,2
2026-03-27,601318,14:46:04,56.9700,41,1
2026-03-27,601318,14:46:07,56.9600,219,2
2026-03-27,601318,14:46:10,56.9700,451,1
2026-03-27,601318,14:46:13,56.9600,301,2
2026-03-27,601318,14:46:16,56.9600,200,1
2026-03-27,601318,14:46:19,56.9500,114,2
2026-03-27,601318,14:46:22,56.9600,80,2
2026-03-27,601318,14:46:25,56.9600,207,2
2026-03-27,601318,14:46:28,56.9600,108,2
2026-03-27,601318,14:46:31,56.9700,133,1
2026-03-27,601318,14:46:34,56.9700,314,1
2026-03-27,601318,14:46:37,56.9600,91,2
2026-03-27,601318,14:46:40,56.9700,632,1
2026-03-27,601318,14:46:43,56.9700,816,1
2026-03-27,601318,14:46:46,56.9700,151,1
2026-03-27,601318,14:46:49,56.9800,178,1
2026-03-27,601318,14:46:52,56.9700,761,2
2026-03-27,601318,14:46:55,56.9700,150,4
2026-03-27,601318,14:46:58,56.9600,173,2
2026-03-27,601318,14:47:01,56.9700,209,1
2026-03-27,601318,14:47:04,56.9700,204,1
2026-03-27,601318,14:47:07,56.9600,70,2
2026-03-27,601318,14:47:10,56.9600,155,2
2026-03-27,601318,14:47:13,56.9700,415,1
2026-03-27,601318,14:47:16,56.9700,162,1
2026-03-27,601318,14:47:19,56.9800,27,1
2026-03-27,601318,14:47:22,56.9800,199,1
2026-03-27,601318,14:47:25,56.9800,28,1
2026-03-27,601318,14:47:28,56.9800,52,1
2026-03-27,601318,14:47:31,56.9800,40,1
2026-03-27,601318,14:47:34,56.9800,50,1
2026-03-27,601318,14:47:37,56.9700,154,2
2026-03-27,601318,14:47:40,56.9700,305,2
2026-03-27,601318,14:47:43,56.9700,378,2
2026-03-27,601318,14:47:46,56.9700,149,2
2026-03-27,601318,14:47:49,56.9500,1684,2
2026-03-27,601318,14:47:52,56.9400,695,2
2026-03-27,601318,14:47:55,56.9400,327,2
2026-03-27,601318,14:47:58,56.9400,162,2
2026-03-27,601318,14:48:01,56.9400,221,2
2026-03-27,601318,14:48:04,56.9500,246,1
2026-03-27,601318,14:48:07,56.9500,238,1
2026-03-27,601318,14:48:10,56.9500,52,1
2026-03-27,601318,14:48:13,56.9500,137,1
2026-03-27,601318,14:48:16,56.9400,88,2
2026-03-27,601318,14:48:19,56.9500,342,1
2026-03-27,601318,14:48:22,56.9400,108,2
2026-03-27,601318,14:48:25,56.9500,72,1
2026-03-27,601318,14:48:28,56.9500,31,1
2026-03-27,601318,14:48:31,56.9500,1095,1
2026-03-27,601318,14:48:34,56.9700,289,1
2026-03-27,601318,14:48:37,56.9600,213,2
2026-03-27,601318,14:48:40,56.9600,190,2
2026-03-27,601318,14:48:43,56.9600,73,1
2026-03-27,601318,14:48:46,56.9700,113,4
2026-03-27,601318,14:48:49,56.9700,39,2
2026-03-27,601318,14:48:52,56.9700,58,2
2026-03-27,601318,14:48:55,56.9800,34,1
2026-03-27,601318,14:48:58,56.9700,113,2
2026-03-27,601318,14:49:01,56.9800,24,1
2026-03-27,601318,14:49:04,56.9800,66,1
2026-03-27,601318,14:49:07,56.9700,43,2
2026-03-27,601318,14:49:10,56.9800,477,1
2026-03-27,601318,14:49:13,56.9700,151,2
2026-03-27,601318,14:49:16,56.9700,190,2
2026-03-27,601318,14:49:19,56.9700,113,2
2026-03-27,601318,14:49:22,56.9700,100,2
2026-03-27,601318,14:49:25,56.9800,130,1
2026-03-27,601318,14:49:28,56.9900,12,1
2026-03-27,601318,14:49:31,56.9800,270,2
2026-03-27,601318,14:49:34,56.9900,329,1
2026-03-27,601318,14:49:37,57.0000,342,1
2026-03-27,601318,14:49:40,57.0000,71,1
2026-03-27,601318,14:49:43,57.0000,495,1
2026-03-27,601318,14:49:46,57.0000,46,1
2026-03-27,601318,14:49:49,56.9900,150,2
2026-03-27,601318,14:49:52,56.9900,95,2
2026-03-27,601318,14:49:55,57.0100,39,1
2026-03-27,601318,14:49:58,57.0100,47,2
2026-03-27,601318,14:50:01,57.0100,207,2
2026-03-27,601318,14:50:04,57.0000,429,2
2026-03-27,601318,14:50:07,56.9800,276,2
2026-03-27,601318,14:50:10,56.9800,229,1
2026-03-27,601318,14:50:13,56.9700,131,2
2026-03-27,601318,14:50:16,56.9800,248,1
2026-03-27,601318,14:50:19,56.9800,108,1
2026-03-27,601318,14:50:22,56.9700,89,2
2026-03-27,601318,14:50:25,56.9700,67,2
2026-03-27,601318,14:50:28,56.9900,46,1
2026-03-27,601318,14:50:31,56.9900,22,1
2026-03-27,601318,14:50:34,56.9800,89,2
2026-03-27,601318,14:50:37,56.9800,42,2
2026-03-27,601318,14:50:40,56.9900,85,1
2026-03-27,601318,14:50:43,56.9900,34,2
2026-03-27,601318,14:50:46,56.9900,204,2
2026-03-27,601318,14:50:49,56.9900,179,2
2026-03-27,601318,14:50:52,57.0000,154,1
2026-03-27,601318,14:50:55,56.9900,70,2
2026-03-27,601318,14:50:58,56.9900,39,2
2026-03-27,601318,14:51:01,56.9900,27,2
2026-03-27,601318,14:51:04,56.9900,368,2
2026-03-27,601318,14:51:07,56.9900,167,2
2026-03-27,601318,14:51:10,56.9800,479,2
2026-03-27,601318,14:51:13,56.9700,568,2
2026-03-27,601318,14:51:16,56.9600,132,2
2026-03-27,601318,14:51:19,56.9700,83,1
2026-03-27,601318,14:51:22,56.9600,273,2
2026-03-27,601318,14:51:25,56.9600,208,2
2026-03-27,601318,14:51:28,56.9700,247,1
2026-03-27,601318,14:51:31,56.9600,96,2
2026-03-27,601318,14:51:34,56.9800,468,1
2026-03-27,601318,14:51:37,56.9900,141,1
2026-03-27,601318,14:51:40,56.9800,46,2
2026-03-27,601318,14:51:43,56.9900,26,1
2026-03-27,601318,14:51:46,56.9900,86,1
2026-03-27,601318,14:51:49,56.9900,16,2
2026-03-27,601318,14:51:52,56.9900,124,2
2026-03-27,601318,14:51:55,56.9900,55,2
2026-03-27,601318,14:51:58,56.9900,171,2
2026-03-27,601318,14:52:01,56.9900,194,2
2026-03-27,601318,14:52:04,57.0000,117,1
2026-03-27,601318,14:52:07,56.9900,110,2
2026-03-27,601318,14:52:10,56.9800,436,2
2026-03-27,601318,14:52:13,56.9900,85,1
2026-03-27,601318,14:52:16,56.9900,272,1
2026-03-27,601318,14:52:19,56.9900,176,1
2026-03-27,601318,14:52:22,56.9800,228,2
2026-03-27,601318,14:52:25,56.9900,82,1
2026-03-27,601318,14:52:28,56.9800,319,2
2026-03-27,601318,14:52:31,56.9800,92,2
2026-03-27,601318,14:52:34,56.9900,53,1
2026-03-27,601318,14:52:37,56.9900,40,2
2026-03-27,601318,14:52:40,57.0000,387,1
2026-03-27,601318,14:52:43,57.0000,384,1
2026-03-27,601318,14:52:46,57.0100,228,1
2026-03-27,601318,14:52:49,57.0100,97,2
2026-03-27,601318,14:52:52,57.0100,253,2
2026-03-27,601318,14:52:55,57.0200,471,1
2026-03-27,601318,14:52:58,57.0200,167,1
2026-03-27,601318,14:53:01,57.0300,58,1
2026-03-27,601318,14:53:04,57.0200,1192,2
2026-03-27,601318,14:53:07,57.0200,133,2
2026-03-27,601318,14:53:10,57.0200,123,2
2026-03-27,601318,14:53:13,57.0300,150,1
2026-03-27,601318,14:53:16,57.0300,256,1
2026-03-27,601318,14:53:19,57.0200,570,2
2026-03-27,601318,14:53:22,57.0200,351,1
2026-03-27,601318,14:53:25,57.0100,219,1
2026-03-27,601318,14:53:28,57.0100,144,1
2026-03-27,601318,14:53:31,57.0100,123,1
2026-03-27,601318,14:53:34,57.0100,675,1
2026-03-27,601318,14:53:37,57.0100,207,1
2026-03-27,601318,14:53:40,57.0200,65,1
2026-03-27,601318,14:53:43,57.0200,24,1
2026-03-27,601318,14:53:46,57.0100,66,2
2026-03-27,601318,14:53:49,57.0200,140,1
2026-03-27,601318,14:53:52,57.0200,237,1
2026-03-27,601318,14:53:55,57.0200,64,2
2026-03-27,601318,14:53:58,57.0300,53,1
2026-03-27,601318,14:54:01,57.0300,373,1
2026-03-27,601318,14:54:04,57.0300,819,1
2026-03-27,601318,14:54:07,57.0300,164,1
2026-03-27,601318,14:54:10,57.0300,353,2
2026-03-27,601318,14:54:13,57.0400,117,1
2026-03-27,601318,14:54:16,57.0300,171,2
2026-03-27,601318,14:54:19,57.0400,49,1
2026-03-27,601318,14:54:22,57.0300,129,2
2026-03-27,601318,14:54:25,57.0400,179,1
2026-03-27,601318,14:54:28,57.0400,739,1
2026-03-27,601318,14:54:31,57.0400,171,1
2026-03-27,601318,14:54:34,57.0400,145,2
2026-03-27,601318,14:54:37,57.0300,287,2
2026-03-27,601318,14:54:40,57.0400,369,1
2026-03-27,601318,14:54:43,57.0300,22,2
2026-03-27,601318,14:54:46,57.0400,174,1
2026-03-27,601318,14:54:49,57.0400,294,1
2026-03-27,601318,14:54:52,57.0300,396,4
2026-03-27,601318,14:54:55,57.0400,20,1
2026-03-27,601318,14:54:58,57.0400,247,1
2026-03-27,601318,14:55:01,57.0400,506,1
2026-03-27,601318,14:55:04,57.0400,270,1
2026-03-27,601318,14:55:07,57.0300,289,2
2026-03-27,601318,14:55:10,57.0400,78,1
2026-03-27,601318,14:55:13,57.0300,85,2
2026-03-27,601318,14:55:16,57.0300,312,2
2026-03-27,601318,14:55:19,57.0200,459,2
2026-03-27,601318,14:55:22,57.0300,131,1
2026-03-27,601318,14:55:25,57.0300,103,1
2026-03-27,601318,14:55:28,57.0100,1653,2
2026-03-27,601318,14:55:31,57.0200,116,1
2026-03-27,601318,14:55:34,57.0300,67,1
2026-03-27,601318,14:55:37,57.0200,185,1
2026-03-27,601318,14:55:40,57.0100,106,2
2026-03-27,601318,14:55:43,57.0100,460,1
2026-03-27,601318,14:55:46,57.0100,139,1
2026-03-27,601318,14:55:49,57.0200,212,1
2026-03-27,601318,14:55:52,57.0200,19,1
2026-03-27,601318,14:55:55,57.0200,92,1
2026-03-27,601318,14:55:58,57.0200,128,2
2026-03-27,601318,14:56:01,57.0200,583,2
2026-03-27,601318,14:56:04,57.0200,284,2
2026-03-27,601318,14:56:07,57.0300,60,1
2026-03-27,601318,14:56:10,57.0400,585,1
2026-03-27,601318,14:56:13,57.0400,121,1
2026-03-27,601318,14:56:16,57.0300,177,2
2026-03-27,601318,14:56:19,57.0300,393,1
2026-03-27,601318,14:56:22,57.0300,264,2
2026-03-27,601318,14:56:25,57.0300,275,1
2026-03-27,601318,14:56:28,57.0400,111,1
2026-03-27,601318,14:56:31,57.0300,164,2
2026-03-27,601318,14:56:34,57.0400,161,1
2026-03-27,601318,14:56:37,57.0400,273,1
2026-03-27,601318,14:56:40,57.0400,135,1
2026-03-27,601318,14:56:43,57.0300,270,2
2026-03-27,601318,14:56:46,57.0200,330,2
2026-03-27,601318,14:56:49,57.0300,91,1
2026-03-27,601318,14:56:52,57.0300,122,1
2026-03-27,601318,14:56:55,57.0300,47,1
2026-03-27,601318,14:56:58,57.0300,599,1
2026-03-27,601318,14:57:01,57.0400,24,1
2026-03-27,601318,15:00:03,56.9500,10734,4
2026-03-27,601318,13:17:07,57.0600,15,2
2026-03-27,601318,13:17:10,57.0600,39,2
2026-03-27,601318,13:17:13,57.0700,365,1
2026-03-27,601318,13:17:16,57.0600,576,2
2026-03-27,601318,13:17:19,57.0800,400,1
2026-03-27,601318,13:17:22,57.1000,308,1
2026-03-27,601318,13:17:25,57.0800,19,2
2026-03-27,601318,13:17:28,57.0900,12,1
2026-03-27,601318,13:17:31,57.0900,85,1
2026-03-27,601318,13:17:34,57.0900,67,1
2026-03-27,601318,13:17:37,57.1000,55,1
2026-03-27,601318,13:17:40,57.1000,93,1
2026-03-27,601318,13:17:43,57.1000,155,1
2026-03-27,601318,13:17:46,57.1100,84,1
2026-03-27,601318,13:17:49,57.1100,28,1
2026-03-27,601318,13:17:52,57.1100,25,1
2026-03-27,601318,13:17:55,57.1100,272,1
2026-03-27,601318,13:17:58,57.1400,27,1
2026-03-27,601318,13:18:01,57.1300,35,4
2026-03-27,601318,13:18:04,57.1300,101,2
2026-03-27,601318,13:18:07,57.1200,833,2
2026-03-27,601318,13:18:10,57.1100,74,4
2026-03-27,601318,13:18:13,57.1000,166,2
2026-03-27,601318,13:18:16,57.1100,91,1
2026-03-27,601318,13:18:19,57.1300,338,1
2026-03-27,601318,13:18:22,57.1300,78,1
2026-03-27,601318,13:18:25,57.1300,29,1
2026-03-27,601318,13:18:28,57.1300,144,1
2026-03-27,601318,13:18:31,57.1400,75,1
2026-03-27,601318,13:18:34,57.1400,73,1
2026-03-27,601318,13:18:37,57.1400,166,2
2026-03-27,601318,13:18:40,57.1400,146,1
2026-03-27,601318,13:18:43,57.1400,169,2
2026-03-27,601318,13:18:46,57.1500,137,1
2026-03-27,601318,13:18:49,57.1600,275,1
2026-03-27,601318,13:18:52,57.1600,197,1
2026-03-27,601318,13:18:55,57.1600,124,1
2026-03-27,601318,13:18:58,57.1600,27,1
2026-03-27,601318,13:19:01,57.1600,233,1
2026-03-27,601318,13:19:04,57.1700,108,1
2026-03-27,601318,13:19:07,57.1600,277,2
2026-03-27,601318,13:19:10,57.1600,90,1
2026-03-27,601318,13:19:13,57.1600,57,1
2026-03-27,601318,13:19:16,57.1600,329,1
2026-03-27,601318,13:19:19,57.1600,91,2
2026-03-27,601318,13:19:22,57.1500,165,2
2026-03-27,601318,13:19:25,57.1600,182,1
2026-03-27,601318,13:19:28,57.1500,74,2
2026-03-27,601318,13:19:31,57.1500,190,1
2026-03-27,601318,13:19:34,57.1500,95,1
2026-03-27,601318,13:19:37,57.1300,185,2
2026-03-27,601318,13:19:40,57.1300,103,1
2026-03-27,601318,13:19:43,57.1300,106,2
2026-03-27,601318,13:19:46,57.1300,60,1
2026-03-27,601318,13:19:49,57.1400,54,1
2026-03-27,601318,13:19:52,57.1300,91,2
2026-03-27,601318,13:19:55,57.1300,883,1
2026-03-27,601318,13:19:58,57.1300,38,2
2026-03-27,601318,13:20:01,57.1400,31,4
2026-03-27,601318,13:20:04,57.1500,47,1
2026-03-27,601318,13:20:07,57.1500,24,1
2026-03-27,601318,13:20:10,57.1500,26,1
2026-03-27,601318,13:20:13,57.1500,262,1
2026-03-27,601318,13:20:16,57.1500,100,1
2026-03-27,601318,13:20:19,57.1500,102,1
2026-03-27,601318,13:20:22,57.1500,68,2
2026-03-27,601318,13:20:25,57.1500,63,2
2026-03-27,601318,13:20:28,57.1600,72,1
2026-03-27,601318,13:20:31,57.1600,70,1
2026-03-27,601318,13:20:34,57.1600,163,1
2026-03-27,601318,13:20:37,57.1600,25,2
2026-03-27,601318,13:20:40,57.1600,33,2
2026-03-27,601318,13:20:43,57.1700,113,1
2026-03-27,601318,13:20:46,57.1800,205,1
2026-03-27,601318,13:20:49,57.1800,1617,1
2026-03-27,601318,13:20:52,57.2300,181,1
2026-03-27,601318,13:20:55,57.2200,44,1
2026-03-27,601318,13:20:58,57.2300,96,1
2026-03-27,601318,13:21:01,57.2200,171,2
2026-03-27,601318,13:21:04,57.2200,131,1
2026-03-27,601318,13:21:07,57.2400,106,1
2026-03-27,601318,13:21:10,57.2300,36,1
2026-03-27,601318,13:21:13,57.2400,41,1
2026-03-27,601318,13:21:16,57.2400,175,1
2026-03-27,601318,13:21:19,57.2500,84,1
2026-03-27,601318,13:21:22,57.2500,233,1
2026-03-27,601318,13:21:25,57.2500,466,1
2026-03-27,601318,13:21:28,57.2400,148,2
2026-03-27,601318,13:21:31,57.2500,86,1
2026-03-27,601318,13:21:34,57.2500,212,1
2026-03-27,601318,13:21:37,57.2500,234,1
2026-03-27,601318,13:21:40,57.2200,601,2
2026-03-27,601318,13:21:43,57.2100,473,2
2026-03-27,601318,13:21:46,57.2100,52,1
2026-03-27,601318,13:21:49,57.2000,169,4
2026-03-27,601318,13:21:52,57.1900,226,2
2026-03-27,601318,13:21:55,57.1900,121,1
2026-03-27,601318,13:21:58,57.1900,58,1
2026-03-27,601318,13:22:01,57.1700,75,2
2026-03-27,601318,13:22:04,57.1600,212,2
2026-03-27,601318,13:22:07,57.1600,39,1
2026-03-27,601318,13:22:10,57.1600,31,1
2026-03-27,601318,13:22:13,57.1600,68,1
2026-03-27,601318,13:22:16,57.1500,70,2
2026-03-27,601318,13:22:19,57.1500,105,2
2026-03-27,601318,13:22:22,57.1500,79,1
2026-03-27,601318,13:22:25,57.1400,254,2
2026-03-27,601318,13:22:28,57.1400,43,4
2026-03-27,601318,13:22:31,57.1400,25,1
2026-03-27,601318,13:22:34,57.1400,98,1
2026-03-27,601318,13:22:37,57.1300,146,2
2026-03-27,601318,13:22:40,57.1300,10,1
2026-03-27,601318,13:22:43,57.1300,11,1
2026-03-27,601318,13:22:46,57.1100,292,2
2026-03-27,601318,13:22:49,57.0900,207,2
2026-03-27,601318,13:22:52,57.1000,160,1
2026-03-27,601318,13:22:55,57.0800,192,2
2026-03-27,601318,13:22:58,57.0600,154,2
2026-03-27,601318,13:23:01,57.0900,165,1
2026-03-27,601318,13:23:04,57.1100,208,1
2026-03-27,601318,13:23:07,57.1000,116,2
2026-03-27,601318,13:23:10,57.1100,102,1
2026-03-27,601318,13:23:13,57.1000,221,2
2026-03-27,601318,13:23:16,57.0700,153,2
2026-03-27,601318,13:23:19,57.1000,92,1
2026-03-27,601318,13:23:22,57.1000,18,1
2026-03-27,601318,13:23:25,57.0900,95,2
2026-03-27,601318,13:23:28,57.0900,67,2
2026-03-27,601318,13:23:31,57.0900,41,2
2026-03-27,601318,13:23:34,57.1000,45,1
2026-03-27,601318,13:23:37,57.0900,287,2
2026-03-27,601318,13:23:40,57.0900,65,1
2026-03-27,601318,13:23:43,57.0900,159,2
2026-03-27,601318,13:23:46,57.0800,465,2
2026-03-27,601318,13:23:49,57.0900,22,1
2026-03-27,601318,13:23:52,57.1000,112,1
2026-03-27,601318,13:23:55,57.0900,90,2
2026-03-27,601318,13:23:58,57.1000,22,1
2026-03-27,601318,13:24:01,57.1000,36,1
2026-03-27,601318,13:24:04,57.1000,27,1
2026-03-27,601318,13:24:07,57.0900,64,2
2026-03-27,601318,13:24:10,57.1000,68,1
2026-03-27,601318,13:24:13,57.1000,61,1
2026-03-27,601318,13:24:16,57.1000,135,1
2026-03-27,601318,13:24:19,57.1100,110,1
2026-03-27,601318,13:24:22,57.1000,57,2
2026-03-27,601318,13:24:25,57.1000,308,2
2026-03-27,601318,13:24:28,57.1000,159,1
2026-03-27,601318,13:24:31,57.1000,222,2
2026-03-27,601318,13:24:34,57.1000,112,2
2026-03-27,601318,13:24:37,57.0900,89,2
2026-03-27,601318,13:24:40,57.0800,55,2
2026-03-27,601318,13:24:43,57.0800,123,2
2026-03-27,601318,13:24:46,57.0700,80,2
2026-03-27,601318,13:24:49,57.0800,37,1
2026-03-27,601318,13:24:52,57.0800,140,1
2026-03-27,601318,13:24:55,57.0700,85,2
2026-03-27,601318,13:24:58,57.0800,27,1
2026-03-27,601318,13:25:01,57.0800,227,1
2026-03-27,601318,13:25:04,57.0800,40,1
2026-03-27,601318,13:25:07,57.0700,15,2
2026-03-27,601318,13:25:10,57.0800,379,1
2026-03-27,601318,13:25:13,57.0800,406,2
2026-03-27,601318,13:25:16,57.0800,121,1
2026-03-27,601318,13:25:19,57.0800,215,2
2026-03-27,601318,13:25:22,57.0700,68,2
2026-03-27,601318,13:25:25,57.0700,69,2
2026-03-27,601318,13:25:28,57.0800,11,2
2026-03-27,601318,13:25:31,57.0900,158,1
2026-03-27,601318,13:25:34,57.0700,121,2
2026-03-27,601318,13:25:37,57.0800,14,2
2026-03-27,601318,13:25:40,57.0900,187,1
2026-03-27,601318,13:25:43,57.0900,119,1
2026-03-27,601318,13:25:46,57.0900,106,2
2026-03-27,601318,13:25:49,57.1000,41,1
2026-03-27,601318,13:25:52,57.0900,29,2
2026-03-27,601318,13:25:55,57.1000,89,1
2026-03-27,601318,13:25:58,57.0900,39,2
2026-03-27,601318,13:26:01,57.1000,18,1
2026-03-27,601318,13:26:04,57.0900,68,2
2026-03-27,601318,13:26:07,57.1000,50,1
2026-03-27,601318,13:26:10,57.0900,73,2
2026-03-27,601318,13:26:13,57.0900,288,2
2026-03-27,601318,13:26:16,57.1000,89,1
2026-03-27,601318,13:26:19,57.0900,37,2
2026-03-27,601318,13:26:22,57.0900,64,2
2026-03-27,601318,13:26:25,57.1000,53,1
2026-03-27,601318,13:26:28,57.1000,67,1
2026-03-27,601318,13:26:31,57.1000,108,2
2026-03-27,601318,13:26:34,57.0900,283,2
2026-03-27,601318,13:26:37,57.0900,352,2
2026-03-27,601318,13:26:40,57.0800,36,2
2026-03-27,601318,13:26:43,57.0800,71,2
2026-03-27,601318,13:26:46,57.0800,69,2
2026-03-27,601318,13:26:49,57.0800,10,1
2026-03-27,601318,13:26:52,57.0700,951,2
2026-03-27,601318,13:26:55,57.0600,610,2
2026-03-27,601318,13:26:58,57.0700,64,1
2026-03-27,601318,13:27:01,57.0700,174,1
2026-03-27,601318,13:27:04,57.0700,186,1
2026-03-27,601318,13:27:07,57.0700,37,1
2026-03-27,601318,13:27:10,57.0500,100,2
2026-03-27,601318,13:27:13,57.0700,99,1
2026-03-27,601318,13:27:16,57.0700,49,1
2026-03-27,601318,13:27:19,57.0600,28,2
2026-03-27,601318,13:27:22,57.0600,44,2
2026-03-27,601318,13:27:25,57.0600,170,1
2026-03-27,601318,13:27:28,57.0900,738,1
2026-03-27,601318,13:27:31,57.0800,85,1
2026-03-27,601318,13:27:34,57.0900,101,1
2026-03-27,601318,13:27:37,57.0900,29,1
2026-03-27,601318,13:27:40,57.0900,51,1
2026-03-27,601318,13:27:43,57.0900,108,1
2026-03-27,601318,13:27:46,57.0900,34,1
2026-03-27,601318,13:27:49,57.0800,66,2
2026-03-27,601318,13:27:52,57.0800,166,1
2026-03-27,601318,13:27:55,57.0800,73,1
2026-03-27,601318,13:27:58,57.0900,73,1
2026-03-27,601318,13:28:01,57.0900,14,1
2026-03-27,601318,13:28:04,57.0900,65,1
2026-03-27,601318,13:28:07,57.0800,79,2
2026-03-27,601318,13:28:10,57.0800,31,1
2026-03-27,601318,13:28:13,57.0700,104,2
2026-03-27,601318,13:28:16,57.0700,104,2
2026-03-27,601318,13:28:19,57.0800,33,1
2026-03-27,601318,13:28:22,57.0700,22,2
2026-03-27,601318,13:28:25,57.0700,58,2
2026-03-27,601318,13:28:28,57.0800,15,1
2026-03-27,601318,13:28:31,57.0800,60,1
2026-03-27,601318,13:28:34,57.0800,64,1
2026-03-27,601318,13:28:37,57.0800,76,1
2026-03-27,601318,13:28:40,57.0800,38,1
2026-03-27,601318,13:28:43,57.0700,64,2
2026-03-27,601318,13:28:46,57.0700,19,2
2026-03-27,601318,13:28:49,57.0800,15,1
2026-03-27,601318,13:28:52,57.0700,267,2
2026-03-27,601318,13:28:55,57.0600,581,2
2026-03-27,601318,13:28:58,57.0800,187,1
2026-03-27,601318,13:29:01,57.0700,71,4
2026-03-27,601318,13:29:04,57.0600,67,2
2026-03-27,601318,13:29:07,57.0700,21,1
2026-03-27,601318,13:29:10,57.0600,34,2
2026-03-27,601318,13:29:13,57.0600,45,2
2026-03-27,601318,13:29:16,57.0700,67,1
2026-03-27,601318,13:29:19,57.0600,48,2
2026-03-27,601318,13:29:22,57.0600,134,2
2026-03-27,601318,13:29:25,57.0600,45,2
2026-03-27,601318,13:29:28,57.0700,15,1
2026-03-27,601318,13:29:31,57.0700,30,1
2026-03-27,601318,13:29:34,57.0700,192,1
2026-03-27,601318,13:29:37,57.0700,494,1
2026-03-27,601318,13:29:40,57.0700,22,1
2026-03-27,601318,13:29:43,57.0700,186,1
2026-03-27,601318,13:29:46,57.0800,132,1
2026-03-27,601318,13:29:49,57.0700,69,2
2026-03-27,601318,13:29:52,57.0800,136,1
2026-03-27,601318,13:29:55,57.0800,181,1
2026-03-27,601318,13:29:58,57.0700,191,4
2026-03-27,601318,13:30:01,57.0700,117,1
2026-03-27,601318,13:30:04,57.0800,125,1
2026-03-27,601318,13:30:07,57.0800,39,1
2026-03-27,601318,13:30:10,57.0800,68,1
2026-03-27,601318,13:30:13,57.0700,87,2
2026-03-27,601318,13:30:16,57.0800,96,1
2026-03-27,601318,13:30:19,57.0700,114,2
2026-03-27,601318,13:30:22,57.0700,66,2
2026-03-27,601318,13:30:25,57.0800,971,1
2026-03-27,601318,13:30:28,57.0800,33,2
2026-03-27,601318,13:30:31,57.0900,248,1
2026-03-27,601318,13:30:34,57.0900,96,1
2026-03-27,601318,13:30:37,57.0900,187,1
2026-03-27,601318,13:30:40,57.0900,290,1
2026-03-27,601318,13:30:43,57.1100,66,1
2026-03-27,601318,13:30:46,57.1300,142,1
2026-03-27,601318,13:30:49,57.1100,27,2
2026-03-27,601318,13:30:52,57.1300,30,1
2026-03-27,601318,13:30:55,57.1200,198,2
2026-03-27,601318,13:30:58,57.1300,92,1
2026-03-27,601318,13:31:01,57.1400,77,1
2026-03-27,601318,13:31:04,57.1300,89,2
2026-03-27,601318,13:31:07,57.1300,27,2
2026-03-27,601318,13:31:10,57.1300,156,1
2026-03-27,601318,13:31:13,57.1400,132,1
2026-03-27,601318,13:31:16,57.1400,55,1
2026-03-27,601318,13:31:19,57.1400,97,1
2026-03-27,601318,13:31:22,57.1400,61,1
2026-03-27,601318,13:31:25,57.1400,36,1
2026-03-27,601318,13:31:28,57.1400,94,1
2026-03-27,601318,13:31:31,57.1400,231,1
2026-03-27,601318,13:31:34,57.1400,166,1
2026-03-27,601318,13:31:37,57.1400,21,1
2026-03-27,601318,13:31:40,57.1400,117,1
2026-03-27,601318,13:31:43,57.1300,190,2
2026-03-27,601318,13:31:46,57.1300,44,1
2026-03-27,601318,13:31:49,57.1300,70,1
2026-03-27,601318,13:31:52,57.1400,469,1
2026-03-27,601318,13:31:55,57.1400,30,1
2026-03-27,601318,13:31:58,57.1400,39,1
2026-03-27,601318,13:32:01,57.1500,173,1
2026-03-27,601318,13:32:04,57.1500,374,1
2026-03-27,601318,13:32:07,57.1500,100,1
2026-03-27,601318,13:32:10,57.1500,13,1
2026-03-27,601318,13:32:13,57.1500,401,1
2026-03-27,601318,13:32:16,57.1500,145,1
2026-03-27,601318,13:32:19,57.1400,108,4
2026-03-27,601318,13:32:22,57.1400,72,1
2026-03-27,601318,13:32:25,57.1400,68,1
2026-03-27,601318,13:32:28,57.1300,224,2
2026-03-27,601318,13:32:31,57.1300,64,1
2026-03-27,601318,13:32:34,57.1200,154,2
2026-03-27,601318,13:32:37,57.1200,16,1
2026-03-27,601318,13:32:40,57.1200,103,1
2026-03-27,601318,13:32:43,57.1100,5,2
2026-03-27,601318,13:32:46,57.1200,141,1
2026-03-27,601318,13:32:49,57.1400,279,1
2026-03-27,601318,13:32:52,57.1400,74,1
2026-03-27,601318,13:32:55,57.1300,65,1
2026-03-27,601318,13:32:58,57.1400,55,1
2026-03-27,601318,13:33:01,57.1300,53,2
2026-03-27,601318,13:33:04,57.1300,72,4
2026-03-27,601318,13:33:07,57.1400,41,1
2026-03-27,601318,13:33:10,57.1300,86,2
2026-03-27,601318,13:33:13,57.1300,28,1
2026-03-27,601318,13:33:16,57.1300,39,1
2026-03-27,601318,13:33:19,57.1300,41,1
2026-03-27,601318,13:33:22,57.1300,28,1
2026-03-27,601318,13:33:25,57.1300,135,1
2026-03-27,601318,13:33:28,57.1300,49,1
2026-03-27,601318,13:33:31,57.1300,105,1
2026-03-27,601318,13:33:34,57.1400,35,1
2026-03-27,601318,13:33:37,57.1400,72,1
2026-03-27,601318,13:33:40,57.1400,17,1
2026-03-27,601318,13:33:43,57.1300,102,2
2026-03-27,601318,13:33:46,57.1300,31,1
2026-03-27,601318,13:33:49,57.1300,5,1
2026-03-27,601318,13:33:52,57.1300,44,1
2026-03-27,601318,13:33:55,57.1400,146,1
2026-03-27,601318,13:33:58,57.1300,28,1
2026-03-27,601318,13:34:01,57.1200,46,2
2026-03-27,601318,13:34:04,57.0900,774,2
2026-03-27,601318,13:34:07,57.0800,762,2
2026-03-27,601318,13:34:10,57.0800,111,2
2026-03-27,601318,13:34:13,57.0700,93,2
2026-03-27,601318,13:34:16,57.0600,216,2
2026-03-27,601318,13:34:19,57.0500,220,2
2026-03-27,601318,13:34:22,57.0400,105,2
2026-03-27,601318,13:34:25,57.0500,112,1
2026-03-27,601318,13:34:28,57.0500,76,1
2026-03-27,601318,13:34:31,57.0700,165,1
2026-03-27,601318,13:34:34,57.0600,104,2
2026-03-27,601318,13:34:37,57.0600,9,1
2026-03-27,601318,13:34:40,57.0600,82,1
2026-03-27,601318,13:34:43,57.0600,87,1
2026-03-27,601318,13:34:46,57.0500,95,2
2026-03-27,601318,13:34:49,57.0500,19,2
2026-03-27,601318,13:34:52,57.0600,408,1
2026-03-27,601318,13:34:55,57.0500,27,2
2026-03-27,601318,13:34:58,57.0600,19,1
2026-03-27,601318,13:35:01,57.0500,81,2
2026-03-27,601318,13:35:04,57.0600,328,1
2026-03-27,601318,13:35:07,57.0500,81,2
2026-03-27,601318,13:35:10,57.0500,518,1
2026-03-27,601318,13:35:13,57.0500,139,1
2026-03-27,601318,13:35:16,57.0500,172,1
2026-03-27,601318,13:35:19,57.0500,18,1
2026-03-27,601318,13:35:22,57.0500,55,1
2026-03-27,601318,13:35:25,57.0400,179,2
2026-03-27,601318,13:35:28,57.0500,22,1
2026-03-27,601318,13:35:31,57.0500,63,1
2026-03-27,601318,13:35:34,57.0500,38,1
2026-03-27,601318,13:35:37,57.0500,271,1
2026-03-27,601318,13:35:40,57.0500,50,1
2026-03-27,601318,13:35:43,57.0500,34,1
2026-03-27,601318,13:35:46,57.0400,88,2
2026-03-27,601318,13:35:49,57.0500,76,1
2026-03-27,601318,13:35:52,57.0500,120,1
2026-03-27,601318,13:35:55,57.0500,49,2
2026-03-27,601318,13:35:58,57.0500,90,1
2026-03-27,601318,13:36:01,57.0400,194,2
2026-03-27,601318,13:36:04,57.0400,148,2
2026-03-27,601318,13:36:07,57.0300,285,2
2026-03-27,601318,13:36:10,57.0300,174,1
2026-03-27,601318,13:36:13,57.0300,77,1
2026-03-27,601318,13:36:16,57.0300,332,1
2026-03-27,601318,13:36:19,57.0300,133,1
2026-03-27,601318,13:36:22,57.0400,213,1
2026-03-27,601318,13:36:25,57.0400,530,1
2026-03-27,601318,13:36:28,57.0400,56,1
2026-03-27,601318,13:36:31,57.0400,127,1
2026-03-27,601318,13:36:34,57.0400,152,1
2026-03-27,601318,13:36:37,57.0400,75,1
2026-03-27,601318,13:36:40,57.0300,11,4
2026-03-27,601318,13:36:43,57.0300,60,1
2026-03-27,601318,13:36:46,57.0300,85,1
2026-03-27,601318,13:36:49,57.0300,112,1
2026-03-27,601318,13:36:52,57.0300,121,1
2026-03-27,601318,13:36:55,57.0300,66,1
2026-03-27,601318,13:36:58,57.0300,186,1
2026-03-27,601318,13:37:01,57.0300,34,1
2026-03-27,601318,13:37:04,57.0200,103,2
2026-03-27,601318,13:37:07,57.0200,439,2
2026-03-27,601318,13:37:10,57.0300,12,4
2026-03-27,601318,13:37:13,57.0400,20,1
2026-03-27,601318,13:37:16,57.0200,122,2
2026-03-27,601318,13:37:19,57.0200,252,2
2026-03-27,601318,13:37:22,57.0300,204,1
2026-03-27,601318,13:37:25,57.0200,32,1
2026-03-27,601318,13:37:28,57.0200,56,1
2026-03-27,601318,13:37:31,57.0200,75,1
2026-03-27,601318,13:37:34,57.0100,155,2
2026-03-27,601318,13:37:37,57.0100,51,2
2026-03-27,601318,13:37:40,57.0300,541,1
2026-03-27,601318,13:37:43,57.0400,557,1
2026-03-27,601318,13:37:46,57.0400,70,2
2026-03-27,601318,13:37:49,57.0400,50,2
2026-03-27,601318,13:37:52,57.0400,110,1
2026-03-27,601318,13:37:55,57.0500,67,1
2026-03-27,601318,13:37:58,57.0500,12,1
2026-03-27,601318,13:38:01,57.0500,48,1
2026-03-27,601318,13:38:04,57.0500,199,2
2026-03-27,601318,13:38:07,57.0500,151,1
2026-03-27,601318,13:38:10,57.0500,112,1
2026-03-27,601318,13:38:13,57.0500,78,2
2026-03-27,601318,13:38:16,57.0500,302,2
2026-03-27,601318,13:38:19,57.0600,183,1
2026-03-27,601318,13:38:22,57.0400,148,2
2026-03-27,601318,13:38:25,57.0600,87,1
2026-03-27,601318,13:38:28,57.0600,34,1
2026-03-27,601318,13:38:31,57.0500,53,4
2026-03-27,601318,13:38:34,57.0500,62,2
2026-03-27,601318,13:38:37,57.0600,88,1
2026-03-27,601318,13:38:40,57.0600,71,1
2026-03-27,601318,13:38:43,57.0600,615,1
2026-03-27,601318,13:38:46,57.0600,103,1
2026-03-27,601318,13:38:49,57.1000,1210,1
2026-03-27,601318,13:38:52,57.1000,86,1
2026-03-27,601318,13:38:55,57.1000,60,1
2026-03-27,601318,13:38:58,57.1000,34,1
2026-03-27,601318,13:39:01,57.1000,49,1
2026-03-27,601318,13:39:04,57.0900,245,2
2026-03-27,601318,13:39:07,57.1200,232,1
2026-03-27,601318,13:39:10,57.1300,45,1
2026-03-27,601318,13:39:13,57.1200,87,2
2026-03-27,601318,13:39:16,57.1100,516,2
2026-03-27,601318,13:39:19,57.1200,86,1
2026-03-27,601318,13:39:22,57.1200,46,1
2026-03-27,601318,13:39:25,57.1200,60,1
2026-03-27,601318,13:39:28,57.1200,17,1
2026-03-27,601318,13:39:31,57.1100,120,2
2026-03-27,601318,13:39:34,57.1100,170,2
2026-03-27,601318,13:39:37,57.1000,71,2
2026-03-27,601318,13:39:40,57.1100,94,1
2026-03-27,601318,13:39:43,57.1100,57,1
2026-03-27,601318,13:39:46,57.1100,9,1
2026-03-27,601318,13:39:49,57.1000,49,2
2026-03-27,601318,13:39:52,57.1100,69,1
2026-03-27,601318,13:39:55,57.1100,22,1
2026-03-27,601318,13:39:58,57.1100,120,1
2026-03-27,601318,13:40:01,57.1100,42,1
2026-03-27,601318,13:40:04,57.1100,276,1
2026-03-27,601318,13:40:07,57.1100,113,1
2026-03-27,601318,13:40:10,57.1100,134,1
2026-03-27,601318,13:40:13,57.1100,174,1
2026-03-27,601318,13:40:16,57.1100,53,1
2026-03-27,601318,13:40:19,57.1000,542,2
2026-03-27,601318,13:40:22,57.0900,259,2
2026-03-27,601318,13:40:25,57.0900,70,2
2026-03-27,601318,13:40:28,57.0900,18,1
2026-03-27,601318,13:40:31,57.0700,35,2
2026-03-27,601318,13:40:34,57.0700,67,2
2026-03-27,601318,13:40:37,57.0600,149,2
2026-03-27,601318,13:40:40,57.0700,53,1
2026-03-27,601318,13:40:43,57.0700,558,1
2026-03-27,601318,13:40:46,57.0700,246,1
2026-03-27,601318,13:40:49,57.0700,65,1
2026-03-27,601318,13:40:52,57.0700,77,1
2026-03-27,601318,13:40:55,57.0800,109,1
2026-03-27,601318,13:40:58,57.0800,58,1
2026-03-27,601318,13:41:01,57.0900,106,1
2026-03-27,601318,13:41:04,57.0700,82,2
2026-03-27,601318,13:41:07,57.0800,234,1
2026-03-27,601318,13:41:10,57.0800,34,1
2026-03-27,601318,13:41:13,57.0900,490,1
2026-03-27,601318,13:41:16,57.0800,95,2
2026-03-27,601318,13:41:19,57.0800,55,2
2026-03-27,601318,13:41:22,57.0800,77,2
2026-03-27,601318,13:41:25,57.0900,43,1
2026-03-27,601318,13:41:28,57.0900,19,1
2026-03-27,601318,13:41:31,57.0900,323,1
2026-03-27,601318,13:41:34,57.0800,61,2
2026-03-27,601318,13:41:37,57.0800,78,2
2026-03-27,601318,13:41:40,57.0900,17,1
2026-03-27,601318,13:41:43,57.0900,66,1
2026-03-27,601318,13:41:46,57.0900,26,1
2026-03-27,601318,13:41:49,57.0900,37,1
2026-03-27,601318,13:41:52,57.0900,384,1
2026-03-27,601318,13:41:55,57.0900,265,2
2026-03-27,601318,13:41:58,57.1000,50,1
2026-03-27,601318,13:42:01,57.1000,33,1
2026-03-27,601318,13:42:04,57.1000,250,2
2026-03-27,601318,13:42:07,57.1000,37,1
2026-03-27,601318,13:42:10,57.1000,15,1
2026-03-27,601318,13:42:13,57.1000,83,1
2026-03-27,601318,13:42:16,57.1000,138,1
2026-03-27,601318,13:42:19,57.1000,44,1
2026-03-27,601318,13:42:22,57.1000,134,1
2026-03-27,601318,13:42:25,57.1000,135,1
2026-03-27,601318,13:42:28,57.1000,18,1
2026-03-27,601318,13:42:31,57.1000,65,1
2026-03-27,601318,13:42:34,57.1000,27,1
2026-03-27,601318,13:42:37,57.0900,67,2
2026-03-27,601318,13:42:40,57.1000,49,1
2026-03-27,601318,13:42:43,57.0900,480,2
2026-03-27,601318,13:42:46,57.0900,79,2
2026-03-27,601318,13:42:49,57.0900,25,1
2026-03-27,601318,13:42:52,57.0900,61,1
2026-03-27,601318,13:42:55,57.0900,160,1
2026-03-27,601318,13:42:58,57.0900,29,2
2026-03-27,601318,13:43:01,57.0900,44,2
2026-03-27,601318,13:43:04,57.1000,100,1
2026-03-27,601318,13:43:07,57.0900,179,2
2026-03-27,601318,13:43:10,57.0900,156,2
2026-03-27,601318,13:43:13,57.1000,124,1
2026-03-27,601318,13:43:16,57.1000,46,1
2026-03-27,601318,13:43:19,57.1000,54,1
2026-03-27,601318,13:43:22,57.1000,97,1
2026-03-27,601318,13:43:25,57.1000,133,1
2026-03-27,601318,13:43:28,57.1000,458,1
2026-03-27,601318,13:43:31,57.1000,19,1
2026-03-27,601318,13:43:34,57.1000,70,1
2026-03-27,601318,13:43:37,57.1000,50,1
2026-03-27,601318,13:43:40,57.1000,71,1
2026-03-27,601318,13:43:43,57.1000,44,1
2026-03-27,601318,13:43:46,57.1000,114,1
2026-03-27,601318,13:43:49,57.1000,44,1
2026-03-27,601318,13:43:52,57.1000,74,1
2026-03-27,601318,13:43:55,57.1000,554,1
2026-03-27,601318,13:43:58,57.1000,117,1
2026-03-27,601318,13:44:01,57.1000,19,1
2026-03-27,601318,13:44:04,57.1000,435,2
2026-03-27,601318,13:44:07,57.1100,46,1
2026-03-27,601318,13:44:10,57.1000,59,2
2026-03-27,601318,13:44:13,57.1100,564,1
2026-03-27,601318,13:44:16,57.1200,48,1
2026-03-27,601318,13:44:19,57.1100,244,2
2026-03-27,601318,13:44:22,57.1200,19,1
2026-03-27,601318,13:44:25,57.1200,172,1
2026-03-27,601318,13:44:28,57.1200,52,1
2026-03-27,601318,13:44:31,57.1300,144,1
2026-03-27,601318,13:44:34,57.1200,121,2
2026-03-27,601318,13:44:37,57.1200,126,2
2026-03-27,601318,13:44:40,57.1300,9,1
2026-03-27,601318,13:44:43,57.1300,141,1
2026-03-27,601318,13:44:46,57.1300,156,1
2026-03-27,601318,13:44:49,57.1300,27,1
2026-03-27,601318,13:44:52,57.1300,181,2
2026-03-27,601318,13:44:55,57.1400,182,1
2026-03-27,601318,13:44:58,57.1300,374,2
2026-03-27,601318,13:45:01,57.1400,15,1
2026-03-27,601318,13:45:04,57.1500,483,1
2026-03-27,601318,13:45:07,57.1400,79,2
2026-03-27,601318,13:45:10,57.1400,20,1
2026-03-27,601318,13:45:13,57.1400,27,1
2026-03-27,601318,13:45:16,57.1300,187,2
2026-03-27,601318,13:45:19,57.1400,49,1
2026-03-27,601318,13:45:22,57.1300,157,2
2026-03-27,601318,13:45:25,57.1300,36,1
2026-03-27,601318,13:45:28,57.1300,143,1
2026-03-27,601318,13:45:31,57.1200,359,2
2026-03-27,601318,13:45:34,57.1100,47,2
2026-03-27,601318,13:45:37,57.1100,383,2
2026-03-27,601318,13:45:40,57.1200,29,1
2026-03-27,601318,13:45:43,57.1100,59,1
2026-03-27,601318,13:45:46,57.1000,89,2
2026-03-27,601318,13:45:49,57.1200,186,1
2026-03-27,601318,13:45:52,57.1100,46,4
2026-03-27,601318,13:45:55,57.1100,116,1
2026-03-27,601318,13:45:58,57.1100,34,2
2026-03-27,601318,13:46:01,57.1200,12,1
2026-03-27,601318,13:46:04,57.1100,137,2
2026-03-27,601318,13:46:07,57.1100,300,2
2026-03-27,601318,13:46:10,57.1100,97,2
2026-03-27,601318,13:46:13,57.1000,720,2
2026-03-27,601318,13:46:16,57.1000,76,1
2026-03-27,601318,13:46:19,57.0900,332,2
2026-03-27,601318,13:46:22,57.1100,62,1
2026-03-27,601318,13:46:25,57.0900,35,2
2026-03-27,601318,13:46:28,57.0900,364,1
2026-03-27,601318,13:46:31,57.0900,63,1
2026-03-27,601318,13:46:34,57.0900,125,1
2026-03-27,601318,13:46:37,57.0900,175,2
2026-03-27,601318,13:46:40,57.0900,15,1
2026-03-27,601318,13:46:43,57.0800,35,2
2026-03-27,601318,13:46:46,57.0900,63,1
2026-03-27,601318,13:46:49,57.0800,30,2
2026-03-27,601318,13:46:52,57.0900,147,1
2026-03-27,601318,13:46:55,57.0900,80,1
2026-03-27,601318,13:46:58,57.0900,46,1
2026-03-27,601318,13:47:01,57.0800,97,2
2026-03-27,601318,13:47:04,57.0800,404,2
2026-03-27,601318,13:47:07,57.0800,234,2
2026-03-27,601318,13:47:10,57.0700,273,2
2026-03-27,601318,13:47:13,57.0700,121,1
2026-03-27,601318,13:47:16,57.0700,146,1
2026-03-27,601318,13:47:19,57.0800,70,1
2026-03-27,601318,13:47:22,57.0800,109,1
2026-03-27,601318,13:47:25,57.0700,146,2
2026-03-27,601318,13:47:28,57.0700,34,2
2026-03-27,601318,13:47:31,57.0700,68,2
2026-03-27,601318,13:47:34,57.0700,110,2
2026-03-27,601318,13:47:37,57.0800,39,1
2026-03-27,601318,13:47:40,57.0700,79,2
2026-03-27,601318,13:47:43,57.0700,115,2
2026-03-27,601318,13:47:46,57.0700,48,2
2026-03-27,601318,13:47:49,57.0700,48,2
2026-03-27,601318,13:47:52,57.0800,86,1
2026-03-27,601318,13:47:55,57.0800,158,1
2026-03-27,601318,13:47:58,57.0800,46,1
2026-03-27,601318,13:48:01,57.0800,83,1
2026-03-27,601318,13:48:04,57.0800,373,1
2026-03-27,601318,13:48:07,57.0800,208,2
2026-03-27,601318,13:48:10,57.1100,1542,1
2026-03-27,601318,13:48:13,57.1200,487,1
2026-03-27,601318,13:48:16,57.1200,206,1
2026-03-27,601318,13:48:19,57.1300,30,1
2026-03-27,601318,13:48:22,57.1300,184,2
2026-03-27,601318,13:48:25,57.1400,10,1
2026-03-27,601318,13:48:28,57.1400,69,1
2026-03-27,601318,13:48:31,57.1400,85,1
2026-03-27,601318,13:48:34,57.1400,53,1
2026-03-27,601318,13:48:37,57.1400,53,1
2026-03-27,601318,13:48:40,57.1500,51,1
2026-03-27,601318,13:48:43,57.1500,106,1
2026-03-27,601318,13:48:46,57.1500,728,1
2026-03-27,601318,13:48:49,57.1400,176,2
2026-03-27,601318,13:48:52,57.1300,84,2
2026-03-27,601318,13:48:55,57.1400,47,1
2026-03-27,601318,13:48:58,57.1400,144,1
2026-03-27,601318,13:49:01,57.1400,39,1
2026-03-27,601318,13:49:04,57.1300,175,2
2026-03-27,601318,13:49:07,57.1200,139,2
2026-03-27,601318,13:49:10,57.1300,90,1
2026-03-27,601318,13:49:13,57.1300,23,1
2026-03-27,601318,13:49:16,57.1300,29,1
2026-03-27,601318,13:49:19,57.1200,56,2
2026-03-27,601318,13:49:22,57.1200,72,1
2026-03-27,601318,13:49:25,57.1200,23,1
2026-03-27,601318,13:49:28,57.1200,12,1
2026-03-27,601318,13:49:31,57.1200,95,1
2026-03-27,601318,13:49:34,57.1200,41,1
2026-03-27,601318,13:49:37,57.1200,60,1
2026-03-27,601318,13:49:40,57.1200,102,1
2026-03-27,601318,13:49:43,57.1100,111,2
2026-03-27,601318,13:49:46,57.1100,240,1
2026-03-27,601318,13:49:49,57.1100,64,2
2026-03-27,601318,13:49:52,57.1100,220,1
2026-03-27,601318,13:49:55,57.1100,115,1
2026-03-27,601318,13:49:58,57.1100,83,2
2026-03-27,601318,13:50:01,57.1100,52,2
2026-03-27,601318,13:50:04,57.1200,23,1
2026-03-27,601318,13:50:07,57.1100,58,2
2026-03-27,601318,13:50:10,57.1000,157,2
2026-03-27,601318,13:50:13,57.1000,40,1
2026-03-27,601318,13:50:16,57.1000,120,1
2026-03-27,601318,13:50:19,57.0800,97,2
2026-03-27,601318,13:50:22,57.0900,60,1
2026-03-27,601318,13:50:25,57.0900,69,1
2026-03-27,601318,13:50:28,57.0800,147,2
2026-03-27,601318,13:50:31,57.0800,63,2
2026-03-27,601318,13:50:34,57.0800,223,2
2026-03-27,601318,13:50:37,57.0800,21,2
2026-03-27,601318,13:50:40,57.0900,29,1
2026-03-27,601318,13:50:43,57.0800,77,2
2026-03-27,601318,13:50:46,57.0900,100,1
2026-03-27,601318,13:50:49,57.0900,31,1
2026-03-27,601318,13:50:52,57.0900,123,1
2026-03-27,601318,13:50:55,57.0900,80,1
2026-03-27,601318,13:50:58,57.0900,44,1
2026-03-27,601318,13:51:01,57.0900,217,1
2026-03-27,601318,13:51:04,57.0800,502,2
2026-03-27,601318,13:51:07,57.0800,184,2
2026-03-27,601318,13:51:10,57.1100,683,1
2026-03-27,601318,13:51:13,57.1200,212,1
2026-03-27,601318,13:51:16,57.1200,1511,1
2026-03-27,601318,13:51:19,57.1600,347,1
2026-03-27,601318,13:51:22,57.1500,46,1
2026-03-27,601318,13:51:25,57.1500,84,2
2026-03-27,601318,13:51:28,57.1500,50,2
2026-03-27,601318,13:51:31,57.1600,60,1
2026-03-27,601318,13:51:34,57.1600,93,1
2026-03-27,601318,13:51:37,57.1600,34,1
2026-03-27,601318,13:51:40,57.1600,312,1
2026-03-27,601318,13:51:43,57.1600,40,4
2026-03-27,601318,13:51:46,57.1600,54,2
2026-03-27,601318,13:51:49,57.1700,49,1
2026-03-27,601318,13:51:52,57.1700,130,1
2026-03-27,601318,13:51:55,57.1700,191,1
2026-03-27,601318,13:51:58,57.1700,77,1
2026-03-27,601318,13:52:01,57.1700,69,1
2026-03-27,601318,13:52:04,57.1700,169,2
2026-03-27,601318,13:52:07,57.1700,24,2
2026-03-27,601318,13:52:10,57.1700,62,2
2026-03-27,601318,13:52:13,57.1700,202,2
2026-03-27,601318,13:52:16,57.1800,31,1
2026-03-27,601318,13:52:19,57.1700,323,2
2026-03-27,601318,13:52:22,57.1700,263,2
2026-03-27,601318,13:52:25,57.1700,228,2
2026-03-27,601318,13:52:28,57.1700,53,1
2026-03-27,601318,13:52:31,57.1700,120,1
2026-03-27,601318,13:52:34,57.1600,105,2
2026-03-27,601318,13:52:37,57.1600,48,2
2026-03-27,601318,13:52:40,57.1600,72,1
2026-03-27,601318,13:52:43,57.1600,42,2
2026-03-27,601318,13:52:46,57.1600,165,1
2026-03-27,601318,13:52:49,57.1600,274,1
2026-03-27,601318,13:52:52,57.1600,95,2
2026-03-27,601318,13:52:55,57.1600,40,2
2026-03-27,601318,13:52:58,57.1700,17,1
2026-03-27,601318,13:53:01,57.1600,134,2
2026-03-27,601318,13:53:04,57.1700,48,4
2026-03-27,601318,13:53:07,57.1700,46,2
2026-03-27,601318,13:53:10,57.1700,82,2
2026-03-27,601318,13:53:13,57.1700,56,1
2026-03-27,601318,13:53:16,57.1700,42,2
2026-03-27,601318,13:53:19,57.1700,90,2
2026-03-27,601318,13:53:22,57.1800,796,1
2026-03-27,601318,13:53:25,57.1900,333,1
2026-03-27,601318,13:53:28,57.2100,328,1
2026-03-27,601318,13:53:31,57.2100,140,1
2026-03-27,601318,13:53:34,57.2200,112,1
2026-03-27,601318,13:53:37,57.2300,146,1
2026-03-27,601318,13:53:40,57.2200,146,4
2026-03-27,601318,13:53:43,57.2100,154,2
2026-03-27,601318,13:53:46,57.2300,65,1
2026-03-27,601318,13:53:49,57.2300,20,1
2026-03-27,601318,13:53:52,57.2100,269,2
2026-03-27,601318,13:53:55,57.2100,341,1
2026-03-27,601318,13:53:58,57.2100,41,4
2026-03-27,601318,13:54:01,57.2100,110,1
2026-03-27,601318,13:54:04,57.2100,97,1
2026-03-27,601318,13:54:07,57.2100,124,1
2026-03-27,601318,13:54:10,57.2000,44,2
2026-03-27,601318,13:54:13,57.2100,101,1
2026-03-27,601318,13:54:16,57.2000,140,2
2026-03-27,601318,13:54:19,57.2000,60,2
2026-03-27,601318,13:54:22,57.2000,88,2
2026-03-27,601318,13:54:25,57.2100,269,1
2026-03-27,601318,13:54:28,57.2100,471,1
2026-03-27,601318,13:54:31,57.2200,74,1
2026-03-27,601318,13:54:34,57.2200,53,1
2026-03-27,601318,13:54:37,57.2200,47,1
2026-03-27,601318,13:54:40,57.2100,44,2
2026-03-27,601318,13:54:43,57.2100,31,2
2026-03-27,601318,13:54:46,57.2100,414,2
2026-03-27,601318,13:54:49,57.2000,151,2
2026-03-27,601318,13:54:52,57.1800,740,2
2026-03-27,601318,13:54:55,57.1700,121,2
2026-03-27,601318,13:54:58,57.1600,59,2
2026-03-27,601318,13:55:01,57.1600,89,2
2026-03-27,601318,13:55:04,57.1700,197,1
2026-03-27,601318,13:55:07,57.1600,84,2
2026-03-27,601318,13:55:10,57.1700,142,1
2026-03-27,601318,13:55:13,57.1600,171,2
2026-03-27,601318,13:55:16,57.1700,166,1
2026-03-27,601318,13:55:19,57.1600,380,2
2026-03-27,601318,13:55:22,57.1700,99,1
2026-03-27,601318,13:55:25,57.1700,119,1
2026-03-27,601318,13:55:28,57.1600,94,2
2026-03-27,601318,13:55:31,57.1500,76,2
2026-03-27,601318,13:55:34,57.1300,193,2
2026-03-27,601318,13:55:37,57.1500,105,1
2026-03-27,601318,13:55:40,57.1500,183,1
2026-03-27,601318,13:55:43,57.1600,80,1
2026-03-27,601318,13:55:46,57.1600,134,1
2026-03-27,601318,13:55:49,57.1600,32,2
2026-03-27,601318,13:55:52,57.1600,43,2
2026-03-27,601318,13:55:55,57.1600,162,2
2026-03-27,601318,13:55:58,57.1600,112,2
2026-03-27,601318,13:56:01,57.1600,22,1
2026-03-27,601318,13:56:04,57.1500,205,2
2026-03-27,601318,13:56:07,57.1400,37,2
2026-03-27,601318,13:56:10,57.1500,63,4
2026-03-27,601318,13:56:13,57.1500,151,1
2026-03-27,601318,13:56:16,57.1600,79,1
2026-03-27,601318,13:56:19,57.1500,91,2
2026-03-27,601318,13:56:22,57.1400,209,2
2026-03-27,601318,13:56:25,57.1400,69,2
2026-03-27,601318,13:56:28,57.1300,73,2
2026-03-27,601318,13:56:31,57.1300,16,2
2026-03-27,601318,13:56:34,57.1300,101,2
2026-03-27,601318,13:56:37,57.1200,93,2
2026-03-27,601318,13:56:40,57.1300,143,1
2026-03-27,601318,13:56:43,57.1300,79,1
2026-03-27,601318,13:56:46,57.1300,112,1
2026-03-27,601318,13:56:49,57.1300,134,1
2026-03-27,601318,13:56:52,57.1300,128,2
2026-03-27,601318,13:56:55,57.1400,24,1
2026-03-27,601318,13:56:58,57.1400,94,1
2026-03-27,601318,13:57:01,57.1300,41,2
2026-03-27,601318,13:57:04,57.1300,62,2
2026-03-27,601318,13:57:07,57.1200,36,2
2026-03-27,601318,13:57:10,57.1200,177,2
2026-03-27,601318,13:57:13,57.1300,129,1
2026-03-27,601318,13:57:16,57.1200,81,2
2026-03-27,601318,13:57:19,57.1300,34,1
2026-03-27,601318,13:57:22,57.1300,202,1
2026-03-27,601318,13:57:25,57.1200,260,2
2026-03-27,601318,13:57:28,57.1100,100,2
2026-03-27,601318,13:57:31,57.1100,84,2
2026-03-27,601318,13:57:34,57.1100,105,2
2026-03-27,601318,13:57:37,57.1200,46,1
2026-03-27,601318,13:57:40,57.1200,43,1
2026-03-27,601318,13:57:43,57.1100,56,2
2026-03-27,601318,13:57:46,57.1100,77,2
2026-03-27,601318,13:57:49,57.1100,70,2
2026-03-27,601318,13:57:52,57.1100,126,2
2026-03-27,601318,13:57:55,57.1100,178,4
2026-03-27,601318,13:57:58,57.1000,64,2
2026-03-27,601318,13:58:01,57.1100,88,1
2026-03-27,601318,13:58:04,57.1100,362,2
2026-03-27,601318,13:58:07,57.1100,721,1
2026-03-27,601318,13:58:10,57.1200,328,2
2026-03-27,601318,13:58:13,57.1100,106,2
2026-03-27,601318,13:58:16,57.1100,40,2
2026-03-27,601318,13:58:19,57.1100,91,2
2026-03-27,601318,13:58:22,57.1200,61,1
2026-03-27,601318,13:58:25,57.1200,87,1
2026-03-27,601318,13:58:28,57.1200,51,1
2026-03-27,601318,13:58:31,57.1200,31,1
2026-03-27,601318,13:58:34,57.1000,314,2
2026-03-27,601318,13:58:37,57.0900,486,2
2026-03-27,601318,13:58:40,57.1000,100,1
2026-03-27,601318,13:58:43,57.1000,71,1
2026-03-27,601318,13:58:46,57.1000,38,1
2026-03-27,601318,13:58:49,57.0900,39,2
2026-03-27,601318,13:58:52,57.0900,104,2
2026-03-27,601318,13:58:55,57.0800,267,2
2026-03-27,601318,13:58:58,57.0800,537,2
2026-03-27,601318,13:59:01,57.0700,85,2
2026-03-27,601318,13:59:04,57.0600,321,2
2026-03-27,601318,13:59:07,57.0500,84,2
2026-03-27,601318,13:59:10,57.0400,571,2
2026-03-27,601318,13:59:13,57.0200,400,2
2026-03-27,601318,13:59:16,57.0200,256,2
2026-03-27,601318,13:59:19,57.0200,55,2
2026-03-27,601318,13:59:22,57.0200,75,1
2026-03-27,601318,13:59:25,57.0200,470,1
2026-03-27,601318,13:59:28,57.0300,445,1
2026-03-27,601318,13:59:31,57.0300,94,2
2026-03-27,601318,13:59:34,57.0300,68,2
2026-03-27,601318,13:59:37,57.0300,208,2
2026-03-27,601318,13:59:40,57.0400,67,1
2026-03-27,601318,13:59:43,57.0300,132,2
2026-03-27,601318,13:59:46,57.0300,74,2
2026-03-27,601318,13:59:49,57.0400,141,1
2026-03-27,601318,13:59:52,57.0300,104,2
2026-03-27,601318,13:59:55,57.0300,262,2
2026-03-27,601318,13:59:58,57.0300,48,2
2026-03-27,601318,14:00:01,57.0400,36,1
2026-03-27,601318,14:00:04,57.0400,87,1
2026-03-27,601318,14:00:07,57.0300,7,2
2026-03-27,601318,14:00:10,57.0300,782,2
2026-03-27,601318,14:00:13,57.0300,268,1
2026-03-27,601318,14:00:16,57.0500,136,1
2026-03-27,601318,14:00:19,57.0600,106,1
2026-03-27,601318,14:00:22,57.0600,92,1
2026-03-27,601318,14:00:25,57.0600,277,1
2026-03-27,601318,14:00:28,57.0600,40,1
2026-03-27,601318,14:00:31,57.0600,83,1
2026-03-27,601318,14:00:34,57.0600,83,2
2026-03-27,601318,14:00:37,57.0600,177,2
2026-03-27,601318,14:00:40,57.0600,103,1
2026-03-27,601318,14:00:43,57.0600,51,2
2026-03-27,601318,14:00:46,57.0700,102,1
2026-03-27,601318,14:00:49,57.0700,48,1
2026-03-27,601318,14:00:52,57.0800,63,1
2026-03-27,601318,14:00:55,57.0700,66,2
2026-03-27,601318,14:00:58,57.0800,77,1
2026-03-27,601318,14:01:01,57.0800,25,1
2026-03-27,601318,14:01:04,57.0700,439,2
2026-03-27,601318,14:01:07,57.0700,75,2
2026-03-27,601318,14:01:10,57.0700,162,1
2026-03-27,601318,14:01:13,57.0700,61,1
2026-03-27,601318,14:01:16,57.0700,189,1
2026-03-27,601318,14:01:19,57.0700,52,1
2026-03-27,601318,14:01:22,57.0700,162,2
2026-03-27,601318,14:01:25,57.0800,14,1
2026-03-27,601318,14:01:28,57.0700,228,2
2026-03-27,601318,14:01:31,57.0700,119,2
2026-03-27,601318,14:01:34,57.0700,108,2
2026-03-27,601318,14:01:37,57.0800,189,1
2026-03-27,601318,14:01:40,57.0600,505,2
2026-03-27,601318,14:01:43,57.0500,143,2
2026-03-27,601318,14:01:46,57.0500,126,2
2026-03-27,601318,14:01:49,57.0500,45,1
2026-03-27,601318,14:01:52,57.0400,85,2
2026-03-27,601318,14:01:55,57.0400,58,1
2026-03-27,601318,14:01:58,57.0400,27,1
2026-03-27,601318,14:02:01,57.0400,3,1
2026-03-27,601318,14:02:04,57.0400,96,1
2026-03-27,601318,14:02:07,57.0300,130,2
2026-03-27,601318,14:02:10,57.0300,234,2
2026-03-27,601318,14:02:13,57.0300,253,1
2026-03-27,601318,14:02:16,57.0200,73,2
2026-03-27,601318,14:02:19,57.0300,114,1
2026-03-27,601318,14:02:22,57.0200,107,2
2026-03-27,601318,14:02:25,57.0200,52,4
2026-03-27,601318,14:02:28,57.0200,28,1
2026-03-27,601318,14:02:31,57.0200,65,1
2026-03-27,601318,14:02:34,57.0200,121,1
2026-03-27,601318,14:02:37,57.0100,68,2
2026-03-27,601318,14:02:40,57.0200,205,1
2026-03-27,601318,14:02:43,57.0200,64,2
2026-03-27,601318,14:02:46,57.0200,65,2
2026-03-27,601318,14:02:49,57.0200,63,2
2026-03-27,601318,14:02:52,57.0200,216,2
2026-03-27,601318,14:02:55,57.0200,306,2
2026-03-27,601318,14:02:58,57.0100,801,2
2026-03-27,601318,14:03:01,57.0100,152,1
2026-03-27,601318,14:03:04,57.0100,193,1
2026-03-27,601318,14:03:07,57.0100,58,1
2026-03-27,601318,14:03:10,57.0100,515,1
2026-03-27,601318,14:03:13,57.0100,129,2
2026-03-27,601318,14:03:16,57.0200,665,1
2026-03-27,601318,14:03:19,57.0200,117,2
2026-03-27,601318,14:03:22,57.0200,88,1
2026-03-27,601318,14:03:25,57.0200,42,1
2026-03-27,601318,14:03:28,57.0200,99,1
2026-03-27,601318,14:03:31,57.0100,14,2
2026-03-27,601318,14:03:34,57.0000,123,2
2026-03-27,601318,14:03:37,57.0100,32,4
2026-03-27,601318,14:03:40,57.0100,35,1
2026-03-27,601318,14:03:43,57.0100,33,1
2026-03-27,601318,14:03:46,57.0100,115,1
2026-03-27,601318,14:03:49,57.0000,141,2
2026-03-27,601318,14:03:52,57.0000,1284,2
2026-03-27,601318,14:03:55,57.0000,308,2
2026-03-27,601318,14:03:58,57.0100,43,1
2026-03-27,601318,14:04:01,57.0000,25,2
2026-03-27,601318,14:04:04,56.9900,505,2
2026-03-27,601318,14:04:07,56.9900,199,2
2026-03-27,601318,14:04:10,56.9900,113,2
2026-03-27,601318,14:04:13,56.9800,298,2
2026-03-27,601318,14:04:16,56.9900,138,1
2026-03-27,601318,14:04:19,56.9900,277,2
2026-03-27,601318,14:04:22,56.9900,92,1
2026-03-27,601318,14:04:25,57.0000,173,1
2026-03-27,601318,14:04:28,57.0000,3,1
2026-03-27,601318,14:04:31,56.9900,72,2
2026-03-27,601318,14:04:34,57.0000,74,1
2026-03-27,601318,14:04:37,56.9900,69,2
2026-03-27,601318,14:04:40,57.0000,222,1
2026-03-27,601318,14:04:43,57.0000,242,2
2026-03-27,601318,14:04:46,57.0000,111,1
2026-03-27,601318,14:04:49,57.0000,42,2
2026-03-27,601318,14:04:52,57.0100,56,1
2026-03-27,601318,14:04:55,57.0000,89,2
2026-03-27,601318,14:04:58,57.0000,35,2
2026-03-27,601318,14:05:01,57.0100,36,1
2026-03-27,601318,14:05:04,57.0000,61,2
2026-03-27,601318,14:05:07,57.0000,757,2
2026-03-27,601318,14:05:10,57.0100,65,1
2026-03-27,601318,14:05:13,57.0100,33,1
2026-03-27,601318,14:05:16,57.0000,100,2
2026-03-27,601318,14:05:19,56.9900,49,2
2026-03-27,601318,14:05:22,57.0000,54,1
2026-03-27,601318,14:05:25,57.0000,203,1
2026-03-27,601318,14:05:28,57.0000,336,2
2026-03-27,601318,14:05:31,57.0100,452,1
2026-03-27,601318,14:05:34,56.9900,80,2
2026-03-27,601318,14:05:37,56.9900,185,2
2026-03-27,601318,14:05:40,56.9800,689,2
2026-03-27,601318,14:05:43,56.9700,152,2
2026-03-27,601318,14:05:46,56.9800,194,1
2026-03-27,601318,14:05:49,56.9700,18,1
2026-03-27,601318,14:05:52,56.9700,54,1
2026-03-27,601318,14:05:55,56.9600,127,2
2026-03-27,601318,14:05:58,56.9700,28,1
2026-03-27,601318,14:06:01,56.9800,103,1
2026-03-27,601318,14:06:04,56.9700,143,2
2026-03-27,601318,14:06:07,56.9700,199,2
2026-03-27,601318,14:06:10,56.9800,186,1
2026-03-27,601318,14:06:13,56.9800,86,1
2026-03-27,601318,14:06:16,56.9800,210,1
2026-03-27,601318,14:06:19,56.9800,72,1
2026-03-27,601318,14:06:22,56.9800,144,1
2026-03-27,601318,14:06:25,56.9800,111,1
2026-03-27,601318,14:06:28,56.9800,35,1
2026-03-27,601318,14:06:31,56.9900,57,1
2026-03-27,601318,14:06:34,56.9800,72,2
2026-03-27,601318,14:06:37,56.9800,13,2
2026-03-27,601318,14:06:40,56.9900,36,1
2026-03-27,601318,14:06:43,56.9800,47,2
2026-03-27,601318,14:06:46,56.9900,75,1
2026-03-27,601318,14:06:49,56.9800,70,2
2026-03-27,601318,14:06:52,56.9900,207,1
2026-03-27,601318,14:06:55,57.0000,89,1
2026-03-27,601318,14:06:58,56.9900,67,2
2026-03-27,601318,14:07:01,56.9900,125,1
2026-03-27,601318,14:07:04,57.0000,82,1
2026-03-27,601318,10:57:04,56.8400,107,1
2026-03-27,601318,10:57:07,56.8200,332,2
2026-03-27,601318,10:57:10,56.8400,22,1
2026-03-27,601318,10:57:13,56.8400,49,1
2026-03-27,601318,10:57:16,56.8300,22,2
2026-03-27,601318,10:57:19,56.8200,66,2
2026-03-27,601318,10:57:22,56.8200,66,2
2026-03-27,601318,10:57:25,56.8200,89,2
2026-03-27,601318,10:57:28,56.8200,26,2
2026-03-27,601318,10:57:31,56.8300,51,1
2026-03-27,601318,10:57:34,56.8300,228,1
2026-03-27,601318,10:57:37,56.8400,6,1
2026-03-27,601318,10:57:40,56.8400,31,1
2026-03-27,601318,10:57:43,56.8400,64,1
2026-03-27,601318,10:57:46,56.8400,39,1
2026-03-27,601318,10:57:49,56.8300,14,2
2026-03-27,601318,10:57:52,56.8400,66,1
2026-03-27,601318,10:57:55,56.8400,35,1
2026-03-27,601318,10:57:58,56.8300,9,2
2026-03-27,601318,10:58:01,56.8300,28,2
2026-03-27,601318,10:58:04,56.8400,56,1
2026-03-27,601318,10:58:07,56.8400,39,1
2026-03-27,601318,10:58:10,56.8400,59,1
2026-03-27,601318,10:58:13,56.8300,188,2
2026-03-27,601318,10:58:16,56.8300,80,2
2026-03-27,601318,10:58:19,56.8400,121,1
2026-03-27,601318,10:58:22,56.8400,110,2
2026-03-27,601318,10:58:25,56.8400,22,1
2026-03-27,601318,10:58:28,56.8400,17,1
2026-03-27,601318,10:58:31,56.8500,28,1
2026-03-27,601318,10:58:34,56.8300,33,2
2026-03-27,601318,10:58:37,56.8400,25,1
2026-03-27,601318,10:58:40,56.8500,46,1
2026-03-27,601318,10:58:43,56.8500,94,1
2026-03-27,601318,10:58:46,56.8500,24,2
2026-03-27,601318,10:58:49,56.8600,133,1
2026-03-27,601318,10:58:52,56.8600,140,2
2026-03-27,601318,10:58:55,56.8500,61,2
2026-03-27,601318,10:58:58,56.8500,195,1
2026-03-27,601318,10:59:01,56.8500,71,1
2026-03-27,601318,10:59:04,56.8400,58,2
2026-03-27,601318,10:59:07,56.8500,83,1
2026-03-27,601318,10:59:10,56.8500,5,1
2026-03-27,601318,10:59:13,56.8400,56,2
2026-03-27,601318,10:59:16,56.8400,61,1
2026-03-27,601318,10:59:19,56.8300,33,2
2026-03-27,601318,10:59:22,56.8300,158,2
2026-03-27,601318,10:59:25,56.8300,65,2
2026-03-27,601318,10:59:28,56.8300,322,1
2026-03-27,601318,10:59:31,56.8300,50,1
2026-03-27,601318,10:59:34,56.8300,29,2
2026-03-27,601318,10:59:37,56.8300,141,2
2026-03-27,601318,10:59:40,56.8400,42,1
2026-03-27,601318,10:59:43,56.8300,49,2
2026-03-27,601318,10:59:46,56.8300,47,1
2026-03-27,601318,10:59:49,56.8300,6,1
2026-03-27,601318,10:59:52,56.8300,8,1
2026-03-27,601318,10:59:55,56.8300,95,1
2026-03-27,601318,10:59:58,56.8200,21,2
2026-03-27,601318,11:00:01,56.8200,20,2
2026-03-27,601318,11:00:04,56.8300,73,1
2026-03-27,601318,11:00:07,56.8400,94,1
2026-03-27,601318,11:00:10,56.8400,19,2
2026-03-27,601318,11:00:13,56.8500,86,1
2026-03-27,601318,11:00:16,56.8300,27,2
2026-03-27,601318,11:00:19,56.8400,21,1
2026-03-27,601318,11:00:22,56.8200,76,2
2026-03-27,601318,11:00:25,56.8300,25,1
2026-03-27,601318,11:00:28,56.8300,62,1
2026-03-27,601318,11:00:31,56.8300,92,1
2026-03-27,601318,11:00:34,56.8300,53,2
2026-03-27,601318,11:00:37,56.8400,38,1
2026-03-27,601318,11:00:40,56.8400,35,1
2026-03-27,601318,11:00:43,56.8400,38,1
2026-03-27,601318,11:00:46,56.8300,16,2
2026-03-27,601318,11:00:49,56.8400,124,1
2026-03-27,601318,11:00:52,56.8400,26,1
2026-03-27,601318,11:00:55,56.8300,47,2
2026-03-27,601318,11:00:58,56.8400,162,1
2026-03-27,601318,11:01:01,56.8500,176,1
2026-03-27,601318,11:01:04,56.8500,210,1
2026-03-27,601318,11:01:07,56.8500,24,1
2026-03-27,601318,11:01:10,56.8500,17,4
2026-03-27,601318,11:01:13,56.8600,52,1
2026-03-27,601318,11:01:16,56.8500,31,2
2026-03-27,601318,11:01:19,56.8500,21,1
2026-03-27,601318,11:01:22,56.8600,69,1
2026-03-27,601318,11:01:25,56.8500,142,2
2026-03-27,601318,11:01:28,56.8500,56,2
2026-03-27,601318,11:01:31,56.8600,60,1
2026-03-27,601318,11:01:34,56.8600,36,1
2026-03-27,601318,11:01:37,56.8600,132,2
2026-03-27,601318,11:01:40,56.8600,40,1
2026-03-27,601318,11:01:43,56.8600,14,2
2026-03-27,601318,11:01:46,56.8600,13,2
2026-03-27,601318,11:01:49,56.8600,114,2
2026-03-27,601318,11:01:52,56.8600,7,2
2026-03-27,601318,11:01:55,56.8700,44,1
2026-03-27,601318,11:01:58,56.8600,29,2
2026-03-27,601318,11:02:01,56.8700,78,1
2026-03-27,601318,11:02:04,56.8700,73,1
2026-03-27,601318,11:02:07,56.8500,154,2
2026-03-27,601318,11:02:10,56.8700,137,1
2026-03-27,601318,11:02:13,56.8600,18,4
2026-03-27,601318,11:02:16,56.8600,152,1
2026-03-27,601318,11:02:19,56.8600,46,1
2026-03-27,601318,11:02:22,56.8600,34,1
2026-03-27,601318,11:02:25,56.8600,13,1
2026-03-27,601318,11:02:28,56.8600,72,1
2026-03-27,601318,11:02:31,56.8700,50,1
2026-03-27,601318,11:02:34,56.8700,42,1
2026-03-27,601318,11:02:37,56.8600,13,2
2026-03-27,601318,11:02:40,56.8700,7,1
2026-03-27,601318,11:02:43,56.8600,27,2
2026-03-27,601318,11:02:46,56.8700,77,1
2026-03-27,601318,11:02:49,56.8700,146,1
2026-03-27,601318,11:02:52,56.8700,44,1
2026-03-27,601318,11:02:55,56.8700,77,1
2026-03-27,601318,11:02:58,56.8700,68,1
2026-03-27,601318,11:03:01,56.8700,51,1
2026-03-27,601318,11:03:04,56.8700,100,1
2026-03-27,601318,11:03:07,56.8600,61,2
2026-03-27,601318,11:03:10,56.8600,135,2
2026-03-27,601318,11:03:13,56.8700,87,1
2026-03-27,601318,11:03:16,56.8700,39,1
2026-03-27,601318,11:03:19,56.8700,261,1
2026-03-27,601318,11:03:22,56.8700,21,1
2026-03-27,601318,11:03:25,56.8800,274,1
2026-03-27,601318,11:03:28,56.8900,67,1
2026-03-27,601318,11:03:31,56.8900,15,1
2026-03-27,601318,11:03:34,56.8900,61,1
2026-03-27,601318,11:03:37,56.8900,2,1
2026-03-27,601318,11:03:40,56.8900,39,1
2026-03-27,601318,11:03:43,56.8800,326,2
2026-03-27,601318,11:03:46,56.8800,699,2
2026-03-27,601318,11:03:49,56.8800,33,1
2026-03-27,601318,11:03:52,56.8600,36,2
2026-03-27,601318,11:03:55,56.8700,156,1
2026-03-27,601318,11:03:58,56.8700,34,1
2026-03-27,601318,11:04:01,56.8600,20,2
2026-03-27,601318,11:04:04,56.8500,464,2
2026-03-27,601318,11:04:07,56.8500,40,1
2026-03-27,601318,11:04:10,56.8600,50,1
2026-03-27,601318,11:04:13,56.8600,54,1
2026-03-27,601318,11:04:16,56.8500,27,1
2026-03-27,601318,11:04:19,56.8500,17,2
2026-03-27,601318,11:04:22,56.8500,109,1
2026-03-27,601318,11:04:25,56.8500,61,4
2026-03-27,601318,11:04:28,56.8500,87,1
2026-03-27,601318,11:04:31,56.8400,84,2
2026-03-27,601318,11:04:34,56.8500,159,1
2026-03-27,601318,11:04:37,56.8400,5,1
2026-03-27,601318,11:04:40,56.8400,11,1
2026-03-27,601318,11:04:43,56.8400,41,1
2026-03-27,601318,11:04:46,56.8400,240,1
2026-03-27,601318,11:04:49,56.8500,61,4
2026-03-27,601318,11:04:52,56.8600,65,1
2026-03-27,601318,11:04:55,56.8400,61,2
2026-03-27,601318,11:04:58,56.8300,78,2
2026-03-27,601318,11:05:01,56.8400,26,4
2026-03-27,601318,11:05:04,56.8400,212,2
2026-03-27,601318,11:05:07,56.8400,27,2
2026-03-27,601318,11:05:10,56.8400,79,1
2026-03-27,601318,11:05:13,56.8400,12,2
2026-03-27,601318,11:05:16,56.8400,79,1
2026-03-27,601318,11:05:19,56.8400,34,1
2026-03-27,601318,11:05:22,56.8400,31,1
2026-03-27,601318,11:05:25,56.8400,245,2
2026-03-27,601318,11:05:28,56.8500,25,1
2026-03-27,601318,11:05:31,56.8500,48,1
2026-03-27,601318,11:05:34,56.8600,168,1
2026-03-27,601318,11:05:37,56.8600,50,1
2026-03-27,601318,11:05:40,56.8600,15,1
2026-03-27,601318,11:05:43,56.8500,56,1
2026-03-27,601318,11:05:46,56.8400,144,2
2026-03-27,601318,11:05:49,56.8500,49,1
2026-03-27,601318,11:05:52,56.8500,51,1
2026-03-27,601318,11:05:55,56.8500,42,1
2026-03-27,601318,11:05:58,56.8500,30,1
2026-03-27,601318,11:06:01,56.8400,475,2
2026-03-27,601318,11:06:04,56.8400,103,1
2026-03-27,601318,11:06:07,56.8300,4,2
2026-03-27,601318,11:06:10,56.8300,44,2
2026-03-27,601318,11:06:13,56.8300,98,2
2026-03-27,601318,11:06:16,56.8400,224,1
2026-03-27,601318,11:06:19,56.8400,2,1
2026-03-27,601318,11:06:22,56.8400,251,1
2026-03-27,601318,11:06:25,56.8400,4,1
2026-03-27,601318,11:06:28,56.8400,19,1
2026-03-27,601318,11:06:31,56.8400,13,1
2026-03-27,601318,11:06:34,56.8300,147,2
2026-03-27,601318,11:06:37,56.8400,1,1
2026-03-27,601318,11:06:40,56.8400,13,1
2026-03-27,601318,11:06:43,56.8400,17,1
2026-03-27,601318,11:06:46,56.8300,69,2
2026-03-27,601318,11:06:49,56.8400,100,1
2026-03-27,601318,11:06:52,56.8400,110,2
2026-03-27,601318,11:06:55,56.8300,26,2
2026-03-27,601318,11:06:58,56.8400,22,1
2026-03-27,601318,11:07:01,56.8400,36,1
2026-03-27,601318,11:07:04,56.8400,51,1
2026-03-27,601318,11:07:07,56.8400,23,1
2026-03-27,601318,11:07:10,56.8400,16,1
2026-03-27,601318,11:07:13,56.8500,28,1
2026-03-27,601318,11:07:16,56.8500,33,1
2026-03-27,601318,11:07:19,56.8400,76,2
2026-03-27,601318,11:07:22,56.8400,32,1
2026-03-27,601318,11:07:25,56.8400,16,1
2026-03-27,601318,11:07:28,56.8400,215,1
2026-03-27,601318,11:07:31,56.8400,25,2
2026-03-27,601318,11:07:34,56.8500,52,1
2026-03-27,601318,11:07:37,56.8500,24,1
2026-03-27,601318,11:07:40,56.8500,9,1
2026-03-27,601318,11:07:43,56.8600,33,1
2026-03-27,601318,11:07:46,56.8500,14,2
2026-03-27,601318,11:07:49,56.8600,32,1
2026-03-27,601318,11:07:52,56.8500,20,2
2026-03-27,601318,11:07:55,56.8600,156,1
2026-03-27,601318,11:07:58,56.8600,37,1
2026-03-27,601318,11:08:01,56.8600,210,1
2026-03-27,601318,11:08:04,56.8600,373,1
2026-03-27,601318,11:08:07,56.8600,26,1
2026-03-27,601318,11:08:10,56.8600,80,2
2026-03-27,601318,11:08:13,56.8600,23,2
2026-03-27,601318,11:08:16,56.8700,241,1
2026-03-27,601318,11:08:19,56.8700,17,2
2026-03-27,601318,11:08:22,56.8700,39,1
2026-03-27,601318,11:08:25,56.8800,28,1
2026-03-27,601318,11:08:28,56.8800,1,1
2026-03-27,601318,11:08:31,56.8700,23,2
2026-03-27,601318,11:08:34,56.8700,43,2
2026-03-27,601318,11:08:37,56.8800,80,1
2026-03-27,601318,11:08:40,56.8800,59,1
2026-03-27,601318,11:08:43,56.8800,41,2
2026-03-27,601318,11:08:46,56.8800,90,2
2026-03-27,601318,11:08:49,56.8900,86,1
2026-03-27,601318,11:08:52,56.8800,193,4
2026-03-27,601318,11:08:55,56.8700,99,2
2026-03-27,601318,11:08:58,56.8700,78,1
2026-03-27,601318,11:09:01,56.8800,209,1
2026-03-27,601318,11:09:04,56.8700,54,1
2026-03-27,601318,11:09:07,56.8700,16,2
2026-03-27,601318,11:09:10,56.8700,6,2
2026-03-27,601318,11:09:13,56.8700,10,2
2026-03-27,601318,11:09:16,56.8700,57,2
2026-03-27,601318,11:09:19,56.8800,25,1
2026-03-27,601318,11:09:22,56.8800,75,1
2026-03-27,601318,11:09:25,56.8800,15,2
2026-03-27,601318,11:09:28,56.8900,10,1
2026-03-27,601318,11:09:31,56.8800,133,2
2026-03-27,601318,11:09:34,56.8900,33,1
2026-03-27,601318,11:09:37,56.8800,27,2
2026-03-27,601318,11:09:40,56.8800,9,2
2026-03-27,601318,11:09:43,56.8800,72,2
2026-03-27,601318,11:09:46,56.8800,12,2
2026-03-27,601318,11:09:49,56.8900,3,1
2026-03-27,601318,11:09:52,56.8900,45,1
2026-03-27,601318,11:09:55,56.8900,27,1
2026-03-27,601318,11:09:58,56.8900,49,1
2026-03-27,601318,11:10:01,56.8800,36,2
2026-03-27,601318,11:10:04,56.8900,14,1
2026-03-27,601318,11:10:07,56.8900,17,1
2026-03-27,601318,11:10:10,56.8900,30,1
2026-03-27,601318,11:10:13,56.8800,95,2
2026-03-27,601318,11:10:16,56.8900,10,1
2026-03-27,601318,11:10:19,56.8900,19,1
2026-03-27,601318,11:10:22,56.8800,50,2
2026-03-27,601318,11:10:25,56.8700,205,2
2026-03-27,601318,11:10:28,56.8700,68,2
2026-03-27,601318,11:10:31,56.8800,4,1
2026-03-27,601318,11:10:34,56.8800,52,1
2026-03-27,601318,11:10:37,56.8700,17,2
2026-03-27,601318,11:10:40,56.8800,49,1
2026-03-27,601318,11:10:43,56.8800,63,1
2026-03-27,601318,11:10:46,56.8800,25,2
2026-03-27,601318,11:10:49,56.8700,33,2
2026-03-27,601318,11:10:52,56.8700,5,2
2026-03-27,601318,11:10:55,56.8800,69,1
2026-03-27,601318,11:10:58,56.8800,33,1
2026-03-27,601318,11:11:01,56.8700,38,2
2026-03-27,601318,11:11:04,56.8800,25,1
2026-03-27,601318,11:11:10,56.8800,77,1
2026-03-27,601318,11:11:13,56.8700,959,2
2026-03-27,601318,11:11:16,56.8600,45,4
2026-03-27,601318,11:11:19,56.8600,55,1
2026-03-27,601318,11:11:22,56.8600,25,1
2026-03-27,601318,11:11:25,56.8600,46,2
2026-03-27,601318,11:11:28,56.8600,16,1
2026-03-27,601318,11:11:31,56.8600,21,2
2026-03-27,601318,11:11:34,56.8600,36,1
2026-03-27,601318,11:11:37,56.8700,14,1
2026-03-27,601318,11:11:40,56.8600,25,2
2026-03-27,601318,11:11:43,56.8600,42,2
2026-03-27,601318,11:11:46,56.8600,14,2
2026-03-27,601318,11:11:49,56.8700,7,1
2026-03-27,601318,11:11:52,56.8700,73,1
2026-03-27,601318,11:11:55,56.8600,17,4
2026-03-27,601318,11:11:58,56.8700,14,1
2026-03-27,601318,11:12:01,56.8600,37,4
2026-03-27,601318,11:12:04,56.8600,32,1
2026-03-27,601318,11:12:07,56.8600,30,2
2026-03-27,601318,11:12:10,56.8600,33,2
2026-03-27,601318,11:12:13,56.8600,53,2
2026-03-27,601318,11:12:16,56.8800,181,1
2026-03-27,601318,11:12:19,56.8900,159,1
2026-03-27,601318,11:12:22,56.9000,67,1
2026-03-27,601318,11:12:25,56.9000,88,1
2026-03-27,601318,11:12:28,56.9000,13,1
2026-03-27,601318,11:12:31,56.9000,56,1
2026-03-27,601318,11:12:34,56.9200,50,1
2026-03-27,601318,11:12:37,56.9400,119,1
2026-03-27,601318,11:12:40,56.9400,13,4
2026-03-27,601318,11:12:43,56.9500,74,1
2026-03-27,601318,11:12:46,56.9500,25,1
2026-03-27,601318,11:12:49,56.9500,52,1
2026-03-27,601318,11:12:52,56.9400,37,2
2026-03-27,601318,11:12:55,56.9400,88,2
2026-03-27,601318,11:12:58,56.9500,10,1
2026-03-27,601318,11:13:01,56.9400,9,2
2026-03-27,601318,11:13:04,56.9400,46,4
2026-03-27,601318,11:13:07,56.9400,185,1
2026-03-27,601318,11:13:10,56.9500,64,1
2026-03-27,601318,11:13:13,56.9500,87,1
2026-03-27,601318,11:13:16,56.9500,26,1
2026-03-27,601318,11:13:19,56.9500,3,2
2026-03-27,601318,11:13:22,56.9600,86,1
2026-03-27,601318,11:13:25,56.9700,81,4
2026-03-27,601318,11:13:28,56.9800,23,1
2026-03-27,601318,11:13:31,57.0000,82,1
2026-03-27,601318,11:13:34,56.9900,23,4
2026-03-27,601318,11:13:37,56.9900,42,1
2026-03-27,601318,11:13:40,56.9900,91,1
2026-03-27,601318,11:13:43,57.0000,117,1
2026-03-27,601318,11:13:46,56.9900,21,2
2026-03-27,601318,11:13:49,57.0000,24,1
2026-03-27,601318,11:13:52,56.9900,90,2
2026-03-27,601318,11:13:55,57.0000,67,1
2026-03-27,601318,11:13:58,57.0000,67,1
2026-03-27,601318,11:14:01,57.0000,6,1
2026-03-27,601318,11:14:04,57.0000,61,1
2026-03-27,601318,11:14:07,56.9900,76,2
2026-03-27,601318,11:14:10,56.9900,21,2
2026-03-27,601318,11:14:13,57.0000,79,1
2026-03-27,601318,11:14:16,57.0000,19,1
2026-03-27,601318,11:14:19,56.9800,59,2
2026-03-27,601318,11:14:22,56.9700,75,2
2026-03-27,601318,11:14:25,56.9600,22,2
2026-03-27,601318,11:14:28,56.9800,35,1
2026-03-27,601318,11:14:31,56.9700,33,1
2026-03-27,601318,11:14:34,56.9700,34,1
2026-03-27,601318,11:14:37,56.9700,30,1
2026-03-27,601318,11:14:40,56.9700,48,1
2026-03-27,601318,11:14:43,56.9900,213,1
2026-03-27,601318,11:14:46,57.0000,108,1
2026-03-27,601318,11:14:49,56.9800,23,2
2026-03-27,601318,11:14:52,56.9900,209,1
2026-03-27,601318,11:14:55,56.9900,41,2
2026-03-27,601318,11:14:58,56.9800,40,2
2026-03-27,601318,11:15:01,56.9900,37,1
2026-03-27,601318,11:15:04,56.9800,36,4
2026-03-27,601318,11:15:07,56.9800,17,2
2026-03-27,601318,11:15:10,56.9800,20,2
2026-03-27,601318,11:15:13,56.9800,52,2
2026-03-27,601318,11:15:16,56.9700,13,2
2026-03-27,601318,11:15:19,56.9700,64,2
2026-03-27,601318,11:15:22,56.9700,68,2
2026-03-27,601318,11:15:25,56.9700,258,1
2026-03-27,601318,11:15:28,56.9800,8,2
2026-03-27,601318,11:15:31,56.9700,112,2
2026-03-27,601318,11:15:34,56.9700,31,2
2026-03-27,601318,11:15:37,56.9900,15,1
2026-03-27,601318,11:15:40,56.9900,3,1
2026-03-27,601318,11:15:43,56.9800,17,1
2026-03-27,601318,11:15:46,56.9800,22,2
2026-03-27,601318,11:15:49,56.9800,19,2
2026-03-27,601318,11:15:52,56.9900,54,1
2026-03-27,601318,11:15:55,56.9800,11,2
2026-03-27,601318,11:15:58,56.9800,47,2
2026-03-27,601318,11:16:01,56.9900,204,1
2026-03-27,601318,11:16:04,56.9900,29,2
2026-03-27,601318,11:16:07,57.0000,126,1
2026-03-27,601318,11:16:10,56.9800,7,2
2026-03-27,601318,11:16:13,57.0000,43,1
2026-03-27,601318,11:16:16,57.0000,89,1
2026-03-27,601318,11:16:19,56.9900,78,2
2026-03-27,601318,11:16:22,57.0000,78,1
2026-03-27,601318,11:16:25,56.9900,218,2
2026-03-27,601318,11:16:28,56.9900,3,1
2026-03-27,601318,11:16:31,56.9900,17,1
2026-03-27,601318,11:16:34,56.9700,90,2
2026-03-27,601318,11:16:37,56.9800,17,2
2026-03-27,601318,11:16:40,56.9700,52,2
2026-03-27,601318,11:16:43,56.9800,6,4
2026-03-27,601318,11:16:46,56.9700,58,2
2026-03-27,601318,11:16:49,56.9700,13,2
2026-03-27,601318,11:16:52,56.9700,106,2
2026-03-27,601318,11:16:55,56.9800,14,1
2026-03-27,601318,11:16:58,56.9700,51,2
2026-03-27,601318,11:17:01,56.9700,118,2
2026-03-27,601318,11:17:04,56.9700,78,2
2026-03-27,601318,11:17:07,56.9700,36,1
2026-03-27,601318,11:17:10,56.9700,16,2
2026-03-27,601318,11:17:13,56.9800,256,1
2026-03-27,601318,11:17:16,56.9800,8,1
2026-03-27,601318,11:17:19,56.9800,20,1
2026-03-27,601318,11:17:22,56.9800,33,1
2026-03-27,601318,11:17:25,56.9800,76,1
2026-03-27,601318,11:17:28,56.9900,244,1
2026-03-27,601318,11:17:31,56.9800,89,2
2026-03-27,601318,11:17:34,56.9900,64,1
2026-03-27,601318,11:17:37,57.0000,35,1
2026-03-27,601318,11:17:40,56.9900,22,1
2026-03-27,601318,11:17:43,56.9900,66,1
2026-03-27,601318,11:17:46,56.9800,31,2
2026-03-27,601318,11:17:49,56.9700,31,2
2026-03-27,601318,11:17:52,56.9700,50,2
2026-03-27,601318,11:17:55,56.9800,18,1
2026-03-27,601318,11:17:58,56.9800,62,1
2026-03-27,601318,11:18:01,56.9800,23,1
2026-03-27,601318,11:18:04,56.9700,38,2
2026-03-27,601318,11:18:07,56.9800,14,1
2026-03-27,601318,11:18:10,56.9800,64,2
2026-03-27,601318,11:18:13,56.9800,36,2
2026-03-27,601318,11:18:16,56.9700,161,2
2026-03-27,601318,11:18:19,56.9500,268,2
2026-03-27,601318,11:18:22,56.9500,75,2
2026-03-27,601318,11:18:25,56.9500,42,1
2026-03-27,601318,11:18:28,56.9400,47,2
2026-03-27,601318,11:18:31,56.9400,36,2
2026-03-27,601318,11:18:34,56.9300,105,2
2026-03-27,601318,11:18:37,56.9200,29,2
2026-03-27,601318,11:18:40,56.9300,71,1
2026-03-27,601318,11:18:43,56.9000,90,2
2026-03-27,601318,11:18:46,56.9000,22,2
2026-03-27,601318,11:18:49,56.9000,2,2
2026-03-27,601318,11:18:52,56.9000,3,2
2026-03-27,601318,11:18:55,56.9000,51,2
2026-03-27,601318,11:18:58,56.9000,42,2
2026-03-27,601318,11:19:01,56.9000,27,2
2026-03-27,601318,11:19:04,56.9000,46,2
2026-03-27,601318,11:19:07,56.9000,101,2
2026-03-27,601318,11:19:10,56.9000,128,2
2026-03-27,601318,11:19:13,56.9100,162,1
2026-03-27,601318,11:19:16,56.8800,65,2
2026-03-27,601318,11:19:19,56.9000,56,1
2026-03-27,601318,11:19:22,56.8800,95,2
2026-03-27,601318,11:19:25,56.8800,109,2
2026-03-27,601318,11:19:28,56.8800,50,2
2026-03-27,601318,11:19:31,56.8700,52,2
2026-03-27,601318,11:19:34,56.8700,69,2
2026-03-27,601318,11:19:37,56.8800,41,1
2026-03-27,601318,11:19:40,56.8600,60,2
2026-03-27,601318,11:19:43,56.8800,69,1
2026-03-27,601318,11:19:46,56.8600,31,2
2026-03-27,601318,11:19:49,56.8400,253,2
2026-03-27,601318,11:19:52,56.8600,88,1
2026-03-27,601318,11:19:55,56.8500,128,2
2026-03-27,601318,11:19:58,56.8500,485,1
2026-03-27,601318,11:20:01,56.8300,73,2
2026-03-27,601318,11:20:04,56.8300,60,2
2026-03-27,601318,11:20:07,56.8300,50,2
2026-03-27,601318,11:20:10,56.8200,157,2
2026-03-27,601318,11:20:13,56.8300,77,1
2026-03-27,601318,11:20:16,56.8200,72,2
2026-03-27,601318,11:20:19,56.8300,30,1
2026-03-27,601318,11:20:22,56.8300,127,1
2026-03-27,601318,11:20:25,56.8300,60,1
2026-03-27,601318,11:20:28,56.8200,76,2
2026-03-27,601318,11:20:31,56.8100,1084,2
2026-03-27,601318,11:20:34,56.8100,300,1
2026-03-27,601318,11:20:37,56.8100,57,1
2026-03-27,601318,11:20:40,56.8100,329,1
