date,code,time,price,volume,bs
2026-06-24,600519,14:05:31,1209.0000,3,1
2026-06-24,600519,14:05:34,1208.6801,6,2
2026-06-24,600519,14:05:37,1208.6700,5,2
2026-06-24,600519,14:05:40,1208.6801,4,1
2026-06-24,600519,14:05:43,1208.6400,5,2
2026-06-24,600519,14:05:46,1208.6400,5,2
2026-06-24,600519,14:05:49,1208.6300,3,2
2026-06-24,600519,14:05:52,1208.7300,5,1
2026-06-24,600519,14:05:55,1208.6400,5,2
2026-06-24,600519,14:05:58,1208.6400,3,2
2026-06-24,600519,14:06:04,1208.6400,6,2
2026-06-24,600519,14:06:08,1208.6400,10,2
2026-06-24,600519,14:06:10,1208.6300,7,2
2026-06-24,600519,14:06:13,1208.7500,2,1
2026-06-24,600519,14:06:16,1208.7500,5,2
2026-06-24,600519,14:06:19,1208.7800,5,1
2026-06-24,600519,14:06:22,1208.7500,15,2
2026-06-24,600519,14:06:25,1208.7400,9,2
2026-06-24,600519,14:06:29,1208.7300,9,2
2026-06-24,600519,14:06:31,1208.7500,8,1
2026-06-24,600519,14:06:34,1208.7300,10,2
2026-06-24,600519,14:06:37,1208.6600,8,2
2026-06-24,600519,14:06:41,1208.6600,5,2
2026-06-24,600519,14:06:43,1208.6500,7,2
2026-06-24,600519,14:06:46,1208.6400,4,2
2026-06-24,600519,14:06:49,1208.6500,5,2
2026-06-24,600519,14:06:53,1208.6600,14,2
2026-06-24,600519,14:06:56,1208.6300,4,2
2026-06-24,600519,14:06:58,1208.6300,14,2
2026-06-24,600519,14:07:02,1208.7500,14,1
2026-06-24,600519,14:07:04,1208.6300,19,1
2026-06-24,600519,14:07:08,1208.6000,10,2
2026-06-24,600519,14:07:11,1208.5699,32,2
2026-06-24,600519,14:07:13,1208.5500,9,2
2026-06-24,600519,14:07:17,1208.4100,175,2
2026-06-24,600519,14:07:19,1208.3600,8,2
2026-06-24,600519,14:07:22,1208.2600,29,2
2026-06-24,600519,14:07:26,1208.2200,13,2
2026-06-24,600519,14:07:28,1208.1500,9,2
2026-06-24,600519,14:07:31,1208.0000,134,2
2026-06-24,600519,14:07:34,1208.0000,89,2
2026-06-24,600519,14:07:37,1208.0000,40,2
2026-06-24,600519,14:07:40,1208.0000,49,2
2026-06-24,600519,14:07:44,1208.0000,9,2
2026-06-24,600519,14:07:46,1208.0400,9,1
2026-06-24,600519,14:07:49,1208.0100,13,2
2026-06-24,600519,14:07:52,1208.0400,10,1
2026-06-24,600519,14:07:55,1208.0200,7,2
2026-06-24,600519,14:07:58,1208.0400,2,2
2026-06-24,600519,14:08:01,1208.0400,2,2
2026-06-24,600519,14:08:05,1208.0900,29,1
2026-06-24,600519,14:08:07,1208.1100,17,1
2026-06-24,600519,14:08:10,1208.0400,8,2
2026-06-24,600519,14:08:14,1208.0000,188,2
2026-06-24,600519,14:08:16,1207.8800,8,2
2026-06-24,600519,14:08:19,1208.0000,3,1
2026-06-24,600519,14:08:23,1207.9900,2,1
2026-06-24,600519,14:08:25,1207.9900,7,1
2026-06-24,600519,14:08:29,1207.8199,4,2
2026-06-24,600519,14:08:31,1208.0000,1,1
2026-06-24,600519,14:08:34,1207.9900,3,2
2026-06-24,600519,14:08:37,1207.9900,1,1
2026-06-24,600519,14:08:40,1207.8000,16,2
2026-06-24,600519,14:08:43,1207.8000,10,2
2026-06-24,600519,14:08:47,1207.9700,2,1
2026-06-24,600519,14:08:50,1207.7900,7,2
2026-06-24,600519,14:08:52,1207.7700,1,2
2026-06-24,600519,14:08:55,1207.7500,14,2
2026-06-24,600519,14:08:58,1207.6600,9,2
2026-06-24,600519,14:09:02,1207.6801,4,2
2026-06-24,600519,14:09:04,1207.8000,6,1
2026-06-24,600519,14:09:07,1207.7900,4,2
2026-06-24,600519,14:09:11,1207.7500,6,2
2026-06-24,600519,14:09:13,1207.8800,12,1
2026-06-24,600519,14:09:17,1207.7500,8,2
2026-06-24,600519,14:09:19,1207.8000,3,2
2026-06-24,600519,14:09:22,1207.7700,2,2
2026-06-24,600519,14:09:25,1207.7700,4,2
2026-06-24,600519,14:09:28,1207.7700,4,2
2026-06-24,600519,14:09:31,1207.7000,13,2
2026-06-24,600519,14:09:35,1207.7500,10,2
2026-06-24,600519,14:09:37,1207.6500,5,2
2026-06-24,600519,14:09:40,1207.7000,2,1
2026-06-24,600519,14:09:43,1207.6801,4,2
2026-06-24,600519,14:09:46,1207.7000,7,1
2026-06-24,600519,14:09:49,1207.7200,6,1
2026-06-24,600519,14:09:52,1207.7000,5,2
2026-06-24,600519,14:09:56,1207.7000,4,2
2026-06-24,600519,14:09:58,1207.7000,6,2
2026-06-24,600519,14:10:02,1207.6899,3,2
2026-06-24,600519,14:10:04,1207.7100,5,2
2026-06-24,600519,14:10:07,1207.6801,6,2
2026-06-24,600519,14:10:10,1207.7300,5,1
2026-06-24,600519,14:10:13,1207.7400,1,1
2026-06-24,600519,14:10:16,1207.6500,3,2
2026-06-24,600519,14:10:19,1207.6500,5,2
2026-06-24,600519,14:10:22,1207.6801,6,1
2026-06-24,600519,14:10:25,1207.6500,9,2
2026-06-24,600519,14:10:28,1207.6400,7,2
2026-06-24,600519,14:10:35,1207.6801,3,2
2026-06-24,600519,14:10:37,1207.6600,2,2
2026-06-24,600519,14:10:41,1207.6100,37,2
2026-06-24,600519,14:10:43,1207.6100,1,1
2026-06-24,600519,14:10:46,1207.7400,111,1
2026-06-24,600519,14:10:49,1208.0000,71,1
2026-06-24,600519,14:10:52,1208.1100,8,1
2026-06-24,600519,14:10:55,1208.1899,2,1
2026-06-24,600519,14:10:58,1208.4000,3,1
2026-06-24,600519,14:11:01,1208.5500,8,1
2026-06-24,600519,14:11:04,1208.5500,3,2
2026-06-24,600519,14:11:07,1208.5500,3,2
2026-06-24,600519,14:11:10,1208.7500,8,1
2026-06-24,600519,14:11:16,1208.7500,4,2
2026-06-24,600519,14:11:19,1208.8800,1,1
2026-06-24,600519,14:11:22,1208.8700,3,2
2026-06-24,600519,14:11:25,1208.8700,6,2
2026-06-24,600519,14:11:28,1208.8199,4,2
2026-06-24,600519,14:11:31,1208.7400,26,2
2026-06-24,600519,14:11:35,1208.7300,8,2
2026-06-24,600519,14:11:37,1208.5500,7,2
2026-06-24,600519,14:11:40,1208.8800,2,1
2026-06-24,600519,14:11:43,1208.8300,1,1
2026-06-24,600519,14:11:46,1208.8800,2,1
2026-06-24,600519,14:11:49,1208.5500,3,2
2026-06-24,600519,14:11:52,1208.8900,2,2
2026-06-24,600519,14:11:55,1208.9000,2,1
2026-06-24,600519,14:11:58,1208.8300,4,2
2026-06-24,600519,14:12:01,1208.8300,2,2
2026-06-24,600519,14:12:05,1208.8900,8,1
2026-06-24,600519,14:12:07,1208.7400,3,2
2026-06-24,600519,14:12:10,1208.5500,4,2
2026-06-24,600519,14:12:13,1208.7500,1,1
2026-06-24,600519,14:12:16,1208.7500,6,1
2026-06-24,600519,14:12:19,1208.5500,2,2
2026-06-24,600519,14:12:22,1208.0000,37,2
2026-06-24,600519,14:12:26,1208.0000,9,2
2026-06-24,600519,14:12:28,1208.4000,6,1
2026-06-24,600519,14:12:31,1208.0100,2,2
2026-06-24,600519,14:12:37,1208.0000,5,2
2026-06-24,600519,14:12:40,1208.0000,3,2
2026-06-24,600519,14:12:44,1208.0000,10,2
2026-06-24,600519,14:12:46,1208.0000,4,1
2026-06-24,600519,14:12:50,1207.8300,6,2
2026-06-24,600519,14:12:52,1208.0000,5,1
2026-06-24,600519,14:12:55,1208.0000,5,1
2026-06-24,600519,14:12:58,1207.9500,3,2
2026-06-24,600519,14:13:01,1207.6600,12,2
2026-06-24,600519,14:13:04,1207.6899,20,1
2026-06-24,600519,14:13:07,1207.6100,4,2
2026-06-24,600519,14:13:10,1207.6000,7,2
2026-06-24,600519,14:13:13,1207.6801,5,1
2026-06-24,600519,14:13:16,1207.6600,6,1
2026-06-24,600519,14:13:19,1207.6700,15,1
2026-06-24,600519,14:13:22,1207.5800,6,2
2026-06-24,600519,14:13:25,1207.6700,3,1
2026-06-24,600519,14:13:28,1207.6700,6,1
2026-06-24,600519,14:13:31,1207.6801,1,1
2026-06-24,600519,14:13:35,1207.6801,5,1
2026-06-24,600519,14:13:37,1207.6801,4,2
2026-06-24,600519,14:13:43,1207.7100,4,1
2026-06-24,600519,14:13:46,1207.7700,4,1
2026-06-24,600519,14:13:49,1207.7800,3,1
2026-06-24,600519,14:13:53,1207.7800,2,1
2026-06-24,600519,14:13:55,1207.8000,3,1
2026-06-24,600519,14:13:58,1207.8000,1,1
2026-06-24,600519,14:14:01,1207.8000,4,1
2026-06-24,600519,14:14:04,1207.7800,4,2
2026-06-24,600519,14:14:07,1207.7800,6,2
2026-06-24,600519,14:14:10,1207.7800,15,2
2026-06-24,600519,14:14:13,1207.7900,6,1
2026-06-24,600519,14:14:16,1207.7800,1,1
2026-06-24,600519,14:14:19,1207.7000,6,2
2026-06-24,600519,14:14:22,1207.7700,6,1
2026-06-24,600519,14:14:25,1207.7800,1,1
2026-06-24,600519,14:14:28,1207.6899,7,2
2026-06-24,600519,14:14:31,1207.7200,4,1
2026-06-24,600519,14:14:34,1207.6899,6,2
2026-06-24,600519,14:14:37,1207.7000,1,1
2026-06-24,600519,14:14:40,1207.6899,8,2
2026-06-24,600519,14:14:43,1207.6899,5,1
2026-06-24,600519,14:14:46,1207.6899,14,1
2026-06-24,600519,14:14:49,1207.7700,4,1
2026-06-24,600519,14:14:52,1207.7000,3,2
2026-06-24,600519,14:14:55,1207.6801,12,2
2026-06-24,600519,14:14:58,1207.7800,6,1
2026-06-24,600519,14:15:01,1207.7800,3,2
2026-06-24,600519,14:15:04,1207.7800,1,2
2026-06-24,600519,14:15:07,1207.7200,4,2
2026-06-24,600519,14:15:10,1207.7400,2,2
2026-06-24,600519,14:15:13,1207.7000,2,2
2026-06-24,600519,14:15:22,1207.7000,6,2
2026-06-24,600519,14:15:25,1207.7000,2,2
2026-06-24,600519,14:15:28,1207.7800,3,1
2026-06-24,600519,14:15:32,1207.7900,14,1
2026-06-24,600519,14:15:34,1207.7100,3,2
2026-06-24,600519,14:15:37,1207.7000,23,2
2026-06-24,600519,14:15:40,1207.7100,6,4
2026-06-24,600519,14:15:43,1207.7300,6,1
2026-06-24,600519,14:15:46,1207.7200,1,2
2026-06-24,600519,14:15:49,1207.7200,3,4
2026-06-24,600519,14:15:52,1207.7200,15,4
2026-06-24,600519,14:15:55,1207.7300,1,2
2026-06-24,600519,14:15:58,1207.7200,4,2
2026-06-24,600519,14:16:01,1207.7200,7,2
2026-06-24,600519,14:16:05,1207.7200,9,2
2026-06-24,600519,14:16:07,1207.7200,11,4
2026-06-24,600519,14:16:10,1207.7200,7,1
2026-06-24,600519,14:16:13,1207.7000,2,2
2026-06-24,600519,14:16:16,1207.7200,5,1
2026-06-24,600519,14:16:19,1207.7300,2,2
2026-06-24,600519,14:16:22,1207.7200,2,2
2026-06-24,600519,14:16:25,1207.7200,4,2
2026-06-24,600519,14:16:29,1207.7500,6,1
2026-06-24,600519,14:16:31,1207.7300,4,2
2026-06-24,600519,14:16:34,1207.7700,2,1
2026-06-24,600519,14:16:37,1207.7800,2,2
2026-06-24,600519,14:16:40,1207.8101,2,1
2026-06-24,600519,14:16:43,1207.8000,3,1
2026-06-24,600519,14:16:46,1207.8000,3,1
2026-06-24,600519,14:16:49,1207.8000,13,1
2026-06-24,600519,14:16:52,1207.8101,3,4
2026-06-24,600519,14:16:55,1207.8199,9,2
2026-06-24,600519,14:16:59,1207.8000,6,2
2026-06-24,600519,14:17:02,1207.8500,1,1
2026-06-24,600519,14:17:04,1207.8500,3,1
2026-06-24,600519,14:17:07,1207.8500,8,2
2026-06-24,600519,14:17:10,1207.8500,5,2
2026-06-24,600519,14:17:13,1207.8000,9,2
2026-06-24,600519,14:17:17,1207.6801,34,2
2026-06-24,600519,14:17:19,1207.6899,10,2
2026-06-24,600519,14:17:22,1207.6600,15,2
2026-06-24,600519,14:17:25,1207.6600,10,2
2026-06-24,600519,14:17:28,1207.6000,9,2
2026-06-24,600519,14:17:31,1207.6000,9,2
2026-06-24,600519,14:17:34,1207.6100,6,1
2026-06-24,600519,14:17:37,1207.6200,2,1
2026-06-24,600519,14:17:40,1207.5800,13,2
2026-06-24,600519,14:17:43,1207.6000,2,1
2026-06-24,600519,14:17:46,1207.6200,4,1
2026-06-24,600519,14:17:49,1207.6300,3,1
2026-06-24,600519,14:17:52,1207.6100,4,2
2026-06-24,600519,14:17:56,1207.6300,7,1
2026-06-24,600519,14:17:58,1207.5800,5,2
2026-06-24,600519,14:18:01,1207.5601,4,2
2026-06-24,600519,14:18:04,1207.5800,4,2
2026-06-24,600519,14:18:08,1207.6300,1,1
2026-06-24,600519,14:18:11,1207.6600,2,1
2026-06-24,600519,14:18:13,1207.6300,2,2
2026-06-24,600519,14:18:16,1207.6700,1,1
2026-06-24,600519,14:18:20,1207.6700,6,1
2026-06-24,600519,14:18:22,1207.5800,6,2
2026-06-24,600519,14:18:25,1207.6600,1,1
2026-06-24,600519,14:18:28,1207.6700,16,1
2026-06-24,600519,14:18:31,1207.6700,1,2
2026-06-24,600519,14:18:34,1207.6600,10,2
2026-06-24,600519,14:18:37,1207.6600,14,2
2026-06-24,600519,14:18:40,1207.6500,3,1
2026-06-24,600519,14:18:43,1207.5800,3,2
2026-06-24,600519,14:18:49,1207.6600,4,1
2026-06-24,600519,14:18:53,1207.6500,5,2
2026-06-24,600519,14:18:56,1207.6000,4,2
2026-06-24,600519,14:18:58,1207.6600,5,1
2026-06-24,600519,14:19:01,1207.6700,2,1
2026-06-24,600519,14:19:05,1207.6700,4,1
2026-06-24,600519,14:19:07,1207.6801,10,1
2026-06-24,600519,14:19:10,1207.7000,10,1
2026-06-24,600519,14:19:13,1207.7000,3,1
2026-06-24,600519,14:19:16,1207.7000,4,1
2026-06-24,600519,14:19:19,1207.7100,6,1
2026-06-24,600519,14:19:22,1207.6600,61,2
2026-06-24,600519,14:19:26,1207.6700,15,1
2026-06-24,600519,14:19:28,1207.6600,7,2
2026-06-24,600519,14:19:31,1207.6000,61,2
2026-06-24,600519,14:19:34,1207.6700,1,1
2026-06-24,600519,14:19:37,1207.5500,49,2
2026-06-24,600519,14:19:40,1207.5400,9,2
2026-06-24,600519,14:19:43,1207.6899,31,1
2026-06-24,600519,14:19:46,1207.6801,10,2
2026-06-24,600519,14:19:49,1207.6600,2,1
2026-06-24,600519,14:19:53,1207.6600,4,1
2026-06-24,600519,14:19:55,1207.6700,4,1
2026-06-24,600519,14:19:58,1207.6000,5,2
2026-06-24,600519,14:20:01,1207.6000,7,2
2026-06-24,600519,14:20:05,1207.6801,6,1
2026-06-24,600519,14:20:07,1207.6801,2,2
2026-06-24,600519,14:20:10,1207.6899,3,1
2026-06-24,600519,14:20:17,1207.6801,5,2
2026-06-24,600519,14:20:19,1207.7200,2,1
2026-06-24,600519,14:20:22,1207.7200,1,1
2026-06-24,600519,14:20:25,1207.7000,2,2
2026-06-24,600519,14:20:28,1207.7200,1,1
2026-06-24,600519,14:20:31,1207.7000,12,2
2026-06-24,600519,14:20:34,1207.7000,6,2
2026-06-24,600519,14:20:37,1207.7100,2,1
2026-06-24,600519,14:20:41,1207.7000,10,2
2026-06-24,600519,14:20:43,1207.7000,2,2
2026-06-24,600519,14:20:46,1207.7000,9,2
2026-06-24,600519,14:20:50,1207.7100,5,1
2026-06-24,600519,14:20:52,1207.7000,11,2
2026-06-24,600519,14:20:56,1207.7400,8,1
2026-06-24,600519,14:20:58,1207.7200,3,2
2026-06-24,600519,14:21:01,1207.7200,3,2
2026-06-24,600519,14:21:04,1207.7700,4,1
2026-06-24,600519,14:21:10,1207.7600,6,2
2026-06-24,600519,14:21:14,1207.7600,2,4
2026-06-24,600519,14:21:16,1207.7900,5,1
2026-06-24,600519,14:21:22,1207.8000,5,2
2026-06-24,600519,14:21:28,1207.7700,5,2
2026-06-24,600519,14:21:32,1207.7800,7,2
2026-06-24,600519,14:21:34,1207.7600,4,2
2026-06-24,600519,14:21:37,1207.7900,3,2
2026-06-24,600519,14:21:40,1207.7700,8,2
2026-06-24,600519,14:21:43,1207.7900,8,1
2026-06-24,600519,14:21:47,1207.7600,11,2
2026-06-24,600519,14:21:49,1207.7700,2,2
2026-06-24,600519,14:21:52,1207.7700,1,2
2026-06-24,600519,14:21:55,1207.7300,4,2
2026-06-24,600519,14:21:58,1207.7900,14,1
2026-06-24,600519,14:22:01,1207.8000,3,1
2026-06-24,600519,14:22:04,1207.7700,1,2
2026-06-24,600519,14:22:08,1207.7600,3,2
2026-06-24,600519,14:22:10,1207.8000,11,1
2026-06-24,600519,14:22:13,1207.8000,2,2
2026-06-24,600519,14:22:16,1207.8000,2,2
2026-06-24,600519,14:22:19,1207.7900,10,2
2026-06-24,600519,14:22:22,1207.7500,8,2
2026-06-24,600519,14:22:26,1207.7500,28,2
2026-06-24,600519,14:22:31,1207.8000,2,1
2026-06-24,600519,14:22:34,1207.8000,4,1
2026-06-24,600519,14:22:37,1207.8000,4,1
2026-06-24,600519,14:22:40,1207.8000,4,1
2026-06-24,600519,14:22:43,1207.8000,2,2
2026-06-24,600519,14:22:49,1207.8101,2,1
2026-06-24,600519,14:22:52,1207.8000,6,2
2026-06-24,600519,14:22:55,1207.7900,15,2
2026-06-24,600519,14:22:58,1207.7500,8,2
2026-06-24,600519,14:23:02,1207.8500,8,1
2026-06-24,600519,14:23:04,1207.7100,25,2
2026-06-24,600519,14:23:07,1207.7200,10,2
2026-06-24,600519,14:23:10,1207.7100,14,2
2026-06-24,600519,14:23:13,1207.7100,5,2
2026-06-24,600519,14:23:16,1207.7200,9,1
2026-06-24,600519,14:23:20,1207.7100,12,2
2026-06-24,600519,14:23:22,1207.7100,9,2
2026-06-24,600519,14:23:26,1207.7200,16,1
2026-06-24,600519,14:23:29,1207.7300,11,1
2026-06-24,600519,14:23:31,1207.7200,11,4
2026-06-24,600519,14:23:35,1207.7100,9,2
2026-06-24,600519,14:23:37,1207.7300,9,1
2026-06-24,600519,14:23:40,1207.7300,2,1
2026-06-24,600519,14:23:44,1207.7200,3,1
2026-06-24,600519,14:23:46,1207.7300,3,1
2026-06-24,600519,14:23:49,1207.7400,3,1
2026-06-24,600519,14:23:52,1207.7200,3,2
2026-06-24,600519,14:23:56,1207.7400,2,2
2026-06-24,600519,14:23:58,1207.7900,2,1
2026-06-24,600519,14:24:01,1207.7600,5,2
2026-06-24,600519,14:24:04,1207.7400,3,2
2026-06-24,600519,14:24:08,1207.8000,7,1
2026-06-24,600519,14:24:10,1207.7500,4,2
2026-06-24,600519,14:24:13,1207.7500,7,2
2026-06-24,600519,14:24:17,1207.7300,5,2
2026-06-24,600519,14:24:20,1207.7200,18,2
2026-06-24,600519,14:24:22,1207.7200,6,2
2026-06-24,600519,14:24:25,1207.7300,12,4
2026-06-24,600519,14:24:28,1207.7200,7,2
2026-06-24,600519,14:24:31,1207.7200,11,2
2026-06-24,600519,14:24:35,1207.7500,8,1
2026-06-24,600519,14:24:37,1207.7200,2,2
2026-06-24,600519,14:24:40,1207.7500,2,2
2026-06-24,600519,14:24:43,1207.7300,9,2
2026-06-24,600519,14:24:46,1207.7400,8,1
2026-06-24,600519,14:24:50,1207.7200,21,2
2026-06-24,600519,14:24:53,1207.7400,4,2
2026-06-24,600519,14:24:55,1207.7500,5,1
2026-06-24,600519,14:24:58,1207.7300,9,2
2026-06-24,600519,14:25:02,1207.7200,8,2
2026-06-24,600519,14:25:04,1207.7500,10,1
2026-06-24,600519,14:25:07,1207.7600,5,1
2026-06-24,600519,14:25:10,1207.7600,2,1
2026-06-24,600519,14:25:13,1207.7300,8,2
2026-06-24,600519,14:25:16,1207.7500,2,1
2026-06-24,600519,14:25:19,1207.7300,10,2
2026-06-24,600519,14:25:22,1207.7500,17,1
2026-06-24,600519,14:25:25,1207.7500,8,1
2026-06-24,600519,14:25:28,1207.7400,4,1
2026-06-24,600519,14:25:31,1207.7300,7,2
2026-06-24,600519,14:25:34,1207.7400,10,1
2026-06-24,600519,14:25:37,1207.7300,3,4
2026-06-24,600519,14:25:41,1207.7500,3,1
2026-06-24,600519,14:25:43,1207.7500,5,1
2026-06-24,600519,14:25:46,1207.7500,4,1
2026-06-24,600519,14:25:49,1207.7500,7,1
2026-06-24,600519,14:25:53,1207.7500,7,1
2026-06-24,600519,14:25:55,1207.7200,9,2
2026-06-24,600519,14:25:58,1207.7400,4,1
2026-06-24,600519,14:26:01,1207.7500,17,1
2026-06-24,600519,14:26:04,1207.7300,5,2
2026-06-24,600519,14:26:07,1207.7500,3,2
2026-06-24,600519,14:26:10,1207.7500,4,2
2026-06-24,600519,14:26:13,1207.7300,4,2
2026-06-24,600519,14:26:16,1207.7700,7,1
2026-06-24,600519,14:26:20,1207.7700,4,1
2026-06-24,600519,14:26:22,1207.7700,2,2
2026-06-24,600519,14:26:26,1207.7900,1,1
2026-06-24,600519,14:26:29,1207.8000,6,1
2026-06-24,600519,14:26:31,1207.8199,1,1
2026-06-24,600519,14:26:35,1207.8199,13,1
2026-06-24,600519,14:26:38,1207.7900,17,2
2026-06-24,600519,14:26:40,1207.8000,6,2
2026-06-24,600519,14:26:43,1207.8300,4,1
2026-06-24,600519,14:26:46,1207.8400,2,1
2026-06-24,600519,14:26:49,1207.8500,4,1
2026-06-24,600519,14:26:52,1207.8700,6,1
2026-06-24,600519,14:26:56,1207.8600,2,4
2026-06-24,600519,14:26:59,1207.8700,1,1
2026-06-24,600519,14:27:01,1207.8700,6,2
2026-06-24,600519,14:27:04,1207.8700,2,2
2026-06-24,600519,14:27:07,1207.8600,11,2
2026-06-24,600519,14:27:13,1207.8900,5,2
2026-06-24,600519,14:27:16,1207.8900,5,2
2026-06-24,600519,14:27:20,1207.8500,17,2
2026-06-24,600519,14:27:22,1207.8900,6,1
2026-06-24,600519,14:27:26,1207.8500,4,1
2026-06-24,600519,14:27:28,1207.9000,10,1
2026-06-24,600519,14:27:31,1207.9000,5,1
2026-06-24,600519,14:27:35,1207.9000,4,1
2026-06-24,600519,14:27:37,1207.9000,3,1
2026-06-24,600519,14:27:40,1207.8900,5,2
2026-06-24,600519,14:27:44,1207.9399,2,1
2026-06-24,600519,14:27:47,1207.9000,1,2
2026-06-24,600519,14:27:52,1207.9100,3,2
2026-06-24,600519,14:27:55,1207.9301,11,1
2026-06-24,600519,14:27:59,1207.9800,11,1
2026-06-24,600519,14:28:01,1207.9399,6,4
2026-06-24,600519,14:28:05,1207.9900,3,1
2026-06-24,600519,14:28:07,1208.0000,4,1
2026-06-24,600519,14:28:10,1208.0000,13,1
2026-06-24,600519,14:28:13,1208.0000,4,1
2026-06-24,600519,14:28:16,1208.0800,7,1
2026-06-24,600519,14:28:19,1208.3199,5,1
2026-06-24,600519,14:28:22,1208.1400,2,2
2026-06-24,600519,14:28:25,1208.1700,3,2
2026-06-24,600519,14:28:29,1208.7100,9,1
2026-06-24,600519,14:28:31,1208.1500,6,2
2026-06-24,600519,14:28:34,1208.1600,6,2
2026-06-24,600519,14:28:38,1208.0200,11,2
2026-06-24,600519,14:28:41,1208.6899,15,1
2026-06-24,600519,14:28:43,1208.6700,3,1
2026-06-24,600519,14:28:47,1208.6200,12,1
2026-06-24,600519,14:28:49,1208.6600,11,1
2026-06-24,600519,14:28:52,1208.6700,3,1
2026-06-24,600519,14:28:56,1208.6899,6,1
2026-06-24,600519,14:28:58,1208.7000,2,1
2026-06-24,600519,14:29:01,1208.7000,3,1
2026-06-24,600519,14:29:04,1208.7400,2,1
2026-06-24,600519,14:29:07,1208.7500,8,1
2026-06-24,600519,14:29:10,1208.7600,3,1
2026-06-24,600519,14:29:13,1208.7700,4,1
2026-06-24,600519,14:29:16,1208.7600,6,2
2026-06-24,600519,14:29:19,1208.7800,6,2
2026-06-24,600519,14:29:22,1208.7800,9,2
2026-06-24,600519,14:29:26,1208.8300,2,2
2026-06-24,600519,14:29:28,1208.8300,7,1
2026-06-24,600519,14:29:31,1209.9399,1,1
2026-06-24,600519,14:29:34,1209.1801,4,2
2026-06-24,600519,14:29:38,1208.8900,2,2
2026-06-24,600519,14:29:40,1209.9000,4,1
2026-06-24,600519,14:29:44,1209.8900,2,1
2026-06-24,600519,14:29:46,1209.8800,3,1
2026-06-24,600519,14:29:49,1209.1801,4,2
2026-06-24,600519,14:29:52,1209.6801,5,1
2026-06-24,600519,14:29:55,1209.2400,10,2
2026-06-24,600519,14:29:59,1208.8700,8,2
2026-06-24,600519,14:30:01,1208.8000,5,2
2026-06-24,600519,14:30:04,1208.8600,13,1
2026-06-24,600519,14:30:07,1208.8300,10,2
2026-06-24,600519,14:30:10,1208.6899,25,2
2026-06-24,600519,14:30:17,1208.8900,1,2
2026-06-24,600519,14:30:19,1208.8600,1,2
2026-06-24,600519,14:30:23,1208.8300,5,2
2026-06-24,600519,14:30:25,1208.9399,35,1
2026-06-24,600519,14:30:28,1209.8199,1,1
2026-06-24,600519,14:30:31,1208.8600,4,2
2026-06-24,600519,14:30:34,1209.8000,6,1
2026-06-24,600519,14:30:37,1208.8101,10,2
2026-06-24,600519,14:30:41,1208.9100,7,1
2026-06-24,600519,14:30:43,1208.9200,4,1
2026-06-24,600519,14:30:46,1208.9100,1,2
2026-06-24,600519,14:30:49,1209.7700,6,1
2026-06-24,600519,14:30:52,1209.7000,8,1
2026-06-24,600519,14:30:55,1209.5400,6,1
2026-06-24,600519,14:30:58,1209.5400,1,1
2026-06-24,600519,14:31:01,1209.5400,15,1
2026-06-24,600519,14:31:04,1209.5400,6,1
2026-06-24,600519,14:31:07,1209.1200,5,2
2026-06-24,600519,14:31:10,1209.1200,6,1
2026-06-24,600519,14:31:13,1209.0000,3,2
2026-06-24,600519,14:31:16,1209.0000,4,2
2026-06-24,600519,14:31:19,1209.1600,12,1
2026-06-24,600519,14:31:23,1209.0000,5,2
2026-06-24,600519,14:31:25,1208.6500,13,2
2026-06-24,600519,14:31:28,1208.4500,12,2
2026-06-24,600519,14:31:32,1208.4301,8,1
2026-06-24,600519,14:31:34,1208.0300,9,2
2026-06-24,600519,14:31:37,1208.0000,9,2
2026-06-24,600519,14:31:40,1208.0000,16,2
2026-06-24,600519,14:31:43,1208.0000,12,2
2026-06-24,600519,14:31:46,1208.0200,13,2
2026-06-24,600519,14:31:49,1208.0000,25,2
2026-06-24,600519,14:31:52,1208.4500,4,1
2026-06-24,600519,14:31:55,1208.0400,9,2
2026-06-24,600519,14:31:58,1208.0400,7,1
2026-06-24,600519,14:32:01,1208.0400,9,1
2026-06-24,600519,14:32:04,1208.0400,20,1
2026-06-24,600519,14:32:07,1208.0000,15,2
2026-06-24,600519,14:32:10,1208.0400,2,1
2026-06-24,600519,14:32:13,1208.0300,3,2
2026-06-24,600519,14:32:16,1208.0800,5,1
2026-06-24,600519,14:32:19,1208.0800,3,1
2026-06-24,600519,14:32:22,1208.1899,7,1
2026-06-24,600519,14:32:26,1208.4301,7,1
2026-06-24,600519,14:32:28,1208.4600,2,1
2026-06-24,600519,14:32:31,1208.4600,5,1
2026-06-24,600519,14:32:35,1208.4700,1,1
2026-06-24,600519,14:32:37,1208.5500,10,1
2026-06-24,600519,14:32:40,1208.6600,8,1
2026-06-24,600519,14:32:44,1208.4800,2,2
2026-06-24,600519,14:32:46,1208.9500,12,1
2026-06-24,600519,14:32:49,1208.4900,6,2
2026-06-24,600519,14:32:55,1208.4900,3,2
2026-06-24,600519,14:32:58,1208.5000,2,2
2026-06-24,600519,14:33:01,1208.9100,6,1
2026-06-24,600519,14:33:04,1208.9700,23,1
2026-06-24,600519,14:33:07,1208.5000,2,2
2026-06-24,600519,14:33:10,1208.5000,4,2
2026-06-24,600519,14:33:14,1208.9399,2,1
2026-06-24,600519,14:33:16,1208.5000,17,2
2026-06-24,600519,14:33:20,1208.9399,2,1
2026-06-24,600519,14:33:22,1208.5000,3,2
2026-06-24,600519,14:33:25,1208.9000,2,1
2026-06-24,600519,14:33:28,1208.5000,3,2
2026-06-24,600519,14:33:31,1208.5000,3,2
2026-06-24,600519,14:33:35,1208.9000,3,1
2026-06-24,600519,14:33:38,1208.9000,7,1
2026-06-24,600519,14:33:41,1208.8900,3,1
2026-06-24,600519,14:33:43,1208.8700,7,1
2026-06-24,600519,14:33:46,1208.9000,6,1
2026-06-24,600519,14:33:49,1208.4600,2,2
2026-06-24,600519,14:33:52,1208.4500,4,2
2026-06-24,600519,14:33:55,1208.4700,7,1
2026-06-24,600519,14:33:59,1208.4800,6,2
2026-06-24,600519,14:34:02,1208.4800,5,4
2026-06-24,600519,14:34:04,1208.1600,10,2
2026-06-24,600519,14:34:07,1208.0900,9,2
2026-06-24,600519,14:34:10,1208.0800,3,2
2026-06-24,600519,14:34:13,1208.0800,5,2
2026-06-24,600519,14:34:16,1208.1100,8,1
2026-06-24,600519,14:34:19,1208.1300,7,1
2026-06-24,600519,14:34:22,1208.1100,4,2
2026-06-24,600519,14:34:25,1208.1600,3,1
2026-06-24,600519,14:34:28,1208.0900,6,2
2026-06-24,600519,14:34:32,1208.0900,7,2
2026-06-24,600519,14:34:35,1208.0900,4,2
2026-06-24,600519,14:34:37,1208.0900,10,2
2026-06-24,600519,14:34:40,1208.0800,6,2
2026-06-24,600519,14:34:43,1208.1000,3,2
2026-06-24,600519,14:34:46,1208.1400,5,1
2026-06-24,600519,14:34:49,1208.1600,6,1
2026-06-24,600519,14:34:52,1208.0900,2,2
2026-06-24,600519,14:34:56,1208.0900,4,2
2026-06-24,600519,14:34:59,1208.0800,9,2
2026-06-24,600519,14:35:01,1208.1000,4,1
2026-06-24,600519,14:35:04,1208.0800,7,1
2026-06-24,600519,14:35:07,1208.0900,5,1
2026-06-24,600519,14:35:10,1208.0900,6,2
2026-06-24,600519,14:35:13,1208.1000,3,2
2026-06-24,600519,14:35:16,1208.1400,2,1
2026-06-24,600519,14:35:19,1208.1400,6,1
2026-06-24,600519,14:35:26,1208.1200,4,1
2026-06-24,600519,14:35:28,1208.1200,19,1
2026-06-24,600519,14:35:31,1208.1200,5,1
2026-06-24,600519,14:35:34,1208.1000,4,1
2026-06-24,600519,14:35:38,1208.0100,2,2
2026-06-24,600519,14:35:40,1208.0100,5,2
2026-06-24,600519,14:35:43,1208.0500,5,1
2026-06-24,600519,14:35:46,1207.9600,103,2
2026-06-24,600519,14:35:49,1207.9500,14,2
2026-06-24,600519,14:35:52,1207.9200,4,2
2026-06-24,600519,14:35:55,1207.9000,3,2
2026-06-24,600519,14:35:58,1207.8900,3,2
2026-06-24,600519,14:36:01,1207.8400,17,2
2026-06-24,600519,14:36:04,1207.9100,1,1
2026-06-24,600519,14:36:07,1207.8500,3,2
2026-06-24,600519,14:36:11,1207.9200,2,1
2026-06-24,600519,14:36:13,1207.9301,3,1
2026-06-24,600519,14:36:16,1207.9800,6,1
2026-06-24,600519,14:36:19,1207.9900,6,1
2026-06-24,600519,14:36:23,1207.9800,4,1
2026-06-24,600519,14:36:29,1207.9800,3,2
2026-06-24,600519,14:36:31,1207.9900,2,1
2026-06-24,600519,14:36:34,1207.9800,4,2
2026-06-24,600519,14:36:37,1207.9800,4,2
2026-06-24,600519,14:36:40,1207.9900,3,4
2026-06-24,600519,14:36:43,1208.0000,2,1
2026-06-24,600519,14:36:50,1208.0000,4,2
2026-06-24,600519,14:36:52,1208.0100,7,1
2026-06-24,600519,14:36:56,1208.0100,2,2
2026-06-24,600519,14:36:58,1208.0200,1,4
2026-06-24,600519,14:37:01,1208.0300,5,1
2026-06-24,600519,14:37:05,1208.0300,2,4
2026-06-24,600519,14:37:07,1208.0800,3,1
2026-06-24,600519,14:37:10,1208.1500,34,1
2026-06-24,600519,14:37:14,1208.1700,2,1
2026-06-24,600519,14:37:16,1208.1700,2,1
2026-06-24,600519,14:37:19,1208.2200,4,1
2026-06-24,600519,14:37:23,1208.2500,3,1
2026-06-24,600519,14:37:26,1208.2500,3,2
2026-06-24,600519,14:37:28,1208.4000,1,1
2026-06-24,600519,14:37:31,1208.4000,6,1
2026-06-24,600519,14:37:34,1208.3000,9,2
2026-06-24,600519,14:37:38,1208.1700,9,2
2026-06-24,600519,14:37:40,1208.3000,4,1
2026-06-24,600519,14:37:43,1208.1300,1,2
2026-06-24,600519,14:37:47,1208.2800,3,1
2026-06-24,600519,14:37:49,1208.1300,5,2
2026-06-24,600519,14:37:53,1208.1801,7,1
2026-06-24,600519,14:37:55,1208.2700,3,1
2026-06-24,600519,14:37:58,1208.1801,4,2
2026-06-24,600519,14:38:02,1208.2700,7,2
2026-06-24,600519,14:38:05,1208.2700,3,1
2026-06-24,600519,14:38:07,1208.1801,6,2
2026-06-24,600519,14:38:10,1208.1000,6,2
2026-06-24,600519,14:38:14,1208.1500,1,1
2026-06-24,600519,14:38:16,1208.0800,6,2
2026-06-24,600519,14:38:19,1208.0500,13,2
2026-06-24,600519,14:38:22,1208.0000,42,2
2026-06-24,600519,14:38:25,1207.9800,8,2
2026-06-24,600519,14:38:28,1208.0000,13,4
2026-06-24,600519,14:38:31,1207.9500,14,2
2026-06-24,600519,14:38:34,1208.0200,9,1
2026-06-24,600519,14:38:37,1207.9100,6,2
2026-06-24,600519,14:38:40,1207.8800,5,2
2026-06-24,600519,14:38:43,1207.8800,5,2
2026-06-24,600519,14:38:46,1207.9399,3,1
2026-06-24,600519,14:38:50,1207.8800,1,2
2026-06-24,600519,14:38:52,1207.9000,10,2
2026-06-24,600519,14:38:56,1207.9399,6,1
2026-06-24,600519,14:38:58,1207.9399,4,1
2026-06-24,600519,14:39:01,1207.8800,9,2
2026-06-24,600519,14:39:04,1207.8500,10,2
2026-06-24,600519,14:39:07,1207.9100,9,2
2026-06-24,600519,14:39:10,1207.9399,5,1
2026-06-24,600519,14:39:13,1207.8500,5,2
2026-06-24,600519,14:39:16,1207.9399,8,1
2026-06-24,600519,14:39:20,1207.8500,8,2
2026-06-24,600519,14:39:22,1207.8800,3,1
2026-06-24,600519,14:39:25,1207.8500,16,2
2026-06-24,600519,14:39:29,1207.8600,6,1
2026-06-24,600519,14:39:31,1207.8600,35,1
2026-06-24,600519,14:39:34,1207.8300,9,2
2026-06-24,600519,14:39:37,1207.8199,9,2
2026-06-24,600519,14:39:40,1207.8600,8,1
2026-06-24,600519,14:39:44,1207.8199,6,2
2026-06-24,600519,14:39:46,1207.8600,11,1
2026-06-24,600519,14:39:49,1207.8199,12,2
2026-06-24,600519,14:39:52,1207.8600,2,4
2026-06-24,600519,14:39:55,1207.8199,9,2
2026-06-24,600519,14:39:59,1207.8101,7,2
2026-06-24,600519,14:40:01,1207.8199,18,2
2026-06-24,600519,14:40:04,1207.8199,10,1
2026-06-24,600519,14:40:07,1207.8199,21,1
2026-06-24,600519,14:40:10,1207.7900,43,2
2026-06-24,600519,14:40:13,1207.7800,16,2
2026-06-24,600519,14:40:16,1207.7900,10,2
2026-06-24,600519,14:40:19,1207.8000,10,2
2026-06-24,600519,14:40:22,1207.7800,5,2
2026-06-24,600519,14:40:25,1207.7800,8,2
2026-06-24,600519,14:40:28,1207.7500,26,2
2026-06-24,600519,14:40:31,1207.7200,54,2
2026-06-24,600519,14:40:34,1207.7100,24,2
2026-06-24,600519,14:40:38,1207.7200,40,1
2026-06-24,600519,14:40:40,1207.7100,9,2
2026-06-24,600519,14:40:44,1207.7600,18,1
2026-06-24,600519,14:40:46,1207.7500,7,2
2026-06-24,600519,14:40:49,1207.7500,7,2
2026-06-24,600519,14:40:52,1207.7600,6,1
2026-06-24,600519,14:40:55,1207.7300,15,2
2026-06-24,600519,14:40:58,1207.7600,9,1
2026-06-24,600519,14:41:01,1207.7500,12,4
2026-06-24,600519,14:41:04,1207.7400,9,2
2026-06-24,600519,14:41:07,1207.7500,11,1
2026-06-24,600519,14:41:10,1207.7400,4,2
2026-06-24,600519,14:41:13,1207.7500,9,1
2026-06-24,600519,14:41:17,1207.7500,8,1
2026-06-24,600519,14:41:19,1207.7500,11,1
2026-06-24,600519,14:41:22,1207.7500,9,1
2026-06-24,600519,14:41:25,1207.7600,5,4
2026-06-24,600519,14:41:28,1207.7500,5,2
2026-06-24,600519,14:41:34,1207.7600,12,1
2026-06-24,600519,14:41:37,1207.7600,1,2
2026-06-24,600519,14:41:41,1207.7700,3,4
2026-06-24,600519,14:41:43,1207.7800,4,1
2026-06-24,600519,14:41:47,1207.7600,8,2
2026-06-24,600519,14:41:49,1207.7800,4,1
2026-06-24,600519,14:41:52,1207.7500,4,2
2026-06-24,600519,14:41:56,1207.7500,7,2
2026-06-24,600519,14:41:58,1207.7500,18,2
2026-06-24,600519,14:42:01,1207.7500,7,2
2026-06-24,600519,14:42:04,1207.7500,6,2
2026-06-24,600519,14:42:07,1207.8000,2,1
2026-06-24,600519,14:42:10,1207.8000,2,1
2026-06-24,600519,14:42:13,1207.8101,10,1
2026-06-24,600519,14:42:16,1207.8000,7,2
2026-06-24,600519,14:42:19,1207.8500,4,1
2026-06-24,600519,14:42:25,1207.8000,5,2
2026-06-24,600519,14:42:28,1207.7600,8,2
2026-06-24,600519,14:42:31,1207.8400,3,1
2026-06-24,600519,14:42:34,1207.8500,12,1
2026-06-24,600519,14:42:37,1207.7600,6,2
2026-06-24,600519,14:42:41,1207.8800,5,1
2026-06-24,600519,14:42:43,1207.8199,9,2
2026-06-24,600519,14:42:49,1207.9000,4,1
2026-06-24,600519,14:42:52,1207.9200,4,1
2026-06-24,600519,14:42:55,1207.9301,1,1
2026-06-24,600519,14:42:58,1207.9200,1,1
2026-06-24,600519,14:43:01,1207.9200,8,1
2026-06-24,600519,14:43:04,1207.9200,5,2
2026-06-24,600519,14:43:07,1207.9000,4,2
2026-06-24,600519,14:43:10,1207.9100,10,4
2026-06-24,600519,14:43:13,1207.9100,4,1
2026-06-24,600519,14:43:16,1207.9301,1,1
2026-06-24,600519,14:43:20,1207.9301,4,1
2026-06-24,600519,14:43:25,1207.9000,9,2
2026-06-24,600519,14:43:29,1207.9399,3,1
2026-06-24,600519,14:43:31,1207.9399,3,1
2026-06-24,600519,14:43:35,1207.9500,5,1
2026-06-24,600519,14:43:37,1207.9399,5,2
2026-06-24,600519,14:43:43,1207.9600,3,1
2026-06-24,600519,14:43:49,1207.9700,7,1
2026-06-24,600519,14:43:52,1207.9800,3,1
2026-06-24,600519,14:43:58,1207.9700,4,2
2026-06-24,600519,14:44:01,1207.9600,12,2
2026-06-24,600519,14:44:04,1207.9301,28,2
2026-06-24,600519,14:44:07,1207.9301,15,1
2026-06-24,600519,14:44:10,1207.8900,4,2
2026-06-24,600519,14:44:13,1207.8900,5,4
2026-06-24,600519,14:44:16,1207.8900,9,1
2026-06-24,600519,14:44:20,1207.9000,4,1
2026-06-24,600519,14:44:22,1207.8900,6,2
2026-06-24,600519,14:44:25,1207.8900,7,1
2026-06-24,600519,14:44:31,1207.8900,3,1
2026-06-24,600519,14:44:34,1207.8900,16,1
2026-06-24,600519,14:44:38,1207.8600,6,2
2026-06-24,600519,14:44:41,1207.8600,4,2
2026-06-24,600519,14:44:43,1207.8700,4,1
2026-06-24,600519,14:44:46,1207.8600,6,2
2026-06-24,600519,14:44:49,1207.8700,9,1
2026-06-24,600519,14:44:52,1207.8700,7,1
2026-06-24,600519,14:44:55,1207.8700,1,2
2026-06-24,600519,14:44:58,1207.9100,2,1
2026-06-24,600519,14:45:01,1207.9301,6,1
2026-06-24,600519,14:45:04,1207.9200,4,1
2026-06-24,600519,14:45:07,1207.9000,10,2
2026-06-24,600519,14:45:10,1207.9500,3,1
2026-06-24,600519,14:45:13,1207.9800,8,1
2026-06-24,600519,14:45:16,1207.9800,1,1
2026-06-24,600519,14:45:20,1207.9500,11,2
2026-06-24,600519,14:45:22,1207.9200,8,2
2026-06-24,600519,14:45:25,1207.9399,9,1
2026-06-24,600519,14:45:28,1207.9200,7,2
2026-06-24,600519,14:45:31,1207.9200,4,2
2026-06-24,600519,14:45:34,1207.9399,23,1
2026-06-24,600519,14:45:37,1207.8700,18,2
2026-06-24,600519,14:45:40,1207.9200,3,4
2026-06-24,600519,14:45:43,1207.9399,9,1
2026-06-24,600519,14:45:46,1207.9100,3,1
2026-06-24,600519,14:45:49,1207.9399,4,1
2026-06-24,600519,14:45:52,1207.9500,3,1
2026-06-24,600519,14:45:58,1207.9301,4,2
2026-06-24,600519,14:46:02,1207.9100,7,2
2026-06-24,600519,14:46:04,1207.9000,6,2
2026-06-24,600519,14:46:07,1207.9200,3,1
2026-06-24,600519,14:46:10,1207.9200,6,4
2026-06-24,600519,14:46:14,1207.9301,2,1
2026-06-24,600519,14:46:17,1207.9200,4,1
2026-06-24,600519,14:46:19,1207.9200,8,1
2026-06-24,600519,14:46:23,1207.9000,4,2
2026-06-24,600519,14:46:26,1207.9200,7,1
2026-06-24,600519,14:46:28,1207.9301,15,1
2026-06-24,600519,14:46:31,1207.9100,2,2
2026-06-24,600519,14:46:34,1207.9301,4,1
2026-06-24,600519,14:46:40,1207.9000,21,2
2026-06-24,600519,14:46:43,1207.8800,16,2
2026-06-24,600519,14:46:46,1207.9200,5,1
2026-06-24,600519,14:46:49,1207.9200,4,1
2026-06-24,600519,14:46:52,1207.8900,4,2
2026-06-24,600519,14:46:55,1207.9200,2,1
2026-06-24,600519,14:46:58,1207.9200,1,1
2026-06-24,600519,14:47:01,1207.9200,8,1
2026-06-24,600519,14:47:04,1207.9200,13,1
2026-06-24,600519,14:47:07,1207.8800,23,2
2026-06-24,600519,14:47:10,1207.8600,25,2
2026-06-24,600519,14:47:13,1207.8101,10,2
2026-06-24,600519,14:47:16,1207.8500,5,1
2026-06-24,600519,14:47:19,1207.8600,8,1
2026-06-24,600519,14:47:22,1207.8600,5,2
2026-06-24,600519,14:47:25,1207.8500,8,2
2026-06-24,600519,14:47:29,1207.8900,17,1
2026-06-24,600519,14:47:31,1207.8500,9,4
2026-06-24,600519,14:47:34,1207.8300,8,2
2026-06-24,600519,14:47:37,1207.8500,9,1
2026-06-24,600519,14:47:41,1207.8500,3,1
2026-06-24,600519,14:47:43,1207.8500,17,1
2026-06-24,600519,14:47:46,1207.8500,6,1
2026-06-24,600519,14:47:49,1207.8900,9,1
2026-06-24,600519,14:47:52,1207.8800,2,2
2026-06-24,600519,14:47:55,1207.8900,3,1
2026-06-24,600519,14:47:58,1207.8900,11,1
2026-06-24,600519,14:48:02,1207.8900,3,1
2026-06-24,600519,14:48:04,1207.8900,7,1
2026-06-24,600519,14:48:07,1207.8800,4,1
2026-06-24,600519,14:48:10,1207.8800,4,1
2026-06-24,600519,14:48:14,1207.8600,1,2
2026-06-24,600519,14:48:16,1207.8900,4,2
2026-06-24,600519,14:48:19,1207.9000,5,1
2026-06-24,600519,14:48:23,1207.8800,2,2
2026-06-24,600519,14:48:25,1207.8900,1,2
2026-06-24,600519,14:48:28,1207.9100,8,1
2026-06-24,600519,14:48:31,1207.9000,5,2
2026-06-24,600519,14:48:34,1207.9100,6,1
2026-06-24,600519,14:48:37,1207.9200,2,1
2026-06-24,600519,14:48:40,1207.9200,10,1
2026-06-24,600519,14:48:43,1207.9200,4,2
2026-06-24,600519,14:48:47,1207.9301,5,1
2026-06-24,600519,14:48:49,1207.9399,5,1
2026-06-24,600519,14:48:52,1207.9301,1,2
2026-06-24,600519,14:48:55,1207.9500,1,4
2026-06-24,600519,14:48:58,1207.9301,6,2
2026-06-24,600519,14:49:01,1207.9100,10,2
2026-06-24,600519,14:49:05,1207.8900,18,2
2026-06-24,600519,14:49:07,1207.8900,15,2
2026-06-24,600519,14:49:10,1207.9100,17,1
2026-06-24,600519,14:49:13,1207.9000,3,2
2026-06-24,600519,14:49:16,1207.9500,14,1
2026-06-24,600519,14:49:19,1207.9500,6,1
2026-06-24,600519,14:49:22,1207.9900,26,1
2026-06-24,600519,14:49:25,1207.9900,15,1
2026-06-24,600519,14:49:28,1207.9000,13,2
2026-06-24,600519,14:49:32,1207.9800,23,1
2026-06-24,600519,14:49:35,1207.9900,7,1
2026-06-24,600519,14:49:37,1207.9200,2,2
2026-06-24,600519,14:49:40,1207.9100,5,2
2026-06-24,600519,14:49:43,1207.9200,7,2
2026-06-24,600519,14:49:46,1207.9700,9,1
2026-06-24,600519,14:49:49,1207.9600,6,1
2026-06-24,600519,14:49:52,1207.9100,8,2
2026-06-24,600519,14:49:55,1207.9399,7,1
2026-06-24,600519,14:49:58,1207.9600,6,1
2026-06-24,600519,14:50:01,1207.9500,13,2
2026-06-24,600519,14:50:05,1207.9500,6,1
2026-06-24,600519,14:50:07,1207.9500,7,1
2026-06-24,600519,14:50:10,1207.9500,7,1
2026-06-24,600519,14:50:13,1207.9200,30,2
2026-06-24,600519,14:50:16,1207.9900,28,1
2026-06-24,600519,14:50:19,1207.9900,7,1
2026-06-24,600519,14:50:22,1208.0000,26,1
2026-06-24,600519,14:50:25,1207.9600,12,2
2026-06-24,600519,14:50:28,1207.9900,7,1
2026-06-24,600519,14:50:31,1207.9500,6,2
2026-06-24,600519,14:50:34,1207.9500,6,2
2026-06-24,600519,14:50:37,1207.9200,5,2
2026-06-24,600519,14:50:40,1207.9200,14,2
2026-06-24,600519,14:50:43,1207.9399,4,2
2026-06-24,600519,14:50:47,1207.9200,5,2
2026-06-24,600519,14:50:49,1208.0000,15,1
2026-06-24,600519,14:50:52,1208.0000,5,2
2026-06-24,600519,14:50:56,1208.0000,2,2
2026-06-24,600519,14:50:58,1208.0100,14,1
2026-06-24,600519,14:51:02,1207.9500,16,2
2026-06-24,600519,14:51:04,1208.0000,23,1
2026-06-24,600519,14:51:07,1207.9800,4,1
2026-06-24,600519,14:51:11,1207.9600,5,2
2026-06-24,600519,14:51:13,1207.9900,5,1
2026-06-24,600519,14:51:16,1207.9700,4,1
2026-06-24,600519,14:51:19,1207.9600,12,2
2026-06-24,600519,14:51:22,1207.9700,11,1
2026-06-24,600519,14:51:25,1207.9700,0,1
2026-06-24,600519,14:51:28,1207.9900,2,1
2026-06-24,600519,14:51:31,1207.9800,25,2
2026-06-24,600519,14:51:34,1207.9800,5,1
2026-06-24,600519,14:51:37,1207.9900,6,1
2026-06-24,600519,14:51:40,1207.9700,7,2
2026-06-24,600519,14:51:43,1207.9600,15,2
2026-06-24,600519,14:51:46,1207.9700,4,1
2026-06-24,600519,14:51:49,1207.9800,6,1
2026-06-24,600519,14:51:52,1207.9600,4,2
2026-06-24,600519,14:51:55,1207.9600,12,2
2026-06-24,600519,14:51:59,1207.9700,5,2
2026-06-24,600519,14:52:01,1207.9900,23,1
2026-06-24,600519,14:52:04,1207.9600,5,2
2026-06-24,600519,14:52:07,1207.9600,3,2
2026-06-24,600519,14:52:10,1207.9900,5,1
2026-06-24,600519,14:52:13,1208.0000,14,1
2026-06-24,600519,14:52:17,1208.0000,2,2
2026-06-24,600519,14:52:19,1208.0100,8,1
2026-06-24,600519,14:52:22,1207.9800,16,2
2026-06-24,600519,14:52:25,1208.0000,11,1
2026-06-24,600519,14:52:28,1207.9900,6,1
2026-06-24,600519,14:52:31,1208.0000,5,1
2026-06-24,600519,14:52:35,1208.0000,2,1
2026-06-24,600519,14:52:37,1207.9900,2,2
2026-06-24,600519,14:52:40,1208.0000,8,2
2026-06-24,600519,14:52:43,1208.0000,7,2
2026-06-24,600519,14:52:46,1208.0100,15,1
2026-06-24,600519,14:52:49,1207.9900,8,4
2026-06-24,600519,14:52:52,1208.0100,7,1
2026-06-24,600519,14:52:55,1208.0100,8,1
2026-06-24,600519,14:52:58,1208.0000,6,2
2026-06-24,600519,14:53:02,1208.0000,9,2
2026-06-24,600519,14:53:04,1208.0000,21,2
2026-06-24,600519,14:53:07,1208.0000,21,2
2026-06-24,600519,14:53:10,1207.9700,20,2
2026-06-24,600519,14:53:13,1207.9800,7,2
2026-06-24,600519,14:53:16,1208.0000,3,1
2026-06-24,600519,14:53:19,1208.0000,6,1
2026-06-24,600519,14:53:22,1208.0000,11,1
2026-06-24,600519,14:53:25,1208.0000,14,1
2026-06-24,600519,14:53:28,1208.0000,13,2
2026-06-24,600519,14:53:31,1208.0200,7,1
2026-06-24,600519,14:53:34,1208.0000,6,2
2026-06-24,600519,14:53:38,1208.0000,9,2
2026-06-24,600519,14:53:40,1208.0100,13,1
2026-06-24,600519,14:53:43,1208.0100,18,1
2026-06-24,600519,14:53:46,1208.0100,11,1
2026-06-24,600519,14:53:49,1208.0000,60,2
2026-06-24,600519,14:53:53,1208.0200,16,1
2026-06-24,600519,14:53:55,1208.0200,3,1
2026-06-24,600519,14:53:59,1208.0100,2,2
2026-06-24,600519,14:54:01,1208.0200,20,2
2026-06-24,600519,14:54:05,1208.0100,13,2
2026-06-24,600519,14:54:07,1208.0100,2,2
2026-06-24,600519,14:54:10,1208.0100,6,1
2026-06-24,600519,14:54:13,1208.0100,22,1
2026-06-24,600519,14:54:17,1208.0200,20,1
2026-06-24,600519,14:54:19,1208.0100,13,1
2026-06-24,600519,14:54:22,1208.0000,12,2
2026-06-24,600519,14:54:25,1208.0100,4,2
2026-06-24,600519,14:54:28,1208.0100,9,2
2026-06-24,600519,14:54:32,1208.0100,4,2
2026-06-24,600519,14:54:34,1208.0300,9,1
2026-06-24,600519,14:54:37,1208.0100,6,2
2026-06-24,600519,14:54:40,1208.0200,12,1
2026-06-24,600519,14:54:43,1208.0100,12,2
2026-06-24,600519,14:54:47,1208.0200,10,4
2026-06-24,600519,14:54:50,1208.0200,13,2
2026-06-24,600519,14:54:52,1208.0100,9,4
2026-06-24,600519,14:54:55,1208.0200,52,1
2026-06-24,600519,14:54:58,1207.9800,45,2
2026-06-24,600519,14:55:01,1207.9600,49,2
2026-06-24,600519,14:55:04,1207.9600,26,2
2026-06-24,600519,14:55:07,1207.9800,19,1
2026-06-24,600519,14:55:11,1207.9700,3,1
2026-06-24,600519,14:55:13,1207.9800,7,1
2026-06-24,600519,14:55:17,1207.9700,17,2
2026-06-24,600519,14:55:19,1207.9800,9,1
2026-06-24,600519,14:55:23,1208.0000,17,1
2026-06-24,600519,14:55:25,1208.0000,9,1
2026-06-24,600519,14:55:28,1207.9500,10,2
2026-06-24,600519,14:55:31,1207.9900,2,1
2026-06-24,600519,14:55:34,1207.9399,10,2
2026-06-24,600519,14:55:37,1207.9800,10,1
2026-06-24,600519,14:55:41,1207.9500,6,2
2026-06-24,600519,14:55:43,1207.9700,9,4
2026-06-24,600519,14:55:46,1208.0000,15,1
2026-06-24,600519,14:55:49,1207.9800,4,1
2026-06-24,600519,14:55:52,1207.9700,5,2
2026-06-24,600519,14:55:55,1207.9900,21,4
2026-06-24,600519,14:55:58,1207.9800,3,2
2026-06-24,600519,14:56:02,1207.9800,8,2
2026-06-24,600519,14:56:04,1207.9800,58,2
2026-06-24,600519,14:56:07,1207.9800,18,1
2026-06-24,600519,14:56:10,1207.9900,11,1
2026-06-24,600519,14:56:14,1207.9500,18,2
2026-06-24,600519,14:56:16,1208.0000,5,2
2026-06-24,600519,14:56:19,1208.0900,15,1
2026-06-24,600519,14:56:22,1208.0900,6,2
2026-06-24,600519,14:56:25,1208.0900,3,1
2026-06-24,600519,14:56:28,1208.1400,19,1
2026-06-24,600519,14:56:31,1208.1400,7,2
2026-06-24,600519,14:56:34,1208.1700,8,1
2026-06-24,600519,14:56:37,1208.0400,2,2
2026-06-24,600519,14:56:40,1208.1000,6,2
2026-06-24,600519,14:56:43,1208.1300,4,1
2026-06-24,600519,14:56:46,1208.1400,8,2
2026-06-24,600519,14:56:49,1208.1600,13,1
2026-06-24,600519,14:56:53,1208.1400,4,2
2026-06-24,600519,14:56:55,1208.1400,5,1
2026-06-24,600519,14:56:59,1208.1400,10,1
2026-06-24,600519,15:00:04,1207.6801,874,4
2026-06-24,600519,13:13:49,1211.9700,1,2
2026-06-24,600519,13:13:55,1212.1100,3,1
2026-06-24,600519,13:13:59,1212.0900,1,2
2026-06-24,600519,13:14:01,1212.0900,14,2
2026-06-24,600519,13:14:05,1212.0800,9,1
2026-06-24,600519,13:14:08,1211.6801,70,2
2026-06-24,600519,13:14:11,1211.6400,7,2
2026-06-24,600519,13:14:13,1211.6000,7,2
2026-06-24,600519,13:14:16,1211.6801,1,1
2026-06-24,600519,13:14:19,1211.6500,3,2
2026-06-24,600519,13:14:22,1211.6000,5,2
2026-06-24,600519,13:14:25,1211.6400,6,1
2026-06-24,600519,13:14:31,1211.6400,1,1
2026-06-24,600519,13:14:34,1211.6801,4,1
2026-06-24,600519,13:14:37,1211.6400,5,2
2026-06-24,600519,13:14:40,1211.6600,2,1
2026-06-24,600519,13:14:43,1211.6600,1,1
2026-06-24,600519,13:14:46,1211.6400,2,2
2026-06-24,600519,13:14:49,1211.6500,4,1
2026-06-24,600519,13:14:52,1211.6600,3,1
2026-06-24,600519,13:14:55,1211.6400,2,2
2026-06-24,600519,13:14:58,1211.6600,3,1
2026-06-24,600519,13:15:01,1211.6500,8,2
2026-06-24,600519,13:15:04,1212.0000,52,1
2026-06-24,600519,13:15:08,1212.1000,6,1
2026-06-24,600519,13:15:10,1212.1000,2,1
2026-06-24,600519,13:15:14,1212.1100,3,1
2026-06-24,600519,13:15:16,1212.1300,4,1
2026-06-24,600519,13:15:19,1212.0000,13,2
2026-06-24,600519,13:15:22,1211.6600,12,2
2026-06-24,600519,13:15:25,1211.6600,2,2
2026-06-24,600519,13:15:28,1211.6600,6,2
2026-06-24,600519,13:15:32,1211.6600,3,1
2026-06-24,600519,13:15:34,1211.5800,3,2
2026-06-24,600519,13:15:38,1211.8600,5,1
2026-06-24,600519,13:15:41,1211.5601,3,2
2026-06-24,600519,13:15:43,1211.5000,9,2
2026-06-24,600519,13:15:46,1211.5400,6,1
2026-06-24,600519,13:15:49,1211.5000,5,1
2026-06-24,600519,13:15:52,1211.4900,6,1
2026-06-24,600519,13:15:55,1211.0100,19,2
2026-06-24,600519,13:15:59,1211.0100,3,2
2026-06-24,600519,13:16:01,1211.0200,3,2
2026-06-24,600519,13:16:04,1211.0500,3,1
2026-06-24,600519,13:16:07,1211.0200,1,2
2026-06-24,600519,13:16:10,1211.0200,3,2
2026-06-24,600519,13:16:17,1211.0200,4,1
2026-06-24,600519,13:16:19,1211.0100,8,2
2026-06-24,600519,13:16:22,1211.0200,5,2
2026-06-24,600519,13:16:25,1211.0100,3,2
2026-06-24,600519,13:16:28,1211.0100,9,2
2026-06-24,600519,13:16:31,1211.0100,6,2
2026-06-24,600519,13:16:34,1211.0500,5,1
2026-06-24,600519,13:16:37,1211.0200,1,2
2026-06-24,600519,13:16:40,1211.0200,3,2
2026-06-24,600519,13:16:44,1211.0500,3,1
2026-06-24,600519,13:16:46,1211.0601,5,1
2026-06-24,600519,13:16:49,1211.0000,6,2
2026-06-24,600519,13:16:52,1211.0000,4,2
2026-06-24,600519,13:16:55,1211.0500,7,1
2026-06-24,600519,13:16:58,1211.0500,2,1
2026-06-24,600519,13:17:01,1211.0100,3,2
2026-06-24,600519,13:17:04,1211.0100,6,2
2026-06-24,600519,13:17:07,1211.0500,2,2
2026-06-24,600519,13:17:10,1211.0601,1,2
2026-06-24,600519,13:17:13,1211.0699,6,1
2026-06-24,600519,13:17:16,1211.0699,3,4
2026-06-24,600519,13:17:19,1211.0800,8,1
2026-06-24,600519,13:17:22,1211.0800,3,1
2026-06-24,600519,13:17:25,1211.0100,4,2
2026-06-24,600519,13:17:32,1211.1200,5,1
2026-06-24,600519,13:17:34,1211.0200,6,2
2026-06-24,600519,13:17:37,1211.0100,31,2
2026-06-24,600519,13:17:41,1211.0000,12,2
2026-06-24,600519,13:17:43,1211.1100,2,1
2026-06-24,600519,13:17:46,1211.0699,7,1
2026-06-24,600519,13:17:49,1211.0000,46,2
2026-06-24,600519,13:17:52,1210.8600,21,2
2026-06-24,600519,13:17:55,1210.6600,7,2
2026-06-24,600519,13:17:58,1210.5900,4,2
2026-06-24,600519,13:18:01,1210.5000,12,2
2026-06-24,600519,13:18:04,1210.3800,5,2
2026-06-24,600519,13:18:08,1210.3700,12,2
2026-06-24,600519,13:18:10,1210.3500,6,2
2026-06-24,600519,13:18:14,1210.3700,8,1
2026-06-24,600519,13:18:16,1210.3300,10,2
2026-06-24,600519,13:18:19,1210.3700,6,1
2026-06-24,600519,13:18:22,1210.3500,4,2
2026-06-24,600519,13:18:25,1210.3500,3,2
2026-06-24,600519,13:18:28,1210.3700,5,1
2026-06-24,600519,13:18:31,1210.3700,12,2
2026-06-24,600519,13:18:34,1210.3800,6,1
2026-06-24,600519,13:18:38,1210.3700,2,2
2026-06-24,600519,13:18:40,1210.3300,15,2
2026-06-24,600519,13:18:43,1210.3500,5,2
2026-06-24,600519,13:18:46,1210.3500,4,2
2026-06-24,600519,13:18:49,1210.3300,3,2
2026-06-24,600519,13:18:52,1210.3199,15,2
2026-06-24,600519,13:18:55,1210.3199,9,2
2026-06-24,600519,13:18:58,1210.3000,8,2
2026-06-24,600519,13:19:01,1210.3199,3,1
2026-06-24,600519,13:19:04,1210.2000,10,2
2026-06-24,600519,13:19:07,1210.2000,5,2
2026-06-24,600519,13:19:10,1210.1801,6,2
2026-06-24,600519,13:19:13,1210.1899,1,1
2026-06-24,600519,13:19:16,1210.2000,4,1
2026-06-24,600519,13:19:19,1210.2800,6,1
2026-06-24,600519,13:19:22,1210.3700,28,1
2026-06-24,600519,13:19:25,1210.6700,7,1
2026-06-24,600519,13:19:28,1210.6700,13,2
2026-06-24,600519,13:19:32,1210.6700,2,1
2026-06-24,600519,13:19:34,1210.3000,8,2
2026-06-24,600519,13:19:37,1210.3101,28,2
2026-06-24,600519,13:19:40,1210.3000,22,2
2026-06-24,600519,13:19:43,1211.0800,2,1
2026-06-24,600519,13:19:46,1210.4200,13,2
2026-06-24,600519,13:19:49,1210.4100,1,2
2026-06-24,600519,13:19:53,1211.0800,3,2
2026-06-24,600519,13:19:56,1210.4100,10,2
2026-06-24,600519,13:19:58,1210.4700,7,2
2026-06-24,600519,13:20:01,1210.3199,10,1
2026-06-24,600519,13:20:05,1210.3199,3,2
2026-06-24,600519,13:20:07,1210.3199,3,2
2026-06-24,600519,13:20:10,1210.3199,1,2
2026-06-24,600519,13:20:14,1210.3199,6,2
2026-06-24,600519,13:20:16,1210.7500,6,1
2026-06-24,600519,13:20:19,1210.3600,1,2
2026-06-24,600519,13:20:22,1210.3300,5,2
2026-06-24,600519,13:20:25,1210.5900,1,1
2026-06-24,600519,13:20:28,1210.6000,7,1
2026-06-24,600519,13:20:31,1210.6000,4,2
2026-06-24,600519,13:20:34,1210.4800,5,2
2026-06-24,600519,13:20:37,1210.3300,16,2
2026-06-24,600519,13:20:41,1210.5000,5,2
2026-06-24,600519,13:20:43,1210.5000,3,1
2026-06-24,600519,13:20:46,1210.5000,3,1
2026-06-24,600519,13:20:49,1210.4900,1,1
2026-06-24,600519,13:20:52,1210.5000,15,1
2026-06-24,600519,13:20:55,1210.5900,3,1
2026-06-24,600519,13:20:58,1210.5000,28,2
2026-06-24,600519,13:21:01,1210.6300,3,1
2026-06-24,600519,13:21:04,1210.7800,7,1
2026-06-24,600519,13:21:07,1210.7500,16,1
2026-06-24,600519,13:21:11,1210.7500,3,2
2026-06-24,600519,13:21:13,1210.7200,4,1
2026-06-24,600519,13:21:16,1210.7300,17,1
2026-06-24,600519,13:21:20,1210.6300,4,1
2026-06-24,600519,13:21:22,1210.5100,4,2
2026-06-24,600519,13:21:25,1210.6300,6,2
2026-06-24,600519,13:21:29,1210.6200,2,2
2026-06-24,600519,13:21:31,1210.6200,2,2
2026-06-24,600519,13:21:34,1210.7000,5,1
2026-06-24,600519,13:21:38,1210.6200,8,2
2026-06-24,600519,13:21:41,1210.7000,4,2
2026-06-24,600519,13:21:44,1210.7500,8,1
2026-06-24,600519,13:21:46,1210.7400,2,2
2026-06-24,600519,13:21:49,1210.7400,2,2
2026-06-24,600519,13:21:52,1210.7400,6,2
2026-06-24,600519,13:21:55,1210.7600,12,1
2026-06-24,600519,13:21:59,1210.7600,2,1
2026-06-24,600519,13:22:01,1210.7600,2,2
2026-06-24,600519,13:22:04,1210.7000,14,2
2026-06-24,600519,13:22:07,1210.7600,14,1
2026-06-24,600519,13:22:10,1210.7000,12,1
2026-06-24,600519,13:22:13,1210.7000,6,1
2026-06-24,600519,13:22:16,1210.6200,4,2
2026-06-24,600519,13:22:19,1210.5300,2,2
2026-06-24,600519,13:22:22,1210.6300,5,2
2026-06-24,600519,13:22:25,1210.7000,2,1
2026-06-24,600519,13:22:28,1210.7400,4,1
2026-06-24,600519,13:22:31,1210.5100,14,2
2026-06-24,600519,13:22:34,1210.2200,84,2
2026-06-24,600519,13:22:37,1210.5200,13,1
2026-06-24,600519,13:22:41,1210.2000,6,2
2026-06-24,600519,13:22:46,1210.5200,3,1
2026-06-24,600519,13:22:50,1210.4100,64,1
2026-06-24,600519,13:22:53,1210.2200,14,1
2026-06-24,600519,13:22:55,1210.2100,7,1
2026-06-24,600519,13:22:58,1210.2000,2,2
2026-06-24,600519,13:23:02,1210.2700,4,1
2026-06-24,600519,13:23:04,1210.2700,4,1
2026-06-24,600519,13:23:08,1210.2100,2,1
2026-06-24,600519,13:23:11,1210.2100,4,2
2026-06-24,600519,13:23:13,1210.2700,4,1
2026-06-24,600519,13:23:16,1210.2700,7,1
2026-06-24,600519,13:23:20,1210.2000,4,2
2026-06-24,600519,13:23:23,1210.2000,7,2
2026-06-24,600519,13:23:26,1210.1000,7,2
2026-06-24,600519,13:23:29,1210.2700,1,1
2026-06-24,600519,13:23:31,1210.1000,2,2
2026-06-24,600519,13:23:34,1210.1000,5,2
2026-06-24,600519,13:23:37,1210.1000,8,2
2026-06-24,600519,13:23:40,1210.2700,2,1
2026-06-24,600519,13:23:43,1210.2000,6,2
2026-06-24,600519,13:23:47,1210.1100,4,2
2026-06-24,600519,13:23:49,1210.1200,8,2
2026-06-24,600519,13:23:53,1210.1000,6,2
2026-06-24,600519,13:23:55,1210.1100,10,4
2026-06-24,600519,13:23:58,1210.1200,2,1
2026-06-24,600519,13:24:01,1210.1200,8,1
2026-06-24,600519,13:24:05,1210.1600,7,1
2026-06-24,600519,13:24:07,1210.1600,2,1
2026-06-24,600519,13:24:10,1210.1801,5,1
2026-06-24,600519,13:24:14,1210.2000,5,1
2026-06-24,600519,13:24:16,1210.1200,2,2
2026-06-24,600519,13:24:19,1210.1700,2,2
2026-06-24,600519,13:24:22,1210.2000,2,1
2026-06-24,600519,13:24:26,1210.2000,1,2
2026-06-24,600519,13:24:28,1210.2000,5,2
2026-06-24,600519,13:24:31,1210.2000,7,1
2026-06-24,600519,13:24:34,1210.2000,3,1
2026-06-24,600519,13:24:37,1210.1400,10,2
2026-06-24,600519,13:24:41,1210.1801,87,1
2026-06-24,600519,13:24:44,1210.0200,3,2
2026-06-24,600519,13:24:46,1210.0200,2,2
2026-06-24,600519,13:24:49,1210.0300,3,2
2026-06-24,600519,13:24:52,1210.1000,4,4
2026-06-24,600519,13:24:55,1210.1000,1,2
2026-06-24,600519,13:24:58,1210.1000,6,2
2026-06-24,600519,13:25:02,1210.1000,2,2
2026-06-24,600519,13:25:05,1210.1000,4,2
2026-06-24,600519,13:25:07,1210.1000,2,1
2026-06-24,600519,13:25:10,1210.0601,4,2
2026-06-24,600519,13:25:13,1210.1801,4,1
2026-06-24,600519,13:25:16,1210.2200,38,1
2026-06-24,600519,13:25:19,1210.0200,7,2
2026-06-24,600519,13:25:22,1210.0800,10,1
2026-06-24,600519,13:25:25,1210.0100,106,2
2026-06-24,600519,13:25:28,1210.0000,12,2
2026-06-24,600519,13:25:32,1210.0000,24,2
2026-06-24,600519,13:25:35,1210.0000,10,2
2026-06-24,600519,13:25:37,1210.0000,21,2
2026-06-24,600519,13:25:40,1210.0100,12,1
2026-06-24,600519,13:25:43,1210.0200,12,1
2026-06-24,600519,13:25:46,1210.0200,13,1
2026-06-24,600519,13:25:49,1210.0100,1,2
2026-06-24,600519,13:25:52,1210.0100,4,2
2026-06-24,600519,13:25:55,1210.0100,11,2
2026-06-24,600519,13:25:58,1210.0200,15,1
2026-06-24,600519,13:26:01,1210.0200,28,1
2026-06-24,600519,13:26:04,1210.0000,27,2
2026-06-24,600519,13:26:07,1210.0000,7,2
2026-06-24,600519,13:26:10,1210.0200,10,1
2026-06-24,600519,13:26:13,1210.0000,128,2
2026-06-24,600519,13:26:16,1210.0000,13,2
2026-06-24,600519,13:26:19,1210.0000,11,2
2026-06-24,600519,13:26:22,1210.0000,48,2
2026-06-24,600519,13:26:25,1210.0100,13,1
2026-06-24,600519,13:26:28,1210.0000,7,2
2026-06-24,600519,13:26:32,1210.0100,9,1
2026-06-24,600519,13:26:34,1210.0100,4,1
2026-06-24,600519,13:26:37,1210.0000,6,2
2026-06-24,600519,13:26:40,1210.0000,121,2
2026-06-24,600519,13:26:43,1209.8000,225,2
2026-06-24,600519,13:26:46,1209.6801,21,2
2026-06-24,600519,13:26:50,1209.6500,4,2
2026-06-24,600519,13:26:52,1209.7500,8,1
2026-06-24,600519,13:26:56,1209.6801,5,2
2026-06-24,600519,13:26:59,1209.9200,3,1
2026-06-24,600519,13:27:01,1209.7400,3,2
2026-06-24,600519,13:27:04,1209.9500,7,1
2026-06-24,600519,13:27:07,1209.7100,3,2
2026-06-24,600519,13:27:11,1209.8000,5,2
2026-06-24,600519,13:27:13,1209.9500,3,1
2026-06-24,600519,13:27:16,1209.9700,7,1
2026-06-24,600519,13:27:23,1211.4301,64,1
2026-06-24,600519,13:27:25,1211.4600,5,1
2026-06-24,600519,13:27:29,1211.4600,1,2
2026-06-24,600519,13:27:31,1211.4399,3,1
2026-06-24,600519,13:27:34,1211.4399,4,1
2026-06-24,600519,13:27:37,1211.0000,5,2
2026-06-24,600519,13:27:40,1211.0000,5,2
2026-06-24,600519,13:27:43,1211.4399,2,1
2026-06-24,600519,13:27:46,1211.0699,3,2
2026-06-24,600519,13:27:49,1211.4399,2,2
2026-06-24,600519,13:27:52,1211.0100,3,2
2026-06-24,600519,13:27:55,1211.0000,23,2
2026-06-24,600519,13:27:58,1211.0000,4,2
2026-06-24,600519,13:28:01,1210.1801,65,2
2026-06-24,600519,13:28:04,1210.0100,6,2
2026-06-24,600519,13:28:08,1209.9600,28,2
2026-06-24,600519,13:28:10,1210.0000,6,1
2026-06-24,600519,13:28:13,1209.9600,8,1
2026-06-24,600519,13:28:16,1210.0000,15,1
2026-06-24,600519,13:28:19,1209.6200,11,2
2026-06-24,600519,13:28:23,1209.6200,10,2
2026-06-24,600519,13:28:26,1209.6200,9,2
2026-06-24,600519,13:28:29,1210.0200,9,1
2026-06-24,600519,13:28:32,1209.6200,13,2
2026-06-24,600519,13:28:34,1209.6000,6,2
2026-06-24,600519,13:28:37,1210.0000,6,1
2026-06-24,600519,13:28:41,1209.7400,7,2
2026-06-24,600519,13:28:43,1209.9900,7,2
2026-06-24,600519,13:28:46,1210.0000,10,1
2026-06-24,600519,13:28:49,1209.6300,7,2
2026-06-24,600519,13:28:53,1209.6300,5,2
2026-06-24,600519,13:28:56,1210.0100,11,2
2026-06-24,600519,13:28:59,1209.6300,4,2
2026-06-24,600519,13:29:01,1210.0000,3,1
2026-06-24,600519,13:29:04,1209.6801,8,2
2026-06-24,600519,13:29:07,1210.0100,15,1
2026-06-24,600519,13:29:10,1210.0100,9,1
2026-06-24,600519,13:29:13,1209.6200,19,2
2026-06-24,600519,13:29:16,1209.6400,6,1
2026-06-24,600519,13:29:19,1209.6200,11,4
2026-06-24,600519,13:29:22,1209.6801,5,1
2026-06-24,600519,13:29:25,1209.6300,8,2
2026-06-24,600519,13:29:28,1209.6600,11,1
2026-06-24,600519,13:29:31,1209.6200,4,2
2026-06-24,600519,13:29:35,1209.6200,11,2
2026-06-24,600519,13:29:37,1209.6000,10,2
2026-06-24,600519,13:29:41,1209.6700,7,1
2026-06-24,600519,13:29:43,1209.6200,4,2
2026-06-24,600519,13:29:46,1209.6300,1,2
2026-06-24,600519,13:29:49,1209.6200,3,2
2026-06-24,600519,13:29:53,1209.6700,3,1
2026-06-24,600519,13:29:55,1209.6700,7,2
2026-06-24,600519,13:29:59,1209.6200,4,2
2026-06-24,600519,13:30:01,1209.6000,2,2
2026-06-24,600519,13:30:04,1209.6000,6,2
2026-06-24,600519,13:30:08,1209.5900,3,2
2026-06-24,600519,13:30:10,1209.5800,4,2
2026-06-24,600519,13:30:14,1209.5900,6,1
2026-06-24,600519,13:30:16,1209.5900,3,1
2026-06-24,600519,13:30:20,1209.5601,14,2
2026-06-24,600519,13:30:22,1209.5000,58,2
2026-06-24,600519,13:30:26,1209.5000,4,2
2026-06-24,600519,13:30:29,1209.5601,2,4
2026-06-24,600519,13:30:31,1209.5000,4,2
2026-06-24,600519,13:30:34,1209.5000,8,2
2026-06-24,600519,13:30:37,1209.5900,3,1
2026-06-24,600519,13:30:40,1209.5100,7,2
2026-06-24,600519,13:30:43,1209.5100,2,2
2026-06-24,600519,13:30:46,1209.6000,3,1
2026-06-24,600519,13:30:49,1209.6000,4,1
2026-06-24,600519,13:30:52,1209.5800,1,1
2026-06-24,600519,13:30:55,1209.5000,7,2
2026-06-24,600519,13:30:58,1209.5000,2,2
2026-06-24,600519,13:31:01,1209.5000,4,2
2026-06-24,600519,13:31:04,1209.5100,12,2
2026-06-24,600519,13:31:07,1209.5100,17,1
2026-06-24,600519,13:31:10,1209.5000,3,2
2026-06-24,600519,13:31:13,1209.5100,5,2
2026-06-24,600519,13:31:16,1209.5900,3,1
2026-06-24,600519,13:31:19,1209.5800,3,1
2026-06-24,600519,13:31:22,1209.5900,9,1
2026-06-24,600519,13:31:25,1209.5900,13,2
2026-06-24,600519,13:31:28,1209.6100,9,1
2026-06-24,600519,13:31:31,1209.5900,5,2
2026-06-24,600519,13:31:34,1209.4700,3,2
2026-06-24,600519,13:31:37,1209.3600,14,2
2026-06-24,600519,13:31:40,1209.3000,11,2
2026-06-24,600519,13:31:43,1209.2900,6,2
2026-06-24,600519,13:31:50,1209.3400,3,2
2026-06-24,600519,13:31:52,1209.2300,1,2
2026-06-24,600519,13:31:55,1209.2200,1,2
2026-06-24,600519,13:31:58,1209.2000,20,2
2026-06-24,600519,13:32:01,1209.2200,30,1
2026-06-24,600519,13:32:04,1209.1899,6,2
2026-06-24,600519,13:32:07,1209.2200,8,1
2026-06-24,600519,13:32:10,1209.2200,6,2
2026-06-24,600519,13:32:13,1209.1801,3,2
2026-06-24,600519,13:32:17,1209.1600,8,2
2026-06-24,600519,13:32:19,1209.1899,9,1
2026-06-24,600519,13:32:23,1209.1300,6,2
2026-06-24,600519,13:32:25,1209.1200,6,2
2026-06-24,600519,13:32:28,1209.1300,7,1
2026-06-24,600519,13:32:31,1209.1100,3,2
2026-06-24,600519,13:32:35,1209.1500,7,1
2026-06-24,600519,13:32:38,1209.1100,8,2
2026-06-24,600519,13:32:40,1209.1100,7,2
2026-06-24,600519,13:32:43,1209.1500,6,1
2026-06-24,600519,13:32:46,1209.1100,5,2
2026-06-24,600519,13:32:49,1209.1100,8,2
2026-06-24,600519,13:32:52,1209.1000,3,2
2026-06-24,600519,13:32:55,1209.1000,9,2
2026-06-24,600519,13:32:58,1209.0900,5,2
2026-06-24,600519,13:33:01,1209.0900,10,2
2026-06-24,600519,13:33:05,1209.1000,7,1
2026-06-24,600519,13:33:07,1209.0300,7,2
2026-06-24,600519,13:33:10,1209.0300,3,2
2026-06-24,600519,13:33:13,1209.0300,4,2
2026-06-24,600519,13:33:16,1209.1100,5,1
2026-06-24,600519,13:33:19,1209.1100,3,2
2026-06-24,600519,13:33:22,1209.1100,2,2
2026-06-24,600519,13:33:26,1209.1100,4,2
2026-06-24,600519,13:33:28,1209.1100,9,2
2026-06-24,600519,13:33:31,1209.1100,4,1
2026-06-24,600519,13:33:34,1209.1000,5,1
2026-06-24,600519,13:33:38,1209.0300,10,2
2026-06-24,600519,13:33:40,1208.8500,471,2
2026-06-24,600519,13:33:44,1208.6500,21,2
2026-06-24,600519,13:33:47,1208.4700,21,2
2026-06-24,600519,13:33:49,1208.3900,11,2
2026-06-24,600519,13:33:52,1208.3800,7,2
2026-06-24,600519,13:33:56,1208.2200,4,2
2026-06-24,600519,13:33:58,1208.2000,1,2
2026-06-24,600519,13:34:02,1208.1200,5,2
2026-06-24,600519,13:34:04,1208.1100,4,2
2026-06-24,600519,13:34:07,1208.0900,6,2
2026-06-24,600519,13:34:10,1208.1000,5,1
2026-06-24,600519,13:34:13,1208.0800,4,2
2026-06-24,600519,13:34:16,1208.2000,6,1
2026-06-24,600519,13:34:19,1208.1000,6,2
2026-06-24,600519,13:34:22,1208.3400,6,1
2026-06-24,600519,13:34:25,1208.2200,14,2
2026-06-24,600519,13:34:28,1208.2200,4,2
2026-06-24,600519,13:34:35,1208.3400,4,2
2026-06-24,600519,13:34:37,1208.6801,1,1
2026-06-24,600519,13:34:41,1208.2100,2,2
2026-06-24,600519,13:34:43,1208.6801,2,1
2026-06-24,600519,13:34:46,1208.6801,4,2
2026-06-24,600519,13:34:50,1208.6801,2,2
2026-06-24,600519,13:34:53,1208.6700,8,2
2026-06-24,600519,13:34:55,1208.2300,5,2
2026-06-24,600519,13:34:58,1208.2200,3,2
2026-06-24,600519,13:35:01,1208.1801,27,2
2026-06-24,600519,13:35:04,1208.2100,17,1
2026-06-24,600519,13:35:07,1208.1100,2,2
2026-06-24,600519,13:35:11,1208.3000,4,1
2026-06-24,600519,13:35:14,1208.6000,6,1
2026-06-24,600519,13:35:16,1208.3000,3,2
2026-06-24,600519,13:35:19,1208.3101,4,2
2026-06-24,600519,13:35:22,1208.5601,1,1
2026-06-24,600519,13:35:26,1208.3000,6,2
2026-06-24,600519,13:35:28,1208.3000,6,2
2026-06-24,600519,13:35:31,1208.3101,6,2
2026-06-24,600519,13:35:34,1208.3000,3,2
2026-06-24,600519,13:35:38,1208.3000,5,2
2026-06-24,600519,13:35:40,1208.5601,4,1
2026-06-24,600519,13:35:43,1208.3900,4,2
2026-06-24,600519,13:35:46,1208.5400,3,1
2026-06-24,600519,13:35:49,1208.5500,3,1
2026-06-24,600519,13:35:53,1208.5500,7,1
2026-06-24,600519,13:35:55,1208.5601,3,1
2026-06-24,600519,13:35:58,1208.5500,1,2
2026-06-24,600519,13:36:01,1208.5601,4,1
2026-06-24,600519,13:36:04,1208.5800,1,2
2026-06-24,600519,13:36:07,1208.9800,6,1
2026-06-24,600519,13:36:11,1208.9900,4,1
2026-06-24,600519,13:36:13,1208.9900,2,1
2026-06-24,600519,13:36:17,1209.0000,3,1
2026-06-24,600519,13:36:19,1209.0000,6,1
2026-06-24,600519,13:36:22,1209.0000,14,1
2026-06-24,600519,13:36:25,1209.0601,4,1
2026-06-24,600519,13:36:28,1209.0300,2,4
2026-06-24,600519,13:36:31,1209.0400,3,1
2026-06-24,600519,13:36:34,1209.0601,2,1
2026-06-24,600519,13:36:38,1209.0699,3,2
2026-06-24,600519,13:36:41,1209.1100,4,1
2026-06-24,600519,13:36:44,1209.1100,12,1
2026-06-24,600519,13:36:46,1209.0400,8,2
2026-06-24,600519,13:36:50,1209.0300,6,2
2026-06-24,600519,13:36:52,1209.0400,6,1
2026-06-24,600519,13:36:55,1209.0100,8,2
2026-06-24,600519,13:36:59,1209.0400,3,1
2026-06-24,600519,13:37:02,1209.0400,4,1
2026-06-24,600519,13:37:04,1209.0000,12,2
2026-06-24,600519,13:37:07,1209.0000,4,2
2026-06-24,600519,13:37:10,1209.0000,3,2
2026-06-24,600519,13:37:13,1209.0400,3,1
2026-06-24,600519,13:37:16,1209.0400,1,1
2026-06-24,600519,13:37:19,1209.0400,11,1
2026-06-24,600519,13:37:23,1209.0000,19,2
2026-06-24,600519,13:37:25,1209.0400,6,4
2026-06-24,600519,13:37:28,1209.0400,5,2
2026-06-24,600519,13:37:31,1209.0699,15,1
2026-06-24,600519,13:37:35,1209.0200,12,2
2026-06-24,600519,13:37:37,1209.0000,6,2
2026-06-24,600519,13:37:40,1209.0000,4,2
2026-06-24,600519,13:37:43,1209.0000,8,2
2026-06-24,600519,13:37:46,1209.0500,1,1
2026-06-24,600519,13:37:49,1209.0000,4,2
2026-06-24,600519,13:37:52,1209.0100,3,2
2026-06-24,600519,13:37:55,1209.0100,4,2
2026-06-24,600519,13:37:58,1209.0601,6,1
2026-06-24,600519,13:38:01,1209.0699,6,1
2026-06-24,600519,13:38:04,1209.1000,8,1
2026-06-24,600519,13:38:08,1209.1000,6,1
2026-06-24,600519,13:38:10,1209.0699,11,2
2026-06-24,600519,13:38:14,1209.0601,4,2
2026-06-24,600519,13:38:16,1209.0800,7,1
2026-06-24,600519,13:38:19,1209.0900,10,1
2026-06-24,600519,13:38:23,1209.0800,5,2
2026-06-24,600519,13:38:26,1209.0601,5,2
2026-06-24,600519,13:38:28,1209.0699,3,2
2026-06-24,600519,13:38:31,1209.0900,7,2
2026-06-24,600519,13:38:34,1209.0601,1,2
2026-06-24,600519,13:38:37,1209.2000,1,1
2026-06-24,600519,13:38:40,1209.0601,6,2
2026-06-24,600519,13:38:44,1209.0601,9,2
2026-06-24,600519,13:38:47,1209.0800,2,1
2026-06-24,600519,13:38:50,1209.2000,10,1
2026-06-24,600519,13:38:52,1209.2100,2,1
2026-06-24,600519,13:38:55,1209.0601,5,2
2026-06-24,600519,13:38:58,1209.2100,4,2
2026-06-24,600519,13:39:02,1209.0800,5,2
2026-06-24,600519,13:39:04,1209.2100,2,1
2026-06-24,600519,13:39:08,1209.1899,3,1
2026-06-24,600519,13:39:10,1209.0601,10,2
2026-06-24,600519,13:39:13,1209.0601,22,2
2026-06-24,600519,13:39:16,1209.0800,3,2
2026-06-24,600519,13:39:19,1209.2700,2,1
2026-06-24,600519,13:39:22,1209.2200,3,2
2026-06-24,600519,13:39:25,1209.1700,3,2
2026-06-24,600519,13:39:29,1209.2200,4,1
2026-06-24,600519,13:39:32,1209.0699,3,2
2026-06-24,600519,13:39:34,1209.1100,5,1
2026-06-24,600519,13:39:37,1209.1700,1,1
2026-06-24,600519,13:39:40,1209.0800,4,2
2026-06-24,600519,13:39:44,1209.1100,2,2
2026-06-24,600519,13:39:47,1209.2300,9,1
2026-06-24,600519,13:39:49,1209.2200,3,1
2026-06-24,600519,13:39:55,1209.2200,3,2
2026-06-24,600519,13:39:58,1209.2300,5,1
2026-06-24,600519,13:40:02,1209.1200,2,2
2026-06-24,600519,13:40:04,1209.2000,2,2
2026-06-24,600519,13:40:08,1209.2700,1,1
2026-06-24,600519,13:40:10,1209.2700,4,1
2026-06-24,600519,13:40:13,1209.1200,4,1
2026-06-24,600519,13:40:16,1209.2700,6,1
2026-06-24,600519,13:40:20,1209.1300,1,2
2026-06-24,600519,13:40:22,1209.3101,3,1
2026-06-24,600519,13:40:26,1209.3101,4,1
2026-06-24,600519,13:40:28,1209.3101,1,1
2026-06-24,600519,13:40:31,1209.2700,3,1
2026-06-24,600519,13:40:34,1209.1700,2,2
2026-06-24,600519,13:40:38,1209.2500,2,1
2026-06-24,600519,13:40:40,1209.1801,1,2
2026-06-24,600519,13:40:43,1209.2700,3,1
2026-06-24,600519,13:40:46,1209.3101,3,1
2026-06-24,600519,13:40:49,1209.2500,2,2
2026-06-24,600519,13:40:53,1209.1801,2,2
2026-06-24,600519,13:40:56,1209.1300,5,2
2026-06-24,600519,13:40:58,1209.2600,2,1
2026-06-24,600519,13:41:02,1209.1801,2,2
2026-06-24,600519,13:41:04,1209.3000,1,1
2026-06-24,600519,13:41:07,1209.1300,4,2
2026-06-24,600519,13:41:10,1209.1300,2,2
2026-06-24,600519,13:41:13,1209.3000,4,1
2026-06-24,600519,13:41:16,1209.1801,1,2
2026-06-24,600519,13:41:19,1209.2600,3,1
2026-06-24,600519,13:41:22,1209.3101,3,1
2026-06-24,600519,13:41:25,1209.3101,8,1
2026-06-24,600519,13:41:28,1209.2600,3,2
2026-06-24,600519,13:41:31,1209.2600,2,2
2026-06-24,600519,13:41:34,1209.2000,4,2
2026-06-24,600519,13:41:37,1209.2000,1,2
2026-06-24,600519,13:41:40,1209.3101,5,1
2026-06-24,600519,13:41:43,1209.1600,3,2
2026-06-24,600519,13:41:46,1209.2000,5,1
2026-06-24,600519,13:41:50,1209.3101,1,1
2026-06-24,600519,13:41:52,1209.2000,3,2
2026-06-24,600519,13:41:58,1209.1600,12,2
2026-06-24,600519,13:42:01,1209.1200,27,2
2026-06-24,600519,13:42:04,1209.0900,16,2
2026-06-24,600519,13:42:07,1209.0601,52,2
2026-06-24,600519,13:42:11,1209.0000,11,2
2026-06-24,600519,13:42:13,1209.0300,2,1
2026-06-24,600519,13:42:17,1209.0000,14,2
2026-06-24,600519,13:42:19,1209.0000,7,2
2026-06-24,600519,13:42:22,1209.0000,5,2
2026-06-24,600519,13:42:25,1209.0400,1,1
2026-06-24,600519,13:42:28,1209.0000,13,2
2026-06-24,600519,13:42:32,1209.0000,3,2
2026-06-24,600519,13:42:37,1209.0300,7,2
2026-06-24,600519,13:42:41,1209.0400,4,1
2026-06-24,600519,13:42:46,1209.0400,6,2
2026-06-24,600519,13:42:49,1209.0500,6,1
2026-06-24,600519,13:42:52,1209.0500,2,1
2026-06-24,600519,13:42:56,1209.0500,6,1
2026-06-24,600519,13:42:58,1209.0500,3,1
2026-06-24,600519,13:43:01,1209.0500,4,1
2026-06-24,600519,13:43:04,1209.0601,10,1
2026-06-24,600519,13:43:08,1209.0601,7,2
2026-06-24,600519,13:43:10,1209.0900,2,1
2026-06-24,600519,13:43:14,1209.0900,2,1
2026-06-24,600519,13:43:17,1209.0900,2,2
2026-06-24,600519,13:43:19,1209.0900,1,2
2026-06-24,600519,13:43:23,1209.1600,1,1
2026-06-24,600519,13:43:26,1209.0900,2,2
2026-06-24,600519,13:43:28,1209.0900,4,2
2026-06-24,600519,13:43:32,1209.1600,2,2
2026-06-24,600519,13:43:35,1209.1700,1,1
2026-06-24,600519,13:43:37,1209.0900,5,2
2026-06-24,600519,13:43:40,1209.0900,3,2
2026-06-24,600519,13:43:43,1209.1500,5,1
2026-06-24,600519,13:43:46,1209.1600,3,1
2026-06-24,600519,13:43:49,1209.1500,3,1
2026-06-24,600519,13:43:53,1209.1600,3,1
2026-06-24,600519,13:43:55,1209.1600,1,2
2026-06-24,600519,13:43:59,1209.1700,3,1
2026-06-24,600519,13:44:02,1209.1600,3,2
2026-06-24,600519,13:44:11,1209.1801,1,2
2026-06-24,600519,13:44:14,1209.1801,4,2
2026-06-24,600519,13:44:17,1209.1801,5,2
2026-06-24,600519,13:44:19,1209.1801,8,2
2026-06-24,600519,13:44:23,1209.1600,11,2
2026-06-24,600519,13:44:25,1209.1000,5,2
2026-06-24,600519,13:44:28,1209.1500,5,2
2026-06-24,600519,13:44:31,1209.1801,6,1
2026-06-24,600519,13:44:35,1209.1000,1,2
2026-06-24,600519,13:44:37,1209.1000,3,2
2026-06-24,600519,13:44:40,1209.1000,4,2
2026-06-24,600519,13:44:43,1209.2100,2,1
2026-06-24,600519,13:44:46,1209.1899,1,2
2026-06-24,600519,13:44:49,1209.2300,5,1
2026-06-24,600519,13:44:53,1209.2400,6,1
2026-06-24,600519,13:44:58,1209.2500,5,1
2026-06-24,600519,13:45:01,1209.2500,6,1
2026-06-24,600519,13:45:04,1209.2500,2,2
2026-06-24,600519,13:45:07,1209.2500,9,2
2026-06-24,600519,13:45:11,1209.2200,6,2
2026-06-24,600519,13:45:14,1209.1000,11,2
2026-06-24,600519,13:45:16,1209.0699,24,2
2026-06-24,600519,13:45:19,1209.0500,40,2
2026-06-24,600519,13:45:22,1209.0200,14,2
2026-06-24,600519,13:45:25,1209.0000,4,2
2026-06-24,600519,13:45:28,1209.0200,54,1
2026-06-24,600519,13:45:31,1209.0200,5,4
2026-06-24,600519,13:45:34,1209.0200,7,4
2026-06-24,600519,13:45:38,1209.0300,3,1
2026-06-24,600519,13:45:40,1209.0300,1,2
2026-06-24,600519,13:45:43,1209.0200,2,2
2026-06-24,600519,13:45:46,1209.0300,1,4
2026-06-24,600519,13:45:49,1209.0300,4,4
2026-06-24,600519,13:45:52,1209.0200,4,2
2026-06-24,600519,13:45:55,1209.0300,1,2
2026-06-24,600519,13:45:58,1209.0300,4,2
2026-06-24,600519,13:46:01,1209.0601,2,1
2026-06-24,600519,13:46:04,1209.0601,4,2
2026-06-24,600519,13:46:07,1209.0699,1,2
2026-06-24,600519,13:46:10,1209.0601,2,2
2026-06-24,600519,13:46:13,1209.0699,2,2
2026-06-24,600519,13:46:16,1209.1300,3,1
2026-06-24,600519,13:46:19,1209.1300,4,2
2026-06-24,600519,13:46:25,1209.1600,6,1
2026-06-24,600519,13:46:28,1209.1000,5,2
2026-06-24,600519,13:46:32,1209.1000,2,2
2026-06-24,600519,13:46:34,1209.1400,1,1
2026-06-24,600519,13:46:38,1209.1400,5,1
2026-06-24,600519,13:46:40,1209.1400,5,1
2026-06-24,600519,13:46:43,1209.1500,8,2
2026-06-24,600519,13:46:47,1209.1300,4,2
2026-06-24,600519,13:46:49,1209.1000,3,2
2026-06-24,600519,13:46:52,1209.1100,1,2
2026-06-24,600519,13:46:55,1209.1400,2,2
2026-06-24,600519,13:46:58,1209.1000,7,2
2026-06-24,600519,13:47:02,1209.1400,1,2
2026-06-24,600519,13:47:04,1209.1500,2,4
2026-06-24,600519,13:47:08,1209.1000,17,2
2026-06-24,600519,13:47:11,1209.0699,26,2
2026-06-24,600519,13:47:14,1209.0699,5,1
2026-06-24,600519,13:47:16,1209.0601,1,2
2026-06-24,600519,13:47:19,1209.0601,5,2
2026-06-24,600519,13:47:22,1209.0601,4,4
2026-06-24,600519,13:47:25,1209.0400,5,2
2026-06-24,600519,13:47:31,1209.0300,6,2
2026-06-24,600519,13:47:34,1209.0300,1,2
2026-06-24,600519,13:47:37,1209.0300,4,2
2026-06-24,600519,13:47:41,1209.0100,17,2
2026-06-24,600519,13:47:43,1209.0400,16,1
2026-06-24,600519,13:47:47,1209.0400,6,2
2026-06-24,600519,13:47:49,1209.0200,4,2
2026-06-24,600519,13:47:52,1209.0200,6,4
2026-06-24,600519,13:47:55,1209.0000,10,2
2026-06-24,600519,13:47:58,1209.0100,22,2
2026-06-24,600519,13:48:01,1209.0100,16,2
2026-06-24,600519,13:48:04,1209.0100,9,2
2026-06-24,600519,13:48:07,1209.0200,37,1
2026-06-24,600519,13:48:10,1209.0100,10,2
2026-06-24,600519,13:48:13,1209.0300,4,1
2026-06-24,600519,13:48:16,1209.0100,5,2
2026-06-24,600519,13:48:19,1209.0300,12,1
2026-06-24,600519,13:48:22,1209.0300,15,2
2026-06-24,600519,13:48:25,1209.0300,1,2
2026-06-24,600519,13:48:28,1209.1100,7,1
2026-06-24,600519,13:48:31,1209.0400,6,2
2026-06-24,600519,13:48:35,1209.0400,5,2
2026-06-24,600519,13:48:37,1209.0300,6,2
2026-06-24,600519,13:48:40,1209.0699,6,1
2026-06-24,600519,13:48:44,1209.0400,40,2
2026-06-24,600519,13:48:46,1209.0500,9,2
2026-06-24,600519,13:48:49,1209.0400,2,2
2026-06-24,600519,13:48:52,1209.0400,3,2
2026-06-24,600519,13:48:55,1209.0300,5,2
2026-06-24,600519,13:48:58,1209.4100,4,1
2026-06-24,600519,13:49:01,1209.0300,7,2
2026-06-24,600519,13:49:04,1209.0300,5,2
2026-06-24,600519,13:49:07,1209.0200,4,2
2026-06-24,600519,13:49:10,1209.0200,4,2
2026-06-24,600519,13:49:13,1209.0300,8,2
2026-06-24,600519,13:49:16,1209.2100,7,1
2026-06-24,600519,13:49:20,1209.0300,5,2
2026-06-24,600519,13:49:23,1209.0100,3,2
2026-06-24,600519,13:49:25,1209.0300,4,1
2026-06-24,600519,13:49:28,1209.0400,4,2
2026-06-24,600519,13:49:32,1209.0400,2,2
2026-06-24,600519,13:49:35,1209.1400,3,1
2026-06-24,600519,13:49:37,1209.0400,6,2
2026-06-24,600519,13:49:41,1208.9600,87,2
2026-06-24,600519,13:49:44,1208.9000,17,2
2026-06-24,600519,13:49:47,1208.8600,29,2
2026-06-24,600519,13:49:49,1208.8000,12,2
2026-06-24,600519,13:49:52,1208.6600,5,2
2026-06-24,600519,13:49:55,1208.6500,56,2
2026-06-24,600519,13:49:58,1208.6500,2,2
2026-06-24,600519,13:50:01,1208.6000,5,2
2026-06-24,600519,13:50:04,1208.6200,2,2
2026-06-24,600519,13:50:07,1208.6000,3,2
2026-06-24,600519,13:50:11,1208.6000,13,2
2026-06-24,600519,13:50:14,1208.5800,4,2
2026-06-24,600519,13:50:17,1208.5800,1,2
2026-06-24,600519,13:50:20,1208.5800,8,2
2026-06-24,600519,13:50:23,1208.5601,3,2
2026-06-24,600519,13:50:25,1208.6500,8,1
2026-06-24,600519,13:50:28,1209.7600,53,1
2026-06-24,600519,13:50:31,1208.8900,6,2
2026-06-24,600519,13:50:34,1208.8800,1,2
2026-06-24,600519,13:50:37,1209.6801,4,1
2026-06-24,600519,13:50:40,1208.8900,5,2
2026-06-24,600519,13:50:43,1208.7500,7,2
2026-06-24,600519,13:50:46,1208.7200,5,1
2026-06-24,600519,13:50:50,1208.7800,6,1
2026-06-24,600519,13:50:53,1208.5601,8,2
2026-06-24,600519,13:50:55,1208.8900,16,1
2026-06-24,600519,13:50:59,1208.8900,11,1
2026-06-24,600519,13:51:01,1209.6801,3,1
2026-06-24,600519,13:51:04,1209.6801,30,2
2026-06-24,600519,13:51:07,1209.6899,5,2
2026-06-24,600519,13:51:13,1209.6801,1,2
2026-06-24,600519,13:51:16,1210.1000,1,1
2026-06-24,600519,13:51:19,1210.1500,5,1
2026-06-24,600519,13:51:22,1210.2900,4,1
2026-06-24,600519,13:51:25,1210.1300,3,1
2026-06-24,600519,13:51:29,1209.6899,2,2
2026-06-24,600519,13:51:38,1209.9900,2,1
2026-06-24,600519,13:51:40,1209.7000,3,2
2026-06-24,600519,13:51:43,1210.0000,5,1
2026-06-24,600519,13:51:46,1209.9200,1,1
2026-06-24,600519,13:51:49,1210.1000,3,1
2026-06-24,600519,13:51:52,1210.1000,6,1
2026-06-24,600519,13:51:55,1210.1000,3,2
2026-06-24,600519,13:52:01,1210.1200,2,1
2026-06-24,600519,13:52:04,1210.1200,4,2
2026-06-24,600519,13:52:08,1210.1200,4,2
2026-06-24,600519,13:52:10,1210.1200,5,2
2026-06-24,600519,13:52:16,1210.1500,9,1
2026-06-24,600519,13:52:22,1210.1600,1,1
2026-06-24,600519,13:52:26,1210.1600,4,2
2026-06-24,600519,13:52:28,1210.2200,1,1
2026-06-24,600519,13:52:34,1210.2600,1,2
2026-06-24,600519,13:52:37,1210.2800,5,1
2026-06-24,600519,13:52:40,1210.2200,8,2
2026-06-24,600519,13:52:43,1210.2000,3,2
2026-06-24,600519,13:52:46,1210.1000,17,2
2026-06-24,600519,13:52:50,1210.1300,17,1
2026-06-24,600519,13:52:52,1210.0000,2,2
2026-06-24,600519,13:52:58,1210.1200,3,2
2026-06-24,600519,13:53:01,1210.0699,6,1
2026-06-24,600519,13:53:04,1210.0000,4,1
2026-06-24,600519,13:53:07,1209.7200,3,2
2026-06-24,600519,13:53:11,1210.0000,2,1
2026-06-24,600519,13:53:13,1210.0800,8,1
2026-06-24,600519,13:53:16,1210.0800,5,1
2026-06-24,600519,13:53:19,1210.0000,2,2
2026-06-24,600519,13:53:25,1210.0000,2,2
2026-06-24,600519,13:53:29,1210.0000,1,2
2026-06-24,600519,13:53:31,1209.8000,4,2
2026-06-24,600519,13:53:34,1209.6899,9,2
2026-06-24,600519,13:53:38,1209.7200,10,2
2026-06-24,600519,13:53:40,1209.1801,5,2
2026-06-24,600519,13:53:44,1209.1500,1,2
2026-06-24,600519,13:53:47,1209.1700,11,1
2026-06-24,600519,13:53:49,1209.0000,13,2
2026-06-24,600519,13:53:53,1209.1500,3,1
2026-06-24,600519,13:53:55,1209.1500,7,2
2026-06-24,600519,13:53:58,1209.1500,2,1
2026-06-24,600519,13:54:01,1209.1500,3,1
2026-06-24,600519,13:54:04,1209.1400,8,2
2026-06-24,600519,13:54:08,1209.1500,1,1
2026-06-24,600519,13:54:11,1209.0000,1,2
2026-06-24,600519,13:54:13,1209.1300,9,1
2026-06-24,600519,13:54:16,1209.1400,1,1
2026-06-24,600519,13:54:19,1209.0300,2,2
2026-06-24,600519,13:54:22,1209.0100,1,2
2026-06-24,600519,13:54:25,1209.0100,16,2
2026-06-24,600519,13:54:29,1208.8800,5,2
2026-06-24,600519,13:54:32,1208.8199,10,2
2026-06-24,600519,13:54:34,1208.9500,2,1
2026-06-24,600519,13:54:37,1208.8000,3,2
2026-06-24,600519,13:54:40,1208.8000,4,2
2026-06-24,600519,13:54:46,1209.0000,4,1
2026-06-24,600519,13:54:49,1209.0699,37,1
2026-06-24,600519,13:54:53,1208.7500,4,2
2026-06-24,600519,13:54:55,1209.0200,3,1
2026-06-24,600519,13:54:58,1208.9800,4,2
2026-06-24,600519,13:55:01,1209.1400,6,1
2026-06-24,600519,13:55:05,1209.1500,4,1
2026-06-24,600519,13:55:08,1209.0000,3,2
2026-06-24,600519,13:55:10,1209.1000,7,1
2026-06-24,600519,13:55:13,1209.1300,2,1
2026-06-24,600519,13:55:16,1209.0900,3,2
2026-06-24,600519,13:55:19,1209.1000,5,2
2026-06-24,600519,13:55:22,1209.0000,3,2
2026-06-24,600519,13:55:25,1208.9000,6,2
2026-06-24,600519,13:55:29,1208.8000,3,2
2026-06-24,600519,13:55:31,1208.9000,2,2
2026-06-24,600519,13:55:37,1209.0900,1,1
2026-06-24,600519,13:55:43,1208.9100,1,2
2026-06-24,600519,13:55:46,1209.0000,9,1
2026-06-24,600519,13:55:50,1209.0900,4,1
2026-06-24,600519,13:55:53,1208.9000,7,2
2026-06-24,600519,13:55:55,1209.0000,4,2
2026-06-24,600519,13:55:58,1209.0000,5,2
2026-06-24,600519,13:56:01,1209.0900,4,1
2026-06-24,600519,13:56:04,1209.0000,2,2
2026-06-24,600519,13:56:07,1209.0000,3,2
2026-06-24,600519,13:56:11,1209.1400,1,1
2026-06-24,600519,13:56:14,1209.1899,6,1
2026-06-24,600519,13:56:16,1209.2400,4,1
2026-06-24,600519,13:56:20,1209.2400,2,1
2026-06-24,600519,13:56:23,1209.8400,3,1
2026-06-24,600519,13:56:25,1209.0100,11,2
2026-06-24,600519,13:56:28,1209.7900,6,1
2026-06-24,600519,13:56:31,1209.7600,2,1
2026-06-24,600519,13:56:34,1209.0000,4,2
2026-06-24,600519,13:56:37,1209.0000,3,2
2026-06-24,600519,13:56:40,1209.0000,7,2
2026-06-24,600519,13:56:46,1209.7200,2,1
2026-06-24,600519,13:56:49,1209.0200,42,2
2026-06-24,600519,13:56:52,1209.0200,3,2
2026-06-24,600519,13:56:56,1209.0200,3,2
2026-06-24,600519,13:56:58,1209.0100,6,2
2026-06-24,600519,13:57:01,1209.9900,2,1
2026-06-24,600519,13:57:04,1209.0500,2,2
2026-06-24,600519,13:57:07,1209.0400,2,2
2026-06-24,600519,13:57:10,1209.2100,3,2
2026-06-24,600519,13:57:13,1209.8500,5,1
2026-06-24,600519,13:57:16,1209.2100,1,2
2026-06-24,600519,13:57:19,1209.8700,2,1
2026-06-24,600519,13:57:22,1209.0601,3,2
2026-06-24,600519,13:57:25,1209.2100,1,2
2026-06-24,600519,13:57:28,1209.2100,1,1
2026-06-24,600519,13:57:31,1209.2100,1,1
2026-06-24,600519,13:57:35,1209.2100,1,1
2026-06-24,600519,13:57:37,1209.2100,2,1
2026-06-24,600519,13:57:40,1209.2100,3,1
2026-06-24,600519,13:57:43,1209.1000,8,2
2026-06-24,600519,13:57:46,1209.2100,1,1
2026-06-24,600519,13:57:49,1209.2100,3,1
2026-06-24,600519,13:57:52,1209.1000,4,2
2026-06-24,600519,13:57:56,1209.2200,4,1
2026-06-24,600519,13:57:58,1209.2200,1,1
2026-06-24,600519,13:58:01,1209.2200,2,2
2026-06-24,600519,13:58:04,1209.2700,2,1
2026-06-24,600519,13:58:07,1209.1000,1,2
2026-06-24,600519,13:58:10,1209.1000,6,2
2026-06-24,600519,13:58:13,1208.9200,84,2
2026-06-24,600519,13:58:17,1208.9000,7,2
2026-06-24,600519,13:58:19,1208.9600,11,1
2026-06-24,600519,13:58:23,1208.8000,8,2
2026-06-24,600519,13:58:26,1208.9399,1,1
2026-06-24,600519,13:58:28,1208.7500,22,2
2026-06-24,600519,13:58:31,1208.8101,19,1
2026-06-24,600519,13:58:37,1208.8900,1,2
2026-06-24,600519,13:58:40,1208.7200,5,2
2026-06-24,600519,13:58:43,1208.7100,12,2
2026-06-24,600519,13:58:46,1208.7200,7,1
2026-06-24,600519,13:58:49,1208.8700,2,1
2026-06-24,600519,13:58:53,1208.8700,5,2
2026-06-24,600519,13:58:55,1208.8700,5,2
2026-06-24,600519,13:58:58,1208.7300,4,2
2026-06-24,600519,13:59:01,1208.8700,4,1
2026-06-24,600519,13:59:05,1208.7200,7,2
2026-06-24,600519,13:59:10,1208.8800,1,1
2026-06-24,600519,13:59:13,1208.8900,4,1
2026-06-24,600519,13:59:17,1208.9000,12,1
2026-06-24,600519,13:59:19,1209.0100,7,1
2026-06-24,600519,13:59:22,1208.9200,3,2
2026-06-24,600519,13:59:25,1208.8800,10,2
2026-06-24,600519,13:59:29,1208.8700,3,2
2026-06-24,600519,13:59:34,1208.9000,16,1
2026-06-24,600519,13:59:37,1208.9000,8,1
2026-06-24,600519,13:59:40,1209.0000,3,1
2026-06-24,600519,13:59:44,1208.9000,4,2
2026-06-24,600519,13:59:46,1208.9900,1,1
2026-06-24,600519,13:59:49,1209.0000,2,1
2026-06-24,600519,13:59:52,1208.9000,6,2
2026-06-24,600519,13:59:56,1208.8800,3,2
2026-06-24,600519,13:59:59,1208.8900,4,2
2026-06-24,600519,14:00:01,1209.2000,10,1
2026-06-24,600519,14:00:04,1209.2600,2,1
2026-06-24,600519,14:00:07,1209.2000,2,2
2026-06-24,600519,14:00:11,1209.2600,1,2
2026-06-24,600519,14:00:13,1209.2000,1,2
2026-06-24,600519,14:00:16,1209.6500,15,1
2026-06-24,600519,14:00:22,1209.6000,3,2
2026-06-24,600519,14:00:25,1209.6899,12,1
2026-06-24,600519,14:00:28,1209.6801,2,2
2026-06-24,600519,14:00:32,1209.6899,4,2
2026-06-24,600519,14:00:34,1210.0400,1,1
2026-06-24,600519,14:00:37,1210.0300,3,1
2026-06-24,600519,14:00:40,1209.7000,1,2
2026-06-24,600519,14:00:43,1210.0800,3,1
2026-06-24,600519,14:00:46,1209.6801,7,2
2026-06-24,600519,14:00:49,1209.6801,3,2
2026-06-24,600519,14:00:52,1209.4900,9,2
2026-06-24,600519,14:00:55,1209.2000,28,2
2026-06-24,600519,14:00:58,1209.0100,4,2
2026-06-24,600519,14:01:01,1209.0400,21,1
2026-06-24,600519,14:01:04,1209.0200,10,1
2026-06-24,600519,14:01:07,1208.8800,7,2
2026-06-24,600519,14:01:10,1208.8900,8,1
2026-06-24,600519,14:01:13,1208.8900,5,1
2026-06-24,600519,14:01:16,1208.8700,6,2
2026-06-24,600519,14:01:19,1208.8000,3,2
2026-06-24,600519,14:01:22,1208.8800,7,2
2026-06-24,600519,14:01:26,1208.8900,10,2
2026-06-24,600519,14:01:28,1208.7300,18,2
2026-06-24,600519,14:01:32,1208.7200,4,2
2026-06-24,600519,14:01:34,1208.8000,13,1
2026-06-24,600519,14:01:37,1208.7200,11,2
2026-06-24,600519,14:01:40,1208.8600,5,1
2026-06-24,600519,14:01:44,1208.8000,2,2
2026-06-24,600519,14:01:46,1208.8000,3,2
2026-06-24,600519,14:01:49,1208.8500,2,1
2026-06-24,600519,14:01:52,1208.8300,4,1
2026-06-24,600519,14:01:55,1208.8000,2,2
2026-06-24,600519,14:01:58,1208.7700,2,2
2026-06-24,600519,14:02:02,1208.7200,5,2
2026-06-24,600519,14:02:04,1208.8000,6,1
2026-06-24,600519,14:02:07,1208.7200,5,2
2026-06-24,600519,14:02:10,1208.7700,1,1
2026-06-24,600519,14:02:14,1208.8300,4,1
2026-06-24,600519,14:02:16,1208.7000,31,2
2026-06-24,600519,14:02:19,1208.7000,4,1
2026-06-24,600519,14:02:22,1208.7000,3,1
2026-06-24,600519,14:02:25,1208.7000,9,1
2026-06-24,600519,14:02:28,1208.7000,3,1
2026-06-24,600519,14:02:31,1208.7000,10,1
2026-06-24,600519,14:02:34,1208.7000,2,2
2026-06-24,600519,14:02:38,1209.0200,17,1
2026-06-24,600519,14:02:40,1209.0300,1,2
2026-06-24,600519,14:02:43,1208.8101,3,2
2026-06-24,600519,14:02:46,1208.8000,2,2
2026-06-24,600519,14:02:49,1209.5400,2,1
2026-06-24,600519,14:02:52,1209.8000,3,1
2026-06-24,600519,14:02:56,1208.8199,12,2
2026-06-24,600519,14:02:58,1208.8199,6,2
2026-06-24,600519,14:03:01,1209.0000,2,2
2026-06-24,600519,14:03:04,1209.0000,1,2
2026-06-24,600519,14:03:07,1209.0000,23,1
2026-06-24,600519,14:03:10,1208.9800,8,1
2026-06-24,600519,14:03:14,1208.8000,3,2
2026-06-24,600519,14:03:17,1208.9700,6,1
2026-06-24,600519,14:03:20,1208.8800,2,2
2026-06-24,600519,14:03:23,1208.9700,2,1
2026-06-24,600519,14:03:25,1208.9500,3,2
2026-06-24,600519,14:03:29,1208.9800,1,1
2026-06-24,600519,14:03:32,1208.9900,1,1
2026-06-24,600519,14:03:34,1208.9900,5,1
2026-06-24,600519,14:03:37,1208.9800,2,1
2026-06-24,600519,14:03:40,1208.9700,3,1
2026-06-24,600519,14:03:43,1208.9900,3,1
2026-06-24,600519,14:03:46,1208.9800,3,2
2026-06-24,600519,14:03:49,1209.0000,1,1
2026-06-24,600519,14:03:52,1209.0000,2,1
2026-06-24,600519,14:03:55,1209.0000,4,1
2026-06-24,600519,14:03:58,1209.0000,5,1
2026-06-24,600519,14:04:01,1208.9800,7,2
2026-06-24,600519,14:04:04,1208.9900,2,4
2026-06-24,600519,14:04:07,1208.9600,23,2
2026-06-24,600519,14:04:10,1209.0000,7,1
2026-06-24,600519,14:04:13,1208.9600,2,2
2026-06-24,600519,14:04:16,1208.9800,3,4
2026-06-24,600519,14:04:20,1208.9600,3,2
2026-06-24,600519,14:04:22,1208.9200,3,2
2026-06-24,600519,14:04:25,1208.9000,7,2
2026-06-24,600519,14:04:28,1208.9700,13,1
2026-06-24,600519,14:04:31,1208.8199,8,2
2026-06-24,600519,14:04:34,1208.7300,14,2
2026-06-24,600519,14:04:37,1208.7100,5,2
2026-06-24,600519,14:04:40,1208.7800,2,1
2026-06-24,600519,14:04:43,1208.7100,3,2
2026-06-24,600519,14:04:46,1208.7900,6,1
2026-06-24,600519,14:04:49,1208.8000,12,1
2026-06-24,600519,14:04:52,1208.8000,6,2
2026-06-24,600519,14:04:55,1208.7300,7,2
2026-06-24,600519,14:04:58,1208.7900,4,1
2026-06-24,600519,14:05:02,1208.7000,5,2
2026-06-24,600519,14:05:04,1208.7000,2,2
2026-06-24,600519,14:05:07,1208.7100,6,2
2026-06-24,600519,14:05:10,1208.7500,5,4
2026-06-24,600519,14:05:13,1208.7000,7,2
2026-06-24,600519,14:05:16,1208.9000,9,1
2026-06-24,600519,14:05:19,1208.7900,21,2
2026-06-24,600519,14:05:22,1208.7400,5,2
2026-06-24,600519,14:05:25,1208.9900,2,1
2026-06-24,600519,14:05:28,1208.7000,10,2
2026-06-24,600519,10:46:55,1212.4900,5,2
2026-06-24,600519,10:46:58,1213.0601,1,1
2026-06-24,600519,10:47:01,1213.0699,8,1
2026-06-24,600519,10:47:04,1212.9500,1,2
2026-06-24,600519,10:47:08,1212.5900,1,2
2026-06-24,600519,10:47:14,1212.9800,2,1
2026-06-24,600519,10:47:16,1213.0000,5,1
2026-06-24,600519,10:47:19,1213.0000,4,2
2026-06-24,600519,10:47:26,1213.1300,3,1
2026-06-24,600519,10:47:28,1213.2200,1,1
2026-06-24,600519,10:47:35,1213.1200,1,2
2026-06-24,600519,10:47:38,1213.2500,1,1
2026-06-24,600519,10:47:43,1213.3900,2,1
2026-06-24,600519,10:47:46,1212.5900,17,2
2026-06-24,600519,10:47:49,1212.4900,5,2
2026-06-24,600519,10:47:52,1213.3900,39,1
2026-06-24,600519,10:47:59,1213.3900,1,2
2026-06-24,600519,10:48:02,1213.1801,4,2
2026-06-24,600519,10:48:05,1213.1700,2,2
2026-06-24,600519,10:48:07,1213.3199,3,1
2026-06-24,600519,10:48:13,1213.2400,1,1
2026-06-24,600519,10:48:17,1212.4900,3,2
2026-06-24,600519,10:48:20,1213.1600,4,1
2026-06-24,600519,10:48:25,1212.6000,2,2
2026-06-24,600519,10:48:28,1212.6000,14,2
2026-06-24,600519,10:48:31,1212.9200,8,1
2026-06-24,600519,10:48:35,1212.5601,6,2
2026-06-24,600519,10:48:37,1212.0900,2,2
2026-06-24,600519,10:48:43,1212.0699,3,2
2026-06-24,600519,10:49:05,1212.7900,1,1
2026-06-24,600519,10:49:07,1212.1100,2,2
2026-06-24,600519,10:49:10,1212.1000,3,2
2026-06-24,600519,10:49:23,1212.7500,4,1
2026-06-24,600519,10:49:25,1212.1400,4,2
2026-06-24,600519,10:49:29,1212.1200,3,2
2026-06-24,600519,10:49:31,1212.0900,7,2
2026-06-24,600519,10:49:34,1212.1400,39,1
2026-06-24,600519,10:49:38,1212.1400,19,2
2026-06-24,600519,10:49:40,1212.9200,6,1
2026-06-24,600519,10:49:43,1213.3400,6,1
2026-06-24,600519,10:49:49,1213.3101,11,2
2026-06-24,600519,10:49:52,1213.2400,9,2
2026-06-24,600519,10:49:55,1213.3400,3,1
2026-06-24,600519,10:50:01,1214.3000,5,1
2026-06-24,600519,10:50:04,1214.2900,2,1
2026-06-24,600519,10:50:07,1213.5900,9,2
2026-06-24,600519,10:50:11,1214.2500,2,1
2026-06-24,600519,10:50:16,1214.1000,5,1
2026-06-24,600519,10:50:19,1213.3700,3,2
2026-06-24,600519,10:50:22,1213.3700,3,2
2026-06-24,600519,10:50:28,1213.0000,8,2
2026-06-24,600519,10:50:32,1213.3700,13,1
2026-06-24,600519,10:50:34,1213.3700,1,1
2026-06-24,600519,10:50:37,1213.5601,5,1
2026-06-24,600519,10:50:46,1214.1100,7,1
2026-06-24,600519,10:50:49,1214.1100,6,1
2026-06-24,600519,10:50:52,1213.3900,3,2
2026-06-24,600519,10:50:56,1214.1000,1,1
2026-06-24,600519,10:50:58,1214.2400,13,1
2026-06-24,600519,10:51:01,1214.2500,9,1
2026-06-24,600519,10:51:05,1214.1100,5,2
2026-06-24,600519,10:51:07,1214.0699,2,1
2026-06-24,600519,10:51:10,1213.5800,9,2
2026-06-24,600519,10:51:13,1213.5800,4,2
2026-06-24,600519,10:51:16,1212.8800,36,2
2026-06-24,600519,10:51:20,1213.3300,13,1
2026-06-24,600519,10:51:22,1212.4600,5,2
2026-06-24,600519,10:51:25,1212.4600,6,2
2026-06-24,600519,10:51:29,1212.4600,12,2
2026-06-24,600519,10:51:32,1213.2100,1,1
2026-06-24,600519,10:51:37,1213.0000,2,1
2026-06-24,600519,10:51:40,1213.2100,23,1
2026-06-24,600519,10:51:43,1212.1801,1,2
2026-06-24,600519,10:51:46,1212.6801,1,1
2026-06-24,600519,10:51:49,1212.8400,1,1
2026-06-24,600519,10:51:53,1212.8400,3,1
2026-06-24,600519,10:51:56,1212.1700,2,2
2026-06-24,600519,10:51:58,1212.8500,2,1
2026-06-24,600519,10:52:01,1212.8600,3,1
2026-06-24,600519,10:52:04,1212.2100,1,2
2026-06-24,600519,10:52:10,1212.8500,4,1
2026-06-24,600519,10:52:13,1212.8600,4,4
2026-06-24,600519,10:52:17,1212.8700,2,1
2026-06-24,600519,10:52:19,1212.8600,7,2
2026-06-24,600519,10:52:22,1212.8500,1,1
2026-06-24,600519,10:52:25,1212.8600,8,1
2026-06-24,600519,10:52:28,1212.8199,2,2
2026-06-24,600519,10:52:31,1212.7900,6,2
2026-06-24,600519,10:52:34,1212.8600,1,1
2026-06-24,600519,10:52:37,1212.8700,2,1
2026-06-24,600519,10:52:40,1212.3101,3,2
2026-06-24,600519,10:52:43,1212.3101,6,2
2026-06-24,600519,10:52:46,1212.3300,1,2
2026-06-24,600519,10:52:49,1212.5000,1,2
2026-06-24,600519,10:52:52,1212.4600,2,2
2026-06-24,600519,10:52:55,1212.4600,2,2
2026-06-24,600519,10:52:58,1212.3199,1,2
2026-06-24,600519,10:53:01,1212.4600,3,2
2026-06-24,600519,10:53:04,1212.6600,2,1
2026-06-24,600519,10:53:07,1212.8101,1,1
2026-06-24,600519,10:53:14,1212.8101,3,1
2026-06-24,600519,10:53:16,1212.8400,19,1
2026-06-24,600519,10:53:19,1212.8600,4,1
2026-06-24,600519,10:53:23,1212.9700,12,1
2026-06-24,600519,10:53:25,1214.2400,14,1
2026-06-24,600519,10:53:28,1213.9600,4,2
2026-06-24,600519,10:53:32,1213.1500,3,2
2026-06-24,600519,10:53:34,1213.0601,3,2
2026-06-24,600519,10:53:37,1213.1700,3,2
2026-06-24,600519,10:53:41,1213.9700,2,1
2026-06-24,600519,10:53:44,1214.0699,3,1
2026-06-24,600519,10:53:46,1214.0000,2,1
2026-06-24,600519,10:53:50,1214.2700,5,1
2026-06-24,600519,10:53:52,1214.2700,4,1
2026-06-24,600519,10:53:56,1214.2800,1,1
2026-06-24,600519,10:53:58,1214.2700,5,2
2026-06-24,600519,10:54:01,1214.2500,5,1
2026-06-24,600519,10:54:05,1213.5100,6,2
2026-06-24,600519,10:54:07,1213.2600,5,2
2026-06-24,600519,10:54:10,1213.2600,1,2
2026-06-24,600519,10:54:13,1213.2600,6,2
2026-06-24,600519,10:54:16,1213.2600,4,2
2026-06-24,600519,10:54:20,1213.7800,1,1
2026-06-24,600519,10:54:23,1213.2700,1,2
2026-06-24,600519,10:54:31,1213.3400,7,1
2026-06-24,600519,10:54:35,1213.2700,2,2
2026-06-24,600519,10:54:38,1213.2800,18,2
2026-06-24,600519,10:54:40,1213.4399,12,1
2026-06-24,600519,10:54:43,1213.4301,2,1
2026-06-24,600519,10:54:46,1213.4399,1,1
2026-06-24,600519,10:54:50,1213.3300,5,2
2026-06-24,600519,10:54:52,1213.4399,4,2
2026-06-24,600519,10:54:56,1213.4800,1,2
2026-06-24,600519,10:54:58,1213.9200,1,1
2026-06-24,600519,10:55:02,1214.9800,28,1
2026-06-24,600519,10:55:04,1216.5500,36,1
2026-06-24,600519,10:55:07,1216.5400,6,1
2026-06-24,600519,10:55:10,1216.2800,9,1
2026-06-24,600519,10:55:14,1215.0601,2,2
2026-06-24,600519,10:55:17,1214.9800,7,2
2026-06-24,600519,10:55:20,1215.0100,6,1
2026-06-24,600519,10:55:22,1215.4399,4,1
2026-06-24,600519,10:55:25,1215.4399,3,4
2026-06-24,600519,10:55:28,1215.0000,4,2
2026-06-24,600519,10:55:32,1215.2900,6,1
2026-06-24,600519,10:55:34,1215.3000,3,1
2026-06-24,600519,10:55:37,1215.2900,4,1
2026-06-24,600519,10:55:40,1215.2900,11,2
2026-06-24,600519,10:55:43,1215.2000,13,1
2026-06-24,600519,10:55:46,1214.5300,6,2
2026-06-24,600519,10:55:49,1213.6100,5,2
2026-06-24,600519,10:55:52,1215.0100,4,1
2026-06-24,600519,10:55:55,1214.9800,3,1
2026-06-24,600519,10:55:58,1214.9800,15,1
2026-06-24,600519,10:56:01,1214.4200,3,1
2026-06-24,600519,10:56:07,1214.9600,5,1
2026-06-24,600519,10:56:10,1214.4200,3,2
2026-06-24,600519,10:56:13,1214.8000,8,1
2026-06-24,600519,10:56:16,1214.8300,2,1
2026-06-24,600519,10:56:19,1214.4800,2,1
2026-06-24,600519,10:56:26,1214.0601,1,2
2026-06-24,600519,10:56:29,1214.8300,5,1
2026-06-24,600519,10:56:32,1214.8300,1,1
2026-06-24,600519,10:56:35,1214.1000,5,2
2026-06-24,600519,10:56:38,1214.1200,1,2
2026-06-24,600519,10:56:41,1214.4200,1,2
2026-06-24,600519,10:56:43,1214.8000,5,1
2026-06-24,600519,10:56:46,1214.8300,2,1
2026-06-24,600519,10:56:49,1214.8199,6,2
2026-06-24,600519,10:56:55,1214.8300,2,1
2026-06-24,600519,10:56:58,1214.8101,1,2
2026-06-24,600519,10:57:01,1214.8199,1,1
2026-06-24,600519,10:57:04,1214.8600,2,1
2026-06-24,600519,10:57:08,1215.0601,4,1
2026-06-24,600519,10:57:11,1215.0900,5,2
2026-06-24,600519,10:57:13,1215.0000,13,2
2026-06-24,600519,10:57:22,1215.6700,2,1
2026-06-24,600519,10:57:26,1215.5100,2,2
2026-06-24,600519,10:57:28,1215.5800,2,2
2026-06-24,600519,10:57:31,1215.5200,4,2
2026-06-24,600519,10:57:34,1215.6700,5,1
2026-06-24,600519,10:57:37,1215.6700,7,1
2026-06-24,600519,10:57:40,1215.6700,6,1
2026-06-24,600519,10:57:43,1215.6700,1,2
2026-06-24,600519,10:57:46,1215.9800,1,1
2026-06-24,600519,10:57:50,1215.7100,1,2
2026-06-24,600519,10:57:53,1215.9900,7,1
2026-06-24,600519,10:57:56,1216.2500,3,1
2026-06-24,600519,10:57:58,1216.4100,4,1
2026-06-24,600519,10:58:01,1216.4100,12,1
2026-06-24,600519,10:58:05,1215.7000,6,2
2026-06-24,600519,10:58:07,1215.6500,8,2
2026-06-24,600519,10:58:10,1215.5800,6,2
2026-06-24,600519,10:58:13,1215.5500,1,2
2026-06-24,600519,10:58:16,1214.8600,8,2
2026-06-24,600519,10:58:19,1215.4600,7,1
2026-06-24,600519,10:58:22,1215.5400,7,1
2026-06-24,600519,10:58:26,1215.6801,9,1
2026-06-24,600519,10:58:28,1215.6600,24,1
2026-06-24,600519,10:58:31,1216.3000,6,1
2026-06-24,600519,10:58:34,1216.0100,12,2
2026-06-24,600519,10:58:37,1216.6100,16,1
2026-06-24,600519,10:58:40,1217.3199,26,1
2026-06-24,600519,10:58:43,1217.3199,18,2
2026-06-24,600519,10:58:46,1217.0601,1,2
2026-06-24,600519,10:58:49,1217.8600,2,2
2026-06-24,600519,10:58:52,1217.8000,9,1
2026-06-24,600519,10:58:55,1218.0000,2,1
2026-06-24,600519,10:58:59,1217.9000,5,1
2026-06-24,600519,10:59:02,1217.8300,5,1
2026-06-24,600519,10:59:10,1218.0000,7,1
2026-06-24,600519,10:59:16,1218.0000,3,1
2026-06-24,600519,10:59:19,1218.0000,9,1
2026-06-24,600519,10:59:22,1218.0000,7,2
2026-06-24,600519,10:59:26,1217.6500,19,2
2026-06-24,600519,10:59:28,1217.0100,8,2
2026-06-24,600519,10:59:31,1216.9800,2,1
2026-06-24,600519,10:59:34,1216.9600,2,1
2026-06-24,600519,10:59:37,1216.0100,4,2
2026-06-24,600519,10:59:40,1217.4600,3,1
2026-06-24,600519,10:59:44,1216.0000,0,1
2026-06-24,600519,10:59:47,1216.7000,4,1
2026-06-24,600519,10:59:53,1216.0000,1,2
2026-06-24,600519,10:59:56,1216.3700,1,1
2026-06-24,600519,10:59:58,1217.2000,3,1
2026-06-24,600519,11:00:01,1217.2100,4,2
2026-06-24,600519,11:00:05,1217.2100,1,2
2026-06-24,600519,11:00:08,1216.0100,8,2
2026-06-24,600519,11:00:10,1217.2000,2,1
2026-06-24,600519,11:00:13,1216.0200,2,2
2026-06-24,600519,11:00:16,1216.0100,4,2
2026-06-24,600519,11:00:19,1216.9900,4,1
2026-06-24,600519,11:00:23,1216.9700,1,1
2026-06-24,600519,11:00:26,1216.0400,6,2
2026-06-24,600519,11:00:28,1216.9600,1,1
2026-06-24,600519,11:00:32,1216.2900,7,2
2026-06-24,600519,11:00:35,1216.9600,4,1
2026-06-24,600519,11:00:41,1216.8900,2,1
2026-06-24,600519,11:00:43,1216.3300,1,2
2026-06-24,600519,11:00:46,1216.3300,1,2
2026-06-24,600519,11:00:50,1216.9000,3,1
2026-06-24,600519,11:00:53,1216.8800,2,1
2026-06-24,600519,11:00:55,1216.9900,8,1
2026-06-24,600519,11:00:58,1217.0601,8,1
2026-06-24,600519,11:01:02,1217.0000,2,4
2026-06-24,600519,11:01:05,1217.0000,5,1
2026-06-24,600519,11:01:07,1217.0000,5,2
2026-06-24,600519,11:01:10,1217.0800,6,1
2026-06-24,600519,11:01:14,1218.1500,13,1
2026-06-24,600519,11:01:16,1217.5800,11,2
2026-06-24,600519,11:01:22,1218.1500,1,1
2026-06-24,600519,11:01:25,1218.1200,4,1
2026-06-24,600519,11:01:29,1218.1100,1,1
2026-06-24,600519,11:01:31,1218.0100,4,1
2026-06-24,600519,11:01:34,1218.0100,2,1
2026-06-24,600519,11:01:38,1218.0000,2,1
2026-06-24,600519,11:01:40,1217.9399,2,1
2026-06-24,600519,11:01:43,1217.2200,3,2
2026-06-24,600519,11:01:46,1217.2300,3,1
2026-06-24,600519,11:01:50,1217.2500,2,2
2026-06-24,600519,11:01:52,1217.2100,3,2
2026-06-24,600519,11:01:56,1217.1400,9,2
2026-06-24,600519,11:01:58,1216.8800,10,2
2026-06-24,600519,11:02:01,1216.3800,3,2
2026-06-24,600519,11:02:05,1216.3700,2,2
2026-06-24,600519,11:02:08,1216.3800,5,1
2026-06-24,600519,11:02:10,1216.3800,4,2
2026-06-24,600519,11:02:13,1216.4900,3,1
2026-06-24,600519,11:02:17,1216.3800,6,2
2026-06-24,600519,11:02:19,1216.3800,4,2
2026-06-24,600519,11:02:22,1216.3500,7,1
2026-06-24,600519,11:02:28,1216.2100,1,2
2026-06-24,600519,11:02:31,1216.2200,4,2
2026-06-24,600519,11:02:34,1216.0200,13,2
2026-06-24,600519,11:02:37,1216.0000,9,2
2026-06-24,600519,11:02:40,1215.0000,3,2
2026-06-24,600519,11:02:43,1215.0000,5,2
2026-06-24,600519,11:02:47,1215.0100,18,2
2026-06-24,600519,11:02:50,1214.7500,1,2
2026-06-24,600519,11:02:52,1215.1801,15,1
2026-06-24,600519,11:02:55,1214.5601,4,2
2026-06-24,600519,11:02:58,1215.4399,1,1
2026-06-24,600519,11:03:01,1215.4500,2,1
2026-06-24,600519,11:03:04,1215.4399,12,1
2026-06-24,600519,11:03:08,1215.8000,8,1
2026-06-24,600519,11:03:10,1216.3000,20,1
2026-06-24,600519,11:03:13,1216.3400,5,1
2026-06-24,600519,11:03:16,1216.3000,4,1
2026-06-24,600519,11:03:23,1216.2200,6,2
2026-06-24,600519,11:03:26,1216.2200,1,2
2026-06-24,600519,11:03:28,1216.2200,2,2
2026-06-24,600519,11:03:31,1217.2200,1,1
2026-06-24,600519,11:03:35,1217.2300,4,1
2026-06-24,600519,11:03:37,1216.4600,4,2
2026-06-24,600519,11:03:41,1217.2200,6,1
2026-06-24,600519,11:03:44,1216.4700,1,2
2026-06-24,600519,11:03:46,1217.2100,5,1
2026-06-24,600519,11:03:50,1216.4800,1,2
2026-06-24,600519,11:03:52,1216.4500,1,2
2026-06-24,600519,11:03:55,1217.1899,8,1
2026-06-24,600519,11:03:58,1216.2400,1,2
2026-06-24,600519,11:04:02,1217.1801,2,1
2026-06-24,600519,11:04:04,1217.2100,5,1
2026-06-24,600519,11:04:07,1217.2200,13,1
2026-06-24,600519,11:04:10,1217.3199,25,1
2026-06-24,600519,11:04:13,1217.2300,2,2
2026-06-24,600519,11:04:16,1217.7500,6,1
2026-06-24,600519,11:04:19,1217.2200,2,2
2026-06-24,600519,11:04:23,1216.6300,3,2
2026-06-24,600519,11:04:25,1217.9900,6,1
2026-06-24,600519,11:04:28,1217.2300,2,2
2026-06-24,600519,11:04:31,1217.2300,1,2
2026-06-24,600519,11:04:34,1217.2200,7,2
2026-06-24,600519,11:04:38,1217.2200,1,1
2026-06-24,600519,11:04:40,1217.2200,1,1
2026-06-24,600519,11:04:44,1217.2200,1,1
2026-06-24,600519,11:04:47,1217.2200,2,2
2026-06-24,600519,11:04:49,1217.2200,5,2
2026-06-24,600519,11:04:53,1217.2200,1,2
2026-06-24,600519,11:04:55,1217.2200,2,2
2026-06-24,600519,11:04:59,1217.0000,1,2
2026-06-24,600519,11:05:01,1217.8000,4,1
2026-06-24,600519,11:05:07,1217.3700,5,2
2026-06-24,600519,11:05:13,1217.2200,3,2
2026-06-24,600519,11:05:16,1217.2200,4,2
2026-06-24,600519,11:05:19,1217.2200,1,2
2026-06-24,600519,11:05:23,1217.2200,16,2
2026-06-24,600519,11:05:25,1218.2500,22,1
2026-06-24,600519,11:05:29,1218.0200,4,2
2026-06-24,600519,11:05:32,1218.9900,8,1
2026-06-24,600519,11:05:34,1219.4500,8,1
2026-06-24,600519,11:05:41,1219.5800,2,1
2026-06-24,600519,11:05:43,1219.5800,1,1
2026-06-24,600519,11:05:47,1219.8900,6,1
2026-06-24,600519,11:05:49,1219.8900,2,1
2026-06-24,600519,11:05:53,1219.6200,7,1
2026-06-24,600519,11:05:55,1219.0100,10,4
2026-06-24,600519,11:05:58,1219.0200,9,1
2026-06-24,600519,11:06:01,1219.0100,2,1
2026-06-24,600519,11:06:05,1219.4100,4,1
2026-06-24,600519,11:06:10,1219.0300,1,2
2026-06-24,600519,11:06:13,1219.4399,2,1
2026-06-24,600519,11:06:16,1219.0300,7,2
2026-06-24,600519,11:06:19,1219.0200,10,2
2026-06-24,600519,11:06:23,1218.5000,19,2
2026-06-24,600519,11:06:26,1219.0400,8,2
2026-06-24,600519,11:06:31,1219.0100,3,1
2026-06-24,600519,11:06:35,1218.5100,5,2
2026-06-24,600519,11:06:37,1218.5100,7,2
2026-06-24,600519,11:06:46,1218.5100,1,2
2026-06-24,600519,11:06:49,1218.3500,2,2
2026-06-24,600519,11:06:52,1218.4200,3,1
2026-06-24,600519,11:06:55,1218.0200,3,2
2026-06-24,600519,11:06:58,1218.0100,3,2
2026-06-24,600519,11:07:01,1218.0100,5,2
2026-06-24,600519,11:07:04,1218.1100,14,1
2026-06-24,600519,11:07:07,1218.5500,9,1
2026-06-24,600519,11:07:10,1218.9500,1,1
2026-06-24,600519,11:07:13,1218.5601,5,2
2026-06-24,600519,11:07:20,1218.9301,2,1
2026-06-24,600519,11:07:23,1218.9200,2,1
2026-06-24,600519,11:07:29,1218.6000,6,2
2026-06-24,600519,11:07:31,1218.6000,2,2
2026-06-24,600519,11:07:34,1218.9301,2,1
2026-06-24,600519,11:07:37,1218.9000,2,1
2026-06-24,600519,11:07:41,1218.6200,1,2
2026-06-24,600519,11:07:43,1218.9399,9,1
2026-06-24,600519,11:07:46,1218.9000,1,1
