date,code,time,price,volume,bs
2026-03-03,600036,14:07:09,39.2600,190,1
2026-03-03,600036,14:07:11,39.2600,96,1
2026-03-03,600036,14:07:14,39.2600,292,1
2026-03-03,600036,14:07:17,39.2500,17,2
2026-03-03,600036,14:07:21,39.2600,9,1
2026-03-03,600036,14:07:23,39.2600,55,1
2026-03-03,600036,14:07:26,39.2600,77,1
2026-03-03,600036,14:07:29,39.2500,235,2
2026-03-03,600036,14:07:32,39.2500,396,2
2026-03-03,600036,14:07:35,39.2500,182,2
2026-03-03,600036,14:07:39,39.2500,401,2
2026-03-03,600036,14:07:41,39.2400,100,2
2026-03-03,600036,14:07:45,39.2400,47,2
2026-03-03,600036,14:07:47,39.2500,41,1
2026-03-03,600036,14:07:50,39.2400,102,2
2026-03-03,600036,14:07:53,39.2500,32,1
2026-03-03,600036,14:07:56,39.2400,52,2
2026-03-03,600036,14:07:59,39.2400,120,2
2026-03-03,600036,14:08:02,39.2400,48,2
2026-03-03,600036,14:08:05,39.2500,71,1
2026-03-03,600036,14:08:08,39.2400,56,2
2026-03-03,600036,14:08:11,39.2400,294,2
2026-03-03,600036,14:08:14,39.2500,295,1
2026-03-03,600036,14:08:17,39.2500,66,1
2026-03-03,600036,14:08:20,39.2500,15,1
2026-03-03,600036,14:08:23,39.2400,331,2
2026-03-03,600036,14:08:26,39.2500,693,1
2026-03-03,600036,14:08:29,39.2400,608,2
2026-03-03,600036,14:08:32,39.2400,1061,2
2026-03-03,600036,14:08:35,39.2400,151,2
2026-03-03,600036,14:08:38,39.2400,105,2
2026-03-03,600036,14:08:41,39.2400,677,2
2026-03-03,600036,14:08:44,39.2400,1021,2
2026-03-03,600036,14:08:47,39.2400,716,2
2026-03-03,600036,14:08:50,39.2300,71,2
2026-03-03,600036,14:08:53,39.2300,165,2
2026-03-03,600036,14:08:56,39.2300,65,2
2026-03-03,600036,14:08:59,39.2300,127,2
2026-03-03,600036,14:09:02,39.2200,572,2
2026-03-03,600036,14:09:05,39.2100,222,2
2026-03-03,600036,14:09:08,39.2100,163,2
2026-03-03,600036,14:09:11,39.2100,54,2
2026-03-03,600036,14:09:14,39.2100,82,2
2026-03-03,600036,14:09:17,39.2100,348,2
2026-03-03,600036,14:09:20,39.2100,32,2
2026-03-03,600036,14:09:23,39.2100,140,2
2026-03-03,600036,14:09:26,39.2200,229,1
2026-03-03,600036,14:09:29,39.2100,141,2
2026-03-03,600036,14:09:32,39.2000,348,2
2026-03-03,600036,14:09:35,39.2100,35,1
2026-03-03,600036,14:09:39,39.2100,175,1
2026-03-03,600036,14:09:41,39.2000,84,2
2026-03-03,600036,14:09:44,39.2100,1256,1
2026-03-03,600036,14:09:47,39.2200,716,1
2026-03-03,600036,14:09:50,39.2200,648,2
2026-03-03,600036,14:09:53,39.2200,185,2
2026-03-03,600036,14:09:56,39.2300,30,1
2026-03-03,600036,14:09:59,39.2300,94,1
2026-03-03,600036,14:10:02,39.2200,102,2
2026-03-03,600036,14:10:05,39.2200,197,2
2026-03-03,600036,14:10:08,39.2200,235,2
2026-03-03,600036,14:10:11,39.2200,181,2
2026-03-03,600036,14:10:14,39.2200,150,2
2026-03-03,600036,14:10:17,39.2200,57,2
2026-03-03,600036,14:10:20,39.2300,60,1
2026-03-03,600036,14:10:24,39.2200,108,2
2026-03-03,600036,14:10:26,39.2200,70,2
2026-03-03,600036,14:10:29,39.2200,110,2
2026-03-03,600036,14:10:33,39.2300,53,1
2026-03-03,600036,14:10:35,39.2200,71,2
2026-03-03,600036,14:10:38,39.2200,57,2
2026-03-03,600036,14:10:41,39.2200,117,2
2026-03-03,600036,14:10:44,39.2300,279,1
2026-03-03,600036,14:10:47,39.2200,615,2
2026-03-03,600036,14:10:50,39.2300,41,1
2026-03-03,600036,14:10:53,39.2200,40,2
2026-03-03,600036,14:10:56,39.2200,236,2
2026-03-03,600036,14:10:59,39.2200,93,2
2026-03-03,600036,14:11:02,39.2300,49,1
2026-03-03,600036,14:11:05,39.2200,187,2
2026-03-03,600036,14:11:09,39.2200,250,2
2026-03-03,600036,14:11:11,39.2200,107,4
2026-03-03,600036,14:11:14,39.2200,138,2
2026-03-03,600036,14:11:17,39.2200,843,1
2026-03-03,600036,14:11:20,39.2100,253,2
2026-03-03,600036,14:11:23,39.2100,28,2
2026-03-03,600036,14:11:26,39.2200,32,1
2026-03-03,600036,14:11:29,39.2200,20,1
2026-03-03,600036,14:11:32,39.2200,84,1
2026-03-03,600036,14:11:35,39.2200,261,1
2026-03-03,600036,14:11:38,39.2200,111,1
2026-03-03,600036,14:11:41,39.2200,150,1
2026-03-03,600036,14:11:44,39.2200,186,1
2026-03-03,600036,14:11:47,39.2200,159,1
2026-03-03,600036,14:11:50,39.2100,44,2
2026-03-03,600036,14:11:54,39.2100,51,2
2026-03-03,600036,14:11:57,39.2100,97,2
2026-03-03,600036,14:11:59,39.2200,57,1
2026-03-03,600036,14:12:02,39.2100,181,2
2026-03-03,600036,14:12:05,39.2200,484,1
2026-03-03,600036,14:12:08,39.2200,1074,1
2026-03-03,600036,14:12:11,39.2200,236,2
2026-03-03,600036,14:12:14,39.2200,257,2
2026-03-03,600036,14:12:18,39.2200,69,2
2026-03-03,600036,14:12:20,39.2200,57,2
2026-03-03,600036,14:12:23,39.2200,15,2
2026-03-03,600036,14:12:26,39.2200,62,2
2026-03-03,600036,14:12:29,39.2300,48,1
2026-03-03,600036,14:12:32,39.2200,23,2
2026-03-03,600036,14:12:35,39.2200,12,2
2026-03-03,600036,14:12:38,39.2200,162,2
2026-03-03,600036,14:12:42,39.2200,125,2
2026-03-03,600036,14:12:45,39.2200,6,2
2026-03-03,600036,14:12:47,39.2300,565,1
2026-03-03,600036,14:12:50,39.2300,22,1
2026-03-03,600036,14:12:53,39.2300,39,1
2026-03-03,600036,14:12:56,39.2300,362,1
2026-03-03,600036,14:13:00,39.2300,95,1
2026-03-03,600036,14:13:03,39.2300,350,1
2026-03-03,600036,14:13:05,39.2300,60,1
2026-03-03,600036,14:13:08,39.2300,95,1
2026-03-03,600036,14:13:12,39.2300,428,1
2026-03-03,600036,14:13:14,39.2300,520,1
2026-03-03,600036,14:13:17,39.2300,452,2
2026-03-03,600036,14:13:20,39.2300,74,2
2026-03-03,600036,14:13:23,39.2500,206,1
2026-03-03,600036,14:13:26,39.2500,23,1
2026-03-03,600036,14:13:30,39.2500,271,1
2026-03-03,600036,14:13:32,39.2500,130,1
2026-03-03,600036,14:13:35,39.2400,667,2
2026-03-03,600036,14:13:38,39.2400,193,2
2026-03-03,600036,14:13:41,39.2500,278,1
2026-03-03,600036,14:13:45,39.2400,151,2
2026-03-03,600036,14:13:47,39.2400,297,2
2026-03-03,600036,14:13:50,39.2400,386,2
2026-03-03,600036,14:13:53,39.2500,222,1
2026-03-03,600036,14:13:56,39.2400,222,2
2026-03-03,600036,14:13:59,39.2500,156,1
2026-03-03,600036,14:14:02,39.2600,326,1
2026-03-03,600036,14:14:05,39.2500,72,2
2026-03-03,600036,14:14:08,39.2500,165,2
2026-03-03,600036,14:14:11,39.2600,249,1
2026-03-03,600036,14:14:14,39.2600,52,1
2026-03-03,600036,14:14:17,39.2600,18,1
2026-03-03,600036,14:14:20,39.2600,128,1
2026-03-03,600036,14:14:23,39.2500,62,2
2026-03-03,600036,14:14:26,39.2600,49,1
2026-03-03,600036,14:14:29,39.2600,279,1
2026-03-03,600036,14:14:32,39.2600,426,1
2026-03-03,600036,14:14:35,39.2600,373,1
2026-03-03,600036,14:14:38,39.2700,83,1
2026-03-03,600036,14:14:41,39.2600,195,2
2026-03-03,600036,14:14:44,39.2700,281,1
2026-03-03,600036,14:14:47,39.2700,153,1
2026-03-03,600036,14:14:51,39.2700,116,1
2026-03-03,600036,14:14:53,39.2800,22,1
2026-03-03,600036,14:14:56,39.2700,51,2
2026-03-03,600036,14:14:59,39.2800,116,1
2026-03-03,600036,14:15:02,39.2800,227,1
2026-03-03,600036,14:15:05,39.2600,1546,2
2026-03-03,600036,14:15:08,39.2600,1153,2
2026-03-03,600036,14:15:11,39.2600,471,2
2026-03-03,600036,14:15:14,39.2700,136,1
2026-03-03,600036,14:15:17,39.2600,55,2
2026-03-03,600036,14:15:20,39.2600,93,2
2026-03-03,600036,14:15:23,39.2700,38,1
2026-03-03,600036,14:15:26,39.2600,129,2
2026-03-03,600036,14:15:29,39.2600,426,2
2026-03-03,600036,14:15:32,39.2500,387,2
2026-03-03,600036,14:15:35,39.2500,65,2
2026-03-03,600036,14:15:38,39.2600,27,1
2026-03-03,600036,14:15:41,39.2500,98,2
2026-03-03,600036,14:15:44,39.2500,71,2
2026-03-03,600036,14:15:47,39.2500,48,2
2026-03-03,600036,14:15:50,39.2500,104,2
2026-03-03,600036,14:15:53,39.2500,892,2
2026-03-03,600036,14:15:56,39.2400,47,2
2026-03-03,600036,14:15:59,39.2400,155,2
2026-03-03,600036,14:16:03,39.2400,114,2
2026-03-03,600036,14:16:05,39.2400,30,2
2026-03-03,600036,14:16:08,39.2400,169,2
2026-03-03,600036,14:16:11,39.2400,554,2
2026-03-03,600036,14:16:14,39.2500,111,1
2026-03-03,600036,14:16:17,39.2400,152,2
2026-03-03,600036,14:16:20,39.2400,71,2
2026-03-03,600036,14:16:23,39.2400,77,2
2026-03-03,600036,14:16:26,39.2400,116,2
2026-03-03,600036,14:16:29,39.2400,81,2
2026-03-03,600036,14:16:32,39.2400,32,2
2026-03-03,600036,14:16:35,39.2500,265,1
2026-03-03,600036,14:16:38,39.2500,35,1
2026-03-03,600036,14:16:41,39.2400,24,2
2026-03-03,600036,14:16:44,39.2400,127,2
2026-03-03,600036,14:16:48,39.2400,109,2
2026-03-03,600036,14:16:50,39.2500,16,1
2026-03-03,600036,14:16:54,39.2500,22,1
2026-03-03,600036,14:16:56,39.2400,20,2
2026-03-03,600036,14:16:59,39.2500,17,1
2026-03-03,600036,14:17:02,39.2500,181,1
2026-03-03,600036,14:17:05,39.2500,120,1
2026-03-03,600036,14:17:08,39.2400,31,2
2026-03-03,600036,14:17:11,39.2400,19,2
2026-03-03,600036,14:17:14,39.2400,245,2
2026-03-03,600036,14:17:18,39.2400,106,2
2026-03-03,600036,14:17:20,39.2400,435,2
2026-03-03,600036,14:17:23,39.2400,569,2
2026-03-03,600036,14:17:26,39.2400,568,2
2026-03-03,600036,14:17:29,39.2400,185,1
2026-03-03,600036,14:17:32,39.2400,1580,1
2026-03-03,600036,14:17:35,39.2300,214,1
2026-03-03,600036,14:17:38,39.2200,119,2
2026-03-03,600036,14:17:41,39.2200,209,2
2026-03-03,600036,14:17:44,39.2200,65,2
2026-03-03,600036,14:17:47,39.2200,60,2
2026-03-03,600036,14:17:50,39.2300,82,1
2026-03-03,600036,14:17:53,39.2200,204,2
2026-03-03,600036,14:17:56,39.2200,41,2
2026-03-03,600036,14:17:59,39.2200,141,2
2026-03-03,600036,14:18:03,39.2200,70,2
2026-03-03,600036,14:18:06,39.2200,117,2
2026-03-03,600036,14:18:08,39.2200,198,2
2026-03-03,600036,14:18:11,39.2200,91,2
2026-03-03,600036,14:18:14,39.2200,28,2
2026-03-03,600036,14:18:17,39.2200,85,2
2026-03-03,600036,14:18:20,39.2300,190,1
2026-03-03,600036,14:18:23,39.2200,108,2
2026-03-03,600036,14:18:26,39.2200,117,2
2026-03-03,600036,14:18:29,39.2300,84,1
2026-03-03,600036,14:18:32,39.2200,141,2
2026-03-03,600036,14:18:35,39.2200,30,2
2026-03-03,600036,14:18:38,39.2200,74,2
2026-03-03,600036,14:18:41,39.2200,77,2
2026-03-03,600036,14:18:44,39.2200,190,2
2026-03-03,600036,14:18:47,39.2200,47,2
2026-03-03,600036,14:18:50,39.2200,290,2
2026-03-03,600036,14:18:53,39.2200,304,2
2026-03-03,600036,14:18:56,39.2200,202,2
2026-03-03,600036,14:18:59,39.2200,120,2
2026-03-03,600036,14:19:03,39.2100,3305,2
2026-03-03,600036,14:19:06,39.2100,2607,2
2026-03-03,600036,14:19:08,39.2000,785,2
2026-03-03,600036,14:19:11,39.2100,191,1
2026-03-03,600036,14:19:14,39.2000,1042,2
2026-03-03,600036,14:19:17,39.2000,179,2
2026-03-03,600036,14:19:20,39.2100,164,1
2026-03-03,600036,14:19:23,39.2000,73,2
2026-03-03,600036,14:19:26,39.2100,27,1
2026-03-03,600036,14:19:29,39.2000,137,2
2026-03-03,600036,14:19:32,39.2000,107,2
2026-03-03,600036,14:19:36,39.2000,728,2
2026-03-03,600036,14:19:39,39.2000,224,1
2026-03-03,600036,14:19:41,39.1900,25,2
2026-03-03,600036,14:19:44,39.1900,88,2
2026-03-03,600036,14:19:47,39.1900,28,2
2026-03-03,600036,14:19:50,39.1900,56,2
2026-03-03,600036,14:19:53,39.1900,1439,2
2026-03-03,600036,14:19:56,39.1800,170,2
2026-03-03,600036,14:19:59,39.1900,104,1
2026-03-03,600036,14:20:02,39.1900,443,1
2026-03-03,600036,14:20:05,39.1900,74,1
2026-03-03,600036,14:20:08,39.1900,189,1
2026-03-03,600036,14:20:11,39.1800,188,2
2026-03-03,600036,14:20:14,39.1800,59,2
2026-03-03,600036,14:20:17,39.1800,129,2
2026-03-03,600036,14:20:20,39.1800,255,2
2026-03-03,600036,14:20:23,39.1800,737,2
2026-03-03,600036,14:20:26,39.1800,226,2
2026-03-03,600036,14:20:29,39.1800,131,2
2026-03-03,600036,14:20:32,39.1800,880,2
2026-03-03,600036,14:20:35,39.1800,813,2
2026-03-03,600036,14:20:38,39.1800,457,2
2026-03-03,600036,14:20:42,39.1800,170,1
2026-03-03,600036,14:20:44,39.1800,105,1
2026-03-03,600036,14:20:47,39.1700,95,2
2026-03-03,600036,14:20:50,39.1700,34,2
2026-03-03,600036,14:20:53,39.1800,107,1
2026-03-03,600036,14:20:56,39.1800,751,1
2026-03-03,600036,14:20:59,39.1800,81,1
2026-03-03,600036,14:21:03,39.1800,119,1
2026-03-03,600036,14:21:05,39.1800,325,1
2026-03-03,600036,14:21:08,39.1800,533,1
2026-03-03,600036,14:21:11,39.1800,53,2
2026-03-03,600036,14:21:14,39.1800,113,2
2026-03-03,600036,14:21:17,39.1800,911,2
2026-03-03,600036,14:21:20,39.1900,140,1
2026-03-03,600036,14:21:23,39.1900,18,2
2026-03-03,600036,14:21:26,39.1900,108,2
2026-03-03,600036,14:21:29,39.2000,31,1
2026-03-03,600036,14:21:32,39.1900,1110,2
2026-03-03,600036,14:21:35,39.1900,114,2
2026-03-03,600036,14:21:38,39.2000,52,1
2026-03-03,600036,14:21:41,39.2000,51,1
2026-03-03,600036,14:21:44,39.1900,100,2
2026-03-03,600036,14:21:47,39.2000,124,1
2026-03-03,600036,14:21:50,39.2000,1426,1
2026-03-03,600036,14:21:53,39.2000,243,1
2026-03-03,600036,14:21:56,39.2200,472,1
2026-03-03,600036,14:21:59,39.2100,71,2
2026-03-03,600036,14:22:02,39.2200,223,1
2026-03-03,600036,14:22:05,39.2300,100,1
2026-03-03,600036,14:22:08,39.2300,421,1
2026-03-03,600036,14:22:11,39.2400,261,1
2026-03-03,600036,14:22:14,39.2500,117,1
2026-03-03,600036,14:22:17,39.2500,693,1
2026-03-03,600036,14:22:20,39.2600,189,1
2026-03-03,600036,14:22:23,39.2600,818,1
2026-03-03,600036,14:22:26,39.2600,273,2
2026-03-03,600036,14:22:29,39.2700,161,1
2026-03-03,600036,14:22:32,39.2600,88,2
2026-03-03,600036,14:22:35,39.2600,174,2
2026-03-03,600036,14:22:38,39.2700,99,1
2026-03-03,600036,14:22:41,39.2600,50,2
2026-03-03,600036,14:22:44,39.2600,628,2
2026-03-03,600036,14:22:47,39.2700,378,2
2026-03-03,600036,14:22:50,39.2700,207,2
2026-03-03,600036,14:22:53,39.2700,28,2
2026-03-03,600036,14:22:56,39.2900,216,1
2026-03-03,600036,14:23:00,39.2900,39,1
2026-03-03,600036,14:23:02,39.2900,154,1
2026-03-03,600036,14:23:05,39.2800,487,2
2026-03-03,600036,14:23:08,39.2700,478,2
2026-03-03,600036,14:23:11,39.2700,126,1
2026-03-03,600036,14:23:14,39.2700,390,1
2026-03-03,600036,14:23:17,39.2600,313,2
2026-03-03,600036,14:23:20,39.2600,498,2
2026-03-03,600036,14:23:23,39.2600,101,4
2026-03-03,600036,14:23:26,39.2600,59,1
2026-03-03,600036,14:23:29,39.2600,101,1
2026-03-03,600036,14:23:32,39.2600,142,1
2026-03-03,600036,14:23:36,39.2500,457,2
2026-03-03,600036,14:23:38,39.2500,297,2
2026-03-03,600036,14:23:41,39.2500,748,2
2026-03-03,600036,14:23:44,39.2500,71,1
2026-03-03,600036,14:23:47,39.2500,77,1
2026-03-03,600036,14:23:50,39.2400,294,2
2026-03-03,600036,14:23:53,39.2400,39,4
2026-03-03,600036,14:23:56,39.2300,54,2
2026-03-03,600036,14:23:59,39.2300,12,2
2026-03-03,600036,14:24:02,39.2300,188,2
2026-03-03,600036,14:24:05,39.2300,346,2
2026-03-03,600036,14:24:08,39.2200,174,2
2026-03-03,600036,14:24:11,39.2200,245,2
2026-03-03,600036,14:24:14,39.2300,283,1
2026-03-03,600036,14:24:17,39.2300,23,1
2026-03-03,600036,14:24:20,39.2300,432,1
2026-03-03,600036,14:24:23,39.2400,798,1
2026-03-03,600036,14:24:26,39.2400,125,1
2026-03-03,600036,14:24:29,39.2300,36,4
2026-03-03,600036,14:24:32,39.2400,253,1
2026-03-03,600036,14:24:35,39.2400,130,1
2026-03-03,600036,14:24:38,39.2400,2,1
2026-03-03,600036,14:24:41,39.2400,50,1
2026-03-03,600036,14:24:44,39.2300,83,2
2026-03-03,600036,14:24:47,39.2300,57,2
2026-03-03,600036,14:24:50,39.2300,87,2
2026-03-03,600036,14:24:53,39.2200,192,2
2026-03-03,600036,14:24:56,39.2200,133,2
2026-03-03,600036,14:24:59,39.2300,153,1
2026-03-03,600036,14:25:02,39.2200,161,1
2026-03-03,600036,14:25:05,39.2200,39,2
2026-03-03,600036,14:25:08,39.2100,234,2
2026-03-03,600036,14:25:11,39.2100,30,2
2026-03-03,600036,14:25:14,39.2200,16,1
2026-03-03,600036,14:25:17,39.2000,625,2
2026-03-03,600036,14:25:20,39.1900,285,2
2026-03-03,600036,14:25:23,39.1900,10,1
2026-03-03,600036,14:25:26,39.1900,31,1
2026-03-03,600036,14:25:29,39.1900,161,1
2026-03-03,600036,14:25:32,39.1900,106,1
2026-03-03,600036,14:25:35,39.1800,82,2
2026-03-03,600036,14:25:38,39.1800,58,2
2026-03-03,600036,14:25:41,39.1800,48,2
2026-03-03,600036,14:25:44,39.1700,446,2
2026-03-03,600036,14:25:47,39.1800,42,1
2026-03-03,600036,14:25:50,39.1800,82,1
2026-03-03,600036,14:25:53,39.1800,873,1
2026-03-03,600036,14:25:57,39.1800,125,2
2026-03-03,600036,14:25:59,39.1800,111,1
2026-03-03,600036,14:26:02,39.1800,237,2
2026-03-03,600036,14:26:05,39.1800,491,2
2026-03-03,600036,14:26:08,39.1900,387,1
2026-03-03,600036,14:26:11,39.1900,78,2
2026-03-03,600036,14:26:14,39.1900,254,2
2026-03-03,600036,14:26:18,39.1900,209,2
2026-03-03,600036,14:26:20,39.1900,40,2
2026-03-03,600036,14:26:24,39.1900,72,2
2026-03-03,600036,14:26:26,39.1900,75,2
2026-03-03,600036,14:26:29,39.1900,42,2
2026-03-03,600036,14:26:32,39.1800,373,2
2026-03-03,600036,14:26:35,39.1800,519,2
2026-03-03,600036,14:26:38,39.1800,66,2
2026-03-03,600036,14:26:41,39.1900,45,1
2026-03-03,600036,14:26:44,39.1800,75,2
2026-03-03,600036,14:26:48,39.1800,58,2
2026-03-03,600036,14:26:50,39.1800,96,2
2026-03-03,600036,14:26:53,39.1800,161,2
2026-03-03,600036,14:26:56,39.1800,136,2
2026-03-03,600036,14:26:59,39.1800,100,2
2026-03-03,600036,14:27:02,39.1800,1244,1
2026-03-03,600036,14:27:05,39.1800,97,2
2026-03-03,600036,14:27:08,39.1800,27,2
2026-03-03,600036,14:27:11,39.1900,471,1
2026-03-03,600036,14:27:14,39.1800,170,2
2026-03-03,600036,14:27:17,39.1900,263,1
2026-03-03,600036,14:27:20,39.1900,114,1
2026-03-03,600036,14:27:23,39.1900,490,1
2026-03-03,600036,14:27:27,39.1900,385,2
2026-03-03,600036,14:27:29,39.2000,242,1
2026-03-03,600036,14:27:32,39.2000,250,1
2026-03-03,600036,14:27:35,39.2200,556,1
2026-03-03,600036,14:27:38,39.2300,269,1
2026-03-03,600036,14:27:41,39.2400,61,1
2026-03-03,600036,14:27:45,39.2500,231,1
2026-03-03,600036,14:27:47,39.2400,163,2
2026-03-03,600036,14:27:50,39.2400,137,2
2026-03-03,600036,14:27:53,39.2400,233,2
2026-03-03,600036,14:27:56,39.2400,93,1
2026-03-03,600036,14:27:59,39.2300,22,2
2026-03-03,600036,14:28:02,39.2400,70,1
2026-03-03,600036,14:28:06,39.2400,1270,1
2026-03-03,600036,14:28:08,39.2300,1342,2
2026-03-03,600036,14:28:11,39.2200,72,4
2026-03-03,600036,14:28:14,39.2100,311,2
2026-03-03,600036,14:28:18,39.2100,103,1
2026-03-03,600036,14:28:20,39.2000,97,2
2026-03-03,600036,14:28:23,39.2000,225,2
2026-03-03,600036,14:28:26,39.2100,80,1
2026-03-03,600036,14:28:29,39.2100,32,1
2026-03-03,600036,14:28:33,39.2000,93,2
2026-03-03,600036,14:28:35,39.2000,358,2
2026-03-03,600036,14:28:39,39.2000,56,2
2026-03-03,600036,14:28:41,39.2000,61,2
2026-03-03,600036,14:28:44,39.2100,85,1
2026-03-03,600036,14:28:47,39.2000,169,2
2026-03-03,600036,14:28:50,39.2000,97,2
2026-03-03,600036,14:28:53,39.2100,52,4
2026-03-03,600036,14:28:56,39.2100,545,2
2026-03-03,600036,14:28:59,39.2200,277,1
2026-03-03,600036,14:29:02,39.2200,688,1
2026-03-03,600036,14:29:06,39.2200,120,1
2026-03-03,600036,14:29:08,39.2300,466,4
2026-03-03,600036,14:29:11,39.2300,64,2
2026-03-03,600036,14:29:14,39.2200,43,2
2026-03-03,600036,14:29:17,39.2200,28,2
2026-03-03,600036,14:29:20,39.2200,42,2
2026-03-03,600036,14:29:23,39.2300,78,1
2026-03-03,600036,14:29:26,39.2200,137,2
2026-03-03,600036,14:29:29,39.2300,125,1
2026-03-03,600036,14:29:33,39.2200,102,2
2026-03-03,600036,14:29:35,39.2200,280,2
2026-03-03,600036,14:29:38,39.2200,25,2
2026-03-03,600036,14:29:41,39.2200,40,2
2026-03-03,600036,14:29:44,39.2200,741,2
2026-03-03,600036,14:29:47,39.2300,22,1
2026-03-03,600036,14:29:50,39.2300,70,1
2026-03-03,600036,14:29:53,39.2300,86,1
2026-03-03,600036,14:29:56,39.2300,83,2
2026-03-03,600036,14:29:59,39.2300,153,2
2026-03-03,600036,14:30:02,39.2300,180,2
2026-03-03,600036,14:30:05,39.2300,370,2
2026-03-03,600036,14:30:08,39.2300,27,2
2026-03-03,600036,14:30:12,39.2400,92,1
2026-03-03,600036,14:30:14,39.2400,54,1
2026-03-03,600036,14:30:17,39.2300,147,2
2026-03-03,600036,14:30:20,39.2400,272,1
2026-03-03,600036,14:30:23,39.2400,268,1
2026-03-03,600036,14:30:26,39.2300,36,2
2026-03-03,600036,14:30:29,39.2300,61,2
2026-03-03,600036,14:30:32,39.2400,91,1
2026-03-03,600036,14:30:35,39.2300,134,2
2026-03-03,600036,14:30:38,39.2400,160,1
2026-03-03,600036,14:30:41,39.2300,106,2
2026-03-03,600036,14:30:45,39.2300,353,2
2026-03-03,600036,14:30:47,39.2300,185,2
2026-03-03,600036,14:30:50,39.2200,1846,2
2026-03-03,600036,14:30:53,39.2200,380,2
2026-03-03,600036,14:30:56,39.2200,73,2
2026-03-03,600036,14:30:59,39.2200,126,2
2026-03-03,600036,14:31:02,39.2100,297,2
2026-03-03,600036,14:31:05,39.2200,275,1
2026-03-03,600036,14:31:09,39.2100,738,2
2026-03-03,600036,14:31:12,39.2100,49,2
2026-03-03,600036,14:31:14,39.2300,131,1
2026-03-03,600036,14:31:17,39.2300,111,1
2026-03-03,600036,14:31:20,39.2300,373,1
2026-03-03,600036,14:31:23,39.2300,345,1
2026-03-03,600036,14:31:26,39.2300,101,1
2026-03-03,600036,14:31:30,39.2300,227,1
2026-03-03,600036,14:31:32,39.2300,221,2
2026-03-03,600036,14:31:35,39.2500,768,1
2026-03-03,600036,14:31:38,39.2400,842,2
2026-03-03,600036,14:31:41,39.2500,115,1
2026-03-03,600036,14:31:44,39.2500,308,1
2026-03-03,600036,14:31:47,39.2400,62,2
2026-03-03,600036,14:31:50,39.2200,418,2
2026-03-03,600036,14:31:53,39.2300,100,1
2026-03-03,600036,14:31:56,39.2300,90,1
2026-03-03,600036,14:31:59,39.2200,382,2
2026-03-03,600036,14:32:02,39.2200,251,1
2026-03-03,600036,14:32:05,39.2200,156,1
2026-03-03,600036,14:32:09,39.2200,41,1
2026-03-03,600036,14:32:11,39.2200,14,1
2026-03-03,600036,14:32:15,39.2200,58,1
2026-03-03,600036,14:32:17,39.2200,124,1
2026-03-03,600036,14:32:20,39.2200,55,1
2026-03-03,600036,14:32:23,39.2100,74,2
2026-03-03,600036,14:32:26,39.1900,1054,2
2026-03-03,600036,14:32:29,39.2100,163,1
2026-03-03,600036,14:32:32,39.2000,140,2
2026-03-03,600036,14:32:35,39.2000,33,2
2026-03-03,600036,14:32:38,39.2100,108,1
2026-03-03,600036,14:32:41,39.2000,51,2
2026-03-03,600036,14:32:44,39.2100,37,1
2026-03-03,600036,14:32:47,39.2100,222,1
2026-03-03,600036,14:32:51,39.2000,61,2
2026-03-03,600036,14:32:53,39.2100,233,1
2026-03-03,600036,14:32:56,39.2000,46,2
2026-03-03,600036,14:32:59,39.2000,108,2
2026-03-03,600036,14:33:02,39.2000,208,2
2026-03-03,600036,14:33:05,39.2000,111,2
2026-03-03,600036,14:33:08,39.2000,266,2
2026-03-03,600036,14:33:11,39.2100,193,1
2026-03-03,600036,14:33:14,39.2000,25,2
2026-03-03,600036,14:33:17,39.1900,682,2
2026-03-03,600036,14:33:20,39.1900,1151,2
2026-03-03,600036,14:33:23,39.1700,929,2
2026-03-03,600036,14:33:26,39.1800,64,1
2026-03-03,600036,14:33:29,39.1800,79,1
2026-03-03,600036,14:33:33,39.1700,163,2
2026-03-03,600036,14:33:35,39.1700,247,2
2026-03-03,600036,14:33:38,39.1700,145,2
2026-03-03,600036,14:33:41,39.1700,112,2
2026-03-03,600036,14:33:45,39.1700,296,2
2026-03-03,600036,14:33:48,39.1800,177,1
2026-03-03,600036,14:33:50,39.1700,495,2
2026-03-03,600036,14:33:53,39.1700,77,2
2026-03-03,600036,14:33:56,39.1700,80,2
2026-03-03,600036,14:33:59,39.1700,100,2
2026-03-03,600036,14:34:03,39.1800,120,1
2026-03-03,600036,14:34:05,39.1700,119,2
2026-03-03,600036,14:34:08,39.1800,69,1
2026-03-03,600036,14:34:11,39.1800,146,1
2026-03-03,600036,14:34:15,39.1800,589,1
2026-03-03,600036,14:34:17,39.1800,47,1
2026-03-03,600036,14:34:20,39.1800,167,1
2026-03-03,600036,14:34:23,39.1800,25,1
2026-03-03,600036,14:34:27,39.1700,145,2
2026-03-03,600036,14:34:29,39.1700,51,2
2026-03-03,600036,14:34:32,39.1800,150,1
2026-03-03,600036,14:34:35,39.1800,87,1
2026-03-03,600036,14:34:39,39.1800,204,1
2026-03-03,600036,14:34:41,39.1800,182,1
2026-03-03,600036,14:34:44,39.1700,60,2
2026-03-03,600036,14:34:47,39.1700,117,2
2026-03-03,600036,14:34:51,39.1800,33,1
2026-03-03,600036,14:34:53,39.1800,29,1
2026-03-03,600036,14:34:56,39.1700,357,2
2026-03-03,600036,14:34:59,39.1700,283,2
2026-03-03,600036,14:35:02,39.1800,206,1
2026-03-03,600036,14:35:05,39.1700,826,2
2026-03-03,600036,14:35:08,39.1800,878,1
2026-03-03,600036,14:35:11,39.1700,161,4
2026-03-03,600036,14:35:14,39.1700,106,2
2026-03-03,600036,14:35:17,39.1700,77,1
2026-03-03,600036,14:35:20,39.1700,123,1
2026-03-03,600036,14:35:23,39.1600,227,2
2026-03-03,600036,14:35:26,39.1600,73,2
2026-03-03,600036,14:35:29,39.1600,116,2
2026-03-03,600036,14:35:32,39.1600,112,2
2026-03-03,600036,14:35:35,39.1700,176,1
2026-03-03,600036,14:35:38,39.1700,810,1
2026-03-03,600036,14:35:42,39.1800,232,1
2026-03-03,600036,14:35:44,39.1700,255,2
2026-03-03,600036,14:35:47,39.1700,64,2
2026-03-03,600036,14:35:50,39.1800,119,1
2026-03-03,600036,14:35:53,39.1700,144,2
2026-03-03,600036,14:35:56,39.1700,86,2
2026-03-03,600036,14:36:00,39.1700,146,2
2026-03-03,600036,14:36:02,39.1700,227,2
2026-03-03,600036,14:36:05,39.1700,84,2
2026-03-03,600036,14:36:08,39.1700,250,2
2026-03-03,600036,14:36:11,39.1700,162,2
2026-03-03,600036,14:36:15,39.1700,125,2
2026-03-03,600036,14:36:18,39.1700,253,1
2026-03-03,600036,14:36:20,39.1600,485,2
2026-03-03,600036,14:36:23,39.1600,804,2
2026-03-03,600036,14:36:26,39.1500,989,2
2026-03-03,600036,14:36:30,39.1500,262,1
2026-03-03,600036,14:36:32,39.1400,36,2
2026-03-03,600036,14:36:35,39.1400,68,2
2026-03-03,600036,14:36:38,39.1500,105,1
2026-03-03,600036,14:36:41,39.1400,116,2
2026-03-03,600036,14:36:44,39.1500,361,1
2026-03-03,600036,14:36:47,39.1500,109,1
2026-03-03,600036,14:36:50,39.1400,33,2
2026-03-03,600036,14:36:53,39.1400,74,2
2026-03-03,600036,14:36:56,39.1400,13,2
2026-03-03,600036,14:36:59,39.1400,209,2
2026-03-03,600036,14:37:02,39.1400,198,2
2026-03-03,600036,14:37:05,39.1500,162,1
2026-03-03,600036,14:37:08,39.1400,178,2
2026-03-03,600036,14:37:11,39.1400,152,2
2026-03-03,600036,14:37:14,39.1300,335,2
2026-03-03,600036,14:37:17,39.1400,218,4
2026-03-03,600036,14:37:20,39.1300,128,2
2026-03-03,600036,14:37:23,39.1400,234,1
2026-03-03,600036,14:37:26,39.1300,432,2
2026-03-03,600036,14:37:29,39.1300,140,2
2026-03-03,600036,14:37:32,39.1300,114,2
2026-03-03,600036,14:37:35,39.1300,391,2
2026-03-03,600036,14:37:38,39.1300,136,2
2026-03-03,600036,14:37:42,39.1300,122,1
2026-03-03,600036,14:37:44,39.1200,175,2
2026-03-03,600036,14:37:47,39.1300,96,1
2026-03-03,600036,14:37:51,39.1300,305,1
2026-03-03,600036,14:37:53,39.1200,251,2
2026-03-03,600036,14:37:56,39.1200,359,2
2026-03-03,600036,14:37:59,39.1300,180,1
2026-03-03,600036,14:38:02,39.1300,1055,1
2026-03-03,600036,14:38:05,39.1300,183,1
2026-03-03,600036,14:38:08,39.1300,126,1
2026-03-03,600036,14:38:12,39.1300,221,1
2026-03-03,600036,14:38:14,39.1300,82,2
2026-03-03,600036,14:38:17,39.1300,18,2
2026-03-03,600036,14:38:20,39.1400,123,1
2026-03-03,600036,14:38:23,39.1300,25,2
2026-03-03,600036,14:38:26,39.1400,818,1
2026-03-03,600036,14:38:29,39.1500,156,1
2026-03-03,600036,14:38:32,39.1500,362,1
2026-03-03,600036,14:38:35,39.1500,180,1
2026-03-03,600036,14:38:38,39.1500,147,1
2026-03-03,600036,14:38:41,39.1500,279,1
2026-03-03,600036,14:38:44,39.1500,286,1
2026-03-03,600036,14:38:47,39.1400,202,2
2026-03-03,600036,14:38:51,39.1500,85,1
2026-03-03,600036,14:38:54,39.1500,98,1
2026-03-03,600036,14:38:56,39.1500,79,1
2026-03-03,600036,14:38:59,39.1500,514,1
2026-03-03,600036,14:39:02,39.1600,83,1
2026-03-03,600036,14:39:05,39.1600,341,1
2026-03-03,600036,14:39:08,39.1500,199,2
2026-03-03,600036,14:39:11,39.1500,191,2
2026-03-03,600036,14:39:15,39.1600,537,1
2026-03-03,600036,14:39:18,39.1500,312,2
2026-03-03,600036,14:39:20,39.1600,365,1
2026-03-03,600036,14:39:24,39.1500,168,2
2026-03-03,600036,14:39:26,39.1600,95,4
2026-03-03,600036,14:39:29,39.1600,78,1
2026-03-03,600036,14:39:32,39.1500,77,2
2026-03-03,600036,14:39:35,39.1500,24,2
2026-03-03,600036,14:39:39,39.1600,88,1
2026-03-03,600036,14:39:41,39.1500,61,2
2026-03-03,600036,14:39:44,39.1500,62,2
2026-03-03,600036,14:39:47,39.1500,34,2
2026-03-03,600036,14:39:50,39.1600,86,1
2026-03-03,600036,14:39:53,39.1600,95,1
2026-03-03,600036,14:39:57,39.1600,141,1
2026-03-03,600036,14:39:59,39.1500,356,2
2026-03-03,600036,14:40:02,39.1600,80,1
2026-03-03,600036,14:40:05,39.1600,174,1
2026-03-03,600036,14:40:08,39.1700,525,1
2026-03-03,600036,14:40:11,39.1700,174,1
2026-03-03,600036,14:40:15,39.1600,695,2
2026-03-03,600036,14:40:17,39.1600,254,1
2026-03-03,600036,14:40:20,39.1700,120,1
2026-03-03,600036,14:40:23,39.1700,158,1
2026-03-03,600036,14:40:26,39.1700,147,1
2026-03-03,600036,14:40:29,39.1700,54,1
2026-03-03,600036,14:40:32,39.1600,121,2
2026-03-03,600036,14:40:35,39.1600,110,2
2026-03-03,600036,14:40:38,39.1700,108,1
2026-03-03,600036,14:40:41,39.1700,220,1
2026-03-03,600036,14:40:44,39.1700,396,1
2026-03-03,600036,14:40:47,39.1700,31,1
2026-03-03,600036,14:40:50,39.1800,87,1
2026-03-03,600036,14:40:53,39.1800,218,1
2026-03-03,600036,14:40:56,39.1900,402,1
2026-03-03,600036,14:40:59,39.1900,98,1
2026-03-03,600036,14:41:02,39.1900,519,1
2026-03-03,600036,14:41:05,39.1900,106,1
2026-03-03,600036,14:41:08,39.1800,247,2
2026-03-03,600036,14:41:11,39.1800,132,2
2026-03-03,600036,14:41:14,39.1800,115,2
2026-03-03,600036,14:41:17,39.1900,61,1
2026-03-03,600036,14:41:20,39.1900,327,1
2026-03-03,600036,14:41:24,39.1900,122,1
2026-03-03,600036,14:41:27,39.1900,111,1
2026-03-03,600036,14:41:29,39.1800,114,2
2026-03-03,600036,14:41:32,39.1900,91,1
2026-03-03,600036,14:41:35,39.1800,207,2
2026-03-03,600036,14:41:38,39.1800,267,2
2026-03-03,600036,14:41:41,39.1800,284,2
2026-03-03,600036,14:41:44,39.1900,83,1
2026-03-03,600036,14:41:47,39.1800,112,2
2026-03-03,600036,14:41:50,39.1900,80,1
2026-03-03,600036,14:41:54,39.1900,91,1
2026-03-03,600036,14:41:56,39.1900,82,1
2026-03-03,600036,14:41:59,39.1800,60,2
2026-03-03,600036,14:42:02,39.1800,129,2
2026-03-03,600036,14:42:05,39.1900,159,1
2026-03-03,600036,14:42:09,39.1900,131,1
2026-03-03,600036,14:42:11,39.1800,57,2
2026-03-03,600036,14:42:14,39.1800,80,2
2026-03-03,600036,14:42:17,39.1900,98,1
2026-03-03,600036,14:42:20,39.1800,146,2
2026-03-03,600036,14:42:23,39.1800,126,2
2026-03-03,600036,14:42:26,39.1800,143,2
2026-03-03,600036,14:42:29,39.1900,103,1
2026-03-03,600036,14:42:32,39.1800,126,2
2026-03-03,600036,14:42:35,39.1800,1056,2
2026-03-03,600036,14:42:38,39.1800,105,2
2026-03-03,600036,14:42:41,39.1900,191,1
2026-03-03,600036,14:42:44,39.1900,255,1
2026-03-03,600036,14:42:47,39.1900,126,1
2026-03-03,600036,14:42:50,39.1900,73,1
2026-03-03,600036,14:42:53,39.1900,98,1
2026-03-03,600036,14:42:56,39.1900,145,1
2026-03-03,600036,14:42:59,39.1900,399,1
2026-03-03,600036,14:43:02,39.1800,410,2
2026-03-03,600036,14:43:05,39.1800,107,2
2026-03-03,600036,14:43:08,39.1900,220,1
2026-03-03,600036,14:43:11,39.2000,5291,1
2026-03-03,600036,14:43:14,39.2300,4253,1
2026-03-03,600036,14:43:17,39.2200,110,4
2026-03-03,600036,14:43:20,39.2300,248,1
2026-03-03,600036,14:43:23,39.2300,125,1
2026-03-03,600036,14:43:27,39.2400,571,1
2026-03-03,600036,14:43:30,39.2400,297,1
2026-03-03,600036,14:43:33,39.2600,125,1
2026-03-03,600036,14:43:35,39.2600,389,1
2026-03-03,600036,14:43:38,39.2500,254,2
2026-03-03,600036,14:43:41,39.2600,800,1
2026-03-03,600036,14:43:44,39.2500,1177,2
2026-03-03,600036,14:43:47,39.2400,404,2
2026-03-03,600036,14:43:50,39.2400,455,2
2026-03-03,600036,14:43:53,39.2400,1002,2
2026-03-03,600036,14:43:56,39.2400,81,1
2026-03-03,600036,14:43:59,39.2300,111,2
2026-03-03,600036,14:44:02,39.2300,154,1
2026-03-03,600036,14:44:05,39.2000,663,2
2026-03-03,600036,14:44:08,39.2000,256,2
2026-03-03,600036,14:44:11,39.2100,203,1
2026-03-03,600036,14:44:14,39.2100,93,1
2026-03-03,600036,14:44:17,39.1900,243,2
2026-03-03,600036,14:44:20,39.1900,949,2
2026-03-03,600036,14:44:23,39.1800,89,2
2026-03-03,600036,14:44:26,39.1900,107,1
2026-03-03,600036,14:44:29,39.1800,678,2
2026-03-03,600036,14:44:32,39.1600,313,2
2026-03-03,600036,14:44:35,39.1700,284,4
2026-03-03,600036,14:44:38,39.1700,464,2
2026-03-03,600036,14:44:41,39.1700,76,1
2026-03-03,600036,14:44:44,39.1500,168,2
2026-03-03,600036,14:44:47,39.1600,155,1
2026-03-03,600036,14:44:51,39.1500,265,2
2026-03-03,600036,14:44:54,39.1500,136,1
2026-03-03,600036,14:44:57,39.1500,230,1
2026-03-03,600036,14:44:59,39.1400,170,2
2026-03-03,600036,14:45:02,39.1400,44,2
2026-03-03,600036,14:45:05,39.1400,314,2
2026-03-03,600036,14:45:08,39.1400,81,2
2026-03-03,600036,14:45:11,39.1400,211,2
2026-03-03,600036,14:45:14,39.1500,134,1
2026-03-03,600036,14:45:17,39.1500,122,1
2026-03-03,600036,14:45:20,39.1500,101,1
2026-03-03,600036,14:45:23,39.1500,99,1
2026-03-03,600036,14:45:26,39.1500,98,1
2026-03-03,600036,14:45:29,39.1500,370,1
2026-03-03,600036,14:45:32,39.1500,68,1
2026-03-03,600036,14:45:35,39.1500,266,1
2026-03-03,600036,14:45:38,39.1500,256,1
2026-03-03,600036,14:45:41,39.1500,152,1
2026-03-03,600036,14:45:44,39.1500,51,1
2026-03-03,600036,14:45:47,39.1500,215,1
2026-03-03,600036,14:45:50,39.1500,512,1
2026-03-03,600036,14:45:53,39.1500,828,1
2026-03-03,600036,14:45:56,39.1500,546,1
2026-03-03,600036,14:45:59,39.1500,286,2
2026-03-03,600036,14:46:03,39.1600,122,1
2026-03-03,600036,14:46:05,39.1600,426,1
2026-03-03,600036,14:46:08,39.1600,439,1
2026-03-03,600036,14:46:11,39.1700,161,1
2026-03-03,600036,14:46:14,39.1800,252,1
2026-03-03,600036,14:46:17,39.1800,126,1
2026-03-03,600036,14:46:20,39.1700,121,2
2026-03-03,600036,14:46:23,39.1800,98,1
2026-03-03,600036,14:46:26,39.1800,264,1
2026-03-03,600036,14:46:29,39.1800,314,1
2026-03-03,600036,14:46:32,39.1800,836,1
2026-03-03,600036,14:46:35,39.1800,46,2
2026-03-03,600036,14:46:38,39.1900,218,1
2026-03-03,600036,14:46:41,39.1900,343,1
2026-03-03,600036,14:46:44,39.1800,45,2
2026-03-03,600036,14:46:47,39.1800,118,2
2026-03-03,600036,14:46:50,39.1900,23,1
2026-03-03,600036,14:46:53,39.1800,194,2
2026-03-03,600036,14:46:56,39.1800,346,2
2026-03-03,600036,14:47:00,39.1900,144,1
2026-03-03,600036,14:47:03,39.1900,115,1
2026-03-03,600036,14:47:05,39.1900,643,1
2026-03-03,600036,14:47:08,39.1800,533,2
2026-03-03,600036,14:47:11,39.1800,68,2
2026-03-03,600036,14:47:14,39.1800,161,1
2026-03-03,600036,14:47:17,39.1700,372,2
2026-03-03,600036,14:47:20,39.1500,601,2
2026-03-03,600036,14:47:23,39.1600,252,1
2026-03-03,600036,14:47:26,39.1500,329,2
2026-03-03,600036,14:47:29,39.1600,49,1
2026-03-03,600036,14:47:33,39.1600,140,1
2026-03-03,600036,14:47:35,39.1500,224,2
2026-03-03,600036,14:47:38,39.1500,23,2
2026-03-03,600036,14:47:41,39.1600,320,1
2026-03-03,600036,14:47:44,39.1600,342,2
2026-03-03,600036,14:47:48,39.1500,134,2
2026-03-03,600036,14:47:50,39.1600,166,1
2026-03-03,600036,14:47:53,39.1600,633,1
2026-03-03,600036,14:47:56,39.1600,90,1
2026-03-03,600036,14:47:59,39.1600,385,1
2026-03-03,600036,14:48:03,39.1700,129,1
2026-03-03,600036,14:48:05,39.1700,279,1
2026-03-03,600036,14:48:08,39.1700,50,4
2026-03-03,600036,14:48:11,39.1700,99,2
2026-03-03,600036,14:48:14,39.1800,160,1
2026-03-03,600036,14:48:17,39.1800,334,2
2026-03-03,600036,14:48:20,39.1700,488,2
2026-03-03,600036,14:48:23,39.1700,52,2
2026-03-03,600036,14:48:26,39.1700,56,2
2026-03-03,600036,14:48:30,39.1700,1016,2
2026-03-03,600036,14:48:32,39.1700,449,2
2026-03-03,600036,14:48:35,39.1700,562,1
2026-03-03,600036,14:48:38,39.1700,41,1
2026-03-03,600036,14:48:41,39.1700,245,1
2026-03-03,600036,14:48:45,39.1600,111,4
2026-03-03,600036,14:48:47,39.1500,130,2
2026-03-03,600036,14:48:50,39.1600,267,1
2026-03-03,600036,14:48:53,39.1600,72,1
2026-03-03,600036,14:48:56,39.1500,185,2
2026-03-03,600036,14:49:00,39.1600,185,1
2026-03-03,600036,14:49:02,39.1600,672,1
2026-03-03,600036,14:49:05,39.1500,998,2
2026-03-03,600036,14:49:08,39.1600,689,1
2026-03-03,600036,14:49:11,39.1600,288,2
2026-03-03,600036,14:49:14,39.1700,186,1
2026-03-03,600036,14:49:17,39.1800,305,1
2026-03-03,600036,14:49:21,39.1800,183,1
2026-03-03,600036,14:49:23,39.1800,151,1
2026-03-03,600036,14:49:26,39.1800,284,1
2026-03-03,600036,14:49:29,39.1800,284,1
2026-03-03,600036,14:49:32,39.1700,694,2
2026-03-03,600036,14:49:35,39.1700,377,2
2026-03-03,600036,14:49:38,39.1700,229,2
2026-03-03,600036,14:49:41,39.1800,117,4
2026-03-03,600036,14:49:44,39.1900,63,1
2026-03-03,600036,14:49:47,39.1800,81,2
2026-03-03,600036,14:49:50,39.1800,108,2
2026-03-03,600036,14:49:53,39.1800,153,2
2026-03-03,600036,14:49:56,39.1800,334,2
2026-03-03,600036,14:49:59,39.1800,218,1
2026-03-03,600036,14:50:02,39.1700,747,2
2026-03-03,600036,14:50:05,39.1700,161,2
2026-03-03,600036,14:50:08,39.1700,74,2
2026-03-03,600036,14:50:11,39.1800,357,1
2026-03-03,600036,14:50:14,39.1700,130,2
2026-03-03,600036,14:50:17,39.1700,66,2
2026-03-03,600036,14:50:20,39.1800,109,1
2026-03-03,600036,14:50:23,39.1800,94,1
2026-03-03,600036,14:50:26,39.1800,62,1
2026-03-03,600036,14:50:29,39.1800,271,1
2026-03-03,600036,14:50:32,39.1700,728,2
2026-03-03,600036,14:50:35,39.1800,253,1
2026-03-03,600036,14:50:38,39.1800,185,1
2026-03-03,600036,14:50:41,39.1700,162,2
2026-03-03,600036,14:50:44,39.1700,151,2
2026-03-03,600036,14:50:47,39.1700,250,2
2026-03-03,600036,14:50:50,39.1700,85,1
2026-03-03,600036,14:50:53,39.1600,86,2
2026-03-03,600036,14:50:56,39.1600,53,2
2026-03-03,600036,14:50:59,39.1700,209,1
2026-03-03,600036,14:51:02,39.1600,543,2
2026-03-03,600036,14:51:05,39.1600,159,2
2026-03-03,600036,14:51:08,39.1600,217,2
2026-03-03,600036,14:51:11,39.1600,341,2
2026-03-03,600036,14:51:14,39.1700,184,1
2026-03-03,600036,14:51:17,39.1600,140,2
2026-03-03,600036,14:51:20,39.1500,175,2
2026-03-03,600036,14:51:23,39.1600,109,1
2026-03-03,600036,14:51:26,39.1500,65,2
2026-03-03,600036,14:51:29,39.1500,47,2
2026-03-03,600036,14:51:32,39.1500,436,2
2026-03-03,600036,14:51:35,39.1600,215,1
2026-03-03,600036,14:51:38,39.1600,213,1
2026-03-03,600036,14:51:41,39.1500,109,2
2026-03-03,600036,14:51:44,39.1500,174,2
2026-03-03,600036,14:51:47,39.1600,313,1
2026-03-03,600036,14:51:50,39.1600,159,1
2026-03-03,600036,14:51:54,39.1600,175,1
2026-03-03,600036,14:51:57,39.1600,222,1
2026-03-03,600036,14:51:59,39.1500,273,2
2026-03-03,600036,14:52:02,39.1500,511,2
2026-03-03,600036,14:52:05,39.1600,329,1
2026-03-03,600036,14:52:08,39.1500,527,2
2026-03-03,600036,14:52:11,39.1600,555,1
2026-03-03,600036,14:52:14,39.1500,210,2
2026-03-03,600036,14:52:17,39.1500,148,2
2026-03-03,600036,14:52:21,39.1600,148,1
2026-03-03,600036,14:52:23,39.1600,95,1
2026-03-03,600036,14:52:26,39.1500,185,2
2026-03-03,600036,14:52:29,39.1600,286,1
2026-03-03,600036,14:52:32,39.1500,583,2
2026-03-03,600036,14:52:35,39.1500,434,2
2026-03-03,600036,14:52:38,39.1600,351,1
2026-03-03,600036,14:52:41,39.1600,550,1
2026-03-03,600036,14:52:44,39.1500,199,2
2026-03-03,600036,14:52:47,39.1600,675,1
2026-03-03,600036,14:52:50,39.1600,44,2
2026-03-03,600036,14:52:53,39.1600,61,2
2026-03-03,600036,14:52:56,39.1600,68,2
2026-03-03,600036,14:52:59,39.1700,310,1
2026-03-03,600036,14:53:02,39.1600,1004,2
2026-03-03,600036,14:53:05,39.1600,492,2
2026-03-03,600036,14:53:08,39.1600,152,2
2026-03-03,600036,14:53:12,39.1700,45,1
2026-03-03,600036,14:53:14,39.1700,252,1
2026-03-03,600036,14:53:17,39.1700,167,1
2026-03-03,600036,14:53:21,39.1600,149,2
2026-03-03,600036,14:53:23,39.1700,140,1
2026-03-03,600036,14:53:26,39.1800,653,1
2026-03-03,600036,14:53:29,39.1800,503,1
2026-03-03,600036,14:53:32,39.1700,489,2
2026-03-03,600036,14:53:35,39.1800,474,1
2026-03-03,600036,14:53:38,39.1800,39,1
2026-03-03,600036,14:53:41,39.1700,566,2
2026-03-03,600036,14:53:44,39.1700,589,2
2026-03-03,600036,14:53:47,39.1800,193,1
2026-03-03,600036,14:53:50,39.1700,135,2
2026-03-03,600036,14:53:53,39.1800,200,1
2026-03-03,600036,14:53:56,39.1800,254,1
2026-03-03,600036,14:53:59,39.1800,219,1
2026-03-03,600036,14:54:02,39.1800,1938,1
2026-03-03,600036,14:54:05,39.1800,642,2
2026-03-03,600036,14:54:08,39.1800,1441,2
2026-03-03,600036,14:54:11,39.1900,681,1
2026-03-03,600036,14:54:14,39.1900,704,1
2026-03-03,600036,14:54:17,39.1900,452,2
2026-03-03,600036,14:54:20,39.1900,826,2
2026-03-03,600036,14:54:23,39.2000,564,1
2026-03-03,600036,14:54:26,39.2000,165,1
2026-03-03,600036,14:54:30,39.2000,406,1
2026-03-03,600036,14:54:33,39.2000,428,1
2026-03-03,600036,14:54:35,39.2000,472,1
2026-03-03,600036,14:54:38,39.2200,694,1
2026-03-03,600036,14:54:41,39.2000,216,2
2026-03-03,600036,14:54:44,39.2100,307,4
2026-03-03,600036,14:54:47,39.2100,235,2
2026-03-03,600036,14:54:50,39.2100,116,2
2026-03-03,600036,14:54:53,39.2100,256,2
2026-03-03,600036,14:54:56,39.2200,152,1
2026-03-03,600036,14:54:59,39.2100,265,2
2026-03-03,600036,14:55:02,39.2100,1352,2
2026-03-03,600036,14:55:05,39.2200,577,1
2026-03-03,600036,14:55:08,39.2200,404,1
2026-03-03,600036,14:55:11,39.2300,1014,1
2026-03-03,600036,14:55:14,39.2300,633,1
2026-03-03,600036,14:55:17,39.2400,234,1
2026-03-03,600036,14:55:20,39.2300,1644,2
2026-03-03,600036,14:55:23,39.2200,798,1
2026-03-03,600036,14:55:26,39.2000,269,2
2026-03-03,600036,14:55:29,39.2200,176,1
2026-03-03,600036,14:55:32,39.2100,320,2
2026-03-03,600036,14:55:35,39.2600,3902,1
2026-03-03,600036,14:55:38,39.2200,94,2
2026-03-03,600036,14:55:41,39.2300,213,1
2026-03-03,600036,14:55:44,39.2100,1150,2
2026-03-03,600036,14:55:47,39.2300,507,1
2026-03-03,600036,14:55:50,39.2300,206,1
2026-03-03,600036,14:55:53,39.2300,406,1
2026-03-03,600036,14:55:56,39.2300,298,1
2026-03-03,600036,14:55:59,39.2200,205,2
2026-03-03,600036,14:56:02,39.2300,847,1
2026-03-03,600036,14:56:05,39.2100,285,2
2026-03-03,600036,14:56:08,39.2400,522,1
2026-03-03,600036,14:56:11,39.2500,305,1
2026-03-03,600036,14:56:14,39.2500,280,2
2026-03-03,600036,14:56:17,39.2500,459,2
2026-03-03,600036,14:56:20,39.2500,324,1
2026-03-03,600036,14:56:23,39.2500,204,1
2026-03-03,600036,14:56:26,39.2500,450,1
2026-03-03,600036,14:56:29,39.2500,233,1
2026-03-03,600036,14:56:32,39.2400,101,4
2026-03-03,600036,14:56:35,39.2400,222,2
2026-03-03,600036,14:56:38,39.2300,250,2
2026-03-03,600036,14:56:41,39.2300,358,1
2026-03-03,600036,14:56:44,39.2300,270,1
2026-03-03,600036,14:56:47,39.2300,80,2
2026-03-03,600036,14:56:50,39.2300,719,2
2026-03-03,600036,14:56:53,39.2300,636,1
2026-03-03,600036,14:56:56,39.2300,106,2
2026-03-03,600036,14:56:59,39.2300,131,2
2026-03-03,600036,14:57:02,39.2400,10,1
2026-03-03,600036,15:00:03,39.1800,21925,4
2026-03-03,600036,13:17:05,39.5400,221,1
2026-03-03,600036,13:17:08,39.5500,950,1
2026-03-03,600036,13:17:11,39.5400,209,1
2026-03-03,600036,13:17:14,39.5400,188,2
2026-03-03,600036,13:17:17,39.5400,215,2
2026-03-03,600036,13:17:20,39.5400,396,2
2026-03-03,600036,13:17:23,39.5500,337,1
2026-03-03,600036,13:17:26,39.5400,332,2
2026-03-03,600036,13:17:29,39.5400,165,2
2026-03-03,600036,13:17:32,39.5500,261,1
2026-03-03,600036,13:17:35,39.5400,116,2
2026-03-03,600036,13:17:38,39.5400,285,2
2026-03-03,600036,13:17:41,39.5500,97,1
2026-03-03,600036,13:17:44,39.5400,745,2
2026-03-03,600036,13:17:47,39.5500,240,1
2026-03-03,600036,13:17:50,39.5500,113,1
2026-03-03,600036,13:17:53,39.5400,287,2
2026-03-03,600036,13:17:56,39.5400,159,2
2026-03-03,600036,13:17:59,39.5400,181,2
2026-03-03,600036,13:18:02,39.5400,143,2
2026-03-03,600036,13:18:05,39.5400,88,2
2026-03-03,600036,13:18:08,39.5500,189,1
2026-03-03,600036,13:18:11,39.5500,102,1
2026-03-03,600036,13:18:14,39.5500,152,1
2026-03-03,600036,13:18:17,39.5500,380,1
2026-03-03,600036,13:18:20,39.5500,120,1
2026-03-03,600036,13:18:23,39.5400,764,2
2026-03-03,600036,13:18:26,39.5400,107,2
2026-03-03,600036,13:18:30,39.5500,131,1
2026-03-03,600036,13:18:32,39.5400,207,2
2026-03-03,600036,13:18:35,39.5400,87,2
2026-03-03,600036,13:18:38,39.5400,86,2
2026-03-03,600036,13:18:41,39.5400,98,2
2026-03-03,600036,13:18:45,39.5400,456,2
2026-03-03,600036,13:18:47,39.5400,277,2
2026-03-03,600036,13:18:50,39.5400,14,1
2026-03-03,600036,13:18:53,39.5300,166,2
2026-03-03,600036,13:18:56,39.5300,320,2
2026-03-03,600036,13:18:59,39.5300,358,2
2026-03-03,600036,13:19:02,39.5100,354,2
2026-03-03,600036,13:19:05,39.5100,274,2
2026-03-03,600036,13:19:08,39.5100,70,2
2026-03-03,600036,13:19:11,39.5200,51,1
2026-03-03,600036,13:19:14,39.5100,73,2
2026-03-03,600036,13:19:17,39.5100,91,2
2026-03-03,600036,13:19:20,39.5100,350,2
2026-03-03,600036,13:19:23,39.5100,83,2
2026-03-03,600036,13:19:26,39.5200,135,1
2026-03-03,600036,13:19:29,39.5100,552,2
2026-03-03,600036,13:19:33,39.5000,115,2
2026-03-03,600036,13:19:35,39.5100,45,1
2026-03-03,600036,13:19:38,39.5000,132,2
2026-03-03,600036,13:19:41,39.5000,176,2
2026-03-03,600036,13:19:44,39.5100,156,1
2026-03-03,600036,13:19:47,39.5000,128,2
2026-03-03,600036,13:19:50,39.5000,66,2
2026-03-03,600036,13:19:53,39.5000,739,2
2026-03-03,600036,13:19:56,39.5000,72,1
2026-03-03,600036,13:19:59,39.5000,56,1
2026-03-03,600036,13:20:02,39.4900,58,2
2026-03-03,600036,13:20:05,39.4900,257,2
2026-03-03,600036,13:20:08,39.4900,77,2
2026-03-03,600036,13:20:12,39.4900,39,2
2026-03-03,600036,13:20:14,39.4900,586,2
2026-03-03,600036,13:20:17,39.5000,192,1
2026-03-03,600036,13:20:20,39.5000,319,1
2026-03-03,600036,13:20:23,39.4900,385,1
2026-03-03,600036,13:20:26,39.4900,269,1
2026-03-03,600036,13:20:30,39.4900,63,1
2026-03-03,600036,13:20:33,39.4900,403,1
2026-03-03,600036,13:20:35,39.4800,198,2
2026-03-03,600036,13:20:38,39.4800,138,2
2026-03-03,600036,13:20:41,39.4900,994,1
2026-03-03,600036,13:20:44,39.4800,16,2
2026-03-03,600036,13:20:47,39.4800,442,2
2026-03-03,600036,13:20:50,39.4800,4249,2
2026-03-03,600036,13:20:53,39.4600,102,2
2026-03-03,600036,13:20:56,39.4600,550,2
2026-03-03,600036,13:20:59,39.4600,1176,2
2026-03-03,600036,13:21:02,39.4500,348,4
2026-03-03,600036,13:21:05,39.4500,94,2
2026-03-03,600036,13:21:08,39.4500,78,2
2026-03-03,600036,13:21:12,39.4600,92,1
2026-03-03,600036,13:21:14,39.4500,130,2
2026-03-03,600036,13:21:17,39.4500,130,2
2026-03-03,600036,13:21:21,39.4500,251,2
2026-03-03,600036,13:21:23,39.4500,224,2
2026-03-03,600036,13:21:26,39.4500,117,2
2026-03-03,600036,13:21:29,39.4500,107,2
2026-03-03,600036,13:21:33,39.4500,414,2
2026-03-03,600036,13:21:35,39.4500,375,2
2026-03-03,600036,13:21:38,39.4500,31,2
2026-03-03,600036,13:21:41,39.4500,157,2
2026-03-03,600036,13:21:44,39.4500,110,2
2026-03-03,600036,13:21:47,39.4500,148,2
2026-03-03,600036,13:21:51,39.4600,77,1
2026-03-03,600036,13:21:53,39.4500,47,2
2026-03-03,600036,13:21:56,39.4500,94,2
2026-03-03,600036,13:21:59,39.4500,145,2
2026-03-03,600036,13:22:02,39.4600,630,1
2026-03-03,600036,13:22:05,39.4500,90,4
2026-03-03,600036,13:22:08,39.4500,74,2
2026-03-03,600036,13:22:11,39.4500,131,2
2026-03-03,600036,13:22:14,39.4600,155,1
2026-03-03,600036,13:22:17,39.4500,57,2
2026-03-03,600036,13:22:20,39.4500,468,2
2026-03-03,600036,13:22:23,39.4500,182,2
2026-03-03,600036,13:22:26,39.4400,49,2
2026-03-03,600036,13:22:30,39.4400,127,2
2026-03-03,600036,13:22:33,39.4400,64,2
2026-03-03,600036,13:22:36,39.4400,581,2
2026-03-03,600036,13:22:38,39.4400,576,2
2026-03-03,600036,13:22:41,39.4300,132,2
2026-03-03,600036,13:22:44,39.4300,172,2
2026-03-03,600036,13:22:47,39.4300,71,2
2026-03-03,600036,13:22:50,39.4300,370,2
2026-03-03,600036,13:22:53,39.4200,124,2
2026-03-03,600036,13:22:56,39.4200,134,2
2026-03-03,600036,13:22:59,39.4200,229,2
2026-03-03,600036,13:23:02,39.4200,86,2
2026-03-03,600036,13:23:05,39.4200,120,2
2026-03-03,600036,13:23:08,39.4300,942,1
2026-03-03,600036,13:23:11,39.4300,206,1
2026-03-03,600036,13:23:14,39.4200,72,2
2026-03-03,600036,13:23:17,39.4300,369,1
2026-03-03,600036,13:23:20,39.4400,391,1
2026-03-03,600036,13:23:23,39.4400,500,1
2026-03-03,600036,13:23:26,39.4400,96,2
2026-03-03,600036,13:23:29,39.4500,193,1
2026-03-03,600036,13:23:32,39.4400,141,2
2026-03-03,600036,13:23:35,39.4500,260,1
2026-03-03,600036,13:23:38,39.4500,135,1
2026-03-03,600036,13:23:41,39.4400,213,2
2026-03-03,600036,13:23:44,39.4500,207,1
2026-03-03,600036,13:23:47,39.4400,141,2
2026-03-03,600036,13:23:50,39.4400,214,2
2026-03-03,600036,13:23:53,39.4400,32,2
2026-03-03,600036,13:23:56,39.4500,399,1
2026-03-03,600036,13:23:59,39.4600,373,1
2026-03-03,600036,13:24:02,39.4500,189,2
2026-03-03,600036,13:24:05,39.4500,7,2
2026-03-03,600036,13:24:08,39.4600,181,1
2026-03-03,600036,13:24:11,39.4500,737,2
2026-03-03,600036,13:24:14,39.4500,283,2
2026-03-03,600036,13:24:17,39.4500,148,2
2026-03-03,600036,13:24:20,39.4600,158,1
2026-03-03,600036,13:24:23,39.4600,117,2
2026-03-03,600036,13:24:26,39.4500,73,2
2026-03-03,600036,13:24:29,39.4500,135,2
2026-03-03,600036,13:24:32,39.4600,64,1
2026-03-03,600036,13:24:36,39.4500,103,2
2026-03-03,600036,13:24:38,39.4500,67,1
2026-03-03,600036,13:24:41,39.4400,169,2
2026-03-03,600036,13:24:44,39.4400,33,2
2026-03-03,600036,13:24:47,39.4500,99,1
2026-03-03,600036,13:24:50,39.4400,65,2
2026-03-03,600036,13:24:53,39.4400,61,2
2026-03-03,600036,13:24:56,39.4400,20,2
2026-03-03,600036,13:24:59,39.4400,147,2
2026-03-03,600036,13:25:02,39.4400,131,2
2026-03-03,600036,13:25:05,39.4400,69,2
2026-03-03,600036,13:25:08,39.4400,93,2
2026-03-03,600036,13:25:11,39.4400,177,2
2026-03-03,600036,13:25:14,39.4400,116,2
2026-03-03,600036,13:25:17,39.4400,143,2
2026-03-03,600036,13:25:20,39.4400,146,2
2026-03-03,600036,13:25:23,39.4400,125,2
2026-03-03,600036,13:25:26,39.4400,34,2
2026-03-03,600036,13:25:29,39.4400,81,2
2026-03-03,600036,13:25:33,39.4400,210,2
2026-03-03,600036,13:25:35,39.4500,117,1
2026-03-03,600036,13:25:38,39.4400,31,2
2026-03-03,600036,13:25:41,39.4400,257,2
2026-03-03,600036,13:25:44,39.4500,51,1
2026-03-03,600036,13:25:47,39.4400,29,2
2026-03-03,600036,13:25:50,39.4400,102,2
2026-03-03,600036,13:25:53,39.4400,129,2
2026-03-03,600036,13:25:56,39.4400,178,2
2026-03-03,600036,13:25:59,39.4500,46,1
2026-03-03,600036,13:26:02,39.4400,338,2
2026-03-03,600036,13:26:06,39.4400,128,2
2026-03-03,600036,13:26:08,39.4400,13,2
2026-03-03,600036,13:26:12,39.4400,169,2
2026-03-03,600036,13:26:14,39.4400,87,2
2026-03-03,600036,13:26:17,39.4400,17,2
2026-03-03,600036,13:26:20,39.4400,87,2
2026-03-03,600036,13:26:24,39.4500,126,1
2026-03-03,600036,13:26:26,39.4400,77,2
2026-03-03,600036,13:26:30,39.4400,129,2
2026-03-03,600036,13:26:32,39.4500,187,1
2026-03-03,600036,13:26:35,39.4500,1854,1
2026-03-03,600036,13:26:38,39.4500,99,2
2026-03-03,600036,13:26:41,39.4500,66,2
2026-03-03,600036,13:26:45,39.4500,125,2
2026-03-03,600036,13:26:47,39.4600,684,1
2026-03-03,600036,13:26:50,39.4700,128,1
2026-03-03,600036,13:26:53,39.4600,49,2
2026-03-03,600036,13:26:56,39.4700,243,1
2026-03-03,600036,13:27:00,39.4700,167,1
2026-03-03,600036,13:27:02,39.4700,140,2
2026-03-03,600036,13:27:06,39.4700,58,2
2026-03-03,600036,13:27:08,39.4800,250,1
2026-03-03,600036,13:27:11,39.4700,44,2
2026-03-03,600036,13:27:14,39.4800,1077,1
2026-03-03,600036,13:27:17,39.4900,169,1
2026-03-03,600036,13:27:20,39.4900,472,1
2026-03-03,600036,13:27:23,39.4900,391,1
2026-03-03,600036,13:27:27,39.4900,204,1
2026-03-03,600036,13:27:29,39.4900,76,1
2026-03-03,600036,13:27:32,39.4800,132,2
2026-03-03,600036,13:27:35,39.4800,60,2
2026-03-03,600036,13:27:38,39.4900,36,1
2026-03-03,600036,13:27:41,39.4900,404,1
2026-03-03,600036,13:27:44,39.5000,85,1
2026-03-03,600036,13:27:47,39.4900,109,2
2026-03-03,600036,13:27:50,39.5000,853,1
2026-03-03,600036,13:27:53,39.4900,186,1
2026-03-03,600036,13:27:56,39.4900,17,1
2026-03-03,600036,13:27:59,39.4900,37,1
2026-03-03,600036,13:28:02,39.4800,31,2
2026-03-03,600036,13:28:06,39.4900,44,1
2026-03-03,600036,13:28:09,39.4800,371,2
2026-03-03,600036,13:28:11,39.4800,118,2
2026-03-03,600036,13:28:14,39.4900,43,1
2026-03-03,600036,13:28:17,39.4800,206,2
2026-03-03,600036,13:28:20,39.4900,941,1
2026-03-03,600036,13:28:23,39.4800,130,2
2026-03-03,600036,13:28:26,39.4800,80,2
2026-03-03,600036,13:28:29,39.4800,37,2
2026-03-03,600036,13:28:32,39.4800,107,2
2026-03-03,600036,13:28:35,39.4900,254,1
2026-03-03,600036,13:28:38,39.4900,114,1
2026-03-03,600036,13:28:41,39.4900,44,2
2026-03-03,600036,13:28:44,39.4900,444,2
2026-03-03,600036,13:28:47,39.4900,235,1
2026-03-03,600036,13:28:50,39.4900,3,1
2026-03-03,600036,13:28:54,39.4900,63,1
2026-03-03,600036,13:28:56,39.4800,26,2
2026-03-03,600036,13:29:00,39.4900,131,1
2026-03-03,600036,13:29:02,39.4900,20,1
2026-03-03,600036,13:29:05,39.4800,66,2
2026-03-03,600036,13:29:09,39.4800,981,2
2026-03-03,600036,13:29:11,39.4800,104,2
2026-03-03,600036,13:29:14,39.4700,24,2
2026-03-03,600036,13:29:17,39.4700,152,2
2026-03-03,600036,13:29:20,39.4600,1518,2
2026-03-03,600036,13:29:23,39.4900,272,1
2026-03-03,600036,13:29:27,39.4500,154,2
2026-03-03,600036,13:29:30,39.4400,184,2
2026-03-03,600036,13:29:32,39.4400,53,4
2026-03-03,600036,13:29:35,39.4400,143,2
2026-03-03,600036,13:29:38,39.4400,70,2
2026-03-03,600036,13:29:41,39.4400,182,2
2026-03-03,600036,13:29:44,39.4400,29,2
2026-03-03,600036,13:29:47,39.4300,47,2
2026-03-03,600036,13:29:50,39.4300,5,2
2026-03-03,600036,13:29:53,39.4400,231,1
2026-03-03,600036,13:29:57,39.4400,118,4
2026-03-03,600036,13:29:59,39.4300,98,2
2026-03-03,600036,13:30:02,39.4300,25,2
2026-03-03,600036,13:30:05,39.4400,47,1
2026-03-03,600036,13:30:08,39.4400,68,1
2026-03-03,600036,13:30:11,39.4400,18,1
2026-03-03,600036,13:30:14,39.4300,83,2
2026-03-03,600036,13:30:17,39.4300,100,2
2026-03-03,600036,13:30:20,39.4400,52,1
2026-03-03,600036,13:30:23,39.4300,36,2
2026-03-03,600036,13:30:26,39.4400,27,1
2026-03-03,600036,13:30:29,39.4300,104,2
2026-03-03,600036,13:30:32,39.4300,43,2
2026-03-03,600036,13:30:35,39.4300,595,2
2026-03-03,600036,13:30:38,39.4300,31,2
2026-03-03,600036,13:30:41,39.4400,729,1
2026-03-03,600036,13:30:44,39.4400,148,2
2026-03-03,600036,13:30:47,39.4500,163,1
2026-03-03,600036,13:30:51,39.4500,39,1
2026-03-03,600036,13:30:53,39.4500,125,1
2026-03-03,600036,13:30:57,39.4400,109,2
2026-03-03,600036,13:30:59,39.4600,45,1
2026-03-03,600036,13:31:02,39.4700,270,1
2026-03-03,600036,13:31:05,39.4800,525,1
2026-03-03,600036,13:31:08,39.4800,488,1
2026-03-03,600036,13:31:11,39.4900,209,1
2026-03-03,600036,13:31:15,39.4800,65,2
2026-03-03,600036,13:31:17,39.4800,2,2
2026-03-03,600036,13:31:21,39.4900,22,1
2026-03-03,600036,13:31:24,39.4800,48,2
2026-03-03,600036,13:31:26,39.4900,609,1
2026-03-03,600036,13:31:29,39.4700,322,2
2026-03-03,600036,13:31:32,39.4700,40,1
2026-03-03,600036,13:31:35,39.4800,113,1
2026-03-03,600036,13:31:38,39.4700,21,2
2026-03-03,600036,13:31:41,39.4800,36,1
2026-03-03,600036,13:31:44,39.4800,44,1
2026-03-03,600036,13:31:47,39.4700,263,2
2026-03-03,600036,13:31:50,39.4600,76,2
2026-03-03,600036,13:31:54,39.4700,161,1
2026-03-03,600036,13:31:56,39.4600,10,4
2026-03-03,600036,13:31:59,39.4500,39,2
2026-03-03,600036,13:32:02,39.4500,46,2
2026-03-03,600036,13:32:05,39.4500,79,2
2026-03-03,600036,13:32:08,39.4500,178,2
2026-03-03,600036,13:32:11,39.4500,210,2
2026-03-03,600036,13:32:14,39.4600,151,1
2026-03-03,600036,13:32:17,39.4600,315,1
2026-03-03,600036,13:32:20,39.4500,12,1
2026-03-03,600036,13:32:23,39.4500,411,1
2026-03-03,600036,13:32:26,39.4500,43,1
2026-03-03,600036,13:32:30,39.4400,189,2
2026-03-03,600036,13:32:32,39.4400,44,2
2026-03-03,600036,13:32:35,39.4400,43,2
2026-03-03,600036,13:32:38,39.4400,13,2
2026-03-03,600036,13:32:41,39.4400,58,2
2026-03-03,600036,13:32:44,39.4400,106,2
2026-03-03,600036,13:32:47,39.4400,103,2
2026-03-03,600036,13:32:50,39.4400,91,2
2026-03-03,600036,13:32:53,39.4500,136,1
2026-03-03,600036,13:32:56,39.4400,108,2
2026-03-03,600036,13:32:59,39.4400,117,2
2026-03-03,600036,13:33:02,39.4400,105,2
2026-03-03,600036,13:33:05,39.4400,86,2
2026-03-03,600036,13:33:08,39.4400,326,2
2026-03-03,600036,13:33:11,39.4300,116,2
2026-03-03,600036,13:33:14,39.4200,185,2
2026-03-03,600036,13:33:17,39.4200,73,2
2026-03-03,600036,13:33:21,39.4200,495,1
2026-03-03,600036,13:33:23,39.4100,62,2
2026-03-03,600036,13:33:26,39.4100,48,2
2026-03-03,600036,13:33:29,39.4100,140,2
2026-03-03,600036,13:33:32,39.4100,316,2
2026-03-03,600036,13:33:35,39.4100,266,2
2026-03-03,600036,13:33:38,39.4000,1,2
2026-03-03,600036,13:33:41,39.4100,343,1
2026-03-03,600036,13:33:44,39.4000,80,2
2026-03-03,600036,13:33:48,39.4000,338,2
2026-03-03,600036,13:33:50,39.4000,25,2
2026-03-03,600036,13:33:54,39.4000,174,2
2026-03-03,600036,13:33:56,39.4100,89,1
2026-03-03,600036,13:33:59,39.4000,276,2
2026-03-03,600036,13:34:02,39.4100,853,1
2026-03-03,600036,13:34:05,39.4000,90,2
2026-03-03,600036,13:34:08,39.4000,634,2
2026-03-03,600036,13:34:11,39.4100,348,4
2026-03-03,600036,13:34:15,39.4100,522,2
2026-03-03,600036,13:34:17,39.4200,82,1
2026-03-03,600036,13:34:20,39.4300,79,1
2026-03-03,600036,13:34:23,39.4300,497,1
2026-03-03,600036,13:34:26,39.4400,95,1
2026-03-03,600036,13:34:29,39.4500,272,1
2026-03-03,600036,13:34:32,39.4500,275,1
2026-03-03,600036,13:34:35,39.4600,437,1
2026-03-03,600036,13:34:39,39.4500,62,2
2026-03-03,600036,13:34:41,39.4700,206,1
2026-03-03,600036,13:34:44,39.4500,372,2
2026-03-03,600036,13:34:47,39.4400,143,2
2026-03-03,600036,13:34:50,39.4500,182,1
2026-03-03,600036,13:34:53,39.4400,110,2
2026-03-03,600036,13:34:56,39.4300,23,2
2026-03-03,600036,13:34:59,39.4300,52,2
2026-03-03,600036,13:35:02,39.4300,110,2
2026-03-03,600036,13:35:05,39.4300,63,2
2026-03-03,600036,13:35:08,39.4300,85,2
2026-03-03,600036,13:35:11,39.4300,32,2
2026-03-03,600036,13:35:14,39.4300,181,2
2026-03-03,600036,13:35:17,39.4300,19,2
2026-03-03,600036,13:35:20,39.4300,62,2
2026-03-03,600036,13:35:23,39.4300,83,2
2026-03-03,600036,13:35:26,39.4300,155,2
2026-03-03,600036,13:35:29,39.4300,27,2
2026-03-03,600036,13:35:32,39.4300,72,1
2026-03-03,600036,13:35:35,39.4300,54,1
2026-03-03,600036,13:35:38,39.4200,137,2
2026-03-03,600036,13:35:41,39.4200,232,2
2026-03-03,600036,13:35:45,39.4200,206,2
2026-03-03,600036,13:35:47,39.4200,45,1
2026-03-03,600036,13:35:50,39.4100,218,2
2026-03-03,600036,13:35:53,39.4200,129,1
2026-03-03,600036,13:35:56,39.4100,266,2
2026-03-03,600036,13:35:59,39.4100,168,2
2026-03-03,600036,13:36:02,39.4100,51,1
2026-03-03,600036,13:36:05,39.4100,867,1
2026-03-03,600036,13:36:08,39.4100,69,2
2026-03-03,600036,13:36:11,39.4100,254,2
2026-03-03,600036,13:36:14,39.4100,148,2
2026-03-03,600036,13:36:17,39.4000,11,2
2026-03-03,600036,13:36:20,39.4100,49,1
2026-03-03,600036,13:36:23,39.4000,12,2
2026-03-03,600036,13:36:26,39.4100,119,1
2026-03-03,600036,13:36:29,39.4000,73,2
2026-03-03,600036,13:36:32,39.4100,49,1
2026-03-03,600036,13:36:35,39.4000,80,2
2026-03-03,600036,13:36:39,39.4000,88,2
2026-03-03,600036,13:36:41,39.4100,136,1
2026-03-03,600036,13:36:44,39.4000,42,2
2026-03-03,600036,13:36:47,39.4000,23,2
2026-03-03,600036,13:36:50,39.4100,78,1
2026-03-03,600036,13:36:53,39.4000,13,2
2026-03-03,600036,13:36:56,39.4000,22,2
2026-03-03,600036,13:36:59,39.4000,67,2
2026-03-03,600036,13:37:02,39.4000,63,2
2026-03-03,600036,13:37:05,39.4100,128,1
2026-03-03,600036,13:37:08,39.4000,514,2
2026-03-03,600036,13:37:11,39.4000,149,1
2026-03-03,600036,13:37:14,39.3900,9,2
2026-03-03,600036,13:37:17,39.4000,103,1
2026-03-03,600036,13:37:20,39.3900,52,2
2026-03-03,600036,13:37:23,39.3900,59,2
2026-03-03,600036,13:37:26,39.3900,367,2
2026-03-03,600036,13:37:30,39.3900,84,1
2026-03-03,600036,13:37:33,39.3900,44,1
2026-03-03,600036,13:37:35,39.3900,749,1
2026-03-03,600036,13:37:38,39.3800,776,2
2026-03-03,600036,13:37:41,39.3900,505,2
2026-03-03,600036,13:37:44,39.3900,113,1
2026-03-03,600036,13:37:47,39.3800,73,2
2026-03-03,600036,13:37:51,39.3900,88,1
2026-03-03,600036,13:37:53,39.3800,46,2
2026-03-03,600036,13:37:57,39.3800,100,2
2026-03-03,600036,13:37:59,39.3700,285,2
2026-03-03,600036,13:38:02,39.3800,292,1
2026-03-03,600036,13:38:05,39.3700,87,2
2026-03-03,600036,13:38:08,39.3700,144,2
2026-03-03,600036,13:38:11,39.3700,115,2
2026-03-03,600036,13:38:14,39.3700,50,2
2026-03-03,600036,13:38:17,39.3700,76,2
2026-03-03,600036,13:38:20,39.3700,135,2
2026-03-03,600036,13:38:23,39.3700,362,1
2026-03-03,600036,13:38:26,39.3700,329,2
2026-03-03,600036,13:38:29,39.3700,252,2
2026-03-03,600036,13:38:32,39.3700,57,2
2026-03-03,600036,13:38:35,39.3700,37,2
2026-03-03,600036,13:38:39,39.3700,194,2
2026-03-03,600036,13:38:41,39.3700,142,2
2026-03-03,600036,13:38:44,39.3700,232,2
2026-03-03,600036,13:38:47,39.3700,62,2
2026-03-03,600036,13:38:50,39.3700,83,2
2026-03-03,600036,13:38:53,39.3700,60,2
2026-03-03,600036,13:38:57,39.3500,282,2
2026-03-03,600036,13:38:59,39.3600,131,1
2026-03-03,600036,13:39:02,39.3600,241,1
2026-03-03,600036,13:39:05,39.3600,1755,1
2026-03-03,600036,13:39:08,39.3700,315,1
2026-03-03,600036,13:39:12,39.3800,57,1
2026-03-03,600036,13:39:14,39.3700,255,2
2026-03-03,600036,13:39:17,39.4000,836,1
2026-03-03,600036,13:39:20,39.3800,267,2
2026-03-03,600036,13:39:23,39.3900,12,2
2026-03-03,600036,13:39:27,39.4000,25,1
2026-03-03,600036,13:39:29,39.3900,136,2
2026-03-03,600036,13:39:33,39.4000,87,1
2026-03-03,600036,13:39:35,39.3900,44,2
2026-03-03,600036,13:39:38,39.4000,46,1
2026-03-03,600036,13:39:41,39.4000,46,1
2026-03-03,600036,13:39:44,39.3900,26,2
2026-03-03,600036,13:39:47,39.3900,52,2
2026-03-03,600036,13:39:50,39.4000,28,1
2026-03-03,600036,13:39:53,39.4000,91,1
2026-03-03,600036,13:39:56,39.3900,21,2
2026-03-03,600036,13:39:59,39.3900,21,2
2026-03-03,600036,13:40:02,39.4000,302,1
2026-03-03,600036,13:40:05,39.4000,367,1
2026-03-03,600036,13:40:08,39.4000,127,2
2026-03-03,600036,13:40:12,39.4000,115,2
2026-03-03,600036,13:40:14,39.3900,498,2
2026-03-03,600036,13:40:17,39.3900,83,2
2026-03-03,600036,13:40:20,39.3900,30,2
2026-03-03,600036,13:40:23,39.3900,83,2
2026-03-03,600036,13:40:27,39.3900,22,2
2026-03-03,600036,13:40:29,39.3900,141,2
2026-03-03,600036,13:40:32,39.3900,233,2
2026-03-03,600036,13:40:35,39.3900,49,2
2026-03-03,600036,13:40:38,39.3900,4,2
2026-03-03,600036,13:40:41,39.3900,63,2
2026-03-03,600036,13:40:44,39.4000,136,1
2026-03-03,600036,13:40:48,39.4000,14,1
2026-03-03,600036,13:40:50,39.4000,733,1
2026-03-03,600036,13:40:53,39.3900,143,2
2026-03-03,600036,13:40:57,39.3900,13,2
2026-03-03,600036,13:40:59,39.3900,99,2
2026-03-03,600036,13:41:03,39.3900,24,2
2026-03-03,600036,13:41:05,39.3900,94,2
2026-03-03,600036,13:41:08,39.3900,28,2
2026-03-03,600036,13:41:11,39.3900,3,2
2026-03-03,600036,13:41:14,39.3900,386,2
2026-03-03,600036,13:41:17,39.3900,154,2
2026-03-03,600036,13:41:20,39.3900,265,2
2026-03-03,600036,13:41:23,39.3800,22,2
2026-03-03,600036,13:41:26,39.3800,508,2
2026-03-03,600036,13:41:29,39.3900,308,1
2026-03-03,600036,13:41:32,39.3900,223,1
2026-03-03,600036,13:41:35,39.3800,163,2
2026-03-03,600036,13:41:38,39.3900,91,1
2026-03-03,600036,13:41:41,39.3900,69,2
2026-03-03,600036,13:41:47,39.3900,435,2
2026-03-03,600036,13:41:50,39.3900,38,2
2026-03-03,600036,13:41:53,39.3900,113,2
2026-03-03,600036,13:41:56,39.3900,64,2
2026-03-03,600036,13:41:59,39.3900,41,2
2026-03-03,600036,13:42:02,39.3900,32,2
2026-03-03,600036,13:42:05,39.4000,81,1
2026-03-03,600036,13:42:08,39.3900,60,2
2026-03-03,600036,13:42:11,39.3900,102,2
2026-03-03,600036,13:42:14,39.3900,41,2
2026-03-03,600036,13:42:17,39.3900,50,2
2026-03-03,600036,13:42:20,39.3900,74,2
2026-03-03,600036,13:42:23,39.3900,59,2
2026-03-03,600036,13:42:26,39.4000,107,1
2026-03-03,600036,13:42:29,39.4000,24,1
2026-03-03,600036,13:42:32,39.3900,253,2
2026-03-03,600036,13:42:35,39.4000,101,1
2026-03-03,600036,13:42:38,39.3900,952,2
2026-03-03,600036,13:42:41,39.4000,89,1
2026-03-03,600036,13:42:44,39.3900,173,2
2026-03-03,600036,13:42:47,39.4000,610,1
2026-03-03,600036,13:42:50,39.3900,217,2
2026-03-03,600036,13:42:53,39.3900,53,2
2026-03-03,600036,13:42:57,39.4000,23,1
2026-03-03,600036,13:42:59,39.4000,11,1
2026-03-03,600036,13:43:02,39.4000,34,1
2026-03-03,600036,13:43:05,39.4000,19,1
2026-03-03,600036,13:43:08,39.4000,62,1
2026-03-03,600036,13:43:11,39.4000,243,1
2026-03-03,600036,13:43:15,39.4000,166,1
2026-03-03,600036,13:43:18,39.4000,57,1
2026-03-03,600036,13:43:20,39.3900,71,2
2026-03-03,600036,13:43:23,39.4000,38,1
2026-03-03,600036,13:43:27,39.4000,64,1
2026-03-03,600036,13:43:29,39.3900,4,2
2026-03-03,600036,13:43:33,39.3900,280,2
2026-03-03,600036,13:43:35,39.3900,25,2
2026-03-03,600036,13:43:38,39.3900,90,2
2026-03-03,600036,13:43:41,39.3900,23,2
2026-03-03,600036,13:43:45,39.3900,228,2
2026-03-03,600036,13:43:47,39.3900,50,2
2026-03-03,600036,13:43:50,39.3900,83,2
2026-03-03,600036,13:43:53,39.3900,192,2
2026-03-03,600036,13:43:56,39.3900,756,2
2026-03-03,600036,13:43:59,39.3900,177,1
2026-03-03,600036,13:44:03,39.3800,92,2
2026-03-03,600036,13:44:05,39.3800,56,2
2026-03-03,600036,13:44:08,39.3800,55,2
2026-03-03,600036,13:44:11,39.3800,295,2
2026-03-03,600036,13:44:14,39.3800,615,1
2026-03-03,600036,13:44:17,39.3700,110,2
2026-03-03,600036,13:44:21,39.3800,53,1
2026-03-03,600036,13:44:23,39.3700,15,2
2026-03-03,600036,13:44:27,39.3700,48,2
2026-03-03,600036,13:44:29,39.3700,51,2
2026-03-03,600036,13:44:32,39.3700,57,2
2026-03-03,600036,13:44:35,39.3800,8,1
2026-03-03,600036,13:44:38,39.3700,65,2
2026-03-03,600036,13:44:41,39.3700,96,2
2026-03-03,600036,13:44:44,39.3700,46,2
2026-03-03,600036,13:44:47,39.3700,124,2
2026-03-03,600036,13:44:51,39.3700,978,2
2026-03-03,600036,13:44:53,39.3900,384,1
2026-03-03,600036,13:44:56,39.3900,705,1
2026-03-03,600036,13:45:00,39.4000,40,1
2026-03-03,600036,13:45:02,39.3900,540,2
2026-03-03,600036,13:45:05,39.3900,352,2
2026-03-03,600036,13:45:08,39.3900,321,2
2026-03-03,600036,13:45:11,39.3900,131,2
2026-03-03,600036,13:45:14,39.4000,573,1
2026-03-03,600036,13:45:17,39.3900,441,2
2026-03-03,600036,13:45:20,39.3900,57,1
2026-03-03,600036,13:45:23,39.3900,91,1
2026-03-03,600036,13:45:26,39.3800,145,2
2026-03-03,600036,13:45:29,39.3800,64,2
2026-03-03,600036,13:45:33,39.3800,43,2
2026-03-03,600036,13:45:36,39.3800,60,2
2026-03-03,600036,13:45:38,39.3800,86,2
2026-03-03,600036,13:45:41,39.3800,12,2
2026-03-03,600036,13:45:45,39.3900,103,1
2026-03-03,600036,13:45:47,39.3900,205,1
2026-03-03,600036,13:45:50,39.3900,191,1
2026-03-03,600036,13:45:53,39.3800,91,2
2026-03-03,600036,13:45:56,39.3800,203,2
2026-03-03,600036,13:45:59,39.3800,205,2
2026-03-03,600036,13:46:03,39.3700,102,2
2026-03-03,600036,13:46:05,39.3700,535,2
2026-03-03,600036,13:46:08,39.3800,49,1
2026-03-03,600036,13:46:11,39.3800,188,2
2026-03-03,600036,13:46:14,39.3800,96,2
2026-03-03,600036,13:46:17,39.4000,319,1
2026-03-03,600036,13:46:20,39.4000,27,1
2026-03-03,600036,13:46:23,39.4000,292,1
2026-03-03,600036,13:46:26,39.3900,103,2
2026-03-03,600036,13:46:29,39.4000,157,1
2026-03-03,600036,13:46:32,39.4000,639,1
2026-03-03,600036,13:46:35,39.4100,50,1
2026-03-03,600036,13:46:38,39.4100,44,1
2026-03-03,600036,13:46:41,39.4100,257,2
2026-03-03,600036,13:46:44,39.4300,65,1
2026-03-03,600036,13:46:47,39.4400,942,1
2026-03-03,600036,13:46:50,39.4500,825,1
2026-03-03,600036,13:46:53,39.4500,50,1
2026-03-03,600036,13:46:56,39.4500,103,1
2026-03-03,600036,13:46:59,39.4500,147,1
2026-03-03,600036,13:47:02,39.4500,232,1
2026-03-03,600036,13:47:05,39.4500,47,4
2026-03-03,600036,13:47:08,39.4500,42,2
2026-03-03,600036,13:47:11,39.4500,693,2
2026-03-03,600036,13:47:15,39.4500,193,2
2026-03-03,600036,13:47:17,39.4400,293,2
2026-03-03,600036,13:47:20,39.4500,29,1
2026-03-03,600036,13:47:23,39.4500,31,1
2026-03-03,600036,13:47:26,39.4500,76,1
2026-03-03,600036,13:47:29,39.4500,16,1
2026-03-03,600036,13:47:32,39.4400,141,2
2026-03-03,600036,13:47:35,39.4500,722,1
2026-03-03,600036,13:47:38,39.4500,105,1
2026-03-03,600036,13:47:41,39.4500,237,1
2026-03-03,600036,13:47:44,39.4600,219,1
2026-03-03,600036,13:47:47,39.4500,51,2
2026-03-03,600036,13:47:50,39.4500,11,2
2026-03-03,600036,13:47:53,39.4500,269,2
2026-03-03,600036,13:47:57,39.4600,579,1
2026-03-03,600036,13:48:00,39.4500,516,4
2026-03-03,600036,13:48:03,39.4600,283,1
2026-03-03,600036,13:48:05,39.4600,792,2
2026-03-03,600036,13:48:08,39.4600,100,2
2026-03-03,600036,13:48:11,39.4700,192,1
2026-03-03,600036,13:48:14,39.4800,232,1
2026-03-03,600036,13:48:17,39.4800,46,1
2026-03-03,600036,13:48:20,39.4600,162,2
2026-03-03,600036,13:48:24,39.4600,20,2
2026-03-03,600036,13:48:27,39.4700,119,2
2026-03-03,600036,13:48:29,39.4800,2,1
2026-03-03,600036,13:48:33,39.4800,123,1
2026-03-03,600036,13:48:35,39.4700,207,2
2026-03-03,600036,13:48:38,39.4600,614,2
2026-03-03,600036,13:48:41,39.4700,164,1
2026-03-03,600036,13:48:44,39.4600,15,2
2026-03-03,600036,13:48:47,39.4600,37,2
2026-03-03,600036,13:48:50,39.4600,50,2
2026-03-03,600036,13:48:53,39.4600,67,2
2026-03-03,600036,13:48:56,39.4600,26,2
2026-03-03,600036,13:49:00,39.4600,312,2
2026-03-03,600036,13:49:03,39.4600,706,2
2026-03-03,600036,13:49:05,39.4500,240,2
2026-03-03,600036,13:49:08,39.4400,197,2
2026-03-03,600036,13:49:12,39.4400,22,2
2026-03-03,600036,13:49:14,39.4400,56,2
2026-03-03,600036,13:49:17,39.4400,99,2
2026-03-03,600036,13:49:20,39.4300,19,2
2026-03-03,600036,13:49:23,39.4300,255,2
2026-03-03,600036,13:49:26,39.4200,220,2
2026-03-03,600036,13:49:30,39.4200,466,1
2026-03-03,600036,13:49:33,39.4100,85,2
2026-03-03,600036,13:49:35,39.4200,1046,1
2026-03-03,600036,13:49:38,39.4200,37,2
2026-03-03,600036,13:49:41,39.4300,17,1
2026-03-03,600036,13:49:44,39.4200,85,2
2026-03-03,600036,13:49:47,39.4200,105,2
2026-03-03,600036,13:49:50,39.4300,23,1
2026-03-03,600036,13:49:53,39.4200,33,2
2026-03-03,600036,13:49:56,39.4300,260,1
2026-03-03,600036,13:49:59,39.4300,41,1
2026-03-03,600036,13:50:02,39.4200,145,2
2026-03-03,600036,13:50:05,39.4200,58,2
2026-03-03,600036,13:50:08,39.4200,107,2
2026-03-03,600036,13:50:11,39.4200,25,2
2026-03-03,600036,13:50:15,39.4300,170,1
2026-03-03,600036,13:50:17,39.4200,171,2
2026-03-03,600036,13:50:20,39.4300,65,1
2026-03-03,600036,13:50:23,39.4300,220,1
2026-03-03,600036,13:50:26,39.4300,52,1
2026-03-03,600036,13:50:29,39.4300,83,1
2026-03-03,600036,13:50:32,39.4200,42,2
2026-03-03,600036,13:50:35,39.4300,115,1
2026-03-03,600036,13:50:38,39.4300,152,1
2026-03-03,600036,13:50:41,39.4200,106,2
2026-03-03,600036,13:50:44,39.4300,145,1
2026-03-03,600036,13:50:47,39.4200,52,2
2026-03-03,600036,13:50:50,39.4300,93,1
2026-03-03,600036,13:50:54,39.4300,68,1
2026-03-03,600036,13:50:56,39.4200,76,2
2026-03-03,600036,13:50:59,39.4200,254,2
2026-03-03,600036,13:51:02,39.4200,49,2
2026-03-03,600036,13:51:05,39.4200,310,2
2026-03-03,600036,13:51:08,39.4300,38,1
2026-03-03,600036,13:51:11,39.4200,492,2
2026-03-03,600036,13:51:14,39.4200,429,2
2026-03-03,600036,13:51:17,39.4100,31,2
2026-03-03,600036,13:51:20,39.4100,539,2
2026-03-03,600036,13:51:23,39.4200,156,1
2026-03-03,600036,13:51:26,39.4000,96,2
2026-03-03,600036,13:51:29,39.4100,28,1
2026-03-03,600036,13:51:32,39.4000,22,2
2026-03-03,600036,13:51:35,39.4000,340,2
2026-03-03,600036,13:51:38,39.4000,58,2
2026-03-03,600036,13:51:41,39.4000,33,2
2026-03-03,600036,13:51:44,39.4100,1250,1
2026-03-03,600036,13:51:47,39.4000,169,2
2026-03-03,600036,13:51:50,39.4100,99,1
2026-03-03,600036,13:51:53,39.4100,390,2
2026-03-03,600036,13:51:56,39.4100,201,2
2026-03-03,600036,13:51:59,39.4100,29,2
2026-03-03,600036,13:52:02,39.4100,117,2
2026-03-03,600036,13:52:05,39.4200,66,1
2026-03-03,600036,13:52:08,39.4100,211,2
2026-03-03,600036,13:52:11,39.4100,12,4
2026-03-03,600036,13:52:14,39.4000,177,2
2026-03-03,600036,13:52:17,39.4000,28,2
2026-03-03,600036,13:52:20,39.4000,321,2
2026-03-03,600036,13:52:24,39.4100,104,1
2026-03-03,600036,13:52:27,39.3900,37,2
2026-03-03,600036,13:52:29,39.3900,2,2
2026-03-03,600036,13:52:32,39.3900,71,2
2026-03-03,600036,13:52:35,39.3900,78,2
2026-03-03,600036,13:52:38,39.3900,74,2
2026-03-03,600036,13:52:41,39.3900,110,2
2026-03-03,600036,13:52:44,39.3900,36,2
2026-03-03,600036,13:52:47,39.3900,88,2
2026-03-03,600036,13:52:50,39.3900,161,2
2026-03-03,600036,13:52:53,39.3900,128,2
2026-03-03,600036,13:52:56,39.3900,328,2
2026-03-03,600036,13:52:59,39.3900,38,1
2026-03-03,600036,13:53:02,39.3800,339,2
2026-03-03,600036,13:53:05,39.3800,117,2
2026-03-03,600036,13:53:08,39.3900,28,1
2026-03-03,600036,13:53:11,39.3800,338,2
2026-03-03,600036,13:53:14,39.3700,339,2
2026-03-03,600036,13:53:17,39.3700,206,2
2026-03-03,600036,13:53:20,39.3700,29,2
2026-03-03,600036,13:53:23,39.3700,162,2
2026-03-03,600036,13:53:27,39.3700,187,2
2026-03-03,600036,13:53:29,39.3700,190,1
2026-03-03,600036,13:53:32,39.3600,443,2
2026-03-03,600036,13:53:35,39.3600,140,2
2026-03-03,600036,13:53:38,39.3700,212,1
2026-03-03,600036,13:53:41,39.3600,83,2
2026-03-03,600036,13:53:44,39.3600,122,2
2026-03-03,600036,13:53:47,39.3600,54,1
2026-03-03,600036,13:53:50,39.3700,1098,1
2026-03-03,600036,13:53:53,39.3700,69,1
2026-03-03,600036,13:53:56,39.3700,73,1
2026-03-03,600036,13:53:59,39.3600,101,2
2026-03-03,600036,13:54:02,39.3600,245,2
2026-03-03,600036,13:54:05,39.3600,194,2
2026-03-03,600036,13:54:08,39.3700,17,1
2026-03-03,600036,13:54:11,39.3600,58,2
2026-03-03,600036,13:54:14,39.3600,29,2
2026-03-03,600036,13:54:17,39.3600,8,1
2026-03-03,600036,13:54:21,39.3600,12,1
2026-03-03,600036,13:54:23,39.3500,102,2
2026-03-03,600036,13:54:26,39.3500,64,2
2026-03-03,600036,13:54:29,39.3600,23,1
2026-03-03,600036,13:54:32,39.3600,32,1
2026-03-03,600036,13:54:35,39.3500,99,2
2026-03-03,600036,13:54:38,39.3600,18,1
2026-03-03,600036,13:54:41,39.3500,82,2
2026-03-03,600036,13:54:44,39.3500,45,2
2026-03-03,600036,13:54:47,39.3500,24,2
2026-03-03,600036,13:54:50,39.3500,52,2
2026-03-03,600036,13:54:53,39.3600,103,1
2026-03-03,600036,13:54:56,39.3600,235,1
2026-03-03,600036,13:54:59,39.3600,73,1
2026-03-03,600036,13:55:02,39.3700,2057,1
2026-03-03,600036,13:55:05,39.3700,88,1
2026-03-03,600036,13:55:08,39.3700,43,2
2026-03-03,600036,13:55:11,39.3700,12,2
2026-03-03,600036,13:55:14,39.3700,39,2
2026-03-03,600036,13:55:17,39.3700,26,2
2026-03-03,600036,13:55:20,39.3700,59,2
2026-03-03,600036,13:55:23,39.3700,69,2
2026-03-03,600036,13:55:26,39.3700,142,2
2026-03-03,600036,13:55:29,39.3700,198,2
2026-03-03,600036,13:55:32,39.3700,48,2
2026-03-03,600036,13:55:35,39.3800,52,1
2026-03-03,600036,13:55:38,39.3700,15,2
2026-03-03,600036,13:55:41,39.3700,93,2
2026-03-03,600036,13:55:44,39.3700,25,2
2026-03-03,600036,13:55:47,39.3700,64,2
2026-03-03,600036,13:55:50,39.3700,39,2
2026-03-03,600036,13:55:53,39.3700,29,2
2026-03-03,600036,13:55:56,39.3700,57,2
2026-03-03,600036,13:56:00,39.3700,387,2
2026-03-03,600036,13:56:02,39.3700,8,1
2026-03-03,600036,13:56:05,39.3700,5,1
2026-03-03,600036,13:56:08,39.3600,52,2
2026-03-03,600036,13:56:11,39.3600,95,2
2026-03-03,600036,13:56:14,39.3600,35,2
2026-03-03,600036,13:56:17,39.3700,17,1
2026-03-03,600036,13:56:20,39.3600,135,2
2026-03-03,600036,13:56:23,39.3700,66,1
2026-03-03,600036,13:56:26,39.3600,157,2
2026-03-03,600036,13:56:29,39.3700,66,1
2026-03-03,600036,13:56:32,39.3600,109,2
2026-03-03,600036,13:56:35,39.3600,93,2
2026-03-03,600036,13:56:38,39.3600,30,2
2026-03-03,600036,13:56:42,39.3600,963,2
2026-03-03,600036,13:56:44,39.3600,149,2
2026-03-03,600036,13:56:47,39.3600,143,1
2026-03-03,600036,13:56:50,39.3500,159,2
2026-03-03,600036,13:56:54,39.3500,97,1
2026-03-03,600036,13:56:56,39.3400,124,2
2026-03-03,600036,13:56:59,39.3300,289,2
2026-03-03,600036,13:57:02,39.3300,1299,2
2026-03-03,600036,13:57:06,39.3300,279,2
2026-03-03,600036,13:57:08,39.3400,201,4
2026-03-03,600036,13:57:11,39.3500,865,1
2026-03-03,600036,13:57:14,39.3500,379,1
2026-03-03,600036,13:57:17,39.3500,9,2
2026-03-03,600036,13:57:20,39.3600,40,1
2026-03-03,600036,13:57:23,39.3500,111,2
2026-03-03,600036,13:57:26,39.3500,38,2
2026-03-03,600036,13:57:29,39.3600,121,1
2026-03-03,600036,13:57:32,39.3500,6,2
2026-03-03,600036,13:57:35,39.3600,23,1
2026-03-03,600036,13:57:39,39.3500,71,2
2026-03-03,600036,13:57:41,39.3500,77,2
2026-03-03,600036,13:57:44,39.3500,53,2
2026-03-03,600036,13:57:47,39.3600,185,1
2026-03-03,600036,13:57:50,39.3500,93,2
2026-03-03,600036,13:57:53,39.3500,155,1
2026-03-03,600036,13:57:56,39.3400,92,2
2026-03-03,600036,13:57:59,39.3500,56,1
2026-03-03,600036,13:58:02,39.3500,76,1
2026-03-03,600036,13:58:05,39.3500,85,1
2026-03-03,600036,13:58:08,39.3400,13,2
2026-03-03,600036,13:58:11,39.3400,48,2
2026-03-03,600036,13:58:14,39.3500,81,1
2026-03-03,600036,13:58:17,39.3500,26,1
2026-03-03,600036,13:58:21,39.3400,1181,2
2026-03-03,600036,13:58:23,39.3400,43,1
2026-03-03,600036,13:58:26,39.3300,15,2
2026-03-03,600036,13:58:29,39.3300,194,2
2026-03-03,600036,13:58:32,39.3300,83,2
2026-03-03,600036,13:58:35,39.3300,71,2
2026-03-03,600036,13:58:38,39.3300,272,2
2026-03-03,600036,13:58:41,39.3300,14,1
2026-03-03,600036,13:58:44,39.3200,56,2
2026-03-03,600036,13:58:47,39.3200,30,2
2026-03-03,600036,13:58:51,39.3200,55,2
2026-03-03,600036,13:58:53,39.3200,38,2
2026-03-03,600036,13:58:56,39.3200,184,2
2026-03-03,600036,13:58:59,39.3200,189,2
2026-03-03,600036,13:59:02,39.3200,112,2
2026-03-03,600036,13:59:05,39.3200,207,2
2026-03-03,600036,13:59:08,39.3200,110,2
2026-03-03,600036,13:59:11,39.3300,45,1
2026-03-03,600036,13:59:14,39.3200,148,2
2026-03-03,600036,13:59:17,39.3200,55,2
2026-03-03,600036,13:59:20,39.3200,157,2
2026-03-03,600036,13:59:23,39.3200,401,2
2026-03-03,600036,13:59:26,39.3200,74,2
2026-03-03,600036,13:59:29,39.3200,314,1
2026-03-03,600036,13:59:32,39.3100,66,2
2026-03-03,600036,13:59:35,39.3100,249,2
2026-03-03,600036,13:59:38,39.3100,209,2
2026-03-03,600036,13:59:41,39.3100,1824,2
2026-03-03,600036,13:59:44,39.3000,137,2
2026-03-03,600036,13:59:47,39.3000,240,2
2026-03-03,600036,13:59:50,39.2900,744,2
2026-03-03,600036,13:59:53,39.2900,50,2
2026-03-03,600036,13:59:56,39.2900,202,2
2026-03-03,600036,13:59:59,39.2900,262,4
2026-03-03,600036,14:00:02,39.2900,76,2
2026-03-03,600036,14:00:05,39.2900,467,2
2026-03-03,600036,14:00:08,39.2900,355,2
2026-03-03,600036,14:00:12,39.2900,787,1
2026-03-03,600036,14:00:14,39.2800,424,2
2026-03-03,600036,14:00:17,39.2900,1087,1
2026-03-03,600036,14:00:20,39.3000,357,1
2026-03-03,600036,14:00:23,39.3000,177,1
2026-03-03,600036,14:00:26,39.3000,187,1
2026-03-03,600036,14:00:30,39.3000,1352,1
2026-03-03,600036,14:00:32,39.3000,950,2
2026-03-03,600036,14:00:35,39.3100,326,4
2026-03-03,600036,14:00:38,39.3100,145,2
2026-03-03,600036,14:00:41,39.3100,27,2
2026-03-03,600036,14:00:44,39.3100,35,2
2026-03-03,600036,14:00:47,39.3300,510,1
2026-03-03,600036,14:00:50,39.3300,248,1
2026-03-03,600036,14:00:53,39.3200,50,2
2026-03-03,600036,14:00:56,39.3300,20,1
2026-03-03,600036,14:00:59,39.3300,19,1
2026-03-03,600036,14:01:02,39.3300,4,1
2026-03-03,600036,14:01:05,39.3200,146,2
2026-03-03,600036,14:01:08,39.3200,72,2
2026-03-03,600036,14:01:12,39.3300,307,1
2026-03-03,600036,14:01:15,39.3200,105,2
2026-03-03,600036,14:01:17,39.3200,393,2
2026-03-03,600036,14:01:20,39.3100,42,2
2026-03-03,600036,14:01:23,39.3100,265,2
2026-03-03,600036,14:01:27,39.3100,1,1
2026-03-03,600036,14:01:29,39.3100,53,1
2026-03-03,600036,14:01:32,39.3000,157,2
2026-03-03,600036,14:01:35,39.3100,156,1
2026-03-03,600036,14:01:38,39.3000,14,2
2026-03-03,600036,14:01:41,39.3100,44,1
2026-03-03,600036,14:01:44,39.3000,778,2
2026-03-03,600036,14:01:47,39.2900,366,2
2026-03-03,600036,14:01:50,39.3000,50,1
2026-03-03,600036,14:01:53,39.2900,884,2
2026-03-03,600036,14:01:57,39.3000,75,1
2026-03-03,600036,14:01:59,39.2900,76,2
2026-03-03,600036,14:02:02,39.2900,268,2
2026-03-03,600036,14:02:05,39.3000,257,1
2026-03-03,600036,14:02:08,39.3000,756,1
2026-03-03,600036,14:02:12,39.3000,20,1
2026-03-03,600036,14:02:14,39.3000,42,1
2026-03-03,600036,14:02:17,39.2900,8,2
2026-03-03,600036,14:02:20,39.2900,35,2
2026-03-03,600036,14:02:23,39.2900,152,2
2026-03-03,600036,14:02:26,39.3000,85,1
2026-03-03,600036,14:02:30,39.3000,99,1
2026-03-03,600036,14:02:32,39.2900,30,2
2026-03-03,600036,14:02:35,39.2900,362,2
2026-03-03,600036,14:02:38,39.2800,324,2
2026-03-03,600036,14:02:41,39.2800,61,2
2026-03-03,600036,14:02:44,39.2900,720,1
2026-03-03,600036,14:02:47,39.2800,133,2
2026-03-03,600036,14:02:51,39.2800,151,4
2026-03-03,600036,14:02:53,39.2800,88,1
2026-03-03,600036,14:02:56,39.2700,217,2
2026-03-03,600036,14:02:59,39.2500,809,2
2026-03-03,600036,14:03:02,39.2600,281,1
2026-03-03,600036,14:03:05,39.2500,178,2
2026-03-03,600036,14:03:08,39.2500,258,2
2026-03-03,600036,14:03:11,39.2500,412,2
2026-03-03,600036,14:03:14,39.2500,313,2
2026-03-03,600036,14:03:17,39.2400,1165,2
2026-03-03,600036,14:03:20,39.2400,99,2
2026-03-03,600036,14:03:23,39.2400,249,2
2026-03-03,600036,14:03:27,39.2400,71,2
2026-03-03,600036,14:03:30,39.2400,81,2
2026-03-03,600036,14:03:33,39.2400,115,2
2026-03-03,600036,14:03:35,39.2400,198,2
2026-03-03,600036,14:03:38,39.2400,427,2
2026-03-03,600036,14:03:41,39.2400,290,2
2026-03-03,600036,14:03:44,39.2500,2099,1
2026-03-03,600036,14:03:47,39.2500,176,1
2026-03-03,600036,14:03:50,39.2500,314,1
2026-03-03,600036,14:03:54,39.2600,182,1
2026-03-03,600036,14:03:56,39.2500,304,2
2026-03-03,600036,14:03:59,39.2600,689,1
2026-03-03,600036,14:04:03,39.2600,129,1
2026-03-03,600036,14:04:06,39.2600,116,1
2026-03-03,600036,14:04:08,39.2500,178,2
2026-03-03,600036,14:04:11,39.2500,98,2
2026-03-03,600036,14:04:14,39.2600,118,1
2026-03-03,600036,14:04:17,39.2600,157,1
2026-03-03,600036,14:04:20,39.2600,1306,1
2026-03-03,600036,14:04:23,39.2500,39,2
2026-03-03,600036,14:04:27,39.2500,19,2
2026-03-03,600036,14:04:29,39.2500,91,2
2026-03-03,600036,14:04:32,39.2500,377,2
2026-03-03,600036,14:04:35,39.2500,207,2
2026-03-03,600036,14:04:38,39.2500,187,2
2026-03-03,600036,14:04:41,39.2600,312,1
2026-03-03,600036,14:04:44,39.2500,51,2
2026-03-03,600036,14:04:47,39.2500,98,2
2026-03-03,600036,14:04:50,39.2700,685,1
2026-03-03,600036,14:04:53,39.2700,33,2
2026-03-03,600036,14:04:56,39.2700,106,2
2026-03-03,600036,14:04:59,39.2800,21,1
2026-03-03,600036,14:05:02,39.2800,244,1
2026-03-03,600036,14:05:05,39.2800,131,1
2026-03-03,600036,14:05:08,39.2800,214,1
2026-03-03,600036,14:05:11,39.2800,85,1
2026-03-03,600036,14:05:15,39.2700,13,2
2026-03-03,600036,14:05:17,39.2600,1288,2
2026-03-03,600036,14:05:20,39.2500,297,2
2026-03-03,600036,14:05:23,39.2500,146,2
2026-03-03,600036,14:05:27,39.2500,155,2
2026-03-03,600036,14:05:29,39.2500,627,2
2026-03-03,600036,14:05:32,39.2400,667,2
2026-03-03,600036,14:05:35,39.2300,2868,2
2026-03-03,600036,14:05:38,39.2200,640,2
2026-03-03,600036,14:05:41,39.2100,116,2
2026-03-03,600036,14:05:44,39.2100,83,2
2026-03-03,600036,14:05:47,39.2100,79,2
2026-03-03,600036,14:05:50,39.2100,128,2
2026-03-03,600036,14:05:53,39.2100,87,2
2026-03-03,600036,14:05:56,39.2100,63,2
2026-03-03,600036,14:05:59,39.2100,356,2
2026-03-03,600036,14:06:02,39.2200,95,1
2026-03-03,600036,14:06:05,39.2200,857,1
2026-03-03,600036,14:06:08,39.2200,218,1
2026-03-03,600036,14:06:12,39.2200,106,2
2026-03-03,600036,14:06:14,39.2200,82,2
2026-03-03,600036,14:06:17,39.2300,1045,1
2026-03-03,600036,14:06:20,39.2300,367,2
2026-03-03,600036,14:06:23,39.2300,236,2
2026-03-03,600036,14:06:27,39.2500,286,1
2026-03-03,600036,14:06:29,39.2500,135,1
2026-03-03,600036,14:06:32,39.2600,420,1
2026-03-03,600036,14:06:35,39.2700,45,1
2026-03-03,600036,14:06:38,39.2600,26,2
2026-03-03,600036,14:06:41,39.2700,311,1
2026-03-03,600036,14:06:44,39.2700,20,1
2026-03-03,600036,14:06:47,39.2600,37,2
2026-03-03,600036,14:06:51,39.2600,237,2
2026-03-03,600036,14:06:53,39.2600,214,2
2026-03-03,600036,14:06:56,39.2700,85,1
2026-03-03,600036,14:06:59,39.2600,22,2
2026-03-03,600036,14:07:02,39.2700,23,1
2026-03-03,600036,14:07:05,39.2600,882,2
2026-03-03,600036,10:57:05,39.2700,89,2
2026-03-03,600036,10:57:08,39.2700,53,2
2026-03-03,600036,10:57:11,39.2700,38,2
2026-03-03,600036,10:57:14,39.2700,33,2
2026-03-03,600036,10:57:17,39.2700,35,2
2026-03-03,600036,10:57:21,39.2600,145,2
2026-03-03,600036,10:57:23,39.2700,34,1
2026-03-03,600036,10:57:26,39.2600,10,2
2026-03-03,600036,10:57:29,39.2600,46,2
2026-03-03,600036,10:57:32,39.2600,38,2
2026-03-03,600036,10:57:35,39.2500,748,2
2026-03-03,600036,10:57:38,39.2400,219,2
2026-03-03,600036,10:57:41,39.2400,120,1
2026-03-03,600036,10:57:45,39.2300,51,2
2026-03-03,600036,10:57:47,39.2300,245,2
2026-03-03,600036,10:57:50,39.2300,53,2
2026-03-03,600036,10:57:53,39.2300,43,2
2026-03-03,600036,10:57:56,39.2300,138,2
2026-03-03,600036,10:57:59,39.2200,8,2
2026-03-03,600036,10:58:02,39.2200,47,2
2026-03-03,600036,10:58:05,39.2200,62,2
2026-03-03,600036,10:58:08,39.2200,269,2
2026-03-03,600036,10:58:11,39.2300,409,1
2026-03-03,600036,10:58:14,39.2200,57,2
2026-03-03,600036,10:58:17,39.2300,242,1
2026-03-03,600036,10:58:20,39.2200,185,1
2026-03-03,600036,10:58:23,39.2200,198,1
2026-03-03,600036,10:58:26,39.2200,177,1
2026-03-03,600036,10:58:29,39.2200,90,2
2026-03-03,600036,10:58:32,39.2200,23,4
2026-03-03,600036,10:58:36,39.2300,495,1
2026-03-03,600036,10:58:38,39.2300,487,1
2026-03-03,600036,10:58:41,39.2400,854,1
2026-03-03,600036,10:58:44,39.2400,226,2
2026-03-03,600036,10:58:47,39.2500,502,1
2026-03-03,600036,10:58:50,39.2500,115,2
2026-03-03,600036,10:58:53,39.2600,28,4
2026-03-03,600036,10:58:56,39.2700,4,1
2026-03-03,600036,10:58:59,39.2700,239,1
2026-03-03,600036,10:59:02,39.2700,545,2
2026-03-03,600036,10:59:05,39.2700,108,2
2026-03-03,600036,10:59:08,39.2700,44,2
2026-03-03,600036,10:59:11,39.2700,148,1
2026-03-03,600036,10:59:14,39.2700,68,1
2026-03-03,600036,10:59:17,39.2600,188,2
2026-03-03,600036,10:59:20,39.2600,70,2
2026-03-03,600036,10:59:23,39.2700,49,1
2026-03-03,600036,10:59:26,39.2600,225,2
2026-03-03,600036,10:59:29,39.2700,54,1
2026-03-03,600036,10:59:32,39.2600,188,4
2026-03-03,600036,10:59:35,39.2600,30,2
2026-03-03,600036,10:59:38,39.2600,46,2
2026-03-03,600036,10:59:41,39.2600,56,2
2026-03-03,600036,10:59:44,39.2600,313,2
2026-03-03,600036,10:59:47,39.2600,58,4
2026-03-03,600036,10:59:50,39.2600,17,4
2026-03-03,600036,10:59:53,39.2600,28,2
2026-03-03,600036,10:59:56,39.2700,69,1
2026-03-03,600036,11:00:00,39.2600,80,2
2026-03-03,600036,11:00:02,39.2800,585,1
2026-03-03,600036,11:00:05,39.2900,492,1
2026-03-03,600036,11:00:08,39.2900,85,2
2026-03-03,600036,11:00:11,39.3000,250,1
2026-03-03,600036,11:00:14,39.3000,117,1
2026-03-03,600036,11:00:17,39.2900,28,2
2026-03-03,600036,11:00:20,39.3000,64,1
2026-03-03,600036,11:00:24,39.2900,668,2
2026-03-03,600036,11:00:26,39.3000,34,1
2026-03-03,600036,11:00:29,39.3000,25,1
2026-03-03,600036,11:00:33,39.2900,59,2
2026-03-03,600036,11:00:35,39.2900,33,2
2026-03-03,600036,11:00:38,39.2900,38,2
2026-03-03,600036,11:00:41,39.3000,31,1
2026-03-03,600036,11:00:44,39.2900,60,2
2026-03-03,600036,11:00:47,39.3000,43,1
2026-03-03,600036,11:00:51,39.2900,176,2
2026-03-03,600036,11:00:53,39.3000,1213,1
2026-03-03,600036,11:00:56,39.3100,354,1
2026-03-03,600036,11:01:00,39.3000,548,2
2026-03-03,600036,11:01:02,39.3000,216,1
2026-03-03,600036,11:01:05,39.3100,216,1
2026-03-03,600036,11:01:09,39.3100,227,1
2026-03-03,600036,11:01:11,39.3000,77,2
2026-03-03,600036,11:01:14,39.3100,25,1
2026-03-03,600036,11:01:17,39.3100,45,1
2026-03-03,600036,11:01:20,39.3000,10,2
2026-03-03,600036,11:01:23,39.3000,13,2
2026-03-03,600036,11:01:26,39.3000,179,2
2026-03-03,600036,11:01:30,39.3000,96,2
2026-03-03,600036,11:01:32,39.3000,867,2
2026-03-03,600036,11:01:35,39.3100,275,1
2026-03-03,600036,11:01:38,39.3000,9,4
2026-03-03,600036,11:01:41,39.3000,5,1
2026-03-03,600036,11:01:44,39.2900,61,2
2026-03-03,600036,11:01:47,39.3000,69,1
2026-03-03,600036,11:01:50,39.3000,42,1
2026-03-03,600036,11:01:53,39.2900,15,2
2026-03-03,600036,11:01:56,39.2900,63,2
2026-03-03,600036,11:01:59,39.2900,269,2
2026-03-03,600036,11:02:02,39.2900,54,2
2026-03-03,600036,11:02:06,39.2900,385,2
2026-03-03,600036,11:02:08,39.3000,92,1
2026-03-03,600036,11:02:11,39.2900,29,2
2026-03-03,600036,11:02:15,39.3000,162,1
2026-03-03,600036,11:02:17,39.2900,182,2
2026-03-03,600036,11:02:20,39.2900,186,2
2026-03-03,600036,11:02:23,39.3000,259,1
2026-03-03,600036,11:02:26,39.3000,103,2
2026-03-03,600036,11:02:29,39.2900,135,2
2026-03-03,600036,11:02:32,39.2900,140,2
2026-03-03,600036,11:02:35,39.3000,61,1
2026-03-03,600036,11:02:38,39.2900,237,2
2026-03-03,600036,11:02:41,39.2900,19,2
2026-03-03,600036,11:02:44,39.2900,50,2
2026-03-03,600036,11:02:47,39.3000,113,1
2026-03-03,600036,11:02:50,39.2900,174,2
2026-03-03,600036,11:02:53,39.2900,52,2
2026-03-03,600036,11:02:56,39.2900,205,2
2026-03-03,600036,11:02:59,39.2900,153,2
2026-03-03,600036,11:03:02,39.3000,716,1
2026-03-03,600036,11:03:05,39.3100,85,1
2026-03-03,600036,11:03:09,39.3100,108,1
2026-03-03,600036,11:03:11,39.3000,175,2
2026-03-03,600036,11:03:14,39.3000,21,2
2026-03-03,600036,11:03:17,39.3000,96,2
2026-03-03,600036,11:03:20,39.3000,138,2
2026-03-03,600036,11:03:23,39.3000,127,1
2026-03-03,600036,11:03:26,39.3000,7,1
2026-03-03,600036,11:03:29,39.3000,38,1
2026-03-03,600036,11:03:32,39.2900,19,2
2026-03-03,600036,11:03:35,39.2900,69,2
2026-03-03,600036,11:03:38,39.3000,8,1
2026-03-03,600036,11:03:41,39.2900,5,2
2026-03-03,600036,11:03:44,39.3000,519,1
2026-03-03,600036,11:03:48,39.2900,102,2
2026-03-03,600036,11:03:50,39.2900,40,1
2026-03-03,600036,11:03:53,39.2800,202,2
2026-03-03,600036,11:03:56,39.2900,54,4
2026-03-03,600036,11:03:59,39.2900,32,2
2026-03-03,600036,11:04:02,39.3000,35,1
2026-03-03,600036,11:04:05,39.3000,113,1
2026-03-03,600036,11:04:08,39.2900,180,1
2026-03-03,600036,11:04:11,39.2900,51,1
2026-03-03,600036,11:04:14,39.2900,94,1
2026-03-03,600036,11:04:17,39.2900,907,1
2026-03-03,600036,11:04:20,39.3000,1852,1
2026-03-03,600036,11:04:23,39.3000,321,2
2026-03-03,600036,11:04:26,39.3200,670,1
2026-03-03,600036,11:04:30,39.3200,249,1
2026-03-03,600036,11:04:32,39.3200,584,1
2026-03-03,600036,11:04:35,39.3100,32,2
2026-03-03,600036,11:04:38,39.3100,391,2
2026-03-03,600036,11:04:41,39.3100,62,2
2026-03-03,600036,11:04:44,39.3100,57,2
2026-03-03,600036,11:04:47,39.3100,45,2
2026-03-03,600036,11:04:50,39.3100,52,2
2026-03-03,600036,11:04:53,39.3200,10,1
2026-03-03,600036,11:04:56,39.3200,95,1
2026-03-03,600036,11:04:59,39.3100,198,2
2026-03-03,600036,11:05:02,39.3200,116,1
2026-03-03,600036,11:05:05,39.3100,111,2
2026-03-03,600036,11:05:08,39.3100,310,2
2026-03-03,600036,11:05:11,39.3100,69,2
2026-03-03,600036,11:05:14,39.3200,155,1
2026-03-03,600036,11:05:17,39.3100,153,2
2026-03-03,600036,11:05:21,39.3100,129,2
2026-03-03,600036,11:05:23,39.3100,123,1
2026-03-03,600036,11:05:26,39.3100,20,1
2026-03-03,600036,11:05:29,39.3000,15,2
2026-03-03,600036,11:05:32,39.3100,63,1
2026-03-03,600036,11:05:35,39.3100,43,1
2026-03-03,600036,11:05:38,39.3000,90,2
2026-03-03,600036,11:05:41,39.3100,75,1
2026-03-03,600036,11:05:44,39.3100,3,1
2026-03-03,600036,11:05:47,39.3100,240,1
2026-03-03,600036,11:05:50,39.3100,104,1
2026-03-03,600036,11:05:54,39.3100,222,1
2026-03-03,600036,11:05:56,39.3200,640,1
2026-03-03,600036,11:05:59,39.3200,107,1
2026-03-03,600036,11:06:02,39.3200,507,1
2026-03-03,600036,11:06:06,39.3200,1076,1
2026-03-03,600036,11:06:09,39.3400,1512,1
2026-03-03,600036,11:06:11,39.3400,235,1
2026-03-03,600036,11:06:14,39.3300,52,2
2026-03-03,600036,11:06:17,39.3300,399,2
2026-03-03,600036,11:06:20,39.3300,25,2
2026-03-03,600036,11:06:23,39.3400,91,1
2026-03-03,600036,11:06:26,39.3400,64,1
2026-03-03,600036,11:06:29,39.3300,25,2
2026-03-03,600036,11:06:32,39.3300,8,2
2026-03-03,600036,11:06:35,39.3300,115,2
2026-03-03,600036,11:06:39,39.3300,35,2
2026-03-03,600036,11:06:41,39.3300,504,2
2026-03-03,600036,11:06:44,39.3300,34,2
2026-03-03,600036,11:06:47,39.3400,150,1
2026-03-03,600036,11:06:50,39.3300,63,1
2026-03-03,600036,11:06:53,39.3300,1290,1
2026-03-03,600036,11:06:56,39.3400,157,4
2026-03-03,600036,11:06:59,39.3400,136,1
2026-03-03,600036,11:07:02,39.3300,332,2
2026-03-03,600036,11:07:05,39.3300,71,2
2026-03-03,600036,11:07:08,39.3400,109,1
2026-03-03,600036,11:07:11,39.3300,128,2
2026-03-03,600036,11:07:14,39.3400,16,1
2026-03-03,600036,11:07:17,39.3300,56,2
2026-03-03,600036,11:07:20,39.3300,109,2
2026-03-03,600036,11:07:23,39.3400,63,1
2026-03-03,600036,11:07:26,39.3300,141,2
2026-03-03,600036,11:07:29,39.3500,261,1
2026-03-03,600036,11:07:32,39.3400,157,2
2026-03-03,600036,11:07:35,39.3500,95,1
2026-03-03,600036,11:07:39,39.3400,386,2
2026-03-03,600036,11:07:41,39.3500,544,1
2026-03-03,600036,11:07:44,39.3400,231,2
2026-03-03,600036,11:07:47,39.3500,47,1
2026-03-03,600036,11:07:50,39.3500,31,1
2026-03-03,600036,11:07:53,39.3500,8,1
2026-03-03,600036,11:07:56,39.3400,126,2
2026-03-03,600036,11:07:59,39.3500,93,1
2026-03-03,600036,11:08:02,39.3400,360,2
2026-03-03,600036,11:08:05,39.3500,87,1
2026-03-03,600036,11:08:09,39.3500,182,1
2026-03-03,600036,11:08:11,39.3500,1154,1
2026-03-03,600036,11:08:14,39.3500,121,2
2026-03-03,600036,11:08:17,39.3500,116,2
2026-03-03,600036,11:08:20,39.3600,197,1
2026-03-03,600036,11:08:23,39.3500,101,2
2026-03-03,600036,11:08:26,39.3500,23,2
2026-03-03,600036,11:08:29,39.3500,88,1
2026-03-03,600036,11:08:32,39.3500,31,2
2026-03-03,600036,11:08:35,39.3500,31,1
2026-03-03,600036,11:08:38,39.3500,268,1
2026-03-03,600036,11:08:41,39.3500,111,1
2026-03-03,600036,11:08:44,39.3400,33,2
2026-03-03,600036,11:08:47,39.3500,8,1
2026-03-03,600036,11:08:50,39.3400,17,2
2026-03-03,600036,11:08:54,39.3400,143,2
2026-03-03,600036,11:08:56,39.3500,493,1
2026-03-03,600036,11:08:59,39.3400,57,2
2026-03-03,600036,11:09:02,39.3400,423,2
2026-03-03,600036,11:09:05,39.3500,317,1
2026-03-03,600036,11:09:08,39.3600,3283,1
2026-03-03,600036,11:09:11,39.3600,318,2
2026-03-03,600036,11:09:14,39.3600,394,1
2026-03-03,600036,11:09:17,39.3600,87,2
2026-03-03,600036,11:09:20,39.3700,134,1
2026-03-03,600036,11:09:23,39.3600,232,2
2026-03-03,600036,11:09:26,39.3600,98,2
2026-03-03,600036,11:09:29,39.3600,25,1
2026-03-03,600036,11:09:32,39.3600,45,1
2026-03-03,600036,11:09:35,39.3600,78,2
2026-03-03,600036,11:09:38,39.3700,162,1
2026-03-03,600036,11:09:41,39.3700,49,1
2026-03-03,600036,11:09:44,39.3700,19,1
2026-03-03,600036,11:09:47,39.3600,38,2
2026-03-03,600036,11:09:51,39.3700,37,1
2026-03-03,600036,11:09:53,39.3600,63,2
2026-03-03,600036,11:09:56,39.3500,498,2
2026-03-03,600036,11:09:59,39.3600,256,1
2026-03-03,600036,11:10:02,39.3500,276,2
2026-03-03,600036,11:10:05,39.3600,281,1
2026-03-03,600036,11:10:08,39.3600,104,1
2026-03-03,600036,11:10:11,39.3600,183,1
2026-03-03,600036,11:10:14,39.3600,130,1
2026-03-03,600036,11:10:17,39.3600,87,1
2026-03-03,600036,11:10:20,39.3600,147,1
2026-03-03,600036,11:10:23,39.3500,41,2
2026-03-03,600036,11:10:26,39.3600,572,1
2026-03-03,600036,11:10:30,39.3500,93,2
2026-03-03,600036,11:10:32,39.3500,382,2
2026-03-03,600036,11:10:35,39.3600,195,4
2026-03-03,600036,11:10:38,39.3600,149,2
2026-03-03,600036,11:10:41,39.3600,55,2
2026-03-03,600036,11:10:44,39.3600,119,1
2026-03-03,600036,11:10:47,39.3500,58,2
2026-03-03,600036,11:10:51,39.3600,22,1
2026-03-03,600036,11:10:53,39.3500,62,2
2026-03-03,600036,11:10:56,39.3600,337,1
2026-03-03,600036,11:10:59,39.3500,50,2
2026-03-03,600036,11:11:02,39.3600,118,1
2026-03-03,600036,11:11:05,39.3500,79,2
2026-03-03,600036,11:11:09,39.3500,7,2
2026-03-03,600036,11:11:11,39.3600,98,1
2026-03-03,600036,11:11:14,39.3500,53,2
2026-03-03,600036,11:11:17,39.3500,16,2
2026-03-03,600036,11:11:20,39.3500,74,2
2026-03-03,600036,11:11:23,39.3500,251,2
2026-03-03,600036,11:11:26,39.3500,104,2
2026-03-03,600036,11:11:29,39.3600,56,1
2026-03-03,600036,11:11:32,39.3500,133,2
2026-03-03,600036,11:11:35,39.3400,117,2
2026-03-03,600036,11:11:38,39.3500,20,1
2026-03-03,600036,11:11:41,39.3400,15,2
2026-03-03,600036,11:11:44,39.3500,78,1
2026-03-03,600036,11:11:47,39.3500,18,1
2026-03-03,600036,11:11:50,39.3500,24,1
2026-03-03,600036,11:11:54,39.3500,411,1
2026-03-03,600036,11:11:56,39.3400,226,2
2026-03-03,600036,11:11:59,39.3500,34,1
2026-03-03,600036,11:12:02,39.3400,172,2
2026-03-03,600036,11:12:06,39.3500,111,1
2026-03-03,600036,11:12:08,39.3400,348,2
2026-03-03,600036,11:12:11,39.3400,34,2
2026-03-03,600036,11:12:14,39.3400,77,2
2026-03-03,600036,11:12:17,39.3400,253,2
2026-03-03,600036,11:12:21,39.3500,104,1
2026-03-03,600036,11:12:23,39.3500,186,1
2026-03-03,600036,11:12:27,39.3400,58,2
2026-03-03,600036,11:12:29,39.3500,163,1
2026-03-03,600036,11:12:32,39.3500,462,1
2026-03-03,600036,11:12:35,39.3500,227,1
2026-03-03,600036,11:12:38,39.3400,121,2
2026-03-03,600036,11:12:41,39.3500,77,1
2026-03-03,600036,11:12:44,39.3400,39,2
2026-03-03,600036,11:12:47,39.3400,30,2
2026-03-03,600036,11:12:50,39.3400,19,2
2026-03-03,600036,11:12:53,39.3400,69,2
2026-03-03,600036,11:12:57,39.3400,82,2
2026-03-03,600036,11:13:00,39.3500,44,1
2026-03-03,600036,11:13:02,39.3400,491,2
2026-03-03,600036,11:13:05,39.3400,90,2
2026-03-03,600036,11:13:08,39.3500,98,1
2026-03-03,600036,11:13:11,39.3400,190,2
2026-03-03,600036,11:13:14,39.3400,294,2
2026-03-03,600036,11:13:17,39.3400,48,2
2026-03-03,600036,11:13:20,39.3400,23,2
2026-03-03,600036,11:13:23,39.3400,42,2
2026-03-03,600036,11:13:26,39.3400,35,2
2026-03-03,600036,11:13:29,39.3500,275,1
2026-03-03,600036,11:13:32,39.3400,165,2
2026-03-03,600036,11:13:35,39.3400,74,2
2026-03-03,600036,11:13:38,39.3500,197,1
2026-03-03,600036,11:13:41,39.3400,45,2
2026-03-03,600036,11:13:44,39.3500,89,1
2026-03-03,600036,11:13:47,39.3400,201,2
2026-03-03,600036,11:13:51,39.3400,108,1
2026-03-03,600036,11:13:53,39.3400,174,1
2026-03-03,600036,11:13:56,39.3400,91,2
2026-03-03,600036,11:13:59,39.3400,162,2
2026-03-03,600036,11:14:02,39.3500,210,1
2026-03-03,600036,11:14:05,39.3500,93,1
2026-03-03,600036,11:14:08,39.3400,873,2
2026-03-03,600036,11:14:12,39.3500,66,1
2026-03-03,600036,11:14:14,39.3500,51,1
2026-03-03,600036,11:14:17,39.3500,40,1
2026-03-03,600036,11:14:20,39.3400,61,2
2026-03-03,600036,11:14:23,39.3400,95,2
2026-03-03,600036,11:14:26,39.3400,264,1
2026-03-03,600036,11:14:29,39.3400,26,1
2026-03-03,600036,11:14:32,39.3300,26,2
2026-03-03,600036,11:14:35,39.3300,92,2
2026-03-03,600036,11:14:39,39.3300,170,2
2026-03-03,600036,11:14:41,39.3400,60,1
2026-03-03,600036,11:14:44,39.3300,309,2
2026-03-03,600036,11:14:47,39.3300,64,1
2026-03-03,600036,11:14:50,39.3300,184,1
2026-03-03,600036,11:14:53,39.3200,67,2
2026-03-03,600036,11:14:56,39.3200,421,2
2026-03-03,600036,11:14:59,39.3200,90,2
2026-03-03,600036,11:15:02,39.3100,219,2
2026-03-03,600036,11:15:05,39.3200,222,1
2026-03-03,600036,11:15:08,39.3300,153,1
2026-03-03,600036,11:15:11,39.3300,418,1
2026-03-03,600036,11:15:14,39.3200,68,2
2026-03-03,600036,11:15:17,39.3300,21,1
2026-03-03,600036,11:15:20,39.3300,73,1
2026-03-03,600036,11:15:23,39.3300,178,2
2026-03-03,600036,11:15:26,39.3300,28,1
2026-03-03,600036,11:15:30,39.3200,162,2
2026-03-03,600036,11:15:32,39.3200,34,2
2026-03-03,600036,11:15:35,39.3200,63,2
2026-03-03,600036,11:15:38,39.3300,342,1
2026-03-03,600036,11:15:41,39.3200,80,2
2026-03-03,600036,11:15:44,39.3200,14,2
2026-03-03,600036,11:15:47,39.3100,42,2
2026-03-03,600036,11:15:50,39.3200,29,1
2026-03-03,600036,11:15:53,39.3100,48,2
2026-03-03,600036,11:15:56,39.3200,99,1
2026-03-03,600036,11:15:59,39.3200,55,1
2026-03-03,600036,11:16:02,39.3200,196,1
2026-03-03,600036,11:16:05,39.3300,172,1
2026-03-03,600036,11:16:08,39.3200,77,2
2026-03-03,600036,11:16:11,39.3300,144,1
2026-03-03,600036,11:16:14,39.3200,178,2
2026-03-03,600036,11:16:17,39.3300,123,1
2026-03-03,600036,11:16:20,39.3400,31,1
2026-03-03,600036,11:16:23,39.3400,147,1
2026-03-03,600036,11:16:26,39.3400,138,1
2026-03-03,600036,11:16:29,39.3400,70,1
2026-03-03,600036,11:16:33,39.3300,23,2
2026-03-03,600036,11:16:35,39.3300,25,2
2026-03-03,600036,11:16:38,39.3300,467,2
2026-03-03,600036,11:16:41,39.3300,173,1
2026-03-03,600036,11:16:44,39.3200,141,2
2026-03-03,600036,11:16:48,39.3200,96,2
2026-03-03,600036,11:16:51,39.3200,533,2
2026-03-03,600036,11:16:54,39.3200,55,2
2026-03-03,600036,11:16:56,39.3200,160,2
2026-03-03,600036,11:16:59,39.3100,170,2
2026-03-03,600036,11:17:02,39.3200,147,1
2026-03-03,600036,11:17:05,39.3200,247,1
2026-03-03,600036,11:17:08,39.3200,109,1
2026-03-03,600036,11:17:11,39.3100,139,2
2026-03-03,600036,11:17:14,39.3200,28,1
2026-03-03,600036,11:17:17,39.3200,56,1
2026-03-03,600036,11:17:20,39.3100,89,2
2026-03-03,600036,11:17:23,39.3200,3,1
2026-03-03,600036,11:17:26,39.3200,357,2
2026-03-03,600036,11:17:29,39.3200,113,2
2026-03-03,600036,11:17:32,39.3200,52,4
2026-03-03,600036,11:17:35,39.3200,232,1
2026-03-03,600036,11:17:39,39.3200,132,1
2026-03-03,600036,11:17:41,39.3100,91,2
2026-03-03,600036,11:17:44,39.3200,138,4
2026-03-03,600036,11:17:47,39.3200,11,1
2026-03-03,600036,11:17:50,39.3100,67,2
2026-03-03,600036,11:17:53,39.3100,13,2
2026-03-03,600036,11:17:57,39.3100,35,2
2026-03-03,600036,11:17:59,39.3200,4,1
2026-03-03,600036,11:18:02,39.3200,136,1
2026-03-03,600036,11:18:05,39.3100,30,2
2026-03-03,600036,11:18:08,39.3200,18,1
2026-03-03,600036,11:18:11,39.3200,165,1
2026-03-03,600036,11:18:14,39.3100,344,2
2026-03-03,600036,11:18:17,39.3100,111,2
2026-03-03,600036,11:18:20,39.3000,20,2
2026-03-03,600036,11:18:24,39.3100,50,1
2026-03-03,600036,11:18:26,39.3000,28,2
2026-03-03,600036,11:18:29,39.3100,98,1
2026-03-03,600036,11:18:32,39.3100,93,1
2026-03-03,600036,11:18:35,39.3100,302,1
2026-03-03,600036,11:18:38,39.3100,412,2
2026-03-03,600036,11:18:41,39.3100,57,2
2026-03-03,600036,11:18:44,39.3100,85,2
2026-03-03,600036,11:18:47,39.3100,201,2
2026-03-03,600036,11:18:50,39.3100,62,1
2026-03-03,600036,11:18:53,39.3100,23,1
2026-03-03,600036,11:18:56,39.3100,88,1
2026-03-03,600036,11:18:59,39.3000,90,2
2026-03-03,600036,11:19:02,39.3100,106,1
2026-03-03,600036,11:19:05,39.3100,30,1
2026-03-03,600036,11:19:08,39.3000,280,2
2026-03-03,600036,11:19:11,39.3000,15,2
2026-03-03,600036,11:19:14,39.3000,166,2
2026-03-03,600036,11:19:17,39.3100,92,1
2026-03-03,600036,11:19:20,39.3000,69,2
2026-03-03,600036,11:19:23,39.3100,56,1
2026-03-03,600036,11:19:26,39.3000,103,2
2026-03-03,600036,11:19:30,39.3000,88,2
2026-03-03,600036,11:19:33,39.3000,73,2
2026-03-03,600036,11:19:35,39.3100,363,1
2026-03-03,600036,11:19:38,39.3100,195,1
2026-03-03,600036,11:19:41,39.3000,9,2
2026-03-03,600036,11:19:45,39.3100,11,1
2026-03-03,600036,11:19:47,39.3000,101,2
2026-03-03,600036,11:19:50,39.3000,11,2
2026-03-03,600036,11:19:53,39.3100,57,1
2026-03-03,600036,11:19:57,39.3000,231,2
2026-03-03,600036,11:19:59,39.3000,28,2
2026-03-03,600036,11:20:02,39.3100,328,1
2026-03-03,600036,11:20:05,39.3200,253,1
