date,code,time,price,volume,bs
2026-05-11,600036,14:07:06,37.9300,113,2
2026-05-11,600036,14:07:09,37.9300,249,2
2026-05-11,600036,14:07:12,37.9300,160,2
2026-05-11,600036,14:07:15,37.9300,743,2
2026-05-11,600036,14:07:18,37.9300,236,2
2026-05-11,600036,14:07:21,37.9300,286,2
2026-05-11,600036,14:07:24,37.9300,121,2
2026-05-11,600036,14:07:27,37.9300,67,2
2026-05-11,600036,14:07:30,37.9300,31,2
2026-05-11,600036,14:07:33,37.9400,21,1
2026-05-11,600036,14:07:36,37.9400,63,1
2026-05-11,600036,14:07:39,37.9300,51,2
2026-05-11,600036,14:07:42,37.9300,24,2
2026-05-11,600036,14:07:45,37.9300,28,2
2026-05-11,600036,14:07:48,37.9300,121,2
2026-05-11,600036,14:07:51,37.9400,103,1
2026-05-11,600036,14:07:54,37.9300,34,2
2026-05-11,600036,14:07:57,37.9400,64,1
2026-05-11,600036,14:08:00,37.9300,44,2
2026-05-11,600036,14:08:03,37.9300,68,2
2026-05-11,600036,14:08:06,37.9400,455,1
2026-05-11,600036,14:08:09,37.9400,1529,1
2026-05-11,600036,14:08:12,37.9400,301,2
2026-05-11,600036,14:08:15,37.9500,243,1
2026-05-11,600036,14:08:18,37.9400,271,2
2026-05-11,600036,14:08:21,37.9500,139,1
2026-05-11,600036,14:08:24,37.9400,57,2
2026-05-11,600036,14:08:27,37.9500,571,1
2026-05-11,600036,14:08:30,37.9500,242,1
2026-05-11,600036,14:08:33,37.9400,218,4
2026-05-11,600036,14:08:36,37.9400,504,1
2026-05-11,600036,14:08:39,37.9400,179,2
2026-05-11,600036,14:08:42,37.9400,73,2
2026-05-11,600036,14:08:45,37.9500,171,1
2026-05-11,600036,14:08:48,37.9400,191,2
2026-05-11,600036,14:08:51,37.9400,121,2
2026-05-11,600036,14:08:54,37.9400,112,2
2026-05-11,600036,14:08:57,37.9500,29,1
2026-05-11,600036,14:09:00,37.9500,35,1
2026-05-11,600036,14:09:03,37.9400,322,2
2026-05-11,600036,14:09:06,37.9500,151,1
2026-05-11,600036,14:09:09,37.9400,59,2
2026-05-11,600036,14:09:12,37.9500,155,1
2026-05-11,600036,14:09:15,37.9400,43,2
2026-05-11,600036,14:09:18,37.9400,317,2
2026-05-11,600036,14:09:21,37.9500,113,1
2026-05-11,600036,14:09:24,37.9400,167,2
2026-05-11,600036,14:09:27,37.9400,179,2
2026-05-11,600036,14:09:30,37.9500,25,1
2026-05-11,600036,14:09:33,37.9400,16,2
2026-05-11,600036,14:09:36,37.9400,57,2
2026-05-11,600036,14:09:39,37.9400,182,2
2026-05-11,600036,14:09:42,37.9400,29,1
2026-05-11,600036,14:09:45,37.9400,116,1
2026-05-11,600036,14:09:48,37.9400,126,1
2026-05-11,600036,14:09:51,37.9400,21,1
2026-05-11,600036,14:09:54,37.9300,120,2
2026-05-11,600036,14:09:57,37.9300,52,2
2026-05-11,600036,14:10:00,37.9400,105,1
2026-05-11,600036,14:10:03,37.9400,339,1
2026-05-11,600036,14:10:06,37.9300,107,2
2026-05-11,600036,14:10:09,37.9400,70,1
2026-05-11,600036,14:10:12,37.9300,291,2
2026-05-11,600036,14:10:15,37.9300,68,2
2026-05-11,600036,14:10:18,37.9300,511,2
2026-05-11,600036,14:10:21,37.9400,68,1
2026-05-11,600036,14:10:24,37.9300,44,2
2026-05-11,600036,14:10:27,37.9300,41,2
2026-05-11,600036,14:10:30,37.9400,52,1
2026-05-11,600036,14:10:33,37.9300,25,2
2026-05-11,600036,14:10:36,37.9400,74,1
2026-05-11,600036,14:10:39,37.9400,44,1
2026-05-11,600036,14:10:42,37.9300,60,2
2026-05-11,600036,14:10:45,37.9300,41,2
2026-05-11,600036,14:10:48,37.9300,182,2
2026-05-11,600036,14:10:51,37.9400,165,1
2026-05-11,600036,14:10:54,37.9300,131,2
2026-05-11,600036,14:10:57,37.9300,136,2
2026-05-11,600036,14:11:00,37.9300,109,2
2026-05-11,600036,14:11:03,37.9500,2353,1
2026-05-11,600036,14:11:06,37.9400,306,2
2026-05-11,600036,14:11:09,37.9400,43,2
2026-05-11,600036,14:11:12,37.9400,169,2
2026-05-11,600036,14:11:15,37.9500,69,1
2026-05-11,600036,14:11:18,37.9500,108,1
2026-05-11,600036,14:11:21,37.9500,85,1
2026-05-11,600036,14:11:24,37.9400,144,2
2026-05-11,600036,14:11:27,37.9400,48,2
2026-05-11,600036,14:11:30,37.9400,113,2
2026-05-11,600036,14:11:33,37.9400,104,2
2026-05-11,600036,14:11:36,37.9400,443,2
2026-05-11,600036,14:11:39,37.9400,117,1
2026-05-11,600036,14:11:42,37.9400,139,1
2026-05-11,600036,14:11:45,37.9400,246,1
2026-05-11,600036,14:11:48,37.9400,120,2
2026-05-11,600036,14:11:51,37.9500,58,1
2026-05-11,600036,14:11:54,37.9500,5,1
2026-05-11,600036,14:11:57,37.9500,79,1
2026-05-11,600036,14:12:00,37.9500,278,1
2026-05-11,600036,14:12:03,37.9500,818,1
2026-05-11,600036,14:12:06,37.9500,199,2
2026-05-11,600036,14:12:09,37.9500,110,1
2026-05-11,600036,14:12:12,37.9500,73,1
2026-05-11,600036,14:12:15,37.9500,576,2
2026-05-11,600036,14:12:18,37.9500,145,2
2026-05-11,600036,14:12:21,37.9600,493,1
2026-05-11,600036,14:12:24,37.9500,453,2
2026-05-11,600036,14:12:27,37.9400,254,2
2026-05-11,600036,14:12:30,37.9400,105,2
2026-05-11,600036,14:12:33,37.9400,355,2
2026-05-11,600036,14:12:36,37.9400,292,2
2026-05-11,600036,14:12:39,37.9500,1283,1
2026-05-11,600036,14:12:42,37.9500,512,1
2026-05-11,600036,14:12:45,37.9400,202,2
2026-05-11,600036,14:12:48,37.9400,607,2
2026-05-11,600036,14:12:51,37.9500,166,1
2026-05-11,600036,14:12:54,37.9500,61,2
2026-05-11,600036,14:12:57,37.9500,104,2
2026-05-11,600036,14:13:00,37.9500,62,2
2026-05-11,600036,14:13:03,37.9500,36,1
2026-05-11,600036,14:13:06,37.9400,80,2
2026-05-11,600036,14:13:09,37.9400,80,2
2026-05-11,600036,14:13:12,37.9500,241,1
2026-05-11,600036,14:13:15,37.9400,51,2
2026-05-11,600036,14:13:18,37.9500,27,1
2026-05-11,600036,14:13:21,37.9500,40,1
2026-05-11,600036,14:13:24,37.9500,122,1
2026-05-11,600036,14:13:27,37.9300,239,2
2026-05-11,600036,14:13:30,37.9400,48,1
2026-05-11,600036,14:13:33,37.9400,333,1
2026-05-11,600036,14:13:36,37.9400,227,1
2026-05-11,600036,14:13:39,37.9500,166,1
2026-05-11,600036,14:13:42,37.9400,58,2
2026-05-11,600036,14:13:45,37.9400,39,2
2026-05-11,600036,14:13:48,37.9400,49,2
2026-05-11,600036,14:13:51,37.9500,154,1
2026-05-11,600036,14:13:54,37.9400,834,2
2026-05-11,600036,14:13:57,37.9400,91,1
2026-05-11,600036,14:14:00,37.9400,284,1
2026-05-11,600036,14:14:03,37.9400,271,1
2026-05-11,600036,14:14:06,37.9500,167,1
2026-05-11,600036,14:14:09,37.9400,154,2
2026-05-11,600036,14:14:12,37.9400,31,1
2026-05-11,600036,14:14:15,37.9400,158,2
2026-05-11,600036,14:14:18,37.9500,64,1
2026-05-11,600036,14:14:21,37.9400,153,2
2026-05-11,600036,14:14:24,37.9400,234,1
2026-05-11,600036,14:14:27,37.9400,28,2
2026-05-11,600036,14:14:30,37.9400,67,2
2026-05-11,600036,14:14:33,37.9500,23,1
2026-05-11,600036,14:14:36,37.9400,160,2
2026-05-11,600036,14:14:39,37.9500,84,1
2026-05-11,600036,14:14:42,37.9500,86,1
2026-05-11,600036,14:14:45,37.9400,29,2
2026-05-11,600036,14:14:48,37.9500,152,1
2026-05-11,600036,14:14:51,37.9500,7,1
2026-05-11,600036,14:14:54,37.9500,112,1
2026-05-11,600036,14:14:57,37.9500,102,1
2026-05-11,600036,14:15:00,37.9400,321,2
2026-05-11,600036,14:15:03,37.9400,246,2
2026-05-11,600036,14:15:06,37.9400,72,2
2026-05-11,600036,14:15:09,37.9400,201,2
2026-05-11,600036,14:15:12,37.9500,194,1
2026-05-11,600036,14:15:15,37.9400,294,2
2026-05-11,600036,14:15:18,37.9300,421,2
2026-05-11,600036,14:15:21,37.9300,546,2
2026-05-11,600036,14:15:24,37.9300,337,2
2026-05-11,600036,14:15:27,37.9500,201,1
2026-05-11,600036,14:15:30,37.9400,169,4
2026-05-11,600036,14:15:33,37.9400,158,1
2026-05-11,600036,14:15:36,37.9400,114,1
2026-05-11,600036,14:15:39,37.9400,76,2
2026-05-11,600036,14:15:42,37.9400,164,1
2026-05-11,600036,14:15:45,37.9500,393,1
2026-05-11,600036,14:15:48,37.9400,337,2
2026-05-11,600036,14:15:51,37.9500,271,1
2026-05-11,600036,14:15:54,37.9400,464,2
2026-05-11,600036,14:15:57,37.9500,85,1
2026-05-11,600036,14:16:00,37.9400,93,2
2026-05-11,600036,14:16:03,37.9300,112,2
2026-05-11,600036,14:16:06,37.9400,332,4
2026-05-11,600036,14:16:09,37.9400,184,2
2026-05-11,600036,14:16:12,37.9400,226,4
2026-05-11,600036,14:16:15,37.9500,407,1
2026-05-11,600036,14:16:18,37.9600,916,1
2026-05-11,600036,14:16:21,37.9600,530,1
2026-05-11,600036,14:16:24,37.9600,53,1
2026-05-11,600036,14:16:27,37.9500,136,2
2026-05-11,600036,14:16:30,37.9600,267,1
2026-05-11,600036,14:16:33,37.9500,348,2
2026-05-11,600036,14:16:36,37.9600,557,1
2026-05-11,600036,14:16:39,37.9600,102,1
2026-05-11,600036,14:16:42,37.9500,116,4
2026-05-11,600036,14:16:45,37.9500,390,1
2026-05-11,600036,14:16:48,37.9400,504,2
2026-05-11,600036,14:16:51,37.9300,224,2
2026-05-11,600036,14:16:54,37.9500,179,1
2026-05-11,600036,14:16:57,37.9500,482,2
2026-05-11,600036,14:17:00,37.9500,121,2
2026-05-11,600036,14:17:03,37.9500,119,2
2026-05-11,600036,14:17:06,37.9600,226,1
2026-05-11,600036,14:17:09,37.9500,284,4
2026-05-11,600036,14:17:12,37.9500,125,1
2026-05-11,600036,14:17:15,37.9500,140,1
2026-05-11,600036,14:17:18,37.9500,135,1
2026-05-11,600036,14:17:21,37.9400,268,2
2026-05-11,600036,14:17:24,37.9500,160,2
2026-05-11,600036,14:17:27,37.9600,94,1
2026-05-11,600036,14:17:30,37.9400,139,2
2026-05-11,600036,14:17:33,37.9400,172,2
2026-05-11,600036,14:17:36,37.9300,250,2
2026-05-11,600036,14:17:39,37.9400,337,1
2026-05-11,600036,14:17:42,37.9400,438,2
2026-05-11,600036,14:17:45,37.9500,252,1
2026-05-11,600036,14:17:48,37.9400,462,2
2026-05-11,600036,14:17:51,37.9300,267,2
2026-05-11,600036,14:17:54,37.9400,237,1
2026-05-11,600036,14:17:57,37.9400,145,2
2026-05-11,600036,14:18:00,37.9300,90,2
2026-05-11,600036,14:18:03,37.9300,147,2
2026-05-11,600036,14:18:06,37.9500,80,1
2026-05-11,600036,14:18:09,37.9500,44,1
2026-05-11,600036,14:18:12,37.9500,87,1
2026-05-11,600036,14:18:15,37.9400,180,2
2026-05-11,600036,14:18:18,37.9300,176,2
2026-05-11,600036,14:18:21,37.9400,131,1
2026-05-11,600036,14:18:24,37.9400,88,1
2026-05-11,600036,14:18:27,37.9300,131,2
2026-05-11,600036,14:18:30,37.9400,151,1
2026-05-11,600036,14:18:33,37.9400,162,1
2026-05-11,600036,14:18:36,37.9300,95,2
2026-05-11,600036,14:18:39,37.9400,35,4
2026-05-11,600036,14:18:42,37.9300,54,2
2026-05-11,600036,14:18:45,37.9300,252,2
2026-05-11,600036,14:18:48,37.9400,224,1
2026-05-11,600036,14:18:51,37.9400,145,1
2026-05-11,600036,14:18:54,37.9300,410,2
2026-05-11,600036,14:18:57,37.9400,45,1
2026-05-11,600036,14:19:00,37.9300,73,2
2026-05-11,600036,14:19:03,37.9300,76,2
2026-05-11,600036,14:19:06,37.9300,140,2
2026-05-11,600036,14:19:09,37.9300,238,2
2026-05-11,600036,14:19:12,37.9300,25,2
2026-05-11,600036,14:19:15,37.9300,51,2
2026-05-11,600036,14:19:18,37.9300,187,2
2026-05-11,600036,14:19:21,37.9300,107,2
2026-05-11,600036,14:19:24,37.9300,50,2
2026-05-11,600036,14:19:27,37.9300,40,2
2026-05-11,600036,14:19:30,37.9300,74,1
2026-05-11,600036,14:19:33,37.9200,113,2
2026-05-11,600036,14:19:36,37.9200,185,2
2026-05-11,600036,14:19:39,37.9200,148,2
2026-05-11,600036,14:19:42,37.9200,114,2
2026-05-11,600036,14:19:45,37.9200,101,2
2026-05-11,600036,14:19:48,37.9200,154,2
2026-05-11,600036,14:19:51,37.9100,589,2
2026-05-11,600036,14:19:54,37.9200,61,4
2026-05-11,600036,14:19:57,37.9200,253,1
2026-05-11,600036,14:20:00,37.9100,182,2
2026-05-11,600036,14:20:03,37.9100,1246,2
2026-05-11,600036,14:20:06,37.9100,132,1
2026-05-11,600036,14:20:09,37.9100,41,2
2026-05-11,600036,14:20:12,37.9100,173,2
2026-05-11,600036,14:20:15,37.9200,140,1
2026-05-11,600036,14:20:18,37.9100,234,2
2026-05-11,600036,14:20:21,37.9100,172,2
2026-05-11,600036,14:20:24,37.9100,129,2
2026-05-11,600036,14:20:27,37.9200,144,1
2026-05-11,600036,14:20:30,37.9100,179,2
2026-05-11,600036,14:20:33,37.9100,123,2
2026-05-11,600036,14:20:36,37.9100,45,2
2026-05-11,600036,14:20:39,37.9100,9,2
2026-05-11,600036,14:20:42,37.9100,135,2
2026-05-11,600036,14:20:45,37.9200,151,1
2026-05-11,600036,14:20:48,37.9100,183,2
2026-05-11,600036,14:20:51,37.9100,249,2
2026-05-11,600036,14:20:54,37.9100,84,1
2026-05-11,600036,14:20:57,37.9100,72,1
2026-05-11,600036,14:21:00,37.9000,64,2
2026-05-11,600036,14:21:03,37.9000,459,2
2026-05-11,600036,14:21:06,37.9100,12,4
2026-05-11,600036,14:21:09,37.9100,135,2
2026-05-11,600036,14:21:12,37.9000,64,2
2026-05-11,600036,14:21:15,37.9000,181,2
2026-05-11,600036,14:21:18,37.9000,206,2
2026-05-11,600036,14:21:21,37.9100,135,1
2026-05-11,600036,14:21:24,37.9000,178,2
2026-05-11,600036,14:21:27,37.9000,40,2
2026-05-11,600036,14:21:30,37.9100,208,1
2026-05-11,600036,14:21:33,37.9100,103,1
2026-05-11,600036,14:21:36,37.9000,341,2
2026-05-11,600036,14:21:39,37.9000,141,2
2026-05-11,600036,14:21:42,37.9000,117,2
2026-05-11,600036,14:21:45,37.9000,38,2
2026-05-11,600036,14:21:48,37.9000,26,2
2026-05-11,600036,14:21:51,37.9000,324,2
2026-05-11,600036,14:21:54,37.9100,88,1
2026-05-11,600036,14:21:57,37.9000,68,2
2026-05-11,600036,14:22:00,37.9000,76,2
2026-05-11,600036,14:22:03,37.9000,187,2
2026-05-11,600036,14:22:06,37.9100,123,1
2026-05-11,600036,14:22:09,37.9000,38,2
2026-05-11,600036,14:22:12,37.9000,29,2
2026-05-11,600036,14:22:15,37.9000,49,2
2026-05-11,600036,14:22:18,37.9000,197,2
2026-05-11,600036,14:22:21,37.9000,190,2
2026-05-11,600036,14:22:24,37.9000,75,2
2026-05-11,600036,14:22:27,37.9100,155,1
2026-05-11,600036,14:22:30,37.9000,5,2
2026-05-11,600036,14:22:33,37.9100,358,1
2026-05-11,600036,14:22:36,37.9000,100,2
2026-05-11,600036,14:22:39,37.9000,31,2
2026-05-11,600036,14:22:42,37.9100,65,1
2026-05-11,600036,14:22:45,37.9100,76,1
2026-05-11,600036,14:22:48,37.9000,69,2
2026-05-11,600036,14:22:51,37.9000,208,2
2026-05-11,600036,14:22:54,37.9000,155,2
2026-05-11,600036,14:22:57,37.9000,632,2
2026-05-11,600036,14:23:00,37.9000,40,2
2026-05-11,600036,14:23:03,37.9000,140,2
2026-05-11,600036,14:23:06,37.9000,79,2
2026-05-11,600036,14:23:09,37.9100,113,1
2026-05-11,600036,14:23:12,37.9000,18,2
2026-05-11,600036,14:23:15,37.9100,138,1
2026-05-11,600036,14:23:18,37.9000,251,2
2026-05-11,600036,14:23:21,37.9000,122,2
2026-05-11,600036,14:23:24,37.9100,52,1
2026-05-11,600036,14:23:27,37.9100,75,1
2026-05-11,600036,14:23:30,37.8900,201,2
2026-05-11,600036,14:23:33,37.8900,142,2
2026-05-11,600036,14:23:36,37.9000,257,1
2026-05-11,600036,14:23:39,37.9000,154,1
2026-05-11,600036,14:23:42,37.9000,370,1
2026-05-11,600036,14:23:45,37.8900,74,2
2026-05-11,600036,14:23:48,37.8900,165,2
2026-05-11,600036,14:23:51,37.9000,1426,1
2026-05-11,600036,14:23:54,37.9100,295,1
2026-05-11,600036,14:23:57,37.9100,77,1
2026-05-11,600036,14:24:00,37.9100,356,2
2026-05-11,600036,14:24:03,37.9200,378,1
2026-05-11,600036,14:24:06,37.9100,77,2
2026-05-11,600036,14:24:09,37.9100,13,2
2026-05-11,600036,14:24:12,37.9100,31,2
2026-05-11,600036,14:24:15,37.9100,49,2
2026-05-11,600036,14:24:18,37.9100,268,2
2026-05-11,600036,14:24:21,37.9100,454,2
2026-05-11,600036,14:24:24,37.9200,68,1
2026-05-11,600036,14:24:27,37.9200,82,1
2026-05-11,600036,14:24:30,37.9200,149,1
2026-05-11,600036,14:24:33,37.9100,72,2
2026-05-11,600036,14:24:36,37.9200,66,1
2026-05-11,600036,14:24:39,37.9200,178,1
2026-05-11,600036,14:24:42,37.9200,144,2
2026-05-11,600036,14:24:45,37.9200,32,2
2026-05-11,600036,14:24:48,37.9200,11,2
2026-05-11,600036,14:24:51,37.9200,34,2
2026-05-11,600036,14:24:54,37.9300,8,1
2026-05-11,600036,14:24:57,37.9300,17,1
2026-05-11,600036,14:25:00,37.9300,9,1
2026-05-11,600036,14:25:03,37.9300,29,1
2026-05-11,600036,14:25:06,37.9200,30,2
2026-05-11,600036,14:25:09,37.9200,136,2
2026-05-11,600036,14:25:12,37.9200,523,2
2026-05-11,600036,14:25:15,37.9300,410,1
2026-05-11,600036,14:25:18,37.9200,634,1
2026-05-11,600036,14:25:21,37.9200,66,2
2026-05-11,600036,14:25:24,37.9300,34,1
2026-05-11,600036,14:25:27,37.9200,71,2
2026-05-11,600036,14:25:30,37.9300,1,1
2026-05-11,600036,14:25:33,37.9200,166,2
2026-05-11,600036,14:25:36,37.9100,48,2
2026-05-11,600036,14:25:39,37.9200,28,1
2026-05-11,600036,14:25:42,37.9100,460,2
2026-05-11,600036,14:25:45,37.9100,39,2
2026-05-11,600036,14:25:48,37.9100,33,2
2026-05-11,600036,14:25:51,37.9000,18,2
2026-05-11,600036,14:25:54,37.9100,74,1
2026-05-11,600036,14:25:57,37.9200,61,1
2026-05-11,600036,14:26:00,37.9100,132,4
2026-05-11,600036,14:26:03,37.9100,151,1
2026-05-11,600036,14:26:06,37.9100,103,1
2026-05-11,600036,14:26:09,37.9100,330,1
2026-05-11,600036,14:26:12,37.9000,317,2
2026-05-11,600036,14:26:15,37.9000,73,2
2026-05-11,600036,14:26:18,37.9000,107,2
2026-05-11,600036,14:26:21,37.9000,175,2
2026-05-11,600036,14:26:24,37.9000,45,2
2026-05-11,600036,14:26:27,37.9000,91,2
2026-05-11,600036,14:26:30,37.9000,14,2
2026-05-11,600036,14:26:33,37.9000,105,2
2026-05-11,600036,14:26:36,37.9000,86,2
2026-05-11,600036,14:26:39,37.9000,112,2
2026-05-11,600036,14:26:42,37.9000,63,2
2026-05-11,600036,14:26:45,37.9000,185,2
2026-05-11,600036,14:26:48,37.9000,288,2
2026-05-11,600036,14:26:51,37.9000,26,2
2026-05-11,600036,14:26:54,37.9100,121,1
2026-05-11,600036,14:26:57,37.9000,54,2
2026-05-11,600036,14:27:00,37.8900,80,2
2026-05-11,600036,14:27:03,37.8900,189,2
2026-05-11,600036,14:27:06,37.9000,154,1
2026-05-11,600036,14:27:09,37.9100,1556,1
2026-05-11,600036,14:27:12,37.9000,556,2
2026-05-11,600036,14:27:15,37.9200,9,1
2026-05-11,600036,14:27:18,37.9200,55,1
2026-05-11,600036,14:27:21,37.9000,257,2
2026-05-11,600036,14:27:24,37.9000,33,2
2026-05-11,600036,14:27:27,37.9100,31,4
2026-05-11,600036,14:27:30,37.9200,118,1
2026-05-11,600036,14:27:33,37.9100,54,2
2026-05-11,600036,14:27:36,37.9200,19,1
2026-05-11,600036,14:27:39,37.9100,73,2
2026-05-11,600036,14:27:42,37.9200,96,1
2026-05-11,600036,14:27:45,37.9200,48,1
2026-05-11,600036,14:27:48,37.9000,849,2
2026-05-11,600036,14:27:51,37.9000,198,1
2026-05-11,600036,14:27:54,37.9000,95,2
2026-05-11,600036,14:27:57,37.9100,46,1
2026-05-11,600036,14:28:00,37.9000,125,2
2026-05-11,600036,14:28:03,37.8900,197,2
2026-05-11,600036,14:28:06,37.9000,89,4
2026-05-11,600036,14:28:09,37.9000,91,2
2026-05-11,600036,14:28:12,37.9000,87,2
2026-05-11,600036,14:28:15,37.9100,197,1
2026-05-11,600036,14:28:18,37.9000,75,2
2026-05-11,600036,14:28:21,37.9000,78,2
2026-05-11,600036,14:28:24,37.9000,67,2
2026-05-11,600036,14:28:27,37.9000,30,2
2026-05-11,600036,14:28:30,37.9000,228,2
2026-05-11,600036,14:28:33,37.8900,81,2
2026-05-11,600036,14:28:36,37.9000,59,1
2026-05-11,600036,14:28:39,37.9000,17,1
2026-05-11,600036,14:28:42,37.9000,281,1
2026-05-11,600036,14:28:45,37.8900,100,2
2026-05-11,600036,14:28:48,37.8900,109,2
2026-05-11,600036,14:28:51,37.8900,93,2
2026-05-11,600036,14:28:54,37.9000,125,1
2026-05-11,600036,14:28:57,37.9000,52,1
2026-05-11,600036,14:29:00,37.9000,190,1
2026-05-11,600036,14:29:03,37.8900,270,2
2026-05-11,600036,14:29:06,37.8900,41,2
2026-05-11,600036,14:29:09,37.9000,103,1
2026-05-11,600036,14:29:12,37.8800,196,2
2026-05-11,600036,14:29:15,37.9000,75,1
2026-05-11,600036,14:29:18,37.8900,48,2
2026-05-11,600036,14:29:21,37.8900,32,2
2026-05-11,600036,14:29:24,37.8900,43,2
2026-05-11,600036,14:29:27,37.8900,27,2
2026-05-11,600036,14:29:30,37.8900,383,2
2026-05-11,600036,14:29:33,37.8900,82,2
2026-05-11,600036,14:29:36,37.8900,43,2
2026-05-11,600036,14:29:39,37.8900,64,2
2026-05-11,600036,14:29:42,37.8900,174,2
2026-05-11,600036,14:29:45,37.8900,67,2
2026-05-11,600036,14:29:48,37.9000,87,1
2026-05-11,600036,14:29:51,37.8900,54,2
2026-05-11,600036,14:29:54,37.8900,29,2
2026-05-11,600036,14:29:57,37.8900,142,2
2026-05-11,600036,14:30:00,37.9000,322,1
2026-05-11,600036,14:30:03,37.9000,515,1
2026-05-11,600036,14:30:06,37.9000,221,1
2026-05-11,600036,14:30:09,37.9000,22,1
2026-05-11,600036,14:30:12,37.8900,144,2
2026-05-11,600036,14:30:15,37.9000,74,1
2026-05-11,600036,14:30:18,37.8900,39,2
2026-05-11,600036,14:30:21,37.9000,179,1
2026-05-11,600036,14:30:24,37.9000,135,1
2026-05-11,600036,14:30:27,37.9000,109,1
2026-05-11,600036,14:30:30,37.8900,218,2
2026-05-11,600036,14:30:33,37.9000,211,1
2026-05-11,600036,14:30:36,37.9000,49,1
2026-05-11,600036,14:30:39,37.9000,14,1
2026-05-11,600036,14:30:42,37.9000,154,1
2026-05-11,600036,14:30:45,37.9000,55,1
2026-05-11,600036,14:30:48,37.8900,10,2
2026-05-11,600036,14:30:51,37.8900,414,2
2026-05-11,600036,14:30:54,37.9000,43,1
2026-05-11,600036,14:30:57,37.9000,68,1
2026-05-11,600036,14:31:00,37.8900,663,2
2026-05-11,600036,14:31:03,37.9000,134,1
2026-05-11,600036,14:31:06,37.9000,2286,1
2026-05-11,600036,14:31:09,37.9000,27,2
2026-05-11,600036,14:31:12,37.9000,166,2
2026-05-11,600036,14:31:15,37.9100,52,1
2026-05-11,600036,14:31:18,37.9000,34,2
2026-05-11,600036,14:31:21,37.9000,45,2
2026-05-11,600036,14:31:24,37.9000,116,2
2026-05-11,600036,14:31:27,37.9000,183,2
2026-05-11,600036,14:31:30,37.9100,34,1
2026-05-11,600036,14:31:33,37.9100,92,1
2026-05-11,600036,14:31:36,37.9000,45,2
2026-05-11,600036,14:31:39,37.9000,26,2
2026-05-11,600036,14:31:42,37.9000,39,2
2026-05-11,600036,14:31:45,37.9000,156,2
2026-05-11,600036,14:31:48,37.9100,15,1
2026-05-11,600036,14:31:51,37.9100,22,1
2026-05-11,600036,14:31:54,37.9100,22,1
2026-05-11,600036,14:31:57,37.9100,18,1
2026-05-11,600036,14:32:00,37.9100,29,1
2026-05-11,600036,14:32:03,37.9100,72,1
2026-05-11,600036,14:32:06,37.9100,37,1
2026-05-11,600036,14:32:09,37.9100,32,1
2026-05-11,600036,14:32:12,37.9000,48,2
2026-05-11,600036,14:32:15,37.9000,67,2
2026-05-11,600036,14:32:18,37.9100,10,1
2026-05-11,600036,14:32:21,37.9100,52,1
2026-05-11,600036,14:32:24,37.9100,211,1
2026-05-11,600036,14:32:27,37.9000,33,2
2026-05-11,600036,14:32:30,37.9100,64,1
2026-05-11,600036,14:32:33,37.9100,202,1
2026-05-11,600036,14:32:36,37.9000,352,2
2026-05-11,600036,14:32:39,37.9100,573,1
2026-05-11,600036,14:32:42,37.9200,117,1
2026-05-11,600036,14:32:45,37.9100,28,2
2026-05-11,600036,14:32:48,37.9200,10,1
2026-05-11,600036,14:32:51,37.9100,29,2
2026-05-11,600036,14:32:54,37.9200,22,1
2026-05-11,600036,14:32:57,37.9200,23,1
2026-05-11,600036,14:33:00,37.9200,90,1
2026-05-11,600036,14:33:03,37.9200,84,1
2026-05-11,600036,14:33:06,37.9200,91,1
2026-05-11,600036,14:33:09,37.9200,101,1
2026-05-11,600036,14:33:12,37.9200,117,1
2026-05-11,600036,14:33:15,37.9200,140,1
2026-05-11,600036,14:33:18,37.9100,215,2
2026-05-11,600036,14:33:21,37.9100,141,2
2026-05-11,600036,14:33:24,37.9200,123,1
2026-05-11,600036,14:33:27,37.9100,93,2
2026-05-11,600036,14:33:30,37.9100,302,2
2026-05-11,600036,14:33:33,37.9100,133,2
2026-05-11,600036,14:33:36,37.9100,225,2
2026-05-11,600036,14:33:39,37.9100,221,2
2026-05-11,600036,14:33:42,37.9100,154,2
2026-05-11,600036,14:33:45,37.9100,108,2
2026-05-11,600036,14:33:48,37.9000,414,2
2026-05-11,600036,14:33:51,37.9000,95,2
2026-05-11,600036,14:33:54,37.9000,116,2
2026-05-11,600036,14:33:57,37.9000,171,2
2026-05-11,600036,14:34:00,37.9000,146,2
2026-05-11,600036,14:34:03,37.9000,58,2
2026-05-11,600036,14:34:06,37.9100,85,1
2026-05-11,600036,14:34:09,37.9000,133,2
2026-05-11,600036,14:34:12,37.9000,234,2
2026-05-11,600036,14:34:15,37.9100,102,1
2026-05-11,600036,14:34:18,37.9000,712,2
2026-05-11,600036,14:34:21,37.9000,154,2
2026-05-11,600036,14:34:24,37.9000,133,2
2026-05-11,600036,14:34:27,37.9000,98,2
2026-05-11,600036,14:34:30,37.9000,171,2
2026-05-11,600036,14:34:33,37.9000,75,2
2026-05-11,600036,14:34:36,37.9000,7,2
2026-05-11,600036,14:34:39,37.9000,335,2
2026-05-11,600036,14:34:42,37.9000,186,2
2026-05-11,600036,14:34:45,37.9000,103,2
2026-05-11,600036,14:34:48,37.9000,244,2
2026-05-11,600036,14:34:51,37.9000,116,2
2026-05-11,600036,14:34:54,37.8900,239,2
2026-05-11,600036,14:34:57,37.9000,31,2
2026-05-11,600036,14:35:00,37.9000,46,2
2026-05-11,600036,14:35:03,37.9000,53,2
2026-05-11,600036,14:35:06,37.9000,37,2
2026-05-11,600036,14:35:09,37.9000,177,2
2026-05-11,600036,14:35:12,37.9000,53,2
2026-05-11,600036,14:35:15,37.8900,135,2
2026-05-11,600036,14:35:18,37.8900,119,2
2026-05-11,600036,14:35:21,37.9000,190,1
2026-05-11,600036,14:35:24,37.9100,31,1
2026-05-11,600036,14:35:27,37.8900,93,2
2026-05-11,600036,14:35:30,37.9000,267,4
2026-05-11,600036,14:35:33,37.8900,313,2
2026-05-11,600036,14:35:36,37.9000,138,1
2026-05-11,600036,14:35:39,37.9100,219,1
2026-05-11,600036,14:35:42,37.9000,243,2
2026-05-11,600036,14:35:45,37.9100,65,1
2026-05-11,600036,14:35:48,37.9100,123,1
2026-05-11,600036,14:35:51,37.9000,46,2
2026-05-11,600036,14:35:54,37.9200,2060,1
2026-05-11,600036,14:35:57,37.9200,104,2
2026-05-11,600036,14:36:00,37.9200,15,2
2026-05-11,600036,14:36:03,37.9200,45,2
2026-05-11,600036,14:36:06,37.9300,65,1
2026-05-11,600036,14:36:09,37.9200,62,2
2026-05-11,600036,14:36:12,37.9200,46,2
2026-05-11,600036,14:36:15,37.9300,46,1
2026-05-11,600036,14:36:18,37.9100,43,2
2026-05-11,600036,14:36:21,37.9200,103,1
2026-05-11,600036,14:36:24,37.9200,187,1
2026-05-11,600036,14:36:27,37.9200,100,2
2026-05-11,600036,14:36:30,37.9200,294,2
2026-05-11,600036,14:36:33,37.9200,151,2
2026-05-11,600036,14:36:36,37.9100,77,2
2026-05-11,600036,14:36:39,37.9100,103,2
2026-05-11,600036,14:36:42,37.9100,261,2
2026-05-11,600036,14:36:45,37.9100,79,2
2026-05-11,600036,14:36:48,37.9000,205,2
2026-05-11,600036,14:36:51,37.9100,64,4
2026-05-11,600036,14:36:54,37.9100,28,2
2026-05-11,600036,14:36:57,37.9100,92,2
2026-05-11,600036,14:37:00,37.9100,90,2
2026-05-11,600036,14:37:03,37.9000,74,2
2026-05-11,600036,14:37:06,37.9100,444,1
2026-05-11,600036,14:37:09,37.9000,48,2
2026-05-11,600036,14:37:12,37.9000,160,2
2026-05-11,600036,14:37:15,37.8900,457,2
2026-05-11,600036,14:37:18,37.9000,128,1
2026-05-11,600036,14:37:21,37.8900,685,2
2026-05-11,600036,14:37:24,37.8900,70,2
2026-05-11,600036,14:37:27,37.8900,30,2
2026-05-11,600036,14:37:30,37.8900,67,2
2026-05-11,600036,14:37:33,37.9000,34,1
2026-05-11,600036,14:37:36,37.9000,109,1
2026-05-11,600036,14:37:39,37.8900,140,2
2026-05-11,600036,14:37:42,37.8900,154,2
2026-05-11,600036,14:37:45,37.8900,74,2
2026-05-11,600036,14:37:48,37.8900,190,2
2026-05-11,600036,14:37:51,37.9000,433,1
2026-05-11,600036,14:37:54,37.9000,254,1
2026-05-11,600036,14:37:57,37.8900,94,2
2026-05-11,600036,14:38:00,37.8900,83,2
2026-05-11,600036,14:38:03,37.9000,72,1
2026-05-11,600036,14:38:06,37.8900,45,2
2026-05-11,600036,14:38:09,37.8900,428,2
2026-05-11,600036,14:38:12,37.9000,73,1
2026-05-11,600036,14:38:15,37.8900,36,2
2026-05-11,600036,14:38:18,37.8900,19,2
2026-05-11,600036,14:38:21,37.8900,55,2
2026-05-11,600036,14:38:24,37.9000,14,1
2026-05-11,600036,14:38:27,37.8900,19,2
2026-05-11,600036,14:38:30,37.8900,37,2
2026-05-11,600036,14:38:33,37.9000,18,1
2026-05-11,600036,14:38:36,37.9000,67,1
2026-05-11,600036,14:38:39,37.9000,131,1
2026-05-11,600036,14:38:42,37.9000,120,1
2026-05-11,600036,14:38:45,37.8900,60,2
2026-05-11,600036,14:38:48,37.9000,218,1
2026-05-11,600036,14:38:51,37.8900,60,2
2026-05-11,600036,14:38:54,37.9000,155,1
2026-05-11,600036,14:38:57,37.8900,92,2
2026-05-11,600036,14:39:00,37.8900,229,2
2026-05-11,600036,14:39:03,37.8900,263,2
2026-05-11,600036,14:39:06,37.8800,270,2
2026-05-11,600036,14:39:09,37.8800,154,2
2026-05-11,600036,14:39:12,37.8800,697,2
2026-05-11,600036,14:39:15,37.8800,230,2
2026-05-11,600036,14:39:18,37.8900,127,1
2026-05-11,600036,14:39:21,37.8800,344,2
2026-05-11,600036,14:39:24,37.8900,122,1
2026-05-11,600036,14:39:27,37.8800,177,2
2026-05-11,600036,14:39:30,37.8800,94,2
2026-05-11,600036,14:39:33,37.8800,82,2
2026-05-11,600036,14:39:36,37.8800,49,2
2026-05-11,600036,14:39:39,37.8800,163,2
2026-05-11,600036,14:39:42,37.8800,102,2
2026-05-11,600036,14:39:45,37.8800,124,2
2026-05-11,600036,14:39:48,37.8800,266,2
2026-05-11,600036,14:39:51,37.8800,103,2
2026-05-11,600036,14:39:54,37.8800,100,2
2026-05-11,600036,14:39:57,37.8800,281,2
2026-05-11,600036,14:40:00,37.8800,206,2
2026-05-11,600036,14:40:03,37.8900,721,1
2026-05-11,600036,14:40:06,37.8800,311,2
2026-05-11,600036,14:40:09,37.8900,204,1
2026-05-11,600036,14:40:12,37.8800,68,2
2026-05-11,600036,14:40:15,37.8800,165,2
2026-05-11,600036,14:40:18,37.8900,81,1
2026-05-11,600036,14:40:21,37.8900,52,1
2026-05-11,600036,14:40:24,37.8900,227,1
2026-05-11,600036,14:40:27,37.8900,1802,1
2026-05-11,600036,14:40:30,37.9000,105,1
2026-05-11,600036,14:40:33,37.9000,50,1
2026-05-11,600036,14:40:36,37.9000,39,2
2026-05-11,600036,14:40:39,37.9000,108,2
2026-05-11,600036,14:40:42,37.9100,214,1
2026-05-11,600036,14:40:45,37.9000,40,2
2026-05-11,600036,14:40:48,37.9000,105,2
2026-05-11,600036,14:40:51,37.9000,143,2
2026-05-11,600036,14:40:54,37.9000,97,2
2026-05-11,600036,14:40:57,37.9000,65,2
2026-05-11,600036,14:41:00,37.9000,94,2
2026-05-11,600036,14:41:03,37.9000,164,2
2026-05-11,600036,14:41:06,37.9000,129,2
2026-05-11,600036,14:41:09,37.8900,215,2
2026-05-11,600036,14:41:12,37.8900,229,2
2026-05-11,600036,14:41:15,37.8900,409,2
2026-05-11,600036,14:41:18,37.8900,326,2
2026-05-11,600036,14:41:21,37.9000,438,1
2026-05-11,600036,14:41:24,37.9000,286,1
2026-05-11,600036,14:41:27,37.9000,55,1
2026-05-11,600036,14:41:30,37.8800,143,2
2026-05-11,600036,14:41:33,37.8900,60,1
2026-05-11,600036,14:41:36,37.8900,60,1
2026-05-11,600036,14:41:39,37.8800,141,2
2026-05-11,600036,14:41:42,37.8900,328,1
2026-05-11,600036,14:41:45,37.8800,206,2
2026-05-11,600036,14:41:48,37.8800,3587,2
2026-05-11,600036,14:41:51,37.8900,289,1
2026-05-11,600036,14:41:54,37.8800,71,2
2026-05-11,600036,14:41:57,37.8900,220,1
2026-05-11,600036,14:42:00,37.8800,159,2
2026-05-11,600036,14:42:03,37.8900,155,1
2026-05-11,600036,14:42:06,37.8800,75,2
2026-05-11,600036,14:42:09,37.8700,272,2
2026-05-11,600036,14:42:12,37.8800,463,1
2026-05-11,600036,14:42:15,37.8800,79,1
2026-05-11,600036,14:42:18,37.8800,126,1
2026-05-11,600036,14:42:21,37.8800,345,1
2026-05-11,600036,14:42:24,37.8800,176,2
2026-05-11,600036,14:42:27,37.8800,102,2
2026-05-11,600036,14:42:30,37.8800,242,2
2026-05-11,600036,14:42:33,37.8800,278,2
2026-05-11,600036,14:42:36,37.8700,58,2
2026-05-11,600036,14:42:39,37.8700,148,2
2026-05-11,600036,14:42:42,37.8700,148,2
2026-05-11,600036,14:42:45,37.8700,94,2
2026-05-11,600036,14:42:48,37.8700,81,2
2026-05-11,600036,14:42:51,37.8800,121,1
2026-05-11,600036,14:42:54,37.8800,71,1
2026-05-11,600036,14:42:57,37.8800,111,1
2026-05-11,600036,14:43:00,37.8700,277,2
2026-05-11,600036,14:43:03,37.8800,105,1
2026-05-11,600036,14:43:06,37.8800,96,1
2026-05-11,600036,14:43:09,37.8700,92,2
2026-05-11,600036,14:43:12,37.8800,144,1
2026-05-11,600036,14:43:15,37.8800,64,1
2026-05-11,600036,14:43:18,37.8800,148,1
2026-05-11,600036,14:43:21,37.8800,246,1
2026-05-11,600036,14:43:24,37.8800,24,1
2026-05-11,600036,14:43:27,37.8800,184,1
2026-05-11,600036,14:43:30,37.8800,148,1
2026-05-11,600036,14:43:33,37.8800,1999,1
2026-05-11,600036,14:43:36,37.9000,356,1
2026-05-11,600036,14:43:39,37.9000,84,2
2026-05-11,600036,14:43:42,37.8900,33,2
2026-05-11,600036,14:43:45,37.8800,50,2
2026-05-11,600036,14:43:48,37.8800,156,2
2026-05-11,600036,14:43:51,37.8900,621,1
2026-05-11,600036,14:43:54,37.8700,206,2
2026-05-11,600036,14:43:57,37.8700,81,2
2026-05-11,600036,14:44:00,37.8800,264,1
2026-05-11,600036,14:44:03,37.8800,107,1
2026-05-11,600036,14:44:06,37.8800,116,1
2026-05-11,600036,14:44:09,37.8800,467,1
2026-05-11,600036,14:44:12,37.8800,33,2
2026-05-11,600036,14:44:15,37.8900,96,1
2026-05-11,600036,14:44:18,37.8800,79,2
2026-05-11,600036,14:44:21,37.8900,67,1
2026-05-11,600036,14:44:24,37.8900,102,1
2026-05-11,600036,14:44:27,37.9000,50,1
2026-05-11,600036,14:44:30,37.9000,24,1
2026-05-11,600036,14:44:33,37.9000,63,1
2026-05-11,600036,14:44:36,37.8900,140,2
2026-05-11,600036,14:44:39,37.9000,39,1
2026-05-11,600036,14:44:42,37.8900,56,2
2026-05-11,600036,14:44:45,37.8900,97,2
2026-05-11,600036,14:44:48,37.8900,97,2
2026-05-11,600036,14:44:51,37.9000,68,1
2026-05-11,600036,14:44:54,37.9000,95,1
2026-05-11,600036,14:44:57,37.9000,83,1
2026-05-11,600036,14:45:00,37.8900,107,2
2026-05-11,600036,14:45:03,37.8900,105,2
2026-05-11,600036,14:45:06,37.8900,155,2
2026-05-11,600036,14:45:09,37.8800,721,2
2026-05-11,600036,14:45:12,37.8800,261,2
2026-05-11,600036,14:45:15,37.8900,129,1
2026-05-11,600036,14:45:18,37.8900,38,1
2026-05-11,600036,14:45:21,37.8900,167,1
2026-05-11,600036,14:45:24,37.8900,179,1
2026-05-11,600036,14:45:27,37.8900,36,1
2026-05-11,600036,14:45:30,37.8800,127,2
2026-05-11,600036,14:45:33,37.8900,97,1
2026-05-11,600036,14:45:36,37.9000,135,1
2026-05-11,600036,14:45:39,37.9000,40,1
2026-05-11,600036,14:45:42,37.9000,15,1
2026-05-11,600036,14:45:45,37.9000,12,1
2026-05-11,600036,14:45:48,37.9000,135,1
2026-05-11,600036,14:45:51,37.9000,110,1
2026-05-11,600036,14:45:54,37.9000,58,1
2026-05-11,600036,14:45:57,37.8900,32,2
2026-05-11,600036,14:46:00,37.8900,94,2
2026-05-11,600036,14:46:03,37.9000,172,1
2026-05-11,600036,14:46:06,37.8900,36,2
2026-05-11,600036,14:46:09,37.8900,144,2
2026-05-11,600036,14:46:12,37.9000,102,1
2026-05-11,600036,14:46:15,37.9000,78,1
2026-05-11,600036,14:46:18,37.9000,23,1
2026-05-11,600036,14:46:21,37.9000,70,1
2026-05-11,600036,14:46:24,37.9000,970,1
2026-05-11,600036,14:46:27,37.9000,51,2
2026-05-11,600036,14:46:30,37.9000,51,2
2026-05-11,600036,14:46:33,37.9000,447,2
2026-05-11,600036,14:46:36,37.9100,153,1
2026-05-11,600036,14:46:39,37.9100,227,1
2026-05-11,600036,14:46:42,37.9000,39,4
2026-05-11,600036,14:46:45,37.9100,97,1
2026-05-11,600036,14:46:48,37.9100,69,1
2026-05-11,600036,14:46:51,37.9100,34,1
2026-05-11,600036,14:46:54,37.9100,259,1
2026-05-11,600036,14:46:57,37.9100,37,1
2026-05-11,600036,14:47:00,37.9000,101,2
2026-05-11,600036,14:47:03,37.9100,49,1
2026-05-11,600036,14:47:06,37.9000,23,2
2026-05-11,600036,14:47:09,37.9000,57,2
2026-05-11,600036,14:47:12,37.9100,36,1
2026-05-11,600036,14:47:15,37.9000,26,2
2026-05-11,600036,14:47:18,37.9100,117,1
2026-05-11,600036,14:47:21,37.9100,101,1
2026-05-11,600036,14:47:24,37.9000,101,2
2026-05-11,600036,14:47:27,37.9100,144,1
2026-05-11,600036,14:47:30,37.9000,22,2
2026-05-11,600036,14:47:33,37.9000,16,2
2026-05-11,600036,14:47:36,37.9100,50,1
2026-05-11,600036,14:47:39,37.9100,187,1
2026-05-11,600036,14:47:42,37.9100,109,1
2026-05-11,600036,14:47:45,37.9100,65,1
2026-05-11,600036,14:47:48,37.9100,163,1
2026-05-11,600036,14:47:51,37.9100,152,1
2026-05-11,600036,14:47:54,37.9100,34,1
2026-05-11,600036,14:47:57,37.9100,87,1
2026-05-11,600036,14:48:00,37.9100,153,1
2026-05-11,600036,14:48:03,37.9000,880,2
2026-05-11,600036,14:48:06,37.9100,495,1
2026-05-11,600036,14:48:09,37.9100,412,1
2026-05-11,600036,14:48:12,37.9200,412,1
2026-05-11,600036,14:48:15,37.9200,58,2
2026-05-11,600036,14:48:18,37.9300,51,1
2026-05-11,600036,14:48:21,37.9300,51,1
2026-05-11,600036,14:48:24,37.9200,59,2
2026-05-11,600036,14:48:27,37.9200,928,2
2026-05-11,600036,14:48:30,37.9200,109,1
2026-05-11,600036,14:48:33,37.9200,50,1
2026-05-11,600036,14:48:36,37.9300,147,1
2026-05-11,600036,14:48:39,37.9300,55,1
2026-05-11,600036,14:48:42,37.9300,16,1
2026-05-11,600036,14:48:45,37.9300,114,1
2026-05-11,600036,14:48:48,37.9200,54,2
2026-05-11,600036,14:48:51,37.9300,29,1
2026-05-11,600036,14:48:54,37.9300,23,1
2026-05-11,600036,14:48:57,37.9300,207,1
2026-05-11,600036,14:49:00,37.9300,286,2
2026-05-11,600036,14:49:03,37.9400,2100,1
2026-05-11,600036,14:49:06,37.9400,836,2
2026-05-11,600036,14:49:09,37.9400,119,2
2026-05-11,600036,14:49:12,37.9500,8,1
2026-05-11,600036,14:49:15,37.9400,380,2
2026-05-11,600036,14:49:18,37.9300,32,2
2026-05-11,600036,14:49:21,37.9400,48,1
2026-05-11,600036,14:49:24,37.9300,91,2
2026-05-11,600036,14:49:27,37.9300,58,2
2026-05-11,600036,14:49:30,37.9400,450,1
2026-05-11,600036,14:49:33,37.9300,157,2
2026-05-11,600036,14:49:36,37.9400,28,1
2026-05-11,600036,14:49:39,37.9400,42,1
2026-05-11,600036,14:49:42,37.9400,150,1
2026-05-11,600036,14:49:45,37.9300,34,2
2026-05-11,600036,14:49:48,37.9400,13,1
2026-05-11,600036,14:49:51,37.9400,69,1
2026-05-11,600036,14:49:54,37.9400,38,1
2026-05-11,600036,14:49:57,37.9400,33,1
2026-05-11,600036,14:50:00,37.9400,663,1
2026-05-11,600036,14:50:03,37.9500,117,1
2026-05-11,600036,14:50:06,37.9400,131,2
2026-05-11,600036,14:50:09,37.9400,103,1
2026-05-11,600036,14:50:12,37.9400,300,1
2026-05-11,600036,14:50:15,37.9400,132,1
2026-05-11,600036,14:50:18,37.9400,84,1
2026-05-11,600036,14:50:21,37.9400,114,2
2026-05-11,600036,14:50:24,37.9400,276,2
2026-05-11,600036,14:50:27,37.9400,118,1
2026-05-11,600036,14:50:30,37.9400,92,1
2026-05-11,600036,14:50:33,37.9400,342,1
2026-05-11,600036,14:50:36,37.9400,108,1
2026-05-11,600036,14:50:39,37.9400,807,1
2026-05-11,600036,14:50:42,37.9400,113,1
2026-05-11,600036,14:50:45,37.9400,93,1
2026-05-11,600036,14:50:48,37.9400,95,1
2026-05-11,600036,14:50:51,37.9400,64,2
2026-05-11,600036,14:50:54,37.9500,28,1
2026-05-11,600036,14:50:57,37.9400,208,2
2026-05-11,600036,14:51:00,37.9500,799,1
2026-05-11,600036,14:51:03,37.9500,127,1
2026-05-11,600036,14:51:06,37.9500,77,1
2026-05-11,600036,14:51:09,37.9400,168,2
2026-05-11,600036,14:51:12,37.9500,259,1
2026-05-11,600036,14:51:15,37.9400,863,4
2026-05-11,600036,14:51:18,37.9400,384,1
2026-05-11,600036,14:51:21,37.9400,34,2
2026-05-11,600036,14:51:24,37.9400,226,2
2026-05-11,600036,14:51:27,37.9400,167,2
2026-05-11,600036,14:51:30,37.9400,158,2
2026-05-11,600036,14:51:33,37.9400,195,1
2026-05-11,600036,14:51:36,37.9400,41,2
2026-05-11,600036,14:51:39,37.9400,40,2
2026-05-11,600036,14:51:42,37.9400,122,2
2026-05-11,600036,14:51:45,37.9400,200,2
2026-05-11,600036,14:51:48,37.9400,140,2
2026-05-11,600036,14:51:51,37.9500,118,1
2026-05-11,600036,14:51:54,37.9500,603,1
2026-05-11,600036,14:51:57,37.9400,25,2
2026-05-11,600036,14:52:00,37.9500,544,1
2026-05-11,600036,14:52:03,37.9500,867,1
2026-05-11,600036,14:52:06,37.9600,1300,1
2026-05-11,600036,14:52:09,37.9500,571,2
2026-05-11,600036,14:52:12,37.9600,71,1
2026-05-11,600036,14:52:15,37.9600,60,1
2026-05-11,600036,14:52:18,37.9500,1350,2
2026-05-11,600036,14:52:21,37.9600,43,1
2026-05-11,600036,14:52:24,37.9600,683,1
2026-05-11,600036,14:52:27,37.9600,119,1
2026-05-11,600036,14:52:30,37.9600,481,1
2026-05-11,600036,14:52:33,37.9500,425,1
2026-05-11,600036,14:52:36,37.9700,1352,1
2026-05-11,600036,14:52:39,37.9700,170,1
2026-05-11,600036,14:52:42,37.9600,151,2
2026-05-11,600036,14:52:45,37.9600,56,1
2026-05-11,600036,14:52:48,37.9700,172,1
2026-05-11,600036,14:52:51,37.9700,77,1
2026-05-11,600036,14:52:54,37.9700,9,1
2026-05-11,600036,14:52:57,37.9600,202,2
2026-05-11,600036,14:53:00,37.9600,74,2
2026-05-11,600036,14:53:03,37.9700,131,1
2026-05-11,600036,14:53:06,37.9600,439,2
2026-05-11,600036,14:53:09,37.9600,183,2
2026-05-11,600036,14:53:12,37.9500,205,2
2026-05-11,600036,14:53:15,37.9600,74,1
2026-05-11,600036,14:53:18,37.9700,312,1
2026-05-11,600036,14:53:21,37.9500,466,2
2026-05-11,600036,14:53:24,37.9600,894,1
2026-05-11,600036,14:53:27,37.9600,131,2
2026-05-11,600036,14:53:30,37.9600,305,2
2026-05-11,600036,14:53:33,37.9600,72,2
2026-05-11,600036,14:53:36,37.9600,630,2
2026-05-11,600036,14:53:39,37.9600,814,2
2026-05-11,600036,14:53:42,37.9600,180,2
2026-05-11,600036,14:53:45,37.9700,57,1
2026-05-11,600036,14:53:48,37.9600,166,2
2026-05-11,600036,14:53:51,37.9700,21,1
2026-05-11,600036,14:53:54,37.9700,409,1
2026-05-11,600036,14:53:57,37.9700,208,1
2026-05-11,600036,14:54:00,37.9600,500,2
2026-05-11,600036,14:54:03,37.9600,204,2
2026-05-11,600036,14:54:06,37.9700,438,1
2026-05-11,600036,14:54:09,37.9600,332,2
2026-05-11,600036,14:54:12,37.9600,115,2
2026-05-11,600036,14:54:15,37.9700,738,1
2026-05-11,600036,14:54:18,37.9600,280,2
2026-05-11,600036,14:54:21,37.9700,152,1
2026-05-11,600036,14:54:24,37.9600,90,2
2026-05-11,600036,14:54:27,37.9700,169,1
2026-05-11,600036,14:54:30,37.9700,92,1
2026-05-11,600036,14:54:33,37.9600,443,2
2026-05-11,600036,14:54:36,37.9600,52,2
2026-05-11,600036,14:54:39,37.9600,78,2
2026-05-11,600036,14:54:42,37.9700,1594,1
2026-05-11,600036,14:54:45,37.9600,276,2
2026-05-11,600036,14:54:48,37.9600,23,2
2026-05-11,600036,14:54:51,37.9600,80,2
2026-05-11,600036,14:54:54,37.9600,439,2
2026-05-11,600036,14:54:57,37.9600,600,2
2026-05-11,600036,14:55:00,37.9500,152,2
2026-05-11,600036,14:55:03,37.9600,475,1
2026-05-11,600036,14:55:06,37.9500,349,2
2026-05-11,600036,14:55:09,37.9500,715,2
2026-05-11,600036,14:55:12,37.9500,221,2
2026-05-11,600036,14:55:15,37.9600,508,1
2026-05-11,600036,14:55:18,37.9600,72,2
2026-05-11,600036,14:55:21,37.9500,224,2
2026-05-11,600036,14:55:24,37.9600,31,2
2026-05-11,600036,14:55:27,37.9600,89,2
2026-05-11,600036,14:55:30,37.9700,168,1
2026-05-11,600036,14:55:33,37.9700,641,1
2026-05-11,600036,14:55:36,37.9700,75,1
2026-05-11,600036,14:55:39,37.9600,119,2
2026-05-11,600036,14:55:42,37.9600,270,2
2026-05-11,600036,14:55:45,37.9700,155,1
2026-05-11,600036,14:55:48,37.9700,142,1
2026-05-11,600036,14:55:51,37.9600,155,2
2026-05-11,600036,14:55:54,37.9600,305,2
2026-05-11,600036,14:55:57,37.9600,150,2
2026-05-11,600036,14:56:00,37.9600,152,2
2026-05-11,600036,14:56:03,37.9600,184,2
2026-05-11,600036,14:56:06,37.9700,280,1
2026-05-11,600036,14:56:09,37.9700,358,1
2026-05-11,600036,14:56:12,37.9600,335,2
2026-05-11,600036,14:56:15,37.9700,175,1
2026-05-11,600036,14:56:18,37.9700,100,1
2026-05-11,600036,14:56:21,37.9600,200,2
2026-05-11,600036,14:56:24,37.9700,219,1
2026-05-11,600036,14:56:27,37.9700,134,1
2026-05-11,600036,14:56:30,37.9700,56,2
2026-05-11,600036,14:56:33,37.9700,163,2
2026-05-11,600036,14:56:36,37.9700,94,1
2026-05-11,600036,14:56:39,37.9700,240,1
2026-05-11,600036,14:56:42,37.9600,514,2
2026-05-11,600036,14:56:45,37.9500,500,2
2026-05-11,600036,14:56:48,37.9600,103,1
2026-05-11,600036,14:56:51,37.9500,698,2
2026-05-11,600036,14:56:54,37.9700,345,1
2026-05-11,600036,14:56:57,37.9600,405,2
2026-05-11,600036,14:57:00,37.9700,6,1
2026-05-11,600036,15:00:03,37.9700,13231,4
2026-05-11,600036,13:17:06,37.8200,104,1
2026-05-11,600036,13:17:09,37.8100,139,2
2026-05-11,600036,13:17:12,37.8200,23,1
2026-05-11,600036,13:17:15,37.8100,73,2
2026-05-11,600036,13:17:18,37.8100,31,2
2026-05-11,600036,13:17:21,37.8200,104,1
2026-05-11,600036,13:17:24,37.8100,231,2
2026-05-11,600036,13:17:27,37.8100,240,2
2026-05-11,600036,13:17:30,37.8100,76,2
2026-05-11,600036,13:17:33,37.8100,200,2
2026-05-11,600036,13:17:36,37.8200,200,1
2026-05-11,600036,13:17:39,37.8200,225,1
2026-05-11,600036,13:17:42,37.8100,421,2
2026-05-11,600036,13:17:45,37.8100,25,2
2026-05-11,600036,13:17:48,37.8100,198,2
2026-05-11,600036,13:17:51,37.8100,9,2
2026-05-11,600036,13:17:54,37.8100,79,2
2026-05-11,600036,13:17:57,37.8100,251,2
2026-05-11,600036,13:18:00,37.8200,249,1
2026-05-11,600036,13:18:03,37.8100,99,2
2026-05-11,600036,13:18:06,37.8100,165,2
2026-05-11,600036,13:18:09,37.8100,380,1
2026-05-11,600036,13:18:12,37.8100,72,2
2026-05-11,600036,13:18:15,37.8100,93,2
2026-05-11,600036,13:18:18,37.8100,51,2
2026-05-11,600036,13:18:21,37.8100,249,2
2026-05-11,600036,13:18:24,37.8100,71,2
2026-05-11,600036,13:18:27,37.8200,61,1
2026-05-11,600036,13:18:30,37.8100,79,2
2026-05-11,600036,13:18:33,37.8100,130,2
2026-05-11,600036,13:18:36,37.8100,44,2
2026-05-11,600036,13:18:39,37.8100,213,2
2026-05-11,600036,13:18:42,37.8100,143,2
2026-05-11,600036,13:18:45,37.8200,80,1
2026-05-11,600036,13:18:48,37.8200,78,1
2026-05-11,600036,13:18:51,37.8200,48,1
2026-05-11,600036,13:18:54,37.8200,160,1
2026-05-11,600036,13:18:57,37.8100,106,2
2026-05-11,600036,13:19:00,37.8100,297,1
2026-05-11,600036,13:19:03,37.8000,218,2
2026-05-11,600036,13:19:06,37.8000,391,2
2026-05-11,600036,13:19:09,37.8100,145,4
2026-05-11,600036,13:19:12,37.8000,165,2
2026-05-11,600036,13:19:15,37.8000,222,2
2026-05-11,600036,13:19:18,37.8200,1541,1
2026-05-11,600036,13:19:21,37.8200,112,2
2026-05-11,600036,13:19:24,37.8200,290,2
2026-05-11,600036,13:19:27,37.8200,79,2
2026-05-11,600036,13:19:30,37.8200,93,2
2026-05-11,600036,13:19:33,37.8100,399,2
2026-05-11,600036,13:19:36,37.8300,914,1
2026-05-11,600036,13:19:39,37.8200,2111,2
2026-05-11,600036,13:19:42,37.8200,197,2
2026-05-11,600036,13:19:45,37.8100,49,2
2026-05-11,600036,13:19:48,37.8300,53,1
2026-05-11,600036,13:19:51,37.8200,62,2
2026-05-11,600036,13:19:54,37.8200,1045,2
2026-05-11,600036,13:19:57,37.8100,533,2
2026-05-11,600036,13:20:00,37.8000,223,2
2026-05-11,600036,13:20:03,37.8100,61,1
2026-05-11,600036,13:20:06,37.8000,185,2
2026-05-11,600036,13:20:09,37.8100,512,1
2026-05-11,600036,13:20:12,37.8100,173,1
2026-05-11,600036,13:20:15,37.8000,96,2
2026-05-11,600036,13:20:18,37.8000,132,2
2026-05-11,600036,13:20:21,37.8000,218,2
2026-05-11,600036,13:20:24,37.8100,491,1
2026-05-11,600036,13:20:27,37.8100,167,2
2026-05-11,600036,13:20:30,37.8100,45,2
2026-05-11,600036,13:20:33,37.8100,107,2
2026-05-11,600036,13:20:36,37.8200,138,1
2026-05-11,600036,13:20:39,37.8200,60,1
2026-05-11,600036,13:20:42,37.8100,174,2
2026-05-11,600036,13:20:45,37.8200,107,1
2026-05-11,600036,13:20:48,37.8200,130,1
2026-05-11,600036,13:20:51,37.8100,59,2
2026-05-11,600036,13:20:54,37.8100,55,2
2026-05-11,600036,13:20:57,37.8200,920,1
2026-05-11,600036,13:21:00,37.8300,260,1
2026-05-11,600036,13:21:03,37.8200,354,2
2026-05-11,600036,13:21:06,37.8200,33,1
2026-05-11,600036,13:21:09,37.8200,83,1
2026-05-11,600036,13:21:12,37.8100,223,2
2026-05-11,600036,13:21:15,37.8100,186,2
2026-05-11,600036,13:21:18,37.8200,110,1
2026-05-11,600036,13:21:21,37.8100,103,2
2026-05-11,600036,13:21:24,37.8100,189,2
2026-05-11,600036,13:21:27,37.8100,36,2
2026-05-11,600036,13:21:30,37.8100,43,2
2026-05-11,600036,13:21:33,37.8200,124,1
2026-05-11,600036,13:21:36,37.8100,144,2
2026-05-11,600036,13:21:39,37.8100,29,2
2026-05-11,600036,13:21:42,37.8100,698,2
2026-05-11,600036,13:21:45,37.8100,65,2
2026-05-11,600036,13:21:48,37.8100,256,2
2026-05-11,600036,13:21:51,37.8100,346,2
2026-05-11,600036,13:21:54,37.8100,201,2
2026-05-11,600036,13:21:57,37.8100,107,1
2026-05-11,600036,13:22:00,37.8100,170,1
2026-05-11,600036,13:22:03,37.8100,401,1
2026-05-11,600036,13:22:06,37.8000,318,2
2026-05-11,600036,13:22:09,37.8100,273,1
2026-05-11,600036,13:22:12,37.8100,158,1
2026-05-11,600036,13:22:15,37.8000,204,2
2026-05-11,600036,13:22:18,37.8100,231,1
2026-05-11,600036,13:22:21,37.8000,384,2
2026-05-11,600036,13:22:24,37.8100,488,1
2026-05-11,600036,13:22:27,37.8100,103,2
2026-05-11,600036,13:22:30,37.8100,47,2
2026-05-11,600036,13:22:33,37.8100,127,2
2026-05-11,600036,13:22:36,37.8100,172,2
2026-05-11,600036,13:22:39,37.8100,27,2
2026-05-11,600036,13:22:42,37.8100,149,2
2026-05-11,600036,13:22:45,37.8200,179,1
2026-05-11,600036,13:22:48,37.8200,153,1
2026-05-11,600036,13:22:51,37.8200,3,1
2026-05-11,600036,13:22:54,37.8200,192,1
2026-05-11,600036,13:22:57,37.8200,6,1
2026-05-11,600036,13:23:00,37.8200,158,1
2026-05-11,600036,13:23:03,37.8200,151,1
2026-05-11,600036,13:23:06,37.8200,109,1
2026-05-11,600036,13:23:09,37.8200,34,1
2026-05-11,600036,13:23:12,37.8200,58,1
2026-05-11,600036,13:23:15,37.8200,242,1
2026-05-11,600036,13:23:18,37.8100,49,2
2026-05-11,600036,13:23:21,37.8200,158,1
2026-05-11,600036,13:23:24,37.8100,5,2
2026-05-11,600036,13:23:27,37.8100,115,2
2026-05-11,600036,13:23:30,37.8100,79,2
2026-05-11,600036,13:23:33,37.8200,86,1
2026-05-11,600036,13:23:36,37.8200,117,1
2026-05-11,600036,13:23:39,37.8200,8,1
2026-05-11,600036,13:23:42,37.8200,236,1
2026-05-11,600036,13:23:45,37.8100,121,2
2026-05-11,600036,13:23:48,37.8300,1289,1
2026-05-11,600036,13:23:51,37.8200,29,2
2026-05-11,600036,13:23:54,37.8200,244,2
2026-05-11,600036,13:23:57,37.8200,126,2
2026-05-11,600036,13:24:00,37.8300,204,1
2026-05-11,600036,13:24:03,37.8200,20,2
2026-05-11,600036,13:24:06,37.8200,420,2
2026-05-11,600036,13:24:09,37.8200,208,2
2026-05-11,600036,13:24:12,37.8300,89,1
2026-05-11,600036,13:24:15,37.8200,37,2
2026-05-11,600036,13:24:18,37.8200,70,2
2026-05-11,600036,13:24:21,37.8100,153,2
2026-05-11,600036,13:24:24,37.8200,77,1
2026-05-11,600036,13:24:27,37.8200,19,1
2026-05-11,600036,13:24:30,37.8100,7,2
2026-05-11,600036,13:24:33,37.8100,204,2
2026-05-11,600036,13:24:36,37.8200,257,1
2026-05-11,600036,13:24:39,37.8100,133,2
2026-05-11,600036,13:24:42,37.8200,185,1
2026-05-11,600036,13:24:45,37.8100,56,2
2026-05-11,600036,13:24:48,37.8100,91,2
2026-05-11,600036,13:24:51,37.8100,22,2
2026-05-11,600036,13:24:54,37.8200,292,1
2026-05-11,600036,13:24:57,37.8200,147,1
2026-05-11,600036,13:25:00,37.8200,198,1
2026-05-11,600036,13:25:03,37.8200,146,1
2026-05-11,600036,13:25:06,37.8100,96,2
2026-05-11,600036,13:25:09,37.8100,310,2
2026-05-11,600036,13:25:12,37.8100,64,2
2026-05-11,600036,13:25:15,37.8200,103,1
2026-05-11,600036,13:25:18,37.8100,60,2
2026-05-11,600036,13:25:21,37.8200,224,1
2026-05-11,600036,13:25:24,37.8100,170,2
2026-05-11,600036,13:25:27,37.8200,32,1
2026-05-11,600036,13:25:30,37.8200,33,1
2026-05-11,600036,13:25:33,37.8100,270,2
2026-05-11,600036,13:25:36,37.8100,120,2
2026-05-11,600036,13:25:39,37.8100,170,2
2026-05-11,600036,13:25:42,37.8100,180,2
2026-05-11,600036,13:25:45,37.8100,120,2
2026-05-11,600036,13:25:48,37.8100,29,2
2026-05-11,600036,13:25:51,37.8100,50,2
2026-05-11,600036,13:25:54,37.8100,107,2
2026-05-11,600036,13:25:57,37.8100,277,2
2026-05-11,600036,13:26:00,37.8200,195,1
2026-05-11,600036,13:26:03,37.8200,59,1
2026-05-11,600036,13:26:06,37.8100,80,2
2026-05-11,600036,13:26:09,37.8100,185,2
2026-05-11,600036,13:26:12,37.8100,157,2
2026-05-11,600036,13:26:15,37.8100,455,2
2026-05-11,600036,13:26:18,37.8100,421,2
2026-05-11,600036,13:26:21,37.8100,126,2
2026-05-11,600036,13:26:24,37.8200,188,1
2026-05-11,600036,13:26:27,37.8100,164,2
2026-05-11,600036,13:26:30,37.8100,46,1
2026-05-11,600036,13:26:33,37.8100,161,1
2026-05-11,600036,13:26:36,37.8100,261,1
2026-05-11,600036,13:26:39,37.8100,88,1
2026-05-11,600036,13:26:42,37.8100,413,1
2026-05-11,600036,13:26:45,37.8100,194,1
2026-05-11,600036,13:26:48,37.8100,167,1
2026-05-11,600036,13:26:51,37.8100,454,1
2026-05-11,600036,13:26:54,37.8000,76,2
2026-05-11,600036,13:26:57,37.8000,115,2
2026-05-11,600036,13:27:00,37.8100,126,1
2026-05-11,600036,13:27:03,37.8100,460,1
2026-05-11,600036,13:27:06,37.8100,115,1
2026-05-11,600036,13:27:09,37.8100,588,1
2026-05-11,600036,13:27:12,37.8100,80,1
2026-05-11,600036,13:27:15,37.8100,41,1
2026-05-11,600036,13:27:18,37.8100,52,1
2026-05-11,600036,13:27:21,37.8000,195,2
2026-05-11,600036,13:27:24,37.8100,254,1
2026-05-11,600036,13:27:27,37.8100,100,1
2026-05-11,600036,13:27:30,37.8100,48,1
2026-05-11,600036,13:27:33,37.8100,113,1
2026-05-11,600036,13:27:36,37.8000,81,2
2026-05-11,600036,13:27:39,37.8000,152,2
2026-05-11,600036,13:27:42,37.8100,153,1
2026-05-11,600036,13:27:45,37.8100,169,1
2026-05-11,600036,13:27:48,37.8100,81,1
2026-05-11,600036,13:27:51,37.8000,133,2
2026-05-11,600036,13:27:54,37.8000,96,2
2026-05-11,600036,13:27:57,37.8000,116,2
2026-05-11,600036,13:28:00,37.8000,115,2
2026-05-11,600036,13:28:03,37.8100,217,1
2026-05-11,600036,13:28:06,37.8100,92,1
2026-05-11,600036,13:28:09,37.8100,65,1
2026-05-11,600036,13:28:12,37.8100,56,1
2026-05-11,600036,13:28:15,37.8000,401,2
2026-05-11,600036,13:28:18,37.8000,135,2
2026-05-11,600036,13:28:21,37.8100,171,1
2026-05-11,600036,13:28:24,37.8000,58,2
2026-05-11,600036,13:28:27,37.8100,169,1
2026-05-11,600036,13:28:30,37.8100,265,1
2026-05-11,600036,13:28:33,37.8000,118,2
2026-05-11,600036,13:28:36,37.8000,50,2
2026-05-11,600036,13:28:39,37.8000,149,2
2026-05-11,600036,13:28:42,37.8100,361,1
2026-05-11,600036,13:28:45,37.8100,473,1
2026-05-11,600036,13:28:48,37.8100,232,1
2026-05-11,600036,13:28:51,37.8100,125,2
2026-05-11,600036,13:28:54,37.8200,303,1
2026-05-11,600036,13:28:57,37.8100,87,4
2026-05-11,600036,13:29:00,37.8100,29,1
2026-05-11,600036,13:29:03,37.8100,270,1
2026-05-11,600036,13:29:06,37.8100,325,1
2026-05-11,600036,13:29:09,37.8100,360,2
2026-05-11,600036,13:29:12,37.8100,50,2
2026-05-11,600036,13:29:15,37.8200,154,1
2026-05-11,600036,13:29:18,37.8200,152,1
2026-05-11,600036,13:29:21,37.8200,218,1
2026-05-11,600036,13:29:24,37.8200,61,1
2026-05-11,600036,13:29:27,37.8200,121,1
2026-05-11,600036,13:29:30,37.8200,276,1
2026-05-11,600036,13:29:33,37.8200,129,1
2026-05-11,600036,13:29:36,37.8100,144,2
2026-05-11,600036,13:29:39,37.8200,50,1
2026-05-11,600036,13:29:42,37.8200,128,1
2026-05-11,600036,13:29:45,37.8200,26,1
2026-05-11,600036,13:29:48,37.8100,223,2
2026-05-11,600036,13:29:51,37.8200,44,1
2026-05-11,600036,13:29:54,37.8200,10,1
2026-05-11,600036,13:29:57,37.8200,142,1
2026-05-11,600036,13:30:00,37.8200,140,1
2026-05-11,600036,13:30:03,37.8200,343,1
2026-05-11,600036,13:30:06,37.8200,52,1
2026-05-11,600036,13:30:09,37.8100,442,2
2026-05-11,600036,13:30:12,37.8200,383,1
2026-05-11,600036,13:30:15,37.8100,137,2
2026-05-11,600036,13:30:18,37.8200,326,1
2026-05-11,600036,13:30:21,37.8100,97,2
2026-05-11,600036,13:30:24,37.8100,271,2
2026-05-11,600036,13:30:27,37.8100,80,2
2026-05-11,600036,13:30:30,37.8100,264,2
2026-05-11,600036,13:30:33,37.8100,196,2
2026-05-11,600036,13:30:36,37.8100,77,1
2026-05-11,600036,13:30:39,37.8100,20,1
2026-05-11,600036,13:30:42,37.8100,22,1
2026-05-11,600036,13:30:45,37.8100,140,2
2026-05-11,600036,13:30:48,37.8100,25,2
2026-05-11,600036,13:30:51,37.8100,8,2
2026-05-11,600036,13:30:54,37.8100,30,2
2026-05-11,600036,13:30:57,37.8100,57,2
2026-05-11,600036,13:31:00,37.8200,344,1
2026-05-11,600036,13:31:03,37.8200,39,1
2026-05-11,600036,13:31:06,37.8100,519,2
2026-05-11,600036,13:31:09,37.8200,76,1
2026-05-11,600036,13:31:12,37.8200,168,1
2026-05-11,600036,13:31:15,37.8100,234,2
2026-05-11,600036,13:31:18,37.8200,216,1
2026-05-11,600036,13:31:21,37.8300,68,1
2026-05-11,600036,13:31:24,37.8200,147,2
2026-05-11,600036,13:31:27,37.8200,205,2
2026-05-11,600036,13:31:30,37.8300,60,1
2026-05-11,600036,13:31:33,37.8300,35,1
2026-05-11,600036,13:31:36,37.8300,37,1
2026-05-11,600036,13:31:39,37.8300,36,1
2026-05-11,600036,13:31:42,37.8300,190,1
2026-05-11,600036,13:31:45,37.8300,56,1
2026-05-11,600036,13:31:48,37.8200,302,2
2026-05-11,600036,13:31:51,37.8300,94,1
2026-05-11,600036,13:31:54,37.8200,103,2
2026-05-11,600036,13:31:57,37.8300,156,1
2026-05-11,600036,13:32:00,37.8300,83,1
2026-05-11,600036,13:32:03,37.8200,102,2
2026-05-11,600036,13:32:06,37.8200,131,2
2026-05-11,600036,13:32:09,37.8300,81,1
2026-05-11,600036,13:32:12,37.8300,15,1
2026-05-11,600036,13:32:15,37.8300,176,1
2026-05-11,600036,13:32:18,37.8200,190,2
2026-05-11,600036,13:32:21,37.8300,118,1
2026-05-11,600036,13:32:24,37.8300,38,1
2026-05-11,600036,13:32:27,37.8300,81,1
2026-05-11,600036,13:32:30,37.8200,135,2
2026-05-11,600036,13:32:33,37.8200,74,2
2026-05-11,600036,13:32:36,37.8300,112,1
2026-05-11,600036,13:32:39,37.8200,95,2
2026-05-11,600036,13:32:42,37.8300,69,1
2026-05-11,600036,13:32:45,37.8300,58,1
2026-05-11,600036,13:32:48,37.8200,234,2
2026-05-11,600036,13:32:51,37.8200,60,1
2026-05-11,600036,13:32:54,37.8200,99,1
2026-05-11,600036,13:32:57,37.8200,313,1
2026-05-11,600036,13:33:00,37.8200,49,1
2026-05-11,600036,13:33:03,37.8200,131,1
2026-05-11,600036,13:33:06,37.8100,223,2
2026-05-11,600036,13:33:09,37.8200,281,1
2026-05-11,600036,13:33:12,37.8100,100,2
2026-05-11,600036,13:33:15,37.8200,20,1
2026-05-11,600036,13:33:18,37.8100,183,2
2026-05-11,600036,13:33:21,37.8200,3,1
2026-05-11,600036,13:33:24,37.8100,122,2
2026-05-11,600036,13:33:27,37.8200,91,1
2026-05-11,600036,13:33:30,37.8200,41,1
2026-05-11,600036,13:33:33,37.8100,174,2
2026-05-11,600036,13:33:36,37.8100,170,2
2026-05-11,600036,13:33:39,37.8100,52,2
2026-05-11,600036,13:33:42,37.8100,56,2
2026-05-11,600036,13:33:45,37.8100,98,2
2026-05-11,600036,13:33:48,37.8100,59,2
2026-05-11,600036,13:33:51,37.8200,55,1
2026-05-11,600036,13:33:54,37.8100,55,2
2026-05-11,600036,13:33:57,37.8200,68,1
2026-05-11,600036,13:34:00,37.8200,69,1
2026-05-11,600036,13:34:03,37.8200,75,1
2026-05-11,600036,13:34:06,37.8100,2170,2
2026-05-11,600036,13:34:09,37.8100,41,2
2026-05-11,600036,13:34:12,37.8100,126,2
2026-05-11,600036,13:34:15,37.8100,14,2
2026-05-11,600036,13:34:18,37.8100,25,2
2026-05-11,600036,13:34:21,37.8200,72,1
2026-05-11,600036,13:34:24,37.8100,485,2
2026-05-11,600036,13:34:27,37.8000,57,2
2026-05-11,600036,13:34:30,37.8100,105,1
2026-05-11,600036,13:34:33,37.8100,204,1
2026-05-11,600036,13:34:36,37.8100,19,1
2026-05-11,600036,13:34:39,37.8100,68,1
2026-05-11,600036,13:34:42,37.8100,199,1
2026-05-11,600036,13:34:45,37.8100,257,1
2026-05-11,600036,13:34:48,37.8200,726,1
2026-05-11,600036,13:34:51,37.8200,296,2
2026-05-11,600036,13:34:54,37.8300,93,1
2026-05-11,600036,13:34:57,37.8200,150,2
2026-05-11,600036,13:35:00,37.8200,60,2
2026-05-11,600036,13:35:03,37.8000,538,2
2026-05-11,600036,13:35:06,37.8300,21,1
2026-05-11,600036,13:35:09,37.8300,8,1
2026-05-11,600036,13:35:12,37.8100,646,2
2026-05-11,600036,13:35:15,37.8100,211,2
2026-05-11,600036,13:35:18,37.8200,270,2
2026-05-11,600036,13:35:21,37.8000,653,2
2026-05-11,600036,13:35:24,37.8000,691,2
2026-05-11,600036,13:35:27,37.8000,1782,2
2026-05-11,600036,13:35:30,37.8000,362,2
2026-05-11,600036,13:35:33,37.8000,645,2
2026-05-11,600036,13:35:36,37.8000,178,2
2026-05-11,600036,13:35:39,37.8100,35,1
2026-05-11,600036,13:35:42,37.8000,413,2
2026-05-11,600036,13:35:45,37.8000,661,2
2026-05-11,600036,13:35:48,37.8000,108,2
2026-05-11,600036,13:35:51,37.8000,606,2
2026-05-11,600036,13:35:54,37.8000,92,2
2026-05-11,600036,13:35:57,37.8100,66,1
2026-05-11,600036,13:36:00,37.8100,69,1
2026-05-11,600036,13:36:03,37.8100,495,1
2026-05-11,600036,13:36:06,37.8100,45,1
2026-05-11,600036,13:36:09,37.8100,28,1
2026-05-11,600036,13:36:12,37.8100,44,1
2026-05-11,600036,13:36:15,37.8100,16,1
2026-05-11,600036,13:36:18,37.8100,177,1
2026-05-11,600036,13:36:21,37.8100,292,1
2026-05-11,600036,13:36:24,37.8100,89,2
2026-05-11,600036,13:36:27,37.8100,79,2
2026-05-11,600036,13:36:30,37.8100,78,2
2026-05-11,600036,13:36:33,37.8100,126,2
2026-05-11,600036,13:36:36,37.8200,73,1
2026-05-11,600036,13:36:39,37.8100,6,2
2026-05-11,600036,13:36:42,37.8200,49,1
2026-05-11,600036,13:36:45,37.8100,177,2
2026-05-11,600036,13:36:48,37.8100,74,2
2026-05-11,600036,13:36:51,37.8200,100,1
2026-05-11,600036,13:36:54,37.8200,42,1
2026-05-11,600036,13:36:57,37.8100,118,2
2026-05-11,600036,13:37:00,37.8100,28,2
2026-05-11,600036,13:37:03,37.8100,189,2
2026-05-11,600036,13:37:06,37.8200,9,1
2026-05-11,600036,13:37:09,37.8100,273,2
2026-05-11,600036,13:37:12,37.8100,46,2
2026-05-11,600036,13:37:15,37.8200,248,1
2026-05-11,600036,13:37:18,37.8100,729,2
2026-05-11,600036,13:37:21,37.8100,194,2
2026-05-11,600036,13:37:24,37.8100,100,2
2026-05-11,600036,13:37:27,37.8100,101,2
2026-05-11,600036,13:37:30,37.8000,104,2
2026-05-11,600036,13:37:33,37.8000,97,2
2026-05-11,600036,13:37:36,37.8100,62,1
2026-05-11,600036,13:37:39,37.8000,57,2
2026-05-11,600036,13:37:42,37.8100,56,1
2026-05-11,600036,13:37:45,37.8100,87,1
2026-05-11,600036,13:37:48,37.8100,44,1
2026-05-11,600036,13:37:51,37.8100,177,1
2026-05-11,600036,13:37:54,37.8100,203,1
2026-05-11,600036,13:37:57,37.8000,65,2
2026-05-11,600036,13:38:00,37.8000,70,2
2026-05-11,600036,13:38:03,37.8000,187,2
2026-05-11,600036,13:38:06,37.8100,123,1
2026-05-11,600036,13:38:09,37.8200,644,1
2026-05-11,600036,13:38:12,37.8000,71,2
2026-05-11,600036,13:38:15,37.8100,110,4
2026-05-11,600036,13:38:18,37.8000,337,2
2026-05-11,600036,13:38:21,37.8100,34,4
2026-05-11,600036,13:38:24,37.8000,228,2
2026-05-11,600036,13:38:27,37.8000,201,2
2026-05-11,600036,13:38:30,37.8000,127,2
2026-05-11,600036,13:38:33,37.8100,236,1
2026-05-11,600036,13:38:36,37.8200,193,1
2026-05-11,600036,13:38:39,37.8100,44,2
2026-05-11,600036,13:38:42,37.8100,116,2
2026-05-11,600036,13:38:45,37.8200,225,1
2026-05-11,600036,13:38:48,37.8100,104,2
2026-05-11,600036,13:38:51,37.8100,157,1
2026-05-11,600036,13:38:54,37.8100,155,1
2026-05-11,600036,13:38:57,37.8200,101,1
2026-05-11,600036,13:39:00,37.8200,112,1
2026-05-11,600036,13:39:03,37.8200,44,1
2026-05-11,600036,13:39:06,37.8200,36,1
2026-05-11,600036,13:39:09,37.8100,154,2
2026-05-11,600036,13:39:12,37.8100,68,2
2026-05-11,600036,13:39:15,37.8100,124,2
2026-05-11,600036,13:39:18,37.8200,123,1
2026-05-11,600036,13:39:21,37.8100,115,2
2026-05-11,600036,13:39:24,37.8100,106,2
2026-05-11,600036,13:39:27,37.8100,86,2
2026-05-11,600036,13:39:30,37.8100,89,2
2026-05-11,600036,13:39:33,37.8200,70,1
2026-05-11,600036,13:39:36,37.8200,210,1
2026-05-11,600036,13:39:39,37.8200,27,1
2026-05-11,600036,13:39:42,37.8100,260,2
2026-05-11,600036,13:39:45,37.8100,75,2
2026-05-11,600036,13:39:48,37.8200,143,1
2026-05-11,600036,13:39:51,37.8100,152,2
2026-05-11,600036,13:39:54,37.8100,117,2
2026-05-11,600036,13:39:57,37.8200,208,1
2026-05-11,600036,13:40:00,37.8100,174,2
2026-05-11,600036,13:40:03,37.8100,84,2
2026-05-11,600036,13:40:06,37.8200,132,1
2026-05-11,600036,13:40:09,37.8100,180,2
2026-05-11,600036,13:40:12,37.8100,101,2
2026-05-11,600036,13:40:15,37.8100,112,2
2026-05-11,600036,13:40:18,37.8100,156,2
2026-05-11,600036,13:40:21,37.8100,136,2
2026-05-11,600036,13:40:24,37.8100,206,1
2026-05-11,600036,13:40:27,37.8100,262,1
2026-05-11,600036,13:40:30,37.8000,287,2
2026-05-11,600036,13:40:33,37.8000,178,2
2026-05-11,600036,13:40:36,37.8100,304,1
2026-05-11,600036,13:40:39,37.8100,129,1
2026-05-11,600036,13:40:42,37.8000,486,2
2026-05-11,600036,13:40:45,37.8000,446,2
2026-05-11,600036,13:40:48,37.8000,203,2
2026-05-11,600036,13:40:51,37.8100,209,1
2026-05-11,600036,13:40:54,37.8000,279,2
2026-05-11,600036,13:40:57,37.8100,192,1
2026-05-11,600036,13:41:00,37.8100,421,1
2026-05-11,600036,13:41:03,37.8100,114,1
2026-05-11,600036,13:41:06,37.8000,506,2
2026-05-11,600036,13:41:09,37.8000,210,2
2026-05-11,600036,13:41:12,37.8100,79,1
2026-05-11,600036,13:41:15,37.8100,76,1
2026-05-11,600036,13:41:18,37.8100,187,1
2026-05-11,600036,13:41:21,37.8100,349,1
2026-05-11,600036,13:41:24,37.8100,111,1
2026-05-11,600036,13:41:27,37.8100,213,1
2026-05-11,600036,13:41:30,37.8100,140,1
2026-05-11,600036,13:41:33,37.8100,559,1
2026-05-11,600036,13:41:36,37.8100,188,1
2026-05-11,600036,13:41:39,37.8100,92,1
2026-05-11,600036,13:41:42,37.8000,297,2
2026-05-11,600036,13:41:45,37.8100,178,1
2026-05-11,600036,13:41:48,37.8100,216,1
2026-05-11,600036,13:41:51,37.8000,221,2
2026-05-11,600036,13:41:54,37.8100,171,1
2026-05-11,600036,13:41:57,37.8000,116,2
2026-05-11,600036,13:42:00,37.8000,173,2
2026-05-11,600036,13:42:03,37.8100,70,1
2026-05-11,600036,13:42:06,37.8100,214,1
2026-05-11,600036,13:42:09,37.8000,160,2
2026-05-11,600036,13:42:12,37.8100,84,1
2026-05-11,600036,13:42:15,37.8100,175,1
2026-05-11,600036,13:42:18,37.8100,95,1
2026-05-11,600036,13:42:21,37.8000,69,2
2026-05-11,600036,13:42:24,37.8000,144,2
2026-05-11,600036,13:42:27,37.8100,121,1
2026-05-11,600036,13:42:30,37.8000,141,2
2026-05-11,600036,13:42:33,37.8000,75,2
2026-05-11,600036,13:42:36,37.8100,65,1
2026-05-11,600036,13:42:39,37.8000,38,2
2026-05-11,600036,13:42:42,37.8100,106,1
2026-05-11,600036,13:42:45,37.8000,143,2
2026-05-11,600036,13:42:48,37.8000,204,2
2026-05-11,600036,13:42:51,37.8000,424,2
2026-05-11,600036,13:42:54,37.8000,172,2
2026-05-11,600036,13:42:57,37.8000,79,2
2026-05-11,600036,13:43:00,37.8100,177,1
2026-05-11,600036,13:43:03,37.8000,72,2
2026-05-11,600036,13:43:06,37.8000,324,2
2026-05-11,600036,13:43:09,37.8000,148,2
2026-05-11,600036,13:43:12,37.8100,132,1
2026-05-11,600036,13:43:15,37.8000,81,2
2026-05-11,600036,13:43:18,37.8100,82,1
2026-05-11,600036,13:43:21,37.8000,66,2
2026-05-11,600036,13:43:24,37.8000,182,2
2026-05-11,600036,13:43:27,37.8000,55,2
2026-05-11,600036,13:43:30,37.8000,229,2
2026-05-11,600036,13:43:33,37.8000,151,2
2026-05-11,600036,13:43:36,37.8000,665,2
2026-05-11,600036,13:43:39,37.8000,384,1
2026-05-11,600036,13:43:42,37.8000,184,2
2026-05-11,600036,13:43:45,37.8000,335,2
2026-05-11,600036,13:43:48,37.8000,285,1
2026-05-11,600036,13:43:51,37.8000,243,2
2026-05-11,600036,13:43:54,37.7900,109,2
2026-05-11,600036,13:43:57,37.8000,314,1
2026-05-11,600036,13:44:00,37.8000,194,1
2026-05-11,600036,13:44:03,37.8000,152,1
2026-05-11,600036,13:44:06,37.8000,356,1
2026-05-11,600036,13:44:09,37.7900,141,2
2026-05-11,600036,13:44:12,37.8000,44,1
2026-05-11,600036,13:44:15,37.7900,210,2
2026-05-11,600036,13:44:18,37.8000,156,1
2026-05-11,600036,13:44:21,37.8000,159,1
2026-05-11,600036,13:44:24,37.7900,187,2
2026-05-11,600036,13:44:27,37.7900,103,2
2026-05-11,600036,13:44:30,37.8000,56,1
2026-05-11,600036,13:44:33,37.7900,88,2
2026-05-11,600036,13:44:36,37.7900,67,2
2026-05-11,600036,13:44:39,37.8000,212,1
2026-05-11,600036,13:44:42,37.7900,102,2
2026-05-11,600036,13:44:45,37.8000,1107,1
2026-05-11,600036,13:44:48,37.8100,24,1
2026-05-11,600036,13:44:51,37.8000,198,2
2026-05-11,600036,13:44:54,37.8100,360,1
2026-05-11,600036,13:44:57,37.8000,90,2
2026-05-11,600036,13:45:00,37.8000,124,1
2026-05-11,600036,13:45:03,37.8000,64,1
2026-05-11,600036,13:45:06,37.8000,249,1
2026-05-11,600036,13:45:09,37.8000,35,1
2026-05-11,600036,13:45:12,37.7900,53,2
2026-05-11,600036,13:45:15,37.8000,116,1
2026-05-11,600036,13:45:18,37.8000,242,1
2026-05-11,600036,13:45:21,37.8000,81,2
2026-05-11,600036,13:45:24,37.8000,96,2
2026-05-11,600036,13:45:27,37.8000,42,2
2026-05-11,600036,13:45:30,37.8000,120,1
2026-05-11,600036,13:45:33,37.7900,259,2
2026-05-11,600036,13:45:36,37.8000,120,4
2026-05-11,600036,13:45:39,37.7900,177,2
2026-05-11,600036,13:45:42,37.8000,115,1
2026-05-11,600036,13:45:45,37.8000,137,1
2026-05-11,600036,13:45:48,37.7900,76,2
2026-05-11,600036,13:45:51,37.7900,59,2
2026-05-11,600036,13:45:54,37.8000,53,1
2026-05-11,600036,13:45:57,37.8000,137,1
2026-05-11,600036,13:46:00,37.8000,824,1
2026-05-11,600036,13:46:03,37.8000,62,1
2026-05-11,600036,13:46:06,37.8000,133,1
2026-05-11,600036,13:46:09,37.8000,78,1
2026-05-11,600036,13:46:12,37.8000,24,1
2026-05-11,600036,13:46:15,37.8000,606,2
2026-05-11,600036,13:46:18,37.8000,66,2
2026-05-11,600036,13:46:21,37.8100,137,1
2026-05-11,600036,13:46:24,37.8000,372,2
2026-05-11,600036,13:46:27,37.8000,205,1
2026-05-11,600036,13:46:30,37.8000,186,1
2026-05-11,600036,13:46:33,37.8100,176,1
2026-05-11,600036,13:46:36,37.8100,77,1
2026-05-11,600036,13:46:39,37.8000,6,2
2026-05-11,600036,13:46:42,37.8100,100,1
2026-05-11,600036,13:46:45,37.8000,32,2
2026-05-11,600036,13:46:48,37.8000,334,2
2026-05-11,600036,13:46:51,37.8000,348,2
2026-05-11,600036,13:46:54,37.8000,175,2
2026-05-11,600036,13:46:57,37.8000,143,2
2026-05-11,600036,13:47:00,37.8000,116,2
2026-05-11,600036,13:47:03,37.8000,16,2
2026-05-11,600036,13:47:06,37.8100,35,1
2026-05-11,600036,13:47:09,37.8100,27,1
2026-05-11,600036,13:47:12,37.8200,1163,1
2026-05-11,600036,13:47:15,37.8300,252,1
2026-05-11,600036,13:47:18,37.8400,51,1
2026-05-11,600036,13:47:21,37.8400,346,1
2026-05-11,600036,13:47:24,37.8500,296,1
2026-05-11,600036,13:47:27,37.8500,335,2
2026-05-11,600036,13:47:30,37.8600,16,1
2026-05-11,600036,13:47:33,37.8500,107,2
2026-05-11,600036,13:47:36,37.8500,224,2
2026-05-11,600036,13:47:39,37.8600,139,1
2026-05-11,600036,13:47:42,37.8600,223,1
2026-05-11,600036,13:47:45,37.8600,124,2
2026-05-11,600036,13:47:48,37.8600,112,2
2026-05-11,600036,13:47:51,37.8600,100,2
2026-05-11,600036,13:47:54,37.8700,55,1
2026-05-11,600036,13:47:57,37.8800,324,1
2026-05-11,600036,13:48:00,37.8800,260,1
2026-05-11,600036,13:48:03,37.8800,54,1
2026-05-11,600036,13:48:06,37.8800,304,1
2026-05-11,600036,13:48:09,37.8800,115,1
2026-05-11,600036,13:48:12,37.8800,134,2
2026-05-11,600036,13:48:15,37.8800,767,2
2026-05-11,600036,13:48:18,37.9000,3023,1
2026-05-11,600036,13:48:21,37.9100,301,1
2026-05-11,600036,13:48:24,37.9100,97,1
2026-05-11,600036,13:48:27,37.9100,202,1
2026-05-11,600036,13:48:30,37.9100,42,2
2026-05-11,600036,13:48:33,37.9100,146,2
2026-05-11,600036,13:48:36,37.9100,103,2
2026-05-11,600036,13:48:39,37.9100,95,2
2026-05-11,600036,13:48:42,37.9000,161,2
2026-05-11,600036,13:48:45,37.9000,161,2
2026-05-11,600036,13:48:48,37.9100,87,1
2026-05-11,600036,13:48:51,37.9100,37,1
2026-05-11,600036,13:48:54,37.9000,98,2
2026-05-11,600036,13:48:57,37.9100,111,1
2026-05-11,600036,13:49:00,37.9000,90,2
2026-05-11,600036,13:49:03,37.9000,174,1
2026-05-11,600036,13:49:06,37.9100,178,1
2026-05-11,600036,13:49:09,37.9000,174,2
2026-05-11,600036,13:49:12,37.9000,383,1
2026-05-11,600036,13:49:15,37.9000,30,1
2026-05-11,600036,13:49:18,37.9000,135,1
2026-05-11,600036,13:49:21,37.8900,21,2
2026-05-11,600036,13:49:24,37.9200,2291,1
2026-05-11,600036,13:49:27,37.9400,233,1
2026-05-11,600036,13:49:30,37.9400,383,1
2026-05-11,600036,13:49:33,37.9400,205,1
2026-05-11,600036,13:49:36,37.9400,114,1
2026-05-11,600036,13:49:39,37.9400,130,1
2026-05-11,600036,13:49:42,37.9400,148,1
2026-05-11,600036,13:49:45,37.9300,117,2
2026-05-11,600036,13:49:48,37.9300,93,2
2026-05-11,600036,13:49:51,37.9400,33,1
2026-05-11,600036,13:49:54,37.9400,133,1
2026-05-11,600036,13:49:57,37.9400,368,1
2026-05-11,600036,13:50:00,37.9300,414,2
2026-05-11,600036,13:50:03,37.9300,101,2
2026-05-11,600036,13:50:06,37.9300,146,1
2026-05-11,600036,13:50:09,37.9200,206,2
2026-05-11,600036,13:50:12,37.9100,263,4
2026-05-11,600036,13:50:15,37.9000,189,2
2026-05-11,600036,13:50:18,37.9100,190,4
2026-05-11,600036,13:50:21,37.9000,102,1
2026-05-11,600036,13:50:24,37.9100,30,1
2026-05-11,600036,13:50:27,37.8900,247,2
2026-05-11,600036,13:50:30,37.9100,302,1
2026-05-11,600036,13:50:33,37.9000,66,2
2026-05-11,600036,13:50:36,37.9100,84,1
2026-05-11,600036,13:50:39,37.9000,77,2
2026-05-11,600036,13:50:42,37.9100,19,1
2026-05-11,600036,13:50:45,37.9100,94,1
2026-05-11,600036,13:50:48,37.9100,41,1
2026-05-11,600036,13:50:51,37.9000,32,2
2026-05-11,600036,13:50:54,37.9000,80,2
2026-05-11,600036,13:50:57,37.9100,87,1
2026-05-11,600036,13:51:00,37.9000,76,2
2026-05-11,600036,13:51:03,37.9100,204,1
2026-05-11,600036,13:51:06,37.9000,150,2
2026-05-11,600036,13:51:09,37.9000,265,2
2026-05-11,600036,13:51:12,37.9000,48,2
2026-05-11,600036,13:51:15,37.9100,218,1
2026-05-11,600036,13:51:18,37.9000,94,2
2026-05-11,600036,13:51:21,37.9000,200,2
2026-05-11,600036,13:51:24,37.9100,1197,1
2026-05-11,600036,13:51:27,37.9200,97,1
2026-05-11,600036,13:51:30,37.9100,165,2
2026-05-11,600036,13:51:33,37.9100,75,2
2026-05-11,600036,13:51:36,37.9200,31,1
2026-05-11,600036,13:51:39,37.9100,44,2
2026-05-11,600036,13:51:42,37.9100,33,2
2026-05-11,600036,13:51:45,37.9100,138,1
2026-05-11,600036,13:51:48,37.9100,168,1
2026-05-11,600036,13:51:51,37.9100,65,1
2026-05-11,600036,13:51:54,37.9100,5,1
2026-05-11,600036,13:51:57,37.9100,70,1
2026-05-11,600036,13:52:00,37.9000,132,2
2026-05-11,600036,13:52:03,37.9000,30,2
2026-05-11,600036,13:52:06,37.9100,196,1
2026-05-11,600036,13:52:09,37.9000,106,2
2026-05-11,600036,13:52:12,37.8900,117,2
2026-05-11,600036,13:52:15,37.8900,84,2
2026-05-11,600036,13:52:18,37.8900,145,2
2026-05-11,600036,13:52:21,37.8800,222,2
2026-05-11,600036,13:52:24,37.8800,38,2
2026-05-11,600036,13:52:27,37.8800,118,2
2026-05-11,600036,13:52:30,37.8800,111,2
2026-05-11,600036,13:52:33,37.8900,134,1
2026-05-11,600036,13:52:36,37.8900,29,1
2026-05-11,600036,13:52:39,37.8800,144,2
2026-05-11,600036,13:52:42,37.8800,149,2
2026-05-11,600036,13:52:45,37.8800,63,2
2026-05-11,600036,13:52:48,37.8900,193,1
2026-05-11,600036,13:52:51,37.8900,50,1
2026-05-11,600036,13:52:54,37.8800,17,2
2026-05-11,600036,13:52:57,37.8800,67,2
2026-05-11,600036,13:53:00,37.8900,115,1
2026-05-11,600036,13:53:03,37.9000,732,1
2026-05-11,600036,13:53:06,37.8900,120,2
2026-05-11,600036,13:53:09,37.8700,79,2
2026-05-11,600036,13:53:12,37.8800,1,2
2026-05-11,600036,13:53:15,37.8800,67,2
2026-05-11,600036,13:53:18,37.8800,120,1
2026-05-11,600036,13:53:21,37.8800,367,1
2026-05-11,600036,13:53:24,37.8900,238,1
2026-05-11,600036,13:53:27,37.8800,68,1
2026-05-11,600036,13:53:30,37.8700,173,2
2026-05-11,600036,13:53:33,37.8700,26,2
2026-05-11,600036,13:53:36,37.8800,324,1
2026-05-11,600036,13:53:39,37.8700,60,4
2026-05-11,600036,13:53:42,37.8800,35,1
2026-05-11,600036,13:53:45,37.8600,43,2
2026-05-11,600036,13:53:48,37.8700,52,4
2026-05-11,600036,13:53:51,37.8700,38,2
2026-05-11,600036,13:53:54,37.8700,142,1
2026-05-11,600036,13:53:57,37.8700,102,2
2026-05-11,600036,13:54:00,37.8800,364,1
2026-05-11,600036,13:54:03,37.8800,49,1
2026-05-11,600036,13:54:06,37.8900,554,1
2026-05-11,600036,13:54:09,37.8800,160,2
2026-05-11,600036,13:54:12,37.8900,22,1
2026-05-11,600036,13:54:15,37.8900,71,4
2026-05-11,600036,13:54:18,37.8900,103,1
2026-05-11,600036,13:54:21,37.8900,72,1
2026-05-11,600036,13:54:24,37.8800,137,2
2026-05-11,600036,13:54:27,37.8800,73,2
2026-05-11,600036,13:54:30,37.8700,70,2
2026-05-11,600036,13:54:33,37.8700,75,2
2026-05-11,600036,13:54:36,37.8700,301,2
2026-05-11,600036,13:54:39,37.8800,125,1
2026-05-11,600036,13:54:42,37.8800,8,1
2026-05-11,600036,13:54:45,37.8700,79,2
2026-05-11,600036,13:54:48,37.8700,110,2
2026-05-11,600036,13:54:51,37.8800,26,1
2026-05-11,600036,13:54:54,37.8700,47,2
2026-05-11,600036,13:54:57,37.8800,389,1
2026-05-11,600036,13:55:00,37.8700,239,2
2026-05-11,600036,13:55:03,37.8600,237,2
2026-05-11,600036,13:55:06,37.8700,41,2
2026-05-11,600036,13:55:09,37.8600,112,2
2026-05-11,600036,13:55:12,37.8700,74,1
2026-05-11,600036,13:55:15,37.8700,55,1
2026-05-11,600036,13:55:18,37.8600,129,2
2026-05-11,600036,13:55:21,37.8700,56,1
2026-05-11,600036,13:55:24,37.8700,29,1
2026-05-11,600036,13:55:27,37.8600,116,2
2026-05-11,600036,13:55:30,37.8700,136,1
2026-05-11,600036,13:55:33,37.8600,48,2
2026-05-11,600036,13:55:36,37.8600,67,2
2026-05-11,600036,13:55:39,37.8600,58,2
2026-05-11,600036,13:55:42,37.8700,56,1
2026-05-11,600036,13:55:45,37.8700,57,1
2026-05-11,600036,13:55:48,37.8700,36,1
2026-05-11,600036,13:55:51,37.8600,64,2
2026-05-11,600036,13:55:54,37.8600,24,2
2026-05-11,600036,13:55:57,37.8600,72,2
2026-05-11,600036,13:56:00,37.8600,9,2
2026-05-11,600036,13:56:03,37.8600,59,2
2026-05-11,600036,13:56:06,37.8600,358,2
2026-05-11,600036,13:56:09,37.8600,79,2
2026-05-11,600036,13:56:12,37.8600,11,2
2026-05-11,600036,13:56:15,37.8700,162,1
2026-05-11,600036,13:56:18,37.8500,139,2
2026-05-11,600036,13:56:21,37.8700,196,1
2026-05-11,600036,13:56:24,37.8700,40,1
2026-05-11,600036,13:56:27,37.8600,34,2
2026-05-11,600036,13:56:30,37.8600,21,2
2026-05-11,600036,13:56:33,37.8600,109,2
2026-05-11,600036,13:56:36,37.8700,123,1
2026-05-11,600036,13:56:39,37.8600,196,2
2026-05-11,600036,13:56:42,37.8700,923,1
2026-05-11,600036,13:56:45,37.8700,60,1
2026-05-11,600036,13:56:48,37.8600,43,4
2026-05-11,600036,13:56:51,37.8700,117,1
2026-05-11,600036,13:56:54,37.8600,31,2
2026-05-11,600036,13:56:57,37.8700,39,1
2026-05-11,600036,13:57:00,37.8700,61,1
2026-05-11,600036,13:57:03,37.8600,131,2
2026-05-11,600036,13:57:06,37.8700,117,1
2026-05-11,600036,13:57:09,37.8700,71,1
2026-05-11,600036,13:57:12,37.8600,35,2
2026-05-11,600036,13:57:15,37.8700,58,1
2026-05-11,600036,13:57:18,37.8700,52,1
2026-05-11,600036,13:57:21,37.8700,843,1
2026-05-11,600036,13:57:24,37.8700,130,1
2026-05-11,600036,13:57:27,37.8700,4,2
2026-05-11,600036,13:57:30,37.8700,102,2
2026-05-11,600036,13:57:33,37.8800,41,1
2026-05-11,600036,13:57:36,37.8700,51,2
2026-05-11,600036,13:57:39,37.8700,146,2
2026-05-11,600036,13:57:42,37.8800,136,1
2026-05-11,600036,13:57:45,37.8700,44,2
2026-05-11,600036,13:57:48,37.8800,153,1
2026-05-11,600036,13:57:51,37.8800,85,1
2026-05-11,600036,13:57:54,37.8600,125,2
2026-05-11,600036,13:57:57,37.8700,100,1
2026-05-11,600036,13:58:00,37.8700,160,1
2026-05-11,600036,13:58:03,37.8700,377,1
2026-05-11,600036,13:58:06,37.8600,608,2
2026-05-11,600036,13:58:09,37.8700,92,1
2026-05-11,600036,13:58:12,37.8600,102,2
2026-05-11,600036,13:58:15,37.8600,182,2
2026-05-11,600036,13:58:18,37.8600,15,2
2026-05-11,600036,13:58:21,37.8700,17,1
2026-05-11,600036,13:58:24,37.8600,217,2
2026-05-11,600036,13:58:27,37.8600,41,2
2026-05-11,600036,13:58:30,37.8600,50,2
2026-05-11,600036,13:58:33,37.8700,27,1
2026-05-11,600036,13:58:36,37.8700,70,1
2026-05-11,600036,13:58:39,37.8500,127,2
2026-05-11,600036,13:58:42,37.8600,29,1
2026-05-11,600036,13:58:45,37.8600,323,1
2026-05-11,600036,13:58:48,37.8600,260,1
2026-05-11,600036,13:58:51,37.8600,233,2
2026-05-11,600036,13:58:54,37.8600,162,2
2026-05-11,600036,13:58:57,37.8600,114,2
2026-05-11,600036,13:59:00,37.8600,132,2
2026-05-11,600036,13:59:03,37.8600,470,1
2026-05-11,600036,13:59:06,37.8500,22,2
2026-05-11,600036,13:59:09,37.8500,188,2
2026-05-11,600036,13:59:12,37.8500,113,2
2026-05-11,600036,13:59:15,37.8500,171,2
2026-05-11,600036,13:59:18,37.8500,151,2
2026-05-11,600036,13:59:21,37.8600,60,1
2026-05-11,600036,13:59:24,37.8600,71,1
2026-05-11,600036,13:59:27,37.8500,47,2
2026-05-11,600036,13:59:30,37.8600,951,1
2026-05-11,600036,13:59:33,37.8600,56,2
2026-05-11,600036,13:59:36,37.8600,137,2
2026-05-11,600036,13:59:39,37.8600,1041,2
2026-05-11,600036,13:59:42,37.8500,20,2
2026-05-11,600036,13:59:45,37.8500,55,2
2026-05-11,600036,13:59:48,37.8500,187,2
2026-05-11,600036,13:59:51,37.8600,39,1
2026-05-11,600036,13:59:54,37.8400,33,2
2026-05-11,600036,13:59:57,37.8400,62,2
2026-05-11,600036,14:00:00,37.8700,1697,1
2026-05-11,600036,14:00:03,37.8600,339,2
2026-05-11,600036,14:00:06,37.8600,56,2
2026-05-11,600036,14:00:09,37.8700,69,1
2026-05-11,600036,14:00:12,37.8800,360,1
2026-05-11,600036,14:00:15,37.8800,759,1
2026-05-11,600036,14:00:18,37.8800,52,2
2026-05-11,600036,14:00:21,37.8900,66,1
2026-05-11,600036,14:00:24,37.8800,101,2
2026-05-11,600036,14:00:27,37.8800,116,2
2026-05-11,600036,14:00:30,37.8900,21,1
2026-05-11,600036,14:00:33,37.8900,40,1
2026-05-11,600036,14:00:36,37.8800,145,2
2026-05-11,600036,14:00:39,37.8900,53,1
2026-05-11,600036,14:00:42,37.8900,6,1
2026-05-11,600036,14:00:45,37.8900,45,1
2026-05-11,600036,14:00:48,37.8800,85,2
2026-05-11,600036,14:00:51,37.8800,39,2
2026-05-11,600036,14:00:54,37.8900,390,1
2026-05-11,600036,14:00:57,37.8900,275,1
2026-05-11,600036,14:01:00,37.8900,133,2
2026-05-11,600036,14:01:03,37.9000,35,1
2026-05-11,600036,14:01:06,37.9000,70,1
2026-05-11,600036,14:01:09,37.9000,44,1
2026-05-11,600036,14:01:12,37.9000,59,1
2026-05-11,600036,14:01:15,37.8900,63,2
2026-05-11,600036,14:01:18,37.8900,114,2
2026-05-11,600036,14:01:21,37.8900,131,2
2026-05-11,600036,14:01:24,37.9000,58,1
2026-05-11,600036,14:01:27,37.9000,82,1
2026-05-11,600036,14:01:30,37.9000,65,1
2026-05-11,600036,14:01:33,37.9000,121,1
2026-05-11,600036,14:01:36,37.9000,440,1
2026-05-11,600036,14:01:39,37.9000,561,1
2026-05-11,600036,14:01:42,37.9100,222,1
2026-05-11,600036,14:01:45,37.9100,314,1
2026-05-11,600036,14:01:48,37.9100,19,2
2026-05-11,600036,14:01:51,37.9100,80,2
2026-05-11,600036,14:01:54,37.9100,53,2
2026-05-11,600036,14:01:57,37.9100,116,2
2026-05-11,600036,14:02:00,37.9100,55,2
2026-05-11,600036,14:02:03,37.9100,128,2
2026-05-11,600036,14:02:06,37.9100,32,2
2026-05-11,600036,14:02:09,37.9100,123,2
2026-05-11,600036,14:02:12,37.9200,72,1
2026-05-11,600036,14:02:15,37.9100,50,2
2026-05-11,600036,14:02:18,37.9100,264,2
2026-05-11,600036,14:02:21,37.9200,235,1
2026-05-11,600036,14:02:24,37.9200,50,2
2026-05-11,600036,14:02:27,37.9300,105,1
2026-05-11,600036,14:02:30,37.9200,72,2
2026-05-11,600036,14:02:33,37.9300,33,1
2026-05-11,600036,14:02:36,37.9200,112,2
2026-05-11,600036,14:02:39,37.9200,60,2
2026-05-11,600036,14:02:42,37.9300,43,1
2026-05-11,600036,14:02:45,37.9200,143,2
2026-05-11,600036,14:02:48,37.9200,134,2
2026-05-11,600036,14:02:51,37.9200,22,2
2026-05-11,600036,14:02:54,37.9200,414,2
2026-05-11,600036,14:02:57,37.9300,440,1
2026-05-11,600036,14:03:00,37.9300,170,2
2026-05-11,600036,14:03:03,37.9300,387,2
2026-05-11,600036,14:03:06,37.9300,45,2
2026-05-11,600036,14:03:09,37.9300,135,2
2026-05-11,600036,14:03:12,37.9300,24,2
2026-05-11,600036,14:03:15,37.9300,68,2
2026-05-11,600036,14:03:18,37.9300,654,2
2026-05-11,600036,14:03:21,37.9300,20,1
2026-05-11,600036,14:03:24,37.9200,100,2
2026-05-11,600036,14:03:27,37.9200,188,2
2026-05-11,600036,14:03:30,37.9200,31,2
2026-05-11,600036,14:03:33,37.9200,89,2
2026-05-11,600036,14:03:36,37.9200,702,2
2026-05-11,600036,14:03:39,37.9100,112,2
2026-05-11,600036,14:03:42,37.9100,137,2
2026-05-11,600036,14:03:45,37.9100,128,2
2026-05-11,600036,14:03:48,37.9100,224,2
2026-05-11,600036,14:03:51,37.9200,154,1
2026-05-11,600036,14:03:54,37.9100,122,2
2026-05-11,600036,14:03:57,37.9100,259,2
2026-05-11,600036,14:04:00,37.9100,169,2
2026-05-11,600036,14:04:03,37.9200,105,1
2026-05-11,600036,14:04:06,37.9100,345,2
2026-05-11,600036,14:04:09,37.9200,458,1
2026-05-11,600036,14:04:12,37.9200,420,2
2026-05-11,600036,14:04:15,37.9300,243,1
2026-05-11,600036,14:04:18,37.9300,31,2
2026-05-11,600036,14:04:21,37.9300,92,2
2026-05-11,600036,14:04:24,37.9300,63,2
2026-05-11,600036,14:04:27,37.9300,115,2
2026-05-11,600036,14:04:30,37.9300,104,2
2026-05-11,600036,14:04:33,37.9300,88,2
2026-05-11,600036,14:04:36,37.9400,390,1
2026-05-11,600036,14:04:39,37.9300,415,2
2026-05-11,600036,14:04:42,37.9300,186,2
2026-05-11,600036,14:04:45,37.9400,215,1
2026-05-11,600036,14:04:48,37.9300,228,2
2026-05-11,600036,14:04:51,37.9400,330,1
2026-05-11,600036,14:04:54,37.9400,94,1
2026-05-11,600036,14:04:57,37.9300,276,2
2026-05-11,600036,14:05:00,37.9400,111,1
2026-05-11,600036,14:05:03,37.9400,254,1
2026-05-11,600036,14:05:06,37.9300,183,2
2026-05-11,600036,14:05:09,37.9400,459,1
2026-05-11,600036,14:05:12,37.9400,42,2
2026-05-11,600036,14:05:15,37.9400,183,2
2026-05-11,600036,14:05:18,37.9400,25,2
2026-05-11,600036,14:05:21,37.9500,172,1
2026-05-11,600036,14:05:24,37.9500,625,1
2026-05-11,600036,14:05:27,37.9500,1097,1
2026-05-11,600036,14:05:30,37.9500,49,1
2026-05-11,600036,14:05:33,37.9400,58,2
2026-05-11,600036,14:05:36,37.9500,91,1
2026-05-11,600036,14:05:39,37.9500,99,1
2026-05-11,600036,14:05:42,37.9400,465,2
2026-05-11,600036,14:05:45,37.9400,274,1
2026-05-11,600036,14:05:48,37.9400,187,1
2026-05-11,600036,14:05:51,37.9400,31,2
2026-05-11,600036,14:05:54,37.9400,75,2
2026-05-11,600036,14:05:57,37.9400,295,2
2026-05-11,600036,14:06:00,37.9500,158,1
2026-05-11,600036,14:06:03,37.9400,337,2
2026-05-11,600036,14:06:06,37.9400,108,2
2026-05-11,600036,14:06:09,37.9400,176,2
2026-05-11,600036,14:06:12,37.9500,86,1
2026-05-11,600036,14:06:15,37.9500,208,1
2026-05-11,600036,14:06:18,37.9500,269,1
2026-05-11,600036,14:06:21,37.9500,277,1
2026-05-11,600036,14:06:24,37.9400,216,2
2026-05-11,600036,14:06:27,37.9400,398,2
2026-05-11,600036,14:06:30,37.9500,176,1
2026-05-11,600036,14:06:33,37.9500,379,1
2026-05-11,600036,14:06:36,37.9300,147,2
2026-05-11,600036,14:06:39,37.9500,111,1
2026-05-11,600036,14:06:42,37.9400,39,2
2026-05-11,600036,14:06:45,37.9400,89,2
2026-05-11,600036,14:06:48,37.9400,158,2
2026-05-11,600036,14:06:51,37.9500,200,1
2026-05-11,600036,14:06:54,37.9400,32,2
2026-05-11,600036,14:06:57,37.9400,641,2
2026-05-11,600036,14:07:00,37.9400,504,2
2026-05-11,600036,14:07:03,37.9400,41,1
2026-05-11,600036,10:57:03,37.8000,79,2
2026-05-11,600036,10:57:06,37.8100,28,1
2026-05-11,600036,10:57:09,37.8100,37,1
2026-05-11,600036,10:57:12,37.8000,24,2
2026-05-11,600036,10:57:15,37.8100,88,1
2026-05-11,600036,10:57:18,37.8100,50,1
2026-05-11,600036,10:57:21,37.8100,28,1
2026-05-11,600036,10:57:24,37.8000,34,2
2026-05-11,600036,10:57:27,37.8000,67,2
2026-05-11,600036,10:57:30,37.8100,47,1
2026-05-11,600036,10:57:33,37.8100,43,1
2026-05-11,600036,10:57:36,37.8100,109,1
2026-05-11,600036,10:57:39,37.8000,95,2
2026-05-11,600036,10:57:42,37.8100,133,1
2026-05-11,600036,10:57:45,37.8000,94,2
2026-05-11,600036,10:57:48,37.8100,106,1
2026-05-11,600036,10:57:51,37.8100,30,1
2026-05-11,600036,10:57:54,37.8100,52,1
2026-05-11,600036,10:57:57,37.8100,117,1
2026-05-11,600036,10:58:00,37.8100,93,1
2026-05-11,600036,10:58:03,37.8000,119,2
2026-05-11,600036,10:58:06,37.8100,16,1
2026-05-11,600036,10:58:09,37.8000,10,2
2026-05-11,600036,10:58:12,37.8100,17,1
2026-05-11,600036,10:58:15,37.8100,12,1
2026-05-11,600036,10:58:18,37.8100,51,1
2026-05-11,600036,10:58:21,37.8100,1,1
2026-05-11,600036,10:58:24,37.8100,92,1
2026-05-11,600036,10:58:27,37.8000,37,2
2026-05-11,600036,10:58:30,37.8100,88,1
2026-05-11,600036,10:58:33,37.8100,309,1
2026-05-11,600036,10:58:36,37.8000,83,2
2026-05-11,600036,10:58:39,37.8100,11,1
2026-05-11,600036,10:58:42,37.8100,12,1
2026-05-11,600036,10:58:45,37.8100,8,1
2026-05-11,600036,10:58:48,37.8100,48,1
2026-05-11,600036,10:58:51,37.8100,70,1
2026-05-11,600036,10:58:54,37.8100,32,1
2026-05-11,600036,10:58:57,37.8100,23,1
2026-05-11,600036,10:59:00,37.8100,277,1
2026-05-11,600036,10:59:03,37.8000,551,2
2026-05-11,600036,10:59:06,37.8100,53,1
2026-05-11,600036,10:59:09,37.8000,41,2
2026-05-11,600036,10:59:12,37.8100,238,1
2026-05-11,600036,10:59:15,37.8100,46,1
2026-05-11,600036,10:59:18,37.8100,19,1
2026-05-11,600036,10:59:21,37.8100,21,1
2026-05-11,600036,10:59:24,37.8100,73,1
2026-05-11,600036,10:59:27,37.8000,104,2
2026-05-11,600036,10:59:30,37.8000,16,2
2026-05-11,600036,10:59:33,37.8000,37,2
2026-05-11,600036,10:59:36,37.8100,320,1
2026-05-11,600036,10:59:39,37.8000,87,2
2026-05-11,600036,10:59:42,37.8100,299,1
2026-05-11,600036,10:59:45,37.8100,22,1
2026-05-11,600036,10:59:48,37.8000,143,2
2026-05-11,600036,10:59:51,37.8100,3,1
2026-05-11,600036,10:59:54,37.8000,112,2
2026-05-11,600036,10:59:57,37.8100,73,1
2026-05-11,600036,11:00:00,37.8000,81,2
2026-05-11,600036,11:00:03,37.8100,117,1
2026-05-11,600036,11:00:06,37.8000,58,2
2026-05-11,600036,11:00:09,37.8100,80,1
2026-05-11,600036,11:00:12,37.8000,93,2
2026-05-11,600036,11:00:15,37.8000,309,2
2026-05-11,600036,11:00:18,37.8100,49,1
2026-05-11,600036,11:00:21,37.8100,50,1
2026-05-11,600036,11:00:24,37.8000,19,2
2026-05-11,600036,11:00:27,37.8100,26,1
2026-05-11,600036,11:00:30,37.8100,68,1
2026-05-11,600036,11:00:33,37.8000,72,2
2026-05-11,600036,11:00:36,37.8100,161,1
2026-05-11,600036,11:00:39,37.8100,129,1
2026-05-11,600036,11:00:42,37.8000,308,2
2026-05-11,600036,11:00:45,37.8100,154,1
2026-05-11,600036,11:00:48,37.8100,196,1
2026-05-11,600036,11:00:51,37.8000,97,2
2026-05-11,600036,11:00:54,37.8100,23,1
2026-05-11,600036,11:00:57,37.8000,88,2
2026-05-11,600036,11:01:00,37.8100,27,1
2026-05-11,600036,11:01:03,37.8100,88,1
2026-05-11,600036,11:01:06,37.8100,337,1
2026-05-11,600036,11:01:09,37.8100,77,1
2026-05-11,600036,11:01:12,37.8100,126,1
2026-05-11,600036,11:01:15,37.8100,67,1
2026-05-11,600036,11:01:18,37.8100,140,1
2026-05-11,600036,11:01:21,37.8000,88,2
2026-05-11,600036,11:01:24,37.8000,158,2
2026-05-11,600036,11:01:27,37.8000,121,2
2026-05-11,600036,11:01:30,37.8000,99,2
2026-05-11,600036,11:01:33,37.8000,77,2
2026-05-11,600036,11:01:36,37.8100,279,1
2026-05-11,600036,11:01:39,37.8100,111,1
2026-05-11,600036,11:01:42,37.8100,175,1
2026-05-11,600036,11:01:45,37.8100,171,1
2026-05-11,600036,11:01:48,37.8100,77,1
2026-05-11,600036,11:01:51,37.8100,134,1
2026-05-11,600036,11:01:54,37.8000,828,2
2026-05-11,600036,11:01:57,37.8100,125,1
2026-05-11,600036,11:02:00,37.8000,2927,2
2026-05-11,600036,11:02:03,37.8000,4320,2
2026-05-11,600036,11:02:06,37.8000,104,1
2026-05-11,600036,11:02:09,37.8000,397,1
2026-05-11,600036,11:02:12,37.8000,737,1
2026-05-11,600036,11:02:15,37.8100,233,1
2026-05-11,600036,11:02:18,37.8100,36,1
2026-05-11,600036,11:02:21,37.8100,188,1
2026-05-11,600036,11:02:24,37.8100,191,1
2026-05-11,600036,11:02:27,37.8000,31,2
2026-05-11,600036,11:02:30,37.8100,49,1
2026-05-11,600036,11:02:33,37.8100,72,1
2026-05-11,600036,11:02:36,37.8100,3,1
2026-05-11,600036,11:02:39,37.8100,141,1
2026-05-11,600036,11:02:42,37.8100,245,1
2026-05-11,600036,11:02:45,37.8000,12,2
2026-05-11,600036,11:02:48,37.8000,186,2
2026-05-11,600036,11:02:51,37.8100,35,2
2026-05-11,600036,11:02:54,37.8100,224,2
2026-05-11,600036,11:02:57,37.8100,43,1
2026-05-11,600036,11:03:00,37.8000,152,2
2026-05-11,600036,11:03:03,37.8000,115,2
2026-05-11,600036,11:03:06,37.8000,743,2
2026-05-11,600036,11:03:09,37.8100,27,1
2026-05-11,600036,11:03:12,37.8000,54,2
2026-05-11,600036,11:03:15,37.8100,59,1
2026-05-11,600036,11:03:18,37.8100,90,1
2026-05-11,600036,11:03:21,37.8100,97,1
2026-05-11,600036,11:03:24,37.8100,127,1
2026-05-11,600036,11:03:27,37.8100,216,1
2026-05-11,600036,11:03:30,37.8100,24,1
2026-05-11,600036,11:03:33,37.8100,73,1
2026-05-11,600036,11:03:36,37.8000,95,2
2026-05-11,600036,11:03:39,37.8100,50,1
2026-05-11,600036,11:03:42,37.8100,46,1
2026-05-11,600036,11:03:45,37.8100,57,1
2026-05-11,600036,11:03:48,37.8100,9,1
2026-05-11,600036,11:03:51,37.8000,80,2
2026-05-11,600036,11:03:54,37.8100,208,1
2026-05-11,600036,11:03:57,37.8100,65,1
2026-05-11,600036,11:04:00,37.8100,73,1
2026-05-11,600036,11:04:03,37.8100,54,1
2026-05-11,600036,11:04:06,37.8100,38,1
2026-05-11,600036,11:04:09,37.8100,65,1
2026-05-11,600036,11:04:12,37.8100,34,1
2026-05-11,600036,11:04:15,37.8100,65,2
2026-05-11,600036,11:04:18,37.8100,44,1
2026-05-11,600036,11:04:21,37.8000,48,2
2026-05-11,600036,11:04:24,37.8100,90,1
2026-05-11,600036,11:04:27,37.8100,77,1
2026-05-11,600036,11:04:30,37.8100,36,1
2026-05-11,600036,11:04:33,37.8100,34,1
2026-05-11,600036,11:04:36,37.8000,75,2
2026-05-11,600036,11:04:39,37.8100,141,1
2026-05-11,600036,11:04:42,37.8100,37,1
2026-05-11,600036,11:04:45,37.8100,48,1
2026-05-11,600036,11:04:48,37.8100,115,1
2026-05-11,600036,11:04:51,37.8100,112,1
2026-05-11,600036,11:04:54,37.8000,136,2
2026-05-11,600036,11:04:57,37.8000,109,2
2026-05-11,600036,11:05:00,37.8100,48,1
2026-05-11,600036,11:05:03,37.8100,103,1
2026-05-11,600036,11:05:06,37.8100,23,2
2026-05-11,600036,11:05:09,37.8100,102,2
2026-05-11,600036,11:05:12,37.8100,11,2
2026-05-11,600036,11:05:15,37.8100,238,2
2026-05-11,600036,11:05:18,37.8100,25,2
2026-05-11,600036,11:05:21,37.8000,95,2
2026-05-11,600036,11:05:24,37.8100,98,1
2026-05-11,600036,11:05:27,37.8000,31,2
2026-05-11,600036,11:05:30,37.8100,28,1
2026-05-11,600036,11:05:33,37.8100,147,1
2026-05-11,600036,11:05:36,37.8100,8,1
2026-05-11,600036,11:05:39,37.8000,56,2
2026-05-11,600036,11:05:42,37.8000,12,2
2026-05-11,600036,11:05:45,37.8000,81,2
2026-05-11,600036,11:05:48,37.8000,84,2
2026-05-11,600036,11:05:51,37.8100,118,1
2026-05-11,600036,11:05:54,37.8100,56,1
2026-05-11,600036,11:05:57,37.8100,105,1
2026-05-11,600036,11:06:00,37.8000,63,2
2026-05-11,600036,11:06:03,37.8100,105,1
2026-05-11,600036,11:06:06,37.8100,134,1
2026-05-11,600036,11:06:09,37.8100,57,1
2026-05-11,600036,11:06:12,37.8000,42,2
2026-05-11,600036,11:06:15,37.8000,56,2
2026-05-11,600036,11:06:18,37.8100,127,1
2026-05-11,600036,11:06:21,37.8100,38,2
2026-05-11,600036,11:06:24,37.8100,44,2
2026-05-11,600036,11:06:27,37.8100,96,2
2026-05-11,600036,11:06:30,37.8100,32,1
2026-05-11,600036,11:06:33,37.8100,3,2
2026-05-11,600036,11:06:36,37.8100,78,2
2026-05-11,600036,11:06:39,37.8100,95,1
2026-05-11,600036,11:06:42,37.8100,54,2
2026-05-11,600036,11:06:45,37.8100,83,2
2026-05-11,600036,11:06:48,37.8000,123,2
2026-05-11,600036,11:06:51,37.8000,91,2
2026-05-11,600036,11:06:54,37.8100,54,1
2026-05-11,600036,11:06:57,37.8100,43,1
2026-05-11,600036,11:07:00,37.8000,18,2
2026-05-11,600036,11:07:03,37.8100,68,1
2026-05-11,600036,11:07:06,37.8100,24,1
2026-05-11,600036,11:07:09,37.8100,34,1
2026-05-11,600036,11:07:12,37.8100,314,1
2026-05-11,600036,11:07:15,37.8100,15,1
2026-05-11,600036,11:07:18,37.8100,28,2
2026-05-11,600036,11:07:21,37.8100,97,2
2026-05-11,600036,11:07:24,37.8100,13,2
2026-05-11,600036,11:07:27,37.8200,77,1
2026-05-11,600036,11:07:30,37.8100,29,2
2026-05-11,600036,11:07:33,37.8100,28,2
2026-05-11,600036,11:07:36,37.8200,53,1
2026-05-11,600036,11:07:39,37.8200,35,1
2026-05-11,600036,11:07:42,37.8100,32,2
2026-05-11,600036,11:07:45,37.8200,15,1
2026-05-11,600036,11:07:48,37.8200,3,1
2026-05-11,600036,11:07:51,37.8100,22,2
2026-05-11,600036,11:07:54,37.8200,3,1
2026-05-11,600036,11:07:57,37.8200,54,1
2026-05-11,600036,11:08:00,37.8200,51,1
2026-05-11,600036,11:08:03,37.8200,50,1
2026-05-11,600036,11:08:06,37.8100,39,2
2026-05-11,600036,11:08:09,37.8100,45,2
2026-05-11,600036,11:08:12,37.8100,77,2
2026-05-11,600036,11:08:15,37.8100,85,2
2026-05-11,600036,11:08:18,37.8100,57,2
2026-05-11,600036,11:08:21,37.8200,16,1
2026-05-11,600036,11:08:24,37.8200,10,1
2026-05-11,600036,11:08:27,37.8100,11,2
2026-05-11,600036,11:08:30,37.8200,36,1
2026-05-11,600036,11:08:33,37.8100,126,2
2026-05-11,600036,11:08:36,37.8200,5,1
2026-05-11,600036,11:08:39,37.8100,120,2
2026-05-11,600036,11:08:42,37.8100,126,2
2026-05-11,600036,11:08:45,37.8100,45,1
2026-05-11,600036,11:08:48,37.8100,142,1
2026-05-11,600036,11:08:51,37.8000,71,2
2026-05-11,600036,11:08:54,37.8100,83,1
2026-05-11,600036,11:08:57,37.8100,149,1
2026-05-11,600036,11:09:00,37.8200,35,1
2026-05-11,600036,11:09:03,37.8200,68,1
2026-05-11,600036,11:09:06,37.8200,62,1
2026-05-11,600036,11:09:09,37.8200,80,1
2026-05-11,600036,11:09:12,37.8100,6,2
2026-05-11,600036,11:09:15,37.8100,40,2
2026-05-11,600036,11:09:18,37.8100,141,2
2026-05-11,600036,11:09:21,37.8200,11,1
2026-05-11,600036,11:09:24,37.8200,16,1
2026-05-11,600036,11:09:27,37.8100,26,2
2026-05-11,600036,11:09:30,37.8200,25,1
2026-05-11,600036,11:09:33,37.8100,57,2
2026-05-11,600036,11:09:36,37.8100,544,2
2026-05-11,600036,11:09:39,37.8200,765,1
2026-05-11,600036,11:09:42,37.8200,78,1
2026-05-11,600036,11:09:45,37.8300,486,1
2026-05-11,600036,11:09:48,37.8200,408,2
2026-05-11,600036,11:09:51,37.8300,266,1
2026-05-11,600036,11:09:54,37.8200,132,2
2026-05-11,600036,11:09:57,37.8200,77,2
2026-05-11,600036,11:10:00,37.8300,4,1
2026-05-11,600036,11:10:03,37.8200,27,2
2026-05-11,600036,11:10:06,37.8300,108,1
2026-05-11,600036,11:10:09,37.8300,25,1
2026-05-11,600036,11:10:12,37.8300,17,1
2026-05-11,600036,11:10:15,37.8300,28,1
2026-05-11,600036,11:10:18,37.8300,28,1
2026-05-11,600036,11:10:21,37.8300,21,1
2026-05-11,600036,11:10:24,37.8300,67,1
2026-05-11,600036,11:10:27,37.8300,29,1
2026-05-11,600036,11:10:30,37.8300,33,1
2026-05-11,600036,11:10:33,37.8300,37,1
2026-05-11,600036,11:10:36,37.8300,29,1
2026-05-11,600036,11:10:39,37.8200,14,2
2026-05-11,600036,11:10:42,37.8300,119,1
2026-05-11,600036,11:10:45,37.8300,55,1
2026-05-11,600036,11:10:48,37.8300,33,1
2026-05-11,600036,11:10:51,37.8300,23,1
2026-05-11,600036,11:10:54,37.8300,105,1
2026-05-11,600036,11:10:57,37.8200,23,2
2026-05-11,600036,11:11:00,37.8300,22,1
2026-05-11,600036,11:11:03,37.8300,124,2
2026-05-11,600036,11:11:06,37.8300,42,1
2026-05-11,600036,11:11:09,37.8300,50,1
2026-05-11,600036,11:11:12,37.8200,32,2
2026-05-11,600036,11:11:15,37.8200,14,2
2026-05-11,600036,11:11:18,37.8300,3,1
2026-05-11,600036,11:11:21,37.8300,61,1
2026-05-11,600036,11:11:24,37.8300,133,1
2026-05-11,600036,11:11:27,37.8300,185,1
2026-05-11,600036,11:11:30,37.8300,216,2
2026-05-11,600036,11:11:33,37.8300,97,1
2026-05-11,600036,11:11:36,37.8300,7,1
2026-05-11,600036,11:11:39,37.8300,81,1
2026-05-11,600036,11:11:42,37.8300,94,2
2026-05-11,600036,11:11:45,37.8300,17,2
2026-05-11,600036,11:11:48,37.8300,29,2
2026-05-11,600036,11:11:51,37.8200,704,2
2026-05-11,600036,11:11:54,37.8200,36,1
2026-05-11,600036,11:11:57,37.8100,24,2
2026-05-11,600036,11:12:00,37.8100,47,2
2026-05-11,600036,11:12:03,37.8200,205,1
2026-05-11,600036,11:12:06,37.8200,9,2
2026-05-11,600036,11:12:09,37.8300,113,1
2026-05-11,600036,11:12:12,37.8300,62,1
2026-05-11,600036,11:12:15,37.8300,37,1
2026-05-11,600036,11:12:18,37.8300,10,1
2026-05-11,600036,11:12:21,37.8300,10,1
2026-05-11,600036,11:12:24,37.8300,74,1
2026-05-11,600036,11:12:27,37.8200,36,2
2026-05-11,600036,11:12:30,37.8300,6,1
2026-05-11,600036,11:12:33,37.8200,106,2
2026-05-11,600036,11:12:36,37.8300,586,1
2026-05-11,600036,11:12:39,37.8300,52,2
2026-05-11,600036,11:12:42,37.8300,548,1
2026-05-11,600036,11:12:45,37.8400,3,1
2026-05-11,600036,11:12:48,37.8500,16,1
2026-05-11,600036,11:12:51,37.8300,73,2
2026-05-11,600036,11:12:54,37.8300,59,1
2026-05-11,600036,11:12:57,37.8300,48,2
2026-05-11,600036,11:13:00,37.8400,36,1
2026-05-11,600036,11:13:03,37.8400,4,1
2026-05-11,600036,11:13:06,37.8400,24,1
2026-05-11,600036,11:13:09,37.8300,46,2
2026-05-11,600036,11:13:12,37.8400,21,1
2026-05-11,600036,11:13:15,37.8300,155,2
2026-05-11,600036,11:13:18,37.8700,654,1
2026-05-11,600036,11:13:21,37.8400,8,2
2026-05-11,600036,11:13:24,37.8400,217,2
2026-05-11,600036,11:13:27,37.8500,55,1
2026-05-11,600036,11:13:30,37.8400,29,2
2026-05-11,600036,11:13:33,37.8500,27,1
2026-05-11,600036,11:13:36,37.8500,2,1
2026-05-11,600036,11:13:39,37.8500,44,1
2026-05-11,600036,11:13:42,37.8400,43,2
2026-05-11,600036,11:13:45,37.8500,40,1
2026-05-11,600036,11:13:48,37.8500,51,1
2026-05-11,600036,11:13:51,37.8400,42,2
2026-05-11,600036,11:13:54,37.8500,41,1
2026-05-11,600036,11:13:57,37.8400,33,2
2026-05-11,600036,11:14:00,37.8500,18,1
2026-05-11,600036,11:14:03,37.8500,18,1
2026-05-11,600036,11:14:06,37.8500,3,1
2026-05-11,600036,11:14:09,37.8500,46,1
2026-05-11,600036,11:14:12,37.8500,65,1
2026-05-11,600036,11:14:15,37.8400,18,2
2026-05-11,600036,11:14:18,37.8500,15,1
2026-05-11,600036,11:14:21,37.8500,35,1
2026-05-11,600036,11:14:24,37.8500,6,4
2026-05-11,600036,11:14:27,37.8600,529,1
2026-05-11,600036,11:14:30,37.8600,73,1
2026-05-11,600036,11:14:33,37.8600,14,1
2026-05-11,600036,11:14:36,37.8600,140,1
2026-05-11,600036,11:14:39,37.8600,75,2
2026-05-11,600036,11:14:42,37.8700,23,1
2026-05-11,600036,11:14:45,37.8600,297,2
2026-05-11,600036,11:14:48,37.8600,64,2
2026-05-11,600036,11:14:51,37.8600,322,2
2026-05-11,600036,11:14:54,37.8600,73,2
2026-05-11,600036,11:14:57,37.8600,33,1
2026-05-11,600036,11:15:00,37.8600,42,1
2026-05-11,600036,11:15:03,37.8600,56,1
2026-05-11,600036,11:15:06,37.8600,277,1
2026-05-11,600036,11:15:09,37.8700,149,1
2026-05-11,600036,11:15:12,37.8500,31,2
2026-05-11,600036,11:15:15,37.8600,116,1
2026-05-11,600036,11:15:18,37.8600,1389,1
2026-05-11,600036,11:15:21,37.8700,1,1
2026-05-11,600036,11:15:24,37.8700,22,1
2026-05-11,600036,11:15:27,37.8700,62,1
2026-05-11,600036,11:15:30,37.8700,145,1
2026-05-11,600036,11:15:33,37.8700,320,1
2026-05-11,600036,11:15:36,37.8700,19,2
2026-05-11,600036,11:15:39,37.8800,14,1
2026-05-11,600036,11:15:42,37.8800,42,1
2026-05-11,600036,11:15:45,37.8800,29,1
2026-05-11,600036,11:15:48,37.8700,579,2
2026-05-11,600036,11:15:51,37.8800,52,1
2026-05-11,600036,11:15:54,37.8700,23,1
2026-05-11,600036,11:15:57,37.8600,34,2
2026-05-11,600036,11:16:00,37.8600,51,2
2026-05-11,600036,11:16:03,37.8700,507,1
2026-05-11,600036,11:16:06,37.8700,225,2
2026-05-11,600036,11:16:09,37.8700,92,2
2026-05-11,600036,11:16:12,37.8700,20,1
2026-05-11,600036,11:16:15,37.8700,14,4
2026-05-11,600036,11:16:18,37.8800,110,1
2026-05-11,600036,11:16:21,37.8600,87,2
2026-05-11,600036,11:16:24,37.8700,30,1
2026-05-11,600036,11:16:27,37.8700,39,1
2026-05-11,600036,11:16:30,37.8600,75,2
2026-05-11,600036,11:16:33,37.8700,55,1
2026-05-11,600036,11:16:36,37.8700,37,1
2026-05-11,600036,11:16:39,37.8600,42,2
2026-05-11,600036,11:16:42,37.8700,266,1
2026-05-11,600036,11:16:45,37.8600,99,2
2026-05-11,600036,11:16:48,37.8600,1622,2
2026-05-11,600036,11:16:51,37.8500,376,2
2026-05-11,600036,11:16:54,37.8400,665,2
2026-05-11,600036,11:16:57,37.8400,69,1
2026-05-11,600036,11:17:00,37.8400,191,1
2026-05-11,600036,11:17:03,37.8300,47,2
2026-05-11,600036,11:17:06,37.8400,115,1
2026-05-11,600036,11:17:09,37.8300,594,2
2026-05-11,600036,11:17:12,37.8300,257,1
2026-05-11,600036,11:17:15,37.8300,259,1
2026-05-11,600036,11:17:18,37.8400,561,1
2026-05-11,600036,11:17:21,37.8400,25,2
2026-05-11,600036,11:17:24,37.8300,123,2
2026-05-11,600036,11:17:27,37.8500,29,1
2026-05-11,600036,11:17:30,37.8400,42,2
2026-05-11,600036,11:17:33,37.8400,46,1
2026-05-11,600036,11:17:36,37.8400,49,1
2026-05-11,600036,11:17:39,37.8300,49,2
2026-05-11,600036,11:17:42,37.8300,138,2
2026-05-11,600036,11:17:45,37.8200,91,2
2026-05-11,600036,11:17:48,37.8200,41,2
2026-05-11,600036,11:17:51,37.8300,61,1
2026-05-11,600036,11:17:54,37.8300,110,1
2026-05-11,600036,11:17:57,37.8300,57,1
2026-05-11,600036,11:18:00,37.8300,235,1
2026-05-11,600036,11:18:03,37.8200,54,2
2026-05-11,600036,11:18:06,37.8300,64,1
2026-05-11,600036,11:18:09,37.8400,26,1
2026-05-11,600036,11:18:12,37.8200,18,2
2026-05-11,600036,11:18:15,37.8300,26,2
2026-05-11,600036,11:18:18,37.8300,26,2
2026-05-11,600036,11:18:21,37.8300,26,2
2026-05-11,600036,11:18:24,37.8300,25,2
2026-05-11,600036,11:18:27,37.8300,147,2
2026-05-11,600036,11:18:30,37.8300,46,2
2026-05-11,600036,11:18:33,37.8400,26,1
2026-05-11,600036,11:18:36,37.8400,37,1
2026-05-11,600036,11:18:39,37.8300,164,2
2026-05-11,600036,11:18:42,37.8300,70,2
2026-05-11,600036,11:18:45,37.8400,39,1
2026-05-11,600036,11:18:48,37.8300,108,2
2026-05-11,600036,11:18:51,37.8300,103,1
2026-05-11,600036,11:18:54,37.8400,618,1
2026-05-11,600036,11:18:57,37.8300,148,2
2026-05-11,600036,11:19:00,37.8300,83,2
2026-05-11,600036,11:19:03,37.8600,126,1
2026-05-11,600036,11:19:09,37.8600,58,1
2026-05-11,600036,11:19:12,37.8600,35,1
2026-05-11,600036,11:19:15,37.8600,77,1
2026-05-11,600036,11:19:18,37.8600,185,1
2026-05-11,600036,11:19:21,37.8400,76,2
2026-05-11,600036,11:19:24,37.8400,366,1
2026-05-11,600036,11:19:27,37.8400,149,2
2026-05-11,600036,11:19:30,37.8500,3,1
2026-05-11,600036,11:19:33,37.8500,66,2
2026-05-11,600036,11:19:36,37.8500,69,1
2026-05-11,600036,11:19:39,37.8400,91,2
2026-05-11,600036,11:19:42,37.8200,189,2
2026-05-11,600036,11:19:45,37.8200,260,2
2026-05-11,600036,11:19:48,37.8400,46,1
2026-05-11,600036,11:19:51,37.8200,76,2
2026-05-11,600036,11:19:54,37.8200,100,2
2026-05-11,600036,11:19:57,37.8400,172,1
2026-05-11,600036,11:20:00,37.8300,81,2
2026-05-11,600036,11:20:03,37.8200,78,2
2026-05-11,600036,11:20:06,37.8200,25,2
2026-05-11,600036,11:20:09,37.8200,34,2
2026-05-11,600036,11:20:12,37.8200,91,2
2026-05-11,600036,11:20:15,37.8200,128,2
2026-05-11,600036,11:20:18,37.8300,235,1
2026-05-11,600036,11:20:21,37.8300,166,1
