date,code,time,price,volume,bs
2026-02-06,000858,14:06:48,107.2500,67,2
2026-02-06,000858,14:06:51,107.3000,11,1
2026-02-06,000858,14:06:54,107.2600,7,2
2026-02-06,000858,14:06:57,107.2600,3,2
2026-02-06,000858,14:07:00,107.2700,8,2
2026-02-06,000858,14:07:03,107.2600,40,2
2026-02-06,000858,14:07:06,107.2600,14,1
2026-02-06,000858,14:07:09,107.2600,18,1
2026-02-06,000858,14:07:12,107.2600,19,1
2026-02-06,000858,14:07:15,107.2600,20,1
2026-02-06,000858,14:07:18,107.2500,14,2
2026-02-06,000858,14:07:21,107.2600,18,2
2026-02-06,000858,14:07:24,107.2900,10,1
2026-02-06,000858,14:07:27,107.2900,7,2
2026-02-06,000858,14:07:30,107.3000,35,1
2026-02-06,000858,14:07:33,107.3000,15,1
2026-02-06,000858,14:07:36,107.2600,4,2
2026-02-06,000858,14:07:39,107.2600,3,2
2026-02-06,000858,14:07:42,107.2700,16,2
2026-02-06,000858,14:07:45,107.2900,14,1
2026-02-06,000858,14:07:48,107.2900,6,1
2026-02-06,000858,14:07:51,107.2700,17,2
2026-02-06,000858,14:07:54,107.2900,65,1
2026-02-06,000858,14:07:57,107.2800,60,4
2026-02-06,000858,14:08:00,107.2800,20,1
2026-02-06,000858,14:08:03,107.2700,27,2
2026-02-06,000858,14:08:06,107.2800,22,1
2026-02-06,000858,14:08:09,107.2700,4,4
2026-02-06,000858,14:08:12,107.2500,415,2
2026-02-06,000858,14:08:15,107.2500,14,1
2026-02-06,000858,14:08:18,107.2400,121,2
2026-02-06,000858,14:08:21,107.2400,10,1
2026-02-06,000858,14:08:24,107.2300,16,2
2026-02-06,000858,14:08:27,107.2400,38,1
2026-02-06,000858,14:08:30,107.2400,49,1
2026-02-06,000858,14:08:33,107.2400,47,1
2026-02-06,000858,14:08:36,107.2400,16,2
2026-02-06,000858,14:08:39,107.2300,23,2
2026-02-06,000858,14:08:42,107.2400,13,1
2026-02-06,000858,14:08:45,107.2400,4,2
2026-02-06,000858,14:08:48,107.2500,6,1
2026-02-06,000858,14:08:51,107.2500,25,1
2026-02-06,000858,14:08:54,107.2500,43,1
2026-02-06,000858,14:08:57,107.2500,14,1
2026-02-06,000858,14:09:00,107.2400,4,2
2026-02-06,000858,14:09:03,107.2500,17,1
2026-02-06,000858,14:09:06,107.2500,50,1
2026-02-06,000858,14:09:09,107.2500,42,1
2026-02-06,000858,14:09:15,107.2500,7,2
2026-02-06,000858,14:09:18,107.2600,33,1
2026-02-06,000858,14:09:21,107.2500,17,2
2026-02-06,000858,14:09:24,107.2500,34,2
2026-02-06,000858,14:09:27,107.2500,6,2
2026-02-06,000858,14:09:30,107.2600,21,1
2026-02-06,000858,14:09:33,107.2400,398,2
2026-02-06,000858,14:09:36,107.2400,60,1
2026-02-06,000858,14:09:39,107.2400,7,1
2026-02-06,000858,14:09:42,107.2300,56,2
2026-02-06,000858,14:09:45,107.2400,20,1
2026-02-06,000858,14:09:48,107.2400,10,1
2026-02-06,000858,14:09:51,107.2400,39,1
2026-02-06,000858,14:09:54,107.2300,26,2
2026-02-06,000858,14:09:57,107.2400,12,1
2026-02-06,000858,14:10:00,107.2400,20,2
2026-02-06,000858,14:10:03,107.2400,10,2
2026-02-06,000858,14:10:06,107.2500,10,1
2026-02-06,000858,14:10:09,107.2400,25,2
2026-02-06,000858,14:10:12,107.2500,2,1
2026-02-06,000858,14:10:15,107.2500,16,1
2026-02-06,000858,14:10:18,107.2400,11,2
2026-02-06,000858,14:10:24,107.2400,14,2
2026-02-06,000858,14:10:27,107.2500,5,1
2026-02-06,000858,14:10:30,107.2500,9,1
2026-02-06,000858,14:10:33,107.2500,33,2
2026-02-06,000858,14:10:36,107.2500,17,1
2026-02-06,000858,14:10:39,107.2500,13,1
2026-02-06,000858,14:10:42,107.2500,14,1
2026-02-06,000858,14:10:45,107.2500,14,1
2026-02-06,000858,14:10:48,107.2500,37,1
2026-02-06,000858,14:10:51,107.2500,14,2
2026-02-06,000858,14:10:54,107.2500,14,2
2026-02-06,000858,14:10:57,107.2500,2,2
2026-02-06,000858,14:11:00,107.2500,19,2
2026-02-06,000858,14:11:03,107.2600,25,1
2026-02-06,000858,14:11:06,107.2400,70,2
2026-02-06,000858,14:11:09,107.2500,6,1
2026-02-06,000858,14:11:12,107.2500,10,1
2026-02-06,000858,14:11:15,107.2300,169,2
2026-02-06,000858,14:11:18,107.2300,26,2
2026-02-06,000858,14:11:21,107.2300,139,2
2026-02-06,000858,14:11:24,107.2300,19,1
2026-02-06,000858,14:11:27,107.2300,66,4
2026-02-06,000858,14:11:30,107.2300,37,2
2026-02-06,000858,14:11:33,107.2300,28,2
2026-02-06,000858,14:11:36,107.2400,127,1
2026-02-06,000858,14:11:39,107.2300,44,2
2026-02-06,000858,14:11:42,107.2300,36,2
2026-02-06,000858,14:11:45,107.2300,57,2
2026-02-06,000858,14:11:48,107.2300,10,4
2026-02-06,000858,14:11:51,107.2300,32,2
2026-02-06,000858,14:11:54,107.2300,25,4
2026-02-06,000858,14:11:57,107.2300,61,1
2026-02-06,000858,14:12:00,107.2200,12,2
2026-02-06,000858,14:12:03,107.2300,18,1
2026-02-06,000858,14:12:06,107.2100,55,2
2026-02-06,000858,14:12:09,107.2200,18,1
2026-02-06,000858,14:12:12,107.2100,7,2
2026-02-06,000858,14:12:15,107.2100,163,2
2026-02-06,000858,14:12:18,107.2200,34,1
2026-02-06,000858,14:12:21,107.2200,18,1
2026-02-06,000858,14:12:24,107.2200,35,2
2026-02-06,000858,14:12:27,107.2200,137,2
2026-02-06,000858,14:12:30,107.2100,12,2
2026-02-06,000858,14:12:36,107.2200,60,1
2026-02-06,000858,14:12:39,107.2200,78,2
2026-02-06,000858,14:12:42,107.2200,1,4
2026-02-06,000858,14:12:45,107.2000,56,2
2026-02-06,000858,14:12:48,107.2100,32,4
2026-02-06,000858,14:12:51,107.2100,14,2
2026-02-06,000858,14:12:54,107.2200,1,1
2026-02-06,000858,14:12:57,107.2000,556,2
2026-02-06,000858,14:13:00,107.2100,26,4
2026-02-06,000858,14:13:03,107.2000,210,2
2026-02-06,000858,14:13:06,107.2200,35,1
2026-02-06,000858,14:13:09,107.2200,7,1
2026-02-06,000858,14:13:12,107.2200,23,1
2026-02-06,000858,14:13:15,107.2200,23,1
2026-02-06,000858,14:13:18,107.2200,6,1
2026-02-06,000858,14:13:21,107.2100,25,2
2026-02-06,000858,14:13:24,107.2100,14,1
2026-02-06,000858,14:13:27,107.2100,27,1
2026-02-06,000858,14:13:30,107.2000,23,2
2026-02-06,000858,14:13:33,107.2100,76,1
2026-02-06,000858,14:13:36,107.2000,37,2
2026-02-06,000858,14:13:39,107.2100,4,1
2026-02-06,000858,14:13:42,107.2000,380,2
2026-02-06,000858,14:13:45,107.1700,904,2
2026-02-06,000858,14:13:48,107.1500,8,2
2026-02-06,000858,14:13:51,107.1400,8,2
2026-02-06,000858,14:13:54,107.1400,48,2
2026-02-06,000858,14:13:57,107.1200,115,2
2026-02-06,000858,14:14:00,107.1400,20,1
2026-02-06,000858,14:14:03,107.1200,41,2
2026-02-06,000858,14:14:06,107.1400,94,4
2026-02-06,000858,14:14:09,107.1200,189,2
2026-02-06,000858,14:14:12,107.1100,47,2
2026-02-06,000858,14:14:15,107.1200,73,1
2026-02-06,000858,14:14:18,107.1000,153,2
2026-02-06,000858,14:14:21,107.1000,33,2
2026-02-06,000858,14:14:24,107.1200,207,1
2026-02-06,000858,14:14:27,107.1100,97,2
2026-02-06,000858,14:14:30,107.1100,15,1
2026-02-06,000858,14:14:33,107.1100,21,1
2026-02-06,000858,14:14:36,107.1100,220,1
2026-02-06,000858,14:14:39,107.1200,16,1
2026-02-06,000858,14:14:42,107.1200,42,1
2026-02-06,000858,14:14:45,107.1000,287,2
2026-02-06,000858,14:14:48,107.1000,451,2
2026-02-06,000858,14:14:51,107.1100,59,1
2026-02-06,000858,14:14:54,107.0900,65,2
2026-02-06,000858,14:14:57,107.0900,68,1
2026-02-06,000858,14:15:00,107.0800,142,2
2026-02-06,000858,14:15:03,107.0800,61,2
2026-02-06,000858,14:15:06,107.0800,124,2
2026-02-06,000858,14:15:09,107.0800,31,2
2026-02-06,000858,14:15:12,107.0800,44,2
2026-02-06,000858,14:15:15,107.0800,85,2
2026-02-06,000858,14:15:18,107.0700,51,2
2026-02-06,000858,14:15:21,107.0900,92,1
2026-02-06,000858,14:15:24,107.0900,33,2
2026-02-06,000858,14:15:27,107.0800,46,2
2026-02-06,000858,14:15:30,107.0800,148,1
2026-02-06,000858,14:15:33,107.0800,53,1
2026-02-06,000858,14:15:36,107.0800,81,1
2026-02-06,000858,14:15:39,107.0700,43,1
2026-02-06,000858,14:15:42,107.0600,58,2
2026-02-06,000858,14:15:45,107.0600,99,2
2026-02-06,000858,14:15:48,107.0600,552,2
2026-02-06,000858,14:15:51,107.0600,46,1
2026-02-06,000858,14:15:54,107.0400,58,2
2026-02-06,000858,14:15:57,107.0400,136,1
2026-02-06,000858,14:16:00,107.0400,131,1
2026-02-06,000858,14:16:03,107.0300,86,2
2026-02-06,000858,14:16:06,107.0300,73,1
2026-02-06,000858,14:16:09,107.0300,93,2
2026-02-06,000858,14:16:12,107.0400,95,1
2026-02-06,000858,14:16:15,107.0300,84,2
2026-02-06,000858,14:16:18,107.0400,44,1
2026-02-06,000858,14:16:21,107.0300,46,2
2026-02-06,000858,14:16:24,107.0700,133,1
2026-02-06,000858,14:16:27,107.0800,78,1
2026-02-06,000858,14:16:30,107.0800,7,1
2026-02-06,000858,14:16:33,107.0600,24,2
2026-02-06,000858,14:16:36,107.0400,127,2
2026-02-06,000858,14:16:39,107.0300,111,2
2026-02-06,000858,14:16:42,107.0300,106,2
2026-02-06,000858,14:16:45,107.0400,85,2
2026-02-06,000858,14:16:48,107.0400,28,2
2026-02-06,000858,14:16:51,107.0400,30,2
2026-02-06,000858,14:16:54,107.0700,11,1
2026-02-06,000858,14:16:57,107.0700,25,4
2026-02-06,000858,14:17:00,107.0800,3,1
2026-02-06,000858,14:17:03,107.0800,31,1
2026-02-06,000858,14:17:06,107.0800,41,1
2026-02-06,000858,14:17:09,107.0800,176,1
2026-02-06,000858,14:17:12,107.0900,22,1
2026-02-06,000858,14:17:15,107.0900,38,1
2026-02-06,000858,14:17:18,107.0900,26,1
2026-02-06,000858,14:17:21,107.0900,10,2
2026-02-06,000858,14:17:24,107.1000,34,1
2026-02-06,000858,14:17:27,107.0900,15,2
2026-02-06,000858,14:17:30,107.0900,161,2
2026-02-06,000858,14:17:33,107.1000,3,2
2026-02-06,000858,14:17:36,107.1000,22,2
2026-02-06,000858,14:17:39,107.1100,52,1
2026-02-06,000858,14:17:42,107.1000,124,2
2026-02-06,000858,14:17:45,107.1100,27,2
2026-02-06,000858,14:17:48,107.1100,14,2
2026-02-06,000858,14:17:51,107.1400,15,1
2026-02-06,000858,14:17:54,107.1500,56,1
2026-02-06,000858,14:17:57,107.1500,98,2
2026-02-06,000858,14:18:00,107.1200,13,2
2026-02-06,000858,14:18:03,107.0700,624,2
2026-02-06,000858,14:18:06,107.0600,49,2
2026-02-06,000858,14:18:09,107.0500,80,2
2026-02-06,000858,14:18:12,107.0500,69,2
2026-02-06,000858,14:18:15,107.0600,43,1
2026-02-06,000858,14:18:18,107.0600,24,2
2026-02-06,000858,14:18:21,107.0600,38,2
2026-02-06,000858,14:18:24,107.1100,14,1
2026-02-06,000858,14:18:27,107.1100,7,1
2026-02-06,000858,14:18:30,107.1100,15,2
2026-02-06,000858,14:18:33,107.1100,7,2
2026-02-06,000858,14:18:36,107.0900,25,2
2026-02-06,000858,14:18:39,107.0900,9,2
2026-02-06,000858,14:18:42,107.1100,9,1
2026-02-06,000858,14:18:45,107.0800,50,2
2026-02-06,000858,14:18:48,107.0700,31,2
2026-02-06,000858,14:18:51,107.0700,25,2
2026-02-06,000858,14:18:54,107.0700,25,2
2026-02-06,000858,14:18:57,107.0700,4,2
2026-02-06,000858,14:19:00,107.0800,5,2
2026-02-06,000858,14:19:03,107.1000,6,1
2026-02-06,000858,14:19:06,107.0700,186,2
2026-02-06,000858,14:19:09,107.0700,28,1
2026-02-06,000858,14:19:12,107.0700,41,2
2026-02-06,000858,14:19:15,107.1000,25,1
2026-02-06,000858,14:19:18,107.1000,36,2
2026-02-06,000858,14:19:21,107.1000,66,2
2026-02-06,000858,14:19:24,107.0900,20,2
2026-02-06,000858,14:19:27,107.1000,8,1
2026-02-06,000858,14:19:30,107.0900,26,2
2026-02-06,000858,14:19:33,107.0900,24,1
2026-02-06,000858,14:19:36,107.0900,11,1
2026-02-06,000858,14:19:39,107.0700,143,2
2026-02-06,000858,14:19:42,107.0900,38,1
2026-02-06,000858,14:19:45,107.0800,17,2
2026-02-06,000858,14:19:48,107.0900,20,1
2026-02-06,000858,14:19:51,107.0900,92,2
2026-02-06,000858,14:19:54,107.0800,82,2
2026-02-06,000858,14:19:57,107.0800,23,2
2026-02-06,000858,14:20:00,107.0900,18,1
2026-02-06,000858,14:20:03,107.0800,14,2
2026-02-06,000858,14:20:06,107.1000,14,1
2026-02-06,000858,14:20:09,107.0900,8,2
2026-02-06,000858,14:20:12,107.1000,37,1
2026-02-06,000858,14:20:15,107.0900,25,2
2026-02-06,000858,14:20:18,107.1000,12,1
2026-02-06,000858,14:20:21,107.0900,43,2
2026-02-06,000858,14:20:24,107.1000,98,1
2026-02-06,000858,14:20:27,107.0900,71,2
2026-02-06,000858,14:20:30,107.0900,42,2
2026-02-06,000858,14:20:33,107.0900,74,2
2026-02-06,000858,14:20:36,107.0900,20,2
2026-02-06,000858,14:20:39,107.0900,69,2
2026-02-06,000858,14:20:42,107.1000,30,1
2026-02-06,000858,14:20:45,107.0900,90,2
2026-02-06,000858,14:20:48,107.0800,52,2
2026-02-06,000858,14:20:51,107.0900,26,1
2026-02-06,000858,14:20:54,107.0800,24,2
2026-02-06,000858,14:20:57,107.0800,72,2
2026-02-06,000858,14:21:00,107.0900,22,1
2026-02-06,000858,14:21:03,107.0800,32,2
2026-02-06,000858,14:21:06,107.0900,14,1
2026-02-06,000858,14:21:09,107.0900,88,1
2026-02-06,000858,14:21:12,107.1000,78,1
2026-02-06,000858,14:21:15,107.0900,20,2
2026-02-06,000858,14:21:18,107.0800,82,2
2026-02-06,000858,14:21:21,107.0800,55,2
2026-02-06,000858,14:21:24,107.1000,6,1
2026-02-06,000858,14:21:27,107.1200,145,1
2026-02-06,000858,14:21:30,107.1000,30,2
2026-02-06,000858,14:21:33,107.0900,23,2
2026-02-06,000858,14:21:36,107.0800,66,2
2026-02-06,000858,14:21:39,107.0800,25,2
2026-02-06,000858,14:21:42,107.0800,33,2
2026-02-06,000858,14:21:45,107.1000,109,1
2026-02-06,000858,14:21:48,107.0800,55,2
2026-02-06,000858,14:21:51,107.0700,24,2
2026-02-06,000858,14:21:54,107.0800,15,4
2026-02-06,000858,14:21:57,107.0800,68,2
2026-02-06,000858,14:22:00,107.0800,31,1
2026-02-06,000858,14:22:03,107.0800,46,2
2026-02-06,000858,14:22:06,107.0900,121,1
2026-02-06,000858,14:22:09,107.0800,78,2
2026-02-06,000858,14:22:12,107.0800,61,1
2026-02-06,000858,14:22:15,107.0800,151,2
2026-02-06,000858,14:22:18,107.0800,64,2
2026-02-06,000858,14:22:21,107.1000,46,1
2026-02-06,000858,14:22:24,107.0900,148,2
2026-02-06,000858,14:22:27,107.0900,155,1
2026-02-06,000858,14:22:30,107.0800,113,2
2026-02-06,000858,14:22:33,107.0700,44,2
2026-02-06,000858,14:22:36,107.0800,30,1
2026-02-06,000858,14:22:39,107.0800,131,1
2026-02-06,000858,14:22:42,107.0700,46,2
2026-02-06,000858,14:22:45,107.0800,157,1
2026-02-06,000858,14:22:48,107.0700,73,2
2026-02-06,000858,14:22:51,107.0600,67,2
2026-02-06,000858,14:22:54,107.0600,36,2
2026-02-06,000858,14:22:57,107.0700,690,1
2026-02-06,000858,14:23:00,107.0400,154,2
2026-02-06,000858,14:23:03,106.9500,6304,2
2026-02-06,000858,14:23:06,106.9000,421,2
2026-02-06,000858,14:23:09,106.8600,602,2
2026-02-06,000858,14:23:12,106.9600,1460,1
2026-02-06,000858,14:23:15,106.8700,287,2
2026-02-06,000858,14:23:18,106.9700,162,1
2026-02-06,000858,14:23:21,106.9700,167,2
2026-02-06,000858,14:23:24,106.9600,24,2
2026-02-06,000858,14:23:27,106.8800,70,2
2026-02-06,000858,14:23:30,106.9900,177,1
2026-02-06,000858,14:23:33,106.9900,17,2
2026-02-06,000858,14:23:36,106.9900,59,2
2026-02-06,000858,14:23:39,106.9900,103,1
2026-02-06,000858,14:23:42,106.9600,78,2
2026-02-06,000858,14:23:45,106.9600,46,2
2026-02-06,000858,14:23:48,106.9500,22,2
2026-02-06,000858,14:23:51,106.9600,138,1
2026-02-06,000858,14:23:54,106.9600,97,1
2026-02-06,000858,14:23:57,106.9000,298,2
2026-02-06,000858,14:24:00,106.9600,521,1
2026-02-06,000858,14:24:03,106.9600,86,2
2026-02-06,000858,14:24:06,106.9000,95,2
2026-02-06,000858,14:24:09,106.9100,94,2
2026-02-06,000858,14:24:12,106.9900,89,1
2026-02-06,000858,14:24:15,107.0100,43,4
2026-02-06,000858,14:24:18,106.9900,138,2
2026-02-06,000858,14:24:21,106.9900,14,2
2026-02-06,000858,14:24:24,107.0300,5,1
2026-02-06,000858,14:24:27,107.0300,38,2
2026-02-06,000858,14:24:30,107.0300,21,2
2026-02-06,000858,14:24:33,107.0900,81,1
2026-02-06,000858,14:24:36,107.1000,44,1
2026-02-06,000858,14:24:39,107.0900,48,2
2026-02-06,000858,14:24:42,107.1000,21,1
2026-02-06,000858,14:24:45,107.0900,85,2
2026-02-06,000858,14:24:48,107.0900,20,1
2026-02-06,000858,14:24:51,107.0900,18,1
2026-02-06,000858,14:24:54,107.1000,35,1
2026-02-06,000858,14:24:57,107.0900,9,2
2026-02-06,000858,14:25:00,107.1000,65,1
2026-02-06,000858,14:25:03,107.1000,5,2
2026-02-06,000858,14:25:06,107.1100,20,1
2026-02-06,000858,14:25:09,107.1000,27,2
2026-02-06,000858,14:25:12,107.1000,27,2
2026-02-06,000858,14:25:15,107.1100,16,1
2026-02-06,000858,14:25:18,107.1100,64,1
2026-02-06,000858,14:25:21,107.0900,126,2
2026-02-06,000858,14:25:24,107.0900,59,1
2026-02-06,000858,14:25:27,107.0900,35,1
2026-02-06,000858,14:25:30,107.0900,5,2
2026-02-06,000858,14:25:33,107.0900,32,2
2026-02-06,000858,14:25:36,107.0900,57,2
2026-02-06,000858,14:25:39,107.0900,82,2
2026-02-06,000858,14:25:42,107.1000,124,1
2026-02-06,000858,14:25:45,107.0900,5,1
2026-02-06,000858,14:25:48,107.0900,6,1
2026-02-06,000858,14:25:51,107.0900,6,2
2026-02-06,000858,14:25:54,107.0900,2,2
2026-02-06,000858,14:25:57,107.1000,22,1
2026-02-06,000858,14:26:00,107.0900,39,2
2026-02-06,000858,14:26:03,107.0900,8,1
2026-02-06,000858,14:26:06,107.0600,23,2
2026-02-06,000858,14:26:09,107.0900,8,1
2026-02-06,000858,14:26:12,107.0900,17,1
2026-02-06,000858,14:26:15,107.0700,6,2
2026-02-06,000858,14:26:18,107.0700,27,2
2026-02-06,000858,14:26:21,107.0800,2,4
2026-02-06,000858,14:26:24,107.0700,138,2
2026-02-06,000858,14:26:27,107.0900,13,1
2026-02-06,000858,14:26:30,107.0900,6,2
2026-02-06,000858,14:26:33,107.1000,13,1
2026-02-06,000858,14:26:36,107.1000,27,1
2026-02-06,000858,14:26:39,107.1000,160,1
2026-02-06,000858,14:26:42,107.1100,26,4
2026-02-06,000858,14:26:45,107.1000,10,2
2026-02-06,000858,14:26:48,107.1100,16,1
2026-02-06,000858,14:26:51,107.1200,7,1
2026-02-06,000858,14:26:54,107.1200,12,1
2026-02-06,000858,14:26:57,107.1300,4,1
2026-02-06,000858,14:27:00,107.1300,8,1
2026-02-06,000858,14:27:03,107.1100,66,2
2026-02-06,000858,14:27:06,107.1600,6,1
2026-02-06,000858,14:27:09,107.1300,64,2
2026-02-06,000858,14:27:12,107.1400,41,1
2026-02-06,000858,14:27:15,107.1300,8,2
2026-02-06,000858,14:27:18,107.1800,21,1
2026-02-06,000858,14:27:21,107.1400,3,2
2026-02-06,000858,14:27:24,107.1500,19,4
2026-02-06,000858,14:27:27,107.1600,7,1
2026-02-06,000858,14:27:30,107.1600,13,4
2026-02-06,000858,14:27:33,107.1400,43,2
2026-02-06,000858,14:27:36,107.1600,6,1
2026-02-06,000858,14:27:39,107.1400,37,2
2026-02-06,000858,14:27:42,107.1300,33,2
2026-02-06,000858,14:27:45,107.1600,31,1
2026-02-06,000858,14:27:48,107.1400,7,2
2026-02-06,000858,14:27:51,107.1300,19,2
2026-02-06,000858,14:27:54,107.1300,4,4
2026-02-06,000858,14:27:57,107.1400,12,1
2026-02-06,000858,14:28:00,107.1200,17,2
2026-02-06,000858,14:28:03,107.1400,31,1
2026-02-06,000858,14:28:06,107.1400,28,2
2026-02-06,000858,14:28:09,107.1400,26,2
2026-02-06,000858,14:28:12,107.1400,11,1
2026-02-06,000858,14:28:15,107.1300,8,4
2026-02-06,000858,14:28:18,107.1200,31,2
2026-02-06,000858,14:28:21,107.1400,11,1
2026-02-06,000858,14:28:24,107.1300,27,2
2026-02-06,000858,14:28:27,107.1300,45,4
2026-02-06,000858,14:28:30,107.1200,12,1
2026-02-06,000858,14:28:33,107.1200,1,2
2026-02-06,000858,14:28:36,107.1500,58,1
2026-02-06,000858,14:28:39,107.1400,30,4
2026-02-06,000858,14:28:42,107.1200,35,2
2026-02-06,000858,14:28:45,107.1300,4,2
2026-02-06,000858,14:28:48,107.1600,10,1
2026-02-06,000858,14:28:54,107.1400,4,2
2026-02-06,000858,14:28:57,107.1500,3,4
2026-02-06,000858,14:29:00,107.1600,23,1
2026-02-06,000858,14:29:03,107.1600,14,1
2026-02-06,000858,14:29:06,107.1600,7,1
2026-02-06,000858,14:29:09,107.1400,46,2
2026-02-06,000858,14:29:12,107.1500,11,1
2026-02-06,000858,14:29:15,107.1600,13,1
2026-02-06,000858,14:29:18,107.1400,45,2
2026-02-06,000858,14:29:21,107.1400,7,1
2026-02-06,000858,14:29:24,107.1400,10,1
2026-02-06,000858,14:29:27,107.1400,2,1
2026-02-06,000858,14:29:30,107.1400,30,1
2026-02-06,000858,14:29:33,107.1400,37,1
2026-02-06,000858,14:29:36,107.1400,3,2
2026-02-06,000858,14:29:39,107.1500,39,1
2026-02-06,000858,14:29:42,107.1600,30,1
2026-02-06,000858,14:29:45,107.1600,17,1
2026-02-06,000858,14:29:48,107.1600,7,1
2026-02-06,000858,14:29:51,107.1500,32,2
2026-02-06,000858,14:29:54,107.1700,14,1
2026-02-06,000858,14:29:57,107.1700,5,1
2026-02-06,000858,14:30:00,107.1800,16,1
2026-02-06,000858,14:30:03,107.1900,42,1
2026-02-06,000858,14:30:06,107.1900,75,2
2026-02-06,000858,14:30:09,107.2000,27,1
2026-02-06,000858,14:30:12,107.2100,65,1
2026-02-06,000858,14:30:15,107.2100,17,1
2026-02-06,000858,14:30:18,107.2500,75,1
2026-02-06,000858,14:30:21,107.2400,17,1
2026-02-06,000858,14:30:24,107.2400,20,2
2026-02-06,000858,14:30:27,107.2400,30,2
2026-02-06,000858,14:30:30,107.2100,29,2
2026-02-06,000858,14:30:33,107.2200,15,2
2026-02-06,000858,14:30:36,107.2100,26,2
2026-02-06,000858,14:30:39,107.2200,107,4
2026-02-06,000858,14:30:42,107.2100,101,4
2026-02-06,000858,14:30:45,107.2200,17,1
2026-02-06,000858,14:30:48,107.2200,46,1
2026-02-06,000858,14:30:51,107.2100,17,4
2026-02-06,000858,14:30:54,107.2200,11,1
2026-02-06,000858,14:30:57,107.2100,26,4
2026-02-06,000858,14:31:00,107.2200,18,1
2026-02-06,000858,14:31:03,107.1900,27,2
2026-02-06,000858,14:31:06,107.2000,47,1
2026-02-06,000858,14:31:09,107.1800,45,2
2026-02-06,000858,14:31:12,107.1700,8,2
2026-02-06,000858,14:31:15,107.1900,6,1
2026-02-06,000858,14:31:21,107.2000,11,1
2026-02-06,000858,14:31:24,107.2000,48,1
2026-02-06,000858,14:31:27,107.2000,1,1
2026-02-06,000858,14:31:30,107.2100,8,4
2026-02-06,000858,14:31:33,107.2100,9,2
2026-02-06,000858,14:31:36,107.2300,28,1
2026-02-06,000858,14:31:39,107.2200,24,1
2026-02-06,000858,14:31:42,107.2300,25,1
2026-02-06,000858,14:31:45,107.2300,12,2
2026-02-06,000858,14:31:48,107.2400,20,4
2026-02-06,000858,14:31:51,107.2300,65,2
2026-02-06,000858,14:31:54,107.2500,113,1
2026-02-06,000858,14:31:57,107.2300,33,1
2026-02-06,000858,14:32:00,107.2200,39,2
2026-02-06,000858,14:32:03,107.2500,23,1
2026-02-06,000858,14:32:06,107.1900,21,2
2026-02-06,000858,14:32:09,107.2000,13,1
2026-02-06,000858,14:32:12,107.1800,57,2
2026-02-06,000858,14:32:15,107.1900,75,1
2026-02-06,000858,14:32:18,107.1600,29,2
2026-02-06,000858,14:32:21,107.1700,19,1
2026-02-06,000858,14:32:24,107.1800,13,1
2026-02-06,000858,14:32:27,107.1500,21,2
2026-02-06,000858,14:32:30,107.1800,22,2
2026-02-06,000858,14:32:33,107.1800,9,1
2026-02-06,000858,14:32:36,107.1800,21,1
2026-02-06,000858,14:32:39,107.1700,18,4
2026-02-06,000858,14:32:42,107.1600,5,2
2026-02-06,000858,14:32:45,107.1600,31,2
2026-02-06,000858,14:32:48,107.1600,6,2
2026-02-06,000858,14:32:51,107.1700,4,1
2026-02-06,000858,14:32:54,107.1700,20,2
2026-02-06,000858,14:32:57,107.1800,22,1
2026-02-06,000858,14:33:00,107.1600,89,2
2026-02-06,000858,14:33:03,107.1800,7,2
2026-02-06,000858,14:33:06,107.1600,36,2
2026-02-06,000858,14:33:09,107.1700,3,2
2026-02-06,000858,14:33:12,107.1900,65,1
2026-02-06,000858,14:33:15,107.1700,37,2
2026-02-06,000858,14:33:18,107.1700,12,1
2026-02-06,000858,14:33:21,107.1600,18,4
2026-02-06,000858,14:33:24,107.1700,9,1
2026-02-06,000858,14:33:27,107.2000,4,1
2026-02-06,000858,14:33:30,107.1800,4,1
2026-02-06,000858,14:33:33,107.1600,16,2
2026-02-06,000858,14:33:36,107.1600,17,2
2026-02-06,000858,14:33:39,107.1600,11,2
2026-02-06,000858,14:33:42,107.1800,4,1
2026-02-06,000858,14:33:45,107.1800,13,1
2026-02-06,000858,14:33:48,107.1700,22,2
2026-02-06,000858,14:33:51,107.1800,66,1
2026-02-06,000858,14:33:54,107.1600,36,2
2026-02-06,000858,14:33:57,107.1800,50,1
2026-02-06,000858,14:34:00,107.2000,20,1
2026-02-06,000858,14:34:03,107.1800,3,2
2026-02-06,000858,14:34:06,107.2000,5,1
2026-02-06,000858,14:34:09,107.2000,12,1
2026-02-06,000858,14:34:12,107.2100,33,4
2026-02-06,000858,14:34:15,107.2200,11,4
2026-02-06,000858,14:34:18,107.2100,7,2
2026-02-06,000858,14:34:21,107.2200,8,2
2026-02-06,000858,14:34:24,107.2300,40,1
2026-02-06,000858,14:34:27,107.2300,49,1
2026-02-06,000858,14:34:30,107.2200,32,4
2026-02-06,000858,14:34:33,107.2200,10,1
2026-02-06,000858,14:34:36,107.2200,52,4
2026-02-06,000858,14:34:39,107.3000,258,1
2026-02-06,000858,14:34:42,107.2500,20,2
2026-02-06,000858,14:34:45,107.2500,12,1
2026-02-06,000858,14:34:48,107.2100,7,4
2026-02-06,000858,14:34:51,107.2200,13,4
2026-02-06,000858,14:34:54,107.2400,31,1
2026-02-06,000858,14:34:57,107.3100,69,1
2026-02-06,000858,14:35:00,107.2200,21,2
2026-02-06,000858,14:35:03,107.2100,34,2
2026-02-06,000858,14:35:06,107.2100,35,2
2026-02-06,000858,14:35:09,107.2000,19,2
2026-02-06,000858,14:35:12,107.2100,15,1
2026-02-06,000858,14:35:15,107.2300,26,1
2026-02-06,000858,14:35:18,107.2100,10,2
2026-02-06,000858,14:35:21,107.2200,19,2
2026-02-06,000858,14:35:24,107.2200,25,2
2026-02-06,000858,14:35:27,107.2100,26,2
2026-02-06,000858,14:35:30,107.2100,2,1
2026-02-06,000858,14:35:33,107.2000,4,2
2026-02-06,000858,14:35:36,107.2100,29,2
2026-02-06,000858,14:35:39,107.2100,25,2
2026-02-06,000858,14:35:42,107.2100,23,1
2026-02-06,000858,14:35:45,107.2100,15,1
2026-02-06,000858,14:35:48,107.2000,61,2
2026-02-06,000858,14:35:51,107.2100,9,1
2026-02-06,000858,14:35:54,107.2200,36,1
2026-02-06,000858,14:35:57,107.2100,15,1
2026-02-06,000858,14:36:00,107.2200,12,1
2026-02-06,000858,14:36:03,107.2100,4,2
2026-02-06,000858,14:36:06,107.2100,35,2
2026-02-06,000858,14:36:09,107.2100,55,2
2026-02-06,000858,14:36:12,107.2100,27,1
2026-02-06,000858,14:36:15,107.2100,6,1
2026-02-06,000858,14:36:18,107.2000,11,2
2026-02-06,000858,14:36:21,107.2100,34,1
2026-02-06,000858,14:36:24,107.2000,5,2
2026-02-06,000858,14:36:27,107.2100,11,1
2026-02-06,000858,14:36:30,107.2100,9,1
2026-02-06,000858,14:36:33,107.2000,27,2
2026-02-06,000858,14:36:36,107.2100,13,1
2026-02-06,000858,14:36:39,107.2100,3,1
2026-02-06,000858,14:36:42,107.2000,27,2
2026-02-06,000858,14:36:45,107.2000,18,2
2026-02-06,000858,14:36:48,107.2200,42,1
2026-02-06,000858,14:36:51,107.2000,52,2
2026-02-06,000858,14:36:54,107.2000,60,2
2026-02-06,000858,14:36:57,107.2100,9,1
2026-02-06,000858,14:37:00,107.1900,13,2
2026-02-06,000858,14:37:03,107.1900,25,2
2026-02-06,000858,14:37:06,107.1900,5,2
2026-02-06,000858,14:37:09,107.1900,13,2
2026-02-06,000858,14:37:12,107.1900,45,1
2026-02-06,000858,14:37:15,107.1900,43,1
2026-02-06,000858,14:37:18,107.1900,54,2
2026-02-06,000858,14:37:21,107.2100,24,1
2026-02-06,000858,14:37:24,107.2000,112,2
2026-02-06,000858,14:37:27,107.2000,54,2
2026-02-06,000858,14:37:30,107.2000,27,2
2026-02-06,000858,14:37:33,107.2000,35,1
2026-02-06,000858,14:37:36,107.2000,66,1
2026-02-06,000858,14:37:39,107.1900,8,2
2026-02-06,000858,14:37:42,107.2000,40,4
2026-02-06,000858,14:37:45,107.2000,32,1
2026-02-06,000858,14:37:48,107.2200,289,1
2026-02-06,000858,14:37:51,107.2000,35,2
2026-02-06,000858,14:37:54,107.2000,1,2
2026-02-06,000858,14:37:57,107.2100,1,2
2026-02-06,000858,14:38:00,107.2400,116,1
2026-02-06,000858,14:38:03,107.2400,2,1
2026-02-06,000858,14:38:06,107.2500,21,1
2026-02-06,000858,14:38:09,107.2500,54,1
2026-02-06,000858,14:38:12,107.2600,10,4
2026-02-06,000858,14:38:15,107.2600,16,2
2026-02-06,000858,14:38:18,107.2500,29,2
2026-02-06,000858,14:38:21,107.2700,2,1
2026-02-06,000858,14:38:24,107.2700,9,2
2026-02-06,000858,14:38:27,107.2800,22,1
2026-02-06,000858,14:38:30,107.2800,8,1
2026-02-06,000858,14:38:33,107.2700,27,2
2026-02-06,000858,14:38:36,107.2800,11,4
2026-02-06,000858,14:38:39,107.2900,18,1
2026-02-06,000858,14:38:42,107.2900,12,1
2026-02-06,000858,14:38:45,107.3000,21,1
2026-02-06,000858,14:38:48,107.3000,6,1
2026-02-06,000858,14:38:51,107.3100,135,1
2026-02-06,000858,14:38:54,107.3200,38,1
2026-02-06,000858,14:38:57,107.3500,48,1
2026-02-06,000858,14:39:00,107.3400,13,1
2026-02-06,000858,14:39:03,107.3500,24,1
2026-02-06,000858,14:39:06,107.3000,17,2
2026-02-06,000858,14:39:09,107.2900,35,2
2026-02-06,000858,14:39:12,107.3000,16,1
2026-02-06,000858,14:39:15,107.3300,31,1
2026-02-06,000858,14:39:18,107.3100,11,2
2026-02-06,000858,14:39:21,107.3000,6,1
2026-02-06,000858,14:39:24,107.3000,86,2
2026-02-06,000858,14:39:27,107.3000,27,1
2026-02-06,000858,14:39:30,107.2600,9,2
2026-02-06,000858,14:39:33,107.2800,9,1
2026-02-06,000858,14:39:36,107.2800,17,1
2026-02-06,000858,14:39:39,107.2600,2,2
2026-02-06,000858,14:39:42,107.2600,15,2
2026-02-06,000858,14:39:45,107.2600,59,2
2026-02-06,000858,14:39:48,107.2600,23,2
2026-02-06,000858,14:39:51,107.2600,14,2
2026-02-06,000858,14:39:54,107.2600,3,2
2026-02-06,000858,14:39:57,107.2600,28,1
2026-02-06,000858,14:40:00,107.2500,9,2
2026-02-06,000858,14:40:03,107.2500,58,2
2026-02-06,000858,14:40:06,107.2500,49,1
2026-02-06,000858,14:40:09,107.2300,24,2
2026-02-06,000858,14:40:12,107.2500,36,1
2026-02-06,000858,14:40:15,107.2300,35,2
2026-02-06,000858,14:40:18,107.2400,14,4
2026-02-06,000858,14:40:21,107.2300,24,2
2026-02-06,000858,14:40:24,107.2300,17,2
2026-02-06,000858,14:40:27,107.2300,16,2
2026-02-06,000858,14:40:30,107.2300,19,2
2026-02-06,000858,14:40:33,107.2300,15,2
2026-02-06,000858,14:40:36,107.2400,5,1
2026-02-06,000858,14:40:39,107.2300,38,2
2026-02-06,000858,14:40:42,107.2500,19,1
2026-02-06,000858,14:40:45,107.2400,65,1
2026-02-06,000858,14:40:48,107.2300,5,2
2026-02-06,000858,14:40:51,107.2300,9,2
2026-02-06,000858,14:40:54,107.2400,7,1
2026-02-06,000858,14:40:57,107.2300,33,2
2026-02-06,000858,14:41:00,107.2300,26,2
2026-02-06,000858,14:41:03,107.2300,5,2
2026-02-06,000858,14:41:06,107.2500,49,1
2026-02-06,000858,14:41:09,107.2500,201,1
2026-02-06,000858,14:41:12,107.2800,28,1
2026-02-06,000858,14:41:15,107.2500,15,2
2026-02-06,000858,14:41:18,107.2800,57,1
2026-02-06,000858,14:41:21,107.2800,6,1
2026-02-06,000858,14:41:24,107.2800,18,1
2026-02-06,000858,14:41:27,107.2500,7,2
2026-02-06,000858,14:41:30,107.2100,114,2
2026-02-06,000858,14:41:33,107.2700,56,1
2026-02-06,000858,14:41:36,107.2500,26,4
2026-02-06,000858,14:41:39,107.2300,60,2
2026-02-06,000858,14:41:42,107.2700,61,1
2026-02-06,000858,14:41:45,107.2200,12,2
2026-02-06,000858,14:41:48,107.2300,20,2
2026-02-06,000858,14:41:51,107.2500,23,1
2026-02-06,000858,14:41:54,107.2500,50,1
2026-02-06,000858,14:41:57,107.2300,14,2
2026-02-06,000858,14:42:00,107.2200,78,2
2026-02-06,000858,14:42:03,107.2300,33,2
2026-02-06,000858,14:42:06,107.2200,32,1
2026-02-06,000858,14:42:09,107.2300,19,1
2026-02-06,000858,14:42:12,107.2200,19,2
2026-02-06,000858,14:42:15,107.2200,42,2
2026-02-06,000858,14:42:18,107.2200,8,1
2026-02-06,000858,14:42:21,107.2100,27,2
2026-02-06,000858,14:42:24,107.2100,13,1
2026-02-06,000858,14:42:27,107.2000,43,2
2026-02-06,000858,14:42:30,107.2100,42,1
2026-02-06,000858,14:42:33,107.2200,54,1
2026-02-06,000858,14:42:36,107.2000,10,2
2026-02-06,000858,14:42:39,107.2000,11,1
2026-02-06,000858,14:42:42,107.1900,114,2
2026-02-06,000858,14:42:45,107.1900,96,1
2026-02-06,000858,14:42:48,107.1800,3,1
2026-02-06,000858,14:42:51,107.1700,9,2
2026-02-06,000858,14:42:54,107.1800,27,1
2026-02-06,000858,14:42:57,107.1700,35,2
2026-02-06,000858,14:43:00,107.1700,24,1
2026-02-06,000858,14:43:03,107.1700,9,2
2026-02-06,000858,14:43:06,107.1700,15,2
2026-02-06,000858,14:43:09,107.1600,51,2
2026-02-06,000858,14:43:12,107.1600,32,1
2026-02-06,000858,14:43:15,107.1500,42,2
2026-02-06,000858,14:43:18,107.1700,134,1
2026-02-06,000858,14:43:21,107.1600,15,1
2026-02-06,000858,14:43:24,107.1300,37,2
2026-02-06,000858,14:43:27,107.1400,49,1
2026-02-06,000858,14:43:30,107.1200,32,2
2026-02-06,000858,14:43:33,107.1200,6,1
2026-02-06,000858,14:43:36,107.1300,26,1
2026-02-06,000858,14:43:39,107.1300,34,2
2026-02-06,000858,14:43:42,107.1400,87,1
2026-02-06,000858,14:43:45,107.1400,16,2
2026-02-06,000858,14:43:48,107.1400,25,2
2026-02-06,000858,14:43:51,107.1400,6,1
2026-02-06,000858,14:43:54,107.1400,39,1
2026-02-06,000858,14:43:57,107.1200,25,2
2026-02-06,000858,14:44:00,107.1400,22,4
2026-02-06,000858,14:44:03,107.1400,109,2
2026-02-06,000858,14:44:06,107.1400,25,1
2026-02-06,000858,14:44:09,107.1300,49,2
2026-02-06,000858,14:44:12,107.1300,18,2
2026-02-06,000858,14:44:15,107.1200,10,2
2026-02-06,000858,14:44:18,107.1200,14,2
2026-02-06,000858,14:44:21,107.1300,25,1
2026-02-06,000858,14:44:24,107.1300,121,1
2026-02-06,000858,14:44:27,107.1100,9,2
2026-02-06,000858,14:44:30,107.1100,4,2
2026-02-06,000858,14:44:33,107.1100,28,2
2026-02-06,000858,14:44:36,107.1300,13,1
2026-02-06,000858,14:44:39,107.1200,30,2
2026-02-06,000858,14:44:42,107.1100,101,2
2026-02-06,000858,14:44:45,107.1100,39,1
2026-02-06,000858,14:44:48,107.1100,10,1
2026-02-06,000858,14:44:54,107.1100,48,2
2026-02-06,000858,14:44:57,107.1100,19,4
2026-02-06,000858,14:45:00,107.1100,65,1
2026-02-06,000858,14:45:03,107.1200,37,1
2026-02-06,000858,14:45:06,107.1100,36,2
2026-02-06,000858,14:45:09,107.1100,19,1
2026-02-06,000858,14:45:12,107.1100,154,1
2026-02-06,000858,14:45:15,107.1100,38,2
2026-02-06,000858,14:45:18,107.1100,28,2
2026-02-06,000858,14:45:21,107.1200,74,4
2026-02-06,000858,14:45:24,107.1200,47,2
2026-02-06,000858,14:45:27,107.1000,6,2
2026-02-06,000858,14:45:30,107.1200,45,1
2026-02-06,000858,14:45:33,107.1200,24,2
2026-02-06,000858,14:45:36,107.1300,165,1
2026-02-06,000858,14:45:39,107.1400,42,1
2026-02-06,000858,14:45:42,107.1300,24,2
2026-02-06,000858,14:45:45,107.1300,21,2
2026-02-06,000858,14:45:48,107.1500,42,1
2026-02-06,000858,14:45:51,107.1300,25,2
2026-02-06,000858,14:45:54,107.1200,9,2
2026-02-06,000858,14:45:57,107.1300,23,1
2026-02-06,000858,14:46:00,107.1200,49,2
2026-02-06,000858,14:46:03,107.1200,9,2
2026-02-06,000858,14:46:06,107.1200,22,2
2026-02-06,000858,14:46:09,107.1300,14,2
2026-02-06,000858,14:46:12,107.1400,24,1
2026-02-06,000858,14:46:15,107.1400,14,2
2026-02-06,000858,14:46:18,107.1400,12,2
2026-02-06,000858,14:46:21,107.1500,20,1
2026-02-06,000858,14:46:24,107.1600,15,1
2026-02-06,000858,14:46:27,107.1700,28,1
2026-02-06,000858,14:46:30,107.1900,105,1
2026-02-06,000858,14:46:33,107.1700,2,2
2026-02-06,000858,14:46:36,107.1800,5,2
2026-02-06,000858,14:46:39,107.1700,19,2
2026-02-06,000858,14:46:42,107.1800,32,1
2026-02-06,000858,14:46:45,107.1700,41,2
2026-02-06,000858,14:46:48,107.1700,52,2
2026-02-06,000858,14:46:51,107.1900,33,1
2026-02-06,000858,14:46:54,107.1900,17,1
2026-02-06,000858,14:46:57,107.1800,37,2
2026-02-06,000858,14:47:00,107.1900,6,1
2026-02-06,000858,14:47:03,107.1900,24,2
2026-02-06,000858,14:47:06,107.2000,11,1
2026-02-06,000858,14:47:09,107.2000,15,4
2026-02-06,000858,14:47:12,107.2100,45,1
2026-02-06,000858,14:47:15,107.1900,10,4
2026-02-06,000858,14:47:18,107.1900,20,1
2026-02-06,000858,14:47:21,107.1900,37,2
2026-02-06,000858,14:47:24,107.1700,42,2
2026-02-06,000858,14:47:27,107.2000,10,1
2026-02-06,000858,14:47:30,107.1900,9,1
2026-02-06,000858,14:47:33,107.1900,29,2
2026-02-06,000858,14:47:36,107.1900,4,2
2026-02-06,000858,14:47:39,107.1900,16,2
2026-02-06,000858,14:47:42,107.2000,26,1
2026-02-06,000858,14:47:45,107.2000,19,2
2026-02-06,000858,14:47:48,107.2100,28,1
2026-02-06,000858,14:47:51,107.2000,27,1
2026-02-06,000858,14:47:54,107.2000,24,1
2026-02-06,000858,14:47:57,107.2000,31,1
2026-02-06,000858,14:48:00,107.2000,28,1
2026-02-06,000858,14:48:03,107.2000,35,1
2026-02-06,000858,14:48:06,107.2000,42,2
2026-02-06,000858,14:48:09,107.2000,31,2
2026-02-06,000858,14:48:12,107.2000,16,1
2026-02-06,000858,14:48:15,107.2000,33,1
2026-02-06,000858,14:48:18,107.2100,20,1
2026-02-06,000858,14:48:21,107.2000,16,2
2026-02-06,000858,14:48:24,107.2100,53,1
2026-02-06,000858,14:48:27,107.2100,10,1
2026-02-06,000858,14:48:30,107.2000,45,2
2026-02-06,000858,14:48:33,107.2200,29,1
2026-02-06,000858,14:48:36,107.2100,9,2
2026-02-06,000858,14:48:39,107.2200,17,1
2026-02-06,000858,14:48:42,107.2300,35,1
2026-02-06,000858,14:48:45,107.2200,90,2
2026-02-06,000858,14:48:48,107.2200,34,2
2026-02-06,000858,14:48:51,107.2000,215,2
2026-02-06,000858,14:48:54,107.1900,14,2
2026-02-06,000858,14:48:57,107.2200,5,1
2026-02-06,000858,14:49:00,107.2000,28,2
2026-02-06,000858,14:49:03,107.2000,80,1
2026-02-06,000858,14:49:06,107.1900,20,2
2026-02-06,000858,14:49:09,107.2200,6,1
2026-02-06,000858,14:49:12,107.2100,10,1
2026-02-06,000858,14:49:15,107.1900,38,2
2026-02-06,000858,14:49:18,107.2100,4,1
2026-02-06,000858,14:49:21,107.2000,13,1
2026-02-06,000858,14:49:24,107.2000,32,2
2026-02-06,000858,14:49:27,107.1900,33,2
2026-02-06,000858,14:49:30,107.2000,29,1
2026-02-06,000858,14:49:33,107.1900,28,2
2026-02-06,000858,14:49:36,107.1900,129,2
2026-02-06,000858,14:49:39,107.1900,7,1
2026-02-06,000858,14:49:42,107.1800,20,2
2026-02-06,000858,14:49:45,107.1900,14,1
2026-02-06,000858,14:49:48,107.1700,135,2
2026-02-06,000858,14:49:51,107.1800,38,1
2026-02-06,000858,14:49:54,107.1700,25,2
2026-02-06,000858,14:49:57,107.1800,63,1
2026-02-06,000858,14:50:00,107.1800,23,1
2026-02-06,000858,14:50:03,107.1600,41,2
2026-02-06,000858,14:50:06,107.1600,5,4
2026-02-06,000858,14:50:09,107.1700,19,1
2026-02-06,000858,14:50:12,107.1500,24,2
2026-02-06,000858,14:50:15,107.1600,20,1
2026-02-06,000858,14:50:18,107.1700,15,1
2026-02-06,000858,14:50:21,107.1500,35,2
2026-02-06,000858,14:50:24,107.1600,25,1
2026-02-06,000858,14:50:27,107.1500,65,2
2026-02-06,000858,14:50:30,107.1500,11,2
2026-02-06,000858,14:50:33,107.1600,22,4
2026-02-06,000858,14:50:36,107.1600,13,2
2026-02-06,000858,14:50:39,107.1500,25,2
2026-02-06,000858,14:50:42,107.1600,17,4
2026-02-06,000858,14:50:45,107.1500,25,2
2026-02-06,000858,14:50:48,107.1600,39,1
2026-02-06,000858,14:50:51,107.1500,16,2
2026-02-06,000858,14:50:54,107.1700,304,1
2026-02-06,000858,14:50:57,107.1700,40,1
2026-02-06,000858,14:51:00,107.1600,12,2
2026-02-06,000858,14:51:03,107.1500,45,2
2026-02-06,000858,14:51:06,107.1500,56,2
2026-02-06,000858,14:51:09,107.1600,25,1
2026-02-06,000858,14:51:12,107.1600,18,1
2026-02-06,000858,14:51:15,107.1500,63,2
2026-02-06,000858,14:51:18,107.1500,104,2
2026-02-06,000858,14:51:21,107.1500,126,1
2026-02-06,000858,14:51:24,107.1400,27,2
2026-02-06,000858,14:51:27,107.1400,3,1
2026-02-06,000858,14:51:30,107.1300,25,2
2026-02-06,000858,14:51:33,107.1300,76,2
2026-02-06,000858,14:51:36,107.1300,11,1
2026-02-06,000858,14:51:39,107.1300,36,1
2026-02-06,000858,14:51:42,107.1300,19,1
2026-02-06,000858,14:51:45,107.1200,28,2
2026-02-06,000858,14:51:48,107.1200,11,2
2026-02-06,000858,14:51:51,107.1200,238,2
2026-02-06,000858,14:51:54,107.1200,17,1
2026-02-06,000858,14:51:57,107.1000,366,2
2026-02-06,000858,14:52:00,107.0900,34,2
2026-02-06,000858,14:52:03,107.0900,311,2
2026-02-06,000858,14:52:06,107.0900,66,2
2026-02-06,000858,14:52:09,107.1000,57,1
2026-02-06,000858,14:52:12,107.0900,45,2
2026-02-06,000858,14:52:15,107.0900,31,2
2026-02-06,000858,14:52:18,107.0900,98,2
2026-02-06,000858,14:52:21,107.0900,30,2
2026-02-06,000858,14:52:24,107.0800,90,2
2026-02-06,000858,14:52:27,107.0500,152,2
2026-02-06,000858,14:52:30,107.0400,29,2
2026-02-06,000858,14:52:33,107.0400,525,1
2026-02-06,000858,14:52:36,107.0300,22,1
2026-02-06,000858,14:52:39,106.9900,206,2
2026-02-06,000858,14:52:42,107.0000,59,1
2026-02-06,000858,14:52:45,107.0000,807,1
2026-02-06,000858,14:52:48,107.0400,32,1
2026-02-06,000858,14:52:51,107.0400,49,1
2026-02-06,000858,14:52:54,107.0100,33,2
2026-02-06,000858,14:52:57,107.0100,51,2
2026-02-06,000858,14:53:00,107.0200,80,1
2026-02-06,000858,14:53:03,107.0200,77,1
2026-02-06,000858,14:53:06,107.0100,46,1
2026-02-06,000858,14:53:09,107.0100,36,2
2026-02-06,000858,14:53:12,107.0000,77,2
2026-02-06,000858,14:53:15,107.0100,80,2
2026-02-06,000858,14:53:18,107.0100,121,2
2026-02-06,000858,14:53:21,107.0300,51,1
2026-02-06,000858,14:53:24,107.0300,47,2
2026-02-06,000858,14:53:27,107.0300,28,4
2026-02-06,000858,14:53:30,107.0300,34,1
2026-02-06,000858,14:53:33,107.0200,51,2
2026-02-06,000858,14:53:36,107.0500,384,1
2026-02-06,000858,14:53:39,107.0200,39,2
2026-02-06,000858,14:53:42,107.0300,95,1
2026-02-06,000858,14:53:45,107.0300,30,1
2026-02-06,000858,14:53:48,107.0200,50,2
2026-02-06,000858,14:53:51,107.0300,11,2
2026-02-06,000858,14:53:54,107.0200,240,2
2026-02-06,000858,14:53:57,107.0100,76,2
2026-02-06,000858,14:54:00,107.0200,29,1
2026-02-06,000858,14:54:03,107.0100,77,2
2026-02-06,000858,14:54:06,107.0200,90,1
2026-02-06,000858,14:54:09,107.0100,68,2
2026-02-06,000858,14:54:12,107.0100,42,1
2026-02-06,000858,14:54:15,107.0100,40,1
2026-02-06,000858,14:54:18,107.0100,114,1
2026-02-06,000858,14:54:21,107.0100,69,1
2026-02-06,000858,14:54:24,107.0200,101,1
2026-02-06,000858,14:54:27,107.0100,61,2
2026-02-06,000858,14:54:30,107.0200,38,1
2026-02-06,000858,14:54:33,107.0000,132,2
2026-02-06,000858,14:54:36,107.0100,26,1
2026-02-06,000858,14:54:39,107.0100,32,1
2026-02-06,000858,14:54:42,107.0100,41,1
2026-02-06,000858,14:54:45,107.0100,73,1
2026-02-06,000858,14:54:48,107.0100,24,2
2026-02-06,000858,14:54:51,107.0200,69,1
2026-02-06,000858,14:54:54,107.0000,450,2
2026-02-06,000858,14:54:57,107.0100,20,2
2026-02-06,000858,14:55:00,107.0200,57,1
2026-02-06,000858,14:55:03,107.0000,362,2
2026-02-06,000858,14:55:06,107.0100,27,1
2026-02-06,000858,14:55:09,107.0000,65,2
2026-02-06,000858,14:55:12,107.0100,35,4
2026-02-06,000858,14:55:15,107.0100,82,1
2026-02-06,000858,14:55:18,107.0100,37,1
2026-02-06,000858,14:55:21,107.0100,23,2
2026-02-06,000858,14:55:24,107.0100,13,2
2026-02-06,000858,14:55:27,107.0200,108,1
2026-02-06,000858,14:55:30,107.0200,22,1
2026-02-06,000858,14:55:33,107.0100,154,2
2026-02-06,000858,14:55:36,107.0100,164,2
2026-02-06,000858,14:55:39,107.0200,58,2
2026-02-06,000858,14:55:42,107.0400,26,1
2026-02-06,000858,14:55:45,107.0200,40,2
2026-02-06,000858,14:55:48,107.0300,32,1
2026-02-06,000858,14:55:51,107.0200,36,2
2026-02-06,000858,14:55:54,107.0300,30,1
2026-02-06,000858,14:55:57,107.0200,38,2
2026-02-06,000858,14:56:00,107.0300,109,4
2026-02-06,000858,14:56:03,107.0300,61,1
2026-02-06,000858,14:56:06,107.0200,78,2
2026-02-06,000858,14:56:09,107.0100,456,2
2026-02-06,000858,14:56:12,107.0000,40,2
2026-02-06,000858,14:56:15,107.0000,65,2
2026-02-06,000858,14:56:18,107.0100,164,1
2026-02-06,000858,14:56:21,107.0100,33,1
2026-02-06,000858,14:56:24,107.0100,47,2
2026-02-06,000858,14:56:27,107.0100,562,2
2026-02-06,000858,14:56:30,107.0100,70,2
2026-02-06,000858,14:56:33,107.0000,270,2
2026-02-06,000858,14:56:36,107.0000,263,1
2026-02-06,000858,14:56:39,106.9900,210,2
2026-02-06,000858,14:56:42,106.9900,166,2
2026-02-06,000858,14:56:45,106.9900,32,1
2026-02-06,000858,14:56:48,106.9900,84,1
2026-02-06,000858,14:56:51,106.9900,143,1
2026-02-06,000858,14:56:54,106.9800,45,2
2026-02-06,000858,14:56:57,107.0000,117,1
2026-02-06,000858,14:57:00,107.0000,57,1
2026-02-06,000858,15:00:00,107.0000,3346,4
2026-02-06,000858,13:15:42,107.5400,16,2
2026-02-06,000858,13:15:45,107.5400,14,2
2026-02-06,000858,13:15:48,107.5400,10,2
2026-02-06,000858,13:15:51,107.5500,21,1
2026-02-06,000858,13:15:54,107.5400,17,2
2026-02-06,000858,13:15:57,107.5500,7,1
2026-02-06,000858,13:16:00,107.5400,24,2
2026-02-06,000858,13:16:03,107.5500,4,4
2026-02-06,000858,13:16:06,107.5400,27,2
2026-02-06,000858,13:16:09,107.5400,1,2
2026-02-06,000858,13:16:12,107.5400,5,2
2026-02-06,000858,13:16:15,107.5400,23,2
2026-02-06,000858,13:16:21,107.5500,12,1
2026-02-06,000858,13:16:24,107.5600,21,1
2026-02-06,000858,13:16:27,107.5600,50,1
2026-02-06,000858,13:16:30,107.5600,1,1
2026-02-06,000858,13:16:33,107.5500,8,2
2026-02-06,000858,13:16:36,107.5500,34,2
2026-02-06,000858,13:16:39,107.5500,8,2
2026-02-06,000858,13:16:42,107.5500,88,2
2026-02-06,000858,13:16:45,107.5500,4,2
2026-02-06,000858,13:16:48,107.5600,12,1
2026-02-06,000858,13:16:51,107.5600,32,1
2026-02-06,000858,13:16:54,107.5500,14,2
2026-02-06,000858,13:16:57,107.5600,22,1
2026-02-06,000858,13:17:00,107.5500,10,2
2026-02-06,000858,13:17:03,107.5600,30,1
2026-02-06,000858,13:17:06,107.5500,50,2
2026-02-06,000858,13:17:09,107.5500,1,1
2026-02-06,000858,13:17:12,107.5500,5,1
2026-02-06,000858,13:17:15,107.5400,15,2
2026-02-06,000858,13:17:18,107.5500,12,1
2026-02-06,000858,13:17:21,107.5500,3,1
2026-02-06,000858,13:17:24,107.5500,7,2
2026-02-06,000858,13:17:27,107.5500,4,2
2026-02-06,000858,13:17:30,107.5500,11,1
2026-02-06,000858,13:17:33,107.5600,14,1
2026-02-06,000858,13:17:36,107.5600,20,1
2026-02-06,000858,13:17:39,107.5600,24,1
2026-02-06,000858,13:17:42,107.5500,3,4
2026-02-06,000858,13:17:45,107.5600,13,1
2026-02-06,000858,13:17:48,107.5500,52,2
2026-02-06,000858,13:17:51,107.5500,7,1
2026-02-06,000858,13:17:54,107.5500,16,1
2026-02-06,000858,13:17:57,107.5600,39,1
2026-02-06,000858,13:18:00,107.5500,20,2
2026-02-06,000858,13:18:03,107.5500,7,1
2026-02-06,000858,13:18:06,107.5600,33,1
2026-02-06,000858,13:18:09,107.5600,16,1
2026-02-06,000858,13:18:12,107.5500,33,2
2026-02-06,000858,13:18:15,107.5400,23,2
2026-02-06,000858,13:18:18,107.6100,144,1
2026-02-06,000858,13:18:21,107.6900,169,1
2026-02-06,000858,13:18:24,107.7300,56,1
2026-02-06,000858,13:18:27,107.7500,38,1
2026-02-06,000858,13:18:30,107.7600,46,1
2026-02-06,000858,13:18:33,107.7600,2,4
2026-02-06,000858,13:18:36,107.7600,10,1
2026-02-06,000858,13:18:39,107.7700,8,1
2026-02-06,000858,13:18:42,107.7700,50,1
2026-02-06,000858,13:18:45,107.7700,13,1
2026-02-06,000858,13:18:48,107.7700,75,2
2026-02-06,000858,13:18:51,107.7500,25,2
2026-02-06,000858,13:18:54,107.7300,9,2
2026-02-06,000858,13:18:57,107.7500,24,1
2026-02-06,000858,13:19:00,107.7500,10,1
2026-02-06,000858,13:19:03,107.7600,13,1
2026-02-06,000858,13:19:06,107.7600,3,1
2026-02-06,000858,13:19:09,107.7600,13,2
2026-02-06,000858,13:19:12,107.7700,21,1
2026-02-06,000858,13:19:18,107.7800,12,1
2026-02-06,000858,13:19:21,107.7700,44,2
2026-02-06,000858,13:19:24,107.7800,105,1
2026-02-06,000858,13:19:27,107.7800,12,1
2026-02-06,000858,13:19:30,107.7800,98,2
2026-02-06,000858,13:19:33,107.7500,16,2
2026-02-06,000858,13:19:36,107.7400,17,2
2026-02-06,000858,13:19:39,107.7600,8,1
2026-02-06,000858,13:19:42,107.7400,2,2
2026-02-06,000858,13:19:45,107.7400,13,2
2026-02-06,000858,13:19:48,107.7400,17,2
2026-02-06,000858,13:19:51,107.7400,15,1
2026-02-06,000858,13:19:54,107.7400,19,4
2026-02-06,000858,13:19:57,107.7200,45,2
2026-02-06,000858,13:20:00,107.7400,13,1
2026-02-06,000858,13:20:03,107.7100,5,2
2026-02-06,000858,13:20:06,107.7400,277,1
2026-02-06,000858,13:20:09,107.7100,19,2
2026-02-06,000858,13:20:15,107.7100,15,2
2026-02-06,000858,13:20:18,107.7100,21,1
2026-02-06,000858,13:20:21,107.7100,10,2
2026-02-06,000858,13:20:24,107.7200,3,1
2026-02-06,000858,13:20:27,107.7100,83,2
2026-02-06,000858,13:20:30,107.7100,3,2
2026-02-06,000858,13:20:33,107.7600,41,1
2026-02-06,000858,13:20:36,107.7700,2,1
2026-02-06,000858,13:20:39,107.7500,4,2
2026-02-06,000858,13:20:45,107.7500,1,2
2026-02-06,000858,13:20:48,107.7500,20,2
2026-02-06,000858,13:20:51,107.7600,12,4
2026-02-06,000858,13:20:54,107.7700,26,1
2026-02-06,000858,13:20:57,107.7500,13,2
2026-02-06,000858,13:21:00,107.7500,2,2
2026-02-06,000858,13:21:03,107.7500,24,2
2026-02-06,000858,13:21:06,107.7500,10,1
2026-02-06,000858,13:21:09,107.7500,3,1
2026-02-06,000858,13:21:12,107.7400,8,2
2026-02-06,000858,13:21:15,107.7500,39,1
2026-02-06,000858,13:21:18,107.7400,14,4
2026-02-06,000858,13:21:21,107.7500,43,1
2026-02-06,000858,13:21:24,107.6800,175,2
2026-02-06,000858,13:21:27,107.7200,5,1
2026-02-06,000858,13:21:30,107.6600,9,2
2026-02-06,000858,13:21:33,107.6700,10,2
2026-02-06,000858,13:21:36,107.6800,21,1
2026-02-06,000858,13:21:39,107.6700,1,2
2026-02-06,000858,13:21:42,107.6700,11,2
2026-02-06,000858,13:21:45,107.6800,1,1
2026-02-06,000858,13:21:48,107.6800,18,1
2026-02-06,000858,13:21:51,107.6700,27,2
2026-02-06,000858,13:21:57,107.6700,9,1
2026-02-06,000858,13:22:00,107.6600,3,4
2026-02-06,000858,13:22:03,107.6700,5,1
2026-02-06,000858,13:22:06,107.6700,27,1
2026-02-06,000858,13:22:09,107.6600,15,2
2026-02-06,000858,13:22:12,107.6600,55,2
2026-02-06,000858,13:22:15,107.6500,26,2
2026-02-06,000858,13:22:18,107.6500,10,2
2026-02-06,000858,13:22:21,107.6700,3,1
2026-02-06,000858,13:22:24,107.6700,7,1
2026-02-06,000858,13:22:30,107.6600,10,1
2026-02-06,000858,13:22:33,107.6500,18,2
2026-02-06,000858,13:22:36,107.6600,2,4
2026-02-06,000858,13:22:39,107.6600,3,1
2026-02-06,000858,13:22:42,107.6600,6,1
2026-02-06,000858,13:22:45,107.6600,24,4
2026-02-06,000858,13:22:48,107.6600,14,1
2026-02-06,000858,13:22:51,107.6700,8,1
2026-02-06,000858,13:22:54,107.6600,9,4
2026-02-06,000858,13:22:57,107.6500,6,2
2026-02-06,000858,13:23:00,107.6400,13,2
2026-02-06,000858,13:23:03,107.6500,8,1
2026-02-06,000858,13:23:06,107.6000,49,2
2026-02-06,000858,13:23:09,107.6000,5,1
2026-02-06,000858,13:23:12,107.6000,2,1
2026-02-06,000858,13:23:15,107.6000,1,1
2026-02-06,000858,13:23:18,107.5800,1,2
2026-02-06,000858,13:23:21,107.5800,16,2
2026-02-06,000858,13:23:24,107.5800,25,2
2026-02-06,000858,13:23:27,107.5800,3,1
2026-02-06,000858,13:23:30,107.5800,18,1
2026-02-06,000858,13:23:33,107.5600,14,2
2026-02-06,000858,13:23:36,107.5600,4,2
2026-02-06,000858,13:23:39,107.5600,3,2
2026-02-06,000858,13:23:42,107.5700,6,1
2026-02-06,000858,13:23:45,107.5600,36,2
2026-02-06,000858,13:23:48,107.5500,213,2
2026-02-06,000858,13:23:51,107.5500,22,1
2026-02-06,000858,13:23:54,107.4800,89,2
2026-02-06,000858,13:23:57,107.4700,137,2
2026-02-06,000858,13:24:00,107.4700,19,1
2026-02-06,000858,13:24:03,107.4700,3,1
2026-02-06,000858,13:24:06,107.4000,67,2
2026-02-06,000858,13:24:09,107.4700,164,1
2026-02-06,000858,13:24:12,107.4800,84,1
2026-02-06,000858,13:24:15,107.4700,18,2
2026-02-06,000858,13:24:18,107.5000,15,1
2026-02-06,000858,13:24:21,107.4800,31,2
2026-02-06,000858,13:24:24,107.4800,5,1
2026-02-06,000858,13:24:27,107.4500,294,2
2026-02-06,000858,13:24:30,107.5000,2,2
2026-02-06,000858,13:24:33,107.5000,2,2
2026-02-06,000858,13:24:36,107.5100,52,2
2026-02-06,000858,13:24:39,107.5500,51,1
2026-02-06,000858,13:24:42,107.5200,11,2
2026-02-06,000858,13:24:45,107.5000,27,2
2026-02-06,000858,13:24:48,107.5000,1,2
2026-02-06,000858,13:24:51,107.5100,7,2
2026-02-06,000858,13:24:54,107.5100,19,2
2026-02-06,000858,13:24:57,107.5400,8,1
2026-02-06,000858,13:25:00,107.5200,6,2
2026-02-06,000858,13:25:03,107.5500,1,1
2026-02-06,000858,13:25:06,107.5200,36,2
2026-02-06,000858,13:25:09,107.5200,6,1
2026-02-06,000858,13:25:12,107.5200,16,1
2026-02-06,000858,13:25:15,107.5200,35,2
2026-02-06,000858,13:25:18,107.5200,12,1
2026-02-06,000858,13:25:21,107.5200,17,1
2026-02-06,000858,13:25:24,107.5200,32,1
2026-02-06,000858,13:25:27,107.5200,94,1
2026-02-06,000858,13:25:30,107.5200,14,1
2026-02-06,000858,13:25:33,107.5100,28,2
2026-02-06,000858,13:25:36,107.5100,10,1
2026-02-06,000858,13:25:39,107.5100,2,1
2026-02-06,000858,13:25:42,107.5100,38,1
2026-02-06,000858,13:25:45,107.5100,13,1
2026-02-06,000858,13:25:48,107.5000,7,2
2026-02-06,000858,13:25:51,107.5100,30,1
2026-02-06,000858,13:25:54,107.5100,13,1
2026-02-06,000858,13:25:57,107.5100,13,2
2026-02-06,000858,13:26:00,107.5100,12,2
2026-02-06,000858,13:26:03,107.5000,62,2
2026-02-06,000858,13:26:06,107.5000,12,2
2026-02-06,000858,13:26:09,107.5000,12,1
2026-02-06,000858,13:26:12,107.5000,5,1
2026-02-06,000858,13:26:15,107.4900,39,2
2026-02-06,000858,13:26:18,107.5000,6,1
2026-02-06,000858,13:26:21,107.4900,2,2
2026-02-06,000858,13:26:24,107.4900,19,2
2026-02-06,000858,13:26:27,107.4900,41,2
2026-02-06,000858,13:26:30,107.5000,7,1
2026-02-06,000858,13:26:33,107.4900,16,4
2026-02-06,000858,13:26:36,107.4800,60,2
2026-02-06,000858,13:26:39,107.4900,15,1
2026-02-06,000858,13:26:42,107.4900,50,1
2026-02-06,000858,13:26:45,107.4800,126,2
2026-02-06,000858,13:26:48,107.4800,21,4
2026-02-06,000858,13:26:51,107.4700,8,2
2026-02-06,000858,13:26:54,107.4700,7,1
2026-02-06,000858,13:26:57,107.4700,22,2
2026-02-06,000858,13:27:03,107.4700,21,2
2026-02-06,000858,13:27:06,107.4700,3,1
2026-02-06,000858,13:27:09,107.4600,2,2
2026-02-06,000858,13:27:12,107.4700,18,1
2026-02-06,000858,13:27:15,107.4600,1,2
2026-02-06,000858,13:27:18,107.4700,14,1
2026-02-06,000858,13:27:21,107.4600,10,2
2026-02-06,000858,13:27:24,107.4700,38,1
2026-02-06,000858,13:27:27,107.4600,18,2
2026-02-06,000858,13:27:30,107.4800,11,1
2026-02-06,000858,13:27:33,107.4800,14,1
2026-02-06,000858,13:27:36,107.4700,11,2
2026-02-06,000858,13:27:39,107.4800,23,1
2026-02-06,000858,13:27:42,107.4600,28,2
2026-02-06,000858,13:27:45,107.4800,134,2
2026-02-06,000858,13:27:48,107.4700,25,1
2026-02-06,000858,13:27:51,107.4900,36,1
2026-02-06,000858,13:27:54,107.4100,282,2
2026-02-06,000858,13:27:57,107.4100,65,1
2026-02-06,000858,13:28:00,107.4100,34,1
2026-02-06,000858,13:28:03,107.4200,7,1
2026-02-06,000858,13:28:06,107.4100,135,2
2026-02-06,000858,13:28:09,107.4800,7,1
2026-02-06,000858,13:28:12,107.4400,9,2
2026-02-06,000858,13:28:15,107.4000,77,2
2026-02-06,000858,13:28:18,107.4400,71,1
2026-02-06,000858,13:28:21,107.4000,1,2
2026-02-06,000858,13:28:24,107.4400,13,1
2026-02-06,000858,13:28:27,107.4100,9,2
2026-02-06,000858,13:28:30,107.4000,26,2
2026-02-06,000858,13:28:33,107.4100,23,4
2026-02-06,000858,13:28:36,107.4000,37,2
2026-02-06,000858,13:28:39,107.4000,31,2
2026-02-06,000858,13:28:42,107.4000,18,1
2026-02-06,000858,13:28:45,107.4000,17,1
2026-02-06,000858,13:28:48,107.4000,14,1
2026-02-06,000858,13:28:51,107.3900,37,2
2026-02-06,000858,13:28:54,107.4000,26,1
2026-02-06,000858,13:28:57,107.3900,11,2
2026-02-06,000858,13:29:00,107.4000,9,1
2026-02-06,000858,13:29:03,107.4000,27,1
2026-02-06,000858,13:29:06,107.4000,22,1
2026-02-06,000858,13:29:09,107.4000,19,1
2026-02-06,000858,13:29:12,107.4000,68,1
2026-02-06,000858,13:29:15,107.4000,12,1
2026-02-06,000858,13:29:18,107.3900,43,2
2026-02-06,000858,13:29:21,107.4200,108,1
2026-02-06,000858,13:29:24,107.4400,13,1
2026-02-06,000858,13:29:27,107.4300,5,2
2026-02-06,000858,13:29:30,107.4400,34,1
2026-02-06,000858,13:29:33,107.4200,14,2
2026-02-06,000858,13:29:36,107.4200,17,2
2026-02-06,000858,13:29:39,107.4100,22,2
2026-02-06,000858,13:29:42,107.4400,19,4
2026-02-06,000858,13:29:45,107.4300,16,2
2026-02-06,000858,13:29:48,107.4500,13,1
2026-02-06,000858,13:29:51,107.4500,7,1
2026-02-06,000858,13:29:54,107.4500,24,1
2026-02-06,000858,13:29:57,107.4500,19,1
2026-02-06,000858,13:30:00,107.4400,27,2
2026-02-06,000858,13:30:03,107.4500,30,1
2026-02-06,000858,13:30:06,107.4400,6,4
2026-02-06,000858,13:30:09,107.4400,16,2
2026-02-06,000858,13:30:12,107.4500,37,1
2026-02-06,000858,13:30:15,107.4400,19,4
2026-02-06,000858,13:30:18,107.4400,22,1
2026-02-06,000858,13:30:21,107.4300,16,2
2026-02-06,000858,13:30:24,107.4300,33,1
2026-02-06,000858,13:30:27,107.4500,57,1
2026-02-06,000858,13:30:30,107.4600,21,1
2026-02-06,000858,13:30:33,107.4500,36,2
2026-02-06,000858,13:30:36,107.4700,13,1
2026-02-06,000858,13:30:39,107.4600,12,2
2026-02-06,000858,13:30:42,107.4800,1,1
2026-02-06,000858,13:30:45,107.4900,14,1
2026-02-06,000858,13:30:48,107.4900,3,1
2026-02-06,000858,13:30:51,107.5000,8,1
2026-02-06,000858,13:30:54,107.5000,21,1
2026-02-06,000858,13:30:57,107.5000,21,1
2026-02-06,000858,13:31:00,107.5000,27,1
2026-02-06,000858,13:31:03,107.4900,3,4
2026-02-06,000858,13:31:06,107.4900,16,1
2026-02-06,000858,13:31:09,107.5000,18,1
2026-02-06,000858,13:31:12,107.4900,9,2
2026-02-06,000858,13:31:15,107.5000,19,1
2026-02-06,000858,13:31:18,107.4600,436,2
2026-02-06,000858,13:31:21,107.4600,11,2
2026-02-06,000858,13:31:24,107.4600,14,2
2026-02-06,000858,13:31:27,107.4600,2,2
2026-02-06,000858,13:31:30,107.4600,6,2
2026-02-06,000858,13:31:33,107.4900,23,1
2026-02-06,000858,13:31:36,107.4700,5,4
2026-02-06,000858,13:31:39,107.4800,5,1
2026-02-06,000858,13:31:42,107.4600,2,2
2026-02-06,000858,13:31:45,107.4800,17,1
2026-02-06,000858,13:31:48,107.4500,13,2
2026-02-06,000858,13:31:51,107.4800,17,1
2026-02-06,000858,13:31:54,107.4700,14,2
2026-02-06,000858,13:31:57,107.4800,22,1
2026-02-06,000858,13:32:00,107.4800,12,1
2026-02-06,000858,13:32:03,107.4600,13,2
2026-02-06,000858,13:32:06,107.4900,26,1
2026-02-06,000858,13:32:09,107.4700,8,1
2026-02-06,000858,13:32:12,107.4700,14,1
2026-02-06,000858,13:32:15,107.4700,20,2
2026-02-06,000858,13:32:18,107.4700,10,2
2026-02-06,000858,13:32:21,107.4700,17,1
2026-02-06,000858,13:32:24,107.4900,31,1
2026-02-06,000858,13:32:27,107.4900,6,2
2026-02-06,000858,13:32:30,107.4900,5,1
2026-02-06,000858,13:32:33,107.4900,10,1
2026-02-06,000858,13:32:36,107.4900,18,1
2026-02-06,000858,13:32:39,107.4900,14,1
2026-02-06,000858,13:32:42,107.4900,22,1
2026-02-06,000858,13:32:45,107.5000,39,1
2026-02-06,000858,13:32:48,107.4900,26,2
2026-02-06,000858,13:32:51,107.5000,6,1
2026-02-06,000858,13:32:54,107.5000,24,1
2026-02-06,000858,13:32:57,107.4500,166,2
2026-02-06,000858,13:33:00,107.4400,4,2
2026-02-06,000858,13:33:03,107.4300,49,2
2026-02-06,000858,13:33:06,107.4200,19,2
2026-02-06,000858,13:33:09,107.4200,17,2
2026-02-06,000858,13:33:12,107.4200,32,2
2026-02-06,000858,13:33:15,107.3800,583,2
2026-02-06,000858,13:33:18,107.3600,31,2
2026-02-06,000858,13:33:21,107.3800,15,1
2026-02-06,000858,13:33:24,107.3800,28,1
2026-02-06,000858,13:33:27,107.4000,10,1
2026-02-06,000858,13:33:30,107.3800,1,2
2026-02-06,000858,13:33:33,107.4000,6,1
2026-02-06,000858,13:33:36,107.4000,45,1
2026-02-06,000858,13:33:39,107.4000,20,1
2026-02-06,000858,13:33:45,107.4000,26,1
2026-02-06,000858,13:33:48,107.4000,8,1
2026-02-06,000858,13:33:51,107.3900,3,4
2026-02-06,000858,13:33:54,107.4800,66,1
2026-02-06,000858,13:33:57,107.4200,12,2
2026-02-06,000858,13:34:00,107.4000,41,2
2026-02-06,000858,13:34:03,107.4200,36,1
2026-02-06,000858,13:34:06,107.4200,16,1
2026-02-06,000858,13:34:09,107.4000,16,2
2026-02-06,000858,13:34:12,107.4100,22,2
2026-02-06,000858,13:34:15,107.4500,13,1
2026-02-06,000858,13:34:18,107.4500,3,1
2026-02-06,000858,13:34:21,107.4300,6,2
2026-02-06,000858,13:34:24,107.4600,19,1
2026-02-06,000858,13:34:27,107.4600,34,2
2026-02-06,000858,13:34:30,107.4100,3,2
2026-02-06,000858,13:34:33,107.4500,1,1
2026-02-06,000858,13:34:36,107.4300,18,2
2026-02-06,000858,13:34:39,107.4200,25,2
2026-02-06,000858,13:34:42,107.4300,6,2
2026-02-06,000858,13:34:45,107.4500,18,1
2026-02-06,000858,13:34:48,107.4200,1,2
2026-02-06,000858,13:34:51,107.4300,16,1
2026-02-06,000858,13:34:54,107.4300,25,1
2026-02-06,000858,13:34:57,107.4500,7,1
2026-02-06,000858,13:35:00,107.4300,3,2
2026-02-06,000858,13:35:03,107.4400,3,4
2026-02-06,000858,13:35:06,107.4500,14,1
2026-02-06,000858,13:35:09,107.4500,3,2
2026-02-06,000858,13:35:12,107.4500,11,2
2026-02-06,000858,13:35:15,107.4600,14,1
2026-02-06,000858,13:35:18,107.4700,19,1
2026-02-06,000858,13:35:21,107.4700,1,1
2026-02-06,000858,13:35:24,107.4800,15,1
2026-02-06,000858,13:35:27,107.4900,17,1
2026-02-06,000858,13:35:30,107.4800,31,2
2026-02-06,000858,13:35:33,107.4700,28,2
2026-02-06,000858,13:35:36,107.4800,109,2
2026-02-06,000858,13:35:39,107.4900,62,1
2026-02-06,000858,13:35:42,107.4300,28,2
2026-02-06,000858,13:35:45,107.4800,13,1
2026-02-06,000858,13:35:51,107.4300,19,2
2026-02-06,000858,13:35:54,107.4300,23,2
2026-02-06,000858,13:35:57,107.4400,2,2
2026-02-06,000858,13:36:00,107.4800,9,1
2026-02-06,000858,13:36:03,107.4500,2,2
2026-02-06,000858,13:36:06,107.4300,31,2
2026-02-06,000858,13:36:12,107.4400,32,1
2026-02-06,000858,13:36:15,107.4200,12,2
2026-02-06,000858,13:36:18,107.4200,37,2
2026-02-06,000858,13:36:21,107.4200,9,2
2026-02-06,000858,13:36:24,107.4300,13,1
2026-02-06,000858,13:36:27,107.4300,7,1
2026-02-06,000858,13:36:30,107.4200,27,2
2026-02-06,000858,13:36:33,107.4100,9,2
2026-02-06,000858,13:36:36,107.4100,20,2
2026-02-06,000858,13:36:39,107.4100,3,2
2026-02-06,000858,13:36:42,107.4100,20,2
2026-02-06,000858,13:36:45,107.4100,3,2
2026-02-06,000858,13:36:48,107.4200,5,1
2026-02-06,000858,13:36:51,107.4200,4,1
2026-02-06,000858,13:36:54,107.4200,9,1
2026-02-06,000858,13:36:57,107.4200,7,1
2026-02-06,000858,13:37:00,107.4100,32,2
2026-02-06,000858,13:37:03,107.4200,17,1
2026-02-06,000858,13:37:06,107.4100,7,2
2026-02-06,000858,13:37:09,107.4100,39,2
2026-02-06,000858,13:37:12,107.4300,10,1
2026-02-06,000858,13:37:15,107.4400,16,1
2026-02-06,000858,13:37:18,107.4500,1,1
2026-02-06,000858,13:37:21,107.4500,9,1
2026-02-06,000858,13:37:24,107.4500,12,1
2026-02-06,000858,13:37:27,107.4300,42,2
2026-02-06,000858,13:37:30,107.4300,27,1
2026-02-06,000858,13:37:33,107.4500,6,1
2026-02-06,000858,13:37:39,107.4500,5,1
2026-02-06,000858,13:37:42,107.4500,17,1
2026-02-06,000858,13:37:45,107.4500,31,1
2026-02-06,000858,13:37:48,107.4500,44,1
2026-02-06,000858,13:37:51,107.4000,444,2
2026-02-06,000858,13:37:54,107.3900,3,2
2026-02-06,000858,13:37:57,107.4000,6,1
2026-02-06,000858,13:38:00,107.3900,52,2
2026-02-06,000858,13:38:03,107.4000,17,1
2026-02-06,000858,13:38:06,107.3900,22,2
2026-02-06,000858,13:38:09,107.3900,3,1
2026-02-06,000858,13:38:12,107.3800,7,2
2026-02-06,000858,13:38:15,107.3800,11,2
2026-02-06,000858,13:38:18,107.3800,26,2
2026-02-06,000858,13:38:21,107.3900,16,1
2026-02-06,000858,13:38:24,107.3800,2,2
2026-02-06,000858,13:38:27,107.3800,7,2
2026-02-06,000858,13:38:30,107.3900,4,1
2026-02-06,000858,13:38:33,107.3900,11,1
2026-02-06,000858,13:38:36,107.4000,2,1
2026-02-06,000858,13:38:39,107.4000,8,1
2026-02-06,000858,13:38:42,107.4000,35,1
2026-02-06,000858,13:38:45,107.4000,34,1
2026-02-06,000858,13:38:48,107.4000,52,2
2026-02-06,000858,13:38:51,107.4000,1,1
2026-02-06,000858,13:38:54,107.4000,19,1
2026-02-06,000858,13:38:57,107.4000,6,1
2026-02-06,000858,13:39:00,107.3900,17,2
2026-02-06,000858,13:39:03,107.4000,6,1
2026-02-06,000858,13:39:06,107.4000,4,1
2026-02-06,000858,13:39:09,107.3900,31,2
2026-02-06,000858,13:39:12,107.4000,9,1
2026-02-06,000858,13:39:15,107.4000,4,2
2026-02-06,000858,13:39:18,107.4000,22,4
2026-02-06,000858,13:39:21,107.4000,12,1
2026-02-06,000858,13:39:24,107.4100,12,1
2026-02-06,000858,13:39:27,107.4100,23,1
2026-02-06,000858,13:39:30,107.4200,19,1
2026-02-06,000858,13:39:33,107.4100,23,2
2026-02-06,000858,13:39:36,107.4000,5,2
2026-02-06,000858,13:39:39,107.4000,30,2
2026-02-06,000858,13:39:42,107.4000,12,1
2026-02-06,000858,13:39:45,107.4000,9,1
2026-02-06,000858,13:39:48,107.3900,26,2
2026-02-06,000858,13:39:51,107.4100,4,1
2026-02-06,000858,13:39:54,107.4100,16,2
2026-02-06,000858,13:39:57,107.4100,11,2
2026-02-06,000858,13:40:00,107.4100,9,2
2026-02-06,000858,13:40:03,107.4100,10,2
2026-02-06,000858,13:40:06,107.4100,5,2
2026-02-06,000858,13:40:09,107.4100,16,2
2026-02-06,000858,13:40:12,107.4100,2,2
2026-02-06,000858,13:40:15,107.4100,1,2
2026-02-06,000858,13:40:18,107.4100,4,2
2026-02-06,000858,13:40:21,107.4200,2,1
2026-02-06,000858,13:40:24,107.4100,2,2
2026-02-06,000858,13:40:27,107.4100,67,2
2026-02-06,000858,13:40:30,107.3900,80,2
2026-02-06,000858,13:40:33,107.4000,204,4
2026-02-06,000858,13:40:36,107.3900,57,2
2026-02-06,000858,13:40:39,107.3900,6,1
2026-02-06,000858,13:40:42,107.3800,11,2
2026-02-06,000858,13:40:45,107.3900,9,1
2026-02-06,000858,13:40:48,107.3800,137,2
2026-02-06,000858,13:40:51,107.3800,32,1
2026-02-06,000858,13:40:54,107.3900,2,2
2026-02-06,000858,13:40:57,107.3800,4,2
2026-02-06,000858,13:41:00,107.4000,87,1
2026-02-06,000858,13:41:03,107.4000,36,2
2026-02-06,000858,13:41:06,107.4000,106,2
2026-02-06,000858,13:41:09,107.4000,27,1
2026-02-06,000858,13:41:12,107.4100,19,1
2026-02-06,000858,13:41:15,107.4400,389,1
2026-02-06,000858,13:41:18,107.4100,7,1
2026-02-06,000858,13:41:21,107.4100,1,1
2026-02-06,000858,13:41:24,107.4100,3,1
2026-02-06,000858,13:41:27,107.4000,27,2
2026-02-06,000858,13:41:30,107.4000,5,1
2026-02-06,000858,13:41:33,107.3800,23,2
2026-02-06,000858,13:41:36,107.4000,33,1
2026-02-06,000858,13:41:39,107.3800,46,2
2026-02-06,000858,13:41:42,107.3900,1,2
2026-02-06,000858,13:41:45,107.4000,5,1
2026-02-06,000858,13:41:48,107.3900,16,2
2026-02-06,000858,13:41:51,107.3900,20,1
2026-02-06,000858,13:41:54,107.3900,12,2
2026-02-06,000858,13:41:57,107.3900,11,2
2026-02-06,000858,13:42:00,107.3900,6,2
2026-02-06,000858,13:42:03,107.3900,4,2
2026-02-06,000858,13:42:06,107.4000,1,1
2026-02-06,000858,13:42:09,107.3900,8,2
2026-02-06,000858,13:42:12,107.3900,14,2
2026-02-06,000858,13:42:15,107.3900,3,2
2026-02-06,000858,13:42:18,107.4000,10,1
2026-02-06,000858,13:42:21,107.3900,14,2
2026-02-06,000858,13:42:24,107.3900,69,2
2026-02-06,000858,13:42:27,107.3900,4,1
2026-02-06,000858,13:42:30,107.3900,24,1
2026-02-06,000858,13:42:33,107.3900,8,1
2026-02-06,000858,13:42:36,107.3900,17,1
2026-02-06,000858,13:42:39,107.3800,40,2
2026-02-06,000858,13:42:42,107.3800,6,4
2026-02-06,000858,13:42:45,107.3800,14,2
2026-02-06,000858,13:42:51,107.3700,25,2
2026-02-06,000858,13:42:54,107.3700,76,2
2026-02-06,000858,13:42:57,107.3700,7,2
2026-02-06,000858,13:43:00,107.3700,15,2
2026-02-06,000858,13:43:03,107.3800,48,1
2026-02-06,000858,13:43:06,107.3700,2,2
2026-02-06,000858,13:43:09,107.3700,107,2
2026-02-06,000858,13:43:12,107.3800,10,1
2026-02-06,000858,13:43:15,107.3700,15,2
2026-02-06,000858,13:43:18,107.3700,224,2
2026-02-06,000858,13:43:21,107.3800,2,1
2026-02-06,000858,13:43:27,107.3800,11,1
2026-02-06,000858,13:43:30,107.3800,20,1
2026-02-06,000858,13:43:33,107.3700,27,2
2026-02-06,000858,13:43:36,107.3800,27,1
2026-02-06,000858,13:43:39,107.3600,19,2
2026-02-06,000858,13:43:42,107.3700,10,1
2026-02-06,000858,13:43:45,107.3500,58,2
2026-02-06,000858,13:43:48,107.3500,73,2
2026-02-06,000858,13:43:51,107.3500,25,2
2026-02-06,000858,13:43:54,107.3500,14,1
2026-02-06,000858,13:43:57,107.3300,203,2
2026-02-06,000858,13:44:00,107.3400,18,1
2026-02-06,000858,13:44:03,107.3300,15,2
2026-02-06,000858,13:44:06,107.3500,9,1
2026-02-06,000858,13:44:09,107.3400,3,2
2026-02-06,000858,13:44:12,107.3400,9,2
2026-02-06,000858,13:44:15,107.3400,23,2
2026-02-06,000858,13:44:18,107.3500,51,1
2026-02-06,000858,13:44:21,107.3400,20,2
2026-02-06,000858,13:44:24,107.3400,11,1
2026-02-06,000858,13:44:27,107.3300,17,2
2026-02-06,000858,13:44:30,107.3400,9,1
2026-02-06,000858,13:44:33,107.3400,7,1
2026-02-06,000858,13:44:36,107.3300,22,2
2026-02-06,000858,13:44:39,107.3400,5,1
2026-02-06,000858,13:44:42,107.3300,1,2
2026-02-06,000858,13:44:45,107.3300,41,2
2026-02-06,000858,13:44:48,107.3400,9,1
2026-02-06,000858,13:44:51,107.3300,33,2
2026-02-06,000858,13:44:54,107.3300,12,1
2026-02-06,000858,13:44:57,107.3300,503,1
2026-02-06,000858,13:45:00,107.3300,114,1
2026-02-06,000858,13:45:03,107.3300,9,1
2026-02-06,000858,13:45:06,107.3200,13,2
2026-02-06,000858,13:45:09,107.3300,5,1
2026-02-06,000858,13:45:12,107.3200,8,2
2026-02-06,000858,13:45:15,107.3300,34,1
2026-02-06,000858,13:45:18,107.2900,56,2
2026-02-06,000858,13:45:21,107.2700,419,2
2026-02-06,000858,13:45:24,107.3000,28,1
2026-02-06,000858,13:45:27,107.3000,16,1
2026-02-06,000858,13:45:30,107.2700,10,2
2026-02-06,000858,13:45:33,107.3000,3,1
2026-02-06,000858,13:45:36,107.2700,5,2
2026-02-06,000858,13:45:39,107.2700,13,2
2026-02-06,000858,13:45:42,107.2600,27,2
2026-02-06,000858,13:45:45,107.2800,4,2
2026-02-06,000858,13:45:48,107.2600,61,2
2026-02-06,000858,13:45:51,107.2700,6,2
2026-02-06,000858,13:45:54,107.2500,24,2
2026-02-06,000858,13:45:57,107.2600,36,2
2026-02-06,000858,13:46:00,107.2700,3,1
2026-02-06,000858,13:46:03,107.2700,51,1
2026-02-06,000858,13:46:06,107.2700,11,1
2026-02-06,000858,13:46:09,107.2600,81,2
2026-02-06,000858,13:46:12,107.2700,25,1
2026-02-06,000858,13:46:15,107.2700,15,1
2026-02-06,000858,13:46:18,107.2700,29,1
2026-02-06,000858,13:46:21,107.2600,72,2
2026-02-06,000858,13:46:24,107.2600,54,2
2026-02-06,000858,13:46:27,107.2600,27,2
2026-02-06,000858,13:46:30,107.2700,34,1
2026-02-06,000858,13:46:33,107.2700,11,2
2026-02-06,000858,13:46:36,107.2800,27,1
2026-02-06,000858,13:46:39,107.2800,5,2
2026-02-06,000858,13:46:42,107.2900,7,1
2026-02-06,000858,13:46:45,107.2900,28,1
2026-02-06,000858,13:46:48,107.2900,9,1
2026-02-06,000858,13:46:51,107.2900,7,4
2026-02-06,000858,13:46:54,107.2900,16,2
2026-02-06,000858,13:46:57,107.2900,10,2
2026-02-06,000858,13:47:00,107.2900,14,2
2026-02-06,000858,13:47:03,107.2900,30,2
2026-02-06,000858,13:47:06,107.2900,34,1
2026-02-06,000858,13:47:09,107.2700,18,2
2026-02-06,000858,13:47:12,107.2700,5,2
2026-02-06,000858,13:47:15,107.2800,33,1
2026-02-06,000858,13:47:18,107.2600,274,2
2026-02-06,000858,13:47:21,107.2700,18,1
2026-02-06,000858,13:47:24,107.2700,21,2
2026-02-06,000858,13:47:27,107.2700,26,1
2026-02-06,000858,13:47:30,107.2700,3,1
2026-02-06,000858,13:47:33,107.2700,64,1
2026-02-06,000858,13:47:36,107.2700,25,1
2026-02-06,000858,13:47:39,107.2700,19,1
2026-02-06,000858,13:47:42,107.2600,58,2
2026-02-06,000858,13:47:45,107.2600,8,2
2026-02-06,000858,13:47:48,107.2700,37,1
2026-02-06,000858,13:47:51,107.2700,3,1
2026-02-06,000858,13:47:54,107.2700,76,1
2026-02-06,000858,13:47:57,107.2800,1,1
2026-02-06,000858,13:48:03,107.2800,50,2
2026-02-06,000858,13:48:06,107.2800,22,2
2026-02-06,000858,13:48:09,107.2700,33,2
2026-02-06,000858,13:48:12,107.2700,21,2
2026-02-06,000858,13:48:15,107.2800,7,1
2026-02-06,000858,13:48:18,107.2800,18,1
2026-02-06,000858,13:48:21,107.2700,9,2
2026-02-06,000858,13:48:24,107.2800,19,1
2026-02-06,000858,13:48:27,107.2700,32,2
2026-02-06,000858,13:48:30,107.2800,12,1
2026-02-06,000858,13:48:33,107.2900,33,1
2026-02-06,000858,13:48:36,107.2800,4,2
2026-02-06,000858,13:48:39,107.2900,5,1
2026-02-06,000858,13:48:42,107.2800,84,2
2026-02-06,000858,13:48:45,107.2700,38,2
2026-02-06,000858,13:48:48,107.2800,4,1
2026-02-06,000858,13:48:51,107.2800,22,1
2026-02-06,000858,13:48:54,107.2800,215,1
2026-02-06,000858,13:48:57,107.2800,29,2
2026-02-06,000858,13:49:00,107.2800,2,2
2026-02-06,000858,13:49:03,107.2800,12,2
2026-02-06,000858,13:49:06,107.2900,12,1
2026-02-06,000858,13:49:09,107.2800,33,2
2026-02-06,000858,13:49:12,107.2900,5,4
2026-02-06,000858,13:49:15,107.2900,4,1
2026-02-06,000858,13:49:18,107.2800,5,2
2026-02-06,000858,13:49:21,107.2900,12,1
2026-02-06,000858,13:49:27,107.2900,14,2
2026-02-06,000858,13:49:30,107.3000,69,1
2026-02-06,000858,13:49:33,107.3000,29,1
2026-02-06,000858,13:49:36,107.3000,40,1
2026-02-06,000858,13:49:39,107.3000,4,1
2026-02-06,000858,13:49:42,107.2900,21,2
2026-02-06,000858,13:49:48,107.3000,12,1
2026-02-06,000858,13:49:51,107.2900,208,2
2026-02-06,000858,13:49:54,107.2900,9,1
2026-02-06,000858,13:49:57,107.2900,12,1
2026-02-06,000858,13:50:00,107.2900,8,1
2026-02-06,000858,13:50:03,107.2800,1,2
2026-02-06,000858,13:50:06,107.2900,7,1
2026-02-06,000858,13:50:09,107.2900,13,1
2026-02-06,000858,13:50:12,107.2800,20,2
2026-02-06,000858,13:50:15,107.2900,4,1
2026-02-06,000858,13:50:18,107.2900,8,1
2026-02-06,000858,13:50:21,107.2800,20,2
2026-02-06,000858,13:50:24,107.2900,21,1
2026-02-06,000858,13:50:27,107.2900,16,1
2026-02-06,000858,13:50:30,107.3000,102,1
2026-02-06,000858,13:50:33,107.2900,42,2
2026-02-06,000858,13:50:36,107.2900,7,2
2026-02-06,000858,13:50:39,107.3100,109,1
2026-02-06,000858,13:50:42,107.3200,15,1
2026-02-06,000858,13:50:45,107.3100,87,2
2026-02-06,000858,13:50:48,107.3200,8,2
2026-02-06,000858,13:50:51,107.3300,45,1
2026-02-06,000858,13:50:54,107.3200,41,2
2026-02-06,000858,13:50:57,107.3300,3,1
2026-02-06,000858,13:51:00,107.3300,2,1
2026-02-06,000858,13:51:03,107.3400,3,1
2026-02-06,000858,13:51:09,107.3400,1,1
2026-02-06,000858,13:51:12,107.3500,150,1
2026-02-06,000858,13:51:15,107.3500,29,2
2026-02-06,000858,13:51:18,107.3600,9,4
2026-02-06,000858,13:51:21,107.3800,111,1
2026-02-06,000858,13:51:24,107.3600,31,2
2026-02-06,000858,13:51:27,107.3800,12,1
2026-02-06,000858,13:51:30,107.3900,16,1
2026-02-06,000858,13:51:33,107.3800,6,2
2026-02-06,000858,13:51:36,107.3700,42,2
2026-02-06,000858,13:51:39,107.3800,196,1
2026-02-06,000858,13:51:42,107.3800,1,2
2026-02-06,000858,13:51:45,107.3900,51,1
2026-02-06,000858,13:51:48,107.3900,10,1
2026-02-06,000858,13:51:51,107.3900,4,1
2026-02-06,000858,13:51:54,107.3900,25,1
2026-02-06,000858,13:51:57,107.3800,14,2
2026-02-06,000858,13:52:00,107.3900,19,1
2026-02-06,000858,13:52:03,107.3900,8,1
2026-02-06,000858,13:52:06,107.3800,90,2
2026-02-06,000858,13:52:09,107.3700,21,2
2026-02-06,000858,13:52:12,107.3700,28,2
2026-02-06,000858,13:52:15,107.3700,50,4
2026-02-06,000858,13:52:18,107.3700,16,2
2026-02-06,000858,13:52:21,107.3500,16,2
2026-02-06,000858,13:52:24,107.3800,21,1
2026-02-06,000858,13:52:27,107.3600,8,1
2026-02-06,000858,13:52:30,107.3800,2,1
2026-02-06,000858,13:52:33,107.3700,28,2
2026-02-06,000858,13:52:39,107.3800,5,1
2026-02-06,000858,13:52:42,107.3400,69,2
2026-02-06,000858,13:52:45,107.3700,3,1
2026-02-06,000858,13:52:48,107.3700,16,1
2026-02-06,000858,13:52:51,107.3700,106,1
2026-02-06,000858,13:52:54,107.3100,31,2
2026-02-06,000858,13:52:57,107.3100,11,1
2026-02-06,000858,13:53:00,107.3100,154,1
2026-02-06,000858,13:53:03,107.3300,46,1
2026-02-06,000858,13:53:06,107.2900,211,2
2026-02-06,000858,13:53:09,107.3100,11,1
2026-02-06,000858,13:53:12,107.2900,12,2
2026-02-06,000858,13:53:15,107.3100,3,1
2026-02-06,000858,13:53:18,107.2800,24,2
2026-02-06,000858,13:53:21,107.2700,11,2
2026-02-06,000858,13:53:24,107.2700,35,2
2026-02-06,000858,13:53:27,107.2900,6,1
2026-02-06,000858,13:53:30,107.2800,18,2
2026-02-06,000858,13:53:33,107.2900,9,1
2026-02-06,000858,13:53:36,107.2900,15,2
2026-02-06,000858,13:53:39,107.2900,13,2
2026-02-06,000858,13:53:42,107.2900,27,2
2026-02-06,000858,13:53:45,107.2900,13,1
2026-02-06,000858,13:53:48,107.2900,1,2
2026-02-06,000858,13:53:51,107.2900,12,2
2026-02-06,000858,13:53:54,107.2900,15,2
2026-02-06,000858,13:53:57,107.3000,8,1
2026-02-06,000858,13:54:00,107.3000,13,1
2026-02-06,000858,13:54:03,107.2900,3,1
2026-02-06,000858,13:54:09,107.2900,6,2
2026-02-06,000858,13:54:12,107.3000,8,1
2026-02-06,000858,13:54:15,107.2900,13,2
2026-02-06,000858,13:54:18,107.3000,5,1
2026-02-06,000858,13:54:21,107.2900,13,2
2026-02-06,000858,13:54:24,107.2900,3,2
2026-02-06,000858,13:54:27,107.3000,121,1
2026-02-06,000858,13:54:30,107.3000,117,2
2026-02-06,000858,13:54:33,107.2900,8,2
2026-02-06,000858,13:54:36,107.2900,39,2
2026-02-06,000858,13:54:39,107.2900,15,2
2026-02-06,000858,13:54:42,107.2900,12,2
2026-02-06,000858,13:54:48,107.3100,14,1
2026-02-06,000858,13:54:51,107.3000,11,2
2026-02-06,000858,13:54:54,107.3000,8,2
2026-02-06,000858,13:54:57,107.3100,7,1
2026-02-06,000858,13:55:00,107.3200,20,1
2026-02-06,000858,13:55:03,107.3200,2,1
2026-02-06,000858,13:55:06,107.3300,12,1
2026-02-06,000858,13:55:09,107.3000,43,2
2026-02-06,000858,13:55:12,107.3200,12,1
2026-02-06,000858,13:55:15,107.3100,16,2
2026-02-06,000858,13:55:18,107.3100,16,2
2026-02-06,000858,13:55:21,107.3300,9,1
2026-02-06,000858,13:55:24,107.3300,10,1
2026-02-06,000858,13:55:27,107.3200,14,4
2026-02-06,000858,13:55:30,107.3200,17,1
2026-02-06,000858,13:55:33,107.3300,26,1
2026-02-06,000858,13:55:36,107.3100,1,2
2026-02-06,000858,13:55:39,107.2900,33,2
2026-02-06,000858,13:55:42,107.3000,12,2
2026-02-06,000858,13:55:45,107.3200,101,1
2026-02-06,000858,13:55:48,107.3100,5,4
2026-02-06,000858,13:55:51,107.3000,8,2
2026-02-06,000858,13:55:54,107.3000,8,2
2026-02-06,000858,13:55:57,107.3000,20,2
2026-02-06,000858,13:56:00,107.2900,12,2
2026-02-06,000858,13:56:03,107.3000,8,1
2026-02-06,000858,13:56:06,107.2900,68,2
2026-02-06,000858,13:56:09,107.2800,27,2
2026-02-06,000858,13:56:12,107.2800,544,2
2026-02-06,000858,13:56:15,107.2600,40,2
2026-02-06,000858,13:56:18,107.2800,11,2
2026-02-06,000858,13:56:21,107.2500,102,2
2026-02-06,000858,13:56:24,107.2800,3,1
2026-02-06,000858,13:56:27,107.2800,15,2
2026-02-06,000858,13:56:30,107.2900,9,1
2026-02-06,000858,13:56:36,107.2600,55,2
2026-02-06,000858,13:56:39,107.2600,9,2
2026-02-06,000858,13:56:42,107.2600,18,2
2026-02-06,000858,13:56:45,107.2700,2,4
2026-02-06,000858,13:56:48,107.2700,5,2
2026-02-06,000858,13:56:51,107.2800,3,1
2026-02-06,000858,13:56:54,107.2600,62,2
2026-02-06,000858,13:56:57,107.2600,17,2
2026-02-06,000858,13:57:00,107.2800,3,1
2026-02-06,000858,13:57:03,107.2600,107,2
2026-02-06,000858,13:57:06,107.2500,29,2
2026-02-06,000858,13:57:09,107.2500,70,2
2026-02-06,000858,13:57:12,107.2300,178,2
2026-02-06,000858,13:57:15,107.2500,39,1
2026-02-06,000858,13:57:18,107.2500,84,1
2026-02-06,000858,13:57:21,107.2400,3,4
2026-02-06,000858,13:57:24,107.2400,8,2
2026-02-06,000858,13:57:27,107.2400,10,1
2026-02-06,000858,13:57:30,107.2300,28,2
2026-02-06,000858,13:57:33,107.2400,28,1
2026-02-06,000858,13:57:36,107.2300,4,2
2026-02-06,000858,13:57:39,107.2300,17,2
2026-02-06,000858,13:57:42,107.2400,8,4
2026-02-06,000858,13:57:45,107.2300,13,2
2026-02-06,000858,13:57:48,107.2400,73,1
2026-02-06,000858,13:57:51,107.2300,25,2
2026-02-06,000858,13:57:54,107.2300,10,2
2026-02-06,000858,13:57:57,107.2400,18,1
2026-02-06,000858,13:58:00,107.2300,3,2
2026-02-06,000858,13:58:03,107.2400,24,1
2026-02-06,000858,13:58:06,107.2300,24,2
2026-02-06,000858,13:58:09,107.2400,25,1
2026-02-06,000858,13:58:12,107.2400,21,2
2026-02-06,000858,13:58:15,107.2400,12,2
2026-02-06,000858,13:58:18,107.2400,16,2
2026-02-06,000858,13:58:21,107.2400,13,2
2026-02-06,000858,13:58:24,107.2500,31,1
2026-02-06,000858,13:58:27,107.2500,61,1
2026-02-06,000858,13:58:30,107.2400,71,2
2026-02-06,000858,13:58:33,107.2500,1,4
2026-02-06,000858,13:58:36,107.2500,2,2
2026-02-06,000858,13:58:39,107.2500,7,2
2026-02-06,000858,13:58:42,107.2500,26,2
2026-02-06,000858,13:58:45,107.2500,26,2
2026-02-06,000858,13:58:48,107.2500,27,1
2026-02-06,000858,13:58:51,107.2600,56,1
2026-02-06,000858,13:58:54,107.2600,5,1
2026-02-06,000858,13:58:57,107.2600,2,1
2026-02-06,000858,13:59:00,107.2600,20,1
2026-02-06,000858,13:59:03,107.2600,8,1
2026-02-06,000858,13:59:06,107.2600,41,1
2026-02-06,000858,13:59:09,107.2500,42,2
2026-02-06,000858,13:59:12,107.2500,2,2
2026-02-06,000858,13:59:15,107.2600,14,1
2026-02-06,000858,13:59:18,107.2500,25,2
2026-02-06,000858,13:59:21,107.2600,2,1
2026-02-06,000858,13:59:24,107.2600,25,1
2026-02-06,000858,13:59:27,107.2600,44,1
2026-02-06,000858,13:59:30,107.2600,36,1
2026-02-06,000858,13:59:33,107.2500,24,2
2026-02-06,000858,13:59:36,107.2500,46,2
2026-02-06,000858,13:59:39,107.2500,26,2
2026-02-06,000858,13:59:42,107.2500,50,2
2026-02-06,000858,13:59:45,107.2500,76,2
2026-02-06,000858,13:59:48,107.2500,61,2
2026-02-06,000858,13:59:51,107.2500,15,2
2026-02-06,000858,13:59:54,107.2600,2,1
2026-02-06,000858,13:59:57,107.2500,315,2
2026-02-06,000858,14:00:00,107.2500,14,2
2026-02-06,000858,14:00:03,107.2600,29,1
2026-02-06,000858,14:00:06,107.2400,55,2
2026-02-06,000858,14:00:09,107.2700,41,1
2026-02-06,000858,14:00:12,107.2600,2,4
2026-02-06,000858,14:00:15,107.2800,32,1
2026-02-06,000858,14:00:18,107.2900,11,1
2026-02-06,000858,14:00:21,107.2800,2,1
2026-02-06,000858,14:00:24,107.2800,4,1
2026-02-06,000858,14:00:27,107.2900,13,1
2026-02-06,000858,14:00:30,107.2900,25,1
2026-02-06,000858,14:00:33,107.3000,6,1
2026-02-06,000858,14:00:36,107.3000,33,1
2026-02-06,000858,14:00:39,107.3100,5,1
2026-02-06,000858,14:00:42,107.3000,15,2
2026-02-06,000858,14:00:45,107.3400,101,1
2026-02-06,000858,14:00:48,107.3500,41,1
2026-02-06,000858,14:00:51,107.3200,53,2
2026-02-06,000858,14:00:54,107.3500,23,1
2026-02-06,000858,14:00:57,107.3900,78,1
2026-02-06,000858,14:01:00,107.4000,8,1
2026-02-06,000858,14:01:03,107.4000,23,1
2026-02-06,000858,14:01:06,107.3900,27,2
2026-02-06,000858,14:01:09,107.4000,14,2
2026-02-06,000858,14:01:12,107.4200,4,1
2026-02-06,000858,14:01:15,107.4400,22,1
2026-02-06,000858,14:01:18,107.3800,75,2
2026-02-06,000858,14:01:21,107.3700,47,2
2026-02-06,000858,14:01:24,107.3700,57,1
2026-02-06,000858,14:01:27,107.3100,13,2
2026-02-06,000858,14:01:30,107.3500,11,2
2026-02-06,000858,14:01:33,107.3500,23,2
2026-02-06,000858,14:01:36,107.3400,5,2
2026-02-06,000858,14:01:39,107.3700,24,1
2026-02-06,000858,14:01:42,107.3400,25,2
2026-02-06,000858,14:01:45,107.3700,24,1
2026-02-06,000858,14:01:48,107.3200,14,2
2026-02-06,000858,14:01:51,107.3400,9,1
2026-02-06,000858,14:01:54,107.3200,38,2
2026-02-06,000858,14:01:57,107.3400,25,1
2026-02-06,000858,14:02:00,107.3400,8,1
2026-02-06,000858,14:02:03,107.3400,2,1
2026-02-06,000858,14:02:06,107.3400,33,1
2026-02-06,000858,14:02:09,107.3200,18,2
2026-02-06,000858,14:02:12,107.3300,29,4
2026-02-06,000858,14:02:15,107.3200,10,2
2026-02-06,000858,14:02:18,107.3300,5,1
2026-02-06,000858,14:02:21,107.3400,34,1
2026-02-06,000858,14:02:24,107.3500,5,1
2026-02-06,000858,14:02:27,107.3500,12,2
2026-02-06,000858,14:02:30,107.3500,10,2
2026-02-06,000858,14:02:33,107.3900,12,1
2026-02-06,000858,14:02:36,107.3600,3,2
2026-02-06,000858,14:02:39,107.3600,6,2
2026-02-06,000858,14:02:42,107.4100,3,1
2026-02-06,000858,14:02:45,107.3600,13,2
2026-02-06,000858,14:02:48,107.4000,7,1
2026-02-06,000858,14:02:51,107.4000,4,1
2026-02-06,000858,14:02:54,107.3700,2,2
2026-02-06,000858,14:02:57,107.3900,5,2
2026-02-06,000858,14:03:00,107.3700,25,2
2026-02-06,000858,14:03:03,107.3700,140,1
2026-02-06,000858,14:03:06,107.3900,85,1
2026-02-06,000858,14:03:09,107.3600,46,2
2026-02-06,000858,14:03:12,107.3900,4,1
2026-02-06,000858,14:03:15,107.3500,14,2
2026-02-06,000858,14:03:18,107.3500,25,1
2026-02-06,000858,14:03:21,107.3500,2,1
2026-02-06,000858,14:03:24,107.3400,8,2
2026-02-06,000858,14:03:27,107.3500,22,1
2026-02-06,000858,14:03:30,107.3500,19,1
2026-02-06,000858,14:03:33,107.3400,26,2
2026-02-06,000858,14:03:36,107.3500,5,1
2026-02-06,000858,14:03:39,107.3400,4,2
2026-02-06,000858,14:03:42,107.3500,9,1
2026-02-06,000858,14:03:45,107.3400,39,2
2026-02-06,000858,14:03:48,107.3400,3,1
2026-02-06,000858,14:03:51,107.3300,54,2
2026-02-06,000858,14:03:54,107.3400,27,1
2026-02-06,000858,14:03:57,107.3400,3,1
2026-02-06,000858,14:04:00,107.3400,5,1
2026-02-06,000858,14:04:03,107.3400,3,2
2026-02-06,000858,14:04:06,107.3400,1,2
2026-02-06,000858,14:04:09,107.3400,2,2
2026-02-06,000858,14:04:12,107.3400,16,2
2026-02-06,000858,14:04:15,107.3400,15,2
2026-02-06,000858,14:04:18,107.3500,27,1
2026-02-06,000858,14:04:21,107.3400,28,2
2026-02-06,000858,14:04:24,107.3500,16,1
2026-02-06,000858,14:04:27,107.3300,18,2
2026-02-06,000858,14:04:30,107.3300,61,2
2026-02-06,000858,14:04:33,107.3300,18,1
2026-02-06,000858,14:04:39,107.3300,12,1
2026-02-06,000858,14:04:42,107.3300,7,1
2026-02-06,000858,14:04:45,107.3300,8,1
2026-02-06,000858,14:04:48,107.3300,12,1
2026-02-06,000858,14:04:51,107.3300,9,1
2026-02-06,000858,14:04:54,107.3300,11,2
2026-02-06,000858,14:04:57,107.2900,511,2
2026-02-06,000858,14:05:00,107.2800,97,2
2026-02-06,000858,14:05:03,107.2900,68,1
2026-02-06,000858,14:05:06,107.2800,8,1
2026-02-06,000858,14:05:09,107.3100,29,1
2026-02-06,000858,14:05:12,107.2800,16,2
2026-02-06,000858,14:05:15,107.2800,38,2
2026-02-06,000858,14:05:18,107.2800,17,2
2026-02-06,000858,14:05:21,107.2800,5,2
2026-02-06,000858,14:05:24,107.2800,1,2
2026-02-06,000858,14:05:27,107.2800,5,2
2026-02-06,000858,14:05:30,107.2800,8,2
2026-02-06,000858,14:05:33,107.2800,21,2
2026-02-06,000858,14:05:36,107.2800,43,2
2026-02-06,000858,14:05:39,107.3100,35,1
2026-02-06,000858,14:05:42,107.2800,29,2
2026-02-06,000858,14:05:45,107.2800,9,1
2026-02-06,000858,14:05:48,107.2700,16,2
2026-02-06,000858,14:05:51,107.3100,30,1
2026-02-06,000858,14:05:54,107.3300,47,1
2026-02-06,000858,14:05:57,107.3300,11,1
2026-02-06,000858,14:06:00,107.3400,6,1
2026-02-06,000858,14:06:03,107.3000,70,2
2026-02-06,000858,14:06:06,107.2900,7,2
2026-02-06,000858,14:06:09,107.2500,407,2
2026-02-06,000858,14:06:12,107.2400,39,2
2026-02-06,000858,14:06:15,107.3100,48,1
2026-02-06,000858,14:06:18,107.3300,7,1
2026-02-06,000858,14:06:21,107.3100,31,1
2026-02-06,000858,14:06:24,107.2400,48,2
2026-02-06,000858,14:06:27,107.2600,13,1
2026-02-06,000858,14:06:30,107.2500,6,2
2026-02-06,000858,14:06:33,107.2500,22,2
2026-02-06,000858,14:06:36,107.2400,50,2
2026-02-06,000858,14:06:39,107.2400,48,2
2026-02-06,000858,14:06:42,107.2500,16,4
2026-02-06,000858,14:06:45,107.2500,16,1
2026-02-06,000858,10:54:33,107.4000,47,1
2026-02-06,000858,10:54:36,107.3800,21,2
2026-02-06,000858,10:54:39,107.3800,19,2
2026-02-06,000858,10:54:42,107.3800,39,2
2026-02-06,000858,10:54:45,107.3900,17,1
2026-02-06,000858,10:54:48,107.3800,22,2
2026-02-06,000858,10:54:51,107.3900,2,1
2026-02-06,000858,10:54:54,107.3900,17,1
2026-02-06,000858,10:54:57,107.3900,36,1
2026-02-06,000858,10:55:00,107.4000,26,1
2026-02-06,000858,10:55:03,107.3900,21,2
2026-02-06,000858,10:55:06,107.4000,22,1
2026-02-06,000858,10:55:09,107.4000,15,1
2026-02-06,000858,10:55:12,107.3800,34,2
2026-02-06,000858,10:55:15,107.3900,5,1
2026-02-06,000858,10:55:18,107.3900,7,1
2026-02-06,000858,10:55:21,107.3800,7,2
2026-02-06,000858,10:55:24,107.3900,6,1
2026-02-06,000858,10:55:27,107.3900,31,1
2026-02-06,000858,10:55:30,107.3900,18,1
2026-02-06,000858,10:55:33,107.3700,98,2
2026-02-06,000858,10:55:36,107.3700,5,1
2026-02-06,000858,10:55:39,107.3600,13,2
2026-02-06,000858,10:55:42,107.3600,2,2
2026-02-06,000858,10:55:45,107.3700,14,1
2026-02-06,000858,10:55:48,107.3600,17,2
2026-02-06,000858,10:55:51,107.3700,20,1
2026-02-06,000858,10:55:54,107.3600,112,2
2026-02-06,000858,10:55:57,107.3600,18,2
2026-02-06,000858,10:56:00,107.3600,22,2
2026-02-06,000858,10:56:03,107.3700,14,1
2026-02-06,000858,10:56:06,107.3600,57,2
2026-02-06,000858,10:56:09,107.3700,25,1
2026-02-06,000858,10:56:12,107.3700,160,1
2026-02-06,000858,10:56:15,107.3700,61,1
2026-02-06,000858,10:56:18,107.3600,15,2
2026-02-06,000858,10:56:21,107.3500,23,2
2026-02-06,000858,10:56:24,107.3600,6,1
2026-02-06,000858,10:56:27,107.3400,8,2
2026-02-06,000858,10:56:30,107.3500,27,2
2026-02-06,000858,10:56:33,107.3400,9,2
2026-02-06,000858,10:56:36,107.3500,27,1
2026-02-06,000858,10:56:39,107.3400,115,2
2026-02-06,000858,10:56:42,107.3300,35,2
2026-02-06,000858,10:56:45,107.3000,540,2
2026-02-06,000858,10:56:48,107.3200,19,1
2026-02-06,000858,10:56:51,107.3100,7,2
2026-02-06,000858,10:56:54,107.3000,31,2
2026-02-06,000858,10:56:57,107.2900,345,2
2026-02-06,000858,10:57:00,107.2900,155,2
2026-02-06,000858,10:57:03,107.2800,57,2
2026-02-06,000858,10:57:06,107.2900,32,1
2026-02-06,000858,10:57:09,107.2800,125,2
2026-02-06,000858,10:57:12,107.2700,11,2
2026-02-06,000858,10:57:15,107.2800,1,1
2026-02-06,000858,10:57:18,107.2600,105,2
2026-02-06,000858,10:57:21,107.2600,54,2
2026-02-06,000858,10:57:24,107.2500,380,2
2026-02-06,000858,10:57:27,107.2600,53,2
2026-02-06,000858,10:57:30,107.2600,25,4
2026-02-06,000858,10:57:33,107.2500,85,2
2026-02-06,000858,10:57:36,107.2500,62,1
2026-02-06,000858,10:57:39,107.2500,52,1
2026-02-06,000858,10:57:42,107.2500,53,1
2026-02-06,000858,10:57:45,107.2400,25,1
2026-02-06,000858,10:57:48,107.2300,28,2
2026-02-06,000858,10:57:51,107.2400,35,1
2026-02-06,000858,10:57:54,107.2300,51,2
2026-02-06,000858,10:57:57,107.2200,17,2
2026-02-06,000858,10:58:00,107.2200,83,2
2026-02-06,000858,10:58:03,107.2200,113,2
2026-02-06,000858,10:58:06,107.2200,137,1
2026-02-06,000858,10:58:09,107.2200,705,1
2026-02-06,000858,10:58:12,107.2100,81,1
2026-02-06,000858,10:58:15,107.2100,23,1
2026-02-06,000858,10:58:18,107.2000,83,2
2026-02-06,000858,10:58:21,107.2100,93,1
2026-02-06,000858,10:58:24,107.1800,350,2
2026-02-06,000858,10:58:27,107.1700,64,2
2026-02-06,000858,10:58:30,107.1800,87,1
2026-02-06,000858,10:58:33,107.1700,68,2
2026-02-06,000858,10:58:36,107.1700,27,1
2026-02-06,000858,10:58:39,107.1600,215,2
2026-02-06,000858,10:58:42,107.1700,105,1
2026-02-06,000858,10:58:45,107.1700,57,2
2026-02-06,000858,10:58:48,107.1700,35,1
2026-02-06,000858,10:58:51,107.1700,32,2
2026-02-06,000858,10:58:54,107.1700,736,2
2026-02-06,000858,10:58:57,107.1700,81,1
2026-02-06,000858,10:59:00,107.1700,122,1
2026-02-06,000858,10:59:03,107.2000,82,1
2026-02-06,000858,10:59:06,107.1900,35,1
2026-02-06,000858,10:59:09,107.2000,82,4
2026-02-06,000858,10:59:12,107.2100,99,1
2026-02-06,000858,10:59:15,107.2000,50,2
2026-02-06,000858,10:59:18,107.2000,37,1
2026-02-06,000858,10:59:21,107.2000,26,2
2026-02-06,000858,10:59:24,107.2000,33,1
2026-02-06,000858,10:59:27,107.2000,43,1
2026-02-06,000858,10:59:30,107.2000,36,2
2026-02-06,000858,10:59:33,107.2100,35,1
2026-02-06,000858,10:59:36,107.2000,18,2
2026-02-06,000858,10:59:39,107.2000,79,2
2026-02-06,000858,10:59:42,107.2000,25,2
2026-02-06,000858,10:59:45,107.2100,17,2
2026-02-06,000858,10:59:48,107.2200,41,1
2026-02-06,000858,10:59:51,107.2100,36,2
2026-02-06,000858,10:59:54,107.2200,119,1
2026-02-06,000858,10:59:57,107.2200,19,1
2026-02-06,000858,11:00:00,107.2200,50,1
2026-02-06,000858,11:00:03,107.2100,29,2
2026-02-06,000858,11:00:06,107.2200,20,1
2026-02-06,000858,11:00:09,107.2100,102,2
2026-02-06,000858,11:00:12,107.2300,5,1
2026-02-06,000858,11:00:15,107.2200,220,2
2026-02-06,000858,11:00:18,107.2300,3,1
2026-02-06,000858,11:00:21,107.2300,21,1
2026-02-06,000858,11:00:24,107.2300,58,1
2026-02-06,000858,11:00:27,107.2300,13,1
2026-02-06,000858,11:00:30,107.2300,20,1
2026-02-06,000858,11:00:33,107.2300,13,1
2026-02-06,000858,11:00:36,107.2400,8,1
2026-02-06,000858,11:00:39,107.2400,17,1
2026-02-06,000858,11:00:42,107.2300,35,2
2026-02-06,000858,11:00:45,107.2400,6,4
2026-02-06,000858,11:00:48,107.2400,29,2
2026-02-06,000858,11:00:51,107.2400,79,2
2026-02-06,000858,11:00:54,107.2400,44,2
2026-02-06,000858,11:00:57,107.2600,7,1
2026-02-06,000858,11:01:00,107.2600,3,2
2026-02-06,000858,11:01:03,107.2700,6,1
2026-02-06,000858,11:01:06,107.2800,19,1
2026-02-06,000858,11:01:09,107.3300,46,1
2026-02-06,000858,11:01:12,107.2800,38,2
2026-02-06,000858,11:01:15,107.2800,13,2
2026-02-06,000858,11:01:18,107.2800,9,2
2026-02-06,000858,11:01:21,107.3000,8,2
2026-02-06,000858,11:01:24,107.3200,29,1
2026-02-06,000858,11:01:27,107.3200,9,1
2026-02-06,000858,11:01:30,107.3200,7,2
2026-02-06,000858,11:01:33,107.3200,12,2
2026-02-06,000858,11:01:36,107.3200,2,2
2026-02-06,000858,11:01:39,107.3200,20,2
2026-02-06,000858,11:01:42,107.3300,29,1
2026-02-06,000858,11:01:45,107.2700,294,2
2026-02-06,000858,11:01:48,107.3300,27,1
2026-02-06,000858,11:01:51,107.2800,28,2
2026-02-06,000858,11:01:54,107.2700,12,2
2026-02-06,000858,11:01:57,107.2800,14,4
2026-02-06,000858,11:02:00,107.2900,23,1
2026-02-06,000858,11:02:03,107.2900,54,1
2026-02-06,000858,11:02:06,107.3000,2,1
2026-02-06,000858,11:02:12,107.3000,3,2
2026-02-06,000858,11:02:15,107.3000,11,2
2026-02-06,000858,11:02:18,107.3000,38,2
2026-02-06,000858,11:02:21,107.3100,65,1
2026-02-06,000858,11:02:24,107.3000,26,2
2026-02-06,000858,11:02:27,107.3000,13,2
2026-02-06,000858,11:02:30,107.3000,3,2
2026-02-06,000858,11:02:36,107.3100,20,2
2026-02-06,000858,11:02:42,107.3200,4,1
2026-02-06,000858,11:02:45,107.3200,7,2
2026-02-06,000858,11:02:48,107.3200,10,2
2026-02-06,000858,11:02:51,107.3300,1,1
2026-02-06,000858,11:02:54,107.3300,2,1
2026-02-06,000858,11:02:57,107.3300,12,1
2026-02-06,000858,11:03:00,107.3300,23,1
2026-02-06,000858,11:03:03,107.3200,1,2
2026-02-06,000858,11:03:06,107.3300,69,1
2026-02-06,000858,11:03:09,107.3200,9,2
2026-02-06,000858,11:03:12,107.3200,23,1
2026-02-06,000858,11:03:15,107.3200,15,1
2026-02-06,000858,11:03:18,107.3200,28,2
2026-02-06,000858,11:03:21,107.3200,8,1
2026-02-06,000858,11:03:24,107.3200,23,1
2026-02-06,000858,11:03:27,107.3200,27,1
2026-02-06,000858,11:03:30,107.3100,11,2
2026-02-06,000858,11:03:33,107.3100,9,1
2026-02-06,000858,11:03:36,107.3100,5,1
2026-02-06,000858,11:03:39,107.3000,55,2
2026-02-06,000858,11:03:42,107.3200,15,1
2026-02-06,000858,11:03:45,107.3100,24,2
2026-02-06,000858,11:03:48,107.3100,9,4
2026-02-06,000858,11:03:51,107.3100,13,2
2026-02-06,000858,11:03:54,107.3100,104,1
2026-02-06,000858,11:03:57,107.3200,1,1
2026-02-06,000858,11:04:00,107.3200,49,1
2026-02-06,000858,11:04:03,107.3200,11,1
2026-02-06,000858,11:04:06,107.3200,86,1
2026-02-06,000858,11:04:09,107.3200,48,2
2026-02-06,000858,11:04:12,107.3300,7,1
2026-02-06,000858,11:04:15,107.3300,38,1
2026-02-06,000858,11:04:18,107.3300,9,2
2026-02-06,000858,11:04:21,107.3300,1,2
2026-02-06,000858,11:04:24,107.3300,20,2
2026-02-06,000858,11:04:27,107.3200,62,2
2026-02-06,000858,11:04:30,107.3400,5,1
2026-02-06,000858,11:04:33,107.3400,22,1
2026-02-06,000858,11:04:36,107.3300,3,2
2026-02-06,000858,11:04:39,107.3300,22,2
2026-02-06,000858,11:04:42,107.3300,14,2
2026-02-06,000858,11:04:45,107.3400,7,4
2026-02-06,000858,11:04:48,107.3500,24,1
2026-02-06,000858,11:04:51,107.3500,11,1
2026-02-06,000858,11:04:54,107.3400,1,2
2026-02-06,000858,11:04:57,107.3400,6,2
2026-02-06,000858,11:05:00,107.3500,10,1
2026-02-06,000858,11:05:03,107.3500,26,1
2026-02-06,000858,11:05:06,107.3500,6,1
2026-02-06,000858,11:05:09,107.3400,49,2
2026-02-06,000858,11:05:12,107.3300,2,2
2026-02-06,000858,11:05:15,107.3500,22,1
2026-02-06,000858,11:05:18,107.3500,7,1
2026-02-06,000858,11:05:21,107.3500,4,1
2026-02-06,000858,11:05:24,107.3500,63,1
2026-02-06,000858,11:05:27,107.3500,11,1
2026-02-06,000858,11:05:30,107.3500,14,1
2026-02-06,000858,11:05:33,107.3400,12,2
2026-02-06,000858,11:05:36,107.3500,20,4
2026-02-06,000858,11:05:39,107.3600,23,1
2026-02-06,000858,11:05:42,107.3700,28,1
2026-02-06,000858,11:05:45,107.3800,18,1
2026-02-06,000858,11:05:48,107.3800,3,2
2026-02-06,000858,11:05:51,107.3700,2,1
2026-02-06,000858,11:05:54,107.3700,5,1
2026-02-06,000858,11:05:57,107.3700,35,1
2026-02-06,000858,11:06:00,107.3700,23,1
2026-02-06,000858,11:06:03,107.3700,24,1
2026-02-06,000858,11:06:06,107.3600,53,2
2026-02-06,000858,11:06:09,107.3900,20,1
2026-02-06,000858,11:06:12,107.3900,13,1
2026-02-06,000858,11:06:15,107.4000,18,1
2026-02-06,000858,11:06:18,107.4000,8,1
2026-02-06,000858,11:06:21,107.4000,18,1
2026-02-06,000858,11:06:24,107.4000,75,1
2026-02-06,000858,11:06:27,107.4700,50,1
2026-02-06,000858,11:06:30,107.4800,15,1
2026-02-06,000858,11:06:33,107.4500,31,2
2026-02-06,000858,11:06:36,107.5000,36,1
2026-02-06,000858,11:06:39,107.4900,5,2
2026-02-06,000858,11:06:42,107.4900,26,2
2026-02-06,000858,11:06:45,107.4900,20,1
2026-02-06,000858,11:06:48,107.4900,9,1
2026-02-06,000858,11:06:51,107.4900,8,1
2026-02-06,000858,11:06:54,107.4900,11,1
2026-02-06,000858,11:06:57,107.4900,3,1
2026-02-06,000858,11:07:00,107.4900,20,1
2026-02-06,000858,11:07:03,107.4900,28,1
2026-02-06,000858,11:07:06,107.4900,42,1
2026-02-06,000858,11:07:09,107.4700,32,2
2026-02-06,000858,11:07:12,107.4600,19,1
2026-02-06,000858,11:07:15,107.4700,3,1
2026-02-06,000858,11:07:18,107.4600,13,1
2026-02-06,000858,11:07:21,107.4600,11,2
2026-02-06,000858,11:07:24,107.4600,1,1
2026-02-06,000858,11:07:27,107.4600,23,2
2026-02-06,000858,11:07:30,107.4700,11,1
2026-02-06,000858,11:07:33,107.4700,18,1
2026-02-06,000858,11:07:36,107.4700,4,1
2026-02-06,000858,11:07:39,107.4600,73,2
2026-02-06,000858,11:07:42,107.4500,12,2
2026-02-06,000858,11:07:45,107.4500,1,4
2026-02-06,000858,11:07:48,107.4500,24,1
2026-02-06,000858,11:07:51,107.4500,37,1
2026-02-06,000858,11:07:54,107.4400,4,2
2026-02-06,000858,11:07:57,107.4500,47,1
2026-02-06,000858,11:08:00,107.4400,21,2
2026-02-06,000858,11:08:03,107.4500,23,1
2026-02-06,000858,11:08:06,107.4600,11,1
2026-02-06,000858,11:08:09,107.4600,25,2
2026-02-06,000858,11:08:12,107.4600,135,1
2026-02-06,000858,11:08:15,107.4500,54,2
2026-02-06,000858,11:08:18,107.4500,109,2
2026-02-06,000858,11:08:21,107.4500,88,2
2026-02-06,000858,11:08:24,107.4800,21,1
2026-02-06,000858,11:08:27,107.4800,11,1
2026-02-06,000858,11:08:30,107.4800,16,1
2026-02-06,000858,11:08:33,107.4700,7,2
2026-02-06,000858,11:08:36,107.4700,1,2
2026-02-06,000858,11:08:39,107.4900,5,1
2026-02-06,000858,11:08:42,107.4700,28,2
2026-02-06,000858,11:08:45,107.4700,16,1
2026-02-06,000858,11:08:48,107.4700,11,1
2026-02-06,000858,11:08:51,107.4700,44,1
2026-02-06,000858,11:08:54,107.4700,24,1
2026-02-06,000858,11:08:57,107.4700,27,2
2026-02-06,000858,11:09:00,107.5000,47,1
2026-02-06,000858,11:09:03,107.5000,3,1
2026-02-06,000858,11:09:06,107.5000,25,1
2026-02-06,000858,11:09:09,107.5000,5,1
2026-02-06,000858,11:09:12,107.5000,19,1
2026-02-06,000858,11:09:15,107.5000,18,1
2026-02-06,000858,11:09:18,107.5000,17,1
2026-02-06,000858,11:09:21,107.5000,40,1
2026-02-06,000858,11:09:24,107.5000,25,1
2026-02-06,000858,11:09:27,107.5000,12,1
2026-02-06,000858,11:09:30,107.5000,9,1
2026-02-06,000858,11:09:33,107.5000,88,1
2026-02-06,000858,11:09:36,107.4900,65,2
2026-02-06,000858,11:09:39,107.5100,42,1
2026-02-06,000858,11:09:42,107.5200,4,1
2026-02-06,000858,11:09:45,107.5100,18,2
2026-02-06,000858,11:09:48,107.5100,1,1
2026-02-06,000858,11:09:51,107.5200,5,1
2026-02-06,000858,11:09:54,107.5200,10,1
2026-02-06,000858,11:09:57,107.5100,17,2
2026-02-06,000858,11:10:00,107.5200,6,1
2026-02-06,000858,11:10:03,107.5200,19,2
2026-02-06,000858,11:10:06,107.5400,7,2
2026-02-06,000858,11:10:09,107.5500,16,1
2026-02-06,000858,11:10:12,107.5400,10,2
2026-02-06,000858,11:10:15,107.5400,24,2
2026-02-06,000858,11:10:18,107.5400,8,2
2026-02-06,000858,11:10:21,107.5500,11,1
2026-02-06,000858,11:10:24,107.5500,10,1
2026-02-06,000858,11:10:27,107.5400,15,2
2026-02-06,000858,11:10:30,107.5400,17,2
2026-02-06,000858,11:10:33,107.5500,70,1
2026-02-06,000858,11:10:36,107.5500,26,1
2026-02-06,000858,11:10:39,107.5400,22,2
2026-02-06,000858,11:10:42,107.5400,40,2
2026-02-06,000858,11:10:45,107.5500,43,1
2026-02-06,000858,11:10:48,107.5400,19,2
2026-02-06,000858,11:10:51,107.5500,24,2
2026-02-06,000858,11:10:54,107.5500,3,4
2026-02-06,000858,11:10:57,107.5600,23,1
2026-02-06,000858,11:11:00,107.5500,8,2
2026-02-06,000858,11:11:03,107.5600,10,1
2026-02-06,000858,11:11:06,107.5200,116,2
2026-02-06,000858,11:11:09,107.5100,48,2
2026-02-06,000858,11:11:12,107.5100,8,2
2026-02-06,000858,11:11:15,107.4900,65,2
2026-02-06,000858,11:11:18,107.5100,8,1
2026-02-06,000858,11:11:21,107.4900,6,2
2026-02-06,000858,11:11:24,107.4900,20,2
2026-02-06,000858,11:11:27,107.5100,4,1
2026-02-06,000858,11:11:30,107.4900,13,2
2026-02-06,000858,11:11:33,107.4900,8,2
2026-02-06,000858,11:11:36,107.5000,4,1
2026-02-06,000858,11:11:39,107.5000,9,1
2026-02-06,000858,11:11:42,107.4900,14,2
2026-02-06,000858,11:11:45,107.4900,14,2
2026-02-06,000858,11:11:48,107.4900,10,2
2026-02-06,000858,11:11:51,107.4900,10,2
2026-02-06,000858,11:11:54,107.4800,33,2
2026-02-06,000858,11:11:57,107.4800,13,1
2026-02-06,000858,11:12:00,107.4800,9,1
2026-02-06,000858,11:12:03,107.4800,49,1
2026-02-06,000858,11:12:06,107.4800,3,1
2026-02-06,000858,11:12:09,107.4700,42,2
2026-02-06,000858,11:12:12,107.4800,7,1
2026-02-06,000858,11:12:15,107.4800,29,2
2026-02-06,000858,11:12:18,107.4900,24,1
2026-02-06,000858,11:12:21,107.5000,5,1
2026-02-06,000858,11:12:24,107.4900,5,4
2026-02-06,000858,11:12:30,107.4900,32,2
2026-02-06,000858,11:12:33,107.4700,121,2
2026-02-06,000858,11:12:36,107.4700,8,2
2026-02-06,000858,11:12:39,107.4800,12,1
2026-02-06,000858,11:12:42,107.4800,20,1
2026-02-06,000858,11:12:45,107.4700,11,2
2026-02-06,000858,11:12:48,107.4800,17,1
2026-02-06,000858,11:12:51,107.4700,56,2
2026-02-06,000858,11:12:54,107.4600,117,2
2026-02-06,000858,11:12:57,107.4500,5,1
2026-02-06,000858,11:13:00,107.4100,5,2
2026-02-06,000858,11:13:03,107.4100,19,2
2026-02-06,000858,11:13:06,107.4000,41,2
2026-02-06,000858,11:13:12,107.4000,10,1
2026-02-06,000858,11:13:15,107.3900,2,2
2026-02-06,000858,11:13:18,107.3900,17,2
2026-02-06,000858,11:13:21,107.3900,28,2
2026-02-06,000858,11:13:24,107.3900,25,2
2026-02-06,000858,11:13:27,107.3900,14,2
2026-02-06,000858,11:13:30,107.3800,15,2
2026-02-06,000858,11:13:33,107.3900,12,1
2026-02-06,000858,11:13:36,107.3800,12,2
2026-02-06,000858,11:13:39,107.3800,1,2
2026-02-06,000858,11:13:42,107.3800,19,2
2026-02-06,000858,11:13:45,107.3800,4,1
2026-02-06,000858,11:13:48,107.3700,10,2
2026-02-06,000858,11:13:51,107.3700,13,2
2026-02-06,000858,11:13:54,107.3800,1,1
2026-02-06,000858,11:13:57,107.3800,27,1
2026-02-06,000858,11:14:00,107.3800,2,1
2026-02-06,000858,11:14:03,107.3400,83,2
2026-02-06,000858,11:14:06,107.3400,15,1
2026-02-06,000858,11:14:09,107.3300,24,2
2026-02-06,000858,11:14:12,107.3300,21,2
2026-02-06,000858,11:14:15,107.3300,79,2
2026-02-06,000858,11:14:18,107.3400,4,1
2026-02-06,000858,11:14:21,107.3800,394,1
2026-02-06,000858,11:14:24,107.3900,201,1
2026-02-06,000858,11:14:27,107.3800,9,2
2026-02-06,000858,11:14:30,107.3800,7,2
2026-02-06,000858,11:14:33,107.3800,1,1
2026-02-06,000858,11:14:36,107.3500,12,2
2026-02-06,000858,11:14:39,107.3800,12,1
2026-02-06,000858,11:14:42,107.3800,2,1
2026-02-06,000858,11:14:45,107.3800,1,1
2026-02-06,000858,11:14:48,107.3800,7,1
2026-02-06,000858,11:14:51,107.3800,32,1
2026-02-06,000858,11:14:54,107.3900,12,1
2026-02-06,000858,11:14:57,107.3800,10,2
2026-02-06,000858,11:15:00,107.3900,4,1
2026-02-06,000858,11:15:03,107.3900,71,1
2026-02-06,000858,11:15:06,107.3900,18,1
2026-02-06,000858,11:15:09,107.3900,28,1
2026-02-06,000858,11:15:12,107.3800,9,2
2026-02-06,000858,11:15:15,107.3800,13,2
2026-02-06,000858,11:15:18,107.3900,12,1
2026-02-06,000858,11:15:21,107.3900,22,1
2026-02-06,000858,11:15:24,107.3900,13,1
2026-02-06,000858,11:15:27,107.3900,10,2
2026-02-06,000858,11:15:30,107.4000,23,1
2026-02-06,000858,11:15:33,107.4100,16,1
2026-02-06,000858,11:15:36,107.4400,18,1
2026-02-06,000858,11:15:39,107.4100,16,2
2026-02-06,000858,11:15:42,107.4400,22,2
2026-02-06,000858,11:15:45,107.4800,10,1
2026-02-06,000858,11:15:48,107.4400,21,2
2026-02-06,000858,11:15:51,107.4400,11,1
2026-02-06,000858,11:15:54,107.4400,5,1
2026-02-06,000858,11:15:57,107.4400,7,2
2026-02-06,000858,11:16:00,107.4500,13,2
2026-02-06,000858,11:16:03,107.4500,12,1
2026-02-06,000858,11:16:06,107.4500,13,1
2026-02-06,000858,11:16:09,107.4500,7,1
2026-02-06,000858,11:16:12,107.4500,10,1
2026-02-06,000858,11:16:15,107.4400,63,2
2026-02-06,000858,11:16:18,107.4400,9,4
2026-02-06,000858,11:16:21,107.4400,9,1
2026-02-06,000858,11:16:24,107.4300,15,2
2026-02-06,000858,11:16:27,107.4400,17,2
2026-02-06,000858,11:16:30,107.4300,27,2
2026-02-06,000858,11:16:33,107.4300,12,2
2026-02-06,000858,11:16:36,107.4400,21,1
2026-02-06,000858,11:16:39,107.4400,14,1
2026-02-06,000858,11:16:42,107.4300,23,2
2026-02-06,000858,11:16:45,107.4300,8,2
2026-02-06,000858,11:16:48,107.4400,11,1
2026-02-06,000858,11:16:51,107.4100,50,2
2026-02-06,000858,11:16:54,107.4200,41,1
2026-02-06,000858,11:16:57,107.4200,5,1
2026-02-06,000858,11:17:00,107.4200,8,1
2026-02-06,000858,11:17:03,107.4200,26,1
2026-02-06,000858,11:17:06,107.4000,88,2
