date,code,time,price,volume,bs
2026-04-17,601318,14:06:59,57.9900,9,1
2026-04-17,601318,14:07:02,57.9900,35,1
2026-04-17,601318,14:07:05,57.9900,3,1
2026-04-17,601318,14:07:08,57.9900,30,1
2026-04-17,601318,14:07:11,57.9900,75,1
2026-04-17,601318,14:07:14,58.0000,29,1
2026-04-17,601318,14:07:17,58.0000,14,1
2026-04-17,601318,14:07:20,58.0000,19,1
2026-04-17,601318,14:07:23,58.0000,109,1
2026-04-17,601318,14:07:26,58.0000,92,1
2026-04-17,601318,14:07:29,58.0000,161,2
2026-04-17,601318,14:07:32,58.0000,45,1
2026-04-17,601318,14:07:35,58.0000,19,2
2026-04-17,601318,14:07:38,58.0000,54,2
2026-04-17,601318,14:07:41,58.0000,191,2
2026-04-17,601318,14:07:44,57.9900,110,2
2026-04-17,601318,14:07:47,57.9900,94,2
2026-04-17,601318,14:07:50,57.9900,21,2
2026-04-17,601318,14:07:53,57.9900,142,2
2026-04-17,601318,14:07:56,58.0000,43,1
2026-04-17,601318,14:07:59,58.0000,132,1
2026-04-17,601318,14:08:02,58.0000,40,2
2026-04-17,601318,14:08:05,58.0000,61,2
2026-04-17,601318,14:08:08,58.0000,378,2
2026-04-17,601318,14:08:11,57.9900,116,4
2026-04-17,601318,14:08:14,57.9800,67,2
2026-04-17,601318,14:08:17,57.9700,75,2
2026-04-17,601318,14:08:20,57.9800,247,1
2026-04-17,601318,14:08:23,57.9800,40,2
2026-04-17,601318,14:08:26,57.9800,159,1
2026-04-17,601318,14:08:29,57.9900,18,4
2026-04-17,601318,14:08:32,58.0000,149,1
2026-04-17,601318,14:08:35,58.0000,16,1
2026-04-17,601318,14:08:38,57.9800,8,2
2026-04-17,601318,14:08:41,57.9900,91,1
2026-04-17,601318,14:08:44,57.9900,21,1
2026-04-17,601318,14:08:47,57.9800,13,2
2026-04-17,601318,14:08:50,57.9900,118,1
2026-04-17,601318,14:08:53,57.9800,85,2
2026-04-17,601318,14:08:56,57.9800,39,1
2026-04-17,601318,14:08:59,57.9800,66,2
2026-04-17,601318,14:09:02,57.9800,146,2
2026-04-17,601318,14:09:05,57.9700,135,2
2026-04-17,601318,14:09:08,57.9700,96,2
2026-04-17,601318,14:09:11,57.9800,100,1
2026-04-17,601318,14:09:14,57.9600,47,2
2026-04-17,601318,14:09:17,57.9700,120,1
2026-04-17,601318,14:09:20,57.9600,39,2
2026-04-17,601318,14:09:23,57.9700,16,1
2026-04-17,601318,14:09:26,57.9700,61,2
2026-04-17,601318,14:09:29,57.9800,54,1
2026-04-17,601318,14:09:32,57.9700,85,2
2026-04-17,601318,14:09:35,57.9900,47,1
2026-04-17,601318,14:09:38,57.9800,24,2
2026-04-17,601318,14:09:41,57.9700,12,2
2026-04-17,601318,14:09:44,57.9700,17,2
2026-04-17,601318,14:09:47,57.9700,9,2
2026-04-17,601318,14:09:50,57.9800,57,1
2026-04-17,601318,14:09:53,57.9700,28,2
2026-04-17,601318,14:09:56,57.9600,59,2
2026-04-17,601318,14:09:59,57.9600,105,2
2026-04-17,601318,14:10:02,57.9600,22,2
2026-04-17,601318,14:10:05,57.9700,15,1
2026-04-17,601318,14:10:08,57.9700,16,1
2026-04-17,601318,14:10:11,57.9600,92,2
2026-04-17,601318,14:10:14,57.9800,56,1
2026-04-17,601318,14:10:17,58.0000,69,1
2026-04-17,601318,14:10:20,57.9900,23,2
2026-04-17,601318,14:10:23,57.9800,126,2
2026-04-17,601318,14:10:26,57.9800,21,2
2026-04-17,601318,14:10:29,57.9800,22,2
2026-04-17,601318,14:10:32,57.9900,10,1
2026-04-17,601318,14:10:35,57.9800,3,2
2026-04-17,601318,14:10:38,57.9800,58,2
2026-04-17,601318,14:10:41,57.9900,40,1
2026-04-17,601318,14:10:44,57.9900,22,1
2026-04-17,601318,14:10:47,57.9800,14,2
2026-04-17,601318,14:10:50,57.9800,57,2
2026-04-17,601318,14:10:53,57.9800,119,2
2026-04-17,601318,14:10:56,57.9800,70,1
2026-04-17,601318,14:10:59,57.9800,26,2
2026-04-17,601318,14:11:02,57.9500,1409,2
2026-04-17,601318,14:11:05,57.9100,290,2
2026-04-17,601318,14:11:08,57.9200,5,2
2026-04-17,601318,14:11:11,57.9000,242,2
2026-04-17,601318,14:11:14,57.9200,137,1
2026-04-17,601318,14:11:17,57.9200,27,2
2026-04-17,601318,14:11:20,57.9200,91,2
2026-04-17,601318,14:11:23,57.9300,161,1
2026-04-17,601318,14:11:26,57.9300,36,1
2026-04-17,601318,14:11:29,57.9300,27,1
2026-04-17,601318,14:11:32,57.9300,8,2
2026-04-17,601318,14:11:35,57.9300,5,1
2026-04-17,601318,14:11:38,57.9200,34,2
2026-04-17,601318,14:11:41,57.9200,12,2
2026-04-17,601318,14:11:44,57.9400,69,1
2026-04-17,601318,14:11:47,57.9300,61,1
2026-04-17,601318,14:11:50,57.9300,34,1
2026-04-17,601318,14:11:53,57.9300,10,4
2026-04-17,601318,14:11:56,57.9300,31,1
2026-04-17,601318,14:11:59,57.9300,33,1
2026-04-17,601318,14:12:02,57.9300,43,1
2026-04-17,601318,14:12:05,57.9300,3,1
2026-04-17,601318,14:12:08,57.9300,17,1
2026-04-17,601318,14:12:11,57.9300,21,1
2026-04-17,601318,14:12:14,57.9300,11,1
2026-04-17,601318,14:12:17,57.9300,7,1
2026-04-17,601318,14:12:20,57.9200,11,2
2026-04-17,601318,14:12:23,57.9300,23,1
2026-04-17,601318,14:12:26,57.9200,16,2
2026-04-17,601318,14:12:29,57.9300,15,1
2026-04-17,601318,14:12:32,57.9200,119,2
2026-04-17,601318,14:12:35,57.9200,13,2
2026-04-17,601318,14:12:38,57.9300,254,1
2026-04-17,601318,14:12:41,57.9300,183,1
2026-04-17,601318,14:12:44,57.9300,4,2
2026-04-17,601318,14:12:47,57.9400,169,2
2026-04-17,601318,14:12:50,57.9500,2,1
2026-04-17,601318,14:12:53,57.9300,78,2
2026-04-17,601318,14:12:56,57.9500,68,1
2026-04-17,601318,14:12:59,57.9500,63,1
2026-04-17,601318,14:13:02,57.9500,75,1
2026-04-17,601318,14:13:05,57.9400,98,2
2026-04-17,601318,14:13:08,57.9500,50,1
2026-04-17,601318,14:13:11,57.9400,20,4
2026-04-17,601318,14:13:14,57.9400,135,2
2026-04-17,601318,14:13:17,57.9400,10,1
2026-04-17,601318,14:13:20,57.9300,279,2
2026-04-17,601318,14:13:23,57.9300,28,1
2026-04-17,601318,14:13:26,57.9300,301,1
2026-04-17,601318,14:13:29,57.9200,50,2
2026-04-17,601318,14:13:32,57.9300,132,1
2026-04-17,601318,14:13:38,57.9000,101,2
2026-04-17,601318,14:13:41,57.9100,41,4
2026-04-17,601318,14:13:44,57.9000,42,2
2026-04-17,601318,14:13:47,57.9000,89,2
2026-04-17,601318,14:13:50,57.9000,130,2
2026-04-17,601318,14:13:53,57.9100,111,1
2026-04-17,601318,14:13:56,57.9000,21,2
2026-04-17,601318,14:13:59,57.9000,118,2
2026-04-17,601318,14:14:02,57.9100,131,1
2026-04-17,601318,14:14:05,57.8900,419,2
2026-04-17,601318,14:14:08,57.9000,23,1
2026-04-17,601318,14:14:11,57.8900,243,2
2026-04-17,601318,14:14:14,57.8900,45,1
2026-04-17,601318,14:14:17,57.9000,89,1
2026-04-17,601318,14:14:20,57.8800,30,2
2026-04-17,601318,14:14:23,57.8900,15,1
2026-04-17,601318,14:14:26,57.8900,20,1
2026-04-17,601318,14:14:29,57.8800,49,2
2026-04-17,601318,14:14:32,57.8900,136,1
2026-04-17,601318,14:14:35,57.8800,130,2
2026-04-17,601318,14:14:38,57.8900,9,1
2026-04-17,601318,14:14:41,57.8800,259,2
2026-04-17,601318,14:14:44,57.8800,29,1
2026-04-17,601318,14:14:47,57.8800,14,1
2026-04-17,601318,14:14:50,57.8800,35,1
2026-04-17,601318,14:14:53,57.8800,19,1
2026-04-17,601318,14:14:56,57.8800,37,1
2026-04-17,601318,14:14:59,57.8800,33,1
2026-04-17,601318,14:15:02,57.8800,254,1
2026-04-17,601318,14:15:05,57.8700,27,1
2026-04-17,601318,14:15:08,57.8800,30,1
2026-04-17,601318,14:15:11,57.8700,22,2
2026-04-17,601318,14:15:14,57.8700,32,2
2026-04-17,601318,14:15:17,57.8700,69,2
2026-04-17,601318,14:15:20,57.8700,33,2
2026-04-17,601318,14:15:23,57.8800,54,1
2026-04-17,601318,14:15:26,57.8800,163,1
2026-04-17,601318,14:15:29,57.8900,37,1
2026-04-17,601318,14:15:32,57.9000,17,1
2026-04-17,601318,14:15:35,57.9100,47,1
2026-04-17,601318,14:15:38,57.9100,97,1
2026-04-17,601318,14:15:41,57.9100,20,1
2026-04-17,601318,14:15:44,57.9100,45,1
2026-04-17,601318,14:15:47,57.9100,51,1
2026-04-17,601318,14:15:50,57.9100,8,1
2026-04-17,601318,14:15:53,57.8900,64,2
2026-04-17,601318,14:15:56,57.9000,92,1
2026-04-17,601318,14:15:59,57.9000,6,2
2026-04-17,601318,14:16:02,57.9000,136,2
2026-04-17,601318,14:16:05,57.9100,37,1
2026-04-17,601318,14:16:08,57.9000,120,2
2026-04-17,601318,14:16:11,57.9100,18,1
2026-04-17,601318,14:16:14,57.8900,13,2
2026-04-17,601318,14:16:17,57.9000,67,1
2026-04-17,601318,14:16:20,57.9000,38,1
2026-04-17,601318,14:16:23,57.9000,21,1
2026-04-17,601318,14:16:26,57.9000,48,1
2026-04-17,601318,14:16:29,57.9000,16,1
2026-04-17,601318,14:16:32,57.8900,25,2
2026-04-17,601318,14:16:35,57.9000,7,1
2026-04-17,601318,14:16:38,57.9000,30,1
2026-04-17,601318,14:16:41,57.8900,53,2
2026-04-17,601318,14:16:44,57.9000,181,1
2026-04-17,601318,14:16:47,57.9000,111,1
2026-04-17,601318,14:16:50,57.9000,13,4
2026-04-17,601318,14:16:53,57.9000,21,2
2026-04-17,601318,14:16:56,57.9100,9,1
2026-04-17,601318,14:17:02,57.9000,41,2
2026-04-17,601318,14:17:05,57.9000,61,2
2026-04-17,601318,14:17:08,57.9100,27,1
2026-04-17,601318,14:17:11,57.9000,99,2
2026-04-17,601318,14:17:14,57.9000,3,2
2026-04-17,601318,14:17:17,57.9000,3,2
2026-04-17,601318,14:17:20,57.9000,28,2
2026-04-17,601318,14:17:23,57.9000,4,2
2026-04-17,601318,14:17:26,57.9100,13,1
2026-04-17,601318,14:17:29,57.9000,44,2
2026-04-17,601318,14:17:32,57.9000,12,2
2026-04-17,601318,14:17:35,57.9100,2,1
2026-04-17,601318,14:17:38,57.9000,5,2
2026-04-17,601318,14:17:41,57.9100,5,1
2026-04-17,601318,14:17:44,57.9000,21,2
2026-04-17,601318,14:17:47,57.9000,8,2
2026-04-17,601318,14:17:50,57.8900,325,2
2026-04-17,601318,14:17:53,57.9000,21,1
2026-04-17,601318,14:17:56,57.9000,48,1
2026-04-17,601318,14:17:59,57.9000,37,1
2026-04-17,601318,14:18:02,57.9000,151,1
2026-04-17,601318,14:18:05,57.9000,87,2
2026-04-17,601318,14:18:08,57.9000,84,1
2026-04-17,601318,14:18:11,57.8900,188,2
2026-04-17,601318,14:18:14,57.8900,34,2
2026-04-17,601318,14:18:17,57.9000,170,1
2026-04-17,601318,14:18:20,57.8800,150,2
2026-04-17,601318,14:18:23,57.8800,69,2
2026-04-17,601318,14:18:26,57.8900,80,1
2026-04-17,601318,14:18:29,57.8900,138,1
2026-04-17,601318,14:18:32,57.8700,41,2
2026-04-17,601318,14:18:35,57.8800,78,1
2026-04-17,601318,14:18:38,57.8800,39,1
2026-04-17,601318,14:18:41,57.8700,35,2
2026-04-17,601318,14:18:44,57.8800,4,1
2026-04-17,601318,14:18:47,57.8700,13,2
2026-04-17,601318,14:18:50,57.8700,31,2
2026-04-17,601318,14:18:53,57.8800,125,1
2026-04-17,601318,14:18:56,57.8800,51,1
2026-04-17,601318,14:18:59,57.8700,7,1
2026-04-17,601318,14:19:02,57.8700,47,1
2026-04-17,601318,14:19:05,57.8600,39,2
2026-04-17,601318,14:19:08,57.8700,32,1
2026-04-17,601318,14:19:11,57.8700,16,1
2026-04-17,601318,14:19:14,57.8700,10,1
2026-04-17,601318,14:19:17,57.8700,22,1
2026-04-17,601318,14:19:20,57.8700,39,1
2026-04-17,601318,14:19:23,57.8600,10,2
2026-04-17,601318,14:19:26,57.8700,72,1
2026-04-17,601318,14:19:29,57.8700,145,1
2026-04-17,601318,14:19:32,57.8700,50,2
2026-04-17,601318,14:19:35,57.8600,106,2
2026-04-17,601318,14:19:38,57.8700,46,4
2026-04-17,601318,14:19:41,57.8700,30,1
2026-04-17,601318,14:19:44,57.8600,17,2
2026-04-17,601318,14:19:47,57.8700,13,1
2026-04-17,601318,14:19:50,57.8700,63,1
2026-04-17,601318,14:19:53,57.8600,103,2
2026-04-17,601318,14:19:56,57.8600,47,2
2026-04-17,601318,14:19:59,57.8700,39,1
2026-04-17,601318,14:20:02,57.8600,78,2
2026-04-17,601318,14:20:05,57.8600,10,2
2026-04-17,601318,14:20:08,57.8700,40,1
2026-04-17,601318,14:20:11,57.8500,334,2
2026-04-17,601318,14:20:14,57.8700,118,1
2026-04-17,601318,14:20:17,57.8600,48,1
2026-04-17,601318,14:20:20,57.8600,43,1
2026-04-17,601318,14:20:23,57.8600,35,1
2026-04-17,601318,14:20:26,57.8600,125,1
2026-04-17,601318,14:20:29,57.8500,108,2
2026-04-17,601318,14:20:32,57.8600,29,1
2026-04-17,601318,14:20:35,57.8600,20,1
2026-04-17,601318,14:20:38,57.8600,38,1
2026-04-17,601318,14:20:41,57.8600,19,1
2026-04-17,601318,14:20:44,57.8500,41,2
2026-04-17,601318,14:20:47,57.8600,30,1
2026-04-17,601318,14:20:50,57.8500,55,2
2026-04-17,601318,14:20:53,57.8600,204,1
2026-04-17,601318,14:20:56,57.8800,159,1
2026-04-17,601318,14:20:59,57.8800,174,1
2026-04-17,601318,14:21:02,57.8800,99,2
2026-04-17,601318,14:21:05,57.8800,31,4
2026-04-17,601318,14:21:08,57.8800,27,1
2026-04-17,601318,14:21:11,57.8800,63,1
2026-04-17,601318,14:21:14,57.8800,46,1
2026-04-17,601318,14:21:17,57.8800,14,1
2026-04-17,601318,14:21:20,57.8800,65,1
2026-04-17,601318,14:21:23,57.8700,116,2
2026-04-17,601318,14:21:26,57.8800,222,1
2026-04-17,601318,14:21:29,57.8800,521,1
2026-04-17,601318,14:21:32,57.8700,8,4
2026-04-17,601318,14:21:35,57.8600,30,2
2026-04-17,601318,14:21:38,57.8700,40,1
2026-04-17,601318,14:21:41,57.8700,116,1
2026-04-17,601318,14:21:44,57.8700,27,1
2026-04-17,601318,14:21:47,57.8700,10,1
2026-04-17,601318,14:21:50,57.8700,59,1
2026-04-17,601318,14:21:53,57.8700,13,1
2026-04-17,601318,14:21:56,57.8700,64,1
2026-04-17,601318,14:21:59,57.8700,29,1
2026-04-17,601318,14:22:02,57.8600,56,2
2026-04-17,601318,14:22:05,57.8700,147,1
2026-04-17,601318,14:22:08,57.8700,82,1
2026-04-17,601318,14:22:11,57.8600,10,2
2026-04-17,601318,14:22:14,57.8700,176,1
2026-04-17,601318,14:22:17,57.8600,12,4
2026-04-17,601318,14:22:20,57.8700,32,1
2026-04-17,601318,14:22:23,57.8600,16,2
2026-04-17,601318,14:22:26,57.8700,38,1
2026-04-17,601318,14:22:29,57.8700,75,1
2026-04-17,601318,14:22:32,57.8700,48,1
2026-04-17,601318,14:22:35,57.8700,166,1
2026-04-17,601318,14:22:38,57.8700,155,1
2026-04-17,601318,14:22:41,57.8700,9,2
2026-04-17,601318,14:22:44,57.8700,13,2
2026-04-17,601318,14:22:47,57.8700,30,2
2026-04-17,601318,14:22:50,57.8700,56,2
2026-04-17,601318,14:22:53,57.8800,66,1
2026-04-17,601318,14:22:56,57.8700,94,1
2026-04-17,601318,14:22:59,57.8700,61,1
2026-04-17,601318,14:23:02,57.8700,66,1
2026-04-17,601318,14:23:05,57.8700,62,1
2026-04-17,601318,14:23:08,57.8700,103,2
2026-04-17,601318,14:23:11,57.8800,8,1
2026-04-17,601318,14:23:14,57.8700,6,2
2026-04-17,601318,14:23:17,57.8800,72,1
2026-04-17,601318,14:23:20,57.8700,38,2
2026-04-17,601318,14:23:23,57.8700,50,1
2026-04-17,601318,14:23:26,57.8700,46,1
2026-04-17,601318,14:23:29,57.8700,50,1
2026-04-17,601318,14:23:32,57.8600,114,2
2026-04-17,601318,14:23:35,57.8600,47,2
2026-04-17,601318,14:23:38,57.8600,60,2
2026-04-17,601318,14:23:41,57.8600,27,2
2026-04-17,601318,14:23:44,57.8600,61,2
2026-04-17,601318,14:23:47,57.8600,41,2
2026-04-17,601318,14:23:50,57.8600,81,2
2026-04-17,601318,14:23:53,57.8600,112,2
2026-04-17,601318,14:23:56,57.8700,96,1
2026-04-17,601318,14:23:59,57.8600,31,2
2026-04-17,601318,14:24:02,57.8700,40,1
2026-04-17,601318,14:24:05,57.8700,96,1
2026-04-17,601318,14:24:08,57.8700,6,1
2026-04-17,601318,14:24:11,57.8600,368,2
2026-04-17,601318,14:24:14,57.8600,96,1
2026-04-17,601318,14:24:17,57.8600,125,1
2026-04-17,601318,14:24:20,57.8600,277,1
2026-04-17,601318,14:24:23,57.8600,32,1
2026-04-17,601318,14:24:26,57.8600,22,1
2026-04-17,601318,14:24:29,57.8600,86,1
2026-04-17,601318,14:24:32,57.8500,32,2
2026-04-17,601318,14:24:35,57.8600,69,1
2026-04-17,601318,14:24:38,57.8600,34,1
2026-04-17,601318,14:24:41,57.8600,51,1
2026-04-17,601318,14:24:44,57.8600,21,1
2026-04-17,601318,14:24:47,57.8600,85,1
2026-04-17,601318,14:24:50,57.8600,107,1
2026-04-17,601318,14:24:53,57.8500,142,2
2026-04-17,601318,14:24:56,57.8600,119,1
2026-04-17,601318,14:24:59,57.8500,157,2
2026-04-17,601318,14:25:02,57.8500,18,2
2026-04-17,601318,14:25:05,57.8600,38,1
2026-04-17,601318,14:25:08,57.8500,65,2
2026-04-17,601318,14:25:11,57.8600,108,1
2026-04-17,601318,14:25:14,57.8500,128,2
2026-04-17,601318,14:25:17,57.8600,36,1
2026-04-17,601318,14:25:20,57.8500,43,2
2026-04-17,601318,14:25:23,57.8600,8,1
2026-04-17,601318,14:25:26,57.8600,21,1
2026-04-17,601318,14:25:29,57.8600,465,1
2026-04-17,601318,14:25:32,57.8600,2,2
2026-04-17,601318,14:25:35,57.8600,28,2
2026-04-17,601318,14:25:41,57.8600,13,2
2026-04-17,601318,14:25:44,57.8600,15,2
2026-04-17,601318,14:25:47,57.8600,14,2
2026-04-17,601318,14:25:50,57.8600,91,2
2026-04-17,601318,14:25:53,57.8600,152,2
2026-04-17,601318,14:25:56,57.8700,37,1
2026-04-17,601318,14:25:59,57.8600,39,2
2026-04-17,601318,14:26:02,57.8600,51,2
2026-04-17,601318,14:26:05,57.8600,5,2
2026-04-17,601318,14:26:08,57.8700,8,1
2026-04-17,601318,14:26:11,57.8700,28,1
2026-04-17,601318,14:26:14,57.8700,62,1
2026-04-17,601318,14:26:17,57.8600,85,2
2026-04-17,601318,14:26:20,57.8700,30,1
2026-04-17,601318,14:26:23,57.8600,7,2
2026-04-17,601318,14:26:26,57.8700,34,1
2026-04-17,601318,14:26:29,57.8700,17,1
2026-04-17,601318,14:26:32,57.8700,15,1
2026-04-17,601318,14:26:35,57.8600,4,2
2026-04-17,601318,14:26:38,57.8700,19,1
2026-04-17,601318,14:26:41,57.8600,161,2
2026-04-17,601318,14:26:44,57.8600,65,2
2026-04-17,601318,14:26:47,57.8700,16,1
2026-04-17,601318,14:26:50,57.8600,154,2
2026-04-17,601318,14:26:53,57.8600,98,2
2026-04-17,601318,14:26:56,57.8600,52,2
2026-04-17,601318,14:26:59,57.8700,69,1
2026-04-17,601318,14:27:02,57.8600,45,2
2026-04-17,601318,14:27:05,57.8600,10,2
2026-04-17,601318,14:27:08,57.8700,73,1
2026-04-17,601318,14:27:11,57.8700,27,1
2026-04-17,601318,14:27:14,57.8600,2,2
2026-04-17,601318,14:27:17,57.8700,20,1
2026-04-17,601318,14:27:20,57.8700,48,1
2026-04-17,601318,14:27:23,57.8700,6,1
2026-04-17,601318,14:27:26,57.8600,115,2
2026-04-17,601318,14:27:29,57.8700,259,1
2026-04-17,601318,14:27:32,57.8700,140,1
2026-04-17,601318,14:27:35,57.8600,196,2
2026-04-17,601318,14:27:38,57.8500,1140,2
2026-04-17,601318,14:27:41,57.8100,1232,2
2026-04-17,601318,14:27:44,57.8100,206,2
2026-04-17,601318,14:27:47,57.8200,28,1
2026-04-17,601318,14:27:50,57.8100,39,2
2026-04-17,601318,14:27:53,57.8200,9,1
2026-04-17,601318,14:27:56,57.8200,9,1
2026-04-17,601318,14:27:59,57.8200,38,1
2026-04-17,601318,14:28:02,57.8100,123,2
2026-04-17,601318,14:28:05,57.8100,38,1
2026-04-17,601318,14:28:08,57.8100,326,1
2026-04-17,601318,14:28:11,57.8000,421,2
2026-04-17,601318,14:28:14,57.8000,1094,2
2026-04-17,601318,14:28:17,57.8000,226,1
2026-04-17,601318,14:28:20,57.7900,125,2
2026-04-17,601318,14:28:23,57.7800,220,2
2026-04-17,601318,14:28:26,57.7900,69,1
2026-04-17,601318,14:28:29,57.7900,150,1
2026-04-17,601318,14:28:32,57.7900,84,1
2026-04-17,601318,14:28:35,57.7800,112,2
2026-04-17,601318,14:28:38,57.7800,329,2
2026-04-17,601318,14:28:41,57.7800,143,2
2026-04-17,601318,14:28:44,57.7800,68,2
2026-04-17,601318,14:28:47,57.7900,134,1
2026-04-17,601318,14:28:50,57.7900,621,1
2026-04-17,601318,14:28:53,57.7900,45,2
2026-04-17,601318,14:28:56,57.7900,2,2
2026-04-17,601318,14:28:59,57.8000,117,1
2026-04-17,601318,14:29:02,57.8000,126,1
2026-04-17,601318,14:29:05,57.7900,133,2
2026-04-17,601318,14:29:08,57.7900,58,2
2026-04-17,601318,14:29:11,57.7900,110,2
2026-04-17,601318,14:29:14,57.7900,9,2
2026-04-17,601318,14:29:17,57.7900,37,2
2026-04-17,601318,14:29:20,57.7900,27,2
2026-04-17,601318,14:29:23,57.7900,59,2
2026-04-17,601318,14:29:26,57.7900,395,2
2026-04-17,601318,14:29:29,57.8000,399,1
2026-04-17,601318,14:29:32,57.8000,192,2
2026-04-17,601318,14:29:35,57.8000,30,2
2026-04-17,601318,14:29:38,57.8100,29,1
2026-04-17,601318,14:29:41,57.8000,286,2
2026-04-17,601318,14:29:44,57.8000,31,1
2026-04-17,601318,14:29:47,57.8000,99,1
2026-04-17,601318,14:29:50,57.8000,88,1
2026-04-17,601318,14:29:53,57.8000,78,1
2026-04-17,601318,14:29:56,57.8000,307,1
2026-04-17,601318,14:29:59,57.7900,25,2
2026-04-17,601318,14:30:02,57.7900,30,2
2026-04-17,601318,14:30:05,57.7900,30,2
2026-04-17,601318,14:30:08,57.7900,43,2
2026-04-17,601318,14:30:11,57.8000,120,1
2026-04-17,601318,14:30:14,57.8000,36,1
2026-04-17,601318,14:30:17,57.8000,12,1
2026-04-17,601318,14:30:20,57.7900,52,2
2026-04-17,601318,14:30:23,57.7900,68,2
2026-04-17,601318,14:30:26,57.8100,1443,1
2026-04-17,601318,14:30:29,57.8000,56,2
2026-04-17,601318,14:30:32,57.8100,174,1
2026-04-17,601318,14:30:35,57.8100,557,1
2026-04-17,601318,14:30:38,57.8100,29,2
2026-04-17,601318,14:30:41,57.8200,9,1
2026-04-17,601318,14:30:44,57.8200,821,1
2026-04-17,601318,14:30:47,57.8200,124,2
2026-04-17,601318,14:30:50,57.8200,27,2
2026-04-17,601318,14:30:53,57.8300,6,1
2026-04-17,601318,14:30:56,57.8300,104,1
2026-04-17,601318,14:30:59,57.8300,356,1
2026-04-17,601318,14:31:02,57.8400,158,2
2026-04-17,601318,14:31:05,57.8400,42,2
2026-04-17,601318,14:31:08,57.8500,86,1
2026-04-17,601318,14:31:11,57.8500,17,2
2026-04-17,601318,14:31:14,57.8600,72,1
2026-04-17,601318,14:31:17,57.8500,234,2
2026-04-17,601318,14:31:20,57.8500,38,1
2026-04-17,601318,14:31:23,57.8500,36,1
2026-04-17,601318,14:31:26,57.8500,39,1
2026-04-17,601318,14:31:29,57.8500,162,1
2026-04-17,601318,14:31:32,57.8600,30,1
2026-04-17,601318,14:31:35,57.8400,137,2
2026-04-17,601318,14:31:38,57.8600,145,1
2026-04-17,601318,14:31:41,57.8500,22,2
2026-04-17,601318,14:31:44,57.8500,11,2
2026-04-17,601318,14:31:47,57.8500,123,1
2026-04-17,601318,14:31:50,57.8500,50,2
2026-04-17,601318,14:31:53,57.8500,507,2
2026-04-17,601318,14:31:56,57.8500,106,2
2026-04-17,601318,14:31:59,57.8800,273,1
2026-04-17,601318,14:32:02,57.8800,23,1
2026-04-17,601318,14:32:05,57.8600,82,2
2026-04-17,601318,14:32:08,57.8600,121,2
2026-04-17,601318,14:32:11,57.8600,27,2
2026-04-17,601318,14:32:14,57.8600,187,2
2026-04-17,601318,14:32:17,57.8500,29,2
2026-04-17,601318,14:32:20,57.8500,69,2
2026-04-17,601318,14:32:23,57.8500,100,2
2026-04-17,601318,14:32:26,57.8500,285,2
2026-04-17,601318,14:32:29,57.8300,422,2
2026-04-17,601318,14:32:32,57.8300,72,2
2026-04-17,601318,14:32:35,57.8200,90,2
2026-04-17,601318,14:32:38,57.8200,229,2
2026-04-17,601318,14:32:41,57.8200,60,2
2026-04-17,601318,14:32:44,57.8200,86,2
2026-04-17,601318,14:32:47,57.8200,33,2
2026-04-17,601318,14:32:50,57.8100,67,2
2026-04-17,601318,14:32:53,57.8100,119,2
2026-04-17,601318,14:32:56,57.8200,247,1
2026-04-17,601318,14:32:59,57.8100,142,2
2026-04-17,601318,14:33:02,57.8300,4104,1
2026-04-17,601318,14:33:05,57.8300,729,2
2026-04-17,601318,14:33:08,57.8200,288,2
2026-04-17,601318,14:33:11,57.8100,110,4
2026-04-17,601318,14:33:14,57.8300,181,1
2026-04-17,601318,14:33:17,57.8100,1288,2
2026-04-17,601318,14:33:20,57.8000,260,2
2026-04-17,601318,14:33:23,57.8000,74,1
2026-04-17,601318,14:33:26,57.7900,93,2
2026-04-17,601318,14:33:29,57.7900,139,2
2026-04-17,601318,14:33:32,57.7900,75,2
2026-04-17,601318,14:33:35,57.7800,121,2
2026-04-17,601318,14:33:38,57.7900,51,1
2026-04-17,601318,14:33:41,57.7900,86,1
2026-04-17,601318,14:33:44,57.7800,89,2
2026-04-17,601318,14:33:47,57.7800,123,2
2026-04-17,601318,14:33:50,57.7800,96,2
2026-04-17,601318,14:33:53,57.7800,86,2
2026-04-17,601318,14:33:56,57.7800,276,2
2026-04-17,601318,14:33:59,57.7900,78,1
2026-04-17,601318,14:34:02,57.7900,557,1
2026-04-17,601318,14:34:05,57.7900,2639,2
2026-04-17,601318,14:34:08,57.7900,73,1
2026-04-17,601318,14:34:11,57.7800,24,2
2026-04-17,601318,14:34:14,57.7800,44,2
2026-04-17,601318,14:34:17,57.7900,78,1
2026-04-17,601318,14:34:20,57.7900,119,1
2026-04-17,601318,14:34:23,57.7800,32,2
2026-04-17,601318,14:34:26,57.7900,73,1
2026-04-17,601318,14:34:29,57.7900,20,1
2026-04-17,601318,14:34:32,57.7900,4,1
2026-04-17,601318,14:34:35,57.7800,102,2
2026-04-17,601318,14:34:38,57.8000,219,1
2026-04-17,601318,14:34:41,57.7900,59,2
2026-04-17,601318,14:34:44,57.7900,2,2
2026-04-17,601318,14:34:47,57.8000,34,1
2026-04-17,601318,14:34:50,57.7900,10,2
2026-04-17,601318,14:34:53,57.8000,42,1
2026-04-17,601318,14:34:56,57.8000,35,1
2026-04-17,601318,14:34:59,57.7900,70,2
2026-04-17,601318,14:35:02,57.7900,109,2
2026-04-17,601318,14:35:05,57.8000,11,1
2026-04-17,601318,14:35:08,57.7900,72,2
2026-04-17,601318,14:35:11,57.8000,13,1
2026-04-17,601318,14:35:14,57.7900,38,2
2026-04-17,601318,14:35:17,57.8000,99,1
2026-04-17,601318,14:35:20,57.8000,128,1
2026-04-17,601318,14:35:23,57.8000,21,1
2026-04-17,601318,14:35:26,57.8000,157,1
2026-04-17,601318,14:35:29,57.8000,228,1
2026-04-17,601318,14:35:32,57.8100,37,4
2026-04-17,601318,14:35:35,57.8100,78,2
2026-04-17,601318,14:35:38,57.8400,328,1
2026-04-17,601318,14:35:41,57.8200,42,2
2026-04-17,601318,14:35:44,57.8300,6,1
2026-04-17,601318,14:35:47,57.8200,551,2
2026-04-17,601318,14:35:50,57.8300,64,1
2026-04-17,601318,14:35:53,57.8300,41,1
2026-04-17,601318,14:35:56,57.8200,17,2
2026-04-17,601318,14:35:59,57.8200,94,2
2026-04-17,601318,14:36:02,57.8300,35,1
2026-04-17,601318,14:36:05,57.8200,24,2
2026-04-17,601318,14:36:08,57.8300,71,1
2026-04-17,601318,14:36:11,57.8300,25,1
2026-04-17,601318,14:36:14,57.8300,36,1
2026-04-17,601318,14:36:17,57.8200,108,2
2026-04-17,601318,14:36:20,57.8200,69,2
2026-04-17,601318,14:36:23,57.8200,71,2
2026-04-17,601318,14:36:26,57.8200,23,1
2026-04-17,601318,14:36:29,57.8000,956,2
2026-04-17,601318,14:36:32,57.8000,75,1
2026-04-17,601318,14:36:35,57.7800,558,2
2026-04-17,601318,14:36:38,57.7900,134,1
2026-04-17,601318,14:36:41,57.7900,62,1
2026-04-17,601318,14:36:44,57.7900,29,1
2026-04-17,601318,14:36:47,57.7800,66,2
2026-04-17,601318,14:36:50,57.7900,32,1
2026-04-17,601318,14:36:53,57.7800,88,2
2026-04-17,601318,14:36:56,57.7800,114,2
2026-04-17,601318,14:36:59,57.7800,21,2
2026-04-17,601318,14:37:02,57.8100,865,1
2026-04-17,601318,14:37:05,57.8200,102,1
2026-04-17,601318,14:37:08,57.8100,23,2
2026-04-17,601318,14:37:11,57.8100,3,2
2026-04-17,601318,14:37:14,57.8200,127,1
2026-04-17,601318,14:37:17,57.8100,10,4
2026-04-17,601318,14:37:20,57.8000,32,2
2026-04-17,601318,14:37:23,57.8000,11,2
2026-04-17,601318,14:37:26,57.8000,59,2
2026-04-17,601318,14:37:29,57.8100,55,1
2026-04-17,601318,14:37:32,57.8100,7,1
2026-04-17,601318,14:37:35,57.8100,15,1
2026-04-17,601318,14:37:38,57.8000,52,2
2026-04-17,601318,14:37:41,57.8000,93,2
2026-04-17,601318,14:37:44,57.8000,1644,2
2026-04-17,601318,14:37:47,57.8100,648,4
2026-04-17,601318,14:37:50,57.8100,70,2
2026-04-17,601318,14:37:53,57.8200,468,1
2026-04-17,601318,14:37:56,57.8100,16,2
2026-04-17,601318,14:37:59,57.8100,32,2
2026-04-17,601318,14:38:02,57.8200,25,1
2026-04-17,601318,14:38:05,57.8100,50,2
2026-04-17,601318,14:38:08,57.8200,83,1
2026-04-17,601318,14:38:11,57.8200,107,1
2026-04-17,601318,14:38:14,57.8200,30,1
2026-04-17,601318,14:38:17,57.8200,1,1
2026-04-17,601318,14:38:20,57.8100,36,2
2026-04-17,601318,14:38:23,57.8200,147,1
2026-04-17,601318,14:38:26,57.8100,139,2
2026-04-17,601318,14:38:29,57.8000,50,2
2026-04-17,601318,14:38:32,57.8100,21,1
2026-04-17,601318,14:38:35,57.8100,106,1
2026-04-17,601318,14:38:38,57.8100,28,1
2026-04-17,601318,14:38:41,57.8000,56,2
2026-04-17,601318,14:38:44,57.8000,47,2
2026-04-17,601318,14:38:47,57.8100,868,1
2026-04-17,601318,14:38:50,57.8200,47,4
2026-04-17,601318,14:38:53,57.8200,30,2
2026-04-17,601318,14:38:56,57.8300,19,1
2026-04-17,601318,14:38:59,57.8300,50,1
2026-04-17,601318,14:39:02,57.8200,17,2
2026-04-17,601318,14:39:05,57.8300,59,1
2026-04-17,601318,14:39:08,57.8300,22,1
2026-04-17,601318,14:39:11,57.8200,5,2
2026-04-17,601318,14:39:14,57.8300,118,1
2026-04-17,601318,14:39:17,57.8300,152,1
2026-04-17,601318,14:39:20,57.8200,20,2
2026-04-17,601318,14:39:23,57.8300,193,1
2026-04-17,601318,14:39:26,57.8400,95,1
2026-04-17,601318,14:39:29,57.8500,181,1
2026-04-17,601318,14:39:32,57.8600,104,1
2026-04-17,601318,14:39:35,57.8600,124,2
2026-04-17,601318,14:39:38,57.8600,35,2
2026-04-17,601318,14:39:41,57.8700,126,1
2026-04-17,601318,14:39:44,57.8600,19,2
2026-04-17,601318,14:39:47,57.8700,64,1
2026-04-17,601318,14:39:50,57.8600,54,2
2026-04-17,601318,14:39:53,57.8700,11,1
2026-04-17,601318,14:39:56,57.8600,80,2
2026-04-17,601318,14:39:59,57.8600,80,2
2026-04-17,601318,14:40:02,57.8600,32,1
2026-04-17,601318,14:40:05,57.8500,88,2
2026-04-17,601318,14:40:08,57.8600,16,1
2026-04-17,601318,14:40:11,57.8600,42,1
2026-04-17,601318,14:40:14,57.8600,40,1
2026-04-17,601318,14:40:17,57.8600,180,1
2026-04-17,601318,14:40:20,57.8500,92,2
2026-04-17,601318,14:40:23,57.8600,90,1
2026-04-17,601318,14:40:26,57.8500,89,2
2026-04-17,601318,14:40:29,57.8600,41,1
2026-04-17,601318,14:40:32,57.8600,30,1
2026-04-17,601318,14:40:35,57.8600,91,1
2026-04-17,601318,14:40:38,57.8600,84,1
2026-04-17,601318,14:40:41,57.8500,15,2
2026-04-17,601318,14:40:44,57.8500,57,2
2026-04-17,601318,14:40:47,57.8600,38,1
2026-04-17,601318,14:40:50,57.8600,83,1
2026-04-17,601318,14:40:53,57.8500,114,2
2026-04-17,601318,14:40:56,57.8600,194,1
2026-04-17,601318,14:40:59,57.8600,77,1
2026-04-17,601318,14:41:02,57.8600,151,1
2026-04-17,601318,14:41:05,57.8600,198,1
2026-04-17,601318,14:41:08,57.8600,148,1
2026-04-17,601318,14:41:11,57.8700,1,1
2026-04-17,601318,14:41:14,57.8700,8,1
2026-04-17,601318,14:41:17,57.8600,48,2
2026-04-17,601318,14:41:20,57.8700,18,1
2026-04-17,601318,14:41:23,57.8600,53,2
2026-04-17,601318,14:41:26,57.8600,272,2
2026-04-17,601318,14:41:29,57.8600,64,1
2026-04-17,601318,14:41:32,57.8500,504,2
2026-04-17,601318,14:41:35,57.8600,118,1
2026-04-17,601318,14:41:38,57.8500,5,2
2026-04-17,601318,14:41:41,57.8500,4,2
2026-04-17,601318,14:41:44,57.8500,135,2
2026-04-17,601318,14:41:47,57.8500,85,2
2026-04-17,601318,14:41:50,57.8500,108,1
2026-04-17,601318,14:41:53,57.8500,38,2
2026-04-17,601318,14:41:56,57.8600,17,1
2026-04-17,601318,14:41:59,57.8500,83,2
2026-04-17,601318,14:42:02,57.8500,68,2
2026-04-17,601318,14:42:05,57.8500,29,2
2026-04-17,601318,14:42:08,57.8500,95,2
2026-04-17,601318,14:42:11,57.8400,90,2
2026-04-17,601318,14:42:14,57.8400,99,2
2026-04-17,601318,14:42:17,57.8400,196,2
2026-04-17,601318,14:42:20,57.8400,99,2
2026-04-17,601318,14:42:23,57.8400,17,1
2026-04-17,601318,14:42:26,57.8300,133,2
2026-04-17,601318,14:42:29,57.8400,121,1
2026-04-17,601318,14:42:32,57.8300,182,2
2026-04-17,601318,14:42:35,57.8300,176,1
2026-04-17,601318,14:42:38,57.8300,56,1
2026-04-17,601318,14:42:41,57.8300,190,1
2026-04-17,601318,14:42:44,57.8100,97,2
2026-04-17,601318,14:42:47,57.8100,148,2
2026-04-17,601318,14:42:50,57.8100,97,2
2026-04-17,601318,14:42:53,57.8100,63,2
2026-04-17,601318,14:42:56,57.8100,66,2
2026-04-17,601318,14:42:59,57.8200,55,1
2026-04-17,601318,14:43:02,57.8200,128,1
2026-04-17,601318,14:43:05,57.8100,107,2
2026-04-17,601318,14:43:08,57.8200,13,1
2026-04-17,601318,14:43:11,57.8200,68,1
2026-04-17,601318,14:43:14,57.8100,92,2
2026-04-17,601318,14:43:17,57.8100,72,2
2026-04-17,601318,14:43:20,57.8100,70,2
2026-04-17,601318,14:43:23,57.8100,31,2
2026-04-17,601318,14:43:26,57.8100,72,2
2026-04-17,601318,14:43:29,57.8100,113,1
2026-04-17,601318,14:43:32,57.8100,134,1
2026-04-17,601318,14:43:35,57.8100,45,1
2026-04-17,601318,14:43:38,57.8100,38,1
2026-04-17,601318,14:43:41,57.8100,80,1
2026-04-17,601318,14:43:44,57.8200,485,1
2026-04-17,601318,14:43:47,57.8100,77,2
2026-04-17,601318,14:43:50,57.8100,48,2
2026-04-17,601318,14:43:53,57.8200,1042,1
2026-04-17,601318,14:43:56,57.8200,16,1
2026-04-17,601318,14:43:59,57.8200,131,1
2026-04-17,601318,14:44:02,57.8300,66,1
2026-04-17,601318,14:44:05,57.8300,33,1
2026-04-17,601318,14:44:08,57.8300,71,1
2026-04-17,601318,14:44:11,57.8300,33,2
2026-04-17,601318,14:44:14,57.8400,7,1
2026-04-17,601318,14:44:17,57.8400,24,1
2026-04-17,601318,14:44:20,57.8300,32,2
2026-04-17,601318,14:44:23,57.8400,69,1
2026-04-17,601318,14:44:26,57.8400,68,1
2026-04-17,601318,14:44:29,57.8400,56,1
2026-04-17,601318,14:44:32,57.8300,124,2
2026-04-17,601318,14:44:35,57.8200,123,2
2026-04-17,601318,14:44:38,57.8400,58,1
2026-04-17,601318,14:44:41,57.8400,26,1
2026-04-17,601318,14:44:44,57.8300,57,2
2026-04-17,601318,14:44:47,57.8400,10,1
2026-04-17,601318,14:44:50,57.8300,36,2
2026-04-17,601318,14:44:53,57.8400,3245,1
2026-04-17,601318,14:44:56,57.8100,50,2
2026-04-17,601318,14:44:59,57.8100,38,1
2026-04-17,601318,14:45:02,57.8100,179,1
2026-04-17,601318,14:45:05,57.8100,143,1
2026-04-17,601318,14:45:08,57.8200,146,1
2026-04-17,601318,14:45:11,57.8100,36,2
2026-04-17,601318,14:45:14,57.8300,24,1
2026-04-17,601318,14:45:17,57.8300,14,1
2026-04-17,601318,14:45:20,57.8300,63,1
2026-04-17,601318,14:45:23,57.8300,32,1
2026-04-17,601318,14:45:26,57.8200,102,2
2026-04-17,601318,14:45:29,57.8300,183,1
2026-04-17,601318,14:45:32,57.8200,70,4
2026-04-17,601318,14:45:35,57.8200,21,1
2026-04-17,601318,14:45:38,57.8100,31,2
2026-04-17,601318,14:45:41,57.8100,40,2
2026-04-17,601318,14:45:44,57.8200,112,1
2026-04-17,601318,14:45:47,57.8100,73,2
2026-04-17,601318,14:45:50,57.8200,96,1
2026-04-17,601318,14:45:53,57.8100,45,2
2026-04-17,601318,14:45:56,57.8100,26,2
2026-04-17,601318,14:45:59,57.8200,56,1
2026-04-17,601318,14:46:02,57.8100,59,2
2026-04-17,601318,14:46:05,57.8100,34,2
2026-04-17,601318,14:46:08,57.8100,72,2
2026-04-17,601318,14:46:11,57.8100,41,2
2026-04-17,601318,14:46:14,57.8200,15,1
2026-04-17,601318,14:46:17,57.8100,15,2
2026-04-17,601318,14:46:20,57.8200,33,1
2026-04-17,601318,14:46:23,57.8200,26,1
2026-04-17,601318,14:46:26,57.8200,199,1
2026-04-17,601318,14:46:29,57.8100,206,2
2026-04-17,601318,14:46:32,57.8100,134,2
2026-04-17,601318,14:46:35,57.8100,159,2
2026-04-17,601318,14:46:38,57.8100,106,2
2026-04-17,601318,14:46:41,57.8100,85,1
2026-04-17,601318,14:46:44,57.8100,752,1
2026-04-17,601318,14:46:47,57.8200,67,4
2026-04-17,601318,14:46:50,57.8200,43,1
2026-04-17,601318,14:46:53,57.8200,56,1
2026-04-17,601318,14:46:56,57.8200,98,1
2026-04-17,601318,14:46:59,57.8300,41,1
2026-04-17,601318,14:47:02,57.8300,21,1
2026-04-17,601318,14:47:05,57.8200,49,2
2026-04-17,601318,14:47:08,57.8300,3,1
2026-04-17,601318,14:47:11,57.8200,133,2
2026-04-17,601318,14:47:14,57.8300,62,1
2026-04-17,601318,14:47:17,57.8200,10,2
2026-04-17,601318,14:47:20,57.8300,183,1
2026-04-17,601318,14:47:23,57.8200,18,2
2026-04-17,601318,14:47:26,57.8200,50,2
2026-04-17,601318,14:47:29,57.8200,173,2
2026-04-17,601318,14:47:32,57.8200,75,2
2026-04-17,601318,14:47:35,57.8200,52,2
2026-04-17,601318,14:47:38,57.8200,226,2
2026-04-17,601318,14:47:41,57.8200,57,2
2026-04-17,601318,14:47:44,57.8200,54,2
2026-04-17,601318,14:47:47,57.8200,47,2
2026-04-17,601318,14:47:50,57.8200,158,2
2026-04-17,601318,14:47:53,57.8200,62,1
2026-04-17,601318,14:47:56,57.8200,49,1
2026-04-17,601318,14:47:59,57.8200,72,1
2026-04-17,601318,14:48:02,57.8100,365,2
2026-04-17,601318,14:48:05,57.8200,117,1
2026-04-17,601318,14:48:08,57.8100,592,2
2026-04-17,601318,14:48:11,57.8100,84,1
2026-04-17,601318,14:48:14,57.8000,345,2
2026-04-17,601318,14:48:17,57.8000,70,2
2026-04-17,601318,14:48:20,57.8100,200,1
2026-04-17,601318,14:48:23,57.8000,159,2
2026-04-17,601318,14:48:26,57.8000,221,2
2026-04-17,601318,14:48:29,57.8000,40,2
2026-04-17,601318,14:48:32,57.8000,17,2
2026-04-17,601318,14:48:35,57.8000,67,2
2026-04-17,601318,14:48:38,57.8000,82,2
2026-04-17,601318,14:48:41,57.8000,502,2
2026-04-17,601318,14:48:44,57.8000,101,1
2026-04-17,601318,14:48:47,57.8000,204,1
2026-04-17,601318,14:48:50,57.7900,124,2
2026-04-17,601318,14:48:53,57.7900,79,2
2026-04-17,601318,14:48:56,57.7900,71,2
2026-04-17,601318,14:48:59,57.8000,192,1
2026-04-17,601318,14:49:02,57.8000,910,1
2026-04-17,601318,14:49:05,57.8000,379,1
2026-04-17,601318,14:49:08,57.8000,139,2
2026-04-17,601318,14:49:11,57.7900,18,2
2026-04-17,601318,14:49:14,57.7900,22,2
2026-04-17,601318,14:49:17,57.7900,78,2
2026-04-17,601318,14:49:20,57.8000,64,1
2026-04-17,601318,14:49:23,57.7900,84,2
2026-04-17,601318,14:49:26,57.8000,15,1
2026-04-17,601318,14:49:29,57.8000,39,1
2026-04-17,601318,14:49:32,57.8000,157,1
2026-04-17,601318,14:49:35,57.8000,75,1
2026-04-17,601318,14:49:38,57.8000,47,1
2026-04-17,601318,14:49:41,57.7900,137,2
2026-04-17,601318,14:49:44,57.7900,155,2
2026-04-17,601318,14:49:47,57.7900,35,2
2026-04-17,601318,14:49:50,57.7900,137,2
2026-04-17,601318,14:49:53,57.7900,141,2
2026-04-17,601318,14:49:56,57.8000,64,1
2026-04-17,601318,14:49:59,57.7900,128,1
2026-04-17,601318,14:50:02,57.7800,156,2
2026-04-17,601318,14:50:05,57.7900,86,1
2026-04-17,601318,14:50:08,57.7900,63,1
2026-04-17,601318,14:50:11,57.7900,143,1
2026-04-17,601318,14:50:14,57.7800,70,2
2026-04-17,601318,14:50:17,57.7900,100,1
2026-04-17,601318,14:50:20,57.7900,263,2
2026-04-17,601318,14:50:23,57.8000,107,1
2026-04-17,601318,14:50:26,57.7900,34,2
2026-04-17,601318,14:50:29,57.7900,21,2
2026-04-17,601318,14:50:32,57.7900,391,2
2026-04-17,601318,14:50:35,57.8000,108,1
2026-04-17,601318,14:50:38,57.8000,105,1
2026-04-17,601318,14:50:41,57.8000,29,2
2026-04-17,601318,14:50:44,57.8100,7,1
2026-04-17,601318,14:50:47,57.8100,16,1
2026-04-17,601318,14:50:50,57.8100,12,1
2026-04-17,601318,14:50:53,57.8100,100,1
2026-04-17,601318,14:50:56,57.8100,26,1
2026-04-17,601318,14:50:59,57.8100,53,1
2026-04-17,601318,14:51:02,57.8000,102,2
2026-04-17,601318,14:51:05,57.8000,26,2
2026-04-17,601318,14:51:08,57.8000,25,2
2026-04-17,601318,14:51:11,57.8000,76,2
2026-04-17,601318,14:51:14,57.8000,265,2
2026-04-17,601318,14:51:17,57.8100,65,1
2026-04-17,601318,14:51:20,57.8000,16,2
2026-04-17,601318,14:51:23,57.8000,326,2
2026-04-17,601318,14:51:26,57.8000,86,2
2026-04-17,601318,14:51:29,57.8000,75,2
2026-04-17,601318,14:51:32,57.8000,111,2
2026-04-17,601318,14:51:35,57.8000,5,2
2026-04-17,601318,14:51:38,57.8100,27,1
2026-04-17,601318,14:51:41,57.8100,49,1
2026-04-17,601318,14:51:44,57.8100,36,1
2026-04-17,601318,14:51:47,57.8100,137,1
2026-04-17,601318,14:51:50,57.8100,43,1
2026-04-17,601318,14:51:53,57.8100,13,1
2026-04-17,601318,14:51:56,57.8100,72,1
2026-04-17,601318,14:51:59,57.8100,39,1
2026-04-17,601318,14:52:02,57.8100,127,1
2026-04-17,601318,14:52:05,57.8000,179,2
2026-04-17,601318,14:52:08,57.8000,57,2
2026-04-17,601318,14:52:11,57.8100,385,1
2026-04-17,601318,14:52:14,57.8000,175,2
2026-04-17,601318,14:52:17,57.8000,62,2
2026-04-17,601318,14:52:20,57.8000,69,2
2026-04-17,601318,14:52:23,57.8100,41,1
2026-04-17,601318,14:52:26,57.8100,180,1
2026-04-17,601318,14:52:29,57.8100,87,1
2026-04-17,601318,14:52:32,57.8200,853,1
2026-04-17,601318,14:52:35,57.8200,75,1
2026-04-17,601318,14:52:38,57.8200,89,1
2026-04-17,601318,14:52:41,57.8200,61,1
2026-04-17,601318,14:52:44,57.8200,106,1
2026-04-17,601318,14:52:47,57.8100,230,2
2026-04-17,601318,14:52:50,57.8100,59,2
2026-04-17,601318,14:52:53,57.8200,169,1
2026-04-17,601318,14:52:56,57.8200,30,1
2026-04-17,601318,14:52:59,57.8100,255,2
2026-04-17,601318,14:53:02,57.8200,220,1
2026-04-17,601318,14:53:05,57.8200,96,1
2026-04-17,601318,14:53:08,57.8200,16,4
2026-04-17,601318,14:53:11,57.8100,550,2
2026-04-17,601318,14:53:14,57.8100,107,1
2026-04-17,601318,14:53:17,57.8200,83,1
2026-04-17,601318,14:53:20,57.8100,39,2
2026-04-17,601318,14:53:23,57.8200,10,1
2026-04-17,601318,14:53:26,57.8100,58,2
2026-04-17,601318,14:53:29,57.8200,20,1
2026-04-17,601318,14:53:32,57.8100,129,2
2026-04-17,601318,14:53:35,57.8200,28,1
2026-04-17,601318,14:53:38,57.8100,198,2
2026-04-17,601318,14:53:41,57.8200,40,1
2026-04-17,601318,14:53:44,57.8200,367,1
2026-04-17,601318,14:53:47,57.8200,77,2
2026-04-17,601318,14:53:50,57.8200,31,2
2026-04-17,601318,14:53:53,57.8200,85,2
2026-04-17,601318,14:53:56,57.8300,179,1
2026-04-17,601318,14:53:59,57.8300,36,1
2026-04-17,601318,14:54:02,57.8200,171,2
2026-04-17,601318,14:54:05,57.8200,91,2
2026-04-17,601318,14:54:08,57.8300,146,1
2026-04-17,601318,14:54:11,57.8300,144,1
2026-04-17,601318,14:54:14,57.8200,135,2
2026-04-17,601318,14:54:17,57.8300,531,1
2026-04-17,601318,14:54:20,57.8200,102,2
2026-04-17,601318,14:54:23,57.8200,80,2
2026-04-17,601318,14:54:26,57.8300,83,2
2026-04-17,601318,14:54:29,57.8300,15,2
2026-04-17,601318,14:54:32,57.8200,96,2
2026-04-17,601318,14:54:35,57.8300,71,1
2026-04-17,601318,14:54:38,57.8300,73,1
2026-04-17,601318,14:54:41,57.8300,192,2
2026-04-17,601318,14:54:44,57.8300,90,2
2026-04-17,601318,14:54:47,57.8200,110,2
2026-04-17,601318,14:54:50,57.8300,58,4
2026-04-17,601318,14:54:53,57.8400,57,1
2026-04-17,601318,14:54:56,57.8300,71,2
2026-04-17,601318,14:54:59,57.8300,57,1
2026-04-17,601318,14:55:02,57.8300,115,1
2026-04-17,601318,14:55:05,57.8300,268,2
2026-04-17,601318,14:55:08,57.8300,52,2
2026-04-17,601318,14:55:11,57.8400,262,1
2026-04-17,601318,14:55:14,57.8400,60,1
2026-04-17,601318,14:55:17,57.8400,79,1
2026-04-17,601318,14:55:20,57.8400,81,1
2026-04-17,601318,14:55:23,57.8400,55,2
2026-04-17,601318,14:55:26,57.8400,347,2
2026-04-17,601318,14:55:29,57.8400,345,2
2026-04-17,601318,14:55:32,57.8500,105,1
2026-04-17,601318,14:55:35,57.8500,365,1
2026-04-17,601318,14:55:38,57.8500,152,1
2026-04-17,601318,14:55:41,57.8500,179,1
2026-04-17,601318,14:55:44,57.8600,33,1
2026-04-17,601318,14:55:47,57.8600,150,1
2026-04-17,601318,14:55:50,57.8600,114,2
2026-04-17,601318,14:55:53,57.8700,271,1
2026-04-17,601318,14:55:56,57.8600,229,2
2026-04-17,601318,14:55:59,57.8700,45,1
2026-04-17,601318,14:56:02,57.8800,319,1
2026-04-17,601318,14:56:05,57.8900,160,1
2026-04-17,601318,14:56:08,57.9000,538,1
2026-04-17,601318,14:56:11,57.9100,270,1
2026-04-17,601318,14:56:14,57.9200,346,1
2026-04-17,601318,14:56:17,57.9300,430,1
2026-04-17,601318,14:56:20,57.9400,186,1
2026-04-17,601318,14:56:23,57.9300,95,2
2026-04-17,601318,14:56:26,57.9300,76,2
2026-04-17,601318,14:56:29,57.9400,327,1
2026-04-17,601318,14:56:32,57.9300,125,1
2026-04-17,601318,14:56:35,57.9000,124,2
2026-04-17,601318,14:56:38,57.9300,200,1
2026-04-17,601318,14:56:41,57.9100,97,2
2026-04-17,601318,14:56:44,57.9000,271,2
2026-04-17,601318,14:56:47,57.9300,99,1
2026-04-17,601318,14:56:50,57.9000,69,2
2026-04-17,601318,14:56:53,57.9100,21,1
2026-04-17,601318,14:56:56,57.9000,847,2
2026-04-17,601318,14:56:59,57.9000,112,1
2026-04-17,601318,14:57:02,57.9200,299,1
2026-04-17,601318,15:00:03,57.9200,9267,4
2026-04-17,601318,13:16:32,57.7700,24,1
2026-04-17,601318,13:16:35,57.7600,21,2
2026-04-17,601318,13:16:38,57.7700,503,1
2026-04-17,601318,13:16:41,57.7600,118,2
2026-04-17,601318,13:16:44,57.7600,83,2
2026-04-17,601318,13:16:47,57.7600,43,2
2026-04-17,601318,13:16:50,57.7600,19,2
2026-04-17,601318,13:16:53,57.7600,54,2
2026-04-17,601318,13:16:56,57.7700,119,1
2026-04-17,601318,13:16:59,57.7700,53,1
2026-04-17,601318,13:17:02,57.7600,260,2
2026-04-17,601318,13:17:05,57.7600,43,2
2026-04-17,601318,13:17:08,57.7600,15,2
2026-04-17,601318,13:17:11,57.7600,14,2
2026-04-17,601318,13:17:14,57.7600,8,2
2026-04-17,601318,13:17:17,57.7600,34,2
2026-04-17,601318,13:17:20,57.7600,54,2
2026-04-17,601318,13:17:23,57.7600,241,2
2026-04-17,601318,13:17:26,57.7600,78,1
2026-04-17,601318,13:17:29,57.7500,48,2
2026-04-17,601318,13:17:32,57.7500,60,2
2026-04-17,601318,13:17:35,57.7600,66,1
2026-04-17,601318,13:17:38,57.7600,162,1
2026-04-17,601318,13:17:41,57.7600,22,2
2026-04-17,601318,13:17:44,57.7600,3,2
2026-04-17,601318,13:17:47,57.7700,13,1
2026-04-17,601318,13:17:50,57.7600,39,2
2026-04-17,601318,13:17:53,57.7600,39,2
2026-04-17,601318,13:17:56,57.7600,71,2
2026-04-17,601318,13:17:59,57.7700,6,1
2026-04-17,601318,13:18:02,57.7600,75,2
2026-04-17,601318,13:18:05,57.7600,69,2
2026-04-17,601318,13:18:08,57.7600,65,2
2026-04-17,601318,13:18:11,57.7600,38,1
2026-04-17,601318,13:18:14,57.7600,36,1
2026-04-17,601318,13:18:17,57.7600,22,2
2026-04-17,601318,13:18:20,57.7700,44,1
2026-04-17,601318,13:18:23,57.7600,52,2
2026-04-17,601318,13:18:26,57.7600,17,2
2026-04-17,601318,13:18:29,57.7700,36,1
2026-04-17,601318,13:18:32,57.7700,61,1
2026-04-17,601318,13:18:35,57.7600,8,2
2026-04-17,601318,13:18:38,57.7700,304,1
2026-04-17,601318,13:18:41,57.7700,488,1
2026-04-17,601318,13:18:44,57.7700,1370,1
2026-04-17,601318,13:18:47,57.8400,346,1
2026-04-17,601318,13:18:50,57.8200,57,1
2026-04-17,601318,13:18:53,57.8300,26,1
2026-04-17,601318,13:18:56,57.8200,10,2
2026-04-17,601318,13:18:59,57.8300,97,1
2026-04-17,601318,13:19:02,57.8300,73,1
2026-04-17,601318,13:19:05,57.8300,85,1
2026-04-17,601318,13:19:08,57.8300,27,1
2026-04-17,601318,13:19:11,57.8200,96,2
2026-04-17,601318,13:19:14,57.8200,28,2
2026-04-17,601318,13:19:17,57.8300,23,1
2026-04-17,601318,13:19:20,57.8200,75,1
2026-04-17,601318,13:19:23,57.8100,39,2
2026-04-17,601318,13:19:26,57.8100,15,2
2026-04-17,601318,13:19:29,57.8200,39,1
2026-04-17,601318,13:19:32,57.8200,16,1
2026-04-17,601318,13:19:35,57.8200,52,1
2026-04-17,601318,13:19:38,57.8200,61,1
2026-04-17,601318,13:19:41,57.8100,84,2
2026-04-17,601318,13:19:44,57.8100,499,2
2026-04-17,601318,13:19:47,57.8100,18,2
2026-04-17,601318,13:19:50,57.8200,520,1
2026-04-17,601318,13:19:53,57.8200,36,2
2026-04-17,601318,13:19:56,57.8200,18,2
2026-04-17,601318,13:19:59,57.8200,40,2
2026-04-17,601318,13:20:02,57.8200,28,2
2026-04-17,601318,13:20:05,57.8200,21,2
2026-04-17,601318,13:20:08,57.8200,31,2
2026-04-17,601318,13:20:11,57.8200,27,2
2026-04-17,601318,13:20:14,57.8200,28,2
2026-04-17,601318,13:20:17,57.8300,24,1
2026-04-17,601318,13:20:20,57.8300,72,1
2026-04-17,601318,13:20:23,57.8200,141,2
2026-04-17,601318,13:20:26,57.8200,59,2
2026-04-17,601318,13:20:29,57.8200,28,2
2026-04-17,601318,13:20:32,57.8200,95,1
2026-04-17,601318,13:20:35,57.8200,42,1
2026-04-17,601318,13:20:38,57.8100,27,2
2026-04-17,601318,13:20:41,57.8100,21,2
2026-04-17,601318,13:20:44,57.8100,58,2
2026-04-17,601318,13:20:47,57.8100,176,2
2026-04-17,601318,13:20:50,57.8000,39,2
2026-04-17,601318,13:20:53,57.8000,73,2
2026-04-17,601318,13:20:56,57.8000,336,2
2026-04-17,601318,13:20:59,57.7900,58,1
2026-04-17,601318,13:21:02,57.7800,76,2
2026-04-17,601318,13:21:05,57.7800,484,1
2026-04-17,601318,13:21:08,57.8000,175,1
2026-04-17,601318,13:21:11,57.8100,260,1
2026-04-17,601318,13:21:14,57.8000,564,2
2026-04-17,601318,13:21:17,57.7800,22,2
2026-04-17,601318,13:21:20,57.7800,64,2
2026-04-17,601318,13:21:23,57.7700,10,2
2026-04-17,601318,13:21:26,57.7700,219,2
2026-04-17,601318,13:21:29,57.7700,83,1
2026-04-17,601318,13:21:32,57.7900,356,1
2026-04-17,601318,13:21:35,57.7900,88,2
2026-04-17,601318,13:21:38,57.7900,109,1
2026-04-17,601318,13:21:41,57.7800,198,2
2026-04-17,601318,13:21:44,57.7800,328,2
2026-04-17,601318,13:21:47,57.7900,159,2
2026-04-17,601318,13:21:50,57.7800,234,2
2026-04-17,601318,13:21:53,57.7900,201,1
2026-04-17,601318,13:21:56,57.7900,53,2
2026-04-17,601318,13:21:59,57.8000,221,2
2026-04-17,601318,13:22:02,57.8100,85,1
2026-04-17,601318,13:22:05,57.8000,26,2
2026-04-17,601318,13:22:08,57.8000,39,2
2026-04-17,601318,13:22:11,57.8000,22,2
2026-04-17,601318,13:22:14,57.8100,54,1
2026-04-17,601318,13:22:17,57.8200,320,1
2026-04-17,601318,13:22:20,57.8200,152,1
2026-04-17,601318,13:22:23,57.8000,124,2
2026-04-17,601318,13:22:26,57.8200,21,1
2026-04-17,601318,13:22:29,57.8200,60,1
2026-04-17,601318,13:22:32,57.8100,110,4
2026-04-17,601318,13:22:35,57.8100,149,1
2026-04-17,601318,13:22:38,57.8100,44,1
2026-04-17,601318,13:22:41,57.8100,59,1
2026-04-17,601318,13:22:44,57.8200,51,1
2026-04-17,601318,13:22:47,57.8200,66,1
2026-04-17,601318,13:22:50,57.8200,69,1
2026-04-17,601318,13:22:53,57.8200,32,1
2026-04-17,601318,13:22:56,57.8100,54,2
2026-04-17,601318,13:22:59,57.8200,27,1
2026-04-17,601318,13:23:02,57.8200,148,1
2026-04-17,601318,13:23:05,57.8200,100,1
2026-04-17,601318,13:23:08,57.8200,105,1
2026-04-17,601318,13:23:11,57.8100,87,2
2026-04-17,601318,13:23:14,57.8200,65,1
2026-04-17,601318,13:23:17,57.8200,47,1
2026-04-17,601318,13:23:20,57.8200,162,1
2026-04-17,601318,13:23:23,57.8200,369,2
2026-04-17,601318,13:23:26,57.8200,93,2
2026-04-17,601318,13:23:29,57.8300,1,1
2026-04-17,601318,13:23:32,57.8300,37,1
2026-04-17,601318,13:23:35,57.8300,102,1
2026-04-17,601318,13:23:38,57.8400,52,1
2026-04-17,601318,13:23:41,57.8400,5,1
2026-04-17,601318,13:23:44,57.8400,19,1
2026-04-17,601318,13:23:47,57.8400,294,1
2026-04-17,601318,13:23:50,57.8300,183,2
2026-04-17,601318,13:23:53,57.8400,25,1
2026-04-17,601318,13:23:56,57.8400,163,1
2026-04-17,601318,13:23:59,57.8400,30,1
2026-04-17,601318,13:24:02,57.8300,138,2
2026-04-17,601318,13:24:05,57.8500,1054,1
2026-04-17,601318,13:24:08,57.8500,680,1
2026-04-17,601318,13:24:11,57.8600,1377,1
2026-04-17,601318,13:24:14,57.8700,331,4
2026-04-17,601318,13:24:17,57.8700,71,2
2026-04-17,601318,13:24:20,57.8700,69,1
2026-04-17,601318,13:24:23,57.8700,326,1
2026-04-17,601318,13:24:26,57.8700,61,1
2026-04-17,601318,13:24:29,57.8600,123,2
2026-04-17,601318,13:24:32,57.8700,63,1
2026-04-17,601318,13:24:35,57.8600,61,2
2026-04-17,601318,13:24:38,57.8600,36,2
2026-04-17,601318,13:24:41,57.8600,257,2
2026-04-17,601318,13:24:44,57.8700,67,1
2026-04-17,601318,13:24:47,57.8600,35,2
2026-04-17,601318,13:24:50,57.8600,186,2
2026-04-17,601318,13:24:53,57.8700,107,1
2026-04-17,601318,13:24:56,57.8600,78,2
2026-04-17,601318,13:24:59,57.8600,77,2
2026-04-17,601318,13:25:02,57.8600,80,2
2026-04-17,601318,13:25:05,57.8600,100,2
2026-04-17,601318,13:25:08,57.8600,19,1
2026-04-17,601318,13:25:11,57.8500,48,2
2026-04-17,601318,13:25:14,57.8500,271,2
2026-04-17,601318,13:25:17,57.8500,199,2
2026-04-17,601318,13:25:20,57.8400,129,1
2026-04-17,601318,13:25:23,57.8300,24,2
2026-04-17,601318,13:25:26,57.8300,20,2
2026-04-17,601318,13:25:29,57.8300,186,2
2026-04-17,601318,13:25:32,57.8200,55,2
2026-04-17,601318,13:25:35,57.8300,160,1
2026-04-17,601318,13:25:38,57.8400,44,4
2026-04-17,601318,13:25:41,57.8300,112,2
2026-04-17,601318,13:25:44,57.8500,60,1
2026-04-17,601318,13:25:47,57.8400,72,2
2026-04-17,601318,13:25:50,57.8300,26,2
2026-04-17,601318,13:25:53,57.8400,15,1
2026-04-17,601318,13:25:56,57.8300,38,2
2026-04-17,601318,13:25:59,57.8300,145,2
2026-04-17,601318,13:26:02,57.8400,48,1
2026-04-17,601318,13:26:05,57.8300,203,2
2026-04-17,601318,13:26:08,57.8200,325,2
2026-04-17,601318,13:26:11,57.8000,153,2
2026-04-17,601318,13:26:14,57.8100,243,1
2026-04-17,601318,13:26:17,57.8000,102,2
2026-04-17,601318,13:26:20,57.8100,152,1
2026-04-17,601318,13:26:23,57.8000,168,2
2026-04-17,601318,13:26:26,57.8000,152,2
2026-04-17,601318,13:26:29,57.8000,183,1
2026-04-17,601318,13:26:32,57.7900,75,2
2026-04-17,601318,13:26:35,57.8100,236,1
2026-04-17,601318,13:26:38,57.8000,644,2
2026-04-17,601318,13:26:41,57.8100,290,2
2026-04-17,601318,13:26:44,57.8000,56,2
2026-04-17,601318,13:26:47,57.8100,141,1
2026-04-17,601318,13:26:50,57.8300,71,1
2026-04-17,601318,13:26:53,57.8200,55,2
2026-04-17,601318,13:26:56,57.8200,69,2
2026-04-17,601318,13:26:59,57.8200,73,2
2026-04-17,601318,13:27:02,57.8200,16,1
2026-04-17,601318,13:27:05,57.8100,60,2
2026-04-17,601318,13:27:08,57.8200,95,2
2026-04-17,601318,13:27:11,57.8300,29,1
2026-04-17,601318,13:27:14,57.8200,32,2
2026-04-17,601318,13:27:17,57.8400,99,1
2026-04-17,601318,13:27:20,57.8500,16,1
2026-04-17,601318,13:27:23,57.8400,65,2
2026-04-17,601318,13:27:26,57.8400,125,2
2026-04-17,601318,13:27:29,57.8400,42,2
2026-04-17,601318,13:27:32,57.8300,50,2
2026-04-17,601318,13:27:35,57.8400,36,1
2026-04-17,601318,13:27:38,57.8500,18,1
2026-04-17,601318,13:27:41,57.8500,74,1
2026-04-17,601318,13:27:44,57.8500,76,2
2026-04-17,601318,13:27:47,57.8600,3,4
2026-04-17,601318,13:27:50,57.8700,32,1
2026-04-17,601318,13:27:53,57.8700,26,1
2026-04-17,601318,13:27:56,57.8600,6,2
2026-04-17,601318,13:27:59,57.8600,16,2
2026-04-17,601318,13:28:02,57.8600,102,2
2026-04-17,601318,13:28:05,57.8700,58,1
2026-04-17,601318,13:28:08,57.8600,60,2
2026-04-17,601318,13:28:11,57.8600,19,1
2026-04-17,601318,13:28:14,57.8600,29,1
2026-04-17,601318,13:28:17,57.8600,273,1
2026-04-17,601318,13:28:20,57.8600,148,1
2026-04-17,601318,13:28:23,57.8400,71,2
2026-04-17,601318,13:28:26,57.8700,102,1
2026-04-17,601318,13:28:29,57.8600,2,2
2026-04-17,601318,13:28:35,57.8500,17,2
2026-04-17,601318,13:28:38,57.8600,158,1
2026-04-17,601318,13:28:41,57.8600,85,2
2026-04-17,601318,13:28:44,57.8600,49,1
2026-04-17,601318,13:28:47,57.8600,10,4
2026-04-17,601318,13:28:50,57.8600,32,2
2026-04-17,601318,13:28:53,57.8600,13,1
2026-04-17,601318,13:28:56,57.8600,32,1
2026-04-17,601318,13:28:59,57.8500,58,2
2026-04-17,601318,13:29:02,57.8500,107,1
2026-04-17,601318,13:29:05,57.8500,138,2
2026-04-17,601318,13:29:08,57.8500,19,1
2026-04-17,601318,13:29:11,57.8500,75,1
2026-04-17,601318,13:29:14,57.8500,19,1
2026-04-17,601318,13:29:17,57.8500,19,1
2026-04-17,601318,13:29:20,57.8400,17,2
2026-04-17,601318,13:29:23,57.8500,116,1
2026-04-17,601318,13:29:26,57.8400,2,1
2026-04-17,601318,13:29:29,57.8400,25,1
2026-04-17,601318,13:29:32,57.8300,25,2
2026-04-17,601318,13:29:35,57.8300,17,2
2026-04-17,601318,13:29:38,57.8400,41,1
2026-04-17,601318,13:29:41,57.8400,35,1
2026-04-17,601318,13:29:47,57.8300,44,2
2026-04-17,601318,13:29:50,57.8300,127,2
2026-04-17,601318,13:29:53,57.8500,271,1
2026-04-17,601318,13:29:56,57.8100,266,2
2026-04-17,601318,13:29:59,57.8400,52,1
2026-04-17,601318,13:30:02,57.8200,21,2
2026-04-17,601318,13:30:05,57.8200,81,1
2026-04-17,601318,13:30:08,57.8100,71,2
2026-04-17,601318,13:30:11,57.8100,137,1
2026-04-17,601318,13:30:14,57.8200,48,1
2026-04-17,601318,13:30:17,57.8300,93,1
2026-04-17,601318,13:30:20,57.8200,85,2
2026-04-17,601318,13:30:23,57.8300,67,1
2026-04-17,601318,13:30:26,57.8300,44,1
2026-04-17,601318,13:30:29,57.8200,8,2
2026-04-17,601318,13:30:32,57.8200,37,2
2026-04-17,601318,13:30:35,57.8200,26,2
2026-04-17,601318,13:30:38,57.8200,58,2
2026-04-17,601318,13:30:41,57.8200,50,2
2026-04-17,601318,13:30:44,57.8200,49,1
2026-04-17,601318,13:30:47,57.8200,15,2
2026-04-17,601318,13:30:50,57.8300,148,1
2026-04-17,601318,13:30:53,57.8200,373,2
2026-04-17,601318,13:30:56,57.8300,84,4
2026-04-17,601318,13:30:59,57.8300,88,1
2026-04-17,601318,13:31:02,57.8400,299,1
2026-04-17,601318,13:31:05,57.8600,788,1
2026-04-17,601318,13:31:08,57.8700,37,1
2026-04-17,601318,13:31:11,57.8500,69,2
2026-04-17,601318,13:31:14,57.8600,8,4
2026-04-17,601318,13:31:17,57.8500,16,2
2026-04-17,601318,13:31:20,57.8600,12,1
2026-04-17,601318,13:31:23,57.8500,23,2
2026-04-17,601318,13:31:26,57.8500,27,2
2026-04-17,601318,13:31:29,57.8600,21,1
2026-04-17,601318,13:31:32,57.8500,40,2
2026-04-17,601318,13:31:35,57.8600,16,1
2026-04-17,601318,13:31:38,57.8600,21,1
2026-04-17,601318,13:31:41,57.8600,60,1
2026-04-17,601318,13:31:44,57.8600,232,1
2026-04-17,601318,13:31:47,57.8500,57,2
2026-04-17,601318,13:31:50,57.8500,76,1
2026-04-17,601318,13:31:53,57.8400,251,2
2026-04-17,601318,13:31:56,57.8400,40,1
2026-04-17,601318,13:31:59,57.8300,11,2
2026-04-17,601318,13:32:02,57.8400,10,1
2026-04-17,601318,13:32:05,57.8300,18,2
2026-04-17,601318,13:32:08,57.8300,89,2
2026-04-17,601318,13:32:11,57.8300,24,2
2026-04-17,601318,13:32:14,57.8300,20,2
2026-04-17,601318,13:32:17,57.8300,36,2
2026-04-17,601318,13:32:20,57.8300,66,2
2026-04-17,601318,13:32:23,57.8300,60,2
2026-04-17,601318,13:32:26,57.8300,44,2
2026-04-17,601318,13:32:29,57.8200,7,2
2026-04-17,601318,13:32:32,57.8300,20,1
2026-04-17,601318,13:32:35,57.8300,29,1
2026-04-17,601318,13:32:38,57.8300,15,1
2026-04-17,601318,13:32:41,57.8300,103,1
2026-04-17,601318,13:32:44,57.8200,10,2
2026-04-17,601318,13:32:47,57.8200,72,2
2026-04-17,601318,13:32:50,57.8200,115,2
2026-04-17,601318,13:32:53,57.8300,10,1
2026-04-17,601318,13:32:56,57.8200,103,2
2026-04-17,601318,13:32:59,57.8200,8,2
2026-04-17,601318,13:33:02,57.8200,24,2
2026-04-17,601318,13:33:05,57.8200,118,2
2026-04-17,601318,13:33:08,57.8200,55,1
2026-04-17,601318,13:33:11,57.8200,18,1
2026-04-17,601318,13:33:14,57.8200,110,1
2026-04-17,601318,13:33:17,57.8200,218,1
2026-04-17,601318,13:33:20,57.8200,81,2
2026-04-17,601318,13:33:23,57.8200,91,2
2026-04-17,601318,13:33:26,57.8200,23,2
2026-04-17,601318,13:33:29,57.8200,111,1
2026-04-17,601318,13:33:32,57.8200,35,2
2026-04-17,601318,13:33:35,57.8200,7,2
2026-04-17,601318,13:33:38,57.8300,16,1
2026-04-17,601318,13:33:41,57.8100,340,2
2026-04-17,601318,13:33:44,57.8200,48,1
2026-04-17,601318,13:33:47,57.8100,18,2
2026-04-17,601318,13:33:50,57.8100,24,2
2026-04-17,601318,13:33:53,57.8200,30,1
2026-04-17,601318,13:33:56,57.8100,7,2
2026-04-17,601318,13:33:59,57.8100,45,2
2026-04-17,601318,13:34:02,57.8200,12,1
2026-04-17,601318,13:34:05,57.8100,14,2
2026-04-17,601318,13:34:08,57.8100,48,2
2026-04-17,601318,13:34:11,57.8200,60,1
2026-04-17,601318,13:34:14,57.8200,89,1
2026-04-17,601318,13:34:17,57.8200,30,1
2026-04-17,601318,13:34:20,57.8100,149,2
2026-04-17,601318,13:34:23,57.8200,20,1
2026-04-17,601318,13:34:26,57.8200,82,1
2026-04-17,601318,13:34:29,57.8200,1,1
2026-04-17,601318,13:34:32,57.8100,46,2
2026-04-17,601318,13:34:35,57.8100,146,1
2026-04-17,601318,13:34:38,57.8000,183,2
2026-04-17,601318,13:34:41,57.8100,68,4
2026-04-17,601318,13:34:44,57.8200,49,1
2026-04-17,601318,13:34:47,57.8200,34,1
2026-04-17,601318,13:34:50,57.8100,11,2
2026-04-17,601318,13:34:53,57.8200,47,1
2026-04-17,601318,13:34:56,57.8100,14,2
2026-04-17,601318,13:34:59,57.8200,72,1
2026-04-17,601318,13:35:02,57.8200,22,1
2026-04-17,601318,13:35:05,57.8100,54,2
2026-04-17,601318,13:35:08,57.8000,29,2
2026-04-17,601318,13:35:11,57.8100,16,1
2026-04-17,601318,13:35:14,57.8100,105,1
2026-04-17,601318,13:35:17,57.8100,144,1
2026-04-17,601318,13:35:20,57.8000,47,2
2026-04-17,601318,13:35:23,57.8100,42,1
2026-04-17,601318,13:35:26,57.8100,88,1
2026-04-17,601318,13:35:29,57.8100,97,1
2026-04-17,601318,13:35:32,57.8000,101,2
2026-04-17,601318,13:35:35,57.8100,38,1
2026-04-17,601318,13:35:38,57.8100,65,1
2026-04-17,601318,13:35:41,57.8100,8,2
2026-04-17,601318,13:35:44,57.8200,37,1
2026-04-17,601318,13:35:47,57.8200,134,1
2026-04-17,601318,13:35:50,57.8100,60,2
2026-04-17,601318,13:35:53,57.8200,131,2
2026-04-17,601318,13:35:56,57.8200,106,2
2026-04-17,601318,13:35:59,57.8200,63,1
2026-04-17,601318,13:36:02,57.8300,82,1
2026-04-17,601318,13:36:08,57.8200,11,2
2026-04-17,601318,13:36:11,57.8300,59,1
2026-04-17,601318,13:36:14,57.8200,59,2
2026-04-17,601318,13:36:17,57.8300,89,1
2026-04-17,601318,13:36:20,57.8300,24,1
2026-04-17,601318,13:36:23,57.8200,143,2
2026-04-17,601318,13:36:26,57.8300,161,1
2026-04-17,601318,13:36:29,57.8100,261,2
2026-04-17,601318,13:36:32,57.8100,10,2
2026-04-17,601318,13:36:35,57.8200,74,4
2026-04-17,601318,13:36:38,57.8100,41,2
2026-04-17,601318,13:36:41,57.8100,37,2
2026-04-17,601318,13:36:44,57.8200,14,1
2026-04-17,601318,13:36:47,57.8100,112,2
2026-04-17,601318,13:36:50,57.8100,73,2
2026-04-17,601318,13:36:53,57.8100,173,2
2026-04-17,601318,13:36:56,57.8100,30,2
2026-04-17,601318,13:36:59,57.8100,71,2
2026-04-17,601318,13:37:02,57.8100,33,2
2026-04-17,601318,13:37:05,57.8000,142,2
2026-04-17,601318,13:37:08,57.8100,177,1
2026-04-17,601318,13:37:11,57.8100,55,2
2026-04-17,601318,13:37:14,57.8200,38,1
2026-04-17,601318,13:37:17,57.8100,23,2
2026-04-17,601318,13:37:20,57.8200,44,1
2026-04-17,601318,13:37:23,57.8200,248,1
2026-04-17,601318,13:37:26,57.8200,102,1
2026-04-17,601318,13:37:29,57.8200,47,1
2026-04-17,601318,13:37:32,57.8200,132,1
2026-04-17,601318,13:37:35,57.8300,52,1
2026-04-17,601318,13:37:38,57.8300,146,1
2026-04-17,601318,13:37:41,57.8300,93,2
2026-04-17,601318,13:37:44,57.8300,40,1
2026-04-17,601318,13:37:47,57.8300,9,1
2026-04-17,601318,13:37:50,57.8300,68,1
2026-04-17,601318,13:37:53,57.8500,92,1
2026-04-17,601318,13:37:56,57.8400,40,4
2026-04-17,601318,13:37:59,57.8600,222,1
2026-04-17,601318,13:38:02,57.8600,55,1
2026-04-17,601318,13:38:05,57.8600,46,2
2026-04-17,601318,13:38:08,57.8600,30,1
2026-04-17,601318,13:38:11,57.8600,18,1
2026-04-17,601318,13:38:14,57.8600,83,2
2026-04-17,601318,13:38:17,57.8700,10,1
2026-04-17,601318,13:38:20,57.8600,68,2
2026-04-17,601318,13:38:23,57.8700,17,1
2026-04-17,601318,13:38:26,57.8700,12,1
2026-04-17,601318,13:38:29,57.8700,4,1
2026-04-17,601318,13:38:32,57.8700,79,1
2026-04-17,601318,13:38:35,57.8800,74,1
2026-04-17,601318,13:38:38,57.8600,223,2
2026-04-17,601318,13:38:41,57.8400,377,2
2026-04-17,601318,13:38:44,57.8400,176,2
2026-04-17,601318,13:38:47,57.8300,20,1
2026-04-17,601318,13:38:50,57.8400,95,1
2026-04-17,601318,13:38:53,57.8400,161,1
2026-04-17,601318,13:38:56,57.8300,8,2
2026-04-17,601318,13:38:59,57.8400,10,1
2026-04-17,601318,13:39:02,57.8300,6,2
2026-04-17,601318,13:39:05,57.8300,48,2
2026-04-17,601318,13:39:08,57.8300,5,2
2026-04-17,601318,13:39:11,57.8300,6,2
2026-04-17,601318,13:39:14,57.8400,83,1
2026-04-17,601318,13:39:17,57.8300,17,2
2026-04-17,601318,13:39:20,57.8300,261,2
2026-04-17,601318,13:39:23,57.8400,50,1
2026-04-17,601318,13:39:26,57.8300,35,2
2026-04-17,601318,13:39:29,57.8400,13,1
2026-04-17,601318,13:39:32,57.8400,49,1
2026-04-17,601318,13:39:35,57.8400,134,1
2026-04-17,601318,13:39:38,57.8500,11,4
2026-04-17,601318,13:39:47,57.8500,53,1
2026-04-17,601318,13:39:50,57.8400,19,2
2026-04-17,601318,13:39:53,57.8400,10,2
2026-04-17,601318,13:39:56,57.8400,11,2
2026-04-17,601318,13:39:59,57.8400,40,2
2026-04-17,601318,13:40:02,57.8400,29,2
2026-04-17,601318,13:40:05,57.8300,63,2
2026-04-17,601318,13:40:08,57.8500,103,1
2026-04-17,601318,13:40:11,57.8400,6,4
2026-04-17,601318,13:40:14,57.8500,39,1
2026-04-17,601318,13:40:17,57.8500,62,1
2026-04-17,601318,13:40:20,57.8500,82,1
2026-04-17,601318,13:40:23,57.8400,16,1
2026-04-17,601318,13:40:26,57.8400,42,1
2026-04-17,601318,13:40:29,57.8400,51,1
2026-04-17,601318,13:40:32,57.8400,6,2
2026-04-17,601318,13:40:35,57.8500,18,1
2026-04-17,601318,13:40:38,57.8400,10,2
2026-04-17,601318,13:40:41,57.8500,12,1
2026-04-17,601318,13:40:44,57.8500,17,1
2026-04-17,601318,13:40:47,57.8400,27,2
2026-04-17,601318,13:40:50,57.8400,89,2
2026-04-17,601318,13:40:53,57.8400,22,2
2026-04-17,601318,13:40:56,57.8500,6,1
2026-04-17,601318,13:40:59,57.8400,5,2
2026-04-17,601318,13:41:02,57.8400,75,2
2026-04-17,601318,13:41:05,57.8400,5,2
2026-04-17,601318,13:41:08,57.8500,31,1
2026-04-17,601318,13:41:11,57.8400,25,2
2026-04-17,601318,13:41:14,57.8500,19,1
2026-04-17,601318,13:41:17,57.8400,84,2
2026-04-17,601318,13:41:20,57.8400,74,2
2026-04-17,601318,13:41:23,57.8400,75,2
2026-04-17,601318,13:41:26,57.8500,36,1
2026-04-17,601318,13:41:29,57.8600,41,1
2026-04-17,601318,13:41:32,57.8600,156,2
2026-04-17,601318,13:41:35,57.8800,15,1
2026-04-17,601318,13:41:38,57.8700,41,2
2026-04-17,601318,13:41:41,57.8700,8,1
2026-04-17,601318,13:41:44,57.8700,19,1
2026-04-17,601318,13:41:47,57.8900,290,1
2026-04-17,601318,13:41:50,57.8900,12,1
2026-04-17,601318,13:41:53,57.8900,33,1
2026-04-17,601318,13:41:56,57.8900,12,1
2026-04-17,601318,13:41:59,57.8800,12,2
2026-04-17,601318,13:42:02,57.8800,57,2
2026-04-17,601318,13:42:05,57.8700,35,2
2026-04-17,601318,13:42:08,57.8800,111,4
2026-04-17,601318,13:42:11,57.8800,23,1
2026-04-17,601318,13:42:14,57.8800,59,1
2026-04-17,601318,13:42:17,57.8700,332,2
2026-04-17,601318,13:42:20,57.8700,18,2
2026-04-17,601318,13:42:23,57.8800,160,1
2026-04-17,601318,13:42:26,57.8700,89,2
2026-04-17,601318,13:42:32,57.8700,48,2
2026-04-17,601318,13:42:35,57.8700,15,2
2026-04-17,601318,13:42:38,57.8700,15,2
2026-04-17,601318,13:42:41,57.8700,131,2
2026-04-17,601318,13:42:44,57.8700,163,1
2026-04-17,601318,13:42:47,57.8700,17,1
2026-04-17,601318,13:42:50,57.8600,202,4
2026-04-17,601318,13:42:53,57.8600,16,1
2026-04-17,601318,13:42:56,57.8600,124,1
2026-04-17,601318,13:42:59,57.8600,40,2
2026-04-17,601318,13:43:02,57.8500,13,2
2026-04-17,601318,13:43:05,57.8500,82,2
2026-04-17,601318,13:43:08,57.8500,4,1
2026-04-17,601318,13:43:11,57.8500,150,1
2026-04-17,601318,13:43:14,57.8500,119,1
2026-04-17,601318,13:43:17,57.8500,60,1
2026-04-17,601318,13:43:20,57.8500,28,1
2026-04-17,601318,13:43:23,57.8500,54,1
2026-04-17,601318,13:43:26,57.8400,89,2
2026-04-17,601318,13:43:29,57.8500,58,1
2026-04-17,601318,13:43:32,57.8400,25,2
2026-04-17,601318,13:43:35,57.8500,60,1
2026-04-17,601318,13:43:38,57.8500,17,1
2026-04-17,601318,13:43:41,57.8400,73,2
2026-04-17,601318,13:43:44,57.8500,38,1
2026-04-17,601318,13:43:47,57.8400,24,2
2026-04-17,601318,13:43:50,57.8500,67,1
2026-04-17,601318,13:43:53,57.8500,21,1
2026-04-17,601318,13:43:56,57.8400,6,2
2026-04-17,601318,13:43:59,57.8400,12,2
2026-04-17,601318,13:44:02,57.8400,28,2
2026-04-17,601318,13:44:05,57.8500,39,1
2026-04-17,601318,13:44:08,57.8400,115,2
2026-04-17,601318,13:44:11,57.8400,78,2
2026-04-17,601318,13:44:14,57.8500,2,1
2026-04-17,601318,13:44:17,57.8400,11,2
2026-04-17,601318,13:44:20,57.8500,31,1
2026-04-17,601318,13:44:23,57.8500,9,1
2026-04-17,601318,13:44:26,57.8500,133,1
2026-04-17,601318,13:44:29,57.8400,5,2
2026-04-17,601318,13:44:32,57.8500,38,1
2026-04-17,601318,13:44:35,57.8400,42,2
2026-04-17,601318,13:44:38,57.8500,72,1
2026-04-17,601318,13:44:41,57.8300,48,2
2026-04-17,601318,13:44:44,57.8400,119,1
2026-04-17,601318,13:44:47,57.8400,80,1
2026-04-17,601318,13:44:50,57.8400,107,1
2026-04-17,601318,13:44:53,57.8400,108,2
2026-04-17,601318,13:44:56,57.8400,60,1
2026-04-17,601318,13:44:59,57.8400,30,1
2026-04-17,601318,13:45:02,57.8300,46,2
2026-04-17,601318,13:45:05,57.8400,4,1
2026-04-17,601318,13:45:08,57.8300,168,2
2026-04-17,601318,13:45:11,57.8400,75,1
2026-04-17,601318,13:45:14,57.8400,32,2
2026-04-17,601318,13:45:17,57.8500,5,1
2026-04-17,601318,13:45:20,57.8500,25,1
2026-04-17,601318,13:45:23,57.8500,10,1
2026-04-17,601318,13:45:26,57.8500,31,1
2026-04-17,601318,13:45:29,57.8400,6,2
2026-04-17,601318,13:45:32,57.8500,57,1
2026-04-17,601318,13:45:35,57.8500,17,1
2026-04-17,601318,13:45:38,57.8500,254,1
2026-04-17,601318,13:45:41,57.8400,46,2
2026-04-17,601318,13:45:44,57.8400,49,2
2026-04-17,601318,13:45:47,57.8400,150,2
2026-04-17,601318,13:45:50,57.8400,25,2
2026-04-17,601318,13:45:53,57.8600,111,1
2026-04-17,601318,13:45:56,57.8600,34,1
2026-04-17,601318,13:45:59,57.8600,21,1
2026-04-17,601318,13:46:02,57.8500,11,2
2026-04-17,601318,13:46:05,57.8500,14,2
2026-04-17,601318,13:46:08,57.8500,4,2
2026-04-17,601318,13:46:11,57.8600,84,1
2026-04-17,601318,13:46:14,57.8700,62,1
2026-04-17,601318,13:46:17,57.8800,74,1
2026-04-17,601318,13:46:20,57.8700,62,2
2026-04-17,601318,13:46:23,57.8800,26,1
2026-04-17,601318,13:46:26,57.8700,96,2
2026-04-17,601318,13:46:29,57.8700,122,1
2026-04-17,601318,13:46:32,57.8700,118,1
2026-04-17,601318,13:46:35,57.8600,33,2
2026-04-17,601318,13:46:38,57.8700,218,1
2026-04-17,601318,13:46:41,57.8600,49,2
2026-04-17,601318,13:46:44,57.8700,101,1
2026-04-17,601318,13:46:47,57.8700,33,1
2026-04-17,601318,13:46:50,57.8700,46,1
2026-04-17,601318,13:46:53,57.8600,123,2
2026-04-17,601318,13:46:56,57.8600,109,2
2026-04-17,601318,13:46:59,57.8600,241,2
2026-04-17,601318,13:47:02,57.8600,13,1
2026-04-17,601318,13:47:05,57.8600,50,1
2026-04-17,601318,13:47:08,57.8500,36,2
2026-04-17,601318,13:47:11,57.8600,24,1
2026-04-17,601318,13:47:14,57.8600,231,1
2026-04-17,601318,13:47:17,57.8700,229,1
2026-04-17,601318,13:47:20,57.8800,281,1
2026-04-17,601318,13:47:23,57.9000,212,1
2026-04-17,601318,13:47:26,57.9000,4,1
2026-04-17,601318,13:47:29,57.9000,38,1
2026-04-17,601318,13:47:32,57.9000,152,1
2026-04-17,601318,13:47:35,57.9100,123,1
2026-04-17,601318,13:47:38,57.9000,57,2
2026-04-17,601318,13:47:41,57.9000,43,2
2026-04-17,601318,13:47:44,57.9100,70,1
2026-04-17,601318,13:47:47,57.9000,19,2
2026-04-17,601318,13:47:50,57.9100,6,1
2026-04-17,601318,13:47:53,57.9100,28,1
2026-04-17,601318,13:47:56,57.9100,90,1
2026-04-17,601318,13:47:59,57.9100,86,1
2026-04-17,601318,13:48:02,57.9100,152,2
2026-04-17,601318,13:48:05,57.9100,87,1
2026-04-17,601318,13:48:08,57.9100,33,1
2026-04-17,601318,13:48:11,57.9100,16,1
2026-04-17,601318,13:48:14,57.9100,39,1
2026-04-17,601318,13:48:17,57.9100,2,1
2026-04-17,601318,13:48:20,57.9000,64,2
2026-04-17,601318,13:48:23,57.9100,34,1
2026-04-17,601318,13:48:26,57.9000,154,2
2026-04-17,601318,13:48:29,57.9000,76,1
2026-04-17,601318,13:48:32,57.9000,17,1
2026-04-17,601318,13:48:35,57.9000,36,1
2026-04-17,601318,13:48:38,57.9000,41,1
2026-04-17,601318,13:48:41,57.9000,45,1
2026-04-17,601318,13:48:44,57.8900,75,2
2026-04-17,601318,13:48:47,57.9000,101,1
2026-04-17,601318,13:48:50,57.8900,93,2
2026-04-17,601318,13:48:53,57.9000,27,1
2026-04-17,601318,13:48:56,57.8900,79,2
2026-04-17,601318,13:48:59,57.8800,33,2
2026-04-17,601318,13:49:02,57.8900,20,4
2026-04-17,601318,13:49:05,57.8800,90,2
2026-04-17,601318,13:49:08,57.8900,51,4
2026-04-17,601318,13:49:11,57.8800,171,2
2026-04-17,601318,13:49:14,57.9100,174,1
2026-04-17,601318,13:49:17,57.9100,25,1
2026-04-17,601318,13:49:20,57.9100,5,1
2026-04-17,601318,13:49:23,57.9000,16,2
2026-04-17,601318,13:49:26,57.9000,22,2
2026-04-17,601318,13:49:29,57.9100,70,1
2026-04-17,601318,13:49:32,57.9000,186,2
2026-04-17,601318,13:49:35,57.9000,10,2
2026-04-17,601318,13:49:38,57.9000,146,2
2026-04-17,601318,13:49:41,57.9000,79,2
2026-04-17,601318,13:49:44,57.9000,136,2
2026-04-17,601318,13:49:47,57.9100,70,1
2026-04-17,601318,13:49:50,57.9200,107,1
2026-04-17,601318,13:49:53,57.9100,40,1
2026-04-17,601318,13:49:56,57.9100,91,2
2026-04-17,601318,13:49:59,57.9100,3,2
2026-04-17,601318,13:50:02,57.9100,115,2
2026-04-17,601318,13:50:05,57.9100,60,2
2026-04-17,601318,13:50:08,57.9200,81,1
2026-04-17,601318,13:50:11,57.9200,173,1
2026-04-17,601318,13:50:14,57.9100,257,2
2026-04-17,601318,13:50:17,57.9100,155,1
2026-04-17,601318,13:50:20,57.9100,98,1
2026-04-17,601318,13:50:23,57.9100,92,1
2026-04-17,601318,13:50:26,57.9100,45,1
2026-04-17,601318,13:50:29,57.9100,60,1
2026-04-17,601318,13:50:32,57.9100,8,2
2026-04-17,601318,13:50:35,57.9400,53,1
2026-04-17,601318,13:50:38,57.9400,122,1
2026-04-17,601318,13:50:41,57.9400,40,1
2026-04-17,601318,13:50:44,57.9300,18,4
2026-04-17,601318,13:50:47,57.9300,12,1
2026-04-17,601318,13:50:50,57.9200,63,2
2026-04-17,601318,13:50:53,57.9400,84,1
2026-04-17,601318,13:50:56,57.9300,12,1
2026-04-17,601318,13:50:59,57.9200,58,2
2026-04-17,601318,13:51:02,57.9200,65,2
2026-04-17,601318,13:51:05,57.9200,54,1
2026-04-17,601318,13:51:08,57.9100,124,2
2026-04-17,601318,13:51:11,57.9200,104,1
2026-04-17,601318,13:51:14,57.9100,99,2
2026-04-17,601318,13:51:17,57.9200,31,1
2026-04-17,601318,13:51:20,57.9200,47,1
2026-04-17,601318,13:51:23,57.9100,30,2
2026-04-17,601318,13:51:26,57.9100,188,2
2026-04-17,601318,13:51:29,57.9300,164,1
2026-04-17,601318,13:51:32,57.9100,263,2
2026-04-17,601318,13:51:35,57.9100,93,2
2026-04-17,601318,13:51:38,57.9100,37,2
2026-04-17,601318,13:51:41,57.9100,13,2
2026-04-17,601318,13:51:44,57.9200,92,4
2026-04-17,601318,13:51:47,57.9500,145,1
2026-04-17,601318,13:51:50,57.9400,174,4
2026-04-17,601318,13:51:53,57.9500,55,1
2026-04-17,601318,13:51:56,57.9400,126,2
2026-04-17,601318,13:51:59,57.9400,230,2
2026-04-17,601318,13:52:02,57.9500,136,1
2026-04-17,601318,13:52:05,57.9500,27,2
2026-04-17,601318,13:52:08,57.9800,155,1
2026-04-17,601318,13:52:11,57.9700,123,1
2026-04-17,601318,13:52:14,57.9600,133,2
2026-04-17,601318,13:52:17,57.9700,64,1
2026-04-17,601318,13:52:20,57.9900,283,1
2026-04-17,601318,13:52:23,57.9800,88,1
2026-04-17,601318,13:52:26,57.9900,129,1
2026-04-17,601318,13:52:29,57.9900,24,1
2026-04-17,601318,13:52:32,58.0000,286,1
2026-04-17,601318,13:52:35,58.0000,96,1
2026-04-17,601318,13:52:38,58.0000,16,1
2026-04-17,601318,13:52:41,58.0100,500,1
2026-04-17,601318,13:52:44,58.0100,27,1
2026-04-17,601318,13:52:47,58.0100,20,2
2026-04-17,601318,13:52:50,58.0200,194,1
2026-04-17,601318,13:52:53,58.0200,266,1
2026-04-17,601318,13:52:56,58.0200,142,1
2026-04-17,601318,13:52:59,58.0100,133,2
2026-04-17,601318,13:53:02,58.0000,159,2
2026-04-17,601318,13:53:05,57.9900,506,2
2026-04-17,601318,13:53:08,57.9900,31,2
2026-04-17,601318,13:53:11,57.9900,67,2
2026-04-17,601318,13:53:14,57.9900,98,2
2026-04-17,601318,13:53:17,57.9800,149,2
2026-04-17,601318,13:53:20,57.9900,65,1
2026-04-17,601318,13:53:23,57.9800,7,1
2026-04-17,601318,13:53:26,57.9700,88,2
2026-04-17,601318,13:53:29,57.9600,52,2
2026-04-17,601318,13:53:32,57.9600,31,2
2026-04-17,601318,13:53:35,57.9600,27,2
2026-04-17,601318,13:53:38,57.9600,46,2
2026-04-17,601318,13:53:41,57.9600,16,2
2026-04-17,601318,13:53:44,57.9600,114,2
2026-04-17,601318,13:53:47,57.9500,38,2
2026-04-17,601318,13:53:50,58.0000,434,1
2026-04-17,601318,13:53:53,57.9700,77,1
2026-04-17,601318,13:53:56,57.9700,24,1
2026-04-17,601318,13:53:59,57.9900,287,1
2026-04-17,601318,13:54:02,58.0200,330,1
2026-04-17,601318,13:54:05,58.0300,69,4
2026-04-17,601318,13:54:08,58.0500,417,1
2026-04-17,601318,13:54:11,58.0500,159,2
2026-04-17,601318,13:54:14,58.0200,21,2
2026-04-17,601318,13:54:17,58.0400,21,1
2026-04-17,601318,13:54:20,58.0200,32,2
2026-04-17,601318,13:54:23,58.0100,156,2
2026-04-17,601318,13:54:26,58.0000,62,2
2026-04-17,601318,13:54:29,58.0000,23,2
2026-04-17,601318,13:54:32,58.0100,9,1
2026-04-17,601318,13:54:35,58.0100,3,2
2026-04-17,601318,13:54:38,58.0200,190,1
2026-04-17,601318,13:54:41,58.0200,3,2
2026-04-17,601318,13:54:44,58.0200,17,2
2026-04-17,601318,13:54:47,58.0200,30,2
2026-04-17,601318,13:54:50,58.0300,15,1
2026-04-17,601318,13:54:53,58.0400,146,1
2026-04-17,601318,13:54:56,58.0300,22,2
2026-04-17,601318,13:54:59,58.0300,55,2
2026-04-17,601318,13:55:02,58.0300,90,2
2026-04-17,601318,13:55:05,58.0400,152,1
2026-04-17,601318,13:55:08,58.0300,58,2
2026-04-17,601318,13:55:11,58.0300,72,2
2026-04-17,601318,13:55:14,58.0400,158,1
2026-04-17,601318,13:55:17,58.0300,7,1
2026-04-17,601318,13:55:20,58.0400,5,1
2026-04-17,601318,13:55:23,58.0400,54,1
2026-04-17,601318,13:55:26,58.0400,8,1
2026-04-17,601318,13:55:29,58.0200,330,2
2026-04-17,601318,13:55:32,58.0200,12,2
2026-04-17,601318,13:55:35,58.0400,479,1
2026-04-17,601318,13:55:38,58.0300,7,1
2026-04-17,601318,13:55:41,58.0300,10,1
2026-04-17,601318,13:55:44,58.0300,38,1
2026-04-17,601318,13:55:47,58.0300,40,2
2026-04-17,601318,13:55:50,58.0300,79,2
2026-04-17,601318,13:55:53,58.0400,32,1
2026-04-17,601318,13:55:56,58.0400,35,1
2026-04-17,601318,13:55:59,58.0300,41,2
2026-04-17,601318,13:56:02,58.0400,33,1
2026-04-17,601318,13:56:05,58.0400,46,1
2026-04-17,601318,13:56:08,58.0400,26,1
2026-04-17,601318,13:56:11,58.0300,56,2
2026-04-17,601318,13:56:14,58.0400,64,1
2026-04-17,601318,13:56:17,58.0300,14,2
2026-04-17,601318,13:56:20,58.0300,143,2
2026-04-17,601318,13:56:23,58.0300,47,1
2026-04-17,601318,13:56:26,58.0200,120,2
2026-04-17,601318,13:56:29,58.0300,8,1
2026-04-17,601318,13:56:32,58.0200,576,2
2026-04-17,601318,13:56:35,58.0100,237,2
2026-04-17,601318,13:56:38,58.0200,74,4
2026-04-17,601318,13:56:41,58.0100,70,2
2026-04-17,601318,13:56:44,58.0200,8,1
2026-04-17,601318,13:56:47,58.0100,282,2
2026-04-17,601318,13:56:50,58.0100,50,2
2026-04-17,601318,13:56:53,58.0200,59,1
2026-04-17,601318,13:56:56,58.0100,49,2
2026-04-17,601318,13:56:59,58.0200,49,1
2026-04-17,601318,13:57:02,58.0100,55,2
2026-04-17,601318,13:57:05,58.0100,32,2
2026-04-17,601318,13:57:08,58.0000,797,2
2026-04-17,601318,13:57:11,58.0000,51,1
2026-04-17,601318,13:57:14,57.9800,72,2
2026-04-17,601318,13:57:17,58.0000,43,1
2026-04-17,601318,13:57:20,57.9800,27,4
2026-04-17,601318,13:57:23,57.9800,13,2
2026-04-17,601318,13:57:26,57.9800,32,2
2026-04-17,601318,13:57:29,57.9800,61,1
2026-04-17,601318,13:57:32,57.9700,16,2
2026-04-17,601318,13:57:35,57.9700,33,2
2026-04-17,601318,13:57:38,57.9700,30,2
2026-04-17,601318,13:57:41,57.9700,105,2
2026-04-17,601318,13:57:44,57.9700,59,2
2026-04-17,601318,13:57:47,57.9700,115,1
2026-04-17,601318,13:57:50,57.9700,146,2
2026-04-17,601318,13:57:53,57.9700,49,2
2026-04-17,601318,13:57:56,57.9700,228,2
2026-04-17,601318,13:57:59,57.9700,225,2
2026-04-17,601318,13:58:02,57.9700,33,2
2026-04-17,601318,13:58:05,57.9700,49,2
2026-04-17,601318,13:58:08,57.9800,72,1
2026-04-17,601318,13:58:11,57.9800,33,1
2026-04-17,601318,13:58:14,57.9700,106,2
2026-04-17,601318,13:58:17,57.9700,62,2
2026-04-17,601318,13:58:20,57.9500,620,2
2026-04-17,601318,13:58:23,57.9500,226,1
2026-04-17,601318,13:58:26,57.9300,1250,4
2026-04-17,601318,13:58:29,57.9400,14,1
2026-04-17,601318,13:58:32,57.9300,48,2
2026-04-17,601318,13:58:35,57.9100,68,2
2026-04-17,601318,13:58:38,57.9200,214,4
2026-04-17,601318,13:58:41,57.9300,123,1
2026-04-17,601318,13:58:44,57.9200,31,1
2026-04-17,601318,13:58:47,57.9100,98,2
2026-04-17,601318,13:58:50,57.9100,24,2
2026-04-17,601318,13:58:53,57.9100,238,2
2026-04-17,601318,13:58:56,57.9200,112,1
2026-04-17,601318,13:58:59,57.9200,68,1
2026-04-17,601318,13:59:02,57.9200,34,1
2026-04-17,601318,13:59:05,57.9300,87,1
2026-04-17,601318,13:59:08,57.9200,64,2
2026-04-17,601318,13:59:11,57.9300,13,2
2026-04-17,601318,13:59:14,57.9200,3,2
2026-04-17,601318,13:59:17,57.9100,503,2
2026-04-17,601318,13:59:20,57.9200,12,1
2026-04-17,601318,13:59:23,57.9200,210,1
2026-04-17,601318,13:59:26,57.9100,94,2
2026-04-17,601318,13:59:29,57.9200,45,1
2026-04-17,601318,13:59:32,57.9100,86,2
2026-04-17,601318,13:59:35,57.9200,53,1
2026-04-17,601318,13:59:38,57.9200,50,1
2026-04-17,601318,13:59:41,57.9200,51,1
2026-04-17,601318,13:59:44,57.9100,6,2
2026-04-17,601318,13:59:47,57.9200,73,1
2026-04-17,601318,13:59:50,57.9200,13,1
2026-04-17,601318,13:59:53,57.9200,22,1
2026-04-17,601318,13:59:56,57.9200,56,1
2026-04-17,601318,13:59:59,57.9300,12,4
2026-04-17,601318,14:00:02,57.9300,12,2
2026-04-17,601318,14:00:05,57.9300,32,1
2026-04-17,601318,14:00:08,57.9300,38,1
2026-04-17,601318,14:00:11,57.9400,21,1
2026-04-17,601318,14:00:14,57.9500,59,1
2026-04-17,601318,14:00:17,57.9700,33,1
2026-04-17,601318,14:00:20,57.9400,10,2
2026-04-17,601318,14:00:23,57.9700,65,1
2026-04-17,601318,14:00:26,57.9600,26,2
2026-04-17,601318,14:00:29,57.9600,37,1
2026-04-17,601318,14:00:32,57.9600,16,1
2026-04-17,601318,14:00:35,57.9500,82,2
2026-04-17,601318,14:00:38,57.9600,80,1
2026-04-17,601318,14:00:41,57.9600,68,1
2026-04-17,601318,14:00:44,57.9600,4,2
2026-04-17,601318,14:00:47,57.9700,37,1
2026-04-17,601318,14:00:50,57.9700,157,1
2026-04-17,601318,14:00:53,57.9800,153,1
2026-04-17,601318,14:00:56,57.9900,22,1
2026-04-17,601318,14:00:59,58.0000,71,1
2026-04-17,601318,14:01:02,57.9800,61,2
2026-04-17,601318,14:01:05,57.9800,61,2
2026-04-17,601318,14:01:08,57.9800,66,2
2026-04-17,601318,14:01:11,57.9900,120,1
2026-04-17,601318,14:01:14,58.0000,60,1
2026-04-17,601318,14:01:23,57.9900,79,2
2026-04-17,601318,14:01:26,57.9800,395,2
2026-04-17,601318,14:01:29,57.9800,71,1
2026-04-17,601318,14:01:32,57.9900,60,1
2026-04-17,601318,14:01:35,57.9700,47,2
2026-04-17,601318,14:01:38,57.9600,38,2
2026-04-17,601318,14:01:41,57.9600,23,2
2026-04-17,601318,14:01:44,57.9800,81,1
2026-04-17,601318,14:01:47,57.9800,41,1
2026-04-17,601318,14:01:50,57.9600,43,2
2026-04-17,601318,14:01:53,57.9700,3,1
2026-04-17,601318,14:01:56,57.9700,40,1
2026-04-17,601318,14:02:02,57.9700,8,1
2026-04-17,601318,14:02:05,57.9600,9,2
2026-04-17,601318,14:02:08,57.9600,16,2
2026-04-17,601318,14:02:11,57.9700,79,1
2026-04-17,601318,14:02:14,57.9700,92,1
2026-04-17,601318,14:02:17,57.9700,9,1
2026-04-17,601318,14:02:20,57.9700,18,1
2026-04-17,601318,14:02:23,57.9600,77,2
2026-04-17,601318,14:02:26,57.9700,64,1
2026-04-17,601318,14:02:29,57.9700,45,1
2026-04-17,601318,14:02:32,57.9700,56,4
2026-04-17,601318,14:02:35,57.9600,18,2
2026-04-17,601318,14:02:38,57.9700,5,1
2026-04-17,601318,14:02:41,57.9600,11,2
2026-04-17,601318,14:02:44,57.9600,139,2
2026-04-17,601318,14:02:47,57.9600,9,1
2026-04-17,601318,14:02:50,57.9500,29,2
2026-04-17,601318,14:02:53,57.9600,113,1
2026-04-17,601318,14:02:56,57.9600,60,1
2026-04-17,601318,14:02:59,57.9600,29,2
2026-04-17,601318,14:03:02,57.9600,4,2
2026-04-17,601318,14:03:05,57.9700,44,1
2026-04-17,601318,14:03:08,57.9600,17,2
2026-04-17,601318,14:03:11,57.9500,64,2
2026-04-17,601318,14:03:14,57.9500,20,2
2026-04-17,601318,14:03:17,57.9500,9,2
2026-04-17,601318,14:03:20,57.9500,20,2
2026-04-17,601318,14:03:23,57.9600,16,1
2026-04-17,601318,14:03:26,57.9600,64,1
2026-04-17,601318,14:03:29,57.9600,46,1
2026-04-17,601318,14:03:32,57.9600,69,1
2026-04-17,601318,14:03:35,57.9600,20,1
2026-04-17,601318,14:03:38,57.9600,70,1
2026-04-17,601318,14:03:41,57.9500,83,2
2026-04-17,601318,14:03:44,57.9500,21,2
2026-04-17,601318,14:03:47,57.9600,3,1
2026-04-17,601318,14:03:50,57.9500,34,2
2026-04-17,601318,14:03:53,57.9500,6,2
2026-04-17,601318,14:03:56,57.9600,70,1
2026-04-17,601318,14:03:59,57.9600,9,1
2026-04-17,601318,14:04:02,57.9500,122,2
2026-04-17,601318,14:04:05,57.9400,36,2
2026-04-17,601318,14:04:08,57.9400,66,2
2026-04-17,601318,14:04:11,57.9300,535,2
2026-04-17,601318,14:04:14,57.9200,98,2
2026-04-17,601318,14:04:17,57.9200,55,2
2026-04-17,601318,14:04:20,57.9200,38,2
2026-04-17,601318,14:04:23,57.9300,298,1
2026-04-17,601318,14:04:26,57.9400,59,1
2026-04-17,601318,14:04:29,57.9300,30,2
2026-04-17,601318,14:04:32,57.9400,53,1
2026-04-17,601318,14:04:35,57.9400,224,1
2026-04-17,601318,14:04:38,57.9600,746,1
2026-04-17,601318,14:04:41,57.9500,3,2
2026-04-17,601318,14:04:44,57.9600,188,1
2026-04-17,601318,14:04:47,57.9800,1455,1
2026-04-17,601318,14:04:50,57.9800,10,1
2026-04-17,601318,14:04:53,57.9900,43,1
2026-04-17,601318,14:04:56,57.9900,302,1
2026-04-17,601318,14:04:59,58.0000,15,1
2026-04-17,601318,14:05:02,57.9900,9,2
2026-04-17,601318,14:05:05,57.9800,18,2
2026-04-17,601318,14:05:08,57.9800,19,1
2026-04-17,601318,14:05:11,57.9700,9,2
2026-04-17,601318,14:05:14,57.9700,16,2
2026-04-17,601318,14:05:17,57.9600,11,2
2026-04-17,601318,14:05:20,57.9700,36,1
2026-04-17,601318,14:05:23,57.9700,16,1
2026-04-17,601318,14:05:26,57.9600,41,2
2026-04-17,601318,14:05:29,57.9600,18,2
2026-04-17,601318,14:05:32,57.9600,36,2
2026-04-17,601318,14:05:35,57.9600,139,2
2026-04-17,601318,14:05:38,57.9600,41,2
2026-04-17,601318,14:05:41,57.9600,8,2
2026-04-17,601318,14:05:44,57.9600,17,2
2026-04-17,601318,14:05:47,57.9700,118,1
2026-04-17,601318,14:05:50,57.9600,29,2
2026-04-17,601318,14:05:53,57.9600,40,2
2026-04-17,601318,14:05:56,57.9600,31,2
2026-04-17,601318,14:05:59,57.9700,6,1
2026-04-17,601318,14:06:02,57.9700,16,1
2026-04-17,601318,14:06:05,57.9600,20,2
2026-04-17,601318,14:06:08,57.9600,7,2
2026-04-17,601318,14:06:11,57.9600,5,2
2026-04-17,601318,14:06:14,57.9600,24,2
2026-04-17,601318,14:06:17,57.9600,17,2
2026-04-17,601318,14:06:20,57.9700,18,1
2026-04-17,601318,14:06:23,57.9700,18,1
2026-04-17,601318,14:06:26,57.9600,25,2
2026-04-17,601318,14:06:29,57.9700,112,1
2026-04-17,601318,14:06:32,57.9700,259,1
2026-04-17,601318,14:06:35,57.9800,151,1
2026-04-17,601318,14:06:38,57.9900,125,1
2026-04-17,601318,14:06:41,57.9700,3,2
2026-04-17,601318,14:06:44,57.9700,49,2
2026-04-17,601318,14:06:47,58.0000,83,1
2026-04-17,601318,14:06:50,57.9800,23,2
2026-04-17,601318,14:06:53,57.9800,31,2
2026-04-17,601318,14:06:56,58.0000,60,1
2026-04-17,601318,10:56:23,58.1800,29,1
2026-04-17,601318,10:56:26,58.1700,3,2
2026-04-17,601318,10:56:29,58.1700,14,2
2026-04-17,601318,10:56:32,58.1700,4,1
2026-04-17,601318,10:56:35,58.1700,3,1
2026-04-17,601318,10:56:38,58.1600,63,2
2026-04-17,601318,10:56:41,58.1700,40,1
2026-04-17,601318,10:56:44,58.1600,7,4
2026-04-17,601318,10:56:47,58.1500,58,2
2026-04-17,601318,10:56:50,58.1600,15,1
2026-04-17,601318,10:56:53,58.1500,77,2
2026-04-17,601318,10:56:56,58.1500,20,2
2026-04-17,601318,10:56:59,58.1500,18,2
2026-04-17,601318,10:57:02,58.1500,42,2
2026-04-17,601318,10:57:05,58.1500,37,2
2026-04-17,601318,10:57:08,58.1500,35,2
2026-04-17,601318,10:57:11,58.1600,46,1
2026-04-17,601318,10:57:14,58.1500,121,2
2026-04-17,601318,10:57:17,58.1500,173,2
2026-04-17,601318,10:57:20,58.1500,135,2
2026-04-17,601318,10:57:23,58.1000,8241,2
2026-04-17,601318,10:57:26,58.0900,445,2
2026-04-17,601318,10:57:29,58.0900,174,2
2026-04-17,601318,10:57:32,58.0900,183,2
2026-04-17,601318,10:57:35,58.0900,111,2
2026-04-17,601318,10:57:38,58.0900,90,2
2026-04-17,601318,10:57:41,58.0900,34,1
2026-04-17,601318,10:57:44,58.0800,91,2
2026-04-17,601318,10:57:47,58.0800,303,2
2026-04-17,601318,10:57:50,58.0900,150,1
2026-04-17,601318,10:57:53,58.0800,130,2
2026-04-17,601318,10:57:56,58.0900,40,1
2026-04-17,601318,10:57:59,58.0900,88,2
2026-04-17,601318,10:58:02,58.1000,1231,1
2026-04-17,601318,10:58:05,58.0900,174,2
2026-04-17,601318,10:58:08,58.1000,172,1
2026-04-17,601318,10:58:11,58.0800,60,2
2026-04-17,601318,10:58:14,58.0900,380,1
2026-04-17,601318,10:58:17,58.0800,406,2
2026-04-17,601318,10:58:20,58.0900,41,1
2026-04-17,601318,10:58:23,58.0900,149,1
2026-04-17,601318,10:58:26,58.0900,133,1
2026-04-17,601318,10:58:29,58.0900,37,1
2026-04-17,601318,10:58:32,58.0900,180,1
2026-04-17,601318,10:58:35,58.0900,9,1
2026-04-17,601318,10:58:38,58.0800,42,2
2026-04-17,601318,10:58:41,58.0800,54,2
2026-04-17,601318,10:58:44,58.0800,41,2
2026-04-17,601318,10:58:47,58.0800,11,2
2026-04-17,601318,10:58:50,58.0700,3120,2
2026-04-17,601318,10:58:53,58.0700,764,2
2026-04-17,601318,10:58:56,58.0600,45,2
2026-04-17,601318,10:58:59,58.0600,80,2
2026-04-17,601318,10:59:02,58.0600,196,2
2026-04-17,601318,10:59:05,58.0600,46,2
2026-04-17,601318,10:59:08,58.0700,13,1
2026-04-17,601318,10:59:11,58.0600,99,2
2026-04-17,601318,10:59:14,58.0700,159,1
2026-04-17,601318,10:59:17,58.0700,42,2
2026-04-17,601318,10:59:20,58.0700,129,1
2026-04-17,601318,10:59:23,58.0700,54,2
2026-04-17,601318,10:59:26,58.0700,36,1
2026-04-17,601318,10:59:29,58.0700,109,2
2026-04-17,601318,10:59:32,58.0800,11,1
2026-04-17,601318,10:59:35,58.0700,95,2
2026-04-17,601318,10:59:38,58.0800,275,1
2026-04-17,601318,10:59:41,58.0800,38,2
2026-04-17,601318,10:59:44,58.0800,32,2
2026-04-17,601318,10:59:47,58.0900,34,1
2026-04-17,601318,10:59:50,58.0900,141,1
2026-04-17,601318,10:59:53,58.0800,36,2
2026-04-17,601318,10:59:56,58.0800,61,1
2026-04-17,601318,10:59:59,58.0800,26,1
2026-04-17,601318,11:00:02,58.0800,234,1
2026-04-17,601318,11:00:05,58.0800,80,1
2026-04-17,601318,11:00:08,58.0800,8,1
2026-04-17,601318,11:00:11,58.0800,37,1
2026-04-17,601318,11:00:14,58.0800,40,1
2026-04-17,601318,11:00:17,58.0700,306,2
2026-04-17,601318,11:00:20,58.0800,112,1
2026-04-17,601318,11:00:23,58.0800,102,1
2026-04-17,601318,11:00:26,58.0700,149,2
2026-04-17,601318,11:00:29,58.0700,55,2
2026-04-17,601318,11:00:32,58.0600,25,2
2026-04-17,601318,11:00:35,58.0600,42,2
2026-04-17,601318,11:00:38,58.0600,46,2
2026-04-17,601318,11:00:41,58.0600,33,2
2026-04-17,601318,11:00:44,58.0600,76,2
2026-04-17,601318,11:00:47,58.0700,121,1
2026-04-17,601318,11:00:50,58.0600,33,2
2026-04-17,601318,11:00:53,58.0700,195,1
2026-04-17,601318,11:00:56,58.0600,336,2
2026-04-17,601318,11:00:59,58.0700,29,1
2026-04-17,601318,11:01:02,58.0700,206,1
2026-04-17,601318,11:01:05,58.0700,20,1
2026-04-17,601318,11:01:08,58.0700,60,1
2026-04-17,601318,11:01:11,58.0600,37,2
2026-04-17,601318,11:01:14,58.0700,41,1
2026-04-17,601318,11:01:17,58.0600,32,2
2026-04-17,601318,11:01:20,58.0600,80,2
2026-04-17,601318,11:01:23,58.0600,138,2
2026-04-17,601318,11:01:26,58.0600,43,2
2026-04-17,601318,11:01:29,58.0600,38,2
2026-04-17,601318,11:01:32,58.0600,27,2
2026-04-17,601318,11:01:35,58.0600,149,2
2026-04-17,601318,11:01:38,58.0600,21,2
2026-04-17,601318,11:01:41,58.0600,83,2
2026-04-17,601318,11:01:44,58.0700,42,1
2026-04-17,601318,11:01:47,58.0600,64,2
2026-04-17,601318,11:01:50,58.0600,18,2
2026-04-17,601318,11:01:53,58.0700,50,1
2026-04-17,601318,11:01:56,58.0600,100,2
2026-04-17,601318,11:01:59,58.0700,103,1
2026-04-17,601318,11:02:02,58.0600,108,2
2026-04-17,601318,11:02:05,58.0600,54,2
2026-04-17,601318,11:02:08,58.0600,16,2
2026-04-17,601318,11:02:11,58.0600,13,2
2026-04-17,601318,11:02:14,58.0600,47,2
2026-04-17,601318,11:02:17,58.0600,7,2
2026-04-17,601318,11:02:20,58.0600,274,2
2026-04-17,601318,11:02:23,58.0700,12,1
2026-04-17,601318,11:02:26,58.0700,16,2
2026-04-17,601318,11:02:29,58.0700,15,2
2026-04-17,601318,11:02:32,58.0800,141,1
2026-04-17,601318,11:02:35,58.0700,35,2
2026-04-17,601318,11:02:38,58.0700,41,2
2026-04-17,601318,11:02:41,58.0700,69,1
2026-04-17,601318,11:02:44,58.0900,103,1
2026-04-17,601318,11:02:47,58.0700,11,2
2026-04-17,601318,11:02:50,58.0800,131,1
2026-04-17,601318,11:02:53,58.1000,6,1
2026-04-17,601318,11:02:56,58.0900,57,1
2026-04-17,601318,11:02:59,58.1100,136,1
2026-04-17,601318,11:03:02,58.1200,94,1
2026-04-17,601318,11:03:05,58.1300,54,1
2026-04-17,601318,11:03:08,58.1200,99,2
2026-04-17,601318,11:03:11,58.1200,67,2
2026-04-17,601318,11:03:14,58.1400,36,1
2026-04-17,601318,11:03:17,58.1500,79,1
2026-04-17,601318,11:03:20,58.1400,342,2
2026-04-17,601318,11:03:23,58.1500,80,1
2026-04-17,601318,11:03:26,58.1500,1,1
2026-04-17,601318,11:03:29,58.1500,161,1
2026-04-17,601318,11:03:32,58.1500,48,1
2026-04-17,601318,11:03:35,58.1500,170,1
2026-04-17,601318,11:03:38,58.1400,25,2
2026-04-17,601318,11:03:41,58.1500,64,1
2026-04-17,601318,11:03:44,58.1500,50,1
2026-04-17,601318,11:03:47,58.1500,104,1
2026-04-17,601318,11:03:50,58.1500,10,1
2026-04-17,601318,11:03:53,58.1400,14,2
2026-04-17,601318,11:03:56,58.1400,18,2
2026-04-17,601318,11:03:59,58.1400,10,2
2026-04-17,601318,11:04:02,58.1400,83,2
2026-04-17,601318,11:04:05,58.1400,27,2
2026-04-17,601318,11:04:08,58.1400,19,2
2026-04-17,601318,11:04:11,58.1200,322,2
2026-04-17,601318,11:04:14,58.0900,288,2
2026-04-17,601318,11:04:17,58.0800,439,2
2026-04-17,601318,11:04:20,58.0700,155,2
2026-04-17,601318,11:04:23,58.0800,198,1
2026-04-17,601318,11:04:26,58.0900,6,1
2026-04-17,601318,11:04:29,58.0800,57,2
2026-04-17,601318,11:04:32,58.0900,9,2
2026-04-17,601318,11:04:35,58.0900,4,2
2026-04-17,601318,11:04:38,58.0900,53,2
2026-04-17,601318,11:04:41,58.1000,36,1
2026-04-17,601318,11:04:44,58.1000,17,2
2026-04-17,601318,11:04:47,58.0800,104,2
2026-04-17,601318,11:04:50,58.0700,35,2
2026-04-17,601318,11:04:53,58.0800,25,1
2026-04-17,601318,11:04:56,58.0800,85,1
2026-04-17,601318,11:04:59,58.0700,377,2
2026-04-17,601318,11:05:02,58.0700,50,1
2026-04-17,601318,11:05:05,58.1000,264,1
2026-04-17,601318,11:05:08,58.0800,47,1
2026-04-17,601318,11:05:11,58.0700,87,2
2026-04-17,601318,11:05:14,58.0800,32,4
2026-04-17,601318,11:05:17,58.0700,50,2
2026-04-17,601318,11:05:20,58.0700,188,1
2026-04-17,601318,11:05:23,58.0800,74,1
2026-04-17,601318,11:05:26,58.0800,86,1
2026-04-17,601318,11:05:29,58.0800,30,1
2026-04-17,601318,11:05:32,58.1100,1,1
2026-04-17,601318,11:05:35,58.1000,11,1
2026-04-17,601318,11:05:38,58.0900,7,4
2026-04-17,601318,11:05:41,58.0900,33,1
2026-04-17,601318,11:05:44,58.0900,111,1
2026-04-17,601318,11:05:47,58.0800,46,2
2026-04-17,601318,11:05:50,58.0900,16,1
2026-04-17,601318,11:05:53,58.0900,22,1
2026-04-17,601318,11:05:56,58.0900,38,1
2026-04-17,601318,11:05:59,58.0900,126,4
2026-04-17,601318,11:06:02,58.0900,44,1
2026-04-17,601318,11:06:05,58.0800,42,2
2026-04-17,601318,11:06:08,58.0900,70,2
2026-04-17,601318,11:06:11,58.0900,53,2
2026-04-17,601318,11:06:14,58.0800,254,2
2026-04-17,601318,11:06:17,58.0800,23,1
2026-04-17,601318,11:06:20,58.0900,233,1
2026-04-17,601318,11:06:23,58.0900,72,1
2026-04-17,601318,11:06:26,58.0800,21,2
2026-04-17,601318,11:06:29,58.1000,11,1
2026-04-17,601318,11:06:32,58.0600,885,2
2026-04-17,601318,11:06:35,58.0600,40,1
2026-04-17,601318,11:06:38,58.0700,16,1
2026-04-17,601318,11:06:41,58.0600,116,2
2026-04-17,601318,11:06:44,58.0700,31,1
2026-04-17,601318,11:06:47,58.1000,74,1
2026-04-17,601318,11:06:50,58.0700,15,2
2026-04-17,601318,11:06:53,58.0800,18,1
2026-04-17,601318,11:06:56,58.0600,35,2
2026-04-17,601318,11:06:59,58.0700,35,4
2026-04-17,601318,11:07:02,58.0800,26,4
2026-04-17,601318,11:07:05,58.0700,19,2
2026-04-17,601318,11:07:08,58.0800,8,4
2026-04-17,601318,11:07:11,58.0800,19,1
2026-04-17,601318,11:07:14,58.0800,2,1
2026-04-17,601318,11:07:17,58.0800,36,1
2026-04-17,601318,11:07:20,58.0700,36,2
2026-04-17,601318,11:07:23,58.0800,152,1
2026-04-17,601318,11:07:26,58.0700,51,2
2026-04-17,601318,11:07:29,58.0800,29,1
2026-04-17,601318,11:07:32,58.0800,22,1
2026-04-17,601318,11:07:35,58.0700,13,2
2026-04-17,601318,11:07:38,58.0700,8,2
2026-04-17,601318,11:07:41,58.0700,70,2
2026-04-17,601318,11:07:44,58.0700,31,2
2026-04-17,601318,11:07:47,58.0800,23,1
2026-04-17,601318,11:07:50,58.0700,31,2
2026-04-17,601318,11:07:53,58.0700,65,2
2026-04-17,601318,11:07:56,58.0800,23,1
2026-04-17,601318,11:07:59,58.0800,49,1
2026-04-17,601318,11:08:02,58.0800,140,1
2026-04-17,601318,11:08:05,58.0700,65,2
2026-04-17,601318,11:08:08,58.0700,107,2
2026-04-17,601318,11:08:11,58.0600,25,2
2026-04-17,601318,11:08:14,58.0600,5,2
2026-04-17,601318,11:08:17,58.0600,109,2
2026-04-17,601318,11:08:20,58.0600,47,2
2026-04-17,601318,11:08:23,58.0700,44,1
2026-04-17,601318,11:08:26,58.0600,19,2
2026-04-17,601318,11:08:29,58.0600,10,2
2026-04-17,601318,11:08:32,58.0600,64,2
2026-04-17,601318,11:08:35,58.0500,325,2
2026-04-17,601318,11:08:38,58.0700,65,4
2026-04-17,601318,11:08:41,58.0600,115,2
2026-04-17,601318,11:08:44,58.0500,33,2
2026-04-17,601318,11:08:47,58.0500,96,2
2026-04-17,601318,11:08:50,58.0600,102,1
2026-04-17,601318,11:08:53,58.0600,6,1
2026-04-17,601318,11:08:56,58.0600,79,1
2026-04-17,601318,11:08:59,58.0600,11,2
2026-04-17,601318,11:09:02,58.0700,85,1
2026-04-17,601318,11:09:05,58.0600,37,2
2026-04-17,601318,11:09:08,58.0600,93,2
2026-04-17,601318,11:09:11,58.0500,165,2
2026-04-17,601318,11:09:14,58.0600,117,1
2026-04-17,601318,11:09:17,58.0500,64,2
2026-04-17,601318,11:09:20,58.0600,67,1
2026-04-17,601318,11:09:26,58.0600,30,1
2026-04-17,601318,11:09:29,58.0600,94,1
2026-04-17,601318,11:09:32,58.0500,63,2
2026-04-17,601318,11:09:35,58.0600,85,4
2026-04-17,601318,11:09:38,58.0600,35,2
2026-04-17,601318,11:09:41,58.0600,41,2
2026-04-17,601318,11:09:44,58.0700,57,1
2026-04-17,601318,11:09:47,58.0600,54,2
2026-04-17,601318,11:09:50,58.0600,23,2
2026-04-17,601318,11:09:53,58.0600,23,1
2026-04-17,601318,11:09:56,58.0500,24,2
2026-04-17,601318,11:09:59,58.0500,162,2
2026-04-17,601318,11:10:02,58.0600,72,4
2026-04-17,601318,11:10:05,58.0600,7,1
2026-04-17,601318,11:10:08,58.0500,125,2
2026-04-17,601318,11:10:11,58.0600,22,2
2026-04-17,601318,11:10:14,58.0600,32,1
2026-04-17,601318,11:10:17,58.0500,113,2
2026-04-17,601318,11:10:20,58.0500,44,2
2026-04-17,601318,11:10:23,58.0500,21,2
2026-04-17,601318,11:10:26,58.0600,31,1
2026-04-17,601318,11:10:29,58.0500,226,2
2026-04-17,601318,11:10:32,58.0500,30,2
2026-04-17,601318,11:10:35,58.0500,63,2
2026-04-17,601318,11:10:38,58.0500,203,2
2026-04-17,601318,11:10:41,58.0600,80,1
2026-04-17,601318,11:10:44,58.0500,49,2
2026-04-17,601318,11:10:47,58.0500,105,2
2026-04-17,601318,11:10:50,58.0600,66,1
2026-04-17,601318,11:10:53,58.0500,162,2
2026-04-17,601318,11:10:56,58.0600,94,1
2026-04-17,601318,11:10:59,58.0500,144,2
2026-04-17,601318,11:11:02,58.0500,83,1
2026-04-17,601318,11:11:05,58.0400,44,2
2026-04-17,601318,11:11:08,58.0400,113,2
2026-04-17,601318,11:11:11,58.0400,43,2
2026-04-17,601318,11:11:14,58.0500,113,1
2026-04-17,601318,11:11:17,58.0500,65,1
2026-04-17,601318,11:11:20,58.0400,236,2
2026-04-17,601318,11:11:23,58.0500,50,1
2026-04-17,601318,11:11:26,58.0500,71,1
2026-04-17,601318,11:11:29,58.0400,23,2
2026-04-17,601318,11:11:32,58.0500,276,1
2026-04-17,601318,11:11:35,58.0500,11,1
2026-04-17,601318,11:11:38,58.0500,14,1
2026-04-17,601318,11:11:41,58.0500,157,1
2026-04-17,601318,11:11:44,58.0400,44,2
2026-04-17,601318,11:11:47,58.0500,30,1
2026-04-17,601318,11:11:50,58.0500,49,1
2026-04-17,601318,11:11:53,58.0500,16,2
2026-04-17,601318,11:11:56,58.0500,41,2
2026-04-17,601318,11:11:59,58.0500,121,2
2026-04-17,601318,11:12:02,58.0400,140,2
2026-04-17,601318,11:12:05,58.0400,110,2
2026-04-17,601318,11:12:08,58.0400,102,2
2026-04-17,601318,11:12:11,58.0600,98,1
2026-04-17,601318,11:12:14,58.0500,38,2
2026-04-17,601318,11:12:17,58.0400,33,2
2026-04-17,601318,11:12:20,58.0400,58,2
2026-04-17,601318,11:12:23,58.0400,39,2
2026-04-17,601318,11:12:26,58.0400,29,2
2026-04-17,601318,11:12:29,58.0400,63,2
2026-04-17,601318,11:12:32,58.0500,47,1
2026-04-17,601318,11:12:35,58.0400,537,2
2026-04-17,601318,11:12:38,58.0500,236,1
2026-04-17,601318,11:12:41,58.0300,233,2
2026-04-17,601318,11:12:44,58.0400,51,1
2026-04-17,601318,11:12:47,58.0300,34,2
2026-04-17,601318,11:12:50,58.0400,757,1
2026-04-17,601318,11:12:53,58.0300,62,2
2026-04-17,601318,11:12:56,58.0400,230,1
2026-04-17,601318,11:12:59,58.0300,2153,2
2026-04-17,601318,11:13:02,58.0200,551,2
2026-04-17,601318,11:13:05,58.0200,202,1
2026-04-17,601318,11:13:08,58.0200,150,1
2026-04-17,601318,11:13:11,58.0200,251,1
2026-04-17,601318,11:13:14,58.0100,129,2
2026-04-17,601318,11:13:17,58.0200,154,1
2026-04-17,601318,11:13:20,58.0100,1321,2
2026-04-17,601318,11:13:23,58.0100,331,2
2026-04-17,601318,11:13:26,58.0200,250,2
2026-04-17,601318,11:13:29,58.0200,215,2
2026-04-17,601318,11:13:32,58.0200,289,1
2026-04-17,601318,11:13:35,58.0200,553,1
2026-04-17,601318,11:13:38,58.0200,229,1
2026-04-17,601318,11:13:41,58.0200,104,1
2026-04-17,601318,11:13:44,58.0100,162,2
2026-04-17,601318,11:13:47,58.0200,133,1
2026-04-17,601318,11:13:50,58.0100,82,2
2026-04-17,601318,11:13:53,58.0200,39,1
2026-04-17,601318,11:13:56,58.0100,70,2
2026-04-17,601318,11:13:59,58.0200,31,1
2026-04-17,601318,11:14:02,58.0200,370,1
2026-04-17,601318,11:14:05,58.0100,93,2
2026-04-17,601318,11:14:08,58.0200,14,2
2026-04-17,601318,11:14:11,58.0100,38,2
2026-04-17,601318,11:14:14,58.0200,104,1
2026-04-17,601318,11:14:17,58.0200,155,1
2026-04-17,601318,11:14:20,58.0100,127,2
2026-04-17,601318,11:14:23,58.0200,369,1
2026-04-17,601318,11:14:26,58.0100,101,2
2026-04-17,601318,11:14:29,57.9500,13753,2
2026-04-17,601318,11:14:32,57.9400,3952,2
2026-04-17,601318,11:14:35,57.9400,871,1
2026-04-17,601318,11:14:38,57.9400,893,1
2026-04-17,601318,11:14:41,57.9300,223,2
2026-04-17,601318,11:14:44,57.9400,452,4
2026-04-17,601318,11:14:47,57.9300,331,2
2026-04-17,601318,11:14:50,57.9400,225,1
2026-04-17,601318,11:14:53,57.9400,234,2
2026-04-17,601318,11:14:56,57.9400,42,2
2026-04-17,601318,11:14:59,57.9400,118,1
2026-04-17,601318,11:15:02,57.9700,246,1
2026-04-17,601318,11:15:05,57.9500,125,2
2026-04-17,601318,11:15:08,57.9400,51,2
2026-04-17,601318,11:15:11,57.9400,78,2
2026-04-17,601318,11:15:14,57.9400,236,1
2026-04-17,601318,11:15:17,57.9400,89,1
2026-04-17,601318,11:15:20,57.9300,266,2
2026-04-17,601318,11:15:23,57.9300,744,1
2026-04-17,601318,11:15:26,57.9300,178,1
2026-04-17,601318,11:15:29,57.9200,525,2
2026-04-17,601318,11:15:32,57.9400,284,1
2026-04-17,601318,11:15:35,57.9400,403,1
2026-04-17,601318,11:15:38,57.9300,44,2
2026-04-17,601318,11:15:41,57.9300,211,4
2026-04-17,601318,11:15:44,57.9200,207,2
2026-04-17,601318,11:15:47,57.9400,109,1
2026-04-17,601318,11:15:50,57.9300,43,2
2026-04-17,601318,11:15:53,57.9300,35,2
2026-04-17,601318,11:15:56,57.9300,64,2
2026-04-17,601318,11:15:59,57.9400,52,1
2026-04-17,601318,11:16:02,57.9400,127,1
2026-04-17,601318,11:16:05,57.9400,230,1
2026-04-17,601318,11:16:08,57.9500,354,1
2026-04-17,601318,11:16:11,57.9500,34,2
2026-04-17,601318,11:16:14,57.9600,98,1
2026-04-17,601318,11:16:17,57.9600,92,1
2026-04-17,601318,11:16:20,57.9500,149,2
2026-04-17,601318,11:16:23,57.9500,124,2
2026-04-17,601318,11:16:26,57.9600,73,1
2026-04-17,601318,11:16:29,57.9700,15,1
2026-04-17,601318,11:16:32,57.9700,20,1
2026-04-17,601318,11:16:35,57.9600,86,2
2026-04-17,601318,11:16:38,57.9700,161,1
2026-04-17,601318,11:16:41,57.9700,50,1
2026-04-17,601318,11:16:44,57.9700,56,2
2026-04-17,601318,11:16:47,57.9700,52,2
2026-04-17,601318,11:16:50,57.9800,17,1
2026-04-17,601318,11:16:53,57.9700,20,2
2026-04-17,601318,11:16:56,57.9800,149,1
2026-04-17,601318,11:16:59,57.9800,166,2
2026-04-17,601318,11:17:02,57.9900,51,1
2026-04-17,601318,11:17:05,57.9700,118,2
2026-04-17,601318,11:17:08,57.9800,45,1
2026-04-17,601318,11:17:11,57.9800,163,1
2026-04-17,601318,11:17:14,57.9700,148,2
2026-04-17,601318,11:17:17,57.9700,158,2
2026-04-17,601318,11:17:20,57.9800,129,1
2026-04-17,601318,11:17:23,57.9700,11,1
2026-04-17,601318,11:17:26,57.9700,54,1
2026-04-17,601318,11:17:29,57.9600,61,2
2026-04-17,601318,11:17:32,57.9600,496,2
2026-04-17,601318,11:17:35,57.9600,131,1
2026-04-17,601318,11:17:38,57.9500,505,2
2026-04-17,601318,11:17:41,57.9500,287,2
2026-04-17,601318,11:17:44,57.9400,181,2
2026-04-17,601318,11:17:47,57.9500,93,1
2026-04-17,601318,11:17:50,57.9300,355,2
2026-04-17,601318,11:17:53,57.9400,106,1
2026-04-17,601318,11:17:56,57.9400,43,1
2026-04-17,601318,11:17:59,57.9400,54,1
2026-04-17,601318,11:18:02,57.9200,219,2
2026-04-17,601318,11:18:05,57.9300,243,1
2026-04-17,601318,11:18:08,57.9300,77,1
2026-04-17,601318,11:18:11,57.9300,241,1
2026-04-17,601318,11:18:14,57.9300,28,2
2026-04-17,601318,11:18:17,57.9300,37,2
2026-04-17,601318,11:18:20,57.9300,80,2
2026-04-17,601318,11:18:23,57.9300,19,2
2026-04-17,601318,11:18:26,57.9400,23,1
2026-04-17,601318,11:18:29,57.9400,25,1
2026-04-17,601318,11:18:32,57.9400,32,1
2026-04-17,601318,11:18:35,57.9300,31,2
2026-04-17,601318,11:18:38,57.9300,42,2
2026-04-17,601318,11:18:41,57.9400,93,1
2026-04-17,601318,11:18:44,57.9300,149,2
2026-04-17,601318,11:18:47,57.9400,99,1
2026-04-17,601318,11:18:50,57.9400,179,1
2026-04-17,601318,11:18:53,57.9400,118,2
2026-04-17,601318,11:18:56,57.9500,16,1
2026-04-17,601318,11:18:59,57.9400,86,2
2026-04-17,601318,11:19:02,57.9500,31,1
2026-04-17,601318,11:19:05,57.9400,102,2
2026-04-17,601318,11:19:08,57.9400,61,2
2026-04-17,601318,11:19:11,57.9500,31,1
2026-04-17,601318,11:19:14,57.9400,92,2
2026-04-17,601318,11:19:17,57.9400,90,2
2026-04-17,601318,11:19:20,57.9500,27,2
2026-04-17,601318,11:19:23,57.9600,37,1
2026-04-17,601318,11:19:26,57.9500,8,2
2026-04-17,601318,11:19:29,57.9500,143,1
2026-04-17,601318,11:19:32,57.9400,99,2
2026-04-17,601318,11:19:35,57.9400,278,2
2026-04-17,601318,11:19:38,57.9500,224,1
2026-04-17,601318,11:19:41,57.9300,115,2
2026-04-17,601318,11:19:44,57.9400,33,2
2026-04-17,601318,11:19:47,57.9400,161,1
2026-04-17,601318,11:19:50,57.9400,98,1
2026-04-17,601318,11:19:53,57.9400,78,1
2026-04-17,601318,11:19:56,57.9600,120,1
2026-04-17,601318,11:19:59,57.9800,230,1
2026-04-17,601318,11:20:02,57.9800,12,2
2026-04-17,601318,11:20:05,57.9700,16,4
2026-04-17,601318,11:20:08,57.9700,1,4
2026-04-17,601318,11:20:14,57.9600,11,2
2026-04-17,601318,11:20:17,57.9700,39,1
2026-04-17,601318,11:20:20,57.9600,123,2
2026-04-17,601318,11:20:23,57.9500,102,2
2026-04-17,601318,11:20:26,57.9600,165,1
2026-04-17,601318,11:20:29,57.9600,191,1
2026-04-17,601318,11:20:32,57.9700,65,1
2026-04-17,601318,11:20:35,57.9700,13,1
