date,code,time,price,volume,bs
2026-01-28,000858,14:06:39,101.4500,62,2
2026-01-28,000858,14:06:42,101.4500,64,2
2026-01-28,000858,14:06:45,101.4600,18,1
2026-01-28,000858,14:06:48,101.4500,72,2
2026-01-28,000858,14:06:51,101.4500,10,2
2026-01-28,000858,14:06:54,101.4200,325,2
2026-01-28,000858,14:06:57,101.3800,283,2
2026-01-28,000858,14:07:00,101.3700,23,2
2026-01-28,000858,14:07:03,101.3000,92,2
2026-01-28,000858,14:07:06,101.3000,38,2
2026-01-28,000858,14:07:09,101.3200,75,2
2026-01-28,000858,14:07:12,101.3100,24,2
2026-01-28,000858,14:07:15,101.3100,13,1
2026-01-28,000858,14:07:18,101.3100,67,1
2026-01-28,000858,14:07:21,101.3000,10,2
2026-01-28,000858,14:07:24,101.3200,47,1
2026-01-28,000858,14:07:27,101.3100,36,2
2026-01-28,000858,14:07:30,101.3100,21,2
2026-01-28,000858,14:07:33,101.3300,16,4
2026-01-28,000858,14:07:36,101.3500,68,1
2026-01-28,000858,14:07:39,101.3500,11,2
2026-01-28,000858,14:07:42,101.3500,18,2
2026-01-28,000858,14:07:45,101.3500,18,2
2026-01-28,000858,14:07:48,101.3600,8,1
2026-01-28,000858,14:07:51,101.3600,6,1
2026-01-28,000858,14:07:54,101.3600,20,1
2026-01-28,000858,14:07:57,101.3600,17,1
2026-01-28,000858,14:08:00,101.3500,51,2
2026-01-28,000858,14:08:03,101.3500,120,1
2026-01-28,000858,14:08:06,101.3700,8,1
2026-01-28,000858,14:08:09,101.3600,12,2
2026-01-28,000858,14:08:12,101.3700,27,1
2026-01-28,000858,14:08:15,101.3700,19,1
2026-01-28,000858,14:08:18,101.3700,19,1
2026-01-28,000858,14:08:21,101.3700,63,1
2026-01-28,000858,14:08:24,101.3700,16,1
2026-01-28,000858,14:08:27,101.3700,18,1
2026-01-28,000858,14:08:30,101.3700,19,1
2026-01-28,000858,14:08:33,101.3700,40,2
2026-01-28,000858,14:08:36,101.3500,40,2
2026-01-28,000858,14:08:39,101.3600,21,1
2026-01-28,000858,14:08:42,101.3600,2,4
2026-01-28,000858,14:08:45,101.3700,1,1
2026-01-28,000858,14:08:48,101.3600,4,2
2026-01-28,000858,14:08:51,101.3700,23,1
2026-01-28,000858,14:08:54,101.3600,10,2
2026-01-28,000858,14:08:57,101.3600,7,2
2026-01-28,000858,14:09:00,101.3600,17,2
2026-01-28,000858,14:09:03,101.3700,19,1
2026-01-28,000858,14:09:06,101.3800,8,1
2026-01-28,000858,14:09:09,101.3700,17,2
2026-01-28,000858,14:09:12,101.3700,1,2
2026-01-28,000858,14:09:15,101.3700,78,2
2026-01-28,000858,14:09:18,101.3700,16,1
2026-01-28,000858,14:09:21,101.3700,20,2
2026-01-28,000858,14:09:24,101.3700,2,2
2026-01-28,000858,14:09:27,101.3700,11,2
2026-01-28,000858,14:09:30,101.3800,33,1
2026-01-28,000858,14:09:33,101.3900,27,1
2026-01-28,000858,14:09:36,101.4000,7,1
2026-01-28,000858,14:09:39,101.4000,15,1
2026-01-28,000858,14:09:42,101.4000,16,2
2026-01-28,000858,14:09:45,101.4000,16,2
2026-01-28,000858,14:09:48,101.4100,19,1
2026-01-28,000858,14:09:51,101.4100,17,2
2026-01-28,000858,14:09:54,101.4500,20,1
2026-01-28,000858,14:09:57,101.4300,9,4
2026-01-28,000858,14:10:00,101.4100,33,2
2026-01-28,000858,14:10:03,101.4300,34,1
2026-01-28,000858,14:10:06,101.4300,8,1
2026-01-28,000858,14:10:09,101.4300,45,1
2026-01-28,000858,14:10:12,101.3800,45,2
2026-01-28,000858,14:10:15,101.3900,277,2
2026-01-28,000858,14:10:18,101.3800,26,2
2026-01-28,000858,14:10:21,101.3800,37,1
2026-01-28,000858,14:10:24,101.4000,10,1
2026-01-28,000858,14:10:27,101.4100,2,1
2026-01-28,000858,14:10:30,101.4300,52,1
2026-01-28,000858,14:10:33,101.4200,8,2
2026-01-28,000858,14:10:36,101.4100,64,2
2026-01-28,000858,14:10:39,101.4200,10,1
2026-01-28,000858,14:10:42,101.4200,9,1
2026-01-28,000858,14:10:45,101.4200,1,1
2026-01-28,000858,14:10:48,101.4100,4,1
2026-01-28,000858,14:10:51,101.4100,11,1
2026-01-28,000858,14:10:54,101.3800,21,2
2026-01-28,000858,14:10:57,101.4000,8,1
2026-01-28,000858,14:11:00,101.4000,8,1
2026-01-28,000858,14:11:03,101.4000,5,2
2026-01-28,000858,14:11:06,101.4100,44,1
2026-01-28,000858,14:11:09,101.4000,6,2
2026-01-28,000858,14:11:12,101.4000,27,2
2026-01-28,000858,14:11:15,101.4100,62,1
2026-01-28,000858,14:11:18,101.4100,38,1
2026-01-28,000858,14:11:21,101.3900,3,1
2026-01-28,000858,14:11:24,101.3800,26,2
2026-01-28,000858,14:11:27,101.3700,7,2
2026-01-28,000858,14:11:30,101.3700,11,2
2026-01-28,000858,14:11:33,101.3500,113,2
2026-01-28,000858,14:11:36,101.3700,75,1
2026-01-28,000858,14:11:39,101.3700,107,1
2026-01-28,000858,14:11:42,101.3900,23,1
2026-01-28,000858,14:11:45,101.3700,3,2
2026-01-28,000858,14:11:48,101.3600,10,2
2026-01-28,000858,14:11:51,101.3800,3,2
2026-01-28,000858,14:11:54,101.3700,17,2
2026-01-28,000858,14:11:57,101.3700,10,2
2026-01-28,000858,14:12:00,101.3800,6,2
2026-01-28,000858,14:12:03,101.3800,34,1
2026-01-28,000858,14:12:06,101.3800,9,1
2026-01-28,000858,14:12:09,101.3800,49,1
2026-01-28,000858,14:12:12,101.3800,41,1
2026-01-28,000858,14:12:15,101.3700,189,2
2026-01-28,000858,14:12:18,101.3700,26,1
2026-01-28,000858,14:12:21,101.3600,18,2
2026-01-28,000858,14:12:24,101.3700,30,1
2026-01-28,000858,14:12:27,101.3700,42,2
2026-01-28,000858,14:12:30,101.3700,1,2
2026-01-28,000858,14:12:33,101.3600,81,2
2026-01-28,000858,14:12:36,101.3600,29,2
2026-01-28,000858,14:12:39,101.4000,19,1
2026-01-28,000858,14:12:42,101.4000,9,1
2026-01-28,000858,14:12:45,101.4000,67,1
2026-01-28,000858,14:12:48,101.4000,12,2
2026-01-28,000858,14:12:51,101.4000,2,2
2026-01-28,000858,14:12:54,101.4100,3,1
2026-01-28,000858,14:12:57,101.4100,21,1
2026-01-28,000858,14:13:00,101.4100,52,2
2026-01-28,000858,14:13:03,101.4100,11,1
2026-01-28,000858,14:13:09,101.4100,10,1
2026-01-28,000858,14:13:12,101.4200,86,1
2026-01-28,000858,14:13:15,101.4000,11,2
2026-01-28,000858,14:13:18,101.4100,1,1
2026-01-28,000858,14:13:21,101.4200,7,1
2026-01-28,000858,14:13:24,101.4100,92,2
2026-01-28,000858,14:13:27,101.4100,33,2
2026-01-28,000858,14:13:30,101.4200,4,1
2026-01-28,000858,14:13:33,101.4200,5,1
2026-01-28,000858,14:13:36,101.4200,80,1
2026-01-28,000858,14:13:39,101.4000,78,2
2026-01-28,000858,14:13:42,101.3900,8,2
2026-01-28,000858,14:13:45,101.4000,5,1
2026-01-28,000858,14:13:48,101.4100,5,1
2026-01-28,000858,14:13:51,101.4000,5,4
2026-01-28,000858,14:13:54,101.4000,75,2
2026-01-28,000858,14:13:57,101.3900,22,2
2026-01-28,000858,14:14:00,101.4000,20,1
2026-01-28,000858,14:14:03,101.4000,7,1
2026-01-28,000858,14:14:06,101.4000,4,1
2026-01-28,000858,14:14:09,101.3800,82,2
2026-01-28,000858,14:14:12,101.3900,23,1
2026-01-28,000858,14:14:15,101.4000,2,1
2026-01-28,000858,14:14:18,101.3900,49,2
2026-01-28,000858,14:14:21,101.3900,21,2
2026-01-28,000858,14:14:24,101.4000,28,1
2026-01-28,000858,14:14:27,101.3900,12,2
2026-01-28,000858,14:14:30,101.4000,87,1
2026-01-28,000858,14:14:33,101.4100,79,1
2026-01-28,000858,14:14:36,101.4200,76,1
2026-01-28,000858,14:14:39,101.4100,82,2
2026-01-28,000858,14:14:42,101.4200,20,1
2026-01-28,000858,14:14:45,101.4300,9,1
2026-01-28,000858,14:14:48,101.4200,3,2
2026-01-28,000858,14:14:51,101.4200,4,2
2026-01-28,000858,14:14:54,101.4300,59,1
2026-01-28,000858,14:14:57,101.4200,86,2
2026-01-28,000858,14:15:00,101.4300,25,1
2026-01-28,000858,14:15:03,101.4300,6,1
2026-01-28,000858,14:15:06,101.4300,11,1
2026-01-28,000858,14:15:09,101.4300,82,1
2026-01-28,000858,14:15:12,101.4200,52,2
2026-01-28,000858,14:15:15,101.4200,3,2
2026-01-28,000858,14:15:18,101.4200,29,2
2026-01-28,000858,14:15:21,101.4200,56,2
2026-01-28,000858,14:15:24,101.4200,51,4
2026-01-28,000858,14:15:27,101.4000,6,2
2026-01-28,000858,14:15:30,101.4100,3,1
2026-01-28,000858,14:15:33,101.4200,17,1
2026-01-28,000858,14:15:36,101.4200,28,1
2026-01-28,000858,14:15:39,101.4200,19,2
2026-01-28,000858,14:15:42,101.4100,42,2
2026-01-28,000858,14:15:45,101.4100,44,2
2026-01-28,000858,14:15:48,101.4000,289,2
2026-01-28,000858,14:15:51,101.3900,66,2
2026-01-28,000858,14:15:54,101.3900,21,1
2026-01-28,000858,14:16:03,101.3900,31,2
2026-01-28,000858,14:16:06,101.3900,29,2
2026-01-28,000858,14:16:09,101.3900,8,2
2026-01-28,000858,14:16:12,101.3900,75,2
2026-01-28,000858,14:16:15,101.3900,21,2
2026-01-28,000858,14:16:18,101.3900,4,2
2026-01-28,000858,14:16:21,101.3900,77,2
2026-01-28,000858,14:16:24,101.3900,47,4
2026-01-28,000858,14:16:27,101.3900,10,1
2026-01-28,000858,14:16:30,101.3800,18,2
2026-01-28,000858,14:16:33,101.3900,13,1
2026-01-28,000858,14:16:36,101.3900,18,1
2026-01-28,000858,14:16:39,101.3800,104,4
2026-01-28,000858,14:16:42,101.3800,24,1
2026-01-28,000858,14:16:45,101.3900,13,1
2026-01-28,000858,14:16:48,101.3600,22,2
2026-01-28,000858,14:16:51,101.3800,25,1
2026-01-28,000858,14:16:54,101.3500,40,2
2026-01-28,000858,14:16:57,101.3600,71,1
2026-01-28,000858,14:17:00,101.3300,27,2
2026-01-28,000858,14:17:03,101.3600,8,1
2026-01-28,000858,14:17:06,101.3300,3,2
2026-01-28,000858,14:17:09,101.3300,18,2
2026-01-28,000858,14:17:12,101.3600,63,1
2026-01-28,000858,14:17:15,101.3300,13,2
2026-01-28,000858,14:17:18,101.3400,81,1
2026-01-28,000858,14:17:21,101.3300,18,2
2026-01-28,000858,14:17:24,101.3600,14,1
2026-01-28,000858,14:17:27,101.3300,9,2
2026-01-28,000858,14:17:30,101.3300,13,2
2026-01-28,000858,14:17:33,101.3300,17,2
2026-01-28,000858,14:17:36,101.3200,23,2
2026-01-28,000858,14:17:39,101.3200,111,2
2026-01-28,000858,14:17:42,101.3300,21,1
2026-01-28,000858,14:17:45,101.3200,8,2
2026-01-28,000858,14:17:48,101.3200,4,2
2026-01-28,000858,14:17:54,101.3200,55,2
2026-01-28,000858,14:17:57,101.3200,42,2
2026-01-28,000858,14:18:00,101.3200,4,1
2026-01-28,000858,14:18:03,101.3200,2,1
2026-01-28,000858,14:18:06,101.3000,63,2
2026-01-28,000858,14:18:09,101.3100,25,1
2026-01-28,000858,14:18:12,101.3100,162,1
2026-01-28,000858,14:18:15,101.3000,33,2
2026-01-28,000858,14:18:18,101.3000,22,1
2026-01-28,000858,14:18:21,101.2900,6,4
2026-01-28,000858,14:18:24,101.2900,3,4
2026-01-28,000858,14:18:27,101.2800,55,2
2026-01-28,000858,14:18:30,101.2800,24,4
2026-01-28,000858,14:18:33,101.2700,8,4
2026-01-28,000858,14:18:36,101.2600,24,2
2026-01-28,000858,14:18:39,101.2700,4,1
2026-01-28,000858,14:18:42,101.2700,21,2
2026-01-28,000858,14:18:45,101.2700,28,1
2026-01-28,000858,14:18:48,101.2700,15,2
2026-01-28,000858,14:18:51,101.2800,22,1
2026-01-28,000858,14:18:54,101.2800,20,1
2026-01-28,000858,14:18:57,101.2800,29,2
2026-01-28,000858,14:19:00,101.3000,32,1
2026-01-28,000858,14:19:03,101.3000,59,1
2026-01-28,000858,14:19:06,101.3000,16,1
2026-01-28,000858,14:19:09,101.3000,20,1
2026-01-28,000858,14:19:12,101.2900,28,2
2026-01-28,000858,14:19:15,101.3100,16,1
2026-01-28,000858,14:19:21,101.3100,38,1
2026-01-28,000858,14:19:24,101.3300,109,1
2026-01-28,000858,14:19:27,101.2900,11,2
2026-01-28,000858,14:19:30,101.3200,46,2
2026-01-28,000858,14:19:33,101.2900,15,2
2026-01-28,000858,14:19:36,101.3100,28,1
2026-01-28,000858,14:19:39,101.3200,26,1
2026-01-28,000858,14:19:42,101.3000,13,2
2026-01-28,000858,14:19:45,101.3000,29,2
2026-01-28,000858,14:19:48,101.3200,12,1
2026-01-28,000858,14:19:51,101.3100,9,1
2026-01-28,000858,14:19:54,101.3000,7,2
2026-01-28,000858,14:19:57,101.3000,21,2
2026-01-28,000858,14:20:00,101.3000,11,2
2026-01-28,000858,14:20:03,101.3200,6,1
2026-01-28,000858,14:20:06,101.3200,11,1
2026-01-28,000858,14:20:09,101.3100,2,2
2026-01-28,000858,14:20:12,101.3200,5,1
2026-01-28,000858,14:20:15,101.3100,33,2
2026-01-28,000858,14:20:18,101.3200,40,1
2026-01-28,000858,14:20:21,101.3100,16,2
2026-01-28,000858,14:20:24,101.3100,22,1
2026-01-28,000858,14:20:27,101.3100,12,1
2026-01-28,000858,14:20:30,101.3100,17,2
2026-01-28,000858,14:20:33,101.3000,151,2
2026-01-28,000858,14:20:36,101.2900,20,2
2026-01-28,000858,14:20:39,101.2900,86,2
2026-01-28,000858,14:20:42,101.2800,114,2
2026-01-28,000858,14:20:45,101.2800,16,1
2026-01-28,000858,14:20:51,101.2800,11,1
2026-01-28,000858,14:20:54,101.2700,56,2
2026-01-28,000858,14:20:57,101.2800,10,1
2026-01-28,000858,14:21:00,101.2800,2,1
2026-01-28,000858,14:21:03,101.3000,47,1
2026-01-28,000858,14:21:06,101.2700,84,2
2026-01-28,000858,14:21:09,101.2700,8,2
2026-01-28,000858,14:21:12,101.2700,35,2
2026-01-28,000858,14:21:15,101.3000,8,1
2026-01-28,000858,14:21:18,101.2800,42,2
2026-01-28,000858,14:21:21,101.2800,13,2
2026-01-28,000858,14:21:24,101.2800,6,1
2026-01-28,000858,14:21:27,101.2700,3,2
2026-01-28,000858,14:21:30,101.2800,4,1
2026-01-28,000858,14:21:33,101.3000,14,1
2026-01-28,000858,14:21:36,101.2800,9,2
2026-01-28,000858,14:21:39,101.2700,34,2
2026-01-28,000858,14:21:42,101.2800,8,1
2026-01-28,000858,14:21:45,101.2800,101,1
2026-01-28,000858,14:21:48,101.2800,10,1
2026-01-28,000858,14:21:51,101.2700,7,4
2026-01-28,000858,14:21:54,101.2800,24,1
2026-01-28,000858,14:21:57,101.2800,17,1
2026-01-28,000858,14:22:00,101.2800,22,2
2026-01-28,000858,14:22:03,101.2800,3,2
2026-01-28,000858,14:22:06,101.2900,25,1
2026-01-28,000858,14:22:09,101.2800,28,2
2026-01-28,000858,14:22:12,101.2700,64,2
2026-01-28,000858,14:22:15,101.2700,119,2
2026-01-28,000858,14:22:18,101.2600,30,2
2026-01-28,000858,14:22:21,101.2700,2,1
2026-01-28,000858,14:22:24,101.2700,26,1
2026-01-28,000858,14:22:27,101.2500,15,2
2026-01-28,000858,14:22:36,101.2600,11,1
2026-01-28,000858,14:22:39,101.2600,5,1
2026-01-28,000858,14:22:42,101.2500,146,2
2026-01-28,000858,14:22:45,101.2500,8,1
2026-01-28,000858,14:22:48,101.2400,19,2
2026-01-28,000858,14:22:51,101.2500,3,1
2026-01-28,000858,14:22:54,101.2500,30,1
2026-01-28,000858,14:22:57,101.2500,5,1
2026-01-28,000858,14:23:00,101.2400,17,2
2026-01-28,000858,14:23:03,101.2500,31,1
2026-01-28,000858,14:23:06,101.2400,19,2
2026-01-28,000858,14:23:09,101.2500,15,1
2026-01-28,000858,14:23:12,101.2500,1,1
2026-01-28,000858,14:23:15,101.2400,42,2
2026-01-28,000858,14:23:18,101.2400,42,2
2026-01-28,000858,14:23:21,101.2400,8,1
2026-01-28,000858,14:23:24,101.2400,6,1
2026-01-28,000858,14:23:27,101.2400,13,1
2026-01-28,000858,14:23:30,101.2400,19,1
2026-01-28,000858,14:23:33,101.2300,9,2
2026-01-28,000858,14:23:36,101.2300,9,1
2026-01-28,000858,14:23:42,101.2200,10,2
2026-01-28,000858,14:23:45,101.2200,29,2
2026-01-28,000858,14:23:48,101.2200,3,2
2026-01-28,000858,14:23:51,101.2300,96,1
2026-01-28,000858,14:23:54,101.2100,16,2
2026-01-28,000858,14:23:57,101.2100,19,2
2026-01-28,000858,14:24:00,101.2100,7,2
2026-01-28,000858,14:24:03,101.2100,8,2
2026-01-28,000858,14:24:06,101.2100,50,2
2026-01-28,000858,14:24:09,101.2100,60,2
2026-01-28,000858,14:24:12,101.2100,29,2
2026-01-28,000858,14:24:15,101.2100,7,2
2026-01-28,000858,14:24:18,101.2100,28,2
2026-01-28,000858,14:24:21,101.2100,13,2
2026-01-28,000858,14:24:24,101.2100,21,2
2026-01-28,000858,14:24:27,101.2100,11,2
2026-01-28,000858,14:24:30,101.2200,2,1
2026-01-28,000858,14:24:33,101.2100,16,2
2026-01-28,000858,14:24:36,101.2100,34,2
2026-01-28,000858,14:24:39,101.2100,12,1
2026-01-28,000858,14:24:42,101.2100,25,1
2026-01-28,000858,14:24:45,101.2100,31,4
2026-01-28,000858,14:24:48,101.2100,5,2
2026-01-28,000858,14:24:51,101.2100,43,2
2026-01-28,000858,14:24:54,101.2100,46,2
2026-01-28,000858,14:24:57,101.2200,20,1
2026-01-28,000858,14:25:00,101.2200,2,1
2026-01-28,000858,14:25:03,101.2100,13,2
2026-01-28,000858,14:25:06,101.2100,17,2
2026-01-28,000858,14:25:09,101.2100,18,2
2026-01-28,000858,14:25:12,101.2100,7,2
2026-01-28,000858,14:25:15,101.2100,3,2
2026-01-28,000858,14:25:18,101.2100,30,2
2026-01-28,000858,14:25:21,101.2100,14,2
2026-01-28,000858,14:25:24,101.2100,33,2
2026-01-28,000858,14:25:27,101.2200,15,1
2026-01-28,000858,14:25:30,101.2100,41,2
2026-01-28,000858,14:25:33,101.2100,22,2
2026-01-28,000858,14:25:36,101.2200,34,1
2026-01-28,000858,14:25:39,101.2200,7,1
2026-01-28,000858,14:25:42,101.2100,29,2
2026-01-28,000858,14:25:45,101.2200,38,1
2026-01-28,000858,14:25:48,101.2200,8,1
2026-01-28,000858,14:25:51,101.2200,3,1
2026-01-28,000858,14:25:54,101.2200,7,1
2026-01-28,000858,14:25:57,101.2100,16,2
2026-01-28,000858,14:26:00,101.2200,17,1
2026-01-28,000858,14:26:03,101.2100,19,2
2026-01-28,000858,14:26:06,101.2100,15,2
2026-01-28,000858,14:26:09,101.2100,48,2
2026-01-28,000858,14:26:12,101.2200,23,1
2026-01-28,000858,14:26:15,101.2200,18,1
2026-01-28,000858,14:26:18,101.2100,14,2
2026-01-28,000858,14:26:21,101.2200,10,1
2026-01-28,000858,14:26:24,101.2200,46,1
2026-01-28,000858,14:26:27,101.2200,14,1
2026-01-28,000858,14:26:30,101.2200,46,1
2026-01-28,000858,14:26:33,101.2100,19,2
2026-01-28,000858,14:26:36,101.2300,167,1
2026-01-28,000858,14:26:39,101.2300,147,1
2026-01-28,000858,14:26:42,101.2300,30,2
2026-01-28,000858,14:26:45,101.2400,50,1
2026-01-28,000858,14:26:48,101.2500,32,1
2026-01-28,000858,14:26:51,101.2400,3,2
2026-01-28,000858,14:26:54,101.2400,31,2
2026-01-28,000858,14:26:57,101.2500,19,1
2026-01-28,000858,14:27:00,101.2500,5,1
2026-01-28,000858,14:27:03,101.2500,17,1
2026-01-28,000858,14:27:06,101.2500,162,1
2026-01-28,000858,14:27:09,101.2500,90,1
2026-01-28,000858,14:27:12,101.2500,23,2
2026-01-28,000858,14:27:15,101.2700,18,1
2026-01-28,000858,14:27:18,101.2500,237,2
2026-01-28,000858,14:27:21,101.2400,86,2
2026-01-28,000858,14:27:24,101.2500,17,1
2026-01-28,000858,14:27:27,101.2500,7,1
2026-01-28,000858,14:27:30,101.2500,21,1
2026-01-28,000858,14:27:33,101.2600,18,1
2026-01-28,000858,14:27:36,101.2500,11,2
2026-01-28,000858,14:27:39,101.2500,4,2
2026-01-28,000858,14:27:42,101.2500,14,2
2026-01-28,000858,14:27:45,101.2600,3,4
2026-01-28,000858,14:27:48,101.2600,21,2
2026-01-28,000858,14:27:51,101.2600,15,2
2026-01-28,000858,14:27:54,101.2600,17,2
2026-01-28,000858,14:27:57,101.2600,5,2
2026-01-28,000858,14:28:00,101.2700,28,1
2026-01-28,000858,14:28:03,101.2500,198,2
2026-01-28,000858,14:28:06,101.2600,28,1
2026-01-28,000858,14:28:09,101.2400,102,2
2026-01-28,000858,14:28:12,101.2600,77,1
2026-01-28,000858,14:28:15,101.2300,34,2
2026-01-28,000858,14:28:18,101.2300,15,2
2026-01-28,000858,14:28:21,101.2300,43,2
2026-01-28,000858,14:28:24,101.2600,8,1
2026-01-28,000858,14:28:27,101.2600,7,1
2026-01-28,000858,14:28:30,101.2200,27,2
2026-01-28,000858,14:28:33,101.2200,8,2
2026-01-28,000858,14:28:36,101.2700,99,1
2026-01-28,000858,14:28:39,101.2300,26,2
2026-01-28,000858,14:28:42,101.2800,20,1
2026-01-28,000858,14:28:45,101.2800,18,1
2026-01-28,000858,14:28:48,101.2800,10,1
2026-01-28,000858,14:28:51,101.2200,27,2
2026-01-28,000858,14:28:54,101.2400,8,1
2026-01-28,000858,14:28:57,101.2300,20,2
2026-01-28,000858,14:29:00,101.2200,22,2
2026-01-28,000858,14:29:03,101.2500,2,1
2026-01-28,000858,14:29:06,101.2500,38,2
2026-01-28,000858,14:29:09,101.2400,23,2
2026-01-28,000858,14:29:12,101.2200,23,2
2026-01-28,000858,14:29:15,101.2200,30,2
2026-01-28,000858,14:29:18,101.2300,62,2
2026-01-28,000858,14:29:21,101.2300,21,1
2026-01-28,000858,14:29:24,101.3000,29,1
2026-01-28,000858,14:29:27,101.2300,35,2
2026-01-28,000858,14:29:30,101.2300,44,2
2026-01-28,000858,14:29:33,101.2300,17,2
2026-01-28,000858,14:29:36,101.2200,34,2
2026-01-28,000858,14:29:39,101.2300,14,2
2026-01-28,000858,14:29:42,101.2300,5,2
2026-01-28,000858,14:29:45,101.2900,2,1
2026-01-28,000858,14:29:48,101.2300,78,2
2026-01-28,000858,14:29:51,101.2200,41,2
2026-01-28,000858,14:29:54,101.2300,20,4
2026-01-28,000858,14:29:57,101.2800,6,1
2026-01-28,000858,14:30:00,101.2900,2,1
2026-01-28,000858,14:30:03,101.2500,8,2
2026-01-28,000858,14:30:06,101.2400,40,2
2026-01-28,000858,14:30:09,101.2300,75,2
2026-01-28,000858,14:30:12,101.2300,23,2
2026-01-28,000858,14:30:15,101.2500,8,1
2026-01-28,000858,14:30:18,101.2300,331,2
2026-01-28,000858,14:30:21,101.2300,14,1
2026-01-28,000858,14:30:24,101.2200,3,2
2026-01-28,000858,14:30:27,101.2200,32,2
2026-01-28,000858,14:30:30,101.2200,1,2
2026-01-28,000858,14:30:33,101.2200,40,4
2026-01-28,000858,14:30:36,101.2200,5,2
2026-01-28,000858,14:30:39,101.2200,22,4
2026-01-28,000858,14:30:42,101.2200,5,1
2026-01-28,000858,14:30:45,101.2100,109,2
2026-01-28,000858,14:30:48,101.2100,7,2
2026-01-28,000858,14:30:51,101.2200,2,2
2026-01-28,000858,14:30:54,101.2300,11,1
2026-01-28,000858,14:30:57,101.2300,8,1
2026-01-28,000858,14:31:00,101.2300,77,1
2026-01-28,000858,14:31:03,101.2100,20,2
2026-01-28,000858,14:31:06,101.2200,5,2
2026-01-28,000858,14:31:09,101.2000,25,2
2026-01-28,000858,14:31:12,101.2000,287,2
2026-01-28,000858,14:31:15,101.2000,60,2
2026-01-28,000858,14:31:18,101.1800,23,2
2026-01-28,000858,14:31:21,101.2000,14,1
2026-01-28,000858,14:31:24,101.2100,29,1
2026-01-28,000858,14:31:27,101.2000,57,2
2026-01-28,000858,14:31:30,101.1700,198,2
2026-01-28,000858,14:31:33,101.1800,10,2
2026-01-28,000858,14:31:36,101.2000,4,1
2026-01-28,000858,14:31:39,101.2200,1,1
2026-01-28,000858,14:31:42,101.2000,42,2
2026-01-28,000858,14:31:45,101.2100,4,2
2026-01-28,000858,14:31:48,101.1800,38,2
2026-01-28,000858,14:31:51,101.1900,21,1
2026-01-28,000858,14:31:54,101.2100,20,1
2026-01-28,000858,14:31:57,101.2000,2,1
2026-01-28,000858,14:32:00,101.2100,7,1
2026-01-28,000858,14:32:03,101.2000,6,2
2026-01-28,000858,14:32:06,101.2200,13,1
2026-01-28,000858,14:32:09,101.2200,15,1
2026-01-28,000858,14:32:12,101.2200,16,1
2026-01-28,000858,14:32:15,101.2000,77,2
2026-01-28,000858,14:32:18,101.2000,51,2
2026-01-28,000858,14:32:21,101.1800,31,2
2026-01-28,000858,14:32:24,101.1800,6,2
2026-01-28,000858,14:32:27,101.1800,29,2
2026-01-28,000858,14:32:30,101.1800,126,2
2026-01-28,000858,14:32:33,101.2200,15,1
2026-01-28,000858,14:32:36,101.1800,25,2
2026-01-28,000858,14:32:39,101.2200,6,1
2026-01-28,000858,14:32:42,101.1800,142,2
2026-01-28,000858,14:32:45,101.1800,21,2
2026-01-28,000858,14:32:48,101.1800,21,2
2026-01-28,000858,14:32:51,101.1800,57,2
2026-01-28,000858,14:32:54,101.1700,14,4
2026-01-28,000858,14:32:57,101.1900,2,1
2026-01-28,000858,14:33:00,101.1700,11,2
2026-01-28,000858,14:33:03,101.1900,15,1
2026-01-28,000858,14:33:06,101.1800,4,2
2026-01-28,000858,14:33:09,101.1800,34,2
2026-01-28,000858,14:33:12,101.1800,2,2
2026-01-28,000858,14:33:15,101.1800,53,2
2026-01-28,000858,14:33:18,101.1900,39,1
2026-01-28,000858,14:33:21,101.1900,4,1
2026-01-28,000858,14:33:24,101.1800,29,2
2026-01-28,000858,14:33:27,101.1900,16,1
2026-01-28,000858,14:33:30,101.1800,3,4
2026-01-28,000858,14:33:33,101.1800,12,2
2026-01-28,000858,14:33:36,101.1800,28,2
2026-01-28,000858,14:33:39,101.1800,14,1
2026-01-28,000858,14:33:42,101.1700,30,2
2026-01-28,000858,14:33:45,101.1800,6,4
2026-01-28,000858,14:33:48,101.1800,59,1
2026-01-28,000858,14:33:51,101.1700,42,2
2026-01-28,000858,14:33:54,101.1600,109,2
2026-01-28,000858,14:33:57,101.1500,17,2
2026-01-28,000858,14:34:00,101.1500,78,2
2026-01-28,000858,14:34:03,101.1600,12,4
2026-01-28,000858,14:34:06,101.1500,14,2
2026-01-28,000858,14:34:09,101.1500,36,2
2026-01-28,000858,14:34:12,101.1500,15,2
2026-01-28,000858,14:34:15,101.1600,9,1
2026-01-28,000858,14:34:18,101.1500,23,2
2026-01-28,000858,14:34:21,101.1400,64,2
2026-01-28,000858,14:34:24,101.1400,11,1
2026-01-28,000858,14:34:27,101.1500,29,1
2026-01-28,000858,14:34:30,101.1300,9,2
2026-01-28,000858,14:34:33,101.1500,8,1
2026-01-28,000858,14:34:36,101.1500,35,1
2026-01-28,000858,14:34:39,101.1400,21,2
2026-01-28,000858,14:34:42,101.1400,95,1
2026-01-28,000858,14:34:45,101.1400,42,1
2026-01-28,000858,14:34:48,101.1200,30,2
2026-01-28,000858,14:34:51,101.1300,33,1
2026-01-28,000858,14:34:54,101.1500,46,1
2026-01-28,000858,14:34:57,101.1200,10,2
2026-01-28,000858,14:35:00,101.1200,13,2
2026-01-28,000858,14:35:03,101.1300,4,4
2026-01-28,000858,14:35:06,101.1300,28,1
2026-01-28,000858,14:35:09,101.1200,31,2
2026-01-28,000858,14:35:12,101.1300,14,4
2026-01-28,000858,14:35:15,101.1300,17,2
2026-01-28,000858,14:35:18,101.1300,53,2
2026-01-28,000858,14:35:21,101.1300,23,2
2026-01-28,000858,14:35:24,101.1300,11,1
2026-01-28,000858,14:35:27,101.1300,27,1
2026-01-28,000858,14:35:30,101.1300,148,1
2026-01-28,000858,14:35:33,101.1300,26,2
2026-01-28,000858,14:35:36,101.1300,20,1
2026-01-28,000858,14:35:39,101.1200,20,2
2026-01-28,000858,14:35:42,101.1200,8,1
2026-01-28,000858,14:35:45,101.1200,114,1
2026-01-28,000858,14:35:48,101.1200,40,1
2026-01-28,000858,14:35:51,101.1200,9,1
2026-01-28,000858,14:35:54,101.1200,13,2
2026-01-28,000858,14:35:57,101.1100,84,2
2026-01-28,000858,14:36:00,101.1300,172,1
2026-01-28,000858,14:36:03,101.1300,84,2
2026-01-28,000858,14:36:06,101.1400,25,1
2026-01-28,000858,14:36:09,101.1300,12,4
2026-01-28,000858,14:36:12,101.1000,63,2
2026-01-28,000858,14:36:15,101.0800,85,2
2026-01-28,000858,14:36:18,101.0000,959,2
2026-01-28,000858,14:36:21,101.0000,167,2
2026-01-28,000858,14:36:24,101.0100,80,1
2026-01-28,000858,14:36:27,101.0400,34,1
2026-01-28,000858,14:36:30,101.0600,112,1
2026-01-28,000858,14:36:33,101.0200,68,2
2026-01-28,000858,14:36:36,101.0000,74,2
2026-01-28,000858,14:36:39,101.0700,26,1
2026-01-28,000858,14:36:42,101.0200,36,2
2026-01-28,000858,14:36:45,101.0200,81,2
2026-01-28,000858,14:36:48,101.0200,26,2
2026-01-28,000858,14:36:51,101.0200,158,1
2026-01-28,000858,14:36:54,101.0200,59,2
2026-01-28,000858,14:36:57,101.0000,103,2
2026-01-28,000858,14:37:00,101.0200,52,4
2026-01-28,000858,14:37:03,101.0100,53,2
2026-01-28,000858,14:37:06,101.0100,59,1
2026-01-28,000858,14:37:09,101.0200,69,1
2026-01-28,000858,14:37:12,101.0000,200,2
2026-01-28,000858,14:37:15,101.0100,119,1
2026-01-28,000858,14:37:18,100.9900,65,2
2026-01-28,000858,14:37:21,101.0000,57,2
2026-01-28,000858,14:37:24,101.0000,38,2
2026-01-28,000858,14:37:27,100.9800,51,2
2026-01-28,000858,14:37:30,100.9800,39,2
2026-01-28,000858,14:37:33,101.0000,67,1
2026-01-28,000858,14:37:36,100.9600,82,2
2026-01-28,000858,14:37:39,100.9100,85,2
2026-01-28,000858,14:37:42,100.9400,37,2
2026-01-28,000858,14:37:45,100.9600,84,1
2026-01-28,000858,14:37:48,100.9200,31,2
2026-01-28,000858,14:37:51,100.9400,13,2
2026-01-28,000858,14:37:54,100.9500,28,2
2026-01-28,000858,14:37:57,100.9500,29,2
2026-01-28,000858,14:38:00,100.9900,27,1
2026-01-28,000858,14:38:03,100.9500,37,2
2026-01-28,000858,14:38:06,100.9500,62,2
2026-01-28,000858,14:38:09,100.9300,39,2
2026-01-28,000858,14:38:12,100.9500,21,2
2026-01-28,000858,14:38:15,100.9900,54,1
2026-01-28,000858,14:38:18,100.9300,47,2
2026-01-28,000858,14:38:21,100.9300,42,2
2026-01-28,000858,14:38:24,101.0000,20,1
2026-01-28,000858,14:38:27,101.0000,13,2
2026-01-28,000858,14:38:30,101.0000,31,2
2026-01-28,000858,14:38:33,101.0000,31,2
2026-01-28,000858,14:38:36,101.0100,24,2
2026-01-28,000858,14:38:39,101.0000,73,2
2026-01-28,000858,14:38:42,101.0200,54,1
2026-01-28,000858,14:38:45,101.0000,75,2
2026-01-28,000858,14:38:48,101.0000,27,1
2026-01-28,000858,14:38:51,100.9300,50,2
2026-01-28,000858,14:38:54,100.9900,56,1
2026-01-28,000858,14:38:57,100.9900,38,1
2026-01-28,000858,14:39:00,101.0000,57,1
2026-01-28,000858,14:39:03,101.0000,41,2
2026-01-28,000858,14:39:06,101.0000,27,2
2026-01-28,000858,14:39:09,101.0100,49,1
2026-01-28,000858,14:39:12,101.0200,57,1
2026-01-28,000858,14:39:15,101.0300,61,1
2026-01-28,000858,14:39:18,101.0300,51,1
2026-01-28,000858,14:39:21,101.0100,60,2
2026-01-28,000858,14:39:24,101.0200,73,1
2026-01-28,000858,14:39:27,101.0600,24,1
2026-01-28,000858,14:39:30,101.0200,34,1
2026-01-28,000858,14:39:33,101.0100,28,2
2026-01-28,000858,14:39:36,101.0700,17,1
2026-01-28,000858,14:39:39,101.0100,30,2
2026-01-28,000858,14:39:42,101.0100,23,2
2026-01-28,000858,14:39:45,101.0200,15,2
2026-01-28,000858,14:39:48,101.0200,29,4
2026-01-28,000858,14:39:51,101.0100,117,2
2026-01-28,000858,14:39:54,101.0200,21,1
2026-01-28,000858,14:39:57,101.0200,92,1
2026-01-28,000858,14:40:00,101.0000,58,1
2026-01-28,000858,14:40:03,100.9400,45,2
2026-01-28,000858,14:40:06,101.0000,86,1
2026-01-28,000858,14:40:09,100.9500,69,2
2026-01-28,000858,14:40:12,101.0100,20,1
2026-01-28,000858,14:40:15,100.9400,67,2
2026-01-28,000858,14:40:18,101.0000,14,1
2026-01-28,000858,14:40:21,101.0100,57,1
2026-01-28,000858,14:40:24,101.0200,70,1
2026-01-28,000858,14:40:27,101.0000,16,2
2026-01-28,000858,14:40:30,101.0000,8,2
2026-01-28,000858,14:40:33,101.0000,59,2
2026-01-28,000858,14:40:36,101.0000,60,1
2026-01-28,000858,14:40:39,100.9300,30,2
2026-01-28,000858,14:40:42,100.9600,33,2
2026-01-28,000858,14:40:45,100.9300,32,2
2026-01-28,000858,14:40:48,100.9500,27,2
2026-01-28,000858,14:40:51,100.9200,51,2
2026-01-28,000858,14:40:54,100.9400,32,1
2026-01-28,000858,14:40:57,100.9300,47,2
2026-01-28,000858,14:41:00,100.9300,28,2
2026-01-28,000858,14:41:03,100.9400,37,2
2026-01-28,000858,14:41:06,100.9600,54,1
2026-01-28,000858,14:41:09,100.9600,22,1
2026-01-28,000858,14:41:12,100.9800,27,2
2026-01-28,000858,14:41:15,100.9700,33,2
2026-01-28,000858,14:41:18,100.9600,25,2
2026-01-28,000858,14:41:21,100.9500,39,2
2026-01-28,000858,14:41:24,100.9800,46,1
2026-01-28,000858,14:41:27,100.9300,48,2
2026-01-28,000858,14:41:30,100.9200,165,2
2026-01-28,000858,14:41:33,100.9400,61,1
2026-01-28,000858,14:41:36,100.9300,28,2
2026-01-28,000858,14:41:39,100.9200,88,2
2026-01-28,000858,14:41:42,100.9200,29,2
2026-01-28,000858,14:41:45,100.9200,95,2
2026-01-28,000858,14:41:48,100.9200,92,2
2026-01-28,000858,14:41:51,100.9200,134,2
2026-01-28,000858,14:41:54,100.9200,79,1
2026-01-28,000858,14:41:57,100.9000,225,2
2026-01-28,000858,14:42:00,100.9200,46,1
2026-01-28,000858,14:42:03,100.9200,94,2
2026-01-28,000858,14:42:06,100.9000,99,2
2026-01-28,000858,14:42:09,100.9400,55,1
2026-01-28,000858,14:42:12,100.9000,52,2
2026-01-28,000858,14:42:15,100.9000,42,2
2026-01-28,000858,14:42:18,100.9200,7,1
2026-01-28,000858,14:42:21,100.9200,91,1
2026-01-28,000858,14:42:24,100.9000,96,2
2026-01-28,000858,14:42:27,100.9200,47,1
2026-01-28,000858,14:42:30,100.9000,52,2
2026-01-28,000858,14:42:33,100.8900,103,2
2026-01-28,000858,14:42:36,100.9000,59,1
2026-01-28,000858,14:42:39,100.8800,61,2
2026-01-28,000858,14:42:42,100.8800,71,2
2026-01-28,000858,14:42:45,100.8900,61,1
2026-01-28,000858,14:42:48,100.8900,77,1
2026-01-28,000858,14:42:51,100.8800,49,2
2026-01-28,000858,14:42:54,100.8900,49,4
2026-01-28,000858,14:42:57,100.8900,71,4
2026-01-28,000858,14:43:00,100.8700,68,2
2026-01-28,000858,14:43:03,100.8700,114,2
2026-01-28,000858,14:43:06,100.8800,13,1
2026-01-28,000858,14:43:09,100.8700,96,2
2026-01-28,000858,14:43:12,100.8500,59,2
2026-01-28,000858,14:43:15,100.8300,62,2
2026-01-28,000858,14:43:18,100.8600,38,1
2026-01-28,000858,14:43:21,100.8600,70,1
2026-01-28,000858,14:43:24,100.8500,89,1
2026-01-28,000858,14:43:27,100.8300,90,2
2026-01-28,000858,14:43:30,100.8500,154,1
2026-01-28,000858,14:43:33,100.8000,91,2
2026-01-28,000858,14:43:36,100.8200,782,2
2026-01-28,000858,14:43:39,100.8200,19,2
2026-01-28,000858,14:43:42,100.8000,154,2
2026-01-28,000858,14:43:45,100.8800,49,1
2026-01-28,000858,14:43:48,100.8000,102,2
2026-01-28,000858,14:43:51,100.8800,96,1
2026-01-28,000858,14:43:54,100.8800,147,1
2026-01-28,000858,14:43:57,100.8000,78,2
2026-01-28,000858,14:44:00,100.8500,59,2
2026-01-28,000858,14:44:03,100.8800,59,1
2026-01-28,000858,14:44:06,100.8500,123,2
2026-01-28,000858,14:44:09,100.8500,97,2
2026-01-28,000858,14:44:12,100.8700,94,1
2026-01-28,000858,14:44:15,100.8500,47,2
2026-01-28,000858,14:44:18,100.8800,40,1
2026-01-28,000858,14:44:21,100.8500,98,2
2026-01-28,000858,14:44:24,100.8900,118,1
2026-01-28,000858,14:44:27,100.8500,44,2
2026-01-28,000858,14:44:30,100.8700,47,1
2026-01-28,000858,14:44:33,100.8600,104,2
2026-01-28,000858,14:44:36,100.8500,54,2
2026-01-28,000858,14:44:39,100.8800,43,1
2026-01-28,000858,14:44:42,100.8600,113,4
2026-01-28,000858,14:44:45,100.8400,71,4
2026-01-28,000858,14:44:48,100.8000,142,2
2026-01-28,000858,14:44:51,100.8500,114,1
2026-01-28,000858,14:44:54,100.8100,19,2
2026-01-28,000858,14:44:57,100.8400,53,1
2026-01-28,000858,14:45:00,100.8500,83,1
2026-01-28,000858,14:45:03,100.8400,118,1
2026-01-28,000858,14:45:06,100.8100,39,2
2026-01-28,000858,14:45:09,100.8100,67,2
2026-01-28,000858,14:45:12,100.8300,83,1
2026-01-28,000858,14:45:15,100.8300,14,1
2026-01-28,000858,14:45:18,100.8500,102,1
2026-01-28,000858,14:45:21,100.8100,39,2
2026-01-28,000858,14:45:24,100.8100,103,2
2026-01-28,000858,14:45:27,100.8100,57,1
2026-01-28,000858,14:45:30,100.8000,142,2
2026-01-28,000858,14:45:33,100.8100,56,1
2026-01-28,000858,14:45:36,100.8000,137,2
2026-01-28,000858,14:45:39,100.8000,56,2
2026-01-28,000858,14:45:42,100.8000,79,2
2026-01-28,000858,14:45:45,100.8000,46,2
2026-01-28,000858,14:45:48,100.7900,94,2
2026-01-28,000858,14:45:51,100.8000,59,2
2026-01-28,000858,14:45:54,100.7800,62,2
2026-01-28,000858,14:45:57,100.7900,131,4
2026-01-28,000858,14:46:00,100.7800,121,2
2026-01-28,000858,14:46:03,100.7800,24,2
2026-01-28,000858,14:46:06,100.7800,107,1
2026-01-28,000858,14:46:09,100.7500,246,2
2026-01-28,000858,14:46:12,100.7400,80,2
2026-01-28,000858,14:46:15,100.7700,122,1
2026-01-28,000858,14:46:18,100.7200,64,2
2026-01-28,000858,14:46:21,100.7200,67,2
2026-01-28,000858,14:46:24,100.7200,43,2
2026-01-28,000858,14:46:27,100.7200,35,2
2026-01-28,000858,14:46:30,100.7500,124,1
2026-01-28,000858,14:46:33,100.7300,43,2
2026-01-28,000858,14:46:36,100.7100,56,2
2026-01-28,000858,14:46:39,100.7400,129,2
2026-01-28,000858,14:46:42,100.7300,128,2
2026-01-28,000858,14:46:45,100.7200,68,2
2026-01-28,000858,14:46:48,100.7300,15,2
2026-01-28,000858,14:46:51,100.7200,51,2
2026-01-28,000858,14:46:54,100.7200,76,2
2026-01-28,000858,14:46:57,100.7200,109,2
2026-01-28,000858,14:47:00,100.7800,52,1
2026-01-28,000858,14:47:03,100.7200,26,2
2026-01-28,000858,14:47:06,100.7500,76,1
2026-01-28,000858,14:47:09,100.7500,53,1
2026-01-28,000858,14:47:12,100.7400,120,2
2026-01-28,000858,14:47:15,100.7700,33,1
2026-01-28,000858,14:47:18,100.7700,80,2
2026-01-28,000858,14:47:21,100.7300,53,2
2026-01-28,000858,14:47:24,100.7200,85,2
2026-01-28,000858,14:47:27,100.7300,56,2
2026-01-28,000858,14:47:30,100.7200,104,2
2026-01-28,000858,14:47:33,100.7700,46,1
2026-01-28,000858,14:47:36,100.7300,101,2
2026-01-28,000858,14:47:39,100.7300,103,1
2026-01-28,000858,14:47:42,100.7200,139,2
2026-01-28,000858,14:47:45,100.7300,91,2
2026-01-28,000858,14:47:48,100.7400,45,1
2026-01-28,000858,14:47:51,100.7400,76,1
2026-01-28,000858,14:47:54,100.7400,70,2
2026-01-28,000858,14:47:57,100.7700,104,1
2026-01-28,000858,14:48:00,100.7200,86,2
2026-01-28,000858,14:48:03,100.7300,40,2
2026-01-28,000858,14:48:06,100.7300,104,1
2026-01-28,000858,14:48:09,100.7200,157,1
2026-01-28,000858,14:48:12,100.7300,109,1
2026-01-28,000858,14:48:15,100.7300,87,2
2026-01-28,000858,14:48:18,100.7300,88,2
2026-01-28,000858,14:48:21,100.7300,37,1
2026-01-28,000858,14:48:24,100.7200,69,2
2026-01-28,000858,14:48:27,100.7300,84,1
2026-01-28,000858,14:48:30,100.7200,50,2
2026-01-28,000858,14:48:33,100.7200,71,2
2026-01-28,000858,14:48:36,100.7300,75,1
2026-01-28,000858,14:48:39,100.7200,81,2
2026-01-28,000858,14:48:42,100.7200,55,2
2026-01-28,000858,14:48:45,100.7100,50,2
2026-01-28,000858,14:48:48,100.7300,111,1
2026-01-28,000858,14:48:51,100.7200,433,2
2026-01-28,000858,14:48:54,100.7200,56,2
2026-01-28,000858,14:48:57,100.7000,79,2
2026-01-28,000858,14:49:00,100.7100,71,2
2026-01-28,000858,14:49:03,100.7100,58,2
2026-01-28,000858,14:49:06,100.7000,111,2
2026-01-28,000858,14:49:09,100.7000,127,2
2026-01-28,000858,14:49:12,100.7200,103,1
2026-01-28,000858,14:49:15,100.7200,148,1
2026-01-28,000858,14:49:18,100.7100,76,2
2026-01-28,000858,14:49:21,100.7200,126,1
2026-01-28,000858,14:49:24,100.7200,65,1
2026-01-28,000858,14:49:27,100.7200,83,1
2026-01-28,000858,14:49:30,100.7000,116,2
2026-01-28,000858,14:49:33,100.7000,111,2
2026-01-28,000858,14:49:36,100.7000,127,2
2026-01-28,000858,14:49:39,100.7100,83,1
2026-01-28,000858,14:49:42,100.7100,230,1
2026-01-28,000858,14:49:45,100.7100,29,1
2026-01-28,000858,14:49:48,100.7100,44,2
2026-01-28,000858,14:49:51,100.7200,98,4
2026-01-28,000858,14:49:54,100.7100,84,2
2026-01-28,000858,14:49:57,100.7200,134,1
2026-01-28,000858,14:50:00,100.7100,119,2
2026-01-28,000858,14:50:03,100.7100,110,1
2026-01-28,000858,14:50:06,100.7200,66,1
2026-01-28,000858,14:50:09,100.7200,57,1
2026-01-28,000858,14:50:12,100.7200,88,1
2026-01-28,000858,14:50:15,100.7200,157,1
2026-01-28,000858,14:50:18,100.7200,82,4
2026-01-28,000858,14:50:21,100.7000,88,2
2026-01-28,000858,14:50:24,100.7000,108,2
2026-01-28,000858,14:50:27,100.7000,143,2
2026-01-28,000858,14:50:30,100.7200,88,4
2026-01-28,000858,14:50:33,100.7100,183,2
2026-01-28,000858,14:50:36,100.7200,84,1
2026-01-28,000858,14:50:39,100.7300,92,1
2026-01-28,000858,14:50:42,100.7100,89,2
2026-01-28,000858,14:50:45,100.7000,87,2
2026-01-28,000858,14:50:48,100.7100,161,4
2026-01-28,000858,14:50:51,100.7000,116,2
2026-01-28,000858,14:50:54,100.7000,109,2
2026-01-28,000858,14:50:57,100.7000,124,2
2026-01-28,000858,14:51:00,100.7100,121,1
2026-01-28,000858,14:51:03,100.7100,252,1
2026-01-28,000858,14:51:06,100.6900,101,2
2026-01-28,000858,14:51:09,100.7200,58,1
2026-01-28,000858,14:51:12,100.6900,158,2
2026-01-28,000858,14:51:15,100.6900,147,2
2026-01-28,000858,14:51:18,100.7000,161,4
2026-01-28,000858,14:51:21,100.6900,65,4
2026-01-28,000858,14:51:24,100.7000,84,1
2026-01-28,000858,14:51:27,100.6900,205,2
2026-01-28,000858,14:51:30,100.7000,109,1
2026-01-28,000858,14:51:33,100.7000,249,2
2026-01-28,000858,14:51:36,100.7000,102,1
2026-01-28,000858,14:51:39,100.7000,145,1
2026-01-28,000858,14:51:42,100.7100,194,1
2026-01-28,000858,14:51:45,100.7000,110,2
2026-01-28,000858,14:51:48,100.7100,152,1
2026-01-28,000858,14:51:51,100.7100,127,1
2026-01-28,000858,14:51:54,100.7100,61,1
2026-01-28,000858,14:51:57,100.6700,133,2
2026-01-28,000858,14:52:00,100.7100,83,1
2026-01-28,000858,14:52:03,100.7100,166,1
2026-01-28,000858,14:52:06,100.7100,46,1
2026-01-28,000858,14:52:09,100.7000,57,2
2026-01-28,000858,14:52:12,100.7200,52,1
2026-01-28,000858,14:52:15,100.7100,60,4
2026-01-28,000858,14:52:18,100.7100,79,1
2026-01-28,000858,14:52:21,100.7100,94,1
2026-01-28,000858,14:52:24,100.7100,77,2
2026-01-28,000858,14:52:27,100.6900,308,2
2026-01-28,000858,14:52:30,100.7500,33,1
2026-01-28,000858,14:52:33,100.7100,87,2
2026-01-28,000858,14:52:36,100.7500,104,1
2026-01-28,000858,14:52:39,100.7100,258,2
2026-01-28,000858,14:52:42,100.7400,14,1
2026-01-28,000858,14:52:45,100.7400,37,1
2026-01-28,000858,14:52:48,100.7000,69,2
2026-01-28,000858,14:52:51,100.7300,16,1
2026-01-28,000858,14:52:54,100.7200,24,2
2026-01-28,000858,14:52:57,100.7400,38,1
2026-01-28,000858,14:53:00,100.7400,58,1
2026-01-28,000858,14:53:03,100.7500,48,1
2026-01-28,000858,14:53:06,100.7500,26,1
2026-01-28,000858,14:53:09,100.7500,19,1
2026-01-28,000858,14:53:12,100.7400,50,2
2026-01-28,000858,14:53:15,100.7400,18,1
2026-01-28,000858,14:53:18,100.7400,34,1
2026-01-28,000858,14:53:21,100.7400,44,2
2026-01-28,000858,14:53:24,100.7400,48,2
2026-01-28,000858,14:53:27,100.7300,77,2
2026-01-28,000858,14:53:30,100.7200,95,2
2026-01-28,000858,14:53:33,100.7200,75,2
2026-01-28,000858,14:53:36,100.7400,81,1
2026-01-28,000858,14:53:39,100.7200,49,2
2026-01-28,000858,14:53:42,100.7300,28,1
2026-01-28,000858,14:53:45,100.7300,69,1
2026-01-28,000858,14:53:48,100.7300,129,1
2026-01-28,000858,14:53:51,100.7300,150,2
2026-01-28,000858,14:53:54,100.7300,74,1
2026-01-28,000858,14:53:57,100.7300,175,2
2026-01-28,000858,14:54:00,100.7300,71,1
2026-01-28,000858,14:54:03,100.7300,161,2
2026-01-28,000858,14:54:06,100.7400,78,1
2026-01-28,000858,14:54:09,100.7400,85,1
2026-01-28,000858,14:54:12,100.7300,39,2
2026-01-28,000858,14:54:15,100.7300,100,1
2026-01-28,000858,14:54:18,100.7400,85,1
2026-01-28,000858,14:54:21,100.7200,34,2
2026-01-28,000858,14:54:24,100.7200,79,2
2026-01-28,000858,14:54:27,100.7100,70,2
2026-01-28,000858,14:54:30,100.7200,75,1
2026-01-28,000858,14:54:33,100.7200,46,1
2026-01-28,000858,14:54:36,100.7100,46,2
2026-01-28,000858,14:54:39,100.7100,93,1
2026-01-28,000858,14:54:42,100.7100,55,2
2026-01-28,000858,14:54:45,100.7000,392,2
2026-01-28,000858,14:54:48,100.7000,90,1
2026-01-28,000858,14:54:51,100.6900,121,2
2026-01-28,000858,14:54:54,100.6900,230,1
2026-01-28,000858,14:54:57,100.7000,46,1
2026-01-28,000858,14:55:00,100.6900,96,2
2026-01-28,000858,14:55:03,100.6900,32,1
2026-01-28,000858,14:55:06,100.6900,51,2
2026-01-28,000858,14:55:09,100.7000,129,1
2026-01-28,000858,14:55:12,100.6900,44,2
2026-01-28,000858,14:55:15,100.6900,139,4
2026-01-28,000858,14:55:18,100.6800,473,2
2026-01-28,000858,14:55:21,100.6800,111,2
2026-01-28,000858,14:55:24,100.6700,796,2
2026-01-28,000858,14:55:27,100.6600,106,2
2026-01-28,000858,14:55:30,100.6600,95,1
2026-01-28,000858,14:55:33,100.6800,215,1
2026-01-28,000858,14:55:36,100.6600,74,2
2026-01-28,000858,14:55:39,100.6800,29,1
2026-01-28,000858,14:55:42,100.6700,135,2
2026-01-28,000858,14:55:45,100.6700,62,2
2026-01-28,000858,14:55:48,100.6600,207,2
2026-01-28,000858,14:55:51,100.6600,82,1
2026-01-28,000858,14:55:54,100.6600,175,1
2026-01-28,000858,14:55:57,100.6600,182,1
2026-01-28,000858,14:56:00,100.6600,129,1
2026-01-28,000858,14:56:03,100.6600,392,2
2026-01-28,000858,14:56:06,100.6600,75,1
2026-01-28,000858,14:56:09,100.6600,198,1
2026-01-28,000858,14:56:12,100.6500,266,2
2026-01-28,000858,14:56:15,100.6600,50,4
2026-01-28,000858,14:56:18,100.6500,360,2
2026-01-28,000858,14:56:21,100.6500,126,2
2026-01-28,000858,14:56:24,100.6600,47,1
2026-01-28,000858,14:56:27,100.6600,67,2
2026-01-28,000858,14:56:30,100.6600,74,2
2026-01-28,000858,14:56:33,100.6600,97,2
2026-01-28,000858,14:56:36,100.6600,179,2
2026-01-28,000858,14:56:39,100.6600,56,1
2026-01-28,000858,14:56:42,100.6600,263,2
2026-01-28,000858,14:56:45,100.7000,88,1
2026-01-28,000858,14:56:48,100.7000,2,1
2026-01-28,000858,14:56:51,100.7000,91,1
2026-01-28,000858,14:56:54,100.7000,48,1
2026-01-28,000858,14:56:57,100.7100,164,1
2026-01-28,000858,14:57:00,100.7000,60,2
2026-01-28,000858,15:00:03,100.7000,2155,4
2026-01-28,000858,13:16:33,100.7100,32,1
2026-01-28,000858,13:16:36,100.7000,40,2
2026-01-28,000858,13:16:39,100.7100,27,1
2026-01-28,000858,13:16:42,100.7100,40,2
2026-01-28,000858,13:16:45,100.7200,45,1
2026-01-28,000858,13:16:48,100.7000,26,2
2026-01-28,000858,13:16:51,100.7000,80,2
2026-01-28,000858,13:16:54,100.7000,44,2
2026-01-28,000858,13:16:57,100.7000,18,2
2026-01-28,000858,13:17:00,100.7000,71,2
2026-01-28,000858,13:17:03,100.7200,74,1
2026-01-28,000858,13:17:06,100.7000,40,2
2026-01-28,000858,13:17:09,100.7000,33,2
2026-01-28,000858,13:17:12,100.6900,30,2
2026-01-28,000858,13:17:15,100.7100,78,1
2026-01-28,000858,13:17:18,100.6900,91,2
2026-01-28,000858,13:17:21,100.6900,49,2
2026-01-28,000858,13:17:24,100.6900,66,2
2026-01-28,000858,13:17:27,100.6900,53,2
2026-01-28,000858,13:17:30,100.6900,63,2
2026-01-28,000858,13:17:33,100.7000,47,1
2026-01-28,000858,13:17:36,100.7000,44,2
2026-01-28,000858,13:17:39,100.6900,47,2
2026-01-28,000858,13:17:42,100.7000,31,1
2026-01-28,000858,13:17:45,100.7000,33,2
2026-01-28,000858,13:17:48,100.7000,30,2
2026-01-28,000858,13:17:51,100.7000,40,2
2026-01-28,000858,13:17:54,100.7000,46,2
2026-01-28,000858,13:17:57,100.6900,79,2
2026-01-28,000858,13:18:00,100.7000,18,1
2026-01-28,000858,13:18:03,100.7000,32,1
2026-01-28,000858,13:18:06,100.7000,29,1
2026-01-28,000858,13:18:09,100.7000,70,2
2026-01-28,000858,13:18:12,100.7000,90,2
2026-01-28,000858,13:18:15,100.6900,33,2
2026-01-28,000858,13:18:18,100.7200,31,1
2026-01-28,000858,13:18:21,100.7200,22,1
2026-01-28,000858,13:18:24,100.7100,9,2
2026-01-28,000858,13:18:27,100.7200,44,1
2026-01-28,000858,13:18:30,100.7200,28,1
2026-01-28,000858,13:18:33,100.7200,14,1
2026-01-28,000858,13:18:36,100.7100,80,2
2026-01-28,000858,13:18:39,100.7100,29,2
2026-01-28,000858,13:18:42,100.7200,37,4
2026-01-28,000858,13:18:45,100.7600,39,1
2026-01-28,000858,13:18:48,100.7400,37,2
2026-01-28,000858,13:18:51,100.7500,36,2
2026-01-28,000858,13:18:54,100.7500,22,2
2026-01-28,000858,13:18:57,100.7500,33,2
2026-01-28,000858,13:19:00,100.7600,31,1
2026-01-28,000858,13:19:03,100.7400,44,2
2026-01-28,000858,13:19:06,100.7500,101,1
2026-01-28,000858,13:19:09,100.7900,153,1
2026-01-28,000858,13:19:12,100.7900,65,2
2026-01-28,000858,13:19:15,100.7900,21,2
2026-01-28,000858,13:19:18,100.7800,32,2
2026-01-28,000858,13:19:21,100.7600,61,2
2026-01-28,000858,13:19:24,100.7500,24,2
2026-01-28,000858,13:19:27,100.7600,18,2
2026-01-28,000858,13:19:30,100.7700,179,2
2026-01-28,000858,13:19:33,100.7700,20,2
2026-01-28,000858,13:19:36,100.7700,46,2
2026-01-28,000858,13:19:39,100.8000,194,2
2026-01-28,000858,13:19:42,100.8000,30,2
2026-01-28,000858,13:19:45,100.8000,189,2
2026-01-28,000858,13:19:48,100.8000,40,2
2026-01-28,000858,13:19:51,100.7800,107,2
2026-01-28,000858,13:19:54,100.8600,46,1
2026-01-28,000858,13:19:57,100.8700,12,2
2026-01-28,000858,13:20:00,100.8800,29,1
2026-01-28,000858,13:20:03,100.8800,47,2
2026-01-28,000858,13:20:06,100.8800,58,2
2026-01-28,000858,13:20:09,100.8900,51,1
2026-01-28,000858,13:20:12,100.8800,29,1
2026-01-28,000858,13:20:15,100.8100,45,2
2026-01-28,000858,13:20:18,100.8000,64,2
2026-01-28,000858,13:20:21,100.8000,14,2
2026-01-28,000858,13:20:24,100.7900,18,2
2026-01-28,000858,13:20:27,100.8100,22,2
2026-01-28,000858,13:20:30,100.8100,36,2
2026-01-28,000858,13:20:33,100.8200,12,2
2026-01-28,000858,13:20:36,100.7700,67,2
2026-01-28,000858,13:20:39,100.8500,23,1
2026-01-28,000858,13:20:42,100.8400,61,2
2026-01-28,000858,13:20:45,100.8400,6,2
2026-01-28,000858,13:20:48,100.8400,36,2
2026-01-28,000858,13:20:51,100.8400,27,1
2026-01-28,000858,13:20:54,100.7500,48,2
2026-01-28,000858,13:20:57,100.8400,32,1
2026-01-28,000858,13:21:00,100.7400,64,2
2026-01-28,000858,13:21:03,100.7600,6,2
2026-01-28,000858,13:21:06,100.7500,53,2
2026-01-28,000858,13:21:09,100.7700,36,2
2026-01-28,000858,13:21:12,100.8300,30,1
2026-01-28,000858,13:21:15,100.7900,25,2
2026-01-28,000858,13:21:18,100.8300,24,1
2026-01-28,000858,13:21:21,100.7900,31,2
2026-01-28,000858,13:21:24,100.7600,20,2
2026-01-28,000858,13:21:27,100.7500,22,2
2026-01-28,000858,13:21:30,100.7500,48,2
2026-01-28,000858,13:21:33,100.7800,90,1
2026-01-28,000858,13:21:36,100.7500,33,2
2026-01-28,000858,13:21:39,100.7400,28,2
2026-01-28,000858,13:21:42,100.7700,195,1
2026-01-28,000858,13:21:45,100.7800,41,1
2026-01-28,000858,13:21:48,100.7700,37,2
2026-01-28,000858,13:21:51,100.7700,26,2
2026-01-28,000858,13:21:54,100.7700,50,2
2026-01-28,000858,13:21:57,100.7200,24,2
2026-01-28,000858,13:22:00,100.7300,27,2
2026-01-28,000858,13:22:03,100.7400,42,4
2026-01-28,000858,13:22:06,100.7600,30,2
2026-01-28,000858,13:22:09,100.7500,35,2
2026-01-28,000858,13:22:12,100.7600,19,1
2026-01-28,000858,13:22:15,100.7700,40,1
2026-01-28,000858,13:22:18,100.7500,40,2
2026-01-28,000858,13:22:21,100.7500,31,1
2026-01-28,000858,13:22:24,100.7200,72,2
2026-01-28,000858,13:22:27,100.7400,34,4
2026-01-28,000858,13:22:30,100.7500,54,1
2026-01-28,000858,13:22:33,100.7500,2,1
2026-01-28,000858,13:22:36,100.7200,25,2
2026-01-28,000858,13:22:39,100.7400,18,2
2026-01-28,000858,13:22:42,100.7300,39,2
2026-01-28,000858,13:22:45,100.7200,25,2
2026-01-28,000858,13:22:48,100.7100,21,2
2026-01-28,000858,13:22:51,100.7400,30,1
2026-01-28,000858,13:22:54,100.7000,37,2
2026-01-28,000858,13:22:57,100.7000,39,2
2026-01-28,000858,13:23:00,100.7400,91,1
2026-01-28,000858,13:23:03,100.7000,14,2
2026-01-28,000858,13:23:06,100.7000,39,2
2026-01-28,000858,13:23:09,100.7100,64,2
2026-01-28,000858,13:23:12,100.7000,41,2
2026-01-28,000858,13:23:15,100.7000,76,2
2026-01-28,000858,13:23:18,100.7000,51,2
2026-01-28,000858,13:23:21,100.7400,53,1
2026-01-28,000858,13:23:24,100.7300,52,2
2026-01-28,000858,13:23:27,100.7100,47,2
2026-01-28,000858,13:23:30,100.7100,18,2
2026-01-28,000858,13:23:33,100.7300,12,2
2026-01-28,000858,13:23:36,100.7100,34,2
2026-01-28,000858,13:23:39,100.7100,25,2
2026-01-28,000858,13:23:42,100.7100,14,2
2026-01-28,000858,13:23:45,100.7000,32,2
2026-01-28,000858,13:23:48,100.7000,19,2
2026-01-28,000858,13:23:51,100.7100,36,2
2026-01-28,000858,13:23:54,100.7300,61,1
2026-01-28,000858,13:23:57,100.7100,30,2
2026-01-28,000858,13:24:00,100.7100,107,2
2026-01-28,000858,13:24:03,100.7000,52,2
2026-01-28,000858,13:24:06,100.7000,22,2
2026-01-28,000858,13:24:09,100.7100,42,1
2026-01-28,000858,13:24:12,100.7000,11,2
2026-01-28,000858,13:24:15,100.7000,28,2
2026-01-28,000858,13:24:18,100.7000,56,2
2026-01-28,000858,13:24:21,100.7300,30,1
2026-01-28,000858,13:24:24,100.6900,17,2
2026-01-28,000858,13:24:27,100.7000,23,2
2026-01-28,000858,13:24:30,100.7000,39,2
2026-01-28,000858,13:24:33,100.7000,20,2
2026-01-28,000858,13:24:36,100.7000,42,2
2026-01-28,000858,13:24:39,100.6900,72,2
2026-01-28,000858,13:24:42,100.7000,38,4
2026-01-28,000858,13:24:45,100.6900,28,2
2026-01-28,000858,13:24:48,100.7000,19,2
2026-01-28,000858,13:24:51,100.7000,20,2
2026-01-28,000858,13:24:54,100.7000,35,2
2026-01-28,000858,13:24:57,100.7100,36,1
2026-01-28,000858,13:25:00,100.7300,75,1
2026-01-28,000858,13:25:03,100.7500,55,1
2026-01-28,000858,13:25:06,100.7500,35,1
2026-01-28,000858,13:25:09,100.7200,13,2
2026-01-28,000858,13:25:12,100.7200,21,2
2026-01-28,000858,13:25:15,100.7200,40,2
2026-01-28,000858,13:25:18,100.7200,26,2
2026-01-28,000858,13:25:21,100.7100,30,2
2026-01-28,000858,13:25:24,100.7200,61,1
2026-01-28,000858,13:25:27,100.7100,26,2
2026-01-28,000858,13:25:30,100.7000,17,2
2026-01-28,000858,13:25:33,100.7100,52,1
2026-01-28,000858,13:25:36,100.7200,60,2
2026-01-28,000858,13:25:39,100.7200,41,2
2026-01-28,000858,13:25:42,100.7100,29,2
2026-01-28,000858,13:25:45,100.7300,15,1
2026-01-28,000858,13:25:48,100.7200,19,1
2026-01-28,000858,13:25:51,100.7200,18,1
2026-01-28,000858,13:25:54,100.7100,33,2
2026-01-28,000858,13:25:57,100.7000,28,2
2026-01-28,000858,13:26:00,100.7100,19,4
2026-01-28,000858,13:26:03,100.7100,48,2
2026-01-28,000858,13:26:06,100.7400,127,1
2026-01-28,000858,13:26:09,100.7300,309,2
2026-01-28,000858,13:26:12,100.8000,61,1
2026-01-28,000858,13:26:15,100.7500,30,2
2026-01-28,000858,13:26:18,100.8500,116,1
2026-01-28,000858,13:26:21,100.8600,35,1
2026-01-28,000858,13:26:24,100.8600,44,1
2026-01-28,000858,13:26:27,100.7600,33,2
2026-01-28,000858,13:26:30,100.7600,35,2
2026-01-28,000858,13:26:33,100.8500,9,1
2026-01-28,000858,13:26:36,100.7900,14,2
2026-01-28,000858,13:26:39,100.8200,46,1
2026-01-28,000858,13:26:42,100.7500,33,2
2026-01-28,000858,13:26:45,100.7200,25,2
2026-01-28,000858,13:26:48,100.7800,54,1
2026-01-28,000858,13:26:51,100.7800,39,1
2026-01-28,000858,13:26:54,100.7700,42,2
2026-01-28,000858,13:26:57,100.7600,15,2
2026-01-28,000858,13:27:00,100.7800,31,2
2026-01-28,000858,13:27:03,100.7800,29,2
2026-01-28,000858,13:27:06,100.7400,46,2
2026-01-28,000858,13:27:09,100.7800,35,4
2026-01-28,000858,13:27:12,100.7200,28,2
2026-01-28,000858,13:27:15,100.8200,49,1
2026-01-28,000858,13:27:18,100.7800,34,1
2026-01-28,000858,13:27:21,100.7200,83,2
2026-01-28,000858,13:27:24,100.8000,191,1
2026-01-28,000858,13:27:27,100.8000,27,2
2026-01-28,000858,13:27:30,100.8400,55,1
2026-01-28,000858,13:27:33,100.8000,47,2
2026-01-28,000858,13:27:36,100.8000,21,2
2026-01-28,000858,13:27:39,100.8000,35,2
2026-01-28,000858,13:27:42,100.7900,32,2
2026-01-28,000858,13:27:45,100.8000,34,4
2026-01-28,000858,13:27:48,100.7900,52,1
2026-01-28,000858,13:27:51,100.8400,54,1
2026-01-28,000858,13:27:54,100.7500,38,2
2026-01-28,000858,13:27:57,100.7500,52,2
2026-01-28,000858,13:28:00,100.8000,56,2
2026-01-28,000858,13:28:03,100.7900,41,2
2026-01-28,000858,13:28:06,100.7500,73,2
2026-01-28,000858,13:28:09,100.8000,28,1
2026-01-28,000858,13:28:12,100.7300,58,2
2026-01-28,000858,13:28:15,100.7600,37,2
2026-01-28,000858,13:28:18,100.7500,41,2
2026-01-28,000858,13:28:21,100.7500,23,2
2026-01-28,000858,13:28:24,100.7500,27,2
2026-01-28,000858,13:28:27,100.7300,77,2
2026-01-28,000858,13:28:30,100.7300,74,2
2026-01-28,000858,13:28:33,100.7300,34,1
2026-01-28,000858,13:28:36,100.7100,84,2
2026-01-28,000858,13:28:39,100.7100,51,2
2026-01-28,000858,13:28:42,100.7000,78,2
2026-01-28,000858,13:28:45,100.7300,29,1
2026-01-28,000858,13:28:48,100.7000,78,2
2026-01-28,000858,13:28:51,100.7000,55,2
2026-01-28,000858,13:28:54,100.7000,57,2
2026-01-28,000858,13:28:57,100.7100,20,1
2026-01-28,000858,13:29:00,100.7100,73,1
2026-01-28,000858,13:29:03,100.7200,20,1
2026-01-28,000858,13:29:06,100.7100,35,2
2026-01-28,000858,13:29:09,100.7200,15,4
2026-01-28,000858,13:29:12,100.7100,20,2
2026-01-28,000858,13:29:15,100.7200,42,4
2026-01-28,000858,13:29:18,100.7300,21,1
2026-01-28,000858,13:29:21,100.7200,39,2
2026-01-28,000858,13:29:24,100.7200,13,2
2026-01-28,000858,13:29:27,100.7000,40,2
2026-01-28,000858,13:29:30,100.7300,25,1
2026-01-28,000858,13:29:33,100.7700,29,1
2026-01-28,000858,13:29:36,100.7100,14,2
2026-01-28,000858,13:29:42,100.7100,47,2
2026-01-28,000858,13:29:45,100.7400,34,1
2026-01-28,000858,13:29:48,100.7000,153,2
2026-01-28,000858,13:29:51,100.7000,132,2
2026-01-28,000858,13:29:54,100.6900,85,2
2026-01-28,000858,13:29:57,100.7000,17,2
2026-01-28,000858,13:30:00,100.6900,270,2
2026-01-28,000858,13:30:03,100.7000,32,2
2026-01-28,000858,13:30:06,100.7800,3,1
2026-01-28,000858,13:30:09,100.7500,69,2
2026-01-28,000858,13:30:12,100.7400,49,2
2026-01-28,000858,13:30:15,100.6900,39,2
2026-01-28,000858,13:30:18,100.7800,22,1
2026-01-28,000858,13:30:21,100.6900,55,2
2026-01-28,000858,13:30:24,100.6900,22,2
2026-01-28,000858,13:30:27,100.6900,44,2
2026-01-28,000858,13:30:30,100.7000,11,2
2026-01-28,000858,13:30:33,100.7000,45,2
2026-01-28,000858,13:30:36,100.7100,16,2
2026-01-28,000858,13:30:39,100.7800,28,1
2026-01-28,000858,13:30:42,100.7200,35,2
2026-01-28,000858,13:30:45,100.7800,22,1
2026-01-28,000858,13:30:48,100.7000,46,2
2026-01-28,000858,13:30:51,100.7700,13,1
2026-01-28,000858,13:30:54,100.7700,89,1
2026-01-28,000858,13:30:57,100.7700,66,1
2026-01-28,000858,13:31:00,100.6800,121,2
2026-01-28,000858,13:31:03,100.6800,73,2
2026-01-28,000858,13:31:06,100.6800,101,2
2026-01-28,000858,13:31:09,100.7600,29,1
2026-01-28,000858,13:31:12,100.6800,42,2
2026-01-28,000858,13:31:15,100.6900,79,2
2026-01-28,000858,13:31:18,100.7000,66,1
2026-01-28,000858,13:31:21,100.7200,71,1
2026-01-28,000858,13:31:24,100.7100,20,2
2026-01-28,000858,13:31:27,100.7200,20,2
2026-01-28,000858,13:31:30,100.7100,10,2
2026-01-28,000858,13:31:33,100.7100,34,2
2026-01-28,000858,13:31:36,100.7500,6,1
2026-01-28,000858,13:31:39,100.7500,15,1
2026-01-28,000858,13:31:42,100.7700,13,1
2026-01-28,000858,13:31:45,100.7300,1,2
2026-01-28,000858,13:31:48,100.7900,111,1
2026-01-28,000858,13:31:51,100.7800,117,2
2026-01-28,000858,13:31:54,100.7900,12,2
2026-01-28,000858,13:31:57,100.8200,24,1
2026-01-28,000858,13:32:00,100.8200,12,1
2026-01-28,000858,13:32:03,100.8200,10,1
2026-01-28,000858,13:32:06,100.8200,11,2
2026-01-28,000858,13:32:09,100.9200,394,1
2026-01-28,000858,13:32:12,100.9100,70,2
2026-01-28,000858,13:32:15,100.9100,39,2
2026-01-28,000858,13:32:18,100.9100,13,2
2026-01-28,000858,13:32:21,100.9300,60,2
2026-01-28,000858,13:32:24,100.9400,48,4
2026-01-28,000858,13:32:27,100.9200,36,2
2026-01-28,000858,13:32:30,100.9000,23,2
2026-01-28,000858,13:32:33,100.9100,16,2
2026-01-28,000858,13:32:36,100.9000,36,2
2026-01-28,000858,13:32:39,100.9300,20,1
2026-01-28,000858,13:32:42,100.9300,17,2
2026-01-28,000858,13:32:45,100.9700,10,1
2026-01-28,000858,13:32:48,100.9500,28,2
2026-01-28,000858,13:32:51,100.9700,6,1
2026-01-28,000858,13:32:54,100.9800,5,1
2026-01-28,000858,13:32:57,100.9700,2,1
2026-01-28,000858,13:33:00,100.9700,25,1
2026-01-28,000858,13:33:03,101.0100,531,1
2026-01-28,000858,13:33:06,101.0300,50,1
2026-01-28,000858,13:33:09,101.0200,19,2
2026-01-28,000858,13:33:12,101.0200,7,2
2026-01-28,000858,13:33:15,101.0300,9,1
2026-01-28,000858,13:33:18,101.0200,85,2
2026-01-28,000858,13:33:21,101.0700,10,1
2026-01-28,000858,13:33:24,101.0300,14,1
2026-01-28,000858,13:33:27,101.0700,11,1
2026-01-28,000858,13:33:30,101.0500,33,2
2026-01-28,000858,13:33:33,101.0800,123,1
2026-01-28,000858,13:33:36,101.0300,34,2
2026-01-28,000858,13:33:39,101.0700,12,1
2026-01-28,000858,13:33:42,101.0700,6,1
2026-01-28,000858,13:33:45,101.0600,4,1
2026-01-28,000858,13:33:48,101.0600,49,1
2026-01-28,000858,13:33:51,101.0600,16,1
2026-01-28,000858,13:33:54,101.0500,12,2
2026-01-28,000858,13:33:57,101.0700,148,1
2026-01-28,000858,13:34:00,101.0800,466,1
2026-01-28,000858,13:34:03,101.1100,293,1
2026-01-28,000858,13:34:06,101.1000,76,2
2026-01-28,000858,13:34:09,101.1400,50,1
2026-01-28,000858,13:34:12,101.1100,80,1
2026-01-28,000858,13:34:15,101.0800,57,2
2026-01-28,000858,13:34:18,101.1000,68,1
2026-01-28,000858,13:34:21,101.0700,41,2
2026-01-28,000858,13:34:24,101.0800,45,1
2026-01-28,000858,13:34:27,101.0500,27,2
2026-01-28,000858,13:34:30,101.1000,13,1
2026-01-28,000858,13:34:33,101.1000,3,1
2026-01-28,000858,13:34:36,101.1000,19,1
2026-01-28,000858,13:34:39,101.1000,60,1
2026-01-28,000858,13:34:42,101.1000,25,2
2026-01-28,000858,13:34:45,101.0800,19,2
2026-01-28,000858,13:34:48,101.0900,15,4
2026-01-28,000858,13:34:51,101.0900,45,2
2026-01-28,000858,13:34:54,101.1400,138,1
2026-01-28,000858,13:34:57,101.1500,126,1
2026-01-28,000858,13:35:00,101.2500,868,1
2026-01-28,000858,13:35:03,101.2600,189,1
2026-01-28,000858,13:35:06,101.2600,59,1
2026-01-28,000858,13:35:09,101.2000,61,2
2026-01-28,000858,13:35:12,101.2500,46,2
2026-01-28,000858,13:35:15,101.2500,41,1
2026-01-28,000858,13:35:18,101.2000,32,2
2026-01-28,000858,13:35:21,101.1800,31,2
2026-01-28,000858,13:35:24,101.2000,119,1
2026-01-28,000858,13:35:27,101.2000,22,2
2026-01-28,000858,13:35:30,101.2000,17,2
2026-01-28,000858,13:35:33,101.2100,22,2
2026-01-28,000858,13:35:36,101.2000,40,2
2026-01-28,000858,13:35:39,101.4200,2233,1
2026-01-28,000858,13:35:42,101.4400,306,2
2026-01-28,000858,13:35:45,101.5300,1205,1
2026-01-28,000858,13:35:48,101.5400,900,2
2026-01-28,000858,13:35:51,101.5700,294,2
2026-01-28,000858,13:35:54,101.6200,846,1
2026-01-28,000858,13:35:57,101.5800,422,2
2026-01-28,000858,13:36:00,101.5500,146,2
2026-01-28,000858,13:36:03,101.5500,35,1
2026-01-28,000858,13:36:06,101.5100,59,2
2026-01-28,000858,13:36:09,101.4900,106,2
2026-01-28,000858,13:36:12,101.4900,18,1
2026-01-28,000858,13:36:15,101.4100,22,2
2026-01-28,000858,13:36:18,101.4100,35,1
2026-01-28,000858,13:36:21,101.4100,214,1
2026-01-28,000858,13:36:24,101.4000,89,2
2026-01-28,000858,13:36:27,101.3900,59,2
2026-01-28,000858,13:36:30,101.4300,190,1
2026-01-28,000858,13:36:33,101.4200,73,2
2026-01-28,000858,13:36:36,101.4300,94,1
2026-01-28,000858,13:36:39,101.4300,109,2
2026-01-28,000858,13:36:42,101.4300,83,2
2026-01-28,000858,13:36:45,101.4100,51,2
2026-01-28,000858,13:36:48,101.4300,56,1
2026-01-28,000858,13:36:51,101.4400,101,1
2026-01-28,000858,13:36:54,101.5000,364,1
2026-01-28,000858,13:36:57,101.5500,318,1
2026-01-28,000858,13:37:00,101.5500,273,2
2026-01-28,000858,13:37:03,101.6600,942,1
2026-01-28,000858,13:37:06,101.7400,269,1
2026-01-28,000858,13:37:09,101.7200,158,1
2026-01-28,000858,13:37:12,101.7200,141,1
2026-01-28,000858,13:37:15,101.7200,151,1
2026-01-28,000858,13:37:18,101.7100,229,2
2026-01-28,000858,13:37:21,101.6400,122,2
2026-01-28,000858,13:37:24,101.7100,154,1
2026-01-28,000858,13:37:27,101.6900,69,1
2026-01-28,000858,13:37:30,101.6300,146,2
2026-01-28,000858,13:37:33,101.7000,82,1
2026-01-28,000858,13:37:36,101.7000,56,1
2026-01-28,000858,13:37:39,101.6900,97,1
2026-01-28,000858,13:37:42,101.7000,153,1
2026-01-28,000858,13:37:45,101.6700,27,2
2026-01-28,000858,13:37:48,101.6700,74,1
2026-01-28,000858,13:37:51,101.6900,67,1
2026-01-28,000858,13:37:54,101.6400,172,2
2026-01-28,000858,13:37:57,101.5800,217,2
2026-01-28,000858,13:38:00,101.6200,119,1
2026-01-28,000858,13:38:03,101.6200,12,1
2026-01-28,000858,13:38:06,101.5600,35,2
2026-01-28,000858,13:38:09,101.5000,188,2
2026-01-28,000858,13:38:12,101.5300,158,1
2026-01-28,000858,13:38:15,101.4900,24,2
2026-01-28,000858,13:38:18,101.4800,32,2
2026-01-28,000858,13:38:21,101.4800,48,2
2026-01-28,000858,13:38:24,101.4800,15,1
2026-01-28,000858,13:38:27,101.4300,50,2
2026-01-28,000858,13:38:30,101.4300,12,2
2026-01-28,000858,13:38:33,101.4300,26,2
2026-01-28,000858,13:38:36,101.4300,22,2
2026-01-28,000858,13:38:39,101.4300,64,2
2026-01-28,000858,13:38:42,101.4200,18,2
2026-01-28,000858,13:38:45,101.4200,14,2
2026-01-28,000858,13:38:48,101.4200,21,1
2026-01-28,000858,13:38:51,101.4100,51,2
2026-01-28,000858,13:38:54,101.4100,9,1
2026-01-28,000858,13:38:57,101.4000,19,2
2026-01-28,000858,13:39:00,101.4000,37,2
2026-01-28,000858,13:39:03,101.4000,23,2
2026-01-28,000858,13:39:06,101.4000,61,1
2026-01-28,000858,13:39:09,101.4300,383,1
2026-01-28,000858,13:39:12,101.4500,61,1
2026-01-28,000858,13:39:15,101.4600,92,1
2026-01-28,000858,13:39:18,101.4700,106,2
2026-01-28,000858,13:39:21,101.5000,61,1
2026-01-28,000858,13:39:24,101.4900,36,2
2026-01-28,000858,13:39:27,101.5300,87,1
2026-01-28,000858,13:39:30,101.5300,55,2
2026-01-28,000858,13:39:33,101.5400,20,1
2026-01-28,000858,13:39:36,101.5500,22,1
2026-01-28,000858,13:39:39,101.5500,21,1
2026-01-28,000858,13:39:42,101.5600,57,1
2026-01-28,000858,13:39:45,101.5600,169,1
2026-01-28,000858,13:39:48,101.5600,55,2
2026-01-28,000858,13:39:51,101.5500,117,2
2026-01-28,000858,13:39:54,101.5500,137,1
2026-01-28,000858,13:39:57,101.5400,106,2
2026-01-28,000858,13:40:00,101.5400,35,1
2026-01-28,000858,13:40:03,101.5300,22,1
2026-01-28,000858,13:40:06,101.5300,34,1
2026-01-28,000858,13:40:09,101.5300,53,1
2026-01-28,000858,13:40:12,101.5300,16,1
2026-01-28,000858,13:40:15,101.5100,97,2
2026-01-28,000858,13:40:18,101.5000,33,4
2026-01-28,000858,13:40:21,101.5000,28,1
2026-01-28,000858,13:40:24,101.4800,54,2
2026-01-28,000858,13:40:27,101.4900,4,1
2026-01-28,000858,13:40:30,101.4800,30,2
2026-01-28,000858,13:40:33,101.4800,45,2
2026-01-28,000858,13:40:36,101.4800,11,1
2026-01-28,000858,13:40:39,101.4500,8,2
2026-01-28,000858,13:40:42,101.4300,25,2
2026-01-28,000858,13:40:45,101.4300,55,2
2026-01-28,000858,13:40:48,101.4300,23,2
2026-01-28,000858,13:40:51,101.4300,15,1
2026-01-28,000858,13:40:54,101.4300,11,1
2026-01-28,000858,13:40:57,101.4300,47,1
2026-01-28,000858,13:41:00,101.4200,42,2
2026-01-28,000858,13:41:03,101.4200,32,2
2026-01-28,000858,13:41:06,101.4100,37,2
2026-01-28,000858,13:41:09,101.4100,45,2
2026-01-28,000858,13:41:12,101.4000,8,2
2026-01-28,000858,13:41:15,101.4000,10,2
2026-01-28,000858,13:41:18,101.4100,23,1
2026-01-28,000858,13:41:21,101.4000,28,2
2026-01-28,000858,13:41:24,101.4000,42,2
2026-01-28,000858,13:41:27,101.4000,45,2
2026-01-28,000858,13:41:30,101.4000,23,2
2026-01-28,000858,13:41:33,101.4000,6,1
2026-01-28,000858,13:41:36,101.4000,39,1
2026-01-28,000858,13:41:39,101.4000,16,1
2026-01-28,000858,13:41:42,101.3900,25,2
2026-01-28,000858,13:41:45,101.4000,23,1
2026-01-28,000858,13:41:48,101.4000,30,1
2026-01-28,000858,13:41:51,101.3900,254,2
2026-01-28,000858,13:41:54,101.4600,48,1
2026-01-28,000858,13:41:57,101.4600,13,2
2026-01-28,000858,13:42:00,101.4600,19,2
2026-01-28,000858,13:42:03,101.4800,12,1
2026-01-28,000858,13:42:06,101.4600,8,2
2026-01-28,000858,13:42:09,101.4500,26,2
2026-01-28,000858,13:42:12,101.4500,4,1
2026-01-28,000858,13:42:15,101.4500,7,1
2026-01-28,000858,13:42:18,101.4500,1,1
2026-01-28,000858,13:42:21,101.4400,11,1
2026-01-28,000858,13:42:24,101.4100,7,2
2026-01-28,000858,13:42:27,101.4900,267,1
2026-01-28,000858,13:42:30,101.4900,29,2
2026-01-28,000858,13:42:33,101.5000,45,1
2026-01-28,000858,13:42:36,101.4900,46,2
2026-01-28,000858,13:42:39,101.5000,55,1
2026-01-28,000858,13:42:42,101.4900,63,2
2026-01-28,000858,13:42:45,101.4800,71,2
2026-01-28,000858,13:42:48,101.5000,36,1
2026-01-28,000858,13:42:51,101.4900,40,2
2026-01-28,000858,13:42:54,101.4900,33,1
2026-01-28,000858,13:42:57,101.4900,12,2
2026-01-28,000858,13:43:00,101.4900,25,2
2026-01-28,000858,13:43:03,101.4900,23,2
2026-01-28,000858,13:43:06,101.4900,82,2
2026-01-28,000858,13:43:09,101.4900,56,2
2026-01-28,000858,13:43:12,101.4900,65,2
2026-01-28,000858,13:43:15,101.4900,16,1
2026-01-28,000858,13:43:18,101.4800,38,2
2026-01-28,000858,13:43:21,101.4900,12,1
2026-01-28,000858,13:43:24,101.4800,33,2
2026-01-28,000858,13:43:27,101.4700,54,2
2026-01-28,000858,13:43:30,101.4700,5,2
2026-01-28,000858,13:43:33,101.4600,12,2
2026-01-28,000858,13:43:36,101.4600,6,2
2026-01-28,000858,13:43:39,101.4600,7,1
2026-01-28,000858,13:43:42,101.4500,36,2
2026-01-28,000858,13:43:45,101.4200,141,2
2026-01-28,000858,13:43:48,101.4200,2,2
2026-01-28,000858,13:43:51,101.4400,6,4
2026-01-28,000858,13:43:54,101.4200,18,2
2026-01-28,000858,13:43:57,101.4300,6,2
2026-01-28,000858,13:44:00,101.4200,11,2
2026-01-28,000858,13:44:03,101.4200,27,2
2026-01-28,000858,13:44:06,101.4100,29,2
2026-01-28,000858,13:44:09,101.4100,4,1
2026-01-28,000858,13:44:12,101.4100,24,1
2026-01-28,000858,13:44:15,101.4100,19,1
2026-01-28,000858,13:44:18,101.4000,35,2
2026-01-28,000858,13:44:21,101.4000,24,2
2026-01-28,000858,13:44:24,101.4000,119,2
2026-01-28,000858,13:44:27,101.4000,47,2
2026-01-28,000858,13:44:30,101.4000,77,2
2026-01-28,000858,13:44:33,101.3900,52,2
2026-01-28,000858,13:44:36,101.3700,38,2
2026-01-28,000858,13:44:39,101.3600,27,2
2026-01-28,000858,13:44:42,101.3600,46,2
2026-01-28,000858,13:44:45,101.3500,33,2
2026-01-28,000858,13:44:48,101.3100,14,2
2026-01-28,000858,13:44:51,101.3000,39,2
2026-01-28,000858,13:44:54,101.2800,36,2
2026-01-28,000858,13:44:57,101.2800,2,2
2026-01-28,000858,13:45:00,101.2800,21,1
2026-01-28,000858,13:45:03,101.3100,42,1
2026-01-28,000858,13:45:06,101.3300,28,1
2026-01-28,000858,13:45:09,101.2800,21,2
2026-01-28,000858,13:45:12,101.3700,34,1
2026-01-28,000858,13:45:15,101.3800,63,1
2026-01-28,000858,13:45:18,101.3300,4,2
2026-01-28,000858,13:45:21,101.3900,12,1
2026-01-28,000858,13:45:24,101.3900,34,1
2026-01-28,000858,13:45:27,101.3900,23,2
2026-01-28,000858,13:45:30,101.3900,12,1
2026-01-28,000858,13:45:33,101.3800,24,2
2026-01-28,000858,13:45:36,101.3800,31,2
2026-01-28,000858,13:45:39,101.3800,10,4
2026-01-28,000858,13:45:42,101.3700,13,2
2026-01-28,000858,13:45:45,101.3800,29,2
2026-01-28,000858,13:45:48,101.3800,9,1
2026-01-28,000858,13:45:51,101.3800,4,2
2026-01-28,000858,13:45:54,101.3800,25,2
2026-01-28,000858,13:45:57,101.3900,17,1
2026-01-28,000858,13:46:00,101.3900,15,2
2026-01-28,000858,13:46:03,101.4000,28,1
2026-01-28,000858,13:46:06,101.4000,34,1
2026-01-28,000858,13:46:09,101.4000,1,2
2026-01-28,000858,13:46:12,101.4000,36,2
2026-01-28,000858,13:46:15,101.4100,40,4
2026-01-28,000858,13:46:18,101.4200,9,1
2026-01-28,000858,13:46:21,101.4500,140,1
2026-01-28,000858,13:46:24,101.4300,24,2
2026-01-28,000858,13:46:27,101.4600,37,2
2026-01-28,000858,13:46:30,101.4800,32,1
2026-01-28,000858,13:46:33,101.4800,27,1
2026-01-28,000858,13:46:36,101.4800,28,1
2026-01-28,000858,13:46:39,101.4800,15,2
2026-01-28,000858,13:46:42,101.4800,36,2
2026-01-28,000858,13:46:45,101.4800,9,2
2026-01-28,000858,13:46:48,101.4800,106,2
2026-01-28,000858,13:46:51,101.4800,26,2
2026-01-28,000858,13:46:54,101.4800,45,2
2026-01-28,000858,13:46:57,101.4800,26,2
2026-01-28,000858,13:47:00,101.4900,32,2
2026-01-28,000858,13:47:03,101.4900,123,1
2026-01-28,000858,13:47:06,101.5800,520,1
2026-01-28,000858,13:47:09,101.6100,279,1
2026-01-28,000858,13:47:12,101.6100,54,1
2026-01-28,000858,13:47:15,101.6400,40,1
2026-01-28,000858,13:47:18,101.6300,76,1
2026-01-28,000858,13:47:21,101.6300,34,1
2026-01-28,000858,13:47:24,101.6200,86,2
2026-01-28,000858,13:47:27,101.6200,65,1
2026-01-28,000858,13:47:30,101.6000,89,2
2026-01-28,000858,13:47:33,101.6000,57,1
2026-01-28,000858,13:47:36,101.5600,42,2
2026-01-28,000858,13:47:39,101.5700,35,1
2026-01-28,000858,13:47:42,101.5600,25,1
2026-01-28,000858,13:47:45,101.5500,22,1
2026-01-28,000858,13:47:48,101.5000,12,2
2026-01-28,000858,13:47:51,101.5500,14,1
2026-01-28,000858,13:47:54,101.5600,51,1
2026-01-28,000858,13:47:57,101.5700,39,1
2026-01-28,000858,13:48:00,101.5800,15,4
2026-01-28,000858,13:48:03,101.5700,37,2
2026-01-28,000858,13:48:06,101.5900,138,1
2026-01-28,000858,13:48:09,101.6100,485,1
2026-01-28,000858,13:48:12,101.6100,168,2
2026-01-28,000858,13:48:15,101.6500,23,1
2026-01-28,000858,13:48:18,101.6100,76,2
2026-01-28,000858,13:48:21,101.6500,7,1
2026-01-28,000858,13:48:24,101.6100,34,2
2026-01-28,000858,13:48:27,101.5900,122,2
2026-01-28,000858,13:48:30,101.6100,40,2
2026-01-28,000858,13:48:33,101.6100,28,2
2026-01-28,000858,13:48:36,101.6100,4,1
2026-01-28,000858,13:48:39,101.6100,65,1
2026-01-28,000858,13:48:42,101.6100,33,1
2026-01-28,000858,13:48:45,101.6100,45,1
2026-01-28,000858,13:48:48,101.6000,12,2
2026-01-28,000858,13:48:51,101.5900,14,2
2026-01-28,000858,13:48:54,101.5900,11,1
2026-01-28,000858,13:48:57,101.5900,23,2
2026-01-28,000858,13:49:00,101.6000,82,1
2026-01-28,000858,13:49:03,101.6900,1195,1
2026-01-28,000858,13:49:06,101.6200,313,2
2026-01-28,000858,13:49:09,101.6200,21,2
2026-01-28,000858,13:49:12,101.6200,46,2
2026-01-28,000858,13:49:15,101.6200,71,2
2026-01-28,000858,13:49:18,101.6400,126,1
2026-01-28,000858,13:49:21,101.6300,315,2
2026-01-28,000858,13:49:24,101.6300,31,1
2026-01-28,000858,13:49:27,101.5800,32,2
2026-01-28,000858,13:49:30,101.6300,47,1
2026-01-28,000858,13:49:33,101.6200,22,1
2026-01-28,000858,13:49:36,101.5800,9,2
2026-01-28,000858,13:49:39,101.5800,6,2
2026-01-28,000858,13:49:42,101.5800,22,2
2026-01-28,000858,13:49:45,101.6100,20,1
2026-01-28,000858,13:49:48,101.6100,27,2
2026-01-28,000858,13:49:51,101.6000,22,2
2026-01-28,000858,13:49:54,101.6100,22,1
2026-01-28,000858,13:49:57,101.6000,30,2
2026-01-28,000858,13:50:00,101.6000,37,1
2026-01-28,000858,13:50:03,101.6000,14,2
2026-01-28,000858,13:50:06,101.6000,39,1
2026-01-28,000858,13:50:09,101.5900,16,2
2026-01-28,000858,13:50:12,101.5900,7,4
2026-01-28,000858,13:50:15,101.5800,9,2
2026-01-28,000858,13:50:18,101.5900,60,1
2026-01-28,000858,13:50:21,101.5900,34,2
2026-01-28,000858,13:50:24,101.6000,66,1
2026-01-28,000858,13:50:27,101.6000,70,1
2026-01-28,000858,13:50:30,101.5900,22,1
2026-01-28,000858,13:50:33,101.6000,35,1
2026-01-28,000858,13:50:36,101.6100,24,1
2026-01-28,000858,13:50:39,101.6100,20,1
2026-01-28,000858,13:50:42,101.6000,90,2
2026-01-28,000858,13:50:45,101.6000,56,1
2026-01-28,000858,13:50:48,101.6000,28,1
2026-01-28,000858,13:50:51,101.6000,10,1
2026-01-28,000858,13:50:54,101.5900,94,2
2026-01-28,000858,13:50:57,101.6200,197,1
2026-01-28,000858,13:51:00,101.7000,993,1
2026-01-28,000858,13:51:03,101.7500,92,1
2026-01-28,000858,13:51:06,101.7400,140,1
2026-01-28,000858,13:51:09,101.7400,92,1
2026-01-28,000858,13:51:12,101.7300,70,2
2026-01-28,000858,13:51:15,101.7300,20,1
2026-01-28,000858,13:51:18,101.6600,43,2
2026-01-28,000858,13:51:21,101.7300,43,1
2026-01-28,000858,13:51:24,101.7200,67,1
2026-01-28,000858,13:51:27,101.7200,41,1
2026-01-28,000858,13:51:30,101.7300,88,1
2026-01-28,000858,13:51:33,101.7200,73,4
2026-01-28,000858,13:51:36,101.7200,111,1
2026-01-28,000858,13:51:39,101.7200,29,4
2026-01-28,000858,13:51:42,101.7200,50,1
2026-01-28,000858,13:51:45,101.7200,50,1
2026-01-28,000858,13:51:48,101.7300,64,1
2026-01-28,000858,13:51:51,101.7200,88,2
2026-01-28,000858,13:51:54,101.7200,142,2
2026-01-28,000858,13:51:57,101.7400,110,1
2026-01-28,000858,13:52:00,101.7300,26,2
2026-01-28,000858,13:52:03,101.7400,51,4
2026-01-28,000858,13:52:06,101.7400,78,1
2026-01-28,000858,13:52:09,101.7400,88,1
2026-01-28,000858,13:52:12,101.7400,49,1
2026-01-28,000858,13:52:15,101.7300,58,2
2026-01-28,000858,13:52:18,101.7200,69,2
2026-01-28,000858,13:52:21,101.7000,66,2
2026-01-28,000858,13:52:24,101.7000,27,2
2026-01-28,000858,13:52:27,101.7200,52,1
2026-01-28,000858,13:52:30,101.7000,77,2
2026-01-28,000858,13:52:33,101.7000,58,2
2026-01-28,000858,13:52:36,101.7000,36,1
2026-01-28,000858,13:52:39,101.6900,33,2
2026-01-28,000858,13:52:42,101.7000,22,1
2026-01-28,000858,13:52:45,101.6800,19,2
2026-01-28,000858,13:52:48,101.6800,57,1
2026-01-28,000858,13:52:51,101.6800,10,1
2026-01-28,000858,13:52:54,101.6800,38,1
2026-01-28,000858,13:52:57,101.6800,34,1
2026-01-28,000858,13:53:00,101.6800,22,1
2026-01-28,000858,13:53:03,101.6800,30,1
2026-01-28,000858,13:53:06,101.6800,83,2
2026-01-28,000858,13:53:09,101.6800,31,2
2026-01-28,000858,13:53:12,101.7500,1015,1
2026-01-28,000858,13:53:15,101.7800,145,1
2026-01-28,000858,13:53:18,101.7200,30,2
2026-01-28,000858,13:53:21,101.7500,17,1
2026-01-28,000858,13:53:24,101.7500,33,1
2026-01-28,000858,13:53:27,101.7700,28,1
2026-01-28,000858,13:53:30,101.7500,58,1
2026-01-28,000858,13:53:33,101.7500,72,1
2026-01-28,000858,13:53:36,101.7500,43,1
2026-01-28,000858,13:53:39,101.7500,57,1
2026-01-28,000858,13:53:42,101.7500,192,1
2026-01-28,000858,13:53:45,101.7200,15,2
2026-01-28,000858,13:53:48,101.7500,43,1
2026-01-28,000858,13:53:51,101.7300,34,2
2026-01-28,000858,13:53:54,101.7300,16,2
2026-01-28,000858,13:53:57,101.7300,96,1
2026-01-28,000858,13:54:00,101.7300,21,2
2026-01-28,000858,13:54:03,101.7400,37,1
2026-01-28,000858,13:54:06,101.7300,55,2
2026-01-28,000858,13:54:09,101.7100,87,2
2026-01-28,000858,13:54:12,101.7100,35,1
2026-01-28,000858,13:54:15,101.7000,32,2
2026-01-28,000858,13:54:18,101.6700,77,2
2026-01-28,000858,13:54:21,101.6600,158,2
2026-01-28,000858,13:54:24,101.6600,21,2
2026-01-28,000858,13:54:27,101.6000,72,2
2026-01-28,000858,13:54:30,101.6500,60,1
2026-01-28,000858,13:54:33,101.5900,50,2
2026-01-28,000858,13:54:36,101.6300,44,1
2026-01-28,000858,13:54:39,101.5900,31,2
2026-01-28,000858,13:54:42,101.5800,52,2
2026-01-28,000858,13:54:45,101.5500,54,2
2026-01-28,000858,13:54:48,101.5700,52,1
2026-01-28,000858,13:54:51,101.5500,40,2
2026-01-28,000858,13:54:54,101.5700,33,1
2026-01-28,000858,13:54:57,101.5400,46,2
2026-01-28,000858,13:55:00,101.5400,13,4
2026-01-28,000858,13:55:03,101.5300,23,2
2026-01-28,000858,13:55:06,101.5500,40,1
2026-01-28,000858,13:55:09,101.5500,100,1
2026-01-28,000858,13:55:12,101.5500,70,2
2026-01-28,000858,13:55:15,101.5700,93,1
2026-01-28,000858,13:55:18,101.5700,19,1
2026-01-28,000858,13:55:21,101.5500,15,2
2026-01-28,000858,13:55:24,101.5600,21,1
2026-01-28,000858,13:55:27,101.5600,21,1
2026-01-28,000858,13:55:30,101.5600,6,2
2026-01-28,000858,13:55:33,101.5700,7,1
2026-01-28,000858,13:55:36,101.5700,33,2
2026-01-28,000858,13:55:39,101.5700,12,2
2026-01-28,000858,13:55:42,101.5700,22,2
2026-01-28,000858,13:55:45,101.5700,3,2
2026-01-28,000858,13:55:48,101.5800,50,1
2026-01-28,000858,13:55:51,101.5800,79,1
2026-01-28,000858,13:55:54,101.5800,13,2
2026-01-28,000858,13:55:57,101.5800,35,2
2026-01-28,000858,13:56:00,101.5800,7,2
2026-01-28,000858,13:56:03,101.5900,26,4
2026-01-28,000858,13:56:06,101.5800,31,2
2026-01-28,000858,13:56:09,101.5600,36,2
2026-01-28,000858,13:56:12,101.5700,14,1
2026-01-28,000858,13:56:15,101.5600,19,2
2026-01-28,000858,13:56:18,101.5700,16,1
2026-01-28,000858,13:56:21,101.5700,56,1
2026-01-28,000858,13:56:24,101.5700,22,1
2026-01-28,000858,13:56:27,101.5700,17,1
2026-01-28,000858,13:56:30,101.5700,21,1
2026-01-28,000858,13:56:33,101.5600,13,2
2026-01-28,000858,13:56:36,101.5600,15,2
2026-01-28,000858,13:56:39,101.5500,89,2
2026-01-28,000858,13:56:42,101.5400,9,2
2026-01-28,000858,13:56:45,101.5400,42,1
2026-01-28,000858,13:56:48,101.5200,20,2
2026-01-28,000858,13:56:51,101.5200,28,2
2026-01-28,000858,13:56:54,101.5300,10,1
2026-01-28,000858,13:56:57,101.5200,38,2
2026-01-28,000858,13:57:00,101.5300,12,1
2026-01-28,000858,13:57:03,101.5300,58,1
2026-01-28,000858,13:57:06,101.5200,29,2
2026-01-28,000858,13:57:09,101.5300,14,2
2026-01-28,000858,13:57:12,101.5500,13,1
2026-01-28,000858,13:57:15,101.5500,40,1
2026-01-28,000858,13:57:18,101.5300,100,1
2026-01-28,000858,13:57:21,101.5300,5,4
2026-01-28,000858,13:57:24,101.5300,37,1
2026-01-28,000858,13:57:27,101.5300,26,1
2026-01-28,000858,13:57:30,101.5300,30,1
2026-01-28,000858,13:57:33,101.5300,62,1
2026-01-28,000858,13:57:36,101.5300,43,2
2026-01-28,000858,13:57:39,101.5300,66,2
2026-01-28,000858,13:57:42,101.5300,89,2
2026-01-28,000858,13:57:45,101.5300,18,2
2026-01-28,000858,13:57:48,101.5300,8,2
2026-01-28,000858,13:57:51,101.5400,8,1
2026-01-28,000858,13:57:54,101.5300,10,2
2026-01-28,000858,13:57:57,101.5300,24,2
2026-01-28,000858,13:58:00,101.5300,26,2
2026-01-28,000858,13:58:03,101.5400,20,2
2026-01-28,000858,13:58:06,101.5400,20,2
2026-01-28,000858,13:58:09,101.5400,50,1
2026-01-28,000858,13:58:12,101.5400,3,2
2026-01-28,000858,13:58:15,101.5500,53,1
2026-01-28,000858,13:58:18,101.5300,83,2
2026-01-28,000858,13:58:21,101.5300,51,2
2026-01-28,000858,13:58:24,101.5400,6,1
2026-01-28,000858,13:58:27,101.5300,8,2
2026-01-28,000858,13:58:30,101.5300,12,2
2026-01-28,000858,13:58:33,101.5400,35,1
2026-01-28,000858,13:58:36,101.5200,17,2
2026-01-28,000858,13:58:39,101.5200,45,2
2026-01-28,000858,13:58:42,101.5100,56,2
2026-01-28,000858,13:58:45,101.5200,102,2
2026-01-28,000858,13:58:48,101.5100,28,2
2026-01-28,000858,13:58:51,101.5000,148,2
2026-01-28,000858,13:58:54,101.5000,1,2
2026-01-28,000858,13:58:57,101.5000,31,2
2026-01-28,000858,13:59:00,101.5000,33,1
2026-01-28,000858,13:59:03,101.4800,38,2
2026-01-28,000858,13:59:06,101.4900,9,1
2026-01-28,000858,13:59:09,101.4600,31,2
2026-01-28,000858,13:59:12,101.4900,4,1
2026-01-28,000858,13:59:15,101.4600,3,2
2026-01-28,000858,13:59:18,101.4600,3,2
2026-01-28,000858,13:59:21,101.4600,29,2
2026-01-28,000858,13:59:24,101.4700,9,2
2026-01-28,000858,13:59:27,101.4700,8,2
2026-01-28,000858,13:59:30,101.4700,30,2
2026-01-28,000858,13:59:33,101.4800,19,1
2026-01-28,000858,13:59:36,101.4700,10,2
2026-01-28,000858,13:59:39,101.4700,136,2
2026-01-28,000858,13:59:42,101.5100,146,1
2026-01-28,000858,13:59:45,101.5100,32,2
2026-01-28,000858,13:59:48,101.5600,109,1
2026-01-28,000858,13:59:51,101.5600,29,1
2026-01-28,000858,13:59:54,101.5500,4,2
2026-01-28,000858,13:59:57,101.5600,21,1
2026-01-28,000858,14:00:00,101.5600,33,2
2026-01-28,000858,14:00:03,101.5800,65,1
2026-01-28,000858,14:00:06,101.5700,24,4
2026-01-28,000858,14:00:09,101.5800,34,1
2026-01-28,000858,14:00:12,101.5800,3,2
2026-01-28,000858,14:00:15,101.5900,12,1
2026-01-28,000858,14:00:18,101.5800,12,2
2026-01-28,000858,14:00:21,101.5900,42,1
2026-01-28,000858,14:00:24,101.5900,29,1
2026-01-28,000858,14:00:27,101.5800,31,2
2026-01-28,000858,14:00:30,101.5800,18,2
2026-01-28,000858,14:00:33,101.5700,63,2
2026-01-28,000858,14:00:36,101.5600,20,2
2026-01-28,000858,14:00:39,101.5800,24,1
2026-01-28,000858,14:00:42,101.5600,9,2
2026-01-28,000858,14:00:45,101.5600,8,2
2026-01-28,000858,14:00:48,101.5700,57,1
2026-01-28,000858,14:00:51,101.5600,21,2
2026-01-28,000858,14:00:54,101.5200,55,2
2026-01-28,000858,14:00:57,101.5200,25,2
2026-01-28,000858,14:01:03,101.5200,8,2
2026-01-28,000858,14:01:06,101.5200,11,2
2026-01-28,000858,14:01:09,101.5200,24,2
2026-01-28,000858,14:01:12,101.5200,15,2
2026-01-28,000858,14:01:15,101.5300,23,1
2026-01-28,000858,14:01:18,101.5200,2,4
2026-01-28,000858,14:01:21,101.5200,28,1
2026-01-28,000858,14:01:24,101.5500,71,1
2026-01-28,000858,14:01:27,101.5500,6,1
2026-01-28,000858,14:01:30,101.5500,5,1
2026-01-28,000858,14:01:33,101.5500,19,1
2026-01-28,000858,14:01:36,101.5500,14,1
2026-01-28,000858,14:01:39,101.5400,52,2
2026-01-28,000858,14:01:42,101.5600,46,1
2026-01-28,000858,14:01:45,101.5400,26,2
2026-01-28,000858,14:01:48,101.5400,10,2
2026-01-28,000858,14:01:51,101.5400,103,2
2026-01-28,000858,14:01:54,101.5500,10,4
2026-01-28,000858,14:01:57,101.5500,36,2
2026-01-28,000858,14:02:00,101.5400,8,4
2026-01-28,000858,14:02:03,101.5300,11,2
2026-01-28,000858,14:02:06,101.5500,28,1
2026-01-28,000858,14:02:09,101.5400,19,2
2026-01-28,000858,14:02:12,101.5300,57,2
2026-01-28,000858,14:02:15,101.5200,50,2
2026-01-28,000858,14:02:18,101.5300,11,1
2026-01-28,000858,14:02:21,101.5200,8,1
2026-01-28,000858,14:02:24,101.5200,3,1
2026-01-28,000858,14:02:27,101.5100,21,2
2026-01-28,000858,14:02:30,101.5100,40,2
2026-01-28,000858,14:02:33,101.5100,5,2
2026-01-28,000858,14:02:36,101.5100,40,2
2026-01-28,000858,14:02:39,101.5100,4,1
2026-01-28,000858,14:02:42,101.5100,11,1
2026-01-28,000858,14:02:45,101.5000,18,2
2026-01-28,000858,14:02:48,101.5000,22,2
2026-01-28,000858,14:02:51,101.5000,37,2
2026-01-28,000858,14:02:54,101.5000,5,2
2026-01-28,000858,14:02:57,101.4900,36,2
2026-01-28,000858,14:03:00,101.5000,9,1
2026-01-28,000858,14:03:03,101.5000,21,1
2026-01-28,000858,14:03:06,101.5000,27,1
2026-01-28,000858,14:03:09,101.4700,19,2
2026-01-28,000858,14:03:12,101.4800,18,1
2026-01-28,000858,14:03:15,101.4800,12,1
2026-01-28,000858,14:03:18,101.4800,2,1
2026-01-28,000858,14:03:21,101.4700,23,2
2026-01-28,000858,14:03:24,101.4700,16,2
2026-01-28,000858,14:03:27,101.4700,85,2
2026-01-28,000858,14:03:30,101.4800,21,1
2026-01-28,000858,14:03:33,101.4700,17,2
2026-01-28,000858,14:03:36,101.4800,117,1
2026-01-28,000858,14:03:39,101.4800,31,1
2026-01-28,000858,14:03:42,101.4800,10,2
2026-01-28,000858,14:03:45,101.4800,45,2
2026-01-28,000858,14:03:48,101.4700,20,2
2026-01-28,000858,14:03:51,101.4800,22,1
2026-01-28,000858,14:03:54,101.4700,17,2
2026-01-28,000858,14:03:57,101.4700,22,2
2026-01-28,000858,14:04:00,101.4700,10,2
2026-01-28,000858,14:04:03,101.4700,4,2
2026-01-28,000858,14:04:06,101.4700,34,2
2026-01-28,000858,14:04:09,101.4800,31,1
2026-01-28,000858,14:04:12,101.4800,3,1
2026-01-28,000858,14:04:15,101.4800,25,1
2026-01-28,000858,14:04:18,101.4700,61,2
2026-01-28,000858,14:04:21,101.4700,9,1
2026-01-28,000858,14:04:24,101.4600,11,2
2026-01-28,000858,14:04:27,101.4600,3,2
2026-01-28,000858,14:04:30,101.4700,10,1
2026-01-28,000858,14:04:33,101.4600,41,2
2026-01-28,000858,14:04:36,101.4500,28,2
2026-01-28,000858,14:04:39,101.4600,10,1
2026-01-28,000858,14:04:42,101.4500,62,2
2026-01-28,000858,14:04:45,101.4600,70,1
2026-01-28,000858,14:04:48,101.4600,23,1
2026-01-28,000858,14:04:51,101.4600,50,1
2026-01-28,000858,14:04:54,101.4600,42,1
2026-01-28,000858,14:04:57,101.4500,45,2
2026-01-28,000858,14:05:00,101.4600,15,1
2026-01-28,000858,14:05:03,101.4600,11,1
2026-01-28,000858,14:05:06,101.4600,27,1
2026-01-28,000858,14:05:09,101.4600,13,1
2026-01-28,000858,14:05:12,101.4500,32,2
2026-01-28,000858,14:05:15,101.4500,86,2
2026-01-28,000858,14:05:18,101.4500,13,2
2026-01-28,000858,14:05:21,101.4500,26,2
2026-01-28,000858,14:05:24,101.4600,11,1
2026-01-28,000858,14:05:27,101.4500,4,2
2026-01-28,000858,14:05:30,101.4500,13,2
2026-01-28,000858,14:05:33,101.4500,19,2
2026-01-28,000858,14:05:36,101.4600,13,1
2026-01-28,000858,14:05:39,101.4500,30,2
2026-01-28,000858,14:05:42,101.4600,12,1
2026-01-28,000858,14:05:45,101.4600,15,1
2026-01-28,000858,14:05:48,101.4500,19,2
2026-01-28,000858,14:05:51,101.4500,23,2
2026-01-28,000858,14:05:54,101.4600,19,1
2026-01-28,000858,14:05:57,101.4600,24,1
2026-01-28,000858,14:06:00,101.4500,4,2
2026-01-28,000858,14:06:03,101.4500,18,2
2026-01-28,000858,14:06:06,101.4500,7,2
2026-01-28,000858,14:06:09,101.4500,63,2
2026-01-28,000858,14:06:12,101.4500,16,2
2026-01-28,000858,14:06:15,101.4500,13,4
2026-01-28,000858,14:06:18,101.4500,33,1
2026-01-28,000858,14:06:21,101.4500,19,1
2026-01-28,000858,14:06:24,101.4500,13,1
2026-01-28,000858,14:06:27,101.4500,28,1
2026-01-28,000858,14:06:30,101.4500,10,2
2026-01-28,000858,14:06:33,101.4500,15,2
2026-01-28,000858,14:06:36,101.4500,11,2
2026-01-28,000858,10:56:27,100.7300,36,4
2026-01-28,000858,10:56:30,100.7600,37,1
2026-01-28,000858,10:56:33,100.7300,56,2
2026-01-28,000858,10:56:36,100.7200,33,2
2026-01-28,000858,10:56:39,100.7300,21,4
2026-01-28,000858,10:56:42,100.7300,21,2
2026-01-28,000858,10:56:45,100.7300,34,2
2026-01-28,000858,10:56:48,100.7200,76,2
2026-01-28,000858,10:56:51,100.7400,24,2
2026-01-28,000858,10:56:54,100.7200,31,2
2026-01-28,000858,10:56:57,100.7200,61,2
2026-01-28,000858,10:57:00,100.7100,55,2
2026-01-28,000858,10:57:03,100.7000,61,2
2026-01-28,000858,10:57:06,100.7400,126,1
2026-01-28,000858,10:57:09,100.7200,59,4
2026-01-28,000858,10:57:12,100.7000,71,2
2026-01-28,000858,10:57:15,100.7100,92,2
2026-01-28,000858,10:57:18,100.7200,65,2
2026-01-28,000858,10:57:21,100.7200,59,2
2026-01-28,000858,10:57:24,100.7200,52,2
2026-01-28,000858,10:57:27,100.7200,31,1
2026-01-28,000858,10:57:30,100.7200,17,1
2026-01-28,000858,10:57:33,100.7400,66,1
2026-01-28,000858,10:57:36,100.7300,49,2
2026-01-28,000858,10:57:39,100.7200,43,2
2026-01-28,000858,10:57:42,100.7100,71,2
2026-01-28,000858,10:57:45,100.7200,23,4
2026-01-28,000858,10:57:48,100.7100,47,2
2026-01-28,000858,10:57:51,100.7100,33,2
2026-01-28,000858,10:57:54,100.7200,57,2
2026-01-28,000858,10:57:57,100.7100,57,2
2026-01-28,000858,10:58:00,100.7200,29,2
2026-01-28,000858,10:58:03,100.7200,40,1
2026-01-28,000858,10:58:06,100.7600,85,1
2026-01-28,000858,10:58:09,100.7200,26,2
2026-01-28,000858,10:58:12,100.7200,40,2
2026-01-28,000858,10:58:15,100.7200,21,2
2026-01-28,000858,10:58:18,100.7600,17,1
2026-01-28,000858,10:58:21,100.7200,23,2
2026-01-28,000858,10:58:24,100.7500,51,1
2026-01-28,000858,10:58:27,100.7500,56,2
2026-01-28,000858,10:58:30,100.7200,53,2
2026-01-28,000858,10:58:33,100.7600,31,1
2026-01-28,000858,10:58:36,100.7500,45,1
2026-01-28,000858,10:58:39,100.7200,46,2
2026-01-28,000858,10:58:42,100.7200,70,2
2026-01-28,000858,10:58:45,100.7600,48,1
2026-01-28,000858,10:58:48,100.7500,45,1
2026-01-28,000858,10:58:51,100.7200,19,2
2026-01-28,000858,10:58:54,100.7200,12,2
2026-01-28,000858,10:58:57,100.7200,45,2
2026-01-28,000858,10:59:00,100.7500,76,1
2026-01-28,000858,10:59:03,100.7400,18,2
2026-01-28,000858,10:59:06,100.7300,45,2
2026-01-28,000858,10:59:09,100.7300,27,2
2026-01-28,000858,10:59:12,100.7500,40,1
2026-01-28,000858,10:59:15,100.7300,17,2
2026-01-28,000858,10:59:18,100.7200,65,2
2026-01-28,000858,10:59:21,100.7200,35,2
2026-01-28,000858,10:59:24,100.7300,43,1
2026-01-28,000858,10:59:27,100.7200,64,2
2026-01-28,000858,10:59:30,100.7300,47,1
2026-01-28,000858,10:59:33,100.7200,77,2
2026-01-28,000858,10:59:36,100.7100,66,2
2026-01-28,000858,10:59:39,100.7300,74,1
2026-01-28,000858,10:59:42,100.7300,68,1
2026-01-28,000858,10:59:45,100.6900,459,2
2026-01-28,000858,10:59:48,100.7000,116,1
2026-01-28,000858,10:59:51,100.6900,67,2
2026-01-28,000858,10:59:54,100.7100,44,1
2026-01-28,000858,10:59:57,100.6900,97,2
2026-01-28,000858,11:00:00,100.6900,44,2
2026-01-28,000858,11:00:03,100.7000,43,2
2026-01-28,000858,11:00:06,100.7100,156,1
2026-01-28,000858,11:00:09,100.6900,43,2
2026-01-28,000858,11:00:12,100.6900,80,2
2026-01-28,000858,11:00:15,100.7000,59,1
2026-01-28,000858,11:00:18,100.7000,53,2
2026-01-28,000858,11:00:21,100.7000,50,2
2026-01-28,000858,11:00:24,100.7200,25,1
2026-01-28,000858,11:00:27,100.7000,55,1
2026-01-28,000858,11:00:30,100.6900,32,2
2026-01-28,000858,11:00:33,100.6900,39,2
2026-01-28,000858,11:00:36,100.7000,16,2
2026-01-28,000858,11:00:39,100.7000,67,2
2026-01-28,000858,11:00:42,100.6900,40,2
2026-01-28,000858,11:00:45,100.6900,38,2
2026-01-28,000858,11:00:48,100.6900,46,2
2026-01-28,000858,11:00:51,100.7100,69,1
2026-01-28,000858,11:00:54,100.7100,71,1
2026-01-28,000858,11:00:57,100.7000,47,2
2026-01-28,000858,11:01:00,100.7000,110,2
2026-01-28,000858,11:01:03,100.6800,30,2
2026-01-28,000858,11:01:06,100.6800,91,2
2026-01-28,000858,11:01:09,100.7200,43,1
2026-01-28,000858,11:01:12,100.6900,52,2
2026-01-28,000858,11:01:15,100.7000,47,2
2026-01-28,000858,11:01:18,100.6900,34,2
2026-01-28,000858,11:01:21,100.6900,48,2
2026-01-28,000858,11:01:24,100.6900,112,2
2026-01-28,000858,11:01:27,100.6900,43,2
2026-01-28,000858,11:01:30,100.6900,74,2
2026-01-28,000858,11:01:33,100.6800,49,2
2026-01-28,000858,11:01:36,100.6800,56,2
2026-01-28,000858,11:01:39,100.7000,93,1
2026-01-28,000858,11:01:42,100.6800,89,2
2026-01-28,000858,11:01:45,100.7000,70,4
2026-01-28,000858,11:01:48,100.7000,129,2
2026-01-28,000858,11:01:51,100.7100,96,1
2026-01-28,000858,11:01:54,100.6900,20,2
2026-01-28,000858,11:01:57,100.7100,26,1
2026-01-28,000858,11:02:00,100.7000,54,1
2026-01-28,000858,11:02:03,100.7200,30,1
2026-01-28,000858,11:02:06,100.7000,42,2
2026-01-28,000858,11:02:09,100.7200,17,1
2026-01-28,000858,11:02:12,100.7200,80,1
2026-01-28,000858,11:02:15,100.7100,52,2
2026-01-28,000858,11:02:18,100.7100,24,1
2026-01-28,000858,11:02:21,100.7000,39,2
2026-01-28,000858,11:02:24,100.7100,47,4
2026-01-28,000858,11:02:27,100.7200,23,1
2026-01-28,000858,11:02:30,100.7000,75,2
2026-01-28,000858,11:02:33,100.7200,47,1
2026-01-28,000858,11:02:36,100.6900,86,2
2026-01-28,000858,11:02:39,100.6900,61,2
2026-01-28,000858,11:02:42,100.6900,107,2
2026-01-28,000858,11:02:45,100.6900,57,2
2026-01-28,000858,11:02:48,100.6900,69,2
2026-01-28,000858,11:02:51,100.6900,51,2
2026-01-28,000858,11:02:54,100.6900,40,2
2026-01-28,000858,11:02:57,100.7000,34,2
2026-01-28,000858,11:03:00,100.7000,63,2
2026-01-28,000858,11:03:03,100.7000,73,2
2026-01-28,000858,11:03:06,100.7000,24,2
2026-01-28,000858,11:03:09,100.7000,44,2
2026-01-28,000858,11:03:12,100.7000,34,2
2026-01-28,000858,11:03:15,100.7100,22,2
2026-01-28,000858,11:03:18,100.7000,28,2
2026-01-28,000858,11:03:21,100.7000,14,2
2026-01-28,000858,11:03:24,100.7700,13,1
2026-01-28,000858,11:03:27,100.7600,20,2
2026-01-28,000858,11:03:30,100.7800,15,1
2026-01-28,000858,11:03:33,100.7800,11,1
2026-01-28,000858,11:03:36,100.7800,37,1
2026-01-28,000858,11:03:39,100.7800,14,1
2026-01-28,000858,11:03:42,100.7700,36,2
2026-01-28,000858,11:03:45,100.7700,55,2
2026-01-28,000858,11:03:48,100.7800,33,1
2026-01-28,000858,11:03:51,100.7800,15,1
2026-01-28,000858,11:03:54,100.7700,14,4
2026-01-28,000858,11:03:57,100.7600,73,2
2026-01-28,000858,11:04:00,100.7700,22,4
2026-01-28,000858,11:04:03,100.7600,283,2
2026-01-28,000858,11:04:06,100.8900,60,1
2026-01-28,000858,11:04:09,100.8700,14,1
2026-01-28,000858,11:04:12,100.7900,6,2
2026-01-28,000858,11:04:15,100.8800,20,1
2026-01-28,000858,11:04:18,100.8700,17,1
2026-01-28,000858,11:04:21,100.9000,7,1
2026-01-28,000858,11:04:24,100.8000,14,2
2026-01-28,000858,11:04:27,100.8700,20,1
2026-01-28,000858,11:04:30,100.8000,13,2
2026-01-28,000858,11:04:33,100.8000,14,2
2026-01-28,000858,11:04:36,100.8000,30,2
2026-01-28,000858,11:04:39,100.8000,22,2
2026-01-28,000858,11:04:42,100.8800,22,1
2026-01-28,000858,11:04:45,100.8800,26,2
2026-01-28,000858,11:04:48,100.8800,13,2
2026-01-28,000858,11:04:51,100.8900,14,1
2026-01-28,000858,11:04:54,100.8800,10,2
2026-01-28,000858,11:04:57,100.8900,15,1
2026-01-28,000858,11:05:00,100.8800,13,2
2026-01-28,000858,11:05:03,100.8900,7,1
2026-01-28,000858,11:05:06,100.8900,5,4
2026-01-28,000858,11:05:09,100.8700,63,2
2026-01-28,000858,11:05:12,100.8800,23,1
2026-01-28,000858,11:05:15,100.8700,72,2
2026-01-28,000858,11:05:18,100.8000,73,2
2026-01-28,000858,11:05:21,100.8300,39,2
2026-01-28,000858,11:05:24,100.8200,57,2
2026-01-28,000858,11:05:27,100.8200,26,2
2026-01-28,000858,11:05:30,100.8700,22,1
2026-01-28,000858,11:05:33,100.8500,16,1
2026-01-28,000858,11:05:36,100.8200,20,2
2026-01-28,000858,11:05:39,100.8200,10,1
2026-01-28,000858,11:05:42,100.8200,10,1
2026-01-28,000858,11:05:45,100.8100,18,2
2026-01-28,000858,11:05:48,100.8000,20,2
2026-01-28,000858,11:05:51,100.8200,13,1
2026-01-28,000858,11:05:54,100.8000,10,2
2026-01-28,000858,11:05:57,100.8000,12,2
2026-01-28,000858,11:06:00,100.8100,12,4
2026-01-28,000858,11:06:03,100.8200,34,1
2026-01-28,000858,11:06:06,100.8200,35,2
2026-01-28,000858,11:06:09,100.8500,22,1
2026-01-28,000858,11:06:12,100.8700,12,1
2026-01-28,000858,11:06:15,100.8600,3,4
2026-01-28,000858,11:06:18,100.8600,17,1
2026-01-28,000858,11:06:21,100.8700,13,1
2026-01-28,000858,11:06:24,100.8400,21,2
2026-01-28,000858,11:06:27,100.8200,21,2
2026-01-28,000858,11:06:30,100.8200,18,2
2026-01-28,000858,11:06:33,100.8400,31,1
2026-01-28,000858,11:06:36,100.8700,43,1
2026-01-28,000858,11:06:39,100.8200,76,2
2026-01-28,000858,11:06:42,100.8400,19,2
2026-01-28,000858,11:06:45,100.8400,12,4
2026-01-28,000858,11:06:48,100.8500,2,1
2026-01-28,000858,11:06:51,100.8500,8,1
2026-01-28,000858,11:06:54,100.8500,13,4
2026-01-28,000858,11:06:57,100.8500,4,1
2026-01-28,000858,11:07:00,100.8300,51,2
2026-01-28,000858,11:07:03,100.8500,20,1
2026-01-28,000858,11:07:06,100.8700,46,1
2026-01-28,000858,11:07:09,100.8300,49,2
2026-01-28,000858,11:07:12,100.8600,16,1
2026-01-28,000858,11:07:15,100.8400,26,2
2026-01-28,000858,11:07:18,100.8200,102,2
2026-01-28,000858,11:07:21,100.8300,46,1
2026-01-28,000858,11:07:24,100.8400,19,1
2026-01-28,000858,11:07:27,100.8600,15,1
2026-01-28,000858,11:07:30,100.8200,7,2
2026-01-28,000858,11:07:33,100.8600,35,1
2026-01-28,000858,11:07:36,100.8700,21,1
2026-01-28,000858,11:07:39,100.8700,28,1
2026-01-28,000858,11:07:42,100.8600,4,1
2026-01-28,000858,11:07:45,100.8700,8,1
2026-01-28,000858,11:07:48,100.8700,10,1
2026-01-28,000858,11:07:51,100.8700,12,1
2026-01-28,000858,11:07:54,100.8600,15,2
2026-01-28,000858,11:07:57,100.8500,15,2
2026-01-28,000858,11:08:00,100.8500,18,1
2026-01-28,000858,11:08:03,100.8500,26,1
2026-01-28,000858,11:08:06,100.8500,11,1
2026-01-28,000858,11:08:09,100.8600,6,1
2026-01-28,000858,11:08:12,100.8500,34,2
2026-01-28,000858,11:08:15,100.8600,45,1
2026-01-28,000858,11:08:18,100.8600,38,2
2026-01-28,000858,11:08:21,100.8500,29,2
2026-01-28,000858,11:08:24,100.8400,39,2
2026-01-28,000858,11:08:27,100.8600,21,2
2026-01-28,000858,11:08:30,100.8300,30,2
2026-01-28,000858,11:08:33,100.8300,31,2
2026-01-28,000858,11:08:36,100.8600,10,1
2026-01-28,000858,11:08:39,100.8500,21,2
2026-01-28,000858,11:08:42,100.8600,9,1
2026-01-28,000858,11:08:45,100.8600,8,1
2026-01-28,000858,11:08:48,100.8400,34,2
2026-01-28,000858,11:08:51,100.8700,26,1
2026-01-28,000858,11:08:54,100.8700,24,1
2026-01-28,000858,11:08:57,100.8700,5,1
2026-01-28,000858,11:09:00,100.8700,14,1
2026-01-28,000858,11:09:03,100.8600,29,2
2026-01-28,000858,11:09:06,100.8500,21,2
2026-01-28,000858,11:09:09,100.8500,111,2
2026-01-28,000858,11:09:12,100.8500,20,2
2026-01-28,000858,11:09:15,100.8700,88,1
2026-01-28,000858,11:09:18,100.8500,33,2
2026-01-28,000858,11:09:21,100.8700,39,4
2026-01-28,000858,11:09:24,100.8800,62,1
2026-01-28,000858,11:09:27,100.8500,42,2
2026-01-28,000858,11:09:30,100.8400,37,2
2026-01-28,000858,11:09:33,100.8800,12,1
2026-01-28,000858,11:09:36,100.8500,51,2
2026-01-28,000858,11:09:39,100.8500,5,1
2026-01-28,000858,11:09:42,100.8500,6,1
2026-01-28,000858,11:09:45,100.8700,18,1
2026-01-28,000858,11:09:48,100.8500,104,2
2026-01-28,000858,11:09:51,100.8800,28,1
2026-01-28,000858,11:09:54,100.8400,28,2
2026-01-28,000858,11:09:57,100.8400,40,2
2026-01-28,000858,11:10:00,100.8400,25,2
2026-01-28,000858,11:10:03,100.8700,5,1
2026-01-28,000858,11:10:06,100.8700,10,1
2026-01-28,000858,11:10:09,100.8800,15,1
2026-01-28,000858,11:10:12,100.8600,46,2
2026-01-28,000858,11:10:15,100.8700,28,1
2026-01-28,000858,11:10:18,100.8500,36,2
2026-01-28,000858,11:10:21,100.8500,17,2
2026-01-28,000858,11:10:24,100.8500,20,2
2026-01-28,000858,11:10:27,100.8400,41,2
2026-01-28,000858,11:10:30,100.8500,12,1
2026-01-28,000858,11:10:33,100.8400,13,2
2026-01-28,000858,11:10:36,100.8500,12,2
2026-01-28,000858,11:10:39,100.8400,32,2
2026-01-28,000858,11:10:42,100.8400,20,2
2026-01-28,000858,11:10:45,100.8500,16,4
2026-01-28,000858,11:10:48,100.8600,5,1
2026-01-28,000858,11:10:51,100.8600,18,1
2026-01-28,000858,11:10:54,100.8500,21,2
2026-01-28,000858,11:10:57,100.8500,30,1
2026-01-28,000858,11:11:00,100.8400,19,2
2026-01-28,000858,11:11:03,100.8500,18,1
2026-01-28,000858,11:11:06,100.8400,27,2
2026-01-28,000858,11:11:09,100.8400,27,2
2026-01-28,000858,11:11:12,100.8500,13,1
2026-01-28,000858,11:11:15,100.8400,38,2
2026-01-28,000858,11:11:18,100.8300,40,2
2026-01-28,000858,11:11:21,100.8500,7,1
2026-01-28,000858,11:11:24,100.8500,26,1
2026-01-28,000858,11:11:27,100.8300,28,2
2026-01-28,000858,11:11:30,100.8300,54,2
2026-01-28,000858,11:11:33,100.8300,19,2
2026-01-28,000858,11:11:36,100.8300,4,2
2026-01-28,000858,11:11:39,100.8500,19,1
2026-01-28,000858,11:11:42,100.8300,35,2
2026-01-28,000858,11:11:45,100.8400,7,1
2026-01-28,000858,11:11:48,100.8300,35,2
2026-01-28,000858,11:11:51,100.8300,6,2
2026-01-28,000858,11:11:54,100.8400,38,1
2026-01-28,000858,11:11:57,100.8400,39,1
2026-01-28,000858,11:12:00,100.8400,6,2
2026-01-28,000858,11:12:03,100.8400,33,2
2026-01-28,000858,11:12:06,100.8400,8,2
2026-01-28,000858,11:12:09,100.8300,18,2
2026-01-28,000858,11:12:12,100.8400,3,1
2026-01-28,000858,11:12:15,100.8300,42,2
2026-01-28,000858,11:12:18,100.8300,45,2
2026-01-28,000858,11:12:21,100.8300,30,2
2026-01-28,000858,11:12:24,100.8300,19,2
2026-01-28,000858,11:12:27,100.8300,36,2
2026-01-28,000858,11:12:30,100.8200,58,2
2026-01-28,000858,11:12:33,100.8200,5,2
2026-01-28,000858,11:12:36,100.8300,9,1
2026-01-28,000858,11:12:39,100.8300,61,1
2026-01-28,000858,11:12:42,100.8200,64,2
2026-01-28,000858,11:12:45,100.8100,12,2
2026-01-28,000858,11:12:48,100.8100,21,2
2026-01-28,000858,11:12:51,100.8100,7,2
2026-01-28,000858,11:12:54,100.8200,53,1
2026-01-28,000858,11:12:57,100.8200,16,2
2026-01-28,000858,11:13:00,100.8200,1,2
2026-01-28,000858,11:13:03,100.8200,44,2
2026-01-28,000858,11:13:06,100.8400,53,1
2026-01-28,000858,11:13:09,100.8300,37,2
2026-01-28,000858,11:13:12,100.8300,13,2
2026-01-28,000858,11:13:15,100.8300,3,2
2026-01-28,000858,11:13:18,100.8500,6,1
2026-01-28,000858,11:13:21,100.8200,46,2
2026-01-28,000858,11:13:24,100.8200,65,2
2026-01-28,000858,11:13:27,100.8300,6,2
2026-01-28,000858,11:13:30,100.8300,13,1
2026-01-28,000858,11:13:33,100.8300,42,2
2026-01-28,000858,11:13:36,100.8300,14,2
2026-01-28,000858,11:13:39,100.8300,6,2
2026-01-28,000858,11:13:42,100.8400,36,1
2026-01-28,000858,11:13:45,100.8400,60,2
2026-01-28,000858,11:13:48,100.8400,11,2
2026-01-28,000858,11:13:51,100.8300,45,2
2026-01-28,000858,11:13:54,100.8400,8,4
2026-01-28,000858,11:13:57,100.8500,48,1
2026-01-28,000858,11:14:00,100.8500,5,1
2026-01-28,000858,11:14:03,100.8400,20,2
2026-01-28,000858,11:14:06,100.8400,6,2
2026-01-28,000858,11:14:09,100.8500,7,4
2026-01-28,000858,11:14:12,100.8500,36,2
2026-01-28,000858,11:14:15,100.8300,12,2
2026-01-28,000858,11:14:18,100.8400,29,1
2026-01-28,000858,11:14:21,100.8400,7,4
2026-01-28,000858,11:14:24,100.8400,45,2
2026-01-28,000858,11:14:27,100.8500,17,2
2026-01-28,000858,11:14:30,100.8400,22,2
2026-01-28,000858,11:14:33,100.8500,13,2
2026-01-28,000858,11:14:36,100.8400,23,2
2026-01-28,000858,11:14:39,100.8500,8,2
2026-01-28,000858,11:14:42,100.8500,19,1
2026-01-28,000858,11:14:45,100.8400,12,2
2026-01-28,000858,11:14:48,100.8400,13,2
2026-01-28,000858,11:14:51,100.8300,70,2
2026-01-28,000858,11:14:54,100.8300,10,2
2026-01-28,000858,11:14:57,100.8400,19,1
2026-01-28,000858,11:15:00,100.8400,15,1
2026-01-28,000858,11:15:03,100.8300,47,2
2026-01-28,000858,11:15:06,100.8100,55,2
2026-01-28,000858,11:15:09,100.8300,5,2
2026-01-28,000858,11:15:12,100.8300,66,2
2026-01-28,000858,11:15:15,100.8300,75,2
2026-01-28,000858,11:15:18,100.8300,8,2
2026-01-28,000858,11:15:21,100.8300,67,2
2026-01-28,000858,11:15:24,100.8300,49,2
2026-01-28,000858,11:15:27,100.8300,12,2
2026-01-28,000858,11:15:30,100.8300,44,2
2026-01-28,000858,11:15:33,100.8200,6,2
2026-01-28,000858,11:15:36,100.8400,10,1
2026-01-28,000858,11:15:39,100.8200,6,2
2026-01-28,000858,11:15:42,100.8200,27,2
2026-01-28,000858,11:15:45,100.8100,43,2
2026-01-28,000858,11:15:48,100.8400,29,1
2026-01-28,000858,11:15:51,100.8300,10,2
2026-01-28,000858,11:15:54,100.8100,50,2
2026-01-28,000858,11:15:57,100.8400,20,1
2026-01-28,000858,11:16:00,100.8200,24,2
2026-01-28,000858,11:16:03,100.8300,9,2
2026-01-28,000858,11:16:06,100.8400,2,1
2026-01-28,000858,11:16:09,100.8300,11,2
2026-01-28,000858,11:16:15,100.8300,51,1
2026-01-28,000858,11:16:18,100.8200,16,4
2026-01-28,000858,11:16:21,100.8100,22,2
2026-01-28,000858,11:16:24,100.8100,18,2
2026-01-28,000858,11:16:27,100.8200,102,1
2026-01-28,000858,11:16:30,100.8000,32,2
2026-01-28,000858,11:16:33,100.8000,35,2
2026-01-28,000858,11:16:36,100.8200,13,1
2026-01-28,000858,11:16:39,100.8200,21,1
2026-01-28,000858,11:16:42,100.8100,27,2
2026-01-28,000858,11:16:45,100.8100,6,1
2026-01-28,000858,11:16:48,100.8100,2,1
2026-01-28,000858,11:16:51,100.8000,17,2
2026-01-28,000858,11:16:54,100.8000,52,2
2026-01-28,000858,11:16:57,100.8000,20,2
2026-01-28,000858,11:17:00,100.8000,12,2
2026-01-28,000858,11:17:03,100.8000,39,2
2026-01-28,000858,11:17:06,100.8000,8,2
2026-01-28,000858,11:17:09,100.8100,16,1
2026-01-28,000858,11:17:12,100.8100,1,1
2026-01-28,000858,11:17:15,100.8100,117,1
2026-01-28,000858,11:17:18,100.8000,21,2
2026-01-28,000858,11:17:21,100.8000,16,2
2026-01-28,000858,11:17:24,100.8000,20,2
2026-01-28,000858,11:17:27,100.8000,8,2
2026-01-28,000858,11:17:30,100.8000,7,2
2026-01-28,000858,11:17:33,100.8000,19,2
2026-01-28,000858,11:17:36,100.8000,11,2
2026-01-28,000858,11:17:39,100.8000,31,2
2026-01-28,000858,11:17:42,100.8000,29,2
2026-01-28,000858,11:17:45,100.8000,29,2
2026-01-28,000858,11:17:48,100.8000,65,2
2026-01-28,000858,11:17:51,100.8000,21,1
2026-01-28,000858,11:17:54,100.7900,19,2
2026-01-28,000858,11:17:57,100.8000,17,1
2026-01-28,000858,11:18:00,100.7900,21,2
2026-01-28,000858,11:18:03,100.7900,19,2
2026-01-28,000858,11:18:06,100.7900,55,2
2026-01-28,000858,11:18:09,100.8200,23,1
2026-01-28,000858,11:18:12,100.8400,51,1
2026-01-28,000858,11:18:15,100.8100,12,2
2026-01-28,000858,11:18:18,100.8000,179,2
2026-01-28,000858,11:18:21,100.8200,18,1
