date,code,time,price,volume,bs
2026-01-22,600036,14:07:06,37.8500,189,2
2026-01-22,600036,14:07:09,37.8600,56,1
2026-01-22,600036,14:07:12,37.8600,165,1
2026-01-22,600036,14:07:15,37.8600,59,1
2026-01-22,600036,14:07:18,37.8400,210,2
2026-01-22,600036,14:07:21,37.8600,154,1
2026-01-22,600036,14:07:24,37.8600,151,1
2026-01-22,600036,14:07:28,37.8600,77,1
2026-01-22,600036,14:07:30,37.8500,369,2
2026-01-22,600036,14:07:33,37.8500,184,1
2026-01-22,600036,14:07:36,37.8500,261,1
2026-01-22,600036,14:07:40,37.8500,89,2
2026-01-22,600036,14:07:42,37.8500,388,2
2026-01-22,600036,14:07:45,37.8400,725,2
2026-01-22,600036,14:07:48,37.8600,105,1
2026-01-22,600036,14:07:51,37.8500,21,2
2026-01-22,600036,14:07:54,37.8500,396,2
2026-01-22,600036,14:07:57,37.8500,148,1
2026-01-22,600036,14:08:00,37.8600,66,1
2026-01-22,600036,14:08:03,37.8700,42,1
2026-01-22,600036,14:08:06,37.8600,158,2
2026-01-22,600036,14:08:09,37.8600,6,2
2026-01-22,600036,14:08:12,37.8900,128,1
2026-01-22,600036,14:08:15,37.9000,221,1
2026-01-22,600036,14:08:18,37.8800,293,2
2026-01-22,600036,14:08:21,37.8900,9,4
2026-01-22,600036,14:08:24,37.9000,146,1
2026-01-22,600036,14:08:27,37.8800,114,2
2026-01-22,600036,14:08:30,37.8800,583,2
2026-01-22,600036,14:08:33,37.8700,133,2
2026-01-22,600036,14:08:36,37.8700,252,2
2026-01-22,600036,14:08:39,37.8800,82,1
2026-01-22,600036,14:08:42,37.8800,322,1
2026-01-22,600036,14:08:45,37.8700,90,2
2026-01-22,600036,14:08:48,37.8700,97,1
2026-01-22,600036,14:08:51,37.8700,19,1
2026-01-22,600036,14:08:54,37.8600,562,2
2026-01-22,600036,14:08:57,37.8600,354,1
2026-01-22,600036,14:09:00,37.8500,430,2
2026-01-22,600036,14:09:03,37.8400,1233,2
2026-01-22,600036,14:09:06,37.8500,304,2
2026-01-22,600036,14:09:09,37.8600,214,1
2026-01-22,600036,14:09:12,37.8500,49,4
2026-01-22,600036,14:09:15,37.8600,195,1
2026-01-22,600036,14:09:18,37.8600,103,1
2026-01-22,600036,14:09:21,37.8500,1283,2
2026-01-22,600036,14:09:24,37.8500,101,1
2026-01-22,600036,14:09:27,37.8500,223,1
2026-01-22,600036,14:09:30,37.8500,178,1
2026-01-22,600036,14:09:33,37.8400,329,2
2026-01-22,600036,14:09:36,37.8500,486,1
2026-01-22,600036,14:09:39,37.8500,577,1
2026-01-22,600036,14:09:42,37.8500,252,1
2026-01-22,600036,14:09:45,37.8400,137,2
2026-01-22,600036,14:09:48,37.8500,53,1
2026-01-22,600036,14:09:52,37.8500,145,1
2026-01-22,600036,14:09:54,37.8500,91,1
2026-01-22,600036,14:09:57,37.8500,151,1
2026-01-22,600036,14:10:00,37.8500,116,1
2026-01-22,600036,14:10:03,37.8400,171,2
2026-01-22,600036,14:10:06,37.8500,51,1
2026-01-22,600036,14:10:09,37.8500,63,1
2026-01-22,600036,14:10:13,37.8500,209,1
2026-01-22,600036,14:10:15,37.8500,437,1
2026-01-22,600036,14:10:18,37.8500,552,1
2026-01-22,600036,14:10:21,37.8500,459,1
2026-01-22,600036,14:10:24,37.8400,452,2
2026-01-22,600036,14:10:27,37.8500,141,1
2026-01-22,600036,14:10:30,37.8400,267,2
2026-01-22,600036,14:10:33,37.8400,215,2
2026-01-22,600036,14:10:36,37.8500,814,1
2026-01-22,600036,14:10:39,37.8500,517,2
2026-01-22,600036,14:10:42,37.8400,586,2
2026-01-22,600036,14:10:45,37.8500,432,1
2026-01-22,600036,14:10:48,37.8400,416,2
2026-01-22,600036,14:10:51,37.8500,207,1
2026-01-22,600036,14:10:54,37.8500,269,1
2026-01-22,600036,14:10:57,37.8500,601,1
2026-01-22,600036,14:11:00,37.8400,167,2
2026-01-22,600036,14:11:03,37.8400,35,2
2026-01-22,600036,14:11:06,37.8400,236,2
2026-01-22,600036,14:11:09,37.8600,177,1
2026-01-22,600036,14:11:12,37.8400,144,2
2026-01-22,600036,14:11:15,37.8400,59,2
2026-01-22,600036,14:11:18,37.8600,131,1
2026-01-22,600036,14:11:21,37.8600,78,1
2026-01-22,600036,14:11:24,37.8400,95,2
2026-01-22,600036,14:11:27,37.8400,210,2
2026-01-22,600036,14:11:30,37.8600,81,1
2026-01-22,600036,14:11:33,37.8400,87,2
2026-01-22,600036,14:11:36,37.8600,79,1
2026-01-22,600036,14:11:40,37.8500,49,2
2026-01-22,600036,14:11:42,37.8600,71,1
2026-01-22,600036,14:11:45,37.8500,39,2
2026-01-22,600036,14:11:48,37.8600,182,1
2026-01-22,600036,14:11:51,37.8500,266,4
2026-01-22,600036,14:11:54,37.8600,66,1
2026-01-22,600036,14:11:57,37.8700,214,1
2026-01-22,600036,14:12:00,37.8600,221,1
2026-01-22,600036,14:12:03,37.8600,94,1
2026-01-22,600036,14:12:06,37.8800,111,1
2026-01-22,600036,14:12:09,37.8600,321,2
2026-01-22,600036,14:12:12,37.8800,93,1
2026-01-22,600036,14:12:15,37.8700,64,4
2026-01-22,600036,14:12:18,37.8700,53,4
2026-01-22,600036,14:12:21,37.8600,826,2
2026-01-22,600036,14:12:24,37.8600,149,1
2026-01-22,600036,14:12:27,37.8600,49,1
2026-01-22,600036,14:12:30,37.8500,60,2
2026-01-22,600036,14:12:33,37.8500,676,2
2026-01-22,600036,14:12:36,37.8400,176,2
2026-01-22,600036,14:12:39,37.8500,42,1
2026-01-22,600036,14:12:42,37.8500,31,1
2026-01-22,600036,14:12:45,37.8500,45,1
2026-01-22,600036,14:12:48,37.8400,156,2
2026-01-22,600036,14:12:51,37.8400,157,2
2026-01-22,600036,14:12:54,37.8500,41,1
2026-01-22,600036,14:12:57,37.8500,52,1
2026-01-22,600036,14:13:00,37.8500,86,1
2026-01-22,600036,14:13:03,37.8500,93,1
2026-01-22,600036,14:13:06,37.8500,39,1
2026-01-22,600036,14:13:09,37.8500,116,1
2026-01-22,600036,14:13:12,37.8500,119,1
2026-01-22,600036,14:13:15,37.8500,385,1
2026-01-22,600036,14:13:18,37.8400,763,2
2026-01-22,600036,14:13:21,37.8400,359,2
2026-01-22,600036,14:13:24,37.8400,137,1
2026-01-22,600036,14:13:27,37.8400,302,1
2026-01-22,600036,14:13:30,37.8400,238,1
2026-01-22,600036,14:13:33,37.8500,242,1
2026-01-22,600036,14:13:36,37.8400,222,2
2026-01-22,600036,14:13:39,37.8400,420,2
2026-01-22,600036,14:13:42,37.8400,144,2
2026-01-22,600036,14:13:45,37.8500,224,1
2026-01-22,600036,14:13:48,37.8400,150,2
2026-01-22,600036,14:13:51,37.8500,280,1
2026-01-22,600036,14:13:54,37.8500,131,1
2026-01-22,600036,14:13:57,37.8400,320,2
2026-01-22,600036,14:14:00,37.8500,153,1
2026-01-22,600036,14:14:03,37.8500,159,1
2026-01-22,600036,14:14:06,37.8400,107,2
2026-01-22,600036,14:14:09,37.8300,330,2
2026-01-22,600036,14:14:12,37.8400,247,1
2026-01-22,600036,14:14:15,37.8500,115,1
2026-01-22,600036,14:14:18,37.8300,251,2
2026-01-22,600036,14:14:21,37.8300,116,2
2026-01-22,600036,14:14:24,37.8300,106,2
2026-01-22,600036,14:14:27,37.8300,94,2
2026-01-22,600036,14:14:30,37.8400,340,1
2026-01-22,600036,14:14:33,37.8300,130,2
2026-01-22,600036,14:14:36,37.8400,244,1
2026-01-22,600036,14:14:39,37.8400,177,1
2026-01-22,600036,14:14:42,37.8400,296,1
2026-01-22,600036,14:14:45,37.8400,427,1
2026-01-22,600036,14:14:48,37.8300,319,2
2026-01-22,600036,14:14:51,37.8300,210,2
2026-01-22,600036,14:14:54,37.8300,269,2
2026-01-22,600036,14:14:57,37.8300,192,2
2026-01-22,600036,14:15:00,37.8300,146,2
2026-01-22,600036,14:15:03,37.8300,541,2
2026-01-22,600036,14:15:06,37.8400,617,1
2026-01-22,600036,14:15:09,37.8400,312,1
2026-01-22,600036,14:15:12,37.8300,2017,2
2026-01-22,600036,14:15:15,37.8200,559,2
2026-01-22,600036,14:15:19,37.8200,760,2
2026-01-22,600036,14:15:21,37.8200,233,2
2026-01-22,600036,14:15:24,37.8200,389,2
2026-01-22,600036,14:15:27,37.8200,302,2
2026-01-22,600036,14:15:30,37.8300,290,1
2026-01-22,600036,14:15:33,37.8200,177,2
2026-01-22,600036,14:15:36,37.8300,188,1
2026-01-22,600036,14:15:39,37.8200,677,2
2026-01-22,600036,14:15:42,37.8300,117,1
2026-01-22,600036,14:15:45,37.8300,251,1
2026-01-22,600036,14:15:48,37.8300,462,1
2026-01-22,600036,14:15:51,37.8300,159,1
2026-01-22,600036,14:15:54,37.8200,222,2
2026-01-22,600036,14:15:57,37.8200,202,2
2026-01-22,600036,14:16:00,37.8200,878,2
2026-01-22,600036,14:16:03,37.8200,2053,2
2026-01-22,600036,14:16:06,37.8300,696,1
2026-01-22,600036,14:16:09,37.8200,556,4
2026-01-22,600036,14:16:12,37.8200,291,1
2026-01-22,600036,14:16:16,37.8200,300,1
2026-01-22,600036,14:16:18,37.8200,354,1
2026-01-22,600036,14:16:21,37.8200,238,1
2026-01-22,600036,14:16:24,37.8100,280,2
2026-01-22,600036,14:16:27,37.8100,375,2
2026-01-22,600036,14:16:30,37.8100,236,2
2026-01-22,600036,14:16:33,37.8200,245,1
2026-01-22,600036,14:16:36,37.8200,280,1
2026-01-22,600036,14:16:39,37.8100,121,2
2026-01-22,600036,14:16:42,37.8100,92,2
2026-01-22,600036,14:16:45,37.8100,202,2
2026-01-22,600036,14:16:48,37.8100,165,2
2026-01-22,600036,14:16:51,37.8100,957,2
2026-01-22,600036,14:16:54,37.8200,298,1
2026-01-22,600036,14:16:57,37.8200,263,1
2026-01-22,600036,14:17:00,37.8100,304,2
2026-01-22,600036,14:17:03,37.8100,526,2
2026-01-22,600036,14:17:06,37.8100,301,2
2026-01-22,600036,14:17:09,37.8200,285,1
2026-01-22,600036,14:17:12,37.8200,914,1
2026-01-22,600036,14:17:15,37.8300,151,1
2026-01-22,600036,14:17:18,37.8200,223,2
2026-01-22,600036,14:17:21,37.8200,130,2
2026-01-22,600036,14:17:24,37.8200,226,2
2026-01-22,600036,14:17:27,37.8200,130,2
2026-01-22,600036,14:17:30,37.8100,488,2
2026-01-22,600036,14:17:33,37.8200,513,1
2026-01-22,600036,14:17:36,37.8100,420,2
2026-01-22,600036,14:17:39,37.8100,257,2
2026-01-22,600036,14:17:42,37.8100,332,2
2026-01-22,600036,14:17:45,37.8100,198,2
2026-01-22,600036,14:17:48,37.8100,192,2
2026-01-22,600036,14:17:51,37.8200,125,1
2026-01-22,600036,14:17:54,37.8100,127,2
2026-01-22,600036,14:17:57,37.8200,302,1
2026-01-22,600036,14:18:01,37.8100,308,2
2026-01-22,600036,14:18:03,37.8100,106,2
2026-01-22,600036,14:18:06,37.8100,554,2
2026-01-22,600036,14:18:09,37.8200,112,2
2026-01-22,600036,14:18:12,37.8200,31,2
2026-01-22,600036,14:18:15,37.8200,238,2
2026-01-22,600036,14:18:18,37.8200,56,2
2026-01-22,600036,14:18:21,37.8300,17,1
2026-01-22,600036,14:18:24,37.8200,24,2
2026-01-22,600036,14:18:27,37.8300,179,1
2026-01-22,600036,14:18:30,37.8200,77,2
2026-01-22,600036,14:18:33,37.8200,270,2
2026-01-22,600036,14:18:36,37.8200,30,2
2026-01-22,600036,14:18:39,37.8200,92,2
2026-01-22,600036,14:18:42,37.8300,142,1
2026-01-22,600036,14:18:45,37.8300,109,1
2026-01-22,600036,14:18:48,37.8300,135,1
2026-01-22,600036,14:18:51,37.8200,16,2
2026-01-22,600036,14:18:54,37.8300,33,1
2026-01-22,600036,14:18:57,37.8300,30,1
2026-01-22,600036,14:19:00,37.8200,68,2
2026-01-22,600036,14:19:03,37.8200,275,2
2026-01-22,600036,14:19:06,37.8300,167,1
2026-01-22,600036,14:19:09,37.8300,60,1
2026-01-22,600036,14:19:12,37.8200,304,2
2026-01-22,600036,14:19:15,37.8300,111,1
2026-01-22,600036,14:19:18,37.8300,149,2
2026-01-22,600036,14:19:21,37.8400,42,1
2026-01-22,600036,14:19:24,37.8300,45,2
2026-01-22,600036,14:19:27,37.8400,22,1
2026-01-22,600036,14:19:30,37.8300,13,2
2026-01-22,600036,14:19:33,37.8400,199,1
2026-01-22,600036,14:19:36,37.8400,252,2
2026-01-22,600036,14:19:39,37.8300,335,2
2026-01-22,600036,14:19:42,37.8400,251,1
2026-01-22,600036,14:19:45,37.8300,136,2
2026-01-22,600036,14:19:48,37.8300,48,2
2026-01-22,600036,14:19:51,37.8400,51,1
2026-01-22,600036,14:19:54,37.8300,59,2
2026-01-22,600036,14:19:57,37.8400,133,1
2026-01-22,600036,14:20:00,37.8400,59,1
2026-01-22,600036,14:20:03,37.8300,257,2
2026-01-22,600036,14:20:06,37.8400,66,4
2026-01-22,600036,14:20:09,37.8400,136,2
2026-01-22,600036,14:20:12,37.8500,100,1
2026-01-22,600036,14:20:15,37.8400,186,2
2026-01-22,600036,14:20:18,37.8400,92,2
2026-01-22,600036,14:20:21,37.8400,111,1
2026-01-22,600036,14:20:24,37.8400,82,1
2026-01-22,600036,14:20:27,37.8400,168,1
2026-01-22,600036,14:20:30,37.8400,390,1
2026-01-22,600036,14:20:33,37.8400,75,1
2026-01-22,600036,14:20:36,37.8400,94,1
2026-01-22,600036,14:20:40,37.8400,209,1
2026-01-22,600036,14:20:42,37.8400,89,2
2026-01-22,600036,14:20:45,37.8300,226,2
2026-01-22,600036,14:20:48,37.8500,232,1
2026-01-22,600036,14:20:51,37.8400,61,2
2026-01-22,600036,14:20:54,37.8400,75,1
2026-01-22,600036,14:20:57,37.8300,82,2
2026-01-22,600036,14:21:00,37.8400,45,1
2026-01-22,600036,14:21:03,37.8600,389,1
2026-01-22,600036,14:21:06,37.8500,48,1
2026-01-22,600036,14:21:09,37.8500,19,1
2026-01-22,600036,14:21:12,37.8500,112,1
2026-01-22,600036,14:21:15,37.8400,83,2
2026-01-22,600036,14:21:18,37.8400,156,2
2026-01-22,600036,14:21:21,37.8500,32,1
2026-01-22,600036,14:21:25,37.8500,54,1
2026-01-22,600036,14:21:27,37.8500,46,1
2026-01-22,600036,14:21:30,37.8500,835,2
2026-01-22,600036,14:21:33,37.8600,89,1
2026-01-22,600036,14:21:36,37.8400,241,2
2026-01-22,600036,14:21:39,37.8400,22,2
2026-01-22,600036,14:21:42,37.8500,72,1
2026-01-22,600036,14:21:45,37.8500,34,1
2026-01-22,600036,14:21:48,37.8500,162,1
2026-01-22,600036,14:21:51,37.8500,60,1
2026-01-22,600036,14:21:54,37.8500,121,1
2026-01-22,600036,14:21:57,37.8500,39,1
2026-01-22,600036,14:22:00,37.8400,97,2
2026-01-22,600036,14:22:03,37.8500,125,1
2026-01-22,600036,14:22:06,37.8500,202,2
2026-01-22,600036,14:22:09,37.8600,54,1
2026-01-22,600036,14:22:12,37.8500,95,4
2026-01-22,600036,14:22:15,37.8500,272,4
2026-01-22,600036,14:22:18,37.8500,223,1
2026-01-22,600036,14:22:21,37.8500,161,1
2026-01-22,600036,14:22:24,37.8500,17,1
2026-01-22,600036,14:22:27,37.8500,70,1
2026-01-22,600036,14:22:30,37.8500,192,1
2026-01-22,600036,14:22:33,37.8500,127,1
2026-01-22,600036,14:22:36,37.8500,88,1
2026-01-22,600036,14:22:39,37.8500,60,1
2026-01-22,600036,14:22:42,37.8500,136,1
2026-01-22,600036,14:22:45,37.8500,165,1
2026-01-22,600036,14:22:48,37.8500,129,1
2026-01-22,600036,14:22:51,37.8500,140,1
2026-01-22,600036,14:22:54,37.8500,94,2
2026-01-22,600036,14:22:57,37.8500,87,1
2026-01-22,600036,14:23:00,37.8500,293,1
2026-01-22,600036,14:23:03,37.8500,134,2
2026-01-22,600036,14:23:06,37.8600,209,1
2026-01-22,600036,14:23:09,37.8500,248,2
2026-01-22,600036,14:23:12,37.8500,37,1
2026-01-22,600036,14:23:15,37.8500,85,1
2026-01-22,600036,14:23:18,37.8400,184,2
2026-01-22,600036,14:23:21,37.8500,265,1
2026-01-22,600036,14:23:24,37.8400,378,2
2026-01-22,600036,14:23:27,37.8500,325,1
2026-01-22,600036,14:23:30,37.8500,160,1
2026-01-22,600036,14:23:33,37.8500,22,1
2026-01-22,600036,14:23:36,37.8500,431,1
2026-01-22,600036,14:23:39,37.8400,123,2
2026-01-22,600036,14:23:42,37.8400,199,2
2026-01-22,600036,14:23:45,37.8400,139,1
2026-01-22,600036,14:23:48,37.8500,199,1
2026-01-22,600036,14:23:51,37.8300,28,2
2026-01-22,600036,14:23:54,37.8500,216,1
2026-01-22,600036,14:23:57,37.8500,28,1
2026-01-22,600036,14:24:00,37.8400,190,2
2026-01-22,600036,14:24:03,37.8500,130,1
2026-01-22,600036,14:24:06,37.8500,246,1
2026-01-22,600036,14:24:09,37.8400,146,2
2026-01-22,600036,14:24:12,37.8400,93,2
2026-01-22,600036,14:24:15,37.8400,189,2
2026-01-22,600036,14:24:18,37.8500,172,1
2026-01-22,600036,14:24:21,37.8500,44,1
2026-01-22,600036,14:24:24,37.8500,47,1
2026-01-22,600036,14:24:27,37.8500,52,1
2026-01-22,600036,14:24:30,37.8400,34,2
2026-01-22,600036,14:24:34,37.8500,108,1
2026-01-22,600036,14:24:36,37.8500,259,2
2026-01-22,600036,14:24:39,37.8500,52,1
2026-01-22,600036,14:24:42,37.8500,59,1
2026-01-22,600036,14:24:45,37.8500,29,1
2026-01-22,600036,14:24:48,37.8500,170,1
2026-01-22,600036,14:24:51,37.8500,79,1
2026-01-22,600036,14:24:54,37.8600,148,1
2026-01-22,600036,14:24:57,37.8500,307,2
2026-01-22,600036,14:25:00,37.8600,58,1
2026-01-22,600036,14:25:03,37.8600,31,1
2026-01-22,600036,14:25:06,37.8500,237,2
2026-01-22,600036,14:25:09,37.8600,149,1
2026-01-22,600036,14:25:12,37.8600,107,1
2026-01-22,600036,14:25:15,37.8500,123,2
2026-01-22,600036,14:25:18,37.8500,53,1
2026-01-22,600036,14:25:21,37.8500,510,1
2026-01-22,600036,14:25:24,37.8500,78,4
2026-01-22,600036,14:25:27,37.8600,37,1
2026-01-22,600036,14:25:30,37.8500,56,2
2026-01-22,600036,14:25:33,37.8500,63,2
2026-01-22,600036,14:25:36,37.8500,54,2
2026-01-22,600036,14:25:39,37.8500,353,2
2026-01-22,600036,14:25:42,37.8500,49,1
2026-01-22,600036,14:25:45,37.8500,265,2
2026-01-22,600036,14:25:48,37.8400,99,2
2026-01-22,600036,14:25:51,37.8400,271,2
2026-01-22,600036,14:25:54,37.8500,117,4
2026-01-22,600036,14:25:57,37.8500,60,1
2026-01-22,600036,14:26:00,37.8500,109,1
2026-01-22,600036,14:26:03,37.8500,261,1
2026-01-22,600036,14:26:06,37.8500,306,2
2026-01-22,600036,14:26:09,37.8500,43,1
2026-01-22,600036,14:26:12,37.8600,94,1
2026-01-22,600036,14:26:15,37.8500,243,2
2026-01-22,600036,14:26:18,37.8500,107,1
2026-01-22,600036,14:26:21,37.8600,66,1
2026-01-22,600036,14:26:24,37.8500,232,2
2026-01-22,600036,14:26:27,37.8500,143,2
2026-01-22,600036,14:26:30,37.8400,132,2
2026-01-22,600036,14:26:33,37.8400,382,2
2026-01-22,600036,14:26:36,37.8500,52,1
2026-01-22,600036,14:26:39,37.8400,121,2
2026-01-22,600036,14:26:42,37.8500,200,1
2026-01-22,600036,14:26:45,37.8400,217,2
2026-01-22,600036,14:26:48,37.8400,163,2
2026-01-22,600036,14:26:51,37.8500,110,1
2026-01-22,600036,14:26:54,37.8500,162,1
2026-01-22,600036,14:26:57,37.8500,78,1
2026-01-22,600036,14:27:00,37.8500,134,1
2026-01-22,600036,14:27:03,37.8500,433,1
2026-01-22,600036,14:27:06,37.8500,88,1
2026-01-22,600036,14:27:09,37.8500,44,1
2026-01-22,600036,14:27:12,37.8500,104,1
2026-01-22,600036,14:27:15,37.8500,15,1
2026-01-22,600036,14:27:18,37.8500,208,1
2026-01-22,600036,14:27:21,37.8500,204,2
2026-01-22,600036,14:27:24,37.8500,257,2
2026-01-22,600036,14:27:27,37.8500,536,2
2026-01-22,600036,14:27:30,37.8500,68,2
2026-01-22,600036,14:27:33,37.8600,20,1
2026-01-22,600036,14:27:36,37.8600,80,1
2026-01-22,600036,14:27:39,37.8500,331,2
2026-01-22,600036,14:27:42,37.8500,81,1
2026-01-22,600036,14:27:45,37.8400,337,2
2026-01-22,600036,14:27:48,37.8400,168,2
2026-01-22,600036,14:27:51,37.8400,254,2
2026-01-22,600036,14:27:54,37.8500,112,1
2026-01-22,600036,14:27:57,37.8400,137,2
2026-01-22,600036,14:28:00,37.8500,185,1
2026-01-22,600036,14:28:03,37.8500,11,1
2026-01-22,600036,14:28:06,37.8500,106,1
2026-01-22,600036,14:28:09,37.8500,35,1
2026-01-22,600036,14:28:12,37.8500,209,1
2026-01-22,600036,14:28:15,37.8500,52,2
2026-01-22,600036,14:28:18,37.8600,65,1
2026-01-22,600036,14:28:21,37.8600,155,1
2026-01-22,600036,14:28:24,37.8600,168,2
2026-01-22,600036,14:28:27,37.8600,23,1
2026-01-22,600036,14:28:30,37.8500,191,2
2026-01-22,600036,14:28:33,37.8500,736,2
2026-01-22,600036,14:28:36,37.8600,47,1
2026-01-22,600036,14:28:39,37.8500,725,2
2026-01-22,600036,14:28:42,37.8500,220,1
2026-01-22,600036,14:28:45,37.8500,255,1
2026-01-22,600036,14:28:48,37.8500,169,2
2026-01-22,600036,14:28:51,37.8500,105,2
2026-01-22,600036,14:28:54,37.8600,437,1
2026-01-22,600036,14:28:57,37.8600,31,1
2026-01-22,600036,14:29:00,37.8700,157,1
2026-01-22,600036,14:29:03,37.8600,153,2
2026-01-22,600036,14:29:06,37.8600,107,1
2026-01-22,600036,14:29:09,37.8500,210,2
2026-01-22,600036,14:29:13,37.8500,123,2
2026-01-22,600036,14:29:15,37.8400,966,2
2026-01-22,600036,14:29:18,37.8500,388,1
2026-01-22,600036,14:29:21,37.8500,597,1
2026-01-22,600036,14:29:24,37.8500,205,2
2026-01-22,600036,14:29:27,37.8500,57,1
2026-01-22,600036,14:29:30,37.8500,779,1
2026-01-22,600036,14:29:33,37.8600,149,1
2026-01-22,600036,14:29:36,37.8500,126,1
2026-01-22,600036,14:29:39,37.8600,159,1
2026-01-22,600036,14:29:42,37.8500,112,2
2026-01-22,600036,14:29:45,37.8600,50,1
2026-01-22,600036,14:29:48,37.8600,141,1
2026-01-22,600036,14:29:52,37.8500,17,2
2026-01-22,600036,14:29:54,37.8500,26,2
2026-01-22,600036,14:29:57,37.8600,380,1
2026-01-22,600036,14:30:00,37.8700,1702,1
2026-01-22,600036,14:30:03,37.8600,77,1
2026-01-22,600036,14:30:06,37.8500,213,2
2026-01-22,600036,14:30:09,37.8600,479,1
2026-01-22,600036,14:30:12,37.8500,1980,2
2026-01-22,600036,14:30:15,37.8500,1535,2
2026-01-22,600036,14:30:19,37.8500,57,2
2026-01-22,600036,14:30:21,37.8600,125,4
2026-01-22,600036,14:30:24,37.8500,831,2
2026-01-22,600036,14:30:27,37.8500,363,2
2026-01-22,600036,14:30:31,37.8500,320,2
2026-01-22,600036,14:30:33,37.8600,171,1
2026-01-22,600036,14:30:36,37.8500,766,2
2026-01-22,600036,14:30:39,37.8400,52,2
2026-01-22,600036,14:30:42,37.8500,71,1
2026-01-22,600036,14:30:45,37.8400,428,2
2026-01-22,600036,14:30:48,37.8400,422,2
2026-01-22,600036,14:30:51,37.8400,230,2
2026-01-22,600036,14:30:54,37.8400,560,2
2026-01-22,600036,14:30:57,37.8400,1450,2
2026-01-22,600036,14:31:00,37.8300,920,2
2026-01-22,600036,14:31:03,37.8300,1170,2
2026-01-22,600036,14:31:06,37.8300,550,2
2026-01-22,600036,14:31:09,37.8300,521,2
2026-01-22,600036,14:31:12,37.8300,634,2
2026-01-22,600036,14:31:15,37.8200,484,2
2026-01-22,600036,14:31:18,37.8200,217,2
2026-01-22,600036,14:31:22,37.8300,622,1
2026-01-22,600036,14:31:24,37.8300,419,1
2026-01-22,600036,14:31:27,37.8300,40,2
2026-01-22,600036,14:31:30,37.8400,335,1
2026-01-22,600036,14:31:33,37.8300,562,2
2026-01-22,600036,14:31:36,37.8400,440,1
2026-01-22,600036,14:31:39,37.8400,162,1
2026-01-22,600036,14:31:42,37.8400,177,1
2026-01-22,600036,14:31:45,37.8300,387,2
2026-01-22,600036,14:31:48,37.8400,117,1
2026-01-22,600036,14:31:51,37.8400,81,1
2026-01-22,600036,14:31:54,37.8400,98,1
2026-01-22,600036,14:31:57,37.8400,168,1
2026-01-22,600036,14:32:00,37.8400,63,1
2026-01-22,600036,14:32:03,37.8300,119,2
2026-01-22,600036,14:32:06,37.8400,337,1
2026-01-22,600036,14:32:09,37.8300,237,2
2026-01-22,600036,14:32:12,37.8500,139,1
2026-01-22,600036,14:32:15,37.8500,213,1
2026-01-22,600036,14:32:19,37.8500,352,1
2026-01-22,600036,14:32:21,37.8500,252,1
2026-01-22,600036,14:32:24,37.8300,501,2
2026-01-22,600036,14:32:27,37.8300,352,2
2026-01-22,600036,14:32:30,37.8400,206,4
2026-01-22,600036,14:32:33,37.8300,290,2
2026-01-22,600036,14:32:36,37.8300,427,2
2026-01-22,600036,14:32:39,37.8400,331,1
2026-01-22,600036,14:32:42,37.8300,308,2
2026-01-22,600036,14:32:45,37.8300,161,2
2026-01-22,600036,14:32:48,37.8400,401,1
2026-01-22,600036,14:32:51,37.8400,43,1
2026-01-22,600036,14:32:54,37.8300,233,2
2026-01-22,600036,14:32:57,37.8300,274,2
2026-01-22,600036,14:33:00,37.8300,172,2
2026-01-22,600036,14:33:03,37.8300,200,2
2026-01-22,600036,14:33:06,37.8300,183,1
2026-01-22,600036,14:33:09,37.8400,54,1
2026-01-22,600036,14:33:12,37.8400,11,1
2026-01-22,600036,14:33:15,37.8400,52,1
2026-01-22,600036,14:33:18,37.8400,215,1
2026-01-22,600036,14:33:21,37.8400,93,1
2026-01-22,600036,14:33:24,37.8300,76,2
2026-01-22,600036,14:33:27,37.8400,167,1
2026-01-22,600036,14:33:30,37.8400,181,1
2026-01-22,600036,14:33:33,37.8300,177,2
2026-01-22,600036,14:33:36,37.8300,521,2
2026-01-22,600036,14:33:40,37.8300,588,2
2026-01-22,600036,14:33:42,37.8300,366,2
2026-01-22,600036,14:33:45,37.8300,730,1
2026-01-22,600036,14:33:48,37.8300,344,1
2026-01-22,600036,14:33:51,37.8100,11339,2
2026-01-22,600036,14:33:54,37.8000,1034,2
2026-01-22,600036,14:33:57,37.8000,2181,2
2026-01-22,600036,14:34:00,37.8000,981,2
2026-01-22,600036,14:34:03,37.8000,210,2
2026-01-22,600036,14:34:06,37.8000,220,2
2026-01-22,600036,14:34:09,37.8100,155,2
2026-01-22,600036,14:34:12,37.8100,162,2
2026-01-22,600036,14:34:15,37.8100,214,1
2026-01-22,600036,14:34:19,37.8300,328,1
2026-01-22,600036,14:34:21,37.8200,25,2
2026-01-22,600036,14:34:24,37.8200,10613,2
2026-01-22,600036,14:34:27,37.8100,254,2
2026-01-22,600036,14:34:30,37.8100,216,2
2026-01-22,600036,14:34:33,37.8200,349,1
2026-01-22,600036,14:34:36,37.8100,171,2
2026-01-22,600036,14:34:39,37.8100,591,2
2026-01-22,600036,14:34:42,37.8100,165,2
2026-01-22,600036,14:34:45,37.8200,87,1
2026-01-22,600036,14:34:48,37.8200,352,1
2026-01-22,600036,14:34:51,37.8200,156,1
2026-01-22,600036,14:34:54,37.8200,309,1
2026-01-22,600036,14:34:57,37.8100,196,2
2026-01-22,600036,14:35:00,37.8300,197,1
2026-01-22,600036,14:35:03,37.8200,167,4
2026-01-22,600036,14:35:06,37.8100,169,2
2026-01-22,600036,14:35:09,37.8100,165,2
2026-01-22,600036,14:35:12,37.8100,100,2
2026-01-22,600036,14:35:15,37.8100,82,2
2026-01-22,600036,14:35:18,37.8200,112,4
2026-01-22,600036,14:35:21,37.8200,35,2
2026-01-22,600036,14:35:24,37.8200,64,2
2026-01-22,600036,14:35:27,37.8300,9,1
2026-01-22,600036,14:35:30,37.8200,153,2
2026-01-22,600036,14:35:33,37.8200,225,2
2026-01-22,600036,14:35:36,37.8200,504,2
2026-01-22,600036,14:35:39,37.8200,1953,2
2026-01-22,600036,14:35:42,37.8200,152,1
2026-01-22,600036,14:35:45,37.8200,619,1
2026-01-22,600036,14:35:48,37.8100,383,2
2026-01-22,600036,14:35:51,37.8000,1273,2
2026-01-22,600036,14:35:54,37.8200,202,1
2026-01-22,600036,14:35:57,37.8400,542,1
2026-01-22,600036,14:36:00,37.8300,116,1
2026-01-22,600036,14:36:03,37.8200,149,2
2026-01-22,600036,14:36:06,37.8300,57,4
2026-01-22,600036,14:36:09,37.8500,929,1
2026-01-22,600036,14:36:12,37.8200,132,2
2026-01-22,600036,14:36:15,37.8500,212,1
2026-01-22,600036,14:36:18,37.8200,82,2
2026-01-22,600036,14:36:21,37.8500,193,1
2026-01-22,600036,14:36:24,37.8500,99,1
2026-01-22,600036,14:36:27,37.8500,53,1
2026-01-22,600036,14:36:30,37.8400,193,2
2026-01-22,600036,14:36:33,37.8400,213,2
2026-01-22,600036,14:36:36,37.8400,153,2
2026-01-22,600036,14:36:39,37.8300,415,2
2026-01-22,600036,14:36:42,37.8400,267,1
2026-01-22,600036,14:36:45,37.8400,160,1
2026-01-22,600036,14:36:48,37.8400,803,1
2026-01-22,600036,14:36:51,37.8400,146,1
2026-01-22,600036,14:36:54,37.8400,92,1
2026-01-22,600036,14:36:57,37.8300,48,4
2026-01-22,600036,14:37:00,37.8200,127,2
2026-01-22,600036,14:37:03,37.8200,64,2
2026-01-22,600036,14:37:06,37.8200,281,2
2026-01-22,600036,14:37:09,37.8200,106,2
2026-01-22,600036,14:37:12,37.8200,155,2
2026-01-22,600036,14:37:15,37.8400,253,1
2026-01-22,600036,14:37:18,37.8500,905,1
2026-01-22,600036,14:37:21,37.8300,131,2
2026-01-22,600036,14:37:24,37.8400,285,1
2026-01-22,600036,14:37:27,37.8400,2716,2
2026-01-22,600036,14:37:30,37.8400,107,2
2026-01-22,600036,14:37:33,37.8400,35,2
2026-01-22,600036,14:37:37,37.8300,664,2
2026-01-22,600036,14:37:39,37.8400,126,4
2026-01-22,600036,14:37:42,37.8500,475,1
2026-01-22,600036,14:37:45,37.8500,196,2
2026-01-22,600036,14:37:48,37.8500,159,2
2026-01-22,600036,14:37:51,37.8300,2742,2
2026-01-22,600036,14:37:54,37.8200,309,2
2026-01-22,600036,14:37:57,37.8300,402,2
2026-01-22,600036,14:38:00,37.8300,146,1
2026-01-22,600036,14:38:03,37.8200,115,2
2026-01-22,600036,14:38:06,37.8300,179,1
2026-01-22,600036,14:38:09,37.8300,202,2
2026-01-22,600036,14:38:12,37.8400,24,4
2026-01-22,600036,14:38:15,37.8500,122,1
2026-01-22,600036,14:38:18,37.8500,153,1
2026-01-22,600036,14:38:21,37.8500,172,1
2026-01-22,600036,14:38:24,37.8500,29,2
2026-01-22,600036,14:38:27,37.8700,125,1
2026-01-22,600036,14:38:30,37.8500,210,2
2026-01-22,600036,14:38:33,37.8500,163,1
2026-01-22,600036,14:38:36,37.8500,92,2
2026-01-22,600036,14:38:39,37.8400,162,2
2026-01-22,600036,14:38:42,37.8400,160,2
2026-01-22,600036,14:38:45,37.8400,148,2
2026-01-22,600036,14:38:48,37.8400,192,2
2026-01-22,600036,14:38:51,37.8600,59,1
2026-01-22,600036,14:38:54,37.8600,87,1
2026-01-22,600036,14:38:57,37.8500,814,2
2026-01-22,600036,14:39:00,37.8400,173,2
2026-01-22,600036,14:39:03,37.8500,234,2
2026-01-22,600036,14:39:06,37.8400,95,2
2026-01-22,600036,14:39:09,37.8300,174,2
2026-01-22,600036,14:39:12,37.8300,101,2
2026-01-22,600036,14:39:15,37.8300,438,2
2026-01-22,600036,14:39:18,37.8300,111,2
2026-01-22,600036,14:39:21,37.8300,38,2
2026-01-22,600036,14:39:24,37.8400,72,2
2026-01-22,600036,14:39:27,37.8300,249,2
2026-01-22,600036,14:39:30,37.8400,168,1
2026-01-22,600036,14:39:33,37.8400,257,1
2026-01-22,600036,14:39:36,37.8300,110,2
2026-01-22,600036,14:39:39,37.8400,151,1
2026-01-22,600036,14:39:42,37.8300,108,2
2026-01-22,600036,14:39:46,37.8400,1,4
2026-01-22,600036,14:39:48,37.8500,155,1
2026-01-22,600036,14:39:51,37.8500,79,1
2026-01-22,600036,14:39:54,37.8300,76,2
2026-01-22,600036,14:39:57,37.8400,94,2
2026-01-22,600036,14:40:00,37.8500,59,1
2026-01-22,600036,14:40:03,37.8400,76,2
2026-01-22,600036,14:40:06,37.8400,127,2
2026-01-22,600036,14:40:09,37.8400,57,2
2026-01-22,600036,14:40:12,37.8400,171,2
2026-01-22,600036,14:40:15,37.8300,226,2
2026-01-22,600036,14:40:18,37.8300,204,2
2026-01-22,600036,14:40:21,37.8500,104,1
2026-01-22,600036,14:40:24,37.8400,216,2
2026-01-22,600036,14:40:27,37.8400,195,2
2026-01-22,600036,14:40:30,37.8400,74,2
2026-01-22,600036,14:40:33,37.8400,356,2
2026-01-22,600036,14:40:36,37.8400,133,2
2026-01-22,600036,14:40:39,37.8400,206,2
2026-01-22,600036,14:40:42,37.8400,84,1
2026-01-22,600036,14:40:45,37.8400,104,2
2026-01-22,600036,14:40:48,37.8500,548,1
2026-01-22,600036,14:40:51,37.8500,24,1
2026-01-22,600036,14:40:54,37.8400,150,2
2026-01-22,600036,14:40:57,37.8400,193,2
2026-01-22,600036,14:41:00,37.8400,99,1
2026-01-22,600036,14:41:03,37.8300,151,2
2026-01-22,600036,14:41:06,37.8400,111,4
2026-01-22,600036,14:41:09,37.8400,326,2
2026-01-22,600036,14:41:12,37.8500,341,1
2026-01-22,600036,14:41:15,37.8400,434,2
2026-01-22,600036,14:41:18,37.8500,128,1
2026-01-22,600036,14:41:21,37.8500,126,1
2026-01-22,600036,14:41:24,37.8500,128,1
2026-01-22,600036,14:41:27,37.8400,301,2
2026-01-22,600036,14:41:30,37.8400,451,1
2026-01-22,600036,14:41:33,37.8400,414,1
2026-01-22,600036,14:41:36,37.8400,354,1
2026-01-22,600036,14:41:39,37.8300,501,2
2026-01-22,600036,14:41:42,37.8400,288,1
2026-01-22,600036,14:41:45,37.8200,330,2
2026-01-22,600036,14:41:48,37.8300,1043,1
2026-01-22,600036,14:41:51,37.8400,369,1
2026-01-22,600036,14:41:54,37.8400,179,1
2026-01-22,600036,14:41:57,37.8200,200,2
2026-01-22,600036,14:42:00,37.8200,273,2
2026-01-22,600036,14:42:03,37.8100,264,2
2026-01-22,600036,14:42:06,37.8300,259,1
2026-01-22,600036,14:42:09,37.8100,361,2
2026-01-22,600036,14:42:12,37.8200,399,1
2026-01-22,600036,14:42:15,37.8100,181,2
2026-01-22,600036,14:42:18,37.8100,358,2
2026-01-22,600036,14:42:21,37.8200,293,1
2026-01-22,600036,14:42:24,37.8100,378,2
2026-01-22,600036,14:42:27,37.8200,346,2
2026-01-22,600036,14:42:30,37.8200,227,1
2026-01-22,600036,14:42:33,37.8200,381,1
2026-01-22,600036,14:42:36,37.8200,366,2
2026-01-22,600036,14:42:39,37.8100,228,2
2026-01-22,600036,14:42:42,37.8300,154,1
2026-01-22,600036,14:42:45,37.8300,191,1
2026-01-22,600036,14:42:48,37.8300,336,1
2026-01-22,600036,14:42:51,37.8200,191,2
2026-01-22,600036,14:42:54,37.8200,306,2
2026-01-22,600036,14:42:57,37.8200,449,2
2026-01-22,600036,14:43:00,37.8200,474,2
2026-01-22,600036,14:43:03,37.8100,329,2
2026-01-22,600036,14:43:06,37.8200,313,1
2026-01-22,600036,14:43:09,37.8200,134,1
2026-01-22,600036,14:43:12,37.8200,314,1
2026-01-22,600036,14:43:15,37.8200,300,2
2026-01-22,600036,14:43:18,37.8300,160,1
2026-01-22,600036,14:43:21,37.8300,291,1
2026-01-22,600036,14:43:24,37.8200,116,2
2026-01-22,600036,14:43:27,37.8300,122,2
2026-01-22,600036,14:43:30,37.8300,116,2
2026-01-22,600036,14:43:33,37.8300,249,1
2026-01-22,600036,14:43:36,37.8200,322,2
2026-01-22,600036,14:43:39,37.8200,416,2
2026-01-22,600036,14:43:42,37.8200,320,1
2026-01-22,600036,14:43:45,37.8100,500,2
2026-01-22,600036,14:43:49,37.8100,271,2
2026-01-22,600036,14:43:51,37.8300,121,1
2026-01-22,600036,14:43:54,37.8300,259,1
2026-01-22,600036,14:43:57,37.8200,123,4
2026-01-22,600036,14:44:00,37.8100,241,2
2026-01-22,600036,14:44:03,37.8200,269,1
2026-01-22,600036,14:44:06,37.8100,265,2
2026-01-22,600036,14:44:09,37.8100,220,2
2026-01-22,600036,14:44:12,37.8100,633,2
2026-01-22,600036,14:44:15,37.8200,523,1
2026-01-22,600036,14:44:18,37.8100,879,2
2026-01-22,600036,14:44:21,37.8100,559,2
2026-01-22,600036,14:44:24,37.8200,409,1
2026-01-22,600036,14:44:27,37.8200,512,1
2026-01-22,600036,14:44:30,37.8300,700,1
2026-01-22,600036,14:44:33,37.8300,441,1
2026-01-22,600036,14:44:36,37.8200,318,4
2026-01-22,600036,14:44:39,37.8200,310,1
2026-01-22,600036,14:44:42,37.8300,328,1
2026-01-22,600036,14:44:45,37.8200,1816,2
2026-01-22,600036,14:44:48,37.8200,437,1
2026-01-22,600036,14:44:51,37.8000,290,2
2026-01-22,600036,14:44:54,37.8100,295,2
2026-01-22,600036,14:44:57,37.8100,227,1
2026-01-22,600036,14:45:00,37.8100,383,2
2026-01-22,600036,14:45:03,37.8100,731,1
2026-01-22,600036,14:45:06,37.8100,399,2
2026-01-22,600036,14:45:09,37.8000,562,2
2026-01-22,600036,14:45:12,37.8100,500,1
2026-01-22,600036,14:45:15,37.8100,820,1
2026-01-22,600036,14:45:18,37.8000,333,2
2026-01-22,600036,14:45:21,37.8100,235,1
2026-01-22,600036,14:45:24,37.8100,325,1
2026-01-22,600036,14:45:27,37.8200,635,1
2026-01-22,600036,14:45:30,37.8100,510,2
2026-01-22,600036,14:45:33,37.8200,232,1
2026-01-22,600036,14:45:36,37.8200,393,1
2026-01-22,600036,14:45:39,37.8200,331,1
2026-01-22,600036,14:45:42,37.8200,586,1
2026-01-22,600036,14:45:46,37.8200,506,1
2026-01-22,600036,14:45:48,37.8100,318,4
2026-01-22,600036,14:45:51,37.8000,154,2
2026-01-22,600036,14:45:54,37.8300,377,1
2026-01-22,600036,14:45:57,37.8100,200,2
2026-01-22,600036,14:46:00,37.8200,334,1
2026-01-22,600036,14:46:03,37.8000,541,2
2026-01-22,600036,14:46:06,37.8000,1204,2
2026-01-22,600036,14:46:09,37.8000,554,2
2026-01-22,600036,14:46:12,37.8100,683,4
2026-01-22,600036,14:46:15,37.8000,423,2
2026-01-22,600036,14:46:18,37.8100,345,4
2026-01-22,600036,14:46:21,37.8000,510,2
2026-01-22,600036,14:46:24,37.8100,643,1
2026-01-22,600036,14:46:27,37.8100,553,1
2026-01-22,600036,14:46:30,37.8100,375,1
2026-01-22,600036,14:46:33,37.8100,303,1
2026-01-22,600036,14:46:36,37.8100,212,1
2026-01-22,600036,14:46:39,37.8100,385,1
2026-01-22,600036,14:46:42,37.8100,416,2
2026-01-22,600036,14:46:45,37.8100,577,1
2026-01-22,600036,14:46:48,37.8000,640,2
2026-01-22,600036,14:46:51,37.8100,309,2
2026-01-22,600036,14:46:54,37.8100,628,4
2026-01-22,600036,14:46:57,37.8000,634,2
2026-01-22,600036,14:47:00,37.8000,1290,2
2026-01-22,600036,14:47:03,37.8100,455,1
2026-01-22,600036,14:47:06,37.8100,1149,1
2026-01-22,600036,14:47:09,37.8000,403,2
2026-01-22,600036,14:47:12,37.8100,501,1
2026-01-22,600036,14:47:15,37.8200,397,1
2026-01-22,600036,14:47:18,37.8100,396,2
2026-01-22,600036,14:47:21,37.8200,341,4
2026-01-22,600036,14:47:25,37.8200,354,1
2026-01-22,600036,14:47:27,37.8200,623,4
2026-01-22,600036,14:47:30,37.8200,278,1
2026-01-22,600036,14:47:33,37.8100,151,2
2026-01-22,600036,14:47:36,37.8200,190,4
2026-01-22,600036,14:47:39,37.8200,309,2
2026-01-22,600036,14:47:42,37.8200,325,2
2026-01-22,600036,14:47:45,37.8300,184,1
2026-01-22,600036,14:47:48,37.8200,1233,2
2026-01-22,600036,14:47:51,37.8200,472,1
2026-01-22,600036,14:47:54,37.8200,541,1
2026-01-22,600036,14:47:57,37.8200,485,1
2026-01-22,600036,14:48:00,37.8100,270,2
2026-01-22,600036,14:48:03,37.8200,1247,1
2026-01-22,600036,14:48:07,37.8200,262,1
2026-01-22,600036,14:48:09,37.8300,467,1
2026-01-22,600036,14:48:12,37.8300,256,1
2026-01-22,600036,14:48:15,37.8300,158,1
2026-01-22,600036,14:48:18,37.8300,504,2
2026-01-22,600036,14:48:21,37.8300,181,2
2026-01-22,600036,14:48:24,37.8300,512,2
2026-01-22,600036,14:48:27,37.8300,157,2
2026-01-22,600036,14:48:30,37.8400,68,2
2026-01-22,600036,14:48:33,37.8500,66,1
2026-01-22,600036,14:48:36,37.8500,392,1
2026-01-22,600036,14:48:39,37.8500,84,2
2026-01-22,600036,14:48:42,37.8600,138,1
2026-01-22,600036,14:48:45,37.8500,158,2
2026-01-22,600036,14:48:48,37.8400,128,2
2026-01-22,600036,14:48:51,37.8500,210,2
2026-01-22,600036,14:48:54,37.8600,437,1
2026-01-22,600036,14:48:57,37.8500,161,2
2026-01-22,600036,14:49:00,37.8600,252,1
2026-01-22,600036,14:49:03,37.8400,135,2
2026-01-22,600036,14:49:06,37.8500,675,2
2026-01-22,600036,14:49:09,37.8700,158,1
2026-01-22,600036,14:49:12,37.8600,56,2
2026-01-22,600036,14:49:15,37.8700,289,1
2026-01-22,600036,14:49:18,37.8600,267,2
2026-01-22,600036,14:49:21,37.8700,1699,1
2026-01-22,600036,14:49:24,37.8700,447,1
2026-01-22,600036,14:49:27,37.8700,175,2
2026-01-22,600036,14:49:30,37.8600,1444,2
2026-01-22,600036,14:49:33,37.8700,483,1
2026-01-22,600036,14:49:36,37.8500,651,2
2026-01-22,600036,14:49:39,37.8600,490,1
2026-01-22,600036,14:49:42,37.8600,363,1
2026-01-22,600036,14:49:45,37.8600,163,2
2026-01-22,600036,14:49:48,37.8600,130,2
2026-01-22,600036,14:49:51,37.8700,114,1
2026-01-22,600036,14:49:54,37.8700,248,1
2026-01-22,600036,14:49:57,37.8600,164,4
2026-01-22,600036,14:50:00,37.8700,58,1
2026-01-22,600036,14:50:03,37.8600,280,2
2026-01-22,600036,14:50:06,37.8700,101,1
2026-01-22,600036,14:50:09,37.8700,307,1
2026-01-22,600036,14:50:12,37.8700,96,2
2026-01-22,600036,14:50:15,37.8700,494,2
2026-01-22,600036,14:50:18,37.8800,92,1
2026-01-22,600036,14:50:21,37.8700,149,2
2026-01-22,600036,14:50:24,37.8700,57,2
2026-01-22,600036,14:50:27,37.8700,465,2
2026-01-22,600036,14:50:30,37.8800,74,1
2026-01-22,600036,14:50:33,37.8800,54,1
2026-01-22,600036,14:50:36,37.8800,120,1
2026-01-22,600036,14:50:39,37.8800,217,1
2026-01-22,600036,14:50:42,37.8800,759,1
2026-01-22,600036,14:50:45,37.8800,351,1
2026-01-22,600036,14:50:49,37.8700,130,2
2026-01-22,600036,14:50:51,37.8800,74,1
2026-01-22,600036,14:50:54,37.8800,468,2
2026-01-22,600036,14:50:57,37.8900,25,1
2026-01-22,600036,14:51:00,37.8900,47,1
2026-01-22,600036,14:51:03,37.8900,105,1
2026-01-22,600036,14:51:06,37.8900,268,1
2026-01-22,600036,14:51:09,37.8900,111,1
2026-01-22,600036,14:51:12,37.8900,94,1
2026-01-22,600036,14:51:15,37.8900,346,1
2026-01-22,600036,14:51:18,37.8900,832,1
2026-01-22,600036,14:51:21,37.8900,298,1
2026-01-22,600036,14:51:24,37.8900,148,1
2026-01-22,600036,14:51:27,37.9000,621,1
2026-01-22,600036,14:51:30,37.9000,24,2
2026-01-22,600036,14:51:33,37.9000,109,2
2026-01-22,600036,14:51:36,37.9000,71,2
2026-01-22,600036,14:51:39,37.9000,389,2
2026-01-22,600036,14:51:42,37.9000,77,2
2026-01-22,600036,14:51:45,37.9000,130,2
2026-01-22,600036,14:51:48,37.9100,171,2
2026-01-22,600036,14:51:51,37.9200,50,1
2026-01-22,600036,14:51:54,37.9100,94,2
2026-01-22,600036,14:51:57,37.9100,220,2
2026-01-22,600036,14:52:00,37.9100,142,1
2026-01-22,600036,14:52:03,37.9000,392,2
2026-01-22,600036,14:52:06,37.9000,631,2
2026-01-22,600036,14:52:09,37.9000,400,4
2026-01-22,600036,14:52:12,37.9000,2160,2
2026-01-22,600036,14:52:15,37.9000,223,4
2026-01-22,600036,14:52:18,37.8900,638,2
2026-01-22,600036,14:52:21,37.8800,1100,2
2026-01-22,600036,14:52:24,37.8800,1272,2
2026-01-22,600036,14:52:27,37.8800,266,1
2026-01-22,600036,14:52:30,37.8700,273,2
2026-01-22,600036,14:52:33,37.8600,620,2
2026-01-22,600036,14:52:36,37.8600,514,2
2026-01-22,600036,14:52:39,37.8500,819,2
2026-01-22,600036,14:52:42,37.8600,892,1
2026-01-22,600036,14:52:45,37.8600,562,1
2026-01-22,600036,14:52:48,37.8600,405,1
2026-01-22,600036,14:52:51,37.8500,533,2
2026-01-22,600036,14:52:54,37.8600,489,1
2026-01-22,600036,14:52:57,37.8400,475,2
2026-01-22,600036,14:53:00,37.8500,392,1
2026-01-22,600036,14:53:03,37.8400,678,2
2026-01-22,600036,14:53:06,37.8300,666,2
2026-01-22,600036,14:53:09,37.8500,721,1
2026-01-22,600036,14:53:12,37.8400,452,2
2026-01-22,600036,14:53:15,37.8300,343,2
2026-01-22,600036,14:53:19,37.8400,914,1
2026-01-22,600036,14:53:21,37.8300,241,2
2026-01-22,600036,14:53:24,37.8400,643,1
2026-01-22,600036,14:53:27,37.8400,334,2
2026-01-22,600036,14:53:30,37.8400,549,2
2026-01-22,600036,14:53:33,37.8500,332,1
2026-01-22,600036,14:53:36,37.8300,506,2
2026-01-22,600036,14:53:39,37.8300,452,2
2026-01-22,600036,14:53:42,37.8400,612,1
2026-01-22,600036,14:53:45,37.8500,282,1
2026-01-22,600036,14:53:48,37.8500,226,1
2026-01-22,600036,14:53:51,37.8500,409,1
2026-01-22,600036,14:53:54,37.8500,391,1
2026-01-22,600036,14:53:57,37.8400,221,4
2026-01-22,600036,14:54:00,37.8300,472,2
2026-01-22,600036,14:54:03,37.8400,608,1
2026-01-22,600036,14:54:06,37.8300,626,2
2026-01-22,600036,14:54:09,37.8400,427,1
2026-01-22,600036,14:54:12,37.8300,428,2
2026-01-22,600036,14:54:15,37.8400,918,1
2026-01-22,600036,14:54:18,37.8400,540,2
2026-01-22,600036,14:54:21,37.8400,406,2
2026-01-22,600036,14:54:24,37.8300,280,2
2026-01-22,600036,14:54:27,37.8400,485,1
2026-01-22,600036,14:54:30,37.8400,584,1
2026-01-22,600036,14:54:33,37.8300,450,2
2026-01-22,600036,14:54:36,37.8300,700,2
2026-01-22,600036,14:54:39,37.8200,304,2
2026-01-22,600036,14:54:42,37.8300,273,2
2026-01-22,600036,14:54:45,37.8300,417,1
2026-01-22,600036,14:54:48,37.8300,452,1
2026-01-22,600036,14:54:51,37.8300,289,1
2026-01-22,600036,14:54:54,37.8300,437,2
2026-01-22,600036,14:54:57,37.8300,254,1
2026-01-22,600036,14:55:00,37.8200,493,2
2026-01-22,600036,14:55:03,37.8300,369,1
2026-01-22,600036,14:55:06,37.8100,590,2
2026-01-22,600036,14:55:09,37.8200,511,4
2026-01-22,600036,14:55:12,37.8200,218,2
2026-01-22,600036,14:55:15,37.8300,656,1
2026-01-22,600036,14:55:18,37.8300,73,4
2026-01-22,600036,14:55:21,37.8300,139,2
2026-01-22,600036,14:55:24,37.8300,73,2
2026-01-22,600036,14:55:27,37.8600,2773,1
2026-01-22,600036,14:55:30,37.8500,113,2
2026-01-22,600036,14:55:33,37.8600,210,1
2026-01-22,600036,14:55:36,37.8600,479,1
2026-01-22,600036,14:55:39,37.8600,409,2
2026-01-22,600036,14:55:42,37.8600,505,2
2026-01-22,600036,14:55:46,37.8600,147,2
2026-01-22,600036,14:55:48,37.8600,251,1
2026-01-22,600036,14:55:51,37.8700,184,1
2026-01-22,600036,14:55:54,37.8600,172,1
2026-01-22,600036,14:55:57,37.8600,217,1
2026-01-22,600036,14:56:00,37.8700,445,1
2026-01-22,600036,14:56:03,37.8500,326,2
2026-01-22,600036,14:56:06,37.8400,622,2
2026-01-22,600036,14:56:09,37.8300,566,2
2026-01-22,600036,14:56:12,37.8400,310,4
2026-01-22,600036,14:56:15,37.8400,524,2
2026-01-22,600036,14:56:18,37.8500,150,1
2026-01-22,600036,14:56:21,37.8500,134,2
2026-01-22,600036,14:56:24,37.8500,58,1
2026-01-22,600036,14:56:27,37.8600,256,1
2026-01-22,600036,14:56:30,37.8600,86,2
2026-01-22,600036,14:56:33,37.8600,147,2
2026-01-22,600036,14:56:36,37.8600,146,1
2026-01-22,600036,14:56:39,37.8500,94,2
2026-01-22,600036,14:56:42,37.8700,403,1
2026-01-22,600036,14:56:45,37.8700,235,1
2026-01-22,600036,14:56:48,37.8700,35,1
2026-01-22,600036,14:56:51,37.8700,21,1
2026-01-22,600036,14:56:54,37.8700,235,1
2026-01-22,600036,14:56:57,37.8700,330,1
2026-01-22,600036,14:57:00,37.8900,211,1
2026-01-22,600036,15:00:04,37.8500,17884,4
2026-01-22,600036,13:16:51,37.8500,124,1
2026-01-22,600036,13:16:54,37.8500,102,1
2026-01-22,600036,13:16:57,37.8500,21,1
2026-01-22,600036,13:17:00,37.8500,104,1
2026-01-22,600036,13:17:03,37.8500,464,1
2026-01-22,600036,13:17:06,37.8500,79,1
2026-01-22,600036,13:17:09,37.8400,110,2
2026-01-22,600036,13:17:12,37.8400,113,2
2026-01-22,600036,13:17:15,37.8500,119,1
2026-01-22,600036,13:17:18,37.8600,969,1
2026-01-22,600036,13:17:21,37.8800,163,1
2026-01-22,600036,13:17:24,37.8800,35,1
2026-01-22,600036,13:17:27,37.8800,274,1
2026-01-22,600036,13:17:30,37.8700,64,2
2026-01-22,600036,13:17:33,37.8800,328,1
2026-01-22,600036,13:17:36,37.8600,272,2
2026-01-22,600036,13:17:39,37.8600,598,2
2026-01-22,600036,13:17:42,37.8600,144,2
2026-01-22,600036,13:17:45,37.8500,351,2
2026-01-22,600036,13:17:48,37.8500,420,2
2026-01-22,600036,13:17:51,37.8500,130,1
2026-01-22,600036,13:17:54,37.8500,128,1
2026-01-22,600036,13:17:57,37.8500,118,1
2026-01-22,600036,13:18:00,37.8500,150,1
2026-01-22,600036,13:18:03,37.8500,298,1
2026-01-22,600036,13:18:06,37.8400,165,2
2026-01-22,600036,13:18:09,37.8500,68,4
2026-01-22,600036,13:18:12,37.8500,12,2
2026-01-22,600036,13:18:15,37.8600,140,1
2026-01-22,600036,13:18:18,37.8500,7,2
2026-01-22,600036,13:18:21,37.8500,1061,2
2026-01-22,600036,13:18:24,37.8500,79,1
2026-01-22,600036,13:18:27,37.8500,95,1
2026-01-22,600036,13:18:30,37.8500,118,1
2026-01-22,600036,13:18:34,37.8500,343,1
2026-01-22,600036,13:18:36,37.8500,227,1
2026-01-22,600036,13:18:39,37.8400,69,2
2026-01-22,600036,13:18:42,37.8500,116,1
2026-01-22,600036,13:18:45,37.8400,95,2
2026-01-22,600036,13:18:48,37.8500,37,2
2026-01-22,600036,13:18:51,37.8500,141,2
2026-01-22,600036,13:18:54,37.8500,293,2
2026-01-22,600036,13:18:57,37.8400,68,2
2026-01-22,600036,13:19:00,37.8600,339,1
2026-01-22,600036,13:19:03,37.8600,294,1
2026-01-22,600036,13:19:06,37.8700,224,1
2026-01-22,600036,13:19:09,37.8600,27,2
2026-01-22,600036,13:19:12,37.8800,60,1
2026-01-22,600036,13:19:15,37.8800,97,1
2026-01-22,600036,13:19:18,37.8800,80,1
2026-01-22,600036,13:19:21,37.8800,18,1
2026-01-22,600036,13:19:24,37.8800,64,1
2026-01-22,600036,13:19:27,37.8600,387,2
2026-01-22,600036,13:19:30,37.8700,103,1
2026-01-22,600036,13:19:33,37.8600,185,2
2026-01-22,600036,13:19:36,37.8700,46,1
2026-01-22,600036,13:19:39,37.8700,148,1
2026-01-22,600036,13:19:42,37.8700,132,1
2026-01-22,600036,13:19:45,37.8600,59,2
2026-01-22,600036,13:19:48,37.8600,131,2
2026-01-22,600036,13:19:51,37.8700,110,4
2026-01-22,600036,13:19:54,37.8700,192,1
2026-01-22,600036,13:19:57,37.8700,42,1
2026-01-22,600036,13:20:00,37.8600,1212,2
2026-01-22,600036,13:20:03,37.8600,401,1
2026-01-22,600036,13:20:06,37.8500,684,2
2026-01-22,600036,13:20:09,37.8500,113,2
2026-01-22,600036,13:20:12,37.8500,759,2
2026-01-22,600036,13:20:15,37.8500,1190,1
2026-01-22,600036,13:20:18,37.8600,198,1
2026-01-22,600036,13:20:21,37.8500,7,2
2026-01-22,600036,13:20:24,37.8500,216,2
2026-01-22,600036,13:20:27,37.8600,354,1
2026-01-22,600036,13:20:30,37.8500,114,2
2026-01-22,600036,13:20:33,37.8500,352,2
2026-01-22,600036,13:20:36,37.8500,83,1
2026-01-22,600036,13:20:39,37.8500,59,1
2026-01-22,600036,13:20:42,37.8500,146,1
2026-01-22,600036,13:20:45,37.8400,87,2
2026-01-22,600036,13:20:48,37.8500,54,4
2026-01-22,600036,13:20:51,37.8500,55,2
2026-01-22,600036,13:20:54,37.8500,201,2
2026-01-22,600036,13:20:57,37.8400,227,2
2026-01-22,600036,13:21:00,37.8600,90,1
2026-01-22,600036,13:21:03,37.8600,303,1
2026-01-22,600036,13:21:06,37.8700,78,1
2026-01-22,600036,13:21:09,37.8700,124,1
2026-01-22,600036,13:21:12,37.8600,16,2
2026-01-22,600036,13:21:15,37.8700,154,1
2026-01-22,600036,13:21:18,37.8700,108,2
2026-01-22,600036,13:21:21,37.8700,39,2
2026-01-22,600036,13:21:24,37.8700,10,1
2026-01-22,600036,13:21:27,37.8700,57,1
2026-01-22,600036,13:21:30,37.8600,107,2
2026-01-22,600036,13:21:33,37.8800,599,1
2026-01-22,600036,13:21:36,37.8600,161,2
2026-01-22,600036,13:21:39,37.8700,178,1
2026-01-22,600036,13:21:42,37.8800,50,1
2026-01-22,600036,13:21:45,37.8700,401,2
2026-01-22,600036,13:21:48,37.8700,153,1
2026-01-22,600036,13:21:52,37.8700,45,1
2026-01-22,600036,13:21:54,37.8700,193,1
2026-01-22,600036,13:21:57,37.8600,381,2
2026-01-22,600036,13:22:00,37.8600,75,1
2026-01-22,600036,13:22:03,37.8500,360,2
2026-01-22,600036,13:22:06,37.8500,234,2
2026-01-22,600036,13:22:10,37.8500,1705,2
2026-01-22,600036,13:22:12,37.8500,218,1
2026-01-22,600036,13:22:15,37.8500,152,1
2026-01-22,600036,13:22:18,37.8500,145,1
2026-01-22,600036,13:22:21,37.8400,46,2
2026-01-22,600036,13:22:24,37.8500,55,1
2026-01-22,600036,13:22:27,37.8400,97,2
2026-01-22,600036,13:22:30,37.8500,371,1
2026-01-22,600036,13:22:33,37.8400,504,2
2026-01-22,600036,13:22:36,37.8500,113,1
2026-01-22,600036,13:22:39,37.8500,179,1
2026-01-22,600036,13:22:42,37.8500,232,1
2026-01-22,600036,13:22:45,37.8500,135,1
2026-01-22,600036,13:22:48,37.8700,199,1
2026-01-22,600036,13:22:51,37.8700,117,1
2026-01-22,600036,13:22:55,37.8700,77,1
2026-01-22,600036,13:22:57,37.8700,33,1
2026-01-22,600036,13:23:01,37.8600,40,2
2026-01-22,600036,13:23:03,37.8600,1516,2
2026-01-22,600036,13:23:06,37.8600,178,1
2026-01-22,600036,13:23:09,37.8600,82,1
2026-01-22,600036,13:23:12,37.8600,138,1
2026-01-22,600036,13:23:15,37.8500,623,2
2026-01-22,600036,13:23:18,37.8500,252,1
2026-01-22,600036,13:23:21,37.8500,31,1
2026-01-22,600036,13:23:24,37.8500,88,1
2026-01-22,600036,13:23:27,37.8400,158,2
2026-01-22,600036,13:23:30,37.8600,362,1
2026-01-22,600036,13:23:33,37.8500,295,4
2026-01-22,600036,13:23:36,37.8600,77,1
2026-01-22,600036,13:23:39,37.8500,56,2
2026-01-22,600036,13:23:42,37.8600,159,1
2026-01-22,600036,13:23:45,37.8600,29,1
2026-01-22,600036,13:23:48,37.8500,235,2
2026-01-22,600036,13:23:51,37.8400,88,2
2026-01-22,600036,13:23:54,37.8500,141,1
2026-01-22,600036,13:23:57,37.8500,123,1
2026-01-22,600036,13:24:00,37.8600,252,1
2026-01-22,600036,13:24:03,37.8600,269,1
2026-01-22,600036,13:24:06,37.8500,109,2
2026-01-22,600036,13:24:09,37.8500,39,2
2026-01-22,600036,13:24:12,37.8500,67,2
2026-01-22,600036,13:24:15,37.8600,7,1
2026-01-22,600036,13:24:18,37.8500,29,2
2026-01-22,600036,13:24:21,37.8500,174,2
2026-01-22,600036,13:24:24,37.8400,87,2
2026-01-22,600036,13:24:27,37.8400,137,2
2026-01-22,600036,13:24:30,37.8500,58,4
2026-01-22,600036,13:24:33,37.8500,203,2
2026-01-22,600036,13:24:36,37.8500,40,1
2026-01-22,600036,13:24:39,37.8400,43,2
2026-01-22,600036,13:24:42,37.8600,142,1
2026-01-22,600036,13:24:45,37.8400,839,2
2026-01-22,600036,13:24:48,37.8600,197,1
2026-01-22,600036,13:24:51,37.8600,170,1
2026-01-22,600036,13:24:54,37.8500,413,4
2026-01-22,600036,13:24:57,37.8500,148,2
2026-01-22,600036,13:25:00,37.8500,81,1
2026-01-22,600036,13:25:03,37.8600,250,1
2026-01-22,600036,13:25:06,37.8500,62,2
2026-01-22,600036,13:25:09,37.8500,410,2
2026-01-22,600036,13:25:12,37.8600,29,1
2026-01-22,600036,13:25:15,37.8500,158,2
2026-01-22,600036,13:25:19,37.8500,109,2
2026-01-22,600036,13:25:21,37.8500,195,2
2026-01-22,600036,13:25:24,37.8600,13,1
2026-01-22,600036,13:25:27,37.8600,54,1
2026-01-22,600036,13:25:30,37.8600,22,2
2026-01-22,600036,13:25:34,37.8600,541,2
2026-01-22,600036,13:25:36,37.8500,240,2
2026-01-22,600036,13:25:39,37.8700,174,1
2026-01-22,600036,13:25:42,37.8900,326,1
2026-01-22,600036,13:25:45,37.8600,201,2
2026-01-22,600036,13:25:48,37.8600,156,2
2026-01-22,600036,13:25:51,37.8600,20,2
2026-01-22,600036,13:25:54,37.8700,261,4
2026-01-22,600036,13:25:57,37.8500,106,2
2026-01-22,600036,13:26:00,37.8700,35,1
2026-01-22,600036,13:26:03,37.8600,193,2
2026-01-22,600036,13:26:06,37.8800,1956,1
2026-01-22,600036,13:26:09,37.8500,173,2
2026-01-22,600036,13:26:12,37.8500,78,1
2026-01-22,600036,13:26:15,37.8500,188,1
2026-01-22,600036,13:26:18,37.8500,111,1
2026-01-22,600036,13:26:21,37.8500,64,1
2026-01-22,600036,13:26:24,37.8500,36,1
2026-01-22,600036,13:26:27,37.8500,169,1
2026-01-22,600036,13:26:30,37.8400,484,2
2026-01-22,600036,13:26:33,37.8400,371,2
2026-01-22,600036,13:26:36,37.8500,128,1
2026-01-22,600036,13:26:39,37.8500,265,1
2026-01-22,600036,13:26:43,37.8500,92,1
2026-01-22,600036,13:26:45,37.8400,68,2
2026-01-22,600036,13:26:48,37.8500,50,1
2026-01-22,600036,13:26:51,37.8500,35,1
2026-01-22,600036,13:26:54,37.8500,53,1
2026-01-22,600036,13:26:57,37.8500,26,1
2026-01-22,600036,13:27:00,37.8500,117,1
2026-01-22,600036,13:27:03,37.8400,299,2
2026-01-22,600036,13:27:06,37.8500,290,1
2026-01-22,600036,13:27:09,37.8500,221,1
2026-01-22,600036,13:27:12,37.8600,109,1
2026-01-22,600036,13:27:15,37.8500,61,2
2026-01-22,600036,13:27:18,37.8500,32,2
2026-01-22,600036,13:27:21,37.8700,83,1
2026-01-22,600036,13:27:24,37.8600,170,2
2026-01-22,600036,13:27:27,37.8600,186,1
2026-01-22,600036,13:27:30,37.8700,69,1
2026-01-22,600036,13:27:33,37.8700,219,1
2026-01-22,600036,13:27:36,37.8600,303,2
2026-01-22,600036,13:27:39,37.8700,21,1
2026-01-22,600036,13:27:42,37.8700,53,1
2026-01-22,600036,13:27:45,37.8700,3,1
2026-01-22,600036,13:27:48,37.8700,130,2
2026-01-22,600036,13:27:51,37.8800,44,1
2026-01-22,600036,13:27:54,37.8900,101,1
2026-01-22,600036,13:27:57,37.8800,48,2
2026-01-22,600036,13:28:00,37.8800,175,2
2026-01-22,600036,13:28:03,37.8900,172,1
2026-01-22,600036,13:28:06,37.8900,73,1
2026-01-22,600036,13:28:09,37.8900,88,1
2026-01-22,600036,13:28:12,37.8900,107,2
2026-01-22,600036,13:28:15,37.9000,23,1
2026-01-22,600036,13:28:18,37.8900,63,2
2026-01-22,600036,13:28:21,37.8900,318,2
2026-01-22,600036,13:28:24,37.9000,299,1
2026-01-22,600036,13:28:27,37.8900,134,2
2026-01-22,600036,13:28:30,37.9000,10,1
2026-01-22,600036,13:28:33,37.8900,170,2
2026-01-22,600036,13:28:36,37.9000,44,1
2026-01-22,600036,13:28:39,37.8900,50,2
2026-01-22,600036,13:28:42,37.9000,205,2
2026-01-22,600036,13:28:45,37.9100,59,2
2026-01-22,600036,13:28:48,37.9100,16,1
2026-01-22,600036,13:28:51,37.9200,53,1
2026-01-22,600036,13:28:54,37.9100,23,2
2026-01-22,600036,13:28:57,37.9100,210,2
2026-01-22,600036,13:29:00,37.9100,16,1
2026-01-22,600036,13:29:03,37.9200,165,1
2026-01-22,600036,13:29:06,37.9100,65,4
2026-01-22,600036,13:29:09,37.9200,182,1
2026-01-22,600036,13:29:12,37.9200,32,1
2026-01-22,600036,13:29:15,37.9300,324,1
2026-01-22,600036,13:29:18,37.9100,88,2
2026-01-22,600036,13:29:21,37.9400,284,1
2026-01-22,600036,13:29:24,37.9200,212,2
2026-01-22,600036,13:29:27,37.9200,26,2
2026-01-22,600036,13:29:30,37.9100,488,2
2026-01-22,600036,13:29:33,37.9300,195,1
2026-01-22,600036,13:29:36,37.9200,745,2
2026-01-22,600036,13:29:39,37.9300,52,1
2026-01-22,600036,13:29:42,37.9100,446,2
2026-01-22,600036,13:29:46,37.9200,149,1
2026-01-22,600036,13:29:48,37.9100,41,2
2026-01-22,600036,13:29:51,37.9100,104,1
2026-01-22,600036,13:29:54,37.9100,696,2
2026-01-22,600036,13:29:57,37.9100,106,1
2026-01-22,600036,13:30:00,37.9300,75,1
2026-01-22,600036,13:30:03,37.9300,204,1
2026-01-22,600036,13:30:06,37.9100,148,2
2026-01-22,600036,13:30:09,37.9200,158,1
2026-01-22,600036,13:30:12,37.9100,118,2
2026-01-22,600036,13:30:15,37.9100,521,2
2026-01-22,600036,13:30:18,37.9100,370,1
2026-01-22,600036,13:30:21,37.9100,56,1
2026-01-22,600036,13:30:24,37.9100,28,1
2026-01-22,600036,13:30:27,37.9000,733,2
2026-01-22,600036,13:30:30,37.8900,67,2
2026-01-22,600036,13:30:34,37.8900,214,2
2026-01-22,600036,13:30:36,37.8900,15,1
2026-01-22,600036,13:30:39,37.8800,593,2
2026-01-22,600036,13:30:42,37.8800,192,1
2026-01-22,600036,13:30:45,37.9000,762,1
2026-01-22,600036,13:30:48,37.9000,54,2
2026-01-22,600036,13:30:51,37.8900,263,2
2026-01-22,600036,13:30:54,37.8900,17,1
2026-01-22,600036,13:30:57,37.8900,43,1
2026-01-22,600036,13:31:00,37.8900,26,1
2026-01-22,600036,13:31:03,37.8800,601,2
2026-01-22,600036,13:31:06,37.8800,483,1
2026-01-22,600036,13:31:09,37.9000,14,1
2026-01-22,600036,13:31:12,37.8900,7,2
2026-01-22,600036,13:31:15,37.8900,63,2
2026-01-22,600036,13:31:18,37.8900,161,1
2026-01-22,600036,13:31:21,37.8800,89,2
2026-01-22,600036,13:31:24,37.8900,39,1
2026-01-22,600036,13:31:27,37.8800,431,2
2026-01-22,600036,13:31:30,37.8800,254,1
2026-01-22,600036,13:31:33,37.8700,564,2
2026-01-22,600036,13:31:36,37.8700,200,2
2026-01-22,600036,13:31:39,37.8700,26,1
2026-01-22,600036,13:31:42,37.8700,23,1
2026-01-22,600036,13:31:45,37.8600,77,2
2026-01-22,600036,13:31:48,37.8600,1273,2
2026-01-22,600036,13:31:51,37.8600,230,1
2026-01-22,600036,13:31:54,37.8600,5,1
2026-01-22,600036,13:31:57,37.8600,47,1
2026-01-22,600036,13:32:00,37.8500,1397,2
2026-01-22,600036,13:32:03,37.8400,235,2
2026-01-22,600036,13:32:06,37.8400,69,2
2026-01-22,600036,13:32:09,37.8500,12,1
2026-01-22,600036,13:32:12,37.8500,68,1
2026-01-22,600036,13:32:15,37.8500,124,1
2026-01-22,600036,13:32:18,37.8500,125,1
2026-01-22,600036,13:32:21,37.8600,2918,1
2026-01-22,600036,13:32:24,37.8600,165,1
2026-01-22,600036,13:32:27,37.8700,57,1
2026-01-22,600036,13:32:30,37.8700,20,1
2026-01-22,600036,13:32:33,37.8800,192,1
2026-01-22,600036,13:32:36,37.9000,221,1
2026-01-22,600036,13:32:39,37.8800,1,2
2026-01-22,600036,13:32:42,37.9200,55,1
2026-01-22,600036,13:32:45,37.9100,11,1
2026-01-22,600036,13:32:48,37.9300,322,1
2026-01-22,600036,13:32:51,37.9300,69,1
2026-01-22,600036,13:32:54,37.9200,94,4
2026-01-22,600036,13:32:57,37.9100,83,2
2026-01-22,600036,13:33:00,37.9100,13,2
2026-01-22,600036,13:33:03,37.9100,41,2
2026-01-22,600036,13:33:06,37.9100,59,2
2026-01-22,600036,13:33:09,37.9100,454,2
2026-01-22,600036,13:33:12,37.9100,35,1
2026-01-22,600036,13:33:15,37.9100,14,1
2026-01-22,600036,13:33:18,37.9200,90,1
2026-01-22,600036,13:33:21,37.9000,852,2
2026-01-22,600036,13:33:24,37.9000,500,1
2026-01-22,600036,13:33:27,37.9000,179,1
2026-01-22,600036,13:33:30,37.8800,169,2
2026-01-22,600036,13:33:33,37.8900,105,1
2026-01-22,600036,13:33:36,37.8900,49,1
2026-01-22,600036,13:33:39,37.8800,29,2
2026-01-22,600036,13:33:42,37.8800,294,2
2026-01-22,600036,13:33:45,37.8800,114,1
2026-01-22,600036,13:33:48,37.8800,118,1
2026-01-22,600036,13:33:51,37.8800,96,1
2026-01-22,600036,13:33:54,37.8700,718,2
2026-01-22,600036,13:33:57,37.8700,26,1
2026-01-22,600036,13:34:00,37.8700,92,1
2026-01-22,600036,13:34:04,37.8800,303,1
2026-01-22,600036,13:34:06,37.8800,1469,1
2026-01-22,600036,13:34:09,37.8900,47,1
2026-01-22,600036,13:34:12,37.8600,55,2
2026-01-22,600036,13:34:15,37.9000,103,1
2026-01-22,600036,13:34:18,37.9000,133,1
2026-01-22,600036,13:34:22,37.8900,30,1
2026-01-22,600036,13:34:24,37.8700,234,2
2026-01-22,600036,13:34:27,37.9000,29,2
2026-01-22,600036,13:34:30,37.8900,23,2
2026-01-22,600036,13:34:33,37.9000,39,4
2026-01-22,600036,13:34:36,37.8900,61,2
2026-01-22,600036,13:34:39,37.9000,4,4
2026-01-22,600036,13:34:42,37.9000,65,1
2026-01-22,600036,13:34:46,37.9000,86,1
2026-01-22,600036,13:34:48,37.9000,658,2
2026-01-22,600036,13:34:51,37.9200,120,1
2026-01-22,600036,13:34:54,37.9000,102,2
2026-01-22,600036,13:34:58,37.9200,164,1
2026-01-22,600036,13:35:00,37.8900,98,2
2026-01-22,600036,13:35:03,37.8900,24,2
2026-01-22,600036,13:35:06,37.9100,86,1
2026-01-22,600036,13:35:09,37.9000,211,2
2026-01-22,600036,13:35:12,37.8800,224,2
2026-01-22,600036,13:35:15,37.8900,47,4
2026-01-22,600036,13:35:18,37.9000,60,4
2026-01-22,600036,13:35:21,37.9000,96,2
2026-01-22,600036,13:35:24,37.9200,1,1
2026-01-22,600036,13:35:27,37.9100,12,1
2026-01-22,600036,13:35:30,37.9200,144,1
2026-01-22,600036,13:35:33,37.9100,74,2
2026-01-22,600036,13:35:36,37.9100,131,1
2026-01-22,600036,13:35:39,37.9000,42,2
2026-01-22,600036,13:35:42,37.9400,98,1
2026-01-22,600036,13:35:45,37.9100,491,2
2026-01-22,600036,13:35:48,37.9400,159,1
2026-01-22,600036,13:35:54,37.9300,35,4
2026-01-22,600036,13:35:57,37.9400,139,1
2026-01-22,600036,13:36:00,37.9200,68,2
2026-01-22,600036,13:36:03,37.9200,31,2
2026-01-22,600036,13:36:06,37.9400,44,1
2026-01-22,600036,13:36:09,37.9200,327,2
2026-01-22,600036,13:36:12,37.9200,40,1
2026-01-22,600036,13:36:15,37.9200,110,1
2026-01-22,600036,13:36:18,37.9100,174,2
2026-01-22,600036,13:36:21,37.9100,163,1
2026-01-22,600036,13:36:24,37.9200,98,1
2026-01-22,600036,13:36:27,37.9100,53,2
2026-01-22,600036,13:36:30,37.9100,51,2
2026-01-22,600036,13:36:33,37.9100,90,2
2026-01-22,600036,13:36:36,37.9100,36,2
2026-01-22,600036,13:36:39,37.9100,46,2
2026-01-22,600036,13:36:42,37.9100,267,2
2026-01-22,600036,13:36:45,37.9000,75,2
2026-01-22,600036,13:36:48,37.9000,220,2
2026-01-22,600036,13:36:51,37.9100,3,4
2026-01-22,600036,13:36:54,37.9000,689,2
2026-01-22,600036,13:36:57,37.9000,65,1
2026-01-22,600036,13:37:00,37.9200,350,1
2026-01-22,600036,13:37:03,37.9200,8,1
2026-01-22,600036,13:37:06,37.9300,96,1
2026-01-22,600036,13:37:09,37.9000,84,2
2026-01-22,600036,13:37:12,37.9000,23,2
2026-01-22,600036,13:37:15,37.9000,267,2
2026-01-22,600036,13:37:18,37.9000,183,1
2026-01-22,600036,13:37:21,37.9000,123,1
2026-01-22,600036,13:37:24,37.8900,270,2
2026-01-22,600036,13:37:27,37.9000,1858,2
2026-01-22,600036,13:37:30,37.9000,49,2
2026-01-22,600036,13:37:33,37.9000,11,2
2026-01-22,600036,13:37:36,37.9000,44,1
2026-01-22,600036,13:37:39,37.8900,886,2
2026-01-22,600036,13:37:42,37.8900,25,1
2026-01-22,600036,13:37:45,37.9000,305,1
2026-01-22,600036,13:37:48,37.9000,86,2
2026-01-22,600036,13:37:51,37.9000,6,1
2026-01-22,600036,13:37:54,37.9000,16,1
2026-01-22,600036,13:37:57,37.9000,81,1
2026-01-22,600036,13:38:00,37.8800,480,2
2026-01-22,600036,13:38:03,37.8800,33,2
2026-01-22,600036,13:38:06,37.9300,67,1
2026-01-22,600036,13:38:09,37.9000,42,2
2026-01-22,600036,13:38:12,37.9000,33,2
2026-01-22,600036,13:38:15,37.9300,19,1
2026-01-22,600036,13:38:18,37.9000,54,2
2026-01-22,600036,13:38:21,37.9200,60,1
2026-01-22,600036,13:38:24,37.9000,325,2
2026-01-22,600036,13:38:27,37.9300,34,1
2026-01-22,600036,13:38:30,37.9300,138,1
2026-01-22,600036,13:38:33,37.9400,152,1
2026-01-22,600036,13:38:36,37.9600,328,1
2026-01-22,600036,13:38:39,37.9400,4,1
2026-01-22,600036,13:38:42,37.9600,253,1
2026-01-22,600036,13:38:45,37.9400,30,4
2026-01-22,600036,13:38:48,37.9600,133,1
2026-01-22,600036,13:38:51,37.9300,116,2
2026-01-22,600036,13:38:54,37.9300,22,2
2026-01-22,600036,13:38:57,37.9400,91,1
2026-01-22,600036,13:39:00,37.9300,233,2
2026-01-22,600036,13:39:03,37.9300,94,1
2026-01-22,600036,13:39:06,37.9300,293,1
2026-01-22,600036,13:39:09,37.9300,54,1
2026-01-22,600036,13:39:12,37.9300,106,1
2026-01-22,600036,13:39:15,37.9400,26,1
2026-01-22,600036,13:39:18,37.9300,75,2
2026-01-22,600036,13:39:21,37.9600,13,1
2026-01-22,600036,13:39:24,37.9700,352,1
2026-01-22,600036,13:39:27,37.9500,23,1
2026-01-22,600036,13:39:30,37.9400,36,2
2026-01-22,600036,13:39:33,37.9300,68,2
2026-01-22,600036,13:39:36,37.9600,127,1
2026-01-22,600036,13:39:39,37.9500,24,1
2026-01-22,600036,13:39:42,37.9500,8,4
2026-01-22,600036,13:39:45,37.9600,89,1
2026-01-22,600036,13:39:48,37.9500,71,4
2026-01-22,600036,13:39:51,37.9500,217,4
2026-01-22,600036,13:39:54,37.9500,105,2
2026-01-22,600036,13:39:57,37.9500,28,4
2026-01-22,600036,13:40:00,37.9400,230,2
2026-01-22,600036,13:40:03,37.9400,199,1
2026-01-22,600036,13:40:06,37.9400,31,1
2026-01-22,600036,13:40:10,37.9200,417,2
2026-01-22,600036,13:40:12,37.9300,80,1
2026-01-22,600036,13:40:15,37.9400,413,1
2026-01-22,600036,13:40:18,37.9500,91,1
2026-01-22,600036,13:40:21,37.9300,36,2
2026-01-22,600036,13:40:24,37.9400,45,1
2026-01-22,600036,13:40:27,37.9400,10,4
2026-01-22,600036,13:40:30,37.9400,135,2
2026-01-22,600036,13:40:33,37.9500,154,1
2026-01-22,600036,13:40:36,37.9300,183,2
2026-01-22,600036,13:40:39,37.9200,117,2
2026-01-22,600036,13:40:42,37.9200,77,2
2026-01-22,600036,13:40:45,37.9200,301,2
2026-01-22,600036,13:40:48,37.9100,52,2
2026-01-22,600036,13:40:51,37.9200,104,1
2026-01-22,600036,13:40:54,37.9300,34,1
2026-01-22,600036,13:40:57,37.9200,98,2
2026-01-22,600036,13:41:00,37.9100,50,2
2026-01-22,600036,13:41:03,37.9200,53,1
2026-01-22,600036,13:41:06,37.9100,68,2
2026-01-22,600036,13:41:09,37.9100,41,2
2026-01-22,600036,13:41:12,37.9100,557,2
2026-01-22,600036,13:41:16,37.9100,59,1
2026-01-22,600036,13:41:18,37.9100,76,1
2026-01-22,600036,13:41:21,37.9100,10,1
2026-01-22,600036,13:41:24,37.9000,1281,2
2026-01-22,600036,13:41:27,37.9000,28,1
2026-01-22,600036,13:41:30,37.9000,3,1
2026-01-22,600036,13:41:33,37.9000,85,1
2026-01-22,600036,13:41:36,37.8900,362,2
2026-01-22,600036,13:41:39,37.8900,144,1
2026-01-22,600036,13:41:42,37.9000,322,1
2026-01-22,600036,13:41:45,37.8800,239,2
2026-01-22,600036,13:41:48,37.8900,68,4
2026-01-22,600036,13:41:51,37.8900,110,1
2026-01-22,600036,13:41:54,37.8900,30,4
2026-01-22,600036,13:41:57,37.8700,1266,2
2026-01-22,600036,13:42:00,37.8800,245,1
2026-01-22,600036,13:42:03,37.8700,229,2
2026-01-22,600036,13:42:06,37.8800,1097,1
2026-01-22,600036,13:42:09,37.8900,1395,1
2026-01-22,600036,13:42:12,37.8900,43,2
2026-01-22,600036,13:42:15,37.8900,12,2
2026-01-22,600036,13:42:18,37.8900,91,2
2026-01-22,600036,13:42:21,37.9000,230,1
2026-01-22,600036,13:42:24,37.9000,56,1
2026-01-22,600036,13:42:27,37.9100,78,1
2026-01-22,600036,13:42:30,37.9000,20,2
2026-01-22,600036,13:42:36,37.9100,64,1
2026-01-22,600036,13:42:39,37.9300,238,1
2026-01-22,600036,13:42:42,37.9300,218,2
2026-01-22,600036,13:42:45,37.9300,2,1
2026-01-22,600036,13:42:48,37.9200,121,2
2026-01-22,600036,13:42:51,37.9100,35,2
2026-01-22,600036,13:42:54,37.9100,536,2
2026-01-22,600036,13:42:57,37.9100,64,1
2026-01-22,600036,13:43:00,37.9500,426,1
2026-01-22,600036,13:43:03,37.9200,17,2
2026-01-22,600036,13:43:06,37.9200,36,1
2026-01-22,600036,13:43:09,37.9400,98,1
2026-01-22,600036,13:43:12,37.9400,76,1
2026-01-22,600036,13:43:15,37.9600,541,1
2026-01-22,600036,13:43:18,37.9600,41,1
2026-01-22,600036,13:43:21,37.9500,1,4
2026-01-22,600036,13:43:24,37.9400,63,2
2026-01-22,600036,13:43:27,37.9400,173,2
2026-01-22,600036,13:43:30,37.9400,31,1
2026-01-22,600036,13:43:33,37.9400,73,1
2026-01-22,600036,13:43:36,37.9400,12,1
2026-01-22,600036,13:43:39,37.9500,206,1
2026-01-22,600036,13:43:42,37.9400,18,2
2026-01-22,600036,13:43:45,37.9400,66,2
2026-01-22,600036,13:43:48,37.9500,411,1
2026-01-22,600036,13:43:51,37.9400,62,4
2026-01-22,600036,13:43:54,37.9400,22,1
2026-01-22,600036,13:43:57,37.9400,311,1
2026-01-22,600036,13:44:00,37.9300,304,2
2026-01-22,600036,13:44:03,37.9300,102,1
2026-01-22,600036,13:44:06,37.9300,15,1
2026-01-22,600036,13:44:09,37.9400,350,1
2026-01-22,600036,13:44:13,37.9200,1009,2
2026-01-22,600036,13:44:15,37.9200,196,1
2026-01-22,600036,13:44:18,37.9300,276,1
2026-01-22,600036,13:44:21,37.9300,5,1
2026-01-22,600036,13:44:24,37.9200,186,2
2026-01-22,600036,13:44:27,37.9200,23,2
2026-01-22,600036,13:44:33,37.9300,78,1
2026-01-22,600036,13:44:36,37.9400,238,1
2026-01-22,600036,13:44:45,37.9300,57,2
2026-01-22,600036,13:44:48,37.9400,103,1
2026-01-22,600036,13:44:51,37.9300,177,4
2026-01-22,600036,13:44:54,37.9400,38,1
2026-01-22,600036,13:44:57,37.9300,47,2
2026-01-22,600036,13:45:00,37.9300,79,2
2026-01-22,600036,13:45:03,37.9400,36,1
2026-01-22,600036,13:45:06,37.9700,322,1
2026-01-22,600036,13:45:10,37.9700,619,1
2026-01-22,600036,13:45:12,37.9700,50,1
2026-01-22,600036,13:45:15,37.9400,72,2
2026-01-22,600036,13:45:18,37.9700,374,1
2026-01-22,600036,13:45:21,37.9400,974,2
2026-01-22,600036,13:45:24,37.9400,180,1
2026-01-22,600036,13:45:27,37.9400,147,1
2026-01-22,600036,13:45:30,37.9500,124,2
2026-01-22,600036,13:45:33,37.9500,75,2
2026-01-22,600036,13:45:36,37.9400,144,2
2026-01-22,600036,13:45:39,37.9700,18,1
2026-01-22,600036,13:45:42,37.9500,5,2
2026-01-22,600036,13:45:45,37.9500,60,2
2026-01-22,600036,13:45:48,37.9600,31,1
2026-01-22,600036,13:45:52,37.9600,36,1
2026-01-22,600036,13:45:54,37.9600,24,2
2026-01-22,600036,13:45:57,37.9500,200,2
2026-01-22,600036,13:46:00,37.9400,48,2
2026-01-22,600036,13:46:03,37.9500,191,1
2026-01-22,600036,13:46:06,37.9400,116,2
2026-01-22,600036,13:46:09,37.9400,896,2
2026-01-22,600036,13:46:12,37.9400,224,1
2026-01-22,600036,13:46:15,37.9300,149,2
2026-01-22,600036,13:46:18,37.9400,204,1
2026-01-22,600036,13:46:21,37.9200,417,2
2026-01-22,600036,13:46:24,37.9300,97,1
2026-01-22,600036,13:46:27,37.9300,75,1
2026-01-22,600036,13:46:30,37.9200,2833,2
2026-01-22,600036,13:46:33,37.9500,150,1
2026-01-22,600036,13:46:36,37.9400,19,2
2026-01-22,600036,13:46:39,37.9600,16,1
2026-01-22,600036,13:46:42,37.9400,259,2
2026-01-22,600036,13:46:45,37.9600,95,1
2026-01-22,600036,13:46:48,37.9500,22,2
2026-01-22,600036,13:46:51,37.9400,208,2
2026-01-22,600036,13:46:54,37.9400,448,2
2026-01-22,600036,13:46:57,37.9400,322,1
2026-01-22,600036,13:47:00,37.9400,70,1
2026-01-22,600036,13:47:03,37.9400,84,1
2026-01-22,600036,13:47:06,37.9400,200,1
2026-01-22,600036,13:47:09,37.9400,12,1
2026-01-22,600036,13:47:12,37.9400,28,1
2026-01-22,600036,13:47:15,37.9400,123,1
2026-01-22,600036,13:47:18,37.9300,432,2
2026-01-22,600036,13:47:22,37.9400,498,1
2026-01-22,600036,13:47:24,37.9400,100,1
2026-01-22,600036,13:47:27,37.9300,734,2
2026-01-22,600036,13:47:30,37.9400,82,1
2026-01-22,600036,13:47:33,37.9400,10,2
2026-01-22,600036,13:47:36,37.9400,16,1
2026-01-22,600036,13:47:39,37.9300,510,2
2026-01-22,600036,13:47:42,37.9200,101,2
2026-01-22,600036,13:47:45,37.9200,55,2
2026-01-22,600036,13:47:48,37.9600,548,1
2026-01-22,600036,13:47:51,37.9300,10,2
2026-01-22,600036,13:47:54,37.9400,175,4
2026-01-22,600036,13:47:57,37.9500,7,1
2026-01-22,600036,13:48:00,37.9500,17,1
2026-01-22,600036,13:48:03,37.9300,545,2
2026-01-22,600036,13:48:06,37.9500,65,1
2026-01-22,600036,13:48:09,37.9600,84,1
2026-01-22,600036,13:48:12,37.9500,52,1
2026-01-22,600036,13:48:15,37.9300,1105,2
2026-01-22,600036,13:48:18,37.9300,67,1
2026-01-22,600036,13:48:21,37.9300,50,1
2026-01-22,600036,13:48:24,37.9200,52,2
2026-01-22,600036,13:48:27,37.9100,978,2
2026-01-22,600036,13:48:30,37.9100,80,2
2026-01-22,600036,13:48:33,37.9200,74,1
2026-01-22,600036,13:48:36,37.9100,2930,2
2026-01-22,600036,13:48:39,37.9100,374,1
2026-01-22,600036,13:48:42,37.9100,241,1
2026-01-22,600036,13:48:45,37.9300,175,1
2026-01-22,600036,13:48:48,37.9100,28,2
2026-01-22,600036,13:48:51,37.9500,459,1
2026-01-22,600036,13:48:54,37.9200,44,2
2026-01-22,600036,13:48:57,37.9600,121,1
2026-01-22,600036,13:49:00,37.9300,97,2
2026-01-22,600036,13:49:03,37.9300,24,1
2026-01-22,600036,13:49:06,37.9300,181,1
2026-01-22,600036,13:49:09,37.9500,292,1
2026-01-22,600036,13:49:12,37.9300,14,2
2026-01-22,600036,13:49:15,37.9400,57,1
2026-01-22,600036,13:49:18,37.9500,25,1
2026-01-22,600036,13:49:21,37.9500,19,1
2026-01-22,600036,13:49:24,37.9500,123,1
2026-01-22,600036,13:49:27,37.9500,49,1
2026-01-22,600036,13:49:30,37.9500,2,2
2026-01-22,600036,13:49:33,37.9500,100,2
2026-01-22,600036,13:49:36,37.9400,57,2
2026-01-22,600036,13:49:39,37.9300,143,2
2026-01-22,600036,13:49:42,37.9500,136,1
2026-01-22,600036,13:49:45,37.9500,65,1
2026-01-22,600036,13:49:48,37.9500,64,1
2026-01-22,600036,13:49:51,37.9500,17,1
2026-01-22,600036,13:49:54,37.9400,21,4
2026-01-22,600036,13:49:57,37.9500,67,1
2026-01-22,600036,13:50:00,37.9500,3910,1
2026-01-22,600036,13:50:03,37.9300,95,2
2026-01-22,600036,13:50:06,37.9600,80,1
2026-01-22,600036,13:50:09,37.9400,74,2
2026-01-22,600036,13:50:12,37.9500,17,1
2026-01-22,600036,13:50:15,37.9600,163,1
2026-01-22,600036,13:50:18,37.9500,108,2
2026-01-22,600036,13:50:21,37.9600,67,1
2026-01-22,600036,13:50:24,37.9600,92,1
2026-01-22,600036,13:50:27,37.9600,43,1
2026-01-22,600036,13:50:30,37.9500,66,2
2026-01-22,600036,13:50:33,37.9600,15,1
2026-01-22,600036,13:50:36,37.9500,277,2
2026-01-22,600036,13:50:39,37.9700,354,1
2026-01-22,600036,13:50:43,37.9700,18,1
2026-01-22,600036,13:50:45,37.9600,90,2
2026-01-22,600036,13:50:48,37.9700,53,1
2026-01-22,600036,13:50:52,37.9500,472,2
2026-01-22,600036,13:50:54,37.9700,514,1
2026-01-22,600036,13:50:57,37.9600,848,2
2026-01-22,600036,13:51:00,37.9600,21,4
2026-01-22,600036,13:51:03,37.9500,99,2
2026-01-22,600036,13:51:06,37.9600,28,4
2026-01-22,600036,13:51:09,37.9500,728,2
2026-01-22,600036,13:51:12,37.9500,200,1
2026-01-22,600036,13:51:15,37.9600,229,1
2026-01-22,600036,13:51:18,37.9800,637,1
2026-01-22,600036,13:51:21,37.9700,32,1
2026-01-22,600036,13:51:24,37.9700,2,1
2026-01-22,600036,13:51:27,37.9600,8,4
2026-01-22,600036,13:51:30,37.9700,62,1
2026-01-22,600036,13:51:33,37.9600,72,2
2026-01-22,600036,13:51:37,37.9500,76,2
2026-01-22,600036,13:51:39,37.9600,19,2
2026-01-22,600036,13:51:42,37.9600,46,2
2026-01-22,600036,13:51:45,37.9600,76,1
2026-01-22,600036,13:51:48,37.9600,63,1
2026-01-22,600036,13:51:51,37.9500,263,2
2026-01-22,600036,13:51:54,37.9500,31,1
2026-01-22,600036,13:51:57,37.9500,73,1
2026-01-22,600036,13:52:00,37.9500,106,1
2026-01-22,600036,13:52:03,37.9400,331,2
2026-01-22,600036,13:52:06,37.9400,148,1
2026-01-22,600036,13:52:09,37.9500,453,1
2026-01-22,600036,13:52:12,37.9500,419,1
2026-01-22,600036,13:52:15,37.9500,204,2
2026-01-22,600036,13:52:18,37.9500,18,1
2026-01-22,600036,13:52:21,37.9500,181,1
2026-01-22,600036,13:52:24,37.9400,129,2
2026-01-22,600036,13:52:27,37.9400,533,2
2026-01-22,600036,13:52:30,37.9400,325,1
2026-01-22,600036,13:52:33,37.9300,833,2
2026-01-22,600036,13:52:36,37.9100,2080,2
2026-01-22,600036,13:52:39,37.9100,701,2
2026-01-22,600036,13:52:42,37.9000,107,2
2026-01-22,600036,13:52:45,37.9000,212,2
2026-01-22,600036,13:52:48,37.9100,222,1
2026-01-22,600036,13:52:52,37.9000,1694,2
2026-01-22,600036,13:52:54,37.9000,463,1
2026-01-22,600036,13:52:57,37.8900,43,2
2026-01-22,600036,13:53:00,37.8900,265,2
2026-01-22,600036,13:53:03,37.8800,309,2
2026-01-22,600036,13:53:06,37.8900,61,1
2026-01-22,600036,13:53:09,37.8900,82,1
2026-01-22,600036,13:53:12,37.8700,2522,2
2026-01-22,600036,13:53:15,37.8800,2196,1
2026-01-22,600036,13:53:19,37.8800,59,1
2026-01-22,600036,13:53:21,37.8800,106,1
2026-01-22,600036,13:53:24,37.8700,4779,2
2026-01-22,600036,13:53:27,37.8700,273,1
2026-01-22,600036,13:53:30,37.8700,98,1
2026-01-22,600036,13:53:33,37.8700,118,1
2026-01-22,600036,13:53:36,37.8600,1939,2
2026-01-22,600036,13:53:39,37.8500,47,2
2026-01-22,600036,13:53:43,37.8600,48,1
2026-01-22,600036,13:53:45,37.8500,1725,2
2026-01-22,600036,13:53:48,37.8500,2709,2
2026-01-22,600036,13:53:51,37.8500,201,1
2026-01-22,600036,13:53:54,37.8400,1969,2
2026-01-22,600036,13:53:57,37.8700,8637,1
2026-01-22,600036,13:54:00,37.8700,1982,1
2026-01-22,600036,13:54:03,37.8600,508,2
2026-01-22,600036,13:54:06,37.8600,1519,1
2026-01-22,600036,13:54:10,37.8500,776,2
2026-01-22,600036,13:54:12,37.8500,245,1
2026-01-22,600036,13:54:15,37.8500,346,1
2026-01-22,600036,13:54:18,37.8400,192,2
2026-01-22,600036,13:54:21,37.8500,59,4
2026-01-22,600036,13:54:24,37.8500,88,2
2026-01-22,600036,13:54:27,37.8500,67,2
2026-01-22,600036,13:54:30,37.8600,258,1
2026-01-22,600036,13:54:33,37.8600,493,1
2026-01-22,600036,13:54:36,37.8600,194,1
2026-01-22,600036,13:54:39,37.8600,254,1
2026-01-22,600036,13:54:42,37.8600,132,1
2026-01-22,600036,13:54:45,37.8500,198,2
2026-01-22,600036,13:54:48,37.8600,244,1
2026-01-22,600036,13:54:51,37.8600,112,1
2026-01-22,600036,13:54:54,37.8500,280,2
2026-01-22,600036,13:54:57,37.8500,108,1
2026-01-22,600036,13:55:00,37.8400,303,2
2026-01-22,600036,13:55:03,37.8500,36,4
2026-01-22,600036,13:55:06,37.8400,296,2
2026-01-22,600036,13:55:09,37.8500,136,1
2026-01-22,600036,13:55:12,37.8900,483,1
2026-01-22,600036,13:55:15,37.8600,78,2
2026-01-22,600036,13:55:18,37.8600,15,1
2026-01-22,600036,13:55:21,37.8500,840,2
2026-01-22,600036,13:55:24,37.8400,219,2
2026-01-22,600036,13:55:27,37.8500,233,1
2026-01-22,600036,13:55:30,37.8500,116,1
2026-01-22,600036,13:55:33,37.8500,179,1
2026-01-22,600036,13:55:36,37.8500,53,1
2026-01-22,600036,13:55:39,37.8600,519,1
2026-01-22,600036,13:55:42,37.8600,140,1
2026-01-22,600036,13:55:45,37.8500,1567,2
2026-01-22,600036,13:55:48,37.8500,100,2
2026-01-22,600036,13:55:51,37.8700,56,4
2026-01-22,600036,13:55:54,37.8900,210,1
2026-01-22,600036,13:55:57,37.8900,232,1
2026-01-22,600036,13:56:00,37.8900,69,1
2026-01-22,600036,13:56:03,37.9000,94,1
2026-01-22,600036,13:56:06,37.8900,19,2
2026-01-22,600036,13:56:09,37.8900,160,2
2026-01-22,600036,13:56:12,37.9000,923,1
2026-01-22,600036,13:56:15,37.9000,441,2
2026-01-22,600036,13:56:18,37.9000,2,1
2026-01-22,600036,13:56:21,37.8900,436,2
2026-01-22,600036,13:56:24,37.8900,558,1
2026-01-22,600036,13:56:27,37.8800,226,2
2026-01-22,600036,13:56:30,37.8900,156,1
2026-01-22,600036,13:56:33,37.8800,122,2
2026-01-22,600036,13:56:36,37.8800,79,1
2026-01-22,600036,13:56:40,37.8800,58,1
2026-01-22,600036,13:56:42,37.8700,23,2
2026-01-22,600036,13:56:45,37.8700,227,2
2026-01-22,600036,13:56:48,37.8700,97,1
2026-01-22,600036,13:56:51,37.8700,42,1
2026-01-22,600036,13:56:54,37.8600,461,2
2026-01-22,600036,13:56:57,37.8500,143,2
2026-01-22,600036,13:57:00,37.8600,379,1
2026-01-22,600036,13:57:03,37.8600,103,1
2026-01-22,600036,13:57:06,37.8500,1327,2
2026-01-22,600036,13:57:09,37.8500,205,1
2026-01-22,600036,13:57:12,37.8500,121,1
2026-01-22,600036,13:57:15,37.8500,27,1
2026-01-22,600036,13:57:18,37.8500,301,1
2026-01-22,600036,13:57:21,37.8500,62,1
2026-01-22,600036,13:57:24,37.8500,202,1
2026-01-22,600036,13:57:27,37.8500,214,1
2026-01-22,600036,13:57:30,37.8400,122,2
2026-01-22,600036,13:57:33,37.8500,573,1
2026-01-22,600036,13:57:36,37.8500,277,1
2026-01-22,600036,13:57:39,37.8500,174,1
2026-01-22,600036,13:57:42,37.8500,102,1
2026-01-22,600036,13:57:45,37.8500,168,1
2026-01-22,600036,13:57:48,37.8500,181,1
2026-01-22,600036,13:57:51,37.8500,91,1
2026-01-22,600036,13:57:54,37.8500,38,1
2026-01-22,600036,13:57:57,37.8500,131,1
2026-01-22,600036,13:58:00,37.8500,519,1
2026-01-22,600036,13:58:04,37.8500,296,1
2026-01-22,600036,13:58:06,37.8500,713,1
2026-01-22,600036,13:58:09,37.8500,501,1
2026-01-22,600036,13:58:12,37.8500,41,2
2026-01-22,600036,13:58:15,37.8600,349,4
2026-01-22,600036,13:58:18,37.8600,2532,2
2026-01-22,600036,13:58:21,37.8600,17,1
2026-01-22,600036,13:58:24,37.8700,13,2
2026-01-22,600036,13:58:27,37.9000,82,1
2026-01-22,600036,13:58:30,37.8700,85,2
2026-01-22,600036,13:58:33,37.8700,191,1
2026-01-22,600036,13:58:36,37.9000,105,1
2026-01-22,600036,13:58:39,37.8800,38,2
2026-01-22,600036,13:58:42,37.8800,10,1
2026-01-22,600036,13:58:45,37.8800,34,1
2026-01-22,600036,13:58:48,37.9000,96,1
2026-01-22,600036,13:58:51,37.8900,21,4
2026-01-22,600036,13:58:54,37.8800,1121,2
2026-01-22,600036,13:58:57,37.8800,110,1
2026-01-22,600036,13:59:00,37.9000,737,1
2026-01-22,600036,13:59:03,37.8800,91,2
2026-01-22,600036,13:59:06,37.8800,501,2
2026-01-22,600036,13:59:09,37.8800,94,1
2026-01-22,600036,13:59:12,37.8800,6,2
2026-01-22,600036,13:59:15,37.8900,92,1
2026-01-22,600036,13:59:18,37.8800,476,2
2026-01-22,600036,13:59:21,37.8800,470,1
2026-01-22,600036,13:59:24,37.8800,70,1
2026-01-22,600036,13:59:27,37.8800,24,1
2026-01-22,600036,13:59:30,37.8700,409,2
2026-01-22,600036,13:59:33,37.8600,471,2
2026-01-22,600036,13:59:36,37.8800,32,1
2026-01-22,600036,13:59:39,37.8600,617,2
2026-01-22,600036,13:59:42,37.8600,351,1
2026-01-22,600036,13:59:45,37.8600,118,1
2026-01-22,600036,13:59:48,37.8600,96,1
2026-01-22,600036,13:59:51,37.8500,1239,2
2026-01-22,600036,13:59:54,37.8400,251,2
2026-01-22,600036,13:59:57,37.8500,36,1
2026-01-22,600036,14:00:00,37.8500,48,1
2026-01-22,600036,14:00:03,37.8500,243,1
2026-01-22,600036,14:00:06,37.8500,133,1
2026-01-22,600036,14:00:09,37.8500,132,1
2026-01-22,600036,14:00:12,37.8500,176,1
2026-01-22,600036,14:00:15,37.8500,2133,1
2026-01-22,600036,14:00:18,37.8500,474,1
2026-01-22,600036,14:00:21,37.8500,261,1
2026-01-22,600036,14:00:24,37.8500,323,1
2026-01-22,600036,14:00:27,37.8500,372,1
2026-01-22,600036,14:00:30,37.8600,380,1
2026-01-22,600036,14:00:33,37.8600,70,1
2026-01-22,600036,14:00:36,37.8600,45,1
2026-01-22,600036,14:00:39,37.8400,446,2
2026-01-22,600036,14:00:42,37.8500,199,1
2026-01-22,600036,14:00:45,37.8500,121,1
2026-01-22,600036,14:00:48,37.8500,119,1
2026-01-22,600036,14:00:51,37.8500,193,1
2026-01-22,600036,14:00:54,37.8500,213,1
2026-01-22,600036,14:00:57,37.8500,93,1
2026-01-22,600036,14:01:00,37.8400,305,2
2026-01-22,600036,14:01:03,37.8400,182,2
2026-01-22,600036,14:01:06,37.8400,179,2
2026-01-22,600036,14:01:09,37.8500,245,1
2026-01-22,600036,14:01:12,37.8500,120,1
2026-01-22,600036,14:01:15,37.8500,177,2
2026-01-22,600036,14:01:18,37.8500,100,2
2026-01-22,600036,14:01:21,37.8500,383,2
2026-01-22,600036,14:01:24,37.8500,232,2
2026-01-22,600036,14:01:27,37.8500,2622,2
2026-01-22,600036,14:01:30,37.8500,727,1
2026-01-22,600036,14:01:33,37.8400,1408,2
2026-01-22,600036,14:01:36,37.8500,205,1
2026-01-22,600036,14:01:39,37.8800,129,1
2026-01-22,600036,14:01:42,37.8800,99,1
2026-01-22,600036,14:01:45,37.8700,98,2
2026-01-22,600036,14:01:48,37.8800,125,1
2026-01-22,600036,14:01:51,37.8800,332,2
2026-01-22,600036,14:01:54,37.8900,82,1
2026-01-22,600036,14:01:57,37.8900,116,1
2026-01-22,600036,14:02:00,37.8800,195,2
2026-01-22,600036,14:02:03,37.8700,131,2
2026-01-22,600036,14:02:06,37.8900,8,1
2026-01-22,600036,14:02:09,37.8900,145,1
2026-01-22,600036,14:02:12,37.8800,25,2
2026-01-22,600036,14:02:15,37.8800,331,2
2026-01-22,600036,14:02:18,37.8700,572,2
2026-01-22,600036,14:02:21,37.8800,57,4
2026-01-22,600036,14:02:24,37.8900,41,1
2026-01-22,600036,14:02:27,37.8900,47,2
2026-01-22,600036,14:02:30,37.8900,144,2
2026-01-22,600036,14:02:33,37.8800,222,2
2026-01-22,600036,14:02:36,37.8900,40,1
2026-01-22,600036,14:02:39,37.8800,117,2
2026-01-22,600036,14:02:42,37.8900,86,1
2026-01-22,600036,14:02:45,37.8800,104,2
2026-01-22,600036,14:02:48,37.8800,105,1
2026-01-22,600036,14:02:51,37.8600,500,2
2026-01-22,600036,14:02:54,37.8700,206,1
2026-01-22,600036,14:02:57,37.8700,147,1
2026-01-22,600036,14:03:00,37.8700,99,1
2026-01-22,600036,14:03:03,37.8600,191,2
2026-01-22,600036,14:03:06,37.8600,106,1
2026-01-22,600036,14:03:09,37.8600,95,1
2026-01-22,600036,14:03:12,37.8600,120,1
2026-01-22,600036,14:03:15,37.8500,3048,2
2026-01-22,600036,14:03:18,37.8400,1040,2
2026-01-22,600036,14:03:21,37.8500,211,1
2026-01-22,600036,14:03:24,37.8500,38,1
2026-01-22,600036,14:03:27,37.8500,169,1
2026-01-22,600036,14:03:30,37.8500,613,1
2026-01-22,600036,14:03:33,37.8500,277,1
2026-01-22,600036,14:03:36,37.8500,82,1
2026-01-22,600036,14:03:39,37.8400,122,2
2026-01-22,600036,14:03:42,37.8500,1062,1
2026-01-22,600036,14:03:45,37.8500,77,1
2026-01-22,600036,14:03:48,37.8500,112,1
2026-01-22,600036,14:03:51,37.8500,35,1
2026-01-22,600036,14:03:54,37.8500,67,1
2026-01-22,600036,14:03:57,37.8500,60,1
2026-01-22,600036,14:04:00,37.8500,33,1
2026-01-22,600036,14:04:03,37.8400,66,2
2026-01-22,600036,14:04:06,37.8500,102,1
2026-01-22,600036,14:04:09,37.8500,106,1
2026-01-22,600036,14:04:12,37.8500,159,1
2026-01-22,600036,14:04:15,37.8500,135,1
2026-01-22,600036,14:04:18,37.8500,305,1
2026-01-22,600036,14:04:21,37.8500,122,1
2026-01-22,600036,14:04:24,37.8500,187,1
2026-01-22,600036,14:04:27,37.8700,32,1
2026-01-22,600036,14:04:30,37.8700,68,1
2026-01-22,600036,14:04:33,37.8800,132,1
2026-01-22,600036,14:04:36,37.8900,126,1
2026-01-22,600036,14:04:39,37.8800,112,2
2026-01-22,600036,14:04:42,37.8900,79,1
2026-01-22,600036,14:04:45,37.8700,22,2
2026-01-22,600036,14:04:48,37.8800,440,2
2026-01-22,600036,14:04:51,37.8800,357,2
2026-01-22,600036,14:04:54,37.8700,251,2
2026-01-22,600036,14:04:57,37.8800,129,1
2026-01-22,600036,14:05:00,37.8800,192,1
2026-01-22,600036,14:05:03,37.8600,1008,2
2026-01-22,600036,14:05:06,37.8600,301,1
2026-01-22,600036,14:05:09,37.8700,100,1
2026-01-22,600036,14:05:12,37.8700,82,1
2026-01-22,600036,14:05:15,37.8600,149,2
2026-01-22,600036,14:05:18,37.8600,126,1
2026-01-22,600036,14:05:21,37.8600,35,1
2026-01-22,600036,14:05:24,37.8700,58,1
2026-01-22,600036,14:05:27,37.8600,86,2
2026-01-22,600036,14:05:30,37.8700,48,1
2026-01-22,600036,14:05:33,37.8700,151,1
2026-01-22,600036,14:05:36,37.8600,17,2
2026-01-22,600036,14:05:39,37.8600,235,2
2026-01-22,600036,14:05:42,37.8600,115,2
2026-01-22,600036,14:05:45,37.8500,142,2
2026-01-22,600036,14:05:48,37.8700,109,1
2026-01-22,600036,14:05:51,37.8500,73,2
2026-01-22,600036,14:05:54,37.8500,2191,2
2026-01-22,600036,14:05:57,37.8500,164,1
2026-01-22,600036,14:06:00,37.8500,78,1
2026-01-22,600036,14:06:03,37.8500,235,1
2026-01-22,600036,14:06:06,37.8500,68,1
2026-01-22,600036,14:06:10,37.8500,84,1
2026-01-22,600036,14:06:12,37.8500,209,1
2026-01-22,600036,14:06:15,37.8500,181,1
2026-01-22,600036,14:06:18,37.8500,69,1
2026-01-22,600036,14:06:21,37.8500,261,1
2026-01-22,600036,14:06:24,37.8400,1369,2
2026-01-22,600036,14:06:27,37.8400,43,2
2026-01-22,600036,14:06:30,37.8500,85,1
2026-01-22,600036,14:06:33,37.8500,143,1
2026-01-22,600036,14:06:36,37.8500,139,1
2026-01-22,600036,14:06:39,37.8500,271,1
2026-01-22,600036,14:06:42,37.8500,131,1
2026-01-22,600036,14:06:45,37.8500,46,1
2026-01-22,600036,14:06:48,37.8500,274,1
2026-01-22,600036,14:06:51,37.8500,3112,1
2026-01-22,600036,14:06:54,37.8500,879,2
2026-01-22,600036,14:06:57,37.8500,205,1
2026-01-22,600036,14:07:00,37.8500,154,1
2026-01-22,600036,14:07:03,37.8500,287,1
2026-01-22,600036,10:56:54,38.0600,21,2
2026-01-22,600036,10:56:57,38.0700,9,1
2026-01-22,600036,10:57:00,38.0700,71,1
2026-01-22,600036,10:57:03,38.0500,886,2
2026-01-22,600036,10:57:06,38.0600,54,1
2026-01-22,600036,10:57:09,38.0600,4,1
2026-01-22,600036,10:57:12,38.0600,55,1
2026-01-22,600036,10:57:15,38.0500,797,2
2026-01-22,600036,10:57:18,38.0500,433,1
2026-01-22,600036,10:57:21,38.0500,122,1
2026-01-22,600036,10:57:24,38.0600,2228,1
2026-01-22,600036,10:57:27,38.0500,34,2
2026-01-22,600036,10:57:30,38.0600,50,1
2026-01-22,600036,10:57:33,38.0500,117,2
2026-01-22,600036,10:57:36,38.0500,143,2
2026-01-22,600036,10:57:39,38.0500,29,2
2026-01-22,600036,10:57:43,38.0500,19,2
2026-01-22,600036,10:57:45,38.0500,275,2
2026-01-22,600036,10:57:48,38.0500,230,2
2026-01-22,600036,10:57:52,38.0500,191,1
2026-01-22,600036,10:57:54,38.0500,102,2
2026-01-22,600036,10:57:57,38.0500,161,1
2026-01-22,600036,10:58:00,38.0400,133,2
2026-01-22,600036,10:58:03,38.0400,70,2
2026-01-22,600036,10:58:06,38.0300,428,2
2026-01-22,600036,10:58:09,38.0300,181,2
2026-01-22,600036,10:58:12,38.0300,106,2
2026-01-22,600036,10:58:15,38.0300,124,2
2026-01-22,600036,10:58:18,38.0300,785,2
2026-01-22,600036,10:58:21,38.0300,181,1
2026-01-22,600036,10:58:24,38.0400,1852,1
2026-01-22,600036,10:58:27,38.0700,204,1
2026-01-22,600036,10:58:30,38.0900,735,1
2026-01-22,600036,10:58:33,38.0500,32,2
2026-01-22,600036,10:58:36,38.0700,45,1
2026-01-22,600036,10:58:39,38.0600,60,2
2026-01-22,600036,10:58:42,38.0600,80,2
2026-01-22,600036,10:58:45,38.0700,36,4
2026-01-22,600036,10:58:48,38.0600,38,2
2026-01-22,600036,10:58:51,38.0600,51,1
2026-01-22,600036,10:58:54,38.0600,54,1
2026-01-22,600036,10:58:57,38.0600,110,1
2026-01-22,600036,10:59:00,38.0600,75,1
2026-01-22,600036,10:59:03,38.0500,1182,2
2026-01-22,600036,10:59:06,38.0500,78,1
2026-01-22,600036,10:59:09,38.0500,256,1
2026-01-22,600036,10:59:12,38.0400,815,2
2026-01-22,600036,10:59:15,38.0400,896,1
2026-01-22,600036,10:59:19,38.0400,84,1
2026-01-22,600036,10:59:21,38.0400,127,1
2026-01-22,600036,10:59:24,38.0300,922,2
2026-01-22,600036,10:59:27,38.0300,334,1
2026-01-22,600036,10:59:30,38.0300,84,1
2026-01-22,600036,10:59:33,38.0300,843,1
2026-01-22,600036,10:59:36,38.0400,1790,1
2026-01-22,600036,10:59:39,38.0300,21,4
2026-01-22,600036,10:59:42,38.0400,432,1
2026-01-22,600036,10:59:45,38.0400,236,1
2026-01-22,600036,10:59:48,38.0500,593,1
2026-01-22,600036,10:59:51,38.0400,32,1
2026-01-22,600036,10:59:54,38.0500,17,1
2026-01-22,600036,10:59:57,38.0500,35,1
2026-01-22,600036,11:00:00,38.0400,160,2
2026-01-22,600036,11:00:03,38.0300,236,2
2026-01-22,600036,11:00:06,38.0400,295,1
2026-01-22,600036,11:00:09,38.0300,127,2
2026-01-22,600036,11:00:12,38.0300,140,1
2026-01-22,600036,11:00:15,38.0300,117,1
2026-01-22,600036,11:00:18,38.0300,87,2
2026-01-22,600036,11:00:21,38.0300,583,2
2026-01-22,600036,11:00:24,38.0500,282,1
2026-01-22,600036,11:00:27,38.0500,38,1
2026-01-22,600036,11:00:30,38.0800,40,1
2026-01-22,600036,11:00:33,38.0900,213,1
2026-01-22,600036,11:00:36,38.1000,54,1
2026-01-22,600036,11:00:39,38.1200,342,1
2026-01-22,600036,11:00:42,38.1100,38,1
2026-01-22,600036,11:00:45,38.0900,230,2
2026-01-22,600036,11:00:49,38.0800,140,2
2026-01-22,600036,11:00:51,38.1000,294,1
2026-01-22,600036,11:00:54,38.0900,13,4
2026-01-22,600036,11:00:57,38.0800,983,2
2026-01-22,600036,11:01:00,38.0800,77,1
2026-01-22,600036,11:01:03,38.0800,26,2
2026-01-22,600036,11:01:06,38.0700,353,2
2026-01-22,600036,11:01:09,38.0700,84,1
2026-01-22,600036,11:01:12,38.0700,32,1
2026-01-22,600036,11:01:15,38.0700,28,1
2026-01-22,600036,11:01:18,38.0700,309,1
2026-01-22,600036,11:01:21,38.0600,211,2
2026-01-22,600036,11:01:24,38.0600,93,1
2026-01-22,600036,11:01:27,38.0500,45,2
2026-01-22,600036,11:01:30,38.0500,415,2
2026-01-22,600036,11:01:33,38.0400,340,2
2026-01-22,600036,11:01:36,38.0500,50,1
2026-01-22,600036,11:01:39,38.0600,227,1
2026-01-22,600036,11:01:42,38.0400,1612,2
2026-01-22,600036,11:01:45,38.0400,187,1
2026-01-22,600036,11:01:48,38.0300,67,2
2026-01-22,600036,11:01:51,38.0400,82,1
2026-01-22,600036,11:01:54,38.0300,1955,2
2026-01-22,600036,11:01:57,38.0300,36,1
2026-01-22,600036,11:02:00,38.0300,97,1
2026-01-22,600036,11:02:03,38.0200,544,2
2026-01-22,600036,11:02:06,38.0200,86,1
2026-01-22,600036,11:02:09,38.0200,39,1
2026-01-22,600036,11:02:12,38.0100,253,2
2026-01-22,600036,11:02:15,38.0100,1594,2
2026-01-22,600036,11:02:18,38.0100,187,1
2026-01-22,600036,11:02:21,38.0100,69,1
2026-01-22,600036,11:02:24,38.0100,544,1
2026-01-22,600036,11:02:27,38.0000,5620,2
2026-01-22,600036,11:02:30,37.9800,293,2
2026-01-22,600036,11:02:33,37.9800,115,2
2026-01-22,600036,11:02:36,37.9900,167,1
2026-01-22,600036,11:02:39,37.9800,1057,2
2026-01-22,600036,11:02:42,37.9800,248,1
2026-01-22,600036,11:02:45,37.9800,288,1
2026-01-22,600036,11:02:48,37.9700,3762,2
2026-01-22,600036,11:02:51,37.9800,1828,1
2026-01-22,600036,11:02:54,37.9800,193,2
2026-01-22,600036,11:02:57,37.9800,356,2
2026-01-22,600036,11:03:00,37.9800,82,1
2026-01-22,600036,11:03:03,37.9800,111,1
2026-01-22,600036,11:03:06,37.9800,307,1
2026-01-22,600036,11:03:09,37.9800,193,2
2026-01-22,600036,11:03:12,38.0000,44,1
2026-01-22,600036,11:03:15,38.0000,6,1
2026-01-22,600036,11:03:18,38.0000,114,1
2026-01-22,600036,11:03:21,38.0000,84,1
2026-01-22,600036,11:03:24,38.0000,66,1
2026-01-22,600036,11:03:27,38.0200,2773,1
2026-01-22,600036,11:03:30,38.0200,92,2
2026-01-22,600036,11:03:33,38.0600,44,1
2026-01-22,600036,11:03:36,38.0600,21,1
2026-01-22,600036,11:03:39,38.0700,87,1
2026-01-22,600036,11:03:42,38.0400,165,2
2026-01-22,600036,11:03:45,38.0400,178,1
2026-01-22,600036,11:03:48,38.0400,381,1
2026-01-22,600036,11:03:51,38.0300,789,2
2026-01-22,600036,11:03:54,38.0300,287,1
2026-01-22,600036,11:03:57,38.0300,100,1
2026-01-22,600036,11:04:00,38.0100,77,2
2026-01-22,600036,11:04:03,38.0300,228,1
2026-01-22,600036,11:04:06,38.0200,13,2
2026-01-22,600036,11:04:09,38.0300,35,1
2026-01-22,600036,11:04:13,38.0200,162,2
2026-01-22,600036,11:04:15,38.0200,201,2
2026-01-22,600036,11:04:18,38.0200,150,2
2026-01-22,600036,11:04:21,38.0200,44,2
2026-01-22,600036,11:04:24,38.0300,381,1
2026-01-22,600036,11:04:27,38.0200,356,2
2026-01-22,600036,11:04:31,38.0100,224,2
2026-01-22,600036,11:04:33,38.0100,146,2
2026-01-22,600036,11:04:36,38.0100,406,2
2026-01-22,600036,11:04:39,38.0100,175,1
2026-01-22,600036,11:04:42,38.0100,200,1
2026-01-22,600036,11:04:46,38.0100,114,1
2026-01-22,600036,11:04:48,38.0000,2101,2
2026-01-22,600036,11:04:51,38.0000,703,1
2026-01-22,600036,11:04:54,38.0000,176,1
2026-01-22,600036,11:04:57,38.0000,304,1
2026-01-22,600036,11:05:00,38.0000,705,1
2026-01-22,600036,11:05:03,38.0000,482,1
2026-01-22,600036,11:05:06,38.0000,1556,1
2026-01-22,600036,11:05:09,38.0000,729,1
2026-01-22,600036,11:05:12,37.9900,768,2
2026-01-22,600036,11:05:15,37.9900,660,1
2026-01-22,600036,11:05:18,37.9900,769,1
2026-01-22,600036,11:05:21,37.9800,1339,2
2026-01-22,600036,11:05:24,37.9800,359,1
2026-01-22,600036,11:05:27,37.9800,589,1
2026-01-22,600036,11:05:30,37.9800,257,1
2026-01-22,600036,11:05:33,37.9700,1871,2
2026-01-22,600036,11:05:36,37.9700,1177,1
2026-01-22,600036,11:05:39,37.9700,2748,1
2026-01-22,600036,11:05:42,37.9900,1729,1
2026-01-22,600036,11:05:45,38.0300,1389,1
2026-01-22,600036,11:05:48,38.0100,672,1
2026-01-22,600036,11:05:51,37.9900,153,2
2026-01-22,600036,11:05:54,37.9900,1060,1
2026-01-22,600036,11:05:57,37.9800,1524,2
2026-01-22,600036,11:06:00,37.9800,893,1
2026-01-22,600036,11:06:03,37.9800,586,1
2026-01-22,600036,11:06:06,37.9700,4605,2
2026-01-22,600036,11:06:09,37.9700,3354,1
2026-01-22,600036,11:06:12,37.9700,915,1
2026-01-22,600036,11:06:15,37.9600,2089,2
2026-01-22,600036,11:06:18,37.9600,2629,1
2026-01-22,600036,11:06:21,37.9700,1043,1
2026-01-22,600036,11:06:24,37.9700,75,1
2026-01-22,600036,11:06:27,37.9600,1288,2
2026-01-22,600036,11:06:30,37.9600,708,1
2026-01-22,600036,11:06:33,37.9600,330,1
2026-01-22,600036,11:06:36,37.9600,587,1
2026-01-22,600036,11:06:39,37.9500,7303,2
2026-01-22,600036,11:06:42,37.9500,3226,1
2026-01-22,600036,11:06:46,37.9500,1745,1
2026-01-22,600036,11:06:48,37.9400,705,2
2026-01-22,600036,11:06:51,37.9400,893,1
2026-01-22,600036,11:06:54,37.9400,257,1
2026-01-22,600036,11:06:57,37.9400,299,1
2026-01-22,600036,11:07:00,37.9500,304,1
2026-01-22,600036,11:07:03,37.9300,3308,2
2026-01-22,600036,11:07:06,37.9300,1233,1
2026-01-22,600036,11:07:09,37.9300,465,1
2026-01-22,600036,11:07:12,37.9200,1457,2
2026-01-22,600036,11:07:15,37.9200,503,1
2026-01-22,600036,11:07:18,37.9200,221,1
2026-01-22,600036,11:07:21,37.9200,167,1
2026-01-22,600036,11:07:24,37.9100,3994,2
2026-01-22,600036,11:07:27,37.9100,904,1
2026-01-22,600036,11:07:30,37.9100,472,1
2026-01-22,600036,11:07:33,37.9100,502,1
2026-01-22,600036,11:07:36,37.9000,5439,2
2026-01-22,600036,11:07:39,37.9000,8839,2
2026-01-22,600036,11:07:42,37.9000,1675,1
2026-01-22,600036,11:07:45,37.9000,1114,1
2026-01-22,600036,11:07:48,37.9000,445,1
2026-01-22,600036,11:07:51,37.9000,166,1
2026-01-22,600036,11:07:54,37.8900,62,2
2026-01-22,600036,11:07:57,37.9000,809,1
2026-01-22,600036,11:08:00,37.8900,1317,2
2026-01-22,600036,11:08:03,37.9000,517,1
2026-01-22,600036,11:08:06,37.9000,1348,1
2026-01-22,600036,11:08:09,37.9700,21754,1
2026-01-22,600036,11:08:12,37.9600,3395,1
2026-01-22,600036,11:08:15,37.9600,657,1
2026-01-22,600036,11:08:18,37.9600,787,1
2026-01-22,600036,11:08:21,37.9600,452,1
2026-01-22,600036,11:08:24,37.9500,236,4
2026-01-22,600036,11:08:27,37.9700,115,1
2026-01-22,600036,11:08:30,37.9700,36,1
2026-01-22,600036,11:08:33,37.9700,380,1
2026-01-22,600036,11:08:37,37.9800,274,2
2026-01-22,600036,11:08:39,37.9900,143,1
2026-01-22,600036,11:08:43,37.9900,27,1
2026-01-22,600036,11:08:45,37.9900,87,1
2026-01-22,600036,11:08:48,38.0200,226,1
2026-01-22,600036,11:08:51,38.0200,304,1
2026-01-22,600036,11:08:54,38.0300,215,1
2026-01-22,600036,11:08:57,38.0200,290,1
2026-01-22,600036,11:09:00,38.0000,158,2
2026-01-22,600036,11:09:03,38.0200,90,1
2026-01-22,600036,11:09:06,38.0100,207,2
2026-01-22,600036,11:09:09,38.0200,289,1
2026-01-22,600036,11:09:12,38.0100,105,2
2026-01-22,600036,11:09:15,38.0300,130,1
2026-01-22,600036,11:09:18,38.0300,258,1
2026-01-22,600036,11:09:21,38.0100,388,2
2026-01-22,600036,11:09:24,38.0200,429,2
2026-01-22,600036,11:09:27,38.0300,456,1
2026-01-22,600036,11:09:30,38.0400,2210,1
2026-01-22,600036,11:09:33,38.0400,487,2
2026-01-22,600036,11:09:36,38.0500,155,4
2026-01-22,600036,11:09:39,38.0600,168,1
2026-01-22,600036,11:09:42,38.0400,331,2
2026-01-22,600036,11:09:45,38.0400,87,1
2026-01-22,600036,11:09:48,38.0300,161,2
2026-01-22,600036,11:09:51,38.0400,72,2
2026-01-22,600036,11:09:54,38.0400,834,2
2026-01-22,600036,11:09:57,38.0300,81,2
2026-01-22,600036,11:10:00,38.0300,92,1
2026-01-22,600036,11:10:03,38.0300,122,2
2026-01-22,600036,11:10:06,38.0600,58,1
2026-01-22,600036,11:10:09,38.0500,74,2
2026-01-22,600036,11:10:12,38.0500,16,2
2026-01-22,600036,11:10:15,38.0600,50,1
2026-01-22,600036,11:10:18,38.0500,89,2
2026-01-22,600036,11:10:21,38.0600,91,1
2026-01-22,600036,11:10:24,38.0500,401,2
2026-01-22,600036,11:10:27,38.0600,194,1
2026-01-22,600036,11:10:30,38.0700,57,1
2026-01-22,600036,11:10:33,38.0800,202,1
2026-01-22,600036,11:10:36,38.0600,153,2
2026-01-22,600036,11:10:39,38.0800,13,1
2026-01-22,600036,11:10:42,38.0800,420,2
2026-01-22,600036,11:10:45,38.0900,200,1
2026-01-22,600036,11:10:48,38.1000,128,1
2026-01-22,600036,11:10:51,38.0900,520,4
2026-01-22,600036,11:10:54,38.0900,384,1
2026-01-22,600036,11:10:57,38.0900,65,2
2026-01-22,600036,11:11:00,38.1000,57,1
2026-01-22,600036,11:11:03,38.1000,92,1
2026-01-22,600036,11:11:06,38.1000,39,1
2026-01-22,600036,11:11:09,38.1000,278,1
2026-01-22,600036,11:11:12,38.1000,115,1
2026-01-22,600036,11:11:15,38.1000,95,2
2026-01-22,600036,11:11:18,38.1100,238,1
2026-01-22,600036,11:11:21,38.1000,469,2
2026-01-22,600036,11:11:24,38.1000,271,1
2026-01-22,600036,11:11:27,38.1100,29,1
2026-01-22,600036,11:11:30,38.1000,56,2
2026-01-22,600036,11:11:33,38.1000,202,1
2026-01-22,600036,11:11:36,38.0800,162,2
2026-01-22,600036,11:11:39,38.0900,65,4
2026-01-22,600036,11:11:42,38.0700,274,2
2026-01-22,600036,11:11:45,38.0600,325,2
2026-01-22,600036,11:11:48,38.0800,183,1
2026-01-22,600036,11:11:51,38.0600,234,2
2026-01-22,600036,11:11:54,38.0300,155,2
2026-01-22,600036,11:11:57,38.0500,171,1
2026-01-22,600036,11:12:00,38.0300,281,2
2026-01-22,600036,11:12:03,38.0100,609,2
2026-01-22,600036,11:12:06,38.0000,500,2
2026-01-22,600036,11:12:09,38.0000,406,2
2026-01-22,600036,11:12:12,38.0300,517,1
2026-01-22,600036,11:12:15,38.0000,922,2
2026-01-22,600036,11:12:18,37.9900,957,2
2026-01-22,600036,11:12:21,37.9800,301,2
2026-01-22,600036,11:12:24,38.0200,425,1
2026-01-22,600036,11:12:27,38.0000,102,2
2026-01-22,600036,11:12:30,38.0000,245,1
2026-01-22,600036,11:12:33,38.0200,379,1
2026-01-22,600036,11:12:36,37.9800,438,2
2026-01-22,600036,11:12:39,37.9800,473,2
2026-01-22,600036,11:12:42,37.9800,402,1
2026-01-22,600036,11:12:45,37.9700,334,2
2026-01-22,600036,11:12:48,37.9800,370,4
2026-01-22,600036,11:12:51,37.9900,395,1
2026-01-22,600036,11:12:54,37.9800,230,1
2026-01-22,600036,11:12:57,37.9800,485,1
2026-01-22,600036,11:13:00,37.9600,969,2
2026-01-22,600036,11:13:03,37.9600,1089,1
2026-01-22,600036,11:13:06,37.9600,711,1
2026-01-22,600036,11:13:09,37.9800,277,1
2026-01-22,600036,11:13:12,37.9600,386,2
2026-01-22,600036,11:13:15,37.9600,412,2
2026-01-22,600036,11:13:18,37.9800,83,1
2026-01-22,600036,11:13:21,37.9800,155,1
2026-01-22,600036,11:13:24,37.9900,104,4
2026-01-22,600036,11:13:27,37.9900,194,1
2026-01-22,600036,11:13:30,37.9800,113,2
2026-01-22,600036,11:13:33,37.9900,104,2
2026-01-22,600036,11:13:36,37.9900,95,1
2026-01-22,600036,11:13:39,38.0200,60,1
2026-01-22,600036,11:13:42,38.0100,294,4
2026-01-22,600036,11:13:45,37.9900,605,2
2026-01-22,600036,11:13:48,37.9800,482,2
2026-01-22,600036,11:13:51,37.9800,184,4
2026-01-22,600036,11:13:54,37.9700,31,2
2026-01-22,600036,11:13:57,37.9900,201,1
2026-01-22,600036,11:14:00,37.9600,172,2
2026-01-22,600036,11:14:03,37.9800,327,2
2026-01-22,600036,11:14:06,37.9700,206,2
2026-01-22,600036,11:14:09,37.9700,190,2
2026-01-22,600036,11:14:12,37.9800,123,1
2026-01-22,600036,11:14:15,37.9800,13,2
2026-01-22,600036,11:14:18,37.9800,47,2
2026-01-22,600036,11:14:21,37.9800,760,2
2026-01-22,600036,11:14:24,37.9900,235,1
2026-01-22,600036,11:14:27,38.0300,80,1
2026-01-22,600036,11:14:30,38.0300,33,1
2026-01-22,600036,11:14:33,38.0300,221,1
2026-01-22,600036,11:14:36,38.0300,126,1
2026-01-22,600036,11:14:39,38.0300,62,2
2026-01-22,600036,11:14:42,38.0300,46,2
2026-01-22,600036,11:14:45,38.0300,52,2
2026-01-22,600036,11:14:48,38.0300,38,2
2026-01-22,600036,11:14:51,38.0400,23,2
2026-01-22,600036,11:14:54,38.0500,170,4
2026-01-22,600036,11:14:57,38.0500,142,2
2026-01-22,600036,11:15:00,38.0900,47,1
2026-01-22,600036,11:15:03,38.0900,560,1
2026-01-22,600036,11:15:06,38.0500,89,2
2026-01-22,600036,11:15:09,38.0600,240,1
2026-01-22,600036,11:15:12,38.0500,378,2
2026-01-22,600036,11:15:15,38.0500,97,1
2026-01-22,600036,11:15:18,38.0100,205,2
2026-01-22,600036,11:15:21,38.0100,569,1
2026-01-22,600036,11:15:24,37.9800,245,2
2026-01-22,600036,11:15:27,38.0000,221,4
2026-01-22,600036,11:15:30,38.0100,146,1
2026-01-22,600036,11:15:33,37.9900,193,2
2026-01-22,600036,11:15:36,38.0000,252,2
2026-01-22,600036,11:15:39,37.9700,563,2
2026-01-22,600036,11:15:42,37.9700,213,2
2026-01-22,600036,11:15:45,37.9800,414,1
2026-01-22,600036,11:15:48,37.9800,245,1
2026-01-22,600036,11:15:51,37.9600,1221,2
2026-01-22,600036,11:15:54,37.9600,389,1
2026-01-22,600036,11:15:57,37.9500,932,2
2026-01-22,600036,11:16:00,37.9800,348,1
2026-01-22,600036,11:16:03,37.9900,506,1
2026-01-22,600036,11:16:06,37.9800,141,4
2026-01-22,600036,11:16:09,38.0100,48,1
2026-01-22,600036,11:16:12,37.9900,4,2
2026-01-22,600036,11:16:15,38.0100,85,1
2026-01-22,600036,11:16:18,38.0400,437,1
2026-01-22,600036,11:16:21,38.0200,4,2
2026-01-22,600036,11:16:24,38.0200,412,2
2026-01-22,600036,11:16:27,38.0200,262,1
2026-01-22,600036,11:16:30,38.0200,126,1
2026-01-22,600036,11:16:33,38.0100,69,2
2026-01-22,600036,11:16:36,38.0000,269,2
2026-01-22,600036,11:16:39,37.9900,188,2
2026-01-22,600036,11:16:43,37.9900,149,2
2026-01-22,600036,11:16:45,37.9800,286,2
2026-01-22,600036,11:16:48,37.9700,533,2
2026-01-22,600036,11:16:51,37.9800,514,1
2026-01-22,600036,11:16:54,37.9700,376,4
2026-01-22,600036,11:16:57,37.9600,242,2
2026-01-22,600036,11:17:00,37.9800,511,1
2026-01-22,600036,11:17:03,37.9700,251,2
2026-01-22,600036,11:17:06,37.9900,135,1
2026-01-22,600036,11:17:09,38.0200,451,1
2026-01-22,600036,11:17:12,38.0000,119,1
2026-01-22,600036,11:17:15,38.0000,60,1
2026-01-22,600036,11:17:18,38.0000,98,1
2026-01-22,600036,11:17:21,38.0000,715,1
2026-01-22,600036,11:17:24,37.9800,464,2
2026-01-22,600036,11:17:27,37.9800,125,2
2026-01-22,600036,11:17:30,38.0100,38,4
2026-01-22,600036,11:17:33,38.0000,77,4
2026-01-22,600036,11:17:36,38.0100,98,1
2026-01-22,600036,11:17:39,38.0000,130,2
2026-01-22,600036,11:17:42,38.0100,224,2
2026-01-22,600036,11:17:45,38.0000,200,2
2026-01-22,600036,11:17:48,38.0100,116,1
2026-01-22,600036,11:17:51,38.0400,26,1
2026-01-22,600036,11:17:54,38.0300,22,1
2026-01-22,600036,11:17:57,38.0500,177,1
2026-01-22,600036,11:18:00,38.0300,25,4
2026-01-22,600036,11:18:03,38.0100,515,2
2026-01-22,600036,11:18:06,38.0500,110,1
2026-01-22,600036,11:18:09,38.0100,161,2
2026-01-22,600036,11:18:12,38.0400,720,1
2026-01-22,600036,11:18:15,38.0100,107,2
2026-01-22,600036,11:18:18,38.0100,253,1
2026-01-22,600036,11:18:21,38.0200,156,1
2026-01-22,600036,11:18:24,38.0000,539,2
2026-01-22,600036,11:18:27,38.0000,515,1
2026-01-22,600036,11:18:30,38.0300,270,1
2026-01-22,600036,11:18:33,38.0000,372,2
2026-01-22,600036,11:18:36,38.0000,161,1
2026-01-22,600036,11:18:39,38.0000,17,2
2026-01-22,600036,11:18:42,38.0200,10,4
2026-01-22,600036,11:18:45,38.0300,9,1
2026-01-22,600036,11:18:48,38.0300,212,1
2026-01-22,600036,11:18:51,38.0300,336,1
2026-01-22,600036,11:18:54,38.0300,93,1
2026-01-22,600036,11:18:57,38.0200,27,2
2026-01-22,600036,11:19:00,38.0300,17,1
2026-01-22,600036,11:19:04,38.0100,33,2
2026-01-22,600036,11:19:06,38.0300,115,1
2026-01-22,600036,11:19:09,38.0100,91,2
2026-01-22,600036,11:19:12,38.0200,152,1
2026-01-22,600036,11:19:15,38.0100,138,2
2026-01-22,600036,11:19:18,38.0500,323,1
2026-01-22,600036,11:19:21,38.0400,395,4
2026-01-22,600036,11:19:24,38.0000,299,2
2026-01-22,600036,11:19:27,38.0000,260,2
2026-01-22,600036,11:19:30,38.0000,388,2
2026-01-22,600036,11:19:33,38.0400,145,1
2026-01-22,600036,11:19:36,38.0600,66,1
