date,code,time,price,volume,bs
2026-01-23,601012,14:07:08,19.3500,44,2
2026-01-23,601012,14:07:11,19.3500,68,2
2026-01-23,601012,14:07:14,19.3500,47,2
2026-01-23,601012,14:07:17,19.3500,100,2
2026-01-23,601012,14:07:20,19.3500,83,2
2026-01-23,601012,14:07:23,19.3500,280,2
2026-01-23,601012,14:07:26,19.3500,45,2
2026-01-23,601012,14:07:29,19.3500,141,2
2026-01-23,601012,14:07:32,19.3500,79,2
2026-01-23,601012,14:07:35,19.3500,22,2
2026-01-23,601012,14:07:38,19.3500,82,2
2026-01-23,601012,14:07:41,19.3500,210,2
2026-01-23,601012,14:07:44,19.3500,51,2
2026-01-23,601012,14:07:47,19.3500,75,2
2026-01-23,601012,14:07:50,19.3500,135,2
2026-01-23,601012,14:07:53,19.3500,71,2
2026-01-23,601012,14:07:56,19.3500,52,2
2026-01-23,601012,14:07:59,19.3500,69,2
2026-01-23,601012,14:08:02,19.3500,25,2
2026-01-23,601012,14:08:05,19.3500,349,2
2026-01-23,601012,14:08:08,19.3500,88,2
2026-01-23,601012,14:08:11,19.3500,47,2
2026-01-23,601012,14:08:14,19.3500,41,2
2026-01-23,601012,14:08:17,19.3500,262,2
2026-01-23,601012,14:08:20,19.3500,42,2
2026-01-23,601012,14:08:23,19.3500,26,2
2026-01-23,601012,14:08:26,19.3500,174,2
2026-01-23,601012,14:08:29,19.3500,39,2
2026-01-23,601012,14:08:32,19.3500,183,2
2026-01-23,601012,14:08:35,19.3500,25,2
2026-01-23,601012,14:08:38,19.3500,288,2
2026-01-23,601012,14:08:41,19.3500,84,2
2026-01-23,601012,14:08:44,19.3500,206,2
2026-01-23,601012,14:08:47,19.3500,41,2
2026-01-23,601012,14:08:50,19.3500,40,2
2026-01-23,601012,14:08:53,19.3500,82,2
2026-01-23,601012,14:08:56,19.3500,39,2
2026-01-23,601012,14:08:59,19.3500,161,2
2026-01-23,601012,14:09:02,19.3500,19,2
2026-01-23,601012,14:09:05,19.3500,70,2
2026-01-23,601012,14:09:08,19.3500,26,2
2026-01-23,601012,14:09:11,19.3500,58,2
2026-01-23,601012,14:09:14,19.3500,95,2
2026-01-23,601012,14:09:17,19.3500,128,2
2026-01-23,601012,14:09:20,19.3500,90,2
2026-01-23,601012,14:09:23,19.3500,149,2
2026-01-23,601012,14:09:26,19.3500,71,2
2026-01-23,601012,14:09:29,19.3500,79,2
2026-01-23,601012,14:09:32,19.3500,60,2
2026-01-23,601012,14:09:35,19.3500,37,2
2026-01-23,601012,14:09:38,19.3500,104,2
2026-01-23,601012,14:09:41,19.3500,56,2
2026-01-23,601012,14:09:44,19.3500,104,2
2026-01-23,601012,14:09:47,19.3500,25,2
2026-01-23,601012,14:09:50,19.3500,20,2
2026-01-23,601012,14:09:53,19.3500,34,2
2026-01-23,601012,14:09:56,19.3500,125,2
2026-01-23,601012,14:09:59,19.3500,42,2
2026-01-23,601012,14:10:02,19.3500,34,2
2026-01-23,601012,14:10:05,19.3500,404,2
2026-01-23,601012,14:10:08,19.3500,116,2
2026-01-23,601012,14:10:11,19.3500,90,2
2026-01-23,601012,14:10:14,19.3500,111,2
2026-01-23,601012,14:10:17,19.3500,208,2
2026-01-23,601012,14:10:20,19.3500,68,2
2026-01-23,601012,14:10:23,19.3500,89,2
2026-01-23,601012,14:10:26,19.3500,51,2
2026-01-23,601012,14:10:29,19.3500,50,2
2026-01-23,601012,14:10:32,19.3500,44,2
2026-01-23,601012,14:10:35,19.3500,117,2
2026-01-23,601012,14:10:38,19.3500,60,2
2026-01-23,601012,14:10:41,19.3500,91,2
2026-01-23,601012,14:10:44,19.3500,109,2
2026-01-23,601012,14:10:47,19.3500,98,2
2026-01-23,601012,14:10:50,19.3500,121,2
2026-01-23,601012,14:10:53,19.3500,116,2
2026-01-23,601012,14:10:56,19.3500,90,2
2026-01-23,601012,14:10:59,19.3500,61,2
2026-01-23,601012,14:11:02,19.3500,122,2
2026-01-23,601012,14:11:05,19.3500,587,2
2026-01-23,601012,14:11:08,19.3500,169,2
2026-01-23,601012,14:11:11,19.3500,184,2
2026-01-23,601012,14:11:14,19.3500,180,2
2026-01-23,601012,14:11:17,19.3500,483,2
2026-01-23,601012,14:11:20,19.3500,153,2
2026-01-23,601012,14:11:23,19.3500,99,2
2026-01-23,601012,14:11:26,19.3500,24,2
2026-01-23,601012,14:11:29,19.3500,58,2
2026-01-23,601012,14:11:32,19.3500,69,2
2026-01-23,601012,14:11:35,19.3500,734,2
2026-01-23,601012,14:11:38,19.3500,66,2
2026-01-23,601012,14:11:42,19.3500,52,2
2026-01-23,601012,14:11:44,19.3500,115,2
2026-01-23,601012,14:11:47,19.3500,103,2
2026-01-23,601012,14:11:50,19.3500,125,2
2026-01-23,601012,14:11:53,19.3500,140,2
2026-01-23,601012,14:11:56,19.3500,79,2
2026-01-23,601012,14:11:59,19.3500,172,2
2026-01-23,601012,14:12:02,19.3500,64,2
2026-01-23,601012,14:12:05,19.3500,14,2
2026-01-23,601012,14:12:08,19.3500,237,2
2026-01-23,601012,14:12:11,19.3500,110,2
2026-01-23,601012,14:12:14,19.3500,137,2
2026-01-23,601012,14:12:17,19.3500,93,2
2026-01-23,601012,14:12:20,19.3500,77,2
2026-01-23,601012,14:12:23,19.3500,51,2
2026-01-23,601012,14:12:26,19.3500,99,2
2026-01-23,601012,14:12:29,19.3500,15,2
2026-01-23,601012,14:12:32,19.3500,152,2
2026-01-23,601012,14:12:35,19.3500,72,2
2026-01-23,601012,14:12:38,19.3500,86,2
2026-01-23,601012,14:12:41,19.3500,74,2
2026-01-23,601012,14:12:44,19.3500,61,2
2026-01-23,601012,14:12:47,19.3500,142,2
2026-01-23,601012,14:12:50,19.3500,54,2
2026-01-23,601012,14:12:53,19.3500,179,2
2026-01-23,601012,14:12:56,19.3500,20,2
2026-01-23,601012,14:12:59,19.3500,184,2
2026-01-23,601012,14:13:02,19.3500,102,2
2026-01-23,601012,14:13:05,19.3500,118,2
2026-01-23,601012,14:13:08,19.3500,51,2
2026-01-23,601012,14:13:11,19.3500,40,2
2026-01-23,601012,14:13:14,19.3500,136,2
2026-01-23,601012,14:13:17,19.3500,115,2
2026-01-23,601012,14:13:20,19.3500,21,2
2026-01-23,601012,14:13:23,19.3500,146,2
2026-01-23,601012,14:13:26,19.3500,249,2
2026-01-23,601012,14:13:29,19.3500,48,2
2026-01-23,601012,14:13:32,19.3500,87,2
2026-01-23,601012,14:13:35,19.3500,123,2
2026-01-23,601012,14:13:38,19.3500,124,2
2026-01-23,601012,14:13:41,19.3500,28,2
2026-01-23,601012,14:13:44,19.3500,198,2
2026-01-23,601012,14:13:47,19.3500,165,2
2026-01-23,601012,14:13:50,19.3500,65,2
2026-01-23,601012,14:13:54,19.3500,138,2
2026-01-23,601012,14:13:56,19.3500,82,2
2026-01-23,601012,14:13:59,19.3500,143,2
2026-01-23,601012,14:14:02,19.3500,151,2
2026-01-23,601012,14:14:05,19.3500,183,2
2026-01-23,601012,14:14:08,19.3500,16,2
2026-01-23,601012,14:14:11,19.3500,89,2
2026-01-23,601012,14:14:14,19.3500,137,2
2026-01-23,601012,14:14:17,19.3500,54,2
2026-01-23,601012,14:14:20,19.3500,285,2
2026-01-23,601012,14:14:23,19.3500,46,2
2026-01-23,601012,14:14:27,19.3500,162,2
2026-01-23,601012,14:14:29,19.3500,596,2
2026-01-23,601012,14:14:32,19.3500,195,2
2026-01-23,601012,14:14:35,19.3500,199,2
2026-01-23,601012,14:14:38,19.3500,54,2
2026-01-23,601012,14:14:41,19.3500,169,2
2026-01-23,601012,14:14:44,19.3500,488,2
2026-01-23,601012,14:14:47,19.3500,51,2
2026-01-23,601012,14:14:50,19.3500,337,2
2026-01-23,601012,14:14:53,19.3500,148,2
2026-01-23,601012,14:14:56,19.3500,130,2
2026-01-23,601012,14:14:59,19.3500,61,2
2026-01-23,601012,14:15:02,19.3500,115,2
2026-01-23,601012,14:15:06,19.3500,68,2
2026-01-23,601012,14:15:08,19.3500,65,2
2026-01-23,601012,14:15:11,19.3500,54,2
2026-01-23,601012,14:15:14,19.3500,32,2
2026-01-23,601012,14:15:17,19.3500,157,2
2026-01-23,601012,14:15:20,19.3500,188,2
2026-01-23,601012,14:15:23,19.3500,176,2
2026-01-23,601012,14:15:26,19.3500,58,2
2026-01-23,601012,14:15:29,19.3500,79,2
2026-01-23,601012,14:15:32,19.3500,83,2
2026-01-23,601012,14:15:35,19.3500,80,2
2026-01-23,601012,14:15:38,19.3500,206,2
2026-01-23,601012,14:15:41,19.3500,48,2
2026-01-23,601012,14:15:44,19.3500,57,2
2026-01-23,601012,14:15:47,19.3500,109,2
2026-01-23,601012,14:15:50,19.3500,371,2
2026-01-23,601012,14:15:53,19.3500,146,2
2026-01-23,601012,14:15:56,19.3500,210,2
2026-01-23,601012,14:15:59,19.3500,250,2
2026-01-23,601012,14:16:02,19.3500,76,2
2026-01-23,601012,14:16:05,19.3500,25,2
2026-01-23,601012,14:16:08,19.3500,92,2
2026-01-23,601012,14:16:11,19.3500,28,2
2026-01-23,601012,14:16:14,19.3500,20,2
2026-01-23,601012,14:16:17,19.3500,89,2
2026-01-23,601012,14:16:20,19.3500,95,2
2026-01-23,601012,14:16:23,19.3500,50,2
2026-01-23,601012,14:16:26,19.3500,119,2
2026-01-23,601012,14:16:29,19.3500,34,2
2026-01-23,601012,14:16:32,19.3500,19,2
2026-01-23,601012,14:16:35,19.3500,43,2
2026-01-23,601012,14:16:38,19.3500,37,2
2026-01-23,601012,14:16:41,19.3500,39,2
2026-01-23,601012,14:16:44,19.3500,63,2
2026-01-23,601012,14:16:47,19.3500,63,2
2026-01-23,601012,14:16:50,19.3500,59,2
2026-01-23,601012,14:16:53,19.3500,36,2
2026-01-23,601012,14:16:56,19.3500,54,2
2026-01-23,601012,14:16:59,19.3500,29,2
2026-01-23,601012,14:17:02,19.3500,156,2
2026-01-23,601012,14:17:05,19.3500,36,2
2026-01-23,601012,14:17:08,19.3500,114,2
2026-01-23,601012,14:17:11,19.3500,77,2
2026-01-23,601012,14:17:14,19.3500,39,2
2026-01-23,601012,14:17:17,19.3500,99,2
2026-01-23,601012,14:17:20,19.3500,48,2
2026-01-23,601012,14:17:23,19.3500,38,2
2026-01-23,601012,14:17:26,19.3500,152,2
2026-01-23,601012,14:17:29,19.3500,233,2
2026-01-23,601012,14:17:32,19.3500,58,2
2026-01-23,601012,14:17:35,19.3500,68,2
2026-01-23,601012,14:17:38,19.3500,91,2
2026-01-23,601012,14:17:41,19.3500,92,2
2026-01-23,601012,14:17:44,19.3500,148,2
2026-01-23,601012,14:17:47,19.3500,112,2
2026-01-23,601012,14:17:50,19.3500,129,2
2026-01-23,601012,14:17:53,19.3500,60,2
2026-01-23,601012,14:17:56,19.3500,12,2
2026-01-23,601012,14:17:59,19.3500,65,2
2026-01-23,601012,14:18:02,19.3500,60,2
2026-01-23,601012,14:18:05,19.3500,19,2
2026-01-23,601012,14:18:08,19.3500,49,2
2026-01-23,601012,14:18:11,19.3500,360,2
2026-01-23,601012,14:18:14,19.3500,58,2
2026-01-23,601012,14:18:17,19.3500,233,2
2026-01-23,601012,14:18:20,19.3500,113,2
2026-01-23,601012,14:18:23,19.3500,65,2
2026-01-23,601012,14:18:26,19.3500,145,2
2026-01-23,601012,14:18:29,19.3500,111,2
2026-01-23,601012,14:18:32,19.3500,218,2
2026-01-23,601012,14:18:35,19.3500,76,2
2026-01-23,601012,14:18:38,19.3500,72,2
2026-01-23,601012,14:18:41,19.3500,143,2
2026-01-23,601012,14:18:44,19.3500,48,2
2026-01-23,601012,14:18:47,19.3500,90,2
2026-01-23,601012,14:18:50,19.3500,108,2
2026-01-23,601012,14:18:53,19.3500,23,2
2026-01-23,601012,14:18:56,19.3500,45,2
2026-01-23,601012,14:18:59,19.3500,33,2
2026-01-23,601012,14:19:02,19.3500,14,2
2026-01-23,601012,14:19:05,19.3500,112,2
2026-01-23,601012,14:19:08,19.3500,21,2
2026-01-23,601012,14:19:11,19.3500,48,2
2026-01-23,601012,14:19:14,19.3500,58,2
2026-01-23,601012,14:19:17,19.3500,73,2
2026-01-23,601012,14:19:20,19.3500,99,2
2026-01-23,601012,14:19:23,19.3500,174,2
2026-01-23,601012,14:19:26,19.3500,96,2
2026-01-23,601012,14:19:29,19.3500,100,2
2026-01-23,601012,14:19:32,19.3500,215,2
2026-01-23,601012,14:19:35,19.3500,11,2
2026-01-23,601012,14:19:38,19.3500,572,2
2026-01-23,601012,14:19:41,19.3500,143,2
2026-01-23,601012,14:19:44,19.3500,64,2
2026-01-23,601012,14:19:47,19.3500,67,2
2026-01-23,601012,14:19:50,19.3500,20,2
2026-01-23,601012,14:19:53,19.3500,43,2
2026-01-23,601012,14:19:56,19.3500,38,2
2026-01-23,601012,14:19:59,19.3500,96,2
2026-01-23,601012,14:20:02,19.3500,341,2
2026-01-23,601012,14:20:05,19.3500,40,2
2026-01-23,601012,14:20:08,19.3500,203,2
2026-01-23,601012,14:20:11,19.3500,82,2
2026-01-23,601012,14:20:14,19.3500,72,2
2026-01-23,601012,14:20:17,19.3500,183,2
2026-01-23,601012,14:20:20,19.3500,150,2
2026-01-23,601012,14:20:23,19.3500,48,2
2026-01-23,601012,14:20:26,19.3500,37,2
2026-01-23,601012,14:20:29,19.3500,224,2
2026-01-23,601012,14:20:32,19.3500,63,2
2026-01-23,601012,14:20:35,19.3500,105,2
2026-01-23,601012,14:20:38,19.3500,413,2
2026-01-23,601012,14:20:41,19.3500,48,2
2026-01-23,601012,14:20:44,19.3500,35,2
2026-01-23,601012,14:20:47,19.3500,70,2
2026-01-23,601012,14:20:50,19.3500,235,2
2026-01-23,601012,14:20:53,19.3500,18,2
2026-01-23,601012,14:20:56,19.3500,117,2
2026-01-23,601012,14:20:59,19.3500,95,2
2026-01-23,601012,14:21:02,19.3500,411,2
2026-01-23,601012,14:21:05,19.3500,55,2
2026-01-23,601012,14:21:08,19.3500,137,2
2026-01-23,601012,14:21:11,19.3500,71,2
2026-01-23,601012,14:21:14,19.3500,73,2
2026-01-23,601012,14:21:17,19.3500,71,2
2026-01-23,601012,14:21:20,19.3500,97,2
2026-01-23,601012,14:21:23,19.3500,78,2
2026-01-23,601012,14:21:26,19.3500,28,2
2026-01-23,601012,14:21:29,19.3500,22,2
2026-01-23,601012,14:21:32,19.3500,25,2
2026-01-23,601012,14:21:35,19.3500,45,2
2026-01-23,601012,14:21:38,19.3500,233,2
2026-01-23,601012,14:21:41,19.3500,111,2
2026-01-23,601012,14:21:44,19.3500,51,2
2026-01-23,601012,14:21:47,19.3500,120,2
2026-01-23,601012,14:21:50,19.3500,66,2
2026-01-23,601012,14:21:53,19.3500,88,2
2026-01-23,601012,14:21:56,19.3500,67,2
2026-01-23,601012,14:21:59,19.3500,39,2
2026-01-23,601012,14:22:02,19.3500,73,2
2026-01-23,601012,14:22:06,19.3500,42,2
2026-01-23,601012,14:22:08,19.3500,79,2
2026-01-23,601012,14:22:11,19.3500,114,2
2026-01-23,601012,14:22:14,19.3500,204,2
2026-01-23,601012,14:22:17,19.3500,64,2
2026-01-23,601012,14:22:20,19.3500,209,2
2026-01-23,601012,14:22:23,19.3500,49,2
2026-01-23,601012,14:22:26,19.3500,124,2
2026-01-23,601012,14:22:29,19.3500,60,2
2026-01-23,601012,14:22:32,19.3500,40,2
2026-01-23,601012,14:22:35,19.3500,28,2
2026-01-23,601012,14:22:38,19.3500,169,2
2026-01-23,601012,14:22:41,19.3500,220,2
2026-01-23,601012,14:22:44,19.3500,16,2
2026-01-23,601012,14:22:47,19.3500,45,2
2026-01-23,601012,14:22:50,19.3500,52,2
2026-01-23,601012,14:22:53,19.3500,139,2
2026-01-23,601012,14:22:56,19.3500,36,2
2026-01-23,601012,14:22:59,19.3500,122,2
2026-01-23,601012,14:23:02,19.3500,28,2
2026-01-23,601012,14:23:05,19.3500,120,2
2026-01-23,601012,14:23:08,19.3500,115,2
2026-01-23,601012,14:23:11,19.3500,46,2
2026-01-23,601012,14:23:14,19.3500,93,2
2026-01-23,601012,14:23:17,19.3500,100,2
2026-01-23,601012,14:23:20,19.3500,78,2
2026-01-23,601012,14:23:23,19.3500,73,2
2026-01-23,601012,14:23:26,19.3500,17,2
2026-01-23,601012,14:23:29,19.3500,71,2
2026-01-23,601012,14:23:32,19.3500,58,2
2026-01-23,601012,14:23:35,19.3500,75,2
2026-01-23,601012,14:23:38,19.3500,286,2
2026-01-23,601012,14:23:41,19.3500,25,2
2026-01-23,601012,14:23:44,19.3500,74,2
2026-01-23,601012,14:23:47,19.3500,153,2
2026-01-23,601012,14:23:50,19.3500,71,2
2026-01-23,601012,14:23:53,19.3500,12,2
2026-01-23,601012,14:23:56,19.3500,114,2
2026-01-23,601012,14:23:59,19.3500,56,2
2026-01-23,601012,14:24:02,19.3500,126,2
2026-01-23,601012,14:24:05,19.3500,34,2
2026-01-23,601012,14:24:08,19.3500,290,2
2026-01-23,601012,14:24:11,19.3500,102,2
2026-01-23,601012,14:24:14,19.3500,68,2
2026-01-23,601012,14:24:17,19.3500,288,2
2026-01-23,601012,14:24:20,19.3500,89,2
2026-01-23,601012,14:24:23,19.3500,70,2
2026-01-23,601012,14:24:26,19.3500,877,2
2026-01-23,601012,14:24:29,19.3500,185,2
2026-01-23,601012,14:24:32,19.3500,145,2
2026-01-23,601012,14:24:36,19.3500,41,2
2026-01-23,601012,14:24:38,19.3500,301,2
2026-01-23,601012,14:24:41,19.3500,15,2
2026-01-23,601012,14:24:44,19.3500,109,2
2026-01-23,601012,14:24:47,19.3500,146,2
2026-01-23,601012,14:24:50,19.3500,144,2
2026-01-23,601012,14:24:53,19.3500,33,2
2026-01-23,601012,14:24:56,19.3500,116,2
2026-01-23,601012,14:24:59,19.3500,137,2
2026-01-23,601012,14:25:02,19.3500,639,2
2026-01-23,601012,14:25:05,19.3500,131,2
2026-01-23,601012,14:25:08,19.3500,103,2
2026-01-23,601012,14:25:11,19.3500,97,2
2026-01-23,601012,14:25:14,19.3500,63,2
2026-01-23,601012,14:25:17,19.3500,53,2
2026-01-23,601012,14:25:20,19.3500,75,2
2026-01-23,601012,14:25:23,19.3500,115,2
2026-01-23,601012,14:25:26,19.3500,24,2
2026-01-23,601012,14:25:29,19.3500,68,2
2026-01-23,601012,14:25:32,19.3500,76,2
2026-01-23,601012,14:25:35,19.3500,53,2
2026-01-23,601012,14:25:38,19.3500,17,2
2026-01-23,601012,14:25:41,19.3500,87,2
2026-01-23,601012,14:25:44,19.3500,55,2
2026-01-23,601012,14:25:47,19.3500,35,2
2026-01-23,601012,14:25:50,19.3500,112,2
2026-01-23,601012,14:25:53,19.3500,7,2
2026-01-23,601012,14:25:56,19.3500,69,2
2026-01-23,601012,14:25:59,19.3500,50,2
2026-01-23,601012,14:26:02,19.3500,12,2
2026-01-23,601012,14:26:05,19.3500,28,2
2026-01-23,601012,14:26:08,19.3500,8,2
2026-01-23,601012,14:26:11,19.3500,44,2
2026-01-23,601012,14:26:14,19.3500,44,2
2026-01-23,601012,14:26:17,19.3500,129,2
2026-01-23,601012,14:26:20,19.3500,106,2
2026-01-23,601012,14:26:23,19.3500,28,2
2026-01-23,601012,14:26:26,19.3500,55,2
2026-01-23,601012,14:26:29,19.3500,99,2
2026-01-23,601012,14:26:32,19.3500,87,2
2026-01-23,601012,14:26:35,19.3500,59,2
2026-01-23,601012,14:26:38,19.3500,97,2
2026-01-23,601012,14:26:41,19.3500,6,2
2026-01-23,601012,14:26:44,19.3500,68,2
2026-01-23,601012,14:26:47,19.3500,5,2
2026-01-23,601012,14:26:50,19.3500,69,2
2026-01-23,601012,14:26:53,19.3500,75,2
2026-01-23,601012,14:26:56,19.3500,64,2
2026-01-23,601012,14:26:59,19.3500,61,2
2026-01-23,601012,14:27:02,19.3500,133,2
2026-01-23,601012,14:27:05,19.3500,99,2
2026-01-23,601012,14:27:08,19.3500,90,2
2026-01-23,601012,14:27:11,19.3500,79,2
2026-01-23,601012,14:27:14,19.3500,74,2
2026-01-23,601012,14:27:17,19.3500,41,2
2026-01-23,601012,14:27:20,19.3500,34,2
2026-01-23,601012,14:27:23,19.3500,69,2
2026-01-23,601012,14:27:26,19.3500,165,2
2026-01-23,601012,14:27:29,19.3500,20,2
2026-01-23,601012,14:27:32,19.3500,176,2
2026-01-23,601012,14:27:35,19.3500,41,2
2026-01-23,601012,14:27:38,19.3500,141,2
2026-01-23,601012,14:27:42,19.3500,118,2
2026-01-23,601012,14:27:44,19.3500,42,2
2026-01-23,601012,14:27:47,19.3500,54,2
2026-01-23,601012,14:27:50,19.3500,45,2
2026-01-23,601012,14:27:53,19.3500,124,2
2026-01-23,601012,14:27:56,19.3500,115,2
2026-01-23,601012,14:27:59,19.3500,46,2
2026-01-23,601012,14:28:02,19.3500,36,2
2026-01-23,601012,14:28:05,19.3500,269,2
2026-01-23,601012,14:28:08,19.3500,40,2
2026-01-23,601012,14:28:11,19.3500,91,2
2026-01-23,601012,14:28:14,19.3500,69,2
2026-01-23,601012,14:28:17,19.3500,55,2
2026-01-23,601012,14:28:20,19.3500,58,2
2026-01-23,601012,14:28:23,19.3500,22,2
2026-01-23,601012,14:28:26,19.3500,57,2
2026-01-23,601012,14:28:29,19.3500,72,2
2026-01-23,601012,14:28:32,19.3500,40,2
2026-01-23,601012,14:28:35,19.3500,58,2
2026-01-23,601012,14:28:38,19.3500,129,2
2026-01-23,601012,14:28:41,19.3500,172,2
2026-01-23,601012,14:28:44,19.3500,253,2
2026-01-23,601012,14:28:47,19.3500,255,2
2026-01-23,601012,14:28:50,19.3500,57,2
2026-01-23,601012,14:28:53,19.3500,87,2
2026-01-23,601012,14:28:56,19.3500,22,2
2026-01-23,601012,14:28:59,19.3500,73,2
2026-01-23,601012,14:29:02,19.3500,72,2
2026-01-23,601012,14:29:05,19.3500,75,2
2026-01-23,601012,14:29:08,19.3500,250,2
2026-01-23,601012,14:29:11,19.3500,7,2
2026-01-23,601012,14:29:14,19.3500,74,2
2026-01-23,601012,14:29:17,19.3500,68,2
2026-01-23,601012,14:29:20,19.3500,21,2
2026-01-23,601012,14:29:23,19.3500,42,2
2026-01-23,601012,14:29:26,19.3500,10,2
2026-01-23,601012,14:29:29,19.3500,217,2
2026-01-23,601012,14:29:32,19.3500,36,2
2026-01-23,601012,14:29:35,19.3500,57,2
2026-01-23,601012,14:29:38,19.3500,45,2
2026-01-23,601012,14:29:41,19.3500,65,2
2026-01-23,601012,14:29:44,19.3500,146,2
2026-01-23,601012,14:29:47,19.3500,22,2
2026-01-23,601012,14:29:50,19.3500,40,2
2026-01-23,601012,14:29:53,19.3500,144,2
2026-01-23,601012,14:29:56,19.3500,44,2
2026-01-23,601012,14:29:59,19.3500,38,2
2026-01-23,601012,14:30:02,19.3500,193,2
2026-01-23,601012,14:30:05,19.3500,205,2
2026-01-23,601012,14:30:08,19.3500,832,2
2026-01-23,601012,14:30:11,19.3500,165,2
2026-01-23,601012,14:30:14,19.3500,152,2
2026-01-23,601012,14:30:17,19.3500,161,2
2026-01-23,601012,14:30:20,19.3500,269,2
2026-01-23,601012,14:30:23,19.3500,129,2
2026-01-23,601012,14:30:26,19.3500,24,2
2026-01-23,601012,14:30:29,19.3500,288,2
2026-01-23,601012,14:30:32,19.3500,130,2
2026-01-23,601012,14:30:35,19.3500,41,2
2026-01-23,601012,14:30:38,19.3500,187,2
2026-01-23,601012,14:30:41,19.3500,68,2
2026-01-23,601012,14:30:44,19.3500,19,2
2026-01-23,601012,14:30:47,19.3500,87,2
2026-01-23,601012,14:30:50,19.3500,295,2
2026-01-23,601012,14:30:53,19.3500,195,2
2026-01-23,601012,14:30:56,19.3500,72,2
2026-01-23,601012,14:30:59,19.3500,330,2
2026-01-23,601012,14:31:02,19.3500,207,2
2026-01-23,601012,14:31:05,19.3500,57,2
2026-01-23,601012,14:31:08,19.3500,187,2
2026-01-23,601012,14:31:11,19.3500,138,2
2026-01-23,601012,14:31:14,19.3500,62,2
2026-01-23,601012,14:31:17,19.3500,421,2
2026-01-23,601012,14:31:20,19.3500,92,2
2026-01-23,601012,14:31:23,19.3500,155,2
2026-01-23,601012,14:31:26,19.3500,182,2
2026-01-23,601012,14:31:29,19.3500,54,2
2026-01-23,601012,14:31:32,19.3500,299,2
2026-01-23,601012,14:31:35,19.3500,159,2
2026-01-23,601012,14:31:38,19.3500,291,2
2026-01-23,601012,14:31:41,19.3500,26,2
2026-01-23,601012,14:31:44,19.3500,177,2
2026-01-23,601012,14:31:47,19.3500,290,2
2026-01-23,601012,14:31:50,19.3500,115,2
2026-01-23,601012,14:31:53,19.3500,230,2
2026-01-23,601012,14:31:56,19.3500,247,2
2026-01-23,601012,14:31:59,19.3500,128,2
2026-01-23,601012,14:32:02,19.3500,154,2
2026-01-23,601012,14:32:05,19.3500,355,2
2026-01-23,601012,14:32:08,19.3500,162,2
2026-01-23,601012,14:32:11,19.3500,25,2
2026-01-23,601012,14:32:14,19.3500,326,2
2026-01-23,601012,14:32:17,19.3500,141,2
2026-01-23,601012,14:32:20,19.3500,207,2
2026-01-23,601012,14:32:23,19.3500,343,2
2026-01-23,601012,14:32:26,19.3500,117,2
2026-01-23,601012,14:32:29,19.3500,391,2
2026-01-23,601012,14:32:32,19.3500,220,2
2026-01-23,601012,14:32:35,19.3500,288,2
2026-01-23,601012,14:32:38,19.3500,261,2
2026-01-23,601012,14:32:41,19.3500,386,2
2026-01-23,601012,14:32:44,19.3500,174,2
2026-01-23,601012,14:32:47,19.3500,310,2
2026-01-23,601012,14:32:50,19.3500,30,2
2026-01-23,601012,14:32:53,19.3500,304,2
2026-01-23,601012,14:32:56,19.3500,166,2
2026-01-23,601012,14:32:59,19.3500,236,2
2026-01-23,601012,14:33:02,19.3500,149,2
2026-01-23,601012,14:33:05,19.3500,244,2
2026-01-23,601012,14:33:08,19.3500,354,2
2026-01-23,601012,14:33:11,19.3500,297,2
2026-01-23,601012,14:33:14,19.3500,262,2
2026-01-23,601012,14:33:17,19.3500,188,2
2026-01-23,601012,14:33:20,19.3500,226,2
2026-01-23,601012,14:33:23,19.3500,170,2
2026-01-23,601012,14:33:26,19.3500,524,2
2026-01-23,601012,14:33:29,19.3500,312,2
2026-01-23,601012,14:33:32,19.3500,453,2
2026-01-23,601012,14:33:35,19.3500,52,2
2026-01-23,601012,14:33:38,19.3500,223,2
2026-01-23,601012,14:33:41,19.3500,120,2
2026-01-23,601012,14:33:44,19.3500,328,2
2026-01-23,601012,14:33:47,19.3500,230,2
2026-01-23,601012,14:33:50,19.3500,196,2
2026-01-23,601012,14:33:53,19.3500,284,2
2026-01-23,601012,14:33:56,19.3500,197,2
2026-01-23,601012,14:33:59,19.3500,105,2
2026-01-23,601012,14:34:02,19.3500,210,2
2026-01-23,601012,14:34:05,19.3500,327,2
2026-01-23,601012,14:34:08,19.3500,113,2
2026-01-23,601012,14:34:11,19.3500,215,2
2026-01-23,601012,14:34:14,19.3500,92,2
2026-01-23,601012,14:34:17,19.3500,128,2
2026-01-23,601012,14:34:20,19.3500,605,2
2026-01-23,601012,14:34:23,19.3500,122,2
2026-01-23,601012,14:34:26,19.3500,285,2
2026-01-23,601012,14:34:29,19.3500,137,2
2026-01-23,601012,14:34:32,19.3500,44,2
2026-01-23,601012,14:34:35,19.3500,465,2
2026-01-23,601012,14:34:38,19.3500,93,2
2026-01-23,601012,14:34:41,19.3500,107,2
2026-01-23,601012,14:34:44,19.3500,36,2
2026-01-23,601012,14:34:47,19.3500,48,2
2026-01-23,601012,14:34:50,19.3500,236,2
2026-01-23,601012,14:34:53,19.3500,148,2
2026-01-23,601012,14:34:56,19.3500,299,2
2026-01-23,601012,14:34:59,19.3500,190,2
2026-01-23,601012,14:35:02,19.3500,120,2
2026-01-23,601012,14:35:05,19.3500,111,2
2026-01-23,601012,14:35:08,19.3500,89,2
2026-01-23,601012,14:35:11,19.3500,57,2
2026-01-23,601012,14:35:14,19.3500,114,2
2026-01-23,601012,14:35:17,19.3500,249,2
2026-01-23,601012,14:35:20,19.3500,87,2
2026-01-23,601012,14:35:23,19.3500,188,2
2026-01-23,601012,14:35:26,19.3500,104,2
2026-01-23,601012,14:35:29,19.3500,589,2
2026-01-23,601012,14:35:32,19.3500,139,2
2026-01-23,601012,14:35:35,19.3500,370,2
2026-01-23,601012,14:35:38,19.3500,126,2
2026-01-23,601012,14:35:41,19.3500,228,2
2026-01-23,601012,14:35:44,19.3500,219,2
2026-01-23,601012,14:35:47,19.3500,68,2
2026-01-23,601012,14:35:50,19.3500,113,2
2026-01-23,601012,14:35:53,19.3500,178,2
2026-01-23,601012,14:35:56,19.3500,158,2
2026-01-23,601012,14:35:59,19.3500,3,2
2026-01-23,601012,14:36:02,19.3500,131,2
2026-01-23,601012,14:36:05,19.3500,124,2
2026-01-23,601012,14:36:08,19.3500,108,2
2026-01-23,601012,14:36:11,19.3500,317,2
2026-01-23,601012,14:36:14,19.3500,59,2
2026-01-23,601012,14:36:17,19.3500,88,2
2026-01-23,601012,14:36:20,19.3500,196,2
2026-01-23,601012,14:36:23,19.3500,211,2
2026-01-23,601012,14:36:26,19.3500,9,2
2026-01-23,601012,14:36:29,19.3500,242,2
2026-01-23,601012,14:36:32,19.3500,69,2
2026-01-23,601012,14:36:35,19.3500,93,2
2026-01-23,601012,14:36:38,19.3500,52,2
2026-01-23,601012,14:36:41,19.3500,167,2
2026-01-23,601012,14:36:44,19.3500,87,2
2026-01-23,601012,14:36:47,19.3500,193,2
2026-01-23,601012,14:36:50,19.3500,523,2
2026-01-23,601012,14:36:53,19.3500,110,2
2026-01-23,601012,14:36:56,19.3500,122,2
2026-01-23,601012,14:36:59,19.3500,302,2
2026-01-23,601012,14:37:02,19.3500,973,2
2026-01-23,601012,14:37:05,19.3500,36,2
2026-01-23,601012,14:37:08,19.3500,475,2
2026-01-23,601012,14:37:11,19.3500,98,2
2026-01-23,601012,14:37:14,19.3500,82,2
2026-01-23,601012,14:37:17,19.3500,211,2
2026-01-23,601012,14:37:20,19.3500,140,2
2026-01-23,601012,14:37:23,19.3500,190,2
2026-01-23,601012,14:37:26,19.3500,77,2
2026-01-23,601012,14:37:29,19.3500,258,2
2026-01-23,601012,14:37:32,19.3500,150,2
2026-01-23,601012,14:37:35,19.3500,78,2
2026-01-23,601012,14:37:38,19.3500,127,2
2026-01-23,601012,14:37:41,19.3500,88,2
2026-01-23,601012,14:37:44,19.3500,73,2
2026-01-23,601012,14:37:47,19.3500,156,2
2026-01-23,601012,14:37:50,19.3500,148,2
2026-01-23,601012,14:37:53,19.3500,93,2
2026-01-23,601012,14:37:56,19.3500,112,2
2026-01-23,601012,14:37:59,19.3500,127,2
2026-01-23,601012,14:38:02,19.3500,116,2
2026-01-23,601012,14:38:05,19.3500,333,2
2026-01-23,601012,14:38:08,19.3500,187,2
2026-01-23,601012,14:38:11,19.3500,172,2
2026-01-23,601012,14:38:14,19.3500,144,2
2026-01-23,601012,14:38:17,19.3500,118,2
2026-01-23,601012,14:38:20,19.3500,157,2
2026-01-23,601012,14:38:23,19.3500,101,2
2026-01-23,601012,14:38:26,19.3500,211,2
2026-01-23,601012,14:38:29,19.3500,127,2
2026-01-23,601012,14:38:32,19.3500,101,2
2026-01-23,601012,14:38:35,19.3500,33,2
2026-01-23,601012,14:38:38,19.3500,88,2
2026-01-23,601012,14:38:41,19.3500,186,2
2026-01-23,601012,14:38:44,19.3500,241,2
2026-01-23,601012,14:38:47,19.3500,126,2
2026-01-23,601012,14:38:50,19.3500,81,2
2026-01-23,601012,14:38:53,19.3500,139,2
2026-01-23,601012,14:38:56,19.3500,231,2
2026-01-23,601012,14:38:59,19.3500,107,2
2026-01-23,601012,14:39:02,19.3500,201,2
2026-01-23,601012,14:39:05,19.3500,137,2
2026-01-23,601012,14:39:08,19.3500,179,2
2026-01-23,601012,14:39:11,19.3500,167,2
2026-01-23,601012,14:39:14,19.3500,48,2
2026-01-23,601012,14:39:17,19.3500,68,2
2026-01-23,601012,14:39:20,19.3500,102,2
2026-01-23,601012,14:39:23,19.3500,140,2
2026-01-23,601012,14:39:26,19.3500,213,2
2026-01-23,601012,14:39:29,19.3500,88,2
2026-01-23,601012,14:39:32,19.3500,155,2
2026-01-23,601012,14:39:35,19.3500,151,2
2026-01-23,601012,14:39:38,19.3500,104,2
2026-01-23,601012,14:39:41,19.3500,166,2
2026-01-23,601012,14:39:44,19.3500,63,2
2026-01-23,601012,14:39:47,19.3500,55,2
2026-01-23,601012,14:39:50,19.3500,324,2
2026-01-23,601012,14:39:53,19.3500,453,2
2026-01-23,601012,14:39:56,19.3500,139,2
2026-01-23,601012,14:39:59,19.3500,20,2
2026-01-23,601012,14:40:02,19.3500,97,2
2026-01-23,601012,14:40:05,19.3500,350,2
2026-01-23,601012,14:40:08,19.3500,52,2
2026-01-23,601012,14:40:11,19.3500,1770,2
2026-01-23,601012,14:40:14,19.3500,257,2
2026-01-23,601012,14:40:17,19.3500,205,2
2026-01-23,601012,14:40:20,19.3500,45,2
2026-01-23,601012,14:40:23,19.3500,149,2
2026-01-23,601012,14:40:26,19.3500,229,2
2026-01-23,601012,14:40:29,19.3500,44,2
2026-01-23,601012,14:40:32,19.3500,45,2
2026-01-23,601012,14:40:35,19.3500,29,2
2026-01-23,601012,14:40:38,19.3500,68,2
2026-01-23,601012,14:40:41,19.3500,92,2
2026-01-23,601012,14:40:44,19.3500,34,2
2026-01-23,601012,14:40:47,19.3500,31,2
2026-01-23,601012,14:40:50,19.3500,16,2
2026-01-23,601012,14:40:53,19.3500,141,2
2026-01-23,601012,14:40:56,19.3500,86,2
2026-01-23,601012,14:40:59,19.3500,62,2
2026-01-23,601012,14:41:02,19.3500,72,2
2026-01-23,601012,14:41:05,19.3500,392,2
2026-01-23,601012,14:41:08,19.3500,49,2
2026-01-23,601012,14:41:11,19.3500,74,2
2026-01-23,601012,14:41:14,19.3500,742,2
2026-01-23,601012,14:41:17,19.3500,150,2
2026-01-23,601012,14:41:20,19.3500,117,2
2026-01-23,601012,14:41:23,19.3500,229,2
2026-01-23,601012,14:41:26,19.3500,48,2
2026-01-23,601012,14:41:29,19.3500,28,2
2026-01-23,601012,14:41:32,19.3500,66,2
2026-01-23,601012,14:41:35,19.3500,42,2
2026-01-23,601012,14:41:38,19.3500,76,2
2026-01-23,601012,14:41:41,19.3500,59,2
2026-01-23,601012,14:41:44,19.3500,100,2
2026-01-23,601012,14:41:47,19.3500,56,2
2026-01-23,601012,14:41:50,19.3500,881,2
2026-01-23,601012,14:41:53,19.3500,385,2
2026-01-23,601012,14:41:56,19.3500,365,2
2026-01-23,601012,14:41:59,19.3500,141,2
2026-01-23,601012,14:42:02,19.3500,67,2
2026-01-23,601012,14:42:05,19.3500,149,2
2026-01-23,601012,14:42:08,19.3500,112,2
2026-01-23,601012,14:42:11,19.3500,34,2
2026-01-23,601012,14:42:14,19.3500,90,2
2026-01-23,601012,14:42:17,19.3500,84,2
2026-01-23,601012,14:42:20,19.3500,58,2
2026-01-23,601012,14:42:23,19.3500,53,2
2026-01-23,601012,14:42:26,19.3500,59,2
2026-01-23,601012,14:42:29,19.3500,328,2
2026-01-23,601012,14:42:32,19.3500,122,2
2026-01-23,601012,14:42:35,19.3500,36,2
2026-01-23,601012,14:42:38,19.3500,182,2
2026-01-23,601012,14:42:41,19.3500,29,2
2026-01-23,601012,14:42:44,19.3500,87,2
2026-01-23,601012,14:42:47,19.3500,158,2
2026-01-23,601012,14:42:50,19.3500,283,2
2026-01-23,601012,14:42:53,19.3500,543,2
2026-01-23,601012,14:42:56,19.3500,115,2
2026-01-23,601012,14:42:59,19.3500,116,2
2026-01-23,601012,14:43:02,19.3500,35,2
2026-01-23,601012,14:43:05,19.3500,111,2
2026-01-23,601012,14:43:08,19.3500,86,2
2026-01-23,601012,14:43:11,19.3500,123,2
2026-01-23,601012,14:43:14,19.3500,29,2
2026-01-23,601012,14:43:17,19.3500,55,2
2026-01-23,601012,14:43:20,19.3500,54,2
2026-01-23,601012,14:43:23,19.3500,59,2
2026-01-23,601012,14:43:26,19.3500,157,2
2026-01-23,601012,14:43:29,19.3500,39,2
2026-01-23,601012,14:43:32,19.3500,223,2
2026-01-23,601012,14:43:35,19.3500,57,2
2026-01-23,601012,14:43:38,19.3500,34,2
2026-01-23,601012,14:43:41,19.3500,86,2
2026-01-23,601012,14:43:44,19.3500,251,2
2026-01-23,601012,14:43:47,19.3500,42,2
2026-01-23,601012,14:43:50,19.3500,117,2
2026-01-23,601012,14:43:53,19.3500,53,2
2026-01-23,601012,14:43:56,19.3500,176,2
2026-01-23,601012,14:43:59,19.3500,47,2
2026-01-23,601012,14:44:02,19.3500,38,2
2026-01-23,601012,14:44:05,19.3500,98,2
2026-01-23,601012,14:44:08,19.3500,118,2
2026-01-23,601012,14:44:11,19.3500,153,2
2026-01-23,601012,14:44:14,19.3500,38,2
2026-01-23,601012,14:44:17,19.3500,88,2
2026-01-23,601012,14:44:20,19.3500,20,2
2026-01-23,601012,14:44:23,19.3500,71,2
2026-01-23,601012,14:44:26,19.3500,122,2
2026-01-23,601012,14:44:29,19.3500,76,2
2026-01-23,601012,14:44:32,19.3500,40,2
2026-01-23,601012,14:44:35,19.3500,222,2
2026-01-23,601012,14:44:38,19.3500,61,2
2026-01-23,601012,14:44:41,19.3500,39,2
2026-01-23,601012,14:44:44,19.3500,80,2
2026-01-23,601012,14:44:47,19.3500,61,2
2026-01-23,601012,14:44:50,19.3500,44,2
2026-01-23,601012,14:44:53,19.3500,56,2
2026-01-23,601012,14:44:56,19.3500,15,2
2026-01-23,601012,14:44:59,19.3500,56,2
2026-01-23,601012,14:45:02,19.3500,81,2
2026-01-23,601012,14:45:05,19.3500,70,2
2026-01-23,601012,14:45:08,19.3500,30,2
2026-01-23,601012,14:45:11,19.3500,91,2
2026-01-23,601012,14:45:14,19.3500,26,2
2026-01-23,601012,14:45:17,19.3500,115,2
2026-01-23,601012,14:45:20,19.3500,72,2
2026-01-23,601012,14:45:23,19.3500,35,2
2026-01-23,601012,14:45:26,19.3500,55,2
2026-01-23,601012,14:45:29,19.3500,32,2
2026-01-23,601012,14:45:32,19.3500,85,2
2026-01-23,601012,14:45:35,19.3500,462,2
2026-01-23,601012,14:45:38,19.3500,126,2
2026-01-23,601012,14:45:41,19.3500,56,2
2026-01-23,601012,14:45:44,19.3500,96,2
2026-01-23,601012,14:45:47,19.3500,93,2
2026-01-23,601012,14:45:50,19.3500,47,2
2026-01-23,601012,14:45:53,19.3500,68,2
2026-01-23,601012,14:45:56,19.3500,97,2
2026-01-23,601012,14:45:59,19.3500,27,2
2026-01-23,601012,14:46:02,19.3500,88,2
2026-01-23,601012,14:46:05,19.3500,44,2
2026-01-23,601012,14:46:08,19.3500,2,2
2026-01-23,601012,14:46:11,19.3500,57,2
2026-01-23,601012,14:46:14,19.3500,25,2
2026-01-23,601012,14:46:17,19.3500,53,2
2026-01-23,601012,14:46:20,19.3500,81,2
2026-01-23,601012,14:46:23,19.3500,73,2
2026-01-23,601012,14:46:26,19.3500,35,2
2026-01-23,601012,14:46:29,19.3500,37,2
2026-01-23,601012,14:46:32,19.3500,225,2
2026-01-23,601012,14:46:35,19.3500,16,2
2026-01-23,601012,14:46:38,19.3500,33,2
2026-01-23,601012,14:46:41,19.3500,203,2
2026-01-23,601012,14:46:44,19.3500,41,2
2026-01-23,601012,14:46:47,19.3500,35,2
2026-01-23,601012,14:46:50,19.3500,82,2
2026-01-23,601012,14:46:53,19.3500,45,2
2026-01-23,601012,14:46:56,19.3500,152,2
2026-01-23,601012,14:46:59,19.3500,38,2
2026-01-23,601012,14:47:02,19.3500,237,2
2026-01-23,601012,14:47:05,19.3500,71,2
2026-01-23,601012,14:47:08,19.3500,335,2
2026-01-23,601012,14:47:11,19.3500,101,2
2026-01-23,601012,14:47:14,19.3500,53,2
2026-01-23,601012,14:47:17,19.3500,174,2
2026-01-23,601012,14:47:20,19.3500,93,2
2026-01-23,601012,14:47:23,19.3500,250,2
2026-01-23,601012,14:47:26,19.3500,143,2
2026-01-23,601012,14:47:29,19.3500,110,2
2026-01-23,601012,14:47:32,19.3500,85,2
2026-01-23,601012,14:47:35,19.3500,27,2
2026-01-23,601012,14:47:38,19.3500,134,2
2026-01-23,601012,14:47:41,19.3500,116,2
2026-01-23,601012,14:47:44,19.3500,154,2
2026-01-23,601012,14:47:47,19.3500,50,2
2026-01-23,601012,14:47:50,19.3500,220,2
2026-01-23,601012,14:47:53,19.3500,115,2
2026-01-23,601012,14:47:56,19.3500,206,2
2026-01-23,601012,14:47:59,19.3500,174,2
2026-01-23,601012,14:48:02,19.3500,439,2
2026-01-23,601012,14:48:05,19.3500,164,2
2026-01-23,601012,14:48:08,19.3500,101,2
2026-01-23,601012,14:48:11,19.3500,55,2
2026-01-23,601012,14:48:14,19.3500,60,2
2026-01-23,601012,14:48:17,19.3500,221,2
2026-01-23,601012,14:48:20,19.3500,459,2
2026-01-23,601012,14:48:23,19.3500,100,2
2026-01-23,601012,14:48:26,19.3500,117,2
2026-01-23,601012,14:48:29,19.3500,162,2
2026-01-23,601012,14:48:32,19.3500,61,2
2026-01-23,601012,14:48:35,19.3500,216,2
2026-01-23,601012,14:48:38,19.3500,83,2
2026-01-23,601012,14:48:41,19.3500,96,2
2026-01-23,601012,14:48:44,19.3500,54,2
2026-01-23,601012,14:48:47,19.3500,131,2
2026-01-23,601012,14:48:50,19.3500,82,2
2026-01-23,601012,14:48:53,19.3500,62,2
2026-01-23,601012,14:48:56,19.3500,94,2
2026-01-23,601012,14:48:59,19.3500,131,2
2026-01-23,601012,14:49:02,19.3500,349,2
2026-01-23,601012,14:49:05,19.3500,27,2
2026-01-23,601012,14:49:08,19.3500,77,2
2026-01-23,601012,14:49:11,19.3500,83,2
2026-01-23,601012,14:49:15,19.3500,110,2
2026-01-23,601012,14:49:17,19.3500,87,2
2026-01-23,601012,14:49:20,19.3500,83,2
2026-01-23,601012,14:49:23,19.3500,15,2
2026-01-23,601012,14:49:26,19.3500,97,2
2026-01-23,601012,14:49:29,19.3500,124,2
2026-01-23,601012,14:49:32,19.3500,204,2
2026-01-23,601012,14:49:35,19.3500,61,2
2026-01-23,601012,14:49:38,19.3500,524,2
2026-01-23,601012,14:49:41,19.3500,179,2
2026-01-23,601012,14:49:44,19.3500,78,2
2026-01-23,601012,14:49:47,19.3500,40,2
2026-01-23,601012,14:49:50,19.3500,80,2
2026-01-23,601012,14:49:53,19.3500,47,2
2026-01-23,601012,14:49:56,19.3500,117,2
2026-01-23,601012,14:49:59,19.3500,73,2
2026-01-23,601012,14:50:02,19.3500,45,2
2026-01-23,601012,14:50:05,19.3500,32,2
2026-01-23,601012,14:50:08,19.3500,139,2
2026-01-23,601012,14:50:11,19.3500,35,2
2026-01-23,601012,14:50:14,19.3500,261,2
2026-01-23,601012,14:50:17,19.3500,128,2
2026-01-23,601012,14:50:20,19.3500,82,2
2026-01-23,601012,14:50:23,19.3500,187,2
2026-01-23,601012,14:50:26,19.3500,35,2
2026-01-23,601012,14:50:29,19.3500,103,2
2026-01-23,601012,14:50:32,19.3500,37,2
2026-01-23,601012,14:50:35,19.3500,88,2
2026-01-23,601012,14:50:38,19.3500,52,2
2026-01-23,601012,14:50:41,19.3500,52,2
2026-01-23,601012,14:50:44,19.3500,51,2
2026-01-23,601012,14:50:47,19.3500,145,2
2026-01-23,601012,14:50:50,19.3500,102,2
2026-01-23,601012,14:50:53,19.3500,34,2
2026-01-23,601012,14:50:56,19.3500,69,2
2026-01-23,601012,14:50:59,19.3500,188,2
2026-01-23,601012,14:51:02,19.3500,86,2
2026-01-23,601012,14:51:05,19.3500,100,2
2026-01-23,601012,14:51:08,19.3500,112,2
2026-01-23,601012,14:51:11,19.3500,36,2
2026-01-23,601012,14:51:14,19.3500,174,2
2026-01-23,601012,14:51:17,19.3500,29,2
2026-01-23,601012,14:51:20,19.3500,24,2
2026-01-23,601012,14:51:23,19.3500,1015,2
2026-01-23,601012,14:51:26,19.3500,192,2
2026-01-23,601012,14:51:29,19.3500,66,2
2026-01-23,601012,14:51:32,19.3500,78,2
2026-01-23,601012,14:51:35,19.3500,58,2
2026-01-23,601012,14:51:38,19.3500,215,2
2026-01-23,601012,14:51:41,19.3500,171,2
2026-01-23,601012,14:51:44,19.3500,54,2
2026-01-23,601012,14:51:47,19.3500,76,2
2026-01-23,601012,14:51:50,19.3500,55,2
2026-01-23,601012,14:51:53,19.3500,81,2
2026-01-23,601012,14:51:56,19.3500,63,2
2026-01-23,601012,14:51:59,19.3500,289,2
2026-01-23,601012,14:52:02,19.3500,103,2
2026-01-23,601012,14:52:05,19.3500,153,2
2026-01-23,601012,14:52:08,19.3500,102,2
2026-01-23,601012,14:52:11,19.3500,146,2
2026-01-23,601012,14:52:14,19.3500,121,2
2026-01-23,601012,14:52:17,19.3500,283,2
2026-01-23,601012,14:52:20,19.3500,30,2
2026-01-23,601012,14:52:23,19.3500,378,2
2026-01-23,601012,14:52:26,19.3500,130,2
2026-01-23,601012,14:52:29,19.3500,108,2
2026-01-23,601012,14:52:32,19.3500,85,2
2026-01-23,601012,14:52:35,19.3500,96,2
2026-01-23,601012,14:52:38,19.3500,123,2
2026-01-23,601012,14:52:41,19.3500,62,2
2026-01-23,601012,14:52:44,19.3500,389,2
2026-01-23,601012,14:52:47,19.3500,118,2
2026-01-23,601012,14:52:50,19.3500,377,2
2026-01-23,601012,14:52:53,19.3500,266,2
2026-01-23,601012,14:52:56,19.3500,100,2
2026-01-23,601012,14:52:59,19.3500,65,2
2026-01-23,601012,14:53:02,19.3500,67,2
2026-01-23,601012,14:53:05,19.3500,138,2
2026-01-23,601012,14:53:08,19.3500,115,2
2026-01-23,601012,14:53:11,19.3500,466,2
2026-01-23,601012,14:53:15,19.3500,140,2
2026-01-23,601012,14:53:17,19.3500,96,2
2026-01-23,601012,14:53:20,19.3500,33,2
2026-01-23,601012,14:53:23,19.3500,375,2
2026-01-23,601012,14:53:26,19.3500,291,2
2026-01-23,601012,14:53:29,19.3500,91,2
2026-01-23,601012,14:53:32,19.3500,155,2
2026-01-23,601012,14:53:35,19.3500,113,2
2026-01-23,601012,14:53:38,19.3500,217,2
2026-01-23,601012,14:53:41,19.3500,177,2
2026-01-23,601012,14:53:44,19.3500,69,2
2026-01-23,601012,14:53:47,19.3500,411,2
2026-01-23,601012,14:53:50,19.3500,53,2
2026-01-23,601012,14:53:53,19.3500,205,2
2026-01-23,601012,14:53:56,19.3500,246,2
2026-01-23,601012,14:53:59,19.3500,161,2
2026-01-23,601012,14:54:02,19.3500,496,2
2026-01-23,601012,14:54:05,19.3500,237,2
2026-01-23,601012,14:54:08,19.3500,151,2
2026-01-23,601012,14:54:11,19.3500,266,2
2026-01-23,601012,14:54:14,19.3500,55,2
2026-01-23,601012,14:54:17,19.3500,474,2
2026-01-23,601012,14:54:20,19.3500,191,2
2026-01-23,601012,14:54:23,19.3500,218,2
2026-01-23,601012,14:54:26,19.3500,207,2
2026-01-23,601012,14:54:29,19.3500,49,2
2026-01-23,601012,14:54:32,19.3500,157,2
2026-01-23,601012,14:54:35,19.3500,293,2
2026-01-23,601012,14:54:38,19.3500,398,2
2026-01-23,601012,14:54:41,19.3500,286,2
2026-01-23,601012,14:54:44,19.3500,48,2
2026-01-23,601012,14:54:47,19.3500,211,2
2026-01-23,601012,14:54:50,19.3500,77,2
2026-01-23,601012,14:54:53,19.3500,433,2
2026-01-23,601012,14:54:56,19.3500,354,2
2026-01-23,601012,14:54:59,19.3500,224,2
2026-01-23,601012,14:55:02,19.3500,74,2
2026-01-23,601012,14:55:05,19.3500,362,2
2026-01-23,601012,14:55:08,19.3500,22,2
2026-01-23,601012,14:55:11,19.3500,132,2
2026-01-23,601012,14:55:14,19.3500,26,2
2026-01-23,601012,14:55:17,19.3500,145,2
2026-01-23,601012,14:55:20,19.3500,57,2
2026-01-23,601012,14:55:23,19.3500,178,2
2026-01-23,601012,14:55:26,19.3500,51,2
2026-01-23,601012,14:55:29,19.3500,128,2
2026-01-23,601012,14:55:32,19.3500,52,2
2026-01-23,601012,14:55:35,19.3500,326,2
2026-01-23,601012,14:55:38,19.3500,106,2
2026-01-23,601012,14:55:41,19.3500,117,2
2026-01-23,601012,14:55:44,19.3500,147,2
2026-01-23,601012,14:55:47,19.3500,453,2
2026-01-23,601012,14:55:50,19.3500,45,2
2026-01-23,601012,14:55:53,19.3500,174,2
2026-01-23,601012,14:55:56,19.3500,341,2
2026-01-23,601012,14:55:59,19.3500,766,2
2026-01-23,601012,14:56:02,19.3500,564,2
2026-01-23,601012,14:56:05,19.3500,140,2
2026-01-23,601012,14:56:08,19.3500,592,2
2026-01-23,601012,14:56:11,19.3500,91,2
2026-01-23,601012,14:56:14,19.3500,269,2
2026-01-23,601012,14:56:17,19.3500,210,2
2026-01-23,601012,14:56:20,19.3500,413,2
2026-01-23,601012,14:56:23,19.3500,360,2
2026-01-23,601012,14:56:26,19.3500,1197,2
2026-01-23,601012,14:56:29,19.3500,581,2
2026-01-23,601012,14:56:32,19.3500,221,2
2026-01-23,601012,14:56:35,19.3500,59,2
2026-01-23,601012,14:56:38,19.3500,168,2
2026-01-23,601012,14:56:41,19.3500,165,2
2026-01-23,601012,14:56:44,19.3500,185,2
2026-01-23,601012,14:56:47,19.3500,285,2
2026-01-23,601012,14:56:50,19.3500,790,2
2026-01-23,601012,14:56:53,19.3500,265,2
2026-01-23,601012,14:56:56,19.3500,875,2
2026-01-23,601012,14:56:59,19.3500,576,2
2026-01-23,601012,14:57:02,19.3500,45,2
2026-01-23,601012,15:00:03,19.3500,15029,4
2026-01-23,601012,13:17:08,19.3500,145,2
2026-01-23,601012,13:17:11,19.3500,291,2
2026-01-23,601012,13:17:14,19.3500,332,2
2026-01-23,601012,13:17:18,19.3500,230,2
2026-01-23,601012,13:17:20,19.3500,223,2
2026-01-23,601012,13:17:23,19.3500,650,2
2026-01-23,601012,13:17:26,19.3500,438,2
2026-01-23,601012,13:17:29,19.3500,373,2
2026-01-23,601012,13:17:32,19.3500,574,2
2026-01-23,601012,13:17:35,19.3500,302,2
2026-01-23,601012,13:17:38,19.3500,837,2
2026-01-23,601012,13:17:41,19.3500,747,2
2026-01-23,601012,13:17:44,19.3500,321,2
2026-01-23,601012,13:17:47,19.3500,144,2
2026-01-23,601012,13:17:50,19.3500,634,2
2026-01-23,601012,13:17:53,19.3500,220,2
2026-01-23,601012,13:17:56,19.3500,135,2
2026-01-23,601012,13:17:59,19.3500,106,2
2026-01-23,601012,13:18:02,19.3500,676,2
2026-01-23,601012,13:18:05,19.3500,209,2
2026-01-23,601012,13:18:08,19.3500,190,2
2026-01-23,601012,13:18:11,19.3500,319,2
2026-01-23,601012,13:18:14,19.3500,275,2
2026-01-23,601012,13:18:17,19.3500,271,2
2026-01-23,601012,13:18:20,19.3500,113,2
2026-01-23,601012,13:18:23,19.3500,508,2
2026-01-23,601012,13:18:26,19.3500,314,2
2026-01-23,601012,13:18:29,19.3500,138,2
2026-01-23,601012,13:18:32,19.3500,240,2
2026-01-23,601012,13:18:35,19.3500,132,2
2026-01-23,601012,13:18:38,19.3500,188,2
2026-01-23,601012,13:18:41,19.3500,144,2
2026-01-23,601012,13:18:44,19.3500,222,2
2026-01-23,601012,13:18:47,19.3500,285,2
2026-01-23,601012,13:18:50,19.3500,433,2
2026-01-23,601012,13:18:53,19.3500,254,2
2026-01-23,601012,13:18:56,19.3500,316,2
2026-01-23,601012,13:18:59,19.3500,609,2
2026-01-23,601012,13:19:02,19.3500,139,2
2026-01-23,601012,13:19:05,19.3500,499,2
2026-01-23,601012,13:19:08,19.3500,423,2
2026-01-23,601012,13:19:11,19.3500,306,2
2026-01-23,601012,13:19:14,19.3500,152,2
2026-01-23,601012,13:19:17,19.3500,701,2
2026-01-23,601012,13:19:20,19.3500,222,2
2026-01-23,601012,13:19:23,19.3500,612,2
2026-01-23,601012,13:19:26,19.3500,139,2
2026-01-23,601012,13:19:29,19.3500,304,2
2026-01-23,601012,13:19:32,19.3500,177,2
2026-01-23,601012,13:19:35,19.3500,503,2
2026-01-23,601012,13:19:38,19.3500,217,2
2026-01-23,601012,13:19:41,19.3500,631,2
2026-01-23,601012,13:19:44,19.3500,102,2
2026-01-23,601012,13:19:47,19.3500,185,2
2026-01-23,601012,13:19:50,19.3500,294,2
2026-01-23,601012,13:19:53,19.3500,228,2
2026-01-23,601012,13:19:56,19.3500,196,2
2026-01-23,601012,13:19:59,19.3500,229,2
2026-01-23,601012,13:20:02,19.3500,188,2
2026-01-23,601012,13:20:05,19.3500,123,2
2026-01-23,601012,13:20:08,19.3500,187,2
2026-01-23,601012,13:20:11,19.3500,196,2
2026-01-23,601012,13:20:14,19.3500,108,2
2026-01-23,601012,13:20:17,19.3500,373,2
2026-01-23,601012,13:20:20,19.3500,251,2
2026-01-23,601012,13:20:23,19.3500,484,2
2026-01-23,601012,13:20:26,19.3500,407,2
2026-01-23,601012,13:20:29,19.3500,199,2
2026-01-23,601012,13:20:32,19.3500,249,2
2026-01-23,601012,13:20:35,19.3500,270,2
2026-01-23,601012,13:20:38,19.3500,325,2
2026-01-23,601012,13:20:41,19.3500,433,2
2026-01-23,601012,13:20:44,19.3500,105,2
2026-01-23,601012,13:20:47,19.3500,461,2
2026-01-23,601012,13:20:50,19.3500,248,2
2026-01-23,601012,13:20:53,19.3500,78,2
2026-01-23,601012,13:20:56,19.3500,94,2
2026-01-23,601012,13:20:59,19.3500,127,2
2026-01-23,601012,13:21:03,19.3500,215,2
2026-01-23,601012,13:21:05,19.3500,98,2
2026-01-23,601012,13:21:08,19.3500,169,2
2026-01-23,601012,13:21:11,19.3500,228,2
2026-01-23,601012,13:21:14,19.3500,440,2
2026-01-23,601012,13:21:17,19.3500,276,2
2026-01-23,601012,13:21:20,19.3500,190,2
2026-01-23,601012,13:21:23,19.3500,130,2
2026-01-23,601012,13:21:26,19.3500,136,2
2026-01-23,601012,13:21:29,19.3500,148,2
2026-01-23,601012,13:21:32,19.3500,216,2
2026-01-23,601012,13:21:35,19.3500,159,2
2026-01-23,601012,13:21:38,19.3500,225,2
2026-01-23,601012,13:21:41,19.3500,311,2
2026-01-23,601012,13:21:44,19.3500,238,2
2026-01-23,601012,13:21:47,19.3500,359,2
2026-01-23,601012,13:21:50,19.3500,259,2
2026-01-23,601012,13:21:53,19.3500,126,2
2026-01-23,601012,13:21:56,19.3500,177,2
2026-01-23,601012,13:21:59,19.3500,122,2
2026-01-23,601012,13:22:02,19.3500,129,2
2026-01-23,601012,13:22:05,19.3500,114,2
2026-01-23,601012,13:22:08,19.3500,60,2
2026-01-23,601012,13:22:11,19.3500,115,2
2026-01-23,601012,13:22:14,19.3500,141,2
2026-01-23,601012,13:22:17,19.3500,185,2
2026-01-23,601012,13:22:20,19.3500,143,2
2026-01-23,601012,13:22:23,19.3500,180,2
2026-01-23,601012,13:22:26,19.3500,253,2
2026-01-23,601012,13:22:29,19.3500,287,2
2026-01-23,601012,13:22:32,19.3500,225,2
2026-01-23,601012,13:22:35,19.3500,535,2
2026-01-23,601012,13:22:38,19.3500,656,2
2026-01-23,601012,13:22:41,19.3500,254,2
2026-01-23,601012,13:22:44,19.3500,436,2
2026-01-23,601012,13:22:47,19.3500,183,2
2026-01-23,601012,13:22:50,19.3500,167,2
2026-01-23,601012,13:22:53,19.3500,259,2
2026-01-23,601012,13:22:56,19.3500,149,2
2026-01-23,601012,13:22:59,19.3500,357,2
2026-01-23,601012,13:23:02,19.3500,140,2
2026-01-23,601012,13:23:05,19.3500,124,2
2026-01-23,601012,13:23:08,19.3500,127,2
2026-01-23,601012,13:23:11,19.3500,184,2
2026-01-23,601012,13:23:14,19.3500,96,2
2026-01-23,601012,13:23:17,19.3500,298,2
2026-01-23,601012,13:23:20,19.3500,137,2
2026-01-23,601012,13:23:23,19.3500,151,2
2026-01-23,601012,13:23:26,19.3500,184,2
2026-01-23,601012,13:23:29,19.3500,244,2
2026-01-23,601012,13:23:32,19.3500,131,2
2026-01-23,601012,13:23:35,19.3500,126,2
2026-01-23,601012,13:23:38,19.3500,474,2
2026-01-23,601012,13:23:41,19.3500,186,2
2026-01-23,601012,13:23:44,19.3500,133,2
2026-01-23,601012,13:23:47,19.3500,325,2
2026-01-23,601012,13:23:50,19.3500,214,2
2026-01-23,601012,13:23:53,19.3500,220,2
2026-01-23,601012,13:23:56,19.3500,79,2
2026-01-23,601012,13:23:59,19.3500,189,2
2026-01-23,601012,13:24:02,19.3500,406,2
2026-01-23,601012,13:24:05,19.3500,628,2
2026-01-23,601012,13:24:08,19.3500,110,2
2026-01-23,601012,13:24:11,19.3500,184,2
2026-01-23,601012,13:24:14,19.3500,244,2
2026-01-23,601012,13:24:17,19.3500,284,2
2026-01-23,601012,13:24:20,19.3500,414,2
2026-01-23,601012,13:24:23,19.3500,284,2
2026-01-23,601012,13:24:26,19.3500,153,2
2026-01-23,601012,13:24:29,19.3500,81,2
2026-01-23,601012,13:24:32,19.3500,322,2
2026-01-23,601012,13:24:35,19.3500,356,2
2026-01-23,601012,13:24:38,19.3500,443,2
2026-01-23,601012,13:24:41,19.3500,269,2
2026-01-23,601012,13:24:44,19.3500,168,2
2026-01-23,601012,13:24:47,19.3500,147,2
2026-01-23,601012,13:24:50,19.3500,178,2
2026-01-23,601012,13:24:53,19.3500,257,2
2026-01-23,601012,13:24:56,19.3500,595,2
2026-01-23,601012,13:24:59,19.3500,256,2
2026-01-23,601012,13:25:02,19.3500,280,2
2026-01-23,601012,13:25:05,19.3500,100,2
2026-01-23,601012,13:25:08,19.3500,125,2
2026-01-23,601012,13:25:11,19.3500,449,2
2026-01-23,601012,13:25:14,19.3500,704,2
2026-01-23,601012,13:25:17,19.3500,261,2
2026-01-23,601012,13:25:20,19.3500,144,2
2026-01-23,601012,13:25:23,19.3500,195,2
2026-01-23,601012,13:25:26,19.3500,301,2
2026-01-23,601012,13:25:29,19.3500,378,2
2026-01-23,601012,13:25:32,19.3500,151,2
2026-01-23,601012,13:25:35,19.3500,234,2
2026-01-23,601012,13:25:38,19.3500,159,2
2026-01-23,601012,13:25:41,19.3500,131,2
2026-01-23,601012,13:25:44,19.3500,482,2
2026-01-23,601012,13:25:47,19.3500,679,2
2026-01-23,601012,13:25:50,19.3500,428,2
2026-01-23,601012,13:25:53,19.3500,120,2
2026-01-23,601012,13:25:56,19.3500,97,2
2026-01-23,601012,13:25:59,19.3500,404,2
2026-01-23,601012,13:26:02,19.3500,666,2
2026-01-23,601012,13:26:05,19.3500,174,2
2026-01-23,601012,13:26:08,19.3500,276,2
2026-01-23,601012,13:26:11,19.3500,454,2
2026-01-23,601012,13:26:14,19.3500,2708,2
2026-01-23,601012,13:26:17,19.3500,274,2
2026-01-23,601012,13:26:20,19.3500,108,2
2026-01-23,601012,13:26:23,19.3500,493,2
2026-01-23,601012,13:26:26,19.3500,350,2
2026-01-23,601012,13:26:29,19.3500,452,2
2026-01-23,601012,13:26:32,19.3500,232,2
2026-01-23,601012,13:26:35,19.3500,123,2
2026-01-23,601012,13:26:38,19.3500,246,2
2026-01-23,601012,13:26:41,19.3500,502,2
2026-01-23,601012,13:26:44,19.3500,109,2
2026-01-23,601012,13:26:47,19.3500,136,2
2026-01-23,601012,13:26:50,19.3500,165,2
2026-01-23,601012,13:26:53,19.3500,253,2
2026-01-23,601012,13:26:56,19.3500,219,2
2026-01-23,601012,13:26:59,19.3500,267,2
2026-01-23,601012,13:27:02,19.3500,170,2
2026-01-23,601012,13:27:05,19.3500,265,2
2026-01-23,601012,13:27:08,19.3500,183,2
2026-01-23,601012,13:27:11,19.3500,154,2
2026-01-23,601012,13:27:14,19.3500,147,2
2026-01-23,601012,13:27:17,19.3500,350,2
2026-01-23,601012,13:27:20,19.3500,182,2
2026-01-23,601012,13:27:23,19.3500,177,2
2026-01-23,601012,13:27:26,19.3500,96,2
2026-01-23,601012,13:27:29,19.3500,296,2
2026-01-23,601012,13:27:32,19.3500,91,2
2026-01-23,601012,13:27:35,19.3500,689,2
2026-01-23,601012,13:27:38,19.3500,249,2
2026-01-23,601012,13:27:41,19.3500,192,2
2026-01-23,601012,13:27:44,19.3500,280,2
2026-01-23,601012,13:27:47,19.3500,331,2
2026-01-23,601012,13:27:50,19.3500,346,2
2026-01-23,601012,13:27:53,19.3500,653,2
2026-01-23,601012,13:27:56,19.3500,308,2
2026-01-23,601012,13:27:59,19.3500,224,2
2026-01-23,601012,13:28:02,19.3500,137,2
2026-01-23,601012,13:28:05,19.3500,335,2
2026-01-23,601012,13:28:08,19.3500,96,2
2026-01-23,601012,13:28:11,19.3500,108,2
2026-01-23,601012,13:28:14,19.3500,241,2
2026-01-23,601012,13:28:17,19.3500,283,2
2026-01-23,601012,13:28:20,19.3500,123,2
2026-01-23,601012,13:28:23,19.3500,244,2
2026-01-23,601012,13:28:26,19.3500,238,2
2026-01-23,601012,13:28:29,19.3500,340,2
2026-01-23,601012,13:28:32,19.3500,269,2
2026-01-23,601012,13:28:35,19.3500,153,2
2026-01-23,601012,13:28:38,19.3500,163,2
2026-01-23,601012,13:28:41,19.3500,134,2
2026-01-23,601012,13:28:44,19.3500,275,2
2026-01-23,601012,13:28:47,19.3500,421,2
2026-01-23,601012,13:28:50,19.3500,227,2
2026-01-23,601012,13:28:53,19.3500,380,2
2026-01-23,601012,13:28:56,19.3500,477,2
2026-01-23,601012,13:28:59,19.3500,205,2
2026-01-23,601012,13:29:02,19.3500,206,2
2026-01-23,601012,13:29:05,19.3500,692,2
2026-01-23,601012,13:29:08,19.3500,560,2
2026-01-23,601012,13:29:11,19.3500,557,2
2026-01-23,601012,13:29:14,19.3500,225,2
2026-01-23,601012,13:29:17,19.3500,553,2
2026-01-23,601012,13:29:20,19.3500,505,2
2026-01-23,601012,13:29:23,19.3500,358,2
2026-01-23,601012,13:29:26,19.3500,128,2
2026-01-23,601012,13:29:29,19.3500,155,2
2026-01-23,601012,13:29:32,19.3500,269,2
2026-01-23,601012,13:29:35,19.3500,404,2
2026-01-23,601012,13:29:38,19.3500,84,2
2026-01-23,601012,13:29:42,19.3500,538,2
2026-01-23,601012,13:29:44,19.3500,147,2
2026-01-23,601012,13:29:47,19.3500,119,2
2026-01-23,601012,13:29:50,19.3500,90,2
2026-01-23,601012,13:29:53,19.3500,345,2
2026-01-23,601012,13:29:56,19.3500,87,2
2026-01-23,601012,13:29:59,19.3500,226,2
2026-01-23,601012,13:30:02,19.3500,255,2
2026-01-23,601012,13:30:06,19.3500,113,2
2026-01-23,601012,13:30:08,19.3500,310,2
2026-01-23,601012,13:30:11,19.3500,262,2
2026-01-23,601012,13:30:14,19.3500,281,2
2026-01-23,601012,13:30:17,19.3500,59,2
2026-01-23,601012,13:30:20,19.3500,46,2
2026-01-23,601012,13:30:23,19.3500,221,2
2026-01-23,601012,13:30:26,19.3500,118,2
2026-01-23,601012,13:30:29,19.3500,236,2
2026-01-23,601012,13:30:32,19.3500,297,2
2026-01-23,601012,13:30:35,19.3500,515,2
2026-01-23,601012,13:30:38,19.3500,332,2
2026-01-23,601012,13:30:41,19.3500,179,2
2026-01-23,601012,13:30:44,19.3500,376,2
2026-01-23,601012,13:30:47,19.3500,148,2
2026-01-23,601012,13:30:50,19.3500,177,2
2026-01-23,601012,13:30:53,19.3500,134,2
2026-01-23,601012,13:30:56,19.3500,148,2
2026-01-23,601012,13:30:59,19.3500,148,2
2026-01-23,601012,13:31:02,19.3500,193,2
2026-01-23,601012,13:31:05,19.3500,166,2
2026-01-23,601012,13:31:08,19.3500,135,2
2026-01-23,601012,13:31:11,19.3500,585,2
2026-01-23,601012,13:31:14,19.3500,49,2
2026-01-23,601012,13:31:17,19.3500,234,2
2026-01-23,601012,13:31:20,19.3500,121,2
2026-01-23,601012,13:31:23,19.3500,292,2
2026-01-23,601012,13:31:26,19.3500,81,2
2026-01-23,601012,13:31:29,19.3500,205,2
2026-01-23,601012,13:31:32,19.3500,33,2
2026-01-23,601012,13:31:35,19.3500,96,2
2026-01-23,601012,13:31:38,19.3500,150,2
2026-01-23,601012,13:31:41,19.3500,109,2
2026-01-23,601012,13:31:44,19.3500,159,2
2026-01-23,601012,13:31:47,19.3500,154,2
2026-01-23,601012,13:31:50,19.3500,678,2
2026-01-23,601012,13:31:53,19.3500,237,2
2026-01-23,601012,13:31:56,19.3500,431,2
2026-01-23,601012,13:31:59,19.3500,1236,2
2026-01-23,601012,13:32:02,19.3500,66,2
2026-01-23,601012,13:32:05,19.3500,123,2
2026-01-23,601012,13:32:08,19.3500,429,2
2026-01-23,601012,13:32:11,19.3500,235,2
2026-01-23,601012,13:32:14,19.3500,1130,2
2026-01-23,601012,13:32:17,19.3500,147,2
2026-01-23,601012,13:32:20,19.3500,131,2
2026-01-23,601012,13:32:23,19.3500,723,2
2026-01-23,601012,13:32:26,19.3500,101,2
2026-01-23,601012,13:32:29,19.3500,164,2
2026-01-23,601012,13:32:32,19.3500,45,2
2026-01-23,601012,13:32:35,19.3500,180,2
2026-01-23,601012,13:32:38,19.3500,138,2
2026-01-23,601012,13:32:41,19.3500,110,2
2026-01-23,601012,13:32:44,19.3500,386,2
2026-01-23,601012,13:32:47,19.3500,147,2
2026-01-23,601012,13:32:50,19.3500,309,2
2026-01-23,601012,13:32:53,19.3500,36,2
2026-01-23,601012,13:32:56,19.3500,704,2
2026-01-23,601012,13:32:59,19.3500,99,2
2026-01-23,601012,13:33:02,19.3500,250,2
2026-01-23,601012,13:33:05,19.3500,103,2
2026-01-23,601012,13:33:08,19.3500,487,2
2026-01-23,601012,13:33:11,19.3500,55,2
2026-01-23,601012,13:33:14,19.3500,119,2
2026-01-23,601012,13:33:17,19.3500,98,2
2026-01-23,601012,13:33:20,19.3500,58,2
2026-01-23,601012,13:33:23,19.3500,374,2
2026-01-23,601012,13:33:26,19.3500,157,2
2026-01-23,601012,13:33:29,19.3500,599,2
2026-01-23,601012,13:33:32,19.3500,391,2
2026-01-23,601012,13:33:35,19.3500,200,2
2026-01-23,601012,13:33:38,19.3500,111,2
2026-01-23,601012,13:33:41,19.3500,112,2
2026-01-23,601012,13:33:44,19.3500,102,2
2026-01-23,601012,13:33:47,19.3500,41,2
2026-01-23,601012,13:33:50,19.3500,54,2
2026-01-23,601012,13:33:53,19.3500,540,2
2026-01-23,601012,13:33:56,19.3500,139,2
2026-01-23,601012,13:33:59,19.3500,166,2
2026-01-23,601012,13:34:02,19.3500,168,2
2026-01-23,601012,13:34:05,19.3500,344,2
2026-01-23,601012,13:34:08,19.3500,174,2
2026-01-23,601012,13:34:11,19.3500,79,2
2026-01-23,601012,13:34:14,19.3500,200,2
2026-01-23,601012,13:34:17,19.3500,98,2
2026-01-23,601012,13:34:20,19.3500,79,2
2026-01-23,601012,13:34:23,19.3500,563,2
2026-01-23,601012,13:34:26,19.3500,156,2
2026-01-23,601012,13:34:29,19.3500,140,2
2026-01-23,601012,13:34:32,19.3500,86,2
2026-01-23,601012,13:34:35,19.3500,144,2
2026-01-23,601012,13:34:38,19.3500,41,2
2026-01-23,601012,13:34:41,19.3500,152,2
2026-01-23,601012,13:34:44,19.3500,74,2
2026-01-23,601012,13:34:47,19.3500,874,2
2026-01-23,601012,13:34:50,19.3500,156,2
2026-01-23,601012,13:34:53,19.3500,264,2
2026-01-23,601012,13:34:56,19.3500,317,2
2026-01-23,601012,13:34:59,19.3500,280,2
2026-01-23,601012,13:35:02,19.3500,98,2
2026-01-23,601012,13:35:05,19.3500,99,2
2026-01-23,601012,13:35:08,19.3500,218,2
2026-01-23,601012,13:35:11,19.3500,75,2
2026-01-23,601012,13:35:14,19.3500,178,2
2026-01-23,601012,13:35:17,19.3500,126,2
2026-01-23,601012,13:35:20,19.3500,375,2
2026-01-23,601012,13:35:23,19.3500,250,2
2026-01-23,601012,13:35:26,19.3500,525,2
2026-01-23,601012,13:35:29,19.3500,208,2
2026-01-23,601012,13:35:32,19.3500,137,2
2026-01-23,601012,13:35:35,19.3500,288,2
2026-01-23,601012,13:35:38,19.3500,174,2
2026-01-23,601012,13:35:41,19.3500,252,2
2026-01-23,601012,13:35:44,19.3500,126,2
2026-01-23,601012,13:35:47,19.3500,135,2
2026-01-23,601012,13:35:50,19.3500,47,2
2026-01-23,601012,13:35:53,19.3500,860,2
2026-01-23,601012,13:35:56,19.3500,294,2
2026-01-23,601012,13:35:59,19.3500,259,2
2026-01-23,601012,13:36:02,19.3500,632,2
2026-01-23,601012,13:36:05,19.3500,90,2
2026-01-23,601012,13:36:08,19.3500,54,2
2026-01-23,601012,13:36:11,19.3500,101,2
2026-01-23,601012,13:36:14,19.3500,35,2
2026-01-23,601012,13:36:17,19.3500,79,2
2026-01-23,601012,13:36:20,19.3500,59,2
2026-01-23,601012,13:36:23,19.3500,121,2
2026-01-23,601012,13:36:26,19.3500,97,2
2026-01-23,601012,13:36:29,19.3500,169,2
2026-01-23,601012,13:36:32,19.3500,28,2
2026-01-23,601012,13:36:35,19.3500,36,2
2026-01-23,601012,13:36:38,19.3500,77,2
2026-01-23,601012,13:36:41,19.3500,163,2
2026-01-23,601012,13:36:44,19.3500,178,2
2026-01-23,601012,13:36:47,19.3500,68,2
2026-01-23,601012,13:36:50,19.3500,138,2
2026-01-23,601012,13:36:53,19.3500,85,2
2026-01-23,601012,13:36:56,19.3500,889,2
2026-01-23,601012,13:36:59,19.3500,31,2
2026-01-23,601012,13:37:02,19.3500,252,2
2026-01-23,601012,13:37:05,19.3500,59,2
2026-01-23,601012,13:37:08,19.3500,79,2
2026-01-23,601012,13:37:11,19.3500,79,2
2026-01-23,601012,13:37:14,19.3500,103,2
2026-01-23,601012,13:37:17,19.3500,120,2
2026-01-23,601012,13:37:20,19.3500,156,2
2026-01-23,601012,13:37:23,19.3500,136,2
2026-01-23,601012,13:37:26,19.3500,171,2
2026-01-23,601012,13:37:29,19.3500,116,2
2026-01-23,601012,13:37:32,19.3500,494,2
2026-01-23,601012,13:37:35,19.3500,35,2
2026-01-23,601012,13:37:38,19.3500,42,2
2026-01-23,601012,13:37:41,19.3500,172,2
2026-01-23,601012,13:37:44,19.3500,50,2
2026-01-23,601012,13:37:47,19.3500,214,2
2026-01-23,601012,13:37:50,19.3500,91,2
2026-01-23,601012,13:37:53,19.3500,131,2
2026-01-23,601012,13:37:56,19.3500,190,2
2026-01-23,601012,13:37:59,19.3500,369,2
2026-01-23,601012,13:38:02,19.3500,205,2
2026-01-23,601012,13:38:05,19.3500,164,2
2026-01-23,601012,13:38:08,19.3500,54,2
2026-01-23,601012,13:38:11,19.3500,61,2
2026-01-23,601012,13:38:14,19.3500,174,2
2026-01-23,601012,13:38:17,19.3500,5201,2
2026-01-23,601012,13:38:20,19.3500,112,2
2026-01-23,601012,13:38:23,19.3500,79,2
2026-01-23,601012,13:38:26,19.3500,64,2
2026-01-23,601012,13:38:29,19.3500,115,2
2026-01-23,601012,13:38:32,19.3500,51,2
2026-01-23,601012,13:38:35,19.3500,338,2
2026-01-23,601012,13:38:38,19.3500,45,2
2026-01-23,601012,13:38:41,19.3500,120,2
2026-01-23,601012,13:38:44,19.3500,53,2
2026-01-23,601012,13:38:47,19.3500,112,2
2026-01-23,601012,13:38:50,19.3500,53,2
2026-01-23,601012,13:38:53,19.3500,190,2
2026-01-23,601012,13:38:56,19.3500,27,2
2026-01-23,601012,13:38:59,19.3500,285,2
2026-01-23,601012,13:39:02,19.3500,94,2
2026-01-23,601012,13:39:05,19.3500,56,2
2026-01-23,601012,13:39:08,19.3500,224,2
2026-01-23,601012,13:39:11,19.3500,195,2
2026-01-23,601012,13:39:14,19.3500,40,2
2026-01-23,601012,13:39:17,19.3500,199,2
2026-01-23,601012,13:39:20,19.3500,184,2
2026-01-23,601012,13:39:23,19.3500,138,2
2026-01-23,601012,13:39:26,19.3500,390,2
2026-01-23,601012,13:39:29,19.3500,97,2
2026-01-23,601012,13:39:32,19.3500,257,2
2026-01-23,601012,13:39:35,19.3500,70,2
2026-01-23,601012,13:39:38,19.3500,58,2
2026-01-23,601012,13:39:41,19.3500,271,2
2026-01-23,601012,13:39:44,19.3500,117,2
2026-01-23,601012,13:39:47,19.3500,27,2
2026-01-23,601012,13:39:50,19.3500,81,2
2026-01-23,601012,13:39:53,19.3500,118,2
2026-01-23,601012,13:39:56,19.3500,104,2
2026-01-23,601012,13:39:59,19.3500,249,2
2026-01-23,601012,13:40:02,19.3500,90,2
2026-01-23,601012,13:40:05,19.3500,48,2
2026-01-23,601012,13:40:08,19.3500,166,2
2026-01-23,601012,13:40:11,19.3500,329,2
2026-01-23,601012,13:40:14,19.3500,84,2
2026-01-23,601012,13:40:17,19.3500,73,2
2026-01-23,601012,13:40:20,19.3500,222,2
2026-01-23,601012,13:40:23,19.3500,298,2
2026-01-23,601012,13:40:26,19.3500,140,2
2026-01-23,601012,13:40:29,19.3500,215,2
2026-01-23,601012,13:40:32,19.3500,94,2
2026-01-23,601012,13:40:35,19.3500,138,2
2026-01-23,601012,13:40:38,19.3500,70,2
2026-01-23,601012,13:40:41,19.3500,33,2
2026-01-23,601012,13:40:44,19.3500,56,2
2026-01-23,601012,13:40:47,19.3500,105,2
2026-01-23,601012,13:40:50,19.3500,64,2
2026-01-23,601012,13:40:53,19.3500,35,2
2026-01-23,601012,13:40:56,19.3500,288,2
2026-01-23,601012,13:40:59,19.3500,58,2
2026-01-23,601012,13:41:02,19.3500,193,2
2026-01-23,601012,13:41:05,19.3500,110,2
2026-01-23,601012,13:41:08,19.3500,66,2
2026-01-23,601012,13:41:11,19.3500,122,2
2026-01-23,601012,13:41:14,19.3500,319,2
2026-01-23,601012,13:41:17,19.3500,52,2
2026-01-23,601012,13:41:20,19.3500,93,2
2026-01-23,601012,13:41:23,19.3500,506,2
2026-01-23,601012,13:41:26,19.3500,388,2
2026-01-23,601012,13:41:29,19.3500,103,2
2026-01-23,601012,13:41:32,19.3500,94,2
2026-01-23,601012,13:41:35,19.3500,80,2
2026-01-23,601012,13:41:38,19.3500,184,2
2026-01-23,601012,13:41:41,19.3500,185,2
2026-01-23,601012,13:41:44,19.3500,133,2
2026-01-23,601012,13:41:47,19.3500,64,2
2026-01-23,601012,13:41:50,19.3500,128,2
2026-01-23,601012,13:41:53,19.3500,151,2
2026-01-23,601012,13:41:56,19.3500,110,2
2026-01-23,601012,13:41:59,19.3500,52,2
2026-01-23,601012,13:42:02,19.3500,269,2
2026-01-23,601012,13:42:05,19.3500,560,2
2026-01-23,601012,13:42:08,19.3500,183,2
2026-01-23,601012,13:42:11,19.3500,369,2
2026-01-23,601012,13:42:14,19.3500,197,2
2026-01-23,601012,13:42:17,19.3500,74,2
2026-01-23,601012,13:42:20,19.3500,17,2
2026-01-23,601012,13:42:23,19.3500,1187,2
2026-01-23,601012,13:42:26,19.3500,393,2
2026-01-23,601012,13:42:29,19.3500,270,2
2026-01-23,601012,13:42:32,19.3500,67,2
2026-01-23,601012,13:42:35,19.3500,141,2
2026-01-23,601012,13:42:38,19.3500,152,2
2026-01-23,601012,13:42:41,19.3500,186,2
2026-01-23,601012,13:42:44,19.3500,147,2
2026-01-23,601012,13:42:47,19.3500,187,2
2026-01-23,601012,13:42:50,19.3500,205,2
2026-01-23,601012,13:42:53,19.3500,100,2
2026-01-23,601012,13:42:56,19.3500,240,2
2026-01-23,601012,13:42:59,19.3500,308,2
2026-01-23,601012,13:43:02,19.3500,116,2
2026-01-23,601012,13:43:05,19.3500,140,2
2026-01-23,601012,13:43:08,19.3500,124,2
2026-01-23,601012,13:43:11,19.3500,299,2
2026-01-23,601012,13:43:14,19.3500,332,2
2026-01-23,601012,13:43:17,19.3500,67,2
2026-01-23,601012,13:43:20,19.3500,411,2
2026-01-23,601012,13:43:23,19.3500,392,2
2026-01-23,601012,13:43:26,19.3500,117,2
2026-01-23,601012,13:43:29,19.3500,144,2
2026-01-23,601012,13:43:32,19.3500,49,2
2026-01-23,601012,13:43:35,19.3500,563,2
2026-01-23,601012,13:43:38,19.3500,92,2
2026-01-23,601012,13:43:41,19.3500,244,2
2026-01-23,601012,13:43:44,19.3500,104,2
2026-01-23,601012,13:43:47,19.3500,250,2
2026-01-23,601012,13:43:50,19.3500,85,2
2026-01-23,601012,13:43:53,19.3500,214,2
2026-01-23,601012,13:43:56,19.3500,128,2
2026-01-23,601012,13:43:59,19.3500,88,2
2026-01-23,601012,13:44:02,19.3500,96,2
2026-01-23,601012,13:44:05,19.3500,330,2
2026-01-23,601012,13:44:08,19.3500,84,2
2026-01-23,601012,13:44:11,19.3500,98,2
2026-01-23,601012,13:44:14,19.3500,124,2
2026-01-23,601012,13:44:17,19.3500,28,2
2026-01-23,601012,13:44:20,19.3500,38,2
2026-01-23,601012,13:44:23,19.3500,84,2
2026-01-23,601012,13:44:26,19.3500,151,2
2026-01-23,601012,13:44:29,19.3500,194,2
2026-01-23,601012,13:44:32,19.3500,105,2
2026-01-23,601012,13:44:35,19.3500,177,2
2026-01-23,601012,13:44:38,19.3500,172,2
2026-01-23,601012,13:44:41,19.3500,127,2
2026-01-23,601012,13:44:44,19.3500,147,2
2026-01-23,601012,13:44:47,19.3500,122,2
2026-01-23,601012,13:44:50,19.3500,70,2
2026-01-23,601012,13:44:53,19.3500,248,2
2026-01-23,601012,13:44:56,19.3500,75,2
2026-01-23,601012,13:44:59,19.3500,60,2
2026-01-23,601012,13:45:02,19.3500,205,2
2026-01-23,601012,13:45:05,19.3500,87,2
2026-01-23,601012,13:45:08,19.3500,501,2
2026-01-23,601012,13:45:11,19.3500,162,2
2026-01-23,601012,13:45:14,19.3500,217,2
2026-01-23,601012,13:45:17,19.3500,212,2
2026-01-23,601012,13:45:20,19.3500,95,2
2026-01-23,601012,13:45:23,19.3500,176,2
2026-01-23,601012,13:45:26,19.3500,190,2
2026-01-23,601012,13:45:29,19.3500,100,2
2026-01-23,601012,13:45:32,19.3500,307,2
2026-01-23,601012,13:45:35,19.3500,116,2
2026-01-23,601012,13:45:38,19.3500,191,2
2026-01-23,601012,13:45:41,19.3500,99,2
2026-01-23,601012,13:45:44,19.3500,137,2
2026-01-23,601012,13:45:47,19.3500,61,2
2026-01-23,601012,13:45:50,19.3500,64,2
2026-01-23,601012,13:45:53,19.3500,47,2
2026-01-23,601012,13:45:56,19.3500,261,2
2026-01-23,601012,13:45:59,19.3500,175,2
2026-01-23,601012,13:46:02,19.3500,243,2
2026-01-23,601012,13:46:05,19.3500,409,2
2026-01-23,601012,13:46:08,19.3500,82,2
2026-01-23,601012,13:46:11,19.3500,124,2
2026-01-23,601012,13:46:14,19.3500,71,2
2026-01-23,601012,13:46:17,19.3500,50,2
2026-01-23,601012,13:46:20,19.3500,404,2
2026-01-23,601012,13:46:23,19.3500,343,2
2026-01-23,601012,13:46:26,19.3500,327,2
2026-01-23,601012,13:46:29,19.3500,230,2
2026-01-23,601012,13:46:32,19.3500,73,2
2026-01-23,601012,13:46:35,19.3500,255,2
2026-01-23,601012,13:46:38,19.3500,79,2
2026-01-23,601012,13:46:41,19.3500,75,2
2026-01-23,601012,13:46:44,19.3500,103,2
2026-01-23,601012,13:46:47,19.3500,306,2
2026-01-23,601012,13:46:50,19.3500,696,2
2026-01-23,601012,13:46:53,19.3500,108,2
2026-01-23,601012,13:46:56,19.3500,177,2
2026-01-23,601012,13:46:59,19.3500,105,2
2026-01-23,601012,13:47:02,19.3500,65,2
2026-01-23,601012,13:47:05,19.3500,170,2
2026-01-23,601012,13:47:08,19.3500,27,2
2026-01-23,601012,13:47:11,19.3500,90,2
2026-01-23,601012,13:47:14,19.3500,55,2
2026-01-23,601012,13:47:17,19.3500,50,2
2026-01-23,601012,13:47:20,19.3500,160,2
2026-01-23,601012,13:47:23,19.3500,45,2
2026-01-23,601012,13:47:26,19.3500,178,2
2026-01-23,601012,13:47:29,19.3500,46,2
2026-01-23,601012,13:47:32,19.3500,164,2
2026-01-23,601012,13:47:35,19.3500,252,2
2026-01-23,601012,13:47:38,19.3500,55,2
2026-01-23,601012,13:47:41,19.3500,47,2
2026-01-23,601012,13:47:44,19.3500,224,2
2026-01-23,601012,13:47:47,19.3500,106,2
2026-01-23,601012,13:47:50,19.3500,38,2
2026-01-23,601012,13:47:53,19.3500,54,2
2026-01-23,601012,13:47:56,19.3500,160,2
2026-01-23,601012,13:47:59,19.3500,55,2
2026-01-23,601012,13:48:02,19.3500,86,2
2026-01-23,601012,13:48:05,19.3500,215,2
2026-01-23,601012,13:48:08,19.3500,82,2
2026-01-23,601012,13:48:11,19.3500,171,2
2026-01-23,601012,13:48:14,19.3500,308,2
2026-01-23,601012,13:48:17,19.3500,72,2
2026-01-23,601012,13:48:20,19.3500,98,2
2026-01-23,601012,13:48:23,19.3500,207,2
2026-01-23,601012,13:48:26,19.3500,291,2
2026-01-23,601012,13:48:29,19.3500,367,2
2026-01-23,601012,13:48:32,19.3500,155,2
2026-01-23,601012,13:48:35,19.3500,61,2
2026-01-23,601012,13:48:38,19.3500,31,2
2026-01-23,601012,13:48:41,19.3500,132,2
2026-01-23,601012,13:48:44,19.3500,138,2
2026-01-23,601012,13:48:47,19.3500,68,2
2026-01-23,601012,13:48:50,19.3500,308,2
2026-01-23,601012,13:48:53,19.3500,304,2
2026-01-23,601012,13:48:56,19.3500,42,2
2026-01-23,601012,13:48:59,19.3500,352,2
2026-01-23,601012,13:49:02,19.3500,53,2
2026-01-23,601012,13:49:05,19.3500,52,2
2026-01-23,601012,13:49:08,19.3500,163,2
2026-01-23,601012,13:49:11,19.3500,160,2
2026-01-23,601012,13:49:14,19.3500,49,2
2026-01-23,601012,13:49:17,19.3500,48,2
2026-01-23,601012,13:49:20,19.3500,199,2
2026-01-23,601012,13:49:23,19.3500,156,2
2026-01-23,601012,13:49:26,19.3500,552,2
2026-01-23,601012,13:49:29,19.3500,195,2
2026-01-23,601012,13:49:32,19.3500,362,2
2026-01-23,601012,13:49:35,19.3500,115,2
2026-01-23,601012,13:49:38,19.3500,148,2
2026-01-23,601012,13:49:41,19.3500,187,2
2026-01-23,601012,13:49:44,19.3500,128,2
2026-01-23,601012,13:49:47,19.3500,366,2
2026-01-23,601012,13:49:50,19.3500,333,2
2026-01-23,601012,13:49:53,19.3500,74,2
2026-01-23,601012,13:49:56,19.3500,74,2
2026-01-23,601012,13:49:59,19.3500,84,2
2026-01-23,601012,13:50:02,19.3500,178,2
2026-01-23,601012,13:50:05,19.3500,32,2
2026-01-23,601012,13:50:08,19.3500,98,2
2026-01-23,601012,13:50:11,19.3500,75,2
2026-01-23,601012,13:50:14,19.3500,128,2
2026-01-23,601012,13:50:17,19.3500,72,2
2026-01-23,601012,13:50:20,19.3500,167,2
2026-01-23,601012,13:50:23,19.3500,257,2
2026-01-23,601012,13:50:26,19.3500,64,2
2026-01-23,601012,13:50:29,19.3500,170,2
2026-01-23,601012,13:50:32,19.3500,74,2
2026-01-23,601012,13:50:35,19.3500,55,2
2026-01-23,601012,13:50:38,19.3500,94,2
2026-01-23,601012,13:50:41,19.3500,674,2
2026-01-23,601012,13:50:44,19.3500,319,2
2026-01-23,601012,13:50:47,19.3500,75,2
2026-01-23,601012,13:50:50,19.3500,43,2
2026-01-23,601012,13:50:53,19.3500,80,2
2026-01-23,601012,13:50:56,19.3500,140,2
2026-01-23,601012,13:50:59,19.3500,202,2
2026-01-23,601012,13:51:02,19.3500,83,2
2026-01-23,601012,13:51:05,19.3500,77,2
2026-01-23,601012,13:51:08,19.3500,159,2
2026-01-23,601012,13:51:11,19.3500,42,2
2026-01-23,601012,13:51:14,19.3500,80,2
2026-01-23,601012,13:51:17,19.3500,39,2
2026-01-23,601012,13:51:20,19.3500,88,2
2026-01-23,601012,13:51:23,19.3500,105,2
2026-01-23,601012,13:51:26,19.3500,70,2
2026-01-23,601012,13:51:29,19.3500,99,2
2026-01-23,601012,13:51:32,19.3500,78,2
2026-01-23,601012,13:51:35,19.3500,32,2
2026-01-23,601012,13:51:38,19.3500,177,2
2026-01-23,601012,13:51:41,19.3500,67,2
2026-01-23,601012,13:51:44,19.3500,391,2
2026-01-23,601012,13:51:47,19.3500,89,2
2026-01-23,601012,13:51:50,19.3500,33,2
2026-01-23,601012,13:51:53,19.3500,138,2
2026-01-23,601012,13:51:56,19.3500,60,2
2026-01-23,601012,13:51:59,19.3500,92,2
2026-01-23,601012,13:52:02,19.3500,51,2
2026-01-23,601012,13:52:05,19.3500,134,2
2026-01-23,601012,13:52:08,19.3500,134,2
2026-01-23,601012,13:52:11,19.3500,174,2
2026-01-23,601012,13:52:14,19.3500,137,2
2026-01-23,601012,13:52:17,19.3500,483,2
2026-01-23,601012,13:52:20,19.3500,63,2
2026-01-23,601012,13:52:23,19.3500,52,2
2026-01-23,601012,13:52:26,19.3500,11,2
2026-01-23,601012,13:52:29,19.3500,115,2
2026-01-23,601012,13:52:32,19.3500,81,2
2026-01-23,601012,13:52:35,19.3500,21,2
2026-01-23,601012,13:52:38,19.3500,67,2
2026-01-23,601012,13:52:41,19.3500,562,2
2026-01-23,601012,13:52:44,19.3500,113,2
2026-01-23,601012,13:52:47,19.3500,97,2
2026-01-23,601012,13:52:50,19.3500,158,2
2026-01-23,601012,13:52:53,19.3500,81,2
2026-01-23,601012,13:52:56,19.3500,244,2
2026-01-23,601012,13:52:59,19.3500,115,2
2026-01-23,601012,13:53:02,19.3500,26,2
2026-01-23,601012,13:53:05,19.3500,121,2
2026-01-23,601012,13:53:08,19.3500,106,2
2026-01-23,601012,13:53:11,19.3500,34,2
2026-01-23,601012,13:53:14,19.3500,42,2
2026-01-23,601012,13:53:17,19.3500,84,2
2026-01-23,601012,13:53:20,19.3500,87,2
2026-01-23,601012,13:53:23,19.3500,135,2
2026-01-23,601012,13:53:26,19.3500,243,2
2026-01-23,601012,13:53:29,19.3500,61,2
2026-01-23,601012,13:53:32,19.3500,76,2
2026-01-23,601012,13:53:35,19.3500,86,2
2026-01-23,601012,13:53:38,19.3500,159,2
2026-01-23,601012,13:53:41,19.3500,48,2
2026-01-23,601012,13:53:44,19.3500,398,2
2026-01-23,601012,13:53:47,19.3500,28,2
2026-01-23,601012,13:53:50,19.3500,72,2
2026-01-23,601012,13:53:53,19.3500,177,2
2026-01-23,601012,13:53:56,19.3500,162,2
2026-01-23,601012,13:53:59,19.3500,77,2
2026-01-23,601012,13:54:02,19.3500,53,2
2026-01-23,601012,13:54:05,19.3500,142,2
2026-01-23,601012,13:54:08,19.3500,141,2
2026-01-23,601012,13:54:11,19.3500,487,2
2026-01-23,601012,13:54:14,19.3500,36,2
2026-01-23,601012,13:54:17,19.3500,318,2
2026-01-23,601012,13:54:20,19.3500,112,2
2026-01-23,601012,13:54:23,19.3500,74,2
2026-01-23,601012,13:54:26,19.3500,246,2
2026-01-23,601012,13:54:29,19.3500,26,2
2026-01-23,601012,13:54:32,19.3500,115,2
2026-01-23,601012,13:54:36,19.3500,63,2
2026-01-23,601012,13:54:38,19.3500,43,2
2026-01-23,601012,13:54:41,19.3500,78,2
2026-01-23,601012,13:54:44,19.3500,135,2
2026-01-23,601012,13:54:47,19.3500,123,2
2026-01-23,601012,13:54:50,19.3500,154,2
2026-01-23,601012,13:54:53,19.3500,102,2
2026-01-23,601012,13:54:56,19.3500,237,2
2026-01-23,601012,13:54:59,19.3500,94,2
2026-01-23,601012,13:55:02,19.3500,174,2
2026-01-23,601012,13:55:05,19.3500,95,2
2026-01-23,601012,13:55:08,19.3500,46,2
2026-01-23,601012,13:55:11,19.3500,28,2
2026-01-23,601012,13:55:14,19.3500,43,2
2026-01-23,601012,13:55:17,19.3500,41,2
2026-01-23,601012,13:55:20,19.3500,123,2
2026-01-23,601012,13:55:23,19.3500,42,2
2026-01-23,601012,13:55:26,19.3500,102,2
2026-01-23,601012,13:55:29,19.3500,187,2
2026-01-23,601012,13:55:32,19.3500,66,2
2026-01-23,601012,13:55:35,19.3500,165,2
2026-01-23,601012,13:55:38,19.3500,245,2
2026-01-23,601012,13:55:41,19.3500,264,2
2026-01-23,601012,13:55:44,19.3500,68,2
2026-01-23,601012,13:55:47,19.3500,212,2
2026-01-23,601012,13:55:50,19.3500,56,2
2026-01-23,601012,13:55:53,19.3500,165,2
2026-01-23,601012,13:55:56,19.3500,283,2
2026-01-23,601012,13:55:59,19.3500,235,2
2026-01-23,601012,13:56:02,19.3500,136,2
2026-01-23,601012,13:56:05,19.3500,31,2
2026-01-23,601012,13:56:08,19.3500,62,2
2026-01-23,601012,13:56:11,19.3500,63,2
2026-01-23,601012,13:56:14,19.3500,85,2
2026-01-23,601012,13:56:17,19.3500,61,2
2026-01-23,601012,13:56:20,19.3500,212,2
2026-01-23,601012,13:56:23,19.3500,434,2
2026-01-23,601012,13:56:26,19.3500,113,2
2026-01-23,601012,13:56:29,19.3500,103,2
2026-01-23,601012,13:56:32,19.3500,150,2
2026-01-23,601012,13:56:35,19.3500,196,2
2026-01-23,601012,13:56:38,19.3500,55,2
2026-01-23,601012,13:56:41,19.3500,56,2
2026-01-23,601012,13:56:44,19.3500,215,2
2026-01-23,601012,13:56:47,19.3500,147,2
2026-01-23,601012,13:56:50,19.3500,149,2
2026-01-23,601012,13:56:53,19.3500,85,2
2026-01-23,601012,13:56:56,19.3500,67,2
2026-01-23,601012,13:56:59,19.3500,95,2
2026-01-23,601012,13:57:02,19.3500,49,2
2026-01-23,601012,13:57:05,19.3500,43,2
2026-01-23,601012,13:57:08,19.3500,53,2
2026-01-23,601012,13:57:11,19.3500,100,2
2026-01-23,601012,13:57:14,19.3500,59,2
2026-01-23,601012,13:57:17,19.3500,94,2
2026-01-23,601012,13:57:20,19.3500,97,2
2026-01-23,601012,13:57:23,19.3500,61,2
2026-01-23,601012,13:57:26,19.3500,338,2
2026-01-23,601012,13:57:29,19.3500,251,2
2026-01-23,601012,13:57:32,19.3500,143,2
2026-01-23,601012,13:57:35,19.3500,119,2
2026-01-23,601012,13:57:38,19.3500,138,2
2026-01-23,601012,13:57:41,19.3500,172,2
2026-01-23,601012,13:57:44,19.3500,149,2
2026-01-23,601012,13:57:47,19.3500,70,2
2026-01-23,601012,13:57:50,19.3500,131,2
2026-01-23,601012,13:57:53,19.3500,70,2
2026-01-23,601012,13:57:56,19.3500,281,2
2026-01-23,601012,13:57:59,19.3500,109,2
2026-01-23,601012,13:58:02,19.3500,78,2
2026-01-23,601012,13:58:05,19.3500,54,2
2026-01-23,601012,13:58:08,19.3500,101,2
2026-01-23,601012,13:58:11,19.3500,51,2
2026-01-23,601012,13:58:14,19.3500,40,2
2026-01-23,601012,13:58:17,19.3500,48,2
2026-01-23,601012,13:58:20,19.3500,36,2
2026-01-23,601012,13:58:23,19.3500,81,2
2026-01-23,601012,13:58:26,19.3500,71,2
2026-01-23,601012,13:58:29,19.3500,24,2
2026-01-23,601012,13:58:32,19.3500,252,2
2026-01-23,601012,13:58:35,19.3500,104,2
2026-01-23,601012,13:58:38,19.3500,166,2
2026-01-23,601012,13:58:41,19.3500,39,2
2026-01-23,601012,13:58:44,19.3500,115,2
2026-01-23,601012,13:58:47,19.3500,57,2
2026-01-23,601012,13:58:50,19.3500,58,2
2026-01-23,601012,13:58:53,19.3500,139,2
2026-01-23,601012,13:58:56,19.3500,19,2
2026-01-23,601012,13:58:59,19.3500,157,2
2026-01-23,601012,13:59:02,19.3500,7,2
2026-01-23,601012,13:59:05,19.3500,98,2
2026-01-23,601012,13:59:08,19.3500,31,2
2026-01-23,601012,13:59:11,19.3500,355,2
2026-01-23,601012,13:59:14,19.3500,162,2
2026-01-23,601012,13:59:17,19.3500,109,2
2026-01-23,601012,13:59:20,19.3500,53,2
2026-01-23,601012,13:59:23,19.3500,101,2
2026-01-23,601012,13:59:26,19.3500,79,2
2026-01-23,601012,13:59:29,19.3500,54,2
2026-01-23,601012,13:59:32,19.3500,72,2
2026-01-23,601012,13:59:35,19.3500,169,2
2026-01-23,601012,13:59:38,19.3500,90,2
2026-01-23,601012,13:59:41,19.3500,71,2
2026-01-23,601012,13:59:44,19.3500,207,2
2026-01-23,601012,13:59:47,19.3500,32,2
2026-01-23,601012,13:59:50,19.3500,38,2
2026-01-23,601012,13:59:53,19.3500,202,2
2026-01-23,601012,13:59:56,19.3500,151,2
2026-01-23,601012,13:59:59,19.3500,148,2
2026-01-23,601012,14:00:02,19.3500,69,2
2026-01-23,601012,14:00:05,19.3500,48,2
2026-01-23,601012,14:00:08,19.3500,13,2
2026-01-23,601012,14:00:11,19.3500,77,2
2026-01-23,601012,14:00:14,19.3500,63,2
2026-01-23,601012,14:00:17,19.3500,52,2
2026-01-23,601012,14:00:20,19.3500,143,2
2026-01-23,601012,14:00:23,19.3500,170,2
2026-01-23,601012,14:00:26,19.3500,156,2
2026-01-23,601012,14:00:29,19.3500,48,2
2026-01-23,601012,14:00:32,19.3500,77,2
2026-01-23,601012,14:00:35,19.3500,159,2
2026-01-23,601012,14:00:38,19.3500,55,2
2026-01-23,601012,14:00:41,19.3500,64,2
2026-01-23,601012,14:00:44,19.3500,99,2
2026-01-23,601012,14:00:47,19.3500,340,2
2026-01-23,601012,14:00:50,19.3500,92,2
2026-01-23,601012,14:00:53,19.3500,251,2
2026-01-23,601012,14:00:56,19.3500,350,2
2026-01-23,601012,14:00:59,19.3500,139,2
2026-01-23,601012,14:01:02,19.3500,31,2
2026-01-23,601012,14:01:05,19.3500,64,2
2026-01-23,601012,14:01:08,19.3500,50,2
2026-01-23,601012,14:01:11,19.3500,38,2
2026-01-23,601012,14:01:14,19.3500,114,2
2026-01-23,601012,14:01:17,19.3500,82,2
2026-01-23,601012,14:01:20,19.3500,95,2
2026-01-23,601012,14:01:23,19.3500,363,2
2026-01-23,601012,14:01:26,19.3500,96,2
2026-01-23,601012,14:01:29,19.3500,107,2
2026-01-23,601012,14:01:32,19.3500,117,2
2026-01-23,601012,14:01:35,19.3500,71,2
2026-01-23,601012,14:01:38,19.3500,133,2
2026-01-23,601012,14:01:41,19.3500,43,2
2026-01-23,601012,14:01:44,19.3500,71,2
2026-01-23,601012,14:01:47,19.3500,44,2
2026-01-23,601012,14:01:50,19.3500,113,2
2026-01-23,601012,14:01:53,19.3500,123,2
2026-01-23,601012,14:01:56,19.3500,75,2
2026-01-23,601012,14:01:59,19.3500,66,2
2026-01-23,601012,14:02:02,19.3500,161,2
2026-01-23,601012,14:02:05,19.3500,135,2
2026-01-23,601012,14:02:08,19.3500,62,2
2026-01-23,601012,14:02:11,19.3500,44,2
2026-01-23,601012,14:02:14,19.3500,106,2
2026-01-23,601012,14:02:17,19.3500,224,2
2026-01-23,601012,14:02:20,19.3500,194,2
2026-01-23,601012,14:02:23,19.3500,126,2
2026-01-23,601012,14:02:26,19.3500,62,2
2026-01-23,601012,14:02:29,19.3500,296,2
2026-01-23,601012,14:02:32,19.3500,40,2
2026-01-23,601012,14:02:35,19.3500,42,2
2026-01-23,601012,14:02:38,19.3500,128,2
2026-01-23,601012,14:02:41,19.3500,194,2
2026-01-23,601012,14:02:44,19.3500,55,2
2026-01-23,601012,14:02:47,19.3500,146,2
2026-01-23,601012,14:02:50,19.3500,16,2
2026-01-23,601012,14:02:53,19.3500,91,2
2026-01-23,601012,14:02:56,19.3500,36,2
2026-01-23,601012,14:02:59,19.3500,95,2
2026-01-23,601012,14:03:02,19.3500,292,2
2026-01-23,601012,14:03:05,19.3500,28,2
2026-01-23,601012,14:03:08,19.3500,67,2
2026-01-23,601012,14:03:11,19.3500,38,2
2026-01-23,601012,14:03:14,19.3500,161,2
2026-01-23,601012,14:03:17,19.3500,47,2
2026-01-23,601012,14:03:20,19.3500,129,2
2026-01-23,601012,14:03:23,19.3500,292,2
2026-01-23,601012,14:03:26,19.3500,122,2
2026-01-23,601012,14:03:29,19.3500,24,2
2026-01-23,601012,14:03:32,19.3500,90,2
2026-01-23,601012,14:03:35,19.3500,45,2
2026-01-23,601012,14:03:38,19.3500,64,2
2026-01-23,601012,14:03:41,19.3500,226,2
2026-01-23,601012,14:03:44,19.3500,186,2
2026-01-23,601012,14:03:47,19.3500,64,2
2026-01-23,601012,14:03:50,19.3500,65,2
2026-01-23,601012,14:03:53,19.3500,46,2
2026-01-23,601012,14:03:56,19.3500,741,2
2026-01-23,601012,14:03:59,19.3500,161,2
2026-01-23,601012,14:04:02,19.3500,308,2
2026-01-23,601012,14:04:05,19.3500,171,2
2026-01-23,601012,14:04:08,19.3500,381,2
2026-01-23,601012,14:04:11,19.3500,279,2
2026-01-23,601012,14:04:14,19.3500,27,2
2026-01-23,601012,14:04:17,19.3500,83,2
2026-01-23,601012,14:04:20,19.3500,38,2
2026-01-23,601012,14:04:23,19.3500,82,2
2026-01-23,601012,14:04:26,19.3500,227,2
2026-01-23,601012,14:04:29,19.3500,136,2
2026-01-23,601012,14:04:32,19.3500,75,2
2026-01-23,601012,14:04:35,19.3500,627,2
2026-01-23,601012,14:04:38,19.3500,23,2
2026-01-23,601012,14:04:41,19.3500,7,2
2026-01-23,601012,14:04:44,19.3500,70,2
2026-01-23,601012,14:04:47,19.3500,131,2
2026-01-23,601012,14:04:50,19.3500,49,2
2026-01-23,601012,14:04:53,19.3500,53,2
2026-01-23,601012,14:04:56,19.3500,57,2
2026-01-23,601012,14:04:59,19.3500,71,2
2026-01-23,601012,14:05:02,19.3500,24,2
2026-01-23,601012,14:05:05,19.3500,52,2
2026-01-23,601012,14:05:08,19.3500,159,2
2026-01-23,601012,14:05:11,19.3500,131,2
2026-01-23,601012,14:05:14,19.3500,38,2
2026-01-23,601012,14:05:17,19.3500,55,2
2026-01-23,601012,14:05:20,19.3500,28,2
2026-01-23,601012,14:05:23,19.3500,281,2
2026-01-23,601012,14:05:26,19.3500,685,2
2026-01-23,601012,14:05:29,19.3500,74,2
2026-01-23,601012,14:05:32,19.3500,98,2
2026-01-23,601012,14:05:35,19.3500,82,2
2026-01-23,601012,14:05:38,19.3500,183,2
2026-01-23,601012,14:05:41,19.3500,81,2
2026-01-23,601012,14:05:44,19.3500,65,2
2026-01-23,601012,14:05:47,19.3500,34,2
2026-01-23,601012,14:05:50,19.3500,68,2
2026-01-23,601012,14:05:53,19.3500,23,2
2026-01-23,601012,14:05:56,19.3500,92,2
2026-01-23,601012,14:05:59,19.3500,122,2
2026-01-23,601012,14:06:02,19.3500,34,2
2026-01-23,601012,14:06:05,19.3500,300,2
2026-01-23,601012,14:06:08,19.3500,48,2
2026-01-23,601012,14:06:11,19.3500,39,2
2026-01-23,601012,14:06:14,19.3500,139,2
2026-01-23,601012,14:06:17,19.3500,232,2
2026-01-23,601012,14:06:20,19.3500,55,2
2026-01-23,601012,14:06:23,19.3500,95,2
2026-01-23,601012,14:06:26,19.3500,28,2
2026-01-23,601012,14:06:29,19.3500,56,2
2026-01-23,601012,14:06:32,19.3500,1,2
2026-01-23,601012,14:06:35,19.3500,81,2
2026-01-23,601012,14:06:38,19.3500,7,2
2026-01-23,601012,14:06:41,19.3500,182,2
2026-01-23,601012,14:06:44,19.3500,63,2
2026-01-23,601012,14:06:47,19.3500,61,2
2026-01-23,601012,14:06:50,19.3500,124,2
2026-01-23,601012,14:06:53,19.3500,147,2
2026-01-23,601012,14:06:56,19.3500,47,2
2026-01-23,601012,14:06:59,19.3500,121,2
2026-01-23,601012,14:07:02,19.3500,152,2
2026-01-23,601012,14:07:05,19.3500,41,2
2026-01-23,601012,10:57:11,18.6800,302,2
2026-01-23,601012,10:57:14,18.6800,241,2
2026-01-23,601012,10:57:17,18.6700,112,2
2026-01-23,601012,10:57:20,18.6800,50,1
2026-01-23,601012,10:57:23,18.6700,27,2
2026-01-23,601012,10:57:26,18.6800,79,1
2026-01-23,601012,10:57:29,18.6700,84,2
2026-01-23,601012,10:57:32,18.6800,177,1
2026-01-23,601012,10:57:35,18.6700,54,2
2026-01-23,601012,10:57:38,18.6700,827,2
2026-01-23,601012,10:57:41,18.6700,443,1
2026-01-23,601012,10:57:44,18.6700,90,2
2026-01-23,601012,10:57:47,18.6700,301,2
2026-01-23,601012,10:57:50,18.6700,207,2
2026-01-23,601012,10:57:53,18.6700,129,2
2026-01-23,601012,10:57:56,18.6700,444,2
2026-01-23,601012,10:57:59,18.6700,116,1
2026-01-23,601012,10:58:02,18.6700,106,1
2026-01-23,601012,10:58:05,18.6600,426,2
2026-01-23,601012,10:58:08,18.6600,160,2
2026-01-23,601012,10:58:11,18.6500,879,2
2026-01-23,601012,10:58:14,18.6500,109,2
2026-01-23,601012,10:58:17,18.6500,234,2
2026-01-23,601012,10:58:20,18.6500,101,2
2026-01-23,601012,10:58:23,18.6500,211,2
2026-01-23,601012,10:58:26,18.6500,777,2
2026-01-23,601012,10:58:29,18.6600,564,1
2026-01-23,601012,10:58:32,18.6700,648,1
2026-01-23,601012,10:58:35,18.6600,184,2
2026-01-23,601012,10:58:38,18.6600,133,2
2026-01-23,601012,10:58:41,18.6600,120,2
2026-01-23,601012,10:58:44,18.6600,398,2
2026-01-23,601012,10:58:47,18.6600,296,2
2026-01-23,601012,10:58:50,18.6600,49,1
2026-01-23,601012,10:58:53,18.6500,159,2
2026-01-23,601012,10:58:56,18.6600,257,1
2026-01-23,601012,10:58:59,18.6500,196,2
2026-01-23,601012,10:59:02,18.6500,197,2
2026-01-23,601012,10:59:05,18.6600,483,1
2026-01-23,601012,10:59:08,18.6500,287,2
2026-01-23,601012,10:59:11,18.6500,638,2
2026-01-23,601012,10:59:14,18.6600,120,2
2026-01-23,601012,10:59:17,18.6600,84,2
2026-01-23,601012,10:59:20,18.6600,179,2
2026-01-23,601012,10:59:23,18.6600,187,1
2026-01-23,601012,10:59:26,18.6600,56,1
2026-01-23,601012,10:59:29,18.6500,216,2
2026-01-23,601012,10:59:32,18.6600,187,1
2026-01-23,601012,10:59:35,18.6500,567,2
2026-01-23,601012,10:59:38,18.6600,331,4
2026-01-23,601012,10:59:41,18.6600,293,2
2026-01-23,601012,10:59:44,18.6600,106,2
2026-01-23,601012,10:59:47,18.6600,84,1
2026-01-23,601012,10:59:50,18.6600,30,1
2026-01-23,601012,10:59:54,18.6600,137,1
2026-01-23,601012,10:59:56,18.6500,244,2
2026-01-23,601012,10:59:59,18.6500,201,2
2026-01-23,601012,11:00:02,18.6500,185,2
2026-01-23,601012,11:00:05,18.6500,670,2
2026-01-23,601012,11:00:08,18.6500,106,2
2026-01-23,601012,11:00:11,18.6500,240,2
2026-01-23,601012,11:00:14,18.6500,375,2
2026-01-23,601012,11:00:17,18.6500,276,2
2026-01-23,601012,11:00:20,18.6500,818,2
2026-01-23,601012,11:00:23,18.6400,194,2
2026-01-23,601012,11:00:26,18.6500,91,1
2026-01-23,601012,11:00:29,18.6500,49,1
2026-01-23,601012,11:00:32,18.6500,604,1
2026-01-23,601012,11:00:35,18.6500,177,1
2026-01-23,601012,11:00:38,18.6500,570,1
2026-01-23,601012,11:00:41,18.6600,791,1
2026-01-23,601012,11:00:44,18.6600,491,2
2026-01-23,601012,11:00:47,18.6600,152,2
2026-01-23,601012,11:00:50,18.6600,389,2
2026-01-23,601012,11:00:53,18.6600,358,2
2026-01-23,601012,11:00:56,18.6700,161,2
2026-01-23,601012,11:00:59,18.6700,160,2
2026-01-23,601012,11:01:02,18.6700,139,2
2026-01-23,601012,11:01:05,18.6700,212,2
2026-01-23,601012,11:01:08,18.6700,828,2
2026-01-23,601012,11:01:11,18.6700,416,1
2026-01-23,601012,11:01:14,18.6600,369,2
2026-01-23,601012,11:01:17,18.6600,354,2
2026-01-23,601012,11:01:20,18.6600,123,2
2026-01-23,601012,11:01:23,18.6700,131,1
2026-01-23,601012,11:01:26,18.6700,179,1
2026-01-23,601012,11:01:29,18.6700,41,1
2026-01-23,601012,11:01:32,18.6800,610,1
2026-01-23,601012,11:01:35,18.6700,128,2
2026-01-23,601012,11:01:38,18.6800,360,1
2026-01-23,601012,11:01:41,18.6800,361,1
2026-01-23,601012,11:01:44,18.6800,179,2
2026-01-23,601012,11:01:47,18.6800,119,2
2026-01-23,601012,11:01:50,18.6800,74,2
2026-01-23,601012,11:01:53,18.6800,149,2
2026-01-23,601012,11:01:56,18.6800,146,2
2026-01-23,601012,11:01:59,18.6800,219,2
2026-01-23,601012,11:02:02,18.6900,211,1
2026-01-23,601012,11:02:05,18.6800,59,2
2026-01-23,601012,11:02:08,18.6900,385,1
2026-01-23,601012,11:02:11,18.6900,531,1
2026-01-23,601012,11:02:14,18.6900,419,1
2026-01-23,601012,11:02:17,18.6900,138,2
2026-01-23,601012,11:02:20,18.6900,227,2
2026-01-23,601012,11:02:23,18.6900,170,2
2026-01-23,601012,11:02:26,18.6900,48,2
2026-01-23,601012,11:02:29,18.6900,390,2
2026-01-23,601012,11:02:32,18.6800,178,2
2026-01-23,601012,11:02:35,18.6800,114,2
2026-01-23,601012,11:02:38,18.6800,185,2
2026-01-23,601012,11:02:41,18.6800,227,2
2026-01-23,601012,11:02:44,18.6800,47,2
2026-01-23,601012,11:02:47,18.6800,154,2
2026-01-23,601012,11:02:50,18.6900,260,1
2026-01-23,601012,11:02:53,18.6900,254,1
2026-01-23,601012,11:02:56,18.6900,66,1
2026-01-23,601012,11:02:59,18.6900,158,1
2026-01-23,601012,11:03:02,18.6900,62,1
2026-01-23,601012,11:03:05,18.6900,65,1
2026-01-23,601012,11:03:08,18.6900,118,1
2026-01-23,601012,11:03:11,18.6800,180,2
2026-01-23,601012,11:03:14,18.6900,63,1
2026-01-23,601012,11:03:17,18.6800,979,2
2026-01-23,601012,11:03:20,18.6800,154,1
2026-01-23,601012,11:03:23,18.6800,203,1
2026-01-23,601012,11:03:26,18.6800,347,1
2026-01-23,601012,11:03:29,18.6800,214,1
2026-01-23,601012,11:03:32,18.6800,192,1
2026-01-23,601012,11:03:35,18.6800,64,1
2026-01-23,601012,11:03:38,18.6700,127,2
2026-01-23,601012,11:03:41,18.6700,166,2
2026-01-23,601012,11:03:44,18.6700,119,2
2026-01-23,601012,11:03:47,18.6700,66,2
2026-01-23,601012,11:03:50,18.6700,110,2
2026-01-23,601012,11:03:53,18.6800,180,1
2026-01-23,601012,11:03:56,18.6700,34,2
2026-01-23,601012,11:03:59,18.6700,77,2
2026-01-23,601012,11:04:02,18.6800,104,1
2026-01-23,601012,11:04:05,18.6800,119,1
2026-01-23,601012,11:04:08,18.6700,138,2
2026-01-23,601012,11:04:11,18.6700,269,2
2026-01-23,601012,11:04:14,18.6700,41,2
2026-01-23,601012,11:04:17,18.6700,71,2
2026-01-23,601012,11:04:20,18.6700,82,2
2026-01-23,601012,11:04:23,18.6800,139,1
2026-01-23,601012,11:04:26,18.6800,40,1
2026-01-23,601012,11:04:29,18.6700,57,2
2026-01-23,601012,11:04:32,18.6800,96,1
2026-01-23,601012,11:04:35,18.6700,55,2
2026-01-23,601012,11:04:38,18.6700,126,2
2026-01-23,601012,11:04:41,18.6800,179,1
2026-01-23,601012,11:04:44,18.6800,29,1
2026-01-23,601012,11:04:47,18.6800,131,1
2026-01-23,601012,11:04:50,18.6700,131,2
2026-01-23,601012,11:04:53,18.6700,292,2
2026-01-23,601012,11:04:56,18.6800,191,1
2026-01-23,601012,11:04:59,18.6800,59,1
2026-01-23,601012,11:05:02,18.6700,130,2
2026-01-23,601012,11:05:05,18.6700,272,2
2026-01-23,601012,11:05:08,18.6600,1222,2
2026-01-23,601012,11:05:11,18.6500,1161,2
2026-01-23,601012,11:05:14,18.6600,211,1
2026-01-23,601012,11:05:17,18.6500,68,2
2026-01-23,601012,11:05:20,18.6500,140,2
2026-01-23,601012,11:05:23,18.6600,357,1
2026-01-23,601012,11:05:26,18.6600,92,2
2026-01-23,601012,11:05:29,18.6600,136,2
2026-01-23,601012,11:05:32,18.6600,112,2
2026-01-23,601012,11:05:35,18.6600,67,2
2026-01-23,601012,11:05:38,18.6700,139,1
2026-01-23,601012,11:05:41,18.6600,316,2
2026-01-23,601012,11:05:44,18.6600,284,1
2026-01-23,601012,11:05:47,18.6700,149,1
2026-01-23,601012,11:05:50,18.6600,325,2
2026-01-23,601012,11:05:53,18.6600,171,2
2026-01-23,601012,11:05:56,18.6600,68,2
2026-01-23,601012,11:05:59,18.6600,148,2
2026-01-23,601012,11:06:02,18.6600,150,2
2026-01-23,601012,11:06:05,18.6600,53,2
2026-01-23,601012,11:06:08,18.6600,219,2
2026-01-23,601012,11:06:11,18.6600,178,2
2026-01-23,601012,11:06:14,18.6700,41,1
2026-01-23,601012,11:06:17,18.6700,54,1
2026-01-23,601012,11:06:20,18.6700,67,1
2026-01-23,601012,11:06:23,18.6600,210,2
2026-01-23,601012,11:06:26,18.6600,181,2
2026-01-23,601012,11:06:29,18.6600,602,2
2026-01-23,601012,11:06:32,18.6700,310,1
2026-01-23,601012,11:06:35,18.6700,381,1
2026-01-23,601012,11:06:38,18.6700,55,2
2026-01-23,601012,11:06:41,18.6700,269,2
2026-01-23,601012,11:06:44,18.6600,154,2
2026-01-23,601012,11:06:47,18.6700,233,1
2026-01-23,601012,11:06:50,18.6700,337,1
2026-01-23,601012,11:06:53,18.6700,539,1
2026-01-23,601012,11:06:56,18.6700,175,2
2026-01-23,601012,11:06:59,18.6700,332,2
2026-01-23,601012,11:07:02,18.6700,564,1
2026-01-23,601012,11:07:05,18.6700,847,1
2026-01-23,601012,11:07:08,18.6700,95,4
2026-01-23,601012,11:07:11,18.6600,951,2
2026-01-23,601012,11:07:14,18.6600,387,2
2026-01-23,601012,11:07:17,18.6600,129,2
2026-01-23,601012,11:07:20,18.6600,52,2
2026-01-23,601012,11:07:23,18.6600,181,2
2026-01-23,601012,11:07:26,18.6700,122,1
2026-01-23,601012,11:07:29,18.6700,79,1
2026-01-23,601012,11:07:32,18.6600,56,2
2026-01-23,601012,11:07:35,18.6600,147,2
2026-01-23,601012,11:07:38,18.6600,93,2
2026-01-23,601012,11:07:41,18.6600,513,2
2026-01-23,601012,11:07:44,18.6600,42,2
2026-01-23,601012,11:07:47,18.6600,130,2
2026-01-23,601012,11:07:50,18.6600,45,2
2026-01-23,601012,11:07:53,18.6500,476,2
2026-01-23,601012,11:07:56,18.6600,15,1
2026-01-23,601012,11:07:59,18.6600,312,1
2026-01-23,601012,11:08:02,18.6600,88,1
2026-01-23,601012,11:08:05,18.6500,157,2
2026-01-23,601012,11:08:08,18.6600,394,1
2026-01-23,601012,11:08:11,18.6600,539,1
2026-01-23,601012,11:08:14,18.6600,294,1
2026-01-23,601012,11:08:17,18.6600,94,2
2026-01-23,601012,11:08:20,18.6600,74,2
2026-01-23,601012,11:08:23,18.6600,135,2
2026-01-23,601012,11:08:26,18.6600,94,2
2026-01-23,601012,11:08:29,18.6600,393,2
2026-01-23,601012,11:08:32,18.6600,535,2
2026-01-23,601012,11:08:35,18.6700,117,1
2026-01-23,601012,11:08:38,18.6700,183,1
2026-01-23,601012,11:08:41,18.6600,431,1
2026-01-23,601012,11:08:44,18.6600,251,2
2026-01-23,601012,11:08:47,18.6500,48,2
2026-01-23,601012,11:08:50,18.6600,58,1
2026-01-23,601012,11:08:53,18.6600,52,1
2026-01-23,601012,11:08:56,18.6600,51,1
2026-01-23,601012,11:08:59,18.6500,52,2
2026-01-23,601012,11:09:02,18.6600,288,1
2026-01-23,601012,11:09:05,18.6600,370,1
2026-01-23,601012,11:09:08,18.6800,1958,1
2026-01-23,601012,11:09:11,18.6700,475,2
2026-01-23,601012,11:09:14,18.6700,623,2
2026-01-23,601012,11:09:17,18.6700,187,2
2026-01-23,601012,11:09:20,18.6700,417,2
2026-01-23,601012,11:09:23,18.6700,120,2
2026-01-23,601012,11:09:26,18.6700,187,2
2026-01-23,601012,11:09:29,18.6800,191,1
2026-01-23,601012,11:09:32,18.6700,178,2
2026-01-23,601012,11:09:35,18.6800,139,1
2026-01-23,601012,11:09:38,18.6800,133,1
2026-01-23,601012,11:09:41,18.6900,708,1
2026-01-23,601012,11:09:44,18.6900,1664,1
2026-01-23,601012,11:09:47,18.6900,233,2
2026-01-23,601012,11:09:50,18.6900,64,2
2026-01-23,601012,11:09:53,18.7000,181,1
2026-01-23,601012,11:09:56,18.6900,171,2
2026-01-23,601012,11:09:59,18.6800,307,2
2026-01-23,601012,11:10:02,18.6900,28,4
2026-01-23,601012,11:10:05,18.6900,199,2
2026-01-23,601012,11:10:08,18.6900,191,2
2026-01-23,601012,11:10:11,18.6900,478,1
2026-01-23,601012,11:10:14,18.6900,547,1
2026-01-23,601012,11:10:17,18.6700,396,2
2026-01-23,601012,11:10:20,18.6900,257,1
2026-01-23,601012,11:10:23,18.6700,258,2
2026-01-23,601012,11:10:26,18.6700,1039,2
2026-01-23,601012,11:10:29,18.6600,166,2
2026-01-23,601012,11:10:32,18.6600,193,2
2026-01-23,601012,11:10:35,18.6600,1204,2
2026-01-23,601012,11:10:38,18.6600,417,1
2026-01-23,601012,11:10:41,18.6500,631,2
2026-01-23,601012,11:10:44,18.6400,773,2
2026-01-23,601012,11:10:47,18.6500,401,1
2026-01-23,601012,11:10:50,18.6500,174,1
2026-01-23,601012,11:10:53,18.6500,614,1
2026-01-23,601012,11:10:56,18.6500,209,1
2026-01-23,601012,11:10:59,18.6400,192,2
2026-01-23,601012,11:11:02,18.6400,940,2
2026-01-23,601012,11:11:05,18.6400,170,1
2026-01-23,601012,11:11:08,18.6300,214,2
2026-01-23,601012,11:11:11,18.6300,329,2
2026-01-23,601012,11:11:14,18.6300,114,2
2026-01-23,601012,11:11:17,18.6300,355,2
2026-01-23,601012,11:11:20,18.6300,148,2
2026-01-23,601012,11:11:23,18.6300,402,2
2026-01-23,601012,11:11:26,18.6300,167,2
2026-01-23,601012,11:11:29,18.6300,424,2
2026-01-23,601012,11:11:32,18.6300,117,2
2026-01-23,601012,11:11:35,18.6300,394,2
2026-01-23,601012,11:11:38,18.6300,370,2
2026-01-23,601012,11:11:41,18.6200,200,2
2026-01-23,601012,11:11:44,18.6300,246,1
2026-01-23,601012,11:11:47,18.6200,650,2
2026-01-23,601012,11:11:50,18.6200,292,2
2026-01-23,601012,11:11:53,18.6200,262,2
2026-01-23,601012,11:11:56,18.6200,325,2
2026-01-23,601012,11:11:59,18.6100,1091,2
2026-01-23,601012,11:12:02,18.6100,497,2
2026-01-23,601012,11:12:05,18.6200,468,1
2026-01-23,601012,11:12:08,18.6100,117,2
2026-01-23,601012,11:12:11,18.6100,517,2
2026-01-23,601012,11:12:14,18.6100,440,2
2026-01-23,601012,11:12:17,18.6100,531,2
2026-01-23,601012,11:12:20,18.6100,581,2
2026-01-23,601012,11:12:23,18.6200,440,1
2026-01-23,601012,11:12:26,18.6100,449,2
2026-01-23,601012,11:12:29,18.6100,848,2
2026-01-23,601012,11:12:32,18.6000,493,2
2026-01-23,601012,11:12:35,18.6100,516,1
2026-01-23,601012,11:12:38,18.6000,582,2
2026-01-23,601012,11:12:41,18.6000,566,2
2026-01-23,601012,11:12:44,18.6000,659,2
2026-01-23,601012,11:12:47,18.6000,900,2
2026-01-23,601012,11:12:50,18.6000,424,2
2026-01-23,601012,11:12:53,18.6000,259,2
2026-01-23,601012,11:12:56,18.6100,957,1
2026-01-23,601012,11:12:59,18.6000,669,2
2026-01-23,601012,11:13:02,18.6000,182,2
2026-01-23,601012,11:13:05,18.6200,5501,1
2026-01-23,601012,11:13:08,18.6200,891,1
2026-01-23,601012,11:13:11,18.6200,378,1
2026-01-23,601012,11:13:14,18.6200,537,2
2026-01-23,601012,11:13:17,18.6300,149,4
2026-01-23,601012,11:13:20,18.6400,165,1
2026-01-23,601012,11:13:23,18.6400,380,2
2026-01-23,601012,11:13:26,18.6400,120,2
2026-01-23,601012,11:13:29,18.6500,486,1
2026-01-23,601012,11:13:32,18.6500,220,1
2026-01-23,601012,11:13:35,18.6400,338,2
2026-01-23,601012,11:13:38,18.6500,443,1
2026-01-23,601012,11:13:41,18.6500,316,1
2026-01-23,601012,11:13:44,18.6400,200,2
2026-01-23,601012,11:13:47,18.6500,327,1
2026-01-23,601012,11:13:50,18.6500,276,1
2026-01-23,601012,11:13:53,18.6300,489,2
2026-01-23,601012,11:13:56,18.6400,400,1
2026-01-23,601012,11:13:59,18.6300,213,2
2026-01-23,601012,11:14:02,18.6400,393,1
2026-01-23,601012,11:14:05,18.6300,350,2
2026-01-23,601012,11:14:08,18.6200,256,2
2026-01-23,601012,11:14:11,18.6300,700,1
2026-01-23,601012,11:14:14,18.6200,218,2
2026-01-23,601012,11:14:17,18.6200,387,2
2026-01-23,601012,11:14:20,18.6200,316,2
2026-01-23,601012,11:14:23,18.6200,349,2
2026-01-23,601012,11:14:26,18.6200,669,2
2026-01-23,601012,11:14:29,18.6200,235,2
2026-01-23,601012,11:14:32,18.6100,254,2
2026-01-23,601012,11:14:35,18.6100,384,2
2026-01-23,601012,11:14:38,18.6100,432,2
2026-01-23,601012,11:14:41,18.6100,333,2
2026-01-23,601012,11:14:44,18.6100,341,2
2026-01-23,601012,11:14:47,18.6100,266,2
2026-01-23,601012,11:14:50,18.6100,306,2
2026-01-23,601012,11:14:53,18.6000,415,2
2026-01-23,601012,11:14:56,18.6000,384,2
2026-01-23,601012,11:14:59,18.6000,468,2
2026-01-23,601012,11:15:02,18.6100,456,1
2026-01-23,601012,11:15:06,18.6000,322,2
2026-01-23,601012,11:15:08,18.6100,1073,1
2026-01-23,601012,11:15:11,18.6100,790,2
2026-01-23,601012,11:15:14,18.6100,1128,2
2026-01-23,601012,11:15:17,18.6000,231,2
2026-01-23,601012,11:15:20,18.6000,460,2
2026-01-23,601012,11:15:23,18.6000,395,2
2026-01-23,601012,11:15:26,18.6000,382,2
2026-01-23,601012,11:15:29,18.5900,4349,2
2026-01-23,601012,11:15:32,18.5900,336,2
2026-01-23,601012,11:15:35,18.5900,289,2
2026-01-23,601012,11:15:38,18.5900,1368,2
2026-01-23,601012,11:15:41,18.5900,1197,2
2026-01-23,601012,11:15:44,18.5900,428,2
2026-01-23,601012,11:15:47,18.5900,1298,2
2026-01-23,601012,11:15:50,18.6000,293,1
2026-01-23,601012,11:15:53,18.5900,406,2
2026-01-23,601012,11:15:56,18.6100,1261,1
2026-01-23,601012,11:15:59,18.6100,645,1
2026-01-23,601012,11:16:02,18.6100,1090,1
2026-01-23,601012,11:16:05,18.6100,303,2
2026-01-23,601012,11:16:08,18.6100,289,2
2026-01-23,601012,11:16:11,18.6000,382,2
2026-01-23,601012,11:16:14,18.6100,290,1
2026-01-23,601012,11:16:17,18.6100,408,1
2026-01-23,601012,11:16:20,18.6100,298,1
2026-01-23,601012,11:16:23,18.6000,363,2
2026-01-23,601012,11:16:26,18.6100,339,1
2026-01-23,601012,11:16:29,18.6100,805,2
2026-01-23,601012,11:16:32,18.6400,1267,1
2026-01-23,601012,11:16:35,18.6400,688,2
2026-01-23,601012,11:16:38,18.6400,440,2
2026-01-23,601012,11:16:41,18.6400,160,1
2026-01-23,601012,11:16:44,18.6300,792,4
2026-01-23,601012,11:16:47,18.6300,428,2
2026-01-23,601012,11:16:50,18.6300,141,2
2026-01-23,601012,11:16:53,18.6400,593,1
2026-01-23,601012,11:16:56,18.6400,737,1
2026-01-23,601012,11:16:59,18.6400,195,1
2026-01-23,601012,11:17:02,18.6400,160,2
2026-01-23,601012,11:17:05,18.6400,440,2
2026-01-23,601012,11:17:08,18.6500,459,1
2026-01-23,601012,11:17:11,18.6500,489,1
2026-01-23,601012,11:17:14,18.6500,152,1
2026-01-23,601012,11:17:17,18.6400,574,2
2026-01-23,601012,11:17:20,18.6500,181,1
2026-01-23,601012,11:17:23,18.6500,194,4
2026-01-23,601012,11:17:26,18.6600,1119,1
2026-01-23,601012,11:17:29,18.6600,684,2
2026-01-23,601012,11:17:32,18.6700,306,1
2026-01-23,601012,11:17:35,18.6800,555,1
2026-01-23,601012,11:17:38,18.6700,586,2
2026-01-23,601012,11:17:41,18.6800,392,1
2026-01-23,601012,11:17:44,18.6800,137,2
2026-01-23,601012,11:17:47,18.6800,522,2
2026-01-23,601012,11:17:50,18.6900,973,1
2026-01-23,601012,11:17:53,18.7000,6542,1
2026-01-23,601012,11:17:56,18.7200,578,1
2026-01-23,601012,11:17:59,18.7200,159,1
2026-01-23,601012,11:18:02,18.7400,2870,1
2026-01-23,601012,11:18:05,18.7500,5804,1
2026-01-23,601012,11:18:08,18.7600,5669,1
2026-01-23,601012,11:18:11,18.7700,2215,4
2026-01-23,601012,11:18:14,18.7800,1065,1
2026-01-23,601012,11:18:17,18.7900,1981,1
2026-01-23,601012,11:18:20,18.7800,1144,2
2026-01-23,601012,11:18:23,18.7800,574,2
2026-01-23,601012,11:18:26,18.7800,1914,2
2026-01-23,601012,11:18:29,18.7800,644,2
2026-01-23,601012,11:18:32,18.7800,2080,2
2026-01-23,601012,11:18:35,18.7900,1579,1
2026-01-23,601012,11:18:38,18.7700,1327,2
2026-01-23,601012,11:18:41,18.7700,1547,2
2026-01-23,601012,11:18:44,18.7800,767,1
2026-01-23,601012,11:18:47,18.8100,18110,1
2026-01-23,601012,11:18:50,18.8200,9515,1
2026-01-23,601012,11:18:53,18.8300,1617,1
2026-01-23,601012,11:18:56,18.8400,2898,1
2026-01-23,601012,11:18:59,18.8400,1223,2
2026-01-23,601012,11:19:02,18.8500,1464,1
2026-01-23,601012,11:19:05,18.8500,1773,1
2026-01-23,601012,11:19:08,18.8900,30858,1
2026-01-23,601012,11:19:11,18.9000,28300,1
2026-01-23,601012,11:19:14,18.9200,7206,1
2026-01-23,601012,11:19:17,18.9400,10661,1
2026-01-23,601012,11:19:20,18.9400,4777,1
2026-01-23,601012,11:19:23,18.9400,3753,1
2026-01-23,601012,11:19:26,18.9400,4801,2
2026-01-23,601012,11:19:29,18.9400,6919,2
2026-01-23,601012,11:19:32,18.9300,1481,2
2026-01-23,601012,11:19:35,18.9400,2904,1
2026-01-23,601012,11:19:38,18.9300,5343,2
2026-01-23,601012,11:19:41,18.9300,2328,2
2026-01-23,601012,11:19:44,18.9300,2291,2
2026-01-23,601012,11:19:47,18.9400,1365,1
2026-01-23,601012,11:19:50,18.9300,1311,4
2026-01-23,601012,11:19:53,18.9300,1477,1
2026-01-23,601012,11:19:56,18.9200,1207,2
2026-01-23,601012,11:19:59,18.9200,1707,1
2026-01-23,601012,11:20:02,18.9200,4271,1
2026-01-23,601012,11:20:05,18.9300,7235,1
