date,code,time,price,volume,bs
2026-05-26,600036,14:06:40,37.0500,17,2
2026-05-26,600036,14:06:43,37.0500,33,2
2026-05-26,600036,14:06:46,37.0600,202,1
2026-05-26,600036,14:06:49,37.0600,133,2
2026-05-26,600036,14:06:52,37.0700,45,1
2026-05-26,600036,14:06:55,37.0600,78,2
2026-05-26,600036,14:06:58,37.0600,11,2
2026-05-26,600036,14:07:01,37.0700,112,1
2026-05-26,600036,14:07:04,37.0700,11,1
2026-05-26,600036,14:07:07,37.0700,70,1
2026-05-26,600036,14:07:10,37.0700,36,1
2026-05-26,600036,14:07:13,37.0700,39,1
2026-05-26,600036,14:07:16,37.0700,301,1
2026-05-26,600036,14:07:19,37.0700,249,1
2026-05-26,600036,14:07:22,37.0700,7,2
2026-05-26,600036,14:07:25,37.0800,71,1
2026-05-26,600036,14:07:28,37.0800,31,1
2026-05-26,600036,14:07:31,37.0700,14,2
2026-05-26,600036,14:07:34,37.0700,95,2
2026-05-26,600036,14:07:37,37.0700,36,2
2026-05-26,600036,14:07:40,37.0700,2,2
2026-05-26,600036,14:07:43,37.0800,55,1
2026-05-26,600036,14:07:46,37.0700,10,2
2026-05-26,600036,14:07:49,37.0800,3,1
2026-05-26,600036,14:07:52,37.0700,107,2
2026-05-26,600036,14:07:55,37.0700,86,2
2026-05-26,600036,14:07:58,37.0700,55,2
2026-05-26,600036,14:08:01,37.0700,24,4
2026-05-26,600036,14:08:04,37.0700,44,2
2026-05-26,600036,14:08:07,37.0700,132,2
2026-05-26,600036,14:08:10,37.0700,3008,2
2026-05-26,600036,14:08:13,37.0900,46,1
2026-05-26,600036,14:08:16,37.0900,70,2
2026-05-26,600036,14:08:19,37.1000,5,1
2026-05-26,600036,14:08:22,37.0900,53,2
2026-05-26,600036,14:08:25,37.0900,112,2
2026-05-26,600036,14:08:28,37.0900,3,1
2026-05-26,600036,14:08:31,37.0900,29,1
2026-05-26,600036,14:08:34,37.0900,35,2
2026-05-26,600036,14:08:37,37.0900,75,2
2026-05-26,600036,14:08:40,37.0900,8,2
2026-05-26,600036,14:08:43,37.1000,29,1
2026-05-26,600036,14:08:46,37.1000,29,1
2026-05-26,600036,14:08:49,37.1000,8,1
2026-05-26,600036,14:08:52,37.1000,79,1
2026-05-26,600036,14:08:55,37.1000,6,1
2026-05-26,600036,14:08:58,37.1000,50,1
2026-05-26,600036,14:09:01,37.0900,304,2
2026-05-26,600036,14:09:04,37.0900,568,1
2026-05-26,600036,14:09:07,37.0800,9,4
2026-05-26,600036,14:09:10,37.0900,29,1
2026-05-26,600036,14:09:13,37.0900,6,1
2026-05-26,600036,14:09:16,37.0800,58,2
2026-05-26,600036,14:09:19,37.0800,181,2
2026-05-26,600036,14:09:25,37.0900,268,1
2026-05-26,600036,14:09:28,37.0800,26,2
2026-05-26,600036,14:09:31,37.0800,8,2
2026-05-26,600036,14:09:34,37.0900,11,1
2026-05-26,600036,14:09:37,37.0900,11,1
2026-05-26,600036,14:09:40,37.0900,34,1
2026-05-26,600036,14:09:43,37.0900,6,1
2026-05-26,600036,14:09:46,37.0900,40,1
2026-05-26,600036,14:09:49,37.0800,13,2
2026-05-26,600036,14:09:52,37.0900,103,1
2026-05-26,600036,14:09:55,37.0800,237,2
2026-05-26,600036,14:09:58,37.0800,20,2
2026-05-26,600036,14:10:01,37.0900,56,1
2026-05-26,600036,14:10:04,37.0800,79,2
2026-05-26,600036,14:10:07,37.0800,27,2
2026-05-26,600036,14:10:10,37.0800,29,2
2026-05-26,600036,14:10:13,37.0900,12,1
2026-05-26,600036,14:10:16,37.0800,14,2
2026-05-26,600036,14:10:19,37.0800,60,1
2026-05-26,600036,14:10:22,37.0800,62,1
2026-05-26,600036,14:10:25,37.0600,348,2
2026-05-26,600036,14:10:28,37.0700,161,1
2026-05-26,600036,14:10:31,37.0700,3,2
2026-05-26,600036,14:10:34,37.0800,206,1
2026-05-26,600036,14:10:37,37.0800,199,1
2026-05-26,600036,14:10:40,37.0800,4,1
2026-05-26,600036,14:10:43,37.0800,22,1
2026-05-26,600036,14:10:46,37.0800,60,1
2026-05-26,600036,14:10:49,37.0700,1,2
2026-05-26,600036,14:10:52,37.0700,2,2
2026-05-26,600036,14:10:55,37.0700,1,2
2026-05-26,600036,14:10:58,37.0800,34,1
2026-05-26,600036,14:11:01,37.0700,60,2
2026-05-26,600036,14:11:04,37.0800,294,1
2026-05-26,600036,14:11:07,37.0700,14,4
2026-05-26,600036,14:11:10,37.0700,58,1
2026-05-26,600036,14:11:13,37.0700,61,1
2026-05-26,600036,14:11:16,37.0700,3,1
2026-05-26,600036,14:11:19,37.0600,153,2
2026-05-26,600036,14:11:22,37.0600,52,2
2026-05-26,600036,14:11:25,37.0600,15,2
2026-05-26,600036,14:11:28,37.0700,17,1
2026-05-26,600036,14:11:31,37.0600,20,2
2026-05-26,600036,14:11:34,37.0600,31,2
2026-05-26,600036,14:11:37,37.0700,7,1
2026-05-26,600036,14:11:40,37.0700,22,1
2026-05-26,600036,14:11:43,37.0700,24,1
2026-05-26,600036,14:11:49,37.0600,45,2
2026-05-26,600036,14:11:52,37.0600,12,2
2026-05-26,600036,14:11:55,37.0700,32,1
2026-05-26,600036,14:11:58,37.0700,75,1
2026-05-26,600036,14:12:01,37.0700,10,1
2026-05-26,600036,14:12:04,37.0600,8,2
2026-05-26,600036,14:12:07,37.0700,47,1
2026-05-26,600036,14:12:10,37.0600,27,2
2026-05-26,600036,14:12:13,37.0600,5,2
2026-05-26,600036,14:12:16,37.0700,30,1
2026-05-26,600036,14:12:19,37.0700,7,1
2026-05-26,600036,14:12:22,37.0700,18,1
2026-05-26,600036,14:12:25,37.0700,63,1
2026-05-26,600036,14:12:28,37.0600,340,2
2026-05-26,600036,14:12:31,37.0600,95,1
2026-05-26,600036,14:12:34,37.0600,213,1
2026-05-26,600036,14:12:37,37.0700,132,1
2026-05-26,600036,14:12:40,37.0700,5,1
2026-05-26,600036,14:12:43,37.0700,48,1
2026-05-26,600036,14:12:49,37.0700,23,1
2026-05-26,600036,14:12:52,37.0700,15,1
2026-05-26,600036,14:12:55,37.0600,36,2
2026-05-26,600036,14:12:58,37.0700,14,1
2026-05-26,600036,14:13:01,37.0600,12,2
2026-05-26,600036,14:13:04,37.0700,17,1
2026-05-26,600036,14:13:07,37.0700,129,1
2026-05-26,600036,14:13:10,37.0700,6,1
2026-05-26,600036,14:13:13,37.0700,10,1
2026-05-26,600036,14:13:16,37.0600,39,2
2026-05-26,600036,14:13:19,37.0600,26,2
2026-05-26,600036,14:13:22,37.0700,2,1
2026-05-26,600036,14:13:25,37.0600,56,2
2026-05-26,600036,14:13:28,37.0700,11,1
2026-05-26,600036,14:13:31,37.0700,70,1
2026-05-26,600036,14:13:34,37.0700,10,1
2026-05-26,600036,14:13:37,37.0700,162,1
2026-05-26,600036,14:13:40,37.0600,6,2
2026-05-26,600036,14:13:43,37.0600,177,2
2026-05-26,600036,14:13:46,37.0600,14,4
2026-05-26,600036,14:13:49,37.0600,317,1
2026-05-26,600036,14:13:52,37.0600,270,1
2026-05-26,600036,14:13:55,37.0600,19,1
2026-05-26,600036,14:13:58,37.0600,21,1
2026-05-26,600036,14:14:01,37.0500,107,2
2026-05-26,600036,14:14:04,37.0600,145,1
2026-05-26,600036,14:14:07,37.0500,694,2
2026-05-26,600036,14:14:10,37.0500,151,1
2026-05-26,600036,14:14:13,37.0500,86,1
2026-05-26,600036,14:14:16,37.0500,99,1
2026-05-26,600036,14:14:19,37.0500,21,1
2026-05-26,600036,14:14:22,37.0500,16,1
2026-05-26,600036,14:14:25,37.0500,6,1
2026-05-26,600036,14:14:31,37.0400,31,2
2026-05-26,600036,14:14:34,37.0500,18,1
2026-05-26,600036,14:14:37,37.0500,9,1
2026-05-26,600036,14:14:40,37.0500,103,1
2026-05-26,600036,14:14:43,37.0400,21,2
2026-05-26,600036,14:14:46,37.0500,9,1
2026-05-26,600036,14:14:49,37.0500,16,1
2026-05-26,600036,14:14:52,37.0500,54,1
2026-05-26,600036,14:14:58,37.0500,2,1
2026-05-26,600036,14:15:01,37.0400,18,2
2026-05-26,600036,14:15:04,37.0500,33,1
2026-05-26,600036,14:15:07,37.0500,73,1
2026-05-26,600036,14:15:10,37.0400,88,2
2026-05-26,600036,14:15:13,37.0500,18,1
2026-05-26,600036,14:15:16,37.0400,16,2
2026-05-26,600036,14:15:19,37.0500,496,1
2026-05-26,600036,14:15:22,37.0500,54,1
2026-05-26,600036,14:15:28,37.0400,21,2
2026-05-26,600036,14:15:31,37.0500,45,1
2026-05-26,600036,14:15:34,37.0500,155,1
2026-05-26,600036,14:15:37,37.0500,9,1
2026-05-26,600036,14:15:40,37.0400,486,2
2026-05-26,600036,14:15:43,37.0400,116,2
2026-05-26,600036,14:15:46,37.0500,9,1
2026-05-26,600036,14:15:49,37.0400,21,2
2026-05-26,600036,14:15:52,37.0500,56,1
2026-05-26,600036,14:15:55,37.0400,6,2
2026-05-26,600036,14:15:58,37.0500,9,1
2026-05-26,600036,14:16:01,37.0400,7,2
2026-05-26,600036,14:16:04,37.0500,33,1
2026-05-26,600036,14:16:07,37.0400,24,2
2026-05-26,600036,14:16:10,37.0400,1,2
2026-05-26,600036,14:16:13,37.0500,10,1
2026-05-26,600036,14:16:16,37.0500,10,1
2026-05-26,600036,14:16:19,37.0400,372,2
2026-05-26,600036,14:16:22,37.0500,43,1
2026-05-26,600036,14:16:25,37.0500,58,1
2026-05-26,600036,14:16:28,37.0400,9,2
2026-05-26,600036,14:16:31,37.0500,30,1
2026-05-26,600036,14:16:34,37.0500,5,1
2026-05-26,600036,14:16:37,37.0500,4,1
2026-05-26,600036,14:16:40,37.0500,4,1
2026-05-26,600036,14:16:43,37.0400,43,2
2026-05-26,600036,14:16:46,37.0500,13,1
2026-05-26,600036,14:16:49,37.0500,72,1
2026-05-26,600036,14:16:52,37.0500,29,1
2026-05-26,600036,14:16:55,37.0400,20,2
2026-05-26,600036,14:16:58,37.0500,9,1
2026-05-26,600036,14:17:01,37.0400,6,2
2026-05-26,600036,14:17:04,37.0500,77,1
2026-05-26,600036,14:17:07,37.0500,1,1
2026-05-26,600036,14:17:10,37.0400,33,2
2026-05-26,600036,14:17:13,37.0400,10,2
2026-05-26,600036,14:17:16,37.0400,237,2
2026-05-26,600036,14:17:19,37.0400,85,2
2026-05-26,600036,14:17:22,37.0500,4,1
2026-05-26,600036,14:17:25,37.0500,72,1
2026-05-26,600036,14:17:28,37.0500,16,1
2026-05-26,600036,14:17:31,37.0400,83,2
2026-05-26,600036,14:17:34,37.0400,71,2
2026-05-26,600036,14:17:37,37.0400,4,2
2026-05-26,600036,14:17:40,37.0400,866,2
2026-05-26,600036,14:17:43,37.0300,504,2
2026-05-26,600036,14:17:46,37.0300,30,1
2026-05-26,600036,14:17:49,37.0300,49,1
2026-05-26,600036,14:17:52,37.0400,521,1
2026-05-26,600036,14:17:55,37.0200,277,2
2026-05-26,600036,14:17:58,37.0200,8,2
2026-05-26,600036,14:18:01,37.0300,137,1
2026-05-26,600036,14:18:04,37.0300,46,1
2026-05-26,600036,14:18:10,37.0300,57,1
2026-05-26,600036,14:18:13,37.0300,38,1
2026-05-26,600036,14:18:16,37.0300,111,1
2026-05-26,600036,14:18:19,37.0300,35,1
2026-05-26,600036,14:18:22,37.0300,51,1
2026-05-26,600036,14:18:25,37.0300,40,1
2026-05-26,600036,14:18:28,37.0300,174,1
2026-05-26,600036,14:18:31,37.0300,12,2
2026-05-26,600036,14:18:34,37.0300,39,2
2026-05-26,600036,14:18:37,37.0300,94,2
2026-05-26,600036,14:18:40,37.0400,2,1
2026-05-26,600036,14:18:43,37.0300,61,2
2026-05-26,600036,14:18:46,37.0300,10,2
2026-05-26,600036,14:18:49,37.0400,7,1
2026-05-26,600036,14:18:52,37.0300,3,2
2026-05-26,600036,14:18:55,37.0300,6,2
2026-05-26,600036,14:18:58,37.0400,3,1
2026-05-26,600036,14:19:01,37.0300,1,2
2026-05-26,600036,14:19:04,37.0400,4,1
2026-05-26,600036,14:19:07,37.0400,6,1
2026-05-26,600036,14:19:10,37.0300,3,2
2026-05-26,600036,14:19:13,37.0400,2,1
2026-05-26,600036,14:19:16,37.0400,10,1
2026-05-26,600036,14:19:19,37.0400,8,1
2026-05-26,600036,14:19:22,37.0400,10,1
2026-05-26,600036,14:19:25,37.0300,27,2
2026-05-26,600036,14:19:28,37.0300,10,2
2026-05-26,600036,14:19:31,37.0400,29,1
2026-05-26,600036,14:19:34,37.0300,65,2
2026-05-26,600036,14:19:37,37.0400,238,1
2026-05-26,600036,14:19:40,37.0400,17,1
2026-05-26,600036,14:19:43,37.0300,22,2
2026-05-26,600036,14:19:46,37.0400,2,1
2026-05-26,600036,14:19:49,37.0400,4,1
2026-05-26,600036,14:19:52,37.0400,6,1
2026-05-26,600036,14:19:55,37.0300,298,2
2026-05-26,600036,14:19:58,37.0300,180,2
2026-05-26,600036,14:20:01,37.0200,22,2
2026-05-26,600036,14:20:04,37.0300,107,1
2026-05-26,600036,14:20:07,37.0300,25,1
2026-05-26,600036,14:20:10,37.0300,18,1
2026-05-26,600036,14:20:13,37.0200,5,2
2026-05-26,600036,14:20:16,37.0300,5,1
2026-05-26,600036,14:20:19,37.0300,18,1
2026-05-26,600036,14:20:22,37.0300,18,1
2026-05-26,600036,14:20:28,37.0300,18,1
2026-05-26,600036,14:20:31,37.0200,18,2
2026-05-26,600036,14:20:34,37.0300,18,1
2026-05-26,600036,14:20:37,37.0300,78,1
2026-05-26,600036,14:20:40,37.0300,183,1
2026-05-26,600036,14:20:43,37.0200,235,2
2026-05-26,600036,14:20:46,37.0300,65,1
2026-05-26,600036,14:20:49,37.0200,3,2
2026-05-26,600036,14:20:52,37.0300,279,1
2026-05-26,600036,14:20:55,37.0300,23,1
2026-05-26,600036,14:20:58,37.0300,206,1
2026-05-26,600036,14:21:01,37.0200,29,2
2026-05-26,600036,14:21:04,37.0300,69,1
2026-05-26,600036,14:21:07,37.0300,36,1
2026-05-26,600036,14:21:10,37.0200,7,2
2026-05-26,600036,14:21:13,37.0300,53,1
2026-05-26,600036,14:21:16,37.0300,14,1
2026-05-26,600036,14:21:19,37.0200,12,2
2026-05-26,600036,14:21:25,37.0200,12,2
2026-05-26,600036,14:21:28,37.0200,94,2
2026-05-26,600036,14:21:31,37.0300,30,1
2026-05-26,600036,14:21:34,37.0200,12,2
2026-05-26,600036,14:21:37,37.0200,2,2
2026-05-26,600036,14:21:40,37.0300,23,1
2026-05-26,600036,14:21:43,37.0200,56,2
2026-05-26,600036,14:21:46,37.0300,18,1
2026-05-26,600036,14:21:49,37.0300,50,1
2026-05-26,600036,14:21:52,37.0200,23,2
2026-05-26,600036,14:21:55,37.0200,10,2
2026-05-26,600036,14:21:58,37.0300,505,1
2026-05-26,600036,14:22:01,37.0200,102,2
2026-05-26,600036,14:22:04,37.0300,39,1
2026-05-26,600036,14:22:07,37.0200,308,2
2026-05-26,600036,14:22:10,37.0200,30,2
2026-05-26,600036,14:22:13,37.0200,28,2
2026-05-26,600036,14:22:16,37.0200,9,2
2026-05-26,600036,14:22:19,37.0200,9,2
2026-05-26,600036,14:22:22,37.0300,31,1
2026-05-26,600036,14:22:25,37.0300,15,1
2026-05-26,600036,14:22:28,37.0300,8,1
2026-05-26,600036,14:22:31,37.0300,27,1
2026-05-26,600036,14:22:34,37.0200,69,2
2026-05-26,600036,14:22:37,37.0300,13,1
2026-05-26,600036,14:22:40,37.0300,31,1
2026-05-26,600036,14:22:43,37.0200,35,2
2026-05-26,600036,14:22:46,37.0300,7,1
2026-05-26,600036,14:22:49,37.0200,43,2
2026-05-26,600036,14:22:52,37.0300,15,1
2026-05-26,600036,14:22:55,37.0300,61,1
2026-05-26,600036,14:22:58,37.0300,45,1
2026-05-26,600036,14:23:01,37.0300,189,1
2026-05-26,600036,14:23:04,37.0300,9,1
2026-05-26,600036,14:23:07,37.0300,27,1
2026-05-26,600036,14:23:10,37.0200,126,2
2026-05-26,600036,14:23:13,37.0300,55,1
2026-05-26,600036,14:23:16,37.0300,56,1
2026-05-26,600036,14:23:19,37.0200,53,2
2026-05-26,600036,14:23:22,37.0300,31,1
2026-05-26,600036,14:23:25,37.0200,2,2
2026-05-26,600036,14:23:28,37.0300,17,1
2026-05-26,600036,14:23:31,37.0200,127,2
2026-05-26,600036,14:23:34,37.0200,61,2
2026-05-26,600036,14:23:37,37.0200,42,2
2026-05-26,600036,14:23:40,37.0300,45,1
2026-05-26,600036,14:23:43,37.0200,23,2
2026-05-26,600036,14:23:46,37.0200,22,2
2026-05-26,600036,14:23:49,37.0300,306,1
2026-05-26,600036,14:23:52,37.0300,33,1
2026-05-26,600036,14:23:55,37.0200,30,2
2026-05-26,600036,14:23:58,37.0300,264,1
2026-05-26,600036,14:24:01,37.0200,163,2
2026-05-26,600036,14:24:04,37.0300,52,1
2026-05-26,600036,14:24:07,37.0300,20,1
2026-05-26,600036,14:24:10,37.0200,58,2
2026-05-26,600036,14:24:13,37.0200,10,2
2026-05-26,600036,14:24:16,37.0300,36,1
2026-05-26,600036,14:24:19,37.0300,63,1
2026-05-26,600036,14:24:22,37.0300,18,1
2026-05-26,600036,14:24:25,37.0200,323,2
2026-05-26,600036,14:24:28,37.0200,60,2
2026-05-26,600036,14:24:31,37.0200,47,2
2026-05-26,600036,14:24:34,37.0300,32,1
2026-05-26,600036,14:24:37,37.0300,27,1
2026-05-26,600036,14:24:40,37.0200,58,2
2026-05-26,600036,14:24:43,37.0300,60,1
2026-05-26,600036,14:24:46,37.0300,27,1
2026-05-26,600036,14:24:49,37.0300,10,1
2026-05-26,600036,14:24:52,37.0300,1,1
2026-05-26,600036,14:24:55,37.0200,34,2
2026-05-26,600036,14:24:58,37.0300,78,1
2026-05-26,600036,14:25:01,37.0200,25,2
2026-05-26,600036,14:25:04,37.0300,170,1
2026-05-26,600036,14:25:07,37.0300,27,1
2026-05-26,600036,14:25:10,37.0200,70,2
2026-05-26,600036,14:25:13,37.0300,29,1
2026-05-26,600036,14:25:16,37.0300,112,1
2026-05-26,600036,14:25:19,37.0300,17,1
2026-05-26,600036,14:25:22,37.0200,69,2
2026-05-26,600036,14:25:25,37.0300,35,1
2026-05-26,600036,14:25:28,37.0300,35,1
2026-05-26,600036,14:25:31,37.0200,72,2
2026-05-26,600036,14:25:34,37.0300,33,1
2026-05-26,600036,14:25:37,37.0200,1,2
2026-05-26,600036,14:25:40,37.0300,38,1
2026-05-26,600036,14:25:43,37.0300,180,1
2026-05-26,600036,14:25:46,37.0300,102,1
2026-05-26,600036,14:25:49,37.0300,106,1
2026-05-26,600036,14:25:52,37.0300,197,1
2026-05-26,600036,14:25:55,37.0300,48,1
2026-05-26,600036,14:25:58,37.0300,44,1
2026-05-26,600036,14:26:01,37.0200,1719,2
2026-05-26,600036,14:26:04,37.0300,131,1
2026-05-26,600036,14:26:07,37.0300,16,1
2026-05-26,600036,14:26:10,37.0300,24,1
2026-05-26,600036,14:26:13,37.0200,20,2
2026-05-26,600036,14:26:16,37.0300,27,1
2026-05-26,600036,14:26:19,37.0300,30,1
2026-05-26,600036,14:26:22,37.0300,1663,1
2026-05-26,600036,14:26:25,37.0200,166,2
2026-05-26,600036,14:26:28,37.0300,15,1
2026-05-26,600036,14:26:31,37.0300,121,1
2026-05-26,600036,14:26:34,37.0300,17,4
2026-05-26,600036,14:26:37,37.0400,50,1
2026-05-26,600036,14:26:40,37.0300,13,4
2026-05-26,600036,14:26:43,37.0300,4,4
2026-05-26,600036,14:26:46,37.0200,71,2
2026-05-26,600036,14:26:49,37.0400,41,1
2026-05-26,600036,14:26:52,37.0300,36,1
2026-05-26,600036,14:26:55,37.0300,64,1
2026-05-26,600036,14:26:58,37.0200,439,2
2026-05-26,600036,14:27:01,37.0300,134,1
2026-05-26,600036,14:27:04,37.0200,67,2
2026-05-26,600036,14:27:07,37.0300,46,1
2026-05-26,600036,14:27:10,37.0400,143,1
2026-05-26,600036,14:27:13,37.0300,25,4
2026-05-26,600036,14:27:16,37.0300,169,4
2026-05-26,600036,14:27:19,37.0200,140,2
2026-05-26,600036,14:27:22,37.0300,186,1
2026-05-26,600036,14:27:25,37.0300,116,1
2026-05-26,600036,14:27:28,37.0300,145,1
2026-05-26,600036,14:27:31,37.0300,277,4
2026-05-26,600036,14:27:34,37.0300,39,2
2026-05-26,600036,14:27:37,37.0300,128,2
2026-05-26,600036,14:27:40,37.0400,16,1
2026-05-26,600036,14:27:43,37.0400,21,1
2026-05-26,600036,14:27:46,37.0400,12,1
2026-05-26,600036,14:27:49,37.0300,52,2
2026-05-26,600036,14:27:52,37.0400,71,1
2026-05-26,600036,14:27:55,37.0400,57,1
2026-05-26,600036,14:27:58,37.0400,15,1
2026-05-26,600036,14:28:01,37.0400,33,1
2026-05-26,600036,14:28:04,37.0400,47,1
2026-05-26,600036,14:28:07,37.0400,57,1
2026-05-26,600036,14:28:10,37.0400,38,1
2026-05-26,600036,14:28:13,37.0400,111,1
2026-05-26,600036,14:28:16,37.0400,9,1
2026-05-26,600036,14:28:19,37.0400,147,1
2026-05-26,600036,14:28:22,37.0400,23,1
2026-05-26,600036,14:28:25,37.0400,1,1
2026-05-26,600036,14:28:28,37.0400,14,1
2026-05-26,600036,14:28:31,37.0400,36,1
2026-05-26,600036,14:28:34,37.0300,17,2
2026-05-26,600036,14:28:37,37.0400,9,1
2026-05-26,600036,14:28:40,37.0300,286,2
2026-05-26,600036,14:28:43,37.0300,2,2
2026-05-26,600036,14:28:46,37.0300,31,2
2026-05-26,600036,14:28:49,37.0400,14,1
2026-05-26,600036,14:28:52,37.0300,34,2
2026-05-26,600036,14:28:55,37.0300,29,2
2026-05-26,600036,14:28:58,37.0300,95,2
2026-05-26,600036,14:29:01,37.0400,97,1
2026-05-26,600036,14:29:04,37.0300,199,2
2026-05-26,600036,14:29:07,37.0400,88,1
2026-05-26,600036,14:29:10,37.0400,66,1
2026-05-26,600036,14:29:13,37.0300,337,2
2026-05-26,600036,14:29:16,37.0300,37,2
2026-05-26,600036,14:29:19,37.0400,198,1
2026-05-26,600036,14:29:22,37.0400,27,1
2026-05-26,600036,14:29:25,37.0400,53,1
2026-05-26,600036,14:29:28,37.0400,54,1
2026-05-26,600036,14:29:31,37.0400,49,1
2026-05-26,600036,14:29:34,37.0400,41,1
2026-05-26,600036,14:29:37,37.0400,59,1
2026-05-26,600036,14:29:40,37.0300,332,2
2026-05-26,600036,14:29:43,37.0400,41,1
2026-05-26,600036,14:29:46,37.0400,60,1
2026-05-26,600036,14:29:49,37.0400,14,1
2026-05-26,600036,14:29:52,37.0400,102,1
2026-05-26,600036,14:29:55,37.0400,73,1
2026-05-26,600036,14:29:58,37.0300,68,2
2026-05-26,600036,14:30:01,37.0300,12,2
2026-05-26,600036,14:30:04,37.0400,85,1
2026-05-26,600036,14:30:07,37.0400,49,1
2026-05-26,600036,14:30:10,37.0400,23,1
2026-05-26,600036,14:30:13,37.0400,44,1
2026-05-26,600036,14:30:16,37.0400,41,1
2026-05-26,600036,14:30:19,37.0400,119,1
2026-05-26,600036,14:30:22,37.0400,65,1
2026-05-26,600036,14:30:25,37.0500,65,1
2026-05-26,600036,14:30:28,37.0500,44,1
2026-05-26,600036,14:30:31,37.0400,54,1
2026-05-26,600036,14:30:34,37.0400,56,1
2026-05-26,600036,14:30:37,37.0400,117,1
2026-05-26,600036,14:30:40,37.0300,46,2
2026-05-26,600036,14:30:43,37.0400,81,1
2026-05-26,600036,14:30:46,37.0400,19,1
2026-05-26,600036,14:30:49,37.0400,15,1
2026-05-26,600036,14:30:52,37.0400,80,1
2026-05-26,600036,14:30:55,37.0400,150,1
2026-05-26,600036,14:30:58,37.0400,113,1
2026-05-26,600036,14:31:01,37.0400,34,1
2026-05-26,600036,14:31:04,37.0400,116,1
2026-05-26,600036,14:31:07,37.0400,73,1
2026-05-26,600036,14:31:10,37.0400,57,1
2026-05-26,600036,14:31:13,37.0400,40,1
2026-05-26,600036,14:31:16,37.0400,271,1
2026-05-26,600036,14:31:19,37.0400,109,1
2026-05-26,600036,14:31:22,37.0400,315,1
2026-05-26,600036,14:31:25,37.0400,38,1
2026-05-26,600036,14:31:28,37.0400,33,1
2026-05-26,600036,14:31:31,37.0400,109,1
2026-05-26,600036,14:31:34,37.0300,179,2
2026-05-26,600036,14:31:37,37.0300,59,2
2026-05-26,600036,14:31:40,37.0300,81,2
2026-05-26,600036,14:31:43,37.0400,80,1
2026-05-26,600036,14:31:46,37.0300,49,2
2026-05-26,600036,14:31:49,37.0400,42,1
2026-05-26,600036,14:31:52,37.0400,67,1
2026-05-26,600036,14:31:55,37.0400,102,1
2026-05-26,600036,14:31:58,37.0400,84,1
2026-05-26,600036,14:32:01,37.0400,57,1
2026-05-26,600036,14:32:04,37.0400,131,1
2026-05-26,600036,14:32:07,37.0400,41,1
2026-05-26,600036,14:32:10,37.0400,123,1
2026-05-26,600036,14:32:13,37.0400,67,1
2026-05-26,600036,14:32:16,37.0400,88,1
2026-05-26,600036,14:32:19,37.0400,42,1
2026-05-26,600036,14:32:22,37.0400,20,1
2026-05-26,600036,14:32:25,37.0400,89,1
2026-05-26,600036,14:32:28,37.0300,106,2
2026-05-26,600036,14:32:31,37.0300,259,2
2026-05-26,600036,14:32:34,37.0400,243,1
2026-05-26,600036,14:32:37,37.0400,13,1
2026-05-26,600036,14:32:40,37.0400,1611,1
2026-05-26,600036,14:32:43,37.0400,90,1
2026-05-26,600036,14:32:46,37.0400,83,1
2026-05-26,600036,14:32:49,37.0400,40,1
2026-05-26,600036,14:32:52,37.0400,31,1
2026-05-26,600036,14:32:55,37.0300,349,2
2026-05-26,600036,14:32:58,37.0400,71,1
2026-05-26,600036,14:33:01,37.0400,19,1
2026-05-26,600036,14:33:04,37.0300,20,2
2026-05-26,600036,14:33:07,37.0300,135,2
2026-05-26,600036,14:33:10,37.0300,1697,2
2026-05-26,600036,14:33:13,37.0300,536,1
2026-05-26,600036,14:33:16,37.0300,63,1
2026-05-26,600036,14:33:19,37.0300,54,1
2026-05-26,600036,14:33:22,37.0300,112,1
2026-05-26,600036,14:33:25,37.0300,21,1
2026-05-26,600036,14:33:28,37.0300,3,1
2026-05-26,600036,14:33:31,37.0200,80,2
2026-05-26,600036,14:33:34,37.0300,14,1
2026-05-26,600036,14:33:37,37.0300,114,1
2026-05-26,600036,14:33:40,37.0300,34,1
2026-05-26,600036,14:33:43,37.0200,27,2
2026-05-26,600036,14:33:46,37.0300,11,1
2026-05-26,600036,14:33:49,37.0300,9,1
2026-05-26,600036,14:33:52,37.0200,82,2
2026-05-26,600036,14:33:55,37.0200,149,2
2026-05-26,600036,14:33:58,37.0200,5,2
2026-05-26,600036,14:34:01,37.0300,6,1
2026-05-26,600036,14:34:04,37.0300,443,1
2026-05-26,600036,14:34:07,37.0200,1761,2
2026-05-26,600036,14:34:10,37.0100,450,2
2026-05-26,600036,14:34:13,37.0100,65,2
2026-05-26,600036,14:34:16,37.0100,132,2
2026-05-26,600036,14:34:19,37.0100,135,2
2026-05-26,600036,14:34:22,37.0100,34,2
2026-05-26,600036,14:34:25,37.0200,116,1
2026-05-26,600036,14:34:28,37.0200,144,1
2026-05-26,600036,14:34:31,37.0200,331,1
2026-05-26,600036,14:34:34,37.0200,29,1
2026-05-26,600036,14:34:37,37.0200,288,1
2026-05-26,600036,14:34:40,37.0200,91,1
2026-05-26,600036,14:34:43,37.0200,13,1
2026-05-26,600036,14:34:46,37.0200,68,1
2026-05-26,600036,14:34:49,37.0200,20,1
2026-05-26,600036,14:34:52,37.0200,49,1
2026-05-26,600036,14:34:55,37.0200,4,1
2026-05-26,600036,14:34:58,37.0200,46,1
2026-05-26,600036,14:35:01,37.0200,24,1
2026-05-26,600036,14:35:04,37.0200,355,1
2026-05-26,600036,14:35:07,37.0200,97,1
2026-05-26,600036,14:35:10,37.0200,99,1
2026-05-26,600036,14:35:13,37.0200,340,1
2026-05-26,600036,14:35:16,37.0100,43,2
2026-05-26,600036,14:35:19,37.0200,264,1
2026-05-26,600036,14:35:22,37.0200,207,1
2026-05-26,600036,14:35:25,37.0200,344,1
2026-05-26,600036,14:35:28,37.0200,133,1
2026-05-26,600036,14:35:31,37.0200,436,1
2026-05-26,600036,14:35:34,37.0200,94,1
2026-05-26,600036,14:35:37,37.0100,220,2
2026-05-26,600036,14:35:40,37.0200,78,1
2026-05-26,600036,14:35:43,37.0100,110,2
2026-05-26,600036,14:35:46,37.0200,26,1
2026-05-26,600036,14:35:49,37.0100,4539,2
2026-05-26,600036,14:35:52,37.0100,293,1
2026-05-26,600036,14:35:55,37.0100,2454,1
2026-05-26,600036,14:35:58,37.0100,78,1
2026-05-26,600036,14:36:01,37.0000,96,2
2026-05-26,600036,14:36:04,37.0100,33,1
2026-05-26,600036,14:36:07,37.0000,46,2
2026-05-26,600036,14:36:10,37.0000,165,2
2026-05-26,600036,14:36:13,37.0000,43,2
2026-05-26,600036,14:36:16,37.0000,1318,2
2026-05-26,600036,14:36:19,37.0100,59,1
2026-05-26,600036,14:36:22,37.0000,646,2
2026-05-26,600036,14:36:25,37.0000,1239,2
2026-05-26,600036,14:36:28,37.0100,30,1
2026-05-26,600036,14:36:31,37.0000,2106,2
2026-05-26,600036,14:36:34,37.0000,6241,2
2026-05-26,600036,14:36:37,37.0000,170,1
2026-05-26,600036,14:36:40,37.0000,171,1
2026-05-26,600036,14:36:43,37.0000,137,1
2026-05-26,600036,14:36:46,37.0000,51,1
2026-05-26,600036,14:36:49,37.0000,877,1
2026-05-26,600036,14:36:52,37.0000,100,1
2026-05-26,600036,14:36:55,37.0000,69,1
2026-05-26,600036,14:36:58,36.9900,53,2
2026-05-26,600036,14:37:01,36.9900,122,2
2026-05-26,600036,14:37:04,36.9900,66,2
2026-05-26,600036,14:37:07,36.9900,111,2
2026-05-26,600036,14:37:10,37.0000,98,1
2026-05-26,600036,14:37:13,36.9900,681,2
2026-05-26,600036,14:37:16,37.0000,97,1
2026-05-26,600036,14:37:19,37.0000,243,1
2026-05-26,600036,14:37:22,37.0000,57,1
2026-05-26,600036,14:37:25,37.0000,58,1
2026-05-26,600036,14:37:28,37.0000,170,1
2026-05-26,600036,14:37:31,36.9900,196,2
2026-05-26,600036,14:37:34,36.9900,98,2
2026-05-26,600036,14:37:37,37.0000,52,1
2026-05-26,600036,14:37:40,37.0000,51,1
2026-05-26,600036,14:37:43,37.0000,16,1
2026-05-26,600036,14:37:46,36.9900,303,2
2026-05-26,600036,14:37:49,36.9900,170,2
2026-05-26,600036,14:37:52,36.9900,80,2
2026-05-26,600036,14:37:55,37.0000,214,1
2026-05-26,600036,14:37:58,37.0000,379,1
2026-05-26,600036,14:38:01,36.9900,188,2
2026-05-26,600036,14:38:04,37.0000,34,1
2026-05-26,600036,14:38:07,36.9900,64,2
2026-05-26,600036,14:38:10,36.9900,175,2
2026-05-26,600036,14:38:13,36.9900,43,2
2026-05-26,600036,14:38:16,37.0000,37,1
2026-05-26,600036,14:38:19,37.0000,23,1
2026-05-26,600036,14:38:22,36.9900,31,2
2026-05-26,600036,14:38:25,37.0000,544,1
2026-05-26,600036,14:38:28,37.0000,139,1
2026-05-26,600036,14:38:31,37.0000,22,1
2026-05-26,600036,14:38:34,36.9900,53,2
2026-05-26,600036,14:38:37,37.0000,81,1
2026-05-26,600036,14:38:40,37.0000,46,1
2026-05-26,600036,14:38:43,37.0000,180,1
2026-05-26,600036,14:38:46,37.0000,83,1
2026-05-26,600036,14:38:49,36.9900,314,2
2026-05-26,600036,14:38:52,37.0000,1,1
2026-05-26,600036,14:38:55,36.9900,68,2
2026-05-26,600036,14:38:58,36.9900,75,2
2026-05-26,600036,14:39:01,37.0000,140,1
2026-05-26,600036,14:39:04,37.0000,79,1
2026-05-26,600036,14:39:07,37.0000,29,1
2026-05-26,600036,14:39:10,37.0000,75,1
2026-05-26,600036,14:39:13,37.0000,57,1
2026-05-26,600036,14:39:16,37.0000,79,1
2026-05-26,600036,14:39:19,36.9900,950,2
2026-05-26,600036,14:39:22,37.0000,299,1
2026-05-26,600036,14:39:25,36.9900,44,2
2026-05-26,600036,14:39:28,37.0000,65,1
2026-05-26,600036,14:39:31,37.0000,43,1
2026-05-26,600036,14:39:34,36.9900,181,2
2026-05-26,600036,14:39:37,37.0000,68,1
2026-05-26,600036,14:39:40,37.0000,4,1
2026-05-26,600036,14:39:43,36.9900,56,2
2026-05-26,600036,14:39:46,36.9900,73,2
2026-05-26,600036,14:39:49,37.0000,31,1
2026-05-26,600036,14:39:52,37.0000,74,1
2026-05-26,600036,14:39:55,36.9900,544,2
2026-05-26,600036,14:39:58,36.9900,157,2
2026-05-26,600036,14:40:01,36.9900,89,2
2026-05-26,600036,14:40:04,37.0000,177,1
2026-05-26,600036,14:40:07,37.0000,1564,1
2026-05-26,600036,14:40:10,37.0000,159,2
2026-05-26,600036,14:40:13,37.0100,254,1
2026-05-26,600036,14:40:16,37.0100,29,1
2026-05-26,600036,14:40:19,37.0100,180,1
2026-05-26,600036,14:40:22,37.0000,57,2
2026-05-26,600036,14:40:25,37.0000,24,2
2026-05-26,600036,14:40:28,37.0000,166,2
2026-05-26,600036,14:40:31,37.0000,5,2
2026-05-26,600036,14:40:34,37.0000,12,2
2026-05-26,600036,14:40:37,37.0000,81,2
2026-05-26,600036,14:40:40,37.0100,25,1
2026-05-26,600036,14:40:43,37.0000,194,2
2026-05-26,600036,14:40:46,37.0100,15,1
2026-05-26,600036,14:40:49,37.0000,16,2
2026-05-26,600036,14:40:52,37.0100,39,1
2026-05-26,600036,14:40:55,37.0000,164,2
2026-05-26,600036,14:40:58,37.0100,10,1
2026-05-26,600036,14:41:01,37.0100,15,1
2026-05-26,600036,14:41:04,37.0100,12,1
2026-05-26,600036,14:41:07,37.0000,69,2
2026-05-26,600036,14:41:10,37.0000,39,2
2026-05-26,600036,14:41:13,37.0100,345,1
2026-05-26,600036,14:41:16,37.0000,157,2
2026-05-26,600036,14:41:19,37.0000,30,2
2026-05-26,600036,14:41:22,37.0100,172,1
2026-05-26,600036,14:41:25,37.0100,32,1
2026-05-26,600036,14:41:28,37.0000,43,2
2026-05-26,600036,14:41:31,37.0100,117,1
2026-05-26,600036,14:41:34,37.0000,62,2
2026-05-26,600036,14:41:37,37.0100,23,1
2026-05-26,600036,14:41:40,37.0000,138,2
2026-05-26,600036,14:41:43,37.0000,844,2
2026-05-26,600036,14:41:46,37.0000,32,2
2026-05-26,600036,14:41:49,37.0000,448,2
2026-05-26,600036,14:41:52,37.0000,134,2
2026-05-26,600036,14:41:55,37.0100,213,1
2026-05-26,600036,14:41:58,37.0100,133,1
2026-05-26,600036,14:42:01,37.0000,43,2
2026-05-26,600036,14:42:04,37.0000,16,2
2026-05-26,600036,14:42:07,37.0100,38,1
2026-05-26,600036,14:42:10,37.0100,134,1
2026-05-26,600036,14:42:13,37.0100,46,1
2026-05-26,600036,14:42:16,37.0000,29,2
2026-05-26,600036,14:42:19,37.0000,159,2
2026-05-26,600036,14:42:22,37.0000,334,2
2026-05-26,600036,14:42:25,37.0000,77,2
2026-05-26,600036,14:42:28,37.0000,172,2
2026-05-26,600036,14:42:31,37.0000,846,2
2026-05-26,600036,14:42:34,37.0100,918,1
2026-05-26,600036,14:42:37,37.0000,77,2
2026-05-26,600036,14:42:40,37.0000,764,1
2026-05-26,600036,14:42:43,36.9900,133,2
2026-05-26,600036,14:42:46,37.0000,93,1
2026-05-26,600036,14:42:49,36.9900,99,2
2026-05-26,600036,14:42:52,37.0000,84,1
2026-05-26,600036,14:42:55,36.9900,102,2
2026-05-26,600036,14:42:58,36.9900,67,2
2026-05-26,600036,14:43:01,36.9900,56,2
2026-05-26,600036,14:43:04,37.0000,43,1
2026-05-26,600036,14:43:07,36.9900,143,2
2026-05-26,600036,14:43:10,37.0000,92,1
2026-05-26,600036,14:43:13,36.9900,446,2
2026-05-26,600036,14:43:16,37.0000,37,1
2026-05-26,600036,14:43:19,37.0000,200,1
2026-05-26,600036,14:43:22,36.9900,160,2
2026-05-26,600036,14:43:25,37.0000,104,1
2026-05-26,600036,14:43:28,37.0000,207,1
2026-05-26,600036,14:43:31,37.0000,259,1
2026-05-26,600036,14:43:34,36.9900,858,2
2026-05-26,600036,14:43:37,37.0000,128,1
2026-05-26,600036,14:43:40,37.0000,48,1
2026-05-26,600036,14:43:43,37.0000,125,1
2026-05-26,600036,14:43:46,37.0000,150,1
2026-05-26,600036,14:43:49,37.0000,130,1
2026-05-26,600036,14:43:52,37.0000,112,1
2026-05-26,600036,14:43:55,37.0000,196,1
2026-05-26,600036,14:43:58,36.9900,189,2
2026-05-26,600036,14:44:01,37.0000,268,1
2026-05-26,600036,14:44:04,36.9900,85,2
2026-05-26,600036,14:44:07,37.0000,134,1
2026-05-26,600036,14:44:10,37.0000,237,1
2026-05-26,600036,14:44:13,36.9900,18,2
2026-05-26,600036,14:44:16,37.0000,62,1
2026-05-26,600036,14:44:19,37.0000,233,1
2026-05-26,600036,14:44:22,37.0000,30,1
2026-05-26,600036,14:44:25,36.9900,49,2
2026-05-26,600036,14:44:28,37.0000,170,1
2026-05-26,600036,14:44:31,37.0000,66,1
2026-05-26,600036,14:44:34,37.0000,77,1
2026-05-26,600036,14:44:37,37.0000,81,1
2026-05-26,600036,14:44:40,37.0000,53,1
2026-05-26,600036,14:44:43,37.0000,50,1
2026-05-26,600036,14:44:46,37.0000,375,1
2026-05-26,600036,14:44:49,37.0000,523,1
2026-05-26,600036,14:44:52,37.0000,16,2
2026-05-26,600036,14:44:55,37.0000,26,2
2026-05-26,600036,14:44:58,37.0000,38,2
2026-05-26,600036,14:45:01,37.0000,53,2
2026-05-26,600036,14:45:04,37.0000,154,2
2026-05-26,600036,14:45:07,37.0100,227,1
2026-05-26,600036,14:45:10,37.0000,120,2
2026-05-26,600036,14:45:13,37.0000,46,2
2026-05-26,600036,14:45:16,37.0100,162,1
2026-05-26,600036,14:45:19,37.0000,126,2
2026-05-26,600036,14:45:22,36.9900,412,2
2026-05-26,600036,14:45:25,37.0000,72,1
2026-05-26,600036,14:45:28,37.0000,42,1
2026-05-26,600036,14:45:31,36.9900,149,2
2026-05-26,600036,14:45:34,37.0000,157,1
2026-05-26,600036,14:45:37,37.0000,565,1
2026-05-26,600036,14:45:40,36.9900,109,2
2026-05-26,600036,14:45:43,36.9900,103,2
2026-05-26,600036,14:45:46,37.0000,94,1
2026-05-26,600036,14:45:49,37.0000,257,1
2026-05-26,600036,14:45:52,37.0000,153,1
2026-05-26,600036,14:45:55,37.0000,43,1
2026-05-26,600036,14:45:58,37.0000,5,1
2026-05-26,600036,14:46:01,36.9900,27,2
2026-05-26,600036,14:46:04,36.9900,82,2
2026-05-26,600036,14:46:07,37.0000,126,1
2026-05-26,600036,14:46:10,37.0000,77,1
2026-05-26,600036,14:46:13,36.9900,98,2
2026-05-26,600036,14:46:16,37.0000,106,1
2026-05-26,600036,14:46:19,37.0000,343,1
2026-05-26,600036,14:46:22,37.0000,53,1
2026-05-26,600036,14:46:25,37.0000,62,1
2026-05-26,600036,14:46:28,37.0000,99,1
2026-05-26,600036,14:46:31,36.9900,17,2
2026-05-26,600036,14:46:34,37.0000,79,1
2026-05-26,600036,14:46:37,37.0000,10,1
2026-05-26,600036,14:46:40,37.0000,37,1
2026-05-26,600036,14:46:43,37.0000,72,1
2026-05-26,600036,14:46:46,36.9900,388,2
2026-05-26,600036,14:46:49,37.0000,84,1
2026-05-26,600036,14:46:52,37.0000,49,1
2026-05-26,600036,14:46:55,36.9900,30,2
2026-05-26,600036,14:46:58,36.9900,106,2
2026-05-26,600036,14:47:01,37.0000,115,1
2026-05-26,600036,14:47:04,36.9900,107,2
2026-05-26,600036,14:47:07,36.9900,87,2
2026-05-26,600036,14:47:10,36.9900,77,2
2026-05-26,600036,14:47:13,37.0100,2018,1
2026-05-26,600036,14:47:16,37.0000,123,2
2026-05-26,600036,14:47:19,37.0100,164,1
2026-05-26,600036,14:47:22,37.0100,81,1
2026-05-26,600036,14:47:25,37.0100,64,1
2026-05-26,600036,14:47:28,37.0100,34,1
2026-05-26,600036,14:47:31,37.0000,41,2
2026-05-26,600036,14:47:34,37.0000,75,2
2026-05-26,600036,14:47:37,37.0100,22,1
2026-05-26,600036,14:47:40,37.0100,21,1
2026-05-26,600036,14:47:43,37.0100,10,1
2026-05-26,600036,14:47:46,37.0100,105,1
2026-05-26,600036,14:47:49,37.0100,77,1
2026-05-26,600036,14:47:52,37.0100,111,1
2026-05-26,600036,14:47:55,37.0100,42,1
2026-05-26,600036,14:47:58,37.0100,16,1
2026-05-26,600036,14:48:01,37.0000,135,2
2026-05-26,600036,14:48:04,37.0000,325,2
2026-05-26,600036,14:48:07,37.0000,3052,2
2026-05-26,600036,14:48:10,37.0000,51,1
2026-05-26,600036,14:48:13,37.0000,325,1
2026-05-26,600036,14:48:16,37.0000,74,2
2026-05-26,600036,14:48:19,37.0000,229,2
2026-05-26,600036,14:48:22,37.0000,60,1
2026-05-26,600036,14:48:25,37.0000,86,1
2026-05-26,600036,14:48:28,37.0000,559,1
2026-05-26,600036,14:48:31,37.0000,285,1
2026-05-26,600036,14:48:34,37.0000,165,1
2026-05-26,600036,14:48:37,37.0000,155,1
2026-05-26,600036,14:48:40,37.0000,72,1
2026-05-26,600036,14:48:43,36.9900,152,2
2026-05-26,600036,14:48:46,37.0000,204,1
2026-05-26,600036,14:48:49,37.0000,241,1
2026-05-26,600036,14:48:52,37.0000,177,1
2026-05-26,600036,14:48:55,37.0000,78,2
2026-05-26,600036,14:48:58,37.0000,162,2
2026-05-26,600036,14:49:01,37.0000,52,2
2026-05-26,600036,14:49:04,37.0000,129,2
2026-05-26,600036,14:49:07,37.0000,701,1
2026-05-26,600036,14:49:10,36.9900,92,2
2026-05-26,600036,14:49:13,37.0000,26,1
2026-05-26,600036,14:49:16,37.0000,80,1
2026-05-26,600036,14:49:19,36.9900,124,2
2026-05-26,600036,14:49:22,37.0000,173,1
2026-05-26,600036,14:49:25,37.0000,46,1
2026-05-26,600036,14:49:28,37.0000,76,1
2026-05-26,600036,14:49:31,37.0000,815,1
2026-05-26,600036,14:49:34,37.0000,121,1
2026-05-26,600036,14:49:37,37.0000,96,1
2026-05-26,600036,14:49:40,37.0000,137,1
2026-05-26,600036,14:49:43,36.9900,136,2
2026-05-26,600036,14:49:46,37.0000,642,1
2026-05-26,600036,14:49:49,36.9900,459,2
2026-05-26,600036,14:49:52,37.0000,163,1
2026-05-26,600036,14:49:55,36.9900,125,2
2026-05-26,600036,14:49:58,36.9900,93,2
2026-05-26,600036,14:50:01,36.9900,99,2
2026-05-26,600036,14:50:04,36.9900,64,2
2026-05-26,600036,14:50:07,37.0000,146,1
2026-05-26,600036,14:50:10,37.0000,66,1
2026-05-26,600036,14:50:13,37.0000,21,1
2026-05-26,600036,14:50:16,37.0000,153,1
2026-05-26,600036,14:50:19,37.0000,437,1
2026-05-26,600036,14:50:22,37.0000,338,1
2026-05-26,600036,14:50:25,37.0000,164,1
2026-05-26,600036,14:50:28,36.9900,140,2
2026-05-26,600036,14:50:31,37.0000,323,1
2026-05-26,600036,14:50:34,37.0000,110,1
2026-05-26,600036,14:50:37,37.0000,68,1
2026-05-26,600036,14:50:40,36.9900,72,2
2026-05-26,600036,14:50:43,37.0000,108,1
2026-05-26,600036,14:50:46,37.0000,100,1
2026-05-26,600036,14:50:49,36.9900,168,2
2026-05-26,600036,14:50:52,37.0000,79,1
2026-05-26,600036,14:50:55,37.0000,272,1
2026-05-26,600036,14:50:58,37.0000,27,1
2026-05-26,600036,14:51:01,37.0000,226,1
2026-05-26,600036,14:51:04,37.0000,134,1
2026-05-26,600036,14:51:07,37.0000,74,1
2026-05-26,600036,14:51:10,37.0000,92,1
2026-05-26,600036,14:51:13,37.0000,66,1
2026-05-26,600036,14:51:16,37.0000,285,1
2026-05-26,600036,14:51:19,37.0000,692,1
2026-05-26,600036,14:51:22,37.0000,161,1
2026-05-26,600036,14:51:25,36.9900,112,2
2026-05-26,600036,14:51:28,36.9900,993,2
2026-05-26,600036,14:51:31,36.9900,178,2
2026-05-26,600036,14:51:34,36.9900,52,2
2026-05-26,600036,14:51:37,36.9900,1197,2
2026-05-26,600036,14:51:40,36.9900,99,2
2026-05-26,600036,14:51:43,37.0000,48,1
2026-05-26,600036,14:51:46,37.0000,61,1
2026-05-26,600036,14:51:49,37.0000,395,1
2026-05-26,600036,14:51:52,37.0000,298,1
2026-05-26,600036,14:51:55,36.9900,100,2
2026-05-26,600036,14:51:58,37.0000,52,1
2026-05-26,600036,14:52:01,36.9900,381,2
2026-05-26,600036,14:52:04,36.9900,106,2
2026-05-26,600036,14:52:07,36.9900,305,2
2026-05-26,600036,14:52:10,37.0000,705,1
2026-05-26,600036,14:52:13,36.9900,432,2
2026-05-26,600036,14:52:16,37.0000,1042,1
2026-05-26,600036,14:52:19,37.0000,77,1
2026-05-26,600036,14:52:22,37.0000,58,1
2026-05-26,600036,14:52:25,37.0000,113,1
2026-05-26,600036,14:52:28,37.0000,108,1
2026-05-26,600036,14:52:31,36.9900,130,2
2026-05-26,600036,14:52:34,37.0000,191,1
2026-05-26,600036,14:52:37,37.0000,884,1
2026-05-26,600036,14:52:40,37.0000,41,1
2026-05-26,600036,14:52:43,37.0000,643,1
2026-05-26,600036,14:52:46,37.0000,33,1
2026-05-26,600036,14:52:49,37.0000,137,1
2026-05-26,600036,14:52:52,37.0000,87,1
2026-05-26,600036,14:52:55,37.0000,120,1
2026-05-26,600036,14:52:58,37.0000,105,1
2026-05-26,600036,14:53:01,37.0000,93,1
2026-05-26,600036,14:53:04,37.0000,1292,1
2026-05-26,600036,14:53:07,37.0000,149,1
2026-05-26,600036,14:53:10,37.0000,90,1
2026-05-26,600036,14:53:13,37.0000,217,1
2026-05-26,600036,14:53:16,37.0000,118,1
2026-05-26,600036,14:53:19,37.0000,43,1
2026-05-26,600036,14:53:22,37.0000,256,1
2026-05-26,600036,14:53:25,36.9900,58,2
2026-05-26,600036,14:53:28,37.0000,170,1
2026-05-26,600036,14:53:31,37.0000,93,1
2026-05-26,600036,14:53:34,37.0000,179,1
2026-05-26,600036,14:53:37,37.0000,273,1
2026-05-26,600036,14:53:40,37.0000,129,1
2026-05-26,600036,14:53:43,37.0000,90,1
2026-05-26,600036,14:53:46,36.9900,99,2
2026-05-26,600036,14:53:49,37.0000,134,1
2026-05-26,600036,14:53:52,37.0000,421,1
2026-05-26,600036,14:53:55,37.0000,150,2
2026-05-26,600036,14:53:58,37.0000,94,2
2026-05-26,600036,14:54:01,37.0000,147,2
2026-05-26,600036,14:54:04,37.0000,246,1
2026-05-26,600036,14:54:07,37.0000,93,1
2026-05-26,600036,14:54:10,37.0000,269,1
2026-05-26,600036,14:54:13,36.9900,40,2
2026-05-26,600036,14:54:16,37.0000,81,1
2026-05-26,600036,14:54:19,37.0000,78,1
2026-05-26,600036,14:54:22,37.0000,228,1
2026-05-26,600036,14:54:25,37.0000,68,2
2026-05-26,600036,14:54:28,37.0000,98,2
2026-05-26,600036,14:54:31,37.0000,165,1
2026-05-26,600036,14:54:34,36.9900,278,2
2026-05-26,600036,14:54:37,37.0000,437,1
2026-05-26,600036,14:54:40,37.0000,154,1
2026-05-26,600036,14:54:43,37.0000,82,1
2026-05-26,600036,14:54:46,37.0000,10,2
2026-05-26,600036,14:54:49,37.0100,12,1
2026-05-26,600036,14:54:52,37.0000,8,2
2026-05-26,600036,14:54:55,37.0100,41,1
2026-05-26,600036,14:54:58,37.0100,144,1
2026-05-26,600036,14:55:01,37.0100,196,1
2026-05-26,600036,14:55:04,37.0100,64,1
2026-05-26,600036,14:55:07,37.0000,45,2
2026-05-26,600036,14:55:10,37.0100,254,1
2026-05-26,600036,14:55:13,37.0100,265,1
2026-05-26,600036,14:55:16,37.0000,102,2
2026-05-26,600036,14:55:19,37.0100,106,1
2026-05-26,600036,14:55:22,37.0100,40,1
2026-05-26,600036,14:55:25,37.0100,167,1
2026-05-26,600036,14:55:28,37.0000,165,2
2026-05-26,600036,14:55:31,37.0100,261,1
2026-05-26,600036,14:55:34,37.0000,643,2
2026-05-26,600036,14:55:37,37.0000,759,2
2026-05-26,600036,14:55:40,37.0000,103,2
2026-05-26,600036,14:55:43,37.0100,20,1
2026-05-26,600036,14:55:46,37.0000,38,2
2026-05-26,600036,14:55:49,37.0100,25,1
2026-05-26,600036,14:55:52,37.0100,19,1
2026-05-26,600036,14:55:55,37.0100,28,1
2026-05-26,600036,14:55:58,37.0000,27,2
2026-05-26,600036,14:56:01,37.0000,590,2
2026-05-26,600036,14:56:04,37.0000,22,2
2026-05-26,600036,14:56:07,37.0000,388,2
2026-05-26,600036,14:56:10,37.0000,84,2
2026-05-26,600036,14:56:13,37.0100,385,1
2026-05-26,600036,14:56:16,36.9900,353,2
2026-05-26,600036,14:56:19,37.0100,35,1
2026-05-26,600036,14:56:22,37.0000,64,2
2026-05-26,600036,14:56:25,37.0100,52,1
2026-05-26,600036,14:56:28,37.0100,72,1
2026-05-26,600036,14:56:31,37.0100,98,1
2026-05-26,600036,14:56:34,37.0100,122,1
2026-05-26,600036,14:56:37,37.0100,86,1
2026-05-26,600036,14:56:40,37.0000,60,2
2026-05-26,600036,14:56:43,37.0100,27,1
2026-05-26,600036,14:56:46,37.0100,9,1
2026-05-26,600036,14:56:49,37.0100,39,1
2026-05-26,600036,14:56:52,37.0100,57,1
2026-05-26,600036,14:56:55,37.0000,51,2
2026-05-26,600036,14:56:58,37.0100,30,1
2026-05-26,600036,14:57:01,37.0100,9,2
2026-05-26,600036,15:00:04,37.0000,8210,4
2026-05-26,600036,13:15:31,37.0400,30,2
2026-05-26,600036,13:15:34,37.0500,1,1
2026-05-26,600036,13:15:37,37.0400,51,2
2026-05-26,600036,13:15:43,37.0500,20,1
2026-05-26,600036,13:15:46,37.0400,13,2
2026-05-26,600036,13:15:49,37.0400,2,2
2026-05-26,600036,13:15:52,37.0400,16,2
2026-05-26,600036,13:15:55,37.0500,64,1
2026-05-26,600036,13:15:58,37.0400,42,2
2026-05-26,600036,13:16:01,37.0500,19,1
2026-05-26,600036,13:16:07,37.0500,1,1
2026-05-26,600036,13:16:10,37.0400,71,2
2026-05-26,600036,13:16:13,37.0500,76,1
2026-05-26,600036,13:16:16,37.0500,3,1
2026-05-26,600036,13:16:19,37.0400,105,2
2026-05-26,600036,13:16:22,37.0300,369,2
2026-05-26,600036,13:16:25,37.0300,73,2
2026-05-26,600036,13:16:28,37.0400,86,1
2026-05-26,600036,13:16:31,37.0300,4,2
2026-05-26,600036,13:16:34,37.0400,20,1
2026-05-26,600036,13:16:37,37.0300,80,2
2026-05-26,600036,13:16:40,37.0300,92,2
2026-05-26,600036,13:16:43,37.0400,108,1
2026-05-26,600036,13:16:46,37.0400,51,1
2026-05-26,600036,13:16:49,37.0400,91,1
2026-05-26,600036,13:16:52,37.0400,61,1
2026-05-26,600036,13:16:55,37.0400,93,1
2026-05-26,600036,13:16:58,37.0400,69,1
2026-05-26,600036,13:17:01,37.0300,461,2
2026-05-26,600036,13:17:04,37.0500,46,1
2026-05-26,600036,13:17:07,37.0500,160,1
2026-05-26,600036,13:17:10,37.0400,97,2
2026-05-26,600036,13:17:13,37.0400,55,2
2026-05-26,600036,13:17:16,37.0500,68,1
2026-05-26,600036,13:17:19,37.0400,90,2
2026-05-26,600036,13:17:22,37.0500,72,1
2026-05-26,600036,13:17:25,37.0400,61,2
2026-05-26,600036,13:17:28,37.0400,42,2
2026-05-26,600036,13:17:31,37.0500,73,1
2026-05-26,600036,13:17:34,37.0400,38,2
2026-05-26,600036,13:17:37,37.0400,44,2
2026-05-26,600036,13:17:40,37.0500,137,1
2026-05-26,600036,13:17:43,37.0400,29,2
2026-05-26,600036,13:17:46,37.0400,328,2
2026-05-26,600036,13:17:49,37.0400,213,4
2026-05-26,600036,13:17:52,37.0300,36,2
2026-05-26,600036,13:18:01,37.0400,442,1
2026-05-26,600036,13:18:04,37.0400,91,1
2026-05-26,600036,13:18:07,37.0400,192,1
2026-05-26,600036,13:18:10,37.0400,72,2
2026-05-26,600036,13:18:13,37.0300,444,2
2026-05-26,600036,13:18:16,37.0400,54,1
2026-05-26,600036,13:18:19,37.0300,87,2
2026-05-26,600036,13:18:22,37.0300,252,2
2026-05-26,600036,13:18:25,37.0300,1208,2
2026-05-26,600036,13:18:28,37.0300,50,1
2026-05-26,600036,13:18:31,37.0200,56,2
2026-05-26,600036,13:18:34,37.0300,3,1
2026-05-26,600036,13:18:37,37.0200,184,2
2026-05-26,600036,13:18:40,37.0200,563,2
2026-05-26,600036,13:18:43,37.0300,184,1
2026-05-26,600036,13:18:46,37.0300,64,1
2026-05-26,600036,13:18:49,37.0300,26,1
2026-05-26,600036,13:18:52,37.0200,48,2
2026-05-26,600036,13:18:55,37.0300,17,1
2026-05-26,600036,13:18:58,37.0300,24,1
2026-05-26,600036,13:19:01,37.0200,32,2
2026-05-26,600036,13:19:04,37.0300,233,1
2026-05-26,600036,13:19:07,37.0300,4,1
2026-05-26,600036,13:19:10,37.0200,32,2
2026-05-26,600036,13:19:13,37.0300,196,1
2026-05-26,600036,13:19:16,37.0200,73,2
2026-05-26,600036,13:19:19,37.0300,56,1
2026-05-26,600036,13:19:22,37.0200,54,2
2026-05-26,600036,13:19:28,37.0200,95,2
2026-05-26,600036,13:19:31,37.0300,86,1
2026-05-26,600036,13:19:34,37.0200,239,2
2026-05-26,600036,13:19:37,37.0200,1,2
2026-05-26,600036,13:19:40,37.0200,27,2
2026-05-26,600036,13:19:43,37.0300,17,1
2026-05-26,600036,13:19:46,37.0300,133,1
2026-05-26,600036,13:19:49,37.0300,154,1
2026-05-26,600036,13:19:52,37.0200,69,2
2026-05-26,600036,13:19:55,37.0300,76,1
2026-05-26,600036,13:19:58,37.0300,43,1
2026-05-26,600036,13:20:01,37.0300,227,1
2026-05-26,600036,13:20:04,37.0200,35,2
2026-05-26,600036,13:20:07,37.0300,35,1
2026-05-26,600036,13:20:10,37.0300,31,1
2026-05-26,600036,13:20:13,37.0300,10,1
2026-05-26,600036,13:20:16,37.0300,14,1
2026-05-26,600036,13:20:19,37.0200,145,2
2026-05-26,600036,13:20:22,37.0300,56,1
2026-05-26,600036,13:20:25,37.0300,6,1
2026-05-26,600036,13:20:28,37.0200,58,2
2026-05-26,600036,13:20:31,37.0200,4,2
2026-05-26,600036,13:20:34,37.0300,26,1
2026-05-26,600036,13:20:37,37.0300,38,1
2026-05-26,600036,13:20:40,37.0300,5,1
2026-05-26,600036,13:20:43,37.0300,443,1
2026-05-26,600036,13:20:46,37.0300,74,1
2026-05-26,600036,13:20:49,37.0300,15,1
2026-05-26,600036,13:20:52,37.0300,52,1
2026-05-26,600036,13:20:55,37.0300,93,1
2026-05-26,600036,13:20:58,37.0300,112,1
2026-05-26,600036,13:21:01,37.0300,276,2
2026-05-26,600036,13:21:04,37.0200,86,2
2026-05-26,600036,13:21:07,37.0300,41,1
2026-05-26,600036,13:21:10,37.0300,120,1
2026-05-26,600036,13:21:13,37.0200,39,2
2026-05-26,600036,13:21:16,37.0300,59,1
2026-05-26,600036,13:21:19,37.0300,55,1
2026-05-26,600036,13:21:22,37.0200,62,2
2026-05-26,600036,13:21:25,37.0300,58,1
2026-05-26,600036,13:21:28,37.0300,5,1
2026-05-26,600036,13:21:31,37.0300,148,1
2026-05-26,600036,13:21:34,37.0300,56,1
2026-05-26,600036,13:21:37,37.0200,35,2
2026-05-26,600036,13:21:40,37.0200,22,2
2026-05-26,600036,13:21:43,37.0200,52,2
2026-05-26,600036,13:21:49,37.0300,10,1
2026-05-26,600036,13:21:52,37.0300,464,1
2026-05-26,600036,13:21:58,37.0200,12,2
2026-05-26,600036,13:22:01,37.0200,97,2
2026-05-26,600036,13:22:04,37.0200,69,2
2026-05-26,600036,13:22:07,37.0300,7,1
2026-05-26,600036,13:22:10,37.0300,71,1
2026-05-26,600036,13:22:13,37.0300,39,1
2026-05-26,600036,13:22:16,37.0300,14,1
2026-05-26,600036,13:22:19,37.0200,44,2
2026-05-26,600036,13:22:22,37.0300,4,1
2026-05-26,600036,13:22:25,37.0200,59,2
2026-05-26,600036,13:22:31,37.0200,26,2
2026-05-26,600036,13:22:34,37.0200,41,2
2026-05-26,600036,13:22:37,37.0300,119,1
2026-05-26,600036,13:22:43,37.0300,31,1
2026-05-26,600036,13:22:46,37.0300,124,1
2026-05-26,600036,13:22:49,37.0300,139,1
2026-05-26,600036,13:22:52,37.0300,5,1
2026-05-26,600036,13:22:55,37.0200,16,2
2026-05-26,600036,13:22:58,37.0200,84,2
2026-05-26,600036,13:23:01,37.0300,130,1
2026-05-26,600036,13:23:04,37.0200,121,2
2026-05-26,600036,13:23:07,37.0300,117,1
2026-05-26,600036,13:23:10,37.0200,32,2
2026-05-26,600036,13:23:13,37.0300,22,1
2026-05-26,600036,13:23:16,37.0300,1,1
2026-05-26,600036,13:23:19,37.0200,122,2
2026-05-26,600036,13:23:22,37.0200,30,2
2026-05-26,600036,13:23:25,37.0300,55,1
2026-05-26,600036,13:23:28,37.0300,1,1
2026-05-26,600036,13:23:31,37.0200,19,2
2026-05-26,600036,13:23:34,37.0200,24,2
2026-05-26,600036,13:23:37,37.0300,9,1
2026-05-26,600036,13:23:40,37.0200,13,2
2026-05-26,600036,13:23:43,37.0200,17,2
2026-05-26,600036,13:23:46,37.0200,45,2
2026-05-26,600036,13:23:49,37.0300,17,1
2026-05-26,600036,13:23:52,37.0200,43,2
2026-05-26,600036,13:23:55,37.0300,52,1
2026-05-26,600036,13:23:58,37.0300,3,1
2026-05-26,600036,13:24:01,37.0300,679,1
2026-05-26,600036,13:24:04,37.0300,135,1
2026-05-26,600036,13:24:07,37.0200,100,2
2026-05-26,600036,13:24:10,37.0200,266,2
2026-05-26,600036,13:24:13,37.0300,119,1
2026-05-26,600036,13:24:16,37.0300,45,1
2026-05-26,600036,13:24:19,37.0300,22,1
2026-05-26,600036,13:24:22,37.0300,30,1
2026-05-26,600036,13:24:25,37.0200,7,2
2026-05-26,600036,13:24:28,37.0300,78,1
2026-05-26,600036,13:24:31,37.0200,50,2
2026-05-26,600036,13:24:34,37.0300,1,1
2026-05-26,600036,13:24:37,37.0200,20,2
2026-05-26,600036,13:24:40,37.0300,8,1
2026-05-26,600036,13:24:43,37.0300,32,1
2026-05-26,600036,13:24:46,37.0300,60,1
2026-05-26,600036,13:24:49,37.0300,47,1
2026-05-26,600036,13:24:52,37.0200,47,2
2026-05-26,600036,13:24:55,37.0200,82,2
2026-05-26,600036,13:24:58,37.0200,107,2
2026-05-26,600036,13:25:01,37.0200,36,2
2026-05-26,600036,13:25:04,37.0300,6,1
2026-05-26,600036,13:25:07,37.0300,179,1
2026-05-26,600036,13:25:10,37.0300,21,2
2026-05-26,600036,13:25:13,37.0300,42,2
2026-05-26,600036,13:25:16,37.0300,61,2
2026-05-26,600036,13:25:19,37.0300,15,2
2026-05-26,600036,13:25:22,37.0400,1,1
2026-05-26,600036,13:25:31,37.0300,180,2
2026-05-26,600036,13:25:34,37.0400,71,1
2026-05-26,600036,13:25:37,37.0300,43,2
2026-05-26,600036,13:25:40,37.0400,20,1
2026-05-26,600036,13:25:43,37.0300,26,2
2026-05-26,600036,13:25:46,37.0200,99,2
2026-05-26,600036,13:25:49,37.0200,26,2
2026-05-26,600036,13:25:52,37.0300,3,1
2026-05-26,600036,13:25:55,37.0300,10,1
2026-05-26,600036,13:25:58,37.0300,9,1
2026-05-26,600036,13:26:01,37.0200,63,2
2026-05-26,600036,13:26:04,37.0300,204,1
2026-05-26,600036,13:26:07,37.0400,48,1
2026-05-26,600036,13:26:10,37.0300,9,4
2026-05-26,600036,13:26:13,37.0400,63,1
2026-05-26,600036,13:26:16,37.0400,31,1
2026-05-26,600036,13:26:19,37.0300,8,4
2026-05-26,600036,13:26:22,37.0400,36,1
2026-05-26,600036,13:26:25,37.0300,28,2
2026-05-26,600036,13:26:28,37.0300,37,1
2026-05-26,600036,13:26:31,37.0300,34,1
2026-05-26,600036,13:26:34,37.0300,67,1
2026-05-26,600036,13:26:37,37.0300,3,1
2026-05-26,600036,13:26:40,37.0200,22,2
2026-05-26,600036,13:26:43,37.0300,18,1
2026-05-26,600036,13:26:46,37.0300,17,1
2026-05-26,600036,13:26:49,37.0300,28,1
2026-05-26,600036,13:26:52,37.0300,70,1
2026-05-26,600036,13:26:55,37.0200,69,2
2026-05-26,600036,13:26:58,37.0300,13,4
2026-05-26,600036,13:27:01,37.0200,42,2
2026-05-26,600036,13:27:04,37.0300,84,4
2026-05-26,600036,13:27:07,37.0300,106,1
2026-05-26,600036,13:27:10,37.0200,10,2
2026-05-26,600036,13:27:13,37.0300,21,1
2026-05-26,600036,13:27:16,37.0300,248,1
2026-05-26,600036,13:27:19,37.0300,21,1
2026-05-26,600036,13:27:22,37.0300,184,2
2026-05-26,600036,13:27:25,37.0300,31,1
2026-05-26,600036,13:27:28,37.0300,1,1
2026-05-26,600036,13:27:31,37.0300,52,1
2026-05-26,600036,13:27:34,37.0300,28,1
2026-05-26,600036,13:27:37,37.0300,144,1
2026-05-26,600036,13:27:40,37.0300,15,1
2026-05-26,600036,13:27:43,37.0300,86,1
2026-05-26,600036,13:27:46,37.0300,163,1
2026-05-26,600036,13:27:49,37.0300,40,1
2026-05-26,600036,13:27:52,37.0300,38,1
2026-05-26,600036,13:27:55,37.0300,60,2
2026-05-26,600036,13:27:58,37.0200,195,2
2026-05-26,600036,13:28:01,37.0200,38,2
2026-05-26,600036,13:28:04,37.0300,1,1
2026-05-26,600036,13:28:07,37.0300,12,1
2026-05-26,600036,13:28:10,37.0200,60,2
2026-05-26,600036,13:28:13,37.0200,13,2
2026-05-26,600036,13:28:16,37.0300,113,1
2026-05-26,600036,13:28:19,37.0300,45,1
2026-05-26,600036,13:28:22,37.0300,14,1
2026-05-26,600036,13:28:25,37.0300,25,1
2026-05-26,600036,13:28:28,37.0300,184,1
2026-05-26,600036,13:28:31,37.0300,115,1
2026-05-26,600036,13:28:34,37.0300,16,1
2026-05-26,600036,13:28:37,37.0400,67,1
2026-05-26,600036,13:28:40,37.0300,55,2
2026-05-26,600036,13:28:43,37.0300,138,2
2026-05-26,600036,13:28:46,37.0400,26,1
2026-05-26,600036,13:28:49,37.0400,6,1
2026-05-26,600036,13:28:52,37.0300,123,2
2026-05-26,600036,13:28:58,37.0400,14,1
2026-05-26,600036,13:29:01,37.0300,49,2
2026-05-26,600036,13:29:04,37.0300,3,2
2026-05-26,600036,13:29:07,37.0300,79,2
2026-05-26,600036,13:29:10,37.0300,11,2
2026-05-26,600036,13:29:13,37.0400,9,1
2026-05-26,600036,13:29:16,37.0300,75,2
2026-05-26,600036,13:29:19,37.0400,3,1
2026-05-26,600036,13:29:22,37.0300,42,2
2026-05-26,600036,13:29:25,37.0300,112,2
2026-05-26,600036,13:29:28,37.0400,378,1
2026-05-26,600036,13:29:31,37.0300,76,2
2026-05-26,600036,13:29:34,37.0300,226,1
2026-05-26,600036,13:29:37,37.0300,52,1
2026-05-26,600036,13:29:40,37.0300,122,1
2026-05-26,600036,13:29:43,37.0300,64,1
2026-05-26,600036,13:29:46,37.0300,28,1
2026-05-26,600036,13:29:49,37.0400,102,1
2026-05-26,600036,13:29:52,37.0300,17,2
2026-05-26,600036,13:29:58,37.0300,27,2
2026-05-26,600036,13:30:01,37.0400,25,1
2026-05-26,600036,13:30:04,37.0300,36,2
2026-05-26,600036,13:30:07,37.0400,16,1
2026-05-26,600036,13:30:10,37.0400,14,1
2026-05-26,600036,13:30:13,37.0400,1,1
2026-05-26,600036,13:30:16,37.0300,335,2
2026-05-26,600036,13:30:19,37.0200,313,2
2026-05-26,600036,13:30:22,37.0200,1204,2
2026-05-26,600036,13:30:25,37.0200,147,1
2026-05-26,600036,13:30:28,37.0200,100,1
2026-05-26,600036,13:30:31,37.0200,85,1
2026-05-26,600036,13:30:34,37.0200,36,2
2026-05-26,600036,13:30:37,37.0300,144,1
2026-05-26,600036,13:30:40,37.0300,37,1
2026-05-26,600036,13:30:43,37.0200,1,2
2026-05-26,600036,13:30:46,37.0300,16,1
2026-05-26,600036,13:30:49,37.0300,7,1
2026-05-26,600036,13:30:52,37.0200,71,2
2026-05-26,600036,13:30:55,37.0300,15,1
2026-05-26,600036,13:30:58,37.0200,21,2
2026-05-26,600036,13:31:01,37.0200,10,2
2026-05-26,600036,13:31:04,37.0200,69,2
2026-05-26,600036,13:31:07,37.0200,4,2
2026-05-26,600036,13:31:10,37.0200,273,2
2026-05-26,600036,13:31:13,37.0200,64,1
2026-05-26,600036,13:31:16,37.0200,248,1
2026-05-26,600036,13:31:19,37.0100,145,2
2026-05-26,600036,13:31:22,37.0100,143,2
2026-05-26,600036,13:31:25,37.0100,33,2
2026-05-26,600036,13:31:28,37.0200,20,1
2026-05-26,600036,13:31:31,37.0200,15,1
2026-05-26,600036,13:31:34,37.0200,92,1
2026-05-26,600036,13:31:37,37.0100,116,2
2026-05-26,600036,13:31:40,37.0200,12,1
2026-05-26,600036,13:31:43,37.0200,41,1
2026-05-26,600036,13:31:46,37.0200,389,1
2026-05-26,600036,13:31:49,37.0200,32,1
2026-05-26,600036,13:31:52,37.0200,63,1
2026-05-26,600036,13:31:55,37.0200,60,1
2026-05-26,600036,13:31:58,37.0200,33,1
2026-05-26,600036,13:32:01,37.0200,43,1
2026-05-26,600036,13:32:04,37.0200,38,1
2026-05-26,600036,13:32:07,37.0200,80,1
2026-05-26,600036,13:32:10,37.0200,68,1
2026-05-26,600036,13:32:13,37.0300,21,1
2026-05-26,600036,13:32:16,37.0300,12,1
2026-05-26,600036,13:32:19,37.0200,9,2
2026-05-26,600036,13:32:22,37.0300,103,1
2026-05-26,600036,13:32:25,37.0300,26,1
2026-05-26,600036,13:32:28,37.0300,38,1
2026-05-26,600036,13:32:31,37.0200,3,2
2026-05-26,600036,13:32:34,37.0200,73,2
2026-05-26,600036,13:32:37,37.0300,24,1
2026-05-26,600036,13:32:40,37.0300,38,1
2026-05-26,600036,13:32:46,37.0300,154,1
2026-05-26,600036,13:32:49,37.0300,200,1
2026-05-26,600036,13:32:52,37.0300,78,1
2026-05-26,600036,13:32:55,37.0300,38,1
2026-05-26,600036,13:32:58,37.0300,199,1
2026-05-26,600036,13:33:01,37.0300,52,1
2026-05-26,600036,13:33:04,37.0300,45,1
2026-05-26,600036,13:33:07,37.0300,90,1
2026-05-26,600036,13:33:10,37.0300,27,1
2026-05-26,600036,13:33:13,37.0300,68,1
2026-05-26,600036,13:33:16,37.0300,138,1
2026-05-26,600036,13:33:19,37.0200,21,2
2026-05-26,600036,13:33:22,37.0300,5,1
2026-05-26,600036,13:33:25,37.0300,36,1
2026-05-26,600036,13:33:28,37.0300,1,1
2026-05-26,600036,13:33:31,37.0200,55,2
2026-05-26,600036,13:33:34,37.0200,1,2
2026-05-26,600036,13:33:37,37.0200,4,2
2026-05-26,600036,13:33:40,37.0300,2,1
2026-05-26,600036,13:33:43,37.0200,16,2
2026-05-26,600036,13:33:46,37.0200,24,2
2026-05-26,600036,13:33:49,37.0300,207,1
2026-05-26,600036,13:33:52,37.0300,95,1
2026-05-26,600036,13:33:55,37.0200,100,2
2026-05-26,600036,13:33:58,37.0300,52,1
2026-05-26,600036,13:34:01,37.0300,65,1
2026-05-26,600036,13:34:04,37.0300,199,1
2026-05-26,600036,13:34:07,37.0300,143,1
2026-05-26,600036,13:34:10,37.0300,32,1
2026-05-26,600036,13:34:13,37.0300,49,1
2026-05-26,600036,13:34:16,37.0300,40,1
2026-05-26,600036,13:34:19,37.0300,110,1
2026-05-26,600036,13:34:22,37.0200,227,2
2026-05-26,600036,13:34:25,37.0300,51,1
2026-05-26,600036,13:34:28,37.0200,82,2
2026-05-26,600036,13:34:31,37.0300,40,1
2026-05-26,600036,13:34:34,37.0300,46,1
2026-05-26,600036,13:34:37,37.0300,55,1
2026-05-26,600036,13:34:40,37.0300,15,1
2026-05-26,600036,13:34:43,37.0200,40,2
2026-05-26,600036,13:34:46,37.0300,60,1
2026-05-26,600036,13:34:49,37.0300,64,1
2026-05-26,600036,13:34:52,37.0300,8,1
2026-05-26,600036,13:34:55,37.0300,65,1
2026-05-26,600036,13:34:58,37.0300,48,2
2026-05-26,600036,13:35:01,37.0300,11,2
2026-05-26,600036,13:35:04,37.0400,1,1
2026-05-26,600036,13:35:07,37.0400,46,1
2026-05-26,600036,13:35:10,37.0400,19,1
2026-05-26,600036,13:35:13,37.0400,10,1
2026-05-26,600036,13:35:16,37.0300,17,2
2026-05-26,600036,13:35:19,37.0400,63,1
2026-05-26,600036,13:35:22,37.0300,537,2
2026-05-26,600036,13:35:25,37.0400,97,1
2026-05-26,600036,13:35:28,37.0400,15,1
2026-05-26,600036,13:35:31,37.0300,18,2
2026-05-26,600036,13:35:34,37.0300,38,2
2026-05-26,600036,13:35:37,37.0300,3,2
2026-05-26,600036,13:35:40,37.0300,59,2
2026-05-26,600036,13:35:43,37.0300,5,2
2026-05-26,600036,13:35:46,37.0400,80,1
2026-05-26,600036,13:35:49,37.0400,56,1
2026-05-26,600036,13:35:52,37.0300,115,2
2026-05-26,600036,13:35:55,37.0400,1,1
2026-05-26,600036,13:35:58,37.0400,10,1
2026-05-26,600036,13:36:01,37.0400,88,1
2026-05-26,600036,13:36:04,37.0400,14,1
2026-05-26,600036,13:36:07,37.0400,5,1
2026-05-26,600036,13:36:10,37.0400,26,1
2026-05-26,600036,13:36:13,37.0400,172,1
2026-05-26,600036,13:36:16,37.0400,67,1
2026-05-26,600036,13:36:19,37.0400,36,1
2026-05-26,600036,13:36:22,37.0400,47,1
2026-05-26,600036,13:36:28,37.0300,85,2
2026-05-26,600036,13:36:31,37.0300,184,2
2026-05-26,600036,13:36:34,37.0400,41,1
2026-05-26,600036,13:36:37,37.0400,31,1
2026-05-26,600036,13:36:40,37.0400,4,1
2026-05-26,600036,13:36:43,37.0400,6,1
2026-05-26,600036,13:36:46,37.0400,41,1
2026-05-26,600036,13:36:49,37.0400,2,1
2026-05-26,600036,13:36:52,37.0400,10,1
2026-05-26,600036,13:36:55,37.0400,1,1
2026-05-26,600036,13:36:58,37.0300,45,2
2026-05-26,600036,13:37:01,37.0200,398,2
2026-05-26,600036,13:37:04,37.0300,65,1
2026-05-26,600036,13:37:07,37.0300,156,1
2026-05-26,600036,13:37:10,37.0300,37,1
2026-05-26,600036,13:37:13,37.0300,130,1
2026-05-26,600036,13:37:16,37.0300,34,1
2026-05-26,600036,13:37:19,37.0300,19,1
2026-05-26,600036,13:37:22,37.0300,7,1
2026-05-26,600036,13:37:25,37.0200,12,2
2026-05-26,600036,13:37:28,37.0200,30,2
2026-05-26,600036,13:37:31,37.0300,41,1
2026-05-26,600036,13:37:34,37.0300,110,1
2026-05-26,600036,13:37:37,37.0200,123,2
2026-05-26,600036,13:37:40,37.0300,39,1
2026-05-26,600036,13:37:43,37.0200,126,2
2026-05-26,600036,13:37:46,37.0200,40,2
2026-05-26,600036,13:37:49,37.0300,22,1
2026-05-26,600036,13:37:52,37.0300,14,1
2026-05-26,600036,13:37:55,37.0200,23,2
2026-05-26,600036,13:37:58,37.0300,61,1
2026-05-26,600036,13:38:01,37.0200,118,2
2026-05-26,600036,13:38:04,37.0300,46,1
2026-05-26,600036,13:38:07,37.0300,63,1
2026-05-26,600036,13:38:10,37.0300,77,1
2026-05-26,600036,13:38:13,37.0300,1,1
2026-05-26,600036,13:38:16,37.0200,153,2
2026-05-26,600036,13:38:19,37.0200,21,2
2026-05-26,600036,13:38:22,37.0300,28,1
2026-05-26,600036,13:38:25,37.0200,33,2
2026-05-26,600036,13:38:28,37.0300,24,1
2026-05-26,600036,13:38:31,37.0200,27,2
2026-05-26,600036,13:38:37,37.0300,14,1
2026-05-26,600036,13:38:40,37.0300,29,1
2026-05-26,600036,13:38:43,37.0200,90,2
2026-05-26,600036,13:38:46,37.0300,5,1
2026-05-26,600036,13:38:49,37.0300,42,1
2026-05-26,600036,13:38:52,37.0300,6,1
2026-05-26,600036,13:38:55,37.0300,23,1
2026-05-26,600036,13:38:58,37.0300,41,1
2026-05-26,600036,13:39:01,37.0300,41,1
2026-05-26,600036,13:39:04,37.0300,24,1
2026-05-26,600036,13:39:07,37.0300,52,1
2026-05-26,600036,13:39:10,37.0200,15,2
2026-05-26,600036,13:39:13,37.0200,43,2
2026-05-26,600036,13:39:16,37.0300,59,1
2026-05-26,600036,13:39:19,37.0300,52,1
2026-05-26,600036,13:39:22,37.0300,45,1
2026-05-26,600036,13:39:25,37.0200,33,2
2026-05-26,600036,13:39:28,37.0200,112,2
2026-05-26,600036,13:39:31,37.0200,85,2
2026-05-26,600036,13:39:34,37.0200,11,2
2026-05-26,600036,13:39:40,37.0300,49,1
2026-05-26,600036,13:39:43,37.0300,223,1
2026-05-26,600036,13:39:46,37.0300,3,1
2026-05-26,600036,13:39:49,37.0300,51,1
2026-05-26,600036,13:39:52,37.0300,2,1
2026-05-26,600036,13:39:55,37.0200,23,2
2026-05-26,600036,13:40:01,37.0200,22,2
2026-05-26,600036,13:40:04,37.0300,71,1
2026-05-26,600036,13:40:07,37.0300,35,1
2026-05-26,600036,13:40:10,37.0200,77,2
2026-05-26,600036,13:40:13,37.0200,1311,2
2026-05-26,600036,13:40:16,37.0200,72,1
2026-05-26,600036,13:40:19,37.0200,67,1
2026-05-26,600036,13:40:22,37.0200,33,1
2026-05-26,600036,13:40:25,37.0200,27,1
2026-05-26,600036,13:40:28,37.0200,86,1
2026-05-26,600036,13:40:31,37.0200,58,1
2026-05-26,600036,13:40:34,37.0200,10,1
2026-05-26,600036,13:40:37,37.0200,12,1
2026-05-26,600036,13:40:40,37.0200,34,1
2026-05-26,600036,13:40:43,37.0200,12,1
2026-05-26,600036,13:40:46,37.0200,187,1
2026-05-26,600036,13:40:49,37.0200,63,1
2026-05-26,600036,13:40:52,37.0200,30,1
2026-05-26,600036,13:40:55,37.0200,4,1
2026-05-26,600036,13:40:58,37.0200,673,1
2026-05-26,600036,13:41:01,37.0100,184,2
2026-05-26,600036,13:41:04,37.0200,130,1
2026-05-26,600036,13:41:07,37.0200,30,2
2026-05-26,600036,13:41:10,37.0200,9,2
2026-05-26,600036,13:41:13,37.0200,1,2
2026-05-26,600036,13:41:16,37.0300,12,1
2026-05-26,600036,13:41:19,37.0200,22,2
2026-05-26,600036,13:41:22,37.0300,64,1
2026-05-26,600036,13:41:25,37.0200,187,2
2026-05-26,600036,13:41:28,37.0200,50,1
2026-05-26,600036,13:41:31,37.0100,37,2
2026-05-26,600036,13:41:34,37.0200,48,1
2026-05-26,600036,13:41:37,37.0200,22,1
2026-05-26,600036,13:41:43,37.0200,56,1
2026-05-26,600036,13:41:46,37.0200,4,1
2026-05-26,600036,13:41:49,37.0200,1005,1
2026-05-26,600036,13:41:52,37.0300,7,1
2026-05-26,600036,13:41:55,37.0200,7,2
2026-05-26,600036,13:41:58,37.0300,1,1
2026-05-26,600036,13:42:01,37.0200,7,2
2026-05-26,600036,13:42:04,37.0200,151,2
2026-05-26,600036,13:42:07,37.0200,134,2
2026-05-26,600036,13:42:10,37.0200,108,1
2026-05-26,600036,13:42:13,37.0200,164,1
2026-05-26,600036,13:42:16,37.0200,53,1
2026-05-26,600036,13:42:19,37.0200,203,1
2026-05-26,600036,13:42:22,37.0200,165,1
2026-05-26,600036,13:42:25,37.0100,149,2
2026-05-26,600036,13:42:28,37.0200,95,4
2026-05-26,600036,13:42:31,37.0100,22,2
2026-05-26,600036,13:42:34,37.0100,38,2
2026-05-26,600036,13:42:37,37.0100,43,2
2026-05-26,600036,13:42:40,37.0100,15,2
2026-05-26,600036,13:42:43,37.0100,2,2
2026-05-26,600036,13:42:46,37.0100,12,2
2026-05-26,600036,13:42:49,37.0100,48,2
2026-05-26,600036,13:42:52,37.0100,32,2
2026-05-26,600036,13:42:55,37.0100,90,2
2026-05-26,600036,13:42:58,37.0200,1,1
2026-05-26,600036,13:43:01,37.0200,20,1
2026-05-26,600036,13:43:04,37.0100,26,2
2026-05-26,600036,13:43:07,37.0100,17,2
2026-05-26,600036,13:43:10,37.0100,36,2
2026-05-26,600036,13:43:13,37.0200,10,1
2026-05-26,600036,13:43:16,37.0200,137,1
2026-05-26,600036,13:43:19,37.0100,44,2
2026-05-26,600036,13:43:22,37.0200,13,1
2026-05-26,600036,13:43:25,37.0100,84,2
2026-05-26,600036,13:43:28,37.0200,48,1
2026-05-26,600036,13:43:31,37.0200,89,1
2026-05-26,600036,13:43:34,37.0200,14,1
2026-05-26,600036,13:43:37,37.0100,46,2
2026-05-26,600036,13:43:40,37.0200,2,1
2026-05-26,600036,13:43:43,37.0200,60,1
2026-05-26,600036,13:43:46,37.0200,22,1
2026-05-26,600036,13:43:49,37.0200,242,1
2026-05-26,600036,13:43:52,37.0100,34,2
2026-05-26,600036,13:43:55,37.0100,52,2
2026-05-26,600036,13:43:58,37.0200,22,1
2026-05-26,600036,13:44:01,37.0100,176,2
2026-05-26,600036,13:44:04,37.0100,510,2
2026-05-26,600036,13:44:07,37.0200,16,1
2026-05-26,600036,13:44:10,37.0100,97,2
2026-05-26,600036,13:44:13,37.0100,128,2
2026-05-26,600036,13:44:16,37.0200,48,1
2026-05-26,600036,13:44:19,37.0000,1665,2
2026-05-26,600036,13:44:22,37.0100,134,1
2026-05-26,600036,13:44:25,37.0100,16,1
2026-05-26,600036,13:44:28,37.0100,15,1
2026-05-26,600036,13:44:31,37.0000,3,2
2026-05-26,600036,13:44:34,37.0100,7,1
2026-05-26,600036,13:44:37,37.0100,21,1
2026-05-26,600036,13:44:40,37.0100,2,1
2026-05-26,600036,13:44:43,37.0000,94,2
2026-05-26,600036,13:44:46,37.0100,10,1
2026-05-26,600036,13:44:49,37.0100,42,1
2026-05-26,600036,13:44:52,37.0100,116,1
2026-05-26,600036,13:44:55,37.0100,55,1
2026-05-26,600036,13:44:58,37.0100,156,1
2026-05-26,600036,13:45:01,37.0000,23,2
2026-05-26,600036,13:45:04,37.0100,38,1
2026-05-26,600036,13:45:07,37.0100,34,1
2026-05-26,600036,13:45:10,37.0000,32,2
2026-05-26,600036,13:45:13,37.0100,76,1
2026-05-26,600036,13:45:16,37.0100,18,1
2026-05-26,600036,13:45:19,37.0100,24,1
2026-05-26,600036,13:45:22,37.0100,22,1
2026-05-26,600036,13:45:25,37.0100,21,1
2026-05-26,600036,13:45:28,37.0100,63,1
2026-05-26,600036,13:45:31,37.0100,50,1
2026-05-26,600036,13:45:34,37.0100,1516,1
2026-05-26,600036,13:45:37,37.0000,12,2
2026-05-26,600036,13:45:40,37.0100,13,1
2026-05-26,600036,13:45:43,37.0100,73,1
2026-05-26,600036,13:45:46,37.0000,14,2
2026-05-26,600036,13:45:49,37.0100,20,1
2026-05-26,600036,13:45:52,37.0000,34,2
2026-05-26,600036,13:45:55,37.0000,56,2
2026-05-26,600036,13:45:58,37.0000,26,2
2026-05-26,600036,13:46:01,37.0100,69,1
2026-05-26,600036,13:46:04,37.0100,111,1
2026-05-26,600036,13:46:07,37.0000,21,2
2026-05-26,600036,13:46:10,37.0100,45,1
2026-05-26,600036,13:46:13,37.0100,6,1
2026-05-26,600036,13:46:16,37.0100,130,1
2026-05-26,600036,13:46:19,37.0100,51,1
2026-05-26,600036,13:46:22,37.0100,24,1
2026-05-26,600036,13:46:25,37.0100,125,1
2026-05-26,600036,13:46:28,37.0100,22,1
2026-05-26,600036,13:46:31,37.0100,48,1
2026-05-26,600036,13:46:34,37.0100,17,1
2026-05-26,600036,13:46:37,37.0100,131,1
2026-05-26,600036,13:46:40,37.0100,152,1
2026-05-26,600036,13:46:43,37.0100,158,1
2026-05-26,600036,13:46:46,37.0000,90,2
2026-05-26,600036,13:46:49,37.0100,44,1
2026-05-26,600036,13:46:52,37.0000,12,2
2026-05-26,600036,13:46:55,37.0100,88,1
2026-05-26,600036,13:46:58,37.0100,117,1
2026-05-26,600036,13:47:01,37.0100,69,1
2026-05-26,600036,13:47:04,37.0100,24,1
2026-05-26,600036,13:47:07,37.0100,13,1
2026-05-26,600036,13:47:10,37.0000,118,2
2026-05-26,600036,13:47:13,37.0100,38,1
2026-05-26,600036,13:47:16,37.0100,41,1
2026-05-26,600036,13:47:19,37.0100,50,1
2026-05-26,600036,13:47:22,37.0100,51,1
2026-05-26,600036,13:47:25,37.0100,50,1
2026-05-26,600036,13:47:28,37.0100,33,1
2026-05-26,600036,13:47:31,37.0000,53,2
2026-05-26,600036,13:47:34,37.0000,120,2
2026-05-26,600036,13:47:37,37.0000,181,2
2026-05-26,600036,13:47:40,37.0100,3,1
2026-05-26,600036,13:47:43,37.0100,38,1
2026-05-26,600036,13:47:46,37.0100,5,1
2026-05-26,600036,13:47:49,37.0100,173,1
2026-05-26,600036,13:47:52,37.0100,56,1
2026-05-26,600036,13:47:55,37.0000,48,2
2026-05-26,600036,13:47:58,37.0000,24,2
2026-05-26,600036,13:48:01,37.0100,61,1
2026-05-26,600036,13:48:04,37.0000,286,2
2026-05-26,600036,13:48:07,37.0000,29,2
2026-05-26,600036,13:48:10,37.0100,55,1
2026-05-26,600036,13:48:13,37.0100,25,1
2026-05-26,600036,13:48:16,37.0100,17,1
2026-05-26,600036,13:48:19,37.0100,58,1
2026-05-26,600036,13:48:22,37.0100,184,1
2026-05-26,600036,13:48:25,37.0100,38,1
2026-05-26,600036,13:48:28,37.0100,9,1
2026-05-26,600036,13:48:31,37.0100,97,1
2026-05-26,600036,13:48:34,37.0100,38,1
2026-05-26,600036,13:48:37,37.0000,103,2
2026-05-26,600036,13:48:40,37.0100,158,1
2026-05-26,600036,13:48:43,37.0100,1,1
2026-05-26,600036,13:48:49,37.0000,1,2
2026-05-26,600036,13:48:52,37.0100,81,1
2026-05-26,600036,13:48:55,37.0100,14,1
2026-05-26,600036,13:48:58,37.0000,8,2
2026-05-26,600036,13:49:01,37.0100,31,1
2026-05-26,600036,13:49:04,37.0000,53,2
2026-05-26,600036,13:49:07,37.0100,38,1
2026-05-26,600036,13:49:10,37.0100,56,1
2026-05-26,600036,13:49:13,37.0100,22,1
2026-05-26,600036,13:49:16,37.0100,136,1
2026-05-26,600036,13:49:19,37.0100,161,1
2026-05-26,600036,13:49:22,37.0100,90,1
2026-05-26,600036,13:49:25,37.0100,11,1
2026-05-26,600036,13:49:28,37.0100,27,1
2026-05-26,600036,13:49:31,37.0000,114,2
2026-05-26,600036,13:49:34,37.0100,90,1
2026-05-26,600036,13:49:37,37.0100,33,1
2026-05-26,600036,13:49:40,37.0100,98,1
2026-05-26,600036,13:49:43,37.0100,525,1
2026-05-26,600036,13:49:46,37.0100,46,2
2026-05-26,600036,13:49:49,37.0100,1,2
2026-05-26,600036,13:49:52,37.0100,38,2
2026-05-26,600036,13:49:55,37.0100,128,2
2026-05-26,600036,13:49:58,37.0100,22,1
2026-05-26,600036,13:50:01,37.0000,27,2
2026-05-26,600036,13:50:04,37.0100,60,1
2026-05-26,600036,13:50:07,37.0100,220,1
2026-05-26,600036,13:50:10,37.0100,12,1
2026-05-26,600036,13:50:13,37.0000,38,2
2026-05-26,600036,13:50:16,37.0100,42,1
2026-05-26,600036,13:50:19,37.0000,367,2
2026-05-26,600036,13:50:22,37.0100,17,1
2026-05-26,600036,13:50:25,37.0100,2,1
2026-05-26,600036,13:50:28,37.0100,32,1
2026-05-26,600036,13:50:31,37.0000,7,2
2026-05-26,600036,13:50:34,37.0100,10,1
2026-05-26,600036,13:50:37,37.0100,13,1
2026-05-26,600036,13:50:40,37.0100,92,1
2026-05-26,600036,13:50:43,37.0100,40,1
2026-05-26,600036,13:50:46,37.0100,173,1
2026-05-26,600036,13:50:49,37.0100,64,1
2026-05-26,600036,13:50:52,37.0100,42,1
2026-05-26,600036,13:50:55,37.0100,85,1
2026-05-26,600036,13:50:58,37.0100,90,1
2026-05-26,600036,13:51:01,37.0100,133,2
2026-05-26,600036,13:51:04,37.0100,26,2
2026-05-26,600036,13:51:07,37.0100,28,2
2026-05-26,600036,13:51:10,37.0200,31,1
2026-05-26,600036,13:51:13,37.0200,19,1
2026-05-26,600036,13:51:16,37.0100,48,2
2026-05-26,600036,13:51:19,37.0100,42,2
2026-05-26,600036,13:51:22,37.0100,86,2
2026-05-26,600036,13:51:25,37.0100,12,2
2026-05-26,600036,13:51:28,37.0100,121,2
2026-05-26,600036,13:51:31,37.0200,47,1
2026-05-26,600036,13:51:34,37.0100,80,2
2026-05-26,600036,13:51:37,37.0100,23,2
2026-05-26,600036,13:51:40,37.0200,35,1
2026-05-26,600036,13:51:43,37.0200,5,1
2026-05-26,600036,13:51:46,37.0200,36,1
2026-05-26,600036,13:51:49,37.0100,374,2
2026-05-26,600036,13:51:52,37.0100,217,1
2026-05-26,600036,13:51:55,37.0200,129,1
2026-05-26,600036,13:51:58,37.0100,113,2
2026-05-26,600036,13:52:01,37.0200,49,1
2026-05-26,600036,13:52:04,37.0100,280,2
2026-05-26,600036,13:52:07,37.0100,38,2
2026-05-26,600036,13:52:10,37.0200,86,1
2026-05-26,600036,13:52:13,37.0200,263,1
2026-05-26,600036,13:52:16,37.0200,51,1
2026-05-26,600036,13:52:19,37.0100,3,2
2026-05-26,600036,13:52:22,37.0200,4,1
2026-05-26,600036,13:52:25,37.0100,13,2
2026-05-26,600036,13:52:28,37.0200,9,1
2026-05-26,600036,13:52:31,37.0200,105,1
2026-05-26,600036,13:52:34,37.0100,19,2
2026-05-26,600036,13:52:37,37.0200,16,1
2026-05-26,600036,13:52:40,37.0200,1,1
2026-05-26,600036,13:52:43,37.0200,14,1
2026-05-26,600036,13:52:46,37.0200,55,1
2026-05-26,600036,13:52:49,37.0200,23,1
2026-05-26,600036,13:52:52,37.0100,84,2
2026-05-26,600036,13:52:55,37.0200,6,1
2026-05-26,600036,13:52:58,37.0200,25,1
2026-05-26,600036,13:53:01,37.0200,119,1
2026-05-26,600036,13:53:04,37.0100,1,2
2026-05-26,600036,13:53:07,37.0200,238,1
2026-05-26,600036,13:53:10,37.0100,25,2
2026-05-26,600036,13:53:13,37.0200,27,1
2026-05-26,600036,13:53:16,37.0200,63,1
2026-05-26,600036,13:53:19,37.0200,40,1
2026-05-26,600036,13:53:22,37.0200,84,1
2026-05-26,600036,13:53:25,37.0200,39,1
2026-05-26,600036,13:53:28,37.0200,41,1
2026-05-26,600036,13:53:31,37.0200,161,1
2026-05-26,600036,13:53:34,37.0200,52,1
2026-05-26,600036,13:53:37,37.0200,113,1
2026-05-26,600036,13:53:40,37.0200,26,1
2026-05-26,600036,13:53:43,37.0200,70,1
2026-05-26,600036,13:53:46,37.0200,48,1
2026-05-26,600036,13:53:49,37.0200,197,1
2026-05-26,600036,13:53:52,37.0200,26,1
2026-05-26,600036,13:53:55,37.0200,7,1
2026-05-26,600036,13:53:58,37.0100,26,2
2026-05-26,600036,13:54:01,37.0200,230,1
2026-05-26,600036,13:54:04,37.0200,34,1
2026-05-26,600036,13:54:07,37.0100,122,2
2026-05-26,600036,13:54:10,37.0100,61,2
2026-05-26,600036,13:54:13,37.0200,28,1
2026-05-26,600036,13:54:16,37.0200,8,1
2026-05-26,600036,13:54:19,37.0200,413,1
2026-05-26,600036,13:54:22,37.0200,244,1
2026-05-26,600036,13:54:25,37.0200,3,1
2026-05-26,600036,13:54:28,37.0200,6,1
2026-05-26,600036,13:54:31,37.0200,163,1
2026-05-26,600036,13:54:34,37.0200,27,1
2026-05-26,600036,13:54:37,37.0200,2,1
2026-05-26,600036,13:54:40,37.0200,256,1
2026-05-26,600036,13:54:43,37.0200,6,1
2026-05-26,600036,13:54:46,37.0200,133,1
2026-05-26,600036,13:54:49,37.0200,48,1
2026-05-26,600036,13:54:52,37.0200,28,1
2026-05-26,600036,13:54:55,37.0200,7,1
2026-05-26,600036,13:54:58,37.0200,331,1
2026-05-26,600036,13:55:01,37.0200,132,1
2026-05-26,600036,13:55:04,37.0200,22,1
2026-05-26,600036,13:55:07,37.0200,64,1
2026-05-26,600036,13:55:10,37.0200,18,1
2026-05-26,600036,13:55:13,37.0200,40,1
2026-05-26,600036,13:55:16,37.0200,59,1
2026-05-26,600036,13:55:19,37.0100,10,2
2026-05-26,600036,13:55:22,37.0100,61,2
2026-05-26,600036,13:55:25,37.0100,14,2
2026-05-26,600036,13:55:28,37.0200,1,1
2026-05-26,600036,13:55:31,37.0200,34,1
2026-05-26,600036,13:55:34,37.0100,42,2
2026-05-26,600036,13:55:37,37.0100,31,2
2026-05-26,600036,13:55:40,37.0200,4,1
2026-05-26,600036,13:55:46,37.0200,121,1
2026-05-26,600036,13:55:49,37.0100,55,2
2026-05-26,600036,13:55:52,37.0200,13,1
2026-05-26,600036,13:55:55,37.0200,778,1
2026-05-26,600036,13:55:58,37.0100,159,2
2026-05-26,600036,13:56:01,37.0200,113,1
2026-05-26,600036,13:56:04,37.0200,88,1
2026-05-26,600036,13:56:07,37.0300,20,1
2026-05-26,600036,13:56:10,37.0300,171,1
2026-05-26,600036,13:56:13,37.0200,28,2
2026-05-26,600036,13:56:16,37.0200,71,2
2026-05-26,600036,13:56:19,37.0300,22,1
2026-05-26,600036,13:56:22,37.0300,50,1
2026-05-26,600036,13:56:25,37.0300,22,1
2026-05-26,600036,13:56:28,37.0300,57,1
2026-05-26,600036,13:56:31,37.0300,62,1
2026-05-26,600036,13:56:34,37.0300,1,1
2026-05-26,600036,13:56:37,37.0300,14,1
2026-05-26,600036,13:56:40,37.0300,32,1
2026-05-26,600036,13:56:43,37.0300,36,1
2026-05-26,600036,13:56:46,37.0200,49,2
2026-05-26,600036,13:56:49,37.0300,39,1
2026-05-26,600036,13:56:52,37.0300,45,1
2026-05-26,600036,13:56:55,37.0300,9,1
2026-05-26,600036,13:56:58,37.0300,30,1
2026-05-26,600036,13:57:01,37.0300,83,1
2026-05-26,600036,13:57:04,37.0300,49,1
2026-05-26,600036,13:57:07,37.0300,2,1
2026-05-26,600036,13:57:10,37.0300,53,1
2026-05-26,600036,13:57:13,37.0300,27,1
2026-05-26,600036,13:57:16,37.0300,937,1
2026-05-26,600036,13:57:19,37.0300,20,2
2026-05-26,600036,13:57:22,37.0400,3,1
2026-05-26,600036,13:57:25,37.0400,31,1
2026-05-26,600036,13:57:28,37.0300,5,2
2026-05-26,600036,13:57:31,37.0400,938,1
2026-05-26,600036,13:57:34,37.0500,17,1
2026-05-26,600036,13:57:37,37.0400,87,2
2026-05-26,600036,13:57:40,37.0500,130,1
2026-05-26,600036,13:57:43,37.0400,135,2
2026-05-26,600036,13:57:46,37.0400,155,1
2026-05-26,600036,13:57:49,37.0300,186,2
2026-05-26,600036,13:57:52,37.0300,59,2
2026-05-26,600036,13:57:55,37.0400,11,4
2026-05-26,600036,13:57:58,37.0400,74,2
2026-05-26,600036,13:58:01,37.0300,13,2
2026-05-26,600036,13:58:04,37.0400,7,1
2026-05-26,600036,13:58:07,37.0400,53,1
2026-05-26,600036,13:58:10,37.0300,17,2
2026-05-26,600036,13:58:13,37.0400,2,1
2026-05-26,600036,13:58:16,37.0400,87,1
2026-05-26,600036,13:58:19,37.0400,82,1
2026-05-26,600036,13:58:22,37.0500,35,1
2026-05-26,600036,13:58:25,37.0400,23,2
2026-05-26,600036,13:58:28,37.0500,202,1
2026-05-26,600036,13:58:31,37.0400,108,2
2026-05-26,600036,13:58:34,37.0400,43,2
2026-05-26,600036,13:58:37,37.0500,129,1
2026-05-26,600036,13:58:40,37.0400,1,2
2026-05-26,600036,13:58:43,37.0500,4,1
2026-05-26,600036,13:58:46,37.0500,81,1
2026-05-26,600036,13:58:49,37.0500,473,1
2026-05-26,600036,13:58:52,37.0600,1799,1
2026-05-26,600036,13:58:55,37.0600,142,1
2026-05-26,600036,13:58:58,37.0700,1057,1
2026-05-26,600036,13:59:01,37.0600,30,1
2026-05-26,600036,13:59:04,37.0600,478,2
2026-05-26,600036,13:59:07,37.0600,405,2
2026-05-26,600036,13:59:10,37.0700,106,2
2026-05-26,600036,13:59:13,37.0700,115,2
2026-05-26,600036,13:59:16,37.0800,42,1
2026-05-26,600036,13:59:19,37.0700,5,2
2026-05-26,600036,13:59:22,37.0700,88,2
2026-05-26,600036,13:59:25,37.0500,957,2
2026-05-26,600036,13:59:28,37.0500,328,1
2026-05-26,600036,13:59:31,37.0600,975,1
2026-05-26,600036,13:59:34,37.0600,32,2
2026-05-26,600036,13:59:37,37.0700,125,1
2026-05-26,600036,13:59:40,37.0600,607,2
2026-05-26,600036,13:59:43,37.0700,908,1
2026-05-26,600036,13:59:46,37.0700,323,2
2026-05-26,600036,13:59:49,37.0700,62,1
2026-05-26,600036,13:59:52,37.0700,1,1
2026-05-26,600036,13:59:55,37.0700,186,1
2026-05-26,600036,13:59:58,37.0600,62,2
2026-05-26,600036,14:00:01,37.0600,27,2
2026-05-26,600036,14:00:04,37.0600,22,2
2026-05-26,600036,14:00:07,37.0600,183,1
2026-05-26,600036,14:00:10,37.0500,190,2
2026-05-26,600036,14:00:16,37.0600,112,1
2026-05-26,600036,14:00:19,37.0500,29,2
2026-05-26,600036,14:00:22,37.0500,9,2
2026-05-26,600036,14:00:25,37.0500,61,2
2026-05-26,600036,14:00:28,37.0500,4,2
2026-05-26,600036,14:00:31,37.0600,198,1
2026-05-26,600036,14:00:34,37.0500,12,2
2026-05-26,600036,14:00:37,37.0500,13,2
2026-05-26,600036,14:00:40,37.0500,12,2
2026-05-26,600036,14:00:43,37.0500,46,2
2026-05-26,600036,14:00:46,37.0500,12,2
2026-05-26,600036,14:00:49,37.0500,79,2
2026-05-26,600036,14:00:52,37.0600,13,1
2026-05-26,600036,14:00:55,37.0600,7,1
2026-05-26,600036,14:00:58,37.0600,5,1
2026-05-26,600036,14:01:01,37.0600,114,1
2026-05-26,600036,14:01:04,37.0600,275,1
2026-05-26,600036,14:01:07,37.0500,10,2
2026-05-26,600036,14:01:10,37.0500,51,2
2026-05-26,600036,14:01:13,37.0500,115,2
2026-05-26,600036,14:01:16,37.0600,45,1
2026-05-26,600036,14:01:19,37.0600,192,1
2026-05-26,600036,14:01:22,37.0600,39,1
2026-05-26,600036,14:01:25,37.0600,73,1
2026-05-26,600036,14:01:28,37.0500,4,2
2026-05-26,600036,14:01:31,37.0500,45,2
2026-05-26,600036,14:01:34,37.0600,116,1
2026-05-26,600036,14:01:37,37.0600,50,1
2026-05-26,600036,14:01:40,37.0600,87,1
2026-05-26,600036,14:01:43,37.0600,38,1
2026-05-26,600036,14:01:46,37.0600,79,1
2026-05-26,600036,14:01:49,37.0600,83,1
2026-05-26,600036,14:01:52,37.0600,26,1
2026-05-26,600036,14:01:55,37.0600,102,1
2026-05-26,600036,14:01:58,37.0600,11,1
2026-05-26,600036,14:02:01,37.0600,3,1
2026-05-26,600036,14:02:04,37.0500,26,2
2026-05-26,600036,14:02:07,37.0600,34,1
2026-05-26,600036,14:02:10,37.0500,32,2
2026-05-26,600036,14:02:13,37.0600,5,1
2026-05-26,600036,14:02:16,37.0500,529,2
2026-05-26,600036,14:02:19,37.0500,64,1
2026-05-26,600036,14:02:22,37.0500,3,1
2026-05-26,600036,14:02:25,37.0500,4,1
2026-05-26,600036,14:02:28,37.0500,7,1
2026-05-26,600036,14:02:31,37.0400,42,2
2026-05-26,600036,14:02:34,37.0500,58,1
2026-05-26,600036,14:02:37,37.0400,148,2
2026-05-26,600036,14:02:40,37.0400,131,2
2026-05-26,600036,14:02:43,37.0500,44,1
2026-05-26,600036,14:02:46,37.0500,37,1
2026-05-26,600036,14:02:52,37.0500,5,1
2026-05-26,600036,14:02:55,37.0500,32,1
2026-05-26,600036,14:02:58,37.0500,22,1
2026-05-26,600036,14:03:01,37.0500,47,1
2026-05-26,600036,14:03:04,37.0400,22,2
2026-05-26,600036,14:03:07,37.0400,10,2
2026-05-26,600036,14:03:10,37.0500,17,1
2026-05-26,600036,14:03:13,37.0400,35,2
2026-05-26,600036,14:03:16,37.0500,37,1
2026-05-26,600036,14:03:19,37.0500,34,1
2026-05-26,600036,14:03:22,37.0400,22,2
2026-05-26,600036,14:03:25,37.0400,112,2
2026-05-26,600036,14:03:28,37.0500,65,1
2026-05-26,600036,14:03:31,37.0400,137,2
2026-05-26,600036,14:03:34,37.0500,49,1
2026-05-26,600036,14:03:37,37.0500,1006,1
2026-05-26,600036,14:03:40,37.0500,59,2
2026-05-26,600036,14:03:43,37.0600,13,4
2026-05-26,600036,14:03:46,37.0700,33,1
2026-05-26,600036,14:03:49,37.0600,22,2
2026-05-26,600036,14:03:52,37.0600,93,2
2026-05-26,600036,14:03:55,37.0600,11,1
2026-05-26,600036,14:03:58,37.0600,9,1
2026-05-26,600036,14:04:01,37.0600,77,1
2026-05-26,600036,14:04:04,37.0700,15,1
2026-05-26,600036,14:04:07,37.0700,24,1
2026-05-26,600036,14:04:10,37.0700,126,1
2026-05-26,600036,14:04:13,37.0600,13,2
2026-05-26,600036,14:04:16,37.0700,10,1
2026-05-26,600036,14:04:19,37.0600,183,2
2026-05-26,600036,14:04:22,37.0700,18,1
2026-05-26,600036,14:04:25,37.0500,21,2
2026-05-26,600036,14:04:28,37.0500,82,2
2026-05-26,600036,14:04:31,37.0600,78,1
2026-05-26,600036,14:04:34,37.0600,173,2
2026-05-26,600036,14:04:37,37.0700,7,1
2026-05-26,600036,14:04:40,37.0500,162,2
2026-05-26,600036,14:04:43,37.0600,89,1
2026-05-26,600036,14:04:46,37.0700,121,1
2026-05-26,600036,14:04:49,37.0700,19,1
2026-05-26,600036,14:04:52,37.0700,208,1
2026-05-26,600036,14:04:55,37.0700,145,1
2026-05-26,600036,14:04:58,37.0700,76,4
2026-05-26,600036,14:05:01,37.0800,89,1
2026-05-26,600036,14:05:04,37.0800,403,1
2026-05-26,600036,14:05:07,37.0800,112,1
2026-05-26,600036,14:05:10,37.0700,210,2
2026-05-26,600036,14:05:13,37.0800,26,1
2026-05-26,600036,14:05:16,37.0800,256,1
2026-05-26,600036,14:05:19,37.0800,167,1
2026-05-26,600036,14:05:22,37.0800,113,1
2026-05-26,600036,14:05:25,37.0800,139,1
2026-05-26,600036,14:05:28,37.0700,69,2
2026-05-26,600036,14:05:31,37.0800,24,1
2026-05-26,600036,14:05:34,37.0700,118,2
2026-05-26,600036,14:05:37,37.0700,41,2
2026-05-26,600036,14:05:40,37.0700,57,2
2026-05-26,600036,14:05:43,37.0700,47,2
2026-05-26,600036,14:05:46,37.0700,41,2
2026-05-26,600036,14:05:49,37.0700,40,1
2026-05-26,600036,14:05:52,37.0700,8,1
2026-05-26,600036,14:05:55,37.0600,3,2
2026-05-26,600036,14:05:58,37.0700,2,1
2026-05-26,600036,14:06:01,37.0600,13,2
2026-05-26,600036,14:06:04,37.0600,3,2
2026-05-26,600036,14:06:07,37.0600,4,2
2026-05-26,600036,14:06:10,37.0600,52,2
2026-05-26,600036,14:06:13,37.0600,191,2
2026-05-26,600036,14:06:16,37.0600,128,2
2026-05-26,600036,14:06:19,37.0500,8,2
2026-05-26,600036,14:06:22,37.0600,13,1
2026-05-26,600036,14:06:25,37.0600,18,1
2026-05-26,600036,14:06:28,37.0500,66,2
2026-05-26,600036,14:06:31,37.0500,12,2
2026-05-26,600036,14:06:34,37.0600,9,1
2026-05-26,600036,14:06:37,37.0500,3,2
2026-05-26,600036,10:54:10,37.0900,137,2
2026-05-26,600036,10:54:13,37.0900,23,1
2026-05-26,600036,10:54:16,37.0900,27,1
2026-05-26,600036,10:54:19,37.0800,24,2
2026-05-26,600036,10:54:22,37.0900,150,1
2026-05-26,600036,10:54:25,37.0900,1,1
2026-05-26,600036,10:54:28,37.0900,5,1
2026-05-26,600036,10:54:31,37.0800,323,2
2026-05-26,600036,10:54:34,37.0900,38,1
2026-05-26,600036,10:54:37,37.0900,25,1
2026-05-26,600036,10:54:40,37.0800,121,1
2026-05-26,600036,10:54:43,37.0700,27,2
2026-05-26,600036,10:54:46,37.0800,44,1
2026-05-26,600036,10:54:49,37.0800,42,2
2026-05-26,600036,10:54:52,37.0900,1,1
2026-05-26,600036,10:54:55,37.0800,45,1
2026-05-26,600036,10:54:58,37.0800,1,1
2026-05-26,600036,10:55:01,37.0700,368,2
2026-05-26,600036,10:55:04,37.0800,7,4
2026-05-26,600036,10:55:10,37.0800,31,2
2026-05-26,600036,10:55:13,37.0700,18,2
2026-05-26,600036,10:55:16,37.0800,32,1
2026-05-26,600036,10:55:19,37.0900,197,1
2026-05-26,600036,10:55:22,37.0800,4,4
2026-05-26,600036,10:55:25,37.0800,24,2
2026-05-26,600036,10:55:28,37.0800,360,2
2026-05-26,600036,10:55:31,37.0900,39,1
2026-05-26,600036,10:55:34,37.0900,397,1
2026-05-26,600036,10:55:37,37.0800,495,2
2026-05-26,600036,10:55:40,37.0900,274,1
2026-05-26,600036,10:55:43,37.0900,125,1
2026-05-26,600036,10:55:46,37.0900,96,1
2026-05-26,600036,10:55:49,37.0800,29,2
2026-05-26,600036,10:55:52,37.0900,26,1
2026-05-26,600036,10:55:55,37.0800,2,2
2026-05-26,600036,10:55:58,37.0800,18,2
2026-05-26,600036,10:56:01,37.0900,19,1
2026-05-26,600036,10:56:04,37.0800,254,2
2026-05-26,600036,10:56:07,37.0900,57,1
2026-05-26,600036,10:56:10,37.0800,58,2
2026-05-26,600036,10:56:13,37.0900,26,1
2026-05-26,600036,10:56:16,37.0900,68,1
2026-05-26,600036,10:56:19,37.0800,21,2
2026-05-26,600036,10:56:22,37.0900,29,1
2026-05-26,600036,10:56:25,37.0900,3,1
2026-05-26,600036,10:56:28,37.0800,40,2
2026-05-26,600036,10:56:31,37.0900,20,1
2026-05-26,600036,10:56:34,37.0900,2,1
2026-05-26,600036,10:56:37,37.0900,186,1
2026-05-26,600036,10:56:40,37.0900,35,1
2026-05-26,600036,10:56:43,37.0800,67,2
2026-05-26,600036,10:56:46,37.0900,15,1
2026-05-26,600036,10:56:49,37.0900,1,1
2026-05-26,600036,10:56:52,37.0900,152,1
2026-05-26,600036,10:56:55,37.0900,58,1
2026-05-26,600036,10:56:58,37.0900,67,1
2026-05-26,600036,10:57:01,37.1000,191,1
2026-05-26,600036,10:57:04,37.0900,48,2
2026-05-26,600036,10:57:07,37.1000,6,1
2026-05-26,600036,10:57:10,37.0900,47,2
2026-05-26,600036,10:57:13,37.1000,25,1
2026-05-26,600036,10:57:16,37.1000,359,1
2026-05-26,600036,10:57:22,37.0900,29,2
2026-05-26,600036,10:57:25,37.0900,43,2
2026-05-26,600036,10:57:28,37.1000,44,1
2026-05-26,600036,10:57:31,37.0900,70,2
2026-05-26,600036,10:57:34,37.0900,75,1
2026-05-26,600036,10:57:37,37.1000,67,1
2026-05-26,600036,10:57:40,37.1000,20,1
2026-05-26,600036,10:57:43,37.0900,45,2
2026-05-26,600036,10:57:46,37.0800,171,2
2026-05-26,600036,10:57:49,37.0800,90,2
2026-05-26,600036,10:57:52,37.0900,66,1
2026-05-26,600036,10:57:55,37.0900,183,2
2026-05-26,600036,10:57:58,37.0900,87,2
2026-05-26,600036,10:58:01,37.0900,129,2
2026-05-26,600036,10:58:04,37.0900,55,2
2026-05-26,600036,10:58:07,37.0900,39,1
2026-05-26,600036,10:58:10,37.0900,101,1
2026-05-26,600036,10:58:13,37.0900,92,1
2026-05-26,600036,10:58:16,37.0900,88,1
2026-05-26,600036,10:58:19,37.0900,52,1
2026-05-26,600036,10:58:22,37.0900,62,1
2026-05-26,600036,10:58:25,37.0800,23,2
2026-05-26,600036,10:58:28,37.0900,16,2
2026-05-26,600036,10:58:31,37.0900,83,2
2026-05-26,600036,10:58:34,37.0900,79,1
2026-05-26,600036,10:58:37,37.1000,301,1
2026-05-26,600036,10:58:40,37.0900,134,1
2026-05-26,600036,10:58:43,37.0900,89,1
2026-05-26,600036,10:58:46,37.0900,58,1
2026-05-26,600036,10:58:49,37.0900,37,1
2026-05-26,600036,10:58:52,37.0900,136,1
2026-05-26,600036,10:58:55,37.0900,41,1
2026-05-26,600036,10:58:58,37.0900,7,1
2026-05-26,600036,10:59:01,37.0900,21,1
2026-05-26,600036,10:59:04,37.0800,37,2
2026-05-26,600036,10:59:07,37.0900,112,1
2026-05-26,600036,10:59:10,37.0900,54,1
2026-05-26,600036,10:59:13,37.0900,41,1
2026-05-26,600036,10:59:16,37.0800,105,2
2026-05-26,600036,10:59:19,37.0800,21,2
2026-05-26,600036,10:59:22,37.0800,86,2
2026-05-26,600036,10:59:25,37.0800,76,2
2026-05-26,600036,10:59:28,37.0900,25,1
2026-05-26,600036,10:59:31,37.0800,88,2
2026-05-26,600036,10:59:34,37.0800,35,2
2026-05-26,600036,10:59:40,37.0700,9,2
2026-05-26,600036,10:59:43,37.0700,5,2
2026-05-26,600036,10:59:46,37.0800,13,1
2026-05-26,600036,10:59:49,37.0800,17,1
2026-05-26,600036,10:59:52,37.0800,187,1
2026-05-26,600036,10:59:55,37.0800,39,2
2026-05-26,600036,10:59:58,37.0800,57,2
2026-05-26,600036,11:00:01,37.0900,184,1
2026-05-26,600036,11:00:04,37.0900,44,1
2026-05-26,600036,11:00:07,37.0900,383,1
2026-05-26,600036,11:00:10,37.0800,150,2
2026-05-26,600036,11:00:13,37.0800,139,2
2026-05-26,600036,11:00:16,37.0800,19,2
2026-05-26,600036,11:00:19,37.0800,2,2
2026-05-26,600036,11:00:22,37.0800,5,2
2026-05-26,600036,11:00:25,37.0900,34,1
2026-05-26,600036,11:00:28,37.0900,548,1
2026-05-26,600036,11:00:31,37.0900,99,1
2026-05-26,600036,11:00:34,37.0900,216,2
2026-05-26,600036,11:00:37,37.0900,145,2
2026-05-26,600036,11:00:40,37.0900,36,1
2026-05-26,600036,11:00:43,37.0900,51,1
2026-05-26,600036,11:00:46,37.0900,57,1
2026-05-26,600036,11:00:49,37.0900,77,1
2026-05-26,600036,11:00:52,37.0900,125,2
2026-05-26,600036,11:00:55,37.1000,55,1
2026-05-26,600036,11:00:58,37.1000,2,1
2026-05-26,600036,11:01:01,37.1000,31,1
2026-05-26,600036,11:01:04,37.1000,15,1
2026-05-26,600036,11:01:07,37.0900,151,2
2026-05-26,600036,11:01:10,37.1000,104,1
2026-05-26,600036,11:01:13,37.1000,47,1
2026-05-26,600036,11:01:16,37.0900,61,2
2026-05-26,600036,11:01:19,37.1000,1219,1
2026-05-26,600036,11:01:22,37.0900,205,2
2026-05-26,600036,11:01:25,37.1000,67,1
2026-05-26,600036,11:01:28,37.1000,36,1
2026-05-26,600036,11:01:31,37.1000,19,1
2026-05-26,600036,11:01:34,37.0900,14,2
2026-05-26,600036,11:01:37,37.1000,114,1
2026-05-26,600036,11:01:40,37.1000,51,1
2026-05-26,600036,11:01:43,37.1000,114,2
2026-05-26,600036,11:01:46,37.1000,52,1
2026-05-26,600036,11:01:49,37.1000,81,1
2026-05-26,600036,11:01:52,37.1000,33,1
2026-05-26,600036,11:01:55,37.1000,30,1
2026-05-26,600036,11:01:58,37.1100,508,1
2026-05-26,600036,11:02:01,37.1000,213,2
2026-05-26,600036,11:02:04,37.1000,91,2
2026-05-26,600036,11:02:07,37.1000,53,1
2026-05-26,600036,11:02:10,37.1000,35,1
2026-05-26,600036,11:02:13,37.0900,185,2
2026-05-26,600036,11:02:16,37.1000,21,1
2026-05-26,600036,11:02:19,37.1100,30,1
2026-05-26,600036,11:02:22,37.1100,36,1
2026-05-26,600036,11:02:25,37.1100,18,1
2026-05-26,600036,11:02:28,37.1100,152,1
2026-05-26,600036,11:02:31,37.1100,70,2
2026-05-26,600036,11:02:34,37.1100,21,1
2026-05-26,600036,11:02:37,37.1100,12,1
2026-05-26,600036,11:02:40,37.1100,5,1
2026-05-26,600036,11:02:43,37.0900,175,2
2026-05-26,600036,11:02:46,37.0800,158,2
2026-05-26,600036,11:02:49,37.0900,159,2
2026-05-26,600036,11:02:52,37.0900,115,1
2026-05-26,600036,11:02:55,37.0900,95,1
2026-05-26,600036,11:02:58,37.0900,51,1
2026-05-26,600036,11:03:01,37.0900,94,1
2026-05-26,600036,11:03:04,37.0900,63,2
2026-05-26,600036,11:03:07,37.0900,13,1
2026-05-26,600036,11:03:10,37.0900,89,1
2026-05-26,600036,11:03:13,37.0900,25,1
2026-05-26,600036,11:03:16,37.0800,6,2
2026-05-26,600036,11:03:19,37.0900,8,1
2026-05-26,600036,11:03:22,37.0900,50,1
2026-05-26,600036,11:03:25,37.0800,82,2
2026-05-26,600036,11:03:28,37.0800,20,2
2026-05-26,600036,11:03:31,37.0800,35,2
2026-05-26,600036,11:03:34,37.0800,45,2
2026-05-26,600036,11:03:37,37.0900,60,1
2026-05-26,600036,11:03:40,37.0800,54,2
2026-05-26,600036,11:03:43,37.0900,88,1
2026-05-26,600036,11:03:46,37.0800,18,2
2026-05-26,600036,11:03:49,37.0900,67,1
2026-05-26,600036,11:03:52,37.0800,2,2
2026-05-26,600036,11:03:55,37.0800,54,2
2026-05-26,600036,11:03:58,37.0900,41,1
2026-05-26,600036,11:04:01,37.0900,879,1
2026-05-26,600036,11:04:04,37.0800,145,2
2026-05-26,600036,11:04:07,37.0800,117,1
2026-05-26,600036,11:04:10,37.0700,22,2
2026-05-26,600036,11:04:13,37.0700,75,1
2026-05-26,600036,11:04:16,37.0700,267,1
2026-05-26,600036,11:04:19,37.0800,47,1
2026-05-26,600036,11:04:22,37.0700,39,2
2026-05-26,600036,11:04:25,37.0700,221,2
2026-05-26,600036,11:04:28,37.0700,166,2
2026-05-26,600036,11:04:31,37.0600,348,2
2026-05-26,600036,11:04:34,37.0600,209,2
2026-05-26,600036,11:04:37,37.0500,78,4
2026-05-26,600036,11:04:40,37.0600,51,1
2026-05-26,600036,11:04:43,37.0400,41,2
2026-05-26,600036,11:04:46,37.0500,16,4
2026-05-26,600036,11:04:49,37.0500,2,2
2026-05-26,600036,11:04:52,37.0600,8,1
2026-05-26,600036,11:04:55,37.0500,85,2
2026-05-26,600036,11:04:58,37.0600,28,1
2026-05-26,600036,11:05:01,37.0500,321,2
2026-05-26,600036,11:05:04,37.0600,100,1
2026-05-26,600036,11:05:07,37.0700,315,1
2026-05-26,600036,11:05:10,37.0600,16,2
2026-05-26,600036,11:05:13,37.0700,7,1
2026-05-26,600036,11:05:16,37.0600,4,2
2026-05-26,600036,11:05:19,37.0700,177,1
2026-05-26,600036,11:05:22,37.0600,22,2
2026-05-26,600036,11:05:25,37.0700,22,1
2026-05-26,600036,11:05:28,37.0700,57,1
2026-05-26,600036,11:05:34,37.0700,54,1
2026-05-26,600036,11:05:37,37.0700,66,1
2026-05-26,600036,11:05:40,37.0600,9,2
2026-05-26,600036,11:05:43,37.0700,31,1
2026-05-26,600036,11:05:46,37.0700,2,1
2026-05-26,600036,11:05:49,37.0700,17,1
2026-05-26,600036,11:05:52,37.0700,28,1
2026-05-26,600036,11:05:55,37.0600,97,2
2026-05-26,600036,11:05:58,37.0600,70,2
2026-05-26,600036,11:06:01,37.0600,20,1
2026-05-26,600036,11:06:04,37.0600,5,1
2026-05-26,600036,11:06:07,37.0600,37,1
2026-05-26,600036,11:06:10,37.0500,29,2
2026-05-26,600036,11:06:13,37.0500,4,2
2026-05-26,600036,11:06:16,37.0500,13,2
2026-05-26,600036,11:06:19,37.0600,36,1
2026-05-26,600036,11:06:22,37.0600,18,1
2026-05-26,600036,11:06:25,37.0500,32,2
2026-05-26,600036,11:06:28,37.0600,466,1
2026-05-26,600036,11:06:31,37.0600,23,2
2026-05-26,600036,11:06:34,37.0600,5,2
2026-05-26,600036,11:06:37,37.0600,14,2
2026-05-26,600036,11:06:40,37.0600,159,2
2026-05-26,600036,11:06:43,37.0600,108,1
2026-05-26,600036,11:06:46,37.0600,20,1
2026-05-26,600036,11:06:49,37.0600,34,1
2026-05-26,600036,11:06:52,37.0600,5,1
2026-05-26,600036,11:06:55,37.0600,17,1
2026-05-26,600036,11:06:58,37.0500,10,2
2026-05-26,600036,11:07:01,37.0600,5,1
2026-05-26,600036,11:07:04,37.0600,17,1
2026-05-26,600036,11:07:07,37.0600,3,1
2026-05-26,600036,11:07:10,37.0600,4,1
2026-05-26,600036,11:07:13,37.0500,39,2
2026-05-26,600036,11:07:16,37.0500,19,2
2026-05-26,600036,11:07:19,37.0600,490,1
2026-05-26,600036,11:07:22,37.0600,282,2
2026-05-26,600036,11:07:25,37.0600,78,2
2026-05-26,600036,11:07:28,37.0600,28,2
2026-05-26,600036,11:07:31,37.0700,17,1
2026-05-26,600036,11:07:34,37.0600,3,2
2026-05-26,600036,11:07:37,37.0700,45,1
2026-05-26,600036,11:07:40,37.0700,617,1
2026-05-26,600036,11:07:43,37.0700,53,1
2026-05-26,600036,11:07:46,37.0800,41,1
2026-05-26,600036,11:07:49,37.0800,34,1
2026-05-26,600036,11:07:52,37.0800,22,1
2026-05-26,600036,11:07:55,37.0800,49,1
2026-05-26,600036,11:07:58,37.0700,29,2
2026-05-26,600036,11:08:01,37.0800,17,1
2026-05-26,600036,11:08:04,37.0700,35,2
2026-05-26,600036,11:08:07,37.0800,168,1
2026-05-26,600036,11:08:10,37.0800,13,1
2026-05-26,600036,11:08:13,37.0800,35,1
2026-05-26,600036,11:08:16,37.0800,14,1
2026-05-26,600036,11:08:19,37.0800,21,1
2026-05-26,600036,11:08:22,37.0800,69,1
2026-05-26,600036,11:08:25,37.0800,53,1
2026-05-26,600036,11:08:28,37.0800,4,1
2026-05-26,600036,11:08:31,37.0800,21,1
2026-05-26,600036,11:08:34,37.0800,229,1
2026-05-26,600036,11:08:37,37.0800,728,1
2026-05-26,600036,11:08:40,37.0800,50,4
2026-05-26,600036,11:08:43,37.0800,10,2
2026-05-26,600036,11:08:46,37.0900,51,1
2026-05-26,600036,11:08:49,37.0900,22,1
2026-05-26,600036,11:08:52,37.0900,16,1
2026-05-26,600036,11:08:55,37.0800,38,2
2026-05-26,600036,11:08:58,37.0800,26,2
2026-05-26,600036,11:09:01,37.0800,24,2
2026-05-26,600036,11:09:07,37.0700,286,2
2026-05-26,600036,11:09:10,37.0700,84,2
2026-05-26,600036,11:09:13,37.0700,33,2
2026-05-26,600036,11:09:16,37.0700,79,2
2026-05-26,600036,11:09:19,37.0600,132,2
2026-05-26,600036,11:09:22,37.0600,152,2
2026-05-26,600036,11:09:25,37.0600,2,1
2026-05-26,600036,11:09:28,37.0700,300,1
2026-05-26,600036,11:09:31,37.0600,43,1
2026-05-26,600036,11:09:34,37.0600,24,2
2026-05-26,600036,11:09:37,37.0500,125,2
2026-05-26,600036,11:09:40,37.0500,5,2
2026-05-26,600036,11:09:43,37.0500,6,2
2026-05-26,600036,11:09:46,37.0600,9,1
2026-05-26,600036,11:09:49,37.0600,58,1
2026-05-26,600036,11:09:52,37.0500,34,2
2026-05-26,600036,11:09:55,37.0500,84,2
2026-05-26,600036,11:09:58,37.0500,532,2
2026-05-26,600036,11:10:01,37.0500,11,1
2026-05-26,600036,11:10:04,37.0500,1,1
2026-05-26,600036,11:10:07,37.0500,37,1
2026-05-26,600036,11:10:10,37.0500,149,1
2026-05-26,600036,11:10:13,37.0400,32,2
2026-05-26,600036,11:10:16,37.0500,98,1
2026-05-26,600036,11:10:19,37.0500,23,2
2026-05-26,600036,11:10:22,37.0600,134,1
2026-05-26,600036,11:10:25,37.0500,123,2
2026-05-26,600036,11:10:28,37.0600,17,1
2026-05-26,600036,11:10:31,37.0600,28,1
2026-05-26,600036,11:10:34,37.0700,325,1
2026-05-26,600036,11:10:37,37.0700,13,1
2026-05-26,600036,11:10:40,37.0600,89,2
2026-05-26,600036,11:10:43,37.0600,29,2
2026-05-26,600036,11:10:46,37.0600,20,2
2026-05-26,600036,11:10:49,37.0700,17,1
2026-05-26,600036,11:10:52,37.0700,267,1
2026-05-26,600036,11:10:55,37.0600,40,2
2026-05-26,600036,11:10:58,37.0600,138,2
2026-05-26,600036,11:11:01,37.0600,149,2
2026-05-26,600036,11:11:04,37.0700,13,1
2026-05-26,600036,11:11:07,37.0600,81,2
2026-05-26,600036,11:11:10,37.0600,58,1
2026-05-26,600036,11:11:13,37.0500,53,2
2026-05-26,600036,11:11:16,37.0600,42,1
2026-05-26,600036,11:11:19,37.0600,17,1
2026-05-26,600036,11:11:22,37.0500,9,2
2026-05-26,600036,11:11:25,37.0600,51,1
2026-05-26,600036,11:11:28,37.0600,18,1
2026-05-26,600036,11:11:31,37.0500,19,2
2026-05-26,600036,11:11:34,37.0600,20,1
2026-05-26,600036,11:11:37,37.0600,1,1
2026-05-26,600036,11:11:40,37.0600,2,1
2026-05-26,600036,11:11:43,37.0600,6,1
2026-05-26,600036,11:11:46,37.0600,218,1
2026-05-26,600036,11:11:49,37.0600,37,1
2026-05-26,600036,11:11:52,37.0500,6,2
2026-05-26,600036,11:11:55,37.0500,18,2
2026-05-26,600036,11:11:58,37.0500,19,2
2026-05-26,600036,11:12:01,37.0500,56,2
2026-05-26,600036,11:12:04,37.0500,155,2
2026-05-26,600036,11:12:07,37.0600,37,1
2026-05-26,600036,11:12:10,37.0500,69,2
2026-05-26,600036,11:12:13,37.0500,111,2
2026-05-26,600036,11:12:16,37.0600,38,1
2026-05-26,600036,11:12:19,37.0600,32,1
2026-05-26,600036,11:12:22,37.0500,37,2
2026-05-26,600036,11:12:25,37.0600,1,1
2026-05-26,600036,11:12:28,37.0600,420,1
2026-05-26,600036,11:12:31,37.0500,80,2
2026-05-26,600036,11:12:34,37.0500,43,2
2026-05-26,600036,11:12:37,37.0500,418,2
2026-05-26,600036,11:12:40,37.0600,12,4
2026-05-26,600036,11:12:43,37.0600,27,1
2026-05-26,600036,11:12:46,37.0600,52,2
2026-05-26,600036,11:12:49,37.0700,19,1
2026-05-26,600036,11:12:52,37.0700,2,1
2026-05-26,600036,11:12:55,37.0600,16,2
2026-05-26,600036,11:12:58,37.0600,57,2
2026-05-26,600036,11:13:01,37.0700,45,1
2026-05-26,600036,11:13:04,37.0700,824,1
2026-05-26,600036,11:13:07,37.0800,285,1
2026-05-26,600036,11:13:10,37.0800,212,1
2026-05-26,600036,11:13:13,37.0700,3,2
2026-05-26,600036,11:13:16,37.0900,72,1
2026-05-26,600036,11:13:22,37.0800,25,2
2026-05-26,600036,11:13:25,37.0900,6,1
2026-05-26,600036,11:13:28,37.0900,111,1
2026-05-26,600036,11:13:31,37.0900,110,1
2026-05-26,600036,11:13:34,37.0900,3,1
2026-05-26,600036,11:13:37,37.0900,168,1
2026-05-26,600036,11:13:40,37.0900,46,1
2026-05-26,600036,11:13:43,37.0800,116,2
2026-05-26,600036,11:13:46,37.1000,10,1
2026-05-26,600036,11:13:49,37.1000,18,1
2026-05-26,600036,11:13:52,37.0900,6,2
2026-05-26,600036,11:13:55,37.0900,8,2
2026-05-26,600036,11:13:58,37.0900,93,2
2026-05-26,600036,11:14:01,37.0900,16,2
2026-05-26,600036,11:14:04,37.0900,25,2
2026-05-26,600036,11:14:07,37.0900,84,2
2026-05-26,600036,11:14:10,37.0900,80,2
2026-05-26,600036,11:14:13,37.0900,26,2
2026-05-26,600036,11:14:16,37.0900,109,2
2026-05-26,600036,11:14:19,37.0900,89,1
2026-05-26,600036,11:14:22,37.0900,43,1
2026-05-26,600036,11:14:25,37.0900,7,1
2026-05-26,600036,11:14:28,37.0900,10,1
2026-05-26,600036,11:14:31,37.0900,11,1
2026-05-26,600036,11:14:34,37.0900,22,1
2026-05-26,600036,11:14:37,37.0900,219,1
2026-05-26,600036,11:14:40,37.0900,60,1
2026-05-26,600036,11:14:43,37.0800,38,2
2026-05-26,600036,11:14:46,37.0900,6,1
2026-05-26,600036,11:14:49,37.0900,188,1
2026-05-26,600036,11:14:52,37.0900,103,1
2026-05-26,600036,11:14:55,37.0900,1,2
2026-05-26,600036,11:14:58,37.1000,193,1
2026-05-26,600036,11:15:01,37.0900,184,2
2026-05-26,600036,11:15:04,37.1000,49,1
2026-05-26,600036,11:15:07,37.1000,48,1
2026-05-26,600036,11:15:10,37.0900,24,2
2026-05-26,600036,11:15:13,37.0900,18,2
2026-05-26,600036,11:15:16,37.0900,32,2
2026-05-26,600036,11:15:19,37.0900,30,2
2026-05-26,600036,11:15:22,37.1000,36,1
2026-05-26,600036,11:15:25,37.1000,1,1
2026-05-26,600036,11:15:28,37.1000,1,1
2026-05-26,600036,11:15:31,37.0900,8,2
2026-05-26,600036,11:15:34,37.0900,15,2
2026-05-26,600036,11:15:37,37.0900,92,2
2026-05-26,600036,11:15:40,37.1000,65,1
2026-05-26,600036,11:15:43,37.1000,60,1
2026-05-26,600036,11:15:46,37.0900,31,2
2026-05-26,600036,11:15:49,37.0900,526,2
2026-05-26,600036,11:15:52,37.1000,62,1
2026-05-26,600036,11:15:55,37.1100,43,1
2026-05-26,600036,11:15:58,37.1000,66,2
2026-05-26,600036,11:16:01,37.1000,31,1
2026-05-26,600036,11:16:04,37.0900,34,2
2026-05-26,600036,11:16:07,37.0900,23,2
2026-05-26,600036,11:16:10,37.1000,23,1
2026-05-26,600036,11:16:13,37.1000,9,1
2026-05-26,600036,11:16:16,37.1000,137,1
2026-05-26,600036,11:16:19,37.0900,96,2
2026-05-26,600036,11:16:22,37.1000,3,1
2026-05-26,600036,11:16:25,37.0900,70,2
2026-05-26,600036,11:16:28,37.0900,53,2
2026-05-26,600036,11:16:31,37.0900,338,2
2026-05-26,600036,11:16:34,37.0900,51,2
2026-05-26,600036,11:16:37,37.1000,43,1
2026-05-26,600036,11:16:40,37.0900,102,2
2026-05-26,600036,11:16:43,37.1000,30,4
2026-05-26,600036,11:16:46,37.1000,27,1
2026-05-26,600036,11:16:49,37.0900,417,2
2026-05-26,600036,11:16:52,37.0900,71,2
2026-05-26,600036,11:16:55,37.0900,17,1
2026-05-26,600036,11:16:58,37.0900,12,1
2026-05-26,600036,11:17:01,37.0900,22,1
2026-05-26,600036,11:17:04,37.0900,2,1
2026-05-26,600036,11:17:07,37.0800,310,2
2026-05-26,600036,11:17:10,37.0700,79,2
2026-05-26,600036,11:17:13,37.0600,49,2
2026-05-26,600036,11:17:16,37.0600,145,2
2026-05-26,600036,11:17:19,37.0700,525,1
2026-05-26,600036,11:17:22,37.0700,3,1
2026-05-26,600036,11:17:25,37.0600,103,2
2026-05-26,600036,11:17:28,37.0600,44,2
2026-05-26,600036,11:17:31,37.0700,281,1
2026-05-26,600036,11:17:34,37.0700,72,1
2026-05-26,600036,11:17:37,37.0600,578,2
2026-05-26,600036,11:17:40,37.0500,30,2
2026-05-26,600036,11:17:43,37.0600,70,4
2026-05-26,600036,11:17:46,37.0600,4,2
2026-05-26,600036,11:17:49,37.0500,569,2
2026-05-26,600036,11:17:52,37.0600,1,2
2026-05-26,600036,11:17:55,37.0700,3,1
2026-05-26,600036,11:17:58,37.0600,67,2
2026-05-26,600036,11:18:01,37.0600,2,2
2026-05-26,600036,11:18:04,37.0700,3,1
2026-05-26,600036,11:18:07,37.0700,13,1
2026-05-26,600036,11:18:10,37.0600,495,2
2026-05-26,600036,11:18:13,37.0600,51,1
2026-05-26,600036,11:18:16,37.0500,6,2
2026-05-26,600036,11:18:22,37.0600,859,1
2026-05-26,600036,11:18:25,37.0600,31,4
2026-05-26,600036,11:18:28,37.0500,43,2
2026-05-26,600036,11:18:31,37.0500,23,2
2026-05-26,600036,11:18:34,37.0600,514,1
2026-05-26,600036,11:18:40,37.0500,33,2
2026-05-26,600036,11:18:43,37.0400,2,2
2026-05-26,600036,11:18:46,37.0400,36,2
2026-05-26,600036,11:18:49,37.0500,4,1
2026-05-26,600036,11:18:52,37.0500,7,1
2026-05-26,600036,11:18:55,37.0400,39,2
