date,code,time,price,volume,bs
2026-05-25,000001,14:05:48,10.6800,44,2
2026-05-25,000001,14:05:51,10.6800,20,2
2026-05-25,000001,14:05:54,10.6800,17,2
2026-05-25,000001,14:05:57,10.6900,74,1
2026-05-25,000001,14:06:00,10.6900,47,1
2026-05-25,000001,14:06:03,10.6900,107,1
2026-05-25,000001,14:06:06,10.6800,86,2
2026-05-25,000001,14:06:09,10.6900,85,1
2026-05-25,000001,14:06:12,10.6800,38,2
2026-05-25,000001,14:06:18,10.6900,71,1
2026-05-25,000001,14:06:21,10.6900,37,1
2026-05-25,000001,14:06:24,10.6800,62,2
2026-05-25,000001,14:06:27,10.6900,129,1
2026-05-25,000001,14:06:30,10.6800,7,2
2026-05-25,000001,14:06:33,10.6800,17,2
2026-05-25,000001,14:06:36,10.6800,92,2
2026-05-25,000001,14:06:39,10.6800,22,2
2026-05-25,000001,14:06:42,10.6800,74,2
2026-05-25,000001,14:06:45,10.6800,243,2
2026-05-25,000001,14:06:48,10.6900,24,1
2026-05-25,000001,14:06:51,10.6800,16,2
2026-05-25,000001,14:06:54,10.6800,144,2
2026-05-25,000001,14:06:57,10.6800,68,2
2026-05-25,000001,14:07:00,10.6800,45,2
2026-05-25,000001,14:07:03,10.6900,7,1
2026-05-25,000001,14:07:06,10.6900,20,1
2026-05-25,000001,14:07:12,10.6900,27,1
2026-05-25,000001,14:07:15,10.6800,346,2
2026-05-25,000001,14:07:18,10.6800,21,2
2026-05-25,000001,14:07:21,10.6800,32,2
2026-05-25,000001,14:07:24,10.6800,23,2
2026-05-25,000001,14:07:27,10.6900,26,1
2026-05-25,000001,14:07:33,10.6900,3,1
2026-05-25,000001,14:07:42,10.6800,62,2
2026-05-25,000001,14:07:45,10.6800,2488,2
2026-05-25,000001,14:07:48,10.6800,147,2
2026-05-25,000001,14:07:51,10.6900,75,1
2026-05-25,000001,14:07:54,10.6900,28,1
2026-05-25,000001,14:08:00,10.6800,17,2
2026-05-25,000001,14:08:03,10.6900,7,1
2026-05-25,000001,14:08:09,10.6800,53,2
2026-05-25,000001,14:08:12,10.6800,4,2
2026-05-25,000001,14:08:15,10.6800,233,2
2026-05-25,000001,14:08:18,10.6800,26,2
2026-05-25,000001,14:08:21,10.6800,66,2
2026-05-25,000001,14:08:24,10.6800,64,2
2026-05-25,000001,14:08:27,10.6900,37,1
2026-05-25,000001,14:08:30,10.6900,10,1
2026-05-25,000001,14:08:33,10.6900,12,1
2026-05-25,000001,14:08:36,10.6800,127,2
2026-05-25,000001,14:08:39,10.6800,184,2
2026-05-25,000001,14:08:42,10.6800,38,2
2026-05-25,000001,14:08:45,10.6800,33,2
2026-05-25,000001,14:08:48,10.6800,4,2
2026-05-25,000001,14:08:51,10.6800,59,2
2026-05-25,000001,14:08:54,10.6800,20,2
2026-05-25,000001,14:08:57,10.6900,66,1
2026-05-25,000001,14:09:00,10.6800,4,2
2026-05-25,000001,14:09:03,10.6900,25,1
2026-05-25,000001,14:09:06,10.6900,38,1
2026-05-25,000001,14:09:09,10.6800,17,2
2026-05-25,000001,14:09:12,10.6800,1,2
2026-05-25,000001,14:09:15,10.6900,6,1
2026-05-25,000001,14:09:18,10.6900,41,1
2026-05-25,000001,14:09:21,10.6800,50,2
2026-05-25,000001,14:09:24,10.6800,41,2
2026-05-25,000001,14:09:27,10.6800,1,2
2026-05-25,000001,14:09:30,10.6800,81,2
2026-05-25,000001,14:09:33,10.6800,127,2
2026-05-25,000001,14:09:36,10.6900,57,1
2026-05-25,000001,14:09:39,10.6800,53,2
2026-05-25,000001,14:09:42,10.6900,32,1
2026-05-25,000001,14:09:45,10.6800,38,2
2026-05-25,000001,14:09:48,10.6800,25,2
2026-05-25,000001,14:09:51,10.6800,96,2
2026-05-25,000001,14:09:54,10.6800,31,2
2026-05-25,000001,14:09:57,10.6800,81,2
2026-05-25,000001,14:10:00,10.6900,27,1
2026-05-25,000001,14:10:03,10.6800,79,2
2026-05-25,000001,14:10:06,10.6800,103,2
2026-05-25,000001,14:10:09,10.6800,70,2
2026-05-25,000001,14:10:12,10.6800,19,2
2026-05-25,000001,14:10:15,10.6800,5,2
2026-05-25,000001,14:10:18,10.6800,419,2
2026-05-25,000001,14:10:21,10.6800,34,2
2026-05-25,000001,14:10:24,10.6800,45,2
2026-05-25,000001,14:10:27,10.6800,28,2
2026-05-25,000001,14:10:30,10.6800,27,2
2026-05-25,000001,14:10:33,10.6800,31,2
2026-05-25,000001,14:10:36,10.6800,51,2
2026-05-25,000001,14:10:39,10.6800,54,2
2026-05-25,000001,14:10:42,10.6800,44,2
2026-05-25,000001,14:10:45,10.6800,56,2
2026-05-25,000001,14:10:48,10.6800,18,2
2026-05-25,000001,14:10:51,10.6800,38,2
2026-05-25,000001,14:10:54,10.6800,106,2
2026-05-25,000001,14:10:57,10.6800,316,2
2026-05-25,000001,14:11:00,10.6800,166,2
2026-05-25,000001,14:11:03,10.6800,52,2
2026-05-25,000001,14:11:06,10.6800,63,2
2026-05-25,000001,14:11:09,10.6800,5,2
2026-05-25,000001,14:11:12,10.6800,6,2
2026-05-25,000001,14:11:15,10.6800,21,2
2026-05-25,000001,14:11:18,10.6800,8,2
2026-05-25,000001,14:11:21,10.6800,246,2
2026-05-25,000001,14:11:24,10.6800,1106,2
2026-05-25,000001,14:11:27,10.6900,40,1
2026-05-25,000001,14:11:30,10.6800,8,2
2026-05-25,000001,14:11:33,10.6800,12,2
2026-05-25,000001,14:11:36,10.6800,53,2
2026-05-25,000001,14:11:39,10.6800,10,2
2026-05-25,000001,14:11:42,10.6800,25,2
2026-05-25,000001,14:11:45,10.6800,26,2
2026-05-25,000001,14:11:48,10.6800,43,2
2026-05-25,000001,14:11:51,10.6800,6,2
2026-05-25,000001,14:11:54,10.6800,101,2
2026-05-25,000001,14:11:57,10.6800,94,2
2026-05-25,000001,14:12:00,10.6800,12,2
2026-05-25,000001,14:12:03,10.6800,30,2
2026-05-25,000001,14:12:06,10.6800,61,2
2026-05-25,000001,14:12:09,10.6800,32,2
2026-05-25,000001,14:12:12,10.6800,5,2
2026-05-25,000001,14:12:15,10.6800,22,2
2026-05-25,000001,14:12:18,10.6900,3652,1
2026-05-25,000001,14:12:21,10.6900,38,1
2026-05-25,000001,14:12:24,10.6900,55,1
2026-05-25,000001,14:12:27,10.6800,190,2
2026-05-25,000001,14:12:30,10.6900,93,1
2026-05-25,000001,14:12:33,10.6900,58,1
2026-05-25,000001,14:12:36,10.6900,67,1
2026-05-25,000001,14:12:39,10.6800,34,2
2026-05-25,000001,14:12:42,10.6800,29,2
2026-05-25,000001,14:12:45,10.6800,72,2
2026-05-25,000001,14:12:48,10.6800,56,2
2026-05-25,000001,14:12:51,10.6900,468,1
2026-05-25,000001,14:12:54,10.6900,62,1
2026-05-25,000001,14:12:57,10.6800,198,2
2026-05-25,000001,14:13:00,10.6800,19,2
2026-05-25,000001,14:13:03,10.6900,165,1
2026-05-25,000001,14:13:06,10.6900,9,1
2026-05-25,000001,14:13:09,10.6900,47,1
2026-05-25,000001,14:13:12,10.6900,25,1
2026-05-25,000001,14:13:15,10.6900,6,1
2026-05-25,000001,14:13:18,10.6900,21,1
2026-05-25,000001,14:13:21,10.6900,1,1
2026-05-25,000001,14:13:27,10.6900,22,1
2026-05-25,000001,14:13:33,10.6900,95,1
2026-05-25,000001,14:13:36,10.6900,40,1
2026-05-25,000001,14:13:39,10.6900,111,1
2026-05-25,000001,14:13:42,10.6800,170,2
2026-05-25,000001,14:13:45,10.6900,457,1
2026-05-25,000001,14:13:48,10.6900,233,1
2026-05-25,000001,14:13:51,10.6800,190,2
2026-05-25,000001,14:13:54,10.6900,215,1
2026-05-25,000001,14:13:57,10.6800,148,2
2026-05-25,000001,14:14:00,10.6800,59,2
2026-05-25,000001,14:14:03,10.6800,40,2
2026-05-25,000001,14:14:06,10.6800,30,2
2026-05-25,000001,14:14:09,10.6900,59,1
2026-05-25,000001,14:14:15,10.6800,16,2
2026-05-25,000001,14:14:18,10.6800,9,2
2026-05-25,000001,14:14:21,10.6900,64,1
2026-05-25,000001,14:14:24,10.6900,9,1
2026-05-25,000001,14:14:27,10.6900,87,1
2026-05-25,000001,14:14:30,10.6900,5,1
2026-05-25,000001,14:14:33,10.6900,22,1
2026-05-25,000001,14:14:36,10.6900,287,1
2026-05-25,000001,14:14:39,10.6900,635,1
2026-05-25,000001,14:14:42,10.6900,62,1
2026-05-25,000001,14:14:45,10.6900,231,1
2026-05-25,000001,14:14:48,10.6800,58,2
2026-05-25,000001,14:14:51,10.6800,38,2
2026-05-25,000001,14:14:54,10.6900,64,1
2026-05-25,000001,14:14:57,10.6900,43,1
2026-05-25,000001,14:15:00,10.6900,21,1
2026-05-25,000001,14:15:03,10.6900,3,1
2026-05-25,000001,14:15:06,10.6900,51,1
2026-05-25,000001,14:15:09,10.6900,16,1
2026-05-25,000001,14:15:12,10.6800,49,2
2026-05-25,000001,14:15:15,10.6900,6,1
2026-05-25,000001,14:15:18,10.6900,51,1
2026-05-25,000001,14:15:21,10.6900,21,1
2026-05-25,000001,14:15:24,10.6900,59,1
2026-05-25,000001,14:15:27,10.6900,18,1
2026-05-25,000001,14:15:30,10.6800,8,2
2026-05-25,000001,14:15:33,10.6900,37,1
2026-05-25,000001,14:15:36,10.6800,54,2
2026-05-25,000001,14:15:39,10.6800,174,2
2026-05-25,000001,14:15:42,10.6800,168,2
2026-05-25,000001,14:15:48,10.6900,40,1
2026-05-25,000001,14:15:51,10.6800,16,2
2026-05-25,000001,14:15:54,10.6900,271,1
2026-05-25,000001,14:15:57,10.6900,40,1
2026-05-25,000001,14:16:03,10.6800,32,2
2026-05-25,000001,14:16:06,10.6900,27,1
2026-05-25,000001,14:16:09,10.6800,33,2
2026-05-25,000001,14:16:15,10.6800,17,2
2026-05-25,000001,14:16:18,10.6900,41,1
2026-05-25,000001,14:16:21,10.6800,359,2
2026-05-25,000001,14:16:24,10.6900,2,1
2026-05-25,000001,14:16:27,10.6900,93,1
2026-05-25,000001,14:16:30,10.6800,16,2
2026-05-25,000001,14:16:33,10.6900,386,1
2026-05-25,000001,14:16:36,10.6800,70,2
2026-05-25,000001,14:16:39,10.6900,9,1
2026-05-25,000001,14:16:42,10.6900,38,1
2026-05-25,000001,14:16:45,10.6900,12,1
2026-05-25,000001,14:16:48,10.6900,13,1
2026-05-25,000001,14:16:51,10.6800,49,2
2026-05-25,000001,14:16:54,10.6900,101,1
2026-05-25,000001,14:16:57,10.6900,68,1
2026-05-25,000001,14:17:00,10.6800,34,2
2026-05-25,000001,14:17:03,10.6900,19,1
2026-05-25,000001,14:17:06,10.6800,3,2
2026-05-25,000001,14:17:09,10.6900,21,1
2026-05-25,000001,14:17:12,10.6900,348,1
2026-05-25,000001,14:17:15,10.6900,46,1
2026-05-25,000001,14:17:18,10.6800,23,2
2026-05-25,000001,14:17:21,10.6800,43,2
2026-05-25,000001,14:17:24,10.6900,1,1
2026-05-25,000001,14:17:27,10.6800,67,2
2026-05-25,000001,14:17:30,10.6900,50,1
2026-05-25,000001,14:17:33,10.6900,32,1
2026-05-25,000001,14:17:36,10.6800,466,2
2026-05-25,000001,14:17:39,10.6900,83,1
2026-05-25,000001,14:17:42,10.6900,251,1
2026-05-25,000001,14:17:45,10.6900,145,1
2026-05-25,000001,14:17:48,10.6900,14,1
2026-05-25,000001,14:17:51,10.6800,4,2
2026-05-25,000001,14:17:54,10.6900,293,1
2026-05-25,000001,14:17:57,10.6900,152,4
2026-05-25,000001,14:18:00,10.6900,169,1
2026-05-25,000001,14:18:03,10.6900,209,1
2026-05-25,000001,14:18:06,10.6900,219,2
2026-05-25,000001,14:18:09,10.6900,187,2
2026-05-25,000001,14:18:12,10.6900,334,2
2026-05-25,000001,14:18:15,10.6900,153,1
2026-05-25,000001,14:18:18,10.6900,45,1
2026-05-25,000001,14:18:21,10.7000,116,1
2026-05-25,000001,14:18:24,10.6900,54,2
2026-05-25,000001,14:18:27,10.6800,57,2
2026-05-25,000001,14:18:30,10.6800,187,2
2026-05-25,000001,14:18:33,10.6800,123,2
2026-05-25,000001,14:18:36,10.6900,62,4
2026-05-25,000001,14:18:39,10.6900,109,1
2026-05-25,000001,14:18:42,10.6900,9,1
2026-05-25,000001,14:18:45,10.6800,32,2
2026-05-25,000001,14:18:48,10.6900,207,1
2026-05-25,000001,14:18:51,10.6900,92,1
2026-05-25,000001,14:18:54,10.7000,91,1
2026-05-25,000001,14:18:57,10.7000,50,1
2026-05-25,000001,14:19:03,10.6900,56,2
2026-05-25,000001,14:19:06,10.6900,196,2
2026-05-25,000001,14:19:09,10.6900,33,2
2026-05-25,000001,14:19:12,10.6900,16,2
2026-05-25,000001,14:19:15,10.6900,7,2
2026-05-25,000001,14:19:18,10.7000,3,1
2026-05-25,000001,14:19:21,10.6900,18,2
2026-05-25,000001,14:19:24,10.6900,31,2
2026-05-25,000001,14:19:27,10.7000,69,1
2026-05-25,000001,14:19:30,10.6900,68,2
2026-05-25,000001,14:19:33,10.6900,133,2
2026-05-25,000001,14:19:36,10.6900,286,2
2026-05-25,000001,14:19:39,10.7000,67,1
2026-05-25,000001,14:19:42,10.6900,16,2
2026-05-25,000001,14:19:45,10.7000,1,1
2026-05-25,000001,14:19:48,10.7000,2,1
2026-05-25,000001,14:19:51,10.6900,19,2
2026-05-25,000001,14:19:54,10.7000,12,1
2026-05-25,000001,14:19:57,10.7000,24,1
2026-05-25,000001,14:20:00,10.6900,19,2
2026-05-25,000001,14:20:03,10.7000,30,1
2026-05-25,000001,14:20:06,10.6900,1,2
2026-05-25,000001,14:20:12,10.6900,100,2
2026-05-25,000001,14:20:15,10.7000,7,1
2026-05-25,000001,14:20:18,10.7000,5,1
2026-05-25,000001,14:20:21,10.7000,36,1
2026-05-25,000001,14:20:24,10.6900,17,2
2026-05-25,000001,14:20:27,10.7000,18,1
2026-05-25,000001,14:20:30,10.7000,116,1
2026-05-25,000001,14:20:33,10.6900,10,2
2026-05-25,000001,14:20:36,10.7000,30,1
2026-05-25,000001,14:20:39,10.7000,1,1
2026-05-25,000001,14:20:42,10.6900,17,2
2026-05-25,000001,14:20:45,10.6900,40,2
2026-05-25,000001,14:20:48,10.7000,7,1
2026-05-25,000001,14:20:51,10.6900,33,2
2026-05-25,000001,14:20:54,10.7000,104,1
2026-05-25,000001,14:20:57,10.6900,17,2
2026-05-25,000001,14:21:00,10.7000,50,1
2026-05-25,000001,14:21:03,10.6900,17,2
2026-05-25,000001,14:21:06,10.7000,56,1
2026-05-25,000001,14:21:09,10.6900,32,2
2026-05-25,000001,14:21:12,10.6900,83,2
2026-05-25,000001,14:21:15,10.6900,39,2
2026-05-25,000001,14:21:18,10.6900,77,2
2026-05-25,000001,14:21:21,10.6900,38,2
2026-05-25,000001,14:21:24,10.6900,16,2
2026-05-25,000001,14:21:27,10.7000,38,1
2026-05-25,000001,14:21:30,10.6900,3,2
2026-05-25,000001,14:21:33,10.6900,16,2
2026-05-25,000001,14:21:36,10.7000,39,1
2026-05-25,000001,14:21:39,10.7000,22,1
2026-05-25,000001,14:21:42,10.7000,136,1
2026-05-25,000001,14:21:45,10.7000,24,1
2026-05-25,000001,14:21:48,10.7000,30,1
2026-05-25,000001,14:21:51,10.7000,28,1
2026-05-25,000001,14:21:54,10.7000,43,1
2026-05-25,000001,14:21:57,10.7000,30,1
2026-05-25,000001,14:22:00,10.7000,19,1
2026-05-25,000001,14:22:03,10.7000,74,1
2026-05-25,000001,14:22:09,10.7000,31,1
2026-05-25,000001,14:22:12,10.7000,30,1
2026-05-25,000001,14:22:15,10.7000,142,1
2026-05-25,000001,14:22:18,10.7000,2,1
2026-05-25,000001,14:22:21,10.6900,16,2
2026-05-25,000001,14:22:27,10.6900,9,2
2026-05-25,000001,14:22:30,10.6900,184,2
2026-05-25,000001,14:22:33,10.6900,20,2
2026-05-25,000001,14:22:36,10.6900,72,2
2026-05-25,000001,14:22:39,10.6900,51,2
2026-05-25,000001,14:22:42,10.6900,33,2
2026-05-25,000001,14:22:45,10.6900,52,2
2026-05-25,000001,14:22:48,10.6900,34,2
2026-05-25,000001,14:22:51,10.6900,1827,2
2026-05-25,000001,14:22:54,10.6900,671,1
2026-05-25,000001,14:22:57,10.7000,172,1
2026-05-25,000001,14:23:00,10.7000,105,1
2026-05-25,000001,14:23:03,10.6900,193,2
2026-05-25,000001,14:23:06,10.6900,92,1
2026-05-25,000001,14:23:09,10.6900,72,4
2026-05-25,000001,14:23:12,10.6900,55,2
2026-05-25,000001,14:23:15,10.6800,123,2
2026-05-25,000001,14:23:18,10.6900,243,1
2026-05-25,000001,14:23:21,10.6800,35,2
2026-05-25,000001,14:23:24,10.6900,23,1
2026-05-25,000001,14:23:27,10.6900,101,1
2026-05-25,000001,14:23:30,10.6800,11,2
2026-05-25,000001,14:23:33,10.7000,563,1
2026-05-25,000001,14:23:36,10.6900,20,4
2026-05-25,000001,14:23:39,10.6900,45,2
2026-05-25,000001,14:23:42,10.6900,47,1
2026-05-25,000001,14:23:45,10.6900,135,1
2026-05-25,000001,14:23:48,10.6900,208,1
2026-05-25,000001,14:23:57,10.6900,216,2
2026-05-25,000001,14:24:00,10.7000,341,1
2026-05-25,000001,14:24:03,10.7000,165,1
2026-05-25,000001,14:24:06,10.6900,53,2
2026-05-25,000001,14:24:09,10.6900,66,2
2026-05-25,000001,14:24:12,10.7000,29,1
2026-05-25,000001,14:24:15,10.6900,17,2
2026-05-25,000001,14:24:18,10.6900,99,2
2026-05-25,000001,14:24:21,10.6900,13,2
2026-05-25,000001,14:24:24,10.6900,16,2
2026-05-25,000001,14:24:27,10.6900,40,2
2026-05-25,000001,14:24:30,10.6900,84,2
2026-05-25,000001,14:24:33,10.6900,242,2
2026-05-25,000001,14:24:36,10.6800,303,2
2026-05-25,000001,14:24:39,10.6800,62,2
2026-05-25,000001,14:24:42,10.6800,48,2
2026-05-25,000001,14:24:45,10.6800,32,2
2026-05-25,000001,14:24:48,10.6900,166,1
2026-05-25,000001,14:24:51,10.6900,17,1
2026-05-25,000001,14:24:54,10.6900,87,1
2026-05-25,000001,14:24:57,10.6800,33,2
2026-05-25,000001,14:25:00,10.6800,16,2
2026-05-25,000001,14:25:03,10.6900,81,1
2026-05-25,000001,14:25:06,10.6800,66,2
2026-05-25,000001,14:25:15,10.6900,62,1
2026-05-25,000001,14:25:18,10.6800,45,2
2026-05-25,000001,14:25:21,10.6800,10,2
2026-05-25,000001,14:25:24,10.6800,17,2
2026-05-25,000001,14:25:27,10.6800,55,2
2026-05-25,000001,14:25:30,10.6800,19,2
2026-05-25,000001,14:25:33,10.6800,34,2
2026-05-25,000001,14:25:36,10.6800,382,2
2026-05-25,000001,14:25:39,10.6800,81,2
2026-05-25,000001,14:25:45,10.6800,6,2
2026-05-25,000001,14:25:48,10.6900,25,1
2026-05-25,000001,14:25:51,10.6900,54,1
2026-05-25,000001,14:25:54,10.6800,79,2
2026-05-25,000001,14:25:57,10.6900,225,1
2026-05-25,000001,14:26:00,10.6800,324,2
2026-05-25,000001,14:26:03,10.7000,27,1
2026-05-25,000001,14:26:06,10.6800,187,2
2026-05-25,000001,14:26:09,10.6900,26,1
2026-05-25,000001,14:26:12,10.6800,787,2
2026-05-25,000001,14:26:15,10.6900,484,1
2026-05-25,000001,14:26:18,10.6900,26,1
2026-05-25,000001,14:26:21,10.6900,79,1
2026-05-25,000001,14:26:24,10.6900,551,1
2026-05-25,000001,14:26:27,10.6800,9,2
2026-05-25,000001,14:26:30,10.6800,83,2
2026-05-25,000001,14:26:33,10.6800,39,2
2026-05-25,000001,14:26:36,10.6800,34,2
2026-05-25,000001,14:26:42,10.6900,150,1
2026-05-25,000001,14:26:45,10.6900,39,1
2026-05-25,000001,14:26:48,10.6900,38,1
2026-05-25,000001,14:26:51,10.6800,122,2
2026-05-25,000001,14:26:54,10.6800,1285,2
2026-05-25,000001,14:26:57,10.6800,58,2
2026-05-25,000001,14:27:00,10.6900,53,1
2026-05-25,000001,14:27:03,10.6800,24,2
2026-05-25,000001,14:27:06,10.6900,71,1
2026-05-25,000001,14:27:09,10.6800,27,2
2026-05-25,000001,14:27:12,10.6900,14,1
2026-05-25,000001,14:27:15,10.6900,24,1
2026-05-25,000001,14:27:18,10.6900,28,1
2026-05-25,000001,14:27:21,10.6900,22,1
2026-05-25,000001,14:27:24,10.6900,34,1
2026-05-25,000001,14:27:27,10.6900,23,1
2026-05-25,000001,14:27:30,10.6900,207,1
2026-05-25,000001,14:27:33,10.6800,18,2
2026-05-25,000001,14:27:36,10.6900,77,1
2026-05-25,000001,14:27:39,10.6900,124,1
2026-05-25,000001,14:27:42,10.6900,686,1
2026-05-25,000001,14:27:45,10.6900,106,1
2026-05-25,000001,14:27:48,10.6900,41,1
2026-05-25,000001,14:27:54,10.6900,220,1
2026-05-25,000001,14:27:57,10.6800,23,2
2026-05-25,000001,14:28:00,10.6900,17,1
2026-05-25,000001,14:28:03,10.6900,24,1
2026-05-25,000001,14:28:06,10.6900,130,1
2026-05-25,000001,14:28:09,10.6900,158,1
2026-05-25,000001,14:28:12,10.6900,231,2
2026-05-25,000001,14:28:15,10.6900,80,1
2026-05-25,000001,14:28:18,10.6900,10,1
2026-05-25,000001,14:28:21,10.6900,40,1
2026-05-25,000001,14:28:24,10.6900,34,1
2026-05-25,000001,14:28:27,10.6900,42,1
2026-05-25,000001,14:28:30,10.6900,15,1
2026-05-25,000001,14:28:33,10.6900,61,1
2026-05-25,000001,14:28:36,10.6800,56,2
2026-05-25,000001,14:28:39,10.6900,57,1
2026-05-25,000001,14:28:42,10.6800,24,2
2026-05-25,000001,14:28:45,10.6900,27,1
2026-05-25,000001,14:28:48,10.6800,7,2
2026-05-25,000001,14:28:51,10.6800,30,2
2026-05-25,000001,14:28:54,10.6900,10,1
2026-05-25,000001,14:28:57,10.6800,32,2
2026-05-25,000001,14:29:00,10.6900,7,1
2026-05-25,000001,14:29:03,10.6800,83,2
2026-05-25,000001,14:29:06,10.6800,59,2
2026-05-25,000001,14:29:09,10.6800,296,2
2026-05-25,000001,14:29:12,10.6800,256,2
2026-05-25,000001,14:29:15,10.6800,60,2
2026-05-25,000001,14:29:18,10.6900,81,1
2026-05-25,000001,14:29:21,10.6900,83,1
2026-05-25,000001,14:29:24,10.6800,58,2
2026-05-25,000001,14:29:27,10.6800,56,2
2026-05-25,000001,14:29:30,10.6900,78,1
2026-05-25,000001,14:29:33,10.6900,67,1
2026-05-25,000001,14:29:36,10.6900,23,1
2026-05-25,000001,14:29:39,10.6900,157,1
2026-05-25,000001,14:29:42,10.6900,59,1
2026-05-25,000001,14:29:45,10.6900,73,1
2026-05-25,000001,14:29:48,10.6900,88,1
2026-05-25,000001,14:29:51,10.6800,204,2
2026-05-25,000001,14:29:54,10.6800,74,2
2026-05-25,000001,14:29:57,10.6900,134,1
2026-05-25,000001,14:30:00,10.6900,83,1
2026-05-25,000001,14:30:03,10.6800,65,2
2026-05-25,000001,14:30:06,10.6800,83,2
2026-05-25,000001,14:30:09,10.6800,42,2
2026-05-25,000001,14:30:12,10.6900,54,1
2026-05-25,000001,14:30:15,10.6900,83,1
2026-05-25,000001,14:30:18,10.6900,202,1
2026-05-25,000001,14:30:21,10.6800,22,2
2026-05-25,000001,14:30:24,10.6800,36,2
2026-05-25,000001,14:30:27,10.6800,60,2
2026-05-25,000001,14:30:30,10.6800,62,2
2026-05-25,000001,14:30:33,10.6800,60,2
2026-05-25,000001,14:30:36,10.6900,93,1
2026-05-25,000001,14:30:39,10.6900,20,1
2026-05-25,000001,14:30:42,10.6800,37,2
2026-05-25,000001,14:30:45,10.6900,9,1
2026-05-25,000001,14:30:48,10.6900,85,1
2026-05-25,000001,14:30:51,10.6800,125,2
2026-05-25,000001,14:30:54,10.6800,43,2
2026-05-25,000001,14:30:57,10.6900,25,1
2026-05-25,000001,14:31:00,10.6900,20,1
2026-05-25,000001,14:31:03,10.6800,27,2
2026-05-25,000001,14:31:06,10.6800,32,2
2026-05-25,000001,14:31:09,10.6900,52,1
2026-05-25,000001,14:31:12,10.6900,35,1
2026-05-25,000001,14:31:15,10.6900,54,1
2026-05-25,000001,14:31:18,10.6800,254,2
2026-05-25,000001,14:31:21,10.6800,76,2
2026-05-25,000001,14:31:24,10.6800,162,2
2026-05-25,000001,14:31:27,10.6800,54,2
2026-05-25,000001,14:31:30,10.6900,27,1
2026-05-25,000001,14:31:33,10.6800,9,2
2026-05-25,000001,14:31:36,10.6800,118,2
2026-05-25,000001,14:31:39,10.6800,28,2
2026-05-25,000001,14:31:42,10.6800,6,2
2026-05-25,000001,14:31:45,10.6900,12,1
2026-05-25,000001,14:31:48,10.6900,25,1
2026-05-25,000001,14:31:51,10.6800,96,2
2026-05-25,000001,14:31:54,10.6900,63,1
2026-05-25,000001,14:31:57,10.6900,83,1
2026-05-25,000001,14:32:00,10.6900,85,1
2026-05-25,000001,14:32:03,10.6800,64,2
2026-05-25,000001,14:32:06,10.6900,313,1
2026-05-25,000001,14:32:09,10.6800,69,2
2026-05-25,000001,14:32:12,10.6800,61,2
2026-05-25,000001,14:32:15,10.6900,35,1
2026-05-25,000001,14:32:18,10.6800,66,2
2026-05-25,000001,14:32:21,10.6800,101,2
2026-05-25,000001,14:32:24,10.6800,56,2
2026-05-25,000001,14:32:27,10.6800,17,2
2026-05-25,000001,14:32:30,10.6800,91,2
2026-05-25,000001,14:32:33,10.6800,94,2
2026-05-25,000001,14:32:36,10.6800,33,2
2026-05-25,000001,14:32:39,10.6800,99,2
2026-05-25,000001,14:32:42,10.6800,111,2
2026-05-25,000001,14:32:45,10.6900,100,1
2026-05-25,000001,14:32:48,10.6900,127,1
2026-05-25,000001,14:32:51,10.6900,10,1
2026-05-25,000001,14:32:54,10.6800,485,2
2026-05-25,000001,14:32:57,10.6800,33,2
2026-05-25,000001,14:33:00,10.6900,90,1
2026-05-25,000001,14:33:03,10.6900,50,1
2026-05-25,000001,14:33:06,10.6800,34,2
2026-05-25,000001,14:33:09,10.6800,32,2
2026-05-25,000001,14:33:12,10.6900,16,1
2026-05-25,000001,14:33:15,10.6900,73,1
2026-05-25,000001,14:33:18,10.6800,53,2
2026-05-25,000001,14:33:21,10.6900,5,1
2026-05-25,000001,14:33:24,10.6900,154,1
2026-05-25,000001,14:33:27,10.6900,126,1
2026-05-25,000001,14:33:30,10.6900,214,1
2026-05-25,000001,14:33:33,10.6800,72,2
2026-05-25,000001,14:33:36,10.6800,21,2
2026-05-25,000001,14:33:39,10.6900,18,1
2026-05-25,000001,14:33:42,10.6800,134,2
2026-05-25,000001,14:33:45,10.6900,842,1
2026-05-25,000001,14:33:48,10.6800,49,2
2026-05-25,000001,14:33:51,10.6800,456,2
2026-05-25,000001,14:33:54,10.6900,15,1
2026-05-25,000001,14:33:57,10.6900,95,1
2026-05-25,000001,14:34:00,10.6900,22,1
2026-05-25,000001,14:34:03,10.6800,48,2
2026-05-25,000001,14:34:06,10.6800,318,2
2026-05-25,000001,14:34:09,10.6800,16,2
2026-05-25,000001,14:34:12,10.6800,108,2
2026-05-25,000001,14:34:15,10.6900,217,1
2026-05-25,000001,14:34:18,10.6800,2904,2
2026-05-25,000001,14:34:21,10.6800,42,2
2026-05-25,000001,14:34:24,10.6800,21,2
2026-05-25,000001,14:34:27,10.6800,1427,2
2026-05-25,000001,14:34:30,10.6800,76,2
2026-05-25,000001,14:34:33,10.6900,343,1
2026-05-25,000001,14:34:36,10.6900,77,1
2026-05-25,000001,14:34:39,10.6900,324,1
2026-05-25,000001,14:34:42,10.6800,49,2
2026-05-25,000001,14:34:45,10.6800,6,2
2026-05-25,000001,14:34:48,10.6900,43,1
2026-05-25,000001,14:34:51,10.6800,88,2
2026-05-25,000001,14:34:54,10.6800,22,2
2026-05-25,000001,14:34:57,10.6800,298,2
2026-05-25,000001,14:35:00,10.6800,2117,2
2026-05-25,000001,14:35:03,10.6800,1396,2
2026-05-25,000001,14:35:06,10.6800,387,2
2026-05-25,000001,14:35:09,10.6800,442,2
2026-05-25,000001,14:35:12,10.6800,1078,2
2026-05-25,000001,14:35:15,10.6800,122,2
2026-05-25,000001,14:35:18,10.6800,422,2
2026-05-25,000001,14:35:21,10.6800,25,2
2026-05-25,000001,14:35:24,10.6800,27,2
2026-05-25,000001,14:35:27,10.6900,75,1
2026-05-25,000001,14:35:30,10.6800,75,2
2026-05-25,000001,14:35:33,10.6900,323,1
2026-05-25,000001,14:35:36,10.6900,38,1
2026-05-25,000001,14:35:39,10.6800,59,2
2026-05-25,000001,14:35:42,10.6800,57,2
2026-05-25,000001,14:35:45,10.6900,40,1
2026-05-25,000001,14:35:48,10.6900,300,1
2026-05-25,000001,14:35:51,10.6800,3,2
2026-05-25,000001,14:35:54,10.6900,275,1
2026-05-25,000001,14:35:57,10.6900,47,1
2026-05-25,000001,14:36:00,10.6800,91,2
2026-05-25,000001,14:36:03,10.6900,60,1
2026-05-25,000001,14:36:06,10.6900,136,1
2026-05-25,000001,14:36:09,10.6800,75,2
2026-05-25,000001,14:36:12,10.6800,85,2
2026-05-25,000001,14:36:15,10.6900,32,1
2026-05-25,000001,14:36:18,10.6800,53,2
2026-05-25,000001,14:36:21,10.6800,327,2
2026-05-25,000001,14:36:24,10.6800,198,2
2026-05-25,000001,14:36:27,10.6800,226,2
2026-05-25,000001,14:36:30,10.6800,75,2
2026-05-25,000001,14:36:33,10.6800,275,2
2026-05-25,000001,14:36:36,10.6800,42,2
2026-05-25,000001,14:36:39,10.6800,17,2
2026-05-25,000001,14:36:42,10.6800,38,2
2026-05-25,000001,14:36:45,10.6800,22,2
2026-05-25,000001,14:36:48,10.6900,6,1
2026-05-25,000001,14:36:51,10.6800,28,2
2026-05-25,000001,14:36:54,10.6800,107,2
2026-05-25,000001,14:36:57,10.6900,14,1
2026-05-25,000001,14:37:00,10.6900,135,1
2026-05-25,000001,14:37:03,10.6800,84,2
2026-05-25,000001,14:37:06,10.6900,54,1
2026-05-25,000001,14:37:09,10.6800,293,2
2026-05-25,000001,14:37:12,10.6800,34,2
2026-05-25,000001,14:37:15,10.6900,72,1
2026-05-25,000001,14:37:18,10.6800,33,2
2026-05-25,000001,14:37:21,10.6800,82,2
2026-05-25,000001,14:37:24,10.6800,51,2
2026-05-25,000001,14:37:27,10.6800,93,2
2026-05-25,000001,14:37:30,10.6800,38,2
2026-05-25,000001,14:37:33,10.6900,145,1
2026-05-25,000001,14:37:36,10.6800,309,2
2026-05-25,000001,14:37:39,10.6800,92,2
2026-05-25,000001,14:37:42,10.6800,21,2
2026-05-25,000001,14:37:45,10.6900,27,1
2026-05-25,000001,14:37:48,10.6900,25,1
2026-05-25,000001,14:37:51,10.6800,128,2
2026-05-25,000001,14:37:54,10.6900,14,1
2026-05-25,000001,14:37:57,10.6900,71,1
2026-05-25,000001,14:38:00,10.6800,38,2
2026-05-25,000001,14:38:03,10.6800,67,2
2026-05-25,000001,14:38:06,10.6800,38,2
2026-05-25,000001,14:38:09,10.6800,36,2
2026-05-25,000001,14:38:12,10.6800,73,2
2026-05-25,000001,14:38:15,10.6900,359,1
2026-05-25,000001,14:38:18,10.6800,53,2
2026-05-25,000001,14:38:21,10.6800,18,2
2026-05-25,000001,14:38:24,10.6900,84,1
2026-05-25,000001,14:38:27,10.6900,84,1
2026-05-25,000001,14:38:30,10.6800,60,2
2026-05-25,000001,14:38:33,10.6900,948,1
2026-05-25,000001,14:38:36,10.6900,4,1
2026-05-25,000001,14:38:39,10.6800,427,2
2026-05-25,000001,14:38:42,10.6900,6,1
2026-05-25,000001,14:38:45,10.6900,19,1
2026-05-25,000001,14:38:48,10.6800,954,2
2026-05-25,000001,14:38:51,10.6900,134,1
2026-05-25,000001,14:38:54,10.6900,522,1
2026-05-25,000001,14:38:57,10.6800,112,2
2026-05-25,000001,14:39:00,10.6800,411,2
2026-05-25,000001,14:39:03,10.6800,108,2
2026-05-25,000001,14:39:06,10.6800,58,2
2026-05-25,000001,14:39:09,10.6800,115,2
2026-05-25,000001,14:39:12,10.6800,297,2
2026-05-25,000001,14:39:15,10.6800,56,2
2026-05-25,000001,14:39:18,10.6800,375,2
2026-05-25,000001,14:39:21,10.6800,22,2
2026-05-25,000001,14:39:24,10.6800,271,2
2026-05-25,000001,14:39:27,10.6800,74,2
2026-05-25,000001,14:39:30,10.6900,32,1
2026-05-25,000001,14:39:33,10.6800,82,2
2026-05-25,000001,14:39:36,10.6800,37,2
2026-05-25,000001,14:39:39,10.6800,293,2
2026-05-25,000001,14:39:42,10.6900,27,1
2026-05-25,000001,14:39:45,10.6900,86,1
2026-05-25,000001,14:39:48,10.6800,21,2
2026-05-25,000001,14:39:51,10.6800,175,2
2026-05-25,000001,14:39:54,10.6800,68,2
2026-05-25,000001,14:39:57,10.6800,35,2
2026-05-25,000001,14:40:00,10.6900,65,1
2026-05-25,000001,14:40:03,10.6800,123,2
2026-05-25,000001,14:40:06,10.6900,408,1
2026-05-25,000001,14:40:09,10.6900,64,1
2026-05-25,000001,14:40:12,10.6800,26,2
2026-05-25,000001,14:40:15,10.6900,35,1
2026-05-25,000001,14:40:18,10.6800,15,2
2026-05-25,000001,14:40:21,10.6900,118,1
2026-05-25,000001,14:40:24,10.6800,33,2
2026-05-25,000001,14:40:27,10.6800,49,2
2026-05-25,000001,14:40:30,10.6900,90,1
2026-05-25,000001,14:40:33,10.6800,52,2
2026-05-25,000001,14:40:36,10.6900,40,1
2026-05-25,000001,14:40:39,10.6800,304,2
2026-05-25,000001,14:40:42,10.6800,98,2
2026-05-25,000001,14:40:45,10.6900,103,1
2026-05-25,000001,14:40:48,10.6900,152,1
2026-05-25,000001,14:40:51,10.6800,62,2
2026-05-25,000001,14:40:54,10.6800,51,2
2026-05-25,000001,14:40:57,10.6800,58,2
2026-05-25,000001,14:41:00,10.6800,353,2
2026-05-25,000001,14:41:03,10.6800,131,2
2026-05-25,000001,14:41:06,10.6900,121,1
2026-05-25,000001,14:41:09,10.6800,50,2
2026-05-25,000001,14:41:12,10.6800,5,2
2026-05-25,000001,14:41:15,10.6900,22,1
2026-05-25,000001,14:41:18,10.6900,1272,1
2026-05-25,000001,14:41:21,10.6900,745,1
2026-05-25,000001,14:41:24,10.6900,32,1
2026-05-25,000001,14:41:27,10.6900,281,1
2026-05-25,000001,14:41:30,10.6900,423,1
2026-05-25,000001,14:41:33,10.6900,375,1
2026-05-25,000001,14:41:36,10.6900,69,1
2026-05-25,000001,14:41:39,10.6900,33,1
2026-05-25,000001,14:41:42,10.6900,307,1
2026-05-25,000001,14:41:45,10.6900,72,1
2026-05-25,000001,14:41:48,10.6900,92,1
2026-05-25,000001,14:41:51,10.6800,52,2
2026-05-25,000001,14:41:54,10.6800,39,2
2026-05-25,000001,14:41:57,10.6800,501,2
2026-05-25,000001,14:42:00,10.6900,45,1
2026-05-25,000001,14:42:03,10.6900,471,1
2026-05-25,000001,14:42:06,10.6900,58,1
2026-05-25,000001,14:42:09,10.6800,19,2
2026-05-25,000001,14:42:12,10.6900,15,1
2026-05-25,000001,14:42:15,10.6900,4,1
2026-05-25,000001,14:42:18,10.6900,74,1
2026-05-25,000001,14:42:21,10.6900,357,1
2026-05-25,000001,14:42:24,10.6900,39,1
2026-05-25,000001,14:42:27,10.6900,164,1
2026-05-25,000001,14:42:30,10.6800,35,2
2026-05-25,000001,14:42:33,10.6900,60,1
2026-05-25,000001,14:42:36,10.6900,207,1
2026-05-25,000001,14:42:39,10.6900,94,1
2026-05-25,000001,14:42:42,10.6800,140,2
2026-05-25,000001,14:42:45,10.6900,64,1
2026-05-25,000001,14:42:48,10.6800,13,2
2026-05-25,000001,14:42:51,10.6800,7,2
2026-05-25,000001,14:42:54,10.6900,218,1
2026-05-25,000001,14:42:57,10.6900,77,1
2026-05-25,000001,14:43:00,10.6800,35,2
2026-05-25,000001,14:43:03,10.6800,7,2
2026-05-25,000001,14:43:06,10.6900,32,1
2026-05-25,000001,14:43:09,10.6900,36,1
2026-05-25,000001,14:43:12,10.6900,36,1
2026-05-25,000001,14:43:15,10.6900,475,1
2026-05-25,000001,14:43:18,10.6900,259,1
2026-05-25,000001,14:43:21,10.6900,133,1
2026-05-25,000001,14:43:24,10.6800,100,2
2026-05-25,000001,14:43:27,10.6900,101,1
2026-05-25,000001,14:43:30,10.6800,148,2
2026-05-25,000001,14:43:33,10.6800,322,2
2026-05-25,000001,14:43:36,10.6800,107,2
2026-05-25,000001,14:43:39,10.6900,109,1
2026-05-25,000001,14:43:42,10.6800,7,2
2026-05-25,000001,14:43:45,10.6900,103,1
2026-05-25,000001,14:43:48,10.6800,237,2
2026-05-25,000001,14:43:51,10.6900,307,1
2026-05-25,000001,14:43:54,10.6900,14,1
2026-05-25,000001,14:43:57,10.6800,516,2
2026-05-25,000001,14:44:00,10.6800,140,2
2026-05-25,000001,14:44:03,10.6800,26,2
2026-05-25,000001,14:44:06,10.6900,103,1
2026-05-25,000001,14:44:09,10.6900,34,1
2026-05-25,000001,14:44:12,10.6800,31,2
2026-05-25,000001,14:44:15,10.6900,10,1
2026-05-25,000001,14:44:18,10.6900,340,1
2026-05-25,000001,14:44:21,10.6800,257,2
2026-05-25,000001,14:44:24,10.6800,112,2
2026-05-25,000001,14:44:27,10.6800,85,2
2026-05-25,000001,14:44:30,10.6800,365,2
2026-05-25,000001,14:44:33,10.6800,2348,2
2026-05-25,000001,14:44:36,10.6800,103,2
2026-05-25,000001,14:44:39,10.6900,928,1
2026-05-25,000001,14:44:42,10.6800,475,2
2026-05-25,000001,14:44:45,10.6800,46,2
2026-05-25,000001,14:44:48,10.6800,2,2
2026-05-25,000001,14:44:51,10.6900,377,1
2026-05-25,000001,14:44:54,10.6800,59,2
2026-05-25,000001,14:44:57,10.6900,61,1
2026-05-25,000001,14:45:00,10.6900,183,1
2026-05-25,000001,14:45:03,10.6800,121,2
2026-05-25,000001,14:45:06,10.6800,46,2
2026-05-25,000001,14:45:09,10.6800,33,2
2026-05-25,000001,14:45:12,10.6800,16,2
2026-05-25,000001,14:45:15,10.6800,101,2
2026-05-25,000001,14:45:18,10.6900,67,1
2026-05-25,000001,14:45:21,10.6800,121,2
2026-05-25,000001,14:45:24,10.6800,469,2
2026-05-25,000001,14:45:27,10.6800,332,2
2026-05-25,000001,14:45:30,10.6800,66,2
2026-05-25,000001,14:45:33,10.6800,88,2
2026-05-25,000001,14:45:36,10.6800,464,2
2026-05-25,000001,14:45:39,10.6800,53,2
2026-05-25,000001,14:45:42,10.6900,211,1
2026-05-25,000001,14:45:45,10.6800,19,2
2026-05-25,000001,14:45:48,10.6800,335,2
2026-05-25,000001,14:45:51,10.6900,547,1
2026-05-25,000001,14:45:54,10.6800,267,2
2026-05-25,000001,14:45:57,10.6900,29,1
2026-05-25,000001,14:46:00,10.6900,11,1
2026-05-25,000001,14:46:03,10.6800,14,2
2026-05-25,000001,14:46:06,10.6900,35,1
2026-05-25,000001,14:46:09,10.6900,31,1
2026-05-25,000001,14:46:12,10.6900,1,1
2026-05-25,000001,14:46:15,10.6800,33,2
2026-05-25,000001,14:46:18,10.6900,71,1
2026-05-25,000001,14:46:21,10.6800,73,2
2026-05-25,000001,14:46:24,10.6900,38,1
2026-05-25,000001,14:46:27,10.6800,144,2
2026-05-25,000001,14:46:30,10.6800,40,2
2026-05-25,000001,14:46:33,10.6800,319,2
2026-05-25,000001,14:46:36,10.6800,27,2
2026-05-25,000001,14:46:39,10.6800,36,2
2026-05-25,000001,14:46:42,10.6800,351,2
2026-05-25,000001,14:46:45,10.6800,2,2
2026-05-25,000001,14:46:48,10.6800,97,2
2026-05-25,000001,14:46:51,10.6800,92,2
2026-05-25,000001,14:46:54,10.6800,204,2
2026-05-25,000001,14:46:57,10.6900,8,1
2026-05-25,000001,14:47:03,10.6800,21,2
2026-05-25,000001,14:47:06,10.6800,23,2
2026-05-25,000001,14:47:09,10.6800,59,2
2026-05-25,000001,14:47:12,10.6800,47,2
2026-05-25,000001,14:47:15,10.6800,334,2
2026-05-25,000001,14:47:18,10.6800,23,2
2026-05-25,000001,14:47:21,10.6800,27,2
2026-05-25,000001,14:47:24,10.6900,114,1
2026-05-25,000001,14:47:27,10.6800,76,2
2026-05-25,000001,14:47:30,10.6800,63,2
2026-05-25,000001,14:47:33,10.6800,145,2
2026-05-25,000001,14:47:36,10.6800,27,2
2026-05-25,000001,14:47:39,10.6800,274,2
2026-05-25,000001,14:47:42,10.6800,3795,2
2026-05-25,000001,14:47:45,10.6700,147,2
2026-05-25,000001,14:47:48,10.6700,145,2
2026-05-25,000001,14:47:51,10.6700,1649,2
2026-05-25,000001,14:47:54,10.6700,726,2
2026-05-25,000001,14:47:57,10.6800,100,1
2026-05-25,000001,14:48:00,10.6800,118,1
2026-05-25,000001,14:48:03,10.6700,70,2
2026-05-25,000001,14:48:06,10.6800,148,1
2026-05-25,000001,14:48:09,10.6800,1082,1
2026-05-25,000001,14:48:12,10.6800,1726,1
2026-05-25,000001,14:48:15,10.6700,507,2
2026-05-25,000001,14:48:18,10.6700,62,2
2026-05-25,000001,14:48:21,10.6800,1036,1
2026-05-25,000001,14:48:24,10.6800,39,1
2026-05-25,000001,14:48:27,10.6700,52,2
2026-05-25,000001,14:48:30,10.6800,365,1
2026-05-25,000001,14:48:33,10.6800,102,1
2026-05-25,000001,14:48:36,10.6800,52,2
2026-05-25,000001,14:48:39,10.6800,5190,2
2026-05-25,000001,14:48:42,10.6800,90,2
2026-05-25,000001,14:48:45,10.6800,33,2
2026-05-25,000001,14:48:48,10.6900,172,1
2026-05-25,000001,14:48:51,10.6800,432,2
2026-05-25,000001,14:48:54,10.6700,267,2
2026-05-25,000001,14:48:57,10.6700,179,2
2026-05-25,000001,14:49:00,10.6700,210,2
2026-05-25,000001,14:49:03,10.6700,514,2
2026-05-25,000001,14:49:06,10.6700,95,2
2026-05-25,000001,14:49:09,10.6700,45,2
2026-05-25,000001,14:49:15,10.6800,353,1
2026-05-25,000001,14:49:18,10.6700,49,2
2026-05-25,000001,14:49:21,10.6800,118,1
2026-05-25,000001,14:49:24,10.6700,205,2
2026-05-25,000001,14:49:27,10.6700,275,2
2026-05-25,000001,14:49:30,10.6700,66,2
2026-05-25,000001,14:49:33,10.6700,3407,2
2026-05-25,000001,14:49:36,10.6800,36,1
2026-05-25,000001,14:49:39,10.6700,526,2
2026-05-25,000001,14:49:42,10.6700,22,2
2026-05-25,000001,14:49:45,10.6800,311,1
2026-05-25,000001,14:49:48,10.6700,312,2
2026-05-25,000001,14:49:51,10.6700,24,2
2026-05-25,000001,14:49:54,10.6700,136,2
2026-05-25,000001,14:49:57,10.6700,121,2
2026-05-25,000001,14:50:00,10.6800,9,1
2026-05-25,000001,14:50:03,10.6700,256,2
2026-05-25,000001,14:50:06,10.6700,150,2
2026-05-25,000001,14:50:09,10.6700,34,2
2026-05-25,000001,14:50:12,10.6700,191,2
2026-05-25,000001,14:50:15,10.6800,127,1
2026-05-25,000001,14:50:18,10.6800,226,1
2026-05-25,000001,14:50:21,10.6700,129,2
2026-05-25,000001,14:50:24,10.6700,1112,2
2026-05-25,000001,14:50:27,10.6700,46,2
2026-05-25,000001,14:50:30,10.6800,108,1
2026-05-25,000001,14:50:33,10.6700,163,2
2026-05-25,000001,14:50:36,10.6800,151,1
2026-05-25,000001,14:50:39,10.6800,104,1
2026-05-25,000001,14:50:42,10.6800,45,1
2026-05-25,000001,14:50:45,10.6800,108,1
2026-05-25,000001,14:50:48,10.6800,48,1
2026-05-25,000001,14:50:51,10.6800,199,1
2026-05-25,000001,14:50:54,10.6800,83,1
2026-05-25,000001,14:50:57,10.6700,47,2
2026-05-25,000001,14:51:00,10.6700,417,2
2026-05-25,000001,14:51:03,10.6800,900,1
2026-05-25,000001,14:51:06,10.6700,32,2
2026-05-25,000001,14:51:09,10.6800,30,1
2026-05-25,000001,14:51:12,10.6700,211,2
2026-05-25,000001,14:51:15,10.6800,256,1
2026-05-25,000001,14:51:18,10.6700,222,2
2026-05-25,000001,14:51:21,10.6800,142,1
2026-05-25,000001,14:51:24,10.6800,408,1
2026-05-25,000001,14:51:27,10.6800,183,1
2026-05-25,000001,14:51:30,10.6800,320,1
2026-05-25,000001,14:51:33,10.6800,54,1
2026-05-25,000001,14:51:36,10.6700,73,2
2026-05-25,000001,14:51:39,10.6700,91,2
2026-05-25,000001,14:51:42,10.6800,202,1
2026-05-25,000001,14:51:45,10.6800,71,1
2026-05-25,000001,14:51:48,10.6800,75,1
2026-05-25,000001,14:51:51,10.6800,26,1
2026-05-25,000001,14:51:54,10.6700,124,2
2026-05-25,000001,14:51:57,10.6800,167,1
2026-05-25,000001,14:52:00,10.6800,56,1
2026-05-25,000001,14:52:03,10.6700,112,2
2026-05-25,000001,14:52:06,10.6800,122,1
2026-05-25,000001,14:52:09,10.6700,135,2
2026-05-25,000001,14:52:12,10.6700,126,2
2026-05-25,000001,14:52:15,10.6700,86,2
2026-05-25,000001,14:52:18,10.6700,19,2
2026-05-25,000001,14:52:21,10.6800,196,1
2026-05-25,000001,14:52:24,10.6800,146,1
2026-05-25,000001,14:52:27,10.6700,308,2
2026-05-25,000001,14:52:30,10.6700,542,2
2026-05-25,000001,14:52:33,10.6800,507,1
2026-05-25,000001,14:52:36,10.6800,802,1
2026-05-25,000001,14:52:39,10.6800,109,1
2026-05-25,000001,14:52:42,10.6700,48,2
2026-05-25,000001,14:52:45,10.6800,57,1
2026-05-25,000001,14:52:48,10.6800,90,1
2026-05-25,000001,14:52:51,10.6700,29,2
2026-05-25,000001,14:52:54,10.6700,78,2
2026-05-25,000001,14:52:57,10.6800,186,1
2026-05-25,000001,14:53:00,10.6700,456,2
2026-05-25,000001,14:53:03,10.6700,43,2
2026-05-25,000001,14:53:06,10.6800,301,1
2026-05-25,000001,14:53:09,10.6800,296,1
2026-05-25,000001,14:53:12,10.6800,2019,1
2026-05-25,000001,14:53:15,10.6800,288,2
2026-05-25,000001,14:53:18,10.6800,202,1
2026-05-25,000001,14:53:21,10.6800,171,1
2026-05-25,000001,14:53:24,10.6800,193,1
2026-05-25,000001,14:53:27,10.6700,99,2
2026-05-25,000001,14:53:30,10.6800,52,1
2026-05-25,000001,14:53:33,10.6800,169,1
2026-05-25,000001,14:53:36,10.6700,27,2
2026-05-25,000001,14:53:39,10.6700,101,2
2026-05-25,000001,14:53:42,10.6700,150,2
2026-05-25,000001,14:53:45,10.6800,447,1
2026-05-25,000001,14:53:48,10.6700,90,2
2026-05-25,000001,14:53:51,10.6800,76,1
2026-05-25,000001,14:53:54,10.6800,92,1
2026-05-25,000001,14:53:57,10.6800,26,1
2026-05-25,000001,14:54:00,10.6800,1716,1
2026-05-25,000001,14:54:03,10.6800,118,1
2026-05-25,000001,14:54:06,10.6800,259,2
2026-05-25,000001,14:54:09,10.6800,120,1
2026-05-25,000001,14:54:12,10.6800,154,1
2026-05-25,000001,14:54:15,10.6900,168,1
2026-05-25,000001,14:54:18,10.6900,33,1
2026-05-25,000001,14:54:21,10.6800,9,2
2026-05-25,000001,14:54:24,10.6800,193,2
2026-05-25,000001,14:54:27,10.6800,32,2
2026-05-25,000001,14:54:30,10.6900,231,1
2026-05-25,000001,14:54:33,10.6900,88,1
2026-05-25,000001,14:54:36,10.6900,48,1
2026-05-25,000001,14:54:39,10.6900,139,1
2026-05-25,000001,14:54:42,10.6900,8,1
2026-05-25,000001,14:54:45,10.6800,3534,2
2026-05-25,000001,14:54:48,10.6800,145,1
2026-05-25,000001,14:54:51,10.6800,201,1
2026-05-25,000001,14:54:54,10.6800,102,1
2026-05-25,000001,14:54:57,10.6800,23,1
2026-05-25,000001,14:55:00,10.6700,1313,2
2026-05-25,000001,14:55:03,10.6700,117,2
2026-05-25,000001,14:55:06,10.6700,305,2
2026-05-25,000001,14:55:09,10.6800,48,1
2026-05-25,000001,14:55:12,10.6700,62,2
2026-05-25,000001,14:55:15,10.6800,232,1
2026-05-25,000001,14:55:18,10.6800,405,1
2026-05-25,000001,14:55:21,10.6800,215,1
2026-05-25,000001,14:55:24,10.6800,144,1
2026-05-25,000001,14:55:27,10.6800,118,1
2026-05-25,000001,14:55:30,10.6800,8,1
2026-05-25,000001,14:55:33,10.6800,51,1
2026-05-25,000001,14:55:36,10.6800,61,1
2026-05-25,000001,14:55:39,10.6700,129,2
2026-05-25,000001,14:55:42,10.6800,62,1
2026-05-25,000001,14:55:45,10.6700,181,2
2026-05-25,000001,14:55:48,10.6700,260,2
2026-05-25,000001,14:55:51,10.6800,1125,1
2026-05-25,000001,14:55:54,10.6800,66,2
2026-05-25,000001,14:55:57,10.6800,12,2
2026-05-25,000001,14:56:00,10.6800,30,2
2026-05-25,000001,14:56:03,10.6800,22,2
2026-05-25,000001,14:56:06,10.6800,44,2
2026-05-25,000001,14:56:09,10.6800,345,2
2026-05-25,000001,14:56:12,10.6800,34,2
2026-05-25,000001,14:56:15,10.6900,120,1
2026-05-25,000001,14:56:18,10.6900,43,1
2026-05-25,000001,14:56:21,10.6800,59,2
2026-05-25,000001,14:56:24,10.6800,2,2
2026-05-25,000001,14:56:27,10.6800,2281,2
2026-05-25,000001,14:56:30,10.6800,1146,2
2026-05-25,000001,14:56:33,10.6800,46,2
2026-05-25,000001,14:56:36,10.6900,245,1
2026-05-25,000001,14:56:39,10.6900,1067,1
2026-05-25,000001,14:56:42,10.6800,14,2
2026-05-25,000001,14:56:45,10.6800,42,2
2026-05-25,000001,14:56:48,10.6900,43,1
2026-05-25,000001,14:56:51,10.6900,9,1
2026-05-25,000001,14:56:54,10.6800,232,2
2026-05-25,000001,14:56:57,10.6900,10,1
2026-05-25,000001,14:57:00,10.6800,64,2
2026-05-25,000001,15:00:01,10.6800,3120,4
2026-05-25,000001,13:11:21,10.7000,17,2
2026-05-25,000001,13:11:27,10.7000,309,2
2026-05-25,000001,13:11:30,10.7000,17,2
2026-05-25,000001,13:11:36,10.7000,18,2
2026-05-25,000001,13:11:39,10.7000,27,2
2026-05-25,000001,13:11:42,10.7000,18,2
2026-05-25,000001,13:11:45,10.7100,52,1
2026-05-25,000001,13:11:48,10.7100,19,1
2026-05-25,000001,13:11:51,10.7000,50,2
2026-05-25,000001,13:11:54,10.7000,28,2
2026-05-25,000001,13:11:57,10.7000,64,2
2026-05-25,000001,13:12:00,10.7000,5,2
2026-05-25,000001,13:12:03,10.7000,58,2
2026-05-25,000001,13:12:06,10.7100,106,1
2026-05-25,000001,13:12:09,10.7000,117,2
2026-05-25,000001,13:12:12,10.7100,47,1
2026-05-25,000001,13:12:15,10.7100,17,1
2026-05-25,000001,13:12:18,10.7000,44,2
2026-05-25,000001,13:12:21,10.7000,42,2
2026-05-25,000001,13:12:24,10.7100,21,1
2026-05-25,000001,13:12:27,10.7000,25,2
2026-05-25,000001,13:12:30,10.7000,92,2
2026-05-25,000001,13:12:33,10.7000,37,2
2026-05-25,000001,13:12:36,10.7000,51,2
2026-05-25,000001,13:12:42,10.7000,97,2
2026-05-25,000001,13:12:45,10.7100,4,1
2026-05-25,000001,13:12:48,10.7100,3,1
2026-05-25,000001,13:12:54,10.7100,54,1
2026-05-25,000001,13:12:57,10.7000,34,2
2026-05-25,000001,13:13:00,10.7000,9,2
2026-05-25,000001,13:13:03,10.7000,18,2
2026-05-25,000001,13:13:06,10.7100,3,1
2026-05-25,000001,13:13:09,10.7000,13,2
2026-05-25,000001,13:13:12,10.7100,143,1
2026-05-25,000001,13:13:15,10.7100,91,1
2026-05-25,000001,13:13:18,10.7000,33,2
2026-05-25,000001,13:13:21,10.7000,17,2
2026-05-25,000001,13:13:24,10.7000,50,2
2026-05-25,000001,13:13:27,10.7100,37,1
2026-05-25,000001,13:13:30,10.7000,45,2
2026-05-25,000001,13:13:33,10.7000,175,2
2026-05-25,000001,13:13:36,10.7000,49,2
2026-05-25,000001,13:13:39,10.7000,63,2
2026-05-25,000001,13:13:42,10.7000,54,2
2026-05-25,000001,13:13:45,10.7100,12,1
2026-05-25,000001,13:13:48,10.7100,22,1
2026-05-25,000001,13:13:51,10.7000,51,2
2026-05-25,000001,13:13:54,10.7000,77,2
2026-05-25,000001,13:13:57,10.7000,16,2
2026-05-25,000001,13:14:00,10.7100,6,1
2026-05-25,000001,13:14:03,10.7000,69,2
2026-05-25,000001,13:14:06,10.7000,4,2
2026-05-25,000001,13:14:09,10.7100,84,1
2026-05-25,000001,13:14:12,10.7100,17,1
2026-05-25,000001,13:14:15,10.7000,19,2
2026-05-25,000001,13:14:18,10.7100,6,1
2026-05-25,000001,13:14:24,10.7100,331,1
2026-05-25,000001,13:14:27,10.7100,9,1
2026-05-25,000001,13:14:30,10.7000,21,2
2026-05-25,000001,13:14:33,10.7100,53,1
2026-05-25,000001,13:14:36,10.7000,44,2
2026-05-25,000001,13:14:39,10.7100,34,1
2026-05-25,000001,13:14:42,10.7000,36,2
2026-05-25,000001,13:14:45,10.7100,64,1
2026-05-25,000001,13:14:48,10.7000,18,2
2026-05-25,000001,13:14:54,10.7000,16,2
2026-05-25,000001,13:15:00,10.7000,59,2
2026-05-25,000001,13:15:03,10.7000,28,2
2026-05-25,000001,13:15:06,10.7100,74,1
2026-05-25,000001,13:15:09,10.7000,116,2
2026-05-25,000001,13:15:12,10.7100,122,1
2026-05-25,000001,13:15:15,10.7000,52,2
2026-05-25,000001,13:15:18,10.7000,79,2
2026-05-25,000001,13:15:21,10.7000,24,2
2026-05-25,000001,13:15:24,10.7000,17,2
2026-05-25,000001,13:15:27,10.7000,10,2
2026-05-25,000001,13:15:30,10.7100,13,1
2026-05-25,000001,13:15:33,10.7000,79,2
2026-05-25,000001,13:15:36,10.7000,48,2
2026-05-25,000001,13:15:39,10.7000,70,2
2026-05-25,000001,13:15:42,10.7000,16,2
2026-05-25,000001,13:15:48,10.7100,46,1
2026-05-25,000001,13:15:51,10.7000,203,2
2026-05-25,000001,13:15:54,10.7100,250,1
2026-05-25,000001,13:15:57,10.7100,349,1
2026-05-25,000001,13:16:00,10.7000,129,2
2026-05-25,000001,13:16:03,10.7000,197,2
2026-05-25,000001,13:16:06,10.6900,3259,2
2026-05-25,000001,13:16:09,10.7000,213,1
2026-05-25,000001,13:16:12,10.6900,69,2
2026-05-25,000001,13:16:18,10.6900,29,2
2026-05-25,000001,13:16:21,10.7000,75,1
2026-05-25,000001,13:16:24,10.6900,541,2
2026-05-25,000001,13:16:27,10.7000,97,1
2026-05-25,000001,13:16:30,10.6900,15,2
2026-05-25,000001,13:16:33,10.7000,39,1
2026-05-25,000001,13:16:36,10.7000,34,1
2026-05-25,000001,13:16:39,10.7000,127,1
2026-05-25,000001,13:16:42,10.6900,5,2
2026-05-25,000001,13:16:45,10.7000,1,1
2026-05-25,000001,13:16:48,10.6900,58,2
2026-05-25,000001,13:16:51,10.6900,72,2
2026-05-25,000001,13:16:54,10.7000,69,1
2026-05-25,000001,13:16:57,10.6900,11,2
2026-05-25,000001,13:17:00,10.6900,101,2
2026-05-25,000001,13:17:03,10.6900,54,2
2026-05-25,000001,13:17:06,10.6900,17,2
2026-05-25,000001,13:17:09,10.7000,60,1
2026-05-25,000001,13:17:12,10.7000,94,1
2026-05-25,000001,13:17:15,10.6900,23,2
2026-05-25,000001,13:17:18,10.7000,172,1
2026-05-25,000001,13:17:21,10.7000,59,1
2026-05-25,000001,13:17:24,10.6900,49,2
2026-05-25,000001,13:17:27,10.6900,53,2
2026-05-25,000001,13:17:30,10.6900,45,2
2026-05-25,000001,13:17:33,10.6900,108,2
2026-05-25,000001,13:17:36,10.6900,72,2
2026-05-25,000001,13:17:39,10.7000,51,1
2026-05-25,000001,13:17:42,10.6900,22,2
2026-05-25,000001,13:17:45,10.7000,114,1
2026-05-25,000001,13:17:48,10.7000,32,1
2026-05-25,000001,13:17:51,10.7000,56,1
2026-05-25,000001,13:17:54,10.7000,36,1
2026-05-25,000001,13:17:57,10.6900,34,2
2026-05-25,000001,13:18:00,10.6900,24,2
2026-05-25,000001,13:18:03,10.7000,3,1
2026-05-25,000001,13:18:09,10.6900,64,2
2026-05-25,000001,13:18:15,10.6900,11,2
2026-05-25,000001,13:18:18,10.6900,43,2
2026-05-25,000001,13:18:21,10.6900,10,2
2026-05-25,000001,13:18:24,10.7000,14,1
2026-05-25,000001,13:18:27,10.6900,18,2
2026-05-25,000001,13:18:30,10.7000,22,1
2026-05-25,000001,13:18:33,10.6900,12,2
2026-05-25,000001,13:18:36,10.7000,128,1
2026-05-25,000001,13:18:39,10.7000,3,1
2026-05-25,000001,13:18:42,10.6900,118,2
2026-05-25,000001,13:18:45,10.6900,130,2
2026-05-25,000001,13:18:48,10.6900,23,2
2026-05-25,000001,13:18:54,10.7000,19,1
2026-05-25,000001,13:18:57,10.6900,16,2
2026-05-25,000001,13:19:00,10.7000,74,1
2026-05-25,000001,13:19:03,10.6900,18,2
2026-05-25,000001,13:19:06,10.6900,17,2
2026-05-25,000001,13:19:09,10.7000,194,1
2026-05-25,000001,13:19:12,10.7000,38,1
2026-05-25,000001,13:19:15,10.7000,194,1
2026-05-25,000001,13:19:18,10.6900,30,2
2026-05-25,000001,13:19:21,10.7000,177,1
2026-05-25,000001,13:19:24,10.6900,17,2
2026-05-25,000001,13:19:27,10.6900,254,2
2026-05-25,000001,13:19:30,10.6900,177,2
2026-05-25,000001,13:19:33,10.7000,225,1
2026-05-25,000001,13:19:36,10.7000,52,1
2026-05-25,000001,13:19:39,10.7000,59,1
2026-05-25,000001,13:19:42,10.7000,64,1
2026-05-25,000001,13:19:45,10.7000,27,1
2026-05-25,000001,13:19:48,10.6900,71,2
2026-05-25,000001,13:19:51,10.6900,32,2
2026-05-25,000001,13:19:54,10.7000,5,1
2026-05-25,000001,13:19:57,10.6900,49,2
2026-05-25,000001,13:20:00,10.7000,22,1
2026-05-25,000001,13:20:03,10.7000,55,1
2026-05-25,000001,13:20:06,10.6900,65,2
2026-05-25,000001,13:20:09,10.6900,94,2
2026-05-25,000001,13:20:12,10.6900,40,2
2026-05-25,000001,13:20:15,10.7000,116,1
2026-05-25,000001,13:20:18,10.6900,3,2
2026-05-25,000001,13:20:21,10.6900,51,2
2026-05-25,000001,13:20:24,10.6900,17,2
2026-05-25,000001,13:20:27,10.6900,49,2
2026-05-25,000001,13:20:30,10.6900,2,2
2026-05-25,000001,13:20:33,10.7000,56,1
2026-05-25,000001,13:20:39,10.6900,36,2
2026-05-25,000001,13:20:42,10.6900,136,2
2026-05-25,000001,13:20:45,10.6900,11,2
2026-05-25,000001,13:20:48,10.6900,45,2
2026-05-25,000001,13:20:51,10.6900,75,2
2026-05-25,000001,13:20:54,10.6900,53,2
2026-05-25,000001,13:20:57,10.7000,40,1
2026-05-25,000001,13:21:00,10.7000,179,1
2026-05-25,000001,13:21:03,10.7000,22,1
2026-05-25,000001,13:21:06,10.6900,17,2
2026-05-25,000001,13:21:09,10.6900,18,2
2026-05-25,000001,13:21:12,10.7000,117,1
2026-05-25,000001,13:21:15,10.7000,32,1
2026-05-25,000001,13:21:18,10.7000,1,1
2026-05-25,000001,13:21:21,10.6900,52,2
2026-05-25,000001,13:21:24,10.6900,16,2
2026-05-25,000001,13:21:27,10.6900,97,2
2026-05-25,000001,13:21:30,10.6900,4,2
2026-05-25,000001,13:21:33,10.6900,34,2
2026-05-25,000001,13:21:36,10.6900,17,2
2026-05-25,000001,13:21:39,10.6900,63,2
2026-05-25,000001,13:21:42,10.6900,46,2
2026-05-25,000001,13:21:45,10.6900,4788,2
2026-05-25,000001,13:21:48,10.6900,295,1
2026-05-25,000001,13:21:51,10.6900,399,1
2026-05-25,000001,13:21:54,10.6900,153,2
2026-05-25,000001,13:21:57,10.6900,85,2
2026-05-25,000001,13:22:00,10.6900,14,2
2026-05-25,000001,13:22:03,10.6900,319,2
2026-05-25,000001,13:22:06,10.6900,112,2
2026-05-25,000001,13:22:09,10.6900,75,2
2026-05-25,000001,13:22:12,10.6900,148,1
2026-05-25,000001,13:22:15,10.6900,43,2
2026-05-25,000001,13:22:18,10.6900,238,2
2026-05-25,000001,13:22:21,10.6800,26,2
2026-05-25,000001,13:22:24,10.6900,137,1
2026-05-25,000001,13:22:27,10.6900,99,1
2026-05-25,000001,13:22:30,10.6900,72,1
2026-05-25,000001,13:22:33,10.6900,24,1
2026-05-25,000001,13:22:36,10.6800,163,2
2026-05-25,000001,13:22:39,10.6900,35,1
2026-05-25,000001,13:22:42,10.6800,23,2
2026-05-25,000001,13:22:45,10.6900,31,1
2026-05-25,000001,13:22:48,10.6900,272,1
2026-05-25,000001,13:22:51,10.6900,51,1
2026-05-25,000001,13:22:54,10.6900,211,2
2026-05-25,000001,13:22:57,10.6900,17,2
2026-05-25,000001,13:23:00,10.6900,36,2
2026-05-25,000001,13:23:03,10.6900,19,2
2026-05-25,000001,13:23:06,10.6900,23,2
2026-05-25,000001,13:23:09,10.6900,14,2
2026-05-25,000001,13:23:12,10.6900,78,2
2026-05-25,000001,13:23:15,10.6900,286,2
2026-05-25,000001,13:23:18,10.6900,85,2
2026-05-25,000001,13:23:21,10.6900,16,2
2026-05-25,000001,13:23:24,10.6900,83,2
2026-05-25,000001,13:23:27,10.6900,20,2
2026-05-25,000001,13:23:30,10.6900,70,2
2026-05-25,000001,13:23:33,10.7000,35,1
2026-05-25,000001,13:23:36,10.7000,10,1
2026-05-25,000001,13:23:39,10.6900,115,2
2026-05-25,000001,13:23:42,10.6900,73,2
2026-05-25,000001,13:23:45,10.6900,17,2
2026-05-25,000001,13:23:51,10.6900,100,2
2026-05-25,000001,13:23:54,10.6900,88,2
2026-05-25,000001,13:23:57,10.6900,77,2
2026-05-25,000001,13:24:00,10.6900,114,2
2026-05-25,000001,13:24:03,10.6900,50,2
2026-05-25,000001,13:24:06,10.6900,42,2
2026-05-25,000001,13:24:09,10.6900,19,2
2026-05-25,000001,13:24:12,10.7000,122,1
2026-05-25,000001,13:24:15,10.7000,30,1
2026-05-25,000001,13:24:18,10.6900,136,2
2026-05-25,000001,13:24:21,10.7000,2,1
2026-05-25,000001,13:24:24,10.6900,76,2
2026-05-25,000001,13:24:27,10.6900,83,2
2026-05-25,000001,13:24:30,10.6900,125,2
2026-05-25,000001,13:24:33,10.6900,37,2
2026-05-25,000001,13:24:36,10.7000,58,1
2026-05-25,000001,13:24:39,10.6900,50,2
2026-05-25,000001,13:24:42,10.6900,17,2
2026-05-25,000001,13:24:45,10.7000,14,1
2026-05-25,000001,13:24:48,10.6900,57,2
2026-05-25,000001,13:24:51,10.6900,16,2
2026-05-25,000001,13:24:54,10.6900,20,2
2026-05-25,000001,13:24:57,10.6900,101,2
2026-05-25,000001,13:25:00,10.6900,34,2
2026-05-25,000001,13:25:03,10.7000,42,1
2026-05-25,000001,13:25:06,10.6900,152,2
2026-05-25,000001,13:25:09,10.7000,18,1
2026-05-25,000001,13:25:12,10.6900,17,2
2026-05-25,000001,13:25:21,10.7000,11,1
2026-05-25,000001,13:25:24,10.6900,18,2
2026-05-25,000001,13:25:27,10.6900,16,2
2026-05-25,000001,13:25:30,10.6900,51,2
2026-05-25,000001,13:25:33,10.6900,16,2
2026-05-25,000001,13:25:39,10.7000,24,1
2026-05-25,000001,13:25:42,10.6900,16,2
2026-05-25,000001,13:25:45,10.6900,38,2
2026-05-25,000001,13:25:51,10.7000,5,1
2026-05-25,000001,13:25:54,10.6900,20,2
2026-05-25,000001,13:25:57,10.6900,10,2
2026-05-25,000001,13:26:00,10.7000,139,1
2026-05-25,000001,13:26:03,10.7000,13,1
2026-05-25,000001,13:26:09,10.7000,34,1
2026-05-25,000001,13:26:21,10.7000,10,1
2026-05-25,000001,13:26:24,10.6900,17,2
2026-05-25,000001,13:26:27,10.6900,95,2
2026-05-25,000001,13:26:30,10.6900,10,2
2026-05-25,000001,13:26:33,10.6900,178,2
2026-05-25,000001,13:26:36,10.6900,73,2
2026-05-25,000001,13:26:39,10.6900,85,2
2026-05-25,000001,13:26:42,10.6900,156,2
2026-05-25,000001,13:26:45,10.6900,106,2
2026-05-25,000001,13:26:51,10.6900,65,2
2026-05-25,000001,13:26:57,10.6900,52,2
2026-05-25,000001,13:27:00,10.6900,2,2
2026-05-25,000001,13:27:03,10.6900,19,2
2026-05-25,000001,13:27:09,10.6900,28,2
2026-05-25,000001,13:27:12,10.7000,8,1
2026-05-25,000001,13:27:18,10.6900,20,2
2026-05-25,000001,13:27:21,10.6900,130,2
2026-05-25,000001,13:27:24,10.6900,38,2
2026-05-25,000001,13:27:27,10.6900,147,2
2026-05-25,000001,13:27:30,10.6900,58,2
2026-05-25,000001,13:27:33,10.6900,128,2
2026-05-25,000001,13:27:36,10.6900,12,2
2026-05-25,000001,13:27:39,10.7000,19,1
2026-05-25,000001,13:27:42,10.6900,67,2
2026-05-25,000001,13:27:48,10.7000,107,1
2026-05-25,000001,13:27:51,10.6900,108,2
2026-05-25,000001,13:27:54,10.6900,62,2
2026-05-25,000001,13:27:57,10.6900,72,2
2026-05-25,000001,13:28:00,10.6900,12,2
2026-05-25,000001,13:28:03,10.6900,25,2
2026-05-25,000001,13:28:06,10.7000,8,1
2026-05-25,000001,13:28:09,10.6900,32,2
2026-05-25,000001,13:28:12,10.7000,3,1
2026-05-25,000001,13:28:15,10.6900,12,2
2026-05-25,000001,13:28:21,10.6900,87,2
2026-05-25,000001,13:28:24,10.6900,54,2
2026-05-25,000001,13:28:27,10.7000,20,1
2026-05-25,000001,13:28:30,10.7000,11,1
2026-05-25,000001,13:28:33,10.7000,1,1
2026-05-25,000001,13:28:36,10.6900,129,2
2026-05-25,000001,13:28:39,10.6900,118,2
2026-05-25,000001,13:28:42,10.7000,1,1
2026-05-25,000001,13:28:45,10.6900,1,2
2026-05-25,000001,13:28:48,10.6900,91,2
2026-05-25,000001,13:28:51,10.7000,82,1
2026-05-25,000001,13:28:54,10.7000,217,1
2026-05-25,000001,13:29:03,10.6900,23,2
2026-05-25,000001,13:29:09,10.7000,12,1
2026-05-25,000001,13:29:15,10.7000,19,1
2026-05-25,000001,13:29:18,10.6900,151,2
2026-05-25,000001,13:29:21,10.6900,10,2
2026-05-25,000001,13:29:24,10.6900,116,2
2026-05-25,000001,13:29:27,10.7000,10,1
2026-05-25,000001,13:29:30,10.6900,39,2
2026-05-25,000001,13:29:33,10.6900,138,2
2026-05-25,000001,13:29:36,10.6900,163,2
2026-05-25,000001,13:29:39,10.6900,24,2
2026-05-25,000001,13:29:42,10.7000,7,1
2026-05-25,000001,13:29:45,10.7000,267,1
2026-05-25,000001,13:29:48,10.6900,965,2
2026-05-25,000001,13:29:51,10.7000,643,1
2026-05-25,000001,13:29:54,10.7000,2934,1
2026-05-25,000001,13:29:57,10.7000,16,2
2026-05-25,000001,13:30:03,10.7000,362,2
2026-05-25,000001,13:30:06,10.7000,16,2
2026-05-25,000001,13:30:09,10.7100,21,1
2026-05-25,000001,13:30:12,10.7000,178,2
2026-05-25,000001,13:30:15,10.7000,144,2
2026-05-25,000001,13:30:18,10.7000,414,2
2026-05-25,000001,13:30:21,10.7000,103,2
2026-05-25,000001,13:30:24,10.7000,12,2
2026-05-25,000001,13:30:27,10.7000,92,2
2026-05-25,000001,13:30:30,10.7000,69,2
2026-05-25,000001,13:30:33,10.7100,84,1
2026-05-25,000001,13:30:36,10.7000,12,2
2026-05-25,000001,13:30:39,10.7100,52,1
2026-05-25,000001,13:30:42,10.7000,119,2
2026-05-25,000001,13:30:45,10.7000,18,2
2026-05-25,000001,13:30:48,10.7000,5,2
2026-05-25,000001,13:30:51,10.7000,33,2
2026-05-25,000001,13:30:54,10.7000,34,2
2026-05-25,000001,13:30:57,10.7000,44,2
2026-05-25,000001,13:31:00,10.7000,122,2
2026-05-25,000001,13:31:03,10.7000,2,2
2026-05-25,000001,13:31:06,10.7100,52,1
2026-05-25,000001,13:31:09,10.7100,49,1
2026-05-25,000001,13:31:15,10.7000,94,2
2026-05-25,000001,13:31:18,10.7000,6,2
2026-05-25,000001,13:31:21,10.7000,17,2
2026-05-25,000001,13:31:24,10.7000,654,2
2026-05-25,000001,13:31:30,10.7000,118,2
2026-05-25,000001,13:31:33,10.7100,48,1
2026-05-25,000001,13:31:36,10.7000,32,2
2026-05-25,000001,13:31:39,10.7000,18,2
2026-05-25,000001,13:31:42,10.7000,37,2
2026-05-25,000001,13:31:45,10.7000,17,2
2026-05-25,000001,13:31:48,10.7000,24,2
2026-05-25,000001,13:31:51,10.7000,16,2
2026-05-25,000001,13:31:57,10.7000,33,2
2026-05-25,000001,13:32:00,10.7000,51,2
2026-05-25,000001,13:32:03,10.7000,19,2
2026-05-25,000001,13:32:06,10.7100,17,1
2026-05-25,000001,13:32:09,10.7000,33,2
2026-05-25,000001,13:32:12,10.7100,1,1
2026-05-25,000001,13:32:15,10.7100,9,1
2026-05-25,000001,13:32:18,10.7100,8,1
2026-05-25,000001,13:32:21,10.7000,48,2
2026-05-25,000001,13:32:24,10.7000,17,2
2026-05-25,000001,13:32:27,10.7000,28,2
2026-05-25,000001,13:32:30,10.7000,218,2
2026-05-25,000001,13:32:33,10.7000,17,2
2026-05-25,000001,13:32:36,10.7000,139,2
2026-05-25,000001,13:32:39,10.7100,27,1
2026-05-25,000001,13:32:42,10.7000,43,2
2026-05-25,000001,13:32:45,10.7000,16,2
2026-05-25,000001,13:32:48,10.7000,230,2
2026-05-25,000001,13:32:51,10.7000,154,2
2026-05-25,000001,13:32:54,10.7000,37,2
2026-05-25,000001,13:32:57,10.7000,120,2
2026-05-25,000001,13:33:00,10.7000,4,2
2026-05-25,000001,13:33:03,10.7000,28,2
2026-05-25,000001,13:33:06,10.7100,120,1
2026-05-25,000001,13:33:09,10.7100,124,1
2026-05-25,000001,13:33:12,10.7000,12,2
2026-05-25,000001,13:33:15,10.7000,59,2
2026-05-25,000001,13:33:18,10.7100,17,1
2026-05-25,000001,13:33:24,10.7000,28,2
2026-05-25,000001,13:33:27,10.7100,25,1
2026-05-25,000001,13:33:30,10.7000,42,2
2026-05-25,000001,13:33:33,10.7000,83,2
2026-05-25,000001,13:33:39,10.7000,538,2
2026-05-25,000001,13:33:42,10.7100,35,1
2026-05-25,000001,13:33:45,10.7000,62,2
2026-05-25,000001,13:33:48,10.7000,216,2
2026-05-25,000001,13:33:51,10.7000,16,2
2026-05-25,000001,13:33:54,10.7000,33,2
2026-05-25,000001,13:33:57,10.7000,42,2
2026-05-25,000001,13:34:00,10.7000,85,2
2026-05-25,000001,13:34:03,10.7000,151,2
2026-05-25,000001,13:34:06,10.7000,1628,2
2026-05-25,000001,13:34:09,10.7000,656,1
2026-05-25,000001,13:34:12,10.7000,875,1
2026-05-25,000001,13:34:15,10.7000,22,2
2026-05-25,000001,13:34:18,10.7000,18,2
2026-05-25,000001,13:34:21,10.7000,16,2
2026-05-25,000001,13:34:24,10.7100,44,1
2026-05-25,000001,13:34:27,10.7000,262,2
2026-05-25,000001,13:34:30,10.6900,93,2
2026-05-25,000001,13:34:33,10.7000,234,1
2026-05-25,000001,13:34:36,10.6900,53,2
2026-05-25,000001,13:34:39,10.7000,62,1
2026-05-25,000001,13:34:42,10.6900,101,2
2026-05-25,000001,13:34:45,10.6900,21,2
2026-05-25,000001,13:34:48,10.6900,16,2
2026-05-25,000001,13:34:51,10.7000,30,1
2026-05-25,000001,13:34:54,10.7000,77,1
2026-05-25,000001,13:34:57,10.6900,53,2
2026-05-25,000001,13:35:00,10.6900,17,2
2026-05-25,000001,13:35:03,10.6900,42,2
2026-05-25,000001,13:35:06,10.6900,17,2
2026-05-25,000001,13:35:09,10.6900,85,2
2026-05-25,000001,13:35:12,10.7000,46,1
2026-05-25,000001,13:35:15,10.6900,98,2
2026-05-25,000001,13:35:18,10.6900,58,2
2026-05-25,000001,13:35:21,10.6900,175,2
2026-05-25,000001,13:35:24,10.7000,21,1
2026-05-25,000001,13:35:27,10.6900,41,2
2026-05-25,000001,13:35:30,10.7000,2,1
2026-05-25,000001,13:35:33,10.6900,16,2
2026-05-25,000001,13:35:36,10.7000,86,1
2026-05-25,000001,13:35:39,10.6900,105,2
2026-05-25,000001,13:35:42,10.7000,133,1
2026-05-25,000001,13:35:45,10.6900,36,2
2026-05-25,000001,13:35:48,10.6900,18,2
2026-05-25,000001,13:35:51,10.7000,101,1
2026-05-25,000001,13:35:54,10.6900,12,2
2026-05-25,000001,13:35:57,10.7000,20,1
2026-05-25,000001,13:36:00,10.6900,2,2
2026-05-25,000001,13:36:03,10.6900,34,2
2026-05-25,000001,13:36:06,10.6900,203,2
2026-05-25,000001,13:36:09,10.6900,70,2
2026-05-25,000001,13:36:12,10.6900,19,2
2026-05-25,000001,13:36:15,10.7000,52,1
2026-05-25,000001,13:36:18,10.7000,2,1
2026-05-25,000001,13:36:21,10.6900,33,2
2026-05-25,000001,13:36:24,10.7000,78,1
2026-05-25,000001,13:36:30,10.6900,19,2
2026-05-25,000001,13:36:33,10.6900,50,2
2026-05-25,000001,13:36:36,10.6900,133,2
2026-05-25,000001,13:36:39,10.6900,108,2
2026-05-25,000001,13:36:42,10.6900,16,2
2026-05-25,000001,13:36:45,10.6900,102,2
2026-05-25,000001,13:36:48,10.6900,10,2
2026-05-25,000001,13:36:51,10.6900,50,2
2026-05-25,000001,13:36:54,10.6900,16,2
2026-05-25,000001,13:36:57,10.6900,65,2
2026-05-25,000001,13:37:03,10.6900,36,2
2026-05-25,000001,13:37:06,10.7000,1,1
2026-05-25,000001,13:37:09,10.6900,16,2
2026-05-25,000001,13:37:15,10.6900,63,2
2026-05-25,000001,13:37:18,10.6900,2,2
2026-05-25,000001,13:37:21,10.7000,15,1
2026-05-25,000001,13:37:27,10.6900,60,2
2026-05-25,000001,13:37:30,10.6900,45,2
2026-05-25,000001,13:37:33,10.6900,17,2
2026-05-25,000001,13:37:36,10.6900,1,2
2026-05-25,000001,13:37:39,10.6900,56,2
2026-05-25,000001,13:37:42,10.7000,26,1
2026-05-25,000001,13:37:45,10.7000,10,1
2026-05-25,000001,13:37:51,10.6900,19,2
2026-05-25,000001,13:37:54,10.7000,27,1
2026-05-25,000001,13:37:57,10.7000,1,1
2026-05-25,000001,13:38:00,10.6900,35,2
2026-05-25,000001,13:38:03,10.6900,20,2
2026-05-25,000001,13:38:06,10.7000,126,1
2026-05-25,000001,13:38:09,10.6900,33,2
2026-05-25,000001,13:38:12,10.6900,51,2
2026-05-25,000001,13:38:15,10.6900,89,2
2026-05-25,000001,13:38:18,10.6900,86,2
2026-05-25,000001,13:38:21,10.7000,6,1
2026-05-25,000001,13:38:24,10.6900,17,2
2026-05-25,000001,13:38:27,10.6900,71,2
2026-05-25,000001,13:38:30,10.6900,26,2
2026-05-25,000001,13:38:33,10.6900,46,2
2026-05-25,000001,13:38:36,10.6900,80,2
2026-05-25,000001,13:38:39,10.6900,197,2
2026-05-25,000001,13:38:42,10.6900,63,2
2026-05-25,000001,13:38:45,10.6900,27,2
2026-05-25,000001,13:38:51,10.7000,1,1
2026-05-25,000001,13:38:54,10.7000,456,1
2026-05-25,000001,13:38:57,10.6900,28,2
2026-05-25,000001,13:39:00,10.6900,107,2
2026-05-25,000001,13:39:03,10.7000,57,1
2026-05-25,000001,13:39:06,10.6900,108,2
2026-05-25,000001,13:39:09,10.6900,225,2
2026-05-25,000001,13:39:12,10.6900,53,2
2026-05-25,000001,13:39:15,10.6900,17,2
2026-05-25,000001,13:39:18,10.7000,15,1
2026-05-25,000001,13:39:27,10.6900,68,2
2026-05-25,000001,13:39:30,10.7000,39,1
2026-05-25,000001,13:39:33,10.7000,216,1
2026-05-25,000001,13:39:36,10.7000,72,1
2026-05-25,000001,13:39:39,10.7000,50,1
2026-05-25,000001,13:39:42,10.6900,56,2
2026-05-25,000001,13:39:45,10.6900,33,2
2026-05-25,000001,13:39:48,10.6900,16,2
2026-05-25,000001,13:39:51,10.7000,330,1
2026-05-25,000001,13:39:54,10.6900,177,2
2026-05-25,000001,13:39:57,10.6900,68,2
2026-05-25,000001,13:40:00,10.6900,89,2
2026-05-25,000001,13:40:03,10.6900,64,2
2026-05-25,000001,13:40:06,10.6900,3,2
2026-05-25,000001,13:40:09,10.6900,23,2
2026-05-25,000001,13:40:12,10.6900,17,2
2026-05-25,000001,13:40:15,10.6900,1918,2
2026-05-25,000001,13:40:18,10.6900,30,2
2026-05-25,000001,13:40:21,10.6900,73,2
2026-05-25,000001,13:40:24,10.6900,47,2
2026-05-25,000001,13:40:27,10.6900,88,2
2026-05-25,000001,13:40:30,10.6900,35,2
2026-05-25,000001,13:40:33,10.6900,78,2
2026-05-25,000001,13:40:36,10.6900,32,2
2026-05-25,000001,13:40:39,10.6900,87,2
2026-05-25,000001,13:40:42,10.6900,59,2
2026-05-25,000001,13:40:45,10.6900,17,2
2026-05-25,000001,13:40:48,10.6900,4,2
2026-05-25,000001,13:40:54,10.6900,49,2
2026-05-25,000001,13:40:57,10.6900,33,2
2026-05-25,000001,13:41:00,10.6900,77,2
2026-05-25,000001,13:41:03,10.7000,333,1
2026-05-25,000001,13:41:06,10.6900,19,2
2026-05-25,000001,13:41:09,10.6900,17,2
2026-05-25,000001,13:41:12,10.6900,39,2
2026-05-25,000001,13:41:15,10.6900,33,2
2026-05-25,000001,13:41:18,10.6900,37,2
2026-05-25,000001,13:41:21,10.7000,18,1
2026-05-25,000001,13:41:24,10.6900,188,2
2026-05-25,000001,13:41:27,10.6900,32,2
2026-05-25,000001,13:41:30,10.6900,43,2
2026-05-25,000001,13:41:33,10.7000,3,1
2026-05-25,000001,13:41:36,10.6900,50,2
2026-05-25,000001,13:41:39,10.6900,182,2
2026-05-25,000001,13:41:42,10.6900,37,2
2026-05-25,000001,13:41:45,10.6900,26,2
2026-05-25,000001,13:41:48,10.6900,18,2
2026-05-25,000001,13:41:51,10.6900,16,2
2026-05-25,000001,13:41:54,10.6900,38,2
2026-05-25,000001,13:41:57,10.6900,77,2
2026-05-25,000001,13:42:00,10.7000,20,1
2026-05-25,000001,13:42:03,10.7000,6,1
2026-05-25,000001,13:42:06,10.6900,34,2
2026-05-25,000001,13:42:09,10.7000,39,1
2026-05-25,000001,13:42:12,10.6900,30,2
2026-05-25,000001,13:42:21,10.6900,73,2
2026-05-25,000001,13:42:24,10.6900,84,2
2026-05-25,000001,13:42:27,10.6900,75,2
2026-05-25,000001,13:42:30,10.7000,53,1
2026-05-25,000001,13:42:33,10.7000,133,1
2026-05-25,000001,13:42:36,10.6900,242,2
2026-05-25,000001,13:42:39,10.6900,98,2
2026-05-25,000001,13:42:42,10.6900,2,2
2026-05-25,000001,13:42:45,10.7000,680,1
2026-05-25,000001,13:42:48,10.6900,63,2
2026-05-25,000001,13:42:51,10.6900,84,2
2026-05-25,000001,13:42:54,10.6900,99,2
2026-05-25,000001,13:42:57,10.6900,51,2
2026-05-25,000001,13:43:00,10.6900,46,2
2026-05-25,000001,13:43:03,10.6900,167,2
2026-05-25,000001,13:43:06,10.7000,48,1
2026-05-25,000001,13:43:09,10.7000,105,1
2026-05-25,000001,13:43:12,10.6900,188,2
2026-05-25,000001,13:43:15,10.6900,16,2
2026-05-25,000001,13:43:18,10.7000,100,1
2026-05-25,000001,13:43:21,10.6900,49,2
2026-05-25,000001,13:43:24,10.6900,19,2
2026-05-25,000001,13:43:27,10.6900,46,2
2026-05-25,000001,13:43:30,10.6900,16,2
2026-05-25,000001,13:43:33,10.6900,1,2
2026-05-25,000001,13:43:36,10.6900,83,2
2026-05-25,000001,13:43:39,10.6900,16,2
2026-05-25,000001,13:43:42,10.7000,20,1
2026-05-25,000001,13:43:48,10.6900,28,2
2026-05-25,000001,13:43:51,10.6900,21,2
2026-05-25,000001,13:43:54,10.6900,72,2
2026-05-25,000001,13:44:00,10.6900,40,2
2026-05-25,000001,13:44:03,10.7000,9,1
2026-05-25,000001,13:44:06,10.6900,21,2
2026-05-25,000001,13:44:09,10.7000,14,1
2026-05-25,000001,13:44:12,10.6900,29,2
2026-05-25,000001,13:44:15,10.6900,17,2
2026-05-25,000001,13:44:18,10.6900,8,2
2026-05-25,000001,13:44:21,10.7000,208,1
2026-05-25,000001,13:44:24,10.7000,124,1
2026-05-25,000001,13:44:27,10.7000,70,1
2026-05-25,000001,13:44:30,10.7000,44,1
2026-05-25,000001,13:44:33,10.7000,93,1
2026-05-25,000001,13:44:36,10.7000,138,1
2026-05-25,000001,13:44:39,10.7000,159,1
2026-05-25,000001,13:44:45,10.7000,10,1
2026-05-25,000001,13:44:48,10.7000,49,1
2026-05-25,000001,13:44:51,10.6900,66,2
2026-05-25,000001,13:44:54,10.7000,94,1
2026-05-25,000001,13:44:57,10.7000,50,1
2026-05-25,000001,13:45:00,10.7000,5,1
2026-05-25,000001,13:45:03,10.6900,268,2
2026-05-25,000001,13:45:06,10.7000,57,1
2026-05-25,000001,13:45:09,10.6900,67,2
2026-05-25,000001,13:45:12,10.7000,59,1
2026-05-25,000001,13:45:15,10.7000,9,1
2026-05-25,000001,13:45:18,10.7000,99,1
2026-05-25,000001,13:45:21,10.6900,130,2
2026-05-25,000001,13:45:24,10.7000,198,1
2026-05-25,000001,13:45:27,10.7000,72,1
2026-05-25,000001,13:45:30,10.7000,389,1
2026-05-25,000001,13:45:33,10.7000,76,1
2026-05-25,000001,13:45:36,10.6900,36,2
2026-05-25,000001,13:45:39,10.7000,6,1
2026-05-25,000001,13:45:42,10.7000,63,1
2026-05-25,000001,13:45:45,10.6900,12,2
2026-05-25,000001,13:45:48,10.7000,123,1
2026-05-25,000001,13:45:51,10.7000,52,1
2026-05-25,000001,13:45:54,10.6900,1,2
2026-05-25,000001,13:45:57,10.7000,274,1
2026-05-25,000001,13:46:00,10.7000,26,1
2026-05-25,000001,13:46:03,10.7000,33,1
2026-05-25,000001,13:46:06,10.7000,30,1
2026-05-25,000001,13:46:09,10.7000,28,1
2026-05-25,000001,13:46:12,10.7000,22,1
2026-05-25,000001,13:46:21,10.6900,16,2
2026-05-25,000001,13:46:24,10.7000,12,1
2026-05-25,000001,13:46:27,10.7000,23,1
2026-05-25,000001,13:46:30,10.6900,49,2
2026-05-25,000001,13:46:33,10.6900,17,2
2026-05-25,000001,13:46:36,10.6900,10,2
2026-05-25,000001,13:46:39,10.7000,19,1
2026-05-25,000001,13:46:42,10.7000,13,1
2026-05-25,000001,13:46:45,10.6900,16,2
2026-05-25,000001,13:46:48,10.7000,216,1
2026-05-25,000001,13:46:51,10.6900,64,2
2026-05-25,000001,13:46:54,10.6900,27,2
2026-05-25,000001,13:46:57,10.6900,12,2
2026-05-25,000001,13:47:00,10.6900,35,2
2026-05-25,000001,13:47:03,10.6900,98,2
2026-05-25,000001,13:47:06,10.7000,45,1
2026-05-25,000001,13:47:09,10.6900,1,2
2026-05-25,000001,13:47:12,10.7000,9,1
2026-05-25,000001,13:47:15,10.6900,51,2
2026-05-25,000001,13:47:18,10.6900,125,2
2026-05-25,000001,13:47:21,10.7000,1,1
2026-05-25,000001,13:47:24,10.7000,86,1
2026-05-25,000001,13:47:27,10.7000,6,1
2026-05-25,000001,13:47:30,10.7000,376,1
2026-05-25,000001,13:47:33,10.6900,18,2
2026-05-25,000001,13:47:39,10.7000,24,1
2026-05-25,000001,13:47:42,10.6900,17,2
2026-05-25,000001,13:47:45,10.6900,11,2
2026-05-25,000001,13:47:48,10.6900,1,2
2026-05-25,000001,13:47:51,10.6900,67,2
2026-05-25,000001,13:47:57,10.6900,19,2
2026-05-25,000001,13:48:00,10.6900,18,2
2026-05-25,000001,13:48:03,10.6900,11,2
2026-05-25,000001,13:48:09,10.6900,41,2
2026-05-25,000001,13:48:12,10.6900,16,2
2026-05-25,000001,13:48:15,10.6900,102,2
2026-05-25,000001,13:48:18,10.6900,126,2
2026-05-25,000001,13:48:21,10.6900,16,2
2026-05-25,000001,13:48:24,10.6900,52,2
2026-05-25,000001,13:48:27,10.6900,25,2
2026-05-25,000001,13:48:30,10.6900,108,2
2026-05-25,000001,13:48:33,10.6900,145,2
2026-05-25,000001,13:48:39,10.7000,257,1
2026-05-25,000001,13:48:42,10.6900,140,2
2026-05-25,000001,13:48:45,10.6900,50,2
2026-05-25,000001,13:48:48,10.7000,258,1
2026-05-25,000001,13:48:51,10.6900,17,2
2026-05-25,000001,13:48:57,10.6900,17,2
2026-05-25,000001,13:49:00,10.7000,63,1
2026-05-25,000001,13:49:03,10.7000,61,1
2026-05-25,000001,13:49:06,10.6900,34,2
2026-05-25,000001,13:49:09,10.7000,12,1
2026-05-25,000001,13:49:12,10.7000,114,1
2026-05-25,000001,13:49:15,10.6900,38,2
2026-05-25,000001,13:49:18,10.7000,2,1
2026-05-25,000001,13:49:21,10.6900,56,2
2026-05-25,000001,13:49:24,10.6900,35,2
2026-05-25,000001,13:49:27,10.6900,34,2
2026-05-25,000001,13:49:30,10.6900,47,2
2026-05-25,000001,13:49:33,10.7000,5,1
2026-05-25,000001,13:49:36,10.7000,181,1
2026-05-25,000001,13:49:39,10.7000,183,1
2026-05-25,000001,13:49:42,10.6900,71,2
2026-05-25,000001,13:49:45,10.7000,67,1
2026-05-25,000001,13:49:48,10.6900,17,2
2026-05-25,000001,13:49:51,10.7000,18,1
2026-05-25,000001,13:49:54,10.6900,29,2
2026-05-25,000001,13:49:57,10.7000,47,1
2026-05-25,000001,13:50:00,10.6900,32,2
2026-05-25,000001,13:50:03,10.6900,16,2
2026-05-25,000001,13:50:06,10.6900,56,2
2026-05-25,000001,13:50:09,10.6900,945,2
2026-05-25,000001,13:50:12,10.6900,263,2
2026-05-25,000001,13:50:15,10.6900,173,2
2026-05-25,000001,13:50:18,10.6900,391,2
2026-05-25,000001,13:50:21,10.6900,125,2
2026-05-25,000001,13:50:24,10.6900,66,2
2026-05-25,000001,13:50:27,10.6900,16,2
2026-05-25,000001,13:50:30,10.6900,42,2
2026-05-25,000001,13:50:33,10.7000,234,1
2026-05-25,000001,13:50:36,10.7000,1108,1
2026-05-25,000001,13:50:39,10.6900,128,2
2026-05-25,000001,13:50:42,10.6900,49,2
2026-05-25,000001,13:50:45,10.6900,135,2
2026-05-25,000001,13:50:48,10.6900,160,2
2026-05-25,000001,13:50:51,10.6900,75,2
2026-05-25,000001,13:50:54,10.7000,46,1
2026-05-25,000001,13:50:57,10.7000,45,1
2026-05-25,000001,13:51:00,10.6900,17,2
2026-05-25,000001,13:51:03,10.6900,50,2
2026-05-25,000001,13:51:06,10.6900,17,2
2026-05-25,000001,13:51:09,10.6900,213,2
2026-05-25,000001,13:51:12,10.7000,1,1
2026-05-25,000001,13:51:15,10.7000,112,1
2026-05-25,000001,13:51:18,10.6900,32,2
2026-05-25,000001,13:51:21,10.7000,19,1
2026-05-25,000001,13:51:24,10.7000,46,1
2026-05-25,000001,13:51:27,10.7000,24,1
2026-05-25,000001,13:51:30,10.6900,48,2
2026-05-25,000001,13:51:33,10.7000,43,1
2026-05-25,000001,13:51:36,10.6900,150,2
2026-05-25,000001,13:51:39,10.6900,17,2
2026-05-25,000001,13:51:42,10.6900,12,2
2026-05-25,000001,13:51:45,10.7000,42,1
2026-05-25,000001,13:51:48,10.7000,26,1
2026-05-25,000001,13:51:51,10.7000,1,1
2026-05-25,000001,13:51:54,10.6900,102,2
2026-05-25,000001,13:51:57,10.6900,51,2
2026-05-25,000001,13:52:00,10.6900,11,2
2026-05-25,000001,13:52:03,10.7000,68,1
2026-05-25,000001,13:52:06,10.6900,68,2
2026-05-25,000001,13:52:09,10.6900,132,2
2026-05-25,000001,13:52:12,10.6900,28,2
2026-05-25,000001,13:52:15,10.6900,58,2
2026-05-25,000001,13:52:21,10.6900,177,2
2026-05-25,000001,13:52:24,10.7000,89,1
2026-05-25,000001,13:52:27,10.6900,43,2
2026-05-25,000001,13:52:30,10.6900,29,2
2026-05-25,000001,13:52:33,10.7000,13,1
2026-05-25,000001,13:52:36,10.7000,14,1
2026-05-25,000001,13:52:39,10.6900,70,2
2026-05-25,000001,13:52:42,10.6900,20,2
2026-05-25,000001,13:52:48,10.7000,28,1
2026-05-25,000001,13:52:51,10.6900,51,2
2026-05-25,000001,13:52:54,10.6900,39,2
2026-05-25,000001,13:52:57,10.6900,28,2
2026-05-25,000001,13:53:00,10.6900,1,2
2026-05-25,000001,13:53:03,10.7000,72,1
2026-05-25,000001,13:53:06,10.6900,27,2
2026-05-25,000001,13:53:09,10.6900,49,2
2026-05-25,000001,13:53:12,10.6900,34,2
2026-05-25,000001,13:53:15,10.6900,319,2
2026-05-25,000001,13:53:18,10.6900,704,1
2026-05-25,000001,13:53:21,10.6900,318,1
2026-05-25,000001,13:53:24,10.6800,11,2
2026-05-25,000001,13:53:27,10.6900,33,1
2026-05-25,000001,13:53:30,10.6900,15,1
2026-05-25,000001,13:53:33,10.6800,53,2
2026-05-25,000001,13:53:36,10.6800,43,2
2026-05-25,000001,13:53:39,10.6900,44,1
2026-05-25,000001,13:53:42,10.6800,17,2
2026-05-25,000001,13:53:45,10.6900,51,1
2026-05-25,000001,13:53:48,10.6800,46,2
2026-05-25,000001,13:53:54,10.6800,30,2
2026-05-25,000001,13:53:57,10.6900,11,1
2026-05-25,000001,13:54:00,10.6900,17,1
2026-05-25,000001,13:54:03,10.6800,134,2
2026-05-25,000001,13:54:06,10.6800,52,2
2026-05-25,000001,13:54:09,10.6800,65,2
2026-05-25,000001,13:54:15,10.6900,60,1
2026-05-25,000001,13:54:18,10.6800,36,2
2026-05-25,000001,13:54:21,10.6800,42,2
2026-05-25,000001,13:54:24,10.6800,40,2
2026-05-25,000001,13:54:27,10.6800,24,2
2026-05-25,000001,13:54:30,10.6800,202,2
2026-05-25,000001,13:54:33,10.6800,90,2
2026-05-25,000001,13:54:36,10.6800,43,2
2026-05-25,000001,13:54:39,10.6900,76,1
2026-05-25,000001,13:54:42,10.6900,978,1
2026-05-25,000001,13:54:45,10.6900,717,1
2026-05-25,000001,13:54:48,10.6800,231,2
2026-05-25,000001,13:54:51,10.6800,38,2
2026-05-25,000001,13:54:57,10.6900,48,1
2026-05-25,000001,13:55:00,10.6800,84,2
2026-05-25,000001,13:55:03,10.6900,56,1
2026-05-25,000001,13:55:06,10.6900,30,1
2026-05-25,000001,13:55:09,10.6900,5,1
2026-05-25,000001,13:55:12,10.6900,19,1
2026-05-25,000001,13:55:15,10.6900,10,1
2026-05-25,000001,13:55:21,10.6800,17,2
2026-05-25,000001,13:55:24,10.6900,45,1
2026-05-25,000001,13:55:27,10.6800,175,2
2026-05-25,000001,13:55:30,10.6800,135,2
2026-05-25,000001,13:55:33,10.6800,22,2
2026-05-25,000001,13:55:36,10.6900,3,1
2026-05-25,000001,13:55:39,10.6800,393,2
2026-05-25,000001,13:55:42,10.6800,678,2
2026-05-25,000001,13:55:48,10.6800,10,2
2026-05-25,000001,13:55:54,10.6800,17,2
2026-05-25,000001,13:55:57,10.6900,63,1
2026-05-25,000001,13:56:00,10.6900,27,1
2026-05-25,000001,13:56:03,10.6800,80,2
2026-05-25,000001,13:56:06,10.6800,70,2
2026-05-25,000001,13:56:09,10.6900,1,1
2026-05-25,000001,13:56:12,10.6900,141,1
2026-05-25,000001,13:56:15,10.6900,39,1
2026-05-25,000001,13:56:21,10.6900,220,1
2026-05-25,000001,13:56:27,10.6800,17,2
2026-05-25,000001,13:56:30,10.6900,29,1
2026-05-25,000001,13:56:36,10.6800,17,2
2026-05-25,000001,13:56:39,10.6900,10,1
2026-05-25,000001,13:56:42,10.6800,39,2
2026-05-25,000001,13:56:45,10.6800,1,2
2026-05-25,000001,13:56:51,10.6900,3,1
2026-05-25,000001,13:56:54,10.6900,186,1
2026-05-25,000001,13:56:57,10.6800,56,2
2026-05-25,000001,13:57:00,10.6800,26,2
2026-05-25,000001,13:57:03,10.6800,28,2
2026-05-25,000001,13:57:06,10.6900,729,1
2026-05-25,000001,13:57:09,10.6800,38,2
2026-05-25,000001,13:57:12,10.6900,46,1
2026-05-25,000001,13:57:18,10.6900,69,1
2026-05-25,000001,13:57:21,10.6900,7,1
2026-05-25,000001,13:57:24,10.6900,28,1
2026-05-25,000001,13:57:27,10.6900,16,1
2026-05-25,000001,13:57:33,10.6900,45,1
2026-05-25,000001,13:57:36,10.6800,18,2
2026-05-25,000001,13:57:39,10.6900,55,1
2026-05-25,000001,13:57:42,10.6800,29,2
2026-05-25,000001,13:57:48,10.6800,40,2
2026-05-25,000001,13:57:51,10.6900,2,1
2026-05-25,000001,13:57:57,10.6800,157,2
2026-05-25,000001,13:58:00,10.6800,47,2
2026-05-25,000001,13:58:03,10.6900,203,1
2026-05-25,000001,13:58:06,10.6900,125,1
2026-05-25,000001,13:58:09,10.6900,150,1
2026-05-25,000001,13:58:12,10.6800,13,2
2026-05-25,000001,13:58:15,10.6900,7,1
2026-05-25,000001,13:58:18,10.6900,35,1
2026-05-25,000001,13:58:21,10.6800,16,2
2026-05-25,000001,13:58:24,10.6800,131,2
2026-05-25,000001,13:58:27,10.6800,45,2
2026-05-25,000001,13:58:30,10.6900,107,1
2026-05-25,000001,13:58:33,10.6800,35,2
2026-05-25,000001,13:58:36,10.6800,206,2
2026-05-25,000001,13:58:39,10.6800,16,2
2026-05-25,000001,13:58:42,10.6800,57,2
2026-05-25,000001,13:58:45,10.6900,17,1
2026-05-25,000001,13:58:48,10.6800,25,2
2026-05-25,000001,13:58:51,10.6800,87,2
2026-05-25,000001,13:58:54,10.6800,75,2
2026-05-25,000001,13:58:57,10.6800,57,2
2026-05-25,000001,13:59:03,10.6900,19,1
2026-05-25,000001,13:59:06,10.6900,80,1
2026-05-25,000001,13:59:09,10.6900,95,1
2026-05-25,000001,13:59:12,10.6900,18,1
2026-05-25,000001,13:59:15,10.6800,62,2
2026-05-25,000001,13:59:18,10.6800,16,2
2026-05-25,000001,13:59:21,10.6800,155,2
2026-05-25,000001,13:59:24,10.6900,14,1
2026-05-25,000001,13:59:27,10.6800,70,2
2026-05-25,000001,13:59:30,10.6900,20,1
2026-05-25,000001,13:59:33,10.6900,33,1
2026-05-25,000001,13:59:36,10.6900,125,1
2026-05-25,000001,13:59:39,10.6800,107,2
2026-05-25,000001,13:59:42,10.6900,27,1
2026-05-25,000001,13:59:45,10.6800,45,2
2026-05-25,000001,13:59:48,10.6800,24,2
2026-05-25,000001,13:59:51,10.6800,132,2
2026-05-25,000001,13:59:54,10.6800,76,2
2026-05-25,000001,13:59:57,10.6900,65,1
2026-05-25,000001,14:00:00,10.6900,180,1
2026-05-25,000001,14:00:03,10.6900,113,1
2026-05-25,000001,14:00:06,10.6900,9,1
2026-05-25,000001,14:00:09,10.6900,3,1
2026-05-25,000001,14:00:12,10.6900,60,1
2026-05-25,000001,14:00:15,10.6800,25,2
2026-05-25,000001,14:00:18,10.6800,30,2
2026-05-25,000001,14:00:21,10.6900,244,1
2026-05-25,000001,14:00:24,10.6900,221,1
2026-05-25,000001,14:00:27,10.6900,37,1
2026-05-25,000001,14:00:30,10.6900,37,1
2026-05-25,000001,14:00:33,10.6900,19,1
2026-05-25,000001,14:00:36,10.6900,147,1
2026-05-25,000001,14:00:39,10.6900,47,1
2026-05-25,000001,14:00:42,10.6900,36,1
2026-05-25,000001,14:00:51,10.6800,22,2
2026-05-25,000001,14:00:54,10.6900,174,1
2026-05-25,000001,14:00:57,10.6900,25,1
2026-05-25,000001,14:01:00,10.6900,59,1
2026-05-25,000001,14:01:03,10.6900,134,1
2026-05-25,000001,14:01:06,10.6800,48,2
2026-05-25,000001,14:01:12,10.6800,15,2
2026-05-25,000001,14:01:15,10.6900,63,1
2026-05-25,000001,14:01:18,10.6900,141,1
2026-05-25,000001,14:01:21,10.6900,108,1
2026-05-25,000001,14:01:24,10.6800,303,2
2026-05-25,000001,14:01:27,10.6900,26,1
2026-05-25,000001,14:01:30,10.6800,202,2
2026-05-25,000001,14:01:33,10.6900,12,1
2026-05-25,000001,14:01:39,10.6800,42,2
2026-05-25,000001,14:01:42,10.6900,136,1
2026-05-25,000001,14:01:45,10.6900,517,1
2026-05-25,000001,14:01:48,10.6800,196,2
2026-05-25,000001,14:01:54,10.6800,16,2
2026-05-25,000001,14:01:57,10.6900,69,1
2026-05-25,000001,14:02:00,10.6900,1,1
2026-05-25,000001,14:02:03,10.6900,32,1
2026-05-25,000001,14:02:06,10.6800,50,2
2026-05-25,000001,14:02:09,10.6800,73,2
2026-05-25,000001,14:02:12,10.6800,67,2
2026-05-25,000001,14:02:15,10.6800,95,2
2026-05-25,000001,14:02:18,10.6800,42,2
2026-05-25,000001,14:02:21,10.6800,58,2
2026-05-25,000001,14:02:24,10.6800,242,2
2026-05-25,000001,14:02:27,10.6900,36,1
2026-05-25,000001,14:02:30,10.6800,16,2
2026-05-25,000001,14:02:33,10.6900,3,1
2026-05-25,000001,14:02:36,10.6800,39,2
2026-05-25,000001,14:02:39,10.6800,146,2
2026-05-25,000001,14:02:42,10.6800,90,2
2026-05-25,000001,14:02:48,10.6900,181,1
2026-05-25,000001,14:02:57,10.6900,22,1
2026-05-25,000001,14:03:00,10.6800,32,2
2026-05-25,000001,14:03:03,10.6900,1539,1
2026-05-25,000001,14:03:06,10.6800,190,2
2026-05-25,000001,14:03:09,10.6900,18,1
2026-05-25,000001,14:03:12,10.6800,38,2
2026-05-25,000001,14:03:18,10.6900,45,1
2026-05-25,000001,14:03:21,10.6900,50,1
2026-05-25,000001,14:03:24,10.6900,73,1
2026-05-25,000001,14:03:27,10.6900,65,1
2026-05-25,000001,14:03:30,10.6800,30,2
2026-05-25,000001,14:03:33,10.6900,3,1
2026-05-25,000001,14:03:36,10.6800,43,2
2026-05-25,000001,14:03:42,10.6800,86,2
2026-05-25,000001,14:03:45,10.6900,73,1
2026-05-25,000001,14:03:48,10.6900,114,1
2026-05-25,000001,14:03:51,10.6800,173,2
2026-05-25,000001,14:03:54,10.6900,92,1
2026-05-25,000001,14:03:57,10.6900,251,1
2026-05-25,000001,14:04:00,10.6900,13,1
2026-05-25,000001,14:04:03,10.6800,74,2
2026-05-25,000001,14:04:06,10.6900,9,1
2026-05-25,000001,14:04:09,10.6900,96,1
2026-05-25,000001,14:04:12,10.6900,50,1
2026-05-25,000001,14:04:15,10.6900,2,1
2026-05-25,000001,14:04:18,10.6900,59,1
2026-05-25,000001,14:04:21,10.6800,57,2
2026-05-25,000001,14:04:24,10.6900,36,1
2026-05-25,000001,14:04:27,10.6800,75,2
2026-05-25,000001,14:04:30,10.6900,12,1
2026-05-25,000001,14:04:33,10.6900,52,1
2026-05-25,000001,14:04:36,10.6900,72,1
2026-05-25,000001,14:04:39,10.6900,45,1
2026-05-25,000001,14:04:42,10.6800,172,2
2026-05-25,000001,14:04:45,10.6900,110,1
2026-05-25,000001,14:04:48,10.6800,94,2
2026-05-25,000001,14:04:51,10.6900,47,1
2026-05-25,000001,14:04:57,10.6800,19,2
2026-05-25,000001,14:05:00,10.6800,100,2
2026-05-25,000001,14:05:03,10.6900,90,1
2026-05-25,000001,14:05:06,10.6800,181,2
2026-05-25,000001,14:05:12,10.6800,114,2
2026-05-25,000001,14:05:15,10.6800,236,2
2026-05-25,000001,14:05:18,10.6900,11,1
2026-05-25,000001,14:05:21,10.6900,13,1
2026-05-25,000001,14:05:27,10.6900,15,1
2026-05-25,000001,14:05:30,10.6800,37,2
2026-05-25,000001,14:05:33,10.6800,34,2
2026-05-25,000001,14:05:36,10.6800,24,2
2026-05-25,000001,14:05:39,10.6900,82,1
2026-05-25,000001,14:05:42,10.6800,90,2
2026-05-25,000001,14:05:45,10.6800,140,2
2026-05-25,000001,10:46:30,10.7500,20,1
2026-05-25,000001,10:46:33,10.7500,13,1
2026-05-25,000001,10:46:36,10.7500,21,1
2026-05-25,000001,10:46:39,10.7500,35,1
2026-05-25,000001,10:46:42,10.7400,50,2
2026-05-25,000001,10:46:45,10.7400,78,2
2026-05-25,000001,10:46:48,10.7500,981,1
2026-05-25,000001,10:46:51,10.7400,54,2
2026-05-25,000001,10:46:54,10.7500,23,1
2026-05-25,000001,10:46:57,10.7500,19,1
2026-05-25,000001,10:47:00,10.7500,62,1
2026-05-25,000001,10:47:03,10.7400,40,2
2026-05-25,000001,10:47:06,10.7400,54,2
2026-05-25,000001,10:47:09,10.7500,31,1
2026-05-25,000001,10:47:12,10.7500,482,1
2026-05-25,000001,10:47:15,10.7500,52,1
2026-05-25,000001,10:47:18,10.7500,75,1
2026-05-25,000001,10:47:21,10.7500,80,1
2026-05-25,000001,10:47:24,10.7500,30,1
2026-05-25,000001,10:47:27,10.7500,46,1
2026-05-25,000001,10:47:30,10.7400,173,2
2026-05-25,000001,10:47:33,10.7500,276,1
2026-05-25,000001,10:47:36,10.7500,70,1
2026-05-25,000001,10:47:39,10.7400,171,2
2026-05-25,000001,10:47:42,10.7400,160,2
2026-05-25,000001,10:47:45,10.7500,282,1
2026-05-25,000001,10:47:48,10.7400,92,2
2026-05-25,000001,10:47:51,10.7500,89,1
2026-05-25,000001,10:47:54,10.7400,78,2
2026-05-25,000001,10:47:57,10.7400,61,2
2026-05-25,000001,10:48:00,10.7500,278,1
2026-05-25,000001,10:48:03,10.7500,43,1
2026-05-25,000001,10:48:06,10.7500,34,1
2026-05-25,000001,10:48:09,10.7400,12,2
2026-05-25,000001,10:48:12,10.7500,94,1
2026-05-25,000001,10:48:15,10.7500,39,1
2026-05-25,000001,10:48:18,10.7500,20,1
2026-05-25,000001,10:48:24,10.7500,50,1
2026-05-25,000001,10:48:27,10.7500,7,1
2026-05-25,000001,10:48:30,10.7400,43,2
2026-05-25,000001,10:48:33,10.7400,50,2
2026-05-25,000001,10:48:36,10.7500,64,1
2026-05-25,000001,10:48:39,10.7400,112,2
2026-05-25,000001,10:48:42,10.7400,69,2
2026-05-25,000001,10:48:45,10.7400,78,2
2026-05-25,000001,10:48:48,10.7400,36,2
2026-05-25,000001,10:48:51,10.7500,46,1
2026-05-25,000001,10:48:54,10.7400,244,2
2026-05-25,000001,10:48:57,10.7400,209,2
2026-05-25,000001,10:49:00,10.7500,42,1
2026-05-25,000001,10:49:03,10.7400,51,2
2026-05-25,000001,10:49:06,10.7400,89,2
2026-05-25,000001,10:49:12,10.7400,230,2
2026-05-25,000001,10:49:15,10.7500,57,1
2026-05-25,000001,10:49:18,10.7500,36,1
2026-05-25,000001,10:49:21,10.7400,111,2
2026-05-25,000001,10:49:24,10.7400,60,2
2026-05-25,000001,10:49:27,10.7400,228,2
2026-05-25,000001,10:49:30,10.7400,20,2
2026-05-25,000001,10:49:33,10.7500,54,1
2026-05-25,000001,10:49:36,10.7400,51,2
2026-05-25,000001,10:49:39,10.7500,26,1
2026-05-25,000001,10:49:42,10.7500,49,1
2026-05-25,000001,10:49:45,10.7400,60,2
2026-05-25,000001,10:49:48,10.7400,3265,2
2026-05-25,000001,10:49:51,10.7300,82,2
2026-05-25,000001,10:49:54,10.7300,564,2
2026-05-25,000001,10:49:57,10.7300,36,2
2026-05-25,000001,10:50:00,10.7400,37,1
2026-05-25,000001,10:50:03,10.7400,17,1
2026-05-25,000001,10:50:06,10.7300,51,2
2026-05-25,000001,10:50:09,10.7300,16,2
2026-05-25,000001,10:50:12,10.7300,48,2
2026-05-25,000001,10:50:15,10.7300,93,2
2026-05-25,000001,10:50:18,10.7300,104,2
2026-05-25,000001,10:50:21,10.7300,64,2
2026-05-25,000001,10:50:24,10.7400,6,1
2026-05-25,000001,10:50:27,10.7400,114,1
2026-05-25,000001,10:50:30,10.7400,16,1
2026-05-25,000001,10:50:33,10.7400,73,1
2026-05-25,000001,10:50:45,10.7400,11,1
2026-05-25,000001,10:50:51,10.7400,1,1
2026-05-25,000001,10:50:54,10.7300,24,2
2026-05-25,000001,10:51:00,10.7300,36,2
2026-05-25,000001,10:51:03,10.7400,16,1
2026-05-25,000001,10:51:06,10.7300,38,2
2026-05-25,000001,10:51:09,10.7300,46,2
2026-05-25,000001,10:51:12,10.7400,22,1
2026-05-25,000001,10:51:15,10.7300,9,2
2026-05-25,000001,10:51:18,10.7300,78,2
2026-05-25,000001,10:51:21,10.7300,17,2
2026-05-25,000001,10:51:27,10.7400,19,1
2026-05-25,000001,10:51:30,10.7400,18,1
2026-05-25,000001,10:51:33,10.7400,78,1
2026-05-25,000001,10:51:36,10.7400,30,1
2026-05-25,000001,10:51:39,10.7400,36,1
2026-05-25,000001,10:51:42,10.7400,15,1
2026-05-25,000001,10:51:45,10.7400,2,1
2026-05-25,000001,10:51:48,10.7400,211,1
2026-05-25,000001,10:51:51,10.7400,76,1
2026-05-25,000001,10:51:54,10.7400,45,1
2026-05-25,000001,10:51:57,10.7300,33,2
2026-05-25,000001,10:52:00,10.7300,33,2
2026-05-25,000001,10:52:03,10.7400,26,1
2026-05-25,000001,10:52:06,10.7300,228,2
2026-05-25,000001,10:52:09,10.7300,51,2
2026-05-25,000001,10:52:12,10.7400,102,1
2026-05-25,000001,10:52:15,10.7300,46,2
2026-05-25,000001,10:52:18,10.7400,36,1
2026-05-25,000001,10:52:21,10.7300,48,2
2026-05-25,000001,10:52:24,10.7300,37,2
2026-05-25,000001,10:52:27,10.7300,46,2
2026-05-25,000001,10:52:30,10.7400,95,1
2026-05-25,000001,10:52:33,10.7300,32,2
2026-05-25,000001,10:52:36,10.7300,62,2
2026-05-25,000001,10:52:39,10.7400,90,1
2026-05-25,000001,10:52:42,10.7400,9,1
2026-05-25,000001,10:52:45,10.7400,28,1
2026-05-25,000001,10:52:51,10.7400,39,1
2026-05-25,000001,10:52:54,10.7300,36,2
2026-05-25,000001,10:52:57,10.7400,30,1
2026-05-25,000001,10:53:00,10.7400,19,1
2026-05-25,000001,10:53:03,10.7300,153,2
2026-05-25,000001,10:53:06,10.7300,17,2
2026-05-25,000001,10:53:12,10.7400,61,1
2026-05-25,000001,10:53:15,10.7400,19,1
2026-05-25,000001,10:53:21,10.7300,16,2
2026-05-25,000001,10:53:24,10.7400,19,1
2026-05-25,000001,10:53:27,10.7400,2,1
2026-05-25,000001,10:53:30,10.7400,107,1
2026-05-25,000001,10:53:33,10.7400,36,1
2026-05-25,000001,10:53:36,10.7300,21,2
2026-05-25,000001,10:53:39,10.7300,17,2
2026-05-25,000001,10:53:42,10.7400,20,1
2026-05-25,000001,10:53:45,10.7300,20,2
2026-05-25,000001,10:53:48,10.7300,44,2
2026-05-25,000001,10:53:51,10.7300,33,2
2026-05-25,000001,10:53:54,10.7400,9,1
2026-05-25,000001,10:53:57,10.7400,51,1
2026-05-25,000001,10:54:00,10.7400,34,1
2026-05-25,000001,10:54:03,10.7300,15,2
2026-05-25,000001,10:54:09,10.7400,1,1
2026-05-25,000001,10:54:12,10.7400,64,1
2026-05-25,000001,10:54:18,10.7300,70,2
2026-05-25,000001,10:54:21,10.7300,153,2
2026-05-25,000001,10:54:24,10.7400,58,1
2026-05-25,000001,10:54:27,10.7300,133,2
2026-05-25,000001,10:54:30,10.7300,20,2
2026-05-25,000001,10:54:33,10.7400,37,1
2026-05-25,000001,10:54:36,10.7400,25,1
2026-05-25,000001,10:54:39,10.7400,16,1
2026-05-25,000001,10:54:45,10.7400,163,1
2026-05-25,000001,10:54:48,10.7300,2,2
2026-05-25,000001,10:54:51,10.7400,1,1
2026-05-25,000001,10:54:54,10.7300,49,2
2026-05-25,000001,10:54:57,10.7300,60,2
2026-05-25,000001,10:55:00,10.7300,1400,2
2026-05-25,000001,10:55:03,10.7300,1180,2
2026-05-25,000001,10:55:06,10.7300,184,2
2026-05-25,000001,10:55:09,10.7400,97,1
2026-05-25,000001,10:55:12,10.7400,144,1
2026-05-25,000001,10:55:15,10.7300,49,2
2026-05-25,000001,10:55:18,10.7300,236,2
2026-05-25,000001,10:55:21,10.7400,150,1
2026-05-25,000001,10:55:24,10.7300,186,2
2026-05-25,000001,10:55:27,10.7300,143,2
2026-05-25,000001,10:55:30,10.7300,377,1
2026-05-25,000001,10:55:33,10.7300,261,1
2026-05-25,000001,10:55:36,10.7400,257,1
2026-05-25,000001,10:55:39,10.7300,194,4
2026-05-25,000001,10:55:42,10.7400,271,1
2026-05-25,000001,10:55:45,10.7300,88,2
2026-05-25,000001,10:55:48,10.7300,69,1
2026-05-25,000001,10:55:51,10.7300,290,2
2026-05-25,000001,10:55:54,10.7400,43,1
2026-05-25,000001,10:55:57,10.7300,97,2
2026-05-25,000001,10:56:00,10.7300,69,2
2026-05-25,000001,10:56:03,10.7300,102,2
2026-05-25,000001,10:56:12,10.7300,259,2
2026-05-25,000001,10:56:15,10.7300,102,1
2026-05-25,000001,10:56:18,10.7400,47,1
2026-05-25,000001,10:56:21,10.7300,84,2
2026-05-25,000001,10:56:24,10.7300,68,2
2026-05-25,000001,10:56:27,10.7300,34,2
2026-05-25,000001,10:56:30,10.7300,4,2
2026-05-25,000001,10:56:33,10.7300,81,2
2026-05-25,000001,10:56:36,10.7400,105,1
2026-05-25,000001,10:56:39,10.7300,47,4
2026-05-25,000001,10:56:42,10.7400,40,1
2026-05-25,000001,10:56:45,10.7200,8,2
2026-05-25,000001,10:56:48,10.7300,72,4
2026-05-25,000001,10:56:51,10.7300,143,1
2026-05-25,000001,10:56:54,10.7300,88,1
2026-05-25,000001,10:56:57,10.7200,149,2
2026-05-25,000001,10:57:00,10.7200,187,2
2026-05-25,000001,10:57:03,10.7300,32,1
2026-05-25,000001,10:57:06,10.7200,16,2
2026-05-25,000001,10:57:09,10.7200,161,2
2026-05-25,000001,10:57:12,10.7300,59,1
2026-05-25,000001,10:57:15,10.7200,40,2
2026-05-25,000001,10:57:18,10.7200,43,2
2026-05-25,000001,10:57:21,10.7200,21,2
2026-05-25,000001,10:57:24,10.7300,21,1
2026-05-25,000001,10:57:33,10.7300,873,1
2026-05-25,000001,10:57:42,10.7300,27,1
2026-05-25,000001,10:57:48,10.7300,14,1
2026-05-25,000001,10:57:51,10.7300,21,1
2026-05-25,000001,10:57:57,10.7300,34,1
2026-05-25,000001,10:58:00,10.7300,8,1
2026-05-25,000001,10:58:03,10.7300,16,1
2026-05-25,000001,10:58:12,10.7300,10,1
2026-05-25,000001,10:58:15,10.7200,57,2
2026-05-25,000001,10:58:18,10.7300,66,1
2026-05-25,000001,10:58:21,10.7200,114,2
2026-05-25,000001,10:58:24,10.7300,31,1
2026-05-25,000001,10:58:27,10.7300,8,1
2026-05-25,000001,10:58:30,10.7200,2019,2
2026-05-25,000001,10:58:33,10.7300,329,1
2026-05-25,000001,10:58:36,10.7200,130,2
2026-05-25,000001,10:58:39,10.7300,28,1
2026-05-25,000001,10:58:42,10.7200,36,2
2026-05-25,000001,10:58:45,10.7300,100,1
2026-05-25,000001,10:58:48,10.7300,9,1
2026-05-25,000001,10:58:54,10.7300,103,1
2026-05-25,000001,10:58:57,10.7300,24,1
2026-05-25,000001,10:59:03,10.7200,54,2
2026-05-25,000001,10:59:06,10.7300,48,1
2026-05-25,000001,10:59:09,10.7200,17,2
2026-05-25,000001,10:59:12,10.7200,65,2
2026-05-25,000001,10:59:15,10.7300,56,1
2026-05-25,000001,10:59:18,10.7300,65,1
2026-05-25,000001,10:59:21,10.7300,82,1
2026-05-25,000001,10:59:27,10.7300,135,1
2026-05-25,000001,10:59:30,10.7300,18,1
2026-05-25,000001,10:59:33,10.7300,52,1
2026-05-25,000001,10:59:36,10.7300,32,1
2026-05-25,000001,10:59:39,10.7300,59,1
2026-05-25,000001,10:59:42,10.7300,73,1
2026-05-25,000001,10:59:48,10.7200,8,2
2026-05-25,000001,10:59:51,10.7200,1,2
2026-05-25,000001,10:59:54,10.7300,134,1
2026-05-25,000001,10:59:57,10.7300,16,1
2026-05-25,000001,11:00:00,10.7200,45,2
2026-05-25,000001,11:00:03,10.7300,78,1
2026-05-25,000001,11:00:06,10.7300,768,1
2026-05-25,000001,11:00:09,10.7200,129,2
2026-05-25,000001,11:00:12,10.7300,17,1
2026-05-25,000001,11:00:15,10.7200,125,2
2026-05-25,000001,11:00:18,10.7200,32,2
2026-05-25,000001,11:00:21,10.7200,92,2
2026-05-25,000001,11:00:24,10.7200,129,2
2026-05-25,000001,11:00:27,10.7200,51,2
2026-05-25,000001,11:00:30,10.7300,19,1
2026-05-25,000001,11:00:33,10.7200,118,2
2026-05-25,000001,11:00:36,10.7300,216,1
2026-05-25,000001,11:00:39,10.7300,146,1
2026-05-25,000001,11:00:42,10.7300,109,1
2026-05-25,000001,11:00:45,10.7300,9,2
2026-05-25,000001,11:00:48,10.7300,8,2
2026-05-25,000001,11:00:51,10.7400,19,1
2026-05-25,000001,11:00:54,10.7400,95,1
2026-05-25,000001,11:00:57,10.7300,843,2
2026-05-25,000001,11:01:00,10.7400,52,1
2026-05-25,000001,11:01:03,10.7400,132,1
2026-05-25,000001,11:01:06,10.7400,8,1
2026-05-25,000001,11:01:09,10.7300,58,2
2026-05-25,000001,11:01:12,10.7300,27,2
2026-05-25,000001,11:01:15,10.7300,61,2
2026-05-25,000001,11:01:18,10.7400,10,1
2026-05-25,000001,11:01:21,10.7300,56,2
2026-05-25,000001,11:01:24,10.7300,17,2
2026-05-25,000001,11:01:27,10.7300,56,2
2026-05-25,000001,11:01:30,10.7300,32,2
2026-05-25,000001,11:01:33,10.7400,21,1
2026-05-25,000001,11:01:36,10.7300,97,2
2026-05-25,000001,11:01:39,10.7300,124,1
2026-05-25,000001,11:01:42,10.7300,52,2
2026-05-25,000001,11:01:54,10.7300,36,2
2026-05-25,000001,11:01:57,10.7400,36,1
2026-05-25,000001,11:02:00,10.7300,41,2
2026-05-25,000001,11:02:03,10.7300,27,2
2026-05-25,000001,11:02:06,10.7400,49,1
2026-05-25,000001,11:02:09,10.7300,17,2
2026-05-25,000001,11:02:12,10.7400,8,1
2026-05-25,000001,11:02:15,10.7300,16,2
2026-05-25,000001,11:02:18,10.7300,2,2
2026-05-25,000001,11:02:21,10.7400,21,1
2026-05-25,000001,11:02:27,10.7300,25,2
2026-05-25,000001,11:02:33,10.7300,156,2
2026-05-25,000001,11:02:36,10.7300,61,2
2026-05-25,000001,11:02:39,10.7300,26,2
2026-05-25,000001,11:02:45,10.7400,23,1
2026-05-25,000001,11:02:48,10.7300,16,2
2026-05-25,000001,11:02:51,10.7400,46,1
2026-05-25,000001,11:02:57,10.7300,16,2
2026-05-25,000001,11:03:00,10.7300,33,2
2026-05-25,000001,11:03:03,10.7300,21,2
2026-05-25,000001,11:03:06,10.7400,63,1
2026-05-25,000001,11:03:09,10.7300,26,2
2026-05-25,000001,11:03:12,10.7400,51,1
2026-05-25,000001,11:03:21,10.7300,102,2
2026-05-25,000001,11:03:24,10.7400,96,1
2026-05-25,000001,11:03:27,10.7300,50,2
2026-05-25,000001,11:03:30,10.7400,16,1
2026-05-25,000001,11:03:36,10.7400,46,1
2026-05-25,000001,11:03:39,10.7400,50,1
2026-05-25,000001,11:03:42,10.7400,9,1
2026-05-25,000001,11:03:45,10.7300,16,2
2026-05-25,000001,11:03:48,10.7400,25,1
2026-05-25,000001,11:03:51,10.7400,24,1
2026-05-25,000001,11:03:54,10.7300,55,2
2026-05-25,000001,11:03:57,10.7400,3,1
2026-05-25,000001,11:04:00,10.7400,1895,1
2026-05-25,000001,11:04:03,10.7400,131,1
2026-05-25,000001,11:04:06,10.7500,26,1
2026-05-25,000001,11:04:09,10.7500,7,1
2026-05-25,000001,11:04:12,10.7500,111,1
2026-05-25,000001,11:04:15,10.7400,16,2
2026-05-25,000001,11:04:18,10.7400,18,2
2026-05-25,000001,11:04:21,10.7400,54,2
2026-05-25,000001,11:04:30,10.7500,56,1
2026-05-25,000001,11:04:33,10.7500,7,1
2026-05-25,000001,11:04:36,10.7500,34,1
2026-05-25,000001,11:04:39,10.7500,3,1
2026-05-25,000001,11:04:42,10.7400,33,2
2026-05-25,000001,11:04:51,10.7400,31,2
2026-05-25,000001,11:04:54,10.7400,116,2
2026-05-25,000001,11:04:57,10.7400,24,2
2026-05-25,000001,11:05:00,10.7400,263,2
2026-05-25,000001,11:05:03,10.7400,175,2
2026-05-25,000001,11:05:06,10.7400,894,2
2026-05-25,000001,11:05:09,10.7300,166,2
2026-05-25,000001,11:05:12,10.7400,1,1
2026-05-25,000001,11:05:15,10.7400,10,1
2026-05-25,000001,11:05:18,10.7400,53,1
2026-05-25,000001,11:05:24,10.7300,58,2
2026-05-25,000001,11:05:27,10.7300,37,2
2026-05-25,000001,11:05:30,10.7300,117,2
2026-05-25,000001,11:05:33,10.7300,69,2
2026-05-25,000001,11:05:36,10.7300,26,2
2026-05-25,000001,11:05:39,10.7300,44,2
2026-05-25,000001,11:05:42,10.7300,33,2
2026-05-25,000001,11:05:45,10.7300,16,2
2026-05-25,000001,11:05:48,10.7400,79,1
2026-05-25,000001,11:05:57,10.7300,100,2
2026-05-25,000001,11:06:00,10.7300,54,2
2026-05-25,000001,11:06:03,10.7300,2,2
2026-05-25,000001,11:06:06,10.7300,218,2
2026-05-25,000001,11:06:09,10.7400,15,1
2026-05-25,000001,11:06:12,10.7400,43,1
2026-05-25,000001,11:06:15,10.7300,34,2
2026-05-25,000001,11:06:21,10.7300,25,2
2026-05-25,000001,11:06:24,10.7300,19,2
2026-05-25,000001,11:06:27,10.7300,16,2
2026-05-25,000001,11:06:30,10.7300,42,2
2026-05-25,000001,11:06:36,10.7300,36,2
2026-05-25,000001,11:06:39,10.7300,17,2
2026-05-25,000001,11:06:42,10.7300,27,2
2026-05-25,000001,11:06:45,10.7300,34,2
2026-05-25,000001,11:06:48,10.7300,47,2
2026-05-25,000001,11:06:51,10.7400,30,1
2026-05-25,000001,11:06:54,10.7300,5,2
2026-05-25,000001,11:06:57,10.7300,17,2
2026-05-25,000001,11:07:00,10.7300,19,2
2026-05-25,000001,11:07:03,10.7300,18,2
2026-05-25,000001,11:07:09,10.7400,38,1
2026-05-25,000001,11:07:12,10.7300,17,2
2026-05-25,000001,11:07:15,10.7400,6,1
2026-05-25,000001,11:07:18,10.7300,10,2
2026-05-25,000001,11:07:21,10.7300,41,2
2026-05-25,000001,11:07:30,10.7400,501,1
2026-05-25,000001,11:07:33,10.7300,22,2
2026-05-25,000001,11:07:36,10.7400,22,1
2026-05-25,000001,11:07:39,10.7300,57,2
2026-05-25,000001,11:07:42,10.7300,17,2
2026-05-25,000001,11:07:48,10.7400,14,1
2026-05-25,000001,11:07:54,10.7400,23,1
2026-05-25,000001,11:07:57,10.7300,33,2
2026-05-25,000001,11:08:00,10.7400,31,1
2026-05-25,000001,11:08:03,10.7300,32,2
2026-05-25,000001,11:08:09,10.7300,52,2
2026-05-25,000001,11:08:12,10.7300,54,2
2026-05-25,000001,11:08:15,10.7400,3,1
2026-05-25,000001,11:08:18,10.7300,60,2
2026-05-25,000001,11:08:21,10.7300,63,2
2026-05-25,000001,11:08:24,10.7300,49,2
2026-05-25,000001,11:08:27,10.7400,11,1
2026-05-25,000001,11:08:30,10.7300,153,2
2026-05-25,000001,11:08:39,10.7400,95,1
2026-05-25,000001,11:08:42,10.7400,26,1
2026-05-25,000001,11:08:45,10.7300,64,2
2026-05-25,000001,11:08:48,10.7300,70,2
2026-05-25,000001,11:08:51,10.7400,53,1
2026-05-25,000001,11:08:54,10.7400,34,1
2026-05-25,000001,11:08:57,10.7300,103,2
2026-05-25,000001,11:09:03,10.7400,49,1
2026-05-25,000001,11:09:06,10.7300,26,2
2026-05-25,000001,11:09:09,10.7300,9,2
2026-05-25,000001,11:09:15,10.7300,23,2
2026-05-25,000001,11:09:21,10.7300,25,2
2026-05-25,000001,11:09:24,10.7300,12,2
2026-05-25,000001,11:09:27,10.7300,22,2
2026-05-25,000001,11:09:30,10.7300,20,2
2026-05-25,000001,11:09:33,10.7400,36,1
2026-05-25,000001,11:09:36,10.7400,24,1
2026-05-25,000001,11:09:39,10.7400,11,1
2026-05-25,000001,11:09:42,10.7300,9,2
2026-05-25,000001,11:09:45,10.7400,15,1
2026-05-25,000001,11:09:48,10.7400,44,1
2026-05-25,000001,11:09:51,10.7400,173,1
2026-05-25,000001,11:09:54,10.7400,2,1
2026-05-25,000001,11:09:57,10.7400,2,1
2026-05-25,000001,11:10:00,10.7300,34,2
2026-05-25,000001,11:10:03,10.7300,90,2
2026-05-25,000001,11:10:06,10.7400,64,1
2026-05-25,000001,11:10:09,10.7300,112,2
2026-05-25,000001,11:10:12,10.7300,59,2
2026-05-25,000001,11:10:15,10.7400,35,1
2026-05-25,000001,11:10:18,10.7400,28,1
2026-05-25,000001,11:10:21,10.7400,138,1
2026-05-25,000001,11:10:24,10.7400,12,1
2026-05-25,000001,11:10:27,10.7300,32,2
2026-05-25,000001,11:10:30,10.7300,47,2
2026-05-25,000001,11:10:33,10.7300,16,2
2026-05-25,000001,11:10:36,10.7400,14,1
2026-05-25,000001,11:10:39,10.7400,8,1
2026-05-25,000001,11:10:42,10.7300,32,2
2026-05-25,000001,11:10:45,10.7400,34,1
2026-05-25,000001,11:10:48,10.7300,40,2
2026-05-25,000001,11:10:51,10.7400,14,1
2026-05-25,000001,11:10:54,10.7300,33,2
2026-05-25,000001,11:10:57,10.7400,20,1
2026-05-25,000001,11:11:03,10.7400,34,1
2026-05-25,000001,11:11:12,10.7400,4,1
2026-05-25,000001,11:11:18,10.7300,19,2
2026-05-25,000001,11:11:21,10.7400,1,1
2026-05-25,000001,11:11:24,10.7300,60,2
2026-05-25,000001,11:11:27,10.7300,71,2
2026-05-25,000001,11:11:30,10.7400,13,1
2026-05-25,000001,11:11:33,10.7300,39,2
2026-05-25,000001,11:11:36,10.7300,17,2
2026-05-25,000001,11:11:39,10.7300,62,2
2026-05-25,000001,11:11:42,10.7300,124,2
2026-05-25,000001,11:11:48,10.7300,5,2
2026-05-25,000001,11:11:51,10.7300,88,2
2026-05-25,000001,11:11:54,10.7300,16,2
2026-05-25,000001,11:11:57,10.7300,39,2
2026-05-25,000001,11:12:00,10.7300,2,2
2026-05-25,000001,11:12:03,10.7300,2,2
2026-05-25,000001,11:12:06,10.7300,3,2
2026-05-25,000001,11:12:09,10.7400,11,1
2026-05-25,000001,11:12:12,10.7400,36,1
2026-05-25,000001,11:12:15,10.7400,4,1
2026-05-25,000001,11:12:18,10.7300,250,2
2026-05-25,000001,11:12:21,10.7300,32,2
2026-05-25,000001,11:12:24,10.7300,37,2
2026-05-25,000001,11:12:27,10.7300,45,2
2026-05-25,000001,11:12:30,10.7400,2,1
2026-05-25,000001,11:12:33,10.7400,2,1
2026-05-25,000001,11:12:36,10.7400,3,1
2026-05-25,000001,11:12:39,10.7300,34,2
2026-05-25,000001,11:12:42,10.7300,67,2
2026-05-25,000001,11:12:45,10.7300,76,2
2026-05-25,000001,11:12:48,10.7300,40,2
2026-05-25,000001,11:12:51,10.7300,78,2
2026-05-25,000001,11:12:54,10.7400,15,1
2026-05-25,000001,11:12:57,10.7300,521,2
2026-05-25,000001,11:13:00,10.7400,28,1
2026-05-25,000001,11:13:03,10.7300,32,2
2026-05-25,000001,11:13:06,10.7400,127,1
2026-05-25,000001,11:13:09,10.7300,10,2
2026-05-25,000001,11:13:18,10.7300,34,2
2026-05-25,000001,11:13:21,10.7400,12,1
2026-05-25,000001,11:13:24,10.7300,86,2
2026-05-25,000001,11:13:30,10.7300,2,2
2026-05-25,000001,11:13:33,10.7300,16,2
2026-05-25,000001,11:13:36,10.7400,3,1
2026-05-25,000001,11:13:39,10.7400,2,1
2026-05-25,000001,11:13:42,10.7300,525,2
2026-05-25,000001,11:13:45,10.7300,58,2
2026-05-25,000001,11:13:48,10.7400,95,1
2026-05-25,000001,11:13:51,10.7300,18,2
2026-05-25,000001,11:13:54,10.7300,36,2
2026-05-25,000001,11:13:57,10.7300,169,2
2026-05-25,000001,11:14:00,10.7300,113,2
2026-05-25,000001,11:14:03,10.7300,62,2
