date,code,time,price,volume,bs
2026-01-21,600036,14:07:06,38.5300,136,1
2026-01-21,600036,14:07:09,38.5300,374,1
2026-01-21,600036,14:07:12,38.5300,177,1
2026-01-21,600036,14:07:15,38.5300,255,1
2026-01-21,600036,14:07:18,38.5300,193,1
2026-01-21,600036,14:07:21,38.5300,83,1
2026-01-21,600036,14:07:25,38.5300,65,1
2026-01-21,600036,14:07:27,38.5300,52,1
2026-01-21,600036,14:07:30,38.5300,36,1
2026-01-21,600036,14:07:33,38.5300,76,1
2026-01-21,600036,14:07:37,38.5300,345,1
2026-01-21,600036,14:07:39,38.5300,153,1
2026-01-21,600036,14:07:43,38.5300,905,1
2026-01-21,600036,14:07:45,38.5300,60,1
2026-01-21,600036,14:07:48,38.5300,91,1
2026-01-21,600036,14:07:52,38.5200,1188,2
2026-01-21,600036,14:07:54,38.5100,4228,2
2026-01-21,600036,14:07:57,38.5100,659,2
2026-01-21,600036,14:08:00,38.5100,1109,2
2026-01-21,600036,14:08:04,38.5200,567,1
2026-01-21,600036,14:08:06,38.5200,376,1
2026-01-21,600036,14:08:10,38.5200,729,1
2026-01-21,600036,14:08:12,38.5200,433,1
2026-01-21,600036,14:08:16,38.5100,128,2
2026-01-21,600036,14:08:18,38.5200,202,1
2026-01-21,600036,14:08:22,38.5200,366,1
2026-01-21,600036,14:08:25,38.5100,206,2
2026-01-21,600036,14:08:27,38.5200,112,1
2026-01-21,600036,14:08:30,38.5200,88,1
2026-01-21,600036,14:08:33,38.5200,45,1
2026-01-21,600036,14:08:36,38.5200,25,1
2026-01-21,600036,14:08:39,38.5200,334,1
2026-01-21,600036,14:08:42,38.5200,215,1
2026-01-21,600036,14:08:45,38.5200,113,1
2026-01-21,600036,14:08:48,38.5200,66,1
2026-01-21,600036,14:08:51,38.5100,83,2
2026-01-21,600036,14:08:55,38.5100,77,2
2026-01-21,600036,14:08:58,38.5200,110,1
2026-01-21,600036,14:09:01,38.5100,1125,2
2026-01-21,600036,14:09:03,38.5100,755,2
2026-01-21,600036,14:09:06,38.5100,2730,2
2026-01-21,600036,14:09:10,38.5100,1430,2
2026-01-21,600036,14:09:13,38.5000,3730,2
2026-01-21,600036,14:09:15,38.5000,693,2
2026-01-21,600036,14:09:18,38.5000,348,2
2026-01-21,600036,14:09:22,38.5000,1614,2
2026-01-21,600036,14:09:25,38.5100,86,1
2026-01-21,600036,14:09:27,38.5100,157,1
2026-01-21,600036,14:09:30,38.5100,59,1
2026-01-21,600036,14:09:33,38.5100,128,1
2026-01-21,600036,14:09:37,38.5100,167,1
2026-01-21,600036,14:09:39,38.5100,268,1
2026-01-21,600036,14:09:42,38.5100,205,1
2026-01-21,600036,14:09:45,38.5000,382,2
2026-01-21,600036,14:09:48,38.5100,202,1
2026-01-21,600036,14:09:52,38.5000,75,2
2026-01-21,600036,14:09:55,38.5000,254,2
2026-01-21,600036,14:09:57,38.5100,257,1
2026-01-21,600036,14:10:00,38.5100,1312,1
2026-01-21,600036,14:10:04,38.5000,256,2
2026-01-21,600036,14:10:06,38.5100,103,1
2026-01-21,600036,14:10:09,38.5000,317,2
2026-01-21,600036,14:10:12,38.5000,239,2
2026-01-21,600036,14:10:15,38.5100,213,1
2026-01-21,600036,14:10:19,38.5000,55,2
2026-01-21,600036,14:10:22,38.5000,308,2
2026-01-21,600036,14:10:25,38.5000,107,2
2026-01-21,600036,14:10:27,38.5100,180,1
2026-01-21,600036,14:10:31,38.5100,64,1
2026-01-21,600036,14:10:33,38.5100,184,1
2026-01-21,600036,14:10:36,38.5100,102,2
2026-01-21,600036,14:10:39,38.5100,22,2
2026-01-21,600036,14:10:42,38.5100,68,2
2026-01-21,600036,14:10:46,38.5100,87,2
2026-01-21,600036,14:10:48,38.5200,69,1
2026-01-21,600036,14:10:51,38.5100,877,2
2026-01-21,600036,14:10:54,38.5200,346,1
2026-01-21,600036,14:10:57,38.5100,186,2
2026-01-21,600036,14:11:00,38.5000,645,2
2026-01-21,600036,14:11:03,38.5100,1188,1
2026-01-21,600036,14:11:06,38.5100,776,1
2026-01-21,600036,14:11:10,38.5100,150,1
2026-01-21,600036,14:11:12,38.5100,46,1
2026-01-21,600036,14:11:15,38.5000,175,2
2026-01-21,600036,14:11:18,38.5000,242,2
2026-01-21,600036,14:11:22,38.5000,220,2
2026-01-21,600036,14:11:25,38.5100,196,1
2026-01-21,600036,14:11:28,38.5100,154,1
2026-01-21,600036,14:11:31,38.5100,243,1
2026-01-21,600036,14:11:33,38.5000,1472,2
2026-01-21,600036,14:11:36,38.5000,4753,2
2026-01-21,600036,14:11:39,38.5000,927,2
2026-01-21,600036,14:11:43,38.5000,859,2
2026-01-21,600036,14:11:45,38.5000,277,2
2026-01-21,600036,14:11:49,38.5000,181,2
2026-01-21,600036,14:11:51,38.5000,1787,2
2026-01-21,600036,14:11:55,38.5100,173,1
2026-01-21,600036,14:11:57,38.5000,312,2
2026-01-21,600036,14:12:00,38.5100,591,1
2026-01-21,600036,14:12:03,38.5100,190,1
2026-01-21,600036,14:12:07,38.5000,369,2
2026-01-21,600036,14:12:10,38.5100,105,4
2026-01-21,600036,14:12:12,38.5000,187,2
2026-01-21,600036,14:12:15,38.5000,91,2
2026-01-21,600036,14:12:19,38.5100,106,1
2026-01-21,600036,14:12:21,38.5100,142,1
2026-01-21,600036,14:12:24,38.5100,41,4
2026-01-21,600036,14:12:27,38.5100,146,1
2026-01-21,600036,14:12:30,38.5100,1623,1
2026-01-21,600036,14:12:34,38.5000,395,2
2026-01-21,600036,14:12:36,38.5100,139,1
2026-01-21,600036,14:12:39,38.5100,80,1
2026-01-21,600036,14:12:42,38.5000,201,2
2026-01-21,600036,14:12:45,38.5000,159,2
2026-01-21,600036,14:12:49,38.5100,93,1
2026-01-21,600036,14:12:51,38.5000,381,2
2026-01-21,600036,14:12:55,38.5000,2479,2
2026-01-21,600036,14:12:58,38.4900,10863,2
2026-01-21,600036,14:13:00,38.4900,2101,2
2026-01-21,600036,14:13:03,38.4900,460,2
2026-01-21,600036,14:13:06,38.4900,161,2
2026-01-21,600036,14:13:09,38.4900,257,2
2026-01-21,600036,14:13:12,38.4800,470,2
2026-01-21,600036,14:13:15,38.4800,1044,2
2026-01-21,600036,14:13:18,38.5000,271,1
2026-01-21,600036,14:13:21,38.4900,48,2
2026-01-21,600036,14:13:24,38.4900,431,2
2026-01-21,600036,14:13:28,38.4900,200,2
2026-01-21,600036,14:13:30,38.4900,188,2
2026-01-21,600036,14:13:33,38.4900,278,2
2026-01-21,600036,14:13:36,38.4900,323,2
2026-01-21,600036,14:13:40,38.4900,237,1
2026-01-21,600036,14:13:42,38.4900,544,1
2026-01-21,600036,14:13:45,38.4900,378,1
2026-01-21,600036,14:13:49,38.4900,222,1
2026-01-21,600036,14:13:52,38.4900,739,1
2026-01-21,600036,14:13:54,38.4900,372,1
2026-01-21,600036,14:13:57,38.4800,266,2
2026-01-21,600036,14:14:00,38.4800,932,2
2026-01-21,600036,14:14:03,38.4900,449,1
2026-01-21,600036,14:14:06,38.4800,308,2
2026-01-21,600036,14:14:10,38.4900,321,1
2026-01-21,600036,14:14:12,38.4800,283,2
2026-01-21,600036,14:14:16,38.5000,390,1
2026-01-21,600036,14:14:18,38.4900,203,2
2026-01-21,600036,14:14:21,38.4900,168,2
2026-01-21,600036,14:14:25,38.5000,201,1
2026-01-21,600036,14:14:28,38.4900,126,4
2026-01-21,600036,14:14:30,38.4800,213,2
2026-01-21,600036,14:14:33,38.4800,219,2
2026-01-21,600036,14:14:36,38.4800,1450,2
2026-01-21,600036,14:14:39,38.4800,387,2
2026-01-21,600036,14:14:43,38.4800,1094,2
2026-01-21,600036,14:14:45,38.4800,431,2
2026-01-21,600036,14:14:48,38.4900,291,1
2026-01-21,600036,14:14:51,38.4800,447,2
2026-01-21,600036,14:14:54,38.4800,273,2
2026-01-21,600036,14:14:57,38.4800,185,2
2026-01-21,600036,14:15:01,38.4800,918,2
2026-01-21,600036,14:15:03,38.4800,471,2
2026-01-21,600036,14:15:06,38.4700,364,2
2026-01-21,600036,14:15:10,38.4700,278,2
2026-01-21,600036,14:15:12,38.4800,333,1
2026-01-21,600036,14:15:15,38.4800,209,1
2026-01-21,600036,14:15:18,38.4800,285,1
2026-01-21,600036,14:15:21,38.4800,143,1
2026-01-21,600036,14:15:24,38.4900,376,1
2026-01-21,600036,14:15:27,38.4800,142,2
2026-01-21,600036,14:15:30,38.4900,160,1
2026-01-21,600036,14:15:33,38.4900,36,1
2026-01-21,600036,14:15:36,38.4900,80,2
2026-01-21,600036,14:15:39,38.5000,96,1
2026-01-21,600036,14:15:43,38.5000,144,1
2026-01-21,600036,14:15:46,38.4900,131,2
2026-01-21,600036,14:15:48,38.5000,51,1
2026-01-21,600036,14:15:51,38.5000,63,1
2026-01-21,600036,14:15:54,38.4800,292,2
2026-01-21,600036,14:15:57,38.4900,541,4
2026-01-21,600036,14:16:00,38.4800,908,2
2026-01-21,600036,14:16:03,38.4700,715,2
2026-01-21,600036,14:16:06,38.4800,225,1
2026-01-21,600036,14:16:09,38.4800,88,1
2026-01-21,600036,14:16:12,38.4800,212,1
2026-01-21,600036,14:16:16,38.4600,277,2
2026-01-21,600036,14:16:18,38.4800,134,1
2026-01-21,600036,14:16:22,38.4800,11,1
2026-01-21,600036,14:16:25,38.4600,459,2
2026-01-21,600036,14:16:27,38.4700,157,4
2026-01-21,600036,14:16:30,38.4600,237,2
2026-01-21,600036,14:16:33,38.4800,77,1
2026-01-21,600036,14:16:36,38.4800,9,2
2026-01-21,600036,14:16:39,38.4900,240,1
2026-01-21,600036,14:16:43,38.4900,268,1
2026-01-21,600036,14:16:45,38.4900,41,1
2026-01-21,600036,14:16:48,38.4900,218,2
2026-01-21,600036,14:16:51,38.4900,295,1
2026-01-21,600036,14:16:55,38.4900,38,1
2026-01-21,600036,14:16:57,38.4900,18,2
2026-01-21,600036,14:17:00,38.5000,145,1
2026-01-21,600036,14:17:03,38.4900,276,2
2026-01-21,600036,14:17:06,38.5000,80,1
2026-01-21,600036,14:17:09,38.4900,289,2
2026-01-21,600036,14:17:12,38.4900,127,2
2026-01-21,600036,14:17:16,38.4900,8,1
2026-01-21,600036,14:17:19,38.5000,258,1
2026-01-21,600036,14:17:21,38.5000,22,1
2026-01-21,600036,14:17:24,38.4900,208,2
2026-01-21,600036,14:17:27,38.4900,23,1
2026-01-21,600036,14:17:30,38.4800,237,2
2026-01-21,600036,14:17:33,38.4900,8,1
2026-01-21,600036,14:17:36,38.4900,19,1
2026-01-21,600036,14:17:40,38.4900,57,1
2026-01-21,600036,14:17:42,38.4900,237,2
2026-01-21,600036,14:17:45,38.4900,27,1
2026-01-21,600036,14:17:49,38.4900,36,2
2026-01-21,600036,14:17:52,38.4900,79,2
2026-01-21,600036,14:17:55,38.4700,450,2
2026-01-21,600036,14:17:57,38.4600,351,2
2026-01-21,600036,14:18:00,38.4700,85,4
2026-01-21,600036,14:18:04,38.4700,353,1
2026-01-21,600036,14:18:06,38.4700,224,1
2026-01-21,600036,14:18:09,38.4700,305,2
2026-01-21,600036,14:18:12,38.4600,367,2
2026-01-21,600036,14:18:16,38.4700,260,1
2026-01-21,600036,14:18:18,38.4700,320,1
2026-01-21,600036,14:18:22,38.4700,282,1
2026-01-21,600036,14:18:24,38.4700,1145,1
2026-01-21,600036,14:18:27,38.4600,588,2
2026-01-21,600036,14:18:31,38.4600,515,2
2026-01-21,600036,14:18:33,38.4600,415,1
2026-01-21,600036,14:18:37,38.4500,394,2
2026-01-21,600036,14:18:39,38.4600,329,1
2026-01-21,600036,14:18:42,38.4600,263,1
2026-01-21,600036,14:18:45,38.4600,320,1
2026-01-21,600036,14:18:49,38.4500,1156,2
2026-01-21,600036,14:18:51,38.4600,758,1
2026-01-21,600036,14:18:54,38.4600,492,1
2026-01-21,600036,14:18:57,38.4500,522,2
2026-01-21,600036,14:19:01,38.4500,706,2
2026-01-21,600036,14:19:03,38.4500,574,2
2026-01-21,600036,14:19:07,38.4400,555,2
2026-01-21,600036,14:19:10,38.4300,583,2
2026-01-21,600036,14:19:12,38.4300,346,2
2026-01-21,600036,14:19:15,38.4300,458,2
2026-01-21,600036,14:19:18,38.4300,280,2
2026-01-21,600036,14:19:22,38.4300,466,2
2026-01-21,600036,14:19:24,38.4300,578,1
2026-01-21,600036,14:19:28,38.4200,683,2
2026-01-21,600036,14:19:30,38.4200,1036,2
2026-01-21,600036,14:19:33,38.4200,293,1
2026-01-21,600036,14:19:37,38.4200,569,1
2026-01-21,600036,14:19:39,38.4100,275,2
2026-01-21,600036,14:19:42,38.4200,364,1
2026-01-21,600036,14:19:46,38.4200,358,2
2026-01-21,600036,14:19:48,38.4300,289,1
2026-01-21,600036,14:19:51,38.4200,538,4
2026-01-21,600036,14:19:54,38.4100,244,2
2026-01-21,600036,14:19:58,38.4100,390,2
2026-01-21,600036,14:20:00,38.4100,494,2
2026-01-21,600036,14:20:03,38.4300,124,1
2026-01-21,600036,14:20:06,38.4200,360,2
2026-01-21,600036,14:20:09,38.4100,529,2
2026-01-21,600036,14:20:12,38.4200,684,1
2026-01-21,600036,14:20:16,38.4100,481,2
2026-01-21,600036,14:20:18,38.4200,465,1
2026-01-21,600036,14:20:21,38.4100,415,2
2026-01-21,600036,14:20:24,38.4100,186,2
2026-01-21,600036,14:20:28,38.4200,504,1
2026-01-21,600036,14:20:31,38.4100,292,2
2026-01-21,600036,14:20:33,38.4300,343,1
2026-01-21,600036,14:20:36,38.4100,198,2
2026-01-21,600036,14:20:40,38.4000,326,2
2026-01-21,600036,14:20:43,38.4000,580,2
2026-01-21,600036,14:20:46,38.4000,261,2
2026-01-21,600036,14:20:49,38.4300,427,1
2026-01-21,600036,14:20:51,38.4000,311,2
2026-01-21,600036,14:20:55,38.4100,178,1
2026-01-21,600036,14:20:57,38.4000,396,2
2026-01-21,600036,14:21:00,38.4000,284,2
2026-01-21,600036,14:21:03,38.4000,397,2
2026-01-21,600036,14:21:06,38.4100,494,1
2026-01-21,600036,14:21:09,38.4100,731,1
2026-01-21,600036,14:21:13,38.4100,1440,1
2026-01-21,600036,14:21:15,38.4000,422,2
2026-01-21,600036,14:21:18,38.4100,654,1
2026-01-21,600036,14:21:21,38.4000,382,2
2026-01-21,600036,14:21:25,38.4100,412,1
2026-01-21,600036,14:21:27,38.4100,654,1
2026-01-21,600036,14:21:30,38.4000,347,2
2026-01-21,600036,14:21:33,38.4200,510,1
2026-01-21,600036,14:21:36,38.4000,486,2
2026-01-21,600036,14:21:39,38.4100,283,2
2026-01-21,600036,14:21:42,38.4000,552,2
2026-01-21,600036,14:21:45,38.4000,372,2
2026-01-21,600036,14:21:49,38.4100,952,1
2026-01-21,600036,14:21:52,38.4000,545,2
2026-01-21,600036,14:21:54,38.4000,628,2
2026-01-21,600036,14:21:58,38.4000,428,2
2026-01-21,600036,14:22:01,38.4000,645,2
2026-01-21,600036,14:22:03,38.4000,367,1
2026-01-21,600036,14:22:06,38.4000,646,1
2026-01-21,600036,14:22:10,38.3800,445,2
2026-01-21,600036,14:22:12,38.4100,178,1
2026-01-21,600036,14:22:16,38.4100,294,1
2026-01-21,600036,14:22:19,38.4300,462,1
2026-01-21,600036,14:22:21,38.4300,62,1
2026-01-21,600036,14:22:25,38.4300,44,1
2026-01-21,600036,14:22:28,38.4300,156,1
2026-01-21,600036,14:22:31,38.4100,325,2
2026-01-21,600036,14:22:33,38.4300,170,2
2026-01-21,600036,14:22:36,38.4400,123,2
2026-01-21,600036,14:22:40,38.4300,116,2
2026-01-21,600036,14:22:43,38.4400,146,4
2026-01-21,600036,14:22:45,38.4000,664,2
2026-01-21,600036,14:22:48,38.4100,888,1
2026-01-21,600036,14:22:51,38.4100,133,2
2026-01-21,600036,14:22:55,38.4200,84,1
2026-01-21,600036,14:22:57,38.4100,109,2
2026-01-21,600036,14:23:00,38.4200,343,1
2026-01-21,600036,14:23:03,38.4100,299,4
2026-01-21,600036,14:23:07,38.4000,115,2
2026-01-21,600036,14:23:09,38.4100,97,4
2026-01-21,600036,14:23:13,38.4100,135,1
2026-01-21,600036,14:23:15,38.4000,405,2
2026-01-21,600036,14:23:18,38.4100,160,1
2026-01-21,600036,14:23:21,38.4100,110,1
2026-01-21,600036,14:23:24,38.4100,83,1
2026-01-21,600036,14:23:27,38.4100,289,1
2026-01-21,600036,14:23:30,38.4000,258,2
2026-01-21,600036,14:23:33,38.4100,187,1
2026-01-21,600036,14:23:36,38.4000,89,2
2026-01-21,600036,14:23:39,38.4100,175,2
2026-01-21,600036,14:23:43,38.4100,164,1
2026-01-21,600036,14:23:46,38.4200,40,1
2026-01-21,600036,14:23:48,38.4200,150,1
2026-01-21,600036,14:23:52,38.4100,133,2
2026-01-21,600036,14:23:54,38.4200,65,2
2026-01-21,600036,14:23:58,38.4200,44,4
2026-01-21,600036,14:24:01,38.4000,316,2
2026-01-21,600036,14:24:03,38.4100,169,2
2026-01-21,600036,14:24:07,38.3900,1076,2
2026-01-21,600036,14:24:09,38.4000,794,1
2026-01-21,600036,14:24:13,38.3900,545,2
2026-01-21,600036,14:24:16,38.3900,243,2
2026-01-21,600036,14:24:18,38.4000,33,1
2026-01-21,600036,14:24:21,38.4000,60,1
2026-01-21,600036,14:24:25,38.4000,481,1
2026-01-21,600036,14:24:27,38.3900,243,2
2026-01-21,600036,14:24:30,38.3800,152,2
2026-01-21,600036,14:24:34,38.3800,229,2
2026-01-21,600036,14:24:37,38.3800,287,2
2026-01-21,600036,14:24:40,38.3800,302,2
2026-01-21,600036,14:24:42,38.3800,389,2
2026-01-21,600036,14:24:46,38.3800,565,2
2026-01-21,600036,14:24:49,38.3800,1046,2
2026-01-21,600036,14:24:51,38.3900,899,1
2026-01-21,600036,14:24:54,38.3800,1436,2
2026-01-21,600036,14:24:57,38.3900,567,1
2026-01-21,600036,14:25:00,38.3700,562,2
2026-01-21,600036,14:25:03,38.3700,1384,2
2026-01-21,600036,14:25:06,38.3800,967,1
2026-01-21,600036,14:25:10,38.3600,233,2
2026-01-21,600036,14:25:12,38.3600,465,1
2026-01-21,600036,14:25:15,38.3600,311,2
2026-01-21,600036,14:25:18,38.3600,644,1
2026-01-21,600036,14:25:22,38.3500,628,2
2026-01-21,600036,14:25:25,38.3600,881,1
2026-01-21,600036,14:25:27,38.3600,384,2
2026-01-21,600036,14:25:31,38.3700,376,1
2026-01-21,600036,14:25:34,38.3600,674,2
2026-01-21,600036,14:25:36,38.3500,382,2
2026-01-21,600036,14:25:39,38.3500,592,1
2026-01-21,600036,14:25:42,38.3400,559,2
2026-01-21,600036,14:25:46,38.3400,646,1
2026-01-21,600036,14:25:48,38.3100,736,2
2026-01-21,600036,14:25:51,38.3200,584,2
2026-01-21,600036,14:25:55,38.3200,460,2
2026-01-21,600036,14:25:57,38.3100,736,2
2026-01-21,600036,14:26:00,38.3200,422,2
2026-01-21,600036,14:26:03,38.3400,429,1
2026-01-21,600036,14:26:07,38.3200,510,2
2026-01-21,600036,14:26:10,38.3100,635,2
2026-01-21,600036,14:26:13,38.3200,503,1
2026-01-21,600036,14:26:15,38.3200,836,1
2026-01-21,600036,14:26:19,38.3100,455,2
2026-01-21,600036,14:26:21,38.3200,672,2
2026-01-21,600036,14:26:25,38.3200,275,2
2026-01-21,600036,14:26:27,38.3500,370,1
2026-01-21,600036,14:26:30,38.3100,353,2
2026-01-21,600036,14:26:33,38.3200,219,2
2026-01-21,600036,14:26:36,38.3300,257,1
2026-01-21,600036,14:26:40,38.3100,572,2
2026-01-21,600036,14:26:43,38.3100,305,2
2026-01-21,600036,14:26:45,38.3000,1064,2
2026-01-21,600036,14:26:48,38.3200,610,1
2026-01-21,600036,14:26:51,38.3000,509,2
2026-01-21,600036,14:26:54,38.3200,291,1
2026-01-21,600036,14:26:57,38.3000,313,2
2026-01-21,600036,14:27:00,38.3200,499,1
2026-01-21,600036,14:27:03,38.3200,478,2
2026-01-21,600036,14:27:06,38.3300,59,2
2026-01-21,600036,14:27:09,38.3100,498,2
2026-01-21,600036,14:27:12,38.3300,371,1
2026-01-21,600036,14:27:15,38.3400,371,1
2026-01-21,600036,14:27:18,38.3400,158,1
2026-01-21,600036,14:27:21,38.3200,1236,2
2026-01-21,600036,14:27:24,38.3100,633,2
2026-01-21,600036,14:27:27,38.3000,992,2
2026-01-21,600036,14:27:30,38.3100,771,2
2026-01-21,600036,14:27:33,38.3000,332,2
2026-01-21,600036,14:27:36,38.3200,401,1
2026-01-21,600036,14:27:39,38.3100,425,2
2026-01-21,600036,14:27:42,38.3100,621,2
2026-01-21,600036,14:27:46,38.3200,774,1
2026-01-21,600036,14:27:48,38.3100,728,4
2026-01-21,600036,14:27:51,38.3100,515,1
2026-01-21,600036,14:27:54,38.3000,694,2
2026-01-21,600036,14:27:57,38.3000,445,2
2026-01-21,600036,14:28:00,38.3000,1096,2
2026-01-21,600036,14:28:03,38.3100,385,4
2026-01-21,600036,14:28:06,38.3000,869,2
2026-01-21,600036,14:28:09,38.3000,1222,2
2026-01-21,600036,14:28:12,38.3100,646,4
2026-01-21,600036,14:28:16,38.3000,189,2
2026-01-21,600036,14:28:19,38.3100,433,2
2026-01-21,600036,14:28:21,38.3100,258,2
2026-01-21,600036,14:28:24,38.3100,479,1
2026-01-21,600036,14:28:27,38.3000,368,2
2026-01-21,600036,14:28:30,38.3000,638,2
2026-01-21,600036,14:28:33,38.3000,806,2
2026-01-21,600036,14:28:36,38.3100,549,1
2026-01-21,600036,14:28:39,38.3000,703,2
2026-01-21,600036,14:28:42,38.3000,301,2
2026-01-21,600036,14:28:45,38.3100,686,1
2026-01-21,600036,14:28:48,38.2900,390,2
2026-01-21,600036,14:28:52,38.3000,483,1
2026-01-21,600036,14:28:54,38.3000,391,2
2026-01-21,600036,14:28:57,38.3100,323,1
2026-01-21,600036,14:29:01,38.3100,442,1
2026-01-21,600036,14:29:03,38.3100,431,2
2026-01-21,600036,14:29:06,38.3100,176,2
2026-01-21,600036,14:29:09,38.3200,72,1
2026-01-21,600036,14:29:13,38.3100,470,2
2026-01-21,600036,14:29:16,38.3200,386,1
2026-01-21,600036,14:29:18,38.3000,181,2
2026-01-21,600036,14:29:21,38.3000,400,2
2026-01-21,600036,14:29:24,38.2900,367,2
2026-01-21,600036,14:29:27,38.3000,315,1
2026-01-21,600036,14:29:30,38.2900,241,2
2026-01-21,600036,14:29:33,38.3000,212,1
2026-01-21,600036,14:29:36,38.3000,119,1
2026-01-21,600036,14:29:39,38.3000,191,1
2026-01-21,600036,14:29:42,38.2900,103,2
2026-01-21,600036,14:29:46,38.2900,160,2
2026-01-21,600036,14:29:49,38.2900,231,2
2026-01-21,600036,14:29:51,38.2900,336,2
2026-01-21,600036,14:29:54,38.2900,79,2
2026-01-21,600036,14:29:57,38.3000,218,1
2026-01-21,600036,14:30:01,38.2900,259,2
2026-01-21,600036,14:30:03,38.3000,507,1
2026-01-21,600036,14:30:07,38.3000,488,2
2026-01-21,600036,14:30:09,38.3000,70,2
2026-01-21,600036,14:30:12,38.3000,206,2
2026-01-21,600036,14:30:16,38.3100,487,1
2026-01-21,600036,14:30:18,38.3100,258,1
2026-01-21,600036,14:30:21,38.3100,108,1
2026-01-21,600036,14:30:24,38.3100,238,1
2026-01-21,600036,14:30:27,38.3100,776,1
2026-01-21,600036,14:30:31,38.3000,496,2
2026-01-21,600036,14:30:34,38.2900,1275,2
2026-01-21,600036,14:30:36,38.2900,1167,2
2026-01-21,600036,14:30:40,38.2800,486,2
2026-01-21,600036,14:30:42,38.2900,397,1
2026-01-21,600036,14:30:45,38.2900,268,1
2026-01-21,600036,14:30:48,38.2900,310,1
2026-01-21,600036,14:30:52,38.3000,132,1
2026-01-21,600036,14:30:54,38.2900,168,2
2026-01-21,600036,14:30:58,38.2900,336,2
2026-01-21,600036,14:31:01,38.3000,139,1
2026-01-21,600036,14:31:03,38.3000,61,1
2026-01-21,600036,14:31:06,38.3000,147,1
2026-01-21,600036,14:31:10,38.3000,96,1
2026-01-21,600036,14:31:12,38.3000,379,1
2026-01-21,600036,14:31:16,38.2900,566,2
2026-01-21,600036,14:31:18,38.3000,579,1
2026-01-21,600036,14:31:21,38.3000,189,1
2026-01-21,600036,14:31:25,38.3000,298,1
2026-01-21,600036,14:31:27,38.3000,146,1
2026-01-21,600036,14:31:30,38.3000,119,1
2026-01-21,600036,14:31:34,38.3000,61,1
2026-01-21,600036,14:31:36,38.3000,118,1
2026-01-21,600036,14:31:40,38.2900,230,2
2026-01-21,600036,14:31:43,38.3000,94,1
2026-01-21,600036,14:31:46,38.3000,415,1
2026-01-21,600036,14:31:48,38.2800,931,2
2026-01-21,600036,14:31:51,38.2800,875,2
2026-01-21,600036,14:31:54,38.3000,939,1
2026-01-21,600036,14:31:57,38.2900,201,2
2026-01-21,600036,14:32:01,38.2900,360,2
2026-01-21,600036,14:32:04,38.2900,333,2
2026-01-21,600036,14:32:06,38.3000,113,1
2026-01-21,600036,14:32:10,38.2900,218,2
2026-01-21,600036,14:32:12,38.3000,331,1
2026-01-21,600036,14:32:16,38.3000,157,1
2026-01-21,600036,14:32:18,38.2900,547,2
2026-01-21,600036,14:32:21,38.2900,1112,2
2026-01-21,600036,14:32:25,38.3000,416,1
2026-01-21,600036,14:32:28,38.2900,495,2
2026-01-21,600036,14:32:31,38.2800,415,2
2026-01-21,600036,14:32:33,38.3000,424,1
2026-01-21,600036,14:32:36,38.2900,736,4
2026-01-21,600036,14:32:39,38.2900,284,1
2026-01-21,600036,14:32:42,38.2800,498,2
2026-01-21,600036,14:32:45,38.2900,407,1
2026-01-21,600036,14:32:49,38.2900,254,1
2026-01-21,600036,14:32:51,38.2900,302,1
2026-01-21,600036,14:32:54,38.2900,196,1
2026-01-21,600036,14:32:57,38.2900,243,2
2026-01-21,600036,14:33:00,38.2900,1297,1
2026-01-21,600036,14:33:03,38.2900,240,1
2026-01-21,600036,14:33:06,38.2800,612,2
2026-01-21,600036,14:33:09,38.2700,231,2
2026-01-21,600036,14:33:12,38.2700,380,2
2026-01-21,600036,14:33:15,38.2700,821,2
2026-01-21,600036,14:33:18,38.2700,636,1
2026-01-21,600036,14:33:21,38.2700,481,1
2026-01-21,600036,14:33:24,38.2700,494,1
2026-01-21,600036,14:33:27,38.2700,457,2
2026-01-21,600036,14:33:30,38.2700,91,2
2026-01-21,600036,14:33:33,38.2700,276,2
2026-01-21,600036,14:33:36,38.2800,452,1
2026-01-21,600036,14:33:40,38.2700,281,1
2026-01-21,600036,14:33:42,38.2800,128,1
2026-01-21,600036,14:33:45,38.2800,291,1
2026-01-21,600036,14:33:48,38.2800,369,1
2026-01-21,600036,14:33:52,38.2900,425,1
2026-01-21,600036,14:33:54,38.2800,1236,2
2026-01-21,600036,14:33:57,38.2900,86,1
2026-01-21,600036,14:34:00,38.2800,671,2
2026-01-21,600036,14:34:03,38.2800,349,1
2026-01-21,600036,14:34:06,38.2800,460,1
2026-01-21,600036,14:34:09,38.2800,278,1
2026-01-21,600036,14:34:12,38.2700,238,2
2026-01-21,600036,14:34:15,38.2800,450,1
2026-01-21,600036,14:34:18,38.2900,2115,1
2026-01-21,600036,14:34:21,38.2900,7574,1
2026-01-21,600036,14:34:25,38.3000,151,4
2026-01-21,600036,14:34:28,38.3000,102,2
2026-01-21,600036,14:34:31,38.3000,189,1
2026-01-21,600036,14:34:33,38.2900,190,2
2026-01-21,600036,14:34:36,38.2800,548,2
2026-01-21,600036,14:34:40,38.2900,338,1
2026-01-21,600036,14:34:42,38.2900,214,1
2026-01-21,600036,14:34:45,38.2900,371,1
2026-01-21,600036,14:34:49,38.2900,342,1
2026-01-21,600036,14:34:52,38.2900,473,1
2026-01-21,600036,14:34:55,38.2800,509,2
2026-01-21,600036,14:34:57,38.2900,376,1
2026-01-21,600036,14:35:01,38.2700,131,2
2026-01-21,600036,14:35:04,38.2900,179,1
2026-01-21,600036,14:35:07,38.2900,159,1
2026-01-21,600036,14:35:09,38.2800,466,2
2026-01-21,600036,14:35:12,38.2700,317,2
2026-01-21,600036,14:35:15,38.2700,677,2
2026-01-21,600036,14:35:18,38.2800,581,1
2026-01-21,600036,14:35:21,38.2800,407,1
2026-01-21,600036,14:35:24,38.2800,579,1
2026-01-21,600036,14:35:27,38.2800,73,1
2026-01-21,600036,14:35:31,38.2800,121,1
2026-01-21,600036,14:35:33,38.2800,632,1
2026-01-21,600036,14:35:36,38.2800,270,1
2026-01-21,600036,14:35:39,38.2800,256,1
2026-01-21,600036,14:35:42,38.2800,445,1
2026-01-21,600036,14:35:46,38.2700,318,2
2026-01-21,600036,14:35:48,38.2800,40,2
2026-01-21,600036,14:35:51,38.2800,223,2
2026-01-21,600036,14:35:54,38.2900,529,1
2026-01-21,600036,14:35:57,38.2800,84,2
2026-01-21,600036,14:36:00,38.2900,211,1
2026-01-21,600036,14:36:04,38.2900,411,1
2026-01-21,600036,14:36:06,38.2900,137,1
2026-01-21,600036,14:36:09,38.2900,231,1
2026-01-21,600036,14:36:12,38.2900,122,1
2026-01-21,600036,14:36:16,38.2900,303,1
2026-01-21,600036,14:36:19,38.2800,673,2
2026-01-21,600036,14:36:21,38.2800,150,1
2026-01-21,600036,14:36:25,38.2700,497,2
2026-01-21,600036,14:36:28,38.2800,186,1
2026-01-21,600036,14:36:30,38.2800,91,1
2026-01-21,600036,14:36:33,38.2800,161,1
2026-01-21,600036,14:36:36,38.2800,167,1
2026-01-21,600036,14:36:40,38.2700,379,2
2026-01-21,600036,14:36:42,38.2800,338,1
2026-01-21,600036,14:36:46,38.2800,300,1
2026-01-21,600036,14:36:48,38.2600,4969,2
2026-01-21,600036,14:36:51,38.2600,1179,1
2026-01-21,600036,14:36:54,38.2800,903,1
2026-01-21,600036,14:36:57,38.2600,292,2
2026-01-21,600036,14:37:01,38.2700,243,1
2026-01-21,600036,14:37:03,38.2600,127,2
2026-01-21,600036,14:37:06,38.2700,178,1
2026-01-21,600036,14:37:09,38.2700,265,1
2026-01-21,600036,14:37:12,38.2800,194,1
2026-01-21,600036,14:37:15,38.2900,541,1
2026-01-21,600036,14:37:18,38.2900,707,1
2026-01-21,600036,14:37:21,38.2800,122,2
2026-01-21,600036,14:37:24,38.3000,119,1
2026-01-21,600036,14:37:27,38.2900,55,2
2026-01-21,600036,14:37:30,38.3000,75,1
2026-01-21,600036,14:37:33,38.2800,502,2
2026-01-21,600036,14:37:37,38.2800,370,2
2026-01-21,600036,14:37:39,38.2800,495,1
2026-01-21,600036,14:37:42,38.2800,430,1
2026-01-21,600036,14:37:45,38.2700,377,4
2026-01-21,600036,14:37:48,38.2600,220,2
2026-01-21,600036,14:37:52,38.2700,141,1
2026-01-21,600036,14:37:54,38.2600,197,2
2026-01-21,600036,14:37:57,38.2800,187,1
2026-01-21,600036,14:38:00,38.2800,542,1
2026-01-21,600036,14:38:03,38.2800,260,1
2026-01-21,600036,14:38:06,38.2700,593,2
2026-01-21,600036,14:38:10,38.2700,532,2
2026-01-21,600036,14:38:12,38.2700,643,2
2026-01-21,600036,14:38:16,38.2700,522,1
2026-01-21,600036,14:38:18,38.2700,156,1
2026-01-21,600036,14:38:21,38.2600,232,2
2026-01-21,600036,14:38:24,38.2700,298,1
2026-01-21,600036,14:38:27,38.2600,271,2
2026-01-21,600036,14:38:31,38.2800,129,1
2026-01-21,600036,14:38:34,38.2700,85,2
2026-01-21,600036,14:38:37,38.2700,636,2
2026-01-21,600036,14:38:39,38.2800,185,1
2026-01-21,600036,14:38:43,38.2800,238,1
2026-01-21,600036,14:38:45,38.2700,203,2
2026-01-21,600036,14:38:48,38.2700,587,2
2026-01-21,600036,14:38:51,38.2700,580,2
2026-01-21,600036,14:38:55,38.2700,809,1
2026-01-21,600036,14:38:57,38.2700,526,1
2026-01-21,600036,14:39:00,38.2600,493,2
2026-01-21,600036,14:39:03,38.2500,847,2
2026-01-21,600036,14:39:06,38.2600,451,1
2026-01-21,600036,14:39:09,38.2500,479,2
2026-01-21,600036,14:39:12,38.2600,549,1
2026-01-21,600036,14:39:15,38.2500,328,2
2026-01-21,600036,14:39:18,38.2600,357,2
2026-01-21,600036,14:39:21,38.2500,310,2
2026-01-21,600036,14:39:25,38.2600,242,1
2026-01-21,600036,14:39:27,38.2600,695,1
2026-01-21,600036,14:39:31,38.2600,646,1
2026-01-21,600036,14:39:34,38.2600,438,1
2026-01-21,600036,14:39:37,38.2600,657,1
2026-01-21,600036,14:39:39,38.2600,197,1
2026-01-21,600036,14:39:42,38.2600,514,1
2026-01-21,600036,14:39:46,38.2600,720,2
2026-01-21,600036,14:39:48,38.2700,1146,1
2026-01-21,600036,14:39:52,38.2700,1429,1
2026-01-21,600036,14:39:54,38.2700,418,1
2026-01-21,600036,14:39:58,38.2500,765,2
2026-01-21,600036,14:40:00,38.2600,1010,1
2026-01-21,600036,14:40:03,38.2400,538,2
2026-01-21,600036,14:40:06,38.2400,784,1
2026-01-21,600036,14:40:09,38.2300,834,2
2026-01-21,600036,14:40:13,38.2500,428,1
2026-01-21,600036,14:40:15,38.2300,684,2
2026-01-21,600036,14:40:19,38.2300,745,1
2026-01-21,600036,14:40:21,38.2200,728,2
2026-01-21,600036,14:40:24,38.2300,505,1
2026-01-21,600036,14:40:28,38.2200,790,2
2026-01-21,600036,14:40:30,38.2200,372,2
2026-01-21,600036,14:40:34,38.2200,496,2
2026-01-21,600036,14:40:37,38.2100,776,2
2026-01-21,600036,14:40:40,38.2200,631,1
2026-01-21,600036,14:40:42,38.2100,647,2
2026-01-21,600036,14:40:45,38.2100,592,2
2026-01-21,600036,14:40:48,38.2200,656,1
2026-01-21,600036,14:40:51,38.2300,345,1
2026-01-21,600036,14:40:54,38.2100,349,2
2026-01-21,600036,14:40:58,38.2100,386,2
2026-01-21,600036,14:41:00,38.2100,383,2
2026-01-21,600036,14:41:03,38.2100,518,1
2026-01-21,600036,14:41:06,38.2200,559,1
2026-01-21,600036,14:41:10,38.2300,550,1
2026-01-21,600036,14:41:12,38.2300,415,1
2026-01-21,600036,14:41:15,38.2400,275,1
2026-01-21,600036,14:41:18,38.2400,205,1
2026-01-21,600036,14:41:21,38.2400,211,1
2026-01-21,600036,14:41:24,38.2400,121,2
2026-01-21,600036,14:41:27,38.2400,539,2
2026-01-21,600036,14:41:30,38.2400,305,1
2026-01-21,600036,14:41:33,38.2200,387,2
2026-01-21,600036,14:41:37,38.2200,321,2
2026-01-21,600036,14:41:39,38.2200,654,2
2026-01-21,600036,14:41:42,38.2100,688,2
2026-01-21,600036,14:41:46,38.2200,575,1
2026-01-21,600036,14:41:49,38.2100,439,2
2026-01-21,600036,14:41:51,38.2300,731,1
2026-01-21,600036,14:41:54,38.2200,333,2
2026-01-21,600036,14:41:57,38.2200,159,1
2026-01-21,600036,14:42:00,38.2200,294,1
2026-01-21,600036,14:42:03,38.2200,365,2
2026-01-21,600036,14:42:06,38.2300,271,1
2026-01-21,600036,14:42:10,38.2200,642,2
2026-01-21,600036,14:42:12,38.2100,342,2
2026-01-21,600036,14:42:15,38.2200,855,1
2026-01-21,600036,14:42:18,38.2100,242,2
2026-01-21,600036,14:42:21,38.2200,248,1
2026-01-21,600036,14:42:24,38.2200,655,1
2026-01-21,600036,14:42:28,38.2200,522,1
2026-01-21,600036,14:42:30,38.2000,5698,2
2026-01-21,600036,14:42:34,38.2400,996,1
2026-01-21,600036,14:42:36,38.2500,825,1
2026-01-21,600036,14:42:40,38.2400,329,2
2026-01-21,600036,14:42:42,38.2500,87,2
2026-01-21,600036,14:42:46,38.2500,239,2
2026-01-21,600036,14:42:48,38.2500,101,1
2026-01-21,600036,14:42:51,38.2300,309,2
2026-01-21,600036,14:42:55,38.2400,534,2
2026-01-21,600036,14:42:57,38.2400,494,1
2026-01-21,600036,14:43:01,38.2400,218,2
2026-01-21,600036,14:43:03,38.2400,284,1
2026-01-21,600036,14:43:06,38.2400,879,1
2026-01-21,600036,14:43:09,38.2400,552,1
2026-01-21,600036,14:43:12,38.2200,435,2
2026-01-21,600036,14:43:16,38.2400,423,1
2026-01-21,600036,14:43:18,38.2300,244,2
2026-01-21,600036,14:43:21,38.2300,768,2
2026-01-21,600036,14:43:24,38.2200,593,2
2026-01-21,600036,14:43:28,38.2200,578,2
2026-01-21,600036,14:43:30,38.2100,823,2
2026-01-21,600036,14:43:34,38.2200,786,1
2026-01-21,600036,14:43:37,38.2000,472,2
2026-01-21,600036,14:43:39,38.2100,592,2
2026-01-21,600036,14:43:42,38.2000,1260,2
2026-01-21,600036,14:43:45,38.2100,719,1
2026-01-21,600036,14:43:49,38.2100,565,1
2026-01-21,600036,14:43:51,38.2000,491,2
2026-01-21,600036,14:43:54,38.2000,469,2
2026-01-21,600036,14:43:57,38.2100,411,1
2026-01-21,600036,14:44:01,38.2000,1112,2
2026-01-21,600036,14:44:04,38.2000,536,1
2026-01-21,600036,14:44:06,38.1800,918,2
2026-01-21,600036,14:44:09,38.1800,761,2
2026-01-21,600036,14:44:12,38.1900,765,1
2026-01-21,600036,14:44:15,38.1900,207,2
2026-01-21,600036,14:44:18,38.1900,717,1
2026-01-21,600036,14:44:21,38.1900,831,2
2026-01-21,600036,14:44:24,38.1900,569,2
2026-01-21,600036,14:44:27,38.1900,781,2
2026-01-21,600036,14:44:31,38.1900,514,1
2026-01-21,600036,14:44:33,38.1900,387,1
2026-01-21,600036,14:44:36,38.1800,505,2
2026-01-21,600036,14:44:39,38.1800,352,2
2026-01-21,600036,14:44:42,38.1800,916,2
2026-01-21,600036,14:44:45,38.2000,292,4
2026-01-21,600036,14:44:48,38.1900,203,2
2026-01-21,600036,14:44:51,38.2000,210,4
2026-01-21,600036,14:44:54,38.2100,228,1
2026-01-21,600036,14:44:57,38.2100,1039,1
2026-01-21,600036,14:45:01,38.2100,440,1
2026-01-21,600036,14:45:04,38.2100,494,1
2026-01-21,600036,14:45:06,38.2100,367,1
2026-01-21,600036,14:45:10,38.2000,373,2
2026-01-21,600036,14:45:12,38.2300,221,1
2026-01-21,600036,14:45:15,38.2000,374,2
2026-01-21,600036,14:45:19,38.2200,200,1
2026-01-21,600036,14:45:21,38.2300,409,1
2026-01-21,600036,14:45:25,38.2600,310,1
2026-01-21,600036,14:45:27,38.2300,400,2
2026-01-21,600036,14:45:30,38.2400,242,4
2026-01-21,600036,14:45:33,38.2400,294,1
2026-01-21,600036,14:45:36,38.2300,662,2
2026-01-21,600036,14:45:39,38.2300,514,1
2026-01-21,600036,14:45:43,38.2300,343,1
2026-01-21,600036,14:45:45,38.2100,751,2
2026-01-21,600036,14:45:48,38.2300,364,1
2026-01-21,600036,14:45:51,38.2300,317,1
2026-01-21,600036,14:45:55,38.2300,377,1
2026-01-21,600036,14:45:57,38.2400,1073,1
2026-01-21,600036,14:46:01,38.2400,234,2
2026-01-21,600036,14:46:04,38.2400,491,1
2026-01-21,600036,14:46:06,38.2400,677,1
2026-01-21,600036,14:46:09,38.2300,439,2
2026-01-21,600036,14:46:12,38.2200,374,2
2026-01-21,600036,14:46:15,38.2300,306,1
2026-01-21,600036,14:46:19,38.2200,203,2
2026-01-21,600036,14:46:22,38.2300,310,1
2026-01-21,600036,14:46:25,38.2300,597,1
2026-01-21,600036,14:46:27,38.2300,330,1
2026-01-21,600036,14:46:30,38.2300,96,1
2026-01-21,600036,14:46:34,38.2200,878,2
2026-01-21,600036,14:46:36,38.2400,533,1
2026-01-21,600036,14:46:39,38.2400,318,1
2026-01-21,600036,14:46:42,38.2600,572,1
2026-01-21,600036,14:46:45,38.2700,491,1
2026-01-21,600036,14:46:48,38.2900,772,1
2026-01-21,600036,14:46:51,38.2900,536,1
2026-01-21,600036,14:46:55,38.2900,165,1
2026-01-21,600036,14:46:57,38.2900,203,1
2026-01-21,600036,14:47:00,38.2900,444,1
2026-01-21,600036,14:47:03,38.3000,350,1
2026-01-21,600036,14:47:07,38.3000,91,1
2026-01-21,600036,14:47:09,38.3100,376,1
2026-01-21,600036,14:47:12,38.3300,123,1
2026-01-21,600036,14:47:15,38.3300,949,1
2026-01-21,600036,14:47:18,38.3300,266,1
2026-01-21,600036,14:47:21,38.3400,216,1
2026-01-21,600036,14:47:24,38.3600,255,1
2026-01-21,600036,14:47:27,38.3600,74,1
2026-01-21,600036,14:47:30,38.3700,345,1
2026-01-21,600036,14:47:33,38.3400,1014,2
2026-01-21,600036,14:47:37,38.3600,342,1
2026-01-21,600036,14:47:39,38.3600,872,2
2026-01-21,600036,14:47:43,38.3300,461,2
2026-01-21,600036,14:47:45,38.3300,811,2
2026-01-21,600036,14:47:48,38.3300,645,2
2026-01-21,600036,14:47:51,38.3300,267,1
2026-01-21,600036,14:47:55,38.3300,519,1
2026-01-21,600036,14:47:57,38.3300,418,1
2026-01-21,600036,14:48:01,38.3200,571,2
2026-01-21,600036,14:48:03,38.3000,517,2
2026-01-21,600036,14:48:06,38.3200,402,1
2026-01-21,600036,14:48:10,38.3200,325,1
2026-01-21,600036,14:48:13,38.3000,753,2
2026-01-21,600036,14:48:16,38.2800,618,2
2026-01-21,600036,14:48:18,38.3000,688,2
2026-01-21,600036,14:48:21,38.3000,548,2
2026-01-21,600036,14:48:24,38.3000,594,1
2026-01-21,600036,14:48:28,38.2700,835,2
2026-01-21,600036,14:48:30,38.2800,1495,2
2026-01-21,600036,14:48:33,38.2800,684,1
2026-01-21,600036,14:48:36,38.2800,773,1
2026-01-21,600036,14:48:39,38.2600,485,2
2026-01-21,600036,14:48:42,38.2700,581,2
2026-01-21,600036,14:48:45,38.2700,339,1
2026-01-21,600036,14:48:49,38.2700,938,1
2026-01-21,600036,14:48:51,38.2700,952,1
2026-01-21,600036,14:48:54,38.2700,523,1
2026-01-21,600036,14:48:57,38.2700,857,1
2026-01-21,600036,14:49:01,38.2700,638,1
2026-01-21,600036,14:49:04,38.2700,739,1
2026-01-21,600036,14:49:07,38.2700,491,1
2026-01-21,600036,14:49:09,38.2900,454,1
2026-01-21,600036,14:49:12,38.2700,685,2
2026-01-21,600036,14:49:16,38.2700,607,2
2026-01-21,600036,14:49:18,38.2800,740,4
2026-01-21,600036,14:49:21,38.2800,739,1
2026-01-21,600036,14:49:24,38.3000,959,1
2026-01-21,600036,14:49:27,38.3000,1241,2
2026-01-21,600036,14:49:30,38.2900,594,2
2026-01-21,600036,14:49:33,38.3000,258,2
2026-01-21,600036,14:49:37,38.3000,1045,2
2026-01-21,600036,14:49:40,38.3000,641,2
2026-01-21,600036,14:49:43,38.2500,523,2
2026-01-21,600036,14:49:45,38.2700,486,1
2026-01-21,600036,14:49:48,38.2500,982,2
2026-01-21,600036,14:49:51,38.3000,639,1
2026-01-21,600036,14:49:55,38.2500,407,2
2026-01-21,600036,14:49:57,38.2700,165,2
2026-01-21,600036,14:50:00,38.2500,621,2
2026-01-21,600036,14:50:03,38.2500,310,2
2026-01-21,600036,14:50:06,38.2600,563,2
2026-01-21,600036,14:50:09,38.2500,539,2
2026-01-21,600036,14:50:12,38.2600,241,4
2026-01-21,600036,14:50:16,38.2600,485,2
2026-01-21,600036,14:50:18,38.2600,348,2
2026-01-21,600036,14:50:21,38.2600,552,1
2026-01-21,600036,14:50:25,38.2400,350,2
2026-01-21,600036,14:50:27,38.2300,830,2
2026-01-21,600036,14:50:30,38.2200,347,2
2026-01-21,600036,14:50:33,38.2500,855,2
2026-01-21,600036,14:50:36,38.2500,691,1
2026-01-21,600036,14:50:39,38.2500,501,1
2026-01-21,600036,14:50:42,38.2100,602,2
2026-01-21,600036,14:50:45,38.2100,542,2
2026-01-21,600036,14:50:48,38.2300,778,1
2026-01-21,600036,14:50:51,38.2100,675,2
2026-01-21,600036,14:50:55,38.2300,627,1
2026-01-21,600036,14:50:57,38.2100,391,2
2026-01-21,600036,14:51:01,38.2100,697,2
2026-01-21,600036,14:51:03,38.2200,347,1
2026-01-21,600036,14:51:07,38.2100,671,2
2026-01-21,600036,14:51:09,38.2100,639,2
2026-01-21,600036,14:51:12,38.2100,596,2
2026-01-21,600036,14:51:15,38.2100,759,2
2026-01-21,600036,14:51:18,38.2000,548,2
2026-01-21,600036,14:51:22,38.2100,535,1
2026-01-21,600036,14:51:25,38.2000,594,2
2026-01-21,600036,14:51:27,38.2100,733,2
2026-01-21,600036,14:51:30,38.2100,571,2
2026-01-21,600036,14:51:33,38.2100,656,4
2026-01-21,600036,14:51:37,38.2000,561,2
2026-01-21,600036,14:51:40,38.2100,353,2
2026-01-21,600036,14:51:42,38.2300,860,1
2026-01-21,600036,14:51:46,38.2300,425,1
2026-01-21,600036,14:51:48,38.2000,669,2
2026-01-21,600036,14:51:51,38.2000,654,2
2026-01-21,600036,14:51:55,38.2200,877,1
2026-01-21,600036,14:51:58,38.2100,436,4
2026-01-21,600036,14:52:01,38.2000,749,2
2026-01-21,600036,14:52:03,38.2100,630,1
2026-01-21,600036,14:52:06,38.2100,720,1
2026-01-21,600036,14:52:09,38.2100,513,1
2026-01-21,600036,14:52:13,38.2000,684,2
2026-01-21,600036,14:52:15,38.2100,819,4
2026-01-21,600036,14:52:19,38.2000,677,2
2026-01-21,600036,14:52:21,38.2000,879,2
2026-01-21,600036,14:52:24,38.2200,437,1
2026-01-21,600036,14:52:27,38.2000,518,2
2026-01-21,600036,14:52:31,38.2100,745,1
2026-01-21,600036,14:52:33,38.2200,919,1
2026-01-21,600036,14:52:37,38.2200,607,1
2026-01-21,600036,14:52:39,38.2200,843,1
2026-01-21,600036,14:52:42,38.2100,732,2
2026-01-21,600036,14:52:45,38.2000,513,2
2026-01-21,600036,14:52:48,38.2000,445,2
2026-01-21,600036,14:52:51,38.2000,582,2
2026-01-21,600036,14:52:54,38.2100,669,1
2026-01-21,600036,14:52:57,38.2100,496,2
2026-01-21,600036,14:53:01,38.2000,907,2
2026-01-21,600036,14:53:03,38.1900,797,2
2026-01-21,600036,14:53:06,38.2100,488,2
2026-01-21,600036,14:53:09,38.2100,698,2
2026-01-21,600036,14:53:12,38.2100,444,1
2026-01-21,600036,14:53:15,38.2000,986,2
2026-01-21,600036,14:53:18,38.2000,484,1
2026-01-21,600036,14:53:21,38.2000,1446,1
2026-01-21,600036,14:53:24,38.2000,679,2
2026-01-21,600036,14:53:27,38.2000,834,2
2026-01-21,600036,14:53:30,38.2000,466,2
2026-01-21,600036,14:53:34,38.2000,956,2
2026-01-21,600036,14:53:36,38.2000,585,2
2026-01-21,600036,14:53:39,38.2000,647,2
2026-01-21,600036,14:53:42,38.2000,937,2
2026-01-21,600036,14:53:45,38.2100,458,4
2026-01-21,600036,14:53:48,38.2000,580,2
2026-01-21,600036,14:53:51,38.2100,770,1
2026-01-21,600036,14:53:54,38.2000,707,2
2026-01-21,600036,14:53:57,38.2000,360,2
2026-01-21,600036,14:54:00,38.2100,771,1
2026-01-21,600036,14:54:04,38.2100,486,2
2026-01-21,600036,14:54:07,38.2000,399,2
2026-01-21,600036,14:54:09,38.2100,343,1
2026-01-21,600036,14:54:12,38.2000,395,2
2026-01-21,600036,14:54:15,38.2000,614,2
2026-01-21,600036,14:54:18,38.2100,497,4
2026-01-21,600036,14:54:21,38.2000,629,2
2026-01-21,600036,14:54:24,38.2000,1098,2
2026-01-21,600036,14:54:27,38.1900,1282,2
2026-01-21,600036,14:54:30,38.1900,768,2
2026-01-21,600036,14:54:33,38.2100,1147,1
2026-01-21,600036,14:54:36,38.2000,442,2
2026-01-21,600036,14:54:40,38.2200,754,1
2026-01-21,600036,14:54:43,38.2100,320,2
2026-01-21,600036,14:54:46,38.2000,428,2
2026-01-21,600036,14:54:48,38.2200,225,1
2026-01-21,600036,14:54:51,38.2100,230,2
2026-01-21,600036,14:54:54,38.2100,332,1
2026-01-21,600036,14:54:58,38.2000,164,2
2026-01-21,600036,14:55:00,38.2100,327,1
2026-01-21,600036,14:55:03,38.2100,122,1
2026-01-21,600036,14:55:06,38.2200,630,1
2026-01-21,600036,14:55:09,38.2100,273,2
2026-01-21,600036,14:55:12,38.2200,972,4
2026-01-21,600036,14:55:15,38.2300,123,1
2026-01-21,600036,14:55:18,38.2200,152,2
2026-01-21,600036,14:55:21,38.2200,129,1
2026-01-21,600036,14:55:24,38.2400,184,1
2026-01-21,600036,14:55:27,38.2200,296,2
2026-01-21,600036,14:55:30,38.2300,154,1
2026-01-21,600036,14:55:33,38.2300,406,1
2026-01-21,600036,14:55:36,38.2200,249,2
2026-01-21,600036,14:55:39,38.2300,357,1
2026-01-21,600036,14:55:43,38.2300,641,1
2026-01-21,600036,14:55:45,38.2300,200,2
2026-01-21,600036,14:55:48,38.2100,316,2
2026-01-21,600036,14:55:51,38.2400,273,1
2026-01-21,600036,14:55:55,38.2300,233,2
2026-01-21,600036,14:55:57,38.2200,209,2
2026-01-21,600036,14:56:01,38.2400,191,1
2026-01-21,600036,14:56:04,38.2300,714,2
2026-01-21,600036,14:56:06,38.2200,367,2
2026-01-21,600036,14:56:09,38.2500,492,1
2026-01-21,600036,14:56:12,38.2400,137,2
2026-01-21,600036,14:56:16,38.2600,315,1
2026-01-21,600036,14:56:19,38.2400,357,2
2026-01-21,600036,14:56:21,38.2300,406,2
2026-01-21,600036,14:56:24,38.2300,199,2
2026-01-21,600036,14:56:27,38.2600,161,1
2026-01-21,600036,14:56:30,38.2300,348,2
2026-01-21,600036,14:56:33,38.2400,167,4
2026-01-21,600036,14:56:36,38.2300,410,2
2026-01-21,600036,14:56:39,38.2400,260,4
2026-01-21,600036,14:56:42,38.2500,152,1
2026-01-21,600036,14:56:45,38.2300,324,2
2026-01-21,600036,14:56:48,38.2500,99,1
2026-01-21,600036,14:56:52,38.2500,63,1
2026-01-21,600036,14:56:54,38.2400,181,2
2026-01-21,600036,14:56:57,38.2400,342,2
2026-01-21,600036,14:57:00,38.2600,5,2
2026-01-21,600036,15:00:02,38.2400,19144,4
2026-01-21,600036,13:17:00,38.5800,207,4
2026-01-21,600036,13:17:03,38.5700,192,2
2026-01-21,600036,13:17:07,38.5800,384,1
2026-01-21,600036,13:17:10,38.5800,57,2
2026-01-21,600036,13:17:12,38.5900,230,1
2026-01-21,600036,13:17:16,38.5700,222,2
2026-01-21,600036,13:17:18,38.5800,134,4
2026-01-21,600036,13:17:21,38.5700,177,2
2026-01-21,600036,13:17:25,38.5700,377,2
2026-01-21,600036,13:17:27,38.5700,797,2
2026-01-21,600036,13:17:30,38.5800,542,1
2026-01-21,600036,13:17:33,38.5800,194,1
2026-01-21,600036,13:17:36,38.5700,255,2
2026-01-21,600036,13:17:39,38.5700,170,1
2026-01-21,600036,13:17:42,38.5700,141,1
2026-01-21,600036,13:17:45,38.5700,77,1
2026-01-21,600036,13:17:48,38.5700,146,1
2026-01-21,600036,13:17:51,38.5700,202,1
2026-01-21,600036,13:17:54,38.5600,173,2
2026-01-21,600036,13:17:57,38.5600,326,2
2026-01-21,600036,13:18:00,38.5700,305,1
2026-01-21,600036,13:18:03,38.5600,141,2
2026-01-21,600036,13:18:06,38.5600,26,2
2026-01-21,600036,13:18:09,38.5600,283,2
2026-01-21,600036,13:18:12,38.5700,104,4
2026-01-21,600036,13:18:15,38.5700,853,2
2026-01-21,600036,13:18:18,38.5700,184,2
2026-01-21,600036,13:18:22,38.5600,44,2
2026-01-21,600036,13:18:24,38.5700,158,1
2026-01-21,600036,13:18:27,38.5700,16,2
2026-01-21,600036,13:18:31,38.5700,9,2
2026-01-21,600036,13:18:33,38.5700,211,2
2026-01-21,600036,13:18:36,38.5800,281,1
2026-01-21,600036,13:18:39,38.5600,150,2
2026-01-21,600036,13:18:42,38.5700,58,1
2026-01-21,600036,13:18:45,38.5800,69,4
2026-01-21,600036,13:18:48,38.5800,66,2
2026-01-21,600036,13:18:51,38.5800,54,2
2026-01-21,600036,13:18:54,38.5700,99,2
2026-01-21,600036,13:18:57,38.5900,10,1
2026-01-21,600036,13:19:01,38.5700,34,2
2026-01-21,600036,13:19:03,38.5900,22,1
2026-01-21,600036,13:19:06,38.5900,111,1
2026-01-21,600036,13:19:09,38.5900,38,1
2026-01-21,600036,13:19:12,38.5700,141,2
2026-01-21,600036,13:19:15,38.5900,35,1
2026-01-21,600036,13:19:19,38.5800,75,4
2026-01-21,600036,13:19:22,38.5900,179,1
2026-01-21,600036,13:19:25,38.5900,35,1
2026-01-21,600036,13:19:27,38.5800,57,2
2026-01-21,600036,13:19:30,38.5800,42,2
2026-01-21,600036,13:19:33,38.5700,57,2
2026-01-21,600036,13:19:37,38.5800,123,4
2026-01-21,600036,13:19:39,38.5900,113,1
2026-01-21,600036,13:19:42,38.5900,46,1
2026-01-21,600036,13:19:45,38.5800,19,2
2026-01-21,600036,13:19:49,38.5900,47,1
2026-01-21,600036,13:19:51,38.5900,26,1
2026-01-21,600036,13:19:54,38.5900,46,1
2026-01-21,600036,13:19:58,38.5900,40,1
2026-01-21,600036,13:20:01,38.5900,115,1
2026-01-21,600036,13:20:04,38.5900,188,1
2026-01-21,600036,13:20:07,38.6000,57,1
2026-01-21,600036,13:20:10,38.6000,11,1
2026-01-21,600036,13:20:13,38.6000,134,1
2026-01-21,600036,13:20:15,38.6000,27,1
2026-01-21,600036,13:20:18,38.6000,47,1
2026-01-21,600036,13:20:21,38.6000,258,1
2026-01-21,600036,13:20:24,38.6000,74,1
2026-01-21,600036,13:20:27,38.5900,202,2
2026-01-21,600036,13:20:30,38.6000,113,1
2026-01-21,600036,13:20:33,38.5900,72,2
2026-01-21,600036,13:20:36,38.6000,47,1
2026-01-21,600036,13:20:40,38.6000,148,1
2026-01-21,600036,13:20:42,38.6000,45,1
2026-01-21,600036,13:20:45,38.6000,49,1
2026-01-21,600036,13:20:49,38.6000,53,1
2026-01-21,600036,13:20:51,38.6000,149,1
2026-01-21,600036,13:20:55,38.6000,107,1
2026-01-21,600036,13:20:57,38.6000,63,1
2026-01-21,600036,13:21:00,38.6000,68,1
2026-01-21,600036,13:21:04,38.6000,194,1
2026-01-21,600036,13:21:06,38.6000,3,2
2026-01-21,600036,13:21:09,38.6100,22,1
2026-01-21,600036,13:21:13,38.6000,278,2
2026-01-21,600036,13:21:15,38.5900,183,2
2026-01-21,600036,13:21:18,38.5900,182,2
2026-01-21,600036,13:21:21,38.5900,73,1
2026-01-21,600036,13:21:24,38.5900,19,1
2026-01-21,600036,13:21:28,38.5900,3,2
2026-01-21,600036,13:21:30,38.6000,42,1
2026-01-21,600036,13:21:33,38.6000,50,1
2026-01-21,600036,13:21:37,38.6000,36,1
2026-01-21,600036,13:21:39,38.6100,34,1
2026-01-21,600036,13:21:42,38.6000,57,2
2026-01-21,600036,13:21:45,38.6000,13,2
2026-01-21,600036,13:21:48,38.6000,8,2
2026-01-21,600036,13:21:51,38.6100,11,1
2026-01-21,600036,13:21:54,38.6100,45,1
2026-01-21,600036,13:21:58,38.6100,47,1
2026-01-21,600036,13:22:00,38.6100,47,1
2026-01-21,600036,13:22:03,38.6100,223,1
2026-01-21,600036,13:22:06,38.6100,37,1
2026-01-21,600036,13:22:09,38.6100,63,1
2026-01-21,600036,13:22:13,38.6100,148,1
2026-01-21,600036,13:22:16,38.6300,339,1
2026-01-21,600036,13:22:18,38.6100,51,2
2026-01-21,600036,13:22:21,38.6200,33,1
2026-01-21,600036,13:22:25,38.6200,139,1
2026-01-21,600036,13:22:28,38.6200,14,1
2026-01-21,600036,13:22:31,38.6200,22,1
2026-01-21,600036,13:22:33,38.6200,27,1
2026-01-21,600036,13:22:36,38.6200,99,4
2026-01-21,600036,13:22:40,38.6200,110,4
2026-01-21,600036,13:22:42,38.6200,29,1
2026-01-21,600036,13:22:46,38.6200,232,2
2026-01-21,600036,13:22:48,38.6200,70,1
2026-01-21,600036,13:22:51,38.6200,45,1
2026-01-21,600036,13:22:55,38.6200,63,1
2026-01-21,600036,13:22:57,38.6200,25,1
2026-01-21,600036,13:23:00,38.6200,77,1
2026-01-21,600036,13:23:03,38.6100,168,2
2026-01-21,600036,13:23:06,38.6100,768,2
2026-01-21,600036,13:23:09,38.6000,329,2
2026-01-21,600036,13:23:13,38.5900,376,2
2026-01-21,600036,13:23:15,38.6000,132,1
2026-01-21,600036,13:23:19,38.5900,173,2
2026-01-21,600036,13:23:21,38.6000,90,1
2026-01-21,600036,13:23:24,38.5900,203,2
2026-01-21,600036,13:23:27,38.6000,63,1
2026-01-21,600036,13:23:31,38.5900,170,2
2026-01-21,600036,13:23:33,38.5900,103,1
2026-01-21,600036,13:23:36,38.6000,138,1
2026-01-21,600036,13:23:39,38.6100,505,1
2026-01-21,600036,13:23:43,38.5800,354,2
2026-01-21,600036,13:23:46,38.5900,9,4
2026-01-21,600036,13:23:49,38.6000,342,1
2026-01-21,600036,13:23:51,38.5800,117,2
2026-01-21,600036,13:23:55,38.5900,53,4
2026-01-21,600036,13:23:57,38.5800,291,2
2026-01-21,600036,13:24:00,38.5900,250,1
2026-01-21,600036,13:24:04,38.5800,254,2
2026-01-21,600036,13:24:07,38.5800,42,2
2026-01-21,600036,13:24:10,38.5800,150,2
2026-01-21,600036,13:24:12,38.5800,368,2
2026-01-21,600036,13:24:15,38.5800,118,2
2026-01-21,600036,13:24:19,38.5900,79,1
2026-01-21,600036,13:24:21,38.5900,135,1
2026-01-21,600036,13:24:25,38.5900,244,1
2026-01-21,600036,13:24:27,38.5800,201,2
2026-01-21,600036,13:24:30,38.5800,118,2
2026-01-21,600036,13:24:33,38.5800,120,2
2026-01-21,600036,13:24:36,38.5700,72,2
2026-01-21,600036,13:24:39,38.5800,75,1
2026-01-21,600036,13:24:42,38.5700,164,2
2026-01-21,600036,13:24:45,38.5700,132,2
2026-01-21,600036,13:24:49,38.5800,104,1
2026-01-21,600036,13:24:52,38.5700,77,2
2026-01-21,600036,13:24:55,38.5800,41,1
2026-01-21,600036,13:24:57,38.5800,130,1
2026-01-21,600036,13:25:00,38.5700,48,2
2026-01-21,600036,13:25:03,38.5800,307,1
2026-01-21,600036,13:25:06,38.5700,25,2
2026-01-21,600036,13:25:10,38.5800,315,1
2026-01-21,600036,13:25:12,38.5800,198,1
2026-01-21,600036,13:25:15,38.5800,159,1
2026-01-21,600036,13:25:18,38.5700,61,2
2026-01-21,600036,13:25:21,38.5700,74,2
2026-01-21,600036,13:25:25,38.5800,152,1
2026-01-21,600036,13:25:27,38.5800,300,1
2026-01-21,600036,13:25:30,38.5800,29,1
2026-01-21,600036,13:25:33,38.5700,125,2
2026-01-21,600036,13:25:36,38.5700,78,2
2026-01-21,600036,13:25:39,38.5800,63,1
2026-01-21,600036,13:25:43,38.5800,187,1
2026-01-21,600036,13:25:46,38.5800,83,1
2026-01-21,600036,13:25:48,38.5800,81,1
2026-01-21,600036,13:25:51,38.5700,61,2
2026-01-21,600036,13:25:55,38.5800,105,1
2026-01-21,600036,13:25:57,38.5700,84,2
2026-01-21,600036,13:26:01,38.5700,200,2
2026-01-21,600036,13:26:04,38.5800,181,1
2026-01-21,600036,13:26:06,38.5800,223,1
2026-01-21,600036,13:26:09,38.5700,443,2
2026-01-21,600036,13:26:13,38.5700,236,2
2026-01-21,600036,13:26:15,38.5700,205,2
2026-01-21,600036,13:26:18,38.5700,151,2
2026-01-21,600036,13:26:21,38.5700,480,2
2026-01-21,600036,13:26:24,38.5700,218,1
2026-01-21,600036,13:26:28,38.5700,390,1
2026-01-21,600036,13:26:31,38.5700,81,1
2026-01-21,600036,13:26:33,38.5700,316,1
2026-01-21,600036,13:26:36,38.5600,107,2
2026-01-21,600036,13:26:39,38.5700,115,1
2026-01-21,600036,13:26:42,38.5700,321,1
2026-01-21,600036,13:26:46,38.5700,324,1
2026-01-21,600036,13:26:48,38.5600,345,2
2026-01-21,600036,13:26:51,38.5700,56,1
2026-01-21,600036,13:26:54,38.5700,22,1
2026-01-21,600036,13:26:57,38.5700,258,1
2026-01-21,600036,13:27:00,38.5700,96,1
2026-01-21,600036,13:27:04,38.5700,103,1
2026-01-21,600036,13:27:06,38.5700,74,1
2026-01-21,600036,13:27:10,38.5700,94,2
2026-01-21,600036,13:27:12,38.5700,130,1
2026-01-21,600036,13:27:15,38.5700,55,1
2026-01-21,600036,13:27:18,38.5600,5097,2
2026-01-21,600036,13:27:21,38.5700,620,1
2026-01-21,600036,13:27:24,38.5700,6,2
2026-01-21,600036,13:27:27,38.5700,112,2
2026-01-21,600036,13:27:31,38.5700,74,1
2026-01-21,600036,13:27:33,38.5500,299,2
2026-01-21,600036,13:27:36,38.5700,174,1
2026-01-21,600036,13:27:40,38.5700,161,1
2026-01-21,600036,13:27:42,38.5600,185,2
2026-01-21,600036,13:27:45,38.5500,168,2
2026-01-21,600036,13:27:48,38.5600,77,1
2026-01-21,600036,13:27:51,38.5600,180,1
2026-01-21,600036,13:27:54,38.5600,67,1
2026-01-21,600036,13:27:57,38.5600,331,1
2026-01-21,600036,13:28:00,38.5500,245,2
2026-01-21,600036,13:28:03,38.5500,443,2
2026-01-21,600036,13:28:06,38.5600,116,1
2026-01-21,600036,13:28:09,38.5600,294,1
2026-01-21,600036,13:28:12,38.5600,12,1
2026-01-21,600036,13:28:15,38.5600,118,1
2026-01-21,600036,13:28:18,38.5600,133,1
2026-01-21,600036,13:28:22,38.5700,163,1
2026-01-21,600036,13:28:25,38.5700,236,1
2026-01-21,600036,13:28:27,38.5700,57,1
2026-01-21,600036,13:28:30,38.5600,55,2
2026-01-21,600036,13:28:33,38.5600,79,2
2026-01-21,600036,13:28:36,38.5600,34,2
2026-01-21,600036,13:28:39,38.5700,170,1
2026-01-21,600036,13:28:43,38.5700,21,1
2026-01-21,600036,13:28:45,38.5700,66,1
2026-01-21,600036,13:28:48,38.5700,95,1
2026-01-21,600036,13:28:51,38.5700,177,1
2026-01-21,600036,13:28:54,38.5700,24,1
2026-01-21,600036,13:28:57,38.5800,28,1
2026-01-21,600036,13:29:00,38.5800,76,1
2026-01-21,600036,13:29:03,38.5800,41,1
2026-01-21,600036,13:29:07,38.5800,46,1
2026-01-21,600036,13:29:10,38.5800,43,1
2026-01-21,600036,13:29:12,38.5800,29,1
2026-01-21,600036,13:29:15,38.5800,23,1
2026-01-21,600036,13:29:18,38.5800,55,1
2026-01-21,600036,13:29:21,38.5800,80,1
2026-01-21,600036,13:29:24,38.5800,151,1
2026-01-21,600036,13:29:27,38.5800,21,2
2026-01-21,600036,13:29:31,38.5800,171,2
2026-01-21,600036,13:29:34,38.5800,52,2
2026-01-21,600036,13:29:37,38.5700,198,2
2026-01-21,600036,13:29:39,38.5700,65,2
2026-01-21,600036,13:29:42,38.5700,234,2
2026-01-21,600036,13:29:45,38.5700,98,1
2026-01-21,600036,13:29:48,38.5800,102,1
2026-01-21,600036,13:29:52,38.5700,44,2
2026-01-21,600036,13:29:55,38.5800,68,1
2026-01-21,600036,13:29:58,38.5800,72,1
2026-01-21,600036,13:30:00,38.5700,23,2
2026-01-21,600036,13:30:03,38.5800,161,1
2026-01-21,600036,13:30:06,38.5800,69,1
2026-01-21,600036,13:30:10,38.5800,74,1
2026-01-21,600036,13:30:12,38.5700,62,2
2026-01-21,600036,13:30:15,38.5600,273,2
2026-01-21,600036,13:30:18,38.5700,61,1
2026-01-21,600036,13:30:21,38.5700,15,1
2026-01-21,600036,13:30:24,38.5700,84,1
2026-01-21,600036,13:30:27,38.5600,73,2
2026-01-21,600036,13:30:30,38.5600,79,2
2026-01-21,600036,13:30:34,38.5700,143,1
2026-01-21,600036,13:30:36,38.5700,375,1
2026-01-21,600036,13:30:40,38.5700,99,1
2026-01-21,600036,13:30:42,38.5600,201,2
2026-01-21,600036,13:30:46,38.5700,285,1
2026-01-21,600036,13:30:48,38.5700,82,1
2026-01-21,600036,13:30:51,38.5700,70,1
2026-01-21,600036,13:30:54,38.5700,76,2
2026-01-21,600036,13:30:57,38.5700,43,2
2026-01-21,600036,13:31:00,38.5600,178,2
2026-01-21,600036,13:31:04,38.5800,39,1
2026-01-21,600036,13:31:06,38.5800,99,1
2026-01-21,600036,13:31:09,38.5800,27,1
2026-01-21,600036,13:31:12,38.5800,51,1
2026-01-21,600036,13:31:15,38.5700,179,2
2026-01-21,600036,13:31:18,38.5700,72,2
2026-01-21,600036,13:31:21,38.5800,118,1
2026-01-21,600036,13:31:24,38.5700,119,2
2026-01-21,600036,13:31:28,38.5800,67,1
2026-01-21,600036,13:31:31,38.5800,687,1
2026-01-21,600036,13:31:34,38.5700,37,4
2026-01-21,600036,13:31:36,38.5700,26,1
2026-01-21,600036,13:31:40,38.5600,126,2
2026-01-21,600036,13:31:43,38.5700,53,1
2026-01-21,600036,13:31:45,38.5700,44,1
2026-01-21,600036,13:31:48,38.5700,145,1
2026-01-21,600036,13:31:51,38.5700,34,2
2026-01-21,600036,13:31:54,38.5800,9,1
2026-01-21,600036,13:31:57,38.5800,36,1
2026-01-21,600036,13:32:00,38.5700,73,2
2026-01-21,600036,13:32:03,38.5800,37,1
2026-01-21,600036,13:32:06,38.5800,99,1
2026-01-21,600036,13:32:10,38.5800,65,1
2026-01-21,600036,13:32:13,38.5900,1067,1
2026-01-21,600036,13:32:16,38.5800,109,2
2026-01-21,600036,13:32:18,38.5700,125,2
2026-01-21,600036,13:32:22,38.5600,370,2
2026-01-21,600036,13:32:25,38.5700,389,1
2026-01-21,600036,13:32:27,38.5700,65,2
2026-01-21,600036,13:32:30,38.5800,83,1
2026-01-21,600036,13:32:33,38.5800,39,1
2026-01-21,600036,13:32:37,38.5800,117,1
2026-01-21,600036,13:32:39,38.5700,102,2
2026-01-21,600036,13:32:42,38.5800,48,1
2026-01-21,600036,13:32:45,38.5700,109,2
2026-01-21,600036,13:32:48,38.5700,503,2
2026-01-21,600036,13:32:52,38.5700,220,1
2026-01-21,600036,13:32:54,38.5600,113,2
2026-01-21,600036,13:32:57,38.5600,184,2
2026-01-21,600036,13:33:00,38.5700,114,1
2026-01-21,600036,13:33:04,38.5600,133,2
2026-01-21,600036,13:33:07,38.5700,97,1
2026-01-21,600036,13:33:09,38.5600,160,2
2026-01-21,600036,13:33:13,38.5700,286,1
2026-01-21,600036,13:33:15,38.5700,185,1
2026-01-21,600036,13:33:18,38.5700,147,1
2026-01-21,600036,13:33:22,38.5700,122,1
2026-01-21,600036,13:33:25,38.5600,119,2
2026-01-21,600036,13:33:27,38.5700,79,1
2026-01-21,600036,13:33:30,38.5700,66,1
2026-01-21,600036,13:33:34,38.5700,47,2
2026-01-21,600036,13:33:36,38.5700,38,2
2026-01-21,600036,13:33:39,38.5700,100,2
2026-01-21,600036,13:33:43,38.5700,5,2
2026-01-21,600036,13:33:45,38.5800,147,1
2026-01-21,600036,13:33:48,38.5800,68,1
2026-01-21,600036,13:33:52,38.5700,134,2
2026-01-21,600036,13:33:54,38.5700,58,2
2026-01-21,600036,13:33:58,38.5700,64,2
2026-01-21,600036,13:34:01,38.5700,156,2
2026-01-21,600036,13:34:04,38.5800,78,1
2026-01-21,600036,13:34:07,38.5700,124,2
2026-01-21,600036,13:34:09,38.5700,106,2
2026-01-21,600036,13:34:13,38.5700,15,2
2026-01-21,600036,13:34:15,38.5700,5,2
2026-01-21,600036,13:34:18,38.5700,38,2
2026-01-21,600036,13:34:22,38.5700,32,2
2026-01-21,600036,13:34:24,38.5700,46,2
2026-01-21,600036,13:34:28,38.5800,7,1
2026-01-21,600036,13:34:31,38.5800,49,1
2026-01-21,600036,13:34:33,38.5800,89,1
2026-01-21,600036,13:34:37,38.5800,41,1
2026-01-21,600036,13:34:40,38.5800,100,1
2026-01-21,600036,13:34:42,38.5800,251,1
2026-01-21,600036,13:34:45,38.5900,31,1
2026-01-21,600036,13:34:48,38.5800,74,2
2026-01-21,600036,13:34:51,38.5800,107,2
2026-01-21,600036,13:34:55,38.5800,26,2
2026-01-21,600036,13:34:57,38.5900,74,1
2026-01-21,600036,13:35:00,38.5900,106,1
2026-01-21,600036,13:35:03,38.5800,43,2
2026-01-21,600036,13:35:07,38.5800,93,2
2026-01-21,600036,13:35:10,38.5800,77,2
2026-01-21,600036,13:35:12,38.5800,48,2
2026-01-21,600036,13:35:15,38.5900,45,1
2026-01-21,600036,13:35:19,38.5900,56,1
2026-01-21,600036,13:35:21,38.5800,54,2
2026-01-21,600036,13:35:24,38.5800,9,2
2026-01-21,600036,13:35:27,38.5900,28,1
2026-01-21,600036,13:35:30,38.5800,51,2
2026-01-21,600036,13:35:34,38.5800,64,2
2026-01-21,600036,13:35:36,38.5900,55,1
2026-01-21,600036,13:35:39,38.5800,245,2
2026-01-21,600036,13:35:42,38.5800,220,2
2026-01-21,600036,13:35:45,38.5800,360,2
2026-01-21,600036,13:35:48,38.5800,476,1
2026-01-21,600036,13:35:51,38.5800,166,1
2026-01-21,600036,13:35:54,38.5800,134,1
2026-01-21,600036,13:35:57,38.5800,75,1
2026-01-21,600036,13:36:01,38.5700,123,2
2026-01-21,600036,13:36:03,38.5700,37,2
2026-01-21,600036,13:36:06,38.5800,158,1
2026-01-21,600036,13:36:09,38.5700,59,2
2026-01-21,600036,13:36:12,38.5700,50,2
2026-01-21,600036,13:36:15,38.5700,21,2
2026-01-21,600036,13:36:19,38.5700,1028,2
2026-01-21,600036,13:36:22,38.5600,173,2
2026-01-21,600036,13:36:24,38.5700,207,1
2026-01-21,600036,13:36:28,38.5700,32,2
2026-01-21,600036,13:36:30,38.5800,61,1
2026-01-21,600036,13:36:34,38.5800,34,1
2026-01-21,600036,13:36:37,38.5700,69,2
2026-01-21,600036,13:36:39,38.5700,26,2
2026-01-21,600036,13:36:42,38.5700,15,2
2026-01-21,600036,13:36:46,38.5800,34,1
2026-01-21,600036,13:36:49,38.5800,145,1
2026-01-21,600036,13:36:51,38.5800,277,1
2026-01-21,600036,13:36:54,38.5800,31,1
2026-01-21,600036,13:36:57,38.5700,963,2
2026-01-21,600036,13:37:01,38.5700,195,1
2026-01-21,600036,13:37:03,38.5700,38,1
2026-01-21,600036,13:37:06,38.5700,99,2
2026-01-21,600036,13:37:10,38.5700,51,2
2026-01-21,600036,13:37:13,38.5800,25,1
2026-01-21,600036,13:37:16,38.5800,335,1
2026-01-21,600036,13:37:19,38.5800,37,1
2026-01-21,600036,13:37:21,38.5800,62,1
2026-01-21,600036,13:37:24,38.5900,61,1
2026-01-21,600036,13:37:27,38.5800,25,2
2026-01-21,600036,13:37:30,38.5800,113,2
2026-01-21,600036,13:37:33,38.5800,35,2
2026-01-21,600036,13:37:36,38.6000,63,1
2026-01-21,600036,13:37:39,38.5900,133,4
2026-01-21,600036,13:37:43,38.6000,75,1
2026-01-21,600036,13:37:46,38.5900,26,2
2026-01-21,600036,13:37:48,38.5800,121,2
2026-01-21,600036,13:37:51,38.5800,43,1
2026-01-21,600036,13:37:54,38.5700,268,2
2026-01-21,600036,13:37:58,38.5800,197,4
2026-01-21,600036,13:38:00,38.5700,488,2
2026-01-21,600036,13:38:04,38.5600,194,2
2026-01-21,600036,13:38:06,38.5600,302,2
2026-01-21,600036,13:38:09,38.5600,2494,2
2026-01-21,600036,13:38:13,38.5500,204,2
2026-01-21,600036,13:38:16,38.5500,128,2
2026-01-21,600036,13:38:18,38.5600,257,1
2026-01-21,600036,13:38:22,38.5700,235,1
2026-01-21,600036,13:38:25,38.5500,133,2
2026-01-21,600036,13:38:27,38.5500,167,2
2026-01-21,600036,13:38:30,38.5600,196,1
2026-01-21,600036,13:38:34,38.5600,205,1
2026-01-21,600036,13:38:36,38.5500,248,2
2026-01-21,600036,13:38:40,38.5600,446,1
2026-01-21,600036,13:38:42,38.5600,234,2
2026-01-21,600036,13:38:46,38.5500,212,2
2026-01-21,600036,13:38:49,38.5500,250,2
2026-01-21,600036,13:38:51,38.5500,218,2
2026-01-21,600036,13:38:55,38.5500,38,2
2026-01-21,600036,13:38:57,38.5500,252,2
2026-01-21,600036,13:39:00,38.5500,479,2
2026-01-21,600036,13:39:03,38.5600,1179,1
2026-01-21,600036,13:39:06,38.5500,216,2
2026-01-21,600036,13:39:09,38.5600,248,1
2026-01-21,600036,13:39:12,38.5600,225,1
2026-01-21,600036,13:39:16,38.5300,6378,2
2026-01-21,600036,13:39:19,38.5400,734,1
2026-01-21,600036,13:39:21,38.5300,610,2
2026-01-21,600036,13:39:25,38.5300,183,2
2026-01-21,600036,13:39:28,38.5300,216,2
2026-01-21,600036,13:39:31,38.5300,118,2
2026-01-21,600036,13:39:34,38.5300,312,2
2026-01-21,600036,13:39:36,38.5400,205,1
2026-01-21,600036,13:39:39,38.5300,238,2
2026-01-21,600036,13:39:43,38.5300,404,2
2026-01-21,600036,13:39:45,38.5300,427,2
2026-01-21,600036,13:39:48,38.5300,286,1
2026-01-21,600036,13:39:51,38.5300,199,1
2026-01-21,600036,13:39:54,38.5200,318,2
2026-01-21,600036,13:39:58,38.5200,328,2
2026-01-21,600036,13:40:00,38.5200,221,2
2026-01-21,600036,13:40:03,38.5200,88,2
2026-01-21,600036,13:40:07,38.5200,341,2
2026-01-21,600036,13:40:09,38.5200,193,2
2026-01-21,600036,13:40:12,38.5200,208,2
2026-01-21,600036,13:40:16,38.5300,120,1
2026-01-21,600036,13:40:18,38.5300,209,1
2026-01-21,600036,13:40:22,38.5300,112,1
2026-01-21,600036,13:40:24,38.5300,180,1
2026-01-21,600036,13:40:27,38.5300,297,1
2026-01-21,600036,13:40:30,38.5200,254,2
2026-01-21,600036,13:40:34,38.5300,422,1
2026-01-21,600036,13:40:36,38.5300,223,1
2026-01-21,600036,13:40:39,38.5300,199,1
2026-01-21,600036,13:40:43,38.5200,277,2
2026-01-21,600036,13:40:45,38.5300,206,1
2026-01-21,600036,13:40:49,38.5200,350,2
2026-01-21,600036,13:40:51,38.5200,327,2
2026-01-21,600036,13:40:55,38.5200,80,2
2026-01-21,600036,13:40:57,38.5200,149,2
2026-01-21,600036,13:41:00,38.5300,117,1
2026-01-21,600036,13:41:04,38.5400,162,1
2026-01-21,600036,13:41:06,38.5300,22,2
2026-01-21,600036,13:41:09,38.5400,8,1
2026-01-21,600036,13:41:12,38.5400,61,1
2026-01-21,600036,13:41:15,38.5400,84,1
2026-01-21,600036,13:41:18,38.5400,238,1
2026-01-21,600036,13:41:21,38.5400,198,1
2026-01-21,600036,13:41:25,38.5300,371,2
2026-01-21,600036,13:41:27,38.5300,113,2
2026-01-21,600036,13:41:30,38.5300,333,1
2026-01-21,600036,13:41:33,38.5200,337,2
2026-01-21,600036,13:41:36,38.5300,319,1
2026-01-21,600036,13:41:39,38.5300,396,1
2026-01-21,600036,13:41:43,38.5300,382,1
2026-01-21,600036,13:41:45,38.5200,318,2
2026-01-21,600036,13:41:48,38.5200,244,2
2026-01-21,600036,13:41:51,38.5300,678,1
2026-01-21,600036,13:41:55,38.5200,445,2
2026-01-21,600036,13:41:57,38.5200,180,2
2026-01-21,600036,13:42:00,38.5200,268,2
2026-01-21,600036,13:42:03,38.5200,322,2
2026-01-21,600036,13:42:07,38.5200,344,2
2026-01-21,600036,13:42:10,38.5200,679,2
2026-01-21,600036,13:42:12,38.5300,185,1
2026-01-21,600036,13:42:15,38.5200,126,2
2026-01-21,600036,13:42:18,38.5300,263,1
2026-01-21,600036,13:42:21,38.5200,220,2
2026-01-21,600036,13:42:25,38.5200,104,2
2026-01-21,600036,13:42:27,38.5300,80,1
2026-01-21,600036,13:42:30,38.5300,75,1
2026-01-21,600036,13:42:33,38.5300,96,1
2026-01-21,600036,13:42:37,38.5300,113,1
2026-01-21,600036,13:42:40,38.5300,97,1
2026-01-21,600036,13:42:42,38.5300,118,1
2026-01-21,600036,13:42:45,38.5300,29,2
2026-01-21,600036,13:42:48,38.5300,86,2
2026-01-21,600036,13:42:52,38.5200,128,2
2026-01-21,600036,13:42:55,38.5400,58,1
2026-01-21,600036,13:42:57,38.5300,90,4
2026-01-21,600036,13:43:00,38.5400,27,1
2026-01-21,600036,13:43:04,38.5300,89,2
2026-01-21,600036,13:43:06,38.5300,120,2
2026-01-21,600036,13:43:09,38.5300,123,2
2026-01-21,600036,13:43:13,38.5300,108,2
2026-01-21,600036,13:43:15,38.5300,123,2
2026-01-21,600036,13:43:18,38.5400,113,1
2026-01-21,600036,13:43:21,38.5300,214,2
2026-01-21,600036,13:43:25,38.5200,253,2
2026-01-21,600036,13:43:27,38.5200,237,2
2026-01-21,600036,13:43:30,38.5400,114,1
2026-01-21,600036,13:43:33,38.5200,171,2
2026-01-21,600036,13:43:36,38.5300,91,4
2026-01-21,600036,13:43:39,38.5400,25,1
2026-01-21,600036,13:43:42,38.5300,8,2
2026-01-21,600036,13:43:45,38.5300,2,2
2026-01-21,600036,13:43:49,38.5300,25,2
2026-01-21,600036,13:43:51,38.5400,58,1
2026-01-21,600036,13:43:54,38.5400,33,1
2026-01-21,600036,13:43:57,38.5400,19,1
2026-01-21,600036,13:44:01,38.5300,550,2
2026-01-21,600036,13:44:03,38.5300,40,1
2026-01-21,600036,13:44:06,38.5300,36,1
2026-01-21,600036,13:44:09,38.5300,111,1
2026-01-21,600036,13:44:12,38.5300,32,1
2026-01-21,600036,13:44:15,38.5400,31,1
2026-01-21,600036,13:44:18,38.5300,54,2
2026-01-21,600036,13:44:21,38.5400,139,1
2026-01-21,600036,13:44:24,38.5200,178,2
2026-01-21,600036,13:44:27,38.5200,255,2
2026-01-21,600036,13:44:30,38.5200,168,2
2026-01-21,600036,13:44:34,38.5300,86,1
2026-01-21,600036,13:44:36,38.5200,94,2
2026-01-21,600036,13:44:39,38.5300,81,1
2026-01-21,600036,13:44:42,38.5200,140,2
2026-01-21,600036,13:44:45,38.5300,171,1
2026-01-21,600036,13:44:49,38.5200,245,2
2026-01-21,600036,13:44:51,38.5200,269,2
2026-01-21,600036,13:44:55,38.5200,119,2
2026-01-21,600036,13:44:58,38.5300,337,1
2026-01-21,600036,13:45:00,38.5200,200,2
2026-01-21,600036,13:45:03,38.5200,214,2
2026-01-21,600036,13:45:06,38.5200,733,2
2026-01-21,600036,13:45:10,38.5200,187,2
2026-01-21,600036,13:45:12,38.5200,70,2
2026-01-21,600036,13:45:15,38.5300,157,1
2026-01-21,600036,13:45:18,38.5300,385,1
2026-01-21,600036,13:45:21,38.5300,149,1
2026-01-21,600036,13:45:24,38.5300,122,1
2026-01-21,600036,13:45:28,38.5300,219,1
2026-01-21,600036,13:45:30,38.5300,305,2
2026-01-21,600036,13:45:33,38.5300,92,2
2026-01-21,600036,13:45:36,38.5300,211,2
2026-01-21,600036,13:45:40,38.5400,41,1
2026-01-21,600036,13:45:42,38.5400,176,1
2026-01-21,600036,13:45:46,38.5400,173,1
2026-01-21,600036,13:45:49,38.5400,85,1
2026-01-21,600036,13:45:51,38.5400,81,1
2026-01-21,600036,13:45:55,38.5300,122,2
2026-01-21,600036,13:45:58,38.5300,39,2
2026-01-21,600036,13:46:01,38.5300,235,2
2026-01-21,600036,13:46:03,38.5400,114,1
2026-01-21,600036,13:46:07,38.5400,141,1
2026-01-21,600036,13:46:09,38.5400,61,1
2026-01-21,600036,13:46:12,38.5200,227,2
2026-01-21,600036,13:46:15,38.5200,251,2
2026-01-21,600036,13:46:18,38.5300,135,1
2026-01-21,600036,13:46:21,38.5300,67,2
2026-01-21,600036,13:46:25,38.5300,102,1
2026-01-21,600036,13:46:28,38.5200,140,2
2026-01-21,600036,13:46:30,38.5200,99,2
2026-01-21,600036,13:46:33,38.5300,73,4
2026-01-21,600036,13:46:37,38.5200,50,2
2026-01-21,600036,13:46:40,38.5300,94,4
2026-01-21,600036,13:46:43,38.5200,115,2
2026-01-21,600036,13:46:46,38.5300,85,1
2026-01-21,600036,13:46:48,38.5200,92,2
2026-01-21,600036,13:46:52,38.5200,74,2
2026-01-21,600036,13:46:54,38.5300,272,1
2026-01-21,600036,13:46:57,38.5200,139,2
2026-01-21,600036,13:47:01,38.5300,125,1
2026-01-21,600036,13:47:03,38.5300,5,1
2026-01-21,600036,13:47:06,38.5300,115,1
2026-01-21,600036,13:47:09,38.5300,93,1
2026-01-21,600036,13:47:12,38.5300,101,1
2026-01-21,600036,13:47:16,38.5300,67,1
2026-01-21,600036,13:47:18,38.5200,61,2
2026-01-21,600036,13:47:21,38.5300,84,1
2026-01-21,600036,13:47:24,38.5200,61,2
2026-01-21,600036,13:47:28,38.5300,146,1
2026-01-21,600036,13:47:30,38.5300,156,1
2026-01-21,600036,13:47:33,38.5300,120,2
2026-01-21,600036,13:47:36,38.5400,101,1
2026-01-21,600036,13:47:39,38.5400,19,1
2026-01-21,600036,13:47:43,38.5400,98,1
2026-01-21,600036,13:47:46,38.5400,61,2
2026-01-21,600036,13:47:48,38.5500,41,1
2026-01-21,600036,13:47:52,38.5400,119,2
2026-01-21,600036,13:47:55,38.5400,180,1
2026-01-21,600036,13:47:57,38.5400,66,1
2026-01-21,600036,13:48:00,38.5400,126,2
2026-01-21,600036,13:48:03,38.5300,259,2
2026-01-21,600036,13:48:07,38.5300,601,1
2026-01-21,600036,13:48:09,38.5300,133,1
2026-01-21,600036,13:48:13,38.5300,110,1
2026-01-21,600036,13:48:15,38.5300,100,1
2026-01-21,600036,13:48:19,38.5300,34,2
2026-01-21,600036,13:48:22,38.5400,264,1
2026-01-21,600036,13:48:24,38.5400,137,1
2026-01-21,600036,13:48:27,38.5300,90,2
2026-01-21,600036,13:48:30,38.5400,122,1
2026-01-21,600036,13:48:33,38.5400,145,1
2026-01-21,600036,13:48:36,38.5400,205,1
2026-01-21,600036,13:48:40,38.5400,128,1
2026-01-21,600036,13:48:42,38.5200,902,2
2026-01-21,600036,13:48:45,38.5300,171,1
2026-01-21,600036,13:48:49,38.5200,338,2
2026-01-21,600036,13:48:51,38.5300,146,1
2026-01-21,600036,13:48:55,38.5300,166,1
2026-01-21,600036,13:48:57,38.5200,52,2
2026-01-21,600036,13:49:01,38.5400,3,1
2026-01-21,600036,13:49:03,38.5200,170,2
2026-01-21,600036,13:49:06,38.5200,52,2
2026-01-21,600036,13:49:09,38.5300,37,1
2026-01-21,600036,13:49:12,38.5200,44,2
2026-01-21,600036,13:49:15,38.5300,104,2
2026-01-21,600036,13:49:19,38.5300,125,2
2026-01-21,600036,13:49:22,38.5400,17,1
2026-01-21,600036,13:49:24,38.5400,120,1
2026-01-21,600036,13:49:27,38.5300,135,2
2026-01-21,600036,13:49:30,38.5300,99,2
2026-01-21,600036,13:49:33,38.5300,11,2
2026-01-21,600036,13:49:37,38.5400,138,1
2026-01-21,600036,13:49:39,38.5400,29,1
2026-01-21,600036,13:49:43,38.5300,71,2
2026-01-21,600036,13:49:45,38.5300,59,2
2026-01-21,600036,13:49:48,38.5300,90,2
2026-01-21,600036,13:49:51,38.5300,24,2
2026-01-21,600036,13:49:54,38.5400,147,1
2026-01-21,600036,13:49:58,38.5300,101,2
2026-01-21,600036,13:50:00,38.5300,124,2
2026-01-21,600036,13:50:04,38.5300,35,2
2026-01-21,600036,13:50:06,38.5300,245,2
2026-01-21,600036,13:50:09,38.5300,77,1
2026-01-21,600036,13:50:12,38.5300,91,1
2026-01-21,600036,13:50:15,38.5300,54,1
2026-01-21,600036,13:50:19,38.5300,37,1
2026-01-21,600036,13:50:22,38.5300,83,2
2026-01-21,600036,13:50:24,38.5300,168,2
2026-01-21,600036,13:50:27,38.5300,67,2
2026-01-21,600036,13:50:30,38.5400,62,1
2026-01-21,600036,13:50:34,38.5400,94,1
2026-01-21,600036,13:50:37,38.5300,75,2
2026-01-21,600036,13:50:40,38.5300,31,2
2026-01-21,600036,13:50:43,38.5400,106,1
2026-01-21,600036,13:50:45,38.5300,114,2
2026-01-21,600036,13:50:49,38.5300,426,2
2026-01-21,600036,13:50:51,38.5200,148,2
2026-01-21,600036,13:50:54,38.5300,140,1
2026-01-21,600036,13:50:57,38.5300,156,1
2026-01-21,600036,13:51:00,38.5300,47,2
2026-01-21,600036,13:51:04,38.5300,46,2
2026-01-21,600036,13:51:06,38.5300,28,2
2026-01-21,600036,13:51:10,38.5400,58,1
2026-01-21,600036,13:51:13,38.5400,30,1
2026-01-21,600036,13:51:16,38.5300,62,2
2026-01-21,600036,13:51:19,38.5300,105,2
2026-01-21,600036,13:51:22,38.5400,5,1
2026-01-21,600036,13:51:24,38.5300,33,2
2026-01-21,600036,13:51:28,38.5400,59,1
2026-01-21,600036,13:51:31,38.5300,55,2
2026-01-21,600036,13:51:33,38.5400,54,1
2026-01-21,600036,13:51:36,38.5300,54,2
2026-01-21,600036,13:51:39,38.5400,28,1
2026-01-21,600036,13:51:42,38.5400,93,1
2026-01-21,600036,13:51:45,38.5400,157,1
2026-01-21,600036,13:51:48,38.5300,130,2
2026-01-21,600036,13:51:51,38.5400,71,1
2026-01-21,600036,13:51:54,38.5400,73,2
2026-01-21,600036,13:51:58,38.5400,45,2
2026-01-21,600036,13:52:00,38.5400,75,2
2026-01-21,600036,13:52:03,38.5500,66,1
2026-01-21,600036,13:52:07,38.5400,67,2
2026-01-21,600036,13:52:09,38.5500,162,1
2026-01-21,600036,13:52:12,38.5400,56,2
2026-01-21,600036,13:52:15,38.5500,67,1
2026-01-21,600036,13:52:18,38.5500,42,1
2026-01-21,600036,13:52:21,38.5500,108,1
2026-01-21,600036,13:52:24,38.5500,77,1
2026-01-21,600036,13:52:28,38.5500,112,1
2026-01-21,600036,13:52:30,38.5500,132,1
2026-01-21,600036,13:52:33,38.5500,74,1
2026-01-21,600036,13:52:36,38.5500,46,1
2026-01-21,600036,13:52:40,38.5500,142,1
2026-01-21,600036,13:52:43,38.5500,115,1
2026-01-21,600036,13:52:45,38.5500,148,1
2026-01-21,600036,13:52:48,38.5500,56,1
2026-01-21,600036,13:52:51,38.5600,154,1
2026-01-21,600036,13:52:54,38.5700,232,1
2026-01-21,600036,13:52:57,38.5600,33,2
2026-01-21,600036,13:53:01,38.5600,36,2
2026-01-21,600036,13:53:04,38.5700,86,1
2026-01-21,600036,13:53:07,38.5600,24,2
2026-01-21,600036,13:53:09,38.5700,32,1
2026-01-21,600036,13:53:12,38.5600,159,2
2026-01-21,600036,13:53:15,38.5700,25,1
2026-01-21,600036,13:53:18,38.5700,105,2
2026-01-21,600036,13:53:21,38.5700,83,1
2026-01-21,600036,13:53:24,38.5600,153,2
2026-01-21,600036,13:53:27,38.5600,62,2
2026-01-21,600036,13:53:31,38.5600,175,2
2026-01-21,600036,13:53:33,38.5500,245,2
2026-01-21,600036,13:53:37,38.5600,123,1
2026-01-21,600036,13:53:39,38.5600,92,1
2026-01-21,600036,13:53:43,38.5700,128,1
2026-01-21,600036,13:53:46,38.5600,4,2
2026-01-21,600036,13:53:48,38.5700,13,1
2026-01-21,600036,13:53:51,38.5700,77,1
2026-01-21,600036,13:53:54,38.5800,65,1
2026-01-21,600036,13:53:57,38.5800,83,1
2026-01-21,600036,13:54:01,38.5700,42,2
2026-01-21,600036,13:54:03,38.5700,43,1
2026-01-21,600036,13:54:06,38.5700,33,1
2026-01-21,600036,13:54:10,38.5700,49,1
2026-01-21,600036,13:54:13,38.5700,59,1
2026-01-21,600036,13:54:16,38.5600,25,2
2026-01-21,600036,13:54:18,38.5700,50,1
2026-01-21,600036,13:54:21,38.5700,105,1
2026-01-21,600036,13:54:24,38.5700,49,1
2026-01-21,600036,13:54:27,38.5700,62,1
2026-01-21,600036,13:54:30,38.5700,89,2
2026-01-21,600036,13:54:33,38.5700,36,1
2026-01-21,600036,13:54:37,38.5800,43,1
2026-01-21,600036,13:54:39,38.5700,65,2
2026-01-21,600036,13:54:42,38.5800,846,1
2026-01-21,600036,13:54:45,38.5700,147,4
2026-01-21,600036,13:54:48,38.5700,21,1
2026-01-21,600036,13:54:51,38.5600,59,2
2026-01-21,600036,13:54:54,38.5600,34,2
2026-01-21,600036,13:54:57,38.5600,33,2
2026-01-21,600036,13:55:01,38.5500,320,2
2026-01-21,600036,13:55:04,38.5500,372,2
2026-01-21,600036,13:55:06,38.5700,427,1
2026-01-21,600036,13:55:09,38.5600,99,4
2026-01-21,600036,13:55:13,38.5700,122,1
2026-01-21,600036,13:55:15,38.5600,80,4
2026-01-21,600036,13:55:19,38.5600,65,2
2026-01-21,600036,13:55:22,38.5600,32,1
2026-01-21,600036,13:55:24,38.5500,495,2
2026-01-21,600036,13:55:27,38.5600,94,1
2026-01-21,600036,13:55:30,38.5500,92,2
2026-01-21,600036,13:55:33,38.5500,210,2
2026-01-21,600036,13:55:36,38.5500,199,2
2026-01-21,600036,13:55:39,38.5600,150,1
2026-01-21,600036,13:55:42,38.5500,94,2
2026-01-21,600036,13:55:45,38.5600,68,1
2026-01-21,600036,13:55:48,38.5500,164,2
2026-01-21,600036,13:55:52,38.5500,103,1
2026-01-21,600036,13:55:55,38.5500,61,2
2026-01-21,600036,13:55:58,38.5500,130,2
2026-01-21,600036,13:56:00,38.5500,139,1
2026-01-21,600036,13:56:03,38.5400,133,2
2026-01-21,600036,13:56:07,38.5400,308,2
2026-01-21,600036,13:56:10,38.5400,62,2
2026-01-21,600036,13:56:12,38.5600,161,1
2026-01-21,600036,13:56:16,38.5400,78,2
2026-01-21,600036,13:56:18,38.5500,79,4
2026-01-21,600036,13:56:21,38.5600,118,1
2026-01-21,600036,13:56:25,38.5600,123,1
2026-01-21,600036,13:56:28,38.5500,162,2
2026-01-21,600036,13:56:30,38.5600,84,1
2026-01-21,600036,13:56:34,38.5600,82,1
2026-01-21,600036,13:56:36,38.5600,346,1
2026-01-21,600036,13:56:39,38.5500,56,2
2026-01-21,600036,13:56:42,38.5600,44,2
2026-01-21,600036,13:56:45,38.5500,72,2
2026-01-21,600036,13:56:48,38.5500,47,2
2026-01-21,600036,13:56:51,38.5600,74,1
2026-01-21,600036,13:56:54,38.5600,434,1
2026-01-21,600036,13:56:57,38.5500,167,2
2026-01-21,600036,13:57:00,38.5600,81,1
2026-01-21,600036,13:57:03,38.5500,298,2
2026-01-21,600036,13:57:07,38.5500,138,2
2026-01-21,600036,13:57:09,38.5600,54,1
2026-01-21,600036,13:57:12,38.5600,10,1
2026-01-21,600036,13:57:16,38.5600,83,1
2026-01-21,600036,13:57:18,38.5700,115,1
2026-01-21,600036,13:57:22,38.5600,16,2
2026-01-21,600036,13:57:24,38.5600,10,2
2026-01-21,600036,13:57:28,38.5700,118,1
2026-01-21,600036,13:57:30,38.5700,44,1
2026-01-21,600036,13:57:33,38.5800,97,1
2026-01-21,600036,13:57:36,38.5800,83,1
2026-01-21,600036,13:57:39,38.5800,28,1
2026-01-21,600036,13:57:42,38.5900,80,1
2026-01-21,600036,13:57:46,38.5800,19,4
2026-01-21,600036,13:57:49,38.5800,105,2
2026-01-21,600036,13:57:51,38.5800,25,4
2026-01-21,600036,13:57:55,38.5700,31,2
2026-01-21,600036,13:57:57,38.5800,155,4
2026-01-21,600036,13:58:00,38.5900,63,1
2026-01-21,600036,13:58:03,38.5800,15,1
2026-01-21,600036,13:58:06,38.5700,69,2
2026-01-21,600036,13:58:09,38.5800,59,1
2026-01-21,600036,13:58:12,38.5800,157,1
2026-01-21,600036,13:58:15,38.5800,95,1
2026-01-21,600036,13:58:19,38.5800,29,1
2026-01-21,600036,13:58:22,38.5800,52,2
2026-01-21,600036,13:58:24,38.5800,100,2
2026-01-21,600036,13:58:27,38.5800,25,1
2026-01-21,600036,13:58:31,38.5800,55,1
2026-01-21,600036,13:58:34,38.5800,17,1
2026-01-21,600036,13:58:36,38.5800,62,1
2026-01-21,600036,13:58:39,38.5700,56,2
2026-01-21,600036,13:58:42,38.5800,10,1
2026-01-21,600036,13:58:45,38.5700,98,2
2026-01-21,600036,13:58:48,38.5800,85,1
2026-01-21,600036,13:58:51,38.5800,22,1
2026-01-21,600036,13:58:54,38.5800,9,1
2026-01-21,600036,13:58:58,38.5700,100,2
2026-01-21,600036,13:59:01,38.5700,52,2
2026-01-21,600036,13:59:03,38.5800,29,1
2026-01-21,600036,13:59:07,38.5800,129,1
2026-01-21,600036,13:59:09,38.5700,177,2
2026-01-21,600036,13:59:12,38.5800,711,1
2026-01-21,600036,13:59:16,38.5700,73,4
2026-01-21,600036,13:59:18,38.5700,73,1
2026-01-21,600036,13:59:21,38.5600,54,2
2026-01-21,600036,13:59:24,38.5700,58,1
2026-01-21,600036,13:59:28,38.5600,215,2
2026-01-21,600036,13:59:30,38.5600,34,1
2026-01-21,600036,13:59:33,38.5600,113,1
2026-01-21,600036,13:59:36,38.5600,47,1
2026-01-21,600036,13:59:39,38.5600,95,1
2026-01-21,600036,13:59:43,38.5600,89,1
2026-01-21,600036,13:59:46,38.5600,46,1
2026-01-21,600036,13:59:49,38.5700,1,1
2026-01-21,600036,13:59:54,38.5700,31,1
2026-01-21,600036,13:59:57,38.5600,6,2
2026-01-21,600036,14:00:00,38.5700,90,1
2026-01-21,600036,14:00:03,38.5700,24,1
2026-01-21,600036,14:00:07,38.5700,66,1
2026-01-21,600036,14:00:09,38.5600,220,2
2026-01-21,600036,14:00:15,38.5700,1770,1
2026-01-21,600036,14:00:18,38.5800,138,4
2026-01-21,600036,14:00:21,38.5700,17,2
2026-01-21,600036,14:00:24,38.5700,63,2
2026-01-21,600036,14:00:28,38.5700,1267,1
2026-01-21,600036,14:00:31,38.5500,455,2
2026-01-21,600036,14:00:33,38.5500,880,2
2026-01-21,600036,14:00:36,38.5600,854,1
2026-01-21,600036,14:00:40,38.5400,677,2
2026-01-21,600036,14:00:42,38.5600,2391,1
2026-01-21,600036,14:00:45,38.5400,30,2
2026-01-21,600036,14:00:48,38.5500,19,1
2026-01-21,600036,14:00:52,38.5500,41,2
2026-01-21,600036,14:00:54,38.5500,21,1
2026-01-21,600036,14:00:57,38.5600,27,1
2026-01-21,600036,14:01:00,38.5500,66,2
2026-01-21,600036,14:01:03,38.5500,87,1
2026-01-21,600036,14:01:06,38.5500,1090,1
2026-01-21,600036,14:01:09,38.5600,25,4
2026-01-21,600036,14:01:13,38.5700,17,1
2026-01-21,600036,14:01:15,38.5600,11,2
2026-01-21,600036,14:01:19,38.5600,77,2
2026-01-21,600036,14:01:21,38.5700,18,1
2026-01-21,600036,14:01:24,38.5600,10,2
2026-01-21,600036,14:01:28,38.5700,36,1
2026-01-21,600036,14:01:30,38.5500,106,2
2026-01-21,600036,14:01:33,38.5700,10,1
2026-01-21,600036,14:01:37,38.5600,8,2
2026-01-21,600036,14:01:39,38.5600,59,2
2026-01-21,600036,14:01:42,38.5700,8,1
2026-01-21,600036,14:01:46,38.5700,442,1
2026-01-21,600036,14:01:49,38.5500,241,2
2026-01-21,600036,14:01:51,38.5500,84,2
2026-01-21,600036,14:01:55,38.5700,161,1
2026-01-21,600036,14:01:57,38.5700,98,1
2026-01-21,600036,14:02:00,38.5700,92,1
2026-01-21,600036,14:02:03,38.5700,147,1
2026-01-21,600036,14:02:06,38.5600,96,2
2026-01-21,600036,14:02:09,38.5700,34,1
2026-01-21,600036,14:02:13,38.5700,28,1
2026-01-21,600036,14:02:15,38.5700,46,1
2026-01-21,600036,14:02:18,38.5700,15,1
2026-01-21,600036,14:02:21,38.5800,33,1
2026-01-21,600036,14:02:24,38.5700,20,4
2026-01-21,600036,14:02:28,38.5600,310,2
2026-01-21,600036,14:02:31,38.5800,27,1
2026-01-21,600036,14:02:33,38.5800,45,1
2026-01-21,600036,14:02:36,38.5700,93,2
2026-01-21,600036,14:02:39,38.5700,16,1
2026-01-21,600036,14:02:42,38.5700,116,1
2026-01-21,600036,14:02:45,38.5700,121,1
2026-01-21,600036,14:02:49,38.5600,200,2
2026-01-21,600036,14:02:51,38.5500,652,2
2026-01-21,600036,14:02:54,38.5400,173,2
2026-01-21,600036,14:02:57,38.5500,53,4
2026-01-21,600036,14:03:00,38.5400,84,2
2026-01-21,600036,14:03:03,38.5400,334,2
2026-01-21,600036,14:03:06,38.5600,195,1
2026-01-21,600036,14:03:09,38.5600,72,1
2026-01-21,600036,14:03:12,38.5400,68,2
2026-01-21,600036,14:03:15,38.5400,160,2
2026-01-21,600036,14:03:18,38.5400,109,2
2026-01-21,600036,14:03:22,38.5400,172,2
2026-01-21,600036,14:03:25,38.5400,41,2
2026-01-21,600036,14:03:27,38.5400,106,2
2026-01-21,600036,14:03:30,38.5400,441,2
2026-01-21,600036,14:03:34,38.5400,285,2
2026-01-21,600036,14:03:36,38.5400,146,2
2026-01-21,600036,14:03:40,38.5400,280,1
2026-01-21,600036,14:03:43,38.5400,46,1
2026-01-21,600036,14:03:45,38.5400,116,1
2026-01-21,600036,14:03:48,38.5400,24,1
2026-01-21,600036,14:03:52,38.5400,210,1
2026-01-21,600036,14:03:55,38.5400,132,1
2026-01-21,600036,14:03:57,38.5300,15,2
2026-01-21,600036,14:04:00,38.5400,505,1
2026-01-21,600036,14:04:04,38.5300,207,2
2026-01-21,600036,14:04:06,38.5400,253,1
2026-01-21,600036,14:04:09,38.5300,98,2
2026-01-21,600036,14:04:12,38.5300,66,2
2026-01-21,600036,14:04:15,38.5300,36,2
2026-01-21,600036,14:04:19,38.5300,150,2
2026-01-21,600036,14:04:22,38.5400,50,1
2026-01-21,600036,14:04:24,38.5300,37,2
2026-01-21,600036,14:04:27,38.5400,103,1
2026-01-21,600036,14:04:31,38.5400,356,1
2026-01-21,600036,14:04:33,38.5400,53,1
2026-01-21,600036,14:04:36,38.5400,162,1
2026-01-21,600036,14:04:40,38.5300,134,2
2026-01-21,600036,14:04:42,38.5400,168,1
2026-01-21,600036,14:04:45,38.5300,107,2
2026-01-21,600036,14:04:48,38.5300,69,2
2026-01-21,600036,14:04:51,38.5300,603,2
2026-01-21,600036,14:04:55,38.5300,355,2
2026-01-21,600036,14:04:57,38.5300,274,2
2026-01-21,600036,14:05:01,38.5400,260,1
2026-01-21,600036,14:05:03,38.5300,127,2
2026-01-21,600036,14:05:07,38.5300,178,2
2026-01-21,600036,14:05:09,38.5400,176,1
2026-01-21,600036,14:05:13,38.5500,61,1
2026-01-21,600036,14:05:16,38.5500,99,1
2026-01-21,600036,14:05:19,38.5300,198,2
2026-01-21,600036,14:05:21,38.5400,106,1
2026-01-21,600036,14:05:24,38.5400,134,1
2026-01-21,600036,14:05:28,38.5400,155,1
2026-01-21,600036,14:05:30,38.5400,259,1
2026-01-21,600036,14:05:33,38.5300,203,2
2026-01-21,600036,14:05:36,38.5400,1394,1
2026-01-21,600036,14:05:39,38.5200,443,2
2026-01-21,600036,14:05:42,38.5400,166,1
2026-01-21,600036,14:05:45,38.5300,3,2
2026-01-21,600036,14:05:48,38.5300,20,2
2026-01-21,600036,14:05:51,38.5300,30,2
2026-01-21,600036,14:05:55,38.5300,263,2
2026-01-21,600036,14:05:58,38.5300,44,2
2026-01-21,600036,14:06:01,38.5200,594,2
2026-01-21,600036,14:06:03,38.5300,281,1
2026-01-21,600036,14:06:06,38.5200,79,2
2026-01-21,600036,14:06:10,38.5200,38,2
2026-01-21,600036,14:06:12,38.5300,54,1
2026-01-21,600036,14:06:15,38.5200,47,2
2026-01-21,600036,14:06:18,38.5200,123,2
2026-01-21,600036,14:06:21,38.5200,38,2
2026-01-21,600036,14:06:24,38.5300,74,1
2026-01-21,600036,14:06:27,38.5200,249,2
2026-01-21,600036,14:06:30,38.5200,349,2
2026-01-21,600036,14:06:33,38.5300,62,1
2026-01-21,600036,14:06:36,38.5200,53,2
2026-01-21,600036,14:06:39,38.5200,633,2
2026-01-21,600036,14:06:42,38.5200,85,2
2026-01-21,600036,14:06:45,38.5300,100,1
2026-01-21,600036,14:06:48,38.5200,47,2
2026-01-21,600036,14:06:51,38.5300,152,1
2026-01-21,600036,14:06:55,38.5300,33,1
2026-01-21,600036,14:06:57,38.5200,90,2
2026-01-21,600036,14:07:00,38.5300,149,1
2026-01-21,600036,14:07:03,38.5300,58,1
2026-01-21,600036,10:56:37,38.8800,1,1
2026-01-21,600036,10:56:39,38.8800,43,1
2026-01-21,600036,10:56:42,38.8800,3,1
2026-01-21,600036,10:56:45,38.8800,56,1
2026-01-21,600036,10:56:48,38.8600,37,2
2026-01-21,600036,10:56:55,38.8600,352,2
2026-01-21,600036,10:56:57,38.8600,25,1
2026-01-21,600036,10:57:01,38.8600,4,2
2026-01-21,600036,10:57:03,38.8700,5,1
2026-01-21,600036,10:57:06,38.8600,66,2
2026-01-21,600036,10:57:09,38.8600,21,1
2026-01-21,600036,10:57:12,38.8600,123,1
2026-01-21,600036,10:57:15,38.8600,1015,2
2026-01-21,600036,10:57:18,38.8600,130,1
2026-01-21,600036,10:57:21,38.8700,18,1
2026-01-21,600036,10:57:25,38.8700,13,1
2026-01-21,600036,10:57:30,38.8600,13,2
2026-01-21,600036,10:57:34,38.8700,61,1
2026-01-21,600036,10:57:37,38.8600,225,2
2026-01-21,600036,10:57:40,38.8600,116,2
2026-01-21,600036,10:57:42,38.8500,816,2
2026-01-21,600036,10:57:45,38.8500,165,2
2026-01-21,600036,10:57:48,38.8600,536,1
2026-01-21,600036,10:57:51,38.8600,143,2
2026-01-21,600036,10:57:55,38.8600,138,2
2026-01-21,600036,10:57:57,38.8500,77,2
2026-01-21,600036,10:58:00,38.8600,19,1
2026-01-21,600036,10:58:03,38.8500,214,2
2026-01-21,600036,10:58:06,38.8300,2069,2
2026-01-21,600036,10:58:09,38.8400,166,1
2026-01-21,600036,10:58:12,38.8500,87,1
2026-01-21,600036,10:58:15,38.8400,53,2
2026-01-21,600036,10:58:18,38.8400,30,2
2026-01-21,600036,10:58:22,38.8400,67,2
2026-01-21,600036,10:58:25,38.8400,61,2
2026-01-21,600036,10:58:28,38.8400,40,2
2026-01-21,600036,10:58:30,38.8400,28,2
2026-01-21,600036,10:58:34,38.8400,24,2
2026-01-21,600036,10:58:37,38.8400,15,2
2026-01-21,600036,10:58:39,38.8500,135,1
2026-01-21,600036,10:58:42,38.8400,444,2
2026-01-21,600036,10:58:45,38.8300,68,2
2026-01-21,600036,10:58:49,38.8300,200,2
2026-01-21,600036,10:58:51,38.8300,134,1
2026-01-21,600036,10:58:54,38.8300,160,2
2026-01-21,600036,10:58:58,38.8400,34,1
2026-01-21,600036,10:59:01,38.8400,28,1
2026-01-21,600036,10:59:03,38.8200,368,2
2026-01-21,600036,10:59:07,38.8100,284,2
2026-01-21,600036,10:59:10,38.8100,125,2
2026-01-21,600036,10:59:12,38.8100,7,1
2026-01-21,600036,10:59:16,38.8000,226,2
2026-01-21,600036,10:59:18,38.8100,317,1
2026-01-21,600036,10:59:21,38.8100,61,2
2026-01-21,600036,10:59:25,38.8100,22,2
2026-01-21,600036,10:59:27,38.8100,34,2
2026-01-21,600036,10:59:30,38.8200,18,1
2026-01-21,600036,10:59:33,38.8200,12,1
2026-01-21,600036,10:59:36,38.8200,22,1
2026-01-21,600036,10:59:39,38.8100,28,2
2026-01-21,600036,10:59:45,38.8200,118,1
2026-01-21,600036,10:59:48,38.8200,15,1
2026-01-21,600036,10:59:52,38.8200,4,1
2026-01-21,600036,10:59:55,38.8200,182,1
2026-01-21,600036,10:59:57,38.8200,1,2
2026-01-21,600036,11:00:00,38.8300,32,1
2026-01-21,600036,11:00:03,38.8200,87,2
2026-01-21,600036,11:00:07,38.8300,29,1
2026-01-21,600036,11:00:09,38.8200,52,2
2026-01-21,600036,11:00:12,38.8200,122,1
2026-01-21,600036,11:00:15,38.8300,51,1
2026-01-21,600036,11:00:18,38.8200,86,2
2026-01-21,600036,11:00:22,38.8300,12,1
2026-01-21,600036,11:00:24,38.8200,34,2
2026-01-21,600036,11:00:27,38.8200,403,2
2026-01-21,600036,11:00:30,38.8200,21,2
2026-01-21,600036,11:00:33,38.8300,27,1
2026-01-21,600036,11:00:36,38.8300,8,1
2026-01-21,600036,11:00:39,38.8300,49,1
2026-01-21,600036,11:00:42,38.8200,54,2
2026-01-21,600036,11:00:46,38.8200,25,2
2026-01-21,600036,11:00:48,38.8200,5,2
2026-01-21,600036,11:00:51,38.8300,61,1
2026-01-21,600036,11:00:54,38.8300,21,1
2026-01-21,600036,11:00:57,38.8300,6,1
2026-01-21,600036,11:01:00,38.8200,4,2
2026-01-21,600036,11:01:04,38.8200,45,2
2026-01-21,600036,11:01:07,38.8200,115,2
2026-01-21,600036,11:01:09,38.8200,43,2
2026-01-21,600036,11:01:12,38.8200,1,1
2026-01-21,600036,11:01:15,38.8200,9,1
2026-01-21,600036,11:01:18,38.8100,119,2
2026-01-21,600036,11:01:22,38.8200,3,1
2026-01-21,600036,11:01:24,38.8200,39,1
2026-01-21,600036,11:01:28,38.8200,181,1
2026-01-21,600036,11:01:31,38.8200,325,2
2026-01-21,600036,11:01:34,38.8200,198,1
2026-01-21,600036,11:01:36,38.8200,323,2
2026-01-21,600036,11:01:39,38.8200,13,1
2026-01-21,600036,11:01:42,38.8100,28,2
2026-01-21,600036,11:01:48,38.8100,174,2
2026-01-21,600036,11:01:51,38.8000,233,2
2026-01-21,600036,11:01:55,38.8000,55,2
2026-01-21,600036,11:01:57,38.8100,7,1
2026-01-21,600036,11:02:00,38.8000,3,2
2026-01-21,600036,11:02:03,38.8100,63,1
2026-01-21,600036,11:02:06,38.8000,3,2
2026-01-21,600036,11:02:10,38.8100,64,1
2026-01-21,600036,11:02:13,38.8000,28,2
2026-01-21,600036,11:02:16,38.8100,49,1
2026-01-21,600036,11:02:18,38.8100,17,1
2026-01-21,600036,11:02:22,38.8100,281,1
2026-01-21,600036,11:02:24,38.8100,68,2
2026-01-21,600036,11:02:27,38.8100,85,2
2026-01-21,600036,11:02:31,38.8000,70,2
2026-01-21,600036,11:02:34,38.8100,44,1
2026-01-21,600036,11:02:37,38.8000,5,2
2026-01-21,600036,11:02:39,38.8100,34,1
2026-01-21,600036,11:02:42,38.8100,2,1
2026-01-21,600036,11:02:46,38.8100,61,1
2026-01-21,600036,11:02:49,38.8100,102,1
2026-01-21,600036,11:02:51,38.8000,81,2
2026-01-21,600036,11:02:55,38.8000,387,2
2026-01-21,600036,11:02:57,38.8000,185,2
2026-01-21,600036,11:03:00,38.8100,96,1
2026-01-21,600036,11:03:03,38.8000,29,2
2026-01-21,600036,11:03:06,38.8000,53,2
2026-01-21,600036,11:03:10,38.8100,78,1
2026-01-21,600036,11:03:12,38.8000,46,2
2026-01-21,600036,11:03:15,38.8000,144,2
2026-01-21,600036,11:03:19,38.8000,165,2
2026-01-21,600036,11:03:21,38.8000,925,2
2026-01-21,600036,11:03:24,38.8000,174,2
2026-01-21,600036,11:03:28,38.8000,96,1
2026-01-21,600036,11:03:31,38.7900,108,2
2026-01-21,600036,11:03:33,38.8000,51,1
2026-01-21,600036,11:03:36,38.8000,99,1
2026-01-21,600036,11:03:39,38.8000,188,1
2026-01-21,600036,11:03:42,38.7900,795,2
2026-01-21,600036,11:03:45,38.7800,148,2
2026-01-21,600036,11:03:48,38.7800,294,2
2026-01-21,600036,11:03:52,38.7800,506,2
2026-01-21,600036,11:03:54,38.7700,271,2
2026-01-21,600036,11:03:57,38.7700,127,2
2026-01-21,600036,11:04:00,38.7700,147,2
2026-01-21,600036,11:04:03,38.7600,156,2
2026-01-21,600036,11:04:06,38.7700,84,1
2026-01-21,600036,11:04:10,38.7600,41,2
2026-01-21,600036,11:04:12,38.7700,13,1
2026-01-21,600036,11:04:15,38.7700,265,1
2026-01-21,600036,11:04:18,38.7700,17,1
2026-01-21,600036,11:04:21,38.7700,270,1
2026-01-21,600036,11:04:25,38.7600,173,2
2026-01-21,600036,11:04:27,38.7600,57,2
2026-01-21,600036,11:04:30,38.7700,26,1
2026-01-21,600036,11:04:34,38.7600,107,2
2026-01-21,600036,11:04:36,38.7700,81,1
2026-01-21,600036,11:04:39,38.7700,247,2
2026-01-21,600036,11:04:43,38.7700,80,1
2026-01-21,600036,11:04:46,38.7700,46,1
2026-01-21,600036,11:04:48,38.7700,229,1
2026-01-21,600036,11:04:51,38.7700,234,2
2026-01-21,600036,11:04:54,38.7700,4,2
2026-01-21,600036,11:04:57,38.7800,9,1
2026-01-21,600036,11:05:00,38.7800,11,1
2026-01-21,600036,11:05:04,38.7700,46,2
2026-01-21,600036,11:05:07,38.7700,71,2
2026-01-21,600036,11:05:09,38.7700,936,2
2026-01-21,600036,11:05:13,38.7700,160,2
2026-01-21,600036,11:05:15,38.7700,144,2
2026-01-21,600036,11:05:19,38.7700,109,2
2026-01-21,600036,11:05:21,38.7800,73,1
2026-01-21,600036,11:05:24,38.7700,13,2
2026-01-21,600036,11:05:27,38.7800,31,1
2026-01-21,600036,11:05:30,38.7800,51,1
2026-01-21,600036,11:05:33,38.7800,18,1
2026-01-21,600036,11:05:36,38.7700,51,2
2026-01-21,600036,11:05:39,38.7800,3,1
2026-01-21,600036,11:05:43,38.7800,37,1
2026-01-21,600036,11:05:46,38.7800,17,1
2026-01-21,600036,11:05:48,38.7800,98,1
2026-01-21,600036,11:05:52,38.7800,33,1
2026-01-21,600036,11:05:55,38.7700,47,2
2026-01-21,600036,11:05:57,38.7700,57,2
2026-01-21,600036,11:06:01,38.7700,22,2
2026-01-21,600036,11:06:03,38.7700,52,2
2026-01-21,600036,11:06:06,38.7700,598,2
2026-01-21,600036,11:06:09,38.7700,301,1
2026-01-21,600036,11:06:13,38.7700,54,2
2026-01-21,600036,11:06:15,38.7700,88,2
2026-01-21,600036,11:06:19,38.7700,40,2
2026-01-21,600036,11:06:21,38.7700,329,2
2026-01-21,600036,11:06:24,38.7700,17,1
2026-01-21,600036,11:06:27,38.7700,55,1
2026-01-21,600036,11:06:30,38.7700,73,1
2026-01-21,600036,11:06:33,38.7600,30,2
2026-01-21,600036,11:06:36,38.7700,90,1
2026-01-21,600036,11:06:39,38.7600,156,2
2026-01-21,600036,11:06:42,38.7700,63,1
2026-01-21,600036,11:06:45,38.7600,61,2
2026-01-21,600036,11:06:48,38.7600,35,2
2026-01-21,600036,11:06:51,38.7600,95,2
2026-01-21,600036,11:06:54,38.7600,83,2
2026-01-21,600036,11:06:57,38.7600,164,2
2026-01-21,600036,11:07:01,38.7600,50,2
2026-01-21,600036,11:07:03,38.7600,39,2
2026-01-21,600036,11:07:06,38.7700,30,1
2026-01-21,600036,11:07:10,38.7600,80,2
2026-01-21,600036,11:07:13,38.7700,59,1
2026-01-21,600036,11:07:16,38.7600,6,2
2026-01-21,600036,11:07:18,38.7600,5,2
2026-01-21,600036,11:07:21,38.7700,66,1
2026-01-21,600036,11:07:25,38.7700,162,1
2026-01-21,600036,11:07:27,38.7700,97,1
2026-01-21,600036,11:07:30,38.7700,365,1
2026-01-21,600036,11:07:34,38.7700,30,2
2026-01-21,600036,11:07:37,38.7800,591,1
2026-01-21,600036,11:07:39,38.7800,10,1
2026-01-21,600036,11:07:42,38.7700,62,2
2026-01-21,600036,11:07:45,38.7800,53,1
2026-01-21,600036,11:07:49,38.7800,77,1
2026-01-21,600036,11:07:51,38.7600,484,2
2026-01-21,600036,11:07:54,38.7600,222,2
2026-01-21,600036,11:07:57,38.7700,1121,1
2026-01-21,600036,11:08:00,38.7600,124,2
2026-01-21,600036,11:08:04,38.7700,442,1
2026-01-21,600036,11:08:06,38.7700,375,1
2026-01-21,600036,11:08:10,38.7600,10,2
2026-01-21,600036,11:08:12,38.7700,16,1
2026-01-21,600036,11:08:15,38.7700,51,1
2026-01-21,600036,11:08:18,38.7600,135,2
2026-01-21,600036,11:08:22,38.7700,31,1
2026-01-21,600036,11:08:24,38.7700,10,1
2026-01-21,600036,11:08:27,38.7600,65,2
2026-01-21,600036,11:08:30,38.7700,13,1
2026-01-21,600036,11:08:33,38.7700,42,1
2026-01-21,600036,11:08:37,38.7700,23,1
2026-01-21,600036,11:08:39,38.7700,138,1
2026-01-21,600036,11:08:43,38.7700,17,2
2026-01-21,600036,11:08:46,38.7700,81,2
2026-01-21,600036,11:08:48,38.7800,457,1
2026-01-21,600036,11:08:51,38.7700,3,2
2026-01-21,600036,11:08:55,38.7800,46,1
2026-01-21,600036,11:08:57,38.7700,47,2
2026-01-21,600036,11:09:00,38.7600,198,2
2026-01-21,600036,11:09:03,38.7600,162,2
2026-01-21,600036,11:09:07,38.7700,63,1
2026-01-21,600036,11:09:09,38.7700,86,1
2026-01-21,600036,11:09:13,38.7800,142,1
2026-01-21,600036,11:09:15,38.7600,47,2
2026-01-21,600036,11:09:19,38.7800,53,1
2026-01-21,600036,11:09:24,38.7700,2,2
2026-01-21,600036,11:09:27,38.7700,261,2
2026-01-21,600036,11:09:30,38.7700,71,2
2026-01-21,600036,11:09:34,38.7700,128,2
2026-01-21,600036,11:09:36,38.7700,321,2
2026-01-21,600036,11:09:39,38.7700,61,1
2026-01-21,600036,11:09:42,38.7600,29,2
2026-01-21,600036,11:09:45,38.7700,53,1
2026-01-21,600036,11:09:49,38.7700,98,1
2026-01-21,600036,11:09:51,38.7700,32,1
2026-01-21,600036,11:09:54,38.7700,80,1
2026-01-21,600036,11:09:57,38.7700,32,1
2026-01-21,600036,11:10:00,38.7600,58,2
2026-01-21,600036,11:10:03,38.7700,83,1
2026-01-21,600036,11:10:06,38.7700,41,2
2026-01-21,600036,11:10:10,38.7700,71,2
2026-01-21,600036,11:10:12,38.7800,22,1
2026-01-21,600036,11:10:19,38.7800,17,1
2026-01-21,600036,11:10:21,38.7800,28,1
2026-01-21,600036,11:10:24,38.7700,128,2
2026-01-21,600036,11:10:27,38.7700,605,2
2026-01-21,600036,11:10:30,38.7600,620,2
2026-01-21,600036,11:10:33,38.7600,72,2
2026-01-21,600036,11:10:36,38.7500,159,2
2026-01-21,600036,11:10:39,38.7500,620,2
2026-01-21,600036,11:10:42,38.7700,7,1
2026-01-21,600036,11:10:45,38.7500,149,2
2026-01-21,600036,11:10:48,38.7500,123,2
2026-01-21,600036,11:10:51,38.7600,68,1
2026-01-21,600036,11:10:54,38.7500,43,2
2026-01-21,600036,11:10:58,38.7500,40,2
2026-01-21,600036,11:11:00,38.7600,162,1
2026-01-21,600036,11:11:03,38.7500,2397,2
2026-01-21,600036,11:11:07,38.7300,5581,2
2026-01-21,600036,11:11:10,38.7200,268,2
2026-01-21,600036,11:11:13,38.7300,631,1
2026-01-21,600036,11:11:15,38.7400,34,1
2026-01-21,600036,11:11:19,38.7400,309,1
2026-01-21,600036,11:11:21,38.7400,114,2
2026-01-21,600036,11:11:25,38.7400,237,2
2026-01-21,600036,11:11:27,38.7400,1254,2
2026-01-21,600036,11:11:30,38.7400,161,1
2026-01-21,600036,11:11:34,38.7400,143,1
2026-01-21,600036,11:11:36,38.7200,139,2
2026-01-21,600036,11:11:39,38.7300,223,1
2026-01-21,600036,11:11:43,38.7200,165,2
2026-01-21,600036,11:11:45,38.7200,220,2
2026-01-21,600036,11:11:48,38.7200,51,2
2026-01-21,600036,11:11:51,38.7200,250,2
2026-01-21,600036,11:11:55,38.7200,76,2
2026-01-21,600036,11:11:57,38.7200,92,2
2026-01-21,600036,11:12:00,38.7300,145,1
2026-01-21,600036,11:12:03,38.7200,63,2
2026-01-21,600036,11:12:06,38.7200,176,2
2026-01-21,600036,11:12:10,38.7200,139,2
2026-01-21,600036,11:12:12,38.7300,162,1
2026-01-21,600036,11:12:16,38.7100,168,2
2026-01-21,600036,11:12:19,38.7200,168,1
2026-01-21,600036,11:12:22,38.7100,83,2
2026-01-21,600036,11:12:24,38.7100,48,2
2026-01-21,600036,11:12:28,38.7100,214,2
2026-01-21,600036,11:12:30,38.7100,229,2
2026-01-21,600036,11:12:33,38.7100,154,2
2026-01-21,600036,11:12:36,38.7200,131,1
2026-01-21,600036,11:12:40,38.7200,183,1
2026-01-21,600036,11:12:43,38.7200,223,1
2026-01-21,600036,11:12:45,38.7100,160,2
2026-01-21,600036,11:12:48,38.7200,159,1
2026-01-21,600036,11:12:51,38.7200,116,1
2026-01-21,600036,11:12:54,38.7200,115,1
2026-01-21,600036,11:12:57,38.7200,168,1
2026-01-21,600036,11:13:00,38.7100,153,2
2026-01-21,600036,11:13:04,38.7100,116,2
2026-01-21,600036,11:13:06,38.7100,69,2
2026-01-21,600036,11:13:09,38.7100,188,2
2026-01-21,600036,11:13:13,38.7100,892,2
2026-01-21,600036,11:13:15,38.7100,508,2
2026-01-21,600036,11:13:18,38.7100,182,2
2026-01-21,600036,11:13:21,38.7100,188,1
2026-01-21,600036,11:13:24,38.7100,145,1
2026-01-21,600036,11:13:27,38.7000,125,2
2026-01-21,600036,11:13:30,38.7000,81,2
2026-01-21,600036,11:13:33,38.7000,132,2
2026-01-21,600036,11:13:37,38.7100,145,1
2026-01-21,600036,11:13:39,38.7100,215,1
2026-01-21,600036,11:13:42,38.7100,195,1
2026-01-21,600036,11:13:45,38.7100,152,2
2026-01-21,600036,11:13:48,38.7100,17,2
2026-01-21,600036,11:13:51,38.7200,25,1
2026-01-21,600036,11:13:54,38.7200,3,1
2026-01-21,600036,11:13:57,38.7100,30,2
2026-01-21,600036,11:14:00,38.7200,126,1
2026-01-21,600036,11:14:03,38.7200,7,1
2026-01-21,600036,11:14:07,38.7200,43,1
2026-01-21,600036,11:14:09,38.7200,68,1
2026-01-21,600036,11:14:12,38.7200,107,1
2026-01-21,600036,11:14:15,38.7200,948,1
2026-01-21,600036,11:14:18,38.7200,302,1
2026-01-21,600036,11:14:22,38.7200,523,1
2026-01-21,600036,11:14:25,38.7100,72,2
2026-01-21,600036,11:14:28,38.7100,108,2
2026-01-21,600036,11:14:31,38.7200,112,2
2026-01-21,600036,11:14:34,38.7200,81,2
2026-01-21,600036,11:14:37,38.7200,70,2
2026-01-21,600036,11:14:39,38.7300,106,1
2026-01-21,600036,11:14:42,38.7200,57,2
2026-01-21,600036,11:14:45,38.7200,114,2
2026-01-21,600036,11:14:48,38.7300,104,1
2026-01-21,600036,11:14:51,38.7300,60,1
2026-01-21,600036,11:14:54,38.7300,322,1
2026-01-21,600036,11:14:58,38.7200,124,2
2026-01-21,600036,11:15:00,38.7200,94,2
2026-01-21,600036,11:15:04,38.7200,152,2
2026-01-21,600036,11:15:07,38.7200,669,2
2026-01-21,600036,11:15:09,38.7200,204,2
2026-01-21,600036,11:15:12,38.7300,182,1
2026-01-21,600036,11:15:15,38.7200,72,2
2026-01-21,600036,11:15:18,38.7300,375,1
2026-01-21,600036,11:15:21,38.7200,64,2
2026-01-21,600036,11:15:24,38.7200,50,2
2026-01-21,600036,11:15:27,38.7200,190,2
2026-01-21,600036,11:15:31,38.7200,242,2
2026-01-21,600036,11:15:33,38.7200,122,2
2026-01-21,600036,11:15:37,38.7200,1678,2
2026-01-21,600036,11:15:39,38.7100,92,2
2026-01-21,600036,11:15:42,38.7100,69,2
2026-01-21,600036,11:15:45,38.7200,169,1
2026-01-21,600036,11:15:48,38.7200,120,1
2026-01-21,600036,11:15:51,38.7100,48,2
2026-01-21,600036,11:15:54,38.7200,350,1
2026-01-21,600036,11:15:57,38.7100,64,2
2026-01-21,600036,11:16:00,38.7200,56,1
2026-01-21,600036,11:16:03,38.7300,242,1
2026-01-21,600036,11:16:06,38.7200,19,2
2026-01-21,600036,11:16:10,38.7300,10,1
2026-01-21,600036,11:16:12,38.7200,53,2
2026-01-21,600036,11:16:15,38.7200,132,2
2026-01-21,600036,11:16:19,38.7300,27,1
2026-01-21,600036,11:16:22,38.7200,177,2
2026-01-21,600036,11:16:25,38.7200,187,2
2026-01-21,600036,11:16:27,38.7300,19,1
2026-01-21,600036,11:16:31,38.7300,176,1
2026-01-21,600036,11:16:33,38.7200,26,2
2026-01-21,600036,11:16:37,38.7200,53,2
2026-01-21,600036,11:16:39,38.7300,25,1
2026-01-21,600036,11:16:42,38.7300,60,1
2026-01-21,600036,11:16:46,38.7400,34,1
2026-01-21,600036,11:16:48,38.7300,42,2
2026-01-21,600036,11:16:51,38.7300,36,2
2026-01-21,600036,11:16:57,38.7400,114,1
2026-01-21,600036,11:17:03,38.7500,35,1
2026-01-21,600036,11:17:06,38.7500,245,1
2026-01-21,600036,11:17:10,38.7400,240,2
2026-01-21,600036,11:17:12,38.7500,118,4
2026-01-21,600036,11:17:15,38.7600,44,1
2026-01-21,600036,11:17:19,38.7500,60,2
2026-01-21,600036,11:17:21,38.7500,32,2
2026-01-21,600036,11:17:24,38.7600,60,1
2026-01-21,600036,11:17:30,38.7600,518,1
2026-01-21,600036,11:17:33,38.7600,40,4
2026-01-21,600036,11:17:36,38.7600,112,1
2026-01-21,600036,11:17:39,38.7500,1278,2
2026-01-21,600036,11:17:42,38.7500,14,1
2026-01-21,600036,11:17:46,38.7500,52,1
2026-01-21,600036,11:17:48,38.7500,31,1
2026-01-21,600036,11:17:51,38.7500,24,1
2026-01-21,600036,11:17:55,38.7500,89,1
2026-01-21,600036,11:17:58,38.7500,326,1
2026-01-21,600036,11:18:01,38.7500,224,1
2026-01-21,600036,11:18:04,38.7300,137,2
2026-01-21,600036,11:18:06,38.7300,66,2
2026-01-21,600036,11:18:10,38.7300,12,2
2026-01-21,600036,11:18:12,38.7400,61,1
2026-01-21,600036,11:18:16,38.7300,27,2
2026-01-21,600036,11:18:19,38.7300,11,2
2026-01-21,600036,11:18:21,38.7400,28,1
2026-01-21,600036,11:18:24,38.7300,6,2
2026-01-21,600036,11:18:27,38.7300,139,2
2026-01-21,600036,11:18:30,38.7400,109,1
2026-01-21,600036,11:18:34,38.7300,47,2
2026-01-21,600036,11:18:37,38.7300,191,2
2026-01-21,600036,11:18:39,38.7300,179,2
2026-01-21,600036,11:18:42,38.7400,44,1
2026-01-21,600036,11:18:46,38.7400,135,1
2026-01-21,600036,11:18:48,38.7400,56,1
2026-01-21,600036,11:18:51,38.7300,54,2
2026-01-21,600036,11:18:55,38.7300,72,2
2026-01-21,600036,11:18:57,38.7400,44,1
2026-01-21,600036,11:19:00,38.7300,71,2
2026-01-21,600036,11:19:03,38.7400,37,1
2026-01-21,600036,11:19:06,38.7400,41,1
2026-01-21,600036,11:19:09,38.7400,32,1
2026-01-21,600036,11:19:13,38.7400,61,1
2026-01-21,600036,11:19:15,38.7400,103,1
2026-01-21,600036,11:19:18,38.7300,78,2
2026-01-21,600036,11:19:21,38.7400,34,1
2026-01-21,600036,11:19:24,38.7300,21,2
2026-01-21,600036,11:19:28,38.7300,13,2
2026-01-21,600036,11:19:31,38.7300,49,2
2026-01-21,600036,11:19:33,38.7300,5,2
2026-01-21,600036,11:19:36,38.7400,53,1
2026-01-21,600036,11:19:39,38.7400,27,1
2026-01-21,600036,11:19:42,38.7300,55,2
2026-01-21,600036,11:19:45,38.7400,21,1
2026-01-21,600036,11:19:49,38.7400,33,1
2026-01-21,600036,11:19:51,38.7400,7,1
2026-01-21,600036,11:19:54,38.7300,72,2
