date,code,time,price,volume,bs
2026-01-20,601012,14:07:08,17.3900,550,2
2026-01-20,601012,14:07:11,17.3900,222,1
2026-01-20,601012,14:07:14,17.3900,409,1
2026-01-20,601012,14:07:17,17.3900,123,1
2026-01-20,601012,14:07:20,17.3900,562,1
2026-01-20,601012,14:07:23,17.3900,199,2
2026-01-20,601012,14:07:26,17.3900,723,2
2026-01-20,601012,14:07:29,17.3900,286,1
2026-01-20,601012,14:07:32,17.3900,501,2
2026-01-20,601012,14:07:34,17.3900,128,1
2026-01-20,601012,14:07:38,17.3900,490,1
2026-01-20,601012,14:07:40,17.3900,75,1
2026-01-20,601012,14:07:44,17.3900,641,1
2026-01-20,601012,14:07:47,17.3800,273,2
2026-01-20,601012,14:07:49,17.3900,88,1
2026-01-20,601012,14:07:53,17.3900,93,1
2026-01-20,601012,14:07:56,17.3900,309,1
2026-01-20,601012,14:07:59,17.3900,705,1
2026-01-20,601012,14:08:02,17.3900,175,1
2026-01-20,601012,14:08:05,17.3900,154,1
2026-01-20,601012,14:08:08,17.3800,56,2
2026-01-20,601012,14:08:11,17.3900,99,1
2026-01-20,601012,14:08:13,17.3900,68,1
2026-01-20,601012,14:08:17,17.3900,227,1
2026-01-20,601012,14:08:19,17.3800,61,2
2026-01-20,601012,14:08:22,17.3900,135,1
2026-01-20,601012,14:08:26,17.3900,159,1
2026-01-20,601012,14:08:29,17.3900,101,1
2026-01-20,601012,14:08:31,17.3900,143,1
2026-01-20,601012,14:08:35,17.3900,88,1
2026-01-20,601012,14:08:38,17.3900,175,1
2026-01-20,601012,14:08:41,17.4200,5108,1
2026-01-20,601012,14:08:44,17.3800,565,2
2026-01-20,601012,14:08:47,17.3900,76,1
2026-01-20,601012,14:08:50,17.3900,41,1
2026-01-20,601012,14:08:53,17.3800,556,2
2026-01-20,601012,14:08:56,17.4000,30,1
2026-01-20,601012,14:08:59,17.4000,58,1
2026-01-20,601012,14:09:01,17.3900,109,2
2026-01-20,601012,14:09:05,17.4000,168,1
2026-01-20,601012,14:09:07,17.4000,163,1
2026-01-20,601012,14:09:11,17.4100,307,1
2026-01-20,601012,14:09:14,17.4100,237,1
2026-01-20,601012,14:09:17,17.4000,28,2
2026-01-20,601012,14:09:20,17.4000,79,2
2026-01-20,601012,14:09:23,17.4000,187,2
2026-01-20,601012,14:09:26,17.3900,1194,2
2026-01-20,601012,14:09:29,17.3900,55,2
2026-01-20,601012,14:09:32,17.4000,80,4
2026-01-20,601012,14:09:35,17.4000,186,2
2026-01-20,601012,14:09:38,17.4100,71,4
2026-01-20,601012,14:09:41,17.4000,102,2
2026-01-20,601012,14:09:44,17.4100,600,4
2026-01-20,601012,14:09:47,17.4100,144,2
2026-01-20,601012,14:09:50,17.4100,479,4
2026-01-20,601012,14:09:53,17.4000,299,2
2026-01-20,601012,14:09:56,17.4000,534,2
2026-01-20,601012,14:09:59,17.4100,579,1
2026-01-20,601012,14:10:02,17.4100,760,1
2026-01-20,601012,14:10:05,17.3900,635,2
2026-01-20,601012,14:10:08,17.4100,769,1
2026-01-20,601012,14:10:11,17.3900,256,2
2026-01-20,601012,14:10:14,17.3800,546,2
2026-01-20,601012,14:10:17,17.3900,218,4
2026-01-20,601012,14:10:20,17.3900,558,2
2026-01-20,601012,14:10:23,17.4000,176,1
2026-01-20,601012,14:10:26,17.3800,570,2
2026-01-20,601012,14:10:29,17.3900,151,1
2026-01-20,601012,14:10:31,17.4000,707,1
2026-01-20,601012,14:10:35,17.4000,188,1
2026-01-20,601012,14:10:38,17.3800,470,2
2026-01-20,601012,14:10:41,17.3900,70,2
2026-01-20,601012,14:10:44,17.4000,158,1
2026-01-20,601012,14:10:47,17.4000,194,1
2026-01-20,601012,14:10:50,17.4000,30,1
2026-01-20,601012,14:10:53,17.3900,335,2
2026-01-20,601012,14:10:56,17.3900,127,1
2026-01-20,601012,14:10:59,17.3900,1466,1
2026-01-20,601012,14:11:02,17.3900,146,1
2026-01-20,601012,14:11:05,17.3900,163,1
2026-01-20,601012,14:11:08,17.3900,340,1
2026-01-20,601012,14:11:11,17.3900,121,2
2026-01-20,601012,14:11:14,17.3900,69,1
2026-01-20,601012,14:11:17,17.3800,130,2
2026-01-20,601012,14:11:20,17.3800,81,2
2026-01-20,601012,14:11:23,17.3900,47,2
2026-01-20,601012,14:11:26,17.4000,219,1
2026-01-20,601012,14:11:29,17.4000,811,1
2026-01-20,601012,14:11:32,17.4100,256,1
2026-01-20,601012,14:11:35,17.4000,269,2
2026-01-20,601012,14:11:38,17.4100,19,1
2026-01-20,601012,14:11:40,17.4000,44,2
2026-01-20,601012,14:11:44,17.4100,88,1
2026-01-20,601012,14:11:46,17.4000,38,2
2026-01-20,601012,14:11:49,17.4000,72,2
2026-01-20,601012,14:11:53,17.4200,694,1
2026-01-20,601012,14:11:56,17.4300,1069,1
2026-01-20,601012,14:11:59,17.4300,91,1
2026-01-20,601012,14:12:02,17.4100,45,2
2026-01-20,601012,14:12:05,17.4100,32,2
2026-01-20,601012,14:12:07,17.4200,36,1
2026-01-20,601012,14:12:10,17.4200,100,1
2026-01-20,601012,14:12:14,17.4200,30,1
2026-01-20,601012,14:12:17,17.4200,67,1
2026-01-20,601012,14:12:20,17.4200,91,1
2026-01-20,601012,14:12:22,17.4100,145,2
2026-01-20,601012,14:12:26,17.4100,70,1
2026-01-20,601012,14:12:29,17.4100,160,1
2026-01-20,601012,14:12:32,17.4100,310,1
2026-01-20,601012,14:12:35,17.4000,161,2
2026-01-20,601012,14:12:38,17.4100,536,1
2026-01-20,601012,14:12:40,17.4000,253,2
2026-01-20,601012,14:12:43,17.4000,215,1
2026-01-20,601012,14:12:46,17.4000,146,1
2026-01-20,601012,14:12:50,17.4000,190,1
2026-01-20,601012,14:12:53,17.3900,242,2
2026-01-20,601012,14:12:56,17.4000,892,1
2026-01-20,601012,14:12:59,17.4000,41,2
2026-01-20,601012,14:13:02,17.4000,172,2
2026-01-20,601012,14:13:05,17.4100,54,1
2026-01-20,601012,14:13:07,17.4000,61,2
2026-01-20,601012,14:13:11,17.4000,82,2
2026-01-20,601012,14:13:14,17.4000,105,2
2026-01-20,601012,14:13:17,17.4100,76,1
2026-01-20,601012,14:13:19,17.4100,312,1
2026-01-20,601012,14:13:23,17.4000,106,2
2026-01-20,601012,14:13:26,17.4100,61,1
2026-01-20,601012,14:13:29,17.4100,76,1
2026-01-20,601012,14:13:32,17.4100,238,1
2026-01-20,601012,14:13:35,17.4000,314,2
2026-01-20,601012,14:13:38,17.4000,193,2
2026-01-20,601012,14:13:40,17.4100,140,1
2026-01-20,601012,14:13:44,17.4000,66,2
2026-01-20,601012,14:13:46,17.4100,130,1
2026-01-20,601012,14:13:49,17.4100,202,1
2026-01-20,601012,14:13:52,17.4000,109,2
2026-01-20,601012,14:13:56,17.4100,207,1
2026-01-20,601012,14:13:59,17.4100,159,1
2026-01-20,601012,14:14:02,17.4000,291,2
2026-01-20,601012,14:14:05,17.4100,716,1
2026-01-20,601012,14:14:07,17.4100,101,2
2026-01-20,601012,14:14:11,17.4100,125,2
2026-01-20,601012,14:14:14,17.4200,578,1
2026-01-20,601012,14:14:17,17.4100,101,2
2026-01-20,601012,14:14:20,17.4100,34,2
2026-01-20,601012,14:14:23,17.4100,114,2
2026-01-20,601012,14:14:26,17.4100,345,2
2026-01-20,601012,14:14:29,17.4100,45,2
2026-01-20,601012,14:14:32,17.4200,371,1
2026-01-20,601012,14:14:35,17.4100,3706,2
2026-01-20,601012,14:14:38,17.4300,65,1
2026-01-20,601012,14:14:41,17.4300,36,1
2026-01-20,601012,14:14:44,17.4400,86,1
2026-01-20,601012,14:14:47,17.4400,86,1
2026-01-20,601012,14:14:49,17.4300,236,2
2026-01-20,601012,14:14:52,17.4300,133,1
2026-01-20,601012,14:14:56,17.4300,58,1
2026-01-20,601012,14:14:59,17.4200,68,2
2026-01-20,601012,14:15:01,17.4300,207,1
2026-01-20,601012,14:15:05,17.4300,42,2
2026-01-20,601012,14:15:08,17.4400,131,1
2026-01-20,601012,14:15:11,17.4400,72,1
2026-01-20,601012,14:15:13,17.4400,50,1
2026-01-20,601012,14:15:17,17.4400,28,1
2026-01-20,601012,14:15:20,17.4400,328,1
2026-01-20,601012,14:15:23,17.4300,360,2
2026-01-20,601012,14:15:26,17.4400,240,2
2026-01-20,601012,14:15:28,17.4400,410,1
2026-01-20,601012,14:15:32,17.4400,172,1
2026-01-20,601012,14:15:35,17.4300,207,2
2026-01-20,601012,14:15:38,17.4300,659,2
2026-01-20,601012,14:15:41,17.4200,597,2
2026-01-20,601012,14:15:44,17.4300,46,1
2026-01-20,601012,14:15:46,17.4300,18,1
2026-01-20,601012,14:15:49,17.4300,328,1
2026-01-20,601012,14:15:53,17.4300,992,1
2026-01-20,601012,14:15:56,17.4300,204,2
2026-01-20,601012,14:15:59,17.4200,311,2
2026-01-20,601012,14:16:01,17.4100,110,2
2026-01-20,601012,14:16:05,17.4100,223,2
2026-01-20,601012,14:16:08,17.4200,32,4
2026-01-20,601012,14:16:11,17.4200,221,2
2026-01-20,601012,14:16:13,17.4300,208,1
2026-01-20,601012,14:16:17,17.4200,89,4
2026-01-20,601012,14:16:20,17.4200,222,1
2026-01-20,601012,14:16:23,17.4100,111,2
2026-01-20,601012,14:16:26,17.4200,178,1
2026-01-20,601012,14:16:29,17.4100,69,2
2026-01-20,601012,14:16:31,17.4100,309,2
2026-01-20,601012,14:16:35,17.4200,244,1
2026-01-20,601012,14:16:38,17.4100,37,2
2026-01-20,601012,14:16:41,17.4200,439,1
2026-01-20,601012,14:16:44,17.4000,84,2
2026-01-20,601012,14:16:47,17.4100,132,4
2026-01-20,601012,14:16:50,17.4000,75,2
2026-01-20,601012,14:16:52,17.4000,115,2
2026-01-20,601012,14:16:56,17.4100,106,1
2026-01-20,601012,14:16:58,17.4100,62,1
2026-01-20,601012,14:17:02,17.4100,129,1
2026-01-20,601012,14:17:05,17.4000,215,2
2026-01-20,601012,14:17:08,17.4000,328,2
2026-01-20,601012,14:17:11,17.4000,69,2
2026-01-20,601012,14:17:13,17.4100,241,1
2026-01-20,601012,14:17:17,17.4100,311,1
2026-01-20,601012,14:17:20,17.4100,83,1
2026-01-20,601012,14:17:23,17.4000,5843,2
2026-01-20,601012,14:17:26,17.3900,186,2
2026-01-20,601012,14:17:29,17.3900,90,2
2026-01-20,601012,14:17:32,17.3900,209,2
2026-01-20,601012,14:17:35,17.4000,789,1
2026-01-20,601012,14:17:38,17.4000,72,1
2026-01-20,601012,14:17:41,17.3900,520,2
2026-01-20,601012,14:17:44,17.4000,511,1
2026-01-20,601012,14:17:47,17.3900,111,2
2026-01-20,601012,14:17:50,17.3900,248,2
2026-01-20,601012,14:17:53,17.3800,86,2
2026-01-20,601012,14:17:56,17.3900,80,1
2026-01-20,601012,14:17:59,17.3900,421,1
2026-01-20,601012,14:18:02,17.3900,349,1
2026-01-20,601012,14:18:05,17.3900,41,1
2026-01-20,601012,14:18:08,17.3900,245,1
2026-01-20,601012,14:18:11,17.3900,67,1
2026-01-20,601012,14:18:14,17.3800,1686,2
2026-01-20,601012,14:18:17,17.3800,323,2
2026-01-20,601012,14:18:19,17.3800,222,2
2026-01-20,601012,14:18:23,17.3900,66,1
2026-01-20,601012,14:18:26,17.3800,225,2
2026-01-20,601012,14:18:29,17.3800,118,2
2026-01-20,601012,14:18:32,17.3800,196,2
2026-01-20,601012,14:18:35,17.3800,104,2
2026-01-20,601012,14:18:37,17.3800,210,2
2026-01-20,601012,14:18:41,17.3900,109,1
2026-01-20,601012,14:18:43,17.3800,335,2
2026-01-20,601012,14:18:47,17.3800,90,2
2026-01-20,601012,14:18:50,17.3800,584,2
2026-01-20,601012,14:18:53,17.3800,1043,2
2026-01-20,601012,14:18:55,17.3800,306,2
2026-01-20,601012,14:18:58,17.3900,354,1
2026-01-20,601012,14:19:02,17.3800,182,2
2026-01-20,601012,14:19:05,17.3700,59,2
2026-01-20,601012,14:19:07,17.3700,108,2
2026-01-20,601012,14:19:11,17.3800,197,1
2026-01-20,601012,14:19:14,17.3700,305,2
2026-01-20,601012,14:19:17,17.3800,291,1
2026-01-20,601012,14:19:20,17.3800,117,1
2026-01-20,601012,14:19:23,17.3800,156,1
2026-01-20,601012,14:19:26,17.3700,227,2
2026-01-20,601012,14:19:29,17.3700,454,2
2026-01-20,601012,14:19:32,17.3700,198,2
2026-01-20,601012,14:19:34,17.3800,157,1
2026-01-20,601012,14:19:38,17.3800,32,1
2026-01-20,601012,14:19:41,17.3800,212,1
2026-01-20,601012,14:19:44,17.3700,195,2
2026-01-20,601012,14:19:47,17.3800,134,1
2026-01-20,601012,14:19:50,17.3800,107,1
2026-01-20,601012,14:19:53,17.3800,1098,1
2026-01-20,601012,14:19:56,17.3800,91,1
2026-01-20,601012,14:19:59,17.3800,119,1
2026-01-20,601012,14:20:02,17.3800,140,1
2026-01-20,601012,14:20:05,17.3800,163,1
2026-01-20,601012,14:20:08,17.3800,123,1
2026-01-20,601012,14:20:11,17.3800,893,1
2026-01-20,601012,14:20:14,17.3900,167,1
2026-01-20,601012,14:20:16,17.3900,989,1
2026-01-20,601012,14:20:19,17.3900,313,1
2026-01-20,601012,14:20:22,17.3800,91,2
2026-01-20,601012,14:20:26,17.3900,349,1
2026-01-20,601012,14:20:28,17.3900,101,1
2026-01-20,601012,14:20:32,17.3900,41,1
2026-01-20,601012,14:20:35,17.3800,115,2
2026-01-20,601012,14:20:38,17.3800,126,1
2026-01-20,601012,14:20:41,17.3900,97,1
2026-01-20,601012,14:20:44,17.3800,159,2
2026-01-20,601012,14:20:47,17.3800,292,2
2026-01-20,601012,14:20:50,17.3800,578,1
2026-01-20,601012,14:20:53,17.3800,72,1
2026-01-20,601012,14:20:56,17.3800,125,1
2026-01-20,601012,14:20:59,17.3800,478,1
2026-01-20,601012,14:21:02,17.3800,353,2
2026-01-20,601012,14:21:04,17.3900,92,1
2026-01-20,601012,14:21:08,17.3800,395,2
2026-01-20,601012,14:21:10,17.3800,31,2
2026-01-20,601012,14:21:13,17.3900,139,1
2026-01-20,601012,14:21:17,17.3900,148,1
2026-01-20,601012,14:21:19,17.3900,225,1
2026-01-20,601012,14:21:23,17.3800,80,2
2026-01-20,601012,14:21:25,17.3800,29,2
2026-01-20,601012,14:21:29,17.3900,162,1
2026-01-20,601012,14:21:32,17.3900,92,1
2026-01-20,601012,14:21:34,17.3900,460,1
2026-01-20,601012,14:21:38,17.3800,260,2
2026-01-20,601012,14:21:41,17.3900,51,1
2026-01-20,601012,14:21:44,17.3900,109,1
2026-01-20,601012,14:21:46,17.3900,386,1
2026-01-20,601012,14:21:50,17.3900,280,1
2026-01-20,601012,14:21:53,17.3900,117,1
2026-01-20,601012,14:21:56,17.3900,185,1
2026-01-20,601012,14:21:58,17.3900,537,1
2026-01-20,601012,14:22:02,17.3900,20,2
2026-01-20,601012,14:22:05,17.3900,118,2
2026-01-20,601012,14:22:07,17.3900,245,1
2026-01-20,601012,14:22:11,17.3900,81,1
2026-01-20,601012,14:22:14,17.3900,83,2
2026-01-20,601012,14:22:17,17.4000,158,1
2026-01-20,601012,14:22:20,17.3800,142,2
2026-01-20,601012,14:22:23,17.3900,102,4
2026-01-20,601012,14:22:26,17.3900,101,1
2026-01-20,601012,14:22:29,17.3900,1429,1
2026-01-20,601012,14:22:32,17.3900,126,1
2026-01-20,601012,14:22:34,17.3800,125,2
2026-01-20,601012,14:22:38,17.3900,187,1
2026-01-20,601012,14:22:41,17.3800,139,2
2026-01-20,601012,14:22:43,17.3900,130,1
2026-01-20,601012,14:22:47,17.3900,1314,1
2026-01-20,601012,14:22:50,17.3800,184,2
2026-01-20,601012,14:22:53,17.3800,230,2
2026-01-20,601012,14:22:55,17.3900,152,1
2026-01-20,601012,14:22:59,17.3800,121,2
2026-01-20,601012,14:23:01,17.3800,119,2
2026-01-20,601012,14:23:04,17.3800,55,2
2026-01-20,601012,14:23:08,17.3800,1516,2
2026-01-20,601012,14:23:11,17.3900,365,1
2026-01-20,601012,14:23:14,17.3900,327,1
2026-01-20,601012,14:23:17,17.3900,42,1
2026-01-20,601012,14:23:20,17.3900,163,1
2026-01-20,601012,14:23:22,17.3800,92,2
2026-01-20,601012,14:23:26,17.3900,304,1
2026-01-20,601012,14:23:29,17.3900,52,1
2026-01-20,601012,14:23:32,17.3800,729,2
2026-01-20,601012,14:23:35,17.3900,366,1
2026-01-20,601012,14:23:38,17.3800,61,2
2026-01-20,601012,14:23:41,17.3900,175,1
2026-01-20,601012,14:23:43,17.3900,167,1
2026-01-20,601012,14:23:47,17.3900,77,1
2026-01-20,601012,14:23:50,17.3800,485,2
2026-01-20,601012,14:23:53,17.3800,138,2
2026-01-20,601012,14:23:56,17.3900,225,1
2026-01-20,601012,14:23:59,17.3800,328,2
2026-01-20,601012,14:24:01,17.3900,221,1
2026-01-20,601012,14:24:05,17.3900,40,1
2026-01-20,601012,14:24:08,17.3900,81,1
2026-01-20,601012,14:24:10,17.3800,1210,2
2026-01-20,601012,14:24:14,17.3700,173,2
2026-01-20,601012,14:24:17,17.3800,135,1
2026-01-20,601012,14:24:20,17.3700,386,2
2026-01-20,601012,14:24:23,17.3800,137,1
2026-01-20,601012,14:24:26,17.3800,141,1
2026-01-20,601012,14:24:29,17.3700,114,2
2026-01-20,601012,14:24:32,17.3800,74,1
2026-01-20,601012,14:24:35,17.3800,2066,1
2026-01-20,601012,14:24:37,17.3800,167,1
2026-01-20,601012,14:24:40,17.3800,78,2
2026-01-20,601012,14:24:43,17.3700,80,2
2026-01-20,601012,14:24:47,17.3800,130,1
2026-01-20,601012,14:24:49,17.3800,79,1
2026-01-20,601012,14:24:53,17.3800,491,1
2026-01-20,601012,14:24:56,17.3800,70,1
2026-01-20,601012,14:24:58,17.3800,102,1
2026-01-20,601012,14:25:01,17.3800,237,1
2026-01-20,601012,14:25:05,17.3700,117,2
2026-01-20,601012,14:25:08,17.3700,69,2
2026-01-20,601012,14:25:11,17.3800,144,1
2026-01-20,601012,14:25:14,17.3800,270,1
2026-01-20,601012,14:25:17,17.3800,86,1
2026-01-20,601012,14:25:20,17.3800,87,1
2026-01-20,601012,14:25:23,17.3800,309,1
2026-01-20,601012,14:25:26,17.3800,89,2
2026-01-20,601012,14:25:29,17.3800,197,2
2026-01-20,601012,14:25:32,17.3800,116,1
2026-01-20,601012,14:25:35,17.3800,317,1
2026-01-20,601012,14:25:38,17.3800,92,2
2026-01-20,601012,14:25:41,17.3800,59,2
2026-01-20,601012,14:25:44,17.3800,215,2
2026-01-20,601012,14:25:47,17.3800,132,1
2026-01-20,601012,14:25:50,17.3800,406,2
2026-01-20,601012,14:25:53,17.3800,173,1
2026-01-20,601012,14:25:56,17.3800,862,1
2026-01-20,601012,14:25:59,17.3800,120,1
2026-01-20,601012,14:26:02,17.3800,113,1
2026-01-20,601012,14:26:05,17.3700,2729,2
2026-01-20,601012,14:26:07,17.3800,248,1
2026-01-20,601012,14:26:11,17.3700,124,2
2026-01-20,601012,14:26:14,17.3700,62,2
2026-01-20,601012,14:26:17,17.3800,223,1
2026-01-20,601012,14:26:20,17.3700,1228,2
2026-01-20,601012,14:26:23,17.3800,219,1
2026-01-20,601012,14:26:26,17.3800,525,1
2026-01-20,601012,14:26:29,17.3700,122,2
2026-01-20,601012,14:26:32,17.3700,109,2
2026-01-20,601012,14:26:35,17.3700,91,2
2026-01-20,601012,14:26:38,17.3800,297,1
2026-01-20,601012,14:26:41,17.3700,1623,2
2026-01-20,601012,14:26:44,17.3800,77,2
2026-01-20,601012,14:26:46,17.3800,150,1
2026-01-20,601012,14:26:49,17.3800,127,1
2026-01-20,601012,14:26:53,17.3700,1549,2
2026-01-20,601012,14:26:56,17.3700,155,2
2026-01-20,601012,14:26:59,17.3700,126,2
2026-01-20,601012,14:27:01,17.3700,203,2
2026-01-20,601012,14:27:04,17.3700,314,2
2026-01-20,601012,14:27:07,17.3700,178,2
2026-01-20,601012,14:27:11,17.3700,77,2
2026-01-20,601012,14:27:13,17.3800,239,1
2026-01-20,601012,14:27:16,17.3700,936,2
2026-01-20,601012,14:27:20,17.3700,307,1
2026-01-20,601012,14:27:23,17.3700,182,1
2026-01-20,601012,14:27:26,17.3700,119,1
2026-01-20,601012,14:27:28,17.3700,412,1
2026-01-20,601012,14:27:32,17.3600,401,2
2026-01-20,601012,14:27:34,17.3600,138,2
2026-01-20,601012,14:27:38,17.3600,157,2
2026-01-20,601012,14:27:41,17.3700,394,1
2026-01-20,601012,14:27:44,17.3600,384,2
2026-01-20,601012,14:27:46,17.3700,149,1
2026-01-20,601012,14:27:49,17.3700,196,1
2026-01-20,601012,14:27:53,17.3700,1097,2
2026-01-20,601012,14:27:56,17.3700,82,1
2026-01-20,601012,14:27:58,17.3700,1014,2
2026-01-20,601012,14:28:02,17.3700,70,2
2026-01-20,601012,14:28:05,17.3600,190,2
2026-01-20,601012,14:28:08,17.3700,1228,1
2026-01-20,601012,14:28:11,17.3700,39,1
2026-01-20,601012,14:28:14,17.3600,50,2
2026-01-20,601012,14:28:17,17.3700,424,1
2026-01-20,601012,14:28:20,17.3700,38,2
2026-01-20,601012,14:28:23,17.3700,83,2
2026-01-20,601012,14:28:26,17.3700,47,1
2026-01-20,601012,14:28:29,17.3700,11187,1
2026-01-20,601012,14:28:32,17.3800,96,1
2026-01-20,601012,14:28:35,17.3700,101,4
2026-01-20,601012,14:28:38,17.3600,74,2
2026-01-20,601012,14:28:41,17.3600,1139,2
2026-01-20,601012,14:28:43,17.3600,178,2
2026-01-20,601012,14:28:46,17.3700,188,1
2026-01-20,601012,14:28:50,17.3600,2209,2
2026-01-20,601012,14:28:53,17.3600,152,2
2026-01-20,601012,14:28:56,17.3700,78,2
2026-01-20,601012,14:28:59,17.3700,103,2
2026-01-20,601012,14:29:01,17.3700,226,1
2026-01-20,601012,14:29:05,17.3700,95,1
2026-01-20,601012,14:29:08,17.3700,308,1
2026-01-20,601012,14:29:11,17.3700,163,1
2026-01-20,601012,14:29:14,17.3700,410,2
2026-01-20,601012,14:29:17,17.3700,406,2
2026-01-20,601012,14:29:20,17.3800,80,1
2026-01-20,601012,14:29:23,17.3700,231,2
2026-01-20,601012,14:29:26,17.3800,43,1
2026-01-20,601012,14:29:29,17.3800,32,1
2026-01-20,601012,14:29:32,17.3700,457,2
2026-01-20,601012,14:29:34,17.3700,204,1
2026-01-20,601012,14:29:38,17.3700,104,1
2026-01-20,601012,14:29:41,17.3700,145,1
2026-01-20,601012,14:29:44,17.3700,230,1
2026-01-20,601012,14:29:47,17.3700,286,1
2026-01-20,601012,14:29:49,17.3700,127,1
2026-01-20,601012,14:29:53,17.3700,130,1
2026-01-20,601012,14:29:56,17.3700,68,2
2026-01-20,601012,14:29:58,17.3700,112,2
2026-01-20,601012,14:30:02,17.3800,295,1
2026-01-20,601012,14:30:05,17.3700,492,2
2026-01-20,601012,14:30:07,17.3800,447,1
2026-01-20,601012,14:30:11,17.3800,127,1
2026-01-20,601012,14:30:14,17.3700,844,2
2026-01-20,601012,14:30:16,17.3600,768,2
2026-01-20,601012,14:30:20,17.3700,182,1
2026-01-20,601012,14:30:23,17.3700,110,1
2026-01-20,601012,14:30:26,17.3600,165,2
2026-01-20,601012,14:30:29,17.3700,207,1
2026-01-20,601012,14:30:32,17.3700,238,1
2026-01-20,601012,14:30:34,17.3700,368,2
2026-01-20,601012,14:30:37,17.3700,240,2
2026-01-20,601012,14:30:40,17.3700,166,2
2026-01-20,601012,14:30:44,17.3700,790,2
2026-01-20,601012,14:30:46,17.3700,127,2
2026-01-20,601012,14:30:50,17.3700,634,2
2026-01-20,601012,14:30:53,17.3700,196,1
2026-01-20,601012,14:30:56,17.3700,628,1
2026-01-20,601012,14:30:59,17.3700,421,1
2026-01-20,601012,14:31:02,17.3700,562,1
2026-01-20,601012,14:31:05,17.3700,76,1
2026-01-20,601012,14:31:08,17.3700,2988,1
2026-01-20,601012,14:31:11,17.3600,3376,2
2026-01-20,601012,14:31:14,17.3600,491,2
2026-01-20,601012,14:31:17,17.3600,598,1
2026-01-20,601012,14:31:20,17.3500,650,2
2026-01-20,601012,14:31:23,17.3700,518,1
2026-01-20,601012,14:31:26,17.3600,23,2
2026-01-20,601012,14:31:28,17.3600,43,2
2026-01-20,601012,14:31:31,17.3700,1109,1
2026-01-20,601012,14:31:35,17.3700,211,1
2026-01-20,601012,14:31:38,17.3700,32,1
2026-01-20,601012,14:31:41,17.3700,525,1
2026-01-20,601012,14:31:44,17.3700,1100,1
2026-01-20,601012,14:31:46,17.3700,277,1
2026-01-20,601012,14:31:49,17.3700,1134,1
2026-01-20,601012,14:31:53,17.3700,166,1
2026-01-20,601012,14:31:56,17.3700,309,1
2026-01-20,601012,14:31:59,17.3700,929,1
2026-01-20,601012,14:32:01,17.3700,970,1
2026-01-20,601012,14:32:04,17.3700,138,1
2026-01-20,601012,14:32:08,17.3700,71,1
2026-01-20,601012,14:32:11,17.3700,136,1
2026-01-20,601012,14:32:14,17.3700,185,1
2026-01-20,601012,14:32:16,17.3600,105,2
2026-01-20,601012,14:32:20,17.3700,109,1
2026-01-20,601012,14:32:23,17.3600,728,2
2026-01-20,601012,14:32:26,17.3700,248,1
2026-01-20,601012,14:32:29,17.3700,392,1
2026-01-20,601012,14:32:32,17.3600,539,2
2026-01-20,601012,14:32:35,17.3600,379,2
2026-01-20,601012,14:32:38,17.3600,188,2
2026-01-20,601012,14:32:41,17.3600,81,2
2026-01-20,601012,14:32:44,17.3600,495,2
2026-01-20,601012,14:32:47,17.3600,835,2
2026-01-20,601012,14:32:50,17.3600,174,2
2026-01-20,601012,14:32:53,17.3700,342,1
2026-01-20,601012,14:32:56,17.3700,357,1
2026-01-20,601012,14:32:58,17.3600,192,2
2026-01-20,601012,14:33:01,17.3600,561,2
2026-01-20,601012,14:33:05,17.3600,848,2
2026-01-20,601012,14:33:08,17.3700,148,1
2026-01-20,601012,14:33:11,17.3700,261,1
2026-01-20,601012,14:33:14,17.3600,75,2
2026-01-20,601012,14:33:17,17.3600,571,1
2026-01-20,601012,14:33:20,17.3600,126,1
2026-01-20,601012,14:33:23,17.3500,672,2
2026-01-20,601012,14:33:26,17.3600,511,1
2026-01-20,601012,14:33:29,17.3600,280,1
2026-01-20,601012,14:33:32,17.3600,252,1
2026-01-20,601012,14:33:35,17.3600,244,1
2026-01-20,601012,14:33:38,17.3600,236,1
2026-01-20,601012,14:33:41,17.3500,254,2
2026-01-20,601012,14:33:44,17.3500,1561,2
2026-01-20,601012,14:33:47,17.3600,332,1
2026-01-20,601012,14:33:50,17.3600,394,1
2026-01-20,601012,14:33:53,17.3600,500,1
2026-01-20,601012,14:33:56,17.3500,359,2
2026-01-20,601012,14:33:59,17.3600,116,1
2026-01-20,601012,14:34:02,17.3500,193,2
2026-01-20,601012,14:34:05,17.3500,992,2
2026-01-20,601012,14:34:08,17.3500,915,2
2026-01-20,601012,14:34:11,17.3600,197,1
2026-01-20,601012,14:34:14,17.3600,175,1
2026-01-20,601012,14:34:17,17.3600,141,1
2026-01-20,601012,14:34:20,17.3500,554,2
2026-01-20,601012,14:34:23,17.3500,366,2
2026-01-20,601012,14:34:26,17.3500,735,2
2026-01-20,601012,14:34:29,17.3500,252,2
2026-01-20,601012,14:34:31,17.3500,534,2
2026-01-20,601012,14:34:35,17.3500,298,2
2026-01-20,601012,14:34:37,17.3500,1307,2
2026-01-20,601012,14:34:41,17.3600,187,1
2026-01-20,601012,14:34:44,17.3500,848,2
2026-01-20,601012,14:34:47,17.3600,343,1
2026-01-20,601012,14:34:50,17.3500,99,2
2026-01-20,601012,14:34:53,17.3600,819,1
2026-01-20,601012,14:34:56,17.3500,147,2
2026-01-20,601012,14:34:59,17.3600,686,1
2026-01-20,601012,14:35:02,17.3500,384,2
2026-01-20,601012,14:35:05,17.3600,282,1
2026-01-20,601012,14:35:08,17.3500,236,2
2026-01-20,601012,14:35:10,17.3500,210,2
2026-01-20,601012,14:35:13,17.3500,808,2
2026-01-20,601012,14:35:17,17.3500,1420,2
2026-01-20,601012,14:35:20,17.3500,5608,2
2026-01-20,601012,14:35:23,17.3500,2620,2
2026-01-20,601012,14:35:25,17.3500,144,1
2026-01-20,601012,14:35:29,17.3500,166,1
2026-01-20,601012,14:35:31,17.3400,263,2
2026-01-20,601012,14:35:34,17.3500,580,1
2026-01-20,601012,14:35:38,17.3400,295,2
2026-01-20,601012,14:35:41,17.3500,201,1
2026-01-20,601012,14:35:44,17.3400,213,2
2026-01-20,601012,14:35:47,17.3400,183,2
2026-01-20,601012,14:35:50,17.3400,191,2
2026-01-20,601012,14:35:53,17.3400,330,2
2026-01-20,601012,14:35:56,17.3500,1758,1
2026-01-20,601012,14:35:59,17.3400,1114,2
2026-01-20,601012,14:36:02,17.3400,1675,2
2026-01-20,601012,14:36:05,17.3500,157,1
2026-01-20,601012,14:36:08,17.3400,162,2
2026-01-20,601012,14:36:11,17.3400,353,2
2026-01-20,601012,14:36:14,17.3400,125,2
2026-01-20,601012,14:36:17,17.3400,339,2
2026-01-20,601012,14:36:19,17.3400,1331,2
2026-01-20,601012,14:36:22,17.3400,209,1
2026-01-20,601012,14:36:26,17.3400,532,1
2026-01-20,601012,14:36:28,17.3400,126,1
2026-01-20,601012,14:36:32,17.3300,265,2
2026-01-20,601012,14:36:35,17.3300,268,2
2026-01-20,601012,14:36:38,17.3300,240,2
2026-01-20,601012,14:36:41,17.3400,218,1
2026-01-20,601012,14:36:44,17.3400,77,1
2026-01-20,601012,14:36:47,17.3300,110,2
2026-01-20,601012,14:36:50,17.3400,405,1
2026-01-20,601012,14:36:52,17.3400,1396,1
2026-01-20,601012,14:36:56,17.3300,216,2
2026-01-20,601012,14:36:59,17.3300,6166,2
2026-01-20,601012,14:37:02,17.3300,170,2
2026-01-20,601012,14:37:05,17.3300,248,1
2026-01-20,601012,14:37:07,17.3200,8393,2
2026-01-20,601012,14:37:10,17.3300,5822,1
2026-01-20,601012,14:37:14,17.3200,301,1
2026-01-20,601012,14:37:16,17.3200,153,2
2026-01-20,601012,14:37:20,17.3200,141,2
2026-01-20,601012,14:37:23,17.3300,379,1
2026-01-20,601012,14:37:26,17.3200,349,2
2026-01-20,601012,14:37:29,17.3300,615,1
2026-01-20,601012,14:37:32,17.3300,296,1
2026-01-20,601012,14:37:35,17.3300,372,1
2026-01-20,601012,14:37:38,17.3300,129,1
2026-01-20,601012,14:37:40,17.3200,336,2
2026-01-20,601012,14:37:44,17.3300,80,1
2026-01-20,601012,14:37:47,17.3200,637,2
2026-01-20,601012,14:37:50,17.3200,394,2
2026-01-20,601012,14:37:53,17.3300,372,1
2026-01-20,601012,14:37:56,17.3200,4192,2
2026-01-20,601012,14:37:59,17.3200,163,2
2026-01-20,601012,14:38:02,17.3200,1182,1
2026-01-20,601012,14:38:05,17.3100,386,2
2026-01-20,601012,14:38:08,17.3200,130,1
2026-01-20,601012,14:38:11,17.3200,112,1
2026-01-20,601012,14:38:14,17.3100,132,2
2026-01-20,601012,14:38:17,17.3200,132,1
2026-01-20,601012,14:38:19,17.3100,758,2
2026-01-20,601012,14:38:22,17.3100,454,1
2026-01-20,601012,14:38:26,17.3100,298,1
2026-01-20,601012,14:38:28,17.3100,476,1
2026-01-20,601012,14:38:32,17.3100,823,1
2026-01-20,601012,14:38:35,17.3100,504,2
2026-01-20,601012,14:38:37,17.3100,398,2
2026-01-20,601012,14:38:41,17.3100,233,2
2026-01-20,601012,14:38:43,17.3200,193,1
2026-01-20,601012,14:38:47,17.3200,328,1
2026-01-20,601012,14:38:50,17.3200,767,1
2026-01-20,601012,14:38:53,17.3200,265,1
2026-01-20,601012,14:38:55,17.3200,521,1
2026-01-20,601012,14:38:59,17.3200,477,1
2026-01-20,601012,14:39:02,17.3200,743,1
2026-01-20,601012,14:39:05,17.3100,242,2
2026-01-20,601012,14:39:08,17.3100,261,2
2026-01-20,601012,14:39:11,17.3200,99,1
2026-01-20,601012,14:39:14,17.3100,935,2
2026-01-20,601012,14:39:17,17.3100,730,1
2026-01-20,601012,14:39:19,17.3100,776,1
2026-01-20,601012,14:39:22,17.3100,258,1
2026-01-20,601012,14:39:26,17.3100,3189,2
2026-01-20,601012,14:39:29,17.3200,405,1
2026-01-20,601012,14:39:32,17.3100,438,2
2026-01-20,601012,14:39:35,17.3200,259,1
2026-01-20,601012,14:39:37,17.3200,260,1
2026-01-20,601012,14:39:40,17.3100,268,2
2026-01-20,601012,14:39:44,17.3200,129,1
2026-01-20,601012,14:39:47,17.3200,567,1
2026-01-20,601012,14:39:49,17.3200,278,1
2026-01-20,601012,14:39:53,17.3200,868,1
2026-01-20,601012,14:39:56,17.3100,342,2
2026-01-20,601012,14:39:59,17.3200,129,1
2026-01-20,601012,14:40:01,17.3200,410,1
2026-01-20,601012,14:40:05,17.3200,197,1
2026-01-20,601012,14:40:08,17.3100,352,2
2026-01-20,601012,14:40:11,17.3100,264,2
2026-01-20,601012,14:40:14,17.3200,378,1
2026-01-20,601012,14:40:17,17.3200,897,1
2026-01-20,601012,14:40:20,17.3200,468,1
2026-01-20,601012,14:40:22,17.3200,218,1
2026-01-20,601012,14:40:26,17.3200,653,1
2026-01-20,601012,14:40:28,17.3200,337,1
2026-01-20,601012,14:40:32,17.3300,208,1
2026-01-20,601012,14:40:35,17.3300,94,1
2026-01-20,601012,14:40:38,17.3200,1069,2
2026-01-20,601012,14:40:41,17.3200,232,2
2026-01-20,601012,14:40:44,17.3200,169,1
2026-01-20,601012,14:40:46,17.3200,196,1
2026-01-20,601012,14:40:50,17.3200,338,1
2026-01-20,601012,14:40:53,17.3200,296,2
2026-01-20,601012,14:40:56,17.3100,309,2
2026-01-20,601012,14:40:59,17.3200,239,1
2026-01-20,601012,14:41:02,17.3200,205,1
2026-01-20,601012,14:41:05,17.3200,558,1
2026-01-20,601012,14:41:08,17.3200,279,1
2026-01-20,601012,14:41:11,17.3200,587,1
2026-01-20,601012,14:41:14,17.3100,237,2
2026-01-20,601012,14:41:17,17.3200,137,1
2026-01-20,601012,14:41:20,17.3200,285,2
2026-01-20,601012,14:41:23,17.3200,785,1
2026-01-20,601012,14:41:26,17.3100,783,2
2026-01-20,601012,14:41:28,17.3200,715,1
2026-01-20,601012,14:41:31,17.3300,566,1
2026-01-20,601012,14:41:35,17.3200,368,2
2026-01-20,601012,14:41:37,17.3100,234,2
2026-01-20,601012,14:41:40,17.3100,125,2
2026-01-20,601012,14:41:44,17.3200,362,1
2026-01-20,601012,14:41:47,17.3100,167,2
2026-01-20,601012,14:41:50,17.3200,186,1
2026-01-20,601012,14:41:53,17.3200,480,1
2026-01-20,601012,14:41:56,17.3200,382,1
2026-01-20,601012,14:41:58,17.3200,206,1
2026-01-20,601012,14:42:01,17.3200,172,2
2026-01-20,601012,14:42:05,17.3200,327,2
2026-01-20,601012,14:42:08,17.3200,151,2
2026-01-20,601012,14:42:11,17.3300,132,1
2026-01-20,601012,14:42:14,17.3200,220,2
2026-01-20,601012,14:42:17,17.3200,381,2
2026-01-20,601012,14:42:20,17.3300,99,1
2026-01-20,601012,14:42:22,17.3300,128,1
2026-01-20,601012,14:42:26,17.3200,1442,2
2026-01-20,601012,14:42:29,17.3200,225,1
2026-01-20,601012,14:42:31,17.3200,469,2
2026-01-20,601012,14:42:34,17.3200,360,2
2026-01-20,601012,14:42:38,17.3200,617,1
2026-01-20,601012,14:42:40,17.3300,355,1
2026-01-20,601012,14:42:44,17.3200,585,2
2026-01-20,601012,14:42:46,17.3200,229,1
2026-01-20,601012,14:42:50,17.3200,840,2
2026-01-20,601012,14:42:52,17.3200,326,1
2026-01-20,601012,14:42:56,17.3200,438,1
2026-01-20,601012,14:42:58,17.3100,338,2
2026-01-20,601012,14:43:02,17.3100,1087,2
2026-01-20,601012,14:43:05,17.3200,164,1
2026-01-20,601012,14:43:08,17.3200,153,2
2026-01-20,601012,14:43:10,17.3200,171,2
2026-01-20,601012,14:43:14,17.3300,210,1
2026-01-20,601012,14:43:17,17.3300,770,1
2026-01-20,601012,14:43:20,17.3300,153,1
2026-01-20,601012,14:43:23,17.3300,417,1
2026-01-20,601012,14:43:26,17.3300,206,1
2026-01-20,601012,14:43:29,17.3300,358,1
2026-01-20,601012,14:43:32,17.3300,167,1
2026-01-20,601012,14:43:35,17.3200,282,2
2026-01-20,601012,14:43:38,17.3200,306,2
2026-01-20,601012,14:43:41,17.3300,358,1
2026-01-20,601012,14:43:43,17.3300,2517,1
2026-01-20,601012,14:43:47,17.3200,346,2
2026-01-20,601012,14:43:50,17.3300,290,1
2026-01-20,601012,14:43:53,17.3400,1731,1
2026-01-20,601012,14:43:56,17.3500,2274,1
2026-01-20,601012,14:43:59,17.3400,157,2
2026-01-20,601012,14:44:02,17.3600,831,1
2026-01-20,601012,14:44:05,17.3400,101,2
2026-01-20,601012,14:44:08,17.3500,443,1
2026-01-20,601012,14:44:11,17.3500,341,1
2026-01-20,601012,14:44:14,17.3600,1046,1
2026-01-20,601012,14:44:16,17.3500,62,2
2026-01-20,601012,14:44:19,17.3600,160,1
2026-01-20,601012,14:44:23,17.3600,206,1
2026-01-20,601012,14:44:26,17.3600,260,1
2026-01-20,601012,14:44:29,17.3500,662,2
2026-01-20,601012,14:44:32,17.3500,1659,1
2026-01-20,601012,14:44:35,17.3500,247,1
2026-01-20,601012,14:44:38,17.3500,400,2
2026-01-20,601012,14:44:41,17.3500,287,1
2026-01-20,601012,14:44:44,17.3500,171,1
2026-01-20,601012,14:44:46,17.3500,233,1
2026-01-20,601012,14:44:50,17.3500,335,1
2026-01-20,601012,14:44:52,17.3500,214,1
2026-01-20,601012,14:44:56,17.3400,368,2
2026-01-20,601012,14:44:59,17.3500,177,1
2026-01-20,601012,14:45:02,17.3500,172,2
2026-01-20,601012,14:45:04,17.3500,166,2
2026-01-20,601012,14:45:08,17.3500,239,2
2026-01-20,601012,14:45:11,17.3500,258,2
2026-01-20,601012,14:45:14,17.3500,476,2
2026-01-20,601012,14:45:17,17.3500,278,2
2026-01-20,601012,14:45:20,17.3500,54,2
2026-01-20,601012,14:45:23,17.3500,319,1
2026-01-20,601012,14:45:26,17.3500,313,1
2026-01-20,601012,14:45:29,17.3500,495,1
2026-01-20,601012,14:45:32,17.3500,90,1
2026-01-20,601012,14:45:35,17.3400,224,2
2026-01-20,601012,14:45:38,17.3400,241,2
2026-01-20,601012,14:45:41,17.3500,228,1
2026-01-20,601012,14:45:44,17.3500,667,1
2026-01-20,601012,14:45:47,17.3500,205,1
2026-01-20,601012,14:45:50,17.3500,192,1
2026-01-20,601012,14:45:53,17.3500,475,1
2026-01-20,601012,14:45:56,17.3500,437,1
2026-01-20,601012,14:45:59,17.3500,787,1
2026-01-20,601012,14:46:02,17.3500,521,1
2026-01-20,601012,14:46:04,17.3500,347,2
2026-01-20,601012,14:46:08,17.3600,116,1
2026-01-20,601012,14:46:11,17.3500,134,2
2026-01-20,601012,14:46:14,17.3600,558,1
2026-01-20,601012,14:46:16,17.3600,620,1
2026-01-20,601012,14:46:19,17.3600,71,1
2026-01-20,601012,14:46:22,17.3600,334,1
2026-01-20,601012,14:46:26,17.3500,397,2
2026-01-20,601012,14:46:29,17.3500,108,2
2026-01-20,601012,14:46:32,17.3600,210,1
2026-01-20,601012,14:46:35,17.3500,485,2
2026-01-20,601012,14:46:38,17.3500,504,1
2026-01-20,601012,14:46:41,17.3600,162,1
2026-01-20,601012,14:46:44,17.3500,502,2
2026-01-20,601012,14:46:47,17.3500,660,2
2026-01-20,601012,14:46:50,17.3500,137,2
2026-01-20,601012,14:46:52,17.3400,531,2
2026-01-20,601012,14:46:56,17.3500,431,1
2026-01-20,601012,14:46:59,17.3500,182,2
2026-01-20,601012,14:47:02,17.3500,568,2
2026-01-20,601012,14:47:04,17.3500,239,1
2026-01-20,601012,14:47:08,17.3500,180,1
2026-01-20,601012,14:47:11,17.3500,542,1
2026-01-20,601012,14:47:14,17.3500,127,1
2026-01-20,601012,14:47:16,17.3400,404,2
2026-01-20,601012,14:47:20,17.3500,194,1
2026-01-20,601012,14:47:23,17.3500,729,1
2026-01-20,601012,14:47:26,17.3500,239,1
2026-01-20,601012,14:47:28,17.3500,522,1
2026-01-20,601012,14:47:32,17.3400,981,2
2026-01-20,601012,14:47:35,17.3400,219,1
2026-01-20,601012,14:47:38,17.3500,257,1
2026-01-20,601012,14:47:41,17.3500,262,1
2026-01-20,601012,14:47:43,17.3400,512,2
2026-01-20,601012,14:47:46,17.3400,266,1
2026-01-20,601012,14:47:50,17.3300,256,2
2026-01-20,601012,14:47:53,17.3400,191,1
2026-01-20,601012,14:47:55,17.3400,230,1
2026-01-20,601012,14:47:59,17.3500,253,1
2026-01-20,601012,14:48:02,17.3400,220,2
2026-01-20,601012,14:48:05,17.3400,276,2
2026-01-20,601012,14:48:08,17.3400,376,1
2026-01-20,601012,14:48:11,17.3400,106,2
2026-01-20,601012,14:48:14,17.3500,3177,1
2026-01-20,601012,14:48:17,17.3500,231,2
2026-01-20,601012,14:48:20,17.3400,175,2
2026-01-20,601012,14:48:22,17.3500,251,2
2026-01-20,601012,14:48:25,17.3400,196,2
2026-01-20,601012,14:48:29,17.3500,471,1
2026-01-20,601012,14:48:31,17.3400,312,2
2026-01-20,601012,14:48:35,17.3600,185,1
2026-01-20,601012,14:48:38,17.3600,1339,1
2026-01-20,601012,14:48:41,17.3500,195,2
2026-01-20,601012,14:48:44,17.3500,433,2
2026-01-20,601012,14:48:47,17.3500,258,2
2026-01-20,601012,14:48:50,17.3500,182,1
2026-01-20,601012,14:48:53,17.3500,546,1
2026-01-20,601012,14:48:56,17.3500,306,1
2026-01-20,601012,14:48:59,17.3400,1222,2
2026-01-20,601012,14:49:02,17.3300,633,2
2026-01-20,601012,14:49:05,17.3500,220,1
2026-01-20,601012,14:49:08,17.3400,262,2
2026-01-20,601012,14:49:10,17.3300,365,2
2026-01-20,601012,14:49:14,17.3400,291,1
2026-01-20,601012,14:49:17,17.3400,185,2
2026-01-20,601012,14:49:19,17.3400,250,2
2026-01-20,601012,14:49:23,17.3500,142,1
2026-01-20,601012,14:49:26,17.3400,324,2
2026-01-20,601012,14:49:28,17.3400,154,2
2026-01-20,601012,14:49:32,17.3400,142,2
2026-01-20,601012,14:49:35,17.3400,1107,2
2026-01-20,601012,14:49:38,17.3400,256,2
2026-01-20,601012,14:49:41,17.3500,433,1
2026-01-20,601012,14:49:44,17.3500,379,1
2026-01-20,601012,14:49:47,17.3500,308,1
2026-01-20,601012,14:49:49,17.3400,173,2
2026-01-20,601012,14:49:53,17.3500,408,1
2026-01-20,601012,14:49:56,17.3400,315,2
2026-01-20,601012,14:49:58,17.3400,125,2
2026-01-20,601012,14:50:02,17.3400,689,1
2026-01-20,601012,14:50:05,17.3400,312,1
2026-01-20,601012,14:50:08,17.3400,1317,1
2026-01-20,601012,14:50:11,17.3400,1274,2
2026-01-20,601012,14:50:13,17.3400,111,2
2026-01-20,601012,14:50:17,17.3400,126,2
2026-01-20,601012,14:50:20,17.3400,203,2
2026-01-20,601012,14:50:23,17.3500,385,1
2026-01-20,601012,14:50:26,17.3500,294,2
2026-01-20,601012,14:50:29,17.3500,177,1
2026-01-20,601012,14:50:32,17.3500,196,1
2026-01-20,601012,14:50:34,17.3500,174,1
2026-01-20,601012,14:50:37,17.3500,256,1
2026-01-20,601012,14:50:41,17.3400,205,2
2026-01-20,601012,14:50:43,17.3500,644,1
2026-01-20,601012,14:50:46,17.3400,251,2
2026-01-20,601012,14:50:49,17.3500,191,1
2026-01-20,601012,14:50:53,17.3500,429,1
2026-01-20,601012,14:50:56,17.3500,266,1
2026-01-20,601012,14:50:58,17.3400,390,2
2026-01-20,601012,14:51:02,17.3400,454,2
2026-01-20,601012,14:51:05,17.3500,324,1
2026-01-20,601012,14:51:08,17.3500,227,1
2026-01-20,601012,14:51:11,17.3400,290,2
2026-01-20,601012,14:51:14,17.3400,244,2
2026-01-20,601012,14:51:17,17.3500,452,1
2026-01-20,601012,14:51:19,17.3400,329,2
2026-01-20,601012,14:51:23,17.3500,627,1
2026-01-20,601012,14:51:26,17.3500,347,1
2026-01-20,601012,14:51:29,17.3500,324,1
2026-01-20,601012,14:51:32,17.3400,432,2
2026-01-20,601012,14:51:34,17.3500,457,1
2026-01-20,601012,14:51:38,17.3500,513,1
2026-01-20,601012,14:51:40,17.3500,424,1
2026-01-20,601012,14:51:44,17.3500,1007,1
2026-01-20,601012,14:51:47,17.3500,801,1
2026-01-20,601012,14:51:49,17.3500,700,1
2026-01-20,601012,14:51:53,17.3500,487,1
2026-01-20,601012,14:51:56,17.3500,293,1
2026-01-20,601012,14:51:58,17.3500,484,1
2026-01-20,601012,14:52:02,17.3500,295,1
2026-01-20,601012,14:52:05,17.3500,687,1
2026-01-20,601012,14:52:08,17.3500,421,1
2026-01-20,601012,14:52:10,17.3400,348,2
2026-01-20,601012,14:52:14,17.3500,518,1
2026-01-20,601012,14:52:17,17.3400,311,2
2026-01-20,601012,14:52:20,17.3500,514,1
2026-01-20,601012,14:52:22,17.3500,328,1
2026-01-20,601012,14:52:25,17.3500,280,1
2026-01-20,601012,14:52:29,17.3500,234,1
2026-01-20,601012,14:52:32,17.3500,228,1
2026-01-20,601012,14:52:35,17.3500,497,1
2026-01-20,601012,14:52:38,17.3400,175,2
2026-01-20,601012,14:52:40,17.3400,367,2
2026-01-20,601012,14:52:44,17.3500,637,1
2026-01-20,601012,14:52:46,17.3400,318,2
2026-01-20,601012,14:52:49,17.3400,848,2
2026-01-20,601012,14:52:52,17.3400,249,2
2026-01-20,601012,14:52:56,17.3500,450,1
2026-01-20,601012,14:52:59,17.3500,916,1
2026-01-20,601012,14:53:02,17.3400,272,2
2026-01-20,601012,14:53:05,17.3500,317,1
2026-01-20,601012,14:53:08,17.3400,423,2
2026-01-20,601012,14:53:10,17.3500,371,1
2026-01-20,601012,14:53:14,17.3500,233,1
2026-01-20,601012,14:53:17,17.3500,186,1
2026-01-20,601012,14:53:20,17.3500,449,1
2026-01-20,601012,14:53:23,17.3500,828,1
2026-01-20,601012,14:53:26,17.3400,331,2
2026-01-20,601012,14:53:29,17.3600,1355,1
2026-01-20,601012,14:53:32,17.3500,295,2
2026-01-20,601012,14:53:34,17.3400,1517,2
2026-01-20,601012,14:53:38,17.3600,543,1
2026-01-20,601012,14:53:40,17.3500,263,2
2026-01-20,601012,14:53:43,17.3500,383,1
2026-01-20,601012,14:53:47,17.3500,437,1
2026-01-20,601012,14:53:50,17.3500,444,2
2026-01-20,601012,14:53:53,17.3500,269,2
2026-01-20,601012,14:53:56,17.3500,335,2
2026-01-20,601012,14:53:59,17.3500,338,2
2026-01-20,601012,14:54:02,17.3500,368,2
2026-01-20,601012,14:54:05,17.3500,401,2
2026-01-20,601012,14:54:08,17.3500,589,2
2026-01-20,601012,14:54:11,17.3500,489,1
2026-01-20,601012,14:54:14,17.3500,360,2
2026-01-20,601012,14:54:17,17.3500,652,1
2026-01-20,601012,14:54:20,17.3500,497,1
2026-01-20,601012,14:54:23,17.3500,988,1
2026-01-20,601012,14:54:26,17.3500,405,1
2026-01-20,601012,14:54:29,17.3500,420,2
2026-01-20,601012,14:54:32,17.3500,502,1
2026-01-20,601012,14:54:35,17.3500,463,2
2026-01-20,601012,14:54:38,17.3500,393,2
2026-01-20,601012,14:54:40,17.3600,268,1
2026-01-20,601012,14:54:44,17.3500,333,2
2026-01-20,601012,14:54:47,17.3600,368,1
2026-01-20,601012,14:54:50,17.3600,591,1
2026-01-20,601012,14:54:53,17.3500,10611,2
2026-01-20,601012,14:54:56,17.3500,295,2
2026-01-20,601012,14:54:59,17.3600,338,1
2026-01-20,601012,14:55:01,17.3600,301,2
2026-01-20,601012,14:55:05,17.3700,681,1
2026-01-20,601012,14:55:08,17.3700,481,1
2026-01-20,601012,14:55:10,17.3700,419,1
2026-01-20,601012,14:55:13,17.3700,571,1
2026-01-20,601012,14:55:17,17.3700,361,1
2026-01-20,601012,14:55:19,17.3700,263,1
2026-01-20,601012,14:55:23,17.3700,1240,1
2026-01-20,601012,14:55:26,17.3700,438,2
2026-01-20,601012,14:55:29,17.3700,252,2
2026-01-20,601012,14:55:31,17.3800,174,1
2026-01-20,601012,14:55:34,17.3800,369,1
2026-01-20,601012,14:55:38,17.3800,482,1
2026-01-20,601012,14:55:41,17.3800,708,1
2026-01-20,601012,14:55:44,17.3800,696,1
2026-01-20,601012,14:55:47,17.3700,367,2
2026-01-20,601012,14:55:50,17.3700,481,2
2026-01-20,601012,14:55:53,17.3800,423,1
2026-01-20,601012,14:55:56,17.3800,702,1
2026-01-20,601012,14:55:59,17.3700,840,2
2026-01-20,601012,14:56:02,17.3700,538,1
2026-01-20,601012,14:56:04,17.3700,403,1
2026-01-20,601012,14:56:08,17.3700,482,1
2026-01-20,601012,14:56:10,17.3700,709,1
2026-01-20,601012,14:56:13,17.3700,1112,1
2026-01-20,601012,14:56:17,17.3800,233,1
2026-01-20,601012,14:56:20,17.3700,441,2
2026-01-20,601012,14:56:22,17.3800,306,1
2026-01-20,601012,14:56:25,17.3800,735,1
2026-01-20,601012,14:56:29,17.3700,321,2
2026-01-20,601012,14:56:32,17.3800,407,1
2026-01-20,601012,14:56:35,17.3800,1343,1
2026-01-20,601012,14:56:38,17.3700,480,2
2026-01-20,601012,14:56:40,17.3700,348,1
2026-01-20,601012,14:56:44,17.3700,422,1
2026-01-20,601012,14:56:47,17.3700,540,1
2026-01-20,601012,14:56:49,17.3800,752,1
2026-01-20,601012,14:56:52,17.3800,659,1
2026-01-20,601012,14:56:56,17.3800,266,1
2026-01-20,601012,14:56:59,17.3800,451,1
2026-01-20,601012,14:57:01,17.3800,84,1
2026-01-20,601012,15:00:04,17.3800,22467,4
2026-01-20,601012,13:17:08,17.3700,271,2
2026-01-20,601012,13:17:10,17.3900,1644,1
2026-01-20,601012,13:17:14,17.3900,92,1
2026-01-20,601012,13:17:17,17.3800,2,2
2026-01-20,601012,13:17:19,17.3900,213,1
2026-01-20,601012,13:17:23,17.3900,494,1
2026-01-20,601012,13:17:26,17.3800,86,2
2026-01-20,601012,13:17:29,17.3900,322,1
2026-01-20,601012,13:17:32,17.3900,69,1
2026-01-20,601012,13:17:35,17.3800,127,2
2026-01-20,601012,13:17:38,17.3900,50,1
2026-01-20,601012,13:17:40,17.3900,343,1
2026-01-20,601012,13:17:43,17.3900,113,1
2026-01-20,601012,13:17:47,17.3800,1986,2
2026-01-20,601012,13:17:50,17.3900,83,1
2026-01-20,601012,13:17:52,17.4000,35,1
2026-01-20,601012,13:17:56,17.3900,187,2
2026-01-20,601012,13:17:59,17.3900,100,2
2026-01-20,601012,13:18:01,17.3900,85,1
2026-01-20,601012,13:18:05,17.3900,77,1
2026-01-20,601012,13:18:08,17.3900,287,1
2026-01-20,601012,13:18:11,17.3900,121,1
2026-01-20,601012,13:18:14,17.3900,664,2
2026-01-20,601012,13:18:17,17.3900,131,1
2026-01-20,601012,13:18:19,17.3900,181,1
2026-01-20,601012,13:18:23,17.3900,84,1
2026-01-20,601012,13:18:26,17.3900,263,1
2026-01-20,601012,13:18:29,17.3800,446,2
2026-01-20,601012,13:18:32,17.3900,108,1
2026-01-20,601012,13:18:35,17.3800,129,2
2026-01-20,601012,13:18:38,17.3900,166,1
2026-01-20,601012,13:18:40,17.3800,58,2
2026-01-20,601012,13:18:44,17.3900,37,1
2026-01-20,601012,13:18:47,17.3900,134,1
2026-01-20,601012,13:18:49,17.3900,1237,2
2026-01-20,601012,13:18:53,17.3900,22,2
2026-01-20,601012,13:18:56,17.3900,157,2
2026-01-20,601012,13:18:59,17.3800,1092,2
2026-01-20,601012,13:19:02,17.4000,325,1
2026-01-20,601012,13:19:04,17.3900,39,2
2026-01-20,601012,13:19:08,17.3900,122,2
2026-01-20,601012,13:19:11,17.3900,100,4
2026-01-20,601012,13:19:14,17.3900,256,1
2026-01-20,601012,13:19:17,17.4000,1126,1
2026-01-20,601012,13:19:20,17.4000,132,1
2026-01-20,601012,13:19:23,17.4000,49,2
2026-01-20,601012,13:19:26,17.4000,421,2
2026-01-20,601012,13:19:29,17.4000,173,2
2026-01-20,601012,13:19:32,17.4000,487,2
2026-01-20,601012,13:19:35,17.4000,158,1
2026-01-20,601012,13:19:38,17.3900,378,2
2026-01-20,601012,13:19:41,17.3900,209,2
2026-01-20,601012,13:19:44,17.3900,62,2
2026-01-20,601012,13:19:47,17.4000,82,1
2026-01-20,601012,13:19:50,17.3900,188,2
2026-01-20,601012,13:19:53,17.4000,321,1
2026-01-20,601012,13:19:56,17.3900,92,2
2026-01-20,601012,13:19:59,17.4000,93,1
2026-01-20,601012,13:20:01,17.4000,125,1
2026-01-20,601012,13:20:04,17.4000,87,1
2026-01-20,601012,13:20:08,17.4000,112,1
2026-01-20,601012,13:20:11,17.3900,225,2
2026-01-20,601012,13:20:14,17.4000,345,1
2026-01-20,601012,13:20:16,17.4000,78,1
2026-01-20,601012,13:20:20,17.4000,52,1
2026-01-20,601012,13:20:23,17.4000,554,1
2026-01-20,601012,13:20:26,17.4000,705,1
2026-01-20,601012,13:20:28,17.4000,200,1
2026-01-20,601012,13:20:32,17.4000,181,1
2026-01-20,601012,13:20:34,17.4000,553,1
2026-01-20,601012,13:20:37,17.3900,1251,2
2026-01-20,601012,13:20:41,17.4000,395,1
2026-01-20,601012,13:20:44,17.3900,288,2
2026-01-20,601012,13:20:47,17.4000,409,1
2026-01-20,601012,13:20:50,17.3900,143,2
2026-01-20,601012,13:20:52,17.3900,219,2
2026-01-20,601012,13:20:56,17.3900,453,2
2026-01-20,601012,13:20:59,17.3800,141,2
2026-01-20,601012,13:21:02,17.3800,220,2
2026-01-20,601012,13:21:05,17.3800,1422,2
2026-01-20,601012,13:21:08,17.3800,641,2
2026-01-20,601012,13:21:10,17.3800,36,1
2026-01-20,601012,13:21:13,17.3800,253,1
2026-01-20,601012,13:21:17,17.3800,236,1
2026-01-20,601012,13:21:19,17.3800,187,2
2026-01-20,601012,13:21:22,17.3700,1178,2
2026-01-20,601012,13:21:26,17.3700,65,1
2026-01-20,601012,13:21:29,17.3600,230,2
2026-01-20,601012,13:21:32,17.3600,284,2
2026-01-20,601012,13:21:35,17.3600,267,2
2026-01-20,601012,13:21:37,17.3600,2116,2
2026-01-20,601012,13:21:41,17.3700,615,1
2026-01-20,601012,13:21:43,17.3600,46,4
2026-01-20,601012,13:21:46,17.3600,105,2
2026-01-20,601012,13:21:50,17.3600,116,1
2026-01-20,601012,13:21:52,17.3600,1030,1
2026-01-20,601012,13:21:56,17.3500,2184,2
2026-01-20,601012,13:21:59,17.3500,142,1
2026-01-20,601012,13:22:02,17.3400,191,2
2026-01-20,601012,13:22:05,17.3600,1270,1
2026-01-20,601012,13:22:08,17.3600,313,2
2026-01-20,601012,13:22:11,17.3600,84,2
2026-01-20,601012,13:22:14,17.3600,181,2
2026-01-20,601012,13:22:17,17.3600,451,2
2026-01-20,601012,13:22:20,17.3600,77,1
2026-01-20,601012,13:22:23,17.3700,2151,1
2026-01-20,601012,13:22:26,17.3700,305,1
2026-01-20,601012,13:22:28,17.3600,68,2
2026-01-20,601012,13:22:31,17.3700,113,1
2026-01-20,601012,13:22:35,17.3600,204,2
2026-01-20,601012,13:22:37,17.3700,36,1
2026-01-20,601012,13:22:40,17.3900,1393,1
2026-01-20,601012,13:22:43,17.3700,100,2
2026-01-20,601012,13:22:47,17.3800,121,1
2026-01-20,601012,13:22:49,17.3800,26,2
2026-01-20,601012,13:22:53,17.3800,120,2
2026-01-20,601012,13:22:56,17.3800,527,1
2026-01-20,601012,13:22:58,17.3900,222,1
2026-01-20,601012,13:23:02,17.3900,44,1
2026-01-20,601012,13:23:05,17.3900,95,1
2026-01-20,601012,13:23:08,17.3900,270,1
2026-01-20,601012,13:23:11,17.3900,162,1
2026-01-20,601012,13:23:13,17.3800,33,2
2026-01-20,601012,13:23:16,17.3800,116,2
2026-01-20,601012,13:23:19,17.3900,215,1
2026-01-20,601012,13:23:23,17.3800,135,2
2026-01-20,601012,13:23:26,17.3900,51,1
2026-01-20,601012,13:23:29,17.3900,36,1
2026-01-20,601012,13:23:32,17.3800,399,2
2026-01-20,601012,13:23:35,17.3800,176,2
2026-01-20,601012,13:23:38,17.3900,119,1
2026-01-20,601012,13:23:40,17.3900,82,1
2026-01-20,601012,13:23:44,17.3900,65,1
2026-01-20,601012,13:23:47,17.3900,451,1
2026-01-20,601012,13:23:50,17.3700,336,2
2026-01-20,601012,13:23:52,17.3700,477,2
2026-01-20,601012,13:23:55,17.3700,257,2
2026-01-20,601012,13:23:59,17.3700,158,1
2026-01-20,601012,13:24:02,17.3800,1124,1
2026-01-20,601012,13:24:05,17.3700,147,1
2026-01-20,601012,13:24:08,17.3700,100,2
2026-01-20,601012,13:24:11,17.3800,1085,1
2026-01-20,601012,13:24:14,17.3700,110,2
2026-01-20,601012,13:24:17,17.3700,63,2
2026-01-20,601012,13:24:20,17.3700,115,2
2026-01-20,601012,13:24:23,17.3800,200,1
2026-01-20,601012,13:24:26,17.3700,158,2
2026-01-20,601012,13:24:29,17.3700,140,2
2026-01-20,601012,13:24:31,17.3700,171,2
2026-01-20,601012,13:24:35,17.3700,355,2
2026-01-20,601012,13:24:38,17.3600,140,2
2026-01-20,601012,13:24:40,17.3700,260,1
2026-01-20,601012,13:24:44,17.3700,342,1
2026-01-20,601012,13:24:46,17.3700,563,1
2026-01-20,601012,13:24:50,17.3700,289,1
2026-01-20,601012,13:24:53,17.3600,213,2
2026-01-20,601012,13:24:56,17.3700,139,1
2026-01-20,601012,13:24:58,17.3700,64,1
2026-01-20,601012,13:25:02,17.3700,46,1
2026-01-20,601012,13:25:04,17.3700,180,1
2026-01-20,601012,13:25:08,17.3700,460,1
2026-01-20,601012,13:25:11,17.3600,95,2
2026-01-20,601012,13:25:14,17.3500,108,2
2026-01-20,601012,13:25:17,17.3600,157,1
2026-01-20,601012,13:25:20,17.3600,234,1
2026-01-20,601012,13:25:22,17.3500,186,2
2026-01-20,601012,13:25:26,17.3500,23,2
2026-01-20,601012,13:25:29,17.3600,454,1
2026-01-20,601012,13:25:32,17.3500,197,2
2026-01-20,601012,13:25:34,17.3500,112,2
2026-01-20,601012,13:25:38,17.3600,135,1
2026-01-20,601012,13:25:41,17.3600,64,1
2026-01-20,601012,13:25:44,17.3500,140,2
2026-01-20,601012,13:25:47,17.3600,383,1
2026-01-20,601012,13:25:50,17.3500,383,2
2026-01-20,601012,13:25:53,17.3500,210,2
2026-01-20,601012,13:25:56,17.3500,174,2
2026-01-20,601012,13:25:59,17.3600,291,1
2026-01-20,601012,13:26:02,17.3500,298,2
2026-01-20,601012,13:26:05,17.3600,232,1
2026-01-20,601012,13:26:08,17.3500,187,2
2026-01-20,601012,13:26:11,17.3600,1944,1
2026-01-20,601012,13:26:13,17.3800,1190,1
2026-01-20,601012,13:26:17,17.3700,158,2
2026-01-20,601012,13:26:20,17.3700,10,2
2026-01-20,601012,13:26:23,17.3800,192,1
2026-01-20,601012,13:26:25,17.3800,783,1
2026-01-20,601012,13:26:29,17.3800,789,1
2026-01-20,601012,13:26:32,17.3800,54,2
2026-01-20,601012,13:26:35,17.3800,319,2
2026-01-20,601012,13:26:38,17.3800,319,1
2026-01-20,601012,13:26:41,17.3700,235,2
2026-01-20,601012,13:26:44,17.3800,250,1
2026-01-20,601012,13:26:46,17.3700,139,2
2026-01-20,601012,13:26:49,17.3700,98,2
2026-01-20,601012,13:26:52,17.3700,111,2
2026-01-20,601012,13:26:56,17.3700,152,2
2026-01-20,601012,13:26:59,17.3800,40,1
2026-01-20,601012,13:27:02,17.3700,211,2
2026-01-20,601012,13:27:05,17.3700,142,2
2026-01-20,601012,13:27:08,17.3800,236,1
2026-01-20,601012,13:27:11,17.3800,174,1
2026-01-20,601012,13:27:14,17.3800,114,1
2026-01-20,601012,13:27:17,17.3800,1964,1
2026-01-20,601012,13:27:20,17.3800,117,2
2026-01-20,601012,13:27:23,17.3800,1730,2
2026-01-20,601012,13:27:26,17.4000,210,1
2026-01-20,601012,13:27:28,17.4000,222,1
2026-01-20,601012,13:27:32,17.3900,345,2
2026-01-20,601012,13:27:35,17.3900,265,2
2026-01-20,601012,13:27:38,17.3900,38,1
2026-01-20,601012,13:27:41,17.3900,127,1
2026-01-20,601012,13:27:43,17.3900,147,1
2026-01-20,601012,13:27:47,17.3900,1097,1
2026-01-20,601012,13:27:50,17.3900,305,1
2026-01-20,601012,13:27:53,17.3800,1145,2
2026-01-20,601012,13:27:56,17.3800,207,1
2026-01-20,601012,13:27:59,17.3800,467,1
2026-01-20,601012,13:28:02,17.3800,234,1
2026-01-20,601012,13:28:05,17.3900,156,1
2026-01-20,601012,13:28:08,17.3800,209,2
2026-01-20,601012,13:28:11,17.3900,90,1
2026-01-20,601012,13:28:14,17.3800,30,2
2026-01-20,601012,13:28:16,17.3800,84,2
2026-01-20,601012,13:28:19,17.3900,281,1
2026-01-20,601012,13:28:22,17.3900,127,1
2026-01-20,601012,13:28:26,17.3900,146,1
2026-01-20,601012,13:28:29,17.3900,174,1
2026-01-20,601012,13:28:32,17.3900,130,1
2026-01-20,601012,13:28:34,17.3900,1222,1
2026-01-20,601012,13:28:38,17.3900,90,1
2026-01-20,601012,13:28:41,17.3900,56,2
2026-01-20,601012,13:28:44,17.3900,448,2
2026-01-20,601012,13:28:47,17.4000,174,1
2026-01-20,601012,13:28:50,17.4000,80,1
2026-01-20,601012,13:28:52,17.3900,390,2
2026-01-20,601012,13:28:56,17.4000,381,1
2026-01-20,601012,13:28:59,17.3900,122,2
2026-01-20,601012,13:29:02,17.3900,378,2
2026-01-20,601012,13:29:05,17.3900,212,2
2026-01-20,601012,13:29:08,17.3900,153,2
2026-01-20,601012,13:29:11,17.3800,1879,2
2026-01-20,601012,13:29:14,17.3800,181,1
2026-01-20,601012,13:29:17,17.3700,1326,2
2026-01-20,601012,13:29:20,17.3700,298,1
2026-01-20,601012,13:29:22,17.3700,1024,1
2026-01-20,601012,13:29:26,17.3700,166,1
2026-01-20,601012,13:29:29,17.3700,406,1
2026-01-20,601012,13:29:32,17.3700,274,1
2026-01-20,601012,13:29:34,17.3600,207,2
2026-01-20,601012,13:29:37,17.3600,131,2
2026-01-20,601012,13:29:41,17.3700,167,1
2026-01-20,601012,13:29:43,17.3600,259,2
2026-01-20,601012,13:29:46,17.3700,139,1
2026-01-20,601012,13:29:50,17.3700,519,1
2026-01-20,601012,13:29:53,17.3600,232,2
2026-01-20,601012,13:29:56,17.3700,81,1
2026-01-20,601012,13:29:59,17.3700,285,1
2026-01-20,601012,13:30:01,17.3700,214,1
2026-01-20,601012,13:30:05,17.3700,205,1
2026-01-20,601012,13:30:08,17.3700,145,1
2026-01-20,601012,13:30:10,17.3700,315,1
2026-01-20,601012,13:30:14,17.3600,1277,2
2026-01-20,601012,13:30:17,17.3600,394,1
2026-01-20,601012,13:30:20,17.3600,173,1
2026-01-20,601012,13:30:23,17.3600,325,1
2026-01-20,601012,13:30:26,17.3600,154,1
2026-01-20,601012,13:30:29,17.3600,645,1
2026-01-20,601012,13:30:32,17.3600,184,1
2026-01-20,601012,13:30:34,17.3600,157,1
2026-01-20,601012,13:30:37,17.3500,267,2
2026-01-20,601012,13:30:40,17.3600,175,1
2026-01-20,601012,13:30:44,17.3600,2981,1
2026-01-20,601012,13:30:47,17.3600,19,2
2026-01-20,601012,13:30:50,17.3700,149,1
2026-01-20,601012,13:30:52,17.3600,66,2
2026-01-20,601012,13:30:56,17.3700,125,1
2026-01-20,601012,13:30:59,17.3600,111,2
2026-01-20,601012,13:31:02,17.3700,176,1
2026-01-20,601012,13:31:05,17.3700,59,1
2026-01-20,601012,13:31:08,17.3700,171,1
2026-01-20,601012,13:31:11,17.3700,286,1
2026-01-20,601012,13:31:14,17.3700,684,1
2026-01-20,601012,13:31:17,17.3700,158,1
2026-01-20,601012,13:31:20,17.3700,221,1
2026-01-20,601012,13:31:22,17.3700,406,1
2026-01-20,601012,13:31:26,17.3600,483,2
2026-01-20,601012,13:31:29,17.3700,210,1
2026-01-20,601012,13:31:32,17.3600,2087,2
2026-01-20,601012,13:31:34,17.3500,3156,2
2026-01-20,601012,13:31:38,17.3500,176,2
2026-01-20,601012,13:31:41,17.3500,186,2
2026-01-20,601012,13:31:44,17.3500,181,2
2026-01-20,601012,13:31:47,17.3500,107,2
2026-01-20,601012,13:31:50,17.3600,107,1
2026-01-20,601012,13:31:53,17.3500,245,2
2026-01-20,601012,13:31:56,17.3500,355,2
2026-01-20,601012,13:31:59,17.3500,75,2
2026-01-20,601012,13:32:02,17.3500,156,2
2026-01-20,601012,13:32:05,17.3500,114,2
2026-01-20,601012,13:32:08,17.3500,168,2
2026-01-20,601012,13:32:10,17.3500,305,2
2026-01-20,601012,13:32:13,17.3600,332,1
2026-01-20,601012,13:32:17,17.3500,294,2
2026-01-20,601012,13:32:20,17.3600,561,1
2026-01-20,601012,13:32:23,17.3600,164,1
2026-01-20,601012,13:32:26,17.3500,632,2
2026-01-20,601012,13:32:29,17.3500,225,2
2026-01-20,601012,13:32:32,17.3600,947,1
2026-01-20,601012,13:32:35,17.3600,754,2
2026-01-20,601012,13:32:37,17.3600,1166,2
2026-01-20,601012,13:32:40,17.3600,58,2
2026-01-20,601012,13:32:43,17.3700,596,1
2026-01-20,601012,13:32:47,17.3700,65,1
2026-01-20,601012,13:32:50,17.3600,345,2
2026-01-20,601012,13:32:53,17.3600,217,2
2026-01-20,601012,13:32:56,17.3700,729,1
2026-01-20,601012,13:32:59,17.3600,253,2
2026-01-20,601012,13:33:02,17.3700,1124,1
2026-01-20,601012,13:33:04,17.3600,434,2
2026-01-20,601012,13:33:08,17.3700,936,1
2026-01-20,601012,13:33:11,17.3700,570,1
2026-01-20,601012,13:33:14,17.3700,370,2
2026-01-20,601012,13:33:16,17.3800,124,1
2026-01-20,601012,13:33:19,17.3700,49,2
2026-01-20,601012,13:33:23,17.3800,94,1
2026-01-20,601012,13:33:26,17.3700,422,2
2026-01-20,601012,13:33:29,17.3700,145,2
2026-01-20,601012,13:33:32,17.3800,317,1
2026-01-20,601012,13:33:35,17.3700,218,2
2026-01-20,601012,13:33:38,17.3700,104,2
2026-01-20,601012,13:33:41,17.3700,220,2
2026-01-20,601012,13:33:44,17.3600,318,2
2026-01-20,601012,13:33:46,17.3700,23,1
2026-01-20,601012,13:33:50,17.3700,233,1
2026-01-20,601012,13:33:52,17.3700,596,1
2026-01-20,601012,13:33:56,17.3700,283,2
2026-01-20,601012,13:33:59,17.3800,43,1
2026-01-20,601012,13:34:01,17.3700,224,2
2026-01-20,601012,13:34:04,17.3800,108,1
2026-01-20,601012,13:34:08,17.3800,46,1
2026-01-20,601012,13:34:11,17.3800,159,1
2026-01-20,601012,13:34:14,17.3700,329,2
2026-01-20,601012,13:34:17,17.3800,107,1
2026-01-20,601012,13:34:20,17.3800,250,1
2026-01-20,601012,13:34:23,17.3700,186,2
2026-01-20,601012,13:34:26,17.3800,101,1
2026-01-20,601012,13:34:29,17.3700,242,2
2026-01-20,601012,13:34:32,17.3700,44,2
2026-01-20,601012,13:34:35,17.3800,66,1
2026-01-20,601012,13:34:38,17.3800,110,1
2026-01-20,601012,13:34:41,17.3700,536,2
2026-01-20,601012,13:34:44,17.3800,409,1
2026-01-20,601012,13:34:47,17.3700,40,2
2026-01-20,601012,13:34:50,17.3700,33,2
2026-01-20,601012,13:34:53,17.3800,321,1
2026-01-20,601012,13:34:56,17.3700,53,2
2026-01-20,601012,13:34:59,17.3800,347,1
2026-01-20,601012,13:35:02,17.3700,418,2
2026-01-20,601012,13:35:05,17.3700,375,1
2026-01-20,601012,13:35:08,17.3700,94,1
2026-01-20,601012,13:35:11,17.3700,324,1
2026-01-20,601012,13:35:14,17.3700,57,1
2026-01-20,601012,13:35:17,17.3700,283,1
2026-01-20,601012,13:35:20,17.3700,351,1
2026-01-20,601012,13:35:23,17.3700,467,1
2026-01-20,601012,13:35:26,17.3700,169,1
2026-01-20,601012,13:35:29,17.3700,985,1
2026-01-20,601012,13:35:32,17.3700,190,1
2026-01-20,601012,13:35:34,17.3700,533,1
2026-01-20,601012,13:35:38,17.3700,242,2
2026-01-20,601012,13:35:40,17.3700,412,1
2026-01-20,601012,13:35:43,17.3700,198,1
2026-01-20,601012,13:35:46,17.3700,629,1
2026-01-20,601012,13:35:50,17.3700,186,2
2026-01-20,601012,13:35:52,17.3700,390,1
2026-01-20,601012,13:35:56,17.3700,167,2
2026-01-20,601012,13:35:59,17.3700,136,2
2026-01-20,601012,13:36:02,17.3700,423,2
2026-01-20,601012,13:36:05,17.3600,460,2
2026-01-20,601012,13:36:08,17.3700,70,1
2026-01-20,601012,13:36:11,17.3700,306,1
2026-01-20,601012,13:36:14,17.3700,151,1
2026-01-20,601012,13:36:17,17.3700,260,1
2026-01-20,601012,13:36:20,17.3700,285,2
2026-01-20,601012,13:36:22,17.3700,59,2
2026-01-20,601012,13:36:26,17.3600,560,2
2026-01-20,601012,13:36:29,17.3600,419,2
2026-01-20,601012,13:36:32,17.3600,74,2
2026-01-20,601012,13:36:34,17.3600,343,2
2026-01-20,601012,13:36:38,17.3600,39,2
2026-01-20,601012,13:36:41,17.3700,308,1
2026-01-20,601012,13:36:44,17.3700,102,1
2026-01-20,601012,13:36:46,17.3600,405,2
2026-01-20,601012,13:36:50,17.3600,130,2
2026-01-20,601012,13:36:53,17.3700,443,1
2026-01-20,601012,13:36:56,17.3600,127,2
2026-01-20,601012,13:36:58,17.3600,554,2
2026-01-20,601012,13:37:01,17.3600,1323,2
2026-01-20,601012,13:37:05,17.3700,586,1
2026-01-20,601012,13:37:07,17.3600,814,2
2026-01-20,601012,13:37:11,17.3600,320,2
2026-01-20,601012,13:37:14,17.3600,113,2
2026-01-20,601012,13:37:16,17.3600,119,2
2026-01-20,601012,13:37:19,17.3600,157,2
2026-01-20,601012,13:37:22,17.3600,898,2
2026-01-20,601012,13:37:26,17.3700,1626,1
2026-01-20,601012,13:37:29,17.3600,870,2
2026-01-20,601012,13:37:32,17.3700,139,1
2026-01-20,601012,13:37:35,17.3700,75,1
2026-01-20,601012,13:37:38,17.3700,904,1
2026-01-20,601012,13:37:41,17.3700,326,2
2026-01-20,601012,13:37:44,17.3700,33,4
2026-01-20,601012,13:37:47,17.3700,147,2
2026-01-20,601012,13:37:50,17.3700,109,1
2026-01-20,601012,13:37:53,17.3700,408,1
2026-01-20,601012,13:37:56,17.3700,163,2
2026-01-20,601012,13:37:59,17.3700,249,2
2026-01-20,601012,13:38:01,17.3700,152,2
2026-01-20,601012,13:38:05,17.3700,270,2
2026-01-20,601012,13:38:08,17.3800,114,1
2026-01-20,601012,13:38:11,17.3700,730,2
2026-01-20,601012,13:38:14,17.3700,233,2
2026-01-20,601012,13:38:17,17.3700,245,1
2026-01-20,601012,13:38:20,17.3700,421,2
2026-01-20,601012,13:38:22,17.3600,103,2
2026-01-20,601012,13:38:26,17.3600,236,2
2026-01-20,601012,13:38:29,17.3600,123,2
2026-01-20,601012,13:38:32,17.3600,288,2
2026-01-20,601012,13:38:35,17.3700,45,1
2026-01-20,601012,13:38:38,17.3700,137,2
2026-01-20,601012,13:38:41,17.3700,127,1
2026-01-20,601012,13:38:44,17.3600,312,2
2026-01-20,601012,13:38:47,17.3700,18,1
2026-01-20,601012,13:38:50,17.3700,205,1
2026-01-20,601012,13:38:53,17.3600,421,2
2026-01-20,601012,13:38:56,17.3700,899,1
2026-01-20,601012,13:38:59,17.3600,104,2
2026-01-20,601012,13:39:01,17.3700,827,1
2026-01-20,601012,13:39:05,17.3600,114,2
2026-01-20,601012,13:39:08,17.3700,678,1
2026-01-20,601012,13:39:10,17.3700,31,1
2026-01-20,601012,13:39:14,17.3700,140,1
2026-01-20,601012,13:39:17,17.3700,162,2
2026-01-20,601012,13:39:20,17.3600,111,2
2026-01-20,601012,13:39:23,17.3700,112,1
2026-01-20,601012,13:39:26,17.3700,556,1
2026-01-20,601012,13:39:29,17.3700,509,1
2026-01-20,601012,13:39:31,17.3700,364,1
2026-01-20,601012,13:39:34,17.3700,55,1
2026-01-20,601012,13:39:37,17.3700,117,1
2026-01-20,601012,13:39:40,17.3700,194,1
2026-01-20,601012,13:39:44,17.3700,234,1
2026-01-20,601012,13:39:47,17.3600,157,2
2026-01-20,601012,13:39:50,17.3700,252,1
2026-01-20,601012,13:39:53,17.3600,412,2
2026-01-20,601012,13:39:56,17.3700,481,1
2026-01-20,601012,13:39:58,17.3700,89,2
2026-01-20,601012,13:40:02,17.3700,249,1
2026-01-20,601012,13:40:05,17.3700,254,1
2026-01-20,601012,13:40:07,17.3800,1049,1
2026-01-20,601012,13:40:11,17.3700,198,2
2026-01-20,601012,13:40:14,17.3700,73,2
2026-01-20,601012,13:40:17,17.3700,195,2
2026-01-20,601012,13:40:20,17.3800,162,1
2026-01-20,601012,13:40:23,17.3700,306,2
2026-01-20,601012,13:40:26,17.3800,269,1
2026-01-20,601012,13:40:29,17.3800,120,1
2026-01-20,601012,13:40:31,17.3800,68,1
2026-01-20,601012,13:40:35,17.3800,26,1
2026-01-20,601012,13:40:38,17.3800,114,1
2026-01-20,601012,13:40:41,17.3800,531,1
2026-01-20,601012,13:40:43,17.3800,65,1
2026-01-20,601012,13:40:47,17.3700,328,2
2026-01-20,601012,13:40:50,17.3800,139,1
2026-01-20,601012,13:40:53,17.3800,160,1
2026-01-20,601012,13:40:56,17.3700,67,2
2026-01-20,601012,13:40:58,17.3800,102,1
2026-01-20,601012,13:41:01,17.3800,532,1
2026-01-20,601012,13:41:05,17.3800,125,2
2026-01-20,601012,13:41:08,17.3700,63,2
2026-01-20,601012,13:41:11,17.3800,173,1
2026-01-20,601012,13:41:14,17.3900,624,1
2026-01-20,601012,13:41:17,17.3800,39,2
2026-01-20,601012,13:41:20,17.3900,144,1
2026-01-20,601012,13:41:23,17.3900,478,1
2026-01-20,601012,13:41:26,17.3900,381,1
2026-01-20,601012,13:41:29,17.3900,301,1
2026-01-20,601012,13:41:32,17.3800,295,2
2026-01-20,601012,13:41:35,17.3900,615,1
2026-01-20,601012,13:41:38,17.3900,127,1
2026-01-20,601012,13:41:41,17.3800,347,2
2026-01-20,601012,13:41:44,17.3900,198,1
2026-01-20,601012,13:41:47,17.3800,123,2
2026-01-20,601012,13:41:50,17.3900,168,1
2026-01-20,601012,13:41:53,17.3900,81,1
2026-01-20,601012,13:41:56,17.3900,510,1
2026-01-20,601012,13:41:59,17.4000,9,1
2026-01-20,601012,13:42:01,17.4000,321,1
2026-01-20,601012,13:42:05,17.4000,979,1
2026-01-20,601012,13:42:08,17.4000,31,1
2026-01-20,601012,13:42:11,17.3900,324,2
2026-01-20,601012,13:42:14,17.3900,83,2
2026-01-20,601012,13:42:16,17.4000,100,1
2026-01-20,601012,13:42:20,17.3900,100,2
2026-01-20,601012,13:42:23,17.3900,350,2
2026-01-20,601012,13:42:26,17.3900,166,2
2026-01-20,601012,13:42:28,17.4000,130,1
2026-01-20,601012,13:42:31,17.4000,86,1
2026-01-20,601012,13:42:35,17.4000,117,1
2026-01-20,601012,13:42:37,17.4000,280,1
2026-01-20,601012,13:42:41,17.4000,173,1
2026-01-20,601012,13:42:44,17.3900,274,2
2026-01-20,601012,13:42:46,17.3900,194,2
2026-01-20,601012,13:42:50,17.4000,331,1
2026-01-20,601012,13:42:53,17.4000,103,1
2026-01-20,601012,13:42:56,17.4000,311,1
2026-01-20,601012,13:42:59,17.3900,118,2
2026-01-20,601012,13:43:02,17.3900,1231,2
2026-01-20,601012,13:43:05,17.3800,141,2
2026-01-20,601012,13:43:08,17.3900,59,1
2026-01-20,601012,13:43:11,17.3900,483,1
2026-01-20,601012,13:43:14,17.3800,342,2
2026-01-20,601012,13:43:17,17.3800,185,2
2026-01-20,601012,13:43:20,17.3800,203,2
2026-01-20,601012,13:43:22,17.3900,99,1
2026-01-20,601012,13:43:26,17.3800,198,2
2026-01-20,601012,13:43:29,17.3900,97,1
2026-01-20,601012,13:43:32,17.3900,307,1
2026-01-20,601012,13:43:35,17.3800,157,2
2026-01-20,601012,13:43:38,17.3800,246,2
2026-01-20,601012,13:43:41,17.3800,84,2
2026-01-20,601012,13:43:43,17.3900,129,1
2026-01-20,601012,13:43:47,17.3800,407,2
2026-01-20,601012,13:43:49,17.3900,242,1
2026-01-20,601012,13:43:53,17.3800,149,2
2026-01-20,601012,13:43:56,17.3900,77,1
2026-01-20,601012,13:43:59,17.3900,472,1
2026-01-20,601012,13:44:01,17.3800,148,2
2026-01-20,601012,13:44:04,17.3900,192,1
2026-01-20,601012,13:44:07,17.3900,168,1
2026-01-20,601012,13:44:10,17.3800,88,2
2026-01-20,601012,13:44:13,17.3900,472,1
2026-01-20,601012,13:44:16,17.3900,104,1
2026-01-20,601012,13:44:20,17.3800,195,2
2026-01-20,601012,13:44:22,17.3800,143,2
2026-01-20,601012,13:44:26,17.3900,256,1
2026-01-20,601012,13:44:29,17.3900,143,1
2026-01-20,601012,13:44:32,17.3800,285,2
2026-01-20,601012,13:44:35,17.3800,419,2
2026-01-20,601012,13:44:38,17.3800,427,2
2026-01-20,601012,13:44:41,17.3900,1986,1
2026-01-20,601012,13:44:44,17.3900,346,1
2026-01-20,601012,13:44:47,17.3900,164,1
2026-01-20,601012,13:44:50,17.3900,370,1
2026-01-20,601012,13:44:53,17.3800,251,2
2026-01-20,601012,13:44:55,17.3800,179,2
2026-01-20,601012,13:44:59,17.3900,81,1
2026-01-20,601012,13:45:02,17.3900,450,1
2026-01-20,601012,13:45:05,17.3800,229,2
2026-01-20,601012,13:45:08,17.3800,243,1
2026-01-20,601012,13:45:10,17.3700,113,2
2026-01-20,601012,13:45:14,17.3800,113,1
2026-01-20,601012,13:45:17,17.3800,309,1
2026-01-20,601012,13:45:19,17.3700,121,2
2026-01-20,601012,13:45:23,17.3800,135,1
2026-01-20,601012,13:45:26,17.3800,143,1
2026-01-20,601012,13:45:29,17.3700,332,2
2026-01-20,601012,13:45:32,17.3800,95,1
2026-01-20,601012,13:45:35,17.3700,56,2
2026-01-20,601012,13:45:37,17.3800,181,1
2026-01-20,601012,13:45:41,17.3800,277,1
2026-01-20,601012,13:45:44,17.3700,159,2
2026-01-20,601012,13:45:47,17.3800,590,1
2026-01-20,601012,13:45:50,17.3700,209,2
2026-01-20,601012,13:45:53,17.3800,311,1
2026-01-20,601012,13:45:56,17.3800,272,1
2026-01-20,601012,13:45:59,17.3800,64,1
2026-01-20,601012,13:46:02,17.3700,103,2
2026-01-20,601012,13:46:05,17.3800,862,1
2026-01-20,601012,13:46:08,17.3700,195,2
2026-01-20,601012,13:46:11,17.3800,161,1
2026-01-20,601012,13:46:14,17.3800,104,2
2026-01-20,601012,13:46:17,17.3900,113,1
2026-01-20,601012,13:46:20,17.3800,73,2
2026-01-20,601012,13:46:23,17.3800,156,2
2026-01-20,601012,13:46:26,17.3800,148,1
2026-01-20,601012,13:46:29,17.3800,28,1
2026-01-20,601012,13:46:32,17.3800,283,1
2026-01-20,601012,13:46:35,17.3800,160,1
2026-01-20,601012,13:46:38,17.3700,272,2
2026-01-20,601012,13:46:41,17.3800,195,1
2026-01-20,601012,13:46:44,17.3800,104,1
2026-01-20,601012,13:46:47,17.3800,355,1
2026-01-20,601012,13:46:49,17.3800,142,2
2026-01-20,601012,13:46:53,17.3700,235,2
2026-01-20,601012,13:46:55,17.3800,164,1
2026-01-20,601012,13:46:59,17.3700,98,2
2026-01-20,601012,13:47:02,17.3800,209,1
2026-01-20,601012,13:47:05,17.3700,351,2
2026-01-20,601012,13:47:08,17.3800,85,1
2026-01-20,601012,13:47:11,17.3700,86,2
2026-01-20,601012,13:47:14,17.3800,222,1
2026-01-20,601012,13:47:17,17.3800,155,1
2026-01-20,601012,13:47:20,17.3800,343,1
2026-01-20,601012,13:47:23,17.3700,141,2
2026-01-20,601012,13:47:26,17.3700,67,2
2026-01-20,601012,13:47:29,17.3800,220,1
2026-01-20,601012,13:47:32,17.3700,531,2
2026-01-20,601012,13:47:35,17.3800,54,1
2026-01-20,601012,13:47:38,17.3700,236,2
2026-01-20,601012,13:47:41,17.3800,34,1
2026-01-20,601012,13:47:44,17.3700,78,2
2026-01-20,601012,13:47:47,17.3800,147,1
2026-01-20,601012,13:47:50,17.3800,1278,1
2026-01-20,601012,13:47:53,17.3800,206,2
2026-01-20,601012,13:47:56,17.3800,273,2
2026-01-20,601012,13:47:59,17.3800,205,1
2026-01-20,601012,13:48:02,17.3800,40,1
2026-01-20,601012,13:48:05,17.3800,751,1
2026-01-20,601012,13:48:08,17.3800,76,2
2026-01-20,601012,13:48:11,17.4000,1240,1
2026-01-20,601012,13:48:14,17.4000,1840,1
2026-01-20,601012,13:48:17,17.4000,53,4
2026-01-20,601012,13:48:19,17.4000,27,2
2026-01-20,601012,13:48:23,17.4000,123,2
2026-01-20,601012,13:48:26,17.4000,340,2
2026-01-20,601012,13:48:29,17.4000,235,2
2026-01-20,601012,13:48:32,17.4000,116,2
2026-01-20,601012,13:48:35,17.4100,62,1
2026-01-20,601012,13:48:38,17.4100,121,1
2026-01-20,601012,13:48:41,17.4000,84,2
2026-01-20,601012,13:48:44,17.4000,83,2
2026-01-20,601012,13:48:47,17.4100,89,1
2026-01-20,601012,13:48:49,17.4000,168,2
2026-01-20,601012,13:48:52,17.4100,144,1
2026-01-20,601012,13:48:56,17.4000,369,2
2026-01-20,601012,13:48:59,17.4100,360,1
2026-01-20,601012,13:49:02,17.4100,129,2
2026-01-20,601012,13:49:05,17.4100,410,2
2026-01-20,601012,13:49:07,17.4200,3223,1
2026-01-20,601012,13:49:11,17.4400,193,1
2026-01-20,601012,13:49:13,17.4300,38,4
2026-01-20,601012,13:49:17,17.4300,131,1
2026-01-20,601012,13:49:19,17.4300,178,1
2026-01-20,601012,13:49:22,17.4400,99,1
2026-01-20,601012,13:49:26,17.4300,82,2
2026-01-20,601012,13:49:29,17.4400,34,1
2026-01-20,601012,13:49:31,17.4400,607,1
2026-01-20,601012,13:49:34,17.4400,301,1
2026-01-20,601012,13:49:38,17.4400,382,1
2026-01-20,601012,13:49:41,17.4400,471,1
2026-01-20,601012,13:49:44,17.4400,641,1
2026-01-20,601012,13:49:47,17.4400,314,1
2026-01-20,601012,13:49:50,17.4400,88,2
2026-01-20,601012,13:49:53,17.4400,600,2
2026-01-20,601012,13:49:56,17.4500,291,1
2026-01-20,601012,13:49:59,17.4500,180,1
2026-01-20,601012,13:50:02,17.4500,162,1
2026-01-20,601012,13:50:05,17.4500,338,1
2026-01-20,601012,13:50:08,17.4500,200,1
2026-01-20,601012,13:50:11,17.4500,191,1
2026-01-20,601012,13:50:13,17.4500,280,1
2026-01-20,601012,13:50:17,17.4500,483,1
2026-01-20,601012,13:50:19,17.4500,296,1
2026-01-20,601012,13:50:23,17.4500,919,1
2026-01-20,601012,13:50:26,17.4600,192,1
2026-01-20,601012,13:50:29,17.4600,581,1
2026-01-20,601012,13:50:31,17.4700,16,1
2026-01-20,601012,13:50:35,17.4700,562,1
2026-01-20,601012,13:50:38,17.4800,30,1
2026-01-20,601012,13:50:41,17.4800,172,1
2026-01-20,601012,13:50:44,17.4800,312,1
2026-01-20,601012,13:50:47,17.4800,262,1
2026-01-20,601012,13:50:50,17.4800,212,1
2026-01-20,601012,13:50:53,17.4800,341,1
2026-01-20,601012,13:50:56,17.4800,155,2
2026-01-20,601012,13:50:59,17.4800,1250,2
2026-01-20,601012,13:51:02,17.4700,344,2
2026-01-20,601012,13:51:05,17.4900,866,1
2026-01-20,601012,13:51:08,17.4800,709,2
2026-01-20,601012,13:51:11,17.4800,268,2
2026-01-20,601012,13:51:14,17.4700,519,2
2026-01-20,601012,13:51:17,17.4800,505,1
2026-01-20,601012,13:51:20,17.4800,669,2
2026-01-20,601012,13:51:22,17.4800,658,1
2026-01-20,601012,13:51:25,17.4800,409,2
2026-01-20,601012,13:51:29,17.4600,517,2
2026-01-20,601012,13:51:32,17.4700,351,1
2026-01-20,601012,13:51:35,17.4600,263,2
2026-01-20,601012,13:51:38,17.4700,190,1
2026-01-20,601012,13:51:41,17.4600,173,2
2026-01-20,601012,13:51:43,17.4700,383,1
2026-01-20,601012,13:51:47,17.4600,229,2
2026-01-20,601012,13:51:50,17.4600,197,1
2026-01-20,601012,13:51:52,17.4600,457,2
2026-01-20,601012,13:51:56,17.4700,719,1
2026-01-20,601012,13:51:59,17.4600,78,2
2026-01-20,601012,13:52:02,17.4600,683,2
2026-01-20,601012,13:52:05,17.4500,490,2
2026-01-20,601012,13:52:08,17.4600,71,1
2026-01-20,601012,13:52:11,17.4600,207,1
2026-01-20,601012,13:52:14,17.4500,488,2
2026-01-20,601012,13:52:16,17.4400,804,2
2026-01-20,601012,13:52:20,17.4400,158,2
2026-01-20,601012,13:52:23,17.4500,788,1
2026-01-20,601012,13:52:26,17.4400,138,4
2026-01-20,601012,13:52:29,17.4400,246,1
2026-01-20,601012,13:52:32,17.4500,606,1
2026-01-20,601012,13:52:34,17.4400,24,1
2026-01-20,601012,13:52:38,17.4200,120,2
2026-01-20,601012,13:52:41,17.4400,132,1
2026-01-20,601012,13:52:44,17.4300,72,1
2026-01-20,601012,13:52:47,17.4300,105,1
2026-01-20,601012,13:52:49,17.4300,80,1
2026-01-20,601012,13:52:52,17.4300,95,2
2026-01-20,601012,13:52:56,17.4300,99,2
2026-01-20,601012,13:52:59,17.4400,124,1
2026-01-20,601012,13:53:01,17.4400,119,1
2026-01-20,601012,13:53:05,17.4300,50,2
2026-01-20,601012,13:53:07,17.4400,198,1
2026-01-20,601012,13:53:11,17.4300,69,2
2026-01-20,601012,13:53:14,17.4400,45,1
2026-01-20,601012,13:53:17,17.4300,25,2
2026-01-20,601012,13:53:20,17.4400,11,1
2026-01-20,601012,13:53:23,17.4300,85,2
2026-01-20,601012,13:53:26,17.4400,91,1
2026-01-20,601012,13:53:29,17.4300,77,2
2026-01-20,601012,13:53:32,17.4400,467,1
2026-01-20,601012,13:53:35,17.4300,380,2
2026-01-20,601012,13:53:38,17.4400,485,1
2026-01-20,601012,13:53:41,17.4400,17,1
2026-01-20,601012,13:53:44,17.4400,75,1
2026-01-20,601012,13:53:47,17.4400,272,1
2026-01-20,601012,13:53:50,17.4400,149,2
2026-01-20,601012,13:53:53,17.4400,107,1
2026-01-20,601012,13:53:56,17.4400,168,1
2026-01-20,601012,13:53:59,17.4300,79,2
2026-01-20,601012,13:54:02,17.4300,70,2
2026-01-20,601012,13:54:05,17.4300,62,2
2026-01-20,601012,13:54:08,17.4400,161,1
2026-01-20,601012,13:54:11,17.4400,160,1
2026-01-20,601012,13:54:14,17.4300,109,2
2026-01-20,601012,13:54:16,17.4300,370,2
2026-01-20,601012,13:54:20,17.4400,116,1
2026-01-20,601012,13:54:23,17.4400,442,1
2026-01-20,601012,13:54:26,17.4400,117,2
2026-01-20,601012,13:54:29,17.4500,337,1
2026-01-20,601012,13:54:32,17.4400,176,2
2026-01-20,601012,13:54:35,17.4400,90,1
2026-01-20,601012,13:54:38,17.4400,128,1
2026-01-20,601012,13:54:41,17.4400,64,1
2026-01-20,601012,13:54:44,17.4400,55,2
2026-01-20,601012,13:54:47,17.4300,309,2
2026-01-20,601012,13:54:50,17.4300,624,2
2026-01-20,601012,13:54:53,17.4200,175,2
2026-01-20,601012,13:54:55,17.4200,140,2
2026-01-20,601012,13:54:59,17.4300,212,1
2026-01-20,601012,13:55:02,17.4300,89,1
2026-01-20,601012,13:55:05,17.4200,120,2
2026-01-20,601012,13:55:08,17.4300,69,1
2026-01-20,601012,13:55:11,17.4300,71,1
2026-01-20,601012,13:55:14,17.4200,28,2
2026-01-20,601012,13:55:17,17.4300,168,1
2026-01-20,601012,13:55:20,17.4200,133,2
2026-01-20,601012,13:55:23,17.4200,180,2
2026-01-20,601012,13:55:25,17.4200,43,2
2026-01-20,601012,13:55:29,17.4300,166,2
2026-01-20,601012,13:55:32,17.4300,120,1
2026-01-20,601012,13:55:35,17.4300,111,1
2026-01-20,601012,13:55:38,17.4300,61,1
2026-01-20,601012,13:55:41,17.4300,196,1
2026-01-20,601012,13:55:44,17.4200,299,2
2026-01-20,601012,13:55:47,17.4100,411,2
2026-01-20,601012,13:55:49,17.4100,180,2
2026-01-20,601012,13:55:52,17.4100,219,2
2026-01-20,601012,13:55:56,17.4100,78,2
2026-01-20,601012,13:55:59,17.4100,29,2
2026-01-20,601012,13:56:02,17.4100,91,2
2026-01-20,601012,13:56:05,17.4100,187,2
2026-01-20,601012,13:56:08,17.4200,83,1
2026-01-20,601012,13:56:11,17.4100,97,2
2026-01-20,601012,13:56:14,17.4100,96,2
2026-01-20,601012,13:56:17,17.4200,121,1
2026-01-20,601012,13:56:19,17.4100,52,2
2026-01-20,601012,13:56:23,17.4100,83,2
2026-01-20,601012,13:56:26,17.4100,130,2
2026-01-20,601012,13:56:29,17.4200,218,1
2026-01-20,601012,13:56:32,17.4100,305,2
2026-01-20,601012,13:56:35,17.4200,150,1
2026-01-20,601012,13:56:38,17.4100,125,2
2026-01-20,601012,13:56:41,17.4100,168,2
2026-01-20,601012,13:56:44,17.4200,394,1
2026-01-20,601012,13:56:47,17.4100,122,2
2026-01-20,601012,13:56:50,17.4200,129,1
2026-01-20,601012,13:56:53,17.4000,247,2
2026-01-20,601012,13:56:56,17.4000,134,2
2026-01-20,601012,13:56:59,17.4000,105,2
2026-01-20,601012,13:57:02,17.4000,390,2
2026-01-20,601012,13:57:05,17.4000,181,2
2026-01-20,601012,13:57:08,17.4000,142,2
2026-01-20,601012,13:57:10,17.4000,42,2
2026-01-20,601012,13:57:13,17.4100,128,1
2026-01-20,601012,13:57:17,17.4000,290,2
2026-01-20,601012,13:57:20,17.4100,119,1
2026-01-20,601012,13:57:23,17.4100,49,1
2026-01-20,601012,13:57:26,17.4000,58,2
2026-01-20,601012,13:57:29,17.4100,185,1
2026-01-20,601012,13:57:32,17.4100,80,1
2026-01-20,601012,13:57:34,17.4100,134,1
2026-01-20,601012,13:57:38,17.4100,233,1
2026-01-20,601012,13:57:41,17.4100,58,1
2026-01-20,601012,13:57:44,17.4000,322,2
2026-01-20,601012,13:57:47,17.4100,148,1
2026-01-20,601012,13:57:49,17.4100,358,1
2026-01-20,601012,13:57:53,17.4100,121,1
2026-01-20,601012,13:57:56,17.4100,55,1
2026-01-20,601012,13:57:59,17.4100,37,1
2026-01-20,601012,13:58:02,17.4000,117,2
2026-01-20,601012,13:58:05,17.4000,751,2
2026-01-20,601012,13:58:08,17.4000,480,2
2026-01-20,601012,13:58:11,17.4000,160,2
2026-01-20,601012,13:58:14,17.4000,137,2
2026-01-20,601012,13:58:17,17.4000,494,2
2026-01-20,601012,13:58:19,17.4000,282,2
2026-01-20,601012,13:58:23,17.4100,610,1
2026-01-20,601012,13:58:26,17.4000,519,2
2026-01-20,601012,13:58:29,17.4000,66,2
2026-01-20,601012,13:58:32,17.4000,232,2
2026-01-20,601012,13:58:35,17.4100,440,1
2026-01-20,601012,13:58:37,17.4000,289,2
2026-01-20,601012,13:58:41,17.4000,262,2
2026-01-20,601012,13:58:44,17.4000,91,2
2026-01-20,601012,13:58:46,17.4000,148,2
2026-01-20,601012,13:58:50,17.4000,286,2
2026-01-20,601012,13:58:53,17.4000,152,2
2026-01-20,601012,13:58:56,17.4100,872,1
2026-01-20,601012,13:58:59,17.4000,114,2
2026-01-20,601012,13:59:02,17.4000,400,2
2026-01-20,601012,13:59:05,17.4100,376,1
2026-01-20,601012,13:59:08,17.3900,922,2
2026-01-20,601012,13:59:11,17.4000,229,1
2026-01-20,601012,13:59:14,17.4000,296,1
2026-01-20,601012,13:59:16,17.4000,188,1
2026-01-20,601012,13:59:20,17.4000,154,1
2026-01-20,601012,13:59:23,17.3900,645,2
2026-01-20,601012,13:59:26,17.3900,200,2
2026-01-20,601012,13:59:29,17.3900,1035,2
2026-01-20,601012,13:59:32,17.3900,224,2
2026-01-20,601012,13:59:35,17.3800,175,2
2026-01-20,601012,13:59:38,17.3900,1276,1
2026-01-20,601012,13:59:41,17.3900,131,1
2026-01-20,601012,13:59:44,17.3900,69,1
2026-01-20,601012,13:59:47,17.3900,614,1
2026-01-20,601012,13:59:49,17.3900,103,1
2026-01-20,601012,13:59:53,17.4000,64,1
2026-01-20,601012,13:59:56,17.4000,1097,1
2026-01-20,601012,13:59:59,17.4000,47,1
2026-01-20,601012,14:00:02,17.4000,51,1
2026-01-20,601012,14:00:05,17.4000,568,1
2026-01-20,601012,14:00:08,17.3900,276,2
2026-01-20,601012,14:00:10,17.4100,872,1
2026-01-20,601012,14:00:14,17.3900,157,2
2026-01-20,601012,14:00:17,17.4000,132,2
2026-01-20,601012,14:00:19,17.4000,52,2
2026-01-20,601012,14:00:23,17.4000,111,2
2026-01-20,601012,14:00:26,17.4000,59,1
2026-01-20,601012,14:00:29,17.3900,94,2
2026-01-20,601012,14:00:31,17.4000,194,1
2026-01-20,601012,14:00:35,17.3900,895,2
2026-01-20,601012,14:00:37,17.4000,650,1
2026-01-20,601012,14:00:40,17.4000,122,1
2026-01-20,601012,14:00:44,17.4000,326,1
2026-01-20,601012,14:00:46,17.4000,748,1
2026-01-20,601012,14:00:50,17.3900,87,2
2026-01-20,601012,14:00:53,17.3900,805,2
2026-01-20,601012,14:00:56,17.3900,175,2
2026-01-20,601012,14:00:59,17.3800,161,2
2026-01-20,601012,14:01:02,17.3800,149,2
2026-01-20,601012,14:01:04,17.3900,374,1
2026-01-20,601012,14:01:08,17.3800,81,2
2026-01-20,601012,14:01:11,17.3900,54,1
2026-01-20,601012,14:01:14,17.3900,223,1
2026-01-20,601012,14:01:17,17.3900,53,1
2026-01-20,601012,14:01:19,17.3900,90,1
2026-01-20,601012,14:01:22,17.3800,183,2
2026-01-20,601012,14:01:26,17.3900,92,1
2026-01-20,601012,14:01:28,17.3900,434,1
2026-01-20,601012,14:01:32,17.3900,55,2
2026-01-20,601012,14:01:34,17.4000,22,1
2026-01-20,601012,14:01:38,17.3900,122,2
2026-01-20,601012,14:01:41,17.4000,52,1
2026-01-20,601012,14:01:44,17.3900,215,2
2026-01-20,601012,14:01:47,17.4000,1964,1
2026-01-20,601012,14:01:50,17.4000,129,1
2026-01-20,601012,14:01:52,17.3900,50,2
2026-01-20,601012,14:01:56,17.4000,378,1
2026-01-20,601012,14:01:59,17.3900,218,2
2026-01-20,601012,14:02:02,17.3900,321,2
2026-01-20,601012,14:02:04,17.4000,127,1
2026-01-20,601012,14:02:07,17.3900,956,2
2026-01-20,601012,14:02:10,17.3900,119,1
2026-01-20,601012,14:02:14,17.3900,17,1
2026-01-20,601012,14:02:17,17.3800,106,2
2026-01-20,601012,14:02:19,17.3900,154,1
2026-01-20,601012,14:02:22,17.3900,747,2
2026-01-20,601012,14:02:26,17.3900,58,2
2026-01-20,601012,14:02:29,17.4000,125,1
2026-01-20,601012,14:02:32,17.4000,406,1
2026-01-20,601012,14:02:35,17.3900,1327,2
2026-01-20,601012,14:02:38,17.3900,54,2
2026-01-20,601012,14:02:40,17.3900,161,2
2026-01-20,601012,14:02:43,17.3900,706,2
2026-01-20,601012,14:02:47,17.4000,121,1
2026-01-20,601012,14:02:49,17.3900,113,2
2026-01-20,601012,14:02:53,17.3900,740,2
2026-01-20,601012,14:02:56,17.3900,73,2
2026-01-20,601012,14:02:59,17.4000,150,1
2026-01-20,601012,14:03:02,17.3900,175,2
2026-01-20,601012,14:03:05,17.4000,35,1
2026-01-20,601012,14:03:08,17.3900,2775,2
2026-01-20,601012,14:03:10,17.4000,95,1
2026-01-20,601012,14:03:14,17.4000,151,1
2026-01-20,601012,14:03:17,17.3900,106,2
2026-01-20,601012,14:03:20,17.4000,343,1
2026-01-20,601012,14:03:23,17.3900,81,2
2026-01-20,601012,14:03:26,17.3900,61,2
2026-01-20,601012,14:03:29,17.4000,144,1
2026-01-20,601012,14:03:32,17.3900,109,2
2026-01-20,601012,14:03:35,17.4000,95,1
2026-01-20,601012,14:03:38,17.3900,127,2
2026-01-20,601012,14:03:40,17.4000,185,1
2026-01-20,601012,14:03:44,17.3900,91,2
2026-01-20,601012,14:03:46,17.3900,137,2
2026-01-20,601012,14:03:50,17.4000,194,1
2026-01-20,601012,14:03:53,17.4000,141,1
2026-01-20,601012,14:03:56,17.4000,120,1
2026-01-20,601012,14:03:59,17.4000,135,1
2026-01-20,601012,14:04:01,17.3900,340,2
2026-01-20,601012,14:04:05,17.4000,124,1
2026-01-20,601012,14:04:07,17.4000,195,1
2026-01-20,601012,14:04:11,17.4000,306,1
2026-01-20,601012,14:04:14,17.3900,254,2
2026-01-20,601012,14:04:17,17.3900,129,2
2026-01-20,601012,14:04:20,17.4000,148,1
2026-01-20,601012,14:04:22,17.3900,224,2
2026-01-20,601012,14:04:26,17.4000,331,1
2026-01-20,601012,14:04:29,17.3900,86,2
2026-01-20,601012,14:04:32,17.4000,62,1
2026-01-20,601012,14:04:35,17.3900,154,2
2026-01-20,601012,14:04:38,17.3900,77,2
2026-01-20,601012,14:04:41,17.3900,228,2
2026-01-20,601012,14:04:44,17.3900,2732,2
2026-01-20,601012,14:04:46,17.3900,192,1
2026-01-20,601012,14:04:50,17.3900,139,1
2026-01-20,601012,14:04:53,17.3800,83,2
2026-01-20,601012,14:04:56,17.3800,86,2
2026-01-20,601012,14:04:59,17.3800,112,2
2026-01-20,601012,14:05:02,17.3900,646,1
2026-01-20,601012,14:05:04,17.3900,244,2
2026-01-20,601012,14:05:08,17.3900,320,1
2026-01-20,601012,14:05:11,17.3900,191,2
2026-01-20,601012,14:05:14,17.3900,27,2
2026-01-20,601012,14:05:17,17.3900,116,2
2026-01-20,601012,14:05:20,17.3900,58,2
2026-01-20,601012,14:05:23,17.3800,137,2
2026-01-20,601012,14:05:26,17.3800,59,2
2026-01-20,601012,14:05:29,17.3900,92,1
2026-01-20,601012,14:05:32,17.3900,142,1
2026-01-20,601012,14:05:35,17.4000,903,1
2026-01-20,601012,14:05:38,17.4000,939,1
2026-01-20,601012,14:05:40,17.4000,133,2
2026-01-20,601012,14:05:43,17.4000,56,1
2026-01-20,601012,14:05:46,17.4000,141,2
2026-01-20,601012,14:05:50,17.4000,28,2
2026-01-20,601012,14:05:53,17.4100,1440,1
2026-01-20,601012,14:05:56,17.4100,102,1
2026-01-20,601012,14:05:59,17.4000,67,2
2026-01-20,601012,14:06:02,17.4100,251,1
2026-01-20,601012,14:06:05,17.4100,92,1
2026-01-20,601012,14:06:08,17.4200,111,1
2026-01-20,601012,14:06:11,17.4100,240,2
2026-01-20,601012,14:06:13,17.4100,134,2
2026-01-20,601012,14:06:17,17.4100,318,2
2026-01-20,601012,14:06:19,17.4100,35,1
2026-01-20,601012,14:06:22,17.4100,287,1
2026-01-20,601012,14:06:25,17.4100,70,1
2026-01-20,601012,14:06:29,17.4000,40,2
2026-01-20,601012,14:06:32,17.4100,81,1
2026-01-20,601012,14:06:35,17.4100,126,1
2026-01-20,601012,14:06:38,17.4100,63,1
2026-01-20,601012,14:06:41,17.4100,502,1
2026-01-20,601012,14:06:44,17.4100,159,1
2026-01-20,601012,14:06:47,17.4000,487,2
2026-01-20,601012,14:06:49,17.4100,197,1
2026-01-20,601012,14:06:52,17.4000,530,2
2026-01-20,601012,14:06:56,17.4000,137,2
2026-01-20,601012,14:06:59,17.4100,472,1
2026-01-20,601012,14:07:02,17.4000,555,2
2026-01-20,601012,14:07:05,17.4000,31,1
2026-01-20,601012,10:57:07,17.3100,1584,2
2026-01-20,601012,10:57:10,17.3100,1469,2
2026-01-20,601012,10:57:14,17.3100,911,2
2026-01-20,601012,10:57:16,17.3100,1358,2
2026-01-20,601012,10:57:20,17.3100,1521,1
2026-01-20,601012,10:57:23,17.3100,2674,1
2026-01-20,601012,10:57:25,17.3100,2071,2
2026-01-20,601012,10:57:29,17.3100,1758,2
2026-01-20,601012,10:57:32,17.3200,1513,1
2026-01-20,601012,10:57:35,17.3200,1040,2
2026-01-20,601012,10:57:37,17.3400,301,1
2026-01-20,601012,10:57:41,17.3300,919,2
2026-01-20,601012,10:57:44,17.3300,525,1
2026-01-20,601012,10:57:47,17.3300,775,1
2026-01-20,601012,10:57:50,17.3300,385,1
2026-01-20,601012,10:57:53,17.3300,1265,1
2026-01-20,601012,10:57:56,17.3300,1956,1
2026-01-20,601012,10:57:59,17.3200,1950,2
2026-01-20,601012,10:58:02,17.3200,915,1
2026-01-20,601012,10:58:04,17.3200,611,1
2026-01-20,601012,10:58:07,17.3200,1023,1
2026-01-20,601012,10:58:11,17.3200,1278,1
2026-01-20,601012,10:58:14,17.3200,1301,1
2026-01-20,601012,10:58:16,17.3200,1066,1
2026-01-20,601012,10:58:19,17.3200,1096,1
2026-01-20,601012,10:58:23,17.3200,888,1
2026-01-20,601012,10:58:26,17.3200,1388,1
2026-01-20,601012,10:58:29,17.3200,758,1
2026-01-20,601012,10:58:31,17.3200,2354,1
2026-01-20,601012,10:58:35,17.3200,1240,1
2026-01-20,601012,10:58:37,17.3200,1043,1
2026-01-20,601012,10:58:41,17.3200,1930,1
2026-01-20,601012,10:58:44,17.3200,1240,1
2026-01-20,601012,10:58:47,17.3100,988,2
2026-01-20,601012,10:58:49,17.3200,1415,1
2026-01-20,601012,10:58:53,17.3100,588,2
2026-01-20,601012,10:58:56,17.3100,1112,2
2026-01-20,601012,10:58:59,17.3100,1484,2
2026-01-20,601012,10:59:02,17.3200,1387,4
2026-01-20,601012,10:59:05,17.3300,2252,1
2026-01-20,601012,10:59:08,17.3300,605,1
2026-01-20,601012,10:59:11,17.3300,303,1
2026-01-20,601012,10:59:14,17.3300,2385,2
2026-01-20,601012,10:59:17,17.3300,1137,1
2026-01-20,601012,10:59:19,17.3200,923,2
2026-01-20,601012,10:59:22,17.3300,490,1
2026-01-20,601012,10:59:26,17.3400,1246,1
2026-01-20,601012,10:59:29,17.3500,1309,1
2026-01-20,601012,10:59:31,17.3600,974,1
2026-01-20,601012,10:59:35,17.3500,223,2
2026-01-20,601012,10:59:38,17.3600,390,1
2026-01-20,601012,10:59:40,17.3700,838,1
2026-01-20,601012,10:59:44,17.3600,370,2
2026-01-20,601012,10:59:47,17.3700,218,1
2026-01-20,601012,10:59:50,17.3800,309,1
2026-01-20,601012,10:59:52,17.3800,422,1
2026-01-20,601012,10:59:56,17.3800,533,1
2026-01-20,601012,10:59:59,17.3800,485,1
2026-01-20,601012,11:00:02,17.3900,392,1
2026-01-20,601012,11:00:04,17.3900,149,1
2026-01-20,601012,11:00:08,17.3800,938,2
2026-01-20,601012,11:00:11,17.3900,923,1
2026-01-20,601012,11:00:14,17.3900,595,1
2026-01-20,601012,11:00:16,17.3900,333,1
2026-01-20,601012,11:00:20,17.3800,526,2
2026-01-20,601012,11:00:23,17.3900,418,1
2026-01-20,601012,11:00:26,17.3900,431,1
2026-01-20,601012,11:00:29,17.3900,477,1
2026-01-20,601012,11:00:32,17.3900,277,2
2026-01-20,601012,11:00:35,17.3900,857,2
2026-01-20,601012,11:00:38,17.3900,1175,1
2026-01-20,601012,11:00:41,17.4000,468,1
2026-01-20,601012,11:00:44,17.4000,106,1
2026-01-20,601012,11:00:47,17.4000,406,1
2026-01-20,601012,11:00:50,17.4000,602,1
2026-01-20,601012,11:00:53,17.4000,195,2
2026-01-20,601012,11:00:56,17.3900,1880,2
2026-01-20,601012,11:00:59,17.3900,390,1
2026-01-20,601012,11:01:02,17.4000,392,1
2026-01-20,601012,11:01:05,17.4000,844,1
2026-01-20,601012,11:01:07,17.3900,465,2
2026-01-20,601012,11:01:11,17.4000,772,1
2026-01-20,601012,11:01:14,17.3900,278,2
2026-01-20,601012,11:01:17,17.3900,266,2
2026-01-20,601012,11:01:20,17.3900,489,2
2026-01-20,601012,11:01:23,17.3900,157,2
2026-01-20,601012,11:01:26,17.3900,584,2
2026-01-20,601012,11:01:29,17.4000,431,1
2026-01-20,601012,11:01:31,17.4000,547,1
2026-01-20,601012,11:01:34,17.3900,305,2
2026-01-20,601012,11:01:37,17.3900,373,2
2026-01-20,601012,11:01:41,17.3900,694,2
2026-01-20,601012,11:01:44,17.3900,182,2
2026-01-20,601012,11:01:47,17.3900,741,1
2026-01-20,601012,11:01:49,17.3900,298,1
2026-01-20,601012,11:01:53,17.3900,220,1
2026-01-20,601012,11:01:56,17.4000,186,1
2026-01-20,601012,11:01:59,17.4000,219,1
2026-01-20,601012,11:02:02,17.4000,250,1
2026-01-20,601012,11:02:04,17.3900,818,2
2026-01-20,601012,11:02:07,17.3900,566,1
2026-01-20,601012,11:02:11,17.3900,330,1
2026-01-20,601012,11:02:14,17.3900,562,1
2026-01-20,601012,11:02:17,17.3900,224,1
2026-01-20,601012,11:02:20,17.3900,339,1
2026-01-20,601012,11:02:23,17.3800,148,2
2026-01-20,601012,11:02:26,17.3800,564,2
2026-01-20,601012,11:02:29,17.3800,407,2
2026-01-20,601012,11:02:31,17.3900,281,1
2026-01-20,601012,11:02:34,17.3800,357,2
2026-01-20,601012,11:02:38,17.3900,226,1
2026-01-20,601012,11:02:41,17.3800,475,2
2026-01-20,601012,11:02:43,17.3900,276,1
2026-01-20,601012,11:02:47,17.3900,293,1
2026-01-20,601012,11:02:50,17.3900,571,1
2026-01-20,601012,11:02:52,17.3900,225,1
2026-01-20,601012,11:02:55,17.3900,466,1
2026-01-20,601012,11:02:59,17.3900,237,1
2026-01-20,601012,11:03:01,17.3900,325,1
2026-01-20,601012,11:03:05,17.3900,525,1
2026-01-20,601012,11:03:07,17.3900,793,1
2026-01-20,601012,11:03:11,17.3900,412,2
2026-01-20,601012,11:03:14,17.3900,315,1
2026-01-20,601012,11:03:17,17.3900,139,1
2026-01-20,601012,11:03:20,17.3900,230,1
2026-01-20,601012,11:03:22,17.3900,322,1
2026-01-20,601012,11:03:26,17.3900,358,1
2026-01-20,601012,11:03:29,17.3900,658,1
2026-01-20,601012,11:03:32,17.3900,359,1
2026-01-20,601012,11:03:35,17.3900,536,1
2026-01-20,601012,11:03:38,17.3800,384,2
2026-01-20,601012,11:03:41,17.3900,301,1
2026-01-20,601012,11:03:43,17.3800,1033,2
2026-01-20,601012,11:03:47,17.3800,279,2
2026-01-20,601012,11:03:50,17.3900,402,1
2026-01-20,601012,11:03:52,17.3900,245,1
2026-01-20,601012,11:03:56,17.3900,407,1
2026-01-20,601012,11:03:59,17.3900,210,1
2026-01-20,601012,11:04:02,17.3900,117,1
2026-01-20,601012,11:04:05,17.3900,159,1
2026-01-20,601012,11:04:08,17.3900,219,1
2026-01-20,601012,11:04:10,17.3900,290,1
2026-01-20,601012,11:04:14,17.3900,1117,1
2026-01-20,601012,11:04:17,17.3900,250,1
2026-01-20,601012,11:04:20,17.3900,801,1
2026-01-20,601012,11:04:23,17.3900,256,1
2026-01-20,601012,11:04:26,17.3900,352,1
2026-01-20,601012,11:04:29,17.3900,212,1
2026-01-20,601012,11:04:32,17.3900,364,1
2026-01-20,601012,11:04:35,17.3900,893,1
2026-01-20,601012,11:04:38,17.3900,280,1
2026-01-20,601012,11:04:41,17.3800,327,2
2026-01-20,601012,11:04:44,17.3800,382,2
2026-01-20,601012,11:04:47,17.3800,799,2
2026-01-20,601012,11:04:50,17.3800,740,2
2026-01-20,601012,11:04:53,17.3800,511,2
2026-01-20,601012,11:04:56,17.3800,1121,2
2026-01-20,601012,11:04:59,17.3800,621,1
2026-01-20,601012,11:05:01,17.3800,251,2
2026-01-20,601012,11:05:05,17.3800,532,1
2026-01-20,601012,11:05:08,17.3800,384,1
2026-01-20,601012,11:05:11,17.3800,509,2
2026-01-20,601012,11:05:13,17.3800,1276,2
2026-01-20,601012,11:05:16,17.3800,147,1
2026-01-20,601012,11:05:20,17.3800,326,1
2026-01-20,601012,11:05:22,17.3800,966,1
2026-01-20,601012,11:05:26,17.3800,131,1
2026-01-20,601012,11:05:29,17.3800,399,1
2026-01-20,601012,11:05:32,17.3700,377,1
2026-01-20,601012,11:05:35,17.3600,3076,2
2026-01-20,601012,11:05:38,17.3600,1063,1
2026-01-20,601012,11:05:41,17.3600,208,1
2026-01-20,601012,11:05:44,17.3500,817,2
2026-01-20,601012,11:05:47,17.3600,1530,1
2026-01-20,601012,11:05:49,17.3500,453,2
2026-01-20,601012,11:05:53,17.3500,1100,2
2026-01-20,601012,11:05:56,17.3500,267,1
2026-01-20,601012,11:05:59,17.3500,244,1
2026-01-20,601012,11:06:02,17.3500,190,1
2026-01-20,601012,11:06:05,17.3500,426,1
2026-01-20,601012,11:06:08,17.3500,1316,1
2026-01-20,601012,11:06:10,17.3400,446,2
2026-01-20,601012,11:06:14,17.3300,1306,2
2026-01-20,601012,11:06:16,17.3400,228,1
2026-01-20,601012,11:06:20,17.3400,243,1
2026-01-20,601012,11:06:22,17.3400,187,1
2026-01-20,601012,11:06:26,17.3300,535,2
2026-01-20,601012,11:06:29,17.3300,302,2
2026-01-20,601012,11:06:32,17.3400,2092,1
2026-01-20,601012,11:06:35,17.3400,396,1
2026-01-20,601012,11:06:37,17.3400,284,2
2026-01-20,601012,11:06:41,17.3400,401,2
2026-01-20,601012,11:06:44,17.3500,355,1
2026-01-20,601012,11:06:47,17.3400,324,2
2026-01-20,601012,11:06:50,17.3400,172,2
2026-01-20,601012,11:06:53,17.3400,423,2
2026-01-20,601012,11:06:56,17.3400,409,2
2026-01-20,601012,11:06:59,17.3400,242,2
2026-01-20,601012,11:07:02,17.3500,70,1
2026-01-20,601012,11:07:05,17.3400,597,2
2026-01-20,601012,11:07:08,17.3400,403,2
2026-01-20,601012,11:07:11,17.3500,569,1
2026-01-20,601012,11:07:14,17.3500,832,1
2026-01-20,601012,11:07:17,17.3400,367,2
2026-01-20,601012,11:07:20,17.3400,259,2
2026-01-20,601012,11:07:22,17.3400,1117,2
2026-01-20,601012,11:07:26,17.3500,628,1
2026-01-20,601012,11:07:28,17.3500,298,1
2026-01-20,601012,11:07:31,17.3500,71,1
2026-01-20,601012,11:07:35,17.3500,80,1
2026-01-20,601012,11:07:37,17.3500,312,1
2026-01-20,601012,11:07:41,17.3500,562,1
2026-01-20,601012,11:07:43,17.3600,1200,1
2026-01-20,601012,11:07:47,17.3700,203,1
2026-01-20,601012,11:07:50,17.3700,821,1
2026-01-20,601012,11:07:53,17.3700,11,2
2026-01-20,601012,11:07:56,17.3700,136,2
2026-01-20,601012,11:07:59,17.3800,100,1
2026-01-20,601012,11:08:02,17.3900,7901,1
2026-01-20,601012,11:08:05,17.4100,27,1
2026-01-20,601012,11:08:08,17.4100,378,1
2026-01-20,601012,11:08:11,17.4100,234,1
2026-01-20,601012,11:08:14,17.4100,399,1
2026-01-20,601012,11:08:17,17.4100,313,1
2026-01-20,601012,11:08:20,17.4100,248,1
2026-01-20,601012,11:08:22,17.4100,225,1
2026-01-20,601012,11:08:26,17.4100,341,1
2026-01-20,601012,11:08:29,17.4100,50,1
2026-01-20,601012,11:08:32,17.4200,14,1
2026-01-20,601012,11:08:34,17.4200,541,1
2026-01-20,601012,11:08:37,17.4300,15,1
2026-01-20,601012,11:08:40,17.4300,353,1
2026-01-20,601012,11:08:43,17.4300,276,1
2026-01-20,601012,11:08:47,17.4300,371,1
2026-01-20,601012,11:08:50,17.4200,470,2
2026-01-20,601012,11:08:53,17.4300,670,1
2026-01-20,601012,11:08:56,17.4300,553,1
2026-01-20,601012,11:08:59,17.4300,386,1
2026-01-20,601012,11:09:02,17.4300,365,1
2026-01-20,601012,11:09:05,17.4300,182,1
2026-01-20,601012,11:09:07,17.4300,95,2
2026-01-20,601012,11:09:11,17.4300,627,2
2026-01-20,601012,11:09:13,17.4300,185,1
2026-01-20,601012,11:09:17,17.4300,135,1
2026-01-20,601012,11:09:20,17.4300,185,1
2026-01-20,601012,11:09:23,17.4300,211,1
2026-01-20,601012,11:09:26,17.4300,221,1
2026-01-20,601012,11:09:29,17.4300,260,1
2026-01-20,601012,11:09:32,17.4300,202,1
2026-01-20,601012,11:09:35,17.4300,417,1
2026-01-20,601012,11:09:38,17.4300,356,1
2026-01-20,601012,11:09:41,17.4300,251,1
2026-01-20,601012,11:09:43,17.4300,16,2
2026-01-20,601012,11:09:46,17.4300,293,2
2026-01-20,601012,11:09:50,17.4300,95,1
2026-01-20,601012,11:09:52,17.4400,313,1
2026-01-20,601012,11:09:56,17.4200,179,2
2026-01-20,601012,11:09:59,17.4300,284,1
2026-01-20,601012,11:10:02,17.4300,221,1
2026-01-20,601012,11:10:05,17.4200,1970,2
2026-01-20,601012,11:10:07,17.4100,599,2
2026-01-20,601012,11:10:11,17.4200,330,1
2026-01-20,601012,11:10:14,17.4100,486,4
2026-01-20,601012,11:10:17,17.4100,314,1
2026-01-20,601012,11:10:20,17.4100,261,1
2026-01-20,601012,11:10:23,17.4100,162,2
2026-01-20,601012,11:10:26,17.4200,83,1
2026-01-20,601012,11:10:29,17.4200,146,1
2026-01-20,601012,11:10:32,17.4200,127,1
2026-01-20,601012,11:10:35,17.4200,193,1
2026-01-20,601012,11:10:37,17.4200,1752,1
2026-01-20,601012,11:10:41,17.4200,212,2
2026-01-20,601012,11:10:44,17.4200,179,1
2026-01-20,601012,11:10:47,17.4200,532,1
2026-01-20,601012,11:10:50,17.4200,114,1
2026-01-20,601012,11:10:53,17.4200,261,1
2026-01-20,601012,11:10:55,17.4200,582,1
2026-01-20,601012,11:10:59,17.4200,85,1
2026-01-20,601012,11:11:02,17.4200,6,2
2026-01-20,601012,11:11:05,17.4200,98,2
2026-01-20,601012,11:11:08,17.4200,14,2
2026-01-20,601012,11:11:11,17.4300,81,1
2026-01-20,601012,11:11:14,17.4300,251,1
2026-01-20,601012,11:11:17,17.4200,172,2
2026-01-20,601012,11:11:20,17.4300,121,1
2026-01-20,601012,11:11:22,17.4200,74,2
2026-01-20,601012,11:11:26,17.4300,97,1
2026-01-20,601012,11:11:29,17.4300,83,1
2026-01-20,601012,11:11:32,17.4300,80,1
2026-01-20,601012,11:11:35,17.4300,121,1
2026-01-20,601012,11:11:37,17.4300,272,1
2026-01-20,601012,11:11:41,17.4200,120,2
2026-01-20,601012,11:11:44,17.4300,540,1
2026-01-20,601012,11:11:47,17.4300,296,1
2026-01-20,601012,11:11:50,17.4300,44,2
2026-01-20,601012,11:11:53,17.4300,201,2
2026-01-20,601012,11:11:56,17.4300,107,1
2026-01-20,601012,11:11:59,17.4200,482,2
2026-01-20,601012,11:12:02,17.4200,194,1
2026-01-20,601012,11:12:05,17.4200,193,1
2026-01-20,601012,11:12:07,17.4100,263,2
2026-01-20,601012,11:12:10,17.4100,113,2
2026-01-20,601012,11:12:14,17.4200,188,1
2026-01-20,601012,11:12:17,17.4200,186,1
2026-01-20,601012,11:12:20,17.4200,371,1
2026-01-20,601012,11:12:22,17.4100,949,2
2026-01-20,601012,11:12:26,17.4100,666,1
2026-01-20,601012,11:12:29,17.4000,235,2
2026-01-20,601012,11:12:32,17.4000,170,2
2026-01-20,601012,11:12:35,17.4000,282,2
2026-01-20,601012,11:12:38,17.4000,155,2
2026-01-20,601012,11:12:41,17.4100,341,1
2026-01-20,601012,11:12:44,17.4100,185,1
2026-01-20,601012,11:12:47,17.4000,546,2
2026-01-20,601012,11:12:49,17.4100,189,1
2026-01-20,601012,11:12:53,17.4000,108,2
2026-01-20,601012,11:12:56,17.4100,129,1
2026-01-20,601012,11:12:59,17.4100,634,1
2026-01-20,601012,11:13:02,17.4000,295,2
2026-01-20,601012,11:13:05,17.4000,249,2
2026-01-20,601012,11:13:07,17.4100,114,1
2026-01-20,601012,11:13:11,17.4000,220,2
2026-01-20,601012,11:13:14,17.4100,102,1
2026-01-20,601012,11:13:17,17.4100,96,1
2026-01-20,601012,11:13:20,17.4200,40,1
2026-01-20,601012,11:13:23,17.4100,250,2
2026-01-20,601012,11:13:26,17.4200,43,1
2026-01-20,601012,11:13:29,17.4200,259,1
2026-01-20,601012,11:13:32,17.4200,47,2
2026-01-20,601012,11:13:35,17.4300,35,1
2026-01-20,601012,11:13:38,17.4200,213,2
2026-01-20,601012,11:13:41,17.4300,191,1
2026-01-20,601012,11:13:44,17.4300,75,1
2026-01-20,601012,11:13:47,17.4200,264,2
2026-01-20,601012,11:13:50,17.4300,149,1
2026-01-20,601012,11:13:53,17.4300,178,1
2026-01-20,601012,11:13:56,17.4300,99,1
2026-01-20,601012,11:13:59,17.4400,209,1
2026-01-20,601012,11:14:02,17.4400,50,1
2026-01-20,601012,11:14:05,17.4300,1301,2
2026-01-20,601012,11:14:08,17.4400,302,1
2026-01-20,601012,11:14:11,17.4400,477,2
2026-01-20,601012,11:14:14,17.4400,430,2
2026-01-20,601012,11:14:17,17.4400,615,1
2026-01-20,601012,11:14:20,17.4400,262,1
2026-01-20,601012,11:14:23,17.4400,446,1
2026-01-20,601012,11:14:26,17.4500,23,1
2026-01-20,601012,11:14:29,17.4500,158,1
2026-01-20,601012,11:14:32,17.4500,161,1
2026-01-20,601012,11:14:35,17.4500,271,1
2026-01-20,601012,11:14:38,17.4500,218,1
2026-01-20,601012,11:14:40,17.4500,34,2
2026-01-20,601012,11:14:44,17.4600,284,1
2026-01-20,601012,11:14:47,17.4600,107,1
2026-01-20,601012,11:14:50,17.4500,461,2
2026-01-20,601012,11:14:53,17.4500,321,2
2026-01-20,601012,11:14:56,17.4600,98,1
2026-01-20,601012,11:14:59,17.4600,181,2
2026-01-20,601012,11:15:02,17.4600,171,2
2026-01-20,601012,11:15:05,17.4600,256,2
2026-01-20,601012,11:15:08,17.4700,149,1
2026-01-20,601012,11:15:11,17.4700,225,1
2026-01-20,601012,11:15:14,17.4800,91,1
2026-01-20,601012,11:15:17,17.4700,160,2
2026-01-20,601012,11:15:19,17.4700,135,2
2026-01-20,601012,11:15:23,17.4800,715,1
2026-01-20,601012,11:15:26,17.4800,445,1
2026-01-20,601012,11:15:29,17.4800,429,1
2026-01-20,601012,11:15:32,17.4800,555,1
2026-01-20,601012,11:15:34,17.4800,325,1
2026-01-20,601012,11:15:38,17.4800,1226,2
2026-01-20,601012,11:15:41,17.4800,369,1
2026-01-20,601012,11:15:44,17.4900,286,1
2026-01-20,601012,11:15:46,17.4800,175,2
2026-01-20,601012,11:15:49,17.4800,93,2
2026-01-20,601012,11:15:52,17.4900,648,1
2026-01-20,601012,11:15:56,17.4900,169,1
2026-01-20,601012,11:15:59,17.4900,12,2
2026-01-20,601012,11:16:02,17.4900,58,2
2026-01-20,601012,11:16:05,17.5000,288,1
2026-01-20,601012,11:16:08,17.5000,331,1
2026-01-20,601012,11:16:11,17.5000,364,1
2026-01-20,601012,11:16:14,17.5000,320,1
2026-01-20,601012,11:16:16,17.5000,364,1
2026-01-20,601012,11:16:20,17.5000,621,1
2026-01-20,601012,11:16:23,17.5000,567,1
2026-01-20,601012,11:16:26,17.5000,1268,2
2026-01-20,601012,11:16:29,17.5000,1054,1
2026-01-20,601012,11:16:31,17.4900,1335,2
2026-01-20,601012,11:16:35,17.4900,536,1
2026-01-20,601012,11:16:38,17.4800,723,2
2026-01-20,601012,11:16:41,17.4800,122,1
2026-01-20,601012,11:16:44,17.4800,140,1
2026-01-20,601012,11:16:47,17.4800,280,1
2026-01-20,601012,11:16:50,17.4700,297,2
2026-01-20,601012,11:16:52,17.4800,152,1
2026-01-20,601012,11:16:56,17.4800,144,1
2026-01-20,601012,11:16:59,17.4700,178,2
2026-01-20,601012,11:17:01,17.4800,413,1
2026-01-20,601012,11:17:05,17.4800,395,1
2026-01-20,601012,11:17:08,17.4800,221,1
2026-01-20,601012,11:17:11,17.4800,201,1
2026-01-20,601012,11:17:14,17.4800,136,1
2026-01-20,601012,11:17:17,17.4800,36,2
2026-01-20,601012,11:17:20,17.4800,403,2
2026-01-20,601012,11:17:23,17.4900,74,1
2026-01-20,601012,11:17:26,17.4900,74,1
2026-01-20,601012,11:17:28,17.4900,187,1
2026-01-20,601012,11:17:32,17.4900,552,1
2026-01-20,601012,11:17:35,17.4900,255,1
2026-01-20,601012,11:17:37,17.4900,150,1
2026-01-20,601012,11:17:41,17.4900,142,1
2026-01-20,601012,11:17:44,17.4900,206,1
2026-01-20,601012,11:17:47,17.4900,297,1
2026-01-20,601012,11:17:50,17.4900,637,1
2026-01-20,601012,11:17:53,17.4900,822,2
2026-01-20,601012,11:17:56,17.4900,197,1
2026-01-20,601012,11:17:59,17.5000,686,1
2026-01-20,601012,11:18:02,17.5000,144,1
2026-01-20,601012,11:18:05,17.4800,1232,2
2026-01-20,601012,11:18:08,17.4900,868,1
2026-01-20,601012,11:18:11,17.4800,292,2
2026-01-20,601012,11:18:13,17.4800,184,2
2026-01-20,601012,11:18:17,17.4800,205,1
2026-01-20,601012,11:18:19,17.4800,149,1
2026-01-20,601012,11:18:23,17.4900,109,1
2026-01-20,601012,11:18:26,17.4800,81,2
2026-01-20,601012,11:18:29,17.4900,179,1
2026-01-20,601012,11:18:32,17.4800,1412,2
2026-01-20,601012,11:18:35,17.4800,253,2
2026-01-20,601012,11:18:37,17.4800,213,1
2026-01-20,601012,11:18:41,17.4800,244,1
2026-01-20,601012,11:18:44,17.4800,43,1
2026-01-20,601012,11:18:47,17.4800,114,1
2026-01-20,601012,11:18:49,17.4700,55,2
2026-01-20,601012,11:18:53,17.4800,70,1
2026-01-20,601012,11:18:56,17.4800,158,1
2026-01-20,601012,11:18:58,17.4800,124,1
2026-01-20,601012,11:19:02,17.4800,55,1
2026-01-20,601012,11:19:04,17.4800,288,1
2026-01-20,601012,11:19:08,17.4800,102,1
2026-01-20,601012,11:19:11,17.4800,127,1
2026-01-20,601012,11:19:14,17.4800,32,1
2026-01-20,601012,11:19:17,17.4800,206,1
