date,code,time,price,volume,bs
2026-01-15,000333,14:06:48,77.7300,32,2
2026-01-15,000333,14:06:51,77.7300,29,2
2026-01-15,000333,14:06:54,77.7400,168,1
2026-01-15,000333,14:06:57,77.7300,101,2
2026-01-15,000333,14:07:00,77.7400,21,1
2026-01-15,000333,14:07:03,77.7500,144,1
2026-01-15,000333,14:07:06,77.7600,41,1
2026-01-15,000333,14:07:09,77.7600,28,1
2026-01-15,000333,14:07:12,77.7400,131,2
2026-01-15,000333,14:07:15,77.7500,35,2
2026-01-15,000333,14:07:18,77.7500,9,2
2026-01-15,000333,14:07:21,77.7400,111,2
2026-01-15,000333,14:07:24,77.7400,124,2
2026-01-15,000333,14:07:27,77.7400,61,2
2026-01-15,000333,14:07:30,77.7400,33,2
2026-01-15,000333,14:07:33,77.7500,128,1
2026-01-15,000333,14:07:36,77.7500,35,2
2026-01-15,000333,14:07:39,77.7700,174,1
2026-01-15,000333,14:07:42,77.7400,42,2
2026-01-15,000333,14:07:45,77.7400,18,2
2026-01-15,000333,14:07:48,77.7500,17,2
2026-01-15,000333,14:07:51,77.7500,54,2
2026-01-15,000333,14:07:54,77.7600,20,4
2026-01-15,000333,14:07:57,77.7500,16,4
2026-01-15,000333,14:08:00,77.7500,45,2
2026-01-15,000333,14:08:03,77.7400,11,2
2026-01-15,000333,14:08:06,77.7400,90,2
2026-01-15,000333,14:08:09,77.7500,111,1
2026-01-15,000333,14:08:12,77.7400,60,2
2026-01-15,000333,14:08:15,77.7500,33,1
2026-01-15,000333,14:08:18,77.7500,45,1
2026-01-15,000333,14:08:21,77.7500,77,1
2026-01-15,000333,14:08:24,77.7400,96,2
2026-01-15,000333,14:08:27,77.7500,54,2
2026-01-15,000333,14:08:30,77.7500,55,2
2026-01-15,000333,14:08:33,77.7600,29,1
2026-01-15,000333,14:08:36,77.7700,25,1
2026-01-15,000333,14:08:39,77.7700,46,2
2026-01-15,000333,14:08:42,77.7600,11,2
2026-01-15,000333,14:08:45,77.7600,145,2
2026-01-15,000333,14:08:48,77.7900,147,1
2026-01-15,000333,14:08:51,77.7600,36,2
2026-01-15,000333,14:08:54,77.7600,57,2
2026-01-15,000333,14:08:57,77.7700,64,1
2026-01-15,000333,14:09:00,77.8000,280,1
2026-01-15,000333,14:09:03,77.7700,52,2
2026-01-15,000333,14:09:06,77.7700,55,2
2026-01-15,000333,14:09:09,77.7700,111,1
2026-01-15,000333,14:09:12,77.7600,16,1
2026-01-15,000333,14:09:15,77.7700,70,1
2026-01-15,000333,14:09:18,77.7600,5,4
2026-01-15,000333,14:09:21,77.7600,28,2
2026-01-15,000333,14:09:24,77.7900,44,1
2026-01-15,000333,14:09:27,77.7600,15,2
2026-01-15,000333,14:09:30,77.7600,129,2
2026-01-15,000333,14:09:33,77.7500,124,2
2026-01-15,000333,14:09:36,77.7500,29,2
2026-01-15,000333,14:09:39,77.7500,67,2
2026-01-15,000333,14:09:42,77.7500,59,2
2026-01-15,000333,14:09:45,77.7600,45,2
2026-01-15,000333,14:09:48,77.7600,31,4
2026-01-15,000333,14:09:51,77.7500,23,2
2026-01-15,000333,14:09:54,77.7500,150,2
2026-01-15,000333,14:09:57,77.7500,294,2
2026-01-15,000333,14:10:00,77.7400,116,2
2026-01-15,000333,14:10:03,77.7400,78,2
2026-01-15,000333,14:10:06,77.7200,48,2
2026-01-15,000333,14:10:09,77.7200,98,2
2026-01-15,000333,14:10:12,77.7200,5,2
2026-01-15,000333,14:10:15,77.7300,16,1
2026-01-15,000333,14:10:18,77.7200,21,2
2026-01-15,000333,14:10:21,77.7200,17,2
2026-01-15,000333,14:10:24,77.7200,167,2
2026-01-15,000333,14:10:27,77.7200,43,2
2026-01-15,000333,14:10:30,77.7200,36,2
2026-01-15,000333,14:10:33,77.7300,55,1
2026-01-15,000333,14:10:36,77.7200,9,2
2026-01-15,000333,14:10:39,77.7200,43,2
2026-01-15,000333,14:10:42,77.7300,50,1
2026-01-15,000333,14:10:45,77.7200,32,4
2026-01-15,000333,14:10:48,77.7300,73,1
2026-01-15,000333,14:10:51,77.7100,23,2
2026-01-15,000333,14:10:54,77.7200,30,4
2026-01-15,000333,14:10:57,77.7200,92,2
2026-01-15,000333,14:11:00,77.7100,66,2
2026-01-15,000333,14:11:03,77.7200,40,4
2026-01-15,000333,14:11:06,77.7200,41,2
2026-01-15,000333,14:11:09,77.7200,31,2
2026-01-15,000333,14:11:12,77.7200,26,2
2026-01-15,000333,14:11:15,77.7200,67,2
2026-01-15,000333,14:11:18,77.7200,34,2
2026-01-15,000333,14:11:21,77.7200,68,2
2026-01-15,000333,14:11:24,77.7300,55,1
2026-01-15,000333,14:11:27,77.7300,18,2
2026-01-15,000333,14:11:30,77.7200,49,2
2026-01-15,000333,14:11:33,77.7200,20,2
2026-01-15,000333,14:11:36,77.7300,24,1
2026-01-15,000333,14:11:39,77.7200,33,2
2026-01-15,000333,14:11:42,77.7200,38,2
2026-01-15,000333,14:11:45,77.7200,37,2
2026-01-15,000333,14:11:48,77.7300,104,1
2026-01-15,000333,14:11:51,77.7300,44,1
2026-01-15,000333,14:11:54,77.7300,67,1
2026-01-15,000333,14:11:57,77.7400,9,1
2026-01-15,000333,14:12:00,77.7500,143,1
2026-01-15,000333,14:12:03,77.7300,25,2
2026-01-15,000333,14:12:06,77.7300,128,2
2026-01-15,000333,14:12:09,77.7400,7,1
2026-01-15,000333,14:12:12,77.7200,215,2
2026-01-15,000333,14:12:15,77.7200,360,2
2026-01-15,000333,14:12:18,77.7200,65,2
2026-01-15,000333,14:12:21,77.7100,32,2
2026-01-15,000333,14:12:24,77.7100,76,2
2026-01-15,000333,14:12:27,77.7100,25,2
2026-01-15,000333,14:12:30,77.7100,17,2
2026-01-15,000333,14:12:33,77.7100,24,2
2026-01-15,000333,14:12:36,77.7100,34,2
2026-01-15,000333,14:12:39,77.7000,143,2
2026-01-15,000333,14:12:42,77.7000,293,2
2026-01-15,000333,14:12:45,77.6800,20,2
2026-01-15,000333,14:12:48,77.6700,72,2
2026-01-15,000333,14:12:51,77.6700,39,2
2026-01-15,000333,14:12:54,77.6700,70,2
2026-01-15,000333,14:12:57,77.6600,41,2
2026-01-15,000333,14:13:00,77.6700,44,2
2026-01-15,000333,14:13:03,77.6600,25,2
2026-01-15,000333,14:13:06,77.6600,59,2
2026-01-15,000333,14:13:09,77.6700,26,1
2026-01-15,000333,14:13:12,77.6600,87,2
2026-01-15,000333,14:13:15,77.6700,11,1
2026-01-15,000333,14:13:18,77.6700,33,1
2026-01-15,000333,14:13:21,77.6700,13,1
2026-01-15,000333,14:13:24,77.6700,7,1
2026-01-15,000333,14:13:30,77.6700,27,1
2026-01-15,000333,14:13:33,77.6700,32,1
2026-01-15,000333,14:13:36,77.6600,16,2
2026-01-15,000333,14:13:39,77.6600,43,2
2026-01-15,000333,14:13:42,77.6600,131,2
2026-01-15,000333,14:13:45,77.6600,157,2
2026-01-15,000333,14:13:48,77.6700,117,1
2026-01-15,000333,14:13:51,77.6600,48,2
2026-01-15,000333,14:13:54,77.6600,121,2
2026-01-15,000333,14:13:57,77.6500,72,2
2026-01-15,000333,14:14:00,77.6500,11,2
2026-01-15,000333,14:14:03,77.6600,60,1
2026-01-15,000333,14:14:06,77.6600,11,1
2026-01-15,000333,14:14:09,77.6600,108,1
2026-01-15,000333,14:14:12,77.6600,97,1
2026-01-15,000333,14:14:15,77.6600,58,1
2026-01-15,000333,14:14:18,77.6600,113,1
2026-01-15,000333,14:14:21,77.6700,21,1
2026-01-15,000333,14:14:24,77.6600,17,2
2026-01-15,000333,14:14:27,77.6700,112,1
2026-01-15,000333,14:14:30,77.6800,22,1
2026-01-15,000333,14:14:33,77.7000,187,1
2026-01-15,000333,14:14:36,77.7100,40,1
2026-01-15,000333,14:14:39,77.7300,41,1
2026-01-15,000333,14:14:42,77.7100,44,2
2026-01-15,000333,14:14:45,77.7300,34,1
2026-01-15,000333,14:14:48,77.7200,96,2
2026-01-15,000333,14:14:51,77.7000,1,2
2026-01-15,000333,14:15:00,77.7000,64,2
2026-01-15,000333,14:15:03,77.7000,248,2
2026-01-15,000333,14:15:06,77.7000,91,2
2026-01-15,000333,14:15:09,77.7000,33,2
2026-01-15,000333,14:15:12,77.7200,49,1
2026-01-15,000333,14:15:15,77.7000,106,2
2026-01-15,000333,14:15:18,77.7100,32,1
2026-01-15,000333,14:15:21,77.6900,15,2
2026-01-15,000333,14:15:24,77.7100,112,1
2026-01-15,000333,14:15:27,77.7100,105,2
2026-01-15,000333,14:15:30,77.6900,75,2
2026-01-15,000333,14:15:33,77.6900,107,2
2026-01-15,000333,14:15:36,77.7100,56,4
2026-01-15,000333,14:15:39,77.7100,35,1
2026-01-15,000333,14:15:42,77.7100,62,2
2026-01-15,000333,14:15:45,77.7100,10,1
2026-01-15,000333,14:15:48,77.7000,23,2
2026-01-15,000333,14:15:51,77.7200,91,1
2026-01-15,000333,14:15:54,77.7000,32,2
2026-01-15,000333,14:15:57,77.7200,21,1
2026-01-15,000333,14:16:00,77.7200,16,1
2026-01-15,000333,14:16:03,77.7100,48,1
2026-01-15,000333,14:16:06,77.7200,19,1
2026-01-15,000333,14:16:09,77.7100,12,2
2026-01-15,000333,14:16:12,77.7300,81,1
2026-01-15,000333,14:16:15,77.7100,9,2
2026-01-15,000333,14:16:18,77.7200,21,1
2026-01-15,000333,14:16:21,77.7100,82,2
2026-01-15,000333,14:16:24,77.7100,15,2
2026-01-15,000333,14:16:27,77.7100,100,2
2026-01-15,000333,14:16:30,77.7300,15,4
2026-01-15,000333,14:16:33,77.7200,34,2
2026-01-15,000333,14:16:36,77.7400,34,1
2026-01-15,000333,14:16:39,77.7400,19,1
2026-01-15,000333,14:16:42,77.7500,119,1
2026-01-15,000333,14:16:45,77.7500,39,1
2026-01-15,000333,14:16:48,77.7500,281,1
2026-01-15,000333,14:16:51,77.7500,50,2
2026-01-15,000333,14:16:54,77.7500,27,2
2026-01-15,000333,14:16:57,77.7500,14,2
2026-01-15,000333,14:17:00,77.7500,53,2
2026-01-15,000333,14:17:03,77.7500,28,2
2026-01-15,000333,14:17:06,77.7500,20,2
2026-01-15,000333,14:17:09,77.7500,13,2
2026-01-15,000333,14:17:12,77.7500,9,2
2026-01-15,000333,14:17:15,77.7500,23,2
2026-01-15,000333,14:17:18,77.7400,34,2
2026-01-15,000333,14:17:21,77.7500,25,4
2026-01-15,000333,14:17:24,77.7400,159,2
2026-01-15,000333,14:17:27,77.7400,23,2
2026-01-15,000333,14:17:30,77.7400,227,2
2026-01-15,000333,14:17:33,77.7400,35,1
2026-01-15,000333,14:17:36,77.7400,48,1
2026-01-15,000333,14:17:39,77.7400,95,1
2026-01-15,000333,14:17:42,77.7300,14,2
2026-01-15,000333,14:17:45,77.7300,23,2
2026-01-15,000333,14:17:48,77.7300,11,2
2026-01-15,000333,14:17:51,77.7300,43,2
2026-01-15,000333,14:17:54,77.7400,16,1
2026-01-15,000333,14:17:57,77.7400,4,1
2026-01-15,000333,14:18:00,77.7400,42,1
2026-01-15,000333,14:18:03,77.7300,1,2
2026-01-15,000333,14:18:06,77.7400,3,1
2026-01-15,000333,14:18:09,77.7400,21,1
2026-01-15,000333,14:18:12,77.7300,7,2
2026-01-15,000333,14:18:15,77.7300,11,2
2026-01-15,000333,14:18:18,77.7300,26,2
2026-01-15,000333,14:18:21,77.7300,83,2
2026-01-15,000333,14:18:24,77.7400,40,1
2026-01-15,000333,14:18:27,77.7400,37,1
2026-01-15,000333,14:18:30,77.7300,58,2
2026-01-15,000333,14:18:33,77.7300,1,2
2026-01-15,000333,14:18:36,77.7300,16,2
2026-01-15,000333,14:18:39,77.7300,23,2
2026-01-15,000333,14:18:42,77.7300,19,2
2026-01-15,000333,14:18:45,77.7300,16,2
2026-01-15,000333,14:18:48,77.7400,17,1
2026-01-15,000333,14:18:51,77.7400,139,1
2026-01-15,000333,14:18:54,77.7300,27,2
2026-01-15,000333,14:18:57,77.7400,64,1
2026-01-15,000333,14:19:00,77.7400,79,1
2026-01-15,000333,14:19:03,77.7300,44,2
2026-01-15,000333,14:19:06,77.7200,11,2
2026-01-15,000333,14:19:09,77.7200,80,2
2026-01-15,000333,14:19:12,77.7200,12,2
2026-01-15,000333,14:19:15,77.7300,1,1
2026-01-15,000333,14:19:18,77.7200,20,2
2026-01-15,000333,14:19:21,77.7200,1,2
2026-01-15,000333,14:19:24,77.7200,2,2
2026-01-15,000333,14:19:27,77.7200,2,2
2026-01-15,000333,14:19:30,77.7200,37,2
2026-01-15,000333,14:19:33,77.7200,13,2
2026-01-15,000333,14:19:36,77.7300,33,1
2026-01-15,000333,14:19:39,77.7300,128,1
2026-01-15,000333,14:19:42,77.7200,33,2
2026-01-15,000333,14:19:45,77.7200,3,2
2026-01-15,000333,14:19:48,77.7200,124,2
2026-01-15,000333,14:19:51,77.7300,69,1
2026-01-15,000333,14:19:54,77.7300,39,2
2026-01-15,000333,14:19:57,77.7300,14,2
2026-01-15,000333,14:20:00,77.7200,15,2
2026-01-15,000333,14:20:03,77.7200,397,2
2026-01-15,000333,14:20:06,77.7000,101,2
2026-01-15,000333,14:20:09,77.7100,119,1
2026-01-15,000333,14:20:12,77.7000,88,2
2026-01-15,000333,14:20:15,77.7100,192,1
2026-01-15,000333,14:20:18,77.7200,38,1
2026-01-15,000333,14:20:21,77.7100,41,2
2026-01-15,000333,14:20:24,77.7200,55,1
2026-01-15,000333,14:20:27,77.7200,16,1
2026-01-15,000333,14:20:30,77.7200,59,1
2026-01-15,000333,14:20:33,77.7200,40,2
2026-01-15,000333,14:20:36,77.7100,33,2
2026-01-15,000333,14:20:39,77.7100,43,2
2026-01-15,000333,14:20:42,77.7100,31,2
2026-01-15,000333,14:20:45,77.7100,25,2
2026-01-15,000333,14:20:48,77.7100,32,2
2026-01-15,000333,14:20:51,77.7100,66,2
2026-01-15,000333,14:20:54,77.7100,10,2
2026-01-15,000333,14:20:57,77.7200,47,1
2026-01-15,000333,14:21:00,77.7200,77,1
2026-01-15,000333,14:21:03,77.7300,72,1
2026-01-15,000333,14:21:06,77.7300,29,1
2026-01-15,000333,14:21:09,77.7400,91,1
2026-01-15,000333,14:21:12,77.7400,45,1
2026-01-15,000333,14:21:15,77.7500,21,1
2026-01-15,000333,14:21:18,77.7400,12,2
2026-01-15,000333,14:21:21,77.7500,23,1
2026-01-15,000333,14:21:24,77.7400,128,2
2026-01-15,000333,14:21:27,77.7600,234,1
2026-01-15,000333,14:21:30,77.7600,36,1
2026-01-15,000333,14:21:33,77.7700,55,1
2026-01-15,000333,14:21:36,77.7700,31,1
2026-01-15,000333,14:21:39,77.7600,17,2
2026-01-15,000333,14:21:42,77.7900,64,1
2026-01-15,000333,14:21:45,77.7600,23,2
2026-01-15,000333,14:21:48,77.7600,36,2
2026-01-15,000333,14:21:51,77.7800,1,1
2026-01-15,000333,14:21:54,77.7800,68,1
2026-01-15,000333,14:21:57,77.7900,22,1
2026-01-15,000333,14:22:00,77.7900,98,1
2026-01-15,000333,14:22:03,77.7700,414,2
2026-01-15,000333,14:22:06,77.7700,76,2
2026-01-15,000333,14:22:09,77.7700,634,2
2026-01-15,000333,14:22:12,77.7700,65,2
2026-01-15,000333,14:22:15,77.7800,74,1
2026-01-15,000333,14:22:18,77.7900,72,1
2026-01-15,000333,14:22:21,77.7800,38,2
2026-01-15,000333,14:22:24,77.8100,129,1
2026-01-15,000333,14:22:27,77.7800,122,2
2026-01-15,000333,14:22:30,77.8100,19,1
2026-01-15,000333,14:22:33,77.7900,13,4
2026-01-15,000333,14:22:36,77.7900,97,1
2026-01-15,000333,14:22:39,77.8100,134,1
2026-01-15,000333,14:22:42,77.7900,16,1
2026-01-15,000333,14:22:45,77.7900,26,1
2026-01-15,000333,14:22:48,77.7900,14,1
2026-01-15,000333,14:22:51,77.7900,63,1
2026-01-15,000333,14:22:54,77.7800,22,2
2026-01-15,000333,14:22:57,77.8000,58,1
2026-01-15,000333,14:23:00,77.8100,72,1
2026-01-15,000333,14:23:03,77.7900,67,2
2026-01-15,000333,14:23:06,77.8000,15,1
2026-01-15,000333,14:23:09,77.8000,10,1
2026-01-15,000333,14:23:12,77.8000,17,1
2026-01-15,000333,14:23:15,77.8200,57,1
2026-01-15,000333,14:23:18,77.8300,53,1
2026-01-15,000333,14:23:21,77.8200,199,2
2026-01-15,000333,14:23:24,77.8200,19,1
2026-01-15,000333,14:23:27,77.8200,42,1
2026-01-15,000333,14:23:30,77.8200,3,1
2026-01-15,000333,14:23:33,77.8200,8,1
2026-01-15,000333,14:23:36,77.8300,78,1
2026-01-15,000333,14:23:39,77.8100,19,2
2026-01-15,000333,14:23:42,77.8100,40,2
2026-01-15,000333,14:23:45,77.8300,74,1
2026-01-15,000333,14:23:48,77.8300,25,1
2026-01-15,000333,14:23:51,77.8400,95,1
2026-01-15,000333,14:23:54,77.8300,78,2
2026-01-15,000333,14:23:57,77.8400,66,2
2026-01-15,000333,14:24:00,77.8600,227,1
2026-01-15,000333,14:24:03,77.8400,132,2
2026-01-15,000333,14:24:06,77.8500,108,1
2026-01-15,000333,14:24:09,77.8600,184,1
2026-01-15,000333,14:24:12,77.8600,62,1
2026-01-15,000333,14:24:15,77.8300,67,2
2026-01-15,000333,14:24:18,77.8400,41,2
2026-01-15,000333,14:24:21,77.8400,191,4
2026-01-15,000333,14:24:24,77.8500,100,1
2026-01-15,000333,14:24:27,77.8400,59,2
2026-01-15,000333,14:24:30,77.8400,62,1
2026-01-15,000333,14:24:33,77.8200,23,2
2026-01-15,000333,14:24:36,77.8200,539,2
2026-01-15,000333,14:24:39,77.8400,162,2
2026-01-15,000333,14:24:42,77.8700,43,1
2026-01-15,000333,14:24:45,77.8300,60,2
2026-01-15,000333,14:24:48,77.8300,28,2
2026-01-15,000333,14:24:51,77.9000,524,1
2026-01-15,000333,14:24:54,77.8600,92,2
2026-01-15,000333,14:24:57,77.8600,43,2
2026-01-15,000333,14:25:00,77.8600,75,2
2026-01-15,000333,14:25:03,77.8500,129,2
2026-01-15,000333,14:25:06,77.8600,18,1
2026-01-15,000333,14:25:09,77.8500,100,2
2026-01-15,000333,14:25:12,77.8500,35,2
2026-01-15,000333,14:25:15,77.8500,84,2
2026-01-15,000333,14:25:18,77.8500,38,2
2026-01-15,000333,14:25:21,77.8300,49,2
2026-01-15,000333,14:25:24,77.8400,4,2
2026-01-15,000333,14:25:27,77.8500,47,4
2026-01-15,000333,14:25:30,77.8300,43,2
2026-01-15,000333,14:25:33,77.8300,18,2
2026-01-15,000333,14:25:36,77.8300,223,2
2026-01-15,000333,14:25:39,77.8300,37,2
2026-01-15,000333,14:25:42,77.8100,900,2
2026-01-15,000333,14:25:45,77.8100,75,2
2026-01-15,000333,14:25:48,77.8000,44,2
2026-01-15,000333,14:25:51,77.8100,32,1
2026-01-15,000333,14:25:54,77.8000,27,2
2026-01-15,000333,14:25:57,77.8000,269,2
2026-01-15,000333,14:26:00,77.8000,84,2
2026-01-15,000333,14:26:03,77.7900,88,2
2026-01-15,000333,14:26:06,77.7900,47,2
2026-01-15,000333,14:26:09,77.8000,73,1
2026-01-15,000333,14:26:12,77.7900,170,2
2026-01-15,000333,14:26:15,77.7900,58,2
2026-01-15,000333,14:26:18,77.8000,111,1
2026-01-15,000333,14:26:21,77.7800,65,2
2026-01-15,000333,14:26:24,77.7800,44,2
2026-01-15,000333,14:26:27,77.7900,69,2
2026-01-15,000333,14:26:30,77.7800,101,2
2026-01-15,000333,14:26:33,77.8000,75,1
2026-01-15,000333,14:26:36,77.7700,93,2
2026-01-15,000333,14:26:39,77.7700,74,2
2026-01-15,000333,14:26:42,77.7600,8,2
2026-01-15,000333,14:26:45,77.7600,54,2
2026-01-15,000333,14:26:48,77.7600,60,2
2026-01-15,000333,14:26:51,77.7800,70,1
2026-01-15,000333,14:26:54,77.7600,72,2
2026-01-15,000333,14:26:57,77.7600,32,2
2026-01-15,000333,14:27:00,77.7500,61,2
2026-01-15,000333,14:27:03,77.7900,58,1
2026-01-15,000333,14:27:06,77.7800,28,1
2026-01-15,000333,14:27:09,77.8000,60,1
2026-01-15,000333,14:27:12,77.7800,38,2
2026-01-15,000333,14:27:15,77.7900,33,1
2026-01-15,000333,14:27:18,77.7900,98,1
2026-01-15,000333,14:27:21,77.8000,35,1
2026-01-15,000333,14:27:24,77.7900,44,4
2026-01-15,000333,14:27:27,77.7800,177,2
2026-01-15,000333,14:27:30,77.7700,37,2
2026-01-15,000333,14:27:33,77.7800,10,1
2026-01-15,000333,14:27:36,77.7700,233,2
2026-01-15,000333,14:27:39,77.7800,71,1
2026-01-15,000333,14:27:42,77.7500,83,2
2026-01-15,000333,14:27:45,77.7500,137,2
2026-01-15,000333,14:27:48,77.7500,36,2
2026-01-15,000333,14:27:51,77.7000,116,2
2026-01-15,000333,14:27:54,77.7400,87,1
2026-01-15,000333,14:27:57,77.7100,122,2
2026-01-15,000333,14:28:00,77.6800,94,2
2026-01-15,000333,14:28:03,77.6800,87,2
2026-01-15,000333,14:28:06,77.6800,99,2
2026-01-15,000333,14:28:09,77.6900,107,2
2026-01-15,000333,14:28:12,77.6700,120,2
2026-01-15,000333,14:28:15,77.6900,83,2
2026-01-15,000333,14:28:18,77.6900,83,2
2026-01-15,000333,14:28:21,77.7000,56,4
2026-01-15,000333,14:28:24,77.6600,139,2
2026-01-15,000333,14:28:27,77.6900,49,1
2026-01-15,000333,14:28:30,77.6800,156,2
2026-01-15,000333,14:28:33,77.6800,101,1
2026-01-15,000333,14:28:36,77.6700,26,2
2026-01-15,000333,14:28:39,77.6700,118,2
2026-01-15,000333,14:28:42,77.6700,60,1
2026-01-15,000333,14:28:45,77.6500,142,2
2026-01-15,000333,14:28:48,77.6500,127,2
2026-01-15,000333,14:28:51,77.6900,99,1
2026-01-15,000333,14:28:54,77.6600,127,2
2026-01-15,000333,14:28:57,77.6500,69,2
2026-01-15,000333,14:29:00,77.6500,159,2
2026-01-15,000333,14:29:03,77.6400,95,2
2026-01-15,000333,14:29:06,77.6200,68,2
2026-01-15,000333,14:29:09,77.6200,107,2
2026-01-15,000333,14:29:12,77.6200,63,2
2026-01-15,000333,14:29:15,77.6200,56,2
2026-01-15,000333,14:29:18,77.6100,61,2
2026-01-15,000333,14:29:21,77.6200,37,2
2026-01-15,000333,14:29:24,77.6100,104,2
2026-01-15,000333,14:29:27,77.6100,92,2
2026-01-15,000333,14:29:30,77.6200,154,1
2026-01-15,000333,14:29:33,77.6000,138,2
2026-01-15,000333,14:29:36,77.6200,83,1
2026-01-15,000333,14:29:39,77.6000,175,2
2026-01-15,000333,14:29:42,77.6000,37,1
2026-01-15,000333,14:29:45,77.5800,51,2
2026-01-15,000333,14:29:48,77.5800,82,2
2026-01-15,000333,14:29:51,77.6200,29,1
2026-01-15,000333,14:29:54,77.6200,70,1
2026-01-15,000333,14:29:57,77.6200,21,1
2026-01-15,000333,14:30:00,77.6100,123,4
2026-01-15,000333,14:30:03,77.6100,34,1
2026-01-15,000333,14:30:06,77.5800,71,2
2026-01-15,000333,14:30:09,77.6000,42,1
2026-01-15,000333,14:30:12,77.5900,75,2
2026-01-15,000333,14:30:15,77.5900,116,2
2026-01-15,000333,14:30:18,77.5700,155,2
2026-01-15,000333,14:30:21,77.5700,102,2
2026-01-15,000333,14:30:24,77.5700,55,2
2026-01-15,000333,14:30:27,77.5700,68,2
2026-01-15,000333,14:30:30,77.5500,150,2
2026-01-15,000333,14:30:33,77.5600,47,4
2026-01-15,000333,14:30:36,77.6100,588,1
2026-01-15,000333,14:30:39,77.6000,236,2
2026-01-15,000333,14:30:42,77.5900,96,2
2026-01-15,000333,14:30:45,77.5900,40,2
2026-01-15,000333,14:30:48,77.5900,16,2
2026-01-15,000333,14:30:51,77.5900,118,2
2026-01-15,000333,14:30:54,77.5900,34,2
2026-01-15,000333,14:30:57,77.6000,110,1
2026-01-15,000333,14:31:00,77.5900,14,2
2026-01-15,000333,14:31:03,77.5700,349,2
2026-01-15,000333,14:31:06,77.5900,8,2
2026-01-15,000333,14:31:09,77.5900,129,2
2026-01-15,000333,14:31:12,77.5800,60,2
2026-01-15,000333,14:31:15,77.5900,36,1
2026-01-15,000333,14:31:18,77.5800,60,2
2026-01-15,000333,14:31:21,77.5800,21,2
2026-01-15,000333,14:31:24,77.5900,72,1
2026-01-15,000333,14:31:27,77.5800,47,2
2026-01-15,000333,14:31:30,77.5800,141,2
2026-01-15,000333,14:31:33,77.5600,20,2
2026-01-15,000333,14:31:36,77.5700,84,4
2026-01-15,000333,14:31:39,77.5700,13,2
2026-01-15,000333,14:31:42,77.5700,129,2
2026-01-15,000333,14:31:45,77.5700,180,2
2026-01-15,000333,14:31:48,77.5400,120,2
2026-01-15,000333,14:31:51,77.5300,79,2
2026-01-15,000333,14:31:54,77.5700,70,1
2026-01-15,000333,14:31:57,77.5200,49,2
2026-01-15,000333,14:32:00,77.5500,48,2
2026-01-15,000333,14:32:03,77.5400,76,2
2026-01-15,000333,14:32:06,77.5300,89,2
2026-01-15,000333,14:32:09,77.5400,54,1
2026-01-15,000333,14:32:12,77.5300,155,2
2026-01-15,000333,14:32:15,77.5400,31,2
2026-01-15,000333,14:32:18,77.5400,139,2
2026-01-15,000333,14:32:21,77.5100,44,2
2026-01-15,000333,14:32:24,77.5300,60,2
2026-01-15,000333,14:32:27,77.5100,96,2
2026-01-15,000333,14:32:30,77.5100,72,2
2026-01-15,000333,14:32:33,77.5100,26,2
2026-01-15,000333,14:32:36,77.5100,104,2
2026-01-15,000333,14:32:39,77.5200,91,1
2026-01-15,000333,14:32:42,77.5200,42,1
2026-01-15,000333,14:32:45,77.5000,286,2
2026-01-15,000333,14:32:48,77.5300,33,1
2026-01-15,000333,14:32:51,77.5300,142,1
2026-01-15,000333,14:32:54,77.5200,31,1
2026-01-15,000333,14:32:57,77.5200,118,1
2026-01-15,000333,14:33:00,77.5200,81,1
2026-01-15,000333,14:33:03,77.5200,553,2
2026-01-15,000333,14:33:06,77.5200,97,2
2026-01-15,000333,14:33:09,77.5200,47,2
2026-01-15,000333,14:33:12,77.5400,18,1
2026-01-15,000333,14:33:15,77.5400,41,2
2026-01-15,000333,14:33:18,77.5500,27,1
2026-01-15,000333,14:33:21,77.5500,529,2
2026-01-15,000333,14:33:24,77.5400,73,2
2026-01-15,000333,14:33:27,77.5600,9,4
2026-01-15,000333,14:33:30,77.5700,49,1
2026-01-15,000333,14:33:33,77.5600,22,2
2026-01-15,000333,14:33:36,77.5700,33,1
2026-01-15,000333,14:33:39,77.5700,39,2
2026-01-15,000333,14:33:42,77.6000,67,1
2026-01-15,000333,14:33:45,77.6300,53,1
2026-01-15,000333,14:33:48,77.6300,41,1
2026-01-15,000333,14:33:51,77.6300,25,2
2026-01-15,000333,14:33:54,77.6400,15,1
2026-01-15,000333,14:33:57,77.6500,56,1
2026-01-15,000333,14:34:00,77.6400,183,2
2026-01-15,000333,14:34:03,77.6400,204,4
2026-01-15,000333,14:34:06,77.6400,26,1
2026-01-15,000333,14:34:09,77.6300,132,2
2026-01-15,000333,14:34:12,77.6200,25,2
2026-01-15,000333,14:34:15,77.6200,9,2
2026-01-15,000333,14:34:18,77.6200,77,2
2026-01-15,000333,14:34:21,77.6400,3,1
2026-01-15,000333,14:34:24,77.6300,39,2
2026-01-15,000333,14:34:27,77.6400,11,1
2026-01-15,000333,14:34:30,77.6400,9,1
2026-01-15,000333,14:34:33,77.6300,15,2
2026-01-15,000333,14:34:36,77.6400,4,1
2026-01-15,000333,14:34:39,77.6300,89,2
2026-01-15,000333,14:34:42,77.6400,51,1
2026-01-15,000333,14:34:45,77.6600,47,1
2026-01-15,000333,14:34:48,77.6500,36,2
2026-01-15,000333,14:34:51,77.6600,118,2
2026-01-15,000333,14:34:54,77.6600,166,2
2026-01-15,000333,14:34:57,77.6500,390,2
2026-01-15,000333,14:35:00,77.6500,20,4
2026-01-15,000333,14:35:03,77.6400,45,2
2026-01-15,000333,14:35:06,77.6300,235,2
2026-01-15,000333,14:35:09,77.6300,51,2
2026-01-15,000333,14:35:12,77.6300,18,1
2026-01-15,000333,14:35:15,77.6200,24,2
2026-01-15,000333,14:35:18,77.6200,21,2
2026-01-15,000333,14:35:21,77.6200,36,2
2026-01-15,000333,14:35:24,77.6200,158,2
2026-01-15,000333,14:35:27,77.6100,14,2
2026-01-15,000333,14:35:30,77.6100,85,2
2026-01-15,000333,14:35:33,77.6100,32,1
2026-01-15,000333,14:35:36,77.6400,243,1
2026-01-15,000333,14:35:39,77.6200,20,1
2026-01-15,000333,14:35:42,77.6400,17,1
2026-01-15,000333,14:35:45,77.6500,77,1
2026-01-15,000333,14:35:48,77.6500,33,4
2026-01-15,000333,14:35:51,77.6500,101,1
2026-01-15,000333,14:35:54,77.6400,72,2
2026-01-15,000333,14:35:57,77.6400,140,2
2026-01-15,000333,14:36:00,77.6400,14,2
2026-01-15,000333,14:36:03,77.6600,10,1
2026-01-15,000333,14:36:06,77.6300,7,2
2026-01-15,000333,14:36:09,77.6300,40,2
2026-01-15,000333,14:36:12,77.6400,98,1
2026-01-15,000333,14:36:15,77.6200,425,2
2026-01-15,000333,14:36:18,77.6200,85,1
2026-01-15,000333,14:36:24,77.6100,3,2
2026-01-15,000333,14:36:27,77.6100,48,2
2026-01-15,000333,14:36:33,77.6300,27,1
2026-01-15,000333,14:36:36,77.6200,20,2
2026-01-15,000333,14:36:39,77.6200,89,2
2026-01-15,000333,14:36:42,77.6200,217,2
2026-01-15,000333,14:36:45,77.6200,44,1
2026-01-15,000333,14:36:48,77.6100,41,2
2026-01-15,000333,14:36:51,77.6100,49,2
2026-01-15,000333,14:36:54,77.6200,56,1
2026-01-15,000333,14:36:57,77.6200,5,1
2026-01-15,000333,14:37:00,77.6100,57,2
2026-01-15,000333,14:37:03,77.6100,49,2
2026-01-15,000333,14:37:06,77.6200,37,1
2026-01-15,000333,14:37:09,77.6100,26,2
2026-01-15,000333,14:37:12,77.6100,22,2
2026-01-15,000333,14:37:15,77.6100,112,2
2026-01-15,000333,14:37:18,77.6100,30,2
2026-01-15,000333,14:37:21,77.6100,117,2
2026-01-15,000333,14:37:24,77.6200,72,2
2026-01-15,000333,14:37:27,77.6300,290,4
2026-01-15,000333,14:37:30,77.6100,20,2
2026-01-15,000333,14:37:33,77.6100,13,2
2026-01-15,000333,14:37:36,77.6100,6,2
2026-01-15,000333,14:37:39,77.6100,3,2
2026-01-15,000333,14:37:42,77.6100,11,2
2026-01-15,000333,14:37:45,77.6200,19,1
2026-01-15,000333,14:37:48,77.6200,65,1
2026-01-15,000333,14:37:51,77.6300,29,1
2026-01-15,000333,14:37:54,77.6200,134,2
2026-01-15,000333,14:37:57,77.6400,51,1
2026-01-15,000333,14:38:00,77.6300,22,2
2026-01-15,000333,14:38:03,77.6400,46,1
2026-01-15,000333,14:38:06,77.6500,78,1
2026-01-15,000333,14:38:09,77.6300,150,2
2026-01-15,000333,14:38:12,77.6600,193,1
2026-01-15,000333,14:38:15,77.6300,19,2
2026-01-15,000333,14:38:18,77.6500,6,1
2026-01-15,000333,14:38:21,77.6400,13,4
2026-01-15,000333,14:38:24,77.6400,93,2
2026-01-15,000333,14:38:27,77.6500,85,1
2026-01-15,000333,14:38:30,77.6400,18,2
2026-01-15,000333,14:38:33,77.6500,80,1
2026-01-15,000333,14:38:36,77.6500,79,1
2026-01-15,000333,14:38:39,77.6600,131,1
2026-01-15,000333,14:38:42,77.6500,97,2
2026-01-15,000333,14:38:45,77.6800,13,1
2026-01-15,000333,14:38:48,77.6800,36,1
2026-01-15,000333,14:38:51,77.6700,27,4
2026-01-15,000333,14:38:54,77.6600,12,2
2026-01-15,000333,14:38:57,77.6600,205,2
2026-01-15,000333,14:39:00,77.6500,59,2
2026-01-15,000333,14:39:03,77.6500,128,1
2026-01-15,000333,14:39:06,77.6500,69,1
2026-01-15,000333,14:39:09,77.6500,146,1
2026-01-15,000333,14:39:12,77.6500,136,2
2026-01-15,000333,14:39:15,77.6800,30,1
2026-01-15,000333,14:39:18,77.6700,10,1
2026-01-15,000333,14:39:21,77.6600,22,2
2026-01-15,000333,14:39:24,77.6900,26,1
2026-01-15,000333,14:39:27,77.6600,66,2
2026-01-15,000333,14:39:30,77.6600,34,2
2026-01-15,000333,14:39:33,77.6700,40,1
2026-01-15,000333,14:39:36,77.6800,35,1
2026-01-15,000333,14:39:39,77.6700,23,2
2026-01-15,000333,14:39:42,77.6700,13,2
2026-01-15,000333,14:39:45,77.6700,40,2
2026-01-15,000333,14:39:48,77.6800,44,2
2026-01-15,000333,14:39:51,77.6700,135,2
2026-01-15,000333,14:39:54,77.6900,84,1
2026-01-15,000333,14:39:57,77.6700,106,2
2026-01-15,000333,14:40:00,77.6800,46,2
2026-01-15,000333,14:40:03,77.6800,13,2
2026-01-15,000333,14:40:06,77.6800,23,2
2026-01-15,000333,14:40:09,77.6900,248,4
2026-01-15,000333,14:40:12,77.6900,50,4
2026-01-15,000333,14:40:15,77.6800,14,2
2026-01-15,000333,14:40:18,77.6800,29,2
2026-01-15,000333,14:40:21,77.6900,24,1
2026-01-15,000333,14:40:24,77.7100,96,1
2026-01-15,000333,14:40:27,77.7000,70,2
2026-01-15,000333,14:40:30,77.7000,44,1
2026-01-15,000333,14:40:33,77.7000,12,1
2026-01-15,000333,14:40:36,77.7000,9,1
2026-01-15,000333,14:40:39,77.7000,72,2
2026-01-15,000333,14:40:42,77.7200,41,1
2026-01-15,000333,14:40:45,77.7200,80,1
2026-01-15,000333,14:40:48,77.7200,83,2
2026-01-15,000333,14:40:51,77.7300,4,1
2026-01-15,000333,14:40:54,77.7200,26,4
2026-01-15,000333,14:40:57,77.7200,31,1
2026-01-15,000333,14:41:00,77.7300,166,1
2026-01-15,000333,14:41:03,77.7100,34,2
2026-01-15,000333,14:41:06,77.7500,49,1
2026-01-15,000333,14:41:09,77.7400,42,1
2026-01-15,000333,14:41:12,77.7300,21,4
2026-01-15,000333,14:41:15,77.7400,19,1
2026-01-15,000333,14:41:18,77.7400,11,1
2026-01-15,000333,14:41:21,77.7400,104,1
2026-01-15,000333,14:41:24,77.7300,112,2
2026-01-15,000333,14:41:27,77.7500,95,1
2026-01-15,000333,14:41:30,77.7200,38,2
2026-01-15,000333,14:41:33,77.7300,214,4
2026-01-15,000333,14:41:36,77.7200,115,2
2026-01-15,000333,14:41:39,77.7000,104,2
2026-01-15,000333,14:41:42,77.7200,65,4
2026-01-15,000333,14:41:45,77.7100,42,4
2026-01-15,000333,14:41:48,77.7100,42,2
2026-01-15,000333,14:41:51,77.7000,98,2
2026-01-15,000333,14:41:54,77.6900,185,2
2026-01-15,000333,14:41:57,77.6800,50,4
2026-01-15,000333,14:42:00,77.6800,81,1
2026-01-15,000333,14:42:03,77.6900,57,1
2026-01-15,000333,14:42:06,77.7000,65,1
2026-01-15,000333,14:42:09,77.6300,140,2
2026-01-15,000333,14:42:12,77.6300,132,2
2026-01-15,000333,14:42:15,77.6400,51,2
2026-01-15,000333,14:42:18,77.6500,66,2
2026-01-15,000333,14:42:21,77.6700,17,2
2026-01-15,000333,14:42:24,77.6400,107,2
2026-01-15,000333,14:42:27,77.6500,98,2
2026-01-15,000333,14:42:30,77.6300,80,2
2026-01-15,000333,14:42:33,77.6100,146,2
2026-01-15,000333,14:42:36,77.6000,114,2
2026-01-15,000333,14:42:39,77.6000,144,2
2026-01-15,000333,14:42:42,77.6100,152,2
2026-01-15,000333,14:42:45,77.6200,130,2
2026-01-15,000333,14:42:48,77.6000,139,2
2026-01-15,000333,14:42:51,77.6000,160,2
2026-01-15,000333,14:42:54,77.5900,61,2
2026-01-15,000333,14:42:57,77.5900,95,2
2026-01-15,000333,14:43:00,77.6100,122,1
2026-01-15,000333,14:43:03,77.5500,132,2
2026-01-15,000333,14:43:06,77.6000,96,1
2026-01-15,000333,14:43:09,77.5300,198,2
2026-01-15,000333,14:43:12,77.5500,40,2
2026-01-15,000333,14:43:15,77.5900,126,1
2026-01-15,000333,14:43:18,77.5400,89,2
2026-01-15,000333,14:43:21,77.5300,126,2
2026-01-15,000333,14:43:24,77.5400,43,2
2026-01-15,000333,14:43:27,77.5500,110,2
2026-01-15,000333,14:43:30,77.5800,74,1
2026-01-15,000333,14:43:33,77.5100,155,2
2026-01-15,000333,14:43:36,77.5200,164,2
2026-01-15,000333,14:43:39,77.4900,258,2
2026-01-15,000333,14:43:42,77.5000,76,1
2026-01-15,000333,14:43:45,77.5100,203,1
2026-01-15,000333,14:43:48,77.4800,100,2
2026-01-15,000333,14:43:51,77.4600,162,2
2026-01-15,000333,14:43:54,77.4800,48,2
2026-01-15,000333,14:43:57,77.4800,111,2
2026-01-15,000333,14:44:00,77.4400,87,2
2026-01-15,000333,14:44:03,77.5400,117,1
2026-01-15,000333,14:44:06,77.4900,115,2
2026-01-15,000333,14:44:09,77.5500,113,1
2026-01-15,000333,14:44:12,77.4900,76,2
2026-01-15,000333,14:44:15,77.5000,151,2
2026-01-15,000333,14:44:18,77.4300,122,2
2026-01-15,000333,14:44:21,77.4500,860,2
2026-01-15,000333,14:44:24,77.4100,130,2
2026-01-15,000333,14:44:27,77.5100,125,1
2026-01-15,000333,14:44:30,77.5100,87,2
2026-01-15,000333,14:44:33,77.5000,245,2
2026-01-15,000333,14:44:36,77.4700,90,2
2026-01-15,000333,14:44:39,77.4700,237,2
2026-01-15,000333,14:44:42,77.4700,32,2
2026-01-15,000333,14:44:45,77.4600,224,2
2026-01-15,000333,14:44:48,77.4700,21,2
2026-01-15,000333,14:44:51,77.4800,259,2
2026-01-15,000333,14:44:54,77.4800,133,2
2026-01-15,000333,14:44:57,77.4700,153,1
2026-01-15,000333,14:45:00,77.4600,160,2
2026-01-15,000333,14:45:03,77.4800,132,2
2026-01-15,000333,14:45:06,77.4900,81,4
2026-01-15,000333,14:45:09,77.4600,125,2
2026-01-15,000333,14:45:12,77.5000,69,1
2026-01-15,000333,14:45:15,77.4900,38,4
2026-01-15,000333,14:45:18,77.5000,28,2
2026-01-15,000333,14:45:21,77.5000,163,2
2026-01-15,000333,14:45:24,77.5100,47,1
2026-01-15,000333,14:45:27,77.5100,63,2
2026-01-15,000333,14:45:30,77.4600,71,2
2026-01-15,000333,14:45:33,77.4700,40,2
2026-01-15,000333,14:45:36,77.4800,106,2
2026-01-15,000333,14:45:39,77.4800,118,2
2026-01-15,000333,14:45:42,77.5100,93,4
2026-01-15,000333,14:45:45,77.4700,125,2
2026-01-15,000333,14:45:48,77.4700,121,2
2026-01-15,000333,14:45:51,77.4900,100,2
2026-01-15,000333,14:45:54,77.4300,33,2
2026-01-15,000333,14:45:57,77.4200,158,2
2026-01-15,000333,14:46:00,77.4100,123,2
2026-01-15,000333,14:46:03,77.4600,33,2
2026-01-15,000333,14:46:06,77.4100,143,2
2026-01-15,000333,14:46:09,77.4100,88,2
2026-01-15,000333,14:46:12,77.4000,191,2
2026-01-15,000333,14:46:15,77.4600,37,2
2026-01-15,000333,14:46:18,77.4700,116,1
2026-01-15,000333,14:46:21,77.4300,63,2
2026-01-15,000333,14:46:24,77.4600,58,1
2026-01-15,000333,14:46:27,77.4700,69,1
2026-01-15,000333,14:46:30,77.4300,154,2
2026-01-15,000333,14:46:33,77.4700,51,1
2026-01-15,000333,14:46:36,77.4600,136,2
2026-01-15,000333,14:46:39,77.3900,92,2
2026-01-15,000333,14:46:42,77.3800,93,2
2026-01-15,000333,14:46:45,77.3800,144,2
2026-01-15,000333,14:46:48,77.3900,208,2
2026-01-15,000333,14:46:51,77.4400,35,2
2026-01-15,000333,14:46:54,77.4500,219,2
2026-01-15,000333,14:46:57,77.4000,66,2
2026-01-15,000333,14:47:00,77.4400,137,1
2026-01-15,000333,14:47:03,77.3900,51,2
2026-01-15,000333,14:47:06,77.4100,121,2
2026-01-15,000333,14:47:09,77.4300,61,1
2026-01-15,000333,14:47:12,77.4300,78,4
2026-01-15,000333,14:47:15,77.4100,62,2
2026-01-15,000333,14:47:18,77.4000,84,2
2026-01-15,000333,14:47:21,77.4200,100,2
2026-01-15,000333,14:47:24,77.4200,39,2
2026-01-15,000333,14:47:27,77.4000,78,2
2026-01-15,000333,14:47:30,77.4000,46,2
2026-01-15,000333,14:47:33,77.3800,82,2
2026-01-15,000333,14:47:36,77.3700,75,2
2026-01-15,000333,14:47:39,77.3600,142,2
2026-01-15,000333,14:47:42,77.3900,109,1
2026-01-15,000333,14:47:45,77.3100,126,2
2026-01-15,000333,14:47:48,77.3100,200,2
2026-01-15,000333,14:47:51,77.3200,118,2
2026-01-15,000333,14:47:54,77.3700,71,1
2026-01-15,000333,14:47:57,77.3200,135,2
2026-01-15,000333,14:48:00,77.3600,84,2
2026-01-15,000333,14:48:03,77.3300,169,2
2026-01-15,000333,14:48:06,77.3600,161,1
2026-01-15,000333,14:48:09,77.3000,162,2
2026-01-15,000333,14:48:12,77.3600,24,1
2026-01-15,000333,14:48:15,77.3200,105,2
2026-01-15,000333,14:48:18,77.3800,110,1
2026-01-15,000333,14:48:21,77.3600,35,2
2026-01-15,000333,14:48:24,77.3700,46,4
2026-01-15,000333,14:48:27,77.3500,59,2
2026-01-15,000333,14:48:30,77.4000,17,1
2026-01-15,000333,14:48:33,77.4000,31,1
2026-01-15,000333,14:48:36,77.4200,60,1
2026-01-15,000333,14:48:39,77.4200,110,1
2026-01-15,000333,14:48:42,77.4200,52,1
2026-01-15,000333,14:48:45,77.4100,6,2
2026-01-15,000333,14:48:48,77.4300,9,1
2026-01-15,000333,14:48:51,77.4300,9,2
2026-01-15,000333,14:48:54,77.4400,29,1
2026-01-15,000333,14:48:57,77.4200,29,2
2026-01-15,000333,14:49:00,77.4300,36,2
2026-01-15,000333,14:49:03,77.4300,62,2
2026-01-15,000333,14:49:06,77.4500,60,1
2026-01-15,000333,14:49:09,77.4400,36,2
2026-01-15,000333,14:49:12,77.4400,19,2
2026-01-15,000333,14:49:15,77.4500,16,1
2026-01-15,000333,14:49:18,77.4400,1,2
2026-01-15,000333,14:49:21,77.4500,25,1
2026-01-15,000333,14:49:24,77.4500,192,2
2026-01-15,000333,14:49:27,77.4300,72,2
2026-01-15,000333,14:49:30,77.4600,9,1
2026-01-15,000333,14:49:33,77.4300,9,2
2026-01-15,000333,14:49:36,77.4400,1,2
2026-01-15,000333,14:49:39,77.4400,20,2
2026-01-15,000333,14:49:42,77.4300,36,2
2026-01-15,000333,14:49:45,77.4300,65,2
2026-01-15,000333,14:49:48,77.4500,359,1
2026-01-15,000333,14:49:51,77.4300,116,2
2026-01-15,000333,14:49:54,77.4200,24,2
2026-01-15,000333,14:49:57,77.4300,70,4
2026-01-15,000333,14:50:00,77.4000,40,2
2026-01-15,000333,14:50:03,77.4000,100,2
2026-01-15,000333,14:50:06,77.4200,222,1
2026-01-15,000333,14:50:09,77.4200,65,2
2026-01-15,000333,14:50:12,77.4300,18,1
2026-01-15,000333,14:50:15,77.4200,158,2
2026-01-15,000333,14:50:18,77.4200,43,1
2026-01-15,000333,14:50:21,77.4400,70,1
2026-01-15,000333,14:50:24,77.4200,77,2
2026-01-15,000333,14:50:27,77.4400,121,1
2026-01-15,000333,14:50:30,77.4000,27,2
2026-01-15,000333,14:50:33,77.4100,36,2
2026-01-15,000333,14:50:36,77.4200,156,1
2026-01-15,000333,14:50:39,77.4200,116,1
2026-01-15,000333,14:50:42,77.4300,79,1
2026-01-15,000333,14:50:45,77.3900,64,2
2026-01-15,000333,14:50:48,77.4000,94,1
2026-01-15,000333,14:50:51,77.3400,131,2
2026-01-15,000333,14:50:54,77.3600,83,2
2026-01-15,000333,14:50:57,77.3500,107,2
2026-01-15,000333,14:51:00,77.3600,69,1
2026-01-15,000333,14:51:03,77.3200,352,2
2026-01-15,000333,14:51:06,77.3700,107,1
2026-01-15,000333,14:51:09,77.3900,121,1
2026-01-15,000333,14:51:12,77.3600,249,2
2026-01-15,000333,14:51:15,77.3100,319,2
2026-01-15,000333,14:51:18,77.3700,157,1
2026-01-15,000333,14:51:21,77.3800,223,1
2026-01-15,000333,14:51:24,77.3200,43,2
2026-01-15,000333,14:51:27,77.3100,81,2
2026-01-15,000333,14:51:30,77.3700,168,1
2026-01-15,000333,14:51:33,77.3700,17,1
2026-01-15,000333,14:51:36,77.3200,36,2
2026-01-15,000333,14:51:39,77.3600,66,1
2026-01-15,000333,14:51:42,77.3700,160,1
2026-01-15,000333,14:51:45,77.3700,99,1
2026-01-15,000333,14:51:48,77.3000,168,2
2026-01-15,000333,14:51:51,77.3400,21,1
2026-01-15,000333,14:51:54,77.3600,137,1
2026-01-15,000333,14:51:57,77.3000,58,2
2026-01-15,000333,14:52:00,77.3400,95,1
2026-01-15,000333,14:52:03,77.3200,45,2
2026-01-15,000333,14:52:06,77.3400,154,1
2026-01-15,000333,14:52:09,77.3500,25,1
2026-01-15,000333,14:52:12,77.3500,97,1
2026-01-15,000333,14:52:15,77.3500,33,1
2026-01-15,000333,14:52:18,77.3100,57,2
2026-01-15,000333,14:52:21,77.3000,182,2
2026-01-15,000333,14:52:24,77.3200,177,2
2026-01-15,000333,14:52:27,77.3300,76,4
2026-01-15,000333,14:52:30,77.3200,126,2
2026-01-15,000333,14:52:33,77.3300,67,1
2026-01-15,000333,14:52:36,77.3100,147,2
2026-01-15,000333,14:52:39,77.3200,88,1
2026-01-15,000333,14:52:42,77.3000,36,2
2026-01-15,000333,14:52:45,77.3200,139,1
2026-01-15,000333,14:52:48,77.3300,140,1
2026-01-15,000333,14:52:51,77.3200,178,2
2026-01-15,000333,14:52:54,77.3000,41,2
2026-01-15,000333,14:52:57,77.3000,228,2
2026-01-15,000333,14:53:00,77.2800,184,2
2026-01-15,000333,14:53:03,77.3200,158,1
2026-01-15,000333,14:53:06,77.3000,28,1
2026-01-15,000333,14:53:09,77.2700,363,2
2026-01-15,000333,14:53:12,77.2600,109,2
2026-01-15,000333,14:53:15,77.2800,81,1
2026-01-15,000333,14:53:18,77.2200,169,2
2026-01-15,000333,14:53:21,77.2600,111,1
2026-01-15,000333,14:53:24,77.2100,154,2
2026-01-15,000333,14:53:27,77.2800,20,1
2026-01-15,000333,14:53:30,77.2800,111,1
2026-01-15,000333,14:53:33,77.2700,84,1
2026-01-15,000333,14:53:36,77.2200,150,2
2026-01-15,000333,14:53:39,77.2400,103,2
2026-01-15,000333,14:53:42,77.2800,235,2
2026-01-15,000333,14:53:45,77.2700,108,2
2026-01-15,000333,14:53:48,77.2100,203,2
2026-01-15,000333,14:53:51,77.2800,113,1
2026-01-15,000333,14:53:54,77.2900,245,1
2026-01-15,000333,14:53:57,77.2900,159,1
2026-01-15,000333,14:54:00,77.2100,267,2
2026-01-15,000333,14:54:03,77.2100,123,2
2026-01-15,000333,14:54:06,77.2300,103,2
2026-01-15,000333,14:54:09,77.2100,28,2
2026-01-15,000333,14:54:12,77.2900,10,1
2026-01-15,000333,14:54:15,77.2900,64,1
2026-01-15,000333,14:54:18,77.2600,73,2
2026-01-15,000333,14:54:21,77.2900,112,1
2026-01-15,000333,14:54:24,77.2600,80,2
2026-01-15,000333,14:54:27,77.2800,111,1
2026-01-15,000333,14:54:30,77.2200,117,2
2026-01-15,000333,14:54:33,77.2300,113,2
2026-01-15,000333,14:54:36,77.2400,71,2
2026-01-15,000333,14:54:39,77.2100,155,2
2026-01-15,000333,14:54:42,77.2100,86,2
2026-01-15,000333,14:54:45,77.2600,246,1
2026-01-15,000333,14:54:48,77.2900,76,1
2026-01-15,000333,14:54:51,77.2000,161,2
2026-01-15,000333,14:54:54,77.2200,13,2
2026-01-15,000333,14:54:57,77.2200,59,2
2026-01-15,000333,14:55:00,77.2300,244,2
2026-01-15,000333,14:55:03,77.2300,136,2
2026-01-15,000333,14:55:06,77.2200,192,2
2026-01-15,000333,14:55:09,77.3200,88,1
2026-01-15,000333,14:55:12,77.2200,108,2
2026-01-15,000333,14:55:15,77.2200,83,2
2026-01-15,000333,14:55:18,77.2200,44,2
2026-01-15,000333,14:55:21,77.2900,309,1
2026-01-15,000333,14:55:24,77.3100,71,1
2026-01-15,000333,14:55:27,77.2000,136,2
2026-01-15,000333,14:55:30,77.2100,54,2
2026-01-15,000333,14:55:33,77.2200,144,2
2026-01-15,000333,14:55:36,77.2500,178,2
2026-01-15,000333,14:55:39,77.2000,204,2
2026-01-15,000333,14:55:42,77.2000,106,2
2026-01-15,000333,14:55:45,77.2500,70,4
2026-01-15,000333,14:55:48,77.2500,60,2
2026-01-15,000333,14:55:51,77.3000,260,1
2026-01-15,000333,14:55:54,77.3000,43,1
2026-01-15,000333,14:55:57,77.2500,57,2
2026-01-15,000333,14:56:00,77.3000,22,2
2026-01-15,000333,14:56:03,77.2600,34,2
2026-01-15,000333,14:56:06,77.3300,106,1
2026-01-15,000333,14:56:09,77.3300,44,1
2026-01-15,000333,14:56:12,77.2800,88,2
2026-01-15,000333,14:56:15,77.2700,69,2
2026-01-15,000333,14:56:18,77.3300,132,1
2026-01-15,000333,14:56:21,77.3100,37,2
2026-01-15,000333,14:56:24,77.3200,19,2
2026-01-15,000333,14:56:27,77.3300,39,1
2026-01-15,000333,14:56:30,77.3200,53,2
2026-01-15,000333,14:56:33,77.4000,68,1
2026-01-15,000333,14:56:36,77.3300,60,2
2026-01-15,000333,14:56:39,77.4100,32,1
2026-01-15,000333,14:56:42,77.4300,25,1
2026-01-15,000333,14:56:45,77.4400,72,1
2026-01-15,000333,14:56:48,77.3300,33,2
2026-01-15,000333,14:56:51,77.3600,16,2
2026-01-15,000333,14:56:54,77.3600,16,2
2026-01-15,000333,14:57:00,77.3600,1,2
2026-01-15,000333,15:00:02,77.2200,3081,4
2026-01-15,000333,13:16:36,77.6900,67,2
2026-01-15,000333,13:16:39,77.6900,26,2
2026-01-15,000333,13:16:42,77.6900,12,2
2026-01-15,000333,13:16:45,77.6900,23,2
2026-01-15,000333,13:16:48,77.6800,31,2
2026-01-15,000333,13:16:51,77.6900,12,2
2026-01-15,000333,13:16:54,77.6900,7,4
2026-01-15,000333,13:16:57,77.6900,21,2
2026-01-15,000333,13:17:00,77.6900,56,1
2026-01-15,000333,13:17:03,77.6800,13,2
2026-01-15,000333,13:17:06,77.6800,31,2
2026-01-15,000333,13:17:09,77.6800,5,2
2026-01-15,000333,13:17:12,77.6900,5,1
2026-01-15,000333,13:17:15,77.6800,7,2
2026-01-15,000333,13:17:18,77.6800,25,2
2026-01-15,000333,13:17:21,77.6800,26,2
2026-01-15,000333,13:17:24,77.6800,21,2
2026-01-15,000333,13:17:27,77.6800,6,2
2026-01-15,000333,13:17:30,77.6800,42,2
2026-01-15,000333,13:17:33,77.6900,60,1
2026-01-15,000333,13:17:36,77.6900,36,1
2026-01-15,000333,13:17:39,77.6800,60,2
2026-01-15,000333,13:17:42,77.6700,96,2
2026-01-15,000333,13:17:45,77.6700,12,2
2026-01-15,000333,13:17:48,77.6700,107,2
2026-01-15,000333,13:17:51,77.6700,3,2
2026-01-15,000333,13:17:54,77.6700,5,2
2026-01-15,000333,13:17:57,77.6700,12,2
2026-01-15,000333,13:18:00,77.6700,13,2
2026-01-15,000333,13:18:03,77.6700,588,2
2026-01-15,000333,13:18:06,77.6800,216,1
2026-01-15,000333,13:18:09,77.6700,7,2
2026-01-15,000333,13:18:12,77.6800,45,1
2026-01-15,000333,13:18:15,77.6700,216,2
2026-01-15,000333,13:18:18,77.6700,5,2
2026-01-15,000333,13:18:21,77.6700,7,2
2026-01-15,000333,13:18:24,77.6700,197,2
2026-01-15,000333,13:18:27,77.6600,20,2
2026-01-15,000333,13:18:30,77.6600,20,2
2026-01-15,000333,13:18:33,77.6600,21,2
2026-01-15,000333,13:18:36,77.6700,11,1
2026-01-15,000333,13:18:39,77.6600,242,2
2026-01-15,000333,13:18:42,77.6600,14,2
2026-01-15,000333,13:18:45,77.6600,48,2
2026-01-15,000333,13:18:48,77.6500,18,2
2026-01-15,000333,13:18:51,77.6500,16,2
2026-01-15,000333,13:18:54,77.6500,231,2
2026-01-15,000333,13:18:57,77.6500,4,2
2026-01-15,000333,13:19:00,77.6500,65,2
2026-01-15,000333,13:19:03,77.6500,36,2
2026-01-15,000333,13:19:06,77.6600,29,1
2026-01-15,000333,13:19:09,77.6500,25,2
2026-01-15,000333,13:19:12,77.6500,9,2
2026-01-15,000333,13:19:15,77.6600,104,1
2026-01-15,000333,13:19:18,77.6500,25,2
2026-01-15,000333,13:19:21,77.6500,31,2
2026-01-15,000333,13:19:24,77.6700,4,1
2026-01-15,000333,13:19:27,77.6700,118,1
2026-01-15,000333,13:19:30,77.6600,6,2
2026-01-15,000333,13:19:33,77.6600,22,2
2026-01-15,000333,13:19:36,77.6600,17,1
2026-01-15,000333,13:19:39,77.6500,29,2
2026-01-15,000333,13:19:42,77.6500,23,2
2026-01-15,000333,13:19:45,77.6500,26,2
2026-01-15,000333,13:19:48,77.6500,53,2
2026-01-15,000333,13:19:51,77.6400,36,2
2026-01-15,000333,13:19:54,77.6400,30,2
2026-01-15,000333,13:19:57,77.6500,12,1
2026-01-15,000333,13:20:00,77.6500,55,1
2026-01-15,000333,13:20:03,77.6500,98,2
2026-01-15,000333,13:20:06,77.6400,81,2
2026-01-15,000333,13:20:09,77.6500,2,1
2026-01-15,000333,13:20:12,77.6500,13,1
2026-01-15,000333,13:20:15,77.6500,57,2
2026-01-15,000333,13:20:18,77.6600,26,1
2026-01-15,000333,13:20:21,77.6500,20,2
2026-01-15,000333,13:20:24,77.6700,28,1
2026-01-15,000333,13:20:27,77.6500,47,2
2026-01-15,000333,13:20:30,77.6500,14,2
2026-01-15,000333,13:20:33,77.6400,27,2
2026-01-15,000333,13:20:36,77.6600,3,4
2026-01-15,000333,13:20:39,77.6400,8,2
2026-01-15,000333,13:20:42,77.6500,6,4
2026-01-15,000333,13:20:45,77.6400,24,2
2026-01-15,000333,13:20:48,77.6400,10,2
2026-01-15,000333,13:20:51,77.6500,19,1
2026-01-15,000333,13:20:54,77.6400,6,2
2026-01-15,000333,13:20:57,77.6500,13,1
2026-01-15,000333,13:21:00,77.6400,24,2
2026-01-15,000333,13:21:03,77.6400,43,2
2026-01-15,000333,13:21:06,77.6400,7,2
2026-01-15,000333,13:21:09,77.6400,4,2
2026-01-15,000333,13:21:12,77.6300,10,2
2026-01-15,000333,13:21:15,77.6400,24,1
2026-01-15,000333,13:21:18,77.6300,25,2
2026-01-15,000333,13:21:21,77.6500,66,1
2026-01-15,000333,13:21:24,77.6600,37,1
2026-01-15,000333,13:21:27,77.6600,10,1
2026-01-15,000333,13:21:30,77.6600,24,2
2026-01-15,000333,13:21:33,77.6600,25,2
2026-01-15,000333,13:21:36,77.6700,74,1
2026-01-15,000333,13:21:39,77.6700,26,1
2026-01-15,000333,13:21:42,77.6700,13,2
2026-01-15,000333,13:21:45,77.6700,6,2
2026-01-15,000333,13:21:48,77.6700,181,2
2026-01-15,000333,13:21:51,77.6700,10,1
2026-01-15,000333,13:21:54,77.6700,12,2
2026-01-15,000333,13:21:57,77.6700,80,2
2026-01-15,000333,13:22:00,77.6700,13,2
2026-01-15,000333,13:22:03,77.6700,92,2
2026-01-15,000333,13:22:06,77.6700,29,2
2026-01-15,000333,13:22:09,77.6600,12,2
2026-01-15,000333,13:22:12,77.6600,20,2
2026-01-15,000333,13:22:15,77.6600,10,2
2026-01-15,000333,13:22:18,77.6600,31,2
2026-01-15,000333,13:22:21,77.6600,19,2
2026-01-15,000333,13:22:24,77.6600,10,2
2026-01-15,000333,13:22:27,77.6600,55,2
2026-01-15,000333,13:22:30,77.6600,16,2
2026-01-15,000333,13:22:33,77.6600,10,2
2026-01-15,000333,13:22:36,77.6600,27,2
2026-01-15,000333,13:22:39,77.6600,25,2
2026-01-15,000333,13:22:42,77.6600,7,2
2026-01-15,000333,13:22:45,77.6700,35,1
2026-01-15,000333,13:22:48,77.6700,1,1
2026-01-15,000333,13:22:54,77.6600,21,2
2026-01-15,000333,13:22:57,77.6600,13,2
2026-01-15,000333,13:23:00,77.6600,62,2
2026-01-15,000333,13:23:03,77.6500,31,2
2026-01-15,000333,13:23:09,77.6600,7,1
2026-01-15,000333,13:23:12,77.6500,6,2
2026-01-15,000333,13:23:15,77.6500,1,2
2026-01-15,000333,13:23:18,77.6600,2,1
2026-01-15,000333,13:23:21,77.6600,2,1
2026-01-15,000333,13:23:24,77.6500,10,2
2026-01-15,000333,13:23:27,77.6500,2,2
2026-01-15,000333,13:23:30,77.6500,2,2
2026-01-15,000333,13:23:33,77.6500,35,2
2026-01-15,000333,13:23:36,77.6500,8,2
2026-01-15,000333,13:23:39,77.6500,7,2
2026-01-15,000333,13:23:42,77.6600,142,1
2026-01-15,000333,13:23:45,77.6600,12,2
2026-01-15,000333,13:23:48,77.6600,3,2
2026-01-15,000333,13:23:51,77.6600,181,2
2026-01-15,000333,13:23:54,77.6600,5,2
2026-01-15,000333,13:23:57,77.6500,125,2
2026-01-15,000333,13:24:00,77.6700,118,1
2026-01-15,000333,13:24:03,77.6600,47,2
2026-01-15,000333,13:24:06,77.6800,46,1
2026-01-15,000333,13:24:09,77.6800,40,1
2026-01-15,000333,13:24:12,77.7000,566,1
2026-01-15,000333,13:24:15,77.7000,35,1
2026-01-15,000333,13:24:18,77.7000,176,1
2026-01-15,000333,13:24:21,77.7100,336,1
2026-01-15,000333,13:24:24,77.7200,77,1
2026-01-15,000333,13:24:27,77.7300,25,1
2026-01-15,000333,13:24:30,77.7400,290,1
2026-01-15,000333,13:24:33,77.7200,87,2
2026-01-15,000333,13:24:36,77.7300,41,1
2026-01-15,000333,13:24:39,77.7200,16,2
2026-01-15,000333,13:24:42,77.7300,28,1
2026-01-15,000333,13:24:45,77.7300,18,1
2026-01-15,000333,13:24:48,77.7200,4,4
2026-01-15,000333,13:24:51,77.7300,42,1
2026-01-15,000333,13:24:54,77.7100,11,2
2026-01-15,000333,13:24:57,77.7100,13,2
2026-01-15,000333,13:25:00,77.7100,36,2
2026-01-15,000333,13:25:03,77.7000,2,2
2026-01-15,000333,13:25:06,77.7000,10,2
2026-01-15,000333,13:25:09,77.7000,15,2
2026-01-15,000333,13:25:12,77.7100,97,1
2026-01-15,000333,13:25:15,77.7100,5,2
2026-01-15,000333,13:25:18,77.7100,1,2
2026-01-15,000333,13:25:21,77.7100,13,2
2026-01-15,000333,13:25:24,77.7000,213,2
2026-01-15,000333,13:25:27,77.7000,60,1
2026-01-15,000333,13:25:30,77.7000,102,2
2026-01-15,000333,13:25:33,77.7000,16,2
2026-01-15,000333,13:25:36,77.7000,18,2
2026-01-15,000333,13:25:39,77.7000,15,2
2026-01-15,000333,13:25:42,77.7100,27,1
2026-01-15,000333,13:25:45,77.7000,30,2
2026-01-15,000333,13:25:48,77.7100,21,1
2026-01-15,000333,13:25:51,77.7100,16,1
2026-01-15,000333,13:25:54,77.7000,6,2
2026-01-15,000333,13:25:57,77.7100,24,1
2026-01-15,000333,13:26:00,77.7100,9,1
2026-01-15,000333,13:26:03,77.7000,23,2
2026-01-15,000333,13:26:06,77.7200,206,1
2026-01-15,000333,13:26:09,77.7100,20,2
2026-01-15,000333,13:26:12,77.7200,23,1
2026-01-15,000333,13:26:15,77.7200,33,1
2026-01-15,000333,13:26:18,77.7200,23,1
2026-01-15,000333,13:26:21,77.7100,3,2
2026-01-15,000333,13:26:24,77.7200,44,1
2026-01-15,000333,13:26:27,77.7200,15,1
2026-01-15,000333,13:26:30,77.7100,39,2
2026-01-15,000333,13:26:33,77.7100,26,2
2026-01-15,000333,13:26:36,77.7200,23,1
2026-01-15,000333,13:26:39,77.7100,41,2
2026-01-15,000333,13:26:42,77.7100,29,2
2026-01-15,000333,13:26:45,77.7100,17,2
2026-01-15,000333,13:26:48,77.7100,19,2
2026-01-15,000333,13:26:51,77.7200,66,1
2026-01-15,000333,13:26:54,77.7100,10,2
2026-01-15,000333,13:26:57,77.7100,2,2
2026-01-15,000333,13:27:00,77.7100,3,2
2026-01-15,000333,13:27:03,77.7300,92,1
2026-01-15,000333,13:27:06,77.7300,15,1
2026-01-15,000333,13:27:09,77.7200,10,2
2026-01-15,000333,13:27:12,77.7200,11,1
2026-01-15,000333,13:27:15,77.7100,3,2
2026-01-15,000333,13:27:18,77.7200,1188,1
2026-01-15,000333,13:27:21,77.7300,8,2
2026-01-15,000333,13:27:24,77.7700,16,1
2026-01-15,000333,13:27:27,77.7700,1,1
2026-01-15,000333,13:27:30,77.7300,12,2
2026-01-15,000333,13:27:33,77.7300,73,2
2026-01-15,000333,13:27:36,77.7600,229,1
2026-01-15,000333,13:27:39,77.7400,155,2
2026-01-15,000333,13:27:42,77.7400,17,2
2026-01-15,000333,13:27:45,77.7400,69,4
2026-01-15,000333,13:27:48,77.7500,4,4
2026-01-15,000333,13:27:51,77.7500,51,4
2026-01-15,000333,13:27:54,77.7400,1,2
2026-01-15,000333,13:27:57,77.7800,113,1
2026-01-15,000333,13:28:00,77.7500,16,2
2026-01-15,000333,13:28:03,77.7300,175,2
2026-01-15,000333,13:28:06,77.7500,3,1
2026-01-15,000333,13:28:09,77.7600,15,1
2026-01-15,000333,13:28:12,77.7500,2,4
2026-01-15,000333,13:28:15,77.7500,1,4
2026-01-15,000333,13:28:18,77.7300,21,2
2026-01-15,000333,13:28:21,77.7400,16,1
2026-01-15,000333,13:28:24,77.7600,37,1
2026-01-15,000333,13:28:27,77.7600,12,2
2026-01-15,000333,13:28:30,77.7400,563,2
2026-01-15,000333,13:28:33,77.7500,4,4
2026-01-15,000333,13:28:36,77.7600,8,1
2026-01-15,000333,13:28:39,77.7600,31,1
2026-01-15,000333,13:28:42,77.7500,86,2
2026-01-15,000333,13:28:45,77.7600,107,1
2026-01-15,000333,13:28:48,77.7600,12,2
2026-01-15,000333,13:28:51,77.7600,1,2
2026-01-15,000333,13:28:54,77.7600,16,2
2026-01-15,000333,13:29:00,77.7700,6,1
2026-01-15,000333,13:29:03,77.7700,65,1
2026-01-15,000333,13:29:06,77.7700,24,2
2026-01-15,000333,13:29:09,77.7700,51,2
2026-01-15,000333,13:29:12,77.7700,141,2
2026-01-15,000333,13:29:15,77.7600,1,2
2026-01-15,000333,13:29:18,77.7600,25,2
2026-01-15,000333,13:29:21,77.7600,12,2
2026-01-15,000333,13:29:24,77.7700,32,1
2026-01-15,000333,13:29:27,77.7600,5,2
2026-01-15,000333,13:29:30,77.7600,2,2
2026-01-15,000333,13:29:33,77.7500,26,2
2026-01-15,000333,13:29:36,77.7600,12,1
2026-01-15,000333,13:29:39,77.7500,4,2
2026-01-15,000333,13:29:42,77.7400,9,2
2026-01-15,000333,13:29:45,77.7500,2,2
2026-01-15,000333,13:29:48,77.7500,34,1
2026-01-15,000333,13:29:51,77.7500,15,1
2026-01-15,000333,13:29:54,77.7400,39,2
2026-01-15,000333,13:29:57,77.7400,16,1
2026-01-15,000333,13:30:00,77.7400,5,1
2026-01-15,000333,13:30:03,77.7300,8,2
2026-01-15,000333,13:30:06,77.7300,302,1
2026-01-15,000333,13:30:09,77.7300,21,1
2026-01-15,000333,13:30:12,77.7500,128,1
2026-01-15,000333,13:30:15,77.7300,12,2
2026-01-15,000333,13:30:18,77.7400,1,1
2026-01-15,000333,13:30:21,77.7300,31,2
2026-01-15,000333,13:30:24,77.7300,19,2
2026-01-15,000333,13:30:27,77.7400,26,1
2026-01-15,000333,13:30:30,77.7300,44,2
2026-01-15,000333,13:30:33,77.7300,16,2
2026-01-15,000333,13:30:36,77.7400,15,1
2026-01-15,000333,13:30:39,77.7200,27,2
2026-01-15,000333,13:30:42,77.7300,31,1
2026-01-15,000333,13:30:45,77.7300,2,2
2026-01-15,000333,13:30:48,77.7300,12,2
2026-01-15,000333,13:30:51,77.7300,29,2
2026-01-15,000333,13:30:54,77.7300,14,2
2026-01-15,000333,13:30:57,77.7300,12,1
2026-01-15,000333,13:31:00,77.7400,96,1
2026-01-15,000333,13:31:03,77.7300,37,2
2026-01-15,000333,13:31:06,77.7400,44,1
2026-01-15,000333,13:31:09,77.7300,16,1
2026-01-15,000333,13:31:12,77.7400,53,1
2026-01-15,000333,13:31:15,77.7500,13,1
2026-01-15,000333,13:31:18,77.7500,103,1
2026-01-15,000333,13:31:21,77.7500,26,1
2026-01-15,000333,13:31:24,77.7500,98,2
2026-01-15,000333,13:31:27,77.7800,214,1
2026-01-15,000333,13:31:30,77.7500,45,2
2026-01-15,000333,13:31:33,77.7700,1,1
2026-01-15,000333,13:31:36,77.7800,50,1
2026-01-15,000333,13:31:39,77.7800,17,4
2026-01-15,000333,13:31:42,77.7800,8,1
2026-01-15,000333,13:31:45,77.7700,27,2
2026-01-15,000333,13:31:48,77.7700,13,1
2026-01-15,000333,13:31:51,77.7500,16,2
2026-01-15,000333,13:31:54,77.7600,6,1
2026-01-15,000333,13:31:57,77.7600,55,1
2026-01-15,000333,13:32:00,77.7600,47,2
2026-01-15,000333,13:32:03,77.7600,161,2
2026-01-15,000333,13:32:06,77.7700,5,1
2026-01-15,000333,13:32:09,77.7700,32,1
2026-01-15,000333,13:32:12,77.7700,17,1
2026-01-15,000333,13:32:15,77.7600,97,2
2026-01-15,000333,13:32:18,77.7700,55,1
2026-01-15,000333,13:32:21,77.7700,43,1
2026-01-15,000333,13:32:24,77.7700,23,1
2026-01-15,000333,13:32:27,77.7600,39,2
2026-01-15,000333,13:32:30,77.7600,23,2
2026-01-15,000333,13:32:33,77.7600,27,2
2026-01-15,000333,13:32:36,77.7700,9,1
2026-01-15,000333,13:32:39,77.7700,20,1
2026-01-15,000333,13:32:42,77.7700,141,1
2026-01-15,000333,13:32:45,77.7600,3,2
2026-01-15,000333,13:32:48,77.7700,223,1
2026-01-15,000333,13:32:51,77.8000,384,1
2026-01-15,000333,13:32:54,77.7900,85,2
2026-01-15,000333,13:32:57,77.7900,109,2
2026-01-15,000333,13:33:00,77.8000,158,1
2026-01-15,000333,13:33:03,77.7900,139,2
2026-01-15,000333,13:33:06,77.8100,1193,1
2026-01-15,000333,13:33:09,77.8100,209,1
2026-01-15,000333,13:33:12,77.8100,198,2
2026-01-15,000333,13:33:15,77.8200,63,1
2026-01-15,000333,13:33:18,77.8300,277,1
2026-01-15,000333,13:33:21,77.8300,22,1
2026-01-15,000333,13:33:24,77.8300,185,1
2026-01-15,000333,13:33:27,77.8300,143,1
2026-01-15,000333,13:33:30,77.8200,14,2
2026-01-15,000333,13:33:33,77.8200,271,2
2026-01-15,000333,13:33:36,77.8200,10,2
2026-01-15,000333,13:33:39,77.8200,216,2
2026-01-15,000333,13:33:42,77.8200,25,2
2026-01-15,000333,13:33:45,77.8200,32,2
2026-01-15,000333,13:33:48,77.8200,156,2
2026-01-15,000333,13:33:51,77.8300,58,1
2026-01-15,000333,13:33:54,77.8300,45,1
2026-01-15,000333,13:33:57,77.8300,19,2
2026-01-15,000333,13:34:00,77.8300,20,2
2026-01-15,000333,13:34:03,77.8300,212,2
2026-01-15,000333,13:34:06,77.8300,63,2
2026-01-15,000333,13:34:09,77.8300,9,1
2026-01-15,000333,13:34:12,77.8300,62,1
2026-01-15,000333,13:34:15,77.8400,170,1
2026-01-15,000333,13:34:18,77.8300,103,2
2026-01-15,000333,13:34:21,77.8400,262,1
2026-01-15,000333,13:34:24,77.8400,8,4
2026-01-15,000333,13:34:27,77.8400,44,2
2026-01-15,000333,13:34:30,77.8500,352,1
2026-01-15,000333,13:34:33,77.8500,142,1
2026-01-15,000333,13:34:36,77.8600,33,1
2026-01-15,000333,13:34:39,77.8600,115,1
2026-01-15,000333,13:34:42,77.8500,44,2
2026-01-15,000333,13:34:45,77.8600,16,1
2026-01-15,000333,13:34:48,77.8600,117,1
2026-01-15,000333,13:34:51,77.8600,6,2
2026-01-15,000333,13:34:54,77.8600,34,1
2026-01-15,000333,13:34:57,77.8600,32,1
2026-01-15,000333,13:35:00,77.8500,12,2
2026-01-15,000333,13:35:03,77.8500,214,2
2026-01-15,000333,13:35:06,77.8500,218,1
2026-01-15,000333,13:35:09,77.8000,65,2
2026-01-15,000333,13:35:12,77.8300,109,1
2026-01-15,000333,13:35:15,77.8400,31,1
2026-01-15,000333,13:35:18,77.8400,5,1
2026-01-15,000333,13:35:21,77.8400,23,1
2026-01-15,000333,13:35:24,77.8400,70,2
2026-01-15,000333,13:35:27,77.8400,20,2
2026-01-15,000333,13:35:30,77.8500,31,1
2026-01-15,000333,13:35:33,77.8400,9,2
2026-01-15,000333,13:35:36,77.8400,12,2
2026-01-15,000333,13:35:39,77.8400,33,2
2026-01-15,000333,13:35:42,77.8300,54,2
2026-01-15,000333,13:35:45,77.8300,17,2
2026-01-15,000333,13:35:48,77.8300,1,2
2026-01-15,000333,13:35:51,77.8400,57,1
2026-01-15,000333,13:35:54,77.8400,17,2
2026-01-15,000333,13:35:57,77.8300,64,2
2026-01-15,000333,13:36:00,77.8400,113,1
2026-01-15,000333,13:36:03,77.8400,147,2
2026-01-15,000333,13:36:06,77.8500,103,1
2026-01-15,000333,13:36:09,77.8500,43,2
2026-01-15,000333,13:36:12,77.8600,36,1
2026-01-15,000333,13:36:15,77.8600,85,1
2026-01-15,000333,13:36:18,77.8500,13,2
2026-01-15,000333,13:36:21,77.8600,1,1
2026-01-15,000333,13:36:24,77.8600,38,1
2026-01-15,000333,13:36:27,77.8600,32,4
2026-01-15,000333,13:36:30,77.8600,33,2
2026-01-15,000333,13:36:33,77.8700,229,1
2026-01-15,000333,13:36:36,77.8800,18,1
2026-01-15,000333,13:36:39,77.8800,169,1
2026-01-15,000333,13:36:42,77.8800,138,1
2026-01-15,000333,13:36:45,77.8700,12,2
2026-01-15,000333,13:36:48,77.8700,205,2
2026-01-15,000333,13:36:51,77.8800,258,1
2026-01-15,000333,13:36:54,77.8800,74,2
2026-01-15,000333,13:36:57,77.8900,907,1
2026-01-15,000333,13:37:00,77.9000,1045,1
2026-01-15,000333,13:37:03,77.9100,143,1
2026-01-15,000333,13:37:06,77.9100,588,1
2026-01-15,000333,13:37:09,77.9400,198,1
2026-01-15,000333,13:37:12,77.9400,83,1
2026-01-15,000333,13:37:15,77.9400,51,1
2026-01-15,000333,13:37:18,77.9500,248,1
2026-01-15,000333,13:37:21,77.9500,378,1
2026-01-15,000333,13:37:24,77.9200,562,2
2026-01-15,000333,13:37:27,77.9200,320,1
2026-01-15,000333,13:37:30,77.9100,8,4
2026-01-15,000333,13:37:33,77.9000,33,2
2026-01-15,000333,13:37:36,77.9100,259,4
2026-01-15,000333,13:37:39,77.9000,72,2
2026-01-15,000333,13:37:42,77.9100,102,1
2026-01-15,000333,13:37:45,77.8900,235,2
2026-01-15,000333,13:37:48,77.8900,40,1
2026-01-15,000333,13:37:51,77.8900,2,1
2026-01-15,000333,13:37:54,77.8900,48,1
2026-01-15,000333,13:37:57,77.8900,7,2
2026-01-15,000333,13:38:00,77.9000,26,1
2026-01-15,000333,13:38:03,77.9000,58,1
2026-01-15,000333,13:38:06,77.9200,69,1
2026-01-15,000333,13:38:09,77.9200,29,1
2026-01-15,000333,13:38:12,77.9200,12,1
2026-01-15,000333,13:38:15,77.9200,25,2
2026-01-15,000333,13:38:18,77.9200,28,2
2026-01-15,000333,13:38:21,77.9300,165,1
2026-01-15,000333,13:38:24,77.9400,19,1
2026-01-15,000333,13:38:27,77.9300,83,2
2026-01-15,000333,13:38:30,77.9400,266,1
2026-01-15,000333,13:38:33,77.9300,37,2
2026-01-15,000333,13:38:36,77.9400,14,1
2026-01-15,000333,13:38:39,77.9400,91,1
2026-01-15,000333,13:38:42,77.9600,139,1
2026-01-15,000333,13:38:45,77.9300,309,2
2026-01-15,000333,13:38:48,77.9500,339,1
2026-01-15,000333,13:38:51,77.9500,21,1
2026-01-15,000333,13:38:54,77.9500,26,2
2026-01-15,000333,13:38:57,77.9500,20,1
2026-01-15,000333,13:39:00,77.9700,112,1
2026-01-15,000333,13:39:03,77.9400,242,2
2026-01-15,000333,13:39:06,77.9500,59,1
2026-01-15,000333,13:39:09,77.9400,19,2
2026-01-15,000333,13:39:12,77.9500,43,1
2026-01-15,000333,13:39:15,77.9400,322,2
2026-01-15,000333,13:39:18,77.9200,23,2
2026-01-15,000333,13:39:21,77.9200,10,2
2026-01-15,000333,13:39:24,77.9200,56,2
2026-01-15,000333,13:39:27,77.9200,68,2
2026-01-15,000333,13:39:30,77.9200,43,2
2026-01-15,000333,13:39:33,77.9200,35,2
2026-01-15,000333,13:39:36,77.9300,15,1
2026-01-15,000333,13:39:39,77.9200,36,2
2026-01-15,000333,13:39:42,77.9200,25,2
2026-01-15,000333,13:39:45,77.9200,216,2
2026-01-15,000333,13:39:48,77.9200,40,2
2026-01-15,000333,13:39:51,77.9200,74,2
2026-01-15,000333,13:39:54,77.9100,44,2
2026-01-15,000333,13:39:57,77.9100,10,2
2026-01-15,000333,13:40:00,77.9100,13,2
2026-01-15,000333,13:40:03,77.9100,108,2
2026-01-15,000333,13:40:06,77.9100,37,2
2026-01-15,000333,13:40:09,77.9100,22,2
2026-01-15,000333,13:40:12,77.9100,110,2
2026-01-15,000333,13:40:15,77.9100,24,2
2026-01-15,000333,13:40:18,77.9200,152,1
2026-01-15,000333,13:40:21,77.9200,40,1
2026-01-15,000333,13:40:24,77.9200,19,2
2026-01-15,000333,13:40:27,77.9200,27,2
2026-01-15,000333,13:40:30,77.9300,96,1
2026-01-15,000333,13:40:33,77.9400,34,1
2026-01-15,000333,13:40:36,77.9300,33,2
2026-01-15,000333,13:40:39,77.9300,27,2
2026-01-15,000333,13:40:42,77.9400,41,1
2026-01-15,000333,13:40:45,77.9300,11,2
2026-01-15,000333,13:40:48,77.9400,39,1
2026-01-15,000333,13:40:51,77.9400,40,1
2026-01-15,000333,13:40:54,77.9400,18,1
2026-01-15,000333,13:40:57,77.9400,23,1
2026-01-15,000333,13:41:00,77.9400,3,1
2026-01-15,000333,13:41:03,77.9300,11,2
2026-01-15,000333,13:41:06,77.9300,6,2
2026-01-15,000333,13:41:09,77.9400,88,1
2026-01-15,000333,13:41:12,77.9400,275,2
2026-01-15,000333,13:41:15,77.9400,31,2
2026-01-15,000333,13:41:18,77.9500,20,1
2026-01-15,000333,13:41:21,77.9500,7,1
2026-01-15,000333,13:41:24,77.9500,23,1
2026-01-15,000333,13:41:27,77.9500,31,1
2026-01-15,000333,13:41:30,77.9500,39,1
2026-01-15,000333,13:41:33,77.9600,289,1
2026-01-15,000333,13:41:36,77.9600,27,1
2026-01-15,000333,13:41:39,77.9500,19,2
2026-01-15,000333,13:41:42,77.9600,49,1
2026-01-15,000333,13:41:45,77.9600,3,4
2026-01-15,000333,13:41:48,77.9600,115,1
2026-01-15,000333,13:41:51,77.9700,304,1
2026-01-15,000333,13:41:54,77.9700,371,2
2026-01-15,000333,13:41:57,77.9700,28,2
2026-01-15,000333,13:42:00,77.9700,20,2
2026-01-15,000333,13:42:03,77.9700,30,2
2026-01-15,000333,13:42:06,77.9900,824,1
2026-01-15,000333,13:42:09,77.9800,49,2
2026-01-15,000333,13:42:12,77.9900,35,1
2026-01-15,000333,13:42:15,77.9900,33,1
2026-01-15,000333,13:42:18,78.0200,4577,1
2026-01-15,000333,13:42:21,78.0400,414,1
2026-01-15,000333,13:42:24,78.0000,292,2
2026-01-15,000333,13:42:27,78.0000,128,1
2026-01-15,000333,13:42:30,78.0000,47,1
2026-01-15,000333,13:42:33,78.0000,48,4
2026-01-15,000333,13:42:36,78.0100,27,1
2026-01-15,000333,13:42:39,78.0000,149,2
2026-01-15,000333,13:42:42,77.9900,606,2
2026-01-15,000333,13:42:45,77.9900,148,1
2026-01-15,000333,13:42:48,77.9700,8,2
2026-01-15,000333,13:42:51,77.9700,1,2
2026-01-15,000333,13:42:54,77.9800,18,1
2026-01-15,000333,13:42:57,77.9800,27,1
2026-01-15,000333,13:43:00,77.9800,18,1
2026-01-15,000333,13:43:03,77.9800,28,2
2026-01-15,000333,13:43:06,77.9900,143,1
2026-01-15,000333,13:43:09,77.9800,15,1
2026-01-15,000333,13:43:12,77.9700,20,2
2026-01-15,000333,13:43:15,77.9800,55,1
2026-01-15,000333,13:43:18,77.9800,6,1
2026-01-15,000333,13:43:21,77.9800,426,1
2026-01-15,000333,13:43:24,77.9800,24,1
2026-01-15,000333,13:43:27,77.9800,42,1
2026-01-15,000333,13:43:30,77.9800,11,1
2026-01-15,000333,13:43:33,77.9700,20,2
2026-01-15,000333,13:43:36,77.9700,26,2
2026-01-15,000333,13:43:39,77.9700,21,2
2026-01-15,000333,13:43:42,77.9700,125,2
2026-01-15,000333,13:43:45,77.9800,44,1
2026-01-15,000333,13:43:48,77.9600,35,2
2026-01-15,000333,13:43:51,77.9700,18,2
2026-01-15,000333,13:43:54,77.9700,29,1
2026-01-15,000333,13:43:57,77.9700,6,1
2026-01-15,000333,13:44:00,77.9500,352,2
2026-01-15,000333,13:44:03,77.9500,139,2
2026-01-15,000333,13:44:06,77.9500,70,1
2026-01-15,000333,13:44:09,77.9400,106,2
2026-01-15,000333,13:44:12,77.9500,103,1
2026-01-15,000333,13:44:15,77.9400,35,2
2026-01-15,000333,13:44:18,77.9400,9,1
2026-01-15,000333,13:44:21,77.9300,7,2
2026-01-15,000333,13:44:24,77.9300,34,2
2026-01-15,000333,13:44:27,77.9300,9,1
2026-01-15,000333,13:44:30,77.9200,38,2
2026-01-15,000333,13:44:33,77.9300,48,1
2026-01-15,000333,13:44:36,77.9300,123,1
2026-01-15,000333,13:44:39,77.9300,14,1
2026-01-15,000333,13:44:42,77.9300,30,1
2026-01-15,000333,13:44:45,77.9200,35,2
2026-01-15,000333,13:44:48,77.9500,124,1
2026-01-15,000333,13:44:51,77.9500,17,1
2026-01-15,000333,13:44:54,77.9500,38,2
2026-01-15,000333,13:44:57,77.9500,14,1
2026-01-15,000333,13:45:00,77.9500,35,2
2026-01-15,000333,13:45:03,77.9500,14,1
2026-01-15,000333,13:45:06,77.9500,46,1
2026-01-15,000333,13:45:09,77.9500,27,1
2026-01-15,000333,13:45:12,77.9600,53,1
2026-01-15,000333,13:45:15,77.9700,7,1
2026-01-15,000333,13:45:18,77.9800,137,1
2026-01-15,000333,13:45:21,77.9700,3,1
2026-01-15,000333,13:45:24,77.9800,55,1
2026-01-15,000333,13:45:27,77.9700,11,2
2026-01-15,000333,13:45:30,77.9800,27,1
2026-01-15,000333,13:45:33,77.9700,15,2
2026-01-15,000333,13:45:36,77.9800,27,1
2026-01-15,000333,13:45:39,77.9800,25,1
2026-01-15,000333,13:45:42,77.9800,164,1
2026-01-15,000333,13:45:45,77.9800,45,1
2026-01-15,000333,13:45:48,77.9800,131,2
2026-01-15,000333,13:45:51,77.9800,65,2
2026-01-15,000333,13:45:54,77.9800,48,2
2026-01-15,000333,13:45:57,77.9900,13,4
2026-01-15,000333,13:46:00,77.9900,15,4
2026-01-15,000333,13:46:03,77.9900,29,1
2026-01-15,000333,13:46:06,77.9900,104,2
2026-01-15,000333,13:46:09,77.9900,246,1
2026-01-15,000333,13:46:12,77.9900,22,1
2026-01-15,000333,13:46:15,77.9800,10,2
2026-01-15,000333,13:46:18,77.9800,6,2
2026-01-15,000333,13:46:21,77.9900,42,1
2026-01-15,000333,13:46:24,77.9900,46,2
2026-01-15,000333,13:46:27,77.9900,31,2
2026-01-15,000333,13:46:30,77.9900,3,2
2026-01-15,000333,13:46:33,78.0000,26,1
2026-01-15,000333,13:46:36,78.0000,24,1
2026-01-15,000333,13:46:39,78.0000,54,1
2026-01-15,000333,13:46:42,78.0000,10,1
2026-01-15,000333,13:46:45,77.9900,123,2
2026-01-15,000333,13:46:48,78.0000,77,1
2026-01-15,000333,13:46:51,78.0000,18,1
2026-01-15,000333,13:46:54,78.0000,22,1
2026-01-15,000333,13:46:57,77.9900,63,2
2026-01-15,000333,13:47:00,78.0000,209,1
2026-01-15,000333,13:47:03,77.9900,16,2
2026-01-15,000333,13:47:06,78.0000,212,1
2026-01-15,000333,13:47:09,77.9900,16,2
2026-01-15,000333,13:47:12,77.9800,452,2
2026-01-15,000333,13:47:15,77.9800,178,2
2026-01-15,000333,13:47:18,77.9800,52,2
2026-01-15,000333,13:47:21,77.9800,287,4
2026-01-15,000333,13:47:24,77.9500,9,2
2026-01-15,000333,13:47:27,77.9500,6,2
2026-01-15,000333,13:47:30,77.9500,50,2
2026-01-15,000333,13:47:33,77.9400,18,2
2026-01-15,000333,13:47:36,77.9400,33,2
2026-01-15,000333,13:47:39,77.9400,10,2
2026-01-15,000333,13:47:42,77.9400,4,2
2026-01-15,000333,13:47:45,77.9400,56,2
2026-01-15,000333,13:47:48,77.9400,27,2
2026-01-15,000333,13:47:51,77.9400,19,2
2026-01-15,000333,13:47:54,77.9400,14,2
2026-01-15,000333,13:47:57,77.9500,34,1
2026-01-15,000333,13:48:00,77.9400,34,2
2026-01-15,000333,13:48:03,77.9400,23,2
2026-01-15,000333,13:48:06,77.9400,68,2
2026-01-15,000333,13:48:09,77.9400,19,2
2026-01-15,000333,13:48:12,77.9400,33,2
2026-01-15,000333,13:48:15,77.9400,14,2
2026-01-15,000333,13:48:18,77.9400,21,2
2026-01-15,000333,13:48:21,77.9400,16,2
2026-01-15,000333,13:48:24,77.9200,522,2
2026-01-15,000333,13:48:27,77.9300,35,1
2026-01-15,000333,13:48:30,77.9200,11,2
2026-01-15,000333,13:48:33,77.9100,83,2
2026-01-15,000333,13:48:36,77.8700,462,2
2026-01-15,000333,13:48:39,77.8400,55,2
2026-01-15,000333,13:48:42,77.8600,12,1
2026-01-15,000333,13:48:45,77.8600,120,1
2026-01-15,000333,13:48:48,77.8700,91,1
2026-01-15,000333,13:48:51,77.8900,21,1
2026-01-15,000333,13:48:54,77.8900,17,1
2026-01-15,000333,13:48:57,77.8900,17,1
2026-01-15,000333,13:49:00,77.8700,26,2
2026-01-15,000333,13:49:03,77.8700,7,2
2026-01-15,000333,13:49:06,77.8600,38,2
2026-01-15,000333,13:49:09,77.8600,6,2
2026-01-15,000333,13:49:12,77.8600,39,2
2026-01-15,000333,13:49:15,77.8600,69,2
2026-01-15,000333,13:49:18,77.8700,26,1
2026-01-15,000333,13:49:21,77.8600,64,2
2026-01-15,000333,13:49:24,77.8600,32,2
2026-01-15,000333,13:49:27,77.8700,4,1
2026-01-15,000333,13:49:30,77.8700,32,1
2026-01-15,000333,13:49:33,77.8700,45,1
2026-01-15,000333,13:49:36,77.8600,25,2
2026-01-15,000333,13:49:39,77.8700,29,1
2026-01-15,000333,13:49:42,77.8600,31,2
2026-01-15,000333,13:49:45,77.8600,1,2
2026-01-15,000333,13:49:48,77.8700,25,1
2026-01-15,000333,13:49:51,77.8800,138,1
2026-01-15,000333,13:49:54,77.8800,8,2
2026-01-15,000333,13:49:57,77.8900,28,1
2026-01-15,000333,13:50:00,77.8800,9,2
2026-01-15,000333,13:50:03,77.8800,55,2
2026-01-15,000333,13:50:06,77.8800,29,1
2026-01-15,000333,13:50:09,77.8700,3,2
2026-01-15,000333,13:50:12,77.8800,8,1
2026-01-15,000333,13:50:15,77.8800,70,1
2026-01-15,000333,13:50:18,77.8800,29,1
2026-01-15,000333,13:50:21,77.8800,38,1
2026-01-15,000333,13:50:24,77.8800,124,2
2026-01-15,000333,13:50:27,77.8900,20,1
2026-01-15,000333,13:50:30,77.8900,6,1
2026-01-15,000333,13:50:33,77.8900,1,4
2026-01-15,000333,13:50:36,77.9000,113,1
2026-01-15,000333,13:50:39,77.8900,63,2
2026-01-15,000333,13:50:42,77.8900,39,2
2026-01-15,000333,13:50:45,77.8900,35,2
2026-01-15,000333,13:50:48,77.8900,173,2
2026-01-15,000333,13:50:51,77.8900,121,2
2026-01-15,000333,13:50:54,77.8800,122,2
2026-01-15,000333,13:50:57,77.9000,97,1
2026-01-15,000333,13:51:00,77.8800,180,2
2026-01-15,000333,13:51:03,77.8900,113,1
2026-01-15,000333,13:51:06,77.8800,17,1
2026-01-15,000333,13:51:09,77.8700,45,2
2026-01-15,000333,13:51:12,77.8700,5,2
2026-01-15,000333,13:51:15,77.8700,28,2
2026-01-15,000333,13:51:18,77.8700,55,2
2026-01-15,000333,13:51:21,77.8700,100,2
2026-01-15,000333,13:51:24,77.8700,14,2
2026-01-15,000333,13:51:27,77.8700,36,2
2026-01-15,000333,13:51:30,77.8700,45,2
2026-01-15,000333,13:51:33,77.8700,56,2
2026-01-15,000333,13:51:36,77.8800,54,2
2026-01-15,000333,13:51:39,77.8600,158,2
2026-01-15,000333,13:51:42,77.8600,31,2
2026-01-15,000333,13:51:45,77.8600,97,2
2026-01-15,000333,13:51:48,77.8600,4,2
2026-01-15,000333,13:51:51,77.8700,57,4
2026-01-15,000333,13:51:54,77.8600,27,2
2026-01-15,000333,13:51:57,77.8700,25,4
2026-01-15,000333,13:52:00,77.8600,15,2
2026-01-15,000333,13:52:03,77.8500,336,2
2026-01-15,000333,13:52:06,77.8500,167,2
2026-01-15,000333,13:52:09,77.8600,62,1
2026-01-15,000333,13:52:12,77.8400,35,2
2026-01-15,000333,13:52:15,77.8500,19,1
2026-01-15,000333,13:52:18,77.8400,24,2
2026-01-15,000333,13:52:21,77.8400,17,2
2026-01-15,000333,13:52:24,77.8400,39,2
2026-01-15,000333,13:52:27,77.8500,35,1
2026-01-15,000333,13:52:30,77.8500,30,1
2026-01-15,000333,13:52:33,77.8500,36,1
2026-01-15,000333,13:52:36,77.8400,11,2
2026-01-15,000333,13:52:39,77.8400,19,2
2026-01-15,000333,13:52:42,77.8500,45,1
2026-01-15,000333,13:52:45,77.8400,42,2
2026-01-15,000333,13:52:48,77.8400,216,2
2026-01-15,000333,13:52:51,77.8400,60,2
2026-01-15,000333,13:52:54,77.8300,79,2
2026-01-15,000333,13:52:57,77.8300,36,2
2026-01-15,000333,13:53:00,77.8300,17,2
2026-01-15,000333,13:53:03,77.8300,67,2
2026-01-15,000333,13:53:06,77.8200,116,2
2026-01-15,000333,13:53:09,77.8200,100,2
2026-01-15,000333,13:53:12,77.8200,72,2
2026-01-15,000333,13:53:15,77.8200,36,2
2026-01-15,000333,13:53:18,77.8200,47,2
2026-01-15,000333,13:53:21,77.8200,34,2
2026-01-15,000333,13:53:24,77.8200,61,2
2026-01-15,000333,13:53:27,77.8100,28,2
2026-01-15,000333,13:53:30,77.8100,17,2
2026-01-15,000333,13:53:33,77.8200,17,1
2026-01-15,000333,13:53:36,77.8200,39,1
2026-01-15,000333,13:53:39,77.8100,61,2
2026-01-15,000333,13:53:42,77.8100,4,2
2026-01-15,000333,13:53:45,77.8100,14,2
2026-01-15,000333,13:53:48,77.8100,38,2
2026-01-15,000333,13:53:51,77.8100,65,2
2026-01-15,000333,13:53:54,77.8100,28,1
2026-01-15,000333,13:53:57,77.8100,29,1
2026-01-15,000333,13:54:00,77.8000,112,2
2026-01-15,000333,13:54:03,77.8000,193,2
2026-01-15,000333,13:54:06,77.7900,72,2
2026-01-15,000333,13:54:09,77.7900,87,2
2026-01-15,000333,13:54:12,77.7700,129,2
2026-01-15,000333,13:54:15,77.7700,61,2
2026-01-15,000333,13:54:18,77.7900,58,1
2026-01-15,000333,13:54:21,77.7700,32,2
2026-01-15,000333,13:54:24,77.7700,13,2
2026-01-15,000333,13:54:27,77.7700,72,2
2026-01-15,000333,13:54:30,77.7700,127,2
2026-01-15,000333,13:54:33,77.7700,51,2
2026-01-15,000333,13:54:36,77.7800,77,1
2026-01-15,000333,13:54:39,77.7700,46,2
2026-01-15,000333,13:54:42,77.7700,66,2
2026-01-15,000333,13:54:45,77.7800,55,1
2026-01-15,000333,13:54:48,77.7700,31,2
2026-01-15,000333,13:54:51,77.7800,43,1
2026-01-15,000333,13:54:54,77.7800,44,2
2026-01-15,000333,13:54:57,77.7800,78,2
2026-01-15,000333,13:55:00,77.7700,58,2
2026-01-15,000333,13:55:03,77.7700,20,2
2026-01-15,000333,13:55:06,77.7800,11,1
2026-01-15,000333,13:55:09,77.7700,41,2
2026-01-15,000333,13:55:12,77.7800,47,1
2026-01-15,000333,13:55:15,77.7700,64,2
2026-01-15,000333,13:55:18,77.7700,23,2
2026-01-15,000333,13:55:21,77.7700,10,2
2026-01-15,000333,13:55:24,77.7800,113,1
2026-01-15,000333,13:55:27,77.7700,50,2
2026-01-15,000333,13:55:30,77.7700,29,2
2026-01-15,000333,13:55:33,77.7700,11,2
2026-01-15,000333,13:55:36,77.7800,50,1
2026-01-15,000333,13:55:39,77.7700,122,2
2026-01-15,000333,13:55:42,77.7700,86,2
2026-01-15,000333,13:55:45,77.7900,55,1
2026-01-15,000333,13:55:48,77.7900,26,2
2026-01-15,000333,13:55:51,77.7900,28,2
2026-01-15,000333,13:55:54,77.7900,23,2
2026-01-15,000333,13:55:57,77.8000,23,1
2026-01-15,000333,13:56:00,77.7900,50,2
2026-01-15,000333,13:56:03,77.7900,213,2
2026-01-15,000333,13:56:06,77.7600,561,2
2026-01-15,000333,13:56:09,77.7700,81,2
2026-01-15,000333,13:56:12,77.7400,160,2
2026-01-15,000333,13:56:15,77.7700,22,1
2026-01-15,000333,13:56:18,77.7700,91,2
2026-01-15,000333,13:56:21,77.7200,91,2
2026-01-15,000333,13:56:24,77.7700,88,1
2026-01-15,000333,13:56:27,77.7300,89,2
2026-01-15,000333,13:56:30,77.7200,78,2
2026-01-15,000333,13:56:33,77.7100,66,2
2026-01-15,000333,13:56:36,77.7100,56,2
2026-01-15,000333,13:56:39,77.7300,41,2
2026-01-15,000333,13:56:42,77.7100,132,2
2026-01-15,000333,13:56:45,77.7300,85,2
2026-01-15,000333,13:56:48,77.7300,69,2
2026-01-15,000333,13:56:51,77.7200,50,2
2026-01-15,000333,13:56:54,77.7300,43,1
2026-01-15,000333,13:56:57,77.7300,56,1
2026-01-15,000333,13:57:00,77.7200,78,2
2026-01-15,000333,13:57:03,77.7200,52,2
2026-01-15,000333,13:57:06,77.7200,41,2
2026-01-15,000333,13:57:09,77.7200,24,2
2026-01-15,000333,13:57:12,77.7200,25,2
2026-01-15,000333,13:57:15,77.7200,25,2
2026-01-15,000333,13:57:18,77.7200,30,2
2026-01-15,000333,13:57:21,77.7300,67,1
2026-01-15,000333,13:57:24,77.7400,14,1
2026-01-15,000333,13:57:27,77.7300,41,2
2026-01-15,000333,13:57:30,77.7400,102,1
2026-01-15,000333,13:57:33,77.7300,14,2
2026-01-15,000333,13:57:36,77.7400,9,1
2026-01-15,000333,13:57:39,77.7400,26,2
2026-01-15,000333,13:57:42,77.7400,23,2
2026-01-15,000333,13:57:45,77.7400,25,2
2026-01-15,000333,13:57:48,77.7400,25,2
2026-01-15,000333,13:57:51,77.7400,12,2
2026-01-15,000333,13:57:54,77.7400,39,2
2026-01-15,000333,13:57:57,77.7500,15,1
2026-01-15,000333,13:58:00,77.7400,46,2
2026-01-15,000333,13:58:03,77.7500,36,1
2026-01-15,000333,13:58:06,77.7400,88,2
2026-01-15,000333,13:58:09,77.7300,47,2
2026-01-15,000333,13:58:12,77.7400,54,1
2026-01-15,000333,13:58:15,77.7400,116,2
2026-01-15,000333,13:58:18,77.7400,97,2
2026-01-15,000333,13:58:21,77.7400,74,2
2026-01-15,000333,13:58:24,77.7400,79,2
2026-01-15,000333,13:58:27,77.7400,45,2
2026-01-15,000333,13:58:30,77.7500,4,1
2026-01-15,000333,13:58:33,77.7400,14,2
2026-01-15,000333,13:58:36,77.7500,49,1
2026-01-15,000333,13:58:39,77.7400,12,2
2026-01-15,000333,13:58:42,77.7400,13,2
2026-01-15,000333,13:58:45,77.7500,134,1
2026-01-15,000333,13:58:48,77.7500,106,1
2026-01-15,000333,13:58:51,77.7500,53,1
2026-01-15,000333,13:58:54,77.7500,47,1
2026-01-15,000333,13:58:57,77.7400,38,2
2026-01-15,000333,13:59:00,77.7600,33,1
2026-01-15,000333,13:59:03,77.7600,47,1
2026-01-15,000333,13:59:06,77.7600,99,1
2026-01-15,000333,13:59:09,77.7600,52,2
2026-01-15,000333,13:59:12,77.7700,32,1
2026-01-15,000333,13:59:15,77.7700,69,1
2026-01-15,000333,13:59:18,77.7600,78,2
2026-01-15,000333,13:59:21,77.7600,2,2
2026-01-15,000333,13:59:24,77.7700,53,2
2026-01-15,000333,13:59:27,77.7700,126,2
2026-01-15,000333,13:59:30,77.7700,32,2
2026-01-15,000333,13:59:33,77.7700,56,2
2026-01-15,000333,13:59:36,77.7800,87,4
2026-01-15,000333,13:59:39,77.7800,40,2
2026-01-15,000333,13:59:42,77.7900,66,1
2026-01-15,000333,13:59:45,77.7900,78,2
2026-01-15,000333,13:59:48,77.7900,45,1
2026-01-15,000333,13:59:51,77.7800,61,2
2026-01-15,000333,13:59:54,77.7800,54,4
2026-01-15,000333,13:59:57,77.7900,70,1
2026-01-15,000333,14:00:00,77.7700,27,2
2026-01-15,000333,14:00:03,77.7500,314,2
2026-01-15,000333,14:00:06,77.7300,256,2
2026-01-15,000333,14:00:09,77.7300,65,1
2026-01-15,000333,14:00:12,77.7000,68,2
2026-01-15,000333,14:00:15,77.7100,10,2
2026-01-15,000333,14:00:18,77.7300,53,1
2026-01-15,000333,14:00:21,77.7300,35,2
2026-01-15,000333,14:00:24,77.7300,17,2
2026-01-15,000333,14:00:27,77.7400,63,1
2026-01-15,000333,14:00:30,77.7400,4,2
2026-01-15,000333,14:00:33,77.7500,28,1
2026-01-15,000333,14:00:36,77.7700,20,1
2026-01-15,000333,14:00:39,77.7600,41,1
2026-01-15,000333,14:00:42,77.7600,24,2
2026-01-15,000333,14:00:45,77.7600,12,2
2026-01-15,000333,14:00:48,77.7900,35,1
2026-01-15,000333,14:00:51,77.8000,65,1
2026-01-15,000333,14:00:54,77.7900,84,2
2026-01-15,000333,14:00:57,77.8000,338,1
2026-01-15,000333,14:01:00,77.7600,220,2
2026-01-15,000333,14:01:03,77.7300,190,2
2026-01-15,000333,14:01:06,77.7600,137,1
2026-01-15,000333,14:01:09,77.7200,87,2
2026-01-15,000333,14:01:12,77.7300,56,1
2026-01-15,000333,14:01:15,77.7200,26,2
2026-01-15,000333,14:01:18,77.7300,167,2
2026-01-15,000333,14:01:21,77.7500,135,1
2026-01-15,000333,14:01:24,77.7000,94,2
2026-01-15,000333,14:01:27,77.7000,89,2
2026-01-15,000333,14:01:30,77.7100,178,1
2026-01-15,000333,14:01:36,77.7200,110,1
2026-01-15,000333,14:01:39,77.7500,40,1
2026-01-15,000333,14:01:42,77.7000,77,2
2026-01-15,000333,14:01:45,77.7600,60,1
2026-01-15,000333,14:01:48,77.7600,117,1
2026-01-15,000333,14:01:51,77.7400,32,1
2026-01-15,000333,14:01:54,77.7400,79,1
2026-01-15,000333,14:01:57,77.7500,36,1
2026-01-15,000333,14:02:00,77.7400,328,2
2026-01-15,000333,14:02:03,77.7500,56,2
2026-01-15,000333,14:02:06,77.7600,15,1
2026-01-15,000333,14:02:09,77.6900,199,2
2026-01-15,000333,14:02:12,77.7100,52,2
2026-01-15,000333,14:02:15,77.6800,72,2
2026-01-15,000333,14:02:18,77.7100,30,2
2026-01-15,000333,14:02:21,77.7400,53,1
2026-01-15,000333,14:02:24,77.7400,20,1
2026-01-15,000333,14:02:27,77.7400,61,1
2026-01-15,000333,14:02:30,77.7400,11,2
2026-01-15,000333,14:02:33,77.7400,36,2
2026-01-15,000333,14:02:36,77.7400,99,1
2026-01-15,000333,14:02:39,77.7300,75,2
2026-01-15,000333,14:02:42,77.7100,65,2
2026-01-15,000333,14:02:45,77.7100,204,2
2026-01-15,000333,14:02:48,77.6900,159,2
2026-01-15,000333,14:02:51,77.6800,65,2
2026-01-15,000333,14:02:54,77.7100,105,1
2026-01-15,000333,14:02:57,77.6900,34,1
2026-01-15,000333,14:03:00,77.6800,80,2
2026-01-15,000333,14:03:03,77.6900,77,1
2026-01-15,000333,14:03:06,77.6800,138,2
2026-01-15,000333,14:03:09,77.6900,38,1
2026-01-15,000333,14:03:12,77.6800,115,2
2026-01-15,000333,14:03:15,77.6800,71,1
2026-01-15,000333,14:03:18,77.6800,107,2
2026-01-15,000333,14:03:21,77.6700,59,2
2026-01-15,000333,14:03:24,77.6700,71,2
2026-01-15,000333,14:03:27,77.6700,13,2
2026-01-15,000333,14:03:30,77.6700,23,2
2026-01-15,000333,14:03:33,77.6700,34,2
2026-01-15,000333,14:03:36,77.6700,187,2
2026-01-15,000333,14:03:39,77.6600,51,2
2026-01-15,000333,14:03:42,77.6600,387,2
2026-01-15,000333,14:03:45,77.6600,108,2
2026-01-15,000333,14:03:48,77.6600,298,2
2026-01-15,000333,14:03:51,77.6600,89,2
2026-01-15,000333,14:03:54,77.6300,74,2
2026-01-15,000333,14:03:57,77.6600,36,1
2026-01-15,000333,14:04:00,77.6800,168,1
2026-01-15,000333,14:04:03,77.6700,47,2
2026-01-15,000333,14:04:06,77.6900,68,1
2026-01-15,000333,14:04:09,77.6900,87,1
2026-01-15,000333,14:04:12,77.6800,74,2
2026-01-15,000333,14:04:15,77.6900,11,2
2026-01-15,000333,14:04:18,77.6900,18,2
2026-01-15,000333,14:04:21,77.6900,52,2
2026-01-15,000333,14:04:24,77.6900,64,1
2026-01-15,000333,14:04:27,77.6900,56,1
2026-01-15,000333,14:04:30,77.6800,74,2
2026-01-15,000333,14:04:33,77.6800,14,2
2026-01-15,000333,14:04:36,77.6900,38,1
2026-01-15,000333,14:04:39,77.6800,27,2
2026-01-15,000333,14:04:42,77.6900,29,4
2026-01-15,000333,14:04:45,77.6900,4,4
2026-01-15,000333,14:04:48,77.7000,227,1
2026-01-15,000333,14:04:51,77.6800,105,2
2026-01-15,000333,14:04:54,77.7000,69,2
2026-01-15,000333,14:04:57,77.7000,129,2
2026-01-15,000333,14:05:00,77.7100,14,4
2026-01-15,000333,14:05:03,77.7100,50,2
2026-01-15,000333,14:05:06,77.7100,86,2
2026-01-15,000333,14:05:09,77.7300,54,1
2026-01-15,000333,14:05:12,77.7000,43,2
2026-01-15,000333,14:05:15,77.7300,122,1
2026-01-15,000333,14:05:18,77.7100,92,2
2026-01-15,000333,14:05:21,77.7000,117,2
2026-01-15,000333,14:05:24,77.7100,55,1
2026-01-15,000333,14:05:27,77.6800,90,2
2026-01-15,000333,14:05:30,77.6900,134,2
2026-01-15,000333,14:05:33,77.6900,39,2
2026-01-15,000333,14:05:36,77.6500,216,2
2026-01-15,000333,14:05:39,77.7000,356,1
2026-01-15,000333,14:05:42,77.6300,158,2
2026-01-15,000333,14:05:45,77.6300,37,2
2026-01-15,000333,14:05:48,77.6300,98,2
2026-01-15,000333,14:05:51,77.6800,34,1
2026-01-15,000333,14:05:54,77.6800,2,1
2026-01-15,000333,14:05:57,77.7300,282,1
2026-01-15,000333,14:06:00,77.7200,33,1
2026-01-15,000333,14:06:03,77.7000,90,2
2026-01-15,000333,14:06:06,77.7100,6,2
2026-01-15,000333,14:06:09,77.7200,21,1
2026-01-15,000333,14:06:12,77.7300,42,2
2026-01-15,000333,14:06:15,77.7300,87,1
2026-01-15,000333,14:06:18,77.7300,22,2
2026-01-15,000333,14:06:21,77.7300,39,2
2026-01-15,000333,14:06:24,77.7300,5,2
2026-01-15,000333,14:06:27,77.7300,56,2
2026-01-15,000333,14:06:30,77.7300,18,2
2026-01-15,000333,14:06:33,77.7300,12,2
2026-01-15,000333,14:06:36,77.7400,222,1
2026-01-15,000333,14:06:39,77.7300,46,2
2026-01-15,000333,14:06:42,77.7300,17,2
2026-01-15,000333,14:06:45,77.7300,150,2
2026-01-15,000333,10:56:03,77.6500,13,2
2026-01-15,000333,10:56:06,77.6500,1,1
2026-01-15,000333,10:56:09,77.6500,33,1
2026-01-15,000333,10:56:12,77.6500,1,2
2026-01-15,000333,10:56:15,77.6600,99,1
2026-01-15,000333,10:56:18,77.6700,107,1
2026-01-15,000333,10:56:21,77.7000,166,1
2026-01-15,000333,10:56:24,77.7200,50,1
2026-01-15,000333,10:56:27,77.7200,42,2
2026-01-15,000333,10:56:30,77.7200,11,2
2026-01-15,000333,10:56:33,77.7200,40,2
2026-01-15,000333,10:56:36,77.7000,27,2
2026-01-15,000333,10:56:39,77.6900,11,2
2026-01-15,000333,10:56:42,77.7000,35,2
2026-01-15,000333,10:56:45,77.7000,15,4
2026-01-15,000333,10:56:48,77.7000,10,2
2026-01-15,000333,10:56:51,77.7000,16,2
2026-01-15,000333,10:56:54,77.7000,9,2
2026-01-15,000333,10:56:57,77.7000,31,1
2026-01-15,000333,10:57:00,77.6800,44,2
2026-01-15,000333,10:57:03,77.6800,21,2
2026-01-15,000333,10:57:06,77.6800,20,2
2026-01-15,000333,10:57:09,77.6700,123,2
2026-01-15,000333,10:57:12,77.6700,11,2
2026-01-15,000333,10:57:15,77.6700,1,2
2026-01-15,000333,10:57:18,77.6700,32,2
2026-01-15,000333,10:57:21,77.6700,21,2
2026-01-15,000333,10:57:24,77.6700,12,2
2026-01-15,000333,10:57:27,77.6800,58,1
2026-01-15,000333,10:57:30,77.6700,19,2
2026-01-15,000333,10:57:33,77.6700,45,2
2026-01-15,000333,10:57:36,77.6700,10,2
2026-01-15,000333,10:57:42,77.6700,9,2
2026-01-15,000333,10:57:45,77.6700,28,2
2026-01-15,000333,10:57:48,77.6700,22,2
2026-01-15,000333,10:57:51,77.6700,11,2
2026-01-15,000333,10:57:54,77.6800,80,1
2026-01-15,000333,10:57:57,77.6800,14,2
2026-01-15,000333,10:58:00,77.6900,25,1
2026-01-15,000333,10:58:03,77.6900,71,1
2026-01-15,000333,10:58:06,77.7000,58,1
2026-01-15,000333,10:58:09,77.7100,2,1
2026-01-15,000333,10:58:12,77.7000,17,2
2026-01-15,000333,10:58:15,77.7000,7,1
2026-01-15,000333,10:58:18,77.7100,30,1
2026-01-15,000333,10:58:21,77.7000,18,2
2026-01-15,000333,10:58:24,77.7000,6,2
2026-01-15,000333,10:58:27,77.7000,21,2
2026-01-15,000333,10:58:30,77.7000,84,1
2026-01-15,000333,10:58:33,77.7200,119,1
2026-01-15,000333,10:58:36,77.7300,89,1
2026-01-15,000333,10:58:39,77.7300,33,1
2026-01-15,000333,10:58:42,77.7200,130,2
2026-01-15,000333,10:58:45,77.7300,11,1
2026-01-15,000333,10:58:48,77.7300,6,1
2026-01-15,000333,10:58:51,77.7300,15,1
2026-01-15,000333,10:58:54,77.7300,4,1
2026-01-15,000333,10:58:57,77.7300,2,1
2026-01-15,000333,10:59:00,77.7300,1,1
2026-01-15,000333,10:59:03,77.7200,9,2
2026-01-15,000333,10:59:06,77.7200,169,2
2026-01-15,000333,10:59:09,77.7200,34,2
2026-01-15,000333,10:59:12,77.7200,22,2
2026-01-15,000333,10:59:15,77.7300,227,1
2026-01-15,000333,10:59:18,77.7000,46,2
2026-01-15,000333,10:59:21,77.7200,34,1
2026-01-15,000333,10:59:24,77.7100,15,2
2026-01-15,000333,10:59:27,77.7000,13,2
2026-01-15,000333,10:59:30,77.7100,16,1
2026-01-15,000333,10:59:33,77.7100,19,1
2026-01-15,000333,10:59:36,77.7200,70,1
2026-01-15,000333,10:59:39,77.7200,1,1
2026-01-15,000333,10:59:42,77.7300,46,1
2026-01-15,000333,10:59:45,77.7400,29,1
2026-01-15,000333,10:59:48,77.7300,49,2
2026-01-15,000333,10:59:51,77.7400,16,1
2026-01-15,000333,10:59:54,77.7300,37,2
2026-01-15,000333,10:59:57,77.7300,25,2
2026-01-15,000333,11:00:00,77.7400,71,1
2026-01-15,000333,11:00:03,77.7400,63,1
2026-01-15,000333,11:00:06,77.7400,101,2
2026-01-15,000333,11:00:09,77.7400,49,1
2026-01-15,000333,11:00:12,77.7100,30,2
2026-01-15,000333,11:00:15,77.7200,5,4
2026-01-15,000333,11:00:18,77.7300,7,1
2026-01-15,000333,11:00:21,77.7300,13,1
2026-01-15,000333,11:00:24,77.7300,6,1
2026-01-15,000333,11:00:27,77.7200,14,2
2026-01-15,000333,11:00:30,77.7200,17,2
2026-01-15,000333,11:00:33,77.7200,15,2
2026-01-15,000333,11:00:36,77.7200,82,2
2026-01-15,000333,11:00:39,77.7200,112,2
2026-01-15,000333,11:00:42,77.7200,11,2
2026-01-15,000333,11:00:45,77.7300,36,1
2026-01-15,000333,11:00:48,77.7200,7,2
2026-01-15,000333,11:00:51,77.7300,26,1
2026-01-15,000333,11:00:54,77.7300,57,2
2026-01-15,000333,11:00:57,77.7400,2,1
2026-01-15,000333,11:01:00,77.7300,15,2
2026-01-15,000333,11:01:03,77.7400,56,1
2026-01-15,000333,11:01:06,77.7400,11,1
2026-01-15,000333,11:01:09,77.7400,46,1
2026-01-15,000333,11:01:12,77.7400,54,1
2026-01-15,000333,11:01:15,77.7400,38,1
2026-01-15,000333,11:01:18,77.7400,6,1
2026-01-15,000333,11:01:21,77.7300,52,2
2026-01-15,000333,11:01:24,77.7300,9,2
2026-01-15,000333,11:01:27,77.7300,39,2
2026-01-15,000333,11:01:30,77.7300,18,2
2026-01-15,000333,11:01:33,77.7200,152,2
2026-01-15,000333,11:01:36,77.7300,24,1
2026-01-15,000333,11:01:39,77.7200,32,2
2026-01-15,000333,11:01:42,77.7200,56,2
2026-01-15,000333,11:01:45,77.7200,16,2
2026-01-15,000333,11:01:48,77.7100,142,2
2026-01-15,000333,11:01:51,77.7200,40,1
2026-01-15,000333,11:01:54,77.7300,9,1
2026-01-15,000333,11:01:57,77.7300,33,1
2026-01-15,000333,11:02:00,77.7300,51,4
2026-01-15,000333,11:02:03,77.7200,23,2
2026-01-15,000333,11:02:06,77.7200,16,2
2026-01-15,000333,11:02:09,77.7200,38,2
2026-01-15,000333,11:02:12,77.7100,30,2
2026-01-15,000333,11:02:15,77.7100,141,2
2026-01-15,000333,11:02:18,77.7200,18,1
2026-01-15,000333,11:02:21,77.6900,542,2
2026-01-15,000333,11:02:24,77.6900,24,2
2026-01-15,000333,11:02:27,77.7000,28,1
2026-01-15,000333,11:02:30,77.7000,45,2
2026-01-15,000333,11:02:33,77.7000,15,2
2026-01-15,000333,11:02:36,77.7000,6,2
2026-01-15,000333,11:02:39,77.7000,14,2
2026-01-15,000333,11:02:42,77.7000,15,2
2026-01-15,000333,11:02:45,77.7000,8,2
2026-01-15,000333,11:02:48,77.7000,34,2
2026-01-15,000333,11:02:51,77.7000,154,2
2026-01-15,000333,11:02:54,77.7000,18,1
2026-01-15,000333,11:02:57,77.7000,44,2
2026-01-15,000333,11:03:00,77.6900,20,2
2026-01-15,000333,11:03:03,77.7000,68,1
2026-01-15,000333,11:03:06,77.7100,24,1
2026-01-15,000333,11:03:09,77.7100,107,1
2026-01-15,000333,11:03:12,77.7100,36,1
2026-01-15,000333,11:03:15,77.7300,113,1
2026-01-15,000333,11:03:18,77.7300,8,1
2026-01-15,000333,11:03:21,77.7400,173,1
2026-01-15,000333,11:03:24,77.7500,70,1
2026-01-15,000333,11:03:27,77.7500,154,1
2026-01-15,000333,11:03:30,77.7500,110,1
2026-01-15,000333,11:03:33,77.7100,608,2
2026-01-15,000333,11:03:36,77.7500,254,1
2026-01-15,000333,11:03:39,77.7200,40,2
2026-01-15,000333,11:03:42,77.7100,45,2
2026-01-15,000333,11:03:45,77.7100,37,2
2026-01-15,000333,11:03:48,77.7200,43,1
2026-01-15,000333,11:03:51,77.7200,19,1
2026-01-15,000333,11:03:54,77.7200,33,2
2026-01-15,000333,11:03:57,77.7300,15,1
2026-01-15,000333,11:04:00,77.7300,2,2
2026-01-15,000333,11:04:03,77.7300,1,2
2026-01-15,000333,11:04:06,77.7400,40,1
2026-01-15,000333,11:04:09,77.7400,7,2
2026-01-15,000333,11:04:12,77.7400,30,1
2026-01-15,000333,11:04:15,77.7500,128,1
2026-01-15,000333,11:04:18,77.7300,19,2
2026-01-15,000333,11:04:21,77.7600,78,1
2026-01-15,000333,11:04:24,77.7600,297,1
2026-01-15,000333,11:04:27,77.7700,20,1
2026-01-15,000333,11:04:30,77.7600,16,2
2026-01-15,000333,11:04:33,77.7600,136,2
2026-01-15,000333,11:04:36,77.7400,63,2
2026-01-15,000333,11:04:39,77.7700,13,1
2026-01-15,000333,11:04:42,77.7300,152,2
2026-01-15,000333,11:04:45,77.7400,18,1
2026-01-15,000333,11:04:48,77.7400,11,1
2026-01-15,000333,11:04:51,77.7400,34,4
2026-01-15,000333,11:04:54,77.7500,22,1
2026-01-15,000333,11:04:57,77.7500,67,1
2026-01-15,000333,11:05:00,77.7500,11,1
2026-01-15,000333,11:05:03,77.7400,9,2
2026-01-15,000333,11:05:06,77.7400,64,2
2026-01-15,000333,11:05:09,77.7500,13,1
2026-01-15,000333,11:05:12,77.7400,1,2
2026-01-15,000333,11:05:15,77.7400,22,2
2026-01-15,000333,11:05:18,77.7400,82,1
2026-01-15,000333,11:05:21,77.7400,10,2
2026-01-15,000333,11:05:24,77.7500,11,1
2026-01-15,000333,11:05:27,77.7500,48,1
2026-01-15,000333,11:05:30,77.7600,24,1
2026-01-15,000333,11:05:33,77.7500,17,2
2026-01-15,000333,11:05:36,77.7600,36,1
2026-01-15,000333,11:05:39,77.7700,43,1
2026-01-15,000333,11:05:42,77.7600,9,2
2026-01-15,000333,11:05:45,77.7800,322,1
2026-01-15,000333,11:05:48,77.7700,11,4
2026-01-15,000333,11:05:51,77.7700,8,4
2026-01-15,000333,11:05:54,77.7800,62,1
2026-01-15,000333,11:05:57,77.7600,165,2
2026-01-15,000333,11:06:00,77.7700,4,1
2026-01-15,000333,11:06:03,77.7400,142,2
2026-01-15,000333,11:06:06,77.7500,9,1
2026-01-15,000333,11:06:09,77.7400,3,4
2026-01-15,000333,11:06:12,77.7300,7,2
2026-01-15,000333,11:06:15,77.7300,2,2
2026-01-15,000333,11:06:18,77.7400,7,1
2026-01-15,000333,11:06:21,77.7400,255,1
2026-01-15,000333,11:06:24,77.7300,8,4
2026-01-15,000333,11:06:27,77.7400,122,1
2026-01-15,000333,11:06:30,77.7400,5,2
2026-01-15,000333,11:06:33,77.7400,3,2
2026-01-15,000333,11:06:36,77.7400,8,2
2026-01-15,000333,11:06:39,77.7400,21,2
2026-01-15,000333,11:06:42,77.7400,19,2
2026-01-15,000333,11:06:45,77.7400,9,2
2026-01-15,000333,11:06:48,77.7400,8,1
2026-01-15,000333,11:06:51,77.7400,34,2
2026-01-15,000333,11:06:54,77.7400,13,1
2026-01-15,000333,11:06:57,77.7300,21,2
2026-01-15,000333,11:07:00,77.7300,8,2
2026-01-15,000333,11:07:03,77.7300,49,2
2026-01-15,000333,11:07:06,77.7400,93,1
2026-01-15,000333,11:07:09,77.7400,52,2
2026-01-15,000333,11:07:12,77.7400,18,2
2026-01-15,000333,11:07:15,77.7300,61,2
2026-01-15,000333,11:07:18,77.7300,34,2
2026-01-15,000333,11:07:21,77.7300,1,2
2026-01-15,000333,11:07:24,77.7400,14,1
2026-01-15,000333,11:07:27,77.7300,10,2
2026-01-15,000333,11:07:30,77.7200,2,2
2026-01-15,000333,11:07:33,77.7300,2,1
2026-01-15,000333,11:07:36,77.7200,18,2
2026-01-15,000333,11:07:39,77.7300,14,1
2026-01-15,000333,11:07:42,77.7200,23,2
2026-01-15,000333,11:07:45,77.7200,4,2
2026-01-15,000333,11:07:48,77.7300,21,1
2026-01-15,000333,11:07:51,77.7200,8,2
2026-01-15,000333,11:07:54,77.7200,48,2
2026-01-15,000333,11:07:57,77.7200,32,2
2026-01-15,000333,11:08:00,77.7200,6,2
2026-01-15,000333,11:08:03,77.7300,8,1
2026-01-15,000333,11:08:06,77.7200,12,2
2026-01-15,000333,11:08:09,77.7200,45,2
2026-01-15,000333,11:08:12,77.7300,16,1
2026-01-15,000333,11:08:15,77.7200,26,2
2026-01-15,000333,11:08:18,77.7300,8,4
2026-01-15,000333,11:08:21,77.7400,12,1
2026-01-15,000333,11:08:24,77.7400,35,1
2026-01-15,000333,11:08:27,77.7300,3,2
2026-01-15,000333,11:08:30,77.7300,45,2
2026-01-15,000333,11:08:33,77.7300,44,2
2026-01-15,000333,11:08:36,77.7300,45,2
2026-01-15,000333,11:08:39,77.7400,62,1
2026-01-15,000333,11:08:42,77.7400,34,2
2026-01-15,000333,11:08:45,77.7400,16,2
2026-01-15,000333,11:08:48,77.7400,3,2
2026-01-15,000333,11:08:51,77.7500,22,1
2026-01-15,000333,11:08:54,77.7600,28,1
2026-01-15,000333,11:08:57,77.7500,17,2
2026-01-15,000333,11:09:00,77.7600,149,1
2026-01-15,000333,11:09:03,77.7700,46,1
2026-01-15,000333,11:09:06,77.7600,34,2
2026-01-15,000333,11:09:09,77.7700,124,1
2026-01-15,000333,11:09:12,77.7700,15,2
2026-01-15,000333,11:09:15,77.7800,126,1
2026-01-15,000333,11:09:18,77.7800,80,1
2026-01-15,000333,11:09:21,77.7900,50,1
2026-01-15,000333,11:09:24,77.7900,9,1
2026-01-15,000333,11:09:27,77.7900,150,1
2026-01-15,000333,11:09:30,77.8000,123,1
2026-01-15,000333,11:09:33,77.7900,34,2
2026-01-15,000333,11:09:36,77.8000,385,1
2026-01-15,000333,11:09:39,77.8000,19,1
2026-01-15,000333,11:09:42,77.8000,11,2
2026-01-15,000333,11:09:45,77.7900,19,2
2026-01-15,000333,11:09:48,77.8000,39,1
2026-01-15,000333,11:09:51,77.8100,25,1
2026-01-15,000333,11:09:54,77.8100,13,1
2026-01-15,000333,11:09:57,77.8100,81,1
2026-01-15,000333,11:10:00,77.8000,33,2
2026-01-15,000333,11:10:03,77.7900,68,2
2026-01-15,000333,11:10:06,77.8000,25,1
2026-01-15,000333,11:10:09,77.8000,121,2
2026-01-15,000333,11:10:12,77.7700,310,2
2026-01-15,000333,11:10:15,77.7800,192,1
2026-01-15,000333,11:10:18,77.7600,52,2
2026-01-15,000333,11:10:21,77.7700,30,4
2026-01-15,000333,11:10:24,77.7600,21,2
2026-01-15,000333,11:10:27,77.7600,275,2
2026-01-15,000333,11:10:30,77.7700,34,1
2026-01-15,000333,11:10:33,77.7400,9,2
2026-01-15,000333,11:10:36,77.7400,10,2
2026-01-15,000333,11:10:39,77.7400,141,2
2026-01-15,000333,11:10:42,77.7300,10,2
2026-01-15,000333,11:10:45,77.7100,320,2
2026-01-15,000333,11:10:48,77.7400,255,1
2026-01-15,000333,11:10:51,77.7100,43,2
2026-01-15,000333,11:10:54,77.7100,13,2
2026-01-15,000333,11:10:57,77.7100,4,2
2026-01-15,000333,11:11:00,77.7100,4,2
2026-01-15,000333,11:11:03,77.7100,11,2
2026-01-15,000333,11:11:06,77.7200,54,2
2026-01-15,000333,11:11:09,77.7200,3,2
2026-01-15,000333,11:11:12,77.7200,6,2
2026-01-15,000333,11:11:15,77.7200,9,2
2026-01-15,000333,11:11:18,77.7200,3,2
2026-01-15,000333,11:11:21,77.7200,11,2
2026-01-15,000333,11:11:24,77.7200,18,2
2026-01-15,000333,11:11:27,77.7200,12,2
2026-01-15,000333,11:11:30,77.7200,40,2
2026-01-15,000333,11:11:33,77.7200,84,2
2026-01-15,000333,11:11:36,77.7200,85,1
2026-01-15,000333,11:11:39,77.7200,13,2
2026-01-15,000333,11:11:42,77.7200,39,2
2026-01-15,000333,11:11:45,77.7300,118,1
2026-01-15,000333,11:11:48,77.7300,21,1
2026-01-15,000333,11:11:51,77.7100,51,2
2026-01-15,000333,11:11:54,77.7200,38,4
2026-01-15,000333,11:11:57,77.7200,9,2
2026-01-15,000333,11:12:00,77.7000,25,2
2026-01-15,000333,11:12:03,77.7000,20,2
2026-01-15,000333,11:12:06,77.7100,4,2
2026-01-15,000333,11:12:09,77.7100,25,1
2026-01-15,000333,11:12:12,77.7100,6,2
2026-01-15,000333,11:12:15,77.7000,14,2
2026-01-15,000333,11:12:18,77.7000,58,2
2026-01-15,000333,11:12:21,77.7100,2,1
2026-01-15,000333,11:12:24,77.7000,37,2
2026-01-15,000333,11:12:27,77.7000,43,2
2026-01-15,000333,11:12:30,77.7000,30,2
2026-01-15,000333,11:12:33,77.6900,73,2
2026-01-15,000333,11:12:36,77.7000,22,1
2026-01-15,000333,11:12:39,77.7000,16,2
2026-01-15,000333,11:12:42,77.7000,21,2
2026-01-15,000333,11:12:45,77.7000,10,2
2026-01-15,000333,11:12:48,77.7000,31,2
2026-01-15,000333,11:12:51,77.7000,26,2
2026-01-15,000333,11:12:54,77.7100,31,1
2026-01-15,000333,11:12:57,77.7000,7,1
2026-01-15,000333,11:13:00,77.6900,31,2
2026-01-15,000333,11:13:03,77.6900,152,2
2026-01-15,000333,11:13:06,77.6800,75,2
2026-01-15,000333,11:13:09,77.6900,52,1
2026-01-15,000333,11:13:12,77.6900,33,2
2026-01-15,000333,11:13:15,77.7000,17,1
2026-01-15,000333,11:13:18,77.6900,22,2
2026-01-15,000333,11:13:21,77.6900,13,2
2026-01-15,000333,11:13:24,77.6800,19,2
2026-01-15,000333,11:13:27,77.6800,10,2
2026-01-15,000333,11:13:30,77.6800,20,2
2026-01-15,000333,11:13:33,77.6800,17,2
2026-01-15,000333,11:13:36,77.7000,37,1
2026-01-15,000333,11:13:39,77.6900,3,4
2026-01-15,000333,11:13:42,77.6800,4,2
2026-01-15,000333,11:13:45,77.6800,2,2
2026-01-15,000333,11:13:48,77.6800,31,2
2026-01-15,000333,11:13:51,77.6800,21,2
2026-01-15,000333,11:13:54,77.6900,6,1
2026-01-15,000333,11:13:57,77.6900,32,1
2026-01-15,000333,11:14:00,77.6800,33,2
2026-01-15,000333,11:14:03,77.6900,62,1
2026-01-15,000333,11:14:06,77.6800,10,2
2026-01-15,000333,11:14:09,77.6800,107,2
2026-01-15,000333,11:14:12,77.6900,79,4
2026-01-15,000333,11:14:15,77.6900,4,2
2026-01-15,000333,11:14:18,77.6800,236,2
2026-01-15,000333,11:14:21,77.6700,185,2
2026-01-15,000333,11:14:24,77.6900,41,1
2026-01-15,000333,11:14:27,77.7000,44,1
2026-01-15,000333,11:14:30,77.6900,75,2
2026-01-15,000333,11:14:33,77.6900,38,2
2026-01-15,000333,11:14:36,77.7000,20,2
2026-01-15,000333,11:14:39,77.7000,23,2
2026-01-15,000333,11:14:42,77.6800,126,2
2026-01-15,000333,11:14:45,77.6900,56,2
2026-01-15,000333,11:14:48,77.6900,21,1
2026-01-15,000333,11:14:51,77.7000,77,1
2026-01-15,000333,11:14:54,77.6700,78,2
2026-01-15,000333,11:14:57,77.6800,26,1
2026-01-15,000333,11:15:00,77.6700,4,2
2026-01-15,000333,11:15:03,77.6600,28,2
2026-01-15,000333,11:15:06,77.6600,10,2
2026-01-15,000333,11:15:09,77.6700,57,1
2026-01-15,000333,11:15:12,77.6700,30,2
2026-01-15,000333,11:15:15,77.6700,61,2
2026-01-15,000333,11:15:18,77.6700,151,2
2026-01-15,000333,11:15:21,77.6700,6,2
2026-01-15,000333,11:15:24,77.6600,12,2
2026-01-15,000333,11:15:27,77.6600,108,2
2026-01-15,000333,11:15:30,77.6700,49,1
2026-01-15,000333,11:15:33,77.6700,53,1
2026-01-15,000333,11:15:36,77.6700,24,1
2026-01-15,000333,11:15:39,77.6600,32,2
2026-01-15,000333,11:15:42,77.6600,45,2
2026-01-15,000333,11:15:45,77.6600,3,2
2026-01-15,000333,11:15:48,77.6600,58,2
2026-01-15,000333,11:15:51,77.6500,10,2
2026-01-15,000333,11:15:54,77.6700,46,1
2026-01-15,000333,11:15:57,77.6600,46,2
2026-01-15,000333,11:16:00,77.6500,36,2
2026-01-15,000333,11:16:03,77.6500,7,2
2026-01-15,000333,11:16:06,77.6500,24,2
2026-01-15,000333,11:16:09,77.6500,102,2
2026-01-15,000333,11:16:12,77.6500,36,2
2026-01-15,000333,11:16:15,77.6600,63,1
2026-01-15,000333,11:16:18,77.6500,26,2
2026-01-15,000333,11:16:21,77.6800,52,1
2026-01-15,000333,11:16:24,77.6700,28,2
2026-01-15,000333,11:16:27,77.6900,78,1
2026-01-15,000333,11:16:30,77.7200,61,1
2026-01-15,000333,11:16:33,77.7100,154,2
2026-01-15,000333,11:16:36,77.7100,4,1
2026-01-15,000333,11:16:39,77.7000,38,2
2026-01-15,000333,11:16:42,77.7200,129,1
2026-01-15,000333,11:16:45,77.7100,7,2
2026-01-15,000333,11:16:48,77.7100,116,2
2026-01-15,000333,11:16:51,77.7100,14,2
2026-01-15,000333,11:16:54,77.7200,56,1
2026-01-15,000333,11:16:57,77.7300,194,1
2026-01-15,000333,11:17:00,77.6800,133,2
2026-01-15,000333,11:17:03,77.7200,124,1
2026-01-15,000333,11:17:06,77.7200,14,1
2026-01-15,000333,11:17:09,77.7200,11,1
2026-01-15,000333,11:17:12,77.6800,10,2
2026-01-15,000333,11:17:15,77.6800,24,2
2026-01-15,000333,11:17:18,77.6900,21,2
2026-01-15,000333,11:17:21,77.7100,12,1
2026-01-15,000333,11:17:24,77.7100,10,1
2026-01-15,000333,11:17:27,77.6900,5,2
2026-01-15,000333,11:17:30,77.7000,21,1
2026-01-15,000333,11:17:33,77.6800,18,2
2026-01-15,000333,11:17:36,77.6900,18,1
2026-01-15,000333,11:17:39,77.6800,77,2
2026-01-15,000333,11:17:42,77.6600,89,2
2026-01-15,000333,11:17:45,77.6300,1309,2
2026-01-15,000333,11:17:48,77.5800,41,2
2026-01-15,000333,11:17:51,77.5900,321,2
2026-01-15,000333,11:17:54,77.6100,35,1
2026-01-15,000333,11:17:57,77.6100,8,1
2026-01-15,000333,11:18:00,77.6200,28,1
2026-01-15,000333,11:18:03,77.6200,26,2
2026-01-15,000333,11:18:06,77.6200,34,2
2026-01-15,000333,11:18:09,77.6200,13,2
2026-01-15,000333,11:18:12,77.6200,5,2
2026-01-15,000333,11:18:15,77.6200,288,2
2026-01-15,000333,11:18:18,77.6200,10,1
2026-01-15,000333,11:18:21,77.6300,23,1
2026-01-15,000333,11:18:24,77.6200,203,2
2026-01-15,000333,11:18:27,77.6500,7,4
2026-01-15,000333,11:18:30,77.6500,39,2
2026-01-15,000333,11:18:33,77.6500,38,2
2026-01-15,000333,11:18:39,77.6700,170,1
2026-01-15,000333,11:18:42,77.6500,23,2
2026-01-15,000333,11:18:45,77.6600,11,4
2026-01-15,000333,11:18:51,77.6600,4,2
2026-01-15,000333,11:18:54,77.6600,7,2
2026-01-15,000333,11:18:57,77.6700,11,1
2026-01-15,000333,11:19:00,77.6700,12,1
2026-01-15,000333,11:19:03,77.6700,30,1
2026-01-15,000333,11:19:06,77.6700,10,2
2026-01-15,000333,11:19:09,77.6700,14,2
2026-01-15,000333,11:19:12,77.6700,113,2
2026-01-15,000333,11:19:15,77.6800,26,1
2026-01-15,000333,11:19:18,77.6700,22,2
2026-01-15,000333,11:19:21,77.6700,8,2
2026-01-15,000333,11:19:24,77.6700,17,1
2026-01-15,000333,11:19:27,77.6800,70,1
2026-01-15,000333,11:19:30,77.6900,73,1
2026-01-15,000333,11:19:33,77.7000,43,1
2026-01-15,000333,11:19:36,77.7100,24,1
2026-01-15,000333,11:19:39,77.7000,59,2
2026-01-15,000333,11:19:42,77.7100,52,1
2026-01-15,000333,11:19:45,77.6900,9,2
2026-01-15,000333,11:19:51,77.7000,6,1
2026-01-15,000333,11:19:54,77.6900,3,2
2026-01-15,000333,11:20:00,77.7000,1,1
2026-01-15,000333,11:20:03,77.6900,22,2
2026-01-15,000333,11:20:06,77.7000,35,1
2026-01-15,000333,11:20:09,77.7000,20,2
2026-01-15,000333,11:20:12,77.6900,61,2
2026-01-15,000333,11:20:15,77.7100,76,1
2026-01-15,000333,11:20:18,77.7200,8,1
2026-01-15,000333,11:20:21,77.7200,32,1
2026-01-15,000333,11:20:24,77.7100,125,2
2026-01-15,000333,11:20:27,77.7000,183,2
2026-01-15,000333,11:20:30,77.7100,1,1
2026-01-15,000333,11:20:33,77.7000,11,2
2026-01-15,000333,11:20:36,77.7100,4,1
2026-01-15,000333,11:20:39,77.7000,22,2
2026-01-15,000333,11:20:42,77.7000,6,2
2026-01-15,000333,11:20:48,77.7000,13,2
2026-01-15,000333,11:20:51,77.7100,24,1
