date,code,time,price,volume,bs
2026-03-25,601318,14:06:39,58.7300,51,1
2026-03-25,601318,14:06:42,58.7300,48,1
2026-03-25,601318,14:06:45,58.7200,38,2
2026-03-25,601318,14:06:48,58.7400,298,1
2026-03-25,601318,14:06:51,58.7500,83,1
2026-03-25,601318,14:06:54,58.7500,53,1
2026-03-25,601318,14:06:57,58.7600,47,1
2026-03-25,601318,14:07:00,58.7600,5,1
2026-03-25,601318,14:07:03,58.7800,301,1
2026-03-25,601318,14:07:06,58.7800,48,1
2026-03-25,601318,14:07:09,58.7900,155,1
2026-03-25,601318,14:07:12,58.8000,1,1
2026-03-25,601318,14:07:15,58.8000,43,1
2026-03-25,601318,14:07:18,58.7900,16,2
2026-03-25,601318,14:07:21,58.8000,5,1
2026-03-25,601318,14:07:24,58.8000,13,1
2026-03-25,601318,14:07:27,58.8100,123,1
2026-03-25,601318,14:07:30,58.8100,15,1
2026-03-25,601318,14:07:33,58.8000,13,4
2026-03-25,601318,14:07:36,58.8000,5,4
2026-03-25,601318,14:07:39,58.8000,10,1
2026-03-25,601318,14:07:42,58.7900,106,2
2026-03-25,601318,14:07:45,58.7900,34,2
2026-03-25,601318,14:07:48,58.8100,231,1
2026-03-25,601318,14:07:51,58.8000,5,2
2026-03-25,601318,14:07:54,58.8000,10,1
2026-03-25,601318,14:07:57,58.7900,69,2
2026-03-25,601318,14:08:00,58.8000,20,1
2026-03-25,601318,14:08:03,58.7900,31,2
2026-03-25,601318,14:08:06,58.8000,53,1
2026-03-25,601318,14:08:09,58.8000,70,1
2026-03-25,601318,14:08:12,58.7900,5,2
2026-03-25,601318,14:08:15,58.7900,32,2
2026-03-25,601318,14:08:18,58.7900,4,2
2026-03-25,601318,14:08:21,58.7900,38,2
2026-03-25,601318,14:08:24,58.7900,24,1
2026-03-25,601318,14:08:27,58.7800,34,2
2026-03-25,601318,14:08:30,58.7900,79,1
2026-03-25,601318,14:08:33,58.7900,34,1
2026-03-25,601318,14:08:36,58.7900,11,1
2026-03-25,601318,14:08:39,58.7800,42,2
2026-03-25,601318,14:08:42,58.7900,390,1
2026-03-25,601318,14:08:45,58.7900,375,1
2026-03-25,601318,14:08:48,58.7800,86,2
2026-03-25,601318,14:08:51,58.7800,35,1
2026-03-25,601318,14:08:54,58.7700,3,2
2026-03-25,601318,14:08:57,58.7800,1,1
2026-03-25,601318,14:09:00,58.7700,16,2
2026-03-25,601318,14:09:03,58.7800,78,1
2026-03-25,601318,14:09:06,58.7800,8,1
2026-03-25,601318,14:09:09,58.7700,32,2
2026-03-25,601318,14:09:12,58.7700,142,2
2026-03-25,601318,14:09:15,58.7700,52,1
2026-03-25,601318,14:09:18,58.7700,102,2
2026-03-25,601318,14:09:21,58.7800,1,1
2026-03-25,601318,14:09:24,58.7700,43,2
2026-03-25,601318,14:09:27,58.7700,10,2
2026-03-25,601318,14:09:30,58.7800,362,1
2026-03-25,601318,14:09:33,58.7800,14,2
2026-03-25,601318,14:09:36,58.7800,2,2
2026-03-25,601318,14:09:39,58.7900,65,1
2026-03-25,601318,14:09:42,58.7900,7,2
2026-03-25,601318,14:09:45,58.8000,78,1
2026-03-25,601318,14:09:48,58.7800,233,2
2026-03-25,601318,14:09:51,58.7900,41,2
2026-03-25,601318,14:09:54,58.7900,5,2
2026-03-25,601318,14:10:00,58.8000,48,1
2026-03-25,601318,14:10:03,58.8000,80,1
2026-03-25,601318,14:10:06,58.7900,33,2
2026-03-25,601318,14:10:09,58.8000,54,1
2026-03-25,601318,14:10:12,58.8000,28,2
2026-03-25,601318,14:10:18,58.7900,17,2
2026-03-25,601318,14:10:21,58.8000,129,1
2026-03-25,601318,14:10:24,58.8100,14,1
2026-03-25,601318,14:10:27,58.8000,87,2
2026-03-25,601318,14:10:30,58.8000,18,2
2026-03-25,601318,14:10:33,58.8100,17,1
2026-03-25,601318,14:10:36,58.8000,21,2
2026-03-25,601318,14:10:39,58.8100,6,1
2026-03-25,601318,14:10:42,58.8100,75,1
2026-03-25,601318,14:10:45,58.8100,23,1
2026-03-25,601318,14:10:48,58.7900,326,2
2026-03-25,601318,14:10:51,58.8000,97,1
2026-03-25,601318,14:10:54,58.8000,12,2
2026-03-25,601318,14:10:57,58.8000,47,2
2026-03-25,601318,14:11:00,58.8000,16,2
2026-03-25,601318,14:11:03,58.8100,55,1
2026-03-25,601318,14:11:06,58.8000,57,2
2026-03-25,601318,14:11:09,58.7900,85,2
2026-03-25,601318,14:11:12,58.7800,231,2
2026-03-25,601318,14:11:15,58.7900,13,2
2026-03-25,601318,14:11:18,58.7900,15,2
2026-03-25,601318,14:11:21,58.7800,34,2
2026-03-25,601318,14:11:24,58.7900,21,1
2026-03-25,601318,14:11:27,58.8000,249,1
2026-03-25,601318,14:11:30,58.7900,35,4
2026-03-25,601318,14:11:33,58.8100,479,1
2026-03-25,601318,14:11:36,58.8000,142,2
2026-03-25,601318,14:11:39,58.8100,23,2
2026-03-25,601318,14:11:42,58.8000,6,2
2026-03-25,601318,14:11:45,58.8100,6,1
2026-03-25,601318,14:11:48,58.8100,90,1
2026-03-25,601318,14:11:51,58.8100,19,1
2026-03-25,601318,14:11:54,58.8100,20,1
2026-03-25,601318,14:11:57,58.8100,45,1
2026-03-25,601318,14:12:00,58.8000,10,2
2026-03-25,601318,14:12:03,58.8000,8,2
2026-03-25,601318,14:12:06,58.7900,24,2
2026-03-25,601318,14:12:09,58.8000,14,1
2026-03-25,601318,14:12:12,58.8000,24,1
2026-03-25,601318,14:12:15,58.7900,44,2
2026-03-25,601318,14:12:18,58.8200,354,1
2026-03-25,601318,14:12:21,58.8200,50,1
2026-03-25,601318,14:12:24,58.8100,30,2
2026-03-25,601318,14:12:27,58.8200,113,1
2026-03-25,601318,14:12:30,58.8200,22,1
2026-03-25,601318,14:12:33,58.7800,411,2
2026-03-25,601318,14:12:36,58.8000,32,1
2026-03-25,601318,14:12:39,58.8000,6,1
2026-03-25,601318,14:12:42,58.8000,12,1
2026-03-25,601318,14:12:45,58.7900,1,2
2026-03-25,601318,14:12:48,58.8000,2,1
2026-03-25,601318,14:12:51,58.7900,164,2
2026-03-25,601318,14:12:54,58.8000,13,1
2026-03-25,601318,14:12:57,58.7700,335,2
2026-03-25,601318,14:13:00,58.7800,115,1
2026-03-25,601318,14:13:03,58.8000,309,1
2026-03-25,601318,14:13:06,58.7900,131,2
2026-03-25,601318,14:13:09,58.8000,137,1
2026-03-25,601318,14:13:12,58.8000,187,2
2026-03-25,601318,14:13:15,58.7900,13,2
2026-03-25,601318,14:13:18,58.7800,2,4
2026-03-25,601318,14:13:21,58.7800,26,4
2026-03-25,601318,14:13:27,58.7900,43,1
2026-03-25,601318,14:13:30,58.7800,38,2
2026-03-25,601318,14:13:33,58.7700,31,2
2026-03-25,601318,14:13:36,58.7700,69,1
2026-03-25,601318,14:13:39,58.7700,74,2
2026-03-25,601318,14:13:42,58.7700,26,2
2026-03-25,601318,14:13:45,58.7600,129,2
2026-03-25,601318,14:13:48,58.7600,18,2
2026-03-25,601318,14:13:51,58.7600,25,2
2026-03-25,601318,14:13:54,58.7600,154,2
2026-03-25,601318,14:13:57,58.7500,143,2
2026-03-25,601318,14:14:00,58.7600,95,1
2026-03-25,601318,14:14:03,58.7600,41,2
2026-03-25,601318,14:14:06,58.7600,28,2
2026-03-25,601318,14:14:09,58.7700,28,1
2026-03-25,601318,14:14:12,58.7600,8,2
2026-03-25,601318,14:14:15,58.7900,401,1
2026-03-25,601318,14:14:18,58.7900,555,2
2026-03-25,601318,14:14:21,58.7700,22,2
2026-03-25,601318,14:14:24,58.7900,28,1
2026-03-25,601318,14:14:27,58.7800,4,2
2026-03-25,601318,14:14:30,58.7700,56,2
2026-03-25,601318,14:14:33,58.7800,17,1
2026-03-25,601318,14:14:36,58.7700,28,2
2026-03-25,601318,14:14:39,58.7600,125,2
2026-03-25,601318,14:14:42,58.7500,58,2
2026-03-25,601318,14:14:45,58.7500,45,2
2026-03-25,601318,14:14:48,58.7500,30,2
2026-03-25,601318,14:14:51,58.7500,54,2
2026-03-25,601318,14:14:54,58.7600,36,1
2026-03-25,601318,14:14:57,58.7500,1,2
2026-03-25,601318,14:15:00,58.7500,491,2
2026-03-25,601318,14:15:03,58.7400,29,2
2026-03-25,601318,14:15:06,58.7400,20,2
2026-03-25,601318,14:15:09,58.7400,22,2
2026-03-25,601318,14:15:12,58.7400,21,2
2026-03-25,601318,14:15:15,58.7400,52,2
2026-03-25,601318,14:15:18,58.7400,33,2
2026-03-25,601318,14:15:21,58.7600,608,1
2026-03-25,601318,14:15:24,58.7500,64,2
2026-03-25,601318,14:15:33,58.7700,19,2
2026-03-25,601318,14:15:36,58.7900,72,1
2026-03-25,601318,14:15:39,58.7900,36,1
2026-03-25,601318,14:15:42,58.7800,24,2
2026-03-25,601318,14:15:45,58.7900,15,4
2026-03-25,601318,14:15:48,58.7900,17,1
2026-03-25,601318,14:15:51,58.7800,14,2
2026-03-25,601318,14:15:54,58.7700,4,2
2026-03-25,601318,14:15:57,58.7700,1,2
2026-03-25,601318,14:16:00,58.7700,196,2
2026-03-25,601318,14:16:03,58.7800,93,1
2026-03-25,601318,14:16:06,58.7800,6,2
2026-03-25,601318,14:16:09,58.7800,6,1
2026-03-25,601318,14:16:12,58.7700,36,2
2026-03-25,601318,14:16:15,58.7600,106,2
2026-03-25,601318,14:16:18,58.7600,46,1
2026-03-25,601318,14:16:21,58.7800,38,1
2026-03-25,601318,14:16:24,58.8000,203,1
2026-03-25,601318,14:16:27,58.7800,201,2
2026-03-25,601318,14:16:30,58.7900,1,4
2026-03-25,601318,14:16:33,58.8000,72,1
2026-03-25,601318,14:16:36,58.7900,17,2
2026-03-25,601318,14:16:39,58.7900,68,1
2026-03-25,601318,14:16:42,58.7900,5,1
2026-03-25,601318,14:16:45,58.7800,13,2
2026-03-25,601318,14:16:48,58.7800,16,2
2026-03-25,601318,14:16:51,58.7900,7,1
2026-03-25,601318,14:16:54,58.7900,3,1
2026-03-25,601318,14:16:57,58.7900,108,1
2026-03-25,601318,14:17:00,58.7800,2,2
2026-03-25,601318,14:17:03,58.8000,223,1
2026-03-25,601318,14:17:06,58.8000,36,2
2026-03-25,601318,14:17:09,58.8000,91,2
2026-03-25,601318,14:17:12,58.8000,5,1
2026-03-25,601318,14:17:15,58.8000,1,1
2026-03-25,601318,14:17:18,58.8000,74,1
2026-03-25,601318,14:17:21,58.8000,17,1
2026-03-25,601318,14:17:24,58.7900,23,2
2026-03-25,601318,14:17:27,58.7900,1,2
2026-03-25,601318,14:17:30,58.8000,1,1
2026-03-25,601318,14:17:33,58.8000,3,1
2026-03-25,601318,14:17:36,58.7900,91,2
2026-03-25,601318,14:17:39,58.7900,23,2
2026-03-25,601318,14:17:42,58.7900,39,2
2026-03-25,601318,14:17:45,58.8200,421,1
2026-03-25,601318,14:17:48,58.8100,5,2
2026-03-25,601318,14:17:51,58.8000,9,2
2026-03-25,601318,14:17:54,58.8000,39,2
2026-03-25,601318,14:17:57,58.7900,69,2
2026-03-25,601318,14:18:00,58.8000,101,1
2026-03-25,601318,14:18:03,58.8100,10,1
2026-03-25,601318,14:18:06,58.8100,60,1
2026-03-25,601318,14:18:09,58.8000,26,2
2026-03-25,601318,14:18:12,58.8000,14,2
2026-03-25,601318,14:18:15,58.8000,21,2
2026-03-25,601318,14:18:18,58.8000,22,1
2026-03-25,601318,14:18:21,58.8000,33,1
2026-03-25,601318,14:18:24,58.7900,66,2
2026-03-25,601318,14:18:27,58.8000,20,1
2026-03-25,601318,14:18:30,58.8000,30,1
2026-03-25,601318,14:18:33,58.7900,36,2
2026-03-25,601318,14:18:36,58.7800,26,2
2026-03-25,601318,14:18:39,58.7900,18,1
2026-03-25,601318,14:18:42,58.7900,55,1
2026-03-25,601318,14:18:45,58.7900,3,1
2026-03-25,601318,14:18:48,58.7900,203,1
2026-03-25,601318,14:18:51,58.7900,310,4
2026-03-25,601318,14:18:54,58.8000,33,2
2026-03-25,601318,14:18:57,58.8100,22,1
2026-03-25,601318,14:19:00,58.8100,17,1
2026-03-25,601318,14:19:03,58.8100,16,1
2026-03-25,601318,14:19:06,58.8100,2,1
2026-03-25,601318,14:19:09,58.8100,11,1
2026-03-25,601318,14:19:15,58.8000,17,2
2026-03-25,601318,14:19:18,58.8000,18,2
2026-03-25,601318,14:19:21,58.8000,21,2
2026-03-25,601318,14:19:24,58.8000,42,2
2026-03-25,601318,14:19:27,58.8100,119,1
2026-03-25,601318,14:19:30,58.8000,41,2
2026-03-25,601318,14:19:33,58.8100,108,1
2026-03-25,601318,14:19:36,58.8000,9,2
2026-03-25,601318,14:19:39,58.8000,15,2
2026-03-25,601318,14:19:42,58.8000,60,1
2026-03-25,601318,14:19:45,58.8000,10,2
2026-03-25,601318,14:19:48,58.8000,7,1
2026-03-25,601318,14:19:51,58.8100,49,1
2026-03-25,601318,14:19:54,58.8200,314,1
2026-03-25,601318,14:19:57,58.8200,101,1
2026-03-25,601318,14:20:00,58.8100,31,2
2026-03-25,601318,14:20:03,58.8000,44,2
2026-03-25,601318,14:20:06,58.8100,27,1
2026-03-25,601318,14:20:09,58.8100,20,1
2026-03-25,601318,14:20:12,58.8000,3,2
2026-03-25,601318,14:20:15,58.8100,49,1
2026-03-25,601318,14:20:18,58.8200,51,1
2026-03-25,601318,14:20:21,58.8200,126,1
2026-03-25,601318,14:20:24,58.8200,23,1
2026-03-25,601318,14:20:27,58.8100,58,2
2026-03-25,601318,14:20:30,58.8200,18,1
2026-03-25,601318,14:20:33,58.8100,35,4
2026-03-25,601318,14:20:36,58.8100,38,2
2026-03-25,601318,14:20:39,58.8100,8,1
2026-03-25,601318,14:20:42,58.8100,14,1
2026-03-25,601318,14:20:45,58.8100,5,1
2026-03-25,601318,14:20:48,58.8100,102,1
2026-03-25,601318,14:20:51,58.8000,14,2
2026-03-25,601318,14:20:54,58.8100,41,1
2026-03-25,601318,14:20:57,58.8000,25,2
2026-03-25,601318,14:21:00,58.8000,38,2
2026-03-25,601318,14:21:03,58.8000,187,2
2026-03-25,601318,14:21:06,58.8200,511,1
2026-03-25,601318,14:21:09,58.8200,70,1
2026-03-25,601318,14:21:12,58.8200,39,1
2026-03-25,601318,14:21:15,58.8100,5,2
2026-03-25,601318,14:21:18,58.8100,4,2
2026-03-25,601318,14:21:21,58.8100,25,2
2026-03-25,601318,14:21:24,58.8300,556,1
2026-03-25,601318,14:21:27,58.8300,2,2
2026-03-25,601318,14:21:30,58.8300,85,2
2026-03-25,601318,14:21:33,58.8400,18,1
2026-03-25,601318,14:21:36,58.8300,11,2
2026-03-25,601318,14:21:39,58.8300,9,2
2026-03-25,601318,14:21:42,58.8300,18,1
2026-03-25,601318,14:21:45,58.8200,21,2
2026-03-25,601318,14:21:48,58.8200,7,2
2026-03-25,601318,14:21:51,58.8300,57,1
2026-03-25,601318,14:21:54,58.8200,5,2
2026-03-25,601318,14:21:57,58.8200,18,2
2026-03-25,601318,14:22:00,58.8300,85,1
2026-03-25,601318,14:22:03,58.8200,92,2
2026-03-25,601318,14:22:06,58.8200,56,2
2026-03-25,601318,14:22:09,58.8100,8,2
2026-03-25,601318,14:22:12,58.8100,121,2
2026-03-25,601318,14:22:15,58.8100,46,4
2026-03-25,601318,14:22:18,58.8000,103,2
2026-03-25,601318,14:22:21,58.8000,31,1
2026-03-25,601318,14:22:24,58.7900,391,2
2026-03-25,601318,14:22:27,58.7800,54,2
2026-03-25,601318,14:22:30,58.7800,51,2
2026-03-25,601318,14:22:33,58.7800,38,2
2026-03-25,601318,14:22:36,58.7800,65,2
2026-03-25,601318,14:22:39,58.7900,37,1
2026-03-25,601318,14:22:42,58.7800,12,2
2026-03-25,601318,14:22:45,58.7800,22,2
2026-03-25,601318,14:22:48,58.7800,43,2
2026-03-25,601318,14:22:51,58.7800,58,2
2026-03-25,601318,14:22:54,58.7700,66,2
2026-03-25,601318,14:22:57,58.7700,86,2
2026-03-25,601318,14:23:00,58.7800,98,1
2026-03-25,601318,14:23:03,58.7900,129,1
2026-03-25,601318,14:23:06,58.8000,233,1
2026-03-25,601318,14:23:09,58.8000,57,1
2026-03-25,601318,14:23:12,58.8000,12,1
2026-03-25,601318,14:23:15,58.8000,63,1
2026-03-25,601318,14:23:18,58.8000,31,1
2026-03-25,601318,14:23:21,58.7900,54,2
2026-03-25,601318,14:23:24,58.8200,172,1
2026-03-25,601318,14:23:27,58.8100,22,4
2026-03-25,601318,14:23:30,58.8000,6,2
2026-03-25,601318,14:23:33,58.8000,42,2
2026-03-25,601318,14:23:36,58.8000,2,2
2026-03-25,601318,14:23:39,58.7900,175,2
2026-03-25,601318,14:23:42,58.8000,5,2
2026-03-25,601318,14:23:45,58.8000,53,2
2026-03-25,601318,14:23:48,58.8000,72,2
2026-03-25,601318,14:23:51,58.7900,41,2
2026-03-25,601318,14:23:54,58.7800,19,2
2026-03-25,601318,14:23:57,58.7800,29,2
2026-03-25,601318,14:24:00,58.7800,27,2
2026-03-25,601318,14:24:03,58.7800,20,2
2026-03-25,601318,14:24:06,58.7700,215,2
2026-03-25,601318,14:24:09,58.7700,335,2
2026-03-25,601318,14:24:12,58.7600,26,2
2026-03-25,601318,14:24:15,58.7700,170,1
2026-03-25,601318,14:24:18,58.7800,40,1
2026-03-25,601318,14:24:21,58.7600,3,2
2026-03-25,601318,14:24:24,58.7700,13,1
2026-03-25,601318,14:24:27,58.7700,8,1
2026-03-25,601318,14:24:30,58.7600,10,2
2026-03-25,601318,14:24:33,58.7900,429,1
2026-03-25,601318,14:24:36,58.7800,51,2
2026-03-25,601318,14:24:39,58.7800,123,1
2026-03-25,601318,14:24:42,58.7700,93,2
2026-03-25,601318,14:24:45,58.7900,25,1
2026-03-25,601318,14:24:48,58.7900,11,1
2026-03-25,601318,14:24:51,58.7900,8,1
2026-03-25,601318,14:24:54,58.7900,35,1
2026-03-25,601318,14:24:57,58.7800,4,2
2026-03-25,601318,14:25:00,58.7800,55,2
2026-03-25,601318,14:25:03,58.7900,26,1
2026-03-25,601318,14:25:06,58.8000,568,1
2026-03-25,601318,14:25:09,58.7900,16,2
2026-03-25,601318,14:25:12,58.8000,44,1
2026-03-25,601318,14:25:15,58.7900,15,2
2026-03-25,601318,14:25:18,58.7900,8,2
2026-03-25,601318,14:25:21,58.8000,3,1
2026-03-25,601318,14:25:27,58.7900,32,2
2026-03-25,601318,14:25:30,58.7900,22,2
2026-03-25,601318,14:25:33,58.8000,13,1
2026-03-25,601318,14:25:36,58.7900,34,2
2026-03-25,601318,14:25:39,58.7900,51,2
2026-03-25,601318,14:25:42,58.8000,12,1
2026-03-25,601318,14:25:45,58.7900,52,2
2026-03-25,601318,14:25:48,58.7900,24,1
2026-03-25,601318,14:25:51,58.7800,17,2
2026-03-25,601318,14:25:54,58.7800,65,2
2026-03-25,601318,14:25:57,58.7700,55,2
2026-03-25,601318,14:26:00,58.7700,27,2
2026-03-25,601318,14:26:03,58.7800,466,1
2026-03-25,601318,14:26:06,58.7800,18,2
2026-03-25,601318,14:26:09,58.7800,495,2
2026-03-25,601318,14:26:12,58.7900,25,4
2026-03-25,601318,14:26:15,58.7900,67,1
2026-03-25,601318,14:26:18,58.8000,45,1
2026-03-25,601318,14:26:21,58.8000,27,1
2026-03-25,601318,14:26:24,58.7900,23,2
2026-03-25,601318,14:26:27,58.8000,45,1
2026-03-25,601318,14:26:30,58.8000,57,2
2026-03-25,601318,14:26:33,58.8000,8,2
2026-03-25,601318,14:26:36,58.8000,39,2
2026-03-25,601318,14:26:39,58.8000,8,2
2026-03-25,601318,14:26:42,58.8000,19,2
2026-03-25,601318,14:26:45,58.8000,62,2
2026-03-25,601318,14:26:48,58.8000,64,2
2026-03-25,601318,14:26:51,58.8000,78,2
2026-03-25,601318,14:26:54,58.7900,22,2
2026-03-25,601318,14:26:57,58.8000,6,4
2026-03-25,601318,14:27:00,58.7900,44,2
2026-03-25,601318,14:27:03,58.8000,23,1
2026-03-25,601318,14:27:06,58.7900,52,2
2026-03-25,601318,14:27:09,58.7800,88,2
2026-03-25,601318,14:27:12,58.7800,60,2
2026-03-25,601318,14:27:15,58.7700,10,2
2026-03-25,601318,14:27:18,58.7700,36,2
2026-03-25,601318,14:27:21,58.7700,18,2
2026-03-25,601318,14:27:24,58.7700,129,2
2026-03-25,601318,14:27:27,58.7700,18,2
2026-03-25,601318,14:27:30,58.7600,193,2
2026-03-25,601318,14:27:33,58.7600,46,2
2026-03-25,601318,14:27:36,58.7600,27,2
2026-03-25,601318,14:27:39,58.7600,12,2
2026-03-25,601318,14:27:42,58.7600,105,2
2026-03-25,601318,14:27:45,58.7600,23,2
2026-03-25,601318,14:27:48,58.7600,14,2
2026-03-25,601318,14:27:51,58.7600,63,2
2026-03-25,601318,14:27:54,58.7600,91,2
2026-03-25,601318,14:27:57,58.7600,32,2
2026-03-25,601318,14:28:00,58.7600,4,2
2026-03-25,601318,14:28:03,58.7600,46,2
2026-03-25,601318,14:28:06,58.7600,22,2
2026-03-25,601318,14:28:09,58.7600,227,2
2026-03-25,601318,14:28:12,58.7500,52,2
2026-03-25,601318,14:28:15,58.7500,59,2
2026-03-25,601318,14:28:18,58.7500,39,2
2026-03-25,601318,14:28:21,58.7500,66,2
2026-03-25,601318,14:28:24,58.7400,697,2
2026-03-25,601318,14:28:27,58.7400,51,2
2026-03-25,601318,14:28:30,58.7400,45,2
2026-03-25,601318,14:28:33,58.7400,25,2
2026-03-25,601318,14:28:36,58.7300,137,2
2026-03-25,601318,14:28:39,58.7300,43,2
2026-03-25,601318,14:28:42,58.7300,24,2
2026-03-25,601318,14:28:45,58.7300,40,2
2026-03-25,601318,14:28:48,58.7300,46,2
2026-03-25,601318,14:28:51,58.7200,163,2
2026-03-25,601318,14:28:54,58.7200,47,2
2026-03-25,601318,14:28:57,58.7200,40,2
2026-03-25,601318,14:29:00,58.7200,36,2
2026-03-25,601318,14:29:03,58.7200,21,2
2026-03-25,601318,14:29:06,58.7200,36,2
2026-03-25,601318,14:29:09,58.7200,140,2
2026-03-25,601318,14:29:12,58.7200,23,2
2026-03-25,601318,14:29:15,58.7300,14,1
2026-03-25,601318,14:29:18,58.7400,695,1
2026-03-25,601318,14:29:21,58.7300,58,2
2026-03-25,601318,14:29:24,58.7600,109,1
2026-03-25,601318,14:29:27,58.7300,15,2
2026-03-25,601318,14:29:30,58.7500,3,1
2026-03-25,601318,14:29:33,58.7500,54,1
2026-03-25,601318,14:29:36,58.7600,22,1
2026-03-25,601318,14:29:39,58.7400,32,2
2026-03-25,601318,14:29:42,58.7500,5,1
2026-03-25,601318,14:29:45,58.7400,7,2
2026-03-25,601318,14:29:48,58.7400,48,2
2026-03-25,601318,14:29:51,58.7400,11,2
2026-03-25,601318,14:29:54,58.7300,16,2
2026-03-25,601318,14:29:57,58.7300,19,2
2026-03-25,601318,14:30:00,58.7300,26,2
2026-03-25,601318,14:30:03,58.7500,194,1
2026-03-25,601318,14:30:06,58.7800,345,1
2026-03-25,601318,14:30:09,58.7600,73,2
2026-03-25,601318,14:30:12,58.7800,32,1
2026-03-25,601318,14:30:15,58.7600,6,2
2026-03-25,601318,14:30:18,58.7700,18,1
2026-03-25,601318,14:30:21,58.7600,52,2
2026-03-25,601318,14:30:24,58.7600,15,2
2026-03-25,601318,14:30:27,58.7700,93,1
2026-03-25,601318,14:30:30,58.7700,23,1
2026-03-25,601318,14:30:33,58.7700,37,2
2026-03-25,601318,14:30:36,58.7700,29,1
2026-03-25,601318,14:30:39,58.7700,25,1
2026-03-25,601318,14:30:42,58.7700,36,2
2026-03-25,601318,14:30:45,58.7700,105,1
2026-03-25,601318,14:30:48,58.7700,39,2
2026-03-25,601318,14:30:51,58.7800,116,4
2026-03-25,601318,14:30:54,58.7800,137,1
2026-03-25,601318,14:30:57,58.7700,11,2
2026-03-25,601318,14:31:00,58.7700,37,2
2026-03-25,601318,14:31:03,58.7700,44,2
2026-03-25,601318,14:31:06,58.7700,148,1
2026-03-25,601318,14:31:09,58.7700,60,1
2026-03-25,601318,14:31:12,58.7700,28,1
2026-03-25,601318,14:31:15,58.7600,73,2
2026-03-25,601318,14:31:18,58.7700,19,1
2026-03-25,601318,14:31:21,58.7600,16,2
2026-03-25,601318,14:31:24,58.7600,20,2
2026-03-25,601318,14:31:27,58.7700,9,1
2026-03-25,601318,14:31:30,58.7700,10,1
2026-03-25,601318,14:31:33,58.7700,23,1
2026-03-25,601318,14:31:36,58.7700,36,1
2026-03-25,601318,14:31:39,58.7700,258,1
2026-03-25,601318,14:31:42,58.7800,43,1
2026-03-25,601318,14:31:45,58.7700,30,2
2026-03-25,601318,14:31:48,58.7700,20,2
2026-03-25,601318,14:31:51,58.7700,23,1
2026-03-25,601318,14:31:54,58.7600,7,2
2026-03-25,601318,14:31:57,58.7700,100,1
2026-03-25,601318,14:32:00,58.7700,36,1
2026-03-25,601318,14:32:03,58.7700,62,1
2026-03-25,601318,14:32:06,58.7600,154,2
2026-03-25,601318,14:32:09,58.7700,83,1
2026-03-25,601318,14:32:12,58.7700,1,1
2026-03-25,601318,14:32:15,58.7700,64,1
2026-03-25,601318,14:32:18,58.7600,21,2
2026-03-25,601318,14:32:21,58.7700,1,1
2026-03-25,601318,14:32:24,58.7700,75,1
2026-03-25,601318,14:32:27,58.7600,31,2
2026-03-25,601318,14:32:30,58.7600,16,2
2026-03-25,601318,14:32:33,58.7600,287,2
2026-03-25,601318,14:32:36,58.7500,144,2
2026-03-25,601318,14:32:39,58.7500,84,2
2026-03-25,601318,14:32:42,58.7400,29,2
2026-03-25,601318,14:32:45,58.7500,342,1
2026-03-25,601318,14:32:48,58.7600,188,1
2026-03-25,601318,14:32:51,58.7600,83,1
2026-03-25,601318,14:32:54,58.7400,64,2
2026-03-25,601318,14:32:57,58.7600,116,1
2026-03-25,601318,14:33:00,58.7600,50,1
2026-03-25,601318,14:33:03,58.7600,28,1
2026-03-25,601318,14:33:06,58.7600,115,2
2026-03-25,601318,14:33:09,58.7800,254,1
2026-03-25,601318,14:33:12,58.7900,78,1
2026-03-25,601318,14:33:15,58.7900,1,1
2026-03-25,601318,14:33:18,58.7800,6,2
2026-03-25,601318,14:33:21,58.7900,164,1
2026-03-25,601318,14:33:24,58.7800,6,2
2026-03-25,601318,14:33:27,58.7800,26,2
2026-03-25,601318,14:33:30,58.7800,26,2
2026-03-25,601318,14:33:33,58.7700,20,2
2026-03-25,601318,14:33:39,58.7800,8,1
2026-03-25,601318,14:33:42,58.7700,57,2
2026-03-25,601318,14:33:45,58.7700,1,2
2026-03-25,601318,14:33:48,58.7700,18,2
2026-03-25,601318,14:33:51,58.7800,14,1
2026-03-25,601318,14:33:54,58.7700,10,2
2026-03-25,601318,14:33:57,58.7600,5,2
2026-03-25,601318,14:34:00,58.7600,31,2
2026-03-25,601318,14:34:03,58.7700,50,1
2026-03-25,601318,14:34:06,58.7600,93,2
2026-03-25,601318,14:34:09,58.7600,65,2
2026-03-25,601318,14:34:12,58.7800,229,1
2026-03-25,601318,14:34:15,58.7700,21,2
2026-03-25,601318,14:34:18,58.7800,130,1
2026-03-25,601318,14:34:21,58.7800,88,1
2026-03-25,601318,14:34:24,58.7800,11,1
2026-03-25,601318,14:34:27,58.7900,24,1
2026-03-25,601318,14:34:30,58.7800,18,2
2026-03-25,601318,14:34:33,58.7900,67,1
2026-03-25,601318,14:34:36,58.7900,14,1
2026-03-25,601318,14:34:39,58.7900,134,1
2026-03-25,601318,14:34:42,58.7800,19,2
2026-03-25,601318,14:34:45,58.7900,5,1
2026-03-25,601318,14:34:48,58.7900,81,1
2026-03-25,601318,14:34:51,58.7900,5,2
2026-03-25,601318,14:34:57,58.7900,44,2
2026-03-25,601318,14:35:00,58.7900,17,2
2026-03-25,601318,14:35:03,58.7900,362,2
2026-03-25,601318,14:35:06,58.7900,153,2
2026-03-25,601318,14:35:09,58.7900,19,1
2026-03-25,601318,14:35:12,58.7900,202,1
2026-03-25,601318,14:35:15,58.7900,36,1
2026-03-25,601318,14:35:18,58.7900,34,2
2026-03-25,601318,14:35:21,58.7900,32,1
2026-03-25,601318,14:35:24,58.8000,108,1
2026-03-25,601318,14:35:27,58.8100,201,1
2026-03-25,601318,14:35:30,58.8000,18,2
2026-03-25,601318,14:35:33,58.7900,111,2
2026-03-25,601318,14:35:36,58.8100,3,1
2026-03-25,601318,14:35:39,58.8000,35,2
2026-03-25,601318,14:35:42,58.8000,6,1
2026-03-25,601318,14:35:45,58.8000,8,1
2026-03-25,601318,14:35:48,58.8000,36,1
2026-03-25,601318,14:35:51,58.7900,5,2
2026-03-25,601318,14:35:54,58.7900,91,2
2026-03-25,601318,14:35:57,58.7800,11,2
2026-03-25,601318,14:36:00,58.7800,67,2
2026-03-25,601318,14:36:03,58.7700,127,2
2026-03-25,601318,14:36:06,58.7800,20,1
2026-03-25,601318,14:36:09,58.7600,155,2
2026-03-25,601318,14:36:12,58.7600,173,2
2026-03-25,601318,14:36:15,58.7900,487,1
2026-03-25,601318,14:36:18,58.7900,13,2
2026-03-25,601318,14:36:21,58.7700,90,2
2026-03-25,601318,14:36:24,58.7800,43,2
2026-03-25,601318,14:36:27,58.7800,18,1
2026-03-25,601318,14:36:30,58.7700,18,2
2026-03-25,601318,14:36:33,58.7800,14,1
2026-03-25,601318,14:36:36,58.7800,57,1
2026-03-25,601318,14:36:39,58.7700,350,2
2026-03-25,601318,14:36:42,58.7600,6,2
2026-03-25,601318,14:36:45,58.7700,42,1
2026-03-25,601318,14:36:48,58.7700,20,1
2026-03-25,601318,14:36:51,58.7700,222,1
2026-03-25,601318,14:36:54,58.7600,66,2
2026-03-25,601318,14:36:57,58.7700,52,1
2026-03-25,601318,14:37:00,58.7800,60,2
2026-03-25,601318,14:37:03,58.7900,11,1
2026-03-25,601318,14:37:06,58.7800,38,2
2026-03-25,601318,14:37:09,58.7800,57,1
2026-03-25,601318,14:37:12,58.7800,12,1
2026-03-25,601318,14:37:15,58.7800,66,1
2026-03-25,601318,14:37:18,58.7700,22,2
2026-03-25,601318,14:37:21,58.7700,177,2
2026-03-25,601318,14:37:24,58.7700,11,2
2026-03-25,601318,14:37:27,58.7700,35,2
2026-03-25,601318,14:37:30,58.7600,101,2
2026-03-25,601318,14:37:33,58.7700,16,1
2026-03-25,601318,14:37:36,58.7600,17,2
2026-03-25,601318,14:37:39,58.7700,106,1
2026-03-25,601318,14:37:42,58.7700,42,1
2026-03-25,601318,14:37:45,58.7600,48,2
2026-03-25,601318,14:37:48,58.7600,48,2
2026-03-25,601318,14:37:51,58.7700,28,1
2026-03-25,601318,14:37:54,58.7600,15,2
2026-03-25,601318,14:37:57,58.7600,63,2
2026-03-25,601318,14:38:00,58.7600,29,2
2026-03-25,601318,14:38:03,58.7700,20,1
2026-03-25,601318,14:38:06,58.7700,632,1
2026-03-25,601318,14:38:09,58.7800,28,4
2026-03-25,601318,14:38:12,58.7900,6,1
2026-03-25,601318,14:38:15,58.7900,18,1
2026-03-25,601318,14:38:18,58.7800,67,2
2026-03-25,601318,14:38:21,58.7800,20,2
2026-03-25,601318,14:38:24,58.7700,102,2
2026-03-25,601318,14:38:27,58.7800,1,1
2026-03-25,601318,14:38:30,58.7800,5,1
2026-03-25,601318,14:38:33,58.7800,8,1
2026-03-25,601318,14:38:36,58.7700,9,2
2026-03-25,601318,14:38:39,58.7800,61,1
2026-03-25,601318,14:38:42,58.7900,123,1
2026-03-25,601318,14:38:45,58.7900,113,1
2026-03-25,601318,14:38:48,58.7900,12,2
2026-03-25,601318,14:38:51,58.7900,22,2
2026-03-25,601318,14:38:54,58.7900,126,2
2026-03-25,601318,14:38:57,58.7900,9,2
2026-03-25,601318,14:39:00,58.8000,5,1
2026-03-25,601318,14:39:03,58.7900,268,2
2026-03-25,601318,14:39:06,58.7900,40,2
2026-03-25,601318,14:39:09,58.7900,40,2
2026-03-25,601318,14:39:12,58.7900,24,2
2026-03-25,601318,14:39:15,58.8000,29,1
2026-03-25,601318,14:39:18,58.7900,67,2
2026-03-25,601318,14:39:21,58.7900,25,1
2026-03-25,601318,14:39:24,58.7800,18,2
2026-03-25,601318,14:39:27,58.7800,89,2
2026-03-25,601318,14:39:30,58.7800,58,2
2026-03-25,601318,14:39:33,58.7800,19,2
2026-03-25,601318,14:39:36,58.7700,31,2
2026-03-25,601318,14:39:39,58.7700,58,2
2026-03-25,601318,14:39:42,58.7700,32,2
2026-03-25,601318,14:39:45,58.7600,136,2
2026-03-25,601318,14:39:48,58.7600,76,2
2026-03-25,601318,14:39:51,58.7600,145,2
2026-03-25,601318,14:39:54,58.7600,238,2
2026-03-25,601318,14:39:57,58.7600,183,1
2026-03-25,601318,14:40:00,58.7600,58,2
2026-03-25,601318,14:40:03,58.7600,54,2
2026-03-25,601318,14:40:06,58.7600,31,2
2026-03-25,601318,14:40:09,58.7800,423,1
2026-03-25,601318,14:40:12,58.7700,61,2
2026-03-25,601318,14:40:15,58.7700,19,1
2026-03-25,601318,14:40:18,58.7800,40,1
2026-03-25,601318,14:40:21,58.7800,219,1
2026-03-25,601318,14:40:24,58.7800,142,2
2026-03-25,601318,14:40:27,58.7800,15,2
2026-03-25,601318,14:40:30,58.7800,11,2
2026-03-25,601318,14:40:33,58.7800,133,2
2026-03-25,601318,14:40:36,58.7800,92,2
2026-03-25,601318,14:40:39,58.7800,48,2
2026-03-25,601318,14:40:42,58.7900,13,1
2026-03-25,601318,14:40:45,58.7800,21,2
2026-03-25,601318,14:40:48,58.7800,15,2
2026-03-25,601318,14:40:51,58.7800,10,2
2026-03-25,601318,14:40:54,58.7800,105,2
2026-03-25,601318,14:40:57,58.7800,30,2
2026-03-25,601318,14:41:00,58.7700,34,2
2026-03-25,601318,14:41:03,58.7700,52,2
2026-03-25,601318,14:41:06,58.7800,41,1
2026-03-25,601318,14:41:09,58.7800,338,1
2026-03-25,601318,14:41:12,58.7800,76,1
2026-03-25,601318,14:41:15,58.7900,345,1
2026-03-25,601318,14:41:18,58.7900,62,1
2026-03-25,601318,14:41:21,58.7900,106,2
2026-03-25,601318,14:41:24,58.8000,168,1
2026-03-25,601318,14:41:27,58.7900,26,2
2026-03-25,601318,14:41:30,58.8000,60,1
2026-03-25,601318,14:41:33,58.7800,35,2
2026-03-25,601318,14:41:36,58.7800,112,2
2026-03-25,601318,14:41:39,58.7800,94,2
2026-03-25,601318,14:41:42,58.7900,64,1
2026-03-25,601318,14:41:45,58.7800,23,1
2026-03-25,601318,14:41:48,58.7800,27,1
2026-03-25,601318,14:41:51,58.7800,45,1
2026-03-25,601318,14:41:54,58.7800,54,1
2026-03-25,601318,14:41:57,58.7800,21,1
2026-03-25,601318,14:42:00,58.7800,44,1
2026-03-25,601318,14:42:03,58.7800,21,1
2026-03-25,601318,14:42:06,58.7700,54,2
2026-03-25,601318,14:42:09,58.7700,128,2
2026-03-25,601318,14:42:12,58.7700,33,2
2026-03-25,601318,14:42:15,58.7700,25,2
2026-03-25,601318,14:42:18,58.7700,60,1
2026-03-25,601318,14:42:21,58.7600,101,2
2026-03-25,601318,14:42:24,58.7600,92,2
2026-03-25,601318,14:42:27,58.7600,30,2
2026-03-25,601318,14:42:30,58.7500,233,2
2026-03-25,601318,14:42:33,58.7600,26,2
2026-03-25,601318,14:42:36,58.7500,16,2
2026-03-25,601318,14:42:39,58.7600,42,1
2026-03-25,601318,14:42:42,58.7500,4,2
2026-03-25,601318,14:42:45,58.7500,81,2
2026-03-25,601318,14:42:48,58.7600,21,1
2026-03-25,601318,14:42:51,58.7500,78,2
2026-03-25,601318,14:42:54,58.7500,100,2
2026-03-25,601318,14:42:57,58.7600,50,1
2026-03-25,601318,14:43:00,58.7500,214,2
2026-03-25,601318,14:43:03,58.7500,92,2
2026-03-25,601318,14:43:06,58.7500,180,2
2026-03-25,601318,14:43:09,58.7600,75,1
2026-03-25,601318,14:43:12,58.7500,76,2
2026-03-25,601318,14:43:15,58.7700,534,1
2026-03-25,601318,14:43:18,58.7600,174,2
2026-03-25,601318,14:43:21,58.7600,93,1
2026-03-25,601318,14:43:24,58.7500,38,2
2026-03-25,601318,14:43:27,58.7600,12,1
2026-03-25,601318,14:43:30,58.7500,36,2
2026-03-25,601318,14:43:33,58.7600,104,1
2026-03-25,601318,14:43:36,58.7500,21,2
2026-03-25,601318,14:43:39,58.7600,14,1
2026-03-25,601318,14:43:42,58.7500,62,2
2026-03-25,601318,14:43:45,58.7600,36,1
2026-03-25,601318,14:43:48,58.7500,83,2
2026-03-25,601318,14:43:51,58.7500,44,2
2026-03-25,601318,14:43:54,58.7400,92,2
2026-03-25,601318,14:43:57,58.7500,1,1
2026-03-25,601318,14:44:00,58.7400,51,2
2026-03-25,601318,14:44:03,58.7400,211,2
2026-03-25,601318,14:44:06,58.7400,104,2
2026-03-25,601318,14:44:09,58.7400,156,1
2026-03-25,601318,14:44:12,58.7400,45,1
2026-03-25,601318,14:44:15,58.7500,37,1
2026-03-25,601318,14:44:18,58.7400,29,2
2026-03-25,601318,14:44:21,58.7400,86,2
2026-03-25,601318,14:44:24,58.7500,194,1
2026-03-25,601318,14:44:27,58.7500,205,1
2026-03-25,601318,14:44:30,58.7500,53,2
2026-03-25,601318,14:44:33,58.7500,56,2
2026-03-25,601318,14:44:36,58.7500,52,2
2026-03-25,601318,14:44:39,58.7600,20,1
2026-03-25,601318,14:44:42,58.7600,40,1
2026-03-25,601318,14:44:45,58.7500,159,2
2026-03-25,601318,14:44:48,58.7500,71,2
2026-03-25,601318,14:44:51,58.7600,153,1
2026-03-25,601318,14:44:54,58.7600,23,1
2026-03-25,601318,14:44:57,58.7600,25,1
2026-03-25,601318,14:45:00,58.7500,16,2
2026-03-25,601318,14:45:03,58.7600,121,1
2026-03-25,601318,14:45:06,58.7500,277,2
2026-03-25,601318,14:45:09,58.7600,45,1
2026-03-25,601318,14:45:12,58.7500,169,2
2026-03-25,601318,14:45:15,58.7600,20,1
2026-03-25,601318,14:45:18,58.7500,7,2
2026-03-25,601318,14:45:21,58.7600,97,1
2026-03-25,601318,14:45:24,58.7600,214,1
2026-03-25,601318,14:45:27,58.7600,39,2
2026-03-25,601318,14:45:30,58.7700,51,1
2026-03-25,601318,14:45:33,58.7700,72,1
2026-03-25,601318,14:45:36,58.7500,98,2
2026-03-25,601318,14:45:39,58.7600,20,2
2026-03-25,601318,14:45:42,58.7700,59,1
2026-03-25,601318,14:45:45,58.7600,39,2
2026-03-25,601318,14:45:48,58.7600,28,1
2026-03-25,601318,14:45:51,58.7600,52,2
2026-03-25,601318,14:45:54,58.7600,178,2
2026-03-25,601318,14:45:57,58.7700,95,1
2026-03-25,601318,14:46:00,58.7700,60,2
2026-03-25,601318,14:46:03,58.7700,35,2
2026-03-25,601318,14:46:06,58.7800,17,1
2026-03-25,601318,14:46:09,58.7800,218,1
2026-03-25,601318,14:46:12,58.7800,110,2
2026-03-25,601318,14:46:15,58.7800,60,2
2026-03-25,601318,14:46:18,58.7800,15,1
2026-03-25,601318,14:46:21,58.7800,30,2
2026-03-25,601318,14:46:24,58.7800,21,2
2026-03-25,601318,14:46:27,58.7800,16,2
2026-03-25,601318,14:46:30,58.7900,6,1
2026-03-25,601318,14:46:33,58.7900,33,1
2026-03-25,601318,14:46:36,58.7900,15,1
2026-03-25,601318,14:46:39,58.7800,60,2
2026-03-25,601318,14:46:42,58.7700,138,2
2026-03-25,601318,14:46:45,58.7800,42,1
2026-03-25,601318,14:46:48,58.7800,69,2
2026-03-25,601318,14:46:51,58.7800,5,2
2026-03-25,601318,14:46:54,58.7900,165,1
2026-03-25,601318,14:46:57,58.7800,23,4
2026-03-25,601318,14:47:00,58.7800,112,1
2026-03-25,601318,14:47:03,58.8000,417,1
2026-03-25,601318,14:47:06,58.7900,162,2
2026-03-25,601318,14:47:09,58.7900,87,2
2026-03-25,601318,14:47:12,58.8000,59,1
2026-03-25,601318,14:47:15,58.7900,60,2
2026-03-25,601318,14:47:18,58.8000,66,1
2026-03-25,601318,14:47:21,58.7900,56,2
2026-03-25,601318,14:47:24,58.8000,14,1
2026-03-25,601318,14:47:27,58.8000,1,1
2026-03-25,601318,14:47:30,58.7900,46,2
2026-03-25,601318,14:47:33,58.8000,16,1
2026-03-25,601318,14:47:36,58.7900,141,2
2026-03-25,601318,14:47:39,58.7800,90,2
2026-03-25,601318,14:47:42,58.7700,42,2
2026-03-25,601318,14:47:45,58.7700,66,2
2026-03-25,601318,14:47:48,58.7800,30,1
2026-03-25,601318,14:47:51,58.7700,58,2
2026-03-25,601318,14:47:54,58.7700,10,2
2026-03-25,601318,14:47:57,58.7800,160,1
2026-03-25,601318,14:48:00,58.7800,140,2
2026-03-25,601318,14:48:03,58.7900,239,1
2026-03-25,601318,14:48:06,58.7900,237,1
2026-03-25,601318,14:48:09,58.7900,28,2
2026-03-25,601318,14:48:12,58.8000,7,1
2026-03-25,601318,14:48:15,58.8000,73,1
2026-03-25,601318,14:48:18,58.8000,98,1
2026-03-25,601318,14:48:21,58.7900,76,2
2026-03-25,601318,14:48:24,58.7800,44,2
2026-03-25,601318,14:48:27,58.8000,26,1
2026-03-25,601318,14:48:30,58.7900,7,2
2026-03-25,601318,14:48:33,58.8000,25,1
2026-03-25,601318,14:48:36,58.8000,19,1
2026-03-25,601318,14:48:39,58.8000,769,1
2026-03-25,601318,14:48:42,58.8000,65,2
2026-03-25,601318,14:48:45,58.8100,103,1
2026-03-25,601318,14:48:48,58.8000,13,2
2026-03-25,601318,14:48:51,58.8000,64,2
2026-03-25,601318,14:48:54,58.8100,123,1
2026-03-25,601318,14:48:57,58.8000,30,2
2026-03-25,601318,14:49:00,58.8000,19,2
2026-03-25,601318,14:49:03,58.8000,271,2
2026-03-25,601318,14:49:06,58.8100,202,1
2026-03-25,601318,14:49:09,58.8000,237,2
2026-03-25,601318,14:49:12,58.8000,115,2
2026-03-25,601318,14:49:15,58.8000,55,2
2026-03-25,601318,14:49:18,58.8000,37,1
2026-03-25,601318,14:49:21,58.8000,42,1
2026-03-25,601318,14:49:24,58.8100,39,1
2026-03-25,601318,14:49:27,58.8000,50,2
2026-03-25,601318,14:49:30,58.8100,3,1
2026-03-25,601318,14:49:33,58.8100,8,1
2026-03-25,601318,14:49:36,58.8100,6,1
2026-03-25,601318,14:49:39,58.8000,82,2
2026-03-25,601318,14:49:42,58.8100,37,1
2026-03-25,601318,14:49:45,58.8100,58,1
2026-03-25,601318,14:49:48,58.8100,154,1
2026-03-25,601318,14:49:51,58.8100,88,1
2026-03-25,601318,14:49:54,58.8000,268,2
2026-03-25,601318,14:49:57,58.8200,34,1
2026-03-25,601318,14:50:00,58.8000,180,2
2026-03-25,601318,14:50:03,58.8000,15,2
2026-03-25,601318,14:50:06,58.8100,433,1
2026-03-25,601318,14:50:09,58.8100,179,1
2026-03-25,601318,14:50:12,58.8200,12,1
2026-03-25,601318,14:50:15,58.8200,20,1
2026-03-25,601318,14:50:18,58.8100,134,2
2026-03-25,601318,14:50:21,58.8200,93,1
2026-03-25,601318,14:50:24,58.8200,68,1
2026-03-25,601318,14:50:27,58.8100,133,2
2026-03-25,601318,14:50:30,58.8200,129,1
2026-03-25,601318,14:50:33,58.8200,223,1
2026-03-25,601318,14:50:36,58.8100,69,2
2026-03-25,601318,14:50:39,58.8200,120,1
2026-03-25,601318,14:50:42,58.8100,63,1
2026-03-25,601318,14:50:45,58.8100,105,2
2026-03-25,601318,14:50:48,58.8100,268,2
2026-03-25,601318,14:50:51,58.8000,68,2
2026-03-25,601318,14:50:54,58.8100,44,1
2026-03-25,601318,14:50:57,58.8100,40,1
2026-03-25,601318,14:51:00,58.8000,150,2
2026-03-25,601318,14:51:03,58.8100,154,1
2026-03-25,601318,14:51:06,58.8100,74,1
2026-03-25,601318,14:51:09,58.8100,28,1
2026-03-25,601318,14:51:12,58.8100,43,1
2026-03-25,601318,14:51:15,58.8000,541,2
2026-03-25,601318,14:51:18,58.8100,128,4
2026-03-25,601318,14:51:21,58.8100,31,2
2026-03-25,601318,14:51:24,58.8200,57,1
2026-03-25,601318,14:51:27,58.8200,16,1
2026-03-25,601318,14:51:30,58.8200,50,1
2026-03-25,601318,14:51:33,58.8200,89,1
2026-03-25,601318,14:51:36,58.8100,59,2
2026-03-25,601318,14:51:39,58.8100,37,2
2026-03-25,601318,14:51:42,58.8100,40,2
2026-03-25,601318,14:51:45,58.8100,95,2
2026-03-25,601318,14:51:48,58.8100,31,2
2026-03-25,601318,14:51:51,58.8200,16,1
2026-03-25,601318,14:51:54,58.8100,6,2
2026-03-25,601318,14:51:57,58.8100,10,2
2026-03-25,601318,14:52:00,58.8100,217,2
2026-03-25,601318,14:52:03,58.8100,154,2
2026-03-25,601318,14:52:06,58.8100,118,2
2026-03-25,601318,14:52:09,58.8100,396,1
2026-03-25,601318,14:52:12,58.8100,309,1
2026-03-25,601318,14:52:15,58.8200,97,1
2026-03-25,601318,14:52:18,58.8200,122,1
2026-03-25,601318,14:52:21,58.8200,39,1
2026-03-25,601318,14:52:24,58.8200,68,1
2026-03-25,601318,14:52:27,58.8200,23,1
2026-03-25,601318,14:52:30,58.8100,115,2
2026-03-25,601318,14:52:33,58.8200,428,1
2026-03-25,601318,14:52:36,58.8100,32,2
2026-03-25,601318,14:52:39,58.8200,55,1
2026-03-25,601318,14:52:42,58.8300,456,1
2026-03-25,601318,14:52:45,58.8300,160,1
2026-03-25,601318,14:52:48,58.8300,106,1
2026-03-25,601318,14:52:51,58.8300,32,1
2026-03-25,601318,14:52:54,58.8200,76,2
2026-03-25,601318,14:52:57,58.8200,157,2
2026-03-25,601318,14:53:00,58.8300,93,1
2026-03-25,601318,14:53:03,58.8300,78,1
2026-03-25,601318,14:53:06,58.8300,163,1
2026-03-25,601318,14:53:09,58.8200,83,2
2026-03-25,601318,14:53:12,58.8300,40,2
2026-03-25,601318,14:53:15,58.8300,67,4
2026-03-25,601318,14:53:18,58.8200,108,2
2026-03-25,601318,14:53:21,58.8200,37,2
2026-03-25,601318,14:53:24,58.8200,51,2
2026-03-25,601318,14:53:27,58.8200,48,1
2026-03-25,601318,14:53:30,58.8200,56,1
2026-03-25,601318,14:53:33,58.8200,708,1
2026-03-25,601318,14:53:36,58.8200,276,4
2026-03-25,601318,14:53:39,58.8100,72,2
2026-03-25,601318,14:53:42,58.8200,40,1
2026-03-25,601318,14:53:45,58.8200,24,1
2026-03-25,601318,14:53:48,58.8100,83,2
2026-03-25,601318,14:53:51,58.8200,32,1
2026-03-25,601318,14:53:54,58.8000,461,2
2026-03-25,601318,14:53:57,58.8200,119,1
2026-03-25,601318,14:54:00,58.8100,76,2
2026-03-25,601318,14:54:03,58.8100,224,2
2026-03-25,601318,14:54:06,58.8100,81,2
2026-03-25,601318,14:54:09,58.8100,47,2
2026-03-25,601318,14:54:12,58.8100,142,2
2026-03-25,601318,14:54:15,58.8200,80,1
2026-03-25,601318,14:54:18,58.8100,104,2
2026-03-25,601318,14:54:21,58.8100,14,1
2026-03-25,601318,14:54:24,58.8100,38,1
2026-03-25,601318,14:54:27,58.8100,45,1
2026-03-25,601318,14:54:30,58.8100,89,1
2026-03-25,601318,14:54:33,58.8100,269,1
2026-03-25,601318,14:54:36,58.8000,79,2
2026-03-25,601318,14:54:39,58.8200,112,1
2026-03-25,601318,14:54:42,58.8100,29,2
2026-03-25,601318,14:54:45,58.8000,125,2
2026-03-25,601318,14:54:48,58.8000,90,2
2026-03-25,601318,14:54:51,58.8000,46,2
2026-03-25,601318,14:54:54,58.8000,274,2
2026-03-25,601318,14:54:57,58.8100,166,1
2026-03-25,601318,14:55:00,58.8000,97,2
2026-03-25,601318,14:55:03,58.8000,245,2
2026-03-25,601318,14:55:06,58.7900,180,2
2026-03-25,601318,14:55:09,58.8000,81,1
2026-03-25,601318,14:55:12,58.8000,142,1
2026-03-25,601318,14:55:15,58.8000,35,1
2026-03-25,601318,14:55:18,58.8000,252,1
2026-03-25,601318,14:55:21,58.8000,372,1
2026-03-25,601318,14:55:24,58.8000,138,2
2026-03-25,601318,14:55:27,58.8100,102,1
2026-03-25,601318,14:55:30,58.8000,75,2
2026-03-25,601318,14:55:33,58.8000,97,2
2026-03-25,601318,14:55:36,58.7900,115,2
2026-03-25,601318,14:55:39,58.8000,116,1
2026-03-25,601318,14:55:42,58.8000,82,1
2026-03-25,601318,14:55:45,58.8000,196,1
2026-03-25,601318,14:55:48,58.8100,126,1
2026-03-25,601318,14:55:51,58.8000,51,2
2026-03-25,601318,14:55:54,58.8000,118,2
2026-03-25,601318,14:55:57,58.8100,53,1
2026-03-25,601318,14:56:00,58.8100,262,1
2026-03-25,601318,14:56:03,58.8100,266,1
2026-03-25,601318,14:56:06,58.8200,238,1
2026-03-25,601318,14:56:09,58.8200,151,1
2026-03-25,601318,14:56:12,58.8000,183,2
2026-03-25,601318,14:56:15,58.8000,122,2
2026-03-25,601318,14:56:18,58.8000,499,2
2026-03-25,601318,14:56:21,58.8200,118,1
2026-03-25,601318,14:56:24,58.8200,202,1
2026-03-25,601318,14:56:27,58.8200,20,2
2026-03-25,601318,14:56:30,58.8200,73,2
2026-03-25,601318,14:56:33,58.8100,175,2
2026-03-25,601318,14:56:36,58.8200,60,1
2026-03-25,601318,14:56:39,58.8400,103,1
2026-03-25,601318,14:56:42,58.8400,43,1
2026-03-25,601318,14:56:45,58.8400,18,1
2026-03-25,601318,14:56:48,58.8300,14,2
2026-03-25,601318,14:56:51,58.8400,78,1
2026-03-25,601318,14:56:54,58.8300,5,2
2026-03-25,601318,14:56:57,58.8300,61,2
2026-03-25,601318,14:57:00,58.8400,39,1
2026-03-25,601318,15:00:04,58.7900,9120,4
2026-03-25,601318,13:16:30,58.5500,32,1
2026-03-25,601318,13:16:33,58.5400,36,2
2026-03-25,601318,13:16:36,58.5400,7,1
2026-03-25,601318,13:16:39,58.5500,66,1
2026-03-25,601318,13:16:42,58.5400,21,2
2026-03-25,601318,13:16:45,58.5400,61,1
2026-03-25,601318,13:16:48,58.5300,93,2
2026-03-25,601318,13:16:51,58.5200,51,2
2026-03-25,601318,13:16:54,58.5300,14,1
2026-03-25,601318,13:16:57,58.5400,84,1
2026-03-25,601318,13:17:00,58.5300,26,2
2026-03-25,601318,13:17:03,58.5200,66,2
2026-03-25,601318,13:17:06,58.5300,54,1
2026-03-25,601318,13:17:09,58.5200,173,2
2026-03-25,601318,13:17:12,58.5200,113,2
2026-03-25,601318,13:17:15,58.5200,42,2
2026-03-25,601318,13:17:18,58.5200,50,2
2026-03-25,601318,13:17:21,58.5300,33,1
2026-03-25,601318,13:17:24,58.5200,45,2
2026-03-25,601318,13:17:27,58.5200,37,2
2026-03-25,601318,13:17:30,58.5300,10,1
2026-03-25,601318,13:17:33,58.5200,1,2
2026-03-25,601318,13:17:36,58.5200,12,2
2026-03-25,601318,13:17:39,58.5300,53,1
2026-03-25,601318,13:17:42,58.5300,6,1
2026-03-25,601318,13:17:45,58.5200,18,2
2026-03-25,601318,13:17:48,58.5200,21,2
2026-03-25,601318,13:17:51,58.5200,3,2
2026-03-25,601318,13:17:54,58.5300,220,1
2026-03-25,601318,13:17:57,58.5300,64,4
2026-03-25,601318,13:18:00,58.5400,17,1
2026-03-25,601318,13:18:03,58.5400,94,1
2026-03-25,601318,13:18:06,58.5400,50,1
2026-03-25,601318,13:18:09,58.5400,90,1
2026-03-25,601318,13:18:12,58.5400,3,2
2026-03-25,601318,13:18:15,58.5500,10,1
2026-03-25,601318,13:18:18,58.5500,25,1
2026-03-25,601318,13:18:21,58.5500,79,1
2026-03-25,601318,13:18:24,58.5500,23,1
2026-03-25,601318,13:18:27,58.5600,47,1
2026-03-25,601318,13:18:30,58.5600,53,2
2026-03-25,601318,13:18:33,58.5600,85,1
2026-03-25,601318,13:18:36,58.5600,25,2
2026-03-25,601318,13:18:39,58.5700,8,1
2026-03-25,601318,13:18:42,58.5700,78,1
2026-03-25,601318,13:18:45,58.5600,21,2
2026-03-25,601318,13:18:48,58.5600,29,1
2026-03-25,601318,13:18:51,58.5600,81,1
2026-03-25,601318,13:18:54,58.5700,13,1
2026-03-25,601318,13:18:57,58.5700,58,1
2026-03-25,601318,13:19:00,58.5700,1,1
2026-03-25,601318,13:19:03,58.5700,21,1
2026-03-25,601318,13:19:06,58.5700,33,1
2026-03-25,601318,13:19:09,58.5600,6,2
2026-03-25,601318,13:19:12,58.5500,31,2
2026-03-25,601318,13:19:15,58.5400,154,2
2026-03-25,601318,13:19:18,58.5400,96,2
2026-03-25,601318,13:19:21,58.5400,97,2
2026-03-25,601318,13:19:24,58.5400,127,1
2026-03-25,601318,13:19:27,58.5400,16,1
2026-03-25,601318,13:19:30,58.5400,8,1
2026-03-25,601318,13:19:33,58.5400,66,1
2026-03-25,601318,13:19:36,58.5200,358,2
2026-03-25,601318,13:19:39,58.5300,55,1
2026-03-25,601318,13:19:42,58.5200,66,2
2026-03-25,601318,13:19:45,58.5200,19,2
2026-03-25,601318,13:19:48,58.5200,42,2
2026-03-25,601318,13:19:51,58.5200,7,2
2026-03-25,601318,13:19:54,58.5300,15,1
2026-03-25,601318,13:19:57,58.5300,28,1
2026-03-25,601318,13:20:00,58.5200,20,2
2026-03-25,601318,13:20:03,58.5200,11,2
2026-03-25,601318,13:20:06,58.5300,26,1
2026-03-25,601318,13:20:09,58.5300,14,1
2026-03-25,601318,13:20:12,58.5300,288,1
2026-03-25,601318,13:20:15,58.5400,53,1
2026-03-25,601318,13:20:18,58.5300,62,2
2026-03-25,601318,13:20:21,58.5300,70,1
2026-03-25,601318,13:20:24,58.5200,32,2
2026-03-25,601318,13:20:27,58.5200,71,2
2026-03-25,601318,13:20:30,58.5200,32,2
2026-03-25,601318,13:20:33,58.5300,45,1
2026-03-25,601318,13:20:36,58.5300,132,1
2026-03-25,601318,13:20:39,58.5200,71,2
2026-03-25,601318,13:20:42,58.5200,5,2
2026-03-25,601318,13:20:45,58.5200,69,2
2026-03-25,601318,13:20:48,58.5200,22,2
2026-03-25,601318,13:20:51,58.5200,57,2
2026-03-25,601318,13:20:54,58.5100,32,2
2026-03-25,601318,13:20:57,58.5100,23,2
2026-03-25,601318,13:21:00,58.5100,123,2
2026-03-25,601318,13:21:03,58.5100,50,2
2026-03-25,601318,13:21:06,58.5100,130,2
2026-03-25,601318,13:21:09,58.5100,50,2
2026-03-25,601318,13:21:12,58.5100,44,2
2026-03-25,601318,13:21:15,58.5100,27,2
2026-03-25,601318,13:21:18,58.5100,6,2
2026-03-25,601318,13:21:21,58.5100,72,2
2026-03-25,601318,13:21:24,58.5200,190,1
2026-03-25,601318,13:21:27,58.5300,364,1
2026-03-25,601318,13:21:30,58.5400,72,1
2026-03-25,601318,13:21:33,58.5400,31,2
2026-03-25,601318,13:21:36,58.5500,30,1
2026-03-25,601318,13:21:39,58.5500,42,1
2026-03-25,601318,13:21:42,58.5400,43,2
2026-03-25,601318,13:21:45,58.5500,2,1
2026-03-25,601318,13:21:48,58.5500,13,1
2026-03-25,601318,13:21:51,58.5500,18,1
2026-03-25,601318,13:21:54,58.5500,124,1
2026-03-25,601318,13:21:57,58.5600,95,1
2026-03-25,601318,13:22:00,58.5500,9,2
2026-03-25,601318,13:22:03,58.5600,39,1
2026-03-25,601318,13:22:06,58.5500,31,2
2026-03-25,601318,13:22:09,58.5500,4,1
2026-03-25,601318,13:22:12,58.5500,20,1
2026-03-25,601318,13:22:15,58.5500,218,1
2026-03-25,601318,13:22:18,58.5400,29,2
2026-03-25,601318,13:22:21,58.5200,148,2
2026-03-25,601318,13:22:24,58.5200,87,2
2026-03-25,601318,13:22:27,58.5300,23,1
2026-03-25,601318,13:22:30,58.5300,42,1
2026-03-25,601318,13:22:33,58.5300,16,1
2026-03-25,601318,13:22:36,58.5200,260,2
2026-03-25,601318,13:22:39,58.5400,71,1
2026-03-25,601318,13:22:42,58.5300,17,2
2026-03-25,601318,13:22:45,58.5300,42,1
2026-03-25,601318,13:22:48,58.5300,66,2
2026-03-25,601318,13:22:51,58.5300,136,1
2026-03-25,601318,13:22:54,58.5300,68,1
2026-03-25,601318,13:22:57,58.5600,299,1
2026-03-25,601318,13:23:00,58.5700,22,1
2026-03-25,601318,13:23:03,58.5500,75,2
2026-03-25,601318,13:23:06,58.5700,2,1
2026-03-25,601318,13:23:09,58.5600,125,2
2026-03-25,601318,13:23:12,58.5600,48,1
2026-03-25,601318,13:23:15,58.5600,21,1
2026-03-25,601318,13:23:18,58.5600,29,1
2026-03-25,601318,13:23:21,58.5700,9,1
2026-03-25,601318,13:23:24,58.5600,32,2
2026-03-25,601318,13:23:27,58.5600,101,1
2026-03-25,601318,13:23:30,58.5600,52,1
2026-03-25,601318,13:23:33,58.5600,80,1
2026-03-25,601318,13:23:36,58.5700,53,1
2026-03-25,601318,13:23:39,58.5500,22,2
2026-03-25,601318,13:23:42,58.5500,30,2
2026-03-25,601318,13:23:45,58.5500,6,4
2026-03-25,601318,13:23:48,58.5400,140,2
2026-03-25,601318,13:23:51,58.5600,16,1
2026-03-25,601318,13:23:54,58.5600,2,1
2026-03-25,601318,13:23:57,58.5600,73,1
2026-03-25,601318,13:24:00,58.5500,19,2
2026-03-25,601318,13:24:03,58.5500,105,1
2026-03-25,601318,13:24:06,58.5500,18,1
2026-03-25,601318,13:24:09,58.5500,55,1
2026-03-25,601318,13:24:12,58.5400,5,4
2026-03-25,601318,13:24:15,58.5400,12,4
2026-03-25,601318,13:24:18,58.5400,32,2
2026-03-25,601318,13:24:21,58.5400,21,2
2026-03-25,601318,13:24:24,58.5500,20,1
2026-03-25,601318,13:24:27,58.5400,25,4
2026-03-25,601318,13:24:30,58.5400,25,1
2026-03-25,601318,13:24:33,58.5400,143,2
2026-03-25,601318,13:24:36,58.5600,60,1
2026-03-25,601318,13:24:39,58.5600,59,1
2026-03-25,601318,13:24:42,58.5600,46,2
2026-03-25,601318,13:24:45,58.5600,61,2
2026-03-25,601318,13:24:48,58.5600,17,1
2026-03-25,601318,13:24:51,58.5600,39,1
2026-03-25,601318,13:24:54,58.5500,10,2
2026-03-25,601318,13:24:57,58.5600,8,1
2026-03-25,601318,13:25:00,58.5600,83,1
2026-03-25,601318,13:25:03,58.5600,132,1
2026-03-25,601318,13:25:06,58.5600,39,1
2026-03-25,601318,13:25:09,58.5500,36,2
2026-03-25,601318,13:25:12,58.5500,13,2
2026-03-25,601318,13:25:15,58.5500,38,2
2026-03-25,601318,13:25:18,58.5500,3,2
2026-03-25,601318,13:25:21,58.5500,91,2
2026-03-25,601318,13:25:24,58.5500,1,1
2026-03-25,601318,13:25:27,58.5400,71,2
2026-03-25,601318,13:25:30,58.5300,35,2
2026-03-25,601318,13:25:33,58.5300,128,2
2026-03-25,601318,13:25:36,58.5300,64,1
2026-03-25,601318,13:25:39,58.5300,17,2
2026-03-25,601318,13:25:42,58.5200,98,2
2026-03-25,601318,13:25:45,58.5200,6,2
2026-03-25,601318,13:25:48,58.5300,47,1
2026-03-25,601318,13:25:51,58.5200,221,2
2026-03-25,601318,13:25:54,58.5200,47,2
2026-03-25,601318,13:25:57,58.5200,207,1
2026-03-25,601318,13:26:00,58.5100,37,2
2026-03-25,601318,13:26:03,58.5200,24,1
2026-03-25,601318,13:26:06,58.5200,29,1
2026-03-25,601318,13:26:09,58.5100,70,2
2026-03-25,601318,13:26:12,58.5100,42,2
2026-03-25,601318,13:26:15,58.5200,313,1
2026-03-25,601318,13:26:18,58.5200,139,1
2026-03-25,601318,13:26:21,58.5200,58,2
2026-03-25,601318,13:26:24,58.5300,5,1
2026-03-25,601318,13:26:27,58.5200,55,2
2026-03-25,601318,13:26:30,58.5200,18,2
2026-03-25,601318,13:26:33,58.5100,51,2
2026-03-25,601318,13:26:36,58.5100,37,2
2026-03-25,601318,13:26:39,58.5100,30,2
2026-03-25,601318,13:26:42,58.5200,34,1
2026-03-25,601318,13:26:45,58.5100,52,2
2026-03-25,601318,13:26:48,58.5200,15,1
2026-03-25,601318,13:26:51,58.5200,114,4
2026-03-25,601318,13:26:54,58.5200,12,2
2026-03-25,601318,13:26:57,58.5200,25,2
2026-03-25,601318,13:27:00,58.5200,93,1
2026-03-25,601318,13:27:03,58.5200,83,1
2026-03-25,601318,13:27:06,58.5200,124,1
2026-03-25,601318,13:27:09,58.5200,109,1
2026-03-25,601318,13:27:12,58.5200,180,1
2026-03-25,601318,13:27:15,58.5200,122,2
2026-03-25,601318,13:27:18,58.5300,98,1
2026-03-25,601318,13:27:21,58.5300,3,1
2026-03-25,601318,13:27:24,58.5300,43,1
2026-03-25,601318,13:27:27,58.5200,111,2
2026-03-25,601318,13:27:30,58.5200,138,1
2026-03-25,601318,13:27:33,58.5200,26,2
2026-03-25,601318,13:27:36,58.5400,8,1
2026-03-25,601318,13:27:39,58.5400,7,1
2026-03-25,601318,13:27:42,58.5400,60,2
2026-03-25,601318,13:27:45,58.5600,132,1
2026-03-25,601318,13:27:48,58.5600,21,2
2026-03-25,601318,13:27:51,58.5800,34,1
2026-03-25,601318,13:27:54,58.5800,5,1
2026-03-25,601318,13:27:57,58.5800,25,1
2026-03-25,601318,13:28:00,58.5700,27,2
2026-03-25,601318,13:28:03,58.5900,66,1
2026-03-25,601318,13:28:06,58.5800,24,2
2026-03-25,601318,13:28:09,58.5800,56,2
2026-03-25,601318,13:28:12,58.6000,106,1
2026-03-25,601318,13:28:15,58.6100,4,1
2026-03-25,601318,13:28:18,58.6200,30,1
2026-03-25,601318,13:28:21,58.6100,10,2
2026-03-25,601318,13:28:24,58.6000,75,2
2026-03-25,601318,13:28:27,58.6200,3,1
2026-03-25,601318,13:28:30,58.6100,59,2
2026-03-25,601318,13:28:33,58.6000,4,2
2026-03-25,601318,13:28:36,58.6000,42,2
2026-03-25,601318,13:28:39,58.6000,77,2
2026-03-25,601318,13:28:42,58.6000,26,2
2026-03-25,601318,13:28:45,58.6100,33,1
2026-03-25,601318,13:28:48,58.6000,29,1
2026-03-25,601318,13:28:51,58.5900,11,2
2026-03-25,601318,13:28:54,58.6000,8,4
2026-03-25,601318,13:28:57,58.6100,29,1
2026-03-25,601318,13:29:00,58.6100,2,1
2026-03-25,601318,13:29:03,58.6100,20,1
2026-03-25,601318,13:29:06,58.6100,8,1
2026-03-25,601318,13:29:09,58.6200,182,1
2026-03-25,601318,13:29:12,58.6500,143,1
2026-03-25,601318,13:29:15,58.6600,132,1
2026-03-25,601318,13:29:18,58.6700,30,1
2026-03-25,601318,13:29:21,58.6600,12,1
2026-03-25,601318,13:29:24,58.6500,21,1
2026-03-25,601318,13:29:27,58.6400,81,1
2026-03-25,601318,13:29:30,58.6300,83,2
2026-03-25,601318,13:29:33,58.6700,44,1
2026-03-25,601318,13:29:36,58.6500,4,4
2026-03-25,601318,13:29:39,58.6500,15,1
2026-03-25,601318,13:29:42,58.6400,23,2
2026-03-25,601318,13:29:45,58.6500,59,1
2026-03-25,601318,13:29:48,58.6400,33,2
2026-03-25,601318,13:29:51,58.6400,15,1
2026-03-25,601318,13:29:54,58.6400,22,2
2026-03-25,601318,13:29:57,58.6500,31,1
2026-03-25,601318,13:30:00,58.6500,56,1
2026-03-25,601318,13:30:03,58.6500,48,1
2026-03-25,601318,13:30:06,58.6600,155,1
2026-03-25,601318,13:30:09,58.6600,206,1
2026-03-25,601318,13:30:12,58.6700,99,1
2026-03-25,601318,13:30:15,58.6700,33,1
2026-03-25,601318,13:30:18,58.7000,57,1
2026-03-25,601318,13:30:21,58.7000,60,1
2026-03-25,601318,13:30:24,58.7100,90,1
2026-03-25,601318,13:30:27,58.7100,39,1
2026-03-25,601318,13:30:30,58.7000,80,2
2026-03-25,601318,13:30:33,58.7100,110,1
2026-03-25,601318,13:30:36,58.7100,70,1
2026-03-25,601318,13:30:39,58.7100,86,1
2026-03-25,601318,13:30:42,58.7000,46,2
2026-03-25,601318,13:30:45,58.7000,36,2
2026-03-25,601318,13:30:48,58.6900,44,2
2026-03-25,601318,13:30:51,58.6900,46,2
2026-03-25,601318,13:30:54,58.7000,83,1
2026-03-25,601318,13:30:57,58.7000,186,1
2026-03-25,601318,13:31:00,58.7200,929,1
2026-03-25,601318,13:31:03,58.7400,127,1
2026-03-25,601318,13:31:06,58.7500,87,1
2026-03-25,601318,13:31:09,58.7400,75,2
2026-03-25,601318,13:31:12,58.7600,50,1
2026-03-25,601318,13:31:15,58.7800,56,1
2026-03-25,601318,13:31:18,58.7400,78,2
2026-03-25,601318,13:31:21,58.7600,24,1
2026-03-25,601318,13:31:24,58.7300,65,2
2026-03-25,601318,13:31:27,58.7400,96,1
2026-03-25,601318,13:31:30,58.7400,50,2
2026-03-25,601318,13:31:33,58.7300,128,2
2026-03-25,601318,13:31:36,58.7400,28,1
2026-03-25,601318,13:31:39,58.7400,42,1
2026-03-25,601318,13:31:45,58.7400,116,1
2026-03-25,601318,13:31:48,58.7400,38,1
2026-03-25,601318,13:31:51,58.7500,204,1
2026-03-25,601318,13:31:54,58.7300,343,2
2026-03-25,601318,13:31:57,58.7300,309,1
2026-03-25,601318,13:32:00,58.7300,260,1
2026-03-25,601318,13:32:03,58.7400,118,1
2026-03-25,601318,13:32:06,58.7600,15,1
2026-03-25,601318,13:32:09,58.7500,9,2
2026-03-25,601318,13:32:12,58.7700,40,1
2026-03-25,601318,13:32:15,58.7600,38,2
2026-03-25,601318,13:32:18,58.7700,152,1
2026-03-25,601318,13:32:21,58.7700,127,1
2026-03-25,601318,13:32:24,58.7700,129,1
2026-03-25,601318,13:32:27,58.7700,59,1
2026-03-25,601318,13:32:30,58.7800,96,1
2026-03-25,601318,13:32:33,58.7800,38,2
2026-03-25,601318,13:32:36,58.7900,44,1
2026-03-25,601318,13:32:39,58.7900,28,1
2026-03-25,601318,13:32:42,58.7900,74,1
2026-03-25,601318,13:32:45,58.7800,38,4
2026-03-25,601318,13:32:48,58.7900,108,1
2026-03-25,601318,13:32:51,58.7900,11,1
2026-03-25,601318,13:32:54,58.7800,45,1
2026-03-25,601318,13:32:57,58.7800,10,4
2026-03-25,601318,13:33:00,58.7900,8,1
2026-03-25,601318,13:33:03,58.7800,28,2
2026-03-25,601318,13:33:06,58.7900,52,1
2026-03-25,601318,13:33:09,58.7900,4,1
2026-03-25,601318,13:33:12,58.7900,38,1
2026-03-25,601318,13:33:15,58.7900,55,1
2026-03-25,601318,13:33:18,58.7800,95,2
2026-03-25,601318,13:33:21,58.7800,94,2
2026-03-25,601318,13:33:24,58.7800,42,2
2026-03-25,601318,13:33:27,58.7700,12,2
2026-03-25,601318,13:33:30,58.7500,236,2
2026-03-25,601318,13:33:33,58.7700,227,1
2026-03-25,601318,13:33:36,58.7600,98,2
2026-03-25,601318,13:33:39,58.7700,155,1
2026-03-25,601318,13:33:42,58.7600,1,2
2026-03-25,601318,13:33:45,58.7800,122,1
2026-03-25,601318,13:33:48,58.7500,508,2
2026-03-25,601318,13:33:51,58.7600,98,2
2026-03-25,601318,13:33:54,58.7500,33,2
2026-03-25,601318,13:33:57,58.7600,111,1
2026-03-25,601318,13:34:00,58.7400,56,2
2026-03-25,601318,13:34:03,58.7500,18,2
2026-03-25,601318,13:34:06,58.7500,76,2
2026-03-25,601318,13:34:09,58.7500,16,4
2026-03-25,601318,13:34:12,58.7500,108,1
2026-03-25,601318,13:34:15,58.7500,30,1
2026-03-25,601318,13:34:18,58.7500,52,2
2026-03-25,601318,13:34:21,58.7500,24,2
2026-03-25,601318,13:34:24,58.7600,3,1
2026-03-25,601318,13:34:27,58.7500,29,2
2026-03-25,601318,13:34:30,58.7600,18,1
2026-03-25,601318,13:34:33,58.7500,43,2
2026-03-25,601318,13:34:36,58.7600,123,1
2026-03-25,601318,13:34:39,58.7500,15,2
2026-03-25,601318,13:34:42,58.7500,183,2
2026-03-25,601318,13:34:45,58.7500,156,2
2026-03-25,601318,13:34:48,58.7500,89,2
2026-03-25,601318,13:34:51,58.7400,284,2
2026-03-25,601318,13:34:54,58.7300,48,2
2026-03-25,601318,13:34:57,58.7200,30,2
2026-03-25,601318,13:35:00,58.7100,19,2
2026-03-25,601318,13:35:03,58.7200,6,1
2026-03-25,601318,13:35:06,58.7100,90,2
2026-03-25,601318,13:35:09,58.7200,46,1
2026-03-25,601318,13:35:12,58.7100,28,2
2026-03-25,601318,13:35:15,58.7000,81,2
2026-03-25,601318,13:35:18,58.7000,41,2
2026-03-25,601318,13:35:21,58.6900,43,2
2026-03-25,601318,13:35:24,58.7000,42,1
2026-03-25,601318,13:35:27,58.6900,97,2
2026-03-25,601318,13:35:30,58.6900,53,2
2026-03-25,601318,13:35:33,58.6800,74,2
2026-03-25,601318,13:35:36,58.6900,135,1
2026-03-25,601318,13:35:39,58.6900,24,1
2026-03-25,601318,13:35:42,58.6900,77,1
2026-03-25,601318,13:35:45,58.6700,116,2
2026-03-25,601318,13:35:48,58.6800,21,2
2026-03-25,601318,13:35:51,58.6800,109,2
2026-03-25,601318,13:35:54,58.6800,12,2
2026-03-25,601318,13:35:57,58.6800,27,2
2026-03-25,601318,13:36:00,58.6800,92,2
2026-03-25,601318,13:36:03,58.6800,9,2
2026-03-25,601318,13:36:06,58.6800,59,2
2026-03-25,601318,13:36:09,58.6800,19,2
2026-03-25,601318,13:36:12,58.7100,307,1
2026-03-25,601318,13:36:15,58.7100,86,2
2026-03-25,601318,13:36:18,58.7300,9,1
2026-03-25,601318,13:36:21,58.7400,49,1
2026-03-25,601318,13:36:24,58.7500,305,1
2026-03-25,601318,13:36:27,58.7600,48,1
2026-03-25,601318,13:36:30,58.7500,20,2
2026-03-25,601318,13:36:33,58.7600,5,1
2026-03-25,601318,13:36:36,58.7600,5,1
2026-03-25,601318,13:36:39,58.7600,25,1
2026-03-25,601318,13:36:42,58.7600,17,1
2026-03-25,601318,13:36:45,58.7600,16,1
2026-03-25,601318,13:36:48,58.7800,298,1
2026-03-25,601318,13:36:51,58.7800,89,2
2026-03-25,601318,13:36:54,58.7700,1588,2
2026-03-25,601318,13:36:57,58.7700,98,1
2026-03-25,601318,13:37:00,58.7700,45,2
2026-03-25,601318,13:37:03,58.7500,118,2
2026-03-25,601318,13:37:06,58.7600,49,1
2026-03-25,601318,13:37:09,58.7600,19,1
2026-03-25,601318,13:37:12,58.7600,36,1
2026-03-25,601318,13:37:15,58.7600,110,1
2026-03-25,601318,13:37:18,58.7500,17,2
2026-03-25,601318,13:37:21,58.7500,60,2
2026-03-25,601318,13:37:24,58.7500,58,2
2026-03-25,601318,13:37:27,58.7600,84,4
2026-03-25,601318,13:37:30,58.7700,23,1
2026-03-25,601318,13:37:33,58.7600,47,1
2026-03-25,601318,13:37:36,58.7600,18,1
2026-03-25,601318,13:37:39,58.7700,60,1
2026-03-25,601318,13:37:42,58.7700,4,1
2026-03-25,601318,13:37:45,58.7700,1,1
2026-03-25,601318,13:37:48,58.7600,16,2
2026-03-25,601318,13:37:51,58.7700,10,1
2026-03-25,601318,13:37:54,58.7600,11,1
2026-03-25,601318,13:37:57,58.7500,33,2
2026-03-25,601318,13:38:00,58.7500,84,2
2026-03-25,601318,13:38:03,58.7600,35,1
2026-03-25,601318,13:38:06,58.7500,92,2
2026-03-25,601318,13:38:09,58.7800,191,1
2026-03-25,601318,13:38:12,58.7800,28,1
2026-03-25,601318,13:38:15,58.7800,112,1
2026-03-25,601318,13:38:18,58.7600,55,2
2026-03-25,601318,13:38:21,58.7600,115,2
2026-03-25,601318,13:38:24,58.7700,53,1
2026-03-25,601318,13:38:27,58.7600,200,2
2026-03-25,601318,13:38:30,58.7600,148,2
2026-03-25,601318,13:38:33,58.7600,28,2
2026-03-25,601318,13:38:36,58.7700,8,1
2026-03-25,601318,13:38:39,58.7700,3,1
2026-03-25,601318,13:38:42,58.7700,1,1
2026-03-25,601318,13:38:45,58.7700,55,1
2026-03-25,601318,13:38:48,58.7600,12,2
2026-03-25,601318,13:38:51,58.7700,50,1
2026-03-25,601318,13:38:54,58.7700,50,1
2026-03-25,601318,13:38:57,58.7800,48,1
2026-03-25,601318,13:39:00,58.7700,43,4
2026-03-25,601318,13:39:03,58.7800,43,1
2026-03-25,601318,13:39:06,58.7700,5,2
2026-03-25,601318,13:39:09,58.7800,4,1
2026-03-25,601318,13:39:12,58.7800,2,1
2026-03-25,601318,13:39:15,58.7700,37,2
2026-03-25,601318,13:39:18,58.7700,43,2
2026-03-25,601318,13:39:21,58.7800,10,1
2026-03-25,601318,13:39:24,58.7700,37,2
2026-03-25,601318,13:39:27,58.7800,69,1
2026-03-25,601318,13:39:30,58.7700,152,1
2026-03-25,601318,13:39:33,58.7800,20,1
2026-03-25,601318,13:39:36,58.7600,108,2
2026-03-25,601318,13:39:39,58.7700,6,1
2026-03-25,601318,13:39:42,58.7700,296,1
2026-03-25,601318,13:39:45,58.7800,14,1
2026-03-25,601318,13:39:48,58.7700,27,2
2026-03-25,601318,13:39:51,58.7800,23,1
2026-03-25,601318,13:39:54,58.7800,8,1
2026-03-25,601318,13:39:57,58.7700,172,2
2026-03-25,601318,13:40:00,58.7700,1,1
2026-03-25,601318,13:40:03,58.7700,16,1
2026-03-25,601318,13:40:06,58.7700,4,1
2026-03-25,601318,13:40:09,58.7700,48,1
2026-03-25,601318,13:40:12,58.7600,1,2
2026-03-25,601318,13:40:15,58.7700,66,1
2026-03-25,601318,13:40:18,58.7600,8,2
2026-03-25,601318,13:40:21,58.7600,80,2
2026-03-25,601318,13:40:24,58.7500,28,2
2026-03-25,601318,13:40:27,58.7500,69,2
2026-03-25,601318,13:40:30,58.7500,42,2
2026-03-25,601318,13:40:33,58.7600,31,1
2026-03-25,601318,13:40:36,58.7600,64,1
2026-03-25,601318,13:40:39,58.8000,1141,1
2026-03-25,601318,13:40:42,58.8100,727,1
2026-03-25,601318,13:40:45,58.8100,26,2
2026-03-25,601318,13:40:48,58.8200,5,2
2026-03-25,601318,13:40:51,58.8300,117,1
2026-03-25,601318,13:40:54,58.8200,28,2
2026-03-25,601318,13:40:57,58.8300,13,2
2026-03-25,601318,13:41:00,58.8200,4,2
2026-03-25,601318,13:41:03,58.8300,37,1
2026-03-25,601318,13:41:06,58.8200,66,2
2026-03-25,601318,13:41:09,58.8400,189,1
2026-03-25,601318,13:41:12,58.8400,86,2
2026-03-25,601318,13:41:15,58.8400,126,2
2026-03-25,601318,13:41:18,58.8400,42,2
2026-03-25,601318,13:41:21,58.8600,67,1
2026-03-25,601318,13:41:24,58.8700,30,1
2026-03-25,601318,13:41:27,58.8600,41,2
2026-03-25,601318,13:41:30,58.8500,97,2
2026-03-25,601318,13:41:33,58.8700,144,1
2026-03-25,601318,13:41:36,58.8700,7,2
2026-03-25,601318,13:41:39,58.8800,24,1
2026-03-25,601318,13:41:42,58.8800,63,1
2026-03-25,601318,13:41:45,58.8900,754,1
2026-03-25,601318,13:41:48,58.9000,83,1
2026-03-25,601318,13:41:51,58.8900,46,2
2026-03-25,601318,13:41:54,58.8900,29,1
2026-03-25,601318,13:41:57,58.8900,89,1
2026-03-25,601318,13:42:00,58.8800,94,4
2026-03-25,601318,13:42:03,58.8800,77,1
2026-03-25,601318,13:42:06,58.8600,39,2
2026-03-25,601318,13:42:09,58.8500,69,2
2026-03-25,601318,13:42:12,58.8500,493,2
2026-03-25,601318,13:42:15,58.8600,78,1
2026-03-25,601318,13:42:18,58.8600,12,1
2026-03-25,601318,13:42:21,58.8600,64,1
2026-03-25,601318,13:42:24,58.8600,33,2
2026-03-25,601318,13:42:27,58.8600,6,2
2026-03-25,601318,13:42:30,58.8700,6,1
2026-03-25,601318,13:42:33,58.8900,290,1
2026-03-25,601318,13:42:36,58.9000,114,1
2026-03-25,601318,13:42:39,58.9000,14,1
2026-03-25,601318,13:42:42,58.9000,75,1
2026-03-25,601318,13:42:45,58.9100,42,1
2026-03-25,601318,13:42:48,58.9000,9,2
2026-03-25,601318,13:42:51,58.9100,23,1
2026-03-25,601318,13:42:54,58.9100,90,1
2026-03-25,601318,13:42:57,58.9100,61,2
2026-03-25,601318,13:43:00,58.9200,21,1
2026-03-25,601318,13:43:03,58.9200,106,1
2026-03-25,601318,13:43:06,58.9100,173,2
2026-03-25,601318,13:43:09,58.9300,99,1
2026-03-25,601318,13:43:12,58.9300,86,1
2026-03-25,601318,13:43:15,58.9300,120,1
2026-03-25,601318,13:43:18,58.9500,217,1
2026-03-25,601318,13:43:21,58.9500,109,1
2026-03-25,601318,13:43:24,58.9500,73,1
2026-03-25,601318,13:43:27,58.9600,232,1
2026-03-25,601318,13:43:30,58.9700,200,1
2026-03-25,601318,13:43:33,58.9800,101,1
2026-03-25,601318,13:43:36,58.9800,217,1
2026-03-25,601318,13:43:39,58.9900,311,1
2026-03-25,601318,13:43:42,58.9900,483,1
2026-03-25,601318,13:43:45,58.9800,292,2
2026-03-25,601318,13:43:48,58.9800,162,1
2026-03-25,601318,13:43:51,58.9800,183,1
2026-03-25,601318,13:43:54,59.0000,114,1
2026-03-25,601318,13:43:57,58.9900,265,2
2026-03-25,601318,13:44:00,58.9900,56,1
2026-03-25,601318,13:44:03,58.9800,359,2
2026-03-25,601318,13:44:06,58.9700,280,2
2026-03-25,601318,13:44:09,58.9700,34,2
2026-03-25,601318,13:44:12,58.9700,23,2
2026-03-25,601318,13:44:15,58.9800,75,1
2026-03-25,601318,13:44:18,58.9600,81,2
2026-03-25,601318,13:44:21,58.9600,496,2
2026-03-25,601318,13:44:24,58.9800,206,1
2026-03-25,601318,13:44:27,58.9800,147,1
2026-03-25,601318,13:44:30,58.9900,115,1
2026-03-25,601318,13:44:33,58.9800,189,2
2026-03-25,601318,13:44:36,58.9700,42,2
2026-03-25,601318,13:44:39,58.9700,56,1
2026-03-25,601318,13:44:42,58.9500,165,2
2026-03-25,601318,13:44:45,58.9300,246,2
2026-03-25,601318,13:44:48,58.9400,72,1
2026-03-25,601318,13:44:51,58.9300,72,2
2026-03-25,601318,13:44:54,58.9100,115,2
2026-03-25,601318,13:44:57,58.9000,134,2
2026-03-25,601318,13:45:00,58.9200,128,1
2026-03-25,601318,13:45:03,58.9200,11,2
2026-03-25,601318,13:45:06,58.9300,66,1
2026-03-25,601318,13:45:09,58.9300,27,2
2026-03-25,601318,13:45:12,58.9200,94,2
2026-03-25,601318,13:45:15,58.9100,43,2
2026-03-25,601318,13:45:18,58.9000,62,2
2026-03-25,601318,13:45:21,58.9000,26,2
2026-03-25,601318,13:45:24,58.9000,102,2
2026-03-25,601318,13:45:27,58.8900,63,2
2026-03-25,601318,13:45:30,58.8800,76,2
2026-03-25,601318,13:45:33,58.8800,15,1
2026-03-25,601318,13:45:36,58.8700,34,2
2026-03-25,601318,13:45:39,58.8600,108,2
2026-03-25,601318,13:45:42,58.8400,141,2
2026-03-25,601318,13:45:45,58.8600,207,1
2026-03-25,601318,13:45:48,58.8600,124,1
2026-03-25,601318,13:45:51,58.8700,165,1
2026-03-25,601318,13:45:54,58.8600,62,2
2026-03-25,601318,13:45:57,58.8600,47,2
2026-03-25,601318,13:46:00,58.8600,16,2
2026-03-25,601318,13:46:03,58.8700,17,1
2026-03-25,601318,13:46:06,58.8700,74,1
2026-03-25,601318,13:46:09,58.8600,97,2
2026-03-25,601318,13:46:12,58.8700,42,2
2026-03-25,601318,13:46:15,58.9000,214,1
2026-03-25,601318,13:46:18,58.8600,44,2
2026-03-25,601318,13:46:21,58.8700,31,1
2026-03-25,601318,13:46:24,58.8700,31,2
2026-03-25,601318,13:46:27,58.8700,16,2
2026-03-25,601318,13:46:30,58.8700,18,1
2026-03-25,601318,13:46:33,58.8700,46,4
2026-03-25,601318,13:46:36,58.8600,14,2
2026-03-25,601318,13:46:39,58.8600,28,2
2026-03-25,601318,13:46:42,58.8600,83,2
2026-03-25,601318,13:46:45,58.8700,36,1
2026-03-25,601318,13:46:48,58.8600,1,2
2026-03-25,601318,13:46:51,58.8600,24,2
2026-03-25,601318,13:46:54,58.8700,153,1
2026-03-25,601318,13:46:57,58.8600,89,2
2026-03-25,601318,13:47:00,58.8600,44,1
2026-03-25,601318,13:47:03,58.8600,100,1
2026-03-25,601318,13:47:06,58.8600,149,1
2026-03-25,601318,13:47:09,58.8800,499,1
2026-03-25,601318,13:47:12,58.8900,67,2
2026-03-25,601318,13:47:15,58.9000,73,2
2026-03-25,601318,13:47:18,58.9200,26,1
2026-03-25,601318,13:47:21,58.9000,10,2
2026-03-25,601318,13:47:24,58.9200,49,1
2026-03-25,601318,13:47:27,58.9300,127,1
2026-03-25,601318,13:47:30,58.9300,50,2
2026-03-25,601318,13:47:33,58.9300,86,2
2026-03-25,601318,13:47:36,58.9300,38,2
2026-03-25,601318,13:47:39,58.9300,30,1
2026-03-25,601318,13:47:42,58.9300,35,1
2026-03-25,601318,13:47:45,58.9200,50,2
2026-03-25,601318,13:47:48,58.9200,87,2
2026-03-25,601318,13:47:51,58.9100,141,2
2026-03-25,601318,13:47:54,58.8900,76,2
2026-03-25,601318,13:47:57,58.9000,75,1
2026-03-25,601318,13:48:00,58.8800,37,2
2026-03-25,601318,13:48:03,58.8700,71,2
2026-03-25,601318,13:48:06,58.8700,46,2
2026-03-25,601318,13:48:09,58.8800,84,1
2026-03-25,601318,13:48:12,58.8800,145,1
2026-03-25,601318,13:48:15,58.8800,29,1
2026-03-25,601318,13:48:18,58.8800,41,2
2026-03-25,601318,13:48:21,58.8900,5,1
2026-03-25,601318,13:48:24,58.8900,6,1
2026-03-25,601318,13:48:27,58.8900,52,1
2026-03-25,601318,13:48:30,58.8900,20,4
2026-03-25,601318,13:48:33,58.8900,14,1
2026-03-25,601318,13:48:36,58.8800,7,2
2026-03-25,601318,13:48:39,58.8900,50,1
2026-03-25,601318,13:48:42,58.8900,37,1
2026-03-25,601318,13:48:45,58.8900,99,2
2026-03-25,601318,13:48:48,58.8900,31,1
2026-03-25,601318,13:48:51,58.8900,29,2
2026-03-25,601318,13:48:54,58.9000,314,1
2026-03-25,601318,13:48:57,58.9000,88,2
2026-03-25,601318,13:49:00,58.9000,12,2
2026-03-25,601318,13:49:03,58.9000,9,2
2026-03-25,601318,13:49:06,58.9000,568,2
2026-03-25,601318,13:49:09,58.8700,153,2
2026-03-25,601318,13:49:12,58.8800,28,1
2026-03-25,601318,13:49:18,58.8800,45,1
2026-03-25,601318,13:49:21,58.8700,53,2
2026-03-25,601318,13:49:24,58.8700,150,2
2026-03-25,601318,13:49:27,58.8800,23,1
2026-03-25,601318,13:49:30,58.8700,9,2
2026-03-25,601318,13:49:33,58.8800,9,1
2026-03-25,601318,13:49:36,58.8700,78,2
2026-03-25,601318,13:49:39,58.8700,216,2
2026-03-25,601318,13:49:42,58.8700,23,1
2026-03-25,601318,13:49:45,58.8700,35,1
2026-03-25,601318,13:49:48,58.8700,45,1
2026-03-25,601318,13:49:51,58.8700,26,1
2026-03-25,601318,13:49:54,58.8600,31,2
2026-03-25,601318,13:49:57,58.8600,94,2
2026-03-25,601318,13:50:00,58.8600,28,2
2026-03-25,601318,13:50:03,58.8700,355,1
2026-03-25,601318,13:50:06,58.8800,36,4
2026-03-25,601318,13:50:09,58.8700,39,2
2026-03-25,601318,13:50:12,58.8700,79,2
2026-03-25,601318,13:50:15,58.8900,76,1
2026-03-25,601318,13:50:18,58.8700,40,2
2026-03-25,601318,13:50:21,58.8700,66,2
2026-03-25,601318,13:50:24,58.8800,29,1
2026-03-25,601318,13:50:27,58.8800,39,1
2026-03-25,601318,13:50:30,58.8800,3,1
2026-03-25,601318,13:50:33,58.8800,51,1
2026-03-25,601318,13:50:36,58.8800,27,1
2026-03-25,601318,13:50:39,58.8700,138,2
2026-03-25,601318,13:50:42,58.8800,9,1
2026-03-25,601318,13:50:45,58.8800,85,1
2026-03-25,601318,13:50:48,58.8700,18,2
2026-03-25,601318,13:50:51,58.8700,11,2
2026-03-25,601318,13:50:54,58.8800,36,1
2026-03-25,601318,13:50:57,58.8700,15,2
2026-03-25,601318,13:51:00,58.8700,27,2
2026-03-25,601318,13:51:03,58.8700,10,1
2026-03-25,601318,13:51:06,58.8600,60,2
2026-03-25,601318,13:51:09,58.8500,194,2
2026-03-25,601318,13:51:12,58.8500,73,2
2026-03-25,601318,13:51:15,58.8400,36,2
2026-03-25,601318,13:51:18,58.8300,55,2
2026-03-25,601318,13:51:21,58.8200,50,2
2026-03-25,601318,13:51:24,58.8200,89,2
2026-03-25,601318,13:51:27,58.8100,107,2
2026-03-25,601318,13:51:30,58.8100,45,2
2026-03-25,601318,13:51:33,58.8100,54,1
2026-03-25,601318,13:51:36,58.8100,56,1
2026-03-25,601318,13:51:39,58.8100,17,1
2026-03-25,601318,13:51:42,58.8000,43,2
2026-03-25,601318,13:51:45,58.8000,19,2
2026-03-25,601318,13:51:48,58.8000,16,2
2026-03-25,601318,13:51:51,58.8000,140,2
2026-03-25,601318,13:51:54,58.8000,95,2
2026-03-25,601318,13:51:57,58.8000,26,2
2026-03-25,601318,13:52:00,58.8000,21,2
2026-03-25,601318,13:52:03,58.8000,115,2
2026-03-25,601318,13:52:06,58.7900,60,2
2026-03-25,601318,13:52:09,58.7900,14,2
2026-03-25,601318,13:52:12,58.7900,49,2
2026-03-25,601318,13:52:15,58.8000,31,1
2026-03-25,601318,13:52:18,58.7900,18,2
2026-03-25,601318,13:52:21,58.7900,31,4
2026-03-25,601318,13:52:24,58.7900,22,2
2026-03-25,601318,13:52:27,58.7800,26,2
2026-03-25,601318,13:52:30,58.7900,258,1
2026-03-25,601318,13:52:33,58.7900,43,2
2026-03-25,601318,13:52:36,58.7900,41,2
2026-03-25,601318,13:52:39,58.7900,15,1
2026-03-25,601318,13:52:42,58.7800,29,2
2026-03-25,601318,13:52:45,58.7900,17,1
2026-03-25,601318,13:52:48,58.7800,47,2
2026-03-25,601318,13:52:51,58.7800,35,4
2026-03-25,601318,13:52:54,58.7700,28,2
2026-03-25,601318,13:52:57,58.7800,38,1
2026-03-25,601318,13:53:00,58.7800,110,1
2026-03-25,601318,13:53:03,58.7700,144,2
2026-03-25,601318,13:53:06,58.7700,241,2
2026-03-25,601318,13:53:09,58.7700,71,2
2026-03-25,601318,13:53:12,58.7700,140,1
2026-03-25,601318,13:53:15,58.7700,91,1
2026-03-25,601318,13:53:18,58.7600,78,2
2026-03-25,601318,13:53:21,58.7600,96,1
2026-03-25,601318,13:53:24,58.7600,278,1
2026-03-25,601318,13:53:27,58.7600,153,2
2026-03-25,601318,13:53:30,58.7700,29,1
2026-03-25,601318,13:53:33,58.7600,244,2
2026-03-25,601318,13:53:36,58.7600,17,1
2026-03-25,601318,13:53:39,58.7600,5,1
2026-03-25,601318,13:53:42,58.7500,31,2
2026-03-25,601318,13:53:45,58.7500,100,2
2026-03-25,601318,13:53:48,58.7400,50,2
2026-03-25,601318,13:53:51,58.7500,154,2
2026-03-25,601318,13:53:54,58.7500,48,2
2026-03-25,601318,13:53:57,58.7500,32,2
2026-03-25,601318,13:54:00,58.7400,42,2
2026-03-25,601318,13:54:03,58.7400,45,2
2026-03-25,601318,13:54:06,58.7300,66,2
2026-03-25,601318,13:54:09,58.7300,72,2
2026-03-25,601318,13:54:12,58.7300,19,1
2026-03-25,601318,13:54:15,58.7200,5,2
2026-03-25,601318,13:54:18,58.7200,2,2
2026-03-25,601318,13:54:21,58.7200,85,2
2026-03-25,601318,13:54:24,58.7300,67,1
2026-03-25,601318,13:54:27,58.7200,62,2
2026-03-25,601318,13:54:30,58.7300,51,1
2026-03-25,601318,13:54:33,58.7200,113,2
2026-03-25,601318,13:54:36,58.7500,287,1
2026-03-25,601318,13:54:39,58.7300,31,2
2026-03-25,601318,13:54:42,58.7500,110,1
2026-03-25,601318,13:54:45,58.7400,50,2
2026-03-25,601318,13:54:48,58.7400,24,2
2026-03-25,601318,13:54:51,58.7400,30,2
2026-03-25,601318,13:54:54,58.7500,30,1
2026-03-25,601318,13:54:57,58.7400,32,2
2026-03-25,601318,13:55:00,58.7400,68,2
2026-03-25,601318,13:55:03,58.7500,132,1
2026-03-25,601318,13:55:06,58.7500,45,2
2026-03-25,601318,13:55:09,58.7500,40,2
2026-03-25,601318,13:55:12,58.7500,9,2
2026-03-25,601318,13:55:15,58.7500,76,2
2026-03-25,601318,13:55:18,58.7400,60,2
2026-03-25,601318,13:55:21,58.7400,47,2
2026-03-25,601318,13:55:24,58.7500,26,1
2026-03-25,601318,13:55:27,58.7500,3,1
2026-03-25,601318,13:55:30,58.7500,61,1
2026-03-25,601318,13:55:33,58.7500,266,1
2026-03-25,601318,13:55:36,58.7500,80,2
2026-03-25,601318,13:55:39,58.7500,18,2
2026-03-25,601318,13:55:42,58.7600,2,4
2026-03-25,601318,13:55:45,58.7600,13,1
2026-03-25,601318,13:55:48,58.7500,18,2
2026-03-25,601318,13:55:51,58.7500,49,2
2026-03-25,601318,13:55:54,58.7500,64,2
2026-03-25,601318,13:55:57,58.7500,30,1
2026-03-25,601318,13:56:00,58.7500,2,1
2026-03-25,601318,13:56:03,58.7400,94,2
2026-03-25,601318,13:56:06,58.7500,18,1
2026-03-25,601318,13:56:09,58.7500,335,1
2026-03-25,601318,13:56:12,58.7500,20,2
2026-03-25,601318,13:56:15,58.7500,8,2
2026-03-25,601318,13:56:18,58.7600,39,1
2026-03-25,601318,13:56:21,58.7600,83,1
2026-03-25,601318,13:56:24,58.7600,112,1
2026-03-25,601318,13:56:27,58.7500,40,2
2026-03-25,601318,13:56:30,58.7600,11,2
2026-03-25,601318,13:56:33,58.7600,51,1
2026-03-25,601318,13:56:36,58.7500,172,2
2026-03-25,601318,13:56:39,58.7600,20,1
2026-03-25,601318,13:56:42,58.7500,45,2
2026-03-25,601318,13:56:45,58.7500,22,2
2026-03-25,601318,13:56:48,58.7600,6,1
2026-03-25,601318,13:56:51,58.7600,3,1
2026-03-25,601318,13:56:54,58.7500,3,2
2026-03-25,601318,13:56:57,58.7600,5,1
2026-03-25,601318,13:57:00,58.7600,98,1
2026-03-25,601318,13:57:03,58.7500,218,2
2026-03-25,601318,13:57:06,58.7500,193,2
2026-03-25,601318,13:57:09,58.7500,259,2
2026-03-25,601318,13:57:12,58.7500,3,2
2026-03-25,601318,13:57:15,58.7600,36,1
2026-03-25,601318,13:57:18,58.7600,230,1
2026-03-25,601318,13:57:21,58.7600,35,2
2026-03-25,601318,13:57:24,58.7600,33,2
2026-03-25,601318,13:57:27,58.7700,7,1
2026-03-25,601318,13:57:30,58.7700,17,1
2026-03-25,601318,13:57:33,58.7700,33,1
2026-03-25,601318,13:57:36,58.7700,2,1
2026-03-25,601318,13:57:39,58.7700,9,1
2026-03-25,601318,13:57:42,58.7700,25,1
2026-03-25,601318,13:57:45,58.7600,112,2
2026-03-25,601318,13:57:48,58.7600,382,2
2026-03-25,601318,13:57:51,58.7600,45,2
2026-03-25,601318,13:57:54,58.7700,2,1
2026-03-25,601318,13:57:57,58.7600,5,2
2026-03-25,601318,13:58:00,58.7800,24,1
2026-03-25,601318,13:58:03,58.7700,36,2
2026-03-25,601318,13:58:06,58.7800,54,1
2026-03-25,601318,13:58:09,58.7800,34,2
2026-03-25,601318,13:58:12,58.7800,75,2
2026-03-25,601318,13:58:15,58.7700,111,2
2026-03-25,601318,13:58:18,58.7600,114,2
2026-03-25,601318,13:58:21,58.7700,12,1
2026-03-25,601318,13:58:24,58.7700,11,1
2026-03-25,601318,13:58:27,58.7600,8,2
2026-03-25,601318,13:58:30,58.7700,9,1
2026-03-25,601318,13:58:33,58.7600,71,2
2026-03-25,601318,13:58:36,58.7700,118,1
2026-03-25,601318,13:58:39,58.7800,5,1
2026-03-25,601318,13:58:42,58.7800,46,1
2026-03-25,601318,13:58:45,58.7800,24,1
2026-03-25,601318,13:58:48,58.7700,15,2
2026-03-25,601318,13:58:51,58.7700,3,2
2026-03-25,601318,13:58:57,58.7800,1,1
2026-03-25,601318,13:59:00,58.7700,38,2
2026-03-25,601318,13:59:03,58.7800,29,1
2026-03-25,601318,13:59:06,58.7700,86,2
2026-03-25,601318,13:59:09,58.7800,6,1
2026-03-25,601318,13:59:12,58.7700,11,2
2026-03-25,601318,13:59:15,58.7800,13,1
2026-03-25,601318,13:59:18,58.7700,17,2
2026-03-25,601318,13:59:21,58.7700,17,2
2026-03-25,601318,13:59:24,58.7800,31,1
2026-03-25,601318,13:59:27,58.7700,7,2
2026-03-25,601318,13:59:30,58.7700,2,2
2026-03-25,601318,13:59:33,58.7800,17,1
2026-03-25,601318,13:59:36,58.7800,339,1
2026-03-25,601318,13:59:39,58.7900,73,1
2026-03-25,601318,13:59:42,58.7800,1,2
2026-03-25,601318,13:59:45,58.7800,4,2
2026-03-25,601318,13:59:48,58.7800,135,2
2026-03-25,601318,13:59:51,58.7800,71,2
2026-03-25,601318,13:59:54,58.7900,59,1
2026-03-25,601318,13:59:57,58.7900,5,2
2026-03-25,601318,14:00:00,58.7900,17,2
2026-03-25,601318,14:00:03,58.8000,119,1
2026-03-25,601318,14:00:06,58.7900,48,2
2026-03-25,601318,14:00:09,58.8100,29,1
2026-03-25,601318,14:00:12,58.8100,72,1
2026-03-25,601318,14:00:15,58.8100,55,1
2026-03-25,601318,14:00:18,58.8200,5,1
2026-03-25,601318,14:00:21,58.8100,104,2
2026-03-25,601318,14:00:24,58.8200,39,1
2026-03-25,601318,14:00:27,58.8200,32,2
2026-03-25,601318,14:00:30,58.8200,15,2
2026-03-25,601318,14:00:33,58.8200,11,2
2026-03-25,601318,14:00:36,58.8200,109,2
2026-03-25,601318,14:00:39,58.8300,64,1
2026-03-25,601318,14:00:42,58.8100,64,2
2026-03-25,601318,14:00:45,58.8100,97,2
2026-03-25,601318,14:00:48,58.8100,53,2
2026-03-25,601318,14:00:51,58.8200,24,1
2026-03-25,601318,14:00:54,58.8100,24,2
2026-03-25,601318,14:00:57,58.8100,39,2
2026-03-25,601318,14:01:00,58.8000,7,2
2026-03-25,601318,14:01:03,58.8100,54,1
2026-03-25,601318,14:01:06,58.8100,50,1
2026-03-25,601318,14:01:09,58.8100,133,1
2026-03-25,601318,14:01:12,58.7900,146,2
2026-03-25,601318,14:01:15,58.7900,91,2
2026-03-25,601318,14:01:18,58.7900,55,2
2026-03-25,601318,14:01:21,58.8000,31,1
2026-03-25,601318,14:01:24,58.7900,13,2
2026-03-25,601318,14:01:27,58.7900,37,2
2026-03-25,601318,14:01:30,58.7900,26,2
2026-03-25,601318,14:01:33,58.8000,19,1
2026-03-25,601318,14:01:36,58.7900,12,2
2026-03-25,601318,14:01:39,58.8000,49,1
2026-03-25,601318,14:01:42,58.7800,58,2
2026-03-25,601318,14:01:45,58.7800,101,2
2026-03-25,601318,14:01:48,58.7900,35,1
2026-03-25,601318,14:01:51,58.7800,52,2
2026-03-25,601318,14:01:54,58.7800,28,2
2026-03-25,601318,14:01:57,58.7800,48,2
2026-03-25,601318,14:02:00,58.7800,75,2
2026-03-25,601318,14:02:03,58.7700,137,2
2026-03-25,601318,14:02:06,58.7800,137,1
2026-03-25,601318,14:02:09,58.7700,104,2
2026-03-25,601318,14:02:12,58.7700,24,2
2026-03-25,601318,14:02:15,58.7700,96,2
2026-03-25,601318,14:02:18,58.7600,61,2
2026-03-25,601318,14:02:21,58.7500,30,2
2026-03-25,601318,14:02:24,58.7400,95,2
2026-03-25,601318,14:02:27,58.7300,81,2
2026-03-25,601318,14:02:30,58.7200,139,2
2026-03-25,601318,14:02:33,58.7200,99,2
2026-03-25,601318,14:02:36,58.7100,143,2
2026-03-25,601318,14:02:39,58.7100,37,2
2026-03-25,601318,14:02:42,58.7100,44,2
2026-03-25,601318,14:02:45,58.7100,30,2
2026-03-25,601318,14:02:48,58.7100,24,2
2026-03-25,601318,14:02:51,58.7100,33,2
2026-03-25,601318,14:02:54,58.7600,725,1
2026-03-25,601318,14:02:57,58.7700,112,1
2026-03-25,601318,14:03:00,58.7700,11,2
2026-03-25,601318,14:03:03,58.7700,14,2
2026-03-25,601318,14:03:06,58.7400,48,2
2026-03-25,601318,14:03:09,58.7600,21,1
2026-03-25,601318,14:03:12,58.7600,4,2
2026-03-25,601318,14:03:15,58.7600,200,2
2026-03-25,601318,14:03:18,58.7500,30,1
2026-03-25,601318,14:03:21,58.7600,7,1
2026-03-25,601318,14:03:24,58.7500,35,2
2026-03-25,601318,14:03:27,58.7500,34,2
2026-03-25,601318,14:03:30,58.7500,162,2
2026-03-25,601318,14:03:33,58.7300,20,2
2026-03-25,601318,14:03:36,58.7300,32,2
2026-03-25,601318,14:03:39,58.7200,82,2
2026-03-25,601318,14:03:42,58.7200,22,2
2026-03-25,601318,14:03:45,58.7200,13,2
2026-03-25,601318,14:03:48,58.7300,83,1
2026-03-25,601318,14:03:51,58.7200,18,2
2026-03-25,601318,14:03:54,58.7200,64,2
2026-03-25,601318,14:03:57,58.7300,32,1
2026-03-25,601318,14:04:00,58.7200,30,2
2026-03-25,601318,14:04:03,58.7100,136,2
2026-03-25,601318,14:04:06,58.7100,27,2
2026-03-25,601318,14:04:09,58.7200,7,1
2026-03-25,601318,14:04:12,58.7200,12,1
2026-03-25,601318,14:04:15,58.7100,19,2
2026-03-25,601318,14:04:18,58.7100,263,2
2026-03-25,601318,14:04:21,58.7100,225,2
2026-03-25,601318,14:04:24,58.7200,94,1
2026-03-25,601318,14:04:27,58.7000,88,2
2026-03-25,601318,14:04:30,58.7000,78,2
2026-03-25,601318,14:04:33,58.7000,154,2
2026-03-25,601318,14:04:36,58.7000,45,2
2026-03-25,601318,14:04:39,58.7000,39,2
2026-03-25,601318,14:04:42,58.7000,5,2
2026-03-25,601318,14:04:45,58.7000,13,2
2026-03-25,601318,14:04:48,58.7000,75,2
2026-03-25,601318,14:04:51,58.7000,77,2
2026-03-25,601318,14:04:54,58.7000,28,2
2026-03-25,601318,14:04:57,58.7000,27,2
2026-03-25,601318,14:05:00,58.7000,17,2
2026-03-25,601318,14:05:03,58.7100,44,1
2026-03-25,601318,14:05:06,58.7000,30,2
2026-03-25,601318,14:05:09,58.7000,145,2
2026-03-25,601318,14:05:12,58.7000,107,2
2026-03-25,601318,14:05:15,58.7000,42,2
2026-03-25,601318,14:05:18,58.7000,164,2
2026-03-25,601318,14:05:21,58.7000,416,2
2026-03-25,601318,14:05:24,58.7000,230,2
2026-03-25,601318,14:05:27,58.7000,38,2
2026-03-25,601318,14:05:30,58.7000,48,2
2026-03-25,601318,14:05:33,58.7000,144,2
2026-03-25,601318,14:05:36,58.7000,43,2
2026-03-25,601318,14:05:39,58.7000,33,2
2026-03-25,601318,14:05:42,58.7000,153,2
2026-03-25,601318,14:05:45,58.7000,41,2
2026-03-25,601318,14:05:48,58.7100,331,1
2026-03-25,601318,14:05:51,58.7100,5,2
2026-03-25,601318,14:05:54,58.7100,14,2
2026-03-25,601318,14:05:57,58.7200,73,1
2026-03-25,601318,14:06:00,58.7300,159,1
2026-03-25,601318,14:06:03,58.7500,142,1
2026-03-25,601318,14:06:06,58.7400,88,2
2026-03-25,601318,14:06:09,58.7500,4,1
2026-03-25,601318,14:06:12,58.7500,63,1
2026-03-25,601318,14:06:15,58.7500,20,1
2026-03-25,601318,14:06:18,58.7500,1,1
2026-03-25,601318,14:06:21,58.7400,16,2
2026-03-25,601318,14:06:24,58.7400,66,2
2026-03-25,601318,14:06:27,58.7400,38,2
2026-03-25,601318,14:06:30,58.7400,41,2
2026-03-25,601318,14:06:33,58.7400,35,1
2026-03-25,601318,14:06:36,58.7200,48,2
2026-03-25,601318,10:55:57,58.8500,27,1
2026-03-25,601318,10:56:00,58.8400,40,2
2026-03-25,601318,10:56:03,58.8400,25,2
2026-03-25,601318,10:56:06,58.8400,6,2
2026-03-25,601318,10:56:09,58.8500,14,1
2026-03-25,601318,10:56:12,58.8500,58,1
2026-03-25,601318,10:56:15,58.8500,41,1
2026-03-25,601318,10:56:18,58.8500,34,1
2026-03-25,601318,10:56:21,58.8500,22,2
2026-03-25,601318,10:56:24,58.8500,13,2
2026-03-25,601318,10:56:27,58.8600,16,4
2026-03-25,601318,10:56:30,58.8400,212,2
2026-03-25,601318,10:56:33,58.8400,115,1
2026-03-25,601318,10:56:36,58.8300,1,2
2026-03-25,601318,10:56:39,58.8400,35,1
2026-03-25,601318,10:56:42,58.8300,6,2
2026-03-25,601318,10:56:45,58.8400,56,1
2026-03-25,601318,10:56:48,58.8300,76,2
2026-03-25,601318,10:56:51,58.8300,29,2
2026-03-25,601318,10:56:54,58.8200,19,2
2026-03-25,601318,10:56:57,58.8200,3,2
2026-03-25,601318,10:57:00,58.8200,1,2
2026-03-25,601318,10:57:03,58.8300,12,1
2026-03-25,601318,10:57:06,58.8300,16,1
2026-03-25,601318,10:57:09,58.8200,23,2
2026-03-25,601318,10:57:12,58.8200,73,2
2026-03-25,601318,10:57:15,58.8200,41,2
2026-03-25,601318,10:57:18,58.8300,30,1
2026-03-25,601318,10:57:21,58.8200,14,2
2026-03-25,601318,10:57:24,58.8300,29,1
2026-03-25,601318,10:57:27,58.8200,5,2
2026-03-25,601318,10:57:30,58.8100,18,2
2026-03-25,601318,10:57:33,58.8200,35,1
2026-03-25,601318,10:57:36,58.8200,28,2
2026-03-25,601318,10:57:39,58.8200,55,1
2026-03-25,601318,10:57:42,58.8200,290,1
2026-03-25,601318,10:57:45,58.8000,12,2
2026-03-25,601318,10:57:48,58.7900,168,2
2026-03-25,601318,10:57:51,58.7900,17,2
2026-03-25,601318,10:57:54,58.7500,668,2
2026-03-25,601318,10:57:57,58.7400,279,2
2026-03-25,601318,10:58:00,58.7400,739,2
2026-03-25,601318,10:58:03,58.7600,182,1
2026-03-25,601318,10:58:06,58.7600,101,1
2026-03-25,601318,10:58:09,58.7500,79,2
2026-03-25,601318,10:58:12,58.7500,128,1
2026-03-25,601318,10:58:15,58.7400,138,2
2026-03-25,601318,10:58:18,58.7500,98,4
2026-03-25,601318,10:58:21,58.7300,63,2
2026-03-25,601318,10:58:24,58.7100,84,2
2026-03-25,601318,10:58:27,58.7100,140,2
2026-03-25,601318,10:58:30,58.7100,128,1
2026-03-25,601318,10:58:33,58.7100,78,1
2026-03-25,601318,10:58:36,58.7100,6,4
2026-03-25,601318,10:58:39,58.7200,9,1
2026-03-25,601318,10:58:42,58.7100,81,2
2026-03-25,601318,10:58:45,58.7200,188,1
2026-03-25,601318,10:58:48,58.7300,100,2
2026-03-25,601318,10:58:51,58.7100,121,2
2026-03-25,601318,10:58:54,58.6900,2058,2
2026-03-25,601318,10:58:57,58.7100,45,2
2026-03-25,601318,10:59:00,58.7000,37,2
2026-03-25,601318,10:59:03,58.7200,85,1
2026-03-25,601318,10:59:06,58.7100,34,2
2026-03-25,601318,10:59:09,58.7200,214,2
2026-03-25,601318,10:59:12,58.7300,28,4
2026-03-25,601318,10:59:15,58.7300,17,1
2026-03-25,601318,10:59:18,58.7200,5,2
2026-03-25,601318,10:59:21,58.7200,63,2
2026-03-25,601318,10:59:24,58.7200,37,2
2026-03-25,601318,10:59:27,58.7200,55,1
2026-03-25,601318,10:59:30,58.7300,27,1
2026-03-25,601318,10:59:33,58.7200,5,4
2026-03-25,601318,10:59:36,58.7200,7,2
2026-03-25,601318,10:59:39,58.7200,30,1
2026-03-25,601318,10:59:42,58.7400,30,1
2026-03-25,601318,10:59:45,58.7300,9,4
2026-03-25,601318,10:59:48,58.7300,303,2
2026-03-25,601318,10:59:51,58.7300,7,2
2026-03-25,601318,10:59:54,58.7300,40,2
2026-03-25,601318,10:59:57,58.7500,26,1
2026-03-25,601318,11:00:00,58.7500,2,1
2026-03-25,601318,11:00:03,58.7300,36,2
2026-03-25,601318,11:00:06,58.7400,28,1
2026-03-25,601318,11:00:09,58.7400,27,1
2026-03-25,601318,11:00:12,58.7400,2,1
2026-03-25,601318,11:00:15,58.7300,50,2
2026-03-25,601318,11:00:18,58.7400,25,1
2026-03-25,601318,11:00:21,58.7400,7,1
2026-03-25,601318,11:00:24,58.7400,20,1
2026-03-25,601318,11:00:27,58.7400,20,1
2026-03-25,601318,11:00:30,58.7300,17,2
2026-03-25,601318,11:00:33,58.7300,14,2
2026-03-25,601318,11:00:36,58.7300,12,2
2026-03-25,601318,11:00:39,58.7300,82,2
2026-03-25,601318,11:00:42,58.7200,32,2
2026-03-25,601318,11:00:45,58.7200,17,2
2026-03-25,601318,11:00:48,58.7200,14,2
2026-03-25,601318,11:00:51,58.7300,566,1
2026-03-25,601318,11:00:54,58.7500,84,1
2026-03-25,601318,11:00:57,58.7500,62,1
2026-03-25,601318,11:01:00,58.7600,8,1
2026-03-25,601318,11:01:03,58.7600,14,1
2026-03-25,601318,11:01:06,58.7500,57,2
2026-03-25,601318,11:01:09,58.7600,101,1
2026-03-25,601318,11:01:12,58.7500,152,2
2026-03-25,601318,11:01:15,58.7600,23,1
2026-03-25,601318,11:01:18,58.7600,5,1
2026-03-25,601318,11:01:21,58.7500,21,2
2026-03-25,601318,11:01:24,58.7500,173,2
2026-03-25,601318,11:01:27,58.7500,69,2
2026-03-25,601318,11:01:30,58.7500,46,2
2026-03-25,601318,11:01:33,58.7500,8,1
2026-03-25,601318,11:01:36,58.7500,27,2
2026-03-25,601318,11:01:39,58.7600,4,1
2026-03-25,601318,11:01:45,58.7500,9,2
2026-03-25,601318,11:01:48,58.7500,76,2
2026-03-25,601318,11:01:51,58.7300,108,2
2026-03-25,601318,11:01:54,58.7400,32,4
2026-03-25,601318,11:02:00,58.7300,15,2
2026-03-25,601318,11:02:03,58.7300,11,2
2026-03-25,601318,11:02:06,58.7300,21,2
2026-03-25,601318,11:02:09,58.7400,103,1
2026-03-25,601318,11:02:12,58.7400,28,1
2026-03-25,601318,11:02:15,58.7300,43,2
2026-03-25,601318,11:02:18,58.7300,47,2
2026-03-25,601318,11:02:21,58.7300,149,2
2026-03-25,601318,11:02:24,58.7300,193,1
2026-03-25,601318,11:02:27,58.7400,65,1
2026-03-25,601318,11:02:30,58.7300,113,2
2026-03-25,601318,11:02:33,58.7300,51,2
2026-03-25,601318,11:02:36,58.7400,135,1
2026-03-25,601318,11:02:39,58.7300,48,2
2026-03-25,601318,11:02:42,58.7300,39,2
2026-03-25,601318,11:02:45,58.7300,96,2
2026-03-25,601318,11:02:48,58.7300,48,2
2026-03-25,601318,11:02:51,58.7400,74,1
2026-03-25,601318,11:02:54,58.7300,35,2
2026-03-25,601318,11:02:57,58.7300,135,1
2026-03-25,601318,11:03:00,58.7400,42,1
2026-03-25,601318,11:03:03,58.7400,125,2
2026-03-25,601318,11:03:06,58.7600,6,4
2026-03-25,601318,11:03:09,58.7700,18,1
2026-03-25,601318,11:03:12,58.7600,1,2
2026-03-25,601318,11:03:15,58.7600,4,2
2026-03-25,601318,11:03:18,58.7600,34,2
2026-03-25,601318,11:03:21,58.7700,74,1
2026-03-25,601318,11:03:24,58.7700,3,4
2026-03-25,601318,11:03:30,58.7700,35,1
2026-03-25,601318,11:03:33,58.7600,71,2
2026-03-25,601318,11:03:39,58.7800,51,1
2026-03-25,601318,11:03:42,58.7600,1,2
2026-03-25,601318,11:03:45,58.7700,8,1
2026-03-25,601318,11:03:48,58.7600,46,2
2026-03-25,601318,11:03:51,58.7600,30,1
2026-03-25,601318,11:03:54,58.7600,4,1
2026-03-25,601318,11:03:57,58.7600,74,1
2026-03-25,601318,11:04:00,58.7200,175,2
2026-03-25,601318,11:04:03,58.7200,102,2
2026-03-25,601318,11:04:06,58.7200,76,2
2026-03-25,601318,11:04:09,58.7400,136,1
2026-03-25,601318,11:04:12,58.7300,15,1
2026-03-25,601318,11:04:15,58.7100,55,2
2026-03-25,601318,11:04:21,58.7200,32,4
2026-03-25,601318,11:04:24,58.7100,83,2
2026-03-25,601318,11:04:27,58.7100,43,2
2026-03-25,601318,11:04:30,58.7100,84,2
2026-03-25,601318,11:04:33,58.7100,11,2
2026-03-25,601318,11:04:36,58.7100,35,2
2026-03-25,601318,11:04:39,58.7000,113,2
2026-03-25,601318,11:04:42,58.7000,78,2
2026-03-25,601318,11:04:45,58.7000,297,2
2026-03-25,601318,11:04:48,58.6800,276,2
2026-03-25,601318,11:04:51,58.6600,726,2
2026-03-25,601318,11:04:54,58.6600,606,2
2026-03-25,601318,11:04:57,58.6500,244,2
2026-03-25,601318,11:05:00,58.6600,144,1
2026-03-25,601318,11:05:03,58.6500,198,4
2026-03-25,601318,11:05:06,58.6600,93,2
2026-03-25,601318,11:05:09,58.6600,12,2
2026-03-25,601318,11:05:12,58.6700,64,4
2026-03-25,601318,11:05:15,58.6500,183,4
2026-03-25,601318,11:05:18,58.6500,563,1
2026-03-25,601318,11:05:21,58.6600,188,1
2026-03-25,601318,11:05:24,58.6600,63,1
2026-03-25,601318,11:05:27,58.6400,81,2
2026-03-25,601318,11:05:30,58.6500,197,1
2026-03-25,601318,11:05:33,58.6500,23,2
2026-03-25,601318,11:05:36,58.6500,94,2
2026-03-25,601318,11:05:39,58.6700,186,1
2026-03-25,601318,11:05:42,58.6600,42,2
2026-03-25,601318,11:05:45,58.6700,153,1
2026-03-25,601318,11:05:48,58.6900,114,1
2026-03-25,601318,11:05:51,58.7000,10,1
2026-03-25,601318,11:05:54,58.6700,10,2
2026-03-25,601318,11:05:57,58.6900,3,1
2026-03-25,601318,11:06:00,58.6700,34,2
2026-03-25,601318,11:06:03,58.6700,65,2
2026-03-25,601318,11:06:06,58.6500,133,2
2026-03-25,601318,11:06:09,58.6500,65,1
2026-03-25,601318,11:06:12,58.6400,138,2
2026-03-25,601318,11:06:15,58.6400,61,1
2026-03-25,601318,11:06:18,58.6300,150,2
2026-03-25,601318,11:06:21,58.6300,22,2
2026-03-25,601318,11:06:24,58.6300,46,2
2026-03-25,601318,11:06:27,58.6200,81,2
2026-03-25,601318,11:06:30,58.6200,58,1
2026-03-25,601318,11:06:33,58.6200,32,1
2026-03-25,601318,11:06:36,58.6100,339,2
2026-03-25,601318,11:06:39,58.6100,146,2
2026-03-25,601318,11:06:42,58.6200,30,4
2026-03-25,601318,11:06:45,58.6300,36,1
2026-03-25,601318,11:06:48,58.6200,28,1
2026-03-25,601318,11:06:51,58.6200,25,1
2026-03-25,601318,11:06:54,58.6000,229,2
2026-03-25,601318,11:06:57,58.6200,85,1
2026-03-25,601318,11:07:00,58.6100,10,2
2026-03-25,601318,11:07:03,58.6100,26,2
2026-03-25,601318,11:07:06,58.6200,35,1
2026-03-25,601318,11:07:09,58.6200,87,2
2026-03-25,601318,11:07:12,58.6200,36,2
2026-03-25,601318,11:07:15,58.6100,57,2
2026-03-25,601318,11:07:18,58.6200,61,2
2026-03-25,601318,11:07:21,58.6300,36,1
2026-03-25,601318,11:07:24,58.6200,59,2
2026-03-25,601318,11:07:27,58.6200,46,2
2026-03-25,601318,11:07:30,58.6300,10,1
2026-03-25,601318,11:07:33,58.6200,40,2
2026-03-25,601318,11:07:36,58.6300,131,1
2026-03-25,601318,11:07:39,58.6300,91,1
2026-03-25,601318,11:07:42,58.6300,72,1
2026-03-25,601318,11:07:45,58.6200,72,2
2026-03-25,601318,11:07:48,58.6300,12,1
2026-03-25,601318,11:07:51,58.6300,46,1
2026-03-25,601318,11:07:54,58.6200,58,2
2026-03-25,601318,11:07:57,58.6300,80,1
2026-03-25,601318,11:08:00,58.6300,114,1
2026-03-25,601318,11:08:03,58.6200,89,2
2026-03-25,601318,11:08:06,58.6200,38,2
2026-03-25,601318,11:08:09,58.6000,436,2
2026-03-25,601318,11:08:12,58.6100,61,2
2026-03-25,601318,11:08:15,58.6000,204,2
2026-03-25,601318,11:08:18,58.6100,19,1
2026-03-25,601318,11:08:21,58.6000,155,2
2026-03-25,601318,11:08:24,58.6000,217,2
2026-03-25,601318,11:08:27,58.6100,96,1
2026-03-25,601318,11:08:30,58.5900,261,2
2026-03-25,601318,11:08:33,58.5900,153,2
2026-03-25,601318,11:08:36,58.5900,97,2
2026-03-25,601318,11:08:39,58.6000,140,1
2026-03-25,601318,11:08:42,58.5900,69,1
2026-03-25,601318,11:08:45,58.5900,46,1
2026-03-25,601318,11:08:48,58.5900,41,2
2026-03-25,601318,11:08:51,58.5900,11,2
2026-03-25,601318,11:08:54,58.5900,51,2
2026-03-25,601318,11:08:57,58.5900,43,2
2026-03-25,601318,11:09:00,58.5900,73,2
2026-03-25,601318,11:09:03,58.5900,43,2
2026-03-25,601318,11:09:06,58.5900,30,1
2026-03-25,601318,11:09:09,58.5900,51,1
2026-03-25,601318,11:09:12,58.5900,64,1
2026-03-25,601318,11:09:15,58.5800,170,2
2026-03-25,601318,11:09:18,58.5900,185,1
2026-03-25,601318,11:09:21,58.5800,56,2
2026-03-25,601318,11:09:24,58.5800,160,1
2026-03-25,601318,11:09:27,58.6000,617,1
2026-03-25,601318,11:09:30,58.6000,211,1
2026-03-25,601318,11:09:33,58.6000,16,2
2026-03-25,601318,11:09:36,58.6000,111,1
2026-03-25,601318,11:09:39,58.5900,34,2
2026-03-25,601318,11:09:42,58.5900,76,2
2026-03-25,601318,11:09:45,58.5900,55,1
2026-03-25,601318,11:09:48,58.5900,72,1
2026-03-25,601318,11:09:51,58.5900,104,1
2026-03-25,601318,11:09:54,58.5900,33,1
2026-03-25,601318,11:09:57,58.5700,79,2
2026-03-25,601318,11:10:00,58.5700,64,2
2026-03-25,601318,11:10:03,58.5500,43,2
2026-03-25,601318,11:10:06,58.5700,13,1
2026-03-25,601318,11:10:09,58.5800,54,1
2026-03-25,601318,11:10:12,58.5800,6,1
2026-03-25,601318,11:10:15,58.5700,53,2
2026-03-25,601318,11:10:18,58.5600,117,2
2026-03-25,601318,11:10:21,58.5700,26,1
2026-03-25,601318,11:10:24,58.5700,45,2
2026-03-25,601318,11:10:27,58.5700,30,2
2026-03-25,601318,11:10:30,58.5500,24,2
2026-03-25,601318,11:10:33,58.5600,11,4
2026-03-25,601318,11:10:36,58.5700,54,1
2026-03-25,601318,11:10:39,58.5700,56,1
2026-03-25,601318,11:10:42,58.5600,27,4
2026-03-25,601318,11:10:45,58.5600,23,1
2026-03-25,601318,11:10:48,58.5600,144,1
2026-03-25,601318,11:10:51,58.5600,80,1
2026-03-25,601318,11:10:54,58.5600,18,1
2026-03-25,601318,11:10:57,58.5600,454,1
2026-03-25,601318,11:11:00,58.5700,8,4
2026-03-25,601318,11:11:03,58.5800,115,1
2026-03-25,601318,11:11:06,58.5700,61,2
2026-03-25,601318,11:11:09,58.5800,84,1
2026-03-25,601318,11:11:12,58.5800,27,1
2026-03-25,601318,11:11:15,58.5700,77,2
2026-03-25,601318,11:11:18,58.5700,48,1
2026-03-25,601318,11:11:21,58.5600,27,2
2026-03-25,601318,11:11:24,58.5700,71,1
2026-03-25,601318,11:11:27,58.5700,27,2
2026-03-25,601318,11:11:30,58.5700,79,2
2026-03-25,601318,11:11:33,58.5700,49,1
2026-03-25,601318,11:11:36,58.5700,150,1
2026-03-25,601318,11:11:39,58.5700,75,2
2026-03-25,601318,11:11:42,58.5700,23,2
2026-03-25,601318,11:11:45,58.5700,28,2
2026-03-25,601318,11:11:48,58.5700,120,2
2026-03-25,601318,11:11:51,58.5600,157,2
2026-03-25,601318,11:11:54,58.5600,130,2
2026-03-25,601318,11:11:57,58.5600,45,2
2026-03-25,601318,11:12:00,58.5600,9,2
2026-03-25,601318,11:12:03,58.5600,26,2
2026-03-25,601318,11:12:06,58.5700,79,1
2026-03-25,601318,11:12:09,58.5700,74,1
2026-03-25,601318,11:12:12,58.5600,86,2
2026-03-25,601318,11:12:15,58.5900,130,1
2026-03-25,601318,11:12:18,58.5800,240,2
2026-03-25,601318,11:12:21,58.5900,101,2
2026-03-25,601318,11:12:24,58.5700,61,2
2026-03-25,601318,11:12:27,58.5800,12,1
2026-03-25,601318,11:12:30,58.5800,113,1
2026-03-25,601318,11:12:33,58.5600,62,2
2026-03-25,601318,11:12:36,58.5600,69,2
2026-03-25,601318,11:12:39,58.5700,162,1
2026-03-25,601318,11:12:42,58.5600,75,2
2026-03-25,601318,11:12:45,58.5600,174,2
2026-03-25,601318,11:12:48,58.5700,105,4
2026-03-25,601318,11:12:51,58.5500,70,2
2026-03-25,601318,11:12:54,58.5300,354,2
2026-03-25,601318,11:12:57,58.5300,201,2
2026-03-25,601318,11:13:00,58.5200,398,2
2026-03-25,601318,11:13:03,58.5200,93,2
2026-03-25,601318,11:13:06,58.5300,2548,1
2026-03-25,601318,11:13:09,58.5300,175,2
2026-03-25,601318,11:13:12,58.5400,93,1
2026-03-25,601318,11:13:15,58.5600,36,1
2026-03-25,601318,11:13:18,58.5400,97,2
2026-03-25,601318,11:13:21,58.5600,10,1
2026-03-25,601318,11:13:24,58.5600,18,1
2026-03-25,601318,11:13:27,58.5500,21,2
2026-03-25,601318,11:13:30,58.5600,54,1
2026-03-25,601318,11:13:33,58.5500,207,1
2026-03-25,601318,11:13:36,58.5600,521,1
2026-03-25,601318,11:13:39,58.5700,25,1
2026-03-25,601318,11:13:42,58.5600,19,2
2026-03-25,601318,11:13:45,58.5700,10,1
2026-03-25,601318,11:13:48,58.5600,70,2
2026-03-25,601318,11:13:51,58.5500,78,2
2026-03-25,601318,11:13:54,58.5500,98,2
2026-03-25,601318,11:13:57,58.5100,184,2
2026-03-25,601318,11:14:00,58.5000,85,2
2026-03-25,601318,11:14:03,58.5400,150,1
2026-03-25,601318,11:14:06,58.5000,44,2
2026-03-25,601318,11:14:09,58.5400,44,1
2026-03-25,601318,11:14:12,58.5400,207,1
2026-03-25,601318,11:14:15,58.5400,19,2
2026-03-25,601318,11:14:18,58.5500,157,1
2026-03-25,601318,11:14:21,58.5300,3,4
2026-03-25,601318,11:14:24,58.5500,70,1
2026-03-25,601318,11:14:27,58.5500,33,2
2026-03-25,601318,11:14:30,58.5600,21,1
2026-03-25,601318,11:14:33,58.5500,195,2
2026-03-25,601318,11:14:36,58.5600,28,1
2026-03-25,601318,11:14:39,58.5700,23,1
2026-03-25,601318,11:14:42,58.5600,6,2
2026-03-25,601318,11:14:45,58.5600,83,1
2026-03-25,601318,11:14:48,58.5600,8,2
2026-03-25,601318,11:14:51,58.5700,29,1
2026-03-25,601318,11:14:54,58.5600,14,4
2026-03-25,601318,11:14:57,58.5600,55,2
2026-03-25,601318,11:15:00,58.5700,88,1
2026-03-25,601318,11:15:03,58.5700,11,2
2026-03-25,601318,11:15:06,58.5800,136,1
2026-03-25,601318,11:15:09,58.5800,105,2
2026-03-25,601318,11:15:12,58.5700,110,2
2026-03-25,601318,11:15:15,58.5900,79,1
2026-03-25,601318,11:15:18,58.5700,68,2
2026-03-25,601318,11:15:21,58.6000,87,1
2026-03-25,601318,11:15:24,58.5900,47,2
2026-03-25,601318,11:15:27,58.5900,49,2
2026-03-25,601318,11:15:30,58.6000,59,1
2026-03-25,601318,11:15:33,58.6000,35,2
2026-03-25,601318,11:15:36,58.6100,5,1
2026-03-25,601318,11:15:39,58.6100,26,1
2026-03-25,601318,11:15:42,58.6000,28,2
2026-03-25,601318,11:15:45,58.6100,51,1
2026-03-25,601318,11:15:48,58.6000,25,2
2026-03-25,601318,11:15:51,58.6100,51,2
2026-03-25,601318,11:15:54,58.6100,54,1
2026-03-25,601318,11:15:57,58.6100,24,4
2026-03-25,601318,11:16:00,58.6000,100,2
2026-03-25,601318,11:16:03,58.6000,48,2
2026-03-25,601318,11:16:06,58.6000,89,2
2026-03-25,601318,11:16:09,58.5800,332,2
2026-03-25,601318,11:16:12,58.5300,116,2
2026-03-25,601318,11:16:15,58.5600,30,1
2026-03-25,601318,11:16:18,58.5600,38,1
2026-03-25,601318,11:16:21,58.5600,50,1
2026-03-25,601318,11:16:24,58.5500,77,4
2026-03-25,601318,11:16:27,58.5500,71,1
2026-03-25,601318,11:16:30,58.5500,35,1
2026-03-25,601318,11:16:33,58.5400,162,2
2026-03-25,601318,11:16:36,58.5500,36,1
2026-03-25,601318,11:16:39,58.5500,78,2
2026-03-25,601318,11:16:42,58.5500,73,2
2026-03-25,601318,11:16:45,58.5500,87,2
2026-03-25,601318,11:16:48,58.5500,31,2
2026-03-25,601318,11:16:51,58.5500,27,2
2026-03-25,601318,11:16:54,58.5900,72,1
2026-03-25,601318,11:16:57,58.5500,44,2
2026-03-25,601318,11:17:00,58.5600,12,1
2026-03-25,601318,11:17:03,58.5500,28,2
2026-03-25,601318,11:17:06,58.5500,7,2
2026-03-25,601318,11:17:09,58.5500,16,2
2026-03-25,601318,11:17:12,58.5500,13,2
2026-03-25,601318,11:17:15,58.5600,26,1
2026-03-25,601318,11:17:18,58.5500,42,2
2026-03-25,601318,11:17:21,58.5500,44,2
2026-03-25,601318,11:17:24,58.5500,163,2
2026-03-25,601318,11:17:27,58.5400,35,1
2026-03-25,601318,11:17:30,58.5400,79,1
2026-03-25,601318,11:17:33,58.5300,46,2
2026-03-25,601318,11:17:36,58.5300,16,1
2026-03-25,601318,11:17:39,58.5100,57,2
2026-03-25,601318,11:17:42,58.5300,47,1
2026-03-25,601318,11:17:45,58.5300,28,1
2026-03-25,601318,11:17:48,58.5300,87,1
2026-03-25,601318,11:17:51,58.5100,83,2
2026-03-25,601318,11:17:54,58.5200,42,1
2026-03-25,601318,11:17:57,58.5200,60,1
2026-03-25,601318,11:18:00,58.5100,115,2
2026-03-25,601318,11:18:03,58.5000,89,2
2026-03-25,601318,11:18:06,58.5100,19,1
2026-03-25,601318,11:18:09,58.5100,15,4
2026-03-25,601318,11:18:12,58.5200,36,1
2026-03-25,601318,11:18:15,58.5100,5,2
2026-03-25,601318,11:18:18,58.5200,250,1
2026-03-25,601318,11:18:21,58.5300,73,1
2026-03-25,601318,11:18:24,58.5300,34,2
2026-03-25,601318,11:18:27,58.5200,5,2
2026-03-25,601318,11:18:30,58.5100,232,2
2026-03-25,601318,11:18:33,58.5000,89,2
2026-03-25,601318,11:18:36,58.5200,62,1
2026-03-25,601318,11:18:39,58.5000,104,2
2026-03-25,601318,11:18:42,58.5000,31,2
2026-03-25,601318,11:18:45,58.5100,76,1
2026-03-25,601318,11:18:48,58.5100,98,1
2026-03-25,601318,11:18:51,58.5100,51,1
2026-03-25,601318,11:18:54,58.5100,37,2
2026-03-25,601318,11:18:57,58.5100,35,2
2026-03-25,601318,11:19:00,58.5100,24,2
2026-03-25,601318,11:19:03,58.5100,5,2
2026-03-25,601318,11:19:06,58.5100,850,2
2026-03-25,601318,11:19:09,58.5300,69,1
2026-03-25,601318,11:19:12,58.5200,749,2
2026-03-25,601318,11:19:15,58.5300,33,1
2026-03-25,601318,11:19:18,58.5300,37,1
2026-03-25,601318,11:19:21,58.5200,11,2
2026-03-25,601318,11:19:24,58.5300,2,1
2026-03-25,601318,11:19:27,58.5200,17,2
2026-03-25,601318,11:19:30,58.5200,77,2
2026-03-25,601318,11:19:33,58.5200,18,2
2026-03-25,601318,11:19:36,58.5400,56,1
2026-03-25,601318,11:19:39,58.5400,8,4
2026-03-25,601318,11:19:42,58.5400,11,2
2026-03-25,601318,11:19:45,58.5300,1794,2
2026-03-25,601318,11:19:48,58.5500,7,1
2026-03-25,601318,11:19:51,58.5400,26,1
2026-03-25,601318,11:19:54,58.5400,13,2
2026-03-25,601318,11:19:57,58.5500,19,1
2026-03-25,601318,11:20:00,58.5400,66,2
2026-03-25,601318,11:20:03,58.5500,24,1
2026-03-25,601318,11:20:06,58.5400,214,2
2026-03-25,601318,11:20:09,58.5500,29,1
2026-03-25,601318,11:20:12,58.5400,27,2
2026-03-25,601318,11:20:15,58.5400,18,1
2026-03-25,601318,11:20:18,58.5400,12,1
2026-03-25,601318,11:20:21,58.5400,30,1
2026-03-25,601318,11:20:27,58.5500,140,1
2026-03-25,601318,11:20:30,58.5500,1,2
2026-03-25,601318,11:20:33,58.5600,40,4
2026-03-25,601318,11:20:36,58.5500,80,2
2026-03-25,601318,11:20:39,58.5600,191,1
2026-03-25,601318,11:20:42,58.5500,233,2
2026-03-25,601318,11:20:45,58.5800,15,1
