date,code,time,price,volume,bs
2026-01-14,600036,14:07:06,40.6400,171,1
2026-01-14,600036,14:07:09,40.6300,55,2
2026-01-14,600036,14:07:12,40.6200,198,2
2026-01-14,600036,14:07:15,40.6400,212,1
2026-01-14,600036,14:07:18,40.6300,96,4
2026-01-14,600036,14:07:21,40.6300,226,2
2026-01-14,600036,14:07:24,40.6200,243,2
2026-01-14,600036,14:07:27,40.6300,149,4
2026-01-14,600036,14:07:30,40.6300,77,2
2026-01-14,600036,14:07:33,40.6300,58,2
2026-01-14,600036,14:07:36,40.6300,153,2
2026-01-14,600036,14:07:39,40.6400,61,1
2026-01-14,600036,14:07:42,40.6300,125,2
2026-01-14,600036,14:07:45,40.6400,401,1
2026-01-14,600036,14:07:48,40.6300,187,2
2026-01-14,600036,14:07:51,40.6400,91,1
2026-01-14,600036,14:07:54,40.6400,33,1
2026-01-14,600036,14:07:57,40.6400,21,1
2026-01-14,600036,14:08:00,40.6400,40,1
2026-01-14,600036,14:08:03,40.6400,119,1
2026-01-14,600036,14:08:06,40.6400,281,1
2026-01-14,600036,14:08:09,40.6400,200,1
2026-01-14,600036,14:08:12,40.6500,521,1
2026-01-14,600036,14:08:15,40.6400,91,2
2026-01-14,600036,14:08:18,40.6500,252,1
2026-01-14,600036,14:08:21,40.6600,148,1
2026-01-14,600036,14:08:24,40.6600,176,1
2026-01-14,600036,14:08:27,40.6700,75,1
2026-01-14,600036,14:08:30,40.6600,540,2
2026-01-14,600036,14:08:33,40.6600,160,2
2026-01-14,600036,14:08:36,40.6600,1331,1
2026-01-14,600036,14:08:39,40.6600,221,2
2026-01-14,600036,14:08:42,40.6600,122,2
2026-01-14,600036,14:08:45,40.6500,163,2
2026-01-14,600036,14:08:48,40.6700,81,1
2026-01-14,600036,14:08:51,40.6700,328,1
2026-01-14,600036,14:08:54,40.6600,109,2
2026-01-14,600036,14:08:57,40.6600,169,1
2026-01-14,600036,14:09:00,40.6600,118,1
2026-01-14,600036,14:09:03,40.6700,84,1
2026-01-14,600036,14:09:06,40.6700,1,1
2026-01-14,600036,14:09:09,40.6700,23,1
2026-01-14,600036,14:09:12,40.6700,151,1
2026-01-14,600036,14:09:15,40.6700,114,1
2026-01-14,600036,14:09:18,40.6700,77,1
2026-01-14,600036,14:09:21,40.6600,142,2
2026-01-14,600036,14:09:24,40.6700,130,1
2026-01-14,600036,14:09:27,40.6700,138,1
2026-01-14,600036,14:09:30,40.6700,127,1
2026-01-14,600036,14:09:33,40.6700,69,1
2026-01-14,600036,14:09:36,40.6700,301,2
2026-01-14,600036,14:09:39,40.6700,526,1
2026-01-14,600036,14:09:42,40.6700,173,1
2026-01-14,600036,14:09:45,40.6700,85,1
2026-01-14,600036,14:09:48,40.6600,22,4
2026-01-14,600036,14:09:51,40.6700,55,1
2026-01-14,600036,14:09:54,40.6600,1370,4
2026-01-14,600036,14:09:57,40.6600,164,1
2026-01-14,600036,14:10:00,40.6600,146,1
2026-01-14,600036,14:10:04,40.6600,128,1
2026-01-14,600036,14:10:06,40.6600,98,1
2026-01-14,600036,14:10:09,40.6600,152,1
2026-01-14,600036,14:10:12,40.6600,60,1
2026-01-14,600036,14:10:15,40.6600,246,1
2026-01-14,600036,14:10:18,40.6600,147,1
2026-01-14,600036,14:10:21,40.6700,198,1
2026-01-14,600036,14:10:24,40.6700,72,1
2026-01-14,600036,14:10:27,40.6700,277,1
2026-01-14,600036,14:10:30,40.6800,361,1
2026-01-14,600036,14:10:33,40.6900,168,1
2026-01-14,600036,14:10:36,40.7000,133,1
2026-01-14,600036,14:10:39,40.7000,163,1
2026-01-14,600036,14:10:42,40.6900,208,2
2026-01-14,600036,14:10:45,40.7000,119,1
2026-01-14,600036,14:10:48,40.7000,57,1
2026-01-14,600036,14:10:51,40.7000,69,1
2026-01-14,600036,14:10:54,40.7000,216,1
2026-01-14,600036,14:10:57,40.7000,113,1
2026-01-14,600036,14:11:00,40.7000,454,2
2026-01-14,600036,14:11:03,40.7000,364,4
2026-01-14,600036,14:11:06,40.7000,121,1
2026-01-14,600036,14:11:09,40.6900,163,2
2026-01-14,600036,14:11:12,40.6900,54,1
2026-01-14,600036,14:11:15,40.7100,129,1
2026-01-14,600036,14:11:18,40.6900,258,2
2026-01-14,600036,14:11:21,40.7100,69,1
2026-01-14,600036,14:11:24,40.6800,388,2
2026-01-14,600036,14:11:27,40.6800,123,2
2026-01-14,600036,14:11:30,40.6800,141,1
2026-01-14,600036,14:11:33,40.6800,61,1
2026-01-14,600036,14:11:36,40.6800,104,1
2026-01-14,600036,14:11:39,40.6900,37,1
2026-01-14,600036,14:11:42,40.7000,171,1
2026-01-14,600036,14:11:45,40.7000,83,1
2026-01-14,600036,14:11:48,40.7000,178,1
2026-01-14,600036,14:11:51,40.7000,41,1
2026-01-14,600036,14:11:54,40.7000,42,1
2026-01-14,600036,14:11:57,40.6800,676,2
2026-01-14,600036,14:12:00,40.6800,80,2
2026-01-14,600036,14:12:03,40.6800,189,1
2026-01-14,600036,14:12:06,40.6800,81,1
2026-01-14,600036,14:12:09,40.6700,69,2
2026-01-14,600036,14:12:12,40.6700,75,2
2026-01-14,600036,14:12:15,40.6800,150,1
2026-01-14,600036,14:12:18,40.7000,1057,1
2026-01-14,600036,14:12:21,40.6900,23,2
2026-01-14,600036,14:12:24,40.6900,31,2
2026-01-14,600036,14:12:27,40.6900,31,2
2026-01-14,600036,14:12:30,40.6900,77,2
2026-01-14,600036,14:12:33,40.6900,24,2
2026-01-14,600036,14:12:36,40.7000,76,1
2026-01-14,600036,14:12:40,40.7000,115,1
2026-01-14,600036,14:12:42,40.7000,18,1
2026-01-14,600036,14:12:45,40.7000,22,1
2026-01-14,600036,14:12:48,40.7000,18,1
2026-01-14,600036,14:12:51,40.7000,168,1
2026-01-14,600036,14:12:54,40.7000,139,1
2026-01-14,600036,14:12:57,40.7000,255,1
2026-01-14,600036,14:13:00,40.7000,350,1
2026-01-14,600036,14:13:03,40.7000,132,1
2026-01-14,600036,14:13:06,40.7000,80,1
2026-01-14,600036,14:13:09,40.7000,54,2
2026-01-14,600036,14:13:12,40.7000,117,1
2026-01-14,600036,14:13:15,40.7000,139,1
2026-01-14,600036,14:13:18,40.7000,415,1
2026-01-14,600036,14:13:21,40.7000,37,2
2026-01-14,600036,14:13:24,40.7000,29,2
2026-01-14,600036,14:13:27,40.7100,20,1
2026-01-14,600036,14:13:30,40.7000,251,2
2026-01-14,600036,14:13:33,40.7100,37,1
2026-01-14,600036,14:13:36,40.7100,175,1
2026-01-14,600036,14:13:39,40.7100,42,1
2026-01-14,600036,14:13:42,40.7200,555,1
2026-01-14,600036,14:13:45,40.6900,626,2
2026-01-14,600036,14:13:48,40.7100,7,1
2026-01-14,600036,14:13:51,40.6900,763,2
2026-01-14,600036,14:13:54,40.6900,668,4
2026-01-14,600036,14:13:57,40.7000,854,1
2026-01-14,600036,14:14:00,40.6900,82,1
2026-01-14,600036,14:14:03,40.6800,521,4
2026-01-14,600036,14:14:06,40.6800,943,4
2026-01-14,600036,14:14:09,40.6800,181,4
2026-01-14,600036,14:14:12,40.6800,781,1
2026-01-14,600036,14:14:15,40.6800,83,1
2026-01-14,600036,14:14:18,40.6800,648,1
2026-01-14,600036,14:14:21,40.6800,814,1
2026-01-14,600036,14:14:24,40.6800,72,1
2026-01-14,600036,14:14:27,40.6500,745,2
2026-01-14,600036,14:14:30,40.6800,58,1
2026-01-14,600036,14:14:33,40.6700,625,2
2026-01-14,600036,14:14:36,40.6600,755,2
2026-01-14,600036,14:14:39,40.6400,204,2
2026-01-14,600036,14:14:42,40.6300,694,2
2026-01-14,600036,14:14:45,40.6400,93,2
2026-01-14,600036,14:14:48,40.6400,669,2
2026-01-14,600036,14:14:51,40.6600,210,1
2026-01-14,600036,14:14:54,40.6500,916,1
2026-01-14,600036,14:14:57,40.6400,751,2
2026-01-14,600036,14:15:00,40.6500,56,1
2026-01-14,600036,14:15:03,40.6500,719,1
2026-01-14,600036,14:15:06,40.6400,31,2
2026-01-14,600036,14:15:09,40.6500,763,1
2026-01-14,600036,14:15:12,40.6100,984,2
2026-01-14,600036,14:15:15,40.6500,28,2
2026-01-14,600036,14:15:18,40.6500,768,2
2026-01-14,600036,14:15:21,40.6500,30,2
2026-01-14,600036,14:15:25,40.6500,660,2
2026-01-14,600036,14:15:27,40.6100,716,2
2026-01-14,600036,14:15:30,40.6500,77,1
2026-01-14,600036,14:15:33,40.6500,142,1
2026-01-14,600036,14:15:36,40.6600,65,1
2026-01-14,600036,14:15:39,40.6600,230,2
2026-01-14,600036,14:15:42,40.6600,70,1
2026-01-14,600036,14:15:45,40.6400,96,2
2026-01-14,600036,14:15:48,40.6600,108,1
2026-01-14,600036,14:15:51,40.6600,243,1
2026-01-14,600036,14:15:54,40.6600,231,1
2026-01-14,600036,14:15:57,40.6600,255,1
2026-01-14,600036,14:16:00,40.6800,184,1
2026-01-14,600036,14:16:03,40.7000,173,1
2026-01-14,600036,14:16:06,40.6800,33,1
2026-01-14,600036,14:16:09,40.6800,39,1
2026-01-14,600036,14:16:12,40.6800,115,1
2026-01-14,600036,14:16:15,40.6800,59,2
2026-01-14,600036,14:16:18,40.6800,61,2
2026-01-14,600036,14:16:21,40.6900,26,1
2026-01-14,600036,14:16:24,40.6900,20,1
2026-01-14,600036,14:16:27,40.7000,137,1
2026-01-14,600036,14:16:30,40.6900,83,4
2026-01-14,600036,14:16:34,40.6900,206,2
2026-01-14,600036,14:16:36,40.7000,7,1
2026-01-14,600036,14:16:39,40.7000,7,1
2026-01-14,600036,14:16:42,40.7000,87,1
2026-01-14,600036,14:16:45,40.7000,34,1
2026-01-14,600036,14:16:48,40.7000,64,1
2026-01-14,600036,14:16:51,40.7000,74,2
2026-01-14,600036,14:16:54,40.7000,3,2
2026-01-14,600036,14:16:57,40.7100,2,1
2026-01-14,600036,14:17:00,40.7100,53,1
2026-01-14,600036,14:17:03,40.7100,45,1
2026-01-14,600036,14:17:06,40.7100,55,1
2026-01-14,600036,14:17:09,40.7300,709,1
2026-01-14,600036,14:17:12,40.7100,88,2
2026-01-14,600036,14:17:15,40.7200,251,1
2026-01-14,600036,14:17:18,40.7100,107,2
2026-01-14,600036,14:17:21,40.7300,69,1
2026-01-14,600036,14:17:24,40.7300,118,1
2026-01-14,600036,14:17:27,40.7300,195,4
2026-01-14,600036,14:17:30,40.7200,203,2
2026-01-14,600036,14:17:33,40.7300,423,1
2026-01-14,600036,14:17:36,40.7200,183,2
2026-01-14,600036,14:17:39,40.7000,687,2
2026-01-14,600036,14:17:42,40.6900,328,2
2026-01-14,600036,14:17:45,40.7000,46,4
2026-01-14,600036,14:17:48,40.7000,24,1
2026-01-14,600036,14:17:51,40.7000,127,1
2026-01-14,600036,14:17:54,40.7100,162,1
2026-01-14,600036,14:17:57,40.6900,228,2
2026-01-14,600036,14:18:00,40.6800,1982,2
2026-01-14,600036,14:18:03,40.6900,108,1
2026-01-14,600036,14:18:06,40.6800,184,4
2026-01-14,600036,14:18:09,40.6500,1372,2
2026-01-14,600036,14:18:12,40.6600,668,1
2026-01-14,600036,14:18:15,40.6600,47,1
2026-01-14,600036,14:18:18,40.6600,144,1
2026-01-14,600036,14:18:21,40.6400,319,2
2026-01-14,600036,14:18:24,40.6500,135,1
2026-01-14,600036,14:18:27,40.6500,62,1
2026-01-14,600036,14:18:30,40.6500,398,1
2026-01-14,600036,14:18:33,40.6300,1072,2
2026-01-14,600036,14:18:36,40.6400,353,1
2026-01-14,600036,14:18:39,40.6200,95,2
2026-01-14,600036,14:18:42,40.6200,670,2
2026-01-14,600036,14:18:45,40.6200,169,1
2026-01-14,600036,14:18:48,40.6100,58,2
2026-01-14,600036,14:18:51,40.6100,1147,2
2026-01-14,600036,14:18:54,40.6200,26,1
2026-01-14,600036,14:18:57,40.6100,307,2
2026-01-14,600036,14:19:00,40.6100,110,1
2026-01-14,600036,14:19:03,40.6400,715,1
2026-01-14,600036,14:19:06,40.6200,90,2
2026-01-14,600036,14:19:09,40.6400,89,1
2026-01-14,600036,14:19:12,40.6500,220,1
2026-01-14,600036,14:19:15,40.6600,117,1
2026-01-14,600036,14:19:18,40.6500,379,2
2026-01-14,600036,14:19:21,40.6500,6,1
2026-01-14,600036,14:19:24,40.6400,39,2
2026-01-14,600036,14:19:27,40.6500,460,1
2026-01-14,600036,14:19:30,40.6400,72,1
2026-01-14,600036,14:19:33,40.6200,231,2
2026-01-14,600036,14:19:36,40.6300,124,1
2026-01-14,600036,14:19:39,40.6300,110,1
2026-01-14,600036,14:19:42,40.6100,1526,2
2026-01-14,600036,14:19:45,40.6100,734,1
2026-01-14,600036,14:19:48,40.6000,1669,2
2026-01-14,600036,14:19:51,40.6100,318,1
2026-01-14,600036,14:19:54,40.5800,4127,2
2026-01-14,600036,14:19:57,40.5900,296,1
2026-01-14,600036,14:20:00,40.6000,77,1
2026-01-14,600036,14:20:03,40.5900,69,2
2026-01-14,600036,14:20:06,40.6000,164,1
2026-01-14,600036,14:20:09,40.6000,584,1
2026-01-14,600036,14:20:12,40.5900,290,2
2026-01-14,600036,14:20:15,40.5900,228,1
2026-01-14,600036,14:20:18,40.5800,194,2
2026-01-14,600036,14:20:21,40.5900,1907,1
2026-01-14,600036,14:20:24,40.5800,597,2
2026-01-14,600036,14:20:27,40.5800,206,1
2026-01-14,600036,14:20:30,40.5800,588,1
2026-01-14,600036,14:20:33,40.5700,1346,2
2026-01-14,600036,14:20:36,40.5700,185,1
2026-01-14,600036,14:20:39,40.5700,278,1
2026-01-14,600036,14:20:42,40.5700,3181,1
2026-01-14,600036,14:20:45,40.5600,1687,2
2026-01-14,600036,14:20:48,40.5500,656,2
2026-01-14,600036,14:20:51,40.5600,258,1
2026-01-14,600036,14:20:54,40.5500,2875,2
2026-01-14,600036,14:20:57,40.5500,868,1
2026-01-14,600036,14:21:00,40.5500,65,1
2026-01-14,600036,14:21:03,40.5500,515,1
2026-01-14,600036,14:21:06,40.5400,859,2
2026-01-14,600036,14:21:09,40.5400,440,1
2026-01-14,600036,14:21:12,40.5400,90,1
2026-01-14,600036,14:21:15,40.5400,701,1
2026-01-14,600036,14:21:18,40.5300,1583,2
2026-01-14,600036,14:21:21,40.5300,215,1
2026-01-14,600036,14:21:24,40.5200,232,2
2026-01-14,600036,14:21:27,40.5300,443,1
2026-01-14,600036,14:21:30,40.5300,315,1
2026-01-14,600036,14:21:33,40.5200,3981,2
2026-01-14,600036,14:21:36,40.5200,386,1
2026-01-14,600036,14:21:39,40.5200,243,1
2026-01-14,600036,14:21:42,40.5200,660,1
2026-01-14,600036,14:21:45,40.5100,5891,2
2026-01-14,600036,14:21:48,40.5100,830,1
2026-01-14,600036,14:21:51,40.5100,370,1
2026-01-14,600036,14:21:54,40.5100,173,1
2026-01-14,600036,14:21:57,40.4700,17588,2
2026-01-14,600036,14:22:00,40.5000,4472,1
2026-01-14,600036,14:22:03,40.4900,187,2
2026-01-14,600036,14:22:06,40.4900,306,2
2026-01-14,600036,14:22:09,40.4900,236,1
2026-01-14,600036,14:22:12,40.5000,356,1
2026-01-14,600036,14:22:15,40.5000,190,1
2026-01-14,600036,14:22:18,40.4900,783,2
2026-01-14,600036,14:22:21,40.5000,592,1
2026-01-14,600036,14:22:24,40.5000,120,1
2026-01-14,600036,14:22:27,40.5000,893,1
2026-01-14,600036,14:22:30,40.5000,613,1
2026-01-14,600036,14:22:33,40.5000,2604,1
2026-01-14,600036,14:22:36,40.5000,6034,1
2026-01-14,600036,14:22:39,40.5000,381,1
2026-01-14,600036,14:22:42,40.5000,2186,1
2026-01-14,600036,14:22:45,40.5000,739,1
2026-01-14,600036,14:22:48,40.5000,605,1
2026-01-14,600036,14:22:51,40.4900,3753,2
2026-01-14,600036,14:22:54,40.5000,5620,1
2026-01-14,600036,14:22:57,40.5000,1519,1
2026-01-14,600036,14:23:00,40.5100,1483,1
2026-01-14,600036,14:23:03,40.5200,92,1
2026-01-14,600036,14:23:06,40.5400,159,1
2026-01-14,600036,14:23:09,40.5300,148,2
2026-01-14,600036,14:23:12,40.5500,26,1
2026-01-14,600036,14:23:15,40.5500,104,1
2026-01-14,600036,14:23:18,40.5700,221,1
2026-01-14,600036,14:23:21,40.5600,547,2
2026-01-14,600036,14:23:24,40.5800,427,1
2026-01-14,600036,14:23:27,40.5600,982,2
2026-01-14,600036,14:23:30,40.5700,180,1
2026-01-14,600036,14:23:33,40.5800,337,1
2026-01-14,600036,14:23:36,40.5800,107,1
2026-01-14,600036,14:23:39,40.5600,469,2
2026-01-14,600036,14:23:42,40.5600,289,1
2026-01-14,600036,14:23:45,40.5800,178,1
2026-01-14,600036,14:23:48,40.5600,231,2
2026-01-14,600036,14:23:51,40.5600,164,2
2026-01-14,600036,14:23:54,40.5600,103,1
2026-01-14,600036,14:23:57,40.5600,139,2
2026-01-14,600036,14:24:00,40.5700,65,1
2026-01-14,600036,14:24:03,40.5600,464,2
2026-01-14,600036,14:24:06,40.5600,111,1
2026-01-14,600036,14:24:09,40.5600,171,1
2026-01-14,600036,14:24:12,40.5900,187,1
2026-01-14,600036,14:24:15,40.6100,316,1
2026-01-14,600036,14:24:18,40.5900,268,1
2026-01-14,600036,14:24:21,40.5900,78,1
2026-01-14,600036,14:24:24,40.6000,145,1
2026-01-14,600036,14:24:27,40.6000,74,2
2026-01-14,600036,14:24:30,40.6100,393,1
2026-01-14,600036,14:24:33,40.5900,531,2
2026-01-14,600036,14:24:36,40.5900,391,1
2026-01-14,600036,14:24:39,40.5700,317,2
2026-01-14,600036,14:24:42,40.5700,215,2
2026-01-14,600036,14:24:45,40.5800,244,1
2026-01-14,600036,14:24:48,40.5900,30,1
2026-01-14,600036,14:24:51,40.5700,285,2
2026-01-14,600036,14:24:54,40.5700,186,2
2026-01-14,600036,14:24:57,40.5600,314,2
2026-01-14,600036,14:25:00,40.5700,64,1
2026-01-14,600036,14:25:03,40.5700,21,2
2026-01-14,600036,14:25:06,40.5600,471,2
2026-01-14,600036,14:25:09,40.5800,92,1
2026-01-14,600036,14:25:12,40.5800,162,4
2026-01-14,600036,14:25:15,40.5800,423,2
2026-01-14,600036,14:25:18,40.5700,836,2
2026-01-14,600036,14:25:21,40.5900,106,1
2026-01-14,600036,14:25:24,40.5900,257,1
2026-01-14,600036,14:25:28,40.5900,135,1
2026-01-14,600036,14:25:30,40.5900,93,2
2026-01-14,600036,14:25:33,40.5900,95,2
2026-01-14,600036,14:25:36,40.5600,1117,2
2026-01-14,600036,14:25:39,40.5900,451,2
2026-01-14,600036,14:25:42,40.5500,361,2
2026-01-14,600036,14:25:45,40.5600,39,4
2026-01-14,600036,14:25:48,40.5700,159,1
2026-01-14,600036,14:25:51,40.5800,40,4
2026-01-14,600036,14:25:54,40.5800,108,1
2026-01-14,600036,14:25:57,40.5800,65,1
2026-01-14,600036,14:26:00,40.5700,97,2
2026-01-14,600036,14:26:03,40.5700,222,2
2026-01-14,600036,14:26:06,40.5700,631,2
2026-01-14,600036,14:26:09,40.5500,432,2
2026-01-14,600036,14:26:12,40.5500,386,2
2026-01-14,600036,14:26:15,40.5600,1119,2
2026-01-14,600036,14:26:18,40.5500,964,2
2026-01-14,600036,14:26:21,40.5600,1067,1
2026-01-14,600036,14:26:24,40.5600,451,1
2026-01-14,600036,14:26:27,40.5700,292,1
2026-01-14,600036,14:26:30,40.5700,363,1
2026-01-14,600036,14:26:33,40.5600,114,2
2026-01-14,600036,14:26:36,40.5700,138,1
2026-01-14,600036,14:26:39,40.5600,436,4
2026-01-14,600036,14:26:42,40.5600,82,2
2026-01-14,600036,14:26:45,40.5700,131,1
2026-01-14,600036,14:26:48,40.5700,92,1
2026-01-14,600036,14:26:51,40.5600,54,2
2026-01-14,600036,14:26:54,40.5600,319,2
2026-01-14,600036,14:26:57,40.5600,235,1
2026-01-14,600036,14:27:00,40.5600,250,2
2026-01-14,600036,14:27:03,40.5500,84,2
2026-01-14,600036,14:27:06,40.5600,169,1
2026-01-14,600036,14:27:09,40.5600,508,2
2026-01-14,600036,14:27:12,40.5700,112,1
2026-01-14,600036,14:27:15,40.5700,74,1
2026-01-14,600036,14:27:18,40.5700,39,2
2026-01-14,600036,14:27:21,40.5700,331,2
2026-01-14,600036,14:27:24,40.5700,219,2
2026-01-14,600036,14:27:27,40.5700,82,2
2026-01-14,600036,14:27:30,40.5700,418,2
2026-01-14,600036,14:27:33,40.5600,173,2
2026-01-14,600036,14:27:36,40.5500,930,2
2026-01-14,600036,14:27:39,40.5600,285,1
2026-01-14,600036,14:27:42,40.5600,223,2
2026-01-14,600036,14:27:45,40.5500,51,2
2026-01-14,600036,14:27:48,40.5600,140,1
2026-01-14,600036,14:27:51,40.5400,211,2
2026-01-14,600036,14:27:54,40.5400,69,2
2026-01-14,600036,14:27:57,40.5400,268,2
2026-01-14,600036,14:28:00,40.5500,71,1
2026-01-14,600036,14:28:03,40.5300,389,2
2026-01-14,600036,14:28:06,40.5200,401,2
2026-01-14,600036,14:28:09,40.5400,82,1
2026-01-14,600036,14:28:12,40.5300,43,1
2026-01-14,600036,14:28:15,40.5200,876,2
2026-01-14,600036,14:28:18,40.5200,515,2
2026-01-14,600036,14:28:21,40.5200,56,1
2026-01-14,600036,14:28:24,40.5200,180,1
2026-01-14,600036,14:28:27,40.5200,116,1
2026-01-14,600036,14:28:30,40.5200,905,1
2026-01-14,600036,14:28:33,40.5100,1428,2
2026-01-14,600036,14:28:36,40.5100,358,1
2026-01-14,600036,14:28:39,40.5100,112,1
2026-01-14,600036,14:28:42,40.5100,1019,1
2026-01-14,600036,14:28:45,40.4900,4447,2
2026-01-14,600036,14:28:48,40.4900,998,1
2026-01-14,600036,14:28:51,40.4900,353,2
2026-01-14,600036,14:28:54,40.5000,166,1
2026-01-14,600036,14:28:57,40.4800,590,2
2026-01-14,600036,14:29:00,40.4800,304,1
2026-01-14,600036,14:29:03,40.4800,262,2
2026-01-14,600036,14:29:06,40.4800,470,2
2026-01-14,600036,14:29:09,40.4800,236,1
2026-01-14,600036,14:29:12,40.4700,239,2
2026-01-14,600036,14:29:15,40.4800,459,1
2026-01-14,600036,14:29:18,40.4800,105,2
2026-01-14,600036,14:29:21,40.4800,2155,2
2026-01-14,600036,14:29:24,40.4900,403,1
2026-01-14,600036,14:29:27,40.4900,98,1
2026-01-14,600036,14:29:30,40.4800,262,2
2026-01-14,600036,14:29:33,40.4900,205,1
2026-01-14,600036,14:29:36,40.4800,128,2
2026-01-14,600036,14:29:39,40.5000,324,1
2026-01-14,600036,14:29:42,40.5000,210,1
2026-01-14,600036,14:29:45,40.4900,274,4
2026-01-14,600036,14:29:48,40.5100,333,1
2026-01-14,600036,14:29:51,40.5200,177,1
2026-01-14,600036,14:29:54,40.5400,34,1
2026-01-14,600036,14:29:57,40.5300,92,1
2026-01-14,600036,14:30:00,40.5200,218,2
2026-01-14,600036,14:30:03,40.5400,28,1
2026-01-14,600036,14:30:06,40.5300,480,2
2026-01-14,600036,14:30:09,40.5300,281,1
2026-01-14,600036,14:30:12,40.5400,95,1
2026-01-14,600036,14:30:15,40.5500,75,1
2026-01-14,600036,14:30:18,40.5400,64,2
2026-01-14,600036,14:30:21,40.5500,32,1
2026-01-14,600036,14:30:24,40.5600,80,1
2026-01-14,600036,14:30:27,40.5600,45,1
2026-01-14,600036,14:30:30,40.5500,227,2
2026-01-14,600036,14:30:33,40.5500,316,2
2026-01-14,600036,14:30:36,40.5400,632,2
2026-01-14,600036,14:30:39,40.5400,384,2
2026-01-14,600036,14:30:42,40.5400,218,1
2026-01-14,600036,14:30:45,40.5500,1019,1
2026-01-14,600036,14:30:48,40.5100,611,2
2026-01-14,600036,14:30:51,40.5400,133,1
2026-01-14,600036,14:30:54,40.5300,78,2
2026-01-14,600036,14:30:57,40.5100,395,2
2026-01-14,600036,14:31:00,40.5300,79,1
2026-01-14,600036,14:31:03,40.5300,130,2
2026-01-14,600036,14:31:06,40.5400,262,1
2026-01-14,600036,14:31:09,40.5400,205,2
2026-01-14,600036,14:31:12,40.5600,192,1
2026-01-14,600036,14:31:15,40.5500,416,2
2026-01-14,600036,14:31:18,40.5300,136,2
2026-01-14,600036,14:31:21,40.5200,156,2
2026-01-14,600036,14:31:24,40.5200,177,4
2026-01-14,600036,14:31:27,40.5200,238,2
2026-01-14,600036,14:31:30,40.5300,369,1
2026-01-14,600036,14:31:33,40.5200,126,2
2026-01-14,600036,14:31:36,40.5400,120,1
2026-01-14,600036,14:31:39,40.5400,112,1
2026-01-14,600036,14:31:42,40.5300,254,2
2026-01-14,600036,14:31:45,40.5400,80,4
2026-01-14,600036,14:31:48,40.5500,288,1
2026-01-14,600036,14:31:51,40.5500,120,2
2026-01-14,600036,14:31:54,40.5600,89,1
2026-01-14,600036,14:31:57,40.5700,129,1
2026-01-14,600036,14:32:00,40.5600,194,2
2026-01-14,600036,14:32:03,40.5600,275,2
2026-01-14,600036,14:32:06,40.5600,282,2
2026-01-14,600036,14:32:09,40.5500,287,2
2026-01-14,600036,14:32:12,40.5600,242,4
2026-01-14,600036,14:32:15,40.5600,95,2
2026-01-14,600036,14:32:18,40.5700,156,1
2026-01-14,600036,14:32:21,40.5700,74,1
2026-01-14,600036,14:32:24,40.5800,124,1
2026-01-14,600036,14:32:27,40.5600,222,2
2026-01-14,600036,14:32:30,40.5600,399,2
2026-01-14,600036,14:32:33,40.5700,950,1
2026-01-14,600036,14:32:36,40.5600,828,2
2026-01-14,600036,14:32:39,40.5600,110,1
2026-01-14,600036,14:32:42,40.5500,528,2
2026-01-14,600036,14:32:45,40.5600,350,1
2026-01-14,600036,14:32:48,40.5300,234,2
2026-01-14,600036,14:32:51,40.5600,47,1
2026-01-14,600036,14:32:54,40.5500,207,2
2026-01-14,600036,14:32:57,40.5700,84,1
2026-01-14,600036,14:33:00,40.5500,47,2
2026-01-14,600036,14:33:03,40.5700,370,1
2026-01-14,600036,14:33:06,40.5600,271,2
2026-01-14,600036,14:33:09,40.5600,383,1
2026-01-14,600036,14:33:12,40.5600,148,1
2026-01-14,600036,14:33:15,40.5600,94,1
2026-01-14,600036,14:33:18,40.5700,59,1
2026-01-14,600036,14:33:21,40.5400,808,2
2026-01-14,600036,14:33:25,40.5700,202,1
2026-01-14,600036,14:33:27,40.5700,96,1
2026-01-14,600036,14:33:30,40.5600,83,4
2026-01-14,600036,14:33:33,40.5600,695,2
2026-01-14,600036,14:33:36,40.5400,211,2
2026-01-14,600036,14:33:39,40.5400,219,2
2026-01-14,600036,14:33:42,40.5400,297,2
2026-01-14,600036,14:33:45,40.5700,378,1
2026-01-14,600036,14:33:48,40.5600,93,1
2026-01-14,600036,14:33:51,40.5600,193,1
2026-01-14,600036,14:33:54,40.5300,212,2
2026-01-14,600036,14:33:57,40.5400,194,4
2026-01-14,600036,14:34:00,40.5500,105,1
2026-01-14,600036,14:34:03,40.5400,124,4
2026-01-14,600036,14:34:06,40.5300,322,2
2026-01-14,600036,14:34:09,40.5300,354,1
2026-01-14,600036,14:34:12,40.5300,280,1
2026-01-14,600036,14:34:15,40.5400,217,1
2026-01-14,600036,14:34:18,40.5300,360,2
2026-01-14,600036,14:34:21,40.5300,102,2
2026-01-14,600036,14:34:24,40.5400,43,1
2026-01-14,600036,14:34:27,40.5300,208,2
2026-01-14,600036,14:34:30,40.5400,744,1
2026-01-14,600036,14:34:33,40.5400,344,2
2026-01-14,600036,14:34:36,40.5400,99,1
2026-01-14,600036,14:34:39,40.5200,256,2
2026-01-14,600036,14:34:42,40.5400,96,1
2026-01-14,600036,14:34:45,40.5400,202,2
2026-01-14,600036,14:34:48,40.5600,153,1
2026-01-14,600036,14:34:51,40.5600,326,1
2026-01-14,600036,14:34:54,40.5400,97,2
2026-01-14,600036,14:34:57,40.5600,125,1
2026-01-14,600036,14:35:00,40.5500,83,4
2026-01-14,600036,14:35:03,40.5300,657,2
2026-01-14,600036,14:35:06,40.5200,764,2
2026-01-14,600036,14:35:09,40.5200,684,2
2026-01-14,600036,14:35:12,40.5200,433,1
2026-01-14,600036,14:35:15,40.5100,2062,2
2026-01-14,600036,14:35:18,40.5100,855,1
2026-01-14,600036,14:35:21,40.5100,188,1
2026-01-14,600036,14:35:24,40.5100,62,1
2026-01-14,600036,14:35:27,40.5100,507,1
2026-01-14,600036,14:35:30,40.4800,6445,2
2026-01-14,600036,14:35:33,40.4900,2297,1
2026-01-14,600036,14:35:36,40.4900,315,1
2026-01-14,600036,14:35:39,40.4900,191,1
2026-01-14,600036,14:35:42,40.4900,132,1
2026-01-14,600036,14:35:45,40.4800,337,2
2026-01-14,600036,14:35:48,40.4800,204,2
2026-01-14,600036,14:35:51,40.4900,85,1
2026-01-14,600036,14:35:54,40.4800,481,2
2026-01-14,600036,14:35:57,40.4800,651,1
2026-01-14,600036,14:36:00,40.4700,334,2
2026-01-14,600036,14:36:03,40.4800,87,1
2026-01-14,600036,14:36:06,40.4800,319,1
2026-01-14,600036,14:36:09,40.4700,2103,2
2026-01-14,600036,14:36:12,40.4700,283,1
2026-01-14,600036,14:36:15,40.4600,194,2
2026-01-14,600036,14:36:18,40.4700,242,1
2026-01-14,600036,14:36:21,40.4500,7472,2
2026-01-14,600036,14:36:24,40.4500,1552,1
2026-01-14,600036,14:36:27,40.4300,346,2
2026-01-14,600036,14:36:30,40.4500,858,1
2026-01-14,600036,14:36:33,40.4500,522,1
2026-01-14,600036,14:36:36,40.4400,852,2
2026-01-14,600036,14:36:39,40.4400,252,2
2026-01-14,600036,14:36:42,40.4500,1483,1
2026-01-14,600036,14:36:45,40.4500,190,1
2026-01-14,600036,14:36:48,40.4500,1050,1
2026-01-14,600036,14:36:51,40.4500,190,2
2026-01-14,600036,14:36:54,40.4500,95,1
2026-01-14,600036,14:36:57,40.4500,457,1
2026-01-14,600036,14:37:00,40.4500,119,1
2026-01-14,600036,14:37:03,40.4400,895,2
2026-01-14,600036,14:37:06,40.4500,274,1
2026-01-14,600036,14:37:09,40.4500,235,1
2026-01-14,600036,14:37:12,40.4500,153,1
2026-01-14,600036,14:37:15,40.4600,478,1
2026-01-14,600036,14:37:18,40.4700,99,1
2026-01-14,600036,14:37:21,40.4600,27,2
2026-01-14,600036,14:37:24,40.4700,445,1
2026-01-14,600036,14:37:27,40.4600,619,2
2026-01-14,600036,14:37:30,40.4700,637,1
2026-01-14,600036,14:37:33,40.4800,166,1
2026-01-14,600036,14:37:36,40.4800,37,1
2026-01-14,600036,14:37:39,40.4800,605,1
2026-01-14,600036,14:37:42,40.4800,35,2
2026-01-14,600036,14:37:45,40.5000,122,1
2026-01-14,600036,14:37:48,40.5100,271,1
2026-01-14,600036,14:37:51,40.4800,296,2
2026-01-14,600036,14:37:54,40.5100,184,1
2026-01-14,600036,14:37:57,40.5100,247,1
2026-01-14,600036,14:38:00,40.5100,94,1
2026-01-14,600036,14:38:03,40.5000,901,2
2026-01-14,600036,14:38:06,40.5000,593,1
2026-01-14,600036,14:38:09,40.4800,356,2
2026-01-14,600036,14:38:12,40.4900,223,1
2026-01-14,600036,14:38:15,40.4800,487,2
2026-01-14,600036,14:38:18,40.4800,395,1
2026-01-14,600036,14:38:21,40.4800,199,1
2026-01-14,600036,14:38:24,40.4700,308,2
2026-01-14,600036,14:38:27,40.4700,142,1
2026-01-14,600036,14:38:30,40.4700,394,1
2026-01-14,600036,14:38:33,40.4700,82,1
2026-01-14,600036,14:38:36,40.4700,72,2
2026-01-14,600036,14:38:39,40.4800,162,1
2026-01-14,600036,14:38:42,40.4800,85,1
2026-01-14,600036,14:38:45,40.4800,59,1
2026-01-14,600036,14:38:48,40.4800,215,1
2026-01-14,600036,14:38:51,40.4900,85,1
2026-01-14,600036,14:38:54,40.4800,2198,2
2026-01-14,600036,14:38:57,40.4800,529,1
2026-01-14,600036,14:39:00,40.4700,293,2
2026-01-14,600036,14:39:03,40.4600,1413,2
2026-01-14,600036,14:39:06,40.4600,192,1
2026-01-14,600036,14:39:09,40.4600,1640,1
2026-01-14,600036,14:39:12,40.4600,51,2
2026-01-14,600036,14:39:15,40.4600,335,2
2026-01-14,600036,14:39:18,40.4800,241,1
2026-01-14,600036,14:39:21,40.4800,70,1
2026-01-14,600036,14:39:24,40.4800,99,1
2026-01-14,600036,14:39:27,40.4700,650,2
2026-01-14,600036,14:39:30,40.4700,83,1
2026-01-14,600036,14:39:33,40.4600,226,2
2026-01-14,600036,14:39:37,40.4700,250,1
2026-01-14,600036,14:39:39,40.4600,1146,2
2026-01-14,600036,14:39:42,40.4600,124,1
2026-01-14,600036,14:39:45,40.4600,118,1
2026-01-14,600036,14:39:48,40.4600,66,1
2026-01-14,600036,14:39:51,40.4600,2050,1
2026-01-14,600036,14:39:54,40.4500,516,2
2026-01-14,600036,14:39:57,40.4500,1662,1
2026-01-14,600036,14:40:00,40.4500,104,1
2026-01-14,600036,14:40:03,40.4500,119,1
2026-01-14,600036,14:40:06,40.4400,1935,2
2026-01-14,600036,14:40:09,40.4300,209,2
2026-01-14,600036,14:40:12,40.4400,109,1
2026-01-14,600036,14:40:15,40.4400,186,1
2026-01-14,600036,14:40:18,40.4300,5819,2
2026-01-14,600036,14:40:21,40.4300,1244,1
2026-01-14,600036,14:40:24,40.4300,475,1
2026-01-14,600036,14:40:27,40.4200,2990,2
2026-01-14,600036,14:40:30,40.4300,1227,1
2026-01-14,600036,14:40:33,40.4500,1449,1
2026-01-14,600036,14:40:36,40.4600,889,1
2026-01-14,600036,14:40:39,40.4500,356,2
2026-01-14,600036,14:40:42,40.4600,133,1
2026-01-14,600036,14:40:45,40.4500,97,2
2026-01-14,600036,14:40:48,40.4600,71,2
2026-01-14,600036,14:40:51,40.4700,33,1
2026-01-14,600036,14:40:54,40.4600,288,2
2026-01-14,600036,14:40:57,40.4700,349,1
2026-01-14,600036,14:41:00,40.4700,32,1
2026-01-14,600036,14:41:03,40.4900,205,1
2026-01-14,600036,14:41:06,40.4800,255,2
2026-01-14,600036,14:41:09,40.5000,118,1
2026-01-14,600036,14:41:12,40.5000,21,1
2026-01-14,600036,14:41:15,40.5000,716,1
2026-01-14,600036,14:41:18,40.5000,254,2
2026-01-14,600036,14:41:21,40.5400,211,1
2026-01-14,600036,14:41:24,40.5100,292,2
2026-01-14,600036,14:41:27,40.5300,432,1
2026-01-14,600036,14:41:30,40.5400,271,1
2026-01-14,600036,14:41:33,40.5100,474,2
2026-01-14,600036,14:41:36,40.5100,500,1
2026-01-14,600036,14:41:39,40.5100,237,1
2026-01-14,600036,14:41:42,40.5100,386,1
2026-01-14,600036,14:41:45,40.5300,1356,1
2026-01-14,600036,14:41:48,40.5300,366,1
2026-01-14,600036,14:41:51,40.5300,462,1
2026-01-14,600036,14:41:54,40.5300,514,1
2026-01-14,600036,14:41:57,40.5200,541,2
2026-01-14,600036,14:42:00,40.5200,435,1
2026-01-14,600036,14:42:03,40.5100,653,4
2026-01-14,600036,14:42:06,40.5200,568,1
2026-01-14,600036,14:42:09,40.5200,198,1
2026-01-14,600036,14:42:12,40.5200,199,1
2026-01-14,600036,14:42:15,40.5100,1020,2
2026-01-14,600036,14:42:18,40.5100,225,1
2026-01-14,600036,14:42:21,40.5000,222,2
2026-01-14,600036,14:42:24,40.5000,1275,2
2026-01-14,600036,14:42:27,40.5000,275,1
2026-01-14,600036,14:42:30,40.5000,145,1
2026-01-14,600036,14:42:33,40.4900,194,1
2026-01-14,600036,14:42:36,40.5000,456,1
2026-01-14,600036,14:42:39,40.4900,284,1
2026-01-14,600036,14:42:42,40.4800,140,2
2026-01-14,600036,14:42:45,40.4900,122,1
2026-01-14,600036,14:42:48,40.4800,875,2
2026-01-14,600036,14:42:51,40.4800,458,1
2026-01-14,600036,14:42:54,40.4800,107,1
2026-01-14,600036,14:42:57,40.4800,131,1
2026-01-14,600036,14:43:00,40.4700,468,2
2026-01-14,600036,14:43:03,40.4700,760,2
2026-01-14,600036,14:43:06,40.4700,63,1
2026-01-14,600036,14:43:09,40.4700,812,1
2026-01-14,600036,14:43:12,40.4600,273,2
2026-01-14,600036,14:43:15,40.4700,27,1
2026-01-14,600036,14:43:18,40.4500,1333,2
2026-01-14,600036,14:43:21,40.4500,184,1
2026-01-14,600036,14:43:24,40.4500,214,1
2026-01-14,600036,14:43:27,40.4600,1791,1
2026-01-14,600036,14:43:30,40.4500,1340,2
2026-01-14,600036,14:43:33,40.4600,288,1
2026-01-14,600036,14:43:36,40.4700,172,1
2026-01-14,600036,14:43:39,40.4800,113,1
2026-01-14,600036,14:43:42,40.4600,555,2
2026-01-14,600036,14:43:45,40.4800,232,1
2026-01-14,600036,14:43:48,40.4800,237,1
2026-01-14,600036,14:43:51,40.4500,147,2
2026-01-14,600036,14:43:54,40.4500,611,2
2026-01-14,600036,14:43:57,40.4500,623,2
2026-01-14,600036,14:44:00,40.4500,291,1
2026-01-14,600036,14:44:04,40.4700,308,1
2026-01-14,600036,14:44:06,40.4600,1114,2
2026-01-14,600036,14:44:09,40.4600,299,1
2026-01-14,600036,14:44:12,40.4600,82,1
2026-01-14,600036,14:44:15,40.4600,102,1
2026-01-14,600036,14:44:18,40.4500,835,2
2026-01-14,600036,14:44:21,40.4500,866,1
2026-01-14,600036,14:44:24,40.4500,1180,1
2026-01-14,600036,14:44:27,40.4500,372,1
2026-01-14,600036,14:44:30,40.4400,503,2
2026-01-14,600036,14:44:33,40.4400,434,1
2026-01-14,600036,14:44:36,40.4500,277,1
2026-01-14,600036,14:44:39,40.4500,147,1
2026-01-14,600036,14:44:42,40.4500,578,1
2026-01-14,600036,14:44:45,40.4400,520,2
2026-01-14,600036,14:44:48,40.4400,338,1
2026-01-14,600036,14:44:51,40.4500,227,1
2026-01-14,600036,14:44:54,40.4700,82,1
2026-01-14,600036,14:44:57,40.4500,350,2
2026-01-14,600036,14:45:00,40.4500,235,2
2026-01-14,600036,14:45:03,40.4600,225,1
2026-01-14,600036,14:45:06,40.4600,799,1
2026-01-14,600036,14:45:09,40.4500,154,2
2026-01-14,600036,14:45:12,40.4500,409,1
2026-01-14,600036,14:45:15,40.4500,270,1
2026-01-14,600036,14:45:18,40.4600,464,1
2026-01-14,600036,14:45:21,40.4500,1077,2
2026-01-14,600036,14:45:24,40.5100,1276,1
2026-01-14,600036,14:45:27,40.4700,231,2
2026-01-14,600036,14:45:30,40.5000,63,1
2026-01-14,600036,14:45:33,40.5100,384,1
2026-01-14,600036,14:45:36,40.4800,375,2
2026-01-14,600036,14:45:39,40.5000,278,1
2026-01-14,600036,14:45:42,40.5000,50,1
2026-01-14,600036,14:45:45,40.5000,439,1
2026-01-14,600036,14:45:48,40.5100,421,1
2026-01-14,600036,14:45:51,40.5100,277,1
2026-01-14,600036,14:45:54,40.5200,263,1
2026-01-14,600036,14:45:57,40.5200,104,1
2026-01-14,600036,14:46:00,40.5100,127,2
2026-01-14,600036,14:46:03,40.5200,417,1
2026-01-14,600036,14:46:06,40.5200,99,1
2026-01-14,600036,14:46:09,40.5200,212,1
2026-01-14,600036,14:46:12,40.5200,478,2
2026-01-14,600036,14:46:15,40.5100,994,2
2026-01-14,600036,14:46:18,40.5100,882,1
2026-01-14,600036,14:46:21,40.5100,349,1
2026-01-14,600036,14:46:24,40.5100,324,1
2026-01-14,600036,14:46:27,40.5000,1955,2
2026-01-14,600036,14:46:30,40.4900,608,2
2026-01-14,600036,14:46:34,40.4800,783,2
2026-01-14,600036,14:46:36,40.5000,712,1
2026-01-14,600036,14:46:39,40.5000,350,1
2026-01-14,600036,14:46:42,40.4900,505,2
2026-01-14,600036,14:46:45,40.5000,240,1
2026-01-14,600036,14:46:48,40.5000,1934,1
2026-01-14,600036,14:46:51,40.5000,378,1
2026-01-14,600036,14:46:54,40.4900,385,2
2026-01-14,600036,14:46:57,40.4900,1034,2
2026-01-14,600036,14:47:00,40.4900,381,1
2026-01-14,600036,14:47:03,40.4900,261,1
2026-01-14,600036,14:47:06,40.4900,1594,1
2026-01-14,600036,14:47:09,40.4800,1299,2
2026-01-14,600036,14:47:12,40.4800,550,1
2026-01-14,600036,14:47:15,40.4800,1022,1
2026-01-14,600036,14:47:18,40.4800,370,1
2026-01-14,600036,14:47:21,40.4800,255,1
2026-01-14,600036,14:47:24,40.4700,502,2
2026-01-14,600036,14:47:27,40.4700,69,1
2026-01-14,600036,14:47:30,40.4700,251,1
2026-01-14,600036,14:47:34,40.4700,921,1
2026-01-14,600036,14:47:36,40.4600,444,2
2026-01-14,600036,14:47:39,40.4600,532,1
2026-01-14,600036,14:47:42,40.4600,953,1
2026-01-14,600036,14:47:45,40.4500,381,2
2026-01-14,600036,14:47:48,40.4500,2173,2
2026-01-14,600036,14:47:51,40.4400,2230,2
2026-01-14,600036,14:47:54,40.4500,116,1
2026-01-14,600036,14:47:57,40.4400,354,2
2026-01-14,600036,14:48:00,40.4500,139,1
2026-01-14,600036,14:48:03,40.4400,368,2
2026-01-14,600036,14:48:06,40.4400,302,1
2026-01-14,600036,14:48:09,40.4400,263,1
2026-01-14,600036,14:48:12,40.4400,403,1
2026-01-14,600036,14:48:15,40.4300,2221,2
2026-01-14,600036,14:48:18,40.4100,2986,2
2026-01-14,600036,14:48:21,40.4200,735,1
2026-01-14,600036,14:48:24,40.4200,193,1
2026-01-14,600036,14:48:27,40.4200,1936,1
2026-01-14,600036,14:48:30,40.4000,2472,2
2026-01-14,600036,14:48:33,40.4100,1100,1
2026-01-14,600036,14:48:36,40.4100,792,1
2026-01-14,600036,14:48:39,40.4100,1311,1
2026-01-14,600036,14:48:42,40.3900,8455,2
2026-01-14,600036,14:48:45,40.3500,3622,2
2026-01-14,600036,14:48:48,40.3600,623,1
2026-01-14,600036,14:48:51,40.3600,393,1
2026-01-14,600036,14:48:54,40.3600,875,2
2026-01-14,600036,14:48:57,40.3600,531,2
2026-01-14,600036,14:49:00,40.3700,712,1
2026-01-14,600036,14:49:03,40.3800,336,1
2026-01-14,600036,14:49:06,40.3800,276,1
2026-01-14,600036,14:49:09,40.3700,553,2
2026-01-14,600036,14:49:12,40.4000,729,1
2026-01-14,600036,14:49:15,40.3900,88,1
2026-01-14,600036,14:49:18,40.3800,393,2
2026-01-14,600036,14:49:21,40.4000,333,1
2026-01-14,600036,14:49:24,40.4000,624,1
2026-01-14,600036,14:49:27,40.3900,438,2
2026-01-14,600036,14:49:30,40.3900,345,2
2026-01-14,600036,14:49:33,40.4000,225,1
2026-01-14,600036,14:49:36,40.3900,508,2
2026-01-14,600036,14:49:39,40.3900,571,2
2026-01-14,600036,14:49:42,40.3800,293,2
2026-01-14,600036,14:49:45,40.3900,1445,1
2026-01-14,600036,14:49:48,40.4000,508,1
2026-01-14,600036,14:49:51,40.4000,469,1
2026-01-14,600036,14:49:54,40.3900,1120,2
2026-01-14,600036,14:49:57,40.4200,272,1
2026-01-14,600036,14:50:00,40.4000,276,2
2026-01-14,600036,14:50:03,40.4100,77,2
2026-01-14,600036,14:50:06,40.4100,435,2
2026-01-14,600036,14:50:09,40.4100,167,1
2026-01-14,600036,14:50:12,40.4100,120,1
2026-01-14,600036,14:50:15,40.4100,113,1
2026-01-14,600036,14:50:18,40.4000,1790,2
2026-01-14,600036,14:50:21,40.4000,552,1
2026-01-14,600036,14:50:24,40.4000,425,1
2026-01-14,600036,14:50:27,40.4000,2245,1
2026-01-14,600036,14:50:30,40.4000,500,1
2026-01-14,600036,14:50:33,40.3900,1917,2
2026-01-14,600036,14:50:36,40.3900,350,1
2026-01-14,600036,14:50:39,40.3900,320,1
2026-01-14,600036,14:50:42,40.3900,266,1
2026-01-14,600036,14:50:45,40.3800,2190,2
2026-01-14,600036,14:50:48,40.3800,1552,1
2026-01-14,600036,14:50:51,40.3700,506,2
2026-01-14,600036,14:50:54,40.3700,203,2
2026-01-14,600036,14:50:57,40.3700,1545,2
2026-01-14,600036,14:51:00,40.3700,659,1
2026-01-14,600036,14:51:03,40.3500,4864,2
2026-01-14,600036,14:51:06,40.3500,1407,2
2026-01-14,600036,14:51:09,40.3500,723,2
2026-01-14,600036,14:51:12,40.3400,292,2
2026-01-14,600036,14:51:15,40.3500,622,1
2026-01-14,600036,14:51:18,40.3400,554,2
2026-01-14,600036,14:51:21,40.3400,645,1
2026-01-14,600036,14:51:24,40.3400,831,1
2026-01-14,600036,14:51:27,40.3200,1550,2
2026-01-14,600036,14:51:30,40.3200,3578,2
2026-01-14,600036,14:51:33,40.3200,755,1
2026-01-14,600036,14:51:36,40.3200,1895,1
2026-01-14,600036,14:51:39,40.3200,3309,1
2026-01-14,600036,14:51:42,40.3200,456,2
2026-01-14,600036,14:51:45,40.3300,2353,1
2026-01-14,600036,14:51:48,40.3300,554,2
2026-01-14,600036,14:51:51,40.3400,676,1
2026-01-14,600036,14:51:54,40.3400,329,1
2026-01-14,600036,14:51:57,40.3400,122,2
2026-01-14,600036,14:52:00,40.3600,371,1
2026-01-14,600036,14:52:03,40.3400,1420,2
2026-01-14,600036,14:52:06,40.3500,381,1
2026-01-14,600036,14:52:09,40.3500,1475,2
2026-01-14,600036,14:52:12,40.3500,260,1
2026-01-14,600036,14:52:15,40.3500,332,1
2026-01-14,600036,14:52:18,40.3500,354,1
2026-01-14,600036,14:52:21,40.3400,925,2
2026-01-14,600036,14:52:24,40.3400,1629,1
2026-01-14,600036,14:52:27,40.3500,1140,1
2026-01-14,600036,14:52:30,40.3300,2487,2
2026-01-14,600036,14:52:33,40.3200,679,2
2026-01-14,600036,14:52:36,40.3200,637,2
2026-01-14,600036,14:52:39,40.3300,427,1
2026-01-14,600036,14:52:42,40.3200,2880,2
2026-01-14,600036,14:52:45,40.3100,4597,2
2026-01-14,600036,14:52:48,40.3100,1250,1
2026-01-14,600036,14:52:51,40.3100,396,1
2026-01-14,600036,14:52:54,40.3100,386,1
2026-01-14,600036,14:52:57,40.3100,265,1
2026-01-14,600036,14:53:00,40.3000,8609,2
2026-01-14,600036,14:53:03,40.3000,576,1
2026-01-14,600036,14:53:06,40.2900,1785,2
2026-01-14,600036,14:53:09,40.2900,295,1
2026-01-14,600036,14:53:12,40.2900,414,1
2026-01-14,600036,14:53:15,40.2900,588,1
2026-01-14,600036,14:53:18,40.2900,611,1
2026-01-14,600036,14:53:21,40.2800,6407,2
2026-01-14,600036,14:53:24,40.2800,5218,2
2026-01-14,600036,14:53:27,40.2900,915,4
2026-01-14,600036,14:53:30,40.3000,183,1
2026-01-14,600036,14:53:33,40.3000,323,1
2026-01-14,600036,14:53:36,40.3000,4845,1
2026-01-14,600036,14:53:39,40.2800,3347,2
2026-01-14,600036,14:53:42,40.2800,415,2
2026-01-14,600036,14:53:45,40.2800,2852,2
2026-01-14,600036,14:53:48,40.2800,810,1
2026-01-14,600036,14:53:51,40.2800,1962,1
2026-01-14,600036,14:53:54,40.2800,432,1
2026-01-14,600036,14:53:57,40.2800,4266,1
2026-01-14,600036,14:54:00,40.2700,4674,2
2026-01-14,600036,14:54:03,40.2600,3869,2
2026-01-14,600036,14:54:06,40.2600,731,1
2026-01-14,600036,14:54:09,40.2600,507,1
2026-01-14,600036,14:54:12,40.2600,639,1
2026-01-14,600036,14:54:15,40.2600,745,1
2026-01-14,600036,14:54:18,40.2500,9147,2
2026-01-14,600036,14:54:21,40.2500,705,1
2026-01-14,600036,14:54:24,40.2400,1896,2
2026-01-14,600036,14:54:27,40.2500,1869,1
2026-01-14,600036,14:54:30,40.2500,1102,1
2026-01-14,600036,14:54:33,40.2500,832,1
2026-01-14,600036,14:54:36,40.2500,1013,1
2026-01-14,600036,14:54:39,40.2400,3348,2
2026-01-14,600036,14:54:42,40.2500,4068,1
2026-01-14,600036,14:54:45,40.2300,1279,2
2026-01-14,600036,14:54:48,40.2500,5339,1
2026-01-14,600036,14:54:51,40.2500,173,1
2026-01-14,600036,14:54:54,40.2500,224,1
2026-01-14,600036,14:54:57,40.2400,1177,2
2026-01-14,600036,14:55:00,40.2400,923,1
2026-01-14,600036,14:55:03,40.2300,2809,2
2026-01-14,600036,14:55:06,40.2300,458,1
2026-01-14,600036,14:55:09,40.2200,585,2
2026-01-14,600036,14:55:12,40.2300,425,1
2026-01-14,600036,14:55:15,40.2300,3262,1
2026-01-14,600036,14:55:18,40.2200,5000,2
2026-01-14,600036,14:55:21,40.2200,2740,1
2026-01-14,600036,14:55:24,40.2100,1673,2
2026-01-14,600036,14:55:27,40.2100,864,1
2026-01-14,600036,14:55:30,40.2000,1955,2
2026-01-14,600036,14:55:33,40.2100,1163,1
2026-01-14,600036,14:55:36,40.2000,578,2
2026-01-14,600036,14:55:39,40.2000,10571,2
2026-01-14,600036,14:55:42,40.1900,1276,2
2026-01-14,600036,14:55:45,40.2000,735,1
2026-01-14,600036,14:55:48,40.1600,4080,2
2026-01-14,600036,14:55:51,40.1700,778,1
2026-01-14,600036,14:55:54,40.1700,689,1
2026-01-14,600036,14:55:57,40.1700,544,1
2026-01-14,600036,14:56:00,40.1700,5763,1
2026-01-14,600036,14:56:03,40.1600,3360,2
2026-01-14,600036,14:56:06,40.1700,1010,1
2026-01-14,600036,14:56:09,40.1800,857,1
2026-01-14,600036,14:56:12,40.1400,3836,2
2026-01-14,600036,14:56:15,40.1500,1195,1
2026-01-14,600036,14:56:18,40.1500,2753,1
2026-01-14,600036,14:56:21,40.1400,2320,2
2026-01-14,600036,14:56:24,40.1400,877,1
2026-01-14,600036,14:56:27,40.1300,2997,2
2026-01-14,600036,14:56:30,40.1300,983,1
2026-01-14,600036,14:56:33,40.1100,4399,2
2026-01-14,600036,14:56:36,40.1100,1213,1
2026-01-14,600036,14:56:39,40.1100,1741,1
2026-01-14,600036,14:56:42,40.1100,2069,1
2026-01-14,600036,14:56:45,40.1000,6621,2
2026-01-14,600036,14:56:48,40.1000,3140,1
2026-01-14,600036,14:56:51,40.0900,1399,2
2026-01-14,600036,14:56:54,40.0700,1371,2
2026-01-14,600036,14:56:57,40.0700,1387,1
2026-01-14,600036,14:57:00,40.0700,496,1
2026-01-14,600036,15:00:02,40.0700,72095,4
2026-01-14,600036,13:17:06,40.7300,487,1
2026-01-14,600036,13:17:09,40.7200,111,2
2026-01-14,600036,13:17:12,40.7300,628,1
2026-01-14,600036,13:17:15,40.7200,463,2
2026-01-14,600036,13:17:18,40.7200,995,1
2026-01-14,600036,13:17:21,40.7200,125,1
2026-01-14,600036,13:17:24,40.7200,173,1
2026-01-14,600036,13:17:27,40.7500,676,1
2026-01-14,600036,13:17:30,40.7400,57,2
2026-01-14,600036,13:17:33,40.7400,51,2
2026-01-14,600036,13:17:36,40.7300,202,2
2026-01-14,600036,13:17:39,40.7400,171,1
2026-01-14,600036,13:17:42,40.7500,320,1
2026-01-14,600036,13:17:45,40.7500,252,2
2026-01-14,600036,13:17:48,40.7600,61,1
2026-01-14,600036,13:17:51,40.7600,176,1
2026-01-14,600036,13:17:54,40.7700,109,1
2026-01-14,600036,13:17:57,40.7600,161,2
2026-01-14,600036,13:18:00,40.7700,108,1
2026-01-14,600036,13:18:03,40.7700,90,1
2026-01-14,600036,13:18:06,40.7700,69,1
2026-01-14,600036,13:18:09,40.7600,1176,2
2026-01-14,600036,13:18:12,40.7600,454,1
2026-01-14,600036,13:18:15,40.7600,81,2
2026-01-14,600036,13:18:18,40.7500,611,2
2026-01-14,600036,13:18:21,40.7600,113,1
2026-01-14,600036,13:18:24,40.7500,61,4
2026-01-14,600036,13:18:27,40.7500,115,1
2026-01-14,600036,13:18:30,40.7500,112,2
2026-01-14,600036,13:18:33,40.7700,75,1
2026-01-14,600036,13:18:36,40.7500,175,2
2026-01-14,600036,13:18:39,40.7600,95,1
2026-01-14,600036,13:18:42,40.7700,199,1
2026-01-14,600036,13:18:45,40.7700,174,1
2026-01-14,600036,13:18:48,40.7700,319,1
2026-01-14,600036,13:18:51,40.7600,128,2
2026-01-14,600036,13:18:54,40.7700,124,1
2026-01-14,600036,13:18:57,40.7600,258,4
2026-01-14,600036,13:19:00,40.7700,144,1
2026-01-14,600036,13:19:03,40.7700,286,1
2026-01-14,600036,13:19:06,40.7700,350,1
2026-01-14,600036,13:19:09,40.7500,1115,2
2026-01-14,600036,13:19:12,40.7400,788,2
2026-01-14,600036,13:19:15,40.7500,111,1
2026-01-14,600036,13:19:18,40.7400,269,4
2026-01-14,600036,13:19:21,40.7500,148,1
2026-01-14,600036,13:19:24,40.7500,55,1
2026-01-14,600036,13:19:27,40.7500,23,2
2026-01-14,600036,13:19:30,40.7600,93,1
2026-01-14,600036,13:19:33,40.7600,39,1
2026-01-14,600036,13:19:36,40.7600,70,1
2026-01-14,600036,13:19:39,40.7600,89,1
2026-01-14,600036,13:19:42,40.7600,63,1
2026-01-14,600036,13:19:45,40.7700,26,1
2026-01-14,600036,13:19:48,40.7700,68,1
2026-01-14,600036,13:19:51,40.7700,241,1
2026-01-14,600036,13:19:54,40.7700,306,1
2026-01-14,600036,13:19:57,40.7700,291,2
2026-01-14,600036,13:20:00,40.7800,132,1
2026-01-14,600036,13:20:03,40.7700,299,2
2026-01-14,600036,13:20:06,40.7600,4260,2
2026-01-14,600036,13:20:09,40.7900,282,1
2026-01-14,600036,13:20:12,40.7900,337,1
2026-01-14,600036,13:20:15,40.7900,27,1
2026-01-14,600036,13:20:18,40.7900,42,1
2026-01-14,600036,13:20:21,40.7800,385,2
2026-01-14,600036,13:20:24,40.7800,114,1
2026-01-14,600036,13:20:27,40.7800,112,1
2026-01-14,600036,13:20:30,40.7800,188,1
2026-01-14,600036,13:20:33,40.7700,859,2
2026-01-14,600036,13:20:36,40.7700,274,1
2026-01-14,600036,13:20:39,40.7700,347,1
2026-01-14,600036,13:20:42,40.7700,607,1
2026-01-14,600036,13:20:45,40.7600,273,2
2026-01-14,600036,13:20:48,40.7500,163,2
2026-01-14,600036,13:20:51,40.7600,50,1
2026-01-14,600036,13:20:54,40.7400,1074,2
2026-01-14,600036,13:20:57,40.7400,277,1
2026-01-14,600036,13:21:00,40.7300,440,2
2026-01-14,600036,13:21:03,40.7400,293,1
2026-01-14,600036,13:21:06,40.7300,482,2
2026-01-14,600036,13:21:09,40.7300,53,2
2026-01-14,600036,13:21:12,40.7400,231,1
2026-01-14,600036,13:21:15,40.7500,154,1
2026-01-14,600036,13:21:18,40.7400,273,2
2026-01-14,600036,13:21:21,40.7400,2045,1
2026-01-14,600036,13:21:24,40.7400,151,2
2026-01-14,600036,13:21:27,40.7400,641,2
2026-01-14,600036,13:21:30,40.7400,145,1
2026-01-14,600036,13:21:33,40.7400,235,1
2026-01-14,600036,13:21:36,40.7400,493,1
2026-01-14,600036,13:21:39,40.7300,1460,2
2026-01-14,600036,13:21:42,40.7300,260,1
2026-01-14,600036,13:21:45,40.7300,2082,1
2026-01-14,600036,13:21:48,40.7300,382,2
2026-01-14,600036,13:21:51,40.7300,1269,2
2026-01-14,600036,13:21:54,40.7400,129,1
2026-01-14,600036,13:21:57,40.7400,73,1
2026-01-14,600036,13:22:00,40.7400,252,1
2026-01-14,600036,13:22:03,40.7300,497,2
2026-01-14,600036,13:22:06,40.7400,108,1
2026-01-14,600036,13:22:09,40.7400,108,1
2026-01-14,600036,13:22:12,40.7400,362,2
2026-01-14,600036,13:22:15,40.7500,38,1
2026-01-14,600036,13:22:18,40.7500,42,1
2026-01-14,600036,13:22:21,40.7500,93,1
2026-01-14,600036,13:22:24,40.7400,516,2
2026-01-14,600036,13:22:27,40.7400,164,1
2026-01-14,600036,13:22:30,40.7500,968,1
2026-01-14,600036,13:22:33,40.7500,72,1
2026-01-14,600036,13:22:36,40.7500,78,1
2026-01-14,600036,13:22:39,40.7500,94,1
2026-01-14,600036,13:22:42,40.7500,40,1
2026-01-14,600036,13:22:45,40.7400,584,2
2026-01-14,600036,13:22:48,40.7400,168,1
2026-01-14,600036,13:22:51,40.7400,588,1
2026-01-14,600036,13:22:54,40.7300,243,2
2026-01-14,600036,13:22:57,40.7300,202,2
2026-01-14,600036,13:23:00,40.7300,172,1
2026-01-14,600036,13:23:03,40.7300,62,1
2026-01-14,600036,13:23:06,40.7300,135,2
2026-01-14,600036,13:23:09,40.7300,893,1
2026-01-14,600036,13:23:12,40.7300,53,1
2026-01-14,600036,13:23:15,40.7300,75,1
2026-01-14,600036,13:23:18,40.7200,240,2
2026-01-14,600036,13:23:21,40.7200,164,2
2026-01-14,600036,13:23:25,40.7200,1449,2
2026-01-14,600036,13:23:27,40.7200,172,1
2026-01-14,600036,13:23:30,40.7200,193,1
2026-01-14,600036,13:23:33,40.7200,198,1
2026-01-14,600036,13:23:36,40.7200,67,1
2026-01-14,600036,13:23:39,40.7200,993,2
2026-01-14,600036,13:23:42,40.7200,290,1
2026-01-14,600036,13:23:45,40.7200,81,1
2026-01-14,600036,13:23:48,40.7200,74,2
2026-01-14,600036,13:23:51,40.7200,328,2
2026-01-14,600036,13:23:54,40.7200,231,2
2026-01-14,600036,13:23:57,40.7200,173,1
2026-01-14,600036,13:24:00,40.7300,155,1
2026-01-14,600036,13:24:03,40.7200,528,2
2026-01-14,600036,13:24:06,40.7300,50,1
2026-01-14,600036,13:24:09,40.7200,87,2
2026-01-14,600036,13:24:12,40.7200,664,2
2026-01-14,600036,13:24:15,40.7200,245,1
2026-01-14,600036,13:24:18,40.7100,656,2
2026-01-14,600036,13:24:21,40.7300,181,1
2026-01-14,600036,13:24:24,40.7300,104,1
2026-01-14,600036,13:24:27,40.7300,1049,1
2026-01-14,600036,13:24:30,40.7400,336,1
2026-01-14,600036,13:24:33,40.7400,736,1
2026-01-14,600036,13:24:36,40.7400,65,2
2026-01-14,600036,13:24:39,40.7500,75,1
2026-01-14,600036,13:24:42,40.7500,30,1
2026-01-14,600036,13:24:45,40.7500,214,1
2026-01-14,600036,13:24:48,40.7500,34,1
2026-01-14,600036,13:24:51,40.7500,67,1
2026-01-14,600036,13:24:54,40.7400,527,2
2026-01-14,600036,13:24:57,40.7400,86,1
2026-01-14,600036,13:25:00,40.7400,632,1
2026-01-14,600036,13:25:03,40.7400,87,1
2026-01-14,600036,13:25:06,40.7300,306,2
2026-01-14,600036,13:25:09,40.7300,386,1
2026-01-14,600036,13:25:12,40.7300,128,1
2026-01-14,600036,13:25:15,40.7400,259,1
2026-01-14,600036,13:25:18,40.7300,410,2
2026-01-14,600036,13:25:21,40.7400,299,1
2026-01-14,600036,13:25:24,40.7300,47,2
2026-01-14,600036,13:25:27,40.7400,14,1
2026-01-14,600036,13:25:30,40.7300,638,2
2026-01-14,600036,13:25:33,40.7400,49,1
2026-01-14,600036,13:25:36,40.7300,92,2
2026-01-14,600036,13:25:39,40.7400,622,1
2026-01-14,600036,13:25:42,40.7300,39,2
2026-01-14,600036,13:25:45,40.7300,202,1
2026-01-14,600036,13:25:48,40.7300,239,1
2026-01-14,600036,13:25:51,40.7200,1758,2
2026-01-14,600036,13:25:54,40.7200,203,1
2026-01-14,600036,13:25:57,40.7100,1414,2
2026-01-14,600036,13:26:00,40.7200,331,1
2026-01-14,600036,13:26:03,40.7100,108,2
2026-01-14,600036,13:26:06,40.7100,83,2
2026-01-14,600036,13:26:09,40.7100,278,2
2026-01-14,600036,13:26:12,40.7200,146,1
2026-01-14,600036,13:26:15,40.7200,169,1
2026-01-14,600036,13:26:18,40.7200,275,1
2026-01-14,600036,13:26:21,40.7100,34,2
2026-01-14,600036,13:26:24,40.7200,129,1
2026-01-14,600036,13:26:27,40.7100,251,2
2026-01-14,600036,13:26:30,40.7100,339,2
2026-01-14,600036,13:26:34,40.7200,32,1
2026-01-14,600036,13:26:36,40.7200,30,1
2026-01-14,600036,13:26:39,40.7200,144,1
2026-01-14,600036,13:26:42,40.7200,1177,1
2026-01-14,600036,13:26:45,40.7200,947,1
2026-01-14,600036,13:26:48,40.7200,194,1
2026-01-14,600036,13:26:51,40.7200,142,1
2026-01-14,600036,13:26:54,40.7100,94,2
2026-01-14,600036,13:26:57,40.7200,83,1
2026-01-14,600036,13:27:00,40.7200,205,1
2026-01-14,600036,13:27:03,40.7200,78,1
2026-01-14,600036,13:27:06,40.7200,140,1
2026-01-14,600036,13:27:09,40.7200,148,1
2026-01-14,600036,13:27:12,40.7200,205,1
2026-01-14,600036,13:27:15,40.7200,176,1
2026-01-14,600036,13:27:18,40.7200,116,1
2026-01-14,600036,13:27:21,40.7200,93,1
2026-01-14,600036,13:27:24,40.7200,143,2
2026-01-14,600036,13:27:27,40.7300,188,1
2026-01-14,600036,13:27:30,40.7200,380,2
2026-01-14,600036,13:27:33,40.7200,418,1
2026-01-14,600036,13:27:36,40.7200,979,1
2026-01-14,600036,13:27:39,40.7200,5,1
2026-01-14,600036,13:27:42,40.7300,244,1
2026-01-14,600036,13:27:45,40.7300,48,1
2026-01-14,600036,13:27:48,40.7300,42,4
2026-01-14,600036,13:27:51,40.7200,552,2
2026-01-14,600036,13:27:54,40.7200,189,1
2026-01-14,600036,13:27:57,40.7300,7,1
2026-01-14,600036,13:28:00,40.7200,378,2
2026-01-14,600036,13:28:03,40.7300,68,1
2026-01-14,600036,13:28:06,40.7300,121,1
2026-01-14,600036,13:28:09,40.7300,16,1
2026-01-14,600036,13:28:12,40.7300,36,1
2026-01-14,600036,13:28:15,40.7200,1029,2
2026-01-14,600036,13:28:18,40.7200,134,1
2026-01-14,600036,13:28:21,40.7200,58,1
2026-01-14,600036,13:28:24,40.7200,71,1
2026-01-14,600036,13:28:27,40.7200,1124,1
2026-01-14,600036,13:28:30,40.7200,579,1
2026-01-14,600036,13:28:33,40.7200,233,1
2026-01-14,600036,13:28:36,40.7200,126,1
2026-01-14,600036,13:28:39,40.7200,229,1
2026-01-14,600036,13:28:42,40.7200,391,1
2026-01-14,600036,13:28:45,40.7200,121,1
2026-01-14,600036,13:28:48,40.7200,910,1
2026-01-14,600036,13:28:51,40.7200,169,1
2026-01-14,600036,13:28:54,40.7200,314,1
2026-01-14,600036,13:28:57,40.7100,111,2
2026-01-14,600036,13:29:00,40.7100,2214,2
2026-01-14,600036,13:29:03,40.7000,553,2
2026-01-14,600036,13:29:06,40.7100,794,1
2026-01-14,600036,13:29:09,40.7100,273,1
2026-01-14,600036,13:29:12,40.7100,308,1
2026-01-14,600036,13:29:15,40.7000,334,2
2026-01-14,600036,13:29:18,40.7100,968,1
2026-01-14,600036,13:29:21,40.7000,796,2
2026-01-14,600036,13:29:24,40.7100,269,1
2026-01-14,600036,13:29:27,40.7000,177,2
2026-01-14,600036,13:29:30,40.7100,283,1
2026-01-14,600036,13:29:33,40.7100,174,1
2026-01-14,600036,13:29:36,40.7100,324,1
2026-01-14,600036,13:29:39,40.7100,132,1
2026-01-14,600036,13:29:42,40.7100,87,1
2026-01-14,600036,13:29:45,40.7100,159,1
2026-01-14,600036,13:29:48,40.7100,143,2
2026-01-14,600036,13:29:51,40.7100,436,2
2026-01-14,600036,13:29:54,40.7100,210,1
2026-01-14,600036,13:29:57,40.7100,51,2
2026-01-14,600036,13:30:00,40.7100,68,2
2026-01-14,600036,13:30:03,40.7200,26,1
2026-01-14,600036,13:30:06,40.7100,1117,2
2026-01-14,600036,13:30:09,40.7100,135,1
2026-01-14,600036,13:30:12,40.7100,103,1
2026-01-14,600036,13:30:15,40.7100,115,1
2026-01-14,600036,13:30:18,40.7100,106,1
2026-01-14,600036,13:30:21,40.7100,95,2
2026-01-14,600036,13:30:24,40.7100,38,2
2026-01-14,600036,13:30:27,40.7100,19,2
2026-01-14,600036,13:30:30,40.7200,165,1
2026-01-14,600036,13:30:33,40.7000,926,2
2026-01-14,600036,13:30:36,40.7100,352,1
2026-01-14,600036,13:30:39,40.7100,127,2
2026-01-14,600036,13:30:42,40.7100,183,1
2026-01-14,600036,13:30:45,40.7100,130,2
2026-01-14,600036,13:30:48,40.7200,167,1
2026-01-14,600036,13:30:51,40.7100,271,2
2026-01-14,600036,13:30:54,40.7100,1615,2
2026-01-14,600036,13:30:57,40.7100,378,1
2026-01-14,600036,13:31:00,40.7100,170,1
2026-01-14,600036,13:31:03,40.7100,296,1
2026-01-14,600036,13:31:06,40.7100,69,1
2026-01-14,600036,13:31:09,40.7100,94,1
2026-01-14,600036,13:31:12,40.7100,133,1
2026-01-14,600036,13:31:15,40.7100,379,1
2026-01-14,600036,13:31:18,40.7100,147,1
2026-01-14,600036,13:31:21,40.7100,290,1
2026-01-14,600036,13:31:24,40.7000,352,2
2026-01-14,600036,13:31:27,40.7000,294,2
2026-01-14,600036,13:31:30,40.7200,360,1
2026-01-14,600036,13:31:33,40.7100,177,2
2026-01-14,600036,13:31:36,40.7200,46,1
2026-01-14,600036,13:31:39,40.7200,54,1
2026-01-14,600036,13:31:42,40.7200,41,1
2026-01-14,600036,13:31:45,40.7200,1082,1
2026-01-14,600036,13:31:48,40.7200,256,1
2026-01-14,600036,13:31:51,40.7200,63,1
2026-01-14,600036,13:31:54,40.7100,309,2
2026-01-14,600036,13:31:57,40.7200,93,1
2026-01-14,600036,13:32:00,40.7100,36,2
2026-01-14,600036,13:32:03,40.7200,51,1
2026-01-14,600036,13:32:06,40.7200,332,1
2026-01-14,600036,13:32:09,40.7200,301,1
2026-01-14,600036,13:32:12,40.7200,166,1
2026-01-14,600036,13:32:15,40.7200,53,1
2026-01-14,600036,13:32:18,40.7200,218,1
2026-01-14,600036,13:32:21,40.7200,171,1
2026-01-14,600036,13:32:24,40.7100,230,2
2026-01-14,600036,13:32:27,40.7200,176,1
2026-01-14,600036,13:32:30,40.7200,113,1
2026-01-14,600036,13:32:33,40.7200,338,1
2026-01-14,600036,13:32:36,40.7200,212,1
2026-01-14,600036,13:32:39,40.7200,1152,1
2026-01-14,600036,13:32:42,40.7200,438,1
2026-01-14,600036,13:32:45,40.7200,291,1
2026-01-14,600036,13:32:48,40.7200,94,1
2026-01-14,600036,13:32:51,40.7200,341,1
2026-01-14,600036,13:32:54,40.7200,121,1
2026-01-14,600036,13:32:57,40.7300,333,1
2026-01-14,600036,13:33:00,40.7300,20,1
2026-01-14,600036,13:33:03,40.7300,29,1
2026-01-14,600036,13:33:06,40.7300,54,1
2026-01-14,600036,13:33:09,40.7200,878,2
2026-01-14,600036,13:33:12,40.7200,60,1
2026-01-14,600036,13:33:15,40.7200,215,1
2026-01-14,600036,13:33:18,40.7200,209,1
2026-01-14,600036,13:33:21,40.7200,159,1
2026-01-14,600036,13:33:24,40.7100,146,2
2026-01-14,600036,13:33:27,40.7200,282,1
2026-01-14,600036,13:33:30,40.7200,110,1
2026-01-14,600036,13:33:33,40.7200,118,1
2026-01-14,600036,13:33:36,40.7200,1263,1
2026-01-14,600036,13:33:39,40.7200,131,1
2026-01-14,600036,13:33:42,40.7200,155,1
2026-01-14,600036,13:33:45,40.7100,315,2
2026-01-14,600036,13:33:48,40.7200,256,1
2026-01-14,600036,13:33:51,40.7100,1138,2
2026-01-14,600036,13:33:54,40.7100,84,2
2026-01-14,600036,13:33:57,40.7200,137,1
2026-01-14,600036,13:34:00,40.7200,105,1
2026-01-14,600036,13:34:03,40.7200,108,1
2026-01-14,600036,13:34:06,40.7100,192,2
2026-01-14,600036,13:34:09,40.7200,290,1
2026-01-14,600036,13:34:12,40.7200,165,1
2026-01-14,600036,13:34:15,40.7200,443,1
2026-01-14,600036,13:34:18,40.7200,98,1
2026-01-14,600036,13:34:21,40.7200,252,1
2026-01-14,600036,13:34:24,40.7200,194,2
2026-01-14,600036,13:34:27,40.7200,1034,1
2026-01-14,600036,13:34:30,40.7200,1006,2
2026-01-14,600036,13:34:33,40.7200,65,1
2026-01-14,600036,13:34:36,40.7200,153,1
2026-01-14,600036,13:34:39,40.7200,109,1
2026-01-14,600036,13:34:42,40.7200,62,1
2026-01-14,600036,13:34:45,40.7200,166,1
2026-01-14,600036,13:34:48,40.7200,128,1
2026-01-14,600036,13:34:51,40.7200,255,2
2026-01-14,600036,13:34:54,40.7100,168,2
2026-01-14,600036,13:34:57,40.7200,118,2
2026-01-14,600036,13:35:00,40.7200,54,1
2026-01-14,600036,13:35:03,40.7200,768,1
2026-01-14,600036,13:35:06,40.7100,357,2
2026-01-14,600036,13:35:09,40.7200,66,1
2026-01-14,600036,13:35:12,40.7200,229,1
2026-01-14,600036,13:35:15,40.7200,73,1
2026-01-14,600036,13:35:18,40.7200,122,1
2026-01-14,600036,13:35:21,40.7200,101,1
2026-01-14,600036,13:35:24,40.7200,100,1
2026-01-14,600036,13:35:27,40.7200,84,1
2026-01-14,600036,13:35:30,40.7200,1139,1
2026-01-14,600036,13:35:33,40.7200,314,1
2026-01-14,600036,13:35:36,40.7200,435,1
2026-01-14,600036,13:35:39,40.7200,70,2
2026-01-14,600036,13:35:42,40.7300,23,1
2026-01-14,600036,13:35:45,40.7300,1,1
2026-01-14,600036,13:35:48,40.7200,470,2
2026-01-14,600036,13:35:51,40.7200,55,1
2026-01-14,600036,13:35:54,40.7200,54,1
2026-01-14,600036,13:35:57,40.7200,198,1
2026-01-14,600036,13:36:00,40.7100,50,2
2026-01-14,600036,13:36:03,40.7200,50,1
2026-01-14,600036,13:36:06,40.7200,251,1
2026-01-14,600036,13:36:09,40.7200,222,1
2026-01-14,600036,13:36:12,40.7200,359,1
2026-01-14,600036,13:36:15,40.7200,339,1
2026-01-14,600036,13:36:18,40.7300,78,1
2026-01-14,600036,13:36:21,40.7300,178,1
2026-01-14,600036,13:36:24,40.7300,387,1
2026-01-14,600036,13:36:27,40.7300,122,1
2026-01-14,600036,13:36:30,40.7400,62,1
2026-01-14,600036,13:36:33,40.7400,349,1
2026-01-14,600036,13:36:36,40.7300,234,2
2026-01-14,600036,13:36:39,40.7300,202,1
2026-01-14,600036,13:36:42,40.7300,37,1
2026-01-14,600036,13:36:45,40.7200,1503,2
2026-01-14,600036,13:36:48,40.7100,1535,2
2026-01-14,600036,13:36:51,40.7200,196,1
2026-01-14,600036,13:36:54,40.7100,221,2
2026-01-14,600036,13:36:57,40.7200,36,1
2026-01-14,600036,13:37:00,40.7200,147,1
2026-01-14,600036,13:37:03,40.7200,101,1
2026-01-14,600036,13:37:06,40.7200,85,1
2026-01-14,600036,13:37:09,40.7200,110,1
2026-01-14,600036,13:37:12,40.7200,223,1
2026-01-14,600036,13:37:15,40.7200,397,1
2026-01-14,600036,13:37:18,40.7200,1067,1
2026-01-14,600036,13:37:21,40.7100,136,2
2026-01-14,600036,13:37:24,40.7200,155,1
2026-01-14,600036,13:37:27,40.7200,98,1
2026-01-14,600036,13:37:30,40.7100,766,2
2026-01-14,600036,13:37:33,40.7100,423,2
2026-01-14,600036,13:37:36,40.7100,67,2
2026-01-14,600036,13:37:39,40.7100,1567,2
2026-01-14,600036,13:37:42,40.7100,621,2
2026-01-14,600036,13:37:45,40.7100,521,1
2026-01-14,600036,13:37:48,40.7000,1324,2
2026-01-14,600036,13:37:51,40.7100,186,1
2026-01-14,600036,13:37:54,40.7100,288,1
2026-01-14,600036,13:37:57,40.7100,638,1
2026-01-14,600036,13:38:00,40.7000,299,2
2026-01-14,600036,13:38:03,40.7100,86,1
2026-01-14,600036,13:38:06,40.7100,935,1
2026-01-14,600036,13:38:09,40.7000,308,2
2026-01-14,600036,13:38:12,40.7000,370,2
2026-01-14,600036,13:38:15,40.7000,282,2
2026-01-14,600036,13:38:18,40.7000,367,2
2026-01-14,600036,13:38:21,40.7100,244,1
2026-01-14,600036,13:38:24,40.7100,215,1
2026-01-14,600036,13:38:27,40.7100,145,1
2026-01-14,600036,13:38:30,40.7100,58,2
2026-01-14,600036,13:38:33,40.7100,25,2
2026-01-14,600036,13:38:36,40.7100,27,2
2026-01-14,600036,13:38:39,40.7100,303,2
2026-01-14,600036,13:38:42,40.7100,74,2
2026-01-14,600036,13:38:45,40.7200,211,1
2026-01-14,600036,13:38:48,40.7200,108,1
2026-01-14,600036,13:38:51,40.7200,66,1
2026-01-14,600036,13:38:54,40.7200,58,1
2026-01-14,600036,13:38:57,40.7100,1909,2
2026-01-14,600036,13:39:00,40.7200,309,1
2026-01-14,600036,13:39:03,40.7200,174,4
2026-01-14,600036,13:39:06,40.7200,211,2
2026-01-14,600036,13:39:09,40.7200,61,2
2026-01-14,600036,13:39:12,40.7200,67,1
2026-01-14,600036,13:39:15,40.7200,228,1
2026-01-14,600036,13:39:18,40.7200,145,1
2026-01-14,600036,13:39:21,40.7200,160,1
2026-01-14,600036,13:39:24,40.7200,1318,1
2026-01-14,600036,13:39:27,40.7300,162,1
2026-01-14,600036,13:39:30,40.7200,1314,2
2026-01-14,600036,13:39:33,40.7200,54,1
2026-01-14,600036,13:39:36,40.7200,59,1
2026-01-14,600036,13:39:39,40.7200,68,1
2026-01-14,600036,13:39:42,40.7200,61,1
2026-01-14,600036,13:39:45,40.7200,195,1
2026-01-14,600036,13:39:48,40.7200,937,1
2026-01-14,600036,13:39:51,40.7200,75,1
2026-01-14,600036,13:39:54,40.7200,166,1
2026-01-14,600036,13:39:57,40.7200,170,1
2026-01-14,600036,13:40:00,40.7200,57,1
2026-01-14,600036,13:40:03,40.7200,142,1
2026-01-14,600036,13:40:06,40.7200,115,1
2026-01-14,600036,13:40:09,40.7200,659,1
2026-01-14,600036,13:40:12,40.7200,169,1
2026-01-14,600036,13:40:15,40.7200,86,1
2026-01-14,600036,13:40:18,40.7200,161,1
2026-01-14,600036,13:40:21,40.7200,71,1
2026-01-14,600036,13:40:24,40.7100,177,2
2026-01-14,600036,13:40:27,40.7100,210,2
2026-01-14,600036,13:40:30,40.7100,135,2
2026-01-14,600036,13:40:33,40.7200,162,1
2026-01-14,600036,13:40:36,40.7100,1037,2
2026-01-14,600036,13:40:39,40.7100,1089,2
2026-01-14,600036,13:40:42,40.7100,222,1
2026-01-14,600036,13:40:45,40.7100,248,1
2026-01-14,600036,13:40:48,40.7000,302,2
2026-01-14,600036,13:40:51,40.7000,323,2
2026-01-14,600036,13:40:54,40.7000,246,2
2026-01-14,600036,13:40:57,40.7100,425,1
2026-01-14,600036,13:41:00,40.7100,370,1
2026-01-14,600036,13:41:03,40.7100,128,1
2026-01-14,600036,13:41:06,40.7000,502,2
2026-01-14,600036,13:41:09,40.7100,221,1
2026-01-14,600036,13:41:12,40.7000,525,2
2026-01-14,600036,13:41:15,40.7100,180,1
2026-01-14,600036,13:41:18,40.7100,147,1
2026-01-14,600036,13:41:21,40.7100,440,1
2026-01-14,600036,13:41:24,40.7100,117,1
2026-01-14,600036,13:41:27,40.7100,913,1
2026-01-14,600036,13:41:30,40.7100,255,1
2026-01-14,600036,13:41:33,40.7100,258,1
2026-01-14,600036,13:41:36,40.7000,148,2
2026-01-14,600036,13:41:39,40.7100,167,1
2026-01-14,600036,13:41:42,40.7000,1196,2
2026-01-14,600036,13:41:45,40.7000,5568,2
2026-01-14,600036,13:41:48,40.7000,272,2
2026-01-14,600036,13:41:51,40.7000,303,2
2026-01-14,600036,13:41:54,40.7100,351,1
2026-01-14,600036,13:41:57,40.7100,331,1
2026-01-14,600036,13:42:00,40.7100,184,1
2026-01-14,600036,13:42:03,40.7100,378,1
2026-01-14,600036,13:42:06,40.7100,161,1
2026-01-14,600036,13:42:09,40.7100,197,1
2026-01-14,600036,13:42:12,40.7000,179,2
2026-01-14,600036,13:42:15,40.7000,230,2
2026-01-14,600036,13:42:18,40.7100,1004,1
2026-01-14,600036,13:42:21,40.7100,272,1
2026-01-14,600036,13:42:24,40.7000,104,2
2026-01-14,600036,13:42:27,40.7000,385,2
2026-01-14,600036,13:42:30,40.7100,247,1
2026-01-14,600036,13:42:33,40.7100,123,1
2026-01-14,600036,13:42:36,40.7100,111,1
2026-01-14,600036,13:42:39,40.7100,328,1
2026-01-14,600036,13:42:42,40.7000,677,2
2026-01-14,600036,13:42:45,40.7000,121,2
2026-01-14,600036,13:42:48,40.7100,189,1
2026-01-14,600036,13:42:51,40.7000,127,2
2026-01-14,600036,13:42:54,40.7100,226,1
2026-01-14,600036,13:42:57,40.7100,352,1
2026-01-14,600036,13:43:00,40.7000,1713,2
2026-01-14,600036,13:43:03,40.7000,854,2
2026-01-14,600036,13:43:06,40.7100,999,1
2026-01-14,600036,13:43:09,40.7000,956,4
2026-01-14,600036,13:43:12,40.7000,347,1
2026-01-14,600036,13:43:15,40.7000,135,1
2026-01-14,600036,13:43:18,40.7000,164,1
2026-01-14,600036,13:43:21,40.7000,123,1
2026-01-14,600036,13:43:24,40.7000,130,1
2026-01-14,600036,13:43:27,40.7000,190,1
2026-01-14,600036,13:43:30,40.7000,108,1
2026-01-14,600036,13:43:33,40.7000,120,1
2026-01-14,600036,13:43:36,40.7000,281,1
2026-01-14,600036,13:43:39,40.7000,317,1
2026-01-14,600036,13:43:42,40.7000,103,1
2026-01-14,600036,13:43:45,40.7000,164,1
2026-01-14,600036,13:43:48,40.7000,128,1
2026-01-14,600036,13:43:51,40.6900,169,2
2026-01-14,600036,13:43:54,40.7000,370,1
2026-01-14,600036,13:43:57,40.7000,271,1
2026-01-14,600036,13:44:00,40.7000,104,2
2026-01-14,600036,13:44:04,40.7000,298,2
2026-01-14,600036,13:44:06,40.7100,154,1
2026-01-14,600036,13:44:09,40.6900,1157,2
2026-01-14,600036,13:44:12,40.7000,238,1
2026-01-14,600036,13:44:15,40.6900,171,2
2026-01-14,600036,13:44:18,40.6900,159,2
2026-01-14,600036,13:44:21,40.7000,256,1
2026-01-14,600036,13:44:24,40.7000,147,1
2026-01-14,600036,13:44:27,40.7000,96,2
2026-01-14,600036,13:44:30,40.6900,341,2
2026-01-14,600036,13:44:33,40.6900,420,2
2026-01-14,600036,13:44:36,40.6900,206,2
2026-01-14,600036,13:44:39,40.7000,137,1
2026-01-14,600036,13:44:42,40.7000,159,1
2026-01-14,600036,13:44:45,40.6900,431,2
2026-01-14,600036,13:44:48,40.7000,144,1
2026-01-14,600036,13:44:51,40.6900,141,2
2026-01-14,600036,13:44:54,40.6900,89,2
2026-01-14,600036,13:44:57,40.6900,382,2
2026-01-14,600036,13:45:00,40.6800,1270,2
2026-01-14,600036,13:45:03,40.7000,240,1
2026-01-14,600036,13:45:06,40.6900,149,2
2026-01-14,600036,13:45:09,40.6900,146,1
2026-01-14,600036,13:45:12,40.6900,126,1
2026-01-14,600036,13:45:15,40.6900,210,2
2026-01-14,600036,13:45:18,40.6900,126,2
2026-01-14,600036,13:45:21,40.6900,96,2
2026-01-14,600036,13:45:24,40.6900,160,2
2026-01-14,600036,13:45:27,40.6900,230,2
2026-01-14,600036,13:45:30,40.6900,152,2
2026-01-14,600036,13:45:33,40.6900,156,2
2026-01-14,600036,13:45:36,40.6900,133,2
2026-01-14,600036,13:45:39,40.6900,139,2
2026-01-14,600036,13:45:42,40.6900,145,2
2026-01-14,600036,13:45:45,40.6900,113,2
2026-01-14,600036,13:45:48,40.6900,318,2
2026-01-14,600036,13:45:51,40.7000,1157,1
2026-01-14,600036,13:45:54,40.6900,165,2
2026-01-14,600036,13:45:57,40.6900,372,1
2026-01-14,600036,13:46:00,40.6900,147,2
2026-01-14,600036,13:46:03,40.6900,125,2
2026-01-14,600036,13:46:06,40.6900,311,2
2026-01-14,600036,13:46:09,40.7000,156,1
2026-01-14,600036,13:46:12,40.6900,171,2
2026-01-14,600036,13:46:15,40.6900,107,2
2026-01-14,600036,13:46:18,40.7000,123,1
2026-01-14,600036,13:46:21,40.7000,165,1
2026-01-14,600036,13:46:24,40.6900,94,2
2026-01-14,600036,13:46:27,40.6900,407,2
2026-01-14,600036,13:46:30,40.6900,519,1
2026-01-14,600036,13:46:33,40.6900,156,2
2026-01-14,600036,13:46:36,40.6900,146,2
2026-01-14,600036,13:46:39,40.6900,1208,2
2026-01-14,600036,13:46:42,40.6900,124,1
2026-01-14,600036,13:46:45,40.6800,205,2
2026-01-14,600036,13:46:48,40.7000,282,1
2026-01-14,600036,13:46:51,40.6900,126,2
2026-01-14,600036,13:46:54,40.6800,186,2
2026-01-14,600036,13:46:57,40.6900,137,2
2026-01-14,600036,13:47:00,40.6900,252,2
2026-01-14,600036,13:47:03,40.6900,394,1
2026-01-14,600036,13:47:06,40.6900,133,1
2026-01-14,600036,13:47:09,40.6900,474,1
2026-01-14,600036,13:47:12,40.7000,217,1
2026-01-14,600036,13:47:15,40.7000,131,1
2026-01-14,600036,13:47:18,40.6900,233,2
2026-01-14,600036,13:47:21,40.6900,126,2
2026-01-14,600036,13:47:24,40.7000,216,1
2026-01-14,600036,13:47:27,40.6900,901,2
2026-01-14,600036,13:47:30,40.7000,402,1
2026-01-14,600036,13:47:33,40.6900,110,2
2026-01-14,600036,13:47:36,40.6900,136,2
2026-01-14,600036,13:47:39,40.6900,99,2
2026-01-14,600036,13:47:42,40.6900,98,2
2026-01-14,600036,13:47:45,40.6900,155,2
2026-01-14,600036,13:47:48,40.6900,125,2
2026-01-14,600036,13:47:51,40.6900,118,2
2026-01-14,600036,13:47:55,40.6900,189,2
2026-01-14,600036,13:47:57,40.6900,155,2
2026-01-14,600036,13:48:00,40.7000,231,1
2026-01-14,600036,13:48:03,40.6900,253,2
2026-01-14,600036,13:48:06,40.6900,184,2
2026-01-14,600036,13:48:09,40.6900,261,2
2026-01-14,600036,13:48:12,40.6900,354,2
2026-01-14,600036,13:48:15,40.6900,96,2
2026-01-14,600036,13:48:18,40.6900,106,2
2026-01-14,600036,13:48:21,40.6900,1084,2
2026-01-14,600036,13:48:24,40.6900,455,2
2026-01-14,600036,13:48:27,40.7000,131,1
2026-01-14,600036,13:48:30,40.6900,128,2
2026-01-14,600036,13:48:33,40.7000,259,1
2026-01-14,600036,13:48:36,40.7000,85,1
2026-01-14,600036,13:48:39,40.6900,235,2
2026-01-14,600036,13:48:42,40.6900,109,2
2026-01-14,600036,13:48:45,40.6900,112,2
2026-01-14,600036,13:48:48,40.6900,229,2
2026-01-14,600036,13:48:51,40.6900,305,2
2026-01-14,600036,13:48:55,40.6900,95,2
2026-01-14,600036,13:48:57,40.6800,141,2
2026-01-14,600036,13:49:00,40.6800,173,2
2026-01-14,600036,13:49:03,40.6900,117,1
2026-01-14,600036,13:49:06,40.6800,291,2
2026-01-14,600036,13:49:09,40.6800,270,2
2026-01-14,600036,13:49:12,40.6800,121,2
2026-01-14,600036,13:49:15,40.6800,149,2
2026-01-14,600036,13:49:18,40.6800,1103,2
2026-01-14,600036,13:49:21,40.6800,222,2
2026-01-14,600036,13:49:24,40.6800,124,2
2026-01-14,600036,13:49:27,40.6800,94,2
2026-01-14,600036,13:49:30,40.6800,104,2
2026-01-14,600036,13:49:33,40.6800,183,2
2026-01-14,600036,13:49:36,40.6800,1157,2
2026-01-14,600036,13:49:39,40.6700,3072,2
2026-01-14,600036,13:49:42,40.6700,693,2
2026-01-14,600036,13:49:45,40.6800,550,1
2026-01-14,600036,13:49:48,40.6600,98,2
2026-01-14,600036,13:49:51,40.6700,158,1
2026-01-14,600036,13:49:54,40.6700,211,1
2026-01-14,600036,13:49:57,40.6600,153,2
2026-01-14,600036,13:50:00,40.6600,203,2
2026-01-14,600036,13:50:03,40.6700,180,1
2026-01-14,600036,13:50:06,40.6600,301,2
2026-01-14,600036,13:50:09,40.6500,3121,2
2026-01-14,600036,13:50:12,40.6500,434,2
2026-01-14,600036,13:50:15,40.6600,340,1
2026-01-14,600036,13:50:18,40.6600,232,1
2026-01-14,600036,13:50:21,40.6500,466,2
2026-01-14,600036,13:50:24,40.6500,307,2
2026-01-14,600036,13:50:27,40.6600,158,1
2026-01-14,600036,13:50:30,40.6600,188,1
2026-01-14,600036,13:50:33,40.6600,244,1
2026-01-14,600036,13:50:36,40.6600,250,1
2026-01-14,600036,13:50:39,40.6500,378,2
2026-01-14,600036,13:50:42,40.6600,201,1
2026-01-14,600036,13:50:45,40.6600,110,1
2026-01-14,600036,13:50:48,40.6500,282,2
2026-01-14,600036,13:50:51,40.6600,197,1
2026-01-14,600036,13:50:54,40.6600,175,1
2026-01-14,600036,13:50:57,40.6500,198,2
2026-01-14,600036,13:51:00,40.6500,1370,2
2026-01-14,600036,13:51:03,40.6500,119,2
2026-01-14,600036,13:51:06,40.6600,238,1
2026-01-14,600036,13:51:09,40.6500,129,2
2026-01-14,600036,13:51:12,40.6600,132,1
2026-01-14,600036,13:51:15,40.6500,171,2
2026-01-14,600036,13:51:18,40.6500,168,2
2026-01-14,600036,13:51:21,40.6600,354,1
2026-01-14,600036,13:51:24,40.6600,154,1
2026-01-14,600036,13:51:27,40.6500,202,2
2026-01-14,600036,13:51:30,40.6600,181,1
2026-01-14,600036,13:51:33,40.6600,119,1
2026-01-14,600036,13:51:36,40.6600,121,1
2026-01-14,600036,13:51:39,40.6600,89,1
2026-01-14,600036,13:51:42,40.6600,152,1
2026-01-14,600036,13:51:45,40.6600,208,1
2026-01-14,600036,13:51:48,40.6500,1052,2
2026-01-14,600036,13:51:51,40.6600,128,1
2026-01-14,600036,13:51:54,40.6600,370,1
2026-01-14,600036,13:51:57,40.6500,339,2
2026-01-14,600036,13:52:00,40.6500,232,2
2026-01-14,600036,13:52:03,40.6500,168,2
2026-01-14,600036,13:52:06,40.6500,173,2
2026-01-14,600036,13:52:09,40.6600,142,1
2026-01-14,600036,13:52:12,40.6500,189,2
2026-01-14,600036,13:52:15,40.6600,93,1
2026-01-14,600036,13:52:18,40.6500,134,2
2026-01-14,600036,13:52:21,40.6500,103,2
2026-01-14,600036,13:52:24,40.6500,350,2
2026-01-14,600036,13:52:27,40.6500,458,2
2026-01-14,600036,13:52:30,40.6600,166,1
2026-01-14,600036,13:52:33,40.6600,133,1
2026-01-14,600036,13:52:36,40.6600,538,1
2026-01-14,600036,13:52:39,40.6600,1065,1
2026-01-14,600036,13:52:42,40.6600,203,1
2026-01-14,600036,13:52:45,40.6600,107,1
2026-01-14,600036,13:52:48,40.6600,148,1
2026-01-14,600036,13:52:51,40.6500,138,2
2026-01-14,600036,13:52:54,40.6600,159,1
2026-01-14,600036,13:52:57,40.6600,235,1
2026-01-14,600036,13:53:00,40.6600,193,2
2026-01-14,600036,13:53:03,40.6600,101,2
2026-01-14,600036,13:53:06,40.6700,118,1
2026-01-14,600036,13:53:09,40.6700,110,1
2026-01-14,600036,13:53:12,40.6600,135,2
2026-01-14,600036,13:53:15,40.6600,183,4
2026-01-14,600036,13:53:18,40.6600,217,2
2026-01-14,600036,13:53:21,40.6500,568,2
2026-01-14,600036,13:53:24,40.6600,181,4
2026-01-14,600036,13:53:27,40.6600,181,2
2026-01-14,600036,13:53:30,40.6500,246,2
2026-01-14,600036,13:53:33,40.6500,136,2
2026-01-14,600036,13:53:36,40.6600,673,1
2026-01-14,600036,13:53:39,40.6600,118,1
2026-01-14,600036,13:53:42,40.6500,150,2
2026-01-14,600036,13:53:45,40.6600,104,1
2026-01-14,600036,13:53:48,40.6500,86,2
2026-01-14,600036,13:53:51,40.6400,82,2
2026-01-14,600036,13:53:54,40.6500,1104,1
2026-01-14,600036,13:53:57,40.6500,252,1
2026-01-14,600036,13:54:00,40.6500,297,1
2026-01-14,600036,13:54:03,40.6500,126,1
2026-01-14,600036,13:54:06,40.6400,142,2
2026-01-14,600036,13:54:09,40.6500,216,1
2026-01-14,600036,13:54:12,40.6500,210,1
2026-01-14,600036,13:54:15,40.6500,140,4
2026-01-14,600036,13:54:18,40.6600,163,1
2026-01-14,600036,13:54:21,40.6400,158,2
2026-01-14,600036,13:54:24,40.6400,81,4
2026-01-14,600036,13:54:27,40.6400,230,1
2026-01-14,600036,13:54:30,40.6400,110,1
2026-01-14,600036,13:54:33,40.6400,183,1
2026-01-14,600036,13:54:36,40.6400,145,1
2026-01-14,600036,13:54:39,40.6400,135,1
2026-01-14,600036,13:54:42,40.6400,135,1
2026-01-14,600036,13:54:45,40.6400,243,1
2026-01-14,600036,13:54:48,40.6400,1522,1
2026-01-14,600036,13:54:51,40.6400,239,2
2026-01-14,600036,13:54:54,40.6300,180,2
2026-01-14,600036,13:54:57,40.6300,83,2
2026-01-14,600036,13:55:00,40.6400,257,1
2026-01-14,600036,13:55:03,40.6400,491,2
2026-01-14,600036,13:55:06,40.6400,25,1
2026-01-14,600036,13:55:09,40.6400,131,1
2026-01-14,600036,13:55:12,40.6400,99,1
2026-01-14,600036,13:55:15,40.6300,193,2
2026-01-14,600036,13:55:18,40.6400,169,1
2026-01-14,600036,13:55:21,40.6300,114,2
2026-01-14,600036,13:55:24,40.6200,518,2
2026-01-14,600036,13:55:27,40.6300,135,4
2026-01-14,600036,13:55:30,40.6300,171,1
2026-01-14,600036,13:55:33,40.6300,130,1
2026-01-14,600036,13:55:36,40.6200,1906,2
2026-01-14,600036,13:55:39,40.5900,12482,2
2026-01-14,600036,13:55:42,40.5800,1358,2
2026-01-14,600036,13:55:45,40.5600,430,2
2026-01-14,600036,13:55:48,40.5600,271,2
2026-01-14,600036,13:55:51,40.5800,152,1
2026-01-14,600036,13:55:54,40.5700,388,2
2026-01-14,600036,13:55:57,40.5800,989,1
2026-01-14,600036,13:56:00,40.5900,439,1
2026-01-14,600036,13:56:03,40.6000,432,1
2026-01-14,600036,13:56:06,40.5900,229,2
2026-01-14,600036,13:56:09,40.6000,60,1
2026-01-14,600036,13:56:12,40.5900,1197,2
2026-01-14,600036,13:56:15,40.6100,241,1
2026-01-14,600036,13:56:18,40.6200,105,1
2026-01-14,600036,13:56:21,40.6200,129,1
2026-01-14,600036,13:56:24,40.6200,134,1
2026-01-14,600036,13:56:27,40.6100,181,2
2026-01-14,600036,13:56:30,40.6200,502,1
2026-01-14,600036,13:56:33,40.6100,60,2
2026-01-14,600036,13:56:36,40.6000,104,2
2026-01-14,600036,13:56:39,40.6200,354,1
2026-01-14,600036,13:56:42,40.6000,793,2
2026-01-14,600036,13:56:45,40.6100,211,2
2026-01-14,600036,13:56:48,40.6200,264,1
2026-01-14,600036,13:56:51,40.6100,31,4
2026-01-14,600036,13:56:54,40.6200,516,1
2026-01-14,600036,13:56:57,40.6100,122,2
2026-01-14,600036,13:57:00,40.6000,117,2
2026-01-14,600036,13:57:03,40.6200,449,1
2026-01-14,600036,13:57:06,40.6100,299,2
2026-01-14,600036,13:57:09,40.6100,313,1
2026-01-14,600036,13:57:12,40.6100,257,1
2026-01-14,600036,13:57:15,40.6000,384,2
2026-01-14,600036,13:57:18,40.6000,153,2
2026-01-14,600036,13:57:21,40.6000,313,2
2026-01-14,600036,13:57:24,40.6000,201,1
2026-01-14,600036,13:57:27,40.6100,145,1
2026-01-14,600036,13:57:30,40.6000,157,2
2026-01-14,600036,13:57:33,40.6000,113,2
2026-01-14,600036,13:57:36,40.6000,304,2
2026-01-14,600036,13:57:39,40.6000,125,2
2026-01-14,600036,13:57:42,40.6000,160,2
2026-01-14,600036,13:57:45,40.6000,102,2
2026-01-14,600036,13:57:48,40.6000,90,2
2026-01-14,600036,13:57:51,40.6100,112,1
2026-01-14,600036,13:57:54,40.6000,148,2
2026-01-14,600036,13:57:57,40.5800,632,2
2026-01-14,600036,13:58:00,40.5900,189,1
2026-01-14,600036,13:58:03,40.6000,191,1
2026-01-14,600036,13:58:06,40.5900,885,1
2026-01-14,600036,13:58:09,40.5800,360,4
2026-01-14,600036,13:58:12,40.5900,121,1
2026-01-14,600036,13:58:15,40.5800,154,2
2026-01-14,600036,13:58:18,40.6000,580,1
2026-01-14,600036,13:58:21,40.6000,206,1
2026-01-14,600036,13:58:24,40.6000,104,1
2026-01-14,600036,13:58:27,40.5900,94,1
2026-01-14,600036,13:58:30,40.5900,124,1
2026-01-14,600036,13:58:33,40.5900,180,1
2026-01-14,600036,13:58:36,40.5900,90,1
2026-01-14,600036,13:58:39,40.5900,148,1
2026-01-14,600036,13:58:42,40.5800,250,2
2026-01-14,600036,13:58:45,40.5700,145,2
2026-01-14,600036,13:58:48,40.5700,153,2
2026-01-14,600036,13:58:51,40.5800,125,4
2026-01-14,600036,13:58:54,40.5700,219,2
2026-01-14,600036,13:58:57,40.5700,312,2
2026-01-14,600036,13:59:00,40.5800,187,4
2026-01-14,600036,13:59:03,40.5900,305,1
2026-01-14,600036,13:59:06,40.5900,453,1
2026-01-14,600036,13:59:09,40.5900,97,2
2026-01-14,600036,13:59:12,40.5900,67,2
2026-01-14,600036,13:59:15,40.5900,93,2
2026-01-14,600036,13:59:18,40.5800,223,2
2026-01-14,600036,13:59:21,40.5900,41,1
2026-01-14,600036,13:59:24,40.5800,166,2
2026-01-14,600036,13:59:27,40.5900,139,1
2026-01-14,600036,13:59:30,40.5900,27,2
2026-01-14,600036,13:59:33,40.5900,65,2
2026-01-14,600036,13:59:36,40.5900,157,2
2026-01-14,600036,13:59:39,40.6000,44,1
2026-01-14,600036,13:59:42,40.6000,24,1
2026-01-14,600036,13:59:45,40.6000,308,1
2026-01-14,600036,13:59:48,40.6000,35,1
2026-01-14,600036,13:59:51,40.6000,912,1
2026-01-14,600036,13:59:54,40.6000,1,2
2026-01-14,600036,13:59:57,40.6100,82,1
2026-01-14,600036,14:00:00,40.6100,271,1
2026-01-14,600036,14:00:03,40.6200,470,1
2026-01-14,600036,14:00:06,40.6100,590,2
2026-01-14,600036,14:00:09,40.6100,561,1
2026-01-14,600036,14:00:12,40.6000,137,2
2026-01-14,600036,14:00:15,40.6100,130,1
2026-01-14,600036,14:00:18,40.6100,16,1
2026-01-14,600036,14:00:21,40.6100,178,1
2026-01-14,600036,14:00:24,40.6100,57,1
2026-01-14,600036,14:00:27,40.6000,134,2
2026-01-14,600036,14:00:30,40.6000,394,2
2026-01-14,600036,14:00:33,40.5900,753,2
2026-01-14,600036,14:00:36,40.6000,212,1
2026-01-14,600036,14:00:39,40.5900,195,2
2026-01-14,600036,14:00:42,40.5900,556,2
2026-01-14,600036,14:00:45,40.5900,204,1
2026-01-14,600036,14:00:48,40.5900,170,1
2026-01-14,600036,14:00:51,40.5800,230,2
2026-01-14,600036,14:00:54,40.5900,377,1
2026-01-14,600036,14:00:57,40.5800,635,2
2026-01-14,600036,14:01:00,40.5800,169,2
2026-01-14,600036,14:01:03,40.5800,417,2
2026-01-14,600036,14:01:06,40.5800,845,2
2026-01-14,600036,14:01:09,40.5800,204,2
2026-01-14,600036,14:01:12,40.5800,125,2
2026-01-14,600036,14:01:15,40.5800,219,2
2026-01-14,600036,14:01:18,40.5800,230,1
2026-01-14,600036,14:01:21,40.6000,1308,1
2026-01-14,600036,14:01:24,40.6000,134,2
2026-01-14,600036,14:01:27,40.6000,28,2
2026-01-14,600036,14:01:30,40.6000,170,2
2026-01-14,600036,14:01:33,40.6000,75,1
2026-01-14,600036,14:01:36,40.6000,85,1
2026-01-14,600036,14:01:39,40.6100,83,1
2026-01-14,600036,14:01:42,40.6100,457,1
2026-01-14,600036,14:01:45,40.6100,90,1
2026-01-14,600036,14:01:48,40.6100,216,1
2026-01-14,600036,14:01:51,40.6100,93,2
2026-01-14,600036,14:01:54,40.6100,15,2
2026-01-14,600036,14:01:57,40.6200,20,1
2026-01-14,600036,14:02:00,40.6300,1430,1
2026-01-14,600036,14:02:03,40.6200,248,2
2026-01-14,600036,14:02:06,40.6300,91,1
2026-01-14,600036,14:02:09,40.6300,47,1
2026-01-14,600036,14:02:12,40.6300,335,1
2026-01-14,600036,14:02:15,40.6300,206,1
2026-01-14,600036,14:02:18,40.6200,772,2
2026-01-14,600036,14:02:21,40.6200,516,1
2026-01-14,600036,14:02:24,40.6100,252,2
2026-01-14,600036,14:02:27,40.6100,107,1
2026-01-14,600036,14:02:30,40.6100,330,1
2026-01-14,600036,14:02:33,40.6100,132,2
2026-01-14,600036,14:02:36,40.6100,255,1
2026-01-14,600036,14:02:39,40.6000,730,2
2026-01-14,600036,14:02:42,40.5900,281,2
2026-01-14,600036,14:02:45,40.5900,886,2
2026-01-14,600036,14:02:48,40.5900,121,1
2026-01-14,600036,14:02:51,40.5900,128,1
2026-01-14,600036,14:02:54,40.5900,472,1
2026-01-14,600036,14:02:57,40.6000,93,1
2026-01-14,600036,14:03:00,40.5900,335,2
2026-01-14,600036,14:03:03,40.6000,144,1
2026-01-14,600036,14:03:06,40.5900,156,2
2026-01-14,600036,14:03:09,40.5900,154,1
2026-01-14,600036,14:03:12,40.5900,343,1
2026-01-14,600036,14:03:15,40.5900,157,1
2026-01-14,600036,14:03:18,40.5800,66,2
2026-01-14,600036,14:03:21,40.5900,175,1
2026-01-14,600036,14:03:24,40.6100,340,1
2026-01-14,600036,14:03:27,40.6000,140,1
2026-01-14,600036,14:03:30,40.5900,118,2
2026-01-14,600036,14:03:33,40.6100,180,1
2026-01-14,600036,14:03:36,40.6000,145,1
2026-01-14,600036,14:03:39,40.5900,152,2
2026-01-14,600036,14:03:42,40.5900,785,2
2026-01-14,600036,14:03:45,40.5900,63,2
2026-01-14,600036,14:03:48,40.6000,45,1
2026-01-14,600036,14:03:51,40.5900,47,2
2026-01-14,600036,14:03:54,40.6000,55,1
2026-01-14,600036,14:03:57,40.6000,9,2
2026-01-14,600036,14:04:00,40.6100,86,1
2026-01-14,600036,14:04:03,40.6100,47,1
2026-01-14,600036,14:04:07,40.6000,145,2
2026-01-14,600036,14:04:09,40.6000,106,2
2026-01-14,600036,14:04:12,40.6000,24,2
2026-01-14,600036,14:04:15,40.6100,92,1
2026-01-14,600036,14:04:18,40.6200,104,1
2026-01-14,600036,14:04:21,40.6100,99,2
2026-01-14,600036,14:04:24,40.6200,60,1
2026-01-14,600036,14:04:27,40.6200,88,1
2026-01-14,600036,14:04:30,40.6300,82,1
2026-01-14,600036,14:04:33,40.6300,59,1
2026-01-14,600036,14:04:36,40.6200,106,2
2026-01-14,600036,14:04:39,40.6200,429,2
2026-01-14,600036,14:04:42,40.6200,228,2
2026-01-14,600036,14:04:45,40.6300,161,1
2026-01-14,600036,14:04:48,40.6200,349,2
2026-01-14,600036,14:04:51,40.6100,485,2
2026-01-14,600036,14:04:54,40.6200,323,1
2026-01-14,600036,14:04:57,40.6200,318,1
2026-01-14,600036,14:05:00,40.6300,213,1
2026-01-14,600036,14:05:03,40.6300,64,1
2026-01-14,600036,14:05:06,40.6200,246,2
2026-01-14,600036,14:05:09,40.6300,160,1
2026-01-14,600036,14:05:12,40.6200,163,4
2026-01-14,600036,14:05:15,40.6100,253,2
2026-01-14,600036,14:05:18,40.6200,265,1
2026-01-14,600036,14:05:21,40.6200,344,2
2026-01-14,600036,14:05:24,40.6200,76,1
2026-01-14,600036,14:05:27,40.6200,84,1
2026-01-14,600036,14:05:30,40.6200,187,1
2026-01-14,600036,14:05:33,40.6100,174,2
2026-01-14,600036,14:05:36,40.6200,41,4
2026-01-14,600036,14:05:39,40.6100,52,2
2026-01-14,600036,14:05:42,40.6200,56,2
2026-01-14,600036,14:05:45,40.6200,16,2
2026-01-14,600036,14:05:48,40.6300,6,1
2026-01-14,600036,14:05:51,40.6200,140,2
2026-01-14,600036,14:05:54,40.6200,53,2
2026-01-14,600036,14:05:57,40.6200,120,2
2026-01-14,600036,14:06:00,40.6300,105,1
2026-01-14,600036,14:06:03,40.6300,82,1
2026-01-14,600036,14:06:06,40.6300,85,1
2026-01-14,600036,14:06:09,40.6300,132,1
2026-01-14,600036,14:06:12,40.6100,163,2
2026-01-14,600036,14:06:15,40.6300,37,1
2026-01-14,600036,14:06:18,40.6300,118,1
2026-01-14,600036,14:06:21,40.6200,81,4
2026-01-14,600036,14:06:24,40.6200,105,2
2026-01-14,600036,14:06:27,40.6300,93,1
2026-01-14,600036,14:06:30,40.6200,82,2
2026-01-14,600036,14:06:33,40.6200,220,2
2026-01-14,600036,14:06:36,40.6300,60,1
2026-01-14,600036,14:06:39,40.6300,148,1
2026-01-14,600036,14:06:42,40.6300,37,1
2026-01-14,600036,14:06:45,40.6300,80,1
2026-01-14,600036,14:06:48,40.6300,83,1
2026-01-14,600036,14:06:51,40.6300,667,1
2026-01-14,600036,14:06:54,40.6300,115,1
2026-01-14,600036,14:06:57,40.6400,98,1
2026-01-14,600036,14:07:00,40.6300,115,2
2026-01-14,600036,14:07:03,40.6400,209,1
2026-01-14,600036,10:56:51,41.0800,169,1
2026-01-14,600036,10:56:54,41.0800,86,1
2026-01-14,600036,10:56:57,41.0700,95,2
2026-01-14,600036,10:57:00,41.0700,165,2
2026-01-14,600036,10:57:03,41.0700,10,1
2026-01-14,600036,10:57:06,41.0700,53,1
2026-01-14,600036,10:57:09,41.0600,71,2
2026-01-14,600036,10:57:12,41.0600,62,2
2026-01-14,600036,10:57:15,41.0500,18,2
2026-01-14,600036,10:57:18,41.0500,305,2
2026-01-14,600036,10:57:21,41.0400,425,2
2026-01-14,600036,10:57:24,41.0300,708,2
2026-01-14,600036,10:57:27,41.0300,81,2
2026-01-14,600036,10:57:30,41.0300,206,1
2026-01-14,600036,10:57:33,41.0300,43,2
2026-01-14,600036,10:57:36,41.0400,225,1
2026-01-14,600036,10:57:39,41.0400,36,2
2026-01-14,600036,10:57:42,41.0500,92,1
2026-01-14,600036,10:57:45,41.0400,77,2
2026-01-14,600036,10:57:48,41.0400,24,1
2026-01-14,600036,10:57:51,41.0400,203,1
2026-01-14,600036,10:57:54,41.0300,62,2
2026-01-14,600036,10:57:57,41.0300,83,1
2026-01-14,600036,10:58:00,41.0300,25,1
2026-01-14,600036,10:58:03,41.0200,75,2
2026-01-14,600036,10:58:06,41.0300,48,1
2026-01-14,600036,10:58:09,41.0200,326,2
2026-01-14,600036,10:58:12,41.0300,30,1
2026-01-14,600036,10:58:15,41.0300,64,1
2026-01-14,600036,10:58:18,41.0300,35,2
2026-01-14,600036,10:58:21,41.0400,8,1
2026-01-14,600036,10:58:24,41.0300,12,2
2026-01-14,600036,10:58:27,41.0400,119,1
2026-01-14,600036,10:58:30,41.0400,32,1
2026-01-14,600036,10:58:33,41.0400,12,1
2026-01-14,600036,10:58:36,41.0300,39,2
2026-01-14,600036,10:58:39,41.0300,118,2
2026-01-14,600036,10:58:42,41.0400,9,1
2026-01-14,600036,10:58:45,41.0400,22,1
2026-01-14,600036,10:58:48,41.0400,32,1
2026-01-14,600036,10:58:51,41.0300,43,2
2026-01-14,600036,10:58:54,41.0400,11,1
2026-01-14,600036,10:58:57,41.0400,3,1
2026-01-14,600036,10:59:00,41.0400,54,1
2026-01-14,600036,10:59:03,41.0200,192,2
2026-01-14,600036,10:59:06,41.0400,51,1
2026-01-14,600036,10:59:09,41.0400,26,1
2026-01-14,600036,10:59:12,41.0400,31,1
2026-01-14,600036,10:59:15,41.0300,60,2
2026-01-14,600036,10:59:18,41.0400,71,1
2026-01-14,600036,10:59:21,41.0300,550,2
2026-01-14,600036,10:59:24,41.0200,20,2
2026-01-14,600036,10:59:27,41.0200,81,2
2026-01-14,600036,10:59:30,41.0200,49,2
2026-01-14,600036,10:59:33,41.0200,858,2
2026-01-14,600036,10:59:36,41.0100,64,2
2026-01-14,600036,10:59:39,41.0100,4,2
2026-01-14,600036,10:59:42,41.0200,44,1
2026-01-14,600036,10:59:45,41.0300,39,1
2026-01-14,600036,10:59:48,41.0200,153,1
2026-01-14,600036,10:59:51,41.0200,82,2
2026-01-14,600036,10:59:54,41.0200,14,2
2026-01-14,600036,10:59:57,41.0200,50,1
2026-01-14,600036,11:00:00,41.0100,187,2
2026-01-14,600036,11:00:03,41.0100,40,2
2026-01-14,600036,11:00:06,41.0100,6,2
2026-01-14,600036,11:00:09,41.0200,21,1
2026-01-14,600036,11:00:12,41.0100,91,2
2026-01-14,600036,11:00:15,41.0200,66,1
2026-01-14,600036,11:00:18,41.0200,184,1
2026-01-14,600036,11:00:21,41.0100,18,2
2026-01-14,600036,11:00:24,41.0100,28,2
2026-01-14,600036,11:00:27,41.0200,46,1
2026-01-14,600036,11:00:30,41.0100,60,2
2026-01-14,600036,11:00:33,41.0100,134,2
2026-01-14,600036,11:00:36,41.0100,56,2
2026-01-14,600036,11:00:39,41.0000,1061,2
2026-01-14,600036,11:00:42,41.0100,47,1
2026-01-14,600036,11:00:45,41.0100,217,4
2026-01-14,600036,11:00:48,41.0100,17,1
2026-01-14,600036,11:00:51,41.0100,10,1
2026-01-14,600036,11:00:54,41.0100,46,2
2026-01-14,600036,11:00:57,41.0100,10,2
2026-01-14,600036,11:01:00,41.0100,112,2
2026-01-14,600036,11:01:03,41.0100,167,2
2026-01-14,600036,11:01:06,41.0100,93,2
2026-01-14,600036,11:01:09,41.0100,83,2
2026-01-14,600036,11:01:12,41.0200,98,1
2026-01-14,600036,11:01:15,41.0200,19,1
2026-01-14,600036,11:01:18,41.0000,252,2
2026-01-14,600036,11:01:21,41.0200,11,1
2026-01-14,600036,11:01:24,41.0200,51,1
2026-01-14,600036,11:01:27,41.0300,54,1
2026-01-14,600036,11:01:30,41.0100,14,2
2026-01-14,600036,11:01:33,41.0100,21,2
2026-01-14,600036,11:01:36,41.0300,49,1
2026-01-14,600036,11:01:39,41.0200,13,1
2026-01-14,600036,11:01:42,41.0200,289,1
2026-01-14,600036,11:01:45,41.0200,17,2
2026-01-14,600036,11:01:48,41.0200,1,2
2026-01-14,600036,11:01:51,41.0200,5,2
2026-01-14,600036,11:01:54,41.0100,42,2
2026-01-14,600036,11:01:57,41.0200,73,4
2026-01-14,600036,11:02:00,41.0200,60,2
2026-01-14,600036,11:02:03,41.0200,23,2
2026-01-14,600036,11:02:06,41.0200,2,2
2026-01-14,600036,11:02:09,41.0200,4,2
2026-01-14,600036,11:02:12,41.0300,26,1
2026-01-14,600036,11:02:15,41.0200,4,2
2026-01-14,600036,11:02:18,41.0100,240,2
2026-01-14,600036,11:02:21,41.0300,105,1
2026-01-14,600036,11:02:24,41.0200,15,4
2026-01-14,600036,11:02:27,41.0100,43,2
2026-01-14,600036,11:02:30,41.0200,37,1
2026-01-14,600036,11:02:33,41.0200,7,1
2026-01-14,600036,11:02:37,41.0100,8,2
2026-01-14,600036,11:02:39,41.0200,135,1
2026-01-14,600036,11:02:42,41.0200,35,2
2026-01-14,600036,11:02:48,41.0200,29,2
2026-01-14,600036,11:02:51,41.0200,74,2
2026-01-14,600036,11:02:54,41.0300,4,1
2026-01-14,600036,11:02:57,41.0200,12,2
2026-01-14,600036,11:03:00,41.0200,89,2
2026-01-14,600036,11:03:03,41.0200,17,2
2026-01-14,600036,11:03:06,41.0200,9,2
2026-01-14,600036,11:03:09,41.0200,120,2
2026-01-14,600036,11:03:12,41.0300,74,1
2026-01-14,600036,11:03:15,41.0200,65,2
2026-01-14,600036,11:03:18,41.0200,458,2
2026-01-14,600036,11:03:21,41.0200,55,1
2026-01-14,600036,11:03:25,41.0200,8,1
2026-01-14,600036,11:03:27,41.0200,23,1
2026-01-14,600036,11:03:30,41.0200,135,1
2026-01-14,600036,11:03:33,41.0200,26,2
2026-01-14,600036,11:03:36,41.0200,16,2
2026-01-14,600036,11:03:39,41.0200,5,2
2026-01-14,600036,11:03:42,41.0200,47,2
2026-01-14,600036,11:03:45,41.0300,152,1
2026-01-14,600036,11:03:48,41.0200,154,2
2026-01-14,600036,11:03:51,41.0300,82,1
2026-01-14,600036,11:03:54,41.0300,6,2
2026-01-14,600036,11:03:57,41.0300,4,2
2026-01-14,600036,11:04:00,41.0400,203,1
2026-01-14,600036,11:04:03,41.0500,143,1
2026-01-14,600036,11:04:06,41.0500,151,2
2026-01-14,600036,11:04:09,41.0500,25,2
2026-01-14,600036,11:04:12,41.0500,528,2
2026-01-14,600036,11:04:15,41.0400,130,2
2026-01-14,600036,11:04:18,41.0500,35,1
2026-01-14,600036,11:04:21,41.0600,33,1
2026-01-14,600036,11:04:24,41.0600,145,1
2026-01-14,600036,11:04:27,41.0700,89,1
2026-01-14,600036,11:04:30,41.0800,728,1
2026-01-14,600036,11:04:33,41.0800,107,1
2026-01-14,600036,11:04:36,41.0700,112,2
2026-01-14,600036,11:04:39,41.0600,72,2
2026-01-14,600036,11:04:42,41.0600,215,2
2026-01-14,600036,11:04:45,41.0600,24,1
2026-01-14,600036,11:04:48,41.0600,91,1
2026-01-14,600036,11:04:51,41.0500,46,2
2026-01-14,600036,11:04:54,41.0400,83,2
2026-01-14,600036,11:04:57,41.0500,99,1
2026-01-14,600036,11:05:00,41.0400,117,2
2026-01-14,600036,11:05:03,41.0400,173,2
2026-01-14,600036,11:05:07,41.0300,167,2
2026-01-14,600036,11:05:09,41.0300,5,2
2026-01-14,600036,11:05:12,41.0200,86,2
2026-01-14,600036,11:05:15,41.0200,155,2
2026-01-14,600036,11:05:18,41.0200,1,2
2026-01-14,600036,11:05:21,41.0300,62,1
2026-01-14,600036,11:05:24,41.0200,17,2
2026-01-14,600036,11:05:27,41.0200,1,2
2026-01-14,600036,11:05:30,41.0200,290,2
2026-01-14,600036,11:05:33,41.0200,41,2
2026-01-14,600036,11:05:36,41.0300,6,1
2026-01-14,600036,11:05:39,41.0300,76,1
2026-01-14,600036,11:05:42,41.0200,29,2
2026-01-14,600036,11:05:45,41.0200,15,2
2026-01-14,600036,11:05:48,41.0300,130,1
2026-01-14,600036,11:05:51,41.0300,114,1
2026-01-14,600036,11:05:54,41.0300,139,1
2026-01-14,600036,11:05:57,41.0300,6,1
2026-01-14,600036,11:06:00,41.0300,18,1
2026-01-14,600036,11:06:03,41.0300,296,1
2026-01-14,600036,11:06:06,41.0400,221,1
2026-01-14,600036,11:06:09,41.0300,32,2
2026-01-14,600036,11:06:12,41.0300,202,2
2026-01-14,600036,11:06:15,41.0300,60,2
2026-01-14,600036,11:06:18,41.0300,776,2
2026-01-14,600036,11:06:21,41.0300,62,1
2026-01-14,600036,11:06:24,41.0300,120,1
2026-01-14,600036,11:06:27,41.0200,75,2
2026-01-14,600036,11:06:30,41.0200,404,2
2026-01-14,600036,11:06:33,41.0200,200,1
2026-01-14,600036,11:06:36,41.0200,24,1
2026-01-14,600036,11:06:39,41.0100,54,2
2026-01-14,600036,11:06:42,41.0100,306,2
2026-01-14,600036,11:06:45,41.0100,24,2
2026-01-14,600036,11:06:48,41.0200,6,1
2026-01-14,600036,11:06:51,41.0200,76,1
2026-01-14,600036,11:06:54,41.0200,37,1
2026-01-14,600036,11:06:57,41.0100,3,2
2026-01-14,600036,11:07:00,41.0200,451,1
2026-01-14,600036,11:07:03,41.0100,32,2
2026-01-14,600036,11:07:06,41.0100,50,2
2026-01-14,600036,11:07:09,41.0200,55,1
2026-01-14,600036,11:07:12,41.0200,79,1
2026-01-14,600036,11:07:15,41.0200,19,1
2026-01-14,600036,11:07:18,41.0200,16,2
2026-01-14,600036,11:07:21,41.0200,46,1
2026-01-14,600036,11:07:24,41.0300,12,1
2026-01-14,600036,11:07:30,41.0200,32,2
2026-01-14,600036,11:07:33,41.0300,93,1
2026-01-14,600036,11:07:36,41.0200,19,2
2026-01-14,600036,11:07:39,41.0200,26,2
2026-01-14,600036,11:07:42,41.0200,16,2
2026-01-14,600036,11:07:45,41.0300,3,1
2026-01-14,600036,11:07:48,41.0200,320,2
2026-01-14,600036,11:07:51,41.0200,70,1
2026-01-14,600036,11:07:54,41.0200,36,1
2026-01-14,600036,11:07:57,41.0200,84,1
2026-01-14,600036,11:08:00,41.0300,13,1
2026-01-14,600036,11:08:03,41.0300,16,1
2026-01-14,600036,11:08:06,41.0300,65,1
2026-01-14,600036,11:08:09,41.0200,128,2
2026-01-14,600036,11:08:12,41.0200,38,2
2026-01-14,600036,11:08:15,41.0300,155,1
2026-01-14,600036,11:08:18,41.0300,120,1
2026-01-14,600036,11:08:21,41.0300,126,1
2026-01-14,600036,11:08:24,41.0300,35,1
2026-01-14,600036,11:08:27,41.0300,462,1
2026-01-14,600036,11:08:30,41.0300,68,1
2026-01-14,600036,11:08:33,41.0300,282,1
2026-01-14,600036,11:08:36,41.0200,75,2
2026-01-14,600036,11:08:39,41.0300,3,1
2026-01-14,600036,11:08:45,41.0300,41,1
2026-01-14,600036,11:08:48,41.0200,33,2
2026-01-14,600036,11:08:51,41.0200,209,2
2026-01-14,600036,11:08:54,41.0200,37,2
2026-01-14,600036,11:08:57,41.0300,14,1
2026-01-14,600036,11:09:00,41.0300,25,1
2026-01-14,600036,11:09:03,41.0200,140,2
2026-01-14,600036,11:09:06,41.0100,1016,2
2026-01-14,600036,11:09:09,41.0200,179,1
2026-01-14,600036,11:09:12,41.0100,99,2
2026-01-14,600036,11:09:15,41.0100,88,2
2026-01-14,600036,11:09:18,41.0200,91,1
2026-01-14,600036,11:09:21,41.0200,41,2
2026-01-14,600036,11:09:24,41.0300,228,1
2026-01-14,600036,11:09:27,41.0400,83,1
2026-01-14,600036,11:09:30,41.0300,86,2
2026-01-14,600036,11:09:33,41.0400,572,1
2026-01-14,600036,11:09:36,41.0400,59,1
2026-01-14,600036,11:09:39,41.0400,6,1
2026-01-14,600036,11:09:42,41.0300,34,2
2026-01-14,600036,11:09:45,41.0400,61,1
2026-01-14,600036,11:09:48,41.0400,45,1
2026-01-14,600036,11:09:51,41.0400,358,2
2026-01-14,600036,11:09:54,41.0500,45,1
2026-01-14,600036,11:09:57,41.0500,142,1
2026-01-14,600036,11:10:00,41.0500,422,1
2026-01-14,600036,11:10:03,41.0400,6,4
2026-01-14,600036,11:10:06,41.0300,30,2
2026-01-14,600036,11:10:09,41.0500,36,1
2026-01-14,600036,11:10:12,41.0400,320,2
2026-01-14,600036,11:10:15,41.0500,103,1
2026-01-14,600036,11:10:18,41.0500,905,1
2026-01-14,600036,11:10:21,41.0600,121,1
2026-01-14,600036,11:10:24,41.0600,24,2
2026-01-14,600036,11:10:27,41.0600,17,2
2026-01-14,600036,11:10:30,41.0600,30,2
2026-01-14,600036,11:10:33,41.0600,187,2
2026-01-14,600036,11:10:36,41.0700,89,1
2026-01-14,600036,11:10:39,41.0600,730,2
2026-01-14,600036,11:10:42,41.0700,107,1
2026-01-14,600036,11:10:45,41.0700,137,1
2026-01-14,600036,11:10:48,41.0800,277,1
2026-01-14,600036,11:10:51,41.0700,225,2
2026-01-14,600036,11:10:54,41.0800,120,1
2026-01-14,600036,11:10:57,41.0800,252,1
2026-01-14,600036,11:11:00,41.0800,352,2
2026-01-14,600036,11:11:03,41.0900,306,1
2026-01-14,600036,11:11:06,41.0900,271,1
2026-01-14,600036,11:11:09,41.0900,260,4
2026-01-14,600036,11:11:12,41.0700,2145,2
2026-01-14,600036,11:11:15,41.0700,190,2
2026-01-14,600036,11:11:18,41.0500,305,2
2026-01-14,600036,11:11:21,41.0500,142,2
2026-01-14,600036,11:11:24,41.0500,104,2
2026-01-14,600036,11:11:27,41.0600,58,1
2026-01-14,600036,11:11:30,41.0600,126,2
2026-01-14,600036,11:11:33,41.0600,71,2
2026-01-14,600036,11:11:36,41.0600,161,2
2026-01-14,600036,11:11:39,41.0600,81,2
2026-01-14,600036,11:11:42,41.0500,180,2
2026-01-14,600036,11:11:45,41.0500,204,2
2026-01-14,600036,11:11:48,41.0500,193,2
2026-01-14,600036,11:11:51,41.0400,107,2
2026-01-14,600036,11:11:54,41.0400,73,2
2026-01-14,600036,11:11:57,41.0500,105,4
2026-01-14,600036,11:12:00,41.0500,447,2
2026-01-14,600036,11:12:03,41.0500,105,1
2026-01-14,600036,11:12:06,41.0300,115,2
2026-01-14,600036,11:12:09,41.0400,109,1
2026-01-14,600036,11:12:12,41.0300,6,2
2026-01-14,600036,11:12:15,41.0400,107,1
2026-01-14,600036,11:12:18,41.0300,444,2
2026-01-14,600036,11:12:21,41.0200,55,2
2026-01-14,600036,11:12:24,41.0400,247,1
2026-01-14,600036,11:12:27,41.0300,94,2
2026-01-14,600036,11:12:30,41.0200,383,2
2026-01-14,600036,11:12:33,41.0500,36,1
2026-01-14,600036,11:12:36,41.0500,31,2
2026-01-14,600036,11:12:39,41.0400,48,4
2026-01-14,600036,11:12:42,41.0300,42,2
2026-01-14,600036,11:12:45,41.0400,11,4
2026-01-14,600036,11:12:48,41.0200,225,2
2026-01-14,600036,11:12:51,41.0500,12,1
2026-01-14,600036,11:12:54,41.0400,10,2
2026-01-14,600036,11:12:57,41.0400,49,2
2026-01-14,600036,11:13:00,41.0300,137,2
2026-01-14,600036,11:13:04,41.0400,69,1
2026-01-14,600036,11:13:06,41.0500,30,1
2026-01-14,600036,11:13:09,41.0600,74,1
2026-01-14,600036,11:13:12,41.0600,41,1
2026-01-14,600036,11:13:15,41.0600,10,1
2026-01-14,600036,11:13:18,41.0500,163,2
2026-01-14,600036,11:13:21,41.0600,180,1
2026-01-14,600036,11:13:24,41.0600,190,1
2026-01-14,600036,11:13:27,41.0600,12,2
2026-01-14,600036,11:13:30,41.0700,66,1
2026-01-14,600036,11:13:33,41.0800,194,1
2026-01-14,600036,11:13:36,41.0900,222,1
2026-01-14,600036,11:13:39,41.0800,547,4
2026-01-14,600036,11:13:42,41.0700,137,2
2026-01-14,600036,11:13:45,41.0700,147,2
2026-01-14,600036,11:13:48,41.0800,256,1
2026-01-14,600036,11:13:51,41.0700,84,4
2026-01-14,600036,11:13:54,41.0700,133,1
2026-01-14,600036,11:13:57,41.0700,33,1
2026-01-14,600036,11:14:00,41.0700,104,2
2026-01-14,600036,11:14:03,41.0700,26,2
2026-01-14,600036,11:14:06,41.0800,113,1
2026-01-14,600036,11:14:09,41.0800,639,1
2026-01-14,600036,11:14:12,41.0800,365,2
2026-01-14,600036,11:14:15,41.0800,81,2
2026-01-14,600036,11:14:18,41.0800,186,2
2026-01-14,600036,11:14:21,41.0900,131,1
2026-01-14,600036,11:14:24,41.0900,164,1
2026-01-14,600036,11:14:27,41.0900,24,1
2026-01-14,600036,11:14:31,41.0800,131,2
2026-01-14,600036,11:14:33,41.0800,91,2
2026-01-14,600036,11:14:36,41.0800,12,2
2026-01-14,600036,11:14:39,41.0800,14,2
2026-01-14,600036,11:14:42,41.0800,103,2
2026-01-14,600036,11:14:45,41.0800,144,1
2026-01-14,600036,11:14:48,41.0700,46,2
2026-01-14,600036,11:14:51,41.0700,364,2
2026-01-14,600036,11:14:54,41.0700,1,1
2026-01-14,600036,11:14:57,41.0700,8,1
2026-01-14,600036,11:15:00,41.0700,70,1
2026-01-14,600036,11:15:03,41.0800,31,1
2026-01-14,600036,11:15:06,41.0800,18,1
2026-01-14,600036,11:15:09,41.0700,121,2
2026-01-14,600036,11:15:12,41.0700,156,2
2026-01-14,600036,11:15:15,41.0700,3,2
2026-01-14,600036,11:15:18,41.0700,5,2
2026-01-14,600036,11:15:21,41.0800,33,1
2026-01-14,600036,11:15:24,41.0700,17,2
2026-01-14,600036,11:15:27,41.0800,14,1
2026-01-14,600036,11:15:30,41.0700,85,2
2026-01-14,600036,11:15:33,41.0800,7,1
2026-01-14,600036,11:15:36,41.0600,436,2
2026-01-14,600036,11:15:39,41.0700,21,1
2026-01-14,600036,11:15:42,41.0600,5,2
2026-01-14,600036,11:15:45,41.0600,323,2
2026-01-14,600036,11:15:48,41.0600,78,2
2026-01-14,600036,11:15:51,41.0700,75,1
2026-01-14,600036,11:15:54,41.0600,28,2
2026-01-14,600036,11:15:57,41.0700,148,1
2026-01-14,600036,11:16:00,41.0600,66,2
2026-01-14,600036,11:16:03,41.0600,22,2
2026-01-14,600036,11:16:06,41.0500,371,2
2026-01-14,600036,11:16:09,41.0600,30,1
2026-01-14,600036,11:16:12,41.0600,314,1
2026-01-14,600036,11:16:18,41.0600,145,2
2026-01-14,600036,11:16:21,41.0700,90,1
2026-01-14,600036,11:16:24,41.0600,16,2
2026-01-14,600036,11:16:27,41.0700,55,1
2026-01-14,600036,11:16:30,41.0600,224,2
2026-01-14,600036,11:16:33,41.0600,61,2
2026-01-14,600036,11:16:36,41.0600,13,1
2026-01-14,600036,11:16:39,41.0600,40,1
2026-01-14,600036,11:16:42,41.0700,121,1
2026-01-14,600036,11:16:45,41.0700,14,1
2026-01-14,600036,11:16:48,41.0700,15,1
2026-01-14,600036,11:16:51,41.0600,195,2
2026-01-14,600036,11:16:57,41.0600,51,2
2026-01-14,600036,11:17:00,41.0600,89,2
2026-01-14,600036,11:17:03,41.0700,37,1
2026-01-14,600036,11:17:06,41.0600,51,2
2026-01-14,600036,11:17:09,41.0600,85,2
2026-01-14,600036,11:17:12,41.0700,33,1
2026-01-14,600036,11:17:15,41.0600,3,2
2026-01-14,600036,11:17:18,41.0700,5,1
2026-01-14,600036,11:17:21,41.0700,240,1
2026-01-14,600036,11:17:24,41.0700,30,2
2026-01-14,600036,11:17:27,41.0700,32,2
2026-01-14,600036,11:17:30,41.0700,19,2
2026-01-14,600036,11:17:33,41.0800,3,1
2026-01-14,600036,11:17:36,41.0700,419,2
2026-01-14,600036,11:17:39,41.0700,111,2
2026-01-14,600036,11:17:42,41.0700,117,2
2026-01-14,600036,11:17:45,41.0600,8,2
2026-01-14,600036,11:17:48,41.0700,66,1
2026-01-14,600036,11:17:51,41.0700,9,1
2026-01-14,600036,11:17:54,41.0600,3,2
2026-01-14,600036,11:17:57,41.0700,16,1
2026-01-14,600036,11:18:00,41.0600,126,2
2026-01-14,600036,11:18:03,41.0600,69,2
2026-01-14,600036,11:18:06,41.0600,35,2
2026-01-14,600036,11:18:09,41.0700,56,1
2026-01-14,600036,11:18:12,41.0600,126,2
2026-01-14,600036,11:18:15,41.0600,64,2
2026-01-14,600036,11:18:18,41.0600,51,2
2026-01-14,600036,11:18:21,41.0700,46,1
2026-01-14,600036,11:18:24,41.0700,160,1
2026-01-14,600036,11:18:27,41.0600,92,2
2026-01-14,600036,11:18:30,41.0600,48,2
2026-01-14,600036,11:18:33,41.0600,223,2
2026-01-14,600036,11:18:36,41.0700,57,1
2026-01-14,600036,11:18:39,41.0700,13,2
2026-01-14,600036,11:18:42,41.0700,104,1
2026-01-14,600036,11:18:45,41.0600,106,2
2026-01-14,600036,11:18:48,41.0600,69,2
2026-01-14,600036,11:18:51,41.0700,164,1
2026-01-14,600036,11:18:54,41.0600,71,2
2026-01-14,600036,11:18:57,41.0600,83,2
2026-01-14,600036,11:19:00,41.0700,188,1
2026-01-14,600036,11:19:03,41.0600,264,2
2026-01-14,600036,11:19:06,41.0700,68,4
2026-01-14,600036,11:19:10,41.0800,50,1
2026-01-14,600036,11:19:12,41.0700,66,2
2026-01-14,600036,11:19:15,41.0700,109,2
2026-01-14,600036,11:19:18,41.0800,159,1
2026-01-14,600036,11:19:21,41.0800,211,1
2026-01-14,600036,11:19:24,41.0700,291,2
2026-01-14,600036,11:19:27,41.0800,188,1
2026-01-14,600036,11:19:30,41.0700,117,2
2026-01-14,600036,11:19:33,41.0800,915,2
2026-01-14,600036,11:19:36,41.0900,226,2
