date,code,time,price,volume,bs
2026-06-10,600519,14:04:01,1277.6200,3,1
2026-06-10,600519,14:04:04,1277.5500,4,2
2026-06-10,600519,14:04:07,1277.6600,4,1
2026-06-10,600519,14:04:10,1277.5000,4,2
2026-06-10,600519,14:04:16,1277.6000,1,2
2026-06-10,600519,14:04:19,1277.6600,4,1
2026-06-10,600519,14:04:22,1277.6500,1,1
2026-06-10,600519,14:04:25,1277.5300,1,2
2026-06-10,600519,14:04:28,1277.5300,2,2
2026-06-10,600519,14:04:31,1277.4700,8,2
2026-06-10,600519,14:04:34,1277.4600,9,2
2026-06-10,600519,14:04:37,1277.4600,3,1
2026-06-10,600519,14:04:40,1277.4399,15,2
2026-06-10,600519,14:04:46,1277.4500,1,2
2026-06-10,600519,14:04:49,1277.5100,2,1
2026-06-10,600519,14:04:55,1277.4600,1,2
2026-06-10,600519,14:04:58,1277.4399,4,2
2026-06-10,600519,14:05:01,1277.4000,1,2
2026-06-10,600519,14:05:04,1277.3600,4,2
2026-06-10,600519,14:05:10,1277.3600,1,2
2026-06-10,600519,14:05:16,1277.3199,2,2
2026-06-10,600519,14:05:19,1277.3000,3,2
2026-06-10,600519,14:05:22,1277.2800,7,2
2026-06-10,600519,14:05:25,1277.2500,1,2
2026-06-10,600519,14:05:28,1277.0699,2,2
2026-06-10,600519,14:05:31,1277.0500,3,2
2026-06-10,600519,14:05:34,1277.0100,4,2
2026-06-10,600519,14:05:37,1277.0000,4,2
2026-06-10,600519,14:05:40,1277.2200,1,1
2026-06-10,600519,14:05:43,1277.2200,1,1
2026-06-10,600519,14:05:46,1277.0000,7,2
2026-06-10,600519,14:05:49,1277.0100,1,2
2026-06-10,600519,14:05:52,1277.0100,1,2
2026-06-10,600519,14:05:55,1277.0100,1,2
2026-06-10,600519,14:05:58,1277.0000,3,2
2026-06-10,600519,14:06:01,1277.0000,8,2
2026-06-10,600519,14:06:04,1276.9301,6,2
2026-06-10,600519,14:06:07,1276.9200,4,2
2026-06-10,600519,14:06:13,1276.8199,3,2
2026-06-10,600519,14:06:19,1276.7800,2,2
2026-06-10,600519,14:06:22,1276.7200,1,2
2026-06-10,600519,14:06:25,1276.7200,2,2
2026-06-10,600519,14:06:28,1276.7200,9,2
2026-06-10,600519,14:06:31,1276.7200,31,2
2026-06-10,600519,14:06:34,1276.7000,4,1
2026-06-10,600519,14:06:37,1276.6600,4,2
2026-06-10,600519,14:06:40,1276.6400,3,2
2026-06-10,600519,14:06:43,1276.4200,9,2
2026-06-10,600519,14:06:46,1276.4100,7,1
2026-06-10,600519,14:06:49,1276.4100,6,1
2026-06-10,600519,14:06:52,1276.2200,4,1
2026-06-10,600519,14:06:55,1275.9000,5,2
2026-06-10,600519,14:06:58,1275.9000,3,1
2026-06-10,600519,14:07:01,1276.2300,7,1
2026-06-10,600519,14:07:04,1276.2300,9,1
2026-06-10,600519,14:07:07,1275.8500,3,2
2026-06-10,600519,14:07:10,1275.9000,1,2
2026-06-10,600519,14:07:13,1275.9000,3,2
2026-06-10,600519,14:07:16,1275.8500,1,2
2026-06-10,600519,14:07:19,1275.9000,1,2
2026-06-10,600519,14:07:22,1276.2200,2,1
2026-06-10,600519,14:07:25,1275.8500,6,2
2026-06-10,600519,14:07:31,1275.8500,2,2
2026-06-10,600519,14:07:34,1275.8400,5,2
2026-06-10,600519,14:07:37,1276.0000,4,1
2026-06-10,600519,14:07:40,1276.0100,5,2
2026-06-10,600519,14:07:43,1276.0100,7,2
2026-06-10,600519,14:07:46,1276.2100,7,1
2026-06-10,600519,14:07:49,1276.0200,5,2
2026-06-10,600519,14:07:52,1276.2100,7,1
2026-06-10,600519,14:07:55,1276.2200,10,1
2026-06-10,600519,14:07:58,1276.4100,3,1
2026-06-10,600519,14:08:01,1276.0601,3,2
2026-06-10,600519,14:08:04,1276.0699,1,2
2026-06-10,600519,14:08:07,1276.6500,2,1
2026-06-10,600519,14:08:10,1276.6400,2,1
2026-06-10,600519,14:08:13,1276.6100,1,1
2026-06-10,600519,14:08:16,1276.0800,4,2
2026-06-10,600519,14:08:19,1276.5800,3,1
2026-06-10,600519,14:08:25,1276.2000,8,2
2026-06-10,600519,14:08:28,1276.5500,9,1
2026-06-10,600519,14:08:31,1276.3000,9,2
2026-06-10,600519,14:08:34,1276.5100,10,1
2026-06-10,600519,14:08:37,1276.5100,4,1
2026-06-10,600519,14:08:40,1276.2600,1,2
2026-06-10,600519,14:08:43,1276.2500,7,2
2026-06-10,600519,14:08:46,1276.4500,4,1
2026-06-10,600519,14:08:49,1276.4500,8,1
2026-06-10,600519,14:08:52,1276.2600,7,2
2026-06-10,600519,14:08:55,1276.4800,2,1
2026-06-10,600519,14:08:58,1276.2700,2,2
2026-06-10,600519,14:09:01,1276.2700,1,2
2026-06-10,600519,14:09:04,1276.2500,3,2
2026-06-10,600519,14:09:07,1276.4700,2,1
2026-06-10,600519,14:09:10,1276.2800,1,2
2026-06-10,600519,14:09:13,1276.2800,2,2
2026-06-10,600519,14:09:16,1276.2800,7,2
2026-06-10,600519,14:09:22,1276.3199,5,1
2026-06-10,600519,14:09:25,1276.4600,2,1
2026-06-10,600519,14:09:28,1276.4600,5,1
2026-06-10,600519,14:09:31,1276.2800,3,2
2026-06-10,600519,14:09:34,1276.2500,2,2
2026-06-10,600519,14:09:37,1276.2500,2,2
2026-06-10,600519,14:09:40,1276.2500,5,2
2026-06-10,600519,14:09:43,1276.2500,1,1
2026-06-10,600519,14:09:46,1276.2100,4,2
2026-06-10,600519,14:09:52,1276.1801,11,2
2026-06-10,600519,14:09:55,1276.1600,1,2
2026-06-10,600519,14:09:58,1276.1400,5,2
2026-06-10,600519,14:10:01,1276.1300,6,2
2026-06-10,600519,14:10:04,1276.1000,4,2
2026-06-10,600519,14:10:07,1276.0900,1,2
2026-06-10,600519,14:10:10,1276.0800,18,2
2026-06-10,600519,14:10:13,1276.0800,5,2
2026-06-10,600519,14:10:16,1276.0300,5,2
2026-06-10,600519,14:10:19,1276.0100,2,2
2026-06-10,600519,14:10:22,1276.0100,6,2
2026-06-10,600519,14:10:25,1276.0100,2,2
2026-06-10,600519,14:10:28,1276.0100,3,2
2026-06-10,600519,14:10:31,1275.9900,19,2
2026-06-10,600519,14:10:34,1276.0000,5,1
2026-06-10,600519,14:10:40,1275.8300,4,2
2026-06-10,600519,14:10:46,1275.8300,3,2
2026-06-10,600519,14:10:49,1275.8400,6,2
2026-06-10,600519,14:10:52,1275.8199,2,2
2026-06-10,600519,14:10:55,1275.8300,4,1
2026-06-10,600519,14:10:58,1275.8300,1,1
2026-06-10,600519,14:11:01,1275.7700,10,2
2026-06-10,600519,14:11:04,1275.7400,4,1
2026-06-10,600519,14:11:07,1275.6899,5,2
2026-06-10,600519,14:11:10,1275.6300,1,1
2026-06-10,600519,14:11:13,1275.6300,7,1
2026-06-10,600519,14:11:16,1275.0400,1,2
2026-06-10,600519,14:11:19,1275.6500,2,1
2026-06-10,600519,14:11:22,1275.1500,3,2
2026-06-10,600519,14:11:25,1275.6500,9,1
2026-06-10,600519,14:11:28,1275.6500,3,2
2026-06-10,600519,14:11:31,1275.6300,10,2
2026-06-10,600519,14:11:37,1275.5699,2,2
2026-06-10,600519,14:11:40,1275.5900,4,4
2026-06-10,600519,14:11:46,1275.4900,5,2
2026-06-10,600519,14:11:49,1275.5500,2,2
2026-06-10,600519,14:11:52,1275.5500,2,1
2026-06-10,600519,14:11:55,1275.5500,1,1
2026-06-10,600519,14:12:01,1275.3800,3,2
2026-06-10,600519,14:12:04,1275.4700,1,1
2026-06-10,600519,14:12:07,1275.4700,11,1
2026-06-10,600519,14:12:10,1275.3800,3,2
2026-06-10,600519,14:12:13,1275.3800,1,2
2026-06-10,600519,14:12:16,1275.4200,1,1
2026-06-10,600519,14:12:19,1275.4399,2,1
2026-06-10,600519,14:12:22,1275.4100,2,1
2026-06-10,600519,14:12:25,1275.2100,3,2
2026-06-10,600519,14:12:28,1275.2100,3,2
2026-06-10,600519,14:12:31,1275.1899,2,2
2026-06-10,600519,14:12:37,1275.0601,3,2
2026-06-10,600519,14:12:43,1275.0800,5,1
2026-06-10,600519,14:12:46,1275.0500,2,2
2026-06-10,600519,14:12:49,1275.0300,1,2
2026-06-10,600519,14:12:52,1275.0500,9,1
2026-06-10,600519,14:12:55,1275.0200,1,2
2026-06-10,600519,14:12:58,1275.0000,11,2
2026-06-10,600519,14:13:01,1274.9900,23,2
2026-06-10,600519,14:13:04,1274.9800,5,2
2026-06-10,600519,14:13:07,1274.9700,2,1
2026-06-10,600519,14:13:10,1274.9200,3,2
2026-06-10,600519,14:13:13,1274.8800,3,2
2026-06-10,600519,14:13:16,1274.6500,4,2
2026-06-10,600519,14:13:19,1274.8800,3,2
2026-06-10,600519,14:13:22,1274.8199,1,2
2026-06-10,600519,14:13:25,1274.8101,4,2
2026-06-10,600519,14:13:28,1274.7900,4,2
2026-06-10,600519,14:13:31,1274.5000,2,2
2026-06-10,600519,14:13:37,1274.5000,1,2
2026-06-10,600519,14:13:40,1274.7400,4,1
2026-06-10,600519,14:13:46,1274.5601,2,2
2026-06-10,600519,14:13:49,1274.5500,3,2
2026-06-10,600519,14:13:52,1274.5000,1,2
2026-06-10,600519,14:13:55,1274.5699,5,1
2026-06-10,600519,14:13:58,1274.5000,6,2
2026-06-10,600519,14:14:01,1274.5699,6,1
2026-06-10,600519,14:14:04,1274.5500,6,2
2026-06-10,600519,14:14:07,1274.5100,6,2
2026-06-10,600519,14:14:10,1274.5100,2,2
2026-06-10,600519,14:14:13,1274.5200,1,1
2026-06-10,600519,14:14:16,1274.4700,13,2
2026-06-10,600519,14:14:19,1274.5200,1,1
2026-06-10,600519,14:14:22,1274.5300,5,1
2026-06-10,600519,14:14:25,1274.5800,10,1
2026-06-10,600519,14:14:31,1274.8000,2,1
2026-06-10,600519,14:14:34,1274.7600,1,1
2026-06-10,600519,14:14:37,1274.6100,2,2
2026-06-10,600519,14:14:43,1274.7300,5,1
2026-06-10,600519,14:14:46,1274.7300,3,2
2026-06-10,600519,14:14:49,1274.7700,5,1
2026-06-10,600519,14:14:52,1274.7700,4,1
2026-06-10,600519,14:14:55,1274.8500,3,1
2026-06-10,600519,14:14:58,1275.0000,9,1
2026-06-10,600519,14:15:01,1275.0300,5,1
2026-06-10,600519,14:15:04,1275.0400,3,1
2026-06-10,600519,14:15:07,1275.0000,8,2
2026-06-10,600519,14:15:10,1275.3700,2,1
2026-06-10,600519,14:15:13,1275.0900,2,2
2026-06-10,600519,14:15:19,1275.4000,1,1
2026-06-10,600519,14:15:22,1275.4200,17,1
2026-06-10,600519,14:15:31,1275.0900,1,2
2026-06-10,600519,14:15:34,1275.7900,3,1
2026-06-10,600519,14:15:40,1275.8000,2,1
2026-06-10,600519,14:15:43,1275.8199,2,1
2026-06-10,600519,14:15:46,1275.2000,1,2
2026-06-10,600519,14:15:49,1275.2000,1,2
2026-06-10,600519,14:15:52,1275.6700,13,1
2026-06-10,600519,14:15:55,1276.0000,5,1
2026-06-10,600519,14:15:58,1275.9700,4,1
2026-06-10,600519,14:16:01,1276.0601,2,1
2026-06-10,600519,14:16:04,1275.5000,2,2
2026-06-10,600519,14:16:07,1275.9700,6,1
2026-06-10,600519,14:16:10,1276.0000,5,1
2026-06-10,600519,14:16:16,1275.5800,2,2
2026-06-10,600519,14:16:19,1275.9399,1,1
2026-06-10,600519,14:16:22,1276.0000,3,1
2026-06-10,600519,14:16:25,1275.6700,3,2
2026-06-10,600519,14:16:31,1275.6600,5,2
2026-06-10,600519,14:16:34,1275.9700,1,1
2026-06-10,600519,14:16:40,1275.6899,5,2
2026-06-10,600519,14:16:43,1275.7300,3,1
2026-06-10,600519,14:16:46,1275.7000,2,1
2026-06-10,600519,14:16:52,1275.7000,4,1
2026-06-10,600519,14:16:55,1276.0000,4,1
2026-06-10,600519,14:16:58,1275.6000,10,2
2026-06-10,600519,14:17:01,1275.7000,1,2
2026-06-10,600519,14:17:04,1275.7000,1,2
2026-06-10,600519,14:17:07,1275.7000,5,2
2026-06-10,600519,14:17:10,1275.6000,1,2
2026-06-10,600519,14:17:13,1275.6400,1,1
2026-06-10,600519,14:17:16,1275.5900,3,2
2026-06-10,600519,14:17:19,1275.5699,4,2
2026-06-10,600519,14:17:25,1275.5800,6,1
2026-06-10,600519,14:17:28,1275.6000,2,1
2026-06-10,600519,14:17:31,1275.6000,4,1
2026-06-10,600519,14:17:34,1275.5500,3,2
2026-06-10,600519,14:17:37,1275.5500,1,2
2026-06-10,600519,14:17:40,1275.5699,6,1
2026-06-10,600519,14:17:43,1275.5699,1,1
2026-06-10,600519,14:17:46,1275.5300,7,2
2026-06-10,600519,14:17:49,1275.5699,2,1
2026-06-10,600519,14:17:52,1275.6400,2,1
2026-06-10,600519,14:17:55,1275.5699,4,2
2026-06-10,600519,14:18:01,1275.5601,2,2
2026-06-10,600519,14:18:07,1275.6899,4,1
2026-06-10,600519,14:18:10,1275.5601,4,2
2026-06-10,600519,14:18:13,1275.7000,3,1
2026-06-10,600519,14:18:16,1275.7000,1,1
2026-06-10,600519,14:18:19,1275.6000,3,2
2026-06-10,600519,14:18:22,1275.5699,1,2
2026-06-10,600519,14:18:25,1275.6100,2,1
2026-06-10,600519,14:18:28,1275.5800,1,1
2026-06-10,600519,14:18:31,1275.5500,6,2
2026-06-10,600519,14:18:34,1275.7000,2,1
2026-06-10,600519,14:18:40,1275.6300,3,2
2026-06-10,600519,14:18:43,1275.8500,5,1
2026-06-10,600519,14:18:55,1275.8000,4,1
2026-06-10,600519,14:18:58,1275.6899,1,2
2026-06-10,600519,14:19:01,1275.6700,16,2
2026-06-10,600519,14:19:04,1275.6700,5,2
2026-06-10,600519,14:19:07,1275.6899,3,1
2026-06-10,600519,14:19:13,1275.7400,2,1
2026-06-10,600519,14:19:16,1275.9800,4,1
2026-06-10,600519,14:19:19,1275.9800,4,1
2026-06-10,600519,14:19:22,1276.0000,4,1
2026-06-10,600519,14:19:25,1276.0000,3,1
2026-06-10,600519,14:19:28,1275.9700,8,1
2026-06-10,600519,14:19:34,1276.0000,5,1
2026-06-10,600519,14:19:37,1275.7200,2,2
2026-06-10,600519,14:19:40,1276.0601,6,1
2026-06-10,600519,14:19:43,1276.2000,5,1
2026-06-10,600519,14:19:46,1275.8900,8,2
2026-06-10,600519,14:19:49,1275.8900,2,2
2026-06-10,600519,14:19:52,1276.2000,3,1
2026-06-10,600519,14:19:55,1276.1899,4,1
2026-06-10,600519,14:19:58,1276.2000,6,1
2026-06-10,600519,14:20:01,1275.8800,3,1
2026-06-10,600519,14:20:04,1275.7700,9,2
2026-06-10,600519,14:20:07,1275.8000,15,1
2026-06-10,600519,14:20:10,1275.6899,2,2
2026-06-10,600519,14:20:13,1275.7900,9,1
2026-06-10,600519,14:20:16,1275.7800,2,2
2026-06-10,600519,14:20:19,1275.7800,2,2
2026-06-10,600519,14:20:22,1275.9301,19,1
2026-06-10,600519,14:20:25,1275.8800,12,2
2026-06-10,600519,14:20:28,1276.1100,21,1
2026-06-10,600519,14:20:31,1276.1801,6,2
2026-06-10,600519,14:20:34,1276.2000,1,1
2026-06-10,600519,14:20:37,1276.1100,2,2
2026-06-10,600519,14:20:40,1276.1899,10,1
2026-06-10,600519,14:20:43,1276.1899,10,1
2026-06-10,600519,14:20:46,1276.2000,4,1
2026-06-10,600519,14:20:49,1276.1899,5,2
2026-06-10,600519,14:20:52,1276.2000,3,1
2026-06-10,600519,14:20:55,1276.2000,17,1
2026-06-10,600519,14:20:58,1276.2100,15,1
2026-06-10,600519,14:21:01,1276.2500,7,1
2026-06-10,600519,14:21:04,1276.2000,4,2
2026-06-10,600519,14:21:07,1276.2000,17,2
2026-06-10,600519,14:21:10,1275.8800,25,2
2026-06-10,600519,14:21:13,1276.1100,25,1
2026-06-10,600519,14:21:16,1275.6000,9,2
2026-06-10,600519,14:21:19,1275.9301,10,1
2026-06-10,600519,14:21:22,1275.0000,8,2
2026-06-10,600519,14:21:25,1275.5900,8,1
2026-06-10,600519,14:21:28,1275.5900,2,1
2026-06-10,600519,14:21:31,1275.8000,24,1
2026-06-10,600519,14:21:34,1275.8000,7,2
2026-06-10,600519,14:21:37,1276.2100,9,1
2026-06-10,600519,14:21:40,1276.2200,11,1
2026-06-10,600519,14:21:43,1276.6899,2,1
2026-06-10,600519,14:21:46,1276.8800,5,1
2026-06-10,600519,14:21:49,1276.9600,2,1
2026-06-10,600519,14:21:52,1276.7000,4,2
2026-06-10,600519,14:21:55,1277.0000,3,1
2026-06-10,600519,14:21:58,1276.9900,12,2
2026-06-10,600519,14:22:01,1277.0000,3,4
2026-06-10,600519,14:22:04,1276.6200,16,2
2026-06-10,600519,14:22:07,1277.0200,13,1
2026-06-10,600519,14:22:10,1277.0200,13,1
2026-06-10,600519,14:22:13,1277.0200,27,2
2026-06-10,600519,14:22:16,1275.8700,3,2
2026-06-10,600519,14:22:19,1275.5900,16,2
2026-06-10,600519,14:22:22,1275.0300,8,2
2026-06-10,600519,14:22:25,1275.5500,21,2
2026-06-10,600519,14:22:28,1275.5000,4,2
2026-06-10,600519,14:22:31,1276.6400,3,1
2026-06-10,600519,14:22:34,1276.6500,2,1
2026-06-10,600519,14:22:37,1276.0000,2,2
2026-06-10,600519,14:22:40,1276.6200,4,1
2026-06-10,600519,14:22:43,1276.6500,11,1
2026-06-10,600519,14:22:46,1276.6200,3,2
2026-06-10,600519,14:22:49,1276.6600,7,1
2026-06-10,600519,14:22:52,1276.6500,9,2
2026-06-10,600519,14:22:55,1276.6600,8,1
2026-06-10,600519,14:22:58,1276.7100,6,1
2026-06-10,600519,14:23:01,1276.6700,3,2
2026-06-10,600519,14:23:04,1276.6700,1,2
2026-06-10,600519,14:23:07,1276.6700,3,2
2026-06-10,600519,14:23:10,1276.6801,8,1
2026-06-10,600519,14:23:13,1276.7300,2,1
2026-06-10,600519,14:23:16,1276.7300,7,1
2026-06-10,600519,14:23:19,1276.8199,2,1
2026-06-10,600519,14:23:22,1276.8199,3,2
2026-06-10,600519,14:23:25,1276.8300,3,1
2026-06-10,600519,14:23:28,1276.8700,1,1
2026-06-10,600519,14:23:31,1277.0000,5,1
2026-06-10,600519,14:23:37,1277.0000,5,1
2026-06-10,600519,14:23:40,1277.0200,3,1
2026-06-10,600519,14:23:43,1277.0699,6,1
2026-06-10,600519,14:23:46,1277.0500,2,2
2026-06-10,600519,14:23:49,1277.0699,7,1
2026-06-10,600519,14:23:52,1277.0699,1,1
2026-06-10,600519,14:23:55,1277.0200,10,2
2026-06-10,600519,14:23:58,1277.1801,1,1
2026-06-10,600519,14:24:01,1277.1899,2,1
2026-06-10,600519,14:24:07,1277.1899,2,2
2026-06-10,600519,14:24:10,1277.2200,9,1
2026-06-10,600519,14:24:13,1277.4399,4,1
2026-06-10,600519,14:24:16,1277.2200,5,2
2026-06-10,600519,14:24:19,1277.2300,19,2
2026-06-10,600519,14:24:22,1277.2200,4,1
2026-06-10,600519,14:24:25,1277.2200,4,1
2026-06-10,600519,14:24:28,1277.2200,5,1
2026-06-10,600519,14:24:31,1277.2200,3,1
2026-06-10,600519,14:24:37,1277.2000,2,2
2026-06-10,600519,14:24:40,1277.2100,6,1
2026-06-10,600519,14:24:43,1277.2100,3,1
2026-06-10,600519,14:24:46,1277.2000,3,2
2026-06-10,600519,14:24:49,1277.2000,4,2
2026-06-10,600519,14:24:52,1277.2000,10,2
2026-06-10,600519,14:24:55,1277.1899,8,2
2026-06-10,600519,14:24:58,1277.2200,10,1
2026-06-10,600519,14:25:01,1277.2400,6,1
2026-06-10,600519,14:25:04,1277.2400,10,1
2026-06-10,600519,14:25:07,1277.2000,3,2
2026-06-10,600519,14:25:10,1277.2400,3,2
2026-06-10,600519,14:25:13,1277.2700,18,2
2026-06-10,600519,14:25:16,1277.2700,4,2
2026-06-10,600519,14:25:19,1277.2900,3,1
2026-06-10,600519,14:25:22,1277.2900,1,1
2026-06-10,600519,14:25:25,1277.2800,2,2
2026-06-10,600519,14:25:28,1277.3000,3,1
2026-06-10,600519,14:25:31,1277.2900,6,2
2026-06-10,600519,14:25:34,1277.2900,2,1
2026-06-10,600519,14:25:37,1277.3500,20,1
2026-06-10,600519,14:25:40,1277.3500,6,1
2026-06-10,600519,14:25:43,1277.3600,5,1
2026-06-10,600519,14:25:46,1277.3600,2,2
2026-06-10,600519,14:25:49,1277.3700,5,2
2026-06-10,600519,14:25:52,1277.4100,1,1
2026-06-10,600519,14:25:55,1277.4100,6,1
2026-06-10,600519,14:25:58,1277.4600,1,1
2026-06-10,600519,14:26:01,1277.4600,3,2
2026-06-10,600519,14:26:04,1277.6500,5,1
2026-06-10,600519,14:26:07,1277.6600,2,1
2026-06-10,600519,14:26:10,1277.6600,5,1
2026-06-10,600519,14:26:13,1277.6801,3,1
2026-06-10,600519,14:26:16,1277.7600,2,1
2026-06-10,600519,14:26:19,1277.6600,28,2
2026-06-10,600519,14:26:22,1278.0000,8,1
2026-06-10,600519,14:26:25,1277.9100,1,1
2026-06-10,600519,14:26:28,1277.9200,6,1
2026-06-10,600519,14:26:31,1278.0000,8,1
2026-06-10,600519,14:26:34,1278.0000,10,1
2026-06-10,600519,14:26:37,1278.0000,4,1
2026-06-10,600519,14:26:40,1278.0000,5,1
2026-06-10,600519,14:26:43,1278.0000,1,1
2026-06-10,600519,14:26:46,1278.0000,1,1
2026-06-10,600519,14:26:49,1278.0000,1,1
2026-06-10,600519,14:26:52,1277.8199,1,2
2026-06-10,600519,14:26:55,1277.8700,4,1
2026-06-10,600519,14:26:58,1277.8101,15,2
2026-06-10,600519,14:27:01,1277.8600,5,1
2026-06-10,600519,14:27:04,1277.8199,3,1
2026-06-10,600519,14:27:07,1277.8700,13,1
2026-06-10,600519,14:27:10,1277.7200,5,2
2026-06-10,600519,14:27:13,1277.6700,2,2
2026-06-10,600519,14:27:16,1277.6700,3,1
2026-06-10,600519,14:27:19,1277.6500,1,1
2026-06-10,600519,14:27:22,1277.6500,7,1
2026-06-10,600519,14:27:25,1277.4900,13,2
2026-06-10,600519,14:27:28,1277.9900,2,1
2026-06-10,600519,14:27:31,1277.6600,6,1
2026-06-10,600519,14:27:34,1277.9900,3,1
2026-06-10,600519,14:27:37,1277.6500,6,1
2026-06-10,600519,14:27:40,1277.6500,4,2
2026-06-10,600519,14:27:43,1277.8800,6,1
2026-06-10,600519,14:27:46,1277.6500,3,2
2026-06-10,600519,14:27:49,1277.7000,1,2
2026-06-10,600519,14:27:52,1277.8800,5,1
2026-06-10,600519,14:27:55,1277.8900,1,1
2026-06-10,600519,14:28:01,1277.8900,9,1
2026-06-10,600519,14:28:04,1277.8900,11,2
2026-06-10,600519,14:28:07,1277.9301,1,1
2026-06-10,600519,14:28:10,1277.9301,4,2
2026-06-10,600519,14:28:13,1277.9399,7,1
2026-06-10,600519,14:28:19,1277.8800,3,2
2026-06-10,600519,14:28:22,1277.8900,14,1
2026-06-10,600519,14:28:25,1277.8800,4,2
2026-06-10,600519,14:28:28,1277.9000,4,1
2026-06-10,600519,14:28:31,1277.9200,7,1
2026-06-10,600519,14:28:34,1277.9301,2,1
2026-06-10,600519,14:28:37,1277.9800,4,1
2026-06-10,600519,14:28:40,1277.9399,7,1
2026-06-10,600519,14:28:46,1277.9200,2,2
2026-06-10,600519,14:28:49,1277.9301,1,1
2026-06-10,600519,14:28:52,1277.9301,5,1
2026-06-10,600519,14:28:55,1277.9200,5,1
2026-06-10,600519,14:28:58,1277.9000,13,2
2026-06-10,600519,14:29:01,1277.9100,7,2
2026-06-10,600519,14:29:04,1277.9100,4,2
2026-06-10,600519,14:29:07,1277.8600,2,2
2026-06-10,600519,14:29:10,1277.8199,4,2
2026-06-10,600519,14:29:13,1277.8900,1,1
2026-06-10,600519,14:29:16,1277.8800,7,1
2026-06-10,600519,14:29:19,1277.8900,13,1
2026-06-10,600519,14:29:22,1277.8900,5,1
2026-06-10,600519,14:29:25,1277.8199,8,2
2026-06-10,600519,14:29:28,1277.8199,4,1
2026-06-10,600519,14:29:31,1277.8199,2,1
2026-06-10,600519,14:29:34,1277.8000,5,2
2026-06-10,600519,14:29:37,1277.8101,2,4
2026-06-10,600519,14:29:40,1277.8199,5,1
2026-06-10,600519,14:29:43,1277.8000,4,2
2026-06-10,600519,14:29:46,1277.8000,3,2
2026-06-10,600519,14:29:49,1277.8199,3,1
2026-06-10,600519,14:29:52,1277.8000,3,2
2026-06-10,600519,14:29:55,1277.7600,4,2
2026-06-10,600519,14:29:58,1277.7400,6,2
2026-06-10,600519,14:30:01,1277.7400,5,4
2026-06-10,600519,14:30:04,1277.7300,6,2
2026-06-10,600519,14:30:07,1277.7900,4,1
2026-06-10,600519,14:30:10,1277.7900,1,1
2026-06-10,600519,14:30:13,1277.7200,4,2
2026-06-10,600519,14:30:16,1277.7300,11,1
2026-06-10,600519,14:30:19,1277.7500,1,1
2026-06-10,600519,14:30:22,1277.6700,2,2
2026-06-10,600519,14:30:25,1277.6600,3,2
2026-06-10,600519,14:30:28,1277.7800,11,1
2026-06-10,600519,14:30:31,1277.6700,2,1
2026-06-10,600519,14:30:34,1277.6700,4,1
2026-06-10,600519,14:30:37,1277.6600,4,2
2026-06-10,600519,14:30:40,1277.6600,5,1
2026-06-10,600519,14:30:43,1277.6500,4,2
2026-06-10,600519,14:30:46,1277.6600,4,1
2026-06-10,600519,14:30:49,1277.6600,3,1
2026-06-10,600519,14:30:52,1277.6300,1,2
2026-06-10,600519,14:30:55,1277.6300,2,2
2026-06-10,600519,14:30:58,1277.6300,3,2
2026-06-10,600519,14:31:01,1277.6300,1,1
2026-06-10,600519,14:31:04,1277.6100,2,2
2026-06-10,600519,14:31:07,1277.6300,8,1
2026-06-10,600519,14:31:10,1277.6300,4,1
2026-06-10,600519,14:31:13,1277.6400,11,1
2026-06-10,600519,14:31:16,1277.7500,20,1
2026-06-10,600519,14:31:19,1277.7900,11,1
2026-06-10,600519,14:31:22,1277.8000,3,1
2026-06-10,600519,14:31:25,1277.8101,5,1
2026-06-10,600519,14:31:28,1277.8199,1,1
2026-06-10,600519,14:31:31,1277.8199,6,1
2026-06-10,600519,14:31:34,1277.8000,1,2
2026-06-10,600519,14:31:37,1277.8000,4,2
2026-06-10,600519,14:31:40,1277.7900,3,2
2026-06-10,600519,14:31:43,1277.8000,16,1
2026-06-10,600519,14:31:46,1277.7900,3,2
2026-06-10,600519,14:31:49,1277.8000,13,1
2026-06-10,600519,14:31:52,1277.8199,14,1
2026-06-10,600519,14:31:55,1277.8000,1,2
2026-06-10,600519,14:31:58,1277.8000,8,2
2026-06-10,600519,14:32:01,1277.8000,7,2
2026-06-10,600519,14:32:04,1277.8000,2,2
2026-06-10,600519,14:32:07,1277.8000,6,2
2026-06-10,600519,14:32:10,1277.7900,10,2
2026-06-10,600519,14:32:13,1277.8000,5,2
2026-06-10,600519,14:32:16,1277.7400,10,2
2026-06-10,600519,14:32:19,1277.7300,27,2
2026-06-10,600519,14:32:22,1277.7300,2,2
2026-06-10,600519,14:32:25,1277.7200,8,2
2026-06-10,600519,14:32:28,1277.7400,1,2
2026-06-10,600519,14:32:31,1277.7000,2,2
2026-06-10,600519,14:32:34,1277.7000,1,2
2026-06-10,600519,14:32:37,1277.7000,2,2
2026-06-10,600519,14:32:40,1277.7200,5,1
2026-06-10,600519,14:32:43,1277.7000,4,2
2026-06-10,600519,14:32:46,1277.7000,8,2
2026-06-10,600519,14:32:49,1277.7000,4,1
2026-06-10,600519,14:32:52,1277.6899,1,2
2026-06-10,600519,14:32:55,1277.6899,2,2
2026-06-10,600519,14:32:58,1277.6899,1,2
2026-06-10,600519,14:33:01,1277.7000,21,1
2026-06-10,600519,14:33:04,1277.7000,2,1
2026-06-10,600519,14:33:07,1277.7000,6,1
2026-06-10,600519,14:33:10,1277.6700,5,2
2026-06-10,600519,14:33:13,1277.6100,13,2
2026-06-10,600519,14:33:16,1277.6000,6,2
2026-06-10,600519,14:33:19,1277.5200,1,2
2026-06-10,600519,14:33:22,1277.5200,2,2
2026-06-10,600519,14:33:25,1277.5000,3,2
2026-06-10,600519,14:33:28,1277.6100,4,1
2026-06-10,600519,14:33:31,1277.6000,4,1
2026-06-10,600519,14:33:34,1277.6100,1,1
2026-06-10,600519,14:33:37,1277.5000,3,2
2026-06-10,600519,14:33:40,1277.4900,4,2
2026-06-10,600519,14:33:43,1277.4900,4,2
2026-06-10,600519,14:33:46,1277.4200,6,2
2026-06-10,600519,14:33:52,1277.4600,7,1
2026-06-10,600519,14:33:55,1277.4200,1,4
2026-06-10,600519,14:33:58,1277.3900,1,2
2026-06-10,600519,14:34:01,1277.3900,1,2
2026-06-10,600519,14:34:04,1277.3900,1,2
2026-06-10,600519,14:34:07,1277.3700,4,2
2026-06-10,600519,14:34:10,1277.3900,4,1
2026-06-10,600519,14:34:13,1277.4600,2,1
2026-06-10,600519,14:34:16,1277.4100,5,1
2026-06-10,600519,14:34:19,1277.3800,6,2
2026-06-10,600519,14:34:22,1277.3700,2,2
2026-06-10,600519,14:34:25,1277.3101,5,2
2026-06-10,600519,14:34:28,1277.3000,7,2
2026-06-10,600519,14:34:31,1277.3800,11,1
2026-06-10,600519,14:34:34,1277.3101,2,2
2026-06-10,600519,14:34:37,1277.3000,1,2
2026-06-10,600519,14:34:40,1277.3000,12,2
2026-06-10,600519,14:34:43,1277.3000,5,2
2026-06-10,600519,14:34:46,1277.3000,3,1
2026-06-10,600519,14:34:49,1277.2400,5,2
2026-06-10,600519,14:34:52,1277.2400,4,1
2026-06-10,600519,14:34:55,1277.2300,2,2
2026-06-10,600519,14:34:58,1277.2000,12,2
2026-06-10,600519,14:35:01,1277.1000,9,2
2026-06-10,600519,14:35:04,1277.0200,4,1
2026-06-10,600519,14:35:07,1277.1700,5,1
2026-06-10,600519,14:35:10,1277.1000,5,1
2026-06-10,600519,14:35:13,1277.0300,8,2
2026-06-10,600519,14:35:16,1277.1500,5,1
2026-06-10,600519,14:35:19,1277.0200,26,2
2026-06-10,600519,14:35:22,1277.0200,9,1
2026-06-10,600519,14:35:25,1277.0000,14,2
2026-06-10,600519,14:35:28,1277.0200,11,1
2026-06-10,600519,14:35:31,1277.0100,3,4
2026-06-10,600519,14:35:34,1277.0000,5,2
2026-06-10,600519,14:35:37,1277.0000,1,2
2026-06-10,600519,14:35:40,1277.0100,7,2
2026-06-10,600519,14:35:43,1277.2300,1,1
2026-06-10,600519,14:35:46,1277.0400,2,2
2026-06-10,600519,14:35:49,1277.0300,10,2
2026-06-10,600519,14:35:52,1277.0200,13,2
2026-06-10,600519,14:35:55,1277.3000,10,1
2026-06-10,600519,14:35:58,1277.3000,2,1
2026-06-10,600519,14:36:01,1277.2400,2,1
2026-06-10,600519,14:36:04,1277.0601,6,2
2026-06-10,600519,14:36:07,1277.0601,3,2
2026-06-10,600519,14:36:10,1277.1899,4,1
2026-06-10,600519,14:36:16,1277.1700,5,1
2026-06-10,600519,14:36:19,1277.0699,7,2
2026-06-10,600519,14:36:22,1277.3600,18,1
2026-06-10,600519,14:36:25,1277.2900,10,2
2026-06-10,600519,14:36:28,1277.3000,2,2
2026-06-10,600519,14:36:31,1277.4900,4,1
2026-06-10,600519,14:36:34,1277.3000,2,2
2026-06-10,600519,14:36:37,1277.3000,1,2
2026-06-10,600519,14:36:40,1277.4900,4,1
2026-06-10,600519,14:36:43,1277.3000,11,2
2026-06-10,600519,14:36:46,1277.5000,11,1
2026-06-10,600519,14:36:49,1277.4500,17,2
2026-06-10,600519,14:36:52,1277.5000,4,1
2026-06-10,600519,14:36:55,1277.5000,3,2
2026-06-10,600519,14:37:01,1277.6700,3,1
2026-06-10,600519,14:37:04,1277.6801,5,1
2026-06-10,600519,14:37:13,1277.7200,2,1
2026-06-10,600519,14:37:16,1277.6801,2,2
2026-06-10,600519,14:37:19,1277.6600,22,2
2026-06-10,600519,14:37:22,1277.8199,4,1
2026-06-10,600519,14:37:25,1277.8500,2,1
2026-06-10,600519,14:37:31,1277.6200,14,2
2026-06-10,600519,14:37:34,1277.9100,4,1
2026-06-10,600519,14:37:37,1277.6000,11,2
2026-06-10,600519,14:37:40,1277.8400,13,1
2026-06-10,600519,14:37:43,1277.5699,4,1
2026-06-10,600519,14:37:46,1277.5000,4,2
2026-06-10,600519,14:37:49,1277.4301,11,2
2026-06-10,600519,14:37:52,1277.4301,9,1
2026-06-10,600519,14:37:55,1277.4301,5,1
2026-06-10,600519,14:37:58,1277.5000,1,1
2026-06-10,600519,14:38:01,1277.5000,15,1
2026-06-10,600519,14:38:04,1277.5000,2,1
2026-06-10,600519,14:38:07,1277.4301,4,2
2026-06-10,600519,14:38:10,1277.5000,3,1
2026-06-10,600519,14:38:13,1277.5000,5,1
2026-06-10,600519,14:38:16,1277.4900,2,1
2026-06-10,600519,14:38:19,1277.3700,15,2
2026-06-10,600519,14:38:22,1277.4000,3,1
2026-06-10,600519,14:38:25,1277.4000,1,1
2026-06-10,600519,14:38:28,1277.4000,1,1
2026-06-10,600519,14:38:31,1277.4000,9,1
2026-06-10,600519,14:38:34,1277.4000,1,1
2026-06-10,600519,14:38:37,1277.4000,3,2
2026-06-10,600519,14:38:40,1277.4500,5,1
2026-06-10,600519,14:38:43,1277.4301,6,2
2026-06-10,600519,14:38:49,1277.2900,14,2
2026-06-10,600519,14:38:52,1277.2900,6,1
2026-06-10,600519,14:38:55,1277.4000,2,1
2026-06-10,600519,14:38:58,1277.2900,2,2
2026-06-10,600519,14:39:01,1277.4800,6,1
2026-06-10,600519,14:39:04,1277.5000,4,1
2026-06-10,600519,14:39:07,1277.8500,48,1
2026-06-10,600519,14:39:10,1277.8500,12,2
2026-06-10,600519,14:39:13,1278.0000,21,1
2026-06-10,600519,14:39:16,1277.8600,5,2
2026-06-10,600519,14:39:19,1277.8500,14,2
2026-06-10,600519,14:39:22,1277.8500,3,2
2026-06-10,600519,14:39:25,1277.8500,8,2
2026-06-10,600519,14:39:28,1277.8500,5,2
2026-06-10,600519,14:39:31,1277.8700,3,1
2026-06-10,600519,14:39:34,1277.8600,2,2
2026-06-10,600519,14:39:37,1277.8600,2,2
2026-06-10,600519,14:39:40,1277.9100,5,1
2026-06-10,600519,14:39:43,1277.9000,2,2
2026-06-10,600519,14:39:46,1277.9700,1,1
2026-06-10,600519,14:39:49,1277.8700,25,2
2026-06-10,600519,14:39:52,1277.9900,10,1
2026-06-10,600519,14:39:55,1278.0000,3,1
2026-06-10,600519,14:39:58,1277.9800,11,2
2026-06-10,600519,14:40:01,1277.9700,4,2
2026-06-10,600519,14:40:04,1277.9500,3,2
2026-06-10,600519,14:40:07,1277.9500,6,2
2026-06-10,600519,14:40:10,1277.9500,10,2
2026-06-10,600519,14:40:13,1277.9600,2,1
2026-06-10,600519,14:40:16,1277.8800,6,2
2026-06-10,600519,14:40:19,1277.8600,21,2
2026-06-10,600519,14:40:22,1277.8600,3,1
2026-06-10,600519,14:40:25,1277.8700,10,1
2026-06-10,600519,14:40:28,1277.9100,3,1
2026-06-10,600519,14:40:31,1277.9100,5,1
2026-06-10,600519,14:40:34,1277.8500,4,2
2026-06-10,600519,14:40:37,1277.9500,1,1
2026-06-10,600519,14:40:40,1277.9100,5,2
2026-06-10,600519,14:40:43,1277.9900,6,1
2026-06-10,600519,14:40:46,1277.9000,2,2
2026-06-10,600519,14:40:49,1277.8700,10,2
2026-06-10,600519,14:40:52,1277.8700,4,1
2026-06-10,600519,14:40:55,1277.8500,3,2
2026-06-10,600519,14:41:01,1277.8700,2,1
2026-06-10,600519,14:41:04,1277.8700,2,1
2026-06-10,600519,14:41:07,1277.8500,1,2
2026-06-10,600519,14:41:10,1277.8700,5,1
2026-06-10,600519,14:41:13,1277.8700,1,1
2026-06-10,600519,14:41:16,1277.8700,7,1
2026-06-10,600519,14:41:19,1277.8600,25,2
2026-06-10,600519,14:41:22,1277.8600,5,1
2026-06-10,600519,14:41:25,1277.8600,2,2
2026-06-10,600519,14:41:28,1277.8900,1,4
2026-06-10,600519,14:41:31,1277.8800,3,2
2026-06-10,600519,14:41:34,1277.8800,2,2
2026-06-10,600519,14:41:37,1277.8700,6,2
2026-06-10,600519,14:41:40,1277.8800,8,2
2026-06-10,600519,14:41:43,1277.9399,4,1
2026-06-10,600519,14:41:46,1277.9600,5,1
2026-06-10,600519,14:41:49,1277.9399,16,2
2026-06-10,600519,14:41:52,1277.9900,10,1
2026-06-10,600519,14:41:55,1277.8800,5,2
2026-06-10,600519,14:41:58,1277.8800,6,2
2026-06-10,600519,14:42:01,1277.8800,4,1
2026-06-10,600519,14:42:04,1277.8700,17,2
2026-06-10,600519,14:42:07,1277.8800,19,1
2026-06-10,600519,14:42:10,1277.8800,6,1
2026-06-10,600519,14:42:13,1277.8800,14,1
2026-06-10,600519,14:42:16,1277.8800,13,1
2026-06-10,600519,14:42:19,1277.8199,12,2
2026-06-10,600519,14:42:22,1277.8000,9,2
2026-06-10,600519,14:42:25,1277.8000,4,1
2026-06-10,600519,14:42:28,1277.7800,2,2
2026-06-10,600519,14:42:31,1277.8000,5,1
2026-06-10,600519,14:42:34,1277.7900,4,2
2026-06-10,600519,14:42:37,1277.7800,6,2
2026-06-10,600519,14:42:40,1277.7800,1,1
2026-06-10,600519,14:42:43,1277.7900,3,1
2026-06-10,600519,14:42:46,1277.7800,4,1
2026-06-10,600519,14:42:49,1277.7200,5,2
2026-06-10,600519,14:42:52,1277.7600,4,1
2026-06-10,600519,14:42:55,1277.7200,1,2
2026-06-10,600519,14:42:58,1277.7600,3,1
2026-06-10,600519,14:43:01,1277.7600,4,1
2026-06-10,600519,14:43:04,1277.7200,2,2
2026-06-10,600519,14:43:07,1277.7600,11,1
2026-06-10,600519,14:43:10,1277.7200,6,2
2026-06-10,600519,14:43:13,1277.7600,5,1
2026-06-10,600519,14:43:16,1277.7200,3,2
2026-06-10,600519,14:43:19,1277.6600,6,2
2026-06-10,600519,14:43:22,1277.7100,6,1
2026-06-10,600519,14:43:25,1277.6700,6,2
2026-06-10,600519,14:43:28,1277.7100,1,1
2026-06-10,600519,14:43:31,1277.6700,1,2
2026-06-10,600519,14:43:34,1277.6600,4,2
2026-06-10,600519,14:43:37,1277.7100,1,1
2026-06-10,600519,14:43:40,1277.6500,4,2
2026-06-10,600519,14:43:43,1277.7500,5,1
2026-06-10,600519,14:43:46,1277.7600,7,1
2026-06-10,600519,14:43:49,1277.7000,28,2
2026-06-10,600519,14:43:52,1277.6200,13,2
2026-06-10,600519,14:43:55,1277.6000,10,2
2026-06-10,600519,14:43:58,1277.6000,5,2
2026-06-10,600519,14:44:01,1277.7000,6,1
2026-06-10,600519,14:44:04,1277.7900,4,1
2026-06-10,600519,14:44:07,1277.8000,10,1
2026-06-10,600519,14:44:10,1277.9700,14,1
2026-06-10,600519,14:44:13,1277.9800,4,1
2026-06-10,600519,14:44:16,1277.9700,3,2
2026-06-10,600519,14:44:19,1277.7500,15,2
2026-06-10,600519,14:44:22,1277.7500,7,1
2026-06-10,600519,14:44:28,1277.9800,2,1
2026-06-10,600519,14:44:31,1277.9900,9,1
2026-06-10,600519,14:44:34,1277.9800,5,2
2026-06-10,600519,14:44:37,1277.9800,8,4
2026-06-10,600519,14:44:40,1277.9800,4,1
2026-06-10,600519,14:44:43,1277.8800,10,2
2026-06-10,600519,14:44:46,1277.9200,5,1
2026-06-10,600519,14:44:49,1277.7500,10,2
2026-06-10,600519,14:44:52,1277.7500,4,1
2026-06-10,600519,14:44:55,1277.7500,2,1
2026-06-10,600519,14:44:58,1277.6600,6,2
2026-06-10,600519,14:45:01,1277.6600,2,2
2026-06-10,600519,14:45:04,1277.6500,2,2
2026-06-10,600519,14:45:07,1277.7500,10,1
2026-06-10,600519,14:45:10,1277.6400,3,2
2026-06-10,600519,14:45:13,1277.6801,1,1
2026-06-10,600519,14:45:16,1277.6400,10,2
2026-06-10,600519,14:45:19,1277.6000,9,2
2026-06-10,600519,14:45:22,1277.6100,8,1
2026-06-10,600519,14:45:25,1277.6100,10,1
2026-06-10,600519,14:45:28,1277.6000,8,2
2026-06-10,600519,14:45:31,1277.6000,4,2
2026-06-10,600519,14:45:34,1277.5900,2,2
2026-06-10,600519,14:45:37,1277.6000,6,1
2026-06-10,600519,14:45:43,1277.5699,11,2
2026-06-10,600519,14:45:46,1277.5300,2,2
2026-06-10,600519,14:45:49,1277.5000,10,2
2026-06-10,600519,14:45:55,1277.4900,4,2
2026-06-10,600519,14:45:58,1277.4800,4,2
2026-06-10,600519,14:46:01,1277.4800,4,2
2026-06-10,600519,14:46:04,1277.4600,1,2
2026-06-10,600519,14:46:07,1277.4900,2,1
2026-06-10,600519,14:46:10,1277.5000,3,1
2026-06-10,600519,14:46:13,1277.5000,7,1
2026-06-10,600519,14:46:16,1277.5000,1,2
2026-06-10,600519,14:46:19,1277.3199,18,2
2026-06-10,600519,14:46:22,1277.2200,5,2
2026-06-10,600519,14:46:25,1277.0500,1,2
2026-06-10,600519,14:46:28,1277.1899,5,1
2026-06-10,600519,14:46:31,1277.0500,1,2
2026-06-10,600519,14:46:34,1277.0500,6,2
2026-06-10,600519,14:46:37,1277.2200,2,1
2026-06-10,600519,14:46:40,1277.2200,3,1
2026-06-10,600519,14:46:43,1277.0400,5,2
2026-06-10,600519,14:46:46,1277.1000,33,1
2026-06-10,600519,14:46:49,1276.9900,18,2
2026-06-10,600519,14:46:52,1277.4600,5,1
2026-06-10,600519,14:46:55,1276.9900,2,2
2026-06-10,600519,14:46:58,1277.3300,1,2
2026-06-10,600519,14:47:01,1277.4600,2,1
2026-06-10,600519,14:47:04,1277.3300,7,2
2026-06-10,600519,14:47:07,1277.3300,2,2
2026-06-10,600519,14:47:10,1277.4600,6,1
2026-06-10,600519,14:47:13,1277.3300,2,2
2026-06-10,600519,14:47:16,1277.2600,5,2
2026-06-10,600519,14:47:19,1277.2500,16,2
2026-06-10,600519,14:47:22,1277.2400,4,1
2026-06-10,600519,14:47:25,1276.9900,11,2
2026-06-10,600519,14:47:28,1277.2400,6,1
2026-06-10,600519,14:47:31,1276.9900,1,1
2026-06-10,600519,14:47:34,1276.7700,5,2
2026-06-10,600519,14:47:37,1277.2500,3,1
2026-06-10,600519,14:47:40,1277.2500,2,1
2026-06-10,600519,14:47:43,1276.7700,4,2
2026-06-10,600519,14:47:46,1277.1899,3,1
2026-06-10,600519,14:47:49,1276.7700,15,2
2026-06-10,600519,14:47:52,1277.1899,3,1
2026-06-10,600519,14:47:55,1276.7700,3,1
2026-06-10,600519,14:47:58,1277.1899,5,1
2026-06-10,600519,14:48:01,1277.2300,6,1
2026-06-10,600519,14:48:04,1277.2500,6,1
2026-06-10,600519,14:48:07,1277.2500,2,1
2026-06-10,600519,14:48:10,1276.8000,5,2
2026-06-10,600519,14:48:13,1277.0100,7,2
2026-06-10,600519,14:48:16,1277.2400,3,1
2026-06-10,600519,14:48:19,1276.8199,12,2
2026-06-10,600519,14:48:22,1276.8199,7,1
2026-06-10,600519,14:48:25,1276.8101,2,2
2026-06-10,600519,14:48:28,1276.8000,4,2
2026-06-10,600519,14:48:31,1276.8000,6,2
2026-06-10,600519,14:48:37,1276.8000,3,1
2026-06-10,600519,14:48:40,1276.6899,18,2
2026-06-10,600519,14:48:43,1276.6700,8,2
2026-06-10,600519,14:48:46,1276.7200,6,1
2026-06-10,600519,14:48:49,1276.5000,9,2
2026-06-10,600519,14:48:52,1276.6300,3,1
2026-06-10,600519,14:48:55,1276.6300,2,1
2026-06-10,600519,14:48:58,1276.4301,4,2
2026-06-10,600519,14:49:01,1276.5000,5,1
2026-06-10,600519,14:49:04,1276.6300,12,1
2026-06-10,600519,14:49:07,1276.6300,11,1
2026-06-10,600519,14:49:10,1276.4100,11,2
2026-06-10,600519,14:49:13,1276.7200,3,1
2026-06-10,600519,14:49:16,1276.6600,8,2
2026-06-10,600519,14:49:19,1276.2500,10,2
2026-06-10,600519,14:49:22,1276.2500,19,2
2026-06-10,600519,14:49:25,1276.6600,2,1
2026-06-10,600519,14:49:28,1276.3000,5,2
2026-06-10,600519,14:49:31,1276.3000,16,2
2026-06-10,600519,14:49:34,1276.2700,5,2
2026-06-10,600519,14:49:37,1276.3000,14,2
2026-06-10,600519,14:49:40,1276.3000,12,2
2026-06-10,600519,14:49:43,1276.7400,1,1
2026-06-10,600519,14:49:46,1276.3000,1,1
2026-06-10,600519,14:49:49,1276.2500,16,2
2026-06-10,600519,14:49:52,1276.2600,1,1
2026-06-10,600519,14:49:55,1276.7400,3,1
2026-06-10,600519,14:49:58,1276.7400,1,1
2026-06-10,600519,14:50:01,1276.7400,2,1
2026-06-10,600519,14:50:04,1276.2500,9,2
2026-06-10,600519,14:50:07,1276.2500,1,2
2026-06-10,600519,14:50:10,1276.2500,19,2
2026-06-10,600519,14:50:13,1277.0000,15,1
2026-06-10,600519,14:50:16,1276.2400,14,2
2026-06-10,600519,14:50:19,1276.2400,12,2
2026-06-10,600519,14:50:22,1276.3000,12,1
2026-06-10,600519,14:50:25,1276.2800,9,2
2026-06-10,600519,14:50:28,1276.3101,7,1
2026-06-10,600519,14:50:31,1276.2100,12,2
2026-06-10,600519,14:50:34,1276.3400,2,1
2026-06-10,600519,14:50:37,1276.0000,25,2
2026-06-10,600519,14:50:40,1276.0000,3,2
2026-06-10,600519,14:50:46,1276.0000,5,2
2026-06-10,600519,14:50:49,1276.2000,21,1
2026-06-10,600519,14:50:52,1276.0000,7,2
2026-06-10,600519,14:50:55,1276.0000,4,2
2026-06-10,600519,14:50:58,1276.2300,8,1
2026-06-10,600519,14:51:01,1276.2300,22,1
2026-06-10,600519,14:51:04,1276.2300,4,2
2026-06-10,600519,14:51:07,1276.2200,1,2
2026-06-10,600519,14:51:10,1276.2200,6,2
2026-06-10,600519,14:51:13,1276.0000,27,2
2026-06-10,600519,14:51:16,1276.0000,1,2
2026-06-10,600519,14:51:19,1276.0000,2,2
2026-06-10,600519,14:51:22,1276.2600,13,1
2026-06-10,600519,14:51:25,1276.2500,5,2
2026-06-10,600519,14:51:28,1276.2500,4,2
2026-06-10,600519,14:51:31,1276.3400,4,2
2026-06-10,600519,14:51:37,1276.9301,2,1
2026-06-10,600519,14:51:40,1276.2500,20,2
2026-06-10,600519,14:51:43,1276.2300,11,2
2026-06-10,600519,14:51:46,1277.0000,8,1
2026-06-10,600519,14:51:49,1277.0000,19,2
2026-06-10,600519,14:51:52,1277.0000,5,2
2026-06-10,600519,14:51:55,1277.0000,1,1
2026-06-10,600519,14:51:58,1277.0000,2,1
2026-06-10,600519,14:52:01,1276.2500,8,2
2026-06-10,600519,14:52:04,1276.3000,9,2
2026-06-10,600519,14:52:10,1276.2100,3,2
2026-06-10,600519,14:52:13,1276.2100,2,2
2026-06-10,600519,14:52:16,1276.0900,1,2
2026-06-10,600519,14:52:19,1276.0800,11,2
2026-06-10,600519,14:52:22,1276.3000,3,2
2026-06-10,600519,14:52:25,1276.0300,2,2
2026-06-10,600519,14:52:28,1276.0800,1,2
2026-06-10,600519,14:52:31,1276.0200,3,2
2026-06-10,600519,14:52:37,1276.0000,109,2
2026-06-10,600519,14:52:40,1275.8600,6,2
2026-06-10,600519,14:52:43,1276.0400,16,1
2026-06-10,600519,14:52:46,1275.8600,2,2
2026-06-10,600519,14:52:49,1276.0200,3,1
2026-06-10,600519,14:52:52,1276.0000,2,2
2026-06-10,600519,14:52:55,1275.9900,2,2
2026-06-10,600519,14:52:58,1276.0000,4,1
2026-06-10,600519,14:53:01,1275.9900,2,2
2026-06-10,600519,14:53:04,1276.0000,4,2
2026-06-10,600519,14:53:07,1276.0400,10,1
2026-06-10,600519,14:53:10,1275.9900,7,1
2026-06-10,600519,14:53:13,1275.9000,20,2
2026-06-10,600519,14:53:16,1275.8600,3,2
2026-06-10,600519,14:53:19,1276.0000,1,2
2026-06-10,600519,14:53:22,1276.0000,25,2
2026-06-10,600519,14:53:25,1276.0000,8,2
2026-06-10,600519,14:53:28,1275.9000,6,2
2026-06-10,600519,14:53:31,1276.0000,4,1
2026-06-10,600519,14:53:34,1275.9100,3,2
2026-06-10,600519,14:53:37,1275.9000,10,2
2026-06-10,600519,14:53:40,1276.0000,3,2
2026-06-10,600519,14:53:43,1276.0200,7,1
2026-06-10,600519,14:53:46,1275.8600,1,2
2026-06-10,600519,14:53:49,1276.0000,6,1
2026-06-10,600519,14:53:52,1276.0699,6,1
2026-06-10,600519,14:53:55,1276.3600,6,1
2026-06-10,600519,14:53:58,1276.0000,7,2
2026-06-10,600519,14:54:01,1276.0000,14,2
2026-06-10,600519,14:54:04,1276.0000,2,2
2026-06-10,600519,14:54:07,1276.0000,6,2
2026-06-10,600519,14:54:10,1275.8700,8,2
2026-06-10,600519,14:54:13,1275.8500,7,2
2026-06-10,600519,14:54:16,1275.8101,6,2
2026-06-10,600519,14:54:19,1275.8101,6,1
2026-06-10,600519,14:54:22,1275.6100,4,2
2026-06-10,600519,14:54:25,1275.9900,1,1
2026-06-10,600519,14:54:28,1275.8101,8,2
2026-06-10,600519,14:54:31,1276.0000,13,1
2026-06-10,600519,14:54:34,1275.9900,2,1
2026-06-10,600519,14:54:37,1276.0100,20,1
2026-06-10,600519,14:54:40,1276.0100,2,2
2026-06-10,600519,14:54:43,1276.0100,6,2
2026-06-10,600519,14:54:46,1276.0100,2,2
2026-06-10,600519,14:54:49,1276.0699,4,1
2026-06-10,600519,14:54:52,1276.3000,1,1
2026-06-10,600519,14:54:55,1276.0699,6,2
2026-06-10,600519,14:54:58,1276.0100,5,2
2026-06-10,600519,14:55:01,1276.0100,8,2
2026-06-10,600519,14:55:04,1276.0100,5,2
2026-06-10,600519,14:55:07,1276.0200,5,2
2026-06-10,600519,14:55:10,1276.0300,2,2
2026-06-10,600519,14:55:13,1276.0300,2,2
2026-06-10,600519,14:55:16,1276.0800,1,2
2026-06-10,600519,14:55:19,1276.2400,4,1
2026-06-10,600519,14:55:22,1276.0100,31,2
2026-06-10,600519,14:55:25,1276.0500,6,1
2026-06-10,600519,14:55:28,1276.0200,16,2
2026-06-10,600519,14:55:31,1275.9900,11,2
2026-06-10,600519,14:55:34,1275.8800,7,2
2026-06-10,600519,14:55:37,1275.9800,2,1
2026-06-10,600519,14:55:40,1275.9000,4,2
2026-06-10,600519,14:55:43,1276.4800,12,1
2026-06-10,600519,14:55:46,1275.8500,10,2
2026-06-10,600519,14:55:49,1276.0000,5,2
2026-06-10,600519,14:55:52,1275.9000,2,2
2026-06-10,600519,14:55:55,1275.9000,3,2
2026-06-10,600519,14:55:58,1275.9100,5,2
2026-06-10,600519,14:56:01,1276.0000,9,1
2026-06-10,600519,14:56:04,1275.8199,12,2
2026-06-10,600519,14:56:07,1275.9100,7,1
2026-06-10,600519,14:56:10,1275.8199,16,2
2026-06-10,600519,14:56:13,1275.9200,7,2
2026-06-10,600519,14:56:16,1275.9200,8,2
2026-06-10,600519,14:56:19,1275.8199,22,2
2026-06-10,600519,14:56:22,1275.9200,7,1
2026-06-10,600519,14:56:25,1275.8199,6,2
2026-06-10,600519,14:56:28,1275.8199,5,2
2026-06-10,600519,14:56:31,1275.8000,7,2
2026-06-10,600519,14:56:34,1275.8000,5,2
2026-06-10,600519,14:56:37,1275.8000,2,2
2026-06-10,600519,14:56:40,1275.8000,5,2
2026-06-10,600519,14:56:43,1275.9900,21,1
2026-06-10,600519,14:56:46,1275.9900,4,1
2026-06-10,600519,14:56:49,1275.8199,2,2
2026-06-10,600519,14:56:52,1275.8199,1,2
2026-06-10,600519,14:56:55,1275.9900,5,1
2026-06-10,600519,14:57:01,1276.0000,1,1
2026-06-10,600519,15:00:02,1275.8800,343,4
2026-06-10,600519,13:03:40,1275.0000,3,2
2026-06-10,600519,13:03:43,1275.1200,1,1
2026-06-10,600519,13:03:46,1275.0100,1,2
2026-06-10,600519,13:03:52,1275.0300,1,2
2026-06-10,600519,13:03:55,1275.1200,1,1
2026-06-10,600519,13:03:58,1275.0000,22,2
2026-06-10,600519,13:04:01,1274.5000,18,2
2026-06-10,600519,13:04:04,1274.5100,2,2
2026-06-10,600519,13:04:10,1274.9700,1,1
2026-06-10,600519,13:04:13,1274.9700,1,1
2026-06-10,600519,13:04:16,1274.9399,1,1
2026-06-10,600519,13:04:19,1274.9500,1,1
2026-06-10,600519,13:04:22,1274.5200,2,2
2026-06-10,600519,13:04:25,1274.5200,1,2
2026-06-10,600519,13:04:28,1274.8900,2,1
2026-06-10,600519,13:04:31,1274.5300,1,2
2026-06-10,600519,13:04:34,1274.5300,1,2
2026-06-10,600519,13:04:37,1274.7000,2,2
2026-06-10,600519,13:04:40,1274.8800,3,1
2026-06-10,600519,13:04:46,1274.6899,5,1
2026-06-10,600519,13:04:49,1274.5500,4,2
2026-06-10,600519,13:04:52,1274.5300,8,2
2026-06-10,600519,13:04:55,1274.5200,7,2
2026-06-10,600519,13:05:01,1274.3500,4,2
2026-06-10,600519,13:05:04,1274.3500,1,1
2026-06-10,600519,13:05:07,1274.0000,2,2
2026-06-10,600519,13:05:13,1274.3500,5,1
2026-06-10,600519,13:05:16,1274.8800,18,1
2026-06-10,600519,13:05:19,1274.8800,4,2
2026-06-10,600519,13:05:22,1274.3500,6,2
2026-06-10,600519,13:05:31,1274.3500,2,2
2026-06-10,600519,13:05:34,1274.3500,1,1
2026-06-10,600519,13:05:37,1274.3500,1,1
2026-06-10,600519,13:05:40,1274.2500,4,2
2026-06-10,600519,13:05:46,1274.2200,1,1
2026-06-10,600519,13:05:55,1274.2500,17,1
2026-06-10,600519,13:05:58,1274.0900,9,2
2026-06-10,600519,13:06:01,1274.1600,2,1
2026-06-10,600519,13:06:04,1274.1500,2,1
2026-06-10,600519,13:06:07,1274.1500,1,1
2026-06-10,600519,13:06:10,1273.0100,3,2
2026-06-10,600519,13:06:13,1272.9399,8,2
2026-06-10,600519,13:06:16,1272.9301,3,2
2026-06-10,600519,13:06:22,1272.7700,2,2
2026-06-10,600519,13:06:25,1272.7400,1,2
2026-06-10,600519,13:06:28,1272.7700,13,1
2026-06-10,600519,13:06:31,1272.7400,1,1
2026-06-10,600519,13:06:34,1272.7000,3,2
2026-06-10,600519,13:06:37,1272.7000,1,1
2026-06-10,600519,13:06:40,1272.7000,1,1
2026-06-10,600519,13:06:43,1272.6100,6,2
2026-06-10,600519,13:06:46,1272.6000,3,2
2026-06-10,600519,13:06:49,1272.5100,1,2
2026-06-10,600519,13:06:52,1272.5100,2,2
2026-06-10,600519,13:06:55,1272.5100,3,2
2026-06-10,600519,13:06:58,1272.3700,6,2
2026-06-10,600519,13:07:01,1272.2700,6,2
2026-06-10,600519,13:07:04,1272.2300,3,2
2026-06-10,600519,13:07:07,1272.2200,1,2
2026-06-10,600519,13:07:10,1272.1200,8,2
2026-06-10,600519,13:07:16,1272.1200,1,2
2026-06-10,600519,13:07:19,1272.0300,6,2
2026-06-10,600519,13:07:22,1272.1200,2,1
2026-06-10,600519,13:07:25,1272.0400,5,2
2026-06-10,600519,13:07:28,1272.0200,7,2
2026-06-10,600519,13:07:34,1272.0800,4,1
2026-06-10,600519,13:07:37,1272.0200,15,2
2026-06-10,600519,13:07:40,1272.0300,1,1
2026-06-10,600519,13:07:43,1272.0000,27,2
2026-06-10,600519,13:07:46,1272.0300,1,1
2026-06-10,600519,13:07:49,1272.0000,2,1
2026-06-10,600519,13:07:52,1271.9200,4,2
2026-06-10,600519,13:07:58,1272.0000,11,1
2026-06-10,600519,13:08:01,1271.9399,2,2
2026-06-10,600519,13:08:04,1271.8000,6,2
2026-06-10,600519,13:08:07,1271.6000,1,2
2026-06-10,600519,13:08:10,1271.7000,3,1
2026-06-10,600519,13:08:13,1271.7000,2,1
2026-06-10,600519,13:08:16,1271.6000,2,2
2026-06-10,600519,13:08:19,1271.9600,9,1
2026-06-10,600519,13:08:22,1271.6000,3,2
2026-06-10,600519,13:08:25,1271.8000,3,1
2026-06-10,600519,13:08:28,1271.6000,3,2
2026-06-10,600519,13:08:31,1271.6000,1,1
2026-06-10,600519,13:08:34,1271.7000,2,2
2026-06-10,600519,13:08:40,1271.7000,2,4
2026-06-10,600519,13:08:43,1271.8000,6,1
2026-06-10,600519,13:08:46,1271.7100,5,2
2026-06-10,600519,13:08:49,1272.0000,2,1
2026-06-10,600519,13:08:52,1272.0000,1,1
2026-06-10,600519,13:08:58,1272.1100,4,1
2026-06-10,600519,13:09:01,1272.1000,8,2
2026-06-10,600519,13:09:04,1272.1000,7,2
2026-06-10,600519,13:09:07,1272.2000,10,1
2026-06-10,600519,13:09:10,1272.5100,8,1
2026-06-10,600519,13:09:13,1272.1300,1,2
2026-06-10,600519,13:09:16,1272.1300,5,2
2026-06-10,600519,13:09:19,1272.6000,3,1
2026-06-10,600519,13:09:22,1272.6100,2,1
2026-06-10,600519,13:09:25,1272.6899,1,1
2026-06-10,600519,13:09:31,1272.7700,2,1
2026-06-10,600519,13:09:37,1273.0000,1,1
2026-06-10,600519,13:09:40,1273.0100,4,1
2026-06-10,600519,13:09:43,1273.0100,1,2
2026-06-10,600519,13:09:49,1274.1899,2,1
2026-06-10,600519,13:09:52,1273.0500,7,2
2026-06-10,600519,13:10:01,1273.6400,2,2
2026-06-10,600519,13:10:04,1273.0699,2,2
2026-06-10,600519,13:10:10,1273.0699,3,2
2026-06-10,600519,13:10:13,1273.6400,10,1
2026-06-10,600519,13:10:16,1273.6400,2,1
2026-06-10,600519,13:10:22,1273.6000,1,1
2026-06-10,600519,13:10:25,1273.2800,3,2
2026-06-10,600519,13:10:34,1273.2800,1,1
2026-06-10,600519,13:10:37,1273.2800,8,1
2026-06-10,600519,13:10:43,1273.2800,1,1
2026-06-10,600519,13:10:46,1273.2800,6,1
2026-06-10,600519,13:10:52,1273.3000,7,2
2026-06-10,600519,13:10:55,1273.2800,9,2
2026-06-10,600519,13:10:58,1273.2800,3,2
2026-06-10,600519,13:11:01,1273.3101,1,1
2026-06-10,600519,13:11:07,1273.3600,6,1
2026-06-10,600519,13:11:10,1273.3600,1,1
2026-06-10,600519,13:11:13,1273.3800,3,1
2026-06-10,600519,13:11:16,1273.3800,2,2
2026-06-10,600519,13:11:19,1273.3800,3,2
2026-06-10,600519,13:11:22,1273.4900,1,1
2026-06-10,600519,13:11:25,1273.4900,1,1
2026-06-10,600519,13:11:28,1273.5000,38,1
2026-06-10,600519,13:11:31,1273.6300,5,1
2026-06-10,600519,13:11:34,1273.6400,3,1
2026-06-10,600519,13:11:37,1273.6400,2,1
2026-06-10,600519,13:11:40,1273.6500,1,2
2026-06-10,600519,13:11:43,1273.9800,1,1
2026-06-10,600519,13:11:46,1273.6600,3,2
2026-06-10,600519,13:11:49,1273.6500,10,2
2026-06-10,600519,13:11:52,1273.6500,2,1
2026-06-10,600519,13:11:58,1273.6700,1,1
2026-06-10,600519,13:12:01,1273.9800,1,1
2026-06-10,600519,13:12:04,1273.9900,1,1
2026-06-10,600519,13:12:07,1274.0000,2,1
2026-06-10,600519,13:12:10,1274.0000,3,1
2026-06-10,600519,13:12:13,1274.4000,5,1
2026-06-10,600519,13:12:16,1274.3800,3,1
2026-06-10,600519,13:12:19,1274.3700,1,2
2026-06-10,600519,13:12:25,1274.3800,4,2
2026-06-10,600519,13:12:28,1274.4000,3,1
2026-06-10,600519,13:12:31,1274.3900,7,4
2026-06-10,600519,13:12:34,1274.4000,43,1
2026-06-10,600519,13:12:37,1274.4000,40,1
2026-06-10,600519,13:12:40,1274.4700,21,1
2026-06-10,600519,13:12:43,1274.5000,5,1
2026-06-10,600519,13:12:46,1274.5000,31,1
2026-06-10,600519,13:12:49,1274.4800,8,2
2026-06-10,600519,13:12:52,1274.8300,1,1
2026-06-10,600519,13:12:55,1274.8300,3,1
2026-06-10,600519,13:12:58,1274.4800,8,2
2026-06-10,600519,13:13:01,1274.4800,1,2
2026-06-10,600519,13:13:04,1274.9900,6,1
2026-06-10,600519,13:13:07,1274.8199,11,2
2026-06-10,600519,13:13:13,1275.0000,3,1
2026-06-10,600519,13:13:16,1275.0000,5,1
2026-06-10,600519,13:13:19,1275.0000,3,1
2026-06-10,600519,13:13:22,1275.0000,1,1
2026-06-10,600519,13:13:25,1275.0000,3,1
2026-06-10,600519,13:13:28,1275.1000,2,1
2026-06-10,600519,13:13:31,1275.0000,1,2
2026-06-10,600519,13:13:34,1274.9800,8,2
2026-06-10,600519,13:13:40,1274.9800,8,2
2026-06-10,600519,13:13:43,1274.9900,6,1
2026-06-10,600519,13:13:46,1275.1000,7,1
2026-06-10,600519,13:13:49,1275.1300,2,1
2026-06-10,600519,13:13:52,1275.3000,11,1
2026-06-10,600519,13:13:55,1276.0000,12,1
2026-06-10,600519,13:14:01,1275.3000,10,2
2026-06-10,600519,13:14:04,1275.1100,1,2
2026-06-10,600519,13:14:07,1275.3199,2,2
2026-06-10,600519,13:14:10,1275.5000,4,1
2026-06-10,600519,13:14:13,1275.5000,4,1
2026-06-10,600519,13:14:16,1275.5000,4,1
2026-06-10,600519,13:14:19,1275.6899,27,1
2026-06-10,600519,13:14:22,1275.5100,9,2
2026-06-10,600519,13:14:25,1275.7000,12,1
2026-06-10,600519,13:14:28,1276.0000,2,1
2026-06-10,600519,13:14:34,1275.5400,2,2
2026-06-10,600519,13:14:37,1276.0000,1,1
2026-06-10,600519,13:14:46,1275.5500,9,2
2026-06-10,600519,13:14:49,1276.0000,1,1
2026-06-10,600519,13:14:52,1275.5500,4,2
2026-06-10,600519,13:14:55,1275.9800,3,1
2026-06-10,600519,13:14:58,1275.8500,13,1
2026-06-10,600519,13:15:01,1275.5500,1,2
2026-06-10,600519,13:15:04,1275.5000,10,2
2026-06-10,600519,13:15:07,1275.5500,4,1
2026-06-10,600519,13:15:13,1275.5100,2,2
2026-06-10,600519,13:15:19,1275.5100,4,2
2026-06-10,600519,13:15:22,1275.5100,1,2
2026-06-10,600519,13:15:28,1275.5200,2,2
2026-06-10,600519,13:15:31,1275.5200,3,1
2026-06-10,600519,13:15:34,1275.5000,3,2
2026-06-10,600519,13:15:37,1275.5000,106,2
2026-06-10,600519,13:15:40,1275.5100,4,4
2026-06-10,600519,13:15:43,1275.5000,11,2
2026-06-10,600519,13:15:46,1275.5000,2,2
2026-06-10,600519,13:15:49,1275.5000,5,2
2026-06-10,600519,13:15:52,1275.5000,4,2
2026-06-10,600519,13:15:55,1275.5100,3,2
2026-06-10,600519,13:16:01,1275.5500,10,1
2026-06-10,600519,13:16:04,1275.5200,3,2
2026-06-10,600519,13:16:07,1275.5000,33,2
2026-06-10,600519,13:16:10,1275.5100,6,2
2026-06-10,600519,13:16:13,1275.5000,7,1
2026-06-10,600519,13:16:16,1275.0200,5,2
2026-06-10,600519,13:16:19,1275.0000,2,2
2026-06-10,600519,13:16:22,1274.4000,14,2
2026-06-10,600519,13:16:28,1273.5100,4,2
2026-06-10,600519,13:16:40,1273.6400,2,1
2026-06-10,600519,13:16:43,1273.3199,12,2
2026-06-10,600519,13:16:46,1273.3199,12,1
2026-06-10,600519,13:16:49,1273.3199,3,1
2026-06-10,600519,13:16:55,1273.0500,3,2
2026-06-10,600519,13:17:01,1273.0800,3,2
2026-06-10,600519,13:17:04,1273.0000,3,2
2026-06-10,600519,13:17:13,1273.0900,2,1
2026-06-10,600519,13:17:19,1273.1300,3,2
2026-06-10,600519,13:17:22,1273.3101,2,1
2026-06-10,600519,13:17:25,1273.0699,12,2
2026-06-10,600519,13:17:28,1273.0699,2,1
2026-06-10,600519,13:17:31,1273.0699,2,1
2026-06-10,600519,13:17:34,1273.0800,1,2
2026-06-10,600519,13:17:37,1273.3199,1,1
2026-06-10,600519,13:17:40,1273.1000,1,2
2026-06-10,600519,13:17:46,1273.1000,1,1
2026-06-10,600519,13:17:49,1273.0900,1,1
2026-06-10,600519,13:17:52,1273.0800,1,2
2026-06-10,600519,13:17:58,1273.0699,2,2
2026-06-10,600519,13:18:01,1273.0000,20,2
2026-06-10,600519,13:18:04,1273.0000,2,1
2026-06-10,600519,13:18:07,1273.0000,3,2
2026-06-10,600519,13:18:10,1273.0000,1,2
2026-06-10,600519,13:18:19,1273.0000,3,1
2026-06-10,600519,13:18:22,1273.0000,2,1
2026-06-10,600519,13:18:25,1272.9800,2,2
2026-06-10,600519,13:18:28,1273.0100,3,1
2026-06-10,600519,13:18:31,1273.0200,4,2
2026-06-10,600519,13:18:34,1273.0800,6,1
2026-06-10,600519,13:18:37,1273.0800,4,1
2026-06-10,600519,13:18:43,1273.0500,2,2
2026-06-10,600519,13:18:46,1273.0500,5,2
2026-06-10,600519,13:18:49,1273.0800,4,1
2026-06-10,600519,13:18:52,1273.3101,16,1
2026-06-10,600519,13:18:55,1273.5100,3,2
2026-06-10,600519,13:19:01,1273.6300,1,2
2026-06-10,600519,13:19:07,1275.0000,2,1
2026-06-10,600519,13:19:16,1275.0000,6,1
2026-06-10,600519,13:19:19,1275.0000,1,1
2026-06-10,600519,13:19:22,1275.1000,2,1
2026-06-10,600519,13:19:25,1275.0000,13,2
2026-06-10,600519,13:19:28,1274.6899,4,2
2026-06-10,600519,13:19:31,1275.0000,12,1
2026-06-10,600519,13:19:37,1275.0000,2,1
2026-06-10,600519,13:19:40,1274.7000,1,2
2026-06-10,600519,13:19:46,1274.6700,1,2
2026-06-10,600519,13:19:52,1274.6801,5,2
2026-06-10,600519,13:19:55,1274.6801,2,2
2026-06-10,600519,13:19:58,1275.0000,2,1
2026-06-10,600519,13:20:01,1275.0000,1,1
2026-06-10,600519,13:20:04,1274.6801,8,2
2026-06-10,600519,13:20:07,1275.0000,2,2
2026-06-10,600519,13:20:10,1275.0000,4,2
2026-06-10,600519,13:20:13,1275.1000,4,1
2026-06-10,600519,13:20:16,1275.1801,1,1
2026-06-10,600519,13:20:19,1275.1801,1,1
2026-06-10,600519,13:20:25,1275.1801,4,1
2026-06-10,600519,13:20:28,1275.1801,1,2
2026-06-10,600519,13:20:31,1275.2000,1,1
2026-06-10,600519,13:20:34,1275.1801,2,2
2026-06-10,600519,13:20:37,1275.1801,2,2
2026-06-10,600519,13:20:40,1275.4399,1,1
2026-06-10,600519,13:20:43,1275.2000,1,2
2026-06-10,600519,13:20:46,1275.2000,10,2
2026-06-10,600519,13:20:55,1275.2000,1,2
2026-06-10,600519,13:20:58,1275.2000,2,2
2026-06-10,600519,13:21:04,1275.1899,3,2
2026-06-10,600519,13:21:07,1275.1899,3,2
2026-06-10,600519,13:21:10,1275.1801,4,2
2026-06-10,600519,13:21:16,1275.1801,4,2
2026-06-10,600519,13:21:19,1275.1899,7,1
2026-06-10,600519,13:21:22,1275.1801,4,2
2026-06-10,600519,13:21:25,1275.1801,2,2
2026-06-10,600519,13:21:28,1275.0800,14,2
2026-06-10,600519,13:21:31,1274.6899,3,2
2026-06-10,600519,13:21:40,1274.1801,4,2
2026-06-10,600519,13:21:43,1274.0000,3,2
2026-06-10,600519,13:21:46,1273.6801,4,2
2026-06-10,600519,13:21:52,1273.6801,5,2
2026-06-10,600519,13:21:55,1273.6801,7,1
2026-06-10,600519,13:21:58,1273.9000,3,1
2026-06-10,600519,13:22:01,1273.6899,3,2
2026-06-10,600519,13:22:04,1273.7100,9,2
2026-06-10,600519,13:22:07,1274.1700,1,1
2026-06-10,600519,13:22:10,1274.1700,5,1
2026-06-10,600519,13:22:13,1273.7000,1,2
2026-06-10,600519,13:22:16,1274.1600,1,1
2026-06-10,600519,13:22:19,1274.1500,4,1
2026-06-10,600519,13:22:22,1274.1500,1,1
2026-06-10,600519,13:22:25,1274.1500,1,1
2026-06-10,600519,13:22:28,1273.6801,2,2
2026-06-10,600519,13:22:31,1274.1400,2,1
2026-06-10,600519,13:22:34,1273.6700,1,2
2026-06-10,600519,13:22:37,1274.1400,1,1
2026-06-10,600519,13:22:40,1273.6899,2,2
2026-06-10,600519,13:22:46,1274.1300,2,1
2026-06-10,600519,13:22:55,1274.1400,16,1
2026-06-10,600519,13:22:58,1274.0000,2,1
2026-06-10,600519,13:23:04,1274.1100,1,1
2026-06-10,600519,13:23:07,1274.1100,2,1
2026-06-10,600519,13:23:10,1274.1100,1,1
2026-06-10,600519,13:23:13,1274.1100,4,1
2026-06-10,600519,13:23:16,1273.8000,3,2
2026-06-10,600519,13:23:19,1273.7000,8,2
2026-06-10,600519,13:23:22,1273.7000,5,2
2026-06-10,600519,13:23:25,1274.1100,2,1
2026-06-10,600519,13:23:31,1273.7200,1,1
2026-06-10,600519,13:23:34,1273.7200,1,1
2026-06-10,600519,13:23:37,1274.1000,4,1
2026-06-10,600519,13:23:40,1273.7300,1,2
2026-06-10,600519,13:23:46,1273.7300,1,2
2026-06-10,600519,13:23:49,1273.7600,2,1
2026-06-10,600519,13:23:55,1273.7300,13,2
2026-06-10,600519,13:24:01,1274.0000,5,1
2026-06-10,600519,13:24:04,1273.8101,10,2
2026-06-10,600519,13:24:07,1273.7600,3,2
2026-06-10,600519,13:24:10,1273.8101,1,1
2026-06-10,600519,13:24:13,1273.8700,5,1
2026-06-10,600519,13:24:19,1274.1500,4,1
2026-06-10,600519,13:24:25,1273.9900,8,1
2026-06-10,600519,13:24:28,1273.8300,1,2
2026-06-10,600519,13:24:31,1273.8500,1,2
2026-06-10,600519,13:24:37,1273.9800,2,1
2026-06-10,600519,13:24:40,1273.8500,1,2
2026-06-10,600519,13:24:43,1273.9700,1,1
2026-06-10,600519,13:24:46,1273.8500,1,2
2026-06-10,600519,13:24:52,1273.9800,2,1
2026-06-10,600519,13:24:55,1274.9600,44,1
2026-06-10,600519,13:24:58,1275.1801,24,1
2026-06-10,600519,13:25:01,1275.1801,2,1
2026-06-10,600519,13:25:04,1275.0900,10,2
2026-06-10,600519,13:25:10,1275.1700,3,1
2026-06-10,600519,13:25:13,1275.0800,7,2
2026-06-10,600519,13:25:16,1275.1600,3,1
2026-06-10,600519,13:25:25,1275.1700,4,1
2026-06-10,600519,13:25:28,1275.0800,9,2
2026-06-10,600519,13:25:31,1275.1600,1,1
2026-06-10,600519,13:25:34,1275.1600,2,1
2026-06-10,600519,13:25:37,1275.0900,1,2
2026-06-10,600519,13:25:40,1275.1700,2,1
2026-06-10,600519,13:25:43,1275.1899,13,1
2026-06-10,600519,13:25:49,1275.1600,1,2
2026-06-10,600519,13:25:58,1275.1899,3,1
2026-06-10,600519,13:26:01,1275.1801,2,2
2026-06-10,600519,13:26:07,1275.1899,1,1
2026-06-10,600519,13:26:10,1275.2000,17,1
2026-06-10,600519,13:26:13,1275.1801,12,2
2026-06-10,600519,13:26:16,1275.1700,3,2
2026-06-10,600519,13:26:19,1275.1600,4,2
2026-06-10,600519,13:26:22,1275.0900,4,2
2026-06-10,600519,13:26:25,1275.0900,2,2
2026-06-10,600519,13:26:28,1275.0800,7,2
2026-06-10,600519,13:26:31,1275.1600,2,1
2026-06-10,600519,13:26:34,1275.1600,2,1
2026-06-10,600519,13:26:37,1275.1600,1,1
2026-06-10,600519,13:26:43,1275.1000,2,2
2026-06-10,600519,13:26:49,1275.0900,5,2
2026-06-10,600519,13:26:55,1275.1000,3,2
2026-06-10,600519,13:27:01,1275.1600,3,1
2026-06-10,600519,13:27:04,1275.1600,1,1
2026-06-10,600519,13:27:07,1275.0900,7,2
2026-06-10,600519,13:27:10,1275.0900,1,1
2026-06-10,600519,13:27:13,1275.1600,2,1
2026-06-10,600519,13:27:16,1275.0800,4,2
2026-06-10,600519,13:27:19,1275.1600,1,1
2026-06-10,600519,13:27:22,1275.0800,3,2
2026-06-10,600519,13:27:28,1275.0800,2,2
2026-06-10,600519,13:27:34,1275.0000,1,2
2026-06-10,600519,13:27:37,1275.0100,1,2
2026-06-10,600519,13:27:40,1275.0100,2,2
2026-06-10,600519,13:27:49,1275.0200,4,2
2026-06-10,600519,13:27:52,1275.0100,8,2
2026-06-10,600519,13:27:58,1275.0900,1,1
2026-06-10,600519,13:28:01,1275.0100,1,1
2026-06-10,600519,13:28:04,1275.0000,4,2
2026-06-10,600519,13:28:13,1275.0300,1,2
2026-06-10,600519,13:28:16,1275.1000,2,1
2026-06-10,600519,13:28:19,1275.1100,5,2
2026-06-10,600519,13:28:22,1275.0300,3,1
2026-06-10,600519,13:28:25,1275.0300,1,1
2026-06-10,600519,13:28:28,1275.0300,4,1
2026-06-10,600519,13:28:31,1275.1000,2,1
2026-06-10,600519,13:28:34,1275.5500,38,1
2026-06-10,600519,13:28:49,1275.1500,11,2
2026-06-10,600519,13:28:52,1275.5500,1,1
2026-06-10,600519,13:28:55,1275.5601,4,2
2026-06-10,600519,13:28:58,1275.5601,2,2
2026-06-10,600519,13:29:01,1275.6300,2,1
2026-06-10,600519,13:29:04,1275.6801,1,1
2026-06-10,600519,13:29:07,1275.6801,3,1
2026-06-10,600519,13:29:10,1275.7300,1,1
2026-06-10,600519,13:29:13,1275.6899,2,2
2026-06-10,600519,13:29:16,1275.7300,1,1
2026-06-10,600519,13:29:19,1275.6899,8,2
2026-06-10,600519,13:29:22,1275.6899,1,1
2026-06-10,600519,13:29:25,1275.6801,1,2
2026-06-10,600519,13:29:28,1275.6899,2,1
2026-06-10,600519,13:29:31,1275.7400,4,1
2026-06-10,600519,13:29:34,1275.7900,6,1
2026-06-10,600519,13:29:37,1275.7500,2,2
2026-06-10,600519,13:29:43,1275.8199,3,1
2026-06-10,600519,13:29:46,1275.7400,11,2
2026-06-10,600519,13:29:49,1275.7500,1,1
2026-06-10,600519,13:29:52,1275.7500,1,1
2026-06-10,600519,13:29:58,1275.6801,3,2
2026-06-10,600519,13:30:01,1276.0000,19,1
2026-06-10,600519,13:30:04,1275.8101,5,2
2026-06-10,600519,13:30:10,1275.8000,1,2
2026-06-10,600519,13:30:19,1275.9900,1,1
2026-06-10,600519,13:30:22,1275.8101,1,2
2026-06-10,600519,13:30:25,1275.9900,1,1
2026-06-10,600519,13:30:28,1275.9000,1,2
2026-06-10,600519,13:30:31,1275.9900,3,1
2026-06-10,600519,13:30:34,1275.8900,5,2
2026-06-10,600519,13:30:37,1275.8199,4,2
2026-06-10,600519,13:30:40,1275.8101,5,2
2026-06-10,600519,13:30:43,1275.8199,7,1
2026-06-10,600519,13:30:46,1275.8199,6,1
2026-06-10,600519,13:30:52,1275.7500,6,2
2026-06-10,600519,13:30:55,1275.7500,3,2
2026-06-10,600519,13:31:04,1275.6899,7,2
2026-06-10,600519,13:31:10,1275.6600,1,1
2026-06-10,600519,13:31:13,1275.1100,8,2
2026-06-10,600519,13:31:19,1275.0100,3,2
2026-06-10,600519,13:31:22,1275.0300,2,2
2026-06-10,600519,13:31:25,1275.0000,2,2
2026-06-10,600519,13:31:28,1275.0000,6,2
2026-06-10,600519,13:31:31,1275.0000,19,2
2026-06-10,600519,13:31:34,1274.9500,7,1
2026-06-10,600519,13:31:37,1273.8600,3,2
2026-06-10,600519,13:31:43,1273.8300,8,2
2026-06-10,600519,13:31:46,1273.8300,1,2
2026-06-10,600519,13:31:49,1274.9200,1,1
2026-06-10,600519,13:31:52,1274.0000,1,2
2026-06-10,600519,13:31:55,1274.9200,4,1
2026-06-10,600519,13:31:58,1274.9200,16,1
2026-06-10,600519,13:32:01,1274.9200,3,2
2026-06-10,600519,13:32:04,1274.9200,2,2
2026-06-10,600519,13:32:07,1274.9200,5,2
2026-06-10,600519,13:32:10,1274.9200,3,2
2026-06-10,600519,13:32:13,1274.9301,3,1
2026-06-10,600519,13:32:16,1274.9200,7,2
2026-06-10,600519,13:32:19,1274.9200,2,2
2026-06-10,600519,13:32:22,1274.9301,1,1
2026-06-10,600519,13:32:25,1274.8900,2,2
2026-06-10,600519,13:32:28,1274.8900,2,2
2026-06-10,600519,13:32:31,1274.8800,1,2
2026-06-10,600519,13:32:34,1274.9200,5,1
2026-06-10,600519,13:32:37,1274.8900,4,2
2026-06-10,600519,13:32:40,1274.8900,1,2
2026-06-10,600519,13:32:46,1274.9100,1,1
2026-06-10,600519,13:32:49,1274.9100,1,1
2026-06-10,600519,13:32:52,1274.8800,6,2
2026-06-10,600519,13:32:55,1274.8900,2,2
2026-06-10,600519,13:32:58,1274.8900,2,2
2026-06-10,600519,13:33:01,1274.8900,2,2
2026-06-10,600519,13:33:04,1274.9100,3,1
2026-06-10,600519,13:33:10,1274.9100,6,1
2026-06-10,600519,13:33:16,1274.8900,3,2
2026-06-10,600519,13:33:19,1274.0000,7,2
2026-06-10,600519,13:33:28,1274.8900,1,2
2026-06-10,600519,13:33:31,1274.0500,2,2
2026-06-10,600519,13:33:34,1274.0800,2,2
2026-06-10,600519,13:33:40,1274.0800,1,2
2026-06-10,600519,13:33:43,1274.9100,6,1
2026-06-10,600519,13:33:46,1274.9200,8,1
2026-06-10,600519,13:33:49,1275.2000,25,1
2026-06-10,600519,13:33:52,1275.5000,1,1
2026-06-10,600519,13:33:55,1275.0500,3,2
2026-06-10,600519,13:33:58,1275.5000,2,1
2026-06-10,600519,13:34:01,1275.5000,4,1
2026-06-10,600519,13:34:04,1275.7500,5,1
2026-06-10,600519,13:34:07,1275.5500,2,1
2026-06-10,600519,13:34:10,1275.7500,2,1
2026-06-10,600519,13:34:13,1275.7500,2,1
2026-06-10,600519,13:34:19,1275.8000,1,1
2026-06-10,600519,13:34:22,1275.9100,4,1
2026-06-10,600519,13:34:28,1276.0000,54,1
2026-06-10,600519,13:34:34,1276.0000,5,1
2026-06-10,600519,13:34:37,1276.0000,9,1
2026-06-10,600519,13:34:40,1275.9900,2,1
2026-06-10,600519,13:34:43,1275.9200,5,2
2026-06-10,600519,13:34:49,1275.9200,1,2
2026-06-10,600519,13:34:52,1275.9200,1,2
2026-06-10,600519,13:34:55,1275.9200,21,2
2026-06-10,600519,13:35:01,1275.9200,4,1
2026-06-10,600519,13:35:04,1275.9200,1,1
2026-06-10,600519,13:35:07,1275.9100,2,2
2026-06-10,600519,13:35:10,1275.9100,3,1
2026-06-10,600519,13:35:13,1275.9100,6,4
2026-06-10,600519,13:35:22,1275.9200,8,1
2026-06-10,600519,13:35:25,1276.0000,18,1
2026-06-10,600519,13:35:28,1276.0601,16,1
2026-06-10,600519,13:35:31,1276.1100,3,1
2026-06-10,600519,13:35:34,1276.1100,1,1
2026-06-10,600519,13:35:37,1276.2900,58,1
2026-06-10,600519,13:35:40,1276.2900,6,1
2026-06-10,600519,13:35:43,1276.2900,6,1
2026-06-10,600519,13:35:46,1276.3000,12,1
2026-06-10,600519,13:35:49,1276.3000,1,1
2026-06-10,600519,13:35:52,1276.3101,9,2
2026-06-10,600519,13:35:55,1276.3900,4,1
2026-06-10,600519,13:35:58,1276.3000,4,2
2026-06-10,600519,13:36:01,1276.2900,6,2
2026-06-10,600519,13:36:07,1276.3101,6,2
2026-06-10,600519,13:36:10,1276.3700,1,1
2026-06-10,600519,13:36:13,1276.3101,3,2
2026-06-10,600519,13:36:16,1276.3101,1,2
2026-06-10,600519,13:36:19,1276.3199,3,2
2026-06-10,600519,13:36:22,1276.3300,4,2
2026-06-10,600519,13:36:25,1276.3700,3,1
2026-06-10,600519,13:36:28,1276.3700,2,2
2026-06-10,600519,13:36:37,1276.4200,1,1
2026-06-10,600519,13:36:40,1276.4000,11,2
2026-06-10,600519,13:36:43,1276.4700,4,1
2026-06-10,600519,13:36:46,1276.4700,1,1
2026-06-10,600519,13:36:49,1276.5000,4,1
2026-06-10,600519,13:36:52,1276.6000,3,1
2026-06-10,600519,13:36:58,1276.6100,6,1
2026-06-10,600519,13:37:01,1276.8000,5,1
2026-06-10,600519,13:37:04,1276.9900,6,1
2026-06-10,600519,13:37:07,1277.0000,3,1
2026-06-10,600519,13:37:10,1277.0800,5,1
2026-06-10,600519,13:37:13,1277.0800,4,2
2026-06-10,600519,13:37:16,1277.5000,8,1
2026-06-10,600519,13:37:19,1277.6700,4,1
2026-06-10,600519,13:37:22,1277.6100,3,2
2026-06-10,600519,13:37:25,1277.8000,3,2
2026-06-10,600519,13:37:28,1277.8000,52,2
2026-06-10,600519,13:37:31,1277.8000,2,2
2026-06-10,600519,13:37:34,1277.6899,3,2
2026-06-10,600519,13:37:37,1277.8000,9,2
2026-06-10,600519,13:37:40,1277.6899,2,2
2026-06-10,600519,13:37:43,1277.9800,7,1
2026-06-10,600519,13:37:46,1277.5100,2,2
2026-06-10,600519,13:37:49,1278.0000,14,1
2026-06-10,600519,13:37:52,1277.8000,1,1
2026-06-10,600519,13:37:55,1277.8000,1,2
2026-06-10,600519,13:37:58,1278.0000,4,1
2026-06-10,600519,13:38:04,1277.9900,4,1
2026-06-10,600519,13:38:07,1278.0400,5,1
2026-06-10,600519,13:38:10,1277.9900,1,1
2026-06-10,600519,13:38:13,1278.1600,2,1
2026-06-10,600519,13:38:16,1278.0900,2,2
2026-06-10,600519,13:38:19,1278.0900,7,2
2026-06-10,600519,13:38:22,1278.1500,4,4
2026-06-10,600519,13:38:25,1278.1000,12,2
2026-06-10,600519,13:38:28,1278.0900,6,2
2026-06-10,600519,13:38:31,1278.0000,16,2
2026-06-10,600519,13:38:34,1278.0000,1,1
2026-06-10,600519,13:38:37,1277.9900,2,2
2026-06-10,600519,13:38:40,1277.9900,2,2
2026-06-10,600519,13:38:43,1278.0900,12,1
2026-06-10,600519,13:38:46,1277.9900,2,2
2026-06-10,600519,13:38:49,1277.9900,7,2
2026-06-10,600519,13:38:52,1278.0000,2,1
2026-06-10,600519,13:38:58,1277.9900,2,2
2026-06-10,600519,13:39:01,1277.9900,8,2
2026-06-10,600519,13:39:04,1277.9900,4,1
2026-06-10,600519,13:39:07,1277.8000,8,2
2026-06-10,600519,13:39:10,1277.8000,2,1
2026-06-10,600519,13:39:13,1277.6899,1,2
2026-06-10,600519,13:39:19,1277.1000,1,2
2026-06-10,600519,13:39:22,1277.6899,1,1
2026-06-10,600519,13:39:25,1277.1000,3,2
2026-06-10,600519,13:39:28,1277.6899,3,1
2026-06-10,600519,13:39:31,1277.0000,7,2
2026-06-10,600519,13:39:34,1277.6899,1,1
2026-06-10,600519,13:39:37,1277.1000,1,2
2026-06-10,600519,13:39:43,1277.6000,1,1
2026-06-10,600519,13:39:46,1277.6300,6,2
2026-06-10,600519,13:39:49,1277.6300,4,2
2026-06-10,600519,13:39:55,1277.1000,3,2
2026-06-10,600519,13:39:58,1277.0300,11,2
2026-06-10,600519,13:40:01,1277.6200,3,1
2026-06-10,600519,13:40:04,1277.6200,2,1
2026-06-10,600519,13:40:07,1277.6300,7,1
2026-06-10,600519,13:40:10,1277.6000,3,1
2026-06-10,600519,13:40:13,1277.6100,3,1
2026-06-10,600519,13:40:16,1277.1600,1,2
2026-06-10,600519,13:40:19,1277.3800,3,2
2026-06-10,600519,13:40:22,1277.6200,1,1
2026-06-10,600519,13:40:25,1277.1700,3,2
2026-06-10,600519,13:40:28,1277.1600,1,2
2026-06-10,600519,13:40:31,1277.1600,2,2
2026-06-10,600519,13:40:34,1277.1500,2,2
2026-06-10,600519,13:40:37,1277.1801,2,2
2026-06-10,600519,13:40:40,1277.1500,4,1
2026-06-10,600519,13:40:43,1277.2000,1,1
2026-06-10,600519,13:40:46,1277.1200,2,2
2026-06-10,600519,13:40:49,1277.2000,9,1
2026-06-10,600519,13:40:52,1277.1600,1,2
2026-06-10,600519,13:40:55,1277.1300,1,2
2026-06-10,600519,13:40:58,1277.3900,3,1
2026-06-10,600519,13:41:01,1277.1200,4,2
2026-06-10,600519,13:41:04,1277.1200,4,2
2026-06-10,600519,13:41:07,1277.3800,4,1
2026-06-10,600519,13:41:10,1277.3800,5,2
2026-06-10,600519,13:41:13,1277.1400,2,1
2026-06-10,600519,13:41:16,1277.1300,2,2
2026-06-10,600519,13:41:19,1277.1200,5,2
2026-06-10,600519,13:41:22,1277.1200,1,1
2026-06-10,600519,13:41:25,1277.1200,12,1
2026-06-10,600519,13:41:28,1277.1200,2,1
2026-06-10,600519,13:41:31,1277.1000,11,2
2026-06-10,600519,13:41:34,1277.1000,1,1
2026-06-10,600519,13:41:37,1277.1100,1,1
2026-06-10,600519,13:41:40,1277.1100,2,1
2026-06-10,600519,13:41:43,1277.1801,1,1
2026-06-10,600519,13:41:46,1277.0900,6,2
2026-06-10,600519,13:41:49,1277.0900,4,1
2026-06-10,600519,13:41:55,1277.0699,2,2
2026-06-10,600519,13:41:58,1277.1100,1,1
2026-06-10,600519,13:42:01,1277.1801,5,1
2026-06-10,600519,13:42:04,1277.0699,3,2
2026-06-10,600519,13:42:10,1277.0699,1,1
2026-06-10,600519,13:42:13,1277.0699,2,1
2026-06-10,600519,13:42:16,1277.0699,1,1
2026-06-10,600519,13:42:19,1277.0500,3,2
2026-06-10,600519,13:42:22,1277.0500,1,1
2026-06-10,600519,13:42:25,1277.0400,1,2
2026-06-10,600519,13:42:28,1277.0400,3,2
2026-06-10,600519,13:42:34,1277.0500,5,1
2026-06-10,600519,13:42:40,1277.0400,7,2
2026-06-10,600519,13:42:46,1277.0300,2,2
2026-06-10,600519,13:42:52,1277.9900,104,1
2026-06-10,600519,13:42:55,1278.5000,43,1
2026-06-10,600519,13:42:58,1278.8000,9,1
2026-06-10,600519,13:43:01,1279.5400,55,1
2026-06-10,600519,13:43:04,1279.6000,3,1
2026-06-10,600519,13:43:07,1279.8000,6,1
2026-06-10,600519,13:43:10,1279.6500,10,2
2026-06-10,600519,13:43:13,1279.6400,1,2
2026-06-10,600519,13:43:16,1279.6000,8,2
2026-06-10,600519,13:43:19,1279.6400,1,4
2026-06-10,600519,13:43:22,1280.0000,35,1
2026-06-10,600519,13:43:25,1279.9700,1,1
2026-06-10,600519,13:43:28,1279.9800,5,2
2026-06-10,600519,13:43:31,1280.0000,5,1
2026-06-10,600519,13:43:34,1279.9800,18,2
2026-06-10,600519,13:43:37,1280.0000,31,1
2026-06-10,600519,13:43:40,1279.9900,2,2
2026-06-10,600519,13:43:43,1280.0000,5,1
2026-06-10,600519,13:43:46,1279.9900,4,2
2026-06-10,600519,13:43:49,1280.0000,8,1
2026-06-10,600519,13:43:52,1279.9900,4,2
2026-06-10,600519,13:43:55,1280.0000,1,1
2026-06-10,600519,13:43:58,1279.9900,14,2
2026-06-10,600519,13:44:01,1279.9900,2,2
2026-06-10,600519,13:44:04,1279.9900,8,2
2026-06-10,600519,13:44:07,1279.9900,8,2
2026-06-10,600519,13:44:10,1279.9900,5,2
2026-06-10,600519,13:44:13,1279.9900,4,4
2026-06-10,600519,13:44:19,1279.9800,6,2
2026-06-10,600519,13:44:22,1279.9800,6,1
2026-06-10,600519,13:44:28,1279.6500,4,2
2026-06-10,600519,13:44:31,1279.7000,2,2
2026-06-10,600519,13:44:34,1279.7000,3,2
2026-06-10,600519,13:44:37,1279.7000,1,1
2026-06-10,600519,13:44:43,1279.6500,1,2
2026-06-10,600519,13:44:46,1279.6500,2,2
2026-06-10,600519,13:44:49,1279.6500,2,1
2026-06-10,600519,13:44:52,1279.2300,2,2
2026-06-10,600519,13:44:55,1279.4399,2,1
2026-06-10,600519,13:44:58,1278.5200,7,2
2026-06-10,600519,13:45:01,1278.5200,1,2
2026-06-10,600519,13:45:04,1279.2300,1,1
2026-06-10,600519,13:45:07,1278.5200,48,1
2026-06-10,600519,13:45:10,1278.9800,3,1
2026-06-10,600519,13:45:13,1278.1300,3,2
2026-06-10,600519,13:45:16,1278.9700,3,1
2026-06-10,600519,13:45:22,1278.1300,2,2
2026-06-10,600519,13:45:25,1279.2300,9,1
2026-06-10,600519,13:45:28,1279.2300,3,2
2026-06-10,600519,13:45:31,1278.9700,3,2
2026-06-10,600519,13:45:37,1279.2300,1,1
2026-06-10,600519,13:45:40,1278.9700,2,2
2026-06-10,600519,13:45:46,1279.1200,3,1
2026-06-10,600519,13:45:49,1278.8900,3,2
2026-06-10,600519,13:45:52,1279.0000,2,1
2026-06-10,600519,13:45:55,1278.8900,2,2
2026-06-10,600519,13:46:04,1278.8900,1,2
2026-06-10,600519,13:46:13,1278.8900,2,1
2026-06-10,600519,13:46:16,1278.0800,3,2
2026-06-10,600519,13:46:19,1278.8800,6,1
2026-06-10,600519,13:46:22,1278.8900,3,1
2026-06-10,600519,13:46:25,1278.1600,1,2
2026-06-10,600519,13:46:28,1278.8900,1,1
2026-06-10,600519,13:46:31,1278.8800,2,1
2026-06-10,600519,13:46:40,1278.5000,3,2
2026-06-10,600519,13:46:49,1278.8800,4,1
2026-06-10,600519,13:46:52,1278.1700,1,2
2026-06-10,600519,13:46:55,1278.1700,1,2
2026-06-10,600519,13:46:58,1278.1801,4,1
2026-06-10,600519,13:47:01,1278.1700,3,2
2026-06-10,600519,13:47:04,1278.1100,3,2
2026-06-10,600519,13:47:07,1278.1801,3,1
2026-06-10,600519,13:47:10,1278.0500,2,2
2026-06-10,600519,13:47:16,1278.0300,2,2
2026-06-10,600519,13:47:22,1278.0000,2,2
2026-06-10,600519,13:47:25,1278.0000,1,1
2026-06-10,600519,13:47:28,1278.0000,3,1
2026-06-10,600519,13:47:34,1278.0000,3,2
2026-06-10,600519,13:47:37,1277.3800,4,2
2026-06-10,600519,13:47:40,1277.0500,3,2
2026-06-10,600519,13:47:43,1277.1000,4,2
2026-06-10,600519,13:47:46,1277.0800,1,2
2026-06-10,600519,13:47:49,1277.0900,2,2
2026-06-10,600519,13:47:58,1277.0900,6,1
2026-06-10,600519,13:48:07,1277.0900,1,2
2026-06-10,600519,13:48:10,1277.2900,2,1
2026-06-10,600519,13:48:13,1277.0900,1,2
2026-06-10,600519,13:48:16,1277.0900,2,1
2026-06-10,600519,13:48:19,1277.0699,4,1
2026-06-10,600519,13:48:22,1277.0900,1,2
2026-06-10,600519,13:48:25,1277.0300,1,2
2026-06-10,600519,13:48:28,1277.0800,1,2
2026-06-10,600519,13:48:31,1277.2000,3,1
2026-06-10,600519,13:48:34,1277.0800,4,2
2026-06-10,600519,13:48:37,1277.0800,2,1
2026-06-10,600519,13:48:40,1277.0800,3,1
2026-06-10,600519,13:48:43,1277.0800,1,1
2026-06-10,600519,13:48:46,1277.0100,7,2
2026-06-10,600519,13:48:49,1277.0200,1,1
2026-06-10,600519,13:48:52,1277.1801,3,1
2026-06-10,600519,13:48:55,1277.1899,6,1
2026-06-10,600519,13:48:58,1277.0000,8,2
2026-06-10,600519,13:49:01,1277.2000,7,1
2026-06-10,600519,13:49:04,1277.2000,9,1
2026-06-10,600519,13:49:07,1277.1899,3,1
2026-06-10,600519,13:49:10,1277.2500,9,1
2026-06-10,600519,13:49:13,1277.2000,2,1
2026-06-10,600519,13:49:16,1277.3000,18,1
2026-06-10,600519,13:49:19,1278.0000,6,1
2026-06-10,600519,13:49:22,1277.1400,8,2
2026-06-10,600519,13:49:28,1278.0400,4,1
2026-06-10,600519,13:49:31,1277.2000,2,2
2026-06-10,600519,13:49:34,1278.0900,2,1
2026-06-10,600519,13:49:37,1278.0900,1,1
2026-06-10,600519,13:49:43,1278.1000,2,1
2026-06-10,600519,13:49:46,1278.1100,3,1
2026-06-10,600519,13:49:55,1278.0000,12,2
2026-06-10,600519,13:49:58,1278.1000,1,1
2026-06-10,600519,13:50:01,1277.9500,5,2
2026-06-10,600519,13:50:04,1277.9500,2,1
2026-06-10,600519,13:50:07,1277.9500,2,1
2026-06-10,600519,13:50:10,1277.9500,1,1
2026-06-10,600519,13:50:13,1277.5601,1,2
2026-06-10,600519,13:50:16,1277.1700,4,2
2026-06-10,600519,13:50:19,1277.9399,1,1
2026-06-10,600519,13:50:22,1278.0000,7,1
2026-06-10,600519,13:50:28,1277.4800,3,2
2026-06-10,600519,13:50:31,1277.4800,13,1
2026-06-10,600519,13:50:34,1277.5400,2,2
2026-06-10,600519,13:50:40,1277.4900,1,2
2026-06-10,600519,13:50:43,1277.9900,1,1
2026-06-10,600519,13:50:46,1277.7400,1,4
2026-06-10,600519,13:50:49,1277.9900,2,1
2026-06-10,600519,13:50:52,1277.9900,1,1
2026-06-10,600519,13:50:58,1277.4900,4,2
2026-06-10,600519,13:51:01,1277.4900,2,2
2026-06-10,600519,13:51:07,1277.5300,8,1
2026-06-10,600519,13:51:13,1277.5000,4,1
2026-06-10,600519,13:51:16,1277.5800,2,1
2026-06-10,600519,13:51:19,1277.5800,1,1
2026-06-10,600519,13:51:25,1277.5800,1,1
2026-06-10,600519,13:51:28,1277.5800,1,1
2026-06-10,600519,13:51:31,1277.5800,2,1
2026-06-10,600519,13:51:34,1277.5300,3,2
2026-06-10,600519,13:51:37,1277.5300,3,2
2026-06-10,600519,13:51:40,1277.5800,2,1
2026-06-10,600519,13:51:43,1277.5601,3,1
2026-06-10,600519,13:51:49,1277.5601,3,1
2026-06-10,600519,13:51:55,1277.4500,3,2
2026-06-10,600519,13:51:58,1277.4500,13,1
2026-06-10,600519,13:52:01,1277.4500,2,1
2026-06-10,600519,13:52:07,1277.4500,17,1
2026-06-10,600519,13:52:10,1277.3900,2,2
2026-06-10,600519,13:52:13,1277.4900,1,1
2026-06-10,600519,13:52:16,1277.4100,2,2
2026-06-10,600519,13:52:19,1277.4000,9,2
2026-06-10,600519,13:52:22,1277.4399,1,2
2026-06-10,600519,13:52:28,1277.4000,3,2
2026-06-10,600519,13:52:31,1277.3400,2,2
2026-06-10,600519,13:52:34,1277.3300,1,2
2026-06-10,600519,13:52:37,1277.3300,1,2
2026-06-10,600519,13:52:43,1277.3900,3,1
2026-06-10,600519,13:52:46,1277.3300,1,2
2026-06-10,600519,13:52:49,1277.2900,1,2
2026-06-10,600519,13:52:58,1277.1000,6,2
2026-06-10,600519,13:53:01,1277.1000,4,2
2026-06-10,600519,13:53:07,1277.0900,9,2
2026-06-10,600519,13:53:10,1277.1000,5,2
2026-06-10,600519,13:53:13,1277.0900,14,2
2026-06-10,600519,13:53:16,1277.1400,2,1
2026-06-10,600519,13:53:19,1276.9200,8,2
2026-06-10,600519,13:53:22,1276.9200,1,2
2026-06-10,600519,13:53:25,1276.9200,3,2
2026-06-10,600519,13:53:28,1276.9200,2,1
2026-06-10,600519,13:53:34,1276.8900,2,2
2026-06-10,600519,13:53:37,1276.9800,9,1
2026-06-10,600519,13:53:43,1277.0900,1,1
2026-06-10,600519,13:53:46,1277.0900,2,1
2026-06-10,600519,13:53:52,1276.8000,1,2
2026-06-10,600519,13:53:55,1277.0900,3,1
2026-06-10,600519,13:54:01,1277.0000,5,1
2026-06-10,600519,13:54:04,1277.0800,1,1
2026-06-10,600519,13:54:07,1277.1400,13,1
2026-06-10,600519,13:54:10,1277.3300,4,1
2026-06-10,600519,13:54:13,1277.5601,13,1
2026-06-10,600519,13:54:16,1277.9900,5,1
2026-06-10,600519,13:54:19,1278.0000,7,1
2026-06-10,600519,13:54:22,1277.6000,3,2
2026-06-10,600519,13:54:25,1277.6000,1,2
2026-06-10,600519,13:54:28,1277.6100,1,2
2026-06-10,600519,13:54:31,1277.9900,1,1
2026-06-10,600519,13:54:37,1277.9800,1,1
2026-06-10,600519,13:54:40,1277.9900,1,1
2026-06-10,600519,13:54:55,1277.9700,1,1
2026-06-10,600519,13:54:58,1277.9800,6,1
2026-06-10,600519,13:55:01,1277.9900,2,1
2026-06-10,600519,13:55:04,1278.0000,14,1
2026-06-10,600519,13:55:07,1278.2000,25,1
2026-06-10,600519,13:55:10,1278.2000,29,2
2026-06-10,600519,13:55:13,1279.1200,24,1
2026-06-10,600519,13:55:16,1279.1200,8,1
2026-06-10,600519,13:55:19,1279.1801,3,1
2026-06-10,600519,13:55:25,1279.0000,3,2
2026-06-10,600519,13:55:31,1279.0000,2,1
2026-06-10,600519,13:55:34,1278.9399,3,2
2026-06-10,600519,13:55:37,1278.9500,1,2
2026-06-10,600519,13:55:40,1279.1600,15,1
2026-06-10,600519,13:55:43,1279.0000,2,2
2026-06-10,600519,13:55:46,1279.1600,1,1
2026-06-10,600519,13:55:49,1279.1600,2,1
2026-06-10,600519,13:55:52,1278.9700,6,2
2026-06-10,600519,13:55:55,1279.1700,1,1
2026-06-10,600519,13:55:58,1279.1801,10,1
2026-06-10,600519,13:56:01,1279.1700,2,1
2026-06-10,600519,13:56:04,1278.9500,7,2
2026-06-10,600519,13:56:07,1278.9200,3,2
2026-06-10,600519,13:56:10,1279.0000,4,2
2026-06-10,600519,13:56:13,1278.9200,2,2
2026-06-10,600519,13:56:16,1279.1600,8,1
2026-06-10,600519,13:56:19,1279.1400,4,2
2026-06-10,600519,13:56:22,1279.1500,5,1
2026-06-10,600519,13:56:25,1279.1400,8,2
2026-06-10,600519,13:56:28,1278.9200,1,2
2026-06-10,600519,13:56:31,1279.1400,3,1
2026-06-10,600519,13:56:34,1279.1500,4,1
2026-06-10,600519,13:56:37,1279.1300,7,1
2026-06-10,600519,13:56:40,1279.1600,1,1
2026-06-10,600519,13:56:43,1279.1400,2,2
2026-06-10,600519,13:56:46,1279.1500,30,1
2026-06-10,600519,13:56:49,1279.1801,7,2
2026-06-10,600519,13:56:52,1279.4000,4,1
2026-06-10,600519,13:56:55,1279.4000,2,1
2026-06-10,600519,13:57:01,1279.4301,2,1
2026-06-10,600519,13:57:07,1279.5000,2,1
2026-06-10,600519,13:57:10,1279.4399,15,2
2026-06-10,600519,13:57:13,1279.4900,3,2
2026-06-10,600519,13:57:16,1279.6899,9,1
2026-06-10,600519,13:57:19,1279.6600,3,1
2026-06-10,600519,13:57:22,1279.5000,3,2
2026-06-10,600519,13:57:25,1279.6801,9,1
2026-06-10,600519,13:57:28,1279.4000,5,2
2026-06-10,600519,13:57:31,1279.5601,11,2
2026-06-10,600519,13:57:34,1279.5601,2,2
2026-06-10,600519,13:57:37,1279.4000,7,2
2026-06-10,600519,13:57:40,1279.4200,1,1
2026-06-10,600519,13:57:43,1279.4200,2,1
2026-06-10,600519,13:57:46,1279.4100,1,1
2026-06-10,600519,13:57:49,1279.4100,5,1
2026-06-10,600519,13:57:52,1279.4200,3,2
2026-06-10,600519,13:57:55,1279.3101,1,2
2026-06-10,600519,13:57:58,1279.4100,1,1
2026-06-10,600519,13:58:01,1279.3101,2,2
2026-06-10,600519,13:58:04,1279.3101,3,2
2026-06-10,600519,13:58:07,1279.4000,4,1
2026-06-10,600519,13:58:10,1279.3101,7,1
2026-06-10,600519,13:58:13,1279.1899,2,2
2026-06-10,600519,13:58:19,1279.1899,1,2
2026-06-10,600519,13:58:22,1279.3000,2,1
2026-06-10,600519,13:58:25,1279.3000,6,1
2026-06-10,600519,13:58:28,1279.3000,1,1
2026-06-10,600519,13:58:31,1279.1899,2,2
2026-06-10,600519,13:58:34,1279.1100,7,2
2026-06-10,600519,13:58:40,1279.0900,4,2
2026-06-10,600519,13:58:43,1279.0900,1,1
2026-06-10,600519,13:58:46,1279.1600,2,1
2026-06-10,600519,13:58:49,1279.0000,2,2
2026-06-10,600519,13:58:52,1278.9900,2,2
2026-06-10,600519,13:58:55,1278.8800,5,2
2026-06-10,600519,13:58:58,1278.5000,3,2
2026-06-10,600519,13:59:01,1278.0000,3,2
2026-06-10,600519,13:59:04,1278.0800,3,4
2026-06-10,600519,13:59:07,1277.9900,1,2
2026-06-10,600519,13:59:10,1278.0000,1,2
2026-06-10,600519,13:59:13,1278.1700,1,1
2026-06-10,600519,13:59:19,1277.9900,1,2
2026-06-10,600519,13:59:22,1277.9900,3,2
2026-06-10,600519,13:59:25,1277.9900,2,1
2026-06-10,600519,13:59:28,1277.9800,8,2
2026-06-10,600519,13:59:31,1277.9800,4,2
2026-06-10,600519,13:59:34,1277.6200,11,2
2026-06-10,600519,13:59:37,1277.9700,2,1
2026-06-10,600519,13:59:40,1277.9800,10,1
2026-06-10,600519,13:59:43,1277.5800,4,2
2026-06-10,600519,13:59:46,1277.5800,1,2
2026-06-10,600519,13:59:49,1277.5800,4,2
2026-06-10,600519,13:59:52,1278.1700,22,1
2026-06-10,600519,13:59:55,1277.6100,1,2
2026-06-10,600519,13:59:58,1277.6000,4,2
2026-06-10,600519,14:00:01,1277.6000,2,2
2026-06-10,600519,14:00:04,1277.6300,3,2
2026-06-10,600519,14:00:07,1277.6300,1,2
2026-06-10,600519,14:00:13,1277.7000,4,2
2026-06-10,600519,14:00:16,1277.7000,2,2
2026-06-10,600519,14:00:19,1277.6300,4,2
2026-06-10,600519,14:00:22,1277.7000,5,1
2026-06-10,600519,14:00:25,1277.5400,4,2
2026-06-10,600519,14:00:28,1277.5900,1,2
2026-06-10,600519,14:00:31,1277.7000,1,1
2026-06-10,600519,14:00:37,1277.5100,3,2
2026-06-10,600519,14:00:40,1277.5000,2,2
2026-06-10,600519,14:00:46,1277.7000,1,1
2026-06-10,600519,14:00:49,1277.7000,2,1
2026-06-10,600519,14:00:52,1277.4399,1,2
2026-06-10,600519,14:00:55,1277.4399,1,2
2026-06-10,600519,14:00:58,1277.4399,4,1
2026-06-10,600519,14:01:01,1277.4399,7,2
2026-06-10,600519,14:01:04,1277.4700,1,2
2026-06-10,600519,14:01:07,1277.4399,1,2
2026-06-10,600519,14:01:10,1277.4000,1,2
2026-06-10,600519,14:01:13,1277.7000,1,1
2026-06-10,600519,14:01:16,1277.3900,4,2
2026-06-10,600519,14:01:19,1277.6899,7,1
2026-06-10,600519,14:01:22,1277.3400,2,2
2026-06-10,600519,14:01:25,1277.7000,3,1
2026-06-10,600519,14:01:28,1277.7000,2,1
2026-06-10,600519,14:01:31,1277.7500,2,1
2026-06-10,600519,14:01:34,1278.0000,10,1
2026-06-10,600519,14:01:37,1278.3000,3,1
2026-06-10,600519,14:01:40,1278.0200,1,2
2026-06-10,600519,14:01:43,1278.0500,4,2
2026-06-10,600519,14:01:46,1278.0000,2,2
2026-06-10,600519,14:01:49,1278.4800,1,1
2026-06-10,600519,14:01:52,1278.2300,1,1
2026-06-10,600519,14:01:55,1278.0500,3,2
2026-06-10,600519,14:01:58,1278.0500,3,2
2026-06-10,600519,14:02:01,1278.0500,3,2
2026-06-10,600519,14:02:04,1278.4000,6,1
2026-06-10,600519,14:02:07,1278.0000,10,2
2026-06-10,600519,14:02:10,1278.0601,1,2
2026-06-10,600519,14:02:16,1278.0601,4,2
2026-06-10,600519,14:02:19,1278.4000,2,1
2026-06-10,600519,14:02:22,1278.3800,3,1
2026-06-10,600519,14:02:25,1278.3800,2,1
2026-06-10,600519,14:02:28,1278.3700,4,1
2026-06-10,600519,14:02:31,1278.0300,1,2
2026-06-10,600519,14:02:34,1278.0000,2,2
2026-06-10,600519,14:02:37,1278.0000,3,2
2026-06-10,600519,14:02:40,1278.0300,9,1
2026-06-10,600519,14:02:43,1278.0300,4,1
2026-06-10,600519,14:02:49,1278.0200,4,1
2026-06-10,600519,14:02:52,1277.9301,2,2
2026-06-10,600519,14:02:55,1277.9301,1,2
2026-06-10,600519,14:03:01,1278.0200,4,1
2026-06-10,600519,14:03:04,1277.9000,2,2
2026-06-10,600519,14:03:07,1277.8800,3,2
2026-06-10,600519,14:03:10,1277.7100,9,2
2026-06-10,600519,14:03:16,1277.5100,3,2
2026-06-10,600519,14:03:25,1277.4399,4,2
2026-06-10,600519,14:03:28,1277.4900,1,1
2026-06-10,600519,14:03:31,1277.4900,6,1
2026-06-10,600519,14:03:34,1277.4900,1,2
2026-06-10,600519,14:03:37,1277.4900,2,2
2026-06-10,600519,14:03:40,1277.4900,4,2
2026-06-10,600519,14:03:43,1277.6899,3,1
2026-06-10,600519,14:03:46,1277.6600,6,1
2026-06-10,600519,14:03:49,1277.6600,6,2
2026-06-10,600519,14:03:52,1277.6600,2,1
2026-06-10,600519,14:03:55,1277.6600,1,1
2026-06-10,600519,10:41:04,1274.7400,6,2
2026-06-10,600519,10:41:07,1274.7400,4,2
2026-06-10,600519,10:41:13,1274.9000,4,1
2026-06-10,600519,10:41:16,1274.6000,5,2
2026-06-10,600519,10:41:19,1274.0400,4,2
2026-06-10,600519,10:41:22,1274.0200,5,2
2026-06-10,600519,10:41:25,1274.4000,4,1
2026-06-10,600519,10:41:28,1274.0200,1,2
2026-06-10,600519,10:41:31,1274.4000,10,1
2026-06-10,600519,10:41:34,1274.4000,3,1
2026-06-10,600519,10:41:37,1274.0000,3,2
2026-06-10,600519,10:41:40,1274.4000,9,1
2026-06-10,600519,10:41:46,1273.8101,1,2
2026-06-10,600519,10:41:49,1273.9600,3,2
2026-06-10,600519,10:41:52,1273.8600,4,2
2026-06-10,600519,10:41:55,1273.8900,2,2
2026-06-10,600519,10:41:58,1273.8300,8,2
2026-06-10,600519,10:42:01,1273.8900,4,2
2026-06-10,600519,10:42:04,1273.8199,1,2
2026-06-10,600519,10:42:07,1273.8300,4,4
2026-06-10,600519,10:42:10,1273.8600,9,1
2026-06-10,600519,10:42:13,1273.8101,4,2
2026-06-10,600519,10:42:16,1273.7800,7,2
2026-06-10,600519,10:42:19,1273.7100,2,2
2026-06-10,600519,10:42:22,1273.7200,1,2
2026-06-10,600519,10:42:25,1273.7200,5,2
2026-06-10,600519,10:42:28,1273.7000,6,2
2026-06-10,600519,10:42:31,1273.6899,2,2
2026-06-10,600519,10:42:34,1273.6899,3,4
2026-06-10,600519,10:42:37,1273.5000,15,2
2026-06-10,600519,10:42:40,1273.6801,3,2
2026-06-10,600519,10:42:43,1273.7000,2,1
2026-06-10,600519,10:42:46,1273.6801,3,2
2026-06-10,600519,10:42:52,1273.9500,44,1
2026-06-10,600519,10:42:55,1274.4000,13,1
2026-06-10,600519,10:42:58,1274.4100,4,2
2026-06-10,600519,10:43:01,1274.5800,1,1
2026-06-10,600519,10:43:04,1274.5800,4,1
2026-06-10,600519,10:43:07,1274.5800,5,1
2026-06-10,600519,10:43:10,1274.9100,13,1
2026-06-10,600519,10:43:13,1274.9800,7,1
2026-06-10,600519,10:43:16,1275.3300,41,1
2026-06-10,600519,10:43:19,1276.0000,25,1
2026-06-10,600519,10:43:22,1275.6500,5,2
2026-06-10,600519,10:43:25,1276.0000,6,1
2026-06-10,600519,10:43:28,1276.0000,15,1
2026-06-10,600519,10:43:31,1276.0000,4,1
2026-06-10,600519,10:43:34,1276.0500,7,1
2026-06-10,600519,10:43:37,1276.0200,2,2
2026-06-10,600519,10:43:40,1276.0000,13,2
2026-06-10,600519,10:43:43,1276.0000,20,2
2026-06-10,600519,10:43:46,1276.0000,4,2
2026-06-10,600519,10:43:49,1276.0500,2,2
2026-06-10,600519,10:43:52,1276.0601,1,2
2026-06-10,600519,10:43:55,1276.0200,7,2
2026-06-10,600519,10:44:01,1276.0100,3,2
2026-06-10,600519,10:44:04,1276.0200,4,2
2026-06-10,600519,10:44:07,1276.0601,13,1
2026-06-10,600519,10:44:10,1276.0100,2,1
2026-06-10,600519,10:44:13,1275.9500,1,2
2026-06-10,600519,10:44:16,1276.0200,4,1
2026-06-10,600519,10:44:19,1275.9500,1,2
2026-06-10,600519,10:44:22,1276.0000,2,1
2026-06-10,600519,10:44:25,1275.6300,1,2
2026-06-10,600519,10:44:28,1275.6300,3,2
2026-06-10,600519,10:44:31,1276.0000,8,1
2026-06-10,600519,10:44:34,1276.0100,12,1
2026-06-10,600519,10:44:37,1276.0100,8,2
2026-06-10,600519,10:44:40,1276.0100,5,2
2026-06-10,600519,10:44:43,1276.0100,3,2
2026-06-10,600519,10:44:46,1276.0200,7,1
2026-06-10,600519,10:44:49,1276.0200,29,2
2026-06-10,600519,10:44:52,1276.0200,3,2
2026-06-10,600519,10:44:55,1276.0200,14,2
2026-06-10,600519,10:44:58,1276.0200,13,2
2026-06-10,600519,10:45:01,1276.0200,5,2
2026-06-10,600519,10:45:04,1276.0300,3,2
2026-06-10,600519,10:45:07,1276.0300,3,2
2026-06-10,600519,10:45:10,1276.0300,19,2
2026-06-10,600519,10:45:13,1276.0400,3,2
2026-06-10,600519,10:45:16,1276.0300,11,2
2026-06-10,600519,10:45:19,1276.0300,6,2
2026-06-10,600519,10:45:22,1276.0300,6,2
2026-06-10,600519,10:45:25,1276.0400,3,2
2026-06-10,600519,10:45:28,1276.0400,2,2
2026-06-10,600519,10:45:31,1276.0400,2,2
2026-06-10,600519,10:45:34,1276.0300,3,2
2026-06-10,600519,10:45:37,1276.0400,1,2
2026-06-10,600519,10:45:40,1276.0699,4,1
2026-06-10,600519,10:45:43,1276.0800,13,1
2026-06-10,600519,10:45:46,1276.0400,8,2
2026-06-10,600519,10:45:49,1276.0500,2,2
2026-06-10,600519,10:45:52,1276.0800,18,1
2026-06-10,600519,10:45:55,1276.0300,3,2
2026-06-10,600519,10:45:58,1276.0300,4,2
2026-06-10,600519,10:46:01,1276.0300,6,2
2026-06-10,600519,10:46:04,1276.0800,5,1
2026-06-10,600519,10:46:07,1276.0800,4,1
2026-06-10,600519,10:46:10,1276.0500,2,2
2026-06-10,600519,10:46:13,1276.0400,2,2
2026-06-10,600519,10:46:16,1276.0500,1,1
2026-06-10,600519,10:46:19,1276.0400,8,2
2026-06-10,600519,10:46:22,1276.0699,16,1
2026-06-10,600519,10:46:25,1276.0400,10,2
2026-06-10,600519,10:46:28,1276.0400,1,2
2026-06-10,600519,10:46:31,1277.0699,64,1
2026-06-10,600519,10:46:34,1277.3000,14,1
2026-06-10,600519,10:46:37,1278.2800,168,1
2026-06-10,600519,10:46:40,1279.1100,204,1
2026-06-10,600519,10:46:43,1279.1500,12,1
2026-06-10,600519,10:46:46,1279.2200,11,1
2026-06-10,600519,10:46:49,1279.2700,4,2
2026-06-10,600519,10:46:52,1279.5800,8,1
2026-06-10,600519,10:46:55,1279.4000,5,2
2026-06-10,600519,10:46:58,1279.2800,6,2
2026-06-10,600519,10:47:01,1279.2700,10,1
2026-06-10,600519,10:47:04,1279.5000,7,1
2026-06-10,600519,10:47:07,1279.2300,7,2
2026-06-10,600519,10:47:10,1279.1600,11,2
2026-06-10,600519,10:47:13,1279.1400,1,2
2026-06-10,600519,10:47:16,1279.1500,6,2
2026-06-10,600519,10:47:19,1279.4000,16,1
2026-06-10,600519,10:47:22,1279.1400,3,2
2026-06-10,600519,10:47:25,1279.1500,3,1
2026-06-10,600519,10:47:28,1278.8800,6,2
2026-06-10,600519,10:47:31,1279.4000,32,1
2026-06-10,600519,10:47:34,1280.8600,487,1
2026-06-10,600519,10:47:37,1280.8800,59,1
2026-06-10,600519,10:47:40,1281.0000,20,1
2026-06-10,600519,10:47:43,1280.8800,19,2
2026-06-10,600519,10:47:46,1281.0000,33,1
2026-06-10,600519,10:47:49,1280.9900,21,1
2026-06-10,600519,10:47:52,1281.0000,53,1
2026-06-10,600519,10:47:55,1281.0300,16,1
2026-06-10,600519,10:47:58,1281.0100,9,2
2026-06-10,600519,10:48:01,1281.0000,16,2
2026-06-10,600519,10:48:04,1281.0100,11,2
2026-06-10,600519,10:48:07,1281.0000,21,2
2026-06-10,600519,10:48:10,1281.0300,21,1
2026-06-10,600519,10:48:13,1280.8000,14,2
2026-06-10,600519,10:48:16,1280.5100,3,2
2026-06-10,600519,10:48:19,1281.3101,227,1
2026-06-10,600519,10:48:22,1281.0900,12,2
2026-06-10,600519,10:48:25,1281.3101,8,2
2026-06-10,600519,10:48:28,1281.3101,8,1
2026-06-10,600519,10:48:31,1281.0900,6,2
2026-06-10,600519,10:48:34,1281.2300,14,2
2026-06-10,600519,10:48:37,1281.0900,5,2
2026-06-10,600519,10:48:40,1281.0800,6,2
2026-06-10,600519,10:48:43,1281.0900,12,2
2026-06-10,600519,10:48:46,1281.0900,4,1
2026-06-10,600519,10:48:49,1281.0800,10,2
2026-06-10,600519,10:48:52,1281.0900,8,1
2026-06-10,600519,10:48:55,1281.0900,13,1
2026-06-10,600519,10:48:58,1281.1400,33,1
2026-06-10,600519,10:49:01,1281.0800,4,2
2026-06-10,600519,10:49:04,1281.1400,6,1
2026-06-10,600519,10:49:07,1281.0200,4,2
2026-06-10,600519,10:49:10,1280.9900,5,2
2026-06-10,600519,10:49:19,1280.3300,6,2
2026-06-10,600519,10:49:22,1280.3400,4,1
2026-06-10,600519,10:49:25,1280.0000,20,2
2026-06-10,600519,10:49:28,1280.3199,1,1
2026-06-10,600519,10:49:31,1279.8400,1,2
2026-06-10,600519,10:49:34,1280.0000,11,1
2026-06-10,600519,10:49:37,1279.8000,2,1
2026-06-10,600519,10:49:40,1279.7800,3,2
2026-06-10,600519,10:49:43,1279.7800,1,1
2026-06-10,600519,10:49:46,1280.0000,83,1
2026-06-10,600519,10:49:49,1280.0000,7,2
2026-06-10,600519,10:49:52,1280.3300,9,1
2026-06-10,600519,10:49:55,1280.0000,12,2
2026-06-10,600519,10:49:58,1280.0100,7,2
2026-06-10,600519,10:50:01,1280.3199,8,1
2026-06-10,600519,10:50:04,1280.0800,5,2
2026-06-10,600519,10:50:07,1280.3199,4,1
2026-06-10,600519,10:50:13,1280.5601,7,1
2026-06-10,600519,10:50:16,1280.5500,6,1
2026-06-10,600519,10:50:19,1280.3800,8,2
2026-06-10,600519,10:50:22,1280.4600,3,1
2026-06-10,600519,10:50:25,1280.5699,7,1
2026-06-10,600519,10:50:28,1280.5500,3,1
2026-06-10,600519,10:50:31,1280.3800,2,2
2026-06-10,600519,10:50:34,1280.3900,2,1
2026-06-10,600519,10:50:37,1280.5500,8,1
2026-06-10,600519,10:50:40,1280.3500,1,2
2026-06-10,600519,10:50:43,1280.3400,5,2
2026-06-10,600519,10:50:46,1280.3800,3,1
2026-06-10,600519,10:50:49,1280.3400,6,2
2026-06-10,600519,10:50:52,1280.3300,7,2
2026-06-10,600519,10:50:55,1280.3400,7,1
2026-06-10,600519,10:50:58,1280.3400,3,2
2026-06-10,600519,10:51:01,1280.3400,4,1
2026-06-10,600519,10:51:04,1280.3300,9,2
2026-06-10,600519,10:51:07,1280.3300,7,2
2026-06-10,600519,10:51:10,1280.3300,9,2
2026-06-10,600519,10:51:13,1280.3400,5,2
2026-06-10,600519,10:51:16,1280.3300,1,2
2026-06-10,600519,10:51:19,1280.3300,4,2
2026-06-10,600519,10:51:22,1280.3199,3,2
2026-06-10,600519,10:51:25,1280.3300,2,1
2026-06-10,600519,10:51:28,1280.3300,3,1
2026-06-10,600519,10:51:31,1280.3000,9,2
2026-06-10,600519,10:51:34,1280.3400,6,1
2026-06-10,600519,10:51:37,1280.3300,7,2
2026-06-10,600519,10:51:40,1280.3300,3,2
2026-06-10,600519,10:51:43,1280.3300,2,2
2026-06-10,600519,10:51:46,1280.3300,9,2
2026-06-10,600519,10:51:49,1280.3400,1,1
2026-06-10,600519,10:51:52,1280.3300,2,2
2026-06-10,600519,10:51:55,1280.3300,6,2
2026-06-10,600519,10:51:58,1280.3300,9,2
2026-06-10,600519,10:52:01,1280.3300,2,1
2026-06-10,600519,10:52:04,1280.3400,9,1
2026-06-10,600519,10:52:10,1280.2900,3,4
2026-06-10,600519,10:52:13,1280.2900,3,2
2026-06-10,600519,10:52:16,1280.2800,4,2
2026-06-10,600519,10:52:19,1280.2900,94,1
2026-06-10,600519,10:52:22,1280.2800,17,2
2026-06-10,600519,10:52:25,1280.2800,4,1
2026-06-10,600519,10:52:28,1280.0000,8,2
2026-06-10,600519,10:52:31,1280.0000,5,2
2026-06-10,600519,10:52:34,1280.0100,8,2
2026-06-10,600519,10:52:37,1280.0100,12,2
2026-06-10,600519,10:52:40,1280.0000,9,2
2026-06-10,600519,10:52:43,1280.0100,4,1
2026-06-10,600519,10:52:46,1280.0000,17,2
2026-06-10,600519,10:52:49,1280.0000,12,2
2026-06-10,600519,10:52:52,1280.0800,25,1
2026-06-10,600519,10:52:55,1280.0000,17,2
2026-06-10,600519,10:52:58,1280.0100,20,2
2026-06-10,600519,10:53:01,1280.0000,8,2
2026-06-10,600519,10:53:04,1280.0000,3,2
2026-06-10,600519,10:53:07,1280.0000,16,2
2026-06-10,600519,10:53:10,1280.0000,2,1
2026-06-10,600519,10:53:16,1279.8000,8,2
2026-06-10,600519,10:53:19,1279.7000,11,2
2026-06-10,600519,10:53:22,1279.7800,7,2
2026-06-10,600519,10:53:25,1279.7800,2,2
2026-06-10,600519,10:53:28,1279.7800,2,1
2026-06-10,600519,10:53:31,1279.8199,6,1
2026-06-10,600519,10:53:34,1279.7800,11,2
2026-06-10,600519,10:53:37,1279.7800,3,2
2026-06-10,600519,10:53:40,1279.7900,5,2
2026-06-10,600519,10:53:43,1279.9800,5,1
2026-06-10,600519,10:53:46,1279.6600,6,2
2026-06-10,600519,10:53:49,1279.8800,2,1
2026-06-10,600519,10:53:52,1279.7800,4,1
2026-06-10,600519,10:53:55,1279.6700,2,2
2026-06-10,600519,10:53:58,1279.6600,6,2
2026-06-10,600519,10:54:04,1279.5500,1,2
2026-06-10,600519,10:54:07,1279.5500,7,2
2026-06-10,600519,10:54:10,1279.5000,13,2
2026-06-10,600519,10:54:13,1279.5000,1,2
2026-06-10,600519,10:54:16,1279.4900,10,2
2026-06-10,600519,10:54:19,1279.1400,3,2
2026-06-10,600519,10:54:22,1279.1400,2,2
2026-06-10,600519,10:54:25,1279.1500,8,2
2026-06-10,600519,10:54:28,1279.4900,4,1
2026-06-10,600519,10:54:31,1279.1400,3,1
2026-06-10,600519,10:54:34,1279.1000,4,2
2026-06-10,600519,10:54:37,1279.0400,4,2
2026-06-10,600519,10:54:40,1278.7900,7,2
2026-06-10,600519,10:54:43,1278.7600,2,2
2026-06-10,600519,10:54:46,1278.7900,2,2
2026-06-10,600519,10:54:49,1278.8900,14,1
2026-06-10,600519,10:54:52,1278.7900,6,2
2026-06-10,600519,10:54:55,1279.1000,9,1
2026-06-10,600519,10:54:58,1279.1000,5,2
2026-06-10,600519,10:55:01,1279.1000,1,2
2026-06-10,600519,10:55:07,1279.1000,3,2
2026-06-10,600519,10:55:10,1279.1000,3,2
2026-06-10,600519,10:55:13,1279.1000,1,1
2026-06-10,600519,10:55:16,1278.8101,1,2
2026-06-10,600519,10:55:19,1278.8101,4,2
2026-06-10,600519,10:55:22,1279.4600,30,1
2026-06-10,600519,10:55:28,1279.4900,5,1
2026-06-10,600519,10:55:31,1278.9500,17,2
2026-06-10,600519,10:55:34,1279.0000,2,2
2026-06-10,600519,10:55:37,1278.9900,1,2
2026-06-10,600519,10:55:43,1279.0200,2,2
2026-06-10,600519,10:55:46,1279.0400,4,2
2026-06-10,600519,10:55:49,1279.4000,1,1
2026-06-10,600519,10:55:52,1279.4000,4,2
2026-06-10,600519,10:55:55,1279.4000,7,2
2026-06-10,600519,10:55:58,1279.4200,2,2
2026-06-10,600519,10:56:01,1279.4200,5,2
2026-06-10,600519,10:56:04,1279.4000,5,2
2026-06-10,600519,10:56:07,1279.0500,3,2
2026-06-10,600519,10:56:13,1279.0300,5,2
2026-06-10,600519,10:56:16,1279.0400,3,2
2026-06-10,600519,10:56:19,1279.0400,2,2
2026-06-10,600519,10:56:22,1279.0300,6,2
2026-06-10,600519,10:56:25,1279.4100,24,1
2026-06-10,600519,10:56:28,1279.0300,4,2
2026-06-10,600519,10:56:31,1279.0000,2,2
2026-06-10,600519,10:56:34,1279.0000,2,2
2026-06-10,600519,10:56:37,1279.0300,5,1
2026-06-10,600519,10:56:40,1279.0000,5,2
2026-06-10,600519,10:56:43,1279.0000,3,2
2026-06-10,600519,10:56:46,1279.0000,5,2
2026-06-10,600519,10:56:49,1278.9700,3,2
2026-06-10,600519,10:56:52,1278.9700,2,1
2026-06-10,600519,10:56:55,1278.9700,1,1
2026-06-10,600519,10:56:58,1278.9301,5,2
2026-06-10,600519,10:57:01,1278.9000,1,2
2026-06-10,600519,10:57:07,1278.9000,4,2
2026-06-10,600519,10:57:10,1278.8700,2,2
2026-06-10,600519,10:57:13,1278.8700,2,4
2026-06-10,600519,10:57:16,1278.8400,4,2
2026-06-10,600519,10:57:19,1278.8400,1,2
2026-06-10,600519,10:57:22,1278.8400,7,2
2026-06-10,600519,10:57:25,1278.8400,3,2
2026-06-10,600519,10:57:28,1278.8400,6,2
2026-06-10,600519,10:57:31,1278.8400,1,2
2026-06-10,600519,10:57:34,1278.8300,4,4
2026-06-10,600519,10:57:37,1278.8199,2,2
2026-06-10,600519,10:57:40,1278.8199,2,4
2026-06-10,600519,10:57:43,1278.8199,3,2
2026-06-10,600519,10:57:46,1278.8101,19,2
2026-06-10,600519,10:57:49,1278.8199,4,1
2026-06-10,600519,10:57:52,1278.8000,3,2
2026-06-10,600519,10:57:55,1278.7600,9,2
2026-06-10,600519,10:57:58,1278.8101,5,1
2026-06-10,600519,10:58:01,1278.8000,10,2
2026-06-10,600519,10:58:07,1278.7600,14,2
2026-06-10,600519,10:58:10,1278.7700,3,2
2026-06-10,600519,10:58:13,1278.7600,2,2
2026-06-10,600519,10:58:16,1278.7600,7,2
2026-06-10,600519,10:58:19,1278.7600,7,2
2026-06-10,600519,10:58:22,1278.7600,3,2
2026-06-10,600519,10:58:25,1278.7900,5,1
2026-06-10,600519,10:58:28,1278.7600,7,2
2026-06-10,600519,10:58:31,1278.7600,7,2
2026-06-10,600519,10:58:34,1278.7800,3,1
2026-06-10,600519,10:58:37,1278.7800,11,2
2026-06-10,600519,10:58:40,1278.7900,1,1
2026-06-10,600519,10:58:43,1278.7800,11,2
2026-06-10,600519,10:58:46,1278.8000,4,1
2026-06-10,600519,10:58:49,1278.8000,5,2
2026-06-10,600519,10:58:52,1278.7900,6,2
2026-06-10,600519,10:58:55,1278.7900,2,2
2026-06-10,600519,10:58:58,1278.8400,8,1
2026-06-10,600519,10:59:01,1278.7900,2,2
2026-06-10,600519,10:59:04,1278.7900,1,2
2026-06-10,600519,10:59:07,1278.7900,4,2
2026-06-10,600519,10:59:10,1278.8000,2,1
2026-06-10,600519,10:59:13,1278.8101,2,2
2026-06-10,600519,10:59:16,1278.8300,6,1
2026-06-10,600519,10:59:19,1278.8300,1,1
2026-06-10,600519,10:59:22,1278.8101,1,2
2026-06-10,600519,10:59:25,1278.8101,7,2
2026-06-10,600519,10:59:28,1278.8101,1,2
2026-06-10,600519,10:59:31,1278.8101,3,2
2026-06-10,600519,10:59:34,1278.8400,4,1
2026-06-10,600519,10:59:37,1278.8400,6,1
2026-06-10,600519,10:59:40,1278.8199,16,2
2026-06-10,600519,10:59:43,1278.8199,3,2
2026-06-10,600519,10:59:46,1278.8900,9,1
2026-06-10,600519,10:59:49,1278.9000,7,1
2026-06-10,600519,10:59:52,1278.8900,5,2
2026-06-10,600519,10:59:55,1279.0000,11,1
2026-06-10,600519,10:59:58,1278.9000,9,2
2026-06-10,600519,11:00:01,1279.0400,6,1
2026-06-10,600519,11:00:04,1279.0699,3,1
2026-06-10,600519,11:00:07,1279.1300,6,2
2026-06-10,600519,11:00:10,1279.4100,5,1
2026-06-10,600519,11:00:13,1279.5500,7,1
2026-06-10,600519,11:00:16,1279.4301,2,2
2026-06-10,600519,11:00:19,1279.6700,7,1
2026-06-10,600519,11:00:22,1280.0000,31,1
2026-06-10,600519,11:00:25,1280.0000,16,1
2026-06-10,600519,11:00:28,1280.3000,14,1
2026-06-10,600519,11:00:31,1280.5000,22,1
2026-06-10,600519,11:00:34,1280.5100,3,2
2026-06-10,600519,11:00:37,1280.5100,28,2
2026-06-10,600519,11:00:40,1280.7900,1,1
2026-06-10,600519,11:00:43,1280.8199,9,2
2026-06-10,600519,11:00:46,1280.0000,21,2
2026-06-10,600519,11:00:49,1280.8800,4,1
2026-06-10,600519,11:00:52,1280.0000,22,2
2026-06-10,600519,11:00:55,1280.9900,14,1
2026-06-10,600519,11:00:58,1280.0100,1,2
2026-06-10,600519,11:01:01,1280.2900,2,2
2026-06-10,600519,11:01:04,1280.5000,3,1
2026-06-10,600519,11:01:07,1280.0000,21,2
2026-06-10,600519,11:01:10,1280.3000,5,1
2026-06-10,600519,11:01:13,1280.3800,8,1
2026-06-10,600519,11:01:16,1280.2900,6,2
2026-06-10,600519,11:01:19,1280.2900,10,2
2026-06-10,600519,11:01:22,1280.3000,3,2
2026-06-10,600519,11:01:25,1280.0100,13,2
2026-06-10,600519,11:01:28,1280.3000,24,2
2026-06-10,600519,11:01:31,1280.0000,3,2
2026-06-10,600519,11:01:34,1280.0000,13,2
2026-06-10,600519,11:01:37,1280.0000,1,2
2026-06-10,600519,11:01:40,1280.0000,1,2
2026-06-10,600519,11:01:43,1280.0000,3,2
2026-06-10,600519,11:01:46,1280.0000,4,2
2026-06-10,600519,11:01:49,1280.2900,6,1
2026-06-10,600519,11:01:52,1280.2900,15,1
2026-06-10,600519,11:01:55,1280.0000,3,2
2026-06-10,600519,11:01:58,1280.0100,6,1
2026-06-10,600519,11:02:01,1280.0000,6,1
2026-06-10,600519,11:02:04,1280.2000,4,1
2026-06-10,600519,11:02:07,1280.0000,4,2
2026-06-10,600519,11:02:10,1280.2900,4,1
2026-06-10,600519,11:02:13,1280.1500,4,2
2026-06-10,600519,11:02:16,1280.3500,2,1
2026-06-10,600519,11:02:19,1280.3600,4,1
2026-06-10,600519,11:02:22,1280.1700,4,2
2026-06-10,600519,11:02:25,1280.4100,1,1
2026-06-10,600519,11:02:28,1280.4700,3,1
2026-06-10,600519,11:02:31,1280.4100,20,2
2026-06-10,600519,11:02:34,1280.3101,6,2
2026-06-10,600519,11:02:37,1280.3101,3,2
2026-06-10,600519,11:02:40,1280.2900,15,2
2026-06-10,600519,11:02:43,1280.2800,2,1
2026-06-10,600519,11:02:46,1280.1700,6,2
2026-06-10,600519,11:02:49,1280.2900,2,1
2026-06-10,600519,11:02:52,1280.1700,13,2
2026-06-10,600519,11:02:55,1280.2900,2,1
2026-06-10,600519,11:02:58,1280.3000,3,1
2026-06-10,600519,11:03:01,1280.1801,3,2
2026-06-10,600519,11:03:04,1280.1700,23,2
2026-06-10,600519,11:03:07,1280.3101,4,1
2026-06-10,600519,11:03:10,1280.1700,6,2
2026-06-10,600519,11:03:13,1280.2500,6,1
2026-06-10,600519,11:03:16,1280.2300,4,1
