date,code,time,price,volume,bs
2026-04-08,600036,14:06:39,39.5800,32,2
2026-04-08,600036,14:06:42,39.5900,119,1
2026-04-08,600036,14:06:45,39.5900,43,2
2026-04-08,600036,14:06:48,39.5900,30,2
2026-04-08,600036,14:06:51,39.5900,63,2
2026-04-08,600036,14:06:54,39.5900,1,1
2026-04-08,600036,14:06:57,39.5900,50,1
2026-04-08,600036,14:07:00,39.5900,13,1
2026-04-08,600036,14:07:03,39.5900,29,1
2026-04-08,600036,14:07:06,39.5900,52,1
2026-04-08,600036,14:07:09,39.5800,8,2
2026-04-08,600036,14:07:12,39.5800,17,2
2026-04-08,600036,14:07:15,39.5900,76,1
2026-04-08,600036,14:07:18,39.5900,94,1
2026-04-08,600036,14:07:21,39.5700,1276,2
2026-04-08,600036,14:07:24,39.5700,30,2
2026-04-08,600036,14:07:27,39.5700,109,1
2026-04-08,600036,14:07:30,39.5700,6,1
2026-04-08,600036,14:07:33,39.5700,6,1
2026-04-08,600036,14:07:36,39.5600,9,2
2026-04-08,600036,14:07:39,39.5600,77,2
2026-04-08,600036,14:07:42,39.5600,8,2
2026-04-08,600036,14:07:45,39.5600,6,2
2026-04-08,600036,14:07:48,39.5600,50,2
2026-04-08,600036,14:07:51,39.5600,57,2
2026-04-08,600036,14:07:54,39.5600,36,2
2026-04-08,600036,14:07:57,39.5600,33,2
2026-04-08,600036,14:08:00,39.5600,20,2
2026-04-08,600036,14:08:03,39.5600,51,2
2026-04-08,600036,14:08:06,39.5700,24,1
2026-04-08,600036,14:08:09,39.5700,11,1
2026-04-08,600036,14:08:12,39.5600,57,2
2026-04-08,600036,14:08:15,39.5700,382,1
2026-04-08,600036,14:08:18,39.5700,72,2
2026-04-08,600036,14:08:21,39.5700,32,2
2026-04-08,600036,14:08:24,39.5800,14,1
2026-04-08,600036,14:08:27,39.5700,53,2
2026-04-08,600036,14:08:30,39.5700,4,2
2026-04-08,600036,14:08:33,39.5800,61,1
2026-04-08,600036,14:08:36,39.5700,22,2
2026-04-08,600036,14:08:39,39.5800,61,1
2026-04-08,600036,14:08:42,39.5800,28,1
2026-04-08,600036,14:08:45,39.5700,30,2
2026-04-08,600036,14:08:48,39.5800,50,1
2026-04-08,600036,14:08:51,39.5800,19,1
2026-04-08,600036,14:08:54,39.5700,17,2
2026-04-08,600036,14:08:57,39.5700,14,2
2026-04-08,600036,14:09:00,39.5800,9,1
2026-04-08,600036,14:09:03,39.5700,242,2
2026-04-08,600036,14:09:06,39.5700,48,2
2026-04-08,600036,14:09:09,39.5800,69,1
2026-04-08,600036,14:09:12,39.5800,18,1
2026-04-08,600036,14:09:15,39.5800,18,1
2026-04-08,600036,14:09:18,39.5700,16,2
2026-04-08,600036,14:09:21,39.5700,12,2
2026-04-08,600036,14:09:24,39.5800,5,1
2026-04-08,600036,14:09:27,39.5700,9,2
2026-04-08,600036,14:09:30,39.5800,1,1
2026-04-08,600036,14:09:33,39.5800,722,1
2026-04-08,600036,14:09:36,39.5900,63,1
2026-04-08,600036,14:09:39,39.5700,1243,2
2026-04-08,600036,14:09:42,39.5800,113,1
2026-04-08,600036,14:09:45,39.5800,11,1
2026-04-08,600036,14:09:48,39.5700,5,2
2026-04-08,600036,14:09:51,39.5800,17,1
2026-04-08,600036,14:09:54,39.5800,207,1
2026-04-08,600036,14:09:57,39.5800,79,2
2026-04-08,600036,14:10:00,39.5700,40,2
2026-04-08,600036,14:10:03,39.5900,13,1
2026-04-08,600036,14:10:06,39.5800,34,2
2026-04-08,600036,14:10:09,39.5800,396,2
2026-04-08,600036,14:10:12,39.5800,50,2
2026-04-08,600036,14:10:15,39.5800,86,1
2026-04-08,600036,14:10:18,39.5800,51,1
2026-04-08,600036,14:10:21,39.5800,25,1
2026-04-08,600036,14:10:24,39.5700,15,2
2026-04-08,600036,14:10:27,39.5800,39,1
2026-04-08,600036,14:10:30,39.5800,51,1
2026-04-08,600036,14:10:33,39.5900,159,1
2026-04-08,600036,14:10:36,39.5900,49,1
2026-04-08,600036,14:10:39,39.5900,82,1
2026-04-08,600036,14:10:42,39.5800,74,2
2026-04-08,600036,14:10:45,39.5900,273,1
2026-04-08,600036,14:10:48,39.5900,42,2
2026-04-08,600036,14:10:51,39.5900,367,2
2026-04-08,600036,14:10:54,39.5800,388,2
2026-04-08,600036,14:10:57,39.5900,448,1
2026-04-08,600036,14:11:00,39.5800,82,2
2026-04-08,600036,14:11:03,39.5900,80,1
2026-04-08,600036,14:11:06,39.5900,106,1
2026-04-08,600036,14:11:09,39.5900,839,1
2026-04-08,600036,14:11:12,39.5900,155,2
2026-04-08,600036,14:11:15,39.5900,26,2
2026-04-08,600036,14:11:18,39.6000,56,1
2026-04-08,600036,14:11:21,39.5900,79,2
2026-04-08,600036,14:11:24,39.5900,43,2
2026-04-08,600036,14:11:27,39.6000,19,1
2026-04-08,600036,14:11:30,39.6000,5,1
2026-04-08,600036,14:11:33,39.5900,52,2
2026-04-08,600036,14:11:36,39.5900,59,2
2026-04-08,600036,14:11:39,39.6000,76,1
2026-04-08,600036,14:11:42,39.6000,4,1
2026-04-08,600036,14:11:45,39.5900,81,2
2026-04-08,600036,14:11:48,39.6000,105,1
2026-04-08,600036,14:11:51,39.6000,490,1
2026-04-08,600036,14:11:54,39.6100,86,1
2026-04-08,600036,14:11:57,39.6000,103,2
2026-04-08,600036,14:12:00,39.6100,15,1
2026-04-08,600036,14:12:03,39.6100,23,1
2026-04-08,600036,14:12:06,39.6000,48,2
2026-04-08,600036,14:12:09,39.6000,61,2
2026-04-08,600036,14:12:12,39.6000,44,2
2026-04-08,600036,14:12:15,39.6100,415,1
2026-04-08,600036,14:12:18,39.6000,116,2
2026-04-08,600036,14:12:21,39.6000,83,2
2026-04-08,600036,14:12:24,39.6000,36,2
2026-04-08,600036,14:12:27,39.6000,37,2
2026-04-08,600036,14:12:30,39.6000,27,2
2026-04-08,600036,14:12:33,39.6000,31,2
2026-04-08,600036,14:12:36,39.6000,554,2
2026-04-08,600036,14:12:39,39.6000,83,2
2026-04-08,600036,14:12:42,39.6000,16,2
2026-04-08,600036,14:12:45,39.5900,53,2
2026-04-08,600036,14:12:48,39.5900,14,2
2026-04-08,600036,14:12:51,39.6000,112,1
2026-04-08,600036,14:12:54,39.6000,177,1
2026-04-08,600036,14:12:57,39.6000,38,2
2026-04-08,600036,14:13:00,39.6000,498,2
2026-04-08,600036,14:13:03,39.6000,286,4
2026-04-08,600036,14:13:06,39.5900,871,2
2026-04-08,600036,14:13:09,39.5900,8,1
2026-04-08,600036,14:13:12,39.5800,115,2
2026-04-08,600036,14:13:15,39.5800,364,2
2026-04-08,600036,14:13:18,39.5800,71,2
2026-04-08,600036,14:13:21,39.5800,32,2
2026-04-08,600036,14:13:24,39.5800,13,2
2026-04-08,600036,14:13:27,39.5900,100,1
2026-04-08,600036,14:13:30,39.5800,3,2
2026-04-08,600036,14:13:33,39.5800,20,2
2026-04-08,600036,14:13:36,39.5800,67,2
2026-04-08,600036,14:13:39,39.5800,41,2
2026-04-08,600036,14:13:42,39.5800,18,1
2026-04-08,600036,14:13:45,39.5700,13,2
2026-04-08,600036,14:13:48,39.5700,1255,2
2026-04-08,600036,14:13:51,39.5700,3,1
2026-04-08,600036,14:13:54,39.5600,14,2
2026-04-08,600036,14:13:57,39.5600,35,2
2026-04-08,600036,14:14:00,39.5600,53,1
2026-04-08,600036,14:14:03,39.5600,27,1
2026-04-08,600036,14:14:06,39.5600,14,1
2026-04-08,600036,14:14:09,39.5500,19,2
2026-04-08,600036,14:14:12,39.5500,10,2
2026-04-08,600036,14:14:15,39.5600,12,1
2026-04-08,600036,14:14:18,39.5500,3,2
2026-04-08,600036,14:14:21,39.5500,252,2
2026-04-08,600036,14:14:24,39.5500,92,2
2026-04-08,600036,14:14:27,39.5500,29,2
2026-04-08,600036,14:14:30,39.5500,12,2
2026-04-08,600036,14:14:33,39.5500,90,2
2026-04-08,600036,14:14:36,39.5600,474,1
2026-04-08,600036,14:14:39,39.5700,91,1
2026-04-08,600036,14:14:42,39.5600,14,2
2026-04-08,600036,14:14:45,39.5600,3,2
2026-04-08,600036,14:14:48,39.5700,74,1
2026-04-08,600036,14:14:51,39.5600,15,2
2026-04-08,600036,14:14:54,39.5700,109,1
2026-04-08,600036,14:14:57,39.5700,50,1
2026-04-08,600036,14:15:00,39.5700,58,1
2026-04-08,600036,14:15:03,39.5600,109,2
2026-04-08,600036,14:15:06,39.5700,167,1
2026-04-08,600036,14:15:09,39.5600,200,2
2026-04-08,600036,14:15:12,39.5600,687,2
2026-04-08,600036,14:15:15,39.5600,67,2
2026-04-08,600036,14:15:18,39.5500,90,2
2026-04-08,600036,14:15:21,39.5500,44,2
2026-04-08,600036,14:15:24,39.5500,12,2
2026-04-08,600036,14:15:27,39.5500,40,2
2026-04-08,600036,14:15:30,39.5600,112,1
2026-04-08,600036,14:15:33,39.5600,39,1
2026-04-08,600036,14:15:36,39.5600,30,1
2026-04-08,600036,14:15:39,39.5500,63,2
2026-04-08,600036,14:15:42,39.5500,401,2
2026-04-08,600036,14:15:45,39.5500,14,2
2026-04-08,600036,14:15:48,39.5500,40,1
2026-04-08,600036,14:15:51,39.5400,10,2
2026-04-08,600036,14:15:54,39.5400,132,2
2026-04-08,600036,14:15:57,39.5400,216,2
2026-04-08,600036,14:16:00,39.5400,75,2
2026-04-08,600036,14:16:03,39.5400,65,2
2026-04-08,600036,14:16:06,39.5400,73,2
2026-04-08,600036,14:16:09,39.5500,65,1
2026-04-08,600036,14:16:12,39.5400,36,2
2026-04-08,600036,14:16:15,39.5300,170,2
2026-04-08,600036,14:16:18,39.5400,162,1
2026-04-08,600036,14:16:21,39.5400,29,2
2026-04-08,600036,14:16:24,39.5500,19,1
2026-04-08,600036,14:16:27,39.5400,58,2
2026-04-08,600036,14:16:30,39.5400,25,2
2026-04-08,600036,14:16:33,39.5500,3,1
2026-04-08,600036,14:16:36,39.5400,36,2
2026-04-08,600036,14:16:39,39.5400,98,2
2026-04-08,600036,14:16:42,39.5400,331,2
2026-04-08,600036,14:16:45,39.5400,7,2
2026-04-08,600036,14:16:48,39.5500,74,1
2026-04-08,600036,14:16:51,39.5400,512,2
2026-04-08,600036,14:16:54,39.5400,457,2
2026-04-08,600036,14:16:57,39.5400,69,2
2026-04-08,600036,14:17:00,39.5400,51,1
2026-04-08,600036,14:17:03,39.5400,7,1
2026-04-08,600036,14:17:06,39.5400,87,1
2026-04-08,600036,14:17:09,39.5300,177,2
2026-04-08,600036,14:17:12,39.5300,41,2
2026-04-08,600036,14:17:15,39.5200,23,2
2026-04-08,600036,14:17:18,39.5200,117,2
2026-04-08,600036,14:17:21,39.5200,47,2
2026-04-08,600036,14:17:24,39.5200,948,2
2026-04-08,600036,14:17:27,39.5300,141,1
2026-04-08,600036,14:17:30,39.5300,30,2
2026-04-08,600036,14:17:33,39.5300,43,4
2026-04-08,600036,14:17:36,39.5300,19,2
2026-04-08,600036,14:17:39,39.5200,69,2
2026-04-08,600036,14:17:42,39.5200,3,2
2026-04-08,600036,14:17:45,39.5300,90,1
2026-04-08,600036,14:17:48,39.5300,63,2
2026-04-08,600036,14:17:51,39.5300,61,2
2026-04-08,600036,14:17:54,39.5300,20,2
2026-04-08,600036,14:17:57,39.5400,55,1
2026-04-08,600036,14:18:00,39.5400,106,1
2026-04-08,600036,14:18:03,39.5300,172,2
2026-04-08,600036,14:18:06,39.5400,134,1
2026-04-08,600036,14:18:09,39.5400,54,1
2026-04-08,600036,14:18:12,39.5300,153,2
2026-04-08,600036,14:18:15,39.5300,38,2
2026-04-08,600036,14:18:18,39.5300,8,1
2026-04-08,600036,14:18:21,39.5200,46,2
2026-04-08,600036,14:18:24,39.5300,218,1
2026-04-08,600036,14:18:27,39.5300,22,1
2026-04-08,600036,14:18:30,39.5400,461,1
2026-04-08,600036,14:18:33,39.5200,98,2
2026-04-08,600036,14:18:36,39.5200,78,2
2026-04-08,600036,14:18:39,39.5300,2,1
2026-04-08,600036,14:18:42,39.5300,65,1
2026-04-08,600036,14:18:45,39.5200,155,2
2026-04-08,600036,14:18:48,39.5300,24,1
2026-04-08,600036,14:18:51,39.5300,85,1
2026-04-08,600036,14:18:54,39.5400,12,1
2026-04-08,600036,14:18:57,39.5400,15,1
2026-04-08,600036,14:19:00,39.5300,27,2
2026-04-08,600036,14:19:06,39.5300,53,2
2026-04-08,600036,14:19:09,39.5400,44,4
2026-04-08,600036,14:19:12,39.5400,566,2
2026-04-08,600036,14:19:15,39.5400,71,2
2026-04-08,600036,14:19:18,39.5500,90,1
2026-04-08,600036,14:19:21,39.5400,79,2
2026-04-08,600036,14:19:24,39.5400,68,2
2026-04-08,600036,14:19:27,39.5400,57,2
2026-04-08,600036,14:19:30,39.5400,34,2
2026-04-08,600036,14:19:33,39.5500,15,1
2026-04-08,600036,14:19:36,39.5400,25,2
2026-04-08,600036,14:19:39,39.5400,57,2
2026-04-08,600036,14:19:42,39.5400,80,2
2026-04-08,600036,14:19:45,39.5400,138,2
2026-04-08,600036,14:19:48,39.5400,42,2
2026-04-08,600036,14:19:51,39.5500,9,1
2026-04-08,600036,14:19:54,39.5400,15,2
2026-04-08,600036,14:19:57,39.5500,31,1
2026-04-08,600036,14:20:00,39.5500,21,1
2026-04-08,600036,14:20:03,39.5500,13,1
2026-04-08,600036,14:20:06,39.5500,61,1
2026-04-08,600036,14:20:09,39.5500,46,1
2026-04-08,600036,14:20:12,39.5500,11,1
2026-04-08,600036,14:20:15,39.5500,337,1
2026-04-08,600036,14:20:18,39.5400,22,2
2026-04-08,600036,14:20:21,39.5400,23,2
2026-04-08,600036,14:20:27,39.5400,22,2
2026-04-08,600036,14:20:30,39.5500,4,1
2026-04-08,600036,14:20:33,39.5400,15,2
2026-04-08,600036,14:20:36,39.5500,37,1
2026-04-08,600036,14:20:39,39.5500,31,1
2026-04-08,600036,14:20:42,39.5400,91,2
2026-04-08,600036,14:20:45,39.5400,19,2
2026-04-08,600036,14:20:48,39.5500,27,1
2026-04-08,600036,14:20:51,39.5500,103,1
2026-04-08,600036,14:20:54,39.5400,22,2
2026-04-08,600036,14:20:57,39.5400,5,2
2026-04-08,600036,14:21:00,39.5500,21,1
2026-04-08,600036,14:21:03,39.5500,36,1
2026-04-08,600036,14:21:06,39.5400,3,2
2026-04-08,600036,14:21:09,39.5400,290,2
2026-04-08,600036,14:21:12,39.5400,67,2
2026-04-08,600036,14:21:15,39.5500,21,1
2026-04-08,600036,14:21:18,39.5400,17,2
2026-04-08,600036,14:21:21,39.5400,18,2
2026-04-08,600036,14:21:24,39.5400,46,2
2026-04-08,600036,14:21:27,39.5500,62,1
2026-04-08,600036,14:21:30,39.5500,5,1
2026-04-08,600036,14:21:33,39.5500,85,1
2026-04-08,600036,14:21:36,39.5500,122,1
2026-04-08,600036,14:21:39,39.5500,47,1
2026-04-08,600036,14:21:42,39.5500,531,1
2026-04-08,600036,14:21:45,39.5600,134,1
2026-04-08,600036,14:21:48,39.5500,27,2
2026-04-08,600036,14:21:51,39.5600,369,1
2026-04-08,600036,14:21:54,39.5600,38,1
2026-04-08,600036,14:21:57,39.5600,87,1
2026-04-08,600036,14:22:00,39.5600,294,1
2026-04-08,600036,14:22:03,39.5600,73,2
2026-04-08,600036,14:22:06,39.5600,475,1
2026-04-08,600036,14:22:09,39.5600,10,2
2026-04-08,600036,14:22:12,39.5600,19,2
2026-04-08,600036,14:22:15,39.5600,490,2
2026-04-08,600036,14:22:18,39.5700,13,1
2026-04-08,600036,14:22:21,39.5700,16,1
2026-04-08,600036,14:22:24,39.5600,17,2
2026-04-08,600036,14:22:27,39.5700,24,1
2026-04-08,600036,14:22:30,39.5600,38,2
2026-04-08,600036,14:22:33,39.5600,25,2
2026-04-08,600036,14:22:36,39.5600,18,2
2026-04-08,600036,14:22:39,39.5700,1,1
2026-04-08,600036,14:22:42,39.5600,412,2
2026-04-08,600036,14:22:45,39.5600,112,2
2026-04-08,600036,14:22:48,39.5600,144,2
2026-04-08,600036,14:22:51,39.5700,45,1
2026-04-08,600036,14:22:54,39.5600,41,2
2026-04-08,600036,14:22:57,39.5600,58,2
2026-04-08,600036,14:23:00,39.5600,9,2
2026-04-08,600036,14:23:03,39.5700,44,1
2026-04-08,600036,14:23:06,39.5600,84,2
2026-04-08,600036,14:23:09,39.5700,60,1
2026-04-08,600036,14:23:12,39.5600,36,2
2026-04-08,600036,14:23:15,39.5600,62,2
2026-04-08,600036,14:23:18,39.5600,506,2
2026-04-08,600036,14:23:21,39.5600,111,2
2026-04-08,600036,14:23:24,39.5700,3,1
2026-04-08,600036,14:23:27,39.5700,47,1
2026-04-08,600036,14:23:30,39.5600,1,2
2026-04-08,600036,14:23:33,39.5600,13,2
2026-04-08,600036,14:23:36,39.5700,8,1
2026-04-08,600036,14:23:39,39.5600,64,2
2026-04-08,600036,14:23:42,39.5600,26,2
2026-04-08,600036,14:23:45,39.5600,5,2
2026-04-08,600036,14:23:48,39.5700,111,1
2026-04-08,600036,14:23:51,39.5700,53,1
2026-04-08,600036,14:23:54,39.5600,137,2
2026-04-08,600036,14:23:57,39.5600,47,2
2026-04-08,600036,14:24:00,39.5600,34,2
2026-04-08,600036,14:24:03,39.5700,178,1
2026-04-08,600036,14:24:06,39.5700,36,2
2026-04-08,600036,14:24:09,39.5700,24,2
2026-04-08,600036,14:24:12,39.5800,493,1
2026-04-08,600036,14:24:15,39.5800,71,1
2026-04-08,600036,14:24:18,39.5800,36,1
2026-04-08,600036,14:24:21,39.5700,11,2
2026-04-08,600036,14:24:24,39.5700,37,2
2026-04-08,600036,14:24:27,39.5800,8,1
2026-04-08,600036,14:24:33,39.5800,16,1
2026-04-08,600036,14:24:36,39.5700,31,2
2026-04-08,600036,14:24:39,39.5800,41,1
2026-04-08,600036,14:24:42,39.5800,258,1
2026-04-08,600036,14:24:45,39.5800,6,1
2026-04-08,600036,14:24:48,39.5800,336,1
2026-04-08,600036,14:24:51,39.5800,50,1
2026-04-08,600036,14:24:54,39.5700,118,2
2026-04-08,600036,14:24:57,39.5700,13,2
2026-04-08,600036,14:25:00,39.5700,13,2
2026-04-08,600036,14:25:03,39.5800,35,1
2026-04-08,600036,14:25:06,39.5800,6,1
2026-04-08,600036,14:25:09,39.5800,22,1
2026-04-08,600036,14:25:12,39.5800,2,1
2026-04-08,600036,14:25:15,39.5800,52,1
2026-04-08,600036,14:25:18,39.5700,53,2
2026-04-08,600036,14:25:21,39.5800,15,1
2026-04-08,600036,14:25:27,39.5700,77,2
2026-04-08,600036,14:25:30,39.5700,45,2
2026-04-08,600036,14:25:33,39.5800,333,1
2026-04-08,600036,14:25:36,39.5800,52,1
2026-04-08,600036,14:25:39,39.5700,53,2
2026-04-08,600036,14:25:42,39.5700,56,2
2026-04-08,600036,14:25:45,39.5800,40,1
2026-04-08,600036,14:25:48,39.5800,9,1
2026-04-08,600036,14:25:51,39.5800,50,1
2026-04-08,600036,14:25:54,39.5800,25,1
2026-04-08,600036,14:25:57,39.5800,268,1
2026-04-08,600036,14:26:00,39.5700,135,2
2026-04-08,600036,14:26:03,39.5800,90,1
2026-04-08,600036,14:26:06,39.5900,33,1
2026-04-08,600036,14:26:09,39.5800,47,2
2026-04-08,600036,14:26:12,39.5800,4,2
2026-04-08,600036,14:26:15,39.5900,31,1
2026-04-08,600036,14:26:18,39.5800,51,2
2026-04-08,600036,14:26:21,39.5800,36,2
2026-04-08,600036,14:26:24,39.5900,663,1
2026-04-08,600036,14:26:27,39.5800,677,2
2026-04-08,600036,14:26:30,39.5900,41,1
2026-04-08,600036,14:26:33,39.5900,79,1
2026-04-08,600036,14:26:36,39.5800,89,2
2026-04-08,600036,14:26:39,39.5900,115,1
2026-04-08,600036,14:26:42,39.5800,102,2
2026-04-08,600036,14:26:45,39.5900,4,1
2026-04-08,600036,14:26:48,39.5800,40,2
2026-04-08,600036,14:26:51,39.5900,9,1
2026-04-08,600036,14:26:54,39.5800,135,2
2026-04-08,600036,14:26:57,39.5900,262,1
2026-04-08,600036,14:27:00,39.5900,35,1
2026-04-08,600036,14:27:03,39.5900,4,1
2026-04-08,600036,14:27:06,39.5900,14,1
2026-04-08,600036,14:27:12,39.5900,3,1
2026-04-08,600036,14:27:15,39.5800,20,2
2026-04-08,600036,14:27:18,39.5800,36,2
2026-04-08,600036,14:27:21,39.5900,290,1
2026-04-08,600036,14:27:24,39.5900,52,1
2026-04-08,600036,14:27:27,39.5800,8,2
2026-04-08,600036,14:27:33,39.5800,30,2
2026-04-08,600036,14:27:36,39.5800,252,2
2026-04-08,600036,14:27:39,39.5900,206,4
2026-04-08,600036,14:27:42,39.5800,71,2
2026-04-08,600036,14:27:45,39.5900,2,1
2026-04-08,600036,14:27:48,39.5900,24,1
2026-04-08,600036,14:27:51,39.5900,38,1
2026-04-08,600036,14:27:54,39.5900,1,1
2026-04-08,600036,14:27:57,39.5900,2,1
2026-04-08,600036,14:28:00,39.5900,2,1
2026-04-08,600036,14:28:03,39.5800,38,2
2026-04-08,600036,14:28:06,39.5900,8,1
2026-04-08,600036,14:28:09,39.5800,19,2
2026-04-08,600036,14:28:12,39.5800,1278,2
2026-04-08,600036,14:28:15,39.5800,3,1
2026-04-08,600036,14:28:18,39.5900,391,1
2026-04-08,600036,14:28:21,39.5900,7,1
2026-04-08,600036,14:28:24,39.5800,53,2
2026-04-08,600036,14:28:27,39.5800,83,2
2026-04-08,600036,14:28:30,39.5900,96,1
2026-04-08,600036,14:28:33,39.5800,105,2
2026-04-08,600036,14:28:36,39.5800,162,2
2026-04-08,600036,14:28:39,39.5700,70,2
2026-04-08,600036,14:28:42,39.5800,80,1
2026-04-08,600036,14:28:45,39.5700,36,2
2026-04-08,600036,14:28:48,39.5800,10,1
2026-04-08,600036,14:28:51,39.5800,24,1
2026-04-08,600036,14:28:54,39.5800,6,1
2026-04-08,600036,14:28:57,39.5800,4,1
2026-04-08,600036,14:29:00,39.5800,94,1
2026-04-08,600036,14:29:03,39.5800,57,2
2026-04-08,600036,14:29:06,39.5800,66,2
2026-04-08,600036,14:29:09,39.5800,84,2
2026-04-08,600036,14:29:12,39.5800,56,2
2026-04-08,600036,14:29:15,39.5900,91,1
2026-04-08,600036,14:29:18,39.5900,289,1
2026-04-08,600036,14:29:21,39.5900,145,1
2026-04-08,600036,14:29:24,39.5900,110,1
2026-04-08,600036,14:29:27,39.5900,79,2
2026-04-08,600036,14:29:30,39.6000,34,1
2026-04-08,600036,14:29:33,39.6000,2,1
2026-04-08,600036,14:29:36,39.6000,8,1
2026-04-08,600036,14:29:39,39.5900,27,2
2026-04-08,600036,14:29:42,39.5900,59,2
2026-04-08,600036,14:29:45,39.5900,14,2
2026-04-08,600036,14:29:48,39.5900,41,2
2026-04-08,600036,14:29:51,39.5900,43,2
2026-04-08,600036,14:29:54,39.5900,260,2
2026-04-08,600036,14:29:57,39.6000,40,1
2026-04-08,600036,14:30:00,39.6000,17,1
2026-04-08,600036,14:30:03,39.6000,22,1
2026-04-08,600036,14:30:06,39.6000,45,1
2026-04-08,600036,14:30:09,39.5900,31,2
2026-04-08,600036,14:30:12,39.5900,36,2
2026-04-08,600036,14:30:15,39.5900,36,2
2026-04-08,600036,14:30:18,39.6000,335,1
2026-04-08,600036,14:30:21,39.5900,28,2
2026-04-08,600036,14:30:24,39.5900,10,2
2026-04-08,600036,14:30:27,39.6000,36,1
2026-04-08,600036,14:30:30,39.6000,17,1
2026-04-08,600036,14:30:33,39.5900,28,2
2026-04-08,600036,14:30:36,39.5900,28,2
2026-04-08,600036,14:30:39,39.6000,11,1
2026-04-08,600036,14:30:42,39.5900,161,2
2026-04-08,600036,14:30:45,39.5900,298,2
2026-04-08,600036,14:30:48,39.5900,19,2
2026-04-08,600036,14:30:51,39.6000,41,1
2026-04-08,600036,14:30:54,39.6000,113,1
2026-04-08,600036,14:30:57,39.6000,136,1
2026-04-08,600036,14:31:00,39.6000,64,1
2026-04-08,600036,14:31:03,39.6000,197,1
2026-04-08,600036,14:31:06,39.6000,69,4
2026-04-08,600036,14:31:09,39.6000,236,2
2026-04-08,600036,14:31:12,39.6100,752,1
2026-04-08,600036,14:31:15,39.6000,179,2
2026-04-08,600036,14:31:18,39.6000,212,2
2026-04-08,600036,14:31:21,39.6000,12,1
2026-04-08,600036,14:31:24,39.6000,33,1
2026-04-08,600036,14:31:27,39.6000,43,1
2026-04-08,600036,14:31:30,39.6000,3,1
2026-04-08,600036,14:31:33,39.6000,11,1
2026-04-08,600036,14:31:36,39.6000,54,1
2026-04-08,600036,14:31:39,39.6100,402,1
2026-04-08,600036,14:31:42,39.5900,36,2
2026-04-08,600036,14:31:45,39.5900,151,2
2026-04-08,600036,14:31:48,39.6000,1,1
2026-04-08,600036,14:31:54,39.6000,35,1
2026-04-08,600036,14:31:57,39.5900,91,2
2026-04-08,600036,14:32:00,39.6000,8,1
2026-04-08,600036,14:32:03,39.5900,42,2
2026-04-08,600036,14:32:06,39.6000,263,1
2026-04-08,600036,14:32:09,39.5900,58,2
2026-04-08,600036,14:32:12,39.5900,8,2
2026-04-08,600036,14:32:15,39.6000,19,1
2026-04-08,600036,14:32:18,39.6000,83,1
2026-04-08,600036,14:32:21,39.6100,110,1
2026-04-08,600036,14:32:24,39.6000,36,1
2026-04-08,600036,14:32:27,39.6000,29,1
2026-04-08,600036,14:32:30,39.6000,99,1
2026-04-08,600036,14:32:33,39.6000,41,2
2026-04-08,600036,14:32:36,39.5900,303,2
2026-04-08,600036,14:32:39,39.5900,9,2
2026-04-08,600036,14:32:42,39.6000,98,1
2026-04-08,600036,14:32:45,39.6000,142,1
2026-04-08,600036,14:32:48,39.5900,56,2
2026-04-08,600036,14:32:51,39.6000,7,1
2026-04-08,600036,14:32:54,39.6000,200,1
2026-04-08,600036,14:32:57,39.6000,12,1
2026-04-08,600036,14:33:00,39.6000,99,1
2026-04-08,600036,14:33:03,39.6000,264,1
2026-04-08,600036,14:33:06,39.6000,339,1
2026-04-08,600036,14:33:09,39.6000,148,1
2026-04-08,600036,14:33:12,39.5900,191,2
2026-04-08,600036,14:33:15,39.5900,127,2
2026-04-08,600036,14:33:18,39.5900,52,2
2026-04-08,600036,14:33:21,39.5900,45,2
2026-04-08,600036,14:33:24,39.6000,250,1
2026-04-08,600036,14:33:27,39.5900,43,2
2026-04-08,600036,14:33:30,39.6000,17,1
2026-04-08,600036,14:33:33,39.5900,35,2
2026-04-08,600036,14:33:36,39.6000,67,1
2026-04-08,600036,14:33:39,39.5900,253,2
2026-04-08,600036,14:33:42,39.6000,80,1
2026-04-08,600036,14:33:45,39.6000,135,1
2026-04-08,600036,14:33:48,39.6000,369,1
2026-04-08,600036,14:33:51,39.6000,29,1
2026-04-08,600036,14:33:57,39.5900,113,2
2026-04-08,600036,14:34:00,39.6000,24,1
2026-04-08,600036,14:34:03,39.5900,45,2
2026-04-08,600036,14:34:06,39.5900,253,2
2026-04-08,600036,14:34:09,39.6000,147,1
2026-04-08,600036,14:34:12,39.6000,29,1
2026-04-08,600036,14:34:15,39.6000,112,4
2026-04-08,600036,14:34:18,39.6000,37,1
2026-04-08,600036,14:34:21,39.6000,78,2
2026-04-08,600036,14:34:24,39.6100,789,1
2026-04-08,600036,14:34:27,39.6100,14,1
2026-04-08,600036,14:34:30,39.6100,231,1
2026-04-08,600036,14:34:33,39.6100,176,1
2026-04-08,600036,14:34:36,39.6100,247,1
2026-04-08,600036,14:34:39,39.6100,50,1
2026-04-08,600036,14:34:42,39.6100,35,1
2026-04-08,600036,14:34:45,39.6100,87,1
2026-04-08,600036,14:34:48,39.6100,102,1
2026-04-08,600036,14:34:51,39.6100,32,1
2026-04-08,600036,14:34:54,39.6000,76,2
2026-04-08,600036,14:34:57,39.6100,41,1
2026-04-08,600036,14:35:00,39.6100,71,1
2026-04-08,600036,14:35:03,39.6100,308,1
2026-04-08,600036,14:35:06,39.6100,99,1
2026-04-08,600036,14:35:09,39.6100,47,1
2026-04-08,600036,14:35:12,39.6100,127,1
2026-04-08,600036,14:35:15,39.6000,66,2
2026-04-08,600036,14:35:18,39.6100,386,1
2026-04-08,600036,14:35:21,39.6100,7,1
2026-04-08,600036,14:35:24,39.6000,328,2
2026-04-08,600036,14:35:27,39.6000,254,2
2026-04-08,600036,14:35:30,39.6000,115,2
2026-04-08,600036,14:35:33,39.6000,22,2
2026-04-08,600036,14:35:36,39.6100,51,1
2026-04-08,600036,14:35:39,39.6000,78,2
2026-04-08,600036,14:35:42,39.6000,160,2
2026-04-08,600036,14:35:45,39.6000,192,2
2026-04-08,600036,14:35:48,39.6100,114,1
2026-04-08,600036,14:35:51,39.6000,8,2
2026-04-08,600036,14:35:54,39.6000,24,2
2026-04-08,600036,14:35:57,39.6000,57,2
2026-04-08,600036,14:36:00,39.6100,58,1
2026-04-08,600036,14:36:03,39.6100,200,1
2026-04-08,600036,14:36:06,39.6000,177,2
2026-04-08,600036,14:36:09,39.6000,16,2
2026-04-08,600036,14:36:12,39.6100,220,1
2026-04-08,600036,14:36:15,39.6100,84,4
2026-04-08,600036,14:36:18,39.6100,99,2
2026-04-08,600036,14:36:21,39.6100,2,1
2026-04-08,600036,14:36:24,39.6000,79,2
2026-04-08,600036,14:36:27,39.6000,176,2
2026-04-08,600036,14:36:30,39.6000,7,2
2026-04-08,600036,14:36:33,39.6000,83,2
2026-04-08,600036,14:36:36,39.6100,1,1
2026-04-08,600036,14:36:39,39.6000,254,2
2026-04-08,600036,14:36:42,39.6100,44,1
2026-04-08,600036,14:36:45,39.6000,197,2
2026-04-08,600036,14:36:48,39.6100,90,1
2026-04-08,600036,14:36:51,39.6100,19,2
2026-04-08,600036,14:36:54,39.6100,69,2
2026-04-08,600036,14:36:57,39.6100,86,2
2026-04-08,600036,14:37:00,39.6200,6,1
2026-04-08,600036,14:37:03,39.6100,29,2
2026-04-08,600036,14:37:06,39.6100,80,2
2026-04-08,600036,14:37:09,39.6100,180,2
2026-04-08,600036,14:37:12,39.6100,58,2
2026-04-08,600036,14:37:15,39.6100,43,2
2026-04-08,600036,14:37:18,39.6200,9,1
2026-04-08,600036,14:37:21,39.6200,28,1
2026-04-08,600036,14:37:24,39.6100,308,2
2026-04-08,600036,14:37:27,39.6100,104,2
2026-04-08,600036,14:37:30,39.6100,57,2
2026-04-08,600036,14:37:33,39.6200,195,1
2026-04-08,600036,14:37:36,39.6100,314,2
2026-04-08,600036,14:37:39,39.6100,132,2
2026-04-08,600036,14:37:42,39.6100,134,2
2026-04-08,600036,14:37:45,39.6100,35,2
2026-04-08,600036,14:37:48,39.6100,1500,2
2026-04-08,600036,14:37:51,39.6100,130,2
2026-04-08,600036,14:37:54,39.6200,129,1
2026-04-08,600036,14:37:57,39.6100,5,2
2026-04-08,600036,14:38:00,39.6100,189,2
2026-04-08,600036,14:38:03,39.6200,11,1
2026-04-08,600036,14:38:06,39.6100,66,2
2026-04-08,600036,14:38:09,39.6100,26,2
2026-04-08,600036,14:38:12,39.6100,124,2
2026-04-08,600036,14:38:15,39.6200,13,1
2026-04-08,600036,14:38:18,39.6100,90,2
2026-04-08,600036,14:38:21,39.6100,27,2
2026-04-08,600036,14:38:24,39.6100,23,2
2026-04-08,600036,14:38:27,39.6100,41,2
2026-04-08,600036,14:38:30,39.6100,87,2
2026-04-08,600036,14:38:33,39.6100,396,2
2026-04-08,600036,14:38:36,39.6100,119,2
2026-04-08,600036,14:38:39,39.6100,253,2
2026-04-08,600036,14:38:42,39.6100,67,2
2026-04-08,600036,14:38:45,39.6100,94,2
2026-04-08,600036,14:38:48,39.6100,116,2
2026-04-08,600036,14:38:51,39.6200,414,1
2026-04-08,600036,14:38:54,39.6100,30,2
2026-04-08,600036,14:38:57,39.6200,789,1
2026-04-08,600036,14:39:00,39.6200,429,1
2026-04-08,600036,14:39:03,39.6200,139,1
2026-04-08,600036,14:39:06,39.6100,81,2
2026-04-08,600036,14:39:09,39.6200,58,1
2026-04-08,600036,14:39:12,39.6200,97,1
2026-04-08,600036,14:39:15,39.6200,993,2
2026-04-08,600036,14:39:18,39.6200,96,2
2026-04-08,600036,14:39:21,39.6200,167,2
2026-04-08,600036,14:39:24,39.6300,150,1
2026-04-08,600036,14:39:27,39.6200,70,2
2026-04-08,600036,14:39:30,39.6200,142,2
2026-04-08,600036,14:39:33,39.6200,47,2
2026-04-08,600036,14:39:36,39.6200,1285,2
2026-04-08,600036,14:39:39,39.6200,72,2
2026-04-08,600036,14:39:42,39.6100,720,2
2026-04-08,600036,14:39:45,39.6200,55,1
2026-04-08,600036,14:39:48,39.6100,92,2
2026-04-08,600036,14:39:51,39.6100,161,1
2026-04-08,600036,14:39:54,39.6000,33,2
2026-04-08,600036,14:39:57,39.6100,55,1
2026-04-08,600036,14:40:00,39.6100,122,1
2026-04-08,600036,14:40:03,39.6000,48,2
2026-04-08,600036,14:40:06,39.6000,171,2
2026-04-08,600036,14:40:09,39.6000,175,2
2026-04-08,600036,14:40:12,39.6000,129,2
2026-04-08,600036,14:40:15,39.6000,86,1
2026-04-08,600036,14:40:18,39.6000,78,2
2026-04-08,600036,14:40:21,39.6000,33,2
2026-04-08,600036,14:40:24,39.6000,94,2
2026-04-08,600036,14:40:27,39.6000,133,2
2026-04-08,600036,14:40:30,39.6000,42,2
2026-04-08,600036,14:40:33,39.6100,86,1
2026-04-08,600036,14:40:36,39.6100,81,1
2026-04-08,600036,14:40:39,39.6100,58,1
2026-04-08,600036,14:40:42,39.6000,70,2
2026-04-08,600036,14:40:45,39.6000,26,2
2026-04-08,600036,14:40:48,39.6000,48,2
2026-04-08,600036,14:40:51,39.6100,30,1
2026-04-08,600036,14:40:54,39.6100,29,1
2026-04-08,600036,14:40:57,39.6100,87,1
2026-04-08,600036,14:41:00,39.6100,80,1
2026-04-08,600036,14:41:03,39.6000,16,2
2026-04-08,600036,14:41:06,39.6100,61,1
2026-04-08,600036,14:41:09,39.6000,27,2
2026-04-08,600036,14:41:12,39.6100,20,1
2026-04-08,600036,14:41:15,39.6000,27,2
2026-04-08,600036,14:41:18,39.6000,13,2
2026-04-08,600036,14:41:24,39.6000,23,2
2026-04-08,600036,14:41:27,39.6100,290,1
2026-04-08,600036,14:41:30,39.6000,77,2
2026-04-08,600036,14:41:33,39.6100,327,1
2026-04-08,600036,14:41:36,39.6100,176,1
2026-04-08,600036,14:41:39,39.6100,148,1
2026-04-08,600036,14:41:42,39.6200,58,1
2026-04-08,600036,14:41:45,39.6200,124,1
2026-04-08,600036,14:41:48,39.6200,144,1
2026-04-08,600036,14:41:51,39.6100,68,2
2026-04-08,600036,14:41:54,39.6100,295,2
2026-04-08,600036,14:41:57,39.6100,18,2
2026-04-08,600036,14:42:00,39.6200,243,1
2026-04-08,600036,14:42:03,39.6200,63,1
2026-04-08,600036,14:42:06,39.6100,137,2
2026-04-08,600036,14:42:09,39.6100,27,2
2026-04-08,600036,14:42:12,39.6200,301,1
2026-04-08,600036,14:42:15,39.6200,74,1
2026-04-08,600036,14:42:18,39.6200,50,2
2026-04-08,600036,14:42:21,39.6200,302,2
2026-04-08,600036,14:42:24,39.6200,158,2
2026-04-08,600036,14:42:27,39.6200,222,2
2026-04-08,600036,14:42:30,39.6300,337,1
2026-04-08,600036,14:42:33,39.6200,34,2
2026-04-08,600036,14:42:36,39.6200,76,2
2026-04-08,600036,14:42:39,39.6200,339,2
2026-04-08,600036,14:42:42,39.6200,100,2
2026-04-08,600036,14:42:45,39.6200,7,2
2026-04-08,600036,14:42:48,39.6200,41,2
2026-04-08,600036,14:42:51,39.6200,14,2
2026-04-08,600036,14:42:54,39.6300,5,1
2026-04-08,600036,14:42:57,39.6200,99,2
2026-04-08,600036,14:43:00,39.6300,126,1
2026-04-08,600036,14:43:03,39.6200,276,2
2026-04-08,600036,14:43:06,39.6200,145,2
2026-04-08,600036,14:43:09,39.6300,178,1
2026-04-08,600036,14:43:12,39.6300,52,1
2026-04-08,600036,14:43:15,39.6300,41,1
2026-04-08,600036,14:43:18,39.6300,10,1
2026-04-08,600036,14:43:21,39.6300,41,1
2026-04-08,600036,14:43:24,39.6300,420,1
2026-04-08,600036,14:43:27,39.6200,18,2
2026-04-08,600036,14:43:30,39.6200,1348,2
2026-04-08,600036,14:43:33,39.6300,190,1
2026-04-08,600036,14:43:36,39.6300,67,1
2026-04-08,600036,14:43:39,39.6200,81,2
2026-04-08,600036,14:43:42,39.6200,91,2
2026-04-08,600036,14:43:45,39.6200,234,2
2026-04-08,600036,14:43:48,39.6300,360,1
2026-04-08,600036,14:43:51,39.6300,179,2
2026-04-08,600036,14:43:54,39.6400,29,1
2026-04-08,600036,14:43:57,39.6300,149,2
2026-04-08,600036,14:44:00,39.6400,37,1
2026-04-08,600036,14:44:03,39.6300,1047,2
2026-04-08,600036,14:44:06,39.6200,106,2
2026-04-08,600036,14:44:09,39.6200,609,2
2026-04-08,600036,14:44:12,39.6100,1216,2
2026-04-08,600036,14:44:15,39.6100,116,2
2026-04-08,600036,14:44:18,39.6100,75,2
2026-04-08,600036,14:44:21,39.6200,140,1
2026-04-08,600036,14:44:24,39.6200,239,2
2026-04-08,600036,14:44:27,39.6200,787,2
2026-04-08,600036,14:44:30,39.6200,24,1
2026-04-08,600036,14:44:33,39.6200,116,1
2026-04-08,600036,14:44:36,39.6300,44,1
2026-04-08,600036,14:44:39,39.6300,56,1
2026-04-08,600036,14:44:42,39.6300,33,1
2026-04-08,600036,14:44:45,39.6200,6,2
2026-04-08,600036,14:44:48,39.6200,69,2
2026-04-08,600036,14:44:51,39.6200,739,2
2026-04-08,600036,14:44:54,39.6100,305,2
2026-04-08,600036,14:44:57,39.6100,160,2
2026-04-08,600036,14:45:00,39.6200,904,1
2026-04-08,600036,14:45:03,39.6100,442,2
2026-04-08,600036,14:45:06,39.6200,268,1
2026-04-08,600036,14:45:09,39.6200,61,2
2026-04-08,600036,14:45:12,39.6200,38,2
2026-04-08,600036,14:45:15,39.6200,114,2
2026-04-08,600036,14:45:18,39.6300,47,1
2026-04-08,600036,14:45:21,39.6200,100,2
2026-04-08,600036,14:45:24,39.6200,139,2
2026-04-08,600036,14:45:27,39.6200,136,2
2026-04-08,600036,14:45:30,39.6200,61,2
2026-04-08,600036,14:45:33,39.6200,347,2
2026-04-08,600036,14:45:36,39.6200,315,2
2026-04-08,600036,14:45:39,39.6200,142,2
2026-04-08,600036,14:45:42,39.6200,54,2
2026-04-08,600036,14:45:45,39.6300,77,1
2026-04-08,600036,14:45:48,39.6200,206,2
2026-04-08,600036,14:45:51,39.6200,65,2
2026-04-08,600036,14:45:54,39.6200,1064,2
2026-04-08,600036,14:45:57,39.6100,104,2
2026-04-08,600036,14:46:00,39.6200,80,1
2026-04-08,600036,14:46:03,39.6200,76,1
2026-04-08,600036,14:46:06,39.6100,170,2
2026-04-08,600036,14:46:09,39.6200,162,1
2026-04-08,600036,14:46:12,39.6100,189,2
2026-04-08,600036,14:46:15,39.6000,108,2
2026-04-08,600036,14:46:18,39.6100,68,1
2026-04-08,600036,14:46:21,39.6100,137,1
2026-04-08,600036,14:46:24,39.6100,181,2
2026-04-08,600036,14:46:27,39.6100,43,2
2026-04-08,600036,14:46:30,39.6100,49,2
2026-04-08,600036,14:46:33,39.6100,105,1
2026-04-08,600036,14:46:36,39.6100,71,2
2026-04-08,600036,14:46:39,39.6100,167,2
2026-04-08,600036,14:46:42,39.6100,45,4
2026-04-08,600036,14:46:45,39.6200,56,1
2026-04-08,600036,14:46:48,39.6100,86,2
2026-04-08,600036,14:46:51,39.6100,163,2
2026-04-08,600036,14:46:54,39.6100,36,1
2026-04-08,600036,14:46:57,39.6000,87,2
2026-04-08,600036,14:47:00,39.6100,114,1
2026-04-08,600036,14:47:03,39.6100,78,1
2026-04-08,600036,14:47:06,39.6100,126,1
2026-04-08,600036,14:47:09,39.6000,91,2
2026-04-08,600036,14:47:12,39.6000,162,2
2026-04-08,600036,14:47:15,39.6000,251,2
2026-04-08,600036,14:47:18,39.6000,196,2
2026-04-08,600036,14:47:21,39.6000,143,1
2026-04-08,600036,14:47:24,39.6000,299,1
2026-04-08,600036,14:47:27,39.6000,130,2
2026-04-08,600036,14:47:30,39.6000,58,1
2026-04-08,600036,14:47:33,39.6000,171,1
2026-04-08,600036,14:47:36,39.6000,78,2
2026-04-08,600036,14:47:39,39.6000,47,1
2026-04-08,600036,14:47:42,39.5900,128,2
2026-04-08,600036,14:47:45,39.6000,144,1
2026-04-08,600036,14:47:48,39.6000,32,1
2026-04-08,600036,14:47:51,39.6000,53,1
2026-04-08,600036,14:47:54,39.6000,129,1
2026-04-08,600036,14:47:57,39.6000,62,1
2026-04-08,600036,14:48:00,39.5900,114,2
2026-04-08,600036,14:48:03,39.6100,190,1
2026-04-08,600036,14:48:06,39.6000,142,2
2026-04-08,600036,14:48:09,39.5900,127,2
2026-04-08,600036,14:48:12,39.6000,214,1
2026-04-08,600036,14:48:15,39.6000,134,1
2026-04-08,600036,14:48:18,39.6000,180,1
2026-04-08,600036,14:48:21,39.5900,48,2
2026-04-08,600036,14:48:24,39.5900,88,2
2026-04-08,600036,14:48:27,39.6000,317,1
2026-04-08,600036,14:48:30,39.6000,340,1
2026-04-08,600036,14:48:33,39.5900,146,2
2026-04-08,600036,14:48:36,39.5900,96,2
2026-04-08,600036,14:48:39,39.5900,77,1
2026-04-08,600036,14:48:42,39.6000,143,1
2026-04-08,600036,14:48:45,39.5800,113,2
2026-04-08,600036,14:48:48,39.6000,67,1
2026-04-08,600036,14:48:51,39.5900,71,2
2026-04-08,600036,14:48:54,39.6000,106,1
2026-04-08,600036,14:48:57,39.6000,118,1
2026-04-08,600036,14:49:00,39.6000,36,1
2026-04-08,600036,14:49:03,39.6000,141,1
2026-04-08,600036,14:49:06,39.6000,50,2
2026-04-08,600036,14:49:09,39.6000,111,2
2026-04-08,600036,14:49:12,39.6000,337,2
2026-04-08,600036,14:49:15,39.6000,168,2
2026-04-08,600036,14:49:18,39.6000,234,2
2026-04-08,600036,14:49:21,39.6000,68,2
2026-04-08,600036,14:49:24,39.6000,94,2
2026-04-08,600036,14:49:27,39.6000,137,1
2026-04-08,600036,14:49:30,39.5900,95,2
2026-04-08,600036,14:49:33,39.6000,68,1
2026-04-08,600036,14:49:36,39.6100,283,1
2026-04-08,600036,14:49:39,39.6100,152,1
2026-04-08,600036,14:49:42,39.6000,123,2
2026-04-08,600036,14:49:45,39.6000,172,1
2026-04-08,600036,14:49:48,39.6000,175,1
2026-04-08,600036,14:49:51,39.5900,219,2
2026-04-08,600036,14:49:54,39.5900,179,1
2026-04-08,600036,14:49:57,39.5900,70,1
2026-04-08,600036,14:50:00,39.5900,168,1
2026-04-08,600036,14:50:03,39.5800,472,2
2026-04-08,600036,14:50:06,39.5900,332,1
2026-04-08,600036,14:50:09,39.5900,298,1
2026-04-08,600036,14:50:12,39.5800,40,1
2026-04-08,600036,14:50:15,39.5800,115,1
2026-04-08,600036,14:50:18,39.5800,335,2
2026-04-08,600036,14:50:21,39.5800,280,2
2026-04-08,600036,14:50:24,39.5700,174,2
2026-04-08,600036,14:50:27,39.5800,184,1
2026-04-08,600036,14:50:30,39.5800,196,2
2026-04-08,600036,14:50:33,39.5700,27,2
2026-04-08,600036,14:50:36,39.5900,144,1
2026-04-08,600036,14:50:39,39.5900,98,1
2026-04-08,600036,14:50:42,39.5800,87,2
2026-04-08,600036,14:50:45,39.5900,180,1
2026-04-08,600036,14:50:48,39.5800,36,4
2026-04-08,600036,14:50:51,39.5800,235,1
2026-04-08,600036,14:50:54,39.5700,73,2
2026-04-08,600036,14:50:57,39.5800,259,1
2026-04-08,600036,14:51:00,39.5800,245,2
2026-04-08,600036,14:51:03,39.5700,244,1
2026-04-08,600036,14:51:06,39.5600,394,2
2026-04-08,600036,14:51:09,39.5500,289,2
2026-04-08,600036,14:51:12,39.5500,106,2
2026-04-08,600036,14:51:15,39.5500,444,2
2026-04-08,600036,14:51:18,39.5600,252,1
2026-04-08,600036,14:51:21,39.5600,94,1
2026-04-08,600036,14:51:24,39.5600,157,1
2026-04-08,600036,14:51:27,39.5600,62,2
2026-04-08,600036,14:51:30,39.5600,110,1
2026-04-08,600036,14:51:33,39.5600,39,1
2026-04-08,600036,14:51:36,39.5500,89,2
2026-04-08,600036,14:51:39,39.5500,83,2
2026-04-08,600036,14:51:42,39.5600,200,1
2026-04-08,600036,14:51:45,39.5600,111,1
2026-04-08,600036,14:51:48,39.5500,210,2
2026-04-08,600036,14:51:51,39.5400,195,2
2026-04-08,600036,14:51:54,39.5500,191,1
2026-04-08,600036,14:51:57,39.5500,449,1
2026-04-08,600036,14:52:00,39.5500,62,1
2026-04-08,600036,14:52:03,39.5500,154,1
2026-04-08,600036,14:52:06,39.5400,203,2
2026-04-08,600036,14:52:09,39.5500,153,1
2026-04-08,600036,14:52:12,39.5400,199,2
2026-04-08,600036,14:52:15,39.5400,374,2
2026-04-08,600036,14:52:18,39.5500,512,1
2026-04-08,600036,14:52:21,39.5500,287,1
2026-04-08,600036,14:52:24,39.5400,334,2
2026-04-08,600036,14:52:27,39.5500,240,1
2026-04-08,600036,14:52:30,39.5500,342,1
2026-04-08,600036,14:52:33,39.5500,259,2
2026-04-08,600036,14:52:36,39.5300,202,2
2026-04-08,600036,14:52:39,39.5300,148,2
2026-04-08,600036,14:52:42,39.5300,327,2
2026-04-08,600036,14:52:45,39.5400,225,1
2026-04-08,600036,14:52:48,39.5400,159,1
2026-04-08,600036,14:52:51,39.5400,249,1
2026-04-08,600036,14:52:54,39.5400,33,1
2026-04-08,600036,14:52:57,39.5400,136,1
2026-04-08,600036,14:53:00,39.5300,183,2
2026-04-08,600036,14:53:03,39.5400,1253,2
2026-04-08,600036,14:53:06,39.5400,143,1
2026-04-08,600036,14:53:09,39.5200,452,2
2026-04-08,600036,14:53:12,39.5200,475,2
2026-04-08,600036,14:53:15,39.5200,99,2
2026-04-08,600036,14:53:18,39.5200,120,1
2026-04-08,600036,14:53:21,39.5200,182,1
2026-04-08,600036,14:53:24,39.5200,213,1
2026-04-08,600036,14:53:27,39.5200,168,2
2026-04-08,600036,14:53:30,39.5300,84,1
2026-04-08,600036,14:53:33,39.5300,186,1
2026-04-08,600036,14:53:36,39.5300,150,1
2026-04-08,600036,14:53:39,39.5300,156,1
2026-04-08,600036,14:53:42,39.5200,225,2
2026-04-08,600036,14:53:45,39.5300,113,1
2026-04-08,600036,14:53:48,39.5200,429,2
2026-04-08,600036,14:53:51,39.5200,164,2
2026-04-08,600036,14:53:54,39.5300,111,1
2026-04-08,600036,14:53:57,39.5200,207,2
2026-04-08,600036,14:54:00,39.5300,52,1
2026-04-08,600036,14:54:03,39.5300,458,2
2026-04-08,600036,14:54:06,39.5300,202,2
2026-04-08,600036,14:54:09,39.5200,155,2
2026-04-08,600036,14:54:12,39.5200,272,2
2026-04-08,600036,14:54:15,39.5200,121,2
2026-04-08,600036,14:54:18,39.5200,112,2
2026-04-08,600036,14:54:21,39.5300,36,1
2026-04-08,600036,14:54:24,39.5200,402,2
2026-04-08,600036,14:54:27,39.5200,78,2
2026-04-08,600036,14:54:30,39.5400,518,1
2026-04-08,600036,14:54:33,39.5200,201,2
2026-04-08,600036,14:54:36,39.5300,645,1
2026-04-08,600036,14:54:39,39.5400,53,1
2026-04-08,600036,14:54:42,39.5300,38,2
2026-04-08,600036,14:54:45,39.5300,130,2
2026-04-08,600036,14:54:48,39.5300,98,2
2026-04-08,600036,14:54:51,39.5300,82,2
2026-04-08,600036,14:54:54,39.5300,19,2
2026-04-08,600036,14:54:57,39.5300,392,2
2026-04-08,600036,14:55:00,39.5300,58,1
2026-04-08,600036,14:55:03,39.5200,635,2
2026-04-08,600036,14:55:06,39.5400,185,1
2026-04-08,600036,14:55:09,39.5300,347,2
2026-04-08,600036,14:55:12,39.5300,155,1
2026-04-08,600036,14:55:15,39.5100,200,2
2026-04-08,600036,14:55:18,39.5400,126,1
2026-04-08,600036,14:55:21,39.5300,117,2
2026-04-08,600036,14:55:24,39.5200,152,2
2026-04-08,600036,14:55:27,39.5400,212,1
2026-04-08,600036,14:55:30,39.5400,93,1
2026-04-08,600036,14:55:33,39.5300,448,2
2026-04-08,600036,14:55:36,39.5300,88,2
2026-04-08,600036,14:55:39,39.5400,87,1
2026-04-08,600036,14:55:42,39.5300,64,2
2026-04-08,600036,14:55:45,39.5300,531,2
2026-04-08,600036,14:55:48,39.5400,123,1
2026-04-08,600036,14:55:51,39.5300,118,2
2026-04-08,600036,14:55:54,39.5500,169,1
2026-04-08,600036,14:55:57,39.5400,106,2
2026-04-08,600036,14:56:00,39.5500,198,1
2026-04-08,600036,14:56:03,39.5500,707,1
2026-04-08,600036,14:56:06,39.5600,135,1
2026-04-08,600036,14:56:09,39.5500,173,2
2026-04-08,600036,14:56:12,39.5500,198,2
2026-04-08,600036,14:56:15,39.5600,127,4
2026-04-08,600036,14:56:18,39.5600,246,1
2026-04-08,600036,14:56:21,39.5600,108,1
2026-04-08,600036,14:56:24,39.5600,199,1
2026-04-08,600036,14:56:27,39.5600,123,4
2026-04-08,600036,14:56:30,39.5600,120,1
2026-04-08,600036,14:56:33,39.5700,154,1
2026-04-08,600036,14:56:36,39.5500,115,2
2026-04-08,600036,14:56:39,39.5500,98,2
2026-04-08,600036,14:56:42,39.5500,89,1
2026-04-08,600036,14:56:45,39.5500,16,2
2026-04-08,600036,14:56:48,39.5400,97,2
2026-04-08,600036,14:56:51,39.5500,65,1
2026-04-08,600036,14:56:54,39.5400,84,2
2026-04-08,600036,14:56:57,39.5600,87,1
2026-04-08,600036,14:57:00,39.5500,22,4
2026-04-08,600036,15:00:04,39.6200,11503,4
2026-04-08,600036,13:15:45,39.4400,82,2
2026-04-08,600036,13:15:48,39.4200,96,2
2026-04-08,600036,13:15:51,39.4300,29,2
2026-04-08,600036,13:15:54,39.4200,69,2
2026-04-08,600036,13:15:57,39.4300,43,4
2026-04-08,600036,13:16:00,39.4400,21,1
2026-04-08,600036,13:16:03,39.4400,25,1
2026-04-08,600036,13:16:06,39.4400,70,1
2026-04-08,600036,13:16:09,39.4400,34,1
2026-04-08,600036,13:16:12,39.4400,16,1
2026-04-08,600036,13:16:15,39.4300,21,2
2026-04-08,600036,13:16:18,39.4400,73,1
2026-04-08,600036,13:16:21,39.4300,71,2
2026-04-08,600036,13:16:24,39.4300,145,1
2026-04-08,600036,13:16:27,39.4300,127,1
2026-04-08,600036,13:16:30,39.4400,91,1
2026-04-08,600036,13:16:33,39.4300,43,2
2026-04-08,600036,13:16:36,39.4400,34,1
2026-04-08,600036,13:16:39,39.4300,9,2
2026-04-08,600036,13:16:42,39.4400,50,1
2026-04-08,600036,13:16:45,39.4300,103,2
2026-04-08,600036,13:16:48,39.4300,24,2
2026-04-08,600036,13:16:51,39.4400,5,1
2026-04-08,600036,13:16:54,39.4400,44,1
2026-04-08,600036,13:16:57,39.4300,23,2
2026-04-08,600036,13:17:00,39.4300,47,2
2026-04-08,600036,13:17:03,39.4300,23,2
2026-04-08,600036,13:17:06,39.4300,36,2
2026-04-08,600036,13:17:09,39.4300,78,2
2026-04-08,600036,13:17:12,39.4300,41,2
2026-04-08,600036,13:17:15,39.4400,67,1
2026-04-08,600036,13:17:18,39.4300,38,2
2026-04-08,600036,13:17:21,39.4400,12,1
2026-04-08,600036,13:17:24,39.4300,16,2
2026-04-08,600036,13:17:27,39.4300,7,2
2026-04-08,600036,13:17:30,39.4300,258,2
2026-04-08,600036,13:17:33,39.4300,198,1
2026-04-08,600036,13:17:36,39.4300,197,1
2026-04-08,600036,13:17:39,39.4300,97,4
2026-04-08,600036,13:17:42,39.4300,56,1
2026-04-08,600036,13:17:45,39.4300,31,2
2026-04-08,600036,13:17:48,39.4400,123,1
2026-04-08,600036,13:17:51,39.4400,15,4
2026-04-08,600036,13:17:54,39.4500,69,1
2026-04-08,600036,13:17:57,39.4400,50,2
2026-04-08,600036,13:18:00,39.4400,15,2
2026-04-08,600036,13:18:03,39.4400,51,1
2026-04-08,600036,13:18:06,39.4500,90,1
2026-04-08,600036,13:18:09,39.4500,35,1
2026-04-08,600036,13:18:12,39.4300,107,2
2026-04-08,600036,13:18:15,39.4300,445,2
2026-04-08,600036,13:18:18,39.4500,101,1
2026-04-08,600036,13:18:21,39.4400,26,1
2026-04-08,600036,13:18:24,39.4400,33,1
2026-04-08,600036,13:18:27,39.4300,269,2
2026-04-08,600036,13:18:30,39.4300,52,1
2026-04-08,600036,13:18:33,39.4300,16,2
2026-04-08,600036,13:18:36,39.4400,30,1
2026-04-08,600036,13:18:39,39.4200,129,2
2026-04-08,600036,13:18:42,39.4400,46,1
2026-04-08,600036,13:18:45,39.4500,16,1
2026-04-08,600036,13:18:48,39.4300,10,2
2026-04-08,600036,13:18:51,39.4400,3,1
2026-04-08,600036,13:18:54,39.4400,54,1
2026-04-08,600036,13:18:57,39.4300,24,2
2026-04-08,600036,13:19:00,39.4400,8,1
2026-04-08,600036,13:19:03,39.4300,153,2
2026-04-08,600036,13:19:06,39.4400,39,1
2026-04-08,600036,13:19:09,39.4300,14,2
2026-04-08,600036,13:19:12,39.4400,3,1
2026-04-08,600036,13:19:15,39.4400,31,1
2026-04-08,600036,13:19:18,39.4300,18,2
2026-04-08,600036,13:19:21,39.4300,2,2
2026-04-08,600036,13:19:24,39.4300,302,2
2026-04-08,600036,13:19:27,39.4300,96,2
2026-04-08,600036,13:19:30,39.4300,20,2
2026-04-08,600036,13:19:33,39.4300,30,2
2026-04-08,600036,13:19:36,39.4300,25,2
2026-04-08,600036,13:19:39,39.4300,15,2
2026-04-08,600036,13:19:42,39.4300,33,2
2026-04-08,600036,13:19:45,39.4400,537,1
2026-04-08,600036,13:19:48,39.4300,139,2
2026-04-08,600036,13:19:51,39.4300,30,2
2026-04-08,600036,13:19:54,39.4400,70,1
2026-04-08,600036,13:19:57,39.4300,13,2
2026-04-08,600036,13:20:00,39.4300,4,2
2026-04-08,600036,13:20:03,39.4300,69,2
2026-04-08,600036,13:20:06,39.4300,21,2
2026-04-08,600036,13:20:09,39.4300,77,2
2026-04-08,600036,13:20:12,39.4300,306,2
2026-04-08,600036,13:20:15,39.4500,159,1
2026-04-08,600036,13:20:18,39.4400,152,2
2026-04-08,600036,13:20:21,39.4400,32,2
2026-04-08,600036,13:20:24,39.4400,14,2
2026-04-08,600036,13:20:27,39.4500,15,1
2026-04-08,600036,13:20:30,39.4500,293,1
2026-04-08,600036,13:20:33,39.4500,40,2
2026-04-08,600036,13:20:36,39.4500,20,2
2026-04-08,600036,13:20:39,39.4500,60,2
2026-04-08,600036,13:20:42,39.4600,19,1
2026-04-08,600036,13:20:45,39.4500,71,2
2026-04-08,600036,13:20:48,39.4500,13,2
2026-04-08,600036,13:20:51,39.4400,53,2
2026-04-08,600036,13:20:54,39.4500,25,4
2026-04-08,600036,13:20:57,39.4500,69,2
2026-04-08,600036,13:21:00,39.4400,59,2
2026-04-08,600036,13:21:03,39.4500,159,4
2026-04-08,600036,13:21:06,39.4500,47,2
2026-04-08,600036,13:21:09,39.4500,4,2
2026-04-08,600036,13:21:12,39.4600,44,1
2026-04-08,600036,13:21:15,39.4500,30,2
2026-04-08,600036,13:21:18,39.4600,89,1
2026-04-08,600036,13:21:21,39.4500,47,2
2026-04-08,600036,13:21:24,39.4600,17,1
2026-04-08,600036,13:21:27,39.4400,86,2
2026-04-08,600036,13:21:30,39.4400,17,2
2026-04-08,600036,13:21:33,39.4400,27,2
2026-04-08,600036,13:21:36,39.4500,32,1
2026-04-08,600036,13:21:39,39.4400,103,2
2026-04-08,600036,13:21:42,39.4400,97,2
2026-04-08,600036,13:21:45,39.4400,33,2
2026-04-08,600036,13:21:48,39.4500,10,1
2026-04-08,600036,13:21:51,39.4400,40,2
2026-04-08,600036,13:21:54,39.4500,4,1
2026-04-08,600036,13:21:57,39.4500,65,1
2026-04-08,600036,13:22:00,39.4500,1,2
2026-04-08,600036,13:22:03,39.4600,36,1
2026-04-08,600036,13:22:06,39.4600,6,1
2026-04-08,600036,13:22:12,39.4600,103,1
2026-04-08,600036,13:22:15,39.4600,51,1
2026-04-08,600036,13:22:18,39.4700,2,1
2026-04-08,600036,13:22:21,39.4700,141,1
2026-04-08,600036,13:22:24,39.4700,12,1
2026-04-08,600036,13:22:27,39.4700,11,1
2026-04-08,600036,13:22:30,39.4800,240,1
2026-04-08,600036,13:22:33,39.4800,10,1
2026-04-08,600036,13:22:36,39.4800,16,1
2026-04-08,600036,13:22:39,39.4800,12,1
2026-04-08,600036,13:22:42,39.4800,41,1
2026-04-08,600036,13:22:45,39.4700,120,2
2026-04-08,600036,13:22:48,39.4800,21,2
2026-04-08,600036,13:22:51,39.4900,60,1
2026-04-08,600036,13:22:54,39.4800,36,1
2026-04-08,600036,13:22:57,39.4800,8,1
2026-04-08,600036,13:23:00,39.4700,49,2
2026-04-08,600036,13:23:03,39.4800,51,2
2026-04-08,600036,13:23:06,39.4800,16,1
2026-04-08,600036,13:23:09,39.4700,86,2
2026-04-08,600036,13:23:12,39.4800,43,1
2026-04-08,600036,13:23:15,39.4800,9,1
2026-04-08,600036,13:23:18,39.4700,21,2
2026-04-08,600036,13:23:21,39.4800,27,1
2026-04-08,600036,13:23:27,39.4700,2,2
2026-04-08,600036,13:23:30,39.4700,49,2
2026-04-08,600036,13:23:33,39.4700,76,2
2026-04-08,600036,13:23:36,39.4700,33,2
2026-04-08,600036,13:23:39,39.4700,37,1
2026-04-08,600036,13:23:42,39.4800,68,1
2026-04-08,600036,13:23:45,39.4700,3,2
2026-04-08,600036,13:23:48,39.4700,37,2
2026-04-08,600036,13:23:51,39.4700,97,1
2026-04-08,600036,13:23:54,39.4700,28,2
2026-04-08,600036,13:23:57,39.4700,2,2
2026-04-08,600036,13:24:00,39.4700,16,2
2026-04-08,600036,13:24:03,39.4700,42,2
2026-04-08,600036,13:24:06,39.4700,2,2
2026-04-08,600036,13:24:09,39.4700,7,2
2026-04-08,600036,13:24:12,39.4700,5,2
2026-04-08,600036,13:24:15,39.4800,8,1
2026-04-08,600036,13:24:18,39.4800,17,1
2026-04-08,600036,13:24:21,39.4700,46,2
2026-04-08,600036,13:24:24,39.4700,50,2
2026-04-08,600036,13:24:27,39.4700,49,2
2026-04-08,600036,13:24:30,39.4700,133,2
2026-04-08,600036,13:24:33,39.4700,14,1
2026-04-08,600036,13:24:36,39.4700,2,1
2026-04-08,600036,13:24:39,39.4700,23,1
2026-04-08,600036,13:24:42,39.4700,76,1
2026-04-08,600036,13:24:45,39.4700,19,1
2026-04-08,600036,13:24:48,39.4700,24,2
2026-04-08,600036,13:24:51,39.4700,22,2
2026-04-08,600036,13:24:54,39.4700,10,2
2026-04-08,600036,13:24:57,39.4700,89,2
2026-04-08,600036,13:25:00,39.4700,26,2
2026-04-08,600036,13:25:03,39.4600,107,2
2026-04-08,600036,13:25:06,39.4700,16,1
2026-04-08,600036,13:25:09,39.4600,4,2
2026-04-08,600036,13:25:12,39.4700,1,1
2026-04-08,600036,13:25:15,39.4600,51,2
2026-04-08,600036,13:25:18,39.4600,46,2
2026-04-08,600036,13:25:21,39.4600,77,2
2026-04-08,600036,13:25:24,39.4700,74,1
2026-04-08,600036,13:25:27,39.4700,184,1
2026-04-08,600036,13:25:30,39.4800,108,1
2026-04-08,600036,13:25:33,39.4700,134,2
2026-04-08,600036,13:25:36,39.4700,54,2
2026-04-08,600036,13:25:39,39.4800,703,1
2026-04-08,600036,13:25:42,39.4700,101,2
2026-04-08,600036,13:25:45,39.5000,272,1
2026-04-08,600036,13:25:48,39.4800,80,1
2026-04-08,600036,13:25:51,39.4700,57,2
2026-04-08,600036,13:25:54,39.5000,91,1
2026-04-08,600036,13:25:57,39.4900,273,4
2026-04-08,600036,13:26:00,39.4800,107,2
2026-04-08,600036,13:26:03,39.5000,11,1
2026-04-08,600036,13:26:06,39.4900,65,2
2026-04-08,600036,13:26:09,39.4900,14,2
2026-04-08,600036,13:26:12,39.5000,16,1
2026-04-08,600036,13:26:15,39.5000,73,1
2026-04-08,600036,13:26:18,39.4900,62,2
2026-04-08,600036,13:26:21,39.5000,31,1
2026-04-08,600036,13:26:24,39.4900,15,4
2026-04-08,600036,13:26:27,39.4900,31,1
2026-04-08,600036,13:26:30,39.5000,25,1
2026-04-08,600036,13:26:33,39.5000,50,1
2026-04-08,600036,13:26:36,39.5000,52,1
2026-04-08,600036,13:26:39,39.5000,27,1
2026-04-08,600036,13:26:42,39.5000,157,1
2026-04-08,600036,13:26:45,39.4900,192,2
2026-04-08,600036,13:26:48,39.5000,92,1
2026-04-08,600036,13:26:51,39.5000,20,1
2026-04-08,600036,13:26:54,39.4900,89,2
2026-04-08,600036,13:26:57,39.5000,58,4
2026-04-08,600036,13:27:00,39.4900,8,2
2026-04-08,600036,13:27:03,39.4900,84,2
2026-04-08,600036,13:27:06,39.5000,35,4
2026-04-08,600036,13:27:09,39.5100,102,1
2026-04-08,600036,13:27:12,39.5100,227,1
2026-04-08,600036,13:27:15,39.5200,180,1
2026-04-08,600036,13:27:18,39.5100,42,2
2026-04-08,600036,13:27:21,39.5100,119,2
2026-04-08,600036,13:27:24,39.5200,96,1
2026-04-08,600036,13:27:27,39.5100,176,2
2026-04-08,600036,13:27:30,39.5100,178,2
2026-04-08,600036,13:27:33,39.5000,100,2
2026-04-08,600036,13:27:36,39.5100,124,1
2026-04-08,600036,13:27:39,39.4900,21,4
2026-04-08,600036,13:27:42,39.5000,35,1
2026-04-08,600036,13:27:45,39.5100,1,1
2026-04-08,600036,13:27:48,39.5100,10,1
2026-04-08,600036,13:27:51,39.5000,76,2
2026-04-08,600036,13:27:54,39.5000,67,2
2026-04-08,600036,13:27:57,39.5000,24,2
2026-04-08,600036,13:28:00,39.5000,35,2
2026-04-08,600036,13:28:03,39.5100,46,1
2026-04-08,600036,13:28:06,39.5000,43,2
2026-04-08,600036,13:28:09,39.5100,60,1
2026-04-08,600036,13:28:12,39.5100,278,1
2026-04-08,600036,13:28:15,39.5100,324,2
2026-04-08,600036,13:28:18,39.5200,171,1
2026-04-08,600036,13:28:21,39.5200,18,1
2026-04-08,600036,13:28:24,39.5200,266,1
2026-04-08,600036,13:28:27,39.5400,520,1
2026-04-08,600036,13:28:30,39.5300,243,2
2026-04-08,600036,13:28:33,39.5300,105,2
2026-04-08,600036,13:28:36,39.5300,81,1
2026-04-08,600036,13:28:39,39.5300,12,2
2026-04-08,600036,13:28:42,39.5300,10,2
2026-04-08,600036,13:28:45,39.5300,105,2
2026-04-08,600036,13:28:48,39.5200,1078,2
2026-04-08,600036,13:28:51,39.5300,12,1
2026-04-08,600036,13:28:57,39.5300,52,1
2026-04-08,600036,13:29:00,39.5200,10,2
2026-04-08,600036,13:29:03,39.5200,52,2
2026-04-08,600036,13:29:06,39.5200,60,2
2026-04-08,600036,13:29:09,39.5200,100,2
2026-04-08,600036,13:29:12,39.5300,113,1
2026-04-08,600036,13:29:15,39.5100,21,2
2026-04-08,600036,13:29:18,39.5100,34,2
2026-04-08,600036,13:29:21,39.5200,41,1
2026-04-08,600036,13:29:24,39.5200,52,1
2026-04-08,600036,13:29:27,39.5100,85,2
2026-04-08,600036,13:29:30,39.5100,38,2
2026-04-08,600036,13:29:33,39.5200,50,1
2026-04-08,600036,13:29:36,39.5100,34,2
2026-04-08,600036,13:29:39,39.5200,2,1
2026-04-08,600036,13:29:42,39.5200,55,1
2026-04-08,600036,13:29:45,39.5100,369,2
2026-04-08,600036,13:29:48,39.5100,99,1
2026-04-08,600036,13:29:51,39.5000,40,2
2026-04-08,600036,13:29:54,39.5000,5,2
2026-04-08,600036,13:29:57,39.5000,114,2
2026-04-08,600036,13:30:00,39.5100,2,1
2026-04-08,600036,13:30:03,39.5100,141,1
2026-04-08,600036,13:30:06,39.5000,16,2
2026-04-08,600036,13:30:09,39.5000,302,2
2026-04-08,600036,13:30:12,39.5100,71,1
2026-04-08,600036,13:30:15,39.5000,509,2
2026-04-08,600036,13:30:18,39.5100,32,1
2026-04-08,600036,13:30:21,39.5000,20,2
2026-04-08,600036,13:30:24,39.4900,963,2
2026-04-08,600036,13:30:27,39.4900,2,1
2026-04-08,600036,13:30:30,39.4800,137,2
2026-04-08,600036,13:30:33,39.4800,33,2
2026-04-08,600036,13:30:36,39.4800,8,2
2026-04-08,600036,13:30:39,39.4800,36,2
2026-04-08,600036,13:30:42,39.4800,98,2
2026-04-08,600036,13:30:45,39.4800,46,2
2026-04-08,600036,13:30:48,39.4800,31,2
2026-04-08,600036,13:30:51,39.4800,49,2
2026-04-08,600036,13:30:54,39.4800,59,2
2026-04-08,600036,13:30:57,39.4900,35,1
2026-04-08,600036,13:31:00,39.4800,16,2
2026-04-08,600036,13:31:03,39.4800,53,2
2026-04-08,600036,13:31:06,39.4800,50,2
2026-04-08,600036,13:31:09,39.5000,524,1
2026-04-08,600036,13:31:12,39.4900,27,2
2026-04-08,600036,13:31:15,39.4900,152,2
2026-04-08,600036,13:31:18,39.4900,192,2
2026-04-08,600036,13:31:21,39.4900,73,1
2026-04-08,600036,13:31:24,39.4800,24,2
2026-04-08,600036,13:31:27,39.4800,24,2
2026-04-08,600036,13:31:30,39.4900,1,1
2026-04-08,600036,13:31:33,39.4800,50,2
2026-04-08,600036,13:31:36,39.5000,57,1
2026-04-08,600036,13:31:39,39.4800,319,2
2026-04-08,600036,13:31:42,39.4800,130,1
2026-04-08,600036,13:31:45,39.4800,28,1
2026-04-08,600036,13:31:48,39.4800,62,1
2026-04-08,600036,13:31:51,39.4700,3,2
2026-04-08,600036,13:31:54,39.4700,25,2
2026-04-08,600036,13:31:57,39.4800,11,1
2026-04-08,600036,13:32:00,39.4700,50,2
2026-04-08,600036,13:32:03,39.4800,264,1
2026-04-08,600036,13:32:06,39.4800,45,2
2026-04-08,600036,13:32:09,39.4800,5,2
2026-04-08,600036,13:32:12,39.4800,2,2
2026-04-08,600036,13:32:15,39.4800,26,2
2026-04-08,600036,13:32:18,39.4800,39,2
2026-04-08,600036,13:32:21,39.4900,98,1
2026-04-08,600036,13:32:24,39.4900,120,1
2026-04-08,600036,13:32:27,39.4900,64,1
2026-04-08,600036,13:32:30,39.4900,30,2
2026-04-08,600036,13:32:33,39.4900,9,1
2026-04-08,600036,13:32:36,39.4900,35,2
2026-04-08,600036,13:32:39,39.4900,10,2
2026-04-08,600036,13:32:42,39.5000,31,1
2026-04-08,600036,13:32:45,39.5000,101,1
2026-04-08,600036,13:32:48,39.4900,28,2
2026-04-08,600036,13:32:51,39.5000,57,1
2026-04-08,600036,13:32:54,39.5000,194,1
2026-04-08,600036,13:32:57,39.4900,111,2
2026-04-08,600036,13:33:00,39.4900,123,2
2026-04-08,600036,13:33:03,39.4900,35,2
2026-04-08,600036,13:33:06,39.4900,77,2
2026-04-08,600036,13:33:09,39.5000,66,1
2026-04-08,600036,13:33:12,39.5000,24,1
2026-04-08,600036,13:33:15,39.5000,54,2
2026-04-08,600036,13:33:18,39.4900,167,2
2026-04-08,600036,13:33:21,39.4900,62,1
2026-04-08,600036,13:33:24,39.5000,128,1
2026-04-08,600036,13:33:27,39.5100,28,1
2026-04-08,600036,13:33:30,39.5100,14,1
2026-04-08,600036,13:33:33,39.5000,15,2
2026-04-08,600036,13:33:36,39.5100,23,1
2026-04-08,600036,13:33:39,39.5000,61,2
2026-04-08,600036,13:33:42,39.5100,33,1
2026-04-08,600036,13:33:45,39.5000,37,2
2026-04-08,600036,13:33:48,39.5000,13,2
2026-04-08,600036,13:33:51,39.5000,18,2
2026-04-08,600036,13:33:54,39.5000,29,2
2026-04-08,600036,13:33:57,39.5000,47,2
2026-04-08,600036,13:34:00,39.5000,19,2
2026-04-08,600036,13:34:03,39.5000,65,2
2026-04-08,600036,13:34:06,39.4900,19,2
2026-04-08,600036,13:34:09,39.5000,38,1
2026-04-08,600036,13:34:12,39.5000,18,1
2026-04-08,600036,13:34:15,39.5000,6,1
2026-04-08,600036,13:34:18,39.5000,83,1
2026-04-08,600036,13:34:21,39.5000,10,2
2026-04-08,600036,13:34:24,39.5000,35,2
2026-04-08,600036,13:34:27,39.5100,16,1
2026-04-08,600036,13:34:30,39.5100,10,1
2026-04-08,600036,13:34:33,39.5000,70,2
2026-04-08,600036,13:34:36,39.5000,30,2
2026-04-08,600036,13:34:39,39.5000,46,2
2026-04-08,600036,13:34:42,39.5100,41,1
2026-04-08,600036,13:34:45,39.5100,122,1
2026-04-08,600036,13:34:48,39.5100,158,1
2026-04-08,600036,13:34:51,39.5100,104,1
2026-04-08,600036,13:34:54,39.5000,80,2
2026-04-08,600036,13:34:57,39.5100,91,1
2026-04-08,600036,13:35:00,39.5100,24,1
2026-04-08,600036,13:35:03,39.5100,9,1
2026-04-08,600036,13:35:06,39.5100,99,1
2026-04-08,600036,13:35:09,39.5100,13,1
2026-04-08,600036,13:35:12,39.5000,48,2
2026-04-08,600036,13:35:15,39.5000,27,2
2026-04-08,600036,13:35:18,39.5100,61,1
2026-04-08,600036,13:35:21,39.5100,23,1
2026-04-08,600036,13:35:24,39.5000,24,2
2026-04-08,600036,13:35:27,39.5100,64,1
2026-04-08,600036,13:35:30,39.5100,93,1
2026-04-08,600036,13:35:33,39.5100,33,1
2026-04-08,600036,13:35:36,39.5000,5,2
2026-04-08,600036,13:35:39,39.4900,639,2
2026-04-08,600036,13:35:42,39.4900,3,1
2026-04-08,600036,13:35:45,39.4800,56,2
2026-04-08,600036,13:35:51,39.4800,60,2
2026-04-08,600036,13:35:54,39.4800,106,2
2026-04-08,600036,13:35:57,39.4800,12,1
2026-04-08,600036,13:36:03,39.4800,134,1
2026-04-08,600036,13:36:06,39.4800,28,2
2026-04-08,600036,13:36:09,39.4900,46,1
2026-04-08,600036,13:36:12,39.4900,10,1
2026-04-08,600036,13:36:15,39.4800,69,2
2026-04-08,600036,13:36:18,39.4800,182,2
2026-04-08,600036,13:36:21,39.4900,294,1
2026-04-08,600036,13:36:24,39.4700,46,2
2026-04-08,600036,13:36:27,39.4800,72,1
2026-04-08,600036,13:36:30,39.4700,33,2
2026-04-08,600036,13:36:33,39.4800,29,1
2026-04-08,600036,13:36:36,39.4700,12,2
2026-04-08,600036,13:36:39,39.4800,3,1
2026-04-08,600036,13:36:42,39.4800,45,1
2026-04-08,600036,13:36:45,39.4700,26,2
2026-04-08,600036,13:36:48,39.4700,27,2
2026-04-08,600036,13:36:51,39.4700,154,2
2026-04-08,600036,13:36:54,39.4700,61,2
2026-04-08,600036,13:36:57,39.4700,6,2
2026-04-08,600036,13:37:00,39.4800,52,1
2026-04-08,600036,13:37:03,39.4700,45,2
2026-04-08,600036,13:37:06,39.4700,23,2
2026-04-08,600036,13:37:09,39.4800,70,1
2026-04-08,600036,13:37:12,39.4700,2,2
2026-04-08,600036,13:37:15,39.4800,32,1
2026-04-08,600036,13:37:18,39.4700,11,2
2026-04-08,600036,13:37:21,39.4800,455,1
2026-04-08,600036,13:37:24,39.4800,127,1
2026-04-08,600036,13:37:27,39.4800,39,1
2026-04-08,600036,13:37:30,39.4900,95,1
2026-04-08,600036,13:37:33,39.4900,74,1
2026-04-08,600036,13:37:36,39.5000,17,1
2026-04-08,600036,13:37:39,39.4900,5,2
2026-04-08,600036,13:37:42,39.5000,3,1
2026-04-08,600036,13:37:45,39.4900,56,2
2026-04-08,600036,13:37:48,39.4900,87,2
2026-04-08,600036,13:37:51,39.4900,33,2
2026-04-08,600036,13:37:54,39.5000,23,1
2026-04-08,600036,13:37:57,39.4900,49,2
2026-04-08,600036,13:38:00,39.4900,76,2
2026-04-08,600036,13:38:03,39.5000,108,1
2026-04-08,600036,13:38:06,39.5000,2,1
2026-04-08,600036,13:38:09,39.5000,52,1
2026-04-08,600036,13:38:12,39.4900,31,2
2026-04-08,600036,13:38:15,39.4900,29,2
2026-04-08,600036,13:38:24,39.4900,40,2
2026-04-08,600036,13:38:27,39.4900,89,2
2026-04-08,600036,13:38:30,39.4900,71,2
2026-04-08,600036,13:38:33,39.5000,36,1
2026-04-08,600036,13:38:36,39.4900,34,2
2026-04-08,600036,13:38:39,39.4900,13,2
2026-04-08,600036,13:38:42,39.4900,37,2
2026-04-08,600036,13:38:45,39.4900,106,2
2026-04-08,600036,13:38:48,39.5000,264,1
2026-04-08,600036,13:38:51,39.5000,33,1
2026-04-08,600036,13:38:54,39.4900,77,2
2026-04-08,600036,13:38:57,39.5000,82,1
2026-04-08,600036,13:39:00,39.4900,2,2
2026-04-08,600036,13:39:03,39.4900,42,2
2026-04-08,600036,13:39:06,39.4900,29,2
2026-04-08,600036,13:39:09,39.4900,15,2
2026-04-08,600036,13:39:12,39.4900,30,2
2026-04-08,600036,13:39:15,39.4900,48,2
2026-04-08,600036,13:39:18,39.5000,660,1
2026-04-08,600036,13:39:21,39.4900,245,2
2026-04-08,600036,13:39:24,39.4900,101,2
2026-04-08,600036,13:39:27,39.4900,498,2
2026-04-08,600036,13:39:30,39.4900,51,1
2026-04-08,600036,13:39:33,39.5000,175,1
2026-04-08,600036,13:39:36,39.4900,71,2
2026-04-08,600036,13:39:39,39.4900,120,1
2026-04-08,600036,13:39:42,39.4900,51,1
2026-04-08,600036,13:39:45,39.4900,90,2
2026-04-08,600036,13:39:48,39.4900,109,2
2026-04-08,600036,13:39:51,39.4900,85,1
2026-04-08,600036,13:39:54,39.4900,85,1
2026-04-08,600036,13:39:57,39.4900,69,1
2026-04-08,600036,13:40:00,39.4900,36,4
2026-04-08,600036,13:40:03,39.4900,39,2
2026-04-08,600036,13:40:06,39.4900,47,2
2026-04-08,600036,13:40:09,39.4900,42,2
2026-04-08,600036,13:40:12,39.4900,118,1
2026-04-08,600036,13:40:15,39.4900,33,4
2026-04-08,600036,13:40:18,39.4900,89,2
2026-04-08,600036,13:40:21,39.4900,47,2
2026-04-08,600036,13:40:24,39.4900,130,2
2026-04-08,600036,13:40:27,39.4900,18,2
2026-04-08,600036,13:40:30,39.5000,8,1
2026-04-08,600036,13:40:33,39.4900,28,2
2026-04-08,600036,13:40:36,39.4900,24,2
2026-04-08,600036,13:40:39,39.5000,43,1
2026-04-08,600036,13:40:42,39.4900,146,2
2026-04-08,600036,13:40:45,39.5000,44,1
2026-04-08,600036,13:40:48,39.4900,4,2
2026-04-08,600036,13:40:51,39.5000,22,1
2026-04-08,600036,13:40:54,39.4900,17,2
2026-04-08,600036,13:41:00,39.4900,9,2
2026-04-08,600036,13:41:03,39.4900,46,2
2026-04-08,600036,13:41:06,39.5000,11,1
2026-04-08,600036,13:41:09,39.5000,27,1
2026-04-08,600036,13:41:12,39.4900,81,2
2026-04-08,600036,13:41:15,39.5000,52,1
2026-04-08,600036,13:41:18,39.4900,50,2
2026-04-08,600036,13:41:21,39.4900,536,2
2026-04-08,600036,13:41:24,39.4900,112,2
2026-04-08,600036,13:41:27,39.4900,32,2
2026-04-08,600036,13:41:30,39.4900,16,2
2026-04-08,600036,13:41:33,39.5000,49,1
2026-04-08,600036,13:41:36,39.4900,5,2
2026-04-08,600036,13:41:39,39.4800,278,2
2026-04-08,600036,13:41:42,39.4900,183,1
2026-04-08,600036,13:41:45,39.4900,67,1
2026-04-08,600036,13:41:48,39.4900,125,1
2026-04-08,600036,13:41:51,39.4900,69,1
2026-04-08,600036,13:41:54,39.4900,366,1
2026-04-08,600036,13:41:57,39.4900,16,1
2026-04-08,600036,13:42:00,39.4900,233,1
2026-04-08,600036,13:42:03,39.4900,33,1
2026-04-08,600036,13:42:06,39.4900,29,1
2026-04-08,600036,13:42:09,39.4900,21,2
2026-04-08,600036,13:42:12,39.4900,59,2
2026-04-08,600036,13:42:15,39.4900,32,2
2026-04-08,600036,13:42:18,39.4900,247,2
2026-04-08,600036,13:42:21,39.4900,90,1
2026-04-08,600036,13:42:24,39.4900,94,1
2026-04-08,600036,13:42:27,39.4900,20,1
2026-04-08,600036,13:42:30,39.4900,64,1
2026-04-08,600036,13:42:33,39.4900,29,1
2026-04-08,600036,13:42:36,39.5000,24,1
2026-04-08,600036,13:42:39,39.5000,1,1
2026-04-08,600036,13:42:42,39.4900,16,2
2026-04-08,600036,13:42:45,39.4900,83,2
2026-04-08,600036,13:42:48,39.5000,110,1
2026-04-08,600036,13:42:51,39.5000,6,1
2026-04-08,600036,13:42:54,39.4900,18,2
2026-04-08,600036,13:42:57,39.5000,60,1
2026-04-08,600036,13:43:00,39.5000,63,1
2026-04-08,600036,13:43:03,39.5000,468,1
2026-04-08,600036,13:43:06,39.5100,208,1
2026-04-08,600036,13:43:09,39.5000,105,2
2026-04-08,600036,13:43:12,39.5100,56,1
2026-04-08,600036,13:43:15,39.5100,29,1
2026-04-08,600036,13:43:18,39.5000,91,2
2026-04-08,600036,13:43:21,39.5100,37,1
2026-04-08,600036,13:43:24,39.5100,41,1
2026-04-08,600036,13:43:27,39.5100,76,1
2026-04-08,600036,13:43:30,39.5100,105,1
2026-04-08,600036,13:43:33,39.5100,11,2
2026-04-08,600036,13:43:36,39.5100,141,2
2026-04-08,600036,13:43:39,39.5200,69,1
2026-04-08,600036,13:43:42,39.5100,63,2
2026-04-08,600036,13:43:45,39.5200,78,1
2026-04-08,600036,13:43:48,39.5200,23,1
2026-04-08,600036,13:43:51,39.5100,118,2
2026-04-08,600036,13:43:54,39.5200,16,1
2026-04-08,600036,13:43:57,39.5100,17,2
2026-04-08,600036,13:44:00,39.5200,121,1
2026-04-08,600036,13:44:03,39.5200,12,1
2026-04-08,600036,13:44:06,39.5200,41,1
2026-04-08,600036,13:44:09,39.5100,34,2
2026-04-08,600036,13:44:12,39.5100,13,2
2026-04-08,600036,13:44:15,39.5200,42,1
2026-04-08,600036,13:44:18,39.5200,13,1
2026-04-08,600036,13:44:21,39.5200,20,1
2026-04-08,600036,13:44:24,39.5100,30,2
2026-04-08,600036,13:44:27,39.5100,290,2
2026-04-08,600036,13:44:30,39.5000,183,2
2026-04-08,600036,13:44:33,39.5000,32,2
2026-04-08,600036,13:44:36,39.5100,92,1
2026-04-08,600036,13:44:39,39.5000,3,2
2026-04-08,600036,13:44:42,39.5100,6,1
2026-04-08,600036,13:44:45,39.5000,11,2
2026-04-08,600036,13:44:48,39.5000,101,2
2026-04-08,600036,13:44:51,39.5000,12,1
2026-04-08,600036,13:44:54,39.5000,28,1
2026-04-08,600036,13:44:57,39.5000,49,2
2026-04-08,600036,13:45:00,39.5100,18,1
2026-04-08,600036,13:45:03,39.5000,19,2
2026-04-08,600036,13:45:06,39.5100,53,1
2026-04-08,600036,13:45:09,39.4900,167,2
2026-04-08,600036,13:45:12,39.5100,45,1
2026-04-08,600036,13:45:15,39.5100,7,1
2026-04-08,600036,13:45:18,39.5100,1,1
2026-04-08,600036,13:45:21,39.5000,276,2
2026-04-08,600036,13:45:24,39.5000,43,2
2026-04-08,600036,13:45:27,39.5100,32,1
2026-04-08,600036,13:45:30,39.5000,45,2
2026-04-08,600036,13:45:33,39.5000,7,1
2026-04-08,600036,13:45:36,39.5000,30,1
2026-04-08,600036,13:45:39,39.5100,28,1
2026-04-08,600036,13:45:42,39.5100,1,1
2026-04-08,600036,13:45:45,39.5100,3,1
2026-04-08,600036,13:45:48,39.5000,57,2
2026-04-08,600036,13:45:51,39.5100,14,1
2026-04-08,600036,13:45:54,39.5100,24,1
2026-04-08,600036,13:45:57,39.5000,22,2
2026-04-08,600036,13:46:03,39.5100,199,1
2026-04-08,600036,13:46:06,39.5100,40,1
2026-04-08,600036,13:46:09,39.5000,5,2
2026-04-08,600036,13:46:12,39.5100,109,1
2026-04-08,600036,13:46:15,39.5000,25,2
2026-04-08,600036,13:46:18,39.5200,886,1
2026-04-08,600036,13:46:21,39.5300,80,1
2026-04-08,600036,13:46:24,39.5400,359,1
2026-04-08,600036,13:46:27,39.5400,49,1
2026-04-08,600036,13:46:30,39.5400,230,1
2026-04-08,600036,13:46:33,39.5300,140,2
2026-04-08,600036,13:46:36,39.5400,82,1
2026-04-08,600036,13:46:39,39.5300,157,2
2026-04-08,600036,13:46:42,39.5200,5,2
2026-04-08,600036,13:46:48,39.5200,2,2
2026-04-08,600036,13:46:51,39.5300,7,1
2026-04-08,600036,13:46:54,39.5300,4,1
2026-04-08,600036,13:46:57,39.5300,14,1
2026-04-08,600036,13:47:00,39.5300,5,1
2026-04-08,600036,13:47:06,39.5300,83,1
2026-04-08,600036,13:47:09,39.5300,24,1
2026-04-08,600036,13:47:12,39.5300,15,1
2026-04-08,600036,13:47:15,39.5300,13,1
2026-04-08,600036,13:47:18,39.5200,62,2
2026-04-08,600036,13:47:21,39.5300,26,1
2026-04-08,600036,13:47:24,39.5200,6,2
2026-04-08,600036,13:47:27,39.5300,15,1
2026-04-08,600036,13:47:30,39.5300,174,1
2026-04-08,600036,13:47:33,39.5300,62,1
2026-04-08,600036,13:47:36,39.5300,107,2
2026-04-08,600036,13:47:39,39.5400,30,1
2026-04-08,600036,13:47:42,39.5300,7,2
2026-04-08,600036,13:47:45,39.5300,320,2
2026-04-08,600036,13:47:48,39.5300,37,1
2026-04-08,600036,13:47:51,39.5300,34,1
2026-04-08,600036,13:47:54,39.5300,53,1
2026-04-08,600036,13:47:57,39.5300,74,2
2026-04-08,600036,13:48:00,39.5300,34,2
2026-04-08,600036,13:48:03,39.5300,28,2
2026-04-08,600036,13:48:06,39.5200,31,2
2026-04-08,600036,13:48:09,39.5200,25,2
2026-04-08,600036,13:48:12,39.5200,26,2
2026-04-08,600036,13:48:15,39.5300,11,1
2026-04-08,600036,13:48:18,39.5200,23,2
2026-04-08,600036,13:48:21,39.5300,14,1
2026-04-08,600036,13:48:24,39.5300,23,1
2026-04-08,600036,13:48:27,39.5200,3,2
2026-04-08,600036,13:48:33,39.5300,6,1
2026-04-08,600036,13:48:39,39.5300,5,1
2026-04-08,600036,13:48:42,39.5300,5,1
2026-04-08,600036,13:48:45,39.5300,32,1
2026-04-08,600036,13:48:51,39.5300,17,1
2026-04-08,600036,13:48:54,39.5300,6,1
2026-04-08,600036,13:48:57,39.5300,15,1
2026-04-08,600036,13:49:00,39.5300,80,1
2026-04-08,600036,13:49:03,39.5300,84,1
2026-04-08,600036,13:49:06,39.5200,452,2
2026-04-08,600036,13:49:09,39.5200,88,2
2026-04-08,600036,13:49:12,39.5200,54,2
2026-04-08,600036,13:49:15,39.5200,221,2
2026-04-08,600036,13:49:18,39.5200,67,2
2026-04-08,600036,13:49:21,39.5200,289,2
2026-04-08,600036,13:49:24,39.5200,9,2
2026-04-08,600036,13:49:27,39.5200,178,2
2026-04-08,600036,13:49:30,39.5300,367,1
2026-04-08,600036,13:49:33,39.5300,15,1
2026-04-08,600036,13:49:36,39.5300,121,1
2026-04-08,600036,13:49:39,39.5300,20,1
2026-04-08,600036,13:49:42,39.5300,59,1
2026-04-08,600036,13:49:45,39.5300,54,1
2026-04-08,600036,13:49:48,39.5200,18,2
2026-04-08,600036,13:49:51,39.5200,10,2
2026-04-08,600036,13:49:54,39.5300,44,1
2026-04-08,600036,13:49:57,39.5200,4,2
2026-04-08,600036,13:50:00,39.5200,6,2
2026-04-08,600036,13:50:03,39.5200,60,2
2026-04-08,600036,13:50:06,39.5200,8,2
2026-04-08,600036,13:50:09,39.5300,13,1
2026-04-08,600036,13:50:12,39.5300,490,1
2026-04-08,600036,13:50:15,39.5400,116,1
2026-04-08,600036,13:50:18,39.5400,44,1
2026-04-08,600036,13:50:21,39.5400,43,1
2026-04-08,600036,13:50:24,39.5400,50,1
2026-04-08,600036,13:50:27,39.5400,90,1
2026-04-08,600036,13:50:30,39.5400,148,1
2026-04-08,600036,13:50:33,39.5400,761,1
2026-04-08,600036,13:50:36,39.5500,60,1
2026-04-08,600036,13:50:39,39.5400,45,2
2026-04-08,600036,13:50:42,39.5400,225,2
2026-04-08,600036,13:50:45,39.5400,366,2
2026-04-08,600036,13:50:48,39.5400,179,2
2026-04-08,600036,13:50:51,39.5400,25,2
2026-04-08,600036,13:50:54,39.5400,17,1
2026-04-08,600036,13:50:57,39.5400,73,2
2026-04-08,600036,13:51:00,39.5500,25,1
2026-04-08,600036,13:51:03,39.5400,101,2
2026-04-08,600036,13:51:06,39.5500,106,1
2026-04-08,600036,13:51:09,39.5400,38,4
2026-04-08,600036,13:51:12,39.5300,13,2
2026-04-08,600036,13:51:15,39.5400,116,1
2026-04-08,600036,13:51:18,39.5400,1378,1
2026-04-08,600036,13:51:21,39.5400,167,2
2026-04-08,600036,13:51:24,39.5400,84,2
2026-04-08,600036,13:51:27,39.5500,56,1
2026-04-08,600036,13:51:30,39.5400,79,2
2026-04-08,600036,13:51:33,39.5500,28,1
2026-04-08,600036,13:51:39,39.5500,38,1
2026-04-08,600036,13:51:42,39.5400,14,2
2026-04-08,600036,13:51:45,39.5500,202,1
2026-04-08,600036,13:51:48,39.5500,798,1
2026-04-08,600036,13:51:51,39.5500,58,2
2026-04-08,600036,13:51:54,39.5500,57,2
2026-04-08,600036,13:51:57,39.5600,293,1
2026-04-08,600036,13:52:00,39.5600,36,1
2026-04-08,600036,13:52:03,39.5500,77,2
2026-04-08,600036,13:52:06,39.5600,193,1
2026-04-08,600036,13:52:09,39.5600,60,1
2026-04-08,600036,13:52:12,39.5600,254,1
2026-04-08,600036,13:52:15,39.5600,51,1
2026-04-08,600036,13:52:18,39.5600,100,1
2026-04-08,600036,13:52:21,39.5600,135,1
2026-04-08,600036,13:52:24,39.5600,65,1
2026-04-08,600036,13:52:27,39.5600,142,1
2026-04-08,600036,13:52:30,39.5600,15,1
2026-04-08,600036,13:52:33,39.5600,21,1
2026-04-08,600036,13:52:36,39.5600,10,1
2026-04-08,600036,13:52:39,39.5600,370,1
2026-04-08,600036,13:52:42,39.5700,73,1
2026-04-08,600036,13:52:45,39.5600,22,2
2026-04-08,600036,13:52:48,39.5600,18,2
2026-04-08,600036,13:52:51,39.5700,5,1
2026-04-08,600036,13:52:54,39.5600,743,2
2026-04-08,600036,13:52:57,39.5800,289,1
2026-04-08,600036,13:53:00,39.5700,333,1
2026-04-08,600036,13:53:03,39.5700,72,1
2026-04-08,600036,13:53:06,39.5600,63,2
2026-04-08,600036,13:53:09,39.5700,54,1
2026-04-08,600036,13:53:12,39.5700,18,1
2026-04-08,600036,13:53:15,39.5700,66,1
2026-04-08,600036,13:53:18,39.5700,1,1
2026-04-08,600036,13:53:21,39.5700,3,1
2026-04-08,600036,13:53:24,39.5700,44,1
2026-04-08,600036,13:53:27,39.5700,20,1
2026-04-08,600036,13:53:30,39.5700,41,1
2026-04-08,600036,13:53:33,39.5700,140,1
2026-04-08,600036,13:53:36,39.5700,11,1
2026-04-08,600036,13:53:39,39.5700,92,1
2026-04-08,600036,13:53:42,39.5700,12,1
2026-04-08,600036,13:53:45,39.5700,61,1
2026-04-08,600036,13:53:48,39.5700,6,1
2026-04-08,600036,13:53:51,39.5700,252,1
2026-04-08,600036,13:53:54,39.5700,2,1
2026-04-08,600036,13:53:57,39.5600,6,2
2026-04-08,600036,13:54:00,39.5700,28,1
2026-04-08,600036,13:54:03,39.5600,17,2
2026-04-08,600036,13:54:06,39.5700,49,1
2026-04-08,600036,13:54:09,39.5600,120,2
2026-04-08,600036,13:54:12,39.5700,26,1
2026-04-08,600036,13:54:18,39.5600,345,2
2026-04-08,600036,13:54:21,39.5700,50,1
2026-04-08,600036,13:54:24,39.5700,275,1
2026-04-08,600036,13:54:27,39.5700,162,2
2026-04-08,600036,13:54:30,39.5700,767,2
2026-04-08,600036,13:54:33,39.5700,119,2
2026-04-08,600036,13:54:36,39.5800,76,1
2026-04-08,600036,13:54:39,39.5800,34,1
2026-04-08,600036,13:54:42,39.5700,11,2
2026-04-08,600036,13:54:45,39.5700,85,2
2026-04-08,600036,13:54:48,39.5800,88,1
2026-04-08,600036,13:54:51,39.5800,17,1
2026-04-08,600036,13:54:54,39.5800,94,1
2026-04-08,600036,13:54:57,39.5700,13,2
2026-04-08,600036,13:55:00,39.5800,34,1
2026-04-08,600036,13:55:03,39.5800,235,1
2026-04-08,600036,13:55:06,39.5700,224,2
2026-04-08,600036,13:55:09,39.5700,64,2
2026-04-08,600036,13:55:12,39.5800,16,1
2026-04-08,600036,13:55:15,39.5800,229,1
2026-04-08,600036,13:55:18,39.5700,62,2
2026-04-08,600036,13:55:21,39.5800,74,1
2026-04-08,600036,13:55:24,39.5700,18,2
2026-04-08,600036,13:55:27,39.5800,5,1
2026-04-08,600036,13:55:30,39.5700,102,2
2026-04-08,600036,13:55:33,39.5800,72,1
2026-04-08,600036,13:55:36,39.5700,24,2
2026-04-08,600036,13:55:39,39.5700,70,2
2026-04-08,600036,13:55:42,39.5700,87,2
2026-04-08,600036,13:55:45,39.5800,33,1
2026-04-08,600036,13:55:48,39.5800,29,1
2026-04-08,600036,13:55:51,39.5800,14,1
2026-04-08,600036,13:55:54,39.5700,7,2
2026-04-08,600036,13:55:57,39.5800,55,1
2026-04-08,600036,13:56:00,39.5700,11,2
2026-04-08,600036,13:56:03,39.5700,527,2
2026-04-08,600036,13:56:06,39.5600,233,2
2026-04-08,600036,13:56:09,39.5700,86,4
2026-04-08,600036,13:56:12,39.5600,123,2
2026-04-08,600036,13:56:15,39.5700,46,1
2026-04-08,600036,13:56:18,39.5700,11,1
2026-04-08,600036,13:56:21,39.5700,47,1
2026-04-08,600036,13:56:24,39.5700,86,1
2026-04-08,600036,13:56:27,39.5600,58,2
2026-04-08,600036,13:56:30,39.5600,49,2
2026-04-08,600036,13:56:33,39.5700,269,1
2026-04-08,600036,13:56:36,39.5700,104,2
2026-04-08,600036,13:56:39,39.5600,153,2
2026-04-08,600036,13:56:42,39.5700,74,4
2026-04-08,600036,13:56:45,39.5700,48,4
2026-04-08,600036,13:56:48,39.5700,43,2
2026-04-08,600036,13:56:51,39.5700,433,2
2026-04-08,600036,13:56:54,39.5700,91,2
2026-04-08,600036,13:56:57,39.5800,37,1
2026-04-08,600036,13:57:00,39.5800,29,1
2026-04-08,600036,13:57:03,39.5800,76,1
2026-04-08,600036,13:57:06,39.5700,73,2
2026-04-08,600036,13:57:09,39.5700,21,2
2026-04-08,600036,13:57:12,39.5800,28,1
2026-04-08,600036,13:57:15,39.5800,236,1
2026-04-08,600036,13:57:18,39.5700,56,2
2026-04-08,600036,13:57:21,39.5800,116,1
2026-04-08,600036,13:57:24,39.5700,5,2
2026-04-08,600036,13:57:27,39.5700,29,2
2026-04-08,600036,13:57:30,39.5800,31,1
2026-04-08,600036,13:57:33,39.5800,568,1
2026-04-08,600036,13:57:36,39.5800,63,1
2026-04-08,600036,13:57:42,39.5800,340,1
2026-04-08,600036,13:57:45,39.5800,50,1
2026-04-08,600036,13:57:48,39.5800,187,1
2026-04-08,600036,13:57:51,39.5800,3486,1
2026-04-08,600036,13:57:54,39.5800,264,2
2026-04-08,600036,13:57:57,39.5800,60,2
2026-04-08,600036,13:58:00,39.5800,31,1
2026-04-08,600036,13:58:03,39.5800,27,1
2026-04-08,600036,13:58:06,39.5800,217,1
2026-04-08,600036,13:58:09,39.5800,68,2
2026-04-08,600036,13:58:12,39.5900,224,1
2026-04-08,600036,13:58:15,39.5800,41,2
2026-04-08,600036,13:58:18,39.5800,57,1
2026-04-08,600036,13:58:21,39.5800,25,2
2026-04-08,600036,13:58:24,39.5800,170,2
2026-04-08,600036,13:58:27,39.5800,267,2
2026-04-08,600036,13:58:30,39.5900,60,1
2026-04-08,600036,13:58:33,39.5800,107,2
2026-04-08,600036,13:58:36,39.5800,334,2
2026-04-08,600036,13:58:39,39.5800,63,2
2026-04-08,600036,13:58:42,39.5800,46,2
2026-04-08,600036,13:58:45,39.5900,61,1
2026-04-08,600036,13:58:48,39.5900,18,1
2026-04-08,600036,13:58:51,39.5900,98,1
2026-04-08,600036,13:58:54,39.5800,27,2
2026-04-08,600036,13:58:57,39.5800,40,2
2026-04-08,600036,13:59:00,39.5900,72,1
2026-04-08,600036,13:59:03,39.5900,73,1
2026-04-08,600036,13:59:06,39.5900,22,1
2026-04-08,600036,13:59:09,39.5900,21,1
2026-04-08,600036,13:59:12,39.5800,30,2
2026-04-08,600036,13:59:15,39.5800,41,2
2026-04-08,600036,13:59:18,39.5900,853,1
2026-04-08,600036,13:59:21,39.5900,366,2
2026-04-08,600036,13:59:24,39.5900,163,2
2026-04-08,600036,13:59:27,39.5900,47,2
2026-04-08,600036,13:59:30,39.6000,23,1
2026-04-08,600036,13:59:33,39.5900,34,2
2026-04-08,600036,13:59:36,39.5900,374,2
2026-04-08,600036,13:59:39,39.5900,153,1
2026-04-08,600036,13:59:42,39.6000,39,1
2026-04-08,600036,13:59:45,39.6000,48,1
2026-04-08,600036,13:59:48,39.5900,233,2
2026-04-08,600036,13:59:51,39.5900,104,2
2026-04-08,600036,13:59:54,39.5900,31,2
2026-04-08,600036,13:59:57,39.5900,75,2
2026-04-08,600036,14:00:00,39.5900,434,2
2026-04-08,600036,14:00:03,39.5900,129,2
2026-04-08,600036,14:00:06,39.6000,44,1
2026-04-08,600036,14:00:09,39.5900,251,2
2026-04-08,600036,14:00:12,39.5900,217,2
2026-04-08,600036,14:00:15,39.5900,370,2
2026-04-08,600036,14:00:18,39.6000,108,1
2026-04-08,600036,14:00:21,39.6000,119,1
2026-04-08,600036,14:00:24,39.5900,59,2
2026-04-08,600036,14:00:27,39.6000,101,1
2026-04-08,600036,14:00:30,39.5900,104,2
2026-04-08,600036,14:00:33,39.5900,72,2
2026-04-08,600036,14:00:36,39.5900,81,2
2026-04-08,600036,14:00:39,39.6000,165,1
2026-04-08,600036,14:00:42,39.6000,92,1
2026-04-08,600036,14:00:45,39.6000,57,1
2026-04-08,600036,14:00:48,39.6000,321,1
2026-04-08,600036,14:00:51,39.6000,134,1
2026-04-08,600036,14:00:54,39.6000,91,1
2026-04-08,600036,14:00:57,39.5900,148,2
2026-04-08,600036,14:01:00,39.6000,489,1
2026-04-08,600036,14:01:03,39.5900,215,2
2026-04-08,600036,14:01:06,39.6000,73,1
2026-04-08,600036,14:01:09,39.6100,3450,1
2026-04-08,600036,14:01:12,39.6100,117,1
2026-04-08,600036,14:01:15,39.6100,241,1
2026-04-08,600036,14:01:18,39.6100,335,1
2026-04-08,600036,14:01:21,39.6100,153,1
2026-04-08,600036,14:01:24,39.6000,58,2
2026-04-08,600036,14:01:27,39.6100,85,1
2026-04-08,600036,14:01:30,39.6000,81,2
2026-04-08,600036,14:01:33,39.6100,633,1
2026-04-08,600036,14:01:36,39.6200,203,1
2026-04-08,600036,14:01:39,39.6200,768,1
2026-04-08,600036,14:01:42,39.6200,71,1
2026-04-08,600036,14:01:45,39.6100,285,2
2026-04-08,600036,14:01:48,39.6100,318,2
2026-04-08,600036,14:01:51,39.6100,383,2
2026-04-08,600036,14:01:54,39.6200,106,1
2026-04-08,600036,14:01:57,39.6200,71,1
2026-04-08,600036,14:02:00,39.6100,68,2
2026-04-08,600036,14:02:03,39.6100,99,2
2026-04-08,600036,14:02:06,39.6100,271,2
2026-04-08,600036,14:02:09,39.6100,432,2
2026-04-08,600036,14:02:12,39.6200,92,1
2026-04-08,600036,14:02:15,39.6200,247,2
2026-04-08,600036,14:02:18,39.6200,95,1
2026-04-08,600036,14:02:21,39.6200,29,1
2026-04-08,600036,14:02:24,39.6100,78,2
2026-04-08,600036,14:02:27,39.6100,76,2
2026-04-08,600036,14:02:30,39.6200,101,1
2026-04-08,600036,14:02:33,39.6100,46,2
2026-04-08,600036,14:02:36,39.6200,223,1
2026-04-08,600036,14:02:39,39.6100,127,2
2026-04-08,600036,14:02:42,39.6200,112,1
2026-04-08,600036,14:02:45,39.6100,111,2
2026-04-08,600036,14:02:48,39.6100,103,1
2026-04-08,600036,14:02:51,39.6100,44,1
2026-04-08,600036,14:02:54,39.6100,112,1
2026-04-08,600036,14:02:57,39.6000,24,2
2026-04-08,600036,14:03:00,39.6000,11,2
2026-04-08,600036,14:03:03,39.6100,12,1
2026-04-08,600036,14:03:06,39.6100,274,1
2026-04-08,600036,14:03:09,39.6100,48,2
2026-04-08,600036,14:03:12,39.6100,176,2
2026-04-08,600036,14:03:15,39.6100,81,2
2026-04-08,600036,14:03:18,39.6100,27,1
2026-04-08,600036,14:03:21,39.6100,40,1
2026-04-08,600036,14:03:24,39.6000,84,2
2026-04-08,600036,14:03:27,39.5900,1212,2
2026-04-08,600036,14:03:30,39.5900,78,2
2026-04-08,600036,14:03:33,39.5900,208,1
2026-04-08,600036,14:03:36,39.5800,139,2
2026-04-08,600036,14:03:39,39.5900,5,1
2026-04-08,600036,14:03:42,39.5800,21,2
2026-04-08,600036,14:03:45,39.5900,5,1
2026-04-08,600036,14:03:48,39.5800,42,2
2026-04-08,600036,14:03:51,39.5800,32,2
2026-04-08,600036,14:03:54,39.5800,98,2
2026-04-08,600036,14:03:57,39.5800,34,2
2026-04-08,600036,14:04:00,39.5900,184,1
2026-04-08,600036,14:04:03,39.5800,75,2
2026-04-08,600036,14:04:06,39.5900,272,1
2026-04-08,600036,14:04:09,39.6000,25,1
2026-04-08,600036,14:04:12,39.5900,28,2
2026-04-08,600036,14:04:15,39.5900,10,2
2026-04-08,600036,14:04:18,39.6000,30,1
2026-04-08,600036,14:04:21,39.5900,284,2
2026-04-08,600036,14:04:24,39.5800,125,2
2026-04-08,600036,14:04:27,39.5900,42,1
2026-04-08,600036,14:04:30,39.5900,28,1
2026-04-08,600036,14:04:33,39.5900,34,1
2026-04-08,600036,14:04:36,39.5900,114,1
2026-04-08,600036,14:04:39,39.5900,61,1
2026-04-08,600036,14:04:42,39.5900,246,1
2026-04-08,600036,14:04:45,39.5900,13,2
2026-04-08,600036,14:04:48,39.5900,15,1
2026-04-08,600036,14:04:51,39.5900,1,1
2026-04-08,600036,14:04:54,39.5800,3,2
2026-04-08,600036,14:04:57,39.5900,2,1
2026-04-08,600036,14:05:03,39.5800,5,2
2026-04-08,600036,14:05:06,39.5800,19,2
2026-04-08,600036,14:05:09,39.5800,13,2
2026-04-08,600036,14:05:12,39.5900,30,1
2026-04-08,600036,14:05:15,39.5900,80,1
2026-04-08,600036,14:05:18,39.5900,26,1
2026-04-08,600036,14:05:21,39.5900,45,1
2026-04-08,600036,14:05:24,39.5800,211,2
2026-04-08,600036,14:05:27,39.5800,51,2
2026-04-08,600036,14:05:30,39.5800,134,2
2026-04-08,600036,14:05:33,39.5900,16,1
2026-04-08,600036,14:05:36,39.5900,56,1
2026-04-08,600036,14:05:39,39.5900,72,1
2026-04-08,600036,14:05:42,39.6000,46,1
2026-04-08,600036,14:05:45,39.5900,21,2
2026-04-08,600036,14:05:48,39.5900,29,2
2026-04-08,600036,14:05:51,39.5900,41,2
2026-04-08,600036,14:05:54,39.6000,543,1
2026-04-08,600036,14:05:57,39.5900,451,2
2026-04-08,600036,14:06:00,39.5900,39,2
2026-04-08,600036,14:06:03,39.5800,136,2
2026-04-08,600036,14:06:06,39.5800,280,2
2026-04-08,600036,14:06:09,39.5800,162,2
2026-04-08,600036,14:06:12,39.5800,9,2
2026-04-08,600036,14:06:15,39.5800,126,2
2026-04-08,600036,14:06:18,39.5900,20,1
2026-04-08,600036,14:06:21,39.5900,21,2
2026-04-08,600036,14:06:24,39.6000,30,1
2026-04-08,600036,14:06:27,39.5900,9,4
2026-04-08,600036,14:06:30,39.5900,6,2
2026-04-08,600036,14:06:33,39.5800,18,2
2026-04-08,600036,14:06:36,39.5900,90,1
2026-04-08,600036,10:54:39,39.5800,24,2
2026-04-08,600036,10:54:42,39.5800,13,2
2026-04-08,600036,10:54:45,39.5800,80,2
2026-04-08,600036,10:54:48,39.5800,18,2
2026-04-08,600036,10:54:51,39.5800,27,2
2026-04-08,600036,10:54:54,39.5800,11,4
2026-04-08,600036,10:54:57,39.5800,36,1
2026-04-08,600036,10:55:00,39.5700,1,2
2026-04-08,600036,10:55:03,39.5700,21,2
2026-04-08,600036,10:55:06,39.5700,4,2
2026-04-08,600036,10:55:09,39.5700,5,2
2026-04-08,600036,10:55:12,39.5800,44,1
2026-04-08,600036,10:55:15,39.5700,65,2
2026-04-08,600036,10:55:18,39.5800,9,1
2026-04-08,600036,10:55:21,39.5700,163,2
2026-04-08,600036,10:55:24,39.5800,15,1
2026-04-08,600036,10:55:27,39.5700,107,2
2026-04-08,600036,10:55:30,39.5700,5,1
2026-04-08,600036,10:55:33,39.5700,14,1
2026-04-08,600036,10:55:36,39.5600,6,2
2026-04-08,600036,10:55:39,39.5600,105,2
2026-04-08,600036,10:55:42,39.5600,13,2
2026-04-08,600036,10:55:45,39.5700,17,1
2026-04-08,600036,10:55:48,39.5600,10,2
2026-04-08,600036,10:55:51,39.5600,5,2
2026-04-08,600036,10:55:54,39.5600,29,2
2026-04-08,600036,10:55:57,39.5600,10,2
2026-04-08,600036,10:56:00,39.5600,13,2
2026-04-08,600036,10:56:03,39.5700,17,1
2026-04-08,600036,10:56:06,39.5600,47,2
2026-04-08,600036,10:56:09,39.5600,51,2
2026-04-08,600036,10:56:12,39.5500,80,2
2026-04-08,600036,10:56:15,39.5700,7,1
2026-04-08,600036,10:56:18,39.5600,9,1
2026-04-08,600036,10:56:21,39.5500,23,2
2026-04-08,600036,10:56:24,39.5600,2,1
2026-04-08,600036,10:56:27,39.5500,12,2
2026-04-08,600036,10:56:30,39.5500,22,2
2026-04-08,600036,10:56:33,39.5600,32,1
2026-04-08,600036,10:56:36,39.5500,26,2
2026-04-08,600036,10:56:39,39.5600,29,1
2026-04-08,600036,10:56:42,39.5500,6,2
2026-04-08,600036,10:56:45,39.5500,32,2
2026-04-08,600036,10:56:48,39.5500,11,2
2026-04-08,600036,10:56:51,39.5600,23,1
2026-04-08,600036,10:56:54,39.5500,13,2
2026-04-08,600036,10:56:57,39.5600,114,1
2026-04-08,600036,10:57:00,39.5600,32,1
2026-04-08,600036,10:57:03,39.5700,509,1
2026-04-08,600036,10:57:06,39.5700,209,2
2026-04-08,600036,10:57:12,39.5700,103,2
2026-04-08,600036,10:57:15,39.5800,19,1
2026-04-08,600036,10:57:18,39.5700,58,2
2026-04-08,600036,10:57:21,39.5700,1,2
2026-04-08,600036,10:57:24,39.5800,7,1
2026-04-08,600036,10:57:27,39.5800,5,1
2026-04-08,600036,10:57:30,39.5700,29,2
2026-04-08,600036,10:57:33,39.5700,25,2
2026-04-08,600036,10:57:36,39.5700,92,2
2026-04-08,600036,10:57:39,39.5700,27,2
2026-04-08,600036,10:57:45,39.5700,3,2
2026-04-08,600036,10:57:48,39.5700,69,2
2026-04-08,600036,10:57:51,39.5800,7,1
2026-04-08,600036,10:57:54,39.5700,7,2
2026-04-08,600036,10:57:57,39.5700,105,2
2026-04-08,600036,10:58:00,39.5700,5,2
2026-04-08,600036,10:58:03,39.5700,4,2
2026-04-08,600036,10:58:06,39.5800,38,1
2026-04-08,600036,10:58:09,39.5800,8,1
2026-04-08,600036,10:58:12,39.5800,3,1
2026-04-08,600036,10:58:18,39.5800,2,1
2026-04-08,600036,10:58:21,39.5800,17,1
2026-04-08,600036,10:58:24,39.5700,2,2
2026-04-08,600036,10:58:27,39.5800,15,1
2026-04-08,600036,10:58:30,39.5800,7,1
2026-04-08,600036,10:58:36,39.5800,7,1
2026-04-08,600036,10:58:39,39.5700,29,2
2026-04-08,600036,10:58:42,39.5700,25,2
2026-04-08,600036,10:58:45,39.5700,22,2
2026-04-08,600036,10:58:48,39.5800,2,1
2026-04-08,600036,10:58:51,39.5700,69,2
2026-04-08,600036,10:58:54,39.5800,24,1
2026-04-08,600036,10:58:57,39.5800,9,1
2026-04-08,600036,10:59:00,39.5600,119,2
2026-04-08,600036,10:59:03,39.5600,110,2
2026-04-08,600036,10:59:06,39.5800,49,1
2026-04-08,600036,10:59:09,39.5600,16,2
2026-04-08,600036,10:59:12,39.5600,18,2
2026-04-08,600036,10:59:15,39.5600,80,1
2026-04-08,600036,10:59:18,39.5600,33,1
2026-04-08,600036,10:59:21,39.5600,75,1
2026-04-08,600036,10:59:24,39.5600,4,1
2026-04-08,600036,10:59:27,39.5600,1,1
2026-04-08,600036,10:59:30,39.5500,19,2
2026-04-08,600036,10:59:33,39.5600,5,1
2026-04-08,600036,10:59:36,39.5600,3,1
2026-04-08,600036,10:59:39,39.5600,59,1
2026-04-08,600036,10:59:42,39.5500,25,2
2026-04-08,600036,10:59:45,39.5600,25,1
2026-04-08,600036,10:59:48,39.5600,24,1
2026-04-08,600036,10:59:51,39.5500,374,2
2026-04-08,600036,10:59:54,39.5500,284,2
2026-04-08,600036,10:59:57,39.5500,270,2
2026-04-08,600036,11:00:00,39.5500,291,2
2026-04-08,600036,11:00:03,39.5500,91,2
2026-04-08,600036,11:00:06,39.5500,313,2
2026-04-08,600036,11:00:09,39.5600,22,1
2026-04-08,600036,11:00:12,39.5500,161,2
2026-04-08,600036,11:00:15,39.5500,19,2
2026-04-08,600036,11:00:18,39.5500,65,2
2026-04-08,600036,11:00:21,39.5500,938,2
2026-04-08,600036,11:00:24,39.5600,82,1
2026-04-08,600036,11:00:27,39.5500,204,2
2026-04-08,600036,11:00:30,39.5600,130,1
2026-04-08,600036,11:00:33,39.5500,35,2
2026-04-08,600036,11:00:36,39.5600,1,1
2026-04-08,600036,11:00:39,39.5500,14,2
2026-04-08,600036,11:00:42,39.5600,55,1
2026-04-08,600036,11:00:45,39.5500,34,2
2026-04-08,600036,11:00:48,39.5500,29,2
2026-04-08,600036,11:00:51,39.5500,832,2
2026-04-08,600036,11:00:54,39.5500,424,2
2026-04-08,600036,11:00:57,39.5400,847,2
2026-04-08,600036,11:01:00,39.5400,20,1
2026-04-08,600036,11:01:03,39.5300,31,2
2026-04-08,600036,11:01:06,39.5200,101,2
2026-04-08,600036,11:01:09,39.5300,8,4
2026-04-08,600036,11:01:12,39.5500,405,1
2026-04-08,600036,11:01:15,39.5500,39,1
2026-04-08,600036,11:01:18,39.5300,23,2
2026-04-08,600036,11:01:21,39.5300,6,2
2026-04-08,600036,11:01:30,39.5500,26,1
2026-04-08,600036,11:01:33,39.5400,20,2
2026-04-08,600036,11:01:36,39.5400,28,2
2026-04-08,600036,11:01:39,39.5400,25,2
2026-04-08,600036,11:01:42,39.5400,29,2
2026-04-08,600036,11:01:45,39.5500,54,1
2026-04-08,600036,11:01:48,39.5500,29,1
2026-04-08,600036,11:01:51,39.5500,47,1
2026-04-08,600036,11:01:54,39.5600,922,1
2026-04-08,600036,11:01:57,39.5600,28,2
2026-04-08,600036,11:02:00,39.5700,162,1
2026-04-08,600036,11:02:03,39.5700,2,1
2026-04-08,600036,11:02:06,39.5700,7,1
2026-04-08,600036,11:02:09,39.5600,35,2
2026-04-08,600036,11:02:12,39.5600,21,2
2026-04-08,600036,11:02:15,39.5700,70,1
2026-04-08,600036,11:02:18,39.5600,2,2
2026-04-08,600036,11:02:21,39.5600,4,2
2026-04-08,600036,11:02:24,39.5600,21,2
2026-04-08,600036,11:02:27,39.5700,26,1
2026-04-08,600036,11:02:30,39.5700,17,1
2026-04-08,600036,11:02:33,39.5700,26,1
2026-04-08,600036,11:02:36,39.5600,7,2
2026-04-08,600036,11:02:39,39.5600,6,2
2026-04-08,600036,11:02:42,39.5700,71,1
2026-04-08,600036,11:02:45,39.5500,420,2
2026-04-08,600036,11:02:48,39.5500,107,1
2026-04-08,600036,11:02:51,39.5500,101,1
2026-04-08,600036,11:02:54,39.5500,98,2
2026-04-08,600036,11:02:57,39.5600,1,1
2026-04-08,600036,11:03:00,39.5500,72,2
2026-04-08,600036,11:03:03,39.5600,1,1
2026-04-08,600036,11:03:06,39.5500,12,2
2026-04-08,600036,11:03:09,39.5500,23,2
2026-04-08,600036,11:03:12,39.5600,2,1
2026-04-08,600036,11:03:15,39.5600,4,1
2026-04-08,600036,11:03:18,39.5500,53,2
2026-04-08,600036,11:03:21,39.5500,1,2
2026-04-08,600036,11:03:24,39.5600,2,1
2026-04-08,600036,11:03:27,39.5500,9,2
2026-04-08,600036,11:03:30,39.5500,162,2
2026-04-08,600036,11:03:33,39.5500,26,2
2026-04-08,600036,11:03:36,39.5600,29,1
2026-04-08,600036,11:03:39,39.5500,201,2
2026-04-08,600036,11:03:42,39.5400,7,2
2026-04-08,600036,11:03:45,39.5400,29,2
2026-04-08,600036,11:03:48,39.5400,65,2
2026-04-08,600036,11:03:51,39.5400,24,2
2026-04-08,600036,11:03:54,39.5400,20,2
2026-04-08,600036,11:03:57,39.5400,85,2
2026-04-08,600036,11:04:00,39.5400,5,2
2026-04-08,600036,11:04:03,39.5400,84,2
2026-04-08,600036,11:04:06,39.5400,28,2
2026-04-08,600036,11:04:09,39.5400,41,2
2026-04-08,600036,11:04:12,39.5500,56,1
2026-04-08,600036,11:04:15,39.5500,34,1
2026-04-08,600036,11:04:18,39.5400,526,2
2026-04-08,600036,11:04:21,39.5500,836,1
2026-04-08,600036,11:04:24,39.5500,132,1
2026-04-08,600036,11:04:27,39.5500,118,1
2026-04-08,600036,11:04:30,39.5400,48,2
2026-04-08,600036,11:04:33,39.5400,247,2
2026-04-08,600036,11:04:36,39.5500,22,1
2026-04-08,600036,11:04:39,39.5500,22,1
2026-04-08,600036,11:04:42,39.5600,10,1
2026-04-08,600036,11:04:45,39.5600,24,1
2026-04-08,600036,11:04:48,39.5600,52,1
2026-04-08,600036,11:04:51,39.5500,1,2
2026-04-08,600036,11:04:54,39.5500,11,2
2026-04-08,600036,11:04:57,39.5500,26,2
2026-04-08,600036,11:05:00,39.5500,2,2
2026-04-08,600036,11:05:03,39.5600,22,1
2026-04-08,600036,11:05:06,39.5600,4,1
2026-04-08,600036,11:05:09,39.5500,17,2
2026-04-08,600036,11:05:12,39.5600,28,1
2026-04-08,600036,11:05:15,39.5600,7,1
2026-04-08,600036,11:05:18,39.5600,30,1
2026-04-08,600036,11:05:21,39.5400,2071,2
2026-04-08,600036,11:05:24,39.5300,52,2
2026-04-08,600036,11:05:27,39.5300,4,2
2026-04-08,600036,11:05:30,39.5300,1137,2
2026-04-08,600036,11:05:33,39.5200,4,1
2026-04-08,600036,11:05:36,39.5200,71,1
2026-04-08,600036,11:05:39,39.5100,34,2
2026-04-08,600036,11:05:42,39.5100,29,2
2026-04-08,600036,11:05:45,39.5100,115,2
2026-04-08,600036,11:05:48,39.5100,92,2
2026-04-08,600036,11:05:51,39.5100,16,2
2026-04-08,600036,11:05:54,39.5000,30,2
2026-04-08,600036,11:05:57,39.5000,47,2
2026-04-08,600036,11:06:00,39.5000,37,2
2026-04-08,600036,11:06:03,39.5000,29,2
2026-04-08,600036,11:06:06,39.5000,13,2
2026-04-08,600036,11:06:09,39.5000,1074,2
2026-04-08,600036,11:06:12,39.5000,245,2
2026-04-08,600036,11:06:15,39.5000,210,2
2026-04-08,600036,11:06:18,39.5000,43,1
2026-04-08,600036,11:06:21,39.5000,1048,1
2026-04-08,600036,11:06:24,39.5100,23,4
2026-04-08,600036,11:06:27,39.5200,217,1
2026-04-08,600036,11:06:30,39.5200,499,1
2026-04-08,600036,11:06:33,39.5000,274,2
2026-04-08,600036,11:06:36,39.5000,29,1
2026-04-08,600036,11:06:39,39.5000,33,1
2026-04-08,600036,11:06:42,39.4900,21,2
2026-04-08,600036,11:06:45,39.4900,10,2
2026-04-08,600036,11:06:48,39.5000,78,1
2026-04-08,600036,11:06:51,39.4900,5,2
2026-04-08,600036,11:06:54,39.5000,203,1
2026-04-08,600036,11:06:57,39.4900,228,2
2026-04-08,600036,11:07:00,39.5000,11,1
2026-04-08,600036,11:07:03,39.4900,16,2
2026-04-08,600036,11:07:06,39.4900,3,2
2026-04-08,600036,11:07:09,39.4900,15,2
2026-04-08,600036,11:07:12,39.4900,75,2
2026-04-08,600036,11:07:15,39.4900,4,2
2026-04-08,600036,11:07:18,39.4900,66,2
2026-04-08,600036,11:07:21,39.4900,630,2
2026-04-08,600036,11:07:24,39.4900,40,2
2026-04-08,600036,11:07:27,39.5000,12,1
2026-04-08,600036,11:07:30,39.5000,67,1
2026-04-08,600036,11:07:33,39.5000,15,1
2026-04-08,600036,11:07:36,39.4900,15,2
2026-04-08,600036,11:07:39,39.5000,7,1
2026-04-08,600036,11:07:42,39.5000,22,1
2026-04-08,600036,11:07:45,39.5000,5,1
2026-04-08,600036,11:07:48,39.5000,21,1
2026-04-08,600036,11:07:51,39.5000,3,1
2026-04-08,600036,11:07:54,39.4900,24,2
2026-04-08,600036,11:07:57,39.4900,4,2
2026-04-08,600036,11:08:00,39.5000,52,1
2026-04-08,600036,11:08:03,39.4900,27,2
2026-04-08,600036,11:08:06,39.5000,21,1
2026-04-08,600036,11:08:09,39.4900,52,2
2026-04-08,600036,11:08:12,39.4900,13,2
2026-04-08,600036,11:08:15,39.5000,2,1
2026-04-08,600036,11:08:18,39.5000,13,1
2026-04-08,600036,11:08:21,39.5000,27,1
2026-04-08,600036,11:08:24,39.4900,38,2
2026-04-08,600036,11:08:30,39.5000,49,1
2026-04-08,600036,11:08:33,39.4900,2,2
2026-04-08,600036,11:08:36,39.4900,31,2
2026-04-08,600036,11:08:42,39.5000,15,1
2026-04-08,600036,11:08:45,39.5000,7,1
2026-04-08,600036,11:08:51,39.5000,5,1
2026-04-08,600036,11:08:54,39.5000,20,1
2026-04-08,600036,11:08:57,39.5000,77,1
2026-04-08,600036,11:09:00,39.5100,19,1
2026-04-08,600036,11:09:03,39.5200,102,1
2026-04-08,600036,11:09:06,39.5100,91,2
2026-04-08,600036,11:09:09,39.5200,20,1
2026-04-08,600036,11:09:12,39.5200,77,1
2026-04-08,600036,11:09:15,39.5200,30,1
2026-04-08,600036,11:09:18,39.5200,5,1
2026-04-08,600036,11:09:21,39.5200,30,1
2026-04-08,600036,11:09:24,39.5200,18,1
2026-04-08,600036,11:09:27,39.5200,1,1
2026-04-08,600036,11:09:30,39.5100,68,2
2026-04-08,600036,11:09:33,39.5100,16,2
2026-04-08,600036,11:09:36,39.5200,1,1
2026-04-08,600036,11:09:39,39.5100,2,2
2026-04-08,600036,11:09:42,39.5200,24,1
2026-04-08,600036,11:09:45,39.5200,4,1
2026-04-08,600036,11:09:48,39.5200,13,1
2026-04-08,600036,11:09:51,39.5200,36,1
2026-04-08,600036,11:09:54,39.5100,17,2
2026-04-08,600036,11:09:57,39.5300,471,1
2026-04-08,600036,11:10:00,39.5300,30,1
2026-04-08,600036,11:10:03,39.5300,15,1
2026-04-08,600036,11:10:06,39.5200,55,2
2026-04-08,600036,11:10:09,39.5300,18,1
2026-04-08,600036,11:10:12,39.5300,2,1
2026-04-08,600036,11:10:15,39.5300,27,1
2026-04-08,600036,11:10:18,39.5300,200,1
2026-04-08,600036,11:10:21,39.5200,113,2
2026-04-08,600036,11:10:24,39.5300,88,1
2026-04-08,600036,11:10:27,39.5200,18,2
2026-04-08,600036,11:10:30,39.5200,9,2
2026-04-08,600036,11:10:33,39.5200,225,2
2026-04-08,600036,11:10:36,39.5100,164,2
2026-04-08,600036,11:10:39,39.5200,13,1
2026-04-08,600036,11:10:42,39.5200,32,1
2026-04-08,600036,11:10:45,39.5100,11,2
2026-04-08,600036,11:10:48,39.5200,1,1
2026-04-08,600036,11:10:51,39.5100,8,2
2026-04-08,600036,11:10:54,39.5100,9,2
2026-04-08,600036,11:10:57,39.5200,1,1
2026-04-08,600036,11:11:00,39.5100,8,2
2026-04-08,600036,11:11:03,39.5100,43,2
2026-04-08,600036,11:11:06,39.5100,21,2
2026-04-08,600036,11:11:09,39.5200,108,1
2026-04-08,600036,11:11:12,39.5200,33,1
2026-04-08,600036,11:11:15,39.5100,63,2
2026-04-08,600036,11:11:18,39.5100,5,2
2026-04-08,600036,11:11:21,39.5100,6,2
2026-04-08,600036,11:11:24,39.5100,72,2
2026-04-08,600036,11:11:27,39.5100,22,2
2026-04-08,600036,11:11:30,39.5100,19,2
2026-04-08,600036,11:11:33,39.5100,8,2
2026-04-08,600036,11:11:36,39.5200,7,1
2026-04-08,600036,11:11:39,39.5100,5,2
2026-04-08,600036,11:11:42,39.5200,37,1
2026-04-08,600036,11:11:45,39.5200,36,1
2026-04-08,600036,11:11:48,39.5100,13,2
2026-04-08,600036,11:11:51,39.5100,5,2
2026-04-08,600036,11:11:54,39.5200,29,1
2026-04-08,600036,11:11:57,39.5100,21,2
2026-04-08,600036,11:12:00,39.5100,40,2
2026-04-08,600036,11:12:03,39.5100,4,2
2026-04-08,600036,11:12:06,39.5200,8,1
2026-04-08,600036,11:12:09,39.5100,13,2
2026-04-08,600036,11:12:12,39.5100,49,2
2026-04-08,600036,11:12:15,39.5200,70,1
2026-04-08,600036,11:12:18,39.5200,12,1
2026-04-08,600036,11:12:21,39.5100,25,2
2026-04-08,600036,11:12:24,39.5100,5,1
2026-04-08,600036,11:12:27,39.5200,5,1
2026-04-08,600036,11:12:33,39.5200,7,1
2026-04-08,600036,11:12:36,39.5200,11,1
2026-04-08,600036,11:12:39,39.5200,7,1
2026-04-08,600036,11:12:42,39.5100,3,2
2026-04-08,600036,11:12:45,39.5200,1,1
2026-04-08,600036,11:12:48,39.5100,5,2
2026-04-08,600036,11:12:51,39.5100,18,2
2026-04-08,600036,11:12:54,39.5100,18,2
2026-04-08,600036,11:12:57,39.5100,16,2
2026-04-08,600036,11:13:00,39.5100,36,2
2026-04-08,600036,11:13:03,39.5200,16,1
2026-04-08,600036,11:13:06,39.5200,13,1
2026-04-08,600036,11:13:09,39.5200,126,1
2026-04-08,600036,11:13:12,39.5200,150,1
2026-04-08,600036,11:13:15,39.5200,41,1
2026-04-08,600036,11:13:18,39.5200,55,1
2026-04-08,600036,11:13:21,39.5200,45,1
2026-04-08,600036,11:13:24,39.5200,60,1
2026-04-08,600036,11:13:27,39.5100,127,2
2026-04-08,600036,11:13:30,39.5200,29,1
2026-04-08,600036,11:13:33,39.5200,39,1
2026-04-08,600036,11:13:36,39.5200,30,1
2026-04-08,600036,11:13:39,39.5200,3,1
2026-04-08,600036,11:13:42,39.5200,77,1
2026-04-08,600036,11:13:45,39.5200,131,1
2026-04-08,600036,11:13:48,39.5300,14,1
2026-04-08,600036,11:13:51,39.5200,25,2
2026-04-08,600036,11:13:54,39.5300,31,1
2026-04-08,600036,11:13:57,39.5300,1,1
2026-04-08,600036,11:14:00,39.5200,9,2
2026-04-08,600036,11:14:03,39.5300,24,1
2026-04-08,600036,11:14:06,39.5300,19,1
2026-04-08,600036,11:14:09,39.5200,112,2
2026-04-08,600036,11:14:12,39.5300,13,1
2026-04-08,600036,11:14:15,39.5400,519,1
2026-04-08,600036,11:14:18,39.5500,2,1
2026-04-08,600036,11:14:21,39.5400,24,2
2026-04-08,600036,11:14:24,39.5400,2,2
2026-04-08,600036,11:14:27,39.5500,1,1
2026-04-08,600036,11:14:30,39.5400,61,2
2026-04-08,600036,11:14:33,39.5500,5,1
2026-04-08,600036,11:14:36,39.5500,4,1
2026-04-08,600036,11:14:39,39.5500,27,1
2026-04-08,600036,11:14:42,39.5400,3,2
2026-04-08,600036,11:14:45,39.5500,13,1
2026-04-08,600036,11:14:51,39.5400,4,2
2026-04-08,600036,11:14:54,39.5500,8,1
2026-04-08,600036,11:14:57,39.5400,9,2
2026-04-08,600036,11:15:00,39.5500,17,1
2026-04-08,600036,11:15:03,39.5400,11,2
2026-04-08,600036,11:15:06,39.5500,2,1
2026-04-08,600036,11:15:09,39.5400,113,2
2026-04-08,600036,11:15:12,39.5400,20,1
2026-04-08,600036,11:15:15,39.5400,2,1
2026-04-08,600036,11:15:18,39.5400,23,1
2026-04-08,600036,11:15:21,39.5400,25,1
2026-04-08,600036,11:15:24,39.5300,43,2
2026-04-08,600036,11:15:27,39.5300,10,2
2026-04-08,600036,11:15:30,39.5400,4,1
2026-04-08,600036,11:15:33,39.5400,90,1
2026-04-08,600036,11:15:36,39.5400,20,1
2026-04-08,600036,11:15:39,39.5300,3,2
2026-04-08,600036,11:15:42,39.5300,87,2
2026-04-08,600036,11:15:45,39.5300,37,2
2026-04-08,600036,11:15:48,39.5300,14,2
2026-04-08,600036,11:15:51,39.5300,19,2
2026-04-08,600036,11:15:54,39.5300,2,2
2026-04-08,600036,11:15:57,39.5400,6,1
2026-04-08,600036,11:16:00,39.5300,31,2
2026-04-08,600036,11:16:03,39.5400,6,1
2026-04-08,600036,11:16:06,39.5400,8,1
2026-04-08,600036,11:16:09,39.5300,21,2
2026-04-08,600036,11:16:12,39.5400,3,1
2026-04-08,600036,11:16:15,39.5300,21,2
2026-04-08,600036,11:16:18,39.5300,2,2
2026-04-08,600036,11:16:21,39.5400,5,1
2026-04-08,600036,11:16:24,39.5300,21,2
2026-04-08,600036,11:16:27,39.5400,19,1
2026-04-08,600036,11:16:33,39.5400,7,1
2026-04-08,600036,11:16:36,39.5300,3,2
2026-04-08,600036,11:16:39,39.5300,10,2
2026-04-08,600036,11:16:42,39.5400,16,1
2026-04-08,600036,11:16:45,39.5400,22,1
2026-04-08,600036,11:16:48,39.5400,17,1
2026-04-08,600036,11:16:51,39.5400,1,1
2026-04-08,600036,11:16:57,39.5300,54,2
2026-04-08,600036,11:17:00,39.5500,457,1
2026-04-08,600036,11:17:03,39.5400,20,4
2026-04-08,600036,11:17:06,39.5500,16,1
2026-04-08,600036,11:17:09,39.5500,4,1
2026-04-08,600036,11:17:12,39.5500,222,1
2026-04-08,600036,11:17:15,39.5500,7,1
2026-04-08,600036,11:17:18,39.5500,26,1
2026-04-08,600036,11:17:21,39.5500,1,1
2026-04-08,600036,11:17:24,39.5500,99,1
2026-04-08,600036,11:17:27,39.5500,89,2
2026-04-08,600036,11:17:30,39.5500,120,2
2026-04-08,600036,11:17:33,39.5500,6,2
2026-04-08,600036,11:17:36,39.5500,1022,2
2026-04-08,600036,11:17:39,39.5400,30,2
2026-04-08,600036,11:17:42,39.5400,10,2
2026-04-08,600036,11:17:45,39.5400,38,2
2026-04-08,600036,11:17:48,39.5300,161,2
2026-04-08,600036,11:17:51,39.5400,70,1
2026-04-08,600036,11:17:54,39.5400,7,2
2026-04-08,600036,11:18:00,39.5400,5,1
2026-04-08,600036,11:18:03,39.5400,32,1
2026-04-08,600036,11:18:06,39.5400,6,1
2026-04-08,600036,11:18:09,39.5400,1,1
2026-04-08,600036,11:18:12,39.5400,21,1
2026-04-08,600036,11:18:15,39.5300,2,2
2026-04-08,600036,11:18:18,39.5400,3,1
2026-04-08,600036,11:18:21,39.5400,6,1
2026-04-08,600036,11:18:24,39.5400,1,1
2026-04-08,600036,11:18:30,39.5400,22,1
2026-04-08,600036,11:18:33,39.5300,13,2
2026-04-08,600036,11:18:36,39.5400,13,1
2026-04-08,600036,11:18:39,39.5400,5,1
2026-04-08,600036,11:18:42,39.5300,1,2
2026-04-08,600036,11:18:45,39.5300,9,2
2026-04-08,600036,11:18:48,39.5400,30,1
2026-04-08,600036,11:18:51,39.5400,42,1
2026-04-08,600036,11:18:54,39.5400,11,1
2026-04-08,600036,11:18:57,39.5400,137,1
2026-04-08,600036,11:19:00,39.5400,11,2
2026-04-08,600036,11:19:03,39.5500,3,1
2026-04-08,600036,11:19:06,39.5400,65,2
2026-04-08,600036,11:19:09,39.5500,65,1
2026-04-08,600036,11:19:12,39.5400,1,2
2026-04-08,600036,11:19:15,39.5500,74,1
2026-04-08,600036,11:19:18,39.5500,1,1
2026-04-08,600036,11:19:21,39.5500,21,1
2026-04-08,600036,11:19:24,39.5400,1,2
2026-04-08,600036,11:19:27,39.5400,15,2
2026-04-08,600036,11:19:30,39.5400,3,2
2026-04-08,600036,11:19:33,39.5500,33,1
2026-04-08,600036,11:19:36,39.5500,50,1
2026-04-08,600036,11:19:39,39.5500,23,1
2026-04-08,600036,11:19:42,39.5400,16,2
2026-04-08,600036,11:19:45,39.5500,15,1
