date,code,time,price,volume,bs
2026-03-17,601012,14:07:06,18.8800,553,2
2026-03-17,601012,14:07:09,18.8800,96,2
2026-03-17,601012,14:07:12,18.8800,167,2
2026-03-17,601012,14:07:15,18.8900,121,1
2026-03-17,601012,14:07:19,18.8800,185,2
2026-03-17,601012,14:07:21,18.8800,111,2
2026-03-17,601012,14:07:24,18.8800,269,2
2026-03-17,601012,14:07:27,18.8800,185,1
2026-03-17,601012,14:07:30,18.8800,254,1
2026-03-17,601012,14:07:33,18.8800,786,2
2026-03-17,601012,14:07:36,18.8800,83,1
2026-03-17,601012,14:07:39,18.8800,318,1
2026-03-17,601012,14:07:42,18.8700,418,2
2026-03-17,601012,14:07:45,18.8700,214,2
2026-03-17,601012,14:07:48,18.8800,103,4
2026-03-17,601012,14:07:51,18.8700,99,2
2026-03-17,601012,14:07:54,18.8700,127,2
2026-03-17,601012,14:07:57,18.8800,207,1
2026-03-17,601012,14:08:00,18.8800,356,1
2026-03-17,601012,14:08:03,18.8700,266,2
2026-03-17,601012,14:08:06,18.8800,196,1
2026-03-17,601012,14:08:09,18.8800,171,2
2026-03-17,601012,14:08:12,18.8800,114,4
2026-03-17,601012,14:08:15,18.8800,422,2
2026-03-17,601012,14:08:18,18.8800,115,1
2026-03-17,601012,14:08:21,18.8800,162,1
2026-03-17,601012,14:08:24,18.8800,498,1
2026-03-17,601012,14:08:28,18.8800,337,1
2026-03-17,601012,14:08:30,18.8700,90,2
2026-03-17,601012,14:08:33,18.8800,98,1
2026-03-17,601012,14:08:36,18.8800,158,1
2026-03-17,601012,14:08:39,18.8800,204,1
2026-03-17,601012,14:08:42,18.8700,234,2
2026-03-17,601012,14:08:45,18.8800,506,1
2026-03-17,601012,14:08:48,18.8800,848,1
2026-03-17,601012,14:08:51,18.8800,203,1
2026-03-17,601012,14:08:54,18.8800,1787,1
2026-03-17,601012,14:08:58,18.8800,317,4
2026-03-17,601012,14:09:00,18.8800,232,2
2026-03-17,601012,14:09:03,18.8900,446,1
2026-03-17,601012,14:09:07,18.8900,182,1
2026-03-17,601012,14:09:09,18.8800,1507,2
2026-03-17,601012,14:09:12,18.8800,79,4
2026-03-17,601012,14:09:15,18.8800,28,2
2026-03-17,601012,14:09:18,18.8800,379,2
2026-03-17,601012,14:09:21,18.8900,124,1
2026-03-17,601012,14:09:24,18.8900,196,1
2026-03-17,601012,14:09:27,18.8800,280,2
2026-03-17,601012,14:09:31,18.8900,289,1
2026-03-17,601012,14:09:33,18.8900,217,1
2026-03-17,601012,14:09:36,18.8900,142,2
2026-03-17,601012,14:09:39,18.9000,114,1
2026-03-17,601012,14:09:42,18.9000,108,1
2026-03-17,601012,14:09:45,18.9000,125,1
2026-03-17,601012,14:09:48,18.8900,814,2
2026-03-17,601012,14:09:51,18.8900,459,1
2026-03-17,601012,14:09:54,18.8800,433,2
2026-03-17,601012,14:09:57,18.8900,480,1
2026-03-17,601012,14:10:00,18.8900,161,1
2026-03-17,601012,14:10:04,18.8900,125,1
2026-03-17,601012,14:10:06,18.8800,167,2
2026-03-17,601012,14:10:10,18.8900,406,1
2026-03-17,601012,14:10:12,18.8800,235,2
2026-03-17,601012,14:10:15,18.8900,888,1
2026-03-17,601012,14:10:18,18.8800,1241,2
2026-03-17,601012,14:10:21,18.8800,1187,1
2026-03-17,601012,14:10:24,18.8800,163,1
2026-03-17,601012,14:10:27,18.8700,681,2
2026-03-17,601012,14:10:30,18.8800,194,2
2026-03-17,601012,14:10:33,18.8800,282,2
2026-03-17,601012,14:10:36,18.8900,160,1
2026-03-17,601012,14:10:39,18.8900,261,1
2026-03-17,601012,14:10:42,18.8800,175,2
2026-03-17,601012,14:10:45,18.8800,93,1
2026-03-17,601012,14:10:48,18.8700,185,2
2026-03-17,601012,14:10:51,18.8700,135,2
2026-03-17,601012,14:10:54,18.8700,222,2
2026-03-17,601012,14:10:57,18.8700,342,2
2026-03-17,601012,14:11:00,18.8800,231,1
2026-03-17,601012,14:11:03,18.8700,145,2
2026-03-17,601012,14:11:06,18.8700,313,2
2026-03-17,601012,14:11:09,18.8700,177,2
2026-03-17,601012,14:11:12,18.8800,454,1
2026-03-17,601012,14:11:15,18.8700,246,2
2026-03-17,601012,14:11:18,18.8700,153,2
2026-03-17,601012,14:11:21,18.8700,105,2
2026-03-17,601012,14:11:24,18.8700,146,2
2026-03-17,601012,14:11:27,18.8700,691,2
2026-03-17,601012,14:11:30,18.8700,277,2
2026-03-17,601012,14:11:33,18.8700,111,1
2026-03-17,601012,14:11:36,18.8700,268,1
2026-03-17,601012,14:11:40,18.8600,91,2
2026-03-17,601012,14:11:42,18.8600,132,2
2026-03-17,601012,14:11:45,18.8600,1907,2
2026-03-17,601012,14:11:48,18.8600,872,2
2026-03-17,601012,14:11:51,18.8600,287,1
2026-03-17,601012,14:11:54,18.8500,315,2
2026-03-17,601012,14:11:57,18.8600,3412,1
2026-03-17,601012,14:12:00,18.8500,1522,2
2026-03-17,601012,14:12:03,18.8700,6330,1
2026-03-17,601012,14:12:07,18.8700,814,2
2026-03-17,601012,14:12:09,18.8700,1151,2
2026-03-17,601012,14:12:12,18.8600,2249,2
2026-03-17,601012,14:12:15,18.8700,432,1
2026-03-17,601012,14:12:18,18.8600,1512,2
2026-03-17,601012,14:12:21,18.8600,154,1
2026-03-17,601012,14:12:24,18.8700,698,1
2026-03-17,601012,14:12:27,18.8600,277,2
2026-03-17,601012,14:12:30,18.8700,2255,1
2026-03-17,601012,14:12:33,18.8800,281,1
2026-03-17,601012,14:12:36,18.8800,485,2
2026-03-17,601012,14:12:39,18.8900,822,1
2026-03-17,601012,14:12:42,18.9000,2632,1
2026-03-17,601012,14:12:45,18.9100,20,1
2026-03-17,601012,14:12:48,18.9000,445,2
2026-03-17,601012,14:12:51,18.9000,327,2
2026-03-17,601012,14:12:55,18.9000,441,2
2026-03-17,601012,14:12:57,18.9100,947,1
2026-03-17,601012,14:13:00,18.9000,575,2
2026-03-17,601012,14:13:03,18.9100,379,2
2026-03-17,601012,14:13:06,18.9100,145,1
2026-03-17,601012,14:13:09,18.9000,415,2
2026-03-17,601012,14:13:12,18.9000,205,1
2026-03-17,601012,14:13:15,18.9000,133,1
2026-03-17,601012,14:13:18,18.8900,35,2
2026-03-17,601012,14:13:21,18.8900,161,2
2026-03-17,601012,14:13:24,18.8900,189,2
2026-03-17,601012,14:13:27,18.8900,312,2
2026-03-17,601012,14:13:30,18.8900,162,2
2026-03-17,601012,14:13:33,18.8900,68,2
2026-03-17,601012,14:13:36,18.9000,144,1
2026-03-17,601012,14:13:40,18.9000,263,1
2026-03-17,601012,14:13:42,18.9000,149,1
2026-03-17,601012,14:13:45,18.9000,276,1
2026-03-17,601012,14:13:48,18.9000,400,1
2026-03-17,601012,14:13:51,18.9000,314,1
2026-03-17,601012,14:13:54,18.9100,211,1
2026-03-17,601012,14:13:57,18.9000,960,2
2026-03-17,601012,14:14:00,18.9000,352,1
2026-03-17,601012,14:14:03,18.9000,173,2
2026-03-17,601012,14:14:06,18.8900,83,2
2026-03-17,601012,14:14:10,18.8900,248,1
2026-03-17,601012,14:14:12,18.8800,360,2
2026-03-17,601012,14:14:15,18.8900,118,1
2026-03-17,601012,14:14:18,18.9000,457,1
2026-03-17,601012,14:14:21,18.8900,24,2
2026-03-17,601012,14:14:24,18.8900,262,2
2026-03-17,601012,14:14:27,18.9000,57,1
2026-03-17,601012,14:14:30,18.8900,107,2
2026-03-17,601012,14:14:34,18.8900,104,2
2026-03-17,601012,14:14:36,18.8800,77,2
2026-03-17,601012,14:14:39,18.8800,455,2
2026-03-17,601012,14:14:42,18.8900,137,1
2026-03-17,601012,14:14:45,18.8800,459,2
2026-03-17,601012,14:14:48,18.8800,205,2
2026-03-17,601012,14:14:52,18.8900,270,1
2026-03-17,601012,14:14:54,18.8800,168,2
2026-03-17,601012,14:14:57,18.8800,48,2
2026-03-17,601012,14:15:00,18.8800,410,2
2026-03-17,601012,14:15:03,18.8800,336,2
2026-03-17,601012,14:15:07,18.8900,95,1
2026-03-17,601012,14:15:09,18.8800,168,2
2026-03-17,601012,14:15:12,18.8900,138,1
2026-03-17,601012,14:15:15,18.8900,139,1
2026-03-17,601012,14:15:18,18.8900,190,1
2026-03-17,601012,14:15:21,18.8900,56,1
2026-03-17,601012,14:15:25,18.8900,254,1
2026-03-17,601012,14:15:27,18.8900,38,1
2026-03-17,601012,14:15:30,18.8800,158,2
2026-03-17,601012,14:15:33,18.8800,18,2
2026-03-17,601012,14:15:36,18.8800,597,2
2026-03-17,601012,14:15:39,18.8800,334,1
2026-03-17,601012,14:15:42,18.8700,247,2
2026-03-17,601012,14:15:46,18.8800,225,1
2026-03-17,601012,14:15:49,18.8700,319,2
2026-03-17,601012,14:15:51,18.8700,186,2
2026-03-17,601012,14:15:54,18.8700,121,2
2026-03-17,601012,14:15:57,18.8800,66,1
2026-03-17,601012,14:16:00,18.8800,252,2
2026-03-17,601012,14:16:03,18.8800,1772,2
2026-03-17,601012,14:16:06,18.8800,680,2
2026-03-17,601012,14:16:09,18.8800,157,1
2026-03-17,601012,14:16:12,18.8700,130,2
2026-03-17,601012,14:16:16,18.8800,82,1
2026-03-17,601012,14:16:18,18.8700,208,2
2026-03-17,601012,14:16:21,18.8700,171,2
2026-03-17,601012,14:16:24,18.8800,509,1
2026-03-17,601012,14:16:27,18.8800,16,2
2026-03-17,601012,14:16:30,18.8800,366,2
2026-03-17,601012,14:16:33,18.8800,564,2
2026-03-17,601012,14:16:36,18.8800,172,2
2026-03-17,601012,14:16:39,18.8800,172,2
2026-03-17,601012,14:16:42,18.8800,104,2
2026-03-17,601012,14:16:45,18.8800,46,2
2026-03-17,601012,14:16:48,18.8900,284,1
2026-03-17,601012,14:16:51,18.8800,214,2
2026-03-17,601012,14:16:54,18.8800,151,2
2026-03-17,601012,14:16:58,18.8800,180,2
2026-03-17,601012,14:17:00,18.8900,300,1
2026-03-17,601012,14:17:03,18.8800,217,2
2026-03-17,601012,14:17:06,18.8900,264,1
2026-03-17,601012,14:17:09,18.8900,352,1
2026-03-17,601012,14:17:12,18.8800,274,2
2026-03-17,601012,14:17:15,18.8800,1506,2
2026-03-17,601012,14:17:18,18.8800,744,2
2026-03-17,601012,14:17:21,18.8700,1259,2
2026-03-17,601012,14:17:24,18.8700,458,1
2026-03-17,601012,14:17:27,18.8700,919,1
2026-03-17,601012,14:17:30,18.8600,186,2
2026-03-17,601012,14:17:33,18.8700,204,1
2026-03-17,601012,14:17:36,18.8600,70,2
2026-03-17,601012,14:17:39,18.8700,77,1
2026-03-17,601012,14:17:42,18.8600,204,2
2026-03-17,601012,14:17:45,18.8700,170,1
2026-03-17,601012,14:17:48,18.8600,305,2
2026-03-17,601012,14:17:51,18.8600,235,2
2026-03-17,601012,14:17:54,18.8700,147,1
2026-03-17,601012,14:17:57,18.8600,375,2
2026-03-17,601012,14:18:00,18.8600,1588,2
2026-03-17,601012,14:18:03,18.8400,453,2
2026-03-17,601012,14:18:06,18.8500,513,4
2026-03-17,601012,14:18:09,18.8500,318,2
2026-03-17,601012,14:18:12,18.8600,332,1
2026-03-17,601012,14:18:15,18.8600,114,1
2026-03-17,601012,14:18:18,18.8500,84,2
2026-03-17,601012,14:18:21,18.8600,147,1
2026-03-17,601012,14:18:24,18.8500,399,2
2026-03-17,601012,14:18:27,18.8500,63,2
2026-03-17,601012,14:18:30,18.8500,427,2
2026-03-17,601012,14:18:33,18.8500,26,1
2026-03-17,601012,14:18:36,18.8400,131,2
2026-03-17,601012,14:18:39,18.8400,150,2
2026-03-17,601012,14:18:42,18.8400,83,2
2026-03-17,601012,14:18:46,18.8500,1710,1
2026-03-17,601012,14:18:48,18.8400,328,2
2026-03-17,601012,14:18:51,18.8300,76,2
2026-03-17,601012,14:18:55,18.8400,512,1
2026-03-17,601012,14:18:57,18.8400,83,1
2026-03-17,601012,14:19:00,18.8400,1228,1
2026-03-17,601012,14:19:03,18.8400,282,2
2026-03-17,601012,14:19:06,18.8400,499,2
2026-03-17,601012,14:19:10,18.8300,128,2
2026-03-17,601012,14:19:13,18.8400,450,1
2026-03-17,601012,14:19:16,18.8400,307,2
2026-03-17,601012,14:19:18,18.8300,282,2
2026-03-17,601012,14:19:21,18.8400,222,1
2026-03-17,601012,14:19:24,18.8300,1112,2
2026-03-17,601012,14:19:27,18.8300,185,1
2026-03-17,601012,14:19:30,18.8200,422,2
2026-03-17,601012,14:19:33,18.8200,433,2
2026-03-17,601012,14:19:36,18.8300,3049,1
2026-03-17,601012,14:19:39,18.8300,1384,2
2026-03-17,601012,14:19:42,18.8300,918,2
2026-03-17,601012,14:19:45,18.8300,76,2
2026-03-17,601012,14:19:48,18.8300,358,2
2026-03-17,601012,14:19:51,18.8300,460,2
2026-03-17,601012,14:19:54,18.8200,414,2
2026-03-17,601012,14:19:57,18.8200,26,2
2026-03-17,601012,14:20:00,18.8300,369,1
2026-03-17,601012,14:20:04,18.8200,444,2
2026-03-17,601012,14:20:06,18.8300,1649,1
2026-03-17,601012,14:20:09,18.8200,1026,2
2026-03-17,601012,14:20:12,18.8200,827,2
2026-03-17,601012,14:20:15,18.8500,446,1
2026-03-17,601012,14:20:18,18.8200,148,2
2026-03-17,601012,14:20:21,18.8200,86,2
2026-03-17,601012,14:20:25,18.8300,42,1
2026-03-17,601012,14:20:27,18.8400,158,1
2026-03-17,601012,14:20:30,18.8300,3662,2
2026-03-17,601012,14:20:33,18.8300,188,2
2026-03-17,601012,14:20:36,18.8300,153,1
2026-03-17,601012,14:20:39,18.8300,770,1
2026-03-17,601012,14:20:42,18.8300,67,2
2026-03-17,601012,14:20:45,18.8300,107,2
2026-03-17,601012,14:20:48,18.8300,163,1
2026-03-17,601012,14:20:51,18.8300,57,1
2026-03-17,601012,14:20:54,18.8300,209,1
2026-03-17,601012,14:20:57,18.8300,88,1
2026-03-17,601012,14:21:01,18.8200,186,2
2026-03-17,601012,14:21:03,18.8300,46,4
2026-03-17,601012,14:21:07,18.8300,222,2
2026-03-17,601012,14:21:10,18.8300,2925,2
2026-03-17,601012,14:21:12,18.8300,96,1
2026-03-17,601012,14:21:15,18.8300,659,1
2026-03-17,601012,14:21:18,18.8100,224,2
2026-03-17,601012,14:21:21,18.8200,280,4
2026-03-17,601012,14:21:24,18.8200,122,1
2026-03-17,601012,14:21:27,18.8200,174,1
2026-03-17,601012,14:21:30,18.8200,599,1
2026-03-17,601012,14:21:33,18.8200,633,1
2026-03-17,601012,14:21:36,18.8100,195,2
2026-03-17,601012,14:21:39,18.8100,579,2
2026-03-17,601012,14:21:42,18.8100,187,2
2026-03-17,601012,14:21:45,18.8100,493,2
2026-03-17,601012,14:21:48,18.8100,831,2
2026-03-17,601012,14:21:51,18.8200,423,4
2026-03-17,601012,14:21:54,18.8100,72,2
2026-03-17,601012,14:21:57,18.8100,209,2
2026-03-17,601012,14:22:00,18.8200,626,1
2026-03-17,601012,14:22:04,18.8200,714,1
2026-03-17,601012,14:22:06,18.8100,204,2
2026-03-17,601012,14:22:09,18.8100,217,2
2026-03-17,601012,14:22:12,18.8100,1111,2
2026-03-17,601012,14:22:15,18.8200,1783,1
2026-03-17,601012,14:22:18,18.8100,721,2
2026-03-17,601012,14:22:21,18.8200,303,1
2026-03-17,601012,14:22:24,18.8200,556,1
2026-03-17,601012,14:22:27,18.8100,38,2
2026-03-17,601012,14:22:30,18.8100,751,2
2026-03-17,601012,14:22:33,18.8200,935,1
2026-03-17,601012,14:22:36,18.8200,566,2
2026-03-17,601012,14:22:39,18.8200,238,2
2026-03-17,601012,14:22:43,18.8200,903,2
2026-03-17,601012,14:22:45,18.8200,283,4
2026-03-17,601012,14:22:48,18.8300,29,1
2026-03-17,601012,14:22:51,18.8300,68,1
2026-03-17,601012,14:22:54,18.8200,113,2
2026-03-17,601012,14:22:57,18.8300,227,1
2026-03-17,601012,14:23:00,18.8300,77,1
2026-03-17,601012,14:23:03,18.8200,65,2
2026-03-17,601012,14:23:06,18.8200,32,2
2026-03-17,601012,14:23:09,18.8200,131,2
2026-03-17,601012,14:23:13,18.8200,319,2
2026-03-17,601012,14:23:16,18.8200,283,2
2026-03-17,601012,14:23:18,18.8100,343,2
2026-03-17,601012,14:23:21,18.8200,57,1
2026-03-17,601012,14:23:24,18.8100,167,2
2026-03-17,601012,14:23:27,18.8200,222,1
2026-03-17,601012,14:23:30,18.8100,163,2
2026-03-17,601012,14:23:33,18.8100,192,2
2026-03-17,601012,14:23:37,18.8100,183,2
2026-03-17,601012,14:23:39,18.8100,165,2
2026-03-17,601012,14:23:42,18.8200,253,1
2026-03-17,601012,14:23:45,18.8100,698,2
2026-03-17,601012,14:23:48,18.8100,365,2
2026-03-17,601012,14:23:51,18.8100,221,2
2026-03-17,601012,14:23:55,18.8000,256,2
2026-03-17,601012,14:23:57,18.8000,522,2
2026-03-17,601012,14:24:00,18.8100,11480,1
2026-03-17,601012,14:24:03,18.8100,631,2
2026-03-17,601012,14:24:06,18.8100,488,2
2026-03-17,601012,14:24:09,18.8100,123,1
2026-03-17,601012,14:24:12,18.8000,1944,2
2026-03-17,601012,14:24:16,18.8100,390,1
2026-03-17,601012,14:24:18,18.8100,480,1
2026-03-17,601012,14:24:21,18.8100,73,1
2026-03-17,601012,14:24:24,18.8200,280,1
2026-03-17,601012,14:24:27,18.8100,57,4
2026-03-17,601012,14:24:30,18.8100,418,1
2026-03-17,601012,14:24:33,18.8000,190,2
2026-03-17,601012,14:24:36,18.8100,158,1
2026-03-17,601012,14:24:39,18.8100,249,1
2026-03-17,601012,14:24:42,18.8000,194,2
2026-03-17,601012,14:24:45,18.8100,237,1
2026-03-17,601012,14:24:48,18.8100,299,2
2026-03-17,601012,14:24:51,18.8100,172,1
2026-03-17,601012,14:24:54,18.8100,179,1
2026-03-17,601012,14:24:57,18.8100,125,1
2026-03-17,601012,14:25:00,18.8100,338,1
2026-03-17,601012,14:25:03,18.8100,174,2
2026-03-17,601012,14:25:06,18.8000,435,2
2026-03-17,601012,14:25:09,18.8100,142,4
2026-03-17,601012,14:25:12,18.8200,374,1
2026-03-17,601012,14:25:15,18.8100,249,4
2026-03-17,601012,14:25:18,18.8200,254,1
2026-03-17,601012,14:25:21,18.8100,152,2
2026-03-17,601012,14:25:24,18.8200,215,1
2026-03-17,601012,14:25:27,18.8200,105,1
2026-03-17,601012,14:25:30,18.8200,204,1
2026-03-17,601012,14:25:33,18.8200,162,1
2026-03-17,601012,14:25:36,18.8200,122,1
2026-03-17,601012,14:25:39,18.8200,218,1
2026-03-17,601012,14:25:42,18.8100,400,2
2026-03-17,601012,14:25:45,18.8200,117,1
2026-03-17,601012,14:25:48,18.8200,148,1
2026-03-17,601012,14:25:51,18.8100,304,2
2026-03-17,601012,14:25:54,18.8200,93,1
2026-03-17,601012,14:25:57,18.8100,241,2
2026-03-17,601012,14:26:01,18.8200,203,1
2026-03-17,601012,14:26:03,18.8100,57,2
2026-03-17,601012,14:26:06,18.8100,331,2
2026-03-17,601012,14:26:09,18.8100,182,2
2026-03-17,601012,14:26:12,18.8100,1221,2
2026-03-17,601012,14:26:15,18.8000,328,2
2026-03-17,601012,14:26:18,18.8100,167,1
2026-03-17,601012,14:26:21,18.8100,294,1
2026-03-17,601012,14:26:24,18.8100,183,2
2026-03-17,601012,14:26:27,18.8100,158,1
2026-03-17,601012,14:26:30,18.8000,139,2
2026-03-17,601012,14:26:33,18.8000,107,2
2026-03-17,601012,14:26:36,18.8000,140,2
2026-03-17,601012,14:26:39,18.8100,306,1
2026-03-17,601012,14:26:42,18.8100,91,2
2026-03-17,601012,14:26:45,18.8100,92,2
2026-03-17,601012,14:26:48,18.8100,348,2
2026-03-17,601012,14:26:51,18.8100,819,2
2026-03-17,601012,14:26:54,18.8200,180,1
2026-03-17,601012,14:26:57,18.8100,82,2
2026-03-17,601012,14:27:00,18.8200,96,1
2026-03-17,601012,14:27:03,18.8100,291,2
2026-03-17,601012,14:27:06,18.8200,358,1
2026-03-17,601012,14:27:09,18.8200,481,1
2026-03-17,601012,14:27:12,18.8100,201,2
2026-03-17,601012,14:27:15,18.8100,504,2
2026-03-17,601012,14:27:18,18.8100,98,1
2026-03-17,601012,14:27:21,18.8100,284,2
2026-03-17,601012,14:27:24,18.8100,394,1
2026-03-17,601012,14:27:27,18.8100,105,1
2026-03-17,601012,14:27:31,18.8100,117,2
2026-03-17,601012,14:27:33,18.8200,111,1
2026-03-17,601012,14:27:36,18.8100,26,2
2026-03-17,601012,14:27:39,18.8200,135,1
2026-03-17,601012,14:27:42,18.8200,318,1
2026-03-17,601012,14:27:45,18.8100,45,2
2026-03-17,601012,14:27:48,18.8100,125,2
2026-03-17,601012,14:27:51,18.8200,367,1
2026-03-17,601012,14:27:54,18.8100,38,2
2026-03-17,601012,14:27:57,18.8100,132,2
2026-03-17,601012,14:28:00,18.8100,313,2
2026-03-17,601012,14:28:03,18.8200,204,1
2026-03-17,601012,14:28:06,18.8100,68,2
2026-03-17,601012,14:28:10,18.8100,547,2
2026-03-17,601012,14:28:12,18.8100,221,2
2026-03-17,601012,14:28:15,18.8100,88,2
2026-03-17,601012,14:28:18,18.8100,223,2
2026-03-17,601012,14:28:21,18.8200,227,1
2026-03-17,601012,14:28:24,18.8200,563,1
2026-03-17,601012,14:28:27,18.8200,75,1
2026-03-17,601012,14:28:30,18.8200,642,1
2026-03-17,601012,14:28:33,18.8100,208,2
2026-03-17,601012,14:28:36,18.8100,518,2
2026-03-17,601012,14:28:39,18.8100,269,1
2026-03-17,601012,14:28:42,18.8100,234,1
2026-03-17,601012,14:28:45,18.8000,236,2
2026-03-17,601012,14:28:48,18.8100,118,1
2026-03-17,601012,14:28:51,18.8000,724,2
2026-03-17,601012,14:28:54,18.8100,80,4
2026-03-17,601012,14:28:57,18.8100,42,2
2026-03-17,601012,14:29:00,18.8100,284,2
2026-03-17,601012,14:29:03,18.8100,212,2
2026-03-17,601012,14:29:06,18.8200,64,1
2026-03-17,601012,14:29:10,18.8100,247,2
2026-03-17,601012,14:29:12,18.8100,141,1
2026-03-17,601012,14:29:16,18.8100,122,1
2026-03-17,601012,14:29:18,18.8100,640,1
2026-03-17,601012,14:29:21,18.8100,68,2
2026-03-17,601012,14:29:24,18.8100,651,2
2026-03-17,601012,14:29:27,18.8100,257,2
2026-03-17,601012,14:29:30,18.8000,4184,2
2026-03-17,601012,14:29:33,18.8000,306,2
2026-03-17,601012,14:29:36,18.8000,197,2
2026-03-17,601012,14:29:39,18.8100,221,1
2026-03-17,601012,14:29:42,18.8000,1227,2
2026-03-17,601012,14:29:45,18.8100,313,1
2026-03-17,601012,14:29:48,18.8000,260,2
2026-03-17,601012,14:29:51,18.8000,153,2
2026-03-17,601012,14:29:54,18.8100,37,1
2026-03-17,601012,14:29:57,18.8000,182,2
2026-03-17,601012,14:30:00,18.8000,659,2
2026-03-17,601012,14:30:03,18.8000,848,2
2026-03-17,601012,14:30:06,18.8000,246,1
2026-03-17,601012,14:30:09,18.8000,330,1
2026-03-17,601012,14:30:12,18.7900,615,2
2026-03-17,601012,14:30:15,18.8000,260,1
2026-03-17,601012,14:30:18,18.7900,82,2
2026-03-17,601012,14:30:21,18.8000,220,1
2026-03-17,601012,14:30:24,18.7900,223,2
2026-03-17,601012,14:30:27,18.7900,197,2
2026-03-17,601012,14:30:30,18.7900,581,2
2026-03-17,601012,14:30:33,18.7900,1077,1
2026-03-17,601012,14:30:37,18.7900,158,2
2026-03-17,601012,14:30:39,18.7900,362,2
2026-03-17,601012,14:30:42,18.7900,198,2
2026-03-17,601012,14:30:45,18.7900,317,2
2026-03-17,601012,14:30:48,18.7900,432,1
2026-03-17,601012,14:30:51,18.7900,112,1
2026-03-17,601012,14:30:55,18.7900,88,2
2026-03-17,601012,14:30:57,18.8000,787,1
2026-03-17,601012,14:31:00,18.7900,508,2
2026-03-17,601012,14:31:03,18.7900,274,2
2026-03-17,601012,14:31:06,18.8000,415,1
2026-03-17,601012,14:31:09,18.8000,384,1
2026-03-17,601012,14:31:12,18.8000,2543,1
2026-03-17,601012,14:31:15,18.8000,610,2
2026-03-17,601012,14:31:18,18.8000,253,1
2026-03-17,601012,14:31:21,18.7900,611,2
2026-03-17,601012,14:31:24,18.8000,144,1
2026-03-17,601012,14:31:27,18.8000,78,1
2026-03-17,601012,14:31:30,18.8000,52,1
2026-03-17,601012,14:31:33,18.7900,124,2
2026-03-17,601012,14:31:36,18.8000,104,1
2026-03-17,601012,14:31:39,18.8000,144,1
2026-03-17,601012,14:31:43,18.8000,232,1
2026-03-17,601012,14:31:45,18.8000,206,1
2026-03-17,601012,14:31:48,18.8000,341,1
2026-03-17,601012,14:31:51,18.8000,71,1
2026-03-17,601012,14:31:54,18.7900,289,2
2026-03-17,601012,14:31:57,18.8000,154,1
2026-03-17,601012,14:32:00,18.7900,281,2
2026-03-17,601012,14:32:04,18.8000,235,1
2026-03-17,601012,14:32:07,18.7900,111,2
2026-03-17,601012,14:32:09,18.8000,150,1
2026-03-17,601012,14:32:12,18.7900,81,2
2026-03-17,601012,14:32:15,18.8000,393,1
2026-03-17,601012,14:32:19,18.7900,179,2
2026-03-17,601012,14:32:21,18.8000,180,1
2026-03-17,601012,14:32:24,18.8000,639,1
2026-03-17,601012,14:32:27,18.8000,2690,1
2026-03-17,601012,14:32:30,18.8000,318,2
2026-03-17,601012,14:32:33,18.8000,111,2
2026-03-17,601012,14:32:36,18.8100,176,1
2026-03-17,601012,14:32:39,18.8000,287,2
2026-03-17,601012,14:32:43,18.8000,2491,2
2026-03-17,601012,14:32:45,18.8000,210,1
2026-03-17,601012,14:32:48,18.8000,450,1
2026-03-17,601012,14:32:51,18.8000,217,1
2026-03-17,601012,14:32:54,18.8000,245,1
2026-03-17,601012,14:32:57,18.8000,138,1
2026-03-17,601012,14:33:00,18.7900,477,2
2026-03-17,601012,14:33:03,18.8000,99,1
2026-03-17,601012,14:33:06,18.7900,267,2
2026-03-17,601012,14:33:09,18.8000,301,1
2026-03-17,601012,14:33:12,18.8000,382,1
2026-03-17,601012,14:33:15,18.8000,166,1
2026-03-17,601012,14:33:18,18.8100,1552,1
2026-03-17,601012,14:33:21,18.8100,325,1
2026-03-17,601012,14:33:24,18.8000,117,2
2026-03-17,601012,14:33:27,18.8000,1126,2
2026-03-17,601012,14:33:30,18.8000,1127,1
2026-03-17,601012,14:33:33,18.8100,1106,1
2026-03-17,601012,14:33:36,18.8100,656,2
2026-03-17,601012,14:33:39,18.8100,110,2
2026-03-17,601012,14:33:42,18.8000,561,2
2026-03-17,601012,14:33:45,18.8100,214,4
2026-03-17,601012,14:33:48,18.8200,165,1
2026-03-17,601012,14:33:51,18.8200,505,1
2026-03-17,601012,14:33:54,18.8200,147,1
2026-03-17,601012,14:33:57,18.8300,5455,1
2026-03-17,601012,14:34:00,18.8300,198,2
2026-03-17,601012,14:34:03,18.8300,128,1
2026-03-17,601012,14:34:07,18.8400,37,1
2026-03-17,601012,14:34:09,18.8300,113,2
2026-03-17,601012,14:34:12,18.8300,714,2
2026-03-17,601012,14:34:15,18.8200,804,2
2026-03-17,601012,14:34:18,18.8100,1171,2
2026-03-17,601012,14:34:21,18.8000,1603,2
2026-03-17,601012,14:34:24,18.7900,4053,2
2026-03-17,601012,14:34:27,18.8000,2200,1
2026-03-17,601012,14:34:30,18.8000,388,1
2026-03-17,601012,14:34:33,18.8000,305,1
2026-03-17,601012,14:34:36,18.8000,56,2
2026-03-17,601012,14:34:40,18.8000,204,2
2026-03-17,601012,14:34:42,18.8000,79,2
2026-03-17,601012,14:34:46,18.8100,323,1
2026-03-17,601012,14:34:48,18.8100,159,1
2026-03-17,601012,14:34:51,18.8200,1900,1
2026-03-17,601012,14:34:54,18.8200,500,2
2026-03-17,601012,14:34:57,18.8200,157,2
2026-03-17,601012,14:35:00,18.8200,60,2
2026-03-17,601012,14:35:04,18.8300,161,1
2026-03-17,601012,14:35:06,18.8300,91,1
2026-03-17,601012,14:35:09,18.8300,98,1
2026-03-17,601012,14:35:13,18.8400,359,1
2026-03-17,601012,14:35:15,18.8300,226,2
2026-03-17,601012,14:35:18,18.8200,620,2
2026-03-17,601012,14:35:21,18.8200,564,2
2026-03-17,601012,14:35:24,18.8300,622,1
2026-03-17,601012,14:35:27,18.8300,224,1
2026-03-17,601012,14:35:30,18.8300,198,1
2026-03-17,601012,14:35:33,18.8200,113,2
2026-03-17,601012,14:35:36,18.8200,489,1
2026-03-17,601012,14:35:39,18.8100,1291,2
2026-03-17,601012,14:35:42,18.8100,426,2
2026-03-17,601012,14:35:45,18.8100,490,1
2026-03-17,601012,14:35:48,18.8100,158,2
2026-03-17,601012,14:35:51,18.8100,257,2
2026-03-17,601012,14:35:54,18.8100,864,1
2026-03-17,601012,14:35:57,18.8100,298,1
2026-03-17,601012,14:36:00,18.8100,123,1
2026-03-17,601012,14:36:03,18.8100,288,1
2026-03-17,601012,14:36:06,18.8200,1368,1
2026-03-17,601012,14:36:09,18.8000,623,2
2026-03-17,601012,14:36:12,18.8000,113,2
2026-03-17,601012,14:36:15,18.8100,92,1
2026-03-17,601012,14:36:18,18.8100,105,1
2026-03-17,601012,14:36:21,18.8100,248,1
2026-03-17,601012,14:36:24,18.8100,66,2
2026-03-17,601012,14:36:27,18.8200,711,1
2026-03-17,601012,14:36:30,18.8200,171,2
2026-03-17,601012,14:36:33,18.8100,606,2
2026-03-17,601012,14:36:36,18.8100,167,1
2026-03-17,601012,14:36:39,18.8000,92,2
2026-03-17,601012,14:36:42,18.8100,2476,1
2026-03-17,601012,14:36:45,18.8100,432,1
2026-03-17,601012,14:36:48,18.8100,316,1
2026-03-17,601012,14:36:52,18.8200,132,1
2026-03-17,601012,14:36:54,18.8200,1617,1
2026-03-17,601012,14:36:57,18.8200,218,2
2026-03-17,601012,14:37:00,18.8200,282,2
2026-03-17,601012,14:37:03,18.8200,794,1
2026-03-17,601012,14:37:06,18.8100,1038,2
2026-03-17,601012,14:37:09,18.8000,958,2
2026-03-17,601012,14:37:12,18.8100,235,4
2026-03-17,601012,14:37:15,18.8100,187,1
2026-03-17,601012,14:37:18,18.8100,1219,2
2026-03-17,601012,14:37:21,18.8100,547,2
2026-03-17,601012,14:37:25,18.8200,1287,1
2026-03-17,601012,14:37:27,18.8200,85,2
2026-03-17,601012,14:37:30,18.8200,344,2
2026-03-17,601012,14:37:33,18.8100,192,2
2026-03-17,601012,14:37:36,18.8300,268,1
2026-03-17,601012,14:37:39,18.8200,148,2
2026-03-17,601012,14:37:42,18.8300,202,1
2026-03-17,601012,14:37:45,18.8200,79,2
2026-03-17,601012,14:37:48,18.8200,282,2
2026-03-17,601012,14:37:51,18.8200,349,2
2026-03-17,601012,14:37:54,18.8200,180,1
2026-03-17,601012,14:37:57,18.8200,340,1
2026-03-17,601012,14:38:00,18.8200,133,1
2026-03-17,601012,14:38:03,18.8200,511,2
2026-03-17,601012,14:38:06,18.8200,392,1
2026-03-17,601012,14:38:09,18.8200,127,1
2026-03-17,601012,14:38:12,18.8200,114,1
2026-03-17,601012,14:38:15,18.8100,1139,2
2026-03-17,601012,14:38:18,18.8200,282,1
2026-03-17,601012,14:38:21,18.8200,215,1
2026-03-17,601012,14:38:24,18.8100,317,2
2026-03-17,601012,14:38:27,18.8200,128,1
2026-03-17,601012,14:38:30,18.8100,212,2
2026-03-17,601012,14:38:33,18.8100,154,2
2026-03-17,601012,14:38:36,18.8200,125,1
2026-03-17,601012,14:38:39,18.8100,395,2
2026-03-17,601012,14:38:43,18.8100,398,2
2026-03-17,601012,14:38:45,18.8100,116,2
2026-03-17,601012,14:38:48,18.8100,250,2
2026-03-17,601012,14:38:51,18.8100,777,1
2026-03-17,601012,14:38:54,18.8000,101,2
2026-03-17,601012,14:38:57,18.8100,223,1
2026-03-17,601012,14:39:00,18.8100,394,1
2026-03-17,601012,14:39:03,18.8000,2000,2
2026-03-17,601012,14:39:06,18.8100,728,1
2026-03-17,601012,14:39:09,18.8000,295,2
2026-03-17,601012,14:39:12,18.8000,425,1
2026-03-17,601012,14:39:15,18.8000,178,2
2026-03-17,601012,14:39:18,18.8100,87,1
2026-03-17,601012,14:39:21,18.8000,265,2
2026-03-17,601012,14:39:25,18.8000,204,2
2026-03-17,601012,14:39:27,18.8000,165,2
2026-03-17,601012,14:39:30,18.8000,476,2
2026-03-17,601012,14:39:33,18.8000,342,2
2026-03-17,601012,14:39:36,18.8000,756,1
2026-03-17,601012,14:39:39,18.8000,170,1
2026-03-17,601012,14:39:42,18.8000,350,1
2026-03-17,601012,14:39:45,18.7900,811,2
2026-03-17,601012,14:39:48,18.7900,174,2
2026-03-17,601012,14:39:51,18.8000,276,1
2026-03-17,601012,14:39:54,18.8000,542,1
2026-03-17,601012,14:39:57,18.8000,387,1
2026-03-17,601012,14:40:00,18.7900,1861,2
2026-03-17,601012,14:40:03,18.8000,299,1
2026-03-17,601012,14:40:06,18.8000,1144,1
2026-03-17,601012,14:40:09,18.7900,1024,2
2026-03-17,601012,14:40:12,18.8000,1151,1
2026-03-17,601012,14:40:15,18.7900,252,2
2026-03-17,601012,14:40:18,18.8000,445,1
2026-03-17,601012,14:40:22,18.7900,340,2
2026-03-17,601012,14:40:24,18.7900,149,2
2026-03-17,601012,14:40:27,18.7900,166,2
2026-03-17,601012,14:40:30,18.8000,143,1
2026-03-17,601012,14:40:33,18.8000,339,1
2026-03-17,601012,14:40:36,18.8000,301,1
2026-03-17,601012,14:40:39,18.7900,226,2
2026-03-17,601012,14:40:42,18.8000,529,1
2026-03-17,601012,14:40:45,18.7900,209,2
2026-03-17,601012,14:40:48,18.8000,166,1
2026-03-17,601012,14:40:51,18.8000,357,1
2026-03-17,601012,14:40:54,18.8000,292,1
2026-03-17,601012,14:40:57,18.8000,170,1
2026-03-17,601012,14:41:00,18.7900,233,2
2026-03-17,601012,14:41:03,18.8000,260,1
2026-03-17,601012,14:41:06,18.8000,499,1
2026-03-17,601012,14:41:09,18.7900,550,2
2026-03-17,601012,14:41:12,18.8000,270,1
2026-03-17,601012,14:41:15,18.8000,163,1
2026-03-17,601012,14:41:18,18.7900,478,2
2026-03-17,601012,14:41:21,18.8100,409,1
2026-03-17,601012,14:41:24,18.8000,129,2
2026-03-17,601012,14:41:27,18.8000,100,2
2026-03-17,601012,14:41:30,18.8000,106,2
2026-03-17,601012,14:41:33,18.8000,534,2
2026-03-17,601012,14:41:36,18.8000,313,1
2026-03-17,601012,14:41:39,18.7900,334,2
2026-03-17,601012,14:41:42,18.7900,1199,2
2026-03-17,601012,14:41:45,18.8000,113,1
2026-03-17,601012,14:41:48,18.8000,216,1
2026-03-17,601012,14:41:51,18.8000,151,2
2026-03-17,601012,14:41:54,18.8100,123,1
2026-03-17,601012,14:41:57,18.8000,431,2
2026-03-17,601012,14:42:00,18.8000,140,2
2026-03-17,601012,14:42:03,18.8100,162,1
2026-03-17,601012,14:42:06,18.8100,178,1
2026-03-17,601012,14:42:09,18.8100,223,1
2026-03-17,601012,14:42:12,18.8100,326,1
2026-03-17,601012,14:42:15,18.8100,120,1
2026-03-17,601012,14:42:18,18.8100,341,1
2026-03-17,601012,14:42:21,18.8000,1714,2
2026-03-17,601012,14:42:24,18.8000,643,1
2026-03-17,601012,14:42:27,18.8000,128,2
2026-03-17,601012,14:42:31,18.8000,625,1
2026-03-17,601012,14:42:33,18.8000,117,2
2026-03-17,601012,14:42:36,18.8100,216,1
2026-03-17,601012,14:42:39,18.8000,73,2
2026-03-17,601012,14:42:42,18.8000,98,2
2026-03-17,601012,14:42:45,18.8100,184,1
2026-03-17,601012,14:42:48,18.8000,630,2
2026-03-17,601012,14:42:51,18.8100,233,1
2026-03-17,601012,14:42:54,18.8000,335,2
2026-03-17,601012,14:42:57,18.8000,145,2
2026-03-17,601012,14:43:00,18.8000,690,2
2026-03-17,601012,14:43:03,18.8000,298,2
2026-03-17,601012,14:43:06,18.8000,240,2
2026-03-17,601012,14:43:09,18.8000,383,2
2026-03-17,601012,14:43:12,18.8000,236,2
2026-03-17,601012,14:43:15,18.8000,140,2
2026-03-17,601012,14:43:18,18.8000,287,1
2026-03-17,601012,14:43:21,18.8000,174,1
2026-03-17,601012,14:43:24,18.8000,888,1
2026-03-17,601012,14:43:27,18.8000,6021,1
2026-03-17,601012,14:43:30,18.7900,239,4
2026-03-17,601012,14:43:33,18.8000,751,1
2026-03-17,601012,14:43:36,18.7900,469,4
2026-03-17,601012,14:43:39,18.7900,633,2
2026-03-17,601012,14:43:43,18.7900,431,1
2026-03-17,601012,14:43:45,18.7900,648,1
2026-03-17,601012,14:43:48,18.7900,111,1
2026-03-17,601012,14:43:51,18.7800,406,2
2026-03-17,601012,14:43:54,18.7900,462,1
2026-03-17,601012,14:43:57,18.7900,595,1
2026-03-17,601012,14:44:00,18.7900,129,2
2026-03-17,601012,14:44:03,18.7900,61,4
2026-03-17,601012,14:44:06,18.7800,570,2
2026-03-17,601012,14:44:09,18.7900,52,1
2026-03-17,601012,14:44:12,18.7800,166,2
2026-03-17,601012,14:44:15,18.7900,222,1
2026-03-17,601012,14:44:19,18.7900,608,1
2026-03-17,601012,14:44:21,18.7900,128,1
2026-03-17,601012,14:44:24,18.7800,174,2
2026-03-17,601012,14:44:27,18.7800,1070,2
2026-03-17,601012,14:44:30,18.7800,1426,2
2026-03-17,601012,14:44:33,18.7800,1640,2
2026-03-17,601012,14:44:36,18.7800,599,2
2026-03-17,601012,14:44:39,18.7800,345,2
2026-03-17,601012,14:44:42,18.7800,457,2
2026-03-17,601012,14:44:45,18.7800,178,1
2026-03-17,601012,14:44:48,18.7800,243,1
2026-03-17,601012,14:44:51,18.7800,159,1
2026-03-17,601012,14:44:54,18.7800,412,1
2026-03-17,601012,14:44:57,18.7800,573,1
2026-03-17,601012,14:45:00,18.7800,307,1
2026-03-17,601012,14:45:04,18.7800,1133,1
2026-03-17,601012,14:45:06,18.7800,525,1
2026-03-17,601012,14:45:09,18.7800,767,1
2026-03-17,601012,14:45:13,18.7800,160,1
2026-03-17,601012,14:45:15,18.7700,214,2
2026-03-17,601012,14:45:18,18.7800,389,1
2026-03-17,601012,14:45:21,18.7800,377,1
2026-03-17,601012,14:45:24,18.7700,473,2
2026-03-17,601012,14:45:27,18.7800,292,1
2026-03-17,601012,14:45:31,18.7800,554,1
2026-03-17,601012,14:45:33,18.7800,1475,1
2026-03-17,601012,14:45:36,18.7800,676,1
2026-03-17,601012,14:45:39,18.7800,677,1
2026-03-17,601012,14:45:42,18.7900,143,1
2026-03-17,601012,14:45:45,18.7800,141,2
2026-03-17,601012,14:45:48,18.7900,124,1
2026-03-17,601012,14:45:51,18.7800,271,2
2026-03-17,601012,14:45:54,18.7900,272,1
2026-03-17,601012,14:45:57,18.7900,262,1
2026-03-17,601012,14:46:00,18.7800,261,2
2026-03-17,601012,14:46:03,18.7900,463,1
2026-03-17,601012,14:46:06,18.7900,57,1
2026-03-17,601012,14:46:09,18.7900,291,1
2026-03-17,601012,14:46:12,18.7900,79,2
2026-03-17,601012,14:46:15,18.7900,69,2
2026-03-17,601012,14:46:18,18.7900,715,2
2026-03-17,601012,14:46:21,18.7900,226,1
2026-03-17,601012,14:46:24,18.7900,126,2
2026-03-17,601012,14:46:27,18.7900,330,2
2026-03-17,601012,14:46:30,18.7900,416,2
2026-03-17,601012,14:46:33,18.7900,279,1
2026-03-17,601012,14:46:36,18.7800,118,2
2026-03-17,601012,14:46:39,18.7900,90,1
2026-03-17,601012,14:46:42,18.7900,566,1
2026-03-17,601012,14:46:45,18.7800,298,2
2026-03-17,601012,14:46:48,18.7800,398,2
2026-03-17,601012,14:46:51,18.7900,153,1
2026-03-17,601012,14:46:54,18.7800,360,2
2026-03-17,601012,14:46:57,18.7900,434,1
2026-03-17,601012,14:47:00,18.7800,221,2
2026-03-17,601012,14:47:03,18.7800,77,2
2026-03-17,601012,14:47:06,18.7900,633,1
2026-03-17,601012,14:47:09,18.7800,328,2
2026-03-17,601012,14:47:12,18.7800,461,2
2026-03-17,601012,14:47:15,18.7800,492,2
2026-03-17,601012,14:47:18,18.7800,130,2
2026-03-17,601012,14:47:21,18.7900,1012,1
2026-03-17,601012,14:47:24,18.7800,788,2
2026-03-17,601012,14:47:27,18.7800,162,2
2026-03-17,601012,14:47:30,18.7800,403,2
2026-03-17,601012,14:47:34,18.7800,801,2
2026-03-17,601012,14:47:36,18.7800,1339,1
2026-03-17,601012,14:47:40,18.7800,233,1
2026-03-17,601012,14:47:42,18.7800,773,1
2026-03-17,601012,14:47:46,18.7700,398,2
2026-03-17,601012,14:47:48,18.7800,505,1
2026-03-17,601012,14:47:51,18.7800,1662,1
2026-03-17,601012,14:47:54,18.7800,425,1
2026-03-17,601012,14:47:58,18.7700,386,2
2026-03-17,601012,14:48:00,18.7800,694,1
2026-03-17,601012,14:48:03,18.7700,284,2
2026-03-17,601012,14:48:06,18.7800,562,1
2026-03-17,601012,14:48:09,18.7600,6787,2
2026-03-17,601012,14:48:12,18.7700,799,1
2026-03-17,601012,14:48:15,18.7600,260,2
2026-03-17,601012,14:48:18,18.7600,353,2
2026-03-17,601012,14:48:21,18.7700,307,1
2026-03-17,601012,14:48:24,18.7700,458,1
2026-03-17,601012,14:48:27,18.7600,344,2
2026-03-17,601012,14:48:30,18.7600,274,2
2026-03-17,601012,14:48:33,18.7600,291,2
2026-03-17,601012,14:48:36,18.7600,448,2
2026-03-17,601012,14:48:40,18.7600,266,2
2026-03-17,601012,14:48:42,18.7700,574,1
2026-03-17,601012,14:48:45,18.7600,219,2
2026-03-17,601012,14:48:48,18.7600,463,2
2026-03-17,601012,14:48:51,18.7700,393,1
2026-03-17,601012,14:48:54,18.7700,1126,1
2026-03-17,601012,14:48:57,18.7600,434,2
2026-03-17,601012,14:49:00,18.7700,1831,1
2026-03-17,601012,14:49:03,18.7600,892,2
2026-03-17,601012,14:49:06,18.7600,1713,2
2026-03-17,601012,14:49:09,18.7700,1177,4
2026-03-17,601012,14:49:12,18.7600,241,2
2026-03-17,601012,14:49:15,18.7700,151,1
2026-03-17,601012,14:49:18,18.7600,185,2
2026-03-17,601012,14:49:21,18.7700,235,1
2026-03-17,601012,14:49:25,18.7600,379,2
2026-03-17,601012,14:49:28,18.7600,376,2
2026-03-17,601012,14:49:30,18.7700,269,1
2026-03-17,601012,14:49:33,18.7700,241,1
2026-03-17,601012,14:49:36,18.7600,259,2
2026-03-17,601012,14:49:39,18.7700,401,1
2026-03-17,601012,14:49:42,18.7700,357,1
2026-03-17,601012,14:49:45,18.7600,321,2
2026-03-17,601012,14:49:48,18.7700,217,1
2026-03-17,601012,14:49:51,18.7700,241,1
2026-03-17,601012,14:49:54,18.7700,288,1
2026-03-17,601012,14:49:57,18.7700,327,1
2026-03-17,601012,14:50:00,18.7700,1569,1
2026-03-17,601012,14:50:03,18.7600,1357,2
2026-03-17,601012,14:50:06,18.7600,392,2
2026-03-17,601012,14:50:09,18.7600,692,2
2026-03-17,601012,14:50:12,18.7600,525,2
2026-03-17,601012,14:50:15,18.7700,1134,1
2026-03-17,601012,14:50:18,18.7700,272,2
2026-03-17,601012,14:50:21,18.7700,361,2
2026-03-17,601012,14:50:24,18.7800,514,1
2026-03-17,601012,14:50:27,18.7700,69,2
2026-03-17,601012,14:50:30,18.7800,535,1
2026-03-17,601012,14:50:33,18.7800,241,1
2026-03-17,601012,14:50:36,18.7700,440,2
2026-03-17,601012,14:50:39,18.7800,1508,1
2026-03-17,601012,14:50:42,18.7800,323,2
2026-03-17,601012,14:50:45,18.7800,620,2
2026-03-17,601012,14:50:48,18.7800,437,1
2026-03-17,601012,14:50:51,18.7900,340,1
2026-03-17,601012,14:50:54,18.7800,348,2
2026-03-17,601012,14:50:57,18.7800,388,2
2026-03-17,601012,14:51:00,18.7800,456,2
2026-03-17,601012,14:51:03,18.7900,661,1
2026-03-17,601012,14:51:06,18.7800,786,2
2026-03-17,601012,14:51:09,18.7800,519,1
2026-03-17,601012,14:51:12,18.7800,304,1
2026-03-17,601012,14:51:15,18.7700,528,2
2026-03-17,601012,14:51:18,18.7700,1170,2
2026-03-17,601012,14:51:21,18.7700,489,2
2026-03-17,601012,14:51:24,18.7800,554,1
2026-03-17,601012,14:51:27,18.7800,842,1
2026-03-17,601012,14:51:30,18.7800,630,2
2026-03-17,601012,14:51:34,18.7800,201,2
2026-03-17,601012,14:51:36,18.7800,120,2
2026-03-17,601012,14:51:39,18.7900,237,1
2026-03-17,601012,14:51:42,18.7900,379,1
2026-03-17,601012,14:51:45,18.7800,183,2
2026-03-17,601012,14:51:48,18.7900,209,1
2026-03-17,601012,14:51:51,18.7900,389,1
2026-03-17,601012,14:51:54,18.7800,457,2
2026-03-17,601012,14:51:57,18.7900,294,1
2026-03-17,601012,14:52:00,18.7800,304,2
2026-03-17,601012,14:52:03,18.7900,257,1
2026-03-17,601012,14:52:06,18.7900,326,1
2026-03-17,601012,14:52:09,18.7900,306,1
2026-03-17,601012,14:52:12,18.7800,221,2
2026-03-17,601012,14:52:15,18.7900,413,1
2026-03-17,601012,14:52:18,18.7800,376,2
2026-03-17,601012,14:52:21,18.7900,456,1
2026-03-17,601012,14:52:24,18.7800,705,2
2026-03-17,601012,14:52:27,18.7900,1035,1
2026-03-17,601012,14:52:30,18.7900,1189,2
2026-03-17,601012,14:52:33,18.7900,254,2
2026-03-17,601012,14:52:37,18.7900,459,2
2026-03-17,601012,14:52:39,18.7900,229,2
2026-03-17,601012,14:52:42,18.7900,177,1
2026-03-17,601012,14:52:45,18.7800,203,2
2026-03-17,601012,14:52:48,18.7900,327,1
2026-03-17,601012,14:52:51,18.7900,496,1
2026-03-17,601012,14:52:54,18.7900,922,1
2026-03-17,601012,14:52:57,18.7800,813,2
2026-03-17,601012,14:53:00,18.7800,768,2
2026-03-17,601012,14:53:03,18.7900,172,1
2026-03-17,601012,14:53:06,18.7900,286,1
2026-03-17,601012,14:53:09,18.7900,287,1
2026-03-17,601012,14:53:12,18.7800,366,2
2026-03-17,601012,14:53:15,18.7800,1106,2
2026-03-17,601012,14:53:18,18.7800,104,2
2026-03-17,601012,14:53:21,18.7900,1357,1
2026-03-17,601012,14:53:24,18.7800,1164,2
2026-03-17,601012,14:53:27,18.7800,1072,2
2026-03-17,601012,14:53:30,18.7900,550,1
2026-03-17,601012,14:53:33,18.7800,402,2
2026-03-17,601012,14:53:36,18.7900,265,1
2026-03-17,601012,14:53:39,18.7800,304,2
2026-03-17,601012,14:53:42,18.7800,261,2
2026-03-17,601012,14:53:45,18.7800,422,2
2026-03-17,601012,14:53:48,18.7900,448,1
2026-03-17,601012,14:53:51,18.7900,426,1
2026-03-17,601012,14:53:55,18.7900,566,1
2026-03-17,601012,14:53:57,18.7800,292,2
2026-03-17,601012,14:54:00,18.7900,462,1
2026-03-17,601012,14:54:03,18.7900,603,1
2026-03-17,601012,14:54:06,18.7900,933,1
2026-03-17,601012,14:54:09,18.7900,973,1
2026-03-17,601012,14:54:12,18.7900,410,1
2026-03-17,601012,14:54:15,18.7900,570,1
2026-03-17,601012,14:54:18,18.7900,470,1
2026-03-17,601012,14:54:21,18.7900,360,1
2026-03-17,601012,14:54:24,18.7800,182,2
2026-03-17,601012,14:54:28,18.7900,586,1
2026-03-17,601012,14:54:31,18.7800,507,2
2026-03-17,601012,14:54:33,18.7900,446,1
2026-03-17,601012,14:54:36,18.7800,601,2
2026-03-17,601012,14:54:39,18.7900,942,1
2026-03-17,601012,14:54:42,18.7900,968,1
2026-03-17,601012,14:54:45,18.7900,1199,1
2026-03-17,601012,14:54:48,18.7900,151,2
2026-03-17,601012,14:54:51,18.7900,990,2
2026-03-17,601012,14:54:54,18.8000,694,1
2026-03-17,601012,14:54:57,18.7900,736,2
2026-03-17,601012,14:55:00,18.7900,698,1
2026-03-17,601012,14:55:03,18.7900,2056,1
2026-03-17,601012,14:55:06,18.7900,513,2
2026-03-17,601012,14:55:09,18.8000,154,1
2026-03-17,601012,14:55:12,18.7900,460,2
2026-03-17,601012,14:55:15,18.7900,767,2
2026-03-17,601012,14:55:18,18.7900,665,2
2026-03-17,601012,14:55:21,18.7900,645,1
2026-03-17,601012,14:55:24,18.7900,330,1
2026-03-17,601012,14:55:27,18.7900,885,1
2026-03-17,601012,14:55:30,18.7900,1081,1
2026-03-17,601012,14:55:33,18.7900,414,1
2026-03-17,601012,14:55:36,18.7800,594,2
2026-03-17,601012,14:55:40,18.7800,1030,2
2026-03-17,601012,14:55:42,18.7800,718,2
2026-03-17,601012,14:55:45,18.7900,403,1
2026-03-17,601012,14:55:48,18.7900,497,1
2026-03-17,601012,14:55:51,18.7900,437,1
2026-03-17,601012,14:55:54,18.7800,624,2
2026-03-17,601012,14:55:57,18.7800,1756,2
2026-03-17,601012,14:56:00,18.7900,861,1
2026-03-17,601012,14:56:03,18.7900,918,1
2026-03-17,601012,14:56:06,18.7900,827,1
2026-03-17,601012,14:56:09,18.7900,841,1
2026-03-17,601012,14:56:12,18.7900,521,1
2026-03-17,601012,14:56:15,18.7800,391,2
2026-03-17,601012,14:56:18,18.7900,384,1
2026-03-17,601012,14:56:21,18.7800,165,2
2026-03-17,601012,14:56:24,18.7800,1083,2
2026-03-17,601012,14:56:27,18.8000,893,1
2026-03-17,601012,14:56:30,18.8000,1145,1
2026-03-17,601012,14:56:33,18.7900,1425,2
2026-03-17,601012,14:56:36,18.7900,755,2
2026-03-17,601012,14:56:39,18.8000,678,1
2026-03-17,601012,14:56:42,18.8000,438,1
2026-03-17,601012,14:56:45,18.7900,1029,2
2026-03-17,601012,14:56:48,18.7900,650,2
2026-03-17,601012,14:56:51,18.7900,758,1
2026-03-17,601012,14:56:54,18.7900,387,2
2026-03-17,601012,14:56:57,18.8000,379,1
2026-03-17,601012,14:57:00,18.8000,543,1
2026-03-17,601012,15:00:03,18.7900,22569,4
2026-03-17,601012,13:17:06,19.0300,152,2
2026-03-17,601012,13:17:09,19.0200,178,2
2026-03-17,601012,13:17:12,19.0300,167,1
2026-03-17,601012,13:17:15,19.0200,172,2
2026-03-17,601012,13:17:18,19.0200,134,2
2026-03-17,601012,13:17:21,19.0200,168,1
2026-03-17,601012,13:17:24,19.0200,107,2
2026-03-17,601012,13:17:27,19.0300,35,1
2026-03-17,601012,13:17:30,19.0200,140,2
2026-03-17,601012,13:17:33,19.0300,280,1
2026-03-17,601012,13:17:36,19.0300,336,1
2026-03-17,601012,13:17:39,19.0400,374,1
2026-03-17,601012,13:17:42,19.0400,251,2
2026-03-17,601012,13:17:45,19.0400,97,2
2026-03-17,601012,13:17:48,19.0400,63,2
2026-03-17,601012,13:17:51,19.0400,101,2
2026-03-17,601012,13:17:55,19.0300,76,2
2026-03-17,601012,13:17:57,19.0400,104,1
2026-03-17,601012,13:18:00,19.0400,94,1
2026-03-17,601012,13:18:03,19.0400,9,1
2026-03-17,601012,13:18:06,19.0400,177,1
2026-03-17,601012,13:18:09,19.0400,450,1
2026-03-17,601012,13:18:12,19.0300,507,2
2026-03-17,601012,13:18:15,19.0400,113,1
2026-03-17,601012,13:18:18,19.0400,119,1
2026-03-17,601012,13:18:21,19.0400,73,1
2026-03-17,601012,13:18:25,19.0400,47,2
2026-03-17,601012,13:18:27,19.0400,213,2
2026-03-17,601012,13:18:30,19.0500,80,1
2026-03-17,601012,13:18:33,19.0400,230,2
2026-03-17,601012,13:18:36,19.0400,113,2
2026-03-17,601012,13:18:40,19.0500,881,1
2026-03-17,601012,13:18:42,19.0500,60,1
2026-03-17,601012,13:18:45,19.0400,237,2
2026-03-17,601012,13:18:49,19.0400,258,2
2026-03-17,601012,13:18:51,19.0400,550,1
2026-03-17,601012,13:18:54,19.0400,155,2
2026-03-17,601012,13:18:57,19.0400,130,2
2026-03-17,601012,13:19:00,19.0500,744,1
2026-03-17,601012,13:19:03,19.0500,51,2
2026-03-17,601012,13:19:06,19.0400,143,2
2026-03-17,601012,13:19:09,19.0400,38,2
2026-03-17,601012,13:19:12,19.0500,158,1
2026-03-17,601012,13:19:15,19.0400,159,2
2026-03-17,601012,13:19:18,19.0500,91,1
2026-03-17,601012,13:19:21,19.0500,97,1
2026-03-17,601012,13:19:24,19.0400,46,2
2026-03-17,601012,13:19:27,19.0400,68,2
2026-03-17,601012,13:19:30,19.0400,183,2
2026-03-17,601012,13:19:33,19.0400,88,2
2026-03-17,601012,13:19:36,19.0400,152,2
2026-03-17,601012,13:19:39,19.0400,38,2
2026-03-17,601012,13:19:42,19.0400,77,2
2026-03-17,601012,13:19:45,19.0400,72,2
2026-03-17,601012,13:19:48,19.0500,340,1
2026-03-17,601012,13:19:51,19.0400,21,4
2026-03-17,601012,13:19:54,19.0400,92,1
2026-03-17,601012,13:19:57,19.0300,67,2
2026-03-17,601012,13:20:00,19.0400,201,1
2026-03-17,601012,13:20:03,19.0300,119,2
2026-03-17,601012,13:20:06,19.0300,37,2
2026-03-17,601012,13:20:09,19.0400,70,1
2026-03-17,601012,13:20:12,19.0400,59,1
2026-03-17,601012,13:20:15,19.0300,77,2
2026-03-17,601012,13:20:18,19.0300,29,2
2026-03-17,601012,13:20:21,19.0300,742,2
2026-03-17,601012,13:20:24,19.0300,129,4
2026-03-17,601012,13:20:28,19.0300,198,1
2026-03-17,601012,13:20:30,19.0300,58,1
2026-03-17,601012,13:20:33,19.0200,126,2
2026-03-17,601012,13:20:36,19.0200,126,2
2026-03-17,601012,13:20:39,19.0300,77,1
2026-03-17,601012,13:20:43,19.0200,67,2
2026-03-17,601012,13:20:45,19.0200,54,2
2026-03-17,601012,13:20:48,19.0300,30,1
2026-03-17,601012,13:20:51,19.0200,68,2
2026-03-17,601012,13:20:55,19.0300,26,1
2026-03-17,601012,13:20:57,19.0200,164,2
2026-03-17,601012,13:21:00,19.0200,216,2
2026-03-17,601012,13:21:03,19.0200,221,2
2026-03-17,601012,13:21:06,19.0200,118,2
2026-03-17,601012,13:21:09,19.0300,40,1
2026-03-17,601012,13:21:12,19.0300,106,1
2026-03-17,601012,13:21:15,19.0300,127,1
2026-03-17,601012,13:21:18,19.0300,310,1
2026-03-17,601012,13:21:21,19.0200,204,2
2026-03-17,601012,13:21:24,19.0200,259,2
2026-03-17,601012,13:21:27,19.0200,190,2
2026-03-17,601012,13:21:30,19.0200,110,2
2026-03-17,601012,13:21:33,19.0200,147,2
2026-03-17,601012,13:21:36,19.0200,219,2
2026-03-17,601012,13:21:39,19.0300,100,1
2026-03-17,601012,13:21:42,19.0200,13,2
2026-03-17,601012,13:21:45,19.0200,115,2
2026-03-17,601012,13:21:49,19.0300,108,1
2026-03-17,601012,13:21:51,19.0200,178,2
2026-03-17,601012,13:21:54,19.0300,5,1
2026-03-17,601012,13:21:57,19.0200,190,2
2026-03-17,601012,13:22:01,19.0200,62,2
2026-03-17,601012,13:22:03,19.0200,208,2
2026-03-17,601012,13:22:06,19.0200,101,2
2026-03-17,601012,13:22:09,19.0200,110,2
2026-03-17,601012,13:22:12,19.0200,163,2
2026-03-17,601012,13:22:15,19.0200,442,2
2026-03-17,601012,13:22:18,19.0200,212,1
2026-03-17,601012,13:22:21,19.0100,122,2
2026-03-17,601012,13:22:24,19.0200,322,1
2026-03-17,601012,13:22:27,19.0200,30,1
2026-03-17,601012,13:22:30,19.0200,837,1
2026-03-17,601012,13:22:33,19.0100,243,2
2026-03-17,601012,13:22:36,19.0100,431,2
2026-03-17,601012,13:22:39,19.0200,96,1
2026-03-17,601012,13:22:42,19.0100,317,2
2026-03-17,601012,13:22:45,19.0100,143,1
2026-03-17,601012,13:22:48,19.0100,315,1
2026-03-17,601012,13:22:51,19.0100,174,4
2026-03-17,601012,13:22:55,19.0100,189,2
2026-03-17,601012,13:22:58,19.0200,442,1
2026-03-17,601012,13:23:00,19.0200,398,2
2026-03-17,601012,13:23:04,19.0100,350,2
2026-03-17,601012,13:23:06,19.0200,39,4
2026-03-17,601012,13:23:09,19.0200,115,1
2026-03-17,601012,13:23:12,19.0200,139,1
2026-03-17,601012,13:23:15,19.0200,197,1
2026-03-17,601012,13:23:18,19.0100,52,2
2026-03-17,601012,13:23:21,19.0200,105,1
2026-03-17,601012,13:23:24,19.0100,1322,2
2026-03-17,601012,13:23:27,19.0100,338,2
2026-03-17,601012,13:23:30,19.0100,113,2
2026-03-17,601012,13:23:34,19.0100,306,2
2026-03-17,601012,13:23:36,19.0100,115,2
2026-03-17,601012,13:23:40,19.0100,231,2
2026-03-17,601012,13:23:42,19.0100,95,2
2026-03-17,601012,13:23:45,19.0100,640,2
2026-03-17,601012,13:23:48,19.0200,191,1
2026-03-17,601012,13:23:51,19.0100,563,2
2026-03-17,601012,13:23:54,19.0100,281,2
2026-03-17,601012,13:23:57,19.0200,148,1
2026-03-17,601012,13:24:00,19.0100,180,2
2026-03-17,601012,13:24:03,19.0100,247,2
2026-03-17,601012,13:24:06,19.0100,95,2
2026-03-17,601012,13:24:10,19.0100,174,2
2026-03-17,601012,13:24:12,19.0100,71,2
2026-03-17,601012,13:24:15,19.0200,23,1
2026-03-17,601012,13:24:18,19.0100,96,2
2026-03-17,601012,13:24:21,19.0100,492,2
2026-03-17,601012,13:24:24,19.0100,81,4
2026-03-17,601012,13:24:27,19.0100,82,2
2026-03-17,601012,13:24:30,19.0100,169,2
2026-03-17,601012,13:24:33,19.0100,477,2
2026-03-17,601012,13:24:36,19.0100,2210,1
2026-03-17,601012,13:24:39,19.0100,270,2
2026-03-17,601012,13:24:42,19.0200,570,2
2026-03-17,601012,13:24:45,19.0300,160,1
2026-03-17,601012,13:24:48,19.0300,273,1
2026-03-17,601012,13:24:51,19.0400,110,1
2026-03-17,601012,13:24:54,19.0300,67,2
2026-03-17,601012,13:24:57,19.0400,21,1
2026-03-17,601012,13:25:00,19.0300,79,2
2026-03-17,601012,13:25:03,19.0400,256,1
2026-03-17,601012,13:25:06,19.0400,45,1
2026-03-17,601012,13:25:10,19.0400,110,1
2026-03-17,601012,13:25:12,19.0400,213,1
2026-03-17,601012,13:25:15,19.0400,137,1
2026-03-17,601012,13:25:18,19.0300,68,2
2026-03-17,601012,13:25:21,19.0400,69,1
2026-03-17,601012,13:25:24,19.0400,88,1
2026-03-17,601012,13:25:27,19.0400,181,1
2026-03-17,601012,13:25:30,19.0400,201,1
2026-03-17,601012,13:25:33,19.0300,80,2
2026-03-17,601012,13:25:36,19.0300,164,1
2026-03-17,601012,13:25:39,19.0300,149,1
2026-03-17,601012,13:25:42,19.0200,148,2
2026-03-17,601012,13:25:45,19.0200,251,1
2026-03-17,601012,13:25:48,19.0200,111,1
2026-03-17,601012,13:25:51,19.0200,479,1
2026-03-17,601012,13:25:54,19.0100,458,2
2026-03-17,601012,13:25:57,19.0100,133,2
2026-03-17,601012,13:26:00,19.0200,340,1
2026-03-17,601012,13:26:04,19.0100,17,2
2026-03-17,601012,13:26:07,19.0100,912,2
2026-03-17,601012,13:26:09,19.0100,54,1
2026-03-17,601012,13:26:12,19.0100,236,1
2026-03-17,601012,13:26:15,19.0100,543,1
2026-03-17,601012,13:26:19,19.0000,96,2
2026-03-17,601012,13:26:21,19.0100,345,1
2026-03-17,601012,13:26:24,19.0100,156,1
2026-03-17,601012,13:26:27,19.0000,458,2
2026-03-17,601012,13:26:30,19.0000,322,2
2026-03-17,601012,13:26:33,19.0000,2711,2
2026-03-17,601012,13:26:36,19.0000,429,1
2026-03-17,601012,13:26:39,19.0000,735,1
2026-03-17,601012,13:26:42,18.9900,1224,2
2026-03-17,601012,13:26:45,18.9800,902,2
2026-03-17,601012,13:26:49,18.9800,195,2
2026-03-17,601012,13:26:51,18.9800,514,2
2026-03-17,601012,13:26:54,18.9900,147,1
2026-03-17,601012,13:26:57,19.0000,706,1
2026-03-17,601012,13:27:00,19.0100,245,1
2026-03-17,601012,13:27:03,19.0100,295,1
2026-03-17,601012,13:27:07,19.0000,2052,2
2026-03-17,601012,13:27:09,19.0000,69,2
2026-03-17,601012,13:27:12,19.0100,791,1
2026-03-17,601012,13:27:15,19.0200,821,1
2026-03-17,601012,13:27:19,19.0100,167,4
2026-03-17,601012,13:27:22,19.0100,75,2
2026-03-17,601012,13:27:25,19.0100,302,2
2026-03-17,601012,13:27:27,19.0100,480,2
2026-03-17,601012,13:27:30,19.0100,104,1
2026-03-17,601012,13:27:33,19.0100,56,1
2026-03-17,601012,13:27:36,19.0000,118,2
2026-03-17,601012,13:27:39,19.0100,245,1
2026-03-17,601012,13:27:42,19.0100,35,2
2026-03-17,601012,13:27:45,19.0100,61,1
2026-03-17,601012,13:27:48,19.0100,65,1
2026-03-17,601012,13:27:51,19.0000,511,2
2026-03-17,601012,13:27:55,19.0000,152,2
2026-03-17,601012,13:27:57,19.0100,305,1
2026-03-17,601012,13:28:00,19.0100,189,1
2026-03-17,601012,13:28:03,19.0000,216,2
2026-03-17,601012,13:28:06,19.0100,613,4
2026-03-17,601012,13:28:09,19.0100,267,2
2026-03-17,601012,13:28:12,19.0000,274,2
2026-03-17,601012,13:28:15,19.0000,305,2
2026-03-17,601012,13:28:18,19.0100,83,1
2026-03-17,601012,13:28:21,19.0300,2083,1
2026-03-17,601012,13:28:24,19.0400,455,1
2026-03-17,601012,13:28:27,19.0200,176,2
2026-03-17,601012,13:28:30,19.0300,503,1
2026-03-17,601012,13:28:33,19.0300,86,1
2026-03-17,601012,13:28:36,19.0300,111,1
2026-03-17,601012,13:28:40,19.0400,120,1
2026-03-17,601012,13:28:42,19.0400,88,1
2026-03-17,601012,13:28:45,19.0400,78,1
2026-03-17,601012,13:28:48,19.0300,154,2
2026-03-17,601012,13:28:51,19.0300,28,2
2026-03-17,601012,13:28:54,19.0300,125,1
2026-03-17,601012,13:28:57,19.0300,151,1
2026-03-17,601012,13:29:00,19.0200,143,2
2026-03-17,601012,13:29:03,19.0300,65,1
2026-03-17,601012,13:29:06,19.0300,78,2
2026-03-17,601012,13:29:09,19.0300,30,2
2026-03-17,601012,13:29:12,19.0400,62,1
2026-03-17,601012,13:29:15,19.0300,180,2
2026-03-17,601012,13:29:18,19.0300,159,2
2026-03-17,601012,13:29:21,19.0400,108,1
2026-03-17,601012,13:29:24,19.0300,272,2
2026-03-17,601012,13:29:27,19.0300,225,2
2026-03-17,601012,13:29:30,19.0400,25,1
2026-03-17,601012,13:29:33,19.0300,77,2
2026-03-17,601012,13:29:36,19.0400,26,1
2026-03-17,601012,13:29:39,19.0400,61,1
2026-03-17,601012,13:29:42,19.0400,235,1
2026-03-17,601012,13:29:45,19.0400,112,1
2026-03-17,601012,13:29:48,19.0400,66,1
2026-03-17,601012,13:29:51,19.0400,95,1
2026-03-17,601012,13:29:54,19.0300,367,2
2026-03-17,601012,13:29:57,19.0300,100,2
2026-03-17,601012,13:30:00,19.0300,99,2
2026-03-17,601012,13:30:03,19.0300,77,2
2026-03-17,601012,13:30:06,19.0300,103,2
2026-03-17,601012,13:30:09,19.0400,86,1
2026-03-17,601012,13:30:12,19.0300,61,2
2026-03-17,601012,13:30:15,19.0300,123,2
2026-03-17,601012,13:30:19,19.0300,29,2
2026-03-17,601012,13:30:21,19.0300,85,2
2026-03-17,601012,13:30:24,19.0300,149,2
2026-03-17,601012,13:30:27,19.0300,78,2
2026-03-17,601012,13:30:30,19.0300,35,1
2026-03-17,601012,13:30:33,19.0300,47,1
2026-03-17,601012,13:30:36,19.0200,116,2
2026-03-17,601012,13:30:39,19.0200,143,2
2026-03-17,601012,13:30:42,19.0300,39,1
2026-03-17,601012,13:30:45,19.0200,189,2
2026-03-17,601012,13:30:48,19.0300,49,1
2026-03-17,601012,13:30:51,19.0200,85,2
2026-03-17,601012,13:30:54,19.0300,349,1
2026-03-17,601012,13:30:57,19.0200,409,2
2026-03-17,601012,13:31:00,19.0200,221,2
2026-03-17,601012,13:31:03,19.0200,52,1
2026-03-17,601012,13:31:06,19.0200,892,1
2026-03-17,601012,13:31:09,19.0200,73,1
2026-03-17,601012,13:31:12,19.0200,257,1
2026-03-17,601012,13:31:15,19.0100,208,2
2026-03-17,601012,13:31:18,19.0100,104,2
2026-03-17,601012,13:31:21,19.0200,439,1
2026-03-17,601012,13:31:25,19.0200,33,2
2026-03-17,601012,13:31:27,19.0200,125,2
2026-03-17,601012,13:31:30,19.0200,262,2
2026-03-17,601012,13:31:33,19.0200,966,1
2026-03-17,601012,13:31:36,19.0100,325,2
2026-03-17,601012,13:31:39,19.0100,118,2
2026-03-17,601012,13:31:42,19.0100,162,2
2026-03-17,601012,13:31:45,19.0200,110,1
2026-03-17,601012,13:31:48,19.0100,131,2
2026-03-17,601012,13:31:51,19.0100,125,2
2026-03-17,601012,13:31:54,19.0100,143,2
2026-03-17,601012,13:31:57,19.0100,49,1
2026-03-17,601012,13:32:00,19.0100,128,1
2026-03-17,601012,13:32:03,19.0000,1471,2
2026-03-17,601012,13:32:06,19.0100,231,1
2026-03-17,601012,13:32:09,19.0100,642,1
2026-03-17,601012,13:32:12,19.0100,75,1
2026-03-17,601012,13:32:15,19.0000,191,2
2026-03-17,601012,13:32:18,19.0000,60,2
2026-03-17,601012,13:32:21,19.0100,505,1
2026-03-17,601012,13:32:24,19.0000,76,2
2026-03-17,601012,13:32:27,19.0000,137,2
2026-03-17,601012,13:32:30,19.0200,495,1
2026-03-17,601012,13:32:33,19.0200,247,2
2026-03-17,601012,13:32:36,19.0200,74,2
2026-03-17,601012,13:32:39,19.0300,254,1
2026-03-17,601012,13:32:42,19.0300,1835,1
2026-03-17,601012,13:32:45,19.0300,260,2
2026-03-17,601012,13:32:48,19.0300,241,2
2026-03-17,601012,13:32:51,19.0300,318,2
2026-03-17,601012,13:32:54,19.0300,141,2
2026-03-17,601012,13:32:57,19.0300,147,2
2026-03-17,601012,13:33:00,19.0300,779,2
2026-03-17,601012,13:33:03,19.0300,229,1
2026-03-17,601012,13:33:06,19.0100,382,2
2026-03-17,601012,13:33:09,19.0200,94,1
2026-03-17,601012,13:33:12,19.0200,119,1
2026-03-17,601012,13:33:15,19.0200,95,1
2026-03-17,601012,13:33:18,19.0100,118,2
2026-03-17,601012,13:33:21,19.0300,584,1
2026-03-17,601012,13:33:24,19.0200,58,2
2026-03-17,601012,13:33:27,19.0200,83,1
2026-03-17,601012,13:33:30,19.0200,146,1
2026-03-17,601012,13:33:33,19.0200,83,1
2026-03-17,601012,13:33:36,19.0100,117,2
2026-03-17,601012,13:33:39,19.0100,49,2
2026-03-17,601012,13:33:43,19.0200,57,1
2026-03-17,601012,13:33:45,19.0100,90,2
2026-03-17,601012,13:33:48,19.0100,97,2
2026-03-17,601012,13:33:51,19.0200,97,1
2026-03-17,601012,13:33:54,19.0100,120,2
2026-03-17,601012,13:33:57,19.0100,184,2
2026-03-17,601012,13:34:01,19.0200,192,1
2026-03-17,601012,13:34:04,19.0300,129,1
2026-03-17,601012,13:34:06,19.0300,147,1
2026-03-17,601012,13:34:09,19.0200,124,2
2026-03-17,601012,13:34:12,19.0200,42,1
2026-03-17,601012,13:34:15,19.0200,38,1
2026-03-17,601012,13:34:18,19.0200,74,1
2026-03-17,601012,13:34:21,19.0100,74,2
2026-03-17,601012,13:34:24,19.0100,59,2
2026-03-17,601012,13:34:27,19.0100,32,2
2026-03-17,601012,13:34:30,19.0200,196,1
2026-03-17,601012,13:34:33,19.0200,93,1
2026-03-17,601012,13:34:36,19.0100,133,2
2026-03-17,601012,13:34:39,19.0100,68,2
2026-03-17,601012,13:34:42,19.0100,610,2
2026-03-17,601012,13:34:45,19.0100,7,2
2026-03-17,601012,13:34:48,19.0100,214,2
2026-03-17,601012,13:34:51,19.0100,102,2
2026-03-17,601012,13:34:54,19.0100,97,1
2026-03-17,601012,13:34:57,19.0100,75,1
2026-03-17,601012,13:35:00,19.0000,147,2
2026-03-17,601012,13:35:03,19.0000,156,2
2026-03-17,601012,13:35:06,19.0000,295,2
2026-03-17,601012,13:35:09,19.0100,200,4
2026-03-17,601012,13:35:12,19.0100,125,2
2026-03-17,601012,13:35:15,19.0100,142,2
2026-03-17,601012,13:35:18,19.0100,125,2
2026-03-17,601012,13:35:21,19.0100,638,2
2026-03-17,601012,13:35:24,19.0100,114,1
2026-03-17,601012,13:35:27,19.0000,230,2
2026-03-17,601012,13:35:30,19.0100,113,1
2026-03-17,601012,13:35:33,19.0000,426,2
2026-03-17,601012,13:35:36,19.0000,212,2
2026-03-17,601012,13:35:39,19.0000,285,2
2026-03-17,601012,13:35:42,19.0000,107,2
2026-03-17,601012,13:35:45,19.0100,104,1
2026-03-17,601012,13:35:48,19.0100,62,1
2026-03-17,601012,13:35:51,19.0000,47,2
2026-03-17,601012,13:35:54,19.0000,492,2
2026-03-17,601012,13:35:57,19.0000,1298,2
2026-03-17,601012,13:36:00,19.0100,211,4
2026-03-17,601012,13:36:03,19.0100,432,2
2026-03-17,601012,13:36:06,19.0100,441,2
2026-03-17,601012,13:36:09,19.0100,277,2
2026-03-17,601012,13:36:12,19.0100,243,1
2026-03-17,601012,13:36:15,19.0000,248,2
2026-03-17,601012,13:36:18,19.0100,653,1
2026-03-17,601012,13:36:21,19.0100,321,1
2026-03-17,601012,13:36:24,19.0100,60,2
2026-03-17,601012,13:36:27,19.0100,126,1
2026-03-17,601012,13:36:30,19.0000,171,2
2026-03-17,601012,13:36:33,19.0000,134,2
2026-03-17,601012,13:36:36,19.0100,104,4
2026-03-17,601012,13:36:39,19.0200,33,1
2026-03-17,601012,13:36:42,19.0100,300,4
2026-03-17,601012,13:36:45,19.0000,60,2
2026-03-17,601012,13:36:48,19.0100,80,1
2026-03-17,601012,13:36:51,19.0000,189,2
2026-03-17,601012,13:36:54,19.0000,135,2
2026-03-17,601012,13:36:57,19.0100,226,1
2026-03-17,601012,13:37:00,19.0000,134,2
2026-03-17,601012,13:37:03,19.0100,680,1
2026-03-17,601012,13:37:06,19.0100,322,2
2026-03-17,601012,13:37:09,19.0200,141,1
2026-03-17,601012,13:37:13,19.0100,31,4
2026-03-17,601012,13:37:15,19.0100,150,1
2026-03-17,601012,13:37:18,19.0100,117,1
2026-03-17,601012,13:37:21,19.0100,97,2
2026-03-17,601012,13:37:24,19.0100,37,2
2026-03-17,601012,13:37:27,19.0100,46,2
2026-03-17,601012,13:37:30,19.0200,23,1
2026-03-17,601012,13:37:33,19.0100,19,2
2026-03-17,601012,13:37:36,19.0200,59,1
2026-03-17,601012,13:37:39,19.0200,39,1
2026-03-17,601012,13:37:42,19.0100,55,2
2026-03-17,601012,13:37:46,19.0200,141,1
2026-03-17,601012,13:37:48,19.0100,46,2
2026-03-17,601012,13:37:51,19.0100,97,2
2026-03-17,601012,13:37:54,19.0100,102,2
2026-03-17,601012,13:37:57,19.0200,156,1
2026-03-17,601012,13:38:00,19.0200,98,1
2026-03-17,601012,13:38:03,19.0200,29,1
2026-03-17,601012,13:38:06,19.0100,95,2
2026-03-17,601012,13:38:09,19.0200,73,1
2026-03-17,601012,13:38:12,19.0100,95,2
2026-03-17,601012,13:38:15,19.0100,196,2
2026-03-17,601012,13:38:18,19.0200,1834,1
2026-03-17,601012,13:38:21,19.0100,135,2
2026-03-17,601012,13:38:24,19.0000,448,2
2026-03-17,601012,13:38:27,19.0100,18,4
2026-03-17,601012,13:38:30,19.0100,121,2
2026-03-17,601012,13:38:33,19.0100,117,2
2026-03-17,601012,13:38:36,19.0100,46,2
2026-03-17,601012,13:38:40,19.0200,148,1
2026-03-17,601012,13:38:43,19.0100,82,2
2026-03-17,601012,13:38:45,19.0100,196,1
2026-03-17,601012,13:38:48,19.0000,188,2
2026-03-17,601012,13:38:51,19.0000,45,2
2026-03-17,601012,13:38:54,19.0100,150,1
2026-03-17,601012,13:38:57,19.0000,95,2
2026-03-17,601012,13:39:00,19.0100,94,1
2026-03-17,601012,13:39:03,19.0000,1245,2
2026-03-17,601012,13:39:06,19.0000,374,2
2026-03-17,601012,13:39:10,19.0000,43,2
2026-03-17,601012,13:39:12,19.0100,100,1
2026-03-17,601012,13:39:15,19.0100,44,1
2026-03-17,601012,13:39:18,19.0000,98,2
2026-03-17,601012,13:39:21,19.0000,178,2
2026-03-17,601012,13:39:24,19.0000,908,2
2026-03-17,601012,13:39:27,19.0000,393,2
2026-03-17,601012,13:39:30,19.0000,1168,2
2026-03-17,601012,13:39:33,18.9900,4889,2
2026-03-17,601012,13:39:36,18.9800,1980,2
2026-03-17,601012,13:39:40,18.9800,62,2
2026-03-17,601012,13:39:42,18.9800,863,2
2026-03-17,601012,13:39:45,18.9800,282,2
2026-03-17,601012,13:39:48,18.9900,97,1
2026-03-17,601012,13:39:51,18.9800,283,2
2026-03-17,601012,13:39:54,18.9800,134,2
2026-03-17,601012,13:39:57,18.9800,265,2
2026-03-17,601012,13:40:00,18.9800,1060,2
2026-03-17,601012,13:40:03,18.9800,641,2
2026-03-17,601012,13:40:06,18.9900,153,1
2026-03-17,601012,13:40:09,18.9800,151,2
2026-03-17,601012,13:40:12,18.9800,78,1
2026-03-17,601012,13:40:15,18.9800,88,2
2026-03-17,601012,13:40:18,18.9800,48,2
2026-03-17,601012,13:40:21,18.9800,88,2
2026-03-17,601012,13:40:24,18.9800,189,2
2026-03-17,601012,13:40:28,18.9800,300,2
2026-03-17,601012,13:40:30,18.9800,116,1
2026-03-17,601012,13:40:34,18.9800,103,1
2026-03-17,601012,13:40:36,18.9800,576,1
2026-03-17,601012,13:40:40,18.9800,235,1
2026-03-17,601012,13:40:42,18.9800,225,1
2026-03-17,601012,13:40:45,18.9800,150,2
2026-03-17,601012,13:40:48,18.9800,183,2
2026-03-17,601012,13:40:51,18.9800,214,1
2026-03-17,601012,13:40:54,18.9700,95,2
2026-03-17,601012,13:40:57,18.9800,377,1
2026-03-17,601012,13:41:00,18.9700,94,2
2026-03-17,601012,13:41:03,18.9800,505,1
2026-03-17,601012,13:41:06,18.9800,102,1
2026-03-17,601012,13:41:09,18.9800,247,1
2026-03-17,601012,13:41:12,18.9800,60,1
2026-03-17,601012,13:41:15,18.9700,373,2
2026-03-17,601012,13:41:18,18.9700,147,2
2026-03-17,601012,13:41:21,18.9700,645,2
2026-03-17,601012,13:41:24,18.9700,497,2
2026-03-17,601012,13:41:27,18.9700,213,2
2026-03-17,601012,13:41:30,18.9800,374,1
2026-03-17,601012,13:41:33,18.9700,383,2
2026-03-17,601012,13:41:36,18.9700,513,2
2026-03-17,601012,13:41:39,18.9700,137,4
2026-03-17,601012,13:41:42,18.9700,150,2
2026-03-17,601012,13:41:45,18.9600,166,2
2026-03-17,601012,13:41:49,18.9700,98,1
2026-03-17,601012,13:41:51,18.9600,483,2
2026-03-17,601012,13:41:54,18.9600,270,2
2026-03-17,601012,13:41:57,18.9600,1121,2
2026-03-17,601012,13:42:00,18.9600,421,2
2026-03-17,601012,13:42:03,18.9600,606,1
2026-03-17,601012,13:42:06,18.9600,280,2
2026-03-17,601012,13:42:09,18.9700,285,1
2026-03-17,601012,13:42:12,18.9600,383,2
2026-03-17,601012,13:42:15,18.9600,314,1
2026-03-17,601012,13:42:18,18.9600,475,1
2026-03-17,601012,13:42:21,18.9600,243,2
2026-03-17,601012,13:42:24,18.9600,235,2
2026-03-17,601012,13:42:27,18.9600,159,2
2026-03-17,601012,13:42:30,18.9700,242,1
2026-03-17,601012,13:42:33,18.9600,221,2
2026-03-17,601012,13:42:36,18.9600,227,2
2026-03-17,601012,13:42:39,18.9600,381,1
2026-03-17,601012,13:42:43,18.9600,496,2
2026-03-17,601012,13:42:45,18.9600,349,2
2026-03-17,601012,13:42:48,18.9600,436,2
2026-03-17,601012,13:42:51,18.9700,163,1
2026-03-17,601012,13:42:54,18.9700,295,1
2026-03-17,601012,13:42:57,18.9700,158,1
2026-03-17,601012,13:43:00,18.9700,715,1
2026-03-17,601012,13:43:03,18.9800,1114,1
2026-03-17,601012,13:43:06,18.9700,290,2
2026-03-17,601012,13:43:09,18.9700,384,2
2026-03-17,601012,13:43:12,18.9700,136,1
2026-03-17,601012,13:43:15,18.9700,186,2
2026-03-17,601012,13:43:18,18.9700,111,2
2026-03-17,601012,13:43:21,18.9700,179,2
2026-03-17,601012,13:43:24,18.9800,236,1
2026-03-17,601012,13:43:27,18.9800,404,1
2026-03-17,601012,13:43:30,18.9700,194,2
2026-03-17,601012,13:43:33,18.9800,355,1
2026-03-17,601012,13:43:37,18.9800,85,1
2026-03-17,601012,13:43:39,18.9800,269,1
2026-03-17,601012,13:43:42,18.9800,112,1
2026-03-17,601012,13:43:45,18.9800,189,1
2026-03-17,601012,13:43:48,18.9800,617,1
2026-03-17,601012,13:43:51,18.9900,383,1
2026-03-17,601012,13:43:54,18.9900,128,1
2026-03-17,601012,13:43:57,18.9900,166,1
2026-03-17,601012,13:44:00,18.9900,189,1
2026-03-17,601012,13:44:03,18.9900,344,1
2026-03-17,601012,13:44:06,18.9900,197,1
2026-03-17,601012,13:44:09,18.9900,115,1
2026-03-17,601012,13:44:12,18.9900,109,1
2026-03-17,601012,13:44:15,18.9900,107,1
2026-03-17,601012,13:44:18,18.9700,355,2
2026-03-17,601012,13:44:21,18.9800,163,4
2026-03-17,601012,13:44:24,18.9800,179,1
2026-03-17,601012,13:44:27,18.9700,170,2
2026-03-17,601012,13:44:30,18.9700,384,2
2026-03-17,601012,13:44:33,18.9800,344,1
2026-03-17,601012,13:44:36,18.9800,381,1
2026-03-17,601012,13:44:39,18.9700,225,1
2026-03-17,601012,13:44:42,18.9700,141,2
2026-03-17,601012,13:44:45,18.9700,60,1
2026-03-17,601012,13:44:48,18.9800,88,1
2026-03-17,601012,13:44:51,18.9700,58,2
2026-03-17,601012,13:44:54,18.9700,86,2
2026-03-17,601012,13:44:57,18.9700,51,1
2026-03-17,601012,13:45:01,18.9600,78,2
2026-03-17,601012,13:45:03,18.9600,79,2
2026-03-17,601012,13:45:06,18.9600,196,2
2026-03-17,601012,13:45:09,18.9700,314,1
2026-03-17,601012,13:45:12,18.9700,126,2
2026-03-17,601012,13:45:15,18.9600,153,2
2026-03-17,601012,13:45:19,18.9600,247,2
2026-03-17,601012,13:45:21,18.9700,115,1
2026-03-17,601012,13:45:24,18.9600,125,2
2026-03-17,601012,13:45:27,18.9700,96,1
2026-03-17,601012,13:45:30,18.9700,102,1
2026-03-17,601012,13:45:33,18.9600,386,2
2026-03-17,601012,13:45:36,18.9600,161,2
2026-03-17,601012,13:45:39,18.9600,174,2
2026-03-17,601012,13:45:42,18.9600,570,2
2026-03-17,601012,13:45:45,18.9600,292,1
2026-03-17,601012,13:45:48,18.9600,134,1
2026-03-17,601012,13:45:51,18.9600,248,1
2026-03-17,601012,13:45:54,18.9600,129,1
2026-03-17,601012,13:45:57,18.9600,151,1
2026-03-17,601012,13:46:01,18.9600,192,1
2026-03-17,601012,13:46:03,18.9600,410,1
2026-03-17,601012,13:46:06,18.9600,459,1
2026-03-17,601012,13:46:09,18.9500,320,2
2026-03-17,601012,13:46:12,18.9500,324,2
2026-03-17,601012,13:46:15,18.9500,224,2
2026-03-17,601012,13:46:18,18.9500,219,2
2026-03-17,601012,13:46:21,18.9500,501,2
2026-03-17,601012,13:46:24,18.9500,331,2
2026-03-17,601012,13:46:27,18.9500,370,2
2026-03-17,601012,13:46:30,18.9500,205,2
2026-03-17,601012,13:46:33,18.9500,151,2
2026-03-17,601012,13:46:36,18.9500,56,1
2026-03-17,601012,13:46:39,18.9500,489,1
2026-03-17,601012,13:46:42,18.9500,513,1
2026-03-17,601012,13:46:45,18.9500,215,1
2026-03-17,601012,13:46:48,18.9300,140,2
2026-03-17,601012,13:46:51,18.9300,108,2
2026-03-17,601012,13:46:54,18.9300,109,2
2026-03-17,601012,13:46:57,18.9300,213,2
2026-03-17,601012,13:47:00,18.9300,732,2
2026-03-17,601012,13:47:03,18.9300,217,2
2026-03-17,601012,13:47:06,18.9200,323,2
2026-03-17,601012,13:47:09,18.9300,603,1
2026-03-17,601012,13:47:12,18.9300,652,1
2026-03-17,601012,13:47:16,18.9300,765,1
2026-03-17,601012,13:47:18,18.9300,342,1
2026-03-17,601012,13:47:21,18.9300,318,2
2026-03-17,601012,13:47:25,18.9300,91,1
2026-03-17,601012,13:47:27,18.9200,532,2
2026-03-17,601012,13:47:30,18.9200,542,2
2026-03-17,601012,13:47:33,18.9300,265,1
2026-03-17,601012,13:47:36,18.9200,519,2
2026-03-17,601012,13:47:39,18.9200,814,2
2026-03-17,601012,13:47:42,18.9200,630,2
2026-03-17,601012,13:47:45,18.9200,1087,1
2026-03-17,601012,13:47:48,18.9200,485,2
2026-03-17,601012,13:47:51,18.9200,1132,1
2026-03-17,601012,13:47:54,18.9200,399,2
2026-03-17,601012,13:47:57,18.9200,904,2
2026-03-17,601012,13:48:00,18.9200,795,2
2026-03-17,601012,13:48:03,18.9200,1022,2
2026-03-17,601012,13:48:06,18.9300,961,1
2026-03-17,601012,13:48:09,18.9200,1267,2
2026-03-17,601012,13:48:12,18.9200,454,2
2026-03-17,601012,13:48:15,18.9200,955,2
2026-03-17,601012,13:48:18,18.9200,288,1
2026-03-17,601012,13:48:21,18.9200,212,2
2026-03-17,601012,13:48:25,18.9200,579,1
2026-03-17,601012,13:48:27,18.9200,291,1
2026-03-17,601012,13:48:30,18.9300,359,1
2026-03-17,601012,13:48:33,18.9200,242,2
2026-03-17,601012,13:48:36,18.9200,194,2
2026-03-17,601012,13:48:39,18.9200,312,2
2026-03-17,601012,13:48:42,18.9200,229,2
2026-03-17,601012,13:48:45,18.9200,623,2
2026-03-17,601012,13:48:48,18.9200,505,2
2026-03-17,601012,13:48:51,18.9200,138,1
2026-03-17,601012,13:48:54,18.9300,353,1
2026-03-17,601012,13:48:57,18.9200,336,2
2026-03-17,601012,13:49:00,18.9300,588,1
2026-03-17,601012,13:49:03,18.9300,232,4
2026-03-17,601012,13:49:07,18.9400,218,1
2026-03-17,601012,13:49:09,18.9300,426,2
2026-03-17,601012,13:49:12,18.9400,231,1
2026-03-17,601012,13:49:15,18.9400,219,1
2026-03-17,601012,13:49:18,18.9300,100,2
2026-03-17,601012,13:49:21,18.9400,132,1
2026-03-17,601012,13:49:24,18.9300,183,2
2026-03-17,601012,13:49:27,18.9400,143,1
2026-03-17,601012,13:49:30,18.9300,297,2
2026-03-17,601012,13:49:33,18.9300,452,2
2026-03-17,601012,13:49:36,18.9300,149,2
2026-03-17,601012,13:49:39,18.9400,285,1
2026-03-17,601012,13:49:42,18.9300,306,2
2026-03-17,601012,13:49:45,18.9400,201,1
2026-03-17,601012,13:49:48,18.9300,96,2
2026-03-17,601012,13:49:52,18.9300,260,2
2026-03-17,601012,13:49:55,18.9400,124,1
2026-03-17,601012,13:49:57,18.9300,230,2
2026-03-17,601012,13:50:00,18.9400,122,1
2026-03-17,601012,13:50:04,18.9400,131,1
2026-03-17,601012,13:50:06,18.9300,166,2
2026-03-17,601012,13:50:09,18.9400,176,1
2026-03-17,601012,13:50:13,18.9400,96,1
2026-03-17,601012,13:50:15,18.9300,238,2
2026-03-17,601012,13:50:18,18.9300,106,2
2026-03-17,601012,13:50:21,18.9300,206,2
2026-03-17,601012,13:50:24,18.9300,268,2
2026-03-17,601012,13:50:27,18.9400,145,1
2026-03-17,601012,13:50:31,18.9300,112,2
2026-03-17,601012,13:50:34,18.9300,408,2
2026-03-17,601012,13:50:37,18.9400,276,1
2026-03-17,601012,13:50:39,18.9300,169,2
2026-03-17,601012,13:50:42,18.9300,125,1
2026-03-17,601012,13:50:45,18.9300,293,1
2026-03-17,601012,13:50:48,18.9200,203,2
2026-03-17,601012,13:50:51,18.9300,286,1
2026-03-17,601012,13:50:54,18.9200,233,2
2026-03-17,601012,13:50:57,18.9200,167,2
2026-03-17,601012,13:51:00,18.9200,118,2
2026-03-17,601012,13:51:03,18.9200,99,2
2026-03-17,601012,13:51:06,18.9200,336,2
2026-03-17,601012,13:51:09,18.9300,70,1
2026-03-17,601012,13:51:13,18.9200,104,2
2026-03-17,601012,13:51:15,18.9200,61,2
2026-03-17,601012,13:51:18,18.9300,836,1
2026-03-17,601012,13:51:22,18.9200,166,2
2026-03-17,601012,13:51:24,18.9200,211,2
2026-03-17,601012,13:51:27,18.9200,208,2
2026-03-17,601012,13:51:30,18.9300,1650,1
2026-03-17,601012,13:51:33,18.9300,386,1
2026-03-17,601012,13:51:36,18.9400,745,1
2026-03-17,601012,13:51:40,18.9400,155,2
2026-03-17,601012,13:51:42,18.9400,115,2
2026-03-17,601012,13:51:45,18.9400,298,2
2026-03-17,601012,13:51:48,18.9500,349,1
2026-03-17,601012,13:51:51,18.9500,872,1
2026-03-17,601012,13:51:54,18.9400,201,2
2026-03-17,601012,13:51:57,18.9300,234,2
2026-03-17,601012,13:52:00,18.9300,249,2
2026-03-17,601012,13:52:03,18.9300,115,2
2026-03-17,601012,13:52:06,18.9400,154,1
2026-03-17,601012,13:52:09,18.9300,91,2
2026-03-17,601012,13:52:12,18.9400,103,1
2026-03-17,601012,13:52:16,18.9400,58,1
2026-03-17,601012,13:52:18,18.9400,93,1
2026-03-17,601012,13:52:21,18.9400,61,1
2026-03-17,601012,13:52:24,18.9400,169,1
2026-03-17,601012,13:52:27,18.9400,42,1
2026-03-17,601012,13:52:30,18.9300,161,2
2026-03-17,601012,13:52:33,18.9300,218,2
2026-03-17,601012,13:52:36,18.9300,110,2
2026-03-17,601012,13:52:39,18.9300,82,2
2026-03-17,601012,13:52:43,18.9400,56,1
2026-03-17,601012,13:52:45,18.9400,104,1
2026-03-17,601012,13:52:48,18.9400,193,1
2026-03-17,601012,13:52:51,18.9400,143,1
2026-03-17,601012,13:52:54,18.9400,130,1
2026-03-17,601012,13:52:57,18.9300,117,2
2026-03-17,601012,13:53:00,18.9400,135,1
2026-03-17,601012,13:53:03,18.9300,75,2
2026-03-17,601012,13:53:06,18.9400,202,4
2026-03-17,601012,13:53:09,18.9300,239,2
2026-03-17,601012,13:53:12,18.9400,54,1
2026-03-17,601012,13:53:15,18.9500,109,1
2026-03-17,601012,13:53:18,18.9400,300,2
2026-03-17,601012,13:53:21,18.9400,209,2
2026-03-17,601012,13:53:24,18.9400,115,2
2026-03-17,601012,13:53:27,18.9500,97,1
2026-03-17,601012,13:53:30,18.9400,254,2
2026-03-17,601012,13:53:33,18.9400,395,2
2026-03-17,601012,13:53:36,18.9500,155,1
2026-03-17,601012,13:53:39,18.9500,602,1
2026-03-17,601012,13:53:42,18.9500,447,1
2026-03-17,601012,13:53:45,18.9400,98,2
2026-03-17,601012,13:53:48,18.9400,284,2
2026-03-17,601012,13:53:51,18.9500,67,1
2026-03-17,601012,13:53:54,18.9500,287,1
2026-03-17,601012,13:53:57,18.9500,228,1
2026-03-17,601012,13:54:00,18.9600,158,1
2026-03-17,601012,13:54:03,18.9500,91,2
2026-03-17,601012,13:54:06,18.9600,50,1
2026-03-17,601012,13:54:09,18.9600,278,1
2026-03-17,601012,13:54:12,18.9600,224,1
2026-03-17,601012,13:54:15,18.9500,288,2
2026-03-17,601012,13:54:18,18.9600,99,1
2026-03-17,601012,13:54:21,18.9700,185,1
2026-03-17,601012,13:54:24,18.9600,61,2
2026-03-17,601012,13:54:27,18.9700,58,1
2026-03-17,601012,13:54:31,18.9700,116,1
2026-03-17,601012,13:54:33,18.9700,555,1
2026-03-17,601012,13:54:36,18.9700,173,1
2026-03-17,601012,13:54:39,18.9700,731,2
2026-03-17,601012,13:54:42,18.9700,79,1
2026-03-17,601012,13:54:45,18.9700,254,1
2026-03-17,601012,13:54:48,18.9600,238,2
2026-03-17,601012,13:54:51,18.9700,131,1
2026-03-17,601012,13:54:54,18.9700,134,1
2026-03-17,601012,13:54:58,18.9700,274,1
2026-03-17,601012,13:55:00,18.9700,148,1
2026-03-17,601012,13:55:03,18.9700,228,2
2026-03-17,601012,13:55:06,18.9600,631,2
2026-03-17,601012,13:55:09,18.9600,551,2
2026-03-17,601012,13:55:12,18.9600,194,1
2026-03-17,601012,13:55:15,18.9500,905,2
2026-03-17,601012,13:55:18,18.9400,500,2
2026-03-17,601012,13:55:21,18.9500,319,1
2026-03-17,601012,13:55:24,18.9400,310,2
2026-03-17,601012,13:55:27,18.9400,151,1
2026-03-17,601012,13:55:30,18.9400,119,1
2026-03-17,601012,13:55:33,18.9400,68,1
2026-03-17,601012,13:55:37,18.9300,161,2
2026-03-17,601012,13:55:39,18.9300,102,2
2026-03-17,601012,13:55:42,18.9400,44,1
2026-03-17,601012,13:55:45,18.9400,49,1
2026-03-17,601012,13:55:48,18.9300,199,2
2026-03-17,601012,13:55:51,18.9300,57,2
2026-03-17,601012,13:55:54,18.9400,154,1
2026-03-17,601012,13:55:57,18.9400,69,1
2026-03-17,601012,13:56:00,18.9400,342,1
2026-03-17,601012,13:56:03,18.9400,155,2
2026-03-17,601012,13:56:06,18.9500,179,1
2026-03-17,601012,13:56:10,18.9400,41,2
2026-03-17,601012,13:56:12,18.9300,64,2
2026-03-17,601012,13:56:15,18.9300,130,2
2026-03-17,601012,13:56:18,18.9400,114,1
2026-03-17,601012,13:56:21,18.9400,234,1
2026-03-17,601012,13:56:24,18.9400,125,1
2026-03-17,601012,13:56:28,18.9300,142,2
2026-03-17,601012,13:56:30,18.9400,214,1
2026-03-17,601012,13:56:33,18.9400,127,1
2026-03-17,601012,13:56:36,18.9400,244,1
2026-03-17,601012,13:56:39,18.9300,22,2
2026-03-17,601012,13:56:42,18.9400,111,1
2026-03-17,601012,13:56:45,18.9300,295,2
2026-03-17,601012,13:56:48,18.9300,92,2
2026-03-17,601012,13:56:51,18.9400,192,1
2026-03-17,601012,13:56:55,18.9400,48,1
2026-03-17,601012,13:56:57,18.9400,262,1
2026-03-17,601012,13:57:00,18.9400,19,1
2026-03-17,601012,13:57:03,18.9300,69,2
2026-03-17,601012,13:57:06,18.9300,67,2
2026-03-17,601012,13:57:09,18.9300,17,2
2026-03-17,601012,13:57:12,18.9300,48,2
2026-03-17,601012,13:57:15,18.9300,55,2
2026-03-17,601012,13:57:18,18.9400,114,1
2026-03-17,601012,13:57:21,18.9300,398,2
2026-03-17,601012,13:57:25,18.9300,81,2
2026-03-17,601012,13:57:27,18.9300,15,2
2026-03-17,601012,13:57:30,18.9300,151,2
2026-03-17,601012,13:57:33,18.9300,208,2
2026-03-17,601012,13:57:36,18.9300,70,2
2026-03-17,601012,13:57:39,18.9300,97,2
2026-03-17,601012,13:57:42,18.9400,122,1
2026-03-17,601012,13:57:45,18.9300,10,2
2026-03-17,601012,13:57:48,18.9400,40,1
2026-03-17,601012,13:57:51,18.9400,20,1
2026-03-17,601012,13:57:54,18.9300,647,2
2026-03-17,601012,13:57:57,18.9200,281,2
2026-03-17,601012,13:58:00,18.9400,658,1
2026-03-17,601012,13:58:03,18.9300,54,4
2026-03-17,601012,13:58:06,18.9300,356,2
2026-03-17,601012,13:58:09,18.9300,185,2
2026-03-17,601012,13:58:12,18.9400,882,1
2026-03-17,601012,13:58:15,18.9300,156,2
2026-03-17,601012,13:58:18,18.9400,297,1
2026-03-17,601012,13:58:21,18.9300,196,2
2026-03-17,601012,13:58:24,18.9300,88,1
2026-03-17,601012,13:58:27,18.9300,62,1
2026-03-17,601012,13:58:30,18.9300,180,1
2026-03-17,601012,13:58:33,18.9300,107,1
2026-03-17,601012,13:58:37,18.9300,138,2
2026-03-17,601012,13:58:39,18.9300,64,1
2026-03-17,601012,13:58:42,18.9400,29,1
2026-03-17,601012,13:58:45,18.9300,562,2
2026-03-17,601012,13:58:48,18.9300,240,2
2026-03-17,601012,13:58:52,18.9300,138,2
2026-03-17,601012,13:58:54,18.9400,109,1
2026-03-17,601012,13:58:58,18.9300,436,2
2026-03-17,601012,13:59:00,18.9200,218,2
2026-03-17,601012,13:59:03,18.9300,71,1
2026-03-17,601012,13:59:06,18.9200,1580,2
2026-03-17,601012,13:59:09,18.9200,454,1
2026-03-17,601012,13:59:12,18.9200,42,1
2026-03-17,601012,13:59:15,18.9300,177,1
2026-03-17,601012,13:59:18,18.9200,1209,1
2026-03-17,601012,13:59:21,18.9200,273,1
2026-03-17,601012,13:59:24,18.9200,90,1
2026-03-17,601012,13:59:27,18.9200,377,2
2026-03-17,601012,13:59:30,18.9100,25,2
2026-03-17,601012,13:59:33,18.9200,201,1
2026-03-17,601012,13:59:36,18.9100,121,2
2026-03-17,601012,13:59:39,18.9200,152,1
2026-03-17,601012,13:59:42,18.9100,277,2
2026-03-17,601012,13:59:45,18.9100,71,2
2026-03-17,601012,13:59:48,18.9100,426,2
2026-03-17,601012,13:59:51,18.9000,103,2
2026-03-17,601012,13:59:54,18.9000,258,2
2026-03-17,601012,13:59:57,18.9000,302,2
2026-03-17,601012,14:00:00,18.9000,368,2
2026-03-17,601012,14:00:03,18.9000,75,2
2026-03-17,601012,14:00:06,18.9100,332,1
2026-03-17,601012,14:00:09,18.9100,380,1
2026-03-17,601012,14:00:12,18.9000,377,2
2026-03-17,601012,14:00:15,18.9100,571,1
2026-03-17,601012,14:00:18,18.9000,362,2
2026-03-17,601012,14:00:21,18.9000,263,2
2026-03-17,601012,14:00:24,18.9000,200,2
2026-03-17,601012,14:00:27,18.9000,513,2
2026-03-17,601012,14:00:31,18.9000,453,2
2026-03-17,601012,14:00:33,18.9000,440,2
2026-03-17,601012,14:00:36,18.9000,543,2
2026-03-17,601012,14:00:39,18.9000,123,2
2026-03-17,601012,14:00:43,18.9100,449,1
2026-03-17,601012,14:00:46,18.9000,342,2
2026-03-17,601012,14:00:48,18.9000,1904,2
2026-03-17,601012,14:00:51,18.9000,302,2
2026-03-17,601012,14:00:54,18.9000,414,2
2026-03-17,601012,14:00:57,18.9100,573,1
2026-03-17,601012,14:01:00,18.9000,136,2
2026-03-17,601012,14:01:03,18.9000,1349,1
2026-03-17,601012,14:01:06,18.9000,81,4
2026-03-17,601012,14:01:09,18.9000,395,2
2026-03-17,601012,14:01:12,18.9100,145,1
2026-03-17,601012,14:01:15,18.9000,71,2
2026-03-17,601012,14:01:18,18.9000,144,1
2026-03-17,601012,14:01:21,18.9000,49,2
2026-03-17,601012,14:01:24,18.9000,292,2
2026-03-17,601012,14:01:27,18.9000,274,2
2026-03-17,601012,14:01:30,18.9000,184,2
2026-03-17,601012,14:01:33,18.9000,327,2
2026-03-17,601012,14:01:36,18.9000,206,2
2026-03-17,601012,14:01:40,18.9000,260,2
2026-03-17,601012,14:01:42,18.9000,376,2
2026-03-17,601012,14:01:45,18.9000,212,1
2026-03-17,601012,14:01:48,18.9000,60,2
2026-03-17,601012,14:01:52,18.9100,457,1
2026-03-17,601012,14:01:55,18.9000,50,2
2026-03-17,601012,14:01:57,18.9000,247,2
2026-03-17,601012,14:02:00,18.9100,276,1
2026-03-17,601012,14:02:03,18.9000,231,2
2026-03-17,601012,14:02:06,18.9000,334,2
2026-03-17,601012,14:02:09,18.9000,379,1
2026-03-17,601012,14:02:12,18.9000,145,2
2026-03-17,601012,14:02:15,18.9100,87,1
2026-03-17,601012,14:02:18,18.9000,165,2
2026-03-17,601012,14:02:21,18.9000,185,2
2026-03-17,601012,14:02:24,18.9000,158,2
2026-03-17,601012,14:02:27,18.9000,203,2
2026-03-17,601012,14:02:30,18.9100,130,1
2026-03-17,601012,14:02:33,18.9000,45,4
2026-03-17,601012,14:02:36,18.9000,76,1
2026-03-17,601012,14:02:40,18.8900,493,2
2026-03-17,601012,14:02:42,18.9000,416,1
2026-03-17,601012,14:02:45,18.8900,279,2
2026-03-17,601012,14:02:48,18.8900,86,2
2026-03-17,601012,14:02:51,18.8900,269,2
2026-03-17,601012,14:02:54,18.9000,174,1
2026-03-17,601012,14:02:58,18.9000,1373,1
2026-03-17,601012,14:03:00,18.9000,498,2
2026-03-17,601012,14:03:03,18.9000,205,2
2026-03-17,601012,14:03:06,18.9000,211,2
2026-03-17,601012,14:03:09,18.9000,276,1
2026-03-17,601012,14:03:12,18.9000,100,1
2026-03-17,601012,14:03:15,18.8900,124,2
2026-03-17,601012,14:03:18,18.8900,218,2
2026-03-17,601012,14:03:21,18.8900,115,2
2026-03-17,601012,14:03:24,18.8900,43,2
2026-03-17,601012,14:03:27,18.8900,684,2
2026-03-17,601012,14:03:30,18.8900,419,2
2026-03-17,601012,14:03:33,18.8900,159,1
2026-03-17,601012,14:03:36,18.8900,195,1
2026-03-17,601012,14:03:39,18.8800,24,2
2026-03-17,601012,14:03:42,18.8900,993,1
2026-03-17,601012,14:03:45,18.8800,126,2
2026-03-17,601012,14:03:48,18.8800,369,2
2026-03-17,601012,14:03:51,18.8800,246,2
2026-03-17,601012,14:03:54,18.8900,479,1
2026-03-17,601012,14:03:57,18.8800,625,2
2026-03-17,601012,14:04:00,18.8800,253,2
2026-03-17,601012,14:04:03,18.8800,1039,2
2026-03-17,601012,14:04:06,18.8800,1159,2
2026-03-17,601012,14:04:09,18.8800,494,2
2026-03-17,601012,14:04:12,18.8800,1966,2
2026-03-17,601012,14:04:15,18.8800,448,2
2026-03-17,601012,14:04:19,18.8800,776,2
2026-03-17,601012,14:04:21,18.8700,219,2
2026-03-17,601012,14:04:24,18.8700,259,2
2026-03-17,601012,14:04:27,18.8700,256,2
2026-03-17,601012,14:04:30,18.8800,1567,1
2026-03-17,601012,14:04:33,18.8800,829,2
2026-03-17,601012,14:04:36,18.8800,1021,1
2026-03-17,601012,14:04:39,18.8800,293,2
2026-03-17,601012,14:04:42,18.8800,91,1
2026-03-17,601012,14:04:45,18.8700,150,2
2026-03-17,601012,14:04:48,18.8700,419,2
2026-03-17,601012,14:04:51,18.8700,212,2
2026-03-17,601012,14:04:54,18.8800,1166,1
2026-03-17,601012,14:04:57,18.8800,181,2
2026-03-17,601012,14:05:00,18.8800,683,2
2026-03-17,601012,14:05:03,18.8800,510,2
2026-03-17,601012,14:05:06,18.8800,362,2
2026-03-17,601012,14:05:09,18.8900,339,1
2026-03-17,601012,14:05:13,18.8800,862,2
2026-03-17,601012,14:05:15,18.8800,322,2
2026-03-17,601012,14:05:18,18.8700,58,2
2026-03-17,601012,14:05:21,18.8700,404,2
2026-03-17,601012,14:05:24,18.8900,512,1
2026-03-17,601012,14:05:27,18.8800,284,2
2026-03-17,601012,14:05:30,18.8800,129,2
2026-03-17,601012,14:05:33,18.8800,237,2
2026-03-17,601012,14:05:36,18.8800,209,1
2026-03-17,601012,14:05:39,18.8800,603,2
2026-03-17,601012,14:05:42,18.8700,150,2
2026-03-17,601012,14:05:45,18.8800,262,1
2026-03-17,601012,14:05:48,18.8800,224,2
2026-03-17,601012,14:05:51,18.8800,582,2
2026-03-17,601012,14:05:54,18.8700,296,2
2026-03-17,601012,14:05:57,18.8800,394,1
2026-03-17,601012,14:06:00,18.8800,135,1
2026-03-17,601012,14:06:03,18.8800,75,1
2026-03-17,601012,14:06:06,18.8700,328,2
2026-03-17,601012,14:06:10,18.8800,92,1
2026-03-17,601012,14:06:12,18.8800,135,1
2026-03-17,601012,14:06:15,18.8800,685,1
2026-03-17,601012,14:06:19,18.8700,189,2
2026-03-17,601012,14:06:21,18.8700,105,2
2026-03-17,601012,14:06:24,18.8800,127,1
2026-03-17,601012,14:06:27,18.8700,191,2
2026-03-17,601012,14:06:30,18.8800,1118,1
2026-03-17,601012,14:06:33,18.8700,896,2
2026-03-17,601012,14:06:36,18.8800,601,4
2026-03-17,601012,14:06:39,18.8800,119,2
2026-03-17,601012,14:06:42,18.8800,224,1
2026-03-17,601012,14:06:45,18.8800,209,2
2026-03-17,601012,14:06:48,18.8800,573,1
2026-03-17,601012,14:06:51,18.8800,220,1
2026-03-17,601012,14:06:54,18.8800,102,1
2026-03-17,601012,14:06:57,18.8800,581,1
2026-03-17,601012,14:07:00,18.8800,271,2
2026-03-17,601012,14:07:03,18.8900,692,1
2026-03-17,601012,10:57:09,19.2100,77,2
2026-03-17,601012,10:57:12,19.2200,75,1
2026-03-17,601012,10:57:15,19.2200,250,1
2026-03-17,601012,10:57:18,19.2200,124,1
2026-03-17,601012,10:57:21,19.2200,101,1
2026-03-17,601012,10:57:24,19.2300,1867,1
2026-03-17,601012,10:57:27,19.2700,15825,1
2026-03-17,601012,10:57:30,19.2800,586,1
2026-03-17,601012,10:57:33,19.2800,216,1
2026-03-17,601012,10:57:36,19.2700,1804,2
2026-03-17,601012,10:57:39,19.2700,509,2
2026-03-17,601012,10:57:42,19.2800,1583,1
2026-03-17,601012,10:57:45,19.2700,383,2
2026-03-17,601012,10:57:48,19.2800,561,1
2026-03-17,601012,10:57:51,19.2700,510,2
2026-03-17,601012,10:57:55,19.2700,466,2
2026-03-17,601012,10:57:57,19.2700,250,2
2026-03-17,601012,10:58:00,19.2700,839,2
2026-03-17,601012,10:58:03,19.2700,325,1
2026-03-17,601012,10:58:06,19.2700,411,1
2026-03-17,601012,10:58:09,19.2600,227,1
2026-03-17,601012,10:58:12,19.2600,347,1
2026-03-17,601012,10:58:15,19.2600,296,1
2026-03-17,601012,10:58:18,19.2600,681,1
2026-03-17,601012,10:58:21,19.2600,283,2
2026-03-17,601012,10:58:24,19.2600,990,2
2026-03-17,601012,10:58:27,19.2600,603,2
2026-03-17,601012,10:58:30,19.2600,251,2
2026-03-17,601012,10:58:33,19.2600,121,1
2026-03-17,601012,10:58:36,19.2500,748,2
2026-03-17,601012,10:58:40,19.2600,642,1
2026-03-17,601012,10:58:42,19.2600,506,1
2026-03-17,601012,10:58:45,19.2600,491,1
2026-03-17,601012,10:58:48,19.2600,487,1
2026-03-17,601012,10:58:51,19.2500,296,2
2026-03-17,601012,10:58:54,19.2600,389,1
2026-03-17,601012,10:58:57,19.2500,313,2
2026-03-17,601012,10:59:00,19.2500,289,2
2026-03-17,601012,10:59:03,19.2600,827,1
2026-03-17,601012,10:59:06,19.2500,383,2
2026-03-17,601012,10:59:09,19.2600,161,1
2026-03-17,601012,10:59:12,19.2500,605,2
2026-03-17,601012,10:59:16,19.2600,1536,1
2026-03-17,601012,10:59:18,19.2600,400,2
2026-03-17,601012,10:59:21,19.2600,213,1
2026-03-17,601012,10:59:24,19.2600,190,2
2026-03-17,601012,10:59:27,19.2500,116,2
2026-03-17,601012,10:59:30,19.2600,5347,1
2026-03-17,601012,10:59:33,19.2500,202,2
2026-03-17,601012,10:59:36,19.2600,295,1
2026-03-17,601012,10:59:39,19.2600,393,2
2026-03-17,601012,10:59:42,19.2600,352,1
2026-03-17,601012,10:59:45,19.2600,217,2
2026-03-17,601012,10:59:48,19.2600,649,2
2026-03-17,601012,10:59:51,19.2600,226,2
2026-03-17,601012,10:59:54,19.2600,693,2
2026-03-17,601012,10:59:57,19.2600,202,1
2026-03-17,601012,11:00:00,19.2600,106,1
2026-03-17,601012,11:00:03,19.2400,815,2
2026-03-17,601012,11:00:06,19.2400,376,2
2026-03-17,601012,11:00:09,19.2500,196,1
2026-03-17,601012,11:00:12,19.2400,155,2
2026-03-17,601012,11:00:15,19.2400,325,2
2026-03-17,601012,11:00:18,19.2400,16,1
2026-03-17,601012,11:00:21,19.2300,272,2
2026-03-17,601012,11:00:24,19.2300,54,2
2026-03-17,601012,11:00:27,19.2200,36,2
2026-03-17,601012,11:00:30,19.2200,431,2
2026-03-17,601012,11:00:33,19.2200,518,2
2026-03-17,601012,11:00:36,19.2200,272,2
2026-03-17,601012,11:00:39,19.2300,1028,1
2026-03-17,601012,11:00:42,19.2400,1373,1
2026-03-17,601012,11:00:45,19.2400,216,2
2026-03-17,601012,11:00:48,19.2300,733,2
2026-03-17,601012,11:00:52,19.2300,66,2
2026-03-17,601012,11:00:54,19.2300,119,2
2026-03-17,601012,11:00:57,19.2300,286,2
2026-03-17,601012,11:01:00,19.2200,372,2
2026-03-17,601012,11:01:03,19.2400,2381,1
2026-03-17,601012,11:01:06,19.2500,721,1
2026-03-17,601012,11:01:09,19.2500,706,2
2026-03-17,601012,11:01:12,19.2300,266,2
2026-03-17,601012,11:01:16,19.2500,629,1
2026-03-17,601012,11:01:18,19.2400,113,2
2026-03-17,601012,11:01:21,19.2500,163,1
2026-03-17,601012,11:01:24,19.2500,145,1
2026-03-17,601012,11:01:27,19.2400,309,2
2026-03-17,601012,11:01:30,19.2400,254,2
2026-03-17,601012,11:01:33,19.2500,319,1
2026-03-17,601012,11:01:36,19.2400,257,2
2026-03-17,601012,11:01:39,19.2400,298,2
2026-03-17,601012,11:01:42,19.2500,74,1
2026-03-17,601012,11:01:45,19.2400,87,2
2026-03-17,601012,11:01:49,19.2400,813,2
2026-03-17,601012,11:01:51,19.2500,544,1
2026-03-17,601012,11:01:54,19.2500,38,1
2026-03-17,601012,11:01:57,19.2400,122,2
2026-03-17,601012,11:02:00,19.2400,467,2
2026-03-17,601012,11:02:03,19.2400,140,2
2026-03-17,601012,11:02:06,19.2400,555,2
2026-03-17,601012,11:02:09,19.2400,339,2
2026-03-17,601012,11:02:12,19.2400,260,2
2026-03-17,601012,11:02:15,19.2400,312,2
2026-03-17,601012,11:02:18,19.2500,166,1
2026-03-17,601012,11:02:21,19.2400,356,2
2026-03-17,601012,11:02:25,19.2400,207,2
2026-03-17,601012,11:02:28,19.2400,191,2
2026-03-17,601012,11:02:30,19.2400,297,2
2026-03-17,601012,11:02:33,19.2400,468,2
2026-03-17,601012,11:02:36,19.2400,559,2
2026-03-17,601012,11:02:39,19.2400,24,1
2026-03-17,601012,11:02:42,19.2300,38,2
2026-03-17,601012,11:02:45,19.2300,186,2
2026-03-17,601012,11:02:48,19.2400,142,1
2026-03-17,601012,11:02:51,19.2400,182,1
2026-03-17,601012,11:02:54,19.2300,155,2
2026-03-17,601012,11:02:57,19.2300,347,2
2026-03-17,601012,11:03:00,19.2300,307,2
2026-03-17,601012,11:03:03,19.2300,315,1
2026-03-17,601012,11:03:07,19.2200,101,2
2026-03-17,601012,11:03:09,19.2200,177,2
2026-03-17,601012,11:03:13,19.2200,199,2
2026-03-17,601012,11:03:15,19.2300,211,1
2026-03-17,601012,11:03:18,19.2200,300,2
2026-03-17,601012,11:03:21,19.2200,263,2
2026-03-17,601012,11:03:24,19.2200,94,2
2026-03-17,601012,11:03:27,19.2200,168,1
2026-03-17,601012,11:03:30,19.2100,434,2
2026-03-17,601012,11:03:33,19.2100,461,2
2026-03-17,601012,11:03:36,19.2200,253,1
2026-03-17,601012,11:03:39,19.2200,283,1
2026-03-17,601012,11:03:42,19.2200,135,2
2026-03-17,601012,11:03:45,19.2200,388,2
2026-03-17,601012,11:03:48,19.2200,184,2
2026-03-17,601012,11:03:51,19.2200,217,2
2026-03-17,601012,11:03:54,19.2100,121,2
2026-03-17,601012,11:03:57,19.2100,50,2
2026-03-17,601012,11:04:00,19.2100,14,2
2026-03-17,601012,11:04:03,19.2100,256,2
2026-03-17,601012,11:04:06,19.2100,515,2
2026-03-17,601012,11:04:09,19.2000,27,2
2026-03-17,601012,11:04:12,19.2000,480,2
2026-03-17,601012,11:04:16,19.2000,116,2
2026-03-17,601012,11:04:19,19.2000,299,2
2026-03-17,601012,11:04:21,19.2000,317,2
2026-03-17,601012,11:04:24,19.2000,458,2
2026-03-17,601012,11:04:27,19.2000,192,2
2026-03-17,601012,11:04:30,19.2000,456,2
2026-03-17,601012,11:04:33,19.2000,185,2
2026-03-17,601012,11:04:36,19.2000,16,1
2026-03-17,601012,11:04:39,19.1900,40,2
2026-03-17,601012,11:04:42,19.1900,30,2
2026-03-17,601012,11:04:45,19.1900,466,2
2026-03-17,601012,11:04:48,19.1900,148,2
2026-03-17,601012,11:04:51,19.1900,308,2
2026-03-17,601012,11:04:54,19.1900,197,2
2026-03-17,601012,11:04:57,19.1900,357,1
2026-03-17,601012,11:05:00,19.1900,526,2
2026-03-17,601012,11:05:03,19.1900,79,2
2026-03-17,601012,11:05:06,19.1900,98,2
2026-03-17,601012,11:05:09,19.1900,247,2
2026-03-17,601012,11:05:12,19.1900,437,2
2026-03-17,601012,11:05:15,19.2000,124,1
2026-03-17,601012,11:05:18,19.1900,53,2
2026-03-17,601012,11:05:21,19.1900,77,1
2026-03-17,601012,11:05:24,19.1900,130,1
2026-03-17,601012,11:05:27,19.1800,403,2
2026-03-17,601012,11:05:31,19.1800,77,2
2026-03-17,601012,11:05:33,19.1900,262,1
2026-03-17,601012,11:05:36,19.1900,115,2
2026-03-17,601012,11:05:39,19.1900,30,2
2026-03-17,601012,11:05:42,19.1900,107,2
2026-03-17,601012,11:05:45,19.1900,507,2
2026-03-17,601012,11:05:48,19.1900,366,2
2026-03-17,601012,11:05:51,19.2000,165,1
2026-03-17,601012,11:05:54,19.1900,126,2
2026-03-17,601012,11:05:57,19.1900,142,2
2026-03-17,601012,11:06:00,19.2000,163,1
2026-03-17,601012,11:06:03,19.1900,107,2
2026-03-17,601012,11:06:06,19.1800,61,2
2026-03-17,601012,11:06:09,19.1800,52,2
2026-03-17,601012,11:06:12,19.1900,236,1
2026-03-17,601012,11:06:15,19.1900,49,1
2026-03-17,601012,11:06:18,19.1800,397,2
2026-03-17,601012,11:06:21,19.1900,131,1
2026-03-17,601012,11:06:24,19.1800,469,2
2026-03-17,601012,11:06:27,19.1700,92,2
2026-03-17,601012,11:06:30,19.1700,111,2
2026-03-17,601012,11:06:33,19.1700,128,2
2026-03-17,601012,11:06:36,19.1800,29,1
2026-03-17,601012,11:06:39,19.1700,134,2
2026-03-17,601012,11:06:42,19.1800,388,1
2026-03-17,601012,11:06:45,19.1800,176,1
2026-03-17,601012,11:06:48,19.1700,84,2
2026-03-17,601012,11:06:51,19.1700,58,1
2026-03-17,601012,11:06:54,19.1700,76,1
2026-03-17,601012,11:06:57,19.1700,110,1
2026-03-17,601012,11:07:00,19.1600,64,2
2026-03-17,601012,11:07:03,19.1600,1111,2
2026-03-17,601012,11:07:06,19.1500,397,2
2026-03-17,601012,11:07:09,19.1600,194,1
2026-03-17,601012,11:07:12,19.1500,364,2
2026-03-17,601012,11:07:15,19.1500,1228,2
2026-03-17,601012,11:07:18,19.1500,73,1
2026-03-17,601012,11:07:21,19.1500,90,1
2026-03-17,601012,11:07:24,19.1500,565,1
2026-03-17,601012,11:07:27,19.1500,167,2
2026-03-17,601012,11:07:30,19.1500,179,2
2026-03-17,601012,11:07:33,19.1400,275,2
2026-03-17,601012,11:07:36,19.1400,432,2
2026-03-17,601012,11:07:40,19.1400,285,2
2026-03-17,601012,11:07:42,19.1400,113,2
2026-03-17,601012,11:07:46,19.1500,199,1
2026-03-17,601012,11:07:48,19.1400,254,2
2026-03-17,601012,11:07:51,19.1400,307,2
2026-03-17,601012,11:07:54,19.1500,464,1
2026-03-17,601012,11:07:57,19.1400,516,2
2026-03-17,601012,11:08:00,19.1400,85,2
2026-03-17,601012,11:08:03,19.1400,189,2
2026-03-17,601012,11:08:06,19.1400,273,2
2026-03-17,601012,11:08:09,19.1300,164,2
2026-03-17,601012,11:08:12,19.1300,282,2
2026-03-17,601012,11:08:15,19.1400,77,1
2026-03-17,601012,11:08:18,19.1300,217,2
2026-03-17,601012,11:08:21,19.1300,176,2
2026-03-17,601012,11:08:24,19.1300,124,2
2026-03-17,601012,11:08:27,19.1300,542,2
2026-03-17,601012,11:08:30,19.1300,341,2
2026-03-17,601012,11:08:33,19.1200,118,2
2026-03-17,601012,11:08:36,19.1300,42,1
2026-03-17,601012,11:08:39,19.1200,191,2
2026-03-17,601012,11:08:42,19.1300,80,1
2026-03-17,601012,11:08:45,19.1200,181,2
2026-03-17,601012,11:08:48,19.1300,1059,1
2026-03-17,601012,11:08:51,19.1200,524,2
2026-03-17,601012,11:08:54,19.1200,467,2
2026-03-17,601012,11:08:57,19.1200,395,2
2026-03-17,601012,11:09:00,19.1200,212,2
2026-03-17,601012,11:09:03,19.1200,288,2
2026-03-17,601012,11:09:06,19.1300,554,1
2026-03-17,601012,11:09:09,19.1300,754,2
2026-03-17,601012,11:09:12,19.1400,131,1
2026-03-17,601012,11:09:15,19.1400,228,1
2026-03-17,601012,11:09:18,19.1300,304,2
2026-03-17,601012,11:09:21,19.1400,112,1
2026-03-17,601012,11:09:24,19.1300,138,2
2026-03-17,601012,11:09:27,19.1300,312,2
2026-03-17,601012,11:09:30,19.1300,150,2
2026-03-17,601012,11:09:33,19.1300,118,2
2026-03-17,601012,11:09:36,19.1400,497,1
2026-03-17,601012,11:09:39,19.1300,143,2
2026-03-17,601012,11:09:42,19.1300,240,2
2026-03-17,601012,11:09:45,19.1300,577,2
2026-03-17,601012,11:09:48,19.1300,108,2
2026-03-17,601012,11:09:51,19.1300,214,2
2026-03-17,601012,11:09:54,19.1300,360,2
2026-03-17,601012,11:09:57,19.1300,116,2
2026-03-17,601012,11:10:00,19.1300,181,2
2026-03-17,601012,11:10:03,19.1300,96,2
2026-03-17,601012,11:10:06,19.1300,180,2
2026-03-17,601012,11:10:10,19.1400,193,1
2026-03-17,601012,11:10:12,19.1400,444,1
2026-03-17,601012,11:10:15,19.1400,223,1
2026-03-17,601012,11:10:18,19.1400,198,2
2026-03-17,601012,11:10:21,19.1500,809,1
2026-03-17,601012,11:10:24,19.1500,90,1
2026-03-17,601012,11:10:27,19.1500,663,1
2026-03-17,601012,11:10:30,19.1500,132,1
2026-03-17,601012,11:10:33,19.1500,173,1
2026-03-17,601012,11:10:36,19.1500,45,2
2026-03-17,601012,11:10:39,19.1500,154,2
2026-03-17,601012,11:10:42,19.1500,104,2
2026-03-17,601012,11:10:46,19.1500,216,2
2026-03-17,601012,11:10:48,19.1500,35,2
2026-03-17,601012,11:10:51,19.1600,149,1
2026-03-17,601012,11:10:54,19.1600,91,1
2026-03-17,601012,11:10:57,19.1600,280,1
2026-03-17,601012,11:11:00,19.1600,121,2
2026-03-17,601012,11:11:03,19.1500,213,2
2026-03-17,601012,11:11:06,19.1600,262,1
2026-03-17,601012,11:11:09,19.1500,384,2
2026-03-17,601012,11:11:13,19.1500,990,2
2026-03-17,601012,11:11:15,19.1500,513,1
2026-03-17,601012,11:11:18,19.1500,54,2
2026-03-17,601012,11:11:21,19.1500,431,2
2026-03-17,601012,11:11:24,19.1500,80,2
2026-03-17,601012,11:11:27,19.1500,58,2
2026-03-17,601012,11:11:30,19.1600,65,1
2026-03-17,601012,11:11:33,19.1600,38,1
2026-03-17,601012,11:11:36,19.1600,256,1
2026-03-17,601012,11:11:39,19.1600,59,2
2026-03-17,601012,11:11:42,19.1700,94,1
2026-03-17,601012,11:11:45,19.1600,221,2
2026-03-17,601012,11:11:48,19.1600,42,1
2026-03-17,601012,11:11:51,19.1600,73,1
2026-03-17,601012,11:11:54,19.1700,209,1
2026-03-17,601012,11:11:57,19.1700,8,1
2026-03-17,601012,11:12:00,19.1700,211,1
2026-03-17,601012,11:12:03,19.1700,18,1
2026-03-17,601012,11:12:06,19.1700,45,1
2026-03-17,601012,11:12:09,19.1600,62,2
2026-03-17,601012,11:12:12,19.1700,277,1
2026-03-17,601012,11:12:16,19.1700,139,1
2026-03-17,601012,11:12:19,19.1700,344,1
2026-03-17,601012,11:12:21,19.1700,50,1
2026-03-17,601012,11:12:24,19.1700,30,1
2026-03-17,601012,11:12:27,19.1600,20,2
2026-03-17,601012,11:12:31,19.1600,222,2
2026-03-17,601012,11:12:33,19.1600,327,2
2026-03-17,601012,11:12:36,19.1600,192,2
2026-03-17,601012,11:12:39,19.1700,271,1
2026-03-17,601012,11:12:42,19.1700,409,1
2026-03-17,601012,11:12:45,19.1700,329,1
2026-03-17,601012,11:12:48,19.1700,315,1
2026-03-17,601012,11:12:51,19.1700,276,1
2026-03-17,601012,11:12:55,19.1700,68,2
2026-03-17,601012,11:12:58,19.1700,34,2
2026-03-17,601012,11:13:00,19.1800,28,1
2026-03-17,601012,11:13:03,19.1700,254,2
2026-03-17,601012,11:13:06,19.1700,126,2
2026-03-17,601012,11:13:10,19.1700,107,2
2026-03-17,601012,11:13:12,19.1700,369,2
2026-03-17,601012,11:13:15,19.1700,181,1
2026-03-17,601012,11:13:18,19.1700,214,1
2026-03-17,601012,11:13:21,19.1700,218,2
2026-03-17,601012,11:13:24,19.1700,165,2
2026-03-17,601012,11:13:27,19.1700,42,4
2026-03-17,601012,11:13:30,19.1700,96,1
2026-03-17,601012,11:13:33,19.1700,39,1
2026-03-17,601012,11:13:36,19.1700,56,1
2026-03-17,601012,11:13:39,19.1600,61,2
2026-03-17,601012,11:13:42,19.1700,34,1
2026-03-17,601012,11:13:45,19.1600,76,2
2026-03-17,601012,11:13:48,19.1600,15,2
2026-03-17,601012,11:13:51,19.1600,128,2
2026-03-17,601012,11:13:54,19.1600,14,2
2026-03-17,601012,11:13:57,19.1600,17,2
2026-03-17,601012,11:14:00,19.1700,53,1
2026-03-17,601012,11:14:03,19.1600,162,2
2026-03-17,601012,11:14:06,19.1600,636,2
2026-03-17,601012,11:14:09,19.1600,440,2
2026-03-17,601012,11:14:12,19.1600,4,1
2026-03-17,601012,11:14:15,19.1600,140,1
2026-03-17,601012,11:14:18,19.1600,22,1
2026-03-17,601012,11:14:21,19.1600,73,1
2026-03-17,601012,11:14:24,19.1500,913,2
2026-03-17,601012,11:14:27,19.1500,400,1
2026-03-17,601012,11:14:30,19.1500,84,1
2026-03-17,601012,11:14:33,19.1500,166,1
2026-03-17,601012,11:14:36,19.1500,87,1
2026-03-17,601012,11:14:39,19.1400,134,2
2026-03-17,601012,11:14:42,19.1500,250,1
2026-03-17,601012,11:14:45,19.1500,133,1
2026-03-17,601012,11:14:48,19.1400,321,2
2026-03-17,601012,11:14:51,19.1400,196,2
2026-03-17,601012,11:14:54,19.1500,75,1
2026-03-17,601012,11:14:58,19.1400,81,2
2026-03-17,601012,11:15:00,19.1400,137,2
2026-03-17,601012,11:15:03,19.1500,275,1
2026-03-17,601012,11:15:06,19.1500,66,2
2026-03-17,601012,11:15:10,19.1500,52,2
2026-03-17,601012,11:15:12,19.1600,69,1
2026-03-17,601012,11:15:15,19.1500,38,2
2026-03-17,601012,11:15:18,19.1500,60,2
2026-03-17,601012,11:15:21,19.1600,564,1
2026-03-17,601012,11:15:24,19.1600,198,1
2026-03-17,601012,11:15:27,19.1600,47,1
2026-03-17,601012,11:15:30,19.1600,204,1
2026-03-17,601012,11:15:33,19.1500,119,2
2026-03-17,601012,11:15:36,19.1500,29,2
2026-03-17,601012,11:15:39,19.1500,190,2
2026-03-17,601012,11:15:42,19.1500,33,2
2026-03-17,601012,11:15:45,19.1500,144,2
2026-03-17,601012,11:15:48,19.1600,149,1
2026-03-17,601012,11:15:51,19.1600,25,1
2026-03-17,601012,11:15:54,19.1500,366,2
2026-03-17,601012,11:15:57,19.1600,384,1
2026-03-17,601012,11:16:01,19.1500,335,2
2026-03-17,601012,11:16:03,19.1600,569,1
2026-03-17,601012,11:16:06,19.1600,82,2
2026-03-17,601012,11:16:10,19.1600,40,2
2026-03-17,601012,11:16:12,19.1600,152,2
2026-03-17,601012,11:16:15,19.1600,41,2
2026-03-17,601012,11:16:18,19.1600,178,2
2026-03-17,601012,11:16:21,19.1600,149,2
2026-03-17,601012,11:16:24,19.1700,19,1
2026-03-17,601012,11:16:27,19.1600,191,2
2026-03-17,601012,11:16:30,19.1700,294,1
2026-03-17,601012,11:16:33,19.1700,212,1
2026-03-17,601012,11:16:36,19.1700,60,2
2026-03-17,601012,11:16:39,19.1700,497,2
2026-03-17,601012,11:16:42,19.1700,84,2
2026-03-17,601012,11:16:45,19.1800,409,1
2026-03-17,601012,11:16:48,19.1700,220,2
2026-03-17,601012,11:16:51,19.1800,193,1
2026-03-17,601012,11:16:54,19.1800,39,2
2026-03-17,601012,11:16:57,19.1800,199,2
2026-03-17,601012,11:17:00,19.1800,133,2
2026-03-17,601012,11:17:03,19.1800,232,2
2026-03-17,601012,11:17:06,19.1800,74,1
2026-03-17,601012,11:17:09,19.1800,194,1
2026-03-17,601012,11:17:12,19.1800,194,1
2026-03-17,601012,11:17:15,19.1800,226,1
2026-03-17,601012,11:17:19,19.1700,98,2
2026-03-17,601012,11:17:21,19.1800,30,1
2026-03-17,601012,11:17:24,19.1700,87,2
2026-03-17,601012,11:17:27,19.1700,101,2
2026-03-17,601012,11:17:30,19.1800,120,1
2026-03-17,601012,11:17:33,19.1800,255,1
2026-03-17,601012,11:17:36,19.1800,5,1
2026-03-17,601012,11:17:39,19.1800,132,1
2026-03-17,601012,11:17:42,19.1800,305,1
2026-03-17,601012,11:17:45,19.1800,318,2
2026-03-17,601012,11:17:48,19.1800,196,2
2026-03-17,601012,11:17:51,19.1900,155,1
2026-03-17,601012,11:17:54,19.1900,304,1
2026-03-17,601012,11:17:57,19.1800,144,2
2026-03-17,601012,11:18:00,19.1800,198,2
2026-03-17,601012,11:18:03,19.1700,276,2
2026-03-17,601012,11:18:06,19.1800,252,1
2026-03-17,601012,11:18:09,19.1800,392,1
2026-03-17,601012,11:18:12,19.1800,68,2
2026-03-17,601012,11:18:15,19.1800,132,1
2026-03-17,601012,11:18:18,19.1800,27,1
2026-03-17,601012,11:18:21,19.1700,347,2
2026-03-17,601012,11:18:24,19.1700,153,2
2026-03-17,601012,11:18:27,19.1700,120,2
2026-03-17,601012,11:18:30,19.1700,42,2
2026-03-17,601012,11:18:33,19.1700,237,2
2026-03-17,601012,11:18:36,19.1700,48,2
2026-03-17,601012,11:18:39,19.1700,194,2
2026-03-17,601012,11:18:42,19.1800,61,1
2026-03-17,601012,11:18:45,19.1700,69,2
2026-03-17,601012,11:18:48,19.1700,38,2
2026-03-17,601012,11:18:51,19.1700,176,2
2026-03-17,601012,11:18:54,19.1800,31,1
2026-03-17,601012,11:18:57,19.1700,94,2
2026-03-17,601012,11:19:00,19.1700,223,2
2026-03-17,601012,11:19:03,19.1800,420,1
2026-03-17,601012,11:19:06,19.1800,159,1
2026-03-17,601012,11:19:09,19.1800,259,1
2026-03-17,601012,11:19:12,19.1800,225,1
2026-03-17,601012,11:19:15,19.1800,114,2
2026-03-17,601012,11:19:18,19.1800,38,2
2026-03-17,601012,11:19:21,19.1800,97,1
2026-03-17,601012,11:19:24,19.1800,232,1
