date,code,time,price,volume,bs
2026-06-08,601318,14:07:00,53.4300,214,2
2026-06-08,601318,14:07:03,53.4400,540,1
2026-06-08,601318,14:07:06,53.4600,74,1
2026-06-08,601318,14:07:09,53.4800,296,1
2026-06-08,601318,14:07:12,53.4600,58,2
2026-06-08,601318,14:07:15,53.4700,181,1
2026-06-08,601318,14:07:18,53.4700,80,4
2026-06-08,601318,14:07:21,53.4800,43,1
2026-06-08,601318,14:07:24,53.4600,112,2
2026-06-08,601318,14:07:27,53.4800,56,1
2026-06-08,601318,14:07:30,53.4700,110,4
2026-06-08,601318,14:07:33,53.4700,46,2
2026-06-08,601318,14:07:36,53.4600,305,2
2026-06-08,601318,14:07:39,53.4700,100,1
2026-06-08,601318,14:07:42,53.4800,93,1
2026-06-08,601318,14:07:45,53.4500,148,2
2026-06-08,601318,14:07:48,53.4600,67,1
2026-06-08,601318,14:07:51,53.4400,170,2
2026-06-08,601318,14:07:54,53.4500,118,1
2026-06-08,601318,14:07:57,53.4500,70,1
2026-06-08,601318,14:08:00,53.4600,307,1
2026-06-08,601318,14:08:03,53.4600,43,2
2026-06-08,601318,14:08:06,53.4600,123,2
2026-06-08,601318,14:08:09,53.4200,489,2
2026-06-08,601318,14:08:12,53.4600,43,1
2026-06-08,601318,14:08:15,53.4600,110,2
2026-06-08,601318,14:08:18,53.4400,333,2
2026-06-08,601318,14:08:21,53.4400,548,1
2026-06-08,601318,14:08:24,53.4300,41,2
2026-06-08,601318,14:08:27,53.4600,45,1
2026-06-08,601318,14:08:30,53.4500,44,2
2026-06-08,601318,14:08:33,53.4500,30,2
2026-06-08,601318,14:08:36,53.4500,38,4
2026-06-08,601318,14:08:39,53.4400,71,2
2026-06-08,601318,14:08:42,53.4500,67,2
2026-06-08,601318,14:08:45,53.4600,28,1
2026-06-08,601318,14:08:48,53.4300,201,2
2026-06-08,601318,14:08:51,53.4400,34,1
2026-06-08,601318,14:08:54,53.4300,8,2
2026-06-08,601318,14:08:57,53.4400,67,1
2026-06-08,601318,14:09:00,53.4300,36,2
2026-06-08,601318,14:09:03,53.4400,797,1
2026-06-08,601318,14:09:06,53.4400,234,1
2026-06-08,601318,14:09:09,53.4600,118,1
2026-06-08,601318,14:09:12,53.4500,87,4
2026-06-08,601318,14:09:15,53.4600,32,1
2026-06-08,601318,14:09:18,53.4600,48,1
2026-06-08,601318,14:09:21,53.4600,121,1
2026-06-08,601318,14:09:24,53.4700,41,1
2026-06-08,601318,14:09:27,53.4700,55,1
2026-06-08,601318,14:09:30,53.4700,122,1
2026-06-08,601318,14:09:33,53.4800,52,1
2026-06-08,601318,14:09:36,53.4800,129,1
2026-06-08,601318,14:09:39,53.4800,361,1
2026-06-08,601318,14:09:42,53.4800,169,1
2026-06-08,601318,14:09:45,53.4800,51,1
2026-06-08,601318,14:09:48,53.4900,92,1
2026-06-08,601318,14:09:51,53.4800,47,2
2026-06-08,601318,14:09:54,53.4900,14,1
2026-06-08,601318,14:09:57,53.4900,148,1
2026-06-08,601318,14:10:00,53.4900,64,1
2026-06-08,601318,14:10:03,53.4900,51,1
2026-06-08,601318,14:10:06,53.4800,319,2
2026-06-08,601318,14:10:09,53.4700,127,2
2026-06-08,601318,14:10:12,53.4800,117,1
2026-06-08,601318,14:10:15,53.4800,48,1
2026-06-08,601318,14:10:18,53.4800,15,2
2026-06-08,601318,14:10:21,53.4900,48,1
2026-06-08,601318,14:10:24,53.4800,159,2
2026-06-08,601318,14:10:27,53.4700,275,2
2026-06-08,601318,14:10:30,53.4800,32,2
2026-06-08,601318,14:10:33,53.4900,59,1
2026-06-08,601318,14:10:36,53.4800,63,2
2026-06-08,601318,14:10:39,53.4900,53,1
2026-06-08,601318,14:10:42,53.4800,30,2
2026-06-08,601318,14:10:45,53.4900,98,1
2026-06-08,601318,14:10:48,53.4900,38,1
2026-06-08,601318,14:10:51,53.4900,26,2
2026-06-08,601318,14:10:54,53.4700,153,2
2026-06-08,601318,14:10:57,53.4600,323,2
2026-06-08,601318,14:11:00,53.5000,511,1
2026-06-08,601318,14:11:03,53.4700,120,2
2026-06-08,601318,14:11:06,53.4800,104,1
2026-06-08,601318,14:11:09,53.4700,117,2
2026-06-08,601318,14:11:12,53.4700,124,2
2026-06-08,601318,14:11:15,53.4700,78,1
2026-06-08,601318,14:11:18,53.4500,102,2
2026-06-08,601318,14:11:21,53.4600,19,1
2026-06-08,601318,14:11:24,53.4700,166,1
2026-06-08,601318,14:11:27,53.4600,74,2
2026-06-08,601318,14:11:30,53.4600,136,2
2026-06-08,601318,14:11:33,53.4600,9,2
2026-06-08,601318,14:11:36,53.4600,223,1
2026-06-08,601318,14:11:39,53.4700,24,4
2026-06-08,601318,14:11:42,53.4900,26,1
2026-06-08,601318,14:11:45,53.4900,24,1
2026-06-08,601318,14:11:48,53.4900,90,1
2026-06-08,601318,14:11:51,53.4900,68,1
2026-06-08,601318,14:11:54,53.4900,234,1
2026-06-08,601318,14:11:57,53.4800,29,1
2026-06-08,601318,14:12:00,53.4900,55,1
2026-06-08,601318,14:12:03,53.4900,9,2
2026-06-08,601318,14:12:06,53.4800,53,2
2026-06-08,601318,14:12:09,53.4900,10,2
2026-06-08,601318,14:12:12,53.4900,146,1
2026-06-08,601318,14:12:15,53.4900,48,2
2026-06-08,601318,14:12:18,53.5000,42,1
2026-06-08,601318,14:12:21,53.4900,136,2
2026-06-08,601318,14:12:24,53.4900,48,2
2026-06-08,601318,14:12:27,53.4900,19,2
2026-06-08,601318,14:12:30,53.4900,87,2
2026-06-08,601318,14:12:33,53.4900,23,2
2026-06-08,601318,14:12:36,53.4900,22,2
2026-06-08,601318,14:12:39,53.4900,51,2
2026-06-08,601318,14:12:42,53.5000,14,1
2026-06-08,601318,14:12:45,53.5000,81,1
2026-06-08,601318,14:12:48,53.4900,251,2
2026-06-08,601318,14:12:51,53.4700,199,2
2026-06-08,601318,14:12:54,53.4700,42,2
2026-06-08,601318,14:12:57,53.4800,8,4
2026-06-08,601318,14:13:00,53.4800,6,2
2026-06-08,601318,14:13:03,53.4800,49,2
2026-06-08,601318,14:13:06,53.4800,14,2
2026-06-08,601318,14:13:09,53.4900,156,1
2026-06-08,601318,14:13:12,53.4800,37,2
2026-06-08,601318,14:13:15,53.4900,21,1
2026-06-08,601318,14:13:18,53.4900,16,1
2026-06-08,601318,14:13:21,53.4800,187,2
2026-06-08,601318,14:13:24,53.4900,28,1
2026-06-08,601318,14:13:27,53.4900,81,1
2026-06-08,601318,14:13:30,53.4900,17,1
2026-06-08,601318,14:13:33,53.4900,8,1
2026-06-08,601318,14:13:36,53.4900,57,1
2026-06-08,601318,14:13:39,53.4800,316,2
2026-06-08,601318,14:13:42,53.4800,384,2
2026-06-08,601318,14:13:45,53.4800,63,1
2026-06-08,601318,14:13:48,53.4800,53,2
2026-06-08,601318,14:13:51,53.4700,83,2
2026-06-08,601318,14:13:54,53.4900,59,1
2026-06-08,601318,14:13:57,53.4800,51,4
2026-06-08,601318,14:14:00,53.4700,53,2
2026-06-08,601318,14:14:03,53.4700,110,1
2026-06-08,601318,14:14:06,53.4600,127,2
2026-06-08,601318,14:14:09,53.4600,8,4
2026-06-08,601318,14:14:12,53.4600,26,2
2026-06-08,601318,14:14:15,53.4700,28,1
2026-06-08,601318,14:14:18,53.4700,256,1
2026-06-08,601318,14:14:21,53.4600,88,2
2026-06-08,601318,14:14:24,53.4600,10,1
2026-06-08,601318,14:14:27,53.4500,99,2
2026-06-08,601318,14:14:33,53.4800,484,1
2026-06-08,601318,14:14:36,53.4600,95,2
2026-06-08,601318,14:14:39,53.4800,45,1
2026-06-08,601318,14:14:42,53.4700,273,2
2026-06-08,601318,14:14:45,53.4800,55,1
2026-06-08,601318,14:14:48,53.4700,295,2
2026-06-08,601318,14:14:51,53.4800,118,1
2026-06-08,601318,14:14:54,53.4700,114,4
2026-06-08,601318,14:14:57,53.4800,41,1
2026-06-08,601318,14:15:00,53.4500,311,2
2026-06-08,601318,14:15:03,53.4800,73,1
2026-06-08,601318,14:15:06,53.4400,44,2
2026-06-08,601318,14:15:09,53.4500,21,4
2026-06-08,601318,14:15:12,53.4500,33,2
2026-06-08,601318,14:15:15,53.4500,27,1
2026-06-08,601318,14:15:18,53.4500,43,2
2026-06-08,601318,14:15:21,53.4500,115,2
2026-06-08,601318,14:15:24,53.4600,16,1
2026-06-08,601318,14:15:27,53.4600,46,2
2026-06-08,601318,14:15:30,53.4700,16,1
2026-06-08,601318,14:15:33,53.4700,44,1
2026-06-08,601318,14:15:36,53.4700,64,1
2026-06-08,601318,14:15:39,53.4600,189,2
2026-06-08,601318,14:15:42,53.4500,169,2
2026-06-08,601318,14:15:45,53.4500,48,1
2026-06-08,601318,14:15:48,53.4500,38,1
2026-06-08,601318,14:15:51,53.4500,26,2
2026-06-08,601318,14:15:54,53.4600,101,1
2026-06-08,601318,14:15:57,53.4600,22,1
2026-06-08,601318,14:16:00,53.4600,11,1
2026-06-08,601318,14:16:03,53.4700,37,1
2026-06-08,601318,14:16:06,53.4800,140,1
2026-06-08,601318,14:16:09,53.4800,35,1
2026-06-08,601318,14:16:12,53.4800,149,1
2026-06-08,601318,14:16:15,53.4800,143,1
2026-06-08,601318,14:16:18,53.4800,42,1
2026-06-08,601318,14:16:21,53.4800,165,1
2026-06-08,601318,14:16:24,53.4800,12,4
2026-06-08,601318,14:16:27,53.4900,16,1
2026-06-08,601318,14:16:30,53.4800,97,2
2026-06-08,601318,14:16:33,53.4900,56,1
2026-06-08,601318,14:16:36,53.4800,194,2
2026-06-08,601318,14:16:39,53.4800,57,2
2026-06-08,601318,14:16:42,53.4800,135,2
2026-06-08,601318,14:16:45,53.4800,34,4
2026-06-08,601318,14:16:48,53.4700,229,2
2026-06-08,601318,14:16:51,53.4700,49,1
2026-06-08,601318,14:16:54,53.4800,45,1
2026-06-08,601318,14:16:57,53.4800,4,1
2026-06-08,601318,14:17:00,53.4800,101,1
2026-06-08,601318,14:17:03,53.4700,21,2
2026-06-08,601318,14:17:06,53.4700,10,2
2026-06-08,601318,14:17:09,53.4800,19,1
2026-06-08,601318,14:17:12,53.4800,29,1
2026-06-08,601318,14:17:15,53.4700,147,2
2026-06-08,601318,14:17:18,53.4700,80,1
2026-06-08,601318,14:17:21,53.4400,382,2
2026-06-08,601318,14:17:24,53.4100,401,2
2026-06-08,601318,14:17:27,53.4300,7,1
2026-06-08,601318,14:17:30,53.4200,8,4
2026-06-08,601318,14:17:33,53.4400,176,1
2026-06-08,601318,14:17:36,53.4500,47,1
2026-06-08,601318,14:17:39,53.4500,29,1
2026-06-08,601318,14:17:42,53.4600,404,1
2026-06-08,601318,14:17:45,53.4500,52,2
2026-06-08,601318,14:17:48,53.4600,7,1
2026-06-08,601318,14:17:51,53.4500,66,2
2026-06-08,601318,14:17:54,53.4600,224,1
2026-06-08,601318,14:17:57,53.4700,27,1
2026-06-08,601318,14:18:00,53.4700,22,1
2026-06-08,601318,14:18:03,53.4700,82,1
2026-06-08,601318,14:18:06,53.4800,188,1
2026-06-08,601318,14:18:09,53.4800,83,1
2026-06-08,601318,14:18:12,53.4700,215,2
2026-06-08,601318,14:18:15,53.4800,99,4
2026-06-08,601318,14:18:18,53.4900,57,1
2026-06-08,601318,14:18:21,53.4900,45,1
2026-06-08,601318,14:18:24,53.4800,27,2
2026-06-08,601318,14:18:27,53.4700,81,2
2026-06-08,601318,14:18:30,53.4800,102,4
2026-06-08,601318,14:18:33,53.4700,83,2
2026-06-08,601318,14:18:36,53.4700,6,1
2026-06-08,601318,14:18:39,53.4700,23,1
2026-06-08,601318,14:18:42,53.4800,29,1
2026-06-08,601318,14:18:45,53.4800,43,1
2026-06-08,601318,14:18:48,53.4800,46,1
2026-06-08,601318,14:18:51,53.4800,37,1
2026-06-08,601318,14:18:54,53.4800,12,1
2026-06-08,601318,14:18:57,53.4800,31,1
2026-06-08,601318,14:19:00,53.4800,44,1
2026-06-08,601318,14:19:03,53.4700,61,2
2026-06-08,601318,14:19:06,53.4800,35,1
2026-06-08,601318,14:19:09,53.4800,47,2
2026-06-08,601318,14:19:12,53.4800,75,2
2026-06-08,601318,14:19:15,53.4900,9,1
2026-06-08,601318,14:19:18,53.4900,235,1
2026-06-08,601318,14:19:21,53.4800,61,2
2026-06-08,601318,14:19:24,53.4900,38,1
2026-06-08,601318,14:19:27,53.4900,581,1
2026-06-08,601318,14:19:30,53.4900,29,1
2026-06-08,601318,14:19:33,53.4900,26,1
2026-06-08,601318,14:19:36,53.4900,7,1
2026-06-08,601318,14:19:39,53.4900,69,1
2026-06-08,601318,14:19:42,53.4900,78,1
2026-06-08,601318,14:19:45,53.4900,51,1
2026-06-08,601318,14:19:48,53.4900,93,2
2026-06-08,601318,14:19:51,53.5000,14,1
2026-06-08,601318,14:19:54,53.4900,18,2
2026-06-08,601318,14:19:57,53.4900,18,2
2026-06-08,601318,14:20:00,53.5000,83,1
2026-06-08,601318,14:20:03,53.4900,118,1
2026-06-08,601318,14:20:06,53.4900,51,1
2026-06-08,601318,14:20:09,53.4700,231,2
2026-06-08,601318,14:20:12,53.4600,198,2
2026-06-08,601318,14:20:15,53.4600,96,1
2026-06-08,601318,14:20:18,53.4700,84,1
2026-06-08,601318,14:20:21,53.4700,16,2
2026-06-08,601318,14:20:24,53.4800,89,1
2026-06-08,601318,14:20:27,53.4700,22,2
2026-06-08,601318,14:20:30,53.4800,55,1
2026-06-08,601318,14:20:33,53.4700,1,2
2026-06-08,601318,14:20:36,53.4700,52,2
2026-06-08,601318,14:20:39,53.4800,150,1
2026-06-08,601318,14:20:42,53.4500,284,2
2026-06-08,601318,14:20:45,53.4400,6,2
2026-06-08,601318,14:20:48,53.4500,49,1
2026-06-08,601318,14:20:51,53.4400,92,2
2026-06-08,601318,14:20:54,53.4400,195,2
2026-06-08,601318,14:20:57,53.4400,128,2
2026-06-08,601318,14:21:00,53.4400,51,1
2026-06-08,601318,14:21:03,53.4400,53,2
2026-06-08,601318,14:21:06,53.4400,76,2
2026-06-08,601318,14:21:09,53.4400,175,1
2026-06-08,601318,14:21:12,53.4300,5,2
2026-06-08,601318,14:21:15,53.4400,6,1
2026-06-08,601318,14:21:18,53.4300,145,2
2026-06-08,601318,14:21:21,53.4200,48,2
2026-06-08,601318,14:21:24,53.4300,180,1
2026-06-08,601318,14:21:27,53.4300,35,1
2026-06-08,601318,14:21:30,53.4300,58,1
2026-06-08,601318,14:21:33,53.4300,97,2
2026-06-08,601318,14:21:36,53.4300,152,2
2026-06-08,601318,14:21:39,53.4500,280,1
2026-06-08,601318,14:21:42,53.4400,150,4
2026-06-08,601318,14:21:45,53.4400,68,2
2026-06-08,601318,14:21:48,53.4400,90,2
2026-06-08,601318,14:21:51,53.4500,338,4
2026-06-08,601318,14:21:54,53.4600,126,1
2026-06-08,601318,14:21:57,53.4600,12,1
2026-06-08,601318,14:22:00,53.4700,159,1
2026-06-08,601318,14:22:03,53.4600,21,2
2026-06-08,601318,14:22:06,53.4500,345,2
2026-06-08,601318,14:22:09,53.4100,466,2
2026-06-08,601318,14:22:12,53.4300,64,1
2026-06-08,601318,14:22:15,53.4600,87,1
2026-06-08,601318,14:22:18,53.4100,46,2
2026-06-08,601318,14:22:21,53.4200,1,2
2026-06-08,601318,14:22:24,53.4300,12,1
2026-06-08,601318,14:22:27,53.4500,64,1
2026-06-08,601318,14:22:30,53.4400,64,1
2026-06-08,601318,14:22:33,53.4400,55,2
2026-06-08,601318,14:22:36,53.4500,11,1
2026-06-08,601318,14:22:39,53.4600,69,1
2026-06-08,601318,14:22:42,53.4500,197,1
2026-06-08,601318,14:22:45,53.4300,46,2
2026-06-08,601318,14:22:48,53.4400,54,1
2026-06-08,601318,14:22:51,53.4300,29,2
2026-06-08,601318,14:22:54,53.4400,29,1
2026-06-08,601318,14:22:57,53.4300,23,2
2026-06-08,601318,14:23:00,53.4400,72,1
2026-06-08,601318,14:23:03,53.4300,42,2
2026-06-08,601318,14:23:06,53.4400,233,1
2026-06-08,601318,14:23:09,53.4500,98,1
2026-06-08,601318,14:23:12,53.4500,54,1
2026-06-08,601318,14:23:15,53.4600,10,1
2026-06-08,601318,14:23:18,53.4600,40,1
2026-06-08,601318,14:23:21,53.4400,226,2
2026-06-08,601318,14:23:24,53.4300,331,2
2026-06-08,601318,14:23:27,53.4600,237,1
2026-06-08,601318,14:23:30,53.4500,58,1
2026-06-08,601318,14:23:33,53.4400,43,4
2026-06-08,601318,14:23:36,53.4300,83,2
2026-06-08,601318,14:23:39,53.4500,65,1
2026-06-08,601318,14:23:42,53.4500,98,2
2026-06-08,601318,14:23:45,53.4400,11,2
2026-06-08,601318,14:23:48,53.4500,21,1
2026-06-08,601318,14:23:51,53.4600,87,1
2026-06-08,601318,14:23:54,53.4500,175,2
2026-06-08,601318,14:23:57,53.4500,84,2
2026-06-08,601318,14:24:00,53.4600,77,1
2026-06-08,601318,14:24:03,53.4800,125,1
2026-06-08,601318,14:24:06,53.4600,106,2
2026-06-08,601318,14:24:09,53.4500,34,2
2026-06-08,601318,14:24:12,53.4500,61,2
2026-06-08,601318,14:24:15,53.4500,69,2
2026-06-08,601318,14:24:18,53.4500,19,2
2026-06-08,601318,14:24:21,53.4500,60,2
2026-06-08,601318,14:24:24,53.4600,65,1
2026-06-08,601318,14:24:27,53.4600,24,1
2026-06-08,601318,14:24:30,53.4500,32,2
2026-06-08,601318,14:24:33,53.4600,53,1
2026-06-08,601318,14:24:36,53.4500,327,2
2026-06-08,601318,14:24:39,53.4500,90,1
2026-06-08,601318,14:24:42,53.4500,59,1
2026-06-08,601318,14:24:45,53.4500,28,1
2026-06-08,601318,14:24:48,53.4400,44,2
2026-06-08,601318,14:24:51,53.4400,30,2
2026-06-08,601318,14:24:54,53.4500,148,1
2026-06-08,601318,14:24:57,53.4500,27,1
2026-06-08,601318,14:25:00,53.4500,33,1
2026-06-08,601318,14:25:03,53.4500,19,1
2026-06-08,601318,14:25:06,53.4500,82,1
2026-06-08,601318,14:25:09,53.4400,15,2
2026-06-08,601318,14:25:12,53.4500,108,1
2026-06-08,601318,14:25:15,53.4500,18,1
2026-06-08,601318,14:25:18,53.4400,177,2
2026-06-08,601318,14:25:21,53.4400,55,2
2026-06-08,601318,14:25:24,53.4500,187,1
2026-06-08,601318,14:25:27,53.4500,88,1
2026-06-08,601318,14:25:30,53.4400,101,2
2026-06-08,601318,14:25:33,53.4400,115,1
2026-06-08,601318,14:25:36,53.4000,922,2
2026-06-08,601318,14:25:39,53.4200,62,1
2026-06-08,601318,14:25:42,53.4200,75,1
2026-06-08,601318,14:25:45,53.4300,26,1
2026-06-08,601318,14:25:48,53.4300,35,1
2026-06-08,601318,14:25:51,53.4300,96,1
2026-06-08,601318,14:25:54,53.4300,35,1
2026-06-08,601318,14:25:57,53.4300,68,1
2026-06-08,601318,14:26:00,53.4300,59,2
2026-06-08,601318,14:26:03,53.4400,228,1
2026-06-08,601318,14:26:06,53.4400,62,4
2026-06-08,601318,14:26:09,53.4400,58,2
2026-06-08,601318,14:26:12,53.4400,91,2
2026-06-08,601318,14:26:15,53.4400,137,2
2026-06-08,601318,14:26:18,53.4300,74,2
2026-06-08,601318,14:26:21,53.4400,37,1
2026-06-08,601318,14:26:24,53.4400,157,1
2026-06-08,601318,14:26:27,53.4300,103,2
2026-06-08,601318,14:26:30,53.4400,32,1
2026-06-08,601318,14:26:33,53.4300,35,2
2026-06-08,601318,14:26:36,53.4300,30,2
2026-06-08,601318,14:26:39,53.4300,40,2
2026-06-08,601318,14:26:42,53.4400,32,1
2026-06-08,601318,14:26:45,53.4500,110,1
2026-06-08,601318,14:26:48,53.4400,151,2
2026-06-08,601318,14:26:51,53.4500,84,1
2026-06-08,601318,14:26:54,53.4500,224,1
2026-06-08,601318,14:26:57,53.4500,157,1
2026-06-08,601318,14:27:00,53.4500,67,1
2026-06-08,601318,14:27:03,53.4500,125,1
2026-06-08,601318,14:27:06,53.4400,85,2
2026-06-08,601318,14:27:09,53.4500,25,1
2026-06-08,601318,14:27:12,53.4500,51,1
2026-06-08,601318,14:27:15,53.4500,37,1
2026-06-08,601318,14:27:18,53.4500,959,1
2026-06-08,601318,14:27:21,53.4600,136,1
2026-06-08,601318,14:27:24,53.4600,193,1
2026-06-08,601318,14:27:27,53.4700,30,1
2026-06-08,601318,14:27:30,53.4800,11,1
2026-06-08,601318,14:27:33,53.4700,39,2
2026-06-08,601318,14:27:36,53.4700,385,2
2026-06-08,601318,14:27:39,53.4700,156,1
2026-06-08,601318,14:27:42,53.4700,37,2
2026-06-08,601318,14:27:45,53.4800,27,1
2026-06-08,601318,14:27:48,53.4800,43,1
2026-06-08,601318,14:27:51,53.4700,286,2
2026-06-08,601318,14:27:54,53.4600,189,2
2026-06-08,601318,14:27:57,53.4800,41,1
2026-06-08,601318,14:28:00,53.4800,232,1
2026-06-08,601318,14:28:03,53.4700,57,2
2026-06-08,601318,14:28:06,53.4600,112,2
2026-06-08,601318,14:28:09,53.4700,85,2
2026-06-08,601318,14:28:12,53.4800,64,1
2026-06-08,601318,14:28:15,53.4700,105,2
2026-06-08,601318,14:28:18,53.4800,224,1
2026-06-08,601318,14:28:21,53.4900,101,1
2026-06-08,601318,14:28:24,53.4900,35,1
2026-06-08,601318,14:28:27,53.4800,154,2
2026-06-08,601318,14:28:30,53.4900,18,1
2026-06-08,601318,14:28:33,53.4900,109,1
2026-06-08,601318,14:28:36,53.4900,51,1
2026-06-08,601318,14:28:39,53.4900,43,1
2026-06-08,601318,14:28:42,53.4900,52,2
2026-06-08,601318,14:28:45,53.5000,63,1
2026-06-08,601318,14:28:48,53.4900,95,2
2026-06-08,601318,14:28:51,53.4800,404,2
2026-06-08,601318,14:28:54,53.5000,13,1
2026-06-08,601318,14:28:57,53.4900,100,1
2026-06-08,601318,14:29:00,53.4700,182,2
2026-06-08,601318,14:29:03,53.4700,166,1
2026-06-08,601318,14:29:06,53.4800,16,4
2026-06-08,601318,14:29:09,53.4900,52,1
2026-06-08,601318,14:29:12,53.4800,93,2
2026-06-08,601318,14:29:15,53.4900,43,1
2026-06-08,601318,14:29:18,53.4900,36,2
2026-06-08,601318,14:29:21,53.5000,22,1
2026-06-08,601318,14:29:24,53.5000,26,1
2026-06-08,601318,14:29:27,53.4900,85,2
2026-06-08,601318,14:29:30,53.5000,204,1
2026-06-08,601318,14:29:33,53.5000,107,1
2026-06-08,601318,14:29:36,53.5000,53,1
2026-06-08,601318,14:29:39,53.4900,67,2
2026-06-08,601318,14:29:42,53.4800,40,2
2026-06-08,601318,14:29:45,53.4900,50,1
2026-06-08,601318,14:29:48,53.4900,63,1
2026-06-08,601318,14:29:51,53.4900,71,1
2026-06-08,601318,14:29:54,53.4900,7,1
2026-06-08,601318,14:29:57,53.5000,24,1
2026-06-08,601318,14:30:00,53.5000,26,1
2026-06-08,601318,14:30:03,53.4900,29,2
2026-06-08,601318,14:30:06,53.5000,112,1
2026-06-08,601318,14:30:09,53.5000,62,1
2026-06-08,601318,14:30:12,53.4800,197,2
2026-06-08,601318,14:30:15,53.4900,34,1
2026-06-08,601318,14:30:18,53.4700,364,2
2026-06-08,601318,14:30:21,53.4600,471,2
2026-06-08,601318,14:30:24,53.4700,59,1
2026-06-08,601318,14:30:27,53.4900,48,1
2026-06-08,601318,14:30:30,53.4700,69,2
2026-06-08,601318,14:30:33,53.4700,24,2
2026-06-08,601318,14:30:36,53.4700,42,2
2026-06-08,601318,14:30:39,53.4800,156,1
2026-06-08,601318,14:30:42,53.4800,52,2
2026-06-08,601318,14:30:45,53.4800,61,2
2026-06-08,601318,14:30:48,53.4800,35,2
2026-06-08,601318,14:30:51,53.4900,124,1
2026-06-08,601318,14:30:54,53.4800,32,2
2026-06-08,601318,14:30:57,53.5000,46,1
2026-06-08,601318,14:31:00,53.5000,38,1
2026-06-08,601318,14:31:03,53.5000,32,1
2026-06-08,601318,14:31:06,53.5000,138,1
2026-06-08,601318,14:31:09,53.5000,81,1
2026-06-08,601318,14:31:12,53.5000,409,1
2026-06-08,601318,14:31:15,53.4900,95,2
2026-06-08,601318,14:31:18,53.5000,46,1
2026-06-08,601318,14:31:24,53.4900,33,1
2026-06-08,601318,14:31:27,53.4900,63,1
2026-06-08,601318,14:31:30,53.4900,40,1
2026-06-08,601318,14:31:33,53.4900,72,1
2026-06-08,601318,14:31:36,53.4900,50,1
2026-06-08,601318,14:31:39,53.4900,64,1
2026-06-08,601318,14:31:42,53.4900,119,1
2026-06-08,601318,14:31:45,53.4900,70,1
2026-06-08,601318,14:31:48,53.4900,217,1
2026-06-08,601318,14:31:51,53.4900,399,1
2026-06-08,601318,14:31:54,53.4900,79,1
2026-06-08,601318,14:31:57,53.4900,83,1
2026-06-08,601318,14:32:00,53.4900,96,1
2026-06-08,601318,14:32:03,53.4900,64,1
2026-06-08,601318,14:32:06,53.4900,181,2
2026-06-08,601318,14:32:09,53.4900,76,2
2026-06-08,601318,14:32:12,53.4900,75,2
2026-06-08,601318,14:32:15,53.4900,243,2
2026-06-08,601318,14:32:18,53.5000,129,1
2026-06-08,601318,14:32:21,53.5000,89,1
2026-06-08,601318,14:32:24,53.5000,95,1
2026-06-08,601318,14:32:27,53.4900,177,2
2026-06-08,601318,14:32:30,53.5000,29,1
2026-06-08,601318,14:32:33,53.5000,34,1
2026-06-08,601318,14:32:36,53.4900,240,2
2026-06-08,601318,14:32:39,53.4900,271,1
2026-06-08,601318,14:32:42,53.4800,51,2
2026-06-08,601318,14:32:45,53.4900,29,1
2026-06-08,601318,14:32:48,53.4800,9,2
2026-06-08,601318,14:32:51,53.4900,57,1
2026-06-08,601318,14:32:54,53.4900,71,1
2026-06-08,601318,14:32:57,53.4900,14,1
2026-06-08,601318,14:33:00,53.5000,58,1
2026-06-08,601318,14:33:03,53.4900,57,2
2026-06-08,601318,14:33:06,53.4900,58,2
2026-06-08,601318,14:33:09,53.5000,112,1
2026-06-08,601318,14:33:12,53.5000,82,1
2026-06-08,601318,14:33:15,53.5000,25,1
2026-06-08,601318,14:33:18,53.4900,307,2
2026-06-08,601318,14:33:21,53.5000,40,1
2026-06-08,601318,14:33:24,53.5000,65,1
2026-06-08,601318,14:33:27,53.5000,84,1
2026-06-08,601318,14:33:30,53.4900,51,2
2026-06-08,601318,14:33:33,53.4900,21,2
2026-06-08,601318,14:33:36,53.5000,17,1
2026-06-08,601318,14:33:39,53.4900,239,2
2026-06-08,601318,14:33:42,53.4900,42,2
2026-06-08,601318,14:33:45,53.4900,48,2
2026-06-08,601318,14:33:48,53.5100,490,1
2026-06-08,601318,14:33:51,53.4900,186,2
2026-06-08,601318,14:33:54,53.4900,20,2
2026-06-08,601318,14:33:57,53.5000,27,1
2026-06-08,601318,14:34:00,53.4900,6,2
2026-06-08,601318,14:34:03,53.5000,18,1
2026-06-08,601318,14:34:06,53.5000,48,1
2026-06-08,601318,14:34:09,53.5000,78,1
2026-06-08,601318,14:34:12,53.5000,83,2
2026-06-08,601318,14:34:15,53.5000,17,2
2026-06-08,601318,14:34:18,53.5100,47,1
2026-06-08,601318,14:34:21,53.5000,39,2
2026-06-08,601318,14:34:24,53.5000,45,2
2026-06-08,601318,14:34:27,53.5100,155,1
2026-06-08,601318,14:34:30,53.5000,146,2
2026-06-08,601318,14:34:33,53.5000,76,1
2026-06-08,601318,14:34:36,53.5000,75,1
2026-06-08,601318,14:34:39,53.5000,133,1
2026-06-08,601318,14:34:42,53.5000,52,2
2026-06-08,601318,14:34:45,53.5100,53,1
2026-06-08,601318,14:34:48,53.5000,121,2
2026-06-08,601318,14:34:51,53.5000,145,2
2026-06-08,601318,14:34:54,53.5100,26,1
2026-06-08,601318,14:34:57,53.5000,73,2
2026-06-08,601318,14:35:00,53.5000,97,2
2026-06-08,601318,14:35:03,53.5100,72,1
2026-06-08,601318,14:35:06,53.5100,70,1
2026-06-08,601318,14:35:09,53.5100,78,1
2026-06-08,601318,14:35:12,53.5000,54,2
2026-06-08,601318,14:35:15,53.5100,86,1
2026-06-08,601318,14:35:18,53.5100,30,1
2026-06-08,601318,14:35:21,53.5100,91,1
2026-06-08,601318,14:35:24,53.5100,17,1
2026-06-08,601318,14:35:27,53.5000,206,2
2026-06-08,601318,14:35:30,53.5000,47,1
2026-06-08,601318,14:35:33,53.4900,63,2
2026-06-08,601318,14:35:36,53.5000,110,1
2026-06-08,601318,14:35:39,53.5000,25,1
2026-06-08,601318,14:35:42,53.5000,72,1
2026-06-08,601318,14:35:45,53.5000,21,1
2026-06-08,601318,14:35:48,53.5000,63,1
2026-06-08,601318,14:35:51,53.5000,78,1
2026-06-08,601318,14:35:54,53.4900,51,2
2026-06-08,601318,14:35:57,53.4900,47,2
2026-06-08,601318,14:36:00,53.4800,583,2
2026-06-08,601318,14:36:03,53.4500,599,2
2026-06-08,601318,14:36:06,53.4300,706,2
2026-06-08,601318,14:36:09,53.4500,294,1
2026-06-08,601318,14:36:12,53.4500,9,1
2026-06-08,601318,14:36:15,53.4300,28,2
2026-06-08,601318,14:36:18,53.4300,87,2
2026-06-08,601318,14:36:21,53.4600,16,1
2026-06-08,601318,14:36:24,53.4600,5,1
2026-06-08,601318,14:36:27,53.4600,46,1
2026-06-08,601318,14:36:30,53.4700,34,1
2026-06-08,601318,14:36:33,53.4700,39,1
2026-06-08,601318,14:36:36,53.4800,44,1
2026-06-08,601318,14:36:39,53.4800,84,4
2026-06-08,601318,14:36:42,53.4900,15,1
2026-06-08,601318,14:36:45,53.4900,87,1
2026-06-08,601318,14:36:48,53.4900,30,1
2026-06-08,601318,14:36:51,53.4900,207,1
2026-06-08,601318,14:36:54,53.5000,36,1
2026-06-08,601318,14:36:57,53.4900,26,2
2026-06-08,601318,14:37:00,53.4800,79,2
2026-06-08,601318,14:37:03,53.5000,51,1
2026-06-08,601318,14:37:06,53.4900,40,2
2026-06-08,601318,14:37:09,53.5000,82,1
2026-06-08,601318,14:37:12,53.4900,216,4
2026-06-08,601318,14:37:15,53.4900,21,1
2026-06-08,601318,14:37:18,53.4900,21,1
2026-06-08,601318,14:37:21,53.4700,227,2
2026-06-08,601318,14:37:24,53.4800,43,1
2026-06-08,601318,14:37:27,53.4900,178,1
2026-06-08,601318,14:37:30,53.4800,2,2
2026-06-08,601318,14:37:33,53.4900,123,1
2026-06-08,601318,14:37:36,53.4800,81,2
2026-06-08,601318,14:37:39,53.4600,150,2
2026-06-08,601318,14:37:42,53.4600,63,2
2026-06-08,601318,14:37:45,53.4700,34,1
2026-06-08,601318,14:37:48,53.4600,18,2
2026-06-08,601318,14:37:51,53.4700,26,1
2026-06-08,601318,14:37:54,53.4700,41,1
2026-06-08,601318,14:37:57,53.4700,125,1
2026-06-08,601318,14:38:00,53.4800,20,1
2026-06-08,601318,14:38:03,53.4600,181,2
2026-06-08,601318,14:38:06,53.4500,212,2
2026-06-08,601318,14:38:09,53.4300,214,2
2026-06-08,601318,14:38:12,53.4500,7,1
2026-06-08,601318,14:38:15,53.4400,85,2
2026-06-08,601318,14:38:18,53.4400,16,1
2026-06-08,601318,14:38:21,53.4400,212,1
2026-06-08,601318,14:38:24,53.4300,89,2
2026-06-08,601318,14:38:27,53.4400,225,1
2026-06-08,601318,14:38:30,53.4400,45,2
2026-06-08,601318,14:38:33,53.4400,26,2
2026-06-08,601318,14:38:36,53.4500,24,1
2026-06-08,601318,14:38:39,53.4500,4,1
2026-06-08,601318,14:38:42,53.4500,73,1
2026-06-08,601318,14:38:45,53.4500,57,2
2026-06-08,601318,14:38:48,53.4400,167,2
2026-06-08,601318,14:38:51,53.4400,193,2
2026-06-08,601318,14:38:54,53.4400,147,1
2026-06-08,601318,14:38:57,53.4300,21,2
2026-06-08,601318,14:39:00,53.4300,8,2
2026-06-08,601318,14:39:03,53.4300,35,2
2026-06-08,601318,14:39:06,53.4300,65,2
2026-06-08,601318,14:39:09,53.4300,61,2
2026-06-08,601318,14:39:12,53.4300,145,2
2026-06-08,601318,14:39:15,53.4300,118,1
2026-06-08,601318,14:39:18,53.4400,5,1
2026-06-08,601318,14:39:21,53.4400,195,1
2026-06-08,601318,14:39:24,53.4400,114,2
2026-06-08,601318,14:39:27,53.4400,16,2
2026-06-08,601318,14:39:30,53.4500,32,1
2026-06-08,601318,14:39:33,53.4500,55,2
2026-06-08,601318,14:39:36,53.4600,32,1
2026-06-08,601318,14:39:39,53.4600,65,2
2026-06-08,601318,14:39:42,53.4700,244,1
2026-06-08,601318,14:39:45,53.4600,197,2
2026-06-08,601318,14:39:48,53.4800,72,1
2026-06-08,601318,14:39:51,53.4800,40,1
2026-06-08,601318,14:39:54,53.4600,378,2
2026-06-08,601318,14:39:57,53.4600,38,1
2026-06-08,601318,14:40:00,53.4600,69,2
2026-06-08,601318,14:40:03,53.4700,87,1
2026-06-08,601318,14:40:06,53.4500,76,2
2026-06-08,601318,14:40:09,53.4600,60,2
2026-06-08,601318,14:40:12,53.4700,21,1
2026-06-08,601318,14:40:15,53.4700,6,1
2026-06-08,601318,14:40:18,53.4700,31,1
2026-06-08,601318,14:40:21,53.4600,25,2
2026-06-08,601318,14:40:24,53.4600,113,2
2026-06-08,601318,14:40:27,53.4700,120,1
2026-06-08,601318,14:40:30,53.4600,104,2
2026-06-08,601318,14:40:33,53.4600,89,2
2026-06-08,601318,14:40:36,53.4600,220,4
2026-06-08,601318,14:40:39,53.4500,34,2
2026-06-08,601318,14:40:42,53.4600,72,1
2026-06-08,601318,14:40:45,53.4600,94,2
2026-06-08,601318,14:40:48,53.4600,20,2
2026-06-08,601318,14:40:51,53.4600,35,2
2026-06-08,601318,14:40:54,53.4600,27,2
2026-06-08,601318,14:40:57,53.4600,109,2
2026-06-08,601318,14:41:00,53.4800,99,1
2026-06-08,601318,14:41:03,53.4900,195,1
2026-06-08,601318,14:41:06,53.4900,308,1
2026-06-08,601318,14:41:09,53.4800,210,1
2026-06-08,601318,14:41:12,53.4900,17,1
2026-06-08,601318,14:41:15,53.4700,44,4
2026-06-08,601318,14:41:18,53.4700,45,2
2026-06-08,601318,14:41:21,53.4600,125,2
2026-06-08,601318,14:41:24,53.4700,50,1
2026-06-08,601318,14:41:27,53.4700,22,1
2026-06-08,601318,14:41:30,53.4700,18,2
2026-06-08,601318,14:41:33,53.4800,12,1
2026-06-08,601318,14:41:36,53.4700,149,2
2026-06-08,601318,14:41:39,53.4700,39,2
2026-06-08,601318,14:41:42,53.4700,101,2
2026-06-08,601318,14:41:45,53.4800,16,1
2026-06-08,601318,14:41:48,53.4700,135,2
2026-06-08,601318,14:41:51,53.4800,30,1
2026-06-08,601318,14:41:54,53.4800,35,1
2026-06-08,601318,14:41:57,53.4800,32,2
2026-06-08,601318,14:42:00,53.4900,192,1
2026-06-08,601318,14:42:03,53.4900,71,1
2026-06-08,601318,14:42:06,53.4900,105,1
2026-06-08,601318,14:42:09,53.5000,175,1
2026-06-08,601318,14:42:12,53.4800,22,2
2026-06-08,601318,14:42:15,53.4900,15,1
2026-06-08,601318,14:42:18,53.4900,80,1
2026-06-08,601318,14:42:21,53.4800,93,2
2026-06-08,601318,14:42:24,53.4800,235,2
2026-06-08,601318,14:42:27,53.4900,143,1
2026-06-08,601318,14:42:30,53.4800,28,2
2026-06-08,601318,14:42:33,53.4700,168,2
2026-06-08,601318,14:42:36,53.4800,26,1
2026-06-08,601318,14:42:39,53.4700,18,2
2026-06-08,601318,14:42:42,53.4800,47,1
2026-06-08,601318,14:42:45,53.4800,20,2
2026-06-08,601318,14:42:48,53.4900,23,1
2026-06-08,601318,14:42:51,53.4900,33,1
2026-06-08,601318,14:42:54,53.4900,153,1
2026-06-08,601318,14:42:57,53.4900,95,1
2026-06-08,601318,14:43:00,53.4900,88,1
2026-06-08,601318,14:43:03,53.4900,98,2
2026-06-08,601318,14:43:06,53.4900,157,2
2026-06-08,601318,14:43:09,53.4900,141,1
2026-06-08,601318,14:43:12,53.4900,429,1
2026-06-08,601318,14:43:15,53.5000,387,1
2026-06-08,601318,14:43:18,53.4900,135,2
2026-06-08,601318,14:43:21,53.5000,24,1
2026-06-08,601318,14:43:24,53.5000,403,1
2026-06-08,601318,14:43:27,53.5100,110,1
2026-06-08,601318,14:43:30,53.5100,97,1
2026-06-08,601318,14:43:33,53.5100,79,1
2026-06-08,601318,14:43:36,53.5100,188,1
2026-06-08,601318,14:43:39,53.5100,91,1
2026-06-08,601318,14:43:42,53.5100,81,1
2026-06-08,601318,14:43:45,53.5100,103,1
2026-06-08,601318,14:43:48,53.5100,57,1
2026-06-08,601318,14:43:51,53.5100,58,1
2026-06-08,601318,14:43:54,53.5200,377,1
2026-06-08,601318,14:43:57,53.5200,178,1
2026-06-08,601318,14:44:00,53.5100,136,2
2026-06-08,601318,14:44:03,53.5100,403,2
2026-06-08,601318,14:44:06,53.5000,141,2
2026-06-08,601318,14:44:09,53.5100,198,1
2026-06-08,601318,14:44:12,53.5100,102,1
2026-06-08,601318,14:44:15,53.5100,81,2
2026-06-08,601318,14:44:18,53.5200,32,1
2026-06-08,601318,14:44:21,53.5200,84,1
2026-06-08,601318,14:44:24,53.5200,14,1
2026-06-08,601318,14:44:27,53.5200,124,1
2026-06-08,601318,14:44:30,53.5200,196,1
2026-06-08,601318,14:44:33,53.5200,62,2
2026-06-08,601318,14:44:36,53.5200,62,2
2026-06-08,601318,14:44:39,53.5300,94,1
2026-06-08,601318,14:44:42,53.5300,128,1
2026-06-08,601318,14:44:45,53.5400,32,1
2026-06-08,601318,14:44:48,53.5400,48,1
2026-06-08,601318,14:44:51,53.5400,133,1
2026-06-08,601318,14:44:54,53.5400,173,1
2026-06-08,601318,14:44:57,53.5400,81,1
2026-06-08,601318,14:45:00,53.5300,301,2
2026-06-08,601318,14:45:03,53.5300,179,2
2026-06-08,601318,14:45:06,53.5400,150,2
2026-06-08,601318,14:45:09,53.5500,489,1
2026-06-08,601318,14:45:12,53.5400,207,2
2026-06-08,601318,14:45:15,53.5400,33,2
2026-06-08,601318,14:45:18,53.5400,135,2
2026-06-08,601318,14:45:21,53.5400,294,2
2026-06-08,601318,14:45:24,53.5400,230,2
2026-06-08,601318,14:45:27,53.5500,106,1
2026-06-08,601318,14:45:30,53.5400,263,2
2026-06-08,601318,14:45:33,53.5500,161,2
2026-06-08,601318,14:45:36,53.5400,69,2
2026-06-08,601318,14:45:39,53.5300,185,2
2026-06-08,601318,14:45:42,53.5200,388,2
2026-06-08,601318,14:45:45,53.5200,55,2
2026-06-08,601318,14:45:48,53.5400,128,1
2026-06-08,601318,14:45:51,53.5200,49,2
2026-06-08,601318,14:45:54,53.5300,179,1
2026-06-08,601318,14:45:57,53.5200,33,2
2026-06-08,601318,14:46:00,53.5300,60,1
2026-06-08,601318,14:46:03,53.5200,68,2
2026-06-08,601318,14:46:06,53.5200,107,2
2026-06-08,601318,14:46:09,53.5200,114,1
2026-06-08,601318,14:46:12,53.5200,43,1
2026-06-08,601318,14:46:15,53.5200,103,1
2026-06-08,601318,14:46:18,53.5200,57,1
2026-06-08,601318,14:46:21,53.5200,58,1
2026-06-08,601318,14:46:24,53.5200,237,1
2026-06-08,601318,14:46:27,53.5100,78,2
2026-06-08,601318,14:46:30,53.5200,763,1
2026-06-08,601318,14:46:33,53.5200,412,2
2026-06-08,601318,14:46:36,53.5100,48,2
2026-06-08,601318,14:46:39,53.5000,120,2
2026-06-08,601318,14:46:42,53.5000,239,2
2026-06-08,601318,14:46:45,53.5000,12,2
2026-06-08,601318,14:46:48,53.5000,140,2
2026-06-08,601318,14:46:51,53.5000,268,2
2026-06-08,601318,14:46:54,53.5000,96,2
2026-06-08,601318,14:46:57,53.5000,47,2
2026-06-08,601318,14:47:00,53.5000,119,2
2026-06-08,601318,14:47:03,53.5000,113,2
2026-06-08,601318,14:47:06,53.5100,17,1
2026-06-08,601318,14:47:09,53.5100,64,1
2026-06-08,601318,14:47:12,53.5100,55,1
2026-06-08,601318,14:47:15,53.5100,90,1
2026-06-08,601318,14:47:18,53.5100,159,1
2026-06-08,601318,14:47:21,53.4900,166,2
2026-06-08,601318,14:47:24,53.5000,176,1
2026-06-08,601318,14:47:27,53.4700,491,2
2026-06-08,601318,14:47:30,53.4900,79,1
2026-06-08,601318,14:47:33,53.4800,105,4
2026-06-08,601318,14:47:36,53.4700,233,2
2026-06-08,601318,14:47:39,53.4700,60,2
2026-06-08,601318,14:47:42,53.4800,128,1
2026-06-08,601318,14:47:45,53.4500,301,2
2026-06-08,601318,14:47:48,53.4800,209,1
2026-06-08,601318,14:47:51,53.4800,30,1
2026-06-08,601318,14:47:54,53.4800,38,1
2026-06-08,601318,14:47:57,53.4700,40,2
2026-06-08,601318,14:48:00,53.4800,266,1
2026-06-08,601318,14:48:03,53.4800,35,2
2026-06-08,601318,14:48:06,53.4600,376,2
2026-06-08,601318,14:48:09,53.4600,148,2
2026-06-08,601318,14:48:12,53.4500,492,2
2026-06-08,601318,14:48:15,53.4600,143,1
2026-06-08,601318,14:48:18,53.4500,94,4
2026-06-08,601318,14:48:21,53.4400,88,2
2026-06-08,601318,14:48:24,53.4400,250,1
2026-06-08,601318,14:48:27,53.4400,225,1
2026-06-08,601318,14:48:30,53.4300,71,4
2026-06-08,601318,14:48:33,53.4300,279,2
2026-06-08,601318,14:48:36,53.4000,420,2
2026-06-08,601318,14:48:39,53.3900,358,2
2026-06-08,601318,14:48:42,53.4100,180,1
2026-06-08,601318,14:48:45,53.4100,92,1
2026-06-08,601318,14:48:48,53.4100,115,1
2026-06-08,601318,14:48:51,53.4100,102,1
2026-06-08,601318,14:48:54,53.4000,216,2
2026-06-08,601318,14:48:57,53.4000,162,1
2026-06-08,601318,14:49:00,53.3900,67,2
2026-06-08,601318,14:49:03,53.4000,209,1
2026-06-08,601318,14:49:06,53.4000,52,1
2026-06-08,601318,14:49:09,53.4000,194,1
2026-06-08,601318,14:49:12,53.4100,194,1
2026-06-08,601318,14:49:15,53.4100,93,1
2026-06-08,601318,14:49:18,53.4100,174,1
2026-06-08,601318,14:49:21,53.4100,133,2
2026-06-08,601318,14:49:24,53.4200,115,1
2026-06-08,601318,14:49:27,53.4200,112,1
2026-06-08,601318,14:49:30,53.4200,70,2
2026-06-08,601318,14:49:33,53.4000,1026,2
2026-06-08,601318,14:49:36,53.3800,1187,2
2026-06-08,601318,14:49:39,53.3600,151,2
2026-06-08,601318,14:49:42,53.3700,273,1
2026-06-08,601318,14:49:45,53.3700,27,1
2026-06-08,601318,14:49:48,53.3600,70,2
2026-06-08,601318,14:49:51,53.3600,223,2
2026-06-08,601318,14:49:54,53.3600,142,2
2026-06-08,601318,14:49:57,53.3600,240,1
2026-06-08,601318,14:50:00,53.3500,302,2
2026-06-08,601318,14:50:03,53.3600,550,1
2026-06-08,601318,14:50:06,53.3600,107,1
2026-06-08,601318,14:50:09,53.3500,30,2
2026-06-08,601318,14:50:12,53.3400,55,2
2026-06-08,601318,14:50:15,53.3400,281,2
2026-06-08,601318,14:50:18,53.3400,115,1
2026-06-08,601318,14:50:21,53.3400,87,1
2026-06-08,601318,14:50:24,53.3500,65,1
2026-06-08,601318,14:50:27,53.3500,17,4
2026-06-08,601318,14:50:30,53.3400,109,2
2026-06-08,601318,14:50:33,53.3400,89,2
2026-06-08,601318,14:50:36,53.3600,106,1
2026-06-08,601318,14:50:39,53.3500,250,4
2026-06-08,601318,14:50:42,53.3600,59,1
2026-06-08,601318,14:50:45,53.3500,65,2
2026-06-08,601318,14:50:48,53.3500,86,2
2026-06-08,601318,14:50:51,53.3400,297,2
2026-06-08,601318,14:50:54,53.3400,87,1
2026-06-08,601318,14:50:57,53.3400,72,1
2026-06-08,601318,14:51:00,53.3400,185,1
2026-06-08,601318,14:51:03,53.3500,151,1
2026-06-08,601318,14:51:06,53.3600,116,1
2026-06-08,601318,14:51:09,53.3600,83,1
2026-06-08,601318,14:51:12,53.3600,86,1
2026-06-08,601318,14:51:15,53.3600,106,1
2026-06-08,601318,14:51:18,53.3600,66,1
2026-06-08,601318,14:51:21,53.3600,284,1
2026-06-08,601318,14:51:24,53.3600,13,1
2026-06-08,601318,14:51:27,53.3600,44,1
2026-06-08,601318,14:51:30,53.3500,135,2
2026-06-08,601318,14:51:33,53.3500,82,2
2026-06-08,601318,14:51:36,53.3500,219,1
2026-06-08,601318,14:51:39,53.3400,116,4
2026-06-08,601318,14:51:42,53.3400,154,1
2026-06-08,601318,14:51:45,53.3400,82,1
2026-06-08,601318,14:51:48,53.3300,22,2
2026-06-08,601318,14:51:51,53.3400,104,1
2026-06-08,601318,14:51:54,53.3400,29,2
2026-06-08,601318,14:51:57,53.3400,118,2
2026-06-08,601318,14:52:00,53.3500,15,1
2026-06-08,601318,14:52:03,53.3400,256,2
2026-06-08,601318,14:52:06,53.3300,231,2
2026-06-08,601318,14:52:09,53.3300,176,2
2026-06-08,601318,14:52:12,53.3400,86,1
2026-06-08,601318,14:52:15,53.3300,58,4
2026-06-08,601318,14:52:18,53.3300,153,1
2026-06-08,601318,14:52:21,53.3300,152,1
2026-06-08,601318,14:52:24,53.3300,23,2
2026-06-08,601318,14:52:27,53.3400,37,1
2026-06-08,601318,14:52:30,53.3300,25,2
2026-06-08,601318,14:52:33,53.3300,98,2
2026-06-08,601318,14:52:36,53.3400,388,1
2026-06-08,601318,14:52:39,53.3400,116,1
2026-06-08,601318,14:52:42,53.3400,349,2
2026-06-08,601318,14:52:45,53.3500,82,1
2026-06-08,601318,14:52:48,53.3500,82,1
2026-06-08,601318,14:52:51,53.3400,156,2
2026-06-08,601318,14:52:54,53.3500,107,1
2026-06-08,601318,14:52:57,53.3400,59,2
2026-06-08,601318,14:53:00,53.3500,98,1
2026-06-08,601318,14:53:03,53.3600,185,1
2026-06-08,601318,14:53:06,53.3500,72,1
2026-06-08,601318,14:53:09,53.3500,51,1
2026-06-08,601318,14:53:12,53.3500,15,2
2026-06-08,601318,14:53:15,53.3600,59,1
2026-06-08,601318,14:53:18,53.3500,17,2
2026-06-08,601318,14:53:21,53.3600,171,1
2026-06-08,601318,14:53:24,53.3600,43,1
2026-06-08,601318,14:53:27,53.3600,139,1
2026-06-08,601318,14:53:30,53.3700,40,1
2026-06-08,601318,14:53:33,53.3700,86,1
2026-06-08,601318,14:53:36,53.3600,78,2
2026-06-08,601318,14:53:39,53.3600,282,2
2026-06-08,601318,14:53:42,53.3800,234,1
2026-06-08,601318,14:53:45,53.3600,144,2
2026-06-08,601318,14:53:48,53.3800,144,1
2026-06-08,601318,14:53:51,53.3600,187,2
2026-06-08,601318,14:53:54,53.3600,53,2
2026-06-08,601318,14:53:57,53.3600,89,2
2026-06-08,601318,14:54:00,53.3500,237,2
2026-06-08,601318,14:54:03,53.3600,412,1
2026-06-08,601318,14:54:06,53.3600,141,2
2026-06-08,601318,14:54:09,53.3700,31,1
2026-06-08,601318,14:54:12,53.3600,216,4
2026-06-08,601318,14:54:15,53.3700,40,2
2026-06-08,601318,14:54:18,53.3700,67,2
2026-06-08,601318,14:54:21,53.4000,61,1
2026-06-08,601318,14:54:24,53.3700,74,2
2026-06-08,601318,14:54:27,53.3600,8,2
2026-06-08,601318,14:54:30,53.3700,90,1
2026-06-08,601318,14:54:33,53.3900,58,1
2026-06-08,601318,14:54:36,53.3800,61,2
2026-06-08,601318,14:54:39,53.3700,127,2
2026-06-08,601318,14:54:42,53.3800,122,1
2026-06-08,601318,14:54:45,53.3700,130,2
2026-06-08,601318,14:54:48,53.3800,104,1
2026-06-08,601318,14:54:51,53.4000,30,1
2026-06-08,601318,14:54:54,53.3600,885,2
2026-06-08,601318,14:54:57,53.3900,47,1
2026-06-08,601318,14:55:00,53.3800,45,2
2026-06-08,601318,14:55:03,53.3800,152,2
2026-06-08,601318,14:55:06,53.3800,132,1
2026-06-08,601318,14:55:09,53.3500,486,2
2026-06-08,601318,14:55:12,53.3800,498,1
2026-06-08,601318,14:55:15,53.3800,257,1
2026-06-08,601318,14:55:18,53.3600,150,2
2026-06-08,601318,14:55:21,53.3800,77,1
2026-06-08,601318,14:55:24,53.3800,95,1
2026-06-08,601318,14:55:27,53.3700,124,2
2026-06-08,601318,14:55:30,53.3700,99,2
2026-06-08,601318,14:55:33,53.3700,140,2
2026-06-08,601318,14:55:36,53.3700,77,2
2026-06-08,601318,14:55:39,53.3700,377,2
2026-06-08,601318,14:55:42,53.3700,341,2
2026-06-08,601318,14:55:45,53.3700,167,2
2026-06-08,601318,14:55:48,53.3700,67,1
2026-06-08,601318,14:55:51,53.3700,132,1
2026-06-08,601318,14:55:54,53.3700,171,1
2026-06-08,601318,14:55:57,53.3800,386,1
2026-06-08,601318,14:56:00,53.3700,119,2
2026-06-08,601318,14:56:03,53.3400,483,2
2026-06-08,601318,14:56:06,53.3600,167,1
2026-06-08,601318,14:56:09,53.3600,60,2
2026-06-08,601318,14:56:12,53.3600,61,2
2026-06-08,601318,14:56:15,53.3700,173,1
2026-06-08,601318,14:56:18,53.3700,60,1
2026-06-08,601318,14:56:21,53.3700,145,1
2026-06-08,601318,14:56:24,53.3700,78,1
2026-06-08,601318,14:56:27,53.3700,258,1
2026-06-08,601318,14:56:30,53.3700,152,2
2026-06-08,601318,14:56:33,53.3700,181,2
2026-06-08,601318,14:56:36,53.3700,83,1
2026-06-08,601318,14:56:39,53.3700,115,2
2026-06-08,601318,14:56:42,53.3900,143,1
2026-06-08,601318,14:56:45,53.4600,218,1
2026-06-08,601318,14:56:48,53.3800,112,2
2026-06-08,601318,14:56:51,53.3900,34,2
2026-06-08,601318,14:56:54,53.3900,146,4
2026-06-08,601318,14:56:57,53.4000,316,1
2026-06-08,601318,14:57:00,53.3800,142,2
2026-06-08,601318,15:00:04,53.3800,5787,4
2026-06-08,601318,13:16:51,53.4800,20,1
2026-06-08,601318,13:16:54,53.4800,165,1
2026-06-08,601318,13:16:57,53.4700,75,2
2026-06-08,601318,13:17:00,53.4700,16,1
2026-06-08,601318,13:17:03,53.4600,12,2
2026-06-08,601318,13:17:06,53.4600,72,2
2026-06-08,601318,13:17:09,53.4600,131,2
2026-06-08,601318,13:17:12,53.4600,131,2
2026-06-08,601318,13:17:15,53.4600,30,1
2026-06-08,601318,13:17:18,53.4500,149,2
2026-06-08,601318,13:17:21,53.4600,21,1
2026-06-08,601318,13:17:24,53.4700,21,1
2026-06-08,601318,13:17:27,53.4700,24,1
2026-06-08,601318,13:17:30,53.4600,104,2
2026-06-08,601318,13:17:33,53.4600,15,2
2026-06-08,601318,13:17:36,53.4700,11,1
2026-06-08,601318,13:17:39,53.4700,54,1
2026-06-08,601318,13:17:42,53.4700,3,1
2026-06-08,601318,13:17:45,53.4700,25,1
2026-06-08,601318,13:17:48,53.4600,30,2
2026-06-08,601318,13:17:51,53.4700,53,1
2026-06-08,601318,13:17:54,53.4600,203,2
2026-06-08,601318,13:17:57,53.4600,176,2
2026-06-08,601318,13:18:00,53.4600,106,1
2026-06-08,601318,13:18:03,53.4500,29,2
2026-06-08,601318,13:18:06,53.4500,159,2
2026-06-08,601318,13:18:09,53.4300,46,2
2026-06-08,601318,13:18:12,53.4000,169,2
2026-06-08,601318,13:18:15,53.4100,8,2
2026-06-08,601318,13:18:18,53.4100,65,2
2026-06-08,601318,13:18:21,53.4100,38,2
2026-06-08,601318,13:18:24,53.4200,8,1
2026-06-08,601318,13:18:27,53.4100,155,2
2026-06-08,601318,13:18:30,53.4200,121,1
2026-06-08,601318,13:18:33,53.4100,69,1
2026-06-08,601318,13:18:36,53.4100,82,1
2026-06-08,601318,13:18:39,53.4100,71,1
2026-06-08,601318,13:18:42,53.4100,95,1
2026-06-08,601318,13:18:45,53.4100,114,2
2026-06-08,601318,13:18:48,53.4100,113,2
2026-06-08,601318,13:18:51,53.4200,117,2
2026-06-08,601318,13:18:54,53.4300,34,1
2026-06-08,601318,13:18:57,53.4400,112,1
2026-06-08,601318,13:19:00,53.4400,47,1
2026-06-08,601318,13:19:03,53.4300,369,2
2026-06-08,601318,13:19:06,53.4000,242,2
2026-06-08,601318,13:19:09,53.4100,115,1
2026-06-08,601318,13:19:12,53.4000,31,2
2026-06-08,601318,13:19:15,53.4100,148,1
2026-06-08,601318,13:19:18,53.4000,21,2
2026-06-08,601318,13:19:21,53.4000,117,2
2026-06-08,601318,13:19:24,53.4000,586,2
2026-06-08,601318,13:19:27,53.4000,41,1
2026-06-08,601318,13:19:30,53.3900,14,2
2026-06-08,601318,13:19:36,53.4100,87,1
2026-06-08,601318,13:19:39,53.3900,151,2
2026-06-08,601318,13:19:42,53.4200,68,1
2026-06-08,601318,13:19:45,53.4100,36,1
2026-06-08,601318,13:19:48,53.4000,35,2
2026-06-08,601318,13:19:51,53.3900,69,2
2026-06-08,601318,13:19:54,53.3900,44,2
2026-06-08,601318,13:19:57,53.3900,35,1
2026-06-08,601318,13:20:00,53.4000,11,1
2026-06-08,601318,13:20:03,53.4000,16,1
2026-06-08,601318,13:20:06,53.3700,425,2
2026-06-08,601318,13:20:09,53.3700,193,1
2026-06-08,601318,13:20:12,53.3700,35,2
2026-06-08,601318,13:20:15,53.3700,44,2
2026-06-08,601318,13:20:18,53.3700,105,1
2026-06-08,601318,13:20:21,53.3800,69,1
2026-06-08,601318,13:20:24,53.3800,78,1
2026-06-08,601318,13:20:27,53.3800,87,1
2026-06-08,601318,13:20:30,53.3800,66,1
2026-06-08,601318,13:20:33,53.3900,26,1
2026-06-08,601318,13:20:36,53.4000,1,1
2026-06-08,601318,13:20:39,53.3900,8,2
2026-06-08,601318,13:20:42,53.3900,74,2
2026-06-08,601318,13:20:45,53.3900,286,2
2026-06-08,601318,13:20:48,53.3900,31,2
2026-06-08,601318,13:20:51,53.3900,69,2
2026-06-08,601318,13:20:54,53.4000,221,1
2026-06-08,601318,13:20:57,53.3900,46,2
2026-06-08,601318,13:21:00,53.3900,33,2
2026-06-08,601318,13:21:03,53.4000,19,1
2026-06-08,601318,13:21:06,53.4000,144,1
2026-06-08,601318,13:21:09,53.4000,448,1
2026-06-08,601318,13:21:12,53.3900,73,2
2026-06-08,601318,13:21:15,53.3900,34,1
2026-06-08,601318,13:21:18,53.3900,8,1
2026-06-08,601318,13:21:21,53.3800,22,1
2026-06-08,601318,13:21:24,53.3800,102,1
2026-06-08,601318,13:21:27,53.4000,50,1
2026-06-08,601318,13:21:30,53.4000,45,1
2026-06-08,601318,13:21:33,53.4100,303,1
2026-06-08,601318,13:21:36,53.4300,100,1
2026-06-08,601318,13:21:39,53.4200,49,2
2026-06-08,601318,13:21:42,53.4300,23,1
2026-06-08,601318,13:21:45,53.4400,52,1
2026-06-08,601318,13:21:48,53.4300,99,2
2026-06-08,601318,13:21:51,53.4500,189,1
2026-06-08,601318,13:21:54,53.4400,163,1
2026-06-08,601318,13:21:57,53.4500,31,1
2026-06-08,601318,13:22:00,53.4300,47,2
2026-06-08,601318,13:22:03,53.3900,276,2
2026-06-08,601318,13:22:06,53.3900,51,2
2026-06-08,601318,13:22:09,53.4100,93,1
2026-06-08,601318,13:22:12,53.3900,55,2
2026-06-08,601318,13:22:15,53.4000,144,1
2026-06-08,601318,13:22:18,53.4200,213,1
2026-06-08,601318,13:22:21,53.4000,79,1
2026-06-08,601318,13:22:24,53.3900,25,2
2026-06-08,601318,13:22:27,53.4000,21,1
2026-06-08,601318,13:22:30,53.4000,81,1
2026-06-08,601318,13:22:33,53.3900,34,2
2026-06-08,601318,13:22:36,53.4100,31,1
2026-06-08,601318,13:22:39,53.3900,16,2
2026-06-08,601318,13:22:42,53.3900,17,2
2026-06-08,601318,13:22:45,53.3900,141,2
2026-06-08,601318,13:22:48,53.4000,36,1
2026-06-08,601318,13:22:51,53.4000,137,1
2026-06-08,601318,13:22:54,53.4000,86,1
2026-06-08,601318,13:22:57,53.4000,41,1
2026-06-08,601318,13:23:00,53.3900,112,2
2026-06-08,601318,13:23:03,53.3900,83,4
2026-06-08,601318,13:23:06,53.3900,179,1
2026-06-08,601318,13:23:09,53.4000,66,4
2026-06-08,601318,13:23:12,53.4100,18,1
2026-06-08,601318,13:23:15,53.4000,114,2
2026-06-08,601318,13:23:18,53.4200,223,1
2026-06-08,601318,13:23:21,53.4300,94,1
2026-06-08,601318,13:23:24,53.4200,64,1
2026-06-08,601318,13:23:27,53.4400,199,1
2026-06-08,601318,13:23:30,53.4400,159,1
2026-06-08,601318,13:23:33,53.4200,281,2
2026-06-08,601318,13:23:36,53.3900,100,2
2026-06-08,601318,13:23:39,53.4100,61,1
2026-06-08,601318,13:23:42,53.3900,45,2
2026-06-08,601318,13:23:45,53.4100,46,1
2026-06-08,601318,13:23:48,53.4000,30,4
2026-06-08,601318,13:23:51,53.4000,111,2
2026-06-08,601318,13:23:54,53.4100,88,1
2026-06-08,601318,13:23:57,53.4000,10,2
2026-06-08,601318,13:24:00,53.4000,39,2
2026-06-08,601318,13:24:03,53.4000,65,2
2026-06-08,601318,13:24:06,53.4100,228,1
2026-06-08,601318,13:24:09,53.4000,111,2
2026-06-08,601318,13:24:12,53.4000,133,1
2026-06-08,601318,13:24:15,53.4000,109,1
2026-06-08,601318,13:24:18,53.4100,29,1
2026-06-08,601318,13:24:21,53.4200,66,1
2026-06-08,601318,13:24:24,53.4200,12,2
2026-06-08,601318,13:24:27,53.4300,102,1
2026-06-08,601318,13:24:30,53.4200,113,2
2026-06-08,601318,13:24:33,53.4200,215,2
2026-06-08,601318,13:24:36,53.4300,72,1
2026-06-08,601318,13:24:39,53.4300,241,1
2026-06-08,601318,13:24:42,53.4300,58,1
2026-06-08,601318,13:24:45,53.4200,8,1
2026-06-08,601318,13:24:48,53.4200,73,1
2026-06-08,601318,13:24:51,53.4100,127,2
2026-06-08,601318,13:24:54,53.4300,45,1
2026-06-08,601318,13:24:57,53.4400,193,1
2026-06-08,601318,13:25:00,53.4200,73,2
2026-06-08,601318,13:25:03,53.4300,2,1
2026-06-08,601318,13:25:06,53.4300,112,1
2026-06-08,601318,13:25:09,53.4400,26,1
2026-06-08,601318,13:25:12,53.4300,50,2
2026-06-08,601318,13:25:15,53.4400,43,4
2026-06-08,601318,13:25:18,53.4400,88,2
2026-06-08,601318,13:25:21,53.4300,183,2
2026-06-08,601318,13:25:24,53.4400,118,1
2026-06-08,601318,13:25:27,53.4400,123,1
2026-06-08,601318,13:25:30,53.4400,132,1
2026-06-08,601318,13:25:33,53.4300,52,2
2026-06-08,601318,13:25:36,53.4300,90,2
2026-06-08,601318,13:25:39,53.4400,97,1
2026-06-08,601318,13:25:42,53.4200,154,2
2026-06-08,601318,13:25:45,53.4000,199,2
2026-06-08,601318,13:25:48,53.4000,73,1
2026-06-08,601318,13:25:51,53.4000,414,1
2026-06-08,601318,13:25:54,53.4300,181,1
2026-06-08,601318,13:25:57,53.3900,146,2
2026-06-08,601318,13:26:00,53.4000,62,2
2026-06-08,601318,13:26:03,53.4200,857,1
2026-06-08,601318,13:26:06,53.4100,67,2
2026-06-08,601318,13:26:09,53.4100,54,2
2026-06-08,601318,13:26:12,53.4200,178,1
2026-06-08,601318,13:26:15,53.4100,37,2
2026-06-08,601318,13:26:18,53.3900,381,2
2026-06-08,601318,13:26:21,53.3900,34,1
2026-06-08,601318,13:26:24,53.3800,573,2
2026-06-08,601318,13:26:27,53.3800,87,1
2026-06-08,601318,13:26:30,53.3900,94,1
2026-06-08,601318,13:26:33,53.3800,15,1
2026-06-08,601318,13:26:36,53.3800,129,1
2026-06-08,601318,13:26:39,53.3900,62,1
2026-06-08,601318,13:26:42,53.3800,161,2
2026-06-08,601318,13:26:45,53.4000,135,1
2026-06-08,601318,13:26:48,53.3900,16,1
2026-06-08,601318,13:26:51,53.3800,1,2
2026-06-08,601318,13:26:54,53.3900,26,1
2026-06-08,601318,13:26:57,53.3900,12,1
2026-06-08,601318,13:27:00,53.3900,19,1
2026-06-08,601318,13:27:03,53.3900,204,2
2026-06-08,601318,13:27:06,53.3600,274,2
2026-06-08,601318,13:27:09,53.3800,19,1
2026-06-08,601318,13:27:12,53.3600,154,2
2026-06-08,601318,13:27:15,53.3800,35,1
2026-06-08,601318,13:27:18,53.3600,57,2
2026-06-08,601318,13:27:21,53.3600,44,1
2026-06-08,601318,13:27:24,53.3500,212,2
2026-06-08,601318,13:27:27,53.3600,125,1
2026-06-08,601318,13:27:30,53.3600,91,1
2026-06-08,601318,13:27:33,53.3600,63,1
2026-06-08,601318,13:27:36,53.3500,60,2
2026-06-08,601318,13:27:39,53.3500,77,2
2026-06-08,601318,13:27:42,53.3400,111,2
2026-06-08,601318,13:27:45,53.3600,395,1
2026-06-08,601318,13:27:48,53.3500,116,1
2026-06-08,601318,13:27:51,53.3600,65,1
2026-06-08,601318,13:27:54,53.3600,151,1
2026-06-08,601318,13:27:57,53.3600,37,1
2026-06-08,601318,13:28:00,53.3600,33,1
2026-06-08,601318,13:28:03,53.3600,435,1
2026-06-08,601318,13:28:06,53.3600,3,2
2026-06-08,601318,13:28:09,53.3600,53,2
2026-06-08,601318,13:28:12,53.3700,4,1
2026-06-08,601318,13:28:15,53.3800,46,1
2026-06-08,601318,13:28:18,53.3700,212,2
2026-06-08,601318,13:28:21,53.3600,237,2
2026-06-08,601318,13:28:24,53.3500,23,1
2026-06-08,601318,13:28:27,53.3600,37,1
2026-06-08,601318,13:28:30,53.3400,16,2
2026-06-08,601318,13:28:33,53.3600,33,1
2026-06-08,601318,13:28:36,53.3600,196,1
2026-06-08,601318,13:28:39,53.3600,49,2
2026-06-08,601318,13:28:42,53.3800,110,1
2026-06-08,601318,13:28:45,53.3800,60,1
2026-06-08,601318,13:28:48,53.3800,16,2
2026-06-08,601318,13:28:51,53.3900,3,1
2026-06-08,601318,13:28:54,53.4100,93,1
2026-06-08,601318,13:28:57,53.3900,153,2
2026-06-08,601318,13:29:00,53.3900,17,2
2026-06-08,601318,13:29:03,53.3900,356,2
2026-06-08,601318,13:29:06,53.4300,210,1
2026-06-08,601318,13:29:09,53.3900,87,2
2026-06-08,601318,13:29:12,53.4300,51,1
2026-06-08,601318,13:29:15,53.4000,5,2
2026-06-08,601318,13:29:18,53.4000,20,2
2026-06-08,601318,13:29:24,53.4200,65,1
2026-06-08,601318,13:29:27,53.4100,59,1
2026-06-08,601318,13:29:30,53.4200,49,1
2026-06-08,601318,13:29:33,53.4200,45,1
2026-06-08,601318,13:29:36,53.4200,52,1
2026-06-08,601318,13:29:39,53.4200,104,1
2026-06-08,601318,13:29:42,53.4200,40,2
2026-06-08,601318,13:29:45,53.4300,6,1
2026-06-08,601318,13:29:48,53.4300,63,1
2026-06-08,601318,13:29:51,53.4400,402,1
2026-06-08,601318,13:29:54,53.4200,50,2
2026-06-08,601318,13:29:57,53.4400,226,1
2026-06-08,601318,13:30:00,53.4300,73,1
2026-06-08,601318,13:30:03,53.4100,116,2
2026-06-08,601318,13:30:06,53.4100,28,2
2026-06-08,601318,13:30:09,53.4100,114,2
2026-06-08,601318,13:30:12,53.4200,36,1
2026-06-08,601318,13:30:15,53.4100,111,2
2026-06-08,601318,13:30:18,53.4400,117,1
2026-06-08,601318,13:30:21,53.4300,71,1
2026-06-08,601318,13:30:24,53.4100,326,2
2026-06-08,601318,13:30:27,53.4500,244,1
2026-06-08,601318,13:30:30,53.4500,106,1
2026-06-08,601318,13:30:33,53.4500,75,1
2026-06-08,601318,13:30:36,53.4400,72,1
2026-06-08,601318,13:30:39,53.4400,106,1
2026-06-08,601318,13:30:42,53.4500,3,1
2026-06-08,601318,13:30:45,53.4500,17,1
2026-06-08,601318,13:30:48,53.4300,681,2
2026-06-08,601318,13:30:51,53.4300,2,1
2026-06-08,601318,13:30:54,53.4300,22,1
2026-06-08,601318,13:30:57,53.4300,51,1
2026-06-08,601318,13:31:00,53.4200,72,2
2026-06-08,601318,13:31:03,53.4200,268,2
2026-06-08,601318,13:31:06,53.4300,28,1
2026-06-08,601318,13:31:09,53.4400,10,1
2026-06-08,601318,13:31:12,53.4300,5,2
2026-06-08,601318,13:31:15,53.4300,29,2
2026-06-08,601318,13:31:18,53.4300,49,2
2026-06-08,601318,13:31:21,53.4400,59,1
2026-06-08,601318,13:31:24,53.4500,106,1
2026-06-08,601318,13:31:27,53.4500,175,1
2026-06-08,601318,13:31:30,53.4400,132,2
2026-06-08,601318,13:31:33,53.4500,26,1
2026-06-08,601318,13:31:36,53.4400,44,2
2026-06-08,601318,13:31:39,53.4700,581,1
2026-06-08,601318,13:31:42,53.4800,136,1
2026-06-08,601318,13:31:45,53.4600,73,2
2026-06-08,601318,13:31:48,53.4800,14,1
2026-06-08,601318,13:31:51,53.4700,47,1
2026-06-08,601318,13:31:54,53.4700,154,1
2026-06-08,601318,13:31:57,53.4700,134,2
2026-06-08,601318,13:32:00,53.4700,72,2
2026-06-08,601318,13:32:03,53.4300,244,2
2026-06-08,601318,13:32:06,53.4600,134,1
2026-06-08,601318,13:32:09,53.4300,58,2
2026-06-08,601318,13:32:12,53.4400,26,4
2026-06-08,601318,13:32:15,53.4400,126,4
2026-06-08,601318,13:32:18,53.4400,108,1
2026-06-08,601318,13:32:21,53.4500,10,1
2026-06-08,601318,13:32:24,53.4600,40,1
2026-06-08,601318,13:32:27,53.4600,49,1
2026-06-08,601318,13:32:30,53.4600,99,1
2026-06-08,601318,13:32:33,53.4600,170,1
2026-06-08,601318,13:32:36,53.4500,169,2
2026-06-08,601318,13:32:39,53.4500,117,2
2026-06-08,601318,13:32:42,53.4400,29,1
2026-06-08,601318,13:32:45,53.4400,109,2
2026-06-08,601318,13:32:48,53.4400,29,1
2026-06-08,601318,13:32:51,53.4500,19,4
2026-06-08,601318,13:32:54,53.4500,76,1
2026-06-08,601318,13:32:57,53.4400,30,2
2026-06-08,601318,13:33:00,53.4400,57,2
2026-06-08,601318,13:33:03,53.4400,215,2
2026-06-08,601318,13:33:06,53.4300,175,2
2026-06-08,601318,13:33:09,53.4300,68,2
2026-06-08,601318,13:33:12,53.4300,66,2
2026-06-08,601318,13:33:15,53.4400,55,1
2026-06-08,601318,13:33:18,53.4400,83,1
2026-06-08,601318,13:33:21,53.4300,24,1
2026-06-08,601318,13:33:24,53.4300,34,1
2026-06-08,601318,13:33:27,53.4200,60,2
2026-06-08,601318,13:33:30,53.4100,147,2
2026-06-08,601318,13:33:33,53.4100,108,2
2026-06-08,601318,13:33:36,53.4300,18,1
2026-06-08,601318,13:33:39,53.4300,140,1
2026-06-08,601318,13:33:42,53.4300,17,1
2026-06-08,601318,13:33:45,53.4400,75,1
2026-06-08,601318,13:33:48,53.4500,256,1
2026-06-08,601318,13:33:51,53.4400,45,4
2026-06-08,601318,13:33:54,53.4600,362,1
2026-06-08,601318,13:33:57,53.4600,325,1
2026-06-08,601318,13:34:00,53.4700,31,1
2026-06-08,601318,13:34:03,53.4700,185,1
2026-06-08,601318,13:34:06,53.4600,90,1
2026-06-08,601318,13:34:09,53.4600,154,2
2026-06-08,601318,13:34:12,53.4600,127,2
2026-06-08,601318,13:34:15,53.4600,335,1
2026-06-08,601318,13:34:18,53.4500,32,4
2026-06-08,601318,13:34:21,53.4400,45,2
2026-06-08,601318,13:34:24,53.4400,73,2
2026-06-08,601318,13:34:27,53.4400,168,2
2026-06-08,601318,13:34:30,53.4400,140,2
2026-06-08,601318,13:34:33,53.4400,213,2
2026-06-08,601318,13:34:36,53.4400,27,2
2026-06-08,601318,13:34:39,53.4400,100,2
2026-06-08,601318,13:34:42,53.4400,40,2
2026-06-08,601318,13:34:45,53.4300,177,2
2026-06-08,601318,13:34:48,53.4500,56,1
2026-06-08,601318,13:34:51,53.4500,33,1
2026-06-08,601318,13:34:54,53.4300,173,2
2026-06-08,601318,13:34:57,53.4400,52,1
2026-06-08,601318,13:35:00,53.4400,46,1
2026-06-08,601318,13:35:03,53.4300,92,2
2026-06-08,601318,13:35:06,53.4300,59,1
2026-06-08,601318,13:35:09,53.4300,61,2
2026-06-08,601318,13:35:12,53.4100,438,2
2026-06-08,601318,13:35:15,53.4000,216,2
2026-06-08,601318,13:35:18,53.4000,247,2
2026-06-08,601318,13:35:21,53.4000,80,1
2026-06-08,601318,13:35:24,53.4000,68,1
2026-06-08,601318,13:35:27,53.4000,46,1
2026-06-08,601318,13:35:30,53.4100,65,1
2026-06-08,601318,13:35:33,53.4000,14,2
2026-06-08,601318,13:35:36,53.4200,101,1
2026-06-08,601318,13:35:39,53.4200,332,1
2026-06-08,601318,13:35:42,53.4300,118,1
2026-06-08,601318,13:35:45,53.4300,70,1
2026-06-08,601318,13:35:48,53.4300,74,1
2026-06-08,601318,13:35:51,53.4200,67,1
2026-06-08,601318,13:35:54,53.4200,64,1
2026-06-08,601318,13:35:57,53.4200,27,1
2026-06-08,601318,13:36:00,53.4100,33,2
2026-06-08,601318,13:36:03,53.3800,683,2
2026-06-08,601318,13:36:06,53.3700,37,4
2026-06-08,601318,13:36:09,53.3800,106,1
2026-06-08,601318,13:36:12,53.3600,58,2
2026-06-08,601318,13:36:15,53.3600,108,1
2026-06-08,601318,13:36:18,53.3600,48,1
2026-06-08,601318,13:36:21,53.3700,150,1
2026-06-08,601318,13:36:24,53.3400,253,2
2026-06-08,601318,13:36:27,53.3700,118,1
2026-06-08,601318,13:36:30,53.3700,56,1
2026-06-08,601318,13:36:33,53.3400,153,2
2026-06-08,601318,13:36:36,53.3500,2,4
2026-06-08,601318,13:36:39,53.3400,129,2
2026-06-08,601318,13:36:42,53.3500,82,1
2026-06-08,601318,13:36:45,53.3500,184,2
2026-06-08,601318,13:36:48,53.3600,146,1
2026-06-08,601318,13:36:51,53.3300,154,2
2026-06-08,601318,13:36:54,53.3600,150,1
2026-06-08,601318,13:36:57,53.3700,317,4
2026-06-08,601318,13:37:00,53.3700,148,1
2026-06-08,601318,13:37:03,53.3800,124,1
2026-06-08,601318,13:37:06,53.4100,159,1
2026-06-08,601318,13:37:09,53.3800,261,2
2026-06-08,601318,13:37:12,53.3900,130,4
2026-06-08,601318,13:37:15,53.3900,71,2
2026-06-08,601318,13:37:18,53.3900,90,1
2026-06-08,601318,13:37:21,53.3800,34,2
2026-06-08,601318,13:37:24,53.3800,77,2
2026-06-08,601318,13:37:27,53.3700,159,2
2026-06-08,601318,13:37:30,53.3600,40,2
2026-06-08,601318,13:37:33,53.3700,62,1
2026-06-08,601318,13:37:36,53.3600,55,4
2026-06-08,601318,13:37:39,53.3300,169,2
2026-06-08,601318,13:37:42,53.3200,325,2
2026-06-08,601318,13:37:45,53.3200,57,1
2026-06-08,601318,13:37:48,53.3200,101,1
2026-06-08,601318,13:37:51,53.3100,11,2
2026-06-08,601318,13:37:54,53.3100,240,2
2026-06-08,601318,13:37:57,53.3000,1166,2
2026-06-08,601318,13:38:00,53.2900,546,2
2026-06-08,601318,13:38:03,53.3000,167,1
2026-06-08,601318,13:38:06,53.2900,120,2
2026-06-08,601318,13:38:09,53.2900,94,2
2026-06-08,601318,13:38:12,53.3000,370,1
2026-06-08,601318,13:38:15,53.3000,115,2
2026-06-08,601318,13:38:18,53.3000,123,2
2026-06-08,601318,13:38:21,53.3100,61,1
2026-06-08,601318,13:38:24,53.3100,52,4
2026-06-08,601318,13:38:27,53.3200,32,1
2026-06-08,601318,13:38:30,53.3100,332,2
2026-06-08,601318,13:38:33,53.3000,31,2
2026-06-08,601318,13:38:36,53.2900,146,2
2026-06-08,601318,13:38:39,53.3000,806,2
2026-06-08,601318,13:38:42,53.3000,115,1
2026-06-08,601318,13:38:45,53.2800,616,2
2026-06-08,601318,13:38:48,53.2800,127,2
2026-06-08,601318,13:38:51,53.2700,58,2
2026-06-08,601318,13:38:54,53.2700,154,2
2026-06-08,601318,13:38:57,53.2600,190,2
2026-06-08,601318,13:39:00,53.2800,40,1
2026-06-08,601318,13:39:03,53.2700,120,2
2026-06-08,601318,13:39:06,53.2600,94,2
2026-06-08,601318,13:39:09,53.2800,93,1
2026-06-08,601318,13:39:12,53.2700,29,1
2026-06-08,601318,13:39:15,53.2700,65,1
2026-06-08,601318,13:39:18,53.2700,58,1
2026-06-08,601318,13:39:21,53.2800,272,1
2026-06-08,601318,13:39:24,53.2700,57,2
2026-06-08,601318,13:39:27,53.2600,34,2
2026-06-08,601318,13:39:30,53.2700,87,1
2026-06-08,601318,13:39:33,53.2600,119,2
2026-06-08,601318,13:39:36,53.2700,253,4
2026-06-08,601318,13:39:39,53.2700,100,1
2026-06-08,601318,13:39:42,53.2500,171,2
2026-06-08,601318,13:39:45,53.2500,76,2
2026-06-08,601318,13:39:48,53.2400,169,2
2026-06-08,601318,13:39:51,53.2400,12,2
2026-06-08,601318,13:39:54,53.2500,244,1
2026-06-08,601318,13:39:57,53.2600,895,1
2026-06-08,601318,13:40:00,53.2700,23,1
2026-06-08,601318,13:40:03,53.2500,126,2
2026-06-08,601318,13:40:06,53.2300,295,2
2026-06-08,601318,13:40:09,53.2500,94,1
2026-06-08,601318,13:40:12,53.2600,6,1
2026-06-08,601318,13:40:15,53.2600,40,1
2026-06-08,601318,13:40:18,53.2600,48,1
2026-06-08,601318,13:40:21,53.2600,75,1
2026-06-08,601318,13:40:24,53.2600,34,2
2026-06-08,601318,13:40:27,53.2600,54,2
2026-06-08,601318,13:40:30,53.2600,59,2
2026-06-08,601318,13:40:33,53.2600,293,2
2026-06-08,601318,13:40:36,53.2600,100,1
2026-06-08,601318,13:40:39,53.2600,26,1
2026-06-08,601318,13:40:42,53.2500,144,2
2026-06-08,601318,13:40:45,53.2500,22,2
2026-06-08,601318,13:40:48,53.2700,505,1
2026-06-08,601318,13:40:51,53.2700,100,2
2026-06-08,601318,13:40:54,53.2800,82,1
2026-06-08,601318,13:40:57,53.2800,305,1
2026-06-08,601318,13:41:00,53.2800,68,1
2026-06-08,601318,13:41:03,53.2700,176,2
2026-06-08,601318,13:41:06,53.2600,84,2
2026-06-08,601318,13:41:09,53.2700,106,1
2026-06-08,601318,13:41:12,53.2800,62,1
2026-06-08,601318,13:41:15,53.2600,63,2
2026-06-08,601318,13:41:18,53.2600,55,2
2026-06-08,601318,13:41:21,53.2800,16,1
2026-06-08,601318,13:41:24,53.2800,74,1
2026-06-08,601318,13:41:27,53.2800,14,2
2026-06-08,601318,13:41:30,53.2800,26,2
2026-06-08,601318,13:41:33,53.2800,117,2
2026-06-08,601318,13:41:36,53.2900,35,1
2026-06-08,601318,13:41:39,53.2900,68,1
2026-06-08,601318,13:41:42,53.2900,13,1
2026-06-08,601318,13:41:45,53.2900,63,1
2026-06-08,601318,13:41:48,53.2800,209,2
2026-06-08,601318,13:41:51,53.2800,53,2
2026-06-08,601318,13:41:54,53.2900,5,1
2026-06-08,601318,13:41:57,53.2900,51,1
2026-06-08,601318,13:42:00,53.2900,40,1
2026-06-08,601318,13:42:03,53.2900,209,1
2026-06-08,601318,13:42:06,53.2900,93,1
2026-06-08,601318,13:42:09,53.2900,49,1
2026-06-08,601318,13:42:12,53.2700,165,2
2026-06-08,601318,13:42:15,53.2700,66,2
2026-06-08,601318,13:42:18,53.2700,55,2
2026-06-08,601318,13:42:21,53.2700,34,2
2026-06-08,601318,13:42:24,53.2800,46,1
2026-06-08,601318,13:42:27,53.2600,363,2
2026-06-08,601318,13:42:30,53.2500,78,2
2026-06-08,601318,13:42:33,53.2500,149,2
2026-06-08,601318,13:42:36,53.2500,473,2
2026-06-08,601318,13:42:39,53.2300,30,2
2026-06-08,601318,13:42:42,53.2400,21,1
2026-06-08,601318,13:42:45,53.2400,36,1
2026-06-08,601318,13:42:48,53.2500,61,1
2026-06-08,601318,13:42:51,53.2400,135,2
2026-06-08,601318,13:42:54,53.2400,242,2
2026-06-08,601318,13:42:57,53.2500,167,1
2026-06-08,601318,13:43:00,53.2400,126,2
2026-06-08,601318,13:43:03,53.2400,104,1
2026-06-08,601318,13:43:06,53.2400,48,1
2026-06-08,601318,13:43:09,53.2400,36,2
2026-06-08,601318,13:43:12,53.2400,57,1
2026-06-08,601318,13:43:15,53.2300,248,2
2026-06-08,601318,13:43:18,53.2400,133,2
2026-06-08,601318,13:43:21,53.2400,23,1
2026-06-08,601318,13:43:24,53.2500,30,1
2026-06-08,601318,13:43:27,53.2400,35,2
2026-06-08,601318,13:43:30,53.2500,147,1
2026-06-08,601318,13:43:33,53.2300,215,2
2026-06-08,601318,13:43:36,53.2400,55,2
2026-06-08,601318,13:43:39,53.2500,22,1
2026-06-08,601318,13:43:42,53.2400,91,2
2026-06-08,601318,13:43:45,53.2400,131,2
2026-06-08,601318,13:43:48,53.2300,50,2
2026-06-08,601318,13:43:51,53.2200,65,2
2026-06-08,601318,13:43:54,53.2300,11,1
2026-06-08,601318,13:43:57,53.2200,38,2
2026-06-08,601318,13:44:00,53.2400,94,1
2026-06-08,601318,13:44:03,53.2400,156,1
2026-06-08,601318,13:44:06,53.2200,195,2
2026-06-08,601318,13:44:09,53.2200,29,2
2026-06-08,601318,13:44:12,53.2000,327,2
2026-06-08,601318,13:44:15,53.1900,848,2
2026-06-08,601318,13:44:18,53.2000,111,1
2026-06-08,601318,13:44:21,53.2000,50,1
2026-06-08,601318,13:44:24,53.1800,330,2
2026-06-08,601318,13:44:27,53.1700,354,2
2026-06-08,601318,13:44:30,53.1700,162,2
2026-06-08,601318,13:44:33,53.1700,80,4
2026-06-08,601318,13:44:36,53.1800,44,1
2026-06-08,601318,13:44:39,53.1700,38,2
2026-06-08,601318,13:44:42,53.1600,117,2
2026-06-08,601318,13:44:45,53.1700,44,1
2026-06-08,601318,13:44:48,53.1600,78,2
2026-06-08,601318,13:44:51,53.1600,545,2
2026-06-08,601318,13:44:54,53.1600,226,1
2026-06-08,601318,13:44:57,53.1600,173,1
2026-06-08,601318,13:45:00,53.1900,739,1
2026-06-08,601318,13:45:03,53.1500,322,2
2026-06-08,601318,13:45:06,53.1800,100,1
2026-06-08,601318,13:45:09,53.1800,247,1
2026-06-08,601318,13:45:12,53.1600,101,2
2026-06-08,601318,13:45:15,53.1600,65,2
2026-06-08,601318,13:45:18,53.1600,71,2
2026-06-08,601318,13:45:21,53.1700,63,4
2026-06-08,601318,13:45:24,53.1800,77,1
2026-06-08,601318,13:45:27,53.1600,81,2
2026-06-08,601318,13:45:30,53.1500,140,2
2026-06-08,601318,13:45:33,53.1600,164,1
2026-06-08,601318,13:45:36,53.1500,104,2
2026-06-08,601318,13:45:39,53.1500,174,1
2026-06-08,601318,13:45:42,53.1400,113,2
2026-06-08,601318,13:45:45,53.1400,160,2
2026-06-08,601318,13:45:48,53.1400,126,4
2026-06-08,601318,13:45:51,53.1400,99,4
2026-06-08,601318,13:45:54,53.1400,142,2
2026-06-08,601318,13:45:57,53.1600,335,1
2026-06-08,601318,13:46:00,53.1500,175,2
2026-06-08,601318,13:46:03,53.1400,179,2
2026-06-08,601318,13:46:06,53.1100,297,2
2026-06-08,601318,13:46:09,53.1300,138,1
2026-06-08,601318,13:46:12,53.1100,100,2
2026-06-08,601318,13:46:15,53.1100,219,1
2026-06-08,601318,13:46:18,53.1100,92,2
2026-06-08,601318,13:46:21,53.1200,61,1
2026-06-08,601318,13:46:24,53.1300,50,1
2026-06-08,601318,13:46:27,53.1300,116,1
2026-06-08,601318,13:46:30,53.1300,50,2
2026-06-08,601318,13:46:33,53.1300,128,2
2026-06-08,601318,13:46:36,53.1400,77,1
2026-06-08,601318,13:46:39,53.1400,451,1
2026-06-08,601318,13:46:42,53.1400,143,1
2026-06-08,601318,13:46:45,53.1400,50,1
2026-06-08,601318,13:46:48,53.1300,17,4
2026-06-08,601318,13:46:51,53.1300,181,1
2026-06-08,601318,13:46:54,53.1300,498,1
2026-06-08,601318,13:46:57,53.1300,453,1
2026-06-08,601318,13:47:00,53.1200,174,2
2026-06-08,601318,13:47:03,53.1000,412,2
2026-06-08,601318,13:47:06,53.1300,63,1
2026-06-08,601318,13:47:09,53.1300,425,1
2026-06-08,601318,13:47:12,53.1400,88,1
2026-06-08,601318,13:47:15,53.1500,38,1
2026-06-08,601318,13:47:18,53.1500,195,1
2026-06-08,601318,13:47:21,53.1800,128,1
2026-06-08,601318,13:47:24,53.1900,160,1
2026-06-08,601318,13:47:27,53.2100,219,1
2026-06-08,601318,13:47:30,53.2400,176,1
2026-06-08,601318,13:47:33,53.2500,168,1
2026-06-08,601318,13:47:36,53.2500,77,1
2026-06-08,601318,13:47:39,53.2600,38,1
2026-06-08,601318,13:47:42,53.2500,198,2
2026-06-08,601318,13:47:45,53.2200,270,2
2026-06-08,601318,13:47:48,53.1900,145,2
2026-06-08,601318,13:47:51,53.2200,48,1
2026-06-08,601318,13:47:54,53.2300,442,1
2026-06-08,601318,13:47:57,53.2200,16,2
2026-06-08,601318,13:48:00,53.2300,38,2
2026-06-08,601318,13:48:03,53.2300,68,1
2026-06-08,601318,13:48:06,53.2200,101,2
2026-06-08,601318,13:48:09,53.2300,133,1
2026-06-08,601318,13:48:12,53.2300,75,2
2026-06-08,601318,13:48:15,53.2400,73,1
2026-06-08,601318,13:48:18,53.2300,30,2
2026-06-08,601318,13:48:21,53.2300,122,2
2026-06-08,601318,13:48:24,53.2400,12,2
2026-06-08,601318,13:48:27,53.2400,22,2
2026-06-08,601318,13:48:30,53.2400,216,2
2026-06-08,601318,13:48:33,53.2300,165,2
2026-06-08,601318,13:48:36,53.2300,319,2
2026-06-08,601318,13:48:39,53.2300,136,2
2026-06-08,601318,13:48:42,53.2400,82,1
2026-06-08,601318,13:48:45,53.2300,56,4
2026-06-08,601318,13:48:48,53.2400,20,4
2026-06-08,601318,13:48:51,53.2300,133,2
2026-06-08,601318,13:48:54,53.2200,270,2
2026-06-08,601318,13:48:57,53.2000,414,2
2026-06-08,601318,13:49:00,53.2000,232,1
2026-06-08,601318,13:49:03,53.1600,82,2
2026-06-08,601318,13:49:06,53.1600,181,2
2026-06-08,601318,13:49:09,53.1700,35,4
2026-06-08,601318,13:49:12,53.1800,6,1
2026-06-08,601318,13:49:15,53.1900,25,1
2026-06-08,601318,13:49:18,53.1700,68,2
2026-06-08,601318,13:49:21,53.2200,220,1
2026-06-08,601318,13:49:24,53.2200,55,1
2026-06-08,601318,13:49:27,53.2300,1,4
2026-06-08,601318,13:49:30,53.2200,108,2
2026-06-08,601318,13:49:33,53.2500,144,1
2026-06-08,601318,13:49:36,53.2300,63,2
2026-06-08,601318,13:49:39,53.2300,48,2
2026-06-08,601318,13:49:42,53.2300,59,2
2026-06-08,601318,13:49:45,53.2200,289,2
2026-06-08,601318,13:49:48,53.2300,27,4
2026-06-08,601318,13:49:51,53.2400,45,1
2026-06-08,601318,13:49:54,53.2500,96,1
2026-06-08,601318,13:49:57,53.2500,152,1
2026-06-08,601318,13:50:00,53.2500,131,2
2026-06-08,601318,13:50:03,53.2400,106,2
2026-06-08,601318,13:50:06,53.2300,347,2
2026-06-08,601318,13:50:09,53.2200,193,2
2026-06-08,601318,13:50:12,53.2200,97,1
2026-06-08,601318,13:50:15,53.1900,186,2
2026-06-08,601318,13:50:18,53.2200,17,1
2026-06-08,601318,13:50:21,53.2200,40,1
2026-06-08,601318,13:50:24,53.2200,68,1
2026-06-08,601318,13:50:27,53.2200,128,1
2026-06-08,601318,13:50:30,53.2400,429,1
2026-06-08,601318,13:50:33,53.2300,24,4
2026-06-08,601318,13:50:36,53.2400,66,1
2026-06-08,601318,13:50:39,53.2400,229,1
2026-06-08,601318,13:50:42,53.2400,41,1
2026-06-08,601318,13:50:45,53.2400,41,1
2026-06-08,601318,13:50:48,53.2300,103,2
2026-06-08,601318,13:50:51,53.2200,98,2
2026-06-08,601318,13:50:54,53.2400,48,1
2026-06-08,601318,13:50:57,53.2400,53,1
2026-06-08,601318,13:51:00,53.2400,65,1
2026-06-08,601318,13:51:03,53.2400,37,1
2026-06-08,601318,13:51:06,53.2400,74,1
2026-06-08,601318,13:51:09,53.2300,119,2
2026-06-08,601318,13:51:12,53.2400,420,1
2026-06-08,601318,13:51:15,53.1900,335,2
2026-06-08,601318,13:51:18,53.1600,285,2
2026-06-08,601318,13:51:21,53.1600,107,2
2026-06-08,601318,13:51:24,53.1600,188,1
2026-06-08,601318,13:51:27,53.1700,5,1
2026-06-08,601318,13:51:30,53.1800,144,1
2026-06-08,601318,13:51:33,53.1700,25,2
2026-06-08,601318,13:51:36,53.1700,79,2
2026-06-08,601318,13:51:39,53.2300,50,1
2026-06-08,601318,13:51:42,53.1800,30,2
2026-06-08,601318,13:51:45,53.1800,26,2
2026-06-08,601318,13:51:48,53.1800,90,2
2026-06-08,601318,13:51:51,53.1900,106,4
2026-06-08,601318,13:51:54,53.2000,9,2
2026-06-08,601318,13:51:57,53.1900,80,2
2026-06-08,601318,13:52:00,53.1900,176,2
2026-06-08,601318,13:52:03,53.1900,36,1
2026-06-08,601318,13:52:06,53.2000,161,1
2026-06-08,601318,13:52:09,53.2300,57,1
2026-06-08,601318,13:52:12,53.1900,20,2
2026-06-08,601318,13:52:15,53.2300,37,1
2026-06-08,601318,13:52:18,53.2300,54,1
2026-06-08,601318,13:52:21,53.2300,149,1
2026-06-08,601318,13:52:24,53.2400,25,1
2026-06-08,601318,13:52:27,53.2300,55,2
2026-06-08,601318,13:52:30,53.2500,38,1
2026-06-08,601318,13:52:33,53.2500,28,1
2026-06-08,601318,13:52:36,53.2500,10,2
2026-06-08,601318,13:52:39,53.2600,27,1
2026-06-08,601318,13:52:42,53.2600,39,1
2026-06-08,601318,13:52:45,53.2500,253,2
2026-06-08,601318,13:52:48,53.2400,540,2
2026-06-08,601318,13:52:51,53.2400,99,2
2026-06-08,601318,13:52:54,53.2400,62,1
2026-06-08,601318,13:52:57,53.2600,42,1
2026-06-08,601318,13:53:00,53.2700,15,1
2026-06-08,601318,13:53:03,53.2700,26,1
2026-06-08,601318,13:53:06,53.2700,58,1
2026-06-08,601318,13:53:09,53.2600,36,2
2026-06-08,601318,13:53:12,53.2600,93,2
2026-06-08,601318,13:53:15,53.2500,71,2
2026-06-08,601318,13:53:18,53.2600,87,1
2026-06-08,601318,13:53:21,53.2700,178,1
2026-06-08,601318,13:53:24,53.2800,32,1
2026-06-08,601318,13:53:27,53.3000,204,1
2026-06-08,601318,13:53:30,53.3000,23,2
2026-06-08,601318,13:53:33,53.3100,95,1
2026-06-08,601318,13:53:36,53.2700,179,2
2026-06-08,601318,13:53:39,53.2700,140,2
2026-06-08,601318,13:53:42,53.2600,225,2
2026-06-08,601318,13:53:45,53.2500,113,2
2026-06-08,601318,13:53:48,53.2300,150,2
2026-06-08,601318,13:53:51,53.2200,489,2
2026-06-08,601318,13:53:54,53.2100,370,1
2026-06-08,601318,13:53:57,53.2100,90,1
2026-06-08,601318,13:54:00,53.2300,69,1
2026-06-08,601318,13:54:03,53.2000,57,2
2026-06-08,601318,13:54:06,53.2000,197,2
2026-06-08,601318,13:54:09,53.2000,35,2
2026-06-08,601318,13:54:12,53.2300,23,1
2026-06-08,601318,13:54:15,53.2100,17,2
2026-06-08,601318,13:54:18,53.2400,72,1
2026-06-08,601318,13:54:21,53.2200,45,2
2026-06-08,601318,13:54:24,53.2200,20,2
2026-06-08,601318,13:54:27,53.2100,168,2
2026-06-08,601318,13:54:30,53.2200,11,1
2026-06-08,601318,13:54:33,53.2200,138,1
2026-06-08,601318,13:54:36,53.2100,76,2
2026-06-08,601318,13:54:39,53.2000,313,2
2026-06-08,601318,13:54:45,53.2200,56,2
2026-06-08,601318,13:54:48,53.2100,10,2
2026-06-08,601318,13:54:51,53.2300,76,1
2026-06-08,601318,13:54:54,53.2100,201,2
2026-06-08,601318,13:54:57,53.2200,88,4
2026-06-08,601318,13:55:00,53.2100,228,2
2026-06-08,601318,13:55:03,53.2300,97,1
2026-06-08,601318,13:55:06,53.2200,209,4
2026-06-08,601318,13:55:09,53.2400,130,1
2026-06-08,601318,13:55:12,53.2600,245,1
2026-06-08,601318,13:55:15,53.2400,43,2
2026-06-08,601318,13:55:18,53.2800,81,1
2026-06-08,601318,13:55:21,53.2500,303,2
2026-06-08,601318,13:55:24,53.2600,317,2
2026-06-08,601318,13:55:27,53.2500,50,2
2026-06-08,601318,13:55:30,53.2700,170,1
2026-06-08,601318,13:55:33,53.2700,33,2
2026-06-08,601318,13:55:36,53.2700,159,2
2026-06-08,601318,13:55:39,53.2700,50,4
2026-06-08,601318,13:55:42,53.2700,15,4
2026-06-08,601318,13:55:45,53.2700,185,1
2026-06-08,601318,13:55:48,53.2600,60,2
2026-06-08,601318,13:55:51,53.2400,102,2
2026-06-08,601318,13:55:54,53.2400,100,2
2026-06-08,601318,13:55:57,53.2500,248,1
2026-06-08,601318,13:56:00,53.2500,63,1
2026-06-08,601318,13:56:03,53.2600,84,1
2026-06-08,601318,13:56:06,53.2500,43,1
2026-06-08,601318,13:56:09,53.2500,82,2
2026-06-08,601318,13:56:12,53.2500,4,4
2026-06-08,601318,13:56:15,53.2700,531,1
2026-06-08,601318,13:56:18,53.2700,62,2
2026-06-08,601318,13:56:21,53.2700,26,2
2026-06-08,601318,13:56:24,53.3400,104,1
2026-06-08,601318,13:56:27,53.2800,398,2
2026-06-08,601318,13:56:30,53.2600,46,2
2026-06-08,601318,13:56:33,53.2800,139,1
2026-06-08,601318,13:56:36,53.2600,19,2
2026-06-08,601318,13:56:39,53.3000,76,1
2026-06-08,601318,13:56:42,53.2800,130,2
2026-06-08,601318,13:56:45,53.2800,76,2
2026-06-08,601318,13:56:48,53.2500,273,2
2026-06-08,601318,13:56:51,53.2500,143,1
2026-06-08,601318,13:56:54,53.2600,29,1
2026-06-08,601318,13:56:57,53.2800,39,1
2026-06-08,601318,13:57:00,53.2900,40,1
2026-06-08,601318,13:57:03,53.2900,42,1
2026-06-08,601318,13:57:06,53.2900,32,1
2026-06-08,601318,13:57:09,53.2900,87,1
2026-06-08,601318,13:57:12,53.2700,116,2
2026-06-08,601318,13:57:15,53.2900,223,1
2026-06-08,601318,13:57:18,53.2800,16,4
2026-06-08,601318,13:57:21,53.2700,47,2
2026-06-08,601318,13:57:24,53.2900,35,1
2026-06-08,601318,13:57:27,53.2800,42,2
2026-06-08,601318,13:57:30,53.2800,82,2
2026-06-08,601318,13:57:33,53.2700,206,2
2026-06-08,601318,13:57:36,53.2800,62,1
2026-06-08,601318,13:57:39,53.2800,28,1
2026-06-08,601318,13:57:42,53.2800,45,1
2026-06-08,601318,13:57:45,53.2800,354,1
2026-06-08,601318,13:57:48,53.2900,51,1
2026-06-08,601318,13:57:51,53.2800,135,2
2026-06-08,601318,13:57:54,53.2900,26,1
2026-06-08,601318,13:57:57,53.2900,90,1
2026-06-08,601318,13:58:00,53.2900,50,1
2026-06-08,601318,13:58:03,53.2900,205,1
2026-06-08,601318,13:58:06,53.2800,4,2
2026-06-08,601318,13:58:09,53.2900,210,1
2026-06-08,601318,13:58:12,53.2900,69,4
2026-06-08,601318,13:58:15,53.2800,77,2
2026-06-08,601318,13:58:18,53.2800,183,2
2026-06-08,601318,13:58:21,53.2800,284,1
2026-06-08,601318,13:58:24,53.2800,98,1
2026-06-08,601318,13:58:27,53.2700,85,1
2026-06-08,601318,13:58:30,53.2800,50,1
2026-06-08,601318,13:58:33,53.2800,35,2
2026-06-08,601318,13:58:36,53.2900,101,1
2026-06-08,601318,13:58:39,53.2800,121,2
2026-06-08,601318,13:58:42,53.2900,50,1
2026-06-08,601318,13:58:45,53.2800,9,2
2026-06-08,601318,13:58:48,53.2800,98,2
2026-06-08,601318,13:58:51,53.2700,42,2
2026-06-08,601318,13:58:54,53.2800,81,1
2026-06-08,601318,13:58:57,53.2800,95,1
2026-06-08,601318,13:59:00,53.2800,32,1
2026-06-08,601318,13:59:03,53.2800,10,2
2026-06-08,601318,13:59:06,53.2800,15,2
2026-06-08,601318,13:59:09,53.2900,8,1
2026-06-08,601318,13:59:12,53.3000,30,1
2026-06-08,601318,13:59:15,53.3000,41,1
2026-06-08,601318,13:59:18,53.3000,79,2
2026-06-08,601318,13:59:21,53.2800,205,2
2026-06-08,601318,13:59:24,53.2800,83,2
2026-06-08,601318,13:59:27,53.2900,50,1
2026-06-08,601318,13:59:30,53.2700,51,2
2026-06-08,601318,13:59:33,53.2800,78,1
2026-06-08,601318,13:59:36,53.2700,307,2
2026-06-08,601318,13:59:39,53.2700,99,1
2026-06-08,601318,13:59:42,53.2700,117,1
2026-06-08,601318,13:59:45,53.2600,18,2
2026-06-08,601318,13:59:48,53.2600,42,2
2026-06-08,601318,13:59:51,53.2700,11,4
2026-06-08,601318,13:59:54,53.2700,25,2
2026-06-08,601318,13:59:57,53.2600,129,2
2026-06-08,601318,14:00:00,53.2500,114,2
2026-06-08,601318,14:00:03,53.2600,46,1
2026-06-08,601318,14:00:06,53.2500,374,2
2026-06-08,601318,14:00:09,53.2500,56,2
2026-06-08,601318,14:00:12,53.2500,34,2
2026-06-08,601318,14:00:15,53.2500,43,2
2026-06-08,601318,14:00:18,53.2600,89,1
2026-06-08,601318,14:00:21,53.2700,47,1
2026-06-08,601318,14:00:24,53.2800,158,1
2026-06-08,601318,14:00:27,53.2800,50,1
2026-06-08,601318,14:00:30,53.2800,98,4
2026-06-08,601318,14:00:33,53.2900,23,1
2026-06-08,601318,14:00:36,53.2900,36,1
2026-06-08,601318,14:00:39,53.3000,93,1
2026-06-08,601318,14:00:42,53.3000,44,1
2026-06-08,601318,14:00:45,53.2900,131,2
2026-06-08,601318,14:00:48,53.3000,22,1
2026-06-08,601318,14:00:51,53.2900,58,2
2026-06-08,601318,14:00:54,53.3000,80,1
2026-06-08,601318,14:00:57,53.3000,22,1
2026-06-08,601318,14:01:00,53.2900,282,2
2026-06-08,601318,14:01:03,53.2900,50,1
2026-06-08,601318,14:01:06,53.3000,66,1
2026-06-08,601318,14:01:09,53.3200,242,1
2026-06-08,601318,14:01:12,53.3200,28,1
2026-06-08,601318,14:01:15,53.3100,23,2
2026-06-08,601318,14:01:18,53.3300,37,1
2026-06-08,601318,14:01:21,53.3300,66,1
2026-06-08,601318,14:01:24,53.3200,115,2
2026-06-08,601318,14:01:27,53.3100,201,2
2026-06-08,601318,14:01:30,53.3000,140,1
2026-06-08,601318,14:01:33,53.3100,52,1
2026-06-08,601318,14:01:36,53.3000,74,2
2026-06-08,601318,14:01:39,53.3000,88,2
2026-06-08,601318,14:01:42,53.3000,121,2
2026-06-08,601318,14:01:45,53.3000,246,1
2026-06-08,601318,14:01:48,53.3100,55,1
2026-06-08,601318,14:01:51,53.3100,54,1
2026-06-08,601318,14:01:54,53.2900,139,2
2026-06-08,601318,14:01:57,53.3100,83,1
2026-06-08,601318,14:02:00,53.3200,12,1
2026-06-08,601318,14:02:03,53.3200,65,1
2026-06-08,601318,14:02:06,53.3100,99,2
2026-06-08,601318,14:02:09,53.3000,136,2
2026-06-08,601318,14:02:12,53.3000,83,2
2026-06-08,601318,14:02:15,53.3100,16,1
2026-06-08,601318,14:02:18,53.3000,79,2
2026-06-08,601318,14:02:21,53.3100,90,1
2026-06-08,601318,14:02:24,53.3200,71,1
2026-06-08,601318,14:02:27,53.3400,19,1
2026-06-08,601318,14:02:30,53.3200,73,2
2026-06-08,601318,14:02:33,53.3200,68,1
2026-06-08,601318,14:02:36,53.3200,25,1
2026-06-08,601318,14:02:39,53.3200,45,1
2026-06-08,601318,14:02:42,53.3300,76,1
2026-06-08,601318,14:02:45,53.3100,120,2
2026-06-08,601318,14:02:48,53.3100,163,2
2026-06-08,601318,14:02:51,53.3100,237,2
2026-06-08,601318,14:02:54,53.3200,69,1
2026-06-08,601318,14:02:57,53.3200,27,1
2026-06-08,601318,14:03:00,53.3200,317,1
2026-06-08,601318,14:03:03,53.3300,254,1
2026-06-08,601318,14:03:06,53.3400,55,1
2026-06-08,601318,14:03:09,53.3400,156,2
2026-06-08,601318,14:03:12,53.3500,146,4
2026-06-08,601318,14:03:15,53.3400,11,2
2026-06-08,601318,14:03:18,53.3500,26,1
2026-06-08,601318,14:03:21,53.3600,159,1
2026-06-08,601318,14:03:24,53.3600,249,1
2026-06-08,601318,14:03:27,53.3800,41,1
2026-06-08,601318,14:03:30,53.3800,60,1
2026-06-08,601318,14:03:33,53.3800,234,4
2026-06-08,601318,14:03:36,53.3800,149,2
2026-06-08,601318,14:03:39,53.3800,49,2
2026-06-08,601318,14:03:42,53.3800,57,1
2026-06-08,601318,14:03:45,53.3800,35,1
2026-06-08,601318,14:03:48,53.3800,136,2
2026-06-08,601318,14:03:51,53.3800,317,2
2026-06-08,601318,14:03:54,53.3500,133,2
2026-06-08,601318,14:03:57,53.3400,74,1
2026-06-08,601318,14:04:00,53.3400,6,1
2026-06-08,601318,14:04:03,53.3400,193,1
2026-06-08,601318,14:04:06,53.3600,32,1
2026-06-08,601318,14:04:09,53.3800,21,1
2026-06-08,601318,14:04:12,53.3800,195,1
2026-06-08,601318,14:04:15,53.3800,139,2
2026-06-08,601318,14:04:18,53.3800,26,2
2026-06-08,601318,14:04:21,53.3800,22,2
2026-06-08,601318,14:04:24,53.3900,35,1
2026-06-08,601318,14:04:27,53.3900,39,1
2026-06-08,601318,14:04:30,53.3900,82,1
2026-06-08,601318,14:04:33,53.3900,51,1
2026-06-08,601318,14:04:36,53.3900,21,1
2026-06-08,601318,14:04:39,53.4000,204,1
2026-06-08,601318,14:04:42,53.4000,23,1
2026-06-08,601318,14:04:45,53.4000,89,1
2026-06-08,601318,14:04:48,53.4000,39,1
2026-06-08,601318,14:04:51,53.3900,173,2
2026-06-08,601318,14:04:54,53.4000,26,1
2026-06-08,601318,14:04:57,53.4000,40,1
2026-06-08,601318,14:05:00,53.3900,48,2
2026-06-08,601318,14:05:03,53.3900,31,2
2026-06-08,601318,14:05:06,53.4000,12,1
2026-06-08,601318,14:05:09,53.3900,13,2
2026-06-08,601318,14:05:12,53.4000,211,1
2026-06-08,601318,14:05:15,53.3600,224,2
2026-06-08,601318,14:05:18,53.3600,77,2
2026-06-08,601318,14:05:21,53.3800,81,1
2026-06-08,601318,14:05:24,53.3600,50,1
2026-06-08,601318,14:05:27,53.3600,18,1
2026-06-08,601318,14:05:30,53.3600,17,2
2026-06-08,601318,14:05:33,53.3600,98,2
2026-06-08,601318,14:05:36,53.3600,53,2
2026-06-08,601318,14:05:39,53.3700,223,1
2026-06-08,601318,14:05:42,53.3700,58,1
2026-06-08,601318,14:05:45,53.3700,38,2
2026-06-08,601318,14:05:48,53.3700,11,2
2026-06-08,601318,14:05:51,53.3800,51,1
2026-06-08,601318,14:05:54,53.3900,17,1
2026-06-08,601318,14:05:57,53.3900,27,1
2026-06-08,601318,14:06:00,53.3900,183,1
2026-06-08,601318,14:06:03,53.3900,291,1
2026-06-08,601318,14:06:06,53.4000,524,1
2026-06-08,601318,14:06:09,53.4000,214,1
2026-06-08,601318,14:06:12,53.4200,78,1
2026-06-08,601318,14:06:15,53.4300,80,1
2026-06-08,601318,14:06:18,53.4400,211,1
2026-06-08,601318,14:06:21,53.4400,159,1
2026-06-08,601318,14:06:24,53.4400,87,2
2026-06-08,601318,14:06:27,53.4500,113,1
2026-06-08,601318,14:06:30,53.4400,53,2
2026-06-08,601318,14:06:33,53.4400,79,2
2026-06-08,601318,14:06:36,53.4500,73,1
2026-06-08,601318,14:06:39,53.4400,114,4
2026-06-08,601318,14:06:42,53.4400,23,4
2026-06-08,601318,14:06:45,53.4300,77,2
2026-06-08,601318,14:06:48,53.4400,26,1
2026-06-08,601318,14:06:51,53.4300,45,2
2026-06-08,601318,14:06:54,53.4300,42,2
2026-06-08,601318,14:06:57,53.4400,78,1
2026-06-08,601318,10:56:45,53.5500,5,2
2026-06-08,601318,10:56:48,53.5700,142,1
2026-06-08,601318,10:56:51,53.5800,22,1
2026-06-08,601318,10:56:54,53.5800,33,1
2026-06-08,601318,10:56:57,53.6000,1108,1
2026-06-08,601318,10:57:00,53.6100,1599,1
2026-06-08,601318,10:57:03,53.6600,295,1
2026-06-08,601318,10:57:06,53.6600,47,1
2026-06-08,601318,10:57:09,53.6500,48,1
2026-06-08,601318,10:57:12,53.6300,56,2
2026-06-08,601318,10:57:15,53.6500,42,1
2026-06-08,601318,10:57:18,53.6500,95,1
2026-06-08,601318,10:57:21,53.6200,19,2
2026-06-08,601318,10:57:24,53.6100,89,2
2026-06-08,601318,10:57:27,53.5900,349,2
2026-06-08,601318,10:57:30,53.6000,142,1
2026-06-08,601318,10:57:33,53.5800,359,2
2026-06-08,601318,10:57:36,53.5700,47,4
2026-06-08,601318,10:57:39,53.5700,6,1
2026-06-08,601318,10:57:42,53.5600,71,2
2026-06-08,601318,10:57:45,53.5600,10,1
2026-06-08,601318,10:57:48,53.5600,68,1
2026-06-08,601318,10:57:51,53.5800,659,1
2026-06-08,601318,10:57:54,53.5900,28,1
2026-06-08,601318,10:57:57,53.5800,11,2
2026-06-08,601318,10:58:00,53.5900,66,4
2026-06-08,601318,10:58:03,53.5800,202,2
2026-06-08,601318,10:58:06,53.5800,42,1
2026-06-08,601318,10:58:09,53.5900,640,1
2026-06-08,601318,10:58:12,53.6100,253,1
2026-06-08,601318,10:58:15,53.6100,34,2
2026-06-08,601318,10:58:18,53.6300,13,1
2026-06-08,601318,10:58:21,53.6300,72,1
2026-06-08,601318,10:58:24,53.6400,22,1
2026-06-08,601318,10:58:27,53.6500,42,1
2026-06-08,601318,10:58:30,53.6500,73,1
2026-06-08,601318,10:58:33,53.6500,42,1
2026-06-08,601318,10:58:36,53.6600,279,1
2026-06-08,601318,10:58:39,53.6400,158,2
2026-06-08,601318,10:58:42,53.6500,54,4
2026-06-08,601318,10:58:45,53.6700,156,1
2026-06-08,601318,10:58:48,53.6400,209,2
2026-06-08,601318,10:58:51,53.6800,134,1
2026-06-08,601318,10:58:54,53.6700,50,2
2026-06-08,601318,10:58:57,53.6800,95,1
2026-06-08,601318,10:59:00,53.6700,200,2
2026-06-08,601318,10:59:03,53.6600,115,4
2026-06-08,601318,10:59:06,53.6700,88,1
2026-06-08,601318,10:59:09,53.6700,79,1
2026-06-08,601318,10:59:12,53.6700,98,1
2026-06-08,601318,10:59:15,53.6600,115,2
2026-06-08,601318,10:59:18,53.6700,106,1
2026-06-08,601318,10:59:21,53.6500,197,2
2026-06-08,601318,10:59:24,53.6600,75,1
2026-06-08,601318,10:59:27,53.6500,27,4
2026-06-08,601318,10:59:30,53.6600,6,1
2026-06-08,601318,10:59:33,53.6400,215,2
2026-06-08,601318,10:59:36,53.6500,11,1
2026-06-08,601318,10:59:39,53.6400,117,2
2026-06-08,601318,10:59:42,53.6400,6,1
2026-06-08,601318,10:59:45,53.6300,64,2
2026-06-08,601318,10:59:48,53.6300,135,2
2026-06-08,601318,10:59:51,53.6300,85,2
2026-06-08,601318,10:59:54,53.6200,91,2
2026-06-08,601318,10:59:57,53.6300,82,1
2026-06-08,601318,11:00:00,53.6300,65,1
2026-06-08,601318,11:00:03,53.6200,116,2
2026-06-08,601318,11:00:06,53.6100,12,2
2026-06-08,601318,11:00:09,53.6100,119,2
2026-06-08,601318,11:00:12,53.6100,44,2
2026-06-08,601318,11:00:15,53.6100,102,2
2026-06-08,601318,11:00:18,53.6100,137,2
2026-06-08,601318,11:00:21,53.6100,129,2
2026-06-08,601318,11:00:24,53.6100,94,2
2026-06-08,601318,11:00:27,53.6400,669,1
2026-06-08,601318,11:00:30,53.6700,1986,1
2026-06-08,601318,11:00:33,53.6500,763,2
2026-06-08,601318,11:00:36,53.6500,304,2
2026-06-08,601318,11:00:39,53.6200,185,2
2026-06-08,601318,11:00:42,53.6200,271,2
2026-06-08,601318,11:00:45,53.6400,583,1
2026-06-08,601318,11:00:48,53.6200,195,2
2026-06-08,601318,11:00:51,53.6200,1325,2
2026-06-08,601318,11:00:54,53.6500,286,1
2026-06-08,601318,11:00:57,53.6200,343,2
2026-06-08,601318,11:01:00,53.6200,437,2
2026-06-08,601318,11:01:03,53.6200,307,2
2026-06-08,601318,11:01:06,53.6800,282,1
2026-06-08,601318,11:01:09,53.6300,295,2
2026-06-08,601318,11:01:12,53.6800,188,1
2026-06-08,601318,11:01:15,53.6300,354,2
2026-06-08,601318,11:01:18,53.6800,110,1
2026-06-08,601318,11:01:21,53.6700,47,1
2026-06-08,601318,11:01:24,53.6700,38,1
2026-06-08,601318,11:01:27,53.6800,61,1
2026-06-08,601318,11:01:30,53.6700,108,2
2026-06-08,601318,11:01:33,53.6500,136,2
2026-06-08,601318,11:01:36,53.6400,85,2
2026-06-08,601318,11:01:39,53.6400,82,2
2026-06-08,601318,11:01:42,53.6400,1189,2
2026-06-08,601318,11:01:45,53.6400,136,2
2026-06-08,601318,11:01:48,53.6500,188,1
2026-06-08,601318,11:01:51,53.6400,58,2
2026-06-08,601318,11:01:54,53.6400,108,2
2026-06-08,601318,11:01:57,53.6500,59,1
2026-06-08,601318,11:02:00,53.6500,114,1
2026-06-08,601318,11:02:03,53.6400,263,2
2026-06-08,601318,11:02:06,53.6300,37,4
2026-06-08,601318,11:02:09,53.6300,29,1
2026-06-08,601318,11:02:12,53.6300,60,1
2026-06-08,601318,11:02:15,53.6300,35,1
2026-06-08,601318,11:02:18,53.6300,213,2
2026-06-08,601318,11:02:21,53.6300,69,2
2026-06-08,601318,11:02:24,53.6300,35,2
2026-06-08,601318,11:02:27,53.6300,66,2
2026-06-08,601318,11:02:30,53.6300,26,2
2026-06-08,601318,11:02:33,53.6300,109,2
2026-06-08,601318,11:02:36,53.6200,177,2
2026-06-08,601318,11:02:39,53.6200,111,1
2026-06-08,601318,11:02:42,53.6400,595,1
2026-06-08,601318,11:02:45,53.6400,182,2
2026-06-08,601318,11:02:48,53.6400,77,1
2026-06-08,601318,11:02:51,53.6200,111,2
2026-06-08,601318,11:02:54,53.6200,61,2
2026-06-08,601318,11:02:57,53.6000,186,2
2026-06-08,601318,11:03:00,53.6200,25,1
2026-06-08,601318,11:03:03,53.6300,605,1
2026-06-08,601318,11:03:06,53.6200,76,2
2026-06-08,601318,11:03:09,53.5900,275,2
2026-06-08,601318,11:03:12,53.6100,48,1
2026-06-08,601318,11:03:15,53.6000,101,2
2026-06-08,601318,11:03:18,53.6000,99,1
2026-06-08,601318,11:03:21,53.6000,163,1
2026-06-08,601318,11:03:24,53.6000,9,2
2026-06-08,601318,11:03:27,53.6000,20,2
2026-06-08,601318,11:03:30,53.6000,26,2
2026-06-08,601318,11:03:33,53.6100,47,1
2026-06-08,601318,11:03:36,53.6000,51,2
2026-06-08,601318,11:03:39,53.6000,117,2
2026-06-08,601318,11:03:42,53.6100,82,4
2026-06-08,601318,11:03:45,53.6000,1280,2
2026-06-08,601318,11:03:48,53.6000,53,1
2026-06-08,601318,11:03:51,53.5900,26,1
2026-06-08,601318,11:03:54,53.5900,5,2
2026-06-08,601318,11:03:57,53.5900,6,2
2026-06-08,601318,11:04:00,53.5900,71,2
2026-06-08,601318,11:04:03,53.5900,116,2
2026-06-08,601318,11:04:06,53.5900,115,2
2026-06-08,601318,11:04:09,53.5900,70,1
2026-06-08,601318,11:04:12,53.5900,85,1
2026-06-08,601318,11:04:15,53.6000,49,1
2026-06-08,601318,11:04:18,53.5900,60,2
2026-06-08,601318,11:04:21,53.5900,74,2
2026-06-08,601318,11:04:24,53.6000,150,1
2026-06-08,601318,11:04:27,53.6000,146,1
2026-06-08,601318,11:04:30,53.6000,50,1
2026-06-08,601318,11:04:33,53.5900,75,2
2026-06-08,601318,11:04:36,53.5900,59,2
2026-06-08,601318,11:04:39,53.6000,92,1
2026-06-08,601318,11:04:42,53.6000,20,1
2026-06-08,601318,11:04:45,53.5900,156,2
2026-06-08,601318,11:04:48,53.6000,57,1
2026-06-08,601318,11:04:51,53.5900,8,2
2026-06-08,601318,11:04:54,53.6000,1,1
2026-06-08,601318,11:04:57,53.6000,55,1
2026-06-08,601318,11:05:00,53.5900,86,2
2026-06-08,601318,11:05:03,53.5900,400,2
2026-06-08,601318,11:05:06,53.6000,131,1
2026-06-08,601318,11:05:09,53.5800,87,2
2026-06-08,601318,11:05:12,53.5800,14,2
2026-06-08,601318,11:05:15,53.5800,157,2
2026-06-08,601318,11:05:18,53.5900,199,1
2026-06-08,601318,11:05:21,53.6000,678,1
2026-06-08,601318,11:05:24,53.6000,141,1
2026-06-08,601318,11:05:27,53.6100,661,1
2026-06-08,601318,11:05:30,53.6000,197,2
2026-06-08,601318,11:05:33,53.6100,19,1
2026-06-08,601318,11:05:36,53.6000,112,2
2026-06-08,601318,11:05:39,53.6000,63,2
2026-06-08,601318,11:05:42,53.6000,83,2
2026-06-08,601318,11:05:45,53.6000,76,2
2026-06-08,601318,11:05:48,53.6000,124,2
2026-06-08,601318,11:05:51,53.6000,2,1
2026-06-08,601318,11:05:54,53.6000,658,1
2026-06-08,601318,11:05:57,53.5900,71,2
2026-06-08,601318,11:06:00,53.5900,58,2
2026-06-08,601318,11:06:03,53.6100,539,1
2026-06-08,601318,11:06:06,53.6000,196,2
2026-06-08,601318,11:06:09,53.6100,154,1
2026-06-08,601318,11:06:12,53.6100,96,1
2026-06-08,601318,11:06:15,53.6100,119,1
2026-06-08,601318,11:06:18,53.6100,116,1
2026-06-08,601318,11:06:21,53.6100,22,1
2026-06-08,601318,11:06:24,53.6000,101,2
2026-06-08,601318,11:06:27,53.6000,47,2
2026-06-08,601318,11:06:30,53.5900,770,2
2026-06-08,601318,11:06:33,53.5900,84,2
2026-06-08,601318,11:06:36,53.5900,48,1
2026-06-08,601318,11:06:39,53.5900,131,1
2026-06-08,601318,11:06:42,53.5900,29,1
2026-06-08,601318,11:06:45,53.6000,118,1
2026-06-08,601318,11:06:48,53.5900,37,2
2026-06-08,601318,11:06:51,53.5900,3,2
2026-06-08,601318,11:06:54,53.6000,43,1
2026-06-08,601318,11:06:57,53.5900,181,2
2026-06-08,601318,11:07:00,53.6000,73,1
2026-06-08,601318,11:07:03,53.5900,43,1
2026-06-08,601318,11:07:06,53.5800,21,2
2026-06-08,601318,11:07:09,53.5900,48,1
2026-06-08,601318,11:07:12,53.5900,59,1
2026-06-08,601318,11:07:15,53.5800,79,2
2026-06-08,601318,11:07:18,53.5800,43,2
2026-06-08,601318,11:07:21,53.5800,12,2
2026-06-08,601318,11:07:24,53.5700,444,2
2026-06-08,601318,11:07:27,53.5700,72,2
2026-06-08,601318,11:07:30,53.5300,1726,2
2026-06-08,601318,11:07:33,53.5400,61,2
2026-06-08,601318,11:07:36,53.5400,62,1
2026-06-08,601318,11:07:39,53.5300,23,2
2026-06-08,601318,11:07:42,53.5300,89,2
2026-06-08,601318,11:07:45,53.5300,34,2
2026-06-08,601318,11:07:48,53.5100,124,2
2026-06-08,601318,11:07:51,53.5100,216,2
2026-06-08,601318,11:07:54,53.5100,20,1
2026-06-08,601318,11:07:57,53.5000,233,2
2026-06-08,601318,11:08:00,53.4900,47,2
2026-06-08,601318,11:08:03,53.4900,379,2
2026-06-08,601318,11:08:06,53.4900,95,2
2026-06-08,601318,11:08:09,53.5100,274,1
2026-06-08,601318,11:08:12,53.5000,51,2
2026-06-08,601318,11:08:15,53.5100,38,1
2026-06-08,601318,11:08:18,53.5000,72,2
2026-06-08,601318,11:08:21,53.5200,43,1
2026-06-08,601318,11:08:24,53.5200,205,1
2026-06-08,601318,11:08:27,53.5100,10,1
2026-06-08,601318,11:08:30,53.5100,11,2
2026-06-08,601318,11:08:33,53.5100,80,2
2026-06-08,601318,11:08:36,53.5100,106,2
2026-06-08,601318,11:08:39,53.5100,115,1
2026-06-08,601318,11:08:42,53.5100,30,1
2026-06-08,601318,11:08:45,53.5100,25,1
2026-06-08,601318,11:08:48,53.5000,29,2
2026-06-08,601318,11:08:51,53.5100,92,1
2026-06-08,601318,11:08:54,53.5100,133,1
2026-06-08,601318,11:08:57,53.5000,14,2
2026-06-08,601318,11:09:00,53.5100,10,1
2026-06-08,601318,11:09:03,53.5300,236,1
2026-06-08,601318,11:09:06,53.5300,129,1
2026-06-08,601318,11:09:09,53.5600,598,1
2026-06-08,601318,11:09:12,53.5700,9,4
2026-06-08,601318,11:09:15,53.5600,4,2
2026-06-08,601318,11:09:18,53.5600,27,2
2026-06-08,601318,11:09:21,53.5700,17,4
2026-06-08,601318,11:09:24,53.5700,15,4
2026-06-08,601318,11:09:27,53.5700,10,1
2026-06-08,601318,11:09:30,53.5800,14,1
2026-06-08,601318,11:09:33,53.5700,42,2
2026-06-08,601318,11:09:36,53.5800,7,1
2026-06-08,601318,11:09:39,53.5800,216,1
2026-06-08,601318,11:09:42,53.5700,12,2
2026-06-08,601318,11:09:45,53.5700,9,2
2026-06-08,601318,11:09:48,53.5700,247,2
2026-06-08,601318,11:09:51,53.5800,74,1
2026-06-08,601318,11:09:54,53.5700,53,2
2026-06-08,601318,11:09:57,53.5700,178,2
2026-06-08,601318,11:10:00,53.5600,31,2
2026-06-08,601318,11:10:03,53.5600,17,2
2026-06-08,601318,11:10:06,53.5600,11,2
2026-06-08,601318,11:10:09,53.5600,60,2
2026-06-08,601318,11:10:12,53.5700,70,1
2026-06-08,601318,11:10:15,53.5600,187,2
2026-06-08,601318,11:10:18,53.5600,15,2
2026-06-08,601318,11:10:21,53.5600,92,2
2026-06-08,601318,11:10:24,53.5700,17,1
2026-06-08,601318,11:10:27,53.5700,84,1
2026-06-08,601318,11:10:30,53.5700,110,1
2026-06-08,601318,11:10:33,53.5700,997,1
2026-06-08,601318,11:10:36,53.6000,480,1
2026-06-08,601318,11:10:39,53.6000,32,1
2026-06-08,601318,11:10:42,53.6000,74,1
2026-06-08,601318,11:10:45,53.5900,65,2
2026-06-08,601318,11:10:48,53.6000,42,1
2026-06-08,601318,11:10:51,53.6000,66,1
2026-06-08,601318,11:10:54,53.6000,191,1
2026-06-08,601318,11:10:57,53.6000,99,1
2026-06-08,601318,11:11:00,53.6000,74,1
2026-06-08,601318,11:11:03,53.5900,79,2
2026-06-08,601318,11:11:06,53.6000,75,1
2026-06-08,601318,11:11:09,53.6000,137,1
2026-06-08,601318,11:11:12,53.5900,55,2
2026-06-08,601318,11:11:15,53.6000,97,1
2026-06-08,601318,11:11:18,53.6000,83,1
2026-06-08,601318,11:11:21,53.5900,53,2
2026-06-08,601318,11:11:24,53.6000,57,1
2026-06-08,601318,11:11:27,53.5900,19,2
2026-06-08,601318,11:11:30,53.6000,93,1
2026-06-08,601318,11:11:33,53.6000,54,1
2026-06-08,601318,11:11:36,53.5900,66,2
2026-06-08,601318,11:11:39,53.5900,42,2
2026-06-08,601318,11:11:42,53.5900,19,2
2026-06-08,601318,11:11:45,53.6000,11,1
2026-06-08,601318,11:11:48,53.6000,44,1
2026-06-08,601318,11:11:51,53.6000,27,1
2026-06-08,601318,11:11:54,53.6000,144,1
2026-06-08,601318,11:11:57,53.6000,29,1
2026-06-08,601318,11:12:00,53.6000,21,1
2026-06-08,601318,11:12:03,53.5900,36,2
2026-06-08,601318,11:12:06,53.6000,82,1
2026-06-08,601318,11:12:09,53.5900,58,2
2026-06-08,601318,11:12:12,53.5600,466,2
2026-06-08,601318,11:12:15,53.5600,31,1
2026-06-08,601318,11:12:18,53.5600,15,1
2026-06-08,601318,11:12:21,53.5600,17,1
2026-06-08,601318,11:12:24,53.5500,10,2
2026-06-08,601318,11:12:27,53.5500,149,2
2026-06-08,601318,11:12:30,53.5500,7,1
2026-06-08,601318,11:12:33,53.5500,42,1
2026-06-08,601318,11:12:36,53.5400,114,2
2026-06-08,601318,11:12:39,53.5300,110,2
2026-06-08,601318,11:12:42,53.5300,64,1
2026-06-08,601318,11:12:45,53.5200,32,2
2026-06-08,601318,11:12:48,53.5100,31,2
2026-06-08,601318,11:12:51,53.5200,19,1
2026-06-08,601318,11:12:54,53.5100,35,2
2026-06-08,601318,11:12:57,53.5100,7,2
2026-06-08,601318,11:13:00,53.5300,328,1
2026-06-08,601318,11:13:03,53.5500,131,1
2026-06-08,601318,11:13:06,53.5500,152,1
2026-06-08,601318,11:13:09,53.5500,8,2
2026-06-08,601318,11:13:15,53.5500,102,2
2026-06-08,601318,11:13:18,53.5600,112,1
2026-06-08,601318,11:13:21,53.5600,14,1
2026-06-08,601318,11:13:24,53.5500,44,1
2026-06-08,601318,11:13:27,53.5500,85,1
2026-06-08,601318,11:13:30,53.5600,549,1
2026-06-08,601318,11:13:33,53.5600,21,2
2026-06-08,601318,11:13:36,53.5600,212,2
2026-06-08,601318,11:13:39,53.5600,67,2
2026-06-08,601318,11:13:42,53.5700,19,4
2026-06-08,601318,11:13:45,53.5700,363,2
2026-06-08,601318,11:13:48,53.5800,9,1
2026-06-08,601318,11:13:51,53.5800,150,1
2026-06-08,601318,11:13:54,53.5800,72,1
2026-06-08,601318,11:13:57,53.5800,27,1
2026-06-08,601318,11:14:00,53.5800,156,1
2026-06-08,601318,11:14:03,53.5700,59,2
2026-06-08,601318,11:14:06,53.5600,47,2
2026-06-08,601318,11:14:09,53.5600,27,2
2026-06-08,601318,11:14:12,53.5700,22,1
2026-06-08,601318,11:14:15,53.6000,1628,1
2026-06-08,601318,11:14:18,53.6000,66,1
2026-06-08,601318,11:14:21,53.6000,76,1
2026-06-08,601318,11:14:24,53.6000,70,1
2026-06-08,601318,11:14:27,53.6000,49,1
2026-06-08,601318,11:14:30,53.6000,10,1
2026-06-08,601318,11:14:33,53.5900,121,2
2026-06-08,601318,11:14:36,53.6000,74,1
2026-06-08,601318,11:14:39,53.6000,38,1
2026-06-08,601318,11:14:42,53.6000,147,1
2026-06-08,601318,11:14:45,53.5900,15,2
2026-06-08,601318,11:14:48,53.6000,75,1
2026-06-08,601318,11:14:51,53.6000,385,1
2026-06-08,601318,11:14:54,53.6300,796,1
2026-06-08,601318,11:14:57,53.6000,65,2
2026-06-08,601318,11:15:00,53.6200,87,1
2026-06-08,601318,11:15:03,53.6200,81,1
2026-06-08,601318,11:15:06,53.6300,262,1
2026-06-08,601318,11:15:09,53.6500,307,1
2026-06-08,601318,11:15:12,53.6500,151,1
2026-06-08,601318,11:15:15,53.6500,61,1
2026-06-08,601318,11:15:18,53.6400,43,4
2026-06-08,601318,11:15:21,53.6400,57,2
2026-06-08,601318,11:15:24,53.6500,61,1
2026-06-08,601318,11:15:27,53.6400,61,2
2026-06-08,601318,11:15:30,53.6400,38,2
2026-06-08,601318,11:15:33,53.6400,224,2
2026-06-08,601318,11:15:36,53.6400,38,1
2026-06-08,601318,11:15:39,53.6300,69,2
2026-06-08,601318,11:15:42,53.6200,136,2
2026-06-08,601318,11:15:45,53.6100,26,1
2026-06-08,601318,11:15:48,53.6100,39,1
2026-06-08,601318,11:15:51,53.6100,34,1
2026-06-08,601318,11:15:54,53.6100,167,1
2026-06-08,601318,11:15:57,53.6300,443,1
2026-06-08,601318,11:16:00,53.6300,69,1
2026-06-08,601318,11:16:03,53.6200,36,2
2026-06-08,601318,11:16:06,53.6200,69,2
2026-06-08,601318,11:16:09,53.6300,111,1
2026-06-08,601318,11:16:12,53.6300,35,2
2026-06-08,601318,11:16:15,53.6400,16,1
2026-06-08,601318,11:16:18,53.6400,88,1
2026-06-08,601318,11:16:21,53.6500,127,1
2026-06-08,601318,11:16:24,53.6400,417,2
2026-06-08,601318,11:16:27,53.6400,9,4
2026-06-08,601318,11:16:30,53.6400,46,2
2026-06-08,601318,11:16:33,53.6400,95,2
2026-06-08,601318,11:16:36,53.6400,227,1
2026-06-08,601318,11:16:39,53.6400,124,1
2026-06-08,601318,11:16:42,53.6400,99,2
2026-06-08,601318,11:16:45,53.6400,87,2
2026-06-08,601318,11:16:48,53.6500,57,1
2026-06-08,601318,11:16:51,53.6400,48,2
2026-06-08,601318,11:16:54,53.6500,158,1
2026-06-08,601318,11:16:57,53.6500,13,1
2026-06-08,601318,11:17:00,53.6400,16,2
2026-06-08,601318,11:17:03,53.6400,196,2
2026-06-08,601318,11:17:06,53.6300,63,2
2026-06-08,601318,11:17:09,53.6300,84,2
2026-06-08,601318,11:17:12,53.6200,142,2
2026-06-08,601318,11:17:15,53.6100,292,2
2026-06-08,601318,11:17:18,53.6100,100,2
2026-06-08,601318,11:17:21,53.6000,67,2
2026-06-08,601318,11:17:24,53.6100,69,1
2026-06-08,601318,11:17:27,53.6100,11,2
2026-06-08,601318,11:17:30,53.6100,8,2
2026-06-08,601318,11:17:33,53.6100,69,2
2026-06-08,601318,11:17:36,53.6100,55,2
2026-06-08,601318,11:17:39,53.6100,45,2
2026-06-08,601318,11:17:42,53.6100,27,2
2026-06-08,601318,11:17:45,53.6100,15,2
2026-06-08,601318,11:17:48,53.6100,57,2
2026-06-08,601318,11:17:51,53.6100,42,2
2026-06-08,601318,11:17:54,53.6200,43,1
2026-06-08,601318,11:17:57,53.6100,24,2
2026-06-08,601318,11:18:00,53.6100,241,2
2026-06-08,601318,11:18:03,53.6100,109,1
2026-06-08,601318,11:18:06,53.6000,123,2
2026-06-08,601318,11:18:09,53.6000,36,2
2026-06-08,601318,11:18:12,53.6000,27,2
2026-06-08,601318,11:18:15,53.6000,84,2
2026-06-08,601318,11:18:18,53.6000,39,2
2026-06-08,601318,11:18:21,53.6000,12,2
2026-06-08,601318,11:18:24,53.6100,18,1
2026-06-08,601318,11:18:27,53.6100,40,1
2026-06-08,601318,11:18:30,53.6000,100,2
2026-06-08,601318,11:18:33,53.6000,67,2
2026-06-08,601318,11:18:36,53.6100,60,1
2026-06-08,601318,11:18:39,53.6000,82,2
2026-06-08,601318,11:18:42,53.6000,190,2
2026-06-08,601318,11:18:45,53.6000,55,1
2026-06-08,601318,11:18:48,53.6000,57,2
2026-06-08,601318,11:18:51,53.5800,162,2
2026-06-08,601318,11:18:54,53.5600,65,2
2026-06-08,601318,11:18:57,53.5500,131,2
2026-06-08,601318,11:19:00,53.5500,66,1
2026-06-08,601318,11:19:03,53.5300,19,2
2026-06-08,601318,11:19:06,53.5500,179,1
2026-06-08,601318,11:19:09,53.5500,118,1
2026-06-08,601318,11:19:12,53.5500,26,1
2026-06-08,601318,11:19:15,53.5500,135,2
2026-06-08,601318,11:19:18,53.5500,34,2
2026-06-08,601318,11:19:21,53.5500,25,2
2026-06-08,601318,11:19:24,53.5500,5,2
2026-06-08,601318,11:19:27,53.5500,24,2
2026-06-08,601318,11:19:30,53.5600,141,1
2026-06-08,601318,11:19:33,53.5800,69,1
2026-06-08,601318,11:19:36,53.5700,55,1
2026-06-08,601318,11:19:39,53.5700,59,2
2026-06-08,601318,11:19:42,53.5700,40,2
2026-06-08,601318,11:19:45,53.5700,3,2
2026-06-08,601318,11:19:48,53.5700,68,2
2026-06-08,601318,11:19:51,53.5800,240,1
2026-06-08,601318,11:19:54,53.5700,56,2
2026-06-08,601318,11:19:57,53.5700,67,2
2026-06-08,601318,11:20:00,53.5300,261,2
2026-06-08,601318,11:20:03,53.5100,114,2
2026-06-08,601318,11:20:06,53.5100,48,2
2026-06-08,601318,11:20:09,53.5000,191,2
2026-06-08,601318,11:20:12,53.5000,39,1
2026-06-08,601318,11:20:15,53.4900,21,2
2026-06-08,601318,11:20:18,53.4900,206,2
2026-06-08,601318,11:20:21,53.4900,73,2
2026-06-08,601318,11:20:24,53.4900,48,2
2026-06-08,601318,11:20:27,53.4900,26,2
2026-06-08,601318,11:20:30,53.4900,71,2
2026-06-08,601318,11:20:33,53.4900,7,2
2026-06-08,601318,11:20:36,53.5000,58,1
