date,code,time,price,volume,bs
2026-03-27,600036,14:05:07,39.4700,348,1
2026-03-27,600036,14:05:10,39.4600,11,2
2026-03-27,600036,14:05:13,39.4700,180,1
2026-03-27,600036,14:05:16,39.4500,60,2
2026-03-27,600036,14:05:19,39.4500,16,2
2026-03-27,600036,14:05:22,39.4400,112,2
2026-03-27,600036,14:05:25,39.4500,98,1
2026-03-27,600036,14:05:28,39.4500,247,1
2026-03-27,600036,14:05:31,39.4400,39,2
2026-03-27,600036,14:05:34,39.4300,20,2
2026-03-27,600036,14:05:37,39.4200,47,2
2026-03-27,600036,14:05:40,39.4400,43,1
2026-03-27,600036,14:05:43,39.4300,5,4
2026-03-27,600036,14:05:46,39.4300,11,2
2026-03-27,600036,14:05:49,39.4300,90,2
2026-03-27,600036,14:05:52,39.4300,32,1
2026-03-27,600036,14:05:55,39.4400,7,1
2026-03-27,600036,14:06:01,39.4300,43,4
2026-03-27,600036,14:06:04,39.4400,161,1
2026-03-27,600036,14:06:07,39.4300,41,2
2026-03-27,600036,14:06:10,39.4300,36,2
2026-03-27,600036,14:06:13,39.4200,76,2
2026-03-27,600036,14:06:16,39.4200,19,2
2026-03-27,600036,14:06:19,39.4300,273,1
2026-03-27,600036,14:06:22,39.4200,34,2
2026-03-27,600036,14:06:25,39.4400,61,1
2026-03-27,600036,14:06:28,39.4400,23,1
2026-03-27,600036,14:06:31,39.4300,46,2
2026-03-27,600036,14:06:34,39.4300,12,2
2026-03-27,600036,14:06:37,39.4300,44,2
2026-03-27,600036,14:06:40,39.4300,14,2
2026-03-27,600036,14:06:43,39.4400,29,1
2026-03-27,600036,14:06:46,39.4300,19,2
2026-03-27,600036,14:06:49,39.4300,3,2
2026-03-27,600036,14:06:52,39.4400,14,1
2026-03-27,600036,14:06:58,39.4300,21,2
2026-03-27,600036,14:07:01,39.4400,64,1
2026-03-27,600036,14:07:04,39.4300,12,2
2026-03-27,600036,14:07:07,39.4400,20,1
2026-03-27,600036,14:07:13,39.4300,2,2
2026-03-27,600036,14:07:16,39.4300,6,2
2026-03-27,600036,14:07:19,39.4400,7,1
2026-03-27,600036,14:07:22,39.4300,30,2
2026-03-27,600036,14:07:25,39.4300,30,2
2026-03-27,600036,14:07:28,39.4300,16,2
2026-03-27,600036,14:07:31,39.4400,2,1
2026-03-27,600036,14:07:34,39.4300,27,2
2026-03-27,600036,14:07:37,39.4400,1,1
2026-03-27,600036,14:07:40,39.4300,4,2
2026-03-27,600036,14:07:43,39.4300,42,2
2026-03-27,600036,14:07:46,39.4300,10,2
2026-03-27,600036,14:07:49,39.4400,24,1
2026-03-27,600036,14:07:52,39.4400,2,1
2026-03-27,600036,14:07:55,39.4400,3,1
2026-03-27,600036,14:07:58,39.4400,16,1
2026-03-27,600036,14:08:01,39.4300,8,2
2026-03-27,600036,14:08:04,39.4300,37,2
2026-03-27,600036,14:08:07,39.4300,265,2
2026-03-27,600036,14:08:10,39.4400,37,1
2026-03-27,600036,14:08:13,39.4400,4,1
2026-03-27,600036,14:08:16,39.4300,19,2
2026-03-27,600036,14:08:19,39.4300,61,2
2026-03-27,600036,14:08:22,39.4300,42,1
2026-03-27,600036,14:08:25,39.4300,78,2
2026-03-27,600036,14:08:28,39.4400,321,1
2026-03-27,600036,14:08:31,39.4200,81,2
2026-03-27,600036,14:08:34,39.4200,2,4
2026-03-27,600036,14:08:37,39.4300,67,1
2026-03-27,600036,14:08:40,39.4200,25,2
2026-03-27,600036,14:08:43,39.4200,29,2
2026-03-27,600036,14:08:46,39.4300,27,1
2026-03-27,600036,14:08:49,39.4200,70,2
2026-03-27,600036,14:08:52,39.4200,107,2
2026-03-27,600036,14:08:55,39.4300,41,1
2026-03-27,600036,14:08:58,39.4200,89,2
2026-03-27,600036,14:09:01,39.4200,53,4
2026-03-27,600036,14:09:04,39.4200,37,1
2026-03-27,600036,14:09:07,39.4200,26,1
2026-03-27,600036,14:09:10,39.4200,23,1
2026-03-27,600036,14:09:13,39.4100,4,2
2026-03-27,600036,14:09:16,39.4100,9,2
2026-03-27,600036,14:09:19,39.4200,3,1
2026-03-27,600036,14:09:22,39.4200,2,1
2026-03-27,600036,14:09:25,39.4200,20,1
2026-03-27,600036,14:09:28,39.4200,30,1
2026-03-27,600036,14:09:31,39.4100,10,2
2026-03-27,600036,14:09:34,39.4200,26,1
2026-03-27,600036,14:09:37,39.4000,97,2
2026-03-27,600036,14:09:40,39.4000,9,2
2026-03-27,600036,14:09:43,39.4100,166,1
2026-03-27,600036,14:09:46,39.4100,29,2
2026-03-27,600036,14:09:49,39.4400,414,1
2026-03-27,600036,14:09:52,39.4200,38,2
2026-03-27,600036,14:09:55,39.4400,19,1
2026-03-27,600036,14:09:58,39.4300,192,2
2026-03-27,600036,14:10:01,39.4300,34,2
2026-03-27,600036,14:10:04,39.4200,104,2
2026-03-27,600036,14:10:07,39.4300,87,1
2026-03-27,600036,14:10:10,39.4300,15,1
2026-03-27,600036,14:10:13,39.4300,18,1
2026-03-27,600036,14:10:16,39.4400,125,1
2026-03-27,600036,14:10:19,39.4300,34,2
2026-03-27,600036,14:10:22,39.4200,75,2
2026-03-27,600036,14:10:25,39.4300,41,2
2026-03-27,600036,14:10:28,39.4400,23,1
2026-03-27,600036,14:10:31,39.4200,17,2
2026-03-27,600036,14:10:34,39.4200,46,2
2026-03-27,600036,14:10:37,39.4200,52,2
2026-03-27,600036,14:10:40,39.4400,1,1
2026-03-27,600036,14:10:43,39.4300,21,1
2026-03-27,600036,14:10:46,39.4300,3,1
2026-03-27,600036,14:10:49,39.4200,108,2
2026-03-27,600036,14:10:52,39.4400,128,1
2026-03-27,600036,14:10:55,39.4400,2,4
2026-03-27,600036,14:10:58,39.4400,67,1
2026-03-27,600036,14:11:01,39.4300,18,2
2026-03-27,600036,14:11:04,39.4400,149,1
2026-03-27,600036,14:11:07,39.4200,47,2
2026-03-27,600036,14:11:10,39.4200,138,2
2026-03-27,600036,14:11:13,39.4200,42,1
2026-03-27,600036,14:11:16,39.4200,66,1
2026-03-27,600036,14:11:19,39.4000,236,2
2026-03-27,600036,14:11:22,39.4200,177,1
2026-03-27,600036,14:11:25,39.4200,67,1
2026-03-27,600036,14:11:28,39.4200,3,1
2026-03-27,600036,14:11:31,39.4200,5,1
2026-03-27,600036,14:11:34,39.4200,54,1
2026-03-27,600036,14:11:37,39.4200,81,1
2026-03-27,600036,14:11:40,39.4100,49,2
2026-03-27,600036,14:11:43,39.4100,28,2
2026-03-27,600036,14:11:46,39.4100,20,2
2026-03-27,600036,14:11:49,39.4100,13,2
2026-03-27,600036,14:11:52,39.4100,48,2
2026-03-27,600036,14:11:55,39.4100,27,2
2026-03-27,600036,14:11:58,39.4200,213,1
2026-03-27,600036,14:12:01,39.4200,154,2
2026-03-27,600036,14:12:04,39.4300,21,1
2026-03-27,600036,14:12:07,39.4400,190,1
2026-03-27,600036,14:12:10,39.4300,13,4
2026-03-27,600036,14:12:13,39.4400,186,1
2026-03-27,600036,14:12:16,39.4300,6,1
2026-03-27,600036,14:12:19,39.4400,415,4
2026-03-27,600036,14:12:22,39.4600,113,1
2026-03-27,600036,14:12:25,39.4400,178,2
2026-03-27,600036,14:12:28,39.4400,8,2
2026-03-27,600036,14:12:31,39.4400,54,2
2026-03-27,600036,14:12:34,39.4500,33,1
2026-03-27,600036,14:12:37,39.4400,25,2
2026-03-27,600036,14:12:40,39.4400,52,2
2026-03-27,600036,14:12:43,39.4300,161,2
2026-03-27,600036,14:12:46,39.4300,30,2
2026-03-27,600036,14:12:49,39.4300,3,2
2026-03-27,600036,14:12:52,39.4400,1,1
2026-03-27,600036,14:12:55,39.4400,2,1
2026-03-27,600036,14:13:01,39.4400,12,1
2026-03-27,600036,14:13:07,39.4400,101,1
2026-03-27,600036,14:13:10,39.4400,13,2
2026-03-27,600036,14:13:13,39.4500,24,1
2026-03-27,600036,14:13:16,39.4400,2,2
2026-03-27,600036,14:13:19,39.4400,19,2
2026-03-27,600036,14:13:22,39.4400,2,2
2026-03-27,600036,14:13:25,39.4400,255,2
2026-03-27,600036,14:13:28,39.4400,26,2
2026-03-27,600036,14:13:31,39.4400,55,1
2026-03-27,600036,14:13:34,39.4400,35,1
2026-03-27,600036,14:13:37,39.4400,391,1
2026-03-27,600036,14:13:40,39.4300,56,2
2026-03-27,600036,14:13:43,39.4500,6,1
2026-03-27,600036,14:13:49,39.4500,2,1
2026-03-27,600036,14:13:52,39.4500,2,1
2026-03-27,600036,14:13:55,39.4400,19,2
2026-03-27,600036,14:13:58,39.4500,30,1
2026-03-27,600036,14:14:01,39.4400,41,2
2026-03-27,600036,14:14:04,39.4400,36,1
2026-03-27,600036,14:14:07,39.4400,3,1
2026-03-27,600036,14:14:10,39.4300,75,2
2026-03-27,600036,14:14:13,39.4400,30,4
2026-03-27,600036,14:14:16,39.4600,215,1
2026-03-27,600036,14:14:19,39.4400,15,2
2026-03-27,600036,14:14:22,39.4600,12,1
2026-03-27,600036,14:14:25,39.4400,210,2
2026-03-27,600036,14:14:28,39.4500,40,1
2026-03-27,600036,14:14:31,39.4500,39,2
2026-03-27,600036,14:14:34,39.4500,26,1
2026-03-27,600036,14:14:37,39.4300,26,2
2026-03-27,600036,14:14:40,39.4300,5,2
2026-03-27,600036,14:14:43,39.4400,57,1
2026-03-27,600036,14:14:46,39.4300,56,2
2026-03-27,600036,14:14:49,39.4400,75,1
2026-03-27,600036,14:14:52,39.4500,36,1
2026-03-27,600036,14:14:55,39.4400,32,1
2026-03-27,600036,14:14:58,39.4500,156,4
2026-03-27,600036,14:15:01,39.4500,38,4
2026-03-27,600036,14:15:04,39.4400,7,2
2026-03-27,600036,14:15:07,39.4500,28,1
2026-03-27,600036,14:15:10,39.4400,176,2
2026-03-27,600036,14:15:13,39.4500,19,4
2026-03-27,600036,14:15:16,39.4500,15,1
2026-03-27,600036,14:15:19,39.4400,34,2
2026-03-27,600036,14:15:22,39.4400,22,1
2026-03-27,600036,14:15:25,39.4400,7,1
2026-03-27,600036,14:15:31,39.4200,44,2
2026-03-27,600036,14:15:34,39.4200,165,2
2026-03-27,600036,14:15:37,39.4400,57,4
2026-03-27,600036,14:15:40,39.4300,32,2
2026-03-27,600036,14:15:43,39.4400,60,1
2026-03-27,600036,14:15:46,39.4200,24,2
2026-03-27,600036,14:15:49,39.4200,28,2
2026-03-27,600036,14:15:52,39.4300,12,1
2026-03-27,600036,14:15:55,39.4500,185,1
2026-03-27,600036,14:15:58,39.4400,144,4
2026-03-27,600036,14:16:01,39.4200,39,2
2026-03-27,600036,14:16:04,39.4200,63,2
2026-03-27,600036,14:16:07,39.4300,7,2
2026-03-27,600036,14:16:10,39.4000,398,2
2026-03-27,600036,14:16:13,39.4200,47,1
2026-03-27,600036,14:16:19,39.4300,87,1
2026-03-27,600036,14:16:22,39.4100,177,2
2026-03-27,600036,14:16:25,39.4300,73,1
2026-03-27,600036,14:16:28,39.4300,5,1
2026-03-27,600036,14:16:31,39.4400,17,1
2026-03-27,600036,14:16:34,39.4200,333,2
2026-03-27,600036,14:16:37,39.4200,122,2
2026-03-27,600036,14:16:40,39.4400,1,1
2026-03-27,600036,14:16:43,39.4300,21,1
2026-03-27,600036,14:16:46,39.4300,2,2
2026-03-27,600036,14:16:52,39.4400,11,1
2026-03-27,600036,14:17:01,39.4300,73,2
2026-03-27,600036,14:17:04,39.4400,10,1
2026-03-27,600036,14:17:07,39.4400,58,1
2026-03-27,600036,14:17:10,39.4400,26,1
2026-03-27,600036,14:17:13,39.4500,44,1
2026-03-27,600036,14:17:16,39.4300,190,2
2026-03-27,600036,14:17:19,39.4300,8,4
2026-03-27,600036,14:17:22,39.4200,69,2
2026-03-27,600036,14:17:25,39.4400,123,1
2026-03-27,600036,14:17:28,39.4200,20,2
2026-03-27,600036,14:17:31,39.4300,34,1
2026-03-27,600036,14:17:34,39.4300,2,1
2026-03-27,600036,14:17:37,39.4400,1,1
2026-03-27,600036,14:17:40,39.4300,41,2
2026-03-27,600036,14:17:43,39.4400,3,1
2026-03-27,600036,14:17:46,39.4200,555,2
2026-03-27,600036,14:17:49,39.4200,95,2
2026-03-27,600036,14:17:52,39.4300,70,1
2026-03-27,600036,14:17:55,39.4400,254,1
2026-03-27,600036,14:17:58,39.4200,61,2
2026-03-27,600036,14:18:01,39.4300,41,1
2026-03-27,600036,14:18:04,39.4300,15,2
2026-03-27,600036,14:18:07,39.4200,38,2
2026-03-27,600036,14:18:10,39.4300,10,1
2026-03-27,600036,14:18:16,39.4300,22,1
2026-03-27,600036,14:18:19,39.4400,422,1
2026-03-27,600036,14:18:22,39.4400,10,2
2026-03-27,600036,14:18:25,39.4500,34,1
2026-03-27,600036,14:18:28,39.4500,2,1
2026-03-27,600036,14:18:31,39.4400,1,2
2026-03-27,600036,14:18:34,39.4500,15,1
2026-03-27,600036,14:18:37,39.4500,10,1
2026-03-27,600036,14:18:40,39.4400,29,2
2026-03-27,600036,14:18:46,39.4500,47,1
2026-03-27,600036,14:18:49,39.4400,12,2
2026-03-27,600036,14:18:52,39.4400,79,2
2026-03-27,600036,14:18:55,39.4400,2,2
2026-03-27,600036,14:18:58,39.4400,3,2
2026-03-27,600036,14:19:01,39.4400,18,2
2026-03-27,600036,14:19:04,39.4400,105,2
2026-03-27,600036,14:19:07,39.4300,23,2
2026-03-27,600036,14:19:10,39.4300,192,2
2026-03-27,600036,14:19:13,39.4300,220,2
2026-03-27,600036,14:19:16,39.4300,11,1
2026-03-27,600036,14:19:19,39.4200,57,2
2026-03-27,600036,14:19:22,39.4200,19,1
2026-03-27,600036,14:19:25,39.4300,5,1
2026-03-27,600036,14:19:28,39.4200,29,2
2026-03-27,600036,14:19:31,39.4200,79,1
2026-03-27,600036,14:19:34,39.4300,56,1
2026-03-27,600036,14:19:37,39.4200,18,2
2026-03-27,600036,14:19:40,39.4300,1,1
2026-03-27,600036,14:19:43,39.4300,16,1
2026-03-27,600036,14:19:46,39.4100,219,2
2026-03-27,600036,14:19:49,39.4200,30,2
2026-03-27,600036,14:19:52,39.4300,1,1
2026-03-27,600036,14:19:55,39.4200,4,2
2026-03-27,600036,14:19:58,39.4200,21,2
2026-03-27,600036,14:20:01,39.4200,18,2
2026-03-27,600036,14:20:04,39.4200,16,2
2026-03-27,600036,14:20:07,39.4300,3,1
2026-03-27,600036,14:20:10,39.4300,77,1
2026-03-27,600036,14:20:13,39.4200,1,2
2026-03-27,600036,14:20:16,39.4300,13,1
2026-03-27,600036,14:20:19,39.4200,8,2
2026-03-27,600036,14:20:22,39.4200,275,2
2026-03-27,600036,14:20:25,39.4300,53,1
2026-03-27,600036,14:20:28,39.4300,1,1
2026-03-27,600036,14:20:31,39.4300,21,1
2026-03-27,600036,14:20:34,39.4200,12,2
2026-03-27,600036,14:20:37,39.4200,3,2
2026-03-27,600036,14:20:40,39.4200,8,2
2026-03-27,600036,14:20:43,39.4300,25,1
2026-03-27,600036,14:20:46,39.4300,130,1
2026-03-27,600036,14:20:49,39.4200,54,2
2026-03-27,600036,14:20:52,39.4200,46,2
2026-03-27,600036,14:20:55,39.4300,173,1
2026-03-27,600036,14:20:58,39.4200,13,2
2026-03-27,600036,14:21:01,39.4300,20,1
2026-03-27,600036,14:21:04,39.4200,9,2
2026-03-27,600036,14:21:07,39.4200,11,2
2026-03-27,600036,14:21:10,39.4200,4,2
2026-03-27,600036,14:21:13,39.4200,48,2
2026-03-27,600036,14:21:16,39.4200,8,2
2026-03-27,600036,14:21:19,39.4200,2,2
2026-03-27,600036,14:21:22,39.4200,49,2
2026-03-27,600036,14:21:25,39.4200,52,2
2026-03-27,600036,14:21:28,39.4300,445,1
2026-03-27,600036,14:21:31,39.4300,177,1
2026-03-27,600036,14:21:34,39.4300,44,2
2026-03-27,600036,14:21:37,39.4300,39,1
2026-03-27,600036,14:21:40,39.4300,24,1
2026-03-27,600036,14:21:43,39.4300,7,1
2026-03-27,600036,14:21:46,39.4300,131,1
2026-03-27,600036,14:21:49,39.4300,19,1
2026-03-27,600036,14:21:52,39.4300,4,1
2026-03-27,600036,14:21:55,39.4300,23,1
2026-03-27,600036,14:21:58,39.4300,9,1
2026-03-27,600036,14:22:01,39.4200,180,2
2026-03-27,600036,14:22:04,39.4200,10,2
2026-03-27,600036,14:22:07,39.4200,19,1
2026-03-27,600036,14:22:10,39.4200,11,2
2026-03-27,600036,14:22:13,39.4200,53,2
2026-03-27,600036,14:22:16,39.4200,44,1
2026-03-27,600036,14:22:19,39.4300,4,1
2026-03-27,600036,14:22:22,39.4300,21,1
2026-03-27,600036,14:22:25,39.4300,38,1
2026-03-27,600036,14:22:28,39.4200,2,2
2026-03-27,600036,14:22:34,39.4200,204,2
2026-03-27,600036,14:22:37,39.4200,13,2
2026-03-27,600036,14:22:40,39.4300,23,1
2026-03-27,600036,14:22:43,39.4300,109,1
2026-03-27,600036,14:22:46,39.4200,67,2
2026-03-27,600036,14:22:49,39.4400,28,1
2026-03-27,600036,14:22:52,39.4300,20,4
2026-03-27,600036,14:22:58,39.4300,223,1
2026-03-27,600036,14:23:01,39.4300,19,2
2026-03-27,600036,14:23:04,39.4300,26,1
2026-03-27,600036,14:23:07,39.4400,184,1
2026-03-27,600036,14:23:10,39.4300,26,1
2026-03-27,600036,14:23:13,39.4300,26,1
2026-03-27,600036,14:23:16,39.4300,22,2
2026-03-27,600036,14:23:19,39.4300,62,2
2026-03-27,600036,14:23:22,39.4300,30,2
2026-03-27,600036,14:23:25,39.4300,65,2
2026-03-27,600036,14:23:28,39.4300,13,1
2026-03-27,600036,14:23:31,39.4300,52,1
2026-03-27,600036,14:23:34,39.4300,83,1
2026-03-27,600036,14:23:37,39.4300,238,1
2026-03-27,600036,14:23:40,39.4400,54,1
2026-03-27,600036,14:23:43,39.4200,11,2
2026-03-27,600036,14:23:46,39.4200,14,2
2026-03-27,600036,14:23:49,39.4200,7,2
2026-03-27,600036,14:23:52,39.4200,23,2
2026-03-27,600036,14:23:55,39.4300,1,1
2026-03-27,600036,14:23:58,39.4200,16,2
2026-03-27,600036,14:24:01,39.4300,3,1
2026-03-27,600036,14:24:04,39.4300,17,1
2026-03-27,600036,14:24:10,39.4000,189,2
2026-03-27,600036,14:24:13,39.4100,38,2
2026-03-27,600036,14:24:19,39.4200,13,1
2026-03-27,600036,14:24:22,39.4200,19,1
2026-03-27,600036,14:24:25,39.4200,17,1
2026-03-27,600036,14:24:31,39.4200,4,1
2026-03-27,600036,14:24:34,39.4200,13,1
2026-03-27,600036,14:24:37,39.4300,167,1
2026-03-27,600036,14:24:43,39.4300,190,1
2026-03-27,600036,14:24:46,39.4100,133,2
2026-03-27,600036,14:24:49,39.4100,126,1
2026-03-27,600036,14:24:52,39.4200,77,1
2026-03-27,600036,14:24:55,39.4300,23,1
2026-03-27,600036,14:24:58,39.4300,63,1
2026-03-27,600036,14:25:01,39.4100,27,2
2026-03-27,600036,14:25:04,39.4200,57,1
2026-03-27,600036,14:25:07,39.4200,19,1
2026-03-27,600036,14:25:10,39.4200,145,1
2026-03-27,600036,14:25:13,39.4200,91,1
2026-03-27,600036,14:25:16,39.4200,61,1
2026-03-27,600036,14:25:19,39.4300,107,1
2026-03-27,600036,14:25:22,39.4200,128,2
2026-03-27,600036,14:25:25,39.4200,23,1
2026-03-27,600036,14:25:28,39.4100,77,2
2026-03-27,600036,14:25:31,39.4200,76,1
2026-03-27,600036,14:25:34,39.4200,52,1
2026-03-27,600036,14:25:37,39.4200,93,1
2026-03-27,600036,14:25:40,39.4200,24,2
2026-03-27,600036,14:25:43,39.4200,4,2
2026-03-27,600036,14:25:46,39.4300,4,1
2026-03-27,600036,14:25:49,39.4200,26,2
2026-03-27,600036,14:25:52,39.4400,465,1
2026-03-27,600036,14:25:55,39.4200,4,2
2026-03-27,600036,14:25:58,39.4300,33,1
2026-03-27,600036,14:26:04,39.4300,2,1
2026-03-27,600036,14:26:07,39.4300,6,1
2026-03-27,600036,14:26:10,39.4200,1,2
2026-03-27,600036,14:26:13,39.4200,19,2
2026-03-27,600036,14:26:16,39.4200,36,2
2026-03-27,600036,14:26:19,39.4300,21,1
2026-03-27,600036,14:26:22,39.4400,129,1
2026-03-27,600036,14:26:25,39.4200,59,2
2026-03-27,600036,14:26:28,39.4200,4,2
2026-03-27,600036,14:26:31,39.4200,5,2
2026-03-27,600036,14:26:34,39.4300,23,1
2026-03-27,600036,14:26:37,39.4300,3,1
2026-03-27,600036,14:26:43,39.4200,8,2
2026-03-27,600036,14:26:46,39.4300,72,1
2026-03-27,600036,14:26:49,39.4300,10,1
2026-03-27,600036,14:26:52,39.4200,7,2
2026-03-27,600036,14:26:55,39.4300,12,1
2026-03-27,600036,14:26:58,39.4200,7,2
2026-03-27,600036,14:27:01,39.4200,6,2
2026-03-27,600036,14:27:04,39.4200,5,2
2026-03-27,600036,14:27:07,39.4300,63,1
2026-03-27,600036,14:27:10,39.4200,3,2
2026-03-27,600036,14:27:13,39.4300,26,1
2026-03-27,600036,14:27:16,39.4300,177,1
2026-03-27,600036,14:27:19,39.4300,16,1
2026-03-27,600036,14:27:22,39.4300,37,1
2026-03-27,600036,14:27:25,39.4300,24,1
2026-03-27,600036,14:27:28,39.4300,172,1
2026-03-27,600036,14:27:31,39.4300,25,1
2026-03-27,600036,14:27:34,39.4200,23,2
2026-03-27,600036,14:27:37,39.4200,115,2
2026-03-27,600036,14:27:40,39.4200,15,2
2026-03-27,600036,14:27:43,39.4200,16,2
2026-03-27,600036,14:27:46,39.4200,18,1
2026-03-27,600036,14:27:49,39.4200,10,1
2026-03-27,600036,14:27:52,39.4100,20,2
2026-03-27,600036,14:27:55,39.4200,15,1
2026-03-27,600036,14:27:58,39.4200,31,1
2026-03-27,600036,14:28:01,39.4100,52,2
2026-03-27,600036,14:28:04,39.4200,28,1
2026-03-27,600036,14:28:07,39.4200,40,2
2026-03-27,600036,14:28:10,39.4100,201,2
2026-03-27,600036,14:28:13,39.4300,23,1
2026-03-27,600036,14:28:16,39.4100,1,2
2026-03-27,600036,14:28:25,39.4200,11,1
2026-03-27,600036,14:28:28,39.4100,5,2
2026-03-27,600036,14:28:31,39.4100,13,2
2026-03-27,600036,14:28:34,39.4200,46,1
2026-03-27,600036,14:28:40,39.4100,40,2
2026-03-27,600036,14:28:43,39.4100,29,2
2026-03-27,600036,14:28:49,39.4100,8,2
2026-03-27,600036,14:28:52,39.4200,383,1
2026-03-27,600036,14:28:55,39.4200,45,2
2026-03-27,600036,14:28:58,39.4200,24,1
2026-03-27,600036,14:29:01,39.4200,55,1
2026-03-27,600036,14:29:04,39.4200,16,1
2026-03-27,600036,14:29:10,39.4100,41,2
2026-03-27,600036,14:29:13,39.4200,21,1
2026-03-27,600036,14:29:16,39.4200,28,1
2026-03-27,600036,14:29:19,39.4200,52,1
2026-03-27,600036,14:29:22,39.4100,29,2
2026-03-27,600036,14:29:25,39.4100,21,2
2026-03-27,600036,14:29:28,39.4300,115,1
2026-03-27,600036,14:29:31,39.4100,79,2
2026-03-27,600036,14:29:34,39.4200,78,1
2026-03-27,600036,14:29:37,39.4100,49,2
2026-03-27,600036,14:29:43,39.4100,34,2
2026-03-27,600036,14:29:46,39.4300,294,1
2026-03-27,600036,14:29:49,39.4200,106,2
2026-03-27,600036,14:29:52,39.4300,91,1
2026-03-27,600036,14:29:55,39.4300,4,1
2026-03-27,600036,14:29:58,39.4200,4,2
2026-03-27,600036,14:30:01,39.4500,282,1
2026-03-27,600036,14:30:04,39.4400,18,4
2026-03-27,600036,14:30:07,39.4300,7,2
2026-03-27,600036,14:30:10,39.4400,116,1
2026-03-27,600036,14:30:13,39.4300,40,2
2026-03-27,600036,14:30:16,39.4300,123,2
2026-03-27,600036,14:30:19,39.4400,132,1
2026-03-27,600036,14:30:22,39.4400,374,1
2026-03-27,600036,14:30:25,39.4500,36,1
2026-03-27,600036,14:30:28,39.4400,30,2
2026-03-27,600036,14:30:31,39.4500,30,1
2026-03-27,600036,14:30:34,39.4500,74,1
2026-03-27,600036,14:30:37,39.4500,48,1
2026-03-27,600036,14:30:43,39.4500,738,1
2026-03-27,600036,14:30:46,39.4600,15,1
2026-03-27,600036,14:30:49,39.4600,172,1
2026-03-27,600036,14:30:52,39.4600,57,2
2026-03-27,600036,14:30:55,39.4700,71,1
2026-03-27,600036,14:30:58,39.4700,10,1
2026-03-27,600036,14:31:01,39.4600,5,2
2026-03-27,600036,14:31:04,39.4600,15,2
2026-03-27,600036,14:31:07,39.4800,32,1
2026-03-27,600036,14:31:10,39.4700,27,4
2026-03-27,600036,14:31:13,39.4600,57,2
2026-03-27,600036,14:31:16,39.4600,34,2
2026-03-27,600036,14:31:19,39.4800,59,1
2026-03-27,600036,14:31:22,39.4700,42,4
2026-03-27,600036,14:31:25,39.4800,37,1
2026-03-27,600036,14:31:28,39.4800,2,1
2026-03-27,600036,14:31:31,39.4700,181,2
2026-03-27,600036,14:31:34,39.4800,31,1
2026-03-27,600036,14:31:37,39.4800,14,1
2026-03-27,600036,14:31:43,39.4800,226,1
2026-03-27,600036,14:31:46,39.4700,93,2
2026-03-27,600036,14:31:49,39.4700,121,2
2026-03-27,600036,14:31:52,39.4700,39,2
2026-03-27,600036,14:31:55,39.4800,37,1
2026-03-27,600036,14:31:58,39.4800,115,1
2026-03-27,600036,14:32:01,39.4800,5,1
2026-03-27,600036,14:32:04,39.4900,93,1
2026-03-27,600036,14:32:07,39.4800,9,2
2026-03-27,600036,14:32:13,39.4800,35,2
2026-03-27,600036,14:32:16,39.4800,18,2
2026-03-27,600036,14:32:19,39.4900,15,1
2026-03-27,600036,14:32:22,39.4800,27,2
2026-03-27,600036,14:32:25,39.4800,40,2
2026-03-27,600036,14:32:28,39.4800,5,2
2026-03-27,600036,14:32:31,39.4900,126,1
2026-03-27,600036,14:32:34,39.4900,14,1
2026-03-27,600036,14:32:37,39.4900,15,1
2026-03-27,600036,14:32:40,39.4900,26,1
2026-03-27,600036,14:32:43,39.4900,11,1
2026-03-27,600036,14:32:46,39.4800,1,2
2026-03-27,600036,14:32:49,39.4900,44,1
2026-03-27,600036,14:32:52,39.4900,87,1
2026-03-27,600036,14:32:55,39.4900,66,1
2026-03-27,600036,14:33:01,39.4900,7,1
2026-03-27,600036,14:33:04,39.4900,32,1
2026-03-27,600036,14:33:07,39.4900,135,1
2026-03-27,600036,14:33:10,39.4900,120,1
2026-03-27,600036,14:33:13,39.5000,986,1
2026-03-27,600036,14:33:16,39.5200,854,1
2026-03-27,600036,14:33:19,39.5200,148,1
2026-03-27,600036,14:33:22,39.5200,49,1
2026-03-27,600036,14:33:25,39.5200,27,1
2026-03-27,600036,14:33:28,39.5200,496,1
2026-03-27,600036,14:33:31,39.5100,48,2
2026-03-27,600036,14:33:34,39.5000,36,2
2026-03-27,600036,14:33:37,39.5000,251,2
2026-03-27,600036,14:33:40,39.5000,44,1
2026-03-27,600036,14:33:43,39.4900,26,2
2026-03-27,600036,14:33:46,39.5000,5,1
2026-03-27,600036,14:33:52,39.5000,16,1
2026-03-27,600036,14:33:55,39.5000,36,1
2026-03-27,600036,14:33:58,39.5200,839,1
2026-03-27,600036,14:34:01,39.5100,96,2
2026-03-27,600036,14:34:04,39.5100,21,1
2026-03-27,600036,14:34:07,39.5100,43,2
2026-03-27,600036,14:34:10,39.5200,102,1
2026-03-27,600036,14:34:13,39.5100,152,2
2026-03-27,600036,14:34:16,39.5200,234,1
2026-03-27,600036,14:34:19,39.5200,67,1
2026-03-27,600036,14:34:22,39.5100,74,2
2026-03-27,600036,14:34:25,39.5100,240,2
2026-03-27,600036,14:34:28,39.5100,529,2
2026-03-27,600036,14:34:31,39.5000,373,2
2026-03-27,600036,14:34:34,39.5000,267,2
2026-03-27,600036,14:34:37,39.5100,38,1
2026-03-27,600036,14:34:43,39.5100,16,1
2026-03-27,600036,14:34:49,39.5000,905,2
2026-03-27,600036,14:34:52,39.5000,1724,2
2026-03-27,600036,14:34:55,39.5000,184,1
2026-03-27,600036,14:34:58,39.4900,18,2
2026-03-27,600036,14:35:01,39.5100,2,1
2026-03-27,600036,14:35:04,39.5000,85,2
2026-03-27,600036,14:35:07,39.4900,121,2
2026-03-27,600036,14:35:10,39.4900,19,2
2026-03-27,600036,14:35:13,39.4900,4,2
2026-03-27,600036,14:35:16,39.4900,38,2
2026-03-27,600036,14:35:19,39.4900,59,2
2026-03-27,600036,14:35:22,39.4800,74,2
2026-03-27,600036,14:35:25,39.4800,59,2
2026-03-27,600036,14:35:28,39.4900,1,1
2026-03-27,600036,14:35:31,39.4800,28,2
2026-03-27,600036,14:35:34,39.4800,138,2
2026-03-27,600036,14:35:37,39.4800,337,1
2026-03-27,600036,14:35:40,39.4900,89,1
2026-03-27,600036,14:35:43,39.4900,20,1
2026-03-27,600036,14:35:46,39.4900,57,1
2026-03-27,600036,14:35:52,39.4900,39,1
2026-03-27,600036,14:35:55,39.4900,35,1
2026-03-27,600036,14:35:58,39.4800,15,2
2026-03-27,600036,14:36:01,39.4900,28,1
2026-03-27,600036,14:36:04,39.4800,57,2
2026-03-27,600036,14:36:07,39.4900,14,1
2026-03-27,600036,14:36:10,39.4800,215,2
2026-03-27,600036,14:36:13,39.4800,106,2
2026-03-27,600036,14:36:16,39.4700,2,4
2026-03-27,600036,14:36:19,39.4800,204,1
2026-03-27,600036,14:36:22,39.4700,20,2
2026-03-27,600036,14:36:25,39.4700,20,2
2026-03-27,600036,14:36:28,39.4800,70,1
2026-03-27,600036,14:36:31,39.4700,25,2
2026-03-27,600036,14:36:34,39.4600,117,2
2026-03-27,600036,14:36:37,39.4600,182,2
2026-03-27,600036,14:36:40,39.4500,236,2
2026-03-27,600036,14:36:43,39.4500,134,2
2026-03-27,600036,14:36:46,39.4400,41,2
2026-03-27,600036,14:36:49,39.4500,13,1
2026-03-27,600036,14:36:52,39.4400,23,2
2026-03-27,600036,14:36:55,39.4500,22,1
2026-03-27,600036,14:36:58,39.4600,363,1
2026-03-27,600036,14:37:01,39.4600,44,2
2026-03-27,600036,14:37:04,39.4500,49,2
2026-03-27,600036,14:37:10,39.4500,1,2
2026-03-27,600036,14:37:16,39.4500,35,2
2026-03-27,600036,14:37:19,39.4600,1,1
2026-03-27,600036,14:37:22,39.4500,10,2
2026-03-27,600036,14:37:25,39.4500,83,2
2026-03-27,600036,14:37:28,39.4500,212,2
2026-03-27,600036,14:37:31,39.4500,117,2
2026-03-27,600036,14:37:37,39.4500,30,2
2026-03-27,600036,14:37:40,39.4500,8,2
2026-03-27,600036,14:37:43,39.4600,163,1
2026-03-27,600036,14:37:46,39.4600,21,2
2026-03-27,600036,14:37:49,39.4600,33,1
2026-03-27,600036,14:37:52,39.4600,66,2
2026-03-27,600036,14:37:55,39.4600,1,2
2026-03-27,600036,14:37:58,39.4600,88,2
2026-03-27,600036,14:38:01,39.4600,172,1
2026-03-27,600036,14:38:04,39.4600,12,2
2026-03-27,600036,14:38:07,39.4700,89,1
2026-03-27,600036,14:38:10,39.4700,6,1
2026-03-27,600036,14:38:13,39.4700,56,1
2026-03-27,600036,14:38:16,39.4700,27,1
2026-03-27,600036,14:38:19,39.4700,48,1
2026-03-27,600036,14:38:22,39.4700,25,1
2026-03-27,600036,14:38:25,39.4600,60,2
2026-03-27,600036,14:38:28,39.4600,9,2
2026-03-27,600036,14:38:31,39.4600,7,2
2026-03-27,600036,14:38:34,39.4700,7,1
2026-03-27,600036,14:38:37,39.4700,87,1
2026-03-27,600036,14:38:40,39.4700,11,1
2026-03-27,600036,14:38:43,39.4700,74,1
2026-03-27,600036,14:38:46,39.4700,10,1
2026-03-27,600036,14:38:49,39.4700,10,1
2026-03-27,600036,14:38:55,39.4600,123,2
2026-03-27,600036,14:38:58,39.4600,26,2
2026-03-27,600036,14:39:01,39.4600,84,2
2026-03-27,600036,14:39:04,39.4700,314,1
2026-03-27,600036,14:39:07,39.4700,374,1
2026-03-27,600036,14:39:10,39.4600,136,2
2026-03-27,600036,14:39:13,39.4600,250,2
2026-03-27,600036,14:39:16,39.4600,76,1
2026-03-27,600036,14:39:19,39.4500,146,2
2026-03-27,600036,14:39:22,39.4500,56,2
2026-03-27,600036,14:39:25,39.4500,36,2
2026-03-27,600036,14:39:28,39.4500,110,2
2026-03-27,600036,14:39:31,39.4500,29,2
2026-03-27,600036,14:39:34,39.4600,270,1
2026-03-27,600036,14:39:37,39.4500,108,2
2026-03-27,600036,14:39:40,39.4500,27,2
2026-03-27,600036,14:39:43,39.4700,28,1
2026-03-27,600036,14:39:46,39.4500,2,2
2026-03-27,600036,14:39:49,39.4600,12,4
2026-03-27,600036,14:39:52,39.4700,79,1
2026-03-27,600036,14:39:55,39.4700,7,1
2026-03-27,600036,14:39:58,39.4700,22,1
2026-03-27,600036,14:40:01,39.4600,22,2
2026-03-27,600036,14:40:04,39.4700,11,1
2026-03-27,600036,14:40:07,39.4800,576,1
2026-03-27,600036,14:40:10,39.4800,33,1
2026-03-27,600036,14:40:13,39.4800,5,1
2026-03-27,600036,14:40:16,39.4900,145,1
2026-03-27,600036,14:40:19,39.4800,82,2
2026-03-27,600036,14:40:22,39.4800,94,2
2026-03-27,600036,14:40:25,39.4700,5,2
2026-03-27,600036,14:40:28,39.4800,252,1
2026-03-27,600036,14:40:34,39.4800,137,1
2026-03-27,600036,14:40:37,39.4800,159,2
2026-03-27,600036,14:40:40,39.4800,115,2
2026-03-27,600036,14:40:43,39.4700,37,2
2026-03-27,600036,14:40:46,39.4700,4,2
2026-03-27,600036,14:40:49,39.4800,1096,1
2026-03-27,600036,14:40:52,39.4800,7,1
2026-03-27,600036,14:40:55,39.4700,2,2
2026-03-27,600036,14:40:58,39.4700,42,2
2026-03-27,600036,14:41:01,39.4700,18,2
2026-03-27,600036,14:41:04,39.4800,1084,1
2026-03-27,600036,14:41:07,39.4700,296,2
2026-03-27,600036,14:41:10,39.4800,201,1
2026-03-27,600036,14:41:13,39.4800,85,2
2026-03-27,600036,14:41:16,39.4900,32,1
2026-03-27,600036,14:41:19,39.4800,7,2
2026-03-27,600036,14:41:22,39.4900,245,1
2026-03-27,600036,14:41:25,39.4900,79,2
2026-03-27,600036,14:41:28,39.4800,64,2
2026-03-27,600036,14:41:31,39.4800,16,2
2026-03-27,600036,14:41:34,39.4900,97,1
2026-03-27,600036,14:41:37,39.4800,56,2
2026-03-27,600036,14:41:40,39.4900,43,1
2026-03-27,600036,14:41:43,39.4900,347,1
2026-03-27,600036,14:41:46,39.4900,97,2
2026-03-27,600036,14:41:49,39.4800,52,2
2026-03-27,600036,14:41:52,39.4900,26,1
2026-03-27,600036,14:41:55,39.4800,271,2
2026-03-27,600036,14:41:58,39.4700,135,2
2026-03-27,600036,14:42:01,39.4600,264,2
2026-03-27,600036,14:42:04,39.4600,212,2
2026-03-27,600036,14:42:07,39.4500,29,2
2026-03-27,600036,14:42:10,39.4600,167,2
2026-03-27,600036,14:42:13,39.4600,96,1
2026-03-27,600036,14:42:16,39.4600,22,2
2026-03-27,600036,14:42:19,39.4600,7,2
2026-03-27,600036,14:42:22,39.4700,42,1
2026-03-27,600036,14:42:25,39.4700,168,1
2026-03-27,600036,14:42:28,39.4600,58,2
2026-03-27,600036,14:42:31,39.4600,41,2
2026-03-27,600036,14:42:34,39.4600,471,2
2026-03-27,600036,14:42:37,39.4600,27,2
2026-03-27,600036,14:42:40,39.4600,53,2
2026-03-27,600036,14:42:43,39.4500,154,2
2026-03-27,600036,14:42:46,39.4600,1,1
2026-03-27,600036,14:42:49,39.4600,127,1
2026-03-27,600036,14:42:52,39.4600,38,2
2026-03-27,600036,14:42:55,39.4600,26,2
2026-03-27,600036,14:42:58,39.4600,26,2
2026-03-27,600036,14:43:01,39.4600,122,2
2026-03-27,600036,14:43:04,39.4700,71,1
2026-03-27,600036,14:43:07,39.4600,38,2
2026-03-27,600036,14:43:10,39.4700,423,1
2026-03-27,600036,14:43:13,39.4700,18,1
2026-03-27,600036,14:43:16,39.4700,106,1
2026-03-27,600036,14:43:19,39.4700,210,2
2026-03-27,600036,14:43:22,39.4800,151,1
2026-03-27,600036,14:43:25,39.4600,167,2
2026-03-27,600036,14:43:28,39.4500,100,2
2026-03-27,600036,14:43:31,39.4600,2,1
2026-03-27,600036,14:43:34,39.4600,201,1
2026-03-27,600036,14:43:37,39.4600,79,1
2026-03-27,600036,14:43:40,39.4500,123,2
2026-03-27,600036,14:43:43,39.4500,184,2
2026-03-27,600036,14:43:46,39.4500,178,2
2026-03-27,600036,14:43:49,39.4500,372,2
2026-03-27,600036,14:43:52,39.4400,148,2
2026-03-27,600036,14:43:55,39.4400,126,2
2026-03-27,600036,14:43:58,39.4400,16,2
2026-03-27,600036,14:44:01,39.4400,120,2
2026-03-27,600036,14:44:04,39.4300,82,2
2026-03-27,600036,14:44:07,39.4400,7,1
2026-03-27,600036,14:44:10,39.4300,153,2
2026-03-27,600036,14:44:13,39.4400,16,1
2026-03-27,600036,14:44:16,39.4400,34,1
2026-03-27,600036,14:44:19,39.4400,31,1
2026-03-27,600036,14:44:22,39.4400,70,1
2026-03-27,600036,14:44:25,39.4400,56,1
2026-03-27,600036,14:44:28,39.4400,83,2
2026-03-27,600036,14:44:31,39.4400,123,2
2026-03-27,600036,14:44:34,39.4400,23,1
2026-03-27,600036,14:44:37,39.4400,73,1
2026-03-27,600036,14:44:40,39.4400,391,1
2026-03-27,600036,14:44:43,39.4300,228,4
2026-03-27,600036,14:44:46,39.4200,87,2
2026-03-27,600036,14:44:49,39.4300,107,1
2026-03-27,600036,14:44:52,39.4300,19,1
2026-03-27,600036,14:44:55,39.4200,20,2
2026-03-27,600036,14:44:58,39.4400,251,1
2026-03-27,600036,14:45:01,39.4500,18,1
2026-03-27,600036,14:45:04,39.4300,92,2
2026-03-27,600036,14:45:07,39.4400,30,1
2026-03-27,600036,14:45:10,39.4300,41,2
2026-03-27,600036,14:45:13,39.4400,129,1
2026-03-27,600036,14:45:16,39.4400,42,1
2026-03-27,600036,14:45:19,39.4400,568,1
2026-03-27,600036,14:45:22,39.4400,173,2
2026-03-27,600036,14:45:25,39.4600,594,1
2026-03-27,600036,14:45:28,39.4700,201,1
2026-03-27,600036,14:45:31,39.4700,232,1
2026-03-27,600036,14:45:34,39.4700,135,1
2026-03-27,600036,14:45:37,39.4600,230,2
2026-03-27,600036,14:45:40,39.4500,279,2
2026-03-27,600036,14:45:43,39.4300,500,2
2026-03-27,600036,14:45:46,39.4400,298,1
2026-03-27,600036,14:45:49,39.4400,108,1
2026-03-27,600036,14:45:52,39.4500,150,1
2026-03-27,600036,14:45:55,39.4600,341,1
2026-03-27,600036,14:45:58,39.4500,43,2
2026-03-27,600036,14:46:01,39.4600,59,2
2026-03-27,600036,14:46:04,39.4700,200,1
2026-03-27,600036,14:46:07,39.4800,211,1
2026-03-27,600036,14:46:10,39.4800,80,1
2026-03-27,600036,14:46:13,39.4600,83,2
2026-03-27,600036,14:46:16,39.4700,31,1
2026-03-27,600036,14:46:19,39.4700,121,1
2026-03-27,600036,14:46:22,39.4600,179,2
2026-03-27,600036,14:46:25,39.4700,21,4
2026-03-27,600036,14:46:28,39.4800,100,1
2026-03-27,600036,14:46:31,39.4800,91,1
2026-03-27,600036,14:46:34,39.4800,329,2
2026-03-27,600036,14:46:37,39.4700,15,2
2026-03-27,600036,14:46:40,39.4800,5,1
2026-03-27,600036,14:46:43,39.4800,86,1
2026-03-27,600036,14:46:46,39.4800,79,1
2026-03-27,600036,14:46:49,39.4800,111,1
2026-03-27,600036,14:46:52,39.4800,64,1
2026-03-27,600036,14:46:55,39.4800,151,1
2026-03-27,600036,14:46:58,39.4700,339,2
2026-03-27,600036,14:47:01,39.4800,103,1
2026-03-27,600036,14:47:04,39.4700,86,2
2026-03-27,600036,14:47:07,39.4900,153,1
2026-03-27,600036,14:47:10,39.4900,80,1
2026-03-27,600036,14:47:13,39.4800,370,1
2026-03-27,600036,14:47:16,39.4800,109,1
2026-03-27,600036,14:47:19,39.4800,37,2
2026-03-27,600036,14:47:22,39.4900,175,1
2026-03-27,600036,14:47:25,39.4800,154,2
2026-03-27,600036,14:47:28,39.4800,74,2
2026-03-27,600036,14:47:31,39.4800,34,2
2026-03-27,600036,14:47:34,39.4900,30,1
2026-03-27,600036,14:47:37,39.4800,112,2
2026-03-27,600036,14:47:40,39.4900,163,1
2026-03-27,600036,14:47:43,39.4800,351,2
2026-03-27,600036,14:47:46,39.4800,356,2
2026-03-27,600036,14:47:49,39.4700,158,2
2026-03-27,600036,14:47:52,39.4700,121,1
2026-03-27,600036,14:47:55,39.4700,67,2
2026-03-27,600036,14:47:58,39.4700,45,2
2026-03-27,600036,14:48:01,39.4800,42,1
2026-03-27,600036,14:48:04,39.4700,210,2
2026-03-27,600036,14:48:07,39.4700,118,2
2026-03-27,600036,14:48:10,39.4700,48,2
2026-03-27,600036,14:48:13,39.4800,49,1
2026-03-27,600036,14:48:16,39.4700,42,2
2026-03-27,600036,14:48:19,39.4700,40,2
2026-03-27,600036,14:48:22,39.4700,16,2
2026-03-27,600036,14:48:25,39.4800,147,1
2026-03-27,600036,14:48:28,39.4800,20,1
2026-03-27,600036,14:48:31,39.4700,106,2
2026-03-27,600036,14:48:34,39.4700,65,2
2026-03-27,600036,14:48:37,39.4700,116,2
2026-03-27,600036,14:48:40,39.4700,39,2
2026-03-27,600036,14:48:43,39.4700,294,2
2026-03-27,600036,14:48:46,39.4700,34,2
2026-03-27,600036,14:48:49,39.4800,27,1
2026-03-27,600036,14:48:52,39.4800,127,1
2026-03-27,600036,14:48:55,39.4800,421,1
2026-03-27,600036,14:48:58,39.4800,226,2
2026-03-27,600036,14:49:01,39.4800,209,2
2026-03-27,600036,14:49:04,39.4700,39,2
2026-03-27,600036,14:49:07,39.4800,41,1
2026-03-27,600036,14:49:10,39.4800,28,1
2026-03-27,600036,14:49:13,39.4800,12,1
2026-03-27,600036,14:49:16,39.4800,148,1
2026-03-27,600036,14:49:19,39.4800,77,1
2026-03-27,600036,14:49:22,39.4700,422,2
2026-03-27,600036,14:49:25,39.4700,233,1
2026-03-27,600036,14:49:28,39.4700,18,2
2026-03-27,600036,14:49:31,39.4800,33,1
2026-03-27,600036,14:49:34,39.4800,26,2
2026-03-27,600036,14:49:37,39.4800,213,2
2026-03-27,600036,14:49:40,39.4900,26,1
2026-03-27,600036,14:49:43,39.4900,173,1
2026-03-27,600036,14:49:46,39.4800,64,2
2026-03-27,600036,14:49:49,39.4900,123,1
2026-03-27,600036,14:49:52,39.4900,61,1
2026-03-27,600036,14:49:55,39.4800,17,2
2026-03-27,600036,14:49:58,39.4900,94,1
2026-03-27,600036,14:50:01,39.4800,515,2
2026-03-27,600036,14:50:04,39.4800,344,2
2026-03-27,600036,14:50:07,39.4900,363,1
2026-03-27,600036,14:50:10,39.4900,265,1
2026-03-27,600036,14:50:13,39.4900,106,1
2026-03-27,600036,14:50:16,39.4800,51,2
2026-03-27,600036,14:50:19,39.4900,184,1
2026-03-27,600036,14:50:22,39.4900,100,1
2026-03-27,600036,14:50:25,39.4800,81,2
2026-03-27,600036,14:50:28,39.4800,33,2
2026-03-27,600036,14:50:31,39.4800,75,2
2026-03-27,600036,14:50:34,39.4900,52,1
2026-03-27,600036,14:50:37,39.4900,93,1
2026-03-27,600036,14:50:40,39.4900,5,1
2026-03-27,600036,14:50:43,39.4800,55,2
2026-03-27,600036,14:50:46,39.4900,105,1
2026-03-27,600036,14:50:49,39.4800,57,2
2026-03-27,600036,14:50:52,39.4900,89,1
2026-03-27,600036,14:50:55,39.4900,69,1
2026-03-27,600036,14:50:58,39.4900,148,1
2026-03-27,600036,14:51:01,39.4900,61,2
2026-03-27,600036,14:51:04,39.4900,320,2
2026-03-27,600036,14:51:07,39.4900,161,2
2026-03-27,600036,14:51:10,39.4800,621,2
2026-03-27,600036,14:51:13,39.4800,129,2
2026-03-27,600036,14:51:16,39.4800,147,1
2026-03-27,600036,14:51:19,39.4800,295,1
2026-03-27,600036,14:51:22,39.4800,174,1
2026-03-27,600036,14:51:25,39.4700,71,2
2026-03-27,600036,14:51:28,39.4700,189,2
2026-03-27,600036,14:51:31,39.4700,200,2
2026-03-27,600036,14:51:34,39.4800,117,1
2026-03-27,600036,14:51:37,39.4800,36,1
2026-03-27,600036,14:51:40,39.4700,145,2
2026-03-27,600036,14:51:43,39.4700,72,2
2026-03-27,600036,14:51:46,39.4700,95,2
2026-03-27,600036,14:51:49,39.4700,808,2
2026-03-27,600036,14:51:52,39.4600,226,2
2026-03-27,600036,14:51:55,39.4600,111,2
2026-03-27,600036,14:51:58,39.4700,68,4
2026-03-27,600036,14:52:01,39.4600,113,2
2026-03-27,600036,14:52:04,39.4600,162,2
2026-03-27,600036,14:52:07,39.4600,63,2
2026-03-27,600036,14:52:10,39.4600,19,2
2026-03-27,600036,14:52:13,39.4700,41,1
2026-03-27,600036,14:52:16,39.4600,110,2
2026-03-27,600036,14:52:19,39.4700,118,1
2026-03-27,600036,14:52:22,39.4700,104,2
2026-03-27,600036,14:52:25,39.4700,32,2
2026-03-27,600036,14:52:28,39.4700,64,2
2026-03-27,600036,14:52:31,39.4700,30,2
2026-03-27,600036,14:52:34,39.4800,17,1
2026-03-27,600036,14:52:37,39.4800,181,1
2026-03-27,600036,14:52:40,39.4700,10,2
2026-03-27,600036,14:52:43,39.4700,121,2
2026-03-27,600036,14:52:46,39.4800,8,1
2026-03-27,600036,14:52:49,39.4800,100,1
2026-03-27,600036,14:52:52,39.4700,44,2
2026-03-27,600036,14:52:55,39.4700,79,2
2026-03-27,600036,14:52:58,39.4800,27,1
2026-03-27,600036,14:53:01,39.4800,233,1
2026-03-27,600036,14:53:04,39.4700,188,2
2026-03-27,600036,14:53:07,39.4700,100,2
2026-03-27,600036,14:53:10,39.4800,181,1
2026-03-27,600036,14:53:13,39.4800,189,1
2026-03-27,600036,14:53:16,39.4800,348,1
2026-03-27,600036,14:53:19,39.4700,48,2
2026-03-27,600036,14:53:22,39.4700,124,2
2026-03-27,600036,14:53:25,39.4700,141,2
2026-03-27,600036,14:53:28,39.4700,281,2
2026-03-27,600036,14:53:31,39.4700,49,2
2026-03-27,600036,14:53:34,39.4700,14,2
2026-03-27,600036,14:53:37,39.4700,136,2
2026-03-27,600036,14:53:40,39.4700,4,2
2026-03-27,600036,14:53:43,39.4700,96,2
2026-03-27,600036,14:53:46,39.4700,119,2
2026-03-27,600036,14:53:49,39.4700,92,2
2026-03-27,600036,14:53:52,39.4700,5,2
2026-03-27,600036,14:53:55,39.4700,9,2
2026-03-27,600036,14:53:58,39.4800,7,1
2026-03-27,600036,14:54:01,39.4800,120,1
2026-03-27,600036,14:54:04,39.4700,220,2
2026-03-27,600036,14:54:07,39.4700,111,2
2026-03-27,600036,14:54:10,39.4800,27,1
2026-03-27,600036,14:54:13,39.4700,13,2
2026-03-27,600036,14:54:16,39.4700,100,2
2026-03-27,600036,14:54:19,39.4800,38,1
2026-03-27,600036,14:54:22,39.4800,39,1
2026-03-27,600036,14:54:25,39.4700,12,2
2026-03-27,600036,14:54:28,39.4800,22,1
2026-03-27,600036,14:54:31,39.4800,83,1
2026-03-27,600036,14:54:34,39.4700,51,2
2026-03-27,600036,14:54:37,39.4700,92,2
2026-03-27,600036,14:54:40,39.4700,51,2
2026-03-27,600036,14:54:43,39.4800,520,1
2026-03-27,600036,14:54:46,39.4800,93,1
2026-03-27,600036,14:54:49,39.4700,23,2
2026-03-27,600036,14:54:52,39.4800,19,1
2026-03-27,600036,14:54:55,39.4800,18,1
2026-03-27,600036,14:54:58,39.4700,140,2
2026-03-27,600036,14:55:01,39.4800,139,1
2026-03-27,600036,14:55:04,39.4700,269,2
2026-03-27,600036,14:55:07,39.4800,75,1
2026-03-27,600036,14:55:10,39.4800,37,1
2026-03-27,600036,14:55:13,39.4800,30,1
2026-03-27,600036,14:55:16,39.4800,141,1
2026-03-27,600036,14:55:19,39.4800,32,1
2026-03-27,600036,14:55:22,39.4800,92,1
2026-03-27,600036,14:55:25,39.4700,128,2
2026-03-27,600036,14:55:28,39.4800,88,1
2026-03-27,600036,14:55:31,39.4700,74,2
2026-03-27,600036,14:55:34,39.4800,43,1
2026-03-27,600036,14:55:37,39.4700,303,2
2026-03-27,600036,14:55:40,39.4700,165,2
2026-03-27,600036,14:55:43,39.4700,510,2
2026-03-27,600036,14:55:46,39.4800,48,1
2026-03-27,600036,14:55:49,39.4700,126,2
2026-03-27,600036,14:55:52,39.4800,222,1
2026-03-27,600036,14:55:55,39.4800,144,1
2026-03-27,600036,14:55:58,39.4800,55,1
2026-03-27,600036,14:56:01,39.4800,372,1
2026-03-27,600036,14:56:04,39.4800,159,1
2026-03-27,600036,14:56:07,39.4800,28,2
2026-03-27,600036,14:56:10,39.5000,428,1
2026-03-27,600036,14:56:13,39.5000,10,1
2026-03-27,600036,14:56:16,39.4900,363,2
2026-03-27,600036,14:56:19,39.5000,409,1
2026-03-27,600036,14:56:22,39.5000,237,1
2026-03-27,600036,14:56:25,39.5000,778,2
2026-03-27,600036,14:56:28,39.5000,8,2
2026-03-27,600036,14:56:31,39.4900,54,2
2026-03-27,600036,14:56:34,39.5000,159,1
2026-03-27,600036,14:56:37,39.4900,64,2
2026-03-27,600036,14:56:40,39.5000,145,1
2026-03-27,600036,14:56:43,39.4800,327,2
2026-03-27,600036,14:56:46,39.4800,129,4
2026-03-27,600036,14:56:49,39.4600,137,2
2026-03-27,600036,14:56:52,39.4800,216,1
2026-03-27,600036,14:56:55,39.4500,271,2
2026-03-27,600036,14:56:58,39.5000,114,1
2026-03-27,600036,14:57:01,39.4900,24,1
2026-03-27,600036,15:00:03,39.4400,7088,4
2026-03-27,600036,13:13:16,39.3600,13,1
2026-03-27,600036,13:13:19,39.3600,15,1
2026-03-27,600036,13:13:22,39.3600,38,1
2026-03-27,600036,13:13:25,39.3600,9,1
2026-03-27,600036,13:13:28,39.3500,7,2
2026-03-27,600036,13:13:31,39.3400,168,2
2026-03-27,600036,13:13:34,39.3600,83,1
2026-03-27,600036,13:13:37,39.3600,41,2
2026-03-27,600036,13:13:40,39.3600,71,2
2026-03-27,600036,13:13:43,39.3600,94,2
2026-03-27,600036,13:13:46,39.3700,65,1
2026-03-27,600036,13:13:49,39.3600,25,1
2026-03-27,600036,13:13:52,39.3700,20,1
2026-03-27,600036,13:13:55,39.3700,1,1
2026-03-27,600036,13:13:58,39.3600,222,2
2026-03-27,600036,13:14:01,39.3700,17,1
2026-03-27,600036,13:14:04,39.3700,17,1
2026-03-27,600036,13:14:07,39.3700,8,2
2026-03-27,600036,13:14:10,39.3700,16,1
2026-03-27,600036,13:14:13,39.3600,50,2
2026-03-27,600036,13:14:16,39.3700,23,1
2026-03-27,600036,13:14:19,39.3600,9,2
2026-03-27,600036,13:14:22,39.3700,9,1
2026-03-27,600036,13:14:25,39.3700,18,1
2026-03-27,600036,13:14:28,39.3700,266,1
2026-03-27,600036,13:14:31,39.3700,11,1
2026-03-27,600036,13:14:34,39.3800,45,1
2026-03-27,600036,13:14:37,39.3700,2,2
2026-03-27,600036,13:14:40,39.3700,18,2
2026-03-27,600036,13:14:43,39.3800,22,1
2026-03-27,600036,13:14:46,39.3800,39,1
2026-03-27,600036,13:14:49,39.3700,23,2
2026-03-27,600036,13:14:52,39.3800,41,1
2026-03-27,600036,13:14:55,39.3800,11,1
2026-03-27,600036,13:14:58,39.3700,68,2
2026-03-27,600036,13:15:01,39.3700,63,2
2026-03-27,600036,13:15:04,39.3700,29,2
2026-03-27,600036,13:15:07,39.3700,42,2
2026-03-27,600036,13:15:10,39.3800,8,1
2026-03-27,600036,13:15:13,39.3800,18,1
2026-03-27,600036,13:15:16,39.3800,20,1
2026-03-27,600036,13:15:19,39.3800,95,1
2026-03-27,600036,13:15:22,39.3700,39,2
2026-03-27,600036,13:15:25,39.3800,10,1
2026-03-27,600036,13:15:28,39.3700,19,2
2026-03-27,600036,13:15:31,39.3800,2,1
2026-03-27,600036,13:15:34,39.3800,10,1
2026-03-27,600036,13:15:37,39.3700,4,2
2026-03-27,600036,13:15:40,39.3900,343,1
2026-03-27,600036,13:15:43,39.3900,353,1
2026-03-27,600036,13:15:46,39.3900,73,2
2026-03-27,600036,13:15:49,39.4100,29,1
2026-03-27,600036,13:15:52,39.3900,5,2
2026-03-27,600036,13:15:55,39.4000,20,1
2026-03-27,600036,13:15:58,39.3900,15,2
2026-03-27,600036,13:16:01,39.3900,31,2
2026-03-27,600036,13:16:04,39.4000,15,1
2026-03-27,600036,13:16:07,39.3900,39,2
2026-03-27,600036,13:16:10,39.3900,19,2
2026-03-27,600036,13:16:13,39.4000,50,1
2026-03-27,600036,13:16:16,39.4000,4,2
2026-03-27,600036,13:16:19,39.4100,18,1
2026-03-27,600036,13:16:22,39.4000,30,2
2026-03-27,600036,13:16:25,39.4100,29,1
2026-03-27,600036,13:16:28,39.4100,211,1
2026-03-27,600036,13:16:31,39.4100,62,2
2026-03-27,600036,13:16:34,39.4100,9,2
2026-03-27,600036,13:16:37,39.4200,172,1
2026-03-27,600036,13:16:40,39.4300,17,1
2026-03-27,600036,13:16:43,39.4300,35,1
2026-03-27,600036,13:16:46,39.4300,133,1
2026-03-27,600036,13:16:49,39.4400,23,1
2026-03-27,600036,13:16:52,39.4300,1,2
2026-03-27,600036,13:16:55,39.4400,47,1
2026-03-27,600036,13:16:58,39.4400,32,1
2026-03-27,600036,13:17:01,39.4400,115,1
2026-03-27,600036,13:17:04,39.4200,36,2
2026-03-27,600036,13:17:07,39.4200,40,2
2026-03-27,600036,13:17:10,39.4200,14,2
2026-03-27,600036,13:17:13,39.4300,13,1
2026-03-27,600036,13:17:16,39.4400,267,1
2026-03-27,600036,13:17:19,39.4500,144,1
2026-03-27,600036,13:17:22,39.4500,97,1
2026-03-27,600036,13:17:25,39.4300,8,2
2026-03-27,600036,13:17:28,39.4300,55,2
2026-03-27,600036,13:17:31,39.4500,28,1
2026-03-27,600036,13:17:34,39.4500,3,1
2026-03-27,600036,13:17:37,39.4400,39,2
2026-03-27,600036,13:17:40,39.4400,5,2
2026-03-27,600036,13:17:43,39.4400,6,1
2026-03-27,600036,13:17:46,39.4400,13,1
2026-03-27,600036,13:17:49,39.4400,14,1
2026-03-27,600036,13:17:52,39.4300,9,2
2026-03-27,600036,13:17:55,39.4300,15,2
2026-03-27,600036,13:17:58,39.4500,52,1
2026-03-27,600036,13:18:01,39.4400,167,2
2026-03-27,600036,13:18:04,39.4200,1111,2
2026-03-27,600036,13:18:07,39.4200,155,2
2026-03-27,600036,13:18:10,39.4200,147,2
2026-03-27,600036,13:18:13,39.4200,58,2
2026-03-27,600036,13:18:16,39.4300,12,4
2026-03-27,600036,13:18:19,39.4300,55,2
2026-03-27,600036,13:18:22,39.4400,33,1
2026-03-27,600036,13:18:25,39.4400,9,1
2026-03-27,600036,13:18:28,39.4300,70,2
2026-03-27,600036,13:18:31,39.4400,11,1
2026-03-27,600036,13:18:34,39.4300,2,2
2026-03-27,600036,13:18:37,39.4300,19,2
2026-03-27,600036,13:18:40,39.4300,29,2
2026-03-27,600036,13:18:43,39.4300,8,1
2026-03-27,600036,13:18:46,39.4400,22,1
2026-03-27,600036,13:18:49,39.4300,18,4
2026-03-27,600036,13:18:52,39.4300,62,2
2026-03-27,600036,13:18:55,39.4300,125,1
2026-03-27,600036,13:18:58,39.4200,21,2
2026-03-27,600036,13:19:01,39.4100,258,2
2026-03-27,600036,13:19:04,39.4000,69,2
2026-03-27,600036,13:19:07,39.4000,28,2
2026-03-27,600036,13:19:10,39.4000,54,2
2026-03-27,600036,13:19:13,39.4100,27,1
2026-03-27,600036,13:19:16,39.4100,147,2
2026-03-27,600036,13:19:19,39.4100,11,2
2026-03-27,600036,13:19:22,39.4200,6,1
2026-03-27,600036,13:19:25,39.4100,1,1
2026-03-27,600036,13:19:28,39.4000,106,2
2026-03-27,600036,13:19:31,39.4000,4,2
2026-03-27,600036,13:19:34,39.4000,7,2
2026-03-27,600036,13:19:37,39.4100,22,1
2026-03-27,600036,13:19:40,39.4100,3,1
2026-03-27,600036,13:19:43,39.4000,30,2
2026-03-27,600036,13:19:46,39.4000,12,2
2026-03-27,600036,13:19:49,39.4000,20,2
2026-03-27,600036,13:19:52,39.4000,10,2
2026-03-27,600036,13:19:55,39.4100,4,1
2026-03-27,600036,13:19:58,39.4100,46,1
2026-03-27,600036,13:20:01,39.4000,97,2
2026-03-27,600036,13:20:04,39.4100,12,1
2026-03-27,600036,13:20:07,39.3900,118,2
2026-03-27,600036,13:20:10,39.4100,86,1
2026-03-27,600036,13:20:16,39.4000,87,2
2026-03-27,600036,13:20:19,39.4000,26,1
2026-03-27,600036,13:20:22,39.4100,29,1
2026-03-27,600036,13:20:25,39.4000,40,2
2026-03-27,600036,13:20:28,39.4100,13,1
2026-03-27,600036,13:20:31,39.4100,11,1
2026-03-27,600036,13:20:34,39.4100,31,1
2026-03-27,600036,13:20:37,39.4000,14,2
2026-03-27,600036,13:20:40,39.4100,16,1
2026-03-27,600036,13:20:46,39.4000,21,2
2026-03-27,600036,13:20:49,39.4000,2,2
2026-03-27,600036,13:20:52,39.4000,19,2
2026-03-27,600036,13:20:55,39.3900,36,2
2026-03-27,600036,13:20:58,39.3900,120,2
2026-03-27,600036,13:21:01,39.3900,151,2
2026-03-27,600036,13:21:04,39.3900,33,2
2026-03-27,600036,13:21:10,39.4000,89,1
2026-03-27,600036,13:21:13,39.4000,6,2
2026-03-27,600036,13:21:16,39.4100,37,1
2026-03-27,600036,13:21:19,39.4100,127,1
2026-03-27,600036,13:21:22,39.4100,155,1
2026-03-27,600036,13:21:25,39.4100,72,1
2026-03-27,600036,13:21:28,39.4100,12,1
2026-03-27,600036,13:21:31,39.4100,67,1
2026-03-27,600036,13:21:34,39.4100,2,1
2026-03-27,600036,13:21:37,39.4000,20,2
2026-03-27,600036,13:21:40,39.4100,2,1
2026-03-27,600036,13:21:46,39.4100,8,1
2026-03-27,600036,13:21:49,39.4000,16,2
2026-03-27,600036,13:21:52,39.4000,104,2
2026-03-27,600036,13:21:58,39.4100,28,1
2026-03-27,600036,13:22:01,39.4100,171,1
2026-03-27,600036,13:22:04,39.4100,67,1
2026-03-27,600036,13:22:07,39.4000,33,2
2026-03-27,600036,13:22:10,39.4000,23,2
2026-03-27,600036,13:22:13,39.4000,14,2
2026-03-27,600036,13:22:16,39.4100,12,1
2026-03-27,600036,13:22:19,39.4000,22,2
2026-03-27,600036,13:22:22,39.4000,79,2
2026-03-27,600036,13:22:25,39.4000,12,1
2026-03-27,600036,13:22:28,39.4000,10,1
2026-03-27,600036,13:22:31,39.3900,201,2
2026-03-27,600036,13:22:34,39.3900,68,2
2026-03-27,600036,13:22:37,39.3700,659,2
2026-03-27,600036,13:22:40,39.3800,21,1
2026-03-27,600036,13:22:43,39.3600,229,2
2026-03-27,600036,13:22:46,39.3600,402,2
2026-03-27,600036,13:22:49,39.3600,372,1
2026-03-27,600036,13:22:52,39.3400,296,2
2026-03-27,600036,13:22:55,39.3300,122,2
2026-03-27,600036,13:22:58,39.3300,103,2
2026-03-27,600036,13:23:01,39.3500,77,1
2026-03-27,600036,13:23:04,39.3500,120,1
2026-03-27,600036,13:23:07,39.3400,42,2
2026-03-27,600036,13:23:10,39.3500,5,1
2026-03-27,600036,13:23:13,39.3500,29,1
2026-03-27,600036,13:23:16,39.3500,13,2
2026-03-27,600036,13:23:19,39.3500,6,2
2026-03-27,600036,13:23:22,39.3500,3,2
2026-03-27,600036,13:23:25,39.3600,11,1
2026-03-27,600036,13:23:28,39.3600,9,1
2026-03-27,600036,13:23:31,39.3700,319,1
2026-03-27,600036,13:23:34,39.3600,10,2
2026-03-27,600036,13:23:37,39.3600,75,2
2026-03-27,600036,13:23:40,39.3600,35,1
2026-03-27,600036,13:23:43,39.3600,33,1
2026-03-27,600036,13:23:46,39.3600,727,2
2026-03-27,600036,13:23:49,39.3500,63,2
2026-03-27,600036,13:23:52,39.3600,3,4
2026-03-27,600036,13:23:55,39.3500,54,2
2026-03-27,600036,13:23:58,39.3600,21,4
2026-03-27,600036,13:24:01,39.3600,13,2
2026-03-27,600036,13:24:04,39.3600,34,2
2026-03-27,600036,13:24:07,39.3600,3,2
2026-03-27,600036,13:24:10,39.3700,19,1
2026-03-27,600036,13:24:13,39.3600,6,2
2026-03-27,600036,13:24:16,39.3600,5,2
2026-03-27,600036,13:24:19,39.3600,15,2
2026-03-27,600036,13:24:22,39.3700,6,1
2026-03-27,600036,13:24:25,39.3700,27,1
2026-03-27,600036,13:24:28,39.3600,122,2
2026-03-27,600036,13:24:31,39.3600,20,2
2026-03-27,600036,13:24:34,39.3600,54,1
2026-03-27,600036,13:24:37,39.3600,13,2
2026-03-27,600036,13:24:40,39.3600,55,1
2026-03-27,600036,13:24:43,39.3500,3,2
2026-03-27,600036,13:24:46,39.3600,34,1
2026-03-27,600036,13:24:49,39.3600,4,1
2026-03-27,600036,13:24:52,39.3500,9,2
2026-03-27,600036,13:24:55,39.3600,21,1
2026-03-27,600036,13:24:58,39.3500,32,2
2026-03-27,600036,13:25:01,39.3500,10,2
2026-03-27,600036,13:25:07,39.3500,32,2
2026-03-27,600036,13:25:10,39.3600,37,1
2026-03-27,600036,13:25:13,39.3600,33,1
2026-03-27,600036,13:25:16,39.3500,27,2
2026-03-27,600036,13:25:19,39.3600,10,1
2026-03-27,600036,13:25:22,39.3500,31,2
2026-03-27,600036,13:25:25,39.3500,88,2
2026-03-27,600036,13:25:28,39.3500,1,2
2026-03-27,600036,13:25:31,39.3500,75,2
2026-03-27,600036,13:25:34,39.3500,67,2
2026-03-27,600036,13:25:37,39.3600,92,1
2026-03-27,600036,13:25:40,39.3700,58,1
2026-03-27,600036,13:25:43,39.3600,50,2
2026-03-27,600036,13:25:46,39.3700,17,1
2026-03-27,600036,13:25:49,39.3600,70,2
2026-03-27,600036,13:25:52,39.3700,32,1
2026-03-27,600036,13:25:55,39.3600,1,2
2026-03-27,600036,13:25:58,39.3600,3,2
2026-03-27,600036,13:26:01,39.3700,41,1
2026-03-27,600036,13:26:04,39.3600,4,2
2026-03-27,600036,13:26:07,39.3700,39,1
2026-03-27,600036,13:26:10,39.3700,292,1
2026-03-27,600036,13:26:13,39.3700,185,2
2026-03-27,600036,13:26:16,39.3700,148,2
2026-03-27,600036,13:26:19,39.3800,4,4
2026-03-27,600036,13:26:22,39.3800,4,2
2026-03-27,600036,13:26:25,39.3800,22,2
2026-03-27,600036,13:26:28,39.3800,31,2
2026-03-27,600036,13:26:31,39.3800,12,2
2026-03-27,600036,13:26:34,39.3800,23,2
2026-03-27,600036,13:26:37,39.3800,32,2
2026-03-27,600036,13:26:40,39.3800,111,1
2026-03-27,600036,13:26:43,39.3700,4,2
2026-03-27,600036,13:26:46,39.3800,21,1
2026-03-27,600036,13:26:49,39.3900,11,1
2026-03-27,600036,13:26:52,39.3800,24,2
2026-03-27,600036,13:26:55,39.3800,33,1
2026-03-27,600036,13:26:58,39.3700,54,2
2026-03-27,600036,13:27:01,39.3700,48,2
2026-03-27,600036,13:27:04,39.3800,5,2
2026-03-27,600036,13:27:07,39.3800,8,2
2026-03-27,600036,13:27:10,39.3800,63,2
2026-03-27,600036,13:27:13,39.3900,8,1
2026-03-27,600036,13:27:16,39.3900,101,1
2026-03-27,600036,13:27:19,39.3800,38,4
2026-03-27,600036,13:27:22,39.4000,123,1
2026-03-27,600036,13:27:28,39.3900,5,2
2026-03-27,600036,13:27:31,39.4000,395,1
2026-03-27,600036,13:27:34,39.4100,20,1
2026-03-27,600036,13:27:37,39.4000,258,2
2026-03-27,600036,13:27:40,39.3900,52,2
2026-03-27,600036,13:27:43,39.4000,36,1
2026-03-27,600036,13:27:46,39.4000,1,1
2026-03-27,600036,13:27:49,39.3900,14,2
2026-03-27,600036,13:27:52,39.3900,8,2
2026-03-27,600036,13:27:55,39.3900,6,2
2026-03-27,600036,13:27:58,39.3900,1,2
2026-03-27,600036,13:28:01,39.4000,70,1
2026-03-27,600036,13:28:04,39.4000,31,1
2026-03-27,600036,13:28:07,39.3900,5,1
2026-03-27,600036,13:28:10,39.4000,18,1
2026-03-27,600036,13:28:13,39.3900,13,2
2026-03-27,600036,13:28:16,39.3900,11,1
2026-03-27,600036,13:28:19,39.3900,2,4
2026-03-27,600036,13:28:22,39.3900,16,2
2026-03-27,600036,13:28:25,39.3900,5,1
2026-03-27,600036,13:28:28,39.3900,6,1
2026-03-27,600036,13:28:34,39.3800,14,2
2026-03-27,600036,13:28:37,39.3800,4,2
2026-03-27,600036,13:28:40,39.3800,3,2
2026-03-27,600036,13:28:49,39.3800,33,2
2026-03-27,600036,13:28:52,39.3900,11,1
2026-03-27,600036,13:28:55,39.3900,14,1
2026-03-27,600036,13:28:58,39.3900,53,1
2026-03-27,600036,13:29:01,39.3900,20,2
2026-03-27,600036,13:29:04,39.3900,18,2
2026-03-27,600036,13:29:07,39.3900,3,2
2026-03-27,600036,13:29:13,39.3900,6,2
2026-03-27,600036,13:29:16,39.3900,16,2
2026-03-27,600036,13:29:19,39.3900,24,2
2026-03-27,600036,13:29:22,39.3900,1,1
2026-03-27,600036,13:29:25,39.3900,21,1
2026-03-27,600036,13:29:28,39.3800,19,2
2026-03-27,600036,13:29:31,39.3800,1,2
2026-03-27,600036,13:29:34,39.3800,22,2
2026-03-27,600036,13:29:37,39.3800,84,2
2026-03-27,600036,13:29:40,39.3800,4,2
2026-03-27,600036,13:29:43,39.3800,2,2
2026-03-27,600036,13:29:46,39.3800,33,2
2026-03-27,600036,13:29:49,39.3900,9,1
2026-03-27,600036,13:29:52,39.3800,14,2
2026-03-27,600036,13:29:55,39.3800,19,2
2026-03-27,600036,13:29:58,39.3900,9,1
2026-03-27,600036,13:30:01,39.3800,92,2
2026-03-27,600036,13:30:07,39.3800,6,2
2026-03-27,600036,13:30:10,39.3900,5,1
2026-03-27,600036,13:30:13,39.3900,5,1
2026-03-27,600036,13:30:16,39.3900,1,1
2026-03-27,600036,13:30:19,39.3900,36,1
2026-03-27,600036,13:30:22,39.3900,11,1
2026-03-27,600036,13:30:25,39.3800,18,2
2026-03-27,600036,13:30:28,39.3800,17,2
2026-03-27,600036,13:30:31,39.3800,92,2
2026-03-27,600036,13:30:34,39.3800,74,2
2026-03-27,600036,13:30:37,39.3800,47,2
2026-03-27,600036,13:30:40,39.3800,134,2
2026-03-27,600036,13:30:43,39.3800,48,2
2026-03-27,600036,13:30:46,39.3800,43,2
2026-03-27,600036,13:30:49,39.3900,449,1
2026-03-27,600036,13:30:52,39.4000,31,1
2026-03-27,600036,13:30:55,39.3900,4,2
2026-03-27,600036,13:30:58,39.3900,62,2
2026-03-27,600036,13:31:01,39.3900,80,2
2026-03-27,600036,13:31:04,39.3900,37,2
2026-03-27,600036,13:31:07,39.4000,945,1
2026-03-27,600036,13:31:10,39.4000,16,2
2026-03-27,600036,13:31:13,39.4000,89,2
2026-03-27,600036,13:31:16,39.4100,57,1
2026-03-27,600036,13:31:19,39.4000,78,2
2026-03-27,600036,13:31:22,39.4100,61,4
2026-03-27,600036,13:31:25,39.4200,55,1
2026-03-27,600036,13:31:28,39.4300,102,1
2026-03-27,600036,13:31:31,39.4300,51,1
2026-03-27,600036,13:31:34,39.4300,3,1
2026-03-27,600036,13:31:37,39.4100,13,2
2026-03-27,600036,13:31:40,39.4300,116,1
2026-03-27,600036,13:31:43,39.4200,13,4
2026-03-27,600036,13:31:46,39.4000,122,2
2026-03-27,600036,13:31:49,39.4000,3,2
2026-03-27,600036,13:31:52,39.4000,78,2
2026-03-27,600036,13:31:55,39.4100,37,1
2026-03-27,600036,13:31:58,39.4000,16,2
2026-03-27,600036,13:32:01,39.4100,15,1
2026-03-27,600036,13:32:04,39.4000,28,2
2026-03-27,600036,13:32:07,39.3900,12,2
2026-03-27,600036,13:32:10,39.4000,18,1
2026-03-27,600036,13:32:13,39.4100,66,1
2026-03-27,600036,13:32:16,39.3900,30,2
2026-03-27,600036,13:32:19,39.3900,63,1
2026-03-27,600036,13:32:22,39.3800,143,2
2026-03-27,600036,13:32:25,39.3800,9,2
2026-03-27,600036,13:32:28,39.3700,101,2
2026-03-27,600036,13:32:31,39.3800,60,4
2026-03-27,600036,13:32:34,39.3800,9,2
2026-03-27,600036,13:32:37,39.3800,5,2
2026-03-27,600036,13:32:40,39.3900,133,1
2026-03-27,600036,13:32:43,39.3900,33,2
2026-03-27,600036,13:32:46,39.3900,22,2
2026-03-27,600036,13:32:49,39.4000,8,1
2026-03-27,600036,13:32:52,39.4000,39,1
2026-03-27,600036,13:32:55,39.3900,42,2
2026-03-27,600036,13:32:58,39.4000,202,1
2026-03-27,600036,13:33:01,39.4000,39,1
2026-03-27,600036,13:33:04,39.4000,305,1
2026-03-27,600036,13:33:07,39.3900,51,4
2026-03-27,600036,13:33:10,39.4000,163,1
2026-03-27,600036,13:33:13,39.4100,7,1
2026-03-27,600036,13:33:16,39.4100,17,1
2026-03-27,600036,13:33:19,39.4100,6,1
2026-03-27,600036,13:33:22,39.4000,19,2
2026-03-27,600036,13:33:25,39.4000,26,2
2026-03-27,600036,13:33:28,39.3900,21,2
2026-03-27,600036,13:33:31,39.4000,12,1
2026-03-27,600036,13:33:34,39.4000,2,1
2026-03-27,600036,13:33:37,39.3900,5,2
2026-03-27,600036,13:33:40,39.3900,9,2
2026-03-27,600036,13:33:43,39.4000,1,1
2026-03-27,600036,13:33:46,39.4000,8,1
2026-03-27,600036,13:33:49,39.3900,32,2
2026-03-27,600036,13:33:52,39.3900,15,2
2026-03-27,600036,13:33:55,39.3900,5,2
2026-03-27,600036,13:33:58,39.4000,12,1
2026-03-27,600036,13:34:01,39.3900,35,2
2026-03-27,600036,13:34:07,39.4000,16,1
2026-03-27,600036,13:34:10,39.3900,1,2
2026-03-27,600036,13:34:13,39.3900,17,2
2026-03-27,600036,13:34:16,39.4000,21,1
2026-03-27,600036,13:34:19,39.4000,6,1
2026-03-27,600036,13:34:22,39.4000,72,1
2026-03-27,600036,13:34:25,39.4000,170,2
2026-03-27,600036,13:34:28,39.4000,23,2
2026-03-27,600036,13:34:31,39.4000,3,1
2026-03-27,600036,13:34:34,39.3900,28,2
2026-03-27,600036,13:34:37,39.3900,287,2
2026-03-27,600036,13:34:40,39.3800,101,2
2026-03-27,600036,13:34:43,39.3800,16,2
2026-03-27,600036,13:34:46,39.3800,27,2
2026-03-27,600036,13:34:49,39.3700,226,2
2026-03-27,600036,13:34:52,39.3700,32,2
2026-03-27,600036,13:34:55,39.3700,21,2
2026-03-27,600036,13:34:58,39.3600,120,2
2026-03-27,600036,13:35:01,39.3600,61,2
2026-03-27,600036,13:35:04,39.3600,56,2
2026-03-27,600036,13:35:07,39.3600,13,2
2026-03-27,600036,13:35:10,39.3700,1,1
2026-03-27,600036,13:35:13,39.3700,13,1
2026-03-27,600036,13:35:16,39.3700,65,1
2026-03-27,600036,13:35:19,39.3600,24,2
2026-03-27,600036,13:35:22,39.3700,4,1
2026-03-27,600036,13:35:25,39.3700,44,1
2026-03-27,600036,13:35:28,39.3600,28,2
2026-03-27,600036,13:35:31,39.3800,465,1
2026-03-27,600036,13:35:34,39.3900,44,1
2026-03-27,600036,13:35:37,39.3800,4,2
2026-03-27,600036,13:35:40,39.3900,5,1
2026-03-27,600036,13:35:43,39.3900,119,1
2026-03-27,600036,13:35:46,39.3900,34,1
2026-03-27,600036,13:35:49,39.3800,5,2
2026-03-27,600036,13:35:52,39.3800,55,2
2026-03-27,600036,13:35:55,39.3800,3,1
2026-03-27,600036,13:35:58,39.3900,10,1
2026-03-27,600036,13:36:01,39.3900,97,1
2026-03-27,600036,13:36:04,39.3900,149,1
2026-03-27,600036,13:36:07,39.3800,6,2
2026-03-27,600036,13:36:13,39.4000,21,1
2026-03-27,600036,13:36:16,39.4000,403,1
2026-03-27,600036,13:36:19,39.4100,26,1
2026-03-27,600036,13:36:22,39.4000,119,2
2026-03-27,600036,13:36:25,39.4100,7,1
2026-03-27,600036,13:36:28,39.4000,15,2
2026-03-27,600036,13:36:31,39.4100,61,1
2026-03-27,600036,13:36:34,39.4000,14,2
2026-03-27,600036,13:36:37,39.4000,78,2
2026-03-27,600036,13:36:40,39.4000,17,1
2026-03-27,600036,13:36:43,39.3900,29,2
2026-03-27,600036,13:36:46,39.4000,59,1
2026-03-27,600036,13:36:49,39.4000,13,2
2026-03-27,600036,13:36:52,39.3900,317,2
2026-03-27,600036,13:36:55,39.3900,20,1
2026-03-27,600036,13:36:58,39.3900,14,1
2026-03-27,600036,13:37:01,39.3800,12,2
2026-03-27,600036,13:37:04,39.3900,13,4
2026-03-27,600036,13:37:07,39.3800,15,2
2026-03-27,600036,13:37:10,39.3900,9,1
2026-03-27,600036,13:37:13,39.3900,28,1
2026-03-27,600036,13:37:16,39.3900,27,1
2026-03-27,600036,13:37:19,39.3800,40,2
2026-03-27,600036,13:37:22,39.3900,4,1
2026-03-27,600036,13:37:25,39.3800,12,2
2026-03-27,600036,13:37:28,39.3900,5,2
2026-03-27,600036,13:37:31,39.4000,3,1
2026-03-27,600036,13:37:34,39.3900,12,2
2026-03-27,600036,13:37:37,39.3900,13,2
2026-03-27,600036,13:37:40,39.4000,6,1
2026-03-27,600036,13:37:43,39.4000,39,1
2026-03-27,600036,13:37:46,39.4000,20,1
2026-03-27,600036,13:37:49,39.4000,26,1
2026-03-27,600036,13:37:52,39.4000,1,1
2026-03-27,600036,13:37:55,39.4000,14,1
2026-03-27,600036,13:37:58,39.3900,7,2
2026-03-27,600036,13:38:01,39.4000,104,1
2026-03-27,600036,13:38:04,39.4000,19,1
2026-03-27,600036,13:38:07,39.3900,5,2
2026-03-27,600036,13:38:10,39.4000,9,1
2026-03-27,600036,13:38:13,39.4000,9,1
2026-03-27,600036,13:38:16,39.4000,2,1
2026-03-27,600036,13:38:19,39.4000,8,1
2026-03-27,600036,13:38:22,39.4000,26,1
2026-03-27,600036,13:38:25,39.3900,10,2
2026-03-27,600036,13:38:28,39.3800,252,2
2026-03-27,600036,13:38:31,39.3800,40,1
2026-03-27,600036,13:38:34,39.3800,49,1
2026-03-27,600036,13:38:37,39.4000,1138,1
2026-03-27,600036,13:38:40,39.4000,202,1
2026-03-27,600036,13:38:46,39.4000,26,2
2026-03-27,600036,13:38:49,39.4000,6,2
2026-03-27,600036,13:38:52,39.4000,16,2
2026-03-27,600036,13:38:55,39.4000,71,2
2026-03-27,600036,13:38:58,39.4100,46,1
2026-03-27,600036,13:39:01,39.4000,122,2
2026-03-27,600036,13:39:04,39.4000,77,1
2026-03-27,600036,13:39:07,39.4000,846,1
2026-03-27,600036,13:39:10,39.4000,3,2
2026-03-27,600036,13:39:13,39.4000,18,2
2026-03-27,600036,13:39:16,39.3900,124,2
2026-03-27,600036,13:39:19,39.4100,88,1
2026-03-27,600036,13:39:22,39.4000,32,1
2026-03-27,600036,13:39:25,39.4000,20,1
2026-03-27,600036,13:39:28,39.3900,13,2
2026-03-27,600036,13:39:31,39.3900,14,2
2026-03-27,600036,13:39:37,39.4000,32,1
2026-03-27,600036,13:39:40,39.3900,4,2
2026-03-27,600036,13:39:43,39.3900,23,2
2026-03-27,600036,13:39:49,39.4000,32,1
2026-03-27,600036,13:39:52,39.4000,4,1
2026-03-27,600036,13:39:55,39.3900,64,2
2026-03-27,600036,13:39:58,39.3900,16,2
2026-03-27,600036,13:40:04,39.3900,10,2
2026-03-27,600036,13:40:07,39.4000,87,1
2026-03-27,600036,13:40:10,39.3900,31,2
2026-03-27,600036,13:40:13,39.4000,58,1
2026-03-27,600036,13:40:16,39.4000,13,1
2026-03-27,600036,13:40:19,39.4000,8,1
2026-03-27,600036,13:40:22,39.4100,13,1
2026-03-27,600036,13:40:25,39.4000,7,2
2026-03-27,600036,13:40:28,39.3900,424,2
2026-03-27,600036,13:40:31,39.3900,29,1
2026-03-27,600036,13:40:34,39.3900,640,1
2026-03-27,600036,13:40:37,39.4000,3,1
2026-03-27,600036,13:40:40,39.4000,5,1
2026-03-27,600036,13:40:43,39.4000,16,1
2026-03-27,600036,13:40:46,39.4000,26,1
2026-03-27,600036,13:40:49,39.4000,42,1
2026-03-27,600036,13:40:52,39.4000,2,1
2026-03-27,600036,13:40:55,39.3900,8,2
2026-03-27,600036,13:40:58,39.3900,3,2
2026-03-27,600036,13:41:01,39.4000,17,1
2026-03-27,600036,13:41:04,39.3900,36,2
2026-03-27,600036,13:41:07,39.4000,49,1
2026-03-27,600036,13:41:10,39.3900,21,2
2026-03-27,600036,13:41:13,39.4000,24,1
2026-03-27,600036,13:41:19,39.4000,19,1
2026-03-27,600036,13:41:22,39.4000,52,1
2026-03-27,600036,13:41:25,39.4000,13,1
2026-03-27,600036,13:41:28,39.4000,31,1
2026-03-27,600036,13:41:31,39.4000,4,1
2026-03-27,600036,13:41:34,39.4100,591,1
2026-03-27,600036,13:41:37,39.4100,95,1
2026-03-27,600036,13:41:40,39.4200,8,1
2026-03-27,600036,13:41:43,39.4100,21,2
2026-03-27,600036,13:41:46,39.4200,45,1
2026-03-27,600036,13:41:49,39.4200,14,1
2026-03-27,600036,13:41:52,39.4200,17,1
2026-03-27,600036,13:41:55,39.4300,10,1
2026-03-27,600036,13:41:58,39.4200,4,2
2026-03-27,600036,13:42:01,39.4200,45,2
2026-03-27,600036,13:42:04,39.4200,37,2
2026-03-27,600036,13:42:07,39.4100,412,2
2026-03-27,600036,13:42:10,39.4200,44,1
2026-03-27,600036,13:42:13,39.4200,300,2
2026-03-27,600036,13:42:16,39.4100,366,2
2026-03-27,600036,13:42:19,39.4200,12,1
2026-03-27,600036,13:42:22,39.4200,1,1
2026-03-27,600036,13:42:25,39.4100,20,2
2026-03-27,600036,13:42:28,39.4200,1,1
2026-03-27,600036,13:42:31,39.4200,1,1
2026-03-27,600036,13:42:34,39.4100,51,2
2026-03-27,600036,13:42:37,39.4000,670,2
2026-03-27,600036,13:42:40,39.3900,5,2
2026-03-27,600036,13:42:43,39.4100,11,1
2026-03-27,600036,13:42:46,39.3900,117,2
2026-03-27,600036,13:42:49,39.4000,14,4
2026-03-27,600036,13:42:52,39.4000,49,1
2026-03-27,600036,13:42:55,39.4000,22,2
2026-03-27,600036,13:42:58,39.3900,53,2
2026-03-27,600036,13:43:01,39.4000,21,1
2026-03-27,600036,13:43:04,39.4000,37,1
2026-03-27,600036,13:43:07,39.4000,32,1
2026-03-27,600036,13:43:10,39.4100,63,1
2026-03-27,600036,13:43:13,39.4100,26,1
2026-03-27,600036,13:43:16,39.4100,26,1
2026-03-27,600036,13:43:19,39.4200,180,1
2026-03-27,600036,13:43:22,39.4200,61,1
2026-03-27,600036,13:43:25,39.4100,42,4
2026-03-27,600036,13:43:28,39.4100,2,2
2026-03-27,600036,13:43:31,39.4100,1,2
2026-03-27,600036,13:43:34,39.4100,10,2
2026-03-27,600036,13:43:37,39.4100,25,2
2026-03-27,600036,13:43:40,39.4100,6,2
2026-03-27,600036,13:43:43,39.4000,171,2
2026-03-27,600036,13:43:46,39.4000,22,1
2026-03-27,600036,13:43:49,39.4000,3,1
2026-03-27,600036,13:43:52,39.4000,11,1
2026-03-27,600036,13:43:55,39.4000,182,1
2026-03-27,600036,13:43:58,39.3900,12,2
2026-03-27,600036,13:44:01,39.4000,126,1
2026-03-27,600036,13:44:04,39.4000,211,1
2026-03-27,600036,13:44:07,39.3900,245,2
2026-03-27,600036,13:44:10,39.4000,44,1
2026-03-27,600036,13:44:13,39.4000,353,1
2026-03-27,600036,13:44:16,39.4000,29,1
2026-03-27,600036,13:44:19,39.4000,95,1
2026-03-27,600036,13:44:22,39.4000,175,2
2026-03-27,600036,13:44:25,39.4000,7,1
2026-03-27,600036,13:44:28,39.4000,142,1
2026-03-27,600036,13:44:31,39.3900,75,2
2026-03-27,600036,13:44:34,39.4100,126,1
2026-03-27,600036,13:44:37,39.4000,1,2
2026-03-27,600036,13:44:40,39.4000,2,2
2026-03-27,600036,13:44:43,39.4000,58,2
2026-03-27,600036,13:44:46,39.4000,41,1
2026-03-27,600036,13:44:52,39.4000,39,1
2026-03-27,600036,13:44:58,39.4100,2,1
2026-03-27,600036,13:45:01,39.4000,1,2
2026-03-27,600036,13:45:04,39.4000,11,2
2026-03-27,600036,13:45:07,39.4100,4,1
2026-03-27,600036,13:45:10,39.4000,7,2
2026-03-27,600036,13:45:13,39.4100,20,1
2026-03-27,600036,13:45:16,39.4100,50,1
2026-03-27,600036,13:45:19,39.4100,25,1
2026-03-27,600036,13:45:22,39.4100,8,1
2026-03-27,600036,13:45:25,39.4100,23,1
2026-03-27,600036,13:45:28,39.4000,21,2
2026-03-27,600036,13:45:31,39.4100,119,1
2026-03-27,600036,13:45:34,39.4100,6,1
2026-03-27,600036,13:45:37,39.4000,28,2
2026-03-27,600036,13:45:40,39.4100,39,1
2026-03-27,600036,13:45:43,39.4100,5,1
2026-03-27,600036,13:45:49,39.4000,20,2
2026-03-27,600036,13:45:52,39.4000,22,2
2026-03-27,600036,13:45:55,39.4100,6,1
2026-03-27,600036,13:45:58,39.4100,3,1
2026-03-27,600036,13:46:01,39.4000,22,2
2026-03-27,600036,13:46:04,39.4000,4,2
2026-03-27,600036,13:46:07,39.4100,9,1
2026-03-27,600036,13:46:13,39.4000,1,2
2026-03-27,600036,13:46:16,39.4000,68,2
2026-03-27,600036,13:46:19,39.4100,61,1
2026-03-27,600036,13:46:22,39.4100,81,1
2026-03-27,600036,13:46:28,39.4000,65,2
2026-03-27,600036,13:46:31,39.4000,24,2
2026-03-27,600036,13:46:34,39.4000,8,2
2026-03-27,600036,13:46:37,39.4000,24,2
2026-03-27,600036,13:46:40,39.4000,2,2
2026-03-27,600036,13:46:43,39.4000,28,2
2026-03-27,600036,13:46:46,39.4000,13,2
2026-03-27,600036,13:46:49,39.4200,339,1
2026-03-27,600036,13:46:52,39.4100,26,2
2026-03-27,600036,13:46:55,39.4100,20,2
2026-03-27,600036,13:46:58,39.3900,3646,2
2026-03-27,600036,13:47:01,39.3700,54,2
2026-03-27,600036,13:47:04,39.3800,2,4
2026-03-27,600036,13:47:07,39.3900,45,1
2026-03-27,600036,13:47:10,39.3800,5,2
2026-03-27,600036,13:47:16,39.3800,10,2
2026-03-27,600036,13:47:19,39.3800,12,2
2026-03-27,600036,13:47:22,39.3800,19,2
2026-03-27,600036,13:47:25,39.3900,63,1
2026-03-27,600036,13:47:28,39.3900,13,1
2026-03-27,600036,13:47:31,39.3800,5,2
2026-03-27,600036,13:47:37,39.3900,25,1
2026-03-27,600036,13:47:40,39.3900,44,1
2026-03-27,600036,13:47:43,39.3900,5,1
2026-03-27,600036,13:47:46,39.4000,883,1
2026-03-27,600036,13:47:49,39.4000,44,2
2026-03-27,600036,13:47:52,39.4000,18,2
2026-03-27,600036,13:47:55,39.4000,8,2
2026-03-27,600036,13:48:01,39.4000,104,2
2026-03-27,600036,13:48:04,39.3900,98,2
2026-03-27,600036,13:48:07,39.4000,10,1
2026-03-27,600036,13:48:10,39.3900,14,2
2026-03-27,600036,13:48:13,39.4000,41,1
2026-03-27,600036,13:48:16,39.4000,19,2
2026-03-27,600036,13:48:19,39.3900,342,2
2026-03-27,600036,13:48:22,39.4000,68,1
2026-03-27,600036,13:48:25,39.3900,4,2
2026-03-27,600036,13:48:28,39.4000,1,1
2026-03-27,600036,13:48:31,39.4000,5,1
2026-03-27,600036,13:48:34,39.4000,13,1
2026-03-27,600036,13:48:37,39.4100,9,1
2026-03-27,600036,13:48:40,39.4000,8,4
2026-03-27,600036,13:48:43,39.4000,58,2
2026-03-27,600036,13:48:46,39.4100,22,1
2026-03-27,600036,13:48:49,39.4000,73,2
2026-03-27,600036,13:48:52,39.4100,6,1
2026-03-27,600036,13:48:55,39.4100,39,1
2026-03-27,600036,13:48:58,39.4100,23,1
2026-03-27,600036,13:49:01,39.4100,105,1
2026-03-27,600036,13:49:04,39.4100,13,1
2026-03-27,600036,13:49:07,39.4100,89,1
2026-03-27,600036,13:49:10,39.4000,45,2
2026-03-27,600036,13:49:13,39.4100,2,1
2026-03-27,600036,13:49:16,39.4100,22,1
2026-03-27,600036,13:49:19,39.4000,176,2
2026-03-27,600036,13:49:22,39.3800,170,2
2026-03-27,600036,13:49:25,39.4000,98,1
2026-03-27,600036,13:49:28,39.4000,11,1
2026-03-27,600036,13:49:31,39.4000,58,2
2026-03-27,600036,13:49:34,39.4000,31,1
2026-03-27,600036,13:49:37,39.4000,29,1
2026-03-27,600036,13:49:40,39.4000,37,1
2026-03-27,600036,13:49:43,39.4000,6,1
2026-03-27,600036,13:49:46,39.3900,335,2
2026-03-27,600036,13:49:49,39.3900,81,1
2026-03-27,600036,13:49:52,39.3900,16,1
2026-03-27,600036,13:49:58,39.3900,12,1
2026-03-27,600036,13:50:01,39.3900,8,1
2026-03-27,600036,13:50:04,39.3900,31,1
2026-03-27,600036,13:50:07,39.3900,43,1
2026-03-27,600036,13:50:10,39.3900,1,1
2026-03-27,600036,13:50:13,39.4000,66,1
2026-03-27,600036,13:50:16,39.3900,15,2
2026-03-27,600036,13:50:19,39.4000,42,1
2026-03-27,600036,13:50:22,39.3900,31,2
2026-03-27,600036,13:50:25,39.3800,469,2
2026-03-27,600036,13:50:28,39.3900,66,1
2026-03-27,600036,13:50:31,39.3900,49,1
2026-03-27,600036,13:50:34,39.3900,10,1
2026-03-27,600036,13:50:37,39.3900,13,1
2026-03-27,600036,13:50:40,39.3900,9,1
2026-03-27,600036,13:50:43,39.3900,46,1
2026-03-27,600036,13:50:46,39.3900,24,1
2026-03-27,600036,13:50:49,39.3900,33,1
2026-03-27,600036,13:50:52,39.3800,54,2
2026-03-27,600036,13:50:55,39.3900,19,1
2026-03-27,600036,13:50:58,39.3800,8,2
2026-03-27,600036,13:51:01,39.3800,90,2
2026-03-27,600036,13:51:04,39.3900,124,1
2026-03-27,600036,13:51:07,39.3900,124,1
2026-03-27,600036,13:51:10,39.3900,44,1
2026-03-27,600036,13:51:13,39.3900,144,1
2026-03-27,600036,13:51:16,39.3900,61,1
2026-03-27,600036,13:51:19,39.4000,1219,1
2026-03-27,600036,13:51:22,39.4000,379,2
2026-03-27,600036,13:51:25,39.4000,27,2
2026-03-27,600036,13:51:28,39.4200,30,1
2026-03-27,600036,13:51:31,39.4200,201,1
2026-03-27,600036,13:51:34,39.4200,184,1
2026-03-27,600036,13:51:37,39.4200,10,1
2026-03-27,600036,13:51:40,39.4200,16,1
2026-03-27,600036,13:51:43,39.4000,37,2
2026-03-27,600036,13:51:46,39.4100,12,1
2026-03-27,600036,13:51:49,39.4000,28,2
2026-03-27,600036,13:51:52,39.4000,26,2
2026-03-27,600036,13:51:55,39.4100,1,1
2026-03-27,600036,13:51:58,39.4100,12,1
2026-03-27,600036,13:52:01,39.4100,11,1
2026-03-27,600036,13:52:04,39.4000,107,2
2026-03-27,600036,13:52:07,39.3900,678,2
2026-03-27,600036,13:52:10,39.4000,77,1
2026-03-27,600036,13:52:13,39.3900,9,2
2026-03-27,600036,13:52:16,39.3900,17,4
2026-03-27,600036,13:52:19,39.4000,5,1
2026-03-27,600036,13:52:22,39.3900,55,2
2026-03-27,600036,13:52:25,39.3900,3,2
2026-03-27,600036,13:52:31,39.3900,3,2
2026-03-27,600036,13:52:34,39.4000,10,1
2026-03-27,600036,13:52:37,39.3900,15,2
2026-03-27,600036,13:52:40,39.3900,16,2
2026-03-27,600036,13:52:43,39.3900,11,2
2026-03-27,600036,13:52:46,39.3900,25,2
2026-03-27,600036,13:52:49,39.3900,18,1
2026-03-27,600036,13:52:52,39.3900,5,1
2026-03-27,600036,13:52:55,39.3900,2,1
2026-03-27,600036,13:52:58,39.3800,34,2
2026-03-27,600036,13:53:01,39.3800,18,2
2026-03-27,600036,13:53:04,39.3800,8,2
2026-03-27,600036,13:53:07,39.3800,86,2
2026-03-27,600036,13:53:10,39.3700,381,2
2026-03-27,600036,13:53:13,39.3800,105,1
2026-03-27,600036,13:53:16,39.3900,32,1
2026-03-27,600036,13:53:19,39.3900,1,1
2026-03-27,600036,13:53:22,39.3900,24,1
2026-03-27,600036,13:53:25,39.3800,6,2
2026-03-27,600036,13:53:28,39.3800,15,2
2026-03-27,600036,13:53:31,39.3800,13,2
2026-03-27,600036,13:53:34,39.3900,11,1
2026-03-27,600036,13:53:37,39.3900,63,1
2026-03-27,600036,13:53:40,39.3800,22,2
2026-03-27,600036,13:53:43,39.3900,32,1
2026-03-27,600036,13:53:46,39.3800,53,2
2026-03-27,600036,13:53:49,39.3800,15,2
2026-03-27,600036,13:53:52,39.3800,35,2
2026-03-27,600036,13:53:55,39.3800,25,2
2026-03-27,600036,13:53:58,39.3900,222,1
2026-03-27,600036,13:54:01,39.3800,53,2
2026-03-27,600036,13:54:04,39.3900,6,1
2026-03-27,600036,13:54:07,39.3900,35,1
2026-03-27,600036,13:54:10,39.3900,16,1
2026-03-27,600036,13:54:13,39.3800,42,2
2026-03-27,600036,13:54:16,39.3900,27,1
2026-03-27,600036,13:54:19,39.3900,19,1
2026-03-27,600036,13:54:22,39.3800,1,2
2026-03-27,600036,13:54:25,39.3800,16,2
2026-03-27,600036,13:54:28,39.3800,141,2
2026-03-27,600036,13:54:31,39.3800,43,2
2026-03-27,600036,13:54:34,39.3900,82,1
2026-03-27,600036,13:54:37,39.4000,984,1
2026-03-27,600036,13:54:40,39.4100,49,1
2026-03-27,600036,13:54:43,39.4100,46,2
2026-03-27,600036,13:54:46,39.4200,111,1
2026-03-27,600036,13:54:49,39.4100,26,2
2026-03-27,600036,13:54:52,39.4100,24,1
2026-03-27,600036,13:54:55,39.4200,531,1
2026-03-27,600036,13:54:58,39.4100,4,2
2026-03-27,600036,13:55:01,39.4100,10,2
2026-03-27,600036,13:55:04,39.4100,7,2
2026-03-27,600036,13:55:07,39.4200,26,1
2026-03-27,600036,13:55:10,39.4100,5,2
2026-03-27,600036,13:55:13,39.4100,26,2
2026-03-27,600036,13:55:16,39.4100,27,2
2026-03-27,600036,13:55:19,39.4100,2,2
2026-03-27,600036,13:55:22,39.4100,7,2
2026-03-27,600036,13:55:25,39.4200,11,1
2026-03-27,600036,13:55:28,39.4100,71,2
2026-03-27,600036,13:55:31,39.4100,10,2
2026-03-27,600036,13:55:34,39.4100,75,2
2026-03-27,600036,13:55:37,39.4100,53,2
2026-03-27,600036,13:55:40,39.4100,23,2
2026-03-27,600036,13:55:43,39.4100,5,2
2026-03-27,600036,13:55:46,39.4200,4,1
2026-03-27,600036,13:55:49,39.4200,1,1
2026-03-27,600036,13:55:52,39.4200,23,1
2026-03-27,600036,13:55:55,39.4100,23,2
2026-03-27,600036,13:55:58,39.4200,1,1
2026-03-27,600036,13:56:01,39.4100,1,2
2026-03-27,600036,13:56:04,39.4100,26,2
2026-03-27,600036,13:56:07,39.4100,25,2
2026-03-27,600036,13:56:10,39.4300,1118,1
2026-03-27,600036,13:56:13,39.4400,336,1
2026-03-27,600036,13:56:16,39.4400,10,2
2026-03-27,600036,13:56:19,39.4400,15,2
2026-03-27,600036,13:56:28,39.4400,13,1
2026-03-27,600036,13:56:31,39.4300,213,2
2026-03-27,600036,13:56:34,39.4400,17,1
2026-03-27,600036,13:56:37,39.4300,247,2
2026-03-27,600036,13:56:40,39.4300,201,1
2026-03-27,600036,13:56:43,39.4300,306,1
2026-03-27,600036,13:56:46,39.4400,58,1
2026-03-27,600036,13:56:49,39.4400,4,4
2026-03-27,600036,13:56:52,39.4400,43,2
2026-03-27,600036,13:56:55,39.4400,13,2
2026-03-27,600036,13:56:58,39.4400,2,2
2026-03-27,600036,13:57:01,39.4400,10,2
2026-03-27,600036,13:57:04,39.4400,16,2
2026-03-27,600036,13:57:07,39.4500,16,1
2026-03-27,600036,13:57:10,39.4400,15,2
2026-03-27,600036,13:57:13,39.4400,50,1
2026-03-27,600036,13:57:16,39.4400,48,2
2026-03-27,600036,13:57:19,39.4400,55,2
2026-03-27,600036,13:57:22,39.4400,5,2
2026-03-27,600036,13:57:25,39.4500,262,1
2026-03-27,600036,13:57:28,39.4400,16,2
2026-03-27,600036,13:57:31,39.4400,11,2
2026-03-27,600036,13:57:34,39.4500,115,1
2026-03-27,600036,13:57:37,39.4500,157,1
2026-03-27,600036,13:57:40,39.4500,46,1
2026-03-27,600036,13:57:43,39.4500,61,1
2026-03-27,600036,13:57:46,39.4400,85,2
2026-03-27,600036,13:57:49,39.4500,13,4
2026-03-27,600036,13:57:52,39.4500,10,1
2026-03-27,600036,13:57:55,39.4500,56,1
2026-03-27,600036,13:57:58,39.4500,64,1
2026-03-27,600036,13:58:01,39.4500,116,1
2026-03-27,600036,13:58:04,39.4500,38,1
2026-03-27,600036,13:58:07,39.4500,25,2
2026-03-27,600036,13:58:10,39.4600,17,1
2026-03-27,600036,13:58:13,39.4600,203,1
2026-03-27,600036,13:58:16,39.4600,223,1
2026-03-27,600036,13:58:19,39.4600,16,1
2026-03-27,600036,13:58:22,39.4600,11,2
2026-03-27,600036,13:58:25,39.4800,239,1
2026-03-27,600036,13:58:28,39.4600,86,2
2026-03-27,600036,13:58:31,39.4700,2,1
2026-03-27,600036,13:58:34,39.4700,12,1
2026-03-27,600036,13:58:37,39.4500,866,2
2026-03-27,600036,13:58:40,39.4500,81,1
2026-03-27,600036,13:58:43,39.4600,37,1
2026-03-27,600036,13:58:46,39.4700,25,1
2026-03-27,600036,13:58:49,39.4600,8,2
2026-03-27,600036,13:58:52,39.4700,31,1
2026-03-27,600036,13:58:55,39.4400,526,2
2026-03-27,600036,13:58:58,39.4500,16,1
2026-03-27,600036,13:59:01,39.4400,31,2
2026-03-27,600036,13:59:04,39.4400,27,1
2026-03-27,600036,13:59:07,39.4400,17,1
2026-03-27,600036,13:59:10,39.4500,44,1
2026-03-27,600036,13:59:13,39.4500,12,1
2026-03-27,600036,13:59:16,39.4500,35,1
2026-03-27,600036,13:59:19,39.4500,29,1
2026-03-27,600036,13:59:22,39.4500,26,1
2026-03-27,600036,13:59:25,39.4500,4,1
2026-03-27,600036,13:59:28,39.4500,9,1
2026-03-27,600036,13:59:31,39.4400,63,2
2026-03-27,600036,13:59:34,39.4500,14,1
2026-03-27,600036,13:59:37,39.4400,74,2
2026-03-27,600036,13:59:40,39.4500,8,1
2026-03-27,600036,13:59:46,39.4400,127,2
2026-03-27,600036,13:59:49,39.4500,87,1
2026-03-27,600036,13:59:52,39.4400,9,2
2026-03-27,600036,13:59:55,39.4400,15,2
2026-03-27,600036,13:59:58,39.4400,7,2
2026-03-27,600036,14:00:01,39.4400,28,2
2026-03-27,600036,14:00:04,39.4400,13,2
2026-03-27,600036,14:00:07,39.4500,14,1
2026-03-27,600036,14:00:10,39.4400,18,2
2026-03-27,600036,14:00:13,39.4400,1,2
2026-03-27,600036,14:00:16,39.4500,18,1
2026-03-27,600036,14:00:19,39.4400,2,2
2026-03-27,600036,14:00:22,39.4500,215,1
2026-03-27,600036,14:00:25,39.4700,574,1
2026-03-27,600036,14:00:28,39.4700,383,1
2026-03-27,600036,14:00:31,39.4900,378,1
2026-03-27,600036,14:00:34,39.4800,8,1
2026-03-27,600036,14:00:37,39.5000,279,1
2026-03-27,600036,14:00:40,39.4800,14,2
2026-03-27,600036,14:00:43,39.4800,40,2
2026-03-27,600036,14:00:46,39.4700,37,2
2026-03-27,600036,14:00:49,39.4800,118,1
2026-03-27,600036,14:00:52,39.4600,117,2
2026-03-27,600036,14:00:55,39.4400,501,2
2026-03-27,600036,14:00:58,39.4400,67,1
2026-03-27,600036,14:01:01,39.4500,18,1
2026-03-27,600036,14:01:04,39.4600,34,1
2026-03-27,600036,14:01:07,39.4600,118,1
2026-03-27,600036,14:01:10,39.4600,6,2
2026-03-27,600036,14:01:13,39.4700,20,1
2026-03-27,600036,14:01:16,39.4700,27,1
2026-03-27,600036,14:01:19,39.4600,1,1
2026-03-27,600036,14:01:22,39.4600,13,1
2026-03-27,600036,14:01:25,39.4600,50,1
2026-03-27,600036,14:01:28,39.4400,79,2
2026-03-27,600036,14:01:31,39.4500,75,4
2026-03-27,600036,14:01:34,39.4300,43,2
2026-03-27,600036,14:01:37,39.4500,20,1
2026-03-27,600036,14:01:40,39.4400,29,2
2026-03-27,600036,14:01:43,39.4400,84,1
2026-03-27,600036,14:01:46,39.4600,30,1
2026-03-27,600036,14:01:49,39.4500,3,4
2026-03-27,600036,14:01:52,39.4500,5,1
2026-03-27,600036,14:01:55,39.4600,3,1
2026-03-27,600036,14:01:58,39.4500,489,2
2026-03-27,600036,14:02:01,39.4400,27,2
2026-03-27,600036,14:02:04,39.4500,6,1
2026-03-27,600036,14:02:07,39.4500,105,1
2026-03-27,600036,14:02:10,39.4600,72,1
2026-03-27,600036,14:02:13,39.4500,80,4
2026-03-27,600036,14:02:16,39.4400,63,2
2026-03-27,600036,14:02:19,39.4400,4,1
2026-03-27,600036,14:02:22,39.4300,15,2
2026-03-27,600036,14:02:25,39.4400,84,1
2026-03-27,600036,14:02:28,39.4300,44,2
2026-03-27,600036,14:02:31,39.4400,2,1
2026-03-27,600036,14:02:34,39.4400,171,1
2026-03-27,600036,14:02:37,39.4400,94,2
2026-03-27,600036,14:02:40,39.4500,9,1
2026-03-27,600036,14:02:43,39.4500,48,1
2026-03-27,600036,14:02:46,39.4500,1,2
2026-03-27,600036,14:02:55,39.4600,26,1
2026-03-27,600036,14:02:58,39.4600,18,1
2026-03-27,600036,14:03:01,39.4500,104,2
2026-03-27,600036,14:03:04,39.4500,439,2
2026-03-27,600036,14:03:07,39.4500,37,1
2026-03-27,600036,14:03:10,39.4600,48,1
2026-03-27,600036,14:03:13,39.4500,5,1
2026-03-27,600036,14:03:16,39.4500,60,1
2026-03-27,600036,14:03:19,39.4500,48,1
2026-03-27,600036,14:03:22,39.4500,3,1
2026-03-27,600036,14:03:25,39.4500,25,1
2026-03-27,600036,14:03:28,39.4400,92,2
2026-03-27,600036,14:03:31,39.4500,16,1
2026-03-27,600036,14:03:34,39.4500,14,1
2026-03-27,600036,14:03:37,39.4500,38,1
2026-03-27,600036,14:03:43,39.4500,6,1
2026-03-27,600036,14:03:46,39.4500,12,1
2026-03-27,600036,14:03:49,39.4500,7,1
2026-03-27,600036,14:03:52,39.4700,529,1
2026-03-27,600036,14:03:58,39.4700,116,1
2026-03-27,600036,14:04:01,39.4900,511,1
2026-03-27,600036,14:04:04,39.4700,39,1
2026-03-27,600036,14:04:07,39.4700,21,2
2026-03-27,600036,14:04:10,39.4700,204,2
2026-03-27,600036,14:04:13,39.4800,3,1
2026-03-27,600036,14:04:16,39.4700,9,1
2026-03-27,600036,14:04:19,39.4700,132,1
2026-03-27,600036,14:04:22,39.4600,15,4
2026-03-27,600036,14:04:25,39.4700,25,1
2026-03-27,600036,14:04:28,39.4700,14,1
2026-03-27,600036,14:04:31,39.4600,4,2
2026-03-27,600036,14:04:34,39.4600,1,2
2026-03-27,600036,14:04:37,39.4600,4,2
2026-03-27,600036,14:04:40,39.4700,34,1
2026-03-27,600036,14:04:43,39.4600,19,2
2026-03-27,600036,14:04:46,39.4700,1,1
2026-03-27,600036,14:04:49,39.4700,24,1
2026-03-27,600036,14:04:52,39.4700,3,1
2026-03-27,600036,14:04:55,39.4700,8,1
2026-03-27,600036,14:05:01,39.4600,360,2
2026-03-27,600036,14:05:04,39.4700,29,1
2026-03-27,600036,10:52:16,39.3600,25,2
2026-03-27,600036,10:52:19,39.3700,2,1
2026-03-27,600036,10:52:22,39.3700,61,1
2026-03-27,600036,10:52:25,39.3600,16,2
2026-03-27,600036,10:52:28,39.3700,17,1
2026-03-27,600036,10:52:31,39.3700,17,1
2026-03-27,600036,10:52:34,39.3600,28,2
2026-03-27,600036,10:52:37,39.3600,15,2
2026-03-27,600036,10:52:40,39.3700,6,1
2026-03-27,600036,10:52:43,39.3600,15,2
2026-03-27,600036,10:52:46,39.3700,4,1
2026-03-27,600036,10:52:49,39.3700,7,1
2026-03-27,600036,10:52:52,39.3700,6,1
2026-03-27,600036,10:52:55,39.3700,35,1
2026-03-27,600036,10:52:58,39.3700,10,1
2026-03-27,600036,10:53:01,39.3700,25,1
2026-03-27,600036,10:53:04,39.3700,40,1
2026-03-27,600036,10:53:07,39.3700,11,1
2026-03-27,600036,10:53:10,39.3600,54,2
2026-03-27,600036,10:53:13,39.3700,16,1
2026-03-27,600036,10:53:16,39.3700,123,1
2026-03-27,600036,10:53:19,39.3700,135,1
2026-03-27,600036,10:53:22,39.3700,24,1
2026-03-27,600036,10:53:25,39.3700,38,1
2026-03-27,600036,10:53:28,39.3700,144,1
2026-03-27,600036,10:53:31,39.3800,590,1
2026-03-27,600036,10:53:34,39.3800,51,1
2026-03-27,600036,10:53:37,39.3800,44,1
2026-03-27,600036,10:53:40,39.3800,56,2
2026-03-27,600036,10:53:43,39.3700,213,2
2026-03-27,600036,10:53:46,39.3700,104,1
2026-03-27,600036,10:53:49,39.3700,6,1
2026-03-27,600036,10:53:52,39.3700,57,1
2026-03-27,600036,10:53:55,39.3700,8,1
2026-03-27,600036,10:53:58,39.3700,14,1
2026-03-27,600036,10:54:01,39.3700,14,1
2026-03-27,600036,10:54:04,39.3700,109,1
2026-03-27,600036,10:54:07,39.3700,34,2
2026-03-27,600036,10:54:10,39.3800,50,1
2026-03-27,600036,10:54:13,39.3800,4,1
2026-03-27,600036,10:54:16,39.3700,8,2
2026-03-27,600036,10:54:19,39.3700,9,2
2026-03-27,600036,10:54:22,39.3600,403,2
2026-03-27,600036,10:54:25,39.3700,36,1
2026-03-27,600036,10:54:28,39.3600,51,2
2026-03-27,600036,10:54:34,39.3700,41,1
2026-03-27,600036,10:54:37,39.3700,25,1
2026-03-27,600036,10:54:40,39.3700,39,1
2026-03-27,600036,10:54:43,39.3600,20,2
2026-03-27,600036,10:54:46,39.3700,16,1
2026-03-27,600036,10:54:49,39.3700,5,1
2026-03-27,600036,10:54:52,39.3600,40,2
2026-03-27,600036,10:54:55,39.3600,66,2
2026-03-27,600036,10:54:58,39.3600,19,2
2026-03-27,600036,10:55:01,39.3700,33,1
2026-03-27,600036,10:55:04,39.3600,25,2
2026-03-27,600036,10:55:07,39.3700,11,1
2026-03-27,600036,10:55:10,39.3700,104,2
2026-03-27,600036,10:55:13,39.3600,31,2
2026-03-27,600036,10:55:16,39.3600,24,2
2026-03-27,600036,10:55:19,39.3600,235,2
2026-03-27,600036,10:55:22,39.3700,244,1
2026-03-27,600036,10:55:25,39.3700,182,2
2026-03-27,600036,10:55:28,39.3700,165,2
2026-03-27,600036,10:55:31,39.3600,120,2
2026-03-27,600036,10:55:34,39.3700,55,1
2026-03-27,600036,10:55:37,39.3700,47,1
2026-03-27,600036,10:55:40,39.3600,78,2
2026-03-27,600036,10:55:43,39.3600,98,2
2026-03-27,600036,10:55:46,39.3600,279,2
2026-03-27,600036,10:55:49,39.3600,947,2
2026-03-27,600036,10:55:52,39.3500,44,2
2026-03-27,600036,10:55:55,39.3600,54,1
2026-03-27,600036,10:55:58,39.3500,6,2
2026-03-27,600036,10:56:01,39.3500,16,2
2026-03-27,600036,10:56:04,39.3500,107,2
2026-03-27,600036,10:56:07,39.3600,6,1
2026-03-27,600036,10:56:10,39.3500,58,2
2026-03-27,600036,10:56:13,39.3600,23,1
2026-03-27,600036,10:56:16,39.3500,2602,2
2026-03-27,600036,10:56:19,39.3300,2039,2
2026-03-27,600036,10:56:22,39.3200,290,2
2026-03-27,600036,10:56:25,39.3100,202,2
2026-03-27,600036,10:56:28,39.3100,121,2
2026-03-27,600036,10:56:31,39.3100,21,2
2026-03-27,600036,10:56:34,39.3200,62,1
2026-03-27,600036,10:56:37,39.3100,15,2
2026-03-27,600036,10:56:40,39.3200,20,1
2026-03-27,600036,10:56:43,39.3100,57,2
2026-03-27,600036,10:56:46,39.3200,67,1
2026-03-27,600036,10:56:49,39.3100,51,2
2026-03-27,600036,10:56:52,39.3200,37,1
2026-03-27,600036,10:56:55,39.3100,56,2
2026-03-27,600036,10:56:58,39.3200,19,4
2026-03-27,600036,10:57:01,39.3100,685,2
2026-03-27,600036,10:57:04,39.3100,64,2
2026-03-27,600036,10:57:07,39.3100,38,2
2026-03-27,600036,10:57:10,39.3100,31,2
2026-03-27,600036,10:57:13,39.3100,34,2
2026-03-27,600036,10:57:16,39.3100,6,2
2026-03-27,600036,10:57:19,39.3200,79,1
2026-03-27,600036,10:57:22,39.3200,45,1
2026-03-27,600036,10:57:25,39.3200,67,1
2026-03-27,600036,10:57:28,39.3100,21,2
2026-03-27,600036,10:57:31,39.3200,8,1
2026-03-27,600036,10:57:34,39.3200,16,1
2026-03-27,600036,10:57:37,39.3200,58,1
2026-03-27,600036,10:57:40,39.3200,35,1
2026-03-27,600036,10:57:43,39.3200,3,1
2026-03-27,600036,10:57:46,39.3100,3,2
2026-03-27,600036,10:57:49,39.3200,17,1
2026-03-27,600036,10:57:52,39.3100,240,2
2026-03-27,600036,10:57:55,39.3300,42,1
2026-03-27,600036,10:57:58,39.3200,5,2
2026-03-27,600036,10:58:01,39.3300,23,1
2026-03-27,600036,10:58:04,39.3200,13,2
2026-03-27,600036,10:58:07,39.3200,3,2
2026-03-27,600036,10:58:10,39.3200,13,2
2026-03-27,600036,10:58:13,39.3200,13,2
2026-03-27,600036,10:58:16,39.3300,33,1
2026-03-27,600036,10:58:19,39.3200,24,2
2026-03-27,600036,10:58:22,39.3200,1,2
2026-03-27,600036,10:58:25,39.3300,39,1
2026-03-27,600036,10:58:28,39.3300,24,1
2026-03-27,600036,10:58:31,39.3300,10,1
2026-03-27,600036,10:58:34,39.3200,12,2
2026-03-27,600036,10:58:37,39.3300,514,1
2026-03-27,600036,10:58:40,39.3300,55,1
2026-03-27,600036,10:58:43,39.3300,12,2
2026-03-27,600036,10:58:46,39.3300,16,2
2026-03-27,600036,10:58:49,39.3300,89,2
2026-03-27,600036,10:58:52,39.3300,27,2
2026-03-27,600036,10:58:55,39.3300,24,2
2026-03-27,600036,10:58:58,39.3400,29,1
2026-03-27,600036,10:59:01,39.3300,197,2
2026-03-27,600036,10:59:04,39.3300,30,1
2026-03-27,600036,10:59:07,39.3300,23,1
2026-03-27,600036,10:59:10,39.3200,18,2
2026-03-27,600036,10:59:13,39.3300,19,1
2026-03-27,600036,10:59:16,39.3200,34,2
2026-03-27,600036,10:59:19,39.3200,648,2
2026-03-27,600036,10:59:22,39.3100,46,2
2026-03-27,600036,10:59:25,39.3100,14,2
2026-03-27,600036,10:59:28,39.3200,40,1
2026-03-27,600036,10:59:31,39.3100,35,2
2026-03-27,600036,10:59:34,39.3100,224,2
2026-03-27,600036,10:59:37,39.3200,59,1
2026-03-27,600036,10:59:40,39.3100,46,2
2026-03-27,600036,10:59:43,39.3200,33,1
2026-03-27,600036,10:59:46,39.3100,31,2
2026-03-27,600036,10:59:49,39.3300,13,1
2026-03-27,600036,10:59:52,39.3200,1,2
2026-03-27,600036,10:59:55,39.3200,48,2
2026-03-27,600036,10:59:58,39.3300,12,1
2026-03-27,600036,11:00:01,39.3200,31,2
2026-03-27,600036,11:00:04,39.3200,20,2
2026-03-27,600036,11:00:07,39.3200,108,2
2026-03-27,600036,11:00:10,39.3200,24,2
2026-03-27,600036,11:00:13,39.3200,421,2
2026-03-27,600036,11:00:16,39.3100,67,2
2026-03-27,600036,11:00:19,39.3000,1152,2
2026-03-27,600036,11:00:22,39.3000,258,2
2026-03-27,600036,11:00:25,39.2900,1610,2
2026-03-27,600036,11:00:28,39.2800,123,2
2026-03-27,600036,11:00:31,39.2800,117,2
2026-03-27,600036,11:00:34,39.2900,284,1
2026-03-27,600036,11:00:37,39.2800,151,2
2026-03-27,600036,11:00:40,39.2800,31,2
2026-03-27,600036,11:00:43,39.2800,95,2
2026-03-27,600036,11:00:46,39.2800,97,2
2026-03-27,600036,11:00:49,39.2800,30,2
2026-03-27,600036,11:00:52,39.2800,331,2
2026-03-27,600036,11:00:55,39.2800,12,2
2026-03-27,600036,11:00:58,39.2800,16,2
2026-03-27,600036,11:01:01,39.2900,132,1
2026-03-27,600036,11:01:04,39.2800,178,2
2026-03-27,600036,11:01:07,39.2800,22,2
2026-03-27,600036,11:01:10,39.2900,11,4
2026-03-27,600036,11:01:13,39.3000,25,1
2026-03-27,600036,11:01:16,39.3000,51,1
2026-03-27,600036,11:01:19,39.3000,5,1
2026-03-27,600036,11:01:22,39.3000,286,1
2026-03-27,600036,11:01:25,39.3000,11,1
2026-03-27,600036,11:01:28,39.3000,39,1
2026-03-27,600036,11:01:31,39.3000,22,1
2026-03-27,600036,11:01:34,39.2900,18,2
2026-03-27,600036,11:01:37,39.3000,16,1
2026-03-27,600036,11:01:40,39.3000,157,1
2026-03-27,600036,11:01:43,39.2900,22,2
2026-03-27,600036,11:01:46,39.3000,16,1
2026-03-27,600036,11:01:49,39.2900,26,2
2026-03-27,600036,11:01:52,39.3000,38,1
2026-03-27,600036,11:01:55,39.3000,35,1
2026-03-27,600036,11:01:58,39.3000,61,1
2026-03-27,600036,11:02:01,39.3000,1,4
2026-03-27,600036,11:02:04,39.3000,14,2
2026-03-27,600036,11:02:07,39.3100,43,1
2026-03-27,600036,11:02:10,39.3000,80,2
2026-03-27,600036,11:02:13,39.3100,18,1
2026-03-27,600036,11:02:16,39.3000,29,2
2026-03-27,600036,11:02:19,39.3000,41,2
2026-03-27,600036,11:02:22,39.3000,13,1
2026-03-27,600036,11:02:25,39.3000,29,1
2026-03-27,600036,11:02:28,39.3000,3,1
2026-03-27,600036,11:02:31,39.3000,8,1
2026-03-27,600036,11:02:34,39.3000,3,1
2026-03-27,600036,11:02:37,39.2900,503,2
2026-03-27,600036,11:02:40,39.2800,48,2
2026-03-27,600036,11:02:43,39.2800,87,2
2026-03-27,600036,11:02:46,39.2900,104,1
2026-03-27,600036,11:02:49,39.2900,34,1
2026-03-27,600036,11:02:52,39.2700,95,2
2026-03-27,600036,11:02:55,39.2800,85,4
2026-03-27,600036,11:02:58,39.2700,64,2
2026-03-27,600036,11:03:01,39.2700,213,2
2026-03-27,600036,11:03:04,39.2700,168,2
2026-03-27,600036,11:03:07,39.2700,483,1
2026-03-27,600036,11:03:10,39.2800,61,1
2026-03-27,600036,11:03:13,39.2800,177,1
2026-03-27,600036,11:03:16,39.2800,50,2
2026-03-27,600036,11:03:19,39.2800,5,1
2026-03-27,600036,11:03:22,39.2800,15,2
2026-03-27,600036,11:03:25,39.2900,50,1
2026-03-27,600036,11:03:28,39.2900,56,1
2026-03-27,600036,11:03:31,39.2900,11,1
2026-03-27,600036,11:03:34,39.2900,11,1
2026-03-27,600036,11:03:37,39.2900,14,1
2026-03-27,600036,11:03:40,39.2800,33,2
2026-03-27,600036,11:03:46,39.2800,8,2
2026-03-27,600036,11:03:49,39.2900,9,1
2026-03-27,600036,11:03:52,39.2900,191,1
2026-03-27,600036,11:03:55,39.2900,22,2
2026-03-27,600036,11:03:58,39.2900,16,2
2026-03-27,600036,11:04:01,39.2900,14,2
2026-03-27,600036,11:04:04,39.2900,16,2
2026-03-27,600036,11:04:07,39.2900,189,2
2026-03-27,600036,11:04:10,39.2900,67,2
2026-03-27,600036,11:04:13,39.2900,11,1
2026-03-27,600036,11:04:16,39.2900,42,1
2026-03-27,600036,11:04:19,39.2800,17,2
2026-03-27,600036,11:04:22,39.2900,26,1
2026-03-27,600036,11:04:25,39.2900,4,1
2026-03-27,600036,11:04:28,39.2900,37,1
2026-03-27,600036,11:04:31,39.2800,12,2
2026-03-27,600036,11:04:34,39.2800,30,2
2026-03-27,600036,11:04:37,39.2900,47,1
2026-03-27,600036,11:04:40,39.2900,54,1
2026-03-27,600036,11:04:43,39.2900,1,1
2026-03-27,600036,11:04:46,39.2900,14,1
2026-03-27,600036,11:04:49,39.2800,147,2
2026-03-27,600036,11:04:52,39.2900,6,1
2026-03-27,600036,11:04:55,39.2900,3,1
2026-03-27,600036,11:05:01,39.2800,27,2
2026-03-27,600036,11:05:04,39.2800,10,2
2026-03-27,600036,11:05:07,39.2800,16,2
2026-03-27,600036,11:05:10,39.2900,12,1
2026-03-27,600036,11:05:13,39.2800,32,2
2026-03-27,600036,11:05:16,39.2900,48,1
2026-03-27,600036,11:05:19,39.2900,56,1
2026-03-27,600036,11:05:22,39.3000,46,1
2026-03-27,600036,11:05:25,39.3000,6,1
2026-03-27,600036,11:05:28,39.2900,17,2
2026-03-27,600036,11:05:31,39.2900,25,1
2026-03-27,600036,11:05:34,39.2900,90,2
2026-03-27,600036,11:05:37,39.2800,53,2
2026-03-27,600036,11:05:40,39.2800,142,2
2026-03-27,600036,11:05:43,39.2800,150,2
2026-03-27,600036,11:05:46,39.2800,336,2
2026-03-27,600036,11:05:49,39.2600,179,2
2026-03-27,600036,11:05:52,39.2600,262,2
2026-03-27,600036,11:05:55,39.2700,167,1
2026-03-27,600036,11:05:58,39.2600,123,2
2026-03-27,600036,11:06:01,39.2600,99,2
2026-03-27,600036,11:06:04,39.2600,9,2
2026-03-27,600036,11:06:07,39.2800,41,1
2026-03-27,600036,11:06:10,39.2600,46,2
2026-03-27,600036,11:06:13,39.2800,22,1
2026-03-27,600036,11:06:16,39.2700,22,1
2026-03-27,600036,11:06:19,39.2700,24,1
2026-03-27,600036,11:06:22,39.2700,4,1
2026-03-27,600036,11:06:25,39.2700,34,1
2026-03-27,600036,11:06:28,39.2700,41,1
2026-03-27,600036,11:06:31,39.2600,310,2
2026-03-27,600036,11:06:34,39.2700,15,1
2026-03-27,600036,11:06:37,39.2700,15,1
2026-03-27,600036,11:06:40,39.2600,19,2
2026-03-27,600036,11:06:43,39.2700,47,1
2026-03-27,600036,11:06:46,39.2600,206,2
2026-03-27,600036,11:06:49,39.2700,32,1
2026-03-27,600036,11:06:52,39.2700,4,1
2026-03-27,600036,11:06:55,39.2700,19,1
2026-03-27,600036,11:06:58,39.2600,41,2
2026-03-27,600036,11:07:01,39.2500,53,2
2026-03-27,600036,11:07:04,39.2700,126,1
2026-03-27,600036,11:07:07,39.2600,7,2
2026-03-27,600036,11:07:10,39.2700,18,1
2026-03-27,600036,11:07:13,39.2700,7,1
2026-03-27,600036,11:07:16,39.2700,16,1
2026-03-27,600036,11:07:19,39.2700,31,1
2026-03-27,600036,11:07:22,39.2700,15,1
2026-03-27,600036,11:07:25,39.2700,9,1
2026-03-27,600036,11:07:28,39.2600,155,2
2026-03-27,600036,11:07:31,39.2600,73,1
2026-03-27,600036,11:07:34,39.2500,114,2
2026-03-27,600036,11:07:37,39.2600,56,2
2026-03-27,600036,11:07:40,39.2500,45,2
2026-03-27,600036,11:07:43,39.2500,25,2
2026-03-27,600036,11:07:46,39.2500,23,2
2026-03-27,600036,11:07:49,39.2600,48,4
2026-03-27,600036,11:07:52,39.2600,20,2
2026-03-27,600036,11:07:55,39.2700,31,1
2026-03-27,600036,11:07:58,39.2700,103,1
2026-03-27,600036,11:08:01,39.2600,23,2
2026-03-27,600036,11:08:04,39.2700,44,1
2026-03-27,600036,11:08:07,39.2600,16,2
2026-03-27,600036,11:08:10,39.2600,19,2
2026-03-27,600036,11:08:13,39.2600,63,2
2026-03-27,600036,11:08:16,39.2600,171,2
2026-03-27,600036,11:08:19,39.2700,135,1
2026-03-27,600036,11:08:22,39.2700,219,1
2026-03-27,600036,11:08:25,39.2800,303,1
2026-03-27,600036,11:08:28,39.2800,27,1
2026-03-27,600036,11:08:31,39.2800,18,1
2026-03-27,600036,11:08:34,39.2800,40,1
2026-03-27,600036,11:08:37,39.2800,19,1
2026-03-27,600036,11:08:40,39.2800,71,1
2026-03-27,600036,11:08:43,39.2800,7,1
2026-03-27,600036,11:08:46,39.2800,4,1
2026-03-27,600036,11:08:49,39.2800,26,1
2026-03-27,600036,11:08:52,39.2800,12,1
2026-03-27,600036,11:08:55,39.2800,3,1
2026-03-27,600036,11:08:58,39.2800,9,1
2026-03-27,600036,11:09:01,39.2800,553,1
2026-03-27,600036,11:09:04,39.2900,17,1
2026-03-27,600036,11:09:07,39.2900,23,1
2026-03-27,600036,11:09:10,39.2900,4,1
2026-03-27,600036,11:09:13,39.2900,4,1
2026-03-27,600036,11:09:16,39.2800,125,2
2026-03-27,600036,11:09:19,39.2800,23,1
2026-03-27,600036,11:09:22,39.2800,143,1
2026-03-27,600036,11:09:25,39.2800,40,1
2026-03-27,600036,11:09:28,39.2700,1,2
2026-03-27,600036,11:09:31,39.2700,45,2
2026-03-27,600036,11:09:34,39.2700,19,2
2026-03-27,600036,11:09:37,39.2700,36,2
2026-03-27,600036,11:09:40,39.2700,34,2
2026-03-27,600036,11:09:49,39.2700,78,2
2026-03-27,600036,11:09:52,39.2600,92,2
2026-03-27,600036,11:09:55,39.2700,15,1
2026-03-27,600036,11:09:58,39.2700,116,1
2026-03-27,600036,11:10:01,39.2700,83,1
2026-03-27,600036,11:10:04,39.2700,211,2
2026-03-27,600036,11:10:07,39.2700,18,2
2026-03-27,600036,11:10:10,39.2800,3,1
2026-03-27,600036,11:10:13,39.2800,6,1
2026-03-27,600036,11:10:16,39.2700,7,2
2026-03-27,600036,11:10:19,39.2700,112,2
2026-03-27,600036,11:10:22,39.2800,11,1
2026-03-27,600036,11:10:25,39.2800,20,1
2026-03-27,600036,11:10:28,39.2800,15,1
2026-03-27,600036,11:10:34,39.2800,11,1
2026-03-27,600036,11:10:37,39.2700,47,2
2026-03-27,600036,11:10:40,39.2800,33,1
2026-03-27,600036,11:10:43,39.2800,12,1
2026-03-27,600036,11:10:46,39.2800,14,1
2026-03-27,600036,11:10:49,39.2800,52,1
2026-03-27,600036,11:10:52,39.2800,13,1
2026-03-27,600036,11:10:58,39.2700,16,2
2026-03-27,600036,11:11:01,39.2700,34,2
2026-03-27,600036,11:11:04,39.2700,21,2
2026-03-27,600036,11:11:07,39.2800,8,1
2026-03-27,600036,11:11:10,39.2800,36,1
2026-03-27,600036,11:11:13,39.2800,108,1
2026-03-27,600036,11:11:16,39.2800,25,1
2026-03-27,600036,11:11:19,39.2700,22,2
2026-03-27,600036,11:11:22,39.2800,108,1
2026-03-27,600036,11:11:25,39.2800,18,1
2026-03-27,600036,11:11:28,39.2700,49,2
2026-03-27,600036,11:11:31,39.2800,19,1
2026-03-27,600036,11:11:34,39.2700,159,2
2026-03-27,600036,11:11:37,39.2700,59,2
2026-03-27,600036,11:11:40,39.2800,141,1
2026-03-27,600036,11:11:43,39.2700,17,2
2026-03-27,600036,11:11:46,39.2700,130,2
2026-03-27,600036,11:11:49,39.2700,18,2
2026-03-27,600036,11:11:52,39.2800,4,1
2026-03-27,600036,11:11:55,39.2800,7,1
2026-03-27,600036,11:11:58,39.2700,22,2
2026-03-27,600036,11:12:01,39.2700,43,2
2026-03-27,600036,11:12:04,39.2800,14,1
2026-03-27,600036,11:12:07,39.2800,6,1
2026-03-27,600036,11:12:10,39.2800,56,1
2026-03-27,600036,11:12:13,39.2800,23,1
2026-03-27,600036,11:12:16,39.2800,8,1
2026-03-27,600036,11:12:19,39.2700,149,2
2026-03-27,600036,11:12:22,39.2800,20,1
2026-03-27,600036,11:12:25,39.2700,38,2
2026-03-27,600036,11:12:28,39.2700,38,2
2026-03-27,600036,11:12:31,39.2800,474,1
2026-03-27,600036,11:12:34,39.2800,192,1
2026-03-27,600036,11:12:37,39.2800,8,2
2026-03-27,600036,11:12:40,39.2800,8,2
2026-03-27,600036,11:12:43,39.2900,7,1
2026-03-27,600036,11:12:46,39.2900,61,1
2026-03-27,600036,11:12:49,39.2800,95,2
2026-03-27,600036,11:12:52,39.2800,10,2
2026-03-27,600036,11:12:55,39.2800,7,2
2026-03-27,600036,11:12:58,39.2900,17,1
2026-03-27,600036,11:13:01,39.2800,18,2
2026-03-27,600036,11:13:04,39.2700,404,2
2026-03-27,600036,11:13:07,39.2700,40,2
2026-03-27,600036,11:13:10,39.2700,96,1
2026-03-27,600036,11:13:13,39.2800,360,1
2026-03-27,600036,11:13:16,39.2900,369,1
2026-03-27,600036,11:13:19,39.2800,25,2
2026-03-27,600036,11:13:22,39.3000,121,1
2026-03-27,600036,11:13:25,39.3000,263,1
2026-03-27,600036,11:13:28,39.3100,4,1
2026-03-27,600036,11:13:31,39.3000,13,4
2026-03-27,600036,11:13:34,39.3000,177,1
2026-03-27,600036,11:13:37,39.3000,110,1
2026-03-27,600036,11:13:40,39.3100,27,1
2026-03-27,600036,11:13:43,39.3100,49,1
2026-03-27,600036,11:13:46,39.3100,24,1
2026-03-27,600036,11:13:49,39.3100,64,1
2026-03-27,600036,11:13:52,39.3100,15,2
2026-03-27,600036,11:13:55,39.3100,43,2
2026-03-27,600036,11:13:58,39.3100,34,2
2026-03-27,600036,11:14:01,39.3100,9,2
2026-03-27,600036,11:14:04,39.3200,16,1
2026-03-27,600036,11:14:07,39.3200,132,1
2026-03-27,600036,11:14:10,39.3200,2,1
2026-03-27,600036,11:14:13,39.3200,27,1
2026-03-27,600036,11:14:16,39.3100,190,2
2026-03-27,600036,11:14:19,39.3200,5,1
2026-03-27,600036,11:14:22,39.3200,58,1
2026-03-27,600036,11:14:25,39.3300,103,1
2026-03-27,600036,11:14:28,39.3300,119,1
2026-03-27,600036,11:14:31,39.3200,11,2
2026-03-27,600036,11:14:34,39.3300,9,1
2026-03-27,600036,11:14:37,39.3300,10,1
2026-03-27,600036,11:14:40,39.3300,109,2
2026-03-27,600036,11:14:43,39.3300,20,2
2026-03-27,600036,11:14:46,39.3400,87,1
2026-03-27,600036,11:14:49,39.3400,6,1
2026-03-27,600036,11:14:52,39.3400,3,2
2026-03-27,600036,11:14:55,39.3500,6,1
2026-03-27,600036,11:14:58,39.3400,14,2
2026-03-27,600036,11:15:01,39.3500,277,1
2026-03-27,600036,11:15:04,39.3500,22,2
2026-03-27,600036,11:15:07,39.3500,40,2
2026-03-27,600036,11:15:10,39.3500,4,2
2026-03-27,600036,11:15:13,39.3500,165,1
2026-03-27,600036,11:15:16,39.3500,9,1
2026-03-27,600036,11:15:19,39.3400,45,2
2026-03-27,600036,11:15:22,39.3500,70,1
2026-03-27,600036,11:15:25,39.3400,20,2
2026-03-27,600036,11:15:28,39.3400,18,2
2026-03-27,600036,11:15:31,39.3400,2,1
2026-03-27,600036,11:15:34,39.3500,12,1
2026-03-27,600036,11:15:37,39.3500,8,1
2026-03-27,600036,11:15:40,39.3400,52,2
2026-03-27,600036,11:15:43,39.3400,33,2
2026-03-27,600036,11:15:46,39.3400,16,2
2026-03-27,600036,11:15:49,39.3500,7,1
2026-03-27,600036,11:15:52,39.3500,8,1
2026-03-27,600036,11:15:55,39.3500,13,1
2026-03-27,600036,11:16:01,39.3300,227,2
2026-03-27,600036,11:16:04,39.3400,25,2
2026-03-27,600036,11:16:07,39.3400,151,2
2026-03-27,600036,11:16:10,39.3300,8,2
2026-03-27,600036,11:16:13,39.3400,7,1
2026-03-27,600036,11:16:16,39.3500,86,1
2026-03-27,600036,11:16:19,39.3500,32,1
2026-03-27,600036,11:16:22,39.3400,7,2
2026-03-27,600036,11:16:25,39.3600,25,1
2026-03-27,600036,11:16:28,39.3500,14,2
2026-03-27,600036,11:16:31,39.3600,6,1
2026-03-27,600036,11:16:34,39.3600,21,1
2026-03-27,600036,11:16:37,39.3500,4,2
2026-03-27,600036,11:16:40,39.3600,16,1
2026-03-27,600036,11:16:43,39.3500,132,2
2026-03-27,600036,11:16:46,39.3500,227,4
2026-03-27,600036,11:16:49,39.3500,4,1
2026-03-27,600036,11:16:52,39.3500,15,1
2026-03-27,600036,11:16:55,39.3500,3,1
2026-03-27,600036,11:16:58,39.3600,49,1
2026-03-27,600036,11:17:01,39.3500,8,2
2026-03-27,600036,11:17:04,39.3600,3,1
2026-03-27,600036,11:17:07,39.3600,10,1
2026-03-27,600036,11:17:10,39.3500,33,2
2026-03-27,600036,11:17:13,39.3600,117,1
2026-03-27,600036,11:17:16,39.3600,53,1
2026-03-27,600036,11:17:19,39.3700,79,1
2026-03-27,600036,11:17:22,39.3700,6,1
2026-03-27,600036,11:17:25,39.3600,31,2
