date,code,time,price,volume,bs
2026-03-27,000001,13:59:42,11.0400,562,1
2026-03-27,000001,13:59:45,11.0300,6,2
2026-03-27,000001,13:59:48,11.0400,130,1
2026-03-27,000001,13:59:51,11.0300,7,2
2026-03-27,000001,13:59:57,11.0300,2,2
2026-03-27,000001,14:00:00,11.0300,4,2
2026-03-27,000001,14:00:03,11.0300,25,2
2026-03-27,000001,14:00:09,11.0400,10,1
2026-03-27,000001,14:00:12,11.0400,134,1
2026-03-27,000001,14:00:15,11.0300,1,2
2026-03-27,000001,14:00:18,11.0300,20,2
2026-03-27,000001,14:00:21,11.0300,202,2
2026-03-27,000001,14:00:24,11.0300,5,2
2026-03-27,000001,14:00:27,11.0300,155,2
2026-03-27,000001,14:00:30,11.0300,59,2
2026-03-27,000001,14:00:33,11.0300,25,2
2026-03-27,000001,14:00:36,11.0300,497,2
2026-03-27,000001,14:00:39,11.0400,345,1
2026-03-27,000001,14:00:42,11.0400,595,1
2026-03-27,000001,14:00:45,11.0300,694,2
2026-03-27,000001,14:00:48,11.0400,181,1
2026-03-27,000001,14:00:51,11.0300,34,2
2026-03-27,000001,14:00:54,11.0300,32,2
2026-03-27,000001,14:00:57,11.0300,238,2
2026-03-27,000001,14:01:00,11.0300,163,2
2026-03-27,000001,14:01:03,11.0300,98,2
2026-03-27,000001,14:01:06,11.0400,386,1
2026-03-27,000001,14:01:09,11.0400,126,1
2026-03-27,000001,14:01:12,11.0300,24,2
2026-03-27,000001,14:01:15,11.0400,10,1
2026-03-27,000001,14:01:18,11.0300,2,2
2026-03-27,000001,14:01:21,11.0300,122,2
2026-03-27,000001,14:01:24,11.0300,69,2
2026-03-27,000001,14:01:27,11.0300,98,2
2026-03-27,000001,14:01:30,11.0300,125,2
2026-03-27,000001,14:01:33,11.0300,1574,1
2026-03-27,000001,14:01:36,11.0300,496,1
2026-03-27,000001,14:01:39,11.0400,47,1
2026-03-27,000001,14:01:42,11.0400,7,1
2026-03-27,000001,14:01:45,11.0400,45,1
2026-03-27,000001,14:01:48,11.0300,6,2
2026-03-27,000001,14:01:51,11.0300,2,2
2026-03-27,000001,14:01:54,11.0300,15,2
2026-03-27,000001,14:01:57,11.0300,20,2
2026-03-27,000001,14:02:00,11.0300,1,2
2026-03-27,000001,14:02:03,11.0300,66,2
2026-03-27,000001,14:02:09,11.0300,5,2
2026-03-27,000001,14:02:12,11.0300,27,2
2026-03-27,000001,14:02:15,11.0400,2,1
2026-03-27,000001,14:02:18,11.0300,20,2
2026-03-27,000001,14:02:21,11.0400,19,1
2026-03-27,000001,14:02:24,11.0300,316,2
2026-03-27,000001,14:02:27,11.0300,340,2
2026-03-27,000001,14:02:30,11.0400,54,1
2026-03-27,000001,14:02:33,11.0300,186,2
2026-03-27,000001,14:02:36,11.0200,168,2
2026-03-27,000001,14:02:39,11.0300,94,4
2026-03-27,000001,14:02:42,11.0300,21,2
2026-03-27,000001,14:02:45,11.0200,274,2
2026-03-27,000001,14:02:48,11.0300,136,1
2026-03-27,000001,14:02:51,11.0300,25,4
2026-03-27,000001,14:02:54,11.0300,106,4
2026-03-27,000001,14:02:57,11.0200,337,2
2026-03-27,000001,14:03:00,11.0300,68,1
2026-03-27,000001,14:03:03,11.0300,148,1
2026-03-27,000001,14:03:06,11.0300,83,1
2026-03-27,000001,14:03:12,11.0300,421,2
2026-03-27,000001,14:03:15,11.0300,259,1
2026-03-27,000001,14:03:18,11.0300,31,2
2026-03-27,000001,14:03:21,11.0200,53,2
2026-03-27,000001,14:03:24,11.0300,103,1
2026-03-27,000001,14:03:27,11.0300,24,2
2026-03-27,000001,14:03:30,11.0300,65,2
2026-03-27,000001,14:03:33,11.0300,40,2
2026-03-27,000001,14:03:36,11.0300,4,1
2026-03-27,000001,14:03:39,11.0400,21,1
2026-03-27,000001,14:03:45,11.0300,34,2
2026-03-27,000001,14:03:48,11.0300,92,1
2026-03-27,000001,14:03:51,11.0300,4,2
2026-03-27,000001,14:03:54,11.0300,20,4
2026-03-27,000001,14:03:57,11.0300,81,1
2026-03-27,000001,14:04:00,11.0300,108,2
2026-03-27,000001,14:04:03,11.0200,205,2
2026-03-27,000001,14:04:06,11.0300,3,4
2026-03-27,000001,14:04:09,11.0200,44,2
2026-03-27,000001,14:04:12,11.0300,63,1
2026-03-27,000001,14:04:15,11.0300,95,2
2026-03-27,000001,14:04:18,11.0300,145,1
2026-03-27,000001,14:04:21,11.0400,12,1
2026-03-27,000001,14:04:24,11.0200,33,2
2026-03-27,000001,14:04:27,11.0300,12,1
2026-03-27,000001,14:04:30,11.0300,21,1
2026-03-27,000001,14:04:33,11.0300,24,1
2026-03-27,000001,14:04:36,11.0300,333,1
2026-03-27,000001,14:04:39,11.0300,85,2
2026-03-27,000001,14:04:42,11.0300,266,1
2026-03-27,000001,14:04:45,11.0300,60,2
2026-03-27,000001,14:04:48,11.0300,22,1
2026-03-27,000001,14:04:51,11.0300,34,1
2026-03-27,000001,14:04:54,11.0300,102,2
2026-03-27,000001,14:04:57,11.0300,325,2
2026-03-27,000001,14:05:00,11.0300,6,2
2026-03-27,000001,14:05:03,11.0400,55,1
2026-03-27,000001,14:05:06,11.0300,35,2
2026-03-27,000001,14:05:09,11.0400,2202,1
2026-03-27,000001,14:05:12,11.0300,30,2
2026-03-27,000001,14:05:15,11.0300,18,2
2026-03-27,000001,14:05:18,11.0300,63,2
2026-03-27,000001,14:05:21,11.0300,21,2
2026-03-27,000001,14:05:24,11.0300,72,1
2026-03-27,000001,14:05:27,11.0300,63,1
2026-03-27,000001,14:05:30,11.0300,114,1
2026-03-27,000001,14:05:33,11.0300,35,1
2026-03-27,000001,14:05:39,11.0300,340,1
2026-03-27,000001,14:05:42,11.0300,26,1
2026-03-27,000001,14:05:45,11.0300,5,1
2026-03-27,000001,14:05:48,11.0200,9,2
2026-03-27,000001,14:05:51,11.0300,50,1
2026-03-27,000001,14:05:54,11.0200,127,2
2026-03-27,000001,14:05:57,11.0200,9,2
2026-03-27,000001,14:06:00,11.0300,1,1
2026-03-27,000001,14:06:09,11.0300,38,1
2026-03-27,000001,14:06:12,11.0300,4,1
2026-03-27,000001,14:06:15,11.0300,3,1
2026-03-27,000001,14:06:21,11.0200,21,2
2026-03-27,000001,14:06:24,11.0200,56,2
2026-03-27,000001,14:06:27,11.0200,3,2
2026-03-27,000001,14:06:33,11.0200,65,2
2026-03-27,000001,14:06:36,11.0200,5,2
2026-03-27,000001,14:06:39,11.0200,114,2
2026-03-27,000001,14:06:42,11.0200,5,2
2026-03-27,000001,14:06:45,11.0300,67,1
2026-03-27,000001,14:06:48,11.0200,37,2
2026-03-27,000001,14:06:51,11.0300,39,1
2026-03-27,000001,14:06:54,11.0300,10,1
2026-03-27,000001,14:06:57,11.0200,19,2
2026-03-27,000001,14:07:00,11.0300,2,1
2026-03-27,000001,14:07:03,11.0200,95,2
2026-03-27,000001,14:07:09,11.0300,1,1
2026-03-27,000001,14:07:18,11.0200,5,2
2026-03-27,000001,14:07:21,11.0300,51,1
2026-03-27,000001,14:07:24,11.0300,1,1
2026-03-27,000001,14:07:27,11.0200,25,2
2026-03-27,000001,14:07:30,11.0200,33,2
2026-03-27,000001,14:07:33,11.0200,12,2
2026-03-27,000001,14:07:36,11.0300,10,1
2026-03-27,000001,14:07:39,11.0200,556,2
2026-03-27,000001,14:07:42,11.0200,81,2
2026-03-27,000001,14:07:45,11.0200,34,2
2026-03-27,000001,14:07:48,11.0300,25,1
2026-03-27,000001,14:07:51,11.0300,1,1
2026-03-27,000001,14:07:54,11.0200,15,2
2026-03-27,000001,14:07:57,11.0200,56,2
2026-03-27,000001,14:08:00,11.0200,22,2
2026-03-27,000001,14:08:03,11.0300,36,1
2026-03-27,000001,14:08:06,11.0200,20,2
2026-03-27,000001,14:08:18,11.0300,1,1
2026-03-27,000001,14:08:21,11.0200,44,2
2026-03-27,000001,14:08:24,11.0200,695,2
2026-03-27,000001,14:08:27,11.0200,19,2
2026-03-27,000001,14:08:30,11.0300,34,1
2026-03-27,000001,14:08:33,11.0200,65,2
2026-03-27,000001,14:08:39,11.0300,16,1
2026-03-27,000001,14:08:42,11.0300,31,1
2026-03-27,000001,14:08:45,11.0300,41,1
2026-03-27,000001,14:08:48,11.0300,5,1
2026-03-27,000001,14:08:51,11.0200,29,2
2026-03-27,000001,14:08:54,11.0300,158,1
2026-03-27,000001,14:08:57,11.0300,34,1
2026-03-27,000001,14:09:00,11.0200,224,2
2026-03-27,000001,14:09:03,11.0200,1290,2
2026-03-27,000001,14:09:06,11.0200,403,2
2026-03-27,000001,14:09:09,11.0200,173,1
2026-03-27,000001,14:09:12,11.0200,4,1
2026-03-27,000001,14:09:15,11.0200,6,1
2026-03-27,000001,14:09:21,11.0200,8,1
2026-03-27,000001,14:09:24,11.0100,290,2
2026-03-27,000001,14:09:27,11.0200,26,1
2026-03-27,000001,14:09:30,11.0200,23,1
2026-03-27,000001,14:09:33,11.0200,9,1
2026-03-27,000001,14:09:36,11.0100,70,2
2026-03-27,000001,14:09:39,11.0100,3,2
2026-03-27,000001,14:09:42,11.0200,1,1
2026-03-27,000001,14:09:48,11.0100,1,2
2026-03-27,000001,14:09:51,11.0200,27,1
2026-03-27,000001,14:09:54,11.0100,35,2
2026-03-27,000001,14:09:57,11.0200,552,1
2026-03-27,000001,14:10:00,11.0200,232,1
2026-03-27,000001,14:10:03,11.0200,11,1
2026-03-27,000001,14:10:06,11.0200,39,1
2026-03-27,000001,14:10:09,11.0200,10,1
2026-03-27,000001,14:10:12,11.0200,19,1
2026-03-27,000001,14:10:15,11.0200,1162,1
2026-03-27,000001,14:10:18,11.0200,15,2
2026-03-27,000001,14:10:21,11.0300,27,1
2026-03-27,000001,14:10:24,11.0300,118,1
2026-03-27,000001,14:10:27,11.0300,3,1
2026-03-27,000001,14:10:30,11.0200,42,2
2026-03-27,000001,14:10:36,11.0200,1,2
2026-03-27,000001,14:10:39,11.0300,1,1
2026-03-27,000001,14:10:42,11.0200,17,2
2026-03-27,000001,14:10:45,11.0200,8,2
2026-03-27,000001,14:10:48,11.0200,36,2
2026-03-27,000001,14:10:51,11.0300,5,1
2026-03-27,000001,14:11:00,11.0200,23,2
2026-03-27,000001,14:11:03,11.0300,295,1
2026-03-27,000001,14:11:06,11.0200,22,2
2026-03-27,000001,14:11:09,11.0200,986,2
2026-03-27,000001,14:11:12,11.0200,18,1
2026-03-27,000001,14:11:15,11.0200,14,1
2026-03-27,000001,14:11:18,11.0200,33,1
2026-03-27,000001,14:11:21,11.0200,3,1
2026-03-27,000001,14:11:24,11.0200,22,1
2026-03-27,000001,14:11:27,11.0200,9,1
2026-03-27,000001,14:11:33,11.0200,1,1
2026-03-27,000001,14:11:39,11.0200,3,1
2026-03-27,000001,14:11:42,11.0100,1,2
2026-03-27,000001,14:11:45,11.0100,8,2
2026-03-27,000001,14:11:48,11.0200,1,1
2026-03-27,000001,14:11:51,11.0200,4,1
2026-03-27,000001,14:11:57,11.0200,12,1
2026-03-27,000001,14:12:03,11.0200,1,1
2026-03-27,000001,14:12:06,11.0200,72,1
2026-03-27,000001,14:12:09,11.0100,19,2
2026-03-27,000001,14:12:12,11.0200,3,1
2026-03-27,000001,14:12:15,11.0200,1,1
2026-03-27,000001,14:12:18,11.0200,22,1
2026-03-27,000001,14:12:21,11.0200,25,1
2026-03-27,000001,14:12:24,11.0200,33,1
2026-03-27,000001,14:12:27,11.0200,226,1
2026-03-27,000001,14:12:30,11.0200,31,1
2026-03-27,000001,14:12:33,11.0100,22,2
2026-03-27,000001,14:12:36,11.0100,35,2
2026-03-27,000001,14:12:42,11.0200,3,1
2026-03-27,000001,14:12:45,11.0200,1,1
2026-03-27,000001,14:12:48,11.0200,323,1
2026-03-27,000001,14:12:51,11.0100,29,2
2026-03-27,000001,14:12:54,11.0200,4,1
2026-03-27,000001,14:12:57,11.0200,11,1
2026-03-27,000001,14:13:03,11.0100,26,2
2026-03-27,000001,14:13:06,11.0100,42,2
2026-03-27,000001,14:13:12,11.0200,12,1
2026-03-27,000001,14:13:15,11.0100,244,2
2026-03-27,000001,14:13:18,11.0100,2,2
2026-03-27,000001,14:13:27,11.0200,1,1
2026-03-27,000001,14:13:36,11.0100,5,2
2026-03-27,000001,14:13:39,11.0200,12,1
2026-03-27,000001,14:13:48,11.0100,10,2
2026-03-27,000001,14:13:51,11.0100,10,2
2026-03-27,000001,14:13:54,11.0200,20,1
2026-03-27,000001,14:13:57,11.0100,1,2
2026-03-27,000001,14:14:03,11.0200,4,1
2026-03-27,000001,14:14:06,11.0200,10,1
2026-03-27,000001,14:14:12,11.0100,19,2
2026-03-27,000001,14:14:18,11.0200,5,1
2026-03-27,000001,14:14:21,11.0200,81,1
2026-03-27,000001,14:14:24,11.0200,1,1
2026-03-27,000001,14:14:27,11.0100,1,2
2026-03-27,000001,14:14:30,11.0100,5,2
2026-03-27,000001,14:14:33,11.0200,57,1
2026-03-27,000001,14:14:36,11.0200,48,1
2026-03-27,000001,14:14:39,11.0200,39,1
2026-03-27,000001,14:14:48,11.0200,2,1
2026-03-27,000001,14:14:54,11.0100,127,2
2026-03-27,000001,14:14:57,11.0100,2060,2
2026-03-27,000001,14:15:00,11.0200,79,1
2026-03-27,000001,14:15:03,11.0100,34,2
2026-03-27,000001,14:15:06,11.0200,750,1
2026-03-27,000001,14:15:09,11.0200,1068,1
2026-03-27,000001,14:15:12,11.0200,251,2
2026-03-27,000001,14:15:15,11.0200,28,2
2026-03-27,000001,14:15:18,11.0200,4,2
2026-03-27,000001,14:15:21,11.0200,9,2
2026-03-27,000001,14:15:24,11.0200,160,2
2026-03-27,000001,14:15:27,11.0200,11,2
2026-03-27,000001,14:15:30,11.0200,12,2
2026-03-27,000001,14:15:33,11.0200,9,2
2026-03-27,000001,14:15:36,11.0200,3141,2
2026-03-27,000001,14:15:39,11.0200,103,1
2026-03-27,000001,14:15:42,11.0100,551,2
2026-03-27,000001,14:15:45,11.0200,14,1
2026-03-27,000001,14:15:48,11.0100,1,2
2026-03-27,000001,14:15:51,11.0200,26,1
2026-03-27,000001,14:16:00,11.0200,3,1
2026-03-27,000001,14:16:03,11.0100,5,2
2026-03-27,000001,14:16:06,11.0100,4,2
2026-03-27,000001,14:16:09,11.0200,50,1
2026-03-27,000001,14:16:12,11.0200,1,1
2026-03-27,000001,14:16:15,11.0200,401,1
2026-03-27,000001,14:16:18,11.0100,1,2
2026-03-27,000001,14:16:21,11.0100,117,2
2026-03-27,000001,14:16:24,11.0200,48,1
2026-03-27,000001,14:16:27,11.0100,6,2
2026-03-27,000001,14:16:30,11.0100,21,2
2026-03-27,000001,14:16:36,11.0100,5,2
2026-03-27,000001,14:16:39,11.0100,15,2
2026-03-27,000001,14:16:42,11.0100,2,2
2026-03-27,000001,14:16:45,11.0100,81,2
2026-03-27,000001,14:16:48,11.0100,1,2
2026-03-27,000001,14:16:54,11.0200,12,1
2026-03-27,000001,14:16:57,11.0100,10,2
2026-03-27,000001,14:17:03,11.0100,15,2
2026-03-27,000001,14:17:09,11.0200,153,1
2026-03-27,000001,14:17:12,11.0200,8,1
2026-03-27,000001,14:17:15,11.0100,21,2
2026-03-27,000001,14:17:18,11.0200,16,1
2026-03-27,000001,14:17:24,11.0200,1,1
2026-03-27,000001,14:17:27,11.0100,98,2
2026-03-27,000001,14:17:30,11.0200,69,1
2026-03-27,000001,14:17:33,11.0200,112,1
2026-03-27,000001,14:17:36,11.0200,462,1
2026-03-27,000001,14:17:39,11.0200,123,1
2026-03-27,000001,14:17:42,11.0200,257,1
2026-03-27,000001,14:17:45,11.0200,4,1
2026-03-27,000001,14:17:48,11.0200,205,1
2026-03-27,000001,14:17:51,11.0200,51,1
2026-03-27,000001,14:17:54,11.0200,1252,1
2026-03-27,000001,14:17:57,11.0200,246,1
2026-03-27,000001,14:18:00,11.0100,65,2
2026-03-27,000001,14:18:03,11.0200,42,1
2026-03-27,000001,14:18:06,11.0200,10,1
2026-03-27,000001,14:18:09,11.0200,432,1
2026-03-27,000001,14:18:12,11.0200,76,1
2026-03-27,000001,14:18:15,11.0200,27,2
2026-03-27,000001,14:18:18,11.0300,107,1
2026-03-27,000001,14:18:21,11.0300,7,1
2026-03-27,000001,14:18:24,11.0200,37,2
2026-03-27,000001,14:18:27,11.0300,8,1
2026-03-27,000001,14:18:33,11.0300,1,1
2026-03-27,000001,14:18:36,11.0300,1,1
2026-03-27,000001,14:18:39,11.0200,102,2
2026-03-27,000001,14:18:45,11.0200,16,2
2026-03-27,000001,14:18:48,11.0300,14,1
2026-03-27,000001,14:18:54,11.0200,1,2
2026-03-27,000001,14:19:00,11.0300,1,1
2026-03-27,000001,14:19:03,11.0300,13,1
2026-03-27,000001,14:19:06,11.0300,25,1
2026-03-27,000001,14:19:09,11.0300,8,1
2026-03-27,000001,14:19:15,11.0300,10,1
2026-03-27,000001,14:19:21,11.0200,12,2
2026-03-27,000001,14:19:24,11.0200,2622,2
2026-03-27,000001,14:19:27,11.0200,940,2
2026-03-27,000001,14:19:30,11.0200,28,1
2026-03-27,000001,14:19:33,11.0100,19,2
2026-03-27,000001,14:19:36,11.0200,72,1
2026-03-27,000001,14:19:39,11.0200,6,1
2026-03-27,000001,14:19:42,11.0100,6,2
2026-03-27,000001,14:19:45,11.0100,8,2
2026-03-27,000001,14:19:51,11.0200,11,1
2026-03-27,000001,14:19:54,11.0200,51,1
2026-03-27,000001,14:19:57,11.0200,1,1
2026-03-27,000001,14:20:00,11.0200,200,1
2026-03-27,000001,14:20:03,11.0200,17,2
2026-03-27,000001,14:20:06,11.0200,50,2
2026-03-27,000001,14:20:09,11.0300,8,1
2026-03-27,000001,14:20:15,11.0200,13,2
2026-03-27,000001,14:20:18,11.0200,4,2
2026-03-27,000001,14:20:21,11.0200,21,2
2026-03-27,000001,14:20:24,11.0300,2,1
2026-03-27,000001,14:20:27,11.0200,12,2
2026-03-27,000001,14:20:30,11.0200,1001,2
2026-03-27,000001,14:20:33,11.0200,28,2
2026-03-27,000001,14:20:39,11.0200,12,2
2026-03-27,000001,14:20:42,11.0200,4,2
2026-03-27,000001,14:20:48,11.0200,28,2
2026-03-27,000001,14:20:51,11.0200,26,2
2026-03-27,000001,14:20:54,11.0200,8,2
2026-03-27,000001,14:21:00,11.0200,108,2
2026-03-27,000001,14:21:03,11.0300,70,1
2026-03-27,000001,14:21:06,11.0300,1,1
2026-03-27,000001,14:21:12,11.0200,55,2
2026-03-27,000001,14:21:15,11.0200,122,2
2026-03-27,000001,14:21:18,11.0300,46,1
2026-03-27,000001,14:21:21,11.0300,2,1
2026-03-27,000001,14:21:24,11.0300,2,1
2026-03-27,000001,14:21:27,11.0200,1,2
2026-03-27,000001,14:21:30,11.0200,276,2
2026-03-27,000001,14:21:33,11.0300,112,1
2026-03-27,000001,14:21:36,11.0200,90,2
2026-03-27,000001,14:21:39,11.0200,4,2
2026-03-27,000001,14:21:45,11.0200,1,2
2026-03-27,000001,14:21:48,11.0300,63,1
2026-03-27,000001,14:21:51,11.0300,27,1
2026-03-27,000001,14:21:54,11.0200,1,2
2026-03-27,000001,14:22:03,11.0300,1,1
2026-03-27,000001,14:22:06,11.0200,41,2
2026-03-27,000001,14:22:09,11.0200,3,2
2026-03-27,000001,14:22:12,11.0200,53,2
2026-03-27,000001,14:22:15,11.0300,3,1
2026-03-27,000001,14:22:21,11.0200,76,2
2026-03-27,000001,14:22:24,11.0200,1011,2
2026-03-27,000001,14:22:27,11.0200,75,2
2026-03-27,000001,14:22:30,11.0300,22,1
2026-03-27,000001,14:22:33,11.0300,29,1
2026-03-27,000001,14:22:36,11.0300,111,1
2026-03-27,000001,14:22:39,11.0300,13,1
2026-03-27,000001,14:22:42,11.0200,10,2
2026-03-27,000001,14:22:45,11.0300,2,1
2026-03-27,000001,14:22:48,11.0300,10,1
2026-03-27,000001,14:22:51,11.0300,29,1
2026-03-27,000001,14:22:57,11.0300,19,1
2026-03-27,000001,14:23:03,11.0200,88,2
2026-03-27,000001,14:23:06,11.0200,17,2
2026-03-27,000001,14:23:09,11.0200,21,2
2026-03-27,000001,14:23:12,11.0300,1,1
2026-03-27,000001,14:23:15,11.0200,100,2
2026-03-27,000001,14:23:18,11.0200,64,2
2026-03-27,000001,14:23:27,11.0200,9,2
2026-03-27,000001,14:23:30,11.0200,5,2
2026-03-27,000001,14:23:33,11.0300,107,1
2026-03-27,000001,14:23:36,11.0200,10,2
2026-03-27,000001,14:23:39,11.0300,1,1
2026-03-27,000001,14:23:42,11.0200,108,2
2026-03-27,000001,14:23:48,11.0200,12,2
2026-03-27,000001,14:23:54,11.0300,128,1
2026-03-27,000001,14:23:57,11.0200,9,2
2026-03-27,000001,14:24:00,11.0200,15,2
2026-03-27,000001,14:24:03,11.0200,13,2
2026-03-27,000001,14:24:06,11.0300,5,1
2026-03-27,000001,14:24:09,11.0200,20,2
2026-03-27,000001,14:24:12,11.0300,25,1
2026-03-27,000001,14:24:15,11.0200,57,2
2026-03-27,000001,14:24:18,11.0200,121,2
2026-03-27,000001,14:24:21,11.0200,71,2
2026-03-27,000001,14:24:24,11.0200,42,2
2026-03-27,000001,14:24:27,11.0200,13,2
2026-03-27,000001,14:24:30,11.0300,1,1
2026-03-27,000001,14:24:33,11.0300,12,1
2026-03-27,000001,14:24:36,11.0300,1,1
2026-03-27,000001,14:24:39,11.0200,35,2
2026-03-27,000001,14:24:42,11.0200,44,2
2026-03-27,000001,14:24:45,11.0200,63,2
2026-03-27,000001,14:24:48,11.0200,6,2
2026-03-27,000001,14:24:51,11.0200,1,2
2026-03-27,000001,14:25:00,11.0200,145,2
2026-03-27,000001,14:25:03,11.0300,22,1
2026-03-27,000001,14:25:06,11.0300,892,1
2026-03-27,000001,14:25:09,11.0200,14,2
2026-03-27,000001,14:25:15,11.0200,14,2
2026-03-27,000001,14:25:18,11.0300,1,1
2026-03-27,000001,14:25:24,11.0200,3,2
2026-03-27,000001,14:25:27,11.0300,156,1
2026-03-27,000001,14:25:30,11.0300,6,1
2026-03-27,000001,14:25:33,11.0200,10,2
2026-03-27,000001,14:25:36,11.0200,12,2
2026-03-27,000001,14:25:39,11.0200,3,2
2026-03-27,000001,14:25:42,11.0200,5,2
2026-03-27,000001,14:25:45,11.0300,44,1
2026-03-27,000001,14:25:51,11.0300,4,1
2026-03-27,000001,14:26:00,11.0200,65,2
2026-03-27,000001,14:26:03,11.0200,26,2
2026-03-27,000001,14:26:09,11.0200,299,2
2026-03-27,000001,14:26:12,11.0300,45,1
2026-03-27,000001,14:26:18,11.0200,1,2
2026-03-27,000001,14:26:21,11.0300,29,1
2026-03-27,000001,14:26:24,11.0300,1,1
2026-03-27,000001,14:26:27,11.0300,1,1
2026-03-27,000001,14:26:33,11.0200,1,2
2026-03-27,000001,14:26:36,11.0200,40,2
2026-03-27,000001,14:26:42,11.0300,14,1
2026-03-27,000001,14:26:48,11.0300,105,1
2026-03-27,000001,14:26:51,11.0200,8,2
2026-03-27,000001,14:26:54,11.0300,1,1
2026-03-27,000001,14:26:57,11.0300,641,1
2026-03-27,000001,14:27:03,11.0200,52,2
2026-03-27,000001,14:27:06,11.0200,15,2
2026-03-27,000001,14:27:09,11.0300,1,1
2026-03-27,000001,14:27:12,11.0200,5,2
2026-03-27,000001,14:27:15,11.0200,2179,2
2026-03-27,000001,14:27:18,11.0300,123,1
2026-03-27,000001,14:27:21,11.0200,93,2
2026-03-27,000001,14:27:24,11.0300,11,1
2026-03-27,000001,14:27:27,11.0300,278,1
2026-03-27,000001,14:27:30,11.0300,6,1
2026-03-27,000001,14:27:33,11.0300,11,1
2026-03-27,000001,14:27:36,11.0300,12,1
2026-03-27,000001,14:27:39,11.0300,32,1
2026-03-27,000001,14:27:42,11.0200,3,2
2026-03-27,000001,14:27:45,11.0300,50,1
2026-03-27,000001,14:27:48,11.0300,48,1
2026-03-27,000001,14:27:51,11.0300,38,1
2026-03-27,000001,14:27:54,11.0200,7,2
2026-03-27,000001,14:27:57,11.0300,14,1
2026-03-27,000001,14:28:00,11.0200,46,2
2026-03-27,000001,14:28:03,11.0200,49,2
2026-03-27,000001,14:28:06,11.0300,19,1
2026-03-27,000001,14:28:09,11.0200,38,2
2026-03-27,000001,14:28:12,11.0200,52,2
2026-03-27,000001,14:28:18,11.0300,1,1
2026-03-27,000001,14:28:21,11.0200,1982,2
2026-03-27,000001,14:28:24,11.0200,617,2
2026-03-27,000001,14:28:27,11.0200,385,1
2026-03-27,000001,14:28:30,11.0200,46,1
2026-03-27,000001,14:28:33,11.0300,11,1
2026-03-27,000001,14:28:36,11.0300,8,1
2026-03-27,000001,14:28:39,11.0200,104,2
2026-03-27,000001,14:28:42,11.0300,20,1
2026-03-27,000001,14:28:45,11.0100,126,2
2026-03-27,000001,14:28:48,11.0200,216,1
2026-03-27,000001,14:28:51,11.0300,423,1
2026-03-27,000001,14:29:00,11.0100,39,2
2026-03-27,000001,14:29:03,11.0200,13,1
2026-03-27,000001,14:29:06,11.0200,341,1
2026-03-27,000001,14:29:09,11.0200,26,1
2026-03-27,000001,14:29:12,11.0100,8,2
2026-03-27,000001,14:29:15,11.0100,107,2
2026-03-27,000001,14:29:21,11.0200,1,1
2026-03-27,000001,14:29:24,11.0200,8,1
2026-03-27,000001,14:29:27,11.0200,1,1
2026-03-27,000001,14:29:30,11.0100,23,2
2026-03-27,000001,14:29:33,11.0200,15,1
2026-03-27,000001,14:29:36,11.0100,28,2
2026-03-27,000001,14:29:39,11.0100,18,2
2026-03-27,000001,14:29:42,11.0200,4,1
2026-03-27,000001,14:29:45,11.0200,1028,1
2026-03-27,000001,14:29:48,11.0200,1,1
2026-03-27,000001,14:29:51,11.0100,15,2
2026-03-27,000001,14:29:54,11.0100,74,2
2026-03-27,000001,14:29:57,11.0200,35,1
2026-03-27,000001,14:30:00,11.0100,22,2
2026-03-27,000001,14:30:03,11.0100,567,2
2026-03-27,000001,14:30:06,11.0200,187,1
2026-03-27,000001,14:30:09,11.0200,1,1
2026-03-27,000001,14:30:12,11.0200,102,1
2026-03-27,000001,14:30:15,11.0100,100,2
2026-03-27,000001,14:30:18,11.0200,90,1
2026-03-27,000001,14:30:21,11.0200,66,1
2026-03-27,000001,14:30:24,11.0200,151,1
2026-03-27,000001,14:30:27,11.0200,138,1
2026-03-27,000001,14:30:30,11.0200,8,1
2026-03-27,000001,14:30:33,11.0200,992,1
2026-03-27,000001,14:30:36,11.0200,90,2
2026-03-27,000001,14:30:39,11.0200,45,2
2026-03-27,000001,14:30:42,11.0200,251,2
2026-03-27,000001,14:30:48,11.0200,99,2
2026-03-27,000001,14:30:51,11.0300,26,1
2026-03-27,000001,14:30:54,11.0300,127,1
2026-03-27,000001,14:30:57,11.0200,12,2
2026-03-27,000001,14:31:00,11.0300,70,1
2026-03-27,000001,14:31:03,11.0300,13,1
2026-03-27,000001,14:31:06,11.0300,7,1
2026-03-27,000001,14:31:09,11.0300,94,1
2026-03-27,000001,14:31:15,11.0200,1,2
2026-03-27,000001,14:31:21,11.0200,1,2
2026-03-27,000001,14:31:24,11.0200,12,2
2026-03-27,000001,14:31:27,11.0200,43,2
2026-03-27,000001,14:31:30,11.0200,12,2
2026-03-27,000001,14:31:39,11.0300,4,1
2026-03-27,000001,14:31:42,11.0200,10,2
2026-03-27,000001,14:31:51,11.0200,100,2
2026-03-27,000001,14:32:00,11.0200,81,2
2026-03-27,000001,14:32:03,11.0200,123,2
2026-03-27,000001,14:32:06,11.0200,162,2
2026-03-27,000001,14:32:09,11.0200,20,2
2026-03-27,000001,14:32:12,11.0200,4,2
2026-03-27,000001,14:32:15,11.0300,5,1
2026-03-27,000001,14:32:18,11.0200,28,2
2026-03-27,000001,14:32:33,11.0200,10,2
2026-03-27,000001,14:32:36,11.0200,1,2
2026-03-27,000001,14:32:39,11.0200,3,2
2026-03-27,000001,14:32:42,11.0200,20,2
2026-03-27,000001,14:32:48,11.0300,9,1
2026-03-27,000001,14:32:51,11.0200,11,2
2026-03-27,000001,14:32:54,11.0300,17,1
2026-03-27,000001,14:32:57,11.0200,51,2
2026-03-27,000001,14:33:00,11.0200,7,2
2026-03-27,000001,14:33:03,11.0300,194,1
2026-03-27,000001,14:33:09,11.0200,38,2
2026-03-27,000001,14:33:15,11.0200,5,2
2026-03-27,000001,14:33:18,11.0200,289,2
2026-03-27,000001,14:33:21,11.0300,183,1
2026-03-27,000001,14:33:24,11.0200,51,2
2026-03-27,000001,14:33:27,11.0300,237,1
2026-03-27,000001,14:33:30,11.0300,446,1
2026-03-27,000001,14:33:33,11.0300,24,1
2026-03-27,000001,14:33:36,11.0300,1555,1
2026-03-27,000001,14:33:39,11.0300,3,1
2026-03-27,000001,14:33:45,11.0200,311,2
2026-03-27,000001,14:33:48,11.0300,230,1
2026-03-27,000001,14:33:54,11.0300,5,1
2026-03-27,000001,14:34:00,11.0300,2,1
2026-03-27,000001,14:34:03,11.0300,11,1
2026-03-27,000001,14:34:06,11.0300,20,1
2026-03-27,000001,14:34:09,11.0200,69,2
2026-03-27,000001,14:34:15,11.0200,1,2
2026-03-27,000001,14:34:21,11.0200,10218,2
2026-03-27,000001,14:34:24,11.0200,166,2
2026-03-27,000001,14:34:27,11.0200,43,2
2026-03-27,000001,14:34:30,11.0200,29,2
2026-03-27,000001,14:34:33,11.0200,5,2
2026-03-27,000001,14:34:39,11.0200,2,2
2026-03-27,000001,14:34:42,11.0200,1,2
2026-03-27,000001,14:34:45,11.0200,76,2
2026-03-27,000001,14:34:48,11.0200,836,2
2026-03-27,000001,14:34:51,11.0200,24,2
2026-03-27,000001,14:34:54,11.0100,140,2
2026-03-27,000001,14:34:57,11.0200,63,1
2026-03-27,000001,14:35:00,11.0200,2,2
2026-03-27,000001,14:35:03,11.0200,18,2
2026-03-27,000001,14:35:06,11.0200,8,2
2026-03-27,000001,14:35:09,11.0200,12,2
2026-03-27,000001,14:35:12,11.0200,4,2
2026-03-27,000001,14:35:21,11.0200,2,2
2026-03-27,000001,14:35:24,11.0200,26,2
2026-03-27,000001,14:35:27,11.0200,28,2
2026-03-27,000001,14:35:30,11.0200,688,2
2026-03-27,000001,14:35:33,11.0200,103,1
2026-03-27,000001,14:35:36,11.0200,27,1
2026-03-27,000001,14:35:39,11.0200,244,1
2026-03-27,000001,14:35:48,11.0200,20,2
2026-03-27,000001,14:35:51,11.0200,49,2
2026-03-27,000001,14:35:54,11.0100,211,2
2026-03-27,000001,14:35:57,11.0300,27,1
2026-03-27,000001,14:36:00,11.0200,183,2
2026-03-27,000001,14:36:03,11.0200,1,2
2026-03-27,000001,14:36:06,11.0200,14,2
2026-03-27,000001,14:36:09,11.0200,91,2
2026-03-27,000001,14:36:12,11.0100,35,2
2026-03-27,000001,14:36:15,11.0100,28,2
2026-03-27,000001,14:36:18,11.0200,66,1
2026-03-27,000001,14:36:21,11.0200,23,2
2026-03-27,000001,14:36:24,11.0200,43,2
2026-03-27,000001,14:36:27,11.0200,2,1
2026-03-27,000001,14:36:30,11.0200,2,1
2026-03-27,000001,14:36:33,11.0200,7,1
2026-03-27,000001,14:36:39,11.0100,55,2
2026-03-27,000001,14:36:42,11.0200,125,1
2026-03-27,000001,14:36:51,11.0200,595,1
2026-03-27,000001,14:36:54,11.0200,69,4
2026-03-27,000001,14:36:57,11.0200,13,1
2026-03-27,000001,14:37:00,11.0200,60,2
2026-03-27,000001,14:37:03,11.0200,19,1
2026-03-27,000001,14:37:06,11.0200,41,1
2026-03-27,000001,14:37:12,11.0200,48,1
2026-03-27,000001,14:37:15,11.0100,200,2
2026-03-27,000001,14:37:18,11.0100,1,2
2026-03-27,000001,14:37:24,11.0100,8,2
2026-03-27,000001,14:37:27,11.0100,23,2
2026-03-27,000001,14:37:30,11.0100,1577,2
2026-03-27,000001,14:37:39,11.0100,40,2
2026-03-27,000001,14:37:48,11.0100,5,2
2026-03-27,000001,14:37:51,11.0100,15,2
2026-03-27,000001,14:37:54,11.0100,3,2
2026-03-27,000001,14:38:00,11.0100,16,2
2026-03-27,000001,14:38:03,11.0100,15,2
2026-03-27,000001,14:38:06,11.0100,10,2
2026-03-27,000001,14:38:09,11.0100,18,2
2026-03-27,000001,14:38:15,11.0100,28,2
2026-03-27,000001,14:38:18,11.0100,33,2
2026-03-27,000001,14:38:21,11.0100,4,2
2026-03-27,000001,14:38:30,11.0200,20,1
2026-03-27,000001,14:38:33,11.0200,20,1
2026-03-27,000001,14:38:39,11.0200,177,1
2026-03-27,000001,14:38:48,11.0200,1,1
2026-03-27,000001,14:38:51,11.0200,15,1
2026-03-27,000001,14:38:57,11.0200,3093,1
2026-03-27,000001,14:39:00,11.0200,93,1
2026-03-27,000001,14:39:03,11.0200,673,1
2026-03-27,000001,14:39:06,11.0200,27,1
2026-03-27,000001,14:39:09,11.0200,926,1
2026-03-27,000001,14:39:12,11.0100,43,2
2026-03-27,000001,14:39:15,11.0200,59,1
2026-03-27,000001,14:39:18,11.0200,36,1
2026-03-27,000001,14:39:33,11.0200,14,1
2026-03-27,000001,14:39:36,11.0100,25,2
2026-03-27,000001,14:39:39,11.0200,15,1
2026-03-27,000001,14:39:48,11.0100,14,2
2026-03-27,000001,14:39:51,11.0200,29,1
2026-03-27,000001,14:39:54,11.0100,18,2
2026-03-27,000001,14:39:57,11.0100,23,2
2026-03-27,000001,14:40:00,11.0100,14,2
2026-03-27,000001,14:40:03,11.0100,118,2
2026-03-27,000001,14:40:06,11.0100,18,2
2026-03-27,000001,14:40:09,11.0100,99,2
2026-03-27,000001,14:40:12,11.0200,1,1
2026-03-27,000001,14:40:18,11.0200,965,1
2026-03-27,000001,14:40:21,11.0200,4951,1
2026-03-27,000001,14:40:24,11.0200,831,2
2026-03-27,000001,14:40:27,11.0200,48,2
2026-03-27,000001,14:40:30,11.0300,16,1
2026-03-27,000001,14:40:33,11.0300,25,1
2026-03-27,000001,14:40:36,11.0300,30,1
2026-03-27,000001,14:40:42,11.0200,16,2
2026-03-27,000001,14:40:48,11.0200,186,2
2026-03-27,000001,14:40:51,11.0200,1,2
2026-03-27,000001,14:40:54,11.0200,35,2
2026-03-27,000001,14:40:57,11.0200,41,2
2026-03-27,000001,14:41:00,11.0200,293,2
2026-03-27,000001,14:41:03,11.0200,20,2
2026-03-27,000001,14:41:06,11.0200,4,2
2026-03-27,000001,14:41:09,11.0200,195,2
2026-03-27,000001,14:41:12,11.0200,903,2
2026-03-27,000001,14:41:15,11.0100,720,2
2026-03-27,000001,14:41:18,11.0200,425,1
2026-03-27,000001,14:41:21,11.0200,10,1
2026-03-27,000001,14:41:24,11.0200,4,1
2026-03-27,000001,14:41:27,11.0100,30,2
2026-03-27,000001,14:41:30,11.0200,24,1
2026-03-27,000001,14:41:33,11.0200,8,1
2026-03-27,000001,14:41:36,11.0100,162,2
2026-03-27,000001,14:41:39,11.0100,52,2
2026-03-27,000001,14:41:42,11.0200,27,1
2026-03-27,000001,14:41:45,11.0200,533,1
2026-03-27,000001,14:41:48,11.0200,9,1
2026-03-27,000001,14:41:51,11.0200,9,1
2026-03-27,000001,14:41:54,11.0200,1794,1
2026-03-27,000001,14:41:57,11.0200,257,1
2026-03-27,000001,14:42:00,11.0200,111,1
2026-03-27,000001,14:42:03,11.0100,110,2
2026-03-27,000001,14:42:06,11.0100,97,2
2026-03-27,000001,14:42:09,11.0100,38,2
2026-03-27,000001,14:42:12,11.0100,26,2
2026-03-27,000001,14:42:15,11.0100,61,2
2026-03-27,000001,14:42:18,11.0200,10,1
2026-03-27,000001,14:42:21,11.0100,23,2
2026-03-27,000001,14:42:24,11.0200,49,1
2026-03-27,000001,14:42:27,11.0200,123,1
2026-03-27,000001,14:42:30,11.0100,43,2
2026-03-27,000001,14:42:33,11.0200,16,1
2026-03-27,000001,14:42:39,11.0100,10,2
2026-03-27,000001,14:42:42,11.0100,56,2
2026-03-27,000001,14:42:45,11.0100,20,2
2026-03-27,000001,14:42:48,11.0100,8,2
2026-03-27,000001,14:42:54,11.0100,65,2
2026-03-27,000001,14:42:57,11.0100,7,2
2026-03-27,000001,14:43:03,11.0200,59,1
2026-03-27,000001,14:43:06,11.0200,266,1
2026-03-27,000001,14:43:09,11.0100,34,2
2026-03-27,000001,14:43:12,11.0200,5291,1
2026-03-27,000001,14:43:15,11.0200,83,2
2026-03-27,000001,14:43:18,11.0200,179,2
2026-03-27,000001,14:43:21,11.0200,475,2
2026-03-27,000001,14:43:24,11.0200,122,2
2026-03-27,000001,14:43:30,11.0200,222,2
2026-03-27,000001,14:43:33,11.0200,83,2
2026-03-27,000001,14:43:36,11.0200,46,2
2026-03-27,000001,14:43:39,11.0200,65,2
2026-03-27,000001,14:43:42,11.0200,167,1
2026-03-27,000001,14:43:45,11.0200,385,2
2026-03-27,000001,14:43:48,11.0300,3,1
2026-03-27,000001,14:43:51,11.0200,107,2
2026-03-27,000001,14:43:54,11.0200,432,2
2026-03-27,000001,14:43:57,11.0200,596,2
2026-03-27,000001,14:44:00,11.0200,188,2
2026-03-27,000001,14:44:03,11.0100,45,2
2026-03-27,000001,14:44:06,11.0200,4,1
2026-03-27,000001,14:44:09,11.0200,5,1
2026-03-27,000001,14:44:12,11.0100,31,2
2026-03-27,000001,14:44:15,11.0100,17,2
2026-03-27,000001,14:44:18,11.0100,62,2
2026-03-27,000001,14:44:21,11.0100,24,2
2026-03-27,000001,14:44:24,11.0100,36,2
2026-03-27,000001,14:44:27,11.0200,8,1
2026-03-27,000001,14:44:30,11.0100,10,2
2026-03-27,000001,14:44:33,11.0200,66,1
2026-03-27,000001,14:44:36,11.0100,425,2
2026-03-27,000001,14:44:39,11.0200,262,1
2026-03-27,000001,14:44:42,11.0200,637,1
2026-03-27,000001,14:44:45,11.0100,36,2
2026-03-27,000001,14:44:48,11.0100,142,2
2026-03-27,000001,14:44:51,11.0100,77,2
2026-03-27,000001,14:44:54,11.0200,129,1
2026-03-27,000001,14:44:57,11.0100,1000,2
2026-03-27,000001,14:45:00,11.0100,26,2
2026-03-27,000001,14:45:03,11.0100,171,2
2026-03-27,000001,14:45:06,11.0100,34,2
2026-03-27,000001,14:45:12,11.0100,1983,2
2026-03-27,000001,14:45:15,11.0200,56,1
2026-03-27,000001,14:45:18,11.0100,10,2
2026-03-27,000001,14:45:21,11.0200,19,1
2026-03-27,000001,14:45:24,11.0200,73,1
2026-03-27,000001,14:45:27,11.0100,85,2
2026-03-27,000001,14:45:30,11.0100,85,2
2026-03-27,000001,14:45:33,11.0200,266,1
2026-03-27,000001,14:45:36,11.0100,52,2
2026-03-27,000001,14:45:39,11.0200,83,1
2026-03-27,000001,14:45:42,11.0100,146,2
2026-03-27,000001,14:45:45,11.0200,76,1
2026-03-27,000001,14:45:48,11.0100,172,2
2026-03-27,000001,14:45:54,11.0200,81,1
2026-03-27,000001,14:45:57,11.0200,126,1
2026-03-27,000001,14:46:03,11.0200,16,1
2026-03-27,000001,14:46:06,11.0100,29,2
2026-03-27,000001,14:46:09,11.0100,24,2
2026-03-27,000001,14:46:12,11.0100,127,2
2026-03-27,000001,14:46:15,11.0100,28,2
2026-03-27,000001,14:46:18,11.0100,13,2
2026-03-27,000001,14:46:21,11.0200,6,1
2026-03-27,000001,14:46:24,11.0200,4,1
2026-03-27,000001,14:46:27,11.0200,130,1
2026-03-27,000001,14:46:30,11.0200,60,1
2026-03-27,000001,14:46:36,11.0200,3,1
2026-03-27,000001,14:46:39,11.0100,47,2
2026-03-27,000001,14:46:42,11.0200,75,1
2026-03-27,000001,14:46:45,11.0100,12,2
2026-03-27,000001,14:46:48,11.0200,41,1
2026-03-27,000001,14:46:51,11.0100,162,2
2026-03-27,000001,14:46:54,11.0200,10,1
2026-03-27,000001,14:46:57,11.0100,43,2
2026-03-27,000001,14:47:00,11.0100,32,2
2026-03-27,000001,14:47:03,11.0100,369,2
2026-03-27,000001,14:47:06,11.0100,10,2
2026-03-27,000001,14:47:09,11.0100,64,2
2026-03-27,000001,14:47:12,11.0100,75,2
2026-03-27,000001,14:47:15,11.0100,101,2
2026-03-27,000001,14:47:18,11.0100,3151,2
2026-03-27,000001,14:47:21,11.0100,66,2
2026-03-27,000001,14:47:24,11.0200,56,1
2026-03-27,000001,14:47:27,11.0200,24,1
2026-03-27,000001,14:47:30,11.0200,134,1
2026-03-27,000001,14:47:33,11.0100,199,2
2026-03-27,000001,14:47:36,11.0200,142,1
2026-03-27,000001,14:47:39,11.0200,48,1
2026-03-27,000001,14:47:42,11.0200,324,1
2026-03-27,000001,14:47:45,11.0200,1,1
2026-03-27,000001,14:47:48,11.0100,26,2
2026-03-27,000001,14:47:51,11.0100,44,2
2026-03-27,000001,14:47:54,11.0100,17,2
2026-03-27,000001,14:47:57,11.0200,76,1
2026-03-27,000001,14:48:00,11.0100,40,2
2026-03-27,000001,14:48:03,11.0100,10,2
2026-03-27,000001,14:48:06,11.0100,26,2
2026-03-27,000001,14:48:09,11.0100,59,2
2026-03-27,000001,14:48:12,11.0100,18,2
2026-03-27,000001,14:48:15,11.0100,27,2
2026-03-27,000001,14:48:21,11.0200,5,1
2026-03-27,000001,14:48:24,11.0100,52,2
2026-03-27,000001,14:48:27,11.0100,50,2
2026-03-27,000001,14:48:30,11.0100,108,2
2026-03-27,000001,14:48:33,11.0200,39,1
2026-03-27,000001,14:48:36,11.0100,13,2
2026-03-27,000001,14:48:39,11.0200,51,1
2026-03-27,000001,14:48:42,11.0200,123,1
2026-03-27,000001,14:48:45,11.0100,81,2
2026-03-27,000001,14:48:48,11.0200,11,1
2026-03-27,000001,14:48:51,11.0200,9,1
2026-03-27,000001,14:48:54,11.0100,5,2
2026-03-27,000001,14:48:57,11.0100,18,2
2026-03-27,000001,14:49:00,11.0100,93,2
2026-03-27,000001,14:49:03,11.0200,1101,1
2026-03-27,000001,14:49:06,11.0100,43,2
2026-03-27,000001,14:49:09,11.0200,11,1
2026-03-27,000001,14:49:12,11.0200,14,1
2026-03-27,000001,14:49:15,11.0100,1,2
2026-03-27,000001,14:49:18,11.0200,26,1
2026-03-27,000001,14:49:21,11.0200,64,1
2026-03-27,000001,14:49:24,11.0200,376,1
2026-03-27,000001,14:49:27,11.0200,32,1
2026-03-27,000001,14:49:30,11.0200,12,1
2026-03-27,000001,14:49:33,11.0100,25,2
2026-03-27,000001,14:49:36,11.0200,78,1
2026-03-27,000001,14:49:39,11.0200,46,1
2026-03-27,000001,14:49:42,11.0200,198,1
2026-03-27,000001,14:49:45,11.0100,148,2
2026-03-27,000001,14:49:48,11.0100,113,2
2026-03-27,000001,14:49:51,11.0200,64,1
2026-03-27,000001,14:49:54,11.0100,27,2
2026-03-27,000001,14:49:57,11.0100,41,2
2026-03-27,000001,14:50:00,11.0200,101,1
2026-03-27,000001,14:50:03,11.0200,1671,1
2026-03-27,000001,14:50:06,11.0100,61,2
2026-03-27,000001,14:50:09,11.0200,212,1
2026-03-27,000001,14:50:12,11.0200,60,1
2026-03-27,000001,14:50:15,11.0200,39,1
2026-03-27,000001,14:50:18,11.0200,169,1
2026-03-27,000001,14:50:21,11.0200,56,1
2026-03-27,000001,14:50:24,11.0100,48,2
2026-03-27,000001,14:50:27,11.0100,110,2
2026-03-27,000001,14:50:30,11.0100,38,2
2026-03-27,000001,14:50:33,11.0200,314,1
2026-03-27,000001,14:50:36,11.0200,7,1
2026-03-27,000001,14:50:39,11.0100,3,2
2026-03-27,000001,14:50:42,11.0100,37,2
2026-03-27,000001,14:50:45,11.0200,1487,1
2026-03-27,000001,14:50:48,11.0200,111,1
2026-03-27,000001,14:50:51,11.0200,7,1
2026-03-27,000001,14:50:54,11.0200,99,1
2026-03-27,000001,14:50:57,11.0200,10,1
2026-03-27,000001,14:51:00,11.0100,76,2
2026-03-27,000001,14:51:03,11.0200,78,1
2026-03-27,000001,14:51:06,11.0200,86,1
2026-03-27,000001,14:51:09,11.0100,51,2
2026-03-27,000001,14:51:12,11.0100,10,2
2026-03-27,000001,14:51:15,11.0100,112,2
2026-03-27,000001,14:51:18,11.0100,160,2
2026-03-27,000001,14:51:21,11.0200,203,1
2026-03-27,000001,14:51:24,11.0200,59,1
2026-03-27,000001,14:51:27,11.0100,40,2
2026-03-27,000001,14:51:30,11.0100,26,2
2026-03-27,000001,14:51:33,11.0200,129,1
2026-03-27,000001,14:51:36,11.0100,35,2
2026-03-27,000001,14:51:39,11.0100,7,2
2026-03-27,000001,14:51:42,11.0100,127,2
2026-03-27,000001,14:51:45,11.0200,62,1
2026-03-27,000001,14:51:48,11.0200,4,1
2026-03-27,000001,14:51:51,11.0100,28,2
2026-03-27,000001,14:51:54,11.0200,15,1
2026-03-27,000001,14:51:57,11.0200,27,1
2026-03-27,000001,14:52:00,11.0200,520,1
2026-03-27,000001,14:52:03,11.0200,332,1
2026-03-27,000001,14:52:06,11.0200,26,1
2026-03-27,000001,14:52:09,11.0200,182,1
2026-03-27,000001,14:52:12,11.0200,431,1
2026-03-27,000001,14:52:15,11.0200,66,1
2026-03-27,000001,14:52:18,11.0200,499,1
2026-03-27,000001,14:52:21,11.0100,71,2
2026-03-27,000001,14:52:24,11.0200,6,1
2026-03-27,000001,14:52:27,11.0100,882,2
2026-03-27,000001,14:52:30,11.0200,93,1
2026-03-27,000001,14:52:33,11.0200,67,1
2026-03-27,000001,14:52:36,11.0200,16,1
2026-03-27,000001,14:52:39,11.0100,144,2
2026-03-27,000001,14:52:42,11.0100,56,2
2026-03-27,000001,14:52:45,11.0200,8,1
2026-03-27,000001,14:52:48,11.0200,104,1
2026-03-27,000001,14:52:51,11.0200,16,1
2026-03-27,000001,14:52:54,11.0100,22,2
2026-03-27,000001,14:52:57,11.0200,63,1
2026-03-27,000001,14:53:00,11.0100,64,2
2026-03-27,000001,14:53:03,11.0100,38,2
2026-03-27,000001,14:53:06,11.0200,9,1
2026-03-27,000001,14:53:09,11.0200,83,1
2026-03-27,000001,14:53:12,11.0100,276,2
2026-03-27,000001,14:53:15,11.0200,149,1
2026-03-27,000001,14:53:18,11.0200,101,1
2026-03-27,000001,14:53:21,11.0200,171,1
2026-03-27,000001,14:53:24,11.0200,233,1
2026-03-27,000001,14:53:27,11.0100,55,2
2026-03-27,000001,14:53:30,11.0200,96,1
2026-03-27,000001,14:53:33,11.0200,67,1
2026-03-27,000001,14:53:36,11.0100,13,2
2026-03-27,000001,14:53:39,11.0200,480,1
2026-03-27,000001,14:53:42,11.0100,61,2
2026-03-27,000001,14:53:45,11.0200,34,1
2026-03-27,000001,14:53:48,11.0100,110,2
2026-03-27,000001,14:53:51,11.0200,123,1
2026-03-27,000001,14:53:54,11.0100,123,2
2026-03-27,000001,14:53:57,11.0200,606,1
2026-03-27,000001,14:54:00,11.0200,495,1
2026-03-27,000001,14:54:03,11.0100,221,2
2026-03-27,000001,14:54:06,11.0200,99,1
2026-03-27,000001,14:54:09,11.0200,130,1
2026-03-27,000001,14:54:12,11.0200,440,1
2026-03-27,000001,14:54:15,11.0200,171,1
2026-03-27,000001,14:54:18,11.0200,159,1
2026-03-27,000001,14:54:21,11.0100,132,2
2026-03-27,000001,14:54:24,11.0200,200,1
2026-03-27,000001,14:54:27,11.0200,105,1
2026-03-27,000001,14:54:30,11.0100,648,2
2026-03-27,000001,14:54:33,11.0100,252,2
2026-03-27,000001,14:54:36,11.0200,423,1
2026-03-27,000001,14:54:39,11.0100,188,2
2026-03-27,000001,14:54:42,11.0200,92,1
2026-03-27,000001,14:54:45,11.0200,53,1
2026-03-27,000001,14:54:48,11.0100,111,2
2026-03-27,000001,14:54:51,11.0200,214,1
2026-03-27,000001,14:54:54,11.0100,88,2
2026-03-27,000001,14:54:57,11.0100,74,2
2026-03-27,000001,14:55:00,11.0100,32,2
2026-03-27,000001,14:55:03,11.0100,1603,2
2026-03-27,000001,14:55:06,11.0100,369,2
2026-03-27,000001,14:55:09,11.0100,145,2
2026-03-27,000001,14:55:12,11.0200,104,1
2026-03-27,000001,14:55:15,11.0100,136,2
2026-03-27,000001,14:55:18,11.0200,366,1
2026-03-27,000001,14:55:21,11.0200,609,1
2026-03-27,000001,14:55:24,11.0200,163,1
2026-03-27,000001,14:55:27,11.0200,112,1
2026-03-27,000001,14:55:30,11.0100,103,2
2026-03-27,000001,14:55:33,11.0200,30,1
2026-03-27,000001,14:55:36,11.0100,31,2
2026-03-27,000001,14:55:39,11.0200,200,1
2026-03-27,000001,14:55:42,11.0100,177,2
2026-03-27,000001,14:55:45,11.0100,309,2
2026-03-27,000001,14:55:48,11.0100,366,2
2026-03-27,000001,14:55:51,11.0200,56,1
2026-03-27,000001,14:55:54,11.0100,47,2
2026-03-27,000001,14:55:57,11.0100,27,2
2026-03-27,000001,14:56:00,11.0200,76,1
2026-03-27,000001,14:56:03,11.0200,1967,1
2026-03-27,000001,14:56:06,11.0200,296,1
2026-03-27,000001,14:56:09,11.0200,2801,1
2026-03-27,000001,14:56:12,11.0200,391,1
2026-03-27,000001,14:56:15,11.0200,587,1
2026-03-27,000001,14:56:18,11.0100,261,2
2026-03-27,000001,14:56:21,11.0100,712,2
2026-03-27,000001,14:56:24,11.0200,359,1
2026-03-27,000001,14:56:27,11.0200,904,1
2026-03-27,000001,14:56:30,11.0100,733,2
2026-03-27,000001,14:56:33,11.0200,1175,1
2026-03-27,000001,14:56:36,11.0200,2272,4
2026-03-27,000001,14:56:39,11.0200,31,1
2026-03-27,000001,14:56:42,11.0100,297,2
2026-03-27,000001,14:56:45,11.0200,199,1
2026-03-27,000001,14:56:48,11.0200,41,1
2026-03-27,000001,14:56:51,11.0200,3,1
2026-03-27,000001,14:56:54,11.0200,12,1
2026-03-27,000001,14:56:57,11.0100,205,2
2026-03-27,000001,14:57:00,11.0200,2,1
2026-03-27,000001,15:00:02,11.0200,11293,4
2026-03-27,000001,13:02:09,11.0400,37,2
2026-03-27,000001,13:02:12,11.0400,38,2
2026-03-27,000001,13:02:15,11.0400,387,1
2026-03-27,000001,13:02:18,11.0400,1,1
2026-03-27,000001,13:02:21,11.0400,66,1
2026-03-27,000001,13:02:24,11.0300,16,2
2026-03-27,000001,13:02:30,11.0400,812,1
2026-03-27,000001,13:02:33,11.0300,78,2
2026-03-27,000001,13:02:36,11.0400,118,1
2026-03-27,000001,13:02:39,11.0500,83,1
2026-03-27,000001,13:02:42,11.0400,23,1
2026-03-27,000001,13:02:45,11.0400,81,2
2026-03-27,000001,13:02:48,11.0400,122,2
2026-03-27,000001,13:02:51,11.0400,89,2
2026-03-27,000001,13:02:54,11.0500,97,1
2026-03-27,000001,13:03:00,11.0400,36,2
2026-03-27,000001,13:03:03,11.0400,50,2
2026-03-27,000001,13:03:06,11.0400,4,2
2026-03-27,000001,13:03:09,11.0500,787,1
2026-03-27,000001,13:03:12,11.0400,25,2
2026-03-27,000001,13:03:15,11.0400,24,2
2026-03-27,000001,13:03:18,11.0500,36,1
2026-03-27,000001,13:03:21,11.0400,467,2
2026-03-27,000001,13:03:24,11.0500,154,1
2026-03-27,000001,13:03:27,11.0400,107,2
2026-03-27,000001,13:03:30,11.0400,44,1
2026-03-27,000001,13:03:33,11.0400,89,2
2026-03-27,000001,13:03:36,11.0400,51,2
2026-03-27,000001,13:03:39,11.0400,50,2
2026-03-27,000001,13:03:42,11.0400,273,2
2026-03-27,000001,13:03:45,11.0500,37,1
2026-03-27,000001,13:03:48,11.0500,803,1
2026-03-27,000001,13:03:51,11.0400,3,4
2026-03-27,000001,13:03:54,11.0400,40,1
2026-03-27,000001,13:03:57,11.0400,76,1
2026-03-27,000001,13:04:00,11.0400,10,2
2026-03-27,000001,13:04:03,11.0400,47,1
2026-03-27,000001,13:04:06,11.0400,166,2
2026-03-27,000001,13:04:12,11.0400,93,2
2026-03-27,000001,13:04:15,11.0500,34,1
2026-03-27,000001,13:04:18,11.0400,112,2
2026-03-27,000001,13:04:21,11.0400,334,1
2026-03-27,000001,13:04:24,11.0400,380,1
2026-03-27,000001,13:04:27,11.0400,566,1
2026-03-27,000001,13:04:30,11.0400,68,1
2026-03-27,000001,13:04:33,11.0300,56,2
2026-03-27,000001,13:04:39,11.0300,17,2
2026-03-27,000001,13:04:42,11.0400,205,1
2026-03-27,000001,13:04:45,11.0400,904,2
2026-03-27,000001,13:04:48,11.0400,160,2
2026-03-27,000001,13:04:51,11.0400,103,2
2026-03-27,000001,13:04:57,11.0400,10,2
2026-03-27,000001,13:05:00,11.0500,23,1
2026-03-27,000001,13:05:03,11.0400,1278,2
2026-03-27,000001,13:05:06,11.0300,81,2
2026-03-27,000001,13:05:09,11.0400,2,1
2026-03-27,000001,13:05:12,11.0400,1,1
2026-03-27,000001,13:05:15,11.0400,32,1
2026-03-27,000001,13:05:18,11.0400,56,1
2026-03-27,000001,13:05:21,11.0400,107,1
2026-03-27,000001,13:05:24,11.0400,51,1
2026-03-27,000001,13:05:27,11.0400,28,1
2026-03-27,000001,13:05:30,11.0400,18,1
2026-03-27,000001,13:05:33,11.0400,16,1
2026-03-27,000001,13:05:36,11.0400,41,1
2026-03-27,000001,13:05:39,11.0400,51,1
2026-03-27,000001,13:05:42,11.0400,44,1
2026-03-27,000001,13:05:48,11.0400,56,1
2026-03-27,000001,13:05:51,11.0400,3,1
2026-03-27,000001,13:05:54,11.0300,110,2
2026-03-27,000001,13:06:00,11.0300,6,2
2026-03-27,000001,13:06:03,11.0300,4,2
2026-03-27,000001,13:06:06,11.0400,49,1
2026-03-27,000001,13:06:09,11.0300,297,2
2026-03-27,000001,13:06:15,11.0400,3,1
2026-03-27,000001,13:06:21,11.0400,5,1
2026-03-27,000001,13:06:24,11.0300,100,2
2026-03-27,000001,13:06:27,11.0300,12,2
2026-03-27,000001,13:06:36,11.0300,20,2
2026-03-27,000001,13:06:42,11.0400,27,1
2026-03-27,000001,13:06:45,11.0400,4,1
2026-03-27,000001,13:06:48,11.0300,18,2
2026-03-27,000001,13:06:51,11.0400,37,1
2026-03-27,000001,13:06:54,11.0400,1,1
2026-03-27,000001,13:06:57,11.0400,43,1
2026-03-27,000001,13:07:00,11.0300,25,2
2026-03-27,000001,13:07:03,11.0300,137,2
2026-03-27,000001,13:07:06,11.0400,105,1
2026-03-27,000001,13:07:09,11.0400,40,1
2026-03-27,000001,13:07:12,11.0300,2417,2
2026-03-27,000001,13:07:15,11.0300,525,2
2026-03-27,000001,13:07:18,11.0400,57,1
2026-03-27,000001,13:07:21,11.0400,1,1
2026-03-27,000001,13:07:24,11.0400,486,1
2026-03-27,000001,13:07:27,11.0400,343,1
2026-03-27,000001,13:07:30,11.0400,7,1
2026-03-27,000001,13:07:33,11.0300,10,2
2026-03-27,000001,13:07:36,11.0400,45,1
2026-03-27,000001,13:07:42,11.0400,1,1
2026-03-27,000001,13:07:45,11.0400,4,1
2026-03-27,000001,13:07:48,11.0300,363,2
2026-03-27,000001,13:07:51,11.0400,121,1
2026-03-27,000001,13:07:54,11.0400,17,1
2026-03-27,000001,13:07:57,11.0400,297,1
2026-03-27,000001,13:08:00,11.0300,101,2
2026-03-27,000001,13:08:03,11.0400,389,1
2026-03-27,000001,13:08:06,11.0400,532,1
2026-03-27,000001,13:08:09,11.0300,9,2
2026-03-27,000001,13:08:18,11.0400,108,1
2026-03-27,000001,13:08:21,11.0400,14,1
2026-03-27,000001,13:08:24,11.0400,7,1
2026-03-27,000001,13:08:30,11.0400,66,1
2026-03-27,000001,13:08:33,11.0400,16,1
2026-03-27,000001,13:08:39,11.0400,1,1
2026-03-27,000001,13:08:42,11.0400,156,1
2026-03-27,000001,13:08:45,11.0400,594,1
2026-03-27,000001,13:08:48,11.0300,13,2
2026-03-27,000001,13:08:51,11.0400,1,1
2026-03-27,000001,13:08:54,11.0300,19,2
2026-03-27,000001,13:09:00,11.0300,130,2
2026-03-27,000001,13:09:09,11.0300,20,2
2026-03-27,000001,13:09:12,11.0300,1,2
2026-03-27,000001,13:09:15,11.0400,61,1
2026-03-27,000001,13:09:18,11.0400,46,1
2026-03-27,000001,13:09:21,11.0400,60,1
2026-03-27,000001,13:09:24,11.0500,2053,1
2026-03-27,000001,13:09:27,11.0500,38,1
2026-03-27,000001,13:09:30,11.0500,67,1
2026-03-27,000001,13:09:33,11.0500,16,1
2026-03-27,000001,13:09:36,11.0400,53,2
2026-03-27,000001,13:09:39,11.0500,95,1
2026-03-27,000001,13:09:42,11.0400,97,2
2026-03-27,000001,13:09:45,11.0400,15,2
2026-03-27,000001,13:09:48,11.0400,26,2
2026-03-27,000001,13:09:51,11.0400,199,2
2026-03-27,000001,13:09:54,11.0400,137,2
2026-03-27,000001,13:09:57,11.0500,9,1
2026-03-27,000001,13:10:00,11.0400,37,2
2026-03-27,000001,13:10:03,11.0400,494,2
2026-03-27,000001,13:10:06,11.0400,489,1
2026-03-27,000001,13:10:09,11.0400,17,1
2026-03-27,000001,13:10:12,11.0400,10,1
2026-03-27,000001,13:10:15,11.0300,35,2
2026-03-27,000001,13:10:18,11.0400,134,1
2026-03-27,000001,13:10:21,11.0300,36,2
2026-03-27,000001,13:10:27,11.0400,137,1
2026-03-27,000001,13:10:30,11.0300,47,2
2026-03-27,000001,13:10:36,11.0300,111,2
2026-03-27,000001,13:10:39,11.0300,31,2
2026-03-27,000001,13:10:45,11.0400,491,1
2026-03-27,000001,13:10:48,11.0400,3,1
2026-03-27,000001,13:10:51,11.0400,93,1
2026-03-27,000001,13:10:54,11.0400,22,1
2026-03-27,000001,13:10:57,11.0300,3,2
2026-03-27,000001,13:11:00,11.0300,10,2
2026-03-27,000001,13:11:03,11.0400,2,1
2026-03-27,000001,13:11:06,11.0400,18,1
2026-03-27,000001,13:11:09,11.0300,17,2
2026-03-27,000001,13:11:15,11.0400,2,1
2026-03-27,000001,13:11:18,11.0400,7,1
2026-03-27,000001,13:11:21,11.0400,70,1
2026-03-27,000001,13:11:24,11.0400,103,1
2026-03-27,000001,13:11:27,11.0400,501,1
2026-03-27,000001,13:11:33,11.0400,75,1
2026-03-27,000001,13:11:36,11.0300,10,2
2026-03-27,000001,13:11:39,11.0400,37,1
2026-03-27,000001,13:11:45,11.0400,17,1
2026-03-27,000001,13:11:48,11.0400,231,1
2026-03-27,000001,13:11:51,11.0300,7,2
2026-03-27,000001,13:11:54,11.0300,26,2
2026-03-27,000001,13:12:00,11.0400,1,1
2026-03-27,000001,13:12:03,11.0300,5,2
2026-03-27,000001,13:12:06,11.0300,575,2
2026-03-27,000001,13:12:09,11.0300,5,2
2026-03-27,000001,13:12:12,11.0300,20,2
2026-03-27,000001,13:12:15,11.0400,21,1
2026-03-27,000001,13:12:18,11.0400,8,1
2026-03-27,000001,13:12:21,11.0300,10,2
2026-03-27,000001,13:12:24,11.0300,10,2
2026-03-27,000001,13:12:27,11.0400,1,1
2026-03-27,000001,13:12:36,11.0400,8,1
2026-03-27,000001,13:12:39,11.0300,4,2
2026-03-27,000001,13:12:42,11.0300,58,2
2026-03-27,000001,13:12:45,11.0400,508,1
2026-03-27,000001,13:12:48,11.0400,28,1
2026-03-27,000001,13:12:51,11.0400,612,1
2026-03-27,000001,13:12:54,11.0400,301,1
2026-03-27,000001,13:12:57,11.0400,40,1
2026-03-27,000001,13:13:00,11.0300,12,2
2026-03-27,000001,13:13:03,11.0400,1835,1
2026-03-27,000001,13:13:06,11.0400,341,2
2026-03-27,000001,13:13:09,11.0500,15,1
2026-03-27,000001,13:13:12,11.0400,6,2
2026-03-27,000001,13:13:15,11.0400,64,2
2026-03-27,000001,13:13:18,11.0400,278,2
2026-03-27,000001,13:13:21,11.0400,173,2
2026-03-27,000001,13:13:24,11.0400,153,2
2026-03-27,000001,13:13:27,11.0400,524,2
2026-03-27,000001,13:13:30,11.0400,31,2
2026-03-27,000001,13:13:33,11.0400,11,2
2026-03-27,000001,13:13:36,11.0400,11,2
2026-03-27,000001,13:13:39,11.0400,18,2
2026-03-27,000001,13:13:42,11.0400,340,2
2026-03-27,000001,13:13:45,11.0400,1,2
2026-03-27,000001,13:13:48,11.0400,2,2
2026-03-27,000001,13:13:51,11.0400,31,2
2026-03-27,000001,13:13:54,11.0400,102,2
2026-03-27,000001,13:13:57,11.0500,35,1
2026-03-27,000001,13:14:00,11.0400,87,2
2026-03-27,000001,13:14:03,11.0400,62,2
2026-03-27,000001,13:14:06,11.0400,82,1
2026-03-27,000001,13:14:09,11.0400,2,1
2026-03-27,000001,13:14:12,11.0400,54,1
2026-03-27,000001,13:14:15,11.0400,202,1
2026-03-27,000001,13:14:18,11.0400,54,1
2026-03-27,000001,13:14:21,11.0400,11,1
2026-03-27,000001,13:14:24,11.0400,43,1
2026-03-27,000001,13:14:27,11.0400,58,1
2026-03-27,000001,13:14:30,11.0400,17,1
2026-03-27,000001,13:14:33,11.0400,32,1
2026-03-27,000001,13:14:36,11.0400,16,1
2026-03-27,000001,13:14:39,11.0400,12,1
2026-03-27,000001,13:14:42,11.0400,54,1
2026-03-27,000001,13:14:45,11.0400,11,1
2026-03-27,000001,13:14:48,11.0400,14,1
2026-03-27,000001,13:14:51,11.0400,100,1
2026-03-27,000001,13:14:54,11.0400,15,1
2026-03-27,000001,13:15:00,11.0400,86,1
2026-03-27,000001,13:15:03,11.0400,10,1
2026-03-27,000001,13:15:06,11.0300,33,2
2026-03-27,000001,13:15:09,11.0400,9,1
2026-03-27,000001,13:15:15,11.0400,9,1
2026-03-27,000001,13:15:18,11.0400,58,1
2026-03-27,000001,13:15:21,11.0400,409,1
2026-03-27,000001,13:15:24,11.0400,166,1
2026-03-27,000001,13:15:27,11.0400,272,1
2026-03-27,000001,13:15:30,11.0400,188,1
2026-03-27,000001,13:15:33,11.0400,168,1
2026-03-27,000001,13:15:36,11.0400,3,2
2026-03-27,000001,13:15:39,11.0400,42,2
2026-03-27,000001,13:15:42,11.0400,60,2
2026-03-27,000001,13:15:45,11.0400,23,2
2026-03-27,000001,13:15:48,11.0400,4,2
2026-03-27,000001,13:15:51,11.0500,14,1
2026-03-27,000001,13:15:54,11.0400,10,2
2026-03-27,000001,13:15:57,11.0400,60,2
2026-03-27,000001,13:16:03,11.0400,55,2
2026-03-27,000001,13:16:06,11.0400,38,2
2026-03-27,000001,13:16:09,11.0400,53,2
2026-03-27,000001,13:16:12,11.0500,107,1
2026-03-27,000001,13:16:15,11.0400,4,2
2026-03-27,000001,13:16:18,11.0400,116,2
2026-03-27,000001,13:16:21,11.0400,110,2
2026-03-27,000001,13:16:24,11.0400,141,2
2026-03-27,000001,13:16:27,11.0400,21,2
2026-03-27,000001,13:16:33,11.0400,11,2
2026-03-27,000001,13:16:36,11.0500,157,1
2026-03-27,000001,13:16:39,11.0400,13,2
2026-03-27,000001,13:16:42,11.0500,32,1
2026-03-27,000001,13:16:45,11.0400,15,2
2026-03-27,000001,13:16:48,11.0400,351,2
2026-03-27,000001,13:16:51,11.0400,35,2
2026-03-27,000001,13:16:54,11.0400,88,2
2026-03-27,000001,13:16:57,11.0400,29,1
2026-03-27,000001,13:17:00,11.0400,7,1
2026-03-27,000001,13:17:03,11.0400,10,1
2026-03-27,000001,13:17:09,11.0300,50,2
2026-03-27,000001,13:17:12,11.0400,2,1
2026-03-27,000001,13:17:15,11.0300,46,2
2026-03-27,000001,13:17:18,11.0400,13,1
2026-03-27,000001,13:17:24,11.0300,8,2
2026-03-27,000001,13:17:27,11.0300,43,2
2026-03-27,000001,13:17:33,11.0400,19,1
2026-03-27,000001,13:17:36,11.0300,377,2
2026-03-27,000001,13:17:39,11.0400,63,1
2026-03-27,000001,13:17:45,11.0300,75,2
2026-03-27,000001,13:17:48,11.0300,58,2
2026-03-27,000001,13:17:51,11.0300,39,2
2026-03-27,000001,13:17:57,11.0400,75,1
2026-03-27,000001,13:18:00,11.0300,10,2
2026-03-27,000001,13:18:03,11.0300,39,2
2026-03-27,000001,13:18:06,11.0300,1,2
2026-03-27,000001,13:18:09,11.0300,1080,2
2026-03-27,000001,13:18:12,11.0300,37,2
2026-03-27,000001,13:18:15,11.0400,24,1
2026-03-27,000001,13:18:21,11.0400,12,1
2026-03-27,000001,13:18:24,11.0400,5,1
2026-03-27,000001,13:18:27,11.0400,26,1
2026-03-27,000001,13:18:30,11.0400,56,1
2026-03-27,000001,13:18:33,11.0400,16,1
2026-03-27,000001,13:18:36,11.0400,86,1
2026-03-27,000001,13:18:39,11.0300,36,2
2026-03-27,000001,13:18:42,11.0300,2,2
2026-03-27,000001,13:18:45,11.0400,9,1
2026-03-27,000001,13:18:48,11.0400,26,1
2026-03-27,000001,13:18:51,11.0400,29,1
2026-03-27,000001,13:18:54,11.0400,19,1
2026-03-27,000001,13:18:57,11.0400,80,1
2026-03-27,000001,13:19:00,11.0300,4,2
2026-03-27,000001,13:19:03,11.0400,10,1
2026-03-27,000001,13:19:06,11.0400,5,1
2026-03-27,000001,13:19:09,11.0400,7,1
2026-03-27,000001,13:19:12,11.0300,11,2
2026-03-27,000001,13:19:15,11.0300,6,2
2026-03-27,000001,13:19:18,11.0400,1,1
2026-03-27,000001,13:19:24,11.0300,310,2
2026-03-27,000001,13:19:27,11.0400,8,1
2026-03-27,000001,13:19:30,11.0300,10,2
2026-03-27,000001,13:19:33,11.0400,16,1
2026-03-27,000001,13:19:36,11.0400,6,1
2026-03-27,000001,13:19:39,11.0400,24,1
2026-03-27,000001,13:19:42,11.0400,9,1
2026-03-27,000001,13:19:45,11.0400,159,1
2026-03-27,000001,13:19:48,11.0400,15,1
2026-03-27,000001,13:19:51,11.0400,25,1
2026-03-27,000001,13:19:54,11.0300,23,2
2026-03-27,000001,13:20:00,11.0400,767,1
2026-03-27,000001,13:20:03,11.0300,63,2
2026-03-27,000001,13:20:06,11.0300,13,2
2026-03-27,000001,13:20:12,11.0300,23,2
2026-03-27,000001,13:20:15,11.0400,61,1
2026-03-27,000001,13:20:18,11.0400,13,1
2026-03-27,000001,13:20:21,11.0400,55,1
2026-03-27,000001,13:20:24,11.0400,13,1
2026-03-27,000001,13:20:27,11.0400,37,1
2026-03-27,000001,13:20:30,11.0300,22,2
2026-03-27,000001,13:20:33,11.0300,25,2
2026-03-27,000001,13:20:36,11.0300,70,2
2026-03-27,000001,13:20:39,11.0400,20,1
2026-03-27,000001,13:20:42,11.0400,10,1
2026-03-27,000001,13:20:45,11.0400,32,1
2026-03-27,000001,13:20:48,11.0300,121,2
2026-03-27,000001,13:20:51,11.0400,38,1
2026-03-27,000001,13:20:54,11.0400,87,1
2026-03-27,000001,13:20:57,11.0300,28,2
2026-03-27,000001,13:21:00,11.0300,13,2
2026-03-27,000001,13:21:03,11.0400,15,1
2026-03-27,000001,13:21:06,11.0300,8,2
2026-03-27,000001,13:21:09,11.0400,23,1
2026-03-27,000001,13:21:15,11.0300,15,2
2026-03-27,000001,13:21:18,11.0300,59,2
2026-03-27,000001,13:21:21,11.0300,50,2
2026-03-27,000001,13:21:24,11.0300,15,2
2026-03-27,000001,13:21:27,11.0300,13,2
2026-03-27,000001,13:21:30,11.0400,12,1
2026-03-27,000001,13:21:36,11.0300,29,2
2026-03-27,000001,13:21:39,11.0400,13,1
2026-03-27,000001,13:21:42,11.0400,1,1
2026-03-27,000001,13:21:45,11.0300,1,2
2026-03-27,000001,13:21:51,11.0300,9,2
2026-03-27,000001,13:21:54,11.0300,41,2
2026-03-27,000001,13:22:00,11.0300,79,2
2026-03-27,000001,13:22:03,11.0400,45,1
2026-03-27,000001,13:22:06,11.0300,3,2
2026-03-27,000001,13:22:09,11.0400,19,1
2026-03-27,000001,13:22:12,11.0300,2,2
2026-03-27,000001,13:22:15,11.0400,25,1
2026-03-27,000001,13:22:18,11.0400,15,1
2026-03-27,000001,13:22:21,11.0300,8,2
2026-03-27,000001,13:22:27,11.0400,49,1
2026-03-27,000001,13:22:30,11.0300,37,2
2026-03-27,000001,13:22:36,11.0300,6,2
2026-03-27,000001,13:22:42,11.0400,55,1
2026-03-27,000001,13:22:45,11.0400,42,1
2026-03-27,000001,13:22:48,11.0300,91,2
2026-03-27,000001,13:22:51,11.0300,223,2
2026-03-27,000001,13:22:54,11.0300,221,2
2026-03-27,000001,13:22:57,11.0300,113,2
2026-03-27,000001,13:23:00,11.0300,929,2
2026-03-27,000001,13:23:03,11.0300,91,2
2026-03-27,000001,13:23:06,11.0300,9,2
2026-03-27,000001,13:23:09,11.0400,19,1
2026-03-27,000001,13:23:12,11.0400,31,1
2026-03-27,000001,13:23:15,11.0300,4,2
2026-03-27,000001,13:23:18,11.0300,40,2
2026-03-27,000001,13:23:21,11.0300,30,2
2026-03-27,000001,13:23:24,11.0300,59,2
2026-03-27,000001,13:23:36,11.0300,1,2
2026-03-27,000001,13:23:42,11.0300,1113,2
2026-03-27,000001,13:23:45,11.0300,97,1
2026-03-27,000001,13:23:48,11.0300,33,1
2026-03-27,000001,13:23:51,11.0300,84,1
2026-03-27,000001,13:23:54,11.0200,16,2
2026-03-27,000001,13:23:57,11.0200,11,2
2026-03-27,000001,13:24:00,11.0300,36,1
2026-03-27,000001,13:24:03,11.0200,550,2
2026-03-27,000001,13:24:06,11.0300,97,1
2026-03-27,000001,13:24:09,11.0300,4,1
2026-03-27,000001,13:24:12,11.0300,723,1
2026-03-27,000001,13:24:15,11.0300,43,1
2026-03-27,000001,13:24:18,11.0300,34,1
2026-03-27,000001,13:24:21,11.0300,9,1
2026-03-27,000001,13:24:24,11.0200,322,2
2026-03-27,000001,13:24:27,11.0200,72,2
2026-03-27,000001,13:24:30,11.0200,5,2
2026-03-27,000001,13:24:33,11.0200,287,2
2026-03-27,000001,13:24:36,11.0300,5,1
2026-03-27,000001,13:24:39,11.0300,9,1
2026-03-27,000001,13:24:42,11.0300,327,1
2026-03-27,000001,13:24:45,11.0300,35,1
2026-03-27,000001,13:24:48,11.0300,2,1
2026-03-27,000001,13:24:51,11.0300,6,1
2026-03-27,000001,13:24:54,11.0300,1,1
2026-03-27,000001,13:25:03,11.0300,11,1
2026-03-27,000001,13:25:06,11.0200,1,2
2026-03-27,000001,13:25:09,11.0300,50,1
2026-03-27,000001,13:25:18,11.0300,125,1
2026-03-27,000001,13:25:21,11.0300,21,1
2026-03-27,000001,13:25:24,11.0300,67,1
2026-03-27,000001,13:25:27,11.0300,5,1
2026-03-27,000001,13:25:30,11.0300,22,1
2026-03-27,000001,13:25:33,11.0200,26,2
2026-03-27,000001,13:25:39,11.0200,18,2
2026-03-27,000001,13:25:42,11.0200,11,2
2026-03-27,000001,13:25:45,11.0300,81,1
2026-03-27,000001,13:25:48,11.0200,26,2
2026-03-27,000001,13:25:51,11.0300,3,1
2026-03-27,000001,13:25:54,11.0300,4,1
2026-03-27,000001,13:25:57,11.0300,6,1
2026-03-27,000001,13:26:03,11.0300,2,1
2026-03-27,000001,13:26:06,11.0200,7,2
2026-03-27,000001,13:26:18,11.0300,63,1
2026-03-27,000001,13:26:24,11.0200,18,2
2026-03-27,000001,13:26:30,11.0300,12,1
2026-03-27,000001,13:26:33,11.0300,70,1
2026-03-27,000001,13:26:36,11.0200,1,2
2026-03-27,000001,13:26:42,11.0200,8,2
2026-03-27,000001,13:26:48,11.0200,10,2
2026-03-27,000001,13:26:54,11.0300,7,1
2026-03-27,000001,13:27:00,11.0300,6,1
2026-03-27,000001,13:27:03,11.0200,5,2
2026-03-27,000001,13:27:06,11.0200,23,2
2026-03-27,000001,13:27:09,11.0300,7,1
2026-03-27,000001,13:27:12,11.0300,101,1
2026-03-27,000001,13:27:15,11.0300,35,1
2026-03-27,000001,13:27:18,11.0300,270,1
2026-03-27,000001,13:27:21,11.0300,29,1
2026-03-27,000001,13:27:24,11.0300,5,1
2026-03-27,000001,13:27:27,11.0300,18,1
2026-03-27,000001,13:27:30,11.0300,49,1
2026-03-27,000001,13:27:33,11.0300,3,1
2026-03-27,000001,13:27:36,11.0300,112,1
2026-03-27,000001,13:27:39,11.0200,12,2
2026-03-27,000001,13:27:42,11.0300,1,1
2026-03-27,000001,13:27:45,11.0300,21,1
2026-03-27,000001,13:27:48,11.0300,100,1
2026-03-27,000001,13:27:51,11.0300,1,1
2026-03-27,000001,13:27:54,11.0300,51,1
2026-03-27,000001,13:27:57,11.0300,10,1
2026-03-27,000001,13:28:00,11.0300,17,1
2026-03-27,000001,13:28:03,11.0300,9,1
2026-03-27,000001,13:28:06,11.0300,12,1
2026-03-27,000001,13:28:15,11.0200,12,2
2026-03-27,000001,13:28:18,11.0300,1,1
2026-03-27,000001,13:28:30,11.0200,129,2
2026-03-27,000001,13:28:36,11.0300,120,1
2026-03-27,000001,13:28:39,11.0200,93,2
2026-03-27,000001,13:28:42,11.0200,70,2
2026-03-27,000001,13:28:45,11.0300,8,1
2026-03-27,000001,13:28:48,11.0200,46,2
2026-03-27,000001,13:28:51,11.0300,24,1
2026-03-27,000001,13:28:54,11.0300,3,1
2026-03-27,000001,13:29:00,11.0300,38,1
2026-03-27,000001,13:29:03,11.0300,46,1
2026-03-27,000001,13:29:06,11.0200,44,2
2026-03-27,000001,13:29:09,11.0200,23,2
2026-03-27,000001,13:29:12,11.0200,179,2
2026-03-27,000001,13:29:15,11.0200,140,2
2026-03-27,000001,13:29:18,11.0200,17,2
2026-03-27,000001,13:29:21,11.0200,2,2
2026-03-27,000001,13:29:24,11.0200,11,2
2026-03-27,000001,13:29:30,11.0200,11,2
2026-03-27,000001,13:29:33,11.0200,12,2
2026-03-27,000001,13:29:36,11.0300,1,1
2026-03-27,000001,13:29:39,11.0200,47,2
2026-03-27,000001,13:29:48,11.0200,142,2
2026-03-27,000001,13:29:51,11.0200,20,2
2026-03-27,000001,13:29:54,11.0200,3,2
2026-03-27,000001,13:30:00,11.0200,1,2
2026-03-27,000001,13:30:03,11.0200,15,2
2026-03-27,000001,13:30:06,11.0200,73,2
2026-03-27,000001,13:30:09,11.0200,1,2
2026-03-27,000001,13:30:12,11.0200,49,2
2026-03-27,000001,13:30:15,11.0200,37,2
2026-03-27,000001,13:30:18,11.0200,7,2
2026-03-27,000001,13:30:21,11.0200,53,2
2026-03-27,000001,13:30:24,11.0200,23,2
2026-03-27,000001,13:30:27,11.0300,34,1
2026-03-27,000001,13:30:33,11.0300,43,1
2026-03-27,000001,13:30:36,11.0300,45,1
2026-03-27,000001,13:30:39,11.0300,35,1
2026-03-27,000001,13:30:42,11.0200,31,2
2026-03-27,000001,13:30:45,11.0200,45,2
2026-03-27,000001,13:30:48,11.0300,24,1
2026-03-27,000001,13:30:51,11.0300,24,1
2026-03-27,000001,13:30:54,11.0300,139,1
2026-03-27,000001,13:30:57,11.0200,92,2
2026-03-27,000001,13:31:00,11.0200,3,2
2026-03-27,000001,13:31:03,11.0300,12,1
2026-03-27,000001,13:31:09,11.0200,5,2
2026-03-27,000001,13:31:15,11.0300,21,1
2026-03-27,000001,13:31:18,11.0300,142,1
2026-03-27,000001,13:31:24,11.0300,64,1
2026-03-27,000001,13:31:27,11.0200,11,2
2026-03-27,000001,13:31:33,11.0300,1766,1
2026-03-27,000001,13:31:36,11.0300,216,2
2026-03-27,000001,13:31:39,11.0400,81,1
2026-03-27,000001,13:31:42,11.0400,146,1
2026-03-27,000001,13:31:45,11.0300,1,2
2026-03-27,000001,13:31:51,11.0400,104,1
2026-03-27,000001,13:31:54,11.0400,40,1
2026-03-27,000001,13:31:57,11.0300,733,2
2026-03-27,000001,13:32:00,11.0300,80,1
2026-03-27,000001,13:32:03,11.0300,530,2
2026-03-27,000001,13:32:06,11.0300,80,2
2026-03-27,000001,13:32:09,11.0300,2,2
2026-03-27,000001,13:32:12,11.0400,98,1
2026-03-27,000001,13:32:15,11.0300,105,2
2026-03-27,000001,13:32:18,11.0300,105,2
2026-03-27,000001,13:32:21,11.0300,46,2
2026-03-27,000001,13:32:24,11.0300,15,2
2026-03-27,000001,13:32:27,11.0200,1,2
2026-03-27,000001,13:32:30,11.0300,15,1
2026-03-27,000001,13:32:36,11.0300,49,1
2026-03-27,000001,13:32:39,11.0300,17,1
2026-03-27,000001,13:32:42,11.0300,24,1
2026-03-27,000001,13:32:45,11.0300,331,1
2026-03-27,000001,13:32:48,11.0200,35,2
2026-03-27,000001,13:32:51,11.0300,90,1
2026-03-27,000001,13:32:54,11.0300,70,1
2026-03-27,000001,13:32:57,11.0300,115,1
2026-03-27,000001,13:33:00,11.0200,32,2
2026-03-27,000001,13:33:03,11.0300,1,1
2026-03-27,000001,13:33:06,11.0300,60,1
2026-03-27,000001,13:33:09,11.0300,18,1
2026-03-27,000001,13:33:12,11.0200,1,2
2026-03-27,000001,13:33:15,11.0300,4,1
2026-03-27,000001,13:33:18,11.0300,8,1
2026-03-27,000001,13:33:21,11.0200,26,2
2026-03-27,000001,13:33:27,11.0300,9,1
2026-03-27,000001,13:33:30,11.0300,38,1
2026-03-27,000001,13:33:33,11.0200,1,2
2026-03-27,000001,13:33:36,11.0300,68,1
2026-03-27,000001,13:33:39,11.0200,50,2
2026-03-27,000001,13:33:42,11.0200,6,2
2026-03-27,000001,13:33:48,11.0200,28,2
2026-03-27,000001,13:33:54,11.0200,3,2
2026-03-27,000001,13:34:00,11.0300,301,1
2026-03-27,000001,13:34:06,11.0200,2,2
2026-03-27,000001,13:34:09,11.0300,5,1
2026-03-27,000001,13:34:15,11.0300,4,1
2026-03-27,000001,13:34:21,11.0300,109,1
2026-03-27,000001,13:34:24,11.0200,19,2
2026-03-27,000001,13:34:27,11.0200,12,2
2026-03-27,000001,13:34:30,11.0200,4,2
2026-03-27,000001,13:34:33,11.0300,25,1
2026-03-27,000001,13:34:36,11.0300,15,1
2026-03-27,000001,13:34:39,11.0200,2,2
2026-03-27,000001,13:34:42,11.0300,26,1
2026-03-27,000001,13:34:45,11.0300,3,1
2026-03-27,000001,13:34:48,11.0200,48,2
2026-03-27,000001,13:34:51,11.0300,11,1
2026-03-27,000001,13:34:54,11.0300,27,1
2026-03-27,000001,13:34:57,11.0300,1188,1
2026-03-27,000001,13:35:00,11.0300,56,1
2026-03-27,000001,13:35:03,11.0300,16,1
2026-03-27,000001,13:35:06,11.0200,28,2
2026-03-27,000001,13:35:09,11.0300,39,1
2026-03-27,000001,13:35:15,11.0300,4,1
2026-03-27,000001,13:35:18,11.0300,334,1
2026-03-27,000001,13:35:21,11.0200,12,2
2026-03-27,000001,13:35:24,11.0200,37,2
2026-03-27,000001,13:35:27,11.0200,50,2
2026-03-27,000001,13:35:30,11.0300,1,1
2026-03-27,000001,13:35:33,11.0300,777,1
2026-03-27,000001,13:35:36,11.0300,242,2
2026-03-27,000001,13:35:39,11.0300,108,1
2026-03-27,000001,13:35:42,11.0200,88,2
2026-03-27,000001,13:35:48,11.0300,25,1
2026-03-27,000001,13:35:51,11.0300,25,1
2026-03-27,000001,13:35:54,11.0300,8,1
2026-03-27,000001,13:36:03,11.0300,20,1
2026-03-27,000001,13:36:06,11.0300,29,1
2026-03-27,000001,13:36:09,11.0300,5,1
2026-03-27,000001,13:36:12,11.0300,104,1
2026-03-27,000001,13:36:15,11.0300,9,1
2026-03-27,000001,13:36:18,11.0300,87,1
2026-03-27,000001,13:36:21,11.0400,123,1
2026-03-27,000001,13:36:24,11.0400,49,1
2026-03-27,000001,13:36:27,11.0400,149,1
2026-03-27,000001,13:36:30,11.0300,60,2
2026-03-27,000001,13:36:33,11.0400,44,1
2026-03-27,000001,13:36:36,11.0400,13,1
2026-03-27,000001,13:36:39,11.0400,14,1
2026-03-27,000001,13:36:45,11.0300,5,2
2026-03-27,000001,13:36:48,11.0300,493,2
2026-03-27,000001,13:36:54,11.0400,17,1
2026-03-27,000001,13:37:03,11.0300,265,2
2026-03-27,000001,13:37:06,11.0300,48,2
2026-03-27,000001,13:37:09,11.0400,14,1
2026-03-27,000001,13:37:12,11.0300,2,2
2026-03-27,000001,13:37:15,11.0300,100,2
2026-03-27,000001,13:37:18,11.0400,8,1
2026-03-27,000001,13:37:21,11.0300,1,2
2026-03-27,000001,13:37:24,11.0400,9,1
2026-03-27,000001,13:37:30,11.0300,10,2
2026-03-27,000001,13:37:33,11.0400,11,1
2026-03-27,000001,13:37:48,11.0300,10,2
2026-03-27,000001,13:37:51,11.0300,11,2
2026-03-27,000001,13:37:54,11.0300,13,2
2026-03-27,000001,13:37:57,11.0400,4,1
2026-03-27,000001,13:38:00,11.0400,210,1
2026-03-27,000001,13:38:03,11.0300,232,2
2026-03-27,000001,13:38:06,11.0300,172,2
2026-03-27,000001,13:38:09,11.0300,1,2
2026-03-27,000001,13:38:12,11.0300,1,2
2026-03-27,000001,13:38:15,11.0400,58,1
2026-03-27,000001,13:38:18,11.0400,3,1
2026-03-27,000001,13:38:21,11.0400,7,1
2026-03-27,000001,13:38:24,11.0400,14,1
2026-03-27,000001,13:38:27,11.0400,13,1
2026-03-27,000001,13:38:30,11.0300,46,2
2026-03-27,000001,13:38:33,11.0300,4,2
2026-03-27,000001,13:38:36,11.0300,28,2
2026-03-27,000001,13:38:39,11.0400,907,1
2026-03-27,000001,13:38:42,11.0400,3,1
2026-03-27,000001,13:38:48,11.0400,11,1
2026-03-27,000001,13:38:51,11.0300,112,2
2026-03-27,000001,13:38:54,11.0300,7,2
2026-03-27,000001,13:38:57,11.0400,9,1
2026-03-27,000001,13:39:00,11.0300,63,2
2026-03-27,000001,13:39:03,11.0400,27,1
2026-03-27,000001,13:39:15,11.0300,7,2
2026-03-27,000001,13:39:18,11.0300,7,2
2026-03-27,000001,13:39:21,11.0400,4,1
2026-03-27,000001,13:39:24,11.0400,11,1
2026-03-27,000001,13:39:27,11.0300,55,2
2026-03-27,000001,13:39:30,11.0300,83,2
2026-03-27,000001,13:39:33,11.0400,2,1
2026-03-27,000001,13:39:36,11.0300,31,2
2026-03-27,000001,13:39:39,11.0300,29,2
2026-03-27,000001,13:39:45,11.0300,1,2
2026-03-27,000001,13:39:51,11.0300,15,2
2026-03-27,000001,13:39:54,11.0300,9,2
2026-03-27,000001,13:39:57,11.0300,30,2
2026-03-27,000001,13:40:00,11.0400,9,1
2026-03-27,000001,13:40:03,11.0300,8,2
2026-03-27,000001,13:40:06,11.0300,309,2
2026-03-27,000001,13:40:09,11.0300,45,2
2026-03-27,000001,13:40:12,11.0300,7,2
2026-03-27,000001,13:40:15,11.0300,62,2
2026-03-27,000001,13:40:18,11.0400,31,1
2026-03-27,000001,13:40:21,11.0400,5,1
2026-03-27,000001,13:40:24,11.0300,28,2
2026-03-27,000001,13:40:27,11.0300,61,2
2026-03-27,000001,13:40:30,11.0300,1,2
2026-03-27,000001,13:40:33,11.0300,4,2
2026-03-27,000001,13:40:36,11.0300,15,2
2026-03-27,000001,13:40:39,11.0300,22,2
2026-03-27,000001,13:40:42,11.0300,38,2
2026-03-27,000001,13:40:45,11.0300,18,2
2026-03-27,000001,13:40:48,11.0300,96,2
2026-03-27,000001,13:40:51,11.0300,20,2
2026-03-27,000001,13:40:54,11.0300,72,2
2026-03-27,000001,13:41:00,11.0300,5,2
2026-03-27,000001,13:41:03,11.0400,13,1
2026-03-27,000001,13:41:06,11.0400,20,1
2026-03-27,000001,13:41:09,11.0300,60,2
2026-03-27,000001,13:41:18,11.0300,1,2
2026-03-27,000001,13:41:21,11.0400,4,1
2026-03-27,000001,13:41:24,11.0300,37,2
2026-03-27,000001,13:41:27,11.0300,723,2
2026-03-27,000001,13:41:30,11.0400,31,1
2026-03-27,000001,13:41:33,11.0400,38,1
2026-03-27,000001,13:41:36,11.0400,66,1
2026-03-27,000001,13:41:39,11.0300,2,2
2026-03-27,000001,13:41:42,11.0300,12,2
2026-03-27,000001,13:41:45,11.0400,25,1
2026-03-27,000001,13:41:48,11.0400,10,1
2026-03-27,000001,13:41:54,11.0400,40,1
2026-03-27,000001,13:41:57,11.0300,63,2
2026-03-27,000001,13:42:00,11.0300,9,2
2026-03-27,000001,13:42:03,11.0300,32,2
2026-03-27,000001,13:42:06,11.0300,51,2
2026-03-27,000001,13:42:09,11.0300,32,2
2026-03-27,000001,13:42:12,11.0300,644,2
2026-03-27,000001,13:42:15,11.0300,142,2
2026-03-27,000001,13:42:18,11.0300,29,2
2026-03-27,000001,13:42:21,11.0400,40,1
2026-03-27,000001,13:42:24,11.0400,85,1
2026-03-27,000001,13:42:27,11.0300,51,2
2026-03-27,000001,13:42:36,11.0400,19,1
2026-03-27,000001,13:42:39,11.0300,2,2
2026-03-27,000001,13:42:45,11.0300,2,2
2026-03-27,000001,13:42:48,11.0300,3,2
2026-03-27,000001,13:42:51,11.0400,59,1
2026-03-27,000001,13:42:54,11.0300,136,2
2026-03-27,000001,13:42:57,11.0300,5,2
2026-03-27,000001,13:43:00,11.0400,44,1
2026-03-27,000001,13:43:03,11.0300,24,2
2026-03-27,000001,13:43:06,11.0300,27,2
2026-03-27,000001,13:43:09,11.0300,40,2
2026-03-27,000001,13:43:12,11.0400,38,1
2026-03-27,000001,13:43:15,11.0400,25,1
2026-03-27,000001,13:43:18,11.0400,143,1
2026-03-27,000001,13:43:21,11.0300,134,2
2026-03-27,000001,13:43:24,11.0400,41,1
2026-03-27,000001,13:43:27,11.0400,51,1
2026-03-27,000001,13:43:30,11.0400,19,1
2026-03-27,000001,13:43:33,11.0400,56,1
2026-03-27,000001,13:43:36,11.0300,5,2
2026-03-27,000001,13:43:39,11.0300,191,2
2026-03-27,000001,13:43:45,11.0300,13,2
2026-03-27,000001,13:43:48,11.0300,29,2
2026-03-27,000001,13:43:51,11.0400,4,1
2026-03-27,000001,13:43:54,11.0300,20,2
2026-03-27,000001,13:43:57,11.0300,19,2
2026-03-27,000001,13:44:00,11.0300,35,2
2026-03-27,000001,13:44:03,11.0400,23,1
2026-03-27,000001,13:44:06,11.0400,22,1
2026-03-27,000001,13:44:09,11.0400,56,1
2026-03-27,000001,13:44:12,11.0300,38,2
2026-03-27,000001,13:44:15,11.0300,17,2
2026-03-27,000001,13:44:18,11.0300,28,2
2026-03-27,000001,13:44:21,11.0300,7,2
2026-03-27,000001,13:44:24,11.0300,142,2
2026-03-27,000001,13:44:27,11.0300,165,2
2026-03-27,000001,13:44:30,11.0300,2121,2
2026-03-27,000001,13:44:33,11.0300,210,1
2026-03-27,000001,13:44:36,11.0300,336,1
2026-03-27,000001,13:44:39,11.0400,75,1
2026-03-27,000001,13:44:42,11.0300,159,2
2026-03-27,000001,13:44:45,11.0400,1,1
2026-03-27,000001,13:44:48,11.0300,415,2
2026-03-27,000001,13:44:51,11.0400,97,1
2026-03-27,000001,13:44:54,11.0300,6,2
2026-03-27,000001,13:44:57,11.0300,7,2
2026-03-27,000001,13:45:00,11.0300,23,2
2026-03-27,000001,13:45:03,11.0300,145,2
2026-03-27,000001,13:45:06,11.0300,44,2
2026-03-27,000001,13:45:09,11.0300,102,2
2026-03-27,000001,13:45:15,11.0300,26,2
2026-03-27,000001,13:45:18,11.0300,32,2
2026-03-27,000001,13:45:21,11.0300,15,2
2026-03-27,000001,13:45:24,11.0300,50,2
2026-03-27,000001,13:45:27,11.0300,45,2
2026-03-27,000001,13:45:30,11.0300,2,2
2026-03-27,000001,13:45:33,11.0300,3,2
2026-03-27,000001,13:45:36,11.0400,3,1
2026-03-27,000001,13:45:39,11.0300,3,2
2026-03-27,000001,13:45:42,11.0300,14,2
2026-03-27,000001,13:45:45,11.0300,72,2
2026-03-27,000001,13:45:51,11.0300,15,2
2026-03-27,000001,13:45:54,11.0400,48,1
2026-03-27,000001,13:45:57,11.0300,13,2
2026-03-27,000001,13:46:00,11.0400,15,1
2026-03-27,000001,13:46:03,11.0300,170,2
2026-03-27,000001,13:46:09,11.0300,31,2
2026-03-27,000001,13:46:12,11.0300,2,2
2026-03-27,000001,13:46:15,11.0300,44,2
2026-03-27,000001,13:46:18,11.0300,40,2
2026-03-27,000001,13:46:21,11.0300,55,2
2026-03-27,000001,13:46:24,11.0400,2,1
2026-03-27,000001,13:46:27,11.0300,188,2
2026-03-27,000001,13:46:30,11.0300,94,2
2026-03-27,000001,13:46:39,11.0300,13,2
2026-03-27,000001,13:46:42,11.0300,107,2
2026-03-27,000001,13:46:45,11.0300,49,2
2026-03-27,000001,13:46:48,11.0300,45,2
2026-03-27,000001,13:46:51,11.0400,11,1
2026-03-27,000001,13:46:57,11.0300,6,2
2026-03-27,000001,13:47:00,11.0300,3,2
2026-03-27,000001,13:47:03,11.0300,47,2
2026-03-27,000001,13:47:06,11.0300,6,2
2026-03-27,000001,13:47:09,11.0300,5,2
2026-03-27,000001,13:47:12,11.0300,14,2
2026-03-27,000001,13:47:15,11.0300,7,2
2026-03-27,000001,13:47:18,11.0300,2,2
2026-03-27,000001,13:47:21,11.0300,113,2
2026-03-27,000001,13:47:24,11.0300,2,2
2026-03-27,000001,13:47:27,11.0400,23,1
2026-03-27,000001,13:47:30,11.0300,214,2
2026-03-27,000001,13:47:33,11.0300,3,2
2026-03-27,000001,13:47:36,11.0300,5,2
2026-03-27,000001,13:47:42,11.0300,105,2
2026-03-27,000001,13:47:45,11.0300,12,2
2026-03-27,000001,13:47:48,11.0300,23,2
2026-03-27,000001,13:47:51,11.0300,153,2
2026-03-27,000001,13:47:54,11.0400,17,1
2026-03-27,000001,13:47:57,11.0300,22,2
2026-03-27,000001,13:48:00,11.0300,9,2
2026-03-27,000001,13:48:03,11.0300,165,2
2026-03-27,000001,13:48:06,11.0400,2,1
2026-03-27,000001,13:48:09,11.0300,37,2
2026-03-27,000001,13:48:12,11.0400,25,1
2026-03-27,000001,13:48:15,11.0300,3,2
2026-03-27,000001,13:48:18,11.0400,957,1
2026-03-27,000001,13:48:21,11.0400,470,1
2026-03-27,000001,13:48:24,11.0300,94,2
2026-03-27,000001,13:48:27,11.0400,829,1
2026-03-27,000001,13:48:30,11.0300,84,2
2026-03-27,000001,13:48:33,11.0300,543,2
2026-03-27,000001,13:48:36,11.0300,58,2
2026-03-27,000001,13:48:45,11.0300,41,2
2026-03-27,000001,13:48:48,11.0300,13,2
2026-03-27,000001,13:48:54,11.0300,88,2
2026-03-27,000001,13:48:57,11.0400,13,1
2026-03-27,000001,13:49:00,11.0300,5,2
2026-03-27,000001,13:49:03,11.0300,118,2
2026-03-27,000001,13:49:06,11.0400,10,1
2026-03-27,000001,13:49:09,11.0300,49,2
2026-03-27,000001,13:49:12,11.0300,90,2
2026-03-27,000001,13:49:15,11.0400,15,1
2026-03-27,000001,13:49:18,11.0300,20,2
2026-03-27,000001,13:49:24,11.0300,9,2
2026-03-27,000001,13:49:27,11.0300,1,2
2026-03-27,000001,13:49:30,11.0400,4,1
2026-03-27,000001,13:49:33,11.0400,11,1
2026-03-27,000001,13:49:36,11.0400,91,1
2026-03-27,000001,13:49:39,11.0400,2,1
2026-03-27,000001,13:49:42,11.0300,1,2
2026-03-27,000001,13:49:48,11.0300,1,2
2026-03-27,000001,13:49:54,11.0400,1,1
2026-03-27,000001,13:50:00,11.0400,36,1
2026-03-27,000001,13:50:03,11.0300,9,2
2026-03-27,000001,13:50:06,11.0400,25,1
2026-03-27,000001,13:50:09,11.0300,32,2
2026-03-27,000001,13:50:15,11.0400,9,1
2026-03-27,000001,13:50:18,11.0300,15,2
2026-03-27,000001,13:50:21,11.0300,15,2
2026-03-27,000001,13:50:24,11.0300,1,2
2026-03-27,000001,13:50:27,11.0300,3,2
2026-03-27,000001,13:50:30,11.0300,28,2
2026-03-27,000001,13:50:33,11.0400,16,1
2026-03-27,000001,13:50:36,11.0300,15,2
2026-03-27,000001,13:50:39,11.0400,43,1
2026-03-27,000001,13:50:45,11.0400,87,1
2026-03-27,000001,13:50:48,11.0300,110,2
2026-03-27,000001,13:50:51,11.0400,2,1
2026-03-27,000001,13:50:54,11.0400,26,1
2026-03-27,000001,13:50:57,11.0300,11,2
2026-03-27,000001,13:51:00,11.0300,8,2
2026-03-27,000001,13:51:03,11.0300,34,2
2026-03-27,000001,13:51:09,11.0300,4,2
2026-03-27,000001,13:51:12,11.0400,26,1
2026-03-27,000001,13:51:15,11.0400,77,1
2026-03-27,000001,13:51:18,11.0400,19,1
2026-03-27,000001,13:51:21,11.0400,20,1
2026-03-27,000001,13:51:24,11.0400,10,1
2026-03-27,000001,13:51:27,11.0300,35,2
2026-03-27,000001,13:51:30,11.0400,41,1
2026-03-27,000001,13:51:33,11.0400,99,1
2026-03-27,000001,13:51:36,11.0400,118,1
2026-03-27,000001,13:51:39,11.0400,71,1
2026-03-27,000001,13:51:45,11.0400,4,1
2026-03-27,000001,13:51:51,11.0300,15,2
2026-03-27,000001,13:51:54,11.0400,1,1
2026-03-27,000001,13:51:57,11.0300,7,2
2026-03-27,000001,13:52:00,11.0300,20,2
2026-03-27,000001,13:52:03,11.0300,120,2
2026-03-27,000001,13:52:06,11.0400,5,1
2026-03-27,000001,13:52:09,11.0300,32,2
2026-03-27,000001,13:52:12,11.0300,3,2
2026-03-27,000001,13:52:15,11.0400,23,1
2026-03-27,000001,13:52:18,11.0400,2,1
2026-03-27,000001,13:52:21,11.0300,166,2
2026-03-27,000001,13:52:24,11.0400,4,1
2026-03-27,000001,13:52:27,11.0400,62,1
2026-03-27,000001,13:52:33,11.0400,5,1
2026-03-27,000001,13:52:36,11.0300,28,2
2026-03-27,000001,13:52:42,11.0300,12,2
2026-03-27,000001,13:52:51,11.0300,3,2
2026-03-27,000001,13:52:54,11.0300,14,2
2026-03-27,000001,13:52:57,11.0300,3,2
2026-03-27,000001,13:53:00,11.0300,8,2
2026-03-27,000001,13:53:03,11.0300,241,2
2026-03-27,000001,13:53:06,11.0300,29,2
2026-03-27,000001,13:53:09,11.0300,13,2
2026-03-27,000001,13:53:12,11.0300,74,2
2026-03-27,000001,13:53:15,11.0300,20,2
2026-03-27,000001,13:53:18,11.0300,65,2
2026-03-27,000001,13:53:21,11.0300,105,2
2026-03-27,000001,13:53:27,11.0400,28,1
2026-03-27,000001,13:53:30,11.0300,10,2
2026-03-27,000001,13:53:33,11.0300,546,2
2026-03-27,000001,13:53:36,11.0300,24,2
2026-03-27,000001,13:53:39,11.0300,38,2
2026-03-27,000001,13:53:42,11.0300,39,2
2026-03-27,000001,13:53:45,11.0400,66,1
2026-03-27,000001,13:53:48,11.0400,70,1
2026-03-27,000001,13:53:54,11.0400,36,1
2026-03-27,000001,13:53:57,11.0300,16,2
2026-03-27,000001,13:54:00,11.0300,10,2
2026-03-27,000001,13:54:03,11.0400,3,1
2026-03-27,000001,13:54:06,11.0400,24,1
2026-03-27,000001,13:54:09,11.0300,1167,2
2026-03-27,000001,13:54:12,11.0300,11,2
2026-03-27,000001,13:54:15,11.0300,77,2
2026-03-27,000001,13:54:18,11.0300,30,2
2026-03-27,000001,13:54:24,11.0300,1,2
2026-03-27,000001,13:54:27,11.0400,22,1
2026-03-27,000001,13:54:30,11.0300,7,2
2026-03-27,000001,13:54:33,11.0400,71,1
2026-03-27,000001,13:54:36,11.0300,44,2
2026-03-27,000001,13:54:39,11.0300,331,2
2026-03-27,000001,13:54:42,11.0300,2,2
2026-03-27,000001,13:54:45,11.0300,10,2
2026-03-27,000001,13:54:51,11.0300,44,2
2026-03-27,000001,13:54:54,11.0300,20,2
2026-03-27,000001,13:54:57,11.0300,15,2
2026-03-27,000001,13:55:00,11.0300,41,2
2026-03-27,000001,13:55:03,11.0400,13,1
2026-03-27,000001,13:55:06,11.0300,1,2
2026-03-27,000001,13:55:09,11.0300,29,2
2026-03-27,000001,13:55:12,11.0300,1,2
2026-03-27,000001,13:55:15,11.0300,72,2
2026-03-27,000001,13:55:18,11.0300,15,2
2026-03-27,000001,13:55:21,11.0300,253,2
2026-03-27,000001,13:55:27,11.0300,11,2
2026-03-27,000001,13:55:30,11.0300,6,2
2026-03-27,000001,13:55:33,11.0300,9,2
2026-03-27,000001,13:55:36,11.0400,5,1
2026-03-27,000001,13:55:39,11.0300,586,2
2026-03-27,000001,13:55:42,11.0300,4,2
2026-03-27,000001,13:55:45,11.0400,10,1
2026-03-27,000001,13:55:48,11.0400,22,1
2026-03-27,000001,13:55:51,11.0300,211,2
2026-03-27,000001,13:55:54,11.0300,6,2
2026-03-27,000001,13:55:57,11.0300,35,2
2026-03-27,000001,13:56:00,11.0300,22,2
2026-03-27,000001,13:56:03,11.0300,24,2
2026-03-27,000001,13:56:06,11.0300,11,2
2026-03-27,000001,13:56:09,11.0300,10,2
2026-03-27,000001,13:56:12,11.0300,50,2
2026-03-27,000001,13:56:15,11.0400,20,1
2026-03-27,000001,13:56:18,11.0400,30,1
2026-03-27,000001,13:56:21,11.0300,31,2
2026-03-27,000001,13:56:24,11.0300,2,2
2026-03-27,000001,13:56:27,11.0300,41,2
2026-03-27,000001,13:56:30,11.0300,10,2
2026-03-27,000001,13:56:33,11.0300,8,2
2026-03-27,000001,13:56:36,11.0300,102,2
2026-03-27,000001,13:56:39,11.0300,96,2
2026-03-27,000001,13:56:42,11.0300,1,2
2026-03-27,000001,13:56:45,11.0300,16,2
2026-03-27,000001,13:56:48,11.0300,9,2
2026-03-27,000001,13:56:51,11.0300,5,2
2026-03-27,000001,13:56:54,11.0300,175,2
2026-03-27,000001,13:56:57,11.0400,11,1
2026-03-27,000001,13:57:00,11.0300,20,2
2026-03-27,000001,13:57:03,11.0400,29,1
2026-03-27,000001,13:57:06,11.0300,448,2
2026-03-27,000001,13:57:09,11.0300,234,2
2026-03-27,000001,13:57:12,11.0400,20,1
2026-03-27,000001,13:57:15,11.0400,11,1
2026-03-27,000001,13:57:18,11.0400,67,1
2026-03-27,000001,13:57:21,11.0400,43,1
2026-03-27,000001,13:57:24,11.0400,14,1
2026-03-27,000001,13:57:27,11.0300,29,2
2026-03-27,000001,13:57:36,11.0400,87,1
2026-03-27,000001,13:57:39,11.0400,9,1
2026-03-27,000001,13:57:42,11.0400,5,1
2026-03-27,000001,13:57:45,11.0300,101,2
2026-03-27,000001,13:57:48,11.0400,13,1
2026-03-27,000001,13:57:51,11.0300,1,2
2026-03-27,000001,13:57:54,11.0300,9,2
2026-03-27,000001,13:57:57,11.0300,576,2
2026-03-27,000001,13:58:00,11.0300,160,2
2026-03-27,000001,13:58:03,11.0300,35,2
2026-03-27,000001,13:58:06,11.0300,57,2
2026-03-27,000001,13:58:09,11.0300,132,2
2026-03-27,000001,13:58:12,11.0400,2,1
2026-03-27,000001,13:58:15,11.0400,11,1
2026-03-27,000001,13:58:18,11.0300,15,2
2026-03-27,000001,13:58:21,11.0300,2,2
2026-03-27,000001,13:58:24,11.0300,17,2
2026-03-27,000001,13:58:27,11.0300,9,2
2026-03-27,000001,13:58:30,11.0300,10,2
2026-03-27,000001,13:58:33,11.0300,234,2
2026-03-27,000001,13:58:39,11.0400,68,1
2026-03-27,000001,13:58:42,11.0400,8,1
2026-03-27,000001,13:58:45,11.0400,70,1
2026-03-27,000001,13:58:48,11.0300,215,2
2026-03-27,000001,13:58:51,11.0300,22,2
2026-03-27,000001,13:58:54,11.0400,49,1
2026-03-27,000001,13:58:57,11.0300,30,2
2026-03-27,000001,13:59:00,11.0300,250,2
2026-03-27,000001,13:59:03,11.0300,40,2
2026-03-27,000001,13:59:06,11.0400,16,1
2026-03-27,000001,13:59:09,11.0300,10,2
2026-03-27,000001,13:59:12,11.0300,239,2
2026-03-27,000001,13:59:15,11.0300,65,2
2026-03-27,000001,13:59:18,11.0300,94,2
2026-03-27,000001,13:59:21,11.0300,125,2
2026-03-27,000001,13:59:24,11.0400,64,1
2026-03-27,000001,13:59:27,11.0400,65,1
2026-03-27,000001,13:59:30,11.0400,111,1
2026-03-27,000001,13:59:33,11.0400,663,1
2026-03-27,000001,13:59:36,11.0300,29,2
2026-03-27,000001,13:59:39,11.0400,36,1
2026-03-27,000001,10:30:03,11.0000,54,2
2026-03-27,000001,10:30:06,10.9900,3,2
2026-03-27,000001,10:30:09,11.0000,123,1
2026-03-27,000001,10:30:12,11.0000,349,1
2026-03-27,000001,10:30:15,11.0000,5,1
2026-03-27,000001,10:30:18,10.9900,95,2
2026-03-27,000001,10:30:21,10.9900,14,2
2026-03-27,000001,10:30:27,10.9900,1743,2
2026-03-27,000001,10:30:30,10.9900,15,1
2026-03-27,000001,10:30:33,10.9800,44,2
2026-03-27,000001,10:30:36,10.9800,1277,2
2026-03-27,000001,10:30:39,10.9800,1733,2
2026-03-27,000001,10:30:42,10.9800,2421,2
2026-03-27,000001,10:30:45,10.9800,8,1
2026-03-27,000001,10:30:48,10.9700,61,2
2026-03-27,000001,10:30:51,10.9800,236,1
2026-03-27,000001,10:30:54,10.9900,1775,1
2026-03-27,000001,10:30:57,10.9900,28,1
2026-03-27,000001,10:31:00,10.9900,569,1
2026-03-27,000001,10:31:03,10.9900,41,2
2026-03-27,000001,10:31:06,10.9900,86,2
2026-03-27,000001,10:31:09,10.9900,20,2
2026-03-27,000001,10:31:15,11.0000,855,1
2026-03-27,000001,10:31:18,11.0000,100,1
2026-03-27,000001,10:31:21,11.0000,5,4
2026-03-27,000001,10:31:24,10.9900,57,2
2026-03-27,000001,10:31:27,11.0000,47,4
2026-03-27,000001,10:31:30,11.0100,37,1
2026-03-27,000001,10:31:33,10.9900,23,2
2026-03-27,000001,10:31:36,11.0000,118,1
2026-03-27,000001,10:31:39,11.0000,51,4
2026-03-27,000001,10:31:42,11.0000,121,2
2026-03-27,000001,10:31:48,11.0100,59,1
2026-03-27,000001,10:31:51,10.9900,26,2
2026-03-27,000001,10:31:54,11.0100,836,1
2026-03-27,000001,10:31:57,11.0000,10,4
2026-03-27,000001,10:32:00,11.0000,113,1
2026-03-27,000001,10:32:03,11.0100,18,1
2026-03-27,000001,10:32:09,11.0000,212,2
2026-03-27,000001,10:32:12,11.0000,2,2
2026-03-27,000001,10:32:15,11.0000,1,2
2026-03-27,000001,10:32:18,11.0000,10,2
2026-03-27,000001,10:32:21,11.0100,30,1
2026-03-27,000001,10:32:24,11.0000,39,2
2026-03-27,000001,10:32:27,11.0000,169,2
2026-03-27,000001,10:32:30,11.0000,128,2
2026-03-27,000001,10:32:33,11.0000,42,1
2026-03-27,000001,10:32:36,11.0000,888,1
2026-03-27,000001,10:32:39,11.0000,112,1
2026-03-27,000001,10:32:42,11.0000,24,1
2026-03-27,000001,10:32:45,11.0000,24,1
2026-03-27,000001,10:32:48,11.0000,24,1
2026-03-27,000001,10:32:51,11.0000,15,1
2026-03-27,000001,10:32:54,11.0000,70,1
2026-03-27,000001,10:32:57,11.0100,34,1
2026-03-27,000001,10:33:00,11.0000,131,2
2026-03-27,000001,10:33:03,11.0000,8,2
2026-03-27,000001,10:33:06,11.0000,40,2
2026-03-27,000001,10:33:09,11.0000,23,2
2026-03-27,000001,10:33:15,11.0000,845,2
2026-03-27,000001,10:33:18,11.0100,19,1
2026-03-27,000001,10:33:21,11.0000,9,2
2026-03-27,000001,10:33:24,11.0000,49,2
2026-03-27,000001,10:33:27,11.0100,72,1
2026-03-27,000001,10:33:36,11.0000,512,2
2026-03-27,000001,10:33:39,11.0000,5,2
2026-03-27,000001,10:33:42,11.0000,3,2
2026-03-27,000001,10:33:45,11.0000,50,2
2026-03-27,000001,10:33:48,11.0000,42,2
2026-03-27,000001,10:33:51,11.0000,7,2
2026-03-27,000001,10:33:54,11.0100,746,1
2026-03-27,000001,10:33:57,11.0100,94,1
2026-03-27,000001,10:34:00,11.0000,482,2
2026-03-27,000001,10:34:03,11.0100,28,1
2026-03-27,000001,10:34:06,11.0000,1,2
2026-03-27,000001,10:34:15,11.0000,500,2
2026-03-27,000001,10:34:18,11.0000,16,2
2026-03-27,000001,10:34:21,11.0000,138,2
2026-03-27,000001,10:34:27,11.0000,87,2
2026-03-27,000001,10:34:30,11.0100,106,1
2026-03-27,000001,10:34:33,11.0000,171,2
2026-03-27,000001,10:34:36,10.9900,874,2
2026-03-27,000001,10:34:39,11.0000,53,4
2026-03-27,000001,10:34:42,11.0100,69,1
2026-03-27,000001,10:34:45,10.9900,108,2
2026-03-27,000001,10:34:51,10.9900,132,2
2026-03-27,000001,10:34:54,11.0000,20,4
2026-03-27,000001,10:34:57,11.0000,22,2
2026-03-27,000001,10:35:00,10.9900,55,2
2026-03-27,000001,10:35:03,11.0000,50,1
2026-03-27,000001,10:35:06,11.0000,12,1
2026-03-27,000001,10:35:09,11.0000,14,2
2026-03-27,000001,10:35:12,11.0000,29,2
2026-03-27,000001,10:35:15,11.0000,1074,2
2026-03-27,000001,10:35:18,11.0000,11,2
2026-03-27,000001,10:35:21,11.0000,11,2
2026-03-27,000001,10:35:24,11.0000,21,2
2026-03-27,000001,10:35:27,11.0000,17,2
2026-03-27,000001,10:35:30,11.0000,16,2
2026-03-27,000001,10:35:33,11.0000,10,2
2026-03-27,000001,10:35:36,11.0100,22,1
2026-03-27,000001,10:35:39,11.0000,24,2
2026-03-27,000001,10:35:45,11.0000,23,2
2026-03-27,000001,10:35:48,11.0000,34,2
2026-03-27,000001,10:35:51,11.0000,1,2
2026-03-27,000001,10:35:54,11.0000,893,2
2026-03-27,000001,10:35:57,11.0100,1,1
2026-03-27,000001,10:36:06,11.0100,131,1
2026-03-27,000001,10:36:12,11.0000,3,2
2026-03-27,000001,10:36:21,11.0000,8,2
2026-03-27,000001,10:36:24,11.0100,6,1
2026-03-27,000001,10:36:27,11.0000,10,2
2026-03-27,000001,10:36:33,11.0100,441,1
2026-03-27,000001,10:36:36,11.0100,975,1
2026-03-27,000001,10:36:39,11.0200,88,1
2026-03-27,000001,10:36:42,11.0000,105,2
2026-03-27,000001,10:36:45,11.0100,10,1
2026-03-27,000001,10:36:48,11.0100,1,1
2026-03-27,000001,10:36:51,11.0000,16,2
2026-03-27,000001,10:36:57,11.0100,2,1
2026-03-27,000001,10:37:00,11.0000,2,2
2026-03-27,000001,10:37:03,11.0100,10,1
2026-03-27,000001,10:37:06,11.0000,1,2
2026-03-27,000001,10:37:09,11.0000,8,2
2026-03-27,000001,10:37:15,11.0200,826,1
2026-03-27,000001,10:37:24,11.0100,10,2
2026-03-27,000001,10:37:30,11.0200,71,1
2026-03-27,000001,10:37:36,11.0100,2,4
2026-03-27,000001,10:37:42,11.0100,2,1
2026-03-27,000001,10:37:45,11.0100,195,1
2026-03-27,000001,10:37:48,11.0100,5,1
2026-03-27,000001,10:37:51,11.0100,28,1
2026-03-27,000001,10:38:00,11.0000,20,2
2026-03-27,000001,10:38:03,11.0000,5,2
2026-03-27,000001,10:38:09,11.0000,9,2
2026-03-27,000001,10:38:15,11.0000,36,2
2026-03-27,000001,10:38:18,11.0000,50,2
2026-03-27,000001,10:38:21,11.0000,20,2
2026-03-27,000001,10:38:27,11.0100,1,1
2026-03-27,000001,10:38:30,11.0100,9,1
2026-03-27,000001,10:38:33,11.0000,11,2
2026-03-27,000001,10:38:36,11.0000,3,2
2026-03-27,000001,10:38:39,11.0000,6,2
2026-03-27,000001,10:38:42,11.0000,5,2
2026-03-27,000001,10:38:45,11.0000,20,2
2026-03-27,000001,10:38:48,11.0000,70,2
2026-03-27,000001,10:38:51,11.0100,157,1
2026-03-27,000001,10:38:54,11.0000,48,2
2026-03-27,000001,10:38:57,11.0000,20,2
2026-03-27,000001,10:39:00,11.0100,35,1
2026-03-27,000001,10:39:03,11.0100,105,1
2026-03-27,000001,10:39:06,11.0100,2515,1
2026-03-27,000001,10:39:09,11.0100,92,1
2026-03-27,000001,10:39:12,11.0100,558,1
2026-03-27,000001,10:39:15,11.0100,272,1
2026-03-27,000001,10:39:21,11.0100,134,1
2026-03-27,000001,10:39:24,11.0100,7,1
2026-03-27,000001,10:39:27,11.0100,40,1
2026-03-27,000001,10:39:30,11.0100,70,1
2026-03-27,000001,10:39:33,11.0100,12,1
2026-03-27,000001,10:39:36,11.0100,82,1
2026-03-27,000001,10:39:42,11.0100,12,1
2026-03-27,000001,10:39:45,11.0100,2022,1
2026-03-27,000001,10:39:48,11.0100,10,1
2026-03-27,000001,10:39:51,11.0000,390,2
2026-03-27,000001,10:39:54,11.0100,19,1
2026-03-27,000001,10:39:57,11.0000,1,2
2026-03-27,000001,10:40:06,11.0000,2,2
2026-03-27,000001,10:40:09,11.0000,4,2
2026-03-27,000001,10:40:12,11.0000,21,2
2026-03-27,000001,10:40:21,10.9900,5064,2
2026-03-27,000001,10:40:24,11.0100,2012,1
2026-03-27,000001,10:40:27,11.0000,155,1
2026-03-27,000001,10:40:33,11.0000,83,1
2026-03-27,000001,10:40:36,10.9900,111,2
2026-03-27,000001,10:40:45,11.0000,7,1
2026-03-27,000001,10:40:51,10.9900,57,2
2026-03-27,000001,10:40:54,11.0000,20,1
2026-03-27,000001,10:41:00,11.0000,6,1
2026-03-27,000001,10:41:06,10.9900,2016,2
2026-03-27,000001,10:41:09,10.9900,22,2
2026-03-27,000001,10:41:12,10.9900,1,2
2026-03-27,000001,10:41:15,10.9900,9,2
2026-03-27,000001,10:41:21,11.0000,1055,1
2026-03-27,000001,10:41:24,11.0000,85,1
2026-03-27,000001,10:41:27,11.0000,28,1
2026-03-27,000001,10:41:30,11.0000,11,1
2026-03-27,000001,10:41:33,10.9900,65,2
2026-03-27,000001,10:41:36,10.9900,23,2
2026-03-27,000001,10:41:39,10.9900,37,2
2026-03-27,000001,10:41:45,11.0000,2019,1
2026-03-27,000001,10:41:48,11.0000,35,1
2026-03-27,000001,10:41:51,11.0000,62,2
2026-03-27,000001,10:41:54,11.0000,10,2
2026-03-27,000001,10:41:57,11.0000,102,2
2026-03-27,000001,10:42:00,11.0000,16,2
2026-03-27,000001,10:42:06,11.0000,19,2
2026-03-27,000001,10:42:09,11.0100,53,1
2026-03-27,000001,10:42:12,11.0100,4,1
2026-03-27,000001,10:42:18,11.0100,219,1
2026-03-27,000001,10:42:21,11.0000,20,2
2026-03-27,000001,10:42:24,11.0200,2013,1
2026-03-27,000001,10:42:27,11.0100,14,1
2026-03-27,000001,10:42:30,11.0000,1517,2
2026-03-27,000001,10:42:33,11.0000,111,1
2026-03-27,000001,10:42:36,11.0000,56,1
2026-03-27,000001,10:42:39,11.0000,63,1
2026-03-27,000001,10:42:42,11.0000,257,1
2026-03-27,000001,10:42:45,11.0000,14,4
2026-03-27,000001,10:42:48,11.0000,3,1
2026-03-27,000001,10:42:51,11.0000,15,1
2026-03-27,000001,10:42:57,10.9900,26,2
2026-03-27,000001,10:43:03,10.9900,200,2
2026-03-27,000001,10:43:06,11.0000,1826,1
2026-03-27,000001,10:43:09,11.0000,58,1
2026-03-27,000001,10:43:12,11.0000,20,1
2026-03-27,000001,10:43:24,11.0000,99,1
2026-03-27,000001,10:43:27,10.9900,324,2
2026-03-27,000001,10:43:30,10.9900,1,2
2026-03-27,000001,10:43:33,10.9900,2,2
2026-03-27,000001,10:43:39,10.9900,11,2
2026-03-27,000001,10:43:42,11.0000,30,1
2026-03-27,000001,10:43:45,11.0000,2088,1
2026-03-27,000001,10:43:48,10.9900,42,2
2026-03-27,000001,10:43:54,10.9900,30,2
2026-03-27,000001,10:44:00,11.0000,10,1
2026-03-27,000001,10:44:09,11.0000,334,1
2026-03-27,000001,10:44:21,11.0000,1,1
2026-03-27,000001,10:44:24,11.0100,2018,1
2026-03-27,000001,10:44:27,11.0000,10,1
2026-03-27,000001,10:44:30,10.9900,6,2
2026-03-27,000001,10:44:42,11.0000,166,1
2026-03-27,000001,10:44:48,11.0000,6,1
2026-03-27,000001,10:44:51,11.0000,18,1
2026-03-27,000001,10:45:00,10.9900,41,2
2026-03-27,000001,10:45:03,10.9900,1,2
2026-03-27,000001,10:45:06,10.9900,2119,2
2026-03-27,000001,10:45:15,10.9900,28,2
2026-03-27,000001,10:45:21,11.0000,1,1
2026-03-27,000001,10:45:24,11.0000,29,1
2026-03-27,000001,10:45:30,10.9900,27,2
2026-03-27,000001,10:45:33,11.0000,26,1
2026-03-27,000001,10:45:36,11.0000,2,1
2026-03-27,000001,10:45:39,11.0000,21,1
2026-03-27,000001,10:45:45,10.9900,6,2
2026-03-27,000001,10:45:48,11.0000,24,1
2026-03-27,000001,10:45:51,11.0000,30,1
2026-03-27,000001,10:45:54,11.0000,6,1
2026-03-27,000001,10:46:00,11.0000,2,1
2026-03-27,000001,10:46:03,10.9900,24,2
2026-03-27,000001,10:46:06,10.9900,2643,2
2026-03-27,000001,10:46:09,10.9900,3,1
2026-03-27,000001,10:46:12,10.9800,32,2
2026-03-27,000001,10:46:15,10.9900,3,1
2026-03-27,000001,10:46:18,10.9900,349,1
2026-03-27,000001,10:46:24,10.9900,2,1
2026-03-27,000001,10:46:27,10.9800,41,2
2026-03-27,000001,10:46:33,10.9800,199,2
2026-03-27,000001,10:46:36,10.9900,620,1
2026-03-27,000001,10:46:39,10.9900,45,2
2026-03-27,000001,10:46:42,10.9900,25,2
2026-03-27,000001,10:46:45,10.9900,17,2
2026-03-27,000001,10:46:51,11.0000,30,1
2026-03-27,000001,10:46:54,10.9900,27,2
2026-03-27,000001,10:46:57,10.9900,144,2
2026-03-27,000001,10:47:06,10.9900,15,2
2026-03-27,000001,10:47:09,10.9900,6,4
2026-03-27,000001,10:47:12,10.9900,16,2
2026-03-27,000001,10:47:18,10.9900,15,2
2026-03-27,000001,10:47:21,10.9900,9,2
2026-03-27,000001,10:47:30,10.9900,40,2
2026-03-27,000001,10:47:33,11.0000,122,1
2026-03-27,000001,10:47:39,10.9900,1,2
2026-03-27,000001,10:47:45,11.0000,13,1
2026-03-27,000001,10:47:51,10.9900,69,2
2026-03-27,000001,10:47:57,10.9900,4,2
2026-03-27,000001,10:48:00,11.0000,170,1
2026-03-27,000001,10:48:06,10.9900,62,2
2026-03-27,000001,10:48:09,10.9900,57,2
2026-03-27,000001,10:48:15,10.9900,21,2
2026-03-27,000001,10:48:18,10.9900,1,2
2026-03-27,000001,10:48:27,10.9900,47,2
2026-03-27,000001,10:48:30,10.9900,46,2
2026-03-27,000001,10:48:33,10.9900,42,2
2026-03-27,000001,10:48:36,10.9900,50,2
2026-03-27,000001,10:48:39,10.9900,11,2
2026-03-27,000001,10:48:45,10.9900,24,2
2026-03-27,000001,10:48:51,10.9900,20,2
2026-03-27,000001,10:48:54,10.9900,20,2
2026-03-27,000001,10:48:57,10.9900,32,2
2026-03-27,000001,10:49:00,10.9900,20,2
2026-03-27,000001,10:49:03,11.0000,20,1
2026-03-27,000001,10:49:06,10.9900,7,2
2026-03-27,000001,10:49:12,10.9900,391,2
2026-03-27,000001,10:49:15,11.0000,64,1
2026-03-27,000001,10:49:18,10.9900,41,2
2026-03-27,000001,10:49:21,10.9900,5,2
2026-03-27,000001,10:49:24,10.9900,43,2
2026-03-27,000001,10:49:27,11.0000,30,1
2026-03-27,000001,10:49:30,11.0000,10,1
2026-03-27,000001,10:49:33,10.9900,17,2
2026-03-27,000001,10:49:36,10.9900,131,2
2026-03-27,000001,10:49:39,11.0000,24260,1
2026-03-27,000001,10:49:42,11.0100,394,1
2026-03-27,000001,10:49:45,11.0200,266,1
2026-03-27,000001,10:49:48,11.0100,2,2
2026-03-27,000001,10:49:51,11.0200,173,1
2026-03-27,000001,10:49:54,11.0200,104,1
2026-03-27,000001,10:49:57,11.0100,15,2
2026-03-27,000001,10:50:00,11.0200,107,1
2026-03-27,000001,10:50:06,11.0100,11,2
2026-03-27,000001,10:50:09,11.0200,4,1
2026-03-27,000001,10:50:12,11.0200,23,1
2026-03-27,000001,10:50:18,11.0100,354,2
2026-03-27,000001,10:50:21,11.0200,6,1
2026-03-27,000001,10:50:27,11.0100,10,1
2026-03-27,000001,10:50:30,11.0200,150,1
2026-03-27,000001,10:50:36,11.0100,357,1
2026-03-27,000001,10:50:39,11.0000,5,2
2026-03-27,000001,10:50:42,11.0100,11,4
2026-03-27,000001,10:50:45,11.0100,3,4
2026-03-27,000001,10:50:48,11.0100,2,1
2026-03-27,000001,10:50:57,11.0000,7,2
2026-03-27,000001,10:51:03,11.0100,2,1
2026-03-27,000001,10:51:06,11.0000,3,2
2026-03-27,000001,10:51:09,11.0100,156,1
2026-03-27,000001,10:51:12,11.0000,6,2
2026-03-27,000001,10:51:15,11.0100,42,1
2026-03-27,000001,10:51:18,11.0000,9,2
2026-03-27,000001,10:51:24,11.0000,1,2
2026-03-27,000001,10:51:27,11.0000,8,2
2026-03-27,000001,10:51:30,11.0100,11,1
2026-03-27,000001,10:51:33,11.0000,21,2
2026-03-27,000001,10:51:36,11.0000,185,2
2026-03-27,000001,10:51:39,11.0000,14,2
2026-03-27,000001,10:51:42,11.0100,54,1
2026-03-27,000001,10:51:45,11.0000,1,2
2026-03-27,000001,10:51:48,11.0000,17,2
2026-03-27,000001,10:51:51,11.0000,149,2
2026-03-27,000001,10:51:54,11.0000,3,2
2026-03-27,000001,10:51:57,11.0100,244,1
2026-03-27,000001,10:52:00,11.0000,2,2
2026-03-27,000001,10:52:03,11.0000,1,2
2026-03-27,000001,10:52:06,11.0000,30,2
2026-03-27,000001,10:52:09,11.0000,2,2
2026-03-27,000001,10:52:12,11.0000,38,2
2026-03-27,000001,10:52:18,11.0000,70,2
2026-03-27,000001,10:52:21,11.0000,6,2
2026-03-27,000001,10:52:27,11.0000,1,2
2026-03-27,000001,10:52:30,11.0100,458,1
2026-03-27,000001,10:52:33,11.0100,16,1
2026-03-27,000001,10:52:36,11.0100,36,1
2026-03-27,000001,10:52:39,11.0000,41,2
2026-03-27,000001,10:52:42,11.0100,23,1
2026-03-27,000001,10:52:45,11.0000,1,2
2026-03-27,000001,10:52:48,11.0100,21,1
2026-03-27,000001,10:52:51,11.0000,2,2
2026-03-27,000001,10:52:54,11.0000,1,2
2026-03-27,000001,10:53:00,11.0100,11,1
2026-03-27,000001,10:53:06,11.0000,25,2
2026-03-27,000001,10:53:12,11.0000,149,2
2026-03-27,000001,10:53:18,11.0000,10,2
2026-03-27,000001,10:53:21,11.0000,6,2
2026-03-27,000001,10:53:24,11.0000,5,2
2026-03-27,000001,10:53:27,11.0000,1,2
2026-03-27,000001,10:53:30,11.0000,69,2
2026-03-27,000001,10:53:33,11.0000,11,2
2026-03-27,000001,10:53:36,11.0000,20,2
2026-03-27,000001,10:53:39,11.0000,31,2
2026-03-27,000001,10:53:42,11.0000,376,2
2026-03-27,000001,10:53:45,11.0000,13,2
2026-03-27,000001,10:53:48,11.0000,106,2
2026-03-27,000001,10:53:51,11.0100,247,1
2026-03-27,000001,10:53:54,11.0000,3,2
2026-03-27,000001,10:53:57,11.0000,39,2
2026-03-27,000001,10:54:00,11.0100,14,1
2026-03-27,000001,10:54:03,11.0000,8,2
2026-03-27,000001,10:54:06,11.0000,107,2
2026-03-27,000001,10:54:09,11.0000,5,2
2026-03-27,000001,10:54:12,11.0000,11,2
2026-03-27,000001,10:54:15,11.0000,406,2
2026-03-27,000001,10:54:18,11.0000,50,2
2026-03-27,000001,10:54:21,11.0000,881,2
2026-03-27,000001,10:54:24,11.0000,76,2
2026-03-27,000001,10:54:27,11.0000,3,2
2026-03-27,000001,10:54:30,11.0100,147,1
2026-03-27,000001,10:54:33,11.0000,11,2
2026-03-27,000001,10:54:36,11.0000,125,2
2026-03-27,000001,10:54:39,11.0000,26,1
2026-03-27,000001,10:54:42,11.0000,87,1
2026-03-27,000001,10:54:45,11.0000,162,1
2026-03-27,000001,10:54:48,10.9900,102,2
2026-03-27,000001,10:54:51,11.0000,1,1
2026-03-27,000001,10:54:54,10.9900,114,2
2026-03-27,000001,10:54:57,10.9900,46,2
2026-03-27,000001,10:55:00,10.9900,2,2
2026-03-27,000001,10:55:03,10.9900,104,2
2026-03-27,000001,10:55:06,10.9900,68,2
2026-03-27,000001,10:55:09,10.9900,32,2
2026-03-27,000001,10:55:12,11.0100,147,1
2026-03-27,000001,10:55:15,10.9900,11,2
2026-03-27,000001,10:55:18,11.0000,83,1
2026-03-27,000001,10:55:21,10.9900,341,2
2026-03-27,000001,10:55:24,11.0000,223,1
2026-03-27,000001,10:55:27,11.0000,8,2
2026-03-27,000001,10:55:30,11.0000,46,2
2026-03-27,000001,10:55:36,11.0000,26,2
2026-03-27,000001,10:55:39,11.0000,51,2
2026-03-27,000001,10:55:42,11.0000,1,2
2026-03-27,000001,10:55:45,11.0000,44,2
2026-03-27,000001,10:55:48,11.0000,12,2
2026-03-27,000001,10:55:51,11.0000,13,2
2026-03-27,000001,10:55:54,11.0000,1,2
2026-03-27,000001,10:55:57,11.0000,125,2
2026-03-27,000001,10:56:03,11.0000,63,2
2026-03-27,000001,10:56:06,11.0000,27,2
2026-03-27,000001,10:56:09,11.0000,45,2
2026-03-27,000001,10:56:12,11.0000,25,2
2026-03-27,000001,10:56:15,11.0000,9,2
2026-03-27,000001,10:56:18,11.0000,2008,2
2026-03-27,000001,10:56:21,10.9900,1,2
2026-03-27,000001,10:56:24,11.0000,39,1
2026-03-27,000001,10:56:30,10.9900,28,2
2026-03-27,000001,10:56:33,11.0000,28,1
2026-03-27,000001,10:56:36,10.9900,21,2
2026-03-27,000001,10:56:39,11.0000,2,1
2026-03-27,000001,10:56:42,10.9900,34,2
2026-03-27,000001,10:56:48,11.0000,21,1
2026-03-27,000001,10:56:51,10.9900,89,2
2026-03-27,000001,10:56:54,10.9900,1934,2
2026-03-27,000001,10:56:57,10.9800,34,2
2026-03-27,000001,10:57:00,10.9800,37,2
2026-03-27,000001,10:57:03,10.9800,1,2
2026-03-27,000001,10:57:06,10.9800,15,2
2026-03-27,000001,10:57:09,10.9800,1,2
2026-03-27,000001,10:57:12,10.9800,16,2
2026-03-27,000001,10:57:15,10.9800,57,2
2026-03-27,000001,10:57:18,10.9800,32,2
2026-03-27,000001,10:57:24,10.9900,3,1
2026-03-27,000001,10:57:27,10.9900,25,1
2026-03-27,000001,10:57:30,10.9800,49,2
2026-03-27,000001,10:57:33,10.9900,43,1
2026-03-27,000001,10:57:36,10.9800,34,2
2026-03-27,000001,10:57:39,10.9900,329,1
2026-03-27,000001,10:57:42,10.9800,1,2
2026-03-27,000001,10:57:45,10.9800,9,2
2026-03-27,000001,10:57:48,10.9900,16,1
2026-03-27,000001,10:57:51,10.9900,13,1
2026-03-27,000001,10:57:54,10.9900,97,1
2026-03-27,000001,10:57:57,10.9800,16,2
2026-03-27,000001,10:58:00,10.9900,1,1
2026-03-27,000001,10:58:03,10.9900,40,1
2026-03-27,000001,10:58:06,10.9900,27,1
2026-03-27,000001,10:58:09,10.9900,13,1
2026-03-27,000001,10:58:12,10.9900,34,1
2026-03-27,000001,10:58:15,10.9900,1,1
2026-03-27,000001,10:58:18,10.9800,23,2
2026-03-27,000001,10:58:21,10.9900,10,1
2026-03-27,000001,10:58:24,10.9900,7,1
2026-03-27,000001,10:58:30,10.9800,47,2
2026-03-27,000001,10:58:36,10.9800,28,2
2026-03-27,000001,10:58:39,10.9900,2,1
2026-03-27,000001,10:58:42,10.9800,7,2
2026-03-27,000001,10:58:45,10.9900,120,1
2026-03-27,000001,10:58:48,10.9800,3,2
2026-03-27,000001,10:58:51,10.9800,6,2
2026-03-27,000001,10:58:54,10.9800,10,2
2026-03-27,000001,10:58:57,10.9800,26,2
2026-03-27,000001,10:59:00,10.9800,7,2
2026-03-27,000001,10:59:03,10.9800,15,2
2026-03-27,000001,10:59:06,10.9800,41,2
2026-03-27,000001,10:59:09,10.9800,230,2
2026-03-27,000001,10:59:12,10.9900,40,1
2026-03-27,000001,10:59:15,10.9800,2762,2
2026-03-27,000001,10:59:18,10.9700,1,2
2026-03-27,000001,10:59:21,10.9900,546,1
2026-03-27,000001,10:59:24,10.9700,20,2
2026-03-27,000001,10:59:27,10.9800,10,1
2026-03-27,000001,10:59:30,10.9700,16,2
2026-03-27,000001,10:59:33,10.9800,211,1
2026-03-27,000001,10:59:36,10.9700,119,2
2026-03-27,000001,10:59:39,10.9800,195,1
2026-03-27,000001,10:59:42,10.9800,1,1
2026-03-27,000001,10:59:45,10.9800,57,1
2026-03-27,000001,10:59:51,10.9700,58,2
2026-03-27,000001,10:59:54,10.9700,11,2
2026-03-27,000001,10:59:57,10.9700,1,2
2026-03-27,000001,11:00:00,10.9800,58,1
2026-03-27,000001,11:00:03,10.9800,849,1
2026-03-27,000001,11:00:06,10.9800,108,2
2026-03-27,000001,11:00:09,10.9800,14,1
2026-03-27,000001,11:00:12,10.9700,4,2
2026-03-27,000001,11:00:15,10.9800,2,1
2026-03-27,000001,11:00:18,10.9700,1,2
2026-03-27,000001,11:00:21,10.9800,58,1
2026-03-27,000001,11:00:24,10.9800,2,1
