date,code,time,price,volume,bs
2026-05-28,600036,14:06:58,37.1000,27,2
2026-05-28,600036,14:07:01,37.1100,12,1
2026-05-28,600036,14:07:04,37.1000,55,2
2026-05-28,600036,14:07:07,37.1000,38,2
2026-05-28,600036,14:07:10,37.1100,31,1
2026-05-28,600036,14:07:13,37.1000,48,2
2026-05-28,600036,14:07:16,37.1100,20,1
2026-05-28,600036,14:07:19,37.1100,178,1
2026-05-28,600036,14:07:22,37.1100,19,1
2026-05-28,600036,14:07:25,37.1000,53,2
2026-05-28,600036,14:07:28,37.1000,29,2
2026-05-28,600036,14:07:31,37.1000,1,2
2026-05-28,600036,14:07:34,37.1100,196,1
2026-05-28,600036,14:07:37,37.1000,44,2
2026-05-28,600036,14:07:40,37.1100,16,1
2026-05-28,600036,14:07:43,37.1100,1,1
2026-05-28,600036,14:07:46,37.1100,11,1
2026-05-28,600036,14:07:49,37.1100,178,1
2026-05-28,600036,14:07:52,37.1000,28,2
2026-05-28,600036,14:07:55,37.1000,44,2
2026-05-28,600036,14:07:58,37.1000,21,2
2026-05-28,600036,14:08:01,37.1100,86,1
2026-05-28,600036,14:08:04,37.1100,256,1
2026-05-28,600036,14:08:07,37.1100,49,1
2026-05-28,600036,14:08:10,37.1100,277,1
2026-05-28,600036,14:08:13,37.1000,6,2
2026-05-28,600036,14:08:16,37.1000,30,2
2026-05-28,600036,14:08:22,37.1000,50,2
2026-05-28,600036,14:08:25,37.1100,25,1
2026-05-28,600036,14:08:28,37.1000,28,2
2026-05-28,600036,14:08:31,37.1100,34,1
2026-05-28,600036,14:08:34,37.1000,32,2
2026-05-28,600036,14:08:37,37.1100,152,1
2026-05-28,600036,14:08:40,37.1000,2,2
2026-05-28,600036,14:08:43,37.1000,124,2
2026-05-28,600036,14:08:46,37.1100,7,1
2026-05-28,600036,14:08:49,37.1000,130,2
2026-05-28,600036,14:08:52,37.1000,69,2
2026-05-28,600036,14:08:55,37.1000,18,2
2026-05-28,600036,14:08:58,37.1100,48,1
2026-05-28,600036,14:09:01,37.1000,37,2
2026-05-28,600036,14:09:04,37.1100,11,1
2026-05-28,600036,14:09:07,37.1000,83,2
2026-05-28,600036,14:09:10,37.1000,469,2
2026-05-28,600036,14:09:13,37.1000,35,2
2026-05-28,600036,14:09:16,37.1100,32,1
2026-05-28,600036,14:09:19,37.1100,6,1
2026-05-28,600036,14:09:22,37.1100,19,1
2026-05-28,600036,14:09:25,37.1000,111,2
2026-05-28,600036,14:09:28,37.1100,44,1
2026-05-28,600036,14:09:31,37.1000,256,2
2026-05-28,600036,14:09:34,37.1100,32,1
2026-05-28,600036,14:09:37,37.1100,33,1
2026-05-28,600036,14:09:40,37.1100,13,1
2026-05-28,600036,14:09:43,37.1100,33,1
2026-05-28,600036,14:09:46,37.1100,34,1
2026-05-28,600036,14:09:49,37.1000,23,2
2026-05-28,600036,14:09:52,37.1100,61,1
2026-05-28,600036,14:09:55,37.1000,7,2
2026-05-28,600036,14:09:58,37.1000,23,2
2026-05-28,600036,14:10:01,37.1100,71,1
2026-05-28,600036,14:10:04,37.1000,2053,2
2026-05-28,600036,14:10:07,37.0900,207,2
2026-05-28,600036,14:10:10,37.1000,10,1
2026-05-28,600036,14:10:13,37.1000,87,1
2026-05-28,600036,14:10:16,37.1000,18,1
2026-05-28,600036,14:10:19,37.1000,36,1
2026-05-28,600036,14:10:22,37.1000,5,1
2026-05-28,600036,14:10:25,37.1000,131,1
2026-05-28,600036,14:10:28,37.1000,32,1
2026-05-28,600036,14:10:31,37.1000,68,1
2026-05-28,600036,14:10:34,37.1000,5,1
2026-05-28,600036,14:10:37,37.0900,330,2
2026-05-28,600036,14:10:40,37.1000,1153,1
2026-05-28,600036,14:10:43,37.1000,127,1
2026-05-28,600036,14:10:46,37.0900,63,2
2026-05-28,600036,14:10:49,37.0800,18,2
2026-05-28,600036,14:10:52,37.0900,19,1
2026-05-28,600036,14:10:55,37.0800,43,2
2026-05-28,600036,14:10:58,37.0800,36,2
2026-05-28,600036,14:11:01,37.0900,48,1
2026-05-28,600036,14:11:04,37.0800,17,2
2026-05-28,600036,14:11:10,37.0900,35,1
2026-05-28,600036,14:11:13,37.0800,536,2
2026-05-28,600036,14:11:16,37.0900,75,1
2026-05-28,600036,14:11:19,37.0900,118,1
2026-05-28,600036,14:11:22,37.0900,1,1
2026-05-28,600036,14:11:25,37.0800,76,2
2026-05-28,600036,14:11:28,37.0800,50,2
2026-05-28,600036,14:11:31,37.0800,78,2
2026-05-28,600036,14:11:34,37.0800,135,2
2026-05-28,600036,14:11:37,37.0800,32,2
2026-05-28,600036,14:11:40,37.0900,226,1
2026-05-28,600036,14:11:43,37.0900,184,1
2026-05-28,600036,14:11:46,37.0900,6,1
2026-05-28,600036,14:11:49,37.0900,73,1
2026-05-28,600036,14:11:52,37.0900,12,1
2026-05-28,600036,14:11:55,37.0900,68,1
2026-05-28,600036,14:11:58,37.0900,57,1
2026-05-28,600036,14:12:01,37.0800,33,2
2026-05-28,600036,14:12:04,37.0800,60,2
2026-05-28,600036,14:12:07,37.0800,63,2
2026-05-28,600036,14:12:10,37.0800,30,2
2026-05-28,600036,14:12:13,37.0800,219,2
2026-05-28,600036,14:12:16,37.0800,30,2
2026-05-28,600036,14:12:19,37.0900,55,1
2026-05-28,600036,14:12:22,37.0900,92,1
2026-05-28,600036,14:12:25,37.0900,105,1
2026-05-28,600036,14:12:28,37.0800,13,2
2026-05-28,600036,14:12:31,37.0900,35,1
2026-05-28,600036,14:12:34,37.0800,66,2
2026-05-28,600036,14:12:37,37.0800,130,2
2026-05-28,600036,14:12:40,37.0900,16,1
2026-05-28,600036,14:12:43,37.0800,87,2
2026-05-28,600036,14:12:46,37.0900,70,1
2026-05-28,600036,14:12:49,37.0900,256,1
2026-05-28,600036,14:12:52,37.0900,65,1
2026-05-28,600036,14:12:55,37.0800,62,2
2026-05-28,600036,14:12:58,37.0900,46,1
2026-05-28,600036,14:13:01,37.0900,38,1
2026-05-28,600036,14:13:04,37.0800,60,2
2026-05-28,600036,14:13:07,37.0800,73,2
2026-05-28,600036,14:13:10,37.0900,38,1
2026-05-28,600036,14:13:13,37.0900,62,1
2026-05-28,600036,14:13:16,37.0900,16,1
2026-05-28,600036,14:13:19,37.0800,1075,2
2026-05-28,600036,14:13:22,37.0800,35,2
2026-05-28,600036,14:13:25,37.0900,33,1
2026-05-28,600036,14:13:28,37.0800,87,2
2026-05-28,600036,14:13:31,37.0900,1,1
2026-05-28,600036,14:13:34,37.0800,9,2
2026-05-28,600036,14:13:37,37.0900,69,1
2026-05-28,600036,14:13:40,37.0800,93,2
2026-05-28,600036,14:13:43,37.0900,11,1
2026-05-28,600036,14:13:46,37.0900,48,1
2026-05-28,600036,14:13:49,37.0800,31,2
2026-05-28,600036,14:13:52,37.0800,26,2
2026-05-28,600036,14:13:55,37.0800,78,2
2026-05-28,600036,14:13:58,37.0800,12,2
2026-05-28,600036,14:14:01,37.0800,49,2
2026-05-28,600036,14:14:04,37.0900,119,1
2026-05-28,600036,14:14:07,37.0900,34,1
2026-05-28,600036,14:14:10,37.0800,154,2
2026-05-28,600036,14:14:13,37.0800,49,2
2026-05-28,600036,14:14:16,37.0800,194,2
2026-05-28,600036,14:14:19,37.0800,82,2
2026-05-28,600036,14:14:22,37.0800,25,2
2026-05-28,600036,14:14:25,37.0900,1,1
2026-05-28,600036,14:14:28,37.0800,60,2
2026-05-28,600036,14:14:31,37.0900,71,1
2026-05-28,600036,14:14:34,37.0900,112,1
2026-05-28,600036,14:14:37,37.0900,55,1
2026-05-28,600036,14:14:40,37.0800,78,2
2026-05-28,600036,14:14:43,37.0900,1,1
2026-05-28,600036,14:14:46,37.0800,28,2
2026-05-28,600036,14:14:49,37.0900,17,1
2026-05-28,600036,14:14:52,37.0800,46,2
2026-05-28,600036,14:14:55,37.0800,19,2
2026-05-28,600036,14:14:58,37.0900,33,1
2026-05-28,600036,14:15:01,37.0800,48,2
2026-05-28,600036,14:15:04,37.0800,64,2
2026-05-28,600036,14:15:07,37.0900,10,1
2026-05-28,600036,14:15:10,37.0800,297,2
2026-05-28,600036,14:15:13,37.0900,1,1
2026-05-28,600036,14:15:16,37.0800,877,2
2026-05-28,600036,14:15:19,37.0800,75,2
2026-05-28,600036,14:15:22,37.0800,11,1
2026-05-28,600036,14:15:25,37.0800,1,1
2026-05-28,600036,14:15:28,37.0800,78,1
2026-05-28,600036,14:15:31,37.0800,117,1
2026-05-28,600036,14:15:34,37.0800,22,1
2026-05-28,600036,14:15:37,37.0700,22,2
2026-05-28,600036,14:15:40,37.0800,22,1
2026-05-28,600036,14:15:43,37.0800,5,1
2026-05-28,600036,14:15:46,37.0800,15,1
2026-05-28,600036,14:15:49,37.0800,29,1
2026-05-28,600036,14:15:52,37.0800,33,1
2026-05-28,600036,14:15:55,37.0800,21,1
2026-05-28,600036,14:15:58,37.0700,62,2
2026-05-28,600036,14:16:01,37.0800,23,1
2026-05-28,600036,14:16:04,37.0800,102,1
2026-05-28,600036,14:16:07,37.0700,28,2
2026-05-28,600036,14:16:10,37.0700,489,2
2026-05-28,600036,14:16:13,37.0700,123,2
2026-05-28,600036,14:16:16,37.0800,45,1
2026-05-28,600036,14:16:19,37.0700,4,2
2026-05-28,600036,14:16:22,37.0700,65,2
2026-05-28,600036,14:16:25,37.0800,42,1
2026-05-28,600036,14:16:28,37.0800,29,1
2026-05-28,600036,14:16:31,37.0800,109,1
2026-05-28,600036,14:16:34,37.0700,50,2
2026-05-28,600036,14:16:37,37.0700,71,2
2026-05-28,600036,14:16:40,37.0700,20,2
2026-05-28,600036,14:16:43,37.0700,58,2
2026-05-28,600036,14:16:46,37.0700,22,2
2026-05-28,600036,14:16:49,37.0700,35,2
2026-05-28,600036,14:16:52,37.0700,77,2
2026-05-28,600036,14:16:55,37.0800,23,1
2026-05-28,600036,14:16:58,37.0700,13,2
2026-05-28,600036,14:17:01,37.0700,15,2
2026-05-28,600036,14:17:04,37.0700,35,2
2026-05-28,600036,14:17:08,37.0700,102,2
2026-05-28,600036,14:17:10,37.0700,296,2
2026-05-28,600036,14:17:13,37.0800,84,1
2026-05-28,600036,14:17:16,37.0800,114,1
2026-05-28,600036,14:17:19,37.0800,26,1
2026-05-28,600036,14:17:22,37.0700,31,2
2026-05-28,600036,14:17:25,37.0700,6,2
2026-05-28,600036,14:17:28,37.0800,114,1
2026-05-28,600036,14:17:31,37.0700,56,2
2026-05-28,600036,14:17:34,37.0800,86,1
2026-05-28,600036,14:17:37,37.0700,60,2
2026-05-28,600036,14:17:40,37.0700,36,2
2026-05-28,600036,14:17:43,37.0700,116,2
2026-05-28,600036,14:17:46,37.0800,92,1
2026-05-28,600036,14:17:49,37.0800,31,1
2026-05-28,600036,14:17:52,37.0700,101,2
2026-05-28,600036,14:17:55,37.0800,51,1
2026-05-28,600036,14:17:58,37.0800,21,1
2026-05-28,600036,14:18:01,37.0800,25,1
2026-05-28,600036,14:18:04,37.0800,48,1
2026-05-28,600036,14:18:07,37.0800,86,1
2026-05-28,600036,14:18:10,37.0800,49,1
2026-05-28,600036,14:18:13,37.0800,79,1
2026-05-28,600036,14:18:16,37.0800,108,1
2026-05-28,600036,14:18:19,37.0800,133,1
2026-05-28,600036,14:18:22,37.0800,102,1
2026-05-28,600036,14:18:25,37.0800,64,1
2026-05-28,600036,14:18:28,37.0800,103,1
2026-05-28,600036,14:18:31,37.0800,71,1
2026-05-28,600036,14:18:34,37.0800,33,1
2026-05-28,600036,14:18:37,37.0800,29,1
2026-05-28,600036,14:18:40,37.0800,88,1
2026-05-28,600036,14:18:43,37.0800,71,1
2026-05-28,600036,14:18:46,37.0800,95,1
2026-05-28,600036,14:18:49,37.0800,56,1
2026-05-28,600036,14:18:52,37.0800,154,1
2026-05-28,600036,14:18:55,37.0800,69,1
2026-05-28,600036,14:18:58,37.0700,103,2
2026-05-28,600036,14:19:01,37.0800,47,1
2026-05-28,600036,14:19:04,37.0800,100,1
2026-05-28,600036,14:19:07,37.0800,86,1
2026-05-28,600036,14:19:10,37.0800,30,1
2026-05-28,600036,14:19:13,37.0800,29,1
2026-05-28,600036,14:19:16,37.0800,112,1
2026-05-28,600036,14:19:19,37.0800,508,1
2026-05-28,600036,14:19:22,37.0900,15,1
2026-05-28,600036,14:19:25,37.0900,57,1
2026-05-28,600036,14:19:28,37.0900,50,1
2026-05-28,600036,14:19:31,37.0900,31,1
2026-05-28,600036,14:19:34,37.0900,44,1
2026-05-28,600036,14:19:37,37.0800,187,2
2026-05-28,600036,14:19:40,37.0900,53,1
2026-05-28,600036,14:19:43,37.0900,10,1
2026-05-28,600036,14:19:46,37.0900,123,1
2026-05-28,600036,14:19:49,37.0900,17,1
2026-05-28,600036,14:19:52,37.0800,22,2
2026-05-28,600036,14:19:55,37.0800,149,2
2026-05-28,600036,14:19:58,37.0800,36,2
2026-05-28,600036,14:20:01,37.0800,65,2
2026-05-28,600036,14:20:04,37.0900,58,1
2026-05-28,600036,14:20:07,37.0800,20,2
2026-05-28,600036,14:20:10,37.0800,19,2
2026-05-28,600036,14:20:13,37.0900,49,1
2026-05-28,600036,14:20:16,37.0800,125,2
2026-05-28,600036,14:20:19,37.0900,119,1
2026-05-28,600036,14:20:22,37.0800,71,2
2026-05-28,600036,14:20:25,37.0900,80,1
2026-05-28,600036,14:20:28,37.0900,54,1
2026-05-28,600036,14:20:31,37.0800,84,2
2026-05-28,600036,14:20:34,37.0900,60,1
2026-05-28,600036,14:20:37,37.0900,82,1
2026-05-28,600036,14:20:40,37.0800,119,2
2026-05-28,600036,14:20:43,37.0900,176,1
2026-05-28,600036,14:20:46,37.0900,97,1
2026-05-28,600036,14:20:49,37.0900,93,1
2026-05-28,600036,14:20:52,37.0900,311,1
2026-05-28,600036,14:20:55,37.0900,64,1
2026-05-28,600036,14:20:58,37.0900,221,1
2026-05-28,600036,14:21:01,37.0900,577,1
2026-05-28,600036,14:21:04,37.1000,162,1
2026-05-28,600036,14:21:07,37.1000,19,1
2026-05-28,600036,14:21:10,37.1000,205,1
2026-05-28,600036,14:21:13,37.1000,652,1
2026-05-28,600036,14:21:16,37.0900,183,2
2026-05-28,600036,14:21:19,37.1000,37,1
2026-05-28,600036,14:21:22,37.1000,5,1
2026-05-28,600036,14:21:25,37.1000,60,1
2026-05-28,600036,14:21:28,37.1000,75,1
2026-05-28,600036,14:21:31,37.0900,40,2
2026-05-28,600036,14:21:34,37.0900,17,2
2026-05-28,600036,14:21:37,37.0900,298,2
2026-05-28,600036,14:21:40,37.1100,26,1
2026-05-28,600036,14:21:46,37.1000,13,4
2026-05-28,600036,14:21:49,37.1000,5,4
2026-05-28,600036,14:21:52,37.0900,108,2
2026-05-28,600036,14:21:55,37.1000,126,1
2026-05-28,600036,14:21:58,37.0900,171,2
2026-05-28,600036,14:22:01,37.0900,69,2
2026-05-28,600036,14:22:04,37.0900,24,2
2026-05-28,600036,14:22:07,37.1000,57,1
2026-05-28,600036,14:22:10,37.1000,66,2
2026-05-28,600036,14:22:13,37.1000,44,2
2026-05-28,600036,14:22:16,37.1000,92,2
2026-05-28,600036,14:22:19,37.1000,54,2
2026-05-28,600036,14:22:22,37.1000,297,2
2026-05-28,600036,14:22:25,37.1000,80,1
2026-05-28,600036,14:22:28,37.1000,126,1
2026-05-28,600036,14:22:31,37.1000,86,2
2026-05-28,600036,14:22:34,37.1000,64,1
2026-05-28,600036,14:22:37,37.1000,217,1
2026-05-28,600036,14:22:40,37.0900,103,2
2026-05-28,600036,14:22:43,37.0900,172,2
2026-05-28,600036,14:22:46,37.0900,102,2
2026-05-28,600036,14:22:49,37.1000,77,4
2026-05-28,600036,14:22:52,37.0900,193,2
2026-05-28,600036,14:22:55,37.0900,77,2
2026-05-28,600036,14:22:58,37.1000,388,1
2026-05-28,600036,14:23:01,37.1000,65,1
2026-05-28,600036,14:23:04,37.0900,37,2
2026-05-28,600036,14:23:07,37.0900,145,2
2026-05-28,600036,14:23:10,37.0900,76,2
2026-05-28,600036,14:23:13,37.0900,52,2
2026-05-28,600036,14:23:16,37.0900,49,2
2026-05-28,600036,14:23:19,37.0900,174,2
2026-05-28,600036,14:23:22,37.0900,25,2
2026-05-28,600036,14:23:25,37.0900,156,2
2026-05-28,600036,14:23:28,37.1000,98,1
2026-05-28,600036,14:23:31,37.0900,65,2
2026-05-28,600036,14:23:34,37.1000,37,1
2026-05-28,600036,14:23:37,37.0900,61,2
2026-05-28,600036,14:23:40,37.0900,28,2
2026-05-28,600036,14:23:43,37.0900,74,2
2026-05-28,600036,14:23:46,37.0900,32,2
2026-05-28,600036,14:23:49,37.0900,16,2
2026-05-28,600036,14:23:52,37.0900,51,2
2026-05-28,600036,14:23:55,37.0900,34,2
2026-05-28,600036,14:23:58,37.1000,83,1
2026-05-28,600036,14:24:01,37.0900,338,2
2026-05-28,600036,14:24:04,37.0900,13,2
2026-05-28,600036,14:24:07,37.0900,543,2
2026-05-28,600036,14:24:10,37.0900,140,2
2026-05-28,600036,14:24:13,37.0900,848,2
2026-05-28,600036,14:24:16,37.0800,114,2
2026-05-28,600036,14:24:19,37.0800,367,2
2026-05-28,600036,14:24:22,37.0800,139,2
2026-05-28,600036,14:24:25,37.0800,170,2
2026-05-28,600036,14:24:28,37.0800,122,2
2026-05-28,600036,14:24:31,37.0800,86,2
2026-05-28,600036,14:24:34,37.0800,132,2
2026-05-28,600036,14:24:37,37.0900,56,1
2026-05-28,600036,14:24:40,37.0800,155,2
2026-05-28,600036,14:24:43,37.0900,36,1
2026-05-28,600036,14:24:46,37.0800,59,2
2026-05-28,600036,14:24:49,37.0900,94,1
2026-05-28,600036,14:24:52,37.0800,50,2
2026-05-28,600036,14:24:55,37.0800,39,2
2026-05-28,600036,14:24:58,37.0800,39,2
2026-05-28,600036,14:25:01,37.0800,18,2
2026-05-28,600036,14:25:04,37.0800,131,2
2026-05-28,600036,14:25:07,37.0900,21,1
2026-05-28,600036,14:25:10,37.0800,40,2
2026-05-28,600036,14:25:13,37.0800,187,2
2026-05-28,600036,14:25:16,37.0800,40,2
2026-05-28,600036,14:25:19,37.0800,81,2
2026-05-28,600036,14:25:22,37.0800,48,2
2026-05-28,600036,14:25:25,37.0800,87,2
2026-05-28,600036,14:25:28,37.0900,7,1
2026-05-28,600036,14:25:31,37.0800,52,2
2026-05-28,600036,14:25:34,37.0900,64,1
2026-05-28,600036,14:25:37,37.0800,36,2
2026-05-28,600036,14:25:40,37.0800,85,2
2026-05-28,600036,14:25:43,37.0800,391,2
2026-05-28,600036,14:25:46,37.0800,118,2
2026-05-28,600036,14:25:49,37.0800,117,2
2026-05-28,600036,14:25:52,37.0900,151,1
2026-05-28,600036,14:25:55,37.0800,291,2
2026-05-28,600036,14:25:58,37.0800,156,2
2026-05-28,600036,14:26:01,37.0800,52,2
2026-05-28,600036,14:26:04,37.0900,100,1
2026-05-28,600036,14:26:07,37.0900,82,1
2026-05-28,600036,14:26:10,37.0900,138,1
2026-05-28,600036,14:26:13,37.0800,115,2
2026-05-28,600036,14:26:16,37.0900,45,1
2026-05-28,600036,14:26:19,37.0800,101,2
2026-05-28,600036,14:26:22,37.0900,275,1
2026-05-28,600036,14:26:25,37.0800,34,2
2026-05-28,600036,14:26:28,37.0800,103,2
2026-05-28,600036,14:26:31,37.0800,118,2
2026-05-28,600036,14:26:34,37.0900,27,1
2026-05-28,600036,14:26:37,37.0800,50,2
2026-05-28,600036,14:26:40,37.0900,150,1
2026-05-28,600036,14:26:43,37.0800,258,2
2026-05-28,600036,14:26:46,37.0800,15,2
2026-05-28,600036,14:26:49,37.0800,100,2
2026-05-28,600036,14:26:52,37.0800,64,2
2026-05-28,600036,14:26:55,37.0800,52,2
2026-05-28,600036,14:26:58,37.0900,41,1
2026-05-28,600036,14:27:01,37.0800,40,2
2026-05-28,600036,14:27:04,37.0900,157,1
2026-05-28,600036,14:27:07,37.0800,117,2
2026-05-28,600036,14:27:10,37.0800,27,2
2026-05-28,600036,14:27:13,37.0800,56,2
2026-05-28,600036,14:27:16,37.0900,76,1
2026-05-28,600036,14:27:19,37.0900,89,1
2026-05-28,600036,14:27:22,37.0800,77,2
2026-05-28,600036,14:27:25,37.0800,271,2
2026-05-28,600036,14:27:28,37.0800,97,2
2026-05-28,600036,14:27:31,37.0800,53,2
2026-05-28,600036,14:27:34,37.0800,114,2
2026-05-28,600036,14:27:37,37.0800,77,2
2026-05-28,600036,14:27:40,37.0900,57,1
2026-05-28,600036,14:27:43,37.0800,27,2
2026-05-28,600036,14:27:46,37.0800,54,2
2026-05-28,600036,14:27:49,37.0800,79,2
2026-05-28,600036,14:27:52,37.0800,34,2
2026-05-28,600036,14:27:55,37.0800,72,2
2026-05-28,600036,14:27:58,37.0800,39,2
2026-05-28,600036,14:28:01,37.0800,63,2
2026-05-28,600036,14:28:04,37.0800,597,2
2026-05-28,600036,14:28:07,37.0700,57,2
2026-05-28,600036,14:28:10,37.0700,16,2
2026-05-28,600036,14:28:13,37.0700,176,2
2026-05-28,600036,14:28:16,37.0700,129,2
2026-05-28,600036,14:28:19,37.0700,37,2
2026-05-28,600036,14:28:22,37.0800,73,1
2026-05-28,600036,14:28:25,37.0700,39,2
2026-05-28,600036,14:28:28,37.0700,21,2
2026-05-28,600036,14:28:31,37.0800,42,1
2026-05-28,600036,14:28:34,37.0700,45,2
2026-05-28,600036,14:28:37,37.0800,8,1
2026-05-28,600036,14:28:40,37.0700,50,2
2026-05-28,600036,14:28:43,37.0700,51,2
2026-05-28,600036,14:28:46,37.0700,71,2
2026-05-28,600036,14:28:49,37.0700,52,2
2026-05-28,600036,14:28:52,37.0700,300,2
2026-05-28,600036,14:28:55,37.0800,74,1
2026-05-28,600036,14:28:58,37.0800,46,1
2026-05-28,600036,14:29:01,37.0700,101,2
2026-05-28,600036,14:29:04,37.0700,72,2
2026-05-28,600036,14:29:07,37.0800,108,1
2026-05-28,600036,14:29:10,37.0600,4637,2
2026-05-28,600036,14:29:13,37.0600,101,2
2026-05-28,600036,14:29:16,37.0700,64,1
2026-05-28,600036,14:29:19,37.0600,2,2
2026-05-28,600036,14:29:22,37.0600,26,2
2026-05-28,600036,14:29:25,37.0700,20,1
2026-05-28,600036,14:29:28,37.0700,114,1
2026-05-28,600036,14:29:31,37.0700,47,1
2026-05-28,600036,14:29:34,37.0700,110,1
2026-05-28,600036,14:29:37,37.0600,303,2
2026-05-28,600036,14:29:40,37.0600,10,2
2026-05-28,600036,14:29:43,37.0700,39,1
2026-05-28,600036,14:29:46,37.0700,3,1
2026-05-28,600036,14:29:49,37.0600,83,2
2026-05-28,600036,14:29:52,37.0600,21,2
2026-05-28,600036,14:29:55,37.0600,16,2
2026-05-28,600036,14:29:58,37.0700,256,1
2026-05-28,600036,14:30:01,37.0600,148,2
2026-05-28,600036,14:30:04,37.0600,61,2
2026-05-28,600036,14:30:07,37.0700,31,1
2026-05-28,600036,14:30:10,37.0600,60,2
2026-05-28,600036,14:30:13,37.0600,2,2
2026-05-28,600036,14:30:16,37.0700,44,1
2026-05-28,600036,14:30:19,37.0700,15,1
2026-05-28,600036,14:30:22,37.0700,179,1
2026-05-28,600036,14:30:25,37.0700,84,1
2026-05-28,600036,14:30:28,37.0700,607,1
2026-05-28,600036,14:30:31,37.0700,77,2
2026-05-28,600036,14:30:34,37.0800,23,1
2026-05-28,600036,14:30:37,37.0700,12,2
2026-05-28,600036,14:30:40,37.0800,36,1
2026-05-28,600036,14:30:43,37.0700,89,2
2026-05-28,600036,14:30:46,37.0600,2941,2
2026-05-28,600036,14:30:49,37.0600,85,1
2026-05-28,600036,14:30:52,37.0700,32,1
2026-05-28,600036,14:30:55,37.0700,1,1
2026-05-28,600036,14:30:58,37.0700,13,1
2026-05-28,600036,14:31:01,37.0700,2,1
2026-05-28,600036,14:31:04,37.0600,40,2
2026-05-28,600036,14:31:07,37.0700,170,1
2026-05-28,600036,14:31:10,37.0600,57,2
2026-05-28,600036,14:31:13,37.0600,47,2
2026-05-28,600036,14:31:16,37.0700,46,1
2026-05-28,600036,14:31:19,37.0700,5,1
2026-05-28,600036,14:31:22,37.0700,41,1
2026-05-28,600036,14:31:25,37.0700,22,1
2026-05-28,600036,14:31:28,37.0600,18,2
2026-05-28,600036,14:31:31,37.0600,31,2
2026-05-28,600036,14:31:34,37.0600,3,2
2026-05-28,600036,14:31:37,37.0700,17,1
2026-05-28,600036,14:31:40,37.0700,128,1
2026-05-28,600036,14:31:43,37.0700,106,1
2026-05-28,600036,14:31:46,37.0700,21,1
2026-05-28,600036,14:31:49,37.0700,1,1
2026-05-28,600036,14:31:52,37.0700,6,1
2026-05-28,600036,14:31:55,37.0700,24,1
2026-05-28,600036,14:31:58,37.0700,30,1
2026-05-28,600036,14:32:01,37.0700,130,1
2026-05-28,600036,14:32:04,37.0700,380,1
2026-05-28,600036,14:32:07,37.0700,22,1
2026-05-28,600036,14:32:10,37.0700,45,1
2026-05-28,600036,14:32:13,37.0700,10,1
2026-05-28,600036,14:32:16,37.0700,263,1
2026-05-28,600036,14:32:19,37.0700,47,1
2026-05-28,600036,14:32:22,37.0700,9,1
2026-05-28,600036,14:32:25,37.0700,86,1
2026-05-28,600036,14:32:28,37.0700,62,1
2026-05-28,600036,14:32:31,37.0700,46,1
2026-05-28,600036,14:32:34,37.0700,20,1
2026-05-28,600036,14:32:37,37.0700,35,1
2026-05-28,600036,14:32:40,37.0700,11,1
2026-05-28,600036,14:32:43,37.0700,6,1
2026-05-28,600036,14:32:46,37.0600,334,2
2026-05-28,600036,14:32:49,37.0600,12,2
2026-05-28,600036,14:32:52,37.0600,39,2
2026-05-28,600036,14:32:55,37.0700,13,1
2026-05-28,600036,14:32:58,37.0600,28,2
2026-05-28,600036,14:33:01,37.0600,587,2
2026-05-28,600036,14:33:04,37.0600,54,2
2026-05-28,600036,14:33:07,37.0600,17,2
2026-05-28,600036,14:33:10,37.0600,565,2
2026-05-28,600036,14:33:13,37.0600,157,2
2026-05-28,600036,14:33:16,37.0600,35,2
2026-05-28,600036,14:33:19,37.0600,15,2
2026-05-28,600036,14:33:22,37.0600,183,2
2026-05-28,600036,14:33:25,37.0600,34,2
2026-05-28,600036,14:33:28,37.0700,84,1
2026-05-28,600036,14:33:31,37.0700,43,1
2026-05-28,600036,14:33:34,37.0600,69,2
2026-05-28,600036,14:33:37,37.0600,292,2
2026-05-28,600036,14:33:40,37.0600,61,2
2026-05-28,600036,14:33:43,37.0600,34,2
2026-05-28,600036,14:33:46,37.0600,94,2
2026-05-28,600036,14:33:49,37.0700,14,1
2026-05-28,600036,14:33:52,37.0700,12,1
2026-05-28,600036,14:33:55,37.0700,171,1
2026-05-28,600036,14:33:58,37.0700,34,1
2026-05-28,600036,14:34:01,37.0700,80,1
2026-05-28,600036,14:34:04,37.0700,495,1
2026-05-28,600036,14:34:07,37.0700,14,1
2026-05-28,600036,14:34:10,37.0700,3,1
2026-05-28,600036,14:34:14,37.0700,118,1
2026-05-28,600036,14:34:16,37.0700,369,1
2026-05-28,600036,14:34:19,37.0700,28,1
2026-05-28,600036,14:34:22,37.0700,4,1
2026-05-28,600036,14:34:25,37.0600,94,2
2026-05-28,600036,14:34:28,37.0700,4,1
2026-05-28,600036,14:34:31,37.0700,21,1
2026-05-28,600036,14:34:34,37.0600,46,2
2026-05-28,600036,14:34:37,37.0700,20,1
2026-05-28,600036,14:34:40,37.0600,103,2
2026-05-28,600036,14:34:43,37.0700,35,1
2026-05-28,600036,14:34:46,37.0700,68,1
2026-05-28,600036,14:34:49,37.0700,57,1
2026-05-28,600036,14:34:52,37.0700,86,1
2026-05-28,600036,14:34:55,37.0700,27,1
2026-05-28,600036,14:34:58,37.0600,53,2
2026-05-28,600036,14:35:01,37.0600,6,2
2026-05-28,600036,14:35:04,37.0700,30,1
2026-05-28,600036,14:35:07,37.0700,118,1
2026-05-28,600036,14:35:10,37.0600,155,2
2026-05-28,600036,14:35:13,37.0700,27,1
2026-05-28,600036,14:35:16,37.0700,90,1
2026-05-28,600036,14:35:19,37.0700,24,1
2026-05-28,600036,14:35:22,37.0700,19,1
2026-05-28,600036,14:35:25,37.0700,13,1
2026-05-28,600036,14:35:28,37.0600,1,2
2026-05-28,600036,14:35:31,37.0700,41,1
2026-05-28,600036,14:35:34,37.0700,108,1
2026-05-28,600036,14:35:37,37.0700,162,1
2026-05-28,600036,14:35:40,37.0600,30,2
2026-05-28,600036,14:35:43,37.0700,9,1
2026-05-28,600036,14:35:46,37.0700,116,1
2026-05-28,600036,14:35:49,37.0700,213,1
2026-05-28,600036,14:35:52,37.0700,81,1
2026-05-28,600036,14:35:55,37.0800,953,1
2026-05-28,600036,14:35:58,37.0700,58,2
2026-05-28,600036,14:36:01,37.0700,88,2
2026-05-28,600036,14:36:04,37.0700,105,1
2026-05-28,600036,14:36:07,37.0700,160,2
2026-05-28,600036,14:36:10,37.0800,320,1
2026-05-28,600036,14:36:13,37.0700,21,2
2026-05-28,600036,14:36:16,37.0700,6,2
2026-05-28,600036,14:36:19,37.0700,136,2
2026-05-28,600036,14:36:22,37.0700,16,2
2026-05-28,600036,14:36:25,37.0800,49,1
2026-05-28,600036,14:36:28,37.0800,45,1
2026-05-28,600036,14:36:31,37.0800,113,1
2026-05-28,600036,14:36:34,37.0700,92,2
2026-05-28,600036,14:36:37,37.0800,14,1
2026-05-28,600036,14:36:40,37.0800,54,1
2026-05-28,600036,14:36:43,37.0700,185,2
2026-05-28,600036,14:36:46,37.0800,36,1
2026-05-28,600036,14:36:49,37.0800,43,1
2026-05-28,600036,14:36:52,37.0800,54,1
2026-05-28,600036,14:36:55,37.0700,79,2
2026-05-28,600036,14:36:58,37.0700,221,2
2026-05-28,600036,14:37:01,37.0700,31,2
2026-05-28,600036,14:37:04,37.0700,11,2
2026-05-28,600036,14:37:07,37.0700,76,2
2026-05-28,600036,14:37:10,37.0700,16,2
2026-05-28,600036,14:37:13,37.0800,31,1
2026-05-28,600036,14:37:16,37.0800,2,1
2026-05-28,600036,14:37:19,37.0800,284,1
2026-05-28,600036,14:37:22,37.0800,36,1
2026-05-28,600036,14:37:25,37.0800,5,1
2026-05-28,600036,14:37:28,37.0800,340,1
2026-05-28,600036,14:37:31,37.0700,32,2
2026-05-28,600036,14:37:34,37.0700,4,2
2026-05-28,600036,14:37:37,37.0800,28,1
2026-05-28,600036,14:37:40,37.0800,11,1
2026-05-28,600036,14:37:43,37.0700,24,2
2026-05-28,600036,14:37:46,37.0800,22,1
2026-05-28,600036,14:37:49,37.0700,15,2
2026-05-28,600036,14:37:52,37.0800,48,1
2026-05-28,600036,14:37:55,37.0800,75,1
2026-05-28,600036,14:37:58,37.0800,104,1
2026-05-28,600036,14:38:01,37.0800,160,1
2026-05-28,600036,14:38:04,37.0800,53,1
2026-05-28,600036,14:38:07,37.0800,19,1
2026-05-28,600036,14:38:10,37.0800,39,1
2026-05-28,600036,14:38:13,37.0800,175,1
2026-05-28,600036,14:38:16,37.0800,177,1
2026-05-28,600036,14:38:19,37.0700,107,2
2026-05-28,600036,14:38:22,37.0700,31,2
2026-05-28,600036,14:38:25,37.0700,44,2
2026-05-28,600036,14:38:28,37.0700,8,2
2026-05-28,600036,14:38:31,37.0700,22,2
2026-05-28,600036,14:38:34,37.0800,342,1
2026-05-28,600036,14:38:37,37.0800,5,1
2026-05-28,600036,14:38:40,37.0700,49,2
2026-05-28,600036,14:38:43,37.0700,70,2
2026-05-28,600036,14:38:46,37.0800,18,1
2026-05-28,600036,14:38:49,37.0800,75,1
2026-05-28,600036,14:38:52,37.0700,36,2
2026-05-28,600036,14:38:55,37.0700,31,2
2026-05-28,600036,14:38:58,37.0800,66,1
2026-05-28,600036,14:39:01,37.0800,47,1
2026-05-28,600036,14:39:04,37.0700,205,2
2026-05-28,600036,14:39:07,37.0700,66,2
2026-05-28,600036,14:39:10,37.0700,45,2
2026-05-28,600036,14:39:13,37.0800,19,1
2026-05-28,600036,14:39:16,37.0800,66,1
2026-05-28,600036,14:39:19,37.0800,64,1
2026-05-28,600036,14:39:22,37.0700,90,2
2026-05-28,600036,14:39:25,37.0700,42,2
2026-05-28,600036,14:39:28,37.0700,297,2
2026-05-28,600036,14:39:31,37.0700,14,2
2026-05-28,600036,14:39:34,37.0800,61,1
2026-05-28,600036,14:39:37,37.0800,404,1
2026-05-28,600036,14:39:40,37.0800,117,1
2026-05-28,600036,14:39:43,37.0800,121,1
2026-05-28,600036,14:39:46,37.0700,69,2
2026-05-28,600036,14:39:49,37.0800,59,1
2026-05-28,600036,14:39:52,37.0700,86,2
2026-05-28,600036,14:39:55,37.0800,192,1
2026-05-28,600036,14:39:58,37.0800,27,1
2026-05-28,600036,14:40:01,37.0700,30,2
2026-05-28,600036,14:40:04,37.0700,28,2
2026-05-28,600036,14:40:07,37.0800,12,1
2026-05-28,600036,14:40:10,37.0700,137,2
2026-05-28,600036,14:40:13,37.0800,80,1
2026-05-28,600036,14:40:16,37.0800,37,1
2026-05-28,600036,14:40:19,37.0800,30,1
2026-05-28,600036,14:40:22,37.0700,83,2
2026-05-28,600036,14:40:25,37.0800,65,1
2026-05-28,600036,14:40:28,37.0800,58,1
2026-05-28,600036,14:40:31,37.0800,50,1
2026-05-28,600036,14:40:34,37.0700,21,2
2026-05-28,600036,14:40:37,37.0800,158,1
2026-05-28,600036,14:40:40,37.0800,20,1
2026-05-28,600036,14:40:43,37.0800,55,1
2026-05-28,600036,14:40:46,37.0800,133,1
2026-05-28,600036,14:40:49,37.0800,19,1
2026-05-28,600036,14:40:52,37.0800,129,1
2026-05-28,600036,14:40:55,37.0700,177,2
2026-05-28,600036,14:40:58,37.0800,137,1
2026-05-28,600036,14:41:01,37.0700,84,2
2026-05-28,600036,14:41:04,37.0800,242,1
2026-05-28,600036,14:41:07,37.0800,47,1
2026-05-28,600036,14:41:10,37.0800,165,1
2026-05-28,600036,14:41:13,37.0800,161,1
2026-05-28,600036,14:41:16,37.0800,22,1
2026-05-28,600036,14:41:19,37.0800,139,1
2026-05-28,600036,14:41:22,37.0800,68,1
2026-05-28,600036,14:41:25,37.0800,48,1
2026-05-28,600036,14:41:28,37.0800,673,1
2026-05-28,600036,14:41:31,37.0800,34,1
2026-05-28,600036,14:41:34,37.0700,248,2
2026-05-28,600036,14:41:37,37.0700,51,2
2026-05-28,600036,14:41:40,37.0800,120,1
2026-05-28,600036,14:41:43,37.0800,65,1
2026-05-28,600036,14:41:46,37.0800,221,1
2026-05-28,600036,14:41:49,37.0800,184,1
2026-05-28,600036,14:41:52,37.0800,111,2
2026-05-28,600036,14:41:55,37.0800,47,2
2026-05-28,600036,14:41:58,37.0900,44,1
2026-05-28,600036,14:42:01,37.0900,45,1
2026-05-28,600036,14:42:04,37.0900,28,1
2026-05-28,600036,14:42:07,37.0900,38,1
2026-05-28,600036,14:42:10,37.0800,277,2
2026-05-28,600036,14:42:13,37.0800,29,2
2026-05-28,600036,14:42:16,37.0900,136,1
2026-05-28,600036,14:42:19,37.0900,26,1
2026-05-28,600036,14:42:22,37.0800,55,2
2026-05-28,600036,14:42:25,37.0800,67,2
2026-05-28,600036,14:42:28,37.0900,78,1
2026-05-28,600036,14:42:31,37.0900,122,1
2026-05-28,600036,14:42:34,37.0800,183,2
2026-05-28,600036,14:42:37,37.0900,22,1
2026-05-28,600036,14:42:40,37.0800,76,2
2026-05-28,600036,14:42:43,37.0800,45,2
2026-05-28,600036,14:42:46,37.0800,84,2
2026-05-28,600036,14:42:49,37.0800,273,2
2026-05-28,600036,14:42:52,37.0800,2723,2
2026-05-28,600036,14:42:55,37.0800,229,2
2026-05-28,600036,14:42:58,37.0800,253,2
2026-05-28,600036,14:43:01,37.0900,88,1
2026-05-28,600036,14:43:04,37.0900,27,1
2026-05-28,600036,14:43:07,37.0800,29,2
2026-05-28,600036,14:43:10,37.0800,65,2
2026-05-28,600036,14:43:13,37.0700,730,2
2026-05-28,600036,14:43:16,37.0800,229,1
2026-05-28,600036,14:43:19,37.0800,82,1
2026-05-28,600036,14:43:22,37.0800,14,1
2026-05-28,600036,14:43:25,37.0700,173,2
2026-05-28,600036,14:43:28,37.0800,93,1
2026-05-28,600036,14:43:31,37.0800,127,1
2026-05-28,600036,14:43:34,37.0700,125,2
2026-05-28,600036,14:43:37,37.0700,77,2
2026-05-28,600036,14:43:40,37.0800,366,1
2026-05-28,600036,14:43:43,37.0700,17,2
2026-05-28,600036,14:43:46,37.0700,34,2
2026-05-28,600036,14:43:49,37.0800,32,1
2026-05-28,600036,14:43:52,37.0800,36,1
2026-05-28,600036,14:43:55,37.0800,93,1
2026-05-28,600036,14:43:58,37.0800,164,1
2026-05-28,600036,14:44:01,37.0800,181,1
2026-05-28,600036,14:44:04,37.0800,357,1
2026-05-28,600036,14:44:07,37.0700,147,2
2026-05-28,600036,14:44:10,37.0700,82,2
2026-05-28,600036,14:44:13,37.0700,69,2
2026-05-28,600036,14:44:16,37.0800,87,1
2026-05-28,600036,14:44:19,37.0800,22,1
2026-05-28,600036,14:44:22,37.0800,35,1
2026-05-28,600036,14:44:25,37.0800,206,1
2026-05-28,600036,14:44:28,37.0700,38,2
2026-05-28,600036,14:44:31,37.0700,91,2
2026-05-28,600036,14:44:34,37.0800,156,1
2026-05-28,600036,14:44:37,37.0700,57,2
2026-05-28,600036,14:44:40,37.0800,51,1
2026-05-28,600036,14:44:43,37.0700,52,2
2026-05-28,600036,14:44:46,37.0700,51,2
2026-05-28,600036,14:44:49,37.0700,81,2
2026-05-28,600036,14:44:52,37.0800,130,1
2026-05-28,600036,14:44:55,37.0800,88,1
2026-05-28,600036,14:44:58,37.0800,75,1
2026-05-28,600036,14:45:01,37.0700,274,2
2026-05-28,600036,14:45:04,37.0700,461,2
2026-05-28,600036,14:45:07,37.0700,155,2
2026-05-28,600036,14:45:10,37.0700,51,2
2026-05-28,600036,14:45:13,37.0800,20,1
2026-05-28,600036,14:45:16,37.0800,476,1
2026-05-28,600036,14:45:19,37.0700,152,2
2026-05-28,600036,14:45:22,37.0700,21,2
2026-05-28,600036,14:45:25,37.0700,394,2
2026-05-28,600036,14:45:28,37.0800,575,1
2026-05-28,600036,14:45:31,37.0700,232,2
2026-05-28,600036,14:45:34,37.0700,289,2
2026-05-28,600036,14:45:37,37.0800,79,1
2026-05-28,600036,14:45:40,37.0800,128,2
2026-05-28,600036,14:45:43,37.0700,148,2
2026-05-28,600036,14:45:46,37.0800,367,1
2026-05-28,600036,14:45:49,37.0800,69,4
2026-05-28,600036,14:45:52,37.0700,123,2
2026-05-28,600036,14:45:55,37.0800,150,1
2026-05-28,600036,14:45:58,37.0800,213,1
2026-05-28,600036,14:46:01,37.0700,407,2
2026-05-28,600036,14:46:04,37.0800,105,1
2026-05-28,600036,14:46:07,37.0800,308,1
2026-05-28,600036,14:46:10,37.0800,171,1
2026-05-28,600036,14:46:13,37.0800,120,1
2026-05-28,600036,14:46:16,37.0800,50,1
2026-05-28,600036,14:46:19,37.0800,18,1
2026-05-28,600036,14:46:22,37.0800,156,1
2026-05-28,600036,14:46:25,37.0800,141,1
2026-05-28,600036,14:46:28,37.0800,731,1
2026-05-28,600036,14:46:31,37.0800,89,1
2026-05-28,600036,14:46:34,37.0800,317,1
2026-05-28,600036,14:46:37,37.0800,94,1
2026-05-28,600036,14:46:40,37.0800,47,1
2026-05-28,600036,14:46:43,37.0800,29,1
2026-05-28,600036,14:46:46,37.0800,100,1
2026-05-28,600036,14:46:49,37.0800,157,1
2026-05-28,600036,14:46:52,37.0800,62,1
2026-05-28,600036,14:46:55,37.0800,53,4
2026-05-28,600036,14:46:58,37.0900,592,1
2026-05-28,600036,14:47:01,37.0900,407,1
2026-05-28,600036,14:47:04,37.0900,119,1
2026-05-28,600036,14:47:07,37.0900,231,1
2026-05-28,600036,14:47:10,37.0800,134,2
2026-05-28,600036,14:47:13,37.0900,132,1
2026-05-28,600036,14:47:16,37.0800,24,2
2026-05-28,600036,14:47:19,37.0900,11,1
2026-05-28,600036,14:47:22,37.0900,21,1
2026-05-28,600036,14:47:25,37.0900,144,1
2026-05-28,600036,14:47:28,37.0900,22,1
2026-05-28,600036,14:47:31,37.0800,13,2
2026-05-28,600036,14:47:34,37.0800,53,2
2026-05-28,600036,14:47:37,37.0900,76,1
2026-05-28,600036,14:47:40,37.0900,165,1
2026-05-28,600036,14:47:43,37.0900,52,1
2026-05-28,600036,14:47:46,37.0900,103,1
2026-05-28,600036,14:47:49,37.0900,51,1
2026-05-28,600036,14:47:52,37.0900,150,1
2026-05-28,600036,14:47:55,37.0900,6,1
2026-05-28,600036,14:47:58,37.0900,29,1
2026-05-28,600036,14:48:01,37.0900,96,1
2026-05-28,600036,14:48:04,37.0800,20,2
2026-05-28,600036,14:48:07,37.0800,115,2
2026-05-28,600036,14:48:10,37.0900,33,1
2026-05-28,600036,14:48:13,37.0800,196,2
2026-05-28,600036,14:48:16,37.0900,31,1
2026-05-28,600036,14:48:19,37.0800,83,2
2026-05-28,600036,14:48:22,37.0900,9,1
2026-05-28,600036,14:48:25,37.0900,96,1
2026-05-28,600036,14:48:28,37.0900,29,1
2026-05-28,600036,14:48:31,37.0900,36,1
2026-05-28,600036,14:48:34,37.0800,51,2
2026-05-28,600036,14:48:37,37.0800,60,2
2026-05-28,600036,14:48:40,37.0900,183,1
2026-05-28,600036,14:48:43,37.0800,9,2
2026-05-28,600036,14:48:46,37.0900,161,1
2026-05-28,600036,14:48:49,37.0800,92,2
2026-05-28,600036,14:48:52,37.0900,72,1
2026-05-28,600036,14:48:55,37.0900,124,1
2026-05-28,600036,14:48:58,37.0900,113,1
2026-05-28,600036,14:49:01,37.0800,1228,2
2026-05-28,600036,14:49:04,37.0900,435,1
2026-05-28,600036,14:49:07,37.0900,466,1
2026-05-28,600036,14:49:10,37.0800,85,2
2026-05-28,600036,14:49:13,37.0800,66,2
2026-05-28,600036,14:49:16,37.0900,1000,1
2026-05-28,600036,14:49:19,37.0800,34,2
2026-05-28,600036,14:49:22,37.0900,91,1
2026-05-28,600036,14:49:25,37.0900,23,1
2026-05-28,600036,14:49:28,37.0900,96,1
2026-05-28,600036,14:49:31,37.0900,2251,1
2026-05-28,600036,14:49:34,37.0800,210,2
2026-05-28,600036,14:49:37,37.0900,83,1
2026-05-28,600036,14:49:40,37.0900,17,1
2026-05-28,600036,14:49:43,37.0900,100,1
2026-05-28,600036,14:49:46,37.0900,84,1
2026-05-28,600036,14:49:49,37.0800,99,2
2026-05-28,600036,14:49:52,37.0900,172,1
2026-05-28,600036,14:49:55,37.0900,9,1
2026-05-28,600036,14:49:58,37.1000,158,1
2026-05-28,600036,14:50:01,37.0900,326,1
2026-05-28,600036,14:50:04,37.0800,97,2
2026-05-28,600036,14:50:07,37.0900,168,1
2026-05-28,600036,14:50:10,37.1000,105,1
2026-05-28,600036,14:50:13,37.1000,93,1
2026-05-28,600036,14:50:16,37.1000,107,1
2026-05-28,600036,14:50:19,37.1000,22,1
2026-05-28,600036,14:50:22,37.1000,94,1
2026-05-28,600036,14:50:25,37.1000,72,1
2026-05-28,600036,14:50:28,37.0900,57,2
2026-05-28,600036,14:50:31,37.1000,58,1
2026-05-28,600036,14:50:34,37.1000,55,1
2026-05-28,600036,14:50:37,37.1000,14,1
2026-05-28,600036,14:50:40,37.1000,137,1
2026-05-28,600036,14:50:43,37.0900,22,2
2026-05-28,600036,14:50:46,37.1000,52,1
2026-05-28,600036,14:50:49,37.0900,125,2
2026-05-28,600036,14:50:52,37.0900,636,2
2026-05-28,600036,14:50:55,37.0900,75,2
2026-05-28,600036,14:50:58,37.0900,92,2
2026-05-28,600036,14:51:01,37.0900,83,2
2026-05-28,600036,14:51:04,37.0900,495,2
2026-05-28,600036,14:51:07,37.1000,348,1
2026-05-28,600036,14:51:10,37.0900,243,2
2026-05-28,600036,14:51:13,37.0900,740,4
2026-05-28,600036,14:51:16,37.0800,272,2
2026-05-28,600036,14:51:19,37.0800,162,2
2026-05-28,600036,14:51:22,37.0900,406,1
2026-05-28,600036,14:51:25,37.0900,48,1
2026-05-28,600036,14:51:28,37.0800,329,2
2026-05-28,600036,14:51:31,37.0900,349,1
2026-05-28,600036,14:51:34,37.0800,842,2
2026-05-28,600036,14:51:37,37.0900,638,1
2026-05-28,600036,14:51:40,37.0800,326,2
2026-05-28,600036,14:51:43,37.0700,320,2
2026-05-28,600036,14:51:46,37.0800,269,1
2026-05-28,600036,14:51:49,37.0800,90,1
2026-05-28,600036,14:51:52,37.0800,301,1
2026-05-28,600036,14:51:55,37.0800,113,1
2026-05-28,600036,14:51:58,37.0800,297,1
2026-05-28,600036,14:52:01,37.0800,83,1
2026-05-28,600036,14:52:04,37.0800,290,1
2026-05-28,600036,14:52:07,37.0700,171,2
2026-05-28,600036,14:52:10,37.0800,422,1
2026-05-28,600036,14:52:13,37.0800,513,1
2026-05-28,600036,14:52:16,37.0800,78,4
2026-05-28,600036,14:52:19,37.0900,64,1
2026-05-28,600036,14:52:22,37.0900,4,1
2026-05-28,600036,14:52:25,37.0900,107,1
2026-05-28,600036,14:52:28,37.0800,46,2
2026-05-28,600036,14:52:31,37.0800,54,2
2026-05-28,600036,14:52:34,37.0800,100,2
2026-05-28,600036,14:52:37,37.0900,222,1
2026-05-28,600036,14:52:40,37.0900,21,1
2026-05-28,600036,14:52:43,37.0900,89,1
2026-05-28,600036,14:52:46,37.0800,131,2
2026-05-28,600036,14:52:49,37.0800,16,2
2026-05-28,600036,14:52:52,37.0800,239,2
2026-05-28,600036,14:52:55,37.0800,54,2
2026-05-28,600036,14:52:58,37.0900,192,1
2026-05-28,600036,14:53:01,37.0800,69,2
2026-05-28,600036,14:53:04,37.0900,69,1
2026-05-28,600036,14:53:07,37.0800,229,2
2026-05-28,600036,14:53:10,37.0900,182,1
2026-05-28,600036,14:53:13,37.0900,37,1
2026-05-28,600036,14:53:16,37.0800,157,2
2026-05-28,600036,14:53:19,37.0900,830,1
2026-05-28,600036,14:53:22,37.0900,391,1
2026-05-28,600036,14:53:25,37.0900,45,1
2026-05-28,600036,14:53:28,37.0900,44,1
2026-05-28,600036,14:53:31,37.0800,125,2
2026-05-28,600036,14:53:34,37.0800,45,2
2026-05-28,600036,14:53:37,37.0900,239,1
2026-05-28,600036,14:53:40,37.0800,163,2
2026-05-28,600036,14:53:43,37.0800,1907,2
2026-05-28,600036,14:53:46,37.0800,35,2
2026-05-28,600036,14:53:49,37.0800,171,2
2026-05-28,600036,14:53:52,37.0900,89,1
2026-05-28,600036,14:53:55,37.0800,63,2
2026-05-28,600036,14:53:58,37.0800,38,2
2026-05-28,600036,14:54:01,37.0900,124,1
2026-05-28,600036,14:54:04,37.0900,99,1
2026-05-28,600036,14:54:07,37.0900,28,1
2026-05-28,600036,14:54:10,37.0800,93,2
2026-05-28,600036,14:54:13,37.0800,170,2
2026-05-28,600036,14:54:16,37.0800,101,2
2026-05-28,600036,14:54:19,37.0900,76,1
2026-05-28,600036,14:54:22,37.0800,32,2
2026-05-28,600036,14:54:25,37.0800,60,2
2026-05-28,600036,14:54:28,37.0900,99,1
2026-05-28,600036,14:54:31,37.0800,6,2
2026-05-28,600036,14:54:34,37.0800,94,2
2026-05-28,600036,14:54:37,37.0900,890,1
2026-05-28,600036,14:54:40,37.0800,219,2
2026-05-28,600036,14:54:43,37.0900,473,1
2026-05-28,600036,14:54:46,37.0800,262,2
2026-05-28,600036,14:54:49,37.0900,107,1
2026-05-28,600036,14:54:52,37.0900,35,1
2026-05-28,600036,14:54:55,37.0900,9,1
2026-05-28,600036,14:54:58,37.0800,137,2
2026-05-28,600036,14:55:01,37.0900,112,1
2026-05-28,600036,14:55:04,37.0900,227,1
2026-05-28,600036,14:55:07,37.0800,91,2
2026-05-28,600036,14:55:10,37.0900,57,1
2026-05-28,600036,14:55:13,37.0800,58,2
2026-05-28,600036,14:55:16,37.0800,125,2
2026-05-28,600036,14:55:19,37.0900,197,1
2026-05-28,600036,14:55:22,37.0800,143,2
2026-05-28,600036,14:55:25,37.0800,77,2
2026-05-28,600036,14:55:28,37.0900,90,1
2026-05-28,600036,14:55:31,37.0800,292,2
2026-05-28,600036,14:55:35,37.0800,1002,2
2026-05-28,600036,14:55:37,37.0900,448,1
2026-05-28,600036,14:55:40,37.0800,95,2
2026-05-28,600036,14:55:43,37.0800,95,2
2026-05-28,600036,14:55:46,37.0800,121,2
2026-05-28,600036,14:55:49,37.0800,34,2
2026-05-28,600036,14:55:52,37.0800,82,2
2026-05-28,600036,14:55:55,37.0900,42,1
2026-05-28,600036,14:55:58,37.0900,84,1
2026-05-28,600036,14:56:01,37.0900,48,1
2026-05-28,600036,14:56:04,37.0900,610,1
2026-05-28,600036,14:56:07,37.0900,189,1
2026-05-28,600036,14:56:10,37.0900,360,2
2026-05-28,600036,14:56:13,37.0900,93,1
2026-05-28,600036,14:56:16,37.0900,347,2
2026-05-28,600036,14:56:19,37.1000,110,1
2026-05-28,600036,14:56:22,37.1000,94,1
2026-05-28,600036,14:56:25,37.1000,44,1
2026-05-28,600036,14:56:28,37.1000,251,1
2026-05-28,600036,14:56:31,37.0900,232,2
2026-05-28,600036,14:56:34,37.0900,58,2
2026-05-28,600036,14:56:37,37.0900,141,2
2026-05-28,600036,14:56:40,37.0900,129,2
2026-05-28,600036,14:56:43,37.1000,186,1
2026-05-28,600036,14:56:46,37.1000,85,1
2026-05-28,600036,14:56:49,37.1000,56,1
2026-05-28,600036,14:56:52,37.0900,46,2
2026-05-28,600036,14:56:55,37.1000,56,1
2026-05-28,600036,14:56:58,37.1000,217,1
2026-05-28,600036,14:57:01,37.0900,6,2
2026-05-28,600036,15:00:02,37.1200,9910,4
2026-05-28,600036,13:16:16,37.0600,79,1
2026-05-28,600036,13:16:19,37.0500,58,2
2026-05-28,600036,13:16:22,37.0600,142,1
2026-05-28,600036,13:16:25,37.0600,54,1
2026-05-28,600036,13:16:28,37.0600,142,1
2026-05-28,600036,13:16:31,37.0500,54,2
2026-05-28,600036,13:16:34,37.0500,67,2
2026-05-28,600036,13:16:37,37.0500,43,2
2026-05-28,600036,13:16:40,37.0500,21,2
2026-05-28,600036,13:16:44,37.0500,75,2
2026-05-28,600036,13:16:46,37.0600,225,1
2026-05-28,600036,13:16:49,37.0600,46,1
2026-05-28,600036,13:16:52,37.0500,24,2
2026-05-28,600036,13:16:55,37.0500,603,2
2026-05-28,600036,13:16:58,37.0600,271,1
2026-05-28,600036,13:17:01,37.0600,43,1
2026-05-28,600036,13:17:04,37.0600,77,1
2026-05-28,600036,13:17:07,37.0600,236,1
2026-05-28,600036,13:17:10,37.0600,76,1
2026-05-28,600036,13:17:13,37.0700,10,1
2026-05-28,600036,13:17:16,37.0600,23,2
2026-05-28,600036,13:17:19,37.0600,481,2
2026-05-28,600036,13:17:22,37.0600,66,1
2026-05-28,600036,13:17:25,37.0600,122,1
2026-05-28,600036,13:17:28,37.0600,130,1
2026-05-28,600036,13:17:31,37.0600,27,1
2026-05-28,600036,13:17:34,37.0600,105,1
2026-05-28,600036,13:17:37,37.0600,74,1
2026-05-28,600036,13:17:40,37.0600,9,2
2026-05-28,600036,13:17:43,37.0600,392,2
2026-05-28,600036,13:17:46,37.0600,62,2
2026-05-28,600036,13:17:49,37.0600,96,2
2026-05-28,600036,13:17:52,37.0600,46,1
2026-05-28,600036,13:17:55,37.0500,167,2
2026-05-28,600036,13:17:58,37.0600,20,1
2026-05-28,600036,13:18:01,37.0600,160,1
2026-05-28,600036,13:18:04,37.0600,86,1
2026-05-28,600036,13:18:07,37.0600,160,2
2026-05-28,600036,13:18:10,37.0600,140,2
2026-05-28,600036,13:18:13,37.0600,104,1
2026-05-28,600036,13:18:16,37.0600,34,1
2026-05-28,600036,13:18:19,37.0600,58,1
2026-05-28,600036,13:18:22,37.0600,20,1
2026-05-28,600036,13:18:25,37.0600,25,1
2026-05-28,600036,13:18:28,37.0600,152,1
2026-05-28,600036,13:18:31,37.0500,91,2
2026-05-28,600036,13:18:34,37.0600,164,1
2026-05-28,600036,13:18:37,37.0600,124,1
2026-05-28,600036,13:18:40,37.0600,56,1
2026-05-28,600036,13:18:44,37.0600,20,1
2026-05-28,600036,13:18:46,37.0600,183,1
2026-05-28,600036,13:18:49,37.0600,79,1
2026-05-28,600036,13:18:52,37.0600,109,1
2026-05-28,600036,13:18:55,37.0600,96,1
2026-05-28,600036,13:18:58,37.0500,24,2
2026-05-28,600036,13:19:01,37.0600,63,1
2026-05-28,600036,13:19:04,37.0600,230,1
2026-05-28,600036,13:19:07,37.0600,51,2
2026-05-28,600036,13:19:10,37.0600,23,2
2026-05-28,600036,13:19:13,37.0600,13,2
2026-05-28,600036,13:19:16,37.0700,18,1
2026-05-28,600036,13:19:19,37.0600,16,2
2026-05-28,600036,13:19:22,37.0600,43,2
2026-05-28,600036,13:19:25,37.0400,11849,2
2026-05-28,600036,13:19:28,37.0400,352,1
2026-05-28,600036,13:19:31,37.0400,632,1
2026-05-28,600036,13:19:34,37.0400,146,1
2026-05-28,600036,13:19:37,37.0400,77,1
2026-05-28,600036,13:19:40,37.0300,21,2
2026-05-28,600036,13:19:43,37.0400,46,1
2026-05-28,600036,13:19:46,37.0300,25,2
2026-05-28,600036,13:19:49,37.0300,133,2
2026-05-28,600036,13:19:52,37.0400,147,1
2026-05-28,600036,13:19:55,37.0400,80,1
2026-05-28,600036,13:19:58,37.0500,48,1
2026-05-28,600036,13:20:01,37.0400,7,2
2026-05-28,600036,13:20:04,37.0400,91,2
2026-05-28,600036,13:20:07,37.0500,188,1
2026-05-28,600036,13:20:10,37.0500,1,1
2026-05-28,600036,13:20:13,37.0500,10,1
2026-05-28,600036,13:20:16,37.0400,262,2
2026-05-28,600036,13:20:19,37.0500,59,1
2026-05-28,600036,13:20:22,37.0500,60,1
2026-05-28,600036,13:20:25,37.0400,99,2
2026-05-28,600036,13:20:28,37.0400,259,2
2026-05-28,600036,13:20:31,37.0400,62,1
2026-05-28,600036,13:20:34,37.0300,27,2
2026-05-28,600036,13:20:37,37.0400,17,1
2026-05-28,600036,13:20:40,37.0300,333,2
2026-05-28,600036,13:20:43,37.0400,36,1
2026-05-28,600036,13:20:46,37.0400,67,1
2026-05-28,600036,13:20:49,37.0300,2,2
2026-05-28,600036,13:20:52,37.0300,54,2
2026-05-28,600036,13:20:55,37.0300,44,2
2026-05-28,600036,13:20:58,37.0300,25,2
2026-05-28,600036,13:21:01,37.0300,39,2
2026-05-28,600036,13:21:04,37.0400,17,1
2026-05-28,600036,13:21:07,37.0400,219,1
2026-05-28,600036,13:21:10,37.0400,88,1
2026-05-28,600036,13:21:13,37.0400,5,1
2026-05-28,600036,13:21:16,37.0400,28,1
2026-05-28,600036,13:21:19,37.0300,21,2
2026-05-28,600036,13:21:22,37.0400,13,1
2026-05-28,600036,13:21:25,37.0400,231,1
2026-05-28,600036,13:21:28,37.0400,30,1
2026-05-28,600036,13:21:31,37.0400,32,1
2026-05-28,600036,13:21:34,37.0400,31,1
2026-05-28,600036,13:21:37,37.0400,188,1
2026-05-28,600036,13:21:40,37.0300,309,2
2026-05-28,600036,13:21:43,37.0300,18,2
2026-05-28,600036,13:21:46,37.0400,334,1
2026-05-28,600036,13:21:49,37.0400,29,1
2026-05-28,600036,13:21:52,37.0400,369,1
2026-05-28,600036,13:21:55,37.0400,1,2
2026-05-28,600036,13:21:58,37.0500,103,1
2026-05-28,600036,13:22:01,37.0400,32,2
2026-05-28,600036,13:22:04,37.0500,35,1
2026-05-28,600036,13:22:07,37.0500,110,1
2026-05-28,600036,13:22:11,37.0500,86,1
2026-05-28,600036,13:22:13,37.0500,239,1
2026-05-28,600036,13:22:16,37.0500,142,1
2026-05-28,600036,13:22:19,37.0500,36,1
2026-05-28,600036,13:22:22,37.0500,115,1
2026-05-28,600036,13:22:25,37.0500,27,1
2026-05-28,600036,13:22:28,37.0500,28,1
2026-05-28,600036,13:22:31,37.0500,24,1
2026-05-28,600036,13:22:34,37.0500,34,1
2026-05-28,600036,13:22:37,37.0500,81,1
2026-05-28,600036,13:22:40,37.0500,72,1
2026-05-28,600036,13:22:43,37.0500,83,1
2026-05-28,600036,13:22:46,37.0500,146,1
2026-05-28,600036,13:22:49,37.0400,214,2
2026-05-28,600036,13:22:52,37.0400,1404,2
2026-05-28,600036,13:22:55,37.0400,44,1
2026-05-28,600036,13:22:58,37.0400,36,2
2026-05-28,600036,13:23:01,37.0500,59,1
2026-05-28,600036,13:23:04,37.0500,65,1
2026-05-28,600036,13:23:07,37.0400,53,2
2026-05-28,600036,13:23:10,37.0400,305,2
2026-05-28,600036,13:23:13,37.0400,19,2
2026-05-28,600036,13:23:16,37.0400,50,1
2026-05-28,600036,13:23:19,37.0400,93,1
2026-05-28,600036,13:23:22,37.0400,109,1
2026-05-28,600036,13:23:25,37.0400,227,1
2026-05-28,600036,13:23:28,37.0300,80,2
2026-05-28,600036,13:23:31,37.0300,34,2
2026-05-28,600036,13:23:34,37.0400,81,1
2026-05-28,600036,13:23:37,37.0300,25,2
2026-05-28,600036,13:23:40,37.0300,881,2
2026-05-28,600036,13:23:43,37.0300,144,2
2026-05-28,600036,13:23:46,37.0300,45,2
2026-05-28,600036,13:23:49,37.0400,101,1
2026-05-28,600036,13:23:52,37.0400,30,1
2026-05-28,600036,13:23:55,37.0300,42,2
2026-05-28,600036,13:23:58,37.0400,2,1
2026-05-28,600036,13:24:01,37.0300,133,2
2026-05-28,600036,13:24:04,37.0400,17,1
2026-05-28,600036,13:24:07,37.0400,46,1
2026-05-28,600036,13:24:10,37.0300,45,2
2026-05-28,600036,13:24:13,37.0300,68,2
2026-05-28,600036,13:24:16,37.0400,56,1
2026-05-28,600036,13:24:22,37.0400,8,1
2026-05-28,600036,13:24:25,37.0300,34,2
2026-05-28,600036,13:24:28,37.0300,6,2
2026-05-28,600036,13:24:31,37.0400,45,1
2026-05-28,600036,13:24:34,37.0300,16,2
2026-05-28,600036,13:24:37,37.0400,31,1
2026-05-28,600036,13:24:40,37.0400,551,1
2026-05-28,600036,13:24:43,37.0300,224,2
2026-05-28,600036,13:24:46,37.0300,23,2
2026-05-28,600036,13:24:49,37.0400,40,1
2026-05-28,600036,13:24:52,37.0400,38,1
2026-05-28,600036,13:24:55,37.0400,154,1
2026-05-28,600036,13:24:58,37.0400,38,1
2026-05-28,600036,13:25:01,37.0400,59,1
2026-05-28,600036,13:25:04,37.0400,14,1
2026-05-28,600036,13:25:07,37.0400,84,1
2026-05-28,600036,13:25:10,37.0400,74,1
2026-05-28,600036,13:25:13,37.0400,192,1
2026-05-28,600036,13:25:16,37.0400,2,2
2026-05-28,600036,13:25:19,37.0500,30,1
2026-05-28,600036,13:25:25,37.0500,65,1
2026-05-28,600036,13:25:28,37.0500,1,1
2026-05-28,600036,13:25:31,37.0500,18,1
2026-05-28,600036,13:25:34,37.0500,104,1
2026-05-28,600036,13:25:37,37.0500,23,1
2026-05-28,600036,13:25:40,37.0400,52,2
2026-05-28,600036,13:25:43,37.0500,95,1
2026-05-28,600036,13:25:46,37.0400,49,2
2026-05-28,600036,13:25:49,37.0500,310,1
2026-05-28,600036,13:25:52,37.0400,45,2
2026-05-28,600036,13:25:55,37.0500,26,1
2026-05-28,600036,13:25:58,37.0500,23,1
2026-05-28,600036,13:26:01,37.0500,13,1
2026-05-28,600036,13:26:04,37.0500,84,1
2026-05-28,600036,13:26:07,37.0500,81,1
2026-05-28,600036,13:26:10,37.0500,193,1
2026-05-28,600036,13:26:13,37.0500,20,1
2026-05-28,600036,13:26:16,37.0500,59,1
2026-05-28,600036,13:26:19,37.0500,35,1
2026-05-28,600036,13:26:22,37.0500,498,1
2026-05-28,600036,13:26:25,37.0500,49,1
2026-05-28,600036,13:26:28,37.0600,205,1
2026-05-28,600036,13:26:31,37.0600,53,1
2026-05-28,600036,13:26:34,37.0600,12,1
2026-05-28,600036,13:26:37,37.0600,23,1
2026-05-28,600036,13:26:40,37.0600,31,1
2026-05-28,600036,13:26:43,37.0600,50,1
2026-05-28,600036,13:26:46,37.0500,1037,2
2026-05-28,600036,13:26:49,37.0500,108,1
2026-05-28,600036,13:26:52,37.0500,124,4
2026-05-28,600036,13:26:55,37.0500,16,2
2026-05-28,600036,13:26:58,37.0500,5,2
2026-05-28,600036,13:27:01,37.0500,263,2
2026-05-28,600036,13:27:04,37.0600,49,1
2026-05-28,600036,13:27:07,37.0500,74,2
2026-05-28,600036,13:27:10,37.0600,808,1
2026-05-28,600036,13:27:13,37.0500,162,2
2026-05-28,600036,13:27:16,37.0500,28,1
2026-05-28,600036,13:27:19,37.0500,151,1
2026-05-28,600036,13:27:22,37.0500,124,2
2026-05-28,600036,13:27:25,37.0600,51,1
2026-05-28,600036,13:27:28,37.0500,77,4
2026-05-28,600036,13:27:31,37.0500,11,1
2026-05-28,600036,13:27:34,37.0500,46,1
2026-05-28,600036,13:27:37,37.0500,387,1
2026-05-28,600036,13:27:40,37.0400,112,2
2026-05-28,600036,13:27:43,37.0400,13,2
2026-05-28,600036,13:27:46,37.0500,59,1
2026-05-28,600036,13:27:49,37.0500,19,2
2026-05-28,600036,13:27:52,37.0400,155,2
2026-05-28,600036,13:27:55,37.0500,52,2
2026-05-28,600036,13:27:58,37.0500,81,2
2026-05-28,600036,13:28:01,37.0500,64,2
2026-05-28,600036,13:28:04,37.0500,66,2
2026-05-28,600036,13:28:07,37.0500,29,1
2026-05-28,600036,13:28:10,37.0500,100,1
2026-05-28,600036,13:28:13,37.0500,16,1
2026-05-28,600036,13:28:16,37.0500,74,1
2026-05-28,600036,13:28:19,37.0500,185,1
2026-05-28,600036,13:28:22,37.0400,39,2
2026-05-28,600036,13:28:25,37.0500,35,1
2026-05-28,600036,13:28:28,37.0500,144,1
2026-05-28,600036,13:28:31,37.0500,44,1
2026-05-28,600036,13:28:34,37.0400,42,2
2026-05-28,600036,13:28:37,37.0500,74,1
2026-05-28,600036,13:28:40,37.0500,99,1
2026-05-28,600036,13:28:43,37.0500,7,1
2026-05-28,600036,13:28:46,37.0500,119,1
2026-05-28,600036,13:28:49,37.0400,89,2
2026-05-28,600036,13:28:52,37.0600,250,1
2026-05-28,600036,13:28:55,37.0500,7,2
2026-05-28,600036,13:28:58,37.0500,107,2
2026-05-28,600036,13:29:01,37.0600,25,1
2026-05-28,600036,13:29:04,37.0500,52,2
2026-05-28,600036,13:29:07,37.0600,122,1
2026-05-28,600036,13:29:10,37.0500,148,2
2026-05-28,600036,13:29:13,37.0500,75,2
2026-05-28,600036,13:29:16,37.0600,43,1
2026-05-28,600036,13:29:19,37.0500,61,2
2026-05-28,600036,13:29:22,37.0500,4,2
2026-05-28,600036,13:29:25,37.0600,69,1
2026-05-28,600036,13:29:28,37.0600,73,1
2026-05-28,600036,13:29:31,37.0600,84,1
2026-05-28,600036,13:29:34,37.0500,19,2
2026-05-28,600036,13:29:37,37.0500,87,2
2026-05-28,600036,13:29:40,37.0600,215,1
2026-05-28,600036,13:29:43,37.0600,22,1
2026-05-28,600036,13:29:46,37.0600,60,1
2026-05-28,600036,13:29:49,37.0600,23,1
2026-05-28,600036,13:29:52,37.0600,84,1
2026-05-28,600036,13:29:55,37.0600,11,1
2026-05-28,600036,13:29:58,37.0600,41,1
2026-05-28,600036,13:30:01,37.0600,91,1
2026-05-28,600036,13:30:04,37.0700,132,1
2026-05-28,600036,13:30:07,37.0600,101,2
2026-05-28,600036,13:30:10,37.0700,59,1
2026-05-28,600036,13:30:13,37.0700,259,1
2026-05-28,600036,13:30:16,37.0700,18,1
2026-05-28,600036,13:30:19,37.0700,7,1
2026-05-28,600036,13:30:22,37.0700,103,1
2026-05-28,600036,13:30:25,37.0700,143,1
2026-05-28,600036,13:30:28,37.0700,143,1
2026-05-28,600036,13:30:31,37.0700,308,2
2026-05-28,600036,13:30:34,37.0800,13,1
2026-05-28,600036,13:30:37,37.0800,6,1
2026-05-28,600036,13:30:40,37.0700,90,2
2026-05-28,600036,13:30:43,37.0800,38,1
2026-05-28,600036,13:30:46,37.0800,138,1
2026-05-28,600036,13:30:49,37.0700,49,2
2026-05-28,600036,13:30:52,37.0800,105,1
2026-05-28,600036,13:30:55,37.0700,428,2
2026-05-28,600036,13:30:58,37.0800,29,1
2026-05-28,600036,13:31:01,37.0800,289,1
2026-05-28,600036,13:31:04,37.0800,19,1
2026-05-28,600036,13:31:07,37.0800,52,1
2026-05-28,600036,13:31:10,37.0700,531,2
2026-05-28,600036,13:31:13,37.0800,385,1
2026-05-28,600036,13:31:16,37.0800,60,1
2026-05-28,600036,13:31:19,37.0800,5,1
2026-05-28,600036,13:31:22,37.0700,68,2
2026-05-28,600036,13:31:25,37.0700,147,1
2026-05-28,600036,13:31:28,37.0700,1,2
2026-05-28,600036,13:31:31,37.0800,5,1
2026-05-28,600036,13:31:34,37.0800,2,1
2026-05-28,600036,13:31:37,37.0800,33,1
2026-05-28,600036,13:31:40,37.0800,207,1
2026-05-28,600036,13:31:44,37.0800,15,1
2026-05-28,600036,13:31:46,37.0800,48,1
2026-05-28,600036,13:31:49,37.0800,9,1
2026-05-28,600036,13:31:52,37.0700,16,2
2026-05-28,600036,13:31:55,37.0800,142,1
2026-05-28,600036,13:31:58,37.0800,19,1
2026-05-28,600036,13:32:01,37.0800,68,1
2026-05-28,600036,13:32:04,37.0800,98,1
2026-05-28,600036,13:32:07,37.0800,262,1
2026-05-28,600036,13:32:10,37.0800,70,1
2026-05-28,600036,13:32:13,37.0700,281,2
2026-05-28,600036,13:32:16,37.0700,96,1
2026-05-28,600036,13:32:19,37.0700,10,1
2026-05-28,600036,13:32:22,37.0700,19,1
2026-05-28,600036,13:32:25,37.0700,14,1
2026-05-28,600036,13:32:28,37.0700,9,1
2026-05-28,600036,13:32:31,37.0600,276,2
2026-05-28,600036,13:32:34,37.0700,38,1
2026-05-28,600036,13:32:40,37.0600,46,2
2026-05-28,600036,13:32:43,37.0600,11,2
2026-05-28,600036,13:32:46,37.0700,77,1
2026-05-28,600036,13:32:49,37.0600,164,2
2026-05-28,600036,13:32:52,37.0600,1,2
2026-05-28,600036,13:32:55,37.0700,24,1
2026-05-28,600036,13:32:58,37.0700,162,1
2026-05-28,600036,13:33:01,37.0700,2,1
2026-05-28,600036,13:33:04,37.0700,11,1
2026-05-28,600036,13:33:07,37.0700,57,1
2026-05-28,600036,13:33:11,37.0700,15,1
2026-05-28,600036,13:33:13,37.0600,76,2
2026-05-28,600036,13:33:16,37.0700,14,1
2026-05-28,600036,13:33:19,37.0600,18,2
2026-05-28,600036,13:33:22,37.0600,248,2
2026-05-28,600036,13:33:25,37.0600,17,2
2026-05-28,600036,13:33:28,37.0700,10,1
2026-05-28,600036,13:33:31,37.0700,75,1
2026-05-28,600036,13:33:34,37.0700,4,1
2026-05-28,600036,13:33:37,37.0700,801,1
2026-05-28,600036,13:33:40,37.0700,33,2
2026-05-28,600036,13:33:43,37.0700,65,2
2026-05-28,600036,13:33:46,37.0800,24,1
2026-05-28,600036,13:33:49,37.0700,22,2
2026-05-28,600036,13:33:52,37.0800,8,1
2026-05-28,600036,13:33:55,37.0800,27,1
2026-05-28,600036,13:33:58,37.0800,21,1
2026-05-28,600036,13:34:01,37.0800,239,1
2026-05-28,600036,13:34:04,37.0800,16,1
2026-05-28,600036,13:34:07,37.0800,15,1
2026-05-28,600036,13:34:10,37.0800,47,1
2026-05-28,600036,13:34:13,37.0800,46,1
2026-05-28,600036,13:34:16,37.0800,121,1
2026-05-28,600036,13:34:19,37.0800,72,1
2026-05-28,600036,13:34:22,37.0800,38,1
2026-05-28,600036,13:34:25,37.0800,4,1
2026-05-28,600036,13:34:28,37.0800,81,1
2026-05-28,600036,13:34:31,37.0800,335,1
2026-05-28,600036,13:34:34,37.0800,73,2
2026-05-28,600036,13:34:40,37.0800,317,2
2026-05-28,600036,13:34:44,37.0900,36,1
2026-05-28,600036,13:34:46,37.0800,9,4
2026-05-28,600036,13:34:49,37.0900,40,1
2026-05-28,600036,13:34:52,37.0800,24,2
2026-05-28,600036,13:34:55,37.0900,230,1
2026-05-28,600036,13:34:58,37.0900,89,1
2026-05-28,600036,13:35:01,37.0800,75,2
2026-05-28,600036,13:35:04,37.0700,563,2
2026-05-28,600036,13:35:07,37.0800,103,1
2026-05-28,600036,13:35:10,37.0800,58,1
2026-05-28,600036,13:35:13,37.0800,71,1
2026-05-28,600036,13:35:16,37.0800,19,1
2026-05-28,600036,13:35:19,37.0800,4,1
2026-05-28,600036,13:35:22,37.0700,26,2
2026-05-28,600036,13:35:25,37.0700,28,2
2026-05-28,600036,13:35:28,37.0700,637,2
2026-05-28,600036,13:35:31,37.0700,385,1
2026-05-28,600036,13:35:34,37.0700,99,1
2026-05-28,600036,13:35:37,37.0700,89,1
2026-05-28,600036,13:35:41,37.0700,101,1
2026-05-28,600036,13:35:43,37.0700,27,1
2026-05-28,600036,13:35:46,37.0700,144,1
2026-05-28,600036,13:35:49,37.0600,204,2
2026-05-28,600036,13:35:52,37.0600,226,2
2026-05-28,600036,13:35:58,37.0600,24,1
2026-05-28,600036,13:36:01,37.0600,7,1
2026-05-28,600036,13:36:04,37.0600,3,1
2026-05-28,600036,13:36:07,37.0600,622,1
2026-05-28,600036,13:36:10,37.0500,1532,2
2026-05-28,600036,13:36:13,37.0500,25,1
2026-05-28,600036,13:36:16,37.0500,6,1
2026-05-28,600036,13:36:19,37.0500,78,1
2026-05-28,600036,13:36:22,37.0500,70,1
2026-05-28,600036,13:36:25,37.0500,49,1
2026-05-28,600036,13:36:28,37.0500,573,1
2026-05-28,600036,13:36:31,37.0500,238,2
2026-05-28,600036,13:36:34,37.0500,6,2
2026-05-28,600036,13:36:37,37.0400,111,2
2026-05-28,600036,13:36:40,37.0500,16,2
2026-05-28,600036,13:36:43,37.0500,35,2
2026-05-28,600036,13:36:46,37.0400,76,2
2026-05-28,600036,13:36:49,37.0500,9,4
2026-05-28,600036,13:36:52,37.0500,13,1
2026-05-28,600036,13:36:55,37.0500,40,1
2026-05-28,600036,13:36:58,37.0500,206,1
2026-05-28,600036,13:37:01,37.0600,4,1
2026-05-28,600036,13:37:04,37.0600,2,1
2026-05-28,600036,13:37:07,37.0500,20,2
2026-05-28,600036,13:37:10,37.0500,65,2
2026-05-28,600036,13:37:16,37.0600,275,1
2026-05-28,600036,13:37:19,37.0600,75,1
2026-05-28,600036,13:37:22,37.0500,3,2
2026-05-28,600036,13:37:25,37.0600,29,1
2026-05-28,600036,13:37:28,37.0600,31,1
2026-05-28,600036,13:37:31,37.0600,69,1
2026-05-28,600036,13:37:34,37.0600,26,1
2026-05-28,600036,13:37:37,37.0600,51,1
2026-05-28,600036,13:37:40,37.0600,32,1
2026-05-28,600036,13:37:43,37.0600,3,1
2026-05-28,600036,13:37:46,37.0600,780,1
2026-05-28,600036,13:37:49,37.0500,447,2
2026-05-28,600036,13:37:52,37.0700,20,2
2026-05-28,600036,13:37:55,37.0700,10,2
2026-05-28,600036,13:37:58,37.0700,30,2
2026-05-28,600036,13:38:01,37.0700,19,2
2026-05-28,600036,13:38:04,37.0700,10,2
2026-05-28,600036,13:38:07,37.0800,6,1
2026-05-28,600036,13:38:10,37.0700,32,2
2026-05-28,600036,13:38:13,37.0800,14,1
2026-05-28,600036,13:38:16,37.0700,217,2
2026-05-28,600036,13:38:19,37.0800,9,1
2026-05-28,600036,13:38:22,37.0800,10,1
2026-05-28,600036,13:38:25,37.0800,162,1
2026-05-28,600036,13:38:28,37.0800,176,1
2026-05-28,600036,13:38:31,37.0800,26,1
2026-05-28,600036,13:38:34,37.0800,13,1
2026-05-28,600036,13:38:37,37.0800,16,1
2026-05-28,600036,13:38:40,37.0800,16,1
2026-05-28,600036,13:38:43,37.0900,205,1
2026-05-28,600036,13:38:46,37.0800,4,4
2026-05-28,600036,13:38:49,37.0900,26,1
2026-05-28,600036,13:38:52,37.0800,291,2
2026-05-28,600036,13:38:55,37.0800,33,1
2026-05-28,600036,13:38:58,37.0800,43,1
2026-05-28,600036,13:39:01,37.0800,130,1
2026-05-28,600036,13:39:04,37.0800,41,1
2026-05-28,600036,13:39:07,37.0800,20,1
2026-05-28,600036,13:39:10,37.0700,18,2
2026-05-28,600036,13:39:13,37.0800,57,1
2026-05-28,600036,13:39:16,37.0700,39,2
2026-05-28,600036,13:39:19,37.0700,95,2
2026-05-28,600036,13:39:22,37.0800,2,1
2026-05-28,600036,13:39:25,37.0800,37,1
2026-05-28,600036,13:39:28,37.0800,125,1
2026-05-28,600036,13:39:31,37.0800,30,1
2026-05-28,600036,13:39:34,37.0800,15,1
2026-05-28,600036,13:39:37,37.0800,78,1
2026-05-28,600036,13:39:40,37.0800,394,1
2026-05-28,600036,13:39:43,37.0700,10,2
2026-05-28,600036,13:39:46,37.0700,5,2
2026-05-28,600036,13:39:49,37.0800,35,1
2026-05-28,600036,13:39:52,37.0700,112,2
2026-05-28,600036,13:39:55,37.0800,49,1
2026-05-28,600036,13:39:58,37.0800,4,1
2026-05-28,600036,13:40:01,37.0800,21,1
2026-05-28,600036,13:40:04,37.0800,113,1
2026-05-28,600036,13:40:07,37.0800,9,1
2026-05-28,600036,13:40:10,37.0800,99,1
2026-05-28,600036,13:40:13,37.0800,165,1
2026-05-28,600036,13:40:16,37.0800,166,1
2026-05-28,600036,13:40:19,37.0900,17,1
2026-05-28,600036,13:40:22,37.0800,7,2
2026-05-28,600036,13:40:25,37.0800,4,2
2026-05-28,600036,13:40:28,37.0800,122,2
2026-05-28,600036,13:40:31,37.0900,40,1
2026-05-28,600036,13:40:34,37.0800,231,2
2026-05-28,600036,13:40:37,37.0900,272,1
2026-05-28,600036,13:40:40,37.0800,97,2
2026-05-28,600036,13:40:43,37.0900,37,1
2026-05-28,600036,13:40:46,37.0900,87,1
2026-05-28,600036,13:40:49,37.0800,72,4
2026-05-28,600036,13:40:52,37.0800,9,1
2026-05-28,600036,13:40:55,37.0800,69,1
2026-05-28,600036,13:40:58,37.0800,54,1
2026-05-28,600036,13:41:01,37.0800,71,1
2026-05-28,600036,13:41:04,37.0800,21,1
2026-05-28,600036,13:41:07,37.0800,439,1
2026-05-28,600036,13:41:10,37.0800,74,1
2026-05-28,600036,13:41:13,37.0800,10,2
2026-05-28,600036,13:41:16,37.0900,299,1
2026-05-28,600036,13:41:19,37.0800,26,2
2026-05-28,600036,13:41:22,37.0900,3,1
2026-05-28,600036,13:41:25,37.0900,18,1
2026-05-28,600036,13:41:28,37.0800,50,2
2026-05-28,600036,13:41:31,37.0900,72,1
2026-05-28,600036,13:41:34,37.0900,220,1
2026-05-28,600036,13:41:37,37.0900,80,1
2026-05-28,600036,13:41:40,37.0800,101,2
2026-05-28,600036,13:41:43,37.0900,121,1
2026-05-28,600036,13:41:46,37.0900,49,1
2026-05-28,600036,13:41:49,37.0900,160,1
2026-05-28,600036,13:41:52,37.0900,103,2
2026-05-28,600036,13:41:55,37.1000,55,1
2026-05-28,600036,13:41:58,37.1000,18,1
2026-05-28,600036,13:42:01,37.1000,33,1
2026-05-28,600036,13:42:04,37.1000,61,1
2026-05-28,600036,13:42:07,37.1000,27,1
2026-05-28,600036,13:42:10,37.1000,45,1
2026-05-28,600036,13:42:13,37.1000,80,1
2026-05-28,600036,13:42:16,37.1000,43,1
2026-05-28,600036,13:42:19,37.1000,142,1
2026-05-28,600036,13:42:22,37.1100,573,1
2026-05-28,600036,13:42:25,37.1000,4,4
2026-05-28,600036,13:42:28,37.1100,169,1
2026-05-28,600036,13:42:31,37.1100,139,1
2026-05-28,600036,13:42:34,37.1100,26,1
2026-05-28,600036,13:42:37,37.1100,8,1
2026-05-28,600036,13:42:40,37.1100,53,1
2026-05-28,600036,13:42:43,37.1100,599,1
2026-05-28,600036,13:42:46,37.1100,104,2
2026-05-28,600036,13:42:49,37.1000,197,2
2026-05-28,600036,13:42:52,37.1100,79,1
2026-05-28,600036,13:42:55,37.1100,127,1
2026-05-28,600036,13:42:58,37.1100,75,1
2026-05-28,600036,13:43:01,37.1200,43,1
2026-05-28,600036,13:43:04,37.1100,40,4
2026-05-28,600036,13:43:07,37.1100,456,1
2026-05-28,600036,13:43:10,37.1100,9,1
2026-05-28,600036,13:43:13,37.1100,425,1
2026-05-28,600036,13:43:16,37.1000,1505,2
2026-05-28,600036,13:43:19,37.1100,537,1
2026-05-28,600036,13:43:22,37.1100,44,2
2026-05-28,600036,13:43:25,37.1100,123,2
2026-05-28,600036,13:43:28,37.1100,227,2
2026-05-28,600036,13:43:31,37.1100,8,1
2026-05-28,600036,13:43:34,37.1000,13,2
2026-05-28,600036,13:43:37,37.1100,4,1
2026-05-28,600036,13:43:40,37.1100,194,1
2026-05-28,600036,13:43:43,37.1100,19,1
2026-05-28,600036,13:43:46,37.1100,10,1
2026-05-28,600036,13:43:49,37.1100,78,1
2026-05-28,600036,13:43:52,37.1100,24,1
2026-05-28,600036,13:43:55,37.1000,69,2
2026-05-28,600036,13:43:58,37.1100,120,1
2026-05-28,600036,13:44:01,37.1100,223,1
2026-05-28,600036,13:44:04,37.1100,46,2
2026-05-28,600036,13:44:07,37.1100,81,1
2026-05-28,600036,13:44:10,37.1100,93,1
2026-05-28,600036,13:44:13,37.1100,220,1
2026-05-28,600036,13:44:16,37.1000,4,2
2026-05-28,600036,13:44:19,37.1100,30,1
2026-05-28,600036,13:44:22,37.1100,42,1
2026-05-28,600036,13:44:25,37.1100,11,1
2026-05-28,600036,13:44:28,37.1100,20,1
2026-05-28,600036,13:44:31,37.1100,219,1
2026-05-28,600036,13:44:34,37.1100,38,2
2026-05-28,600036,13:44:37,37.1200,4,1
2026-05-28,600036,13:44:40,37.1100,5,2
2026-05-28,600036,13:44:43,37.1100,250,2
2026-05-28,600036,13:44:46,37.1200,203,1
2026-05-28,600036,13:44:49,37.1200,33,1
2026-05-28,600036,13:44:55,37.1200,3,1
2026-05-28,600036,13:44:58,37.1200,52,1
2026-05-28,600036,13:45:01,37.1200,85,1
2026-05-28,600036,13:45:04,37.1200,26,1
2026-05-28,600036,13:45:07,37.1100,6,2
2026-05-28,600036,13:45:10,37.1200,73,1
2026-05-28,600036,13:45:13,37.1100,48,2
2026-05-28,600036,13:45:16,37.1200,12,1
2026-05-28,600036,13:45:19,37.1200,20,1
2026-05-28,600036,13:45:22,37.1200,179,1
2026-05-28,600036,13:45:25,37.1200,10,1
2026-05-28,600036,13:45:28,37.1100,55,2
2026-05-28,600036,13:45:31,37.1100,54,2
2026-05-28,600036,13:45:34,37.1200,698,1
2026-05-28,600036,13:45:37,37.1200,8,1
2026-05-28,600036,13:45:40,37.1100,360,2
2026-05-28,600036,13:45:44,37.1200,54,1
2026-05-28,600036,13:45:46,37.1200,24,1
2026-05-28,600036,13:45:49,37.1200,15,1
2026-05-28,600036,13:45:52,37.1200,37,1
2026-05-28,600036,13:45:55,37.1200,394,1
2026-05-28,600036,13:45:58,37.1200,103,1
2026-05-28,600036,13:46:01,37.1100,17,2
2026-05-28,600036,13:46:04,37.1100,42,2
2026-05-28,600036,13:46:07,37.1100,40,2
2026-05-28,600036,13:46:10,37.1200,508,1
2026-05-28,600036,13:46:13,37.1100,71,2
2026-05-28,600036,13:46:16,37.1100,527,2
2026-05-28,600036,13:46:19,37.1100,98,2
2026-05-28,600036,13:46:22,37.1100,22,1
2026-05-28,600036,13:46:25,37.1100,83,1
2026-05-28,600036,13:46:28,37.1100,142,1
2026-05-28,600036,13:46:31,37.1100,240,2
2026-05-28,600036,13:46:34,37.1100,34,1
2026-05-28,600036,13:46:37,37.1100,10,1
2026-05-28,600036,13:46:40,37.1100,134,1
2026-05-28,600036,13:46:43,37.1100,138,1
2026-05-28,600036,13:46:46,37.1000,3,2
2026-05-28,600036,13:46:49,37.1100,26,1
2026-05-28,600036,13:46:52,37.1100,356,1
2026-05-28,600036,13:46:55,37.1100,13,1
2026-05-28,600036,13:46:58,37.1100,75,1
2026-05-28,600036,13:47:01,37.1100,2,1
2026-05-28,600036,13:47:04,37.1000,261,2
2026-05-28,600036,13:47:07,37.1100,2,1
2026-05-28,600036,13:47:10,37.1000,16,2
2026-05-28,600036,13:47:13,37.1000,16,2
2026-05-28,600036,13:47:16,37.1000,6,2
2026-05-28,600036,13:47:19,37.1100,5,1
2026-05-28,600036,13:47:22,37.1000,75,2
2026-05-28,600036,13:47:25,37.1100,1,1
2026-05-28,600036,13:47:28,37.1000,394,2
2026-05-28,600036,13:47:31,37.1100,290,1
2026-05-28,600036,13:47:34,37.1100,167,1
2026-05-28,600036,13:47:37,37.1000,184,2
2026-05-28,600036,13:47:40,37.1100,446,1
2026-05-28,600036,13:47:43,37.1200,86,1
2026-05-28,600036,13:47:46,37.1200,136,1
2026-05-28,600036,13:47:49,37.1100,35,2
2026-05-28,600036,13:47:52,37.1200,164,1
2026-05-28,600036,13:47:55,37.1200,114,1
2026-05-28,600036,13:47:58,37.1200,189,1
2026-05-28,600036,13:48:01,37.1200,50,1
2026-05-28,600036,13:48:04,37.1200,33,1
2026-05-28,600036,13:48:07,37.1200,394,1
2026-05-28,600036,13:48:10,37.1200,64,1
2026-05-28,600036,13:48:13,37.1300,29,1
2026-05-28,600036,13:48:16,37.1300,57,1
2026-05-28,600036,13:48:19,37.1300,48,1
2026-05-28,600036,13:48:22,37.1300,102,1
2026-05-28,600036,13:48:25,37.1300,132,1
2026-05-28,600036,13:48:28,37.1200,93,2
2026-05-28,600036,13:48:31,37.1300,2,1
2026-05-28,600036,13:48:34,37.1200,44,2
2026-05-28,600036,13:48:37,37.1300,8,1
2026-05-28,600036,13:48:40,37.1300,119,1
2026-05-28,600036,13:48:43,37.1300,933,1
2026-05-28,600036,13:48:46,37.1300,50,2
2026-05-28,600036,13:48:49,37.1400,11,1
2026-05-28,600036,13:48:52,37.1400,32,1
2026-05-28,600036,13:48:55,37.1400,23,1
2026-05-28,600036,13:48:58,37.1400,18,1
2026-05-28,600036,13:49:01,37.1400,70,1
2026-05-28,600036,13:49:04,37.1400,15,1
2026-05-28,600036,13:49:07,37.1400,96,1
2026-05-28,600036,13:49:10,37.1400,10,1
2026-05-28,600036,13:49:13,37.1400,42,1
2026-05-28,600036,13:49:16,37.1400,44,1
2026-05-28,600036,13:49:19,37.1400,67,1
2026-05-28,600036,13:49:22,37.1400,98,1
2026-05-28,600036,13:49:25,37.1400,57,1
2026-05-28,600036,13:49:28,37.1400,120,1
2026-05-28,600036,13:49:31,37.1400,22,1
2026-05-28,600036,13:49:34,37.1400,52,1
2026-05-28,600036,13:49:37,37.1400,61,1
2026-05-28,600036,13:49:40,37.1400,55,1
2026-05-28,600036,13:49:43,37.1400,157,1
2026-05-28,600036,13:49:46,37.1400,126,2
2026-05-28,600036,13:49:49,37.1300,979,2
2026-05-28,600036,13:49:52,37.1400,191,1
2026-05-28,600036,13:49:55,37.1400,34,1
2026-05-28,600036,13:49:58,37.1400,1,1
2026-05-28,600036,13:50:01,37.1300,31,2
2026-05-28,600036,13:50:04,37.1300,889,2
2026-05-28,600036,13:50:07,37.1300,169,1
2026-05-28,600036,13:50:10,37.1300,4,1
2026-05-28,600036,13:50:13,37.1300,2,1
2026-05-28,600036,13:50:16,37.1300,38,1
2026-05-28,600036,13:50:19,37.1200,78,2
2026-05-28,600036,13:50:22,37.1200,30,2
2026-05-28,600036,13:50:25,37.1300,263,1
2026-05-28,600036,13:50:28,37.1200,41,2
2026-05-28,600036,13:50:31,37.1300,36,1
2026-05-28,600036,13:50:34,37.1200,63,2
2026-05-28,600036,13:50:37,37.1200,272,2
2026-05-28,600036,13:50:40,37.1200,252,2
2026-05-28,600036,13:50:43,37.1200,240,2
2026-05-28,600036,13:50:46,37.1200,43,2
2026-05-28,600036,13:50:49,37.1300,14,1
2026-05-28,600036,13:50:52,37.1300,42,1
2026-05-28,600036,13:50:55,37.1300,39,1
2026-05-28,600036,13:50:58,37.1300,8,1
2026-05-28,600036,13:51:01,37.1300,192,1
2026-05-28,600036,13:51:04,37.1300,256,1
2026-05-28,600036,13:51:07,37.1300,18,1
2026-05-28,600036,13:51:10,37.1300,66,1
2026-05-28,600036,13:51:13,37.1300,14,1
2026-05-28,600036,13:51:16,37.1300,7,1
2026-05-28,600036,13:51:19,37.1300,18,1
2026-05-28,600036,13:51:22,37.1200,140,2
2026-05-28,600036,13:51:25,37.1200,13,2
2026-05-28,600036,13:51:31,37.1200,10,2
2026-05-28,600036,13:51:34,37.1200,25,2
2026-05-28,600036,13:51:37,37.1300,25,1
2026-05-28,600036,13:51:40,37.1300,181,1
2026-05-28,600036,13:51:43,37.1300,161,1
2026-05-28,600036,13:51:46,37.1300,33,1
2026-05-28,600036,13:51:49,37.1300,2,1
2026-05-28,600036,13:51:52,37.1300,41,1
2026-05-28,600036,13:51:55,37.1300,41,1
2026-05-28,600036,13:51:58,37.1300,127,1
2026-05-28,600036,13:52:01,37.1300,56,1
2026-05-28,600036,13:52:04,37.1300,46,1
2026-05-28,600036,13:52:07,37.1200,674,2
2026-05-28,600036,13:52:10,37.1200,179,1
2026-05-28,600036,13:52:13,37.1200,57,1
2026-05-28,600036,13:52:16,37.1100,27,2
2026-05-28,600036,13:52:19,37.1100,30,2
2026-05-28,600036,13:52:22,37.1100,13,2
2026-05-28,600036,13:52:25,37.1100,250,2
2026-05-28,600036,13:52:28,37.1100,47,1
2026-05-28,600036,13:52:31,37.1100,11,1
2026-05-28,600036,13:52:34,37.1100,14,1
2026-05-28,600036,13:52:37,37.1000,273,2
2026-05-28,600036,13:52:40,37.1000,358,2
2026-05-28,600036,13:52:43,37.1000,386,2
2026-05-28,600036,13:52:46,37.1000,23,1
2026-05-28,600036,13:52:49,37.1000,71,1
2026-05-28,600036,13:52:52,37.0900,30,2
2026-05-28,600036,13:52:55,37.0900,125,2
2026-05-28,600036,13:52:58,37.0900,189,2
2026-05-28,600036,13:53:01,37.0900,161,2
2026-05-28,600036,13:53:04,37.1000,139,1
2026-05-28,600036,13:53:07,37.0900,125,2
2026-05-28,600036,13:53:10,37.0900,198,2
2026-05-28,600036,13:53:13,37.0900,16,1
2026-05-28,600036,13:53:16,37.0800,24,2
2026-05-28,600036,13:53:19,37.0800,32,2
2026-05-28,600036,13:53:22,37.0800,10,2
2026-05-28,600036,13:53:25,37.0900,6,1
2026-05-28,600036,13:53:28,37.0800,12,2
2026-05-28,600036,13:53:31,37.0800,8,2
2026-05-28,600036,13:53:34,37.0800,45,2
2026-05-28,600036,13:53:38,37.0800,45,2
2026-05-28,600036,13:53:40,37.0800,120,2
2026-05-28,600036,13:53:43,37.0800,23,2
2026-05-28,600036,13:53:46,37.0800,3,2
2026-05-28,600036,13:53:49,37.0900,200,1
2026-05-28,600036,13:53:52,37.0900,135,1
2026-05-28,600036,13:53:55,37.0900,20,1
2026-05-28,600036,13:53:58,37.0900,12,1
2026-05-28,600036,13:54:01,37.0900,39,1
2026-05-28,600036,13:54:04,37.0900,69,1
2026-05-28,600036,13:54:07,37.0800,46,2
2026-05-28,600036,13:54:10,37.0800,5,2
2026-05-28,600036,13:54:13,37.0900,33,1
2026-05-28,600036,13:54:16,37.0900,165,1
2026-05-28,600036,13:54:19,37.0800,260,2
2026-05-28,600036,13:54:22,37.0800,254,2
2026-05-28,600036,13:54:25,37.0800,34,2
2026-05-28,600036,13:54:28,37.0800,75,1
2026-05-28,600036,13:54:31,37.0800,54,1
2026-05-28,600036,13:54:34,37.0700,7,2
2026-05-28,600036,13:54:37,37.0700,136,2
2026-05-28,600036,13:54:40,37.0700,2,2
2026-05-28,600036,13:54:43,37.0700,125,2
2026-05-28,600036,13:54:46,37.0700,44,2
2026-05-28,600036,13:54:49,37.0700,1,2
2026-05-28,600036,13:54:52,37.0800,18,1
2026-05-28,600036,13:54:55,37.0800,55,1
2026-05-28,600036,13:54:58,37.0700,19,2
2026-05-28,600036,13:55:01,37.0700,30,2
2026-05-28,600036,13:55:04,37.0800,24,1
2026-05-28,600036,13:55:07,37.0700,147,2
2026-05-28,600036,13:55:10,37.0700,30,2
2026-05-28,600036,13:55:13,37.0800,64,1
2026-05-28,600036,13:55:16,37.0700,20,2
2026-05-28,600036,13:55:19,37.0800,20,1
2026-05-28,600036,13:55:22,37.0800,8,1
2026-05-28,600036,13:55:25,37.0800,45,1
2026-05-28,600036,13:55:28,37.0800,55,1
2026-05-28,600036,13:55:31,37.0800,16,1
2026-05-28,600036,13:55:34,37.0700,27,2
2026-05-28,600036,13:55:40,37.0800,17,1
2026-05-28,600036,13:55:43,37.0800,35,1
2026-05-28,600036,13:55:46,37.0700,27,2
2026-05-28,600036,13:55:49,37.0700,272,2
2026-05-28,600036,13:55:52,37.0800,32,1
2026-05-28,600036,13:55:55,37.0800,139,1
2026-05-28,600036,13:55:58,37.0700,32,2
2026-05-28,600036,13:56:01,37.0800,79,1
2026-05-28,600036,13:56:04,37.0700,44,2
2026-05-28,600036,13:56:07,37.0800,215,1
2026-05-28,600036,13:56:10,37.0800,4,1
2026-05-28,600036,13:56:13,37.0700,1,2
2026-05-28,600036,13:56:16,37.0800,16,1
2026-05-28,600036,13:56:19,37.0800,67,1
2026-05-28,600036,13:56:22,37.0800,21,1
2026-05-28,600036,13:56:25,37.0800,69,1
2026-05-28,600036,13:56:28,37.0700,229,2
2026-05-28,600036,13:56:31,37.0800,10,1
2026-05-28,600036,13:56:34,37.0700,84,2
2026-05-28,600036,13:56:37,37.0800,78,1
2026-05-28,600036,13:56:40,37.0800,28,1
2026-05-28,600036,13:56:43,37.0800,15,1
2026-05-28,600036,13:56:46,37.0800,63,1
2026-05-28,600036,13:56:49,37.0800,262,1
2026-05-28,600036,13:56:52,37.0800,76,1
2026-05-28,600036,13:56:55,37.0800,2,1
2026-05-28,600036,13:56:58,37.0800,66,1
2026-05-28,600036,13:57:01,37.0800,26,1
2026-05-28,600036,13:57:04,37.0800,21,1
2026-05-28,600036,13:57:07,37.0800,66,1
2026-05-28,600036,13:57:10,37.0800,28,1
2026-05-28,600036,13:57:13,37.0700,73,2
2026-05-28,600036,13:57:16,37.0700,224,2
2026-05-28,600036,13:57:19,37.0800,3,1
2026-05-28,600036,13:57:22,37.0700,26,2
2026-05-28,600036,13:57:25,37.0800,75,1
2026-05-28,600036,13:57:28,37.0700,2,2
2026-05-28,600036,13:57:31,37.0700,26,2
2026-05-28,600036,13:57:34,37.0800,75,1
2026-05-28,600036,13:57:37,37.0800,27,1
2026-05-28,600036,13:57:40,37.0700,17,2
2026-05-28,600036,13:57:43,37.0700,39,2
2026-05-28,600036,13:57:46,37.0800,31,1
2026-05-28,600036,13:57:49,37.0800,38,1
2026-05-28,600036,13:57:52,37.0700,42,2
2026-05-28,600036,13:57:55,37.0800,3,1
2026-05-28,600036,13:57:58,37.0800,620,1
2026-05-28,600036,13:58:01,37.0800,62,2
2026-05-28,600036,13:58:04,37.0900,13,1
2026-05-28,600036,13:58:07,37.0900,10,1
2026-05-28,600036,13:58:10,37.0900,146,1
2026-05-28,600036,13:58:13,37.0900,138,1
2026-05-28,600036,13:58:16,37.0900,34,1
2026-05-28,600036,13:58:19,37.0900,242,1
2026-05-28,600036,13:58:22,37.0900,100,1
2026-05-28,600036,13:58:25,37.0900,13,1
2026-05-28,600036,13:58:28,37.0800,44,2
2026-05-28,600036,13:58:31,37.0900,26,1
2026-05-28,600036,13:58:34,37.0900,61,1
2026-05-28,600036,13:58:37,37.0800,681,2
2026-05-28,600036,13:58:40,37.0800,296,2
2026-05-28,600036,13:58:43,37.0800,85,2
2026-05-28,600036,13:58:46,37.0800,328,2
2026-05-28,600036,13:58:49,37.0700,17,2
2026-05-28,600036,13:58:52,37.0800,28,1
2026-05-28,600036,13:58:55,37.0800,6,1
2026-05-28,600036,13:58:58,37.0800,10,1
2026-05-28,600036,13:59:01,37.0800,30,1
2026-05-28,600036,13:59:04,37.0700,1,2
2026-05-28,600036,13:59:07,37.0800,56,1
2026-05-28,600036,13:59:10,37.0800,33,1
2026-05-28,600036,13:59:13,37.0700,15,2
2026-05-28,600036,13:59:16,37.0700,31,2
2026-05-28,600036,13:59:19,37.0700,46,2
2026-05-28,600036,13:59:22,37.0800,25,1
2026-05-28,600036,13:59:25,37.0800,82,1
2026-05-28,600036,13:59:28,37.0800,220,1
2026-05-28,600036,13:59:31,37.0800,61,1
2026-05-28,600036,13:59:34,37.0800,28,1
2026-05-28,600036,13:59:37,37.0700,3,2
2026-05-28,600036,13:59:41,37.0800,89,1
2026-05-28,600036,13:59:43,37.0800,62,1
2026-05-28,600036,13:59:46,37.0800,46,1
2026-05-28,600036,13:59:49,37.0700,38,2
2026-05-28,600036,13:59:52,37.0700,18,2
2026-05-28,600036,13:59:55,37.0800,83,1
2026-05-28,600036,13:59:58,37.0800,488,1
2026-05-28,600036,14:00:01,37.0800,51,1
2026-05-28,600036,14:00:04,37.0800,397,1
2026-05-28,600036,14:00:07,37.0800,42,1
2026-05-28,600036,14:00:10,37.0800,50,1
2026-05-28,600036,14:00:13,37.0800,367,2
2026-05-28,600036,14:00:16,37.0800,85,2
2026-05-28,600036,14:00:19,37.0800,70,2
2026-05-28,600036,14:00:22,37.0900,145,1
2026-05-28,600036,14:00:25,37.0800,56,2
2026-05-28,600036,14:00:28,37.0900,74,1
2026-05-28,600036,14:00:31,37.0900,109,1
2026-05-28,600036,14:00:34,37.1000,450,1
2026-05-28,600036,14:00:37,37.0900,34,2
2026-05-28,600036,14:00:43,37.1000,82,1
2026-05-28,600036,14:00:46,37.1200,279,1
2026-05-28,600036,14:00:49,37.1000,1,2
2026-05-28,600036,14:00:52,37.1000,172,2
2026-05-28,600036,14:00:55,37.1100,116,1
2026-05-28,600036,14:00:58,37.1100,10,1
2026-05-28,600036,14:01:01,37.1000,50,2
2026-05-28,600036,14:01:04,37.1100,12,1
2026-05-28,600036,14:01:07,37.1100,5,1
2026-05-28,600036,14:01:10,37.1000,113,2
2026-05-28,600036,14:01:13,37.1100,255,1
2026-05-28,600036,14:01:16,37.1000,26,2
2026-05-28,600036,14:01:19,37.1000,22,1
2026-05-28,600036,14:01:22,37.1100,44,1
2026-05-28,600036,14:01:25,37.1000,53,2
2026-05-28,600036,14:01:28,37.1100,52,1
2026-05-28,600036,14:01:31,37.1000,44,2
2026-05-28,600036,14:01:34,37.1100,10,1
2026-05-28,600036,14:01:37,37.1200,90,1
2026-05-28,600036,14:01:40,37.1100,6,2
2026-05-28,600036,14:01:43,37.1100,69,2
2026-05-28,600036,14:01:46,37.1200,280,1
2026-05-28,600036,14:01:49,37.1200,30,1
2026-05-28,600036,14:01:52,37.1100,18,2
2026-05-28,600036,14:01:55,37.1200,55,1
2026-05-28,600036,14:01:58,37.1200,26,1
2026-05-28,600036,14:02:01,37.1200,15,1
2026-05-28,600036,14:02:04,37.1200,7,1
2026-05-28,600036,14:02:07,37.1100,6,2
2026-05-28,600036,14:02:10,37.1200,3,1
2026-05-28,600036,14:02:13,37.1100,15,2
2026-05-28,600036,14:02:16,37.1100,16,2
2026-05-28,600036,14:02:19,37.1100,103,2
2026-05-28,600036,14:02:22,37.1100,6,2
2026-05-28,600036,14:02:25,37.1200,81,1
2026-05-28,600036,14:02:28,37.1100,237,2
2026-05-28,600036,14:02:31,37.1200,11,1
2026-05-28,600036,14:02:40,37.1200,127,1
2026-05-28,600036,14:02:43,37.1200,44,1
2026-05-28,600036,14:02:46,37.1200,7,1
2026-05-28,600036,14:02:49,37.1200,13,1
2026-05-28,600036,14:02:52,37.1100,25,2
2026-05-28,600036,14:02:58,37.1100,599,2
2026-05-28,600036,14:03:01,37.1100,50,1
2026-05-28,600036,14:03:04,37.1100,84,1
2026-05-28,600036,14:03:07,37.1100,149,1
2026-05-28,600036,14:03:10,37.1000,16,2
2026-05-28,600036,14:03:13,37.1100,56,1
2026-05-28,600036,14:03:16,37.1100,144,2
2026-05-28,600036,14:03:19,37.1100,18,1
2026-05-28,600036,14:03:22,37.1100,9,1
2026-05-28,600036,14:03:25,37.1100,15,1
2026-05-28,600036,14:03:28,37.1100,129,1
2026-05-28,600036,14:03:34,37.1100,5,2
2026-05-28,600036,14:03:37,37.1200,277,1
2026-05-28,600036,14:03:40,37.1200,68,1
2026-05-28,600036,14:03:43,37.1100,21,2
2026-05-28,600036,14:03:46,37.1200,2,1
2026-05-28,600036,14:03:49,37.1200,17,1
2026-05-28,600036,14:03:52,37.1200,2,1
2026-05-28,600036,14:03:55,37.1100,2,2
2026-05-28,600036,14:03:58,37.1100,103,2
2026-05-28,600036,14:04:01,37.1100,48,2
2026-05-28,600036,14:04:04,37.1100,26,2
2026-05-28,600036,14:04:07,37.1100,76,2
2026-05-28,600036,14:04:10,37.1200,501,1
2026-05-28,600036,14:04:13,37.1100,68,2
2026-05-28,600036,14:04:16,37.1100,282,2
2026-05-28,600036,14:04:19,37.1100,98,2
2026-05-28,600036,14:04:22,37.1100,52,2
2026-05-28,600036,14:04:25,37.1200,13,1
2026-05-28,600036,14:04:28,37.1100,14,2
2026-05-28,600036,14:04:31,37.1100,21,2
2026-05-28,600036,14:04:34,37.1200,12,1
2026-05-28,600036,14:04:37,37.1200,74,1
2026-05-28,600036,14:04:40,37.1100,40,2
2026-05-28,600036,14:04:43,37.1100,102,2
2026-05-28,600036,14:04:46,37.1100,72,2
2026-05-28,600036,14:04:49,37.1100,65,2
2026-05-28,600036,14:04:52,37.1200,41,1
2026-05-28,600036,14:04:55,37.1100,39,2
2026-05-28,600036,14:04:58,37.1100,24,2
2026-05-28,600036,14:05:01,37.1100,55,2
2026-05-28,600036,14:05:04,37.1200,77,1
2026-05-28,600036,14:05:07,37.1200,99,1
2026-05-28,600036,14:05:10,37.1100,18,2
2026-05-28,600036,14:05:13,37.1100,49,2
2026-05-28,600036,14:05:16,37.1100,15,2
2026-05-28,600036,14:05:19,37.1100,43,2
2026-05-28,600036,14:05:22,37.1200,34,1
2026-05-28,600036,14:05:25,37.1100,19,2
2026-05-28,600036,14:05:28,37.1200,106,1
2026-05-28,600036,14:05:31,37.1200,15,1
2026-05-28,600036,14:05:34,37.1100,73,2
2026-05-28,600036,14:05:37,37.1100,68,2
2026-05-28,600036,14:05:40,37.1200,97,1
2026-05-28,600036,14:05:43,37.1100,18,2
2026-05-28,600036,14:05:46,37.1200,3,1
2026-05-28,600036,14:05:49,37.1100,28,2
2026-05-28,600036,14:05:52,37.1200,6,1
2026-05-28,600036,14:05:55,37.1100,247,2
2026-05-28,600036,14:05:58,37.1100,45,2
2026-05-28,600036,14:06:01,37.1100,11,2
2026-05-28,600036,14:06:04,37.1100,24,2
2026-05-28,600036,14:06:07,37.1200,11,1
2026-05-28,600036,14:06:10,37.1100,60,2
2026-05-28,600036,14:06:13,37.1100,41,2
2026-05-28,600036,14:06:16,37.1200,26,1
2026-05-28,600036,14:06:19,37.1100,167,2
2026-05-28,600036,14:06:22,37.1200,38,1
2026-05-28,600036,14:06:25,37.1100,373,2
2026-05-28,600036,14:06:28,37.1100,63,1
2026-05-28,600036,14:06:31,37.1100,23,1
2026-05-28,600036,14:06:34,37.1000,30,2
2026-05-28,600036,14:06:37,37.1000,38,2
2026-05-28,600036,14:06:40,37.1100,2,1
2026-05-28,600036,14:06:43,37.1100,55,1
2026-05-28,600036,14:06:46,37.1000,16,2
2026-05-28,600036,14:06:49,37.1000,68,2
2026-05-28,600036,14:06:52,37.1000,28,2
2026-05-28,600036,14:06:55,37.1000,26,2
2026-05-28,600036,10:55:28,37.2400,31,2
2026-05-28,600036,10:55:31,37.2400,97,2
2026-05-28,600036,10:55:34,37.2400,32,2
2026-05-28,600036,10:55:37,37.2400,63,2
2026-05-28,600036,10:55:40,37.2400,30,2
2026-05-28,600036,10:55:43,37.2500,21,1
2026-05-28,600036,10:55:46,37.2500,62,1
2026-05-28,600036,10:55:49,37.2500,70,1
2026-05-28,600036,10:55:52,37.2500,61,1
2026-05-28,600036,10:55:55,37.2400,88,2
2026-05-28,600036,10:55:58,37.2500,132,1
2026-05-28,600036,10:56:01,37.2500,143,1
2026-05-28,600036,10:56:04,37.2400,126,2
2026-05-28,600036,10:56:07,37.2500,106,1
2026-05-28,600036,10:56:10,37.2500,107,1
2026-05-28,600036,10:56:13,37.2500,114,1
2026-05-28,600036,10:56:16,37.2500,97,1
2026-05-28,600036,10:56:19,37.2500,87,1
2026-05-28,600036,10:56:22,37.2500,192,1
2026-05-28,600036,10:56:25,37.2500,172,1
2026-05-28,600036,10:56:28,37.2500,111,1
2026-05-28,600036,10:56:31,37.2500,155,1
2026-05-28,600036,10:56:34,37.2400,355,2
2026-05-28,600036,10:56:37,37.2500,93,2
2026-05-28,600036,10:56:40,37.2700,161,1
2026-05-28,600036,10:56:43,37.2500,183,2
2026-05-28,600036,10:56:46,37.2600,196,4
2026-05-28,600036,10:56:49,37.2600,96,2
2026-05-28,600036,10:56:52,37.2500,24,2
2026-05-28,600036,10:56:55,37.2600,34,1
2026-05-28,600036,10:56:58,37.2500,243,2
2026-05-28,600036,10:57:01,37.2500,85,1
2026-05-28,600036,10:57:04,37.2500,28,1
2026-05-28,600036,10:57:07,37.2500,12,1
2026-05-28,600036,10:57:10,37.2500,233,1
2026-05-28,600036,10:57:13,37.2500,15,1
2026-05-28,600036,10:57:16,37.2500,10,1
2026-05-28,600036,10:57:19,37.2500,28,1
2026-05-28,600036,10:57:22,37.2500,6,1
2026-05-28,600036,10:57:25,37.2500,279,1
2026-05-28,600036,10:57:28,37.2500,9,1
2026-05-28,600036,10:57:31,37.2500,13,1
2026-05-28,600036,10:57:34,37.2400,89,2
2026-05-28,600036,10:57:37,37.2400,73,2
2026-05-28,600036,10:57:40,37.2400,12,1
2026-05-28,600036,10:57:43,37.2400,29,1
2026-05-28,600036,10:57:46,37.2500,79,1
2026-05-28,600036,10:57:49,37.2400,44,4
2026-05-28,600036,10:57:52,37.2400,10,4
2026-05-28,600036,10:57:55,37.2300,13,2
2026-05-28,600036,10:57:58,37.2400,28,1
2026-05-28,600036,10:58:01,37.2300,88,2
2026-05-28,600036,10:58:04,37.2300,70,2
2026-05-28,600036,10:58:07,37.2400,64,1
2026-05-28,600036,10:58:10,37.2400,27,1
2026-05-28,600036,10:58:13,37.2500,53,1
2026-05-28,600036,10:58:16,37.2500,39,1
2026-05-28,600036,10:58:19,37.2400,63,2
2026-05-28,600036,10:58:22,37.2400,63,4
2026-05-28,600036,10:58:25,37.2400,308,2
2026-05-28,600036,10:58:28,37.2400,35,1
2026-05-28,600036,10:58:31,37.2400,57,1
2026-05-28,600036,10:58:34,37.2400,17,1
2026-05-28,600036,10:58:37,37.2400,47,1
2026-05-28,600036,10:58:40,37.2300,248,2
2026-05-28,600036,10:58:43,37.2400,44,1
2026-05-28,600036,10:58:46,37.2300,3,2
2026-05-28,600036,10:58:49,37.2300,21,2
2026-05-28,600036,10:58:52,37.2400,213,1
2026-05-28,600036,10:58:55,37.2400,62,1
2026-05-28,600036,10:58:58,37.2300,1060,2
2026-05-28,600036,10:59:01,37.2300,1043,1
2026-05-28,600036,10:59:04,37.2300,11,1
2026-05-28,600036,10:59:07,37.2300,8,1
2026-05-28,600036,10:59:10,37.2300,18,1
2026-05-28,600036,10:59:13,37.2200,5,2
2026-05-28,600036,10:59:16,37.2200,108,2
2026-05-28,600036,10:59:19,37.2200,30,2
2026-05-28,600036,10:59:22,37.2300,71,1
2026-05-28,600036,10:59:25,37.2300,40,1
2026-05-28,600036,10:59:28,37.2200,62,2
2026-05-28,600036,10:59:31,37.2300,54,1
2026-05-28,600036,10:59:34,37.2300,24,1
2026-05-28,600036,10:59:37,37.2300,24,1
2026-05-28,600036,10:59:40,37.2200,365,2
2026-05-28,600036,10:59:43,37.2200,58,2
2026-05-28,600036,10:59:46,37.2200,41,2
2026-05-28,600036,10:59:49,37.2300,2,1
2026-05-28,600036,10:59:52,37.2300,104,1
2026-05-28,600036,10:59:55,37.2300,144,1
2026-05-28,600036,10:59:58,37.2300,67,1
2026-05-28,600036,11:00:01,37.2300,382,1
2026-05-28,600036,11:00:04,37.2200,107,2
2026-05-28,600036,11:00:07,37.2300,63,1
2026-05-28,600036,11:00:10,37.2200,146,2
2026-05-28,600036,11:00:13,37.2300,54,1
2026-05-28,600036,11:00:16,37.2300,336,1
2026-05-28,600036,11:00:19,37.2200,33,2
2026-05-28,600036,11:00:22,37.2300,213,1
2026-05-28,600036,11:00:25,37.2300,84,1
2026-05-28,600036,11:00:28,37.2300,137,1
2026-05-28,600036,11:00:31,37.2300,29,1
2026-05-28,600036,11:00:34,37.2200,130,2
2026-05-28,600036,11:00:37,37.2200,250,2
2026-05-28,600036,11:00:40,37.2200,31,2
2026-05-28,600036,11:00:43,37.2300,34,1
2026-05-28,600036,11:00:46,37.2300,33,1
2026-05-28,600036,11:00:49,37.2300,60,1
2026-05-28,600036,11:00:52,37.2300,15,1
2026-05-28,600036,11:00:55,37.2200,30,2
2026-05-28,600036,11:00:58,37.2200,140,2
2026-05-28,600036,11:01:01,37.2300,175,1
2026-05-28,600036,11:01:04,37.2400,158,1
2026-05-28,600036,11:01:07,37.2300,29,2
2026-05-28,600036,11:01:10,37.2300,2,2
2026-05-28,600036,11:01:13,37.2300,11,2
2026-05-28,600036,11:01:16,37.2400,2,1
2026-05-28,600036,11:01:19,37.2300,32,2
2026-05-28,600036,11:01:22,37.2400,204,1
2026-05-28,600036,11:01:25,37.2400,248,1
2026-05-28,600036,11:01:28,37.2300,537,2
2026-05-28,600036,11:01:31,37.2500,121,1
2026-05-28,600036,11:01:34,37.2500,241,1
2026-05-28,600036,11:01:37,37.2500,99,2
2026-05-28,600036,11:01:40,37.2600,41,1
2026-05-28,600036,11:01:43,37.2600,169,1
2026-05-28,600036,11:01:46,37.2600,38,1
2026-05-28,600036,11:01:49,37.2800,140,1
2026-05-28,600036,11:01:52,37.2600,447,1
2026-05-28,600036,11:01:55,37.2600,58,1
2026-05-28,600036,11:02:01,37.2700,45,1
2026-05-28,600036,11:02:04,37.2700,402,1
2026-05-28,600036,11:02:07,37.2800,38,1
2026-05-28,600036,11:02:10,37.2800,17,1
2026-05-28,600036,11:02:13,37.2800,552,2
2026-05-28,600036,11:02:16,37.2800,424,2
2026-05-28,600036,11:02:19,37.2800,147,2
2026-05-28,600036,11:02:22,37.2800,424,4
2026-05-28,600036,11:02:25,37.2900,50,1
2026-05-28,600036,11:02:28,37.2700,12,2
2026-05-28,600036,11:02:31,37.2800,52,1
2026-05-28,600036,11:02:34,37.2700,47,2
2026-05-28,600036,11:02:37,37.2600,221,2
2026-05-28,600036,11:02:40,37.2800,11,1
2026-05-28,600036,11:02:43,37.2700,5,4
2026-05-28,600036,11:02:46,37.2800,217,1
2026-05-28,600036,11:02:49,37.2600,45,2
2026-05-28,600036,11:02:52,37.2700,6,1
2026-05-28,600036,11:02:55,37.2600,40,2
2026-05-28,600036,11:02:58,37.2700,9,4
2026-05-28,600036,11:03:01,37.2800,152,1
2026-05-28,600036,11:03:04,37.2800,52,1
2026-05-28,600036,11:03:07,37.2700,57,2
2026-05-28,600036,11:03:10,37.2700,258,1
2026-05-28,600036,11:03:13,37.2600,427,2
2026-05-28,600036,11:03:16,37.2700,10,4
2026-05-28,600036,11:03:19,37.2700,28,1
2026-05-28,600036,11:03:22,37.2700,66,1
2026-05-28,600036,11:03:25,37.2700,273,1
2026-05-28,600036,11:03:28,37.2600,1,4
2026-05-28,600036,11:03:31,37.2600,30,1
2026-05-28,600036,11:03:34,37.2600,3,1
2026-05-28,600036,11:03:40,37.2600,13,1
2026-05-28,600036,11:03:43,37.2600,46,1
2026-05-28,600036,11:03:46,37.2600,32,2
2026-05-28,600036,11:03:49,37.2600,99,2
2026-05-28,600036,11:03:52,37.2600,18,4
2026-05-28,600036,11:03:55,37.2600,6,4
2026-05-28,600036,11:03:58,37.2500,2,2
2026-05-28,600036,11:04:02,37.2500,156,2
2026-05-28,600036,11:04:04,37.2400,337,2
2026-05-28,600036,11:04:07,37.2500,36,2
2026-05-28,600036,11:04:10,37.2400,121,2
2026-05-28,600036,11:04:13,37.2400,24,2
2026-05-28,600036,11:04:16,37.2500,2,1
2026-05-28,600036,11:04:19,37.2400,31,2
2026-05-28,600036,11:04:22,37.2400,17,1
2026-05-28,600036,11:04:25,37.2400,37,1
2026-05-28,600036,11:04:28,37.2300,2,2
2026-05-28,600036,11:04:31,37.2400,133,1
2026-05-28,600036,11:04:34,37.2400,19,2
2026-05-28,600036,11:04:37,37.2400,10,1
2026-05-28,600036,11:04:40,37.2400,3,1
2026-05-28,600036,11:04:46,37.2400,44,1
2026-05-28,600036,11:04:52,37.2400,124,1
2026-05-28,600036,11:04:55,37.2300,41,2
2026-05-28,600036,11:04:58,37.2300,270,2
2026-05-28,600036,11:05:01,37.2300,134,2
2026-05-28,600036,11:05:04,37.2400,9,1
2026-05-28,600036,11:05:07,37.2400,7,1
2026-05-28,600036,11:05:10,37.2400,30,1
2026-05-28,600036,11:05:13,37.2400,20,1
2026-05-28,600036,11:05:16,37.2400,37,1
2026-05-28,600036,11:05:19,37.2400,18,1
2026-05-28,600036,11:05:22,37.2400,111,1
2026-05-28,600036,11:05:25,37.2300,354,2
2026-05-28,600036,11:05:28,37.2300,37,2
2026-05-28,600036,11:05:31,37.2400,36,4
2026-05-28,600036,11:05:34,37.2300,195,2
2026-05-28,600036,11:05:37,37.2300,2,1
2026-05-28,600036,11:05:40,37.2200,24,2
2026-05-28,600036,11:05:43,37.2300,16,1
2026-05-28,600036,11:05:46,37.2300,126,1
2026-05-28,600036,11:05:49,37.2300,54,2
2026-05-28,600036,11:05:52,37.2400,27,1
2026-05-28,600036,11:05:55,37.2300,51,2
2026-05-28,600036,11:05:58,37.2300,88,2
2026-05-28,600036,11:06:01,37.2300,88,1
2026-05-28,600036,11:06:04,37.2300,26,2
2026-05-28,600036,11:06:07,37.2300,181,2
2026-05-28,600036,11:06:10,37.2200,36,2
2026-05-28,600036,11:06:13,37.2300,23,1
2026-05-28,600036,11:06:16,37.2300,142,1
2026-05-28,600036,11:06:19,37.2400,22,1
2026-05-28,600036,11:06:22,37.2400,346,1
2026-05-28,600036,11:06:25,37.2400,11,1
2026-05-28,600036,11:06:28,37.2400,7,1
2026-05-28,600036,11:06:31,37.2400,363,1
2026-05-28,600036,11:06:34,37.2400,28,2
2026-05-28,600036,11:06:37,37.2600,218,1
2026-05-28,600036,11:06:40,37.2600,14,1
2026-05-28,600036,11:06:43,37.2600,5,1
2026-05-28,600036,11:06:46,37.2600,40,1
2026-05-28,600036,11:06:49,37.2600,12,1
2026-05-28,600036,11:06:52,37.2600,31,1
2026-05-28,600036,11:06:55,37.2600,133,1
2026-05-28,600036,11:06:58,37.2600,194,1
2026-05-28,600036,11:07:01,37.2700,50,1
2026-05-28,600036,11:07:04,37.2700,11,1
2026-05-28,600036,11:07:07,37.2600,29,2
2026-05-28,600036,11:07:10,37.2700,43,1
2026-05-28,600036,11:07:13,37.2700,131,1
2026-05-28,600036,11:07:16,37.2600,111,2
2026-05-28,600036,11:07:19,37.2700,11,2
2026-05-28,600036,11:07:22,37.2800,15,1
2026-05-28,600036,11:07:25,37.2700,42,2
2026-05-28,600036,11:07:28,37.2700,18,2
2026-05-28,600036,11:07:31,37.2800,31,1
2026-05-28,600036,11:07:34,37.2800,18,1
2026-05-28,600036,11:07:37,37.2800,25,1
2026-05-28,600036,11:07:40,37.2800,4,1
2026-05-28,600036,11:07:43,37.2800,164,1
2026-05-28,600036,11:07:46,37.2800,71,1
2026-05-28,600036,11:07:49,37.2800,53,1
2026-05-28,600036,11:07:52,37.2800,309,2
2026-05-28,600036,11:07:55,37.2800,4,2
2026-05-28,600036,11:07:58,37.2900,3,1
2026-05-28,600036,11:08:01,37.2800,61,2
2026-05-28,600036,11:08:04,37.2800,227,2
2026-05-28,600036,11:08:07,37.2800,793,2
2026-05-28,600036,11:08:10,37.2800,6,1
2026-05-28,600036,11:08:13,37.2700,15,2
2026-05-28,600036,11:08:16,37.2700,288,2
2026-05-28,600036,11:08:19,37.2700,7,2
2026-05-28,600036,11:08:22,37.2700,2,1
2026-05-28,600036,11:08:25,37.2700,3,1
2026-05-28,600036,11:08:28,37.2600,210,2
2026-05-28,600036,11:08:31,37.2600,1,2
2026-05-28,600036,11:08:34,37.2600,31,2
2026-05-28,600036,11:08:37,37.2600,61,2
2026-05-28,600036,11:08:40,37.2700,161,1
2026-05-28,600036,11:08:43,37.2700,46,1
2026-05-28,600036,11:08:46,37.2700,23,1
2026-05-28,600036,11:08:49,37.2600,137,2
2026-05-28,600036,11:08:52,37.2600,87,1
2026-05-28,600036,11:08:55,37.2600,32,1
2026-05-28,600036,11:08:58,37.2600,23,1
2026-05-28,600036,11:09:01,37.2500,108,2
2026-05-28,600036,11:09:04,37.2600,19,4
2026-05-28,600036,11:09:07,37.2600,76,1
2026-05-28,600036,11:09:10,37.2600,5,1
2026-05-28,600036,11:09:13,37.2600,120,1
2026-05-28,600036,11:09:16,37.2600,5,1
2026-05-28,600036,11:09:19,37.2500,114,2
2026-05-28,600036,11:09:22,37.2500,18,1
2026-05-28,600036,11:09:25,37.2500,2,1
2026-05-28,600036,11:09:28,37.2500,2,1
2026-05-28,600036,11:09:31,37.2500,96,1
2026-05-28,600036,11:09:34,37.2500,22,1
2026-05-28,600036,11:09:37,37.2500,506,1
2026-05-28,600036,11:09:40,37.2400,312,2
2026-05-28,600036,11:09:43,37.2500,4,1
2026-05-28,600036,11:09:46,37.2500,1,1
2026-05-28,600036,11:09:49,37.2500,14,1
2026-05-28,600036,11:09:52,37.2400,2,2
2026-05-28,600036,11:09:55,37.2500,12,1
2026-05-28,600036,11:09:58,37.2500,11,1
2026-05-28,600036,11:10:01,37.2400,48,2
2026-05-28,600036,11:10:04,37.2500,35,1
2026-05-28,600036,11:10:07,37.2500,16,1
2026-05-28,600036,11:10:10,37.2500,15,1
2026-05-28,600036,11:10:13,37.2500,3,1
2026-05-28,600036,11:10:16,37.2500,11,1
2026-05-28,600036,11:10:19,37.2300,468,2
2026-05-28,600036,11:10:22,37.2400,27,4
2026-05-28,600036,11:10:28,37.2400,15,4
2026-05-28,600036,11:10:31,37.2400,10,2
2026-05-28,600036,11:10:34,37.2400,13,2
2026-05-28,600036,11:10:37,37.2300,45,2
2026-05-28,600036,11:10:40,37.2400,9,1
2026-05-28,600036,11:10:43,37.2300,38,2
2026-05-28,600036,11:10:46,37.2400,115,1
2026-05-28,600036,11:10:49,37.2400,89,2
2026-05-28,600036,11:10:52,37.2300,53,2
2026-05-28,600036,11:10:55,37.2400,4,1
2026-05-28,600036,11:10:58,37.2400,6,1
2026-05-28,600036,11:11:01,37.2400,41,1
2026-05-28,600036,11:11:04,37.2400,2,1
2026-05-28,600036,11:11:07,37.2400,190,1
2026-05-28,600036,11:11:10,37.2300,146,2
2026-05-28,600036,11:11:13,37.2300,9,2
2026-05-28,600036,11:11:16,37.2400,208,1
2026-05-28,600036,11:11:19,37.2300,10,2
2026-05-28,600036,11:11:22,37.2400,12,1
2026-05-28,600036,11:11:25,37.2300,28,2
2026-05-28,600036,11:11:28,37.2400,1,1
2026-05-28,600036,11:11:34,37.2400,4,1
2026-05-28,600036,11:11:37,37.2300,33,2
2026-05-28,600036,11:11:40,37.2400,25,1
2026-05-28,600036,11:11:43,37.2400,146,1
2026-05-28,600036,11:11:46,37.2400,161,1
2026-05-28,600036,11:11:49,37.2500,14,1
2026-05-28,600036,11:11:52,37.2400,2,2
2026-05-28,600036,11:11:55,37.2400,14,2
2026-05-28,600036,11:11:58,37.2500,15,1
2026-05-28,600036,11:12:01,37.2500,13,1
2026-05-28,600036,11:12:04,37.2500,4,1
2026-05-28,600036,11:12:07,37.2400,212,2
2026-05-28,600036,11:12:13,37.2500,1,1
2026-05-28,600036,11:12:16,37.2400,170,2
2026-05-28,600036,11:12:19,37.2400,20,2
2026-05-28,600036,11:12:22,37.2400,16,2
2026-05-28,600036,11:12:28,37.2400,7,2
2026-05-28,600036,11:12:31,37.2500,33,1
2026-05-28,600036,11:12:34,37.2400,5,2
2026-05-28,600036,11:12:37,37.2500,338,1
2026-05-28,600036,11:12:40,37.2400,15,1
2026-05-28,600036,11:12:43,37.2300,14,2
2026-05-28,600036,11:12:46,37.2400,34,1
2026-05-28,600036,11:12:49,37.2300,120,2
2026-05-28,600036,11:12:52,37.2400,23,1
2026-05-28,600036,11:12:55,37.2400,5,1
2026-05-28,600036,11:12:58,37.2400,2,1
2026-05-28,600036,11:13:01,37.2400,36,1
2026-05-28,600036,11:13:04,37.2400,99,1
2026-05-28,600036,11:13:07,37.2300,80,2
2026-05-28,600036,11:13:10,37.2300,165,2
2026-05-28,600036,11:13:13,37.2300,375,2
2026-05-28,600036,11:13:16,37.2200,43,2
2026-05-28,600036,11:13:19,37.2300,15,1
2026-05-28,600036,11:13:22,37.2200,22,2
2026-05-28,600036,11:13:25,37.2300,2,1
2026-05-28,600036,11:13:28,37.2200,5,2
2026-05-28,600036,11:13:31,37.2200,22,2
2026-05-28,600036,11:13:34,37.2300,8,1
2026-05-28,600036,11:13:37,37.2300,241,1
2026-05-28,600036,11:13:40,37.2300,112,1
2026-05-28,600036,11:13:43,37.2200,36,2
2026-05-28,600036,11:13:46,37.2300,56,1
2026-05-28,600036,11:13:49,37.2300,164,1
2026-05-28,600036,11:13:52,37.2300,35,2
2026-05-28,600036,11:13:55,37.2300,29,2
2026-05-28,600036,11:13:58,37.2300,19,2
2026-05-28,600036,11:14:01,37.2300,91,1
2026-05-28,600036,11:14:04,37.2300,5,4
2026-05-28,600036,11:14:07,37.2300,17,2
2026-05-28,600036,11:14:10,37.2300,8,2
2026-05-28,600036,11:14:13,37.2300,58,2
2026-05-28,600036,11:14:16,37.2300,221,1
2026-05-28,600036,11:14:19,37.2200,25,2
2026-05-28,600036,11:14:22,37.2300,683,1
2026-05-28,600036,11:14:25,37.2200,517,2
2026-05-28,600036,11:14:28,37.2300,13,1
2026-05-28,600036,11:14:31,37.2300,4,1
2026-05-28,600036,11:14:34,37.2200,7,2
2026-05-28,600036,11:14:37,37.2200,53,2
2026-05-28,600036,11:14:40,37.2300,40,1
2026-05-28,600036,11:14:43,37.2200,43,2
2026-05-28,600036,11:14:49,37.2300,2,1
2026-05-28,600036,11:14:52,37.2200,34,2
2026-05-28,600036,11:14:55,37.2300,6,1
2026-05-28,600036,11:14:58,37.2200,39,2
2026-05-28,600036,11:15:01,37.2200,80,2
2026-05-28,600036,11:15:04,37.2300,437,1
2026-05-28,600036,11:15:07,37.2300,110,1
2026-05-28,600036,11:15:13,37.2300,134,2
2026-05-28,600036,11:15:16,37.2300,59,1
2026-05-28,600036,11:15:19,37.2300,2,2
2026-05-28,600036,11:15:22,37.2300,12,2
2026-05-28,600036,11:15:25,37.2400,8,1
2026-05-28,600036,11:15:28,37.2300,3,2
2026-05-28,600036,11:15:31,37.2300,26,2
2026-05-28,600036,11:15:34,37.2400,115,1
2026-05-28,600036,11:15:37,37.2300,3,2
2026-05-28,600036,11:15:40,37.2300,3,2
2026-05-28,600036,11:15:43,37.2300,39,2
2026-05-28,600036,11:15:46,37.2400,6,1
2026-05-28,600036,11:15:49,37.2300,22,2
2026-05-28,600036,11:15:52,37.2300,662,2
2026-05-28,600036,11:15:55,37.2100,320,2
2026-05-28,600036,11:15:58,37.2100,13,2
2026-05-28,600036,11:16:01,37.2200,73,1
2026-05-28,600036,11:16:04,37.2300,431,1
2026-05-28,600036,11:16:07,37.2300,59,1
2026-05-28,600036,11:16:10,37.2300,209,1
2026-05-28,600036,11:16:13,37.2200,79,2
2026-05-28,600036,11:16:16,37.2200,222,2
2026-05-28,600036,11:16:19,37.2300,123,1
2026-05-28,600036,11:16:22,37.2200,51,2
2026-05-28,600036,11:16:25,37.2200,6,2
2026-05-28,600036,11:16:28,37.2300,16,1
2026-05-28,600036,11:16:31,37.2300,138,1
2026-05-28,600036,11:16:34,37.2300,21,1
2026-05-28,600036,11:16:37,37.2300,83,1
2026-05-28,600036,11:16:40,37.2300,53,2
2026-05-28,600036,11:16:43,37.2200,14,2
2026-05-28,600036,11:16:46,37.2200,19,2
2026-05-28,600036,11:16:49,37.2400,45,1
2026-05-28,600036,11:16:52,37.2300,8,2
2026-05-28,600036,11:16:55,37.2400,51,1
2026-05-28,600036,11:16:58,37.2200,14,2
2026-05-28,600036,11:17:01,37.2200,69,2
2026-05-28,600036,11:17:04,37.2200,951,2
2026-05-28,600036,11:17:07,37.2200,78,2
2026-05-28,600036,11:17:10,37.2200,88,2
2026-05-28,600036,11:17:13,37.2200,220,1
2026-05-28,600036,11:17:16,37.2200,105,1
2026-05-28,600036,11:17:19,37.2200,157,2
2026-05-28,600036,11:17:22,37.2200,38,1
2026-05-28,600036,11:17:25,37.2200,113,1
2026-05-28,600036,11:17:28,37.2200,70,1
2026-05-28,600036,11:17:31,37.2200,35,1
2026-05-28,600036,11:17:34,37.2100,14,2
2026-05-28,600036,11:17:37,37.2200,12,1
2026-05-28,600036,11:17:40,37.2200,246,1
2026-05-28,600036,11:17:43,37.2100,45,2
2026-05-28,600036,11:17:46,37.2200,60,1
2026-05-28,600036,11:17:49,37.2200,86,1
2026-05-28,600036,11:17:52,37.2100,3,2
2026-05-28,600036,11:17:55,37.2100,59,2
2026-05-28,600036,11:17:58,37.2100,27,2
2026-05-28,600036,11:18:01,37.2100,11,2
2026-05-28,600036,11:18:04,37.2200,46,1
2026-05-28,600036,11:18:07,37.2200,23,1
2026-05-28,600036,11:18:10,37.2200,40,1
2026-05-28,600036,11:18:13,37.2100,56,2
2026-05-28,600036,11:18:16,37.2100,229,2
2026-05-28,600036,11:18:19,37.2100,563,2
2026-05-28,600036,11:18:22,37.2100,75,2
2026-05-28,600036,11:18:25,37.2100,363,2
2026-05-28,600036,11:18:28,37.2100,24,2
2026-05-28,600036,11:18:31,37.2000,143,2
2026-05-28,600036,11:18:34,37.2100,191,1
2026-05-28,600036,11:18:37,37.2100,99,1
2026-05-28,600036,11:18:40,37.2100,83,2
2026-05-28,600036,11:18:43,37.2100,109,2
2026-05-28,600036,11:18:46,37.2100,18,1
2026-05-28,600036,11:18:49,37.2000,39,2
2026-05-28,600036,11:18:52,37.2000,57,2
2026-05-28,600036,11:18:55,37.2100,47,1
2026-05-28,600036,11:18:58,37.2100,41,1
2026-05-28,600036,11:19:01,37.2100,17,1
2026-05-28,600036,11:19:04,37.2000,248,2
2026-05-28,600036,11:19:07,37.2000,87,2
2026-05-28,600036,11:19:10,37.2000,641,2
2026-05-28,600036,11:19:13,37.2000,95,2
2026-05-28,600036,11:19:16,37.2100,71,1
2026-05-28,600036,11:19:19,37.2000,54,2
2026-05-28,600036,11:19:22,37.2000,170,2
2026-05-28,600036,11:19:25,37.2100,84,1
2026-05-28,600036,11:19:28,37.2000,71,2
2026-05-28,600036,11:19:31,37.2000,48,2
2026-05-28,600036,11:19:34,37.2000,90,2
2026-05-28,600036,11:19:37,37.2000,21,2
2026-05-28,600036,11:19:40,37.2000,107,2
2026-05-28,600036,11:19:43,37.2100,33,1
2026-05-28,600036,11:19:46,37.2100,36,1
2026-05-28,600036,11:19:49,37.2000,50,2
2026-05-28,600036,11:19:52,37.2000,12,2
2026-05-28,600036,11:19:55,37.2000,22,2
2026-05-28,600036,11:19:58,37.2000,1284,2
2026-05-28,600036,11:20:01,37.2000,87,2
2026-05-28,600036,11:20:05,37.2000,277,2
2026-05-28,600036,11:20:07,37.2000,14,2
2026-05-28,600036,11:20:10,37.2000,22,2
