date,code,time,price,volume,bs
2026-06-09,000001,14:04:30,11.1000,49,1
2026-06-09,000001,14:04:33,11.0900,33,2
2026-06-09,000001,14:04:36,11.0900,132,2
2026-06-09,000001,14:04:39,11.1000,1403,1
2026-06-09,000001,14:04:42,11.0900,6622,2
2026-06-09,000001,14:04:45,11.0900,324,1
2026-06-09,000001,14:04:48,11.0800,105,2
2026-06-09,000001,14:04:51,11.0800,181,2
2026-06-09,000001,14:04:54,11.0900,25,1
2026-06-09,000001,14:04:57,11.0900,11,1
2026-06-09,000001,14:05:00,11.0900,31,1
2026-06-09,000001,14:05:03,11.0800,115,2
2026-06-09,000001,14:05:06,11.0900,7,1
2026-06-09,000001,14:05:09,11.0900,630,1
2026-06-09,000001,14:05:12,11.0800,136,2
2026-06-09,000001,14:05:15,11.0900,193,1
2026-06-09,000001,14:05:18,11.0800,1,2
2026-06-09,000001,14:05:21,11.0900,23,1
2026-06-09,000001,14:05:24,11.0900,15,1
2026-06-09,000001,14:05:27,11.0800,79,2
2026-06-09,000001,14:05:30,11.0800,19,2
2026-06-09,000001,14:05:33,11.0900,12,1
2026-06-09,000001,14:05:36,11.0900,960,1
2026-06-09,000001,14:05:39,11.0800,37,2
2026-06-09,000001,14:05:42,11.0900,559,1
2026-06-09,000001,14:05:45,11.0900,753,1
2026-06-09,000001,14:05:48,11.0900,216,1
2026-06-09,000001,14:05:51,11.0800,96,2
2026-06-09,000001,14:05:54,11.0900,47,1
2026-06-09,000001,14:05:57,11.0900,52,1
2026-06-09,000001,14:06:00,11.0900,22,1
2026-06-09,000001,14:06:03,11.0900,365,1
2026-06-09,000001,14:06:06,11.0900,75,1
2026-06-09,000001,14:06:09,11.0800,92,2
2026-06-09,000001,14:06:12,11.0900,121,1
2026-06-09,000001,14:06:15,11.0900,367,1
2026-06-09,000001,14:06:18,11.0900,237,2
2026-06-09,000001,14:06:21,11.0900,90,1
2026-06-09,000001,14:06:24,11.0900,18,1
2026-06-09,000001,14:06:27,11.0900,126,1
2026-06-09,000001,14:06:30,11.0900,63,1
2026-06-09,000001,14:06:33,11.0900,76,1
2026-06-09,000001,14:06:36,11.0900,5,1
2026-06-09,000001,14:06:39,11.0900,35,1
2026-06-09,000001,14:06:42,11.0900,26,1
2026-06-09,000001,14:06:45,11.0800,63,2
2026-06-09,000001,14:06:48,11.0900,112,1
2026-06-09,000001,14:06:51,11.0900,744,1
2026-06-09,000001,14:06:54,11.0900,39,1
2026-06-09,000001,14:06:57,11.0900,41,1
2026-06-09,000001,14:07:00,11.0900,64,1
2026-06-09,000001,14:07:03,11.0900,5,1
2026-06-09,000001,14:07:06,11.0900,160,1
2026-06-09,000001,14:07:09,11.0900,56,1
2026-06-09,000001,14:07:12,11.0900,54,1
2026-06-09,000001,14:07:15,11.0800,118,2
2026-06-09,000001,14:07:18,11.0900,48,1
2026-06-09,000001,14:07:21,11.0900,56,1
2026-06-09,000001,14:07:24,11.0800,16,2
2026-06-09,000001,14:07:27,11.0800,8,2
2026-06-09,000001,14:07:30,11.0900,121,1
2026-06-09,000001,14:07:33,11.0900,54,1
2026-06-09,000001,14:07:36,11.0900,32,1
2026-06-09,000001,14:07:39,11.0900,18,1
2026-06-09,000001,14:07:42,11.0900,53,1
2026-06-09,000001,14:07:45,11.0800,34,2
2026-06-09,000001,14:07:48,11.0900,46,1
2026-06-09,000001,14:07:51,11.0900,20,1
2026-06-09,000001,14:07:54,11.0900,231,1
2026-06-09,000001,14:07:57,11.0900,1161,2
2026-06-09,000001,14:08:00,11.0900,1722,2
2026-06-09,000001,14:08:03,11.0900,217,2
2026-06-09,000001,14:08:06,11.0900,55,2
2026-06-09,000001,14:08:09,11.0900,71,2
2026-06-09,000001,14:08:12,11.1000,27,1
2026-06-09,000001,14:08:15,11.1000,1,1
2026-06-09,000001,14:08:18,11.1000,35,1
2026-06-09,000001,14:08:21,11.1000,1,1
2026-06-09,000001,14:08:30,11.0900,241,2
2026-06-09,000001,14:08:33,11.0900,177,2
2026-06-09,000001,14:08:36,11.0900,329,2
2026-06-09,000001,14:08:39,11.0900,2,2
2026-06-09,000001,14:08:42,11.1000,2,1
2026-06-09,000001,14:08:45,11.0900,2,2
2026-06-09,000001,14:08:48,11.1000,2,1
2026-06-09,000001,14:08:51,11.0900,2,2
2026-06-09,000001,14:08:57,11.1000,5,1
2026-06-09,000001,14:09:00,11.1000,44,1
2026-06-09,000001,14:09:03,11.1000,80,1
2026-06-09,000001,14:09:06,11.0900,561,2
2026-06-09,000001,14:09:09,11.0900,1102,2
2026-06-09,000001,14:09:12,11.0900,478,2
2026-06-09,000001,14:09:15,11.0900,164,2
2026-06-09,000001,14:09:18,11.0900,49,2
2026-06-09,000001,14:09:21,11.1000,49,1
2026-06-09,000001,14:09:24,11.0900,20,2
2026-06-09,000001,14:09:27,11.0900,64,2
2026-06-09,000001,14:09:30,11.0900,40,1
2026-06-09,000001,14:09:33,11.0900,93,1
2026-06-09,000001,14:09:36,11.0900,52,1
2026-06-09,000001,14:09:39,11.0900,17,1
2026-06-09,000001,14:09:42,11.0900,56,1
2026-06-09,000001,14:09:45,11.0900,12,1
2026-06-09,000001,14:09:48,11.0900,52,1
2026-06-09,000001,14:09:51,11.0800,22,2
2026-06-09,000001,14:09:54,11.0900,155,1
2026-06-09,000001,14:09:57,11.0900,94,1
2026-06-09,000001,14:10:00,11.0900,41,1
2026-06-09,000001,14:10:03,11.0900,91,1
2026-06-09,000001,14:10:06,11.0900,49,1
2026-06-09,000001,14:10:09,11.0900,105,1
2026-06-09,000001,14:10:12,11.0900,5,1
2026-06-09,000001,14:10:15,11.0900,103,1
2026-06-09,000001,14:10:18,11.0900,326,1
2026-06-09,000001,14:10:21,11.0900,1305,2
2026-06-09,000001,14:10:24,11.0800,4,2
2026-06-09,000001,14:10:27,11.0900,57,1
2026-06-09,000001,14:10:30,11.0800,295,2
2026-06-09,000001,14:10:33,11.0800,122,2
2026-06-09,000001,14:10:36,11.0800,31,2
2026-06-09,000001,14:10:39,11.0800,62,2
2026-06-09,000001,14:10:42,11.0900,121,1
2026-06-09,000001,14:10:45,11.0800,4,2
2026-06-09,000001,14:10:48,11.0900,5,1
2026-06-09,000001,14:10:51,11.0900,154,1
2026-06-09,000001,14:10:54,11.0900,150,1
2026-06-09,000001,14:10:57,11.0900,240,1
2026-06-09,000001,14:11:00,11.0900,38,1
2026-06-09,000001,14:11:03,11.0800,62,2
2026-06-09,000001,14:11:06,11.0900,16,1
2026-06-09,000001,14:11:09,11.0900,30,1
2026-06-09,000001,14:11:12,11.0900,37,1
2026-06-09,000001,14:11:15,11.0900,112,1
2026-06-09,000001,14:11:18,11.0900,11,1
2026-06-09,000001,14:11:21,11.0900,305,1
2026-06-09,000001,14:11:24,11.0900,59,1
2026-06-09,000001,14:11:27,11.0800,16,2
2026-06-09,000001,14:11:30,11.0800,55,2
2026-06-09,000001,14:11:33,11.0800,15,2
2026-06-09,000001,14:11:36,11.0900,31,1
2026-06-09,000001,14:11:42,11.0900,8,1
2026-06-09,000001,14:11:45,11.0900,44,1
2026-06-09,000001,14:11:48,11.0900,95,1
2026-06-09,000001,14:11:51,11.0900,10,1
2026-06-09,000001,14:11:54,11.0900,33,1
2026-06-09,000001,14:11:57,11.0800,28,2
2026-06-09,000001,14:12:00,11.0900,64,1
2026-06-09,000001,14:12:03,11.0800,21,2
2026-06-09,000001,14:12:06,11.0900,37,1
2026-06-09,000001,14:12:12,11.0900,27,1
2026-06-09,000001,14:12:15,11.0800,41,2
2026-06-09,000001,14:12:18,11.0900,134,1
2026-06-09,000001,14:12:21,11.0900,18,1
2026-06-09,000001,14:12:24,11.0900,42,1
2026-06-09,000001,14:12:27,11.0800,3,2
2026-06-09,000001,14:12:30,11.0800,134,2
2026-06-09,000001,14:12:33,11.0800,43,2
2026-06-09,000001,14:12:36,11.0900,1313,1
2026-06-09,000001,14:12:39,11.0900,189,1
2026-06-09,000001,14:12:42,11.0900,33,1
2026-06-09,000001,14:12:45,11.1000,635,1
2026-06-09,000001,14:12:48,11.0900,14,2
2026-06-09,000001,14:12:51,11.1000,45,1
2026-06-09,000001,14:12:54,11.1000,3,1
2026-06-09,000001,14:12:57,11.1000,145,1
2026-06-09,000001,14:13:00,11.0900,191,2
2026-06-09,000001,14:13:03,11.1000,51,1
2026-06-09,000001,14:13:06,11.1000,51,1
2026-06-09,000001,14:13:09,11.1000,20,1
2026-06-09,000001,14:13:12,11.0900,18,2
2026-06-09,000001,14:13:15,11.1000,530,1
2026-06-09,000001,14:13:18,11.1000,151,1
2026-06-09,000001,14:13:21,11.1000,42,1
2026-06-09,000001,14:13:27,11.1000,145,1
2026-06-09,000001,14:13:30,11.1000,77,1
2026-06-09,000001,14:13:33,11.0900,372,2
2026-06-09,000001,14:13:36,11.1000,107,1
2026-06-09,000001,14:13:39,11.0900,153,2
2026-06-09,000001,14:13:42,11.1000,242,1
2026-06-09,000001,14:13:45,11.0900,412,2
2026-06-09,000001,14:13:48,11.1000,51,1
2026-06-09,000001,14:13:51,11.1000,7,1
2026-06-09,000001,14:13:54,11.1000,53,1
2026-06-09,000001,14:13:57,11.0900,1,2
2026-06-09,000001,14:14:00,11.1000,29,1
2026-06-09,000001,14:14:03,11.1000,156,1
2026-06-09,000001,14:14:06,11.1000,10,1
2026-06-09,000001,14:14:09,11.0900,299,2
2026-06-09,000001,14:14:12,11.0900,1082,2
2026-06-09,000001,14:14:15,11.0900,64,2
2026-06-09,000001,14:14:18,11.0900,113,2
2026-06-09,000001,14:14:21,11.0900,46,2
2026-06-09,000001,14:14:24,11.1000,14,1
2026-06-09,000001,14:14:30,11.0900,10,2
2026-06-09,000001,14:14:33,11.0900,7,2
2026-06-09,000001,14:14:36,11.0900,37,2
2026-06-09,000001,14:14:39,11.0900,7,2
2026-06-09,000001,14:14:42,11.1000,94,1
2026-06-09,000001,14:14:45,11.0900,4,2
2026-06-09,000001,14:14:48,11.1000,98,1
2026-06-09,000001,14:14:51,11.1000,26,1
2026-06-09,000001,14:14:54,11.1000,100,1
2026-06-09,000001,14:14:57,11.1000,162,1
2026-06-09,000001,14:15:00,11.1000,277,1
2026-06-09,000001,14:15:03,11.1000,2,1
2026-06-09,000001,14:15:06,11.1000,733,1
2026-06-09,000001,14:15:09,11.1000,15,1
2026-06-09,000001,14:15:12,11.1000,3,1
2026-06-09,000001,14:15:15,11.1000,19,1
2026-06-09,000001,14:15:18,11.1000,29,1
2026-06-09,000001,14:15:21,11.0900,66,2
2026-06-09,000001,14:15:24,11.1000,81,1
2026-06-09,000001,14:15:27,11.0900,25,2
2026-06-09,000001,14:15:30,11.1000,14,1
2026-06-09,000001,14:15:36,11.1000,1,1
2026-06-09,000001,14:15:39,11.0900,9,2
2026-06-09,000001,14:15:42,11.1000,189,1
2026-06-09,000001,14:15:45,11.1000,37,1
2026-06-09,000001,14:15:48,11.1000,30,1
2026-06-09,000001,14:15:51,11.0900,215,2
2026-06-09,000001,14:15:54,11.1000,162,1
2026-06-09,000001,14:15:57,11.1000,174,1
2026-06-09,000001,14:16:00,11.1000,235,1
2026-06-09,000001,14:16:03,11.1000,802,1
2026-06-09,000001,14:16:06,11.0900,12,2
2026-06-09,000001,14:16:09,11.0900,31,2
2026-06-09,000001,14:16:12,11.0900,43,2
2026-06-09,000001,14:16:15,11.1000,34,1
2026-06-09,000001,14:16:18,11.0900,20,2
2026-06-09,000001,14:16:21,11.0900,73,2
2026-06-09,000001,14:16:24,11.0900,8,2
2026-06-09,000001,14:16:27,11.1000,72,1
2026-06-09,000001,14:16:30,11.1000,81,1
2026-06-09,000001,14:16:33,11.0900,550,2
2026-06-09,000001,14:16:36,11.0900,4,2
2026-06-09,000001,14:16:39,11.1000,30,1
2026-06-09,000001,14:16:42,11.1000,331,1
2026-06-09,000001,14:16:45,11.1000,13,1
2026-06-09,000001,14:16:48,11.1000,71,1
2026-06-09,000001,14:16:51,11.1000,37,1
2026-06-09,000001,14:16:54,11.1000,39,1
2026-06-09,000001,14:16:57,11.1000,19,1
2026-06-09,000001,14:17:00,11.1000,58,1
2026-06-09,000001,14:17:03,11.1000,66,1
2026-06-09,000001,14:17:06,11.0900,19,2
2026-06-09,000001,14:17:09,11.1000,2,1
2026-06-09,000001,14:17:12,11.1000,321,1
2026-06-09,000001,14:17:15,11.1000,1190,2
2026-06-09,000001,14:17:18,11.1000,14,2
2026-06-09,000001,14:17:21,11.1000,50,2
2026-06-09,000001,14:17:24,11.1000,14,2
2026-06-09,000001,14:17:27,11.1000,1,2
2026-06-09,000001,14:17:30,11.1000,20,2
2026-06-09,000001,14:17:33,11.1000,16,2
2026-06-09,000001,14:17:36,11.1000,31,2
2026-06-09,000001,14:17:39,11.1000,32,2
2026-06-09,000001,14:17:42,11.1000,1,2
2026-06-09,000001,14:17:45,11.1100,8,1
2026-06-09,000001,14:17:48,11.1100,6,1
2026-06-09,000001,14:17:51,11.1100,2,1
2026-06-09,000001,14:17:54,11.1100,96,1
2026-06-09,000001,14:17:57,11.1000,37,2
2026-06-09,000001,14:18:00,11.1100,23,1
2026-06-09,000001,14:18:03,11.1100,1,1
2026-06-09,000001,14:18:06,11.1100,13,1
2026-06-09,000001,14:18:09,11.1000,120,2
2026-06-09,000001,14:18:12,11.1100,3,1
2026-06-09,000001,14:18:15,11.1100,5,1
2026-06-09,000001,14:18:18,11.1100,1798,1
2026-06-09,000001,14:18:21,11.1000,29,2
2026-06-09,000001,14:18:24,11.1100,127,1
2026-06-09,000001,14:18:27,11.1000,109,2
2026-06-09,000001,14:18:30,11.1000,92,2
2026-06-09,000001,14:18:36,11.1100,38,1
2026-06-09,000001,14:18:39,11.1100,10,1
2026-06-09,000001,14:18:42,11.1100,138,1
2026-06-09,000001,14:18:45,11.1100,49,1
2026-06-09,000001,14:18:48,11.1100,17,1
2026-06-09,000001,14:18:51,11.1000,1,2
2026-06-09,000001,14:18:54,11.1100,2,1
2026-06-09,000001,14:18:57,11.1100,6,1
2026-06-09,000001,14:19:00,11.1100,111,1
2026-06-09,000001,14:19:03,11.1100,144,1
2026-06-09,000001,14:19:06,11.1000,2423,2
2026-06-09,000001,14:19:09,11.1000,2237,2
2026-06-09,000001,14:19:12,11.1000,344,2
2026-06-09,000001,14:19:15,11.1000,588,2
2026-06-09,000001,14:19:18,11.1000,2,2
2026-06-09,000001,14:19:21,11.1000,8,2
2026-06-09,000001,14:19:30,11.1000,22,2
2026-06-09,000001,14:19:33,11.1000,170,2
2026-06-09,000001,14:19:36,11.1000,50,2
2026-06-09,000001,14:19:39,11.1000,3,2
2026-06-09,000001,14:19:42,11.1000,303,2
2026-06-09,000001,14:19:45,11.1000,133,2
2026-06-09,000001,14:19:48,11.1000,206,2
2026-06-09,000001,14:19:51,11.1000,911,2
2026-06-09,000001,14:19:54,11.1000,84,1
2026-06-09,000001,14:19:57,11.1000,93,1
2026-06-09,000001,14:20:00,11.1000,22,1
2026-06-09,000001,14:20:03,11.1000,6,1
2026-06-09,000001,14:20:06,11.1000,499,1
2026-06-09,000001,14:20:09,11.1000,29,2
2026-06-09,000001,14:20:12,11.1100,12,1
2026-06-09,000001,14:20:15,11.1100,24,1
2026-06-09,000001,14:20:18,11.1000,65,2
2026-06-09,000001,14:20:24,11.1100,1,1
2026-06-09,000001,14:20:30,11.1000,1,2
2026-06-09,000001,14:20:33,11.1000,23,2
2026-06-09,000001,14:20:39,11.1000,2,2
2026-06-09,000001,14:20:42,11.1000,5,2
2026-06-09,000001,14:20:45,11.1100,4,1
2026-06-09,000001,14:20:48,11.1000,5,2
2026-06-09,000001,14:20:51,11.1000,9,2
2026-06-09,000001,14:20:57,11.1000,1,2
2026-06-09,000001,14:21:00,11.1000,10,2
2026-06-09,000001,14:21:03,11.1000,1897,2
2026-06-09,000001,14:21:06,11.1000,6,2
2026-06-09,000001,14:21:09,11.1100,49,1
2026-06-09,000001,14:21:12,11.1000,39,2
2026-06-09,000001,14:21:15,11.1100,6,1
2026-06-09,000001,14:21:18,11.1100,1,1
2026-06-09,000001,14:21:21,11.1100,31,1
2026-06-09,000001,14:21:24,11.1000,4,2
2026-06-09,000001,14:21:30,11.1000,36,2
2026-06-09,000001,14:21:33,11.1000,113,2
2026-06-09,000001,14:21:36,11.1100,9,1
2026-06-09,000001,14:21:39,11.1000,51,2
2026-06-09,000001,14:21:42,11.1100,53,1
2026-06-09,000001,14:21:45,11.1100,28,1
2026-06-09,000001,14:21:51,11.1100,6,1
2026-06-09,000001,14:21:54,11.1100,31,1
2026-06-09,000001,14:21:57,11.1000,48,2
2026-06-09,000001,14:22:00,11.1100,86,1
2026-06-09,000001,14:22:06,11.1100,14,1
2026-06-09,000001,14:22:09,11.1100,72,1
2026-06-09,000001,14:22:12,11.1000,16,2
2026-06-09,000001,14:22:15,11.1100,10,1
2026-06-09,000001,14:22:18,11.1100,4,1
2026-06-09,000001,14:22:21,11.1000,65,2
2026-06-09,000001,14:22:24,11.1100,10,1
2026-06-09,000001,14:22:30,11.1000,52,2
2026-06-09,000001,14:22:33,11.1100,4,1
2026-06-09,000001,14:22:39,11.1000,1,2
2026-06-09,000001,14:22:42,11.1100,167,1
2026-06-09,000001,14:22:45,11.1000,60,2
2026-06-09,000001,14:22:48,11.1000,4,2
2026-06-09,000001,14:22:51,11.1100,15,1
2026-06-09,000001,14:22:54,11.1000,13,2
2026-06-09,000001,14:22:57,11.1000,17,2
2026-06-09,000001,14:23:00,11.1000,56,2
2026-06-09,000001,14:23:12,11.1100,9,1
2026-06-09,000001,14:23:15,11.1100,20,1
2026-06-09,000001,14:23:21,11.1000,26,2
2026-06-09,000001,14:23:24,11.1100,2,1
2026-06-09,000001,14:23:27,11.1100,14,1
2026-06-09,000001,14:23:30,11.1000,47,2
2026-06-09,000001,14:23:36,11.1000,17,2
2026-06-09,000001,14:23:39,11.1000,1,2
2026-06-09,000001,14:23:42,11.1100,59,1
2026-06-09,000001,14:23:45,11.1000,10,2
2026-06-09,000001,14:23:48,11.1100,3559,1
2026-06-09,000001,14:23:51,11.1000,566,2
2026-06-09,000001,14:23:54,11.1000,618,2
2026-06-09,000001,14:23:57,11.1000,171,2
2026-06-09,000001,14:24:00,11.1000,12,2
2026-06-09,000001,14:24:03,11.1000,1,2
2026-06-09,000001,14:24:06,11.1000,17,2
2026-06-09,000001,14:24:09,11.1000,13,2
2026-06-09,000001,14:24:12,11.1000,217,2
2026-06-09,000001,14:24:15,11.1000,6,2
2026-06-09,000001,14:24:18,11.1000,31,2
2026-06-09,000001,14:24:21,11.1000,32,2
2026-06-09,000001,14:24:24,11.1100,102,1
2026-06-09,000001,14:24:27,11.1000,1,2
2026-06-09,000001,14:24:30,11.1100,21,1
2026-06-09,000001,14:24:33,11.1100,1,1
2026-06-09,000001,14:24:36,11.1000,38,2
2026-06-09,000001,14:24:42,11.1000,77,2
2026-06-09,000001,14:24:45,11.1000,2,2
2026-06-09,000001,14:24:51,11.1000,10,2
2026-06-09,000001,14:24:54,11.1000,25,2
2026-06-09,000001,14:24:57,11.1000,30,2
2026-06-09,000001,14:25:06,11.1100,7,1
2026-06-09,000001,14:25:12,11.1000,8,2
2026-06-09,000001,14:25:15,11.1000,40,2
2026-06-09,000001,14:25:18,11.1000,4,2
2026-06-09,000001,14:25:21,11.1100,140,1
2026-06-09,000001,14:25:24,11.1100,2,1
2026-06-09,000001,14:25:27,11.1100,6,1
2026-06-09,000001,14:25:30,11.1000,51,2
2026-06-09,000001,14:25:36,11.1000,1,2
2026-06-09,000001,14:25:39,11.1100,45,1
2026-06-09,000001,14:25:42,11.1100,54,1
2026-06-09,000001,14:25:45,11.1000,36,2
2026-06-09,000001,14:25:48,11.1000,25,2
2026-06-09,000001,14:25:51,11.1000,48,2
2026-06-09,000001,14:25:54,11.1100,2,1
2026-06-09,000001,14:25:57,11.1100,107,1
2026-06-09,000001,14:26:00,11.1100,81,1
2026-06-09,000001,14:26:06,11.1100,90,1
2026-06-09,000001,14:26:12,11.1000,5,2
2026-06-09,000001,14:26:15,11.1100,16,1
2026-06-09,000001,14:26:18,11.1000,71,2
2026-06-09,000001,14:26:21,11.1100,9,1
2026-06-09,000001,14:26:27,11.1000,89,2
2026-06-09,000001,14:26:30,11.1100,50,1
2026-06-09,000001,14:26:33,11.1100,16,1
2026-06-09,000001,14:26:36,11.1100,17,1
2026-06-09,000001,14:26:39,11.1100,29,1
2026-06-09,000001,14:26:42,11.1100,68,1
2026-06-09,000001,14:26:45,11.1000,24,2
2026-06-09,000001,14:26:48,11.1100,6,1
2026-06-09,000001,14:26:51,11.1200,2880,1
2026-06-09,000001,14:26:54,11.1100,12,2
2026-06-09,000001,14:26:57,11.1200,6,1
2026-06-09,000001,14:27:00,11.1200,78,1
2026-06-09,000001,14:27:03,11.1100,23,2
2026-06-09,000001,14:27:06,11.1200,327,1
2026-06-09,000001,14:27:09,11.1100,2476,2
2026-06-09,000001,14:27:12,11.1000,87,2
2026-06-09,000001,14:27:15,11.1000,16,2
2026-06-09,000001,14:27:18,11.1100,89,1
2026-06-09,000001,14:27:21,11.1100,444,1
2026-06-09,000001,14:27:24,11.1100,32,1
2026-06-09,000001,14:27:27,11.1000,23,2
2026-06-09,000001,14:27:30,11.1000,65,2
2026-06-09,000001,14:27:33,11.1000,35,2
2026-06-09,000001,14:27:39,11.1100,8,1
2026-06-09,000001,14:27:42,11.1100,1,1
2026-06-09,000001,14:27:45,11.1100,10,1
2026-06-09,000001,14:27:48,11.1100,25,1
2026-06-09,000001,14:27:51,11.1100,28,1
2026-06-09,000001,14:27:54,11.1100,19,1
2026-06-09,000001,14:27:57,11.1100,174,1
2026-06-09,000001,14:28:00,11.1100,324,1
2026-06-09,000001,14:28:03,11.1100,16,1
2026-06-09,000001,14:28:06,11.1100,101,1
2026-06-09,000001,14:28:09,11.1000,1466,2
2026-06-09,000001,14:28:12,11.1100,6,1
2026-06-09,000001,14:28:15,11.1000,3,2
2026-06-09,000001,14:28:18,11.1000,31,2
2026-06-09,000001,14:28:21,11.1100,1,1
2026-06-09,000001,14:28:24,11.1100,1,1
2026-06-09,000001,14:28:27,11.1100,22,1
2026-06-09,000001,14:28:30,11.1100,31,1
2026-06-09,000001,14:28:33,11.1100,37,1
2026-06-09,000001,14:28:36,11.1100,44,1
2026-06-09,000001,14:28:39,11.1000,106,2
2026-06-09,000001,14:28:42,11.1000,22,2
2026-06-09,000001,14:28:45,11.1000,46,2
2026-06-09,000001,14:28:48,11.1000,323,2
2026-06-09,000001,14:28:51,11.1000,20,2
2026-06-09,000001,14:28:54,11.1000,41,2
2026-06-09,000001,14:28:57,11.1100,662,1
2026-06-09,000001,14:29:00,11.1100,73,1
2026-06-09,000001,14:29:03,11.1100,24,1
2026-06-09,000001,14:29:06,11.1100,100,1
2026-06-09,000001,14:29:09,11.1100,6,1
2026-06-09,000001,14:29:12,11.1100,2,1
2026-06-09,000001,14:29:15,11.1200,120,1
2026-06-09,000001,14:29:18,11.1000,133,2
2026-06-09,000001,14:29:21,11.1200,1,1
2026-06-09,000001,14:29:24,11.1000,77,2
2026-06-09,000001,14:29:27,11.1000,17,2
2026-06-09,000001,14:29:30,11.1100,241,1
2026-06-09,000001,14:29:33,11.1100,67,1
2026-06-09,000001,14:29:36,11.1100,28,1
2026-06-09,000001,14:29:39,11.1100,5,1
2026-06-09,000001,14:29:45,11.1000,24,2
2026-06-09,000001,14:29:51,11.1100,3349,1
2026-06-09,000001,14:29:54,11.1000,202,2
2026-06-09,000001,14:29:57,11.1000,1232,2
2026-06-09,000001,14:30:00,11.1000,92,2
2026-06-09,000001,14:30:03,11.1100,282,1
2026-06-09,000001,14:30:06,11.1200,263,1
2026-06-09,000001,14:30:09,11.1200,125,1
2026-06-09,000001,14:30:12,11.1100,173,2
2026-06-09,000001,14:30:15,11.1100,13,1
2026-06-09,000001,14:30:18,11.1100,111,1
2026-06-09,000001,14:30:21,11.1100,481,1
2026-06-09,000001,14:30:24,11.1000,59,2
2026-06-09,000001,14:30:27,11.1100,86,1
2026-06-09,000001,14:30:30,11.1100,4,1
2026-06-09,000001,14:30:33,11.1100,22,1
2026-06-09,000001,14:30:36,11.1000,135,2
2026-06-09,000001,14:30:39,11.1100,77,1
2026-06-09,000001,14:30:42,11.1100,147,1
2026-06-09,000001,14:30:45,11.1100,76,1
2026-06-09,000001,14:30:48,11.1100,225,1
2026-06-09,000001,14:30:51,11.1100,117,2
2026-06-09,000001,14:30:54,11.1100,579,2
2026-06-09,000001,14:30:57,11.1100,139,1
2026-06-09,000001,14:31:00,11.1100,434,1
2026-06-09,000001,14:31:03,11.1100,87,2
2026-06-09,000001,14:31:06,11.1100,314,2
2026-06-09,000001,14:31:09,11.1100,775,2
2026-06-09,000001,14:31:12,11.1200,1544,1
2026-06-09,000001,14:31:15,11.1200,221,1
2026-06-09,000001,14:31:18,11.1100,194,2
2026-06-09,000001,14:31:21,11.1100,14,2
2026-06-09,000001,14:31:24,11.1100,624,2
2026-06-09,000001,14:31:27,11.1000,236,2
2026-06-09,000001,14:31:30,11.1100,255,1
2026-06-09,000001,14:31:33,11.1000,104,2
2026-06-09,000001,14:31:36,11.1000,29,2
2026-06-09,000001,14:31:39,11.1100,78,1
2026-06-09,000001,14:31:42,11.1000,17,2
2026-06-09,000001,14:31:45,11.1100,95,1
2026-06-09,000001,14:31:48,11.1100,20,1
2026-06-09,000001,14:31:51,11.1100,9,1
2026-06-09,000001,14:31:54,11.1100,12,1
2026-06-09,000001,14:31:57,11.1100,575,1
2026-06-09,000001,14:32:00,11.1100,36,1
2026-06-09,000001,14:32:03,11.1000,111,2
2026-06-09,000001,14:32:06,11.1000,1,2
2026-06-09,000001,14:32:09,11.1100,32,1
2026-06-09,000001,14:32:12,11.1100,57,1
2026-06-09,000001,14:32:15,11.1100,35,1
2026-06-09,000001,14:32:18,11.1100,13,1
2026-06-09,000001,14:32:21,11.1100,64,1
2026-06-09,000001,14:32:24,11.1100,5,1
2026-06-09,000001,14:32:27,11.1100,1,1
2026-06-09,000001,14:32:30,11.1100,31,1
2026-06-09,000001,14:32:33,11.1100,20,1
2026-06-09,000001,14:32:39,11.1000,42,2
2026-06-09,000001,14:32:42,11.1100,168,1
2026-06-09,000001,14:32:45,11.1100,20,1
2026-06-09,000001,14:32:51,11.1000,68,2
2026-06-09,000001,14:32:54,11.1000,10,2
2026-06-09,000001,14:32:57,11.1000,39,2
2026-06-09,000001,14:33:00,11.1100,152,1
2026-06-09,000001,14:33:03,11.1100,50,1
2026-06-09,000001,14:33:06,11.1100,56,1
2026-06-09,000001,14:33:09,11.1100,3,1
2026-06-09,000001,14:33:12,11.1000,6,2
2026-06-09,000001,14:33:15,11.1100,3,1
2026-06-09,000001,14:33:18,11.1100,15,1
2026-06-09,000001,14:33:24,11.1000,32,2
2026-06-09,000001,14:33:27,11.1000,92,2
2026-06-09,000001,14:33:30,11.1100,67,1
2026-06-09,000001,14:33:36,11.1100,79,1
2026-06-09,000001,14:33:42,11.1100,194,1
2026-06-09,000001,14:33:45,11.1100,4,1
2026-06-09,000001,14:33:51,11.1000,17,2
2026-06-09,000001,14:33:54,11.1000,235,2
2026-06-09,000001,14:33:57,11.1100,147,1
2026-06-09,000001,14:34:00,11.1100,49,1
2026-06-09,000001,14:34:03,11.1100,1,1
2026-06-09,000001,14:34:06,11.1100,1,1
2026-06-09,000001,14:34:09,11.1000,76,2
2026-06-09,000001,14:34:12,11.1000,54,2
2026-06-09,000001,14:34:15,11.1100,22,1
2026-06-09,000001,14:34:18,11.1000,357,2
2026-06-09,000001,14:34:21,11.1100,51,1
2026-06-09,000001,14:34:24,11.1100,1,1
2026-06-09,000001,14:34:33,11.1000,57,2
2026-06-09,000001,14:34:36,11.1100,18,1
2026-06-09,000001,14:34:39,11.1100,78,1
2026-06-09,000001,14:34:42,11.1100,75,1
2026-06-09,000001,14:34:45,11.1100,10,1
2026-06-09,000001,14:34:48,11.1100,222,1
2026-06-09,000001,14:34:51,11.1100,3,1
2026-06-09,000001,14:34:54,11.1100,164,1
2026-06-09,000001,14:34:57,11.1100,51,1
2026-06-09,000001,14:35:00,11.1100,481,1
2026-06-09,000001,14:35:03,11.1100,666,1
2026-06-09,000001,14:35:06,11.1100,3017,1
2026-06-09,000001,14:35:09,11.1100,150,1
2026-06-09,000001,14:35:12,11.1100,48,1
2026-06-09,000001,14:35:15,11.1100,118,1
2026-06-09,000001,14:35:18,11.1100,351,1
2026-06-09,000001,14:35:21,11.1100,507,2
2026-06-09,000001,14:35:24,11.1100,35,2
2026-06-09,000001,14:35:27,11.1100,11,2
2026-06-09,000001,14:35:30,11.1100,120,2
2026-06-09,000001,14:35:33,11.1100,184,2
2026-06-09,000001,14:35:36,11.1100,16,1
2026-06-09,000001,14:35:39,11.1100,78,1
2026-06-09,000001,14:35:42,11.1100,18,1
2026-06-09,000001,14:35:45,11.1100,64,1
2026-06-09,000001,14:35:48,11.1100,18,1
2026-06-09,000001,14:35:51,11.1100,38,1
2026-06-09,000001,14:35:54,11.1100,23,1
2026-06-09,000001,14:35:57,11.1100,244,1
2026-06-09,000001,14:36:00,11.1100,62,1
2026-06-09,000001,14:36:03,11.1100,83,2
2026-06-09,000001,14:36:06,11.1100,85,2
2026-06-09,000001,14:36:09,11.1100,78,2
2026-06-09,000001,14:36:12,11.1100,47,2
2026-06-09,000001,14:36:15,11.1100,9,1
2026-06-09,000001,14:36:18,11.1100,48,1
2026-06-09,000001,14:36:21,11.1100,20,1
2026-06-09,000001,14:36:24,11.1100,39,1
2026-06-09,000001,14:36:27,11.1100,20,1
2026-06-09,000001,14:36:30,11.1100,41,1
2026-06-09,000001,14:36:33,11.1000,1,2
2026-06-09,000001,14:36:36,11.1000,31,2
2026-06-09,000001,14:36:39,11.1100,9,1
2026-06-09,000001,14:36:42,11.1000,1,2
2026-06-09,000001,14:36:45,11.1100,15,1
2026-06-09,000001,14:36:48,11.1100,25,1
2026-06-09,000001,14:36:51,11.1000,18,2
2026-06-09,000001,14:36:54,11.1100,3,1
2026-06-09,000001,14:37:00,11.1100,691,1
2026-06-09,000001,14:37:03,11.1100,34,1
2026-06-09,000001,14:37:06,11.1100,18,1
2026-06-09,000001,14:37:09,11.1100,124,1
2026-06-09,000001,14:37:12,11.1100,72,1
2026-06-09,000001,14:37:15,11.1100,28,1
2026-06-09,000001,14:37:18,11.1100,151,1
2026-06-09,000001,14:37:21,11.1100,80,1
2026-06-09,000001,14:37:24,11.1100,65,1
2026-06-09,000001,14:37:27,11.1000,28,2
2026-06-09,000001,14:37:30,11.1100,7,1
2026-06-09,000001,14:37:33,11.1100,275,1
2026-06-09,000001,14:37:36,11.1000,7,2
2026-06-09,000001,14:37:39,11.1100,249,1
2026-06-09,000001,14:37:42,11.1100,210,1
2026-06-09,000001,14:37:45,11.1100,6,1
2026-06-09,000001,14:37:48,11.1100,10,1
2026-06-09,000001,14:37:51,11.1100,1185,1
2026-06-09,000001,14:37:54,11.1100,266,2
2026-06-09,000001,14:37:57,11.1100,45,2
2026-06-09,000001,14:38:00,11.1200,123,1
2026-06-09,000001,14:38:03,11.1100,11,2
2026-06-09,000001,14:38:06,11.1200,31,1
2026-06-09,000001,14:38:09,11.1100,12,2
2026-06-09,000001,14:38:12,11.1200,10,1
2026-06-09,000001,14:38:15,11.1200,33,1
2026-06-09,000001,14:38:18,11.1200,4,1
2026-06-09,000001,14:38:21,11.1200,78,1
2026-06-09,000001,14:38:24,11.1200,25,1
2026-06-09,000001,14:38:27,11.1200,96,1
2026-06-09,000001,14:38:30,11.1100,151,2
2026-06-09,000001,14:38:33,11.1100,10,2
2026-06-09,000001,14:38:36,11.1200,19,1
2026-06-09,000001,14:38:39,11.1200,10,1
2026-06-09,000001,14:38:42,11.1100,799,2
2026-06-09,000001,14:38:45,11.1100,8,2
2026-06-09,000001,14:38:48,11.1200,81,1
2026-06-09,000001,14:38:51,11.1200,199,1
2026-06-09,000001,14:38:54,11.1200,11,1
2026-06-09,000001,14:38:57,11.1100,5,2
2026-06-09,000001,14:39:00,11.1200,12,1
2026-06-09,000001,14:39:03,11.1200,72,1
2026-06-09,000001,14:39:06,11.1200,95,1
2026-06-09,000001,14:39:09,11.1100,3,2
2026-06-09,000001,14:39:12,11.1200,4,1
2026-06-09,000001,14:39:15,11.1200,13,1
2026-06-09,000001,14:39:24,11.1200,66,1
2026-06-09,000001,14:39:30,11.1100,58,2
2026-06-09,000001,14:39:33,11.1200,149,1
2026-06-09,000001,14:39:36,11.1200,275,1
2026-06-09,000001,14:39:39,11.1200,145,1
2026-06-09,000001,14:39:42,11.1200,227,1
2026-06-09,000001,14:39:45,11.1200,39,1
2026-06-09,000001,14:39:48,11.1100,43,2
2026-06-09,000001,14:39:51,11.1200,2,1
2026-06-09,000001,14:39:54,11.1200,1309,1
2026-06-09,000001,14:39:57,11.1200,785,1
2026-06-09,000001,14:40:00,11.1200,1014,1
2026-06-09,000001,14:40:03,11.1200,633,1
2026-06-09,000001,14:40:06,11.1200,2058,1
2026-06-09,000001,14:40:09,11.1100,603,2
2026-06-09,000001,14:40:12,11.1100,32,2
2026-06-09,000001,14:40:15,11.1200,49,1
2026-06-09,000001,14:40:18,11.1200,148,1
2026-06-09,000001,14:40:21,11.1100,97,2
2026-06-09,000001,14:40:24,11.1200,53,1
2026-06-09,000001,14:40:27,11.1100,1,2
2026-06-09,000001,14:40:30,11.1200,24,1
2026-06-09,000001,14:40:33,11.1100,1,2
2026-06-09,000001,14:40:36,11.1200,47,1
2026-06-09,000001,14:40:39,11.1200,190,1
2026-06-09,000001,14:40:42,11.1100,4,2
2026-06-09,000001,14:40:45,11.1200,65,1
2026-06-09,000001,14:40:48,11.1100,15,2
2026-06-09,000001,14:40:51,11.1100,103,2
2026-06-09,000001,14:40:54,11.1100,118,2
2026-06-09,000001,14:40:57,11.1100,6,2
2026-06-09,000001,14:41:00,11.1200,58,1
2026-06-09,000001,14:41:03,11.1200,12,1
2026-06-09,000001,14:41:06,11.1200,4,1
2026-06-09,000001,14:41:09,11.1100,2266,2
2026-06-09,000001,14:41:12,11.1200,41,1
2026-06-09,000001,14:41:15,11.1200,9,1
2026-06-09,000001,14:41:18,11.1200,10,1
2026-06-09,000001,14:41:21,11.1200,145,1
2026-06-09,000001,14:41:24,11.1200,69,1
2026-06-09,000001,14:41:27,11.1100,1,2
2026-06-09,000001,14:41:30,11.1200,33,1
2026-06-09,000001,14:41:33,11.1200,114,1
2026-06-09,000001,14:41:36,11.1200,91,1
2026-06-09,000001,14:41:39,11.1200,21,1
2026-06-09,000001,14:41:42,11.1200,52,1
2026-06-09,000001,14:41:45,11.1200,4,1
2026-06-09,000001,14:41:48,11.1200,7,1
2026-06-09,000001,14:41:51,11.1200,216,1
2026-06-09,000001,14:41:54,11.1200,3,1
2026-06-09,000001,14:41:57,11.1200,42,1
2026-06-09,000001,14:42:00,11.1200,829,1
2026-06-09,000001,14:42:03,11.1200,196,1
2026-06-09,000001,14:42:06,11.1200,675,2
2026-06-09,000001,14:42:09,11.1200,57,1
2026-06-09,000001,14:42:12,11.1200,33,1
2026-06-09,000001,14:42:15,11.1200,23,1
2026-06-09,000001,14:42:18,11.1100,142,2
2026-06-09,000001,14:42:21,11.1100,63,2
2026-06-09,000001,14:42:24,11.1200,364,1
2026-06-09,000001,14:42:27,11.1300,813,1
2026-06-09,000001,14:42:30,11.1200,11,2
2026-06-09,000001,14:42:33,11.1200,18,2
2026-06-09,000001,14:42:36,11.1300,3,1
2026-06-09,000001,14:42:39,11.1300,13,1
2026-06-09,000001,14:42:42,11.1200,12,2
2026-06-09,000001,14:42:45,11.1300,4,1
2026-06-09,000001,14:42:48,11.1200,1402,2
2026-06-09,000001,14:42:51,11.1200,777,2
2026-06-09,000001,14:42:54,11.1200,4007,2
2026-06-09,000001,14:42:57,11.1200,1387,2
2026-06-09,000001,14:43:00,11.1300,22,1
2026-06-09,000001,14:43:03,11.1200,91,2
2026-06-09,000001,14:43:06,11.1200,8,2
2026-06-09,000001,14:43:09,11.1200,92,2
2026-06-09,000001,14:43:12,11.1200,10,2
2026-06-09,000001,14:43:15,11.1200,38,2
2026-06-09,000001,14:43:18,11.1200,82,2
2026-06-09,000001,14:43:21,11.1200,57,2
2026-06-09,000001,14:43:24,11.1300,38,1
2026-06-09,000001,14:43:27,11.1300,44,1
2026-06-09,000001,14:43:33,11.1300,4,1
2026-06-09,000001,14:43:36,11.1200,51,2
2026-06-09,000001,14:43:39,11.1300,104,1
2026-06-09,000001,14:43:42,11.1200,10,2
2026-06-09,000001,14:43:45,11.1300,188,1
2026-06-09,000001,14:43:48,11.1300,33,1
2026-06-09,000001,14:43:51,11.1200,12,2
2026-06-09,000001,14:43:54,11.1200,16,2
2026-06-09,000001,14:43:57,11.1300,1388,1
2026-06-09,000001,14:44:00,11.1300,159,1
2026-06-09,000001,14:44:03,11.1300,149,1
2026-06-09,000001,14:44:06,11.1300,75,1
2026-06-09,000001,14:44:09,11.1200,58,2
2026-06-09,000001,14:44:12,11.1200,1,2
2026-06-09,000001,14:44:15,11.1200,785,2
2026-06-09,000001,14:44:18,11.1300,53,1
2026-06-09,000001,14:44:21,11.1200,43,2
2026-06-09,000001,14:44:24,11.1200,9,2
2026-06-09,000001,14:44:27,11.1200,101,2
2026-06-09,000001,14:44:30,11.1200,33,2
2026-06-09,000001,14:44:33,11.1300,29,1
2026-06-09,000001,14:44:36,11.1300,3,1
2026-06-09,000001,14:44:39,11.1300,21,1
2026-06-09,000001,14:44:42,11.1300,30,1
2026-06-09,000001,14:44:45,11.1300,9,1
2026-06-09,000001,14:44:48,11.1300,11,1
2026-06-09,000001,14:44:51,11.1300,115,1
2026-06-09,000001,14:44:54,11.1300,28,1
2026-06-09,000001,14:44:57,11.1300,1373,1
2026-06-09,000001,14:45:00,11.1300,249,1
2026-06-09,000001,14:45:03,11.1300,130,1
2026-06-09,000001,14:45:06,11.1300,196,1
2026-06-09,000001,14:45:09,11.1200,82,2
2026-06-09,000001,14:45:12,11.1200,60,2
2026-06-09,000001,14:45:15,11.1200,110,2
2026-06-09,000001,14:45:18,11.1300,34,1
2026-06-09,000001,14:45:21,11.1200,65,2
2026-06-09,000001,14:45:24,11.1300,339,1
2026-06-09,000001,14:45:27,11.1300,618,1
2026-06-09,000001,14:45:30,11.1300,163,1
2026-06-09,000001,14:45:33,11.1300,58,1
2026-06-09,000001,14:45:36,11.1200,89,2
2026-06-09,000001,14:45:39,11.1300,755,1
2026-06-09,000001,14:45:42,11.1300,17,1
2026-06-09,000001,14:45:45,11.1300,81,1
2026-06-09,000001,14:45:48,11.1300,12,1
2026-06-09,000001,14:45:51,11.1200,90,2
2026-06-09,000001,14:45:54,11.1200,4,2
2026-06-09,000001,14:45:57,11.1300,1354,1
2026-06-09,000001,14:46:00,11.1300,470,4
2026-06-09,000001,14:46:03,11.1300,48,1
2026-06-09,000001,14:46:06,11.1300,717,1
2026-06-09,000001,14:46:09,11.1200,36,2
2026-06-09,000001,14:46:12,11.1300,66,1
2026-06-09,000001,14:46:15,11.1200,4,2
2026-06-09,000001,14:46:18,11.1200,632,2
2026-06-09,000001,14:46:21,11.1200,220,2
2026-06-09,000001,14:46:24,11.1300,348,1
2026-06-09,000001,14:46:27,11.1200,609,2
2026-06-09,000001,14:46:30,11.1300,72,1
2026-06-09,000001,14:46:33,11.1300,44,1
2026-06-09,000001,14:46:36,11.1200,24,2
2026-06-09,000001,14:46:39,11.1300,28,1
2026-06-09,000001,14:46:42,11.1300,50,1
2026-06-09,000001,14:46:45,11.1300,100,1
2026-06-09,000001,14:46:48,11.1300,52,1
2026-06-09,000001,14:46:51,11.1300,45,1
2026-06-09,000001,14:46:54,11.1300,27,1
2026-06-09,000001,14:46:57,11.1200,42,2
2026-06-09,000001,14:47:00,11.1300,223,1
2026-06-09,000001,14:47:03,11.1300,80,1
2026-06-09,000001,14:47:06,11.1300,59,1
2026-06-09,000001,14:47:09,11.1300,111,1
2026-06-09,000001,14:47:12,11.1300,42,1
2026-06-09,000001,14:47:15,11.1300,72,1
2026-06-09,000001,14:47:18,11.1200,13,2
2026-06-09,000001,14:47:21,11.1200,180,2
2026-06-09,000001,14:47:24,11.1300,12,1
2026-06-09,000001,14:47:27,11.1200,51,2
2026-06-09,000001,14:47:30,11.1300,217,1
2026-06-09,000001,14:47:33,11.1300,1044,1
2026-06-09,000001,14:47:36,11.1300,805,2
2026-06-09,000001,14:47:39,11.1200,235,2
2026-06-09,000001,14:47:42,11.1300,8,1
2026-06-09,000001,14:47:45,11.1300,25,1
2026-06-09,000001,14:47:48,11.1300,38,1
2026-06-09,000001,14:47:51,11.1300,13,1
2026-06-09,000001,14:47:54,11.1300,10,1
2026-06-09,000001,14:47:57,11.1300,2,1
2026-06-09,000001,14:48:00,11.1300,77,1
2026-06-09,000001,14:48:03,11.1300,61,1
2026-06-09,000001,14:48:06,11.1300,389,2
2026-06-09,000001,14:48:09,11.1300,31,1
2026-06-09,000001,14:48:12,11.1200,31,2
2026-06-09,000001,14:48:15,11.1300,179,1
2026-06-09,000001,14:48:18,11.1300,62,1
2026-06-09,000001,14:48:21,11.1300,1011,1
2026-06-09,000001,14:48:24,11.1200,6,2
2026-06-09,000001,14:48:27,11.1300,42,1
2026-06-09,000001,14:48:30,11.1200,43,2
2026-06-09,000001,14:48:33,11.1200,4,2
2026-06-09,000001,14:48:36,11.1300,64,1
2026-06-09,000001,14:48:39,11.1300,40,1
2026-06-09,000001,14:48:42,11.1200,10,2
2026-06-09,000001,14:48:45,11.1300,33,1
2026-06-09,000001,14:48:48,11.1200,56,2
2026-06-09,000001,14:48:51,11.1200,38,2
2026-06-09,000001,14:48:54,11.1300,91,1
2026-06-09,000001,14:48:57,11.1200,15,2
2026-06-09,000001,14:49:00,11.1300,175,1
2026-06-09,000001,14:49:03,11.1200,13,2
2026-06-09,000001,14:49:06,11.1200,625,2
2026-06-09,000001,14:49:09,11.1300,112,1
2026-06-09,000001,14:49:12,11.1200,2,2
2026-06-09,000001,14:49:15,11.1300,59,1
2026-06-09,000001,14:49:18,11.1300,8,1
2026-06-09,000001,14:49:21,11.1300,29,1
2026-06-09,000001,14:49:24,11.1300,24,1
2026-06-09,000001,14:49:30,11.1300,134,1
2026-06-09,000001,14:49:33,11.1300,58,1
2026-06-09,000001,14:49:36,11.1200,472,2
2026-06-09,000001,14:49:39,11.1300,105,1
2026-06-09,000001,14:49:42,11.1200,8,2
2026-06-09,000001,14:49:45,11.1300,67,1
2026-06-09,000001,14:49:48,11.1300,3,1
2026-06-09,000001,14:49:51,11.1300,15,1
2026-06-09,000001,14:49:54,11.1300,45,1
2026-06-09,000001,14:49:57,11.1200,31,2
2026-06-09,000001,14:50:00,11.1300,62,1
2026-06-09,000001,14:50:03,11.1200,103,2
2026-06-09,000001,14:50:06,11.1200,204,2
2026-06-09,000001,14:50:09,11.1200,178,2
2026-06-09,000001,14:50:12,11.1200,153,2
2026-06-09,000001,14:50:15,11.1200,31,2
2026-06-09,000001,14:50:18,11.1200,80,2
2026-06-09,000001,14:50:21,11.1200,42,2
2026-06-09,000001,14:50:24,11.1300,69,1
2026-06-09,000001,14:50:27,11.1300,134,1
2026-06-09,000001,14:50:30,11.1200,258,2
2026-06-09,000001,14:50:33,11.1300,41,1
2026-06-09,000001,14:50:36,11.1300,62,1
2026-06-09,000001,14:50:39,11.1300,14,1
2026-06-09,000001,14:50:42,11.1200,20,2
2026-06-09,000001,14:50:45,11.1300,51,1
2026-06-09,000001,14:50:48,11.1300,204,1
2026-06-09,000001,14:50:51,11.1300,19,1
2026-06-09,000001,14:50:54,11.1300,36,1
2026-06-09,000001,14:50:57,11.1300,6,1
2026-06-09,000001,14:51:00,11.1300,110,1
2026-06-09,000001,14:51:03,11.1300,128,1
2026-06-09,000001,14:51:06,11.1300,10,1
2026-06-09,000001,14:51:09,11.1300,17,1
2026-06-09,000001,14:51:12,11.1200,73,2
2026-06-09,000001,14:51:15,11.1200,31,2
2026-06-09,000001,14:51:18,11.1300,288,1
2026-06-09,000001,14:51:21,11.1300,261,1
2026-06-09,000001,14:51:24,11.1300,45,1
2026-06-09,000001,14:51:27,11.1300,13,1
2026-06-09,000001,14:51:30,11.1200,42,2
2026-06-09,000001,14:51:33,11.1300,204,1
2026-06-09,000001,14:51:36,11.1300,9,1
2026-06-09,000001,14:51:39,11.1300,253,1
2026-06-09,000001,14:51:42,11.1200,70,2
2026-06-09,000001,14:51:45,11.1200,53,2
2026-06-09,000001,14:51:48,11.1200,12,2
2026-06-09,000001,14:51:51,11.1300,241,1
2026-06-09,000001,14:51:54,11.1300,29,1
2026-06-09,000001,14:51:57,11.1300,47,1
2026-06-09,000001,14:52:00,11.1300,140,1
2026-06-09,000001,14:52:03,11.1300,143,1
2026-06-09,000001,14:52:06,11.1200,92,2
2026-06-09,000001,14:52:09,11.1300,54,1
2026-06-09,000001,14:52:12,11.1200,97,2
2026-06-09,000001,14:52:15,11.1300,87,1
2026-06-09,000001,14:52:18,11.1200,31,2
2026-06-09,000001,14:52:21,11.1200,12,2
2026-06-09,000001,14:52:24,11.1300,17,1
2026-06-09,000001,14:52:27,11.1200,39,2
2026-06-09,000001,14:52:30,11.1300,71,1
2026-06-09,000001,14:52:33,11.1300,231,1
2026-06-09,000001,14:52:36,11.1200,144,2
2026-06-09,000001,14:52:39,11.1200,3,2
2026-06-09,000001,14:52:42,11.1200,43,2
2026-06-09,000001,14:52:45,11.1300,47,1
2026-06-09,000001,14:52:48,11.1200,33,2
2026-06-09,000001,14:52:51,11.1200,131,2
2026-06-09,000001,14:52:54,11.1300,284,1
2026-06-09,000001,14:52:57,11.1300,166,1
2026-06-09,000001,14:53:00,11.1200,152,2
2026-06-09,000001,14:53:03,11.1300,114,1
2026-06-09,000001,14:53:06,11.1200,62,2
2026-06-09,000001,14:53:09,11.1300,3,1
2026-06-09,000001,14:53:12,11.1200,53,2
2026-06-09,000001,14:53:15,11.1200,100,2
2026-06-09,000001,14:53:18,11.1200,143,2
2026-06-09,000001,14:53:21,11.1200,107,2
2026-06-09,000001,14:53:24,11.1300,5070,1
2026-06-09,000001,14:53:27,11.1300,108,2
2026-06-09,000001,14:53:30,11.1400,140,1
2026-06-09,000001,14:53:33,11.1300,21,2
2026-06-09,000001,14:53:36,11.1400,83,1
2026-06-09,000001,14:53:39,11.1300,66,2
2026-06-09,000001,14:53:42,11.1400,223,1
2026-06-09,000001,14:53:45,11.1400,211,1
2026-06-09,000001,14:53:48,11.1300,64,2
2026-06-09,000001,14:53:51,11.1300,33,2
2026-06-09,000001,14:53:54,11.1300,38,2
2026-06-09,000001,14:53:57,11.1300,66,2
2026-06-09,000001,14:54:00,11.1300,935,2
2026-06-09,000001,14:54:03,11.1400,552,1
2026-06-09,000001,14:54:06,11.1300,194,2
2026-06-09,000001,14:54:09,11.1300,100,2
2026-06-09,000001,14:54:12,11.1300,5017,2
2026-06-09,000001,14:54:15,11.1400,672,1
2026-06-09,000001,14:54:18,11.1400,277,1
2026-06-09,000001,14:54:21,11.1300,43,2
2026-06-09,000001,14:54:24,11.1400,176,1
2026-06-09,000001,14:54:27,11.1200,135,2
2026-06-09,000001,14:54:30,11.1300,49,4
2026-06-09,000001,14:54:33,11.1300,493,2
2026-06-09,000001,14:54:36,11.1300,56,2
2026-06-09,000001,14:54:39,11.1400,59,1
2026-06-09,000001,14:54:42,11.1300,12,2
2026-06-09,000001,14:54:48,11.1300,115,2
2026-06-09,000001,14:54:51,11.1300,5,2
2026-06-09,000001,14:54:54,11.1300,41,2
2026-06-09,000001,14:54:57,11.1300,65,2
2026-06-09,000001,14:55:00,11.1300,278,2
2026-06-09,000001,14:55:03,11.1400,148,1
2026-06-09,000001,14:55:06,11.1300,47,2
2026-06-09,000001,14:55:09,11.1300,41,2
2026-06-09,000001,14:55:12,11.1400,165,1
2026-06-09,000001,14:55:15,11.1400,19,1
2026-06-09,000001,14:55:18,11.1400,974,1
2026-06-09,000001,14:55:21,11.1400,325,1
2026-06-09,000001,14:55:24,11.1400,285,1
2026-06-09,000001,14:55:27,11.1300,369,2
2026-06-09,000001,14:55:30,11.1300,125,2
2026-06-09,000001,14:55:33,11.1400,169,1
2026-06-09,000001,14:55:36,11.1400,218,1
2026-06-09,000001,14:55:39,11.1300,77,2
2026-06-09,000001,14:55:42,11.1400,15,1
2026-06-09,000001,14:55:45,11.1300,547,2
2026-06-09,000001,14:55:48,11.1400,133,1
2026-06-09,000001,14:55:51,11.1400,188,1
2026-06-09,000001,14:55:54,11.1400,47,1
2026-06-09,000001,14:55:57,11.1400,1074,1
2026-06-09,000001,14:56:00,11.1400,58,1
2026-06-09,000001,14:56:03,11.1400,212,1
2026-06-09,000001,14:56:06,11.1400,108,1
2026-06-09,000001,14:56:09,11.1400,116,1
2026-06-09,000001,14:56:12,11.1300,168,2
2026-06-09,000001,14:56:15,11.1400,108,1
2026-06-09,000001,14:56:18,11.1400,98,1
2026-06-09,000001,14:56:21,11.1400,142,1
2026-06-09,000001,14:56:24,11.1400,21,1
2026-06-09,000001,14:56:27,11.1400,838,1
2026-06-09,000001,14:56:30,11.1400,498,1
2026-06-09,000001,14:56:33,11.1400,91,1
2026-06-09,000001,14:56:36,11.1400,266,1
2026-06-09,000001,14:56:39,11.1400,153,1
2026-06-09,000001,14:56:42,11.1300,372,2
2026-06-09,000001,14:56:45,11.1400,88,1
2026-06-09,000001,14:56:48,11.1400,51,1
2026-06-09,000001,14:56:51,11.1400,51,1
2026-06-09,000001,14:56:54,11.1400,45,1
2026-06-09,000001,14:56:57,11.1400,212,1
2026-06-09,000001,14:57:00,11.1300,84,2
2026-06-09,000001,15:00:00,11.1300,8429,4
2026-06-09,000001,13:11:42,11.1400,93,2
2026-06-09,000001,13:11:45,11.1500,42,1
2026-06-09,000001,13:11:48,11.1500,122,1
2026-06-09,000001,13:11:51,11.1500,117,1
2026-06-09,000001,13:11:54,11.1500,17,1
2026-06-09,000001,13:11:57,11.1400,14,2
2026-06-09,000001,13:12:00,11.1500,48,1
2026-06-09,000001,13:12:03,11.1400,63,2
2026-06-09,000001,13:12:06,11.1500,72,1
2026-06-09,000001,13:12:09,11.1400,21,2
2026-06-09,000001,13:12:12,11.1500,51,1
2026-06-09,000001,13:12:18,11.1500,133,1
2026-06-09,000001,13:12:21,11.1400,94,2
2026-06-09,000001,13:12:24,11.1500,57,1
2026-06-09,000001,13:12:27,11.1400,27,2
2026-06-09,000001,13:12:30,11.1500,139,1
2026-06-09,000001,13:12:33,11.1500,56,1
2026-06-09,000001,13:12:36,11.1500,4,1
2026-06-09,000001,13:12:39,11.1400,4,2
2026-06-09,000001,13:12:42,11.1500,9,1
2026-06-09,000001,13:12:45,11.1400,19,2
2026-06-09,000001,13:12:48,11.1500,1,1
2026-06-09,000001,13:12:51,11.1500,3,1
2026-06-09,000001,13:12:54,11.1500,50,1
2026-06-09,000001,13:12:57,11.1500,10,1
2026-06-09,000001,13:13:03,11.1500,71,1
2026-06-09,000001,13:13:06,11.1400,4,2
2026-06-09,000001,13:13:09,11.1400,153,2
2026-06-09,000001,13:13:12,11.1500,2,1
2026-06-09,000001,13:13:15,11.1400,39,2
2026-06-09,000001,13:13:18,11.1400,82,2
2026-06-09,000001,13:13:21,11.1400,135,2
2026-06-09,000001,13:13:24,11.1400,69,2
2026-06-09,000001,13:13:27,11.1400,37,2
2026-06-09,000001,13:13:30,11.1500,42,1
2026-06-09,000001,13:13:33,11.1400,169,2
2026-06-09,000001,13:13:36,11.1400,54,2
2026-06-09,000001,13:13:39,11.1400,3059,2
2026-06-09,000001,13:13:42,11.1400,332,2
2026-06-09,000001,13:13:45,11.1500,38,1
2026-06-09,000001,13:13:48,11.1500,32,1
2026-06-09,000001,13:13:51,11.1500,151,1
2026-06-09,000001,13:13:54,11.1400,38,2
2026-06-09,000001,13:13:57,11.1400,29,2
2026-06-09,000001,13:14:00,11.1400,24,2
2026-06-09,000001,13:14:03,11.1400,77,2
2026-06-09,000001,13:14:06,11.1400,10,2
2026-06-09,000001,13:14:09,11.1400,95,2
2026-06-09,000001,13:14:12,11.1500,1502,1
2026-06-09,000001,13:14:15,11.1400,29,2
2026-06-09,000001,13:14:18,11.1500,4,1
2026-06-09,000001,13:14:21,11.1400,4,2
2026-06-09,000001,13:14:27,11.1500,26,1
2026-06-09,000001,13:14:30,11.1500,60,1
2026-06-09,000001,13:14:33,11.1400,4,2
2026-06-09,000001,13:14:36,11.1500,11,1
2026-06-09,000001,13:14:39,11.1500,6,1
2026-06-09,000001,13:14:42,11.1500,2,1
2026-06-09,000001,13:14:45,11.1500,45,1
2026-06-09,000001,13:14:48,11.1400,42,2
2026-06-09,000001,13:14:51,11.1500,44,1
2026-06-09,000001,13:14:54,11.1500,20,1
2026-06-09,000001,13:14:57,11.1500,38,1
2026-06-09,000001,13:15:00,11.1400,3,2
2026-06-09,000001,13:15:03,11.1400,77,2
2026-06-09,000001,13:15:06,11.1400,9,2
2026-06-09,000001,13:15:09,11.1400,16,2
2026-06-09,000001,13:15:12,11.1500,2,1
2026-06-09,000001,13:15:15,11.1500,52,1
2026-06-09,000001,13:15:18,11.1500,214,1
2026-06-09,000001,13:15:21,11.1500,93,1
2026-06-09,000001,13:15:24,11.1500,15,1
2026-06-09,000001,13:15:27,11.1500,89,1
2026-06-09,000001,13:15:30,11.1400,39,2
2026-06-09,000001,13:15:33,11.1500,36,1
2026-06-09,000001,13:15:36,11.1400,106,2
2026-06-09,000001,13:15:39,11.1500,103,1
2026-06-09,000001,13:15:42,11.1500,77,1
2026-06-09,000001,13:15:45,11.1500,5,1
2026-06-09,000001,13:15:48,11.1500,69,1
2026-06-09,000001,13:15:54,11.1400,100,2
2026-06-09,000001,13:15:57,11.1500,28,1
2026-06-09,000001,13:16:00,11.1400,110,2
2026-06-09,000001,13:16:03,11.1400,91,2
2026-06-09,000001,13:16:06,11.1400,48,2
2026-06-09,000001,13:16:09,11.1400,22,2
2026-06-09,000001,13:16:12,11.1500,11,1
2026-06-09,000001,13:16:15,11.1500,237,1
2026-06-09,000001,13:16:18,11.1400,21,2
2026-06-09,000001,13:16:21,11.1400,42,2
2026-06-09,000001,13:16:24,11.1400,189,2
2026-06-09,000001,13:16:27,11.1400,992,2
2026-06-09,000001,13:16:30,11.1400,346,2
2026-06-09,000001,13:16:33,11.1400,245,2
2026-06-09,000001,13:16:36,11.1400,113,2
2026-06-09,000001,13:16:39,11.1500,15,1
2026-06-09,000001,13:16:42,11.1400,164,2
2026-06-09,000001,13:16:45,11.1400,116,2
2026-06-09,000001,13:16:48,11.1500,71,1
2026-06-09,000001,13:16:51,11.1400,22,2
2026-06-09,000001,13:16:54,11.1400,46,2
2026-06-09,000001,13:16:57,11.1400,4,2
2026-06-09,000001,13:17:00,11.1400,147,2
2026-06-09,000001,13:17:03,11.1500,24,1
2026-06-09,000001,13:17:06,11.1400,37,2
2026-06-09,000001,13:17:09,11.1500,907,1
2026-06-09,000001,13:17:12,11.1500,73,1
2026-06-09,000001,13:17:15,11.1400,30,2
2026-06-09,000001,13:17:18,11.1500,26,1
2026-06-09,000001,13:17:21,11.1500,1,1
2026-06-09,000001,13:17:24,11.1500,84,1
2026-06-09,000001,13:17:27,11.1500,31,1
2026-06-09,000001,13:17:30,11.1400,41,2
2026-06-09,000001,13:17:33,11.1500,3,1
2026-06-09,000001,13:17:36,11.1500,74,1
2026-06-09,000001,13:17:39,11.1400,3,2
2026-06-09,000001,13:17:42,11.1500,4,1
2026-06-09,000001,13:17:45,11.1400,104,2
2026-06-09,000001,13:17:48,11.1500,248,1
2026-06-09,000001,13:17:51,11.1400,112,2
2026-06-09,000001,13:17:54,11.1400,72,2
2026-06-09,000001,13:17:57,11.1500,34,1
2026-06-09,000001,13:18:00,11.1500,47,1
2026-06-09,000001,13:18:03,11.1400,4,2
2026-06-09,000001,13:18:06,11.1400,32,2
2026-06-09,000001,13:18:09,11.1400,6,2
2026-06-09,000001,13:18:12,11.1400,22,2
2026-06-09,000001,13:18:15,11.1400,43,2
2026-06-09,000001,13:18:21,11.1400,5,2
2026-06-09,000001,13:18:24,11.1500,4,1
2026-06-09,000001,13:18:27,11.1400,40,2
2026-06-09,000001,13:18:30,11.1400,277,2
2026-06-09,000001,13:18:33,11.1500,4,1
2026-06-09,000001,13:18:36,11.1400,12,2
2026-06-09,000001,13:18:39,11.1400,78,2
2026-06-09,000001,13:18:45,11.1500,85,1
2026-06-09,000001,13:18:48,11.1500,114,1
2026-06-09,000001,13:18:51,11.1400,78,2
2026-06-09,000001,13:18:54,11.1400,56,2
2026-06-09,000001,13:18:57,11.1400,34,2
2026-06-09,000001,13:19:00,11.1500,87,1
2026-06-09,000001,13:19:03,11.1500,13,1
2026-06-09,000001,13:19:06,11.1400,5308,2
2026-06-09,000001,13:19:09,11.1400,20,1
2026-06-09,000001,13:19:12,11.1400,90,1
2026-06-09,000001,13:19:15,11.1400,17,1
2026-06-09,000001,13:19:18,11.1400,160,1
2026-06-09,000001,13:19:21,11.1300,55,2
2026-06-09,000001,13:19:24,11.1300,41,2
2026-06-09,000001,13:19:27,11.1300,87,2
2026-06-09,000001,13:19:30,11.1300,36,2
2026-06-09,000001,13:19:33,11.1300,125,2
2026-06-09,000001,13:19:36,11.1400,2331,1
2026-06-09,000001,13:19:39,11.1400,38,1
2026-06-09,000001,13:19:42,11.1300,260,2
2026-06-09,000001,13:19:45,11.1300,14,2
2026-06-09,000001,13:19:48,11.1300,120,2
2026-06-09,000001,13:19:51,11.1400,4,1
2026-06-09,000001,13:19:54,11.1300,81,2
2026-06-09,000001,13:19:57,11.1300,3,2
2026-06-09,000001,13:20:00,11.1400,46,1
2026-06-09,000001,13:20:03,11.1300,47,2
2026-06-09,000001,13:20:06,11.1400,465,1
2026-06-09,000001,13:20:09,11.1400,28,1
2026-06-09,000001,13:20:12,11.1400,44,1
2026-06-09,000001,13:20:15,11.1300,112,2
2026-06-09,000001,13:20:18,11.1300,16,2
2026-06-09,000001,13:20:21,11.1400,136,1
2026-06-09,000001,13:20:24,11.1400,12,1
2026-06-09,000001,13:20:27,11.1400,24,1
2026-06-09,000001,13:20:30,11.1300,62,2
2026-06-09,000001,13:20:33,11.1400,3,1
2026-06-09,000001,13:20:36,11.1300,17,2
2026-06-09,000001,13:20:39,11.1400,653,1
2026-06-09,000001,13:20:42,11.1300,4301,2
2026-06-09,000001,13:20:45,11.1300,510,1
2026-06-09,000001,13:20:48,11.1300,119,1
2026-06-09,000001,13:20:51,11.1300,10,1
2026-06-09,000001,13:20:54,11.1300,429,1
2026-06-09,000001,13:20:57,11.1300,169,1
2026-06-09,000001,13:21:00,11.1200,144,2
2026-06-09,000001,13:21:03,11.1200,44,2
2026-06-09,000001,13:21:09,11.1300,35,1
2026-06-09,000001,13:21:12,11.1200,141,2
2026-06-09,000001,13:21:18,11.1300,12,1
2026-06-09,000001,13:21:21,11.1200,14,2
2026-06-09,000001,13:21:24,11.1300,124,1
2026-06-09,000001,13:21:27,11.1200,63,2
2026-06-09,000001,13:21:30,11.1200,1,2
2026-06-09,000001,13:21:33,11.1200,1,2
2026-06-09,000001,13:21:36,11.1200,21,2
2026-06-09,000001,13:21:39,11.1200,12,2
2026-06-09,000001,13:21:42,11.1200,1,2
2026-06-09,000001,13:21:45,11.1200,55,2
2026-06-09,000001,13:21:48,11.1300,90,1
2026-06-09,000001,13:21:51,11.1300,153,1
2026-06-09,000001,13:21:54,11.1200,11,2
2026-06-09,000001,13:22:03,11.1300,47,1
2026-06-09,000001,13:22:06,11.1300,2,1
2026-06-09,000001,13:22:09,11.1200,27,2
2026-06-09,000001,13:22:12,11.1200,51,2
2026-06-09,000001,13:22:15,11.1200,26,2
2026-06-09,000001,13:22:18,11.1200,181,2
2026-06-09,000001,13:22:21,11.1200,17,2
2026-06-09,000001,13:22:24,11.1300,14,1
2026-06-09,000001,13:22:27,11.1200,128,2
2026-06-09,000001,13:22:30,11.1200,589,2
2026-06-09,000001,13:22:33,11.1200,120,2
2026-06-09,000001,13:22:36,11.1200,40,2
2026-06-09,000001,13:22:39,11.1300,117,1
2026-06-09,000001,13:22:42,11.1200,280,2
2026-06-09,000001,13:22:45,11.1200,48,2
2026-06-09,000001,13:22:48,11.1300,3,1
2026-06-09,000001,13:22:54,11.1200,69,2
2026-06-09,000001,13:22:57,11.1300,152,1
2026-06-09,000001,13:23:00,11.1300,51,1
2026-06-09,000001,13:23:06,11.1300,3,1
2026-06-09,000001,13:23:09,11.1300,13,1
2026-06-09,000001,13:23:12,11.1300,7,1
2026-06-09,000001,13:23:15,11.1300,31,1
2026-06-09,000001,13:23:18,11.1300,33,1
2026-06-09,000001,13:23:21,11.1200,6,2
2026-06-09,000001,13:23:24,11.1200,165,2
2026-06-09,000001,13:23:27,11.1300,169,1
2026-06-09,000001,13:23:30,11.1300,155,1
2026-06-09,000001,13:23:33,11.1300,65,1
2026-06-09,000001,13:23:36,11.1200,80,2
2026-06-09,000001,13:23:39,11.1300,20,1
2026-06-09,000001,13:23:42,11.1300,31,1
2026-06-09,000001,13:23:45,11.1200,40,2
2026-06-09,000001,13:23:48,11.1300,35,1
2026-06-09,000001,13:23:51,11.1300,7,1
2026-06-09,000001,13:23:54,11.1300,12,1
2026-06-09,000001,13:23:57,11.1300,1,1
2026-06-09,000001,13:24:00,11.1200,261,2
2026-06-09,000001,13:24:03,11.1300,50,1
2026-06-09,000001,13:24:06,11.1200,1,2
2026-06-09,000001,13:24:09,11.1200,2,2
2026-06-09,000001,13:24:12,11.1300,1,1
2026-06-09,000001,13:24:15,11.1200,8,2
2026-06-09,000001,13:24:18,11.1300,78,1
2026-06-09,000001,13:24:21,11.1300,158,1
2026-06-09,000001,13:24:27,11.1200,100,2
2026-06-09,000001,13:24:30,11.1200,5,2
2026-06-09,000001,13:24:33,11.1200,184,2
2026-06-09,000001,13:24:36,11.1200,54,2
2026-06-09,000001,13:24:39,11.1200,64,2
2026-06-09,000001,13:24:42,11.1300,100,1
2026-06-09,000001,13:24:45,11.1200,37,2
2026-06-09,000001,13:24:48,11.1300,2,1
2026-06-09,000001,13:24:54,11.1200,31,2
2026-06-09,000001,13:24:57,11.1200,1,2
2026-06-09,000001,13:25:00,11.1200,127,2
2026-06-09,000001,13:25:03,11.1200,2357,2
2026-06-09,000001,13:25:06,11.1200,119,2
2026-06-09,000001,13:25:09,11.1200,1087,2
2026-06-09,000001,13:25:12,11.1200,70,2
2026-06-09,000001,13:25:15,11.1300,126,1
2026-06-09,000001,13:25:21,11.1200,7,2
2026-06-09,000001,13:25:24,11.1200,10,2
2026-06-09,000001,13:25:30,11.1300,33,1
2026-06-09,000001,13:25:33,11.1200,162,2
2026-06-09,000001,13:25:36,11.1300,51,1
2026-06-09,000001,13:25:39,11.1200,77,2
2026-06-09,000001,13:25:42,11.1200,18,2
2026-06-09,000001,13:25:45,11.1200,23,2
2026-06-09,000001,13:25:48,11.1300,34,1
2026-06-09,000001,13:25:54,11.1200,2555,2
2026-06-09,000001,13:25:57,11.1100,263,2
2026-06-09,000001,13:26:00,11.1200,36,1
2026-06-09,000001,13:26:03,11.1200,9,1
2026-06-09,000001,13:26:06,11.1100,61,2
2026-06-09,000001,13:26:09,11.1100,647,2
2026-06-09,000001,13:26:12,11.1100,170,2
2026-06-09,000001,13:26:15,11.1100,83,2
2026-06-09,000001,13:26:18,11.1100,80,2
2026-06-09,000001,13:26:21,11.1100,46,2
2026-06-09,000001,13:26:24,11.1100,81,2
2026-06-09,000001,13:26:27,11.1100,8,2
2026-06-09,000001,13:26:30,11.1100,136,2
2026-06-09,000001,13:26:33,11.1100,43,2
2026-06-09,000001,13:26:36,11.1100,147,2
2026-06-09,000001,13:26:39,11.1100,45,2
2026-06-09,000001,13:26:42,11.1100,89,2
2026-06-09,000001,13:26:45,11.1100,105,2
2026-06-09,000001,13:26:48,11.1100,73,2
2026-06-09,000001,13:26:51,11.1200,35,1
2026-06-09,000001,13:26:54,11.1100,69,2
2026-06-09,000001,13:26:57,11.1100,56,2
2026-06-09,000001,13:27:00,11.1200,49,1
2026-06-09,000001,13:27:03,11.1100,100,2
2026-06-09,000001,13:27:06,11.1200,96,1
2026-06-09,000001,13:27:09,11.1200,27,1
2026-06-09,000001,13:27:12,11.1200,79,1
2026-06-09,000001,13:27:18,11.1200,12,1
2026-06-09,000001,13:27:21,11.1200,98,1
2026-06-09,000001,13:27:24,11.1100,34,2
2026-06-09,000001,13:27:30,11.1200,7,1
2026-06-09,000001,13:27:33,11.1100,58,2
2026-06-09,000001,13:27:36,11.1200,21,1
2026-06-09,000001,13:27:39,11.1100,241,2
2026-06-09,000001,13:27:42,11.1200,2500,1
2026-06-09,000001,13:27:45,11.1200,433,1
2026-06-09,000001,13:27:48,11.1200,533,2
2026-06-09,000001,13:27:51,11.1200,51,1
2026-06-09,000001,13:27:54,11.1200,478,1
2026-06-09,000001,13:27:57,11.1200,45,1
2026-06-09,000001,13:28:00,11.1100,43,2
2026-06-09,000001,13:28:03,11.1200,165,1
2026-06-09,000001,13:28:06,11.1200,67,1
2026-06-09,000001,13:28:09,11.1100,246,2
2026-06-09,000001,13:28:12,11.1100,95,2
2026-06-09,000001,13:28:15,11.1200,42,1
2026-06-09,000001,13:28:18,11.1200,14,1
2026-06-09,000001,13:28:21,11.1200,22,1
2026-06-09,000001,13:28:24,11.1100,21,2
2026-06-09,000001,13:28:27,11.1200,5,1
2026-06-09,000001,13:28:30,11.1200,16,1
2026-06-09,000001,13:28:33,11.1200,35,1
2026-06-09,000001,13:28:36,11.1100,47,2
2026-06-09,000001,13:28:39,11.1200,76,1
2026-06-09,000001,13:28:42,11.1200,64,1
2026-06-09,000001,13:28:45,11.1200,64,1
2026-06-09,000001,13:28:48,11.1100,122,2
2026-06-09,000001,13:28:51,11.1100,51,2
2026-06-09,000001,13:29:00,11.1200,3,1
2026-06-09,000001,13:29:03,11.1200,120,1
2026-06-09,000001,13:29:06,11.1100,8,2
2026-06-09,000001,13:29:09,11.1200,18,1
2026-06-09,000001,13:29:12,11.1200,2,1
2026-06-09,000001,13:29:18,11.1100,185,2
2026-06-09,000001,13:29:21,11.1100,78,2
2026-06-09,000001,13:29:24,11.1200,25,1
2026-06-09,000001,13:29:27,11.1200,26,1
2026-06-09,000001,13:29:30,11.1200,7,1
2026-06-09,000001,13:29:36,11.1200,31,1
2026-06-09,000001,13:29:39,11.1100,72,2
2026-06-09,000001,13:29:42,11.1200,51,1
2026-06-09,000001,13:29:45,11.1200,29,1
2026-06-09,000001,13:29:48,11.1200,40,1
2026-06-09,000001,13:29:51,11.1200,3,1
2026-06-09,000001,13:29:54,11.1200,2,1
2026-06-09,000001,13:29:57,11.1200,689,1
2026-06-09,000001,13:30:00,11.1200,52,1
2026-06-09,000001,13:30:03,11.1100,1,2
2026-06-09,000001,13:30:06,11.1200,40,1
2026-06-09,000001,13:30:09,11.1200,8,1
2026-06-09,000001,13:30:12,11.1200,25,1
2026-06-09,000001,13:30:15,11.1200,90,1
2026-06-09,000001,13:30:18,11.1200,3,1
2026-06-09,000001,13:30:21,11.1200,20,1
2026-06-09,000001,13:30:27,11.1200,11,1
2026-06-09,000001,13:30:30,11.1200,386,1
2026-06-09,000001,13:30:33,11.1100,469,2
2026-06-09,000001,13:30:36,11.1100,68,2
2026-06-09,000001,13:30:39,11.1200,99,1
2026-06-09,000001,13:30:42,11.1100,95,2
2026-06-09,000001,13:30:45,11.1200,92,1
2026-06-09,000001,13:30:48,11.1200,45,1
2026-06-09,000001,13:30:51,11.1200,29,1
2026-06-09,000001,13:31:00,11.1200,56,1
2026-06-09,000001,13:31:03,11.1200,29,1
2026-06-09,000001,13:31:06,11.1100,271,2
2026-06-09,000001,13:31:09,11.1100,755,2
2026-06-09,000001,13:31:12,11.1100,1149,2
2026-06-09,000001,13:31:15,11.1100,36,2
2026-06-09,000001,13:31:18,11.1100,12,2
2026-06-09,000001,13:31:21,11.1100,61,2
2026-06-09,000001,13:31:24,11.1100,333,2
2026-06-09,000001,13:31:27,11.1100,40,2
2026-06-09,000001,13:31:30,11.1100,107,2
2026-06-09,000001,13:31:33,11.1100,2,2
2026-06-09,000001,13:31:36,11.1100,4,2
2026-06-09,000001,13:31:39,11.1100,3,2
2026-06-09,000001,13:31:42,11.1200,157,1
2026-06-09,000001,13:31:45,11.1200,48,1
2026-06-09,000001,13:31:48,11.1200,73,1
2026-06-09,000001,13:31:51,11.1100,2,2
2026-06-09,000001,13:31:54,11.1200,1,1
2026-06-09,000001,13:31:57,11.1100,41,2
2026-06-09,000001,13:32:00,11.1200,54,1
2026-06-09,000001,13:32:03,11.1100,1081,2
2026-06-09,000001,13:32:06,11.1100,45,2
2026-06-09,000001,13:32:09,11.1200,10,1
2026-06-09,000001,13:32:12,11.1200,5,1
2026-06-09,000001,13:32:15,11.1100,1,2
2026-06-09,000001,13:32:18,11.1200,3,1
2026-06-09,000001,13:32:21,11.1200,76,1
2026-06-09,000001,13:32:24,11.1100,16,2
2026-06-09,000001,13:32:27,11.1200,102,1
2026-06-09,000001,13:32:30,11.1200,90,1
2026-06-09,000001,13:32:33,11.1200,815,1
2026-06-09,000001,13:32:36,11.1100,195,2
2026-06-09,000001,13:32:39,11.1200,74,1
2026-06-09,000001,13:32:42,11.1200,187,1
2026-06-09,000001,13:32:45,11.1200,73,1
2026-06-09,000001,13:32:48,11.1200,80,1
2026-06-09,000001,13:32:51,11.1200,213,1
2026-06-09,000001,13:32:54,11.1200,17,1
2026-06-09,000001,13:32:57,11.1100,42,2
2026-06-09,000001,13:33:00,11.1100,66,2
2026-06-09,000001,13:33:03,11.1200,116,1
2026-06-09,000001,13:33:06,11.1200,185,1
2026-06-09,000001,13:33:09,11.1200,614,1
2026-06-09,000001,13:33:12,11.1200,88,2
2026-06-09,000001,13:33:15,11.1300,67,1
2026-06-09,000001,13:33:18,11.1300,14,1
2026-06-09,000001,13:33:21,11.1300,90,1
2026-06-09,000001,13:33:24,11.1200,63,2
2026-06-09,000001,13:33:27,11.1300,26,1
2026-06-09,000001,13:33:30,11.1300,22,1
2026-06-09,000001,13:33:33,11.1200,1205,2
2026-06-09,000001,13:33:36,11.1200,17,2
2026-06-09,000001,13:33:39,11.1200,427,2
2026-06-09,000001,13:33:42,11.1300,343,1
2026-06-09,000001,13:33:45,11.1200,477,2
2026-06-09,000001,13:33:48,11.1100,2415,2
2026-06-09,000001,13:33:51,11.1200,492,1
2026-06-09,000001,13:33:54,11.1100,217,2
2026-06-09,000001,13:33:57,11.1200,44,1
2026-06-09,000001,13:34:03,11.1200,42,1
2026-06-09,000001,13:34:06,11.1200,6,1
2026-06-09,000001,13:34:09,11.1200,89,1
2026-06-09,000001,13:34:12,11.1200,19,1
2026-06-09,000001,13:34:15,11.1200,27,1
2026-06-09,000001,13:34:18,11.1200,52,1
2026-06-09,000001,13:34:21,11.1100,4,2
2026-06-09,000001,13:34:24,11.1200,95,1
2026-06-09,000001,13:34:27,11.1200,74,1
2026-06-09,000001,13:34:30,11.1100,2,2
2026-06-09,000001,13:34:33,11.1100,4,2
2026-06-09,000001,13:34:36,11.1200,72,1
2026-06-09,000001,13:34:39,11.1200,50,1
2026-06-09,000001,13:34:42,11.1200,2,1
2026-06-09,000001,13:34:45,11.1200,22,1
2026-06-09,000001,13:34:48,11.1200,33,1
2026-06-09,000001,13:34:51,11.1100,3,2
2026-06-09,000001,13:34:54,11.1200,1,1
2026-06-09,000001,13:34:57,11.1200,48,1
2026-06-09,000001,13:35:00,11.1200,72,1
2026-06-09,000001,13:35:03,11.1200,70,1
2026-06-09,000001,13:35:06,11.1200,21,1
2026-06-09,000001,13:35:09,11.1100,39,2
2026-06-09,000001,13:35:12,11.1100,1386,2
2026-06-09,000001,13:35:15,11.1100,164,2
2026-06-09,000001,13:35:18,11.1100,493,2
2026-06-09,000001,13:35:21,11.1200,257,1
2026-06-09,000001,13:35:24,11.1200,38,1
2026-06-09,000001,13:35:27,11.1200,66,1
2026-06-09,000001,13:35:30,11.1200,21,1
2026-06-09,000001,13:35:36,11.1200,70,1
2026-06-09,000001,13:35:39,11.1100,116,2
2026-06-09,000001,13:35:42,11.1100,95,2
2026-06-09,000001,13:35:45,11.1200,47,1
2026-06-09,000001,13:35:48,11.1200,51,1
2026-06-09,000001,13:35:51,11.1200,57,1
2026-06-09,000001,13:35:54,11.1200,78,1
2026-06-09,000001,13:35:57,11.1200,115,1
2026-06-09,000001,13:36:00,11.1200,215,1
2026-06-09,000001,13:36:06,11.1100,37,2
2026-06-09,000001,13:36:09,11.1200,23,1
2026-06-09,000001,13:36:12,11.1200,28,1
2026-06-09,000001,13:36:15,11.1100,88,2
2026-06-09,000001,13:36:18,11.1100,2,2
2026-06-09,000001,13:36:21,11.1100,32,2
2026-06-09,000001,13:36:24,11.1200,68,1
2026-06-09,000001,13:36:27,11.1200,92,1
2026-06-09,000001,13:36:30,11.1200,67,1
2026-06-09,000001,13:36:33,11.1200,80,1
2026-06-09,000001,13:36:36,11.1200,1,1
2026-06-09,000001,13:36:39,11.1200,78,1
2026-06-09,000001,13:36:42,11.1200,127,1
2026-06-09,000001,13:36:45,11.1200,84,1
2026-06-09,000001,13:36:48,11.1200,96,1
2026-06-09,000001,13:36:51,11.1200,15,1
2026-06-09,000001,13:36:54,11.1200,83,1
2026-06-09,000001,13:36:57,11.1200,75,1
2026-06-09,000001,13:37:00,11.1100,25,2
2026-06-09,000001,13:37:03,11.1100,34,2
2026-06-09,000001,13:37:06,11.1100,98,2
2026-06-09,000001,13:37:09,11.1100,66,2
2026-06-09,000001,13:37:12,11.1200,35,1
2026-06-09,000001,13:37:15,11.1100,7,2
2026-06-09,000001,13:37:18,11.1100,44,2
2026-06-09,000001,13:37:24,11.1100,1,2
2026-06-09,000001,13:37:27,11.1200,645,1
2026-06-09,000001,13:37:30,11.1200,56,1
2026-06-09,000001,13:37:36,11.1100,78,2
2026-06-09,000001,13:37:39,11.1100,5,2
2026-06-09,000001,13:37:42,11.1200,1,1
2026-06-09,000001,13:37:45,11.1200,195,1
2026-06-09,000001,13:37:48,11.1200,55,1
2026-06-09,000001,13:37:51,11.1200,64,1
2026-06-09,000001,13:37:54,11.1200,76,1
2026-06-09,000001,13:37:57,11.1200,132,1
2026-06-09,000001,13:38:00,11.1200,92,1
2026-06-09,000001,13:38:03,11.1200,65,1
2026-06-09,000001,13:38:06,11.1100,105,2
2026-06-09,000001,13:38:12,11.1100,15,2
2026-06-09,000001,13:38:15,11.1100,116,2
2026-06-09,000001,13:38:21,11.1200,119,1
2026-06-09,000001,13:38:24,11.1200,19,1
2026-06-09,000001,13:38:27,11.1100,5,2
2026-06-09,000001,13:38:30,11.1100,58,2
2026-06-09,000001,13:38:33,11.1100,40,2
2026-06-09,000001,13:38:39,11.1200,27,1
2026-06-09,000001,13:38:42,11.1100,112,2
2026-06-09,000001,13:38:45,11.1100,30,2
2026-06-09,000001,13:38:48,11.1100,2,2
2026-06-09,000001,13:38:51,11.1100,54,2
2026-06-09,000001,13:38:54,11.1200,46,1
2026-06-09,000001,13:38:57,11.1100,38,2
2026-06-09,000001,13:39:00,11.1200,112,1
2026-06-09,000001,13:39:06,11.1200,19,1
2026-06-09,000001,13:39:09,11.1200,50,1
2026-06-09,000001,13:39:12,11.1200,19,1
2026-06-09,000001,13:39:15,11.1100,248,2
2026-06-09,000001,13:39:18,11.1100,313,2
2026-06-09,000001,13:39:21,11.1100,241,2
2026-06-09,000001,13:39:24,11.1100,2646,2
2026-06-09,000001,13:39:27,11.1000,56,2
2026-06-09,000001,13:39:30,11.1100,74,1
2026-06-09,000001,13:39:33,11.1000,1,2
2026-06-09,000001,13:39:36,11.1000,52,2
2026-06-09,000001,13:39:39,11.1100,736,1
2026-06-09,000001,13:39:42,11.1000,464,2
2026-06-09,000001,13:39:45,11.1000,135,2
2026-06-09,000001,13:39:48,11.1000,148,2
2026-06-09,000001,13:39:51,11.1100,35,1
2026-06-09,000001,13:39:54,11.1100,26,1
2026-06-09,000001,13:39:57,11.1000,69,2
2026-06-09,000001,13:40:03,11.1000,138,2
2026-06-09,000001,13:40:06,11.1100,74,1
2026-06-09,000001,13:40:09,11.1000,51,2
2026-06-09,000001,13:40:12,11.1000,43,2
2026-06-09,000001,13:40:15,11.1100,101,1
2026-06-09,000001,13:40:18,11.1000,1,2
2026-06-09,000001,13:40:21,11.1100,9,1
2026-06-09,000001,13:40:24,11.1000,46,2
2026-06-09,000001,13:40:27,11.1100,165,1
2026-06-09,000001,13:40:30,11.1100,107,1
2026-06-09,000001,13:40:33,11.1100,16,1
2026-06-09,000001,13:40:36,11.1100,15,1
2026-06-09,000001,13:40:39,11.1000,45,2
2026-06-09,000001,13:40:42,11.1000,29,2
2026-06-09,000001,13:40:45,11.1000,68,2
2026-06-09,000001,13:40:48,11.1100,110,1
2026-06-09,000001,13:40:51,11.1100,58,1
2026-06-09,000001,13:40:54,11.1000,10,2
2026-06-09,000001,13:40:57,11.1000,38,2
2026-06-09,000001,13:41:00,11.1100,48,1
2026-06-09,000001,13:41:03,11.1100,245,1
2026-06-09,000001,13:41:09,11.1000,499,2
2026-06-09,000001,13:41:12,11.1100,65,1
2026-06-09,000001,13:41:15,11.1100,354,1
2026-06-09,000001,13:41:18,11.1100,256,1
2026-06-09,000001,13:41:21,11.1000,1,2
2026-06-09,000001,13:41:24,11.1100,45,1
2026-06-09,000001,13:41:30,11.1100,84,1
2026-06-09,000001,13:41:33,11.1000,4,2
2026-06-09,000001,13:41:36,11.1000,134,2
2026-06-09,000001,13:41:39,11.1000,33,2
2026-06-09,000001,13:41:42,11.1100,16,1
2026-06-09,000001,13:41:45,11.1100,53,1
2026-06-09,000001,13:41:48,11.1100,20,1
2026-06-09,000001,13:41:51,11.1100,99,1
2026-06-09,000001,13:41:54,11.1000,208,2
2026-06-09,000001,13:41:57,11.1100,17,1
2026-06-09,000001,13:42:00,11.1100,283,1
2026-06-09,000001,13:42:03,11.1000,118,2
2026-06-09,000001,13:42:06,11.1100,13,1
2026-06-09,000001,13:42:09,11.1000,32,2
2026-06-09,000001,13:42:12,11.1100,213,1
2026-06-09,000001,13:42:15,11.1000,17,2
2026-06-09,000001,13:42:18,11.1100,15,1
2026-06-09,000001,13:42:21,11.1100,7,1
2026-06-09,000001,13:42:24,11.1000,18,2
2026-06-09,000001,13:42:27,11.1100,55,1
2026-06-09,000001,13:42:30,11.1100,48,1
2026-06-09,000001,13:42:33,11.1000,7,2
2026-06-09,000001,13:42:36,11.1000,77,2
2026-06-09,000001,13:42:39,11.1100,59,1
2026-06-09,000001,13:42:42,11.1100,213,1
2026-06-09,000001,13:42:45,11.1000,74,2
2026-06-09,000001,13:42:51,11.1000,161,2
2026-06-09,000001,13:42:54,11.1100,41,1
2026-06-09,000001,13:42:57,11.1000,69,2
2026-06-09,000001,13:43:00,11.1100,47,1
2026-06-09,000001,13:43:06,11.1000,78,2
2026-06-09,000001,13:43:09,11.1000,21,2
2026-06-09,000001,13:43:12,11.1100,12,1
2026-06-09,000001,13:43:15,11.1100,32,1
2026-06-09,000001,13:43:18,11.1100,196,1
2026-06-09,000001,13:43:21,11.1100,6,1
2026-06-09,000001,13:43:24,11.1100,5,1
2026-06-09,000001,13:43:27,11.1000,103,2
2026-06-09,000001,13:43:30,11.1000,12,2
2026-06-09,000001,13:43:33,11.1100,50,1
2026-06-09,000001,13:43:39,11.1000,2,2
2026-06-09,000001,13:43:42,11.1100,19,1
2026-06-09,000001,13:43:45,11.1000,34,2
2026-06-09,000001,13:43:48,11.1100,57,1
2026-06-09,000001,13:43:51,11.1000,113,2
2026-06-09,000001,13:43:54,11.1000,55,2
2026-06-09,000001,13:43:57,11.1000,78,2
2026-06-09,000001,13:44:00,11.1100,110,1
2026-06-09,000001,13:44:03,11.1000,104,2
2026-06-09,000001,13:44:06,11.1000,30,2
2026-06-09,000001,13:44:09,11.1000,37,2
2026-06-09,000001,13:44:12,11.1100,126,1
2026-06-09,000001,13:44:15,11.1100,73,1
2026-06-09,000001,13:44:18,11.1100,47,1
2026-06-09,000001,13:44:24,11.1000,90,2
2026-06-09,000001,13:44:27,11.1000,2034,2
2026-06-09,000001,13:44:30,11.1000,693,2
2026-06-09,000001,13:44:33,11.1000,1051,2
2026-06-09,000001,13:44:36,11.1000,4537,2
2026-06-09,000001,13:44:39,11.1000,421,1
2026-06-09,000001,13:44:42,11.1000,118,1
2026-06-09,000001,13:44:45,11.1000,41,1
2026-06-09,000001,13:44:48,11.1000,76,1
2026-06-09,000001,13:44:51,11.0900,1,2
2026-06-09,000001,13:44:54,11.0900,156,2
2026-06-09,000001,13:44:57,11.1000,109,1
2026-06-09,000001,13:45:00,11.1000,51,1
2026-06-09,000001,13:45:03,11.0900,10,2
2026-06-09,000001,13:45:06,11.1000,150,1
2026-06-09,000001,13:45:09,11.1000,207,1
2026-06-09,000001,13:45:12,11.0900,110,2
2026-06-09,000001,13:45:15,11.1000,265,1
2026-06-09,000001,13:45:18,11.0900,129,2
2026-06-09,000001,13:45:21,11.0900,5,2
2026-06-09,000001,13:45:24,11.0900,15,2
2026-06-09,000001,13:45:27,11.0900,13,2
2026-06-09,000001,13:45:30,11.1000,88,1
2026-06-09,000001,13:45:33,11.0900,13,2
2026-06-09,000001,13:45:36,11.0900,47,2
2026-06-09,000001,13:45:39,11.1000,68,1
2026-06-09,000001,13:45:42,11.1000,74,1
2026-06-09,000001,13:45:45,11.1000,56,1
2026-06-09,000001,13:45:48,11.1000,41,1
2026-06-09,000001,13:45:51,11.0900,159,2
2026-06-09,000001,13:45:54,11.0900,76,2
2026-06-09,000001,13:45:57,11.0900,38,2
2026-06-09,000001,13:46:00,11.1000,315,1
2026-06-09,000001,13:46:06,11.1000,1,1
2026-06-09,000001,13:46:09,11.1000,81,1
2026-06-09,000001,13:46:12,11.1000,137,1
2026-06-09,000001,13:46:15,11.0900,50,2
2026-06-09,000001,13:46:18,11.1000,8,1
2026-06-09,000001,13:46:21,11.0900,35,2
2026-06-09,000001,13:46:24,11.0900,184,2
2026-06-09,000001,13:46:27,11.0900,42,2
2026-06-09,000001,13:46:30,11.1000,95,1
2026-06-09,000001,13:46:33,11.0900,21,2
2026-06-09,000001,13:46:42,11.1000,41,1
2026-06-09,000001,13:46:45,11.1000,20,1
2026-06-09,000001,13:46:48,11.1000,53,1
2026-06-09,000001,13:46:51,11.0900,50,2
2026-06-09,000001,13:46:54,11.0900,24,2
2026-06-09,000001,13:46:57,11.0900,1,2
2026-06-09,000001,13:47:00,11.0900,1,2
2026-06-09,000001,13:47:03,11.1000,54,1
2026-06-09,000001,13:47:06,11.1000,44,1
2026-06-09,000001,13:47:09,11.1000,187,1
2026-06-09,000001,13:47:12,11.1000,31,1
2026-06-09,000001,13:47:15,11.1000,3,1
2026-06-09,000001,13:47:18,11.0900,637,2
2026-06-09,000001,13:47:21,11.0900,432,2
2026-06-09,000001,13:47:24,11.0900,9,2
2026-06-09,000001,13:47:27,11.1000,244,1
2026-06-09,000001,13:47:30,11.1000,110,1
2026-06-09,000001,13:47:33,11.0900,113,2
2026-06-09,000001,13:47:36,11.1000,29,1
2026-06-09,000001,13:47:39,11.1000,16,1
2026-06-09,000001,13:47:42,11.1000,100,1
2026-06-09,000001,13:47:45,11.0900,12,2
2026-06-09,000001,13:47:48,11.1000,40,1
2026-06-09,000001,13:47:51,11.0900,173,2
2026-06-09,000001,13:47:54,11.0900,334,2
2026-06-09,000001,13:47:57,11.0900,157,2
2026-06-09,000001,13:48:00,11.1000,218,1
2026-06-09,000001,13:48:03,11.0900,201,2
2026-06-09,000001,13:48:06,11.0900,78,2
2026-06-09,000001,13:48:09,11.1000,14,1
2026-06-09,000001,13:48:12,11.1000,76,1
2026-06-09,000001,13:48:15,11.1000,66,1
2026-06-09,000001,13:48:18,11.1000,67,1
2026-06-09,000001,13:48:21,11.0900,111,2
2026-06-09,000001,13:48:24,11.1000,73,1
2026-06-09,000001,13:48:27,11.1000,33,1
2026-06-09,000001,13:48:30,11.1000,110,1
2026-06-09,000001,13:48:33,11.0900,17,2
2026-06-09,000001,13:48:36,11.1000,23,1
2026-06-09,000001,13:48:39,11.1000,41,1
2026-06-09,000001,13:48:42,11.1000,41,1
2026-06-09,000001,13:48:45,11.1000,142,1
2026-06-09,000001,13:48:48,11.1000,3,1
2026-06-09,000001,13:48:51,11.0900,132,2
2026-06-09,000001,13:48:54,11.1000,48,1
2026-06-09,000001,13:48:57,11.1000,34,1
2026-06-09,000001,13:49:00,11.1000,110,1
2026-06-09,000001,13:49:03,11.1000,30,1
2026-06-09,000001,13:49:06,11.1000,422,1
2026-06-09,000001,13:49:09,11.1000,1220,1
2026-06-09,000001,13:49:12,11.1000,188,1
2026-06-09,000001,13:49:15,11.1000,129,1
2026-06-09,000001,13:49:18,11.1000,126,1
2026-06-09,000001,13:49:21,11.1000,235,1
2026-06-09,000001,13:49:24,11.0900,379,2
2026-06-09,000001,13:49:27,11.1000,852,1
2026-06-09,000001,13:49:30,11.1000,22,2
2026-06-09,000001,13:49:33,11.1000,16,2
2026-06-09,000001,13:49:36,11.1000,43,2
2026-06-09,000001,13:49:39,11.1100,208,1
2026-06-09,000001,13:49:42,11.1100,49,1
2026-06-09,000001,13:49:45,11.1100,44,1
2026-06-09,000001,13:49:48,11.1100,1,1
2026-06-09,000001,13:49:51,11.1000,114,2
2026-06-09,000001,13:49:54,11.1100,116,1
2026-06-09,000001,13:49:57,11.1100,8,1
2026-06-09,000001,13:50:00,11.1100,76,1
2026-06-09,000001,13:50:03,11.1100,59,1
2026-06-09,000001,13:50:06,11.1000,10,2
2026-06-09,000001,13:50:09,11.1100,3,1
2026-06-09,000001,13:50:12,11.1100,28,1
2026-06-09,000001,13:50:15,11.1000,22,2
2026-06-09,000001,13:50:18,11.1100,1,1
2026-06-09,000001,13:50:21,11.1100,74,1
2026-06-09,000001,13:50:24,11.1000,98,2
2026-06-09,000001,13:50:27,11.1000,56,2
2026-06-09,000001,13:50:30,11.1000,81,2
2026-06-09,000001,13:50:33,11.1000,49,2
2026-06-09,000001,13:50:36,11.1100,27,1
2026-06-09,000001,13:50:39,11.1100,402,1
2026-06-09,000001,13:50:42,11.1100,246,1
2026-06-09,000001,13:50:45,11.1000,25,2
2026-06-09,000001,13:50:48,11.1100,31,1
2026-06-09,000001,13:50:51,11.1100,15,1
2026-06-09,000001,13:50:57,11.1100,37,1
2026-06-09,000001,13:51:00,11.1100,121,1
2026-06-09,000001,13:51:03,11.1100,3,1
2026-06-09,000001,13:51:06,11.1100,24,1
2026-06-09,000001,13:51:09,11.1000,9,2
2026-06-09,000001,13:51:12,11.1100,59,1
2026-06-09,000001,13:51:15,11.1000,4,2
2026-06-09,000001,13:51:18,11.1000,53,2
2026-06-09,000001,13:51:21,11.1100,60,1
2026-06-09,000001,13:51:24,11.1000,6,2
2026-06-09,000001,13:51:27,11.1000,57,2
2026-06-09,000001,13:51:30,11.1100,75,1
2026-06-09,000001,13:51:33,11.1000,4,2
2026-06-09,000001,13:51:36,11.1100,1,1
2026-06-09,000001,13:51:39,11.1100,1,1
2026-06-09,000001,13:51:42,11.1100,2,1
2026-06-09,000001,13:51:45,11.1100,34,1
2026-06-09,000001,13:51:48,11.1100,5,1
2026-06-09,000001,13:51:51,11.1100,2930,1
2026-06-09,000001,13:51:54,11.1100,411,2
2026-06-09,000001,13:51:57,11.1200,48,1
2026-06-09,000001,13:52:00,11.1100,20,2
2026-06-09,000001,13:52:03,11.1200,72,1
2026-06-09,000001,13:52:06,11.1100,20,2
2026-06-09,000001,13:52:09,11.1100,27,2
2026-06-09,000001,13:52:12,11.1200,20,1
2026-06-09,000001,13:52:15,11.1200,58,1
2026-06-09,000001,13:52:18,11.1200,15,1
2026-06-09,000001,13:52:21,11.1100,16,2
2026-06-09,000001,13:52:24,11.1200,743,1
2026-06-09,000001,13:52:27,11.1200,407,1
2026-06-09,000001,13:52:30,11.1200,67,1
2026-06-09,000001,13:52:33,11.1100,1,2
2026-06-09,000001,13:52:36,11.1100,39,2
2026-06-09,000001,13:52:39,11.1100,87,2
2026-06-09,000001,13:52:42,11.1200,38,1
2026-06-09,000001,13:52:45,11.1200,23,1
2026-06-09,000001,13:52:48,11.1200,13,1
2026-06-09,000001,13:52:51,11.1200,1,1
2026-06-09,000001,13:52:54,11.1200,5,1
2026-06-09,000001,13:52:57,11.1200,26,1
2026-06-09,000001,13:53:00,11.1200,150,1
2026-06-09,000001,13:53:03,11.1100,232,2
2026-06-09,000001,13:53:06,11.1200,68,1
2026-06-09,000001,13:53:09,11.1100,136,2
2026-06-09,000001,13:53:12,11.1100,97,2
2026-06-09,000001,13:53:15,11.1100,43,2
2026-06-09,000001,13:53:18,11.1200,122,1
2026-06-09,000001,13:53:21,11.1200,57,1
2026-06-09,000001,13:53:24,11.1100,5311,2
2026-06-09,000001,13:53:27,11.1000,142,2
2026-06-09,000001,13:53:30,11.1000,21,2
2026-06-09,000001,13:53:33,11.1000,26,2
2026-06-09,000001,13:53:36,11.1000,44,2
2026-06-09,000001,13:53:39,11.1000,79,2
2026-06-09,000001,13:53:42,11.1000,33,2
2026-06-09,000001,13:53:48,11.1000,73,2
2026-06-09,000001,13:53:51,11.1000,45,2
2026-06-09,000001,13:53:54,11.1000,112,2
2026-06-09,000001,13:54:00,11.1100,584,1
2026-06-09,000001,13:54:03,11.1000,3,2
2026-06-09,000001,13:54:06,11.1100,57,1
2026-06-09,000001,13:54:09,11.1000,29,2
2026-06-09,000001,13:54:12,11.1000,230,2
2026-06-09,000001,13:54:15,11.1000,21,2
2026-06-09,000001,13:54:18,11.1100,16,1
2026-06-09,000001,13:54:21,11.1000,93,2
2026-06-09,000001,13:54:24,11.1100,560,1
2026-06-09,000001,13:54:27,11.1000,45,2
2026-06-09,000001,13:54:30,11.1100,6,1
2026-06-09,000001,13:54:33,11.1100,399,1
2026-06-09,000001,13:54:36,11.1100,98,1
2026-06-09,000001,13:54:39,11.1000,28,2
2026-06-09,000001,13:54:42,11.1100,78,1
2026-06-09,000001,13:54:45,11.1000,31,2
2026-06-09,000001,13:54:48,11.1100,2,1
2026-06-09,000001,13:54:54,11.1100,21,1
2026-06-09,000001,13:54:57,11.1000,8,2
2026-06-09,000001,13:55:00,11.1100,118,1
2026-06-09,000001,13:55:03,11.1000,50,2
2026-06-09,000001,13:55:06,11.1100,28,1
2026-06-09,000001,13:55:09,11.1100,29,1
2026-06-09,000001,13:55:12,11.1100,3,1
2026-06-09,000001,13:55:15,11.1100,25,1
2026-06-09,000001,13:55:18,11.1000,76,2
2026-06-09,000001,13:55:21,11.1100,11,1
2026-06-09,000001,13:55:24,11.1100,5,1
2026-06-09,000001,13:55:27,11.1100,18,1
2026-06-09,000001,13:55:30,11.1100,51,1
2026-06-09,000001,13:55:36,11.1000,7,2
2026-06-09,000001,13:55:39,11.1000,121,2
2026-06-09,000001,13:55:42,11.1100,1,1
2026-06-09,000001,13:55:45,11.1100,3,1
2026-06-09,000001,13:55:48,11.1100,268,1
2026-06-09,000001,13:55:51,11.1000,35,2
2026-06-09,000001,13:55:54,11.1000,40,2
2026-06-09,000001,13:55:57,11.1100,44,1
2026-06-09,000001,13:56:00,11.1100,101,1
2026-06-09,000001,13:56:03,11.1000,57,2
2026-06-09,000001,13:56:06,11.1100,106,1
2026-06-09,000001,13:56:09,11.1100,33,1
2026-06-09,000001,13:56:12,11.1100,31,1
2026-06-09,000001,13:56:15,11.1100,23,1
2026-06-09,000001,13:56:18,11.1100,7,1
2026-06-09,000001,13:56:24,11.1100,44,1
2026-06-09,000001,13:56:27,11.1000,13,2
2026-06-09,000001,13:56:30,11.1100,152,1
2026-06-09,000001,13:56:33,11.1100,33,1
2026-06-09,000001,13:56:36,11.1000,108,2
2026-06-09,000001,13:56:39,11.1100,153,1
2026-06-09,000001,13:56:42,11.1100,62,1
2026-06-09,000001,13:56:45,11.1000,54,2
2026-06-09,000001,13:56:48,11.1000,71,2
2026-06-09,000001,13:56:51,11.1000,7,2
2026-06-09,000001,13:56:54,11.1000,34,2
2026-06-09,000001,13:56:57,11.1100,1,1
2026-06-09,000001,13:57:00,11.1000,48,2
2026-06-09,000001,13:57:03,11.1100,145,1
2026-06-09,000001,13:57:06,11.1000,48,2
2026-06-09,000001,13:57:09,11.1100,8,1
2026-06-09,000001,13:57:12,11.1100,37,1
2026-06-09,000001,13:57:15,11.1100,96,1
2026-06-09,000001,13:57:18,11.1100,11,1
2026-06-09,000001,13:57:21,11.1000,10,2
2026-06-09,000001,13:57:24,11.1100,35,1
2026-06-09,000001,13:57:27,11.1100,168,1
2026-06-09,000001,13:57:30,11.1100,63,1
2026-06-09,000001,13:57:36,11.1000,168,2
2026-06-09,000001,13:57:39,11.1000,72,2
2026-06-09,000001,13:57:42,11.1100,2,1
2026-06-09,000001,13:57:45,11.1100,122,1
2026-06-09,000001,13:57:48,11.1100,84,1
2026-06-09,000001,13:57:51,11.1100,50,1
2026-06-09,000001,13:57:54,11.1100,287,1
2026-06-09,000001,13:57:57,11.1100,3,1
2026-06-09,000001,13:58:00,11.1100,47,1
2026-06-09,000001,13:58:03,11.1100,20,1
2026-06-09,000001,13:58:06,11.1100,74,1
2026-06-09,000001,13:58:09,11.1100,69,1
2026-06-09,000001,13:58:12,11.1100,31,1
2026-06-09,000001,13:58:15,11.1100,27,1
2026-06-09,000001,13:58:18,11.1100,56,1
2026-06-09,000001,13:58:21,11.1100,7,1
2026-06-09,000001,13:58:24,11.1100,1,1
2026-06-09,000001,13:58:27,11.1100,156,1
2026-06-09,000001,13:58:30,11.1100,756,1
2026-06-09,000001,13:58:33,11.1100,1021,1
2026-06-09,000001,13:58:36,11.1100,65,1
2026-06-09,000001,13:58:39,11.1100,39,1
2026-06-09,000001,13:58:42,11.1100,38,1
2026-06-09,000001,13:58:45,11.1000,15,2
2026-06-09,000001,13:58:48,11.1100,42,1
2026-06-09,000001,13:58:51,11.1000,5,2
2026-06-09,000001,13:58:54,11.1100,47,1
2026-06-09,000001,13:58:57,11.1000,41,2
2026-06-09,000001,13:59:00,11.1100,97,1
2026-06-09,000001,13:59:03,11.1100,52,1
2026-06-09,000001,13:59:06,11.1100,41,1
2026-06-09,000001,13:59:09,11.1000,20,2
2026-06-09,000001,13:59:12,11.1100,112,1
2026-06-09,000001,13:59:15,11.1100,88,1
2026-06-09,000001,13:59:18,11.1100,316,1
2026-06-09,000001,13:59:21,11.1000,32,2
2026-06-09,000001,13:59:24,11.1100,51,1
2026-06-09,000001,13:59:27,11.1100,20,1
2026-06-09,000001,13:59:30,11.1100,217,1
2026-06-09,000001,13:59:33,11.1100,240,1
2026-06-09,000001,13:59:36,11.1100,102,1
2026-06-09,000001,13:59:39,11.1100,45,1
2026-06-09,000001,13:59:42,11.1100,168,1
2026-06-09,000001,13:59:45,11.1100,331,1
2026-06-09,000001,13:59:48,11.1100,102,1
2026-06-09,000001,13:59:51,11.1000,107,2
2026-06-09,000001,13:59:54,11.1100,60,1
2026-06-09,000001,13:59:57,11.1100,51,1
2026-06-09,000001,14:00:03,11.1100,1049,1
2026-06-09,000001,14:00:06,11.1100,533,2
2026-06-09,000001,14:00:09,11.1100,80,1
2026-06-09,000001,14:00:12,11.1100,470,1
2026-06-09,000001,14:00:15,11.1100,3,1
2026-06-09,000001,14:00:18,11.1100,22,1
2026-06-09,000001,14:00:21,11.1100,45,1
2026-06-09,000001,14:00:24,11.1100,2,1
2026-06-09,000001,14:00:27,11.1000,27,2
2026-06-09,000001,14:00:30,11.1000,95,2
2026-06-09,000001,14:00:33,11.1100,6,1
2026-06-09,000001,14:00:36,11.1100,51,1
2026-06-09,000001,14:00:42,11.1100,470,1
2026-06-09,000001,14:00:45,11.1000,29,2
2026-06-09,000001,14:00:48,11.1100,60,1
2026-06-09,000001,14:00:51,11.1100,664,1
2026-06-09,000001,14:00:54,11.1100,40,1
2026-06-09,000001,14:00:57,11.1000,602,2
2026-06-09,000001,14:01:00,11.1000,21,2
2026-06-09,000001,14:01:03,11.1100,57,1
2026-06-09,000001,14:01:06,11.1100,67,1
2026-06-09,000001,14:01:09,11.1100,15,1
2026-06-09,000001,14:01:12,11.1100,34,1
2026-06-09,000001,14:01:15,11.1100,41,1
2026-06-09,000001,14:01:18,11.1100,234,1
2026-06-09,000001,14:01:21,11.1100,163,1
2026-06-09,000001,14:01:24,11.1100,48,1
2026-06-09,000001,14:01:27,11.1100,41,1
2026-06-09,000001,14:01:30,11.1100,77,1
2026-06-09,000001,14:01:33,11.1100,106,1
2026-06-09,000001,14:01:36,11.1000,104,2
2026-06-09,000001,14:01:39,11.1000,62,2
2026-06-09,000001,14:01:42,11.1000,91,2
2026-06-09,000001,14:01:45,11.1000,40,2
2026-06-09,000001,14:01:48,11.1000,8,2
2026-06-09,000001,14:01:51,11.1000,10,2
2026-06-09,000001,14:01:54,11.1000,36,2
2026-06-09,000001,14:01:57,11.1100,3,1
2026-06-09,000001,14:02:00,11.1100,98,1
2026-06-09,000001,14:02:03,11.1100,81,1
2026-06-09,000001,14:02:06,11.1100,108,1
2026-06-09,000001,14:02:09,11.1100,45,1
2026-06-09,000001,14:02:12,11.1100,93,1
2026-06-09,000001,14:02:15,11.1000,9791,2
2026-06-09,000001,14:02:18,11.1100,530,1
2026-06-09,000001,14:02:21,11.1000,959,2
2026-06-09,000001,14:02:24,11.0900,186,2
2026-06-09,000001,14:02:27,11.1000,136,1
2026-06-09,000001,14:02:30,11.0900,44,2
2026-06-09,000001,14:02:33,11.1000,30,1
2026-06-09,000001,14:02:39,11.0900,13,2
2026-06-09,000001,14:02:42,11.1000,21,1
2026-06-09,000001,14:02:45,11.1000,65,1
2026-06-09,000001,14:02:48,11.1000,7,1
2026-06-09,000001,14:02:51,11.1000,3,1
2026-06-09,000001,14:02:54,11.1000,59,1
2026-06-09,000001,14:02:57,11.1000,330,1
2026-06-09,000001,14:03:00,11.1000,64,1
2026-06-09,000001,14:03:03,11.1000,80,1
2026-06-09,000001,14:03:06,11.0900,13,2
2026-06-09,000001,14:03:09,11.1000,49,1
2026-06-09,000001,14:03:12,11.1000,2,1
2026-06-09,000001,14:03:15,11.1000,664,1
2026-06-09,000001,14:03:18,11.0900,22,2
2026-06-09,000001,14:03:24,11.1000,87,1
2026-06-09,000001,14:03:27,11.1000,47,1
2026-06-09,000001,14:03:30,11.0900,10,2
2026-06-09,000001,14:03:33,11.0900,13,2
2026-06-09,000001,14:03:36,11.0900,9,2
2026-06-09,000001,14:03:39,11.1000,23,1
2026-06-09,000001,14:03:42,11.0900,53,2
2026-06-09,000001,14:03:45,11.1000,53,1
2026-06-09,000001,14:03:48,11.1000,10,1
2026-06-09,000001,14:03:51,11.1000,3,1
2026-06-09,000001,14:03:54,11.1000,48,1
2026-06-09,000001,14:03:57,11.1000,33,1
2026-06-09,000001,14:04:00,11.1000,14,1
2026-06-09,000001,14:04:03,11.1000,60,1
2026-06-09,000001,14:04:06,11.1000,43,1
2026-06-09,000001,14:04:09,11.1000,154,1
2026-06-09,000001,14:04:12,11.1000,37,1
2026-06-09,000001,14:04:15,11.1000,132,1
2026-06-09,000001,14:04:18,11.1000,52,1
2026-06-09,000001,14:04:21,11.1000,47,1
2026-06-09,000001,14:04:24,11.0900,38,2
2026-06-09,000001,14:04:27,11.0900,7,2
2026-06-09,000001,10:50:18,11.1700,11,1
2026-06-09,000001,10:50:21,11.1700,58,1
2026-06-09,000001,10:50:24,11.1600,6,2
2026-06-09,000001,10:50:27,11.1600,97,2
2026-06-09,000001,10:50:30,11.1600,54,2
2026-06-09,000001,10:50:33,11.1700,3,1
2026-06-09,000001,10:50:36,11.1700,10,1
2026-06-09,000001,10:50:39,11.1700,4812,1
2026-06-09,000001,10:50:42,11.1700,1281,1
2026-06-09,000001,10:50:45,11.1600,138,2
2026-06-09,000001,10:50:48,11.1600,160,2
2026-06-09,000001,10:50:51,11.1700,310,1
2026-06-09,000001,10:50:54,11.1700,22,1
2026-06-09,000001,10:50:57,11.1700,91,1
2026-06-09,000001,10:51:00,11.1700,110,1
2026-06-09,000001,10:51:03,11.1600,25,2
2026-06-09,000001,10:51:06,11.1700,52,1
2026-06-09,000001,10:51:09,11.1700,23,1
2026-06-09,000001,10:51:12,11.1700,88,1
2026-06-09,000001,10:51:15,11.1700,3,1
2026-06-09,000001,10:51:18,11.1700,264,1
2026-06-09,000001,10:51:21,11.1700,92,1
2026-06-09,000001,10:51:24,11.1600,1039,2
2026-06-09,000001,10:51:27,11.1600,55,2
2026-06-09,000001,10:51:30,11.1700,53,1
2026-06-09,000001,10:51:33,11.1700,3,1
2026-06-09,000001,10:51:36,11.1600,49,2
2026-06-09,000001,10:51:39,11.1600,55,2
2026-06-09,000001,10:51:42,11.1700,85,1
2026-06-09,000001,10:51:45,11.1700,2,1
2026-06-09,000001,10:51:48,11.1700,13,1
2026-06-09,000001,10:51:51,11.1600,157,2
2026-06-09,000001,10:51:54,11.1700,2474,1
2026-06-09,000001,10:51:57,11.1600,575,2
2026-06-09,000001,10:52:00,11.1700,73,1
2026-06-09,000001,10:52:03,11.1700,166,1
2026-06-09,000001,10:52:06,11.1700,45,1
2026-06-09,000001,10:52:09,11.1700,3843,1
2026-06-09,000001,10:52:12,11.1700,102,2
2026-06-09,000001,10:52:15,11.1700,53,2
2026-06-09,000001,10:52:18,11.1800,245,1
2026-06-09,000001,10:52:21,11.1700,32,2
2026-06-09,000001,10:52:24,11.1700,72,2
2026-06-09,000001,10:52:27,11.1700,55,2
2026-06-09,000001,10:52:30,11.1700,117,2
2026-06-09,000001,10:52:33,11.1700,300,2
2026-06-09,000001,10:52:36,11.1700,153,2
2026-06-09,000001,10:52:39,11.1700,47,2
2026-06-09,000001,10:52:45,11.1700,129,2
2026-06-09,000001,10:52:48,11.1700,125,2
2026-06-09,000001,10:52:51,11.1800,69,1
2026-06-09,000001,10:52:54,11.1700,53,2
2026-06-09,000001,10:52:57,11.1800,43,1
2026-06-09,000001,10:53:00,11.1800,93,1
2026-06-09,000001,10:53:03,11.1700,6079,2
2026-06-09,000001,10:53:06,11.1800,732,1
2026-06-09,000001,10:53:09,11.1800,1423,1
2026-06-09,000001,10:53:12,11.1700,36,2
2026-06-09,000001,10:53:15,11.1800,294,1
2026-06-09,000001,10:53:18,11.1800,25,1
2026-06-09,000001,10:53:21,11.1800,78,1
2026-06-09,000001,10:53:24,11.1800,50,1
2026-06-09,000001,10:53:27,11.1800,4216,1
2026-06-09,000001,10:53:30,11.1800,1258,1
2026-06-09,000001,10:53:33,11.1800,1776,1
2026-06-09,000001,10:53:36,11.1800,198,1
2026-06-09,000001,10:53:39,11.1800,53,1
2026-06-09,000001,10:53:42,11.1800,412,1
2026-06-09,000001,10:53:45,11.1700,77,2
2026-06-09,000001,10:53:48,11.1800,98,1
2026-06-09,000001,10:53:51,11.1800,36,1
2026-06-09,000001,10:53:54,11.1800,47,1
2026-06-09,000001,10:53:57,11.1700,78,2
2026-06-09,000001,10:54:00,11.1800,5,1
2026-06-09,000001,10:54:03,11.1800,801,1
2026-06-09,000001,10:54:06,11.1700,26,2
2026-06-09,000001,10:54:09,11.1800,234,1
2026-06-09,000001,10:54:12,11.1700,84,2
2026-06-09,000001,10:54:15,11.1800,41,1
2026-06-09,000001,10:54:18,11.1800,128,1
2026-06-09,000001,10:54:21,11.1700,107,2
2026-06-09,000001,10:54:24,11.1700,174,2
2026-06-09,000001,10:54:27,11.1700,81,2
2026-06-09,000001,10:54:30,11.1700,107,2
2026-06-09,000001,10:54:33,11.1700,540,2
2026-06-09,000001,10:54:36,11.1700,173,2
2026-06-09,000001,10:54:39,11.1700,41,2
2026-06-09,000001,10:54:42,11.1700,112,2
2026-06-09,000001,10:54:45,11.1700,30,2
2026-06-09,000001,10:54:48,11.1700,205,2
2026-06-09,000001,10:54:51,11.1700,24,2
2026-06-09,000001,10:54:54,11.1800,22,1
2026-06-09,000001,10:54:57,11.1700,106,2
2026-06-09,000001,10:55:00,11.1800,3,1
2026-06-09,000001,10:55:03,11.1800,76,1
2026-06-09,000001,10:55:06,11.1700,120,2
2026-06-09,000001,10:55:09,11.1800,41,1
2026-06-09,000001,10:55:12,11.1800,11,1
2026-06-09,000001,10:55:15,11.1800,179,1
2026-06-09,000001,10:55:18,11.1800,222,1
2026-06-09,000001,10:55:21,11.1800,83,1
2026-06-09,000001,10:55:24,11.1700,210,2
2026-06-09,000001,10:55:27,11.1700,252,2
2026-06-09,000001,10:55:30,11.1700,84,2
2026-06-09,000001,10:55:33,11.1800,95,1
2026-06-09,000001,10:55:36,11.1800,327,1
2026-06-09,000001,10:55:39,11.1800,2983,1
2026-06-09,000001,10:55:42,11.1700,690,2
2026-06-09,000001,10:55:45,11.1800,5197,1
2026-06-09,000001,10:55:48,11.1900,619,1
2026-06-09,000001,10:55:51,11.1800,453,2
2026-06-09,000001,10:55:54,11.1900,537,1
2026-06-09,000001,10:55:57,11.1900,81,1
2026-06-09,000001,10:56:00,11.1800,148,2
2026-06-09,000001,10:56:03,11.1900,210,1
2026-06-09,000001,10:56:06,11.1900,172,1
2026-06-09,000001,10:56:09,11.1900,61,1
2026-06-09,000001,10:56:12,11.1900,609,1
2026-06-09,000001,10:56:15,11.1800,182,2
2026-06-09,000001,10:56:18,11.1900,359,1
2026-06-09,000001,10:56:21,11.1900,80,1
2026-06-09,000001,10:56:24,11.1800,101,2
2026-06-09,000001,10:56:27,11.1800,11,2
2026-06-09,000001,10:56:30,11.1900,74,1
2026-06-09,000001,10:56:33,11.1800,30,2
2026-06-09,000001,10:56:36,11.1900,30,1
2026-06-09,000001,10:56:39,11.1900,52,1
2026-06-09,000001,10:56:42,11.1900,88,1
2026-06-09,000001,10:56:45,11.1800,15,2
2026-06-09,000001,10:56:48,11.1900,89,1
2026-06-09,000001,10:56:51,11.1800,230,2
2026-06-09,000001,10:56:54,11.1800,179,2
2026-06-09,000001,10:56:57,11.1800,4726,2
2026-06-09,000001,10:57:00,11.1800,1,1
2026-06-09,000001,10:57:06,11.1800,4,1
2026-06-09,000001,10:57:09,11.1700,178,2
2026-06-09,000001,10:57:12,11.1800,490,1
2026-06-09,000001,10:57:15,11.1700,132,2
2026-06-09,000001,10:57:18,11.1700,169,2
2026-06-09,000001,10:57:21,11.1800,35,1
2026-06-09,000001,10:57:24,11.1800,57,1
2026-06-09,000001,10:57:27,11.1700,15,2
2026-06-09,000001,10:57:30,11.1800,56,1
2026-06-09,000001,10:57:36,11.1800,50,1
2026-06-09,000001,10:57:39,11.1800,124,1
2026-06-09,000001,10:57:42,11.1700,58,2
2026-06-09,000001,10:57:45,11.1800,92,1
2026-06-09,000001,10:57:48,11.1700,22,2
2026-06-09,000001,10:57:51,11.1700,51,2
2026-06-09,000001,10:57:54,11.1700,196,2
2026-06-09,000001,10:57:57,11.1700,220,2
2026-06-09,000001,10:58:00,11.1800,76,1
2026-06-09,000001,10:58:03,11.1800,65,1
2026-06-09,000001,10:58:06,11.1700,74,2
2026-06-09,000001,10:58:09,11.1800,148,1
2026-06-09,000001,10:58:12,11.1800,62,1
2026-06-09,000001,10:58:15,11.1700,51,2
2026-06-09,000001,10:58:18,11.1800,22,1
2026-06-09,000001,10:58:21,11.1800,40,1
2026-06-09,000001,10:58:24,11.1700,37,2
2026-06-09,000001,10:58:27,11.1700,136,2
2026-06-09,000001,10:58:30,11.1700,2791,2
2026-06-09,000001,10:58:33,11.1700,873,2
2026-06-09,000001,10:58:36,11.1700,996,2
2026-06-09,000001,10:58:39,11.1700,88,2
2026-06-09,000001,10:58:42,11.1800,44,1
2026-06-09,000001,10:58:45,11.1700,74,2
2026-06-09,000001,10:58:48,11.1700,127,2
2026-06-09,000001,10:58:51,11.1700,51,2
2026-06-09,000001,10:58:54,11.1700,40,2
2026-06-09,000001,10:58:57,11.1700,85,2
2026-06-09,000001,10:59:00,11.1700,59,2
2026-06-09,000001,10:59:03,11.1700,49,1
2026-06-09,000001,10:59:06,11.1600,50,2
2026-06-09,000001,10:59:09,11.1600,20,2
2026-06-09,000001,10:59:12,11.1600,85,2
2026-06-09,000001,10:59:15,11.1600,80,2
2026-06-09,000001,10:59:18,11.1700,61,1
2026-06-09,000001,10:59:21,11.1600,70,2
2026-06-09,000001,10:59:24,11.1700,43,1
2026-06-09,000001,10:59:27,11.1600,72,2
2026-06-09,000001,10:59:30,11.1700,121,1
2026-06-09,000001,10:59:33,11.1700,25,1
2026-06-09,000001,10:59:36,11.1700,744,1
2026-06-09,000001,10:59:39,11.1700,700,1
2026-06-09,000001,10:59:42,11.1700,929,1
2026-06-09,000001,10:59:45,11.1700,110,1
2026-06-09,000001,10:59:48,11.1600,76,2
2026-06-09,000001,10:59:51,11.1700,132,1
2026-06-09,000001,10:59:54,11.1700,58,1
2026-06-09,000001,10:59:57,11.1700,75,1
2026-06-09,000001,11:00:00,11.1600,25,2
2026-06-09,000001,11:00:03,11.1700,21,1
2026-06-09,000001,11:00:12,11.1700,60,1
2026-06-09,000001,11:00:15,11.1700,61,1
2026-06-09,000001,11:00:18,11.1700,32,1
2026-06-09,000001,11:00:21,11.1600,25,2
2026-06-09,000001,11:00:24,11.1600,52,2
2026-06-09,000001,11:00:27,11.1700,157,1
2026-06-09,000001,11:00:30,11.1700,100,1
2026-06-09,000001,11:00:33,11.1600,5,2
2026-06-09,000001,11:00:36,11.1700,69,1
2026-06-09,000001,11:00:39,11.1700,22,1
2026-06-09,000001,11:00:42,11.1700,30,1
2026-06-09,000001,11:00:45,11.1600,65,2
2026-06-09,000001,11:00:48,11.1700,18,1
2026-06-09,000001,11:00:51,11.1600,39,2
2026-06-09,000001,11:00:54,11.1600,33,2
2026-06-09,000001,11:00:57,11.1600,193,2
2026-06-09,000001,11:01:00,11.1700,109,1
2026-06-09,000001,11:01:06,11.1600,20,2
2026-06-09,000001,11:01:09,11.1600,175,2
2026-06-09,000001,11:01:12,11.1700,1,1
2026-06-09,000001,11:01:15,11.1600,48,2
2026-06-09,000001,11:01:18,11.1700,24,1
2026-06-09,000001,11:01:21,11.1700,71,1
2026-06-09,000001,11:01:24,11.1600,26,2
2026-06-09,000001,11:01:27,11.1700,36,1
2026-06-09,000001,11:01:30,11.1700,51,1
2026-06-09,000001,11:01:33,11.1700,15,1
2026-06-09,000001,11:01:36,11.1700,21,1
2026-06-09,000001,11:01:39,11.1700,93,1
2026-06-09,000001,11:01:42,11.1700,6,1
2026-06-09,000001,11:01:45,11.1700,177,1
2026-06-09,000001,11:01:48,11.1700,9,1
2026-06-09,000001,11:01:51,11.1600,73,2
2026-06-09,000001,11:01:54,11.1600,33,2
2026-06-09,000001,11:01:57,11.1600,5,2
2026-06-09,000001,11:02:00,11.1700,67,1
2026-06-09,000001,11:02:06,11.1600,23,2
2026-06-09,000001,11:02:09,11.1600,12,2
2026-06-09,000001,11:02:12,11.1700,9,1
2026-06-09,000001,11:02:15,11.1600,32,2
2026-06-09,000001,11:02:18,11.1700,101,1
2026-06-09,000001,11:02:21,11.1700,128,1
2026-06-09,000001,11:02:24,11.1600,10,2
2026-06-09,000001,11:02:27,11.1700,58,1
2026-06-09,000001,11:02:30,11.1700,37,1
2026-06-09,000001,11:02:33,11.1700,29,1
2026-06-09,000001,11:02:36,11.1600,14,2
2026-06-09,000001,11:02:42,11.1700,553,1
2026-06-09,000001,11:02:45,11.1600,29,2
2026-06-09,000001,11:02:48,11.1600,136,2
2026-06-09,000001,11:02:51,11.1600,6,2
2026-06-09,000001,11:02:54,11.1600,26,2
2026-06-09,000001,11:02:57,11.1600,2,2
2026-06-09,000001,11:03:00,11.1700,105,1
2026-06-09,000001,11:03:03,11.1600,7,2
2026-06-09,000001,11:03:06,11.1700,33,1
2026-06-09,000001,11:03:12,11.1700,153,1
2026-06-09,000001,11:03:15,11.1700,11,1
2026-06-09,000001,11:03:18,11.1700,113,1
2026-06-09,000001,11:03:21,11.1700,156,1
2026-06-09,000001,11:03:24,11.1700,63,1
2026-06-09,000001,11:03:30,11.1700,100,1
2026-06-09,000001,11:03:33,11.1700,49,1
2026-06-09,000001,11:03:39,11.1700,42,1
2026-06-09,000001,11:03:42,11.1700,7,1
2026-06-09,000001,11:03:45,11.1700,18,1
2026-06-09,000001,11:03:48,11.1700,71,1
2026-06-09,000001,11:03:51,11.1600,11,2
2026-06-09,000001,11:03:54,11.1700,34,1
2026-06-09,000001,11:03:57,11.1600,20,2
2026-06-09,000001,11:04:00,11.1700,55,1
2026-06-09,000001,11:04:03,11.1700,51,1
2026-06-09,000001,11:04:06,11.1600,105,2
2026-06-09,000001,11:04:09,11.1700,37,1
2026-06-09,000001,11:04:12,11.1600,69,2
2026-06-09,000001,11:04:15,11.1700,78,1
2026-06-09,000001,11:04:18,11.1700,23,1
2026-06-09,000001,11:04:21,11.1700,197,1
2026-06-09,000001,11:04:24,11.1600,21,2
2026-06-09,000001,11:04:27,11.1600,161,2
2026-06-09,000001,11:04:30,11.1700,108,1
2026-06-09,000001,11:04:33,11.1700,26,1
2026-06-09,000001,11:04:36,11.1700,22,1
2026-06-09,000001,11:04:39,11.1700,2,1
2026-06-09,000001,11:04:42,11.1600,707,2
2026-06-09,000001,11:04:45,11.1700,246,1
2026-06-09,000001,11:04:48,11.1600,18,2
2026-06-09,000001,11:04:51,11.1700,61,1
2026-06-09,000001,11:04:54,11.1700,1,1
2026-06-09,000001,11:04:57,11.1600,39,2
2026-06-09,000001,11:05:00,11.1700,109,1
2026-06-09,000001,11:05:03,11.1600,171,2
2026-06-09,000001,11:05:06,11.1600,67,2
2026-06-09,000001,11:05:09,11.1700,42,1
2026-06-09,000001,11:05:12,11.1700,47,1
2026-06-09,000001,11:05:15,11.1700,59,1
2026-06-09,000001,11:05:18,11.1700,66,1
2026-06-09,000001,11:05:21,11.1700,107,1
2026-06-09,000001,11:05:24,11.1700,57,1
2026-06-09,000001,11:05:27,11.1700,74,1
2026-06-09,000001,11:05:30,11.1700,6,1
2026-06-09,000001,11:05:33,11.1700,36,1
2026-06-09,000001,11:05:36,11.1700,671,1
2026-06-09,000001,11:05:39,11.1700,2672,1
2026-06-09,000001,11:05:42,11.1700,1170,1
2026-06-09,000001,11:05:45,11.1700,30,1
2026-06-09,000001,11:05:48,11.1700,204,1
2026-06-09,000001,11:05:51,11.1700,43,1
2026-06-09,000001,11:05:54,11.1700,167,2
2026-06-09,000001,11:05:57,11.1800,41,1
2026-06-09,000001,11:06:00,11.1800,51,1
2026-06-09,000001,11:06:03,11.1800,28,1
2026-06-09,000001,11:06:06,11.1800,38,1
2026-06-09,000001,11:06:09,11.1800,51,1
2026-06-09,000001,11:06:12,11.1800,1,1
2026-06-09,000001,11:06:15,11.1700,81,2
2026-06-09,000001,11:06:18,11.1800,42,1
2026-06-09,000001,11:06:21,11.1800,185,1
2026-06-09,000001,11:06:24,11.1800,93,1
2026-06-09,000001,11:06:27,11.1700,90,2
2026-06-09,000001,11:06:30,11.1700,216,2
2026-06-09,000001,11:06:33,11.1800,72,1
2026-06-09,000001,11:06:36,11.1700,6,2
2026-06-09,000001,11:06:39,11.1700,191,2
2026-06-09,000001,11:06:42,11.1800,10,1
2026-06-09,000001,11:06:45,11.1800,165,1
2026-06-09,000001,11:06:48,11.1800,14,1
2026-06-09,000001,11:06:51,11.1800,71,1
2026-06-09,000001,11:06:54,11.1800,36,1
2026-06-09,000001,11:06:57,11.1700,481,2
2026-06-09,000001,11:07:00,11.1700,426,2
2026-06-09,000001,11:07:03,11.1800,200,1
2026-06-09,000001,11:07:06,11.1700,17,2
2026-06-09,000001,11:07:09,11.1700,87,2
2026-06-09,000001,11:07:12,11.1800,43,1
2026-06-09,000001,11:07:15,11.1700,90,2
2026-06-09,000001,11:07:18,11.1800,15,1
2026-06-09,000001,11:07:21,11.1800,886,1
2026-06-09,000001,11:07:24,11.1800,343,1
2026-06-09,000001,11:07:27,11.1800,176,1
2026-06-09,000001,11:07:30,11.1800,52,1
2026-06-09,000001,11:07:33,11.1700,198,2
2026-06-09,000001,11:07:36,11.1700,49,2
2026-06-09,000001,11:07:39,11.1700,79,2
2026-06-09,000001,11:07:42,11.1800,36,1
2026-06-09,000001,11:07:45,11.1700,13,2
2026-06-09,000001,11:07:48,11.1700,15,2
2026-06-09,000001,11:07:51,11.1700,139,2
2026-06-09,000001,11:07:54,11.1800,22,1
2026-06-09,000001,11:07:57,11.1700,28,2
2026-06-09,000001,11:08:00,11.1700,22,2
2026-06-09,000001,11:08:03,11.1800,75,1
2026-06-09,000001,11:08:06,11.1700,70,2
2026-06-09,000001,11:08:09,11.1800,25,1
2026-06-09,000001,11:08:12,11.1800,35,1
2026-06-09,000001,11:08:15,11.1700,243,2
2026-06-09,000001,11:08:18,11.1700,60,2
2026-06-09,000001,11:08:21,11.1700,5,2
2026-06-09,000001,11:08:24,11.1800,79,1
2026-06-09,000001,11:08:27,11.1700,192,2
2026-06-09,000001,11:08:30,11.1700,111,2
2026-06-09,000001,11:08:33,11.1700,27,2
2026-06-09,000001,11:08:36,11.1700,240,2
2026-06-09,000001,11:08:39,11.1700,159,2
2026-06-09,000001,11:08:42,11.1800,92,1
2026-06-09,000001,11:08:45,11.1700,51,2
2026-06-09,000001,11:08:48,11.1800,27,1
2026-06-09,000001,11:08:51,11.1800,27,1
2026-06-09,000001,11:08:54,11.1700,180,2
2026-06-09,000001,11:08:57,11.1700,60,2
2026-06-09,000001,11:09:00,11.1800,98,1
2026-06-09,000001,11:09:03,11.1800,87,1
2026-06-09,000001,11:09:06,11.1700,742,2
2026-06-09,000001,11:09:09,11.1700,189,2
2026-06-09,000001,11:09:12,11.1800,3,1
2026-06-09,000001,11:09:15,11.1800,110,1
2026-06-09,000001,11:09:18,11.1800,933,1
2026-06-09,000001,11:09:21,11.1800,473,1
2026-06-09,000001,11:09:24,11.1800,1003,1
2026-06-09,000001,11:09:27,11.1700,257,2
2026-06-09,000001,11:09:30,11.1800,307,1
2026-06-09,000001,11:09:33,11.1800,106,1
2026-06-09,000001,11:09:36,11.1700,8,2
2026-06-09,000001,11:09:39,11.1700,93,2
2026-06-09,000001,11:09:42,11.1700,1,2
2026-06-09,000001,11:09:45,11.1700,67,2
2026-06-09,000001,11:09:48,11.1800,54,1
2026-06-09,000001,11:09:51,11.1800,29,1
2026-06-09,000001,11:09:54,11.1800,12,1
2026-06-09,000001,11:09:57,11.1700,25,2
2026-06-09,000001,11:10:00,11.1700,27,2
2026-06-09,000001,11:10:03,11.1700,553,2
2026-06-09,000001,11:10:06,11.1600,4287,2
2026-06-09,000001,11:10:09,11.1600,996,2
2026-06-09,000001,11:10:12,11.1700,20,1
2026-06-09,000001,11:10:15,11.1700,205,1
2026-06-09,000001,11:10:18,11.1600,14,2
2026-06-09,000001,11:10:21,11.1600,5,2
2026-06-09,000001,11:10:24,11.1600,283,2
2026-06-09,000001,11:10:27,11.1700,50,1
2026-06-09,000001,11:10:30,11.1700,70,1
2026-06-09,000001,11:10:33,11.1600,10,2
2026-06-09,000001,11:10:36,11.1700,52,1
2026-06-09,000001,11:10:39,11.1600,21,2
2026-06-09,000001,11:10:42,11.1600,10,2
2026-06-09,000001,11:10:45,11.1600,278,2
2026-06-09,000001,11:10:48,11.1600,43,2
2026-06-09,000001,11:10:51,11.1600,1,2
2026-06-09,000001,11:10:54,11.1700,40,1
2026-06-09,000001,11:10:57,11.1600,56,2
2026-06-09,000001,11:11:03,11.1600,78,2
2026-06-09,000001,11:11:06,11.1600,1,2
2026-06-09,000001,11:11:09,11.1600,468,2
2026-06-09,000001,11:11:12,11.1600,22,2
2026-06-09,000001,11:11:15,11.1600,244,2
2026-06-09,000001,11:11:18,11.1600,83,2
2026-06-09,000001,11:11:21,11.1700,141,1
2026-06-09,000001,11:11:24,11.1700,41,1
2026-06-09,000001,11:11:27,11.1600,41,2
2026-06-09,000001,11:11:30,11.1600,16,2
2026-06-09,000001,11:11:33,11.1700,24,1
2026-06-09,000001,11:11:36,11.1600,128,2
2026-06-09,000001,11:11:39,11.1600,45,2
2026-06-09,000001,11:11:42,11.1700,111,1
2026-06-09,000001,11:11:45,11.1600,1,2
2026-06-09,000001,11:11:48,11.1700,118,1
2026-06-09,000001,11:11:51,11.1600,20,2
2026-06-09,000001,11:11:54,11.1700,111,1
2026-06-09,000001,11:11:57,11.1600,80,2
2026-06-09,000001,11:12:00,11.1700,367,1
2026-06-09,000001,11:12:03,11.1600,175,2
2026-06-09,000001,11:12:06,11.1600,78,2
2026-06-09,000001,11:12:09,11.1700,75,1
2026-06-09,000001,11:12:12,11.1600,5,2
2026-06-09,000001,11:12:15,11.1700,697,1
2026-06-09,000001,11:12:18,11.1700,242,1
2026-06-09,000001,11:12:21,11.1600,2801,2
2026-06-09,000001,11:12:24,11.1600,91,1
2026-06-09,000001,11:12:27,11.1600,28,1
2026-06-09,000001,11:12:30,11.1600,7,1
2026-06-09,000001,11:12:33,11.1600,123,1
2026-06-09,000001,11:12:36,11.1500,1001,2
2026-06-09,000001,11:12:39,11.1500,49,2
2026-06-09,000001,11:12:42,11.1500,265,2
2026-06-09,000001,11:12:45,11.1500,4,2
2026-06-09,000001,11:12:48,11.1600,62,1
2026-06-09,000001,11:12:51,11.1500,245,2
2026-06-09,000001,11:12:54,11.1600,69,1
2026-06-09,000001,11:12:57,11.1500,1326,2
2026-06-09,000001,11:13:03,11.1500,289,2
2026-06-09,000001,11:13:06,11.1500,27,2
2026-06-09,000001,11:13:09,11.1500,134,2
2026-06-09,000001,11:13:12,11.1500,11,2
2026-06-09,000001,11:13:15,11.1600,34,1
2026-06-09,000001,11:13:21,11.1500,17,2
2026-06-09,000001,11:13:24,11.1600,44,1
2026-06-09,000001,11:13:27,11.1500,18,2
2026-06-09,000001,11:13:30,11.1600,61,1
2026-06-09,000001,11:13:36,11.1600,62,1
2026-06-09,000001,11:13:39,11.1600,131,1
2026-06-09,000001,11:13:42,11.1600,36,1
2026-06-09,000001,11:13:48,11.1600,26,1
2026-06-09,000001,11:13:54,11.1600,27,1
2026-06-09,000001,11:13:57,11.1500,69,2
2026-06-09,000001,11:14:00,11.1600,94,1
2026-06-09,000001,11:14:03,11.1500,84,2
2026-06-09,000001,11:14:06,11.1500,30,2
2026-06-09,000001,11:14:12,11.1600,72,1
2026-06-09,000001,11:14:15,11.1500,54,2
2026-06-09,000001,11:14:18,11.1600,61,1
2026-06-09,000001,11:14:21,11.1600,1,1
2026-06-09,000001,11:14:24,11.1600,3,1
2026-06-09,000001,11:14:27,11.1600,65,1
2026-06-09,000001,11:14:30,11.1600,282,1
2026-06-09,000001,11:14:33,11.1500,115,2
2026-06-09,000001,11:14:36,11.1600,52,1
2026-06-09,000001,11:14:39,11.1600,92,1
2026-06-09,000001,11:14:42,11.1600,14,1
2026-06-09,000001,11:14:45,11.1600,35,1
2026-06-09,000001,11:14:48,11.1600,85,1
2026-06-09,000001,11:14:51,11.1500,41,2
2026-06-09,000001,11:14:57,11.1600,20,1
2026-06-09,000001,11:15:00,11.1600,47,1
2026-06-09,000001,11:15:03,11.1600,44,1
2026-06-09,000001,11:15:06,11.1600,11,1
2026-06-09,000001,11:15:09,11.1600,24,1
2026-06-09,000001,11:15:12,11.1600,470,1
2026-06-09,000001,11:15:15,11.1600,1361,1
2026-06-09,000001,11:15:18,11.1600,153,2
2026-06-09,000001,11:15:21,11.1600,135,2
2026-06-09,000001,11:15:24,11.1600,20,2
2026-06-09,000001,11:15:27,11.1700,47,1
2026-06-09,000001,11:15:30,11.1700,31,1
