date,code,time,price,volume,bs
2026-02-24,600519,14:03:43,1467.6899,4,1
2026-02-24,600519,14:03:46,1467.6899,3,1
2026-02-24,600519,14:03:49,1467.6899,6,4
2026-02-24,600519,14:03:53,1467.6801,1,2
2026-02-24,600519,14:03:55,1467.6899,1,2
2026-02-24,600519,14:03:58,1467.7000,5,1
2026-02-24,600519,14:04:01,1467.6801,6,2
2026-02-24,600519,14:04:04,1467.6801,3,2
2026-02-24,600519,14:04:08,1467.7000,1,2
2026-02-24,600519,14:04:10,1467.7100,4,1
2026-02-24,600519,14:04:13,1467.7700,5,1
2026-02-24,600519,14:04:16,1467.7700,1,1
2026-02-24,600519,14:04:20,1467.7800,12,1
2026-02-24,600519,14:04:22,1467.7900,1,2
2026-02-24,600519,14:04:25,1467.8400,9,1
2026-02-24,600519,14:04:28,1467.8700,30,1
2026-02-24,600519,14:04:34,1468.6200,1,1
2026-02-24,600519,14:04:44,1468.9900,1,1
2026-02-24,600519,14:04:46,1468.6200,3,2
2026-02-24,600519,14:04:49,1468.6200,2,2
2026-02-24,600519,14:04:52,1468.6200,2,2
2026-02-24,600519,14:04:55,1468.6300,2,2
2026-02-24,600519,14:04:58,1468.9800,9,1
2026-02-24,600519,14:05:01,1468.7200,1,2
2026-02-24,600519,14:05:04,1468.6400,4,2
2026-02-24,600519,14:05:07,1468.8199,1,1
2026-02-24,600519,14:05:14,1468.8600,5,1
2026-02-24,600519,14:05:16,1468.8700,7,1
2026-02-24,600519,14:05:20,1468.8800,5,1
2026-02-24,600519,14:05:25,1468.8900,1,1
2026-02-24,600519,14:05:29,1468.8800,1,2
2026-02-24,600519,14:05:31,1468.9200,3,1
2026-02-24,600519,14:05:34,1468.8700,1,2
2026-02-24,600519,14:05:37,1468.8900,2,1
2026-02-24,600519,14:05:40,1468.8700,2,2
2026-02-24,600519,14:05:43,1468.8900,1,1
2026-02-24,600519,14:05:49,1468.9200,1,1
2026-02-24,600519,14:05:52,1468.9000,2,4
2026-02-24,600519,14:05:56,1468.9100,1,1
2026-02-24,600519,14:05:58,1468.9000,3,2
2026-02-24,600519,14:06:02,1468.9100,2,4
2026-02-24,600519,14:06:04,1468.9200,2,1
2026-02-24,600519,14:06:08,1468.9200,2,2
2026-02-24,600519,14:06:11,1468.9301,1,1
2026-02-24,600519,14:06:13,1468.9200,3,2
2026-02-24,600519,14:06:16,1468.8900,8,2
2026-02-24,600519,14:06:19,1468.8900,6,2
2026-02-24,600519,14:06:23,1468.8900,1,2
2026-02-24,600519,14:06:25,1468.8800,1,2
2026-02-24,600519,14:06:28,1468.9301,1,1
2026-02-24,600519,14:06:31,1468.8800,1,2
2026-02-24,600519,14:06:34,1468.8700,7,2
2026-02-24,600519,14:06:37,1468.8700,1,1
2026-02-24,600519,14:06:41,1468.8700,6,1
2026-02-24,600519,14:06:43,1468.8700,4,1
2026-02-24,600519,14:06:46,1468.8400,4,2
2026-02-24,600519,14:06:49,1468.8199,1,2
2026-02-24,600519,14:06:52,1468.8199,2,2
2026-02-24,600519,14:06:59,1468.8000,3,2
2026-02-24,600519,14:07:02,1468.7900,1,2
2026-02-24,600519,14:07:04,1468.7600,10,2
2026-02-24,600519,14:07:07,1468.6801,5,2
2026-02-24,600519,14:07:14,1468.6000,2,2
2026-02-24,600519,14:07:16,1468.6000,1,2
2026-02-24,600519,14:07:19,1468.5800,3,1
2026-02-24,600519,14:07:22,1468.5300,2,2
2026-02-24,600519,14:07:25,1468.5300,1,2
2026-02-24,600519,14:07:28,1468.5300,7,2
2026-02-24,600519,14:07:31,1468.0000,10,2
2026-02-24,600519,14:07:35,1467.9100,3,2
2026-02-24,600519,14:07:37,1467.8600,2,2
2026-02-24,600519,14:07:41,1467.8199,2,2
2026-02-24,600519,14:07:44,1467.9000,3,1
2026-02-24,600519,14:07:46,1467.8000,5,2
2026-02-24,600519,14:07:50,1467.7900,1,2
2026-02-24,600519,14:07:53,1467.7900,6,2
2026-02-24,600519,14:07:55,1467.7200,6,2
2026-02-24,600519,14:07:58,1467.6801,4,2
2026-02-24,600519,14:08:02,1467.6500,10,2
2026-02-24,600519,14:08:04,1467.5900,4,2
2026-02-24,600519,14:08:08,1467.6700,2,1
2026-02-24,600519,14:08:11,1467.5000,2,2
2026-02-24,600519,14:08:14,1467.5000,1,2
2026-02-24,600519,14:08:17,1467.5200,1,2
2026-02-24,600519,14:08:20,1467.5100,4,2
2026-02-24,600519,14:08:22,1467.2600,3,2
2026-02-24,600519,14:08:25,1467.2600,2,2
2026-02-24,600519,14:08:28,1467.2200,4,2
2026-02-24,600519,14:08:31,1467.2500,7,1
2026-02-24,600519,14:08:34,1467.2800,3,1
2026-02-24,600519,14:08:37,1467.2500,10,2
2026-02-24,600519,14:08:40,1467.2500,1,2
2026-02-24,600519,14:08:44,1467.2800,6,1
2026-02-24,600519,14:08:46,1467.1700,6,2
2026-02-24,600519,14:08:50,1467.1500,5,2
2026-02-24,600519,14:08:55,1467.1600,2,1
2026-02-24,600519,14:09:02,1467.0300,5,2
2026-02-24,600519,14:09:04,1467.0300,9,1
2026-02-24,600519,14:09:07,1467.0100,6,2
2026-02-24,600519,14:09:10,1467.0100,8,2
2026-02-24,600519,14:09:14,1467.0100,2,2
2026-02-24,600519,14:09:16,1467.0200,3,2
2026-02-24,600519,14:09:19,1467.0100,3,2
2026-02-24,600519,14:09:22,1467.0200,3,2
2026-02-24,600519,14:09:26,1467.0400,4,1
2026-02-24,600519,14:09:29,1467.0100,9,2
2026-02-24,600519,14:09:31,1467.0100,17,1
2026-02-24,600519,14:09:35,1467.0100,6,1
2026-02-24,600519,14:09:37,1467.0200,1,1
2026-02-24,600519,14:09:41,1467.0100,7,4
2026-02-24,600519,14:09:43,1467.0200,3,1
2026-02-24,600519,14:09:46,1467.0200,2,1
2026-02-24,600519,14:09:49,1467.0200,3,1
2026-02-24,600519,14:09:52,1467.0100,7,4
2026-02-24,600519,14:09:55,1467.0000,5,2
2026-02-24,600519,14:09:58,1467.0000,30,2
2026-02-24,600519,14:10:02,1467.0000,19,2
2026-02-24,600519,14:10:05,1466.9900,15,2
2026-02-24,600519,14:10:07,1466.9100,11,2
2026-02-24,600519,14:10:10,1466.9100,4,2
2026-02-24,600519,14:10:14,1466.9900,1,1
2026-02-24,600519,14:10:17,1466.9000,3,2
2026-02-24,600519,14:10:19,1466.8800,4,2
2026-02-24,600519,14:10:22,1466.9000,3,1
2026-02-24,600519,14:10:25,1466.8000,3,2
2026-02-24,600519,14:10:28,1466.8800,5,1
2026-02-24,600519,14:10:31,1466.8000,3,2
2026-02-24,600519,14:10:35,1466.7700,5,2
2026-02-24,600519,14:10:38,1466.7700,4,2
2026-02-24,600519,14:10:40,1466.7700,2,1
2026-02-24,600519,14:10:44,1466.6801,3,2
2026-02-24,600519,14:10:47,1466.6801,3,2
2026-02-24,600519,14:10:49,1466.6801,6,2
2026-02-24,600519,14:10:52,1466.6700,24,2
2026-02-24,600519,14:10:56,1466.6801,4,2
2026-02-24,600519,14:10:58,1466.6801,10,2
2026-02-24,600519,14:11:02,1466.6801,6,4
2026-02-24,600519,14:11:04,1466.6801,3,1
2026-02-24,600519,14:11:07,1466.6600,2,2
2026-02-24,600519,14:11:11,1466.6600,3,2
2026-02-24,600519,14:11:13,1466.6600,3,2
2026-02-24,600519,14:11:20,1466.6801,7,1
2026-02-24,600519,14:11:26,1466.6700,5,2
2026-02-24,600519,14:11:29,1466.6700,3,1
2026-02-24,600519,14:11:32,1466.6801,1,1
2026-02-24,600519,14:11:34,1466.6300,4,2
2026-02-24,600519,14:11:37,1466.6300,1,2
2026-02-24,600519,14:11:41,1466.6000,7,2
2026-02-24,600519,14:11:43,1466.6300,1,1
2026-02-24,600519,14:11:46,1466.5300,4,2
2026-02-24,600519,14:11:49,1466.5500,5,2
2026-02-24,600519,14:11:53,1466.6000,6,1
2026-02-24,600519,14:11:56,1466.5100,4,2
2026-02-24,600519,14:11:58,1466.5100,9,2
2026-02-24,600519,14:12:01,1466.5601,11,1
2026-02-24,600519,14:12:04,1466.5000,20,2
2026-02-24,600519,14:12:10,1466.5100,2,2
2026-02-24,600519,14:12:14,1466.5000,5,2
2026-02-24,600519,14:12:16,1466.5100,4,2
2026-02-24,600519,14:12:20,1466.5800,2,1
2026-02-24,600519,14:12:23,1466.5100,4,2
2026-02-24,600519,14:12:26,1466.5000,3,2
2026-02-24,600519,14:12:28,1466.5100,2,2
2026-02-24,600519,14:12:31,1466.5601,2,2
2026-02-24,600519,14:12:34,1466.5200,2,2
2026-02-24,600519,14:12:38,1466.5100,4,2
2026-02-24,600519,14:12:40,1466.6700,3,2
2026-02-24,600519,14:12:44,1466.5100,9,2
2026-02-24,600519,14:12:47,1466.4000,6,2
2026-02-24,600519,14:12:49,1466.4301,1,1
2026-02-24,600519,14:12:53,1466.3700,6,2
2026-02-24,600519,14:12:55,1466.3000,5,2
2026-02-24,600519,14:12:58,1466.3000,2,1
2026-02-24,600519,14:13:01,1466.2800,8,2
2026-02-24,600519,14:13:05,1466.3000,4,1
2026-02-24,600519,14:13:07,1466.2800,3,1
2026-02-24,600519,14:13:11,1466.2000,5,2
2026-02-24,600519,14:13:13,1466.1899,7,2
2026-02-24,600519,14:13:16,1466.1600,4,2
2026-02-24,600519,14:13:23,1466.1100,4,2
2026-02-24,600519,14:13:26,1466.1100,5,2
2026-02-24,600519,14:13:29,1466.1000,9,2
2026-02-24,600519,14:13:31,1466.1000,1,2
2026-02-24,600519,14:13:35,1466.1000,11,2
2026-02-24,600519,14:13:37,1466.0900,5,2
2026-02-24,600519,14:13:41,1466.0900,6,2
2026-02-24,600519,14:13:44,1466.0900,9,2
2026-02-24,600519,14:13:46,1466.0699,12,2
2026-02-24,600519,14:13:49,1466.0601,3,2
2026-02-24,600519,14:13:53,1466.0601,6,2
2026-02-24,600519,14:13:55,1466.0500,1,2
2026-02-24,600519,14:14:01,1466.0500,15,2
2026-02-24,600519,14:14:05,1466.0500,8,1
2026-02-24,600519,14:14:07,1466.0500,2,1
2026-02-24,600519,14:14:10,1466.0300,3,2
2026-02-24,600519,14:14:13,1466.0500,8,1
2026-02-24,600519,14:14:16,1466.0500,2,1
2026-02-24,600519,14:14:20,1466.0300,4,2
2026-02-24,600519,14:14:22,1466.0300,10,2
2026-02-24,600519,14:14:25,1466.0400,4,2
2026-02-24,600519,14:14:29,1466.0699,3,1
2026-02-24,600519,14:14:32,1466.0699,3,1
2026-02-24,600519,14:14:35,1466.0601,1,2
2026-02-24,600519,14:14:38,1466.0699,1,1
2026-02-24,600519,14:14:40,1466.1400,25,1
2026-02-24,600519,14:14:43,1466.0400,14,2
2026-02-24,600519,14:14:46,1466.0601,4,1
2026-02-24,600519,14:14:50,1466.0400,1,2
2026-02-24,600519,14:14:52,1466.0300,7,2
2026-02-24,600519,14:14:56,1466.0300,6,1
2026-02-24,600519,14:14:59,1466.0300,10,1
2026-02-24,600519,14:15:01,1466.0000,84,2
2026-02-24,600519,14:15:04,1466.0000,59,2
2026-02-24,600519,14:15:08,1466.0000,3,2
2026-02-24,600519,14:15:10,1466.0000,14,2
2026-02-24,600519,14:15:14,1466.0000,2,2
2026-02-24,600519,14:15:16,1466.0100,3,1
2026-02-24,600519,14:15:19,1466.0000,7,2
2026-02-24,600519,14:15:23,1466.0100,33,1
2026-02-24,600519,14:15:25,1466.0100,3,4
2026-02-24,600519,14:15:31,1466.0000,13,2
2026-02-24,600519,14:15:34,1466.0000,6,2
2026-02-24,600519,14:15:37,1466.0000,5,2
2026-02-24,600519,14:15:41,1466.0000,2,2
2026-02-24,600519,14:15:47,1466.0000,5,2
2026-02-24,600519,14:15:49,1466.0100,5,1
2026-02-24,600519,14:15:52,1466.0000,6,2
2026-02-24,600519,14:15:55,1466.0100,2,4
2026-02-24,600519,14:15:58,1466.0200,5,1
2026-02-24,600519,14:16:01,1466.0000,3,2
2026-02-24,600519,14:16:04,1466.0000,5,2
2026-02-24,600519,14:16:07,1466.0000,3,2
2026-02-24,600519,14:16:10,1466.0000,2,2
2026-02-24,600519,14:16:14,1466.0000,3,2
2026-02-24,600519,14:16:16,1466.0000,5,1
2026-02-24,600519,14:16:19,1466.0000,4,1
2026-02-24,600519,14:16:23,1466.0000,6,2
2026-02-24,600519,14:16:25,1466.0000,1,2
2026-02-24,600519,14:16:28,1466.0000,2,2
2026-02-24,600519,14:16:32,1466.0000,4,2
2026-02-24,600519,14:16:35,1466.0000,5,2
2026-02-24,600519,14:16:37,1466.0000,7,2
2026-02-24,600519,14:16:41,1466.0000,1,2
2026-02-24,600519,14:16:44,1466.0100,11,1
2026-02-24,600519,14:16:47,1466.0100,4,2
2026-02-24,600519,14:16:49,1466.0100,3,2
2026-02-24,600519,14:16:52,1466.0000,4,2
2026-02-24,600519,14:16:56,1466.0100,3,1
2026-02-24,600519,14:16:59,1466.0100,2,1
2026-02-24,600519,14:17:01,1466.0000,1,2
2026-02-24,600519,14:17:04,1466.0100,3,1
2026-02-24,600519,14:17:08,1466.0300,3,1
2026-02-24,600519,14:17:11,1466.0200,3,1
2026-02-24,600519,14:17:13,1466.0100,2,2
2026-02-24,600519,14:17:17,1466.0300,12,1
2026-02-24,600519,14:17:19,1466.0200,3,2
2026-02-24,600519,14:17:22,1466.0000,2,2
2026-02-24,600519,14:17:26,1466.0100,2,1
2026-02-24,600519,14:17:28,1466.0000,2,2
2026-02-24,600519,14:17:31,1466.0000,4,2
2026-02-24,600519,14:17:34,1466.0000,1,2
2026-02-24,600519,14:17:38,1466.0000,3,2
2026-02-24,600519,14:17:40,1466.0100,1,1
2026-02-24,600519,14:17:44,1466.0000,4,2
2026-02-24,600519,14:17:46,1466.0000,8,2
2026-02-24,600519,14:17:49,1466.0000,5,4
2026-02-24,600519,14:17:52,1466.0100,5,1
2026-02-24,600519,14:17:56,1466.0000,3,4
2026-02-24,600519,14:17:59,1465.9900,3,2
2026-02-24,600519,14:18:01,1466.0100,3,1
2026-02-24,600519,14:18:04,1466.0100,6,1
2026-02-24,600519,14:18:07,1466.0100,4,2
2026-02-24,600519,14:18:11,1466.0100,2,2
2026-02-24,600519,14:18:13,1466.0400,3,1
2026-02-24,600519,14:18:16,1466.0601,5,1
2026-02-24,600519,14:18:20,1466.0200,14,2
2026-02-24,600519,14:18:22,1466.3000,12,1
2026-02-24,600519,14:18:25,1466.1100,10,2
2026-02-24,600519,14:18:28,1466.0100,9,2
2026-02-24,600519,14:18:32,1466.0100,3,2
2026-02-24,600519,14:18:34,1466.2000,5,2
2026-02-24,600519,14:18:37,1466.2100,1,2
2026-02-24,600519,14:18:40,1466.3000,1,1
2026-02-24,600519,14:18:43,1466.2100,1,2
2026-02-24,600519,14:18:46,1466.2900,2,1
2026-02-24,600519,14:18:49,1466.3000,4,1
2026-02-24,600519,14:18:53,1466.3000,1,1
2026-02-24,600519,14:19:01,1466.3000,5,2
2026-02-24,600519,14:19:04,1466.3000,4,2
2026-02-24,600519,14:19:07,1466.2200,7,2
2026-02-24,600519,14:19:11,1466.2300,4,2
2026-02-24,600519,14:19:17,1466.2100,1,2
2026-02-24,600519,14:19:19,1466.2000,5,2
2026-02-24,600519,14:19:23,1466.2000,6,2
2026-02-24,600519,14:19:26,1466.1100,3,2
2026-02-24,600519,14:19:29,1466.1100,2,2
2026-02-24,600519,14:19:31,1466.0601,7,2
2026-02-24,600519,14:19:34,1466.1899,5,1
2026-02-24,600519,14:19:37,1466.1899,3,2
2026-02-24,600519,14:19:40,1466.0300,5,2
2026-02-24,600519,14:19:43,1466.0601,5,1
2026-02-24,600519,14:19:46,1466.0100,3,2
2026-02-24,600519,14:19:50,1466.0100,5,2
2026-02-24,600519,14:19:52,1466.0200,4,1
2026-02-24,600519,14:19:55,1466.0200,11,1
2026-02-24,600519,14:19:58,1466.0000,2,2
2026-02-24,600519,14:20:01,1466.0000,5,2
2026-02-24,600519,14:20:04,1466.0100,1,2
2026-02-24,600519,14:20:08,1466.0100,2,2
2026-02-24,600519,14:20:10,1466.0100,2,2
2026-02-24,600519,14:20:13,1466.0100,9,2
2026-02-24,600519,14:20:19,1466.0400,4,1
2026-02-24,600519,14:20:23,1466.0200,4,2
2026-02-24,600519,14:20:25,1466.0300,2,1
2026-02-24,600519,14:20:28,1466.0100,3,2
2026-02-24,600519,14:20:32,1466.0100,3,2
2026-02-24,600519,14:20:34,1466.0000,2,2
2026-02-24,600519,14:20:37,1466.0200,1,1
2026-02-24,600519,14:20:41,1466.0100,4,1
2026-02-24,600519,14:20:44,1466.0100,5,1
2026-02-24,600519,14:20:46,1466.0100,6,1
2026-02-24,600519,14:20:49,1466.0000,4,2
2026-02-24,600519,14:20:53,1466.0000,2,2
2026-02-24,600519,14:20:56,1466.0000,3,2
2026-02-24,600519,14:20:58,1466.0000,1,2
2026-02-24,600519,14:21:01,1466.0100,6,1
2026-02-24,600519,14:21:04,1466.0000,1,2
2026-02-24,600519,14:21:08,1466.0000,5,2
2026-02-24,600519,14:21:10,1466.0000,5,2
2026-02-24,600519,14:21:14,1466.0000,3,2
2026-02-24,600519,14:21:19,1465.9600,22,2
2026-02-24,600519,14:21:22,1465.6200,38,2
2026-02-24,600519,14:21:25,1465.2000,11,2
2026-02-24,600519,14:21:29,1465.1400,5,2
2026-02-24,600519,14:21:32,1465.1000,7,2
2026-02-24,600519,14:21:35,1465.0699,4,2
2026-02-24,600519,14:21:37,1465.0200,17,2
2026-02-24,600519,14:21:40,1465.0100,14,2
2026-02-24,600519,14:21:43,1465.0000,2,2
2026-02-24,600519,14:21:46,1465.0100,3,4
2026-02-24,600519,14:21:49,1465.0000,6,2
2026-02-24,600519,14:21:52,1465.0000,16,2
2026-02-24,600519,14:21:55,1465.0000,5,2
2026-02-24,600519,14:21:58,1466.0000,21,1
2026-02-24,600519,14:22:02,1465.9500,1,2
2026-02-24,600519,14:22:04,1465.2000,10,2
2026-02-24,600519,14:22:07,1465.9000,9,1
2026-02-24,600519,14:22:10,1465.0800,2,2
2026-02-24,600519,14:22:13,1465.0800,2,2
2026-02-24,600519,14:22:16,1465.7500,1,1
2026-02-24,600519,14:22:20,1465.0800,5,2
2026-02-24,600519,14:22:22,1465.7500,5,1
2026-02-24,600519,14:22:25,1465.1000,9,2
2026-02-24,600519,14:22:28,1465.1000,11,2
2026-02-24,600519,14:22:32,1465.1000,10,2
2026-02-24,600519,14:22:34,1465.0800,7,2
2026-02-24,600519,14:22:37,1465.0800,4,2
2026-02-24,600519,14:22:40,1465.1000,3,2
2026-02-24,600519,14:22:44,1465.0800,5,2
2026-02-24,600519,14:22:46,1465.0800,2,2
2026-02-24,600519,14:22:49,1465.5800,3,1
2026-02-24,600519,14:22:53,1465.1100,1,2
2026-02-24,600519,14:22:56,1465.5500,1,1
2026-02-24,600519,14:22:59,1465.5601,2,1
2026-02-24,600519,14:23:01,1465.1200,2,2
2026-02-24,600519,14:23:08,1465.3800,2,1
2026-02-24,600519,14:23:10,1465.5699,3,1
2026-02-24,600519,14:23:14,1465.2700,1,2
2026-02-24,600519,14:23:16,1465.3400,5,2
2026-02-24,600519,14:23:19,1465.3500,4,1
2026-02-24,600519,14:23:23,1465.2700,3,2
2026-02-24,600519,14:23:26,1465.2700,7,2
2026-02-24,600519,14:23:28,1465.1700,4,2
2026-02-24,600519,14:23:31,1465.1801,2,2
2026-02-24,600519,14:23:34,1465.1200,5,2
2026-02-24,600519,14:23:37,1465.1300,14,2
2026-02-24,600519,14:23:41,1465.0800,10,2
2026-02-24,600519,14:23:43,1465.1200,6,2
2026-02-24,600519,14:23:46,1465.0800,5,2
2026-02-24,600519,14:23:49,1465.2300,6,1
2026-02-24,600519,14:23:52,1465.2400,4,1
2026-02-24,600519,14:23:56,1465.0699,4,2
2026-02-24,600519,14:23:58,1465.0200,19,2
2026-02-24,600519,14:24:02,1465.0200,9,2
2026-02-24,600519,14:24:04,1465.0100,3,2
2026-02-24,600519,14:24:07,1465.0000,18,2
2026-02-24,600519,14:24:10,1465.0000,20,2
2026-02-24,600519,14:24:13,1465.0000,17,2
2026-02-24,600519,14:24:16,1465.0100,10,1
2026-02-24,600519,14:24:20,1465.0000,6,2
2026-02-24,600519,14:24:22,1465.0000,16,2
2026-02-24,600519,14:24:26,1465.0100,7,1
2026-02-24,600519,14:24:28,1465.0000,14,2
2026-02-24,600519,14:24:31,1464.8000,85,2
2026-02-24,600519,14:24:34,1464.6801,10,2
2026-02-24,600519,14:24:37,1464.4600,7,2
2026-02-24,600519,14:24:40,1464.3300,2,2
2026-02-24,600519,14:24:43,1464.0699,6,2
2026-02-24,600519,14:24:47,1464.0601,1,2
2026-02-24,600519,14:24:49,1464.0000,13,2
2026-02-24,600519,14:24:52,1464.0000,12,2
2026-02-24,600519,14:24:55,1464.0000,26,2
2026-02-24,600519,14:24:58,1464.0000,9,2
2026-02-24,600519,14:25:01,1464.0000,49,2
2026-02-24,600519,14:25:04,1463.8800,40,1
2026-02-24,600519,14:25:08,1464.7200,59,1
2026-02-24,600519,14:25:11,1464.7200,18,1
2026-02-24,600519,14:25:16,1464.3700,3,2
2026-02-24,600519,14:25:20,1464.3700,6,2
2026-02-24,600519,14:25:22,1464.3700,5,2
2026-02-24,600519,14:25:26,1464.2700,3,2
2026-02-24,600519,14:25:28,1464.2700,16,2
2026-02-24,600519,14:25:31,1464.8101,27,1
2026-02-24,600519,14:25:34,1464.7200,12,2
2026-02-24,600519,14:25:38,1464.6200,6,2
2026-02-24,600519,14:25:41,1464.7200,1,1
2026-02-24,600519,14:25:44,1464.6200,9,2
2026-02-24,600519,14:25:47,1465.2500,8,1
2026-02-24,600519,14:25:50,1464.7800,5,2
2026-02-24,600519,14:25:53,1464.7800,13,2
2026-02-24,600519,14:25:56,1464.7800,3,2
2026-02-24,600519,14:25:58,1464.7800,1,2
2026-02-24,600519,14:26:01,1464.8000,4,2
2026-02-24,600519,14:26:04,1464.8000,6,1
2026-02-24,600519,14:26:07,1464.7800,3,2
2026-02-24,600519,14:26:10,1464.7800,3,2
2026-02-24,600519,14:26:14,1465.3300,1,1
2026-02-24,600519,14:26:16,1465.0000,3,1
2026-02-24,600519,14:26:20,1465.3400,1,1
2026-02-24,600519,14:26:22,1465.0000,4,2
2026-02-24,600519,14:26:25,1465.3400,2,1
2026-02-24,600519,14:26:31,1465.0100,4,2
2026-02-24,600519,14:26:34,1465.0800,2,1
2026-02-24,600519,14:26:37,1465.0100,1,2
2026-02-24,600519,14:26:44,1465.1000,8,1
2026-02-24,600519,14:26:46,1465.0000,5,2
2026-02-24,600519,14:26:49,1465.0100,4,2
2026-02-24,600519,14:26:52,1465.0000,4,2
2026-02-24,600519,14:26:55,1465.0000,2,2
2026-02-24,600519,14:26:58,1465.0000,8,2
2026-02-24,600519,14:27:02,1465.0000,3,2
2026-02-24,600519,14:27:04,1464.9700,2,2
2026-02-24,600519,14:27:08,1464.9000,3,2
2026-02-24,600519,14:27:10,1464.9000,3,2
2026-02-24,600519,14:27:13,1465.0000,6,1
2026-02-24,600519,14:27:19,1464.9100,1,2
2026-02-24,600519,14:27:23,1464.9000,5,1
2026-02-24,600519,14:27:25,1464.9900,5,1
2026-02-24,600519,14:27:28,1465.1000,30,1
2026-02-24,600519,14:27:31,1465.3300,17,1
2026-02-24,600519,14:27:35,1465.0100,4,2
2026-02-24,600519,14:27:37,1465.2900,1,2
2026-02-24,600519,14:27:41,1465.0000,3,2
2026-02-24,600519,14:27:46,1465.0100,8,2
2026-02-24,600519,14:27:50,1465.3199,2,1
2026-02-24,600519,14:27:53,1465.3300,2,1
2026-02-24,600519,14:27:56,1465.0100,9,2
2026-02-24,600519,14:27:58,1465.1100,5,2
2026-02-24,600519,14:28:02,1465.1899,4,1
2026-02-24,600519,14:28:04,1465.1899,3,2
2026-02-24,600519,14:28:07,1465.1899,1,2
2026-02-24,600519,14:28:10,1465.2700,4,1
2026-02-24,600519,14:28:13,1465.1801,1,2
2026-02-24,600519,14:28:16,1465.1899,2,1
2026-02-24,600519,14:28:20,1465.4500,14,1
2026-02-24,600519,14:28:22,1465.5800,9,1
2026-02-24,600519,14:28:28,1465.3800,2,2
2026-02-24,600519,14:28:32,1465.5800,1,2
2026-02-24,600519,14:28:35,1465.2800,11,2
2026-02-24,600519,14:28:37,1465.5800,14,2
2026-02-24,600519,14:28:40,1465.4800,8,2
2026-02-24,600519,14:28:44,1465.5800,4,2
2026-02-24,600519,14:28:46,1466.1000,2,1
2026-02-24,600519,14:28:49,1466.0800,2,1
2026-02-24,600519,14:28:53,1466.0800,1,1
2026-02-24,600519,14:28:55,1466.0601,1,1
2026-02-24,600519,14:28:59,1466.0699,7,1
2026-02-24,600519,14:29:01,1466.0699,11,1
2026-02-24,600519,14:29:08,1466.1200,6,1
2026-02-24,600519,14:29:13,1466.1801,2,1
2026-02-24,600519,14:29:16,1466.3000,7,1
2026-02-24,600519,14:29:19,1466.0699,10,2
2026-02-24,600519,14:29:23,1466.2300,2,2
2026-02-24,600519,14:29:25,1466.6600,3,1
2026-02-24,600519,14:29:29,1466.7800,4,1
2026-02-24,600519,14:29:31,1466.8300,7,1
2026-02-24,600519,14:29:34,1467.0200,3,1
2026-02-24,600519,14:29:37,1467.0699,3,1
2026-02-24,600519,14:29:40,1467.0200,2,2
2026-02-24,600519,14:29:44,1466.9200,2,2
2026-02-24,600519,14:29:46,1467.1500,2,1
2026-02-24,600519,14:29:52,1467.1600,12,2
2026-02-24,600519,14:29:55,1467.1600,2,2
2026-02-24,600519,14:29:59,1467.6000,2,2
2026-02-24,600519,14:30:01,1467.6400,3,2
2026-02-24,600519,14:30:04,1467.7700,1,1
2026-02-24,600519,14:30:07,1467.7500,3,1
2026-02-24,600519,14:30:11,1467.5500,3,2
2026-02-24,600519,14:30:13,1467.6700,2,1
2026-02-24,600519,14:30:16,1467.6600,11,1
2026-02-24,600519,14:30:20,1467.6600,3,1
2026-02-24,600519,14:30:22,1467.5100,5,2
2026-02-24,600519,14:30:25,1467.5000,4,2
2026-02-24,600519,14:30:28,1467.5800,1,1
2026-02-24,600519,14:30:32,1467.6000,2,2
2026-02-24,600519,14:30:34,1467.6700,9,1
2026-02-24,600519,14:30:37,1467.6700,7,2
2026-02-24,600519,14:30:40,1467.6700,3,2
2026-02-24,600519,14:30:43,1467.6700,1,2
2026-02-24,600519,14:30:46,1467.6801,6,1
2026-02-24,600519,14:30:49,1467.6700,5,2
2026-02-24,600519,14:30:52,1467.6400,1,2
2026-02-24,600519,14:30:55,1467.6300,4,2
2026-02-24,600519,14:31:01,1467.5400,5,2
2026-02-24,600519,14:31:04,1467.6000,3,1
2026-02-24,600519,14:31:07,1467.5500,5,2
2026-02-24,600519,14:31:10,1467.5200,8,2
2026-02-24,600519,14:31:14,1467.5100,2,2
2026-02-24,600519,14:31:17,1467.5100,4,2
2026-02-24,600519,14:31:19,1467.2400,7,2
2026-02-24,600519,14:31:25,1467.1700,2,2
2026-02-24,600519,14:31:29,1467.4700,1,1
2026-02-24,600519,14:31:31,1467.0000,2,2
2026-02-24,600519,14:31:34,1467.0000,1,1
2026-02-24,600519,14:31:37,1466.7600,1,2
2026-02-24,600519,14:31:40,1466.7500,6,2
2026-02-24,600519,14:31:43,1466.6500,12,2
2026-02-24,600519,14:31:47,1466.3000,4,2
2026-02-24,600519,14:31:49,1466.4900,19,1
2026-02-24,600519,14:31:52,1466.3900,11,2
2026-02-24,600519,14:31:55,1466.5900,1,1
2026-02-24,600519,14:32:01,1466.3900,6,2
2026-02-24,600519,14:32:05,1466.6600,11,1
2026-02-24,600519,14:32:07,1466.6600,9,1
2026-02-24,600519,14:32:11,1466.6899,17,1
2026-02-24,600519,14:32:14,1467.5000,23,1
2026-02-24,600519,14:32:20,1467.5000,3,1
2026-02-24,600519,14:32:22,1467.5100,6,1
2026-02-24,600519,14:32:28,1467.5800,2,1
2026-02-24,600519,14:32:32,1467.5800,4,1
2026-02-24,600519,14:32:34,1467.5200,3,2
2026-02-24,600519,14:32:37,1467.5900,1,1
2026-02-24,600519,14:32:47,1467.9000,26,1
2026-02-24,600519,14:32:50,1467.5900,1,1
2026-02-24,600519,14:32:52,1467.5100,10,2
2026-02-24,600519,14:32:55,1467.5400,5,1
2026-02-24,600519,14:32:58,1467.6899,1,1
2026-02-24,600519,14:33:02,1468.0000,45,1
2026-02-24,600519,14:33:04,1468.0000,3,2
2026-02-24,600519,14:33:08,1467.9000,1,2
2026-02-24,600519,14:33:13,1467.8000,3,2
2026-02-24,600519,14:33:16,1467.8199,3,1
2026-02-24,600519,14:33:19,1467.8000,2,1
2026-02-24,600519,14:33:22,1467.8101,2,1
2026-02-24,600519,14:33:26,1467.8000,2,2
2026-02-24,600519,14:33:29,1467.8000,1,2
2026-02-24,600519,14:33:31,1467.8400,9,1
2026-02-24,600519,14:33:35,1467.8000,1,2
2026-02-24,600519,14:33:37,1467.8000,1,2
2026-02-24,600519,14:33:40,1467.8300,2,1
2026-02-24,600519,14:33:46,1467.8000,21,2
2026-02-24,600519,14:33:49,1467.7000,7,2
2026-02-24,600519,14:33:52,1467.5500,10,2
2026-02-24,600519,14:33:56,1467.5500,2,2
2026-02-24,600519,14:33:58,1467.5900,3,1
2026-02-24,600519,14:34:02,1467.5400,1,2
2026-02-24,600519,14:34:04,1467.5400,1,2
2026-02-24,600519,14:34:07,1467.5500,6,1
2026-02-24,600519,14:34:11,1467.5500,9,2
2026-02-24,600519,14:34:14,1467.5500,1,2
2026-02-24,600519,14:34:16,1467.5400,12,2
2026-02-24,600519,14:34:19,1467.5400,2,2
2026-02-24,600519,14:34:25,1467.5800,4,1
2026-02-24,600519,14:34:28,1467.5900,2,2
2026-02-24,600519,14:34:31,1467.5400,3,2
2026-02-24,600519,14:34:34,1467.5400,19,1
2026-02-24,600519,14:34:37,1467.5900,2,1
2026-02-24,600519,14:34:40,1467.6300,6,1
2026-02-24,600519,14:34:44,1467.6899,3,1
2026-02-24,600519,14:34:47,1467.7400,12,1
2026-02-24,600519,14:34:49,1468.8000,18,1
2026-02-24,600519,14:34:53,1468.6300,8,2
2026-02-24,600519,14:34:58,1469.0000,1,1
2026-02-24,600519,14:35:01,1469.0000,5,1
2026-02-24,600519,14:35:04,1469.0000,2,1
2026-02-24,600519,14:35:07,1468.9800,2,1
2026-02-24,600519,14:35:10,1468.9900,1,1
2026-02-24,600519,14:35:13,1468.9800,17,1
2026-02-24,600519,14:35:16,1468.9100,2,1
2026-02-24,600519,14:35:19,1468.9100,4,1
2026-02-24,600519,14:35:22,1468.0500,3,2
2026-02-24,600519,14:35:25,1468.0500,1,2
2026-02-24,600519,14:35:28,1468.0500,1,2
2026-02-24,600519,14:35:31,1468.0500,9,2
2026-02-24,600519,14:35:35,1467.7900,2,2
2026-02-24,600519,14:35:38,1467.8101,5,2
2026-02-24,600519,14:35:40,1467.8000,3,2
2026-02-24,600519,14:35:43,1468.0000,2,1
2026-02-24,600519,14:35:47,1468.0000,4,2
2026-02-24,600519,14:35:49,1467.9200,2,2
2026-02-24,600519,14:35:52,1467.9900,2,1
2026-02-24,600519,14:35:56,1468.0000,11,1
2026-02-24,600519,14:35:58,1467.7700,4,2
2026-02-24,600519,14:36:01,1467.7700,3,2
2026-02-24,600519,14:36:05,1467.7500,6,2
2026-02-24,600519,14:36:07,1467.7500,6,2
2026-02-24,600519,14:36:10,1467.7500,5,2
2026-02-24,600519,14:36:14,1467.7700,28,1
2026-02-24,600519,14:36:17,1467.7700,1,2
2026-02-24,600519,14:36:19,1467.7700,2,2
2026-02-24,600519,14:36:22,1467.7800,8,1
2026-02-24,600519,14:36:25,1467.7900,3,1
2026-02-24,600519,14:36:29,1467.7700,4,2
2026-02-24,600519,14:36:32,1467.7400,11,2
2026-02-24,600519,14:36:34,1467.8000,7,1
2026-02-24,600519,14:36:37,1467.6700,10,2
2026-02-24,600519,14:36:41,1467.5400,2,2
2026-02-24,600519,14:36:43,1467.5000,4,2
2026-02-24,600519,14:36:46,1467.4200,4,2
2026-02-24,600519,14:36:52,1467.3101,9,2
2026-02-24,600519,14:36:55,1467.4800,6,1
2026-02-24,600519,14:36:59,1467.5699,2,1
2026-02-24,600519,14:37:01,1468.2800,34,1
2026-02-24,600519,14:37:04,1468.0300,12,2
2026-02-24,600519,14:37:07,1467.9301,6,2
2026-02-24,600519,14:37:10,1468.0200,1,2
2026-02-24,600519,14:37:13,1467.6500,6,2
2026-02-24,600519,14:37:16,1468.8800,3,1
2026-02-24,600519,14:37:19,1468.8900,2,1
2026-02-24,600519,14:37:22,1468.8900,2,1
2026-02-24,600519,14:37:26,1468.8900,6,1
2026-02-24,600519,14:37:28,1467.5800,14,2
2026-02-24,600519,14:37:31,1467.5900,4,2
2026-02-24,600519,14:37:34,1467.5200,5,2
2026-02-24,600519,14:37:37,1467.6600,2,1
2026-02-24,600519,14:37:40,1467.7600,6,1
2026-02-24,600519,14:37:44,1467.7600,3,2
2026-02-24,600519,14:37:46,1467.6700,7,2
2026-02-24,600519,14:37:49,1467.7600,2,1
2026-02-24,600519,14:37:52,1467.7700,4,1
2026-02-24,600519,14:37:55,1467.6600,1,2
2026-02-24,600519,14:37:58,1467.5100,2,2
2026-02-24,600519,14:38:01,1467.5000,3,2
2026-02-24,600519,14:38:05,1467.5200,7,1
2026-02-24,600519,14:38:08,1467.5601,3,1
2026-02-24,600519,14:38:10,1467.6500,9,1
2026-02-24,600519,14:38:13,1468.8800,17,1
2026-02-24,600519,14:38:16,1468.0200,4,2
2026-02-24,600519,14:38:23,1468.0100,1,2
2026-02-24,600519,14:38:25,1468.0200,4,1
2026-02-24,600519,14:38:28,1468.5000,3,1
2026-02-24,600519,14:38:31,1468.5000,4,2
2026-02-24,600519,14:38:34,1468.5000,5,2
2026-02-24,600519,14:38:37,1468.8000,1,2
2026-02-24,600519,14:38:40,1468.8000,1,2
2026-02-24,600519,14:38:44,1468.9700,1,1
2026-02-24,600519,14:38:46,1468.9700,1,1
2026-02-24,600519,14:38:50,1468.9800,2,1
2026-02-24,600519,14:38:52,1468.7800,2,2
2026-02-24,600519,14:38:55,1468.9700,5,1
2026-02-24,600519,14:38:58,1468.9700,4,1
2026-02-24,600519,14:39:01,1468.6100,4,2
2026-02-24,600519,14:39:05,1468.6801,10,1
2026-02-24,600519,14:39:10,1468.6801,3,1
2026-02-24,600519,14:39:13,1468.6899,5,1
2026-02-24,600519,14:39:17,1468.7800,3,1
2026-02-24,600519,14:39:19,1468.0200,1,2
2026-02-24,600519,14:39:23,1468.0200,1,2
2026-02-24,600519,14:39:29,1468.0200,2,2
2026-02-24,600519,14:39:32,1468.0200,8,2
2026-02-24,600519,14:39:35,1468.0200,8,2
2026-02-24,600519,14:39:37,1468.0100,6,2
2026-02-24,600519,14:39:40,1468.6700,3,1
2026-02-24,600519,14:39:44,1468.6700,1,1
2026-02-24,600519,14:39:46,1468.0300,1,2
2026-02-24,600519,14:39:50,1468.0300,3,2
2026-02-24,600519,14:39:52,1468.8800,22,1
2026-02-24,600519,14:39:58,1468.6700,1,2
2026-02-24,600519,14:40:01,1468.6801,1,2
2026-02-24,600519,14:40:04,1468.6600,6,2
2026-02-24,600519,14:40:08,1468.6500,2,2
2026-02-24,600519,14:40:10,1468.5699,7,2
2026-02-24,600519,14:40:14,1468.5699,3,2
2026-02-24,600519,14:40:17,1468.5800,10,1
2026-02-24,600519,14:40:20,1468.6000,12,1
2026-02-24,600519,14:40:22,1468.7500,4,1
2026-02-24,600519,14:40:26,1468.6500,5,2
2026-02-24,600519,14:40:28,1468.7000,1,1
2026-02-24,600519,14:40:31,1468.6801,1,4
2026-02-24,600519,14:40:34,1468.6500,13,2
2026-02-24,600519,14:40:43,1468.6400,5,1
2026-02-24,600519,14:40:49,1468.6000,4,1
2026-02-24,600519,14:40:53,1468.5699,5,2
2026-02-24,600519,14:40:56,1468.5800,4,4
2026-02-24,600519,14:40:58,1468.6200,37,1
2026-02-24,600519,14:41:01,1468.6100,8,4
2026-02-24,600519,14:41:05,1468.6400,3,2
2026-02-24,600519,14:41:08,1468.7500,4,1
2026-02-24,600519,14:41:11,1468.8101,4,1
2026-02-24,600519,14:41:13,1468.6400,4,2
2026-02-24,600519,14:41:19,1468.7500,3,1
2026-02-24,600519,14:41:23,1468.8101,8,1
2026-02-24,600519,14:41:25,1469.0800,1,2
2026-02-24,600519,14:41:28,1469.5500,5,1
2026-02-24,600519,14:41:31,1469.5500,3,1
2026-02-24,600519,14:41:34,1468.6000,12,2
2026-02-24,600519,14:41:37,1468.6100,3,1
2026-02-24,600519,14:41:40,1469.5601,5,1
2026-02-24,600519,14:41:46,1468.6200,1,2
2026-02-24,600519,14:41:49,1469.5000,6,1
2026-02-24,600519,14:41:52,1469.5500,2,1
2026-02-24,600519,14:41:56,1468.7400,4,2
2026-02-24,600519,14:41:58,1469.6100,10,1
2026-02-24,600519,14:42:01,1469.6600,7,1
2026-02-24,600519,14:42:04,1469.6801,2,1
2026-02-24,600519,14:42:08,1469.5000,3,1
2026-02-24,600519,14:42:11,1469.5000,3,1
2026-02-24,600519,14:42:13,1468.7500,5,2
2026-02-24,600519,14:42:17,1469.6801,1,1
2026-02-24,600519,14:42:20,1469.6700,4,1
2026-02-24,600519,14:42:23,1468.7400,1,2
2026-02-24,600519,14:42:29,1469.1899,5,1
2026-02-24,600519,14:42:31,1469.1200,4,1
2026-02-24,600519,14:42:34,1469.1100,1,1
2026-02-24,600519,14:42:37,1469.1200,5,1
2026-02-24,600519,14:42:41,1469.1801,1,1
2026-02-24,600519,14:42:43,1469.1899,3,1
2026-02-24,600519,14:42:47,1469.1899,1,1
2026-02-24,600519,14:42:49,1469.1899,4,1
2026-02-24,600519,14:42:52,1469.2900,11,1
2026-02-24,600519,14:42:55,1469.4800,1,1
2026-02-24,600519,14:42:59,1469.4900,2,1
2026-02-24,600519,14:43:02,1469.2000,3,2
2026-02-24,600519,14:43:04,1469.2100,6,1
2026-02-24,600519,14:43:07,1469.1300,10,2
2026-02-24,600519,14:43:11,1469.2000,1,1
2026-02-24,600519,14:43:13,1469.1300,7,2
2026-02-24,600519,14:43:16,1469.0500,9,2
2026-02-24,600519,14:43:20,1469.0500,7,1
2026-02-24,600519,14:43:23,1468.7300,11,2
2026-02-24,600519,14:43:25,1468.7300,1,1
2026-02-24,600519,14:43:28,1468.6400,3,2
2026-02-24,600519,14:43:31,1468.7300,7,1
2026-02-24,600519,14:43:35,1468.5900,11,2
2026-02-24,600519,14:43:38,1468.5900,1,2
2026-02-24,600519,14:43:40,1468.5800,4,2
2026-02-24,600519,14:43:44,1468.5601,1,2
2026-02-24,600519,14:43:46,1468.5800,2,1
2026-02-24,600519,14:43:50,1468.1600,14,2
2026-02-24,600519,14:43:53,1468.5200,4,1
2026-02-24,600519,14:43:55,1468.1600,10,2
2026-02-24,600519,14:43:59,1468.5200,3,1
2026-02-24,600519,14:44:01,1468.0300,6,2
2026-02-24,600519,14:44:05,1468.0000,121,2
2026-02-24,600519,14:44:07,1468.0000,35,2
2026-02-24,600519,14:44:11,1467.5200,6,2
2026-02-24,600519,14:44:14,1467.8600,7,1
2026-02-24,600519,14:44:17,1467.7800,3,2
2026-02-24,600519,14:44:23,1467.6801,2,2
2026-02-24,600519,14:44:25,1467.3700,17,2
2026-02-24,600519,14:44:31,1467.3199,3,2
2026-02-24,600519,14:44:34,1467.3101,5,2
2026-02-24,600519,14:44:37,1467.7700,14,1
2026-02-24,600519,14:44:40,1467.3300,4,1
2026-02-24,600519,14:44:46,1467.5800,2,1
2026-02-24,600519,14:44:49,1467.7600,1,1
2026-02-24,600519,14:44:52,1467.7700,2,1
2026-02-24,600519,14:44:55,1467.7600,17,1
2026-02-24,600519,14:44:58,1467.7600,9,2
2026-02-24,600519,14:45:01,1467.7700,25,2
2026-02-24,600519,14:45:05,1467.6700,10,2
2026-02-24,600519,14:45:07,1467.8700,9,1
2026-02-24,600519,14:45:10,1467.3500,17,2
2026-02-24,600519,14:45:13,1467.3700,2,2
2026-02-24,600519,14:45:16,1467.3500,13,2
2026-02-24,600519,14:45:19,1467.6700,7,2
2026-02-24,600519,14:45:22,1467.3400,12,2
2026-02-24,600519,14:45:25,1467.3400,1,2
2026-02-24,600519,14:45:29,1467.8600,19,1
2026-02-24,600519,14:45:31,1467.4900,9,2
2026-02-24,600519,14:45:35,1467.6700,8,1
2026-02-24,600519,14:45:38,1467.6899,5,1
2026-02-24,600519,14:45:40,1467.2000,14,2
2026-02-24,600519,14:45:44,1467.0000,17,2
2026-02-24,600519,14:45:47,1468.0000,2,1
2026-02-24,600519,14:45:49,1467.9000,4,1
2026-02-24,600519,14:45:52,1467.9000,1,1
2026-02-24,600519,14:45:55,1467.6700,43,1
2026-02-24,600519,14:45:59,1466.8500,4,2
2026-02-24,600519,14:46:02,1466.8600,31,2
2026-02-24,600519,14:46:05,1467.6600,12,1
2026-02-24,600519,14:46:07,1466.9600,23,2
2026-02-24,600519,14:46:10,1467.1899,4,2
2026-02-24,600519,14:46:13,1467.6600,13,1
2026-02-24,600519,14:46:17,1466.8000,12,2
2026-02-24,600519,14:46:20,1466.6600,5,2
2026-02-24,600519,14:46:22,1466.2000,30,2
2026-02-24,600519,14:46:25,1467.4200,2,1
2026-02-24,600519,14:46:28,1467.5200,4,1
2026-02-24,600519,14:46:31,1467.4600,3,2
2026-02-24,600519,14:46:35,1467.8600,2,1
2026-02-24,600519,14:46:38,1467.9000,5,1
2026-02-24,600519,14:46:40,1467.7300,1,1
2026-02-24,600519,14:46:43,1467.4600,2,2
2026-02-24,600519,14:46:46,1467.4600,5,2
2026-02-24,600519,14:46:53,1467.9000,3,1
2026-02-24,600519,14:46:55,1467.4200,5,2
2026-02-24,600519,14:47:02,1467.6600,1,2
2026-02-24,600519,14:47:04,1467.4600,2,2
2026-02-24,600519,14:47:10,1467.6600,4,1
2026-02-24,600519,14:47:13,1467.6500,1,1
2026-02-24,600519,14:47:20,1467.6500,1,1
2026-02-24,600519,14:47:23,1467.4800,10,2
2026-02-24,600519,14:47:26,1467.5000,1,2
2026-02-24,600519,14:47:29,1467.4200,1,2
2026-02-24,600519,14:47:31,1467.4301,1,2
2026-02-24,600519,14:47:35,1467.5400,1,1
2026-02-24,600519,14:47:37,1467.6500,1,1
2026-02-24,600519,14:47:40,1467.4301,3,2
2026-02-24,600519,14:47:46,1467.6300,3,1
2026-02-24,600519,14:47:50,1467.6400,1,1
2026-02-24,600519,14:47:53,1467.4200,19,2
2026-02-24,600519,14:47:55,1467.3300,37,2
2026-02-24,600519,14:47:58,1467.4301,34,1
2026-02-24,600519,14:48:02,1467.4301,7,1
2026-02-24,600519,14:48:04,1467.7300,38,1
2026-02-24,600519,14:48:08,1467.8500,4,1
2026-02-24,600519,14:48:11,1467.8900,2,1
2026-02-24,600519,14:48:13,1467.9000,4,1
2026-02-24,600519,14:48:16,1467.9301,7,1
2026-02-24,600519,14:48:19,1468.4200,2,1
2026-02-24,600519,14:48:23,1468.0699,3,1
2026-02-24,600519,14:48:26,1468.4700,5,1
2026-02-24,600519,14:48:28,1468.5000,4,1
2026-02-24,600519,14:48:32,1468.6000,7,1
2026-02-24,600519,14:48:35,1468.6000,5,1
2026-02-24,600519,14:48:37,1468.4700,13,2
2026-02-24,600519,14:48:40,1469.1000,3,1
2026-02-24,600519,14:48:43,1469.1000,7,1
2026-02-24,600519,14:48:46,1468.4700,19,2
2026-02-24,600519,14:48:49,1468.4700,8,1
2026-02-24,600519,14:48:52,1468.5699,1,1
2026-02-24,600519,14:48:58,1468.4600,2,1
2026-02-24,600519,14:49:01,1468.4700,7,1
2026-02-24,600519,14:49:04,1468.4700,1,2
2026-02-24,600519,14:49:07,1468.4700,9,2
2026-02-24,600519,14:49:10,1468.4800,6,2
2026-02-24,600519,14:49:13,1468.4700,3,2
2026-02-24,600519,14:49:16,1468.5500,13,1
2026-02-24,600519,14:49:19,1468.4700,4,2
2026-02-24,600519,14:49:22,1468.5500,2,1
2026-02-24,600519,14:49:26,1468.4000,2,2
2026-02-24,600519,14:49:29,1468.3199,4,2
2026-02-24,600519,14:49:32,1468.3800,2,1
2026-02-24,600519,14:49:34,1468.2700,4,2
2026-02-24,600519,14:49:37,1468.2700,2,1
2026-02-24,600519,14:49:41,1468.1801,1,2
2026-02-24,600519,14:49:44,1468.0800,2,2
2026-02-24,600519,14:49:49,1468.1700,2,1
2026-02-24,600519,14:49:52,1468.0800,3,2
2026-02-24,600519,14:49:55,1468.2700,7,1
2026-02-24,600519,14:49:58,1468.2700,3,1
2026-02-24,600519,14:50:01,1468.2000,5,2
2026-02-24,600519,14:50:04,1468.2000,12,1
2026-02-24,600519,14:50:07,1468.2000,6,1
2026-02-24,600519,14:50:10,1468.4600,8,1
2026-02-24,600519,14:50:14,1468.3600,1,2
2026-02-24,600519,14:50:16,1468.4700,2,1
2026-02-24,600519,14:50:20,1468.3500,1,2
2026-02-24,600519,14:50:22,1468.2600,9,2
2026-02-24,600519,14:50:26,1468.2400,2,2
2026-02-24,600519,14:50:28,1468.2000,3,2
2026-02-24,600519,14:50:31,1468.3500,12,1
2026-02-24,600519,14:50:34,1468.4700,2,1
2026-02-24,600519,14:50:37,1468.4600,5,1
2026-02-24,600519,14:50:40,1468.4700,5,1
2026-02-24,600519,14:50:43,1468.4700,2,1
2026-02-24,600519,14:50:46,1468.5500,7,1
2026-02-24,600519,14:50:49,1468.4800,3,2
2026-02-24,600519,14:50:53,1468.4700,9,2
2026-02-24,600519,14:50:56,1468.3800,6,2
2026-02-24,600519,14:50:58,1468.5601,6,1
2026-02-24,600519,14:51:01,1468.3800,6,2
2026-02-24,600519,14:51:04,1468.4200,1,1
2026-02-24,600519,14:51:07,1468.4200,6,2
2026-02-24,600519,14:51:14,1468.4500,2,1
2026-02-24,600519,14:51:16,1468.4200,3,1
2026-02-24,600519,14:51:19,1468.4500,2,1
2026-02-24,600519,14:51:22,1468.5699,26,1
2026-02-24,600519,14:51:26,1468.5699,12,1
2026-02-24,600519,14:51:28,1468.6700,3,1
2026-02-24,600519,14:51:31,1468.5500,10,2
2026-02-24,600519,14:51:34,1468.7300,5,1
2026-02-24,600519,14:51:37,1469.0000,4,1
2026-02-24,600519,14:51:41,1468.7300,5,2
2026-02-24,600519,14:51:43,1469.0200,5,1
2026-02-24,600519,14:51:46,1469.0800,4,1
2026-02-24,600519,14:51:49,1469.0601,8,2
2026-02-24,600519,14:51:52,1469.0900,3,1
2026-02-24,600519,14:51:55,1469.1000,2,1
2026-02-24,600519,14:51:58,1469.0800,3,1
2026-02-24,600519,14:52:02,1469.0601,3,1
2026-02-24,600519,14:52:04,1469.0800,11,1
2026-02-24,600519,14:52:07,1469.0500,4,1
2026-02-24,600519,14:52:10,1469.1300,9,1
2026-02-24,600519,14:52:13,1469.1600,2,1
2026-02-24,600519,14:52:16,1468.7300,12,2
2026-02-24,600519,14:52:19,1469.1500,5,1
2026-02-24,600519,14:52:23,1469.0500,8,1
2026-02-24,600519,14:52:25,1469.1600,7,2
2026-02-24,600519,14:52:28,1469.2000,8,1
2026-02-24,600519,14:52:31,1469.3000,11,1
2026-02-24,600519,14:52:35,1470.1400,69,1
2026-02-24,600519,14:52:37,1471.0900,3,1
2026-02-24,600519,14:52:41,1471.3300,19,1
2026-02-24,600519,14:52:43,1470.9900,7,1
2026-02-24,600519,14:52:47,1470.3800,3,2
2026-02-24,600519,14:52:49,1471.3000,3,1
2026-02-24,600519,14:52:52,1471.3300,2,1
2026-02-24,600519,14:52:55,1471.3300,1,1
2026-02-24,600519,14:52:58,1471.0000,10,1
2026-02-24,600519,14:53:02,1471.3300,6,1
2026-02-24,600519,14:53:04,1471.3199,3,1
2026-02-24,600519,14:53:07,1471.0000,4,1
2026-02-24,600519,14:53:10,1471.3101,10,1
2026-02-24,600519,14:53:14,1470.3700,10,2
2026-02-24,600519,14:53:17,1470.1801,10,2
2026-02-24,600519,14:53:20,1469.1801,40,2
2026-02-24,600519,14:53:22,1469.9399,4,1
2026-02-24,600519,14:53:25,1469.0200,2,2
2026-02-24,600519,14:53:28,1469.1000,30,1
2026-02-24,600519,14:53:31,1469.2000,8,1
2026-02-24,600519,14:53:34,1469.2000,14,2
2026-02-24,600519,14:53:37,1470.0200,14,1
2026-02-24,600519,14:53:41,1469.2000,19,2
2026-02-24,600519,14:53:43,1470.3199,18,1
2026-02-24,600519,14:53:47,1470.4000,28,1
2026-02-24,600519,14:53:49,1471.3000,17,1
2026-02-24,600519,14:53:52,1471.2600,13,1
2026-02-24,600519,14:53:55,1471.5000,22,1
2026-02-24,600519,14:53:58,1470.0200,20,2
2026-02-24,600519,14:54:01,1472.0000,14,1
2026-02-24,600519,14:54:04,1471.3900,17,2
2026-02-24,600519,14:54:08,1471.3900,22,1
2026-02-24,600519,14:54:10,1472.1899,12,1
2026-02-24,600519,14:54:13,1472.1899,11,1
2026-02-24,600519,14:54:16,1471.3199,8,2
2026-02-24,600519,14:54:19,1470.0200,17,2
2026-02-24,600519,14:54:22,1470.0200,11,2
2026-02-24,600519,14:54:25,1471.5000,15,1
2026-02-24,600519,14:54:28,1472.1100,10,1
2026-02-24,600519,14:54:31,1469.9301,16,2
2026-02-24,600519,14:54:34,1471.2900,18,1
2026-02-24,600519,14:54:37,1472.1700,16,1
2026-02-24,600519,14:54:40,1471.9000,19,1
2026-02-24,600519,14:54:44,1471.0000,13,2
2026-02-24,600519,14:54:46,1471.3199,10,1
2026-02-24,600519,14:54:50,1472.2000,13,1
2026-02-24,600519,14:54:53,1472.2600,16,1
2026-02-24,600519,14:54:56,1471.1500,23,2
2026-02-24,600519,14:54:58,1471.0000,11,1
2026-02-24,600519,14:55:01,1470.2700,47,2
2026-02-24,600519,14:55:04,1470.0000,57,2
2026-02-24,600519,14:55:08,1470.1200,53,2
2026-02-24,600519,14:55:10,1472.8800,55,1
2026-02-24,600519,14:55:13,1472.0000,66,1
2026-02-24,600519,14:55:16,1473.0000,30,1
2026-02-24,600519,14:55:19,1473.0000,19,1
2026-02-24,600519,14:55:22,1471.9500,35,1
2026-02-24,600519,14:55:25,1472.0500,22,1
2026-02-24,600519,14:55:29,1471.8600,29,1
2026-02-24,600519,14:55:31,1470.3000,34,2
2026-02-24,600519,14:55:34,1470.3199,21,2
2026-02-24,600519,14:55:37,1472.0000,13,1
2026-02-24,600519,14:55:40,1473.0000,11,1
2026-02-24,600519,14:55:43,1473.8300,11,1
2026-02-24,600519,14:55:47,1470.4100,9,2
2026-02-24,600519,14:55:49,1472.9800,5,1
2026-02-24,600519,14:55:52,1473.8500,10,1
2026-02-24,600519,14:55:55,1470.4100,7,2
2026-02-24,600519,14:55:58,1472.9600,11,1
2026-02-24,600519,14:56:01,1470.4399,17,2
2026-02-24,600519,14:56:04,1472.7000,44,1
2026-02-24,600519,14:56:08,1470.3000,44,2
2026-02-24,600519,14:56:10,1470.2800,46,2
2026-02-24,600519,14:56:13,1470.9600,31,2
2026-02-24,600519,14:56:16,1473.0000,54,1
2026-02-24,600519,14:56:20,1471.0000,50,2
2026-02-24,600519,14:56:26,1470.9399,3,2
2026-02-24,600519,14:56:28,1471.9200,41,1
2026-02-24,600519,14:56:31,1470.9000,5,2
2026-02-24,600519,14:56:34,1470.9000,3,1
2026-02-24,600519,14:56:37,1470.9100,5,1
2026-02-24,600519,14:56:40,1470.9000,11,2
2026-02-24,600519,14:56:43,1470.5601,7,2
2026-02-24,600519,14:56:47,1470.3500,13,2
2026-02-24,600519,14:56:50,1470.6000,7,1
2026-02-24,600519,14:56:55,1470.5000,9,1
2026-02-24,600519,14:56:58,1470.2700,9,2
2026-02-24,600519,15:00:02,1466.8000,597,4
2026-02-24,600519,13:06:52,1469.5500,1,1
2026-02-24,600519,13:07:01,1469.6600,2,2
2026-02-24,600519,13:07:05,1469.5000,7,2
2026-02-24,600519,13:07:07,1469.3800,5,2
2026-02-24,600519,13:07:10,1469.5500,3,1
2026-02-24,600519,13:07:22,1468.8900,13,2
2026-02-24,600519,13:07:25,1468.8500,2,2
2026-02-24,600519,13:07:28,1468.6899,15,2
2026-02-24,600519,13:07:31,1468.7000,2,2
2026-02-24,600519,13:07:34,1468.8101,1,1
2026-02-24,600519,13:07:37,1468.8000,4,1
2026-02-24,600519,13:07:40,1468.4000,2,2
2026-02-24,600519,13:07:43,1468.8199,11,1
2026-02-24,600519,13:07:46,1468.8199,4,1
2026-02-24,600519,13:07:49,1468.8199,6,1
2026-02-24,600519,13:07:53,1468.7200,2,2
2026-02-24,600519,13:07:56,1468.7900,3,1
2026-02-24,600519,13:08:02,1468.7000,5,2
2026-02-24,600519,13:08:04,1468.0200,2,2
2026-02-24,600519,13:08:08,1468.0200,5,2
2026-02-24,600519,13:08:10,1468.7000,8,1
2026-02-24,600519,13:08:13,1468.0200,2,2
2026-02-24,600519,13:08:16,1468.0400,1,2
2026-02-24,600519,13:08:20,1468.0500,2,2
2026-02-24,600519,13:08:23,1468.4800,3,1
2026-02-24,600519,13:08:25,1468.5000,2,1
2026-02-24,600519,13:08:28,1468.5000,4,1
2026-02-24,600519,13:08:32,1468.4800,2,1
2026-02-24,600519,13:08:34,1468.4800,13,2
2026-02-24,600519,13:08:38,1468.4800,4,1
2026-02-24,600519,13:08:40,1468.4800,2,1
2026-02-24,600519,13:08:43,1468.4800,3,1
2026-02-24,600519,13:08:46,1468.4800,5,1
2026-02-24,600519,13:08:50,1468.4800,1,1
2026-02-24,600519,13:08:52,1468.4800,3,1
2026-02-24,600519,13:08:55,1468.4800,2,1
2026-02-24,600519,13:08:59,1468.5000,8,1
2026-02-24,600519,13:09:02,1468.4900,4,4
2026-02-24,600519,13:09:04,1468.4900,3,1
2026-02-24,600519,13:09:07,1468.5100,2,1
2026-02-24,600519,13:09:10,1468.4800,3,2
2026-02-24,600519,13:09:13,1468.4900,2,2
2026-02-24,600519,13:09:16,1468.4900,2,2
2026-02-24,600519,13:09:20,1468.5100,2,1
2026-02-24,600519,13:09:22,1468.4800,4,2
2026-02-24,600519,13:09:25,1468.4200,4,2
2026-02-24,600519,13:09:28,1468.4100,2,2
2026-02-24,600519,13:09:31,1468.4900,12,1
2026-02-24,600519,13:09:34,1468.5100,7,1
2026-02-24,600519,13:09:37,1468.0601,4,2
2026-02-24,600519,13:09:40,1468.4200,8,2
2026-02-24,600519,13:09:43,1468.5100,4,1
2026-02-24,600519,13:09:47,1468.5000,1,1
2026-02-24,600519,13:09:49,1468.5100,1,1
2026-02-24,600519,13:09:53,1468.5200,1,1
2026-02-24,600519,13:09:59,1468.4200,3,2
2026-02-24,600519,13:10:01,1468.4200,6,1
2026-02-24,600519,13:10:04,1468.4200,4,1
2026-02-24,600519,13:10:07,1468.2200,2,2
2026-02-24,600519,13:10:11,1468.5200,16,1
2026-02-24,600519,13:10:13,1468.5601,17,1
2026-02-24,600519,13:10:17,1468.6000,6,1
2026-02-24,600519,13:10:19,1468.6000,2,1
2026-02-24,600519,13:10:22,1469.7900,46,1
2026-02-24,600519,13:10:26,1469.9700,19,1
2026-02-24,600519,13:10:28,1469.9900,12,1
2026-02-24,600519,13:10:31,1469.9800,6,2
2026-02-24,600519,13:10:35,1470.7200,8,1
2026-02-24,600519,13:10:37,1469.9500,3,2
2026-02-24,600519,13:10:40,1470.8199,1,1
2026-02-24,600519,13:10:44,1469.7200,16,2
2026-02-24,600519,13:10:46,1469.7200,4,1
2026-02-24,600519,13:10:49,1470.9600,5,1
2026-02-24,600519,13:10:52,1469.8199,3,2
2026-02-24,600519,13:11:01,1470.9301,3,1
2026-02-24,600519,13:11:04,1470.0000,1,2
2026-02-24,600519,13:11:07,1470.8900,3,1
2026-02-24,600519,13:11:14,1470.8700,1,1
2026-02-24,600519,13:11:17,1470.8700,1,1
2026-02-24,600519,13:11:25,1470.0100,1,2
2026-02-24,600519,13:11:28,1470.0100,1,2
2026-02-24,600519,13:11:31,1470.6400,1,1
2026-02-24,600519,13:11:34,1470.0000,4,2
2026-02-24,600519,13:11:40,1469.9900,7,1
2026-02-24,600519,13:11:43,1469.8199,5,2
2026-02-24,600519,13:11:47,1469.9900,5,1
2026-02-24,600519,13:11:50,1470.0000,2,1
2026-02-24,600519,13:11:52,1470.0100,7,1
2026-02-24,600519,13:11:56,1470.0300,2,1
2026-02-24,600519,13:11:58,1470.0000,2,2
2026-02-24,600519,13:12:01,1470.0100,3,1
2026-02-24,600519,13:12:04,1470.1300,7,1
2026-02-24,600519,13:12:07,1470.3101,9,1
2026-02-24,600519,13:12:11,1470.9600,2,1
2026-02-24,600519,13:12:16,1471.0000,8,1
2026-02-24,600519,13:12:20,1471.0000,3,1
2026-02-24,600519,13:12:22,1470.9900,2,1
2026-02-24,600519,13:12:25,1471.1100,7,1
2026-02-24,600519,13:12:28,1471.2200,5,1
2026-02-24,600519,13:12:31,1471.3101,4,1
2026-02-24,600519,13:12:34,1471.3700,8,1
2026-02-24,600519,13:12:38,1471.3800,2,1
2026-02-24,600519,13:12:40,1471.3900,1,1
2026-02-24,600519,13:12:44,1471.4000,2,1
2026-02-24,600519,13:12:47,1472.0000,7,1
2026-02-24,600519,13:12:49,1472.0000,2,1
2026-02-24,600519,13:12:52,1472.0000,12,1
2026-02-24,600519,13:12:55,1471.9800,4,1
2026-02-24,600519,13:12:58,1472.1000,7,1
2026-02-24,600519,13:13:01,1472.0800,2,1
2026-02-24,600519,13:13:04,1472.1000,3,1
2026-02-24,600519,13:13:08,1472.1000,2,2
2026-02-24,600519,13:13:11,1472.2800,3,1
2026-02-24,600519,13:13:13,1472.8800,3,1
2026-02-24,600519,13:13:16,1473.6801,7,1
2026-02-24,600519,13:13:19,1473.6700,7,1
2026-02-24,600519,13:13:22,1473.6600,8,1
2026-02-24,600519,13:13:25,1473.6700,5,1
2026-02-24,600519,13:13:28,1473.8800,6,1
2026-02-24,600519,13:13:31,1473.9800,5,1
2026-02-24,600519,13:13:34,1473.9700,4,1
2026-02-24,600519,13:13:38,1474.0000,3,1
2026-02-24,600519,13:13:40,1474.0000,11,1
2026-02-24,600519,13:13:43,1474.6600,12,1
2026-02-24,600519,13:13:46,1474.0100,7,2
2026-02-24,600519,13:13:50,1474.8800,6,1
2026-02-24,600519,13:13:52,1474.0900,13,2
2026-02-24,600519,13:13:56,1474.1801,13,2
2026-02-24,600519,13:13:58,1474.9900,11,1
2026-02-24,600519,13:14:02,1474.7500,15,2
2026-02-24,600519,13:14:04,1474.7300,17,1
2026-02-24,600519,13:14:08,1473.6300,13,2
2026-02-24,600519,13:14:10,1473.0300,6,2
2026-02-24,600519,13:14:13,1473.0200,6,2
2026-02-24,600519,13:14:16,1473.0500,12,1
2026-02-24,600519,13:14:19,1472.2000,6,2
2026-02-24,600519,13:14:22,1472.1200,2,2
2026-02-24,600519,13:14:26,1472.4500,5,1
2026-02-24,600519,13:14:28,1472.1100,1,2
2026-02-24,600519,13:14:31,1472.2100,4,1
2026-02-24,600519,13:14:34,1472.2100,5,1
2026-02-24,600519,13:14:38,1472.2100,2,1
2026-02-24,600519,13:14:40,1472.0100,2,2
2026-02-24,600519,13:14:43,1472.0000,2,2
2026-02-24,600519,13:14:46,1472.0100,1,2
2026-02-24,600519,13:14:49,1471.9900,7,2
2026-02-24,600519,13:14:53,1471.4301,3,2
2026-02-24,600519,13:14:55,1471.4301,2,2
2026-02-24,600519,13:14:58,1471.3300,7,2
2026-02-24,600519,13:15:01,1471.3101,4,2
2026-02-24,600519,13:15:04,1471.1700,6,2
2026-02-24,600519,13:15:07,1471.0000,6,2
2026-02-24,600519,13:15:10,1471.0800,2,2
2026-02-24,600519,13:15:14,1471.1000,13,1
2026-02-24,600519,13:15:16,1470.7000,5,2
2026-02-24,600519,13:15:20,1470.5000,3,2
2026-02-24,600519,13:15:23,1470.1400,5,2
2026-02-24,600519,13:15:25,1470.1200,8,2
2026-02-24,600519,13:15:28,1470.4800,13,1
2026-02-24,600519,13:15:31,1470.7000,16,1
2026-02-24,600519,13:15:34,1470.8000,9,2
2026-02-24,600519,13:15:37,1471.4100,7,1
2026-02-24,600519,13:15:40,1470.7900,1,2
2026-02-24,600519,13:15:44,1471.4100,5,1
2026-02-24,600519,13:15:47,1471.3500,3,4
2026-02-24,600519,13:15:50,1471.5100,2,1
2026-02-24,600519,13:15:55,1471.5200,3,1
2026-02-24,600519,13:15:58,1471.4000,13,2
2026-02-24,600519,13:16:01,1471.1400,6,2
2026-02-24,600519,13:16:04,1470.8000,6,2
2026-02-24,600519,13:16:07,1470.7900,2,2
2026-02-24,600519,13:16:10,1470.6700,4,2
2026-02-24,600519,13:16:13,1470.5400,3,2
2026-02-24,600519,13:16:16,1470.3900,8,2
2026-02-24,600519,13:16:19,1470.1300,5,2
2026-02-24,600519,13:16:22,1470.0500,2,2
2026-02-24,600519,13:16:26,1470.0000,4,2
2026-02-24,600519,13:16:28,1469.7700,6,2
2026-02-24,600519,13:16:31,1469.3300,4,2
2026-02-24,600519,13:16:34,1469.0300,3,2
2026-02-24,600519,13:16:38,1469.7400,4,1
2026-02-24,600519,13:16:41,1469.0300,2,2
2026-02-24,600519,13:16:43,1470.0100,1,1
2026-02-24,600519,13:16:52,1469.3500,4,2
2026-02-24,600519,13:16:55,1470.0000,2,1
2026-02-24,600519,13:16:58,1469.5400,6,2
2026-02-24,600519,13:17:02,1469.3600,8,2
2026-02-24,600519,13:17:05,1470.1000,5,1
2026-02-24,600519,13:17:08,1469.3500,8,2
2026-02-24,600519,13:17:11,1470.1300,1,1
2026-02-24,600519,13:17:13,1469.3300,3,2
2026-02-24,600519,13:17:16,1469.2800,3,2
2026-02-24,600519,13:17:19,1469.0300,5,2
2026-02-24,600519,13:17:22,1469.0300,6,2
2026-02-24,600519,13:17:25,1469.0300,3,2
2026-02-24,600519,13:17:29,1469.0300,3,2
2026-02-24,600519,13:17:31,1469.0100,3,2
2026-02-24,600519,13:17:34,1469.0200,5,1
2026-02-24,600519,13:17:38,1469.0000,8,2
2026-02-24,600519,13:17:41,1469.0400,17,1
2026-02-24,600519,13:17:43,1469.0000,27,2
2026-02-24,600519,13:17:46,1469.0000,12,2
2026-02-24,600519,13:17:49,1469.0000,10,2
2026-02-24,600519,13:17:52,1469.3800,3,1
2026-02-24,600519,13:17:55,1469.0601,2,2
2026-02-24,600519,13:17:59,1469.0601,8,2
2026-02-24,600519,13:18:01,1469.1300,7,2
2026-02-24,600519,13:18:04,1469.5500,2,2
2026-02-24,600519,13:18:08,1470.0699,10,1
2026-02-24,600519,13:18:20,1469.5500,1,1
2026-02-24,600519,13:18:22,1469.5500,3,2
2026-02-24,600519,13:18:25,1469.4700,2,2
2026-02-24,600519,13:18:28,1469.3800,7,2
2026-02-24,600519,13:18:31,1469.3400,5,2
2026-02-24,600519,13:18:35,1469.0800,3,2
2026-02-24,600519,13:18:37,1469.0601,4,2
2026-02-24,600519,13:18:40,1469.0300,3,2
2026-02-24,600519,13:18:43,1469.0200,3,2
2026-02-24,600519,13:18:47,1469.1200,5,1
2026-02-24,600519,13:18:50,1469.0100,5,2
2026-02-24,600519,13:18:52,1469.0601,6,1
2026-02-24,600519,13:18:56,1468.9800,28,2
2026-02-24,600519,13:18:59,1468.9800,7,2
2026-02-24,600519,13:19:02,1468.9100,5,2
2026-02-24,600519,13:19:04,1468.9100,2,2
2026-02-24,600519,13:19:07,1468.8700,7,2
2026-02-24,600519,13:19:10,1468.6801,4,2
2026-02-24,600519,13:19:14,1468.9000,8,1
2026-02-24,600519,13:19:17,1468.6801,2,2
2026-02-24,600519,13:19:19,1468.6000,5,2
2026-02-24,600519,13:19:22,1468.6200,6,1
2026-02-24,600519,13:19:25,1468.6801,4,1
2026-02-24,600519,13:19:29,1468.6899,3,1
2026-02-24,600519,13:19:31,1468.6801,3,1
2026-02-24,600519,13:19:35,1468.6801,6,1
2026-02-24,600519,13:19:38,1468.9100,9,1
2026-02-24,600519,13:19:41,1468.9800,4,1
2026-02-24,600519,13:19:43,1468.9800,2,1
2026-02-24,600519,13:19:46,1468.9399,2,2
2026-02-24,600519,13:19:49,1468.9700,2,1
2026-02-24,600519,13:19:52,1468.9800,3,1
2026-02-24,600519,13:19:56,1468.9399,3,1
2026-02-24,600519,13:20:01,1468.9399,4,1
2026-02-24,600519,13:20:04,1468.9399,2,1
2026-02-24,600519,13:20:07,1468.9700,4,1
2026-02-24,600519,13:20:10,1470.1200,32,1
2026-02-24,600519,13:20:14,1470.1400,2,1
2026-02-24,600519,13:20:16,1469.3300,1,2
2026-02-24,600519,13:20:19,1470.9900,1,1
2026-02-24,600519,13:20:22,1470.9500,1,1
2026-02-24,600519,13:20:28,1469.3300,2,2
2026-02-24,600519,13:20:32,1470.2200,1,1
2026-02-24,600519,13:20:38,1470.8600,1,1
2026-02-24,600519,13:20:41,1470.8600,2,1
2026-02-24,600519,13:20:46,1469.4100,5,2
2026-02-24,600519,13:20:49,1469.4100,4,2
2026-02-24,600519,13:20:53,1469.4100,5,2
2026-02-24,600519,13:20:55,1469.4100,18,1
2026-02-24,600519,13:20:58,1470.3000,5,1
2026-02-24,600519,13:21:02,1470.2600,1,2
2026-02-24,600519,13:21:04,1470.2800,1,1
2026-02-24,600519,13:21:11,1470.1801,5,2
2026-02-24,600519,13:21:13,1470.2100,5,2
2026-02-24,600519,13:21:16,1470.3101,3,1
2026-02-24,600519,13:21:19,1470.2700,1,2
2026-02-24,600519,13:21:23,1470.3101,1,4
2026-02-24,600519,13:21:25,1470.3000,4,2
2026-02-24,600519,13:21:28,1470.2900,3,2
2026-02-24,600519,13:21:31,1470.2900,4,2
2026-02-24,600519,13:21:34,1470.2600,5,2
2026-02-24,600519,13:21:37,1470.2700,2,2
2026-02-24,600519,13:21:41,1470.2300,6,2
2026-02-24,600519,13:21:43,1470.3700,7,1
2026-02-24,600519,13:21:47,1470.2300,2,2
2026-02-24,600519,13:21:50,1470.2500,2,1
2026-02-24,600519,13:21:52,1470.3800,4,1
2026-02-24,600519,13:21:56,1470.5200,2,1
2026-02-24,600519,13:21:59,1470.5200,3,1
2026-02-24,600519,13:22:04,1470.5200,2,2
2026-02-24,600519,13:22:07,1470.4200,2,2
2026-02-24,600519,13:22:11,1470.5000,2,1
2026-02-24,600519,13:22:13,1470.5000,3,1
2026-02-24,600519,13:22:17,1470.5000,1,1
2026-02-24,600519,13:22:19,1470.4200,5,2
2026-02-24,600519,13:22:22,1470.4100,4,1
2026-02-24,600519,13:22:25,1470.3700,3,2
2026-02-24,600519,13:22:31,1470.5200,12,1
2026-02-24,600519,13:22:35,1470.3600,4,1
2026-02-24,600519,13:22:38,1470.6100,9,1
2026-02-24,600519,13:22:41,1470.8000,2,1
2026-02-24,600519,13:22:44,1470.6200,5,2
2026-02-24,600519,13:22:46,1470.8000,2,1
2026-02-24,600519,13:22:50,1472.0000,17,1
2026-02-24,600519,13:22:53,1472.0100,3,1
2026-02-24,600519,13:22:55,1472.1100,3,1
2026-02-24,600519,13:22:59,1472.1000,3,1
2026-02-24,600519,13:23:01,1472.0900,9,1
2026-02-24,600519,13:23:04,1470.9000,18,2
2026-02-24,600519,13:23:08,1472.1300,18,2
2026-02-24,600519,13:23:11,1473.0000,5,1
2026-02-24,600519,13:23:14,1473.9700,3,1
2026-02-24,600519,13:23:16,1473.0000,14,2
2026-02-24,600519,13:23:19,1474.1000,5,1
2026-02-24,600519,13:23:22,1474.7300,2,1
2026-02-24,600519,13:23:25,1473.2300,9,2
2026-02-24,600519,13:23:29,1473.9900,2,1
2026-02-24,600519,13:23:31,1473.9900,3,1
2026-02-24,600519,13:23:37,1473.2400,2,2
2026-02-24,600519,13:23:40,1473.9800,4,1
2026-02-24,600519,13:23:44,1473.2500,3,2
2026-02-24,600519,13:23:47,1473.2500,1,2
2026-02-24,600519,13:23:50,1473.2400,1,2
2026-02-24,600519,13:23:52,1473.2300,2,2
2026-02-24,600519,13:23:55,1473.4700,5,1
2026-02-24,600519,13:23:58,1473.4600,3,1
2026-02-24,600519,13:24:02,1472.5100,13,2
2026-02-24,600519,13:24:04,1473.4700,7,1
2026-02-24,600519,13:24:07,1472.5100,5,2
2026-02-24,600519,13:24:10,1473.2300,6,1
2026-02-24,600519,13:24:13,1473.2200,2,1
2026-02-24,600519,13:24:16,1472.4600,8,2
2026-02-24,600519,13:24:19,1473.2400,4,1
2026-02-24,600519,13:24:22,1473.2200,7,2
2026-02-24,600519,13:24:26,1473.2300,3,1
2026-02-24,600519,13:24:29,1472.4600,4,2
2026-02-24,600519,13:24:32,1473.1400,9,1
2026-02-24,600519,13:24:34,1473.4399,5,1
2026-02-24,600519,13:24:41,1473.4700,8,1
2026-02-24,600519,13:24:43,1473.4700,4,2
2026-02-24,600519,13:24:46,1473.4800,1,1
2026-02-24,600519,13:24:50,1473.4700,3,1
2026-02-24,600519,13:24:52,1473.4399,1,2
2026-02-24,600519,13:24:55,1473.3400,1,2
2026-02-24,600519,13:24:58,1473.2400,2,2
2026-02-24,600519,13:25:01,1473.2400,1,1
2026-02-24,600519,13:25:04,1472.9800,4,2
2026-02-24,600519,13:25:07,1473.4200,2,1
2026-02-24,600519,13:25:10,1473.4100,1,1
2026-02-24,600519,13:25:13,1473.0800,5,2
2026-02-24,600519,13:25:16,1473.4100,3,1
2026-02-24,600519,13:25:19,1473.4100,1,1
2026-02-24,600519,13:25:23,1473.0800,3,2
2026-02-24,600519,13:25:25,1473.0800,1,2
2026-02-24,600519,13:25:35,1473.0800,1,2
2026-02-24,600519,13:25:37,1473.0800,2,2
2026-02-24,600519,13:25:40,1473.2000,2,1
2026-02-24,600519,13:25:43,1473.0000,6,2
2026-02-24,600519,13:25:47,1472.9900,8,4
2026-02-24,600519,13:25:50,1473.0000,5,1
2026-02-24,600519,13:25:52,1473.0000,2,1
2026-02-24,600519,13:25:56,1473.0000,3,1
2026-02-24,600519,13:25:58,1472.9900,4,1
2026-02-24,600519,13:26:01,1473.0400,12,1
2026-02-24,600519,13:26:05,1473.1700,7,1
2026-02-24,600519,13:26:07,1473.4000,9,1
2026-02-24,600519,13:26:11,1474.0000,6,1
2026-02-24,600519,13:26:14,1474.0000,1,1
2026-02-24,600519,13:26:17,1473.4000,6,2
2026-02-24,600519,13:26:22,1473.9900,3,1
2026-02-24,600519,13:26:26,1473.1300,2,2
2026-02-24,600519,13:26:29,1473.9700,1,1
2026-02-24,600519,13:26:31,1473.1200,1,2
2026-02-24,600519,13:26:34,1473.6100,2,1
2026-02-24,600519,13:26:37,1473.6100,3,1
2026-02-24,600519,13:26:41,1473.6100,2,1
2026-02-24,600519,13:26:44,1473.6100,2,1
2026-02-24,600519,13:26:47,1473.6100,2,1
2026-02-24,600519,13:26:49,1473.6200,4,1
2026-02-24,600519,13:26:52,1473.6200,2,1
2026-02-24,600519,13:26:58,1473.2000,1,2
2026-02-24,600519,13:27:02,1473.1000,2,2
2026-02-24,600519,13:27:05,1473.1000,5,2
2026-02-24,600519,13:27:07,1473.2000,2,1
2026-02-24,600519,13:27:10,1473.2900,2,1
2026-02-24,600519,13:27:13,1473.0800,2,2
2026-02-24,600519,13:27:16,1473.0699,2,2
2026-02-24,600519,13:27:19,1473.0900,1,1
2026-02-24,600519,13:27:22,1473.0000,8,2
2026-02-24,600519,13:27:25,1473.0400,7,1
2026-02-24,600519,13:27:28,1473.0900,4,1
2026-02-24,600519,13:27:31,1473.0400,3,2
2026-02-24,600519,13:27:35,1473.1500,8,1
2026-02-24,600519,13:27:37,1473.5699,1,1
2026-02-24,600519,13:27:40,1473.1000,2,2
2026-02-24,600519,13:27:43,1473.5601,2,1
2026-02-24,600519,13:27:47,1473.1000,3,2
2026-02-24,600519,13:27:50,1473.1200,4,2
2026-02-24,600519,13:27:53,1473.1000,2,4
2026-02-24,600519,13:27:55,1473.1100,1,1
2026-02-24,600519,13:27:59,1473.0200,1,2
2026-02-24,600519,13:28:01,1472.9900,1,2
2026-02-24,600519,13:28:05,1472.4800,3,2
2026-02-24,600519,13:28:07,1473.0500,1,1
2026-02-24,600519,13:28:11,1472.4800,2,2
2026-02-24,600519,13:28:14,1473.0500,2,1
2026-02-24,600519,13:28:16,1473.0400,3,1
2026-02-24,600519,13:28:22,1472.4600,5,2
2026-02-24,600519,13:28:25,1472.4600,2,1
2026-02-24,600519,13:28:29,1472.3700,4,2
2026-02-24,600519,13:28:31,1472.3600,2,2
2026-02-24,600519,13:28:35,1472.4399,6,1
2026-02-24,600519,13:28:37,1472.4500,1,1
2026-02-24,600519,13:28:46,1472.4100,1,2
2026-02-24,600519,13:28:49,1472.4100,2,2
2026-02-24,600519,13:28:56,1472.4000,1,2
2026-02-24,600519,13:28:58,1472.4600,2,1
2026-02-24,600519,13:29:01,1472.3400,1,2
2026-02-24,600519,13:29:04,1472.4600,1,1
2026-02-24,600519,13:29:08,1472.4600,1,1
2026-02-24,600519,13:29:13,1472.5699,15,1
2026-02-24,600519,13:29:16,1472.5601,8,2
2026-02-24,600519,13:29:19,1473.0900,2,1
2026-02-24,600519,13:29:22,1473.1400,2,1
2026-02-24,600519,13:29:37,1473.0000,3,1
2026-02-24,600519,13:29:40,1473.0800,4,1
2026-02-24,600519,13:29:52,1473.0800,2,1
2026-02-24,600519,13:29:55,1473.0800,2,1
2026-02-24,600519,13:29:58,1472.9000,2,2
2026-02-24,600519,13:30:02,1473.0000,1,2
2026-02-24,600519,13:30:04,1472.9800,4,1
2026-02-24,600519,13:30:07,1473.1801,13,1
2026-02-24,600519,13:30:10,1473.1600,5,1
2026-02-24,600519,13:30:14,1473.1600,1,1
2026-02-24,600519,13:30:16,1473.1600,1,1
2026-02-24,600519,13:30:19,1473.2400,7,1
2026-02-24,600519,13:30:22,1473.2800,4,1
2026-02-24,600519,13:30:25,1473.4500,4,1
2026-02-24,600519,13:30:28,1473.4500,4,1
2026-02-24,600519,13:30:32,1473.6000,11,1
2026-02-24,600519,13:30:34,1473.8500,1,1
2026-02-24,600519,13:30:38,1473.9500,2,1
2026-02-24,600519,13:30:41,1473.9600,14,1
2026-02-24,600519,13:30:44,1473.9600,3,2
2026-02-24,600519,13:30:46,1473.8500,9,2
2026-02-24,600519,13:30:50,1473.1500,31,2
2026-02-24,600519,13:30:52,1472.8500,27,2
2026-02-24,600519,13:30:56,1472.4000,2,2
2026-02-24,600519,13:30:58,1473.2500,12,1
2026-02-24,600519,13:31:02,1472.1100,2,2
2026-02-24,600519,13:31:04,1472.7700,1,1
2026-02-24,600519,13:31:07,1472.7800,2,1
2026-02-24,600519,13:31:10,1473.8300,9,1
2026-02-24,600519,13:31:14,1472.7800,3,2
2026-02-24,600519,13:31:17,1473.8300,10,1
2026-02-24,600519,13:31:22,1473.8101,1,1
2026-02-24,600519,13:31:25,1473.1899,11,1
2026-02-24,600519,13:31:28,1472.5500,1,2
2026-02-24,600519,13:31:34,1473.7600,1,1
2026-02-24,600519,13:31:37,1472.4100,17,2
2026-02-24,600519,13:31:41,1472.3400,2,2
2026-02-24,600519,13:31:46,1472.0900,24,2
2026-02-24,600519,13:31:49,1472.0900,1,1
2026-02-24,600519,13:31:52,1471.0200,1,2
2026-02-24,600519,13:31:56,1471.0000,1,2
2026-02-24,600519,13:31:59,1471.0000,1,2
2026-02-24,600519,13:32:04,1471.0100,2,2
2026-02-24,600519,13:32:08,1471.0000,4,2
2026-02-24,600519,13:32:10,1471.0000,1,1
2026-02-24,600519,13:32:13,1470.9800,1,4
2026-02-24,600519,13:32:17,1470.9600,1,2
2026-02-24,600519,13:32:20,1470.9000,2,2
2026-02-24,600519,13:32:23,1470.9700,2,1
2026-02-24,600519,13:32:25,1470.6100,2,2
2026-02-24,600519,13:32:29,1470.6100,2,2
2026-02-24,600519,13:32:35,1470.6500,4,2
2026-02-24,600519,13:32:40,1470.6500,1,2
2026-02-24,600519,13:32:43,1470.6500,3,2
2026-02-24,600519,13:32:47,1470.6500,2,2
2026-02-24,600519,13:32:50,1470.6100,1,2
2026-02-24,600519,13:32:52,1470.5100,2,2
2026-02-24,600519,13:32:55,1470.4900,2,2
2026-02-24,600519,13:33:01,1470.5400,2,1
2026-02-24,600519,13:33:05,1470.3700,3,2
2026-02-24,600519,13:33:07,1470.4000,1,2
2026-02-24,600519,13:33:11,1470.5100,6,4
2026-02-24,600519,13:33:13,1470.5200,4,1
2026-02-24,600519,13:33:17,1470.5200,4,1
2026-02-24,600519,13:33:19,1470.2000,1,2
2026-02-24,600519,13:33:22,1470.5100,3,1
2026-02-24,600519,13:33:25,1470.5100,3,1
2026-02-24,600519,13:33:28,1470.2100,2,2
2026-02-24,600519,13:33:31,1470.3000,2,2
2026-02-24,600519,13:33:40,1470.2200,3,2
2026-02-24,600519,13:33:43,1470.2000,2,2
2026-02-24,600519,13:33:47,1470.2300,1,2
2026-02-24,600519,13:33:49,1470.3000,5,1
2026-02-24,600519,13:33:52,1470.2000,1,2
2026-02-24,600519,13:33:55,1470.1801,5,2
2026-02-24,600519,13:33:58,1470.2100,10,1
2026-02-24,600519,13:34:04,1470.2000,5,1
2026-02-24,600519,13:34:08,1470.3199,16,1
2026-02-24,600519,13:34:10,1470.2400,2,2
2026-02-24,600519,13:34:13,1470.4900,2,1
2026-02-24,600519,13:34:16,1470.5200,4,1
2026-02-24,600519,13:34:19,1470.5699,8,1
2026-02-24,600519,13:34:22,1471.0200,1,1
2026-02-24,600519,13:34:25,1471.0200,2,2
2026-02-24,600519,13:34:29,1471.0200,15,2
2026-02-24,600519,13:34:31,1471.0200,2,2
2026-02-24,600519,13:34:34,1470.9200,3,2
2026-02-24,600519,13:34:37,1470.5601,2,2
2026-02-24,600519,13:34:40,1470.5601,1,2
2026-02-24,600519,13:34:44,1470.4600,12,2
2026-02-24,600519,13:34:46,1470.4301,1,2
2026-02-24,600519,13:34:50,1470.4600,3,2
2026-02-24,600519,13:34:52,1470.4399,1,2
2026-02-24,600519,13:34:59,1470.4500,1,1
2026-02-24,600519,13:35:02,1470.3900,5,2
2026-02-24,600519,13:35:05,1470.3101,5,2
2026-02-24,600519,13:35:10,1470.3101,4,2
2026-02-24,600519,13:35:14,1470.1500,6,2
2026-02-24,600519,13:35:16,1470.0000,8,2
2026-02-24,600519,13:35:20,1470.0000,7,2
2026-02-24,600519,13:35:23,1469.8800,10,2
2026-02-24,600519,13:35:26,1469.9800,1,1
2026-02-24,600519,13:35:32,1469.5000,2,2
2026-02-24,600519,13:35:34,1469.4000,4,2
2026-02-24,600519,13:35:37,1469.3199,2,2
2026-02-24,600519,13:35:41,1469.1700,1,2
2026-02-24,600519,13:35:44,1469.0601,4,2
2026-02-24,600519,13:35:47,1469.4000,1,1
2026-02-24,600519,13:35:50,1469.4100,1,1
2026-02-24,600519,13:35:53,1469.2000,1,2
2026-02-24,600519,13:35:55,1469.4000,5,1
2026-02-24,600519,13:35:59,1469.4000,4,1
2026-02-24,600519,13:36:02,1469.0000,7,2
2026-02-24,600519,13:36:04,1469.0000,2,2
2026-02-24,600519,13:36:07,1469.0100,4,2
2026-02-24,600519,13:36:10,1469.0000,8,2
2026-02-24,600519,13:36:14,1469.0000,5,2
2026-02-24,600519,13:36:16,1469.0000,2,2
2026-02-24,600519,13:36:20,1469.0000,7,2
2026-02-24,600519,13:36:22,1469.0000,3,2
2026-02-24,600519,13:36:25,1469.0100,4,1
2026-02-24,600519,13:36:28,1469.0000,5,2
2026-02-24,600519,13:36:31,1469.0000,2,2
2026-02-24,600519,13:36:37,1469.0100,2,1
2026-02-24,600519,13:36:40,1469.0000,4,2
2026-02-24,600519,13:36:43,1469.0100,6,1
2026-02-24,600519,13:36:47,1469.0000,4,2
2026-02-24,600519,13:36:50,1469.0000,1,2
2026-02-24,600519,13:36:52,1469.0000,4,2
2026-02-24,600519,13:36:55,1469.0100,3,1
2026-02-24,600519,13:36:59,1469.0000,2,2
2026-02-24,600519,13:37:01,1469.0400,14,1
2026-02-24,600519,13:37:05,1469.0400,19,1
2026-02-24,600519,13:37:07,1469.0100,1,2
2026-02-24,600519,13:37:10,1469.4500,1,1
2026-02-24,600519,13:37:14,1469.4500,3,1
2026-02-24,600519,13:37:16,1469.0200,1,2
2026-02-24,600519,13:37:25,1469.0500,1,2
2026-02-24,600519,13:37:28,1469.0100,6,2
2026-02-24,600519,13:37:34,1469.4399,2,1
2026-02-24,600519,13:37:38,1469.4399,4,1
2026-02-24,600519,13:37:43,1469.0100,3,2
2026-02-24,600519,13:37:47,1469.0000,5,2
2026-02-24,600519,13:37:49,1469.5400,3,1
2026-02-24,600519,13:37:52,1469.0000,1,2
2026-02-24,600519,13:38:08,1469.0200,1,2
2026-02-24,600519,13:38:10,1469.0100,2,2
2026-02-24,600519,13:38:14,1469.1400,1,1
2026-02-24,600519,13:38:16,1469.1400,1,1
2026-02-24,600519,13:38:22,1469.1400,4,1
2026-02-24,600519,13:38:25,1469.0200,2,2
2026-02-24,600519,13:38:28,1469.0100,3,2
2026-02-24,600519,13:38:32,1469.0000,32,2
2026-02-24,600519,13:38:34,1468.9600,9,2
2026-02-24,600519,13:38:37,1468.9900,3,1
2026-02-24,600519,13:38:40,1468.9800,2,1
2026-02-24,600519,13:38:43,1468.9399,1,2
2026-02-24,600519,13:38:46,1468.9100,4,2
2026-02-24,600519,13:38:49,1468.9301,5,1
2026-02-24,600519,13:38:52,1468.9000,1,2
2026-02-24,600519,13:38:56,1468.8800,5,2
2026-02-24,600519,13:38:58,1468.9100,1,1
2026-02-24,600519,13:39:01,1468.8199,1,2
2026-02-24,600519,13:39:10,1468.7900,4,4
2026-02-24,600519,13:39:13,1468.7000,1,2
2026-02-24,600519,13:39:17,1468.7700,2,1
2026-02-24,600519,13:39:19,1468.7000,7,2
2026-02-24,600519,13:39:22,1468.7000,2,2
2026-02-24,600519,13:39:25,1468.7000,7,2
2026-02-24,600519,13:39:29,1468.7000,5,2
2026-02-24,600519,13:39:31,1468.7000,4,2
2026-02-24,600519,13:39:34,1468.7000,2,2
2026-02-24,600519,13:39:41,1468.7000,14,1
2026-02-24,600519,13:39:44,1468.7000,2,2
2026-02-24,600519,13:39:46,1468.7000,2,2
2026-02-24,600519,13:39:49,1468.7000,14,2
2026-02-24,600519,13:39:55,1468.7000,2,2
2026-02-24,600519,13:39:59,1468.7200,2,2
2026-02-24,600519,13:40:01,1468.7200,5,2
2026-02-24,600519,13:40:04,1468.7000,17,2
2026-02-24,600519,13:40:07,1468.7000,3,2
2026-02-24,600519,13:40:13,1468.7200,8,1
2026-02-24,600519,13:40:16,1468.7100,2,1
2026-02-24,600519,13:40:19,1468.7100,3,1
2026-02-24,600519,13:40:22,1468.7000,1,2
2026-02-24,600519,13:40:25,1468.7100,3,1
2026-02-24,600519,13:40:29,1468.7000,5,2
2026-02-24,600519,13:40:32,1468.7000,3,2
2026-02-24,600519,13:40:34,1468.6801,3,2
2026-02-24,600519,13:40:37,1468.6801,4,2
2026-02-24,600519,13:40:40,1468.6899,2,1
2026-02-24,600519,13:40:43,1468.6700,2,2
2026-02-24,600519,13:40:46,1468.6700,1,1
2026-02-24,600519,13:40:49,1468.6700,4,1
2026-02-24,600519,13:40:52,1468.6600,4,2
2026-02-24,600519,13:41:02,1468.6801,4,1
2026-02-24,600519,13:41:04,1468.6700,2,2
2026-02-24,600519,13:41:07,1468.6600,25,2
2026-02-24,600519,13:41:11,1468.6600,24,2
2026-02-24,600519,13:41:13,1468.5000,11,2
2026-02-24,600519,13:41:16,1468.6400,4,1
2026-02-24,600519,13:41:20,1468.4200,2,2
2026-02-24,600519,13:41:23,1468.4000,1,2
2026-02-24,600519,13:41:25,1468.4100,1,2
2026-02-24,600519,13:41:28,1468.4000,1,2
2026-02-24,600519,13:41:31,1468.3400,1,2
2026-02-24,600519,13:41:34,1468.3000,4,2
2026-02-24,600519,13:41:38,1468.2600,11,2
2026-02-24,600519,13:41:40,1468.3900,14,1
2026-02-24,600519,13:41:44,1468.2200,2,2
2026-02-24,600519,13:41:46,1468.3900,3,1
2026-02-24,600519,13:41:50,1468.6600,21,1
2026-02-24,600519,13:41:53,1468.3900,18,2
2026-02-24,600519,13:41:55,1468.2900,5,2
2026-02-24,600519,13:41:59,1468.2300,1,2
2026-02-24,600519,13:42:02,1468.3900,2,1
2026-02-24,600519,13:42:05,1468.2200,2,2
2026-02-24,600519,13:42:08,1468.3900,1,1
2026-02-24,600519,13:42:11,1468.2200,3,2
2026-02-24,600519,13:42:13,1468.3800,6,1
2026-02-24,600519,13:42:16,1468.2000,11,2
2026-02-24,600519,13:42:20,1468.2000,7,1
2026-02-24,600519,13:42:23,1468.1801,3,2
2026-02-24,600519,13:42:25,1468.1801,1,2
2026-02-24,600519,13:42:28,1468.2000,5,1
2026-02-24,600519,13:42:31,1468.1801,4,2
2026-02-24,600519,13:42:37,1468.2000,4,2
2026-02-24,600519,13:42:41,1468.2200,2,1
2026-02-24,600519,13:42:43,1468.2200,3,1
2026-02-24,600519,13:42:55,1468.2200,2,2
2026-02-24,600519,13:42:58,1468.2200,2,1
2026-02-24,600519,13:43:01,1468.2200,3,1
2026-02-24,600519,13:43:07,1468.2000,6,2
2026-02-24,600519,13:43:10,1468.1899,2,2
2026-02-24,600519,13:43:14,1468.2100,7,1
2026-02-24,600519,13:43:16,1468.1899,4,2
2026-02-24,600519,13:43:19,1468.2100,4,1
2026-02-24,600519,13:43:22,1468.2200,1,1
2026-02-24,600519,13:43:26,1468.2200,1,4
2026-02-24,600519,13:43:28,1468.2200,2,2
2026-02-24,600519,13:43:31,1468.2400,4,1
2026-02-24,600519,13:43:35,1468.2300,1,2
2026-02-24,600519,13:43:37,1468.2300,3,2
2026-02-24,600519,13:43:40,1468.2400,4,1
2026-02-24,600519,13:43:47,1468.2200,17,1
2026-02-24,600519,13:43:50,1468.2200,1,1
2026-02-24,600519,13:43:52,1468.2200,1,2
2026-02-24,600519,13:43:55,1468.2600,2,1
2026-02-24,600519,13:43:59,1468.3600,13,1
2026-02-24,600519,13:44:01,1468.3400,3,1
2026-02-24,600519,13:44:04,1468.3600,2,1
2026-02-24,600519,13:44:07,1468.3600,1,1
2026-02-24,600519,13:44:10,1468.2700,1,2
2026-02-24,600519,13:44:13,1468.3500,1,1
2026-02-24,600519,13:44:19,1468.3500,3,1
2026-02-24,600519,13:44:23,1468.3600,3,1
2026-02-24,600519,13:44:25,1468.4100,3,1
2026-02-24,600519,13:44:34,1468.2900,3,2
2026-02-24,600519,13:44:38,1468.4200,4,1
2026-02-24,600519,13:44:40,1468.4000,6,2
2026-02-24,600519,13:44:44,1468.4000,1,2
2026-02-24,600519,13:44:46,1468.5000,1,1
2026-02-24,600519,13:44:53,1468.5000,5,1
2026-02-24,600519,13:44:55,1468.5000,2,1
2026-02-24,600519,13:44:58,1468.5200,2,1
2026-02-24,600519,13:45:01,1468.5100,2,2
2026-02-24,600519,13:45:05,1468.5100,1,1
2026-02-24,600519,13:45:07,1468.6000,13,1
2026-02-24,600519,13:45:10,1469.9000,25,1
2026-02-24,600519,13:45:13,1469.6801,5,2
2026-02-24,600519,13:45:19,1469.6200,1,2
2026-02-24,600519,13:45:23,1469.9900,2,1
2026-02-24,600519,13:45:31,1469.9900,4,2
2026-02-24,600519,13:45:37,1469.6400,7,2
2026-02-24,600519,13:45:40,1469.6500,4,2
2026-02-24,600519,13:45:43,1469.9900,1,1
2026-02-24,600519,13:45:46,1469.6500,2,2
2026-02-24,600519,13:45:49,1469.9900,1,1
2026-02-24,600519,13:45:52,1469.7400,1,2
2026-02-24,600519,13:45:55,1469.6500,2,2
2026-02-24,600519,13:45:58,1469.9900,3,1
2026-02-24,600519,13:46:02,1469.6600,2,2
2026-02-24,600519,13:46:04,1469.8000,1,1
2026-02-24,600519,13:46:07,1469.6700,2,2
2026-02-24,600519,13:46:10,1469.6600,7,2
2026-02-24,600519,13:46:13,1469.5699,9,2
2026-02-24,600519,13:46:16,1469.0000,8,2
2026-02-24,600519,13:46:19,1468.9900,4,2
2026-02-24,600519,13:46:22,1469.0000,1,2
2026-02-24,600519,13:46:25,1468.8900,5,2
2026-02-24,600519,13:46:28,1468.8900,4,2
2026-02-24,600519,13:46:31,1468.8900,4,2
2026-02-24,600519,13:46:34,1468.7200,3,2
2026-02-24,600519,13:46:37,1468.7100,2,2
2026-02-24,600519,13:46:40,1468.8900,2,1
2026-02-24,600519,13:46:43,1468.7200,1,2
2026-02-24,600519,13:46:46,1468.7000,4,2
2026-02-24,600519,13:46:52,1468.7100,8,2
2026-02-24,600519,13:47:02,1468.7200,5,2
2026-02-24,600519,13:47:05,1468.7800,1,1
2026-02-24,600519,13:47:08,1468.7200,3,2
2026-02-24,600519,13:47:11,1468.7700,3,2
2026-02-24,600519,13:47:13,1468.7100,4,2
2026-02-24,600519,13:47:16,1468.7200,3,1
2026-02-24,600519,13:47:19,1468.7000,1,2
2026-02-24,600519,13:47:23,1468.6100,6,2
2026-02-24,600519,13:47:25,1468.7400,1,1
2026-02-24,600519,13:47:28,1468.7400,3,1
2026-02-24,600519,13:47:31,1468.7400,3,1
2026-02-24,600519,13:47:37,1468.7300,2,1
2026-02-24,600519,13:47:44,1468.6200,7,2
2026-02-24,600519,13:47:49,1468.6200,1,2
2026-02-24,600519,13:47:55,1468.6100,2,2
2026-02-24,600519,13:47:59,1468.6500,3,1
2026-02-24,600519,13:48:01,1468.6200,1,2
2026-02-24,600519,13:48:05,1468.6200,6,2
2026-02-24,600519,13:48:07,1468.6200,1,2
2026-02-24,600519,13:48:10,1468.6300,3,1
2026-02-24,600519,13:48:13,1468.6400,4,1
2026-02-24,600519,13:48:20,1468.7700,10,1
2026-02-24,600519,13:48:23,1468.7700,6,1
2026-02-24,600519,13:48:25,1468.7500,2,1
2026-02-24,600519,13:48:28,1468.7000,6,2
2026-02-24,600519,13:48:32,1468.7300,1,1
2026-02-24,600519,13:48:37,1468.7300,5,1
2026-02-24,600519,13:48:40,1468.7400,2,1
2026-02-24,600519,13:48:43,1468.7000,3,2
2026-02-24,600519,13:48:46,1468.6899,3,2
2026-02-24,600519,13:48:49,1468.6899,2,2
2026-02-24,600519,13:48:52,1468.6899,2,1
2026-02-24,600519,13:48:56,1468.7100,4,1
2026-02-24,600519,13:49:01,1468.6801,2,2
2026-02-24,600519,13:49:04,1468.6600,5,1
2026-02-24,600519,13:49:10,1468.6300,2,2
2026-02-24,600519,13:49:13,1468.6200,4,2
2026-02-24,600519,13:49:17,1468.5601,5,2
2026-02-24,600519,13:49:20,1468.5200,8,2
2026-02-24,600519,13:49:22,1468.4100,12,2
2026-02-24,600519,13:49:25,1468.3000,8,2
2026-02-24,600519,13:49:29,1468.3900,3,1
2026-02-24,600519,13:49:31,1468.2500,1,2
2026-02-24,600519,13:49:35,1468.2300,4,2
2026-02-24,600519,13:49:37,1468.2500,5,1
2026-02-24,600519,13:49:43,1468.2600,6,1
2026-02-24,600519,13:49:49,1468.2100,4,2
2026-02-24,600519,13:49:53,1468.1899,5,2
2026-02-24,600519,13:49:56,1468.2100,3,1
2026-02-24,600519,13:49:59,1468.2000,1,2
2026-02-24,600519,13:50:02,1468.1801,3,2
2026-02-24,600519,13:50:05,1468.1801,6,2
2026-02-24,600519,13:50:07,1468.1801,2,2
2026-02-24,600519,13:50:10,1468.2000,8,1
2026-02-24,600519,13:50:14,1468.1801,2,2
2026-02-24,600519,13:50:19,1468.1899,3,1
2026-02-24,600519,13:50:22,1468.1899,5,1
2026-02-24,600519,13:50:25,1468.8000,38,1
2026-02-24,600519,13:50:28,1468.8000,1,2
2026-02-24,600519,13:50:32,1468.7100,1,2
2026-02-24,600519,13:50:37,1469.4200,2,1
2026-02-24,600519,13:50:40,1469.4200,1,1
2026-02-24,600519,13:50:43,1468.7000,1,2
2026-02-24,600519,13:50:47,1468.6600,2,2
2026-02-24,600519,13:50:49,1469.4301,1,1
2026-02-24,600519,13:50:52,1469.0200,1,2
2026-02-24,600519,13:50:55,1468.9000,2,2
2026-02-24,600519,13:51:02,1469.0400,1,2
2026-02-24,600519,13:51:05,1468.9000,2,2
2026-02-24,600519,13:51:07,1468.8000,2,2
2026-02-24,600519,13:51:10,1468.8000,1,2
2026-02-24,600519,13:51:13,1468.7300,1,2
2026-02-24,600519,13:51:17,1468.7300,1,2
2026-02-24,600519,13:51:19,1468.7900,2,1
2026-02-24,600519,13:51:23,1468.7200,6,2
2026-02-24,600519,13:51:25,1468.7000,1,2
2026-02-24,600519,13:51:29,1468.7000,1,2
2026-02-24,600519,13:51:35,1468.6100,6,2
2026-02-24,600519,13:51:44,1468.6600,4,1
2026-02-24,600519,13:51:46,1468.6000,2,1
2026-02-24,600519,13:51:50,1468.6000,4,1
2026-02-24,600519,13:51:52,1468.6000,4,1
2026-02-24,600519,13:51:55,1468.7100,11,1
2026-02-24,600519,13:51:58,1468.7900,2,1
2026-02-24,600519,13:52:02,1468.6801,4,2
2026-02-24,600519,13:52:04,1468.6700,1,2
2026-02-24,600519,13:52:11,1468.6600,1,2
2026-02-24,600519,13:52:19,1468.6100,4,2
2026-02-24,600519,13:52:22,1468.6000,2,1
2026-02-24,600519,13:52:26,1468.6100,1,1
2026-02-24,600519,13:52:31,1468.5699,3,2
2026-02-24,600519,13:52:35,1468.5800,1,1
2026-02-24,600519,13:52:40,1468.5100,4,2
2026-02-24,600519,13:52:43,1468.4100,3,2
2026-02-24,600519,13:52:46,1468.4399,2,2
2026-02-24,600519,13:52:49,1468.4399,1,2
2026-02-24,600519,13:52:52,1468.6300,15,1
2026-02-24,600519,13:52:55,1468.4399,6,2
2026-02-24,600519,13:52:59,1468.6300,2,1
2026-02-24,600519,13:53:02,1468.6300,2,1
2026-02-24,600519,13:53:04,1468.6600,7,1
2026-02-24,600519,13:53:07,1468.6600,8,1
2026-02-24,600519,13:53:13,1468.7100,7,1
2026-02-24,600519,13:53:16,1468.7100,3,1
2026-02-24,600519,13:53:19,1468.7100,2,1
2026-02-24,600519,13:53:22,1468.7100,1,4
2026-02-24,600519,13:53:29,1468.7100,3,2
2026-02-24,600519,13:53:31,1468.6700,8,2
2026-02-24,600519,13:53:35,1468.7200,6,1
2026-02-24,600519,13:53:37,1468.6600,4,2
2026-02-24,600519,13:53:40,1468.7200,1,1
2026-02-24,600519,13:53:43,1468.6801,1,1
2026-02-24,600519,13:53:46,1468.6899,5,1
2026-02-24,600519,13:53:50,1468.6700,3,2
2026-02-24,600519,13:53:52,1468.6600,1,2
2026-02-24,600519,13:53:55,1468.6600,2,2
2026-02-24,600519,13:53:58,1468.6500,4,2
2026-02-24,600519,13:54:01,1468.6899,2,1
2026-02-24,600519,13:54:05,1468.6300,3,2
2026-02-24,600519,13:54:08,1468.6300,1,1
2026-02-24,600519,13:54:10,1468.6300,3,1
2026-02-24,600519,13:54:13,1468.6300,5,1
2026-02-24,600519,13:54:16,1468.6300,4,1
2026-02-24,600519,13:54:19,1468.6300,1,2
2026-02-24,600519,13:54:22,1468.7000,1,1
2026-02-24,600519,13:54:25,1468.7000,1,1
2026-02-24,600519,13:54:31,1468.7000,7,1
2026-02-24,600519,13:54:34,1468.7000,1,1
2026-02-24,600519,13:54:37,1468.7000,5,1
2026-02-24,600519,13:54:40,1468.7000,3,1
2026-02-24,600519,13:54:43,1468.7000,2,1
2026-02-24,600519,13:54:49,1468.6801,2,2
2026-02-24,600519,13:54:53,1468.7100,1,1
2026-02-24,600519,13:54:56,1468.7200,1,1
2026-02-24,600519,13:54:59,1468.6600,4,2
2026-02-24,600519,13:55:02,1468.6700,3,1
2026-02-24,600519,13:55:05,1468.6700,2,1
2026-02-24,600519,13:55:08,1468.6700,7,1
2026-02-24,600519,13:55:13,1468.6801,1,1
2026-02-24,600519,13:55:17,1468.6600,4,2
2026-02-24,600519,13:55:20,1468.7300,3,1
2026-02-24,600519,13:55:23,1468.6700,4,2
2026-02-24,600519,13:55:26,1468.7000,9,2
2026-02-24,600519,13:55:28,1468.7200,9,2
2026-02-24,600519,13:55:32,1468.7100,2,2
2026-02-24,600519,13:55:35,1468.7800,4,2
2026-02-24,600519,13:55:38,1468.7800,2,2
2026-02-24,600519,13:55:41,1468.7200,2,2
2026-02-24,600519,13:55:43,1468.7700,3,1
2026-02-24,600519,13:55:46,1468.7200,1,2
2026-02-24,600519,13:55:52,1468.7100,1,2
2026-02-24,600519,13:56:01,1468.7800,1,2
2026-02-24,600519,13:56:04,1468.8700,6,1
2026-02-24,600519,13:56:08,1468.7300,4,2
2026-02-24,600519,13:56:13,1469.6600,11,1
2026-02-24,600519,13:56:17,1469.6600,9,2
2026-02-24,600519,13:56:20,1469.6600,1,2
2026-02-24,600519,13:56:22,1469.6600,2,2
2026-02-24,600519,13:56:40,1469.8199,5,1
2026-02-24,600519,13:56:44,1469.8000,3,2
2026-02-24,600519,13:56:46,1469.8101,1,2
2026-02-24,600519,13:56:49,1469.8000,1,2
2026-02-24,600519,13:56:52,1469.9500,3,1
2026-02-24,600519,13:56:56,1469.8000,1,2
2026-02-24,600519,13:56:59,1469.9399,1,1
2026-02-24,600519,13:57:01,1469.8700,3,2
2026-02-24,600519,13:57:04,1469.8700,1,1
2026-02-24,600519,13:57:08,1469.7900,7,2
2026-02-24,600519,13:57:10,1469.8000,2,1
2026-02-24,600519,13:57:17,1469.7500,2,2
2026-02-24,600519,13:57:19,1470.0000,25,1
2026-02-24,600519,13:57:22,1470.5900,2,1
2026-02-24,600519,13:57:26,1470.4301,1,1
2026-02-24,600519,13:57:28,1470.5300,1,1
2026-02-24,600519,13:57:31,1470.4301,4,1
2026-02-24,600519,13:57:35,1470.1000,4,2
2026-02-24,600519,13:57:37,1470.1000,1,2
2026-02-24,600519,13:57:43,1469.6500,33,2
2026-02-24,600519,13:57:46,1469.0100,3,2
2026-02-24,600519,13:57:50,1469.0000,1,2
2026-02-24,600519,13:57:53,1468.7600,3,2
2026-02-24,600519,13:57:58,1468.7400,3,2
2026-02-24,600519,13:58:02,1468.7600,1,2
2026-02-24,600519,13:58:04,1468.9900,3,1
2026-02-24,600519,13:58:07,1468.9800,2,1
2026-02-24,600519,13:58:20,1468.7100,1,2
2026-02-24,600519,13:58:22,1468.9800,2,1
2026-02-24,600519,13:58:26,1468.9700,1,1
2026-02-24,600519,13:58:29,1468.9700,4,1
2026-02-24,600519,13:58:31,1468.8600,1,1
2026-02-24,600519,13:58:34,1468.7000,1,2
2026-02-24,600519,13:58:37,1468.9700,1,1
2026-02-24,600519,13:58:40,1468.7000,3,2
2026-02-24,600519,13:58:44,1468.9700,12,2
2026-02-24,600519,13:58:47,1468.8300,4,2
2026-02-24,600519,13:58:50,1468.7000,2,2
2026-02-24,600519,13:58:52,1468.6801,2,2
2026-02-24,600519,13:58:55,1468.6899,1,2
2026-02-24,600519,13:58:58,1468.9301,1,1
2026-02-24,600519,13:59:01,1468.6801,4,2
2026-02-24,600519,13:59:04,1468.6801,5,2
2026-02-24,600519,13:59:10,1468.6801,8,2
2026-02-24,600519,13:59:13,1468.7500,2,1
2026-02-24,600519,13:59:17,1468.7400,10,4
2026-02-24,600519,13:59:20,1468.7400,2,1
2026-02-24,600519,13:59:25,1468.6600,2,2
2026-02-24,600519,13:59:28,1468.6801,2,1
2026-02-24,600519,13:59:31,1468.6300,2,2
2026-02-24,600519,13:59:34,1468.6500,7,1
2026-02-24,600519,13:59:38,1468.6200,3,2
2026-02-24,600519,13:59:40,1468.6000,7,2
2026-02-24,600519,13:59:43,1468.6000,5,2
2026-02-24,600519,13:59:46,1468.1801,17,2
2026-02-24,600519,13:59:50,1468.1801,2,2
2026-02-24,600519,13:59:52,1468.1801,4,2
2026-02-24,600519,13:59:56,1468.1801,3,2
2026-02-24,600519,13:59:58,1468.1801,6,2
2026-02-24,600519,14:00:01,1468.1500,5,2
2026-02-24,600519,14:00:05,1468.1000,6,2
2026-02-24,600519,14:00:07,1468.1100,2,1
2026-02-24,600519,14:00:10,1468.1100,1,1
2026-02-24,600519,14:00:13,1468.1000,5,2
2026-02-24,600519,14:00:16,1468.1000,2,2
2026-02-24,600519,14:00:19,1468.1000,2,2
2026-02-24,600519,14:00:22,1468.1000,4,2
2026-02-24,600519,14:00:26,1468.0800,2,2
2026-02-24,600519,14:00:28,1468.0601,5,2
2026-02-24,600519,14:00:32,1468.0900,6,1
2026-02-24,600519,14:00:35,1468.0100,9,2
2026-02-24,600519,14:00:38,1468.0900,5,1
2026-02-24,600519,14:00:40,1468.0000,17,2
2026-02-24,600519,14:00:43,1468.0000,3,2
2026-02-24,600519,14:00:46,1468.0900,6,1
2026-02-24,600519,14:00:49,1468.0900,4,1
2026-02-24,600519,14:00:52,1468.0800,5,1
2026-02-24,600519,14:00:56,1468.0000,4,2
2026-02-24,600519,14:00:58,1468.1100,1,1
2026-02-24,600519,14:01:01,1468.1100,3,1
2026-02-24,600519,14:01:07,1468.0100,2,2
2026-02-24,600519,14:01:11,1468.1100,2,1
2026-02-24,600519,14:01:13,1468.0000,2,2
2026-02-24,600519,14:01:16,1468.0000,7,2
2026-02-24,600519,14:01:20,1468.0100,2,1
2026-02-24,600519,14:01:22,1468.0000,4,2
2026-02-24,600519,14:01:26,1468.0100,3,1
2026-02-24,600519,14:01:28,1468.0000,5,2
2026-02-24,600519,14:01:31,1468.0000,3,2
2026-02-24,600519,14:01:34,1468.0100,1,1
2026-02-24,600519,14:01:37,1468.0000,3,2
2026-02-24,600519,14:01:40,1468.0100,8,1
2026-02-24,600519,14:01:43,1468.0100,9,2
2026-02-24,600519,14:01:46,1467.9200,103,2
2026-02-24,600519,14:01:49,1467.9000,9,2
2026-02-24,600519,14:01:52,1467.8800,4,2
2026-02-24,600519,14:01:55,1467.9000,1,2
2026-02-24,600519,14:01:58,1467.9000,7,1
2026-02-24,600519,14:02:01,1467.8800,6,2
2026-02-24,600519,14:02:04,1467.8000,1,2
2026-02-24,600519,14:02:08,1467.8000,2,2
2026-02-24,600519,14:02:14,1467.8000,3,2
2026-02-24,600519,14:02:16,1467.8800,5,1
2026-02-24,600519,14:02:19,1467.8800,2,2
2026-02-24,600519,14:02:22,1467.7900,3,2
2026-02-24,600519,14:02:25,1467.8800,3,1
2026-02-24,600519,14:02:29,1467.9000,6,1
2026-02-24,600519,14:02:31,1467.8800,2,2
2026-02-24,600519,14:02:35,1467.8800,4,2
2026-02-24,600519,14:02:37,1467.8800,2,1
2026-02-24,600519,14:02:40,1467.8800,9,2
2026-02-24,600519,14:02:43,1467.8800,1,2
2026-02-24,600519,14:02:46,1467.8800,2,2
2026-02-24,600519,14:02:49,1467.8800,6,2
2026-02-24,600519,14:02:52,1467.8800,3,2
2026-02-24,600519,14:02:55,1467.9000,3,1
2026-02-24,600519,14:02:58,1467.8800,3,2
2026-02-24,600519,14:03:02,1467.8700,8,2
2026-02-24,600519,14:03:05,1467.8000,4,2
2026-02-24,600519,14:03:07,1467.8000,4,2
2026-02-24,600519,14:03:10,1467.8500,2,1
2026-02-24,600519,14:03:13,1467.8101,5,2
2026-02-24,600519,14:03:16,1467.7700,3,2
2026-02-24,600519,14:03:19,1467.7000,3,2
2026-02-24,600519,14:03:22,1467.7000,3,2
2026-02-24,600519,14:03:25,1467.6899,5,2
2026-02-24,600519,14:03:28,1467.6801,4,2
2026-02-24,600519,14:03:31,1467.6801,4,2
2026-02-24,600519,14:03:35,1467.6899,12,4
2026-02-24,600519,14:03:37,1467.6801,3,2
2026-02-24,600519,14:03:41,1467.6801,3,2
2026-02-24,600519,10:40:11,1477.8500,8,1
2026-02-24,600519,10:40:14,1477.1000,2,2
2026-02-24,600519,10:40:16,1477.0500,3,2
2026-02-24,600519,10:40:20,1477.0500,2,2
2026-02-24,600519,10:40:28,1477.9399,3,1
2026-02-24,600519,10:40:31,1477.9500,6,1
2026-02-24,600519,10:40:34,1477.5300,4,1
2026-02-24,600519,10:40:37,1477.9399,2,1
2026-02-24,600519,10:40:40,1477.9399,4,1
2026-02-24,600519,10:40:43,1477.5300,1,2
2026-02-24,600519,10:40:46,1477.5300,1,2
2026-02-24,600519,10:40:50,1477.5300,2,2
2026-02-24,600519,10:40:56,1477.5300,1,2
2026-02-24,600519,10:40:58,1477.5300,9,2
2026-02-24,600519,10:41:01,1477.5300,4,2
2026-02-24,600519,10:41:04,1477.5300,3,2
2026-02-24,600519,10:41:08,1477.4301,4,2
2026-02-24,600519,10:41:10,1477.5100,8,1
2026-02-24,600519,10:41:14,1477.4301,1,2
2026-02-24,600519,10:41:16,1477.5300,7,1
2026-02-24,600519,10:41:19,1477.6400,4,1
2026-02-24,600519,10:41:22,1477.7900,2,1
2026-02-24,600519,10:41:25,1477.4301,3,2
2026-02-24,600519,10:41:28,1477.7900,5,1
2026-02-24,600519,10:41:31,1477.4301,1,2
2026-02-24,600519,10:41:35,1477.5200,2,2
2026-02-24,600519,10:41:37,1477.5900,6,1
2026-02-24,600519,10:41:43,1477.8000,7,1
2026-02-24,600519,10:41:46,1477.6100,4,2
2026-02-24,600519,10:41:50,1477.9000,2,1
2026-02-24,600519,10:41:52,1477.9000,2,1
2026-02-24,600519,10:41:56,1477.9000,3,1
2026-02-24,600519,10:41:59,1477.9000,4,1
2026-02-24,600519,10:42:01,1477.6000,2,2
2026-02-24,600519,10:42:04,1477.6000,3,2
2026-02-24,600519,10:42:07,1477.5900,7,2
2026-02-24,600519,10:42:10,1477.7000,4,1
2026-02-24,600519,10:42:16,1477.5000,4,2
2026-02-24,600519,10:42:19,1477.3000,6,2
2026-02-24,600519,10:42:22,1477.4800,1,1
2026-02-24,600519,10:42:25,1477.0601,2,2
2026-02-24,600519,10:42:31,1477.0200,8,2
2026-02-24,600519,10:42:34,1477.0000,80,2
2026-02-24,600519,10:42:37,1476.9900,2,1
2026-02-24,600519,10:42:40,1476.9800,12,1
2026-02-24,600519,10:42:44,1477.0000,7,1
2026-02-24,600519,10:42:46,1476.0699,1,2
2026-02-24,600519,10:42:49,1477.0000,1,1
2026-02-24,600519,10:42:52,1476.3400,3,2
2026-02-24,600519,10:42:55,1476.0601,5,2
2026-02-24,600519,10:42:58,1476.0699,4,2
2026-02-24,600519,10:43:01,1476.0601,1,2
2026-02-24,600519,10:43:05,1476.3600,5,1
2026-02-24,600519,10:43:07,1476.0800,1,2
2026-02-24,600519,10:43:13,1476.0900,19,2
2026-02-24,600519,10:43:17,1476.0900,5,2
2026-02-24,600519,10:43:19,1476.1000,6,2
2026-02-24,600519,10:43:25,1477.0000,6,1
2026-02-24,600519,10:43:28,1476.1300,6,2
2026-02-24,600519,10:43:31,1476.9900,3,2
2026-02-24,600519,10:43:35,1476.9900,2,4
2026-02-24,600519,10:43:37,1477.1600,8,1
2026-02-24,600519,10:43:40,1477.5000,6,1
2026-02-24,600519,10:43:43,1477.5000,1,1
2026-02-24,600519,10:43:56,1477.2600,2,1
2026-02-24,600519,10:43:59,1477.0100,4,2
2026-02-24,600519,10:44:02,1477.0100,7,2
2026-02-24,600519,10:44:04,1477.0100,3,1
2026-02-24,600519,10:44:08,1477.0100,3,1
2026-02-24,600519,10:44:11,1476.9500,9,2
2026-02-24,600519,10:44:14,1476.8800,3,2
2026-02-24,600519,10:44:16,1476.0800,5,2
2026-02-24,600519,10:44:20,1476.8199,2,1
2026-02-24,600519,10:44:22,1476.0200,1,2
2026-02-24,600519,10:44:25,1476.0100,2,2
2026-02-24,600519,10:44:28,1476.0400,3,1
2026-02-24,600519,10:44:31,1476.0200,3,2
2026-02-24,600519,10:44:34,1476.0100,6,1
2026-02-24,600519,10:44:38,1476.0100,2,1
2026-02-24,600519,10:44:41,1476.0000,7,2
2026-02-24,600519,10:44:43,1476.0100,3,1
2026-02-24,600519,10:44:47,1476.0100,1,1
2026-02-24,600519,10:44:49,1475.9900,1,2
2026-02-24,600519,10:44:52,1475.9800,1,2
2026-02-24,600519,10:44:55,1475.9000,2,2
2026-02-24,600519,10:44:58,1475.9000,2,1
2026-02-24,600519,10:45:01,1475.6000,8,2
2026-02-24,600519,10:45:04,1475.6200,8,1
2026-02-24,600519,10:45:07,1475.5900,3,2
2026-02-24,600519,10:45:10,1475.6000,3,2
2026-02-24,600519,10:45:13,1475.5900,4,2
2026-02-24,600519,10:45:16,1475.5699,2,2
2026-02-24,600519,10:45:19,1475.5699,4,1
2026-02-24,600519,10:45:22,1475.2000,3,2
2026-02-24,600519,10:45:25,1475.5300,3,1
2026-02-24,600519,10:45:31,1475.1000,3,2
2026-02-24,600519,10:45:34,1475.1000,4,2
2026-02-24,600519,10:45:38,1475.0200,2,2
2026-02-24,600519,10:45:40,1475.1000,6,1
2026-02-24,600519,10:45:43,1475.1000,1,1
2026-02-24,600519,10:45:46,1475.1000,2,1
2026-02-24,600519,10:45:49,1475.0200,5,2
2026-02-24,600519,10:45:52,1475.0100,2,2
2026-02-24,600519,10:45:55,1475.1000,12,1
2026-02-24,600519,10:45:59,1475.1899,14,1
2026-02-24,600519,10:46:02,1476.0400,60,1
2026-02-24,600519,10:46:04,1477.0000,13,1
2026-02-24,600519,10:46:07,1477.7100,5,1
2026-02-24,600519,10:46:10,1477.8900,2,1
2026-02-24,600519,10:46:13,1477.9000,3,1
2026-02-24,600519,10:46:17,1477.9000,1,1
2026-02-24,600519,10:46:19,1476.9000,8,2
2026-02-24,600519,10:46:22,1477.0100,1,1
2026-02-24,600519,10:46:25,1476.2400,1,2
2026-02-24,600519,10:46:29,1477.0200,7,1
2026-02-24,600519,10:46:31,1477.1100,1,1
2026-02-24,600519,10:46:34,1476.2300,1,2
2026-02-24,600519,10:46:37,1476.3300,1,1
2026-02-24,600519,10:46:43,1476.0500,7,2
2026-02-24,600519,10:46:47,1476.1400,2,1
2026-02-24,600519,10:46:50,1476.2400,2,1
2026-02-24,600519,10:46:53,1476.2200,1,1
2026-02-24,600519,10:46:58,1476.3199,9,1
2026-02-24,600519,10:47:01,1476.0400,2,2
2026-02-24,600519,10:47:04,1476.0100,1,2
2026-02-24,600519,10:47:07,1476.1400,3,1
2026-02-24,600519,10:47:10,1477.0000,11,1
2026-02-24,600519,10:47:14,1477.0200,3,1
2026-02-24,600519,10:47:16,1477.0000,2,2
2026-02-24,600519,10:47:19,1477.0000,2,2
2026-02-24,600519,10:47:22,1477.0900,3,1
2026-02-24,600519,10:47:25,1476.1700,3,2
2026-02-24,600519,10:47:37,1476.1801,2,2
2026-02-24,600519,10:47:43,1476.1801,1,2
2026-02-24,600519,10:47:46,1476.6500,5,1
2026-02-24,600519,10:47:49,1476.1700,1,2
2026-02-24,600519,10:47:55,1476.1801,12,1
2026-02-24,600519,10:48:01,1476.1801,2,2
2026-02-24,600519,10:48:04,1476.2700,2,1
2026-02-24,600519,10:48:07,1476.0800,3,2
2026-02-24,600519,10:48:10,1476.0000,9,2
2026-02-24,600519,10:48:14,1476.0100,70,1
2026-02-24,600519,10:48:16,1476.0000,5,1
2026-02-24,600519,10:48:19,1476.0000,8,1
2026-02-24,600519,10:48:22,1476.0000,2,1
2026-02-24,600519,10:48:26,1475.9900,2,1
2026-02-24,600519,10:48:28,1476.0000,1,1
2026-02-24,600519,10:48:31,1475.8600,4,1
2026-02-24,600519,10:48:34,1475.9600,4,1
2026-02-24,600519,10:48:40,1475.6300,2,2
2026-02-24,600519,10:48:44,1475.6200,1,2
2026-02-24,600519,10:48:47,1476.0500,1,1
2026-02-24,600519,10:48:56,1476.0500,4,1
2026-02-24,600519,10:48:59,1475.6500,4,2
2026-02-24,600519,10:49:01,1475.6200,6,2
2026-02-24,600519,10:49:04,1475.6300,3,1
2026-02-24,600519,10:49:10,1475.6300,4,1
2026-02-24,600519,10:49:13,1475.6600,41,1
2026-02-24,600519,10:49:17,1475.6600,11,1
2026-02-24,600519,10:49:19,1475.6600,4,1
2026-02-24,600519,10:49:22,1475.6600,1,1
2026-02-24,600519,10:49:25,1475.6300,2,2
2026-02-24,600519,10:49:28,1475.5300,1,2
2026-02-24,600519,10:49:31,1475.2200,3,2
2026-02-24,600519,10:49:34,1475.6300,22,1
2026-02-24,600519,10:49:38,1475.0000,8,2
2026-02-24,600519,10:49:41,1475.3101,4,1
2026-02-24,600519,10:49:44,1475.3101,2,1
2026-02-24,600519,10:49:46,1475.3101,1,1
2026-02-24,600519,10:49:49,1475.0100,1,2
2026-02-24,600519,10:49:52,1475.0000,2,2
2026-02-24,600519,10:49:56,1475.0100,3,1
2026-02-24,600519,10:49:58,1475.0100,4,1
2026-02-24,600519,10:50:02,1475.0100,9,1
2026-02-24,600519,10:50:05,1475.0100,4,1
2026-02-24,600519,10:50:10,1474.9800,3,2
2026-02-24,600519,10:50:14,1474.9900,7,1
2026-02-24,600519,10:50:16,1474.9700,3,1
2026-02-24,600519,10:50:19,1474.9900,1,1
2026-02-24,600519,10:50:22,1474.1100,1,2
2026-02-24,600519,10:50:28,1474.9800,2,1
2026-02-24,600519,10:50:31,1474.7400,5,1
2026-02-24,600519,10:50:37,1474.9800,2,1
2026-02-24,600519,10:50:41,1475.0000,30,1
2026-02-24,600519,10:50:44,1474.2200,5,2
2026-02-24,600519,10:50:46,1474.2400,2,2
2026-02-24,600519,10:50:49,1475.0000,1,1
2026-02-24,600519,10:50:52,1474.9000,3,1
2026-02-24,600519,10:50:55,1474.9600,3,2
2026-02-24,600519,10:50:58,1474.9600,2,2
2026-02-24,600519,10:51:01,1474.9800,2,1
2026-02-24,600519,10:51:04,1474.9700,2,1
2026-02-24,600519,10:51:07,1474.3000,5,2
2026-02-24,600519,10:51:11,1474.4000,6,1
2026-02-24,600519,10:51:13,1474.9600,5,1
2026-02-24,600519,10:51:19,1476.0000,11,1
2026-02-24,600519,10:51:28,1475.9900,2,1
2026-02-24,600519,10:51:34,1475.9600,3,1
2026-02-24,600519,10:51:47,1475.4800,2,1
2026-02-24,600519,10:51:50,1475.0100,1,2
2026-02-24,600519,10:51:52,1475.4500,5,1
2026-02-24,600519,10:51:56,1475.0000,2,2
2026-02-24,600519,10:51:58,1474.9600,4,2
2026-02-24,600519,10:52:01,1474.9100,2,2
2026-02-24,600519,10:52:05,1474.9700,20,1
2026-02-24,600519,10:52:07,1474.9500,4,2
2026-02-24,600519,10:52:10,1474.9500,1,2
2026-02-24,600519,10:52:16,1474.9700,2,1
2026-02-24,600519,10:52:19,1474.9399,4,2
2026-02-24,600519,10:52:22,1474.9600,1,1
2026-02-24,600519,10:52:26,1474.9500,4,4
2026-02-24,600519,10:52:29,1474.8800,2,2
2026-02-24,600519,10:52:31,1474.9399,6,1
2026-02-24,600519,10:52:35,1474.8500,2,2
2026-02-24,600519,10:52:43,1474.8600,3,2
2026-02-24,600519,10:52:46,1474.8700,3,1
2026-02-24,600519,10:52:50,1474.7200,4,2
2026-02-24,600519,10:52:52,1474.3000,2,2
2026-02-24,600519,10:52:55,1474.2200,1,2
2026-02-24,600519,10:52:59,1474.0000,4,2
2026-02-24,600519,10:53:01,1473.9700,15,2
2026-02-24,600519,10:53:04,1473.9700,7,1
2026-02-24,600519,10:53:10,1474.0100,11,1
2026-02-24,600519,10:53:14,1474.0200,14,1
2026-02-24,600519,10:53:16,1474.1100,5,1
2026-02-24,600519,10:53:19,1474.1500,10,1
2026-02-24,600519,10:53:25,1474.9900,2,1
2026-02-24,600519,10:53:29,1474.9900,1,1
2026-02-24,600519,10:53:31,1474.0500,2,2
2026-02-24,600519,10:53:34,1474.0500,1,2
2026-02-24,600519,10:53:37,1474.9500,1,1
2026-02-24,600519,10:53:43,1474.0500,1,2
2026-02-24,600519,10:53:46,1474.9200,4,1
2026-02-24,600519,10:53:49,1474.0500,3,2
2026-02-24,600519,10:53:52,1474.8800,4,1
2026-02-24,600519,10:53:58,1474.8700,5,1
2026-02-24,600519,10:54:01,1474.0100,11,2
2026-02-24,600519,10:54:04,1474.0100,10,1
2026-02-24,600519,10:54:08,1474.0200,3,1
2026-02-24,600519,10:54:10,1474.1000,8,1
2026-02-24,600519,10:54:14,1474.1100,6,1
2026-02-24,600519,10:54:16,1474.1400,1,2
2026-02-24,600519,10:54:19,1474.1600,1,2
2026-02-24,600519,10:54:22,1474.1500,1,2
2026-02-24,600519,10:54:37,1474.6700,2,1
2026-02-24,600519,10:54:40,1474.8500,6,1
2026-02-24,600519,10:54:44,1474.8500,8,1
2026-02-24,600519,10:54:49,1474.1300,1,2
2026-02-24,600519,10:54:52,1474.8500,4,1
2026-02-24,600519,10:54:56,1474.5800,4,1
2026-02-24,600519,10:54:58,1474.1200,8,2
2026-02-24,600519,10:55:01,1474.0200,6,2
2026-02-24,600519,10:55:04,1474.0100,1,2
2026-02-24,600519,10:55:07,1473.9100,36,2
2026-02-24,600519,10:55:10,1473.9200,8,1
2026-02-24,600519,10:55:16,1474.0000,11,1
2026-02-24,600519,10:55:19,1474.0000,4,2
2026-02-24,600519,10:55:22,1474.0500,6,1
2026-02-24,600519,10:55:26,1474.0000,2,2
2026-02-24,600519,10:55:28,1474.0300,3,1
2026-02-24,600519,10:55:31,1473.9900,1,1
2026-02-24,600519,10:55:34,1473.8800,2,1
2026-02-24,600519,10:55:37,1473.6200,1,2
2026-02-24,600519,10:55:43,1473.5500,10,2
2026-02-24,600519,10:55:46,1473.3800,10,2
2026-02-24,600519,10:55:50,1473.3700,12,1
2026-02-24,600519,10:55:52,1473.5000,1,2
2026-02-24,600519,10:55:55,1473.3800,15,1
2026-02-24,600519,10:55:58,1473.6600,13,1
2026-02-24,600519,10:56:02,1473.5200,10,2
2026-02-24,600519,10:56:05,1473.5200,4,2
2026-02-24,600519,10:56:08,1473.5200,2,2
2026-02-24,600519,10:56:10,1473.6600,11,1
2026-02-24,600519,10:56:13,1473.3101,6,2
2026-02-24,600519,10:56:17,1473.3101,10,1
2026-02-24,600519,10:56:19,1473.0699,3,2
2026-02-24,600519,10:56:22,1473.0300,5,2
2026-02-24,600519,10:56:26,1473.1000,1,2
2026-02-24,600519,10:56:28,1473.2700,1,1
2026-02-24,600519,10:56:31,1473.1000,19,2
2026-02-24,600519,10:56:35,1473.1000,3,1
2026-02-24,600519,10:56:37,1472.4600,12,2
2026-02-24,600519,10:56:41,1472.0000,15,2
2026-02-24,600519,10:56:44,1472.0200,3,2
2026-02-24,600519,10:56:46,1472.0300,7,2
2026-02-24,600519,10:56:50,1472.0000,12,2
2026-02-24,600519,10:56:52,1472.0900,6,2
2026-02-24,600519,10:56:55,1472.1200,2,2
2026-02-24,600519,10:56:58,1471.9900,25,2
2026-02-24,600519,10:57:01,1472.0500,4,1
2026-02-24,600519,10:57:04,1472.0601,15,1
2026-02-24,600519,10:57:07,1472.0601,5,2
2026-02-24,600519,10:57:10,1472.0800,1,2
2026-02-24,600519,10:57:13,1472.9399,5,1
2026-02-24,600519,10:57:16,1472.0601,2,2
2026-02-24,600519,10:57:19,1472.0601,21,2
2026-02-24,600519,10:57:22,1472.9399,4,1
2026-02-24,600519,10:57:25,1472.9500,2,1
2026-02-24,600519,10:57:28,1472.9500,3,1
2026-02-24,600519,10:57:31,1472.3800,2,2
2026-02-24,600519,10:57:35,1472.9399,1,1
2026-02-24,600519,10:57:37,1472.9500,1,1
2026-02-24,600519,10:57:40,1472.2000,2,2
2026-02-24,600519,10:57:43,1472.2000,2,2
2026-02-24,600519,10:57:46,1472.1000,7,2
2026-02-24,600519,10:57:49,1472.1000,5,2
2026-02-24,600519,10:57:52,1472.2000,17,1
2026-02-24,600519,10:57:55,1472.1000,1,2
2026-02-24,600519,10:57:58,1472.9000,5,1
2026-02-24,600519,10:58:01,1472.9000,6,1
2026-02-24,600519,10:58:05,1472.0699,2,2
2026-02-24,600519,10:58:08,1472.0601,3,2
2026-02-24,600519,10:58:10,1472.9000,2,1
2026-02-24,600519,10:58:14,1472.9000,3,1
2026-02-24,600519,10:58:17,1472.9500,7,1
2026-02-24,600519,10:58:20,1472.9500,3,1
2026-02-24,600519,10:58:22,1473.0800,39,1
2026-02-24,600519,10:58:25,1473.0800,5,2
2026-02-24,600519,10:58:31,1474.3400,3,1
2026-02-24,600519,10:58:34,1473.0800,3,2
2026-02-24,600519,10:58:38,1473.0800,2,2
2026-02-24,600519,10:58:41,1473.0800,5,2
2026-02-24,600519,10:58:44,1474.0000,5,1
2026-02-24,600519,10:58:46,1473.0800,3,2
2026-02-24,600519,10:58:49,1473.0900,4,2
2026-02-24,600519,10:58:53,1473.1000,3,2
2026-02-24,600519,10:58:55,1474.0000,4,1
2026-02-24,600519,10:58:58,1473.1100,3,2
2026-02-24,600519,10:59:01,1473.1100,1,2
2026-02-24,600519,10:59:04,1473.4600,1,1
2026-02-24,600519,10:59:07,1473.5200,3,2
2026-02-24,600519,10:59:10,1473.4600,2,2
2026-02-24,600519,10:59:14,1473.3600,2,2
2026-02-24,600519,10:59:17,1473.3600,3,1
2026-02-24,600519,10:59:19,1473.1100,2,2
2026-02-24,600519,10:59:23,1473.1100,3,2
2026-02-24,600519,10:59:25,1473.1100,3,2
2026-02-24,600519,10:59:28,1473.2400,4,1
2026-02-24,600519,10:59:31,1473.1100,5,1
2026-02-24,600519,10:59:35,1473.1000,15,2
2026-02-24,600519,10:59:37,1473.0800,2,2
2026-02-24,600519,10:59:41,1473.1100,3,1
2026-02-24,600519,10:59:49,1473.1100,4,2
2026-02-24,600519,10:59:53,1473.0800,14,2
2026-02-24,600519,10:59:56,1473.1400,3,1
2026-02-24,600519,10:59:59,1473.1400,1,1
2026-02-24,600519,11:00:01,1473.1000,1,2
2026-02-24,600519,11:00:04,1473.1400,4,1
2026-02-24,600519,11:00:07,1473.1801,3,1
2026-02-24,600519,11:00:11,1473.0900,5,2
2026-02-24,600519,11:00:13,1473.0800,3,2
2026-02-24,600519,11:00:17,1473.1400,1,1
2026-02-24,600519,11:00:19,1473.1400,3,1
2026-02-24,600519,11:00:22,1473.1400,5,1
2026-02-24,600519,11:00:25,1473.2900,11,1
2026-02-24,600519,11:00:28,1473.3199,4,1
2026-02-24,600519,11:00:31,1473.7400,3,1
2026-02-24,600519,11:00:35,1473.9600,1,1
2026-02-24,600519,11:00:40,1473.9600,1,1
2026-02-24,600519,11:00:44,1473.9700,4,1
2026-02-24,600519,11:00:46,1473.9700,6,1
2026-02-24,600519,11:00:50,1473.9700,2,1
2026-02-24,600519,11:00:55,1473.3400,1,2
2026-02-24,600519,11:00:58,1473.9399,12,1
2026-02-24,600519,11:01:01,1474.0000,29,1
2026-02-24,600519,11:01:04,1473.9399,3,1
2026-02-24,600519,11:01:07,1473.4800,1,2
2026-02-24,600519,11:01:10,1473.9399,3,1
2026-02-24,600519,11:01:13,1473.5000,3,2
2026-02-24,600519,11:01:16,1473.3700,1,2
2026-02-24,600519,11:01:19,1473.9301,3,1
2026-02-24,600519,11:01:23,1473.4700,2,2
2026-02-24,600519,11:01:25,1473.3700,3,2
2026-02-24,600519,11:01:28,1473.3700,2,2
2026-02-24,600519,11:01:34,1473.3700,3,2
2026-02-24,600519,11:01:37,1473.2800,6,2
2026-02-24,600519,11:01:40,1473.2900,1,2
2026-02-24,600519,11:01:43,1473.2900,1,2
2026-02-24,600519,11:01:49,1473.2900,3,2
2026-02-24,600519,11:01:55,1473.2900,3,1
2026-02-24,600519,11:01:59,1473.2900,1,1
2026-02-24,600519,11:02:01,1473.2300,3,2
2026-02-24,600519,11:02:05,1473.2300,10,2
2026-02-24,600519,11:02:08,1473.1000,2,2
2026-02-24,600519,11:02:11,1473.1000,2,2
2026-02-24,600519,11:02:13,1473.1100,1,2
2026-02-24,600519,11:02:16,1473.1000,2,2
2026-02-24,600519,11:02:19,1473.1100,3,2
2026-02-24,600519,11:02:22,1473.1000,2,2
2026-02-24,600519,11:02:25,1473.0000,11,2
2026-02-24,600519,11:02:28,1473.0000,2,2
2026-02-24,600519,11:02:32,1473.0000,2,2
2026-02-24,600519,11:02:34,1473.0000,4,2
2026-02-24,600519,11:02:37,1473.0100,3,1
2026-02-24,600519,11:02:41,1472.9500,2,2
2026-02-24,600519,11:02:46,1473.0000,3,1
2026-02-24,600519,11:02:49,1473.0000,8,2
2026-02-24,600519,11:02:53,1473.0100,2,4
2026-02-24,600519,11:02:55,1473.0100,3,2
2026-02-24,600519,11:02:59,1473.0000,3,2
2026-02-24,600519,11:03:02,1472.9500,2,2
2026-02-24,600519,11:03:04,1472.9500,1,2
2026-02-24,600519,11:03:10,1472.9800,1,1
2026-02-24,600519,11:03:14,1472.9800,3,1
2026-02-24,600519,11:03:16,1472.9500,4,2
2026-02-24,600519,11:03:20,1472.8900,6,2
2026-02-24,600519,11:03:22,1472.8900,7,1
2026-02-24,600519,11:03:25,1472.8800,4,2
2026-02-24,600519,11:03:29,1472.8500,2,2
2026-02-24,600519,11:03:31,1472.8500,14,2
2026-02-24,600519,11:03:35,1472.9399,49,1
2026-02-24,600519,11:03:37,1472.9100,2,2
2026-02-24,600519,11:03:40,1472.9500,10,1
2026-02-24,600519,11:03:44,1472.9500,9,1
2026-02-24,600519,11:03:46,1473.0800,30,1
2026-02-24,600519,11:03:50,1473.4000,5,1
2026-02-24,600519,11:03:52,1473.9900,3,1
2026-02-24,600519,11:03:55,1474.1700,15,1
2026-02-24,600519,11:03:59,1474.5900,8,2
2026-02-24,600519,11:04:07,1474.8600,1,1
2026-02-24,600519,11:04:10,1474.8900,4,1
2026-02-24,600519,11:04:14,1474.9000,1,2
2026-02-24,600519,11:04:19,1474.9301,2,1
2026-02-24,600519,11:04:22,1474.9800,2,1
2026-02-24,600519,11:04:26,1474.9500,1,4
2026-02-24,600519,11:04:31,1474.9500,2,2
2026-02-24,600519,11:04:34,1474.9600,2,1
2026-02-24,600519,11:04:37,1474.9301,8,2
2026-02-24,600519,11:04:40,1474.9600,2,2
