date,code,time,price,volume,bs
2026-04-08,601012,14:07:07,17.3300,93,1
2026-04-08,601012,14:07:10,17.3200,26,2
2026-04-08,601012,14:07:13,17.3200,80,2
2026-04-08,601012,14:07:16,17.3300,168,1
2026-04-08,601012,14:07:19,17.3300,46,1
2026-04-08,601012,14:07:22,17.3300,58,1
2026-04-08,601012,14:07:25,17.3200,24,2
2026-04-08,601012,14:07:28,17.3200,36,2
2026-04-08,601012,14:07:31,17.3200,141,2
2026-04-08,601012,14:07:34,17.3300,84,1
2026-04-08,601012,14:07:37,17.3200,51,2
2026-04-08,601012,14:07:40,17.3200,210,2
2026-04-08,601012,14:07:43,17.3300,26,1
2026-04-08,601012,14:07:46,17.3200,22,2
2026-04-08,601012,14:07:49,17.3200,45,2
2026-04-08,601012,14:07:52,17.3200,47,2
2026-04-08,601012,14:07:55,17.3200,34,2
2026-04-08,601012,14:07:58,17.3200,40,2
2026-04-08,601012,14:08:01,17.3200,46,2
2026-04-08,601012,14:08:04,17.3200,96,2
2026-04-08,601012,14:08:07,17.3300,97,1
2026-04-08,601012,14:08:10,17.3200,65,2
2026-04-08,601012,14:08:13,17.3300,58,1
2026-04-08,601012,14:08:16,17.3200,69,2
2026-04-08,601012,14:08:19,17.3300,11,1
2026-04-08,601012,14:08:22,17.3200,64,2
2026-04-08,601012,14:08:25,17.3200,138,2
2026-04-08,601012,14:08:28,17.3200,133,2
2026-04-08,601012,14:08:31,17.3200,40,2
2026-04-08,601012,14:08:34,17.3300,126,1
2026-04-08,601012,14:08:37,17.3200,87,2
2026-04-08,601012,14:08:40,17.3200,91,2
2026-04-08,601012,14:08:43,17.3200,232,2
2026-04-08,601012,14:08:46,17.3200,41,2
2026-04-08,601012,14:08:49,17.3200,362,2
2026-04-08,601012,14:08:52,17.3200,56,2
2026-04-08,601012,14:08:55,17.3200,85,2
2026-04-08,601012,14:08:58,17.3200,62,2
2026-04-08,601012,14:09:01,17.3300,171,1
2026-04-08,601012,14:09:04,17.3300,78,1
2026-04-08,601012,14:09:07,17.3300,29,1
2026-04-08,601012,14:09:10,17.3200,80,2
2026-04-08,601012,14:09:13,17.3200,55,2
2026-04-08,601012,14:09:16,17.3200,151,2
2026-04-08,601012,14:09:19,17.3200,15,2
2026-04-08,601012,14:09:22,17.3200,48,2
2026-04-08,601012,14:09:25,17.3200,139,2
2026-04-08,601012,14:09:28,17.3300,159,1
2026-04-08,601012,14:09:31,17.3200,161,2
2026-04-08,601012,14:09:34,17.3200,1404,2
2026-04-08,601012,14:09:37,17.3200,29,1
2026-04-08,601012,14:09:40,17.3200,53,1
2026-04-08,601012,14:09:43,17.3000,4249,2
2026-04-08,601012,14:09:46,17.3000,111,2
2026-04-08,601012,14:09:49,17.3000,40,2
2026-04-08,601012,14:09:52,17.3100,188,1
2026-04-08,601012,14:09:55,17.3100,101,1
2026-04-08,601012,14:09:58,17.3000,69,2
2026-04-08,601012,14:10:01,17.3100,188,1
2026-04-08,601012,14:10:04,17.3000,485,2
2026-04-08,601012,14:10:07,17.3000,325,2
2026-04-08,601012,14:10:10,17.3100,322,1
2026-04-08,601012,14:10:13,17.3000,100,2
2026-04-08,601012,14:10:16,17.3000,261,2
2026-04-08,601012,14:10:19,17.3000,288,2
2026-04-08,601012,14:10:22,17.3000,672,2
2026-04-08,601012,14:10:25,17.3000,760,2
2026-04-08,601012,14:10:28,17.3100,310,1
2026-04-08,601012,14:10:31,17.3000,627,2
2026-04-08,601012,14:10:34,17.3000,684,2
2026-04-08,601012,14:10:37,17.3000,361,2
2026-04-08,601012,14:10:40,17.3000,135,1
2026-04-08,601012,14:10:43,17.2900,58,2
2026-04-08,601012,14:10:46,17.2900,106,2
2026-04-08,601012,14:10:49,17.3000,229,1
2026-04-08,601012,14:10:52,17.3000,111,1
2026-04-08,601012,14:10:55,17.3000,153,1
2026-04-08,601012,14:10:58,17.2900,171,2
2026-04-08,601012,14:11:01,17.2900,167,2
2026-04-08,601012,14:11:04,17.2900,78,2
2026-04-08,601012,14:11:07,17.2900,309,2
2026-04-08,601012,14:11:10,17.2900,753,2
2026-04-08,601012,14:11:13,17.2900,339,2
2026-04-08,601012,14:11:16,17.2900,791,2
2026-04-08,601012,14:11:19,17.2900,173,2
2026-04-08,601012,14:11:22,17.2900,140,2
2026-04-08,601012,14:11:25,17.2900,409,2
2026-04-08,601012,14:11:28,17.2900,239,2
2026-04-08,601012,14:11:31,17.2900,53,2
2026-04-08,601012,14:11:34,17.2900,140,2
2026-04-08,601012,14:11:37,17.2900,117,1
2026-04-08,601012,14:11:40,17.2900,13,1
2026-04-08,601012,14:11:43,17.2900,55,1
2026-04-08,601012,14:11:46,17.2800,66,2
2026-04-08,601012,14:11:49,17.2800,192,2
2026-04-08,601012,14:11:52,17.2800,741,2
2026-04-08,601012,14:11:55,17.2900,527,1
2026-04-08,601012,14:11:58,17.2900,391,1
2026-04-08,601012,14:12:01,17.2900,223,1
2026-04-08,601012,14:12:04,17.2900,77,1
2026-04-08,601012,14:12:07,17.2900,193,1
2026-04-08,601012,14:12:10,17.2800,135,2
2026-04-08,601012,14:12:13,17.2800,147,2
2026-04-08,601012,14:12:16,17.2800,253,2
2026-04-08,601012,14:12:19,17.2800,48,2
2026-04-08,601012,14:12:22,17.2800,159,2
2026-04-08,601012,14:12:25,17.2800,97,2
2026-04-08,601012,14:12:28,17.2800,53,2
2026-04-08,601012,14:12:31,17.2800,197,2
2026-04-08,601012,14:12:34,17.2800,294,2
2026-04-08,601012,14:12:37,17.2800,58,2
2026-04-08,601012,14:12:40,17.2800,259,2
2026-04-08,601012,14:12:43,17.2800,159,1
2026-04-08,601012,14:12:46,17.2800,201,1
2026-04-08,601012,14:12:49,17.2800,103,1
2026-04-08,601012,14:12:52,17.2800,142,1
2026-04-08,601012,14:12:55,17.2800,118,1
2026-04-08,601012,14:12:58,17.2700,280,2
2026-04-08,601012,14:13:01,17.2700,87,2
2026-04-08,601012,14:13:04,17.2700,272,2
2026-04-08,601012,14:13:07,17.2700,245,2
2026-04-08,601012,14:13:10,17.2700,202,2
2026-04-08,601012,14:13:13,17.2700,161,2
2026-04-08,601012,14:13:16,17.2700,88,2
2026-04-08,601012,14:13:19,17.2700,151,2
2026-04-08,601012,14:13:22,17.2700,169,2
2026-04-08,601012,14:13:25,17.2700,335,2
2026-04-08,601012,14:13:28,17.2700,1201,2
2026-04-08,601012,14:13:31,17.2700,185,2
2026-04-08,601012,14:13:34,17.2700,180,2
2026-04-08,601012,14:13:37,17.2700,329,2
2026-04-08,601012,14:13:40,17.2700,318,2
2026-04-08,601012,14:13:43,17.2700,1801,2
2026-04-08,601012,14:13:46,17.2700,109,2
2026-04-08,601012,14:13:49,17.2700,170,2
2026-04-08,601012,14:13:52,17.2700,71,2
2026-04-08,601012,14:13:55,17.2700,118,2
2026-04-08,601012,14:13:58,17.2700,433,2
2026-04-08,601012,14:14:01,17.2700,321,1
2026-04-08,601012,14:14:04,17.2800,407,1
2026-04-08,601012,14:14:07,17.2700,114,2
2026-04-08,601012,14:14:10,17.2800,51,1
2026-04-08,601012,14:14:13,17.2700,92,2
2026-04-08,601012,14:14:16,17.2800,200,1
2026-04-08,601012,14:14:19,17.2800,60,1
2026-04-08,601012,14:14:22,17.2800,67,1
2026-04-08,601012,14:14:25,17.2800,76,1
2026-04-08,601012,14:14:28,17.2800,106,1
2026-04-08,601012,14:14:31,17.2800,256,1
2026-04-08,601012,14:14:34,17.2800,68,2
2026-04-08,601012,14:14:37,17.2700,212,2
2026-04-08,601012,14:14:40,17.2700,66,2
2026-04-08,601012,14:14:43,17.2800,152,1
2026-04-08,601012,14:14:46,17.2800,15,1
2026-04-08,601012,14:14:49,17.2800,176,1
2026-04-08,601012,14:14:52,17.2800,52,1
2026-04-08,601012,14:14:55,17.2700,43,2
2026-04-08,601012,14:14:58,17.2800,305,1
2026-04-08,601012,14:15:01,17.2700,402,2
2026-04-08,601012,14:15:04,17.2800,16,2
2026-04-08,601012,14:15:07,17.2800,131,2
2026-04-08,601012,14:15:10,17.2800,51,2
2026-04-08,601012,14:15:13,17.2800,206,1
2026-04-08,601012,14:15:16,17.2800,127,2
2026-04-08,601012,14:15:19,17.2800,92,2
2026-04-08,601012,14:15:22,17.2800,327,2
2026-04-08,601012,14:15:25,17.2700,16,2
2026-04-08,601012,14:15:28,17.2800,50,1
2026-04-08,601012,14:15:31,17.2800,117,1
2026-04-08,601012,14:15:34,17.2700,60,2
2026-04-08,601012,14:15:37,17.2700,29,2
2026-04-08,601012,14:15:40,17.2800,20,1
2026-04-08,601012,14:15:43,17.2800,181,1
2026-04-08,601012,14:15:46,17.2800,26,2
2026-04-08,601012,14:15:49,17.2800,149,2
2026-04-08,601012,14:15:52,17.2800,59,2
2026-04-08,601012,14:15:55,17.2900,109,1
2026-04-08,601012,14:15:58,17.2800,127,4
2026-04-08,601012,14:16:01,17.2700,115,2
2026-04-08,601012,14:16:04,17.2800,114,1
2026-04-08,601012,14:16:07,17.2800,90,1
2026-04-08,601012,14:16:10,17.2800,38,2
2026-04-08,601012,14:16:13,17.2900,128,1
2026-04-08,601012,14:16:16,17.2900,67,1
2026-04-08,601012,14:16:19,17.2800,79,2
2026-04-08,601012,14:16:22,17.2900,119,1
2026-04-08,601012,14:16:25,17.2900,179,1
2026-04-08,601012,14:16:28,17.2800,76,2
2026-04-08,601012,14:16:31,17.2800,234,2
2026-04-08,601012,14:16:34,17.2800,597,2
2026-04-08,601012,14:16:37,17.2900,11,1
2026-04-08,601012,14:16:40,17.2900,179,1
2026-04-08,601012,14:16:43,17.2900,15,1
2026-04-08,601012,14:16:46,17.2800,37,2
2026-04-08,601012,14:16:49,17.2900,57,1
2026-04-08,601012,14:16:52,17.2800,54,2
2026-04-08,601012,14:16:55,17.2800,178,2
2026-04-08,601012,14:16:58,17.2800,1,2
2026-04-08,601012,14:17:01,17.2800,9,2
2026-04-08,601012,14:17:04,17.2800,138,2
2026-04-08,601012,14:17:07,17.2800,50,2
2026-04-08,601012,14:17:10,17.2800,18,2
2026-04-08,601012,14:17:13,17.2800,52,2
2026-04-08,601012,14:17:16,17.2800,59,2
2026-04-08,601012,14:17:19,17.2800,195,2
2026-04-08,601012,14:17:22,17.2800,93,2
2026-04-08,601012,14:17:25,17.2800,159,2
2026-04-08,601012,14:17:28,17.2800,86,2
2026-04-08,601012,14:17:31,17.2900,32,1
2026-04-08,601012,14:17:34,17.2900,22,1
2026-04-08,601012,14:17:37,17.2800,385,2
2026-04-08,601012,14:17:40,17.2800,156,2
2026-04-08,601012,14:17:43,17.2800,118,1
2026-04-08,601012,14:17:46,17.2800,103,1
2026-04-08,601012,14:17:49,17.2700,14,2
2026-04-08,601012,14:17:52,17.2700,55,2
2026-04-08,601012,14:17:55,17.2800,779,1
2026-04-08,601012,14:17:58,17.2700,54,2
2026-04-08,601012,14:18:01,17.2700,292,2
2026-04-08,601012,14:18:04,17.2700,20,2
2026-04-08,601012,14:18:07,17.2700,156,2
2026-04-08,601012,14:18:10,17.2800,120,1
2026-04-08,601012,14:18:13,17.2700,325,2
2026-04-08,601012,14:18:16,17.2700,544,2
2026-04-08,601012,14:18:19,17.2800,22,1
2026-04-08,601012,14:18:22,17.2800,99,1
2026-04-08,601012,14:18:25,17.2700,85,2
2026-04-08,601012,14:18:28,17.2700,541,2
2026-04-08,601012,14:18:31,17.2700,38,2
2026-04-08,601012,14:18:34,17.2700,412,2
2026-04-08,601012,14:18:37,17.2700,259,2
2026-04-08,601012,14:18:40,17.2700,414,2
2026-04-08,601012,14:18:43,17.2700,141,2
2026-04-08,601012,14:18:46,17.2600,42,2
2026-04-08,601012,14:18:49,17.2600,26,2
2026-04-08,601012,14:18:52,17.2600,19,2
2026-04-08,601012,14:18:55,17.2700,210,1
2026-04-08,601012,14:18:58,17.2600,165,2
2026-04-08,601012,14:19:01,17.2600,243,2
2026-04-08,601012,14:19:04,17.2600,34,2
2026-04-08,601012,14:19:07,17.2600,282,2
2026-04-08,601012,14:19:10,17.2600,119,2
2026-04-08,601012,14:19:13,17.2600,179,2
2026-04-08,601012,14:19:16,17.2600,167,2
2026-04-08,601012,14:19:19,17.2600,323,2
2026-04-08,601012,14:19:22,17.2600,71,2
2026-04-08,601012,14:19:25,17.2600,222,2
2026-04-08,601012,14:19:28,17.2600,142,2
2026-04-08,601012,14:19:31,17.2600,337,2
2026-04-08,601012,14:19:34,17.2600,205,2
2026-04-08,601012,14:19:37,17.2600,137,2
2026-04-08,601012,14:19:40,17.2600,106,2
2026-04-08,601012,14:19:43,17.2600,800,2
2026-04-08,601012,14:19:46,17.2600,124,1
2026-04-08,601012,14:19:49,17.2500,84,2
2026-04-08,601012,14:19:52,17.2500,118,2
2026-04-08,601012,14:19:55,17.2600,78,1
2026-04-08,601012,14:19:58,17.2500,2557,2
2026-04-08,601012,14:20:01,17.2500,108,2
2026-04-08,601012,14:20:04,17.2500,320,2
2026-04-08,601012,14:20:07,17.2500,481,2
2026-04-08,601012,14:20:10,17.2500,53,1
2026-04-08,601012,14:20:13,17.2500,79,1
2026-04-08,601012,14:20:16,17.2500,415,1
2026-04-08,601012,14:20:19,17.2400,95,2
2026-04-08,601012,14:20:22,17.2400,383,2
2026-04-08,601012,14:20:25,17.2500,197,1
2026-04-08,601012,14:20:28,17.2500,288,1
2026-04-08,601012,14:20:31,17.2400,627,2
2026-04-08,601012,14:20:34,17.2400,89,1
2026-04-08,601012,14:20:37,17.2400,382,1
2026-04-08,601012,14:20:40,17.2400,1922,1
2026-04-08,601012,14:20:43,17.2400,570,2
2026-04-08,601012,14:20:46,17.2400,271,2
2026-04-08,601012,14:20:49,17.2400,105,1
2026-04-08,601012,14:20:52,17.2300,58,2
2026-04-08,601012,14:20:55,17.2400,74,1
2026-04-08,601012,14:20:58,17.2400,203,1
2026-04-08,601012,14:21:01,17.2400,90,1
2026-04-08,601012,14:21:04,17.2400,190,1
2026-04-08,601012,14:21:07,17.2400,191,1
2026-04-08,601012,14:21:10,17.2400,132,1
2026-04-08,601012,14:21:13,17.2400,43,1
2026-04-08,601012,14:21:16,17.2300,280,2
2026-04-08,601012,14:21:19,17.2300,36,2
2026-04-08,601012,14:21:22,17.2300,337,2
2026-04-08,601012,14:21:25,17.2400,555,1
2026-04-08,601012,14:21:28,17.2300,169,2
2026-04-08,601012,14:21:31,17.2300,453,2
2026-04-08,601012,14:21:34,17.2300,281,2
2026-04-08,601012,14:21:37,17.2300,297,2
2026-04-08,601012,14:21:40,17.2300,369,1
2026-04-08,601012,14:21:43,17.2400,489,1
2026-04-08,601012,14:21:46,17.2300,387,2
2026-04-08,601012,14:21:49,17.2300,99,2
2026-04-08,601012,14:21:52,17.2300,95,2
2026-04-08,601012,14:21:55,17.2300,172,1
2026-04-08,601012,14:21:58,17.2200,200,2
2026-04-08,601012,14:22:01,17.2200,163,2
2026-04-08,601012,14:22:04,17.2200,160,2
2026-04-08,601012,14:22:07,17.2200,170,2
2026-04-08,601012,14:22:10,17.2300,703,1
2026-04-08,601012,14:22:13,17.2200,812,2
2026-04-08,601012,14:22:16,17.2300,184,4
2026-04-08,601012,14:22:19,17.2400,123,1
2026-04-08,601012,14:22:22,17.2400,1069,1
2026-04-08,601012,14:22:25,17.2400,270,1
2026-04-08,601012,14:22:28,17.2400,141,2
2026-04-08,601012,14:22:31,17.2400,171,2
2026-04-08,601012,14:22:34,17.2400,82,1
2026-04-08,601012,14:22:37,17.2400,80,2
2026-04-08,601012,14:22:40,17.2400,268,2
2026-04-08,601012,14:22:43,17.2400,172,2
2026-04-08,601012,14:22:46,17.2500,192,1
2026-04-08,601012,14:22:49,17.2400,54,2
2026-04-08,601012,14:22:52,17.2400,207,2
2026-04-08,601012,14:22:55,17.2400,73,2
2026-04-08,601012,14:22:58,17.2400,304,2
2026-04-08,601012,14:23:01,17.2500,223,1
2026-04-08,601012,14:23:04,17.2500,206,1
2026-04-08,601012,14:23:07,17.2500,1804,1
2026-04-08,601012,14:23:10,17.2600,52,1
2026-04-08,601012,14:23:13,17.2600,33,1
2026-04-08,601012,14:23:16,17.2500,160,2
2026-04-08,601012,14:23:19,17.2600,270,1
2026-04-08,601012,14:23:22,17.2600,66,1
2026-04-08,601012,14:23:25,17.2600,180,1
2026-04-08,601012,14:23:28,17.2600,297,1
2026-04-08,601012,14:23:31,17.2500,135,2
2026-04-08,601012,14:23:34,17.2600,97,2
2026-04-08,601012,14:23:37,17.2600,165,1
2026-04-08,601012,14:23:40,17.2600,117,1
2026-04-08,601012,14:23:43,17.2600,72,1
2026-04-08,601012,14:23:46,17.2700,167,1
2026-04-08,601012,14:23:49,17.2700,40,1
2026-04-08,601012,14:23:52,17.2600,106,2
2026-04-08,601012,14:23:55,17.2700,57,1
2026-04-08,601012,14:23:58,17.2700,107,1
2026-04-08,601012,14:24:01,17.2700,55,1
2026-04-08,601012,14:24:04,17.2700,119,1
2026-04-08,601012,14:24:07,17.2700,216,1
2026-04-08,601012,14:24:10,17.2700,133,1
2026-04-08,601012,14:24:13,17.2700,35,1
2026-04-08,601012,14:24:16,17.2700,61,1
2026-04-08,601012,14:24:19,17.2700,42,1
2026-04-08,601012,14:24:22,17.2600,48,2
2026-04-08,601012,14:24:25,17.2600,15,2
2026-04-08,601012,14:24:28,17.2600,95,2
2026-04-08,601012,14:24:31,17.2700,67,1
2026-04-08,601012,14:24:34,17.2700,91,1
2026-04-08,601012,14:24:37,17.2600,69,2
2026-04-08,601012,14:24:40,17.2700,35,1
2026-04-08,601012,14:24:43,17.2700,21,1
2026-04-08,601012,14:24:46,17.2700,702,1
2026-04-08,601012,14:24:49,17.2700,72,2
2026-04-08,601012,14:24:52,17.2700,121,2
2026-04-08,601012,14:24:55,17.2700,119,2
2026-04-08,601012,14:24:58,17.2700,87,2
2026-04-08,601012,14:25:01,17.2700,35,2
2026-04-08,601012,14:25:04,17.2700,102,2
2026-04-08,601012,14:25:07,17.2800,117,1
2026-04-08,601012,14:25:10,17.2700,51,2
2026-04-08,601012,14:25:13,17.2800,43,1
2026-04-08,601012,14:25:16,17.2800,1566,1
2026-04-08,601012,14:25:19,17.2800,67,1
2026-04-08,601012,14:25:22,17.2800,50,1
2026-04-08,601012,14:25:25,17.2800,163,1
2026-04-08,601012,14:25:28,17.2800,114,1
2026-04-08,601012,14:25:31,17.2800,100,1
2026-04-08,601012,14:25:34,17.2800,6,2
2026-04-08,601012,14:25:37,17.2800,38,2
2026-04-08,601012,14:25:40,17.2900,12,1
2026-04-08,601012,14:25:43,17.2900,26,1
2026-04-08,601012,14:25:46,17.2800,47,2
2026-04-08,601012,14:25:49,17.2800,36,2
2026-04-08,601012,14:25:52,17.2800,180,2
2026-04-08,601012,14:25:55,17.2900,38,1
2026-04-08,601012,14:25:58,17.2900,134,1
2026-04-08,601012,14:26:01,17.2900,110,1
2026-04-08,601012,14:26:04,17.2900,403,1
2026-04-08,601012,14:26:07,17.2900,212,1
2026-04-08,601012,14:26:10,17.2900,73,1
2026-04-08,601012,14:26:13,17.2900,67,1
2026-04-08,601012,14:26:16,17.2900,308,1
2026-04-08,601012,14:26:19,17.2900,40,2
2026-04-08,601012,14:26:22,17.2900,32,2
2026-04-08,601012,14:26:25,17.2900,184,2
2026-04-08,601012,14:26:28,17.2900,48,2
2026-04-08,601012,14:26:31,17.3000,48,1
2026-04-08,601012,14:26:34,17.3000,109,1
2026-04-08,601012,14:26:37,17.3000,46,1
2026-04-08,601012,14:26:40,17.3000,52,1
2026-04-08,601012,14:26:43,17.2900,232,2
2026-04-08,601012,14:26:46,17.3000,55,1
2026-04-08,601012,14:26:49,17.3000,88,1
2026-04-08,601012,14:26:52,17.3000,299,1
2026-04-08,601012,14:26:55,17.3000,121,1
2026-04-08,601012,14:26:58,17.3000,16,1
2026-04-08,601012,14:27:01,17.2900,474,2
2026-04-08,601012,14:27:04,17.3000,67,1
2026-04-08,601012,14:27:07,17.3000,31,1
2026-04-08,601012,14:27:10,17.3000,123,1
2026-04-08,601012,14:27:13,17.3000,85,1
2026-04-08,601012,14:27:16,17.2900,93,2
2026-04-08,601012,14:27:19,17.2900,29,2
2026-04-08,601012,14:27:22,17.2900,45,2
2026-04-08,601012,14:27:25,17.2900,61,2
2026-04-08,601012,14:27:28,17.2900,87,2
2026-04-08,601012,14:27:31,17.2900,77,2
2026-04-08,601012,14:27:34,17.2900,57,2
2026-04-08,601012,14:27:37,17.2900,624,2
2026-04-08,601012,14:27:40,17.2900,89,2
2026-04-08,601012,14:27:43,17.3000,72,1
2026-04-08,601012,14:27:46,17.2900,55,2
2026-04-08,601012,14:27:49,17.2900,231,2
2026-04-08,601012,14:27:52,17.3000,82,1
2026-04-08,601012,14:27:55,17.2900,7,2
2026-04-08,601012,14:27:58,17.2900,163,2
2026-04-08,601012,14:28:01,17.2900,168,2
2026-04-08,601012,14:28:04,17.2900,14,2
2026-04-08,601012,14:28:07,17.2900,34,2
2026-04-08,601012,14:28:10,17.2900,79,2
2026-04-08,601012,14:28:13,17.2900,281,2
2026-04-08,601012,14:28:16,17.2900,33,2
2026-04-08,601012,14:28:19,17.3000,158,1
2026-04-08,601012,14:28:22,17.3000,64,1
2026-04-08,601012,14:28:25,17.2900,72,2
2026-04-08,601012,14:28:28,17.3000,95,1
2026-04-08,601012,14:28:31,17.2900,87,2
2026-04-08,601012,14:28:34,17.2900,289,2
2026-04-08,601012,14:28:37,17.2900,92,2
2026-04-08,601012,14:28:40,17.2900,4,2
2026-04-08,601012,14:28:43,17.2900,26,2
2026-04-08,601012,14:28:46,17.2900,155,2
2026-04-08,601012,14:28:49,17.2900,173,2
2026-04-08,601012,14:28:52,17.2900,70,2
2026-04-08,601012,14:28:55,17.2900,18,2
2026-04-08,601012,14:28:58,17.2900,95,2
2026-04-08,601012,14:29:01,17.2900,136,2
2026-04-08,601012,14:29:04,17.3000,76,1
2026-04-08,601012,14:29:07,17.2900,26,2
2026-04-08,601012,14:29:10,17.2900,338,2
2026-04-08,601012,14:29:13,17.3000,116,1
2026-04-08,601012,14:29:16,17.2900,189,2
2026-04-08,601012,14:29:19,17.2900,77,2
2026-04-08,601012,14:29:22,17.2900,116,2
2026-04-08,601012,14:29:25,17.2900,172,2
2026-04-08,601012,14:29:28,17.2900,32,2
2026-04-08,601012,14:29:31,17.2900,182,2
2026-04-08,601012,14:29:34,17.2900,60,2
2026-04-08,601012,14:29:37,17.3000,2225,1
2026-04-08,601012,14:29:40,17.2900,172,2
2026-04-08,601012,14:29:43,17.2900,248,2
2026-04-08,601012,14:29:46,17.2900,99,2
2026-04-08,601012,14:29:49,17.2900,141,2
2026-04-08,601012,14:29:52,17.3000,105,1
2026-04-08,601012,14:29:55,17.3000,128,1
2026-04-08,601012,14:29:58,17.2900,196,2
2026-04-08,601012,14:30:01,17.2900,64,2
2026-04-08,601012,14:30:04,17.2900,15,2
2026-04-08,601012,14:30:07,17.2900,76,2
2026-04-08,601012,14:30:10,17.2900,193,2
2026-04-08,601012,14:30:13,17.2900,290,2
2026-04-08,601012,14:30:16,17.2900,25,2
2026-04-08,601012,14:30:19,17.2900,77,2
2026-04-08,601012,14:30:22,17.3000,1,1
2026-04-08,601012,14:30:25,17.2900,23,2
2026-04-08,601012,14:30:28,17.2900,33,2
2026-04-08,601012,14:30:31,17.3000,5,1
2026-04-08,601012,14:30:34,17.3000,17,1
2026-04-08,601012,14:30:37,17.2900,15,2
2026-04-08,601012,14:30:40,17.3000,1513,1
2026-04-08,601012,14:30:43,17.3000,39,1
2026-04-08,601012,14:30:46,17.3000,268,1
2026-04-08,601012,14:30:49,17.2900,278,2
2026-04-08,601012,14:30:52,17.3000,36,1
2026-04-08,601012,14:30:55,17.3000,49,2
2026-04-08,601012,14:30:58,17.3000,103,1
2026-04-08,601012,14:31:01,17.3000,174,2
2026-04-08,601012,14:31:04,17.3000,90,1
2026-04-08,601012,14:31:07,17.3000,18,2
2026-04-08,601012,14:31:10,17.3100,259,1
2026-04-08,601012,14:31:13,17.3000,34,2
2026-04-08,601012,14:31:16,17.3000,16,2
2026-04-08,601012,14:31:19,17.3100,91,1
2026-04-08,601012,14:31:22,17.3000,78,2
2026-04-08,601012,14:31:25,17.3000,90,2
2026-04-08,601012,14:31:28,17.3000,58,2
2026-04-08,601012,14:31:31,17.3000,223,2
2026-04-08,601012,14:31:34,17.3000,122,2
2026-04-08,601012,14:31:37,17.3000,244,2
2026-04-08,601012,14:31:40,17.3000,8,2
2026-04-08,601012,14:31:43,17.3000,45,2
2026-04-08,601012,14:31:46,17.3000,34,2
2026-04-08,601012,14:31:49,17.3100,39,1
2026-04-08,601012,14:31:52,17.3100,77,1
2026-04-08,601012,14:31:55,17.3000,54,2
2026-04-08,601012,14:31:58,17.3000,368,2
2026-04-08,601012,14:32:01,17.3000,22,2
2026-04-08,601012,14:32:04,17.3000,643,2
2026-04-08,601012,14:32:07,17.3100,40,1
2026-04-08,601012,14:32:10,17.3000,143,2
2026-04-08,601012,14:32:13,17.3000,47,2
2026-04-08,601012,14:32:16,17.3000,62,2
2026-04-08,601012,14:32:19,17.3000,675,2
2026-04-08,601012,14:32:22,17.3100,64,1
2026-04-08,601012,14:32:25,17.3000,10,2
2026-04-08,601012,14:32:28,17.3000,71,2
2026-04-08,601012,14:32:31,17.3000,506,2
2026-04-08,601012,14:32:34,17.3000,154,1
2026-04-08,601012,14:32:37,17.3000,88,1
2026-04-08,601012,14:32:40,17.3000,32,2
2026-04-08,601012,14:32:43,17.2900,32,2
2026-04-08,601012,14:32:46,17.2900,68,2
2026-04-08,601012,14:32:49,17.3000,19,1
2026-04-08,601012,14:32:52,17.2900,48,2
2026-04-08,601012,14:32:55,17.3000,352,1
2026-04-08,601012,14:32:58,17.3000,237,1
2026-04-08,601012,14:33:01,17.2900,160,2
2026-04-08,601012,14:33:04,17.2900,63,2
2026-04-08,601012,14:33:07,17.2900,15,2
2026-04-08,601012,14:33:10,17.2900,12,2
2026-04-08,601012,14:33:13,17.2900,36,2
2026-04-08,601012,14:33:16,17.3000,152,1
2026-04-08,601012,14:33:19,17.3000,78,1
2026-04-08,601012,14:33:22,17.3000,1042,1
2026-04-08,601012,14:33:25,17.3000,194,1
2026-04-08,601012,14:33:28,17.3000,16,2
2026-04-08,601012,14:33:31,17.3000,98,2
2026-04-08,601012,14:33:34,17.3000,172,2
2026-04-08,601012,14:33:37,17.3000,344,2
2026-04-08,601012,14:33:40,17.3100,127,1
2026-04-08,601012,14:33:43,17.3000,9,2
2026-04-08,601012,14:33:46,17.3000,183,2
2026-04-08,601012,14:33:49,17.3000,94,2
2026-04-08,601012,14:33:52,17.3000,617,2
2026-04-08,601012,14:33:55,17.3000,52,2
2026-04-08,601012,14:33:58,17.3100,447,1
2026-04-08,601012,14:34:01,17.2900,126,2
2026-04-08,601012,14:34:04,17.3000,28,1
2026-04-08,601012,14:34:07,17.3000,400,1
2026-04-08,601012,14:34:10,17.3000,31,2
2026-04-08,601012,14:34:13,17.3000,220,2
2026-04-08,601012,14:34:16,17.3000,101,2
2026-04-08,601012,14:34:19,17.3000,159,2
2026-04-08,601012,14:34:22,17.3000,149,2
2026-04-08,601012,14:34:25,17.3000,109,2
2026-04-08,601012,14:34:28,17.3000,547,1
2026-04-08,601012,14:34:31,17.3000,83,1
2026-04-08,601012,14:34:34,17.3000,33,1
2026-04-08,601012,14:34:37,17.2900,31,2
2026-04-08,601012,14:34:40,17.3000,36,1
2026-04-08,601012,14:34:43,17.2900,51,2
2026-04-08,601012,14:34:46,17.2900,135,2
2026-04-08,601012,14:34:49,17.2900,59,2
2026-04-08,601012,14:34:52,17.2900,39,2
2026-04-08,601012,14:34:55,17.3000,527,1
2026-04-08,601012,14:34:58,17.3000,187,1
2026-04-08,601012,14:35:01,17.2900,199,2
2026-04-08,601012,14:35:04,17.2900,90,2
2026-04-08,601012,14:35:07,17.2900,82,2
2026-04-08,601012,14:35:10,17.3000,109,1
2026-04-08,601012,14:35:13,17.3000,1224,1
2026-04-08,601012,14:35:16,17.3000,158,2
2026-04-08,601012,14:35:19,17.3000,46,2
2026-04-08,601012,14:35:22,17.3000,99,2
2026-04-08,601012,14:35:25,17.3100,143,1
2026-04-08,601012,14:35:28,17.3000,95,2
2026-04-08,601012,14:35:31,17.3100,65,1
2026-04-08,601012,14:35:34,17.3000,52,2
2026-04-08,601012,14:35:37,17.3000,12,2
2026-04-08,601012,14:35:40,17.3000,79,2
2026-04-08,601012,14:35:43,17.3000,55,2
2026-04-08,601012,14:35:46,17.3000,39,2
2026-04-08,601012,14:35:49,17.3000,39,2
2026-04-08,601012,14:35:52,17.3000,896,2
2026-04-08,601012,14:35:55,17.3100,181,1
2026-04-08,601012,14:35:58,17.3000,182,2
2026-04-08,601012,14:36:01,17.3000,47,2
2026-04-08,601012,14:36:04,17.3000,84,2
2026-04-08,601012,14:36:07,17.3000,86,2
2026-04-08,601012,14:36:10,17.3100,254,1
2026-04-08,601012,14:36:13,17.3000,119,2
2026-04-08,601012,14:36:16,17.3000,88,1
2026-04-08,601012,14:36:19,17.3000,35,2
2026-04-08,601012,14:36:22,17.3000,552,1
2026-04-08,601012,14:36:25,17.2900,209,2
2026-04-08,601012,14:36:28,17.2900,100,2
2026-04-08,601012,14:36:31,17.3000,88,1
2026-04-08,601012,14:36:34,17.2900,62,2
2026-04-08,601012,14:36:37,17.3000,405,1
2026-04-08,601012,14:36:40,17.2900,59,2
2026-04-08,601012,14:36:43,17.2900,172,2
2026-04-08,601012,14:36:46,17.2900,43,2
2026-04-08,601012,14:36:49,17.2900,324,2
2026-04-08,601012,14:36:52,17.2900,129,2
2026-04-08,601012,14:36:55,17.3000,586,1
2026-04-08,601012,14:36:58,17.2900,236,2
2026-04-08,601012,14:37:01,17.2900,27,2
2026-04-08,601012,14:37:04,17.3000,147,1
2026-04-08,601012,14:37:07,17.2900,15,2
2026-04-08,601012,14:37:10,17.3000,146,1
2026-04-08,601012,14:37:13,17.3000,120,1
2026-04-08,601012,14:37:16,17.2900,1056,2
2026-04-08,601012,14:37:19,17.2900,356,2
2026-04-08,601012,14:37:22,17.2900,175,2
2026-04-08,601012,14:37:25,17.3000,32,1
2026-04-08,601012,14:37:28,17.2900,133,2
2026-04-08,601012,14:37:31,17.2900,247,2
2026-04-08,601012,14:37:34,17.3000,237,1
2026-04-08,601012,14:37:37,17.3000,240,1
2026-04-08,601012,14:37:40,17.2900,112,2
2026-04-08,601012,14:37:43,17.3000,194,1
2026-04-08,601012,14:37:46,17.2900,134,2
2026-04-08,601012,14:37:49,17.2900,489,2
2026-04-08,601012,14:37:52,17.3000,94,1
2026-04-08,601012,14:37:55,17.2900,199,2
2026-04-08,601012,14:37:58,17.3000,69,1
2026-04-08,601012,14:38:01,17.2900,169,2
2026-04-08,601012,14:38:04,17.3000,1499,1
2026-04-08,601012,14:38:07,17.3000,526,2
2026-04-08,601012,14:38:10,17.2900,150,2
2026-04-08,601012,14:38:13,17.2900,46,2
2026-04-08,601012,14:38:16,17.2900,37,2
2026-04-08,601012,14:38:19,17.2900,584,2
2026-04-08,601012,14:38:22,17.3000,292,1
2026-04-08,601012,14:38:25,17.3000,142,1
2026-04-08,601012,14:38:28,17.2900,162,2
2026-04-08,601012,14:38:31,17.2900,226,2
2026-04-08,601012,14:38:34,17.3000,674,1
2026-04-08,601012,14:38:37,17.3000,565,1
2026-04-08,601012,14:38:40,17.3000,73,1
2026-04-08,601012,14:38:43,17.3000,23,1
2026-04-08,601012,14:38:46,17.2900,181,2
2026-04-08,601012,14:38:49,17.2900,97,2
2026-04-08,601012,14:38:52,17.2900,358,2
2026-04-08,601012,14:38:55,17.2900,74,2
2026-04-08,601012,14:38:58,17.2900,158,2
2026-04-08,601012,14:39:01,17.2900,445,2
2026-04-08,601012,14:39:04,17.2900,392,2
2026-04-08,601012,14:39:07,17.3000,78,1
2026-04-08,601012,14:39:10,17.2900,110,2
2026-04-08,601012,14:39:13,17.3000,88,1
2026-04-08,601012,14:39:16,17.2900,205,2
2026-04-08,601012,14:39:19,17.2900,44,2
2026-04-08,601012,14:39:22,17.2900,164,2
2026-04-08,601012,14:39:25,17.2900,56,2
2026-04-08,601012,14:39:28,17.3000,101,1
2026-04-08,601012,14:39:31,17.2900,37,2
2026-04-08,601012,14:39:34,17.2900,94,2
2026-04-08,601012,14:39:37,17.2900,105,2
2026-04-08,601012,14:39:40,17.3000,91,1
2026-04-08,601012,14:39:43,17.2900,60,2
2026-04-08,601012,14:39:46,17.2900,439,2
2026-04-08,601012,14:39:49,17.3000,79,1
2026-04-08,601012,14:39:52,17.2900,223,2
2026-04-08,601012,14:39:55,17.3000,152,1
2026-04-08,601012,14:39:58,17.2900,14,2
2026-04-08,601012,14:40:01,17.2900,184,2
2026-04-08,601012,14:40:04,17.2900,181,2
2026-04-08,601012,14:40:07,17.3000,2180,1
2026-04-08,601012,14:40:10,17.2900,595,2
2026-04-08,601012,14:40:13,17.3000,178,1
2026-04-08,601012,14:40:16,17.2900,575,2
2026-04-08,601012,14:40:19,17.2900,269,2
2026-04-08,601012,14:40:22,17.3000,114,1
2026-04-08,601012,14:40:25,17.3000,80,1
2026-04-08,601012,14:40:28,17.3000,50,1
2026-04-08,601012,14:40:31,17.2900,31,2
2026-04-08,601012,14:40:34,17.3000,114,1
2026-04-08,601012,14:40:37,17.2900,59,2
2026-04-08,601012,14:40:40,17.3000,187,1
2026-04-08,601012,14:40:43,17.2900,282,2
2026-04-08,601012,14:40:46,17.2900,114,2
2026-04-08,601012,14:40:49,17.2900,144,2
2026-04-08,601012,14:40:52,17.2900,87,2
2026-04-08,601012,14:40:55,17.3000,41,1
2026-04-08,601012,14:40:58,17.2900,21,2
2026-04-08,601012,14:41:01,17.2900,36,2
2026-04-08,601012,14:41:04,17.2900,403,2
2026-04-08,601012,14:41:07,17.2900,32,2
2026-04-08,601012,14:41:10,17.3000,112,1
2026-04-08,601012,14:41:13,17.3000,368,1
2026-04-08,601012,14:41:16,17.2900,17,2
2026-04-08,601012,14:41:19,17.2900,23,2
2026-04-08,601012,14:41:22,17.2900,151,2
2026-04-08,601012,14:41:25,17.3000,155,1
2026-04-08,601012,14:41:28,17.3000,45,1
2026-04-08,601012,14:41:31,17.2900,89,2
2026-04-08,601012,14:41:34,17.3000,165,1
2026-04-08,601012,14:41:37,17.2900,1699,2
2026-04-08,601012,14:41:40,17.2900,365,1
2026-04-08,601012,14:41:43,17.2900,141,1
2026-04-08,601012,14:41:46,17.2800,79,2
2026-04-08,601012,14:41:49,17.2800,161,2
2026-04-08,601012,14:41:52,17.2900,54,1
2026-04-08,601012,14:41:55,17.2900,43,2
2026-04-08,601012,14:41:58,17.2900,46,2
2026-04-08,601012,14:42:01,17.2900,126,2
2026-04-08,601012,14:42:04,17.2900,30,2
2026-04-08,601012,14:42:07,17.2900,1401,2
2026-04-08,601012,14:42:10,17.2900,92,2
2026-04-08,601012,14:42:13,17.3000,218,1
2026-04-08,601012,14:42:16,17.2900,161,2
2026-04-08,601012,14:42:19,17.2900,1297,2
2026-04-08,601012,14:42:22,17.3000,121,1
2026-04-08,601012,14:42:25,17.3000,144,1
2026-04-08,601012,14:42:28,17.3000,69,1
2026-04-08,601012,14:42:31,17.3000,221,1
2026-04-08,601012,14:42:34,17.2900,420,2
2026-04-08,601012,14:42:37,17.3000,478,1
2026-04-08,601012,14:42:40,17.3000,29,1
2026-04-08,601012,14:42:43,17.3000,2357,1
2026-04-08,601012,14:42:46,17.2900,154,2
2026-04-08,601012,14:42:49,17.2900,117,2
2026-04-08,601012,14:42:52,17.3000,241,1
2026-04-08,601012,14:42:55,17.3000,198,1
2026-04-08,601012,14:42:58,17.3000,231,2
2026-04-08,601012,14:43:01,17.2900,67,2
2026-04-08,601012,14:43:04,17.3000,114,1
2026-04-08,601012,14:43:07,17.3000,58,1
2026-04-08,601012,14:43:10,17.2900,137,2
2026-04-08,601012,14:43:13,17.3000,39,1
2026-04-08,601012,14:43:16,17.2900,67,2
2026-04-08,601012,14:43:19,17.2900,86,2
2026-04-08,601012,14:43:22,17.3000,196,1
2026-04-08,601012,14:43:25,17.3000,82,1
2026-04-08,601012,14:43:28,17.3000,64,1
2026-04-08,601012,14:43:31,17.2900,936,2
2026-04-08,601012,14:43:34,17.3000,136,1
2026-04-08,601012,14:43:37,17.3000,67,1
2026-04-08,601012,14:43:40,17.2900,103,2
2026-04-08,601012,14:43:43,17.3000,776,1
2026-04-08,601012,14:43:46,17.2900,78,2
2026-04-08,601012,14:43:49,17.3000,85,1
2026-04-08,601012,14:43:52,17.2900,135,2
2026-04-08,601012,14:43:55,17.3000,182,1
2026-04-08,601012,14:43:58,17.2900,200,2
2026-04-08,601012,14:44:01,17.2900,414,2
2026-04-08,601012,14:44:04,17.3000,414,1
2026-04-08,601012,14:44:07,17.2900,142,2
2026-04-08,601012,14:44:10,17.3000,89,1
2026-04-08,601012,14:44:13,17.3000,51,1
2026-04-08,601012,14:44:16,17.2900,311,2
2026-04-08,601012,14:44:19,17.2900,119,2
2026-04-08,601012,14:44:22,17.3000,46,1
2026-04-08,601012,14:44:25,17.2900,81,2
2026-04-08,601012,14:44:28,17.3000,114,1
2026-04-08,601012,14:44:31,17.2900,181,2
2026-04-08,601012,14:44:34,17.2900,393,2
2026-04-08,601012,14:44:37,17.3000,117,1
2026-04-08,601012,14:44:40,17.3000,2061,1
2026-04-08,601012,14:44:43,17.3000,493,1
2026-04-08,601012,14:44:46,17.3000,168,2
2026-04-08,601012,14:44:49,17.3100,117,1
2026-04-08,601012,14:44:52,17.3100,92,1
2026-04-08,601012,14:44:55,17.3100,14,1
2026-04-08,601012,14:44:58,17.3100,90,1
2026-04-08,601012,14:45:01,17.3000,88,2
2026-04-08,601012,14:45:04,17.3100,183,1
2026-04-08,601012,14:45:07,17.3100,66,1
2026-04-08,601012,14:45:10,17.3000,56,2
2026-04-08,601012,14:45:13,17.3000,95,2
2026-04-08,601012,14:45:16,17.3000,79,2
2026-04-08,601012,14:45:19,17.3000,142,2
2026-04-08,601012,14:45:22,17.3100,97,1
2026-04-08,601012,14:45:25,17.3100,1783,1
2026-04-08,601012,14:45:28,17.3000,222,2
2026-04-08,601012,14:45:31,17.3000,111,2
2026-04-08,601012,14:45:34,17.3100,719,1
2026-04-08,601012,14:45:37,17.3000,55,2
2026-04-08,601012,14:45:40,17.3100,88,1
2026-04-08,601012,14:45:43,17.3000,38,2
2026-04-08,601012,14:45:46,17.3000,122,2
2026-04-08,601012,14:45:49,17.3000,83,2
2026-04-08,601012,14:45:52,17.3100,82,1
2026-04-08,601012,14:45:55,17.3100,1247,1
2026-04-08,601012,14:45:58,17.3000,45,2
2026-04-08,601012,14:46:01,17.3000,86,2
2026-04-08,601012,14:46:04,17.3000,771,2
2026-04-08,601012,14:46:07,17.3000,135,2
2026-04-08,601012,14:46:10,17.3000,234,2
2026-04-08,601012,14:46:13,17.3100,166,1
2026-04-08,601012,14:46:16,17.3000,59,2
2026-04-08,601012,14:46:19,17.3100,198,1
2026-04-08,601012,14:46:22,17.3100,153,1
2026-04-08,601012,14:46:25,17.3100,72,1
2026-04-08,601012,14:46:28,17.3000,863,2
2026-04-08,601012,14:46:31,17.3000,208,2
2026-04-08,601012,14:46:34,17.3100,258,1
2026-04-08,601012,14:46:37,17.3000,175,2
2026-04-08,601012,14:46:40,17.3100,406,1
2026-04-08,601012,14:46:43,17.3100,420,1
2026-04-08,601012,14:46:46,17.3100,442,1
2026-04-08,601012,14:46:49,17.3100,219,1
2026-04-08,601012,14:46:52,17.3100,270,1
2026-04-08,601012,14:46:55,17.3100,120,1
2026-04-08,601012,14:46:58,17.3000,280,2
2026-04-08,601012,14:47:01,17.3000,82,2
2026-04-08,601012,14:47:04,17.3000,514,2
2026-04-08,601012,14:47:07,17.3000,251,2
2026-04-08,601012,14:47:10,17.3000,47,2
2026-04-08,601012,14:47:13,17.3000,173,2
2026-04-08,601012,14:47:16,17.3000,750,2
2026-04-08,601012,14:47:19,17.3100,300,1
2026-04-08,601012,14:47:22,17.3000,139,2
2026-04-08,601012,14:47:25,17.3100,59,1
2026-04-08,601012,14:47:28,17.3000,482,2
2026-04-08,601012,14:47:31,17.3000,313,2
2026-04-08,601012,14:47:34,17.3000,445,2
2026-04-08,601012,14:47:37,17.3000,110,2
2026-04-08,601012,14:47:40,17.3000,101,2
2026-04-08,601012,14:47:43,17.3000,25,2
2026-04-08,601012,14:47:46,17.3000,496,2
2026-04-08,601012,14:47:49,17.3000,68,2
2026-04-08,601012,14:47:52,17.3000,92,2
2026-04-08,601012,14:47:55,17.3100,52,1
2026-04-08,601012,14:47:58,17.3000,482,2
2026-04-08,601012,14:48:01,17.3000,528,2
2026-04-08,601012,14:48:04,17.3000,917,2
2026-04-08,601012,14:48:07,17.3000,135,2
2026-04-08,601012,14:48:10,17.3100,256,1
2026-04-08,601012,14:48:13,17.3100,175,1
2026-04-08,601012,14:48:16,17.3000,161,2
2026-04-08,601012,14:48:19,17.3000,5107,2
2026-04-08,601012,14:48:22,17.3000,224,1
2026-04-08,601012,14:48:25,17.3000,242,1
2026-04-08,601012,14:48:28,17.3000,214,1
2026-04-08,601012,14:48:31,17.2900,432,2
2026-04-08,601012,14:48:34,17.3000,244,1
2026-04-08,601012,14:48:37,17.2900,122,2
2026-04-08,601012,14:48:40,17.3000,524,1
2026-04-08,601012,14:48:43,17.3000,93,1
2026-04-08,601012,14:48:46,17.3000,153,2
2026-04-08,601012,14:48:49,17.3000,1418,2
2026-04-08,601012,14:48:52,17.3000,285,1
2026-04-08,601012,14:48:55,17.3100,210,1
2026-04-08,601012,14:48:58,17.3000,102,4
2026-04-08,601012,14:49:01,17.3000,1005,2
2026-04-08,601012,14:49:04,17.3100,218,1
2026-04-08,601012,14:49:07,17.3000,175,2
2026-04-08,601012,14:49:10,17.3000,298,2
2026-04-08,601012,14:49:13,17.3000,204,1
2026-04-08,601012,14:49:16,17.3000,654,1
2026-04-08,601012,14:49:19,17.3000,112,2
2026-04-08,601012,14:49:22,17.3000,160,2
2026-04-08,601012,14:49:25,17.3000,1060,2
2026-04-08,601012,14:49:28,17.3100,172,1
2026-04-08,601012,14:49:31,17.3000,368,2
2026-04-08,601012,14:49:34,17.3000,169,2
2026-04-08,601012,14:49:37,17.3000,187,2
2026-04-08,601012,14:49:40,17.3000,93,2
2026-04-08,601012,14:49:43,17.3000,125,2
2026-04-08,601012,14:49:46,17.3000,552,2
2026-04-08,601012,14:49:49,17.3000,391,2
2026-04-08,601012,14:49:52,17.3000,109,2
2026-04-08,601012,14:49:55,17.3000,102,2
2026-04-08,601012,14:49:58,17.3100,170,1
2026-04-08,601012,14:50:01,17.3000,144,2
2026-04-08,601012,14:50:04,17.3000,297,2
2026-04-08,601012,14:50:07,17.3000,252,2
2026-04-08,601012,14:50:10,17.3100,912,1
2026-04-08,601012,14:50:13,17.3100,277,1
2026-04-08,601012,14:50:16,17.3000,277,2
2026-04-08,601012,14:50:19,17.3000,213,2
2026-04-08,601012,14:50:22,17.3000,314,2
2026-04-08,601012,14:50:25,17.3000,60,2
2026-04-08,601012,14:50:28,17.3000,329,2
2026-04-08,601012,14:50:31,17.3000,421,2
2026-04-08,601012,14:50:34,17.3000,148,2
2026-04-08,601012,14:50:37,17.3100,129,1
2026-04-08,601012,14:50:40,17.3000,757,2
2026-04-08,601012,14:50:43,17.3100,405,1
2026-04-08,601012,14:50:46,17.3000,130,2
2026-04-08,601012,14:50:49,17.3000,131,2
2026-04-08,601012,14:50:52,17.3000,114,2
2026-04-08,601012,14:50:55,17.3000,325,2
2026-04-08,601012,14:50:58,17.3100,354,1
2026-04-08,601012,14:51:01,17.3000,85,2
2026-04-08,601012,14:51:04,17.3000,252,2
2026-04-08,601012,14:51:07,17.3000,267,2
2026-04-08,601012,14:51:10,17.3000,184,2
2026-04-08,601012,14:51:13,17.3100,105,1
2026-04-08,601012,14:51:16,17.3000,557,2
2026-04-08,601012,14:51:19,17.3000,405,2
2026-04-08,601012,14:51:22,17.3100,389,1
2026-04-08,601012,14:51:25,17.3100,228,1
2026-04-08,601012,14:51:28,17.3100,163,1
2026-04-08,601012,14:51:31,17.3000,92,2
2026-04-08,601012,14:51:34,17.3000,144,2
2026-04-08,601012,14:51:37,17.3000,105,2
2026-04-08,601012,14:51:40,17.3000,64,2
2026-04-08,601012,14:51:43,17.3100,117,1
2026-04-08,601012,14:51:46,17.3100,194,1
2026-04-08,601012,14:51:49,17.3100,305,1
2026-04-08,601012,14:51:52,17.3000,156,2
2026-04-08,601012,14:51:55,17.3000,164,2
2026-04-08,601012,14:51:58,17.3100,77,1
2026-04-08,601012,14:52:01,17.3000,280,2
2026-04-08,601012,14:52:04,17.3100,174,1
2026-04-08,601012,14:52:07,17.3100,206,1
2026-04-08,601012,14:52:10,17.3100,2826,1
2026-04-08,601012,14:52:13,17.3100,316,1
2026-04-08,601012,14:52:16,17.3200,279,1
2026-04-08,601012,14:52:19,17.3200,106,1
2026-04-08,601012,14:52:22,17.3100,761,2
2026-04-08,601012,14:52:25,17.3200,137,1
2026-04-08,601012,14:52:28,17.3200,307,1
2026-04-08,601012,14:52:31,17.3200,133,1
2026-04-08,601012,14:52:34,17.3200,282,1
2026-04-08,601012,14:52:37,17.3200,421,1
2026-04-08,601012,14:52:40,17.3200,113,1
2026-04-08,601012,14:52:43,17.3100,478,2
2026-04-08,601012,14:52:46,17.3200,330,1
2026-04-08,601012,14:52:49,17.3100,252,2
2026-04-08,601012,14:52:52,17.3100,150,2
2026-04-08,601012,14:52:55,17.3100,175,2
2026-04-08,601012,14:52:58,17.3200,308,1
2026-04-08,601012,14:53:01,17.3100,206,2
2026-04-08,601012,14:53:04,17.3100,1854,2
2026-04-08,601012,14:53:07,17.3200,2233,1
2026-04-08,601012,14:53:10,17.3100,219,2
2026-04-08,601012,14:53:13,17.3100,137,2
2026-04-08,601012,14:53:16,17.3100,192,2
2026-04-08,601012,14:53:19,17.3200,129,1
2026-04-08,601012,14:53:22,17.3100,201,2
2026-04-08,601012,14:53:25,17.3200,233,1
2026-04-08,601012,14:53:28,17.3200,126,1
2026-04-08,601012,14:53:31,17.3200,134,1
2026-04-08,601012,14:53:34,17.3200,463,1
2026-04-08,601012,14:53:37,17.3200,111,1
2026-04-08,601012,14:53:40,17.3200,309,1
2026-04-08,601012,14:53:43,17.3200,221,1
2026-04-08,601012,14:53:46,17.3100,99,2
2026-04-08,601012,14:53:49,17.3200,264,1
2026-04-08,601012,14:53:52,17.3200,513,1
2026-04-08,601012,14:53:55,17.3200,193,1
2026-04-08,601012,14:53:58,17.3200,1820,1
2026-04-08,601012,14:54:01,17.3200,232,1
2026-04-08,601012,14:54:04,17.3100,349,2
2026-04-08,601012,14:54:07,17.3200,419,1
2026-04-08,601012,14:54:10,17.3100,100,2
2026-04-08,601012,14:54:13,17.3100,136,2
2026-04-08,601012,14:54:16,17.3100,2082,2
2026-04-08,601012,14:54:19,17.3200,256,1
2026-04-08,601012,14:54:22,17.3200,406,1
2026-04-08,601012,14:54:25,17.3100,263,2
2026-04-08,601012,14:54:28,17.3200,201,1
2026-04-08,601012,14:54:31,17.3100,100,2
2026-04-08,601012,14:54:34,17.3200,338,1
2026-04-08,601012,14:54:37,17.3200,780,1
2026-04-08,601012,14:54:40,17.3200,210,1
2026-04-08,601012,14:54:43,17.3200,180,1
2026-04-08,601012,14:54:46,17.3200,436,1
2026-04-08,601012,14:54:49,17.3100,1036,2
2026-04-08,601012,14:54:52,17.3200,226,1
2026-04-08,601012,14:54:55,17.3100,806,2
2026-04-08,601012,14:54:58,17.3100,267,1
2026-04-08,601012,14:55:01,17.3100,1049,1
2026-04-08,601012,14:55:04,17.3200,469,1
2026-04-08,601012,14:55:07,17.3100,636,2
2026-04-08,601012,14:55:10,17.3100,289,2
2026-04-08,601012,14:55:13,17.3100,232,1
2026-04-08,601012,14:55:16,17.3000,502,2
2026-04-08,601012,14:55:19,17.3100,575,1
2026-04-08,601012,14:55:22,17.3100,219,2
2026-04-08,601012,14:55:25,17.3200,266,1
2026-04-08,601012,14:55:28,17.3200,520,1
2026-04-08,601012,14:55:31,17.3200,188,1
2026-04-08,601012,14:55:34,17.3200,344,1
2026-04-08,601012,14:55:37,17.3100,1137,2
2026-04-08,601012,14:55:40,17.3100,505,1
2026-04-08,601012,14:55:43,17.3100,459,1
2026-04-08,601012,14:55:46,17.3000,583,2
2026-04-08,601012,14:55:49,17.3100,308,1
2026-04-08,601012,14:55:52,17.3100,347,1
2026-04-08,601012,14:55:55,17.3100,415,2
2026-04-08,601012,14:55:58,17.3100,279,2
2026-04-08,601012,14:56:01,17.3200,388,1
2026-04-08,601012,14:56:04,17.3100,225,1
2026-04-08,601012,14:56:07,17.3100,638,2
2026-04-08,601012,14:56:10,17.3100,304,2
2026-04-08,601012,14:56:13,17.3100,221,2
2026-04-08,601012,14:56:16,17.3200,219,1
2026-04-08,601012,14:56:19,17.3200,545,1
2026-04-08,601012,14:56:22,17.3200,362,1
2026-04-08,601012,14:56:25,17.3100,455,2
2026-04-08,601012,14:56:28,17.3200,112,1
2026-04-08,601012,14:56:31,17.3100,821,2
2026-04-08,601012,14:56:34,17.3200,231,1
2026-04-08,601012,14:56:37,17.3100,463,2
2026-04-08,601012,14:56:40,17.3200,1128,1
2026-04-08,601012,14:56:43,17.3100,575,2
2026-04-08,601012,14:56:46,17.3200,449,1
2026-04-08,601012,14:56:49,17.3200,104,1
2026-04-08,601012,14:56:52,17.3100,342,2
2026-04-08,601012,14:56:55,17.3100,365,2
2026-04-08,601012,14:56:58,17.3100,545,2
2026-04-08,601012,14:57:01,17.3100,528,2
2026-04-08,601012,15:00:03,17.3200,22305,4
2026-04-08,601012,13:17:04,17.3000,53,1
2026-04-08,601012,13:17:07,17.2900,235,2
2026-04-08,601012,13:17:10,17.3000,135,1
2026-04-08,601012,13:17:13,17.3000,41,1
2026-04-08,601012,13:17:16,17.3000,68,1
2026-04-08,601012,13:17:19,17.3000,107,1
2026-04-08,601012,13:17:22,17.3000,123,1
2026-04-08,601012,13:17:25,17.2900,67,2
2026-04-08,601012,13:17:28,17.3000,633,1
2026-04-08,601012,13:17:31,17.2900,245,2
2026-04-08,601012,13:17:34,17.3000,75,1
2026-04-08,601012,13:17:37,17.3000,53,1
2026-04-08,601012,13:17:40,17.2900,35,2
2026-04-08,601012,13:17:43,17.3000,106,1
2026-04-08,601012,13:17:46,17.3000,443,1
2026-04-08,601012,13:17:49,17.3000,107,1
2026-04-08,601012,13:17:52,17.3000,495,1
2026-04-08,601012,13:17:55,17.3000,251,1
2026-04-08,601012,13:17:58,17.3000,186,1
2026-04-08,601012,13:18:01,17.3000,200,1
2026-04-08,601012,13:18:04,17.3000,112,1
2026-04-08,601012,13:18:07,17.3000,95,1
2026-04-08,601012,13:18:10,17.3000,144,1
2026-04-08,601012,13:18:13,17.3000,703,1
2026-04-08,601012,13:18:16,17.3000,137,1
2026-04-08,601012,13:18:19,17.3000,291,1
2026-04-08,601012,13:18:22,17.3000,156,1
2026-04-08,601012,13:18:25,17.3000,118,1
2026-04-08,601012,13:18:28,17.3000,79,1
2026-04-08,601012,13:18:31,17.3000,92,1
2026-04-08,601012,13:18:34,17.3000,225,1
2026-04-08,601012,13:18:37,17.3000,584,1
2026-04-08,601012,13:18:40,17.3000,131,1
2026-04-08,601012,13:18:43,17.3000,191,1
2026-04-08,601012,13:18:46,17.3000,157,1
2026-04-08,601012,13:18:49,17.3000,653,1
2026-04-08,601012,13:18:52,17.2900,262,2
2026-04-08,601012,13:18:55,17.2900,138,2
2026-04-08,601012,13:18:58,17.2900,64,2
2026-04-08,601012,13:19:01,17.2900,175,2
2026-04-08,601012,13:19:04,17.2900,173,2
2026-04-08,601012,13:19:07,17.3000,75,1
2026-04-08,601012,13:19:10,17.2900,307,2
2026-04-08,601012,13:19:13,17.3000,58,1
2026-04-08,601012,13:19:16,17.2900,83,2
2026-04-08,601012,13:19:19,17.3000,71,1
2026-04-08,601012,13:19:22,17.2900,143,2
2026-04-08,601012,13:19:25,17.3000,137,1
2026-04-08,601012,13:19:28,17.3000,143,1
2026-04-08,601012,13:19:31,17.2900,1445,2
2026-04-08,601012,13:19:34,17.3000,352,1
2026-04-08,601012,13:19:37,17.3000,454,1
2026-04-08,601012,13:19:40,17.3000,139,1
2026-04-08,601012,13:19:43,17.3000,112,1
2026-04-08,601012,13:19:46,17.3000,63,1
2026-04-08,601012,13:19:49,17.2900,215,2
2026-04-08,601012,13:19:52,17.3000,202,1
2026-04-08,601012,13:19:55,17.3000,100,1
2026-04-08,601012,13:19:58,17.2900,51,2
2026-04-08,601012,13:20:01,17.3000,247,1
2026-04-08,601012,13:20:04,17.3000,35,1
2026-04-08,601012,13:20:07,17.3000,77,1
2026-04-08,601012,13:20:10,17.3000,34,1
2026-04-08,601012,13:20:13,17.2900,62,2
2026-04-08,601012,13:20:16,17.2900,191,2
2026-04-08,601012,13:20:19,17.2900,46,2
2026-04-08,601012,13:20:22,17.2900,38,2
2026-04-08,601012,13:20:25,17.3000,149,1
2026-04-08,601012,13:20:28,17.3000,477,1
2026-04-08,601012,13:20:31,17.2900,282,2
2026-04-08,601012,13:20:34,17.3000,134,1
2026-04-08,601012,13:20:37,17.2900,74,2
2026-04-08,601012,13:20:40,17.3000,223,1
2026-04-08,601012,13:20:43,17.3000,70,1
2026-04-08,601012,13:20:46,17.3000,124,1
2026-04-08,601012,13:20:49,17.3000,280,1
2026-04-08,601012,13:20:52,17.3000,2420,1
2026-04-08,601012,13:20:55,17.3000,312,2
2026-04-08,601012,13:20:58,17.3000,242,2
2026-04-08,601012,13:21:01,17.3000,258,2
2026-04-08,601012,13:21:04,17.3100,419,1
2026-04-08,601012,13:21:07,17.3000,134,2
2026-04-08,601012,13:21:10,17.3100,179,1
2026-04-08,601012,13:21:13,17.3100,113,1
2026-04-08,601012,13:21:16,17.3100,169,1
2026-04-08,601012,13:21:19,17.3100,295,1
2026-04-08,601012,13:21:22,17.3100,197,1
2026-04-08,601012,13:21:25,17.3100,60,1
2026-04-08,601012,13:21:28,17.3100,96,1
2026-04-08,601012,13:21:31,17.3100,136,1
2026-04-08,601012,13:21:34,17.3100,662,1
2026-04-08,601012,13:21:37,17.3100,220,1
2026-04-08,601012,13:21:40,17.3100,156,1
2026-04-08,601012,13:21:43,17.3100,471,1
2026-04-08,601012,13:21:46,17.3100,215,1
2026-04-08,601012,13:21:49,17.3100,69,1
2026-04-08,601012,13:21:52,17.3100,213,1
2026-04-08,601012,13:21:55,17.3100,191,1
2026-04-08,601012,13:21:58,17.3100,142,2
2026-04-08,601012,13:22:01,17.3100,105,1
2026-04-08,601012,13:22:04,17.3100,146,1
2026-04-08,601012,13:22:07,17.3100,84,1
2026-04-08,601012,13:22:10,17.3100,313,1
2026-04-08,601012,13:22:13,17.3100,104,1
2026-04-08,601012,13:22:16,17.3200,696,1
2026-04-08,601012,13:22:19,17.3200,237,1
2026-04-08,601012,13:22:22,17.3100,116,1
2026-04-08,601012,13:22:25,17.3000,67,2
2026-04-08,601012,13:22:28,17.3100,112,1
2026-04-08,601012,13:22:31,17.3100,138,1
2026-04-08,601012,13:22:34,17.3200,77,1
2026-04-08,601012,13:22:37,17.3200,61,1
2026-04-08,601012,13:22:40,17.3200,97,1
2026-04-08,601012,13:22:43,17.3200,98,1
2026-04-08,601012,13:22:46,17.3200,137,1
2026-04-08,601012,13:22:49,17.3200,248,1
2026-04-08,601012,13:22:52,17.3100,153,2
2026-04-08,601012,13:22:55,17.3200,76,1
2026-04-08,601012,13:22:58,17.3200,29,1
2026-04-08,601012,13:23:01,17.3200,212,1
2026-04-08,601012,13:23:04,17.3200,108,1
2026-04-08,601012,13:23:07,17.3200,197,1
2026-04-08,601012,13:23:10,17.3200,128,1
2026-04-08,601012,13:23:13,17.3100,34,2
2026-04-08,601012,13:23:16,17.3100,91,2
2026-04-08,601012,13:23:19,17.3200,171,1
2026-04-08,601012,13:23:22,17.3200,564,1
2026-04-08,601012,13:23:25,17.3100,203,4
2026-04-08,601012,13:23:28,17.3100,237,1
2026-04-08,601012,13:23:31,17.3000,59,2
2026-04-08,601012,13:23:34,17.3100,193,1
2026-04-08,601012,13:23:37,17.3000,95,2
2026-04-08,601012,13:23:40,17.3000,207,2
2026-04-08,601012,13:23:43,17.3100,35,1
2026-04-08,601012,13:23:46,17.3100,631,1
2026-04-08,601012,13:23:49,17.3100,167,1
2026-04-08,601012,13:23:52,17.3200,250,1
2026-04-08,601012,13:23:55,17.3100,67,1
2026-04-08,601012,13:23:58,17.3100,127,1
2026-04-08,601012,13:24:01,17.3100,184,1
2026-04-08,601012,13:24:04,17.3100,113,1
2026-04-08,601012,13:24:07,17.3000,140,2
2026-04-08,601012,13:24:10,17.3100,58,1
2026-04-08,601012,13:24:13,17.3000,153,2
2026-04-08,601012,13:24:16,17.3000,87,2
2026-04-08,601012,13:24:19,17.3000,309,2
2026-04-08,601012,13:24:22,17.3100,117,1
2026-04-08,601012,13:24:25,17.3000,99,2
2026-04-08,601012,13:24:28,17.3000,36,2
2026-04-08,601012,13:24:31,17.3100,43,1
2026-04-08,601012,13:24:34,17.3100,87,1
2026-04-08,601012,13:24:37,17.3000,127,2
2026-04-08,601012,13:24:40,17.3000,37,2
2026-04-08,601012,13:24:43,17.3000,66,2
2026-04-08,601012,13:24:46,17.3000,143,2
2026-04-08,601012,13:24:49,17.3100,276,1
2026-04-08,601012,13:24:52,17.3100,152,1
2026-04-08,601012,13:24:55,17.3100,387,1
2026-04-08,601012,13:24:58,17.3000,194,2
2026-04-08,601012,13:25:01,17.3100,66,1
2026-04-08,601012,13:25:04,17.3100,226,1
2026-04-08,601012,13:25:07,17.3100,12,1
2026-04-08,601012,13:25:10,17.3100,140,1
2026-04-08,601012,13:25:13,17.3200,2147,1
2026-04-08,601012,13:25:16,17.3200,365,1
2026-04-08,601012,13:25:19,17.3200,258,1
2026-04-08,601012,13:25:22,17.3200,66,1
2026-04-08,601012,13:25:25,17.3200,312,1
2026-04-08,601012,13:25:28,17.3200,129,1
2026-04-08,601012,13:25:31,17.3100,195,2
2026-04-08,601012,13:25:34,17.3200,361,1
2026-04-08,601012,13:25:37,17.3100,437,2
2026-04-08,601012,13:25:40,17.3200,104,1
2026-04-08,601012,13:25:43,17.3200,148,1
2026-04-08,601012,13:25:46,17.3100,263,2
2026-04-08,601012,13:25:49,17.3100,157,2
2026-04-08,601012,13:25:52,17.3200,210,1
2026-04-08,601012,13:25:55,17.3200,62,1
2026-04-08,601012,13:25:58,17.3200,190,1
2026-04-08,601012,13:26:01,17.3200,202,1
2026-04-08,601012,13:26:04,17.3200,131,1
2026-04-08,601012,13:26:07,17.3100,214,2
2026-04-08,601012,13:26:10,17.3200,115,1
2026-04-08,601012,13:26:13,17.3200,234,1
2026-04-08,601012,13:26:16,17.3200,46,1
2026-04-08,601012,13:26:19,17.3100,256,2
2026-04-08,601012,13:26:22,17.3100,156,2
2026-04-08,601012,13:26:25,17.3100,101,2
2026-04-08,601012,13:26:28,17.3200,56,1
2026-04-08,601012,13:26:31,17.3200,132,1
2026-04-08,601012,13:26:34,17.3200,169,1
2026-04-08,601012,13:26:37,17.3200,70,1
2026-04-08,601012,13:26:40,17.3200,140,1
2026-04-08,601012,13:26:43,17.3200,2294,1
2026-04-08,601012,13:26:46,17.3200,630,1
2026-04-08,601012,13:26:49,17.3300,113,1
2026-04-08,601012,13:26:52,17.3300,106,1
2026-04-08,601012,13:26:55,17.3200,516,2
2026-04-08,601012,13:26:58,17.3300,293,1
2026-04-08,601012,13:27:01,17.3300,145,1
2026-04-08,601012,13:27:04,17.3200,1470,2
2026-04-08,601012,13:27:07,17.3200,964,1
2026-04-08,601012,13:27:10,17.3300,238,1
2026-04-08,601012,13:27:13,17.3200,32,2
2026-04-08,601012,13:27:16,17.3300,455,1
2026-04-08,601012,13:27:19,17.3200,339,2
2026-04-08,601012,13:27:22,17.3200,975,2
2026-04-08,601012,13:27:25,17.3300,1422,1
2026-04-08,601012,13:27:28,17.3300,225,2
2026-04-08,601012,13:27:31,17.3400,304,1
2026-04-08,601012,13:27:34,17.3300,829,2
2026-04-08,601012,13:27:37,17.3400,213,1
2026-04-08,601012,13:27:40,17.3300,205,4
2026-04-08,601012,13:27:43,17.3400,286,1
2026-04-08,601012,13:27:46,17.3300,90,2
2026-04-08,601012,13:27:49,17.3400,461,1
2026-04-08,601012,13:27:52,17.3400,111,1
2026-04-08,601012,13:27:55,17.3300,230,2
2026-04-08,601012,13:27:58,17.3400,187,1
2026-04-08,601012,13:28:01,17.3400,1243,1
2026-04-08,601012,13:28:04,17.3400,311,1
2026-04-08,601012,13:28:07,17.3300,383,2
2026-04-08,601012,13:28:10,17.3400,240,1
2026-04-08,601012,13:28:13,17.3400,80,1
2026-04-08,601012,13:28:16,17.3400,221,1
2026-04-08,601012,13:28:19,17.3300,363,2
2026-04-08,601012,13:28:22,17.3400,4617,1
2026-04-08,601012,13:28:25,17.3500,983,1
2026-04-08,601012,13:28:28,17.3300,1119,2
2026-04-08,601012,13:28:31,17.3500,333,1
2026-04-08,601012,13:28:34,17.3400,145,2
2026-04-08,601012,13:28:37,17.3400,362,2
2026-04-08,601012,13:28:40,17.3400,439,2
2026-04-08,601012,13:28:43,17.3500,302,1
2026-04-08,601012,13:28:46,17.3400,146,2
2026-04-08,601012,13:28:49,17.3500,165,1
2026-04-08,601012,13:28:52,17.3500,346,1
2026-04-08,601012,13:28:55,17.3500,211,1
2026-04-08,601012,13:28:58,17.3500,130,1
2026-04-08,601012,13:29:01,17.3400,139,2
2026-04-08,601012,13:29:04,17.3500,1774,1
2026-04-08,601012,13:29:07,17.3500,277,1
2026-04-08,601012,13:29:10,17.3400,629,2
2026-04-08,601012,13:29:13,17.3400,79,1
2026-04-08,601012,13:29:16,17.3400,926,1
2026-04-08,601012,13:29:19,17.3400,313,1
2026-04-08,601012,13:29:22,17.3300,720,2
2026-04-08,601012,13:29:25,17.3400,342,1
2026-04-08,601012,13:29:28,17.3300,465,2
2026-04-08,601012,13:29:31,17.3300,1284,2
2026-04-08,601012,13:29:34,17.3300,178,2
2026-04-08,601012,13:29:37,17.3300,289,1
2026-04-08,601012,13:29:40,17.3300,77,1
2026-04-08,601012,13:29:43,17.3300,84,1
2026-04-08,601012,13:29:46,17.3300,362,1
2026-04-08,601012,13:29:49,17.3300,360,1
2026-04-08,601012,13:29:52,17.3200,70,2
2026-04-08,601012,13:29:55,17.3200,330,2
2026-04-08,601012,13:29:58,17.3200,418,2
2026-04-08,601012,13:30:01,17.3200,415,2
2026-04-08,601012,13:30:04,17.3200,381,2
2026-04-08,601012,13:30:07,17.3200,415,2
2026-04-08,601012,13:30:10,17.3200,645,2
2026-04-08,601012,13:30:13,17.3200,194,1
2026-04-08,601012,13:30:16,17.3200,173,1
2026-04-08,601012,13:30:19,17.3200,52,1
2026-04-08,601012,13:30:22,17.3200,325,1
2026-04-08,601012,13:30:25,17.3200,944,1
2026-04-08,601012,13:30:28,17.3200,123,1
2026-04-08,601012,13:30:31,17.3200,554,1
2026-04-08,601012,13:30:34,17.3100,500,2
2026-04-08,601012,13:30:37,17.3100,295,2
2026-04-08,601012,13:30:40,17.3200,261,1
2026-04-08,601012,13:30:43,17.3200,645,1
2026-04-08,601012,13:30:46,17.3200,579,1
2026-04-08,601012,13:30:49,17.3100,238,2
2026-04-08,601012,13:30:52,17.3100,204,1
2026-04-08,601012,13:30:55,17.3100,246,1
2026-04-08,601012,13:30:58,17.3100,594,1
2026-04-08,601012,13:31:01,17.3100,331,1
2026-04-08,601012,13:31:04,17.3200,253,1
2026-04-08,601012,13:31:07,17.3200,179,1
2026-04-08,601012,13:31:10,17.3100,228,4
2026-04-08,601012,13:31:13,17.3000,202,2
2026-04-08,601012,13:31:16,17.3100,78,1
2026-04-08,601012,13:31:19,17.3100,252,1
2026-04-08,601012,13:31:22,17.3100,572,1
2026-04-08,601012,13:31:25,17.3100,180,1
2026-04-08,601012,13:31:28,17.3000,340,2
2026-04-08,601012,13:31:31,17.3100,172,1
2026-04-08,601012,13:31:34,17.3100,79,1
2026-04-08,601012,13:31:37,17.3100,310,1
2026-04-08,601012,13:31:40,17.3000,216,2
2026-04-08,601012,13:31:43,17.3000,294,2
2026-04-08,601012,13:31:46,17.3100,123,1
2026-04-08,601012,13:31:49,17.3000,377,2
2026-04-08,601012,13:31:52,17.3100,325,1
2026-04-08,601012,13:31:55,17.3000,281,2
2026-04-08,601012,13:31:58,17.3100,131,1
2026-04-08,601012,13:32:01,17.3000,559,2
2026-04-08,601012,13:32:04,17.3100,412,1
2026-04-08,601012,13:32:07,17.3000,269,2
2026-04-08,601012,13:32:10,17.3000,197,2
2026-04-08,601012,13:32:13,17.3100,211,1
2026-04-08,601012,13:32:16,17.3000,182,2
2026-04-08,601012,13:32:19,17.3000,192,2
2026-04-08,601012,13:32:22,17.3000,133,2
2026-04-08,601012,13:32:25,17.3100,161,1
2026-04-08,601012,13:32:28,17.3000,228,2
2026-04-08,601012,13:32:31,17.3000,152,2
2026-04-08,601012,13:32:34,17.3100,243,1
2026-04-08,601012,13:32:37,17.3100,113,1
2026-04-08,601012,13:32:40,17.3100,156,1
2026-04-08,601012,13:32:43,17.3000,339,2
2026-04-08,601012,13:32:46,17.3000,140,1
2026-04-08,601012,13:32:49,17.3000,109,1
2026-04-08,601012,13:32:52,17.3000,50,1
2026-04-08,601012,13:32:55,17.3000,232,1
2026-04-08,601012,13:32:58,17.3000,352,1
2026-04-08,601012,13:33:01,17.3000,132,2
2026-04-08,601012,13:33:04,17.3000,144,2
2026-04-08,601012,13:33:07,17.2900,216,2
2026-04-08,601012,13:33:10,17.3000,127,1
2026-04-08,601012,13:33:13,17.2900,488,2
2026-04-08,601012,13:33:16,17.3000,331,1
2026-04-08,601012,13:33:19,17.3000,167,1
2026-04-08,601012,13:33:22,17.3000,168,1
2026-04-08,601012,13:33:25,17.3000,61,1
2026-04-08,601012,13:33:28,17.3000,113,1
2026-04-08,601012,13:33:31,17.3000,82,1
2026-04-08,601012,13:33:34,17.3000,73,1
2026-04-08,601012,13:33:37,17.2900,84,2
2026-04-08,601012,13:33:40,17.3000,940,1
2026-04-08,601012,13:33:43,17.3100,2300,1
2026-04-08,601012,13:33:46,17.3100,498,2
2026-04-08,601012,13:33:49,17.3200,279,1
2026-04-08,601012,13:33:52,17.3200,754,1
2026-04-08,601012,13:33:55,17.3100,293,2
2026-04-08,601012,13:33:58,17.3200,456,1
2026-04-08,601012,13:34:01,17.3200,261,1
2026-04-08,601012,13:34:04,17.3200,157,1
2026-04-08,601012,13:34:07,17.3100,52,4
2026-04-08,601012,13:34:10,17.3100,40,1
2026-04-08,601012,13:34:13,17.3100,27,1
2026-04-08,601012,13:34:16,17.3000,199,2
2026-04-08,601012,13:34:19,17.3100,62,1
2026-04-08,601012,13:34:22,17.3100,47,1
2026-04-08,601012,13:34:25,17.3100,105,1
2026-04-08,601012,13:34:28,17.3100,252,1
2026-04-08,601012,13:34:31,17.3200,74,1
2026-04-08,601012,13:34:34,17.3100,146,2
2026-04-08,601012,13:34:37,17.3100,42,1
2026-04-08,601012,13:34:40,17.3000,11,2
2026-04-08,601012,13:34:43,17.3100,75,1
2026-04-08,601012,13:34:46,17.3100,115,1
2026-04-08,601012,13:34:49,17.3100,98,1
2026-04-08,601012,13:34:52,17.3100,130,1
2026-04-08,601012,13:34:55,17.3100,192,2
2026-04-08,601012,13:34:58,17.3200,78,1
2026-04-08,601012,13:35:01,17.3100,282,2
2026-04-08,601012,13:35:04,17.3000,66,2
2026-04-08,601012,13:35:07,17.3100,125,1
2026-04-08,601012,13:35:10,17.3100,179,1
2026-04-08,601012,13:35:13,17.3100,172,1
2026-04-08,601012,13:35:16,17.3100,593,1
2026-04-08,601012,13:35:19,17.3200,149,1
2026-04-08,601012,13:35:22,17.3100,249,2
2026-04-08,601012,13:35:25,17.3200,90,1
2026-04-08,601012,13:35:28,17.3200,202,1
2026-04-08,601012,13:35:31,17.3200,584,1
2026-04-08,601012,13:35:34,17.3200,2578,1
2026-04-08,601012,13:35:37,17.3300,283,1
2026-04-08,601012,13:35:40,17.3300,233,1
2026-04-08,601012,13:35:43,17.3300,184,1
2026-04-08,601012,13:35:46,17.3300,131,1
2026-04-08,601012,13:35:49,17.3200,191,2
2026-04-08,601012,13:35:52,17.3200,28,2
2026-04-08,601012,13:35:55,17.3200,79,2
2026-04-08,601012,13:35:58,17.3200,76,2
2026-04-08,601012,13:36:01,17.3300,166,1
2026-04-08,601012,13:36:04,17.3300,86,1
2026-04-08,601012,13:36:07,17.3300,60,1
2026-04-08,601012,13:36:10,17.3200,45,2
2026-04-08,601012,13:36:13,17.3200,71,2
2026-04-08,601012,13:36:16,17.3300,52,1
2026-04-08,601012,13:36:19,17.3300,105,1
2026-04-08,601012,13:36:22,17.3300,43,1
2026-04-08,601012,13:36:25,17.3300,40,1
2026-04-08,601012,13:36:28,17.3300,55,1
2026-04-08,601012,13:36:31,17.3300,95,1
2026-04-08,601012,13:36:34,17.3200,41,2
2026-04-08,601012,13:36:37,17.3300,86,1
2026-04-08,601012,13:36:40,17.3200,83,2
2026-04-08,601012,13:36:43,17.3200,67,2
2026-04-08,601012,13:36:46,17.3200,382,2
2026-04-08,601012,13:36:49,17.3300,35,1
2026-04-08,601012,13:36:52,17.3200,113,2
2026-04-08,601012,13:36:55,17.3200,59,1
2026-04-08,601012,13:36:58,17.3200,81,1
2026-04-08,601012,13:37:01,17.3200,64,2
2026-04-08,601012,13:37:04,17.3200,28,2
2026-04-08,601012,13:37:07,17.3100,49,2
2026-04-08,601012,13:37:10,17.3300,1921,1
2026-04-08,601012,13:37:13,17.3400,126,1
2026-04-08,601012,13:37:16,17.3300,316,2
2026-04-08,601012,13:37:19,17.3400,113,1
2026-04-08,601012,13:37:22,17.3300,121,2
2026-04-08,601012,13:37:25,17.3300,91,2
2026-04-08,601012,13:37:28,17.3400,229,1
2026-04-08,601012,13:37:31,17.3400,117,1
2026-04-08,601012,13:37:34,17.3400,106,1
2026-04-08,601012,13:37:37,17.3400,600,1
2026-04-08,601012,13:37:40,17.3300,219,2
2026-04-08,601012,13:37:43,17.3400,337,1
2026-04-08,601012,13:37:46,17.3300,161,2
2026-04-08,601012,13:37:49,17.3300,56,2
2026-04-08,601012,13:37:52,17.3300,287,2
2026-04-08,601012,13:37:55,17.3400,134,1
2026-04-08,601012,13:37:58,17.3400,1010,1
2026-04-08,601012,13:38:01,17.3400,163,1
2026-04-08,601012,13:38:04,17.3400,202,1
2026-04-08,601012,13:38:07,17.3400,513,1
2026-04-08,601012,13:38:10,17.3400,132,1
2026-04-08,601012,13:38:13,17.3400,63,1
2026-04-08,601012,13:38:16,17.3300,117,2
2026-04-08,601012,13:38:19,17.3400,157,1
2026-04-08,601012,13:38:22,17.3400,79,1
2026-04-08,601012,13:38:25,17.3400,54,1
2026-04-08,601012,13:38:28,17.3400,209,1
2026-04-08,601012,13:38:31,17.3500,194,1
2026-04-08,601012,13:38:34,17.3400,158,2
2026-04-08,601012,13:38:37,17.3400,3495,1
2026-04-08,601012,13:38:40,17.3500,111,1
2026-04-08,601012,13:38:43,17.3500,837,1
2026-04-08,601012,13:38:46,17.3500,188,1
2026-04-08,601012,13:38:49,17.3500,155,1
2026-04-08,601012,13:38:52,17.3400,97,2
2026-04-08,601012,13:38:55,17.3400,358,2
2026-04-08,601012,13:38:58,17.3500,507,1
2026-04-08,601012,13:39:01,17.3800,14821,1
2026-04-08,601012,13:39:04,17.3900,4094,1
2026-04-08,601012,13:39:07,17.3900,1246,1
2026-04-08,601012,13:39:10,17.3900,1921,1
2026-04-08,601012,13:39:13,17.4000,378,1
2026-04-08,601012,13:39:16,17.4000,1168,1
2026-04-08,601012,13:39:19,17.4000,761,1
2026-04-08,601012,13:39:22,17.4000,968,1
2026-04-08,601012,13:39:25,17.4000,1330,1
2026-04-08,601012,13:39:28,17.4000,420,1
2026-04-08,601012,13:39:31,17.4100,1087,1
2026-04-08,601012,13:39:34,17.4100,371,1
2026-04-08,601012,13:39:37,17.4000,399,2
2026-04-08,601012,13:39:40,17.4100,700,1
2026-04-08,601012,13:39:43,17.4100,901,2
2026-04-08,601012,13:39:46,17.4100,383,1
2026-04-08,601012,13:39:49,17.4100,505,1
2026-04-08,601012,13:39:52,17.4000,463,2
2026-04-08,601012,13:39:55,17.4100,314,1
2026-04-08,601012,13:39:58,17.4100,185,1
2026-04-08,601012,13:40:01,17.4100,747,1
2026-04-08,601012,13:40:04,17.4100,1462,1
2026-04-08,601012,13:40:07,17.4100,400,2
2026-04-08,601012,13:40:10,17.4100,700,1
2026-04-08,601012,13:40:13,17.4100,948,1
2026-04-08,601012,13:40:16,17.4000,1333,2
2026-04-08,601012,13:40:19,17.4100,520,1
2026-04-08,601012,13:40:22,17.4100,505,1
2026-04-08,601012,13:40:25,17.4000,155,4
2026-04-08,601012,13:40:28,17.4100,272,1
2026-04-08,601012,13:40:31,17.4100,407,1
2026-04-08,601012,13:40:34,17.4000,1358,2
2026-04-08,601012,13:40:37,17.4100,275,1
2026-04-08,601012,13:40:40,17.4100,738,1
2026-04-08,601012,13:40:43,17.4100,265,1
2026-04-08,601012,13:40:46,17.4100,191,1
2026-04-08,601012,13:40:49,17.4000,560,2
2026-04-08,601012,13:40:52,17.4000,155,1
2026-04-08,601012,13:40:55,17.4000,151,1
2026-04-08,601012,13:40:58,17.3900,141,2
2026-04-08,601012,13:41:01,17.4000,190,1
2026-04-08,601012,13:41:04,17.3900,209,2
2026-04-08,601012,13:41:07,17.3900,171,2
2026-04-08,601012,13:41:10,17.3900,552,2
2026-04-08,601012,13:41:13,17.4000,651,1
2026-04-08,601012,13:41:16,17.4000,195,1
2026-04-08,601012,13:41:19,17.3900,274,2
2026-04-08,601012,13:41:22,17.4000,157,1
2026-04-08,601012,13:41:25,17.3900,209,4
2026-04-08,601012,13:41:28,17.4000,172,1
2026-04-08,601012,13:41:31,17.3900,92,2
2026-04-08,601012,13:41:34,17.3900,125,2
2026-04-08,601012,13:41:37,17.3900,119,1
2026-04-08,601012,13:41:40,17.3900,159,1
2026-04-08,601012,13:41:43,17.3900,311,1
2026-04-08,601012,13:41:46,17.3900,222,1
2026-04-08,601012,13:41:49,17.3900,342,1
2026-04-08,601012,13:41:52,17.3900,192,2
2026-04-08,601012,13:41:55,17.3900,108,2
2026-04-08,601012,13:41:58,17.4000,273,1
2026-04-08,601012,13:42:01,17.3900,103,2
2026-04-08,601012,13:42:04,17.3900,70,1
2026-04-08,601012,13:42:07,17.3900,136,1
2026-04-08,601012,13:42:10,17.3900,297,1
2026-04-08,601012,13:42:13,17.3900,146,1
2026-04-08,601012,13:42:16,17.3900,312,1
2026-04-08,601012,13:42:19,17.3900,256,1
2026-04-08,601012,13:42:22,17.3900,200,1
2026-04-08,601012,13:42:25,17.3900,19,1
2026-04-08,601012,13:42:28,17.3700,62,2
2026-04-08,601012,13:42:31,17.3800,79,1
2026-04-08,601012,13:42:34,17.3800,97,1
2026-04-08,601012,13:42:37,17.3800,104,1
2026-04-08,601012,13:42:40,17.3800,155,1
2026-04-08,601012,13:42:43,17.3700,188,2
2026-04-08,601012,13:42:46,17.3800,167,1
2026-04-08,601012,13:42:49,17.3700,241,2
2026-04-08,601012,13:42:52,17.3600,151,2
2026-04-08,601012,13:42:55,17.3700,97,1
2026-04-08,601012,13:42:58,17.3700,180,1
2026-04-08,601012,13:43:01,17.3600,87,2
2026-04-08,601012,13:43:04,17.3600,27,2
2026-04-08,601012,13:43:07,17.3600,432,2
2026-04-08,601012,13:43:10,17.3600,153,2
2026-04-08,601012,13:43:13,17.3700,45,1
2026-04-08,601012,13:43:16,17.3700,224,1
2026-04-08,601012,13:43:19,17.3700,124,1
2026-04-08,601012,13:43:22,17.3600,108,2
2026-04-08,601012,13:43:25,17.3700,60,1
2026-04-08,601012,13:43:28,17.3700,79,1
2026-04-08,601012,13:43:31,17.3700,137,1
2026-04-08,601012,13:43:34,17.3700,14,1
2026-04-08,601012,13:43:37,17.3600,53,2
2026-04-08,601012,13:43:40,17.3600,107,2
2026-04-08,601012,13:43:43,17.3600,173,2
2026-04-08,601012,13:43:46,17.3600,221,2
2026-04-08,601012,13:43:49,17.3600,143,2
2026-04-08,601012,13:43:52,17.3700,411,1
2026-04-08,601012,13:43:55,17.3700,176,1
2026-04-08,601012,13:43:58,17.3700,634,1
2026-04-08,601012,13:44:01,17.3600,108,2
2026-04-08,601012,13:44:04,17.3600,320,2
2026-04-08,601012,13:44:07,17.3600,218,2
2026-04-08,601012,13:44:10,17.3700,239,1
2026-04-08,601012,13:44:13,17.3700,77,1
2026-04-08,601012,13:44:16,17.3600,264,2
2026-04-08,601012,13:44:19,17.3600,134,1
2026-04-08,601012,13:44:22,17.3600,69,1
2026-04-08,601012,13:44:25,17.3700,95,1
2026-04-08,601012,13:44:28,17.3600,163,2
2026-04-08,601012,13:44:31,17.3700,60,1
2026-04-08,601012,13:44:34,17.3600,47,2
2026-04-08,601012,13:44:37,17.3700,47,1
2026-04-08,601012,13:44:40,17.3600,45,2
2026-04-08,601012,13:44:43,17.3700,79,1
2026-04-08,601012,13:44:46,17.3600,171,2
2026-04-08,601012,13:44:49,17.3600,115,2
2026-04-08,601012,13:44:52,17.3700,116,1
2026-04-08,601012,13:44:55,17.3700,204,1
2026-04-08,601012,13:44:58,17.3600,81,2
2026-04-08,601012,13:45:01,17.3600,189,1
2026-04-08,601012,13:45:04,17.3600,60,1
2026-04-08,601012,13:45:07,17.3500,57,2
2026-04-08,601012,13:45:10,17.3600,183,1
2026-04-08,601012,13:45:13,17.3600,48,1
2026-04-08,601012,13:45:16,17.3500,73,2
2026-04-08,601012,13:45:19,17.3500,30,2
2026-04-08,601012,13:45:22,17.3500,63,2
2026-04-08,601012,13:45:25,17.3500,73,2
2026-04-08,601012,13:45:28,17.3600,62,1
2026-04-08,601012,13:45:31,17.3600,275,1
2026-04-08,601012,13:45:34,17.3500,47,2
2026-04-08,601012,13:45:37,17.3600,87,1
2026-04-08,601012,13:45:40,17.3500,166,2
2026-04-08,601012,13:45:43,17.3600,101,1
2026-04-08,601012,13:45:46,17.3500,135,2
2026-04-08,601012,13:45:49,17.3600,198,1
2026-04-08,601012,13:45:52,17.3500,507,2
2026-04-08,601012,13:45:55,17.3500,496,2
2026-04-08,601012,13:45:58,17.3500,289,1
2026-04-08,601012,13:46:01,17.3500,186,1
2026-04-08,601012,13:46:04,17.3600,90,1
2026-04-08,601012,13:46:07,17.3600,187,1
2026-04-08,601012,13:46:10,17.3600,134,1
2026-04-08,601012,13:46:13,17.3600,59,1
2026-04-08,601012,13:46:16,17.3600,834,1
2026-04-08,601012,13:46:19,17.3600,214,1
2026-04-08,601012,13:46:22,17.3600,149,1
2026-04-08,601012,13:46:25,17.3600,856,1
2026-04-08,601012,13:46:28,17.3700,137,1
2026-04-08,601012,13:46:31,17.3600,577,2
2026-04-08,601012,13:46:34,17.3700,224,1
2026-04-08,601012,13:46:37,17.3700,56,1
2026-04-08,601012,13:46:40,17.3700,1054,1
2026-04-08,601012,13:46:43,17.3600,51,2
2026-04-08,601012,13:46:46,17.3600,269,2
2026-04-08,601012,13:46:49,17.3700,106,1
2026-04-08,601012,13:46:52,17.3600,163,2
2026-04-08,601012,13:46:55,17.3700,45,1
2026-04-08,601012,13:46:58,17.3700,95,1
2026-04-08,601012,13:47:01,17.3600,87,2
2026-04-08,601012,13:47:04,17.3700,231,1
2026-04-08,601012,13:47:07,17.3600,298,2
2026-04-08,601012,13:47:10,17.3700,381,1
2026-04-08,601012,13:47:13,17.3700,143,1
2026-04-08,601012,13:47:16,17.3700,921,2
2026-04-08,601012,13:47:19,17.3700,202,1
2026-04-08,601012,13:47:22,17.3700,61,1
2026-04-08,601012,13:47:25,17.3700,832,2
2026-04-08,601012,13:47:28,17.3700,71,2
2026-04-08,601012,13:47:31,17.3800,680,1
2026-04-08,601012,13:47:34,17.3800,798,1
2026-04-08,601012,13:47:37,17.3900,751,1
2026-04-08,601012,13:47:40,17.3900,232,1
2026-04-08,601012,13:47:43,17.4000,547,1
2026-04-08,601012,13:47:46,17.3900,976,4
2026-04-08,601012,13:47:49,17.3900,112,1
2026-04-08,601012,13:47:52,17.3800,320,2
2026-04-08,601012,13:47:55,17.3800,72,4
2026-04-08,601012,13:47:58,17.3700,44,2
2026-04-08,601012,13:48:01,17.4000,1064,1
2026-04-08,601012,13:48:04,17.4000,1418,1
2026-04-08,601012,13:48:07,17.3800,331,2
2026-04-08,601012,13:48:10,17.4000,528,1
2026-04-08,601012,13:48:13,17.3900,225,1
2026-04-08,601012,13:48:16,17.4000,217,1
2026-04-08,601012,13:48:19,17.3900,78,2
2026-04-08,601012,13:48:22,17.3800,284,4
2026-04-08,601012,13:48:25,17.3900,124,1
2026-04-08,601012,13:48:28,17.3900,106,1
2026-04-08,601012,13:48:31,17.3900,110,1
2026-04-08,601012,13:48:34,17.3800,935,2
2026-04-08,601012,13:48:37,17.3800,113,2
2026-04-08,601012,13:48:40,17.4000,960,1
2026-04-08,601012,13:48:43,17.3900,115,1
2026-04-08,601012,13:48:46,17.3800,285,2
2026-04-08,601012,13:48:49,17.3900,353,4
2026-04-08,601012,13:48:52,17.3800,267,2
2026-04-08,601012,13:48:55,17.3800,18,1
2026-04-08,601012,13:48:58,17.3800,200,1
2026-04-08,601012,13:49:01,17.3800,34,4
2026-04-08,601012,13:49:04,17.3800,75,4
2026-04-08,601012,13:49:07,17.3700,201,2
2026-04-08,601012,13:49:10,17.3700,118,1
2026-04-08,601012,13:49:13,17.3700,80,4
2026-04-08,601012,13:49:16,17.3600,606,2
2026-04-08,601012,13:49:19,17.3600,82,2
2026-04-08,601012,13:49:22,17.3600,111,2
2026-04-08,601012,13:49:25,17.3600,56,1
2026-04-08,601012,13:49:28,17.3500,42,2
2026-04-08,601012,13:49:31,17.3500,92,2
2026-04-08,601012,13:49:34,17.3500,607,2
2026-04-08,601012,13:49:37,17.3500,127,2
2026-04-08,601012,13:49:40,17.3600,76,1
2026-04-08,601012,13:49:43,17.3500,76,2
2026-04-08,601012,13:49:46,17.3500,338,2
2026-04-08,601012,13:49:49,17.3500,63,2
2026-04-08,601012,13:49:52,17.3500,374,2
2026-04-08,601012,13:49:55,17.3500,19,2
2026-04-08,601012,13:49:58,17.3500,867,2
2026-04-08,601012,13:50:01,17.3500,34,2
2026-04-08,601012,13:50:04,17.3500,39,2
2026-04-08,601012,13:50:07,17.3500,54,2
2026-04-08,601012,13:50:10,17.3500,360,2
2026-04-08,601012,13:50:13,17.3500,90,2
2026-04-08,601012,13:50:16,17.3600,189,1
2026-04-08,601012,13:50:19,17.3500,558,2
2026-04-08,601012,13:50:22,17.3600,21,1
2026-04-08,601012,13:50:25,17.3600,32,1
2026-04-08,601012,13:50:28,17.3500,91,2
2026-04-08,601012,13:50:31,17.3500,38,2
2026-04-08,601012,13:50:34,17.3600,60,1
2026-04-08,601012,13:50:37,17.3500,38,2
2026-04-08,601012,13:50:40,17.3600,8,1
2026-04-08,601012,13:50:43,17.3500,72,2
2026-04-08,601012,13:50:46,17.3500,142,2
2026-04-08,601012,13:50:49,17.3500,84,2
2026-04-08,601012,13:50:52,17.3500,60,2
2026-04-08,601012,13:50:55,17.3600,66,1
2026-04-08,601012,13:50:58,17.3600,135,1
2026-04-08,601012,13:51:01,17.3500,141,2
2026-04-08,601012,13:51:04,17.3600,52,1
2026-04-08,601012,13:51:07,17.3500,54,2
2026-04-08,601012,13:51:10,17.3500,1268,2
2026-04-08,601012,13:51:13,17.3400,73,2
2026-04-08,601012,13:51:16,17.3500,222,1
2026-04-08,601012,13:51:19,17.3400,94,2
2026-04-08,601012,13:51:22,17.3400,1059,2
2026-04-08,601012,13:51:25,17.3400,107,2
2026-04-08,601012,13:51:28,17.3400,144,2
2026-04-08,601012,13:51:31,17.3400,339,2
2026-04-08,601012,13:51:34,17.3300,33,2
2026-04-08,601012,13:51:37,17.3400,29,1
2026-04-08,601012,13:51:40,17.3300,49,2
2026-04-08,601012,13:51:43,17.3400,51,1
2026-04-08,601012,13:51:46,17.3400,559,1
2026-04-08,601012,13:51:49,17.3400,238,2
2026-04-08,601012,13:51:52,17.3400,240,2
2026-04-08,601012,13:51:55,17.3300,535,2
2026-04-08,601012,13:51:58,17.3400,84,1
2026-04-08,601012,13:52:01,17.3300,29,2
2026-04-08,601012,13:52:04,17.3400,100,1
2026-04-08,601012,13:52:07,17.3400,54,1
2026-04-08,601012,13:52:10,17.3400,75,1
2026-04-08,601012,13:52:13,17.3400,367,1
2026-04-08,601012,13:52:16,17.3400,18,2
2026-04-08,601012,13:52:19,17.3400,32,2
2026-04-08,601012,13:52:22,17.3400,166,2
2026-04-08,601012,13:52:25,17.3400,157,2
2026-04-08,601012,13:52:28,17.3400,66,2
2026-04-08,601012,13:52:31,17.3500,118,1
2026-04-08,601012,13:52:34,17.3400,130,2
2026-04-08,601012,13:52:37,17.3500,136,1
2026-04-08,601012,13:52:40,17.3400,385,2
2026-04-08,601012,13:52:43,17.3400,236,2
2026-04-08,601012,13:52:46,17.3500,16,1
2026-04-08,601012,13:52:49,17.3400,61,2
2026-04-08,601012,13:52:52,17.3500,24,1
2026-04-08,601012,13:52:55,17.3400,55,2
2026-04-08,601012,13:52:58,17.3400,260,2
2026-04-08,601012,13:53:01,17.3400,106,2
2026-04-08,601012,13:53:04,17.3400,15,1
2026-04-08,601012,13:53:07,17.3400,41,1
2026-04-08,601012,13:53:10,17.3400,26,1
2026-04-08,601012,13:53:13,17.3400,31,1
2026-04-08,601012,13:53:16,17.3400,117,1
2026-04-08,601012,13:53:19,17.3400,69,1
2026-04-08,601012,13:53:22,17.3400,73,1
2026-04-08,601012,13:53:25,17.3300,63,2
2026-04-08,601012,13:53:28,17.3300,36,2
2026-04-08,601012,13:53:31,17.3300,55,2
2026-04-08,601012,13:53:34,17.3300,47,2
2026-04-08,601012,13:53:37,17.3400,110,1
2026-04-08,601012,13:53:40,17.3300,162,2
2026-04-08,601012,13:53:43,17.3300,77,2
2026-04-08,601012,13:53:46,17.3300,162,2
2026-04-08,601012,13:53:49,17.3300,135,2
2026-04-08,601012,13:53:52,17.3300,128,2
2026-04-08,601012,13:53:55,17.3300,47,2
2026-04-08,601012,13:53:58,17.3300,90,2
2026-04-08,601012,13:54:01,17.3300,1023,2
2026-04-08,601012,13:54:04,17.3300,409,2
2026-04-08,601012,13:54:07,17.3300,56,2
2026-04-08,601012,13:54:10,17.3300,612,1
2026-04-08,601012,13:54:13,17.3300,43,1
2026-04-08,601012,13:54:16,17.3300,76,1
2026-04-08,601012,13:54:19,17.3300,283,1
2026-04-08,601012,13:54:22,17.3300,46,1
2026-04-08,601012,13:54:25,17.3300,138,1
2026-04-08,601012,13:54:28,17.3400,972,1
2026-04-08,601012,13:54:31,17.3200,223,2
2026-04-08,601012,13:54:34,17.3300,134,1
2026-04-08,601012,13:54:37,17.3300,665,2
2026-04-08,601012,13:54:40,17.3300,335,2
2026-04-08,601012,13:54:43,17.3200,72,2
2026-04-08,601012,13:54:46,17.3200,80,2
2026-04-08,601012,13:54:49,17.3200,274,2
2026-04-08,601012,13:54:52,17.3300,365,1
2026-04-08,601012,13:54:55,17.3300,303,1
2026-04-08,601012,13:54:58,17.3300,76,2
2026-04-08,601012,13:55:01,17.3300,376,2
2026-04-08,601012,13:55:04,17.3300,133,2
2026-04-08,601012,13:55:07,17.3300,125,2
2026-04-08,601012,13:55:10,17.3300,129,2
2026-04-08,601012,13:55:13,17.3400,92,1
2026-04-08,601012,13:55:16,17.3400,374,1
2026-04-08,601012,13:55:19,17.3300,12,2
2026-04-08,601012,13:55:22,17.3300,87,2
2026-04-08,601012,13:55:25,17.3400,223,1
2026-04-08,601012,13:55:28,17.3400,17,1
2026-04-08,601012,13:55:31,17.3400,113,1
2026-04-08,601012,13:55:34,17.3300,195,2
2026-04-08,601012,13:55:37,17.3400,45,1
2026-04-08,601012,13:55:40,17.3300,389,2
2026-04-08,601012,13:55:43,17.3300,202,2
2026-04-08,601012,13:55:46,17.3300,123,2
2026-04-08,601012,13:55:49,17.3400,5,1
2026-04-08,601012,13:55:52,17.3300,115,2
2026-04-08,601012,13:55:55,17.3400,37,1
2026-04-08,601012,13:55:58,17.3400,108,1
2026-04-08,601012,13:56:01,17.3400,80,1
2026-04-08,601012,13:56:04,17.3400,63,1
2026-04-08,601012,13:56:07,17.3300,41,2
2026-04-08,601012,13:56:10,17.3400,116,1
2026-04-08,601012,13:56:13,17.3300,103,2
2026-04-08,601012,13:56:16,17.3400,60,1
2026-04-08,601012,13:56:19,17.3400,104,1
2026-04-08,601012,13:56:22,17.3400,1317,1
2026-04-08,601012,13:56:25,17.3400,24,2
2026-04-08,601012,13:56:28,17.3400,36,2
2026-04-08,601012,13:56:31,17.3500,74,1
2026-04-08,601012,13:56:34,17.3400,644,2
2026-04-08,601012,13:56:37,17.3500,78,1
2026-04-08,601012,13:56:40,17.3400,102,2
2026-04-08,601012,13:56:43,17.3400,2135,1
2026-04-08,601012,13:56:46,17.3400,79,2
2026-04-08,601012,13:56:49,17.3500,27,1
2026-04-08,601012,13:56:52,17.3500,585,1
2026-04-08,601012,13:56:55,17.3400,44,2
2026-04-08,601012,13:56:58,17.3400,36,2
2026-04-08,601012,13:57:01,17.3500,251,1
2026-04-08,601012,13:57:04,17.3500,81,2
2026-04-08,601012,13:57:07,17.3500,40,2
2026-04-08,601012,13:57:10,17.3600,69,1
2026-04-08,601012,13:57:13,17.3500,22,2
2026-04-08,601012,13:57:16,17.3500,18,2
2026-04-08,601012,13:57:19,17.3500,78,2
2026-04-08,601012,13:57:22,17.3600,346,1
2026-04-08,601012,13:57:25,17.3500,30,2
2026-04-08,601012,13:57:28,17.3500,119,2
2026-04-08,601012,13:57:31,17.3600,18,1
2026-04-08,601012,13:57:34,17.3500,10,2
2026-04-08,601012,13:57:37,17.3500,516,2
2026-04-08,601012,13:57:40,17.3500,4,2
2026-04-08,601012,13:57:43,17.3600,13,1
2026-04-08,601012,13:57:46,17.3600,8,1
2026-04-08,601012,13:57:49,17.3500,44,2
2026-04-08,601012,13:57:52,17.3500,84,2
2026-04-08,601012,13:57:55,17.3500,393,2
2026-04-08,601012,13:57:58,17.3500,55,1
2026-04-08,601012,13:58:01,17.3500,200,1
2026-04-08,601012,13:58:04,17.3500,110,1
2026-04-08,601012,13:58:07,17.3400,51,2
2026-04-08,601012,13:58:10,17.3400,40,2
2026-04-08,601012,13:58:13,17.3500,45,1
2026-04-08,601012,13:58:16,17.3500,42,1
2026-04-08,601012,13:58:19,17.3400,10,2
2026-04-08,601012,13:58:22,17.3500,74,1
2026-04-08,601012,13:58:25,17.3400,32,2
2026-04-08,601012,13:58:28,17.3400,1767,2
2026-04-08,601012,13:58:31,17.3400,27,1
2026-04-08,601012,13:58:34,17.3400,118,1
2026-04-08,601012,13:58:37,17.3400,325,1
2026-04-08,601012,13:58:40,17.3400,264,1
2026-04-08,601012,13:58:43,17.3300,302,2
2026-04-08,601012,13:58:46,17.3300,50,1
2026-04-08,601012,13:58:49,17.3200,2,2
2026-04-08,601012,13:58:52,17.3300,46,1
2026-04-08,601012,13:58:55,17.3200,98,2
2026-04-08,601012,13:58:58,17.3200,79,2
2026-04-08,601012,13:59:01,17.3200,81,2
2026-04-08,601012,13:59:04,17.3200,169,2
2026-04-08,601012,13:59:07,17.3300,824,1
2026-04-08,601012,13:59:10,17.3300,102,2
2026-04-08,601012,13:59:13,17.3300,53,2
2026-04-08,601012,13:59:16,17.3300,330,2
2026-04-08,601012,13:59:19,17.3300,168,2
2026-04-08,601012,13:59:22,17.3300,118,2
2026-04-08,601012,13:59:25,17.3300,99,2
2026-04-08,601012,13:59:28,17.3400,264,1
2026-04-08,601012,13:59:31,17.3400,174,1
2026-04-08,601012,13:59:34,17.3400,687,1
2026-04-08,601012,13:59:37,17.3300,771,2
2026-04-08,601012,13:59:40,17.3300,84,2
2026-04-08,601012,13:59:43,17.3400,150,1
2026-04-08,601012,13:59:46,17.3300,347,2
2026-04-08,601012,13:59:49,17.3300,92,2
2026-04-08,601012,13:59:52,17.3300,540,2
2026-04-08,601012,13:59:55,17.3400,132,1
2026-04-08,601012,13:59:58,17.3400,197,1
2026-04-08,601012,14:00:01,17.3400,1089,1
2026-04-08,601012,14:00:04,17.3400,17,1
2026-04-08,601012,14:00:07,17.3300,84,2
2026-04-08,601012,14:00:10,17.3400,1132,1
2026-04-08,601012,14:00:13,17.3300,72,2
2026-04-08,601012,14:00:16,17.3400,48,1
2026-04-08,601012,14:00:19,17.3400,67,1
2026-04-08,601012,14:00:22,17.3300,134,2
2026-04-08,601012,14:00:25,17.3300,101,2
2026-04-08,601012,14:00:28,17.3300,163,2
2026-04-08,601012,14:00:31,17.3300,144,2
2026-04-08,601012,14:00:34,17.3300,102,1
2026-04-08,601012,14:00:37,17.3200,447,2
2026-04-08,601012,14:00:40,17.3200,94,2
2026-04-08,601012,14:00:43,17.3200,75,2
2026-04-08,601012,14:00:46,17.3200,196,2
2026-04-08,601012,14:00:49,17.3200,25,2
2026-04-08,601012,14:00:52,17.3200,158,2
2026-04-08,601012,14:00:55,17.3200,170,2
2026-04-08,601012,14:00:58,17.3200,467,2
2026-04-08,601012,14:01:01,17.3200,47,2
2026-04-08,601012,14:01:04,17.3200,83,2
2026-04-08,601012,14:01:07,17.3300,48,1
2026-04-08,601012,14:01:10,17.3200,173,2
2026-04-08,601012,14:01:13,17.3200,197,2
2026-04-08,601012,14:01:16,17.3200,115,2
2026-04-08,601012,14:01:19,17.3200,537,2
2026-04-08,601012,14:01:22,17.3200,64,2
2026-04-08,601012,14:01:25,17.3200,146,2
2026-04-08,601012,14:01:28,17.3200,95,2
2026-04-08,601012,14:01:31,17.3300,29,1
2026-04-08,601012,14:01:34,17.3300,123,1
2026-04-08,601012,14:01:37,17.3200,23,2
2026-04-08,601012,14:01:40,17.3300,51,1
2026-04-08,601012,14:01:43,17.3300,219,1
2026-04-08,601012,14:01:46,17.3200,107,2
2026-04-08,601012,14:01:49,17.3200,49,2
2026-04-08,601012,14:01:52,17.3200,202,2
2026-04-08,601012,14:01:55,17.3300,70,1
2026-04-08,601012,14:01:58,17.3200,31,2
2026-04-08,601012,14:02:01,17.3300,35,1
2026-04-08,601012,14:02:04,17.3300,1036,1
2026-04-08,601012,14:02:07,17.3300,161,2
2026-04-08,601012,14:02:10,17.3300,142,1
2026-04-08,601012,14:02:13,17.3200,52,2
2026-04-08,601012,14:02:16,17.3300,39,1
2026-04-08,601012,14:02:19,17.3200,40,2
2026-04-08,601012,14:02:22,17.3200,131,2
2026-04-08,601012,14:02:25,17.3200,33,2
2026-04-08,601012,14:02:28,17.3200,51,2
2026-04-08,601012,14:02:31,17.3200,26,2
2026-04-08,601012,14:02:34,17.3300,33,1
2026-04-08,601012,14:02:37,17.3300,61,1
2026-04-08,601012,14:02:40,17.3200,108,2
2026-04-08,601012,14:02:43,17.3200,114,2
2026-04-08,601012,14:02:46,17.3300,56,1
2026-04-08,601012,14:02:49,17.3200,40,2
2026-04-08,601012,14:02:52,17.3200,71,2
2026-04-08,601012,14:02:55,17.3300,424,1
2026-04-08,601012,14:02:58,17.3300,70,1
2026-04-08,601012,14:03:01,17.3300,17,1
2026-04-08,601012,14:03:04,17.3300,235,1
2026-04-08,601012,14:03:07,17.3200,74,2
2026-04-08,601012,14:03:10,17.3300,17,1
2026-04-08,601012,14:03:13,17.3300,129,1
2026-04-08,601012,14:03:16,17.3300,43,1
2026-04-08,601012,14:03:19,17.3300,206,1
2026-04-08,601012,14:03:22,17.3300,429,1
2026-04-08,601012,14:03:25,17.3300,24,1
2026-04-08,601012,14:03:28,17.3300,25,1
2026-04-08,601012,14:03:31,17.3300,61,1
2026-04-08,601012,14:03:34,17.3300,16,1
2026-04-08,601012,14:03:37,17.3300,63,1
2026-04-08,601012,14:03:40,17.3300,68,1
2026-04-08,601012,14:03:43,17.3200,50,2
2026-04-08,601012,14:03:46,17.3200,49,2
2026-04-08,601012,14:03:49,17.3200,45,2
2026-04-08,601012,14:03:52,17.3200,171,2
2026-04-08,601012,14:03:55,17.3300,122,1
2026-04-08,601012,14:03:58,17.3200,58,2
2026-04-08,601012,14:04:01,17.3300,141,1
2026-04-08,601012,14:04:04,17.3300,62,1
2026-04-08,601012,14:04:07,17.3200,10,2
2026-04-08,601012,14:04:10,17.3300,60,1
2026-04-08,601012,14:04:13,17.3200,51,2
2026-04-08,601012,14:04:16,17.3200,12,2
2026-04-08,601012,14:04:19,17.3300,27,1
2026-04-08,601012,14:04:22,17.3200,24,2
2026-04-08,601012,14:04:25,17.3200,14,2
2026-04-08,601012,14:04:28,17.3200,72,2
2026-04-08,601012,14:04:31,17.3300,198,1
2026-04-08,601012,14:04:34,17.3200,12,2
2026-04-08,601012,14:04:37,17.3300,357,1
2026-04-08,601012,14:04:40,17.3200,125,2
2026-04-08,601012,14:04:43,17.3300,33,1
2026-04-08,601012,14:04:46,17.3200,189,2
2026-04-08,601012,14:04:49,17.3200,114,2
2026-04-08,601012,14:04:52,17.3200,66,2
2026-04-08,601012,14:04:55,17.3200,74,2
2026-04-08,601012,14:04:58,17.3200,127,2
2026-04-08,601012,14:05:01,17.3300,107,1
2026-04-08,601012,14:05:04,17.3200,175,2
2026-04-08,601012,14:05:07,17.3300,131,1
2026-04-08,601012,14:05:10,17.3200,10,2
2026-04-08,601012,14:05:13,17.3300,26,1
2026-04-08,601012,14:05:16,17.3300,79,1
2026-04-08,601012,14:05:19,17.3200,46,2
2026-04-08,601012,14:05:22,17.3200,22,2
2026-04-08,601012,14:05:25,17.3300,73,1
2026-04-08,601012,14:05:28,17.3200,29,2
2026-04-08,601012,14:05:31,17.3300,105,1
2026-04-08,601012,14:05:34,17.3300,65,1
2026-04-08,601012,14:05:37,17.3200,106,2
2026-04-08,601012,14:05:40,17.3200,48,2
2026-04-08,601012,14:05:43,17.3300,234,1
2026-04-08,601012,14:05:46,17.3300,115,1
2026-04-08,601012,14:05:49,17.3200,22,2
2026-04-08,601012,14:05:52,17.3300,78,1
2026-04-08,601012,14:05:55,17.3300,33,1
2026-04-08,601012,14:05:58,17.3200,40,2
2026-04-08,601012,14:06:04,17.3300,126,1
2026-04-08,601012,14:06:07,17.3200,75,2
2026-04-08,601012,14:06:10,17.3300,12,1
2026-04-08,601012,14:06:13,17.3300,449,1
2026-04-08,601012,14:06:16,17.3200,91,2
2026-04-08,601012,14:06:19,17.3300,51,1
2026-04-08,601012,14:06:22,17.3200,166,2
2026-04-08,601012,14:06:25,17.3200,313,2
2026-04-08,601012,14:06:28,17.3300,38,1
2026-04-08,601012,14:06:31,17.3300,18,1
2026-04-08,601012,14:06:34,17.3200,275,2
2026-04-08,601012,14:06:37,17.3200,33,2
2026-04-08,601012,14:06:40,17.3200,26,2
2026-04-08,601012,14:06:43,17.3200,81,2
2026-04-08,601012,14:06:46,17.3200,18,2
2026-04-08,601012,14:06:49,17.3200,31,2
2026-04-08,601012,14:06:52,17.3300,105,1
2026-04-08,601012,14:06:55,17.3200,35,2
2026-04-08,601012,14:06:58,17.3300,60,1
2026-04-08,601012,14:07:01,17.3200,70,2
2026-04-08,601012,14:07:04,17.3200,73,2
2026-04-08,601012,10:57:07,17.2000,156,1
2026-04-08,601012,10:57:10,17.2000,117,1
2026-04-08,601012,10:57:13,17.1900,331,2
2026-04-08,601012,10:57:16,17.2000,1086,1
2026-04-08,601012,10:57:19,17.2000,276,1
2026-04-08,601012,10:57:22,17.2000,137,1
2026-04-08,601012,10:57:25,17.1900,64,2
2026-04-08,601012,10:57:28,17.1900,74,2
2026-04-08,601012,10:57:31,17.1900,48,2
2026-04-08,601012,10:57:34,17.2000,671,1
2026-04-08,601012,10:57:37,17.2000,286,1
2026-04-08,601012,10:57:40,17.2000,188,1
2026-04-08,601012,10:57:43,17.2000,147,1
2026-04-08,601012,10:57:46,17.2000,168,1
2026-04-08,601012,10:57:49,17.2000,399,1
2026-04-08,601012,10:57:52,17.2000,144,1
2026-04-08,601012,10:57:55,17.2000,50,1
2026-04-08,601012,10:57:58,17.1900,301,2
2026-04-08,601012,10:58:01,17.2000,168,1
2026-04-08,601012,10:58:04,17.2000,642,1
2026-04-08,601012,10:58:07,17.2000,145,1
2026-04-08,601012,10:58:10,17.2000,121,1
2026-04-08,601012,10:58:13,17.2000,206,1
2026-04-08,601012,10:58:16,17.1900,231,2
2026-04-08,601012,10:58:19,17.1900,138,2
2026-04-08,601012,10:58:22,17.2000,184,1
2026-04-08,601012,10:58:25,17.1900,173,2
2026-04-08,601012,10:58:28,17.1900,137,2
2026-04-08,601012,10:58:31,17.2000,88,1
2026-04-08,601012,10:58:34,17.2000,148,1
2026-04-08,601012,10:58:37,17.2000,213,1
2026-04-08,601012,10:58:40,17.1900,712,2
2026-04-08,601012,10:58:43,17.2000,214,1
2026-04-08,601012,10:58:46,17.2000,29,1
2026-04-08,601012,10:58:49,17.2000,101,1
2026-04-08,601012,10:58:52,17.2000,265,1
2026-04-08,601012,10:58:55,17.2000,411,1
2026-04-08,601012,10:58:58,17.2000,125,1
2026-04-08,601012,10:59:01,17.2000,232,1
2026-04-08,601012,10:59:04,17.2000,131,1
2026-04-08,601012,10:59:07,17.1900,79,2
2026-04-08,601012,10:59:10,17.2000,77,1
2026-04-08,601012,10:59:13,17.2000,115,1
2026-04-08,601012,10:59:16,17.2000,52,1
2026-04-08,601012,10:59:19,17.2000,9,1
2026-04-08,601012,10:59:22,17.2000,133,1
2026-04-08,601012,10:59:25,17.2000,205,1
2026-04-08,601012,10:59:28,17.1900,163,2
2026-04-08,601012,10:59:31,17.2000,110,1
2026-04-08,601012,10:59:34,17.2000,136,1
2026-04-08,601012,10:59:37,17.1900,357,2
2026-04-08,601012,10:59:40,17.2000,257,1
2026-04-08,601012,10:59:43,17.2000,146,1
2026-04-08,601012,10:59:46,17.2000,547,1
2026-04-08,601012,10:59:49,17.1900,416,2
2026-04-08,601012,10:59:52,17.2000,404,1
2026-04-08,601012,10:59:55,17.2000,178,1
2026-04-08,601012,10:59:58,17.2100,385,1
2026-04-08,601012,11:00:01,17.2000,129,2
2026-04-08,601012,11:00:04,17.2000,49,2
2026-04-08,601012,11:00:07,17.2000,119,2
2026-04-08,601012,11:00:10,17.2000,91,1
2026-04-08,601012,11:00:13,17.2100,40,1
2026-04-08,601012,11:00:16,17.2000,50,2
2026-04-08,601012,11:00:19,17.2000,266,2
2026-04-08,601012,11:00:22,17.2100,152,4
2026-04-08,601012,11:00:25,17.2100,38,1
2026-04-08,601012,11:00:28,17.2100,98,1
2026-04-08,601012,11:00:31,17.2200,126,1
2026-04-08,601012,11:00:34,17.2200,193,1
2026-04-08,601012,11:00:37,17.2200,140,1
2026-04-08,601012,11:00:40,17.2200,161,1
2026-04-08,601012,11:00:43,17.2200,181,1
2026-04-08,601012,11:00:46,17.2200,93,1
2026-04-08,601012,11:00:49,17.2200,212,1
2026-04-08,601012,11:00:52,17.2200,105,1
2026-04-08,601012,11:00:55,17.2300,99,1
2026-04-08,601012,11:00:58,17.2200,82,2
2026-04-08,601012,11:01:01,17.2300,9,1
2026-04-08,601012,11:01:04,17.2300,63,1
2026-04-08,601012,11:01:07,17.2300,62,1
2026-04-08,601012,11:01:10,17.2300,188,1
2026-04-08,601012,11:01:13,17.2200,345,2
2026-04-08,601012,11:01:16,17.2300,76,2
2026-04-08,601012,11:01:19,17.2300,77,2
2026-04-08,601012,11:01:22,17.2400,86,1
2026-04-08,601012,11:01:25,17.2400,92,1
2026-04-08,601012,11:01:28,17.2400,166,1
2026-04-08,601012,11:01:31,17.2400,110,1
2026-04-08,601012,11:01:34,17.2400,85,1
2026-04-08,601012,11:01:37,17.2400,106,1
2026-04-08,601012,11:01:40,17.2300,81,2
2026-04-08,601012,11:01:43,17.2400,70,1
2026-04-08,601012,11:01:46,17.2300,244,2
2026-04-08,601012,11:01:49,17.2300,82,2
2026-04-08,601012,11:01:52,17.2400,530,1
2026-04-08,601012,11:01:55,17.2400,171,1
2026-04-08,601012,11:01:58,17.2400,176,1
2026-04-08,601012,11:02:01,17.2400,228,1
2026-04-08,601012,11:02:04,17.2400,93,1
2026-04-08,601012,11:02:07,17.2300,180,2
2026-04-08,601012,11:02:10,17.2400,73,1
2026-04-08,601012,11:02:13,17.2300,120,2
2026-04-08,601012,11:02:16,17.2400,131,1
2026-04-08,601012,11:02:19,17.2300,95,2
2026-04-08,601012,11:02:22,17.2400,210,1
2026-04-08,601012,11:02:25,17.2300,119,2
2026-04-08,601012,11:02:28,17.2400,77,1
2026-04-08,601012,11:02:31,17.2300,38,2
2026-04-08,601012,11:02:34,17.2300,149,2
2026-04-08,601012,11:02:37,17.2400,163,1
2026-04-08,601012,11:02:40,17.2400,84,1
2026-04-08,601012,11:02:43,17.2300,71,2
2026-04-08,601012,11:02:46,17.2300,54,2
2026-04-08,601012,11:02:49,17.2300,130,2
2026-04-08,601012,11:02:52,17.2400,295,1
2026-04-08,601012,11:02:55,17.2300,77,2
2026-04-08,601012,11:02:58,17.2300,202,2
2026-04-08,601012,11:03:01,17.2400,391,1
2026-04-08,601012,11:03:04,17.2400,220,1
2026-04-08,601012,11:03:07,17.2400,113,1
2026-04-08,601012,11:03:10,17.2300,126,2
2026-04-08,601012,11:03:13,17.2300,151,2
2026-04-08,601012,11:03:16,17.2300,146,1
2026-04-08,601012,11:03:19,17.2200,202,2
2026-04-08,601012,11:03:22,17.2200,517,2
2026-04-08,601012,11:03:25,17.2200,77,1
2026-04-08,601012,11:03:28,17.2200,88,1
2026-04-08,601012,11:03:31,17.2200,133,1
2026-04-08,601012,11:03:34,17.2200,139,2
2026-04-08,601012,11:03:37,17.2100,203,2
2026-04-08,601012,11:03:40,17.2200,71,2
2026-04-08,601012,11:03:43,17.2200,29,1
2026-04-08,601012,11:03:46,17.2200,44,1
2026-04-08,601012,11:03:49,17.2100,43,2
2026-04-08,601012,11:03:52,17.2100,73,2
2026-04-08,601012,11:03:55,17.2100,110,2
2026-04-08,601012,11:03:58,17.2200,172,1
2026-04-08,601012,11:04:01,17.2200,74,1
2026-04-08,601012,11:04:04,17.2100,100,4
2026-04-08,601012,11:04:07,17.2000,133,2
2026-04-08,601012,11:04:10,17.2000,75,2
2026-04-08,601012,11:04:13,17.2100,126,1
2026-04-08,601012,11:04:16,17.2200,41,1
2026-04-08,601012,11:04:19,17.2200,48,1
2026-04-08,601012,11:04:22,17.2100,117,2
2026-04-08,601012,11:04:25,17.2200,1090,1
2026-04-08,601012,11:04:28,17.2200,306,2
2026-04-08,601012,11:04:31,17.2200,226,2
2026-04-08,601012,11:04:34,17.2300,154,1
2026-04-08,601012,11:04:37,17.2200,31,2
2026-04-08,601012,11:04:40,17.2200,52,1
2026-04-08,601012,11:04:43,17.2200,17,2
2026-04-08,601012,11:04:46,17.2300,74,1
2026-04-08,601012,11:04:49,17.2200,32,2
2026-04-08,601012,11:04:52,17.2300,115,1
2026-04-08,601012,11:04:55,17.2300,129,1
2026-04-08,601012,11:04:58,17.2300,124,1
2026-04-08,601012,11:05:01,17.2300,139,1
2026-04-08,601012,11:05:04,17.2200,231,2
2026-04-08,601012,11:05:07,17.2300,139,1
2026-04-08,601012,11:05:10,17.2300,103,1
2026-04-08,601012,11:05:13,17.2200,86,2
2026-04-08,601012,11:05:16,17.2300,45,1
2026-04-08,601012,11:05:19,17.2300,142,1
2026-04-08,601012,11:05:22,17.2300,1149,1
2026-04-08,601012,11:05:25,17.2300,118,1
2026-04-08,601012,11:05:28,17.2300,168,1
2026-04-08,601012,11:05:31,17.2300,95,1
2026-04-08,601012,11:05:34,17.2300,42,1
2026-04-08,601012,11:05:37,17.2300,79,1
2026-04-08,601012,11:05:40,17.2200,41,2
2026-04-08,601012,11:05:43,17.2300,22,1
2026-04-08,601012,11:05:46,17.2300,141,1
2026-04-08,601012,11:05:49,17.2300,443,1
2026-04-08,601012,11:05:52,17.2400,144,1
2026-04-08,601012,11:05:55,17.2400,29,1
2026-04-08,601012,11:05:58,17.2300,133,2
2026-04-08,601012,11:06:01,17.2300,78,1
2026-04-08,601012,11:06:04,17.2300,90,1
2026-04-08,601012,11:06:07,17.2200,230,2
2026-04-08,601012,11:06:10,17.2300,100,1
2026-04-08,601012,11:06:13,17.2200,26,2
2026-04-08,601012,11:06:16,17.2300,259,1
2026-04-08,601012,11:06:19,17.2300,144,1
2026-04-08,601012,11:06:22,17.2200,30,2
2026-04-08,601012,11:06:25,17.2200,28,2
2026-04-08,601012,11:06:28,17.2200,78,2
2026-04-08,601012,11:06:31,17.2200,124,2
2026-04-08,601012,11:06:34,17.2200,182,2
2026-04-08,601012,11:06:37,17.2200,34,2
2026-04-08,601012,11:06:40,17.2300,149,1
2026-04-08,601012,11:06:43,17.2200,119,2
2026-04-08,601012,11:06:46,17.2200,144,2
2026-04-08,601012,11:06:49,17.2300,27,1
2026-04-08,601012,11:06:52,17.2200,24,2
2026-04-08,601012,11:06:55,17.2200,28,2
2026-04-08,601012,11:06:58,17.2300,455,1
2026-04-08,601012,11:07:01,17.2300,200,2
2026-04-08,601012,11:07:04,17.2300,290,1
2026-04-08,601012,11:07:07,17.2300,200,2
2026-04-08,601012,11:07:10,17.2300,139,2
2026-04-08,601012,11:07:13,17.2300,113,2
2026-04-08,601012,11:07:16,17.2300,31,1
2026-04-08,601012,11:07:19,17.2300,45,1
2026-04-08,601012,11:07:22,17.2200,56,2
2026-04-08,601012,11:07:25,17.2400,1517,1
2026-04-08,601012,11:07:28,17.2500,249,1
2026-04-08,601012,11:07:31,17.2400,173,2
2026-04-08,601012,11:07:34,17.2500,98,1
2026-04-08,601012,11:07:37,17.2400,53,2
2026-04-08,601012,11:07:40,17.2500,55,1
2026-04-08,601012,11:07:43,17.2500,191,1
2026-04-08,601012,11:07:46,17.2500,29,1
2026-04-08,601012,11:07:49,17.2500,141,1
2026-04-08,601012,11:07:52,17.2400,194,2
2026-04-08,601012,11:07:55,17.2500,707,1
2026-04-08,601012,11:07:58,17.2500,205,1
2026-04-08,601012,11:08:01,17.2500,163,1
2026-04-08,601012,11:08:04,17.2500,323,1
2026-04-08,601012,11:08:07,17.2500,66,1
2026-04-08,601012,11:08:10,17.2400,137,2
2026-04-08,601012,11:08:13,17.2400,417,2
2026-04-08,601012,11:08:16,17.2500,47,1
2026-04-08,601012,11:08:19,17.2400,82,2
2026-04-08,601012,11:08:22,17.2500,84,1
2026-04-08,601012,11:08:25,17.2400,337,2
2026-04-08,601012,11:08:28,17.2500,243,1
2026-04-08,601012,11:08:31,17.2500,113,1
2026-04-08,601012,11:08:34,17.2500,94,1
2026-04-08,601012,11:08:37,17.2400,50,2
2026-04-08,601012,11:08:40,17.2600,321,1
2026-04-08,601012,11:08:43,17.2500,141,4
2026-04-08,601012,11:08:46,17.2600,62,1
2026-04-08,601012,11:08:49,17.2600,219,1
2026-04-08,601012,11:08:52,17.2600,480,1
2026-04-08,601012,11:08:55,17.2600,211,2
2026-04-08,601012,11:08:58,17.2700,190,1
2026-04-08,601012,11:09:01,17.2700,214,1
2026-04-08,601012,11:09:04,17.2700,226,1
2026-04-08,601012,11:09:07,17.2700,109,1
2026-04-08,601012,11:09:10,17.2600,378,2
2026-04-08,601012,11:09:13,17.2700,202,1
2026-04-08,601012,11:09:16,17.2700,95,1
2026-04-08,601012,11:09:19,17.2700,60,1
2026-04-08,601012,11:09:22,17.2700,94,1
2026-04-08,601012,11:09:25,17.2700,358,1
2026-04-08,601012,11:09:28,17.2800,207,1
2026-04-08,601012,11:09:31,17.2800,92,1
2026-04-08,601012,11:09:34,17.2800,96,1
2026-04-08,601012,11:09:37,17.2700,319,2
2026-04-08,601012,11:09:40,17.2700,135,4
2026-04-08,601012,11:09:43,17.2700,100,1
2026-04-08,601012,11:09:46,17.2700,302,1
2026-04-08,601012,11:09:49,17.2800,108,1
2026-04-08,601012,11:09:52,17.2700,174,4
2026-04-08,601012,11:09:55,17.2700,206,1
2026-04-08,601012,11:09:58,17.2700,107,2
2026-04-08,601012,11:10:01,17.2700,148,1
2026-04-08,601012,11:10:04,17.2600,201,2
2026-04-08,601012,11:10:07,17.2700,192,1
2026-04-08,601012,11:10:10,17.2600,25,2
2026-04-08,601012,11:10:13,17.2700,73,1
2026-04-08,601012,11:10:16,17.2700,200,4
2026-04-08,601012,11:10:19,17.2700,286,1
2026-04-08,601012,11:10:22,17.2600,190,2
2026-04-08,601012,11:10:25,17.2600,35,2
2026-04-08,601012,11:10:28,17.2600,67,2
2026-04-08,601012,11:10:31,17.2600,154,2
2026-04-08,601012,11:10:34,17.2600,344,2
2026-04-08,601012,11:10:37,17.2600,106,2
2026-04-08,601012,11:10:40,17.2700,159,1
2026-04-08,601012,11:10:43,17.2600,175,2
2026-04-08,601012,11:10:46,17.2600,57,2
2026-04-08,601012,11:10:49,17.2600,113,2
2026-04-08,601012,11:10:52,17.2600,297,2
2026-04-08,601012,11:10:55,17.2700,90,1
2026-04-08,601012,11:10:58,17.2600,41,2
2026-04-08,601012,11:11:01,17.2700,82,1
2026-04-08,601012,11:11:04,17.2700,76,1
2026-04-08,601012,11:11:07,17.2700,38,1
2026-04-08,601012,11:11:10,17.2700,164,1
2026-04-08,601012,11:11:13,17.2600,87,2
2026-04-08,601012,11:11:16,17.2600,593,2
2026-04-08,601012,11:11:19,17.2700,506,1
2026-04-08,601012,11:11:22,17.2700,119,1
2026-04-08,601012,11:11:25,17.2600,153,2
2026-04-08,601012,11:11:28,17.2600,79,2
2026-04-08,601012,11:11:31,17.2600,97,2
2026-04-08,601012,11:11:34,17.2600,25,2
2026-04-08,601012,11:11:37,17.2600,129,2
2026-04-08,601012,11:11:40,17.2600,200,2
2026-04-08,601012,11:11:43,17.2600,449,2
2026-04-08,601012,11:11:46,17.2700,179,1
2026-04-08,601012,11:11:49,17.2700,77,1
2026-04-08,601012,11:11:52,17.2600,78,2
2026-04-08,601012,11:11:55,17.2700,21,1
2026-04-08,601012,11:11:58,17.2700,718,1
2026-04-08,601012,11:12:01,17.2700,310,1
2026-04-08,601012,11:12:04,17.2700,63,1
2026-04-08,601012,11:12:07,17.2600,153,2
2026-04-08,601012,11:12:10,17.2700,94,1
2026-04-08,601012,11:12:13,17.2700,52,1
2026-04-08,601012,11:12:16,17.2700,110,1
2026-04-08,601012,11:12:19,17.2700,207,1
2026-04-08,601012,11:12:22,17.2700,211,1
2026-04-08,601012,11:12:25,17.2700,44,1
2026-04-08,601012,11:12:28,17.2600,65,2
2026-04-08,601012,11:12:31,17.2700,61,1
2026-04-08,601012,11:12:34,17.2700,89,1
2026-04-08,601012,11:12:37,17.2700,92,1
2026-04-08,601012,11:12:40,17.2700,91,1
2026-04-08,601012,11:12:43,17.2700,230,1
2026-04-08,601012,11:12:46,17.2600,113,2
2026-04-08,601012,11:12:49,17.2700,231,1
2026-04-08,601012,11:12:52,17.2600,257,2
2026-04-08,601012,11:12:55,17.2600,49,2
2026-04-08,601012,11:12:58,17.2600,26,2
2026-04-08,601012,11:13:01,17.2700,31,1
2026-04-08,601012,11:13:04,17.2700,50,1
2026-04-08,601012,11:13:07,17.2600,111,2
2026-04-08,601012,11:13:10,17.2600,99,2
2026-04-08,601012,11:13:13,17.2700,72,1
2026-04-08,601012,11:13:16,17.2700,696,1
2026-04-08,601012,11:13:19,17.2700,248,2
2026-04-08,601012,11:13:22,17.2800,244,1
2026-04-08,601012,11:13:25,17.2800,81,1
2026-04-08,601012,11:13:28,17.2700,288,2
2026-04-08,601012,11:13:31,17.2800,78,1
2026-04-08,601012,11:13:34,17.2800,58,1
2026-04-08,601012,11:13:37,17.2800,76,1
2026-04-08,601012,11:13:40,17.2800,131,1
2026-04-08,601012,11:13:43,17.2700,119,2
2026-04-08,601012,11:13:46,17.2700,320,2
2026-04-08,601012,11:13:49,17.2700,61,2
2026-04-08,601012,11:13:52,17.2800,59,1
2026-04-08,601012,11:13:55,17.2800,129,1
2026-04-08,601012,11:13:58,17.2800,72,1
2026-04-08,601012,11:14:01,17.2800,279,1
2026-04-08,601012,11:14:04,17.2800,1096,1
2026-04-08,601012,11:14:07,17.2800,189,1
2026-04-08,601012,11:14:10,17.2800,186,2
2026-04-08,601012,11:14:13,17.2800,39,2
2026-04-08,601012,11:14:16,17.2800,64,2
2026-04-08,601012,11:14:19,17.2900,23,1
2026-04-08,601012,11:14:22,17.2800,51,2
2026-04-08,601012,11:14:25,17.2900,37,1
2026-04-08,601012,11:14:28,17.2900,42,1
2026-04-08,601012,11:14:31,17.2800,27,2
2026-04-08,601012,11:14:34,17.2900,43,1
2026-04-08,601012,11:14:37,17.2800,196,2
2026-04-08,601012,11:14:40,17.2800,137,2
2026-04-08,601012,11:14:43,17.2800,87,2
2026-04-08,601012,11:14:46,17.2900,47,1
2026-04-08,601012,11:14:49,17.2900,80,1
2026-04-08,601012,11:14:52,17.2800,83,2
2026-04-08,601012,11:14:55,17.2900,78,1
2026-04-08,601012,11:14:58,17.2900,35,1
2026-04-08,601012,11:15:01,17.2800,533,2
2026-04-08,601012,11:15:04,17.2800,119,1
2026-04-08,601012,11:15:07,17.2800,85,1
2026-04-08,601012,11:15:10,17.2800,55,1
2026-04-08,601012,11:15:13,17.2800,19,1
2026-04-08,601012,11:15:16,17.2700,160,2
2026-04-08,601012,11:15:19,17.2700,110,2
2026-04-08,601012,11:15:22,17.2700,56,2
2026-04-08,601012,11:15:25,17.2800,17,1
2026-04-08,601012,11:15:28,17.2800,53,1
2026-04-08,601012,11:15:31,17.2700,89,2
2026-04-08,601012,11:15:34,17.2700,148,2
2026-04-08,601012,11:15:37,17.2700,89,2
2026-04-08,601012,11:15:40,17.2800,108,1
2026-04-08,601012,11:15:43,17.2800,238,1
2026-04-08,601012,11:15:46,17.2800,98,1
2026-04-08,601012,11:15:49,17.2800,351,1
2026-04-08,601012,11:15:52,17.2800,64,1
2026-04-08,601012,11:15:55,17.2800,42,1
2026-04-08,601012,11:15:58,17.2800,377,1
2026-04-08,601012,11:16:01,17.2700,9,2
2026-04-08,601012,11:16:04,17.2700,83,2
2026-04-08,601012,11:16:07,17.2700,8,2
2026-04-08,601012,11:16:10,17.2700,66,2
2026-04-08,601012,11:16:13,17.2700,176,2
2026-04-08,601012,11:16:16,17.2800,444,1
2026-04-08,601012,11:16:19,17.2800,296,1
2026-04-08,601012,11:16:22,17.2800,130,1
2026-04-08,601012,11:16:25,17.2700,49,2
2026-04-08,601012,11:16:28,17.2700,83,2
2026-04-08,601012,11:16:31,17.2700,47,1
2026-04-08,601012,11:16:34,17.2600,202,2
2026-04-08,601012,11:16:37,17.2700,95,1
2026-04-08,601012,11:16:40,17.2600,130,2
2026-04-08,601012,11:16:43,17.2600,80,2
2026-04-08,601012,11:16:46,17.2700,167,1
2026-04-08,601012,11:16:49,17.2600,239,2
2026-04-08,601012,11:16:52,17.2700,124,1
2026-04-08,601012,11:16:55,17.2700,109,2
2026-04-08,601012,11:16:58,17.2600,40,2
2026-04-08,601012,11:17:01,17.2600,114,2
2026-04-08,601012,11:17:04,17.2700,49,1
2026-04-08,601012,11:17:07,17.2600,1254,2
2026-04-08,601012,11:17:10,17.2700,282,1
2026-04-08,601012,11:17:13,17.2700,178,1
2026-04-08,601012,11:17:16,17.2600,526,2
2026-04-08,601012,11:17:19,17.2700,127,1
2026-04-08,601012,11:17:22,17.2700,31,1
2026-04-08,601012,11:17:25,17.2700,26,1
2026-04-08,601012,11:17:28,17.2700,133,1
2026-04-08,601012,11:17:31,17.2600,109,2
2026-04-08,601012,11:17:34,17.2700,438,1
2026-04-08,601012,11:17:37,17.2600,201,2
2026-04-08,601012,11:17:40,17.2600,283,2
2026-04-08,601012,11:17:43,17.2600,94,2
2026-04-08,601012,11:17:46,17.2600,18,2
2026-04-08,601012,11:17:49,17.2600,42,2
2026-04-08,601012,11:17:52,17.2600,111,2
2026-04-08,601012,11:17:55,17.2700,28,1
2026-04-08,601012,11:17:58,17.2600,26,2
2026-04-08,601012,11:18:01,17.2600,99,2
2026-04-08,601012,11:18:04,17.2700,24,1
2026-04-08,601012,11:18:07,17.2700,176,1
2026-04-08,601012,11:18:10,17.2700,74,1
2026-04-08,601012,11:18:13,17.2600,87,2
2026-04-08,601012,11:18:16,17.2600,63,2
2026-04-08,601012,11:18:19,17.2600,139,2
2026-04-08,601012,11:18:22,17.2700,65,1
2026-04-08,601012,11:18:25,17.2700,43,1
2026-04-08,601012,11:18:28,17.2600,150,2
2026-04-08,601012,11:18:31,17.2700,104,1
2026-04-08,601012,11:18:34,17.2600,18,2
2026-04-08,601012,11:18:37,17.2700,617,1
2026-04-08,601012,11:18:40,17.2600,169,2
2026-04-08,601012,11:18:43,17.2600,57,2
2026-04-08,601012,11:18:46,17.2700,611,1
2026-04-08,601012,11:18:49,17.2800,157,1
2026-04-08,601012,11:18:52,17.2600,16,2
2026-04-08,601012,11:18:55,17.2700,9,1
2026-04-08,601012,11:18:58,17.2700,87,1
2026-04-08,601012,11:19:01,17.2700,50,1
2026-04-08,601012,11:19:04,17.2700,45,1
2026-04-08,601012,11:19:07,17.2700,77,1
2026-04-08,601012,11:19:10,17.2700,143,1
2026-04-08,601012,11:19:13,17.2700,193,1
2026-04-08,601012,11:19:16,17.2600,159,2
2026-04-08,601012,11:19:19,17.2600,46,2
2026-04-08,601012,11:19:22,17.2700,76,1
2026-04-08,601012,11:19:25,17.2600,55,2
2026-04-08,601012,11:19:28,17.2700,87,1
2026-04-08,601012,11:19:31,17.2700,145,1
2026-04-08,601012,11:19:34,17.2700,74,1
2026-04-08,601012,11:19:37,17.2700,20,1
2026-04-08,601012,11:19:40,17.2600,63,2
2026-04-08,601012,11:19:43,17.2700,17,1
2026-04-08,601012,11:19:46,17.2700,119,1
2026-04-08,601012,11:19:49,17.2600,78,2
2026-04-08,601012,11:19:52,17.2700,33,1
2026-04-08,601012,11:19:55,17.2600,56,2
2026-04-08,601012,11:19:58,17.2600,40,2
2026-04-08,601012,11:20:01,17.2600,80,2
