date,code,time,price,volume,bs
2026-06-08,000858,14:06:36,79.9000,102,2
2026-06-08,000858,14:06:39,79.9000,25,1
2026-06-08,000858,14:06:42,79.9000,20,1
2026-06-08,000858,14:06:45,79.8900,15,2
2026-06-08,000858,14:06:48,79.8900,3,2
2026-06-08,000858,14:06:51,79.9000,10,1
2026-06-08,000858,14:06:54,79.8900,61,2
2026-06-08,000858,14:06:57,79.8900,16,2
2026-06-08,000858,14:07:00,79.8900,28,2
2026-06-08,000858,14:07:03,79.8800,22,2
2026-06-08,000858,14:07:06,79.8800,63,2
2026-06-08,000858,14:07:09,79.8900,13,1
2026-06-08,000858,14:07:12,79.8800,6,4
2026-06-08,000858,14:07:15,79.8700,10,2
2026-06-08,000858,14:07:18,79.8700,5,2
2026-06-08,000858,14:07:21,79.8700,8,2
2026-06-08,000858,14:07:24,79.8700,7,1
2026-06-08,000858,14:07:27,79.8700,4,1
2026-06-08,000858,14:07:30,79.8700,11,1
2026-06-08,000858,14:07:33,79.8600,10,2
2026-06-08,000858,14:07:36,79.8700,30,1
2026-06-08,000858,14:07:39,79.8700,7,1
2026-06-08,000858,14:07:42,79.8600,26,2
2026-06-08,000858,14:07:45,79.8700,30,1
2026-06-08,000858,14:07:48,79.8600,40,2
2026-06-08,000858,14:07:51,79.8700,25,1
2026-06-08,000858,14:07:54,79.8700,17,1
2026-06-08,000858,14:07:57,79.8800,34,1
2026-06-08,000858,14:08:00,79.8800,11,2
2026-06-08,000858,14:08:03,79.8700,27,2
2026-06-08,000858,14:08:06,79.8900,41,1
2026-06-08,000858,14:08:09,79.8900,31,2
2026-06-08,000858,14:08:12,79.8800,94,2
2026-06-08,000858,14:08:15,79.8800,56,2
2026-06-08,000858,14:08:18,79.8900,24,1
2026-06-08,000858,14:08:21,79.8900,23,1
2026-06-08,000858,14:08:24,79.8800,11,2
2026-06-08,000858,14:08:27,79.8900,19,1
2026-06-08,000858,14:08:30,79.8900,17,1
2026-06-08,000858,14:08:33,79.8900,28,1
2026-06-08,000858,14:08:36,79.8900,72,1
2026-06-08,000858,14:08:39,79.8900,8,2
2026-06-08,000858,14:08:42,79.8900,17,4
2026-06-08,000858,14:08:45,79.8800,13,2
2026-06-08,000858,14:08:48,79.8900,13,1
2026-06-08,000858,14:08:51,79.8800,28,2
2026-06-08,000858,14:08:54,79.8800,8,1
2026-06-08,000858,14:08:57,79.8800,12,1
2026-06-08,000858,14:09:00,79.8700,15,2
2026-06-08,000858,14:09:03,79.8900,116,1
2026-06-08,000858,14:09:06,79.9000,30,1
2026-06-08,000858,14:09:09,79.8800,17,2
2026-06-08,000858,14:09:12,79.9000,32,1
2026-06-08,000858,14:09:15,79.9000,74,1
2026-06-08,000858,14:09:18,79.9000,18,2
2026-06-08,000858,14:09:21,79.9000,23,2
2026-06-08,000858,14:09:24,79.9100,8,1
2026-06-08,000858,14:09:27,79.9100,4,2
2026-06-08,000858,14:09:30,79.9300,91,1
2026-06-08,000858,14:09:33,79.9300,52,1
2026-06-08,000858,14:09:36,79.9500,8,1
2026-06-08,000858,14:09:39,79.9500,16,1
2026-06-08,000858,14:09:42,79.9500,14,1
2026-06-08,000858,14:09:45,79.9700,39,1
2026-06-08,000858,14:09:48,79.9500,3,2
2026-06-08,000858,14:09:51,79.9600,28,1
2026-06-08,000858,14:09:54,79.9700,59,1
2026-06-08,000858,14:09:57,79.9600,25,4
2026-06-08,000858,14:10:00,79.9800,17,1
2026-06-08,000858,14:10:03,79.9600,28,2
2026-06-08,000858,14:10:06,79.9600,35,1
2026-06-08,000858,14:10:09,79.9500,4,4
2026-06-08,000858,14:10:12,79.9600,10,1
2026-06-08,000858,14:10:15,79.9600,15,1
2026-06-08,000858,14:10:18,79.9500,36,2
2026-06-08,000858,14:10:21,79.9500,22,1
2026-06-08,000858,14:10:24,79.9600,11,1
2026-06-08,000858,14:10:27,79.9600,4,1
2026-06-08,000858,14:10:30,79.9600,24,1
2026-06-08,000858,14:10:33,79.9400,27,2
2026-06-08,000858,14:10:36,79.9400,32,2
2026-06-08,000858,14:10:39,79.9500,33,1
2026-06-08,000858,14:10:42,79.9300,44,2
2026-06-08,000858,14:10:45,79.9300,12,2
2026-06-08,000858,14:10:48,79.9300,17,1
2026-06-08,000858,14:10:51,79.9100,7,2
2026-06-08,000858,14:10:54,79.9300,6,1
2026-06-08,000858,14:10:57,79.9500,27,1
2026-06-08,000858,14:11:00,79.9100,17,2
2026-06-08,000858,14:11:03,79.9200,10,2
2026-06-08,000858,14:11:06,79.9400,25,1
2026-06-08,000858,14:11:09,79.9100,5,2
2026-06-08,000858,14:11:12,79.9200,3,1
2026-06-08,000858,14:11:15,79.9300,18,1
2026-06-08,000858,14:11:18,79.9100,2,1
2026-06-08,000858,14:11:21,79.9100,20,1
2026-06-08,000858,14:11:24,79.9100,5,1
2026-06-08,000858,14:11:27,79.9100,45,1
2026-06-08,000858,14:11:30,79.9100,24,1
2026-06-08,000858,14:11:33,79.9100,15,1
2026-06-08,000858,14:11:36,79.9100,4,1
2026-06-08,000858,14:11:39,79.9100,9,1
2026-06-08,000858,14:11:42,79.9100,9,1
2026-06-08,000858,14:11:45,79.9000,57,2
2026-06-08,000858,14:11:48,79.9000,3,2
2026-06-08,000858,14:11:51,79.9000,14,4
2026-06-08,000858,14:11:54,79.9000,25,2
2026-06-08,000858,14:11:57,79.9000,15,1
2026-06-08,000858,14:12:00,79.8900,18,2
2026-06-08,000858,14:12:03,79.9000,14,1
2026-06-08,000858,14:12:06,79.9000,22,1
2026-06-08,000858,14:12:09,79.9000,10,1
2026-06-08,000858,14:12:12,79.8900,44,2
2026-06-08,000858,14:12:15,79.9000,9,1
2026-06-08,000858,14:12:18,79.9000,4,1
2026-06-08,000858,14:12:21,79.9000,16,1
2026-06-08,000858,14:12:24,79.9000,33,1
2026-06-08,000858,14:12:27,79.9000,28,1
2026-06-08,000858,14:12:30,79.9000,11,1
2026-06-08,000858,14:12:33,79.9000,43,1
2026-06-08,000858,14:12:36,79.9000,24,4
2026-06-08,000858,14:12:39,79.8900,12,2
2026-06-08,000858,14:12:42,79.8900,34,2
2026-06-08,000858,14:12:45,79.9000,30,1
2026-06-08,000858,14:12:48,79.8800,23,2
2026-06-08,000858,14:12:51,79.9000,22,1
2026-06-08,000858,14:12:54,79.8800,20,2
2026-06-08,000858,14:12:57,79.9000,33,1
2026-06-08,000858,14:13:00,79.8900,17,2
2026-06-08,000858,14:13:03,79.8900,6,2
2026-06-08,000858,14:13:06,79.9000,3,1
2026-06-08,000858,14:13:09,79.9000,17,1
2026-06-08,000858,14:13:12,79.9000,12,1
2026-06-08,000858,14:13:15,79.9000,5,2
2026-06-08,000858,14:13:18,79.8900,17,2
2026-06-08,000858,14:13:21,79.8900,11,2
2026-06-08,000858,14:13:24,79.8900,4,2
2026-06-08,000858,14:13:27,79.8900,14,2
2026-06-08,000858,14:13:30,79.8900,6,2
2026-06-08,000858,14:13:33,79.8900,14,1
2026-06-08,000858,14:13:36,79.8900,11,1
2026-06-08,000858,14:13:39,79.8900,11,1
2026-06-08,000858,14:13:42,79.8800,10,2
2026-06-08,000858,14:13:45,79.8800,57,2
2026-06-08,000858,14:13:48,79.8900,16,1
2026-06-08,000858,14:13:51,79.8900,8,1
2026-06-08,000858,14:13:57,79.8900,17,2
2026-06-08,000858,14:14:00,79.8900,4,1
2026-06-08,000858,14:14:03,79.8900,15,1
2026-06-08,000858,14:14:06,79.8900,15,1
2026-06-08,000858,14:14:09,79.8900,83,1
2026-06-08,000858,14:14:12,79.8700,35,2
2026-06-08,000858,14:14:15,79.8700,28,2
2026-06-08,000858,14:14:18,79.8800,10,1
2026-06-08,000858,14:14:21,79.8600,1,2
2026-06-08,000858,14:14:24,79.8800,16,1
2026-06-08,000858,14:14:27,79.8700,14,4
2026-06-08,000858,14:14:30,79.8600,55,2
2026-06-08,000858,14:14:33,79.8600,8,1
2026-06-08,000858,14:14:36,79.8500,22,2
2026-06-08,000858,14:14:39,79.8400,32,2
2026-06-08,000858,14:14:42,79.8500,9,1
2026-06-08,000858,14:14:45,79.8500,12,1
2026-06-08,000858,14:14:48,79.8500,5,1
2026-06-08,000858,14:14:51,79.8400,5,2
2026-06-08,000858,14:14:54,79.8400,34,2
2026-06-08,000858,14:14:57,79.8500,14,1
2026-06-08,000858,14:15:00,79.8500,35,1
2026-06-08,000858,14:15:03,79.8400,24,2
2026-06-08,000858,14:15:06,79.8400,3,2
2026-06-08,000858,14:15:09,79.8500,14,1
2026-06-08,000858,14:15:12,79.8400,18,2
2026-06-08,000858,14:15:15,79.8400,22,1
2026-06-08,000858,14:15:18,79.8400,29,1
2026-06-08,000858,14:15:21,79.8300,24,2
2026-06-08,000858,14:15:24,79.8400,3,1
2026-06-08,000858,14:15:27,79.8400,13,2
2026-06-08,000858,14:15:30,79.8400,10,1
2026-06-08,000858,14:15:33,79.8500,19,1
2026-06-08,000858,14:15:36,79.8800,65,1
2026-06-08,000858,14:15:39,79.8900,12,1
2026-06-08,000858,14:15:42,79.8500,100,2
2026-06-08,000858,14:15:45,79.8900,2,1
2026-06-08,000858,14:15:48,79.8900,19,1
2026-06-08,000858,14:15:51,79.8700,19,2
2026-06-08,000858,14:15:54,79.8900,22,1
2026-06-08,000858,14:15:57,79.8800,14,4
2026-06-08,000858,14:16:00,79.8800,3,2
2026-06-08,000858,14:16:03,79.8900,14,1
2026-06-08,000858,14:16:06,79.8800,21,2
2026-06-08,000858,14:16:09,79.8900,85,1
2026-06-08,000858,14:16:12,79.9000,35,1
2026-06-08,000858,14:16:15,79.9000,27,2
2026-06-08,000858,14:16:18,79.9100,34,2
2026-06-08,000858,14:16:21,79.9100,13,2
2026-06-08,000858,14:16:27,79.9100,8,2
2026-06-08,000858,14:16:30,79.9100,11,2
2026-06-08,000858,14:16:33,79.8900,251,2
2026-06-08,000858,14:16:36,79.9000,20,1
2026-06-08,000858,14:16:39,79.9000,7,1
2026-06-08,000858,14:16:42,79.9000,19,1
2026-06-08,000858,14:16:45,79.8900,27,2
2026-06-08,000858,14:16:48,79.8900,80,2
2026-06-08,000858,14:16:51,79.8900,17,1
2026-06-08,000858,14:16:54,79.8900,18,1
2026-06-08,000858,14:16:57,79.8800,13,2
2026-06-08,000858,14:17:00,79.8800,32,2
2026-06-08,000858,14:17:03,79.9000,62,1
2026-06-08,000858,14:17:06,79.9000,37,1
2026-06-08,000858,14:17:09,79.9100,82,1
2026-06-08,000858,14:17:12,79.9100,14,1
2026-06-08,000858,14:17:18,79.9000,17,2
2026-06-08,000858,14:17:21,79.9000,4,2
2026-06-08,000858,14:17:24,79.9000,32,1
2026-06-08,000858,14:17:27,79.9300,21,1
2026-06-08,000858,14:17:30,79.9000,16,2
2026-06-08,000858,14:17:33,79.9000,42,2
2026-06-08,000858,14:17:36,79.9000,7,1
2026-06-08,000858,14:17:39,79.8500,222,2
2026-06-08,000858,14:17:42,79.8900,176,1
2026-06-08,000858,14:17:45,79.9000,21,1
2026-06-08,000858,14:17:48,79.9000,8,1
2026-06-08,000858,14:17:51,79.9000,15,1
2026-06-08,000858,14:17:54,79.9000,53,1
2026-06-08,000858,14:17:57,79.8800,8,2
2026-06-08,000858,14:18:00,79.8800,4,2
2026-06-08,000858,14:18:03,79.9100,16,1
2026-06-08,000858,14:18:06,79.8700,14,2
2026-06-08,000858,14:18:09,79.8900,43,1
2026-06-08,000858,14:18:12,79.8800,8,2
2026-06-08,000858,14:18:15,79.8700,7,2
2026-06-08,000858,14:18:18,79.8800,21,1
2026-06-08,000858,14:18:21,79.8800,19,2
2026-06-08,000858,14:18:24,79.8800,7,2
2026-06-08,000858,14:18:27,79.8800,5,2
2026-06-08,000858,14:18:30,79.8800,11,2
2026-06-08,000858,14:18:33,79.8800,9,1
2026-06-08,000858,14:18:36,79.8800,3,2
2026-06-08,000858,14:18:39,79.8900,21,2
2026-06-08,000858,14:18:42,79.8800,8,2
2026-06-08,000858,14:18:45,79.9000,51,1
2026-06-08,000858,14:18:48,79.9000,1,1
2026-06-08,000858,14:18:51,79.9000,3,1
2026-06-08,000858,14:18:54,79.8900,9,2
2026-06-08,000858,14:18:57,79.8900,17,2
2026-06-08,000858,14:19:00,79.8800,141,2
2026-06-08,000858,14:19:03,79.8900,12,4
2026-06-08,000858,14:19:06,79.8800,5,2
2026-06-08,000858,14:19:09,79.8900,15,1
2026-06-08,000858,14:19:12,79.8900,23,1
2026-06-08,000858,14:19:15,79.8900,25,1
2026-06-08,000858,14:19:18,79.8900,125,1
2026-06-08,000858,14:19:21,79.8900,6,2
2026-06-08,000858,14:19:24,79.9200,12,1
2026-06-08,000858,14:19:27,79.8900,3,2
2026-06-08,000858,14:19:30,79.9200,1,1
2026-06-08,000858,14:19:33,79.8900,27,2
2026-06-08,000858,14:19:36,79.9100,3,1
2026-06-08,000858,14:19:39,79.8900,23,2
2026-06-08,000858,14:19:42,79.9200,10,1
2026-06-08,000858,14:19:45,79.9200,26,1
2026-06-08,000858,14:19:48,79.9000,15,2
2026-06-08,000858,14:19:54,79.9000,6,2
2026-06-08,000858,14:19:57,79.9100,10,1
2026-06-08,000858,14:20:00,79.9000,10,2
2026-06-08,000858,14:20:03,79.9000,9,2
2026-06-08,000858,14:20:06,79.9000,27,1
2026-06-08,000858,14:20:09,79.8900,81,2
2026-06-08,000858,14:20:12,79.8900,31,1
2026-06-08,000858,14:20:15,79.9000,36,1
2026-06-08,000858,14:20:18,79.8900,10,4
2026-06-08,000858,14:20:21,79.8800,4,2
2026-06-08,000858,14:20:24,79.9100,22,1
2026-06-08,000858,14:20:27,79.9100,13,1
2026-06-08,000858,14:20:30,79.8800,46,2
2026-06-08,000858,14:20:33,79.8800,20,1
2026-06-08,000858,14:20:36,79.8800,6,1
2026-06-08,000858,14:20:39,79.8800,4,1
2026-06-08,000858,14:20:42,79.8800,11,1
2026-06-08,000858,14:20:45,79.8800,42,1
2026-06-08,000858,14:20:48,79.8800,64,1
2026-06-08,000858,14:20:51,79.9000,11,1
2026-06-08,000858,14:20:54,79.9200,32,1
2026-06-08,000858,14:20:57,79.9000,11,1
2026-06-08,000858,14:21:00,79.8800,29,2
2026-06-08,000858,14:21:03,79.9200,38,1
2026-06-08,000858,14:21:06,79.9200,2,1
2026-06-08,000858,14:21:09,79.9100,9,2
2026-06-08,000858,14:21:12,79.9300,9,1
2026-06-08,000858,14:21:15,79.9000,31,2
2026-06-08,000858,14:21:24,79.9100,4,1
2026-06-08,000858,14:21:27,79.9100,22,1
2026-06-08,000858,14:21:30,79.9100,40,1
2026-06-08,000858,14:21:33,79.9000,7,2
2026-06-08,000858,14:21:36,79.9200,47,1
2026-06-08,000858,14:21:39,79.9100,5,4
2026-06-08,000858,14:21:42,79.9000,25,2
2026-06-08,000858,14:21:45,79.9100,1,4
2026-06-08,000858,14:21:48,79.9000,17,2
2026-06-08,000858,14:21:51,79.9100,12,1
2026-06-08,000858,14:21:54,79.9100,9,2
2026-06-08,000858,14:21:57,79.9200,49,1
2026-06-08,000858,14:22:00,79.9100,34,2
2026-06-08,000858,14:22:03,79.9100,5,2
2026-06-08,000858,14:22:06,79.9300,226,1
2026-06-08,000858,14:22:09,79.9200,42,2
2026-06-08,000858,14:22:12,79.9100,12,2
2026-06-08,000858,14:22:15,79.9400,37,1
2026-06-08,000858,14:22:18,79.9000,31,2
2026-06-08,000858,14:22:21,79.9000,59,2
2026-06-08,000858,14:22:24,79.9000,21,1
2026-06-08,000858,14:22:27,79.9000,13,1
2026-06-08,000858,14:22:30,79.8900,22,2
2026-06-08,000858,14:22:33,79.9000,16,1
2026-06-08,000858,14:22:36,79.9100,3,1
2026-06-08,000858,14:22:42,79.9100,23,1
2026-06-08,000858,14:22:45,79.9000,33,2
2026-06-08,000858,14:22:48,79.9000,14,1
2026-06-08,000858,14:22:51,79.9000,3,1
2026-06-08,000858,14:22:54,79.9100,22,1
2026-06-08,000858,14:22:57,79.9200,15,1
2026-06-08,000858,14:23:00,79.9200,4,1
2026-06-08,000858,14:23:03,79.9100,35,2
2026-06-08,000858,14:23:06,79.9100,45,2
2026-06-08,000858,14:23:09,79.9000,44,2
2026-06-08,000858,14:23:12,79.9000,13,1
2026-06-08,000858,14:23:15,79.9000,4,1
2026-06-08,000858,14:23:18,79.9000,57,1
2026-06-08,000858,14:23:21,79.9000,12,1
2026-06-08,000858,14:23:24,79.9000,9,1
2026-06-08,000858,14:23:27,79.9000,9,1
2026-06-08,000858,14:23:30,79.8900,54,2
2026-06-08,000858,14:23:33,79.8800,4,2
2026-06-08,000858,14:23:36,79.8900,9,1
2026-06-08,000858,14:23:39,79.8900,10,2
2026-06-08,000858,14:23:42,79.8900,13,1
2026-06-08,000858,14:23:45,79.8900,14,1
2026-06-08,000858,14:23:48,79.8900,118,2
2026-06-08,000858,14:23:51,79.9000,2,1
2026-06-08,000858,14:23:54,79.9000,19,1
2026-06-08,000858,14:23:57,79.9000,21,1
2026-06-08,000858,14:24:00,79.8900,8,2
2026-06-08,000858,14:24:03,79.9000,19,1
2026-06-08,000858,14:24:06,79.9100,17,1
2026-06-08,000858,14:24:09,79.9000,3,2
2026-06-08,000858,14:24:12,79.9000,7,2
2026-06-08,000858,14:24:15,79.9100,40,1
2026-06-08,000858,14:24:18,79.9100,9,1
2026-06-08,000858,14:24:21,79.9200,10,1
2026-06-08,000858,14:24:24,79.9400,13,1
2026-06-08,000858,14:24:27,79.9300,35,1
2026-06-08,000858,14:24:30,79.9400,11,1
2026-06-08,000858,14:24:33,79.9400,10,1
2026-06-08,000858,14:24:36,79.9300,48,2
2026-06-08,000858,14:24:39,79.9400,7,1
2026-06-08,000858,14:24:42,79.9400,23,1
2026-06-08,000858,14:24:45,79.9400,27,1
2026-06-08,000858,14:24:48,79.9400,21,1
2026-06-08,000858,14:24:51,79.9400,15,1
2026-06-08,000858,14:24:54,79.9500,20,1
2026-06-08,000858,14:24:57,79.9400,3,2
2026-06-08,000858,14:25:00,79.9500,12,1
2026-06-08,000858,14:25:03,79.9400,8,2
2026-06-08,000858,14:25:06,79.9400,52,2
2026-06-08,000858,14:25:09,79.9500,58,1
2026-06-08,000858,14:25:12,79.9500,44,2
2026-06-08,000858,14:25:15,79.9500,17,2
2026-06-08,000858,14:25:18,79.9600,38,1
2026-06-08,000858,14:25:21,79.9600,6,1
2026-06-08,000858,14:25:24,79.9600,39,1
2026-06-08,000858,14:25:27,79.9600,18,1
2026-06-08,000858,14:25:30,79.9600,12,1
2026-06-08,000858,14:25:33,79.9600,9,1
2026-06-08,000858,14:25:36,79.9500,27,2
2026-06-08,000858,14:25:39,79.9600,58,1
2026-06-08,000858,14:25:42,79.9700,13,1
2026-06-08,000858,14:25:45,79.9700,37,1
2026-06-08,000858,14:25:48,79.9700,3,1
2026-06-08,000858,14:25:51,79.9700,17,1
2026-06-08,000858,14:25:54,79.9700,5,1
2026-06-08,000858,14:25:57,79.9700,12,1
2026-06-08,000858,14:26:00,79.9600,10,2
2026-06-08,000858,14:26:03,79.9600,20,2
2026-06-08,000858,14:26:06,79.9600,4,2
2026-06-08,000858,14:26:09,79.9700,4,1
2026-06-08,000858,14:26:12,79.9600,24,2
2026-06-08,000858,14:26:15,79.9600,4,2
2026-06-08,000858,14:26:18,79.9700,21,1
2026-06-08,000858,14:26:21,79.9700,20,1
2026-06-08,000858,14:26:24,79.9700,29,1
2026-06-08,000858,14:26:27,79.9700,24,1
2026-06-08,000858,14:26:30,79.9700,60,1
2026-06-08,000858,14:26:33,79.9700,35,1
2026-06-08,000858,14:26:36,79.9600,15,2
2026-06-08,000858,14:26:39,79.9600,2,2
2026-06-08,000858,14:26:42,79.9700,13,1
2026-06-08,000858,14:26:45,79.9800,16,1
2026-06-08,000858,14:26:48,79.9700,14,4
2026-06-08,000858,14:26:51,79.9800,23,1
2026-06-08,000858,14:26:54,79.9800,26,1
2026-06-08,000858,14:26:57,79.9700,31,2
2026-06-08,000858,14:27:00,79.9700,8,2
2026-06-08,000858,14:27:03,79.9900,44,1
2026-06-08,000858,14:27:06,79.9800,11,4
2026-06-08,000858,14:27:09,79.9900,29,1
2026-06-08,000858,14:27:12,79.9800,42,2
2026-06-08,000858,14:27:15,79.9900,49,1
2026-06-08,000858,14:27:18,79.9900,9,1
2026-06-08,000858,14:27:21,79.9900,60,2
2026-06-08,000858,14:27:24,80.0000,16,1
2026-06-08,000858,14:27:27,79.9900,24,2
2026-06-08,000858,14:27:30,80.0000,13,1
2026-06-08,000858,14:27:33,79.9800,23,2
2026-06-08,000858,14:27:36,80.0000,62,1
2026-06-08,000858,14:27:39,79.9900,30,4
2026-06-08,000858,14:27:42,79.9800,2,2
2026-06-08,000858,14:27:45,79.9900,19,1
2026-06-08,000858,14:27:48,79.9800,11,2
2026-06-08,000858,14:27:51,80.0000,15,1
2026-06-08,000858,14:27:54,79.9900,17,2
2026-06-08,000858,14:27:57,80.0000,8,1
2026-06-08,000858,14:28:00,79.9900,32,2
2026-06-08,000858,14:28:03,79.9900,34,2
2026-06-08,000858,14:28:06,80.0000,18,1
2026-06-08,000858,14:28:09,79.9900,22,2
2026-06-08,000858,14:28:12,79.9900,17,2
2026-06-08,000858,14:28:15,79.9900,174,2
2026-06-08,000858,14:28:18,79.9900,8,1
2026-06-08,000858,14:28:21,79.9900,13,1
2026-06-08,000858,14:28:24,80.0000,26,1
2026-06-08,000858,14:28:27,79.9900,25,2
2026-06-08,000858,14:28:30,79.9900,8,2
2026-06-08,000858,14:28:33,80.0000,20,1
2026-06-08,000858,14:28:36,79.9900,4,2
2026-06-08,000858,14:28:39,80.0000,4,1
2026-06-08,000858,14:28:42,80.0000,1,1
2026-06-08,000858,14:28:45,80.0000,16,1
2026-06-08,000858,14:28:48,79.9900,50,2
2026-06-08,000858,14:28:51,80.0000,93,1
2026-06-08,000858,14:28:54,79.9900,32,2
2026-06-08,000858,14:28:57,79.9900,24,1
2026-06-08,000858,14:29:00,79.9900,20,1
2026-06-08,000858,14:29:03,79.9700,125,2
2026-06-08,000858,14:29:06,79.9600,70,2
2026-06-08,000858,14:29:09,79.9700,7,4
2026-06-08,000858,14:29:12,79.9800,5,4
2026-06-08,000858,14:29:15,79.9900,26,1
2026-06-08,000858,14:29:18,79.9700,12,2
2026-06-08,000858,14:29:21,79.9700,12,2
2026-06-08,000858,14:29:24,79.9900,18,1
2026-06-08,000858,14:29:27,79.9700,19,2
2026-06-08,000858,14:29:30,79.9700,6,2
2026-06-08,000858,14:29:33,79.9700,5,2
2026-06-08,000858,14:29:36,79.9700,6,2
2026-06-08,000858,14:29:39,79.9900,15,1
2026-06-08,000858,14:29:42,79.9800,29,2
2026-06-08,000858,14:29:45,79.9700,16,2
2026-06-08,000858,14:29:48,79.9900,81,1
2026-06-08,000858,14:29:51,80.0000,241,1
2026-06-08,000858,14:29:54,80.0000,36,1
2026-06-08,000858,14:29:57,79.9800,15,2
2026-06-08,000858,14:30:00,80.0000,4,1
2026-06-08,000858,14:30:03,80.0000,11,1
2026-06-08,000858,14:30:06,80.0000,92,1
2026-06-08,000858,14:30:09,80.0000,77,1
2026-06-08,000858,14:30:12,80.0000,50,2
2026-06-08,000858,14:30:15,80.0000,25,2
2026-06-08,000858,14:30:18,80.0000,43,2
2026-06-08,000858,14:30:21,80.0100,27,4
2026-06-08,000858,14:30:24,80.0200,3,1
2026-06-08,000858,14:30:27,80.0200,21,1
2026-06-08,000858,14:30:30,80.0200,20,1
2026-06-08,000858,14:30:33,80.0200,15,1
2026-06-08,000858,14:30:36,80.0200,21,1
2026-06-08,000858,14:30:39,80.0100,12,4
2026-06-08,000858,14:30:42,80.0200,35,1
2026-06-08,000858,14:30:45,80.0500,27,1
2026-06-08,000858,14:30:48,80.0200,47,2
2026-06-08,000858,14:30:51,80.0500,44,1
2026-06-08,000858,14:30:54,80.0700,8,1
2026-06-08,000858,14:30:57,80.0400,19,2
2026-06-08,000858,14:31:00,80.0800,2,1
2026-06-08,000858,14:31:03,80.0400,49,2
2026-06-08,000858,14:31:06,80.0500,10,1
2026-06-08,000858,14:31:09,80.0600,5,1
2026-06-08,000858,14:31:12,80.0600,12,1
2026-06-08,000858,14:31:15,80.0800,29,1
2026-06-08,000858,14:31:18,80.0800,17,1
2026-06-08,000858,14:31:21,80.0600,24,2
2026-06-08,000858,14:31:24,80.0500,70,2
2026-06-08,000858,14:31:27,80.0500,70,1
2026-06-08,000858,14:31:30,80.0300,26,2
2026-06-08,000858,14:31:33,80.0400,8,1
2026-06-08,000858,14:31:36,80.0400,60,1
2026-06-08,000858,14:31:39,80.0400,4,2
2026-06-08,000858,14:31:42,80.0400,36,2
2026-06-08,000858,14:31:45,80.0500,10,1
2026-06-08,000858,14:31:48,80.0500,39,1
2026-06-08,000858,14:31:51,80.0500,10,2
2026-06-08,000858,14:31:54,80.0500,28,1
2026-06-08,000858,14:31:57,80.0500,36,2
2026-06-08,000858,14:32:00,80.0500,4,2
2026-06-08,000858,14:32:03,80.0600,9,1
2026-06-08,000858,14:32:06,80.0600,6,1
2026-06-08,000858,14:32:09,80.0600,14,1
2026-06-08,000858,14:32:12,80.0500,6,2
2026-06-08,000858,14:32:15,80.0500,2,2
2026-06-08,000858,14:32:18,80.0600,11,1
2026-06-08,000858,14:32:21,80.0500,9,2
2026-06-08,000858,14:32:24,80.0600,34,1
2026-06-08,000858,14:32:27,80.0600,10,1
2026-06-08,000858,14:32:30,80.0500,69,2
2026-06-08,000858,14:32:33,80.0600,29,1
2026-06-08,000858,14:32:36,80.0500,18,2
2026-06-08,000858,14:32:39,80.0400,3,2
2026-06-08,000858,14:32:42,80.0400,51,2
2026-06-08,000858,14:32:45,80.0400,38,1
2026-06-08,000858,14:32:48,80.0400,39,1
2026-06-08,000858,14:32:51,80.0300,23,2
2026-06-08,000858,14:32:54,80.0300,8,2
2026-06-08,000858,14:32:57,80.0300,16,2
2026-06-08,000858,14:33:03,80.0400,28,1
2026-06-08,000858,14:33:06,80.0400,14,1
2026-06-08,000858,14:33:09,80.0400,13,1
2026-06-08,000858,14:33:12,80.0500,20,1
2026-06-08,000858,14:33:15,80.0400,21,2
2026-06-08,000858,14:33:18,80.0500,17,1
2026-06-08,000858,14:33:21,80.0300,66,2
2026-06-08,000858,14:33:24,80.0500,9,1
2026-06-08,000858,14:33:27,80.0500,25,1
2026-06-08,000858,14:33:30,80.0500,25,1
2026-06-08,000858,14:33:33,80.0300,19,2
2026-06-08,000858,14:33:36,80.0300,27,1
2026-06-08,000858,14:33:39,80.0400,8,1
2026-06-08,000858,14:33:42,80.0400,17,1
2026-06-08,000858,14:33:45,80.0400,20,1
2026-06-08,000858,14:33:48,80.0400,2,1
2026-06-08,000858,14:33:51,80.0300,21,2
2026-06-08,000858,14:33:54,80.0300,22,1
2026-06-08,000858,14:33:57,80.0300,16,1
2026-06-08,000858,14:34:00,80.0300,2,1
2026-06-08,000858,14:34:03,80.0200,42,2
2026-06-08,000858,14:34:06,80.0200,16,2
2026-06-08,000858,14:34:09,80.0200,24,2
2026-06-08,000858,14:34:12,80.0400,32,1
2026-06-08,000858,14:34:15,80.0200,54,2
2026-06-08,000858,14:34:18,80.0200,11,2
2026-06-08,000858,14:34:21,80.0200,11,2
2026-06-08,000858,14:34:24,80.0200,30,1
2026-06-08,000858,14:34:27,80.0200,17,1
2026-06-08,000858,14:34:30,80.0100,81,2
2026-06-08,000858,14:34:33,80.0000,19,2
2026-06-08,000858,14:34:36,79.9900,238,2
2026-06-08,000858,14:34:39,79.9900,15,2
2026-06-08,000858,14:34:42,79.9900,7,2
2026-06-08,000858,14:34:45,79.9800,37,2
2026-06-08,000858,14:34:48,79.9800,66,2
2026-06-08,000858,14:34:51,79.9800,23,2
2026-06-08,000858,14:34:54,79.9900,62,1
2026-06-08,000858,14:34:57,79.9900,13,1
2026-06-08,000858,14:35:00,79.9700,7,2
2026-06-08,000858,14:35:03,79.9700,20,2
2026-06-08,000858,14:35:06,79.9700,26,2
2026-06-08,000858,14:35:09,79.9800,13,1
2026-06-08,000858,14:35:12,79.9900,33,1
2026-06-08,000858,14:35:15,79.9800,24,1
2026-06-08,000858,14:35:18,79.9700,79,2
2026-06-08,000858,14:35:21,79.9800,5,1
2026-06-08,000858,14:35:24,79.9900,24,1
2026-06-08,000858,14:35:27,79.9900,77,1
2026-06-08,000858,14:35:30,79.9800,8,4
2026-06-08,000858,14:35:33,79.9600,31,2
2026-06-08,000858,14:35:36,79.9800,20,1
2026-06-08,000858,14:35:39,79.9700,5,1
2026-06-08,000858,14:35:42,79.9700,11,1
2026-06-08,000858,14:35:45,79.9700,15,1
2026-06-08,000858,14:35:48,79.9700,16,2
2026-06-08,000858,14:35:51,79.9600,11,2
2026-06-08,000858,14:35:54,79.9600,25,2
2026-06-08,000858,14:35:57,79.9600,21,2
2026-06-08,000858,14:36:00,79.9600,22,2
2026-06-08,000858,14:36:03,79.9600,25,2
2026-06-08,000858,14:36:06,79.9500,14,2
2026-06-08,000858,14:36:09,79.9600,2,1
2026-06-08,000858,14:36:12,79.9600,6,1
2026-06-08,000858,14:36:15,79.9500,16,2
2026-06-08,000858,14:36:18,79.9500,101,2
2026-06-08,000858,14:36:21,79.9500,10,1
2026-06-08,000858,14:36:24,79.9500,8,1
2026-06-08,000858,14:36:27,79.9400,38,2
2026-06-08,000858,14:36:30,79.9500,20,1
2026-06-08,000858,14:36:33,79.9600,33,1
2026-06-08,000858,14:36:36,79.9600,60,1
2026-06-08,000858,14:36:39,79.9600,9,2
2026-06-08,000858,14:36:42,79.9600,30,2
2026-06-08,000858,14:36:45,79.9600,93,2
2026-06-08,000858,14:36:48,79.9700,13,2
2026-06-08,000858,14:36:51,79.9800,5,1
2026-06-08,000858,14:36:54,79.9900,40,1
2026-06-08,000858,14:36:57,79.9900,14,2
2026-06-08,000858,14:37:00,79.9900,2,2
2026-06-08,000858,14:37:03,79.9900,15,2
2026-06-08,000858,14:37:06,79.9900,46,1
2026-06-08,000858,14:37:09,80.0000,20,1
2026-06-08,000858,14:37:12,80.0000,9,1
2026-06-08,000858,14:37:15,80.0000,29,1
2026-06-08,000858,14:37:18,79.9900,23,2
2026-06-08,000858,14:37:21,79.9900,12,2
2026-06-08,000858,14:37:24,80.0100,9,1
2026-06-08,000858,14:37:27,79.9900,8,2
2026-06-08,000858,14:37:30,80.0000,15,4
2026-06-08,000858,14:37:33,80.0000,24,2
2026-06-08,000858,14:37:36,80.0000,14,2
2026-06-08,000858,14:37:39,80.0000,42,2
2026-06-08,000858,14:37:42,80.0000,19,2
2026-06-08,000858,14:37:45,80.0000,28,2
2026-06-08,000858,14:37:48,79.9900,55,2
2026-06-08,000858,14:37:51,80.0000,136,4
2026-06-08,000858,14:37:54,79.9800,202,2
2026-06-08,000858,14:37:57,79.9800,3,4
2026-06-08,000858,14:38:00,79.9700,21,2
2026-06-08,000858,14:38:03,79.9800,23,4
2026-06-08,000858,14:38:06,79.9600,86,2
2026-06-08,000858,14:38:09,79.9700,11,1
2026-06-08,000858,14:38:12,79.9700,61,1
2026-06-08,000858,14:38:15,79.9600,13,2
2026-06-08,000858,14:38:18,79.9800,92,1
2026-06-08,000858,14:38:21,79.9200,34,2
2026-06-08,000858,14:38:27,79.9600,23,1
2026-06-08,000858,14:38:30,79.9200,8,2
2026-06-08,000858,14:38:33,79.9500,9,1
2026-06-08,000858,14:38:36,79.9200,11,2
2026-06-08,000858,14:38:39,79.9600,96,1
2026-06-08,000858,14:38:42,79.9800,99,1
2026-06-08,000858,14:38:45,79.9800,104,2
2026-06-08,000858,14:38:48,79.9600,54,2
2026-06-08,000858,14:38:51,79.9600,25,2
2026-06-08,000858,14:38:54,80.0000,518,1
2026-06-08,000858,14:38:57,80.0000,20,2
2026-06-08,000858,14:39:00,80.0000,6,2
2026-06-08,000858,14:39:03,80.0100,18,1
2026-06-08,000858,14:39:06,80.0000,12,2
2026-06-08,000858,14:39:09,79.9900,38,2
2026-06-08,000858,14:39:12,79.9900,5,1
2026-06-08,000858,14:39:15,79.9700,30,2
2026-06-08,000858,14:39:18,79.9500,62,2
2026-06-08,000858,14:39:21,79.9600,14,4
2026-06-08,000858,14:39:24,79.9600,33,2
2026-06-08,000858,14:39:27,79.9500,40,2
2026-06-08,000858,14:39:30,79.9600,6,1
2026-06-08,000858,14:39:33,79.9600,13,1
2026-06-08,000858,14:39:36,79.9500,17,2
2026-06-08,000858,14:39:39,79.9600,66,1
2026-06-08,000858,14:39:42,79.9900,81,1
2026-06-08,000858,14:39:45,80.0000,62,1
2026-06-08,000858,14:39:48,79.9600,9,2
2026-06-08,000858,14:39:51,79.9600,21,2
2026-06-08,000858,14:39:54,79.9600,14,2
2026-06-08,000858,14:39:57,79.9900,167,1
2026-06-08,000858,14:40:00,79.9700,4,2
2026-06-08,000858,14:40:03,79.9800,208,1
2026-06-08,000858,14:40:06,79.9800,7,1
2026-06-08,000858,14:40:09,79.9700,3,2
2026-06-08,000858,14:40:12,79.9700,22,2
2026-06-08,000858,14:40:18,79.9900,24,1
2026-06-08,000858,14:40:21,79.9800,8,1
2026-06-08,000858,14:40:24,79.9900,247,1
2026-06-08,000858,14:40:27,79.9900,76,1
2026-06-08,000858,14:40:30,79.9800,8,1
2026-06-08,000858,14:40:33,79.9900,13,1
2026-06-08,000858,14:40:36,79.9900,10,1
2026-06-08,000858,14:40:39,79.9800,6,2
2026-06-08,000858,14:40:42,79.9900,6,1
2026-06-08,000858,14:40:45,79.9900,57,1
2026-06-08,000858,14:40:48,80.0000,25,1
2026-06-08,000858,14:40:51,79.9800,18,2
2026-06-08,000858,14:40:54,79.9900,5,1
2026-06-08,000858,14:40:57,79.9900,16,2
2026-06-08,000858,14:41:00,80.0000,11,1
2026-06-08,000858,14:41:03,80.0000,84,1
2026-06-08,000858,14:41:06,80.0000,42,1
2026-06-08,000858,14:41:09,80.0000,120,1
2026-06-08,000858,14:41:12,80.0000,29,2
2026-06-08,000858,14:41:15,80.0100,16,1
2026-06-08,000858,14:41:18,80.0000,14,2
2026-06-08,000858,14:41:21,80.0300,15,1
2026-06-08,000858,14:41:24,80.0300,20,1
2026-06-08,000858,14:41:27,80.0200,11,4
2026-06-08,000858,14:41:30,80.0200,40,2
2026-06-08,000858,14:41:33,80.0200,18,2
2026-06-08,000858,14:41:36,80.0200,15,1
2026-06-08,000858,14:41:39,80.0100,17,2
2026-06-08,000858,14:41:42,80.0100,18,2
2026-06-08,000858,14:41:45,80.0000,51,2
2026-06-08,000858,14:41:48,80.0100,24,1
2026-06-08,000858,14:41:51,80.0100,24,1
2026-06-08,000858,14:41:54,80.0100,42,1
2026-06-08,000858,14:41:57,80.0000,2,4
2026-06-08,000858,14:42:00,80.0000,11,1
2026-06-08,000858,14:42:03,80.0000,20,2
2026-06-08,000858,14:42:06,80.0100,11,1
2026-06-08,000858,14:42:09,80.0100,10,1
2026-06-08,000858,14:42:12,79.9900,12,2
2026-06-08,000858,14:42:15,79.9900,6,2
2026-06-08,000858,14:42:18,79.9900,92,2
2026-06-08,000858,14:42:21,79.9900,22,1
2026-06-08,000858,14:42:24,79.9800,11,2
2026-06-08,000858,14:42:27,79.9800,76,2
2026-06-08,000858,14:42:30,79.9700,17,2
2026-06-08,000858,14:42:33,79.9800,8,1
2026-06-08,000858,14:42:36,80.0000,129,1
2026-06-08,000858,14:42:39,80.0000,6,2
2026-06-08,000858,14:42:42,80.0100,28,1
2026-06-08,000858,14:42:45,80.0100,53,1
2026-06-08,000858,14:42:48,80.0000,25,2
2026-06-08,000858,14:42:51,80.0000,36,2
2026-06-08,000858,14:42:54,80.0000,4,2
2026-06-08,000858,14:42:57,80.0100,52,1
2026-06-08,000858,14:43:00,80.0000,13,4
2026-06-08,000858,14:43:03,80.0000,19,1
2026-06-08,000858,14:43:06,80.0000,20,1
2026-06-08,000858,14:43:09,79.9900,10,2
2026-06-08,000858,14:43:12,80.0000,18,1
2026-06-08,000858,14:43:15,80.0000,21,1
2026-06-08,000858,14:43:18,80.0000,20,1
2026-06-08,000858,14:43:21,80.0000,34,1
2026-06-08,000858,14:43:24,80.0000,8,1
2026-06-08,000858,14:43:27,79.9900,54,2
2026-06-08,000858,14:43:30,80.0000,17,1
2026-06-08,000858,14:43:33,79.9900,40,2
2026-06-08,000858,14:43:36,79.9900,29,2
2026-06-08,000858,14:43:39,79.9900,46,2
2026-06-08,000858,14:43:42,79.9900,11,1
2026-06-08,000858,14:43:45,79.9900,34,1
2026-06-08,000858,14:43:48,79.9900,10,2
2026-06-08,000858,14:43:51,79.9900,1,2
2026-06-08,000858,14:43:54,80.0000,39,1
2026-06-08,000858,14:43:57,80.0100,26,1
2026-06-08,000858,14:44:00,80.0100,14,1
2026-06-08,000858,14:44:03,80.0000,29,2
2026-06-08,000858,14:44:06,80.0100,23,1
2026-06-08,000858,14:44:09,80.0200,18,1
2026-06-08,000858,14:44:12,80.0100,46,2
2026-06-08,000858,14:44:15,80.0200,40,1
2026-06-08,000858,14:44:18,80.0100,126,2
2026-06-08,000858,14:44:21,80.0100,12,1
2026-06-08,000858,14:44:24,80.0100,2,1
2026-06-08,000858,14:44:27,80.0000,14,2
2026-06-08,000858,14:44:30,80.0000,127,2
2026-06-08,000858,14:44:33,80.0000,33,2
2026-06-08,000858,14:44:36,80.0100,133,1
2026-06-08,000858,14:44:39,80.0000,18,2
2026-06-08,000858,14:44:42,80.0100,49,1
2026-06-08,000858,14:44:45,80.0100,10,1
2026-06-08,000858,14:44:48,80.0100,7,1
2026-06-08,000858,14:44:51,80.0000,71,2
2026-06-08,000858,14:44:54,80.0000,28,2
2026-06-08,000858,14:44:57,80.0100,21,1
2026-06-08,000858,14:45:00,80.0100,30,1
2026-06-08,000858,14:45:03,80.0000,28,2
2026-06-08,000858,14:45:06,80.0100,33,1
2026-06-08,000858,14:45:09,80.0100,22,1
2026-06-08,000858,14:45:12,80.0300,72,1
2026-06-08,000858,14:45:15,80.0400,31,1
2026-06-08,000858,14:45:18,80.0400,22,1
2026-06-08,000858,14:45:21,80.0400,60,1
2026-06-08,000858,14:45:24,80.0300,27,2
2026-06-08,000858,14:45:27,80.0300,35,1
2026-06-08,000858,14:45:30,80.0400,36,1
2026-06-08,000858,14:45:33,80.0400,27,1
2026-06-08,000858,14:45:36,80.0400,26,1
2026-06-08,000858,14:45:39,80.0500,37,1
2026-06-08,000858,14:45:42,80.0500,21,1
2026-06-08,000858,14:45:45,80.0500,24,1
2026-06-08,000858,14:45:48,80.0500,14,1
2026-06-08,000858,14:45:51,80.0500,20,1
2026-06-08,000858,14:45:54,80.0500,18,1
2026-06-08,000858,14:45:57,80.0500,8,1
2026-06-08,000858,14:46:00,80.0400,13,2
2026-06-08,000858,14:46:03,80.0400,15,2
2026-06-08,000858,14:46:06,80.0400,39,2
2026-06-08,000858,14:46:09,80.0400,27,2
2026-06-08,000858,14:46:12,80.0500,14,1
2026-06-08,000858,14:46:15,80.0300,6,2
2026-06-08,000858,14:46:18,80.0400,5,1
2026-06-08,000858,14:46:21,80.0300,7,2
2026-06-08,000858,14:46:24,80.0300,6,2
2026-06-08,000858,14:46:27,80.0400,16,1
2026-06-08,000858,14:46:30,80.0400,17,2
2026-06-08,000858,14:46:33,80.0400,23,2
2026-06-08,000858,14:46:36,80.0400,11,1
2026-06-08,000858,14:46:39,80.0400,12,1
2026-06-08,000858,14:46:42,80.0300,20,2
2026-06-08,000858,14:46:45,80.0300,73,2
2026-06-08,000858,14:46:48,80.0300,63,2
2026-06-08,000858,14:46:51,80.0400,22,1
2026-06-08,000858,14:46:54,80.0500,26,1
2026-06-08,000858,14:46:57,80.0400,6,2
2026-06-08,000858,14:47:00,80.0500,11,1
2026-06-08,000858,14:47:03,80.0400,30,2
2026-06-08,000858,14:47:06,80.0400,47,2
2026-06-08,000858,14:47:09,80.0200,209,2
2026-06-08,000858,14:47:12,80.0400,50,1
2026-06-08,000858,14:47:15,80.0000,6,2
2026-06-08,000858,14:47:18,80.0400,523,1
2026-06-08,000858,14:47:21,80.0700,55,1
2026-06-08,000858,14:47:24,80.0400,44,2
2026-06-08,000858,14:47:27,80.0400,9,2
2026-06-08,000858,14:47:30,80.0700,5,1
2026-06-08,000858,14:47:33,80.0400,4,2
2026-06-08,000858,14:47:36,80.0700,12,1
2026-06-08,000858,14:47:39,80.0700,33,1
2026-06-08,000858,14:47:42,80.0600,4,4
2026-06-08,000858,14:47:45,80.0500,6,2
2026-06-08,000858,14:47:48,80.0500,4,2
2026-06-08,000858,14:47:51,80.0600,4,4
2026-06-08,000858,14:47:54,80.0500,18,2
2026-06-08,000858,14:47:57,80.0500,20,2
2026-06-08,000858,14:48:00,80.0600,6,1
2026-06-08,000858,14:48:03,80.0600,17,1
2026-06-08,000858,14:48:06,80.0600,18,1
2026-06-08,000858,14:48:09,80.0700,31,1
2026-06-08,000858,14:48:12,80.0600,11,2
2026-06-08,000858,14:48:15,80.0600,40,4
2026-06-08,000858,14:48:18,80.0500,82,2
2026-06-08,000858,14:48:21,80.0600,90,1
2026-06-08,000858,14:48:24,80.0500,5,2
2026-06-08,000858,14:48:27,80.0500,20,2
2026-06-08,000858,14:48:30,80.0500,26,2
2026-06-08,000858,14:48:33,80.0500,24,1
2026-06-08,000858,14:48:36,80.0400,50,2
2026-06-08,000858,14:48:39,80.0400,24,2
2026-06-08,000858,14:48:42,80.0400,15,2
2026-06-08,000858,14:48:45,80.0500,31,1
2026-06-08,000858,14:48:48,80.0200,53,2
2026-06-08,000858,14:48:51,80.0300,234,1
2026-06-08,000858,14:48:54,80.0200,14,2
2026-06-08,000858,14:48:57,80.0200,11,4
2026-06-08,000858,14:49:00,80.0000,9,2
2026-06-08,000858,14:49:03,80.0000,53,2
2026-06-08,000858,14:49:06,80.0000,6,2
2026-06-08,000858,14:49:09,80.0200,119,1
2026-06-08,000858,14:49:12,80.0100,20,4
2026-06-08,000858,14:49:15,80.0100,55,2
2026-06-08,000858,14:49:18,80.0100,43,1
2026-06-08,000858,14:49:21,80.0100,21,1
2026-06-08,000858,14:49:24,80.0000,37,2
2026-06-08,000858,14:49:27,80.0000,71,2
2026-06-08,000858,14:49:30,80.0000,5,1
2026-06-08,000858,14:49:33,80.0000,9,1
2026-06-08,000858,14:49:36,80.0000,42,1
2026-06-08,000858,14:49:39,80.0000,36,1
2026-06-08,000858,14:49:42,79.9900,47,2
2026-06-08,000858,14:49:45,80.0000,36,1
2026-06-08,000858,14:49:48,80.0000,44,1
2026-06-08,000858,14:49:51,79.9900,10,2
2026-06-08,000858,14:49:54,80.0000,25,1
2026-06-08,000858,14:49:57,80.0000,6,1
2026-06-08,000858,14:50:00,80.0000,20,1
2026-06-08,000858,14:50:03,79.9900,41,2
2026-06-08,000858,14:50:06,79.9900,13,1
2026-06-08,000858,14:50:09,79.9900,8,1
2026-06-08,000858,14:50:12,79.9900,6,2
2026-06-08,000858,14:50:15,79.9900,13,2
2026-06-08,000858,14:50:18,79.9900,17,2
2026-06-08,000858,14:50:21,79.9900,10,2
2026-06-08,000858,14:50:24,80.0000,29,1
2026-06-08,000858,14:50:27,79.9800,22,2
2026-06-08,000858,14:50:30,79.9900,16,1
2026-06-08,000858,14:50:33,79.9900,19,2
2026-06-08,000858,14:50:36,80.0000,17,1
2026-06-08,000858,14:50:39,79.9900,15,2
2026-06-08,000858,14:50:42,79.9900,14,2
2026-06-08,000858,14:50:45,79.9800,38,2
2026-06-08,000858,14:50:48,79.9900,20,1
2026-06-08,000858,14:50:51,79.9800,36,2
2026-06-08,000858,14:50:54,79.9800,179,2
2026-06-08,000858,14:50:57,79.9800,114,1
2026-06-08,000858,14:51:00,79.9700,45,2
2026-06-08,000858,14:51:03,79.9800,9,1
2026-06-08,000858,14:51:06,79.9800,3,1
2026-06-08,000858,14:51:09,79.9800,62,1
2026-06-08,000858,14:51:12,79.9700,123,2
2026-06-08,000858,14:51:15,79.9800,64,1
2026-06-08,000858,14:51:18,79.9700,23,2
2026-06-08,000858,14:51:21,79.9700,59,1
2026-06-08,000858,14:51:24,79.9700,39,1
2026-06-08,000858,14:51:27,79.9700,43,1
2026-06-08,000858,14:51:30,79.9600,21,2
2026-06-08,000858,14:51:33,79.9700,43,1
2026-06-08,000858,14:51:36,79.9600,34,2
2026-06-08,000858,14:51:39,79.9600,49,2
2026-06-08,000858,14:51:42,79.9500,38,2
2026-06-08,000858,14:51:45,79.9500,12,2
2026-06-08,000858,14:51:48,79.9700,97,1
2026-06-08,000858,14:51:51,79.9700,42,2
2026-06-08,000858,14:51:54,79.9600,15,2
2026-06-08,000858,14:51:57,79.9600,2,2
2026-06-08,000858,14:52:00,79.9600,22,2
2026-06-08,000858,14:52:03,79.9700,10,1
2026-06-08,000858,14:52:06,79.9700,27,1
2026-06-08,000858,14:52:09,79.9700,12,1
2026-06-08,000858,14:52:12,79.9600,42,2
2026-06-08,000858,14:52:15,79.9600,23,1
2026-06-08,000858,14:52:18,79.9600,15,2
2026-06-08,000858,14:52:21,79.9700,11,1
2026-06-08,000858,14:52:24,79.9600,88,2
2026-06-08,000858,14:52:27,79.9500,43,2
2026-06-08,000858,14:52:30,79.9400,21,2
2026-06-08,000858,14:52:33,79.9500,60,1
2026-06-08,000858,14:52:36,79.9600,15,1
2026-06-08,000858,14:52:39,79.9500,36,2
2026-06-08,000858,14:52:42,79.9500,13,2
2026-06-08,000858,14:52:45,79.9400,40,2
2026-06-08,000858,14:52:48,79.9500,43,2
2026-06-08,000858,14:52:51,79.9400,98,2
2026-06-08,000858,14:52:54,79.9400,35,2
2026-06-08,000858,14:52:57,79.9500,14,1
2026-06-08,000858,14:53:00,79.9400,28,2
2026-06-08,000858,14:53:03,79.9400,28,2
2026-06-08,000858,14:53:06,79.9400,19,1
2026-06-08,000858,14:53:09,79.9300,15,2
2026-06-08,000858,14:53:12,79.9400,58,1
2026-06-08,000858,14:53:15,79.9300,141,1
2026-06-08,000858,14:53:18,79.9200,14,2
2026-06-08,000858,14:53:21,79.9200,18,1
2026-06-08,000858,14:53:24,79.9200,75,1
2026-06-08,000858,14:53:27,79.9200,14,2
2026-06-08,000858,14:53:30,79.9200,11,2
2026-06-08,000858,14:53:33,79.9200,80,4
2026-06-08,000858,14:53:36,79.9200,106,1
2026-06-08,000858,14:53:39,79.9200,31,1
2026-06-08,000858,14:53:42,79.9100,50,2
2026-06-08,000858,14:53:45,79.9200,65,1
2026-06-08,000858,14:53:48,79.9200,12,1
2026-06-08,000858,14:53:51,79.9200,76,1
2026-06-08,000858,14:53:54,79.9100,169,2
2026-06-08,000858,14:53:57,79.9400,141,1
2026-06-08,000858,14:54:00,79.9300,74,2
2026-06-08,000858,14:54:03,79.9500,45,1
2026-06-08,000858,14:54:06,79.9300,30,2
2026-06-08,000858,14:54:09,79.9300,23,1
2026-06-08,000858,14:54:12,79.9300,22,1
2026-06-08,000858,14:54:15,79.9300,35,1
2026-06-08,000858,14:54:18,79.9200,22,2
2026-06-08,000858,14:54:21,79.9200,52,2
2026-06-08,000858,14:54:24,79.9200,37,2
2026-06-08,000858,14:54:27,79.9200,23,2
2026-06-08,000858,14:54:30,79.9200,7,1
2026-06-08,000858,14:54:33,79.9100,21,2
2026-06-08,000858,14:54:36,79.9100,95,2
2026-06-08,000858,14:54:39,79.9200,29,1
2026-06-08,000858,14:54:42,79.9200,45,1
2026-06-08,000858,14:54:45,79.9200,70,1
2026-06-08,000858,14:54:48,79.9200,17,1
2026-06-08,000858,14:54:51,79.9100,42,2
2026-06-08,000858,14:54:54,79.9100,35,4
2026-06-08,000858,14:54:57,79.9000,17,2
2026-06-08,000858,14:55:00,79.9100,1012,1
2026-06-08,000858,14:55:03,79.9400,148,2
2026-06-08,000858,14:55:06,80.0000,56,1
2026-06-08,000858,14:55:09,79.9600,7,2
2026-06-08,000858,14:55:12,79.9400,35,2
2026-06-08,000858,14:55:15,79.9800,23,1
2026-06-08,000858,14:55:18,79.9500,14,4
2026-06-08,000858,14:55:21,79.9600,28,2
2026-06-08,000858,14:55:24,79.9600,40,1
2026-06-08,000858,14:55:27,79.9500,17,2
2026-06-08,000858,14:55:30,79.9600,36,2
2026-06-08,000858,14:55:33,79.9600,9,4
2026-06-08,000858,14:55:36,79.9700,43,1
2026-06-08,000858,14:55:39,79.9700,43,2
2026-06-08,000858,14:55:42,79.9700,27,1
2026-06-08,000858,14:55:45,79.9700,51,2
2026-06-08,000858,14:55:48,79.9500,31,2
2026-06-08,000858,14:55:51,79.9500,21,2
2026-06-08,000858,14:55:54,79.9500,38,2
2026-06-08,000858,14:55:57,79.9600,51,1
2026-06-08,000858,14:56:00,79.9600,45,1
2026-06-08,000858,14:56:03,79.9500,34,2
2026-06-08,000858,14:56:06,79.9900,14,1
2026-06-08,000858,14:56:09,79.9700,9,2
2026-06-08,000858,14:56:12,79.9700,22,1
2026-06-08,000858,14:56:15,79.9700,47,2
2026-06-08,000858,14:56:18,79.9800,24,1
2026-06-08,000858,14:56:21,79.9800,67,1
2026-06-08,000858,14:56:24,79.9700,22,2
2026-06-08,000858,14:56:27,79.9700,11,1
2026-06-08,000858,14:56:30,79.9800,36,1
2026-06-08,000858,14:56:33,79.9700,18,2
2026-06-08,000858,14:56:36,79.9700,27,1
2026-06-08,000858,14:56:39,79.9800,126,1
2026-06-08,000858,14:56:42,79.9800,23,1
2026-06-08,000858,14:56:45,79.9800,24,1
2026-06-08,000858,14:56:48,79.9700,116,2
2026-06-08,000858,14:56:51,79.9700,27,2
2026-06-08,000858,14:56:54,79.9700,31,1
2026-06-08,000858,14:56:57,79.9700,26,1
2026-06-08,000858,14:57:00,79.9700,43,2
2026-06-08,000858,15:00:02,79.9600,1858,4
2026-06-08,000858,13:16:36,79.9100,16,4
2026-06-08,000858,13:16:39,79.9100,39,2
2026-06-08,000858,13:16:42,79.9100,23,2
2026-06-08,000858,13:16:45,79.9000,32,2
2026-06-08,000858,13:16:48,79.9100,35,1
2026-06-08,000858,13:16:51,79.9100,20,1
2026-06-08,000858,13:16:54,79.9100,39,1
2026-06-08,000858,13:16:57,79.9100,18,1
2026-06-08,000858,13:17:00,79.9100,27,1
2026-06-08,000858,13:17:03,79.9000,23,2
2026-06-08,000858,13:17:06,79.9200,7,1
2026-06-08,000858,13:17:09,79.9200,18,1
2026-06-08,000858,13:17:12,79.9100,25,2
2026-06-08,000858,13:17:15,79.9100,8,2
2026-06-08,000858,13:17:18,79.9100,4,1
2026-06-08,000858,13:17:21,79.9100,11,1
2026-06-08,000858,13:17:24,79.9100,28,1
2026-06-08,000858,13:17:27,79.9100,6,1
2026-06-08,000858,13:17:30,79.9100,10,1
2026-06-08,000858,13:17:33,79.9100,20,1
2026-06-08,000858,13:17:36,79.9100,7,1
2026-06-08,000858,13:17:39,79.9000,27,2
2026-06-08,000858,13:17:42,79.9100,11,2
2026-06-08,000858,13:17:45,79.9000,32,2
2026-06-08,000858,13:17:48,79.9100,15,1
2026-06-08,000858,13:17:51,79.9100,14,1
2026-06-08,000858,13:17:54,79.9100,7,1
2026-06-08,000858,13:17:57,79.9100,25,4
2026-06-08,000858,13:18:00,79.9100,8,1
2026-06-08,000858,13:18:03,79.9100,46,1
2026-06-08,000858,13:18:06,79.9100,39,1
2026-06-08,000858,13:18:09,79.9100,7,1
2026-06-08,000858,13:18:12,79.9100,8,1
2026-06-08,000858,13:18:15,79.9200,85,1
2026-06-08,000858,13:18:18,79.9100,6,2
2026-06-08,000858,13:18:21,79.9200,48,1
2026-06-08,000858,13:18:24,79.9100,15,2
2026-06-08,000858,13:18:27,79.9200,20,1
2026-06-08,000858,13:18:30,79.9200,15,1
2026-06-08,000858,13:18:33,79.9200,13,1
2026-06-08,000858,13:18:36,79.9200,18,1
2026-06-08,000858,13:18:39,79.9200,14,1
2026-06-08,000858,13:18:42,79.9100,13,2
2026-06-08,000858,13:18:45,79.9300,32,1
2026-06-08,000858,13:18:48,79.9200,39,2
2026-06-08,000858,13:18:51,79.9200,41,2
2026-06-08,000858,13:18:54,79.9300,12,1
2026-06-08,000858,13:18:57,79.9300,22,1
2026-06-08,000858,13:19:00,79.9200,13,4
2026-06-08,000858,13:19:03,79.9200,8,4
2026-06-08,000858,13:19:06,79.9200,24,2
2026-06-08,000858,13:19:09,79.9100,79,2
2026-06-08,000858,13:19:12,79.9300,63,1
2026-06-08,000858,13:19:15,79.9300,6,1
2026-06-08,000858,13:19:18,79.9100,63,2
2026-06-08,000858,13:19:21,79.9100,62,2
2026-06-08,000858,13:19:24,79.9100,5,1
2026-06-08,000858,13:19:27,79.9000,21,2
2026-06-08,000858,13:19:30,79.9000,22,2
2026-06-08,000858,13:19:33,79.9000,89,2
2026-06-08,000858,13:19:36,79.9000,57,2
2026-06-08,000858,13:19:39,79.9100,55,1
2026-06-08,000858,13:19:42,79.9100,27,1
2026-06-08,000858,13:19:45,79.9100,9,1
2026-06-08,000858,13:19:48,79.9100,81,1
2026-06-08,000858,13:19:51,79.9000,114,2
2026-06-08,000858,13:19:54,79.9100,65,1
2026-06-08,000858,13:19:57,79.9100,41,1
2026-06-08,000858,13:20:00,79.9000,6,2
2026-06-08,000858,13:20:03,79.9000,16,2
2026-06-08,000858,13:20:06,79.9100,9,1
2026-06-08,000858,13:20:09,79.9100,13,1
2026-06-08,000858,13:20:12,79.9100,26,1
2026-06-08,000858,13:20:15,79.9000,79,2
2026-06-08,000858,13:20:18,79.9000,12,2
2026-06-08,000858,13:20:21,79.9000,30,2
2026-06-08,000858,13:20:24,79.9000,20,2
2026-06-08,000858,13:20:27,79.9000,17,1
2026-06-08,000858,13:20:30,79.9000,209,1
2026-06-08,000858,13:20:33,79.9100,22,1
2026-06-08,000858,13:20:36,79.9000,54,2
2026-06-08,000858,13:20:39,79.9000,42,2
2026-06-08,000858,13:20:42,79.9000,9,1
2026-06-08,000858,13:20:45,79.9000,11,1
2026-06-08,000858,13:20:48,79.8900,63,2
2026-06-08,000858,13:20:51,79.9000,13,2
2026-06-08,000858,13:20:54,79.9000,24,2
2026-06-08,000858,13:20:57,79.9000,9,1
2026-06-08,000858,13:21:00,79.9000,3,1
2026-06-08,000858,13:21:03,79.9000,34,1
2026-06-08,000858,13:21:06,79.9000,58,1
2026-06-08,000858,13:21:09,79.9000,13,1
2026-06-08,000858,13:21:12,79.9000,7,1
2026-06-08,000858,13:21:15,79.8900,71,2
2026-06-08,000858,13:21:18,79.8900,188,2
2026-06-08,000858,13:21:21,79.8800,169,2
2026-06-08,000858,13:21:24,79.8800,246,2
2026-06-08,000858,13:21:27,79.8800,22,2
2026-06-08,000858,13:21:30,79.8900,208,1
2026-06-08,000858,13:21:33,79.8800,80,2
2026-06-08,000858,13:21:36,79.8900,129,1
2026-06-08,000858,13:21:39,79.8800,128,2
2026-06-08,000858,13:21:42,79.8800,119,2
2026-06-08,000858,13:21:45,79.8900,60,1
2026-06-08,000858,13:21:48,79.8800,85,2
2026-06-08,000858,13:21:51,79.8800,25,2
2026-06-08,000858,13:21:54,79.8800,41,2
2026-06-08,000858,13:21:57,79.8800,101,2
2026-06-08,000858,13:22:00,79.8800,41,2
2026-06-08,000858,13:22:03,79.8800,26,2
2026-06-08,000858,13:22:06,79.8800,124,2
2026-06-08,000858,13:22:09,79.8800,76,2
2026-06-08,000858,13:22:12,79.8900,48,1
2026-06-08,000858,13:22:15,79.8900,14,1
2026-06-08,000858,13:22:18,79.8900,46,1
2026-06-08,000858,13:22:21,79.8800,51,2
2026-06-08,000858,13:22:24,79.8800,15,1
2026-06-08,000858,13:22:27,79.8800,43,1
2026-06-08,000858,13:22:30,79.8800,18,1
2026-06-08,000858,13:22:33,79.8600,249,2
2026-06-08,000858,13:22:36,79.8600,65,2
2026-06-08,000858,13:22:39,79.8700,26,1
2026-06-08,000858,13:22:42,79.8600,156,2
2026-06-08,000858,13:22:45,79.8600,12,1
2026-06-08,000858,13:22:48,79.8600,81,1
2026-06-08,000858,13:22:51,79.8600,50,1
2026-06-08,000858,13:22:54,79.8600,66,1
2026-06-08,000858,13:22:57,79.8600,54,1
2026-06-08,000858,13:23:00,79.8600,35,2
2026-06-08,000858,13:23:03,79.8600,26,1
2026-06-08,000858,13:23:06,79.8500,43,2
2026-06-08,000858,13:23:09,79.8500,144,2
2026-06-08,000858,13:23:12,79.8400,14,2
2026-06-08,000858,13:23:15,79.8400,36,2
2026-06-08,000858,13:23:18,79.8400,7,1
2026-06-08,000858,13:23:21,79.8200,90,2
2026-06-08,000858,13:23:24,79.8200,50,2
2026-06-08,000858,13:23:27,79.8200,8,2
2026-06-08,000858,13:23:30,79.8200,27,2
2026-06-08,000858,13:23:33,79.8200,76,2
2026-06-08,000858,13:23:36,79.8100,121,2
2026-06-08,000858,13:23:39,79.8100,42,2
2026-06-08,000858,13:23:42,79.8100,12,2
2026-06-08,000858,13:23:45,79.8200,54,1
2026-06-08,000858,13:23:48,79.8200,52,1
2026-06-08,000858,13:23:51,79.8100,43,2
2026-06-08,000858,13:23:54,79.8100,70,1
2026-06-08,000858,13:23:57,79.8000,47,2
2026-06-08,000858,13:24:00,79.8100,30,1
2026-06-08,000858,13:24:03,79.8200,45,1
2026-06-08,000858,13:24:06,79.8100,53,2
2026-06-08,000858,13:24:09,79.8100,78,2
2026-06-08,000858,13:24:12,79.8100,26,2
2026-06-08,000858,13:24:15,79.8100,44,2
2026-06-08,000858,13:24:18,79.8100,26,2
2026-06-08,000858,13:24:21,79.8100,6,1
2026-06-08,000858,13:24:24,79.8100,13,1
2026-06-08,000858,13:24:27,79.8100,28,1
2026-06-08,000858,13:24:30,79.8100,39,1
2026-06-08,000858,13:24:33,79.8100,44,1
2026-06-08,000858,13:24:36,79.8100,39,1
2026-06-08,000858,13:24:39,79.8000,32,2
2026-06-08,000858,13:24:42,79.8100,41,1
2026-06-08,000858,13:24:45,79.8200,80,1
2026-06-08,000858,13:24:48,79.8400,145,1
2026-06-08,000858,13:24:51,79.8400,147,1
2026-06-08,000858,13:24:54,79.8600,44,1
2026-06-08,000858,13:24:57,79.8600,7,1
2026-06-08,000858,13:25:00,79.8600,10,1
2026-06-08,000858,13:25:03,79.8700,39,1
2026-06-08,000858,13:25:06,79.8600,10,2
2026-06-08,000858,13:25:09,79.8700,62,1
2026-06-08,000858,13:25:12,79.8700,20,4
2026-06-08,000858,13:25:15,79.8600,70,2
2026-06-08,000858,13:25:18,79.8800,25,1
2026-06-08,000858,13:25:21,79.8800,15,1
2026-06-08,000858,13:25:24,79.8600,7,2
2026-06-08,000858,13:25:27,79.8600,27,2
2026-06-08,000858,13:25:30,79.8600,75,1
2026-06-08,000858,13:25:33,79.8700,32,1
2026-06-08,000858,13:25:36,79.8600,4,2
2026-06-08,000858,13:25:39,79.8600,11,2
2026-06-08,000858,13:25:42,79.8700,8,1
2026-06-08,000858,13:25:45,79.8700,14,1
2026-06-08,000858,13:25:48,79.8700,13,1
2026-06-08,000858,13:25:51,79.8600,20,2
2026-06-08,000858,13:25:54,79.8700,72,1
2026-06-08,000858,13:25:57,79.8700,16,1
2026-06-08,000858,13:26:00,79.8700,17,1
2026-06-08,000858,13:26:03,79.8700,27,2
2026-06-08,000858,13:26:06,79.8700,13,2
2026-06-08,000858,13:26:09,79.8700,34,2
2026-06-08,000858,13:26:12,79.8700,14,2
2026-06-08,000858,13:26:15,79.8600,7,2
2026-06-08,000858,13:26:18,79.8700,8,1
2026-06-08,000858,13:26:21,79.8600,11,2
2026-06-08,000858,13:26:24,79.8600,13,2
2026-06-08,000858,13:26:27,79.8600,62,2
2026-06-08,000858,13:26:30,79.8700,38,1
2026-06-08,000858,13:26:33,79.8700,26,1
2026-06-08,000858,13:26:36,79.8800,239,1
2026-06-08,000858,13:26:39,79.8800,17,2
2026-06-08,000858,13:26:42,79.8800,29,2
2026-06-08,000858,13:26:45,79.8800,20,2
2026-06-08,000858,13:26:48,79.8800,24,1
2026-06-08,000858,13:26:51,79.9000,55,1
2026-06-08,000858,13:26:54,79.9000,17,1
2026-06-08,000858,13:26:57,79.8900,24,1
2026-06-08,000858,13:27:00,79.8900,6,1
2026-06-08,000858,13:27:03,79.8900,18,1
2026-06-08,000858,13:27:06,79.8900,25,1
2026-06-08,000858,13:27:09,79.8900,18,2
2026-06-08,000858,13:27:12,79.8900,74,2
2026-06-08,000858,13:27:15,79.8900,8,1
2026-06-08,000858,13:27:18,79.8900,26,1
2026-06-08,000858,13:27:21,79.9000,24,1
2026-06-08,000858,13:27:24,79.8900,5,2
2026-06-08,000858,13:27:27,79.8900,12,2
2026-06-08,000858,13:27:30,79.9000,9,1
2026-06-08,000858,13:27:33,79.9000,25,1
2026-06-08,000858,13:27:36,79.8900,45,2
2026-06-08,000858,13:27:39,79.8900,17,1
2026-06-08,000858,13:27:42,79.8900,9,1
2026-06-08,000858,13:27:45,79.9000,125,1
2026-06-08,000858,13:27:48,79.9000,10,2
2026-06-08,000858,13:27:51,79.9000,19,2
2026-06-08,000858,13:27:54,79.9000,5,1
2026-06-08,000858,13:27:57,79.9000,8,1
2026-06-08,000858,13:28:00,79.9000,7,1
2026-06-08,000858,13:28:03,79.8900,29,2
2026-06-08,000858,13:28:06,79.8900,30,2
2026-06-08,000858,13:28:09,79.8900,11,1
2026-06-08,000858,13:28:12,79.8800,5,2
2026-06-08,000858,13:28:15,79.8800,120,2
2026-06-08,000858,13:28:18,79.8700,8,2
2026-06-08,000858,13:28:21,79.8800,46,1
2026-06-08,000858,13:28:24,79.8700,18,2
2026-06-08,000858,13:28:27,79.8700,47,2
2026-06-08,000858,13:28:30,79.8700,27,1
2026-06-08,000858,13:28:33,79.8600,26,2
2026-06-08,000858,13:28:36,79.8600,15,1
2026-06-08,000858,13:28:39,79.8500,8,2
2026-06-08,000858,13:28:42,79.8600,5,1
2026-06-08,000858,13:28:45,79.8500,28,2
2026-06-08,000858,13:28:48,79.8600,75,1
2026-06-08,000858,13:28:51,79.8600,9,2
2026-06-08,000858,13:28:54,79.8700,12,1
2026-06-08,000858,13:28:57,79.8600,1,2
2026-06-08,000858,13:29:00,79.8600,13,2
2026-06-08,000858,13:29:03,79.8700,20,1
2026-06-08,000858,13:29:06,79.8600,20,1
2026-06-08,000858,13:29:09,79.8700,21,1
2026-06-08,000858,13:29:12,79.8500,31,2
2026-06-08,000858,13:29:15,79.8700,26,1
2026-06-08,000858,13:29:18,79.8600,8,4
2026-06-08,000858,13:29:21,79.8700,20,1
2026-06-08,000858,13:29:24,79.8600,2,1
2026-06-08,000858,13:29:27,79.8500,5,2
2026-06-08,000858,13:29:30,79.8600,12,1
2026-06-08,000858,13:29:33,79.8600,8,1
2026-06-08,000858,13:29:36,79.8500,61,2
2026-06-08,000858,13:29:39,79.8500,25,2
2026-06-08,000858,13:29:42,79.8500,8,1
2026-06-08,000858,13:29:45,79.8500,18,1
2026-06-08,000858,13:29:48,79.8600,35,1
2026-06-08,000858,13:29:51,79.8500,33,1
2026-06-08,000858,13:29:54,79.8500,18,1
2026-06-08,000858,13:29:57,79.8500,19,1
2026-06-08,000858,13:30:00,79.8500,22,1
2026-06-08,000858,13:30:03,79.8500,41,1
2026-06-08,000858,13:30:06,79.8400,19,2
2026-06-08,000858,13:30:09,79.8500,32,1
2026-06-08,000858,13:30:12,79.8500,19,2
2026-06-08,000858,13:30:15,79.8300,15,2
2026-06-08,000858,13:30:18,79.8300,16,2
2026-06-08,000858,13:30:21,79.8500,57,1
2026-06-08,000858,13:30:24,79.8300,48,2
2026-06-08,000858,13:30:27,79.8800,69,1
2026-06-08,000858,13:30:30,79.9300,158,1
2026-06-08,000858,13:30:33,79.9300,47,1
2026-06-08,000858,13:30:36,79.9300,38,1
2026-06-08,000858,13:30:39,79.9300,11,1
2026-06-08,000858,13:30:42,79.9200,30,1
2026-06-08,000858,13:30:45,79.9300,19,1
2026-06-08,000858,13:30:48,79.9300,50,2
2026-06-08,000858,13:30:51,79.9300,3,1
2026-06-08,000858,13:30:54,79.9100,25,2
2026-06-08,000858,13:30:57,79.9100,27,1
2026-06-08,000858,13:31:00,79.9100,23,1
2026-06-08,000858,13:31:03,79.9100,41,1
2026-06-08,000858,13:31:06,79.9000,14,2
2026-06-08,000858,13:31:09,79.9100,30,1
2026-06-08,000858,13:31:12,79.9100,5,1
2026-06-08,000858,13:31:15,79.9200,41,1
2026-06-08,000858,13:31:18,79.9200,20,1
2026-06-08,000858,13:31:21,79.9200,33,1
2026-06-08,000858,13:31:24,79.9100,16,2
2026-06-08,000858,13:31:27,79.9200,18,1
2026-06-08,000858,13:31:30,79.9200,34,1
2026-06-08,000858,13:31:33,79.9100,18,4
2026-06-08,000858,13:31:36,79.9100,11,4
2026-06-08,000858,13:31:39,79.9200,27,1
2026-06-08,000858,13:31:42,79.9000,23,2
2026-06-08,000858,13:31:45,79.9200,15,1
2026-06-08,000858,13:31:48,79.9200,21,1
2026-06-08,000858,13:31:51,79.9100,12,2
2026-06-08,000858,13:31:54,79.9200,7,1
2026-06-08,000858,13:31:57,79.9200,10,1
2026-06-08,000858,13:32:00,79.9200,15,1
2026-06-08,000858,13:32:03,79.9200,17,1
2026-06-08,000858,13:32:06,79.9100,44,4
2026-06-08,000858,13:32:09,79.9000,10,2
2026-06-08,000858,13:32:12,79.9100,22,1
2026-06-08,000858,13:32:15,79.9000,34,2
2026-06-08,000858,13:32:18,79.9000,16,1
2026-06-08,000858,13:32:21,79.9000,35,2
2026-06-08,000858,13:32:24,79.9000,17,1
2026-06-08,000858,13:32:27,79.9000,10,1
2026-06-08,000858,13:32:30,79.9000,31,1
2026-06-08,000858,13:32:33,79.9000,19,1
2026-06-08,000858,13:32:36,79.9000,18,1
2026-06-08,000858,13:32:39,79.9000,13,1
2026-06-08,000858,13:32:42,79.9000,24,1
2026-06-08,000858,13:32:45,79.8800,20,2
2026-06-08,000858,13:32:48,79.8800,33,2
2026-06-08,000858,13:32:51,79.8800,125,2
2026-06-08,000858,13:32:54,79.8800,21,2
2026-06-08,000858,13:32:57,79.8600,17,2
2026-06-08,000858,13:33:00,79.8700,42,1
2026-06-08,000858,13:33:03,79.8600,33,4
2026-06-08,000858,13:33:06,79.8500,8,2
2026-06-08,000858,13:33:09,79.8500,10,2
2026-06-08,000858,13:33:12,79.8400,47,2
2026-06-08,000858,13:33:15,79.8400,44,1
2026-06-08,000858,13:33:18,79.8400,20,1
2026-06-08,000858,13:33:21,79.8200,34,2
2026-06-08,000858,13:33:24,79.8300,4,1
2026-06-08,000858,13:33:27,79.8200,19,2
2026-06-08,000858,13:33:30,79.8300,28,1
2026-06-08,000858,13:33:33,79.8200,42,2
2026-06-08,000858,13:33:36,79.8300,30,1
2026-06-08,000858,13:33:39,79.8200,43,2
2026-06-08,000858,13:33:42,79.8200,35,1
2026-06-08,000858,13:33:45,79.8100,33,2
2026-06-08,000858,13:33:48,79.8100,120,2
2026-06-08,000858,13:33:51,79.8100,127,2
2026-06-08,000858,13:33:54,79.8100,159,1
2026-06-08,000858,13:33:57,79.8100,64,1
2026-06-08,000858,13:34:00,79.8100,62,1
2026-06-08,000858,13:34:03,79.8000,379,2
2026-06-08,000858,13:34:06,79.8100,38,1
2026-06-08,000858,13:34:09,79.8100,283,1
2026-06-08,000858,13:34:12,79.8000,158,2
2026-06-08,000858,13:34:15,79.8100,36,1
2026-06-08,000858,13:34:18,79.8200,90,1
2026-06-08,000858,13:34:21,79.8100,329,2
2026-06-08,000858,13:34:24,79.8100,46,1
2026-06-08,000858,13:34:27,79.8100,48,2
2026-06-08,000858,13:34:30,79.8100,59,1
2026-06-08,000858,13:34:33,79.8000,191,2
2026-06-08,000858,13:34:36,79.8100,18,1
2026-06-08,000858,13:34:39,79.8100,28,2
2026-06-08,000858,13:34:42,79.8000,11,2
2026-06-08,000858,13:34:45,79.8100,32,1
2026-06-08,000858,13:34:48,79.8100,298,1
2026-06-08,000858,13:34:51,79.8000,128,2
2026-06-08,000858,13:34:54,79.8100,119,1
2026-06-08,000858,13:34:57,79.8100,142,1
2026-06-08,000858,13:35:00,79.8100,31,1
2026-06-08,000858,13:35:03,79.8000,187,2
2026-06-08,000858,13:35:06,79.8000,102,2
2026-06-08,000858,13:35:09,79.8100,41,2
2026-06-08,000858,13:35:12,79.8000,125,2
2026-06-08,000858,13:35:15,79.8000,22,2
2026-06-08,000858,13:35:18,79.8000,46,2
2026-06-08,000858,13:35:21,79.8100,466,1
2026-06-08,000858,13:35:24,79.8000,58,2
2026-06-08,000858,13:35:27,79.8100,39,1
2026-06-08,000858,13:35:30,79.8000,14,2
2026-06-08,000858,13:35:33,79.8100,45,1
2026-06-08,000858,13:35:36,79.8100,9,1
2026-06-08,000858,13:35:39,79.8100,5,1
2026-06-08,000858,13:35:42,79.8100,26,1
2026-06-08,000858,13:35:45,79.8100,18,1
2026-06-08,000858,13:35:48,79.8000,43,2
2026-06-08,000858,13:35:51,79.8000,22,1
2026-06-08,000858,13:35:54,79.8000,14,1
2026-06-08,000858,13:35:57,79.8000,22,1
2026-06-08,000858,13:36:00,79.8000,28,1
2026-06-08,000858,13:36:03,79.8000,103,1
2026-06-08,000858,13:36:06,79.7900,20,2
2026-06-08,000858,13:36:09,79.8000,25,1
2026-06-08,000858,13:36:12,79.8000,22,1
2026-06-08,000858,13:36:15,79.8000,30,1
2026-06-08,000858,13:36:18,79.8000,22,1
2026-06-08,000858,13:36:21,79.7900,66,2
2026-06-08,000858,13:36:24,79.7900,50,2
2026-06-08,000858,13:36:27,79.8000,18,1
2026-06-08,000858,13:36:30,79.7900,77,2
2026-06-08,000858,13:36:33,79.7900,109,2
2026-06-08,000858,13:36:36,79.7900,10,1
2026-06-08,000858,13:36:39,79.7800,62,2
2026-06-08,000858,13:36:42,79.7800,22,2
2026-06-08,000858,13:36:45,79.7900,73,1
2026-06-08,000858,13:36:48,79.7800,36,2
2026-06-08,000858,13:36:51,79.7800,44,2
2026-06-08,000858,13:36:54,79.7800,139,2
2026-06-08,000858,13:36:57,79.7700,50,2
2026-06-08,000858,13:37:00,79.7700,30,2
2026-06-08,000858,13:37:03,79.7900,30,1
2026-06-08,000858,13:37:06,79.7800,49,4
2026-06-08,000858,13:37:09,79.7800,148,1
2026-06-08,000858,13:37:12,79.7800,41,2
2026-06-08,000858,13:37:15,79.7700,105,2
2026-06-08,000858,13:37:18,79.7700,71,1
2026-06-08,000858,13:37:21,79.7700,32,1
2026-06-08,000858,13:37:24,79.7700,11,1
2026-06-08,000858,13:37:27,79.7600,49,2
2026-06-08,000858,13:37:30,79.7600,32,2
2026-06-08,000858,13:37:33,79.7600,60,2
2026-06-08,000858,13:37:36,79.7700,115,1
2026-06-08,000858,13:37:39,79.7600,36,1
2026-06-08,000858,13:37:42,79.7600,34,1
2026-06-08,000858,13:37:45,79.7600,54,1
2026-06-08,000858,13:37:48,79.7500,103,2
2026-06-08,000858,13:37:51,79.7400,50,2
2026-06-08,000858,13:37:54,79.7300,91,2
2026-06-08,000858,13:37:57,79.7300,44,2
2026-06-08,000858,13:38:00,79.7300,38,2
2026-06-08,000858,13:38:03,79.7300,10,1
2026-06-08,000858,13:38:06,79.7200,26,2
2026-06-08,000858,13:38:09,79.7100,49,2
2026-06-08,000858,13:38:12,79.7100,9,2
2026-06-08,000858,13:38:15,79.7100,60,2
2026-06-08,000858,13:38:18,79.7100,103,2
2026-06-08,000858,13:38:21,79.7100,97,2
2026-06-08,000858,13:38:24,79.7100,18,1
2026-06-08,000858,13:38:27,79.7000,23,2
2026-06-08,000858,13:38:30,79.7100,140,1
2026-06-08,000858,13:38:33,79.7000,125,2
2026-06-08,000858,13:38:36,79.7000,35,2
2026-06-08,000858,13:38:39,79.7100,27,1
2026-06-08,000858,13:38:42,79.7100,28,1
2026-06-08,000858,13:38:45,79.7100,20,2
2026-06-08,000858,13:38:48,79.7100,59,2
2026-06-08,000858,13:38:51,79.7000,56,2
2026-06-08,000858,13:38:54,79.7100,11,4
2026-06-08,000858,13:38:57,79.7000,78,2
2026-06-08,000858,13:39:00,79.7000,86,2
2026-06-08,000858,13:39:03,79.7100,97,1
2026-06-08,000858,13:39:06,79.7000,76,2
2026-06-08,000858,13:39:09,79.7000,103,2
2026-06-08,000858,13:39:12,79.7100,143,1
2026-06-08,000858,13:39:15,79.7000,90,2
2026-06-08,000858,13:39:18,79.6900,17,2
2026-06-08,000858,13:39:21,79.6900,41,2
2026-06-08,000858,13:39:24,79.6900,16,2
2026-06-08,000858,13:39:27,79.6900,18,2
2026-06-08,000858,13:39:30,79.7000,48,1
2026-06-08,000858,13:39:33,79.6900,24,2
2026-06-08,000858,13:39:36,79.6900,17,1
2026-06-08,000858,13:39:39,79.6700,172,2
2026-06-08,000858,13:39:42,79.6900,77,1
2026-06-08,000858,13:39:45,79.7000,97,1
2026-06-08,000858,13:39:48,79.7100,95,1
2026-06-08,000858,13:39:51,79.7000,119,2
2026-06-08,000858,13:39:54,79.7000,417,2
2026-06-08,000858,13:39:57,79.7100,149,1
2026-06-08,000858,13:40:00,79.7100,34,1
2026-06-08,000858,13:40:03,79.7200,46,1
2026-06-08,000858,13:40:06,79.7100,59,2
2026-06-08,000858,13:40:09,79.7100,10,1
2026-06-08,000858,13:40:12,79.7100,10,2
2026-06-08,000858,13:40:15,79.7100,29,2
2026-06-08,000858,13:40:18,79.7100,12,2
2026-06-08,000858,13:40:21,79.7100,25,2
2026-06-08,000858,13:40:24,79.7000,20,2
2026-06-08,000858,13:40:27,79.7000,25,2
2026-06-08,000858,13:40:30,79.7100,19,1
2026-06-08,000858,13:40:33,79.7000,33,2
2026-06-08,000858,13:40:36,79.7000,21,2
2026-06-08,000858,13:40:39,79.6900,37,2
2026-06-08,000858,13:40:42,79.6900,15,2
2026-06-08,000858,13:40:45,79.7000,55,1
2026-06-08,000858,13:40:48,79.6900,34,2
2026-06-08,000858,13:40:51,79.7100,118,1
2026-06-08,000858,13:40:54,79.6900,559,2
2026-06-08,000858,13:40:57,79.7000,24,1
2026-06-08,000858,13:41:00,79.7000,127,1
2026-06-08,000858,13:41:03,79.7000,35,2
2026-06-08,000858,13:41:06,79.7000,28,2
2026-06-08,000858,13:41:09,79.7000,19,2
2026-06-08,000858,13:41:12,79.7000,7,1
2026-06-08,000858,13:41:15,79.7000,14,1
2026-06-08,000858,13:41:18,79.7000,52,1
2026-06-08,000858,13:41:21,79.7000,166,1
2026-06-08,000858,13:41:24,79.7000,60,1
2026-06-08,000858,13:41:27,79.6900,137,2
2026-06-08,000858,13:41:30,79.6800,55,2
2026-06-08,000858,13:41:33,79.6900,39,1
2026-06-08,000858,13:41:36,79.6800,35,2
2026-06-08,000858,13:41:39,79.6800,41,2
2026-06-08,000858,13:41:42,79.6900,66,1
2026-06-08,000858,13:41:45,79.6800,24,2
2026-06-08,000858,13:41:48,79.6800,35,1
2026-06-08,000858,13:41:51,79.6900,158,1
2026-06-08,000858,13:41:54,79.6900,25,1
2026-06-08,000858,13:41:57,79.6800,20,2
2026-06-08,000858,13:42:00,79.6800,38,2
2026-06-08,000858,13:42:03,79.6800,19,1
2026-06-08,000858,13:42:06,79.6800,111,1
2026-06-08,000858,13:42:09,79.6800,57,2
2026-06-08,000858,13:42:12,79.6700,88,2
2026-06-08,000858,13:42:15,79.6800,15,2
2026-06-08,000858,13:42:18,79.6800,9,1
2026-06-08,000858,13:42:21,79.6800,188,1
2026-06-08,000858,13:42:24,79.6700,43,2
2026-06-08,000858,13:42:27,79.6800,167,1
2026-06-08,000858,13:42:30,79.6800,18,2
2026-06-08,000858,13:42:33,79.6900,28,1
2026-06-08,000858,13:42:36,79.6800,65,2
2026-06-08,000858,13:42:39,79.6800,26,2
2026-06-08,000858,13:42:42,79.6800,63,2
2026-06-08,000858,13:42:45,79.6900,32,1
2026-06-08,000858,13:42:48,79.6800,77,2
2026-06-08,000858,13:42:51,79.6800,21,1
2026-06-08,000858,13:42:54,79.6800,28,1
2026-06-08,000858,13:42:57,79.6700,57,2
2026-06-08,000858,13:43:00,79.6800,39,1
2026-06-08,000858,13:43:03,79.6800,22,1
2026-06-08,000858,13:43:06,79.6800,42,1
2026-06-08,000858,13:43:09,79.6800,102,1
2026-06-08,000858,13:43:12,79.6800,43,2
2026-06-08,000858,13:43:15,79.6800,31,2
2026-06-08,000858,13:43:18,79.6700,91,2
2026-06-08,000858,13:43:21,79.6800,14,1
2026-06-08,000858,13:43:24,79.6800,28,1
2026-06-08,000858,13:43:27,79.6700,100,2
2026-06-08,000858,13:43:30,79.6800,178,4
2026-06-08,000858,13:43:33,79.6600,41,2
2026-06-08,000858,13:43:36,79.6700,18,1
2026-06-08,000858,13:43:39,79.6700,16,1
2026-06-08,000858,13:43:42,79.6700,79,1
2026-06-08,000858,13:43:45,79.6600,61,2
2026-06-08,000858,13:43:48,79.6700,36,1
2026-06-08,000858,13:43:51,79.6600,155,2
2026-06-08,000858,13:43:54,79.6600,24,1
2026-06-08,000858,13:43:57,79.6500,17,2
2026-06-08,000858,13:44:00,79.6500,113,2
2026-06-08,000858,13:44:03,79.6500,43,2
2026-06-08,000858,13:44:06,79.6400,196,2
2026-06-08,000858,13:44:09,79.6400,59,2
2026-06-08,000858,13:44:12,79.6300,87,2
2026-06-08,000858,13:44:15,79.6100,378,2
2026-06-08,000858,13:44:18,79.6100,257,1
2026-06-08,000858,13:44:21,79.6000,58,2
2026-06-08,000858,13:44:24,79.6000,125,2
2026-06-08,000858,13:44:27,79.6000,374,2
2026-06-08,000858,13:44:30,79.6000,143,2
2026-06-08,000858,13:44:33,79.6000,59,1
2026-06-08,000858,13:44:36,79.5900,64,2
2026-06-08,000858,13:44:39,79.6000,49,1
2026-06-08,000858,13:44:42,79.6000,53,1
2026-06-08,000858,13:44:45,79.5900,57,2
2026-06-08,000858,13:44:48,79.5900,11,1
2026-06-08,000858,13:44:51,79.5800,37,2
2026-06-08,000858,13:44:54,79.5900,72,1
2026-06-08,000858,13:44:57,79.5800,45,2
2026-06-08,000858,13:45:00,79.5800,227,2
2026-06-08,000858,13:45:03,79.5900,69,1
2026-06-08,000858,13:45:06,79.5900,130,1
2026-06-08,000858,13:45:09,79.6000,216,1
2026-06-08,000858,13:45:12,79.6100,65,1
2026-06-08,000858,13:45:15,79.6100,46,1
2026-06-08,000858,13:45:18,79.6000,65,2
2026-06-08,000858,13:45:21,79.6000,25,1
2026-06-08,000858,13:45:24,79.6000,39,1
2026-06-08,000858,13:45:27,79.6000,89,1
2026-06-08,000858,13:45:30,79.6000,55,2
2026-06-08,000858,13:45:33,79.6200,44,1
2026-06-08,000858,13:45:36,79.6100,24,1
2026-06-08,000858,13:45:39,79.6000,30,2
2026-06-08,000858,13:45:42,79.6000,65,2
2026-06-08,000858,13:45:45,79.6100,40,2
2026-06-08,000858,13:45:48,79.6000,52,2
2026-06-08,000858,13:45:51,79.5900,21,2
2026-06-08,000858,13:45:54,79.6000,38,1
2026-06-08,000858,13:45:57,79.5900,98,2
2026-06-08,000858,13:46:00,79.5800,9,2
2026-06-08,000858,13:46:03,79.5800,83,2
2026-06-08,000858,13:46:06,79.5900,60,1
2026-06-08,000858,13:46:09,79.5900,15,1
2026-06-08,000858,13:46:12,79.5900,34,1
2026-06-08,000858,13:46:15,79.5900,59,1
2026-06-08,000858,13:46:18,79.5800,49,2
2026-06-08,000858,13:46:21,79.5800,21,1
2026-06-08,000858,13:46:24,79.5800,28,1
2026-06-08,000858,13:46:27,79.5800,84,1
2026-06-08,000858,13:46:30,79.5800,125,2
2026-06-08,000858,13:46:33,79.5900,142,1
2026-06-08,000858,13:46:36,79.5900,59,1
2026-06-08,000858,13:46:39,79.6000,85,1
2026-06-08,000858,13:46:42,79.6100,154,1
2026-06-08,000858,13:46:45,79.6000,29,2
2026-06-08,000858,13:46:48,79.6200,107,1
2026-06-08,000858,13:46:51,79.6100,40,2
2026-06-08,000858,13:46:54,79.6300,20,1
2026-06-08,000858,13:46:57,79.6200,33,2
2026-06-08,000858,13:47:00,79.6200,64,2
2026-06-08,000858,13:47:03,79.6400,31,1
2026-06-08,000858,13:47:06,79.6500,36,1
2026-06-08,000858,13:47:09,79.6300,17,2
2026-06-08,000858,13:47:12,79.6200,29,2
2026-06-08,000858,13:47:15,79.6300,32,1
2026-06-08,000858,13:47:18,79.6300,37,1
2026-06-08,000858,13:47:21,79.6200,44,1
2026-06-08,000858,13:47:24,79.6200,69,1
2026-06-08,000858,13:47:27,79.6300,26,1
2026-06-08,000858,13:47:30,79.6500,193,1
2026-06-08,000858,13:47:33,79.6600,157,1
2026-06-08,000858,13:47:36,79.6700,62,1
2026-06-08,000858,13:47:39,79.6700,367,1
2026-06-08,000858,13:47:42,79.7000,34,1
2026-06-08,000858,13:47:45,79.7000,162,1
2026-06-08,000858,13:47:48,79.7300,5,1
2026-06-08,000858,13:47:51,79.7300,24,1
2026-06-08,000858,13:47:54,79.7400,34,1
2026-06-08,000858,13:47:57,79.7500,43,1
2026-06-08,000858,13:48:00,79.7500,29,1
2026-06-08,000858,13:48:03,79.7600,43,1
2026-06-08,000858,13:48:06,79.7600,38,1
2026-06-08,000858,13:48:09,79.7600,15,1
2026-06-08,000858,13:48:12,79.7700,16,1
2026-06-08,000858,13:48:15,79.7900,35,1
2026-06-08,000858,13:48:18,79.7800,91,2
2026-06-08,000858,13:48:21,79.8000,15,1
2026-06-08,000858,13:48:24,79.8000,24,1
2026-06-08,000858,13:48:27,79.8000,39,2
2026-06-08,000858,13:48:30,79.7700,206,2
2026-06-08,000858,13:48:33,79.7400,132,2
2026-06-08,000858,13:48:36,79.7400,51,2
2026-06-08,000858,13:48:39,79.7300,9,1
2026-06-08,000858,13:48:42,79.7400,102,1
2026-06-08,000858,13:48:45,79.7300,61,2
2026-06-08,000858,13:48:48,79.7300,36,1
2026-06-08,000858,13:48:51,79.7100,14,2
2026-06-08,000858,13:48:54,79.7000,44,2
2026-06-08,000858,13:48:57,79.6900,25,2
2026-06-08,000858,13:49:00,79.7000,48,1
2026-06-08,000858,13:49:03,79.7000,19,1
2026-06-08,000858,13:49:06,79.7000,32,1
2026-06-08,000858,13:49:09,79.6700,48,2
2026-06-08,000858,13:49:12,79.6800,20,1
2026-06-08,000858,13:49:15,79.6700,15,2
2026-06-08,000858,13:49:18,79.6700,74,2
2026-06-08,000858,13:49:21,79.6700,63,2
2026-06-08,000858,13:49:24,79.6700,30,2
2026-06-08,000858,13:49:27,79.6800,30,1
2026-06-08,000858,13:49:30,79.7000,208,1
2026-06-08,000858,13:49:33,79.7000,21,1
2026-06-08,000858,13:49:36,79.7100,3,1
2026-06-08,000858,13:49:39,79.7000,11,2
2026-06-08,000858,13:49:42,79.7100,19,2
2026-06-08,000858,13:49:45,79.7300,16,1
2026-06-08,000858,13:49:48,79.7200,34,2
2026-06-08,000858,13:49:51,79.7100,7,1
2026-06-08,000858,13:49:54,79.7300,4,1
2026-06-08,000858,13:49:57,79.7400,1,1
2026-06-08,000858,13:50:00,79.7300,18,2
2026-06-08,000858,13:50:03,79.7300,18,1
2026-06-08,000858,13:50:06,79.7300,25,2
2026-06-08,000858,13:50:09,79.7500,32,1
2026-06-08,000858,13:50:12,79.7500,26,1
2026-06-08,000858,13:50:15,79.7500,11,1
2026-06-08,000858,13:50:18,79.7500,19,1
2026-06-08,000858,13:50:21,79.7500,11,1
2026-06-08,000858,13:50:24,79.7500,15,1
2026-06-08,000858,13:50:27,79.7500,31,1
2026-06-08,000858,13:50:30,79.7600,14,1
2026-06-08,000858,13:50:33,79.7600,5,2
2026-06-08,000858,13:50:36,79.7600,1,2
2026-06-08,000858,13:50:39,79.7600,9,2
2026-06-08,000858,13:50:42,79.7600,23,2
2026-06-08,000858,13:50:45,79.7700,16,2
2026-06-08,000858,13:50:48,79.7900,11,1
2026-06-08,000858,13:50:51,79.7900,10,1
2026-06-08,000858,13:50:54,79.7900,67,1
2026-06-08,000858,13:50:57,79.7900,2,2
2026-06-08,000858,13:51:00,79.8000,88,1
2026-06-08,000858,13:51:03,79.8100,32,1
2026-06-08,000858,13:51:06,79.8100,10,1
2026-06-08,000858,13:51:09,79.8100,8,1
2026-06-08,000858,13:51:12,79.8200,20,1
2026-06-08,000858,13:51:15,79.8100,104,2
2026-06-08,000858,13:51:18,79.8000,75,2
2026-06-08,000858,13:51:21,79.8000,325,2
2026-06-08,000858,13:51:24,79.7700,150,2
2026-06-08,000858,13:51:27,79.7700,32,1
2026-06-08,000858,13:51:30,79.7700,11,1
2026-06-08,000858,13:51:33,79.7700,11,2
2026-06-08,000858,13:51:36,79.7700,5,1
2026-06-08,000858,13:51:39,79.7600,17,2
2026-06-08,000858,13:51:42,79.7700,7,2
2026-06-08,000858,13:51:45,79.7700,45,2
2026-06-08,000858,13:51:48,79.7700,17,2
2026-06-08,000858,13:51:51,79.7700,45,2
2026-06-08,000858,13:51:54,79.7500,59,2
2026-06-08,000858,13:51:57,79.7600,17,1
2026-06-08,000858,13:52:00,79.7600,24,2
2026-06-08,000858,13:52:03,79.7600,16,1
2026-06-08,000858,13:52:06,79.7600,70,1
2026-06-08,000858,13:52:09,79.7600,30,1
2026-06-08,000858,13:52:12,79.7800,191,1
2026-06-08,000858,13:52:15,79.7900,188,1
2026-06-08,000858,13:52:18,79.8000,7,1
2026-06-08,000858,13:52:21,79.8100,30,1
2026-06-08,000858,13:52:24,79.8200,5,2
2026-06-08,000858,13:52:27,79.8400,18,1
2026-06-08,000858,13:52:30,79.8300,10,1
2026-06-08,000858,13:52:33,79.8500,36,1
2026-06-08,000858,13:52:36,79.8300,26,2
2026-06-08,000858,13:52:39,79.8500,24,1
2026-06-08,000858,13:52:42,79.8500,37,1
2026-06-08,000858,13:52:45,79.8500,61,1
2026-06-08,000858,13:52:48,79.8500,17,1
2026-06-08,000858,13:52:51,79.8500,15,2
2026-06-08,000858,13:52:54,79.8700,33,1
2026-06-08,000858,13:52:57,79.8700,34,2
2026-06-08,000858,13:53:00,79.8600,46,2
2026-06-08,000858,13:53:03,79.8800,25,1
2026-06-08,000858,13:53:06,79.8700,2,2
2026-06-08,000858,13:53:09,79.8800,32,1
2026-06-08,000858,13:53:12,79.8700,41,2
2026-06-08,000858,13:53:15,79.8700,95,2
2026-06-08,000858,13:53:18,79.8700,32,1
2026-06-08,000858,13:53:21,79.8700,23,1
2026-06-08,000858,13:53:24,79.8700,13,2
2026-06-08,000858,13:53:27,79.8900,46,1
2026-06-08,000858,13:53:30,79.8700,25,2
2026-06-08,000858,13:53:33,79.8900,10,1
2026-06-08,000858,13:53:36,79.9000,6,1
2026-06-08,000858,13:53:39,79.8800,61,2
2026-06-08,000858,13:53:42,79.8900,111,2
2026-06-08,000858,13:53:45,79.8600,229,2
2026-06-08,000858,13:53:48,79.8500,215,2
2026-06-08,000858,13:53:51,79.8400,71,2
2026-06-08,000858,13:53:54,79.8300,103,2
2026-06-08,000858,13:53:57,79.8200,28,2
2026-06-08,000858,13:54:00,79.8100,72,2
2026-06-08,000858,13:54:03,79.8100,41,2
2026-06-08,000858,13:54:06,79.8100,61,1
2026-06-08,000858,13:54:09,79.8100,97,1
2026-06-08,000858,13:54:12,79.8000,66,2
2026-06-08,000858,13:54:15,79.8000,52,2
2026-06-08,000858,13:54:18,79.8000,43,2
2026-06-08,000858,13:54:21,79.7900,12,2
2026-06-08,000858,13:54:24,79.8000,30,1
2026-06-08,000858,13:54:27,79.7900,9,1
2026-06-08,000858,13:54:30,79.7900,1,1
2026-06-08,000858,13:54:33,79.7900,52,1
2026-06-08,000858,13:54:36,79.7800,8,4
2026-06-08,000858,13:54:39,79.7900,7,1
2026-06-08,000858,13:54:42,79.7800,7,1
2026-06-08,000858,13:54:45,79.7900,36,1
2026-06-08,000858,13:54:48,79.7800,13,2
2026-06-08,000858,13:54:51,79.7900,5,1
2026-06-08,000858,13:54:54,79.7900,35,1
2026-06-08,000858,13:54:57,79.7900,40,1
2026-06-08,000858,13:55:00,79.7800,6,2
2026-06-08,000858,13:55:03,79.7900,75,1
2026-06-08,000858,13:55:06,79.7900,85,2
2026-06-08,000858,13:55:09,79.7900,131,2
2026-06-08,000858,13:55:12,79.7900,13,4
2026-06-08,000858,13:55:15,79.7900,7,1
2026-06-08,000858,13:55:18,79.7800,130,2
2026-06-08,000858,13:55:21,79.8200,597,1
2026-06-08,000858,13:55:24,79.9200,114,1
2026-06-08,000858,13:55:27,79.8800,4,2
2026-06-08,000858,13:55:30,79.8800,1,2
2026-06-08,000858,13:55:33,79.9200,20,1
2026-06-08,000858,13:55:36,79.9200,19,1
2026-06-08,000858,13:55:39,79.9200,41,1
2026-06-08,000858,13:55:42,79.9300,6,1
2026-06-08,000858,13:55:45,79.9300,25,1
2026-06-08,000858,13:55:48,79.9300,21,1
2026-06-08,000858,13:55:51,79.9300,44,1
2026-06-08,000858,13:55:54,79.9400,16,1
2026-06-08,000858,13:55:57,79.9200,87,2
2026-06-08,000858,13:56:00,79.9300,37,1
2026-06-08,000858,13:56:03,79.9200,29,1
2026-06-08,000858,13:56:06,79.9300,21,1
2026-06-08,000858,13:56:09,79.9200,9,1
2026-06-08,000858,13:56:12,79.9300,11,1
2026-06-08,000858,13:56:15,79.9200,15,2
2026-06-08,000858,13:56:18,79.9200,10,1
2026-06-08,000858,13:56:21,79.9100,13,2
2026-06-08,000858,13:56:24,79.9100,3,2
2026-06-08,000858,13:56:27,79.9100,8,2
2026-06-08,000858,13:56:30,79.9200,9,1
2026-06-08,000858,13:56:33,79.9000,80,2
2026-06-08,000858,13:56:36,79.9000,19,1
2026-06-08,000858,13:56:39,79.9100,20,1
2026-06-08,000858,13:56:42,79.9100,39,1
2026-06-08,000858,13:56:45,79.9100,32,2
2026-06-08,000858,13:56:48,79.9000,67,2
2026-06-08,000858,13:56:51,79.8900,6,4
2026-06-08,000858,13:56:54,79.8800,8,2
2026-06-08,000858,13:56:57,79.8800,11,2
2026-06-08,000858,13:57:00,79.8800,12,2
2026-06-08,000858,13:57:03,79.8500,21,2
2026-06-08,000858,13:57:06,79.8500,33,2
2026-06-08,000858,13:57:09,79.8800,18,1
2026-06-08,000858,13:57:12,79.8500,11,2
2026-06-08,000858,13:57:15,79.8800,8,1
2026-06-08,000858,13:57:18,79.8800,14,1
2026-06-08,000858,13:57:21,79.8800,14,1
2026-06-08,000858,13:57:24,79.8600,107,2
2026-06-08,000858,13:57:27,79.8600,20,1
2026-06-08,000858,13:57:30,79.8800,79,1
2026-06-08,000858,13:57:33,79.8800,18,2
2026-06-08,000858,13:57:36,79.8800,13,2
2026-06-08,000858,13:57:39,79.8800,23,2
2026-06-08,000858,13:57:42,79.8900,31,1
2026-06-08,000858,13:57:45,79.8800,46,2
2026-06-08,000858,13:57:48,79.8900,23,2
2026-06-08,000858,13:57:51,79.8900,7,2
2026-06-08,000858,13:57:54,79.9100,22,1
2026-06-08,000858,13:57:57,79.8900,46,2
2026-06-08,000858,13:58:00,79.8900,7,2
2026-06-08,000858,13:58:03,79.9100,17,1
2026-06-08,000858,13:58:06,79.9000,3,4
2026-06-08,000858,13:58:09,79.9200,80,1
2026-06-08,000858,13:58:12,79.9200,12,2
2026-06-08,000858,13:58:15,79.9300,36,1
2026-06-08,000858,13:58:18,79.9200,29,2
2026-06-08,000858,13:58:21,79.9200,17,2
2026-06-08,000858,13:58:24,79.9300,29,1
2026-06-08,000858,13:58:27,79.9200,87,2
2026-06-08,000858,13:58:30,79.9200,8,1
2026-06-08,000858,13:58:33,79.9100,7,2
2026-06-08,000858,13:58:36,79.9300,148,1
2026-06-08,000858,13:58:39,79.9200,39,2
2026-06-08,000858,13:58:42,79.9200,17,1
2026-06-08,000858,13:58:45,79.9200,14,1
2026-06-08,000858,13:58:48,79.9200,6,1
2026-06-08,000858,13:58:51,79.9200,27,2
2026-06-08,000858,13:58:54,79.9200,55,2
2026-06-08,000858,13:58:57,79.9200,83,1
2026-06-08,000858,13:59:00,79.9100,17,2
2026-06-08,000858,13:59:03,79.9200,12,1
2026-06-08,000858,13:59:06,79.9200,57,1
2026-06-08,000858,13:59:09,79.9200,11,1
2026-06-08,000858,13:59:12,79.9200,15,2
2026-06-08,000858,13:59:15,79.9200,8,1
2026-06-08,000858,13:59:18,79.9300,21,1
2026-06-08,000858,13:59:21,79.9200,3,1
2026-06-08,000858,13:59:24,79.9200,10,2
2026-06-08,000858,13:59:27,79.9200,9,2
2026-06-08,000858,13:59:30,79.9300,32,1
2026-06-08,000858,13:59:33,79.9300,19,1
2026-06-08,000858,13:59:36,79.9200,21,2
2026-06-08,000858,13:59:39,79.9200,33,2
2026-06-08,000858,13:59:42,79.9200,20,1
2026-06-08,000858,13:59:45,79.9100,152,2
2026-06-08,000858,13:59:48,79.9000,3,2
2026-06-08,000858,13:59:51,79.9200,17,1
2026-06-08,000858,13:59:54,79.8900,74,2
2026-06-08,000858,13:59:57,79.8900,48,2
2026-06-08,000858,14:00:00,79.8700,47,2
2026-06-08,000858,14:00:03,79.8600,23,2
2026-06-08,000858,14:00:06,79.8600,46,2
2026-06-08,000858,14:00:09,79.8700,54,1
2026-06-08,000858,14:00:12,79.8700,7,1
2026-06-08,000858,14:00:15,79.8700,17,1
2026-06-08,000858,14:00:18,79.8600,56,2
2026-06-08,000858,14:00:21,79.8600,17,2
2026-06-08,000858,14:00:24,79.8400,1,2
2026-06-08,000858,14:00:27,79.8400,14,2
2026-06-08,000858,14:00:30,79.8600,21,1
2026-06-08,000858,14:00:33,79.8400,11,2
2026-06-08,000858,14:00:36,79.8500,16,1
2026-06-08,000858,14:00:39,79.8400,8,2
2026-06-08,000858,14:00:42,79.8400,13,2
2026-06-08,000858,14:00:45,79.8400,5,1
2026-06-08,000858,14:00:48,79.8500,45,1
2026-06-08,000858,14:00:51,79.8600,36,1
2026-06-08,000858,14:00:54,79.8600,10,1
2026-06-08,000858,14:00:57,79.9000,238,1
2026-06-08,000858,14:01:00,79.9000,5,1
2026-06-08,000858,14:01:03,79.9000,21,1
2026-06-08,000858,14:01:06,79.9000,181,1
2026-06-08,000858,14:01:09,79.9300,95,1
2026-06-08,000858,14:01:12,79.9400,117,1
2026-06-08,000858,14:01:15,79.9600,102,1
2026-06-08,000858,14:01:18,79.9700,40,1
2026-06-08,000858,14:01:21,79.9800,53,1
2026-06-08,000858,14:01:24,79.9800,37,2
2026-06-08,000858,14:01:27,79.9900,48,1
2026-06-08,000858,14:01:30,79.9800,22,2
2026-06-08,000858,14:01:33,79.9800,159,2
2026-06-08,000858,14:01:36,79.9500,36,2
2026-06-08,000858,14:01:39,79.9600,58,1
2026-06-08,000858,14:01:42,79.9500,17,1
2026-06-08,000858,14:01:45,79.9600,6,1
2026-06-08,000858,14:01:48,79.9600,12,1
2026-06-08,000858,14:01:51,79.9200,21,2
2026-06-08,000858,14:01:54,79.9300,13,2
2026-06-08,000858,14:01:57,79.9300,46,2
2026-06-08,000858,14:02:00,79.9200,39,2
2026-06-08,000858,14:02:03,79.9200,10,2
2026-06-08,000858,14:02:06,79.9200,27,2
2026-06-08,000858,14:02:09,79.9000,78,2
2026-06-08,000858,14:02:12,79.9200,45,1
2026-06-08,000858,14:02:15,79.9600,110,1
2026-06-08,000858,14:02:18,79.9600,62,1
2026-06-08,000858,14:02:21,79.9600,21,1
2026-06-08,000858,14:02:24,79.9200,3,2
2026-06-08,000858,14:02:27,79.9100,8,2
2026-06-08,000858,14:02:30,79.9600,3,1
2026-06-08,000858,14:02:33,79.9100,14,2
2026-06-08,000858,14:02:36,79.9100,65,2
2026-06-08,000858,14:02:39,79.9200,15,1
2026-06-08,000858,14:02:42,79.9200,103,1
2026-06-08,000858,14:02:45,79.9100,35,2
2026-06-08,000858,14:02:48,79.9200,9,1
2026-06-08,000858,14:02:51,79.9100,13,2
2026-06-08,000858,14:02:54,79.9100,112,2
2026-06-08,000858,14:02:57,79.9100,58,4
2026-06-08,000858,14:03:00,79.9000,33,2
2026-06-08,000858,14:03:03,79.9200,56,1
2026-06-08,000858,14:03:06,79.9200,77,1
2026-06-08,000858,14:03:09,79.9300,20,1
2026-06-08,000858,14:03:12,79.9200,9,2
2026-06-08,000858,14:03:15,79.9200,29,2
2026-06-08,000858,14:03:18,79.9300,93,1
2026-06-08,000858,14:03:21,79.9200,71,2
2026-06-08,000858,14:03:24,79.9600,152,1
2026-06-08,000858,14:03:27,79.9800,76,1
2026-06-08,000858,14:03:30,79.9900,24,1
2026-06-08,000858,14:03:33,80.0000,123,1
2026-06-08,000858,14:03:36,80.0000,47,1
2026-06-08,000858,14:03:39,80.0000,13,1
2026-06-08,000858,14:03:42,79.9900,52,2
2026-06-08,000858,14:03:45,79.9900,17,1
2026-06-08,000858,14:03:48,79.9900,16,1
2026-06-08,000858,14:03:51,79.9800,11,2
2026-06-08,000858,14:03:54,79.9900,60,1
2026-06-08,000858,14:03:57,79.9800,19,4
2026-06-08,000858,14:04:00,79.9800,13,1
2026-06-08,000858,14:04:03,79.9900,66,1
2026-06-08,000858,14:04:06,79.9800,4,2
2026-06-08,000858,14:04:09,79.9800,9,1
2026-06-08,000858,14:04:12,79.9700,19,2
2026-06-08,000858,14:04:15,79.9700,18,2
2026-06-08,000858,14:04:18,79.9700,40,2
2026-06-08,000858,14:04:21,79.9500,23,2
2026-06-08,000858,14:04:24,79.9500,28,2
2026-06-08,000858,14:04:27,79.9500,6,2
2026-06-08,000858,14:04:30,79.9400,22,2
2026-06-08,000858,14:04:33,79.9400,34,1
2026-06-08,000858,14:04:36,79.9500,17,1
2026-06-08,000858,14:04:39,79.9400,2,2
2026-06-08,000858,14:04:42,79.9400,2,2
2026-06-08,000858,14:04:45,79.9400,16,2
2026-06-08,000858,14:04:48,79.9400,8,2
2026-06-08,000858,14:04:51,79.9400,14,2
2026-06-08,000858,14:04:54,79.9400,74,2
2026-06-08,000858,14:04:57,79.9500,5,1
2026-06-08,000858,14:05:00,79.9500,40,1
2026-06-08,000858,14:05:03,79.9400,52,2
2026-06-08,000858,14:05:06,79.9400,56,1
2026-06-08,000858,14:05:09,79.9400,17,1
2026-06-08,000858,14:05:12,79.9300,4,4
2026-06-08,000858,14:05:15,79.9300,2,2
2026-06-08,000858,14:05:18,79.9300,18,2
2026-06-08,000858,14:05:21,79.9300,30,2
2026-06-08,000858,14:05:24,79.9200,93,2
2026-06-08,000858,14:05:27,79.9200,28,2
2026-06-08,000858,14:05:30,79.9200,8,2
2026-06-08,000858,14:05:33,79.9200,10,1
2026-06-08,000858,14:05:36,79.9200,7,1
2026-06-08,000858,14:05:39,79.9000,14,2
2026-06-08,000858,14:05:42,79.9200,11,1
2026-06-08,000858,14:05:45,79.9200,14,1
2026-06-08,000858,14:05:48,79.9200,6,1
2026-06-08,000858,14:05:51,79.9200,2,1
2026-06-08,000858,14:05:54,79.9200,2,1
2026-06-08,000858,14:05:57,79.9200,1,1
2026-06-08,000858,14:06:00,79.9100,3,2
2026-06-08,000858,14:06:03,79.9200,29,1
2026-06-08,000858,14:06:06,79.9100,7,4
2026-06-08,000858,14:06:09,79.9200,9,1
2026-06-08,000858,14:06:12,79.9100,52,2
2026-06-08,000858,14:06:15,79.9100,1,1
2026-06-08,000858,14:06:18,79.9100,28,1
2026-06-08,000858,14:06:21,79.9100,17,1
2026-06-08,000858,14:06:24,79.9000,12,2
2026-06-08,000858,14:06:27,79.9100,48,1
2026-06-08,000858,14:06:30,79.9000,8,2
2026-06-08,000858,14:06:33,79.9000,15,2
2026-06-08,000858,10:56:18,80.0600,12,1
2026-06-08,000858,10:56:21,80.0600,18,1
2026-06-08,000858,10:56:24,80.0600,12,1
2026-06-08,000858,10:56:27,80.0500,1,2
2026-06-08,000858,10:56:30,80.0500,14,2
2026-06-08,000858,10:56:33,80.0600,28,1
2026-06-08,000858,10:56:36,80.0500,19,2
2026-06-08,000858,10:56:39,80.0600,107,1
2026-06-08,000858,10:56:42,80.0500,201,2
2026-06-08,000858,10:56:45,80.0600,16,1
2026-06-08,000858,10:56:48,80.0600,19,1
2026-06-08,000858,10:56:51,80.0600,7,1
2026-06-08,000858,10:56:54,80.0500,20,2
2026-06-08,000858,10:56:57,80.0500,88,2
2026-06-08,000858,10:57:00,80.0500,87,2
2026-06-08,000858,10:57:03,80.0600,29,1
2026-06-08,000858,10:57:06,80.0600,30,1
2026-06-08,000858,10:57:09,80.0600,3,1
2026-06-08,000858,10:57:12,80.0600,26,1
2026-06-08,000858,10:57:15,80.0600,260,1
2026-06-08,000858,10:57:18,80.0500,22,2
2026-06-08,000858,10:57:21,80.0600,9,1
2026-06-08,000858,10:57:24,80.0600,48,1
2026-06-08,000858,10:57:27,80.0600,20,1
2026-06-08,000858,10:57:30,80.0600,36,1
2026-06-08,000858,10:57:33,80.0600,30,1
2026-06-08,000858,10:57:36,80.0600,35,1
2026-06-08,000858,10:57:39,80.0600,54,1
2026-06-08,000858,10:57:42,80.0600,4,2
2026-06-08,000858,10:57:45,80.0700,40,1
2026-06-08,000858,10:57:48,80.0800,58,1
2026-06-08,000858,10:57:51,80.0800,9,1
2026-06-08,000858,10:57:54,80.0700,4,2
2026-06-08,000858,10:57:57,80.0800,4,1
2026-06-08,000858,10:58:00,80.0700,3,2
2026-06-08,000858,10:58:03,80.0700,23,2
2026-06-08,000858,10:58:06,80.0700,37,1
2026-06-08,000858,10:58:09,80.0700,34,2
2026-06-08,000858,10:58:12,80.0600,15,2
2026-06-08,000858,10:58:15,80.0700,19,1
2026-06-08,000858,10:58:18,80.0700,19,1
2026-06-08,000858,10:58:21,80.0700,49,1
2026-06-08,000858,10:58:24,80.0700,15,2
2026-06-08,000858,10:58:27,80.0700,8,2
2026-06-08,000858,10:58:30,80.0800,6,1
2026-06-08,000858,10:58:33,80.0800,6,1
2026-06-08,000858,10:58:36,80.0700,3,2
2026-06-08,000858,10:58:39,80.0700,43,2
2026-06-08,000858,10:58:45,80.0800,8,1
2026-06-08,000858,10:58:48,80.0800,9,1
2026-06-08,000858,10:58:51,80.0700,10,2
2026-06-08,000858,10:58:54,80.0800,37,1
2026-06-08,000858,10:58:57,80.0700,9,2
2026-06-08,000858,10:59:00,80.0800,10,1
2026-06-08,000858,10:59:03,80.0800,13,1
2026-06-08,000858,10:59:06,80.0800,17,1
2026-06-08,000858,10:59:09,80.0800,10,1
2026-06-08,000858,10:59:12,80.0800,36,1
2026-06-08,000858,10:59:15,80.0800,23,1
2026-06-08,000858,10:59:18,80.0800,16,1
2026-06-08,000858,10:59:21,80.0800,22,2
2026-06-08,000858,10:59:24,80.0900,25,1
2026-06-08,000858,10:59:27,80.0800,40,2
2026-06-08,000858,10:59:30,80.0800,8,2
2026-06-08,000858,10:59:33,80.0800,47,2
2026-06-08,000858,10:59:36,80.0800,15,1
2026-06-08,000858,10:59:39,80.0800,21,1
2026-06-08,000858,10:59:42,80.1000,30,1
2026-06-08,000858,10:59:45,80.0800,4,2
2026-06-08,000858,10:59:48,80.0800,1,2
2026-06-08,000858,10:59:51,80.0900,7,1
2026-06-08,000858,10:59:54,80.0900,11,1
2026-06-08,000858,10:59:57,80.0800,36,2
2026-06-08,000858,11:00:00,80.0900,6,1
2026-06-08,000858,11:00:03,80.1000,13,1
2026-06-08,000858,11:00:06,80.1000,30,1
2026-06-08,000858,11:00:09,80.1000,13,1
2026-06-08,000858,11:00:12,80.1000,15,1
2026-06-08,000858,11:00:15,80.0900,19,2
2026-06-08,000858,11:00:18,80.1200,3,1
2026-06-08,000858,11:00:21,80.1000,9,2
2026-06-08,000858,11:00:24,80.1000,6,2
2026-06-08,000858,11:00:27,80.1100,2,1
2026-06-08,000858,11:00:30,80.1200,20,1
2026-06-08,000858,11:00:33,80.1100,7,2
2026-06-08,000858,11:00:36,80.1200,2,2
2026-06-08,000858,11:00:39,80.1300,2,1
2026-06-08,000858,11:00:42,80.1300,16,1
2026-06-08,000858,11:00:45,80.1300,7,1
2026-06-08,000858,11:00:48,80.1300,110,1
2026-06-08,000858,11:00:51,80.1200,13,1
2026-06-08,000858,11:00:54,80.1200,8,1
2026-06-08,000858,11:00:57,80.1000,14,2
2026-06-08,000858,11:01:00,80.1200,11,1
2026-06-08,000858,11:01:03,80.1000,68,2
2026-06-08,000858,11:01:06,80.1000,13,1
2026-06-08,000858,11:01:09,80.1000,12,1
2026-06-08,000858,11:01:12,80.1200,45,1
2026-06-08,000858,11:01:15,80.0900,102,2
2026-06-08,000858,11:01:18,80.1200,40,1
2026-06-08,000858,11:01:21,80.1200,5,1
2026-06-08,000858,11:01:24,80.0900,12,2
2026-06-08,000858,11:01:27,80.1300,34,1
2026-06-08,000858,11:01:30,80.1200,33,2
2026-06-08,000858,11:01:33,80.1300,26,1
2026-06-08,000858,11:01:36,80.1300,8,1
2026-06-08,000858,11:01:39,80.1300,4,1
2026-06-08,000858,11:01:42,80.1300,19,1
2026-06-08,000858,11:01:45,80.1300,110,1
2026-06-08,000858,11:01:48,80.1300,14,2
2026-06-08,000858,11:01:51,80.1300,5,2
2026-06-08,000858,11:01:54,80.1500,16,1
2026-06-08,000858,11:01:57,80.1500,4,1
2026-06-08,000858,11:02:00,80.1600,4,1
2026-06-08,000858,11:02:03,80.1600,64,1
2026-06-08,000858,11:02:06,80.1600,10,1
2026-06-08,000858,11:02:09,80.1500,11,1
2026-06-08,000858,11:02:12,80.1400,17,2
2026-06-08,000858,11:02:15,80.1700,13,1
2026-06-08,000858,11:02:18,80.1500,19,2
2026-06-08,000858,11:02:21,80.1500,11,2
2026-06-08,000858,11:02:24,80.1400,25,2
2026-06-08,000858,11:02:27,80.1400,1,1
2026-06-08,000858,11:02:30,80.1300,77,2
2026-06-08,000858,11:02:33,80.1000,25,2
2026-06-08,000858,11:02:36,80.1000,36,2
2026-06-08,000858,11:02:39,80.1100,11,1
2026-06-08,000858,11:02:42,80.1100,3,1
2026-06-08,000858,11:02:45,80.1200,16,1
2026-06-08,000858,11:02:48,80.1100,8,4
2026-06-08,000858,11:02:51,80.1100,13,4
2026-06-08,000858,11:02:54,80.1100,43,2
2026-06-08,000858,11:02:57,80.1000,30,2
2026-06-08,000858,11:03:00,80.1000,23,1
2026-06-08,000858,11:03:03,80.1000,7,1
2026-06-08,000858,11:03:06,80.0900,5,2
2026-06-08,000858,11:03:09,80.1000,15,1
2026-06-08,000858,11:03:12,80.1000,7,2
2026-06-08,000858,11:03:15,80.1000,1,1
2026-06-08,000858,11:03:18,80.1000,2,1
2026-06-08,000858,11:03:21,80.1000,6,1
2026-06-08,000858,11:03:24,80.0900,8,2
2026-06-08,000858,11:03:27,80.1000,13,1
2026-06-08,000858,11:03:30,80.1000,26,1
2026-06-08,000858,11:03:33,80.0900,5,2
2026-06-08,000858,11:03:36,80.0900,17,2
2026-06-08,000858,11:03:39,80.0900,31,2
2026-06-08,000858,11:03:42,80.0900,23,2
2026-06-08,000858,11:03:45,80.1000,21,1
2026-06-08,000858,11:03:48,80.1000,12,1
2026-06-08,000858,11:03:51,80.0900,7,2
2026-06-08,000858,11:03:54,80.0900,6,2
2026-06-08,000858,11:03:57,80.1000,31,1
2026-06-08,000858,11:04:00,80.1000,13,1
2026-06-08,000858,11:04:03,80.0900,45,2
2026-06-08,000858,11:04:06,80.1000,13,2
2026-06-08,000858,11:04:09,80.0900,4,2
2026-06-08,000858,11:04:12,80.1000,5,1
2026-06-08,000858,11:04:15,80.0900,36,2
2026-06-08,000858,11:04:18,80.1000,2,1
2026-06-08,000858,11:04:21,80.1000,8,1
2026-06-08,000858,11:04:24,80.1000,14,1
2026-06-08,000858,11:04:27,80.1000,7,1
2026-06-08,000858,11:04:30,80.1000,185,2
2026-06-08,000858,11:04:33,80.1000,20,2
2026-06-08,000858,11:04:36,80.0900,5,1
2026-06-08,000858,11:04:39,80.0900,1,1
2026-06-08,000858,11:04:42,80.0900,8,1
2026-06-08,000858,11:04:45,80.0900,30,1
2026-06-08,000858,11:04:48,80.0900,17,2
2026-06-08,000858,11:04:51,80.1000,6,1
2026-06-08,000858,11:04:54,80.1000,13,1
2026-06-08,000858,11:04:57,80.0900,129,2
2026-06-08,000858,11:05:00,80.1000,40,1
2026-06-08,000858,11:05:03,80.1000,15,1
2026-06-08,000858,11:05:06,80.0800,121,2
2026-06-08,000858,11:05:09,80.0900,37,2
2026-06-08,000858,11:05:12,80.0900,49,1
2026-06-08,000858,11:05:15,80.0900,295,1
2026-06-08,000858,11:05:18,80.0800,31,2
2026-06-08,000858,11:05:21,80.0700,34,2
2026-06-08,000858,11:05:24,80.0800,5,4
2026-06-08,000858,11:05:27,80.0700,41,2
2026-06-08,000858,11:05:30,80.0700,7,1
2026-06-08,000858,11:05:33,80.0600,7,2
2026-06-08,000858,11:05:36,80.0600,19,2
2026-06-08,000858,11:05:39,80.0600,28,2
2026-06-08,000858,11:05:42,80.0700,3,1
2026-06-08,000858,11:05:45,80.0700,7,1
2026-06-08,000858,11:05:48,80.0700,6,1
2026-06-08,000858,11:05:51,80.0700,27,1
2026-06-08,000858,11:05:54,80.0700,26,1
2026-06-08,000858,11:05:57,80.0600,16,2
2026-06-08,000858,11:06:00,80.0600,4,2
2026-06-08,000858,11:06:03,80.0700,12,1
2026-06-08,000858,11:06:06,80.0600,27,2
2026-06-08,000858,11:06:09,80.0800,6,1
2026-06-08,000858,11:06:12,80.0700,7,1
2026-06-08,000858,11:06:15,80.0800,10,1
2026-06-08,000858,11:06:18,80.0700,30,4
2026-06-08,000858,11:06:21,80.0700,5,1
2026-06-08,000858,11:06:24,80.0500,151,2
2026-06-08,000858,11:06:27,80.0600,18,1
2026-06-08,000858,11:06:30,80.0600,134,1
2026-06-08,000858,11:06:33,80.0500,35,2
2026-06-08,000858,11:06:36,80.0600,23,1
2026-06-08,000858,11:06:39,80.0500,12,2
2026-06-08,000858,11:06:42,80.0500,14,2
2026-06-08,000858,11:06:45,80.0600,10,1
2026-06-08,000858,11:06:48,80.0500,13,2
2026-06-08,000858,11:06:51,80.0600,13,1
2026-06-08,000858,11:06:54,80.0600,3,1
2026-06-08,000858,11:06:57,80.0600,16,1
2026-06-08,000858,11:07:00,80.0600,14,1
2026-06-08,000858,11:07:03,80.0600,5,2
2026-06-08,000858,11:07:06,80.0700,15,1
2026-06-08,000858,11:07:09,80.0600,16,4
2026-06-08,000858,11:07:12,80.0600,8,1
2026-06-08,000858,11:07:15,80.0600,7,1
2026-06-08,000858,11:07:18,80.0600,50,1
2026-06-08,000858,11:07:21,80.0600,13,1
2026-06-08,000858,11:07:24,80.0600,15,1
2026-06-08,000858,11:07:27,80.0500,18,2
2026-06-08,000858,11:07:30,80.0600,12,1
2026-06-08,000858,11:07:33,80.0500,28,2
2026-06-08,000858,11:07:36,80.0500,26,2
2026-06-08,000858,11:07:39,80.0500,55,2
2026-06-08,000858,11:07:42,80.0600,124,1
2026-06-08,000858,11:07:45,80.0500,12,2
2026-06-08,000858,11:07:48,80.0600,7,1
2026-06-08,000858,11:07:51,80.0600,5,1
2026-06-08,000858,11:07:54,80.0600,13,1
2026-06-08,000858,11:07:57,80.0600,56,1
2026-06-08,000858,11:08:00,80.0600,19,1
2026-06-08,000858,11:08:03,80.0600,29,1
2026-06-08,000858,11:08:06,80.0500,39,2
2026-06-08,000858,11:08:09,80.0500,22,2
2026-06-08,000858,11:08:12,80.0500,21,1
2026-06-08,000858,11:08:15,80.0500,9,1
2026-06-08,000858,11:08:18,80.0500,15,1
2026-06-08,000858,11:08:21,80.0500,23,1
2026-06-08,000858,11:08:24,80.0500,21,1
2026-06-08,000858,11:08:27,80.0600,9,1
2026-06-08,000858,11:08:30,80.0600,8,1
2026-06-08,000858,11:08:33,80.0500,6,2
2026-06-08,000858,11:08:36,80.0600,4,1
2026-06-08,000858,11:08:39,80.0500,12,2
2026-06-08,000858,11:08:42,80.0600,20,1
2026-06-08,000858,11:08:45,80.0500,7,2
2026-06-08,000858,11:08:48,80.0500,19,2
2026-06-08,000858,11:08:51,80.0600,2,1
2026-06-08,000858,11:08:54,80.0500,13,2
2026-06-08,000858,11:08:57,80.0600,18,1
2026-06-08,000858,11:09:00,80.0600,10,1
2026-06-08,000858,11:09:03,80.0600,92,1
2026-06-08,000858,11:09:06,80.0600,7,1
2026-06-08,000858,11:09:09,80.0600,16,1
2026-06-08,000858,11:09:12,80.0600,7,1
2026-06-08,000858,11:09:15,80.0600,7,1
2026-06-08,000858,11:09:18,80.0600,17,1
2026-06-08,000858,11:09:21,80.0600,8,2
2026-06-08,000858,11:09:24,80.0600,6,2
2026-06-08,000858,11:09:27,80.0700,3,1
2026-06-08,000858,11:09:30,80.0600,26,2
2026-06-08,000858,11:09:33,80.0700,9,1
2026-06-08,000858,11:09:36,80.0600,39,2
2026-06-08,000858,11:09:39,80.0500,5,2
2026-06-08,000858,11:09:42,80.0500,10,2
2026-06-08,000858,11:09:45,80.0600,1,1
2026-06-08,000858,11:09:48,80.0600,11,1
2026-06-08,000858,11:09:51,80.0500,58,2
2026-06-08,000858,11:09:54,80.0600,8,1
2026-06-08,000858,11:09:57,80.0600,12,1
2026-06-08,000858,11:10:00,80.0700,5,1
2026-06-08,000858,11:10:03,80.0700,20,1
2026-06-08,000858,11:10:06,80.0600,6,4
2026-06-08,000858,11:10:09,80.0500,14,2
2026-06-08,000858,11:10:12,80.0600,8,1
2026-06-08,000858,11:10:21,80.0600,16,2
2026-06-08,000858,11:10:24,80.0700,1,1
2026-06-08,000858,11:10:27,80.0600,3,2
2026-06-08,000858,11:10:30,80.0700,14,1
2026-06-08,000858,11:10:33,80.0600,36,2
2026-06-08,000858,11:10:36,80.0600,26,1
2026-06-08,000858,11:10:39,80.0600,25,1
2026-06-08,000858,11:10:42,80.0600,34,1
2026-06-08,000858,11:10:45,80.0600,46,1
2026-06-08,000858,11:10:48,80.0600,78,1
2026-06-08,000858,11:10:51,80.0600,16,1
2026-06-08,000858,11:10:54,80.0600,25,1
2026-06-08,000858,11:10:57,80.0500,7,2
2026-06-08,000858,11:11:00,80.0500,25,2
2026-06-08,000858,11:11:03,80.0500,6,2
2026-06-08,000858,11:11:06,80.0600,21,1
2026-06-08,000858,11:11:09,80.0600,14,1
2026-06-08,000858,11:11:12,80.0500,23,2
2026-06-08,000858,11:11:15,80.0600,7,1
2026-06-08,000858,11:11:18,80.0500,29,2
2026-06-08,000858,11:11:21,80.0500,19,1
2026-06-08,000858,11:11:24,80.0500,26,1
2026-06-08,000858,11:11:27,80.0500,16,1
2026-06-08,000858,11:11:30,80.0500,11,1
2026-06-08,000858,11:11:33,80.0400,7,2
2026-06-08,000858,11:11:36,80.0600,16,1
2026-06-08,000858,11:11:39,80.0500,18,2
2026-06-08,000858,11:11:42,80.0500,12,2
2026-06-08,000858,11:11:45,80.0500,25,1
2026-06-08,000858,11:11:48,80.0500,11,1
2026-06-08,000858,11:11:51,80.0400,6,2
2026-06-08,000858,11:11:54,80.0500,19,1
2026-06-08,000858,11:11:57,80.0400,20,2
2026-06-08,000858,11:12:00,80.0500,5,1
2026-06-08,000858,11:12:03,80.0500,18,1
2026-06-08,000858,11:12:06,80.0500,12,1
2026-06-08,000858,11:12:09,80.0500,23,1
2026-06-08,000858,11:12:12,80.0500,23,1
2026-06-08,000858,11:12:15,80.0500,23,2
2026-06-08,000858,11:12:18,80.0500,14,1
2026-06-08,000858,11:12:21,80.0500,1,2
2026-06-08,000858,11:12:24,80.0600,14,1
2026-06-08,000858,11:12:27,80.0500,23,2
2026-06-08,000858,11:12:30,80.0500,18,2
2026-06-08,000858,11:12:33,80.0500,8,2
2026-06-08,000858,11:12:36,80.0500,17,2
2026-06-08,000858,11:12:39,80.0500,52,2
2026-06-08,000858,11:12:42,80.0400,46,2
2026-06-08,000858,11:12:45,80.0500,36,1
2026-06-08,000858,11:12:48,80.0400,7,2
2026-06-08,000858,11:12:51,80.0400,64,2
2026-06-08,000858,11:12:54,80.0500,26,1
2026-06-08,000858,11:12:57,80.0400,92,2
2026-06-08,000858,11:13:00,80.0300,283,2
2026-06-08,000858,11:13:03,80.0300,373,2
2026-06-08,000858,11:13:06,80.0400,163,1
2026-06-08,000858,11:13:09,80.0400,22,1
2026-06-08,000858,11:13:12,80.0300,73,2
2026-06-08,000858,11:13:15,80.0300,41,2
2026-06-08,000858,11:13:18,80.0300,23,2
2026-06-08,000858,11:13:21,80.0300,7,2
2026-06-08,000858,11:13:24,80.0400,18,1
2026-06-08,000858,11:13:27,80.0400,59,1
2026-06-08,000858,11:13:30,80.0400,22,1
2026-06-08,000858,11:13:33,80.0400,16,1
2026-06-08,000858,11:13:36,80.0400,139,1
2026-06-08,000858,11:13:39,80.0300,43,2
2026-06-08,000858,11:13:42,80.0400,19,1
2026-06-08,000858,11:13:45,80.0300,1,2
2026-06-08,000858,11:13:48,80.0400,2,1
2026-06-08,000858,11:13:51,80.0300,5,2
2026-06-08,000858,11:13:54,80.0300,43,2
2026-06-08,000858,11:13:57,80.0300,36,2
2026-06-08,000858,11:14:00,80.0300,34,2
2026-06-08,000858,11:14:03,80.0400,18,1
2026-06-08,000858,11:14:06,80.0300,43,2
2026-06-08,000858,11:14:09,80.0400,12,1
2026-06-08,000858,11:14:12,80.0300,24,2
2026-06-08,000858,11:14:15,80.0300,10,2
2026-06-08,000858,11:14:18,80.0300,15,2
2026-06-08,000858,11:14:21,80.0300,51,2
2026-06-08,000858,11:14:24,80.0300,22,2
2026-06-08,000858,11:14:27,80.0300,36,1
2026-06-08,000858,11:14:30,80.0300,47,2
2026-06-08,000858,11:14:33,80.0400,16,1
2026-06-08,000858,11:14:36,80.0400,12,1
2026-06-08,000858,11:14:39,80.0300,20,2
2026-06-08,000858,11:14:42,80.0400,10,1
2026-06-08,000858,11:14:45,80.0400,30,4
2026-06-08,000858,11:14:48,80.0300,13,2
2026-06-08,000858,11:14:51,80.0400,39,1
2026-06-08,000858,11:14:54,80.0400,2,1
2026-06-08,000858,11:14:57,80.0400,15,1
2026-06-08,000858,11:15:00,80.0400,12,1
2026-06-08,000858,11:15:03,80.0300,37,2
2026-06-08,000858,11:15:06,80.0400,22,1
2026-06-08,000858,11:15:09,80.0500,73,1
2026-06-08,000858,11:15:12,80.0600,27,1
2026-06-08,000858,11:15:15,80.0700,45,1
2026-06-08,000858,11:15:18,80.0700,20,1
2026-06-08,000858,11:15:21,80.0800,23,1
2026-06-08,000858,11:15:24,80.0600,28,2
2026-06-08,000858,11:15:27,80.0600,8,1
2026-06-08,000858,11:15:30,80.0600,28,1
2026-06-08,000858,11:15:33,80.0400,71,2
2026-06-08,000858,11:15:36,80.0600,33,1
2026-06-08,000858,11:15:39,80.0400,28,2
2026-06-08,000858,11:15:42,80.0400,27,2
2026-06-08,000858,11:15:45,80.0400,11,1
2026-06-08,000858,11:15:48,80.0400,4,1
2026-06-08,000858,11:15:51,80.0400,39,1
2026-06-08,000858,11:15:54,80.0500,21,1
2026-06-08,000858,11:15:57,80.0500,1,1
2026-06-08,000858,11:16:00,80.0500,5,1
2026-06-08,000858,11:16:03,80.0400,10,2
2026-06-08,000858,11:16:06,80.0500,15,1
2026-06-08,000858,11:16:09,80.0400,7,2
2026-06-08,000858,11:16:12,80.0500,4,1
2026-06-08,000858,11:16:15,80.0400,11,2
2026-06-08,000858,11:16:18,80.0400,5,2
2026-06-08,000858,11:16:21,80.0500,34,1
2026-06-08,000858,11:16:24,80.0500,8,1
2026-06-08,000858,11:16:27,80.0500,9,1
2026-06-08,000858,11:16:30,80.0400,46,2
2026-06-08,000858,11:16:33,80.0500,7,4
2026-06-08,000858,11:16:36,80.0500,20,4
2026-06-08,000858,11:16:39,80.0500,5,2
2026-06-08,000858,11:16:42,80.0500,11,2
2026-06-08,000858,11:16:45,80.0600,2,1
2026-06-08,000858,11:16:48,80.0500,20,2
2026-06-08,000858,11:16:54,80.0600,22,2
2026-06-08,000858,11:16:57,80.0500,108,2
2026-06-08,000858,11:17:00,80.0600,29,1
2026-06-08,000858,11:17:03,80.0600,39,1
2026-06-08,000858,11:17:06,80.0500,195,2
2026-06-08,000858,11:17:09,80.0400,49,2
2026-06-08,000858,11:17:12,80.0400,17,2
2026-06-08,000858,11:17:15,80.0400,9,2
2026-06-08,000858,11:17:18,80.0300,32,2
2026-06-08,000858,11:17:21,80.0400,5,1
2026-06-08,000858,11:17:24,80.0400,8,1
2026-06-08,000858,11:17:27,80.0400,7,1
2026-06-08,000858,11:17:30,80.0500,109,1
2026-06-08,000858,11:17:33,80.0400,3,2
2026-06-08,000858,11:17:36,80.0400,1,2
2026-06-08,000858,11:17:39,80.0400,4,2
2026-06-08,000858,11:17:42,80.0400,9,2
2026-06-08,000858,11:17:45,80.0500,3,1
2026-06-08,000858,11:17:48,80.0400,7,2
2026-06-08,000858,11:17:51,80.0300,47,2
2026-06-08,000858,11:17:54,80.0400,28,1
2026-06-08,000858,11:17:57,80.0500,19,1
2026-06-08,000858,11:18:00,80.0400,17,2
2026-06-08,000858,11:18:03,80.0400,19,2
2026-06-08,000858,11:18:06,80.0500,4,1
2026-06-08,000858,11:18:09,80.0500,9,1
2026-06-08,000858,11:18:12,80.0400,5,2
2026-06-08,000858,11:18:15,80.0500,19,1
2026-06-08,000858,11:18:18,80.0500,18,2
2026-06-08,000858,11:18:21,80.0500,43,2
2026-06-08,000858,11:18:24,80.0500,2,1
2026-06-08,000858,11:18:27,80.0500,9,1
2026-06-08,000858,11:18:30,80.0500,11,1
2026-06-08,000858,11:18:33,80.0400,16,2
2026-06-08,000858,11:18:36,80.0500,15,1
2026-06-08,000858,11:18:39,80.0500,8,2
2026-06-08,000858,11:18:42,80.0500,33,1
2026-06-08,000858,11:18:45,80.0600,24,1
2026-06-08,000858,11:18:48,80.0400,14,2
2026-06-08,000858,11:18:51,80.0500,21,1
2026-06-08,000858,11:18:54,80.0400,30,2
2026-06-08,000858,11:18:57,80.0400,29,2
2026-06-08,000858,11:19:00,80.0400,9,1
2026-06-08,000858,11:19:03,80.0400,32,1
2026-06-08,000858,11:19:06,80.0400,77,1
2026-06-08,000858,11:19:09,80.0400,19,1
2026-06-08,000858,11:19:12,80.0300,18,2
2026-06-08,000858,11:19:15,80.0300,25,2
2026-06-08,000858,11:19:18,80.0300,26,2
2026-06-08,000858,11:19:21,80.0300,47,2
2026-06-08,000858,11:19:24,80.0400,10,1
2026-06-08,000858,11:19:27,80.0400,1,1
2026-06-08,000858,11:19:30,80.0400,12,1
2026-06-08,000858,11:19:33,80.0400,13,1
2026-06-08,000858,11:19:36,80.0400,3,2
2026-06-08,000858,11:19:39,80.0500,9,1
2026-06-08,000858,11:19:42,80.0500,3,1
2026-06-08,000858,11:19:45,80.0500,22,2
2026-06-08,000858,11:19:48,80.0500,8,1
2026-06-08,000858,11:19:51,80.0400,31,2
2026-06-08,000858,11:19:54,80.0400,10,2
2026-06-08,000858,11:19:57,80.0400,18,1
2026-06-08,000858,11:20:00,80.0400,12,2
2026-06-08,000858,11:20:03,80.0400,109,1
2026-06-08,000858,11:20:06,80.0300,7,2
2026-06-08,000858,11:20:09,80.0400,24,1
2026-06-08,000858,11:20:12,80.0400,14,1
2026-06-08,000858,11:20:15,80.0300,7,2
2026-06-08,000858,11:20:18,80.0300,3,2
2026-06-08,000858,11:20:21,80.0300,130,2
2026-06-08,000858,11:20:24,80.0400,24,1
2026-06-08,000858,11:20:27,80.0300,369,2
2026-06-08,000858,11:20:30,80.0300,15,1
2026-06-08,000858,11:20:33,80.0200,23,2
2026-06-08,000858,11:20:36,80.0100,1859,2
2026-06-08,000858,11:20:39,80.0200,189,1
2026-06-08,000858,11:20:42,80.0200,5,1
2026-06-08,000858,11:20:45,80.0200,18,1
2026-06-08,000858,11:20:48,80.0200,32,1
2026-06-08,000858,11:20:51,80.0200,66,1
2026-06-08,000858,11:20:54,80.0200,56,1
2026-06-08,000858,11:20:57,80.0200,97,1
2026-06-08,000858,11:21:00,80.0200,5,1
2026-06-08,000858,11:21:03,80.0100,166,2
2026-06-08,000858,11:21:06,80.0200,722,1
2026-06-08,000858,11:21:09,80.0100,213,2
2026-06-08,000858,11:21:12,80.0100,79,2
2026-06-08,000858,11:21:15,80.0100,195,2
2026-06-08,000858,11:21:18,80.0100,1419,2
2026-06-08,000858,11:21:21,80.0100,1754,2
2026-06-08,000858,11:21:24,80.0100,222,1
2026-06-08,000858,11:21:27,80.0000,194,2
2026-06-08,000858,11:21:30,80.0100,826,1
2026-06-08,000858,11:21:33,80.0100,36,2
2026-06-08,000858,11:21:36,80.0200,3,1
2026-06-08,000858,11:21:39,80.0100,133,2
2026-06-08,000858,11:21:42,80.0100,37,1
2026-06-08,000858,11:21:45,80.0100,8,1
