date,code,time,price,volume,bs
2026-02-09,000333,14:06:42,78.7000,81,1
2026-02-09,000333,14:06:45,78.7100,10,1
2026-02-09,000333,14:06:48,78.7000,17,2
2026-02-09,000333,14:06:51,78.7300,33,1
2026-02-09,000333,14:06:54,78.7200,24,4
2026-02-09,000333,14:06:57,78.7200,10,4
2026-02-09,000333,14:07:00,78.7000,54,2
2026-02-09,000333,14:07:03,78.7100,28,1
2026-02-09,000333,14:07:06,78.7100,18,1
2026-02-09,000333,14:07:09,78.7200,84,1
2026-02-09,000333,14:07:12,78.7300,14,1
2026-02-09,000333,14:07:15,78.7200,10,1
2026-02-09,000333,14:07:18,78.7100,11,2
2026-02-09,000333,14:07:21,78.7100,1,2
2026-02-09,000333,14:07:24,78.7200,31,1
2026-02-09,000333,14:07:27,78.7200,14,1
2026-02-09,000333,14:07:30,78.7100,33,2
2026-02-09,000333,14:07:33,78.7200,4,1
2026-02-09,000333,14:07:36,78.7200,17,1
2026-02-09,000333,14:07:39,78.7200,32,1
2026-02-09,000333,14:07:42,78.7200,23,1
2026-02-09,000333,14:07:45,78.7100,99,2
2026-02-09,000333,14:07:48,78.7100,125,1
2026-02-09,000333,14:07:51,78.7200,40,1
2026-02-09,000333,14:07:54,78.7100,8,2
2026-02-09,000333,14:07:57,78.7200,76,1
2026-02-09,000333,14:08:00,78.7100,6,2
2026-02-09,000333,14:08:03,78.7200,1,1
2026-02-09,000333,14:08:06,78.7100,75,2
2026-02-09,000333,14:08:09,78.7100,16,2
2026-02-09,000333,14:08:12,78.7100,9,1
2026-02-09,000333,14:08:15,78.7100,12,1
2026-02-09,000333,14:08:18,78.7000,12,2
2026-02-09,000333,14:08:21,78.7200,9,1
2026-02-09,000333,14:08:24,78.7200,45,1
2026-02-09,000333,14:08:27,78.7100,2,2
2026-02-09,000333,14:08:30,78.7000,182,2
2026-02-09,000333,14:08:33,78.7000,108,2
2026-02-09,000333,14:08:36,78.7100,24,1
2026-02-09,000333,14:08:39,78.7100,5,1
2026-02-09,000333,14:08:42,78.7100,2,2
2026-02-09,000333,14:08:45,78.7000,73,2
2026-02-09,000333,14:08:48,78.7100,19,2
2026-02-09,000333,14:08:51,78.7200,19,1
2026-02-09,000333,14:08:54,78.7100,46,2
2026-02-09,000333,14:08:57,78.7200,38,1
2026-02-09,000333,14:09:00,78.7000,27,2
2026-02-09,000333,14:09:03,78.7100,8,1
2026-02-09,000333,14:09:06,78.7200,57,1
2026-02-09,000333,14:09:09,78.7200,4,1
2026-02-09,000333,14:09:12,78.7200,47,1
2026-02-09,000333,14:09:15,78.7100,33,2
2026-02-09,000333,14:09:18,78.7100,9,2
2026-02-09,000333,14:09:21,78.7100,57,2
2026-02-09,000333,14:09:24,78.7100,9,2
2026-02-09,000333,14:09:27,78.7200,33,1
2026-02-09,000333,14:09:30,78.7200,48,1
2026-02-09,000333,14:09:33,78.7100,54,2
2026-02-09,000333,14:09:36,78.7200,117,1
2026-02-09,000333,14:09:39,78.7200,18,1
2026-02-09,000333,14:09:42,78.7200,95,1
2026-02-09,000333,14:09:45,78.7200,27,1
2026-02-09,000333,14:09:48,78.7200,11,1
2026-02-09,000333,14:09:51,78.7200,33,1
2026-02-09,000333,14:09:54,78.7200,72,1
2026-02-09,000333,14:09:57,78.7300,49,1
2026-02-09,000333,14:10:00,78.7200,12,2
2026-02-09,000333,14:10:03,78.7300,66,1
2026-02-09,000333,14:10:06,78.7200,11,2
2026-02-09,000333,14:10:09,78.7300,24,1
2026-02-09,000333,14:10:12,78.7200,19,2
2026-02-09,000333,14:10:15,78.7200,15,2
2026-02-09,000333,14:10:18,78.7200,93,2
2026-02-09,000333,14:10:21,78.7100,95,2
2026-02-09,000333,14:10:24,78.6900,120,2
2026-02-09,000333,14:10:27,78.7000,59,1
2026-02-09,000333,14:10:30,78.6800,27,2
2026-02-09,000333,14:10:33,78.6700,78,2
2026-02-09,000333,14:10:36,78.6700,15,2
2026-02-09,000333,14:10:39,78.6700,13,1
2026-02-09,000333,14:10:42,78.6600,97,2
2026-02-09,000333,14:10:45,78.6700,7,1
2026-02-09,000333,14:10:48,78.6700,7,1
2026-02-09,000333,14:10:51,78.6800,9,1
2026-02-09,000333,14:10:54,78.6800,4,1
2026-02-09,000333,14:10:57,78.6700,19,2
2026-02-09,000333,14:11:00,78.6800,48,1
2026-02-09,000333,14:11:03,78.6700,25,2
2026-02-09,000333,14:11:06,78.6700,54,1
2026-02-09,000333,14:11:12,78.6800,10,1
2026-02-09,000333,14:11:15,78.6800,7,1
2026-02-09,000333,14:11:18,78.6700,2,2
2026-02-09,000333,14:11:21,78.6700,5,1
2026-02-09,000333,14:11:24,78.6600,6,2
2026-02-09,000333,14:11:27,78.6700,4,1
2026-02-09,000333,14:11:30,78.6600,15,2
2026-02-09,000333,14:11:33,78.6600,27,2
2026-02-09,000333,14:11:36,78.6600,53,2
2026-02-09,000333,14:11:39,78.6600,52,2
2026-02-09,000333,14:11:42,78.6600,18,1
2026-02-09,000333,14:11:45,78.6700,8,1
2026-02-09,000333,14:11:48,78.6600,13,2
2026-02-09,000333,14:11:51,78.6700,209,1
2026-02-09,000333,14:11:54,78.6800,182,1
2026-02-09,000333,14:11:57,78.6700,67,2
2026-02-09,000333,14:12:00,78.6600,30,2
2026-02-09,000333,14:12:03,78.6700,26,1
2026-02-09,000333,14:12:06,78.6700,11,2
2026-02-09,000333,14:12:09,78.6800,3,1
2026-02-09,000333,14:12:12,78.6800,12,1
2026-02-09,000333,14:12:15,78.6700,14,2
2026-02-09,000333,14:12:18,78.6800,5,1
2026-02-09,000333,14:12:21,78.6800,6,1
2026-02-09,000333,14:12:24,78.6800,16,1
2026-02-09,000333,14:12:27,78.6700,92,2
2026-02-09,000333,14:12:30,78.6700,182,2
2026-02-09,000333,14:12:33,78.6900,30,1
2026-02-09,000333,14:12:36,78.6900,1,1
2026-02-09,000333,14:12:39,78.7000,61,1
2026-02-09,000333,14:12:42,78.7100,16,1
2026-02-09,000333,14:12:45,78.7100,55,1
2026-02-09,000333,14:12:48,78.7200,20,1
2026-02-09,000333,14:12:51,78.7200,19,1
2026-02-09,000333,14:12:54,78.7100,10,2
2026-02-09,000333,14:12:57,78.7100,34,2
2026-02-09,000333,14:13:00,78.7100,223,2
2026-02-09,000333,14:13:03,78.7200,3,2
2026-02-09,000333,14:13:06,78.7300,113,1
2026-02-09,000333,14:13:09,78.7600,13,1
2026-02-09,000333,14:13:12,78.7300,107,2
2026-02-09,000333,14:13:15,78.7300,62,1
2026-02-09,000333,14:13:18,78.7300,17,1
2026-02-09,000333,14:13:21,78.7400,52,1
2026-02-09,000333,14:13:24,78.7500,1,1
2026-02-09,000333,14:13:27,78.7400,116,1
2026-02-09,000333,14:13:30,78.7500,27,1
2026-02-09,000333,14:13:33,78.7700,102,1
2026-02-09,000333,14:13:36,78.7600,2,1
2026-02-09,000333,14:13:39,78.7900,114,1
2026-02-09,000333,14:13:42,78.7900,28,1
2026-02-09,000333,14:13:45,78.7700,55,2
2026-02-09,000333,14:13:48,78.7800,19,1
2026-02-09,000333,14:13:51,78.7700,9,1
2026-02-09,000333,14:13:54,78.7600,50,2
2026-02-09,000333,14:13:57,78.7700,64,4
2026-02-09,000333,14:14:00,78.7500,118,2
2026-02-09,000333,14:14:03,78.7700,12,1
2026-02-09,000333,14:14:09,78.7800,221,1
2026-02-09,000333,14:14:12,78.7800,5,1
2026-02-09,000333,14:14:15,78.7800,31,1
2026-02-09,000333,14:14:18,78.7700,46,4
2026-02-09,000333,14:14:21,78.7800,68,1
2026-02-09,000333,14:14:24,78.7600,38,2
2026-02-09,000333,14:14:27,78.7600,8,1
2026-02-09,000333,14:14:30,78.7500,39,2
2026-02-09,000333,14:14:33,78.7600,17,1
2026-02-09,000333,14:14:36,78.7600,58,1
2026-02-09,000333,14:14:39,78.7700,256,1
2026-02-09,000333,14:14:42,78.7700,15,4
2026-02-09,000333,14:14:45,78.7800,3,4
2026-02-09,000333,14:14:48,78.7900,44,1
2026-02-09,000333,14:14:51,78.7700,25,2
2026-02-09,000333,14:14:54,78.7900,26,1
2026-02-09,000333,14:14:57,78.8100,317,1
2026-02-09,000333,14:15:00,78.7900,74,2
2026-02-09,000333,14:15:03,78.8100,271,1
2026-02-09,000333,14:15:06,78.8500,32,1
2026-02-09,000333,14:15:09,78.8500,40,1
2026-02-09,000333,14:15:12,78.8200,96,2
2026-02-09,000333,14:15:15,78.8200,40,1
2026-02-09,000333,14:15:18,78.7800,290,2
2026-02-09,000333,14:15:21,78.7800,11,2
2026-02-09,000333,14:15:24,78.7800,60,2
2026-02-09,000333,14:15:27,78.7800,39,1
2026-02-09,000333,14:15:30,78.7500,33,2
2026-02-09,000333,14:15:33,78.7700,16,1
2026-02-09,000333,14:15:36,78.7700,29,1
2026-02-09,000333,14:15:39,78.7900,6,1
2026-02-09,000333,14:15:42,78.7800,40,4
2026-02-09,000333,14:15:45,78.7800,371,1
2026-02-09,000333,14:15:48,78.7800,49,2
2026-02-09,000333,14:15:51,78.7800,5,1
2026-02-09,000333,14:15:54,78.7700,210,4
2026-02-09,000333,14:15:57,78.7700,20,1
2026-02-09,000333,14:16:00,78.7600,14,2
2026-02-09,000333,14:16:03,78.7600,103,2
2026-02-09,000333,14:16:06,78.7900,9,1
2026-02-09,000333,14:16:09,78.7700,7,2
2026-02-09,000333,14:16:12,78.7700,131,2
2026-02-09,000333,14:16:18,78.7900,218,1
2026-02-09,000333,14:16:21,78.7900,35,2
2026-02-09,000333,14:16:24,78.8200,150,2
2026-02-09,000333,14:16:27,78.8200,14,1
2026-02-09,000333,14:16:30,78.7800,110,2
2026-02-09,000333,14:16:33,78.8200,17,1
2026-02-09,000333,14:16:36,78.8100,125,4
2026-02-09,000333,14:16:39,78.8500,14,1
2026-02-09,000333,14:16:42,78.8300,23,2
2026-02-09,000333,14:16:45,78.8200,30,2
2026-02-09,000333,14:16:48,78.8300,18,4
2026-02-09,000333,14:16:51,78.8300,20,1
2026-02-09,000333,14:16:54,78.8300,18,2
2026-02-09,000333,14:16:57,78.8300,32,1
2026-02-09,000333,14:17:00,78.8300,23,2
2026-02-09,000333,14:17:03,78.8500,21,1
2026-02-09,000333,14:17:06,78.8100,217,2
2026-02-09,000333,14:17:09,78.8100,22,1
2026-02-09,000333,14:17:12,78.7900,23,2
2026-02-09,000333,14:17:15,78.8000,21,2
2026-02-09,000333,14:17:18,78.7900,125,2
2026-02-09,000333,14:17:21,78.7900,16,1
2026-02-09,000333,14:17:24,78.7900,1,1
2026-02-09,000333,14:17:27,78.7900,13,1
2026-02-09,000333,14:17:30,78.7900,12,2
2026-02-09,000333,14:17:33,78.7900,4,2
2026-02-09,000333,14:17:36,78.8000,15,1
2026-02-09,000333,14:17:39,78.8000,2,1
2026-02-09,000333,14:17:42,78.8000,173,1
2026-02-09,000333,14:17:45,78.8000,72,1
2026-02-09,000333,14:17:48,78.8000,11,1
2026-02-09,000333,14:17:51,78.8100,20,1
2026-02-09,000333,14:17:54,78.8000,11,2
2026-02-09,000333,14:17:57,78.8200,13,1
2026-02-09,000333,14:18:00,78.8100,24,2
2026-02-09,000333,14:18:03,78.8200,10,1
2026-02-09,000333,14:18:06,78.8200,8,1
2026-02-09,000333,14:18:09,78.8200,4,1
2026-02-09,000333,14:18:12,78.8200,18,1
2026-02-09,000333,14:18:15,78.8200,66,1
2026-02-09,000333,14:18:18,78.8200,35,1
2026-02-09,000333,14:18:21,78.8100,122,2
2026-02-09,000333,14:18:24,78.8000,179,2
2026-02-09,000333,14:18:27,78.7900,34,4
2026-02-09,000333,14:18:30,78.7800,18,2
2026-02-09,000333,14:18:33,78.7900,9,1
2026-02-09,000333,14:18:36,78.8000,53,1
2026-02-09,000333,14:18:39,78.7900,5,2
2026-02-09,000333,14:18:42,78.8000,5,1
2026-02-09,000333,14:18:48,78.7900,66,2
2026-02-09,000333,14:18:51,78.7900,4,2
2026-02-09,000333,14:18:54,78.7900,6,2
2026-02-09,000333,14:18:57,78.8000,43,1
2026-02-09,000333,14:19:00,78.7900,47,2
2026-02-09,000333,14:19:03,78.8000,26,1
2026-02-09,000333,14:19:06,78.8000,130,1
2026-02-09,000333,14:19:09,78.8000,10,1
2026-02-09,000333,14:19:12,78.8300,245,1
2026-02-09,000333,14:19:15,78.8100,65,2
2026-02-09,000333,14:19:18,78.8000,7,2
2026-02-09,000333,14:19:21,78.8100,3,2
2026-02-09,000333,14:19:24,78.8300,422,1
2026-02-09,000333,14:19:27,78.8700,23,1
2026-02-09,000333,14:19:30,78.8600,26,4
2026-02-09,000333,14:19:33,78.8800,32,1
2026-02-09,000333,14:19:36,78.8700,26,2
2026-02-09,000333,14:19:39,78.8800,3,4
2026-02-09,000333,14:19:42,78.8700,43,2
2026-02-09,000333,14:19:45,78.8700,39,1
2026-02-09,000333,14:19:48,78.8700,31,1
2026-02-09,000333,14:19:51,78.8700,46,2
2026-02-09,000333,14:19:54,78.8700,37,1
2026-02-09,000333,14:19:57,78.8900,34,1
2026-02-09,000333,14:20:00,78.8900,26,1
2026-02-09,000333,14:20:03,78.8900,18,1
2026-02-09,000333,14:20:06,78.8800,114,2
2026-02-09,000333,14:20:09,78.8900,23,1
2026-02-09,000333,14:20:15,78.8800,5,1
2026-02-09,000333,14:20:18,78.8500,181,2
2026-02-09,000333,14:20:21,78.8200,562,2
2026-02-09,000333,14:20:24,78.8300,40,1
2026-02-09,000333,14:20:27,78.8300,32,2
2026-02-09,000333,14:20:30,78.8300,27,1
2026-02-09,000333,14:20:33,78.8300,1,2
2026-02-09,000333,14:20:36,78.8400,3,1
2026-02-09,000333,14:20:39,78.8200,35,2
2026-02-09,000333,14:20:42,78.8300,14,1
2026-02-09,000333,14:20:45,78.8300,2,4
2026-02-09,000333,14:20:48,78.8300,10,4
2026-02-09,000333,14:20:51,78.8400,6,1
2026-02-09,000333,14:20:54,78.8400,5,1
2026-02-09,000333,14:20:57,78.8400,9,1
2026-02-09,000333,14:21:00,78.8400,10,1
2026-02-09,000333,14:21:03,78.8300,18,2
2026-02-09,000333,14:21:06,78.8300,32,2
2026-02-09,000333,14:21:09,78.8400,12,1
2026-02-09,000333,14:21:12,78.8300,8,2
2026-02-09,000333,14:21:15,78.8300,81,2
2026-02-09,000333,14:21:18,78.8400,26,1
2026-02-09,000333,14:21:21,78.8300,19,2
2026-02-09,000333,14:21:24,78.8200,15,2
2026-02-09,000333,14:21:27,78.8200,74,2
2026-02-09,000333,14:21:30,78.8100,50,2
2026-02-09,000333,14:21:33,78.8200,36,1
2026-02-09,000333,14:21:36,78.8100,100,2
2026-02-09,000333,14:21:39,78.7700,39,2
2026-02-09,000333,14:21:42,78.7900,52,2
2026-02-09,000333,14:21:45,78.7800,303,2
2026-02-09,000333,14:21:48,78.7800,62,2
2026-02-09,000333,14:21:51,78.8100,7,1
2026-02-09,000333,14:21:54,78.7700,1,2
2026-02-09,000333,14:21:57,78.8100,16,1
2026-02-09,000333,14:22:00,78.7800,18,2
2026-02-09,000333,14:22:03,78.7900,16,2
2026-02-09,000333,14:22:06,78.7800,32,2
2026-02-09,000333,14:22:09,78.7800,4,1
2026-02-09,000333,14:22:12,78.7900,3,1
2026-02-09,000333,14:22:15,78.7700,80,2
2026-02-09,000333,14:22:18,78.7600,27,2
2026-02-09,000333,14:22:21,78.7600,9,2
2026-02-09,000333,14:22:24,78.7600,17,2
2026-02-09,000333,14:22:27,78.7700,23,1
2026-02-09,000333,14:22:30,78.7500,140,2
2026-02-09,000333,14:22:33,78.7500,3,2
2026-02-09,000333,14:22:36,78.7500,17,2
2026-02-09,000333,14:22:39,78.7600,11,1
2026-02-09,000333,14:22:42,78.7600,30,1
2026-02-09,000333,14:22:45,78.7500,44,2
2026-02-09,000333,14:22:48,78.7500,5,2
2026-02-09,000333,14:22:51,78.7500,4,2
2026-02-09,000333,14:22:54,78.7600,5,1
2026-02-09,000333,14:22:57,78.7500,67,2
2026-02-09,000333,14:23:00,78.7400,7,2
2026-02-09,000333,14:23:03,78.7400,28,2
2026-02-09,000333,14:23:06,78.7500,6,1
2026-02-09,000333,14:23:09,78.7300,71,2
2026-02-09,000333,14:23:12,78.7300,9,2
2026-02-09,000333,14:23:15,78.7300,18,2
2026-02-09,000333,14:23:18,78.7500,398,1
2026-02-09,000333,14:23:21,78.7700,268,1
2026-02-09,000333,14:23:24,78.8000,29,1
2026-02-09,000333,14:23:27,78.8100,20,1
2026-02-09,000333,14:23:30,78.8200,27,1
2026-02-09,000333,14:23:33,78.8300,12,1
2026-02-09,000333,14:23:36,78.8200,38,2
2026-02-09,000333,14:23:39,78.8300,2,1
2026-02-09,000333,14:23:42,78.8300,77,1
2026-02-09,000333,14:23:45,78.8300,5,1
2026-02-09,000333,14:23:48,78.8300,33,1
2026-02-09,000333,14:23:51,78.8200,70,2
2026-02-09,000333,14:23:54,78.8300,5,1
2026-02-09,000333,14:23:57,78.8300,13,1
2026-02-09,000333,14:24:00,78.8200,15,2
2026-02-09,000333,14:24:03,78.8300,58,1
2026-02-09,000333,14:24:06,78.8300,6,2
2026-02-09,000333,14:24:09,78.8400,135,1
2026-02-09,000333,14:24:12,78.8200,284,2
2026-02-09,000333,14:24:15,78.8500,15,1
2026-02-09,000333,14:24:18,78.8200,133,2
2026-02-09,000333,14:24:21,78.8400,13,4
2026-02-09,000333,14:24:27,78.8800,228,1
2026-02-09,000333,14:24:30,78.8600,10,1
2026-02-09,000333,14:24:33,78.8600,38,2
2026-02-09,000333,14:24:36,78.8700,46,1
2026-02-09,000333,14:24:39,78.8400,84,2
2026-02-09,000333,14:24:42,78.8400,34,2
2026-02-09,000333,14:24:45,78.8600,8,1
2026-02-09,000333,14:24:48,78.8600,37,1
2026-02-09,000333,14:24:51,78.8300,40,2
2026-02-09,000333,14:24:54,78.8400,17,4
2026-02-09,000333,14:24:57,78.8300,43,2
2026-02-09,000333,14:25:00,78.8100,24,2
2026-02-09,000333,14:25:03,78.8200,18,1
2026-02-09,000333,14:25:06,78.8000,33,2
2026-02-09,000333,14:25:09,78.8000,2,2
2026-02-09,000333,14:25:12,78.8100,4,1
2026-02-09,000333,14:25:15,78.8100,23,1
2026-02-09,000333,14:25:18,78.8000,15,2
2026-02-09,000333,14:25:21,78.8000,67,2
2026-02-09,000333,14:25:24,78.8100,3,1
2026-02-09,000333,14:25:27,78.8000,4,2
2026-02-09,000333,14:25:30,78.7900,29,2
2026-02-09,000333,14:25:33,78.8100,23,1
2026-02-09,000333,14:25:36,78.7900,4,2
2026-02-09,000333,14:25:39,78.7900,11,2
2026-02-09,000333,14:25:42,78.8000,27,1
2026-02-09,000333,14:25:45,78.7900,3,2
2026-02-09,000333,14:25:48,78.8000,27,1
2026-02-09,000333,14:25:51,78.7900,22,2
2026-02-09,000333,14:25:54,78.8000,37,1
2026-02-09,000333,14:25:57,78.8000,20,1
2026-02-09,000333,14:26:00,78.7900,49,2
2026-02-09,000333,14:26:03,78.7900,72,2
2026-02-09,000333,14:26:06,78.8000,41,1
2026-02-09,000333,14:26:09,78.8000,176,1
2026-02-09,000333,14:26:12,78.7900,3,2
2026-02-09,000333,14:26:15,78.7900,26,2
2026-02-09,000333,14:26:18,78.8000,32,1
2026-02-09,000333,14:26:21,78.7900,10,2
2026-02-09,000333,14:26:24,78.7800,80,2
2026-02-09,000333,14:26:27,78.7900,64,1
2026-02-09,000333,14:26:30,78.7700,220,2
2026-02-09,000333,14:26:33,78.7900,23,1
2026-02-09,000333,14:26:36,78.7900,55,1
2026-02-09,000333,14:26:39,78.7900,169,1
2026-02-09,000333,14:26:42,78.7900,36,2
2026-02-09,000333,14:26:45,78.7900,36,2
2026-02-09,000333,14:26:48,78.7900,23,2
2026-02-09,000333,14:26:51,78.7900,79,2
2026-02-09,000333,14:26:54,78.7600,32,2
2026-02-09,000333,14:26:57,78.7600,2,2
2026-02-09,000333,14:27:00,78.7600,87,2
2026-02-09,000333,14:27:03,78.7600,24,2
2026-02-09,000333,14:27:06,78.7600,10,2
2026-02-09,000333,14:27:09,78.7700,56,2
2026-02-09,000333,14:27:12,78.7600,21,1
2026-02-09,000333,14:27:15,78.7700,43,1
2026-02-09,000333,14:27:18,78.7800,3,1
2026-02-09,000333,14:27:21,78.7700,47,2
2026-02-09,000333,14:27:24,78.7700,2,2
2026-02-09,000333,14:27:27,78.7800,31,1
2026-02-09,000333,14:27:30,78.7600,32,2
2026-02-09,000333,14:27:33,78.7600,49,2
2026-02-09,000333,14:27:36,78.7600,25,1
2026-02-09,000333,14:27:39,78.7600,22,1
2026-02-09,000333,14:27:42,78.7600,70,1
2026-02-09,000333,14:27:45,78.7500,73,2
2026-02-09,000333,14:27:48,78.7600,22,1
2026-02-09,000333,14:27:51,78.7600,38,1
2026-02-09,000333,14:27:54,78.7600,26,1
2026-02-09,000333,14:27:57,78.7600,91,1
2026-02-09,000333,14:28:00,78.7500,149,2
2026-02-09,000333,14:28:03,78.7700,58,1
2026-02-09,000333,14:28:06,78.7600,201,2
2026-02-09,000333,14:28:09,78.7600,24,2
2026-02-09,000333,14:28:12,78.7600,9,2
2026-02-09,000333,14:28:15,78.7500,37,2
2026-02-09,000333,14:28:18,78.7500,13,2
2026-02-09,000333,14:28:21,78.7500,22,2
2026-02-09,000333,14:28:24,78.7500,80,2
2026-02-09,000333,14:28:27,78.7600,64,1
2026-02-09,000333,14:28:30,78.7500,76,2
2026-02-09,000333,14:28:33,78.7500,73,2
2026-02-09,000333,14:28:36,78.7400,78,2
2026-02-09,000333,14:28:39,78.7500,10,1
2026-02-09,000333,14:28:42,78.7400,15,2
2026-02-09,000333,14:28:45,78.7500,4,1
2026-02-09,000333,14:28:48,78.7400,6,2
2026-02-09,000333,14:28:51,78.7400,5,2
2026-02-09,000333,14:28:54,78.7400,22,2
2026-02-09,000333,14:28:57,78.7500,74,1
2026-02-09,000333,14:29:00,78.7400,37,2
2026-02-09,000333,14:29:03,78.7500,25,1
2026-02-09,000333,14:29:06,78.7500,15,1
2026-02-09,000333,14:29:09,78.7500,1,2
2026-02-09,000333,14:29:12,78.7500,9,2
2026-02-09,000333,14:29:15,78.7600,20,1
2026-02-09,000333,14:29:18,78.7500,17,2
2026-02-09,000333,14:29:21,78.7500,6,2
2026-02-09,000333,14:29:24,78.7600,8,1
2026-02-09,000333,14:29:27,78.7500,48,2
2026-02-09,000333,14:29:30,78.7600,100,1
2026-02-09,000333,14:29:33,78.7500,81,2
2026-02-09,000333,14:29:36,78.7700,21,1
2026-02-09,000333,14:29:39,78.7700,14,1
2026-02-09,000333,14:29:42,78.7600,1,2
2026-02-09,000333,14:29:45,78.7700,18,1
2026-02-09,000333,14:29:48,78.7700,29,1
2026-02-09,000333,14:29:51,78.7700,17,1
2026-02-09,000333,14:29:54,78.7700,12,1
2026-02-09,000333,14:29:57,78.7800,39,1
2026-02-09,000333,14:30:00,78.7700,9,2
2026-02-09,000333,14:30:03,78.7800,183,1
2026-02-09,000333,14:30:06,78.7900,12,1
2026-02-09,000333,14:30:09,78.7900,197,1
2026-02-09,000333,14:30:12,78.7900,23,1
2026-02-09,000333,14:30:15,78.7900,30,1
2026-02-09,000333,14:30:18,78.7800,57,2
2026-02-09,000333,14:30:21,78.7900,6,1
2026-02-09,000333,14:30:24,78.7900,13,1
2026-02-09,000333,14:30:27,78.8000,17,1
2026-02-09,000333,14:30:30,78.8000,100,1
2026-02-09,000333,14:30:33,78.8000,7,4
2026-02-09,000333,14:30:36,78.8200,142,1
2026-02-09,000333,14:30:39,78.8200,111,1
2026-02-09,000333,14:30:42,78.8500,20,1
2026-02-09,000333,14:30:45,78.8600,140,1
2026-02-09,000333,14:30:48,78.8400,44,2
2026-02-09,000333,14:30:51,78.8500,141,1
2026-02-09,000333,14:30:54,78.8800,28,1
2026-02-09,000333,14:30:57,78.8800,93,2
2026-02-09,000333,14:31:00,78.8700,118,2
2026-02-09,000333,14:31:03,78.8700,54,2
2026-02-09,000333,14:31:06,78.8800,18,1
2026-02-09,000333,14:31:09,78.8900,13,1
2026-02-09,000333,14:31:12,78.8800,61,2
2026-02-09,000333,14:31:15,78.8900,25,1
2026-02-09,000333,14:31:18,78.9100,204,1
2026-02-09,000333,14:31:21,78.9100,20,1
2026-02-09,000333,14:31:24,78.9000,47,2
2026-02-09,000333,14:31:27,78.9200,44,4
2026-02-09,000333,14:31:30,78.9200,122,4
2026-02-09,000333,14:31:33,78.9200,51,2
2026-02-09,000333,14:31:36,78.9500,121,1
2026-02-09,000333,14:31:39,78.9300,19,2
2026-02-09,000333,14:31:42,78.9400,41,1
2026-02-09,000333,14:31:45,78.9500,87,1
2026-02-09,000333,14:31:48,78.9500,87,1
2026-02-09,000333,14:31:51,78.9400,64,4
2026-02-09,000333,14:31:54,78.9400,21,1
2026-02-09,000333,14:31:57,78.9300,16,4
2026-02-09,000333,14:32:00,78.9100,73,2
2026-02-09,000333,14:32:03,78.9200,89,1
2026-02-09,000333,14:32:06,78.8900,14,2
2026-02-09,000333,14:32:09,78.9000,17,1
2026-02-09,000333,14:32:12,78.8800,47,2
2026-02-09,000333,14:32:15,78.9000,6,4
2026-02-09,000333,14:32:18,78.9000,5,2
2026-02-09,000333,14:32:21,78.9000,4,2
2026-02-09,000333,14:32:24,78.9100,30,1
2026-02-09,000333,14:32:27,78.9100,19,1
2026-02-09,000333,14:32:30,78.8900,43,2
2026-02-09,000333,14:32:33,78.9000,13,2
2026-02-09,000333,14:32:36,78.9000,41,1
2026-02-09,000333,14:32:39,78.9000,6,2
2026-02-09,000333,14:32:42,78.9000,16,4
2026-02-09,000333,14:32:45,78.8900,22,2
2026-02-09,000333,14:32:48,78.9000,190,4
2026-02-09,000333,14:32:51,78.9000,15,1
2026-02-09,000333,14:32:54,78.9000,22,2
2026-02-09,000333,14:32:57,78.8900,12,2
2026-02-09,000333,14:33:00,78.8900,20,2
2026-02-09,000333,14:33:03,78.9000,8,4
2026-02-09,000333,14:33:06,78.9000,60,1
2026-02-09,000333,14:33:09,78.9000,2,1
2026-02-09,000333,14:33:12,78.8800,33,2
2026-02-09,000333,14:33:15,78.9000,33,1
2026-02-09,000333,14:33:18,78.8800,7,2
2026-02-09,000333,14:33:21,78.9000,6,1
2026-02-09,000333,14:33:24,78.8900,6,4
2026-02-09,000333,14:33:27,78.8800,45,2
2026-02-09,000333,14:33:30,78.8800,16,1
2026-02-09,000333,14:33:33,78.8900,23,1
2026-02-09,000333,14:33:36,78.8900,38,1
2026-02-09,000333,14:33:39,78.8700,28,2
2026-02-09,000333,14:33:42,78.8800,54,2
2026-02-09,000333,14:33:45,78.8800,17,2
2026-02-09,000333,14:33:48,78.8600,36,2
2026-02-09,000333,14:33:51,78.8600,247,2
2026-02-09,000333,14:33:54,78.8500,20,2
2026-02-09,000333,14:33:57,78.8600,133,1
2026-02-09,000333,14:34:00,78.8500,22,2
2026-02-09,000333,14:34:03,78.8600,9,1
2026-02-09,000333,14:34:06,78.8600,37,1
2026-02-09,000333,14:34:09,78.8700,24,1
2026-02-09,000333,14:34:12,78.8700,124,1
2026-02-09,000333,14:34:15,78.8600,32,2
2026-02-09,000333,14:34:18,78.8700,26,1
2026-02-09,000333,14:34:21,78.9100,130,1
2026-02-09,000333,14:34:24,78.9000,34,1
2026-02-09,000333,14:34:27,78.9000,7,2
2026-02-09,000333,14:34:30,78.9000,13,2
2026-02-09,000333,14:34:33,78.9000,9,2
2026-02-09,000333,14:34:36,78.9000,28,2
2026-02-09,000333,14:34:39,78.9000,4,2
2026-02-09,000333,14:34:42,78.9000,28,2
2026-02-09,000333,14:34:45,78.9000,30,2
2026-02-09,000333,14:34:48,78.9000,32,2
2026-02-09,000333,14:34:51,78.9000,10,1
2026-02-09,000333,14:34:54,78.9000,23,4
2026-02-09,000333,14:34:57,78.9000,24,2
2026-02-09,000333,14:35:00,78.9000,299,2
2026-02-09,000333,14:35:03,78.9000,5,2
2026-02-09,000333,14:35:06,78.9000,28,2
2026-02-09,000333,14:35:09,78.9000,33,2
2026-02-09,000333,14:35:12,78.9000,30,2
2026-02-09,000333,14:35:15,78.9000,29,1
2026-02-09,000333,14:35:18,78.8900,14,2
2026-02-09,000333,14:35:21,78.8900,4,4
2026-02-09,000333,14:35:24,78.8800,26,2
2026-02-09,000333,14:35:27,78.8800,67,2
2026-02-09,000333,14:35:30,78.8700,78,2
2026-02-09,000333,14:35:33,78.8900,17,1
2026-02-09,000333,14:35:36,78.8900,235,1
2026-02-09,000333,14:35:39,78.8800,8,2
2026-02-09,000333,14:35:42,78.8700,365,2
2026-02-09,000333,14:35:45,78.8200,14,2
2026-02-09,000333,14:35:48,78.8600,20,1
2026-02-09,000333,14:35:51,78.8600,2,1
2026-02-09,000333,14:35:54,78.8800,193,1
2026-02-09,000333,14:35:57,78.8900,63,1
2026-02-09,000333,14:36:00,78.8800,348,2
2026-02-09,000333,14:36:03,78.9000,18,1
2026-02-09,000333,14:36:06,78.9000,21,2
2026-02-09,000333,14:36:09,78.9000,23,2
2026-02-09,000333,14:36:12,78.9100,37,1
2026-02-09,000333,14:36:15,78.9100,125,1
2026-02-09,000333,14:36:18,78.9100,8,2
2026-02-09,000333,14:36:21,78.9400,59,1
2026-02-09,000333,14:36:24,78.9300,6,4
2026-02-09,000333,14:36:27,78.9300,114,4
2026-02-09,000333,14:36:30,78.9300,26,2
2026-02-09,000333,14:36:33,78.9400,40,4
2026-02-09,000333,14:36:36,78.9500,48,1
2026-02-09,000333,14:36:39,78.9500,43,1
2026-02-09,000333,14:36:42,78.9500,42,1
2026-02-09,000333,14:36:45,78.9500,18,2
2026-02-09,000333,14:36:48,78.9600,33,1
2026-02-09,000333,14:36:51,78.9500,41,2
2026-02-09,000333,14:36:54,78.9600,28,1
2026-02-09,000333,14:36:57,78.9500,111,2
2026-02-09,000333,14:37:00,78.9500,34,1
2026-02-09,000333,14:37:03,78.9500,11,1
2026-02-09,000333,14:37:06,78.9300,217,2
2026-02-09,000333,14:37:09,78.9300,56,2
2026-02-09,000333,14:37:12,78.9200,20,2
2026-02-09,000333,14:37:15,78.9300,27,1
2026-02-09,000333,14:37:18,78.9300,10,1
2026-02-09,000333,14:37:21,78.9000,17,2
2026-02-09,000333,14:37:24,78.9000,3,2
2026-02-09,000333,14:37:27,78.9300,3,1
2026-02-09,000333,14:37:30,78.9100,19,2
2026-02-09,000333,14:37:33,78.9100,17,2
2026-02-09,000333,14:37:36,78.9200,46,4
2026-02-09,000333,14:37:39,78.9100,21,2
2026-02-09,000333,14:37:45,78.9200,16,1
2026-02-09,000333,14:37:48,78.9100,24,2
2026-02-09,000333,14:37:51,78.9200,80,2
2026-02-09,000333,14:37:54,78.9200,7,1
2026-02-09,000333,14:37:57,78.9100,40,2
2026-02-09,000333,14:38:00,78.9200,95,1
2026-02-09,000333,14:38:03,78.9200,59,2
2026-02-09,000333,14:38:06,78.9300,3,4
2026-02-09,000333,14:38:09,78.9400,19,1
2026-02-09,000333,14:38:12,78.9300,17,2
2026-02-09,000333,14:38:15,78.9300,8,2
2026-02-09,000333,14:38:18,78.9300,13,2
2026-02-09,000333,14:38:21,78.9500,109,1
2026-02-09,000333,14:38:24,78.9500,22,1
2026-02-09,000333,14:38:27,78.9400,87,2
2026-02-09,000333,14:38:30,78.9400,19,2
2026-02-09,000333,14:38:33,78.9500,8,1
2026-02-09,000333,14:38:36,78.9500,24,1
2026-02-09,000333,14:38:39,78.9600,107,1
2026-02-09,000333,14:38:42,78.9600,91,1
2026-02-09,000333,14:38:45,78.9700,51,1
2026-02-09,000333,14:38:48,78.9800,98,1
2026-02-09,000333,14:38:51,78.9600,152,2
2026-02-09,000333,14:38:54,78.9800,52,1
2026-02-09,000333,14:38:57,78.9800,122,1
2026-02-09,000333,14:39:00,78.9600,133,2
2026-02-09,000333,14:39:03,78.9800,112,1
2026-02-09,000333,14:39:06,78.9800,34,2
2026-02-09,000333,14:39:09,78.9700,58,2
2026-02-09,000333,14:39:12,78.9800,16,1
2026-02-09,000333,14:39:15,78.9800,27,1
2026-02-09,000333,14:39:18,78.9800,18,1
2026-02-09,000333,14:39:21,78.9700,50,2
2026-02-09,000333,14:39:24,78.9900,109,1
2026-02-09,000333,14:39:27,78.9700,8,2
2026-02-09,000333,14:39:30,79.0000,734,1
2026-02-09,000333,14:39:33,78.9600,92,2
2026-02-09,000333,14:39:36,78.9800,233,4
2026-02-09,000333,14:39:39,78.9900,20,1
2026-02-09,000333,14:39:42,78.9800,31,2
2026-02-09,000333,14:39:45,78.9900,9,1
2026-02-09,000333,14:39:48,78.9800,109,2
2026-02-09,000333,14:39:51,78.9700,42,2
2026-02-09,000333,14:39:54,78.9800,12,1
2026-02-09,000333,14:39:57,78.9700,43,2
2026-02-09,000333,14:40:00,78.9800,22,2
2026-02-09,000333,14:40:03,78.9800,8,2
2026-02-09,000333,14:40:06,78.9800,66,2
2026-02-09,000333,14:40:09,78.9900,26,1
2026-02-09,000333,14:40:12,78.9800,157,2
2026-02-09,000333,14:40:15,78.9800,39,1
2026-02-09,000333,14:40:18,78.9500,271,2
2026-02-09,000333,14:40:21,78.9500,23,2
2026-02-09,000333,14:40:24,78.9400,172,2
2026-02-09,000333,14:40:27,78.9400,43,1
2026-02-09,000333,14:40:30,78.9300,14,2
2026-02-09,000333,14:40:33,78.9400,1,1
2026-02-09,000333,14:40:36,78.9500,12,1
2026-02-09,000333,14:40:39,78.9500,4,1
2026-02-09,000333,14:40:42,78.9500,21,1
2026-02-09,000333,14:40:45,78.9500,28,1
2026-02-09,000333,14:40:48,78.9500,74,1
2026-02-09,000333,14:40:51,78.9500,62,1
2026-02-09,000333,14:40:54,78.9600,184,1
2026-02-09,000333,14:40:57,78.9600,11,2
2026-02-09,000333,14:41:00,78.9600,36,2
2026-02-09,000333,14:41:03,78.9600,26,2
2026-02-09,000333,14:41:06,78.9800,16,1
2026-02-09,000333,14:41:09,78.9700,21,2
2026-02-09,000333,14:41:12,78.9800,13,1
2026-02-09,000333,14:41:15,78.9700,10,2
2026-02-09,000333,14:41:18,78.9800,15,1
2026-02-09,000333,14:41:21,78.9900,41,1
2026-02-09,000333,14:41:24,78.9900,51,1
2026-02-09,000333,14:41:27,78.9900,34,1
2026-02-09,000333,14:41:30,78.9800,24,2
2026-02-09,000333,14:41:33,78.9900,35,1
2026-02-09,000333,14:41:36,79.0000,52,1
2026-02-09,000333,14:41:39,78.9800,158,2
2026-02-09,000333,14:41:42,78.9700,19,2
2026-02-09,000333,14:41:45,78.9800,20,1
2026-02-09,000333,14:41:48,78.9800,118,1
2026-02-09,000333,14:41:51,78.9800,125,1
2026-02-09,000333,14:41:54,78.9800,26,1
2026-02-09,000333,14:41:57,78.9700,72,2
2026-02-09,000333,14:42:00,78.9700,38,1
2026-02-09,000333,14:42:03,78.9600,65,2
2026-02-09,000333,14:42:06,78.9500,79,2
2026-02-09,000333,14:42:09,78.9700,40,1
2026-02-09,000333,14:42:12,78.9700,134,1
2026-02-09,000333,14:42:15,78.9600,8,2
2026-02-09,000333,14:42:18,78.9600,13,2
2026-02-09,000333,14:42:21,78.9600,34,2
2026-02-09,000333,14:42:24,78.9600,16,2
2026-02-09,000333,14:42:27,78.9600,8,2
2026-02-09,000333,14:42:30,78.9600,23,2
2026-02-09,000333,14:42:33,78.9700,12,1
2026-02-09,000333,14:42:36,78.9600,83,2
2026-02-09,000333,14:42:39,78.9700,11,1
2026-02-09,000333,14:42:42,78.9600,15,4
2026-02-09,000333,14:42:45,78.9700,24,1
2026-02-09,000333,14:42:48,78.9600,7,2
2026-02-09,000333,14:42:51,78.9600,69,2
2026-02-09,000333,14:42:54,78.9500,23,2
2026-02-09,000333,14:42:57,78.9700,52,1
2026-02-09,000333,14:43:00,78.9600,12,2
2026-02-09,000333,14:43:03,78.9600,63,2
2026-02-09,000333,14:43:06,78.9700,43,1
2026-02-09,000333,14:43:09,78.9700,12,1
2026-02-09,000333,14:43:12,78.9700,16,1
2026-02-09,000333,14:43:15,78.9600,3,2
2026-02-09,000333,14:43:18,78.9700,30,1
2026-02-09,000333,14:43:21,78.9700,11,1
2026-02-09,000333,14:43:24,78.9600,6,2
2026-02-09,000333,14:43:27,78.9600,24,2
2026-02-09,000333,14:43:30,78.9700,45,1
2026-02-09,000333,14:43:33,78.9700,43,1
2026-02-09,000333,14:43:36,78.9600,12,2
2026-02-09,000333,14:43:39,78.9800,70,1
2026-02-09,000333,14:43:42,78.9700,25,4
2026-02-09,000333,14:43:45,78.9800,13,1
2026-02-09,000333,14:43:48,78.9800,24,1
2026-02-09,000333,14:43:51,78.9700,25,2
2026-02-09,000333,14:43:54,78.9800,6,1
2026-02-09,000333,14:43:57,78.9800,2,1
2026-02-09,000333,14:44:00,78.9700,22,2
2026-02-09,000333,14:44:03,78.9800,98,1
2026-02-09,000333,14:44:06,78.9800,107,1
2026-02-09,000333,14:44:09,78.9600,65,2
2026-02-09,000333,14:44:12,78.9700,4,1
2026-02-09,000333,14:44:15,78.9600,17,2
2026-02-09,000333,14:44:18,78.9600,10,2
2026-02-09,000333,14:44:21,78.9700,91,1
2026-02-09,000333,14:44:24,78.9700,59,1
2026-02-09,000333,14:44:27,78.9600,8,2
2026-02-09,000333,14:44:30,78.9500,96,2
2026-02-09,000333,14:44:33,78.9600,16,4
2026-02-09,000333,14:44:36,78.9600,128,1
2026-02-09,000333,14:44:39,78.9500,69,2
2026-02-09,000333,14:44:42,78.9500,26,2
2026-02-09,000333,14:44:45,78.9600,23,1
2026-02-09,000333,14:44:48,78.9600,69,1
2026-02-09,000333,14:44:51,78.9600,8,1
2026-02-09,000333,14:44:54,78.9600,14,1
2026-02-09,000333,14:44:57,78.9500,14,2
2026-02-09,000333,14:45:00,78.9500,88,2
2026-02-09,000333,14:45:03,78.9500,118,2
2026-02-09,000333,14:45:06,78.9700,10,1
2026-02-09,000333,14:45:09,78.9700,43,1
2026-02-09,000333,14:45:12,78.9700,73,1
2026-02-09,000333,14:45:15,78.9800,81,1
2026-02-09,000333,14:45:18,78.9600,118,2
2026-02-09,000333,14:45:21,78.9700,91,1
2026-02-09,000333,14:45:24,78.9700,61,1
2026-02-09,000333,14:45:27,78.9700,36,1
2026-02-09,000333,14:45:30,78.9700,60,2
2026-02-09,000333,14:45:33,78.9800,78,1
2026-02-09,000333,14:45:36,78.9800,55,1
2026-02-09,000333,14:45:39,78.9800,107,2
2026-02-09,000333,14:45:42,78.9800,55,1
2026-02-09,000333,14:45:45,78.9800,24,2
2026-02-09,000333,14:45:48,78.9800,52,1
2026-02-09,000333,14:45:51,78.9800,51,1
2026-02-09,000333,14:45:54,78.9800,95,1
2026-02-09,000333,14:45:57,78.9600,117,2
2026-02-09,000333,14:46:00,78.9600,83,2
2026-02-09,000333,14:46:03,78.9700,33,1
2026-02-09,000333,14:46:06,78.9900,652,1
2026-02-09,000333,14:46:09,79.0000,45,1
2026-02-09,000333,14:46:12,79.0000,54,1
2026-02-09,000333,14:46:15,78.9900,50,2
2026-02-09,000333,14:46:18,79.0000,41,1
2026-02-09,000333,14:46:21,79.0000,17,1
2026-02-09,000333,14:46:24,79.0000,71,1
2026-02-09,000333,14:46:27,79.0000,123,2
2026-02-09,000333,14:46:30,78.9900,73,2
2026-02-09,000333,14:46:33,78.9900,21,2
2026-02-09,000333,14:46:36,79.0000,4,4
2026-02-09,000333,14:46:39,79.0000,17,1
2026-02-09,000333,14:46:42,78.9900,58,2
2026-02-09,000333,14:46:45,79.0000,32,1
2026-02-09,000333,14:46:48,79.0000,36,1
2026-02-09,000333,14:46:51,79.0000,32,1
2026-02-09,000333,14:46:54,78.9900,58,2
2026-02-09,000333,14:46:57,78.9900,37,2
2026-02-09,000333,14:47:00,78.9900,43,2
2026-02-09,000333,14:47:03,78.9900,17,2
2026-02-09,000333,14:47:06,78.9900,65,2
2026-02-09,000333,14:47:09,78.9900,303,1
2026-02-09,000333,14:47:12,79.0000,10,1
2026-02-09,000333,14:47:15,78.9900,66,2
2026-02-09,000333,14:47:18,78.9500,205,2
2026-02-09,000333,14:47:21,78.9600,254,2
2026-02-09,000333,14:47:24,78.9800,36,4
2026-02-09,000333,14:47:27,78.9800,22,4
2026-02-09,000333,14:47:30,78.9900,278,1
2026-02-09,000333,14:47:33,78.9900,58,2
2026-02-09,000333,14:47:36,79.0000,45,1
2026-02-09,000333,14:47:39,79.0000,16,1
2026-02-09,000333,14:47:42,78.9900,58,2
2026-02-09,000333,14:47:45,79.0100,11,1
2026-02-09,000333,14:47:48,79.0200,55,1
2026-02-09,000333,14:47:51,78.9900,60,2
2026-02-09,000333,14:47:54,79.0100,9,2
2026-02-09,000333,14:47:57,79.0200,57,1
2026-02-09,000333,14:48:00,79.0100,25,2
2026-02-09,000333,14:48:03,79.0100,53,2
2026-02-09,000333,14:48:06,78.9900,134,2
2026-02-09,000333,14:48:09,78.9900,326,2
2026-02-09,000333,14:48:12,78.9900,45,2
2026-02-09,000333,14:48:15,78.9900,37,2
2026-02-09,000333,14:48:18,78.9900,47,1
2026-02-09,000333,14:48:21,78.9900,5,2
2026-02-09,000333,14:48:24,79.0000,10,1
2026-02-09,000333,14:48:27,79.0000,48,1
2026-02-09,000333,14:48:30,78.9900,30,2
2026-02-09,000333,14:48:33,78.9900,6,4
2026-02-09,000333,14:48:36,79.0000,1,1
2026-02-09,000333,14:48:39,79.0000,64,1
2026-02-09,000333,14:48:42,79.0000,9,2
2026-02-09,000333,14:48:45,79.0100,101,1
2026-02-09,000333,14:48:48,79.0200,24,1
2026-02-09,000333,14:48:51,79.0100,18,2
2026-02-09,000333,14:48:54,79.0100,87,2
2026-02-09,000333,14:48:57,79.0200,31,1
2026-02-09,000333,14:49:00,79.0100,71,2
2026-02-09,000333,14:49:03,79.0200,123,4
2026-02-09,000333,14:49:06,79.0100,78,2
2026-02-09,000333,14:49:09,79.0100,21,2
2026-02-09,000333,14:49:12,79.0100,19,2
2026-02-09,000333,14:49:15,79.0100,20,2
2026-02-09,000333,14:49:18,79.0200,16,1
2026-02-09,000333,14:49:21,79.0100,21,2
2026-02-09,000333,14:49:24,79.0200,11,1
2026-02-09,000333,14:49:27,79.0300,107,1
2026-02-09,000333,14:49:30,79.0200,16,1
2026-02-09,000333,14:49:33,79.0200,26,4
2026-02-09,000333,14:49:36,79.0100,49,2
2026-02-09,000333,14:49:39,79.0200,37,1
2026-02-09,000333,14:49:42,79.0300,5,1
2026-02-09,000333,14:49:45,79.0300,25,1
2026-02-09,000333,14:49:48,79.0300,21,1
2026-02-09,000333,14:49:51,79.0300,28,1
2026-02-09,000333,14:49:54,79.0300,8,1
2026-02-09,000333,14:49:57,79.0200,150,2
2026-02-09,000333,14:50:00,79.0100,45,2
2026-02-09,000333,14:50:03,79.0200,60,1
2026-02-09,000333,14:50:06,79.0100,23,2
2026-02-09,000333,14:50:09,79.0100,68,2
2026-02-09,000333,14:50:12,79.0100,34,2
2026-02-09,000333,14:50:15,79.0100,39,1
2026-02-09,000333,14:50:18,79.0000,111,2
2026-02-09,000333,14:50:21,79.0000,20,1
2026-02-09,000333,14:50:24,79.0000,53,1
2026-02-09,000333,14:50:27,79.0000,70,1
2026-02-09,000333,14:50:30,79.0000,22,2
2026-02-09,000333,14:50:33,78.9900,30,2
2026-02-09,000333,14:50:36,78.9900,30,2
2026-02-09,000333,14:50:39,79.0000,42,1
2026-02-09,000333,14:50:42,78.9900,1,4
2026-02-09,000333,14:50:45,79.0000,109,1
2026-02-09,000333,14:50:48,79.0000,123,1
2026-02-09,000333,14:50:51,79.0000,10,2
2026-02-09,000333,14:50:54,79.0100,47,1
2026-02-09,000333,14:50:57,79.0100,29,1
2026-02-09,000333,14:51:00,79.0000,53,2
2026-02-09,000333,14:51:03,79.0100,72,1
2026-02-09,000333,14:51:06,78.9900,137,2
2026-02-09,000333,14:51:09,78.9800,175,2
2026-02-09,000333,14:51:12,78.9600,56,2
2026-02-09,000333,14:51:15,78.9700,13,1
2026-02-09,000333,14:51:18,78.9700,10,1
2026-02-09,000333,14:51:21,78.9700,21,1
2026-02-09,000333,14:51:24,78.9600,14,2
2026-02-09,000333,14:51:27,78.9700,28,1
2026-02-09,000333,14:51:30,78.9700,64,1
2026-02-09,000333,14:51:33,78.9900,28,1
2026-02-09,000333,14:51:36,78.9900,5,1
2026-02-09,000333,14:51:39,78.9900,11,1
2026-02-09,000333,14:51:42,78.9900,34,1
2026-02-09,000333,14:51:45,78.9900,14,2
2026-02-09,000333,14:51:48,79.0000,51,1
2026-02-09,000333,14:51:54,78.9900,91,2
2026-02-09,000333,14:51:57,78.9900,29,2
2026-02-09,000333,14:52:00,78.9800,30,2
2026-02-09,000333,14:52:03,78.9800,89,2
2026-02-09,000333,14:52:06,79.0000,364,1
2026-02-09,000333,14:52:09,79.0100,45,1
2026-02-09,000333,14:52:12,79.0100,18,1
2026-02-09,000333,14:52:15,79.0100,39,1
2026-02-09,000333,14:52:18,79.0100,20,2
2026-02-09,000333,14:52:21,79.0200,49,1
2026-02-09,000333,14:52:24,79.0100,80,2
2026-02-09,000333,14:52:27,79.0100,69,2
2026-02-09,000333,14:52:30,79.0100,106,2
2026-02-09,000333,14:52:33,79.0200,22,1
2026-02-09,000333,14:52:36,79.0200,37,1
2026-02-09,000333,14:52:39,79.0200,38,1
2026-02-09,000333,14:52:42,79.0100,62,2
2026-02-09,000333,14:52:45,79.0000,61,2
2026-02-09,000333,14:52:48,79.0200,72,1
2026-02-09,000333,14:52:51,79.0200,40,1
2026-02-09,000333,14:52:54,79.0200,107,1
2026-02-09,000333,14:52:57,79.0200,38,1
2026-02-09,000333,14:53:00,79.0300,75,1
2026-02-09,000333,14:53:03,79.0300,61,1
2026-02-09,000333,14:53:06,79.0200,24,4
2026-02-09,000333,14:53:09,79.0100,127,2
2026-02-09,000333,14:53:12,79.0100,27,1
2026-02-09,000333,14:53:15,79.0200,42,1
2026-02-09,000333,14:53:18,79.0200,30,1
2026-02-09,000333,14:53:21,79.0100,38,4
2026-02-09,000333,14:53:24,79.0200,51,1
2026-02-09,000333,14:53:27,79.0100,38,4
2026-02-09,000333,14:53:30,79.0200,69,1
2026-02-09,000333,14:53:33,79.0200,18,1
2026-02-09,000333,14:53:36,79.0100,50,2
2026-02-09,000333,14:53:39,79.0100,49,2
2026-02-09,000333,14:53:42,79.0200,10,1
2026-02-09,000333,14:53:45,79.0200,16,1
2026-02-09,000333,14:53:48,79.0100,31,2
2026-02-09,000333,14:53:51,79.0100,5,2
2026-02-09,000333,14:53:54,79.0200,11,1
2026-02-09,000333,14:53:57,79.0200,14,1
2026-02-09,000333,14:54:00,79.0000,83,2
2026-02-09,000333,14:54:03,79.0200,110,1
2026-02-09,000333,14:54:06,79.0200,17,2
2026-02-09,000333,14:54:09,79.0200,5,4
2026-02-09,000333,14:54:12,79.0200,20,1
2026-02-09,000333,14:54:15,79.0200,19,1
2026-02-09,000333,14:54:18,79.0200,24,1
2026-02-09,000333,14:54:21,79.0100,34,2
2026-02-09,000333,14:54:24,79.0100,28,2
2026-02-09,000333,14:54:27,79.0300,95,1
2026-02-09,000333,14:54:30,79.0200,35,2
2026-02-09,000333,14:54:33,79.0300,58,1
2026-02-09,000333,14:54:36,79.0300,23,1
2026-02-09,000333,14:54:39,79.0200,23,2
2026-02-09,000333,14:54:42,79.0100,91,2
2026-02-09,000333,14:54:45,79.0100,30,2
2026-02-09,000333,14:54:48,79.0100,119,2
2026-02-09,000333,14:54:51,79.0200,11,1
2026-02-09,000333,14:54:54,79.0100,12,2
2026-02-09,000333,14:54:57,79.0100,23,2
2026-02-09,000333,14:55:00,79.0200,54,1
2026-02-09,000333,14:55:03,79.0100,160,2
2026-02-09,000333,14:55:06,79.0100,39,1
2026-02-09,000333,14:55:09,79.0100,31,2
2026-02-09,000333,14:55:12,79.0000,45,2
2026-02-09,000333,14:55:15,79.0000,60,2
2026-02-09,000333,14:55:18,78.9900,88,2
2026-02-09,000333,14:55:21,79.0000,96,4
2026-02-09,000333,14:55:24,78.9900,23,2
2026-02-09,000333,14:55:27,78.9900,11,2
2026-02-09,000333,14:55:30,79.0000,47,1
2026-02-09,000333,14:55:33,79.0000,34,1
2026-02-09,000333,14:55:36,78.9900,6,2
2026-02-09,000333,14:55:39,79.0000,34,1
2026-02-09,000333,14:55:42,79.0000,24,2
2026-02-09,000333,14:55:45,79.0100,22,1
2026-02-09,000333,14:55:48,79.0100,19,1
2026-02-09,000333,14:55:51,79.0400,249,1
2026-02-09,000333,14:55:54,79.0000,88,2
2026-02-09,000333,14:55:57,79.0200,274,4
2026-02-09,000333,14:56:00,79.0300,32,2
2026-02-09,000333,14:56:03,79.0300,99,2
2026-02-09,000333,14:56:06,79.0700,114,1
2026-02-09,000333,14:56:09,79.0800,223,1
2026-02-09,000333,14:56:12,79.0300,43,2
2026-02-09,000333,14:56:15,79.0800,111,1
2026-02-09,000333,14:56:18,79.0400,83,2
2026-02-09,000333,14:56:21,79.1100,345,1
2026-02-09,000333,14:56:24,79.1000,37,2
2026-02-09,000333,14:56:27,79.1100,42,1
2026-02-09,000333,14:56:30,79.1100,136,1
2026-02-09,000333,14:56:33,79.1200,50,1
2026-02-09,000333,14:56:36,79.1400,190,1
2026-02-09,000333,14:56:39,79.1700,76,1
2026-02-09,000333,14:56:42,79.1700,59,1
2026-02-09,000333,14:56:45,79.1700,16,1
2026-02-09,000333,14:56:48,79.1400,45,2
2026-02-09,000333,14:56:51,79.1600,18,1
2026-02-09,000333,14:56:54,79.1600,85,1
2026-02-09,000333,14:56:57,79.1600,17,1
2026-02-09,000333,14:57:00,79.1700,17,1
2026-02-09,000333,15:00:00,79.1600,4535,4
2026-02-09,000333,13:16:24,78.5500,21,2
2026-02-09,000333,13:16:27,78.5500,14,2
2026-02-09,000333,13:16:30,78.5500,358,2
2026-02-09,000333,13:16:33,78.5600,10,1
2026-02-09,000333,13:16:36,78.5600,56,2
2026-02-09,000333,13:16:39,78.5600,18,2
2026-02-09,000333,13:16:45,78.5700,1,1
2026-02-09,000333,13:16:48,78.5700,42,1
2026-02-09,000333,13:16:51,78.5700,8,1
2026-02-09,000333,13:16:54,78.5700,66,1
2026-02-09,000333,13:16:57,78.5800,37,1
2026-02-09,000333,13:17:00,78.5700,16,2
2026-02-09,000333,13:17:03,78.5800,21,1
2026-02-09,000333,13:17:06,78.5800,5,4
2026-02-09,000333,13:17:09,78.5900,14,1
2026-02-09,000333,13:17:15,78.5900,6,1
2026-02-09,000333,13:17:18,78.5900,25,1
2026-02-09,000333,13:17:21,78.5900,71,1
2026-02-09,000333,13:17:24,78.5900,42,1
2026-02-09,000333,13:17:27,78.5900,11,2
2026-02-09,000333,13:17:30,78.5900,8,2
2026-02-09,000333,13:17:33,78.5900,12,2
2026-02-09,000333,13:17:36,78.6000,18,1
2026-02-09,000333,13:17:39,78.6100,30,1
2026-02-09,000333,13:17:42,78.6100,51,1
2026-02-09,000333,13:17:45,78.6300,147,1
2026-02-09,000333,13:17:48,78.6200,6,4
2026-02-09,000333,13:17:51,78.6300,22,1
2026-02-09,000333,13:17:54,78.6300,11,2
2026-02-09,000333,13:17:57,78.6300,27,1
2026-02-09,000333,13:18:00,78.6100,43,2
2026-02-09,000333,13:18:03,78.6200,37,1
2026-02-09,000333,13:18:06,78.6100,41,2
2026-02-09,000333,13:18:09,78.6200,4,1
2026-02-09,000333,13:18:12,78.6100,3,4
2026-02-09,000333,13:18:15,78.6100,7,2
2026-02-09,000333,13:18:18,78.6200,1,1
2026-02-09,000333,13:18:21,78.6100,7,2
2026-02-09,000333,13:18:24,78.6000,7,2
2026-02-09,000333,13:18:27,78.6100,12,4
2026-02-09,000333,13:18:30,78.6000,154,2
2026-02-09,000333,13:18:33,78.6100,14,1
2026-02-09,000333,13:18:36,78.6100,49,1
2026-02-09,000333,13:18:39,78.6100,17,1
2026-02-09,000333,13:18:42,78.6100,7,1
2026-02-09,000333,13:18:45,78.6100,2,1
2026-02-09,000333,13:18:48,78.6100,11,1
2026-02-09,000333,13:18:51,78.6100,83,1
2026-02-09,000333,13:18:54,78.6100,71,1
2026-02-09,000333,13:18:57,78.6100,86,1
2026-02-09,000333,13:19:00,78.6100,16,1
2026-02-09,000333,13:19:03,78.6200,3,1
2026-02-09,000333,13:19:06,78.6200,4,1
2026-02-09,000333,13:19:09,78.6200,7,1
2026-02-09,000333,13:19:12,78.6200,53,1
2026-02-09,000333,13:19:15,78.6200,36,1
2026-02-09,000333,13:19:18,78.6200,25,1
2026-02-09,000333,13:19:21,78.6300,14,1
2026-02-09,000333,13:19:24,78.6300,10,1
2026-02-09,000333,13:19:27,78.6300,13,1
2026-02-09,000333,13:19:30,78.6200,21,2
2026-02-09,000333,13:19:33,78.6300,71,1
2026-02-09,000333,13:19:36,78.6200,77,4
2026-02-09,000333,13:19:39,78.6200,72,1
2026-02-09,000333,13:19:42,78.6000,88,2
2026-02-09,000333,13:19:45,78.6000,74,1
2026-02-09,000333,13:19:48,78.6000,24,1
2026-02-09,000333,13:19:51,78.6000,10,1
2026-02-09,000333,13:19:54,78.6100,6,1
2026-02-09,000333,13:19:57,78.6100,2,1
2026-02-09,000333,13:20:00,78.6000,19,2
2026-02-09,000333,13:20:03,78.6100,6,1
2026-02-09,000333,13:20:06,78.6000,3,2
2026-02-09,000333,13:20:09,78.6000,13,2
2026-02-09,000333,13:20:12,78.6000,46,2
2026-02-09,000333,13:20:15,78.6100,15,1
2026-02-09,000333,13:20:21,78.5900,19,2
2026-02-09,000333,13:20:24,78.6000,10,4
2026-02-09,000333,13:20:27,78.6100,11,1
2026-02-09,000333,13:20:30,78.5900,90,2
2026-02-09,000333,13:20:33,78.5900,32,2
2026-02-09,000333,13:20:36,78.6000,38,1
2026-02-09,000333,13:20:39,78.6000,20,1
2026-02-09,000333,13:20:42,78.6100,6,1
2026-02-09,000333,13:20:45,78.6100,20,1
2026-02-09,000333,13:20:48,78.6000,48,2
2026-02-09,000333,13:20:51,78.6000,23,1
2026-02-09,000333,13:20:54,78.6100,6,1
2026-02-09,000333,13:20:57,78.6100,2,1
2026-02-09,000333,13:21:00,78.6000,8,2
2026-02-09,000333,13:21:03,78.6000,3,2
2026-02-09,000333,13:21:06,78.6000,8,2
2026-02-09,000333,13:21:09,78.6000,2,2
2026-02-09,000333,13:21:12,78.6100,56,1
2026-02-09,000333,13:21:15,78.6000,120,2
2026-02-09,000333,13:21:18,78.6100,54,1
2026-02-09,000333,13:21:21,78.6100,129,1
2026-02-09,000333,13:21:24,78.6200,86,1
2026-02-09,000333,13:21:27,78.6400,31,1
2026-02-09,000333,13:21:30,78.6300,8,4
2026-02-09,000333,13:21:33,78.6400,59,1
2026-02-09,000333,13:21:36,78.6400,28,1
2026-02-09,000333,13:21:39,78.6300,59,2
2026-02-09,000333,13:21:42,78.6300,79,1
2026-02-09,000333,13:21:45,78.6300,33,1
2026-02-09,000333,13:21:48,78.6300,40,1
2026-02-09,000333,13:21:51,78.6400,15,1
2026-02-09,000333,13:21:54,78.6300,18,2
2026-02-09,000333,13:21:57,78.6200,24,2
2026-02-09,000333,13:22:00,78.6200,29,2
2026-02-09,000333,13:22:03,78.6300,71,1
2026-02-09,000333,13:22:06,78.6500,106,1
2026-02-09,000333,13:22:09,78.6500,130,1
2026-02-09,000333,13:22:12,78.7000,54,1
2026-02-09,000333,13:22:15,78.7000,57,1
2026-02-09,000333,13:22:18,78.7000,65,1
2026-02-09,000333,13:22:21,78.7000,67,2
2026-02-09,000333,13:22:24,78.7000,74,1
2026-02-09,000333,13:22:27,78.7100,65,1
2026-02-09,000333,13:22:30,78.7000,48,2
2026-02-09,000333,13:22:33,78.7200,28,1
2026-02-09,000333,13:22:36,78.7200,36,1
2026-02-09,000333,13:22:39,78.7300,57,1
2026-02-09,000333,13:22:42,78.7400,48,1
2026-02-09,000333,13:22:45,78.7500,76,1
2026-02-09,000333,13:22:48,78.7700,32,1
2026-02-09,000333,13:22:51,78.7500,150,2
2026-02-09,000333,13:22:54,78.7800,80,1
2026-02-09,000333,13:22:57,78.7500,115,2
2026-02-09,000333,13:23:00,78.7100,84,2
2026-02-09,000333,13:23:03,78.7200,101,2
2026-02-09,000333,13:23:06,78.7600,60,1
2026-02-09,000333,13:23:09,78.7400,101,2
2026-02-09,000333,13:23:12,78.7500,67,1
2026-02-09,000333,13:23:15,78.7400,40,1
2026-02-09,000333,13:23:18,78.7200,9,2
2026-02-09,000333,13:23:21,78.7100,7,2
2026-02-09,000333,13:23:24,78.7000,28,2
2026-02-09,000333,13:23:27,78.7100,52,1
2026-02-09,000333,13:23:30,78.7000,64,2
2026-02-09,000333,13:23:33,78.7000,20,2
2026-02-09,000333,13:23:36,78.7000,174,2
2026-02-09,000333,13:23:39,78.7100,61,2
2026-02-09,000333,13:23:42,78.7100,36,1
2026-02-09,000333,13:23:45,78.7100,11,1
2026-02-09,000333,13:23:48,78.7100,24,1
2026-02-09,000333,13:23:51,78.6900,199,2
2026-02-09,000333,13:23:54,78.6900,76,1
2026-02-09,000333,13:23:57,78.7000,12,1
2026-02-09,000333,13:24:00,78.6800,14,2
2026-02-09,000333,13:24:03,78.6800,43,2
2026-02-09,000333,13:24:06,78.7000,30,1
2026-02-09,000333,13:24:09,78.7000,6,1
2026-02-09,000333,13:24:12,78.7000,15,1
2026-02-09,000333,13:24:15,78.7000,24,1
2026-02-09,000333,13:24:18,78.7000,15,1
2026-02-09,000333,13:24:21,78.7000,10,1
2026-02-09,000333,13:24:24,78.7000,9,1
2026-02-09,000333,13:24:27,78.7000,30,1
2026-02-09,000333,13:24:30,78.7000,47,2
2026-02-09,000333,13:24:33,78.7100,14,1
2026-02-09,000333,13:24:36,78.7100,37,1
2026-02-09,000333,13:24:39,78.7200,24,1
2026-02-09,000333,13:24:42,78.7200,16,1
2026-02-09,000333,13:24:45,78.7100,71,2
2026-02-09,000333,13:24:48,78.7100,25,2
2026-02-09,000333,13:24:51,78.7100,77,2
2026-02-09,000333,13:24:54,78.7300,48,1
2026-02-09,000333,13:24:57,78.7300,23,1
2026-02-09,000333,13:25:00,78.7300,43,2
2026-02-09,000333,13:25:03,78.7400,47,1
2026-02-09,000333,13:25:06,78.7500,111,1
2026-02-09,000333,13:25:09,78.7300,91,2
2026-02-09,000333,13:25:12,78.7200,34,4
2026-02-09,000333,13:25:15,78.7200,11,2
2026-02-09,000333,13:25:18,78.7200,8,2
2026-02-09,000333,13:25:21,78.7200,96,2
2026-02-09,000333,13:25:24,78.7300,36,1
2026-02-09,000333,13:25:27,78.7300,84,1
2026-02-09,000333,13:25:30,78.7100,84,2
2026-02-09,000333,13:25:33,78.7100,246,2
2026-02-09,000333,13:25:36,78.7000,123,2
2026-02-09,000333,13:25:39,78.7100,34,1
2026-02-09,000333,13:25:42,78.7100,28,1
2026-02-09,000333,13:25:45,78.7000,24,1
2026-02-09,000333,13:25:48,78.6900,28,2
2026-02-09,000333,13:25:51,78.6800,30,2
2026-02-09,000333,13:25:54,78.6700,16,2
2026-02-09,000333,13:25:57,78.6800,43,1
2026-02-09,000333,13:26:00,78.6300,35,2
2026-02-09,000333,13:26:03,78.6400,43,1
2026-02-09,000333,13:26:06,78.6300,29,2
2026-02-09,000333,13:26:09,78.6400,14,4
2026-02-09,000333,13:26:12,78.6400,26,2
2026-02-09,000333,13:26:15,78.6400,63,2
2026-02-09,000333,13:26:18,78.6500,14,1
2026-02-09,000333,13:26:21,78.6400,1,1
2026-02-09,000333,13:26:24,78.6500,4,1
2026-02-09,000333,13:26:27,78.6500,7,1
2026-02-09,000333,13:26:30,78.6000,47,2
2026-02-09,000333,13:26:33,78.6400,23,1
2026-02-09,000333,13:26:36,78.6100,57,2
2026-02-09,000333,13:26:39,78.6000,57,2
2026-02-09,000333,13:26:42,78.6100,28,2
2026-02-09,000333,13:26:45,78.6100,18,2
2026-02-09,000333,13:26:48,78.6300,75,1
2026-02-09,000333,13:26:51,78.6300,57,2
2026-02-09,000333,13:26:54,78.6400,22,1
2026-02-09,000333,13:26:57,78.6300,12,4
2026-02-09,000333,13:27:00,78.6200,28,2
2026-02-09,000333,13:27:03,78.6300,14,4
2026-02-09,000333,13:27:06,78.6400,73,1
2026-02-09,000333,13:27:09,78.6400,32,1
2026-02-09,000333,13:27:12,78.6400,248,1
2026-02-09,000333,13:27:15,78.6700,55,1
2026-02-09,000333,13:27:18,78.6600,121,2
2026-02-09,000333,13:27:21,78.6800,85,1
2026-02-09,000333,13:27:24,78.7200,17,1
2026-02-09,000333,13:27:27,78.6800,4,2
2026-02-09,000333,13:27:30,78.6800,32,2
2026-02-09,000333,13:27:33,78.6800,35,2
2026-02-09,000333,13:27:36,78.6800,15,1
2026-02-09,000333,13:27:39,78.6700,10,2
2026-02-09,000333,13:27:42,78.6700,30,2
2026-02-09,000333,13:27:45,78.6800,11,1
2026-02-09,000333,13:27:48,78.6800,8,1
2026-02-09,000333,13:27:51,78.6700,23,2
2026-02-09,000333,13:27:54,78.6700,8,1
2026-02-09,000333,13:27:57,78.6700,24,1
2026-02-09,000333,13:28:00,78.6600,13,2
2026-02-09,000333,13:28:03,78.6700,29,1
2026-02-09,000333,13:28:06,78.6700,8,1
2026-02-09,000333,13:28:09,78.6600,43,2
2026-02-09,000333,13:28:12,78.6500,44,2
2026-02-09,000333,13:28:15,78.6600,10,1
2026-02-09,000333,13:28:18,78.6500,49,2
2026-02-09,000333,13:28:21,78.6400,19,2
2026-02-09,000333,13:28:24,78.6500,2,1
2026-02-09,000333,13:28:27,78.6400,19,2
2026-02-09,000333,13:28:30,78.6400,9,2
2026-02-09,000333,13:28:33,78.6400,26,2
2026-02-09,000333,13:28:36,78.6500,16,1
2026-02-09,000333,13:28:39,78.6500,70,1
2026-02-09,000333,13:28:42,78.6500,31,2
2026-02-09,000333,13:28:45,78.6500,48,2
2026-02-09,000333,13:28:48,78.6500,49,2
2026-02-09,000333,13:28:51,78.6500,18,1
2026-02-09,000333,13:28:54,78.6500,21,1
2026-02-09,000333,13:28:57,78.6400,25,2
2026-02-09,000333,13:29:00,78.6200,33,2
2026-02-09,000333,13:29:03,78.6400,14,1
2026-02-09,000333,13:29:06,78.6300,58,2
2026-02-09,000333,13:29:09,78.6300,3,2
2026-02-09,000333,13:29:12,78.6500,2,1
2026-02-09,000333,13:29:15,78.6400,8,1
2026-02-09,000333,13:29:18,78.6400,4,1
2026-02-09,000333,13:29:21,78.6500,3,1
2026-02-09,000333,13:29:24,78.6000,47,2
2026-02-09,000333,13:29:27,78.6100,117,2
2026-02-09,000333,13:29:30,78.6000,92,2
2026-02-09,000333,13:29:33,78.6100,54,4
2026-02-09,000333,13:29:36,78.6100,28,2
2026-02-09,000333,13:29:39,78.6100,56,1
2026-02-09,000333,13:29:42,78.6100,23,2
2026-02-09,000333,13:29:45,78.6200,22,2
2026-02-09,000333,13:29:48,78.6100,14,2
2026-02-09,000333,13:29:51,78.6300,18,1
2026-02-09,000333,13:29:54,78.6300,133,1
2026-02-09,000333,13:29:57,78.6300,259,1
2026-02-09,000333,13:30:00,78.6300,20,2
2026-02-09,000333,13:30:03,78.6500,16,1
2026-02-09,000333,13:30:06,78.6300,43,2
2026-02-09,000333,13:30:09,78.6400,14,1
2026-02-09,000333,13:30:12,78.6400,1,1
2026-02-09,000333,13:30:18,78.6500,2,1
2026-02-09,000333,13:30:21,78.6500,3,1
2026-02-09,000333,13:30:24,78.6500,31,1
2026-02-09,000333,13:30:27,78.6600,131,1
2026-02-09,000333,13:30:30,78.6600,37,1
2026-02-09,000333,13:30:33,78.6700,4,1
2026-02-09,000333,13:30:36,78.6800,2,1
2026-02-09,000333,13:30:39,78.6800,4,1
2026-02-09,000333,13:30:42,78.6700,79,2
2026-02-09,000333,13:30:45,78.6600,50,2
2026-02-09,000333,13:30:48,78.6700,70,1
2026-02-09,000333,13:30:51,78.6600,47,4
2026-02-09,000333,13:30:54,78.6500,49,4
2026-02-09,000333,13:30:57,78.6400,57,4
2026-02-09,000333,13:31:00,78.6300,30,2
2026-02-09,000333,13:31:03,78.6500,17,1
2026-02-09,000333,13:31:06,78.6500,16,1
2026-02-09,000333,13:31:09,78.6600,51,1
2026-02-09,000333,13:31:12,78.6600,9,1
2026-02-09,000333,13:31:15,78.6400,1,2
2026-02-09,000333,13:31:18,78.6400,1,2
2026-02-09,000333,13:31:24,78.6500,3,1
2026-02-09,000333,13:31:27,78.6400,43,2
2026-02-09,000333,13:31:30,78.6300,16,2
2026-02-09,000333,13:31:33,78.6400,7,1
2026-02-09,000333,13:31:36,78.6400,8,1
2026-02-09,000333,13:31:39,78.6300,8,2
2026-02-09,000333,13:31:42,78.6400,104,1
2026-02-09,000333,13:31:45,78.6400,43,1
2026-02-09,000333,13:31:48,78.6400,196,1
2026-02-09,000333,13:31:51,78.6800,195,1
2026-02-09,000333,13:31:54,78.7100,123,1
2026-02-09,000333,13:31:57,78.7300,45,1
2026-02-09,000333,13:32:00,78.7200,39,4
2026-02-09,000333,13:32:03,78.7200,21,2
2026-02-09,000333,13:32:06,78.7300,24,2
2026-02-09,000333,13:32:09,78.7300,2,2
2026-02-09,000333,13:32:12,78.7400,17,2
2026-02-09,000333,13:32:15,78.7500,36,1
2026-02-09,000333,13:32:18,78.7400,22,2
2026-02-09,000333,13:32:21,78.7500,34,1
2026-02-09,000333,13:32:24,78.7400,50,2
2026-02-09,000333,13:32:27,78.7500,14,1
2026-02-09,000333,13:32:30,78.7400,28,2
2026-02-09,000333,13:32:33,78.7500,17,4
2026-02-09,000333,13:32:36,78.7600,36,1
2026-02-09,000333,13:32:39,78.7500,23,4
2026-02-09,000333,13:32:42,78.7600,21,1
2026-02-09,000333,13:32:45,78.7700,25,1
2026-02-09,000333,13:32:48,78.7700,14,1
2026-02-09,000333,13:32:51,78.7700,88,1
2026-02-09,000333,13:32:54,78.7800,59,1
2026-02-09,000333,13:32:57,78.7800,60,1
2026-02-09,000333,13:33:00,78.7900,22,2
2026-02-09,000333,13:33:03,78.8300,153,1
2026-02-09,000333,13:33:06,78.8300,54,1
2026-02-09,000333,13:33:09,78.8400,68,2
2026-02-09,000333,13:33:12,78.8500,50,1
2026-02-09,000333,13:33:15,78.8400,23,2
2026-02-09,000333,13:33:18,78.8300,135,2
2026-02-09,000333,13:33:21,78.8100,75,2
2026-02-09,000333,13:33:24,78.8100,176,1
2026-02-09,000333,13:33:27,78.8100,94,1
2026-02-09,000333,13:33:30,78.8100,32,2
2026-02-09,000333,13:33:33,78.8100,60,2
2026-02-09,000333,13:33:36,78.8100,62,1
2026-02-09,000333,13:33:39,78.8000,38,2
2026-02-09,000333,13:33:42,78.8100,37,1
2026-02-09,000333,13:33:45,78.8100,47,2
2026-02-09,000333,13:33:48,78.8100,41,2
2026-02-09,000333,13:33:51,78.8200,24,1
2026-02-09,000333,13:33:54,78.8200,43,1
2026-02-09,000333,13:33:57,78.8200,81,1
2026-02-09,000333,13:34:00,78.8000,69,2
2026-02-09,000333,13:34:03,78.8100,99,2
2026-02-09,000333,13:34:06,78.8100,56,2
2026-02-09,000333,13:34:09,78.8100,38,1
2026-02-09,000333,13:34:12,78.7800,66,1
2026-02-09,000333,13:34:15,78.7400,62,2
2026-02-09,000333,13:34:18,78.7200,47,2
2026-02-09,000333,13:34:21,78.7300,47,2
2026-02-09,000333,13:34:24,78.7400,15,2
2026-02-09,000333,13:34:27,78.7300,26,2
2026-02-09,000333,13:34:30,78.7300,45,2
2026-02-09,000333,13:34:33,78.7200,74,2
2026-02-09,000333,13:34:36,78.7500,53,1
2026-02-09,000333,13:34:39,78.7300,20,1
2026-02-09,000333,13:34:42,78.7500,9,1
2026-02-09,000333,13:34:45,78.7200,2,2
2026-02-09,000333,13:34:48,78.7200,6,2
2026-02-09,000333,13:34:51,78.7400,41,1
2026-02-09,000333,13:34:54,78.7400,48,1
2026-02-09,000333,13:34:57,78.7400,47,1
2026-02-09,000333,13:35:00,78.7300,16,2
2026-02-09,000333,13:35:03,78.7300,127,2
2026-02-09,000333,13:35:06,78.7400,28,1
2026-02-09,000333,13:35:09,78.7300,7,2
2026-02-09,000333,13:35:12,78.7300,20,2
2026-02-09,000333,13:35:15,78.7400,19,1
2026-02-09,000333,13:35:18,78.7400,8,1
2026-02-09,000333,13:35:21,78.7300,74,2
2026-02-09,000333,13:35:24,78.7200,24,2
2026-02-09,000333,13:35:27,78.7300,12,1
2026-02-09,000333,13:35:30,78.7200,21,2
2026-02-09,000333,13:35:33,78.7200,14,2
2026-02-09,000333,13:35:36,78.7300,9,1
2026-02-09,000333,13:35:39,78.7200,35,2
2026-02-09,000333,13:35:42,78.7200,72,1
2026-02-09,000333,13:35:45,78.7100,29,2
2026-02-09,000333,13:35:48,78.7100,32,2
2026-02-09,000333,13:35:51,78.7100,33,1
2026-02-09,000333,13:35:54,78.7100,21,1
2026-02-09,000333,13:35:57,78.7000,40,2
2026-02-09,000333,13:36:00,78.7000,26,2
2026-02-09,000333,13:36:03,78.7200,42,1
2026-02-09,000333,13:36:06,78.7100,45,2
2026-02-09,000333,13:36:09,78.7200,10,1
2026-02-09,000333,13:36:12,78.7200,41,1
2026-02-09,000333,13:36:15,78.7200,293,1
2026-02-09,000333,13:36:18,78.6500,178,2
2026-02-09,000333,13:36:21,78.7300,129,1
2026-02-09,000333,13:36:24,78.7100,31,1
2026-02-09,000333,13:36:27,78.7100,21,2
2026-02-09,000333,13:36:30,78.6800,17,2
2026-02-09,000333,13:36:33,78.7100,4,1
2026-02-09,000333,13:36:36,78.7000,17,1
2026-02-09,000333,13:36:39,78.7000,9,1
2026-02-09,000333,13:36:42,78.7100,59,1
2026-02-09,000333,13:36:45,78.7100,32,1
2026-02-09,000333,13:36:48,78.7100,106,1
2026-02-09,000333,13:36:51,78.7000,26,2
2026-02-09,000333,13:36:54,78.7000,2,2
2026-02-09,000333,13:36:57,78.7000,4,2
2026-02-09,000333,13:37:00,78.7000,11,2
2026-02-09,000333,13:37:03,78.7000,19,2
2026-02-09,000333,13:37:06,78.7000,10,2
2026-02-09,000333,13:37:09,78.7100,44,1
2026-02-09,000333,13:37:12,78.7000,19,2
2026-02-09,000333,13:37:15,78.7100,37,1
2026-02-09,000333,13:37:18,78.7100,128,1
2026-02-09,000333,13:37:21,78.7000,62,2
2026-02-09,000333,13:37:24,78.7100,13,1
2026-02-09,000333,13:37:27,78.7000,53,2
2026-02-09,000333,13:37:30,78.7100,20,2
2026-02-09,000333,13:37:33,78.7300,24,1
2026-02-09,000333,13:37:36,78.7400,8,1
2026-02-09,000333,13:37:39,78.7600,52,1
2026-02-09,000333,13:37:42,78.7800,61,1
2026-02-09,000333,13:37:45,78.7800,51,4
2026-02-09,000333,13:37:48,78.7700,33,4
2026-02-09,000333,13:37:51,78.7600,14,2
2026-02-09,000333,13:37:54,78.7700,28,1
2026-02-09,000333,13:37:57,78.7700,25,1
2026-02-09,000333,13:38:00,78.7600,48,2
2026-02-09,000333,13:38:03,78.7800,12,1
2026-02-09,000333,13:38:06,78.7800,12,1
2026-02-09,000333,13:38:09,78.7800,12,1
2026-02-09,000333,13:38:12,78.7600,118,2
2026-02-09,000333,13:38:15,78.7600,40,1
2026-02-09,000333,13:38:18,78.7500,24,2
2026-02-09,000333,13:38:21,78.7500,46,2
2026-02-09,000333,13:38:24,78.7500,38,2
2026-02-09,000333,13:38:27,78.7500,11,1
2026-02-09,000333,13:38:30,78.7300,60,2
2026-02-09,000333,13:38:33,78.7500,37,1
2026-02-09,000333,13:38:36,78.7400,32,1
2026-02-09,000333,13:38:39,78.7400,12,2
2026-02-09,000333,13:38:42,78.7400,10,2
2026-02-09,000333,13:38:45,78.7500,49,1
2026-02-09,000333,13:38:48,78.7500,15,1
2026-02-09,000333,13:38:51,78.7500,22,2
2026-02-09,000333,13:38:54,78.7500,7,2
2026-02-09,000333,13:38:57,78.7400,94,2
2026-02-09,000333,13:39:00,78.7500,43,2
2026-02-09,000333,13:39:03,78.7500,46,2
2026-02-09,000333,13:39:06,78.7600,45,1
2026-02-09,000333,13:39:09,78.7600,20,1
2026-02-09,000333,13:39:12,78.7500,9,1
2026-02-09,000333,13:39:15,78.7400,58,2
2026-02-09,000333,13:39:18,78.7400,20,1
2026-02-09,000333,13:39:21,78.7300,10,2
2026-02-09,000333,13:39:24,78.7400,24,1
2026-02-09,000333,13:39:27,78.7400,14,1
2026-02-09,000333,13:39:30,78.7300,26,2
2026-02-09,000333,13:39:33,78.7300,10,2
2026-02-09,000333,13:39:36,78.7300,74,2
2026-02-09,000333,13:39:39,78.7300,33,2
2026-02-09,000333,13:39:42,78.7300,28,2
2026-02-09,000333,13:39:45,78.7400,101,1
2026-02-09,000333,13:39:48,78.7400,31,1
2026-02-09,000333,13:39:51,78.7400,393,1
2026-02-09,000333,13:39:54,78.8100,125,1
2026-02-09,000333,13:39:57,78.8000,29,4
2026-02-09,000333,13:40:00,78.7800,144,2
2026-02-09,000333,13:40:03,78.8100,893,1
2026-02-09,000333,13:40:06,78.7900,183,2
2026-02-09,000333,13:40:09,78.7800,91,2
2026-02-09,000333,13:40:12,78.8100,18,1
2026-02-09,000333,13:40:15,78.7900,13,1
2026-02-09,000333,13:40:18,78.7800,92,2
2026-02-09,000333,13:40:21,78.7800,106,2
2026-02-09,000333,13:40:24,78.7500,29,2
2026-02-09,000333,13:40:27,78.8000,10,1
2026-02-09,000333,13:40:30,78.7500,19,2
2026-02-09,000333,13:40:33,78.7500,26,2
2026-02-09,000333,13:40:36,78.7600,90,2
2026-02-09,000333,13:40:39,78.8100,88,1
2026-02-09,000333,13:40:42,78.7600,59,2
2026-02-09,000333,13:40:45,78.7600,33,1
2026-02-09,000333,13:40:48,78.7900,17,1
2026-02-09,000333,13:40:51,78.8000,41,1
2026-02-09,000333,13:40:54,78.8000,29,1
2026-02-09,000333,13:40:57,78.8000,9,2
2026-02-09,000333,13:41:00,78.7900,39,2
2026-02-09,000333,13:41:03,78.8000,43,1
2026-02-09,000333,13:41:06,78.7900,37,2
2026-02-09,000333,13:41:09,78.8100,23,1
2026-02-09,000333,13:41:12,78.7700,47,2
2026-02-09,000333,13:41:15,78.7600,172,2
2026-02-09,000333,13:41:18,78.7600,69,2
2026-02-09,000333,13:41:21,78.7500,21,2
2026-02-09,000333,13:41:24,78.7300,26,2
2026-02-09,000333,13:41:27,78.7500,51,1
2026-02-09,000333,13:41:30,78.7300,58,2
2026-02-09,000333,13:41:33,78.7500,31,1
2026-02-09,000333,13:41:36,78.7600,15,1
2026-02-09,000333,13:41:39,78.7800,38,1
2026-02-09,000333,13:41:42,78.7600,54,2
2026-02-09,000333,13:41:45,78.7900,25,1
2026-02-09,000333,13:41:48,78.7800,48,2
2026-02-09,000333,13:41:51,78.7800,24,1
2026-02-09,000333,13:41:57,78.7800,59,1
2026-02-09,000333,13:42:00,78.7800,28,2
2026-02-09,000333,13:42:03,78.7700,62,2
2026-02-09,000333,13:42:06,78.7700,70,1
2026-02-09,000333,13:42:09,78.7900,62,1
2026-02-09,000333,13:42:12,78.7600,2,2
2026-02-09,000333,13:42:15,78.7600,53,2
2026-02-09,000333,13:42:18,78.7600,6,1
2026-02-09,000333,13:42:21,78.7600,16,2
2026-02-09,000333,13:42:24,78.7700,59,1
2026-02-09,000333,13:42:27,78.7700,102,2
2026-02-09,000333,13:42:30,78.7500,62,2
2026-02-09,000333,13:42:33,78.7700,26,1
2026-02-09,000333,13:42:36,78.7700,8,1
2026-02-09,000333,13:42:39,78.7600,2,2
2026-02-09,000333,13:42:42,78.7800,50,1
2026-02-09,000333,13:42:45,78.7600,16,2
2026-02-09,000333,13:42:48,78.7700,13,2
2026-02-09,000333,13:42:51,78.7800,10,1
2026-02-09,000333,13:42:54,78.7700,35,2
2026-02-09,000333,13:42:57,78.7700,1,2
2026-02-09,000333,13:43:00,78.7700,22,2
2026-02-09,000333,13:43:03,78.7700,3,2
2026-02-09,000333,13:43:06,78.7700,9,2
2026-02-09,000333,13:43:09,78.7700,91,2
2026-02-09,000333,13:43:12,78.7700,35,1
2026-02-09,000333,13:43:15,78.7700,4,1
2026-02-09,000333,13:43:18,78.7600,67,2
2026-02-09,000333,13:43:21,78.7600,45,2
2026-02-09,000333,13:43:24,78.7700,52,1
2026-02-09,000333,13:43:27,78.7500,51,2
2026-02-09,000333,13:43:30,78.7500,30,2
2026-02-09,000333,13:43:33,78.7500,6,2
2026-02-09,000333,13:43:36,78.7500,71,2
2026-02-09,000333,13:43:39,78.7500,29,4
2026-02-09,000333,13:43:42,78.7600,7,1
2026-02-09,000333,13:43:45,78.7500,14,2
2026-02-09,000333,13:43:48,78.7500,5,2
2026-02-09,000333,13:43:51,78.7500,92,2
2026-02-09,000333,13:43:54,78.7500,4,2
2026-02-09,000333,13:43:57,78.7500,24,2
2026-02-09,000333,13:44:00,78.7500,12,2
2026-02-09,000333,13:44:03,78.7600,56,1
2026-02-09,000333,13:44:06,78.7500,31,2
2026-02-09,000333,13:44:09,78.7500,24,2
2026-02-09,000333,13:44:12,78.7600,35,1
2026-02-09,000333,13:44:15,78.7600,2,1
2026-02-09,000333,13:44:18,78.7600,71,1
2026-02-09,000333,13:44:21,78.7500,320,2
2026-02-09,000333,13:44:24,78.7600,4,1
2026-02-09,000333,13:44:27,78.7600,27,1
2026-02-09,000333,13:44:30,78.7500,126,2
2026-02-09,000333,13:44:33,78.7700,45,1
2026-02-09,000333,13:44:36,78.7600,47,2
2026-02-09,000333,13:44:39,78.7700,40,1
2026-02-09,000333,13:44:42,78.7600,17,2
2026-02-09,000333,13:44:45,78.7700,9,1
2026-02-09,000333,13:44:48,78.7600,7,2
2026-02-09,000333,13:44:51,78.7600,12,2
2026-02-09,000333,13:44:54,78.7600,2,2
2026-02-09,000333,13:44:57,78.7600,23,2
2026-02-09,000333,13:45:00,78.7700,23,1
2026-02-09,000333,13:45:03,78.7700,99,1
2026-02-09,000333,13:45:06,78.7700,208,2
2026-02-09,000333,13:45:09,78.7800,90,1
2026-02-09,000333,13:45:12,78.7800,33,1
2026-02-09,000333,13:45:15,78.8000,65,1
2026-02-09,000333,13:45:18,78.7900,18,2
2026-02-09,000333,13:45:21,78.7900,8,1
2026-02-09,000333,13:45:24,78.7900,8,1
2026-02-09,000333,13:45:27,78.8000,57,1
2026-02-09,000333,13:45:30,78.7800,33,2
2026-02-09,000333,13:45:33,78.8000,20,1
2026-02-09,000333,13:45:36,78.8100,106,1
2026-02-09,000333,13:45:39,78.8100,28,1
2026-02-09,000333,13:45:42,78.8000,31,2
2026-02-09,000333,13:45:45,78.8100,26,1
2026-02-09,000333,13:45:48,78.8000,29,2
2026-02-09,000333,13:45:51,78.8100,13,4
2026-02-09,000333,13:45:54,78.8200,13,1
2026-02-09,000333,13:45:57,78.8200,9,1
2026-02-09,000333,13:46:00,78.8100,22,2
2026-02-09,000333,13:46:03,78.8100,31,2
2026-02-09,000333,13:46:06,78.8100,140,1
2026-02-09,000333,13:46:09,78.8000,67,2
2026-02-09,000333,13:46:12,78.8200,38,1
2026-02-09,000333,13:46:15,78.8000,12,2
2026-02-09,000333,13:46:18,78.8000,36,2
2026-02-09,000333,13:46:21,78.7900,61,2
2026-02-09,000333,13:46:24,78.7900,54,2
2026-02-09,000333,13:46:27,78.7800,76,2
2026-02-09,000333,13:46:30,78.7800,42,2
2026-02-09,000333,13:46:33,78.7900,50,1
2026-02-09,000333,13:46:36,78.7800,15,2
2026-02-09,000333,13:46:39,78.7800,20,2
2026-02-09,000333,13:46:42,78.7700,29,4
2026-02-09,000333,13:46:45,78.7900,27,1
2026-02-09,000333,13:46:48,78.7700,9,2
2026-02-09,000333,13:46:51,78.7700,32,2
2026-02-09,000333,13:46:54,78.7700,23,1
2026-02-09,000333,13:46:57,78.7700,23,1
2026-02-09,000333,13:47:00,78.7600,17,2
2026-02-09,000333,13:47:03,78.7600,49,2
2026-02-09,000333,13:47:06,78.7500,49,2
2026-02-09,000333,13:47:09,78.7600,15,1
2026-02-09,000333,13:47:12,78.7500,20,2
2026-02-09,000333,13:47:15,78.7700,220,1
2026-02-09,000333,13:47:18,78.7600,157,2
2026-02-09,000333,13:47:21,78.7700,53,1
2026-02-09,000333,13:47:24,78.7600,17,4
2026-02-09,000333,13:47:27,78.7700,15,1
2026-02-09,000333,13:47:30,78.7600,13,4
2026-02-09,000333,13:47:33,78.7600,27,2
2026-02-09,000333,13:47:36,78.7500,182,2
2026-02-09,000333,13:47:39,78.7300,62,2
2026-02-09,000333,13:47:42,78.7500,8,1
2026-02-09,000333,13:47:45,78.7500,23,2
2026-02-09,000333,13:47:48,78.7500,14,2
2026-02-09,000333,13:47:51,78.7500,26,2
2026-02-09,000333,13:47:54,78.7300,28,2
2026-02-09,000333,13:47:57,78.7500,7,2
2026-02-09,000333,13:48:00,78.7500,57,2
2026-02-09,000333,13:48:03,78.7500,17,2
2026-02-09,000333,13:48:06,78.7600,15,1
2026-02-09,000333,13:48:09,78.7600,71,1
2026-02-09,000333,13:48:12,78.7500,11,1
2026-02-09,000333,13:48:15,78.7500,361,1
2026-02-09,000333,13:48:18,78.7300,43,2
2026-02-09,000333,13:48:21,78.7000,409,2
2026-02-09,000333,13:48:24,78.7000,58,2
2026-02-09,000333,13:48:27,78.6900,56,4
2026-02-09,000333,13:48:30,78.6800,67,2
2026-02-09,000333,13:48:33,78.7000,3,4
2026-02-09,000333,13:48:36,78.7100,13,1
2026-02-09,000333,13:48:39,78.7000,6,2
2026-02-09,000333,13:48:42,78.7000,41,2
2026-02-09,000333,13:48:45,78.7000,53,2
2026-02-09,000333,13:48:48,78.7100,21,2
2026-02-09,000333,13:48:51,78.7000,55,2
2026-02-09,000333,13:48:54,78.7000,13,2
2026-02-09,000333,13:48:57,78.7000,28,2
2026-02-09,000333,13:49:00,78.7100,67,1
2026-02-09,000333,13:49:03,78.7200,442,2
2026-02-09,000333,13:49:06,78.7300,9,1
2026-02-09,000333,13:49:09,78.7100,35,2
2026-02-09,000333,13:49:12,78.7300,172,1
2026-02-09,000333,13:49:15,78.7000,221,2
2026-02-09,000333,13:49:18,78.6800,41,2
2026-02-09,000333,13:49:21,78.6800,75,2
2026-02-09,000333,13:49:24,78.7000,38,2
2026-02-09,000333,13:49:27,78.7000,222,2
2026-02-09,000333,13:49:30,78.6800,79,2
2026-02-09,000333,13:49:33,78.6900,99,2
2026-02-09,000333,13:49:36,78.6900,286,2
2026-02-09,000333,13:49:39,78.6900,119,2
2026-02-09,000333,13:49:42,78.6800,114,2
2026-02-09,000333,13:49:45,78.6900,222,2
2026-02-09,000333,13:49:48,78.6900,98,2
2026-02-09,000333,13:49:51,78.7100,49,2
2026-02-09,000333,13:49:54,78.6900,45,2
2026-02-09,000333,13:49:57,78.6800,42,2
2026-02-09,000333,13:50:00,78.6800,28,2
2026-02-09,000333,13:50:03,78.6800,101,2
2026-02-09,000333,13:50:06,78.6800,38,1
2026-02-09,000333,13:50:09,78.6500,48,2
2026-02-09,000333,13:50:12,78.6800,16,1
2026-02-09,000333,13:50:15,78.6800,83,1
2026-02-09,000333,13:50:18,78.6900,45,1
2026-02-09,000333,13:50:21,78.6600,22,2
2026-02-09,000333,13:50:24,78.6800,28,1
2026-02-09,000333,13:50:27,78.6800,54,1
2026-02-09,000333,13:50:30,78.6900,142,1
2026-02-09,000333,13:50:33,78.6800,395,2
2026-02-09,000333,13:50:36,78.6700,84,2
2026-02-09,000333,13:50:39,78.6800,48,2
2026-02-09,000333,13:50:42,78.7000,44,1
2026-02-09,000333,13:50:45,78.7000,19,2
2026-02-09,000333,13:50:48,78.6900,63,2
2026-02-09,000333,13:50:51,78.6700,93,2
2026-02-09,000333,13:50:54,78.6900,67,1
2026-02-09,000333,13:50:57,78.6800,42,2
2026-02-09,000333,13:51:00,78.6600,14,2
2026-02-09,000333,13:51:03,78.6700,108,1
2026-02-09,000333,13:51:06,78.6500,65,2
2026-02-09,000333,13:51:09,78.6600,125,1
2026-02-09,000333,13:51:12,78.6600,97,1
2026-02-09,000333,13:51:15,78.6600,9,2
2026-02-09,000333,13:51:18,78.6500,56,2
2026-02-09,000333,13:51:21,78.6500,40,2
2026-02-09,000333,13:51:24,78.6500,23,2
2026-02-09,000333,13:51:27,78.6500,36,2
2026-02-09,000333,13:51:30,78.6700,8,1
2026-02-09,000333,13:51:33,78.6700,26,1
2026-02-09,000333,13:51:36,78.6500,2,2
2026-02-09,000333,13:51:39,78.6500,11,2
2026-02-09,000333,13:51:42,78.6600,524,4
2026-02-09,000333,13:51:45,78.6700,223,1
2026-02-09,000333,13:51:48,78.6500,15,2
2026-02-09,000333,13:51:51,78.6600,61,4
2026-02-09,000333,13:51:54,78.6600,23,2
2026-02-09,000333,13:51:57,78.6600,2,2
2026-02-09,000333,13:52:00,78.6600,19,2
2026-02-09,000333,13:52:03,78.6600,8,2
2026-02-09,000333,13:52:06,78.6600,47,2
2026-02-09,000333,13:52:09,78.6700,11,1
2026-02-09,000333,13:52:12,78.6600,100,2
2026-02-09,000333,13:52:15,78.6600,32,1
2026-02-09,000333,13:52:18,78.6500,61,2
2026-02-09,000333,13:52:21,78.6600,76,2
2026-02-09,000333,13:52:24,78.6600,114,1
2026-02-09,000333,13:52:27,78.6600,36,4
2026-02-09,000333,13:52:30,78.6500,51,2
2026-02-09,000333,13:52:33,78.6500,2,2
2026-02-09,000333,13:52:36,78.6500,32,2
2026-02-09,000333,13:52:39,78.6500,7,2
2026-02-09,000333,13:52:42,78.6500,36,2
2026-02-09,000333,13:52:45,78.6500,10,2
2026-02-09,000333,13:52:48,78.6600,15,1
2026-02-09,000333,13:52:51,78.6600,10,1
2026-02-09,000333,13:52:54,78.6500,73,2
2026-02-09,000333,13:52:57,78.6400,55,2
2026-02-09,000333,13:53:00,78.6400,17,2
2026-02-09,000333,13:53:03,78.6500,10,1
2026-02-09,000333,13:53:06,78.6400,5,2
2026-02-09,000333,13:53:09,78.6500,70,1
2026-02-09,000333,13:53:12,78.6400,17,1
2026-02-09,000333,13:53:15,78.6300,16,2
2026-02-09,000333,13:53:18,78.6400,83,1
2026-02-09,000333,13:53:21,78.6400,13,2
2026-02-09,000333,13:53:24,78.6300,7,2
2026-02-09,000333,13:53:27,78.6500,7,1
2026-02-09,000333,13:53:30,78.6400,12,2
2026-02-09,000333,13:53:33,78.6400,97,2
2026-02-09,000333,13:53:36,78.6400,27,4
2026-02-09,000333,13:53:39,78.6200,25,2
2026-02-09,000333,13:53:42,78.6500,7,1
2026-02-09,000333,13:53:45,78.6500,67,1
2026-02-09,000333,13:53:48,78.6400,42,2
2026-02-09,000333,13:53:51,78.6500,276,1
2026-02-09,000333,13:53:54,78.6400,55,2
2026-02-09,000333,13:53:57,78.6400,78,2
2026-02-09,000333,13:54:00,78.6300,52,2
2026-02-09,000333,13:54:03,78.6400,87,4
2026-02-09,000333,13:54:06,78.6500,3,1
2026-02-09,000333,13:54:09,78.6300,92,2
2026-02-09,000333,13:54:12,78.6300,131,1
2026-02-09,000333,13:54:15,78.6000,70,2
2026-02-09,000333,13:54:18,78.6200,176,1
2026-02-09,000333,13:54:21,78.6200,65,1
2026-02-09,000333,13:54:24,78.6100,12,2
2026-02-09,000333,13:54:27,78.6100,22,2
2026-02-09,000333,13:54:30,78.6000,30,2
2026-02-09,000333,13:54:33,78.6000,88,2
2026-02-09,000333,13:54:36,78.6100,34,1
2026-02-09,000333,13:54:39,78.6000,99,2
2026-02-09,000333,13:54:42,78.6000,104,2
2026-02-09,000333,13:54:45,78.6000,131,2
2026-02-09,000333,13:54:48,78.6000,42,2
2026-02-09,000333,13:54:51,78.6000,53,1
2026-02-09,000333,13:54:54,78.5900,18,2
2026-02-09,000333,13:54:57,78.5800,82,2
2026-02-09,000333,13:55:00,78.5700,31,2
2026-02-09,000333,13:55:03,78.5800,32,1
2026-02-09,000333,13:55:06,78.5900,67,1
2026-02-09,000333,13:55:09,78.5800,189,4
2026-02-09,000333,13:55:12,78.5900,47,4
2026-02-09,000333,13:55:15,78.6000,183,1
2026-02-09,000333,13:55:18,78.5900,35,2
2026-02-09,000333,13:55:21,78.6000,44,1
2026-02-09,000333,13:55:24,78.6100,175,1
2026-02-09,000333,13:55:27,78.6100,84,2
2026-02-09,000333,13:55:30,78.6000,19,2
2026-02-09,000333,13:55:33,78.6100,28,1
2026-02-09,000333,13:55:36,78.6200,36,1
2026-02-09,000333,13:55:39,78.6300,24,1
2026-02-09,000333,13:55:42,78.6600,24,1
2026-02-09,000333,13:55:45,78.6500,12,2
2026-02-09,000333,13:55:48,78.6500,19,2
2026-02-09,000333,13:55:51,78.6500,31,2
2026-02-09,000333,13:55:54,78.6600,9,1
2026-02-09,000333,13:55:57,78.6500,5,2
2026-02-09,000333,13:56:00,78.6500,27,2
2026-02-09,000333,13:56:03,78.6600,19,1
2026-02-09,000333,13:56:06,78.6500,79,2
2026-02-09,000333,13:56:09,78.6500,39,2
2026-02-09,000333,13:56:12,78.6400,23,2
2026-02-09,000333,13:56:15,78.6400,2,2
2026-02-09,000333,13:56:18,78.6400,14,2
2026-02-09,000333,13:56:21,78.6500,5,1
2026-02-09,000333,13:56:24,78.6400,8,2
2026-02-09,000333,13:56:27,78.6500,41,1
2026-02-09,000333,13:56:30,78.6400,43,2
2026-02-09,000333,13:56:33,78.6500,48,1
2026-02-09,000333,13:56:36,78.6500,20,1
2026-02-09,000333,13:56:39,78.6500,130,1
2026-02-09,000333,13:56:42,78.6600,39,1
2026-02-09,000333,13:56:45,78.6600,31,1
2026-02-09,000333,13:56:48,78.6600,14,1
2026-02-09,000333,13:56:51,78.6600,147,1
2026-02-09,000333,13:56:54,78.6600,34,1
2026-02-09,000333,13:56:57,78.6600,12,2
2026-02-09,000333,13:57:00,78.6600,51,2
2026-02-09,000333,13:57:03,78.6600,9,1
2026-02-09,000333,13:57:06,78.6600,40,2
2026-02-09,000333,13:57:09,78.6600,37,2
2026-02-09,000333,13:57:12,78.6600,12,1
2026-02-09,000333,13:57:15,78.6500,5,2
2026-02-09,000333,13:57:18,78.6500,48,2
2026-02-09,000333,13:57:21,78.6500,16,2
2026-02-09,000333,13:57:24,78.6600,13,1
2026-02-09,000333,13:57:27,78.6500,6,2
2026-02-09,000333,13:57:30,78.6500,11,2
2026-02-09,000333,13:57:33,78.6500,18,2
2026-02-09,000333,13:57:36,78.6600,14,1
2026-02-09,000333,13:57:39,78.6600,17,1
2026-02-09,000333,13:57:42,78.6500,24,2
2026-02-09,000333,13:57:45,78.6600,57,1
2026-02-09,000333,13:57:48,78.6500,17,2
2026-02-09,000333,13:57:51,78.6600,3,1
2026-02-09,000333,13:57:54,78.6500,63,2
2026-02-09,000333,13:57:57,78.6500,15,2
2026-02-09,000333,13:58:00,78.6500,6,2
2026-02-09,000333,13:58:03,78.6600,58,1
2026-02-09,000333,13:58:06,78.6500,104,2
2026-02-09,000333,13:58:09,78.6500,41,2
2026-02-09,000333,13:58:12,78.6600,33,1
2026-02-09,000333,13:58:15,78.6500,10,2
2026-02-09,000333,13:58:18,78.6600,60,1
2026-02-09,000333,13:58:21,78.6500,13,2
2026-02-09,000333,13:58:24,78.6500,27,2
2026-02-09,000333,13:58:27,78.6500,20,2
2026-02-09,000333,13:58:30,78.6500,42,2
2026-02-09,000333,13:58:33,78.6500,26,2
2026-02-09,000333,13:58:36,78.6500,36,2
2026-02-09,000333,13:58:39,78.6500,9,2
2026-02-09,000333,13:58:42,78.6400,4,2
2026-02-09,000333,13:58:45,78.6500,9,2
2026-02-09,000333,13:58:48,78.6500,65,2
2026-02-09,000333,13:58:51,78.6500,67,1
2026-02-09,000333,13:58:54,78.6500,175,1
2026-02-09,000333,13:58:57,78.6400,37,2
2026-02-09,000333,13:59:00,78.6300,30,2
2026-02-09,000333,13:59:03,78.6400,25,1
2026-02-09,000333,13:59:06,78.6300,10,2
2026-02-09,000333,13:59:09,78.6300,6,2
2026-02-09,000333,13:59:12,78.6300,1,2
2026-02-09,000333,13:59:15,78.6300,16,2
2026-02-09,000333,13:59:18,78.6400,12,1
2026-02-09,000333,13:59:21,78.6300,35,2
2026-02-09,000333,13:59:24,78.6200,8,2
2026-02-09,000333,13:59:27,78.6300,40,4
2026-02-09,000333,13:59:30,78.6200,17,2
2026-02-09,000333,13:59:33,78.6500,62,1
2026-02-09,000333,13:59:36,78.6400,37,2
2026-02-09,000333,13:59:39,78.6400,45,1
2026-02-09,000333,13:59:42,78.6300,17,2
2026-02-09,000333,13:59:45,78.6300,12,2
2026-02-09,000333,13:59:48,78.6300,67,2
2026-02-09,000333,13:59:51,78.6300,21,2
2026-02-09,000333,13:59:54,78.6400,19,1
2026-02-09,000333,13:59:57,78.6400,213,1
2026-02-09,000333,14:00:00,78.6400,70,1
2026-02-09,000333,14:00:03,78.6400,96,1
2026-02-09,000333,14:00:06,78.6300,26,2
2026-02-09,000333,14:00:09,78.6400,4,1
2026-02-09,000333,14:00:12,78.6500,11,1
2026-02-09,000333,14:00:15,78.6400,14,2
2026-02-09,000333,14:00:18,78.6400,37,1
2026-02-09,000333,14:00:21,78.6400,10,2
2026-02-09,000333,14:00:24,78.6400,33,2
2026-02-09,000333,14:00:27,78.6500,16,1
2026-02-09,000333,14:00:30,78.6500,24,1
2026-02-09,000333,14:00:33,78.6500,125,1
2026-02-09,000333,14:00:36,78.6500,69,1
2026-02-09,000333,14:00:39,78.6500,20,1
2026-02-09,000333,14:00:42,78.6500,21,1
2026-02-09,000333,14:00:45,78.6400,81,2
2026-02-09,000333,14:00:48,78.6400,46,1
2026-02-09,000333,14:00:51,78.6300,47,2
2026-02-09,000333,14:00:54,78.6300,27,2
2026-02-09,000333,14:00:57,78.6300,36,1
2026-02-09,000333,14:01:00,78.6300,16,1
2026-02-09,000333,14:01:03,78.6300,12,2
2026-02-09,000333,14:01:06,78.6300,8,2
2026-02-09,000333,14:01:09,78.6300,5,2
2026-02-09,000333,14:01:12,78.6300,5,2
2026-02-09,000333,14:01:15,78.6400,6,1
2026-02-09,000333,14:01:18,78.6300,8,2
2026-02-09,000333,14:01:21,78.6300,13,2
2026-02-09,000333,14:01:24,78.6200,7,2
2026-02-09,000333,14:01:27,78.6400,8,1
2026-02-09,000333,14:01:30,78.6300,20,2
2026-02-09,000333,14:01:33,78.6300,7,2
2026-02-09,000333,14:01:36,78.6400,32,1
2026-02-09,000333,14:01:39,78.6400,67,1
2026-02-09,000333,14:01:42,78.6400,117,1
2026-02-09,000333,14:01:45,78.6400,172,1
2026-02-09,000333,14:01:48,78.6500,48,1
2026-02-09,000333,14:01:51,78.6300,27,2
2026-02-09,000333,14:01:54,78.6400,3,2
2026-02-09,000333,14:01:57,78.6500,34,1
2026-02-09,000333,14:02:00,78.6400,22,2
2026-02-09,000333,14:02:03,78.6500,63,1
2026-02-09,000333,14:02:06,78.6500,17,1
2026-02-09,000333,14:02:09,78.6400,9,4
2026-02-09,000333,14:02:12,78.6300,36,2
2026-02-09,000333,14:02:15,78.6300,15,2
2026-02-09,000333,14:02:18,78.6300,11,2
2026-02-09,000333,14:02:21,78.6300,5,1
2026-02-09,000333,14:02:24,78.6300,12,1
2026-02-09,000333,14:02:27,78.6300,18,1
2026-02-09,000333,14:02:30,78.6200,42,2
2026-02-09,000333,14:02:33,78.6200,21,2
2026-02-09,000333,14:02:36,78.6300,52,1
2026-02-09,000333,14:02:39,78.6300,14,1
2026-02-09,000333,14:02:42,78.6200,45,2
2026-02-09,000333,14:02:45,78.6200,25,1
2026-02-09,000333,14:02:48,78.6200,117,1
2026-02-09,000333,14:02:51,78.6400,211,1
2026-02-09,000333,14:02:54,78.6400,8,1
2026-02-09,000333,14:02:57,78.6500,97,1
2026-02-09,000333,14:03:00,78.6300,30,2
2026-02-09,000333,14:03:03,78.6600,9,1
2026-02-09,000333,14:03:06,78.6600,27,1
2026-02-09,000333,14:03:09,78.6500,5,2
2026-02-09,000333,14:03:12,78.6600,47,1
2026-02-09,000333,14:03:15,78.6600,43,1
2026-02-09,000333,14:03:18,78.6600,5,1
2026-02-09,000333,14:03:21,78.6500,5,2
2026-02-09,000333,14:03:24,78.6600,32,1
2026-02-09,000333,14:03:27,78.6600,15,1
2026-02-09,000333,14:03:30,78.6500,18,2
2026-02-09,000333,14:03:33,78.6600,10,1
2026-02-09,000333,14:03:36,78.6600,28,1
2026-02-09,000333,14:03:39,78.6600,42,1
2026-02-09,000333,14:03:42,78.6600,22,1
2026-02-09,000333,14:03:45,78.6700,9,1
2026-02-09,000333,14:03:48,78.6700,35,1
2026-02-09,000333,14:03:51,78.6700,57,1
2026-02-09,000333,14:03:54,78.6900,67,1
2026-02-09,000333,14:03:57,78.6900,14,1
2026-02-09,000333,14:04:00,78.6900,11,1
2026-02-09,000333,14:04:03,78.7000,27,1
2026-02-09,000333,14:04:06,78.7000,16,1
2026-02-09,000333,14:04:09,78.7000,50,1
2026-02-09,000333,14:04:12,78.7000,31,1
2026-02-09,000333,14:04:15,78.7000,45,1
2026-02-09,000333,14:04:18,78.6800,34,2
2026-02-09,000333,14:04:21,78.6800,127,2
2026-02-09,000333,14:04:24,78.6800,54,1
2026-02-09,000333,14:04:27,78.6700,40,2
2026-02-09,000333,14:04:30,78.6600,41,2
2026-02-09,000333,14:04:33,78.6800,7,1
2026-02-09,000333,14:04:36,78.6700,15,2
2026-02-09,000333,14:04:39,78.6700,9,2
2026-02-09,000333,14:04:42,78.6700,18,1
2026-02-09,000333,14:04:45,78.6700,13,1
2026-02-09,000333,14:04:48,78.6700,59,1
2026-02-09,000333,14:04:51,78.6700,7,1
2026-02-09,000333,14:04:54,78.6600,31,2
2026-02-09,000333,14:04:57,78.6700,14,1
2026-02-09,000333,14:05:00,78.6600,55,2
2026-02-09,000333,14:05:03,78.6600,30,2
2026-02-09,000333,14:05:06,78.6700,16,1
2026-02-09,000333,14:05:09,78.6600,34,2
2026-02-09,000333,14:05:12,78.6700,18,1
2026-02-09,000333,14:05:15,78.6700,63,1
2026-02-09,000333,14:05:18,78.6700,4,1
2026-02-09,000333,14:05:21,78.6700,6,1
2026-02-09,000333,14:05:24,78.6700,98,1
2026-02-09,000333,14:05:27,78.6600,121,2
2026-02-09,000333,14:05:30,78.6600,47,2
2026-02-09,000333,14:05:33,78.6800,82,1
2026-02-09,000333,14:05:36,78.6800,85,1
2026-02-09,000333,14:05:39,78.6900,3,1
2026-02-09,000333,14:05:42,78.6900,24,1
2026-02-09,000333,14:05:45,78.6900,40,1
2026-02-09,000333,14:05:48,78.6800,108,2
2026-02-09,000333,14:05:51,78.6800,2,1
2026-02-09,000333,14:05:54,78.6700,3,2
2026-02-09,000333,14:05:57,78.6800,5,1
2026-02-09,000333,14:06:00,78.6700,37,2
2026-02-09,000333,14:06:03,78.6800,58,1
2026-02-09,000333,14:06:06,78.6700,198,2
2026-02-09,000333,14:06:09,78.7000,118,1
2026-02-09,000333,14:06:12,78.7000,22,1
2026-02-09,000333,14:06:15,78.7000,49,1
2026-02-09,000333,14:06:18,78.7100,53,1
2026-02-09,000333,14:06:21,78.7000,39,2
2026-02-09,000333,14:06:24,78.7100,22,1
2026-02-09,000333,14:06:27,78.7100,101,1
2026-02-09,000333,14:06:30,78.7200,40,1
2026-02-09,000333,14:06:33,78.7100,37,4
2026-02-09,000333,14:06:36,78.7000,83,2
2026-02-09,000333,14:06:39,78.7000,20,1
2026-02-09,000333,10:56:06,78.6800,37,2
2026-02-09,000333,10:56:09,78.6800,10,2
2026-02-09,000333,10:56:12,78.6900,21,1
2026-02-09,000333,10:56:15,78.6800,354,2
2026-02-09,000333,10:56:18,78.6700,104,1
2026-02-09,000333,10:56:21,78.6700,105,1
2026-02-09,000333,10:56:24,78.6600,223,2
2026-02-09,000333,10:56:27,78.6700,22,1
2026-02-09,000333,10:56:30,78.6600,18,2
2026-02-09,000333,10:56:33,78.6600,197,2
2026-02-09,000333,10:56:36,78.6600,124,1
2026-02-09,000333,10:56:39,78.6800,90,1
2026-02-09,000333,10:56:42,78.6500,130,2
2026-02-09,000333,10:56:45,78.6500,15,2
2026-02-09,000333,10:56:48,78.6600,11,2
2026-02-09,000333,10:56:51,78.6600,99,1
2026-02-09,000333,10:56:54,78.6600,70,2
2026-02-09,000333,10:56:57,78.6600,151,1
2026-02-09,000333,10:57:00,78.6600,97,1
2026-02-09,000333,10:57:03,78.6600,56,2
2026-02-09,000333,10:57:06,78.6600,103,1
2026-02-09,000333,10:57:09,78.6600,30,2
2026-02-09,000333,10:57:12,78.6600,64,2
2026-02-09,000333,10:57:15,78.6700,169,1
2026-02-09,000333,10:57:18,78.6600,74,2
2026-02-09,000333,10:57:21,78.6700,47,1
2026-02-09,000333,10:57:24,78.6700,58,1
2026-02-09,000333,10:57:27,78.6600,74,2
2026-02-09,000333,10:57:30,78.6500,37,2
2026-02-09,000333,10:57:33,78.6500,108,2
2026-02-09,000333,10:57:36,78.6500,194,2
2026-02-09,000333,10:57:39,78.6500,87,1
2026-02-09,000333,10:57:42,78.6500,62,1
2026-02-09,000333,10:57:45,78.6500,46,2
2026-02-09,000333,10:57:48,78.6400,58,2
2026-02-09,000333,10:57:51,78.6400,51,2
2026-02-09,000333,10:57:54,78.6400,95,1
2026-02-09,000333,10:57:57,78.6400,5,1
2026-02-09,000333,10:58:00,78.6200,194,2
2026-02-09,000333,10:58:03,78.6200,135,2
2026-02-09,000333,10:58:06,78.6200,89,2
2026-02-09,000333,10:58:09,78.6200,53,1
2026-02-09,000333,10:58:12,78.6100,48,2
2026-02-09,000333,10:58:15,78.6200,109,1
2026-02-09,000333,10:58:18,78.6200,87,1
2026-02-09,000333,10:58:21,78.6200,68,1
2026-02-09,000333,10:58:24,78.6200,92,1
2026-02-09,000333,10:58:27,78.6200,130,1
2026-02-09,000333,10:58:30,78.6200,52,1
2026-02-09,000333,10:58:33,78.6200,104,2
2026-02-09,000333,10:58:36,78.6200,73,2
2026-02-09,000333,10:58:39,78.6200,49,1
2026-02-09,000333,10:58:42,78.6200,255,1
2026-02-09,000333,10:58:45,78.6300,107,1
2026-02-09,000333,10:58:48,78.6300,83,2
2026-02-09,000333,10:58:51,78.6300,158,1
2026-02-09,000333,10:58:54,78.6200,114,4
2026-02-09,000333,10:58:57,78.6200,37,2
2026-02-09,000333,10:59:00,78.6300,74,1
2026-02-09,000333,10:59:03,78.6400,16,1
2026-02-09,000333,10:59:06,78.6300,199,2
2026-02-09,000333,10:59:09,78.6400,68,4
2026-02-09,000333,10:59:12,78.6200,20,2
2026-02-09,000333,10:59:15,78.6300,82,2
2026-02-09,000333,10:59:18,78.6300,33,2
2026-02-09,000333,10:59:21,78.6300,46,1
2026-02-09,000333,10:59:24,78.6300,27,1
2026-02-09,000333,10:59:27,78.6300,48,1
2026-02-09,000333,10:59:30,78.6200,8,2
2026-02-09,000333,10:59:33,78.6200,49,2
2026-02-09,000333,10:59:36,78.6300,18,1
2026-02-09,000333,10:59:39,78.6300,51,1
2026-02-09,000333,10:59:42,78.6200,61,2
2026-02-09,000333,10:59:45,78.6200,30,2
2026-02-09,000333,10:59:48,78.6100,188,2
2026-02-09,000333,10:59:51,78.6100,272,2
2026-02-09,000333,10:59:54,78.6000,116,2
2026-02-09,000333,10:59:57,78.6000,33,2
2026-02-09,000333,11:00:00,78.6000,27,2
2026-02-09,000333,11:00:03,78.6000,282,2
2026-02-09,000333,11:00:06,78.6000,356,2
2026-02-09,000333,11:00:09,78.5900,367,2
2026-02-09,000333,11:00:12,78.5800,84,2
2026-02-09,000333,11:00:15,78.5900,58,1
2026-02-09,000333,11:00:18,78.5800,403,2
2026-02-09,000333,11:00:21,78.5800,68,1
2026-02-09,000333,11:00:24,78.5700,24,2
2026-02-09,000333,11:00:27,78.5800,19,1
2026-02-09,000333,11:00:30,78.5800,65,1
2026-02-09,000333,11:00:33,78.5800,31,1
2026-02-09,000333,11:00:36,78.5800,30,1
2026-02-09,000333,11:00:39,78.5800,30,1
2026-02-09,000333,11:00:42,78.5800,17,1
2026-02-09,000333,11:00:45,78.5700,3,2
2026-02-09,000333,11:00:48,78.5700,229,2
2026-02-09,000333,11:00:51,78.5600,339,2
2026-02-09,000333,11:00:54,78.5600,47,1
2026-02-09,000333,11:00:57,78.5600,36,1
2026-02-09,000333,11:01:00,78.5600,142,1
2026-02-09,000333,11:01:03,78.5800,237,1
2026-02-09,000333,11:01:06,78.5600,128,2
2026-02-09,000333,11:01:09,78.5600,26,2
2026-02-09,000333,11:01:12,78.5700,25,1
2026-02-09,000333,11:01:15,78.5700,330,1
2026-02-09,000333,11:01:18,78.5700,38,1
2026-02-09,000333,11:01:21,78.5800,38,1
2026-02-09,000333,11:01:24,78.5500,427,2
2026-02-09,000333,11:01:27,78.5700,27,2
2026-02-09,000333,11:01:30,78.5500,68,2
2026-02-09,000333,11:01:33,78.5600,54,1
2026-02-09,000333,11:01:36,78.5600,69,1
2026-02-09,000333,11:01:39,78.5500,73,2
2026-02-09,000333,11:01:42,78.5600,86,1
2026-02-09,000333,11:01:45,78.5600,17,1
2026-02-09,000333,11:01:48,78.5600,36,1
2026-02-09,000333,11:01:51,78.5600,683,1
2026-02-09,000333,11:01:54,78.5500,93,2
2026-02-09,000333,11:01:57,78.5500,55,1
2026-02-09,000333,11:02:00,78.5300,174,2
2026-02-09,000333,11:02:03,78.5300,75,2
2026-02-09,000333,11:02:06,78.5400,26,1
2026-02-09,000333,11:02:09,78.5300,26,2
2026-02-09,000333,11:02:12,78.5400,82,1
2026-02-09,000333,11:02:15,78.5200,260,2
2026-02-09,000333,11:02:18,78.5100,533,2
2026-02-09,000333,11:02:21,78.5100,163,2
2026-02-09,000333,11:02:24,78.5100,251,2
2026-02-09,000333,11:02:27,78.5100,100,1
2026-02-09,000333,11:02:30,78.5100,105,1
2026-02-09,000333,11:02:33,78.5100,93,1
2026-02-09,000333,11:02:36,78.5100,192,1
2026-02-09,000333,11:02:39,78.5100,114,1
2026-02-09,000333,11:02:42,78.5100,111,1
2026-02-09,000333,11:02:45,78.5100,53,1
2026-02-09,000333,11:02:48,78.4700,2043,2
2026-02-09,000333,11:02:51,78.4800,488,1
2026-02-09,000333,11:02:54,78.4300,166,2
2026-02-09,000333,11:02:57,78.4600,102,1
2026-02-09,000333,11:03:00,78.4300,89,2
2026-02-09,000333,11:03:03,78.4100,120,2
2026-02-09,000333,11:03:06,78.4300,183,2
2026-02-09,000333,11:03:09,78.4300,70,2
2026-02-09,000333,11:03:12,78.5000,537,1
2026-02-09,000333,11:03:15,78.4900,44,1
2026-02-09,000333,11:03:18,78.4600,272,2
2026-02-09,000333,11:03:21,78.4700,14,1
2026-02-09,000333,11:03:24,78.4600,31,2
2026-02-09,000333,11:03:27,78.4600,40,2
2026-02-09,000333,11:03:30,78.4500,28,2
2026-02-09,000333,11:03:33,78.4600,277,1
2026-02-09,000333,11:03:36,78.4500,60,2
2026-02-09,000333,11:03:39,78.4500,29,1
2026-02-09,000333,11:03:42,78.4500,117,1
2026-02-09,000333,11:03:45,78.4500,87,2
2026-02-09,000333,11:03:48,78.4500,191,2
2026-02-09,000333,11:03:51,78.4800,47,2
2026-02-09,000333,11:03:54,78.4600,17,2
2026-02-09,000333,11:03:57,78.4800,28,1
2026-02-09,000333,11:04:00,78.4600,14,2
2026-02-09,000333,11:04:03,78.4600,24,2
2026-02-09,000333,11:04:06,78.4700,43,1
2026-02-09,000333,11:04:09,78.4500,341,2
2026-02-09,000333,11:04:12,78.4400,128,2
2026-02-09,000333,11:04:15,78.4500,447,2
2026-02-09,000333,11:04:18,78.5100,156,1
2026-02-09,000333,11:04:21,78.4500,36,2
2026-02-09,000333,11:04:24,78.5100,21,1
2026-02-09,000333,11:04:27,78.5000,54,4
2026-02-09,000333,11:04:30,78.4600,102,2
2026-02-09,000333,11:04:33,78.4600,61,2
2026-02-09,000333,11:04:36,78.5400,241,1
2026-02-09,000333,11:04:39,78.5200,11,4
2026-02-09,000333,11:04:42,78.5400,4,1
2026-02-09,000333,11:04:45,78.5300,168,2
2026-02-09,000333,11:04:48,78.5400,153,1
2026-02-09,000333,11:04:51,78.5200,59,2
2026-02-09,000333,11:04:54,78.5300,7,1
2026-02-09,000333,11:04:57,78.5300,10,1
2026-02-09,000333,11:05:00,78.5200,126,2
2026-02-09,000333,11:05:03,78.5300,64,1
2026-02-09,000333,11:05:06,78.5500,4,1
2026-02-09,000333,11:05:09,78.5400,12,1
2026-02-09,000333,11:05:12,78.5400,17,1
2026-02-09,000333,11:05:15,78.5400,38,1
2026-02-09,000333,11:05:18,78.5400,64,1
2026-02-09,000333,11:05:21,78.5400,39,2
2026-02-09,000333,11:05:24,78.5500,11,1
2026-02-09,000333,11:05:27,78.5500,11,1
2026-02-09,000333,11:05:30,78.5400,38,2
2026-02-09,000333,11:05:33,78.5500,63,1
2026-02-09,000333,11:05:36,78.5500,30,1
2026-02-09,000333,11:05:39,78.5500,22,1
2026-02-09,000333,11:05:42,78.5500,66,1
2026-02-09,000333,11:05:45,78.5500,23,1
2026-02-09,000333,11:05:48,78.5400,12,2
2026-02-09,000333,11:05:51,78.5500,21,1
2026-02-09,000333,11:05:54,78.5400,38,2
2026-02-09,000333,11:05:57,78.5500,8,1
2026-02-09,000333,11:06:00,78.5400,56,2
2026-02-09,000333,11:06:03,78.5400,18,2
2026-02-09,000333,11:06:06,78.5300,16,2
2026-02-09,000333,11:06:09,78.5400,30,1
2026-02-09,000333,11:06:12,78.5300,57,2
2026-02-09,000333,11:06:15,78.5300,35,2
2026-02-09,000333,11:06:18,78.5400,41,1
2026-02-09,000333,11:06:21,78.5400,41,1
2026-02-09,000333,11:06:24,78.5300,66,2
2026-02-09,000333,11:06:27,78.5300,25,1
2026-02-09,000333,11:06:30,78.5200,40,2
2026-02-09,000333,11:06:33,78.5300,9,4
2026-02-09,000333,11:06:36,78.5300,25,2
2026-02-09,000333,11:06:39,78.5300,28,2
2026-02-09,000333,11:06:42,78.5300,19,2
2026-02-09,000333,11:06:45,78.5200,36,2
2026-02-09,000333,11:06:48,78.5300,59,1
2026-02-09,000333,11:06:51,78.5200,15,2
2026-02-09,000333,11:06:54,78.5300,52,1
2026-02-09,000333,11:06:57,78.5300,87,1
2026-02-09,000333,11:07:00,78.5200,48,2
2026-02-09,000333,11:07:03,78.5200,13,2
2026-02-09,000333,11:07:06,78.5200,15,2
2026-02-09,000333,11:07:09,78.5200,241,2
2026-02-09,000333,11:07:12,78.5300,50,1
2026-02-09,000333,11:07:15,78.5200,64,2
2026-02-09,000333,11:07:18,78.5300,16,1
2026-02-09,000333,11:07:21,78.5300,22,1
2026-02-09,000333,11:07:24,78.5300,14,1
2026-02-09,000333,11:07:27,78.5300,35,1
2026-02-09,000333,11:07:30,78.5100,100,2
2026-02-09,000333,11:07:33,78.5200,7,1
2026-02-09,000333,11:07:36,78.5200,27,1
2026-02-09,000333,11:07:39,78.5100,20,2
2026-02-09,000333,11:07:42,78.5000,215,2
2026-02-09,000333,11:07:45,78.5100,19,4
2026-02-09,000333,11:07:48,78.5100,18,1
2026-02-09,000333,11:07:51,78.5100,40,1
2026-02-09,000333,11:07:54,78.5000,58,2
2026-02-09,000333,11:07:57,78.5100,4,1
2026-02-09,000333,11:08:00,78.5100,32,1
2026-02-09,000333,11:08:03,78.5100,21,1
2026-02-09,000333,11:08:06,78.5200,334,1
2026-02-09,000333,11:08:09,78.5300,22,1
2026-02-09,000333,11:08:12,78.5300,15,1
2026-02-09,000333,11:08:15,78.5300,29,1
2026-02-09,000333,11:08:18,78.5300,23,1
2026-02-09,000333,11:08:21,78.5300,37,1
2026-02-09,000333,11:08:24,78.5300,31,1
2026-02-09,000333,11:08:27,78.5300,23,1
2026-02-09,000333,11:08:30,78.5200,14,2
2026-02-09,000333,11:08:33,78.5300,66,1
2026-02-09,000333,11:08:36,78.5300,23,1
2026-02-09,000333,11:08:39,78.5200,48,2
2026-02-09,000333,11:08:42,78.5100,42,2
2026-02-09,000333,11:08:45,78.5200,14,1
2026-02-09,000333,11:08:48,78.5200,33,1
2026-02-09,000333,11:08:51,78.5200,68,1
2026-02-09,000333,11:08:54,78.5200,106,1
2026-02-09,000333,11:08:57,78.5200,9,4
2026-02-09,000333,11:09:00,78.5100,31,2
2026-02-09,000333,11:09:03,78.5300,17,1
2026-02-09,000333,11:09:06,78.5200,14,1
2026-02-09,000333,11:09:09,78.5200,48,1
2026-02-09,000333,11:09:12,78.5200,23,1
2026-02-09,000333,11:09:15,78.5200,14,1
2026-02-09,000333,11:09:18,78.5200,22,1
2026-02-09,000333,11:09:21,78.5200,13,1
2026-02-09,000333,11:09:24,78.5200,75,1
2026-02-09,000333,11:09:27,78.5100,175,2
2026-02-09,000333,11:09:30,78.5000,52,2
2026-02-09,000333,11:09:33,78.5100,12,1
2026-02-09,000333,11:09:36,78.5100,29,1
2026-02-09,000333,11:09:39,78.5100,85,1
2026-02-09,000333,11:09:42,78.5000,7,2
2026-02-09,000333,11:09:45,78.5000,22,2
2026-02-09,000333,11:09:48,78.5100,31,1
2026-02-09,000333,11:09:51,78.5000,39,2
2026-02-09,000333,11:09:54,78.5000,40,2
2026-02-09,000333,11:09:57,78.5000,26,2
2026-02-09,000333,11:10:00,78.4900,27,2
2026-02-09,000333,11:10:03,78.4900,23,2
2026-02-09,000333,11:10:06,78.4900,23,2
2026-02-09,000333,11:10:09,78.4900,14,2
2026-02-09,000333,11:10:12,78.5000,60,1
2026-02-09,000333,11:10:15,78.5000,35,1
2026-02-09,000333,11:10:18,78.4900,1,2
2026-02-09,000333,11:10:21,78.5000,29,1
2026-02-09,000333,11:10:24,78.5000,62,1
2026-02-09,000333,11:10:27,78.4900,55,2
2026-02-09,000333,11:10:30,78.4900,40,2
2026-02-09,000333,11:10:33,78.4900,9,2
2026-02-09,000333,11:10:36,78.4900,72,2
2026-02-09,000333,11:10:39,78.4900,39,1
2026-02-09,000333,11:10:42,78.4800,29,2
2026-02-09,000333,11:10:45,78.4900,15,1
2026-02-09,000333,11:10:48,78.4900,42,1
2026-02-09,000333,11:10:51,78.5000,80,1
2026-02-09,000333,11:10:54,78.5000,525,1
2026-02-09,000333,11:10:57,78.5500,22,1
2026-02-09,000333,11:11:00,78.5300,25,4
2026-02-09,000333,11:11:03,78.5400,6,1
2026-02-09,000333,11:11:06,78.5400,10,1
2026-02-09,000333,11:11:09,78.5400,13,1
2026-02-09,000333,11:11:12,78.5300,49,2
2026-02-09,000333,11:11:15,78.5400,14,1
2026-02-09,000333,11:11:18,78.5400,24,1
2026-02-09,000333,11:11:21,78.5400,45,1
2026-02-09,000333,11:11:24,78.5400,65,1
2026-02-09,000333,11:11:27,78.5400,24,1
2026-02-09,000333,11:11:30,78.5300,27,2
2026-02-09,000333,11:11:33,78.5400,84,1
2026-02-09,000333,11:11:36,78.5400,23,1
2026-02-09,000333,11:11:39,78.5200,45,2
2026-02-09,000333,11:11:42,78.5200,13,1
2026-02-09,000333,11:11:45,78.5100,5,2
2026-02-09,000333,11:11:48,78.5200,41,1
2026-02-09,000333,11:11:51,78.5200,90,1
2026-02-09,000333,11:11:54,78.5200,22,2
2026-02-09,000333,11:11:57,78.5300,14,1
2026-02-09,000333,11:12:00,78.5200,16,2
2026-02-09,000333,11:12:03,78.5200,20,2
2026-02-09,000333,11:12:06,78.5200,10,2
2026-02-09,000333,11:12:09,78.5300,4,1
2026-02-09,000333,11:12:12,78.5300,47,1
2026-02-09,000333,11:12:15,78.5300,29,1
2026-02-09,000333,11:12:18,78.5300,85,1
2026-02-09,000333,11:12:21,78.5300,70,1
2026-02-09,000333,11:12:24,78.5500,28,1
2026-02-09,000333,11:12:27,78.5500,13,1
2026-02-09,000333,11:12:30,78.5400,32,2
2026-02-09,000333,11:12:33,78.5400,82,2
2026-02-09,000333,11:12:36,78.5400,17,1
2026-02-09,000333,11:12:39,78.5400,15,1
2026-02-09,000333,11:12:42,78.5300,36,2
2026-02-09,000333,11:12:45,78.5300,70,2
2026-02-09,000333,11:12:48,78.5200,49,2
2026-02-09,000333,11:12:51,78.5300,27,1
2026-02-09,000333,11:12:54,78.5300,18,1
2026-02-09,000333,11:12:57,78.5200,10,2
2026-02-09,000333,11:13:00,78.5300,485,1
2026-02-09,000333,11:13:03,78.5300,15,2
2026-02-09,000333,11:13:06,78.5400,7,1
2026-02-09,000333,11:13:09,78.5400,21,1
2026-02-09,000333,11:13:12,78.5300,12,2
2026-02-09,000333,11:13:15,78.5400,21,1
2026-02-09,000333,11:13:18,78.5400,27,1
2026-02-09,000333,11:13:21,78.5400,24,1
2026-02-09,000333,11:13:24,78.5400,16,1
2026-02-09,000333,11:13:27,78.5400,19,1
2026-02-09,000333,11:13:30,78.5300,24,2
2026-02-09,000333,11:13:33,78.5300,34,2
2026-02-09,000333,11:13:36,78.5300,145,2
2026-02-09,000333,11:13:39,78.5300,65,2
2026-02-09,000333,11:13:42,78.5200,33,2
2026-02-09,000333,11:13:45,78.5200,44,2
2026-02-09,000333,11:13:48,78.5200,53,2
2026-02-09,000333,11:13:51,78.5300,34,1
2026-02-09,000333,11:13:54,78.5300,33,1
2026-02-09,000333,11:13:57,78.5300,4,1
2026-02-09,000333,11:14:00,78.5200,22,2
2026-02-09,000333,11:14:03,78.5200,27,2
2026-02-09,000333,11:14:06,78.5200,17,2
2026-02-09,000333,11:14:09,78.5200,13,2
2026-02-09,000333,11:14:12,78.5200,35,2
2026-02-09,000333,11:14:15,78.5200,25,2
2026-02-09,000333,11:14:18,78.5200,124,2
2026-02-09,000333,11:14:21,78.5100,136,2
2026-02-09,000333,11:14:24,78.5200,21,1
2026-02-09,000333,11:14:27,78.5100,13,2
2026-02-09,000333,11:14:30,78.5000,147,2
2026-02-09,000333,11:14:33,78.5000,22,2
2026-02-09,000333,11:14:36,78.5100,26,1
2026-02-09,000333,11:14:39,78.5000,40,2
2026-02-09,000333,11:14:42,78.5000,159,2
2026-02-09,000333,11:14:45,78.5000,69,1
2026-02-09,000333,11:14:48,78.4900,22,2
2026-02-09,000333,11:14:51,78.4900,61,1
2026-02-09,000333,11:14:54,78.4900,22,1
2026-02-09,000333,11:14:57,78.4900,25,1
2026-02-09,000333,11:15:00,78.4800,40,2
2026-02-09,000333,11:15:03,78.4900,28,1
2026-02-09,000333,11:15:06,78.4900,6,2
2026-02-09,000333,11:15:09,78.4900,54,2
2026-02-09,000333,11:15:12,78.5000,21,1
2026-02-09,000333,11:15:15,78.4900,4,2
2026-02-09,000333,11:15:18,78.4900,25,2
2026-02-09,000333,11:15:21,78.4900,93,2
2026-02-09,000333,11:15:24,78.4900,27,1
2026-02-09,000333,11:15:27,78.4900,952,1
2026-02-09,000333,11:15:30,78.4800,189,2
2026-02-09,000333,11:15:33,78.4900,15,1
2026-02-09,000333,11:15:36,78.4900,44,1
2026-02-09,000333,11:15:39,78.4900,14,1
2026-02-09,000333,11:15:42,78.4900,8,1
2026-02-09,000333,11:15:45,78.4800,50,2
2026-02-09,000333,11:15:48,78.4900,4,4
2026-02-09,000333,11:15:51,78.5000,369,1
2026-02-09,000333,11:15:54,78.4900,19,2
2026-02-09,000333,11:15:57,78.4900,37,2
2026-02-09,000333,11:16:00,78.5000,55,1
2026-02-09,000333,11:16:03,78.5000,3,1
2026-02-09,000333,11:16:06,78.4900,10,2
2026-02-09,000333,11:16:09,78.5000,18,1
2026-02-09,000333,11:16:12,78.4900,35,2
2026-02-09,000333,11:16:15,78.5000,156,1
2026-02-09,000333,11:16:18,78.5100,19,1
2026-02-09,000333,11:16:21,78.5100,261,1
2026-02-09,000333,11:16:24,78.4900,49,2
2026-02-09,000333,11:16:27,78.4800,27,2
2026-02-09,000333,11:16:30,78.4700,33,2
2026-02-09,000333,11:16:33,78.4800,107,1
2026-02-09,000333,11:16:36,78.4800,23,2
2026-02-09,000333,11:16:39,78.4800,11,2
2026-02-09,000333,11:16:42,78.4900,89,1
2026-02-09,000333,11:16:45,78.5000,130,1
2026-02-09,000333,11:16:48,78.4900,6,4
2026-02-09,000333,11:16:51,78.5000,15,1
2026-02-09,000333,11:16:54,78.4900,18,2
2026-02-09,000333,11:16:57,78.4900,205,2
2026-02-09,000333,11:17:00,78.4900,49,2
2026-02-09,000333,11:17:03,78.5000,4,1
2026-02-09,000333,11:17:06,78.5000,4,1
2026-02-09,000333,11:17:09,78.5000,79,1
2026-02-09,000333,11:17:12,78.5000,36,1
2026-02-09,000333,11:17:15,78.5000,88,1
2026-02-09,000333,11:17:18,78.5000,40,1
2026-02-09,000333,11:17:21,78.5000,107,1
2026-02-09,000333,11:17:24,78.5100,18,1
2026-02-09,000333,11:17:27,78.5100,27,1
2026-02-09,000333,11:17:30,78.5000,32,2
2026-02-09,000333,11:17:33,78.5100,151,1
2026-02-09,000333,11:17:36,78.5000,98,4
2026-02-09,000333,11:17:39,78.5000,12,1
2026-02-09,000333,11:17:42,78.5000,10,1
2026-02-09,000333,11:17:45,78.4900,148,2
2026-02-09,000333,11:17:48,78.4900,52,1
2026-02-09,000333,11:17:51,78.4900,172,1
2026-02-09,000333,11:17:54,78.4900,129,1
2026-02-09,000333,11:17:57,78.4900,312,2
2026-02-09,000333,11:18:00,78.4900,32,2
2026-02-09,000333,11:18:03,78.4900,138,2
2026-02-09,000333,11:18:06,78.4900,5,2
2026-02-09,000333,11:18:09,78.4900,12,2
2026-02-09,000333,11:18:12,78.4800,115,2
2026-02-09,000333,11:18:15,78.4800,191,2
2026-02-09,000333,11:18:18,78.4700,166,2
2026-02-09,000333,11:18:21,78.4800,9,1
2026-02-09,000333,11:18:24,78.4800,68,2
2026-02-09,000333,11:18:27,78.4700,48,2
2026-02-09,000333,11:18:30,78.4600,88,2
2026-02-09,000333,11:18:33,78.5000,260,1
2026-02-09,000333,11:18:36,78.4700,1,2
2026-02-09,000333,11:18:39,78.5000,4,1
2026-02-09,000333,11:18:42,78.5000,41,1
2026-02-09,000333,11:18:45,78.5000,36,1
2026-02-09,000333,11:18:48,78.5000,11,1
2026-02-09,000333,11:18:51,78.4900,19,2
2026-02-09,000333,11:18:54,78.4900,50,2
2026-02-09,000333,11:18:57,78.4900,21,2
2026-02-09,000333,11:19:00,78.4900,28,2
2026-02-09,000333,11:19:03,78.4900,23,2
2026-02-09,000333,11:19:06,78.4900,42,2
2026-02-09,000333,11:19:09,78.4900,31,2
2026-02-09,000333,11:19:12,78.5000,14,1
2026-02-09,000333,11:19:15,78.5000,19,1
2026-02-09,000333,11:19:18,78.4900,10,2
2026-02-09,000333,11:19:21,78.5000,16,1
2026-02-09,000333,11:19:24,78.4900,33,2
2026-02-09,000333,11:19:27,78.5200,279,1
2026-02-09,000333,11:19:30,78.4900,194,2
2026-02-09,000333,11:19:33,78.5200,80,1
2026-02-09,000333,11:19:36,78.5000,104,2
2026-02-09,000333,11:19:39,78.5100,45,1
2026-02-09,000333,11:19:42,78.5000,141,2
2026-02-09,000333,11:19:45,78.5200,25,1
2026-02-09,000333,11:19:48,78.5100,2,1
2026-02-09,000333,11:19:51,78.5100,4,2
2026-02-09,000333,11:19:54,78.5200,3,1
2026-02-09,000333,11:19:57,78.5200,18,1
2026-02-09,000333,11:20:00,78.5100,15,2
2026-02-09,000333,11:20:03,78.5200,1,1
2026-02-09,000333,11:20:06,78.5200,8,1
2026-02-09,000333,11:20:09,78.5200,14,1
2026-02-09,000333,11:20:12,78.5100,18,2
2026-02-09,000333,11:20:15,78.5300,76,1
2026-02-09,000333,11:20:18,78.5300,7,1
2026-02-09,000333,11:20:21,78.5200,138,2
2026-02-09,000333,11:20:24,78.5200,5,2
2026-02-09,000333,11:20:27,78.5300,24,1
2026-02-09,000333,11:20:30,78.5200,90,2
2026-02-09,000333,11:20:33,78.5200,4,1
2026-02-09,000333,11:20:36,78.5200,10,1
2026-02-09,000333,11:20:39,78.5100,6,2
2026-02-09,000333,11:20:42,78.5200,13,1
2026-02-09,000333,11:20:45,78.5200,64,1
2026-02-09,000333,11:20:48,78.5200,54,1
2026-02-09,000333,11:20:51,78.5200,31,1
2026-02-09,000333,11:20:54,78.5200,51,1
2026-02-09,000333,11:20:57,78.5200,31,1
2026-02-09,000333,11:21:00,78.5100,43,2
