date,code,time,price,volume,bs
2026-06-16,000858,14:06:18,78.2500,28,2
2026-06-16,000858,14:06:21,78.2500,51,2
2026-06-16,000858,14:06:24,78.2500,1,2
2026-06-16,000858,14:06:30,78.2500,22,2
2026-06-16,000858,14:06:33,78.2600,6,1
2026-06-16,000858,14:06:36,78.2500,14,2
2026-06-16,000858,14:06:39,78.2600,6,1
2026-06-16,000858,14:06:42,78.2600,37,1
2026-06-16,000858,14:06:45,78.2500,12,2
2026-06-16,000858,14:06:48,78.2500,9,2
2026-06-16,000858,14:06:51,78.2600,2,1
2026-06-16,000858,14:06:54,78.2600,5,1
2026-06-16,000858,14:06:57,78.2500,62,2
2026-06-16,000858,14:07:00,78.2600,3,1
2026-06-16,000858,14:07:03,78.2600,27,1
2026-06-16,000858,14:07:06,78.2600,35,1
2026-06-16,000858,14:07:09,78.2600,20,1
2026-06-16,000858,14:07:12,78.2600,26,2
2026-06-16,000858,14:07:18,78.2700,3,1
2026-06-16,000858,14:07:24,78.2700,33,1
2026-06-16,000858,14:07:27,78.2600,12,2
2026-06-16,000858,14:07:30,78.2700,284,1
2026-06-16,000858,14:07:33,78.2700,53,2
2026-06-16,000858,14:07:36,78.2700,6,2
2026-06-16,000858,14:07:39,78.2800,15,1
2026-06-16,000858,14:07:42,78.2700,38,2
2026-06-16,000858,14:07:45,78.2700,5,1
2026-06-16,000858,14:07:48,78.2700,13,1
2026-06-16,000858,14:07:51,78.2700,51,1
2026-06-16,000858,14:07:54,78.2700,5,1
2026-06-16,000858,14:07:57,78.2700,21,2
2026-06-16,000858,14:08:00,78.2700,3,4
2026-06-16,000858,14:08:03,78.2600,9,2
2026-06-16,000858,14:08:06,78.2800,8,1
2026-06-16,000858,14:08:09,78.2800,1,1
2026-06-16,000858,14:08:12,78.2700,32,2
2026-06-16,000858,14:08:15,78.2700,1,1
2026-06-16,000858,14:08:18,78.2700,4,1
2026-06-16,000858,14:08:21,78.2700,4,1
2026-06-16,000858,14:08:24,78.2700,3,1
2026-06-16,000858,14:08:27,78.2600,9,2
2026-06-16,000858,14:08:30,78.2700,30,1
2026-06-16,000858,14:08:33,78.2700,23,1
2026-06-16,000858,14:08:36,78.2700,5,4
2026-06-16,000858,14:08:39,78.2700,12,1
2026-06-16,000858,14:08:42,78.2600,55,2
2026-06-16,000858,14:08:45,78.2600,16,2
2026-06-16,000858,14:08:48,78.2600,19,1
2026-06-16,000858,14:08:51,78.2600,9,4
2026-06-16,000858,14:08:54,78.2600,1,2
2026-06-16,000858,14:08:57,78.2600,6,2
2026-06-16,000858,14:09:00,78.2600,2,2
2026-06-16,000858,14:09:03,78.2600,4,2
2026-06-16,000858,14:09:06,78.2800,137,1
2026-06-16,000858,14:09:09,78.2700,5,4
2026-06-16,000858,14:09:12,78.2700,2,1
2026-06-16,000858,14:09:15,78.2700,10,2
2026-06-16,000858,14:09:18,78.2700,6,2
2026-06-16,000858,14:09:24,78.2800,8,1
2026-06-16,000858,14:09:27,78.2800,7,1
2026-06-16,000858,14:09:30,78.2800,26,1
2026-06-16,000858,14:09:33,78.2700,40,2
2026-06-16,000858,14:09:36,78.2700,19,2
2026-06-16,000858,14:09:39,78.2800,33,1
2026-06-16,000858,14:09:42,78.2700,39,2
2026-06-16,000858,14:09:45,78.2900,12,1
2026-06-16,000858,14:09:48,78.2800,14,2
2026-06-16,000858,14:09:51,78.2800,47,2
2026-06-16,000858,14:09:54,78.2800,17,1
2026-06-16,000858,14:09:57,78.2800,15,1
2026-06-16,000858,14:10:00,78.2800,8,1
2026-06-16,000858,14:10:03,78.2700,69,2
2026-06-16,000858,14:10:06,78.2700,11,1
2026-06-16,000858,14:10:09,78.2700,4,1
2026-06-16,000858,14:10:12,78.2700,13,1
2026-06-16,000858,14:10:15,78.2700,46,1
2026-06-16,000858,14:10:18,78.2700,18,2
2026-06-16,000858,14:10:21,78.2700,7,2
2026-06-16,000858,14:10:24,78.2800,16,1
2026-06-16,000858,14:10:27,78.2800,25,1
2026-06-16,000858,14:10:30,78.2800,1,2
2026-06-16,000858,14:10:36,78.2800,28,2
2026-06-16,000858,14:10:39,78.2800,6,2
2026-06-16,000858,14:10:42,78.2800,6,1
2026-06-16,000858,14:10:45,78.2900,3,1
2026-06-16,000858,14:10:48,78.2800,25,2
2026-06-16,000858,14:10:51,78.2900,1,1
2026-06-16,000858,14:10:54,78.2800,47,2
2026-06-16,000858,14:10:57,78.2800,3,4
2026-06-16,000858,14:11:00,78.2700,2,2
2026-06-16,000858,14:11:03,78.2700,2,2
2026-06-16,000858,14:11:06,78.2800,34,1
2026-06-16,000858,14:11:09,78.2700,26,2
2026-06-16,000858,14:11:12,78.2800,23,1
2026-06-16,000858,14:11:15,78.2700,60,2
2026-06-16,000858,14:11:18,78.2800,17,1
2026-06-16,000858,14:11:21,78.2800,6,1
2026-06-16,000858,14:11:24,78.2800,74,2
2026-06-16,000858,14:11:27,78.2800,5,1
2026-06-16,000858,14:11:30,78.2800,1,2
2026-06-16,000858,14:11:33,78.2900,3,1
2026-06-16,000858,14:11:36,78.2800,16,2
2026-06-16,000858,14:11:39,78.2900,19,1
2026-06-16,000858,14:11:42,78.2800,19,2
2026-06-16,000858,14:11:45,78.2900,13,1
2026-06-16,000858,14:11:48,78.2900,3,1
2026-06-16,000858,14:11:51,78.2900,10,1
2026-06-16,000858,14:11:54,78.2900,30,1
2026-06-16,000858,14:11:57,78.2900,54,1
2026-06-16,000858,14:12:00,78.2900,74,1
2026-06-16,000858,14:12:03,78.2900,37,2
2026-06-16,000858,14:12:06,78.2900,1,1
2026-06-16,000858,14:12:09,78.2800,19,2
2026-06-16,000858,14:12:12,78.3000,1,1
2026-06-16,000858,14:12:15,78.3000,17,1
2026-06-16,000858,14:12:18,78.3100,95,1
2026-06-16,000858,14:12:21,78.3300,97,1
2026-06-16,000858,14:12:24,78.3500,60,1
2026-06-16,000858,14:12:27,78.3500,33,1
2026-06-16,000858,14:12:30,78.3400,29,2
2026-06-16,000858,14:12:33,78.3400,15,2
2026-06-16,000858,14:12:36,78.3500,10,4
2026-06-16,000858,14:12:39,78.3400,1,2
2026-06-16,000858,14:12:42,78.3500,44,1
2026-06-16,000858,14:12:45,78.3400,29,2
2026-06-16,000858,14:12:48,78.3400,9,2
2026-06-16,000858,14:12:51,78.3300,11,2
2026-06-16,000858,14:12:54,78.3400,33,2
2026-06-16,000858,14:12:57,78.3400,13,2
2026-06-16,000858,14:13:00,78.3500,75,1
2026-06-16,000858,14:13:03,78.3500,7,1
2026-06-16,000858,14:13:06,78.3400,47,2
2026-06-16,000858,14:13:09,78.3500,3,1
2026-06-16,000858,14:13:12,78.3500,6,1
2026-06-16,000858,14:13:15,78.3500,6,1
2026-06-16,000858,14:13:18,78.3500,6,1
2026-06-16,000858,14:13:21,78.3400,7,2
2026-06-16,000858,14:13:24,78.3400,6,2
2026-06-16,000858,14:13:27,78.3500,24,1
2026-06-16,000858,14:13:30,78.3400,27,2
2026-06-16,000858,14:13:33,78.3500,5,1
2026-06-16,000858,14:13:36,78.3500,12,1
2026-06-16,000858,14:13:39,78.3400,14,2
2026-06-16,000858,14:13:42,78.3400,3,2
2026-06-16,000858,14:13:45,78.3500,8,1
2026-06-16,000858,14:13:48,78.3500,6,1
2026-06-16,000858,14:13:51,78.3500,9,1
2026-06-16,000858,14:13:54,78.3500,6,1
2026-06-16,000858,14:13:57,78.3600,34,1
2026-06-16,000858,14:14:00,78.3600,31,1
2026-06-16,000858,14:14:03,78.3600,21,1
2026-06-16,000858,14:14:06,78.3600,14,1
2026-06-16,000858,14:14:09,78.3500,46,2
2026-06-16,000858,14:14:12,78.3400,78,2
2026-06-16,000858,14:14:15,78.3500,122,1
2026-06-16,000858,14:14:18,78.3300,9,2
2026-06-16,000858,14:14:21,78.3300,22,1
2026-06-16,000858,14:14:24,78.3400,35,1
2026-06-16,000858,14:14:27,78.3200,12,2
2026-06-16,000858,14:14:30,78.3200,46,2
2026-06-16,000858,14:14:33,78.3200,8,1
2026-06-16,000858,14:14:36,78.3100,35,2
2026-06-16,000858,14:14:39,78.3100,12,2
2026-06-16,000858,14:14:42,78.3200,5,1
2026-06-16,000858,14:14:45,78.3200,16,1
2026-06-16,000858,14:14:48,78.3100,2,1
2026-06-16,000858,14:14:51,78.3100,10,4
2026-06-16,000858,14:14:54,78.3100,25,1
2026-06-16,000858,14:14:57,78.3100,16,2
2026-06-16,000858,14:15:00,78.3000,10,2
2026-06-16,000858,14:15:03,78.3100,18,1
2026-06-16,000858,14:15:06,78.3000,43,2
2026-06-16,000858,14:15:09,78.3100,43,1
2026-06-16,000858,14:15:12,78.3100,1,2
2026-06-16,000858,14:15:15,78.3000,3,2
2026-06-16,000858,14:15:18,78.3000,22,2
2026-06-16,000858,14:15:21,78.3100,4,4
2026-06-16,000858,14:15:24,78.3200,85,1
2026-06-16,000858,14:15:27,78.3100,41,2
2026-06-16,000858,14:15:30,78.3100,11,2
2026-06-16,000858,14:15:33,78.3000,24,2
2026-06-16,000858,14:15:36,78.3200,5,1
2026-06-16,000858,14:15:39,78.3200,8,1
2026-06-16,000858,14:15:42,78.3200,4,1
2026-06-16,000858,14:15:45,78.3200,10,1
2026-06-16,000858,14:15:48,78.3200,12,1
2026-06-16,000858,14:15:51,78.3100,5,2
2026-06-16,000858,14:15:54,78.3200,71,1
2026-06-16,000858,14:15:57,78.3200,53,1
2026-06-16,000858,14:16:00,78.3200,7,1
2026-06-16,000858,14:16:03,78.3200,5,1
2026-06-16,000858,14:16:06,78.3200,4,1
2026-06-16,000858,14:16:09,78.3200,29,1
2026-06-16,000858,14:16:12,78.3300,8,1
2026-06-16,000858,14:16:15,78.3200,31,2
2026-06-16,000858,14:16:18,78.3200,55,2
2026-06-16,000858,14:16:21,78.3200,58,1
2026-06-16,000858,14:16:24,78.3200,28,2
2026-06-16,000858,14:16:27,78.3100,18,2
2026-06-16,000858,14:16:30,78.3100,17,2
2026-06-16,000858,14:16:33,78.3200,28,1
2026-06-16,000858,14:16:36,78.3200,4,1
2026-06-16,000858,14:16:39,78.3300,29,1
2026-06-16,000858,14:16:42,78.3200,25,2
2026-06-16,000858,14:16:45,78.3200,7,2
2026-06-16,000858,14:16:48,78.3300,4,1
2026-06-16,000858,14:16:51,78.3300,10,1
2026-06-16,000858,14:16:54,78.3200,3,2
2026-06-16,000858,14:16:57,78.3200,28,2
2026-06-16,000858,14:17:00,78.3200,6,2
2026-06-16,000858,14:17:03,78.3200,21,2
2026-06-16,000858,14:17:06,78.3300,31,1
2026-06-16,000858,14:17:09,78.3300,37,1
2026-06-16,000858,14:17:12,78.3300,13,1
2026-06-16,000858,14:17:15,78.3200,14,2
2026-06-16,000858,14:17:18,78.3300,26,1
2026-06-16,000858,14:17:21,78.3200,6,2
2026-06-16,000858,14:17:24,78.3300,63,1
2026-06-16,000858,14:17:27,78.3200,20,2
2026-06-16,000858,14:17:30,78.3200,4,2
2026-06-16,000858,14:17:33,78.3200,28,2
2026-06-16,000858,14:17:36,78.3300,1,1
2026-06-16,000858,14:17:39,78.3300,1,1
2026-06-16,000858,14:17:42,78.3300,3,1
2026-06-16,000858,14:17:45,78.3200,24,2
2026-06-16,000858,14:17:48,78.3300,30,1
2026-06-16,000858,14:17:57,78.3300,3,1
2026-06-16,000858,14:18:00,78.3200,47,2
2026-06-16,000858,14:18:03,78.3200,6,2
2026-06-16,000858,14:18:06,78.3300,22,1
2026-06-16,000858,14:18:09,78.3200,18,2
2026-06-16,000858,14:18:12,78.3300,6,1
2026-06-16,000858,14:18:15,78.3200,8,2
2026-06-16,000858,14:18:18,78.3200,63,2
2026-06-16,000858,14:18:21,78.3200,38,2
2026-06-16,000858,14:18:24,78.3300,26,1
2026-06-16,000858,14:18:27,78.3400,51,1
2026-06-16,000858,14:18:30,78.3400,112,1
2026-06-16,000858,14:18:33,78.3600,75,1
2026-06-16,000858,14:18:36,78.3700,82,1
2026-06-16,000858,14:18:39,78.3700,87,1
2026-06-16,000858,14:18:42,78.3700,18,2
2026-06-16,000858,14:18:45,78.3800,20,1
2026-06-16,000858,14:18:48,78.3800,41,1
2026-06-16,000858,14:18:51,78.3800,34,1
2026-06-16,000858,14:18:54,78.3800,5,1
2026-06-16,000858,14:18:57,78.3900,44,1
2026-06-16,000858,14:19:00,78.3900,1,1
2026-06-16,000858,14:19:03,78.3800,7,2
2026-06-16,000858,14:19:06,78.3900,32,1
2026-06-16,000858,14:19:09,78.3900,120,1
2026-06-16,000858,14:19:12,78.3900,26,2
2026-06-16,000858,14:19:15,78.4200,206,1
2026-06-16,000858,14:19:18,78.4100,16,2
2026-06-16,000858,14:19:21,78.4100,27,2
2026-06-16,000858,14:19:24,78.4100,20,2
2026-06-16,000858,14:19:27,78.4100,34,2
2026-06-16,000858,14:19:30,78.4000,17,2
2026-06-16,000858,14:19:33,78.4100,30,1
2026-06-16,000858,14:19:36,78.4100,36,1
2026-06-16,000858,14:19:39,78.4000,1,2
2026-06-16,000858,14:19:42,78.4000,45,2
2026-06-16,000858,14:19:45,78.4200,86,1
2026-06-16,000858,14:19:48,78.4100,2,4
2026-06-16,000858,14:19:51,78.4300,38,1
2026-06-16,000858,14:19:54,78.4200,6,1
2026-06-16,000858,14:19:57,78.4200,6,1
2026-06-16,000858,14:20:00,78.4300,56,1
2026-06-16,000858,14:20:03,78.4300,13,1
2026-06-16,000858,14:20:06,78.4300,5,1
2026-06-16,000858,14:20:09,78.4200,28,2
2026-06-16,000858,14:20:12,78.4400,83,1
2026-06-16,000858,14:20:15,78.4300,14,4
2026-06-16,000858,14:20:18,78.4400,1,1
2026-06-16,000858,14:20:21,78.4500,204,1
2026-06-16,000858,14:20:24,78.4600,17,1
2026-06-16,000858,14:20:27,78.4500,15,4
2026-06-16,000858,14:20:30,78.4600,17,1
2026-06-16,000858,14:20:33,78.4600,17,1
2026-06-16,000858,14:20:36,78.4600,26,1
2026-06-16,000858,14:20:39,78.4600,3,2
2026-06-16,000858,14:20:42,78.4700,11,1
2026-06-16,000858,14:20:45,78.4700,15,1
2026-06-16,000858,14:20:48,78.4600,14,2
2026-06-16,000858,14:20:51,78.4700,25,1
2026-06-16,000858,14:20:54,78.4600,13,2
2026-06-16,000858,14:20:57,78.4600,82,2
2026-06-16,000858,14:21:00,78.4600,167,2
2026-06-16,000858,14:21:03,78.4700,83,1
2026-06-16,000858,14:21:06,78.4400,61,2
2026-06-16,000858,14:21:09,78.4400,10,1
2026-06-16,000858,14:21:12,78.4400,11,1
2026-06-16,000858,14:21:15,78.4300,21,2
2026-06-16,000858,14:21:18,78.4300,32,2
2026-06-16,000858,14:21:21,78.4400,12,4
2026-06-16,000858,14:21:24,78.4500,5,1
2026-06-16,000858,14:21:27,78.4400,6,2
2026-06-16,000858,14:21:30,78.4600,84,1
2026-06-16,000858,14:21:33,78.4600,55,1
2026-06-16,000858,14:21:36,78.4700,19,1
2026-06-16,000858,14:21:39,78.4700,18,1
2026-06-16,000858,14:21:42,78.4600,176,2
2026-06-16,000858,14:21:45,78.4600,29,2
2026-06-16,000858,14:21:48,78.4700,18,1
2026-06-16,000858,14:21:51,78.4700,27,2
2026-06-16,000858,14:21:54,78.4800,90,1
2026-06-16,000858,14:21:57,78.4800,33,1
2026-06-16,000858,14:22:00,78.4700,53,2
2026-06-16,000858,14:22:03,78.4700,12,2
2026-06-16,000858,14:22:06,78.4700,10,2
2026-06-16,000858,14:22:09,78.4700,44,2
2026-06-16,000858,14:22:12,78.4800,22,1
2026-06-16,000858,14:22:15,78.4800,30,1
2026-06-16,000858,14:22:18,78.4700,18,2
2026-06-16,000858,14:22:21,78.4700,2,2
2026-06-16,000858,14:22:24,78.4700,8,2
2026-06-16,000858,14:22:27,78.4700,35,2
2026-06-16,000858,14:22:30,78.4600,27,2
2026-06-16,000858,14:22:33,78.4700,33,2
2026-06-16,000858,14:22:36,78.4600,10,4
2026-06-16,000858,14:22:39,78.4500,18,1
2026-06-16,000858,14:22:42,78.4300,6,2
2026-06-16,000858,14:22:45,78.4400,10,4
2026-06-16,000858,14:22:48,78.4300,44,2
2026-06-16,000858,14:22:51,78.4400,10,4
2026-06-16,000858,14:22:54,78.4300,19,2
2026-06-16,000858,14:22:57,78.4400,25,1
2026-06-16,000858,14:23:00,78.4400,7,1
2026-06-16,000858,14:23:03,78.4400,3,1
2026-06-16,000858,14:23:06,78.4400,6,1
2026-06-16,000858,14:23:09,78.4400,11,1
2026-06-16,000858,14:23:12,78.4400,10,2
2026-06-16,000858,14:23:15,78.4400,7,1
2026-06-16,000858,14:23:18,78.4400,26,1
2026-06-16,000858,14:23:21,78.4400,11,2
2026-06-16,000858,14:23:24,78.4400,18,1
2026-06-16,000858,14:23:27,78.4400,8,1
2026-06-16,000858,14:23:30,78.4300,10,2
2026-06-16,000858,14:23:33,78.4400,9,1
2026-06-16,000858,14:23:39,78.4300,22,2
2026-06-16,000858,14:23:42,78.4300,16,2
2026-06-16,000858,14:23:45,78.4400,3,1
2026-06-16,000858,14:23:48,78.4300,42,2
2026-06-16,000858,14:23:51,78.4300,34,2
2026-06-16,000858,14:23:54,78.4300,9,2
2026-06-16,000858,14:23:57,78.4300,19,2
2026-06-16,000858,14:24:00,78.4200,139,2
2026-06-16,000858,14:24:03,78.4200,6,1
2026-06-16,000858,14:24:06,78.4200,38,1
2026-06-16,000858,14:24:09,78.4000,3,2
2026-06-16,000858,14:24:12,78.4100,20,1
2026-06-16,000858,14:24:15,78.3800,178,2
2026-06-16,000858,14:24:18,78.4100,4,1
2026-06-16,000858,14:24:21,78.3900,6,2
2026-06-16,000858,14:24:24,78.4100,12,1
2026-06-16,000858,14:24:27,78.3800,13,2
2026-06-16,000858,14:24:30,78.4000,7,1
2026-06-16,000858,14:24:33,78.4000,15,4
2026-06-16,000858,14:24:36,78.4000,7,2
2026-06-16,000858,14:24:39,78.4100,17,1
2026-06-16,000858,14:24:42,78.4000,27,2
2026-06-16,000858,14:24:45,78.4000,31,2
2026-06-16,000858,14:24:48,78.4100,51,1
2026-06-16,000858,14:24:51,78.4300,234,1
2026-06-16,000858,14:24:54,78.4300,52,1
2026-06-16,000858,14:24:57,78.4300,40,2
2026-06-16,000858,14:25:00,78.4200,21,2
2026-06-16,000858,14:25:03,78.4200,7,2
2026-06-16,000858,14:25:06,78.4200,19,2
2026-06-16,000858,14:25:09,78.4200,7,2
2026-06-16,000858,14:25:12,78.4200,4,2
2026-06-16,000858,14:25:15,78.4200,29,2
2026-06-16,000858,14:25:18,78.4200,36,1
2026-06-16,000858,14:25:21,78.4200,8,1
2026-06-16,000858,14:25:24,78.4200,7,1
2026-06-16,000858,14:25:27,78.4100,4,2
2026-06-16,000858,14:25:30,78.4300,30,1
2026-06-16,000858,14:25:33,78.4200,7,2
2026-06-16,000858,14:25:36,78.4200,24,2
2026-06-16,000858,14:25:39,78.4200,5,1
2026-06-16,000858,14:25:42,78.4200,5,1
2026-06-16,000858,14:25:45,78.4200,56,1
2026-06-16,000858,14:25:48,78.4100,14,2
2026-06-16,000858,14:25:51,78.4100,11,2
2026-06-16,000858,14:25:54,78.4100,9,2
2026-06-16,000858,14:25:57,78.4100,44,2
2026-06-16,000858,14:26:00,78.4200,10,1
2026-06-16,000858,14:26:03,78.4200,23,1
2026-06-16,000858,14:26:06,78.4300,4,1
2026-06-16,000858,14:26:09,78.4200,25,2
2026-06-16,000858,14:26:12,78.4300,6,1
2026-06-16,000858,14:26:15,78.4300,8,1
2026-06-16,000858,14:26:18,78.4200,19,2
2026-06-16,000858,14:26:21,78.4200,14,2
2026-06-16,000858,14:26:24,78.4200,5,1
2026-06-16,000858,14:26:27,78.4200,16,1
2026-06-16,000858,14:26:30,78.4100,7,2
2026-06-16,000858,14:26:33,78.4200,2,1
2026-06-16,000858,14:26:36,78.4200,6,1
2026-06-16,000858,14:26:39,78.4100,13,2
2026-06-16,000858,14:26:42,78.4100,52,2
2026-06-16,000858,14:26:45,78.4200,26,1
2026-06-16,000858,14:26:48,78.4200,12,1
2026-06-16,000858,14:26:51,78.4200,24,1
2026-06-16,000858,14:26:54,78.4500,312,1
2026-06-16,000858,14:26:57,78.4500,51,1
2026-06-16,000858,14:27:00,78.4600,109,1
2026-06-16,000858,14:27:03,78.4600,18,1
2026-06-16,000858,14:27:06,78.4600,13,1
2026-06-16,000858,14:27:09,78.4600,8,2
2026-06-16,000858,14:27:12,78.4600,10,2
2026-06-16,000858,14:27:15,78.4600,18,2
2026-06-16,000858,14:27:21,78.4400,84,2
2026-06-16,000858,14:27:24,78.4300,24,2
2026-06-16,000858,14:27:27,78.4500,58,1
2026-06-16,000858,14:27:30,78.4300,7,2
2026-06-16,000858,14:27:33,78.4300,5,2
2026-06-16,000858,14:27:36,78.4300,23,2
2026-06-16,000858,14:27:39,78.4300,25,2
2026-06-16,000858,14:27:42,78.4400,19,1
2026-06-16,000858,14:27:45,78.4300,66,2
2026-06-16,000858,14:27:48,78.4300,28,4
2026-06-16,000858,14:27:51,78.4400,3,2
2026-06-16,000858,14:27:54,78.4300,19,2
2026-06-16,000858,14:27:57,78.4300,26,2
2026-06-16,000858,14:28:03,78.4300,15,1
2026-06-16,000858,14:28:06,78.4000,183,2
2026-06-16,000858,14:28:09,78.3900,8,2
2026-06-16,000858,14:28:12,78.3900,2,2
2026-06-16,000858,14:28:15,78.4000,10,1
2026-06-16,000858,14:28:18,78.4000,2,2
2026-06-16,000858,14:28:21,78.4000,14,2
2026-06-16,000858,14:28:24,78.4000,4,1
2026-06-16,000858,14:28:27,78.4000,1,1
2026-06-16,000858,14:28:30,78.4000,1,1
2026-06-16,000858,14:28:33,78.3900,30,2
2026-06-16,000858,14:28:36,78.4000,19,1
2026-06-16,000858,14:28:39,78.4000,13,1
2026-06-16,000858,14:28:42,78.3900,9,2
2026-06-16,000858,14:28:45,78.4000,1,2
2026-06-16,000858,14:28:48,78.4000,5,2
2026-06-16,000858,14:28:54,78.4100,27,1
2026-06-16,000858,14:28:57,78.4000,11,2
2026-06-16,000858,14:29:00,78.4000,168,2
2026-06-16,000858,14:29:03,78.4000,67,2
2026-06-16,000858,14:29:06,78.3900,19,2
2026-06-16,000858,14:29:09,78.3800,99,2
2026-06-16,000858,14:29:12,78.3900,16,1
2026-06-16,000858,14:29:15,78.3900,4,2
2026-06-16,000858,14:29:18,78.3900,32,2
2026-06-16,000858,14:29:21,78.3900,6,2
2026-06-16,000858,14:29:24,78.3800,52,2
2026-06-16,000858,14:29:27,78.3800,6,1
2026-06-16,000858,14:29:30,78.3800,11,2
2026-06-16,000858,14:29:33,78.3900,12,1
2026-06-16,000858,14:29:36,78.3800,52,2
2026-06-16,000858,14:29:39,78.3900,75,1
2026-06-16,000858,14:29:42,78.3900,25,2
2026-06-16,000858,14:29:45,78.3900,52,2
2026-06-16,000858,14:29:48,78.3800,55,2
2026-06-16,000858,14:29:51,78.3800,36,2
2026-06-16,000858,14:29:54,78.4000,5,1
2026-06-16,000858,14:29:57,78.3800,28,2
2026-06-16,000858,14:30:00,78.3800,4,2
2026-06-16,000858,14:30:03,78.3900,220,1
2026-06-16,000858,14:30:06,78.4100,49,1
2026-06-16,000858,14:30:09,78.4200,47,1
2026-06-16,000858,14:30:12,78.4300,10,1
2026-06-16,000858,14:30:15,78.4400,8,1
2026-06-16,000858,14:30:18,78.4300,3,2
2026-06-16,000858,14:30:21,78.4300,7,2
2026-06-16,000858,14:30:24,78.4400,2,1
2026-06-16,000858,14:30:27,78.4300,7,2
2026-06-16,000858,14:30:30,78.4300,2,2
2026-06-16,000858,14:30:33,78.4300,13,2
2026-06-16,000858,14:30:39,78.4400,3,1
2026-06-16,000858,14:30:42,78.4300,11,2
2026-06-16,000858,14:30:45,78.4400,2,1
2026-06-16,000858,14:30:48,78.4300,54,2
2026-06-16,000858,14:30:51,78.4300,20,2
2026-06-16,000858,14:30:54,78.4300,21,2
2026-06-16,000858,14:30:57,78.4300,14,2
2026-06-16,000858,14:31:00,78.4200,146,2
2026-06-16,000858,14:31:03,78.4100,47,2
2026-06-16,000858,14:31:06,78.4200,18,1
2026-06-16,000858,14:31:09,78.4200,2,1
2026-06-16,000858,14:31:12,78.4200,4,1
2026-06-16,000858,14:31:15,78.4100,44,2
2026-06-16,000858,14:31:18,78.4100,3,2
2026-06-16,000858,14:31:21,78.4100,4,2
2026-06-16,000858,14:31:24,78.4100,4,2
2026-06-16,000858,14:31:27,78.4100,55,2
2026-06-16,000858,14:31:30,78.4000,2,2
2026-06-16,000858,14:31:33,78.4100,6,1
2026-06-16,000858,14:31:36,78.4100,1,1
2026-06-16,000858,14:31:39,78.4100,42,1
2026-06-16,000858,14:31:42,78.4200,27,1
2026-06-16,000858,14:31:45,78.4100,35,2
2026-06-16,000858,14:31:48,78.4200,9,1
2026-06-16,000858,14:31:51,78.4200,33,1
2026-06-16,000858,14:31:54,78.4100,40,2
2026-06-16,000858,14:31:57,78.4100,29,2
2026-06-16,000858,14:32:00,78.4100,5,2
2026-06-16,000858,14:32:03,78.4100,21,2
2026-06-16,000858,14:32:06,78.4000,26,2
2026-06-16,000858,14:32:09,78.4100,6,4
2026-06-16,000858,14:32:12,78.4100,26,1
2026-06-16,000858,14:32:15,78.4100,1,1
2026-06-16,000858,14:32:18,78.4000,12,2
2026-06-16,000858,14:32:21,78.4100,9,1
2026-06-16,000858,14:32:24,78.4000,24,2
2026-06-16,000858,14:32:27,78.4100,65,1
2026-06-16,000858,14:32:30,78.4000,62,2
2026-06-16,000858,14:32:33,78.4100,7,1
2026-06-16,000858,14:32:36,78.4000,11,2
2026-06-16,000858,14:32:39,78.4000,35,2
2026-06-16,000858,14:32:42,78.4000,2,1
2026-06-16,000858,14:32:45,78.4000,27,1
2026-06-16,000858,14:32:51,78.3900,44,2
2026-06-16,000858,14:32:54,78.3900,49,2
2026-06-16,000858,14:32:57,78.3900,170,2
2026-06-16,000858,14:33:00,78.3900,98,2
2026-06-16,000858,14:33:03,78.3900,57,2
2026-06-16,000858,14:33:06,78.3900,20,2
2026-06-16,000858,14:33:09,78.3800,36,2
2026-06-16,000858,14:33:12,78.3900,13,1
2026-06-16,000858,14:33:15,78.3800,15,2
2026-06-16,000858,14:33:18,78.3800,7,2
2026-06-16,000858,14:33:21,78.3900,17,1
2026-06-16,000858,14:33:24,78.3900,6,1
2026-06-16,000858,14:33:27,78.3800,20,2
2026-06-16,000858,14:33:30,78.3800,16,2
2026-06-16,000858,14:33:33,78.3800,43,2
2026-06-16,000858,14:33:36,78.3800,5,1
2026-06-16,000858,14:33:39,78.3700,6,2
2026-06-16,000858,14:33:42,78.3700,11,2
2026-06-16,000858,14:33:45,78.3700,17,2
2026-06-16,000858,14:33:48,78.3800,50,1
2026-06-16,000858,14:33:51,78.3700,53,2
2026-06-16,000858,14:33:54,78.3700,73,2
2026-06-16,000858,14:33:57,78.3800,13,1
2026-06-16,000858,14:34:00,78.3800,14,1
2026-06-16,000858,14:34:03,78.3800,41,1
2026-06-16,000858,14:34:06,78.3700,21,2
2026-06-16,000858,14:34:09,78.3800,11,4
2026-06-16,000858,14:34:12,78.3700,20,2
2026-06-16,000858,14:34:15,78.3700,28,2
2026-06-16,000858,14:34:18,78.3800,10,1
2026-06-16,000858,14:34:21,78.3800,23,1
2026-06-16,000858,14:34:24,78.3700,1,2
2026-06-16,000858,14:34:27,78.3700,7,2
2026-06-16,000858,14:34:30,78.3700,9,2
2026-06-16,000858,14:34:33,78.3700,116,2
2026-06-16,000858,14:34:36,78.3800,38,1
2026-06-16,000858,14:34:39,78.3800,25,1
2026-06-16,000858,14:34:42,78.3800,30,1
2026-06-16,000858,14:34:45,78.3700,110,2
2026-06-16,000858,14:34:48,78.3700,19,1
2026-06-16,000858,14:34:51,78.3700,13,1
2026-06-16,000858,14:34:54,78.3700,27,1
2026-06-16,000858,14:34:57,78.3700,18,1
2026-06-16,000858,14:35:00,78.3700,11,1
2026-06-16,000858,14:35:03,78.3700,22,1
2026-06-16,000858,14:35:06,78.3700,35,2
2026-06-16,000858,14:35:09,78.3600,83,2
2026-06-16,000858,14:35:12,78.3500,86,2
2026-06-16,000858,14:35:15,78.3700,23,1
2026-06-16,000858,14:35:18,78.3600,55,2
2026-06-16,000858,14:35:21,78.3700,46,2
2026-06-16,000858,14:35:24,78.3700,4,2
2026-06-16,000858,14:35:27,78.3700,17,1
2026-06-16,000858,14:35:30,78.3700,4,1
2026-06-16,000858,14:35:33,78.3600,31,2
2026-06-16,000858,14:35:36,78.3700,1,1
2026-06-16,000858,14:35:39,78.3600,16,2
2026-06-16,000858,14:35:42,78.3700,38,1
2026-06-16,000858,14:35:45,78.3600,9,2
2026-06-16,000858,14:35:48,78.3800,34,1
2026-06-16,000858,14:35:54,78.3700,4,2
2026-06-16,000858,14:35:57,78.3600,33,2
2026-06-16,000858,14:36:00,78.3700,7,1
2026-06-16,000858,14:36:03,78.3700,27,2
2026-06-16,000858,14:36:06,78.3700,9,2
2026-06-16,000858,14:36:09,78.3700,14,2
2026-06-16,000858,14:36:12,78.3700,2,2
2026-06-16,000858,14:36:15,78.3800,17,1
2026-06-16,000858,14:36:18,78.3800,43,1
2026-06-16,000858,14:36:21,78.3900,29,1
2026-06-16,000858,14:36:24,78.3900,14,1
2026-06-16,000858,14:36:27,78.3800,4,2
2026-06-16,000858,14:36:30,78.3900,29,1
2026-06-16,000858,14:36:33,78.3900,116,1
2026-06-16,000858,14:36:36,78.3800,16,2
2026-06-16,000858,14:36:39,78.3800,15,2
2026-06-16,000858,14:36:42,78.4000,78,1
2026-06-16,000858,14:36:45,78.3900,71,2
2026-06-16,000858,14:36:48,78.4000,24,1
2026-06-16,000858,14:36:51,78.4100,286,1
2026-06-16,000858,14:36:54,78.4100,19,1
2026-06-16,000858,14:36:57,78.4100,20,1
2026-06-16,000858,14:37:00,78.4100,77,1
2026-06-16,000858,14:37:03,78.4400,83,1
2026-06-16,000858,14:37:06,78.4100,46,2
2026-06-16,000858,14:37:09,78.4300,7,1
2026-06-16,000858,14:37:15,78.4300,11,1
2026-06-16,000858,14:37:18,78.4200,10,2
2026-06-16,000858,14:37:21,78.4300,22,1
2026-06-16,000858,14:37:24,78.4300,15,2
2026-06-16,000858,14:37:27,78.4300,11,2
2026-06-16,000858,14:37:30,78.4300,27,2
2026-06-16,000858,14:37:33,78.4300,1,1
2026-06-16,000858,14:37:36,78.4300,2,1
2026-06-16,000858,14:37:39,78.4300,2,1
2026-06-16,000858,14:37:42,78.4100,29,2
2026-06-16,000858,14:37:45,78.4200,19,2
2026-06-16,000858,14:37:48,78.4200,77,2
2026-06-16,000858,14:37:51,78.4300,57,1
2026-06-16,000858,14:37:54,78.4300,14,2
2026-06-16,000858,14:37:57,78.4300,13,2
2026-06-16,000858,14:38:00,78.4300,16,2
2026-06-16,000858,14:38:03,78.4300,9,1
2026-06-16,000858,14:38:06,78.4300,38,1
2026-06-16,000858,14:38:09,78.4200,22,2
2026-06-16,000858,14:38:12,78.4300,20,1
2026-06-16,000858,14:38:15,78.4200,110,2
2026-06-16,000858,14:38:18,78.4200,10,1
2026-06-16,000858,14:38:21,78.4200,22,1
2026-06-16,000858,14:38:24,78.4200,12,1
2026-06-16,000858,14:38:27,78.4200,16,2
2026-06-16,000858,14:38:30,78.4200,16,2
2026-06-16,000858,14:38:33,78.4200,4,2
2026-06-16,000858,14:38:36,78.4300,20,1
2026-06-16,000858,14:38:39,78.4200,7,2
2026-06-16,000858,14:38:42,78.4300,16,1
2026-06-16,000858,14:38:45,78.4100,27,2
2026-06-16,000858,14:38:48,78.4300,71,1
2026-06-16,000858,14:38:51,78.4300,23,1
2026-06-16,000858,14:38:54,78.4200,3,1
2026-06-16,000858,14:38:57,78.4200,29,4
2026-06-16,000858,14:39:00,78.4200,2,1
2026-06-16,000858,14:39:03,78.4100,23,2
2026-06-16,000858,14:39:06,78.4200,9,1
2026-06-16,000858,14:39:09,78.4200,8,2
2026-06-16,000858,14:39:12,78.4100,28,2
2026-06-16,000858,14:39:15,78.4100,21,2
2026-06-16,000858,14:39:18,78.4100,19,2
2026-06-16,000858,14:39:21,78.3900,358,2
2026-06-16,000858,14:39:24,78.3900,101,1
2026-06-16,000858,14:39:27,78.3900,12,1
2026-06-16,000858,14:39:30,78.3900,35,1
2026-06-16,000858,14:39:33,78.4000,25,1
2026-06-16,000858,14:39:36,78.4000,29,1
2026-06-16,000858,14:39:39,78.4000,9,1
2026-06-16,000858,14:39:42,78.3900,5,2
2026-06-16,000858,14:39:45,78.3900,31,2
2026-06-16,000858,14:39:48,78.3900,1,4
2026-06-16,000858,14:39:51,78.3800,4,2
2026-06-16,000858,14:39:54,78.3800,16,2
2026-06-16,000858,14:39:57,78.3800,27,2
2026-06-16,000858,14:40:00,78.4000,30,1
2026-06-16,000858,14:40:03,78.3800,8,2
2026-06-16,000858,14:40:06,78.3800,17,2
2026-06-16,000858,14:40:09,78.3800,82,2
2026-06-16,000858,14:40:15,78.3900,4,1
2026-06-16,000858,14:40:18,78.4000,306,1
2026-06-16,000858,14:40:21,78.4100,59,1
2026-06-16,000858,14:40:24,78.4100,151,1
2026-06-16,000858,14:40:27,78.4100,22,1
2026-06-16,000858,14:40:30,78.4000,7,2
2026-06-16,000858,14:40:33,78.4100,58,1
2026-06-16,000858,14:40:36,78.4200,19,1
2026-06-16,000858,14:40:39,78.4200,6,1
2026-06-16,000858,14:40:42,78.4100,10,2
2026-06-16,000858,14:40:45,78.4100,126,2
2026-06-16,000858,14:40:48,78.4000,20,2
2026-06-16,000858,14:40:51,78.4100,96,1
2026-06-16,000858,14:40:54,78.3800,119,2
2026-06-16,000858,14:40:57,78.3800,37,1
2026-06-16,000858,14:41:00,78.3700,123,2
2026-06-16,000858,14:41:03,78.3900,54,1
2026-06-16,000858,14:41:06,78.3900,28,1
2026-06-16,000858,14:41:09,78.3800,19,4
2026-06-16,000858,14:41:12,78.3800,16,2
2026-06-16,000858,14:41:15,78.3900,111,1
2026-06-16,000858,14:41:18,78.3900,34,1
2026-06-16,000858,14:41:21,78.3900,245,1
2026-06-16,000858,14:41:24,78.3800,37,2
2026-06-16,000858,14:41:27,78.3800,1,2
2026-06-16,000858,14:41:30,78.3900,2,1
2026-06-16,000858,14:41:33,78.3900,9,1
2026-06-16,000858,14:41:36,78.3800,2,2
2026-06-16,000858,14:41:39,78.3900,10,1
2026-06-16,000858,14:41:42,78.3600,86,2
2026-06-16,000858,14:41:45,78.3600,55,2
2026-06-16,000858,14:41:48,78.3600,10,1
2026-06-16,000858,14:41:51,78.3600,69,1
2026-06-16,000858,14:41:54,78.3500,31,2
2026-06-16,000858,14:41:57,78.3600,133,1
2026-06-16,000858,14:42:00,78.3300,2,2
2026-06-16,000858,14:42:03,78.3500,87,1
2026-06-16,000858,14:42:06,78.3500,261,1
2026-06-16,000858,14:42:09,78.3600,51,1
2026-06-16,000858,14:42:12,78.3600,11,1
2026-06-16,000858,14:42:15,78.3500,22,2
2026-06-16,000858,14:42:18,78.3500,30,2
2026-06-16,000858,14:42:21,78.3500,18,2
2026-06-16,000858,14:42:24,78.3500,1,2
2026-06-16,000858,14:42:27,78.3500,26,2
2026-06-16,000858,14:42:30,78.3500,6,2
2026-06-16,000858,14:42:33,78.3500,25,2
2026-06-16,000858,14:42:36,78.3500,93,2
2026-06-16,000858,14:42:39,78.3500,51,1
2026-06-16,000858,14:42:42,78.3500,1,1
2026-06-16,000858,14:42:45,78.3500,6,1
2026-06-16,000858,14:42:48,78.3500,267,1
2026-06-16,000858,14:42:51,78.3500,72,1
2026-06-16,000858,14:42:54,78.3500,36,1
2026-06-16,000858,14:42:57,78.3400,70,2
2026-06-16,000858,14:43:00,78.3500,14,1
2026-06-16,000858,14:43:03,78.3400,37,2
2026-06-16,000858,14:43:06,78.3500,15,1
2026-06-16,000858,14:43:09,78.3500,48,1
2026-06-16,000858,14:43:12,78.3500,6,1
2026-06-16,000858,14:43:15,78.3500,197,1
2026-06-16,000858,14:43:18,78.3500,63,1
2026-06-16,000858,14:43:21,78.3500,38,1
2026-06-16,000858,14:43:24,78.3500,55,1
2026-06-16,000858,14:43:27,78.3400,143,2
2026-06-16,000858,14:43:30,78.3500,8,1
2026-06-16,000858,14:43:33,78.3400,15,2
2026-06-16,000858,14:43:36,78.3400,50,2
2026-06-16,000858,14:43:39,78.3400,6,2
2026-06-16,000858,14:43:42,78.3400,140,2
2026-06-16,000858,14:43:45,78.3400,23,2
2026-06-16,000858,14:43:48,78.3500,17,1
2026-06-16,000858,14:43:51,78.3400,21,2
2026-06-16,000858,14:43:54,78.3300,9,4
2026-06-16,000858,14:43:57,78.3400,26,1
2026-06-16,000858,14:44:00,78.3400,174,1
2026-06-16,000858,14:44:03,78.3300,167,2
2026-06-16,000858,14:44:06,78.3300,26,1
2026-06-16,000858,14:44:09,78.3100,5,2
2026-06-16,000858,14:44:12,78.3300,7,1
2026-06-16,000858,14:44:15,78.3300,3,1
2026-06-16,000858,14:44:18,78.3200,5,2
2026-06-16,000858,14:44:21,78.3100,145,2
2026-06-16,000858,14:44:24,78.3300,12,1
2026-06-16,000858,14:44:27,78.3200,209,1
2026-06-16,000858,14:44:30,78.3100,18,2
2026-06-16,000858,14:44:33,78.3100,11,2
2026-06-16,000858,14:44:36,78.3100,20,1
2026-06-16,000858,14:44:39,78.3100,20,1
2026-06-16,000858,14:44:42,78.3100,366,1
2026-06-16,000858,14:44:45,78.3000,29,1
2026-06-16,000858,14:44:48,78.2900,101,4
2026-06-16,000858,14:44:51,78.2900,153,2
2026-06-16,000858,14:44:54,78.2900,23,2
2026-06-16,000858,14:44:57,78.2900,20,2
2026-06-16,000858,14:45:00,78.2900,32,2
2026-06-16,000858,14:45:03,78.2900,439,1
2026-06-16,000858,14:45:06,78.3200,61,1
2026-06-16,000858,14:45:09,78.3200,61,1
2026-06-16,000858,14:45:12,78.3100,23,2
2026-06-16,000858,14:45:15,78.3100,23,2
2026-06-16,000858,14:45:18,78.3100,35,4
2026-06-16,000858,14:45:21,78.3100,22,2
2026-06-16,000858,14:45:24,78.3100,7,1
2026-06-16,000858,14:45:27,78.3100,77,1
2026-06-16,000858,14:45:30,78.3100,28,1
2026-06-16,000858,14:45:33,78.3100,43,1
2026-06-16,000858,14:45:36,78.3100,12,1
2026-06-16,000858,14:45:39,78.3000,101,2
2026-06-16,000858,14:45:42,78.3000,49,2
2026-06-16,000858,14:45:45,78.3100,59,1
2026-06-16,000858,14:45:48,78.3100,336,1
2026-06-16,000858,14:45:51,78.3200,16,1
2026-06-16,000858,14:45:54,78.3100,122,2
2026-06-16,000858,14:45:57,78.3100,15,2
2026-06-16,000858,14:46:00,78.3100,16,2
2026-06-16,000858,14:46:03,78.3200,49,1
2026-06-16,000858,14:46:06,78.3200,25,1
2026-06-16,000858,14:46:09,78.3200,58,1
2026-06-16,000858,14:46:12,78.3100,169,2
2026-06-16,000858,14:46:15,78.3200,17,1
2026-06-16,000858,14:46:18,78.3200,13,1
2026-06-16,000858,14:46:21,78.3200,1,1
2026-06-16,000858,14:46:24,78.3100,148,2
2026-06-16,000858,14:46:27,78.3100,6,2
2026-06-16,000858,14:46:30,78.3100,11,1
2026-06-16,000858,14:46:33,78.3100,15,1
2026-06-16,000858,14:46:36,78.3100,47,1
2026-06-16,000858,14:46:39,78.3100,14,1
2026-06-16,000858,14:46:42,78.3000,6,2
2026-06-16,000858,14:46:45,78.3000,123,2
2026-06-16,000858,14:46:48,78.2900,86,2
2026-06-16,000858,14:46:51,78.3000,154,1
2026-06-16,000858,14:46:54,78.2900,22,1
2026-06-16,000858,14:46:57,78.2900,23,2
2026-06-16,000858,14:47:00,78.2900,2,1
2026-06-16,000858,14:47:03,78.2900,17,1
2026-06-16,000858,14:47:06,78.2900,52,1
2026-06-16,000858,14:47:09,78.2800,56,2
2026-06-16,000858,14:47:12,78.2800,18,2
2026-06-16,000858,14:47:15,78.2800,13,2
2026-06-16,000858,14:47:18,78.2800,14,2
2026-06-16,000858,14:47:21,78.2800,36,2
2026-06-16,000858,14:47:24,78.2900,425,1
2026-06-16,000858,14:47:27,78.2900,28,2
2026-06-16,000858,14:47:30,78.2900,28,2
2026-06-16,000858,14:47:33,78.2900,35,2
2026-06-16,000858,14:47:36,78.2900,44,2
2026-06-16,000858,14:47:39,78.3000,19,1
2026-06-16,000858,14:47:42,78.2900,30,2
2026-06-16,000858,14:47:45,78.3000,13,1
2026-06-16,000858,14:47:48,78.3000,9,1
2026-06-16,000858,14:47:51,78.2900,64,2
2026-06-16,000858,14:47:54,78.2900,71,1
2026-06-16,000858,14:47:57,78.2900,3,1
2026-06-16,000858,14:48:00,78.2900,26,1
2026-06-16,000858,14:48:03,78.2900,34,1
2026-06-16,000858,14:48:06,78.2900,290,1
2026-06-16,000858,14:48:09,78.2900,9,2
2026-06-16,000858,14:48:12,78.2900,40,2
2026-06-16,000858,14:48:15,78.2900,42,2
2026-06-16,000858,14:48:18,78.2900,21,2
2026-06-16,000858,14:48:21,78.2900,26,2
2026-06-16,000858,14:48:24,78.3000,6,1
2026-06-16,000858,14:48:27,78.2900,110,2
2026-06-16,000858,14:48:30,78.3000,22,1
2026-06-16,000858,14:48:33,78.2800,154,2
2026-06-16,000858,14:48:36,78.3000,175,1
2026-06-16,000858,14:48:39,78.2900,43,4
2026-06-16,000858,14:48:42,78.2900,7,2
2026-06-16,000858,14:48:45,78.2900,1,2
2026-06-16,000858,14:48:48,78.2900,14,2
2026-06-16,000858,14:48:51,78.2900,22,2
2026-06-16,000858,14:48:54,78.3000,166,1
2026-06-16,000858,14:48:57,78.2900,149,2
2026-06-16,000858,14:49:00,78.2900,72,2
2026-06-16,000858,14:49:03,78.3000,45,1
2026-06-16,000858,14:49:06,78.2900,69,2
2026-06-16,000858,14:49:09,78.3000,804,1
2026-06-16,000858,14:49:12,78.3000,22,4
2026-06-16,000858,14:49:15,78.3000,15,2
2026-06-16,000858,14:49:18,78.3000,124,2
2026-06-16,000858,14:49:21,78.3000,40,2
2026-06-16,000858,14:49:24,78.3000,50,2
2026-06-16,000858,14:49:27,78.3000,91,1
2026-06-16,000858,14:49:30,78.3000,38,2
2026-06-16,000858,14:49:33,78.3000,135,1
2026-06-16,000858,14:49:36,78.3000,27,1
2026-06-16,000858,14:49:39,78.2900,24,2
2026-06-16,000858,14:49:42,78.3000,33,1
2026-06-16,000858,14:49:45,78.2900,20,2
2026-06-16,000858,14:49:48,78.3000,2,1
2026-06-16,000858,14:49:51,78.2900,38,2
2026-06-16,000858,14:49:54,78.2900,179,2
2026-06-16,000858,14:49:57,78.2900,13,1
2026-06-16,000858,14:50:00,78.2800,213,2
2026-06-16,000858,14:50:03,78.2700,224,2
2026-06-16,000858,14:50:06,78.2800,94,1
2026-06-16,000858,14:50:09,78.2900,119,1
2026-06-16,000858,14:50:12,78.2900,333,1
2026-06-16,000858,14:50:15,78.3000,31,1
2026-06-16,000858,14:50:18,78.3000,125,1
2026-06-16,000858,14:50:21,78.3500,373,1
2026-06-16,000858,14:50:24,78.3500,45,1
2026-06-16,000858,14:50:27,78.3300,35,2
2026-06-16,000858,14:50:30,78.3200,34,2
2026-06-16,000858,14:50:33,78.3300,17,1
2026-06-16,000858,14:50:36,78.3200,140,2
2026-06-16,000858,14:50:39,78.3200,16,1
2026-06-16,000858,14:50:42,78.3200,68,1
2026-06-16,000858,14:50:45,78.3100,156,2
2026-06-16,000858,14:50:48,78.3000,25,2
2026-06-16,000858,14:50:51,78.3000,51,2
2026-06-16,000858,14:50:54,78.3000,35,4
2026-06-16,000858,14:50:57,78.3000,159,1
2026-06-16,000858,14:51:00,78.3000,16,1
2026-06-16,000858,14:51:03,78.3000,6,1
2026-06-16,000858,14:51:06,78.2900,39,2
2026-06-16,000858,14:51:09,78.3000,273,1
2026-06-16,000858,14:51:12,78.2900,113,2
2026-06-16,000858,14:51:15,78.3000,252,1
2026-06-16,000858,14:51:18,78.3000,13,2
2026-06-16,000858,14:51:21,78.3000,26,2
2026-06-16,000858,14:51:24,78.3100,48,1
2026-06-16,000858,14:51:27,78.3000,62,2
2026-06-16,000858,14:51:30,78.3000,16,2
2026-06-16,000858,14:51:33,78.3100,113,1
2026-06-16,000858,14:51:36,78.3100,14,1
2026-06-16,000858,14:51:39,78.3100,25,1
2026-06-16,000858,14:51:42,78.3100,36,1
2026-06-16,000858,14:51:45,78.3100,130,1
2026-06-16,000858,14:51:48,78.3200,52,1
2026-06-16,000858,14:51:51,78.3000,40,2
2026-06-16,000858,14:51:54,78.3100,33,2
2026-06-16,000858,14:51:57,78.3200,19,1
2026-06-16,000858,14:52:00,78.3200,117,1
2026-06-16,000858,14:52:03,78.3200,57,2
2026-06-16,000858,14:52:06,78.3300,49,1
2026-06-16,000858,14:52:09,78.3300,3,2
2026-06-16,000858,14:52:12,78.3300,32,2
2026-06-16,000858,14:52:15,78.3400,39,1
2026-06-16,000858,14:52:18,78.3500,288,1
2026-06-16,000858,14:52:21,78.3600,21,2
2026-06-16,000858,14:52:24,78.3500,35,2
2026-06-16,000858,14:52:27,78.3700,12,1
2026-06-16,000858,14:52:30,78.3600,7,4
2026-06-16,000858,14:52:33,78.3700,29,1
2026-06-16,000858,14:52:36,78.3700,12,1
2026-06-16,000858,14:52:39,78.3700,54,1
2026-06-16,000858,14:52:42,78.3600,6,2
2026-06-16,000858,14:52:45,78.3700,44,1
2026-06-16,000858,14:52:48,78.3800,23,1
2026-06-16,000858,14:52:51,78.3700,32,2
2026-06-16,000858,14:52:54,78.3700,31,1
2026-06-16,000858,14:52:57,78.3700,45,1
2026-06-16,000858,14:53:00,78.3800,17,1
2026-06-16,000858,14:53:03,78.3700,12,2
2026-06-16,000858,14:53:06,78.3800,44,1
2026-06-16,000858,14:53:09,78.3800,75,2
2026-06-16,000858,14:53:12,78.3800,47,1
2026-06-16,000858,14:53:15,78.3800,58,1
2026-06-16,000858,14:53:18,78.3700,43,2
2026-06-16,000858,14:53:21,78.3800,148,1
2026-06-16,000858,14:53:24,78.3800,30,1
2026-06-16,000858,14:53:27,78.3800,160,1
2026-06-16,000858,14:53:30,78.3800,19,2
2026-06-16,000858,14:53:33,78.3700,37,2
2026-06-16,000858,14:53:36,78.3700,3,2
2026-06-16,000858,14:53:39,78.3700,45,2
2026-06-16,000858,14:53:42,78.3800,11,1
2026-06-16,000858,14:53:45,78.3700,10,2
2026-06-16,000858,14:53:48,78.3800,46,1
2026-06-16,000858,14:53:51,78.3700,35,2
2026-06-16,000858,14:53:54,78.3700,24,1
2026-06-16,000858,14:53:57,78.3700,10,1
2026-06-16,000858,14:54:00,78.3700,21,1
2026-06-16,000858,14:54:03,78.3700,25,1
2026-06-16,000858,14:54:06,78.3700,87,1
2026-06-16,000858,14:54:09,78.3700,82,1
2026-06-16,000858,14:54:12,78.3700,37,2
2026-06-16,000858,14:54:15,78.3700,67,2
2026-06-16,000858,14:54:18,78.3700,32,2
2026-06-16,000858,14:54:21,78.3800,231,1
2026-06-16,000858,14:54:24,78.3800,24,1
2026-06-16,000858,14:54:27,78.3800,22,1
2026-06-16,000858,14:54:30,78.3800,29,1
2026-06-16,000858,14:54:33,78.3900,63,1
2026-06-16,000858,14:54:36,78.3900,32,1
2026-06-16,000858,14:54:39,78.3900,56,1
2026-06-16,000858,14:54:42,78.3900,11,1
2026-06-16,000858,14:54:45,78.4000,58,1
2026-06-16,000858,14:54:48,78.4000,12,1
2026-06-16,000858,14:54:51,78.3900,3,2
2026-06-16,000858,14:54:54,78.4000,54,1
2026-06-16,000858,14:54:57,78.4000,21,1
2026-06-16,000858,14:55:00,78.4000,52,1
2026-06-16,000858,14:55:03,78.4000,94,1
2026-06-16,000858,14:55:06,78.4000,122,2
2026-06-16,000858,14:55:09,78.4000,35,1
2026-06-16,000858,14:55:12,78.3900,50,4
2026-06-16,000858,14:55:15,78.4000,61,1
2026-06-16,000858,14:55:18,78.4000,154,1
2026-06-16,000858,14:55:21,78.4000,65,1
2026-06-16,000858,14:55:24,78.3900,148,2
2026-06-16,000858,14:55:27,78.3900,19,1
2026-06-16,000858,14:55:30,78.3900,49,1
2026-06-16,000858,14:55:33,78.3800,44,2
2026-06-16,000858,14:55:36,78.3900,36,1
2026-06-16,000858,14:55:39,78.3800,16,2
2026-06-16,000858,14:55:42,78.3800,24,1
2026-06-16,000858,14:55:45,78.3800,39,1
2026-06-16,000858,14:55:48,78.3800,33,1
2026-06-16,000858,14:55:51,78.3800,30,1
2026-06-16,000858,14:55:54,78.3800,26,1
2026-06-16,000858,14:55:57,78.3600,35,2
2026-06-16,000858,14:56:00,78.3800,23,1
2026-06-16,000858,14:56:03,78.3700,40,4
2026-06-16,000858,14:56:06,78.3700,25,1
2026-06-16,000858,14:56:09,78.3700,25,1
2026-06-16,000858,14:56:12,78.3700,53,4
2026-06-16,000858,14:56:15,78.3600,82,2
2026-06-16,000858,14:56:18,78.3700,107,1
2026-06-16,000858,14:56:21,78.3700,90,1
2026-06-16,000858,14:56:24,78.3600,81,2
2026-06-16,000858,14:56:27,78.3600,281,2
2026-06-16,000858,14:56:30,78.3700,58,2
2026-06-16,000858,14:56:33,78.3700,60,2
2026-06-16,000858,14:56:36,78.3700,206,1
2026-06-16,000858,14:56:39,78.3800,32,4
2026-06-16,000858,14:56:42,78.3800,37,1
2026-06-16,000858,14:56:45,78.3800,10,2
2026-06-16,000858,14:56:48,78.3800,56,1
2026-06-16,000858,14:56:51,78.3900,46,1
2026-06-16,000858,14:56:54,78.3700,108,2
2026-06-16,000858,14:56:57,78.3800,149,1
2026-06-16,000858,14:57:00,78.3900,26,1
2026-06-16,000858,15:00:01,78.3300,2192,4
2026-06-16,000858,13:14:42,78.3100,6,2
2026-06-16,000858,13:14:45,78.3100,34,1
2026-06-16,000858,13:14:48,78.3000,8,2
2026-06-16,000858,13:14:51,78.3100,29,1
2026-06-16,000858,13:14:54,78.3100,31,1
2026-06-16,000858,13:14:57,78.3000,27,2
2026-06-16,000858,13:15:00,78.3100,23,1
2026-06-16,000858,13:15:03,78.3200,21,1
2026-06-16,000858,13:15:06,78.3100,15,2
2026-06-16,000858,13:15:09,78.3400,260,1
2026-06-16,000858,13:15:12,78.3500,55,1
2026-06-16,000858,13:15:15,78.3600,59,1
2026-06-16,000858,13:15:18,78.3700,85,1
2026-06-16,000858,13:15:21,78.3800,36,1
2026-06-16,000858,13:15:24,78.3900,27,1
2026-06-16,000858,13:15:27,78.4000,25,1
2026-06-16,000858,13:15:30,78.4000,2,1
2026-06-16,000858,13:15:33,78.4000,20,1
2026-06-16,000858,13:15:36,78.4000,10,1
2026-06-16,000858,13:15:39,78.4000,32,1
2026-06-16,000858,13:15:42,78.4000,7,1
2026-06-16,000858,13:15:45,78.4000,21,1
2026-06-16,000858,13:15:48,78.4000,17,2
2026-06-16,000858,13:15:51,78.4000,28,2
2026-06-16,000858,13:15:54,78.3600,242,2
2026-06-16,000858,13:15:57,78.3600,8,1
2026-06-16,000858,13:16:00,78.3600,25,1
2026-06-16,000858,13:16:03,78.3500,69,2
2026-06-16,000858,13:16:06,78.3700,216,1
2026-06-16,000858,13:16:09,78.3900,63,1
2026-06-16,000858,13:16:12,78.4000,1,1
2026-06-16,000858,13:16:15,78.3700,16,2
2026-06-16,000858,13:16:18,78.3900,27,1
2026-06-16,000858,13:16:21,78.3900,13,1
2026-06-16,000858,13:16:24,78.4000,17,1
2026-06-16,000858,13:16:27,78.3900,6,2
2026-06-16,000858,13:16:30,78.3900,4,4
2026-06-16,000858,13:16:33,78.4000,6,1
2026-06-16,000858,13:16:36,78.4000,3,1
2026-06-16,000858,13:16:39,78.4000,52,1
2026-06-16,000858,13:16:42,78.4000,33,2
2026-06-16,000858,13:16:45,78.3800,73,2
2026-06-16,000858,13:16:48,78.3800,4,2
2026-06-16,000858,13:16:51,78.3900,29,1
2026-06-16,000858,13:16:54,78.3900,70,2
2026-06-16,000858,13:16:57,78.3900,10,1
2026-06-16,000858,13:17:00,78.3800,5,2
2026-06-16,000858,13:17:03,78.3800,15,1
2026-06-16,000858,13:17:06,78.4000,15,1
2026-06-16,000858,13:17:09,78.3800,6,2
2026-06-16,000858,13:17:12,78.4000,21,1
2026-06-16,000858,13:17:15,78.3900,6,4
2026-06-16,000858,13:17:18,78.3900,30,2
2026-06-16,000858,13:17:21,78.4000,3,1
2026-06-16,000858,13:17:24,78.4000,3,1
2026-06-16,000858,13:17:27,78.3900,72,2
2026-06-16,000858,13:17:30,78.4000,11,1
2026-06-16,000858,13:17:33,78.4000,2,1
2026-06-16,000858,13:17:36,78.4000,29,1
2026-06-16,000858,13:17:39,78.4000,41,1
2026-06-16,000858,13:17:42,78.3900,2,4
2026-06-16,000858,13:17:45,78.3800,8,2
2026-06-16,000858,13:17:51,78.3800,12,2
2026-06-16,000858,13:17:54,78.4000,14,1
2026-06-16,000858,13:17:57,78.3800,5,2
2026-06-16,000858,13:18:00,78.3900,13,1
2026-06-16,000858,13:18:03,78.4000,3,1
2026-06-16,000858,13:18:06,78.4000,6,1
2026-06-16,000858,13:18:09,78.4000,7,1
2026-06-16,000858,13:18:12,78.4000,11,1
2026-06-16,000858,13:18:15,78.3900,23,2
2026-06-16,000858,13:18:18,78.4000,17,1
2026-06-16,000858,13:18:21,78.4000,4,1
2026-06-16,000858,13:18:24,78.3800,12,2
2026-06-16,000858,13:18:27,78.4000,1,1
2026-06-16,000858,13:18:30,78.4000,6,1
2026-06-16,000858,13:18:33,78.4000,19,1
2026-06-16,000858,13:18:36,78.3900,8,1
2026-06-16,000858,13:18:39,78.3900,12,1
2026-06-16,000858,13:18:42,78.4000,20,1
2026-06-16,000858,13:18:48,78.4000,14,1
2026-06-16,000858,13:18:51,78.4000,4,1
2026-06-16,000858,13:18:54,78.4000,15,1
2026-06-16,000858,13:18:57,78.3900,3,4
2026-06-16,000858,13:19:00,78.3900,15,1
2026-06-16,000858,13:19:03,78.3900,34,2
2026-06-16,000858,13:19:06,78.3900,39,4
2026-06-16,000858,13:19:09,78.3900,15,1
2026-06-16,000858,13:19:12,78.3900,7,2
2026-06-16,000858,13:19:15,78.3900,45,1
2026-06-16,000858,13:19:18,78.4000,4,1
2026-06-16,000858,13:19:21,78.3900,25,2
2026-06-16,000858,13:19:24,78.4000,4,1
2026-06-16,000858,13:19:27,78.4000,39,1
2026-06-16,000858,13:19:30,78.4100,52,1
2026-06-16,000858,13:19:33,78.4100,215,1
2026-06-16,000858,13:19:36,78.4100,229,1
2026-06-16,000858,13:19:39,78.4200,173,1
2026-06-16,000858,13:19:42,78.4300,29,1
2026-06-16,000858,13:19:45,78.4300,115,1
2026-06-16,000858,13:19:51,78.4400,88,1
2026-06-16,000858,13:19:54,78.4500,19,1
2026-06-16,000858,13:19:57,78.4500,46,1
2026-06-16,000858,13:20:00,78.4600,6,1
2026-06-16,000858,13:20:03,78.4700,59,1
2026-06-16,000858,13:20:06,78.4700,66,1
2026-06-16,000858,13:20:09,78.4700,18,1
2026-06-16,000858,13:20:12,78.4600,143,2
2026-06-16,000858,13:20:15,78.4600,76,1
2026-06-16,000858,13:20:18,78.4600,34,1
2026-06-16,000858,13:20:21,78.4500,23,4
2026-06-16,000858,13:20:24,78.4500,11,1
2026-06-16,000858,13:20:27,78.4500,12,1
2026-06-16,000858,13:20:30,78.4500,9,2
2026-06-16,000858,13:20:33,78.4500,40,1
2026-06-16,000858,13:20:36,78.4500,20,2
2026-06-16,000858,13:20:39,78.4400,9,2
2026-06-16,000858,13:20:42,78.4400,16,2
2026-06-16,000858,13:20:45,78.4500,11,1
2026-06-16,000858,13:20:48,78.4500,6,1
2026-06-16,000858,13:20:54,78.4400,10,2
2026-06-16,000858,13:20:57,78.4400,32,2
2026-06-16,000858,13:21:00,78.4400,15,2
2026-06-16,000858,13:21:03,78.4500,14,1
2026-06-16,000858,13:21:06,78.4500,17,1
2026-06-16,000858,13:21:09,78.4400,16,2
2026-06-16,000858,13:21:15,78.4400,43,1
2026-06-16,000858,13:21:18,78.4400,107,2
2026-06-16,000858,13:21:21,78.4300,18,2
2026-06-16,000858,13:21:24,78.4100,23,2
2026-06-16,000858,13:21:30,78.4100,83,1
2026-06-16,000858,13:21:33,78.3800,27,2
2026-06-16,000858,13:21:36,78.3800,45,2
2026-06-16,000858,13:21:39,78.4100,13,1
2026-06-16,000858,13:21:42,78.4100,8,1
2026-06-16,000858,13:21:48,78.3800,21,2
2026-06-16,000858,13:21:51,78.3800,9,2
2026-06-16,000858,13:21:54,78.4200,16,1
2026-06-16,000858,13:21:57,78.3800,1,1
2026-06-16,000858,13:22:00,78.3900,2,1
2026-06-16,000858,13:22:03,78.3800,29,2
2026-06-16,000858,13:22:06,78.3800,8,1
2026-06-16,000858,13:22:09,78.3900,39,1
2026-06-16,000858,13:22:12,78.3900,3,1
2026-06-16,000858,13:22:15,78.3800,36,2
2026-06-16,000858,13:22:21,78.3900,23,2
2026-06-16,000858,13:22:24,78.3900,13,1
2026-06-16,000858,13:22:27,78.3900,1,1
2026-06-16,000858,13:22:30,78.3800,20,2
2026-06-16,000858,13:22:33,78.3900,35,1
2026-06-16,000858,13:22:36,78.3800,22,1
2026-06-16,000858,13:22:39,78.3800,16,2
2026-06-16,000858,13:22:42,78.3800,8,1
2026-06-16,000858,13:22:45,78.3800,15,2
2026-06-16,000858,13:22:48,78.3900,36,1
2026-06-16,000858,13:22:51,78.3700,32,2
2026-06-16,000858,13:22:54,78.3700,12,2
2026-06-16,000858,13:22:57,78.3700,47,2
2026-06-16,000858,13:23:00,78.3700,13,2
2026-06-16,000858,13:23:03,78.3700,34,2
2026-06-16,000858,13:23:06,78.3600,50,2
2026-06-16,000858,13:23:09,78.3600,7,2
2026-06-16,000858,13:23:12,78.3700,7,1
2026-06-16,000858,13:23:15,78.3700,22,1
2026-06-16,000858,13:23:18,78.3700,8,1
2026-06-16,000858,13:23:21,78.3600,38,2
2026-06-16,000858,13:23:24,78.3600,6,1
2026-06-16,000858,13:23:27,78.3500,1,2
2026-06-16,000858,13:23:30,78.3600,5,1
2026-06-16,000858,13:23:33,78.3500,11,2
2026-06-16,000858,13:23:36,78.3600,2,1
2026-06-16,000858,13:23:39,78.3600,9,1
2026-06-16,000858,13:23:42,78.3600,18,1
2026-06-16,000858,13:23:45,78.3600,5,2
2026-06-16,000858,13:23:48,78.3700,5,1
2026-06-16,000858,13:23:51,78.3700,2,1
2026-06-16,000858,13:23:54,78.3700,18,1
2026-06-16,000858,13:23:57,78.3700,54,1
2026-06-16,000858,13:24:00,78.3800,13,1
2026-06-16,000858,13:24:03,78.3700,5,2
2026-06-16,000858,13:24:06,78.3800,4,1
2026-06-16,000858,13:24:09,78.3800,98,1
2026-06-16,000858,13:24:12,78.3900,35,1
2026-06-16,000858,13:24:15,78.3500,28,2
2026-06-16,000858,13:24:18,78.3700,7,1
2026-06-16,000858,13:24:21,78.3700,2,1
2026-06-16,000858,13:24:24,78.3700,3,1
2026-06-16,000858,13:24:27,78.3500,70,2
2026-06-16,000858,13:24:30,78.3700,18,1
2026-06-16,000858,13:24:33,78.3500,14,2
2026-06-16,000858,13:24:36,78.3600,6,1
2026-06-16,000858,13:24:39,78.3500,24,2
2026-06-16,000858,13:24:42,78.3600,74,1
2026-06-16,000858,13:24:45,78.3600,27,1
2026-06-16,000858,13:24:48,78.3500,9,2
2026-06-16,000858,13:24:51,78.3600,8,1
2026-06-16,000858,13:24:54,78.3600,7,2
2026-06-16,000858,13:24:57,78.3500,34,2
2026-06-16,000858,13:25:00,78.3500,16,2
2026-06-16,000858,13:25:03,78.3600,9,1
2026-06-16,000858,13:25:06,78.3700,17,1
2026-06-16,000858,13:25:09,78.3700,13,1
2026-06-16,000858,13:25:12,78.3700,19,1
2026-06-16,000858,13:25:15,78.3600,8,2
2026-06-16,000858,13:25:18,78.3700,2,1
2026-06-16,000858,13:25:21,78.3600,5,2
2026-06-16,000858,13:25:24,78.3600,2,2
2026-06-16,000858,13:25:27,78.3600,4,2
2026-06-16,000858,13:25:30,78.3600,3,2
2026-06-16,000858,13:25:36,78.3600,19,2
2026-06-16,000858,13:25:39,78.3600,11,2
2026-06-16,000858,13:25:42,78.3700,12,1
2026-06-16,000858,13:25:45,78.3600,3,2
2026-06-16,000858,13:25:48,78.3600,7,2
2026-06-16,000858,13:25:51,78.3700,1,1
2026-06-16,000858,13:25:54,78.3700,6,1
2026-06-16,000858,13:25:57,78.3700,12,1
2026-06-16,000858,13:26:00,78.3700,16,1
2026-06-16,000858,13:26:03,78.3700,7,1
2026-06-16,000858,13:26:06,78.3700,37,1
2026-06-16,000858,13:26:09,78.3800,15,1
2026-06-16,000858,13:26:12,78.3800,36,1
2026-06-16,000858,13:26:15,78.3800,8,1
2026-06-16,000858,13:26:18,78.3800,1,1
2026-06-16,000858,13:26:21,78.3700,2,2
2026-06-16,000858,13:26:24,78.3700,48,2
2026-06-16,000858,13:26:27,78.3700,15,1
2026-06-16,000858,13:26:30,78.3700,27,1
2026-06-16,000858,13:26:33,78.3800,10,1
2026-06-16,000858,13:26:36,78.3900,7,1
2026-06-16,000858,13:26:39,78.3800,25,2
2026-06-16,000858,13:26:42,78.3800,17,1
2026-06-16,000858,13:26:45,78.3900,8,1
2026-06-16,000858,13:26:48,78.3800,9,2
2026-06-16,000858,13:26:51,78.3900,24,1
2026-06-16,000858,13:26:54,78.3900,17,1
2026-06-16,000858,13:26:57,78.3800,35,2
2026-06-16,000858,13:27:00,78.3900,9,1
2026-06-16,000858,13:27:03,78.4000,53,1
2026-06-16,000858,13:27:06,78.3900,91,2
2026-06-16,000858,13:27:09,78.4100,44,1
2026-06-16,000858,13:27:12,78.3900,6,2
2026-06-16,000858,13:27:15,78.4200,25,1
2026-06-16,000858,13:27:18,78.4300,2,1
2026-06-16,000858,13:27:21,78.4000,22,2
2026-06-16,000858,13:27:24,78.4300,74,4
2026-06-16,000858,13:27:27,78.4200,12,2
2026-06-16,000858,13:27:30,78.4500,130,1
2026-06-16,000858,13:27:33,78.4700,35,1
2026-06-16,000858,13:27:36,78.4700,22,1
2026-06-16,000858,13:27:39,78.4800,151,1
2026-06-16,000858,13:27:42,78.4800,119,1
2026-06-16,000858,13:27:45,78.4800,10,1
2026-06-16,000858,13:27:48,78.4700,7,2
2026-06-16,000858,13:27:51,78.4800,25,1
2026-06-16,000858,13:27:54,78.4700,28,2
2026-06-16,000858,13:27:57,78.4700,62,2
2026-06-16,000858,13:28:00,78.4800,7,1
2026-06-16,000858,13:28:03,78.4700,28,2
2026-06-16,000858,13:28:06,78.4700,30,2
2026-06-16,000858,13:28:09,78.4700,14,2
2026-06-16,000858,13:28:12,78.4600,59,2
2026-06-16,000858,13:28:15,78.4500,59,2
2026-06-16,000858,13:28:18,78.4700,73,1
2026-06-16,000858,13:28:21,78.4500,9,1
2026-06-16,000858,13:28:27,78.4500,9,2
2026-06-16,000858,13:28:30,78.4500,1,2
2026-06-16,000858,13:28:33,78.4600,19,1
2026-06-16,000858,13:28:36,78.4600,19,2
2026-06-16,000858,13:28:39,78.4600,15,2
2026-06-16,000858,13:28:42,78.4500,55,2
2026-06-16,000858,13:28:45,78.4500,7,1
2026-06-16,000858,13:28:48,78.4500,18,1
2026-06-16,000858,13:28:51,78.4500,6,1
2026-06-16,000858,13:28:54,78.4500,13,1
2026-06-16,000858,13:28:57,78.4500,4,1
2026-06-16,000858,13:29:00,78.4500,9,1
2026-06-16,000858,13:29:03,78.4400,40,2
2026-06-16,000858,13:29:06,78.4400,8,1
2026-06-16,000858,13:29:09,78.4400,7,2
2026-06-16,000858,13:29:12,78.4400,3,2
2026-06-16,000858,13:29:15,78.4500,10,1
2026-06-16,000858,13:29:18,78.4400,18,2
2026-06-16,000858,13:29:21,78.4400,1,2
2026-06-16,000858,13:29:24,78.4400,10,2
2026-06-16,000858,13:29:27,78.4500,13,1
2026-06-16,000858,13:29:30,78.4500,26,1
2026-06-16,000858,13:29:33,78.4400,5,2
2026-06-16,000858,13:29:36,78.4500,6,1
2026-06-16,000858,13:29:39,78.4500,6,1
2026-06-16,000858,13:29:45,78.4400,33,2
2026-06-16,000858,13:29:48,78.4500,2,1
2026-06-16,000858,13:29:51,78.4500,27,1
2026-06-16,000858,13:29:54,78.4400,28,2
2026-06-16,000858,13:29:57,78.4400,2,1
2026-06-16,000858,13:30:00,78.4300,63,2
2026-06-16,000858,13:30:03,78.4400,7,4
2026-06-16,000858,13:30:06,78.4400,10,1
2026-06-16,000858,13:30:09,78.4400,76,1
2026-06-16,000858,13:30:12,78.4400,11,1
2026-06-16,000858,13:30:15,78.4000,56,2
2026-06-16,000858,13:30:18,78.4300,1,1
2026-06-16,000858,13:30:21,78.4400,8,1
2026-06-16,000858,13:30:24,78.4300,4,1
2026-06-16,000858,13:30:27,78.4100,32,2
2026-06-16,000858,13:30:30,78.4500,16,1
2026-06-16,000858,13:30:33,78.4100,11,2
2026-06-16,000858,13:30:42,78.4300,7,2
2026-06-16,000858,13:30:45,78.4300,5,1
2026-06-16,000858,13:30:48,78.4300,15,1
2026-06-16,000858,13:30:51,78.4200,25,2
2026-06-16,000858,13:30:54,78.4200,15,2
2026-06-16,000858,13:30:57,78.4400,10,1
2026-06-16,000858,13:31:00,78.4300,8,2
2026-06-16,000858,13:31:03,78.4200,26,2
2026-06-16,000858,13:31:06,78.4200,3,2
2026-06-16,000858,13:31:09,78.4200,7,2
2026-06-16,000858,13:31:12,78.4200,1,1
2026-06-16,000858,13:31:15,78.4200,9,1
2026-06-16,000858,13:31:18,78.4200,10,1
2026-06-16,000858,13:31:21,78.4200,14,1
2026-06-16,000858,13:31:24,78.4200,6,1
2026-06-16,000858,13:31:27,78.4100,21,2
2026-06-16,000858,13:31:30,78.4100,13,2
2026-06-16,000858,13:31:33,78.4100,5,2
2026-06-16,000858,13:31:36,78.4100,13,2
2026-06-16,000858,13:31:39,78.4000,78,2
2026-06-16,000858,13:31:42,78.4000,14,1
2026-06-16,000858,13:31:45,78.3900,4,2
2026-06-16,000858,13:31:51,78.4000,15,2
2026-06-16,000858,13:31:54,78.4100,1,1
2026-06-16,000858,13:31:57,78.4000,4,2
2026-06-16,000858,13:32:00,78.4100,23,1
2026-06-16,000858,13:32:03,78.4000,8,2
2026-06-16,000858,13:32:06,78.4100,24,1
2026-06-16,000858,13:32:09,78.4000,1,2
2026-06-16,000858,13:32:12,78.4000,11,2
2026-06-16,000858,13:32:15,78.4000,3,2
2026-06-16,000858,13:32:18,78.4000,12,2
2026-06-16,000858,13:32:21,78.4000,12,2
2026-06-16,000858,13:32:24,78.4000,22,1
2026-06-16,000858,13:32:27,78.3900,28,2
2026-06-16,000858,13:32:30,78.3900,30,2
2026-06-16,000858,13:32:33,78.3800,20,2
2026-06-16,000858,13:32:36,78.3800,27,2
2026-06-16,000858,13:32:39,78.3800,15,2
2026-06-16,000858,13:32:42,78.3900,10,2
2026-06-16,000858,13:32:45,78.3900,3,1
2026-06-16,000858,13:32:48,78.3800,52,2
2026-06-16,000858,13:32:51,78.3800,14,2
2026-06-16,000858,13:32:54,78.3800,8,2
2026-06-16,000858,13:32:57,78.3900,12,1
2026-06-16,000858,13:33:00,78.3900,39,1
2026-06-16,000858,13:33:03,78.3900,51,2
2026-06-16,000858,13:33:06,78.3800,19,2
2026-06-16,000858,13:33:09,78.3900,16,4
2026-06-16,000858,13:33:12,78.4000,14,1
2026-06-16,000858,13:33:15,78.3900,13,2
2026-06-16,000858,13:33:18,78.3900,35,2
2026-06-16,000858,13:33:21,78.3800,21,2
2026-06-16,000858,13:33:24,78.3900,13,1
2026-06-16,000858,13:33:27,78.4000,2,4
2026-06-16,000858,13:33:30,78.4000,2,4
2026-06-16,000858,13:33:33,78.4000,7,1
2026-06-16,000858,13:33:36,78.4000,3,1
2026-06-16,000858,13:33:39,78.4000,4,1
2026-06-16,000858,13:33:42,78.3900,13,2
2026-06-16,000858,13:33:45,78.3800,20,2
2026-06-16,000858,13:33:48,78.3800,8,2
2026-06-16,000858,13:33:54,78.3900,34,1
2026-06-16,000858,13:33:57,78.3800,28,2
2026-06-16,000858,13:34:00,78.3800,47,2
2026-06-16,000858,13:34:03,78.3900,20,4
2026-06-16,000858,13:34:06,78.3800,33,2
2026-06-16,000858,13:34:09,78.3600,59,2
2026-06-16,000858,13:34:12,78.3700,23,1
2026-06-16,000858,13:34:15,78.3700,49,2
2026-06-16,000858,13:34:18,78.3700,27,4
2026-06-16,000858,13:34:21,78.3700,8,1
2026-06-16,000858,13:34:24,78.3700,48,1
2026-06-16,000858,13:34:27,78.3700,51,1
2026-06-16,000858,13:34:30,78.3800,14,1
2026-06-16,000858,13:34:33,78.3800,15,1
2026-06-16,000858,13:34:36,78.3700,8,2
2026-06-16,000858,13:34:39,78.3800,7,1
2026-06-16,000858,13:34:42,78.3700,48,2
2026-06-16,000858,13:34:45,78.3700,27,1
2026-06-16,000858,13:34:48,78.3600,11,2
2026-06-16,000858,13:34:51,78.3800,14,1
2026-06-16,000858,13:34:54,78.3700,21,1
2026-06-16,000858,13:34:57,78.3800,4,1
2026-06-16,000858,13:35:00,78.3800,39,1
2026-06-16,000858,13:35:03,78.3600,272,2
2026-06-16,000858,13:35:06,78.3600,82,2
2026-06-16,000858,13:35:09,78.3600,9,2
2026-06-16,000858,13:35:12,78.3600,9,1
2026-06-16,000858,13:35:15,78.3500,117,4
2026-06-16,000858,13:35:18,78.3700,27,1
2026-06-16,000858,13:35:21,78.3500,5,2
2026-06-16,000858,13:35:24,78.3500,8,2
2026-06-16,000858,13:35:27,78.3500,9,1
2026-06-16,000858,13:35:30,78.3500,27,2
2026-06-16,000858,13:35:33,78.3500,10,2
2026-06-16,000858,13:35:36,78.3400,10,2
2026-06-16,000858,13:35:39,78.3400,10,2
2026-06-16,000858,13:35:42,78.3400,3,4
2026-06-16,000858,13:35:45,78.3500,14,1
2026-06-16,000858,13:35:48,78.3400,7,2
2026-06-16,000858,13:35:51,78.3400,25,2
2026-06-16,000858,13:35:54,78.3400,12,1
2026-06-16,000858,13:35:57,78.3500,14,1
2026-06-16,000858,13:36:00,78.3500,2,1
2026-06-16,000858,13:36:03,78.3400,5,2
2026-06-16,000858,13:36:06,78.3400,17,2
2026-06-16,000858,13:36:09,78.3400,11,1
2026-06-16,000858,13:36:12,78.3400,4,1
2026-06-16,000858,13:36:15,78.3400,8,1
2026-06-16,000858,13:36:18,78.3300,16,2
2026-06-16,000858,13:36:21,78.3300,47,1
2026-06-16,000858,13:36:24,78.3300,26,1
2026-06-16,000858,13:36:27,78.3300,68,2
2026-06-16,000858,13:36:30,78.3300,17,2
2026-06-16,000858,13:36:33,78.3300,19,2
2026-06-16,000858,13:36:36,78.3400,8,1
2026-06-16,000858,13:36:39,78.3300,5,2
2026-06-16,000858,13:36:42,78.3300,9,2
2026-06-16,000858,13:36:45,78.3300,7,2
2026-06-16,000858,13:36:48,78.3200,41,2
2026-06-16,000858,13:36:51,78.3200,22,2
2026-06-16,000858,13:36:54,78.3400,4,1
2026-06-16,000858,13:36:57,78.3400,7,1
2026-06-16,000858,13:37:00,78.3400,16,1
2026-06-16,000858,13:37:03,78.3300,22,2
2026-06-16,000858,13:37:06,78.3300,12,1
2026-06-16,000858,13:37:09,78.3300,6,1
2026-06-16,000858,13:37:12,78.3300,71,1
2026-06-16,000858,13:37:15,78.3400,22,1
2026-06-16,000858,13:37:18,78.3400,5,1
2026-06-16,000858,13:37:21,78.3400,14,1
2026-06-16,000858,13:37:24,78.3400,12,2
2026-06-16,000858,13:37:27,78.3300,34,2
2026-06-16,000858,13:37:30,78.3400,40,1
2026-06-16,000858,13:37:33,78.3300,16,2
2026-06-16,000858,13:37:36,78.3300,4,1
2026-06-16,000858,13:37:39,78.3400,1,1
2026-06-16,000858,13:37:42,78.3300,1,2
2026-06-16,000858,13:37:45,78.3400,13,1
2026-06-16,000858,13:37:48,78.3200,52,2
2026-06-16,000858,13:37:51,78.3300,16,2
2026-06-16,000858,13:37:54,78.3400,6,4
2026-06-16,000858,13:37:57,78.3400,4,1
2026-06-16,000858,13:38:00,78.3400,7,1
2026-06-16,000858,13:38:03,78.3400,11,2
2026-06-16,000858,13:38:06,78.3400,15,4
2026-06-16,000858,13:38:09,78.3400,13,1
2026-06-16,000858,13:38:12,78.3200,48,2
2026-06-16,000858,13:38:15,78.3300,11,2
2026-06-16,000858,13:38:18,78.3500,16,1
2026-06-16,000858,13:38:21,78.3200,30,2
2026-06-16,000858,13:38:24,78.3300,9,2
2026-06-16,000858,13:38:27,78.3200,14,2
2026-06-16,000858,13:38:30,78.3200,27,2
2026-06-16,000858,13:38:33,78.3300,9,1
2026-06-16,000858,13:38:36,78.3200,2,2
2026-06-16,000858,13:38:39,78.3200,5,2
2026-06-16,000858,13:38:42,78.3200,5,2
2026-06-16,000858,13:38:45,78.3300,338,1
2026-06-16,000858,13:38:48,78.3500,65,1
2026-06-16,000858,13:38:51,78.3200,14,2
2026-06-16,000858,13:38:54,78.3500,78,1
2026-06-16,000858,13:38:57,78.3000,36,2
2026-06-16,000858,13:39:00,78.3300,7,1
2026-06-16,000858,13:39:03,78.3400,2,1
2026-06-16,000858,13:39:06,78.3200,14,2
2026-06-16,000858,13:39:09,78.3200,3,1
2026-06-16,000858,13:39:12,78.3200,44,1
2026-06-16,000858,13:39:15,78.3400,10,1
2026-06-16,000858,13:39:18,78.3300,6,4
2026-06-16,000858,13:39:21,78.3300,6,1
2026-06-16,000858,13:39:24,78.3200,7,2
2026-06-16,000858,13:39:27,78.3300,12,1
2026-06-16,000858,13:39:30,78.3300,9,1
2026-06-16,000858,13:39:33,78.3200,16,2
2026-06-16,000858,13:39:36,78.3300,28,1
2026-06-16,000858,13:39:39,78.3300,7,1
2026-06-16,000858,13:39:42,78.3200,4,2
2026-06-16,000858,13:39:45,78.3300,21,1
2026-06-16,000858,13:39:48,78.3300,4,1
2026-06-16,000858,13:39:51,78.3200,17,2
2026-06-16,000858,13:39:54,78.3300,6,1
2026-06-16,000858,13:39:57,78.3200,4,2
2026-06-16,000858,13:40:00,78.3200,18,2
2026-06-16,000858,13:40:03,78.3300,25,1
2026-06-16,000858,13:40:06,78.3300,12,2
2026-06-16,000858,13:40:09,78.3200,16,2
2026-06-16,000858,13:40:12,78.3300,8,1
2026-06-16,000858,13:40:15,78.3400,1,1
2026-06-16,000858,13:40:18,78.3200,6,2
2026-06-16,000858,13:40:21,78.3300,1,4
2026-06-16,000858,13:40:24,78.3300,1,2
2026-06-16,000858,13:40:30,78.3300,4,2
2026-06-16,000858,13:40:33,78.3300,9,2
2026-06-16,000858,13:40:36,78.3400,12,1
2026-06-16,000858,13:40:39,78.3300,7,2
2026-06-16,000858,13:40:42,78.3400,5,1
2026-06-16,000858,13:40:45,78.3200,8,2
2026-06-16,000858,13:40:48,78.3300,10,1
2026-06-16,000858,13:40:51,78.3400,4,1
2026-06-16,000858,13:40:54,78.3300,72,2
2026-06-16,000858,13:40:57,78.3300,6,1
2026-06-16,000858,13:41:00,78.3200,39,2
2026-06-16,000858,13:41:03,78.3300,15,1
2026-06-16,000858,13:41:06,78.3300,20,1
2026-06-16,000858,13:41:09,78.3300,66,1
2026-06-16,000858,13:41:12,78.3400,2,1
2026-06-16,000858,13:41:15,78.3300,6,2
2026-06-16,000858,13:41:18,78.3300,15,2
2026-06-16,000858,13:41:21,78.3300,7,2
2026-06-16,000858,13:41:24,78.3400,8,1
2026-06-16,000858,13:41:27,78.3300,6,2
2026-06-16,000858,13:41:30,78.3400,10,1
2026-06-16,000858,13:41:33,78.3300,10,2
2026-06-16,000858,13:41:36,78.3400,77,1
2026-06-16,000858,13:41:39,78.3400,28,1
2026-06-16,000858,13:41:42,78.3400,14,1
2026-06-16,000858,13:41:45,78.3500,45,1
2026-06-16,000858,13:41:48,78.3500,17,1
2026-06-16,000858,13:41:51,78.3500,11,2
2026-06-16,000858,13:41:57,78.3600,41,1
2026-06-16,000858,13:42:00,78.3700,21,1
2026-06-16,000858,13:42:03,78.3600,63,2
2026-06-16,000858,13:42:06,78.3500,3,2
2026-06-16,000858,13:42:09,78.3500,5,1
2026-06-16,000858,13:42:12,78.3400,1,2
2026-06-16,000858,13:42:15,78.3400,72,2
2026-06-16,000858,13:42:18,78.3500,17,1
2026-06-16,000858,13:42:21,78.3500,1,1
2026-06-16,000858,13:42:24,78.3500,45,1
2026-06-16,000858,13:42:27,78.3500,1,1
2026-06-16,000858,13:42:30,78.3400,15,1
2026-06-16,000858,13:42:33,78.3500,8,1
2026-06-16,000858,13:42:36,78.3300,20,2
2026-06-16,000858,13:42:39,78.3100,172,2
2026-06-16,000858,13:42:42,78.3000,47,2
2026-06-16,000858,13:42:45,78.3000,28,2
2026-06-16,000858,13:42:48,78.2800,291,2
2026-06-16,000858,13:42:51,78.2900,23,4
2026-06-16,000858,13:42:54,78.2800,17,2
2026-06-16,000858,13:42:57,78.2800,135,2
2026-06-16,000858,13:43:00,78.2900,16,1
2026-06-16,000858,13:43:03,78.3000,16,1
2026-06-16,000858,13:43:06,78.3000,5,1
2026-06-16,000858,13:43:09,78.2800,14,2
2026-06-16,000858,13:43:12,78.3000,23,1
2026-06-16,000858,13:43:15,78.2800,4,2
2026-06-16,000858,13:43:18,78.2800,11,2
2026-06-16,000858,13:43:21,78.2900,41,1
2026-06-16,000858,13:43:24,78.2900,18,1
2026-06-16,000858,13:43:27,78.2800,24,2
2026-06-16,000858,13:43:30,78.2700,138,2
2026-06-16,000858,13:43:33,78.2900,61,1
2026-06-16,000858,13:43:36,78.2700,40,2
2026-06-16,000858,13:43:39,78.2800,10,1
2026-06-16,000858,13:43:42,78.2800,5,1
2026-06-16,000858,13:43:45,78.2800,30,1
2026-06-16,000858,13:43:48,78.2700,32,2
2026-06-16,000858,13:43:51,78.2800,11,1
2026-06-16,000858,13:43:54,78.2800,81,1
2026-06-16,000858,13:43:57,78.2700,27,2
2026-06-16,000858,13:44:00,78.2700,9,1
2026-06-16,000858,13:44:03,78.2500,103,2
2026-06-16,000858,13:44:06,78.2700,25,1
2026-06-16,000858,13:44:09,78.2700,212,1
2026-06-16,000858,13:44:12,78.2400,5,2
2026-06-16,000858,13:44:15,78.2300,57,2
2026-06-16,000858,13:44:18,78.2300,40,2
2026-06-16,000858,13:44:21,78.2500,34,1
2026-06-16,000858,13:44:24,78.2400,42,2
2026-06-16,000858,13:44:27,78.2400,32,1
2026-06-16,000858,13:44:30,78.2300,19,2
2026-06-16,000858,13:44:33,78.2300,12,2
2026-06-16,000858,13:44:36,78.2300,40,2
2026-06-16,000858,13:44:39,78.2300,22,4
2026-06-16,000858,13:44:45,78.2400,13,2
2026-06-16,000858,13:44:48,78.2400,11,2
2026-06-16,000858,13:44:51,78.2400,28,2
2026-06-16,000858,13:44:54,78.2500,33,4
2026-06-16,000858,13:44:57,78.2400,5,2
2026-06-16,000858,13:45:00,78.2400,63,2
2026-06-16,000858,13:45:03,78.2400,27,1
2026-06-16,000858,13:45:06,78.2500,62,1
2026-06-16,000858,13:45:12,78.2500,1,1
2026-06-16,000858,13:45:15,78.2500,7,1
2026-06-16,000858,13:45:18,78.2400,19,2
2026-06-16,000858,13:45:21,78.2500,30,1
2026-06-16,000858,13:45:24,78.2500,6,4
2026-06-16,000858,13:45:27,78.2400,16,2
2026-06-16,000858,13:45:30,78.2500,20,1
2026-06-16,000858,13:45:36,78.2500,50,1
2026-06-16,000858,13:45:39,78.2500,5,1
2026-06-16,000858,13:45:42,78.2500,9,1
2026-06-16,000858,13:45:45,78.2500,14,1
2026-06-16,000858,13:45:48,78.2400,3,2
2026-06-16,000858,13:45:51,78.2500,25,1
2026-06-16,000858,13:45:54,78.2500,13,1
2026-06-16,000858,13:45:57,78.2400,13,2
2026-06-16,000858,13:46:00,78.2500,11,1
2026-06-16,000858,13:46:03,78.2600,18,1
2026-06-16,000858,13:46:06,78.2500,5,2
2026-06-16,000858,13:46:09,78.2500,49,2
2026-06-16,000858,13:46:12,78.2500,20,2
2026-06-16,000858,13:46:15,78.2600,5,1
2026-06-16,000858,13:46:18,78.2400,15,2
2026-06-16,000858,13:46:21,78.2600,14,1
2026-06-16,000858,13:46:24,78.2600,6,1
2026-06-16,000858,13:46:27,78.2500,189,2
2026-06-16,000858,13:46:30,78.2400,21,2
2026-06-16,000858,13:46:33,78.2500,2,1
2026-06-16,000858,13:46:36,78.2500,6,1
2026-06-16,000858,13:46:39,78.2500,1,1
2026-06-16,000858,13:46:42,78.2500,14,1
2026-06-16,000858,13:46:45,78.2400,1,2
2026-06-16,000858,13:46:48,78.2500,8,1
2026-06-16,000858,13:46:51,78.2500,2,1
2026-06-16,000858,13:46:54,78.2400,57,2
2026-06-16,000858,13:46:57,78.2400,37,2
2026-06-16,000858,13:47:00,78.2500,5,1
2026-06-16,000858,13:47:03,78.2500,37,1
2026-06-16,000858,13:47:06,78.2500,8,2
2026-06-16,000858,13:47:09,78.2500,38,2
2026-06-16,000858,13:47:12,78.2600,22,1
2026-06-16,000858,13:47:15,78.2400,33,2
2026-06-16,000858,13:47:18,78.2500,332,2
2026-06-16,000858,13:47:21,78.2500,12,1
2026-06-16,000858,13:47:24,78.2500,27,1
2026-06-16,000858,13:47:27,78.2400,11,4
2026-06-16,000858,13:47:30,78.2500,30,1
2026-06-16,000858,13:47:33,78.2500,7,1
2026-06-16,000858,13:47:36,78.2400,99,2
2026-06-16,000858,13:47:39,78.2400,3,1
2026-06-16,000858,13:47:42,78.2400,49,1
2026-06-16,000858,13:47:45,78.2400,30,1
2026-06-16,000858,13:47:48,78.2400,26,1
2026-06-16,000858,13:47:51,78.2200,40,2
2026-06-16,000858,13:47:54,78.2300,83,1
2026-06-16,000858,13:47:57,78.2300,9,1
2026-06-16,000858,13:48:00,78.2400,28,1
2026-06-16,000858,13:48:03,78.2200,12,2
2026-06-16,000858,13:48:06,78.2300,6,4
2026-06-16,000858,13:48:09,78.2200,23,2
2026-06-16,000858,13:48:12,78.2300,1,4
2026-06-16,000858,13:48:15,78.2300,1,4
2026-06-16,000858,13:48:18,78.2300,3,2
2026-06-16,000858,13:48:21,78.2300,6,2
2026-06-16,000858,13:48:24,78.2300,9,1
2026-06-16,000858,13:48:27,78.2400,4,1
2026-06-16,000858,13:48:30,78.2400,5,1
2026-06-16,000858,13:48:33,78.2300,53,2
2026-06-16,000858,13:48:36,78.2200,8,2
2026-06-16,000858,13:48:39,78.2300,22,1
2026-06-16,000858,13:48:42,78.2300,46,2
2026-06-16,000858,13:48:48,78.2300,8,2
2026-06-16,000858,13:48:51,78.2300,10,2
2026-06-16,000858,13:48:54,78.2300,24,2
2026-06-16,000858,13:48:57,78.2300,1,2
2026-06-16,000858,13:49:00,78.2300,50,2
2026-06-16,000858,13:49:03,78.2300,16,2
2026-06-16,000858,13:49:06,78.2300,12,1
2026-06-16,000858,13:49:09,78.2300,24,1
2026-06-16,000858,13:49:12,78.2200,211,2
2026-06-16,000858,13:49:15,78.2200,10,1
2026-06-16,000858,13:49:18,78.2200,62,1
2026-06-16,000858,13:49:21,78.2200,3,1
2026-06-16,000858,13:49:24,78.2200,42,1
2026-06-16,000858,13:49:27,78.2200,36,1
2026-06-16,000858,13:49:30,78.2200,42,1
2026-06-16,000858,13:49:33,78.2200,31,1
2026-06-16,000858,13:49:36,78.2200,32,1
2026-06-16,000858,13:49:39,78.2200,18,1
2026-06-16,000858,13:49:42,78.2200,27,1
2026-06-16,000858,13:49:45,78.2100,118,2
2026-06-16,000858,13:49:48,78.2200,15,1
2026-06-16,000858,13:49:51,78.2200,33,1
2026-06-16,000858,13:49:54,78.2200,20,1
2026-06-16,000858,13:49:57,78.2200,25,1
2026-06-16,000858,13:50:00,78.2200,49,2
2026-06-16,000858,13:50:03,78.2300,17,1
2026-06-16,000858,13:50:09,78.2300,37,1
2026-06-16,000858,13:50:12,78.2200,35,2
2026-06-16,000858,13:50:15,78.2200,8,2
2026-06-16,000858,13:50:18,78.2200,56,2
2026-06-16,000858,13:50:21,78.2300,23,1
2026-06-16,000858,13:50:24,78.2300,26,1
2026-06-16,000858,13:50:27,78.2300,31,1
2026-06-16,000858,13:50:30,78.2300,9,2
2026-06-16,000858,13:50:33,78.2300,5,2
2026-06-16,000858,13:50:36,78.2300,44,2
2026-06-16,000858,13:50:39,78.2300,5,2
2026-06-16,000858,13:50:42,78.2300,9,1
2026-06-16,000858,13:50:45,78.2300,19,1
2026-06-16,000858,13:50:48,78.2200,87,2
2026-06-16,000858,13:50:51,78.2100,4,2
2026-06-16,000858,13:50:54,78.2100,4,2
2026-06-16,000858,13:50:57,78.2100,25,2
2026-06-16,000858,13:51:00,78.2100,36,2
2026-06-16,000858,13:51:03,78.2100,16,2
2026-06-16,000858,13:51:06,78.2200,14,1
2026-06-16,000858,13:51:09,78.2200,16,1
2026-06-16,000858,13:51:12,78.2200,26,1
2026-06-16,000858,13:51:15,78.2200,17,1
2026-06-16,000858,13:51:18,78.2200,19,1
2026-06-16,000858,13:51:21,78.2100,9,2
2026-06-16,000858,13:51:24,78.2200,4,1
2026-06-16,000858,13:51:27,78.2100,20,2
2026-06-16,000858,13:51:30,78.2100,13,2
2026-06-16,000858,13:51:33,78.2100,65,2
2026-06-16,000858,13:51:36,78.2100,52,2
2026-06-16,000858,13:51:39,78.2200,5,1
2026-06-16,000858,13:51:42,78.2200,4,1
2026-06-16,000858,13:51:45,78.2100,2,2
2026-06-16,000858,13:51:48,78.2200,15,1
2026-06-16,000858,13:51:51,78.2200,21,1
2026-06-16,000858,13:51:54,78.2100,4,2
2026-06-16,000858,13:51:57,78.2200,8,1
2026-06-16,000858,13:52:00,78.2200,18,1
2026-06-16,000858,13:52:03,78.2200,5,1
2026-06-16,000858,13:52:06,78.2200,222,1
2026-06-16,000858,13:52:09,78.2200,3,1
2026-06-16,000858,13:52:12,78.2100,8,2
2026-06-16,000858,13:52:15,78.2100,32,2
2026-06-16,000858,13:52:18,78.2200,10,1
2026-06-16,000858,13:52:21,78.2200,11,1
2026-06-16,000858,13:52:24,78.2100,24,2
2026-06-16,000858,13:52:27,78.2200,5,4
2026-06-16,000858,13:52:30,78.2200,5,2
2026-06-16,000858,13:52:33,78.2200,2,2
2026-06-16,000858,13:52:36,78.2200,9,2
2026-06-16,000858,13:52:39,78.2200,17,2
2026-06-16,000858,13:52:42,78.2200,10,2
2026-06-16,000858,13:52:45,78.2200,79,2
2026-06-16,000858,13:52:48,78.2200,26,1
2026-06-16,000858,13:52:51,78.2200,34,1
2026-06-16,000858,13:52:54,78.2200,6,4
2026-06-16,000858,13:52:57,78.2300,10,1
2026-06-16,000858,13:53:00,78.2300,23,1
2026-06-16,000858,13:53:03,78.2300,29,1
2026-06-16,000858,13:53:06,78.2200,29,2
2026-06-16,000858,13:53:09,78.2200,6,4
2026-06-16,000858,13:53:12,78.2200,11,1
2026-06-16,000858,13:53:15,78.2200,2,2
2026-06-16,000858,13:53:18,78.2200,27,2
2026-06-16,000858,13:53:21,78.2300,3,1
2026-06-16,000858,13:53:24,78.2300,48,1
2026-06-16,000858,13:53:27,78.2300,23,1
2026-06-16,000858,13:53:30,78.2300,42,1
2026-06-16,000858,13:53:36,78.2300,13,1
2026-06-16,000858,13:53:39,78.2200,31,2
2026-06-16,000858,13:53:42,78.2300,32,1
2026-06-16,000858,13:53:45,78.2300,19,1
2026-06-16,000858,13:53:48,78.2300,97,1
2026-06-16,000858,13:53:51,78.2300,42,1
2026-06-16,000858,13:53:54,78.2300,6,2
2026-06-16,000858,13:53:57,78.2300,6,2
2026-06-16,000858,13:54:00,78.2400,47,1
2026-06-16,000858,13:54:03,78.2300,15,2
2026-06-16,000858,13:54:06,78.2400,79,1
2026-06-16,000858,13:54:09,78.2400,22,2
2026-06-16,000858,13:54:12,78.2400,28,2
2026-06-16,000858,13:54:15,78.2400,184,2
2026-06-16,000858,13:54:18,78.2500,3,1
2026-06-16,000858,13:54:21,78.2400,53,2
2026-06-16,000858,13:54:24,78.2400,6,1
2026-06-16,000858,13:54:27,78.2300,17,2
2026-06-16,000858,13:54:30,78.2400,3,1
2026-06-16,000858,13:54:33,78.2400,15,1
2026-06-16,000858,13:54:36,78.2300,11,2
2026-06-16,000858,13:54:39,78.2300,3,2
2026-06-16,000858,13:54:42,78.2300,14,2
2026-06-16,000858,13:54:45,78.2300,27,2
2026-06-16,000858,13:54:48,78.2300,134,2
2026-06-16,000858,13:54:51,78.2300,9,1
2026-06-16,000858,13:54:54,78.2300,7,1
2026-06-16,000858,13:54:57,78.2300,13,1
2026-06-16,000858,13:55:00,78.2300,69,1
2026-06-16,000858,13:55:03,78.2300,6,1
2026-06-16,000858,13:55:06,78.2200,10,2
2026-06-16,000858,13:55:09,78.2300,19,1
2026-06-16,000858,13:55:12,78.2300,5,1
2026-06-16,000858,13:55:15,78.2200,69,2
2026-06-16,000858,13:55:18,78.2300,9,1
2026-06-16,000858,13:55:21,78.2200,3,2
2026-06-16,000858,13:55:24,78.2300,8,1
2026-06-16,000858,13:55:27,78.2300,18,2
2026-06-16,000858,13:55:30,78.2400,2,1
2026-06-16,000858,13:55:33,78.2300,32,2
2026-06-16,000858,13:55:36,78.2400,20,1
2026-06-16,000858,13:55:39,78.2300,14,2
2026-06-16,000858,13:55:42,78.2300,25,2
2026-06-16,000858,13:55:45,78.2300,31,2
2026-06-16,000858,13:55:48,78.2300,12,2
2026-06-16,000858,13:55:51,78.2300,8,2
2026-06-16,000858,13:55:54,78.2300,14,2
2026-06-16,000858,13:55:57,78.2300,13,2
2026-06-16,000858,13:56:00,78.2400,3,1
2026-06-16,000858,13:56:03,78.2400,12,1
2026-06-16,000858,13:56:06,78.2400,4,1
2026-06-16,000858,13:56:09,78.2400,5,1
2026-06-16,000858,13:56:12,78.2400,46,1
2026-06-16,000858,13:56:15,78.2400,16,1
2026-06-16,000858,13:56:18,78.2400,6,1
2026-06-16,000858,13:56:21,78.2400,14,1
2026-06-16,000858,13:56:24,78.2400,26,1
2026-06-16,000858,13:56:27,78.2400,2,1
2026-06-16,000858,13:56:30,78.2400,8,1
2026-06-16,000858,13:56:33,78.2400,4,1
2026-06-16,000858,13:56:36,78.2400,3,2
2026-06-16,000858,13:56:39,78.2400,11,2
2026-06-16,000858,13:56:42,78.2400,3,2
2026-06-16,000858,13:56:45,78.2400,4,2
2026-06-16,000858,13:56:48,78.2500,28,1
2026-06-16,000858,13:56:51,78.2400,13,2
2026-06-16,000858,13:56:54,78.2500,10,1
2026-06-16,000858,13:56:57,78.2500,57,1
2026-06-16,000858,13:57:00,78.2500,47,1
2026-06-16,000858,13:57:03,78.2500,5,1
2026-06-16,000858,13:57:06,78.2500,69,1
2026-06-16,000858,13:57:12,78.2500,11,2
2026-06-16,000858,13:57:15,78.2600,18,1
2026-06-16,000858,13:57:18,78.2600,42,1
2026-06-16,000858,13:57:21,78.2800,78,1
2026-06-16,000858,13:57:24,78.2700,86,1
2026-06-16,000858,13:57:27,78.2700,10,1
2026-06-16,000858,13:57:30,78.2800,23,1
2026-06-16,000858,13:57:33,78.2800,10,2
2026-06-16,000858,13:57:39,78.2900,45,1
2026-06-16,000858,13:57:42,78.2900,58,2
2026-06-16,000858,13:57:45,78.2800,25,2
2026-06-16,000858,13:57:48,78.2900,23,1
2026-06-16,000858,13:57:51,78.2900,16,1
2026-06-16,000858,13:57:54,78.2900,12,1
2026-06-16,000858,13:57:57,78.3000,6,1
2026-06-16,000858,13:58:00,78.3000,6,1
2026-06-16,000858,13:58:03,78.3000,5,1
2026-06-16,000858,13:58:06,78.3000,25,1
2026-06-16,000858,13:58:09,78.3000,9,1
2026-06-16,000858,13:58:12,78.2900,51,2
2026-06-16,000858,13:58:15,78.3000,1,1
2026-06-16,000858,13:58:18,78.3000,8,1
2026-06-16,000858,13:58:21,78.2900,24,2
2026-06-16,000858,13:58:24,78.3000,7,1
2026-06-16,000858,13:58:27,78.2900,5,2
2026-06-16,000858,13:58:30,78.2900,37,2
2026-06-16,000858,13:58:33,78.2800,3,2
2026-06-16,000858,13:58:36,78.2900,2,1
2026-06-16,000858,13:58:39,78.2900,11,1
2026-06-16,000858,13:58:42,78.2900,12,1
2026-06-16,000858,13:58:45,78.2900,15,1
2026-06-16,000858,13:58:48,78.2800,5,2
2026-06-16,000858,13:58:51,78.3000,24,1
2026-06-16,000858,13:58:54,78.2900,2,4
2026-06-16,000858,13:58:57,78.3000,6,1
2026-06-16,000858,13:59:00,78.3000,5,1
2026-06-16,000858,13:59:03,78.3000,2,1
2026-06-16,000858,13:59:06,78.2900,9,2
2026-06-16,000858,13:59:09,78.3000,19,1
2026-06-16,000858,13:59:15,78.3000,12,1
2026-06-16,000858,13:59:18,78.3000,12,1
2026-06-16,000858,13:59:21,78.3000,49,1
2026-06-16,000858,13:59:24,78.2900,52,2
2026-06-16,000858,13:59:27,78.3000,12,1
2026-06-16,000858,13:59:30,78.2900,7,4
2026-06-16,000858,13:59:33,78.2900,7,2
2026-06-16,000858,13:59:36,78.2800,19,2
2026-06-16,000858,13:59:39,78.2900,14,1
2026-06-16,000858,13:59:45,78.3000,9,1
2026-06-16,000858,13:59:48,78.3000,8,1
2026-06-16,000858,13:59:51,78.2900,27,2
2026-06-16,000858,13:59:54,78.3000,8,1
2026-06-16,000858,13:59:57,78.3000,338,1
2026-06-16,000858,14:00:00,78.3000,21,1
2026-06-16,000858,14:00:03,78.2900,18,2
2026-06-16,000858,14:00:06,78.3000,55,1
2026-06-16,000858,14:00:09,78.3000,2,1
2026-06-16,000858,14:00:12,78.3000,25,1
2026-06-16,000858,14:00:15,78.3000,25,2
2026-06-16,000858,14:00:18,78.3000,3,2
2026-06-16,000858,14:00:21,78.3000,19,2
2026-06-16,000858,14:00:24,78.3100,6,1
2026-06-16,000858,14:00:27,78.3100,5,1
2026-06-16,000858,14:00:30,78.3100,41,1
2026-06-16,000858,14:00:33,78.3100,3,1
2026-06-16,000858,14:00:36,78.3100,2,1
2026-06-16,000858,14:00:39,78.3100,1,1
2026-06-16,000858,14:00:42,78.3000,5,2
2026-06-16,000858,14:00:45,78.3100,23,1
2026-06-16,000858,14:00:48,78.3000,14,2
2026-06-16,000858,14:00:51,78.3100,6,1
2026-06-16,000858,14:00:54,78.3000,26,2
2026-06-16,000858,14:00:57,78.3100,5,1
2026-06-16,000858,14:01:03,78.3000,9,2
2026-06-16,000858,14:01:06,78.3000,12,2
2026-06-16,000858,14:01:09,78.3200,41,1
2026-06-16,000858,14:01:12,78.3000,10,2
2026-06-16,000858,14:01:18,78.3000,84,2
2026-06-16,000858,14:01:21,78.3000,138,2
2026-06-16,000858,14:01:24,78.3000,288,2
2026-06-16,000858,14:01:27,78.2800,14,2
2026-06-16,000858,14:01:30,78.3000,20,1
2026-06-16,000858,14:01:33,78.2800,5,2
2026-06-16,000858,14:01:39,78.2700,84,2
2026-06-16,000858,14:01:42,78.2600,11,2
2026-06-16,000858,14:01:45,78.2600,13,2
2026-06-16,000858,14:01:48,78.2700,27,1
2026-06-16,000858,14:01:51,78.2600,20,2
2026-06-16,000858,14:01:54,78.2600,184,1
2026-06-16,000858,14:01:57,78.2600,16,1
2026-06-16,000858,14:02:00,78.2500,32,2
2026-06-16,000858,14:02:03,78.2500,1,2
2026-06-16,000858,14:02:06,78.2600,76,1
2026-06-16,000858,14:02:09,78.2500,12,4
2026-06-16,000858,14:02:12,78.2500,5,1
2026-06-16,000858,14:02:15,78.2400,2,2
2026-06-16,000858,14:02:18,78.2400,51,2
2026-06-16,000858,14:02:21,78.2400,1,1
2026-06-16,000858,14:02:24,78.2400,48,1
2026-06-16,000858,14:02:27,78.2400,12,1
2026-06-16,000858,14:02:30,78.2400,177,1
2026-06-16,000858,14:02:33,78.2200,15,2
2026-06-16,000858,14:02:36,78.2200,8,2
2026-06-16,000858,14:02:39,78.2300,3,1
2026-06-16,000858,14:02:42,78.2300,22,1
2026-06-16,000858,14:02:45,78.2300,10,1
2026-06-16,000858,14:02:48,78.2300,16,1
2026-06-16,000858,14:02:51,78.2400,2,1
2026-06-16,000858,14:02:54,78.2300,38,2
2026-06-16,000858,14:02:57,78.2300,13,2
2026-06-16,000858,14:03:00,78.2300,12,2
2026-06-16,000858,14:03:03,78.2300,1,2
2026-06-16,000858,14:03:06,78.2300,29,2
2026-06-16,000858,14:03:09,78.2400,2,1
2026-06-16,000858,14:03:12,78.2300,8,2
2026-06-16,000858,14:03:15,78.2300,11,2
2026-06-16,000858,14:03:18,78.2400,8,1
2026-06-16,000858,14:03:21,78.2300,49,2
2026-06-16,000858,14:03:24,78.2200,5,2
2026-06-16,000858,14:03:27,78.2300,4,1
2026-06-16,000858,14:03:30,78.2300,1,1
2026-06-16,000858,14:03:33,78.2300,6,1
2026-06-16,000858,14:03:36,78.2200,35,2
2026-06-16,000858,14:03:39,78.2300,4,1
2026-06-16,000858,14:03:42,78.2300,7,1
2026-06-16,000858,14:03:45,78.2200,2,2
2026-06-16,000858,14:03:48,78.2200,17,2
2026-06-16,000858,14:03:51,78.2200,11,2
2026-06-16,000858,14:03:54,78.2300,53,1
2026-06-16,000858,14:03:57,78.2300,23,1
2026-06-16,000858,14:04:00,78.2300,90,1
2026-06-16,000858,14:04:03,78.2400,70,1
2026-06-16,000858,14:04:06,78.2400,30,1
2026-06-16,000858,14:04:09,78.2400,2,1
2026-06-16,000858,14:04:12,78.2400,1,1
2026-06-16,000858,14:04:15,78.2300,13,2
2026-06-16,000858,14:04:18,78.2400,6,1
2026-06-16,000858,14:04:21,78.2300,39,2
2026-06-16,000858,14:04:24,78.2500,5,1
2026-06-16,000858,14:04:27,78.2500,10,1
2026-06-16,000858,14:04:30,78.2400,20,2
2026-06-16,000858,14:04:33,78.2500,7,1
2026-06-16,000858,14:04:36,78.2500,9,1
2026-06-16,000858,14:04:39,78.2400,8,2
2026-06-16,000858,14:04:42,78.2400,10,2
2026-06-16,000858,14:04:45,78.2400,48,2
2026-06-16,000858,14:04:51,78.2400,8,2
2026-06-16,000858,14:04:54,78.2500,3,1
2026-06-16,000858,14:05:00,78.2500,6,1
2026-06-16,000858,14:05:03,78.2400,14,2
2026-06-16,000858,14:05:06,78.2500,40,1
2026-06-16,000858,14:05:09,78.2500,15,1
2026-06-16,000858,14:05:12,78.2400,21,2
2026-06-16,000858,14:05:15,78.2500,1,1
2026-06-16,000858,14:05:18,78.2400,13,2
2026-06-16,000858,14:05:21,78.2400,5,2
2026-06-16,000858,14:05:24,78.2400,5,2
2026-06-16,000858,14:05:27,78.2400,7,2
2026-06-16,000858,14:05:30,78.2500,11,1
2026-06-16,000858,14:05:33,78.2400,18,2
2026-06-16,000858,14:05:36,78.2400,4,2
2026-06-16,000858,14:05:39,78.2400,85,2
2026-06-16,000858,14:05:42,78.2500,12,1
2026-06-16,000858,14:05:45,78.2400,9,2
2026-06-16,000858,14:05:48,78.2500,12,1
2026-06-16,000858,14:05:51,78.2500,19,1
2026-06-16,000858,14:05:54,78.2400,11,2
2026-06-16,000858,14:05:57,78.2500,13,1
2026-06-16,000858,14:06:00,78.2500,31,1
2026-06-16,000858,14:06:03,78.2500,10,1
2026-06-16,000858,14:06:06,78.2400,25,2
2026-06-16,000858,14:06:09,78.2400,23,2
2026-06-16,000858,14:06:12,78.2500,1,4
2026-06-16,000858,14:06:15,78.2500,23,2
2026-06-16,000858,10:53:57,78.4500,2,2
2026-06-16,000858,10:54:00,78.4700,7,1
2026-06-16,000858,10:54:03,78.4500,33,2
2026-06-16,000858,10:54:06,78.4500,17,2
2026-06-16,000858,10:54:09,78.4500,16,2
2026-06-16,000858,10:54:12,78.4500,7,2
2026-06-16,000858,10:54:15,78.4600,11,1
2026-06-16,000858,10:54:18,78.4600,31,1
2026-06-16,000858,10:54:21,78.4500,10,2
2026-06-16,000858,10:54:24,78.4600,22,1
2026-06-16,000858,10:54:30,78.4600,51,1
2026-06-16,000858,10:54:36,78.4600,11,2
2026-06-16,000858,10:54:39,78.4600,1,1
2026-06-16,000858,10:54:42,78.4500,5,2
2026-06-16,000858,10:54:45,78.4500,22,2
2026-06-16,000858,10:54:48,78.4600,22,1
2026-06-16,000858,10:54:51,78.4500,28,2
2026-06-16,000858,10:54:54,78.4500,41,2
2026-06-16,000858,10:54:57,78.4400,90,2
2026-06-16,000858,10:55:00,78.4500,10,1
2026-06-16,000858,10:55:03,78.4400,60,2
2026-06-16,000858,10:55:06,78.4400,9,2
2026-06-16,000858,10:55:09,78.4500,11,1
2026-06-16,000858,10:55:12,78.4400,16,2
2026-06-16,000858,10:55:15,78.4400,13,2
2026-06-16,000858,10:55:18,78.4400,12,2
2026-06-16,000858,10:55:21,78.4400,14,1
2026-06-16,000858,10:55:24,78.4300,3,2
2026-06-16,000858,10:55:27,78.4300,11,2
2026-06-16,000858,10:55:30,78.4300,16,2
2026-06-16,000858,10:55:33,78.4400,11,1
2026-06-16,000858,10:55:36,78.4300,6,2
2026-06-16,000858,10:55:39,78.4300,22,2
2026-06-16,000858,10:55:42,78.4300,54,2
2026-06-16,000858,10:55:45,78.4300,10,2
2026-06-16,000858,10:55:48,78.4300,2,1
2026-06-16,000858,10:55:51,78.4300,22,1
2026-06-16,000858,10:55:54,78.4300,63,1
2026-06-16,000858,10:55:57,78.4200,52,2
2026-06-16,000858,10:56:00,78.4100,50,2
2026-06-16,000858,10:56:03,78.4100,17,2
2026-06-16,000858,10:56:06,78.4200,9,1
2026-06-16,000858,10:56:09,78.4100,52,2
2026-06-16,000858,10:56:12,78.4200,21,1
2026-06-16,000858,10:56:15,78.4300,3,1
2026-06-16,000858,10:56:18,78.4200,5,2
2026-06-16,000858,10:56:24,78.4300,13,1
2026-06-16,000858,10:56:27,78.4300,39,1
2026-06-16,000858,10:56:30,78.4300,39,1
2026-06-16,000858,10:56:33,78.4400,21,1
2026-06-16,000858,10:56:36,78.4400,59,1
2026-06-16,000858,10:56:39,78.4400,34,1
2026-06-16,000858,10:56:42,78.4500,22,1
2026-06-16,000858,10:56:45,78.4500,4,1
2026-06-16,000858,10:56:51,78.4600,7,1
2026-06-16,000858,10:56:54,78.4600,2,1
2026-06-16,000858,10:56:57,78.4600,28,1
2026-06-16,000858,10:57:00,78.4600,11,1
2026-06-16,000858,10:57:03,78.4500,8,2
2026-06-16,000858,10:57:06,78.4500,17,2
2026-06-16,000858,10:57:09,78.4400,48,2
2026-06-16,000858,10:57:12,78.4600,9,1
2026-06-16,000858,10:57:15,78.4600,21,1
2026-06-16,000858,10:57:18,78.4600,10,1
2026-06-16,000858,10:57:24,78.4700,22,1
2026-06-16,000858,10:57:27,78.4600,35,2
2026-06-16,000858,10:57:30,78.4600,5,4
2026-06-16,000858,10:57:33,78.4500,42,2
2026-06-16,000858,10:57:36,78.4700,19,1
2026-06-16,000858,10:57:39,78.4700,5,1
2026-06-16,000858,10:57:42,78.4600,41,2
2026-06-16,000858,10:57:45,78.4700,28,1
2026-06-16,000858,10:57:48,78.4600,34,2
2026-06-16,000858,10:57:51,78.4600,40,2
2026-06-16,000858,10:57:54,78.4600,115,2
2026-06-16,000858,10:57:57,78.4700,46,1
2026-06-16,000858,10:58:00,78.4700,12,1
2026-06-16,000858,10:58:03,78.4700,8,1
2026-06-16,000858,10:58:06,78.4600,1,2
2026-06-16,000858,10:58:09,78.4700,23,1
2026-06-16,000858,10:58:12,78.4600,46,2
2026-06-16,000858,10:58:15,78.4600,18,2
2026-06-16,000858,10:58:18,78.4600,6,2
2026-06-16,000858,10:58:21,78.4700,20,1
2026-06-16,000858,10:58:24,78.4700,12,2
2026-06-16,000858,10:58:27,78.4800,50,1
2026-06-16,000858,10:58:30,78.4700,11,2
2026-06-16,000858,10:58:33,78.4700,10,2
2026-06-16,000858,10:58:36,78.4700,15,2
2026-06-16,000858,10:58:39,78.4700,7,2
2026-06-16,000858,10:58:42,78.4700,77,2
2026-06-16,000858,10:58:45,78.4700,13,2
2026-06-16,000858,10:58:48,78.4600,69,2
2026-06-16,000858,10:58:51,78.4600,11,2
2026-06-16,000858,10:58:54,78.4600,51,2
2026-06-16,000858,10:58:57,78.4600,7,4
2026-06-16,000858,10:59:00,78.4600,31,1
2026-06-16,000858,10:59:03,78.4500,19,2
2026-06-16,000858,10:59:06,78.4500,22,2
2026-06-16,000858,10:59:09,78.4500,70,2
2026-06-16,000858,10:59:12,78.4500,22,2
2026-06-16,000858,10:59:15,78.4500,36,2
2026-06-16,000858,10:59:18,78.4400,12,2
2026-06-16,000858,10:59:21,78.4500,21,1
2026-06-16,000858,10:59:24,78.4500,6,1
2026-06-16,000858,10:59:27,78.4500,7,1
2026-06-16,000858,10:59:30,78.4500,18,1
2026-06-16,000858,10:59:33,78.4400,2,2
2026-06-16,000858,10:59:36,78.4400,16,2
2026-06-16,000858,10:59:39,78.4400,20,2
2026-06-16,000858,10:59:42,78.4500,10,1
2026-06-16,000858,10:59:45,78.4500,24,1
2026-06-16,000858,10:59:48,78.4500,2,1
2026-06-16,000858,10:59:51,78.4500,4,1
2026-06-16,000858,10:59:54,78.4400,47,2
2026-06-16,000858,10:59:57,78.4300,30,2
2026-06-16,000858,11:00:00,78.4400,6,1
2026-06-16,000858,11:00:03,78.4400,9,1
2026-06-16,000858,11:00:06,78.4400,50,1
2026-06-16,000858,11:00:09,78.4400,3,1
2026-06-16,000858,11:00:12,78.4400,9,2
2026-06-16,000858,11:00:15,78.4500,12,1
2026-06-16,000858,11:00:18,78.4300,4,2
2026-06-16,000858,11:00:21,78.4300,7,2
2026-06-16,000858,11:00:24,78.4400,14,1
2026-06-16,000858,11:00:27,78.4400,6,1
2026-06-16,000858,11:00:30,78.4300,14,2
2026-06-16,000858,11:00:33,78.4300,47,2
2026-06-16,000858,11:00:36,78.4200,21,2
2026-06-16,000858,11:00:39,78.4300,6,1
2026-06-16,000858,11:00:42,78.4200,16,2
2026-06-16,000858,11:00:45,78.4300,43,1
2026-06-16,000858,11:00:48,78.4200,24,2
2026-06-16,000858,11:00:51,78.4200,33,2
2026-06-16,000858,11:00:54,78.4300,11,1
2026-06-16,000858,11:00:57,78.4300,8,1
2026-06-16,000858,11:01:00,78.4300,4,2
2026-06-16,000858,11:01:03,78.4300,1,2
2026-06-16,000858,11:01:06,78.4400,7,1
2026-06-16,000858,11:01:09,78.4300,2,2
2026-06-16,000858,11:01:12,78.4300,39,2
2026-06-16,000858,11:01:15,78.4300,17,2
2026-06-16,000858,11:01:18,78.4300,5,2
2026-06-16,000858,11:01:21,78.4300,14,2
2026-06-16,000858,11:01:24,78.4200,116,2
2026-06-16,000858,11:01:27,78.4300,25,2
2026-06-16,000858,11:01:30,78.4300,5,1
2026-06-16,000858,11:01:33,78.4300,32,1
2026-06-16,000858,11:01:36,78.4300,36,2
2026-06-16,000858,11:01:39,78.4200,107,2
2026-06-16,000858,11:01:42,78.4200,14,2
2026-06-16,000858,11:01:45,78.4200,17,2
2026-06-16,000858,11:01:48,78.4300,11,4
2026-06-16,000858,11:01:51,78.4300,17,2
2026-06-16,000858,11:01:54,78.4300,3,2
2026-06-16,000858,11:01:57,78.4300,36,2
2026-06-16,000858,11:02:00,78.4300,20,1
2026-06-16,000858,11:02:03,78.4300,22,1
2026-06-16,000858,11:02:06,78.4300,28,1
2026-06-16,000858,11:02:09,78.4300,2,1
2026-06-16,000858,11:02:12,78.4200,63,2
2026-06-16,000858,11:02:15,78.4300,6,1
2026-06-16,000858,11:02:18,78.4200,76,2
2026-06-16,000858,11:02:21,78.4200,10,1
2026-06-16,000858,11:02:24,78.4200,11,1
2026-06-16,000858,11:02:27,78.4200,65,1
2026-06-16,000858,11:02:30,78.4200,28,1
2026-06-16,000858,11:02:33,78.4200,18,1
2026-06-16,000858,11:02:36,78.4100,16,2
2026-06-16,000858,11:02:39,78.4100,4,2
2026-06-16,000858,11:02:45,78.4100,13,2
2026-06-16,000858,11:02:48,78.4100,6,2
2026-06-16,000858,11:02:51,78.4100,21,2
2026-06-16,000858,11:02:54,78.4200,130,1
2026-06-16,000858,11:02:57,78.4200,10,2
2026-06-16,000858,11:03:00,78.4200,33,2
2026-06-16,000858,11:03:03,78.4300,5,1
2026-06-16,000858,11:03:06,78.4300,13,1
2026-06-16,000858,11:03:09,78.4400,99,1
2026-06-16,000858,11:03:12,78.4400,64,1
2026-06-16,000858,11:03:15,78.4300,28,2
2026-06-16,000858,11:03:18,78.4500,39,1
2026-06-16,000858,11:03:21,78.4400,8,2
2026-06-16,000858,11:03:24,78.4400,79,2
2026-06-16,000858,11:03:27,78.4500,37,1
2026-06-16,000858,11:03:30,78.4400,35,2
2026-06-16,000858,11:03:33,78.4600,21,1
2026-06-16,000858,11:03:36,78.4400,7,2
2026-06-16,000858,11:03:39,78.4500,3,1
2026-06-16,000858,11:03:42,78.4400,66,2
2026-06-16,000858,11:03:45,78.4500,9,1
2026-06-16,000858,11:03:48,78.4500,9,1
2026-06-16,000858,11:03:51,78.4400,26,2
2026-06-16,000858,11:03:54,78.4500,1,1
2026-06-16,000858,11:03:57,78.4400,33,2
2026-06-16,000858,11:04:00,78.4300,101,2
2026-06-16,000858,11:04:03,78.4400,4,4
2026-06-16,000858,11:04:06,78.4400,7,2
2026-06-16,000858,11:04:09,78.4400,2,2
2026-06-16,000858,11:04:12,78.4500,25,1
2026-06-16,000858,11:04:15,78.4400,11,2
2026-06-16,000858,11:04:18,78.4500,23,1
2026-06-16,000858,11:04:21,78.4400,76,2
2026-06-16,000858,11:04:24,78.4500,14,1
2026-06-16,000858,11:04:27,78.4500,12,2
2026-06-16,000858,11:04:30,78.4500,15,1
2026-06-16,000858,11:04:33,78.4500,1,4
2026-06-16,000858,11:04:36,78.4500,15,2
2026-06-16,000858,11:04:39,78.4600,53,1
2026-06-16,000858,11:04:42,78.4400,30,2
2026-06-16,000858,11:04:45,78.4400,5,2
2026-06-16,000858,11:04:48,78.4400,4,2
2026-06-16,000858,11:04:51,78.4500,12,1
2026-06-16,000858,11:04:54,78.4400,9,2
2026-06-16,000858,11:04:57,78.4500,12,1
2026-06-16,000858,11:05:00,78.4500,30,1
2026-06-16,000858,11:05:03,78.4500,17,1
2026-06-16,000858,11:05:06,78.4400,87,2
2026-06-16,000858,11:05:09,78.4300,34,2
2026-06-16,000858,11:05:12,78.4400,7,1
2026-06-16,000858,11:05:15,78.4400,83,1
2026-06-16,000858,11:05:18,78.4400,3,2
2026-06-16,000858,11:05:21,78.4400,2,2
2026-06-16,000858,11:05:24,78.4500,8,1
2026-06-16,000858,11:05:30,78.4500,4,1
2026-06-16,000858,11:05:33,78.4500,8,1
2026-06-16,000858,11:05:36,78.4500,30,1
2026-06-16,000858,11:05:39,78.4500,11,1
2026-06-16,000858,11:05:42,78.4400,44,2
2026-06-16,000858,11:05:45,78.4400,15,2
2026-06-16,000858,11:05:48,78.4500,7,1
2026-06-16,000858,11:05:51,78.4400,7,2
2026-06-16,000858,11:05:54,78.4400,9,2
2026-06-16,000858,11:05:57,78.4400,33,2
2026-06-16,000858,11:06:00,78.4400,18,2
2026-06-16,000858,11:06:03,78.4400,61,2
2026-06-16,000858,11:06:06,78.4300,23,2
2026-06-16,000858,11:06:09,78.4300,87,2
2026-06-16,000858,11:06:12,78.4300,2,2
2026-06-16,000858,11:06:15,78.4400,3,1
2026-06-16,000858,11:06:18,78.4300,2,2
2026-06-16,000858,11:06:21,78.4300,9,2
2026-06-16,000858,11:06:24,78.4300,14,2
2026-06-16,000858,11:06:27,78.4300,1,2
2026-06-16,000858,11:06:30,78.4300,3,2
2026-06-16,000858,11:06:33,78.4300,10,2
2026-06-16,000858,11:06:36,78.4400,3,1
2026-06-16,000858,11:06:39,78.4300,11,2
2026-06-16,000858,11:06:42,78.4400,32,1
2026-06-16,000858,11:06:45,78.4400,8,1
2026-06-16,000858,11:06:48,78.4300,34,2
2026-06-16,000858,11:06:51,78.4400,17,1
2026-06-16,000858,11:06:54,78.4300,119,2
2026-06-16,000858,11:06:57,78.4300,11,2
2026-06-16,000858,11:07:00,78.4300,32,2
2026-06-16,000858,11:07:03,78.4300,10,2
2026-06-16,000858,11:07:06,78.4300,26,2
2026-06-16,000858,11:07:09,78.4200,8,2
2026-06-16,000858,11:07:12,78.4300,31,1
2026-06-16,000858,11:07:15,78.4300,6,1
2026-06-16,000858,11:07:18,78.4300,4,2
2026-06-16,000858,11:07:21,78.4300,7,2
2026-06-16,000858,11:07:24,78.4400,15,1
2026-06-16,000858,11:07:27,78.4200,13,2
2026-06-16,000858,11:07:30,78.4300,26,4
2026-06-16,000858,11:07:33,78.4200,11,2
2026-06-16,000858,11:07:36,78.4300,150,1
2026-06-16,000858,11:07:39,78.4200,1,2
2026-06-16,000858,11:07:42,78.4200,10,2
2026-06-16,000858,11:07:45,78.4300,23,1
2026-06-16,000858,11:07:48,78.4200,12,2
2026-06-16,000858,11:07:51,78.4300,2,1
2026-06-16,000858,11:07:57,78.4200,75,2
2026-06-16,000858,11:08:00,78.4300,30,1
2026-06-16,000858,11:08:03,78.4300,1,1
2026-06-16,000858,11:08:06,78.4300,6,1
2026-06-16,000858,11:08:09,78.4300,2,1
2026-06-16,000858,11:08:12,78.4300,3,2
2026-06-16,000858,11:08:15,78.4300,2,1
2026-06-16,000858,11:08:18,78.4300,10,1
2026-06-16,000858,11:08:21,78.4300,43,1
2026-06-16,000858,11:08:24,78.4200,24,2
2026-06-16,000858,11:08:27,78.4300,4,1
2026-06-16,000858,11:08:30,78.4300,6,1
2026-06-16,000858,11:08:33,78.4300,12,1
2026-06-16,000858,11:08:36,78.4300,1,1
2026-06-16,000858,11:08:39,78.4300,20,1
2026-06-16,000858,11:08:42,78.4200,25,2
2026-06-16,000858,11:08:45,78.4300,24,1
2026-06-16,000858,11:08:48,78.4300,24,1
2026-06-16,000858,11:08:51,78.4200,13,2
2026-06-16,000858,11:08:54,78.4300,13,2
2026-06-16,000858,11:08:57,78.4200,2,2
2026-06-16,000858,11:09:00,78.4300,6,2
2026-06-16,000858,11:09:03,78.4400,3,1
2026-06-16,000858,11:09:06,78.4300,63,2
2026-06-16,000858,11:09:09,78.4300,24,2
2026-06-16,000858,11:09:12,78.4300,2,2
2026-06-16,000858,11:09:15,78.4400,11,1
2026-06-16,000858,11:09:18,78.4300,57,2
2026-06-16,000858,11:09:21,78.4400,17,1
2026-06-16,000858,11:09:24,78.4400,5,1
2026-06-16,000858,11:09:27,78.4300,45,2
2026-06-16,000858,11:09:30,78.4200,21,2
2026-06-16,000858,11:09:33,78.4300,17,1
2026-06-16,000858,11:09:36,78.4300,10,1
2026-06-16,000858,11:09:39,78.4200,19,2
2026-06-16,000858,11:09:42,78.4300,9,4
2026-06-16,000858,11:09:45,78.4300,124,2
2026-06-16,000858,11:09:48,78.4400,80,1
2026-06-16,000858,11:09:51,78.4300,13,2
2026-06-16,000858,11:09:54,78.4400,1,1
2026-06-16,000858,11:09:57,78.4300,20,2
2026-06-16,000858,11:10:00,78.4400,8,1
2026-06-16,000858,11:10:03,78.4400,38,1
2026-06-16,000858,11:10:06,78.4300,24,2
2026-06-16,000858,11:10:09,78.4500,39,1
2026-06-16,000858,11:10:12,78.4400,3,2
2026-06-16,000858,11:10:15,78.4400,20,2
2026-06-16,000858,11:10:18,78.4400,45,2
2026-06-16,000858,11:10:21,78.4400,15,2
2026-06-16,000858,11:10:24,78.4500,4,1
2026-06-16,000858,11:10:27,78.4500,13,1
2026-06-16,000858,11:10:30,78.4400,9,2
2026-06-16,000858,11:10:33,78.4400,1,2
2026-06-16,000858,11:10:36,78.4400,4,2
2026-06-16,000858,11:10:39,78.4400,7,2
2026-06-16,000858,11:10:42,78.4300,43,2
2026-06-16,000858,11:10:45,78.4400,12,4
2026-06-16,000858,11:10:48,78.4400,43,2
2026-06-16,000858,11:10:51,78.4400,9,1
2026-06-16,000858,11:10:54,78.4400,4,1
2026-06-16,000858,11:10:57,78.4400,4,1
2026-06-16,000858,11:11:03,78.4400,11,1
2026-06-16,000858,11:11:06,78.4400,15,1
2026-06-16,000858,11:11:09,78.4300,3,2
2026-06-16,000858,11:11:12,78.4300,21,2
2026-06-16,000858,11:11:15,78.4300,52,2
2026-06-16,000858,11:11:18,78.4300,13,2
2026-06-16,000858,11:11:21,78.4300,1,2
2026-06-16,000858,11:11:24,78.4400,3,1
2026-06-16,000858,11:11:27,78.4300,35,2
2026-06-16,000858,11:11:30,78.4300,2,2
2026-06-16,000858,11:11:33,78.4200,32,2
2026-06-16,000858,11:11:36,78.4200,53,2
2026-06-16,000858,11:11:39,78.4200,66,2
2026-06-16,000858,11:11:42,78.4100,131,2
2026-06-16,000858,11:11:45,78.4200,11,1
2026-06-16,000858,11:11:48,78.4200,13,1
2026-06-16,000858,11:11:51,78.4100,4,2
2026-06-16,000858,11:11:54,78.4200,15,1
2026-06-16,000858,11:11:57,78.4100,19,2
2026-06-16,000858,11:12:00,78.4200,19,1
2026-06-16,000858,11:12:03,78.4100,9,2
2026-06-16,000858,11:12:06,78.4200,121,1
2026-06-16,000858,11:12:09,78.4200,62,2
2026-06-16,000858,11:12:12,78.4200,14,1
2026-06-16,000858,11:12:15,78.4100,36,2
2026-06-16,000858,11:12:18,78.4100,156,2
2026-06-16,000858,11:12:21,78.4000,63,2
2026-06-16,000858,11:12:24,78.4100,52,1
2026-06-16,000858,11:12:27,78.4200,10,1
2026-06-16,000858,11:12:30,78.4200,8,2
2026-06-16,000858,11:12:33,78.4200,6,2
2026-06-16,000858,11:12:36,78.4100,11,2
2026-06-16,000858,11:12:39,78.4200,8,1
2026-06-16,000858,11:12:42,78.4200,9,1
2026-06-16,000858,11:12:45,78.4100,6,2
2026-06-16,000858,11:12:48,78.4200,21,1
2026-06-16,000858,11:12:51,78.4100,55,2
2026-06-16,000858,11:12:54,78.4000,37,2
2026-06-16,000858,11:12:57,78.4000,85,2
2026-06-16,000858,11:13:00,78.4000,11,2
2026-06-16,000858,11:13:03,78.4100,12,1
2026-06-16,000858,11:13:06,78.4000,48,2
2026-06-16,000858,11:13:09,78.4100,33,1
2026-06-16,000858,11:13:12,78.4100,36,1
2026-06-16,000858,11:13:15,78.4100,12,1
2026-06-16,000858,11:13:18,78.3800,1060,2
2026-06-16,000858,11:13:21,78.3800,39,2
2026-06-16,000858,11:13:24,78.3800,38,1
2026-06-16,000858,11:13:27,78.3600,10,2
2026-06-16,000858,11:13:30,78.3700,43,1
2026-06-16,000858,11:13:33,78.3600,18,2
2026-06-16,000858,11:13:36,78.3600,13,2
2026-06-16,000858,11:13:39,78.3700,29,1
2026-06-16,000858,11:13:42,78.3600,27,2
2026-06-16,000858,11:13:45,78.3700,66,1
2026-06-16,000858,11:13:48,78.3700,23,1
2026-06-16,000858,11:13:51,78.3600,21,2
2026-06-16,000858,11:13:54,78.3700,28,1
2026-06-16,000858,11:13:57,78.3600,59,2
2026-06-16,000858,11:14:00,78.3600,7,1
2026-06-16,000858,11:14:03,78.3600,49,1
2026-06-16,000858,11:14:06,78.3500,50,2
2026-06-16,000858,11:14:09,78.3600,88,1
2026-06-16,000858,11:14:12,78.3500,10,2
2026-06-16,000858,11:14:15,78.3500,21,2
2026-06-16,000858,11:14:18,78.3500,130,2
2026-06-16,000858,11:14:21,78.3600,12,1
2026-06-16,000858,11:14:24,78.3500,8,2
2026-06-16,000858,11:14:27,78.3500,63,2
2026-06-16,000858,11:14:30,78.3600,77,1
2026-06-16,000858,11:14:36,78.3500,17,2
2026-06-16,000858,11:14:39,78.3500,77,2
2026-06-16,000858,11:14:42,78.3500,112,2
2026-06-16,000858,11:14:45,78.3600,6,1
2026-06-16,000858,11:14:48,78.3500,34,2
2026-06-16,000858,11:14:51,78.3600,11,1
2026-06-16,000858,11:14:54,78.3500,82,2
2026-06-16,000858,11:14:57,78.3600,21,1
2026-06-16,000858,11:15:00,78.3500,57,2
2026-06-16,000858,11:15:06,78.3500,11,2
2026-06-16,000858,11:15:09,78.3500,26,2
2026-06-16,000858,11:15:12,78.3600,28,1
2026-06-16,000858,11:15:15,78.3500,7,2
2026-06-16,000858,11:15:18,78.3500,41,2
2026-06-16,000858,11:15:21,78.3400,32,2
2026-06-16,000858,11:15:24,78.3500,11,1
2026-06-16,000858,11:15:27,78.3400,31,2
2026-06-16,000858,11:15:30,78.3400,108,2
2026-06-16,000858,11:15:33,78.3400,16,2
2026-06-16,000858,11:15:36,78.3400,15,2
2026-06-16,000858,11:15:39,78.3300,56,2
2026-06-16,000858,11:15:42,78.3400,21,1
2026-06-16,000858,11:15:45,78.3400,13,1
2026-06-16,000858,11:15:48,78.3400,37,1
2026-06-16,000858,11:15:51,78.3400,5,1
2026-06-16,000858,11:15:54,78.3400,40,1
2026-06-16,000858,11:15:57,78.3400,73,1
2026-06-16,000858,11:16:00,78.3400,16,2
2026-06-16,000858,11:16:03,78.3400,54,2
2026-06-16,000858,11:16:06,78.3400,21,4
2026-06-16,000858,11:16:09,78.3400,13,2
2026-06-16,000858,11:16:12,78.3500,11,1
2026-06-16,000858,11:16:15,78.3500,71,1
2026-06-16,000858,11:16:18,78.3400,24,4
2026-06-16,000858,11:16:21,78.3400,33,4
2026-06-16,000858,11:16:24,78.3600,72,1
2026-06-16,000858,11:16:27,78.3500,1,4
2026-06-16,000858,11:16:30,78.3500,41,2
2026-06-16,000858,11:16:33,78.3600,9,2
2026-06-16,000858,11:16:36,78.3500,13,2
2026-06-16,000858,11:16:39,78.3700,21,1
2026-06-16,000858,11:16:42,78.3500,44,2
2026-06-16,000858,11:16:45,78.3500,7,2
2026-06-16,000858,11:16:48,78.3600,3,1
2026-06-16,000858,11:16:51,78.3600,20,1
2026-06-16,000858,11:16:54,78.3500,25,2
2026-06-16,000858,11:16:57,78.3600,8,1
2026-06-16,000858,11:17:00,78.3600,17,1
2026-06-16,000858,11:17:03,78.3500,99,2
