date,code,time,price,volume,bs
2026-01-30,601318,14:07:08,66.6500,54,1
2026-01-30,601318,14:07:11,66.6400,277,2
2026-01-30,601318,14:07:14,66.6600,10,1
2026-01-30,601318,14:07:17,66.6400,213,2
2026-01-30,601318,14:07:20,66.6300,336,2
2026-01-30,601318,14:07:23,66.6200,426,4
2026-01-30,601318,14:07:26,66.6100,285,2
2026-01-30,601318,14:07:29,66.6300,66,1
2026-01-30,601318,14:07:32,66.6400,9,1
2026-01-30,601318,14:07:35,66.6100,519,2
2026-01-30,601318,14:07:38,66.6400,44,1
2026-01-30,601318,14:07:41,66.6300,66,1
2026-01-30,601318,14:07:44,66.6200,299,4
2026-01-30,601318,14:07:47,66.6100,153,2
2026-01-30,601318,14:07:50,66.6300,315,1
2026-01-30,601318,14:07:53,66.6200,167,2
2026-01-30,601318,14:07:56,66.6300,100,1
2026-01-30,601318,14:07:59,66.6300,55,1
2026-01-30,601318,14:08:02,66.6300,26,1
2026-01-30,601318,14:08:05,66.6100,279,2
2026-01-30,601318,14:08:08,66.6100,398,2
2026-01-30,601318,14:08:11,66.6000,257,2
2026-01-30,601318,14:08:14,66.6000,505,2
2026-01-30,601318,14:08:17,66.5400,4569,2
2026-01-30,601318,14:08:20,66.5300,208,2
2026-01-30,601318,14:08:23,66.5300,65,2
2026-01-30,601318,14:08:26,66.5400,310,1
2026-01-30,601318,14:08:29,66.5400,126,4
2026-01-30,601318,14:08:32,66.5400,36,2
2026-01-30,601318,14:08:35,66.5400,167,2
2026-01-30,601318,14:08:38,66.5500,219,1
2026-01-30,601318,14:08:41,66.5500,24,1
2026-01-30,601318,14:08:44,66.5500,212,2
2026-01-30,601318,14:08:47,66.5200,336,2
2026-01-30,601318,14:08:50,66.5200,296,2
2026-01-30,601318,14:08:53,66.5300,190,1
2026-01-30,601318,14:08:56,66.5300,33,1
2026-01-30,601318,14:08:59,66.5300,626,1
2026-01-30,601318,14:09:02,66.5300,41,2
2026-01-30,601318,14:09:05,66.5400,67,1
2026-01-30,601318,14:09:08,66.5400,46,1
2026-01-30,601318,14:09:11,66.5300,101,2
2026-01-30,601318,14:09:14,66.5300,48,2
2026-01-30,601318,14:09:17,66.5400,502,1
2026-01-30,601318,14:09:20,66.5500,35,1
2026-01-30,601318,14:09:23,66.5500,126,1
2026-01-30,601318,14:09:26,66.5600,84,1
2026-01-30,601318,14:09:29,66.5700,120,1
2026-01-30,601318,14:09:32,66.5900,65,1
2026-01-30,601318,14:09:35,66.6000,13,1
2026-01-30,601318,14:09:38,66.5900,69,1
2026-01-30,601318,14:09:41,66.6300,546,1
2026-01-30,601318,14:09:44,66.6000,525,2
2026-01-30,601318,14:09:47,66.5900,332,2
2026-01-30,601318,14:09:50,66.6000,149,1
2026-01-30,601318,14:09:53,66.6000,214,1
2026-01-30,601318,14:09:56,66.6000,172,1
2026-01-30,601318,14:09:59,66.5800,147,2
2026-01-30,601318,14:10:02,66.5900,310,1
2026-01-30,601318,14:10:05,66.5700,460,2
2026-01-30,601318,14:10:08,66.5400,505,2
2026-01-30,601318,14:10:11,66.5300,225,2
2026-01-30,601318,14:10:14,66.5300,394,2
2026-01-30,601318,14:10:17,66.5300,179,1
2026-01-30,601318,14:10:20,66.5100,3482,2
2026-01-30,601318,14:10:23,66.5000,1824,2
2026-01-30,601318,14:10:26,66.5100,607,1
2026-01-30,601318,14:10:29,66.5100,177,2
2026-01-30,601318,14:10:32,66.5000,900,2
2026-01-30,601318,14:10:35,66.5000,460,1
2026-01-30,601318,14:10:38,66.5000,479,1
2026-01-30,601318,14:10:41,66.5200,52,1
2026-01-30,601318,14:10:44,66.5100,140,4
2026-01-30,601318,14:10:47,66.5100,53,2
2026-01-30,601318,14:10:50,66.5200,183,1
2026-01-30,601318,14:10:53,66.5100,205,2
2026-01-30,601318,14:10:56,66.5100,114,2
2026-01-30,601318,14:10:59,66.5100,516,2
2026-01-30,601318,14:11:02,66.5100,130,2
2026-01-30,601318,14:11:05,66.5000,791,2
2026-01-30,601318,14:11:08,66.4900,450,2
2026-01-30,601318,14:11:11,66.5000,116,1
2026-01-30,601318,14:11:14,66.4900,672,2
2026-01-30,601318,14:11:17,66.5100,134,1
2026-01-30,601318,14:11:20,66.4900,35,2
2026-01-30,601318,14:11:23,66.5000,36,2
2026-01-30,601318,14:11:26,66.5100,105,1
2026-01-30,601318,14:11:29,66.5200,115,1
2026-01-30,601318,14:11:32,66.5100,39,2
2026-01-30,601318,14:11:35,66.5200,272,1
2026-01-30,601318,14:11:38,66.5100,143,2
2026-01-30,601318,14:11:41,66.5100,38,1
2026-01-30,601318,14:11:44,66.5100,37,1
2026-01-30,601318,14:11:47,66.5100,113,1
2026-01-30,601318,14:11:50,66.5300,102,1
2026-01-30,601318,14:11:53,66.5300,316,1
2026-01-30,601318,14:11:56,66.5400,38,1
2026-01-30,601318,14:11:59,66.5600,35,1
2026-01-30,601318,14:12:02,66.5400,34,2
2026-01-30,601318,14:12:05,66.5100,449,2
2026-01-30,601318,14:12:08,66.5100,602,2
2026-01-30,601318,14:12:11,66.5100,151,2
2026-01-30,601318,14:12:14,66.5000,117,2
2026-01-30,601318,14:12:17,66.5200,400,1
2026-01-30,601318,14:12:20,66.5200,64,2
2026-01-30,601318,14:12:23,66.5100,71,2
2026-01-30,601318,14:12:26,66.5100,49,2
2026-01-30,601318,14:12:29,66.5200,256,1
2026-01-30,601318,14:12:32,66.5200,388,2
2026-01-30,601318,14:12:35,66.5200,284,2
2026-01-30,601318,14:12:38,66.5300,450,1
2026-01-30,601318,14:12:41,66.5300,441,2
2026-01-30,601318,14:12:44,66.5400,140,1
2026-01-30,601318,14:12:47,66.5400,49,1
2026-01-30,601318,14:12:50,66.5300,301,2
2026-01-30,601318,14:12:53,66.5200,400,2
2026-01-30,601318,14:12:56,66.5300,132,1
2026-01-30,601318,14:12:59,66.5100,89,2
2026-01-30,601318,14:13:02,66.5300,139,1
2026-01-30,601318,14:13:05,66.4800,1888,2
2026-01-30,601318,14:13:08,66.4900,1027,1
2026-01-30,601318,14:13:11,66.4900,63,1
2026-01-30,601318,14:13:14,66.4800,1132,2
2026-01-30,601318,14:13:17,66.4800,978,1
2026-01-30,601318,14:13:20,66.4800,371,1
2026-01-30,601318,14:13:23,66.5000,785,1
2026-01-30,601318,14:13:26,66.5100,4359,1
2026-01-30,601318,14:13:29,66.4400,494,2
2026-01-30,601318,14:13:32,66.4000,2327,2
2026-01-30,601318,14:13:35,66.4900,1836,1
2026-01-30,601318,14:13:38,66.4400,748,2
2026-01-30,601318,14:13:41,66.4500,188,2
2026-01-30,601318,14:13:44,66.4500,21,2
2026-01-30,601318,14:13:47,66.4600,505,4
2026-01-30,601318,14:13:50,66.4800,73,1
2026-01-30,601318,14:13:53,66.4900,217,1
2026-01-30,601318,14:13:56,66.5100,29,1
2026-01-30,601318,14:13:59,66.5000,77,2
2026-01-30,601318,14:14:02,66.4800,625,2
2026-01-30,601318,14:14:05,66.4600,87,2
2026-01-30,601318,14:14:08,66.4600,254,1
2026-01-30,601318,14:14:11,66.4500,181,2
2026-01-30,601318,14:14:14,66.4500,143,2
2026-01-30,601318,14:14:17,66.4500,277,1
2026-01-30,601318,14:14:20,66.4500,56,2
2026-01-30,601318,14:14:23,66.4600,185,1
2026-01-30,601318,14:14:26,66.4600,591,1
2026-01-30,601318,14:14:29,66.4600,32,1
2026-01-30,601318,14:14:32,66.4600,608,1
2026-01-30,601318,14:14:35,66.4700,97,1
2026-01-30,601318,14:14:38,66.4600,82,2
2026-01-30,601318,14:14:41,66.4700,20,1
2026-01-30,601318,14:14:44,66.4800,78,1
2026-01-30,601318,14:14:47,66.4800,48,1
2026-01-30,601318,14:14:50,66.4800,167,2
2026-01-30,601318,14:14:53,66.4800,123,1
2026-01-30,601318,14:14:56,66.4800,9,2
2026-01-30,601318,14:14:59,66.4900,154,1
2026-01-30,601318,14:15:02,66.4900,135,1
2026-01-30,601318,14:15:05,66.4900,63,1
2026-01-30,601318,14:15:08,66.4800,156,2
2026-01-30,601318,14:15:11,66.4800,395,2
2026-01-30,601318,14:15:14,66.4600,585,2
2026-01-30,601318,14:15:17,66.4500,300,2
2026-01-30,601318,14:15:20,66.4500,118,1
2026-01-30,601318,14:15:23,66.4700,386,1
2026-01-30,601318,14:15:26,66.4900,478,1
2026-01-30,601318,14:15:29,66.5000,98,4
2026-01-30,601318,14:15:32,66.5300,4005,1
2026-01-30,601318,14:15:35,66.5300,27,1
2026-01-30,601318,14:15:38,66.5100,130,2
2026-01-30,601318,14:15:41,66.5100,264,1
2026-01-30,601318,14:15:44,66.5300,39,1
2026-01-30,601318,14:15:47,66.5300,33,1
2026-01-30,601318,14:15:50,66.5200,13,2
2026-01-30,601318,14:15:53,66.5300,176,1
2026-01-30,601318,14:15:56,66.5300,100,2
2026-01-30,601318,14:15:59,66.5300,88,2
2026-01-30,601318,14:16:02,66.5300,187,2
2026-01-30,601318,14:16:05,66.5300,263,2
2026-01-30,601318,14:16:08,66.5100,160,2
2026-01-30,601318,14:16:11,66.5200,82,1
2026-01-30,601318,14:16:14,66.5200,106,1
2026-01-30,601318,14:16:17,66.5200,84,1
2026-01-30,601318,14:16:20,66.5200,70,1
2026-01-30,601318,14:16:23,66.5100,50,2
2026-01-30,601318,14:16:26,66.5200,108,1
2026-01-30,601318,14:16:29,66.5200,93,1
2026-01-30,601318,14:16:32,66.5200,104,2
2026-01-30,601318,14:16:35,66.5300,118,1
2026-01-30,601318,14:16:38,66.5200,42,2
2026-01-30,601318,14:16:41,66.5300,119,1
2026-01-30,601318,14:16:44,66.5200,128,2
2026-01-30,601318,14:16:47,66.5200,124,2
2026-01-30,601318,14:16:50,66.5200,23,2
2026-01-30,601318,14:16:53,66.5300,86,1
2026-01-30,601318,14:16:56,66.5300,275,1
2026-01-30,601318,14:16:59,66.5300,124,1
2026-01-30,601318,14:17:02,66.5400,84,1
2026-01-30,601318,14:17:05,66.5400,68,1
2026-01-30,601318,14:17:08,66.5400,110,1
2026-01-30,601318,14:17:11,66.5400,29,1
2026-01-30,601318,14:17:14,66.5600,102,1
2026-01-30,601318,14:17:17,66.5500,67,2
2026-01-30,601318,14:17:20,66.5400,134,2
2026-01-30,601318,14:17:23,66.5600,81,1
2026-01-30,601318,14:17:26,66.5600,184,1
2026-01-30,601318,14:17:29,66.5500,83,4
2026-01-30,601318,14:17:32,66.5500,50,1
2026-01-30,601318,14:17:35,66.5500,32,4
2026-01-30,601318,14:17:38,66.5600,172,1
2026-01-30,601318,14:17:41,66.5600,121,2
2026-01-30,601318,14:17:44,66.5700,27,1
2026-01-30,601318,14:17:47,66.5700,43,1
2026-01-30,601318,14:17:50,66.5800,122,1
2026-01-30,601318,14:17:53,66.5800,197,1
2026-01-30,601318,14:17:56,66.5800,55,2
2026-01-30,601318,14:17:59,66.5800,93,2
2026-01-30,601318,14:18:02,66.5600,214,2
2026-01-30,601318,14:18:05,66.5700,290,1
2026-01-30,601318,14:18:08,66.5700,142,1
2026-01-30,601318,14:18:11,66.5500,210,2
2026-01-30,601318,14:18:14,66.5500,115,2
2026-01-30,601318,14:18:17,66.5600,30,1
2026-01-30,601318,14:18:20,66.5600,94,1
2026-01-30,601318,14:18:23,66.5600,11,2
2026-01-30,601318,14:18:26,66.5800,232,1
2026-01-30,601318,14:18:29,66.5700,53,2
2026-01-30,601318,14:18:32,66.5900,70,1
2026-01-30,601318,14:18:35,66.5800,286,2
2026-01-30,601318,14:18:38,66.5900,163,1
2026-01-30,601318,14:18:41,66.5900,11,1
2026-01-30,601318,14:18:44,66.5900,145,1
2026-01-30,601318,14:18:47,66.5800,113,2
2026-01-30,601318,14:18:50,66.5900,126,1
2026-01-30,601318,14:18:53,66.5800,44,2
2026-01-30,601318,14:18:56,66.5800,154,2
2026-01-30,601318,14:18:59,66.5900,46,1
2026-01-30,601318,14:19:02,66.5800,163,2
2026-01-30,601318,14:19:05,66.5800,363,2
2026-01-30,601318,14:19:08,66.5800,244,1
2026-01-30,601318,14:19:11,66.5700,35,2
2026-01-30,601318,14:19:14,66.5700,63,2
2026-01-30,601318,14:19:17,66.5800,87,1
2026-01-30,601318,14:19:20,66.5800,56,1
2026-01-30,601318,14:19:23,66.5800,3,1
2026-01-30,601318,14:19:26,66.5800,123,1
2026-01-30,601318,14:19:29,66.5900,128,1
2026-01-30,601318,14:19:32,66.5900,13,1
2026-01-30,601318,14:19:35,66.5800,68,2
2026-01-30,601318,14:19:38,66.5900,57,1
2026-01-30,601318,14:19:41,66.5900,125,1
2026-01-30,601318,14:19:44,66.6100,78,1
2026-01-30,601318,14:19:47,66.5600,1050,2
2026-01-30,601318,14:19:50,66.5700,1221,1
2026-01-30,601318,14:19:53,66.5700,142,1
2026-01-30,601318,14:19:56,66.5700,428,1
2026-01-30,601318,14:19:59,66.5700,1579,1
2026-01-30,601318,14:20:02,66.5900,751,1
2026-01-30,601318,14:20:05,66.6200,159,1
2026-01-30,601318,14:20:08,66.6400,328,1
2026-01-30,601318,14:20:11,66.6600,69,1
2026-01-30,601318,14:20:14,66.7000,286,1
2026-01-30,601318,14:20:17,66.7000,91,1
2026-01-30,601318,14:20:20,66.6900,209,1
2026-01-30,601318,14:20:23,66.6700,3513,2
2026-01-30,601318,14:20:26,66.6300,598,2
2026-01-30,601318,14:20:29,66.6700,125,1
2026-01-30,601318,14:20:32,66.5400,1227,2
2026-01-30,601318,14:20:35,66.5900,1940,1
2026-01-30,601318,14:20:38,66.5800,454,2
2026-01-30,601318,14:20:41,66.5300,1028,2
2026-01-30,601318,14:20:44,66.5600,1205,1
2026-01-30,601318,14:20:47,66.5500,469,2
2026-01-30,601318,14:20:50,66.6000,112,1
2026-01-30,601318,14:20:53,66.5400,1614,2
2026-01-30,601318,14:20:56,66.5400,27,2
2026-01-30,601318,14:20:59,66.5500,129,1
2026-01-30,601318,14:21:02,66.5500,187,2
2026-01-30,601318,14:21:05,66.5500,321,2
2026-01-30,601318,14:21:08,66.5400,273,2
2026-01-30,601318,14:21:11,66.5400,250,1
2026-01-30,601318,14:21:14,66.5300,114,1
2026-01-30,601318,14:21:17,66.5300,122,1
2026-01-30,601318,14:21:20,66.5700,225,1
2026-01-30,601318,14:21:23,66.5700,1388,1
2026-01-30,601318,14:21:26,66.5800,144,1
2026-01-30,601318,14:21:29,66.5800,171,1
2026-01-30,601318,14:21:32,66.5800,140,2
2026-01-30,601318,14:21:35,66.5800,1333,2
2026-01-30,601318,14:21:38,66.5700,113,2
2026-01-30,601318,14:21:41,66.5800,44,1
2026-01-30,601318,14:21:44,66.5800,842,1
2026-01-30,601318,14:21:47,66.5800,47,2
2026-01-30,601318,14:21:50,66.5800,18,2
2026-01-30,601318,14:21:53,66.5900,863,1
2026-01-30,601318,14:21:56,66.5900,205,1
2026-01-30,601318,14:21:59,66.5800,106,2
2026-01-30,601318,14:22:02,66.5800,197,1
2026-01-30,601318,14:22:05,66.5200,650,2
2026-01-30,601318,14:22:08,66.5300,114,1
2026-01-30,601318,14:22:11,66.5200,13,2
2026-01-30,601318,14:22:14,66.5300,32,1
2026-01-30,601318,14:22:17,66.5300,111,1
2026-01-30,601318,14:22:20,66.5400,285,1
2026-01-30,601318,14:22:23,66.5300,17,2
2026-01-30,601318,14:22:26,66.5200,649,2
2026-01-30,601318,14:22:29,66.5300,58,1
2026-01-30,601318,14:22:32,66.5300,72,1
2026-01-30,601318,14:22:35,66.5200,357,2
2026-01-30,601318,14:22:38,66.5200,543,1
2026-01-30,601318,14:22:41,66.5200,112,1
2026-01-30,601318,14:22:44,66.5100,165,2
2026-01-30,601318,14:22:47,66.5400,158,1
2026-01-30,601318,14:22:50,66.5200,61,2
2026-01-30,601318,14:22:53,66.5200,160,2
2026-01-30,601318,14:22:56,66.5200,191,4
2026-01-30,601318,14:22:59,66.5200,224,2
2026-01-30,601318,14:23:02,66.5100,229,2
2026-01-30,601318,14:23:05,66.5100,347,1
2026-01-30,601318,14:23:08,66.5200,146,1
2026-01-30,601318,14:23:11,66.5100,81,4
2026-01-30,601318,14:23:14,66.5100,64,2
2026-01-30,601318,14:23:17,66.5200,68,1
2026-01-30,601318,14:23:20,66.5100,65,2
2026-01-30,601318,14:23:23,66.5100,55,2
2026-01-30,601318,14:23:26,66.5200,212,1
2026-01-30,601318,14:23:29,66.5200,111,2
2026-01-30,601318,14:23:32,66.5300,99,1
2026-01-30,601318,14:23:35,66.5400,73,1
2026-01-30,601318,14:23:38,66.5300,91,2
2026-01-30,601318,14:23:41,66.5400,27,1
2026-01-30,601318,14:23:44,66.5500,90,1
2026-01-30,601318,14:23:47,66.5400,188,2
2026-01-30,601318,14:23:50,66.5400,87,1
2026-01-30,601318,14:23:53,66.5400,50,1
2026-01-30,601318,14:23:56,66.5400,74,1
2026-01-30,601318,14:23:59,66.5500,37,1
2026-01-30,601318,14:24:02,66.5700,191,1
2026-01-30,601318,14:24:05,66.5800,189,1
2026-01-30,601318,14:24:08,66.5900,152,1
2026-01-30,601318,14:24:11,66.5900,228,2
2026-01-30,601318,14:24:14,66.5800,128,2
2026-01-30,601318,14:24:17,66.5800,229,2
2026-01-30,601318,14:24:20,66.5900,189,1
2026-01-30,601318,14:24:23,66.5700,358,2
2026-01-30,601318,14:24:26,66.5600,89,1
2026-01-30,601318,14:24:29,66.5700,141,1
2026-01-30,601318,14:24:32,66.5400,377,2
2026-01-30,601318,14:24:35,66.5500,339,4
2026-01-30,601318,14:24:38,66.5500,159,1
2026-01-30,601318,14:24:41,66.5400,281,2
2026-01-30,601318,14:24:44,66.5300,99,2
2026-01-30,601318,14:24:47,66.5300,77,1
2026-01-30,601318,14:24:50,66.5300,100,1
2026-01-30,601318,14:24:53,66.5200,174,2
2026-01-30,601318,14:24:56,66.5300,87,2
2026-01-30,601318,14:24:59,66.5200,209,2
2026-01-30,601318,14:25:02,66.5200,425,2
2026-01-30,601318,14:25:05,66.5200,382,1
2026-01-30,601318,14:25:08,66.5200,92,2
2026-01-30,601318,14:25:11,66.5300,181,1
2026-01-30,601318,14:25:14,66.5400,257,1
2026-01-30,601318,14:25:17,66.5300,38,4
2026-01-30,601318,14:25:20,66.5200,103,2
2026-01-30,601318,14:25:23,66.5400,220,1
2026-01-30,601318,14:25:26,66.5200,146,2
2026-01-30,601318,14:25:29,66.5100,17,2
2026-01-30,601318,14:25:32,66.5100,45,2
2026-01-30,601318,14:25:35,66.5100,20,2
2026-01-30,601318,14:25:38,66.5200,55,1
2026-01-30,601318,14:25:41,66.5000,1337,2
2026-01-30,601318,14:25:44,66.5000,465,1
2026-01-30,601318,14:25:47,66.5100,166,1
2026-01-30,601318,14:25:50,66.5100,91,2
2026-01-30,601318,14:25:53,66.5200,48,4
2026-01-30,601318,14:25:56,66.5100,34,2
2026-01-30,601318,14:25:59,66.5200,12,4
2026-01-30,601318,14:26:02,66.5200,93,2
2026-01-30,601318,14:26:05,66.5100,102,2
2026-01-30,601318,14:26:08,66.4900,703,2
2026-01-30,601318,14:26:11,66.5100,36,1
2026-01-30,601318,14:26:14,66.5000,108,1
2026-01-30,601318,14:26:17,66.4900,78,2
2026-01-30,601318,14:26:20,66.5000,26,4
2026-01-30,601318,14:26:23,66.4900,148,2
2026-01-30,601318,14:26:26,66.5000,47,1
2026-01-30,601318,14:26:29,66.5000,51,1
2026-01-30,601318,14:26:32,66.5000,188,1
2026-01-30,601318,14:26:35,66.5000,105,1
2026-01-30,601318,14:26:38,66.4900,39,2
2026-01-30,601318,14:26:41,66.5000,115,1
2026-01-30,601318,14:26:44,66.5000,48,2
2026-01-30,601318,14:26:47,66.5100,87,1
2026-01-30,601318,14:26:50,66.5100,73,2
2026-01-30,601318,14:26:53,66.5200,34,1
2026-01-30,601318,14:26:56,66.5300,29,1
2026-01-30,601318,14:26:59,66.5400,30,1
2026-01-30,601318,14:27:02,66.5500,33,1
2026-01-30,601318,14:27:05,66.5400,182,2
2026-01-30,601318,14:27:08,66.5300,475,2
2026-01-30,601318,14:27:11,66.5500,88,1
2026-01-30,601318,14:27:14,66.5200,92,2
2026-01-30,601318,14:27:17,66.5300,51,4
2026-01-30,601318,14:27:20,66.5300,95,2
2026-01-30,601318,14:27:23,66.5300,120,2
2026-01-30,601318,14:27:26,66.5400,88,1
2026-01-30,601318,14:27:29,66.5300,67,2
2026-01-30,601318,14:27:32,66.5200,203,2
2026-01-30,601318,14:27:35,66.5300,242,1
2026-01-30,601318,14:27:38,66.5300,115,1
2026-01-30,601318,14:27:41,66.5200,90,2
2026-01-30,601318,14:27:44,66.5300,367,1
2026-01-30,601318,14:27:47,66.5100,66,2
2026-01-30,601318,14:27:50,66.5200,28,1
2026-01-30,601318,14:27:53,66.5100,66,2
2026-01-30,601318,14:27:56,66.5100,53,2
2026-01-30,601318,14:27:59,66.5100,215,2
2026-01-30,601318,14:28:02,66.5100,119,2
2026-01-30,601318,14:28:05,66.4900,911,2
2026-01-30,601318,14:28:08,66.4800,419,2
2026-01-30,601318,14:28:11,66.4800,170,2
2026-01-30,601318,14:28:14,66.4700,337,2
2026-01-30,601318,14:28:17,66.4800,177,1
2026-01-30,601318,14:28:20,66.4800,86,1
2026-01-30,601318,14:28:23,66.4900,358,1
2026-01-30,601318,14:28:26,66.4900,114,1
2026-01-30,601318,14:28:29,66.4900,229,2
2026-01-30,601318,14:28:32,66.4900,152,1
2026-01-30,601318,14:28:35,66.4900,65,2
2026-01-30,601318,14:28:38,66.5000,46,1
2026-01-30,601318,14:28:41,66.4900,129,2
2026-01-30,601318,14:28:44,66.5000,354,1
2026-01-30,601318,14:28:47,66.4900,194,1
2026-01-30,601318,14:28:50,66.4900,133,1
2026-01-30,601318,14:28:53,66.4900,116,1
2026-01-30,601318,14:28:56,66.4900,63,1
2026-01-30,601318,14:28:59,66.4900,118,1
2026-01-30,601318,14:29:02,66.4900,51,2
2026-01-30,601318,14:29:05,66.5200,293,1
2026-01-30,601318,14:29:08,66.5200,76,1
2026-01-30,601318,14:29:11,66.5200,28,1
2026-01-30,601318,14:29:14,66.5200,86,1
2026-01-30,601318,14:29:17,66.5200,147,1
2026-01-30,601318,14:29:20,66.5200,31,1
2026-01-30,601318,14:29:23,66.5100,161,2
2026-01-30,601318,14:29:26,66.5200,96,1
2026-01-30,601318,14:29:29,66.5500,342,1
2026-01-30,601318,14:29:32,66.5000,386,2
2026-01-30,601318,14:29:35,66.5000,286,1
2026-01-30,601318,14:29:38,66.5100,109,1
2026-01-30,601318,14:29:41,66.5000,48,2
2026-01-30,601318,14:29:44,66.5000,120,1
2026-01-30,601318,14:29:47,66.5200,19,1
2026-01-30,601318,14:29:50,66.5000,28,2
2026-01-30,601318,14:29:53,66.5100,289,1
2026-01-30,601318,14:29:56,66.5000,15,4
2026-01-30,601318,14:29:59,66.4900,57,2
2026-01-30,601318,14:30:02,66.4800,451,2
2026-01-30,601318,14:30:05,66.4800,594,2
2026-01-30,601318,14:30:08,66.4800,145,1
2026-01-30,601318,14:30:11,66.4700,146,2
2026-01-30,601318,14:30:14,66.4700,130,2
2026-01-30,601318,14:30:17,66.4800,72,1
2026-01-30,601318,14:30:20,66.4700,50,2
2026-01-30,601318,14:30:23,66.4800,230,1
2026-01-30,601318,14:30:26,66.5100,237,1
2026-01-30,601318,14:30:29,66.5100,66,2
2026-01-30,601318,14:30:32,66.5000,79,2
2026-01-30,601318,14:30:35,66.5000,58,1
2026-01-30,601318,14:30:38,66.5000,27,1
2026-01-30,601318,14:30:41,66.5000,79,1
2026-01-30,601318,14:30:44,66.5100,186,1
2026-01-30,601318,14:30:47,66.5200,51,1
2026-01-30,601318,14:30:50,66.5300,29,1
2026-01-30,601318,14:30:53,66.5200,70,2
2026-01-30,601318,14:30:56,66.5400,64,1
2026-01-30,601318,14:30:59,66.5400,181,1
2026-01-30,601318,14:31:02,66.5400,145,1
2026-01-30,601318,14:31:05,66.5300,68,2
2026-01-30,601318,14:31:08,66.5300,118,2
2026-01-30,601318,14:31:11,66.5400,226,1
2026-01-30,601318,14:31:14,66.5500,55,1
2026-01-30,601318,14:31:17,66.5400,48,2
2026-01-30,601318,14:31:20,66.5300,693,2
2026-01-30,601318,14:31:23,66.5300,181,1
2026-01-30,601318,14:31:26,66.5200,254,2
2026-01-30,601318,14:31:29,66.5300,231,1
2026-01-30,601318,14:31:32,66.5400,230,1
2026-01-30,601318,14:31:35,66.5200,172,2
2026-01-30,601318,14:31:38,66.5400,286,1
2026-01-30,601318,14:31:41,66.5400,156,1
2026-01-30,601318,14:31:44,66.5400,150,1
2026-01-30,601318,14:31:47,66.5400,134,1
2026-01-30,601318,14:31:50,66.5300,172,2
2026-01-30,601318,14:31:53,66.5500,280,1
2026-01-30,601318,14:31:56,66.5400,108,2
2026-01-30,601318,14:31:59,66.5500,272,1
2026-01-30,601318,14:32:02,66.5400,68,1
2026-01-30,601318,14:32:05,66.5500,112,1
2026-01-30,601318,14:32:08,66.5400,204,2
2026-01-30,601318,14:32:11,66.5100,238,2
2026-01-30,601318,14:32:14,66.5300,406,1
2026-01-30,601318,14:32:17,66.5500,326,1
2026-01-30,601318,14:32:20,66.5400,112,1
2026-01-30,601318,14:32:23,66.5200,32,2
2026-01-30,601318,14:32:26,66.5300,11,1
2026-01-30,601318,14:32:29,66.5300,46,2
2026-01-30,601318,14:32:32,66.5400,47,1
2026-01-30,601318,14:32:35,66.5400,16,1
2026-01-30,601318,14:32:38,66.5300,118,2
2026-01-30,601318,14:32:41,66.5300,94,2
2026-01-30,601318,14:32:44,66.5300,281,2
2026-01-30,601318,14:32:47,66.5500,38,1
2026-01-30,601318,14:32:50,66.5600,74,1
2026-01-30,601318,14:32:53,66.5700,57,1
2026-01-30,601318,14:32:56,66.5700,57,2
2026-01-30,601318,14:32:59,66.6100,62,1
2026-01-30,601318,14:33:02,66.5700,189,2
2026-01-30,601318,14:33:05,66.5500,394,2
2026-01-30,601318,14:33:08,66.5600,120,2
2026-01-30,601318,14:33:11,66.5500,172,2
2026-01-30,601318,14:33:14,66.5500,155,2
2026-01-30,601318,14:33:17,66.5500,29,2
2026-01-30,601318,14:33:20,66.5500,51,1
2026-01-30,601318,14:33:23,66.5500,53,2
2026-01-30,601318,14:33:26,66.5500,12,2
2026-01-30,601318,14:33:29,66.5300,560,2
2026-01-30,601318,14:33:32,66.5500,253,1
2026-01-30,601318,14:33:35,66.5500,34,1
2026-01-30,601318,14:33:38,66.5400,58,4
2026-01-30,601318,14:33:41,66.5400,101,2
2026-01-30,601318,14:33:44,66.5500,30,1
2026-01-30,601318,14:33:47,66.5500,12,1
2026-01-30,601318,14:33:50,66.5500,21,1
2026-01-30,601318,14:33:53,66.5400,532,2
2026-01-30,601318,14:33:56,66.5500,97,1
2026-01-30,601318,14:33:59,66.5500,134,1
2026-01-30,601318,14:34:02,66.5600,71,1
2026-01-30,601318,14:34:05,66.5500,100,2
2026-01-30,601318,14:34:08,66.5600,164,1
2026-01-30,601318,14:34:11,66.5600,50,1
2026-01-30,601318,14:34:14,66.5700,243,1
2026-01-30,601318,14:34:17,66.5700,56,1
2026-01-30,601318,14:34:20,66.5600,42,2
2026-01-30,601318,14:34:23,66.5600,51,2
2026-01-30,601318,14:34:26,66.5800,236,1
2026-01-30,601318,14:34:29,66.5800,64,1
2026-01-30,601318,14:34:32,66.5700,62,2
2026-01-30,601318,14:34:35,66.6000,54,1
2026-01-30,601318,14:34:38,66.5800,84,2
2026-01-30,601318,14:34:41,66.6000,678,1
2026-01-30,601318,14:34:44,66.6100,269,1
2026-01-30,601318,14:34:47,66.6100,374,2
2026-01-30,601318,14:34:50,66.6000,110,4
2026-01-30,601318,14:34:53,66.6000,104,1
2026-01-30,601318,14:34:56,66.6000,55,1
2026-01-30,601318,14:34:59,66.6000,139,2
2026-01-30,601318,14:35:02,66.5700,682,2
2026-01-30,601318,14:35:05,66.5900,451,1
2026-01-30,601318,14:35:08,66.5700,145,2
2026-01-30,601318,14:35:11,66.5700,150,2
2026-01-30,601318,14:35:14,66.5600,328,2
2026-01-30,601318,14:35:17,66.5800,114,1
2026-01-30,601318,14:35:20,66.6000,101,1
2026-01-30,601318,14:35:23,66.6000,275,2
2026-01-30,601318,14:35:26,66.6000,48,2
2026-01-30,601318,14:35:29,66.6000,62,2
2026-01-30,601318,14:35:32,66.6100,275,4
2026-01-30,601318,14:35:35,66.6300,151,1
2026-01-30,601318,14:35:38,66.6400,124,1
2026-01-30,601318,14:35:41,66.6500,120,1
2026-01-30,601318,14:35:44,66.6500,943,1
2026-01-30,601318,14:35:47,66.6100,127,2
2026-01-30,601318,14:35:50,66.6200,129,1
2026-01-30,601318,14:35:53,66.6200,237,1
2026-01-30,601318,14:35:56,66.6300,62,4
2026-01-30,601318,14:35:59,66.6400,141,1
2026-01-30,601318,14:36:02,66.6200,590,2
2026-01-30,601318,14:36:05,66.6000,485,2
2026-01-30,601318,14:36:08,66.6100,112,1
2026-01-30,601318,14:36:11,66.6200,229,2
2026-01-30,601318,14:36:14,66.6200,55,2
2026-01-30,601318,14:36:17,66.6300,136,1
2026-01-30,601318,14:36:20,66.6500,66,1
2026-01-30,601318,14:36:23,66.6500,136,1
2026-01-30,601318,14:36:26,66.6600,449,1
2026-01-30,601318,14:36:29,66.6800,49,1
2026-01-30,601318,14:36:32,66.7000,241,1
2026-01-30,601318,14:36:35,66.7500,153,1
2026-01-30,601318,14:36:38,66.7500,194,1
2026-01-30,601318,14:36:41,66.7400,215,2
2026-01-30,601318,14:36:44,66.7400,344,2
2026-01-30,601318,14:36:47,66.7500,235,1
2026-01-30,601318,14:36:50,66.7500,209,1
2026-01-30,601318,14:36:53,66.7700,233,2
2026-01-30,601318,14:36:56,66.8400,1141,1
2026-01-30,601318,14:36:59,66.7900,117,2
2026-01-30,601318,14:37:02,66.8500,770,1
2026-01-30,601318,14:37:05,66.8300,351,2
2026-01-30,601318,14:37:08,66.8800,1472,1
2026-01-30,601318,14:37:11,66.8800,2298,2
2026-01-30,601318,14:37:14,66.8900,363,2
2026-01-30,601318,14:37:17,66.8700,459,2
2026-01-30,601318,14:37:20,66.8900,842,1
2026-01-30,601318,14:37:23,66.8600,1281,2
2026-01-30,601318,14:37:26,66.8500,2498,2
2026-01-30,601318,14:37:29,66.8700,1023,1
2026-01-30,601318,14:37:32,66.9000,2954,1
2026-01-30,601318,14:37:35,66.9700,723,1
2026-01-30,601318,14:37:38,67.0100,2240,1
2026-01-30,601318,14:37:41,67.0200,367,1
2026-01-30,601318,14:37:44,67.0200,669,1
2026-01-30,601318,14:37:47,66.9700,2139,2
2026-01-30,601318,14:37:50,66.9200,957,2
2026-01-30,601318,14:37:53,66.9800,276,1
2026-01-30,601318,14:37:56,66.9800,933,1
2026-01-30,601318,14:37:59,66.9200,849,2
2026-01-30,601318,14:38:02,66.8800,366,2
2026-01-30,601318,14:38:05,66.9200,228,1
2026-01-30,601318,14:38:08,66.9400,266,1
2026-01-30,601318,14:38:11,66.9300,773,1
2026-01-30,601318,14:38:14,66.9500,159,1
2026-01-30,601318,14:38:17,66.9500,118,2
2026-01-30,601318,14:38:20,66.9400,248,2
2026-01-30,601318,14:38:23,66.9500,530,1
2026-01-30,601318,14:38:26,66.9400,515,2
2026-01-30,601318,14:38:29,66.9500,460,1
2026-01-30,601318,14:38:32,66.9800,429,1
2026-01-30,601318,14:38:35,66.9500,155,2
2026-01-30,601318,14:38:38,66.9600,407,1
2026-01-30,601318,14:38:41,66.9700,48,4
2026-01-30,601318,14:38:44,66.9800,435,1
2026-01-30,601318,14:38:47,67.0100,379,1
2026-01-30,601318,14:38:50,67.0300,1098,1
2026-01-30,601318,14:38:53,67.0800,844,1
2026-01-30,601318,14:38:56,67.0900,982,1
2026-01-30,601318,14:38:59,67.1000,1673,1
2026-01-30,601318,14:39:02,67.0700,310,2
2026-01-30,601318,14:39:05,67.0700,472,1
2026-01-30,601318,14:39:08,67.0800,816,1
2026-01-30,601318,14:39:11,67.0700,304,1
2026-01-30,601318,14:39:14,67.0700,615,1
2026-01-30,601318,14:39:17,67.0000,1066,2
2026-01-30,601318,14:39:20,67.0100,602,1
2026-01-30,601318,14:39:23,67.0100,517,2
2026-01-30,601318,14:39:26,66.9900,478,2
2026-01-30,601318,14:39:29,66.9600,575,2
2026-01-30,601318,14:39:32,66.9500,359,2
2026-01-30,601318,14:39:35,66.9500,360,2
2026-01-30,601318,14:39:38,66.9200,327,2
2026-01-30,601318,14:39:41,66.9400,649,1
2026-01-30,601318,14:39:44,66.9300,171,2
2026-01-30,601318,14:39:47,66.9200,280,2
2026-01-30,601318,14:39:50,66.9200,177,2
2026-01-30,601318,14:39:53,66.9300,193,1
2026-01-30,601318,14:39:56,66.9300,274,1
2026-01-30,601318,14:39:59,66.9300,455,2
2026-01-30,601318,14:40:02,66.9400,292,1
2026-01-30,601318,14:40:05,67.0000,311,1
2026-01-30,601318,14:40:08,67.0000,223,1
2026-01-30,601318,14:40:11,66.9700,170,2
2026-01-30,601318,14:40:14,66.9600,263,2
2026-01-30,601318,14:40:17,66.9000,1263,2
2026-01-30,601318,14:40:20,66.8800,235,2
2026-01-30,601318,14:40:23,66.9000,728,1
2026-01-30,601318,14:40:26,66.9300,903,1
2026-01-30,601318,14:40:29,66.9300,514,2
2026-01-30,601318,14:40:32,66.9400,310,1
2026-01-30,601318,14:40:35,66.9500,79,2
2026-01-30,601318,14:40:38,66.9500,155,1
2026-01-30,601318,14:40:41,66.9600,311,1
2026-01-30,601318,14:40:44,66.9600,469,1
2026-01-30,601318,14:40:47,66.9700,77,1
2026-01-30,601318,14:40:50,66.9600,207,2
2026-01-30,601318,14:40:53,66.9500,209,2
2026-01-30,601318,14:40:56,66.9600,179,1
2026-01-30,601318,14:40:59,66.9800,208,1
2026-01-30,601318,14:41:02,66.9900,83,1
2026-01-30,601318,14:41:05,66.9900,394,1
2026-01-30,601318,14:41:08,67.0400,406,1
2026-01-30,601318,14:41:11,66.9700,905,2
2026-01-30,601318,14:41:14,66.9700,492,2
2026-01-30,601318,14:41:17,66.9600,546,2
2026-01-30,601318,14:41:20,66.9600,391,1
2026-01-30,601318,14:41:23,66.9600,234,2
2026-01-30,601318,14:41:26,66.9700,341,1
2026-01-30,601318,14:41:29,66.9400,540,2
2026-01-30,601318,14:41:32,66.9500,288,4
2026-01-30,601318,14:41:35,66.9800,368,1
2026-01-30,601318,14:41:38,66.9900,268,1
2026-01-30,601318,14:41:41,66.9600,346,2
2026-01-30,601318,14:41:44,66.9400,244,2
2026-01-30,601318,14:41:47,66.9700,393,1
2026-01-30,601318,14:41:50,66.9900,483,1
2026-01-30,601318,14:41:53,67.0000,994,1
2026-01-30,601318,14:41:56,67.0000,1207,2
2026-01-30,601318,14:41:59,66.9800,625,2
2026-01-30,601318,14:42:02,67.0000,1032,1
2026-01-30,601318,14:42:05,67.0100,1011,1
2026-01-30,601318,14:42:08,67.0200,877,4
2026-01-30,601318,14:42:11,67.0300,438,1
2026-01-30,601318,14:42:14,67.0500,369,1
2026-01-30,601318,14:42:17,67.0300,362,2
2026-01-30,601318,14:42:20,67.0300,273,2
2026-01-30,601318,14:42:23,67.0300,451,2
2026-01-30,601318,14:42:26,67.0400,874,1
2026-01-30,601318,14:42:29,67.0300,445,4
2026-01-30,601318,14:42:32,67.0000,785,2
2026-01-30,601318,14:42:35,67.0100,306,4
2026-01-30,601318,14:42:38,67.0000,199,2
2026-01-30,601318,14:42:41,67.0100,237,4
2026-01-30,601318,14:42:44,67.0000,291,2
2026-01-30,601318,14:42:47,67.0100,195,1
2026-01-30,601318,14:42:50,67.0300,246,1
2026-01-30,601318,14:42:53,67.0100,279,2
2026-01-30,601318,14:42:56,67.0000,281,2
2026-01-30,601318,14:42:59,67.0000,1216,1
2026-01-30,601318,14:43:02,67.0000,929,2
2026-01-30,601318,14:43:05,67.0200,461,1
2026-01-30,601318,14:43:08,67.0300,153,1
2026-01-30,601318,14:43:11,67.0000,884,2
2026-01-30,601318,14:43:14,67.0000,443,1
2026-01-30,601318,14:43:17,67.0100,300,2
2026-01-30,601318,14:43:20,67.0300,386,1
2026-01-30,601318,14:43:23,67.0200,1669,2
2026-01-30,601318,14:43:26,67.0000,663,1
2026-01-30,601318,14:43:29,67.0000,470,2
2026-01-30,601318,14:43:32,67.0200,166,1
2026-01-30,601318,14:43:35,67.0000,588,2
2026-01-30,601318,14:43:38,66.9800,78,1
2026-01-30,601318,14:43:41,67.0200,300,1
2026-01-30,601318,14:43:44,67.0300,290,1
2026-01-30,601318,14:43:47,67.0200,262,2
2026-01-30,601318,14:43:50,67.0200,55,1
2026-01-30,601318,14:43:53,67.0400,685,1
2026-01-30,601318,14:43:56,67.0300,136,4
2026-01-30,601318,14:43:59,67.0200,257,2
2026-01-30,601318,14:44:02,67.0300,447,4
2026-01-30,601318,14:44:05,67.0100,423,2
2026-01-30,601318,14:44:08,67.0100,219,1
2026-01-30,601318,14:44:11,67.0600,419,1
2026-01-30,601318,14:44:14,67.0600,518,1
2026-01-30,601318,14:44:17,67.0600,188,1
2026-01-30,601318,14:44:20,67.0400,76,2
2026-01-30,601318,14:44:23,67.0500,703,1
2026-01-30,601318,14:44:26,67.0400,783,2
2026-01-30,601318,14:44:29,67.0300,168,2
2026-01-30,601318,14:44:32,67.0300,409,1
2026-01-30,601318,14:44:35,67.0100,394,2
2026-01-30,601318,14:44:38,67.0000,425,2
2026-01-30,601318,14:44:41,67.0000,373,2
2026-01-30,601318,14:44:44,67.0100,449,1
2026-01-30,601318,14:44:47,67.0000,223,2
2026-01-30,601318,14:44:50,66.9900,337,2
2026-01-30,601318,14:44:53,66.9800,265,2
2026-01-30,601318,14:44:56,66.9300,889,2
2026-01-30,601318,14:44:59,66.9000,345,2
2026-01-30,601318,14:45:02,66.8900,614,2
2026-01-30,601318,14:45:05,66.8900,266,2
2026-01-30,601318,14:45:08,66.8900,272,2
2026-01-30,601318,14:45:11,66.9000,231,1
2026-01-30,601318,14:45:14,66.9000,411,4
2026-01-30,601318,14:45:17,66.9200,138,1
2026-01-30,601318,14:45:20,66.9500,371,1
2026-01-30,601318,14:45:23,66.9600,50,1
2026-01-30,601318,14:45:26,66.9700,181,1
2026-01-30,601318,14:45:29,66.9700,251,1
2026-01-30,601318,14:45:32,66.9500,253,2
2026-01-30,601318,14:45:35,66.9400,316,2
2026-01-30,601318,14:45:38,66.9400,381,2
2026-01-30,601318,14:45:41,66.9500,139,1
2026-01-30,601318,14:45:44,66.9500,284,2
2026-01-30,601318,14:45:47,66.9400,483,2
2026-01-30,601318,14:45:50,66.9300,346,2
2026-01-30,601318,14:45:53,66.9200,407,2
2026-01-30,601318,14:45:56,66.9200,244,2
2026-01-30,601318,14:45:59,66.9100,350,2
2026-01-30,601318,14:46:02,66.9000,333,2
2026-01-30,601318,14:46:05,66.9100,230,4
2026-01-30,601318,14:46:08,66.9300,169,1
2026-01-30,601318,14:46:11,66.9100,113,2
2026-01-30,601318,14:46:14,66.9100,81,2
2026-01-30,601318,14:46:17,66.9400,481,1
2026-01-30,601318,14:46:20,66.9300,157,2
2026-01-30,601318,14:46:23,66.9500,108,1
2026-01-30,601318,14:46:26,66.9600,201,1
2026-01-30,601318,14:46:29,66.9500,79,2
2026-01-30,601318,14:46:32,66.9600,270,1
2026-01-30,601318,14:46:35,66.9700,207,1
2026-01-30,601318,14:46:38,66.9700,245,2
2026-01-30,601318,14:46:41,66.9600,245,2
2026-01-30,601318,14:46:44,66.9500,735,2
2026-01-30,601318,14:46:47,66.9500,146,1
2026-01-30,601318,14:46:50,66.9500,195,1
2026-01-30,601318,14:46:53,66.9600,139,1
2026-01-30,601318,14:46:56,66.9800,267,1
2026-01-30,601318,14:46:59,66.9800,29,1
2026-01-30,601318,14:47:02,66.9500,1355,2
2026-01-30,601318,14:47:05,66.9300,688,2
2026-01-30,601318,14:47:08,66.8900,461,2
2026-01-30,601318,14:47:11,66.8900,412,1
2026-01-30,601318,14:47:14,66.8800,136,2
2026-01-30,601318,14:47:17,66.8800,358,2
2026-01-30,601318,14:47:20,66.8800,160,2
2026-01-30,601318,14:47:23,66.8800,330,2
2026-01-30,601318,14:47:26,66.8700,229,2
2026-01-30,601318,14:47:29,66.8700,128,2
2026-01-30,601318,14:47:32,66.8800,490,1
2026-01-30,601318,14:47:35,66.8900,210,4
2026-01-30,601318,14:47:38,66.8800,77,2
2026-01-30,601318,14:47:41,66.8900,641,1
2026-01-30,601318,14:47:44,66.8800,124,2
2026-01-30,601318,14:47:47,66.8800,61,2
2026-01-30,601318,14:47:50,66.9100,638,1
2026-01-30,601318,14:47:53,66.9000,120,1
2026-01-30,601318,14:47:56,66.8900,63,2
2026-01-30,601318,14:47:59,66.9000,135,1
2026-01-30,601318,14:48:02,66.9000,271,1
2026-01-30,601318,14:48:05,66.9000,201,2
2026-01-30,601318,14:48:08,66.9000,333,1
2026-01-30,601318,14:48:11,66.9000,396,1
2026-01-30,601318,14:48:14,66.9300,293,1
2026-01-30,601318,14:48:17,66.9100,182,2
2026-01-30,601318,14:48:20,66.9000,204,2
2026-01-30,601318,14:48:23,66.8900,683,2
2026-01-30,601318,14:48:26,66.9100,137,1
2026-01-30,601318,14:48:29,66.9100,205,1
2026-01-30,601318,14:48:32,66.9100,262,1
2026-01-30,601318,14:48:35,66.9300,176,1
2026-01-30,601318,14:48:38,66.9200,223,2
2026-01-30,601318,14:48:41,66.9200,178,2
2026-01-30,601318,14:48:44,66.8900,1148,2
2026-01-30,601318,14:48:47,66.9200,556,1
2026-01-30,601318,14:48:50,66.9100,178,2
2026-01-30,601318,14:48:53,66.9100,565,2
2026-01-30,601318,14:48:56,66.9100,192,2
2026-01-30,601318,14:48:59,66.9100,335,2
2026-01-30,601318,14:49:02,66.9600,218,1
2026-01-30,601318,14:49:05,66.9300,216,1
2026-01-30,601318,14:49:08,66.9400,227,1
2026-01-30,601318,14:49:11,66.9600,466,1
2026-01-30,601318,14:49:14,66.9600,179,1
2026-01-30,601318,14:49:17,66.9500,557,2
2026-01-30,601318,14:49:20,66.9700,282,1
2026-01-30,601318,14:49:23,66.9600,319,1
2026-01-30,601318,14:49:26,67.0000,488,1
2026-01-30,601318,14:49:29,66.9500,684,2
2026-01-30,601318,14:49:32,66.9600,655,1
2026-01-30,601318,14:49:35,66.9600,585,1
2026-01-30,601318,14:49:38,66.9800,588,1
2026-01-30,601318,14:49:41,67.0100,347,1
2026-01-30,601318,14:49:44,66.9500,230,2
2026-01-30,601318,14:49:47,66.9500,931,1
2026-01-30,601318,14:49:50,66.9500,861,2
2026-01-30,601318,14:49:53,66.9300,274,2
2026-01-30,601318,14:49:56,66.9300,427,2
2026-01-30,601318,14:49:59,66.9200,544,2
2026-01-30,601318,14:50:02,66.9400,965,1
2026-01-30,601318,14:50:05,66.9400,141,2
2026-01-30,601318,14:50:08,66.9500,89,4
2026-01-30,601318,14:50:11,66.9500,224,1
2026-01-30,601318,14:50:14,66.9400,605,2
2026-01-30,601318,14:50:17,66.9200,569,2
2026-01-30,601318,14:50:20,66.9400,488,1
2026-01-30,601318,14:50:23,66.9300,484,2
2026-01-30,601318,14:50:26,66.9800,395,1
2026-01-30,601318,14:50:29,66.9700,463,2
2026-01-30,601318,14:50:32,66.9400,337,2
2026-01-30,601318,14:50:35,66.9300,542,2
2026-01-30,601318,14:50:38,66.9400,418,1
2026-01-30,601318,14:50:41,66.9100,1438,2
2026-01-30,601318,14:50:44,66.9100,1013,1
2026-01-30,601318,14:50:47,66.9100,79,2
2026-01-30,601318,14:50:50,66.9200,53,1
2026-01-30,601318,14:50:53,66.8900,1485,2
2026-01-30,601318,14:50:56,66.8800,380,2
2026-01-30,601318,14:50:59,66.9100,445,1
2026-01-30,601318,14:51:02,66.9000,707,2
2026-01-30,601318,14:51:05,66.9000,210,2
2026-01-30,601318,14:51:08,66.9000,222,2
2026-01-30,601318,14:51:11,66.8900,65,2
2026-01-30,601318,14:51:14,66.8800,652,2
2026-01-30,601318,14:51:17,66.8900,362,1
2026-01-30,601318,14:51:20,66.8900,514,2
2026-01-30,601318,14:51:23,66.8800,180,2
2026-01-30,601318,14:51:26,66.8800,157,2
2026-01-30,601318,14:51:29,66.8800,431,2
2026-01-30,601318,14:51:32,66.8700,1192,2
2026-01-30,601318,14:51:35,66.8700,307,2
2026-01-30,601318,14:51:38,66.8700,903,2
2026-01-30,601318,14:51:41,66.8500,214,2
2026-01-30,601318,14:51:44,66.8400,292,2
2026-01-30,601318,14:51:47,66.8200,223,2
2026-01-30,601318,14:51:50,66.8000,388,2
2026-01-30,601318,14:51:53,66.8100,304,1
2026-01-30,601318,14:51:56,66.8000,727,2
2026-01-30,601318,14:51:59,66.7800,925,2
2026-01-30,601318,14:52:02,66.7800,483,2
2026-01-30,601318,14:52:05,66.8200,1229,1
2026-01-30,601318,14:52:08,66.8200,1036,4
2026-01-30,601318,14:52:11,66.8000,360,2
2026-01-30,601318,14:52:14,66.8100,140,1
2026-01-30,601318,14:52:17,66.8100,261,1
2026-01-30,601318,14:52:20,66.8100,89,1
2026-01-30,601318,14:52:23,66.8100,248,1
2026-01-30,601318,14:52:26,66.8100,389,1
2026-01-30,601318,14:52:29,66.8100,269,1
2026-01-30,601318,14:52:32,66.8200,302,1
2026-01-30,601318,14:52:35,66.8200,339,1
2026-01-30,601318,14:52:38,66.8200,175,1
2026-01-30,601318,14:52:41,66.8200,84,1
2026-01-30,601318,14:52:44,66.8200,312,1
2026-01-30,601318,14:52:47,66.8100,270,2
2026-01-30,601318,14:52:50,66.8100,240,2
2026-01-30,601318,14:52:53,66.8200,615,1
2026-01-30,601318,14:52:56,66.8200,108,1
2026-01-30,601318,14:52:59,66.8100,134,2
2026-01-30,601318,14:53:02,66.8000,2167,2
2026-01-30,601318,14:53:05,66.7700,1572,2
2026-01-30,601318,14:53:08,66.7700,428,2
2026-01-30,601318,14:53:11,66.7500,335,2
2026-01-30,601318,14:53:14,66.7700,191,1
2026-01-30,601318,14:53:17,66.7900,104,1
2026-01-30,601318,14:53:20,66.7800,191,2
2026-01-30,601318,14:53:23,66.7700,617,2
2026-01-30,601318,14:53:26,66.7800,583,1
2026-01-30,601318,14:53:29,66.7800,388,1
2026-01-30,601318,14:53:32,66.7800,207,2
2026-01-30,601318,14:53:35,66.7800,208,2
2026-01-30,601318,14:53:38,66.8000,271,1
2026-01-30,601318,14:53:41,66.8000,130,2
2026-01-30,601318,14:53:44,66.8000,937,1
2026-01-30,601318,14:53:47,66.7900,329,2
2026-01-30,601318,14:53:50,66.8100,441,1
2026-01-30,601318,14:53:53,66.8200,346,1
2026-01-30,601318,14:53:56,66.8100,232,2
2026-01-30,601318,14:53:59,66.8000,220,2
2026-01-30,601318,14:54:02,66.8000,1148,2
2026-01-30,601318,14:54:05,66.8000,340,1
2026-01-30,601318,14:54:08,66.8000,769,1
2026-01-30,601318,14:54:11,66.7800,554,2
2026-01-30,601318,14:54:14,66.7800,297,2
2026-01-30,601318,14:54:17,66.7700,993,2
2026-01-30,601318,14:54:20,66.7700,476,2
2026-01-30,601318,14:54:23,66.7800,552,1
2026-01-30,601318,14:54:26,66.7700,179,4
2026-01-30,601318,14:54:29,66.7700,117,1
2026-01-30,601318,14:54:32,66.7600,793,1
2026-01-30,601318,14:54:35,66.7500,369,4
2026-01-30,601318,14:54:38,66.7400,232,2
2026-01-30,601318,14:54:41,66.7400,167,2
2026-01-30,601318,14:54:44,66.7400,101,2
2026-01-30,601318,14:54:47,66.7500,174,1
2026-01-30,601318,14:54:50,66.7400,319,2
2026-01-30,601318,14:54:53,66.7500,332,1
2026-01-30,601318,14:54:56,66.7500,88,1
2026-01-30,601318,14:54:59,66.7500,178,1
2026-01-30,601318,14:55:02,66.7500,1355,1
2026-01-30,601318,14:55:05,66.7400,399,2
2026-01-30,601318,14:55:08,66.7500,382,1
2026-01-30,601318,14:55:11,66.7500,94,2
2026-01-30,601318,14:55:14,66.7700,433,1
2026-01-30,601318,14:55:17,66.7500,437,2
2026-01-30,601318,14:55:20,66.7600,190,1
2026-01-30,601318,14:55:23,66.7500,251,2
2026-01-30,601318,14:55:26,66.7700,130,1
2026-01-30,601318,14:55:29,66.7600,251,1
2026-01-30,601318,14:55:32,66.7700,396,1
2026-01-30,601318,14:55:35,66.7500,462,2
2026-01-30,601318,14:55:38,66.7600,538,1
2026-01-30,601318,14:55:41,66.7600,431,1
2026-01-30,601318,14:55:44,66.7700,117,1
2026-01-30,601318,14:55:47,66.7700,495,2
2026-01-30,601318,14:55:50,66.7700,558,1
2026-01-30,601318,14:55:53,66.7600,2344,2
2026-01-30,601318,14:55:56,66.7700,1404,1
2026-01-30,601318,14:55:59,66.7400,173,1
2026-01-30,601318,14:56:02,66.7000,669,2
2026-01-30,601318,14:56:05,66.7200,1003,1
2026-01-30,601318,14:56:08,66.7100,219,2
2026-01-30,601318,14:56:11,66.7100,124,2
2026-01-30,601318,14:56:14,66.7100,1541,1
2026-01-30,601318,14:56:17,66.7100,161,2
2026-01-30,601318,14:56:20,66.7100,316,2
2026-01-30,601318,14:56:23,66.7200,159,1
2026-01-30,601318,14:56:26,66.7200,242,2
2026-01-30,601318,14:56:29,66.7300,273,1
2026-01-30,601318,14:56:32,66.7100,472,2
2026-01-30,601318,14:56:35,66.7200,315,1
2026-01-30,601318,14:56:38,66.7200,579,1
2026-01-30,601318,14:56:41,66.6700,492,2
2026-01-30,601318,14:56:44,66.7000,502,1
2026-01-30,601318,14:56:47,66.6800,240,2
2026-01-30,601318,14:56:50,66.6600,1710,2
2026-01-30,601318,14:56:53,66.6400,225,2
2026-01-30,601318,14:56:56,66.6500,368,1
2026-01-30,601318,14:56:59,66.7000,213,1
2026-01-30,601318,14:57:02,66.7000,20,2
2026-01-30,601318,15:00:03,66.7500,17027,4
2026-01-30,601318,13:17:05,66.9400,54,2
2026-01-30,601318,13:17:08,66.9200,246,2
2026-01-30,601318,13:17:11,66.9000,486,2
2026-01-30,601318,13:17:14,66.9000,176,2
2026-01-30,601318,13:17:17,66.9100,153,4
2026-01-30,601318,13:17:20,66.9400,182,1
2026-01-30,601318,13:17:23,66.9300,61,2
2026-01-30,601318,13:17:26,66.9300,37,2
2026-01-30,601318,13:17:29,66.9300,78,1
2026-01-30,601318,13:17:32,66.9100,33,2
2026-01-30,601318,13:17:35,66.9200,69,1
2026-01-30,601318,13:17:38,66.9200,27,2
2026-01-30,601318,13:17:41,66.9300,66,1
2026-01-30,601318,13:17:44,66.9200,39,2
2026-01-30,601318,13:17:47,66.9300,31,1
2026-01-30,601318,13:17:50,66.9300,67,1
2026-01-30,601318,13:17:53,66.9300,200,2
2026-01-30,601318,13:17:56,66.9200,202,2
2026-01-30,601318,13:17:59,66.9000,517,2
2026-01-30,601318,13:18:02,66.9200,471,1
2026-01-30,601318,13:18:05,66.9000,69,2
2026-01-30,601318,13:18:08,66.9000,366,4
2026-01-30,601318,13:18:11,66.9000,128,2
2026-01-30,601318,13:18:14,66.8900,225,1
2026-01-30,601318,13:18:17,66.8800,154,4
2026-01-30,601318,13:18:20,66.8500,294,2
2026-01-30,601318,13:18:23,66.8600,115,1
2026-01-30,601318,13:18:26,66.8400,321,2
2026-01-30,601318,13:18:29,66.8500,76,1
2026-01-30,601318,13:18:32,66.8600,44,1
2026-01-30,601318,13:18:35,66.8600,125,1
2026-01-30,601318,13:18:38,66.8600,81,2
2026-01-30,601318,13:18:41,66.8600,53,2
2026-01-30,601318,13:18:44,66.8700,52,4
2026-01-30,601318,13:18:47,66.8700,137,1
2026-01-30,601318,13:18:50,66.8700,73,2
2026-01-30,601318,13:18:53,66.8800,84,4
2026-01-30,601318,13:18:56,66.8900,170,1
2026-01-30,601318,13:18:59,66.8800,51,2
2026-01-30,601318,13:19:02,66.8800,779,2
2026-01-30,601318,13:19:05,66.8700,225,2
2026-01-30,601318,13:19:08,66.8600,100,2
2026-01-30,601318,13:19:11,66.8600,47,1
2026-01-30,601318,13:19:14,66.8600,112,1
2026-01-30,601318,13:19:17,66.8500,56,4
2026-01-30,601318,13:19:20,66.8300,195,2
2026-01-30,601318,13:19:23,66.8300,312,2
2026-01-30,601318,13:19:26,66.8400,490,1
2026-01-30,601318,13:19:29,66.8200,233,4
2026-01-30,601318,13:19:32,66.8400,378,1
2026-01-30,601318,13:19:35,66.8400,295,1
2026-01-30,601318,13:19:38,66.8400,167,1
2026-01-30,601318,13:19:41,66.8400,90,1
2026-01-30,601318,13:19:44,66.8400,222,1
2026-01-30,601318,13:19:47,66.8300,79,2
2026-01-30,601318,13:19:50,66.8400,59,2
2026-01-30,601318,13:19:53,66.8400,44,1
2026-01-30,601318,13:19:56,66.8400,160,1
2026-01-30,601318,13:19:59,66.8500,69,1
2026-01-30,601318,13:20:02,66.8500,78,2
2026-01-30,601318,13:20:05,66.8500,88,2
2026-01-30,601318,13:20:08,66.9000,74,1
2026-01-30,601318,13:20:11,66.8600,60,2
2026-01-30,601318,13:20:14,66.8700,12,1
2026-01-30,601318,13:20:17,66.8700,20,1
2026-01-30,601318,13:20:20,66.8600,187,2
2026-01-30,601318,13:20:23,66.8500,241,2
2026-01-30,601318,13:20:26,66.8500,152,1
2026-01-30,601318,13:20:29,66.8500,96,2
2026-01-30,601318,13:20:32,66.8500,96,2
2026-01-30,601318,13:20:35,66.8500,298,2
2026-01-30,601318,13:20:38,66.8500,141,1
2026-01-30,601318,13:20:41,66.8600,463,1
2026-01-30,601318,13:20:44,66.8500,218,1
2026-01-30,601318,13:20:47,66.8500,66,4
2026-01-30,601318,13:20:50,66.8600,160,1
2026-01-30,601318,13:20:53,66.8600,38,4
2026-01-30,601318,13:20:56,66.8700,215,1
2026-01-30,601318,13:20:59,66.8800,58,1
2026-01-30,601318,13:21:02,66.9000,120,1
2026-01-30,601318,13:21:05,66.8900,94,2
2026-01-30,601318,13:21:08,66.8900,144,2
2026-01-30,601318,13:21:11,66.8900,368,2
2026-01-30,601318,13:21:14,66.8800,156,2
2026-01-30,601318,13:21:17,66.8800,109,1
2026-01-30,601318,13:21:20,66.8800,159,1
2026-01-30,601318,13:21:23,66.8800,95,2
2026-01-30,601318,13:21:26,66.8800,62,2
2026-01-30,601318,13:21:29,66.8700,120,2
2026-01-30,601318,13:21:32,66.8700,146,4
2026-01-30,601318,13:21:35,66.8700,101,2
2026-01-30,601318,13:21:38,66.8600,119,2
2026-01-30,601318,13:21:41,66.8600,342,1
2026-01-30,601318,13:21:44,66.8500,114,1
2026-01-30,601318,13:21:47,66.8600,38,1
2026-01-30,601318,13:21:50,66.8600,27,2
2026-01-30,601318,13:21:53,66.8700,100,1
2026-01-30,601318,13:21:56,66.8600,143,1
2026-01-30,601318,13:21:59,66.8500,141,2
2026-01-30,601318,13:22:02,66.8700,274,1
2026-01-30,601318,13:22:05,66.8700,69,1
2026-01-30,601318,13:22:08,66.8600,84,1
2026-01-30,601318,13:22:11,66.8800,21,1
2026-01-30,601318,13:22:14,66.8800,40,1
2026-01-30,601318,13:22:17,66.8800,47,1
2026-01-30,601318,13:22:20,66.8700,93,4
2026-01-30,601318,13:22:23,66.8800,70,1
2026-01-30,601318,13:22:26,66.8800,58,2
2026-01-30,601318,13:22:29,66.8800,89,2
2026-01-30,601318,13:22:32,66.8800,74,1
2026-01-30,601318,13:22:35,66.8600,102,2
2026-01-30,601318,13:22:38,66.8600,363,2
2026-01-30,601318,13:22:41,66.8600,181,1
2026-01-30,601318,13:22:44,66.8600,206,1
2026-01-30,601318,13:22:47,66.8600,99,1
2026-01-30,601318,13:22:50,66.8600,300,1
2026-01-30,601318,13:22:53,66.8600,92,2
2026-01-30,601318,13:22:56,66.8700,19,1
2026-01-30,601318,13:22:59,66.8600,35,2
2026-01-30,601318,13:23:02,66.8600,104,2
2026-01-30,601318,13:23:05,66.8400,191,2
2026-01-30,601318,13:23:08,66.8400,123,2
2026-01-30,601318,13:23:11,66.8200,505,2
2026-01-30,601318,13:23:14,66.8200,529,2
2026-01-30,601318,13:23:17,66.8100,194,2
2026-01-30,601318,13:23:20,66.8000,877,2
2026-01-30,601318,13:23:23,66.8100,330,1
2026-01-30,601318,13:23:26,66.8000,81,2
2026-01-30,601318,13:23:29,66.8200,277,1
2026-01-30,601318,13:23:32,66.7900,76,2
2026-01-30,601318,13:23:35,66.8000,97,1
2026-01-30,601318,13:23:38,66.8000,257,1
2026-01-30,601318,13:23:41,66.8000,147,2
2026-01-30,601318,13:23:44,66.7900,219,2
2026-01-30,601318,13:23:47,66.8300,99,1
2026-01-30,601318,13:23:50,66.8300,72,1
2026-01-30,601318,13:23:53,66.8400,44,4
2026-01-30,601318,13:23:56,66.8600,123,1
2026-01-30,601318,13:23:59,66.8600,28,1
2026-01-30,601318,13:24:02,66.8700,25,1
2026-01-30,601318,13:24:05,66.8800,181,1
2026-01-30,601318,13:24:08,66.9000,86,1
2026-01-30,601318,13:24:11,66.8800,117,2
2026-01-30,601318,13:24:14,66.9200,72,1
2026-01-30,601318,13:24:17,66.9500,177,1
2026-01-30,601318,13:24:20,66.9700,282,1
2026-01-30,601318,13:24:23,66.9700,583,2
2026-01-30,601318,13:24:26,66.9700,284,2
2026-01-30,601318,13:24:29,66.9900,385,1
2026-01-30,601318,13:24:32,66.9800,153,2
2026-01-30,601318,13:24:35,66.9500,479,2
2026-01-30,601318,13:24:38,66.9600,270,1
2026-01-30,601318,13:24:41,66.9200,470,2
2026-01-30,601318,13:24:44,66.9200,150,2
2026-01-30,601318,13:24:47,66.8900,203,2
2026-01-30,601318,13:24:50,66.8900,137,2
2026-01-30,601318,13:24:53,66.8900,259,1
2026-01-30,601318,13:24:56,66.8500,364,2
2026-01-30,601318,13:24:59,66.8400,266,2
2026-01-30,601318,13:25:02,66.8200,154,2
2026-01-30,601318,13:25:05,66.7900,317,2
2026-01-30,601318,13:25:08,66.8000,417,1
2026-01-30,601318,13:25:11,66.8600,158,1
2026-01-30,601318,13:25:14,66.8700,79,1
2026-01-30,601318,13:25:17,66.8600,32,2
2026-01-30,601318,13:25:20,66.8900,164,1
2026-01-30,601318,13:25:23,66.8900,219,1
2026-01-30,601318,13:25:26,66.9000,28,1
2026-01-30,601318,13:25:29,66.9100,12,1
2026-01-30,601318,13:25:32,66.9100,8,2
2026-01-30,601318,13:25:35,66.9200,112,1
2026-01-30,601318,13:25:38,66.9200,39,1
2026-01-30,601318,13:25:41,66.9200,206,1
2026-01-30,601318,13:25:44,66.9300,79,2
2026-01-30,601318,13:25:47,66.9400,101,1
2026-01-30,601318,13:25:50,66.9200,234,2
2026-01-30,601318,13:25:53,66.9200,303,1
2026-01-30,601318,13:25:56,66.9300,130,1
2026-01-30,601318,13:25:59,66.9200,60,1
2026-01-30,601318,13:26:02,66.9000,87,2
2026-01-30,601318,13:26:05,66.8700,559,2
2026-01-30,601318,13:26:08,66.8600,298,2
2026-01-30,601318,13:26:11,66.8300,244,2
2026-01-30,601318,13:26:14,66.8700,165,1
2026-01-30,601318,13:26:17,66.8800,190,1
2026-01-30,601318,13:26:20,66.9000,309,1
2026-01-30,601318,13:26:23,66.9000,81,1
2026-01-30,601318,13:26:26,66.9300,119,1
2026-01-30,601318,13:26:29,66.9000,97,2
2026-01-30,601318,13:26:32,66.9200,103,1
2026-01-30,601318,13:26:35,66.9200,72,2
2026-01-30,601318,13:26:38,66.9500,31,1
2026-01-30,601318,13:26:41,66.9400,57,2
2026-01-30,601318,13:26:44,66.9800,196,1
2026-01-30,601318,13:26:47,66.9900,136,1
2026-01-30,601318,13:26:50,66.9600,194,2
2026-01-30,601318,13:26:53,66.9600,453,2
2026-01-30,601318,13:26:56,66.9500,329,4
2026-01-30,601318,13:26:59,66.9200,218,2
2026-01-30,601318,13:27:02,66.9300,143,2
2026-01-30,601318,13:27:05,66.9100,173,2
2026-01-30,601318,13:27:08,66.9400,134,1
2026-01-30,601318,13:27:11,66.9600,97,1
2026-01-30,601318,13:27:14,66.9400,55,2
2026-01-30,601318,13:27:17,66.9700,42,1
2026-01-30,601318,13:27:20,66.9900,29,1
2026-01-30,601318,13:27:23,66.9700,71,4
2026-01-30,601318,13:27:26,66.9800,16,1
2026-01-30,601318,13:27:29,66.9800,126,1
2026-01-30,601318,13:27:32,66.9500,40,2
2026-01-30,601318,13:27:35,66.9800,103,1
2026-01-30,601318,13:27:38,66.9500,133,2
2026-01-30,601318,13:27:41,66.9500,22,2
2026-01-30,601318,13:27:44,66.9600,293,4
2026-01-30,601318,13:27:47,66.9400,131,2
2026-01-30,601318,13:27:50,66.9300,379,2
2026-01-30,601318,13:27:53,66.9100,215,2
2026-01-30,601318,13:27:56,66.9000,20,2
2026-01-30,601318,13:27:59,66.9700,312,1
2026-01-30,601318,13:28:02,66.9400,81,4
2026-01-30,601318,13:28:05,66.9200,222,2
2026-01-30,601318,13:28:08,66.9400,1,4
2026-01-30,601318,13:28:11,66.9300,12,2
2026-01-30,601318,13:28:14,66.9500,30,1
2026-01-30,601318,13:28:17,66.9500,42,1
2026-01-30,601318,13:28:20,66.9400,82,2
2026-01-30,601318,13:28:23,66.9500,36,1
2026-01-30,601318,13:28:26,66.9500,10,2
2026-01-30,601318,13:28:29,66.9600,53,1
2026-01-30,601318,13:28:32,66.9600,78,1
2026-01-30,601318,13:28:35,66.9700,39,1
2026-01-30,601318,13:28:38,66.9800,30,4
2026-01-30,601318,13:28:41,66.9800,29,2
2026-01-30,601318,13:28:44,66.9800,212,4
2026-01-30,601318,13:28:47,66.9900,30,2
2026-01-30,601318,13:28:50,66.9900,35,2
2026-01-30,601318,13:28:53,67.0000,269,1
2026-01-30,601318,13:28:56,66.9800,1789,2
2026-01-30,601318,13:28:59,66.9800,267,1
2026-01-30,601318,13:29:02,66.9800,140,1
2026-01-30,601318,13:29:05,66.9600,133,2
2026-01-30,601318,13:29:08,66.9600,68,2
2026-01-30,601318,13:29:11,66.9600,75,1
2026-01-30,601318,13:29:14,66.9500,74,2
2026-01-30,601318,13:29:17,66.9500,98,2
2026-01-30,601318,13:29:20,66.9600,150,1
2026-01-30,601318,13:29:23,66.9600,68,1
2026-01-30,601318,13:29:26,66.9500,68,2
2026-01-30,601318,13:29:29,66.9500,58,2
2026-01-30,601318,13:29:32,66.9200,163,2
2026-01-30,601318,13:29:35,66.9100,230,2
2026-01-30,601318,13:29:38,66.9000,154,2
2026-01-30,601318,13:29:41,66.8900,363,2
2026-01-30,601318,13:29:44,66.9000,103,1
2026-01-30,601318,13:29:47,66.8700,256,2
2026-01-30,601318,13:29:50,66.8600,109,2
2026-01-30,601318,13:29:53,66.8600,40,2
2026-01-30,601318,13:29:56,66.8600,77,2
2026-01-30,601318,13:29:59,66.8500,72,2
2026-01-30,601318,13:30:02,66.8500,177,2
2026-01-30,601318,13:30:05,66.8400,170,2
2026-01-30,601318,13:30:08,66.8500,218,1
2026-01-30,601318,13:30:11,66.8200,188,2
2026-01-30,601318,13:30:14,66.8300,495,1
2026-01-30,601318,13:30:17,66.8400,180,1
2026-01-30,601318,13:30:20,66.8200,91,2
2026-01-30,601318,13:30:23,66.8100,249,2
2026-01-30,601318,13:30:26,66.8100,79,2
2026-01-30,601318,13:30:29,66.8100,35,2
2026-01-30,601318,13:30:32,66.8100,92,2
2026-01-30,601318,13:30:35,66.8300,97,1
2026-01-30,601318,13:30:38,66.8200,7,2
2026-01-30,601318,13:30:41,66.8300,159,1
2026-01-30,601318,13:30:44,66.8300,507,1
2026-01-30,601318,13:30:47,66.8200,261,2
2026-01-30,601318,13:30:50,66.8200,44,2
2026-01-30,601318,13:30:53,66.8300,45,2
2026-01-30,601318,13:30:56,66.8100,188,2
2026-01-30,601318,13:30:59,66.8000,519,2
2026-01-30,601318,13:31:02,66.8000,354,2
2026-01-30,601318,13:31:05,66.8000,257,2
2026-01-30,601318,13:31:08,66.8000,161,2
2026-01-30,601318,13:31:11,66.7900,188,2
2026-01-30,601318,13:31:14,66.8100,149,2
2026-01-30,601318,13:31:17,66.8000,196,2
2026-01-30,601318,13:31:20,66.7900,170,2
2026-01-30,601318,13:31:23,66.7900,322,2
2026-01-30,601318,13:31:26,66.7900,197,1
2026-01-30,601318,13:31:29,66.7900,149,2
2026-01-30,601318,13:31:32,66.8000,125,1
2026-01-30,601318,13:31:35,66.8100,74,1
2026-01-30,601318,13:31:38,66.7900,86,2
2026-01-30,601318,13:31:41,66.8000,39,2
2026-01-30,601318,13:31:44,66.8000,75,2
2026-01-30,601318,13:31:47,66.8100,88,1
2026-01-30,601318,13:31:50,66.8100,155,1
2026-01-30,601318,13:31:53,66.8300,58,1
2026-01-30,601318,13:31:56,66.8600,338,1
2026-01-30,601318,13:31:59,66.8600,397,2
2026-01-30,601318,13:32:02,66.8800,101,1
2026-01-30,601318,13:32:05,66.9300,75,1
2026-01-30,601318,13:32:08,66.8900,369,2
2026-01-30,601318,13:32:11,66.9100,194,1
2026-01-30,601318,13:32:14,66.9100,115,1
2026-01-30,601318,13:32:17,66.9000,53,2
2026-01-30,601318,13:32:20,66.9000,137,2
2026-01-30,601318,13:32:23,66.8900,58,2
2026-01-30,601318,13:32:26,66.8700,171,2
2026-01-30,601318,13:32:29,66.8700,51,2
2026-01-30,601318,13:32:32,66.8900,73,1
2026-01-30,601318,13:32:35,66.8900,152,1
2026-01-30,601318,13:32:38,66.8900,18,1
2026-01-30,601318,13:32:41,66.8800,65,1
2026-01-30,601318,13:32:44,66.8900,73,1
2026-01-30,601318,13:32:47,66.8800,59,2
2026-01-30,601318,13:32:50,66.8600,145,2
2026-01-30,601318,13:32:53,66.8500,197,2
2026-01-30,601318,13:32:56,66.8500,42,1
2026-01-30,601318,13:32:59,66.8600,158,1
2026-01-30,601318,13:33:02,66.8500,202,2
2026-01-30,601318,13:33:05,66.8100,263,2
2026-01-30,601318,13:33:08,66.7700,1868,2
2026-01-30,601318,13:33:11,66.7600,151,2
2026-01-30,601318,13:33:14,66.7700,220,1
2026-01-30,601318,13:33:17,66.7600,155,2
2026-01-30,601318,13:33:20,66.7800,151,1
2026-01-30,601318,13:33:23,66.7900,339,1
2026-01-30,601318,13:33:26,66.8300,73,1
2026-01-30,601318,13:33:29,66.8200,216,2
2026-01-30,601318,13:33:32,66.8400,246,1
2026-01-30,601318,13:33:35,66.8300,198,1
2026-01-30,601318,13:33:38,66.8300,35,1
2026-01-30,601318,13:33:41,66.8400,84,1
2026-01-30,601318,13:33:44,66.8400,15,1
2026-01-30,601318,13:33:47,66.8400,40,1
2026-01-30,601318,13:33:50,66.8200,114,2
2026-01-30,601318,13:33:53,66.8300,56,4
2026-01-30,601318,13:33:56,66.8300,51,2
2026-01-30,601318,13:33:59,66.8200,206,2
2026-01-30,601318,13:34:02,66.8400,71,1
2026-01-30,601318,13:34:05,66.8500,95,1
2026-01-30,601318,13:34:08,66.8400,105,2
2026-01-30,601318,13:34:11,66.8400,71,1
2026-01-30,601318,13:34:14,66.8400,15,1
2026-01-30,601318,13:34:17,66.8300,117,2
2026-01-30,601318,13:34:20,66.8300,113,4
2026-01-30,601318,13:34:23,66.8300,70,2
2026-01-30,601318,13:34:26,66.8200,27,2
2026-01-30,601318,13:34:29,66.8300,65,1
2026-01-30,601318,13:34:32,66.8300,142,2
2026-01-30,601318,13:34:35,66.8400,127,1
2026-01-30,601318,13:34:38,66.8500,21,4
2026-01-30,601318,13:34:41,66.8700,47,1
2026-01-30,601318,13:34:44,66.8600,23,4
2026-01-30,601318,13:34:47,66.8600,56,2
2026-01-30,601318,13:34:50,66.8600,44,2
2026-01-30,601318,13:34:53,66.8700,81,1
2026-01-30,601318,13:34:56,66.8500,78,2
2026-01-30,601318,13:34:59,66.8600,55,2
2026-01-30,601318,13:35:02,66.8600,50,1
2026-01-30,601318,13:35:05,66.8500,329,2
2026-01-30,601318,13:35:08,66.8500,10,2
2026-01-30,601318,13:35:11,66.8700,76,1
2026-01-30,601318,13:35:14,66.8700,121,1
2026-01-30,601318,13:35:17,66.8400,232,2
2026-01-30,601318,13:35:20,66.8200,317,2
2026-01-30,601318,13:35:23,66.8200,86,2
2026-01-30,601318,13:35:26,66.8200,198,2
2026-01-30,601318,13:35:29,66.8300,55,1
2026-01-30,601318,13:35:32,66.8200,277,2
2026-01-30,601318,13:35:35,66.8100,79,2
2026-01-30,601318,13:35:38,66.8100,76,2
2026-01-30,601318,13:35:41,66.8200,268,1
2026-01-30,601318,13:35:44,66.8100,139,2
2026-01-30,601318,13:35:47,66.8300,56,1
2026-01-30,601318,13:35:50,66.8300,128,1
2026-01-30,601318,13:35:53,66.8200,46,2
2026-01-30,601318,13:35:56,66.8300,51,1
2026-01-30,601318,13:35:59,66.8300,138,1
2026-01-30,601318,13:36:02,66.8400,245,1
2026-01-30,601318,13:36:05,66.8400,27,1
2026-01-30,601318,13:36:08,66.8300,92,2
2026-01-30,601318,13:36:11,66.8300,46,2
2026-01-30,601318,13:36:14,66.8300,30,2
2026-01-30,601318,13:36:17,66.8300,38,1
2026-01-30,601318,13:36:20,66.8400,93,1
2026-01-30,601318,13:36:23,66.8400,20,1
2026-01-30,601318,13:36:26,66.8400,14,2
2026-01-30,601318,13:36:29,66.8500,79,1
2026-01-30,601318,13:36:32,66.8400,53,2
2026-01-30,601318,13:36:35,66.8500,34,1
2026-01-30,601318,13:36:38,66.8500,94,1
2026-01-30,601318,13:36:41,66.8500,52,1
2026-01-30,601318,13:36:44,66.8700,121,1
2026-01-30,601318,13:36:47,66.8600,26,4
2026-01-30,601318,13:36:50,66.8600,54,1
2026-01-30,601318,13:36:53,66.8500,141,2
2026-01-30,601318,13:36:56,66.8400,199,2
2026-01-30,601318,13:36:59,66.8400,185,2
2026-01-30,601318,13:37:02,66.8500,225,1
2026-01-30,601318,13:37:05,66.8700,535,1
2026-01-30,601318,13:37:08,66.8400,162,2
2026-01-30,601318,13:37:11,66.8600,462,1
2026-01-30,601318,13:37:14,66.8400,55,2
2026-01-30,601318,13:37:17,66.8600,95,1
2026-01-30,601318,13:37:20,66.8500,1906,2
2026-01-30,601318,13:37:23,66.8500,291,1
2026-01-30,601318,13:37:26,66.8600,1918,1
2026-01-30,601318,13:37:29,66.8700,21,2
2026-01-30,601318,13:37:32,66.8700,339,1
2026-01-30,601318,13:37:35,66.8500,151,2
2026-01-30,601318,13:37:38,66.8600,83,1
2026-01-30,601318,13:37:41,66.8500,18,2
2026-01-30,601318,13:37:44,66.8600,293,1
2026-01-30,601318,13:37:47,66.8500,397,2
2026-01-30,601318,13:37:50,66.8600,1567,1
2026-01-30,601318,13:37:53,66.8600,7,2
2026-01-30,601318,13:37:56,66.8900,49,1
2026-01-30,601318,13:37:59,66.8900,1704,1
2026-01-30,601318,13:38:02,66.8900,70,2
2026-01-30,601318,13:38:05,66.8700,168,2
2026-01-30,601318,13:38:08,66.8800,180,1
2026-01-30,601318,13:38:11,66.8700,219,2
2026-01-30,601318,13:38:14,66.8700,243,1
2026-01-30,601318,13:38:17,66.8700,107,1
2026-01-30,601318,13:38:20,66.8700,188,1
2026-01-30,601318,13:38:23,66.8500,233,2
2026-01-30,601318,13:38:26,66.8500,1363,2
2026-01-30,601318,13:38:29,66.8600,45,1
2026-01-30,601318,13:38:32,66.8700,83,1
2026-01-30,601318,13:38:35,66.8800,374,1
2026-01-30,601318,13:38:38,66.8800,22,1
2026-01-30,601318,13:38:41,66.8800,40,1
2026-01-30,601318,13:38:44,66.8800,76,2
2026-01-30,601318,13:38:47,66.9000,297,1
2026-01-30,601318,13:38:50,66.9100,585,2
2026-01-30,601318,13:38:53,66.9100,418,4
2026-01-30,601318,13:38:56,66.8800,166,2
2026-01-30,601318,13:38:59,66.8800,301,2
2026-01-30,601318,13:39:02,66.8700,460,2
2026-01-30,601318,13:39:05,66.8400,207,2
2026-01-30,601318,13:39:08,66.8700,42,1
2026-01-30,601318,13:39:11,66.8400,300,2
2026-01-30,601318,13:39:14,66.8400,165,2
2026-01-30,601318,13:39:17,66.8600,1030,1
2026-01-30,601318,13:39:20,66.8200,381,2
2026-01-30,601318,13:39:23,66.8400,263,2
2026-01-30,601318,13:39:26,66.8600,140,1
2026-01-30,601318,13:39:29,66.8600,35,2
2026-01-30,601318,13:39:32,66.8800,54,1
2026-01-30,601318,13:39:35,66.8800,141,1
2026-01-30,601318,13:39:38,66.8600,232,2
2026-01-30,601318,13:39:41,66.8600,108,1
2026-01-30,601318,13:39:44,66.8700,61,4
2026-01-30,601318,13:39:47,66.8800,88,1
2026-01-30,601318,13:39:50,66.8900,31,1
2026-01-30,601318,13:39:53,66.8900,14,1
2026-01-30,601318,13:39:56,66.8800,59,2
2026-01-30,601318,13:39:59,66.8900,81,1
2026-01-30,601318,13:40:02,66.8900,208,1
2026-01-30,601318,13:40:05,66.8900,72,1
2026-01-30,601318,13:40:08,66.8800,41,2
2026-01-30,601318,13:40:11,66.8900,87,1
2026-01-30,601318,13:40:14,66.8700,102,2
2026-01-30,601318,13:40:17,66.8700,125,2
2026-01-30,601318,13:40:20,66.8900,42,1
2026-01-30,601318,13:40:23,66.9100,171,1
2026-01-30,601318,13:40:26,66.9000,59,2
2026-01-30,601318,13:40:29,66.9000,54,2
2026-01-30,601318,13:40:32,66.9200,135,1
2026-01-30,601318,13:40:35,66.9300,46,1
2026-01-30,601318,13:40:38,66.9300,72,1
2026-01-30,601318,13:40:41,66.9400,172,1
2026-01-30,601318,13:40:44,66.9500,70,1
2026-01-30,601318,13:40:47,66.9300,42,2
2026-01-30,601318,13:40:50,66.9400,100,1
2026-01-30,601318,13:40:53,66.9500,88,2
2026-01-30,601318,13:40:56,66.9800,68,1
2026-01-30,601318,13:40:59,66.9600,40,2
2026-01-30,601318,13:41:02,66.9300,382,2
2026-01-30,601318,13:41:05,66.9900,571,1
2026-01-30,601318,13:41:08,66.9900,147,1
2026-01-30,601318,13:41:11,66.9600,22,2
2026-01-30,601318,13:41:14,66.9900,65,1
2026-01-30,601318,13:41:17,67.0000,139,1
2026-01-30,601318,13:41:20,67.0000,263,1
2026-01-30,601318,13:41:23,66.9800,91,2
2026-01-30,601318,13:41:26,66.9700,142,2
2026-01-30,601318,13:41:29,66.9700,138,2
2026-01-30,601318,13:41:32,66.9700,77,2
2026-01-30,601318,13:41:35,66.9600,116,2
2026-01-30,601318,13:41:38,66.9400,150,2
2026-01-30,601318,13:41:41,66.9600,326,1
2026-01-30,601318,13:41:44,66.9300,249,2
2026-01-30,601318,13:41:47,66.9800,65,1
2026-01-30,601318,13:41:50,66.9600,33,2
2026-01-30,601318,13:41:53,66.9600,113,1
2026-01-30,601318,13:41:56,66.9600,73,1
2026-01-30,601318,13:41:59,66.9600,70,2
2026-01-30,601318,13:42:02,66.9800,490,1
2026-01-30,601318,13:42:05,66.9900,149,1
2026-01-30,601318,13:42:08,66.9700,252,2
2026-01-30,601318,13:42:11,66.9700,102,2
2026-01-30,601318,13:42:14,66.9800,36,1
2026-01-30,601318,13:42:17,66.9900,39,1
2026-01-30,601318,13:42:20,66.9800,44,2
2026-01-30,601318,13:42:23,66.9600,216,2
2026-01-30,601318,13:42:26,66.9600,60,2
2026-01-30,601318,13:42:29,66.9600,141,2
2026-01-30,601318,13:42:32,66.9600,276,2
2026-01-30,601318,13:42:35,66.9500,48,2
2026-01-30,601318,13:42:38,66.9500,207,2
2026-01-30,601318,13:42:41,66.9400,85,2
2026-01-30,601318,13:42:44,66.9300,34,2
2026-01-30,601318,13:42:47,66.9300,73,2
2026-01-30,601318,13:42:50,66.9300,17,2
2026-01-30,601318,13:42:53,66.9200,144,2
2026-01-30,601318,13:42:56,66.9200,231,1
2026-01-30,601318,13:42:59,66.9000,53,2
2026-01-30,601318,13:43:02,66.8900,682,2
2026-01-30,601318,13:43:05,66.8900,84,2
2026-01-30,601318,13:43:08,66.8700,151,2
2026-01-30,601318,13:43:11,66.8600,84,2
2026-01-30,601318,13:43:14,66.8800,518,1
2026-01-30,601318,13:43:17,66.8800,107,2
2026-01-30,601318,13:43:20,66.8800,60,1
2026-01-30,601318,13:43:23,66.8800,69,2
2026-01-30,601318,13:43:26,66.8800,61,1
2026-01-30,601318,13:43:29,66.8800,43,2
2026-01-30,601318,13:43:32,66.8900,124,1
2026-01-30,601318,13:43:35,66.8900,79,1
2026-01-30,601318,13:43:38,66.8900,1019,2
2026-01-30,601318,13:43:41,66.8900,49,1
2026-01-30,601318,13:43:44,66.8900,44,1
2026-01-30,601318,13:43:47,66.9000,55,1
2026-01-30,601318,13:43:50,66.8900,7,2
2026-01-30,601318,13:43:53,66.8900,253,2
2026-01-30,601318,13:43:56,66.9000,178,1
2026-01-30,601318,13:43:59,66.9200,85,1
2026-01-30,601318,13:44:02,66.9200,29,1
2026-01-30,601318,13:44:05,66.9200,44,1
2026-01-30,601318,13:44:08,66.9300,23,1
2026-01-30,601318,13:44:14,66.9400,3,1
2026-01-30,601318,13:44:17,66.9400,112,1
2026-01-30,601318,13:44:20,66.9500,72,1
2026-01-30,601318,13:44:23,66.9700,165,1
2026-01-30,601318,13:44:26,66.9800,64,1
2026-01-30,601318,13:44:29,66.9300,2535,2
2026-01-30,601318,13:44:32,66.9100,234,2
2026-01-30,601318,13:44:35,66.9000,168,2
2026-01-30,601318,13:44:38,66.9000,92,2
2026-01-30,601318,13:44:41,66.9100,337,1
2026-01-30,601318,13:44:44,66.9200,223,4
2026-01-30,601318,13:44:47,66.9200,57,2
2026-01-30,601318,13:44:50,66.9000,348,2
2026-01-30,601318,13:44:53,66.8900,173,2
2026-01-30,601318,13:44:56,66.9000,49,2
2026-01-30,601318,13:44:59,66.9000,99,1
2026-01-30,601318,13:45:02,66.8900,142,4
2026-01-30,601318,13:45:05,66.8900,77,2
2026-01-30,601318,13:45:08,66.8900,84,1
2026-01-30,601318,13:45:11,66.8900,84,2
2026-01-30,601318,13:45:14,66.8900,86,2
2026-01-30,601318,13:45:17,66.9000,91,1
2026-01-30,601318,13:45:20,66.8900,172,2
2026-01-30,601318,13:45:23,66.8900,56,2
2026-01-30,601318,13:45:26,66.8700,70,2
2026-01-30,601318,13:45:29,66.8700,29,2
2026-01-30,601318,13:45:32,66.8700,64,2
2026-01-30,601318,13:45:35,66.8700,193,2
2026-01-30,601318,13:45:38,66.8700,268,1
2026-01-30,601318,13:45:41,66.8700,46,1
2026-01-30,601318,13:45:44,66.8600,188,2
2026-01-30,601318,13:45:47,66.8600,55,2
2026-01-30,601318,13:45:50,66.8700,41,1
2026-01-30,601318,13:45:53,66.8700,94,1
2026-01-30,601318,13:45:56,66.8600,83,2
2026-01-30,601318,13:45:59,66.8600,9,2
2026-01-30,601318,13:46:02,66.8500,684,2
2026-01-30,601318,13:46:05,66.8600,33,1
2026-01-30,601318,13:46:08,66.8500,134,2
2026-01-30,601318,13:46:11,66.8500,187,1
2026-01-30,601318,13:46:14,66.8400,46,2
2026-01-30,601318,13:46:17,66.8400,48,1
2026-01-30,601318,13:46:20,66.8400,54,1
2026-01-30,601318,13:46:23,66.8400,238,1
2026-01-30,601318,13:46:26,66.8400,17,1
2026-01-30,601318,13:46:29,66.8400,47,1
2026-01-30,601318,13:46:32,66.8400,106,1
2026-01-30,601318,13:46:35,66.8400,86,2
2026-01-30,601318,13:46:38,66.8300,131,2
2026-01-30,601318,13:46:41,66.8400,68,1
2026-01-30,601318,13:46:44,66.8300,40,2
2026-01-30,601318,13:46:47,66.8300,71,2
2026-01-30,601318,13:46:50,66.8300,54,2
2026-01-30,601318,13:46:53,66.8300,135,2
2026-01-30,601318,13:46:56,66.8400,82,1
2026-01-30,601318,13:46:59,66.8400,141,1
2026-01-30,601318,13:47:02,66.8400,102,2
2026-01-30,601318,13:47:05,66.8500,106,1
2026-01-30,601318,13:47:08,66.8600,213,1
2026-01-30,601318,13:47:11,66.8700,44,1
2026-01-30,601318,13:47:14,66.8700,307,2
2026-01-30,601318,13:47:17,66.8700,47,1
2026-01-30,601318,13:47:20,66.8800,46,1
2026-01-30,601318,13:47:23,66.8800,116,2
2026-01-30,601318,13:47:26,66.8800,99,2
2026-01-30,601318,13:47:29,66.8600,132,2
2026-01-30,601318,13:47:32,66.8700,66,1
2026-01-30,601318,13:47:35,66.8900,1121,1
2026-01-30,601318,13:47:38,66.9000,68,1
2026-01-30,601318,13:47:41,66.8700,19,2
2026-01-30,601318,13:47:44,66.9200,109,1
2026-01-30,601318,13:47:47,66.8900,75,2
2026-01-30,601318,13:47:50,66.8900,36,2
2026-01-30,601318,13:47:53,66.9100,197,1
2026-01-30,601318,13:47:56,66.9100,38,1
2026-01-30,601318,13:47:59,66.9100,51,1
2026-01-30,601318,13:48:02,66.9200,131,2
2026-01-30,601318,13:48:05,66.9100,36,2
2026-01-30,601318,13:48:08,66.8800,113,2
2026-01-30,601318,13:48:11,66.9300,53,1
2026-01-30,601318,13:48:14,66.9000,27,2
2026-01-30,601318,13:48:17,66.8900,94,2
2026-01-30,601318,13:48:20,66.9200,145,1
2026-01-30,601318,13:48:23,66.9200,51,2
2026-01-30,601318,13:48:26,66.9000,188,2
2026-01-30,601318,13:48:29,66.8900,146,2
2026-01-30,601318,13:48:32,66.8900,97,2
2026-01-30,601318,13:48:35,66.9000,102,1
2026-01-30,601318,13:48:38,66.9200,67,1
2026-01-30,601318,13:48:41,66.9200,97,1
2026-01-30,601318,13:48:44,66.9000,25,2
2026-01-30,601318,13:48:47,66.9000,52,2
2026-01-30,601318,13:48:50,66.9000,75,2
2026-01-30,601318,13:48:53,66.9100,114,1
2026-01-30,601318,13:48:56,66.9000,94,2
2026-01-30,601318,13:48:59,66.9200,57,1
2026-01-30,601318,13:49:02,66.9300,82,1
2026-01-30,601318,13:49:05,66.9200,24,2
2026-01-30,601318,13:49:08,66.9100,193,2
2026-01-30,601318,13:49:11,66.9000,242,2
2026-01-30,601318,13:49:14,66.8900,249,2
2026-01-30,601318,13:49:17,66.8800,182,2
2026-01-30,601318,13:49:20,66.8800,251,2
2026-01-30,601318,13:49:23,66.8800,443,1
2026-01-30,601318,13:49:26,66.8800,48,1
2026-01-30,601318,13:49:29,66.8700,75,2
2026-01-30,601318,13:49:32,66.8500,78,2
2026-01-30,601318,13:49:35,66.8400,187,2
2026-01-30,601318,13:49:38,66.8600,306,1
2026-01-30,601318,13:49:41,66.8300,68,2
2026-01-30,601318,13:49:44,66.8800,584,1
2026-01-30,601318,13:49:47,66.8900,55,1
2026-01-30,601318,13:49:50,66.8900,48,2
2026-01-30,601318,13:49:53,66.8900,17,2
2026-01-30,601318,13:49:56,66.9000,98,1
2026-01-30,601318,13:49:59,66.9000,80,2
2026-01-30,601318,13:50:02,66.8700,272,2
2026-01-30,601318,13:50:05,66.8600,157,2
2026-01-30,601318,13:50:08,66.8800,30,1
2026-01-30,601318,13:50:11,66.8600,30,2
2026-01-30,601318,13:50:14,66.8600,81,2
2026-01-30,601318,13:50:17,66.8600,677,1
2026-01-30,601318,13:50:20,66.8600,36,2
2026-01-30,601318,13:50:23,66.8500,145,2
2026-01-30,601318,13:50:26,66.8400,80,2
2026-01-30,601318,13:50:29,66.8600,80,1
2026-01-30,601318,13:50:32,66.8600,58,1
2026-01-30,601318,13:50:35,66.8500,47,2
2026-01-30,601318,13:50:38,66.8500,174,2
2026-01-30,601318,13:50:41,66.8500,90,1
2026-01-30,601318,13:50:44,66.8500,266,2
2026-01-30,601318,13:50:47,66.8500,37,1
2026-01-30,601318,13:50:50,66.8300,232,2
2026-01-30,601318,13:50:53,66.8300,119,1
2026-01-30,601318,13:50:56,66.8300,109,1
2026-01-30,601318,13:50:59,66.8300,98,2
2026-01-30,601318,13:51:02,66.8300,73,2
2026-01-30,601318,13:51:05,66.8100,91,2
2026-01-30,601318,13:51:08,66.8000,515,2
2026-01-30,601318,13:51:11,66.8000,475,2
2026-01-30,601318,13:51:14,66.8000,342,2
2026-01-30,601318,13:51:17,66.7900,575,2
2026-01-30,601318,13:51:20,66.7900,206,2
2026-01-30,601318,13:51:23,66.8000,95,1
2026-01-30,601318,13:51:26,66.7800,256,2
2026-01-30,601318,13:51:29,66.7800,429,2
2026-01-30,601318,13:51:32,66.7700,474,2
2026-01-30,601318,13:51:35,66.7600,643,2
2026-01-30,601318,13:51:38,66.7800,65,1
2026-01-30,601318,13:51:41,66.7900,152,1
2026-01-30,601318,13:51:44,66.7800,39,2
2026-01-30,601318,13:51:47,66.8000,70,1
2026-01-30,601318,13:51:50,66.8000,9,1
2026-01-30,601318,13:51:53,66.8000,111,2
2026-01-30,601318,13:51:56,66.8000,40,4
2026-01-30,601318,13:51:59,66.8000,92,2
2026-01-30,601318,13:52:02,66.8000,80,1
2026-01-30,601318,13:52:05,66.7900,62,2
2026-01-30,601318,13:52:08,66.7900,51,2
2026-01-30,601318,13:52:11,66.7900,105,2
2026-01-30,601318,13:52:14,66.7800,256,2
2026-01-30,601318,13:52:17,66.7900,118,1
2026-01-30,601318,13:52:20,66.7800,186,2
2026-01-30,601318,13:52:23,66.7900,140,1
2026-01-30,601318,13:52:26,66.7900,290,2
2026-01-30,601318,13:52:29,66.7900,69,2
2026-01-30,601318,13:52:32,66.7900,100,1
2026-01-30,601318,13:52:35,66.7900,440,2
2026-01-30,601318,13:52:38,66.8200,103,1
2026-01-30,601318,13:52:41,66.8000,287,2
2026-01-30,601318,13:52:44,66.7900,99,2
2026-01-30,601318,13:52:47,66.7900,84,4
2026-01-30,601318,13:52:50,66.7800,44,2
2026-01-30,601318,13:52:53,66.7800,30,2
2026-01-30,601318,13:52:56,66.7900,42,1
2026-01-30,601318,13:52:59,66.7900,44,2
2026-01-30,601318,13:53:02,66.7900,216,4
2026-01-30,601318,13:53:05,66.7800,198,2
2026-01-30,601318,13:53:08,66.7800,159,2
2026-01-30,601318,13:53:11,66.7700,228,2
2026-01-30,601318,13:53:14,66.7800,163,4
2026-01-30,601318,13:53:17,66.7800,50,2
2026-01-30,601318,13:53:20,66.7800,21,2
2026-01-30,601318,13:53:23,66.7800,81,2
2026-01-30,601318,13:53:26,66.7800,34,2
2026-01-30,601318,13:53:29,66.8000,68,1
2026-01-30,601318,13:53:32,66.8100,207,1
2026-01-30,601318,13:53:35,66.7900,118,2
2026-01-30,601318,13:53:38,66.7900,34,2
2026-01-30,601318,13:53:41,66.8000,45,1
2026-01-30,601318,13:53:44,66.8000,27,1
2026-01-30,601318,13:53:47,66.8000,12,1
2026-01-30,601318,13:53:50,66.8100,42,1
2026-01-30,601318,13:53:53,66.8100,27,2
2026-01-30,601318,13:53:56,66.8200,72,1
2026-01-30,601318,13:53:59,66.8200,70,1
2026-01-30,601318,13:54:02,66.8100,89,2
2026-01-30,601318,13:54:05,66.8100,206,2
2026-01-30,601318,13:54:08,66.8100,132,1
2026-01-30,601318,13:54:11,66.8200,109,1
2026-01-30,601318,13:54:14,66.7900,806,2
2026-01-30,601318,13:54:17,66.8000,290,1
2026-01-30,601318,13:54:20,66.8100,57,1
2026-01-30,601318,13:54:23,66.8100,5,4
2026-01-30,601318,13:54:26,66.8200,33,1
2026-01-30,601318,13:54:29,66.8100,67,1
2026-01-30,601318,13:54:32,66.8000,189,2
2026-01-30,601318,13:54:35,66.7800,120,2
2026-01-30,601318,13:54:38,66.7900,47,1
2026-01-30,601318,13:54:41,66.7800,99,2
2026-01-30,601318,13:54:44,66.7900,31,1
2026-01-30,601318,13:54:47,66.7800,39,2
2026-01-30,601318,13:54:50,66.7900,121,1
2026-01-30,601318,13:54:53,66.7800,22,2
2026-01-30,601318,13:54:56,66.7900,27,1
2026-01-30,601318,13:54:59,66.7900,336,1
2026-01-30,601318,13:55:02,66.8100,47,1
2026-01-30,601318,13:55:05,66.8400,95,1
2026-01-30,601318,13:55:08,66.8400,114,2
2026-01-30,601318,13:55:11,66.8300,251,2
2026-01-30,601318,13:55:14,66.8200,158,2
2026-01-30,601318,13:55:17,66.8100,33,2
2026-01-30,601318,13:55:20,66.8200,38,1
2026-01-30,601318,13:55:23,66.8200,60,1
2026-01-30,601318,13:55:26,66.8200,40,1
2026-01-30,601318,13:55:29,66.8200,163,1
2026-01-30,601318,13:55:32,66.8300,12,1
2026-01-30,601318,13:55:35,66.8200,47,2
2026-01-30,601318,13:55:38,66.8200,25,2
2026-01-30,601318,13:55:41,66.8000,540,2
2026-01-30,601318,13:55:44,66.8000,474,1
2026-01-30,601318,13:55:47,66.8000,35,1
2026-01-30,601318,13:55:50,66.8000,109,1
2026-01-30,601318,13:55:53,66.8000,143,1
2026-01-30,601318,13:55:56,66.8100,19,4
2026-01-30,601318,13:55:59,66.8300,109,1
2026-01-30,601318,13:56:02,66.8400,92,1
2026-01-30,601318,13:56:05,66.8200,53,2
2026-01-30,601318,13:56:08,66.8100,334,2
2026-01-30,601318,13:56:11,66.8200,137,1
2026-01-30,601318,13:56:14,66.8300,168,1
2026-01-30,601318,13:56:17,66.8300,61,2
2026-01-30,601318,13:56:20,66.8300,12,1
2026-01-30,601318,13:56:23,66.8400,113,1
2026-01-30,601318,13:56:26,66.8300,40,2
2026-01-30,601318,13:56:29,66.8400,42,1
2026-01-30,601318,13:56:32,66.8400,51,2
2026-01-30,601318,13:56:35,66.8500,65,1
2026-01-30,601318,13:56:38,66.8500,22,1
2026-01-30,601318,13:56:41,66.8500,71,2
2026-01-30,601318,13:56:44,66.8500,22,1
2026-01-30,601318,13:56:47,66.8600,40,1
2026-01-30,601318,13:56:50,66.8500,37,2
2026-01-30,601318,13:56:53,66.8600,149,1
2026-01-30,601318,13:56:56,66.8600,55,2
2026-01-30,601318,13:56:59,66.8600,116,2
2026-01-30,601318,13:57:02,66.8600,153,1
2026-01-30,601318,13:57:05,66.8700,95,1
2026-01-30,601318,13:57:08,66.8600,254,2
2026-01-30,601318,13:57:11,66.8500,69,2
2026-01-30,601318,13:57:14,66.8500,173,1
2026-01-30,601318,13:57:17,66.8600,1,4
2026-01-30,601318,13:57:20,66.8600,7,4
2026-01-30,601318,13:57:23,66.8600,82,1
2026-01-30,601318,13:57:26,66.8600,63,2
2026-01-30,601318,13:57:29,66.8400,309,2
2026-01-30,601318,13:57:32,66.8400,97,2
2026-01-30,601318,13:57:35,66.8500,237,1
2026-01-30,601318,13:57:38,66.8300,117,2
2026-01-30,601318,13:57:41,66.8400,110,1
2026-01-30,601318,13:57:44,66.8400,222,2
2026-01-30,601318,13:57:47,66.8200,41,2
2026-01-30,601318,13:57:50,66.8300,56,1
2026-01-30,601318,13:57:53,66.8200,41,2
2026-01-30,601318,13:57:56,66.8200,117,2
2026-01-30,601318,13:57:59,66.8200,33,2
2026-01-30,601318,13:58:02,66.8300,94,1
2026-01-30,601318,13:58:05,66.8200,45,2
2026-01-30,601318,13:58:08,66.8200,22,2
2026-01-30,601318,13:58:11,66.8300,22,1
2026-01-30,601318,13:58:14,66.8200,34,2
2026-01-30,601318,13:58:17,66.8100,120,2
2026-01-30,601318,13:58:20,66.8200,654,4
2026-01-30,601318,13:58:23,66.8000,499,2
2026-01-30,601318,13:58:26,66.8000,72,1
2026-01-30,601318,13:58:29,66.8000,76,1
2026-01-30,601318,13:58:32,66.7800,54,2
2026-01-30,601318,13:58:35,66.7800,177,2
2026-01-30,601318,13:58:38,66.7800,294,2
2026-01-30,601318,13:58:41,66.7600,415,2
2026-01-30,601318,13:58:44,66.7500,1031,2
2026-01-30,601318,13:58:47,66.7400,662,2
2026-01-30,601318,13:58:50,66.7400,162,2
2026-01-30,601318,13:58:53,66.7400,173,1
2026-01-30,601318,13:58:56,66.7500,148,1
2026-01-30,601318,13:58:59,66.7500,71,2
2026-01-30,601318,13:59:02,66.7500,222,2
2026-01-30,601318,13:59:05,66.7300,381,2
2026-01-30,601318,13:59:08,66.7400,588,2
2026-01-30,601318,13:59:11,66.7300,334,2
2026-01-30,601318,13:59:14,66.7500,34,1
2026-01-30,601318,13:59:17,66.7400,51,1
2026-01-30,601318,13:59:20,66.7400,39,2
2026-01-30,601318,13:59:23,66.7500,55,1
2026-01-30,601318,13:59:26,66.7400,209,2
2026-01-30,601318,13:59:29,66.7500,105,1
2026-01-30,601318,13:59:32,66.7400,127,2
2026-01-30,601318,13:59:35,66.7600,298,1
2026-01-30,601318,13:59:38,66.7400,113,2
2026-01-30,601318,13:59:41,66.7500,19,4
2026-01-30,601318,13:59:44,66.7600,22,1
2026-01-30,601318,13:59:47,66.7500,102,2
2026-01-30,601318,13:59:50,66.7500,59,2
2026-01-30,601318,13:59:53,66.7400,54,2
2026-01-30,601318,13:59:56,66.7400,87,2
2026-01-30,601318,13:59:59,66.7300,269,2
2026-01-30,601318,14:00:02,66.7100,520,2
2026-01-30,601318,14:00:05,66.7000,1067,2
2026-01-30,601318,14:00:08,66.6800,473,2
2026-01-30,601318,14:00:11,66.6600,485,2
2026-01-30,601318,14:00:14,66.6700,165,2
2026-01-30,601318,14:00:17,66.6700,129,1
2026-01-30,601318,14:00:20,66.6800,337,1
2026-01-30,601318,14:00:23,66.6900,67,1
2026-01-30,601318,14:00:26,66.6700,235,2
2026-01-30,601318,14:00:29,66.6800,46,4
2026-01-30,601318,14:00:32,66.6900,40,4
2026-01-30,601318,14:00:35,66.7100,127,1
2026-01-30,601318,14:00:38,66.7200,43,1
2026-01-30,601318,14:00:41,66.7200,238,1
2026-01-30,601318,14:00:44,66.7300,50,1
2026-01-30,601318,14:00:47,66.7600,93,1
2026-01-30,601318,14:00:50,66.7500,57,4
2026-01-30,601318,14:00:53,66.7600,13,1
2026-01-30,601318,14:00:56,66.7500,85,4
2026-01-30,601318,14:00:59,66.7600,63,1
2026-01-30,601318,14:01:02,66.7700,98,1
2026-01-30,601318,14:01:05,66.7700,42,1
2026-01-30,601318,14:01:08,66.7900,76,1
2026-01-30,601318,14:01:11,66.8000,759,1
2026-01-30,601318,14:01:14,66.7800,152,2
2026-01-30,601318,14:01:17,66.8100,48,1
2026-01-30,601318,14:01:20,66.8100,76,2
2026-01-30,601318,14:01:23,66.7900,499,2
2026-01-30,601318,14:01:26,66.7800,141,2
2026-01-30,601318,14:01:29,66.7900,34,1
2026-01-30,601318,14:01:32,66.7900,65,2
2026-01-30,601318,14:01:35,66.8000,30,1
2026-01-30,601318,14:01:38,66.7800,114,2
2026-01-30,601318,14:01:41,66.7700,130,2
2026-01-30,601318,14:01:44,66.7800,114,1
2026-01-30,601318,14:01:47,66.7800,118,2
2026-01-30,601318,14:01:50,66.7800,52,1
2026-01-30,601318,14:01:53,66.7500,605,2
2026-01-30,601318,14:01:56,66.7700,267,1
2026-01-30,601318,14:01:59,66.7600,93,2
2026-01-30,601318,14:02:02,66.7600,73,2
2026-01-30,601318,14:02:05,66.7700,73,2
2026-01-30,601318,14:02:08,66.7800,57,1
2026-01-30,601318,14:02:11,66.7700,30,4
2026-01-30,601318,14:02:14,66.7800,16,1
2026-01-30,601318,14:02:17,66.7900,68,1
2026-01-30,601318,14:02:20,66.7900,48,1
2026-01-30,601318,14:02:23,66.7800,68,2
2026-01-30,601318,14:02:26,66.7900,95,1
2026-01-30,601318,14:02:29,66.7900,196,1
2026-01-30,601318,14:02:32,66.7800,121,2
2026-01-30,601318,14:02:35,66.8100,186,1
2026-01-30,601318,14:02:38,66.8300,66,1
2026-01-30,601318,14:02:41,66.8100,38,2
2026-01-30,601318,14:02:44,66.8100,70,2
2026-01-30,601318,14:02:47,66.8100,40,2
2026-01-30,601318,14:02:50,66.8000,215,2
2026-01-30,601318,14:02:53,66.8200,96,1
2026-01-30,601318,14:02:56,66.7900,234,2
2026-01-30,601318,14:02:59,66.7900,96,2
2026-01-30,601318,14:03:02,66.7900,78,2
2026-01-30,601318,14:03:05,66.7900,47,2
2026-01-30,601318,14:03:08,66.7800,37,2
2026-01-30,601318,14:03:11,66.7800,30,2
2026-01-30,601318,14:03:14,66.7900,147,1
2026-01-30,601318,14:03:17,66.8000,101,1
2026-01-30,601318,14:03:20,66.8000,114,1
2026-01-30,601318,14:03:23,66.7900,53,2
2026-01-30,601318,14:03:26,66.8000,62,1
2026-01-30,601318,14:03:29,66.7900,33,2
2026-01-30,601318,14:03:32,66.7900,171,2
2026-01-30,601318,14:03:35,66.7900,52,2
2026-01-30,601318,14:03:38,66.8000,203,1
2026-01-30,601318,14:03:41,66.8000,432,1
2026-01-30,601318,14:03:44,66.8000,119,1
2026-01-30,601318,14:03:47,66.8000,192,1
2026-01-30,601318,14:03:50,66.7900,63,2
2026-01-30,601318,14:03:53,66.8000,52,1
2026-01-30,601318,14:03:56,66.8000,16,1
2026-01-30,601318,14:03:59,66.7900,27,2
2026-01-30,601318,14:04:02,66.7900,176,2
2026-01-30,601318,14:04:05,66.7900,190,2
2026-01-30,601318,14:04:08,66.7800,162,2
2026-01-30,601318,14:04:11,66.7900,311,1
2026-01-30,601318,14:04:14,66.7900,136,1
2026-01-30,601318,14:04:17,66.7900,91,1
2026-01-30,601318,14:04:20,66.7900,46,1
2026-01-30,601318,14:04:23,66.7900,9,2
2026-01-30,601318,14:04:26,66.7900,12,4
2026-01-30,601318,14:04:29,66.7900,24,2
2026-01-30,601318,14:04:32,66.7800,218,2
2026-01-30,601318,14:04:35,66.8000,118,1
2026-01-30,601318,14:04:38,66.7900,20,2
2026-01-30,601318,14:04:41,66.7900,227,2
2026-01-30,601318,14:04:44,66.8200,266,1
2026-01-30,601318,14:04:47,66.8000,38,2
2026-01-30,601318,14:04:50,66.8000,7,2
2026-01-30,601318,14:04:53,66.8100,47,4
2026-01-30,601318,14:04:56,66.8000,203,2
2026-01-30,601318,14:04:59,66.8200,27,1
2026-01-30,601318,14:05:02,66.8100,198,2
2026-01-30,601318,14:05:05,66.8100,171,2
2026-01-30,601318,14:05:08,66.8200,271,4
2026-01-30,601318,14:05:11,66.8000,45,2
2026-01-30,601318,14:05:14,66.8100,40,4
2026-01-30,601318,14:05:17,66.7800,719,2
2026-01-30,601318,14:05:20,66.7800,106,2
2026-01-30,601318,14:05:23,66.7800,175,1
2026-01-30,601318,14:05:26,66.7700,120,1
2026-01-30,601318,14:05:29,66.7600,55,2
2026-01-30,601318,14:05:32,66.7700,107,1
2026-01-30,601318,14:05:35,66.7600,71,4
2026-01-30,601318,14:05:38,66.7700,28,1
2026-01-30,601318,14:05:41,66.7700,48,1
2026-01-30,601318,14:05:44,66.7700,24,1
2026-01-30,601318,14:05:47,66.7700,68,1
2026-01-30,601318,14:05:50,66.7700,60,2
2026-01-30,601318,14:05:53,66.7900,60,1
2026-01-30,601318,14:05:56,66.7500,1070,2
2026-01-30,601318,14:05:59,66.7400,122,2
2026-01-30,601318,14:06:02,66.7100,247,2
2026-01-30,601318,14:06:05,66.6700,2319,2
2026-01-30,601318,14:06:08,66.6200,1524,2
2026-01-30,601318,14:06:11,66.6500,116,1
2026-01-30,601318,14:06:14,66.6500,86,1
2026-01-30,601318,14:06:17,66.6700,121,1
2026-01-30,601318,14:06:20,66.6700,68,1
2026-01-30,601318,14:06:23,66.6500,1165,2
2026-01-30,601318,14:06:26,66.6300,152,2
2026-01-30,601318,14:06:29,66.6500,162,1
2026-01-30,601318,14:06:32,66.6300,61,2
2026-01-30,601318,14:06:35,66.6400,112,1
2026-01-30,601318,14:06:38,66.6300,88,2
2026-01-30,601318,14:06:41,66.6100,729,2
2026-01-30,601318,14:06:44,66.6300,72,4
2026-01-30,601318,14:06:47,66.6200,135,2
2026-01-30,601318,14:06:50,66.6100,139,2
2026-01-30,601318,14:06:53,66.6400,61,1
2026-01-30,601318,14:06:56,66.6500,1109,1
2026-01-30,601318,14:06:59,66.6500,14,1
2026-01-30,601318,14:07:02,66.6500,30,1
2026-01-30,601318,14:07:05,66.6500,29,1
2026-01-30,601318,10:57:08,67.0500,267,1
2026-01-30,601318,10:57:11,67.0700,292,1
2026-01-30,601318,10:57:14,67.0800,149,1
2026-01-30,601318,10:57:17,67.0700,49,4
2026-01-30,601318,10:57:20,67.0700,271,1
2026-01-30,601318,10:57:23,67.0400,599,2
2026-01-30,601318,10:57:26,67.0200,278,2
2026-01-30,601318,10:57:29,67.0400,85,1
2026-01-30,601318,10:57:32,67.0100,31,2
2026-01-30,601318,10:57:35,67.0100,50,2
2026-01-30,601318,10:57:38,67.0400,310,1
2026-01-30,601318,10:57:41,67.0400,437,1
2026-01-30,601318,10:57:44,67.0500,5,4
2026-01-30,601318,10:57:47,67.0500,117,1
2026-01-30,601318,10:57:50,67.0600,81,1
2026-01-30,601318,10:57:53,67.0800,215,1
2026-01-30,601318,10:57:56,67.0900,369,1
2026-01-30,601318,10:57:59,67.0800,42,2
2026-01-30,601318,10:58:02,67.0700,274,2
2026-01-30,601318,10:58:05,67.0800,328,1
2026-01-30,601318,10:58:08,67.0700,246,2
2026-01-30,601318,10:58:11,67.0700,176,1
2026-01-30,601318,10:58:14,67.0700,29,1
2026-01-30,601318,10:58:17,66.9700,832,2
2026-01-30,601318,10:58:20,66.9600,282,2
2026-01-30,601318,10:58:23,66.9500,297,1
2026-01-30,601318,10:58:26,66.9300,430,2
2026-01-30,601318,10:58:29,66.9500,25,1
2026-01-30,601318,10:58:32,66.9600,38,1
2026-01-30,601318,10:58:35,66.9400,232,2
2026-01-30,601318,10:58:38,66.9600,87,1
2026-01-30,601318,10:58:41,66.9700,4,1
2026-01-30,601318,10:58:44,66.9600,235,2
2026-01-30,601318,10:58:47,66.9200,608,2
2026-01-30,601318,10:58:50,66.9200,296,1
2026-01-30,601318,10:58:53,66.9000,102,2
2026-01-30,601318,10:58:56,66.9400,227,1
2026-01-30,601318,10:58:59,66.9300,35,2
2026-01-30,601318,10:59:02,66.9300,183,1
2026-01-30,601318,10:59:05,66.9500,76,1
2026-01-30,601318,10:59:08,66.9500,212,1
2026-01-30,601318,10:59:11,66.9400,211,2
2026-01-30,601318,10:59:14,66.9600,87,1
2026-01-30,601318,10:59:17,66.9400,59,2
2026-01-30,601318,10:59:20,66.9400,42,2
2026-01-30,601318,10:59:23,66.9500,217,1
2026-01-30,601318,10:59:26,66.9800,248,1
2026-01-30,601318,10:59:29,66.9700,139,2
2026-01-30,601318,10:59:32,67.0200,135,1
2026-01-30,601318,10:59:35,67.0300,27,4
2026-01-30,601318,10:59:38,67.0000,439,2
2026-01-30,601318,10:59:41,66.9800,490,2
2026-01-30,601318,10:59:44,66.9900,96,4
2026-01-30,601318,10:59:47,67.0000,124,1
2026-01-30,601318,10:59:50,67.0100,35,1
2026-01-30,601318,10:59:53,67.0100,455,1
2026-01-30,601318,10:59:56,67.0300,331,1
2026-01-30,601318,10:59:59,67.0000,104,2
2026-01-30,601318,11:00:02,67.0100,157,1
2026-01-30,601318,11:00:05,67.0300,73,1
2026-01-30,601318,11:00:08,67.0300,162,1
2026-01-30,601318,11:00:11,67.0300,71,1
2026-01-30,601318,11:00:14,67.0000,266,2
2026-01-30,601318,11:00:17,67.0000,297,2
2026-01-30,601318,11:00:20,66.9900,15,4
2026-01-30,601318,11:00:23,67.0000,95,1
2026-01-30,601318,11:00:26,66.9700,99,2
2026-01-30,601318,11:00:29,66.9800,317,2
2026-01-30,601318,11:00:32,66.9900,29,2
2026-01-30,601318,11:00:35,67.0200,101,1
2026-01-30,601318,11:00:38,67.0100,27,2
2026-01-30,601318,11:00:41,67.0100,168,2
2026-01-30,601318,11:00:44,67.0300,333,1
2026-01-30,601318,11:00:47,67.0400,111,1
2026-01-30,601318,11:00:50,67.0500,74,1
2026-01-30,601318,11:00:53,67.0500,41,1
2026-01-30,601318,11:00:56,67.0500,217,1
2026-01-30,601318,11:00:59,67.0400,97,2
2026-01-30,601318,11:01:02,67.0500,253,2
2026-01-30,601318,11:01:05,67.0600,276,1
2026-01-30,601318,11:01:08,67.0400,726,2
2026-01-30,601318,11:01:11,67.0500,248,1
2026-01-30,601318,11:01:14,67.0300,155,2
2026-01-30,601318,11:01:17,67.0100,291,2
2026-01-30,601318,11:01:20,66.9800,615,2
2026-01-30,601318,11:01:23,66.9700,481,2
2026-01-30,601318,11:01:26,66.9600,403,1
2026-01-30,601318,11:01:29,66.9500,156,1
2026-01-30,601318,11:01:32,66.9300,127,2
2026-01-30,601318,11:01:35,66.9500,245,1
2026-01-30,601318,11:01:38,66.9300,43,2
2026-01-30,601318,11:01:41,66.9300,72,2
2026-01-30,601318,11:01:44,66.9300,44,2
2026-01-30,601318,11:01:47,66.9500,353,1
2026-01-30,601318,11:01:50,66.9500,106,1
2026-01-30,601318,11:01:53,66.9500,185,1
2026-01-30,601318,11:01:56,66.9400,47,2
2026-01-30,601318,11:01:59,66.9500,183,1
2026-01-30,601318,11:02:02,66.9700,121,1
2026-01-30,601318,11:02:05,66.9800,589,1
2026-01-30,601318,11:02:08,66.9500,196,2
2026-01-30,601318,11:02:11,66.9500,1592,1
2026-01-30,601318,11:02:14,66.9200,533,2
2026-01-30,601318,11:02:17,66.8800,126,2
2026-01-30,601318,11:02:20,66.8700,89,2
2026-01-30,601318,11:02:23,66.9600,4350,1
2026-01-30,601318,11:02:26,66.9100,1354,2
2026-01-30,601318,11:02:29,67.2000,2067,1
2026-01-30,601318,11:02:32,66.9300,1080,2
2026-01-30,601318,11:02:35,66.9100,156,2
2026-01-30,601318,11:02:38,66.9600,345,1
2026-01-30,601318,11:02:41,66.9800,2574,1
2026-01-30,601318,11:02:44,66.9000,208,2
2026-01-30,601318,11:02:47,66.9000,136,1
2026-01-30,601318,11:02:50,66.9700,2602,1
2026-01-30,601318,11:02:53,66.9400,345,2
2026-01-30,601318,11:02:56,66.9900,2445,1
2026-01-30,601318,11:02:59,66.9400,508,2
2026-01-30,601318,11:03:02,66.8900,318,2
2026-01-30,601318,11:03:05,66.8600,209,2
2026-01-30,601318,11:03:08,66.8500,132,2
2026-01-30,601318,11:03:11,66.8300,136,2
2026-01-30,601318,11:03:14,66.8800,2739,1
2026-01-30,601318,11:03:17,66.9500,381,1
2026-01-30,601318,11:03:20,66.9200,449,2
2026-01-30,601318,11:03:23,66.8800,70,2
2026-01-30,601318,11:03:26,66.9400,155,1
2026-01-30,601318,11:03:29,66.9100,185,2
2026-01-30,601318,11:03:32,66.9000,69,1
2026-01-30,601318,11:03:35,66.9000,156,1
2026-01-30,601318,11:03:38,66.9000,16,2
2026-01-30,601318,11:03:41,66.9100,598,1
2026-01-30,601318,11:03:44,66.8600,142,2
2026-01-30,601318,11:03:47,66.8600,27,2
2026-01-30,601318,11:03:50,66.8600,63,2
2026-01-30,601318,11:03:53,66.8600,215,2
2026-01-30,601318,11:03:56,66.8400,92,2
2026-01-30,601318,11:03:59,66.8300,199,2
2026-01-30,601318,11:04:02,66.8200,259,2
2026-01-30,601318,11:04:05,66.8100,745,2
2026-01-30,601318,11:04:08,66.8200,280,4
2026-01-30,601318,11:04:11,66.8000,147,2
2026-01-30,601318,11:04:14,66.8000,91,2
2026-01-30,601318,11:04:17,66.8000,149,2
2026-01-30,601318,11:04:20,66.8400,368,1
2026-01-30,601318,11:04:23,66.8500,197,1
2026-01-30,601318,11:04:26,66.8500,82,1
2026-01-30,601318,11:04:29,66.8500,119,2
2026-01-30,601318,11:04:32,66.8600,133,1
2026-01-30,601318,11:04:35,66.8600,455,1
2026-01-30,601318,11:04:38,66.8600,110,1
2026-01-30,601318,11:04:41,66.8600,52,1
2026-01-30,601318,11:04:44,66.8600,23,2
2026-01-30,601318,11:04:47,66.8800,81,1
2026-01-30,601318,11:04:50,66.8600,47,2
2026-01-30,601318,11:04:53,66.8800,12,1
2026-01-30,601318,11:04:56,66.8800,40,1
2026-01-30,601318,11:04:59,66.8600,116,2
2026-01-30,601318,11:05:02,66.8600,100,2
2026-01-30,601318,11:05:05,66.8800,53,1
2026-01-30,601318,11:05:08,66.8800,67,2
2026-01-30,601318,11:05:11,66.8800,57,2
2026-01-30,601318,11:05:14,66.8600,71,2
2026-01-30,601318,11:05:17,66.8600,66,2
2026-01-30,601318,11:05:20,66.8700,91,1
2026-01-30,601318,11:05:23,66.8800,20,2
2026-01-30,601318,11:05:26,66.8800,25,2
2026-01-30,601318,11:05:29,66.8900,113,1
2026-01-30,601318,11:05:32,66.8900,125,1
2026-01-30,601318,11:05:35,66.8900,71,1
2026-01-30,601318,11:05:38,66.8800,48,2
2026-01-30,601318,11:05:41,66.8800,342,2
2026-01-30,601318,11:05:44,66.8700,146,1
2026-01-30,601318,11:05:47,66.8800,62,1
2026-01-30,601318,11:05:50,66.8800,81,1
2026-01-30,601318,11:05:53,66.8500,452,2
2026-01-30,601318,11:05:56,66.8500,211,2
2026-01-30,601318,11:05:59,66.8600,176,1
2026-01-30,601318,11:06:02,66.8600,97,2
2026-01-30,601318,11:06:05,66.8700,170,1
2026-01-30,601318,11:06:08,66.8700,102,2
2026-01-30,601318,11:06:11,66.8800,60,1
2026-01-30,601318,11:06:14,66.8800,37,2
2026-01-30,601318,11:06:17,66.8900,20,1
2026-01-30,601318,11:06:20,66.8800,81,2
2026-01-30,601318,11:06:23,66.8800,155,2
2026-01-30,601318,11:06:26,66.8700,222,2
2026-01-30,601318,11:06:29,66.8600,758,2
2026-01-30,601318,11:06:32,66.8600,169,2
2026-01-30,601318,11:06:35,66.8700,224,1
2026-01-30,601318,11:06:38,66.8400,124,2
2026-01-30,601318,11:06:41,66.8500,106,4
2026-01-30,601318,11:06:44,66.8400,190,2
2026-01-30,601318,11:06:47,66.8500,90,1
2026-01-30,601318,11:06:50,66.8500,142,1
2026-01-30,601318,11:06:53,66.8500,125,1
2026-01-30,601318,11:06:56,66.8500,41,2
2026-01-30,601318,11:06:59,66.8900,585,1
2026-01-30,601318,11:07:02,66.9000,373,1
2026-01-30,601318,11:07:05,66.9100,88,1
2026-01-30,601318,11:07:08,66.9000,117,2
2026-01-30,601318,11:07:11,66.9000,39,2
2026-01-30,601318,11:07:14,66.9000,133,2
2026-01-30,601318,11:07:17,66.9000,19,2
2026-01-30,601318,11:07:20,66.9100,58,1
2026-01-30,601318,11:07:23,66.9000,59,2
2026-01-30,601318,11:07:26,66.9100,94,1
2026-01-30,601318,11:07:29,66.9100,68,1
2026-01-30,601318,11:07:32,66.9000,44,2
2026-01-30,601318,11:07:35,66.9000,105,2
2026-01-30,601318,11:07:38,66.9100,55,1
2026-01-30,601318,11:07:41,66.9100,82,1
2026-01-30,601318,11:07:44,66.9100,186,1
2026-01-30,601318,11:07:47,66.9100,51,1
2026-01-30,601318,11:07:50,66.9100,61,1
2026-01-30,601318,11:07:53,66.9200,105,1
2026-01-30,601318,11:07:56,66.9200,114,2
2026-01-30,601318,11:07:59,66.9200,79,2
2026-01-30,601318,11:08:02,66.9200,82,2
2026-01-30,601318,11:08:05,66.9200,26,2
2026-01-30,601318,11:08:08,66.9200,154,2
2026-01-30,601318,11:08:11,66.9100,62,2
2026-01-30,601318,11:08:14,66.9000,27,2
2026-01-30,601318,11:08:17,66.9200,501,1
2026-01-30,601318,11:08:20,66.9100,121,2
2026-01-30,601318,11:08:23,66.9000,355,2
2026-01-30,601318,11:08:26,66.8900,321,2
2026-01-30,601318,11:08:29,66.9000,132,1
2026-01-30,601318,11:08:32,66.8900,84,2
2026-01-30,601318,11:08:35,66.8800,42,2
2026-01-30,601318,11:08:38,66.8700,69,2
2026-01-30,601318,11:08:41,66.8500,308,2
2026-01-30,601318,11:08:44,66.8400,114,2
2026-01-30,601318,11:08:47,66.8300,259,2
2026-01-30,601318,11:08:50,66.8200,198,2
2026-01-30,601318,11:08:53,66.8500,567,1
2026-01-30,601318,11:08:56,66.8500,795,2
2026-01-30,601318,11:08:59,66.8200,211,2
2026-01-30,601318,11:09:02,66.8100,145,2
2026-01-30,601318,11:09:05,66.8100,102,2
2026-01-30,601318,11:09:08,66.8100,55,2
2026-01-30,601318,11:09:11,66.8100,89,2
2026-01-30,601318,11:09:14,66.8100,72,2
2026-01-30,601318,11:09:17,66.8100,109,2
2026-01-30,601318,11:09:20,66.8000,69,2
2026-01-30,601318,11:09:23,66.8100,18,1
2026-01-30,601318,11:09:26,66.8000,408,2
2026-01-30,601318,11:09:29,66.7900,496,2
2026-01-30,601318,11:09:32,66.7600,477,2
2026-01-30,601318,11:09:35,66.7400,297,2
2026-01-30,601318,11:09:38,66.7300,110,2
2026-01-30,601318,11:09:41,66.7400,351,2
2026-01-30,601318,11:09:44,66.7400,252,1
2026-01-30,601318,11:09:47,66.7400,293,2
2026-01-30,601318,11:09:50,66.7100,200,2
2026-01-30,601318,11:09:53,66.7100,259,2
2026-01-30,601318,11:09:56,66.7100,456,2
2026-01-30,601318,11:09:59,66.7200,351,1
2026-01-30,601318,11:10:02,66.7100,124,2
2026-01-30,601318,11:10:05,66.7100,176,2
2026-01-30,601318,11:10:08,66.7100,134,2
2026-01-30,601318,11:10:11,66.7200,183,1
2026-01-30,601318,11:10:14,66.7500,332,1
2026-01-30,601318,11:10:17,66.7500,267,2
2026-01-30,601318,11:10:20,66.7500,248,2
2026-01-30,601318,11:10:23,66.7900,191,1
2026-01-30,601318,11:10:26,66.7500,72,2
2026-01-30,601318,11:10:29,66.7400,114,2
2026-01-30,601318,11:10:32,66.7400,113,2
2026-01-30,601318,11:10:35,66.7200,351,2
2026-01-30,601318,11:10:38,66.7300,441,1
2026-01-30,601318,11:10:41,66.7200,242,2
2026-01-30,601318,11:10:44,66.7000,313,2
2026-01-30,601318,11:10:47,66.7000,110,2
2026-01-30,601318,11:10:50,66.7200,630,1
2026-01-30,601318,11:10:53,66.7000,279,2
2026-01-30,601318,11:10:56,66.6900,154,4
2026-01-30,601318,11:10:59,66.7000,238,1
2026-01-30,601318,11:11:02,66.7000,105,2
2026-01-30,601318,11:11:05,66.7100,81,1
2026-01-30,601318,11:11:08,66.7000,167,2
2026-01-30,601318,11:11:11,66.7000,220,1
2026-01-30,601318,11:11:14,66.6900,41,2
2026-01-30,601318,11:11:17,66.6900,241,2
2026-01-30,601318,11:11:20,66.7000,58,1
2026-01-30,601318,11:11:23,66.7100,311,1
2026-01-30,601318,11:11:26,66.6900,49,2
2026-01-30,601318,11:11:29,66.6900,185,1
2026-01-30,601318,11:11:32,66.6900,109,1
2026-01-30,601318,11:11:35,66.6900,243,1
2026-01-30,601318,11:11:38,66.7000,220,1
2026-01-30,601318,11:11:41,66.7100,110,1
2026-01-30,601318,11:11:44,66.7100,136,1
2026-01-30,601318,11:11:47,66.7300,384,2
2026-01-30,601318,11:11:50,66.7500,377,1
2026-01-30,601318,11:11:53,66.7500,267,1
2026-01-30,601318,11:11:56,66.7700,308,1
2026-01-30,601318,11:11:59,66.7500,107,2
2026-01-30,601318,11:12:02,66.7500,312,2
2026-01-30,601318,11:12:05,66.7800,155,1
2026-01-30,601318,11:12:08,66.7900,60,1
2026-01-30,601318,11:12:11,66.7800,130,2
2026-01-30,601318,11:12:14,66.7800,121,2
2026-01-30,601318,11:12:17,66.8000,118,1
2026-01-30,601318,11:12:20,66.8300,252,1
2026-01-30,601318,11:12:23,66.8300,40,2
2026-01-30,601318,11:12:26,66.8400,160,1
2026-01-30,601318,11:12:29,66.8300,263,2
2026-01-30,601318,11:12:32,66.7700,414,2
2026-01-30,601318,11:12:35,66.7700,235,1
2026-01-30,601318,11:12:38,66.7700,84,1
2026-01-30,601318,11:12:41,66.7700,684,1
2026-01-30,601318,11:12:44,66.7700,320,2
2026-01-30,601318,11:12:47,66.8000,50,1
2026-01-30,601318,11:12:50,66.8000,157,1
2026-01-30,601318,11:12:53,66.8000,164,2
2026-01-30,601318,11:12:56,66.8000,188,1
2026-01-30,601318,11:12:59,66.8000,71,2
2026-01-30,601318,11:13:02,66.7900,174,2
2026-01-30,601318,11:13:05,66.7800,457,2
2026-01-30,601318,11:13:08,66.7800,242,2
2026-01-30,601318,11:13:11,66.7800,189,2
2026-01-30,601318,11:13:14,66.7800,130,1
2026-01-30,601318,11:13:17,66.7800,573,1
2026-01-30,601318,11:13:20,66.8000,174,1
2026-01-30,601318,11:13:23,66.7900,84,1
2026-01-30,601318,11:13:26,66.8200,332,1
2026-01-30,601318,11:13:29,66.8000,208,2
2026-01-30,601318,11:13:32,66.8200,91,1
2026-01-30,601318,11:13:35,66.8400,253,1
2026-01-30,601318,11:13:38,66.8300,56,4
2026-01-30,601318,11:13:41,66.8400,141,1
2026-01-30,601318,11:13:44,66.8300,123,1
2026-01-30,601318,11:13:47,66.8200,85,2
2026-01-30,601318,11:13:50,66.8200,111,2
2026-01-30,601318,11:13:53,66.8200,344,2
2026-01-30,601318,11:13:56,66.8200,106,2
2026-01-30,601318,11:13:59,66.8300,54,1
2026-01-30,601318,11:14:02,66.8400,105,1
2026-01-30,601318,11:14:05,66.8400,62,1
2026-01-30,601318,11:14:08,66.8400,59,2
2026-01-30,601318,11:14:11,66.8500,36,1
2026-01-30,601318,11:14:14,66.8400,409,2
2026-01-30,601318,11:14:17,66.8400,164,2
2026-01-30,601318,11:14:20,66.8400,68,2
2026-01-30,601318,11:14:23,66.8300,70,2
2026-01-30,601318,11:14:26,66.8100,341,2
2026-01-30,601318,11:14:29,66.8100,151,2
2026-01-30,601318,11:14:32,66.8200,54,1
2026-01-30,601318,11:14:35,66.8200,17,1
2026-01-30,601318,11:14:38,66.8100,31,2
2026-01-30,601318,11:14:41,66.8100,22,2
2026-01-30,601318,11:14:44,66.8100,140,1
2026-01-30,601318,11:14:47,66.8600,1524,1
2026-01-30,601318,11:14:50,66.8100,325,2
2026-01-30,601318,11:14:53,66.8100,1098,1
2026-01-30,601318,11:14:56,66.8100,170,2
2026-01-30,601318,11:14:59,66.8500,2370,1
2026-01-30,601318,11:15:02,66.7900,206,2
2026-01-30,601318,11:15:05,67.0000,1280,1
2026-01-30,601318,11:15:08,66.8900,301,2
2026-01-30,601318,11:15:11,66.8300,79,2
2026-01-30,601318,11:15:14,66.8400,2286,1
2026-01-30,601318,11:15:17,66.8200,304,2
2026-01-30,601318,11:15:20,66.8300,1682,1
2026-01-30,601318,11:15:23,66.8100,214,2
2026-01-30,601318,11:15:26,66.8100,69,1
2026-01-30,601318,11:15:29,66.8000,33,2
2026-01-30,601318,11:15:32,66.8000,1057,1
2026-01-30,601318,11:15:35,66.7900,314,2
2026-01-30,601318,11:15:38,66.7900,1094,4
2026-01-30,601318,11:15:41,66.7900,300,2
2026-01-30,601318,11:15:44,66.7700,434,2
2026-01-30,601318,11:15:47,66.7700,113,2
2026-01-30,601318,11:15:50,66.7900,207,1
2026-01-30,601318,11:15:53,66.8000,102,1
2026-01-30,601318,11:15:56,66.8100,20,1
2026-01-30,601318,11:15:59,66.8000,44,2
2026-01-30,601318,11:16:02,66.8000,48,2
2026-01-30,601318,11:16:05,66.8000,94,2
2026-01-30,601318,11:16:08,66.7800,404,2
2026-01-30,601318,11:16:11,66.7600,433,2
2026-01-30,601318,11:16:14,66.7500,315,2
2026-01-30,601318,11:16:17,66.7500,382,4
2026-01-30,601318,11:16:20,66.7900,203,1
2026-01-30,601318,11:16:23,66.8100,82,1
2026-01-30,601318,11:16:26,66.7800,219,2
2026-01-30,601318,11:16:29,66.7700,113,2
2026-01-30,601318,11:16:32,66.7800,375,1
2026-01-30,601318,11:16:35,66.7100,440,2
2026-01-30,601318,11:16:38,66.8000,201,1
2026-01-30,601318,11:16:41,66.7700,121,2
2026-01-30,601318,11:16:44,66.8000,102,1
2026-01-30,601318,11:16:47,66.8200,63,1
2026-01-30,601318,11:16:50,66.8100,116,2
2026-01-30,601318,11:16:53,66.8000,175,2
2026-01-30,601318,11:16:56,66.8500,218,1
2026-01-30,601318,11:16:59,66.8100,60,2
2026-01-30,601318,11:17:02,66.8600,126,1
2026-01-30,601318,11:17:05,66.8800,69,1
2026-01-30,601318,11:17:08,66.8700,7,4
2026-01-30,601318,11:17:11,66.8800,62,1
2026-01-30,601318,11:17:14,66.8600,39,2
2026-01-30,601318,11:17:17,66.8200,388,2
2026-01-30,601318,11:17:20,66.8200,493,1
2026-01-30,601318,11:17:23,66.8000,76,1
2026-01-30,601318,11:17:26,66.8100,298,1
2026-01-30,601318,11:17:29,66.8000,111,4
2026-01-30,601318,11:17:32,66.8200,157,1
2026-01-30,601318,11:17:35,66.7700,31,2
2026-01-30,601318,11:17:38,66.7900,161,1
2026-01-30,601318,11:17:41,66.7600,132,2
2026-01-30,601318,11:17:44,66.7600,115,2
2026-01-30,601318,11:17:47,66.7900,93,1
2026-01-30,601318,11:17:50,66.7600,102,2
2026-01-30,601318,11:17:53,66.8000,132,1
2026-01-30,601318,11:17:56,66.7900,81,1
2026-01-30,601318,11:17:59,66.8200,90,1
2026-01-30,601318,11:18:02,66.8300,85,1
2026-01-30,601318,11:18:05,66.8400,22,1
2026-01-30,601318,11:18:08,66.8400,25,1
2026-01-30,601318,11:18:11,66.8500,161,1
2026-01-30,601318,11:18:14,66.8600,56,1
2026-01-30,601318,11:18:17,66.8600,240,1
2026-01-30,601318,11:18:20,66.8400,35,2
2026-01-30,601318,11:18:23,66.8400,270,2
2026-01-30,601318,11:18:26,66.8200,93,2
2026-01-30,601318,11:18:29,66.8300,119,1
2026-01-30,601318,11:18:32,66.8300,88,1
2026-01-30,601318,11:18:35,66.8300,57,1
2026-01-30,601318,11:18:38,66.8300,63,1
2026-01-30,601318,11:18:41,66.8300,29,1
2026-01-30,601318,11:18:44,66.8500,40,1
2026-01-30,601318,11:18:47,66.8400,56,2
2026-01-30,601318,11:18:50,66.8400,63,2
2026-01-30,601318,11:18:53,66.8600,23,1
2026-01-30,601318,11:18:56,66.8500,22,2
2026-01-30,601318,11:18:59,66.8500,23,2
2026-01-30,601318,11:19:02,66.8400,66,2
2026-01-30,601318,11:19:05,66.8400,60,2
2026-01-30,601318,11:19:08,66.8300,357,2
2026-01-30,601318,11:19:11,66.7800,186,2
2026-01-30,601318,11:19:14,66.7800,209,2
2026-01-30,601318,11:19:17,66.7600,149,2
2026-01-30,601318,11:19:20,66.7800,417,1
2026-01-30,601318,11:19:23,66.7700,232,2
2026-01-30,601318,11:19:26,66.8000,138,1
2026-01-30,601318,11:19:29,66.7700,67,2
2026-01-30,601318,11:19:32,66.8000,83,1
2026-01-30,601318,11:19:35,66.8000,36,1
2026-01-30,601318,11:19:38,66.7900,122,2
2026-01-30,601318,11:19:41,66.7900,57,1
2026-01-30,601318,11:19:44,66.8000,164,1
2026-01-30,601318,11:19:47,66.8100,88,4
2026-01-30,601318,11:19:50,66.8000,279,2
2026-01-30,601318,11:19:53,66.8100,69,4
2026-01-30,601318,11:19:56,66.8000,46,2
2026-01-30,601318,11:19:59,66.8000,623,2
