date,code,time,price,volume,bs
2026-05-14,600036,14:06:17,37.8900,33,1
2026-05-14,600036,14:06:20,37.8900,125,1
2026-05-14,600036,14:06:23,37.8900,23,1
2026-05-14,600036,14:06:26,37.8800,31,2
2026-05-14,600036,14:06:29,37.8800,73,2
2026-05-14,600036,14:06:32,37.8900,27,1
2026-05-14,600036,14:06:35,37.8900,12,2
2026-05-14,600036,14:06:38,37.8900,22,2
2026-05-14,600036,14:06:41,37.9000,42,1
2026-05-14,600036,14:06:44,37.9000,12,1
2026-05-14,600036,14:06:47,37.8900,50,2
2026-05-14,600036,14:06:53,37.8900,8,2
2026-05-14,600036,14:06:56,37.9000,113,1
2026-05-14,600036,14:06:59,37.9000,188,1
2026-05-14,600036,14:07:02,37.9000,278,1
2026-05-14,600036,14:07:05,37.9000,43,1
2026-05-14,600036,14:07:08,37.9000,122,2
2026-05-14,600036,14:07:11,37.9100,17,1
2026-05-14,600036,14:07:14,37.9000,17,2
2026-05-14,600036,14:07:17,37.9100,1,1
2026-05-14,600036,14:07:20,37.9100,12,1
2026-05-14,600036,14:07:23,37.9100,17,1
2026-05-14,600036,14:07:26,37.9000,41,2
2026-05-14,600036,14:07:29,37.9100,101,1
2026-05-14,600036,14:07:32,37.9000,62,2
2026-05-14,600036,14:07:35,37.9100,840,1
2026-05-14,600036,14:07:38,37.9100,252,1
2026-05-14,600036,14:07:41,37.9100,295,1
2026-05-14,600036,14:07:44,37.9000,58,1
2026-05-14,600036,14:07:47,37.9000,25,1
2026-05-14,600036,14:07:50,37.9100,1,1
2026-05-14,600036,14:07:56,37.9100,5,1
2026-05-14,600036,14:07:59,37.9100,1,1
2026-05-14,600036,14:08:02,37.9000,102,2
2026-05-14,600036,14:08:05,37.9000,13,2
2026-05-14,600036,14:08:08,37.9100,6,1
2026-05-14,600036,14:08:11,37.9100,103,1
2026-05-14,600036,14:08:14,37.9100,75,2
2026-05-14,600036,14:08:17,37.9100,59,2
2026-05-14,600036,14:08:23,37.9100,30,1
2026-05-14,600036,14:08:26,37.9100,1,1
2026-05-14,600036,14:08:29,37.9000,18,2
2026-05-14,600036,14:08:32,37.9000,26,2
2026-05-14,600036,14:08:35,37.9100,13,1
2026-05-14,600036,14:08:38,37.9100,4,1
2026-05-14,600036,14:08:41,37.9100,28,1
2026-05-14,600036,14:08:44,37.9100,665,1
2026-05-14,600036,14:08:47,37.9100,5,1
2026-05-14,600036,14:08:50,37.9100,15,1
2026-05-14,600036,14:08:56,37.9000,2,2
2026-05-14,600036,14:08:59,37.9100,57,1
2026-05-14,600036,14:09:02,37.9000,1153,2
2026-05-14,600036,14:09:05,37.9100,77,1
2026-05-14,600036,14:09:08,37.9100,278,1
2026-05-14,600036,14:09:11,37.9000,1,2
2026-05-14,600036,14:09:14,37.9100,20,1
2026-05-14,600036,14:09:17,37.9000,239,2
2026-05-14,600036,14:09:20,37.9000,3,2
2026-05-14,600036,14:09:23,37.8900,73,2
2026-05-14,600036,14:09:32,37.9000,1,4
2026-05-14,600036,14:09:35,37.9000,1,2
2026-05-14,600036,14:09:38,37.9000,17,2
2026-05-14,600036,14:09:41,37.9000,75,1
2026-05-14,600036,14:09:44,37.8900,60,2
2026-05-14,600036,14:09:47,37.9000,9,1
2026-05-14,600036,14:09:50,37.9000,19,1
2026-05-14,600036,14:09:53,37.9000,45,1
2026-05-14,600036,14:09:56,37.8900,504,2
2026-05-14,600036,14:10:02,37.9000,180,1
2026-05-14,600036,14:10:05,37.8900,30,2
2026-05-14,600036,14:10:08,37.8900,200,2
2026-05-14,600036,14:10:11,37.8900,186,2
2026-05-14,600036,14:10:14,37.8800,5,2
2026-05-14,600036,14:10:17,37.8800,32,2
2026-05-14,600036,14:10:20,37.8800,1,2
2026-05-14,600036,14:10:23,37.8800,889,2
2026-05-14,600036,14:10:26,37.8800,2099,2
2026-05-14,600036,14:10:29,37.8800,130,2
2026-05-14,600036,14:10:32,37.8900,26,1
2026-05-14,600036,14:10:35,37.8800,223,2
2026-05-14,600036,14:10:38,37.8800,29,2
2026-05-14,600036,14:10:41,37.9000,10,1
2026-05-14,600036,14:10:44,37.9100,18,1
2026-05-14,600036,14:10:47,37.9000,28,1
2026-05-14,600036,14:10:50,37.8900,86,2
2026-05-14,600036,14:10:53,37.9100,28,1
2026-05-14,600036,14:10:56,37.9000,1019,2
2026-05-14,600036,14:10:59,37.9100,1,1
2026-05-14,600036,14:11:02,37.9200,152,1
2026-05-14,600036,14:11:05,37.9100,7,2
2026-05-14,600036,14:11:08,37.9000,21,2
2026-05-14,600036,14:11:11,37.9000,140,2
2026-05-14,600036,14:11:14,37.9000,114,2
2026-05-14,600036,14:11:17,37.8900,159,2
2026-05-14,600036,14:11:20,37.8900,64,2
2026-05-14,600036,14:11:23,37.9100,55,1
2026-05-14,600036,14:11:26,37.8900,789,2
2026-05-14,600036,14:11:29,37.9000,3,1
2026-05-14,600036,14:11:32,37.8900,33,2
2026-05-14,600036,14:11:35,37.8900,453,2
2026-05-14,600036,14:11:38,37.8900,160,2
2026-05-14,600036,14:11:41,37.9000,19,1
2026-05-14,600036,14:11:44,37.8900,10,2
2026-05-14,600036,14:11:47,37.8900,86,2
2026-05-14,600036,14:11:50,37.8900,317,2
2026-05-14,600036,14:11:53,37.9000,64,1
2026-05-14,600036,14:11:56,37.8900,9,2
2026-05-14,600036,14:11:59,37.9000,15,1
2026-05-14,600036,14:12:02,37.9000,8,1
2026-05-14,600036,14:12:05,37.9000,88,1
2026-05-14,600036,14:12:08,37.8900,1,2
2026-05-14,600036,14:12:11,37.9000,2,1
2026-05-14,600036,14:12:14,37.9000,30,1
2026-05-14,600036,14:12:17,37.8900,161,2
2026-05-14,600036,14:12:20,37.8900,3,2
2026-05-14,600036,14:12:23,37.8900,19,2
2026-05-14,600036,14:12:29,37.9000,68,1
2026-05-14,600036,14:12:32,37.9000,155,1
2026-05-14,600036,14:12:35,37.8900,22,2
2026-05-14,600036,14:12:38,37.9000,23,1
2026-05-14,600036,14:12:41,37.8900,18,2
2026-05-14,600036,14:12:44,37.9000,197,1
2026-05-14,600036,14:12:47,37.9000,2,1
2026-05-14,600036,14:12:53,37.9000,9,1
2026-05-14,600036,14:12:56,37.9000,90,1
2026-05-14,600036,14:12:59,37.9000,61,1
2026-05-14,600036,14:13:02,37.9000,605,1
2026-05-14,600036,14:13:05,37.8900,3,2
2026-05-14,600036,14:13:08,37.9000,85,1
2026-05-14,600036,14:13:11,37.9000,7,2
2026-05-14,600036,14:13:14,37.9000,2,2
2026-05-14,600036,14:13:17,37.9100,16,1
2026-05-14,600036,14:13:20,37.9100,211,1
2026-05-14,600036,14:13:23,37.9100,26,1
2026-05-14,600036,14:13:26,37.9100,51,1
2026-05-14,600036,14:13:29,37.9000,56,2
2026-05-14,600036,14:13:32,37.9000,291,2
2026-05-14,600036,14:13:35,37.9000,19,2
2026-05-14,600036,14:13:38,37.9000,96,2
2026-05-14,600036,14:13:41,37.9000,63,2
2026-05-14,600036,14:13:44,37.9000,0,2
2026-05-14,600036,14:13:47,37.9100,3,1
2026-05-14,600036,14:13:50,37.9000,16,2
2026-05-14,600036,14:13:53,37.9100,7,1
2026-05-14,600036,14:13:56,37.9000,75,2
2026-05-14,600036,14:13:59,37.9100,95,1
2026-05-14,600036,14:14:02,37.8900,118,2
2026-05-14,600036,14:14:05,37.8900,235,2
2026-05-14,600036,14:14:08,37.8900,28,2
2026-05-14,600036,14:14:11,37.9000,362,1
2026-05-14,600036,14:14:14,37.8900,22,2
2026-05-14,600036,14:14:17,37.8900,15,2
2026-05-14,600036,14:14:20,37.8900,229,2
2026-05-14,600036,14:14:23,37.9000,10,1
2026-05-14,600036,14:14:26,37.8900,245,2
2026-05-14,600036,14:14:29,37.9100,33,1
2026-05-14,600036,14:14:32,37.9000,2,2
2026-05-14,600036,14:14:35,37.9000,3,4
2026-05-14,600036,14:14:38,37.8900,346,2
2026-05-14,600036,14:14:41,37.9000,40,1
2026-05-14,600036,14:14:44,37.9000,2,1
2026-05-14,600036,14:14:47,37.8900,195,2
2026-05-14,600036,14:14:50,37.9000,26,1
2026-05-14,600036,14:14:53,37.9000,57,1
2026-05-14,600036,14:14:56,37.8900,38,2
2026-05-14,600036,14:14:59,37.8900,132,2
2026-05-14,600036,14:15:02,37.8900,107,2
2026-05-14,600036,14:15:05,37.8900,51,2
2026-05-14,600036,14:15:08,37.8900,45,2
2026-05-14,600036,14:15:11,37.8900,176,2
2026-05-14,600036,14:15:14,37.9000,66,1
2026-05-14,600036,14:15:17,37.8900,140,2
2026-05-14,600036,14:15:23,37.8900,132,2
2026-05-14,600036,14:15:26,37.8900,78,2
2026-05-14,600036,14:15:29,37.8800,227,2
2026-05-14,600036,14:15:32,37.8800,47,2
2026-05-14,600036,14:15:35,37.8800,49,2
2026-05-14,600036,14:15:38,37.8900,1492,1
2026-05-14,600036,14:15:41,37.8900,93,1
2026-05-14,600036,14:15:44,37.8800,77,2
2026-05-14,600036,14:15:47,37.8900,108,1
2026-05-14,600036,14:15:50,37.8900,556,2
2026-05-14,600036,14:15:53,37.8900,37,1
2026-05-14,600036,14:15:56,37.8800,9,2
2026-05-14,600036,14:15:59,37.8900,36,1
2026-05-14,600036,14:16:02,37.8900,60,1
2026-05-14,600036,14:16:05,37.8900,40,2
2026-05-14,600036,14:16:08,37.9000,35,1
2026-05-14,600036,14:16:11,37.8900,32,2
2026-05-14,600036,14:16:17,37.8900,38,2
2026-05-14,600036,14:16:20,37.8900,105,2
2026-05-14,600036,14:16:23,37.8900,23,2
2026-05-14,600036,14:16:26,37.8900,424,2
2026-05-14,600036,14:16:29,37.8900,12,2
2026-05-14,600036,14:16:32,37.8900,9,2
2026-05-14,600036,14:16:35,37.9000,29,1
2026-05-14,600036,14:16:38,37.8900,65,2
2026-05-14,600036,14:16:41,37.8900,20,2
2026-05-14,600036,14:16:44,37.8900,77,2
2026-05-14,600036,14:16:47,37.8900,62,1
2026-05-14,600036,14:16:50,37.8800,81,2
2026-05-14,600036,14:16:53,37.8900,11,1
2026-05-14,600036,14:16:56,37.8900,13,1
2026-05-14,600036,14:16:59,37.8800,748,2
2026-05-14,600036,14:17:02,37.8800,90,2
2026-05-14,600036,14:17:05,37.8800,21,2
2026-05-14,600036,14:17:08,37.8800,27,2
2026-05-14,600036,14:17:11,37.8900,436,1
2026-05-14,600036,14:17:14,37.8900,5,1
2026-05-14,600036,14:17:17,37.8900,23,1
2026-05-14,600036,14:17:20,37.8900,1,1
2026-05-14,600036,14:17:23,37.8800,213,2
2026-05-14,600036,14:17:26,37.8800,49,2
2026-05-14,600036,14:17:29,37.8900,390,1
2026-05-14,600036,14:17:32,37.8700,27,2
2026-05-14,600036,14:17:35,37.8900,47,1
2026-05-14,600036,14:17:38,37.8900,5,1
2026-05-14,600036,14:17:41,37.8800,312,2
2026-05-14,600036,14:17:44,37.8800,24,2
2026-05-14,600036,14:17:47,37.8900,146,1
2026-05-14,600036,14:17:50,37.8800,149,2
2026-05-14,600036,14:17:53,37.8900,69,1
2026-05-14,600036,14:17:56,37.9000,103,1
2026-05-14,600036,14:17:59,37.8800,95,2
2026-05-14,600036,14:18:02,37.9000,29,1
2026-05-14,600036,14:18:05,37.8900,55,2
2026-05-14,600036,14:18:08,37.8900,211,2
2026-05-14,600036,14:18:11,37.8800,149,2
2026-05-14,600036,14:18:14,37.8900,197,1
2026-05-14,600036,14:18:17,37.8900,128,1
2026-05-14,600036,14:18:20,37.8900,45,1
2026-05-14,600036,14:18:23,37.8900,3,1
2026-05-14,600036,14:18:26,37.8800,75,2
2026-05-14,600036,14:18:29,37.8800,10,2
2026-05-14,600036,14:18:32,37.8900,199,1
2026-05-14,600036,14:18:35,37.8800,185,2
2026-05-14,600036,14:18:38,37.8900,26,4
2026-05-14,600036,14:18:41,37.9000,45,1
2026-05-14,600036,14:18:44,37.9000,176,1
2026-05-14,600036,14:18:47,37.8900,17,4
2026-05-14,600036,14:18:50,37.8900,3,2
2026-05-14,600036,14:18:53,37.9000,107,1
2026-05-14,600036,14:18:56,37.8900,39,2
2026-05-14,600036,14:18:59,37.8900,7,2
2026-05-14,600036,14:19:02,37.9000,198,1
2026-05-14,600036,14:19:05,37.8900,203,2
2026-05-14,600036,14:19:08,37.8900,55,2
2026-05-14,600036,14:19:11,37.8900,445,1
2026-05-14,600036,14:19:14,37.8900,12,1
2026-05-14,600036,14:19:17,37.8900,125,1
2026-05-14,600036,14:19:20,37.8900,19,1
2026-05-14,600036,14:19:23,37.8900,26,1
2026-05-14,600036,14:19:26,37.8800,127,2
2026-05-14,600036,14:19:29,37.8800,6,2
2026-05-14,600036,14:19:32,37.8900,52,1
2026-05-14,600036,14:19:35,37.8900,40,1
2026-05-14,600036,14:19:38,37.8800,57,2
2026-05-14,600036,14:19:41,37.8900,278,1
2026-05-14,600036,14:19:44,37.8800,102,2
2026-05-14,600036,14:19:47,37.8800,60,2
2026-05-14,600036,14:19:50,37.8900,80,1
2026-05-14,600036,14:19:53,37.8900,218,1
2026-05-14,600036,14:19:56,37.8900,37,1
2026-05-14,600036,14:19:59,37.8900,36,1
2026-05-14,600036,14:20:02,37.8900,102,1
2026-05-14,600036,14:20:05,37.8800,195,2
2026-05-14,600036,14:20:08,37.8900,29,1
2026-05-14,600036,14:20:11,37.8900,8,1
2026-05-14,600036,14:20:14,37.8900,88,1
2026-05-14,600036,14:20:17,37.8900,158,1
2026-05-14,600036,14:20:20,37.8800,404,4
2026-05-14,600036,14:20:23,37.8800,35,1
2026-05-14,600036,14:20:26,37.8800,28,1
2026-05-14,600036,14:20:29,37.8800,22,1
2026-05-14,600036,14:20:32,37.8800,82,1
2026-05-14,600036,14:20:35,37.8800,15,1
2026-05-14,600036,14:20:38,37.8700,46,2
2026-05-14,600036,14:20:41,37.8800,18,1
2026-05-14,600036,14:20:44,37.8700,22,2
2026-05-14,600036,14:20:47,37.8800,47,1
2026-05-14,600036,14:20:50,37.8800,7,1
2026-05-14,600036,14:20:53,37.8800,14,1
2026-05-14,600036,14:20:56,37.8700,34,2
2026-05-14,600036,14:20:59,37.8800,38,1
2026-05-14,600036,14:21:02,37.8800,43,1
2026-05-14,600036,14:21:05,37.8700,33,2
2026-05-14,600036,14:21:08,37.8800,8,1
2026-05-14,600036,14:21:11,37.8800,508,1
2026-05-14,600036,14:21:14,37.8800,77,2
2026-05-14,600036,14:21:17,37.8800,256,4
2026-05-14,600036,14:21:20,37.8800,52,2
2026-05-14,600036,14:21:23,37.8800,269,2
2026-05-14,600036,14:21:26,37.8800,200,1
2026-05-14,600036,14:21:29,37.8800,52,2
2026-05-14,600036,14:21:32,37.8800,89,2
2026-05-14,600036,14:21:35,37.8800,1268,2
2026-05-14,600036,14:21:38,37.8800,92,2
2026-05-14,600036,14:21:41,37.8900,13,1
2026-05-14,600036,14:21:44,37.8900,12,1
2026-05-14,600036,14:21:47,37.8800,205,2
2026-05-14,600036,14:21:50,37.8800,23,2
2026-05-14,600036,14:21:53,37.8800,32,1
2026-05-14,600036,14:21:56,37.8700,37,2
2026-05-14,600036,14:21:59,37.8700,414,2
2026-05-14,600036,14:22:02,37.8800,14,2
2026-05-14,600036,14:22:05,37.8800,44,2
2026-05-14,600036,14:22:08,37.8800,26,2
2026-05-14,600036,14:22:11,37.8700,67,2
2026-05-14,600036,14:22:14,37.8800,54,1
2026-05-14,600036,14:22:17,37.9000,233,1
2026-05-14,600036,14:22:23,37.8900,3,1
2026-05-14,600036,14:22:26,37.8900,76,1
2026-05-14,600036,14:22:29,37.8900,23,1
2026-05-14,600036,14:22:32,37.8700,515,2
2026-05-14,600036,14:22:35,37.8800,76,1
2026-05-14,600036,14:22:38,37.8900,204,1
2026-05-14,600036,14:22:41,37.8900,46,1
2026-05-14,600036,14:22:44,37.8800,39,2
2026-05-14,600036,14:22:47,37.8800,70,2
2026-05-14,600036,14:22:50,37.8800,60,2
2026-05-14,600036,14:22:53,37.8800,27,2
2026-05-14,600036,14:22:56,37.8900,84,1
2026-05-14,600036,14:22:59,37.8800,60,2
2026-05-14,600036,14:23:02,37.8900,119,1
2026-05-14,600036,14:23:05,37.8900,76,2
2026-05-14,600036,14:23:08,37.8900,52,2
2026-05-14,600036,14:23:11,37.8900,20,2
2026-05-14,600036,14:23:14,37.8900,141,2
2026-05-14,600036,14:23:17,37.8900,82,2
2026-05-14,600036,14:23:20,37.8800,326,2
2026-05-14,600036,14:23:23,37.8900,1,1
2026-05-14,600036,14:23:26,37.8900,13,1
2026-05-14,600036,14:23:29,37.8800,123,2
2026-05-14,600036,14:23:32,37.8800,89,1
2026-05-14,600036,14:23:35,37.8800,135,2
2026-05-14,600036,14:23:38,37.8900,3,1
2026-05-14,600036,14:23:41,37.8800,31,2
2026-05-14,600036,14:23:44,37.8900,96,1
2026-05-14,600036,14:23:47,37.8800,298,2
2026-05-14,600036,14:23:50,37.8800,136,1
2026-05-14,600036,14:23:53,37.8800,4,1
2026-05-14,600036,14:23:56,37.8800,34,1
2026-05-14,600036,14:23:59,37.8800,33,2
2026-05-14,600036,14:24:02,37.8800,95,1
2026-05-14,600036,14:24:05,37.8800,51,1
2026-05-14,600036,14:24:08,37.8800,176,1
2026-05-14,600036,14:24:11,37.8900,52,1
2026-05-14,600036,14:24:17,37.8800,63,2
2026-05-14,600036,14:24:20,37.8900,4,1
2026-05-14,600036,14:24:23,37.8900,65,1
2026-05-14,600036,14:24:29,37.8800,47,2
2026-05-14,600036,14:24:32,37.8800,176,2
2026-05-14,600036,14:24:35,37.8800,14,2
2026-05-14,600036,14:24:38,37.8800,163,2
2026-05-14,600036,14:24:41,37.8800,5,2
2026-05-14,600036,14:24:44,37.8900,78,1
2026-05-14,600036,14:24:47,37.8900,172,1
2026-05-14,600036,14:24:50,37.8800,167,2
2026-05-14,600036,14:24:53,37.8900,118,1
2026-05-14,600036,14:24:56,37.8900,7,1
2026-05-14,600036,14:24:59,37.8800,178,2
2026-05-14,600036,14:25:02,37.8900,32,1
2026-05-14,600036,14:25:05,37.8800,73,2
2026-05-14,600036,14:25:08,37.9000,77,1
2026-05-14,600036,14:25:11,37.8800,86,2
2026-05-14,600036,14:25:14,37.8800,18,2
2026-05-14,600036,14:25:17,37.8900,34,1
2026-05-14,600036,14:25:20,37.8800,38,2
2026-05-14,600036,14:25:23,37.8800,139,2
2026-05-14,600036,14:25:26,37.8900,86,1
2026-05-14,600036,14:25:29,37.8800,104,2
2026-05-14,600036,14:25:32,37.8800,35,2
2026-05-14,600036,14:25:38,37.8900,6,4
2026-05-14,600036,14:25:41,37.8800,69,2
2026-05-14,600036,14:25:44,37.8800,43,2
2026-05-14,600036,14:25:47,37.8800,64,2
2026-05-14,600036,14:25:50,37.8800,24,2
2026-05-14,600036,14:25:53,37.8800,233,2
2026-05-14,600036,14:25:56,37.8800,80,2
2026-05-14,600036,14:25:59,37.8800,181,2
2026-05-14,600036,14:26:02,37.8900,157,4
2026-05-14,600036,14:26:05,37.8800,128,2
2026-05-14,600036,14:26:08,37.8700,109,2
2026-05-14,600036,14:26:11,37.8900,22,1
2026-05-14,600036,14:26:14,37.8800,194,2
2026-05-14,600036,14:26:17,37.9000,89,1
2026-05-14,600036,14:26:20,37.8900,27,4
2026-05-14,600036,14:26:23,37.8900,4,4
2026-05-14,600036,14:26:26,37.8900,22,2
2026-05-14,600036,14:26:29,37.8900,61,1
2026-05-14,600036,14:26:32,37.8900,37,4
2026-05-14,600036,14:26:35,37.8800,11,2
2026-05-14,600036,14:26:38,37.8800,52,2
2026-05-14,600036,14:26:41,37.8900,31,1
2026-05-14,600036,14:26:44,37.8800,71,2
2026-05-14,600036,14:26:47,37.8800,41,2
2026-05-14,600036,14:26:50,37.8800,95,2
2026-05-14,600036,14:26:53,37.8800,48,2
2026-05-14,600036,14:26:56,37.8900,67,1
2026-05-14,600036,14:26:59,37.8800,27,2
2026-05-14,600036,14:27:02,37.8900,12,1
2026-05-14,600036,14:27:05,37.8900,48,2
2026-05-14,600036,14:27:08,37.8900,18,2
2026-05-14,600036,14:27:11,37.8900,39,2
2026-05-14,600036,14:27:14,37.9000,31,1
2026-05-14,600036,14:27:17,37.9000,45,1
2026-05-14,600036,14:27:20,37.8900,45,2
2026-05-14,600036,14:27:23,37.8900,217,2
2026-05-14,600036,14:27:26,37.9000,44,1
2026-05-14,600036,14:27:29,37.8900,122,2
2026-05-14,600036,14:27:32,37.8900,1,2
2026-05-14,600036,14:27:35,37.9000,1,1
2026-05-14,600036,14:27:38,37.8900,75,2
2026-05-14,600036,14:27:41,37.8900,13,2
2026-05-14,600036,14:27:44,37.9000,75,1
2026-05-14,600036,14:27:47,37.9000,43,1
2026-05-14,600036,14:27:50,37.8900,76,2
2026-05-14,600036,14:27:53,37.9000,291,1
2026-05-14,600036,14:27:56,37.9000,11,2
2026-05-14,600036,14:27:59,37.9000,50,2
2026-05-14,600036,14:28:02,37.9000,16,2
2026-05-14,600036,14:28:05,37.9000,16,1
2026-05-14,600036,14:28:08,37.9000,29,1
2026-05-14,600036,14:28:11,37.8900,66,2
2026-05-14,600036,14:28:17,37.8900,398,2
2026-05-14,600036,14:28:20,37.8900,114,2
2026-05-14,600036,14:28:23,37.9000,2,1
2026-05-14,600036,14:28:26,37.9000,5,1
2026-05-14,600036,14:28:29,37.9000,81,2
2026-05-14,600036,14:28:32,37.9000,16,2
2026-05-14,600036,14:28:35,37.9100,1,1
2026-05-14,600036,14:28:38,37.9000,6,2
2026-05-14,600036,14:28:41,37.9000,185,2
2026-05-14,600036,14:28:44,37.9100,21,1
2026-05-14,600036,14:28:47,37.9000,39,2
2026-05-14,600036,14:28:50,37.9100,10,1
2026-05-14,600036,14:28:53,37.9000,35,2
2026-05-14,600036,14:28:56,37.9000,18,2
2026-05-14,600036,14:28:59,37.9100,53,1
2026-05-14,600036,14:29:02,37.9100,83,1
2026-05-14,600036,14:29:05,37.9000,168,2
2026-05-14,600036,14:29:08,37.9100,83,1
2026-05-14,600036,14:29:11,37.9100,17,1
2026-05-14,600036,14:29:14,37.9000,16,2
2026-05-14,600036,14:29:17,37.9100,33,1
2026-05-14,600036,14:29:20,37.9000,47,2
2026-05-14,600036,14:29:23,37.9100,44,1
2026-05-14,600036,14:29:26,37.9000,62,2
2026-05-14,600036,14:29:29,37.9000,24,2
2026-05-14,600036,14:29:32,37.9100,32,1
2026-05-14,600036,14:29:35,37.9000,21,2
2026-05-14,600036,14:29:38,37.9100,98,1
2026-05-14,600036,14:29:41,37.9100,4,1
2026-05-14,600036,14:29:44,37.9100,19,1
2026-05-14,600036,14:29:47,37.9100,78,1
2026-05-14,600036,14:29:50,37.9000,58,2
2026-05-14,600036,14:29:53,37.9000,12,1
2026-05-14,600036,14:29:56,37.8900,19,2
2026-05-14,600036,14:29:59,37.8900,58,2
2026-05-14,600036,14:30:02,37.9000,255,1
2026-05-14,600036,14:30:05,37.9000,59,2
2026-05-14,600036,14:30:08,37.9000,61,2
2026-05-14,600036,14:30:11,37.9000,15,2
2026-05-14,600036,14:30:14,37.9100,32,1
2026-05-14,600036,14:30:17,37.9000,70,2
2026-05-14,600036,14:30:20,37.9000,24,2
2026-05-14,600036,14:30:23,37.9100,79,1
2026-05-14,600036,14:30:26,37.8900,48,2
2026-05-14,600036,14:30:29,37.9000,11,2
2026-05-14,600036,14:30:32,37.9100,3,1
2026-05-14,600036,14:30:35,37.9000,22,2
2026-05-14,600036,14:30:38,37.9000,39,2
2026-05-14,600036,14:30:41,37.9000,94,2
2026-05-14,600036,14:30:44,37.9000,65,2
2026-05-14,600036,14:30:47,37.9000,72,1
2026-05-14,600036,14:30:50,37.9000,46,1
2026-05-14,600036,14:30:53,37.8900,360,2
2026-05-14,600036,14:30:56,37.9000,109,1
2026-05-14,600036,14:30:59,37.9000,31,1
2026-05-14,600036,14:31:05,37.8800,428,2
2026-05-14,600036,14:31:08,37.8900,67,2
2026-05-14,600036,14:31:11,37.8800,30,2
2026-05-14,600036,14:31:14,37.8900,19,1
2026-05-14,600036,14:31:17,37.8900,798,1
2026-05-14,600036,14:31:20,37.8900,247,1
2026-05-14,600036,14:31:23,37.8800,48,2
2026-05-14,600036,14:31:26,37.8800,32,2
2026-05-14,600036,14:31:29,37.8800,22,2
2026-05-14,600036,14:31:32,37.8800,592,2
2026-05-14,600036,14:31:35,37.8800,61,1
2026-05-14,600036,14:31:38,37.8800,24,1
2026-05-14,600036,14:31:41,37.8800,20,1
2026-05-14,600036,14:31:44,37.8800,95,1
2026-05-14,600036,14:31:47,37.8800,229,1
2026-05-14,600036,14:31:50,37.8800,12,1
2026-05-14,600036,14:31:53,37.8700,53,2
2026-05-14,600036,14:31:56,37.8800,45,1
2026-05-14,600036,14:31:59,37.8800,142,1
2026-05-14,600036,14:32:02,37.8800,1,2
2026-05-14,600036,14:32:05,37.8900,62,1
2026-05-14,600036,14:32:08,37.8900,39,1
2026-05-14,600036,14:32:11,37.8800,3,2
2026-05-14,600036,14:32:14,37.8900,19,1
2026-05-14,600036,14:32:17,37.8800,47,2
2026-05-14,600036,14:32:20,37.8900,21,1
2026-05-14,600036,14:32:23,37.8800,24,2
2026-05-14,600036,14:32:26,37.8800,5,2
2026-05-14,600036,14:32:29,37.8800,26,2
2026-05-14,600036,14:32:32,37.8900,20,1
2026-05-14,600036,14:32:35,37.8800,36,2
2026-05-14,600036,14:32:38,37.8900,21,1
2026-05-14,600036,14:32:41,37.8900,116,1
2026-05-14,600036,14:32:44,37.8800,37,2
2026-05-14,600036,14:32:47,37.8800,122,2
2026-05-14,600036,14:32:50,37.8900,3,1
2026-05-14,600036,14:32:53,37.8800,28,2
2026-05-14,600036,14:32:56,37.8800,15,2
2026-05-14,600036,14:32:59,37.8900,256,1
2026-05-14,600036,14:33:02,37.8900,89,1
2026-05-14,600036,14:33:05,37.8900,17,1
2026-05-14,600036,14:33:08,37.8900,76,1
2026-05-14,600036,14:33:11,37.8800,681,2
2026-05-14,600036,14:33:14,37.8900,430,1
2026-05-14,600036,14:33:17,37.8900,24,1
2026-05-14,600036,14:33:20,37.8900,315,1
2026-05-14,600036,14:33:23,37.8900,5,1
2026-05-14,600036,14:33:26,37.8900,38,1
2026-05-14,600036,14:33:29,37.8800,14,2
2026-05-14,600036,14:33:32,37.8900,62,1
2026-05-14,600036,14:33:35,37.8800,57,2
2026-05-14,600036,14:33:38,37.8800,371,2
2026-05-14,600036,14:33:41,37.8900,19,1
2026-05-14,600036,14:33:44,37.8800,34,2
2026-05-14,600036,14:33:47,37.8900,75,1
2026-05-14,600036,14:33:50,37.8800,3,2
2026-05-14,600036,14:33:53,37.8900,111,1
2026-05-14,600036,14:33:56,37.8900,1,1
2026-05-14,600036,14:33:59,37.8900,11,1
2026-05-14,600036,14:34:02,37.8800,103,2
2026-05-14,600036,14:34:05,37.8900,6,1
2026-05-14,600036,14:34:08,37.8800,73,2
2026-05-14,600036,14:34:11,37.8700,95,2
2026-05-14,600036,14:34:14,37.8800,22,2
2026-05-14,600036,14:34:17,37.8800,4,2
2026-05-14,600036,14:34:20,37.8800,37,2
2026-05-14,600036,14:34:23,37.8900,39,1
2026-05-14,600036,14:34:26,37.8800,14,2
2026-05-14,600036,14:34:29,37.8800,81,2
2026-05-14,600036,14:34:32,37.8700,45,2
2026-05-14,600036,14:34:35,37.8800,105,1
2026-05-14,600036,14:34:38,37.8600,3815,2
2026-05-14,600036,14:34:41,37.8600,78,2
2026-05-14,600036,14:34:44,37.8500,1890,2
2026-05-14,600036,14:34:47,37.8500,2432,2
2026-05-14,600036,14:34:50,37.8500,84,1
2026-05-14,600036,14:34:53,37.8300,810,2
2026-05-14,600036,14:34:56,37.8500,7852,1
2026-05-14,600036,14:34:59,37.8600,85,1
2026-05-14,600036,14:35:02,37.8600,63,1
2026-05-14,600036,14:35:05,37.8700,43,1
2026-05-14,600036,14:35:08,37.8700,135,1
2026-05-14,600036,14:35:11,37.8700,19,1
2026-05-14,600036,14:35:14,37.8600,34,2
2026-05-14,600036,14:35:17,37.8600,321,1
2026-05-14,600036,14:35:20,37.8600,166,1
2026-05-14,600036,14:35:23,37.8500,373,2
2026-05-14,600036,14:35:26,37.8500,61,1
2026-05-14,600036,14:35:29,37.8500,16,1
2026-05-14,600036,14:35:32,37.8500,1399,1
2026-05-14,600036,14:35:35,37.8600,9,2
2026-05-14,600036,14:35:38,37.8600,24,2
2026-05-14,600036,14:35:41,37.8700,20,1
2026-05-14,600036,14:35:44,37.8600,16,2
2026-05-14,600036,14:35:47,37.8600,47,1
2026-05-14,600036,14:35:50,37.8600,43,1
2026-05-14,600036,14:35:53,37.8500,769,2
2026-05-14,600036,14:35:56,37.8400,136,2
2026-05-14,600036,14:35:59,37.8400,160,2
2026-05-14,600036,14:36:02,37.8500,30,1
2026-05-14,600036,14:36:05,37.8400,80,2
2026-05-14,600036,14:36:08,37.8500,95,1
2026-05-14,600036,14:36:11,37.8500,42,1
2026-05-14,600036,14:36:14,37.8500,21,2
2026-05-14,600036,14:36:17,37.8500,2,2
2026-05-14,600036,14:36:20,37.8600,7,1
2026-05-14,600036,14:36:23,37.8500,151,2
2026-05-14,600036,14:36:26,37.8600,23,1
2026-05-14,600036,14:36:29,37.8500,38,2
2026-05-14,600036,14:36:32,37.8600,460,1
2026-05-14,600036,14:36:35,37.8500,125,2
2026-05-14,600036,14:36:38,37.8500,161,1
2026-05-14,600036,14:36:41,37.8400,358,2
2026-05-14,600036,14:36:44,37.8400,2908,2
2026-05-14,600036,14:36:47,37.8400,153,1
2026-05-14,600036,14:36:50,37.8400,62,1
2026-05-14,600036,14:36:53,37.8300,1493,2
2026-05-14,600036,14:36:56,37.8300,6,1
2026-05-14,600036,14:36:59,37.8300,123,1
2026-05-14,600036,14:37:02,37.8300,48,1
2026-05-14,600036,14:37:05,37.8300,186,1
2026-05-14,600036,14:37:08,37.8300,69,1
2026-05-14,600036,14:37:11,37.8300,86,1
2026-05-14,600036,14:37:14,37.8300,9,1
2026-05-14,600036,14:37:17,37.8400,45,1
2026-05-14,600036,14:37:20,37.8600,53,1
2026-05-14,600036,14:37:23,37.8500,25,4
2026-05-14,600036,14:37:26,37.8400,91,2
2026-05-14,600036,14:37:29,37.8400,98,2
2026-05-14,600036,14:37:32,37.8300,590,2
2026-05-14,600036,14:37:35,37.8300,75,1
2026-05-14,600036,14:37:38,37.8300,42,1
2026-05-14,600036,14:37:41,37.8300,463,1
2026-05-14,600036,14:37:44,37.8200,1142,2
2026-05-14,600036,14:37:47,37.8300,43,2
2026-05-14,600036,14:37:50,37.8400,16,1
2026-05-14,600036,14:37:53,37.8300,124,2
2026-05-14,600036,14:37:56,37.8300,99,1
2026-05-14,600036,14:37:59,37.8300,26,1
2026-05-14,600036,14:38:02,37.8300,135,1
2026-05-14,600036,14:38:05,37.8300,2781,1
2026-05-14,600036,14:38:08,37.8400,114,1
2026-05-14,600036,14:38:11,37.8500,166,1
2026-05-14,600036,14:38:14,37.8300,3063,2
2026-05-14,600036,14:38:17,37.8400,38,1
2026-05-14,600036,14:38:20,37.8400,24,2
2026-05-14,600036,14:38:23,37.8400,4,1
2026-05-14,600036,14:38:26,37.8400,16,2
2026-05-14,600036,14:38:29,37.8400,31,2
2026-05-14,600036,14:38:32,37.8500,13,1
2026-05-14,600036,14:38:35,37.8400,169,2
2026-05-14,600036,14:38:38,37.8400,56,1
2026-05-14,600036,14:38:41,37.8400,40,1
2026-05-14,600036,14:38:44,37.8300,906,2
2026-05-14,600036,14:38:47,37.8300,498,1
2026-05-14,600036,14:38:50,37.8300,22,1
2026-05-14,600036,14:38:53,37.8300,149,1
2026-05-14,600036,14:38:56,37.8300,31,1
2026-05-14,600036,14:38:59,37.8300,22,1
2026-05-14,600036,14:39:02,37.8400,78,1
2026-05-14,600036,14:39:05,37.8300,7,2
2026-05-14,600036,14:39:08,37.8400,1,1
2026-05-14,600036,14:39:11,37.8500,56,1
2026-05-14,600036,14:39:14,37.8300,810,2
2026-05-14,600036,14:39:17,37.8300,263,1
2026-05-14,600036,14:39:20,37.8300,179,1
2026-05-14,600036,14:39:23,37.8300,217,1
2026-05-14,600036,14:39:26,37.8300,946,1
2026-05-14,600036,14:39:29,37.8300,4,2
2026-05-14,600036,14:39:32,37.8400,11,1
2026-05-14,600036,14:39:35,37.8400,47,2
2026-05-14,600036,14:39:38,37.8400,8,1
2026-05-14,600036,14:39:41,37.8500,56,1
2026-05-14,600036,14:39:44,37.8400,123,2
2026-05-14,600036,14:39:47,37.8400,77,1
2026-05-14,600036,14:39:50,37.8400,37,1
2026-05-14,600036,14:39:53,37.8400,14,1
2026-05-14,600036,14:39:56,37.8400,33,1
2026-05-14,600036,14:39:59,37.8300,107,2
2026-05-14,600036,14:40:02,37.8500,18,1
2026-05-14,600036,14:40:05,37.8400,435,2
2026-05-14,600036,14:40:08,37.8400,66,1
2026-05-14,600036,14:40:11,37.8300,34,2
2026-05-14,600036,14:40:14,37.8300,712,2
2026-05-14,600036,14:40:17,37.8300,181,1
2026-05-14,600036,14:40:20,37.8300,1173,1
2026-05-14,600036,14:40:23,37.8300,625,1
2026-05-14,600036,14:40:26,37.8300,35,2
2026-05-14,600036,14:40:29,37.8400,44,1
2026-05-14,600036,14:40:32,37.8500,23,1
2026-05-14,600036,14:40:35,37.8500,5,1
2026-05-14,600036,14:40:38,37.8400,180,2
2026-05-14,600036,14:40:41,37.8400,20,4
2026-05-14,600036,14:40:44,37.8500,61,1
2026-05-14,600036,14:40:47,37.8400,35,2
2026-05-14,600036,14:40:50,37.8500,62,1
2026-05-14,600036,14:40:53,37.8400,44,2
2026-05-14,600036,14:40:56,37.8400,101,1
2026-05-14,600036,14:40:59,37.8400,41,1
2026-05-14,600036,14:41:02,37.8400,2,2
2026-05-14,600036,14:41:05,37.8400,88,2
2026-05-14,600036,14:41:08,37.8400,386,2
2026-05-14,600036,14:41:11,37.8400,40,1
2026-05-14,600036,14:41:14,37.8300,10,2
2026-05-14,600036,14:41:17,37.8400,52,1
2026-05-14,600036,14:41:20,37.8400,23,2
2026-05-14,600036,14:41:23,37.8400,12,2
2026-05-14,600036,14:41:26,37.8400,8,2
2026-05-14,600036,14:41:29,37.8500,13,1
2026-05-14,600036,14:41:32,37.8500,44,1
2026-05-14,600036,14:41:35,37.8500,18,1
2026-05-14,600036,14:41:38,37.8500,55,1
2026-05-14,600036,14:41:41,37.8500,8,1
2026-05-14,600036,14:41:44,37.8500,18,1
2026-05-14,600036,14:41:47,37.8500,45,1
2026-05-14,600036,14:41:50,37.8400,22,2
2026-05-14,600036,14:41:53,37.8500,98,1
2026-05-14,600036,14:41:56,37.8500,12,1
2026-05-14,600036,14:41:59,37.8500,112,1
2026-05-14,600036,14:42:02,37.8500,194,2
2026-05-14,600036,14:42:05,37.8500,50,1
2026-05-14,600036,14:42:08,37.8500,43,2
2026-05-14,600036,14:42:11,37.8500,26,1
2026-05-14,600036,14:42:14,37.8400,621,2
2026-05-14,600036,14:42:17,37.8400,157,2
2026-05-14,600036,14:42:20,37.8400,96,2
2026-05-14,600036,14:42:23,37.8500,93,1
2026-05-14,600036,14:42:26,37.8500,125,1
2026-05-14,600036,14:42:29,37.8400,36,1
2026-05-14,600036,14:42:32,37.8400,25,1
2026-05-14,600036,14:42:35,37.8400,338,1
2026-05-14,600036,14:42:38,37.8400,22,2
2026-05-14,600036,14:42:41,37.8400,83,2
2026-05-14,600036,14:42:44,37.8400,81,1
2026-05-14,600036,14:42:47,37.8500,62,1
2026-05-14,600036,14:42:50,37.8400,6,2
2026-05-14,600036,14:42:53,37.8500,5,1
2026-05-14,600036,14:42:56,37.8400,54,2
2026-05-14,600036,14:42:59,37.8500,48,1
2026-05-14,600036,14:43:02,37.8400,92,2
2026-05-14,600036,14:43:05,37.8400,105,2
2026-05-14,600036,14:43:08,37.8500,56,1
2026-05-14,600036,14:43:11,37.8500,47,1
2026-05-14,600036,14:43:14,37.8500,28,1
2026-05-14,600036,14:43:17,37.8500,49,1
2026-05-14,600036,14:43:20,37.8400,143,2
2026-05-14,600036,14:43:23,37.8500,26,1
2026-05-14,600036,14:43:26,37.8500,90,1
2026-05-14,600036,14:43:29,37.8400,97,2
2026-05-14,600036,14:43:32,37.8400,62,2
2026-05-14,600036,14:43:35,37.8400,93,2
2026-05-14,600036,14:43:38,37.8500,106,1
2026-05-14,600036,14:43:41,37.8500,63,1
2026-05-14,600036,14:43:44,37.8400,13,2
2026-05-14,600036,14:43:47,37.8500,563,1
2026-05-14,600036,14:43:50,37.8400,146,2
2026-05-14,600036,14:43:53,37.8500,12,1
2026-05-14,600036,14:43:56,37.8400,1067,2
2026-05-14,600036,14:43:59,37.8400,233,1
2026-05-14,600036,14:44:02,37.8300,130,2
2026-05-14,600036,14:44:05,37.8400,2128,1
2026-05-14,600036,14:44:08,37.8400,30,2
2026-05-14,600036,14:44:11,37.8500,24,1
2026-05-14,600036,14:44:14,37.8400,279,2
2026-05-14,600036,14:44:17,37.8400,26,1
2026-05-14,600036,14:44:20,37.8300,121,2
2026-05-14,600036,14:44:23,37.8300,153,2
2026-05-14,600036,14:44:26,37.8400,42,1
2026-05-14,600036,14:44:29,37.8400,81,1
2026-05-14,600036,14:44:32,37.8300,29,2
2026-05-14,600036,14:44:35,37.8400,688,1
2026-05-14,600036,14:44:38,37.8500,27,1
2026-05-14,600036,14:44:41,37.8400,20,2
2026-05-14,600036,14:44:44,37.8400,156,2
2026-05-14,600036,14:44:47,37.8300,46,2
2026-05-14,600036,14:44:50,37.8400,10,1
2026-05-14,600036,14:44:53,37.8400,8,1
2026-05-14,600036,14:44:56,37.8400,127,1
2026-05-14,600036,14:44:59,37.8400,385,1
2026-05-14,600036,14:45:02,37.8400,287,4
2026-05-14,600036,14:45:05,37.8500,158,1
2026-05-14,600036,14:45:08,37.8400,930,2
2026-05-14,600036,14:45:11,37.8400,65,1
2026-05-14,600036,14:45:14,37.8400,89,1
2026-05-14,600036,14:45:17,37.8300,32,2
2026-05-14,600036,14:45:20,37.8400,147,1
2026-05-14,600036,14:45:23,37.8400,44,1
2026-05-14,600036,14:45:26,37.8400,29,2
2026-05-14,600036,14:45:29,37.8500,28,1
2026-05-14,600036,14:45:32,37.8400,149,2
2026-05-14,600036,14:45:35,37.8500,35,1
2026-05-14,600036,14:45:38,37.8400,17,2
2026-05-14,600036,14:45:41,37.8400,305,2
2026-05-14,600036,14:45:44,37.8400,1328,2
2026-05-14,600036,14:45:47,37.8400,521,1
2026-05-14,600036,14:45:50,37.8500,174,1
2026-05-14,600036,14:45:53,37.8600,861,1
2026-05-14,600036,14:45:56,37.8600,15,1
2026-05-14,600036,14:45:59,37.8600,168,1
2026-05-14,600036,14:46:02,37.8600,2,1
2026-05-14,600036,14:46:05,37.8500,146,2
2026-05-14,600036,14:46:08,37.8500,42,1
2026-05-14,600036,14:46:11,37.8500,43,1
2026-05-14,600036,14:46:14,37.8400,645,2
2026-05-14,600036,14:46:17,37.8400,111,1
2026-05-14,600036,14:46:20,37.8400,21,1
2026-05-14,600036,14:46:23,37.8300,206,2
2026-05-14,600036,14:46:26,37.8400,32,1
2026-05-14,600036,14:46:29,37.8400,196,1
2026-05-14,600036,14:46:32,37.8500,630,1
2026-05-14,600036,14:46:35,37.8400,43,2
2026-05-14,600036,14:46:38,37.8400,11,2
2026-05-14,600036,14:46:41,37.8400,38,2
2026-05-14,600036,14:46:44,37.8400,203,2
2026-05-14,600036,14:46:47,37.8500,457,1
2026-05-14,600036,14:46:50,37.8400,8,2
2026-05-14,600036,14:46:53,37.8500,10,1
2026-05-14,600036,14:46:56,37.8500,26,1
2026-05-14,600036,14:46:59,37.8700,321,1
2026-05-14,600036,14:47:02,37.8700,135,1
2026-05-14,600036,14:47:05,37.8500,1761,2
2026-05-14,600036,14:47:08,37.8700,84,1
2026-05-14,600036,14:47:11,37.8600,106,2
2026-05-14,600036,14:47:14,37.8700,17,1
2026-05-14,600036,14:47:17,37.8600,199,2
2026-05-14,600036,14:47:20,37.8500,205,2
2026-05-14,600036,14:47:23,37.8500,70,1
2026-05-14,600036,14:47:26,37.8600,7,1
2026-05-14,600036,14:47:29,37.8600,61,1
2026-05-14,600036,14:47:32,37.8600,45,1
2026-05-14,600036,14:47:35,37.8700,58,1
2026-05-14,600036,14:47:38,37.8700,69,1
2026-05-14,600036,14:47:41,37.8600,58,2
2026-05-14,600036,14:47:44,37.8600,18,1
2026-05-14,600036,14:47:47,37.8600,67,1
2026-05-14,600036,14:47:50,37.8600,33,1
2026-05-14,600036,14:47:53,37.8600,297,2
2026-05-14,600036,14:47:56,37.8700,62,1
2026-05-14,600036,14:47:59,37.8700,207,1
2026-05-14,600036,14:48:02,37.8700,141,2
2026-05-14,600036,14:48:05,37.8700,389,2
2026-05-14,600036,14:48:08,37.8700,263,2
2026-05-14,600036,14:48:11,37.8700,491,2
2026-05-14,600036,14:48:14,37.8800,50,1
2026-05-14,600036,14:48:17,37.8600,124,2
2026-05-14,600036,14:48:20,37.8600,80,1
2026-05-14,600036,14:48:23,37.8600,94,1
2026-05-14,600036,14:48:26,37.8600,52,1
2026-05-14,600036,14:48:29,37.8600,84,1
2026-05-14,600036,14:48:32,37.8600,81,1
2026-05-14,600036,14:48:35,37.8600,102,2
2026-05-14,600036,14:48:38,37.8600,299,1
2026-05-14,600036,14:48:41,37.8500,7,2
2026-05-14,600036,14:48:44,37.8600,127,1
2026-05-14,600036,14:48:47,37.8500,97,2
2026-05-14,600036,14:48:50,37.8700,109,1
2026-05-14,600036,14:48:53,37.8600,22,1
2026-05-14,600036,14:48:56,37.8700,8,1
2026-05-14,600036,14:48:59,37.8600,84,2
2026-05-14,600036,14:49:02,37.8500,88,2
2026-05-14,600036,14:49:05,37.8700,59,1
2026-05-14,600036,14:49:08,37.8600,33,4
2026-05-14,600036,14:49:11,37.8700,66,1
2026-05-14,600036,14:49:14,37.8600,248,2
2026-05-14,600036,14:49:17,37.8600,525,1
2026-05-14,600036,14:49:20,37.8600,175,1
2026-05-14,600036,14:49:23,37.8500,265,2
2026-05-14,600036,14:49:26,37.8500,211,2
2026-05-14,600036,14:49:29,37.8600,106,1
2026-05-14,600036,14:49:32,37.8600,92,2
2026-05-14,600036,14:49:35,37.8500,1098,2
2026-05-14,600036,14:49:38,37.8500,74,1
2026-05-14,600036,14:49:41,37.8500,483,1
2026-05-14,600036,14:49:44,37.8500,441,1
2026-05-14,600036,14:49:47,37.8500,329,2
2026-05-14,600036,14:49:50,37.8500,22,2
2026-05-14,600036,14:49:53,37.8500,332,2
2026-05-14,600036,14:49:56,37.8500,141,1
2026-05-14,600036,14:49:59,37.8600,76,1
2026-05-14,600036,14:50:02,37.8600,255,1
2026-05-14,600036,14:50:05,37.8600,255,2
2026-05-14,600036,14:50:08,37.8700,235,1
2026-05-14,600036,14:50:11,37.8600,317,2
2026-05-14,600036,14:50:14,37.8600,221,2
2026-05-14,600036,14:50:17,37.8600,405,2
2026-05-14,600036,14:50:20,37.8600,63,1
2026-05-14,600036,14:50:23,37.8600,152,1
2026-05-14,600036,14:50:26,37.8600,335,1
2026-05-14,600036,14:50:29,37.8600,112,1
2026-05-14,600036,14:50:32,37.8600,90,1
2026-05-14,600036,14:50:35,37.8500,122,2
2026-05-14,600036,14:50:38,37.8600,175,1
2026-05-14,600036,14:50:41,37.8600,99,2
2026-05-14,600036,14:50:44,37.8600,490,2
2026-05-14,600036,14:50:47,37.8500,610,2
2026-05-14,600036,14:50:50,37.8500,21,2
2026-05-14,600036,14:50:53,37.8600,170,1
2026-05-14,600036,14:50:56,37.8600,128,1
2026-05-14,600036,14:50:59,37.8500,86,2
2026-05-14,600036,14:51:02,37.8500,1442,2
2026-05-14,600036,14:51:05,37.8500,370,2
2026-05-14,600036,14:51:08,37.8500,410,2
2026-05-14,600036,14:51:11,37.8500,31,2
2026-05-14,600036,14:51:14,37.8500,64,2
2026-05-14,600036,14:51:17,37.8500,2074,1
2026-05-14,600036,14:51:20,37.8400,105,2
2026-05-14,600036,14:51:23,37.8500,7,2
2026-05-14,600036,14:51:26,37.8500,62,2
2026-05-14,600036,14:51:29,37.8500,53,1
2026-05-14,600036,14:51:32,37.8600,71,1
2026-05-14,600036,14:51:35,37.8600,87,2
2026-05-14,600036,14:51:38,37.8400,271,2
2026-05-14,600036,14:51:41,37.8500,8,1
2026-05-14,600036,14:51:44,37.8500,113,2
2026-05-14,600036,14:51:47,37.8400,74,2
2026-05-14,600036,14:51:50,37.8500,11,1
2026-05-14,600036,14:51:53,37.8500,57,1
2026-05-14,600036,14:51:56,37.8500,2020,2
2026-05-14,600036,14:51:59,37.8500,55,1
2026-05-14,600036,14:52:02,37.8300,1499,2
2026-05-14,600036,14:52:05,37.8400,259,1
2026-05-14,600036,14:52:08,37.8400,388,1
2026-05-14,600036,14:52:11,37.8400,86,2
2026-05-14,600036,14:52:14,37.8400,26,2
2026-05-14,600036,14:52:17,37.8400,14,2
2026-05-14,600036,14:52:20,37.8400,181,2
2026-05-14,600036,14:52:23,37.8500,52,1
2026-05-14,600036,14:52:26,37.8300,27,2
2026-05-14,600036,14:52:29,37.8400,19,2
2026-05-14,600036,14:52:32,37.8400,38,1
2026-05-14,600036,14:52:35,37.8500,465,1
2026-05-14,600036,14:52:38,37.8400,9,4
2026-05-14,600036,14:52:41,37.8400,59,1
2026-05-14,600036,14:52:44,37.8300,1235,2
2026-05-14,600036,14:52:47,37.8300,32,2
2026-05-14,600036,14:52:50,37.8300,124,2
2026-05-14,600036,14:52:53,37.8300,101,2
2026-05-14,600036,14:52:56,37.8200,1319,2
2026-05-14,600036,14:52:59,37.8200,40,2
2026-05-14,600036,14:53:02,37.8300,667,1
2026-05-14,600036,14:53:05,37.8200,95,2
2026-05-14,600036,14:53:08,37.8200,45,2
2026-05-14,600036,14:53:11,37.8200,71,2
2026-05-14,600036,14:53:14,37.8300,112,1
2026-05-14,600036,14:53:17,37.8200,1525,2
2026-05-14,600036,14:53:20,37.8200,221,1
2026-05-14,600036,14:53:23,37.8200,155,2
2026-05-14,600036,14:53:26,37.8300,89,1
2026-05-14,600036,14:53:29,37.8200,61,2
2026-05-14,600036,14:53:32,37.8300,34,1
2026-05-14,600036,14:53:35,37.8300,1163,1
2026-05-14,600036,14:53:38,37.8300,6,1
2026-05-14,600036,14:53:41,37.8300,122,1
2026-05-14,600036,14:53:44,37.8300,46,2
2026-05-14,600036,14:53:47,37.8400,63,1
2026-05-14,600036,14:53:50,37.8400,47,1
2026-05-14,600036,14:53:53,37.8300,322,2
2026-05-14,600036,14:53:56,37.8300,77,2
2026-05-14,600036,14:53:59,37.8300,65,2
2026-05-14,600036,14:54:02,37.8400,68,1
2026-05-14,600036,14:54:05,37.8300,58,2
2026-05-14,600036,14:54:08,37.8300,165,2
2026-05-14,600036,14:54:11,37.8400,335,1
2026-05-14,600036,14:54:14,37.8300,277,2
2026-05-14,600036,14:54:17,37.8400,137,1
2026-05-14,600036,14:54:20,37.8400,942,4
2026-05-14,600036,14:54:23,37.8400,196,2
2026-05-14,600036,14:54:26,37.8300,166,2
2026-05-14,600036,14:54:29,37.8200,485,2
2026-05-14,600036,14:54:32,37.8300,230,1
2026-05-14,600036,14:54:35,37.8200,291,2
2026-05-14,600036,14:54:38,37.8300,196,1
2026-05-14,600036,14:54:41,37.8200,357,2
2026-05-14,600036,14:54:44,37.8300,383,1
2026-05-14,600036,14:54:47,37.8100,211,2
2026-05-14,600036,14:54:50,37.8100,64,2
2026-05-14,600036,14:54:53,37.8200,295,1
2026-05-14,600036,14:54:56,37.8100,248,2
2026-05-14,600036,14:54:59,37.8300,37,1
2026-05-14,600036,14:55:02,37.8300,303,1
2026-05-14,600036,14:55:05,37.8200,285,4
2026-05-14,600036,14:55:08,37.8400,275,1
2026-05-14,600036,14:55:11,37.8300,197,2
2026-05-14,600036,14:55:14,37.8300,53,2
2026-05-14,600036,14:55:17,37.8400,416,1
2026-05-14,600036,14:55:20,37.8200,869,2
2026-05-14,600036,14:55:23,37.8200,61,2
2026-05-14,600036,14:55:26,37.8300,107,1
2026-05-14,600036,14:55:29,37.8300,444,2
2026-05-14,600036,14:55:32,37.8400,34,1
2026-05-14,600036,14:55:35,37.8300,300,2
2026-05-14,600036,14:55:38,37.8300,781,2
2026-05-14,600036,14:55:41,37.8400,155,1
2026-05-14,600036,14:55:44,37.8300,195,2
2026-05-14,600036,14:55:47,37.8400,38,1
2026-05-14,600036,14:55:50,37.8400,94,1
2026-05-14,600036,14:55:53,37.8400,43,1
2026-05-14,600036,14:55:56,37.8400,127,1
2026-05-14,600036,14:55:59,37.8400,24,1
2026-05-14,600036,14:56:02,37.8400,136,1
2026-05-14,600036,14:56:05,37.8300,77,2
2026-05-14,600036,14:56:08,37.8200,341,2
2026-05-14,600036,14:56:11,37.8300,147,1
2026-05-14,600036,14:56:14,37.8300,218,1
2026-05-14,600036,14:56:17,37.8300,184,2
2026-05-14,600036,14:56:20,37.8300,306,1
2026-05-14,600036,14:56:23,37.8300,127,1
2026-05-14,600036,14:56:26,37.8200,430,2
2026-05-14,600036,14:56:29,37.8400,297,1
2026-05-14,600036,14:56:32,37.8300,612,4
2026-05-14,600036,14:56:35,37.8200,1197,2
2026-05-14,600036,14:56:38,37.8300,279,1
2026-05-14,600036,14:56:41,37.8200,289,2
2026-05-14,600036,14:56:44,37.8200,183,2
2026-05-14,600036,14:56:47,37.8500,196,1
2026-05-14,600036,14:56:50,37.8300,85,2
2026-05-14,600036,14:56:53,37.8600,171,1
2026-05-14,600036,14:56:56,37.8400,90,1
2026-05-14,600036,14:56:59,37.8200,462,2
2026-05-14,600036,14:57:02,37.8300,28,1
2026-05-14,600036,15:00:02,37.8100,10746,4
2026-05-14,600036,13:15:17,37.9100,26,1
2026-05-14,600036,13:15:20,37.9000,102,2
2026-05-14,600036,13:15:23,37.9000,60,2
2026-05-14,600036,13:15:26,37.9000,72,2
2026-05-14,600036,13:15:29,37.9000,19,1
2026-05-14,600036,13:15:32,37.9000,220,1
2026-05-14,600036,13:15:35,37.9000,15,1
2026-05-14,600036,13:15:38,37.9000,18,1
2026-05-14,600036,13:15:41,37.9000,58,1
2026-05-14,600036,13:15:44,37.9000,7,1
2026-05-14,600036,13:15:47,37.8900,190,2
2026-05-14,600036,13:15:50,37.9000,79,1
2026-05-14,600036,13:15:53,37.9000,22,1
2026-05-14,600036,13:15:59,37.8900,21,2
2026-05-14,600036,13:16:02,37.9000,62,1
2026-05-14,600036,13:16:05,37.8900,172,2
2026-05-14,600036,13:16:08,37.9000,21,1
2026-05-14,600036,13:16:11,37.9000,6,1
2026-05-14,600036,13:16:14,37.9000,5,1
2026-05-14,600036,13:16:17,37.9000,22,1
2026-05-14,600036,13:16:20,37.9000,246,1
2026-05-14,600036,13:16:23,37.9000,44,1
2026-05-14,600036,13:16:26,37.9000,77,2
2026-05-14,600036,13:16:29,37.9000,18,1
2026-05-14,600036,13:16:32,37.8900,141,2
2026-05-14,600036,13:16:35,37.8900,168,2
2026-05-14,600036,13:16:38,37.9000,35,1
2026-05-14,600036,13:16:41,37.9000,134,1
2026-05-14,600036,13:16:44,37.9100,226,1
2026-05-14,600036,13:16:47,37.9100,16,1
2026-05-14,600036,13:16:50,37.9000,95,2
2026-05-14,600036,13:16:53,37.9100,27,1
2026-05-14,600036,13:16:56,37.9100,79,1
2026-05-14,600036,13:16:59,37.9100,19,1
2026-05-14,600036,13:17:02,37.9100,57,1
2026-05-14,600036,13:17:05,37.9100,13,1
2026-05-14,600036,13:17:08,37.9100,37,1
2026-05-14,600036,13:17:11,37.9100,15,1
2026-05-14,600036,13:17:14,37.9100,133,1
2026-05-14,600036,13:17:17,37.9100,119,1
2026-05-14,600036,13:17:20,37.9000,6,2
2026-05-14,600036,13:17:23,37.9100,134,1
2026-05-14,600036,13:17:26,37.9000,3,2
2026-05-14,600036,13:17:29,37.9100,175,1
2026-05-14,600036,13:17:32,37.9100,32,1
2026-05-14,600036,13:17:38,37.9100,29,1
2026-05-14,600036,13:17:41,37.9200,49,1
2026-05-14,600036,13:17:44,37.9100,33,2
2026-05-14,600036,13:17:47,37.9100,119,1
2026-05-14,600036,13:17:50,37.9100,47,2
2026-05-14,600036,13:17:53,37.9100,10,2
2026-05-14,600036,13:17:56,37.9200,4,1
2026-05-14,600036,13:17:59,37.9200,27,1
2026-05-14,600036,13:18:02,37.9200,68,1
2026-05-14,600036,13:18:05,37.9100,106,2
2026-05-14,600036,13:18:08,37.9100,59,2
2026-05-14,600036,13:18:11,37.9200,13,1
2026-05-14,600036,13:18:17,37.9200,231,1
2026-05-14,600036,13:18:20,37.9200,16,1
2026-05-14,600036,13:18:23,37.9100,79,2
2026-05-14,600036,13:18:26,37.9200,4,1
2026-05-14,600036,13:18:29,37.9200,23,1
2026-05-14,600036,13:18:32,37.9200,25,1
2026-05-14,600036,13:18:35,37.9100,85,2
2026-05-14,600036,13:18:38,37.9200,118,1
2026-05-14,600036,13:18:41,37.9200,93,2
2026-05-14,600036,13:18:44,37.9300,77,1
2026-05-14,600036,13:18:47,37.9200,10,2
2026-05-14,600036,13:18:50,37.9200,11,2
2026-05-14,600036,13:18:53,37.9300,1,1
2026-05-14,600036,13:18:56,37.9300,5,1
2026-05-14,600036,13:18:59,37.9200,2050,2
2026-05-14,600036,13:19:02,37.9300,130,1
2026-05-14,600036,13:19:05,37.9500,86,1
2026-05-14,600036,13:19:08,37.9300,17,2
2026-05-14,600036,13:19:11,37.9500,66,1
2026-05-14,600036,13:19:14,37.9400,13,4
2026-05-14,600036,13:19:17,37.9400,4,4
2026-05-14,600036,13:19:20,37.9400,4,2
2026-05-14,600036,13:19:23,37.9500,82,1
2026-05-14,600036,13:19:26,37.9500,19,1
2026-05-14,600036,13:19:29,37.9500,1,1
2026-05-14,600036,13:19:32,37.9400,83,2
2026-05-14,600036,13:19:35,37.9400,107,2
2026-05-14,600036,13:19:38,37.9400,11,1
2026-05-14,600036,13:19:41,37.9400,54,1
2026-05-14,600036,13:19:44,37.9400,18,1
2026-05-14,600036,13:19:47,37.9400,21,1
2026-05-14,600036,13:19:50,37.9200,232,2
2026-05-14,600036,13:19:53,37.9200,77,2
2026-05-14,600036,13:19:56,37.9300,49,1
2026-05-14,600036,13:19:59,37.9200,27,2
2026-05-14,600036,13:20:02,37.9200,61,1
2026-05-14,600036,13:20:05,37.9100,16,2
2026-05-14,600036,13:20:08,37.9200,66,1
2026-05-14,600036,13:20:11,37.9100,47,2
2026-05-14,600036,13:20:14,37.9100,49,2
2026-05-14,600036,13:20:17,37.9200,62,1
2026-05-14,600036,13:20:20,37.9100,34,2
2026-05-14,600036,13:20:23,37.9200,55,1
2026-05-14,600036,13:20:26,37.9300,19,1
2026-05-14,600036,13:20:29,37.9300,12,1
2026-05-14,600036,13:20:32,37.9200,18,2
2026-05-14,600036,13:20:35,37.9300,5,1
2026-05-14,600036,13:20:38,37.9300,14,1
2026-05-14,600036,13:20:41,37.9300,75,1
2026-05-14,600036,13:20:44,37.9300,61,1
2026-05-14,600036,13:20:47,37.9200,58,2
2026-05-14,600036,13:20:50,37.9300,8,1
2026-05-14,600036,13:20:53,37.9300,3,1
2026-05-14,600036,13:20:56,37.9200,33,2
2026-05-14,600036,13:20:59,37.9200,33,2
2026-05-14,600036,13:21:02,37.9200,121,2
2026-05-14,600036,13:21:05,37.9200,70,2
2026-05-14,600036,13:21:08,37.9200,10,1
2026-05-14,600036,13:21:11,37.9200,2,1
2026-05-14,600036,13:21:14,37.9200,16,1
2026-05-14,600036,13:21:17,37.9100,140,2
2026-05-14,600036,13:21:20,37.9200,91,1
2026-05-14,600036,13:21:23,37.9200,54,1
2026-05-14,600036,13:21:26,37.9100,31,2
2026-05-14,600036,13:21:29,37.9100,125,2
2026-05-14,600036,13:21:32,37.9100,28,2
2026-05-14,600036,13:21:35,37.9100,83,2
2026-05-14,600036,13:21:38,37.9100,295,2
2026-05-14,600036,13:21:41,37.9100,67,1
2026-05-14,600036,13:21:44,37.9100,327,1
2026-05-14,600036,13:21:47,37.9000,633,2
2026-05-14,600036,13:21:50,37.9000,163,2
2026-05-14,600036,13:21:53,37.9000,106,1
2026-05-14,600036,13:21:56,37.9000,152,2
2026-05-14,600036,13:21:59,37.8900,41,2
2026-05-14,600036,13:22:02,37.8900,309,2
2026-05-14,600036,13:22:05,37.9100,298,1
2026-05-14,600036,13:22:08,37.9000,11,1
2026-05-14,600036,13:22:11,37.9000,70,2
2026-05-14,600036,13:22:14,37.9000,5,1
2026-05-14,600036,13:22:17,37.9100,105,1
2026-05-14,600036,13:22:20,37.9000,17,1
2026-05-14,600036,13:22:23,37.9000,188,1
2026-05-14,600036,13:22:26,37.9000,2,2
2026-05-14,600036,13:22:29,37.8900,58,2
2026-05-14,600036,13:22:32,37.9100,7,1
2026-05-14,600036,13:22:35,37.9000,28,2
2026-05-14,600036,13:22:38,37.9100,29,1
2026-05-14,600036,13:22:41,37.9100,50,1
2026-05-14,600036,13:22:44,37.9100,3,1
2026-05-14,600036,13:22:47,37.9100,13,1
2026-05-14,600036,13:22:50,37.9100,4,1
2026-05-14,600036,13:22:53,37.9100,5,1
2026-05-14,600036,13:22:56,37.9100,32,1
2026-05-14,600036,13:22:59,37.9100,37,1
2026-05-14,600036,13:23:02,37.9000,288,2
2026-05-14,600036,13:23:05,37.9100,13,1
2026-05-14,600036,13:23:08,37.9000,76,2
2026-05-14,600036,13:23:11,37.9000,146,2
2026-05-14,600036,13:23:14,37.9000,26,2
2026-05-14,600036,13:23:17,37.9000,65,1
2026-05-14,600036,13:23:20,37.9000,5,1
2026-05-14,600036,13:23:23,37.9000,61,1
2026-05-14,600036,13:23:26,37.9000,425,1
2026-05-14,600036,13:23:29,37.9000,33,2
2026-05-14,600036,13:23:32,37.9000,26,1
2026-05-14,600036,13:23:35,37.9000,30,1
2026-05-14,600036,13:23:38,37.9000,11,1
2026-05-14,600036,13:23:41,37.8900,239,2
2026-05-14,600036,13:23:44,37.9000,45,1
2026-05-14,600036,13:23:47,37.9000,160,1
2026-05-14,600036,13:23:50,37.8900,114,2
2026-05-14,600036,13:23:53,37.9000,56,1
2026-05-14,600036,13:23:56,37.9000,175,1
2026-05-14,600036,13:23:59,37.8900,231,2
2026-05-14,600036,13:24:02,37.8900,286,2
2026-05-14,600036,13:24:05,37.8800,165,2
2026-05-14,600036,13:24:08,37.9000,137,1
2026-05-14,600036,13:24:11,37.9000,224,1
2026-05-14,600036,13:24:14,37.8900,674,1
2026-05-14,600036,13:24:17,37.8900,315,2
2026-05-14,600036,13:24:20,37.8800,39,2
2026-05-14,600036,13:24:23,37.8900,247,1
2026-05-14,600036,13:24:26,37.9000,20,1
2026-05-14,600036,13:24:29,37.8900,15,2
2026-05-14,600036,13:24:35,37.8900,66,2
2026-05-14,600036,13:24:38,37.9000,52,1
2026-05-14,600036,13:24:41,37.9000,45,1
2026-05-14,600036,13:24:44,37.9000,16,1
2026-05-14,600036,13:24:47,37.9000,53,1
2026-05-14,600036,13:24:50,37.9000,25,1
2026-05-14,600036,13:24:53,37.9000,88,1
2026-05-14,600036,13:24:56,37.9000,17,1
2026-05-14,600036,13:24:59,37.8900,20,2
2026-05-14,600036,13:25:02,37.8900,57,2
2026-05-14,600036,13:25:05,37.9000,3,1
2026-05-14,600036,13:25:08,37.8900,137,2
2026-05-14,600036,13:25:11,37.8900,14,2
2026-05-14,600036,13:25:14,37.8900,135,2
2026-05-14,600036,13:25:17,37.8900,59,2
2026-05-14,600036,13:25:20,37.8900,193,1
2026-05-14,600036,13:25:23,37.8800,482,2
2026-05-14,600036,13:25:26,37.8800,51,2
2026-05-14,600036,13:25:29,37.8900,482,1
2026-05-14,600036,13:25:32,37.8800,33,2
2026-05-14,600036,13:25:35,37.8800,19,2
2026-05-14,600036,13:25:38,37.8900,232,1
2026-05-14,600036,13:25:41,37.8900,46,1
2026-05-14,600036,13:25:44,37.8800,65,2
2026-05-14,600036,13:25:47,37.8800,46,2
2026-05-14,600036,13:25:50,37.8800,19,2
2026-05-14,600036,13:25:53,37.8800,198,2
2026-05-14,600036,13:25:56,37.8900,36,1
2026-05-14,600036,13:25:59,37.8900,10,1
2026-05-14,600036,13:26:02,37.8800,70,2
2026-05-14,600036,13:26:05,37.8900,14,1
2026-05-14,600036,13:26:08,37.8900,290,1
2026-05-14,600036,13:26:11,37.8800,107,2
2026-05-14,600036,13:26:14,37.8800,1,2
2026-05-14,600036,13:26:17,37.8800,590,2
2026-05-14,600036,13:26:20,37.8800,9,2
2026-05-14,600036,13:26:23,37.8900,69,1
2026-05-14,600036,13:26:26,37.8900,28,1
2026-05-14,600036,13:26:29,37.8900,5,1
2026-05-14,600036,13:26:32,37.8900,237,1
2026-05-14,600036,13:26:35,37.8900,48,1
2026-05-14,600036,13:26:38,37.9000,9,1
2026-05-14,600036,13:26:41,37.8900,105,2
2026-05-14,600036,13:26:44,37.9000,78,1
2026-05-14,600036,13:26:47,37.9000,178,1
2026-05-14,600036,13:26:50,37.8900,132,2
2026-05-14,600036,13:26:53,37.8900,2,2
2026-05-14,600036,13:26:56,37.8900,41,2
2026-05-14,600036,13:26:59,37.8900,55,2
2026-05-14,600036,13:27:02,37.9000,162,1
2026-05-14,600036,13:27:05,37.8900,21,2
2026-05-14,600036,13:27:08,37.8900,41,2
2026-05-14,600036,13:27:11,37.9000,362,1
2026-05-14,600036,13:27:14,37.9000,27,2
2026-05-14,600036,13:27:20,37.9100,89,1
2026-05-14,600036,13:27:23,37.9100,45,1
2026-05-14,600036,13:27:26,37.9100,17,1
2026-05-14,600036,13:27:29,37.9100,9,1
2026-05-14,600036,13:27:32,37.9000,63,2
2026-05-14,600036,13:27:35,37.9000,164,2
2026-05-14,600036,13:27:38,37.9100,9,1
2026-05-14,600036,13:27:41,37.9100,44,1
2026-05-14,600036,13:27:44,37.9100,24,1
2026-05-14,600036,13:27:47,37.9100,51,1
2026-05-14,600036,13:27:50,37.9100,8,1
2026-05-14,600036,13:27:53,37.9100,341,1
2026-05-14,600036,13:27:56,37.9100,13,1
2026-05-14,600036,13:27:59,37.9000,34,2
2026-05-14,600036,13:28:02,37.9100,78,1
2026-05-14,600036,13:28:05,37.9000,11,2
2026-05-14,600036,13:28:08,37.9100,13,1
2026-05-14,600036,13:28:11,37.9100,172,1
2026-05-14,600036,13:28:17,37.9100,116,1
2026-05-14,600036,13:28:20,37.9000,74,2
2026-05-14,600036,13:28:23,37.9100,110,1
2026-05-14,600036,13:28:29,37.9100,38,2
2026-05-14,600036,13:28:32,37.9200,5,1
2026-05-14,600036,13:28:35,37.9100,11,2
2026-05-14,600036,13:28:38,37.9200,27,1
2026-05-14,600036,13:28:41,37.9100,76,2
2026-05-14,600036,13:28:44,37.9200,13,1
2026-05-14,600036,13:28:47,37.9100,63,2
2026-05-14,600036,13:28:50,37.9200,150,1
2026-05-14,600036,13:28:56,37.9200,25,1
2026-05-14,600036,13:28:59,37.9200,28,1
2026-05-14,600036,13:29:02,37.9100,1667,2
2026-05-14,600036,13:29:05,37.9100,23,2
2026-05-14,600036,13:29:08,37.9200,416,4
2026-05-14,600036,13:29:11,37.9200,11,2
2026-05-14,600036,13:29:14,37.9300,82,1
2026-05-14,600036,13:29:17,37.9300,36,1
2026-05-14,600036,13:29:20,37.9300,100,1
2026-05-14,600036,13:29:23,37.9300,139,1
2026-05-14,600036,13:29:26,37.9300,31,2
2026-05-14,600036,13:29:29,37.9300,21,2
2026-05-14,600036,13:29:32,37.9300,10,2
2026-05-14,600036,13:29:35,37.9300,115,2
2026-05-14,600036,13:29:38,37.9400,108,1
2026-05-14,600036,13:29:41,37.9300,146,2
2026-05-14,600036,13:29:44,37.9400,61,1
2026-05-14,600036,13:29:47,37.9300,104,2
2026-05-14,600036,13:29:50,37.9300,89,2
2026-05-14,600036,13:29:53,37.9300,141,2
2026-05-14,600036,13:29:56,37.9300,149,2
2026-05-14,600036,13:29:59,37.9100,186,2
2026-05-14,600036,13:30:02,37.9200,20,4
2026-05-14,600036,13:30:05,37.9300,19,1
2026-05-14,600036,13:30:08,37.9100,655,2
2026-05-14,600036,13:30:11,37.9200,1,4
2026-05-14,600036,13:30:14,37.9200,124,1
2026-05-14,600036,13:30:17,37.9100,66,2
2026-05-14,600036,13:30:23,37.9200,353,1
2026-05-14,600036,13:30:26,37.9100,335,2
2026-05-14,600036,13:30:29,37.9100,41,2
2026-05-14,600036,13:30:32,37.9200,54,1
2026-05-14,600036,13:30:35,37.9100,15,2
2026-05-14,600036,13:30:38,37.9200,5,1
2026-05-14,600036,13:30:41,37.9200,585,1
2026-05-14,600036,13:30:44,37.9100,71,2
2026-05-14,600036,13:30:47,37.9100,103,2
2026-05-14,600036,13:30:50,37.9100,77,2
2026-05-14,600036,13:30:53,37.9100,54,2
2026-05-14,600036,13:30:56,37.9100,272,2
2026-05-14,600036,13:30:59,37.9200,4,1
2026-05-14,600036,13:31:02,37.9100,108,2
2026-05-14,600036,13:31:05,37.9200,20,1
2026-05-14,600036,13:31:08,37.9400,414,1
2026-05-14,600036,13:31:11,37.9400,596,1
2026-05-14,600036,13:31:14,37.9500,28,1
2026-05-14,600036,13:31:17,37.9400,73,2
2026-05-14,600036,13:31:20,37.9500,12,1
2026-05-14,600036,13:31:23,37.9400,850,2
2026-05-14,600036,13:31:26,37.9700,2111,1
2026-05-14,600036,13:31:29,37.9500,23,2
2026-05-14,600036,13:31:32,37.9500,130,2
2026-05-14,600036,13:31:35,37.9500,57,2
2026-05-14,600036,13:31:38,37.9500,25,2
2026-05-14,600036,13:31:41,37.9500,63,1
2026-05-14,600036,13:31:44,37.9400,9,2
2026-05-14,600036,13:31:47,37.9400,153,2
2026-05-14,600036,13:31:50,37.9500,89,1
2026-05-14,600036,13:31:53,37.9500,21,2
2026-05-14,600036,13:31:56,37.9500,153,2
2026-05-14,600036,13:31:59,37.9500,18,1
2026-05-14,600036,13:32:02,37.9400,65,2
2026-05-14,600036,13:32:05,37.9500,107,1
2026-05-14,600036,13:32:08,37.9500,28,1
2026-05-14,600036,13:32:11,37.9500,42,1
2026-05-14,600036,13:32:14,37.9400,31,2
2026-05-14,600036,13:32:17,37.9500,40,1
2026-05-14,600036,13:32:20,37.9500,46,1
2026-05-14,600036,13:32:23,37.9400,210,2
2026-05-14,600036,13:32:26,37.9400,143,2
2026-05-14,600036,13:32:29,37.9500,31,1
2026-05-14,600036,13:32:32,37.9500,82,1
2026-05-14,600036,13:32:35,37.9400,56,2
2026-05-14,600036,13:32:38,37.9500,294,1
2026-05-14,600036,13:32:41,37.9500,41,1
2026-05-14,600036,13:32:44,37.9600,897,1
2026-05-14,600036,13:32:47,37.9700,24,1
2026-05-14,600036,13:32:50,37.9700,33,1
2026-05-14,600036,13:32:53,37.9700,352,1
2026-05-14,600036,13:32:56,37.9700,141,1
2026-05-14,600036,13:32:59,37.9600,20,2
2026-05-14,600036,13:33:02,37.9700,66,1
2026-05-14,600036,13:33:05,37.9700,39,1
2026-05-14,600036,13:33:08,37.9800,1717,1
2026-05-14,600036,13:33:11,37.9700,556,2
2026-05-14,600036,13:33:14,37.9800,70,1
2026-05-14,600036,13:33:17,37.9800,57,1
2026-05-14,600036,13:33:20,37.9800,177,1
2026-05-14,600036,13:33:23,37.9800,47,1
2026-05-14,600036,13:33:26,37.9800,102,1
2026-05-14,600036,13:33:29,37.9800,105,1
2026-05-14,600036,13:33:32,37.9800,101,1
2026-05-14,600036,13:33:35,37.9800,33,1
2026-05-14,600036,13:33:38,37.9800,39,1
2026-05-14,600036,13:33:41,37.9800,56,1
2026-05-14,600036,13:33:44,37.9700,137,2
2026-05-14,600036,13:33:47,37.9700,261,2
2026-05-14,600036,13:33:50,37.9700,360,1
2026-05-14,600036,13:33:53,37.9700,19,1
2026-05-14,600036,13:33:56,37.9700,41,2
2026-05-14,600036,13:33:59,37.9700,45,1
2026-05-14,600036,13:34:02,37.9700,200,1
2026-05-14,600036,13:34:05,37.9700,377,1
2026-05-14,600036,13:34:08,38.0000,4576,1
2026-05-14,600036,13:34:11,38.0100,8024,1
2026-05-14,600036,13:34:14,38.0000,1053,2
2026-05-14,600036,13:34:17,38.0000,179,2
2026-05-14,600036,13:34:20,38.0000,164,1
2026-05-14,600036,13:34:23,37.9900,33,2
2026-05-14,600036,13:34:26,37.9900,136,2
2026-05-14,600036,13:34:29,37.9900,16,2
2026-05-14,600036,13:34:32,37.9900,81,2
2026-05-14,600036,13:34:35,37.9900,88,2
2026-05-14,600036,13:34:38,37.9900,25,1
2026-05-14,600036,13:34:41,37.9900,100,1
2026-05-14,600036,13:34:44,37.9800,175,2
2026-05-14,600036,13:34:47,37.9900,40,1
2026-05-14,600036,13:34:50,37.9900,20,1
2026-05-14,600036,13:34:53,37.9900,16,1
2026-05-14,600036,13:34:56,37.9900,162,1
2026-05-14,600036,13:34:59,37.9900,12,1
2026-05-14,600036,13:35:02,37.9900,459,1
2026-05-14,600036,13:35:05,37.9900,294,2
2026-05-14,600036,13:35:08,37.9900,65,2
2026-05-14,600036,13:35:11,38.0000,63,1
2026-05-14,600036,13:35:14,37.9900,126,1
2026-05-14,600036,13:35:17,38.0000,134,1
2026-05-14,600036,13:35:20,38.0000,108,1
2026-05-14,600036,13:35:23,37.9900,191,1
2026-05-14,600036,13:35:26,37.9900,70,1
2026-05-14,600036,13:35:29,37.9900,58,1
2026-05-14,600036,13:35:32,37.9900,3,1
2026-05-14,600036,13:35:35,37.9900,257,1
2026-05-14,600036,13:35:38,37.9900,133,1
2026-05-14,600036,13:35:41,38.0000,95,1
2026-05-14,600036,13:35:44,37.9900,73,2
2026-05-14,600036,13:35:47,37.9900,92,2
2026-05-14,600036,13:35:50,37.9900,106,2
2026-05-14,600036,13:35:53,37.9900,49,2
2026-05-14,600036,13:35:56,37.9900,290,2
2026-05-14,600036,13:35:59,38.0000,31,1
2026-05-14,600036,13:36:02,38.0000,300,1
2026-05-14,600036,13:36:05,37.9900,25,1
2026-05-14,600036,13:36:08,37.9900,88,1
2026-05-14,600036,13:36:11,37.9900,12,1
2026-05-14,600036,13:36:14,37.9800,237,2
2026-05-14,600036,13:36:17,37.9900,43,1
2026-05-14,600036,13:36:20,37.9900,69,1
2026-05-14,600036,13:36:23,37.9900,25,1
2026-05-14,600036,13:36:26,37.9800,8,2
2026-05-14,600036,13:36:29,37.9900,378,1
2026-05-14,600036,13:36:32,37.9900,112,4
2026-05-14,600036,13:36:35,37.9900,97,1
2026-05-14,600036,13:36:38,37.9900,10,1
2026-05-14,600036,13:36:41,37.9800,392,2
2026-05-14,600036,13:36:44,37.9700,35,2
2026-05-14,600036,13:36:47,37.9700,149,2
2026-05-14,600036,13:36:50,37.9800,35,1
2026-05-14,600036,13:36:53,37.9700,136,2
2026-05-14,600036,13:36:56,37.9700,45,2
2026-05-14,600036,13:36:59,37.9700,1,2
2026-05-14,600036,13:37:02,37.9700,71,2
2026-05-14,600036,13:37:05,37.9700,21,2
2026-05-14,600036,13:37:08,37.9700,132,1
2026-05-14,600036,13:37:11,37.9600,17,2
2026-05-14,600036,13:37:14,37.9500,297,2
2026-05-14,600036,13:37:17,37.9600,95,1
2026-05-14,600036,13:37:20,37.9600,86,2
2026-05-14,600036,13:37:23,37.9700,7,1
2026-05-14,600036,13:37:26,37.9600,17,2
2026-05-14,600036,13:37:29,37.9600,4,2
2026-05-14,600036,13:37:35,37.9700,257,1
2026-05-14,600036,13:37:38,37.9700,9,1
2026-05-14,600036,13:37:41,37.9700,24,1
2026-05-14,600036,13:37:44,37.9700,155,1
2026-05-14,600036,13:37:47,37.9600,298,2
2026-05-14,600036,13:37:50,37.9600,7,2
2026-05-14,600036,13:37:53,37.9700,131,1
2026-05-14,600036,13:37:56,37.9700,261,2
2026-05-14,600036,13:37:59,37.9700,48,2
2026-05-14,600036,13:38:02,37.9800,12,1
2026-05-14,600036,13:38:05,37.9700,22,2
2026-05-14,600036,13:38:08,37.9700,200,2
2026-05-14,600036,13:38:11,37.9700,20,2
2026-05-14,600036,13:38:14,37.9800,11,1
2026-05-14,600036,13:38:17,37.9800,18,1
2026-05-14,600036,13:38:20,37.9700,145,2
2026-05-14,600036,13:38:23,37.9700,43,2
2026-05-14,600036,13:38:26,37.9800,291,1
2026-05-14,600036,13:38:29,37.9700,30,2
2026-05-14,600036,13:38:32,37.9700,36,2
2026-05-14,600036,13:38:35,37.9700,189,2
2026-05-14,600036,13:38:38,37.9700,114,1
2026-05-14,600036,13:38:41,37.9600,77,2
2026-05-14,600036,13:38:44,37.9600,5,2
2026-05-14,600036,13:38:47,37.9600,8,2
2026-05-14,600036,13:38:50,37.9600,125,2
2026-05-14,600036,13:38:53,37.9600,115,2
2026-05-14,600036,13:38:56,37.9600,9,2
2026-05-14,600036,13:38:59,37.9600,46,2
2026-05-14,600036,13:39:02,37.9600,10,2
2026-05-14,600036,13:39:05,37.9600,105,2
2026-05-14,600036,13:39:08,37.9700,23,1
2026-05-14,600036,13:39:11,37.9400,821,2
2026-05-14,600036,13:39:14,37.9600,2,1
2026-05-14,600036,13:39:17,37.9600,167,1
2026-05-14,600036,13:39:20,37.9500,193,2
2026-05-14,600036,13:39:23,37.9500,9,1
2026-05-14,600036,13:39:26,37.9400,142,2
2026-05-14,600036,13:39:29,37.9300,144,2
2026-05-14,600036,13:39:32,37.9400,78,1
2026-05-14,600036,13:39:35,37.9300,63,2
2026-05-14,600036,13:39:38,37.9300,179,2
2026-05-14,600036,13:39:41,37.9400,17,2
2026-05-14,600036,13:39:44,37.9400,3,2
2026-05-14,600036,13:39:47,37.9400,6,2
2026-05-14,600036,13:39:50,37.9400,1,2
2026-05-14,600036,13:39:53,37.9500,1,1
2026-05-14,600036,13:39:56,37.9400,72,2
2026-05-14,600036,13:39:59,37.9400,1,2
2026-05-14,600036,13:40:02,37.9500,96,1
2026-05-14,600036,13:40:05,37.9500,2165,1
2026-05-14,600036,13:40:08,37.9500,9,2
2026-05-14,600036,13:40:11,37.9500,13,2
2026-05-14,600036,13:40:14,37.9700,8,1
2026-05-14,600036,13:40:17,37.9600,34,2
2026-05-14,600036,13:40:20,37.9600,56,2
2026-05-14,600036,13:40:23,37.9700,84,1
2026-05-14,600036,13:40:26,37.9700,23,1
2026-05-14,600036,13:40:29,37.9700,28,1
2026-05-14,600036,13:40:32,37.9700,38,1
2026-05-14,600036,13:40:35,37.9600,431,2
2026-05-14,600036,13:40:38,37.9800,42,1
2026-05-14,600036,13:40:41,37.9800,28,1
2026-05-14,600036,13:40:44,37.9800,9,1
2026-05-14,600036,13:40:47,37.9700,26,4
2026-05-14,600036,13:40:50,37.9700,5,2
2026-05-14,600036,13:40:53,37.9700,8,2
2026-05-14,600036,13:40:56,37.9800,266,1
2026-05-14,600036,13:40:59,37.9600,177,2
2026-05-14,600036,13:41:02,37.9700,35,1
2026-05-14,600036,13:41:05,37.9800,86,1
2026-05-14,600036,13:41:08,37.9700,1,4
2026-05-14,600036,13:41:11,37.9600,38,2
2026-05-14,600036,13:41:14,37.9600,117,2
2026-05-14,600036,13:41:17,37.9700,10,1
2026-05-14,600036,13:41:20,37.9700,10,1
2026-05-14,600036,13:41:23,37.9700,9,1
2026-05-14,600036,13:41:26,37.9700,171,1
2026-05-14,600036,13:41:29,37.9700,32,1
2026-05-14,600036,13:41:32,37.9600,56,2
2026-05-14,600036,13:41:38,37.9700,10,1
2026-05-14,600036,13:41:41,37.9700,28,1
2026-05-14,600036,13:41:44,37.9700,129,1
2026-05-14,600036,13:41:47,37.9600,54,2
2026-05-14,600036,13:41:50,37.9700,63,1
2026-05-14,600036,13:41:53,37.9600,109,2
2026-05-14,600036,13:41:56,37.9700,95,1
2026-05-14,600036,13:41:59,37.9700,11,2
2026-05-14,600036,13:42:02,37.9700,12,2
2026-05-14,600036,13:42:05,37.9700,185,2
2026-05-14,600036,13:42:08,37.9700,4,2
2026-05-14,600036,13:42:11,37.9800,42,1
2026-05-14,600036,13:42:14,37.9700,44,2
2026-05-14,600036,13:42:17,37.9800,173,1
2026-05-14,600036,13:42:20,37.9700,7,2
2026-05-14,600036,13:42:23,37.9700,33,2
2026-05-14,600036,13:42:26,37.9700,167,2
2026-05-14,600036,13:42:29,37.9700,222,2
2026-05-14,600036,13:42:32,37.9800,15,1
2026-05-14,600036,13:42:35,37.9800,9,1
2026-05-14,600036,13:42:38,37.9700,4,2
2026-05-14,600036,13:42:41,37.9700,42,2
2026-05-14,600036,13:42:44,37.9700,232,2
2026-05-14,600036,13:42:47,37.9800,28,1
2026-05-14,600036,13:42:50,37.9600,28,2
2026-05-14,600036,13:42:53,37.9700,130,1
2026-05-14,600036,13:42:56,37.9600,90,2
2026-05-14,600036,13:42:59,37.9700,8,1
2026-05-14,600036,13:43:02,37.9700,77,1
2026-05-14,600036,13:43:08,37.9700,77,1
2026-05-14,600036,13:43:11,37.9700,91,2
2026-05-14,600036,13:43:14,37.9700,120,1
2026-05-14,600036,13:43:17,37.9600,123,2
2026-05-14,600036,13:43:20,37.9700,6,1
2026-05-14,600036,13:43:23,37.9700,49,1
2026-05-14,600036,13:43:26,37.9600,35,2
2026-05-14,600036,13:43:29,37.9600,31,2
2026-05-14,600036,13:43:32,37.9700,231,1
2026-05-14,600036,13:43:35,37.9700,112,2
2026-05-14,600036,13:43:38,37.9700,39,2
2026-05-14,600036,13:43:41,37.9700,48,2
2026-05-14,600036,13:43:44,37.9700,1175,2
2026-05-14,600036,13:43:47,37.9800,14,1
2026-05-14,600036,13:43:50,37.9900,16,1
2026-05-14,600036,13:43:53,37.9800,7,2
2026-05-14,600036,13:43:56,37.9800,78,2
2026-05-14,600036,13:43:59,37.9800,43,2
2026-05-14,600036,13:44:02,37.9800,82,2
2026-05-14,600036,13:44:05,37.9800,159,2
2026-05-14,600036,13:44:08,37.9700,594,2
2026-05-14,600036,13:44:11,37.9700,6,1
2026-05-14,600036,13:44:14,37.9600,32,2
2026-05-14,600036,13:44:17,37.9700,100,1
2026-05-14,600036,13:44:20,37.9700,361,1
2026-05-14,600036,13:44:23,37.9700,18,1
2026-05-14,600036,13:44:26,37.9700,16,2
2026-05-14,600036,13:44:29,37.9800,16,1
2026-05-14,600036,13:44:32,37.9700,191,2
2026-05-14,600036,13:44:35,37.9700,22,1
2026-05-14,600036,13:44:38,37.9700,71,1
2026-05-14,600036,13:44:41,37.9700,10,1
2026-05-14,600036,13:44:44,37.9700,7,1
2026-05-14,600036,13:44:47,37.9700,180,1
2026-05-14,600036,13:44:50,37.9700,5,1
2026-05-14,600036,13:44:53,37.9600,73,2
2026-05-14,600036,13:44:59,37.9500,548,2
2026-05-14,600036,13:45:02,37.9500,62,2
2026-05-14,600036,13:45:05,37.9500,162,2
2026-05-14,600036,13:45:08,37.9500,1,2
2026-05-14,600036,13:45:11,37.9500,10,2
2026-05-14,600036,13:45:14,37.9600,23,1
2026-05-14,600036,13:45:17,37.9600,552,1
2026-05-14,600036,13:45:20,37.9600,103,1
2026-05-14,600036,13:45:23,37.9600,150,1
2026-05-14,600036,13:45:26,37.9600,26,1
2026-05-14,600036,13:45:29,37.9600,228,1
2026-05-14,600036,13:45:32,37.9500,2,2
2026-05-14,600036,13:45:35,37.9600,1,1
2026-05-14,600036,13:45:41,37.9600,130,1
2026-05-14,600036,13:45:44,37.9500,161,2
2026-05-14,600036,13:45:47,37.9500,68,2
2026-05-14,600036,13:45:50,37.9500,53,2
2026-05-14,600036,13:45:53,37.9500,42,2
2026-05-14,600036,13:45:56,37.9500,4,2
2026-05-14,600036,13:45:59,37.9500,32,2
2026-05-14,600036,13:46:02,37.9600,131,1
2026-05-14,600036,13:46:05,37.9500,151,2
2026-05-14,600036,13:46:08,37.9400,106,2
2026-05-14,600036,13:46:11,37.9400,49,2
2026-05-14,600036,13:46:14,37.9400,605,2
2026-05-14,600036,13:46:17,37.9400,91,2
2026-05-14,600036,13:46:20,37.9400,19,2
2026-05-14,600036,13:46:23,37.9400,28,2
2026-05-14,600036,13:46:26,37.9400,51,2
2026-05-14,600036,13:46:29,37.9400,191,2
2026-05-14,600036,13:46:32,37.9400,24,2
2026-05-14,600036,13:46:35,37.9400,13,2
2026-05-14,600036,13:46:38,37.9400,57,2
2026-05-14,600036,13:46:41,37.9400,73,2
2026-05-14,600036,13:46:44,37.9400,21,2
2026-05-14,600036,13:46:47,37.9400,2,2
2026-05-14,600036,13:46:50,37.9500,7,1
2026-05-14,600036,13:46:56,37.9500,111,1
2026-05-14,600036,13:46:59,37.9400,112,2
2026-05-14,600036,13:47:02,37.9400,75,2
2026-05-14,600036,13:47:05,37.9400,41,2
2026-05-14,600036,13:47:08,37.9400,26,2
2026-05-14,600036,13:47:11,37.9500,21,1
2026-05-14,600036,13:47:14,37.9400,8,2
2026-05-14,600036,13:47:17,37.9500,615,1
2026-05-14,600036,13:47:20,37.9500,26,2
2026-05-14,600036,13:47:23,37.9500,69,2
2026-05-14,600036,13:47:26,37.9600,9,1
2026-05-14,600036,13:47:29,37.9500,740,2
2026-05-14,600036,13:47:32,37.9500,16,2
2026-05-14,600036,13:47:35,37.9600,29,1
2026-05-14,600036,13:47:38,37.9500,839,2
2026-05-14,600036,13:47:41,37.9500,10,1
2026-05-14,600036,13:47:44,37.9500,6,1
2026-05-14,600036,13:47:47,37.9400,37,2
2026-05-14,600036,13:47:50,37.9500,7,1
2026-05-14,600036,13:47:53,37.9500,140,1
2026-05-14,600036,13:47:56,37.9400,10,2
2026-05-14,600036,13:47:59,37.9500,10,1
2026-05-14,600036,13:48:02,37.9400,76,2
2026-05-14,600036,13:48:05,37.9600,553,1
2026-05-14,600036,13:48:08,37.9500,8,2
2026-05-14,600036,13:48:11,37.9500,10,2
2026-05-14,600036,13:48:14,37.9600,35,1
2026-05-14,600036,13:48:17,37.9600,407,1
2026-05-14,600036,13:48:20,37.9500,312,2
2026-05-14,600036,13:48:23,37.9500,14,1
2026-05-14,600036,13:48:26,37.9400,9,2
2026-05-14,600036,13:48:29,37.9500,424,1
2026-05-14,600036,13:48:32,37.9400,37,2
2026-05-14,600036,13:48:35,37.9500,31,1
2026-05-14,600036,13:48:38,37.9500,2,1
2026-05-14,600036,13:48:41,37.9500,80,1
2026-05-14,600036,13:48:44,37.9400,245,2
2026-05-14,600036,13:48:47,37.9400,49,2
2026-05-14,600036,13:48:50,37.9300,302,2
2026-05-14,600036,13:48:53,37.9400,42,1
2026-05-14,600036,13:48:56,37.9300,873,2
2026-05-14,600036,13:48:59,37.9300,1,2
2026-05-14,600036,13:49:02,37.9400,375,1
2026-05-14,600036,13:49:05,37.9300,315,2
2026-05-14,600036,13:49:08,37.9400,1488,1
2026-05-14,600036,13:49:11,37.9300,206,4
2026-05-14,600036,13:49:14,37.9300,31,1
2026-05-14,600036,13:49:17,37.9300,72,1
2026-05-14,600036,13:49:20,37.9200,616,2
2026-05-14,600036,13:49:23,37.9200,39,2
2026-05-14,600036,13:49:26,37.9200,4,2
2026-05-14,600036,13:49:29,37.9200,278,2
2026-05-14,600036,13:49:32,37.9200,16,2
2026-05-14,600036,13:49:35,37.9200,212,2
2026-05-14,600036,13:49:38,37.9200,140,1
2026-05-14,600036,13:49:41,37.9200,555,1
2026-05-14,600036,13:49:44,37.9100,8,2
2026-05-14,600036,13:49:47,37.9200,8,1
2026-05-14,600036,13:49:50,37.9200,4,1
2026-05-14,600036,13:49:53,37.9200,59,1
2026-05-14,600036,13:49:56,37.9100,353,2
2026-05-14,600036,13:49:59,37.9100,14,2
2026-05-14,600036,13:50:02,37.9200,73,1
2026-05-14,600036,13:50:05,37.9100,208,2
2026-05-14,600036,13:50:08,37.9200,26,4
2026-05-14,600036,13:50:11,37.9200,2,2
2026-05-14,600036,13:50:14,37.9200,144,2
2026-05-14,600036,13:50:17,37.9300,78,1
2026-05-14,600036,13:50:20,37.9300,11,1
2026-05-14,600036,13:50:23,37.9300,8,1
2026-05-14,600036,13:50:26,37.9200,99,2
2026-05-14,600036,13:50:32,37.9300,66,1
2026-05-14,600036,13:50:35,37.9200,2,2
2026-05-14,600036,13:50:38,37.9300,49,1
2026-05-14,600036,13:50:41,37.9300,17,1
2026-05-14,600036,13:50:44,37.9300,5,1
2026-05-14,600036,13:50:47,37.9300,1,1
2026-05-14,600036,13:50:50,37.9200,54,2
2026-05-14,600036,13:50:53,37.9200,26,2
2026-05-14,600036,13:50:56,37.9300,12,1
2026-05-14,600036,13:50:59,37.9300,8,1
2026-05-14,600036,13:51:02,37.9200,94,2
2026-05-14,600036,13:51:05,37.9300,18,1
2026-05-14,600036,13:51:08,37.9300,1,1
2026-05-14,600036,13:51:11,37.9400,203,1
2026-05-14,600036,13:51:14,37.9200,50,2
2026-05-14,600036,13:51:17,37.9200,51,2
2026-05-14,600036,13:51:20,37.9300,2,1
2026-05-14,600036,13:51:23,37.9300,8,1
2026-05-14,600036,13:51:26,37.9200,386,4
2026-05-14,600036,13:51:29,37.9100,1,2
2026-05-14,600036,13:51:32,37.9200,16,2
2026-05-14,600036,13:51:35,37.9200,6,1
2026-05-14,600036,13:51:38,37.9300,73,1
2026-05-14,600036,13:51:41,37.9200,390,4
2026-05-14,600036,13:51:44,37.9200,152,2
2026-05-14,600036,13:51:47,37.9200,29,2
2026-05-14,600036,13:51:50,37.9100,44,2
2026-05-14,600036,13:51:53,37.9100,228,2
2026-05-14,600036,13:51:56,37.9200,12,1
2026-05-14,600036,13:51:59,37.9200,33,1
2026-05-14,600036,13:52:02,37.9200,201,2
2026-05-14,600036,13:52:05,37.9200,200,2
2026-05-14,600036,13:52:08,37.9100,94,2
2026-05-14,600036,13:52:11,37.9100,34,2
2026-05-14,600036,13:52:14,37.9300,86,1
2026-05-14,600036,13:52:17,37.9100,247,2
2026-05-14,600036,13:52:20,37.9200,172,1
2026-05-14,600036,13:52:23,37.9000,125,2
2026-05-14,600036,13:52:26,37.9100,40,1
2026-05-14,600036,13:52:29,37.9100,49,1
2026-05-14,600036,13:52:32,37.9000,1035,2
2026-05-14,600036,13:52:35,37.9100,44,1
2026-05-14,600036,13:52:38,37.9100,14,1
2026-05-14,600036,13:52:41,37.9100,672,1
2026-05-14,600036,13:52:44,37.9000,5,2
2026-05-14,600036,13:52:47,37.9100,39,1
2026-05-14,600036,13:52:50,37.9100,53,2
2026-05-14,600036,13:52:53,37.9000,77,2
2026-05-14,600036,13:52:56,37.9100,18,1
2026-05-14,600036,13:52:59,37.9100,32,1
2026-05-14,600036,13:53:02,37.9100,83,1
2026-05-14,600036,13:53:05,37.9100,528,2
2026-05-14,600036,13:53:08,37.9000,79,2
2026-05-14,600036,13:53:11,37.9200,87,1
2026-05-14,600036,13:53:14,37.9200,5,1
2026-05-14,600036,13:53:17,37.9200,316,1
2026-05-14,600036,13:53:20,37.9100,25,4
2026-05-14,600036,13:53:23,37.9000,171,2
2026-05-14,600036,13:53:26,37.9100,219,1
2026-05-14,600036,13:53:29,37.9000,36,2
2026-05-14,600036,13:53:32,37.9100,7,1
2026-05-14,600036,13:53:35,37.9200,76,1
2026-05-14,600036,13:53:38,37.9100,37,4
2026-05-14,600036,13:53:41,37.9200,165,1
2026-05-14,600036,13:53:44,37.9200,6,1
2026-05-14,600036,13:53:47,37.9100,10,2
2026-05-14,600036,13:53:50,37.9100,23,2
2026-05-14,600036,13:53:53,37.9200,1,1
2026-05-14,600036,13:53:56,37.9100,85,2
2026-05-14,600036,13:53:59,37.9100,24,2
2026-05-14,600036,13:54:02,37.9100,36,2
2026-05-14,600036,13:54:05,37.9100,148,2
2026-05-14,600036,13:54:08,37.9100,11,1
2026-05-14,600036,13:54:11,37.9100,216,1
2026-05-14,600036,13:54:14,37.9000,27,2
2026-05-14,600036,13:54:17,37.9100,30,1
2026-05-14,600036,13:54:20,37.9100,4,1
2026-05-14,600036,13:54:23,37.9000,188,2
2026-05-14,600036,13:54:26,37.9000,83,2
2026-05-14,600036,13:54:29,37.9100,136,1
2026-05-14,600036,13:54:32,37.9100,16,1
2026-05-14,600036,13:54:35,37.9000,1,2
2026-05-14,600036,13:54:38,37.9000,28,2
2026-05-14,600036,13:54:41,37.9100,9,1
2026-05-14,600036,13:54:47,37.9100,8,1
2026-05-14,600036,13:54:50,37.9000,214,2
2026-05-14,600036,13:54:53,37.9000,9,2
2026-05-14,600036,13:54:56,37.9000,428,2
2026-05-14,600036,13:54:59,37.8900,87,2
2026-05-14,600036,13:55:02,37.9000,9,4
2026-05-14,600036,13:55:05,37.9000,1,2
2026-05-14,600036,13:55:08,37.9000,96,2
2026-05-14,600036,13:55:11,37.8900,207,2
2026-05-14,600036,13:55:14,37.8900,153,2
2026-05-14,600036,13:55:17,37.8900,2064,2
2026-05-14,600036,13:55:20,37.8900,76,2
2026-05-14,600036,13:55:23,37.8800,36,2
2026-05-14,600036,13:55:26,37.8800,3,2
2026-05-14,600036,13:55:29,37.8800,1385,2
2026-05-14,600036,13:55:32,37.8800,26,2
2026-05-14,600036,13:55:38,37.8800,64,2
2026-05-14,600036,13:55:41,37.8800,561,2
2026-05-14,600036,13:55:44,37.8800,109,2
2026-05-14,600036,13:55:47,37.8800,107,2
2026-05-14,600036,13:55:50,37.8800,236,2
2026-05-14,600036,13:55:53,37.8800,20,2
2026-05-14,600036,13:55:56,37.8900,44,1
2026-05-14,600036,13:55:59,37.8900,32,1
2026-05-14,600036,13:56:02,37.8800,412,2
2026-05-14,600036,13:56:05,37.8900,75,1
2026-05-14,600036,13:56:08,37.8900,29,1
2026-05-14,600036,13:56:11,37.8900,15,1
2026-05-14,600036,13:56:14,37.8900,244,1
2026-05-14,600036,13:56:17,37.8800,98,2
2026-05-14,600036,13:56:20,37.8800,38,2
2026-05-14,600036,13:56:23,37.9000,128,1
2026-05-14,600036,13:56:26,37.8900,242,2
2026-05-14,600036,13:56:29,37.9000,47,1
2026-05-14,600036,13:56:32,37.9000,6,1
2026-05-14,600036,13:56:35,37.9000,54,1
2026-05-14,600036,13:56:38,37.9000,20,1
2026-05-14,600036,13:56:41,37.9000,344,1
2026-05-14,600036,13:56:44,37.8900,47,2
2026-05-14,600036,13:56:47,37.9000,4,1
2026-05-14,600036,13:56:50,37.8900,261,2
2026-05-14,600036,13:56:53,37.8900,12,1
2026-05-14,600036,13:56:56,37.8900,88,1
2026-05-14,600036,13:56:59,37.8900,34,1
2026-05-14,600036,13:57:02,37.8900,22,1
2026-05-14,600036,13:57:05,37.8900,321,1
2026-05-14,600036,13:57:08,37.8900,184,1
2026-05-14,600036,13:57:11,37.8900,9,2
2026-05-14,600036,13:57:14,37.8900,60,2
2026-05-14,600036,13:57:17,37.8900,89,2
2026-05-14,600036,13:57:20,37.9000,12,1
2026-05-14,600036,13:57:23,37.9000,18,1
2026-05-14,600036,13:57:26,37.9000,26,1
2026-05-14,600036,13:57:29,37.8900,447,2
2026-05-14,600036,13:57:32,37.9000,150,1
2026-05-14,600036,13:57:38,37.9000,358,1
2026-05-14,600036,13:57:41,37.9000,153,1
2026-05-14,600036,13:57:44,37.9000,6,2
2026-05-14,600036,13:57:47,37.9000,25,2
2026-05-14,600036,13:57:50,37.9000,23,2
2026-05-14,600036,13:57:53,37.9000,50,2
2026-05-14,600036,13:57:56,37.9000,10,4
2026-05-14,600036,13:57:59,37.8900,10,2
2026-05-14,600036,13:58:02,37.9000,67,1
2026-05-14,600036,13:58:05,37.9000,223,2
2026-05-14,600036,13:58:08,37.9000,58,1
2026-05-14,600036,13:58:11,37.9000,182,1
2026-05-14,600036,13:58:14,37.8900,119,2
2026-05-14,600036,13:58:17,37.8900,237,2
2026-05-14,600036,13:58:20,37.8900,14,2
2026-05-14,600036,13:58:23,37.9000,15,4
2026-05-14,600036,13:58:26,37.8900,135,2
2026-05-14,600036,13:58:29,37.9000,5,1
2026-05-14,600036,13:58:32,37.8900,82,2
2026-05-14,600036,13:58:35,37.9000,34,1
2026-05-14,600036,13:58:38,37.9000,26,1
2026-05-14,600036,13:58:41,37.9000,9,1
2026-05-14,600036,13:58:44,37.8900,52,2
2026-05-14,600036,13:58:47,37.9000,1,1
2026-05-14,600036,13:58:50,37.8900,205,2
2026-05-14,600036,13:58:53,37.9000,24,1
2026-05-14,600036,13:58:56,37.8900,41,2
2026-05-14,600036,13:58:59,37.9000,113,1
2026-05-14,600036,13:59:02,37.8900,92,2
2026-05-14,600036,13:59:05,37.9000,127,1
2026-05-14,600036,13:59:08,37.9000,82,1
2026-05-14,600036,13:59:11,37.8900,13,2
2026-05-14,600036,13:59:14,37.9000,53,1
2026-05-14,600036,13:59:17,37.9000,32,1
2026-05-14,600036,13:59:20,37.9000,23,1
2026-05-14,600036,13:59:23,37.9000,16,1
2026-05-14,600036,13:59:26,37.8900,58,2
2026-05-14,600036,13:59:32,37.8900,40,2
2026-05-14,600036,13:59:35,37.9000,37,1
2026-05-14,600036,13:59:38,37.8900,66,2
2026-05-14,600036,13:59:41,37.9000,28,1
2026-05-14,600036,13:59:44,37.9000,52,1
2026-05-14,600036,13:59:47,37.8900,1018,4
2026-05-14,600036,13:59:50,37.9000,7,1
2026-05-14,600036,13:59:53,37.9000,286,1
2026-05-14,600036,13:59:56,37.8800,14,2
2026-05-14,600036,13:59:59,37.8800,598,2
2026-05-14,600036,14:00:02,37.8900,81,1
2026-05-14,600036,14:00:05,37.8800,155,2
2026-05-14,600036,14:00:08,37.8900,24,1
2026-05-14,600036,14:00:11,37.8900,28,1
2026-05-14,600036,14:00:14,37.8800,262,2
2026-05-14,600036,14:00:17,37.8800,9,2
2026-05-14,600036,14:00:20,37.8800,81,2
2026-05-14,600036,14:00:23,37.8800,29,2
2026-05-14,600036,14:00:26,37.8800,162,2
2026-05-14,600036,14:00:29,37.8800,28,2
2026-05-14,600036,14:00:32,37.8800,264,2
2026-05-14,600036,14:00:35,37.8900,1,1
2026-05-14,600036,14:00:38,37.8800,80,2
2026-05-14,600036,14:00:41,37.8900,8,1
2026-05-14,600036,14:00:44,37.8900,55,1
2026-05-14,600036,14:00:47,37.8900,33,1
2026-05-14,600036,14:00:50,37.8800,93,2
2026-05-14,600036,14:00:53,37.8800,25,2
2026-05-14,600036,14:00:56,37.8900,71,1
2026-05-14,600036,14:00:59,37.8800,262,2
2026-05-14,600036,14:01:02,37.8900,14,1
2026-05-14,600036,14:01:05,37.8800,137,2
2026-05-14,600036,14:01:08,37.8800,20,2
2026-05-14,600036,14:01:11,37.8900,590,1
2026-05-14,600036,14:01:14,37.8900,45,1
2026-05-14,600036,14:01:17,37.8900,37,1
2026-05-14,600036,14:01:20,37.8900,162,1
2026-05-14,600036,14:01:23,37.8800,19,2
2026-05-14,600036,14:01:26,37.8800,445,2
2026-05-14,600036,14:01:29,37.8800,192,2
2026-05-14,600036,14:01:32,37.8900,25,1
2026-05-14,600036,14:01:35,37.8800,62,2
2026-05-14,600036,14:01:38,37.8800,300,2
2026-05-14,600036,14:01:41,37.8800,72,2
2026-05-14,600036,14:01:44,37.8800,89,2
2026-05-14,600036,14:01:47,37.8800,293,2
2026-05-14,600036,14:01:50,37.8800,41,2
2026-05-14,600036,14:01:53,37.8800,161,2
2026-05-14,600036,14:01:56,37.8800,29,2
2026-05-14,600036,14:01:59,37.8800,200,2
2026-05-14,600036,14:02:02,37.8800,349,1
2026-05-14,600036,14:02:05,37.8800,154,1
2026-05-14,600036,14:02:08,37.8700,123,2
2026-05-14,600036,14:02:11,37.8700,16,2
2026-05-14,600036,14:02:14,37.8700,21,2
2026-05-14,600036,14:02:17,37.8800,181,1
2026-05-14,600036,14:02:20,37.8800,73,2
2026-05-14,600036,14:02:23,37.8800,90,1
2026-05-14,600036,14:02:26,37.8800,55,1
2026-05-14,600036,14:02:29,37.8800,49,1
2026-05-14,600036,14:02:32,37.8800,43,2
2026-05-14,600036,14:02:35,37.8900,7,1
2026-05-14,600036,14:02:38,37.8800,156,2
2026-05-14,600036,14:02:41,37.8800,78,2
2026-05-14,600036,14:02:44,37.8900,2,1
2026-05-14,600036,14:02:47,37.8800,56,2
2026-05-14,600036,14:02:50,37.8900,35,1
2026-05-14,600036,14:02:53,37.8800,21,2
2026-05-14,600036,14:02:56,37.8800,15,2
2026-05-14,600036,14:02:59,37.8800,81,2
2026-05-14,600036,14:03:02,37.8800,195,2
2026-05-14,600036,14:03:05,37.8700,127,2
2026-05-14,600036,14:03:08,37.8800,51,1
2026-05-14,600036,14:03:11,37.8700,15,2
2026-05-14,600036,14:03:14,37.8800,8,1
2026-05-14,600036,14:03:17,37.8800,103,1
2026-05-14,600036,14:03:20,37.8800,205,1
2026-05-14,600036,14:03:23,37.8800,40,2
2026-05-14,600036,14:03:26,37.8800,442,2
2026-05-14,600036,14:03:29,37.8800,19,2
2026-05-14,600036,14:03:32,37.8800,112,2
2026-05-14,600036,14:03:35,37.8900,551,1
2026-05-14,600036,14:03:38,37.8900,210,1
2026-05-14,600036,14:03:41,37.8900,15,1
2026-05-14,600036,14:03:44,37.8900,41,1
2026-05-14,600036,14:03:47,37.8900,1,1
2026-05-14,600036,14:03:50,37.8900,50,1
2026-05-14,600036,14:03:53,37.8900,17,1
2026-05-14,600036,14:03:56,37.8800,51,2
2026-05-14,600036,14:03:59,37.8700,308,2
2026-05-14,600036,14:04:02,37.8800,217,1
2026-05-14,600036,14:04:05,37.8800,282,1
2026-05-14,600036,14:04:08,37.8800,31,2
2026-05-14,600036,14:04:11,37.8800,108,2
2026-05-14,600036,14:04:14,37.8800,4,1
2026-05-14,600036,14:04:17,37.8700,54,2
2026-05-14,600036,14:04:20,37.8800,32,1
2026-05-14,600036,14:04:23,37.8700,36,2
2026-05-14,600036,14:04:26,37.8800,138,1
2026-05-14,600036,14:04:29,37.8800,10,1
2026-05-14,600036,14:04:32,37.8800,123,1
2026-05-14,600036,14:04:35,37.8800,11,1
2026-05-14,600036,14:04:38,37.8800,109,1
2026-05-14,600036,14:04:41,37.8800,474,1
2026-05-14,600036,14:04:44,37.8800,523,2
2026-05-14,600036,14:04:47,37.8800,16,4
2026-05-14,600036,14:04:50,37.8800,106,2
2026-05-14,600036,14:04:53,37.8800,7,2
2026-05-14,600036,14:04:56,37.8700,11,2
2026-05-14,600036,14:04:59,37.8800,19,1
2026-05-14,600036,14:05:02,37.8800,21,1
2026-05-14,600036,14:05:05,37.8800,53,2
2026-05-14,600036,14:05:08,37.8800,11,2
2026-05-14,600036,14:05:11,37.8800,22,2
2026-05-14,600036,14:05:14,37.8900,34,1
2026-05-14,600036,14:05:17,37.8900,17,1
2026-05-14,600036,14:05:20,37.8800,6,2
2026-05-14,600036,14:05:23,37.8900,13,1
2026-05-14,600036,14:05:26,37.8800,50,2
2026-05-14,600036,14:05:29,37.8800,40,2
2026-05-14,600036,14:05:32,37.8900,44,1
2026-05-14,600036,14:05:35,37.8900,32,1
2026-05-14,600036,14:05:38,37.8900,32,1
2026-05-14,600036,14:05:41,37.8900,72,1
2026-05-14,600036,14:05:44,37.8900,261,1
2026-05-14,600036,14:05:47,37.8800,70,2
2026-05-14,600036,14:05:50,37.9000,147,1
2026-05-14,600036,14:05:53,37.8900,25,4
2026-05-14,600036,14:05:56,37.8800,70,2
2026-05-14,600036,14:05:59,37.8900,4,1
2026-05-14,600036,14:06:02,37.8900,37,1
2026-05-14,600036,14:06:05,37.8900,10,1
2026-05-14,600036,14:06:08,37.8800,23,2
2026-05-14,600036,14:06:11,37.8900,5,1
2026-05-14,600036,14:06:14,37.8900,6,1
2026-05-14,600036,10:54:44,37.8700,27,1
2026-05-14,600036,10:54:47,37.8600,273,2
2026-05-14,600036,10:54:50,37.8700,19,1
2026-05-14,600036,10:54:53,37.8700,28,1
2026-05-14,600036,10:54:56,37.8700,3,1
2026-05-14,600036,10:54:59,37.8600,4,2
2026-05-14,600036,10:55:02,37.8600,184,2
2026-05-14,600036,10:55:05,37.8700,90,1
2026-05-14,600036,10:55:08,37.8700,11,1
2026-05-14,600036,10:55:11,37.8600,70,2
2026-05-14,600036,10:55:14,37.8700,13,1
2026-05-14,600036,10:55:17,37.8700,51,1
2026-05-14,600036,10:55:20,37.8700,7,2
2026-05-14,600036,10:55:23,37.8700,10,1
2026-05-14,600036,10:55:26,37.8700,132,1
2026-05-14,600036,10:55:29,37.8700,8,1
2026-05-14,600036,10:55:32,37.8700,64,1
2026-05-14,600036,10:55:35,37.8700,26,1
2026-05-14,600036,10:55:38,37.8600,3,2
2026-05-14,600036,10:55:41,37.8600,3,2
2026-05-14,600036,10:55:44,37.8600,109,2
2026-05-14,600036,10:55:47,37.8600,62,2
2026-05-14,600036,10:55:50,37.8600,30,2
2026-05-14,600036,10:55:53,37.8600,82,2
2026-05-14,600036,10:55:56,37.8700,34,1
2026-05-14,600036,10:55:59,37.8600,142,2
2026-05-14,600036,10:56:02,37.8700,14,1
2026-05-14,600036,10:56:05,37.8700,30,1
2026-05-14,600036,10:56:08,37.8700,19,1
2026-05-14,600036,10:56:11,37.8700,60,1
2026-05-14,600036,10:56:14,37.8600,13,2
2026-05-14,600036,10:56:17,37.8700,54,1
2026-05-14,600036,10:56:20,37.8600,4,2
2026-05-14,600036,10:56:23,37.8700,21,1
2026-05-14,600036,10:56:26,37.8600,16,2
2026-05-14,600036,10:56:29,37.8600,3,2
2026-05-14,600036,10:56:32,37.8700,33,1
2026-05-14,600036,10:56:35,37.8500,217,2
2026-05-14,600036,10:56:38,37.8600,28,1
2026-05-14,600036,10:56:41,37.8500,3,2
2026-05-14,600036,10:56:44,37.8600,7,1
2026-05-14,600036,10:56:47,37.8500,466,2
2026-05-14,600036,10:56:50,37.8500,19,2
2026-05-14,600036,10:56:53,37.8600,7,1
2026-05-14,600036,10:56:56,37.8600,14,4
2026-05-14,600036,10:56:59,37.8500,19,2
2026-05-14,600036,10:57:02,37.8600,46,1
2026-05-14,600036,10:57:05,37.8600,11,1
2026-05-14,600036,10:57:08,37.8500,273,2
2026-05-14,600036,10:57:11,37.8500,3,2
2026-05-14,600036,10:57:14,37.8500,13,2
2026-05-14,600036,10:57:17,37.8600,67,1
2026-05-14,600036,10:57:20,37.8600,208,1
2026-05-14,600036,10:57:23,37.8500,31,2
2026-05-14,600036,10:57:26,37.8500,19,2
2026-05-14,600036,10:57:29,37.8600,20,1
2026-05-14,600036,10:57:32,37.8600,41,1
2026-05-14,600036,10:57:35,37.8500,186,2
2026-05-14,600036,10:57:38,37.8600,59,1
2026-05-14,600036,10:57:41,37.8500,21,2
2026-05-14,600036,10:57:44,37.8500,28,2
2026-05-14,600036,10:57:47,37.8500,15,2
2026-05-14,600036,10:57:50,37.8500,41,2
2026-05-14,600036,10:57:53,37.8600,6,1
2026-05-14,600036,10:57:56,37.8500,209,2
2026-05-14,600036,10:57:59,37.8600,34,1
2026-05-14,600036,10:58:02,37.8400,664,2
2026-05-14,600036,10:58:05,37.8500,39,1
2026-05-14,600036,10:58:08,37.8400,77,2
2026-05-14,600036,10:58:11,37.8400,164,2
2026-05-14,600036,10:58:14,37.8500,47,1
2026-05-14,600036,10:58:17,37.8500,32,1
2026-05-14,600036,10:58:20,37.8400,26,2
2026-05-14,600036,10:58:23,37.8500,30,1
2026-05-14,600036,10:58:26,37.8500,63,1
2026-05-14,600036,10:58:29,37.8400,133,2
2026-05-14,600036,10:58:32,37.8600,43,1
2026-05-14,600036,10:58:35,37.8500,53,2
2026-05-14,600036,10:58:38,37.8500,33,1
2026-05-14,600036,10:58:41,37.8400,27,2
2026-05-14,600036,10:58:44,37.8400,131,2
2026-05-14,600036,10:58:47,37.8500,483,1
2026-05-14,600036,10:58:50,37.8400,26,4
2026-05-14,600036,10:58:53,37.8400,13,2
2026-05-14,600036,10:58:56,37.8300,25,2
2026-05-14,600036,10:58:59,37.8400,308,1
2026-05-14,600036,10:59:02,37.8500,174,1
2026-05-14,600036,10:59:05,37.8400,18,2
2026-05-14,600036,10:59:08,37.8400,18,2
2026-05-14,600036,10:59:11,37.8300,21,2
2026-05-14,600036,10:59:14,37.8400,42,1
2026-05-14,600036,10:59:17,37.8500,24,1
2026-05-14,600036,10:59:20,37.8400,29,2
2026-05-14,600036,10:59:23,37.8400,46,2
2026-05-14,600036,10:59:26,37.8500,69,1
2026-05-14,600036,10:59:29,37.8400,86,2
2026-05-14,600036,10:59:32,37.8400,55,2
2026-05-14,600036,10:59:35,37.8400,71,2
2026-05-14,600036,10:59:38,37.8400,43,2
2026-05-14,600036,10:59:41,37.8400,29,2
2026-05-14,600036,10:59:44,37.8400,40,2
2026-05-14,600036,10:59:47,37.8400,129,2
2026-05-14,600036,10:59:50,37.8400,293,2
2026-05-14,600036,10:59:53,37.8500,24,1
2026-05-14,600036,10:59:56,37.8500,10,1
2026-05-14,600036,10:59:59,37.8400,43,2
2026-05-14,600036,11:00:02,37.8500,99,1
2026-05-14,600036,11:00:05,37.8500,354,1
2026-05-14,600036,11:00:08,37.8300,47,2
2026-05-14,600036,11:00:11,37.8400,4,1
2026-05-14,600036,11:00:14,37.8400,66,1
2026-05-14,600036,11:00:17,37.8400,48,1
2026-05-14,600036,11:00:20,37.8300,46,2
2026-05-14,600036,11:00:23,37.8300,211,2
2026-05-14,600036,11:00:26,37.8500,262,1
2026-05-14,600036,11:00:32,37.8500,7,1
2026-05-14,600036,11:00:35,37.8400,21,2
2026-05-14,600036,11:00:38,37.8500,3,1
2026-05-14,600036,11:00:41,37.8500,7,1
2026-05-14,600036,11:00:44,37.8500,52,1
2026-05-14,600036,11:00:47,37.8400,64,2
2026-05-14,600036,11:00:50,37.8500,59,1
2026-05-14,600036,11:00:53,37.8500,1001,1
2026-05-14,600036,11:00:56,37.8500,17,2
2026-05-14,600036,11:00:59,37.8400,38,2
2026-05-14,600036,11:01:02,37.8700,98,1
2026-05-14,600036,11:01:05,37.8700,298,1
2026-05-14,600036,11:01:08,37.8700,179,2
2026-05-14,600036,11:01:11,37.8700,40,2
2026-05-14,600036,11:01:14,37.8800,139,1
2026-05-14,600036,11:01:17,37.8700,54,2
2026-05-14,600036,11:01:20,37.8700,217,2
2026-05-14,600036,11:01:23,37.8800,55,1
2026-05-14,600036,11:01:26,37.8800,1,1
2026-05-14,600036,11:01:29,37.8800,160,1
2026-05-14,600036,11:01:32,37.8800,78,1
2026-05-14,600036,11:01:35,37.8700,14,2
2026-05-14,600036,11:01:38,37.8800,16,1
2026-05-14,600036,11:01:41,37.8700,137,2
2026-05-14,600036,11:01:44,37.8800,99,1
2026-05-14,600036,11:01:47,37.8800,55,1
2026-05-14,600036,11:01:50,37.8800,31,1
2026-05-14,600036,11:01:53,37.8800,78,1
2026-05-14,600036,11:01:56,37.8700,43,2
2026-05-14,600036,11:01:59,37.8800,71,1
2026-05-14,600036,11:02:02,37.8800,19,1
2026-05-14,600036,11:02:05,37.8800,186,1
2026-05-14,600036,11:02:08,37.8700,384,2
2026-05-14,600036,11:02:11,37.8700,148,2
2026-05-14,600036,11:02:14,37.8800,53,1
2026-05-14,600036,11:02:17,37.8800,2093,1
2026-05-14,600036,11:02:20,37.8800,128,2
2026-05-14,600036,11:02:23,37.8800,70,2
2026-05-14,600036,11:02:26,37.8900,546,1
2026-05-14,600036,11:02:29,37.8900,195,2
2026-05-14,600036,11:02:32,37.8900,64,2
2026-05-14,600036,11:02:35,37.8900,305,2
2026-05-14,600036,11:02:38,37.9000,1061,1
2026-05-14,600036,11:02:41,37.8900,536,2
2026-05-14,600036,11:02:44,37.8900,580,2
2026-05-14,600036,11:02:47,37.9000,1052,1
2026-05-14,600036,11:02:50,37.8900,796,2
2026-05-14,600036,11:02:53,37.8800,176,2
2026-05-14,600036,11:02:56,37.8900,147,1
2026-05-14,600036,11:02:59,37.8900,26,2
2026-05-14,600036,11:03:02,37.9100,1310,1
2026-05-14,600036,11:03:05,37.9000,1235,2
2026-05-14,600036,11:03:08,37.9100,808,1
2026-05-14,600036,11:03:11,37.9100,247,1
2026-05-14,600036,11:03:14,37.9100,204,1
2026-05-14,600036,11:03:17,37.9100,598,1
2026-05-14,600036,11:03:20,37.9000,60,2
2026-05-14,600036,11:03:23,37.9100,292,1
2026-05-14,600036,11:03:26,37.9100,443,1
2026-05-14,600036,11:03:29,37.9100,589,1
2026-05-14,600036,11:03:32,37.9100,585,1
2026-05-14,600036,11:03:35,37.9100,36,2
2026-05-14,600036,11:03:38,37.9100,153,2
2026-05-14,600036,11:03:41,37.9100,51,1
2026-05-14,600036,11:03:44,37.9000,123,2
2026-05-14,600036,11:03:47,37.9100,151,1
2026-05-14,600036,11:03:50,37.9000,220,2
2026-05-14,600036,11:03:53,37.9000,6,2
2026-05-14,600036,11:03:56,37.9000,120,2
2026-05-14,600036,11:03:59,37.9000,16,2
2026-05-14,600036,11:04:02,37.9100,96,1
2026-05-14,600036,11:04:05,37.9100,284,1
2026-05-14,600036,11:04:08,37.9000,148,2
2026-05-14,600036,11:04:11,37.9100,8,1
2026-05-14,600036,11:04:14,37.9100,50,1
2026-05-14,600036,11:04:17,37.9100,395,1
2026-05-14,600036,11:04:20,37.9100,150,1
2026-05-14,600036,11:04:23,37.9100,208,1
2026-05-14,600036,11:04:26,37.9100,50,1
2026-05-14,600036,11:04:29,37.9100,265,2
2026-05-14,600036,11:04:32,37.9100,196,1
2026-05-14,600036,11:04:35,37.9100,346,2
2026-05-14,600036,11:04:38,37.9200,170,1
2026-05-14,600036,11:04:41,37.9100,11,2
2026-05-14,600036,11:04:44,37.9100,456,2
2026-05-14,600036,11:04:47,37.9200,263,1
2026-05-14,600036,11:04:50,37.9100,318,2
2026-05-14,600036,11:04:53,37.9100,224,2
2026-05-14,600036,11:04:56,37.9100,25,2
2026-05-14,600036,11:04:59,37.9100,333,2
2026-05-14,600036,11:05:02,37.9000,378,2
2026-05-14,600036,11:05:05,37.9100,48,1
2026-05-14,600036,11:05:08,37.9100,218,1
2026-05-14,600036,11:05:11,37.9000,1,2
2026-05-14,600036,11:05:14,37.9100,87,1
2026-05-14,600036,11:05:17,37.9100,447,1
2026-05-14,600036,11:05:20,37.9400,4750,1
2026-05-14,600036,11:05:23,37.9400,278,1
2026-05-14,600036,11:05:26,37.9300,135,2
2026-05-14,600036,11:05:29,37.9300,51,2
2026-05-14,600036,11:05:32,37.9300,196,2
2026-05-14,600036,11:05:35,37.9400,23,1
2026-05-14,600036,11:05:38,37.9300,17,2
2026-05-14,600036,11:05:41,37.9400,247,1
2026-05-14,600036,11:05:44,37.9400,1059,1
2026-05-14,600036,11:05:47,37.9400,106,2
2026-05-14,600036,11:05:50,37.9400,37,4
2026-05-14,600036,11:05:53,37.9300,739,2
2026-05-14,600036,11:05:56,37.9300,112,2
2026-05-14,600036,11:05:59,37.9400,165,1
2026-05-14,600036,11:06:02,37.9300,59,2
2026-05-14,600036,11:06:05,37.9400,193,1
2026-05-14,600036,11:06:08,37.9200,53,2
2026-05-14,600036,11:06:11,37.9200,39,2
2026-05-14,600036,11:06:14,37.9300,59,1
2026-05-14,600036,11:06:17,37.9300,79,1
2026-05-14,600036,11:06:20,37.9300,7,1
2026-05-14,600036,11:06:23,37.9300,6,1
2026-05-14,600036,11:06:26,37.9300,25,1
2026-05-14,600036,11:06:29,37.9300,94,1
2026-05-14,600036,11:06:32,37.9300,473,1
2026-05-14,600036,11:06:35,37.9200,102,2
2026-05-14,600036,11:06:38,37.9200,8,2
2026-05-14,600036,11:06:41,37.9200,95,2
2026-05-14,600036,11:06:44,37.9300,338,1
2026-05-14,600036,11:06:47,37.9300,141,2
2026-05-14,600036,11:06:50,37.9300,719,2
2026-05-14,600036,11:06:53,37.9300,53,2
2026-05-14,600036,11:06:56,37.9200,51,2
2026-05-14,600036,11:06:59,37.9200,2,2
2026-05-14,600036,11:07:02,37.9200,27,2
2026-05-14,600036,11:07:05,37.9200,99,2
2026-05-14,600036,11:07:08,37.9200,81,2
2026-05-14,600036,11:07:11,37.9200,136,2
2026-05-14,600036,11:07:14,37.9100,158,2
2026-05-14,600036,11:07:17,37.9200,48,1
2026-05-14,600036,11:07:20,37.9200,24,1
2026-05-14,600036,11:07:23,37.9200,38,1
2026-05-14,600036,11:07:26,37.9100,129,2
2026-05-14,600036,11:07:29,37.9200,190,1
2026-05-14,600036,11:07:32,37.9000,109,2
2026-05-14,600036,11:07:35,37.9100,21,1
2026-05-14,600036,11:07:38,37.9100,103,1
2026-05-14,600036,11:07:41,37.9100,69,2
2026-05-14,600036,11:07:44,37.9200,53,1
2026-05-14,600036,11:07:47,37.9000,51,2
2026-05-14,600036,11:07:50,37.9100,11,1
2026-05-14,600036,11:07:53,37.9100,15,1
2026-05-14,600036,11:07:56,37.9000,47,2
2026-05-14,600036,11:07:59,37.9100,96,1
2026-05-14,600036,11:08:02,37.9100,4,1
2026-05-14,600036,11:08:05,37.9000,59,2
2026-05-14,600036,11:08:08,37.9000,66,1
2026-05-14,600036,11:08:11,37.8900,249,2
2026-05-14,600036,11:08:14,37.9000,10,1
2026-05-14,600036,11:08:17,37.9000,6,1
2026-05-14,600036,11:08:20,37.9000,4,1
2026-05-14,600036,11:08:23,37.8900,72,2
2026-05-14,600036,11:08:26,37.8900,5,2
2026-05-14,600036,11:08:29,37.8900,20,2
2026-05-14,600036,11:08:32,37.9000,65,1
2026-05-14,600036,11:08:35,37.9000,37,1
2026-05-14,600036,11:08:38,37.8900,5,2
2026-05-14,600036,11:08:41,37.8900,77,2
2026-05-14,600036,11:08:44,37.8900,21,2
2026-05-14,600036,11:08:47,37.9000,66,1
2026-05-14,600036,11:08:50,37.8800,24,2
2026-05-14,600036,11:08:53,37.8800,186,2
2026-05-14,600036,11:08:56,37.8800,69,2
2026-05-14,600036,11:08:59,37.8800,1,2
2026-05-14,600036,11:09:02,37.8900,10,1
2026-05-14,600036,11:09:05,37.8900,184,1
2026-05-14,600036,11:09:08,37.8800,63,2
2026-05-14,600036,11:09:11,37.8900,46,1
2026-05-14,600036,11:09:14,37.8900,18,1
2026-05-14,600036,11:09:17,37.8800,62,2
2026-05-14,600036,11:09:20,37.8800,96,2
2026-05-14,600036,11:09:23,37.8900,46,1
2026-05-14,600036,11:09:26,37.8800,24,2
2026-05-14,600036,11:09:29,37.8900,9,1
2026-05-14,600036,11:09:32,37.8900,152,1
2026-05-14,600036,11:09:35,37.8900,49,2
2026-05-14,600036,11:09:38,37.8900,19,2
2026-05-14,600036,11:09:41,37.9000,16,1
2026-05-14,600036,11:09:44,37.9000,160,1
2026-05-14,600036,11:09:47,37.8900,1,2
2026-05-14,600036,11:09:50,37.9000,38,1
2026-05-14,600036,11:09:53,37.9000,30,1
2026-05-14,600036,11:09:56,37.8900,505,2
2026-05-14,600036,11:09:59,37.9000,25,1
2026-05-14,600036,11:10:02,37.8900,43,2
2026-05-14,600036,11:10:05,37.9000,22,1
2026-05-14,600036,11:10:08,37.9000,95,1
2026-05-14,600036,11:10:11,37.8900,141,2
2026-05-14,600036,11:10:14,37.9000,20,1
2026-05-14,600036,11:10:17,37.8900,5,2
2026-05-14,600036,11:10:20,37.9000,60,1
2026-05-14,600036,11:10:23,37.8900,13,2
2026-05-14,600036,11:10:26,37.8900,45,2
2026-05-14,600036,11:10:29,37.9000,99,1
2026-05-14,600036,11:10:32,37.8900,10,4
2026-05-14,600036,11:10:35,37.8800,199,2
2026-05-14,600036,11:10:38,37.8800,164,2
2026-05-14,600036,11:10:41,37.8900,14,1
2026-05-14,600036,11:10:44,37.8900,29,1
2026-05-14,600036,11:10:47,37.8800,61,2
2026-05-14,600036,11:10:50,37.8800,111,2
2026-05-14,600036,11:10:53,37.8800,32,2
2026-05-14,600036,11:10:56,37.8800,47,2
2026-05-14,600036,11:10:59,37.8800,193,2
2026-05-14,600036,11:11:02,37.8900,99,1
2026-05-14,600036,11:11:05,37.8800,138,2
2026-05-14,600036,11:11:08,37.8700,39,2
2026-05-14,600036,11:11:11,37.8800,282,1
2026-05-14,600036,11:11:14,37.8700,23,2
2026-05-14,600036,11:11:17,37.8700,70,2
2026-05-14,600036,11:11:20,37.8700,63,2
2026-05-14,600036,11:11:23,37.8700,437,2
2026-05-14,600036,11:11:26,37.8800,150,1
2026-05-14,600036,11:11:29,37.8800,36,1
2026-05-14,600036,11:11:32,37.8800,18,2
2026-05-14,600036,11:11:35,37.8800,57,2
2026-05-14,600036,11:11:38,37.8800,53,2
2026-05-14,600036,11:11:41,37.8900,48,1
2026-05-14,600036,11:11:44,37.8900,297,1
2026-05-14,600036,11:11:47,37.8900,51,2
2026-05-14,600036,11:11:50,37.8900,137,2
2026-05-14,600036,11:11:53,37.8900,5,2
2026-05-14,600036,11:11:56,37.8900,74,2
2026-05-14,600036,11:11:59,37.8900,187,2
2026-05-14,600036,11:12:02,37.8900,51,2
2026-05-14,600036,11:12:05,37.9000,28,1
2026-05-14,600036,11:12:08,37.9000,37,1
2026-05-14,600036,11:12:11,37.9200,1548,1
2026-05-14,600036,11:12:14,37.9100,468,1
2026-05-14,600036,11:12:17,37.9000,30,1
2026-05-14,600036,11:12:20,37.9000,10,2
2026-05-14,600036,11:12:23,37.9000,262,2
2026-05-14,600036,11:12:26,37.9100,45,4
2026-05-14,600036,11:12:29,37.9200,4,1
2026-05-14,600036,11:12:32,37.9100,49,2
2026-05-14,600036,11:12:35,37.9100,247,2
2026-05-14,600036,11:12:38,37.9100,27,2
2026-05-14,600036,11:12:41,37.9200,101,1
2026-05-14,600036,11:12:44,37.9200,31,1
2026-05-14,600036,11:12:47,37.9200,102,1
2026-05-14,600036,11:12:50,37.9100,12,2
2026-05-14,600036,11:12:53,37.9200,68,1
2026-05-14,600036,11:12:56,37.9200,27,1
2026-05-14,600036,11:12:59,37.9100,128,2
2026-05-14,600036,11:13:02,37.9100,49,2
2026-05-14,600036,11:13:05,37.9100,115,2
2026-05-14,600036,11:13:08,37.9100,16,1
2026-05-14,600036,11:13:11,37.9000,373,2
2026-05-14,600036,11:13:14,37.9000,18,2
2026-05-14,600036,11:13:17,37.9100,11,1
2026-05-14,600036,11:13:20,37.9000,367,2
2026-05-14,600036,11:13:23,37.9100,19,1
2026-05-14,600036,11:13:26,37.9000,429,2
2026-05-14,600036,11:13:29,37.9000,10,2
2026-05-14,600036,11:13:32,37.9100,42,1
2026-05-14,600036,11:13:35,37.9000,89,2
2026-05-14,600036,11:13:38,37.9000,99,2
2026-05-14,600036,11:13:41,37.9000,13,2
2026-05-14,600036,11:13:44,37.9100,141,1
2026-05-14,600036,11:13:47,37.9000,13,1
2026-05-14,600036,11:13:50,37.9000,44,1
2026-05-14,600036,11:13:53,37.8900,18,2
2026-05-14,600036,11:13:56,37.8900,56,2
2026-05-14,600036,11:13:59,37.8900,1,2
2026-05-14,600036,11:14:02,37.8900,132,2
2026-05-14,600036,11:14:05,37.9000,53,1
2026-05-14,600036,11:14:08,37.9000,8,2
2026-05-14,600036,11:14:11,37.9100,60,1
2026-05-14,600036,11:14:14,37.9100,36,1
2026-05-14,600036,11:14:17,37.9100,91,1
2026-05-14,600036,11:14:20,37.9000,68,2
2026-05-14,600036,11:14:23,37.9000,17,2
2026-05-14,600036,11:14:26,37.9100,29,1
2026-05-14,600036,11:14:29,37.9100,34,1
2026-05-14,600036,11:14:32,37.9000,33,2
2026-05-14,600036,11:14:35,37.9100,28,1
2026-05-14,600036,11:14:38,37.9000,33,2
2026-05-14,600036,11:14:41,37.9000,171,2
2026-05-14,600036,11:14:44,37.9000,135,2
2026-05-14,600036,11:14:47,37.9000,56,2
2026-05-14,600036,11:14:50,37.9000,33,2
2026-05-14,600036,11:14:53,37.9000,103,2
2026-05-14,600036,11:14:56,37.9000,258,2
2026-05-14,600036,11:14:59,37.9000,29,1
2026-05-14,600036,11:15:02,37.9000,168,1
2026-05-14,600036,11:15:05,37.9000,344,1
2026-05-14,600036,11:15:08,37.9000,24,1
2026-05-14,600036,11:15:11,37.9000,5,1
2026-05-14,600036,11:15:14,37.9000,40,1
2026-05-14,600036,11:15:17,37.9000,100,1
2026-05-14,600036,11:15:20,37.9000,16,1
2026-05-14,600036,11:15:23,37.8900,19,2
2026-05-14,600036,11:15:26,37.9000,10,1
2026-05-14,600036,11:15:29,37.8900,63,2
2026-05-14,600036,11:15:32,37.8900,27,2
2026-05-14,600036,11:15:35,37.8900,2,2
2026-05-14,600036,11:15:38,37.8900,198,2
2026-05-14,600036,11:15:41,37.9000,9,1
2026-05-14,600036,11:15:44,37.8900,12,2
2026-05-14,600036,11:15:47,37.8900,158,2
2026-05-14,600036,11:15:50,37.8900,124,2
2026-05-14,600036,11:15:53,37.9000,7,1
2026-05-14,600036,11:15:56,37.8900,77,2
2026-05-14,600036,11:15:59,37.9000,13,1
2026-05-14,600036,11:16:02,37.8900,8,2
2026-05-14,600036,11:16:05,37.9000,12,1
2026-05-14,600036,11:16:11,37.8900,49,2
2026-05-14,600036,11:16:14,37.8900,4,2
2026-05-14,600036,11:16:17,37.8900,1,2
2026-05-14,600036,11:16:20,37.9000,13,1
2026-05-14,600036,11:16:23,37.8900,341,2
2026-05-14,600036,11:16:26,37.8900,12,2
2026-05-14,600036,11:16:29,37.8900,51,2
2026-05-14,600036,11:16:32,37.8900,34,2
2026-05-14,600036,11:16:35,37.8900,298,2
2026-05-14,600036,11:16:38,37.8900,28,2
2026-05-14,600036,11:16:41,37.8900,100,2
2026-05-14,600036,11:16:44,37.8900,178,2
2026-05-14,600036,11:16:47,37.8900,27,1
2026-05-14,600036,11:16:50,37.8800,23,2
2026-05-14,600036,11:16:53,37.8800,129,2
2026-05-14,600036,11:16:56,37.8800,501,2
2026-05-14,600036,11:16:59,37.8800,72,2
2026-05-14,600036,11:17:02,37.8900,15,1
2026-05-14,600036,11:17:05,37.8800,469,2
2026-05-14,600036,11:17:08,37.8900,16,2
2026-05-14,600036,11:17:11,37.8900,134,2
2026-05-14,600036,11:17:14,37.8900,23,2
2026-05-14,600036,11:17:17,37.8900,135,2
2026-05-14,600036,11:17:20,37.8900,77,2
2026-05-14,600036,11:17:23,37.8900,27,2
2026-05-14,600036,11:17:26,37.9000,14,1
2026-05-14,600036,11:17:29,37.9000,502,1
2026-05-14,600036,11:17:32,37.9000,236,1
2026-05-14,600036,11:17:35,37.9000,74,1
2026-05-14,600036,11:17:38,37.9000,1272,1
2026-05-14,600036,11:17:41,37.8900,143,2
2026-05-14,600036,11:17:44,37.8900,137,2
2026-05-14,600036,11:17:47,37.9000,106,1
2026-05-14,600036,11:17:50,37.9000,5,1
2026-05-14,600036,11:17:53,37.8900,240,2
2026-05-14,600036,11:17:56,37.9000,220,1
2026-05-14,600036,11:17:59,37.9000,3,1
2026-05-14,600036,11:18:02,37.9000,159,1
2026-05-14,600036,11:18:05,37.9000,167,2
2026-05-14,600036,11:18:08,37.9000,29,1
2026-05-14,600036,11:18:11,37.8900,17,2
2026-05-14,600036,11:18:14,37.9000,134,1
2026-05-14,600036,11:18:17,37.9000,89,1
2026-05-14,600036,11:18:20,37.9000,23,2
2026-05-14,600036,11:18:23,37.9000,32,2
2026-05-14,600036,11:18:26,37.9100,1,1
2026-05-14,600036,11:18:29,37.9000,146,2
2026-05-14,600036,11:18:32,37.8900,523,2
2026-05-14,600036,11:18:35,37.9000,19,1
2026-05-14,600036,11:18:38,37.8900,4,2
2026-05-14,600036,11:18:44,37.9000,56,1
2026-05-14,600036,11:18:47,37.9000,207,1
2026-05-14,600036,11:18:50,37.8900,8,2
2026-05-14,600036,11:18:53,37.8900,5,2
2026-05-14,600036,11:18:56,37.9000,1509,1
2026-05-14,600036,11:18:59,37.9000,2,2
2026-05-14,600036,11:19:02,37.9000,66,2
