date,code,time,price,volume,bs
2026-03-06,000001,13:59:51,10.8200,1,1
2026-03-06,000001,13:59:57,10.8200,1,1
2026-03-06,000001,14:00:00,10.8200,1,1
2026-03-06,000001,14:00:06,10.8200,93,1
2026-03-06,000001,14:00:09,10.8200,29,1
2026-03-06,000001,14:00:15,10.8100,551,2
2026-03-06,000001,14:00:18,10.8200,172,1
2026-03-06,000001,14:00:21,10.8200,23,1
2026-03-06,000001,14:00:24,10.8200,20,1
2026-03-06,000001,14:00:27,10.8200,52,1
2026-03-06,000001,14:00:30,10.8100,47,2
2026-03-06,000001,14:00:33,10.8100,2,2
2026-03-06,000001,14:00:36,10.8100,144,2
2026-03-06,000001,14:00:39,10.8100,5,2
2026-03-06,000001,14:00:42,10.8100,67,2
2026-03-06,000001,14:00:45,10.8200,10,1
2026-03-06,000001,14:00:48,10.8200,10,1
2026-03-06,000001,14:00:51,10.8100,21,2
2026-03-06,000001,14:00:54,10.8200,31,1
2026-03-06,000001,14:00:57,10.8200,6,1
2026-03-06,000001,14:01:00,10.8200,312,1
2026-03-06,000001,14:01:03,10.8100,74,2
2026-03-06,000001,14:01:06,10.8200,24,1
2026-03-06,000001,14:01:09,10.8200,210,1
2026-03-06,000001,14:01:12,10.8200,48,1
2026-03-06,000001,14:01:15,10.8200,66,1
2026-03-06,000001,14:01:18,10.8200,62,1
2026-03-06,000001,14:01:21,10.8200,257,1
2026-03-06,000001,14:01:24,10.8200,22,1
2026-03-06,000001,14:01:27,10.8200,7,1
2026-03-06,000001,14:01:30,10.8200,200,1
2026-03-06,000001,14:01:33,10.8100,61,2
2026-03-06,000001,14:01:36,10.8200,23,1
2026-03-06,000001,14:01:42,10.8200,38,1
2026-03-06,000001,14:01:45,10.8100,1,2
2026-03-06,000001,14:01:51,10.8200,11,1
2026-03-06,000001,14:01:54,10.8200,44,1
2026-03-06,000001,14:01:57,10.8200,2203,1
2026-03-06,000001,14:02:00,10.8200,10,1
2026-03-06,000001,14:02:03,10.8200,91,2
2026-03-06,000001,14:02:06,10.8200,224,2
2026-03-06,000001,14:02:09,10.8300,31,1
2026-03-06,000001,14:02:12,10.8300,1,1
2026-03-06,000001,14:02:15,10.8300,9,1
2026-03-06,000001,14:02:18,10.8200,22,2
2026-03-06,000001,14:02:21,10.8300,49,1
2026-03-06,000001,14:02:27,10.8300,8,1
2026-03-06,000001,14:02:30,10.8200,10,2
2026-03-06,000001,14:02:33,10.8200,50,2
2026-03-06,000001,14:02:36,10.8300,18,1
2026-03-06,000001,14:02:39,10.8300,24,1
2026-03-06,000001,14:02:42,10.8300,145,1
2026-03-06,000001,14:02:48,10.8200,170,2
2026-03-06,000001,14:02:51,10.8300,10,1
2026-03-06,000001,14:02:54,10.8200,9,2
2026-03-06,000001,14:03:00,10.8300,2,1
2026-03-06,000001,14:03:03,10.8200,300,2
2026-03-06,000001,14:03:06,10.8300,51,1
2026-03-06,000001,14:03:12,10.8300,56,1
2026-03-06,000001,14:03:15,10.8200,20,2
2026-03-06,000001,14:03:21,10.8200,20,2
2026-03-06,000001,14:03:27,10.8300,12,1
2026-03-06,000001,14:03:30,10.8300,22,1
2026-03-06,000001,14:03:39,10.8300,188,1
2026-03-06,000001,14:03:48,10.8300,92,1
2026-03-06,000001,14:03:57,10.8200,10,2
2026-03-06,000001,14:04:00,10.8300,32,1
2026-03-06,000001,14:04:03,10.8200,43,2
2026-03-06,000001,14:04:06,10.8300,25,1
2026-03-06,000001,14:04:09,10.8200,326,2
2026-03-06,000001,14:04:12,10.8200,42,2
2026-03-06,000001,14:04:15,10.8300,3,1
2026-03-06,000001,14:04:18,10.8300,1,1
2026-03-06,000001,14:04:21,10.8300,40,1
2026-03-06,000001,14:04:24,10.8300,22,1
2026-03-06,000001,14:04:36,10.8300,30,1
2026-03-06,000001,14:04:54,10.8300,1,1
2026-03-06,000001,14:04:57,10.8300,21,1
2026-03-06,000001,14:05:03,10.8200,94,2
2026-03-06,000001,14:05:09,10.8200,55,2
2026-03-06,000001,14:05:12,10.8300,20,1
2026-03-06,000001,14:05:21,10.8200,52,2
2026-03-06,000001,14:05:27,10.8300,27,1
2026-03-06,000001,14:05:30,10.8300,23,1
2026-03-06,000001,14:05:33,10.8200,13,2
2026-03-06,000001,14:05:36,10.8300,3,1
2026-03-06,000001,14:05:42,10.8200,20,2
2026-03-06,000001,14:05:45,10.8300,23,1
2026-03-06,000001,14:05:51,10.8300,23,1
2026-03-06,000001,14:05:54,10.8300,68,1
2026-03-06,000001,14:05:57,10.8300,36,1
2026-03-06,000001,14:06:00,10.8200,9,2
2026-03-06,000001,14:06:03,10.8300,28,1
2026-03-06,000001,14:06:06,10.8200,200,2
2026-03-06,000001,14:06:09,10.8200,118,2
2026-03-06,000001,14:06:12,10.8200,2,2
2026-03-06,000001,14:06:18,10.8200,66,2
2026-03-06,000001,14:06:21,10.8200,5,2
2026-03-06,000001,14:06:24,10.8300,2,1
2026-03-06,000001,14:06:27,10.8300,25,1
2026-03-06,000001,14:06:30,10.8300,74,1
2026-03-06,000001,14:06:36,10.8300,20,1
2026-03-06,000001,14:06:39,10.8300,262,1
2026-03-06,000001,14:06:42,10.8300,1,1
2026-03-06,000001,14:06:45,10.8200,8,2
2026-03-06,000001,14:06:51,10.8200,21,2
2026-03-06,000001,14:07:00,10.8300,36,1
2026-03-06,000001,14:07:03,10.8200,38,2
2026-03-06,000001,14:07:06,10.8200,200,2
2026-03-06,000001,14:07:12,10.8200,52,2
2026-03-06,000001,14:07:15,10.8200,29,2
2026-03-06,000001,14:07:18,10.8200,23,2
2026-03-06,000001,14:07:21,10.8300,25,1
2026-03-06,000001,14:07:24,10.8300,11,1
2026-03-06,000001,14:07:27,10.8300,22,1
2026-03-06,000001,14:07:30,10.8200,46,2
2026-03-06,000001,14:07:33,10.8300,20,1
2026-03-06,000001,14:07:39,10.8300,1055,1
2026-03-06,000001,14:07:42,10.8200,10,2
2026-03-06,000001,14:07:45,10.8300,27,1
2026-03-06,000001,14:07:48,10.8300,6,1
2026-03-06,000001,14:07:51,10.8200,13,2
2026-03-06,000001,14:08:00,10.8300,73,1
2026-03-06,000001,14:08:03,10.8200,1,2
2026-03-06,000001,14:08:06,10.8200,24,2
2026-03-06,000001,14:08:18,10.8300,141,1
2026-03-06,000001,14:08:21,10.8300,64,1
2026-03-06,000001,14:08:24,10.8200,3,2
2026-03-06,000001,14:08:27,10.8200,46,2
2026-03-06,000001,14:08:33,10.8200,56,2
2026-03-06,000001,14:08:36,10.8300,5,1
2026-03-06,000001,14:08:39,10.8300,74,1
2026-03-06,000001,14:08:45,10.8300,45,1
2026-03-06,000001,14:08:51,10.8300,206,1
2026-03-06,000001,14:08:54,10.8200,58,2
2026-03-06,000001,14:08:57,10.8200,31,2
2026-03-06,000001,14:09:00,10.8200,96,2
2026-03-06,000001,14:09:03,10.8200,2,2
2026-03-06,000001,14:09:06,10.8200,1,2
2026-03-06,000001,14:09:09,10.8300,36,1
2026-03-06,000001,14:09:18,10.8300,48,1
2026-03-06,000001,14:09:21,10.8300,29,1
2026-03-06,000001,14:09:24,10.8200,109,2
2026-03-06,000001,14:09:27,10.8200,1,2
2026-03-06,000001,14:09:30,10.8200,38,2
2026-03-06,000001,14:09:33,10.8300,5,1
2026-03-06,000001,14:09:36,10.8200,20,2
2026-03-06,000001,14:09:42,10.8200,29,2
2026-03-06,000001,14:09:48,10.8300,20,1
2026-03-06,000001,14:09:54,10.8200,98,2
2026-03-06,000001,14:09:57,10.8200,133,2
2026-03-06,000001,14:10:00,10.8300,2,1
2026-03-06,000001,14:10:03,10.8300,20,1
2026-03-06,000001,14:10:09,10.8300,52,1
2026-03-06,000001,14:10:21,10.8200,5,2
2026-03-06,000001,14:10:24,10.8200,465,2
2026-03-06,000001,14:10:27,10.8300,21,1
2026-03-06,000001,14:10:30,10.8300,82,1
2026-03-06,000001,14:10:33,10.8300,19,1
2026-03-06,000001,14:10:36,10.8300,20,1
2026-03-06,000001,14:10:39,10.8300,8,1
2026-03-06,000001,14:10:42,10.8200,36,2
2026-03-06,000001,14:10:45,10.8300,9,1
2026-03-06,000001,14:10:51,10.8200,54,2
2026-03-06,000001,14:10:54,10.8300,327,1
2026-03-06,000001,14:10:57,10.8300,10,1
2026-03-06,000001,14:11:03,10.8200,3,2
2026-03-06,000001,14:11:06,10.8200,29,2
2026-03-06,000001,14:11:12,10.8200,29,2
2026-03-06,000001,14:11:18,10.8300,20,1
2026-03-06,000001,14:11:21,10.8200,7,2
2026-03-06,000001,14:11:24,10.8300,20,1
2026-03-06,000001,14:11:27,10.8300,9,1
2026-03-06,000001,14:11:33,10.8300,26,1
2026-03-06,000001,14:11:39,10.8200,2,2
2026-03-06,000001,14:11:42,10.8300,19,1
2026-03-06,000001,14:11:45,10.8300,50,1
2026-03-06,000001,14:11:48,10.8300,38,1
2026-03-06,000001,14:11:51,10.8200,72,2
2026-03-06,000001,14:11:57,10.8200,5,2
2026-03-06,000001,14:12:00,10.8200,60,2
2026-03-06,000001,14:12:03,10.8300,36,1
2026-03-06,000001,14:12:06,10.8200,3,2
2026-03-06,000001,14:12:09,10.8300,34,1
2026-03-06,000001,14:12:12,10.8200,23,2
2026-03-06,000001,14:12:18,10.8300,3,1
2026-03-06,000001,14:12:21,10.8300,54,1
2026-03-06,000001,14:12:27,10.8200,110,2
2026-03-06,000001,14:12:30,10.8200,26,2
2026-03-06,000001,14:12:33,10.8200,21,2
2026-03-06,000001,14:12:36,10.8300,10,1
2026-03-06,000001,14:12:42,10.8200,67,2
2026-03-06,000001,14:12:45,10.8200,7,2
2026-03-06,000001,14:12:48,10.8200,2,2
2026-03-06,000001,14:12:51,10.8300,29,1
2026-03-06,000001,14:12:54,10.8200,5,2
2026-03-06,000001,14:13:03,10.8300,20,1
2026-03-06,000001,14:13:06,10.8300,11,1
2026-03-06,000001,14:13:09,10.8200,147,2
2026-03-06,000001,14:13:12,10.8200,50,2
2026-03-06,000001,14:13:15,10.8300,32,1
2026-03-06,000001,14:13:21,10.8300,82,1
2026-03-06,000001,14:13:27,10.8300,1,1
2026-03-06,000001,14:13:33,10.8300,55,1
2026-03-06,000001,14:13:36,10.8300,5,1
2026-03-06,000001,14:13:39,10.8300,26,1
2026-03-06,000001,14:13:48,10.8300,20,1
2026-03-06,000001,14:13:51,10.8200,18,2
2026-03-06,000001,14:13:57,10.8200,43,2
2026-03-06,000001,14:14:00,10.8200,28,2
2026-03-06,000001,14:14:03,10.8300,43,1
2026-03-06,000001,14:14:06,10.8300,38,1
2026-03-06,000001,14:14:15,10.8300,20,1
2026-03-06,000001,14:14:21,10.8200,29,2
2026-03-06,000001,14:14:24,10.8300,49,1
2026-03-06,000001,14:14:27,10.8300,20,1
2026-03-06,000001,14:14:36,10.8200,1,2
2026-03-06,000001,14:14:39,10.8200,16,2
2026-03-06,000001,14:14:42,10.8300,46,1
2026-03-06,000001,14:14:45,10.8300,38,1
2026-03-06,000001,14:14:48,10.8300,1,1
2026-03-06,000001,14:14:51,10.8200,178,2
2026-03-06,000001,14:14:54,10.8200,22,2
2026-03-06,000001,14:15:00,10.8300,326,1
2026-03-06,000001,14:15:03,10.8200,14,2
2026-03-06,000001,14:15:06,10.8200,72,2
2026-03-06,000001,14:15:09,10.8300,23,1
2026-03-06,000001,14:15:12,10.8300,89,1
2026-03-06,000001,14:15:15,10.8200,43,2
2026-03-06,000001,14:15:18,10.8200,120,2
2026-03-06,000001,14:15:24,10.8200,20,2
2026-03-06,000001,14:15:27,10.8200,25,2
2026-03-06,000001,14:15:30,10.8200,31,2
2026-03-06,000001,14:15:33,10.8200,38,2
2026-03-06,000001,14:15:36,10.8300,27,1
2026-03-06,000001,14:15:39,10.8200,29,2
2026-03-06,000001,14:15:42,10.8200,15,2
2026-03-06,000001,14:15:45,10.8300,13,1
2026-03-06,000001,14:15:51,10.8200,118,2
2026-03-06,000001,14:15:54,10.8300,102,1
2026-03-06,000001,14:15:57,10.8300,3,1
2026-03-06,000001,14:16:00,10.8200,117,2
2026-03-06,000001,14:16:03,10.8300,89,1
2026-03-06,000001,14:16:06,10.8200,229,2
2026-03-06,000001,14:16:09,10.8300,38,1
2026-03-06,000001,14:16:12,10.8200,20,2
2026-03-06,000001,14:16:15,10.8200,49,2
2026-03-06,000001,14:16:18,10.8300,2,1
2026-03-06,000001,14:16:21,10.8200,42,2
2026-03-06,000001,14:16:24,10.8200,190,2
2026-03-06,000001,14:16:27,10.8200,3,2
2026-03-06,000001,14:16:33,10.8200,21,2
2026-03-06,000001,14:16:36,10.8200,7,2
2026-03-06,000001,14:16:39,10.8200,27,2
2026-03-06,000001,14:16:42,10.8300,2,1
2026-03-06,000001,14:16:45,10.8300,724,1
2026-03-06,000001,14:16:48,10.8200,319,2
2026-03-06,000001,14:16:51,10.8300,36,1
2026-03-06,000001,14:16:54,10.8200,18,2
2026-03-06,000001,14:16:57,10.8200,1163,2
2026-03-06,000001,14:17:00,10.8200,36,2
2026-03-06,000001,14:17:03,10.8200,4,2
2026-03-06,000001,14:17:06,10.8200,8,2
2026-03-06,000001,14:17:09,10.8200,126,2
2026-03-06,000001,14:17:12,10.8300,1,1
2026-03-06,000001,14:17:15,10.8200,27,2
2026-03-06,000001,14:17:18,10.8200,10,2
2026-03-06,000001,14:17:24,10.8200,297,2
2026-03-06,000001,14:17:27,10.8200,95,2
2026-03-06,000001,14:17:30,10.8300,3,1
2026-03-06,000001,14:17:33,10.8300,3,1
2026-03-06,000001,14:17:36,10.8200,113,2
2026-03-06,000001,14:17:39,10.8300,40,1
2026-03-06,000001,14:17:42,10.8200,22,2
2026-03-06,000001,14:17:45,10.8200,23,2
2026-03-06,000001,14:17:48,10.8200,27,2
2026-03-06,000001,14:17:51,10.8300,12,1
2026-03-06,000001,14:17:54,10.8200,38,2
2026-03-06,000001,14:17:57,10.8200,121,2
2026-03-06,000001,14:18:03,10.8300,513,1
2026-03-06,000001,14:18:06,10.8200,10,2
2026-03-06,000001,14:18:09,10.8200,158,2
2026-03-06,000001,14:18:12,10.8200,41,1
2026-03-06,000001,14:18:15,10.8200,5,1
2026-03-06,000001,14:18:18,10.8200,47,1
2026-03-06,000001,14:18:21,10.8200,26,1
2026-03-06,000001,14:18:24,10.8200,47,1
2026-03-06,000001,14:18:27,10.8200,28,1
2026-03-06,000001,14:18:33,10.8100,9,2
2026-03-06,000001,14:18:36,10.8200,6,1
2026-03-06,000001,14:18:39,10.8200,24,1
2026-03-06,000001,14:18:48,10.8200,23,1
2026-03-06,000001,14:18:51,10.8200,49,1
2026-03-06,000001,14:18:54,10.8200,174,1
2026-03-06,000001,14:18:57,10.8200,45,1
2026-03-06,000001,14:19:00,10.8200,210,1
2026-03-06,000001,14:19:03,10.8100,5,2
2026-03-06,000001,14:19:06,10.8200,40,1
2026-03-06,000001,14:19:09,10.8200,3,1
2026-03-06,000001,14:19:12,10.8200,3,1
2026-03-06,000001,14:19:18,10.8200,46,1
2026-03-06,000001,14:19:21,10.8200,4,1
2026-03-06,000001,14:19:24,10.8200,27,1
2026-03-06,000001,14:19:27,10.8200,27,1
2026-03-06,000001,14:19:30,10.8200,24,1
2026-03-06,000001,14:19:33,10.8100,14,2
2026-03-06,000001,14:19:36,10.8100,48,2
2026-03-06,000001,14:19:42,10.8200,50,1
2026-03-06,000001,14:19:45,10.8200,8,1
2026-03-06,000001,14:19:48,10.8200,44,1
2026-03-06,000001,14:19:51,10.8100,27,2
2026-03-06,000001,14:19:54,10.8200,23,1
2026-03-06,000001,14:19:57,10.8100,2,2
2026-03-06,000001,14:20:00,10.8200,23,1
2026-03-06,000001,14:20:03,10.8200,126,1
2026-03-06,000001,14:20:06,10.8200,60,1
2026-03-06,000001,14:20:09,10.8200,22,1
2026-03-06,000001,14:20:12,10.8200,145,1
2026-03-06,000001,14:20:15,10.8200,19,1
2026-03-06,000001,14:20:18,10.8200,19,1
2026-03-06,000001,14:20:21,10.8200,1,1
2026-03-06,000001,14:20:24,10.8200,14,1
2026-03-06,000001,14:20:30,10.8200,21,1
2026-03-06,000001,14:20:36,10.8200,140,1
2026-03-06,000001,14:20:39,10.8200,9,1
2026-03-06,000001,14:20:42,10.8200,21,1
2026-03-06,000001,14:20:45,10.8200,24,1
2026-03-06,000001,14:20:48,10.8200,22,1
2026-03-06,000001,14:20:51,10.8200,23,1
2026-03-06,000001,14:21:00,10.8200,34,1
2026-03-06,000001,14:21:03,10.8100,8,2
2026-03-06,000001,14:21:06,10.8200,40,1
2026-03-06,000001,14:21:09,10.8200,117,1
2026-03-06,000001,14:21:12,10.8200,244,1
2026-03-06,000001,14:21:15,10.8200,22,1
2026-03-06,000001,14:21:18,10.8200,170,1
2026-03-06,000001,14:21:21,10.8200,65,1
2026-03-06,000001,14:21:24,10.8200,14,1
2026-03-06,000001,14:21:27,10.8200,188,1
2026-03-06,000001,14:21:30,10.8200,171,1
2026-03-06,000001,14:21:33,10.8200,1,1
2026-03-06,000001,14:21:36,10.8200,1,1
2026-03-06,000001,14:21:39,10.8100,1,2
2026-03-06,000001,14:21:45,10.8200,86,1
2026-03-06,000001,14:21:48,10.8200,10,1
2026-03-06,000001,14:21:51,10.8200,174,1
2026-03-06,000001,14:21:54,10.8100,3,2
2026-03-06,000001,14:21:57,10.8100,62,2
2026-03-06,000001,14:22:00,10.8200,21,1
2026-03-06,000001,14:22:03,10.8200,23,1
2026-03-06,000001,14:22:09,10.8200,81,1
2026-03-06,000001,14:22:12,10.8200,59,1
2026-03-06,000001,14:22:15,10.8200,9,1
2026-03-06,000001,14:22:18,10.8200,22,1
2026-03-06,000001,14:22:21,10.8200,72,1
2026-03-06,000001,14:22:24,10.8200,256,1
2026-03-06,000001,14:22:27,10.8200,5,1
2026-03-06,000001,14:22:36,10.8200,41,1
2026-03-06,000001,14:22:39,10.8200,95,1
2026-03-06,000001,14:22:42,10.8100,15,2
2026-03-06,000001,14:22:45,10.8200,314,1
2026-03-06,000001,14:22:48,10.8200,21,1
2026-03-06,000001,14:22:54,10.8200,26,1
2026-03-06,000001,14:22:57,10.8200,33,1
2026-03-06,000001,14:23:03,10.8200,68,1
2026-03-06,000001,14:23:06,10.8200,10,1
2026-03-06,000001,14:23:09,10.8200,7,1
2026-03-06,000001,14:23:12,10.8200,13,1
2026-03-06,000001,14:23:15,10.8200,25,1
2026-03-06,000001,14:23:18,10.8200,71,1
2026-03-06,000001,14:23:21,10.8200,23,1
2026-03-06,000001,14:23:24,10.8200,32,1
2026-03-06,000001,14:23:27,10.8200,92,1
2026-03-06,000001,14:23:30,10.8200,48,1
2026-03-06,000001,14:23:33,10.8100,9,2
2026-03-06,000001,14:23:36,10.8200,49,1
2026-03-06,000001,14:23:39,10.8200,40,1
2026-03-06,000001,14:23:42,10.8200,79,1
2026-03-06,000001,14:23:51,10.8100,28,2
2026-03-06,000001,14:23:54,10.8200,21,1
2026-03-06,000001,14:23:57,10.8200,21,1
2026-03-06,000001,14:24:00,10.8200,124,1
2026-03-06,000001,14:24:03,10.8200,93,1
2026-03-06,000001,14:24:06,10.8200,11,1
2026-03-06,000001,14:24:09,10.8200,22,1
2026-03-06,000001,14:24:12,10.8200,22,1
2026-03-06,000001,14:24:15,10.8200,57,1
2026-03-06,000001,14:24:18,10.8200,58,1
2026-03-06,000001,14:24:21,10.8200,61,1
2026-03-06,000001,14:24:24,10.8200,23,1
2026-03-06,000001,14:24:30,10.8200,21,1
2026-03-06,000001,14:24:33,10.8200,76,1
2026-03-06,000001,14:24:36,10.8200,105,1
2026-03-06,000001,14:24:39,10.8200,9,1
2026-03-06,000001,14:24:42,10.8200,4,1
2026-03-06,000001,14:24:45,10.8200,100,1
2026-03-06,000001,14:24:48,10.8200,10,1
2026-03-06,000001,14:24:51,10.8200,56,1
2026-03-06,000001,14:24:54,10.8200,12,1
2026-03-06,000001,14:24:57,10.8200,43,1
2026-03-06,000001,14:25:03,10.8200,1,1
2026-03-06,000001,14:25:06,10.8200,20,1
2026-03-06,000001,14:25:09,10.8200,261,1
2026-03-06,000001,14:25:12,10.8200,25,1
2026-03-06,000001,14:25:15,10.8200,915,1
2026-03-06,000001,14:25:18,10.8200,339,1
2026-03-06,000001,14:25:21,10.8200,112,1
2026-03-06,000001,14:25:24,10.8200,535,1
2026-03-06,000001,14:25:27,10.8200,381,1
2026-03-06,000001,14:25:30,10.8200,172,1
2026-03-06,000001,14:25:33,10.8200,339,1
2026-03-06,000001,14:25:36,10.8200,21,1
2026-03-06,000001,14:25:39,10.8200,136,1
2026-03-06,000001,14:25:42,10.8200,54,1
2026-03-06,000001,14:25:45,10.8200,83,1
2026-03-06,000001,14:25:48,10.8200,108,1
2026-03-06,000001,14:25:51,10.8200,52,1
2026-03-06,000001,14:25:54,10.8100,26,2
2026-03-06,000001,14:25:57,10.8200,2,1
2026-03-06,000001,14:26:00,10.8200,107,1
2026-03-06,000001,14:26:03,10.8100,46,2
2026-03-06,000001,14:26:06,10.8200,71,1
2026-03-06,000001,14:26:09,10.8200,189,1
2026-03-06,000001,14:26:12,10.8200,392,1
2026-03-06,000001,14:26:15,10.8200,383,1
2026-03-06,000001,14:26:18,10.8200,383,2
2026-03-06,000001,14:26:21,10.8200,118,1
2026-03-06,000001,14:26:24,10.8200,46,1
2026-03-06,000001,14:26:30,10.8100,28,2
2026-03-06,000001,14:26:33,10.8200,15,1
2026-03-06,000001,14:26:36,10.8200,23,1
2026-03-06,000001,14:26:42,10.8200,81,1
2026-03-06,000001,14:26:45,10.8100,69,2
2026-03-06,000001,14:26:48,10.8200,11,1
2026-03-06,000001,14:26:51,10.8200,23,1
2026-03-06,000001,14:26:54,10.8100,4,2
2026-03-06,000001,14:26:57,10.8200,102,1
2026-03-06,000001,14:27:00,10.8200,49,1
2026-03-06,000001,14:27:03,10.8200,24,1
2026-03-06,000001,14:27:06,10.8100,6,2
2026-03-06,000001,14:27:12,10.8200,72,1
2026-03-06,000001,14:27:15,10.8200,32,1
2026-03-06,000001,14:27:18,10.8100,103,2
2026-03-06,000001,14:27:21,10.8200,18,1
2026-03-06,000001,14:27:27,10.8200,1,1
2026-03-06,000001,14:27:30,10.8200,78,1
2026-03-06,000001,14:27:33,10.8200,38,1
2026-03-06,000001,14:27:36,10.8200,22,1
2026-03-06,000001,14:27:45,10.8200,31,1
2026-03-06,000001,14:27:48,10.8200,43,1
2026-03-06,000001,14:27:51,10.8200,32,1
2026-03-06,000001,14:27:54,10.8200,51,1
2026-03-06,000001,14:27:57,10.8200,20,1
2026-03-06,000001,14:28:03,10.8200,102,1
2026-03-06,000001,14:28:06,10.8200,25,1
2026-03-06,000001,14:28:09,10.8200,37,1
2026-03-06,000001,14:28:12,10.8200,43,1
2026-03-06,000001,14:28:15,10.8200,22,1
2026-03-06,000001,14:28:18,10.8200,63,1
2026-03-06,000001,14:28:21,10.8200,128,1
2026-03-06,000001,14:28:24,10.8200,100,1
2026-03-06,000001,14:28:27,10.8200,1,1
2026-03-06,000001,14:28:30,10.8200,27,1
2026-03-06,000001,14:28:36,10.8100,38,2
2026-03-06,000001,14:28:39,10.8200,50,1
2026-03-06,000001,14:28:45,10.8100,100,2
2026-03-06,000001,14:28:48,10.8200,42,1
2026-03-06,000001,14:28:51,10.8100,18,2
2026-03-06,000001,14:28:54,10.8100,30,2
2026-03-06,000001,14:29:00,10.8100,53,2
2026-03-06,000001,14:29:03,10.8200,60,1
2026-03-06,000001,14:29:06,10.8100,200,2
2026-03-06,000001,14:29:09,10.8200,67,1
2026-03-06,000001,14:29:18,10.8200,31,1
2026-03-06,000001,14:29:27,10.8100,40,2
2026-03-06,000001,14:29:30,10.8100,76,2
2026-03-06,000001,14:29:33,10.8200,73,1
2026-03-06,000001,14:29:36,10.8200,21,1
2026-03-06,000001,14:29:39,10.8200,8,1
2026-03-06,000001,14:29:42,10.8100,19,2
2026-03-06,000001,14:29:45,10.8100,14,2
2026-03-06,000001,14:29:48,10.8200,2,1
2026-03-06,000001,14:29:51,10.8100,58,2
2026-03-06,000001,14:29:54,10.8200,20,1
2026-03-06,000001,14:29:57,10.8200,1,1
2026-03-06,000001,14:30:00,10.8100,62,2
2026-03-06,000001,14:30:03,10.8200,129,1
2026-03-06,000001,14:30:06,10.8200,145,1
2026-03-06,000001,14:30:09,10.8200,2,1
2026-03-06,000001,14:30:12,10.8100,8,2
2026-03-06,000001,14:30:15,10.8200,18,1
2026-03-06,000001,14:30:18,10.8200,21,1
2026-03-06,000001,14:30:21,10.8200,1,1
2026-03-06,000001,14:30:24,10.8100,50,2
2026-03-06,000001,14:30:27,10.8200,22,1
2026-03-06,000001,14:30:33,10.8200,47,1
2026-03-06,000001,14:30:36,10.8200,30,1
2026-03-06,000001,14:30:39,10.8100,98,2
2026-03-06,000001,14:30:42,10.8200,25,1
2026-03-06,000001,14:30:45,10.8200,89,1
2026-03-06,000001,14:30:48,10.8200,107,1
2026-03-06,000001,14:30:51,10.8200,71,1
2026-03-06,000001,14:30:54,10.8100,11,2
2026-03-06,000001,14:31:00,10.8200,49,1
2026-03-06,000001,14:31:03,10.8100,3,2
2026-03-06,000001,14:31:06,10.8200,28,1
2026-03-06,000001,14:31:09,10.8100,187,2
2026-03-06,000001,14:31:12,10.8100,6,2
2026-03-06,000001,14:31:15,10.8100,18,2
2026-03-06,000001,14:31:18,10.8200,29,1
2026-03-06,000001,14:31:21,10.8200,24,1
2026-03-06,000001,14:31:24,10.8200,37,1
2026-03-06,000001,14:31:27,10.8100,70,2
2026-03-06,000001,14:31:30,10.8200,42,1
2026-03-06,000001,14:31:33,10.8100,48,2
2026-03-06,000001,14:31:36,10.8200,77,1
2026-03-06,000001,14:31:39,10.8200,20,1
2026-03-06,000001,14:31:42,10.8100,8,2
2026-03-06,000001,14:31:45,10.8200,15,1
2026-03-06,000001,14:31:48,10.8200,47,1
2026-03-06,000001,14:31:54,10.8200,4,1
2026-03-06,000001,14:31:57,10.8200,23,1
2026-03-06,000001,14:32:00,10.8200,30,1
2026-03-06,000001,14:32:03,10.8200,7,1
2026-03-06,000001,14:32:06,10.8200,21,1
2026-03-06,000001,14:32:09,10.8200,25,1
2026-03-06,000001,14:32:12,10.8200,33,1
2026-03-06,000001,14:32:15,10.8200,9,1
2026-03-06,000001,14:32:18,10.8200,200,1
2026-03-06,000001,14:32:21,10.8100,133,2
2026-03-06,000001,14:32:24,10.8100,19,2
2026-03-06,000001,14:32:27,10.8100,21,2
2026-03-06,000001,14:32:30,10.8200,43,1
2026-03-06,000001,14:32:33,10.8200,8,1
2026-03-06,000001,14:32:36,10.8200,20,1
2026-03-06,000001,14:32:39,10.8100,120,2
2026-03-06,000001,14:32:42,10.8200,132,1
2026-03-06,000001,14:32:45,10.8200,136,1
2026-03-06,000001,14:32:48,10.8200,21,1
2026-03-06,000001,14:32:51,10.8200,50,1
2026-03-06,000001,14:32:57,10.8200,204,1
2026-03-06,000001,14:33:03,10.8200,40,1
2026-03-06,000001,14:33:06,10.8200,37,1
2026-03-06,000001,14:33:09,10.8200,46,1
2026-03-06,000001,14:33:12,10.8200,30,1
2026-03-06,000001,14:33:15,10.8100,1,2
2026-03-06,000001,14:33:18,10.8200,80,1
2026-03-06,000001,14:33:21,10.8200,21,1
2026-03-06,000001,14:33:24,10.8100,54,2
2026-03-06,000001,14:33:27,10.8200,33,1
2026-03-06,000001,14:33:30,10.8200,37,1
2026-03-06,000001,14:33:33,10.8200,6,1
2026-03-06,000001,14:33:36,10.8200,49,1
2026-03-06,000001,14:33:39,10.8200,105,1
2026-03-06,000001,14:33:42,10.8200,29,1
2026-03-06,000001,14:33:45,10.8200,65,1
2026-03-06,000001,14:33:48,10.8200,32,1
2026-03-06,000001,14:33:51,10.8200,369,1
2026-03-06,000001,14:33:54,10.8200,223,1
2026-03-06,000001,14:33:57,10.8200,45,1
2026-03-06,000001,14:34:00,10.8200,312,1
2026-03-06,000001,14:34:03,10.8200,12,1
2026-03-06,000001,14:34:06,10.8100,2,2
2026-03-06,000001,14:34:09,10.8200,49,1
2026-03-06,000001,14:34:12,10.8100,53,2
2026-03-06,000001,14:34:15,10.8200,220,1
2026-03-06,000001,14:34:18,10.8200,588,1
2026-03-06,000001,14:34:21,10.8200,735,1
2026-03-06,000001,14:34:24,10.8200,202,1
2026-03-06,000001,14:34:27,10.8200,102,1
2026-03-06,000001,14:34:30,10.8200,337,1
2026-03-06,000001,14:34:33,10.8200,245,1
2026-03-06,000001,14:34:36,10.8200,44,1
2026-03-06,000001,14:34:39,10.8100,181,2
2026-03-06,000001,14:34:42,10.8100,29,2
2026-03-06,000001,14:34:45,10.8200,100,1
2026-03-06,000001,14:34:48,10.8200,66,1
2026-03-06,000001,14:34:51,10.8200,57,1
2026-03-06,000001,14:34:57,10.8200,25,1
2026-03-06,000001,14:35:00,10.8200,670,1
2026-03-06,000001,14:35:03,10.8200,551,1
2026-03-06,000001,14:35:06,10.8200,115,1
2026-03-06,000001,14:35:09,10.8200,399,1
2026-03-06,000001,14:35:12,10.8200,214,2
2026-03-06,000001,14:35:15,10.8300,85,1
2026-03-06,000001,14:35:18,10.8300,35,1
2026-03-06,000001,14:35:21,10.8300,11,1
2026-03-06,000001,14:35:24,10.8300,3,1
2026-03-06,000001,14:35:27,10.8200,81,2
2026-03-06,000001,14:35:30,10.8200,60,2
2026-03-06,000001,14:35:33,10.8300,6,1
2026-03-06,000001,14:35:36,10.8300,26,1
2026-03-06,000001,14:35:39,10.8300,2,1
2026-03-06,000001,14:35:42,10.8200,10,2
2026-03-06,000001,14:35:45,10.8300,42,1
2026-03-06,000001,14:35:48,10.8300,19,1
2026-03-06,000001,14:35:54,10.8200,8,2
2026-03-06,000001,14:35:57,10.8200,31,2
2026-03-06,000001,14:36:00,10.8300,69,1
2026-03-06,000001,14:36:03,10.8200,10,2
2026-03-06,000001,14:36:06,10.8300,25,1
2026-03-06,000001,14:36:09,10.8300,114,1
2026-03-06,000001,14:36:12,10.8200,15,2
2026-03-06,000001,14:36:15,10.8200,1,2
2026-03-06,000001,14:36:18,10.8300,35,1
2026-03-06,000001,14:36:24,10.8200,549,2
2026-03-06,000001,14:36:27,10.8200,12,2
2026-03-06,000001,14:36:33,10.8200,17,2
2026-03-06,000001,14:36:36,10.8200,1,2
2026-03-06,000001,14:36:39,10.8200,58,2
2026-03-06,000001,14:36:42,10.8300,27,1
2026-03-06,000001,14:36:45,10.8200,30,2
2026-03-06,000001,14:36:48,10.8200,24,2
2026-03-06,000001,14:36:51,10.8200,20,2
2026-03-06,000001,14:36:54,10.8200,7,2
2026-03-06,000001,14:36:57,10.8300,18,1
2026-03-06,000001,14:37:00,10.8200,221,2
2026-03-06,000001,14:37:03,10.8200,87,2
2026-03-06,000001,14:37:06,10.8200,33,2
2026-03-06,000001,14:37:09,10.8200,8,2
2026-03-06,000001,14:37:12,10.8300,3,1
2026-03-06,000001,14:37:15,10.8200,9,2
2026-03-06,000001,14:37:18,10.8200,17,2
2026-03-06,000001,14:37:21,10.8200,10,2
2026-03-06,000001,14:37:24,10.8200,26,2
2026-03-06,000001,14:37:27,10.8300,5,1
2026-03-06,000001,14:37:30,10.8300,887,1
2026-03-06,000001,14:37:33,10.8200,59,2
2026-03-06,000001,14:37:36,10.8200,297,2
2026-03-06,000001,14:37:42,10.8300,1,1
2026-03-06,000001,14:37:45,10.8200,176,2
2026-03-06,000001,14:37:48,10.8300,16,1
2026-03-06,000001,14:37:51,10.8200,20,2
2026-03-06,000001,14:37:54,10.8200,1,2
2026-03-06,000001,14:37:57,10.8200,112,2
2026-03-06,000001,14:38:00,10.8300,5,1
2026-03-06,000001,14:38:03,10.8200,64,2
2026-03-06,000001,14:38:06,10.8200,152,2
2026-03-06,000001,14:38:09,10.8300,11,1
2026-03-06,000001,14:38:12,10.8300,61,1
2026-03-06,000001,14:38:15,10.8200,28,2
2026-03-06,000001,14:38:18,10.8200,31,2
2026-03-06,000001,14:38:21,10.8200,8,2
2026-03-06,000001,14:38:24,10.8300,6,1
2026-03-06,000001,14:38:27,10.8200,80,2
2026-03-06,000001,14:38:30,10.8200,113,2
2026-03-06,000001,14:38:36,10.8200,542,2
2026-03-06,000001,14:38:39,10.8200,57,2
2026-03-06,000001,14:38:42,10.8300,81,1
2026-03-06,000001,14:38:48,10.8300,55,1
2026-03-06,000001,14:38:51,10.8200,15,2
2026-03-06,000001,14:38:57,10.8200,5,2
2026-03-06,000001,14:39:00,10.8200,237,2
2026-03-06,000001,14:39:06,10.8200,24,2
2026-03-06,000001,14:39:09,10.8200,5,2
2026-03-06,000001,14:39:12,10.8300,61,1
2026-03-06,000001,14:39:15,10.8200,143,2
2026-03-06,000001,14:39:18,10.8300,37,1
2026-03-06,000001,14:39:21,10.8200,10,2
2026-03-06,000001,14:39:24,10.8200,10,2
2026-03-06,000001,14:39:27,10.8300,32,1
2026-03-06,000001,14:39:30,10.8200,39,2
2026-03-06,000001,14:39:33,10.8200,8,2
2026-03-06,000001,14:39:36,10.8200,39,2
2026-03-06,000001,14:39:39,10.8200,23,2
2026-03-06,000001,14:39:45,10.8200,26,2
2026-03-06,000001,14:39:48,10.8300,6,1
2026-03-06,000001,14:39:51,10.8200,35,2
2026-03-06,000001,14:39:54,10.8200,10,2
2026-03-06,000001,14:39:57,10.8200,50,2
2026-03-06,000001,14:40:00,10.8200,126,2
2026-03-06,000001,14:40:03,10.8300,64,1
2026-03-06,000001,14:40:06,10.8300,56,1
2026-03-06,000001,14:40:09,10.8200,5,2
2026-03-06,000001,14:40:12,10.8200,54,2
2026-03-06,000001,14:40:15,10.8200,11,2
2026-03-06,000001,14:40:18,10.8300,7,1
2026-03-06,000001,14:40:21,10.8300,11,1
2026-03-06,000001,14:40:24,10.8300,45,1
2026-03-06,000001,14:40:27,10.8200,122,2
2026-03-06,000001,14:40:30,10.8300,8,1
2026-03-06,000001,14:40:33,10.8300,78,1
2026-03-06,000001,14:40:36,10.8300,33,1
2026-03-06,000001,14:40:39,10.8300,30,1
2026-03-06,000001,14:40:42,10.8300,68,1
2026-03-06,000001,14:40:45,10.8300,19,1
2026-03-06,000001,14:40:48,10.8300,7,1
2026-03-06,000001,14:40:51,10.8300,177,1
2026-03-06,000001,14:40:54,10.8200,8,2
2026-03-06,000001,14:40:57,10.8300,179,1
2026-03-06,000001,14:41:00,10.8200,2,2
2026-03-06,000001,14:41:03,10.8200,94,2
2026-03-06,000001,14:41:06,10.8300,16,1
2026-03-06,000001,14:41:09,10.8300,38,1
2026-03-06,000001,14:41:12,10.8200,181,2
2026-03-06,000001,14:41:15,10.8300,23,1
2026-03-06,000001,14:41:18,10.8200,16,2
2026-03-06,000001,14:41:21,10.8200,63,2
2026-03-06,000001,14:41:24,10.8200,16,2
2026-03-06,000001,14:41:27,10.8300,50,1
2026-03-06,000001,14:41:30,10.8300,6,1
2026-03-06,000001,14:41:33,10.8200,57,2
2026-03-06,000001,14:41:36,10.8300,2,1
2026-03-06,000001,14:41:42,10.8300,22,1
2026-03-06,000001,14:41:45,10.8200,25,2
2026-03-06,000001,14:41:48,10.8300,6,1
2026-03-06,000001,14:41:51,10.8300,22,1
2026-03-06,000001,14:41:57,10.8300,80,1
2026-03-06,000001,14:42:03,10.8200,67,2
2026-03-06,000001,14:42:06,10.8300,26,1
2026-03-06,000001,14:42:09,10.8200,53,2
2026-03-06,000001,14:42:12,10.8200,48,2
2026-03-06,000001,14:42:15,10.8300,59,1
2026-03-06,000001,14:42:18,10.8300,66,1
2026-03-06,000001,14:42:21,10.8300,10,1
2026-03-06,000001,14:42:24,10.8200,528,2
2026-03-06,000001,14:42:30,10.8200,10,2
2026-03-06,000001,14:42:33,10.8200,100,2
2026-03-06,000001,14:42:36,10.8200,21,2
2026-03-06,000001,14:42:39,10.8200,4,2
2026-03-06,000001,14:42:42,10.8200,24,2
2026-03-06,000001,14:42:45,10.8300,2,1
2026-03-06,000001,14:42:48,10.8300,27,1
2026-03-06,000001,14:42:51,10.8300,94,1
2026-03-06,000001,14:42:54,10.8300,78,1
2026-03-06,000001,14:43:00,10.8300,22,1
2026-03-06,000001,14:43:03,10.8200,233,2
2026-03-06,000001,14:43:06,10.8200,36,2
2026-03-06,000001,14:43:09,10.8200,38,2
2026-03-06,000001,14:43:12,10.8300,2,1
2026-03-06,000001,14:43:15,10.8200,21,2
2026-03-06,000001,14:43:18,10.8300,17,1
2026-03-06,000001,14:43:21,10.8300,82,1
2026-03-06,000001,14:43:24,10.8300,30,1
2026-03-06,000001,14:43:30,10.8200,37,2
2026-03-06,000001,14:43:33,10.8200,193,2
2026-03-06,000001,14:43:36,10.8200,19,2
2026-03-06,000001,14:43:39,10.8200,9,2
2026-03-06,000001,14:43:42,10.8200,9,2
2026-03-06,000001,14:43:45,10.8300,60,1
2026-03-06,000001,14:43:48,10.8200,137,2
2026-03-06,000001,14:43:51,10.8300,54,1
2026-03-06,000001,14:43:54,10.8200,28,2
2026-03-06,000001,14:43:57,10.8200,25,2
2026-03-06,000001,14:44:00,10.8300,15,1
2026-03-06,000001,14:44:03,10.8300,615,1
2026-03-06,000001,14:44:06,10.8300,107,1
2026-03-06,000001,14:44:09,10.8300,17,1
2026-03-06,000001,14:44:12,10.8300,30,1
2026-03-06,000001,14:44:15,10.8200,53,2
2026-03-06,000001,14:44:18,10.8300,1,1
2026-03-06,000001,14:44:21,10.8200,124,2
2026-03-06,000001,14:44:24,10.8300,17,1
2026-03-06,000001,14:44:27,10.8300,127,1
2026-03-06,000001,14:44:30,10.8300,121,1
2026-03-06,000001,14:44:33,10.8200,42,2
2026-03-06,000001,14:44:36,10.8200,159,2
2026-03-06,000001,14:44:39,10.8200,31,2
2026-03-06,000001,14:44:42,10.8300,48,1
2026-03-06,000001,14:44:48,10.8200,31,2
2026-03-06,000001,14:44:51,10.8200,11,2
2026-03-06,000001,14:44:54,10.8300,29,1
2026-03-06,000001,14:44:57,10.8200,54,2
2026-03-06,000001,14:45:00,10.8200,35,2
2026-03-06,000001,14:45:03,10.8300,70,1
2026-03-06,000001,14:45:06,10.8300,11,1
2026-03-06,000001,14:45:09,10.8300,31,1
2026-03-06,000001,14:45:15,10.8200,35,2
2026-03-06,000001,14:45:18,10.8300,39,1
2026-03-06,000001,14:45:21,10.8300,215,1
2026-03-06,000001,14:45:24,10.8300,18,1
2026-03-06,000001,14:45:30,10.8200,28,2
2026-03-06,000001,14:45:33,10.8200,32,2
2026-03-06,000001,14:45:36,10.8300,65,1
2026-03-06,000001,14:45:39,10.8300,47,1
2026-03-06,000001,14:45:42,10.8200,28,2
2026-03-06,000001,14:45:45,10.8200,48,2
2026-03-06,000001,14:45:48,10.8300,1,1
2026-03-06,000001,14:45:51,10.8200,12,2
2026-03-06,000001,14:45:54,10.8300,34,1
2026-03-06,000001,14:45:57,10.8200,164,2
2026-03-06,000001,14:46:00,10.8200,72,2
2026-03-06,000001,14:46:03,10.8200,35,2
2026-03-06,000001,14:46:06,10.8300,32,1
2026-03-06,000001,14:46:09,10.8200,119,2
2026-03-06,000001,14:46:12,10.8200,23,2
2026-03-06,000001,14:46:15,10.8200,66,2
2026-03-06,000001,14:46:18,10.8200,183,2
2026-03-06,000001,14:46:21,10.8200,21,2
2026-03-06,000001,14:46:24,10.8300,39,1
2026-03-06,000001,14:46:30,10.8200,16,2
2026-03-06,000001,14:46:33,10.8300,7,1
2026-03-06,000001,14:46:36,10.8200,43,2
2026-03-06,000001,14:46:39,10.8300,71,1
2026-03-06,000001,14:46:42,10.8200,60,2
2026-03-06,000001,14:46:45,10.8200,45,2
2026-03-06,000001,14:46:48,10.8200,20,2
2026-03-06,000001,14:46:51,10.8300,23,1
2026-03-06,000001,14:46:54,10.8300,5,1
2026-03-06,000001,14:46:57,10.8200,9,2
2026-03-06,000001,14:47:00,10.8200,28,2
2026-03-06,000001,14:47:03,10.8200,127,2
2026-03-06,000001,14:47:06,10.8300,115,1
2026-03-06,000001,14:47:09,10.8300,28,1
2026-03-06,000001,14:47:12,10.8300,254,1
2026-03-06,000001,14:47:15,10.8200,118,2
2026-03-06,000001,14:47:18,10.8200,9,2
2026-03-06,000001,14:47:21,10.8300,126,1
2026-03-06,000001,14:47:24,10.8200,718,2
2026-03-06,000001,14:47:27,10.8300,47,1
2026-03-06,000001,14:47:33,10.8300,37,1
2026-03-06,000001,14:47:36,10.8300,57,1
2026-03-06,000001,14:47:39,10.8300,27,1
2026-03-06,000001,14:47:42,10.8300,9,1
2026-03-06,000001,14:47:45,10.8300,75,1
2026-03-06,000001,14:47:48,10.8200,19,2
2026-03-06,000001,14:47:51,10.8200,16,2
2026-03-06,000001,14:47:54,10.8300,61,1
2026-03-06,000001,14:47:57,10.8300,24,1
2026-03-06,000001,14:48:00,10.8200,127,2
2026-03-06,000001,14:48:03,10.8200,10,2
2026-03-06,000001,14:48:06,10.8300,187,1
2026-03-06,000001,14:48:09,10.8300,23,1
2026-03-06,000001,14:48:12,10.8300,1495,1
2026-03-06,000001,14:48:15,10.8200,21,2
2026-03-06,000001,14:48:18,10.8300,78,1
2026-03-06,000001,14:48:21,10.8200,177,2
2026-03-06,000001,14:48:24,10.8300,18,1
2026-03-06,000001,14:48:27,10.8300,41,1
2026-03-06,000001,14:48:30,10.8300,54,1
2026-03-06,000001,14:48:33,10.8300,148,1
2026-03-06,000001,14:48:36,10.8300,2,1
2026-03-06,000001,14:48:39,10.8300,52,1
2026-03-06,000001,14:48:42,10.8300,312,1
2026-03-06,000001,14:48:45,10.8300,22,1
2026-03-06,000001,14:48:48,10.8300,49,1
2026-03-06,000001,14:48:51,10.8300,708,1
2026-03-06,000001,14:48:54,10.8300,243,1
2026-03-06,000001,14:48:57,10.8200,31,2
2026-03-06,000001,14:49:00,10.8300,132,1
2026-03-06,000001,14:49:03,10.8300,761,1
2026-03-06,000001,14:49:06,10.8300,246,1
2026-03-06,000001,14:49:09,10.8300,285,1
2026-03-06,000001,14:49:12,10.8300,8,1
2026-03-06,000001,14:49:15,10.8300,24,1
2026-03-06,000001,14:49:18,10.8200,6,2
2026-03-06,000001,14:49:21,10.8300,101,1
2026-03-06,000001,14:49:24,10.8300,46,1
2026-03-06,000001,14:49:27,10.8300,49,1
2026-03-06,000001,14:49:30,10.8300,35,1
2026-03-06,000001,14:49:33,10.8300,24,1
2026-03-06,000001,14:49:36,10.8200,410,2
2026-03-06,000001,14:49:39,10.8200,180,2
2026-03-06,000001,14:49:42,10.8300,97,1
2026-03-06,000001,14:49:45,10.8200,23,2
2026-03-06,000001,14:49:48,10.8300,100,1
2026-03-06,000001,14:49:51,10.8300,6,1
2026-03-06,000001,14:49:54,10.8300,26,1
2026-03-06,000001,14:49:57,10.8200,132,2
2026-03-06,000001,14:50:00,10.8300,6,1
2026-03-06,000001,14:50:03,10.8300,490,1
2026-03-06,000001,14:50:06,10.8200,311,2
2026-03-06,000001,14:50:09,10.8300,383,1
2026-03-06,000001,14:50:12,10.8300,88,1
2026-03-06,000001,14:50:15,10.8300,227,1
2026-03-06,000001,14:50:21,10.8200,115,2
2026-03-06,000001,14:50:24,10.8300,53,1
2026-03-06,000001,14:50:27,10.8300,181,1
2026-03-06,000001,14:50:30,10.8200,20,2
2026-03-06,000001,14:50:33,10.8200,615,2
2026-03-06,000001,14:50:36,10.8300,58,1
2026-03-06,000001,14:50:39,10.8200,213,2
2026-03-06,000001,14:50:42,10.8300,110,1
2026-03-06,000001,14:50:45,10.8300,49,1
2026-03-06,000001,14:50:48,10.8200,10,2
2026-03-06,000001,14:50:51,10.8200,20,2
2026-03-06,000001,14:50:54,10.8300,44,1
2026-03-06,000001,14:50:57,10.8300,22,1
2026-03-06,000001,14:51:00,10.8200,200,2
2026-03-06,000001,14:51:03,10.8300,101,1
2026-03-06,000001,14:51:06,10.8300,688,1
2026-03-06,000001,14:51:09,10.8200,470,2
2026-03-06,000001,14:51:12,10.8300,20,1
2026-03-06,000001,14:51:15,10.8200,11,2
2026-03-06,000001,14:51:18,10.8300,300,1
2026-03-06,000001,14:51:21,10.8300,6,1
2026-03-06,000001,14:51:24,10.8300,26,1
2026-03-06,000001,14:51:27,10.8200,48,2
2026-03-06,000001,14:51:30,10.8300,6,1
2026-03-06,000001,14:51:33,10.8200,73,2
2026-03-06,000001,14:51:36,10.8200,48,2
2026-03-06,000001,14:51:39,10.8200,83,2
2026-03-06,000001,14:51:42,10.8200,4,2
2026-03-06,000001,14:51:45,10.8200,5,2
2026-03-06,000001,14:51:48,10.8300,27,1
2026-03-06,000001,14:51:51,10.8300,3,1
2026-03-06,000001,14:51:54,10.8300,111,1
2026-03-06,000001,14:51:57,10.8300,16,1
2026-03-06,000001,14:52:00,10.8200,10,2
2026-03-06,000001,14:52:03,10.8200,56,2
2026-03-06,000001,14:52:06,10.8200,267,2
2026-03-06,000001,14:52:09,10.8200,124,2
2026-03-06,000001,14:52:12,10.8200,223,2
2026-03-06,000001,14:52:15,10.8300,520,1
2026-03-06,000001,14:52:18,10.8300,1,1
2026-03-06,000001,14:52:21,10.8200,360,2
2026-03-06,000001,14:52:24,10.8200,903,2
2026-03-06,000001,14:52:27,10.8200,37,2
2026-03-06,000001,14:52:30,10.8200,139,2
2026-03-06,000001,14:52:33,10.8200,28,2
2026-03-06,000001,14:52:36,10.8200,99,2
2026-03-06,000001,14:52:39,10.8200,107,2
2026-03-06,000001,14:52:42,10.8200,23,2
2026-03-06,000001,14:52:45,10.8200,39,2
2026-03-06,000001,14:52:48,10.8300,1,1
2026-03-06,000001,14:52:51,10.8300,13,1
2026-03-06,000001,14:52:54,10.8300,8,1
2026-03-06,000001,14:52:57,10.8300,93,1
2026-03-06,000001,14:53:00,10.8300,99,1
2026-03-06,000001,14:53:03,10.8200,26,2
2026-03-06,000001,14:53:06,10.8300,28,1
2026-03-06,000001,14:53:09,10.8200,108,2
2026-03-06,000001,14:53:12,10.8300,21,1
2026-03-06,000001,14:53:15,10.8200,101,2
2026-03-06,000001,14:53:18,10.8200,25,2
2026-03-06,000001,14:53:21,10.8200,132,2
2026-03-06,000001,14:53:24,10.8200,169,2
2026-03-06,000001,14:53:27,10.8200,21,2
2026-03-06,000001,14:53:30,10.8200,8,2
2026-03-06,000001,14:53:33,10.8200,96,2
2026-03-06,000001,14:53:36,10.8200,18,2
2026-03-06,000001,14:53:39,10.8200,169,2
2026-03-06,000001,14:53:42,10.8200,4,2
2026-03-06,000001,14:53:45,10.8200,381,2
2026-03-06,000001,14:53:48,10.8200,59,2
2026-03-06,000001,14:53:51,10.8200,158,2
2026-03-06,000001,14:53:54,10.8200,28,2
2026-03-06,000001,14:53:57,10.8200,14,2
2026-03-06,000001,14:54:00,10.8200,34,2
2026-03-06,000001,14:54:03,10.8200,888,2
2026-03-06,000001,14:54:06,10.8200,61,2
2026-03-06,000001,14:54:09,10.8200,365,2
2026-03-06,000001,14:54:12,10.8200,81,2
2026-03-06,000001,14:54:15,10.8200,1280,2
2026-03-06,000001,14:54:18,10.8200,56,2
2026-03-06,000001,14:54:21,10.8200,28,2
2026-03-06,000001,14:54:24,10.8200,165,2
2026-03-06,000001,14:54:27,10.8200,29,2
2026-03-06,000001,14:54:30,10.8200,33,2
2026-03-06,000001,14:54:33,10.8200,183,2
2026-03-06,000001,14:54:36,10.8300,63,1
2026-03-06,000001,14:54:39,10.8200,191,2
2026-03-06,000001,14:54:42,10.8200,12,2
2026-03-06,000001,14:54:45,10.8300,93,1
2026-03-06,000001,14:54:48,10.8200,255,2
2026-03-06,000001,14:54:51,10.8300,15,1
2026-03-06,000001,14:54:54,10.8300,93,1
2026-03-06,000001,14:54:57,10.8200,18,2
2026-03-06,000001,14:55:00,10.8300,200,1
2026-03-06,000001,14:55:03,10.8200,1208,2
2026-03-06,000001,14:55:06,10.8300,114,1
2026-03-06,000001,14:55:09,10.8200,216,2
2026-03-06,000001,14:55:12,10.8200,134,2
2026-03-06,000001,14:55:15,10.8300,108,1
2026-03-06,000001,14:55:18,10.8200,72,2
2026-03-06,000001,14:55:21,10.8300,160,1
2026-03-06,000001,14:55:24,10.8300,12,1
2026-03-06,000001,14:55:27,10.8300,154,1
2026-03-06,000001,14:55:30,10.8200,21,2
2026-03-06,000001,14:55:33,10.8200,137,2
2026-03-06,000001,14:55:36,10.8200,114,2
2026-03-06,000001,14:55:39,10.8200,16,2
2026-03-06,000001,14:55:42,10.8300,75,1
2026-03-06,000001,14:55:45,10.8300,130,1
2026-03-06,000001,14:55:48,10.8300,329,1
2026-03-06,000001,14:55:51,10.8300,231,1
2026-03-06,000001,14:55:54,10.8300,2906,1
2026-03-06,000001,14:55:57,10.8200,81,2
2026-03-06,000001,14:56:00,10.8300,30,1
2026-03-06,000001,14:56:03,10.8200,1192,2
2026-03-06,000001,14:56:06,10.8200,178,2
2026-03-06,000001,14:56:09,10.8300,36,1
2026-03-06,000001,14:56:12,10.8300,184,1
2026-03-06,000001,14:56:15,10.8300,19,1
2026-03-06,000001,14:56:18,10.8300,18,1
2026-03-06,000001,14:56:21,10.8300,66,1
2026-03-06,000001,14:56:24,10.8200,135,2
2026-03-06,000001,14:56:27,10.8300,27,1
2026-03-06,000001,14:56:30,10.8300,308,1
2026-03-06,000001,14:56:33,10.8200,286,2
2026-03-06,000001,14:56:36,10.8300,102,1
2026-03-06,000001,14:56:39,10.8300,200,1
2026-03-06,000001,14:56:42,10.8300,305,1
2026-03-06,000001,14:56:45,10.8300,17,1
2026-03-06,000001,14:56:48,10.8300,58,1
2026-03-06,000001,14:56:51,10.8200,152,2
2026-03-06,000001,14:56:54,10.8300,159,1
2026-03-06,000001,14:56:57,10.8200,70,2
2026-03-06,000001,14:57:00,10.8300,9,1
2026-03-06,000001,15:00:00,10.8200,6768,4
2026-03-06,000001,11:17:54,10.7900,5,1
2026-03-06,000001,11:17:57,10.7800,20,2
2026-03-06,000001,11:18:00,10.7800,96,2
2026-03-06,000001,11:18:09,10.7800,30,2
2026-03-06,000001,11:18:12,10.7900,36,1
2026-03-06,000001,11:18:15,10.7900,2,1
2026-03-06,000001,11:18:18,10.7800,14,2
2026-03-06,000001,11:18:21,10.7900,29,1
2026-03-06,000001,11:18:24,10.7800,19,2
2026-03-06,000001,11:18:27,10.7800,32,2
2026-03-06,000001,11:18:30,10.7800,20,2
2026-03-06,000001,11:18:33,10.7800,89,2
2026-03-06,000001,11:18:36,10.7900,9,1
2026-03-06,000001,11:18:39,10.7900,1,1
2026-03-06,000001,11:18:45,10.7800,32,2
2026-03-06,000001,11:18:48,10.7900,6,1
2026-03-06,000001,11:18:54,10.7900,43,1
2026-03-06,000001,11:18:57,10.7900,77,1
2026-03-06,000001,11:19:00,10.7900,1,1
2026-03-06,000001,11:19:03,10.7800,15,2
2026-03-06,000001,11:19:06,10.7800,24,2
2026-03-06,000001,11:19:09,10.7800,75,2
2026-03-06,000001,11:19:12,10.7800,24,2
2026-03-06,000001,11:19:15,10.7900,3,1
2026-03-06,000001,11:19:24,10.7800,14,2
2026-03-06,000001,11:19:27,10.7900,43,1
2026-03-06,000001,11:19:30,10.7900,11,1
2026-03-06,000001,11:19:33,10.7900,11,1
2026-03-06,000001,11:19:36,10.7900,148,1
2026-03-06,000001,11:19:39,10.7800,27,2
2026-03-06,000001,11:19:45,10.7800,11,2
2026-03-06,000001,11:19:51,10.7800,32,2
2026-03-06,000001,11:19:54,10.7800,7,2
2026-03-06,000001,11:19:57,10.7800,1,2
2026-03-06,000001,11:20:00,10.7800,1,2
2026-03-06,000001,11:20:03,10.7900,10,1
2026-03-06,000001,11:20:06,10.7900,30,1
2026-03-06,000001,11:20:09,10.7800,105,2
2026-03-06,000001,11:20:12,10.7800,15,2
2026-03-06,000001,11:20:15,10.7900,1463,1
2026-03-06,000001,11:20:18,10.7800,171,2
2026-03-06,000001,11:20:21,10.7800,24,2
2026-03-06,000001,11:20:24,10.7800,1082,2
2026-03-06,000001,11:20:27,10.7900,132,1
2026-03-06,000001,11:20:33,10.7900,752,1
2026-03-06,000001,11:20:36,10.7800,131,2
2026-03-06,000001,11:20:39,10.7800,29,2
2026-03-06,000001,11:20:48,10.7800,146,2
2026-03-06,000001,11:20:51,10.7800,17,2
2026-03-06,000001,11:20:54,10.7900,81,1
2026-03-06,000001,11:20:57,10.7800,8,2
2026-03-06,000001,11:21:00,10.7900,207,1
2026-03-06,000001,11:21:03,10.7900,31,1
2026-03-06,000001,11:21:06,10.7900,26,1
2026-03-06,000001,11:21:09,10.7900,33,1
2026-03-06,000001,11:21:12,10.7900,84,1
2026-03-06,000001,11:21:15,10.7900,9,1
2026-03-06,000001,11:21:18,10.7900,386,1
2026-03-06,000001,11:21:21,10.7900,125,1
2026-03-06,000001,11:21:24,10.7900,79,1
2026-03-06,000001,11:21:27,10.7900,508,1
2026-03-06,000001,11:21:30,10.7900,61,1
2026-03-06,000001,11:21:33,10.7900,10,1
2026-03-06,000001,11:21:36,10.7900,17,1
2026-03-06,000001,11:21:39,10.7900,97,1
2026-03-06,000001,11:21:45,10.7900,186,1
2026-03-06,000001,11:21:48,10.7800,10,2
2026-03-06,000001,11:21:51,10.7900,5,1
2026-03-06,000001,11:21:57,10.7800,548,2
2026-03-06,000001,11:22:00,10.7900,112,1
2026-03-06,000001,11:22:03,10.7900,256,1
2026-03-06,000001,11:22:06,10.7900,102,1
2026-03-06,000001,11:22:09,10.7800,278,2
2026-03-06,000001,11:22:12,10.7900,5,1
2026-03-06,000001,11:22:15,10.7900,1083,1
2026-03-06,000001,11:22:18,10.7900,215,1
2026-03-06,000001,11:22:21,10.7900,81,1
2026-03-06,000001,11:22:24,10.7900,324,2
2026-03-06,000001,11:22:39,10.7800,64,2
2026-03-06,000001,11:22:42,10.7900,61,1
2026-03-06,000001,11:22:48,10.7900,1,1
2026-03-06,000001,11:22:54,10.7900,828,1
2026-03-06,000001,11:22:57,10.7900,111,2
2026-03-06,000001,11:23:00,10.7900,25,1
2026-03-06,000001,11:23:03,10.7800,50,2
2026-03-06,000001,11:23:06,10.7900,8,1
2026-03-06,000001,11:23:09,10.7800,3,2
2026-03-06,000001,11:23:12,10.7900,6,1
2026-03-06,000001,11:23:15,10.7900,70,1
2026-03-06,000001,11:23:18,10.7900,14,1
2026-03-06,000001,11:23:21,10.7900,42,1
2026-03-06,000001,11:23:24,10.7900,127,1
2026-03-06,000001,11:23:27,10.7900,46,2
2026-03-06,000001,11:23:30,10.8000,137,1
2026-03-06,000001,11:23:33,10.7900,22,4
2026-03-06,000001,11:23:39,10.7900,39,1
2026-03-06,000001,11:23:42,10.7900,2,2
2026-03-06,000001,11:23:45,10.7900,35,2
2026-03-06,000001,11:23:48,10.8000,238,1
2026-03-06,000001,11:24:00,10.7900,6,2
2026-03-06,000001,11:24:03,10.7900,42,2
2026-03-06,000001,11:24:06,10.7900,23,2
2026-03-06,000001,11:24:09,10.7900,7,2
2026-03-06,000001,11:24:12,10.7900,19,2
2026-03-06,000001,11:24:15,10.8000,7,1
2026-03-06,000001,11:24:18,10.8000,61,1
2026-03-06,000001,11:24:21,10.7900,20,2
2026-03-06,000001,11:24:24,10.7900,184,2
2026-03-06,000001,11:24:27,10.7900,19,2
2026-03-06,000001,11:24:33,10.7900,28,2
2026-03-06,000001,11:24:36,10.8000,346,1
2026-03-06,000001,11:24:39,10.7900,33,4
2026-03-06,000001,11:24:45,10.7900,7,2
2026-03-06,000001,11:24:51,10.7900,106,1
2026-03-06,000001,11:24:54,10.7900,94,1
2026-03-06,000001,11:24:57,10.7900,70,1
2026-03-06,000001,11:25:00,10.7900,5,1
2026-03-06,000001,11:25:09,10.7900,19,1
2026-03-06,000001,11:25:12,10.7900,32,1
2026-03-06,000001,11:25:15,10.7900,151,1
2026-03-06,000001,11:25:33,10.7900,32,1
2026-03-06,000001,11:25:36,10.7900,20,1
2026-03-06,000001,11:25:48,10.7800,15,2
2026-03-06,000001,11:25:54,10.7900,1,1
2026-03-06,000001,11:26:06,10.7900,12,1
2026-03-06,000001,11:26:09,10.7900,15,1
2026-03-06,000001,11:26:15,10.7900,3,1
2026-03-06,000001,11:26:18,10.7800,10,2
2026-03-06,000001,11:26:21,10.7900,1,1
2026-03-06,000001,11:26:27,10.7900,10,1
2026-03-06,000001,11:26:30,10.7900,111,1
2026-03-06,000001,11:26:39,10.7900,399,1
2026-03-06,000001,11:26:42,10.7900,134,1
2026-03-06,000001,11:26:45,10.7900,12,2
2026-03-06,000001,11:26:51,10.7900,2,2
2026-03-06,000001,11:26:54,10.7900,89,2
2026-03-06,000001,11:26:57,10.7900,13,2
2026-03-06,000001,11:27:00,10.7900,8,2
2026-03-06,000001,11:27:06,10.8000,104,1
2026-03-06,000001,11:27:09,10.7900,16,2
2026-03-06,000001,11:27:15,10.7900,13,2
2026-03-06,000001,11:27:18,10.7900,50,2
2026-03-06,000001,11:27:21,10.8000,1,1
2026-03-06,000001,11:27:27,10.7900,1,2
2026-03-06,000001,11:27:33,10.7900,3,2
2026-03-06,000001,11:27:36,10.8000,14,1
2026-03-06,000001,11:27:39,10.7900,4,2
2026-03-06,000001,11:27:45,10.8000,1,1
2026-03-06,000001,11:27:51,10.7900,57,2
2026-03-06,000001,11:27:54,10.7900,2,1
2026-03-06,000001,11:28:03,10.7900,2,1
2026-03-06,000001,11:28:06,10.7800,37,2
2026-03-06,000001,11:28:09,10.7900,79,1
2026-03-06,000001,11:28:18,10.7900,6,1
2026-03-06,000001,11:28:21,10.7900,89,1
2026-03-06,000001,11:28:24,10.7800,299,2
2026-03-06,000001,11:28:27,10.7900,19,1
2026-03-06,000001,11:28:36,10.7900,62,1
2026-03-06,000001,11:28:39,10.7800,8,2
2026-03-06,000001,11:28:42,10.7900,40,1
2026-03-06,000001,11:28:45,10.7900,13,1
2026-03-06,000001,11:28:51,10.7900,2,1
2026-03-06,000001,11:29:06,10.7900,26,1
2026-03-06,000001,11:29:09,10.7900,90,1
2026-03-06,000001,11:29:18,10.7900,132,1
2026-03-06,000001,11:29:21,10.7900,105,1
2026-03-06,000001,11:29:24,10.7900,29,1
2026-03-06,000001,11:29:27,10.7800,38,2
2026-03-06,000001,11:29:30,10.7900,10,1
2026-03-06,000001,11:29:33,10.7800,12,2
2026-03-06,000001,11:29:36,10.7900,34,1
2026-03-06,000001,11:29:39,10.7900,16,1
2026-03-06,000001,11:29:42,10.7800,30,2
2026-03-06,000001,11:29:45,10.7900,101,1
2026-03-06,000001,11:29:48,10.7800,12,2
2026-03-06,000001,11:29:51,10.7900,34,1
2026-03-06,000001,11:29:57,10.7900,30,1
2026-03-06,000001,11:30:00,10.7900,2,1
2026-03-06,000001,13:00:00,10.7800,805,2
2026-03-06,000001,13:00:03,10.7900,1446,1
2026-03-06,000001,13:00:06,10.7900,13,1
2026-03-06,000001,13:00:09,10.7900,31,1
2026-03-06,000001,13:00:12,10.7900,430,1
2026-03-06,000001,13:00:15,10.7900,134,1
2026-03-06,000001,13:00:18,10.7900,5,1
2026-03-06,000001,13:00:21,10.7900,10,1
2026-03-06,000001,13:00:24,10.7900,5,1
2026-03-06,000001,13:00:27,10.7900,53,1
2026-03-06,000001,13:00:30,10.7900,179,1
2026-03-06,000001,13:00:36,10.7900,44,1
2026-03-06,000001,13:00:39,10.7900,18,1
2026-03-06,000001,13:00:42,10.7900,21,1
2026-03-06,000001,13:00:45,10.7800,7,2
2026-03-06,000001,13:00:48,10.7900,6,1
2026-03-06,000001,13:00:51,10.7900,8,1
2026-03-06,000001,13:00:54,10.7900,1,1
2026-03-06,000001,13:00:57,10.7900,120,1
2026-03-06,000001,13:01:00,10.7900,1055,1
2026-03-06,000001,13:01:03,10.7900,246,1
2026-03-06,000001,13:01:06,10.7900,23,2
2026-03-06,000001,13:01:09,10.7900,39,2
2026-03-06,000001,13:01:15,10.8000,13,1
2026-03-06,000001,13:01:18,10.7900,13,2
2026-03-06,000001,13:01:21,10.7900,81,2
2026-03-06,000001,13:01:24,10.7900,60,1
2026-03-06,000001,13:01:27,10.7900,5,1
2026-03-06,000001,13:01:30,10.7900,6,1
2026-03-06,000001,13:01:33,10.7900,79,2
2026-03-06,000001,13:01:36,10.7900,22,2
2026-03-06,000001,13:01:39,10.7900,10,2
2026-03-06,000001,13:01:42,10.8000,2,1
2026-03-06,000001,13:01:45,10.7900,14,2
2026-03-06,000001,13:01:48,10.7900,8,2
2026-03-06,000001,13:01:51,10.7900,5,2
2026-03-06,000001,13:01:54,10.7900,7,2
2026-03-06,000001,13:01:57,10.7900,4,2
2026-03-06,000001,13:02:00,10.7900,285,2
2026-03-06,000001,13:02:03,10.7800,12,2
2026-03-06,000001,13:02:06,10.7900,60,1
2026-03-06,000001,13:02:09,10.8000,16,1
2026-03-06,000001,13:02:21,10.8000,12,1
2026-03-06,000001,13:02:30,10.7900,361,2
2026-03-06,000001,13:02:33,10.8000,643,1
2026-03-06,000001,13:02:36,10.8000,19,1
2026-03-06,000001,13:02:39,10.8000,20,1
2026-03-06,000001,13:02:45,10.8000,1,1
2026-03-06,000001,13:02:48,10.7900,1,2
2026-03-06,000001,13:02:51,10.8000,1,1
2026-03-06,000001,13:02:57,10.8000,1,1
2026-03-06,000001,13:03:00,10.8000,20,1
2026-03-06,000001,13:03:03,10.8000,23,1
2026-03-06,000001,13:03:06,10.7900,5,2
2026-03-06,000001,13:03:09,10.8000,31,1
2026-03-06,000001,13:03:15,10.7900,21,2
2026-03-06,000001,13:03:18,10.8000,25,1
2026-03-06,000001,13:03:27,10.7900,39,2
2026-03-06,000001,13:03:36,10.7900,20,2
2026-03-06,000001,13:03:42,10.8000,1,1
2026-03-06,000001,13:03:51,10.7900,21,2
2026-03-06,000001,13:03:57,10.8000,5,1
2026-03-06,000001,13:04:00,10.8000,10,1
2026-03-06,000001,13:04:06,10.8000,100,1
2026-03-06,000001,13:04:09,10.8000,2,1
2026-03-06,000001,13:04:12,10.8000,82,1
2026-03-06,000001,13:04:15,10.7900,2,2
2026-03-06,000001,13:04:18,10.7900,2,2
2026-03-06,000001,13:04:21,10.8000,36,1
2026-03-06,000001,13:04:24,10.7900,1,2
2026-03-06,000001,13:04:27,10.7900,3,2
2026-03-06,000001,13:04:30,10.8000,2,1
2026-03-06,000001,13:04:36,10.7900,17,2
2026-03-06,000001,13:04:39,10.8000,25,1
2026-03-06,000001,13:04:48,10.8000,50,1
2026-03-06,000001,13:04:51,10.8000,1,1
2026-03-06,000001,13:05:00,10.8000,17,1
2026-03-06,000001,13:05:03,10.8000,6,1
2026-03-06,000001,13:05:06,10.8000,1,1
2026-03-06,000001,13:05:09,10.7900,10,2
2026-03-06,000001,13:05:12,10.7900,6,2
2026-03-06,000001,13:05:15,10.8000,18,1
2026-03-06,000001,13:05:18,10.8000,1,1
2026-03-06,000001,13:05:21,10.8000,21,1
2026-03-06,000001,13:05:27,10.7900,725,2
2026-03-06,000001,13:05:30,10.7900,2,2
2026-03-06,000001,13:05:36,10.7900,8,2
2026-03-06,000001,13:05:51,10.7900,3,2
2026-03-06,000001,13:05:54,10.8000,20,1
2026-03-06,000001,13:05:57,10.8000,3,1
2026-03-06,000001,13:06:03,10.7900,10,2
2026-03-06,000001,13:06:06,10.7900,302,2
2026-03-06,000001,13:06:09,10.7900,450,2
2026-03-06,000001,13:06:12,10.8000,82,1
2026-03-06,000001,13:06:15,10.8000,307,1
2026-03-06,000001,13:06:18,10.7900,4,2
2026-03-06,000001,13:06:24,10.8000,166,1
2026-03-06,000001,13:06:27,10.7900,10,2
2026-03-06,000001,13:06:30,10.7900,21,2
2026-03-06,000001,13:06:36,10.7900,41,2
2026-03-06,000001,13:06:39,10.7900,8,2
2026-03-06,000001,13:06:42,10.8000,4,1
2026-03-06,000001,13:07:06,10.8000,1,1
2026-03-06,000001,13:07:09,10.7900,10,2
2026-03-06,000001,13:07:12,10.7900,41,2
2026-03-06,000001,13:07:15,10.7900,2,2
2026-03-06,000001,13:07:18,10.7900,20,2
2026-03-06,000001,13:07:21,10.8000,19,1
2026-03-06,000001,13:07:24,10.7900,8,2
2026-03-06,000001,13:07:27,10.7900,47,2
2026-03-06,000001,13:07:33,10.7900,1,2
2026-03-06,000001,13:07:42,10.7900,108,2
2026-03-06,000001,13:07:45,10.7900,16,2
2026-03-06,000001,13:07:57,10.8000,55,1
2026-03-06,000001,13:08:00,10.7900,12,2
2026-03-06,000001,13:08:03,10.8000,20,1
2026-03-06,000001,13:08:06,10.8000,6,1
2026-03-06,000001,13:08:12,10.8000,1,1
2026-03-06,000001,13:08:24,10.8000,49,1
2026-03-06,000001,13:08:27,10.7900,141,2
2026-03-06,000001,13:08:30,10.7900,69,2
2026-03-06,000001,13:08:33,10.7900,192,2
2026-03-06,000001,13:08:36,10.7900,7,2
2026-03-06,000001,13:08:39,10.7900,11,2
2026-03-06,000001,13:08:42,10.7900,27,2
2026-03-06,000001,13:08:51,10.7900,26,2
2026-03-06,000001,13:08:54,10.7900,119,2
2026-03-06,000001,13:08:57,10.8000,1914,1
2026-03-06,000001,13:09:00,10.7900,552,2
2026-03-06,000001,13:09:03,10.7900,6,2
2026-03-06,000001,13:09:06,10.7900,604,2
2026-03-06,000001,13:09:09,10.7900,5,1
2026-03-06,000001,13:09:18,10.7900,26,1
2026-03-06,000001,13:09:24,10.7900,24,1
2026-03-06,000001,13:09:27,10.7900,306,1
2026-03-06,000001,13:09:30,10.7900,24,1
2026-03-06,000001,13:09:39,10.7900,1009,1
2026-03-06,000001,13:09:42,10.7900,32,1
2026-03-06,000001,13:09:48,10.7900,1119,1
2026-03-06,000001,13:09:51,10.7900,15,2
2026-03-06,000001,13:10:00,10.7900,43,2
2026-03-06,000001,13:10:03,10.7900,20,2
2026-03-06,000001,13:10:09,10.8000,20,1
2026-03-06,000001,13:10:15,10.7900,466,2
2026-03-06,000001,13:10:18,10.7900,289,2
2026-03-06,000001,13:10:21,10.8000,73,1
2026-03-06,000001,13:10:27,10.7900,45,2
2026-03-06,000001,13:10:30,10.7900,6,2
2026-03-06,000001,13:10:33,10.7900,10,2
2026-03-06,000001,13:10:36,10.7900,5,2
2026-03-06,000001,13:10:45,10.8000,6,1
2026-03-06,000001,13:10:48,10.7900,7,2
2026-03-06,000001,13:10:57,10.7900,240,2
2026-03-06,000001,13:11:00,10.7900,24,2
2026-03-06,000001,13:11:03,10.8000,10,1
2026-03-06,000001,13:11:06,10.7900,104,2
2026-03-06,000001,13:11:09,10.7900,15,2
2026-03-06,000001,13:11:12,10.7900,3,2
2026-03-06,000001,13:11:18,10.7900,380,2
2026-03-06,000001,13:11:21,10.7900,289,2
2026-03-06,000001,13:11:24,10.7900,68,2
2026-03-06,000001,13:11:27,10.7900,27,2
2026-03-06,000001,13:11:30,10.7900,17,2
2026-03-06,000001,13:11:33,10.7900,24,2
2026-03-06,000001,13:11:36,10.7900,29,2
2026-03-06,000001,13:11:39,10.7900,42,2
2026-03-06,000001,13:11:42,10.8000,25,1
2026-03-06,000001,13:11:45,10.8000,13,1
2026-03-06,000001,13:11:48,10.7900,19,2
2026-03-06,000001,13:11:51,10.7900,15,1
2026-03-06,000001,13:11:57,10.7800,171,2
2026-03-06,000001,13:12:00,10.7900,1,1
2026-03-06,000001,13:12:06,10.7800,11,2
2026-03-06,000001,13:12:09,10.7800,15,2
2026-03-06,000001,13:12:12,10.7900,44,1
2026-03-06,000001,13:12:15,10.7900,19,1
2026-03-06,000001,13:12:21,10.7900,595,1
2026-03-06,000001,13:12:24,10.7800,4,2
2026-03-06,000001,13:12:27,10.7900,10,1
2026-03-06,000001,13:12:30,10.7900,8,1
2026-03-06,000001,13:12:33,10.7900,120,1
2026-03-06,000001,13:12:36,10.7900,1000,1
2026-03-06,000001,13:12:39,10.7900,85,1
2026-03-06,000001,13:12:42,10.7900,14,1
2026-03-06,000001,13:12:45,10.7900,64,1
2026-03-06,000001,13:12:48,10.7900,2,1
2026-03-06,000001,13:12:51,10.7900,88,1
2026-03-06,000001,13:12:54,10.7900,1,2
2026-03-06,000001,13:12:57,10.7900,63,2
2026-03-06,000001,13:13:00,10.7900,1,2
2026-03-06,000001,13:13:03,10.7900,1,2
2026-03-06,000001,13:13:06,10.7800,110,2
2026-03-06,000001,13:13:18,10.7900,102,2
2026-03-06,000001,13:13:21,10.7900,16,1
2026-03-06,000001,13:13:24,10.7900,21,1
2026-03-06,000001,13:13:27,10.7900,10,1
2026-03-06,000001,13:13:33,10.7900,40,1
2026-03-06,000001,13:13:42,10.7900,4,1
2026-03-06,000001,13:13:45,10.7900,67,1
2026-03-06,000001,13:13:51,10.8000,6,1
2026-03-06,000001,13:14:03,10.7900,14,2
2026-03-06,000001,13:14:06,10.7900,47,2
2026-03-06,000001,13:14:09,10.8000,13,1
2026-03-06,000001,13:14:12,10.8000,1,1
2026-03-06,000001,13:14:15,10.8000,7,1
2026-03-06,000001,13:14:18,10.7900,47,2
2026-03-06,000001,13:14:24,10.7900,100,2
2026-03-06,000001,13:14:33,10.8000,4,1
2026-03-06,000001,13:14:36,10.7900,108,2
2026-03-06,000001,13:14:39,10.7900,18,2
2026-03-06,000001,13:14:42,10.8000,45,1
2026-03-06,000001,13:14:45,10.8000,21,1
2026-03-06,000001,13:14:54,10.7900,2,2
2026-03-06,000001,13:14:57,10.7900,10,2
2026-03-06,000001,13:15:06,10.7900,8,2
2026-03-06,000001,13:15:09,10.8000,20,1
2026-03-06,000001,13:15:12,10.8000,101,1
2026-03-06,000001,13:15:18,10.7900,12,2
2026-03-06,000001,13:15:21,10.7900,92,2
2026-03-06,000001,13:15:24,10.7900,35,2
2026-03-06,000001,13:15:27,10.7900,424,2
2026-03-06,000001,13:15:30,10.7900,36,2
2026-03-06,000001,13:15:33,10.7800,116,2
2026-03-06,000001,13:15:36,10.7900,76,1
2026-03-06,000001,13:15:39,10.7900,6,1
2026-03-06,000001,13:15:42,10.7900,3,1
2026-03-06,000001,13:15:48,10.7900,10,1
2026-03-06,000001,13:15:54,10.7800,76,2
2026-03-06,000001,13:16:03,10.7800,11,2
2026-03-06,000001,13:16:06,10.7800,1,2
2026-03-06,000001,13:16:09,10.7900,1,1
2026-03-06,000001,13:16:12,10.7900,9,1
2026-03-06,000001,13:16:15,10.7900,2,1
2026-03-06,000001,13:16:21,10.7900,27,1
2026-03-06,000001,13:16:24,10.7800,154,2
2026-03-06,000001,13:16:27,10.7800,13,2
2026-03-06,000001,13:16:30,10.7800,69,2
2026-03-06,000001,13:16:36,10.7800,12,2
2026-03-06,000001,13:16:45,10.7800,11,2
2026-03-06,000001,13:16:48,10.7800,1,2
2026-03-06,000001,13:16:51,10.7800,12,2
2026-03-06,000001,13:17:00,10.7800,12,2
2026-03-06,000001,13:17:03,10.7800,6,2
2026-03-06,000001,13:17:06,10.7800,3,2
2026-03-06,000001,13:17:09,10.7900,28,1
2026-03-06,000001,13:17:12,10.7900,71,1
2026-03-06,000001,13:17:18,10.7900,54,1
2026-03-06,000001,13:17:21,10.7900,22,1
2026-03-06,000001,13:17:24,10.7800,7,2
2026-03-06,000001,13:17:27,10.7900,59,1
2026-03-06,000001,13:17:30,10.7800,30,2
2026-03-06,000001,13:17:36,10.7900,3,1
2026-03-06,000001,13:17:39,10.7900,8,1
2026-03-06,000001,13:17:45,10.7800,1,2
2026-03-06,000001,13:17:48,10.7900,21,1
2026-03-06,000001,13:17:51,10.7800,6,2
2026-03-06,000001,13:18:00,10.7800,1,2
2026-03-06,000001,13:18:03,10.7900,20,1
2026-03-06,000001,13:18:06,10.7900,29,1
2026-03-06,000001,13:18:09,10.7900,466,1
2026-03-06,000001,13:18:12,10.7900,68,1
2026-03-06,000001,13:18:18,10.7900,1,2
2026-03-06,000001,13:18:27,10.7900,1,2
2026-03-06,000001,13:18:33,10.7900,5,2
2026-03-06,000001,13:18:36,10.8000,7,1
2026-03-06,000001,13:18:39,10.8000,13,1
2026-03-06,000001,13:18:42,10.8000,23,1
2026-03-06,000001,13:18:48,10.7900,35,2
2026-03-06,000001,13:18:51,10.7900,8,2
2026-03-06,000001,13:18:57,10.8000,27,1
2026-03-06,000001,13:19:06,10.8000,7,1
2026-03-06,000001,13:19:09,10.8000,13,1
2026-03-06,000001,13:19:12,10.8000,10,1
2026-03-06,000001,13:19:21,10.7900,1,2
2026-03-06,000001,13:19:24,10.7900,1,2
2026-03-06,000001,13:19:27,10.7900,30,2
2026-03-06,000001,13:19:33,10.8000,19,1
2026-03-06,000001,13:19:36,10.8000,1,1
2026-03-06,000001,13:19:39,10.7900,1,2
2026-03-06,000001,13:19:51,10.7900,6,2
2026-03-06,000001,13:19:57,10.8000,17,1
2026-03-06,000001,13:20:03,10.7900,1,2
2026-03-06,000001,13:20:06,10.7900,1,2
2026-03-06,000001,13:20:09,10.7900,14,2
2026-03-06,000001,13:20:18,10.7900,42,2
2026-03-06,000001,13:20:21,10.7900,6,2
2026-03-06,000001,13:20:24,10.8000,19,1
2026-03-06,000001,13:20:27,10.8000,32,1
2026-03-06,000001,13:20:30,10.8000,52,1
2026-03-06,000001,13:20:33,10.7900,20,2
2026-03-06,000001,13:20:36,10.8000,1,1
2026-03-06,000001,13:20:39,10.8000,45,1
2026-03-06,000001,13:20:48,10.7900,151,2
2026-03-06,000001,13:20:51,10.7900,5,2
2026-03-06,000001,13:20:54,10.8000,70,1
2026-03-06,000001,13:20:57,10.8000,15,1
2026-03-06,000001,13:21:00,10.7900,12,2
2026-03-06,000001,13:21:03,10.7900,1,2
2026-03-06,000001,13:21:06,10.7900,3,2
2026-03-06,000001,13:21:09,10.7900,55,2
2026-03-06,000001,13:21:12,10.8000,3,1
2026-03-06,000001,13:21:15,10.7900,2,2
2026-03-06,000001,13:21:21,10.7900,3,2
2026-03-06,000001,13:21:24,10.7900,2,2
2026-03-06,000001,13:21:27,10.7900,19,2
2026-03-06,000001,13:21:30,10.7900,8,2
2026-03-06,000001,13:21:33,10.7900,17,2
2026-03-06,000001,13:21:36,10.8000,13,1
2026-03-06,000001,13:21:39,10.8000,33,1
2026-03-06,000001,13:21:42,10.8000,1,1
2026-03-06,000001,13:21:45,10.8000,11,1
2026-03-06,000001,13:21:48,10.7900,15,2
2026-03-06,000001,13:21:51,10.7900,26,2
2026-03-06,000001,13:21:54,10.8000,20,1
2026-03-06,000001,13:22:03,10.8000,1336,1
2026-03-06,000001,13:22:06,10.7900,23,2
2026-03-06,000001,13:22:12,10.8000,175,1
2026-03-06,000001,13:22:15,10.8000,1,1
2026-03-06,000001,13:22:24,10.7900,243,2
2026-03-06,000001,13:22:27,10.8000,161,1
2026-03-06,000001,13:22:30,10.8000,5,1
2026-03-06,000001,13:22:33,10.8000,31,1
2026-03-06,000001,13:22:39,10.8000,40,1
2026-03-06,000001,13:22:45,10.7900,99,2
2026-03-06,000001,13:22:51,10.7900,5,2
2026-03-06,000001,13:22:54,10.8000,1,1
2026-03-06,000001,13:23:06,10.8000,10,1
2026-03-06,000001,13:23:15,10.8000,5,1
2026-03-06,000001,13:23:24,10.8000,7,1
2026-03-06,000001,13:23:27,10.8000,23,1
2026-03-06,000001,13:23:30,10.8000,13,1
2026-03-06,000001,13:23:33,10.8000,9,1
2026-03-06,000001,13:23:36,10.7900,3,2
2026-03-06,000001,13:23:39,10.8000,13,1
2026-03-06,000001,13:23:42,10.8000,2,1
2026-03-06,000001,13:23:45,10.8000,44,1
2026-03-06,000001,13:23:48,10.8000,1,1
2026-03-06,000001,13:23:51,10.8000,16,1
2026-03-06,000001,13:23:57,10.8000,12,1
2026-03-06,000001,13:24:00,10.8000,20,1
2026-03-06,000001,13:24:06,10.7900,2,2
2026-03-06,000001,13:24:09,10.7900,37,2
2026-03-06,000001,13:24:12,10.7900,11,2
2026-03-06,000001,13:24:15,10.7900,10,2
2026-03-06,000001,13:24:30,10.8000,10,1
2026-03-06,000001,13:24:39,10.8000,50,1
2026-03-06,000001,13:24:45,10.7900,150,2
2026-03-06,000001,13:24:57,10.7900,6,2
2026-03-06,000001,13:25:00,10.8000,11,1
2026-03-06,000001,13:25:12,10.7900,230,2
2026-03-06,000001,13:25:15,10.7900,88,2
2026-03-06,000001,13:25:18,10.7900,158,2
2026-03-06,000001,13:25:21,10.8000,41,1
2026-03-06,000001,13:25:27,10.7900,12,2
2026-03-06,000001,13:25:30,10.8000,8,1
2026-03-06,000001,13:25:33,10.8000,44,1
2026-03-06,000001,13:25:36,10.8000,5,1
2026-03-06,000001,13:25:42,10.7900,1,2
2026-03-06,000001,13:25:51,10.7900,109,2
2026-03-06,000001,13:25:54,10.8000,11,1
2026-03-06,000001,13:25:57,10.8000,10,1
2026-03-06,000001,13:26:03,10.7900,6,2
2026-03-06,000001,13:26:12,10.8000,4,1
2026-03-06,000001,13:26:18,10.8000,1,1
2026-03-06,000001,13:26:21,10.8000,7,1
2026-03-06,000001,13:26:24,10.8000,21,1
2026-03-06,000001,13:26:27,10.7900,1,2
2026-03-06,000001,13:26:30,10.7900,3,2
2026-03-06,000001,13:26:33,10.8000,36,1
2026-03-06,000001,13:26:36,10.7900,1,2
2026-03-06,000001,13:26:39,10.7900,30,2
2026-03-06,000001,13:26:42,10.7900,1,2
2026-03-06,000001,13:26:45,10.7900,62,2
2026-03-06,000001,13:26:51,10.7900,7,2
2026-03-06,000001,13:26:54,10.8000,57,1
2026-03-06,000001,13:27:03,10.8000,20,1
2026-03-06,000001,13:27:09,10.7900,10,2
2026-03-06,000001,13:27:15,10.8000,40,1
2026-03-06,000001,13:27:21,10.8000,8,1
2026-03-06,000001,13:27:24,10.8000,8,1
2026-03-06,000001,13:27:30,10.8000,2,1
2026-03-06,000001,13:27:33,10.8000,3305,1
2026-03-06,000001,13:27:36,10.8000,15,2
2026-03-06,000001,13:27:39,10.8000,56,2
2026-03-06,000001,13:27:45,10.8000,16,2
2026-03-06,000001,13:27:48,10.8000,7,2
2026-03-06,000001,13:27:51,10.8000,16,2
2026-03-06,000001,13:27:54,10.8000,233,2
2026-03-06,000001,13:27:57,10.8000,1,2
2026-03-06,000001,13:28:00,10.8100,18,1
2026-03-06,000001,13:28:03,10.8100,19,1
2026-03-06,000001,13:28:06,10.8100,18,1
2026-03-06,000001,13:28:09,10.8000,200,2
2026-03-06,000001,13:28:12,10.8000,114,2
2026-03-06,000001,13:28:24,10.8000,32,2
2026-03-06,000001,13:28:27,10.8000,102,2
2026-03-06,000001,13:28:30,10.8000,81,2
2026-03-06,000001,13:28:36,10.8100,22,1
2026-03-06,000001,13:28:39,10.8000,3,2
2026-03-06,000001,13:28:45,10.8000,2,2
2026-03-06,000001,13:28:51,10.8000,6,2
2026-03-06,000001,13:28:54,10.8000,29,2
2026-03-06,000001,13:29:00,10.8100,29,1
2026-03-06,000001,13:29:03,10.8000,49,2
2026-03-06,000001,13:29:15,10.8100,75,1
2026-03-06,000001,13:29:18,10.8000,24,2
2026-03-06,000001,13:29:24,10.8100,4,1
2026-03-06,000001,13:29:30,10.8000,33,2
2026-03-06,000001,13:29:33,10.8000,16,2
2026-03-06,000001,13:29:36,10.8100,2,1
2026-03-06,000001,13:29:39,10.8000,1,2
2026-03-06,000001,13:29:42,10.8000,9,2
2026-03-06,000001,13:29:57,10.8100,33,1
2026-03-06,000001,13:30:03,10.8000,25,2
2026-03-06,000001,13:30:06,10.8100,5,1
2026-03-06,000001,13:30:15,10.8000,11,2
2026-03-06,000001,13:30:18,10.8000,87,2
2026-03-06,000001,13:30:21,10.8000,30,2
2026-03-06,000001,13:30:27,10.8100,32,1
2026-03-06,000001,13:30:33,10.8000,190,2
2026-03-06,000001,13:30:39,10.8000,34,2
2026-03-06,000001,13:30:42,10.8100,2,1
2026-03-06,000001,13:30:54,10.8000,104,2
2026-03-06,000001,13:30:57,10.8000,106,2
2026-03-06,000001,13:31:06,10.8100,1,1
2026-03-06,000001,13:31:09,10.8100,3,1
2026-03-06,000001,13:31:12,10.8000,8,2
2026-03-06,000001,13:31:18,10.8000,23,2
2026-03-06,000001,13:31:24,10.8100,11,1
2026-03-06,000001,13:31:27,10.8000,25,2
2026-03-06,000001,13:31:42,10.8000,40,2
2026-03-06,000001,13:31:48,10.8000,30,2
2026-03-06,000001,13:31:51,10.8100,1,1
2026-03-06,000001,13:31:57,10.8000,10,2
2026-03-06,000001,13:32:03,10.8100,35,1
2026-03-06,000001,13:32:06,10.8100,22,1
2026-03-06,000001,13:32:09,10.8000,10,2
2026-03-06,000001,13:32:18,10.8100,20,1
2026-03-06,000001,13:32:21,10.8100,2,1
2026-03-06,000001,13:32:27,10.8100,24,1
2026-03-06,000001,13:32:30,10.8100,20,1
2026-03-06,000001,13:32:39,10.8000,55,2
2026-03-06,000001,13:32:42,10.8000,25,2
2026-03-06,000001,13:32:45,10.8000,14,2
2026-03-06,000001,13:32:48,10.8000,3,2
2026-03-06,000001,13:32:54,10.8100,57,1
2026-03-06,000001,13:32:57,10.8000,15,2
2026-03-06,000001,13:33:00,10.8000,79,2
2026-03-06,000001,13:33:03,10.8000,47,2
2026-03-06,000001,13:33:06,10.8000,7,2
2026-03-06,000001,13:33:09,10.8000,2,2
2026-03-06,000001,13:33:12,10.8000,11,2
2026-03-06,000001,13:33:15,10.8000,3,2
2026-03-06,000001,13:33:18,10.8000,13,2
2026-03-06,000001,13:33:21,10.8000,4,2
2026-03-06,000001,13:33:24,10.8100,5,1
2026-03-06,000001,13:33:27,10.8100,2,1
2026-03-06,000001,13:33:33,10.8000,1,2
2026-03-06,000001,13:33:36,10.8000,2,2
2026-03-06,000001,13:33:39,10.8100,3,1
2026-03-06,000001,13:33:48,10.8100,4,1
2026-03-06,000001,13:33:54,10.8100,31,1
2026-03-06,000001,13:33:57,10.8100,29,1
2026-03-06,000001,13:34:00,10.8000,27,2
2026-03-06,000001,13:34:03,10.8000,9,2
2026-03-06,000001,13:34:06,10.8000,10,2
2026-03-06,000001,13:34:09,10.8000,3,2
2026-03-06,000001,13:34:12,10.8100,1,1
2026-03-06,000001,13:34:18,10.8100,104,1
2026-03-06,000001,13:34:21,10.8000,26,2
2026-03-06,000001,13:34:24,10.8000,44,2
2026-03-06,000001,13:34:27,10.8000,11,2
2026-03-06,000001,13:34:30,10.8000,16,2
2026-03-06,000001,13:34:33,10.8000,4,2
2026-03-06,000001,13:34:39,10.8000,215,2
2026-03-06,000001,13:34:42,10.8100,64,1
2026-03-06,000001,13:34:45,10.8000,21,2
2026-03-06,000001,13:34:51,10.8100,2,1
2026-03-06,000001,13:34:54,10.8000,14,2
2026-03-06,000001,13:34:57,10.8100,5,1
2026-03-06,000001,13:35:00,10.8100,180,1
2026-03-06,000001,13:35:06,10.8000,9,2
2026-03-06,000001,13:35:09,10.8000,18,2
2026-03-06,000001,13:35:12,10.8000,10,2
2026-03-06,000001,13:35:15,10.8100,7,1
2026-03-06,000001,13:35:18,10.8100,32,1
2026-03-06,000001,13:35:21,10.8100,46,1
2026-03-06,000001,13:35:24,10.8100,5,1
2026-03-06,000001,13:35:27,10.8000,30,2
2026-03-06,000001,13:35:33,10.8000,16,2
2026-03-06,000001,13:35:36,10.8000,31,2
2026-03-06,000001,13:35:39,10.8100,150,1
2026-03-06,000001,13:35:42,10.8000,38,2
2026-03-06,000001,13:35:48,10.8000,77,2
2026-03-06,000001,13:35:51,10.8100,28,1
2026-03-06,000001,13:35:54,10.8000,142,2
2026-03-06,000001,13:35:57,10.8000,50,2
2026-03-06,000001,13:36:00,10.8000,3,2
2026-03-06,000001,13:36:03,10.8100,217,1
2026-03-06,000001,13:36:06,10.8100,15,1
2026-03-06,000001,13:36:09,10.8100,10140,1
2026-03-06,000001,13:36:12,10.8200,253,1
2026-03-06,000001,13:36:15,10.8100,140,2
2026-03-06,000001,13:36:18,10.8200,25,1
2026-03-06,000001,13:36:24,10.8200,4,1
2026-03-06,000001,13:36:27,10.8200,12,1
2026-03-06,000001,13:36:36,10.8200,17,1
2026-03-06,000001,13:36:42,10.8200,29,1
2026-03-06,000001,13:36:45,10.8200,27,1
2026-03-06,000001,13:36:48,10.8100,42,2
2026-03-06,000001,13:36:51,10.8200,20,1
2026-03-06,000001,13:37:00,10.8100,19,2
2026-03-06,000001,13:37:03,10.8200,6,1
2026-03-06,000001,13:37:06,10.8200,464,1
2026-03-06,000001,13:37:12,10.8200,91,1
2026-03-06,000001,13:37:15,10.8200,14,1
2026-03-06,000001,13:37:18,10.8200,93,1
2026-03-06,000001,13:37:21,10.8100,30,2
2026-03-06,000001,13:37:24,10.8200,13,1
2026-03-06,000001,13:37:27,10.8200,328,1
2026-03-06,000001,13:37:30,10.8200,428,1
2026-03-06,000001,13:37:36,10.8100,161,2
2026-03-06,000001,13:37:39,10.8200,41,1
2026-03-06,000001,13:37:42,10.8200,75,1
2026-03-06,000001,13:37:45,10.8200,120,1
2026-03-06,000001,13:37:48,10.8200,62,1
2026-03-06,000001,13:37:51,10.8200,46,1
2026-03-06,000001,13:37:57,10.8100,214,2
2026-03-06,000001,13:38:00,10.8200,56,1
2026-03-06,000001,13:38:03,10.8100,20,2
2026-03-06,000001,13:38:06,10.8200,14,1
2026-03-06,000001,13:38:12,10.8100,92,2
2026-03-06,000001,13:38:15,10.8200,42,1
2026-03-06,000001,13:38:18,10.8200,36,1
2026-03-06,000001,13:38:21,10.8200,97,1
2026-03-06,000001,13:38:24,10.8200,141,1
2026-03-06,000001,13:38:36,10.8200,63,1
2026-03-06,000001,13:38:42,10.8200,53,1
2026-03-06,000001,13:38:45,10.8200,53,1
2026-03-06,000001,13:38:48,10.8200,39,1
2026-03-06,000001,13:38:51,10.8200,72,1
2026-03-06,000001,13:38:54,10.8200,91,1
2026-03-06,000001,13:38:57,10.8200,236,1
2026-03-06,000001,13:39:00,10.8200,398,1
2026-03-06,000001,13:39:03,10.8300,4305,1
2026-03-06,000001,13:39:06,10.8200,131,2
2026-03-06,000001,13:39:09,10.8200,95,2
2026-03-06,000001,13:39:12,10.8300,39,1
2026-03-06,000001,13:39:18,10.8200,83,2
2026-03-06,000001,13:39:21,10.8200,11,2
2026-03-06,000001,13:39:27,10.8200,35,2
2026-03-06,000001,13:39:36,10.8200,15,2
2026-03-06,000001,13:39:39,10.8200,29,2
2026-03-06,000001,13:39:42,10.8300,52,1
2026-03-06,000001,13:39:45,10.8200,105,2
2026-03-06,000001,13:39:48,10.8300,16,1
2026-03-06,000001,13:39:54,10.8300,7,1
2026-03-06,000001,13:39:57,10.8300,59,1
2026-03-06,000001,13:40:00,10.8300,100,1
2026-03-06,000001,13:40:03,10.8200,14,2
2026-03-06,000001,13:40:06,10.8200,15,2
2026-03-06,000001,13:40:09,10.8300,42,1
2026-03-06,000001,13:40:12,10.8300,57,1
2026-03-06,000001,13:40:15,10.8300,12,1
2026-03-06,000001,13:40:18,10.8300,103,1
2026-03-06,000001,13:40:21,10.8200,47,2
2026-03-06,000001,13:40:27,10.8300,50,1
2026-03-06,000001,13:40:33,10.8300,35,1
2026-03-06,000001,13:40:36,10.8300,39,1
2026-03-06,000001,13:40:39,10.8300,102,1
2026-03-06,000001,13:40:42,10.8300,68,1
2026-03-06,000001,13:40:45,10.8300,29,1
2026-03-06,000001,13:40:48,10.8300,30,1
2026-03-06,000001,13:40:51,10.8200,8,2
2026-03-06,000001,13:40:54,10.8300,2,1
2026-03-06,000001,13:40:57,10.8300,50,1
2026-03-06,000001,13:41:00,10.8200,12,2
2026-03-06,000001,13:41:03,10.8200,13,2
2026-03-06,000001,13:41:09,10.8300,60,1
2026-03-06,000001,13:41:12,10.8300,22,1
2026-03-06,000001,13:41:15,10.8200,10,2
2026-03-06,000001,13:41:18,10.8300,4,1
2026-03-06,000001,13:41:24,10.8200,110,2
2026-03-06,000001,13:41:27,10.8300,5,1
2026-03-06,000001,13:41:39,10.8200,66,2
2026-03-06,000001,13:41:42,10.8200,1,2
2026-03-06,000001,13:41:45,10.8300,42,1
2026-03-06,000001,13:41:48,10.8300,3,1
2026-03-06,000001,13:41:51,10.8300,281,1
2026-03-06,000001,13:41:57,10.8200,16,2
2026-03-06,000001,13:42:00,10.8200,24,2
2026-03-06,000001,13:42:03,10.8200,50,2
2026-03-06,000001,13:42:06,10.8200,20,2
2026-03-06,000001,13:42:09,10.8200,1,2
2026-03-06,000001,13:42:12,10.8300,3,1
2026-03-06,000001,13:42:18,10.8300,14,1
2026-03-06,000001,13:42:21,10.8200,39,2
2026-03-06,000001,13:42:24,10.8300,24,1
2026-03-06,000001,13:42:27,10.8300,1,1
2026-03-06,000001,13:42:30,10.8200,142,2
2026-03-06,000001,13:42:36,10.8300,10,1
2026-03-06,000001,13:42:42,10.8300,10,1
2026-03-06,000001,13:42:45,10.8300,6,1
2026-03-06,000001,13:42:48,10.8200,3,2
2026-03-06,000001,13:42:54,10.8200,2,2
2026-03-06,000001,13:42:57,10.8200,1,2
2026-03-06,000001,13:43:00,10.8200,8,2
2026-03-06,000001,13:43:03,10.8200,214,2
2026-03-06,000001,13:43:06,10.8200,42,2
2026-03-06,000001,13:43:09,10.8200,2526,2
2026-03-06,000001,13:43:12,10.8200,272,2
2026-03-06,000001,13:43:15,10.8200,57,2
2026-03-06,000001,13:43:18,10.8200,69,1
2026-03-06,000001,13:43:21,10.8200,3,1
2026-03-06,000001,13:43:36,10.8200,13,1
2026-03-06,000001,13:43:42,10.8200,32,1
2026-03-06,000001,13:43:48,10.8200,2,1
2026-03-06,000001,13:43:51,10.8100,1,2
2026-03-06,000001,13:43:57,10.8200,50,1
2026-03-06,000001,13:44:00,10.8200,6,1
2026-03-06,000001,13:44:03,10.8200,1,1
2026-03-06,000001,13:44:06,10.8200,34,1
2026-03-06,000001,13:44:09,10.8200,16,1
2026-03-06,000001,13:44:15,10.8100,15,2
2026-03-06,000001,13:44:18,10.8200,13,1
2026-03-06,000001,13:44:24,10.8200,10,1
2026-03-06,000001,13:44:27,10.8200,9,1
2026-03-06,000001,13:44:33,10.8100,34,2
2026-03-06,000001,13:44:36,10.8200,5,1
2026-03-06,000001,13:44:42,10.8100,925,2
2026-03-06,000001,13:44:48,10.8200,212,1
2026-03-06,000001,13:44:51,10.8200,43,1
2026-03-06,000001,13:44:54,10.8200,10,1
2026-03-06,000001,13:44:57,10.8200,14,1
2026-03-06,000001,13:45:00,10.8200,225,1
2026-03-06,000001,13:45:03,10.8200,67,1
2026-03-06,000001,13:45:06,10.8200,160,1
2026-03-06,000001,13:45:09,10.8200,286,1
2026-03-06,000001,13:45:12,10.8100,28,2
2026-03-06,000001,13:45:21,10.8200,50,2
2026-03-06,000001,13:45:27,10.8200,97,2
2026-03-06,000001,13:45:33,10.8300,22,1
2026-03-06,000001,13:45:36,10.8300,10,1
2026-03-06,000001,13:45:39,10.8300,17,1
2026-03-06,000001,13:45:45,10.8300,43,1
2026-03-06,000001,13:45:48,10.8300,14,1
2026-03-06,000001,13:45:54,10.8200,157,2
2026-03-06,000001,13:45:57,10.8200,3,2
2026-03-06,000001,13:46:09,10.8200,24,2
2026-03-06,000001,13:46:15,10.8300,16,1
2026-03-06,000001,13:46:21,10.8200,49,2
2026-03-06,000001,13:46:27,10.8200,33,2
2026-03-06,000001,13:46:30,10.8200,100,2
2026-03-06,000001,13:46:33,10.8200,1,2
2026-03-06,000001,13:46:39,10.8200,132,2
2026-03-06,000001,13:46:42,10.8200,155,2
2026-03-06,000001,13:46:45,10.8200,6,2
2026-03-06,000001,13:46:48,10.8200,23,2
2026-03-06,000001,13:46:51,10.8200,100,2
2026-03-06,000001,13:46:54,10.8200,15,2
2026-03-06,000001,13:46:57,10.8200,100,2
2026-03-06,000001,13:47:00,10.8200,61,2
2026-03-06,000001,13:47:03,10.8200,20,2
2026-03-06,000001,13:47:06,10.8200,11,2
2026-03-06,000001,13:47:09,10.8200,4,2
2026-03-06,000001,13:47:12,10.8200,8,2
2026-03-06,000001,13:47:15,10.8200,20,2
2026-03-06,000001,13:47:18,10.8200,14,2
2026-03-06,000001,13:47:24,10.8200,100,2
2026-03-06,000001,13:47:27,10.8200,168,2
2026-03-06,000001,13:47:30,10.8100,1132,2
2026-03-06,000001,13:47:33,10.8200,3,1
2026-03-06,000001,13:47:36,10.8200,27,1
2026-03-06,000001,13:47:45,10.8200,62,1
2026-03-06,000001,13:47:48,10.8200,9,1
2026-03-06,000001,13:47:51,10.8100,16,2
2026-03-06,000001,13:47:57,10.8200,2,1
2026-03-06,000001,13:48:03,10.8100,30,2
2026-03-06,000001,13:48:06,10.8200,24,1
2026-03-06,000001,13:48:12,10.8200,16,1
2026-03-06,000001,13:48:15,10.8100,9,2
2026-03-06,000001,13:48:21,10.8100,11,2
2026-03-06,000001,13:48:24,10.8100,9,2
2026-03-06,000001,13:48:39,10.8200,1,1
2026-03-06,000001,13:48:42,10.8200,25,1
2026-03-06,000001,13:48:45,10.8100,3,2
2026-03-06,000001,13:48:48,10.8100,100,2
2026-03-06,000001,13:48:51,10.8200,30,1
2026-03-06,000001,13:48:54,10.8200,1,1
2026-03-06,000001,13:48:57,10.8200,40,1
2026-03-06,000001,13:49:12,10.8100,45,2
2026-03-06,000001,13:49:15,10.8100,1,2
2026-03-06,000001,13:49:39,10.8100,4,2
2026-03-06,000001,13:49:45,10.8100,15,2
2026-03-06,000001,13:49:57,10.8100,15,2
2026-03-06,000001,13:50:06,10.8100,2,2
2026-03-06,000001,13:50:09,10.8100,3,2
2026-03-06,000001,13:50:12,10.8100,14,2
2026-03-06,000001,13:50:18,10.8100,500,2
2026-03-06,000001,13:50:21,10.8100,5,2
2026-03-06,000001,13:50:30,10.8100,15,2
2026-03-06,000001,13:50:39,10.8200,58,1
2026-03-06,000001,13:50:42,10.8100,8,2
2026-03-06,000001,13:50:45,10.8100,98,2
2026-03-06,000001,13:50:57,10.8200,2,1
2026-03-06,000001,13:51:00,10.8200,32,1
2026-03-06,000001,13:51:03,10.8100,349,2
2026-03-06,000001,13:51:09,10.8200,25,1
2026-03-06,000001,13:51:12,10.8100,81,2
2026-03-06,000001,13:51:21,10.8200,1,1
2026-03-06,000001,13:51:24,10.8200,85,1
2026-03-06,000001,13:51:30,10.8200,13,1
2026-03-06,000001,13:51:36,10.8200,58,1
2026-03-06,000001,13:51:42,10.8200,20,1
2026-03-06,000001,13:51:45,10.8200,8,1
2026-03-06,000001,13:51:51,10.8200,141,1
2026-03-06,000001,13:51:54,10.8200,61,1
2026-03-06,000001,13:52:03,10.8100,50,2
2026-03-06,000001,13:52:06,10.8200,1,1
2026-03-06,000001,13:52:12,10.8200,15,1
2026-03-06,000001,13:52:18,10.8200,22,1
2026-03-06,000001,13:52:21,10.8200,26,1
2026-03-06,000001,13:52:24,10.8100,81,2
2026-03-06,000001,13:52:30,10.8200,9,1
2026-03-06,000001,13:52:36,10.8100,15,2
2026-03-06,000001,13:52:42,10.8200,35,1
2026-03-06,000001,13:52:45,10.8200,5,1
2026-03-06,000001,13:52:51,10.8200,48,1
2026-03-06,000001,13:53:00,10.8200,50,1
2026-03-06,000001,13:53:03,10.8200,3,1
2026-03-06,000001,13:53:06,10.8200,1,1
2026-03-06,000001,13:53:09,10.8200,33,1
2026-03-06,000001,13:53:12,10.8200,16,1
2026-03-06,000001,13:53:15,10.8200,38,1
2026-03-06,000001,13:53:21,10.8200,43,1
2026-03-06,000001,13:53:27,10.8200,1,1
2026-03-06,000001,13:53:33,10.8200,3,1
2026-03-06,000001,13:53:36,10.8100,350,2
2026-03-06,000001,13:53:39,10.8100,36,2
2026-03-06,000001,13:53:45,10.8200,4,1
2026-03-06,000001,13:53:51,10.8200,46,1
2026-03-06,000001,13:53:54,10.8200,20,1
2026-03-06,000001,13:53:57,10.8100,800,2
2026-03-06,000001,13:54:00,10.8200,48,1
2026-03-06,000001,13:54:03,10.8200,5,1
2026-03-06,000001,13:54:06,10.8200,15,1
2026-03-06,000001,13:54:09,10.8200,9,1
2026-03-06,000001,13:54:15,10.8100,1,2
2026-03-06,000001,13:54:21,10.8200,1,1
2026-03-06,000001,13:54:24,10.8100,112,2
2026-03-06,000001,13:54:30,10.8200,21,1
2026-03-06,000001,13:54:33,10.8200,80,1
2026-03-06,000001,13:54:39,10.8200,20,1
2026-03-06,000001,13:54:42,10.8200,44,1
2026-03-06,000001,13:54:45,10.8200,14,1
2026-03-06,000001,13:55:00,10.8100,8,2
2026-03-06,000001,13:55:03,10.8200,82,1
2026-03-06,000001,13:55:06,10.8100,3,2
2026-03-06,000001,13:55:09,10.8100,1,2
2026-03-06,000001,13:55:12,10.8200,20,1
2026-03-06,000001,13:55:15,10.8200,281,1
2026-03-06,000001,13:55:21,10.8200,35,1
2026-03-06,000001,13:55:27,10.8200,1,1
2026-03-06,000001,13:55:36,10.8200,4,1
2026-03-06,000001,13:55:39,10.8200,32,1
2026-03-06,000001,13:55:42,10.8200,5,1
2026-03-06,000001,13:55:45,10.8200,23,1
2026-03-06,000001,13:55:48,10.8200,2,1
2026-03-06,000001,13:55:51,10.8100,16,2
2026-03-06,000001,13:55:54,10.8200,96,1
2026-03-06,000001,13:55:57,10.8100,20,2
2026-03-06,000001,13:56:03,10.8200,35,1
2026-03-06,000001,13:56:06,10.8100,87,2
2026-03-06,000001,13:56:09,10.8200,44,1
2026-03-06,000001,13:56:18,10.8200,104,1
2026-03-06,000001,13:56:21,10.8200,21,1
2026-03-06,000001,13:56:30,10.8200,13,1
2026-03-06,000001,13:56:36,10.8100,101,2
2026-03-06,000001,13:56:39,10.8200,35,1
2026-03-06,000001,13:56:42,10.8100,3,2
2026-03-06,000001,13:56:45,10.8200,16,1
2026-03-06,000001,13:56:51,10.8100,9,2
2026-03-06,000001,13:56:54,10.8100,17,2
2026-03-06,000001,13:56:57,10.8200,19,1
2026-03-06,000001,13:57:00,10.8200,36,1
2026-03-06,000001,13:57:03,10.8200,32,1
2026-03-06,000001,13:57:09,10.8100,8,2
2026-03-06,000001,13:57:18,10.8200,1,1
2026-03-06,000001,13:57:27,10.8200,5,1
2026-03-06,000001,13:57:30,10.8200,18,1
2026-03-06,000001,13:57:36,10.8200,70,1
2026-03-06,000001,13:57:42,10.8100,14,2
2026-03-06,000001,13:57:45,10.8200,355,1
2026-03-06,000001,13:57:48,10.8100,7,2
2026-03-06,000001,13:57:51,10.8200,2,1
2026-03-06,000001,13:57:54,10.8200,22,1
2026-03-06,000001,13:58:00,10.8200,10,1
2026-03-06,000001,13:58:06,10.8200,6,1
2026-03-06,000001,13:58:09,10.8200,2,1
2026-03-06,000001,13:58:18,10.8200,50,1
2026-03-06,000001,13:58:24,10.8100,14,2
2026-03-06,000001,13:58:30,10.8200,13,1
2026-03-06,000001,13:58:33,10.8200,56,1
2026-03-06,000001,13:58:36,10.8200,35,1
2026-03-06,000001,13:58:39,10.8200,28,1
2026-03-06,000001,13:58:48,10.8200,14,1
2026-03-06,000001,13:58:51,10.8100,28,2
2026-03-06,000001,13:58:57,10.8200,40,1
2026-03-06,000001,13:59:00,10.8200,1,1
2026-03-06,000001,13:59:03,10.8200,137,1
2026-03-06,000001,13:59:09,10.8200,81,1
2026-03-06,000001,13:59:15,10.8100,111,2
2026-03-06,000001,13:59:18,10.8100,3,2
2026-03-06,000001,13:59:24,10.8100,16,2
2026-03-06,000001,13:59:27,10.8200,43,1
2026-03-06,000001,13:59:30,10.8200,23,1
2026-03-06,000001,13:59:33,10.8100,64,2
2026-03-06,000001,13:59:36,10.8100,29,2
2026-03-06,000001,13:59:39,10.8100,2,2
2026-03-06,000001,13:59:42,10.8200,246,1
2026-03-06,000001,13:59:45,10.8200,182,1
2026-03-06,000001,13:59:48,10.8200,10,1
2026-03-06,000001,10:16:03,10.7800,253,2
2026-03-06,000001,10:16:06,10.7900,66,1
2026-03-06,000001,10:16:09,10.7900,351,1
2026-03-06,000001,10:16:12,10.7900,82,1
2026-03-06,000001,10:16:18,10.7900,12,1
2026-03-06,000001,10:16:21,10.7900,946,1
2026-03-06,000001,10:16:24,10.7900,86,1
2026-03-06,000001,10:16:27,10.7800,5,2
2026-03-06,000001,10:16:30,10.7800,269,2
2026-03-06,000001,10:16:33,10.7800,10,2
2026-03-06,000001,10:16:36,10.7900,6,1
2026-03-06,000001,10:16:39,10.7900,908,1
2026-03-06,000001,10:16:42,10.7900,147,1
2026-03-06,000001,10:16:45,10.7900,162,1
2026-03-06,000001,10:16:48,10.7900,832,1
2026-03-06,000001,10:16:51,10.7900,105,1
2026-03-06,000001,10:16:54,10.7900,213,1
2026-03-06,000001,10:16:57,10.8000,1979,1
2026-03-06,000001,10:17:00,10.8000,316,1
2026-03-06,000001,10:17:03,10.8000,135,1
2026-03-06,000001,10:17:06,10.8000,41,1
2026-03-06,000001,10:17:09,10.7900,41,2
2026-03-06,000001,10:17:12,10.8000,169,1
2026-03-06,000001,10:17:15,10.8000,250,1
2026-03-06,000001,10:17:18,10.8000,28,1
2026-03-06,000001,10:17:21,10.8000,10,1
2026-03-06,000001,10:17:24,10.8000,44,1
2026-03-06,000001,10:17:27,10.8000,43,1
2026-03-06,000001,10:17:30,10.8000,2,1
2026-03-06,000001,10:17:33,10.7900,28,2
2026-03-06,000001,10:17:36,10.8000,46,1
2026-03-06,000001,10:17:39,10.8000,3,1
2026-03-06,000001,10:17:42,10.7900,146,2
2026-03-06,000001,10:17:45,10.8000,38,1
2026-03-06,000001,10:17:48,10.7900,213,2
2026-03-06,000001,10:17:51,10.7900,4497,2
2026-03-06,000001,10:17:54,10.7900,122,2
2026-03-06,000001,10:17:57,10.7900,10,1
2026-03-06,000001,10:18:00,10.7900,3,1
2026-03-06,000001,10:18:03,10.7900,74,1
2026-03-06,000001,10:18:06,10.7900,48,1
2026-03-06,000001,10:18:09,10.7900,115,1
2026-03-06,000001,10:18:15,10.7800,33,2
2026-03-06,000001,10:18:18,10.7800,52,2
2026-03-06,000001,10:18:21,10.7800,110,2
2026-03-06,000001,10:18:24,10.7800,81,2
2026-03-06,000001,10:18:30,10.7800,115,2
2026-03-06,000001,10:18:33,10.7800,9,2
2026-03-06,000001,10:18:36,10.7900,110,1
2026-03-06,000001,10:18:39,10.7800,31,2
2026-03-06,000001,10:18:42,10.7800,90,2
2026-03-06,000001,10:18:45,10.7900,4187,1
2026-03-06,000001,10:18:48,10.7800,53,2
2026-03-06,000001,10:18:51,10.7800,168,2
2026-03-06,000001,10:18:54,10.7900,73,1
2026-03-06,000001,10:18:57,10.7800,33,2
2026-03-06,000001,10:19:00,10.7800,81,2
2026-03-06,000001,10:19:03,10.7900,38,1
2026-03-06,000001,10:19:06,10.7900,53,1
2026-03-06,000001,10:19:09,10.7900,20,1
2026-03-06,000001,10:19:12,10.7900,215,1
2026-03-06,000001,10:19:15,10.7800,94,2
2026-03-06,000001,10:19:18,10.7900,51,1
2026-03-06,000001,10:19:21,10.7800,40,2
2026-03-06,000001,10:19:24,10.7900,30,1
2026-03-06,000001,10:19:27,10.7900,34,1
2026-03-06,000001,10:19:30,10.7900,2,1
2026-03-06,000001,10:19:33,10.7800,111,2
2026-03-06,000001,10:19:36,10.7900,206,1
2026-03-06,000001,10:19:39,10.7800,3,2
2026-03-06,000001,10:19:42,10.7800,2,2
2026-03-06,000001,10:19:45,10.7900,66,1
2026-03-06,000001,10:19:48,10.7800,108,2
2026-03-06,000001,10:19:51,10.7900,80,1
2026-03-06,000001,10:19:54,10.7900,41,1
2026-03-06,000001,10:19:57,10.7900,38,1
2026-03-06,000001,10:20:00,10.7900,1,1
2026-03-06,000001,10:20:06,10.7900,28,1
2026-03-06,000001,10:20:09,10.7900,42,1
2026-03-06,000001,10:20:15,10.7900,10,1
2026-03-06,000001,10:20:18,10.7900,60,1
2026-03-06,000001,10:20:24,10.7800,2,2
2026-03-06,000001,10:20:27,10.7800,550,2
2026-03-06,000001,10:20:30,10.7900,36,1
2026-03-06,000001,10:20:33,10.7900,16,1
2026-03-06,000001,10:20:39,10.7900,12,1
2026-03-06,000001,10:20:45,10.7800,8,2
2026-03-06,000001,10:20:48,10.7900,22,1
2026-03-06,000001,10:20:54,10.7900,54,1
2026-03-06,000001,10:21:00,10.7900,9,1
2026-03-06,000001,10:21:03,10.7900,50,1
2026-03-06,000001,10:21:06,10.7900,4,1
2026-03-06,000001,10:21:12,10.7900,136,1
2026-03-06,000001,10:21:15,10.7900,82,1
2026-03-06,000001,10:21:18,10.7900,31,1
2026-03-06,000001,10:21:21,10.7900,100,1
2026-03-06,000001,10:21:24,10.7900,10,1
2026-03-06,000001,10:21:27,10.7900,143,1
2026-03-06,000001,10:21:30,10.7900,109,1
2026-03-06,000001,10:21:33,10.7900,119,1
2026-03-06,000001,10:21:36,10.7800,75,2
2026-03-06,000001,10:21:39,10.7800,111,2
2026-03-06,000001,10:21:42,10.7900,24,1
2026-03-06,000001,10:21:45,10.7900,15,1
2026-03-06,000001,10:21:48,10.7800,11,2
2026-03-06,000001,10:21:51,10.7900,2328,1
2026-03-06,000001,10:21:54,10.7800,15,2
2026-03-06,000001,10:22:00,10.7900,71,1
2026-03-06,000001,10:22:03,10.7800,10,2
2026-03-06,000001,10:22:06,10.7900,9,1
2026-03-06,000001,10:22:09,10.7800,37,2
2026-03-06,000001,10:22:12,10.7700,11747,2
2026-03-06,000001,10:22:15,10.7800,145,1
2026-03-06,000001,10:22:18,10.7800,657,1
2026-03-06,000001,10:22:21,10.7800,470,1
2026-03-06,000001,10:22:24,10.7700,57,2
2026-03-06,000001,10:22:27,10.7800,58,1
2026-03-06,000001,10:22:30,10.7800,208,1
2026-03-06,000001,10:22:33,10.7800,18,1
2026-03-06,000001,10:22:36,10.7800,10,1
2026-03-06,000001,10:22:42,10.7700,48,2
2026-03-06,000001,10:22:45,10.7800,39,1
2026-03-06,000001,10:22:48,10.7700,201,2
2026-03-06,000001,10:22:51,10.7800,18,1
2026-03-06,000001,10:22:54,10.7700,32,2
2026-03-06,000001,10:22:57,10.7700,31,2
2026-03-06,000001,10:23:00,10.7700,25,2
2026-03-06,000001,10:23:03,10.7800,26,1
2026-03-06,000001,10:23:06,10.7700,100,2
2026-03-06,000001,10:23:09,10.7800,133,1
2026-03-06,000001,10:23:12,10.7800,53,1
2026-03-06,000001,10:23:15,10.7700,63,2
2026-03-06,000001,10:23:18,10.7700,19,2
2026-03-06,000001,10:23:21,10.7800,65,1
2026-03-06,000001,10:23:27,10.7700,51,2
2026-03-06,000001,10:23:30,10.7700,56,2
2026-03-06,000001,10:23:33,10.7800,154,1
2026-03-06,000001,10:23:36,10.7800,293,1
2026-03-06,000001,10:23:39,10.7800,259,1
2026-03-06,000001,10:23:42,10.7800,100,1
2026-03-06,000001,10:23:45,10.7800,45,1
2026-03-06,000001,10:23:48,10.7800,107,1
2026-03-06,000001,10:23:51,10.7800,209,1
2026-03-06,000001,10:23:54,10.7700,12,2
2026-03-06,000001,10:23:57,10.7700,287,2
2026-03-06,000001,10:24:00,10.7800,14,1
2026-03-06,000001,10:24:03,10.7800,52,1
2026-03-06,000001,10:24:06,10.7800,216,1
2026-03-06,000001,10:24:09,10.7800,205,1
2026-03-06,000001,10:24:12,10.7700,20,2
2026-03-06,000001,10:24:15,10.7800,182,1
2026-03-06,000001,10:24:18,10.7800,41,1
2026-03-06,000001,10:24:21,10.7800,143,1
2026-03-06,000001,10:24:24,10.7700,42,2
2026-03-06,000001,10:24:30,10.7800,213,1
2026-03-06,000001,10:24:33,10.7800,1,1
2026-03-06,000001,10:24:36,10.7700,28,2
2026-03-06,000001,10:24:39,10.7800,55,1
2026-03-06,000001,10:24:42,10.7700,30,2
2026-03-06,000001,10:24:45,10.7800,167,1
2026-03-06,000001,10:24:48,10.7800,614,1
2026-03-06,000001,10:24:51,10.7800,352,1
2026-03-06,000001,10:24:54,10.7800,79,1
2026-03-06,000001,10:24:57,10.7700,19,2
2026-03-06,000001,10:25:00,10.7800,12,1
2026-03-06,000001,10:25:03,10.7800,281,1
2026-03-06,000001,10:25:06,10.7800,733,1
2026-03-06,000001,10:25:09,10.7700,37,2
2026-03-06,000001,10:25:12,10.7800,187,1
2026-03-06,000001,10:25:15,10.7800,319,1
2026-03-06,000001,10:25:18,10.7800,76,1
2026-03-06,000001,10:25:21,10.7900,344,1
2026-03-06,000001,10:25:24,10.7800,62,2
2026-03-06,000001,10:25:27,10.7800,1,2
2026-03-06,000001,10:25:30,10.7800,2,2
2026-03-06,000001,10:25:33,10.7800,4,2
2026-03-06,000001,10:25:36,10.7900,27,1
2026-03-06,000001,10:25:39,10.7900,13,1
2026-03-06,000001,10:25:45,10.7900,137,1
2026-03-06,000001,10:25:48,10.7900,4,1
2026-03-06,000001,10:25:54,10.7800,8,2
2026-03-06,000001,10:25:57,10.7900,47,1
2026-03-06,000001,10:26:00,10.7900,14,1
2026-03-06,000001,10:26:03,10.7800,72,2
2026-03-06,000001,10:26:06,10.7900,6,1
2026-03-06,000001,10:26:12,10.7800,224,2
2026-03-06,000001,10:26:15,10.7800,186,2
2026-03-06,000001,10:26:18,10.7900,28,1
2026-03-06,000001,10:26:21,10.7900,21,1
2026-03-06,000001,10:26:27,10.7900,35,1
2026-03-06,000001,10:26:33,10.7900,14,1
2026-03-06,000001,10:26:36,10.7900,22,1
2026-03-06,000001,10:26:39,10.7800,10,2
2026-03-06,000001,10:26:42,10.7900,24,1
2026-03-06,000001,10:26:45,10.7800,688,2
2026-03-06,000001,10:26:48,10.7900,10,1
2026-03-06,000001,10:26:51,10.7800,8,2
2026-03-06,000001,10:26:57,10.7900,63,1
2026-03-06,000001,10:27:00,10.7900,12,1
2026-03-06,000001,10:27:06,10.7900,296,1
2026-03-06,000001,10:27:09,10.7900,283,1
2026-03-06,000001,10:27:15,10.7800,270,2
2026-03-06,000001,10:27:21,10.7800,11,2
2026-03-06,000001,10:27:27,10.7800,60,2
2026-03-06,000001,10:27:30,10.7800,3,2
2026-03-06,000001,10:27:36,10.7900,2,1
2026-03-06,000001,10:27:39,10.7900,39,1
2026-03-06,000001,10:27:45,10.7900,125,1
2026-03-06,000001,10:27:48,10.7800,7,2
2026-03-06,000001,10:27:51,10.7900,62,1
2026-03-06,000001,10:27:54,10.7900,71,1
2026-03-06,000001,10:28:00,10.7900,3,1
2026-03-06,000001,10:28:06,10.7900,2,1
2026-03-06,000001,10:28:09,10.7900,26,1
2026-03-06,000001,10:28:12,10.7800,38,2
2026-03-06,000001,10:28:15,10.7900,191,1
2026-03-06,000001,10:28:18,10.7900,90,1
2026-03-06,000001,10:28:21,10.7900,1,1
2026-03-06,000001,10:28:24,10.7900,31,1
2026-03-06,000001,10:28:27,10.7800,27,2
2026-03-06,000001,10:28:30,10.7800,2,2
2026-03-06,000001,10:28:33,10.7900,1,1
2026-03-06,000001,10:28:36,10.7900,124,1
2026-03-06,000001,10:28:39,10.7900,126,1
2026-03-06,000001,10:28:42,10.7800,79,2
2026-03-06,000001,10:28:45,10.7900,125,1
2026-03-06,000001,10:28:48,10.7900,45,1
2026-03-06,000001,10:28:51,10.7900,198,1
2026-03-06,000001,10:28:54,10.7900,1,1
2026-03-06,000001,10:28:57,10.7800,11,2
2026-03-06,000001,10:29:00,10.7900,22,1
2026-03-06,000001,10:29:03,10.7800,51,2
2026-03-06,000001,10:29:06,10.7900,370,1
2026-03-06,000001,10:29:09,10.7900,39,1
2026-03-06,000001,10:29:12,10.7900,1257,1
2026-03-06,000001,10:29:15,10.8000,155,1
2026-03-06,000001,10:29:21,10.8000,44,1
2026-03-06,000001,10:29:24,10.7900,1,2
2026-03-06,000001,10:29:30,10.8000,19,1
2026-03-06,000001,10:29:33,10.8000,14,1
2026-03-06,000001,10:29:36,10.8000,25,1
2026-03-06,000001,10:29:39,10.8000,25,1
2026-03-06,000001,10:29:42,10.8000,41,1
2026-03-06,000001,10:29:45,10.8000,57,1
2026-03-06,000001,10:29:51,10.7900,44,2
2026-03-06,000001,10:29:54,10.8000,50,1
2026-03-06,000001,10:29:57,10.7900,2,2
2026-03-06,000001,10:30:00,10.8000,146,1
2026-03-06,000001,10:30:03,10.8000,36,1
2026-03-06,000001,10:30:06,10.8000,36,1
2026-03-06,000001,10:30:09,10.7900,105,2
2026-03-06,000001,10:30:12,10.7900,42,2
2026-03-06,000001,10:30:15,10.8000,40,1
2026-03-06,000001,10:30:18,10.7900,59,2
2026-03-06,000001,10:30:21,10.8000,34,1
2026-03-06,000001,10:30:24,10.8000,8,1
2026-03-06,000001,10:30:27,10.7900,1,2
2026-03-06,000001,10:30:30,10.8000,1,1
2026-03-06,000001,10:30:36,10.8000,13,1
2026-03-06,000001,10:30:39,10.8000,2,1
2026-03-06,000001,10:30:42,10.7900,11,2
2026-03-06,000001,10:30:45,10.7900,22,2
2026-03-06,000001,10:30:48,10.8000,32,1
2026-03-06,000001,10:30:51,10.8000,129,1
2026-03-06,000001,10:30:54,10.8000,41,1
2026-03-06,000001,10:30:57,10.8000,9,1
2026-03-06,000001,10:31:00,10.8000,2,1
2026-03-06,000001,10:31:03,10.8000,1,1
2026-03-06,000001,10:31:06,10.7900,3,2
2026-03-06,000001,10:31:09,10.7900,118,2
2026-03-06,000001,10:31:12,10.7900,58,2
2026-03-06,000001,10:31:15,10.7900,5,2
2026-03-06,000001,10:31:18,10.7900,633,2
2026-03-06,000001,10:31:27,10.7900,9,2
2026-03-06,000001,10:31:30,10.8000,51,1
2026-03-06,000001,10:31:36,10.8000,1,1
2026-03-06,000001,10:31:39,10.7900,57,2
2026-03-06,000001,10:31:48,10.7900,28,2
2026-03-06,000001,10:31:57,10.8000,6,1
2026-03-06,000001,10:32:00,10.8000,2,1
2026-03-06,000001,10:32:06,10.8000,6,1
2026-03-06,000001,10:32:09,10.7900,191,2
2026-03-06,000001,10:32:12,10.8000,278,1
2026-03-06,000001,10:32:15,10.8000,110,1
2026-03-06,000001,10:32:18,10.8000,31,1
2026-03-06,000001,10:32:21,10.8000,1,1
2026-03-06,000001,10:32:24,10.8000,77,1
2026-03-06,000001,10:32:27,10.8000,1002,1
2026-03-06,000001,10:32:30,10.7900,15,2
2026-03-06,000001,10:32:33,10.8000,14,1
2026-03-06,000001,10:32:36,10.8000,2,1
2026-03-06,000001,10:32:39,10.8000,183,1
2026-03-06,000001,10:32:42,10.8000,115,1
2026-03-06,000001,10:32:45,10.8000,123,1
2026-03-06,000001,10:32:48,10.7900,5,2
2026-03-06,000001,10:32:51,10.8000,79,1
2026-03-06,000001,10:32:54,10.8000,529,1
2026-03-06,000001,10:32:57,10.8100,237,1
2026-03-06,000001,10:33:00,10.8100,79,1
2026-03-06,000001,10:33:03,10.8000,28,2
2026-03-06,000001,10:33:06,10.8000,294,2
2026-03-06,000001,10:33:09,10.8000,15,1
2026-03-06,000001,10:33:12,10.7900,78,2
2026-03-06,000001,10:33:21,10.8000,4,1
2026-03-06,000001,10:33:30,10.8000,11,1
2026-03-06,000001,10:33:36,10.8000,10,1
2026-03-06,000001,10:33:39,10.8000,22,1
2026-03-06,000001,10:33:42,10.8000,1,1
2026-03-06,000001,10:33:45,10.8000,31,1
2026-03-06,000001,10:33:48,10.8000,40,1
2026-03-06,000001,10:33:51,10.8000,87,1
2026-03-06,000001,10:33:54,10.8000,12,1
2026-03-06,000001,10:33:57,10.8000,177,1
2026-03-06,000001,10:34:00,10.8000,486,1
2026-03-06,000001,10:34:03,10.8000,152,1
2026-03-06,000001,10:34:06,10.7900,3219,2
2026-03-06,000001,10:34:09,10.8100,20,1
2026-03-06,000001,10:34:12,10.8000,2,2
2026-03-06,000001,10:34:15,10.8000,9,2
2026-03-06,000001,10:34:18,10.8000,18,2
2026-03-06,000001,10:34:21,10.8000,41,2
2026-03-06,000001,10:34:24,10.8000,34,2
2026-03-06,000001,10:34:30,10.8100,70,1
2026-03-06,000001,10:34:33,10.8100,1,1
2026-03-06,000001,10:34:36,10.8100,36,1
2026-03-06,000001,10:34:39,10.8100,93,1
2026-03-06,000001,10:34:42,10.8100,68,1
2026-03-06,000001,10:34:45,10.8000,14,2
2026-03-06,000001,10:34:48,10.8000,5,2
2026-03-06,000001,10:34:51,10.8100,45,1
2026-03-06,000001,10:34:54,10.8100,60,1
2026-03-06,000001,10:34:57,10.8100,1,1
2026-03-06,000001,10:35:00,10.8100,3,1
2026-03-06,000001,10:35:03,10.8100,34,1
2026-03-06,000001,10:35:06,10.8100,70,1
2026-03-06,000001,10:35:09,10.8000,6,2
2026-03-06,000001,10:35:15,10.8000,1,2
2026-03-06,000001,10:35:18,10.8100,102,1
2026-03-06,000001,10:35:21,10.8000,1,2
2026-03-06,000001,10:35:24,10.8000,281,2
2026-03-06,000001,10:35:27,10.8000,21,2
2026-03-06,000001,10:35:30,10.8100,108,1
2026-03-06,000001,10:35:36,10.8100,1,1
2026-03-06,000001,10:35:42,10.8000,2,2
2026-03-06,000001,10:36:00,10.8100,2,1
2026-03-06,000001,10:36:03,10.8000,10,2
2026-03-06,000001,10:36:06,10.8100,57,1
2026-03-06,000001,10:36:09,10.8100,29,1
2026-03-06,000001,10:36:12,10.8100,4,1
2026-03-06,000001,10:36:15,10.8100,3,1
2026-03-06,000001,10:36:18,10.8000,124,2
2026-03-06,000001,10:36:21,10.8000,38,2
2026-03-06,000001,10:36:24,10.8100,27,1
2026-03-06,000001,10:36:27,10.8000,77,2
2026-03-06,000001,10:36:30,10.8100,61,1
2026-03-06,000001,10:36:33,10.8100,17,1
2026-03-06,000001,10:36:36,10.8100,5,1
2026-03-06,000001,10:36:39,10.8000,4,2
2026-03-06,000001,10:36:42,10.8000,5,2
2026-03-06,000001,10:36:45,10.8100,16,1
2026-03-06,000001,10:36:48,10.8000,1,2
2026-03-06,000001,10:36:51,10.8000,121,2
2026-03-06,000001,10:36:54,10.8100,36,1
2026-03-06,000001,10:36:57,10.8000,1,2
2026-03-06,000001,10:37:00,10.8100,2,1
2026-03-06,000001,10:37:03,10.8000,1,2
2026-03-06,000001,10:37:06,10.8100,14,1
2026-03-06,000001,10:37:12,10.8000,9,2
2026-03-06,000001,10:37:15,10.8100,4,1
2026-03-06,000001,10:37:18,10.8100,198,1
2026-03-06,000001,10:37:21,10.8000,46,2
2026-03-06,000001,10:37:24,10.8000,15,2
2026-03-06,000001,10:37:27,10.8000,44,2
2026-03-06,000001,10:37:30,10.8000,172,2
2026-03-06,000001,10:37:33,10.8000,26,2
2026-03-06,000001,10:37:36,10.8100,3,1
2026-03-06,000001,10:37:42,10.8000,1,2
2026-03-06,000001,10:37:45,10.8100,121,1
2026-03-06,000001,10:37:51,10.8100,19,1
2026-03-06,000001,10:38:00,10.8100,78,1
2026-03-06,000001,10:38:03,10.8000,48,2
2026-03-06,000001,10:38:06,10.8100,2,1
2026-03-06,000001,10:38:09,10.8000,1,2
2026-03-06,000001,10:38:12,10.8100,17,1
2026-03-06,000001,10:38:15,10.8000,8,2
2026-03-06,000001,10:38:18,10.8000,138,2
2026-03-06,000001,10:38:21,10.8000,48,2
2026-03-06,000001,10:38:24,10.8000,260,2
2026-03-06,000001,10:38:27,10.8000,47,2
2026-03-06,000001,10:38:30,10.8000,123,2
2026-03-06,000001,10:38:33,10.8000,1,1
2026-03-06,000001,10:38:36,10.8000,40,1
2026-03-06,000001,10:38:39,10.8000,20,1
2026-03-06,000001,10:38:42,10.8000,5,1
2026-03-06,000001,10:38:45,10.8000,2,1
2026-03-06,000001,10:38:48,10.8000,26,1
2026-03-06,000001,10:38:51,10.8000,20,1
2026-03-06,000001,10:38:54,10.8000,54,1
2026-03-06,000001,10:38:57,10.8000,30,1
2026-03-06,000001,10:39:00,10.8000,8,1
2026-03-06,000001,10:39:03,10.8000,34,1
2026-03-06,000001,10:39:06,10.8000,5,1
2026-03-06,000001,10:39:09,10.7900,14,2
2026-03-06,000001,10:39:12,10.8000,1,1
2026-03-06,000001,10:39:18,10.7900,10,2
2026-03-06,000001,10:39:21,10.7900,28,2
2026-03-06,000001,10:39:24,10.7900,8,2
2026-03-06,000001,10:39:27,10.8000,8,1
2026-03-06,000001,10:39:36,10.8000,36,1
2026-03-06,000001,10:39:39,10.8000,46,1
2026-03-06,000001,10:39:42,10.8000,69,1
2026-03-06,000001,10:39:45,10.8000,83,1
2026-03-06,000001,10:39:48,10.8000,26,1
2026-03-06,000001,10:39:51,10.8000,15,1
2026-03-06,000001,10:39:54,10.7900,11,2
2026-03-06,000001,10:40:00,10.7900,16,2
2026-03-06,000001,10:40:03,10.7900,20,2
2026-03-06,000001,10:40:06,10.8000,15,1
2026-03-06,000001,10:40:09,10.8000,58,1
2026-03-06,000001,10:40:12,10.8000,46,1
2026-03-06,000001,10:40:15,10.8000,9,1
2026-03-06,000001,10:40:18,10.8000,1,1
2026-03-06,000001,10:40:21,10.8100,237,1
2026-03-06,000001,10:40:30,10.8000,282,2
2026-03-06,000001,10:40:33,10.7900,26,2
2026-03-06,000001,10:40:36,10.8000,11,1
2026-03-06,000001,10:40:39,10.7900,1,2
2026-03-06,000001,10:40:42,10.7900,1,2
2026-03-06,000001,10:40:48,10.8000,33,1
2026-03-06,000001,10:40:51,10.8000,13,1
2026-03-06,000001,10:41:00,10.8000,2,1
2026-03-06,000001,10:41:06,10.8000,2,1
2026-03-06,000001,10:41:09,10.7900,100,2
2026-03-06,000001,10:41:12,10.8000,46,1
2026-03-06,000001,10:41:15,10.8000,25,1
2026-03-06,000001,10:41:18,10.7900,8,2
2026-03-06,000001,10:41:21,10.8000,21,1
2026-03-06,000001,10:41:24,10.8000,6,1
2026-03-06,000001,10:41:27,10.8000,16,1
2026-03-06,000001,10:41:30,10.8000,35,1
2026-03-06,000001,10:41:33,10.8000,11,1
2026-03-06,000001,10:41:36,10.8000,6,1
2026-03-06,000001,10:41:39,10.8000,13,1
2026-03-06,000001,10:41:42,10.8000,118,1
2026-03-06,000001,10:41:45,10.7900,7,2
2026-03-06,000001,10:41:48,10.7900,387,2
2026-03-06,000001,10:41:51,10.8000,117,1
2026-03-06,000001,10:41:54,10.8000,37,1
2026-03-06,000001,10:42:00,10.8000,3,1
2026-03-06,000001,10:42:03,10.7900,17,2
2026-03-06,000001,10:42:06,10.8000,3,1
2026-03-06,000001,10:42:15,10.8000,1,1
2026-03-06,000001,10:42:18,10.7900,26,2
2026-03-06,000001,10:42:33,10.8000,1,1
2026-03-06,000001,10:42:36,10.8000,2,1
2026-03-06,000001,10:42:48,10.7900,30,2
2026-03-06,000001,10:42:51,10.8000,32,1
2026-03-06,000001,10:43:00,10.8000,2,1
2026-03-06,000001,10:43:03,10.8000,49,1
2026-03-06,000001,10:43:06,10.8000,32,1
2026-03-06,000001,10:43:09,10.7900,30,2
2026-03-06,000001,10:43:12,10.8000,13,1
2026-03-06,000001,10:43:15,10.8000,18,1
2026-03-06,000001,10:43:18,10.7900,8,2
2026-03-06,000001,10:43:21,10.8000,4,1
2026-03-06,000001,10:43:24,10.7900,7,2
2026-03-06,000001,10:43:27,10.7900,10,2
2026-03-06,000001,10:43:30,10.7900,32,2
2026-03-06,000001,10:43:36,10.8000,12,1
2026-03-06,000001,10:43:45,10.8000,45,1
2026-03-06,000001,10:43:54,10.7900,110,2
2026-03-06,000001,10:44:00,10.7900,61,2
2026-03-06,000001,10:44:06,10.8000,2,1
2026-03-06,000001,10:44:09,10.8000,61,1
2026-03-06,000001,10:44:12,10.8000,268,1
2026-03-06,000001,10:44:15,10.7900,301,2
2026-03-06,000001,10:44:18,10.7900,69,2
2026-03-06,000001,10:44:21,10.7900,17,2
2026-03-06,000001,10:44:24,10.7900,31,2
2026-03-06,000001,10:44:27,10.7900,1,2
2026-03-06,000001,10:44:30,10.7900,4,2
2026-03-06,000001,10:44:33,10.7900,197,2
2026-03-06,000001,10:44:36,10.8000,12,1
2026-03-06,000001,10:44:39,10.8000,51,1
2026-03-06,000001,10:44:42,10.8000,25,1
2026-03-06,000001,10:44:51,10.8000,16,1
2026-03-06,000001,10:44:54,10.7900,50,2
2026-03-06,000001,10:44:57,10.7900,42,2
2026-03-06,000001,10:45:00,10.8000,36,1
2026-03-06,000001,10:45:03,10.7900,102,2
2026-03-06,000001,10:45:06,10.8000,26,1
2026-03-06,000001,10:45:09,10.8000,9,1
2026-03-06,000001,10:45:12,10.8000,24,1
2026-03-06,000001,10:45:15,10.8000,93,1
2026-03-06,000001,10:45:18,10.8000,46,1
2026-03-06,000001,10:45:21,10.7900,544,2
2026-03-06,000001,10:45:24,10.7900,320,2
2026-03-06,000001,10:45:27,10.7900,172,2
2026-03-06,000001,10:45:30,10.7900,60,2
