date,code,time,price,volume,bs
2026-06-23,000858,14:07:06,74.8600,113,2
2026-06-23,000858,14:07:09,74.8700,67,1
2026-06-23,000858,14:07:12,74.8700,43,1
2026-06-23,000858,14:07:15,74.8700,7,1
2026-06-23,000858,14:07:18,74.8700,34,1
2026-06-23,000858,14:07:21,74.8700,10,1
2026-06-23,000858,14:07:24,74.8600,6,2
2026-06-23,000858,14:07:27,74.8600,44,2
2026-06-23,000858,14:07:30,74.8600,65,2
2026-06-23,000858,14:07:33,74.8600,30,1
2026-06-23,000858,14:07:36,74.8500,50,2
2026-06-23,000858,14:07:39,74.8600,62,1
2026-06-23,000858,14:07:42,74.8600,236,1
2026-06-23,000858,14:07:45,74.8600,18,1
2026-06-23,000858,14:07:48,74.8600,20,1
2026-06-23,000858,14:07:51,74.8600,15,2
2026-06-23,000858,14:07:54,74.8600,3,2
2026-06-23,000858,14:07:57,74.8700,3,1
2026-06-23,000858,14:08:00,74.8700,108,1
2026-06-23,000858,14:08:03,74.8600,94,2
2026-06-23,000858,14:08:06,74.8500,414,2
2026-06-23,000858,14:08:09,74.8300,314,2
2026-06-23,000858,14:08:12,74.8200,130,2
2026-06-23,000858,14:08:15,74.8300,26,1
2026-06-23,000858,14:08:18,74.8200,45,2
2026-06-23,000858,14:08:21,74.8200,36,2
2026-06-23,000858,14:08:24,74.8200,42,2
2026-06-23,000858,14:08:27,74.8200,16,2
2026-06-23,000858,14:08:30,74.8300,1,1
2026-06-23,000858,14:08:33,74.8300,92,1
2026-06-23,000858,14:08:36,74.8100,372,2
2026-06-23,000858,14:08:39,74.8100,20,2
2026-06-23,000858,14:08:42,74.8200,26,1
2026-06-23,000858,14:08:45,74.8100,158,2
2026-06-23,000858,14:08:48,74.8100,172,2
2026-06-23,000858,14:08:51,74.8200,65,1
2026-06-23,000858,14:08:54,74.8100,220,2
2026-06-23,000858,14:08:57,74.8100,192,2
2026-06-23,000858,14:09:00,74.8100,60,2
2026-06-23,000858,14:09:03,74.8100,122,1
2026-06-23,000858,14:09:06,74.8100,18,1
2026-06-23,000858,14:09:09,74.8000,35,2
2026-06-23,000858,14:09:12,74.8100,59,1
2026-06-23,000858,14:09:15,74.8200,9,1
2026-06-23,000858,14:09:18,74.8100,42,2
2026-06-23,000858,14:09:21,74.8200,40,1
2026-06-23,000858,14:09:24,74.8200,29,1
2026-06-23,000858,14:09:27,74.8200,50,1
2026-06-23,000858,14:09:30,74.8200,7,4
2026-06-23,000858,14:09:33,74.8300,37,1
2026-06-23,000858,14:09:36,74.8200,82,2
2026-06-23,000858,14:09:39,74.8200,33,2
2026-06-23,000858,14:09:42,74.8300,34,1
2026-06-23,000858,14:09:45,74.8200,24,2
2026-06-23,000858,14:09:48,74.8300,36,1
2026-06-23,000858,14:09:51,74.8200,14,2
2026-06-23,000858,14:09:54,74.8300,17,1
2026-06-23,000858,14:09:57,74.8300,125,1
2026-06-23,000858,14:10:00,74.8200,108,2
2026-06-23,000858,14:10:03,74.8200,7,2
2026-06-23,000858,14:10:06,74.8200,31,2
2026-06-23,000858,14:10:09,74.8300,44,1
2026-06-23,000858,14:10:12,74.8200,77,2
2026-06-23,000858,14:10:15,74.8200,44,2
2026-06-23,000858,14:10:18,74.8200,35,2
2026-06-23,000858,14:10:21,74.8300,27,1
2026-06-23,000858,14:10:24,74.8300,17,1
2026-06-23,000858,14:10:27,74.8200,40,2
2026-06-23,000858,14:10:30,74.8300,50,1
2026-06-23,000858,14:10:33,74.8200,32,2
2026-06-23,000858,14:10:36,74.8300,21,1
2026-06-23,000858,14:10:39,74.8200,221,2
2026-06-23,000858,14:10:42,74.8100,418,2
2026-06-23,000858,14:10:45,74.8000,361,2
2026-06-23,000858,14:10:48,74.8000,131,2
2026-06-23,000858,14:10:51,74.8000,95,2
2026-06-23,000858,14:10:54,74.7800,2512,2
2026-06-23,000858,14:10:57,74.7600,229,2
2026-06-23,000858,14:11:00,74.7500,164,2
2026-06-23,000858,14:11:03,74.7500,76,2
2026-06-23,000858,14:11:06,74.7400,134,2
2026-06-23,000858,14:11:09,74.7400,63,2
2026-06-23,000858,14:11:12,74.7400,86,2
2026-06-23,000858,14:11:15,74.7300,73,2
2026-06-23,000858,14:11:18,74.7300,21,4
2026-06-23,000858,14:11:21,74.7300,39,2
2026-06-23,000858,14:11:24,74.7200,84,2
2026-06-23,000858,14:11:27,74.7200,37,1
2026-06-23,000858,14:11:30,74.7200,52,1
2026-06-23,000858,14:11:33,74.7100,31,2
2026-06-23,000858,14:11:36,74.7300,214,1
2026-06-23,000858,14:11:39,74.7400,436,1
2026-06-23,000858,14:11:42,74.7600,112,1
2026-06-23,000858,14:11:45,74.7600,60,2
2026-06-23,000858,14:11:48,74.7300,54,2
2026-06-23,000858,14:11:51,74.7500,44,4
2026-06-23,000858,14:11:54,74.7500,17,1
2026-06-23,000858,14:11:57,74.7400,58,2
2026-06-23,000858,14:12:00,74.7500,49,1
2026-06-23,000858,14:12:03,74.7400,41,2
2026-06-23,000858,14:12:06,74.7400,104,2
2026-06-23,000858,14:12:09,74.7500,161,1
2026-06-23,000858,14:12:12,74.7500,58,1
2026-06-23,000858,14:12:15,74.7500,59,1
2026-06-23,000858,14:12:18,74.7400,12,2
2026-06-23,000858,14:12:21,74.7500,54,1
2026-06-23,000858,14:12:24,74.7400,36,2
2026-06-23,000858,14:12:27,74.7500,6,1
2026-06-23,000858,14:12:30,74.7400,131,2
2026-06-23,000858,14:12:33,74.7400,67,1
2026-06-23,000858,14:12:36,74.7400,65,1
2026-06-23,000858,14:12:39,74.7400,41,1
2026-06-23,000858,14:12:42,74.7400,73,1
2026-06-23,000858,14:12:45,74.7400,79,1
2026-06-23,000858,14:12:48,74.7500,26,1
2026-06-23,000858,14:12:51,74.7400,18,2
2026-06-23,000858,14:12:54,74.7500,9,1
2026-06-23,000858,14:12:57,74.7400,174,2
2026-06-23,000858,14:13:00,74.7500,14,1
2026-06-23,000858,14:13:03,74.7500,69,1
2026-06-23,000858,14:13:06,74.7400,67,2
2026-06-23,000858,14:13:09,74.7500,17,1
2026-06-23,000858,14:13:12,74.7400,63,2
2026-06-23,000858,14:13:15,74.7400,54,2
2026-06-23,000858,14:13:18,74.7500,53,1
2026-06-23,000858,14:13:21,74.7400,54,2
2026-06-23,000858,14:13:24,74.7400,169,1
2026-06-23,000858,14:13:27,74.7400,39,1
2026-06-23,000858,14:13:30,74.7300,27,2
2026-06-23,000858,14:13:33,74.7400,70,1
2026-06-23,000858,14:13:36,74.7400,31,1
2026-06-23,000858,14:13:39,74.7400,25,1
2026-06-23,000858,14:13:42,74.7300,46,2
2026-06-23,000858,14:13:45,74.7400,22,1
2026-06-23,000858,14:13:48,74.7400,167,1
2026-06-23,000858,14:13:51,74.7300,48,2
2026-06-23,000858,14:13:54,74.7300,20,1
2026-06-23,000858,14:13:57,74.7300,30,1
2026-06-23,000858,14:14:00,74.7300,112,1
2026-06-23,000858,14:14:03,74.7300,83,1
2026-06-23,000858,14:14:06,74.7300,19,1
2026-06-23,000858,14:14:09,74.7300,22,1
2026-06-23,000858,14:14:12,74.7300,36,1
2026-06-23,000858,14:14:15,74.7300,29,1
2026-06-23,000858,14:14:18,74.7300,37,1
2026-06-23,000858,14:14:21,74.7200,31,2
2026-06-23,000858,14:14:24,74.7300,177,1
2026-06-23,000858,14:14:27,74.7300,104,2
2026-06-23,000858,14:14:30,74.7300,65,2
2026-06-23,000858,14:14:33,74.7300,25,1
2026-06-23,000858,14:14:36,74.7300,20,1
2026-06-23,000858,14:14:39,74.7200,63,2
2026-06-23,000858,14:14:42,74.7300,42,1
2026-06-23,000858,14:14:45,74.7300,77,1
2026-06-23,000858,14:14:48,74.7300,43,1
2026-06-23,000858,14:14:51,74.7200,158,2
2026-06-23,000858,14:14:54,74.7400,24,1
2026-06-23,000858,14:14:57,74.7200,59,2
2026-06-23,000858,14:15:00,74.7300,34,1
2026-06-23,000858,14:15:03,74.7300,44,1
2026-06-23,000858,14:15:06,74.7300,571,1
2026-06-23,000858,14:15:09,74.7200,273,2
2026-06-23,000858,14:15:12,74.7100,74,2
2026-06-23,000858,14:15:15,74.7200,63,1
2026-06-23,000858,14:15:18,74.7100,180,2
2026-06-23,000858,14:15:21,74.7000,282,2
2026-06-23,000858,14:15:24,74.7100,61,1
2026-06-23,000858,14:15:27,74.7000,149,2
2026-06-23,000858,14:15:30,74.7100,137,1
2026-06-23,000858,14:15:33,74.7100,21,2
2026-06-23,000858,14:15:36,74.7100,29,1
2026-06-23,000858,14:15:39,74.7000,35,2
2026-06-23,000858,14:15:42,74.7100,131,1
2026-06-23,000858,14:15:45,74.7000,124,2
2026-06-23,000858,14:15:48,74.7100,199,1
2026-06-23,000858,14:15:51,74.7100,71,1
2026-06-23,000858,14:15:54,74.7100,63,1
2026-06-23,000858,14:15:57,74.7100,344,1
2026-06-23,000858,14:16:00,74.7000,29,2
2026-06-23,000858,14:16:03,74.7100,30,1
2026-06-23,000858,14:16:06,74.7100,25,1
2026-06-23,000858,14:16:09,74.7000,65,2
2026-06-23,000858,14:16:12,74.7000,69,2
2026-06-23,000858,14:16:15,74.7000,86,1
2026-06-23,000858,14:16:18,74.6900,61,2
2026-06-23,000858,14:16:21,74.6800,161,2
2026-06-23,000858,14:16:24,74.6900,34,1
2026-06-23,000858,14:16:27,74.6900,101,1
2026-06-23,000858,14:16:30,74.6900,11,1
2026-06-23,000858,14:16:33,74.6800,105,2
2026-06-23,000858,14:16:36,74.6800,24,2
2026-06-23,000858,14:16:39,74.6800,62,2
2026-06-23,000858,14:16:42,74.6800,143,2
2026-06-23,000858,14:16:45,74.6900,31,1
2026-06-23,000858,14:16:48,74.6900,85,1
2026-06-23,000858,14:16:51,74.7000,165,1
2026-06-23,000858,14:16:54,74.7000,66,1
2026-06-23,000858,14:16:57,74.7100,106,1
2026-06-23,000858,14:17:00,74.7000,44,2
2026-06-23,000858,14:17:03,74.7000,44,2
2026-06-23,000858,14:17:06,74.7000,38,1
2026-06-23,000858,14:17:09,74.7100,61,1
2026-06-23,000858,14:17:12,74.7000,35,2
2026-06-23,000858,14:17:15,74.7000,41,1
2026-06-23,000858,14:17:18,74.7000,15,1
2026-06-23,000858,14:17:21,74.7000,214,1
2026-06-23,000858,14:17:24,74.7100,13,1
2026-06-23,000858,14:17:27,74.7100,51,1
2026-06-23,000858,14:17:30,74.7100,65,1
2026-06-23,000858,14:17:33,74.7100,18,2
2026-06-23,000858,14:17:36,74.7200,11,1
2026-06-23,000858,14:17:39,74.7200,27,1
2026-06-23,000858,14:17:42,74.7200,49,1
2026-06-23,000858,14:17:45,74.7200,25,1
2026-06-23,000858,14:17:48,74.7200,4,2
2026-06-23,000858,14:17:51,74.7300,14,1
2026-06-23,000858,14:17:54,74.7300,11,1
2026-06-23,000858,14:17:57,74.7200,25,2
2026-06-23,000858,14:18:00,74.7200,62,2
2026-06-23,000858,14:18:03,74.7300,108,1
2026-06-23,000858,14:18:06,74.7300,34,1
2026-06-23,000858,14:18:09,74.7300,59,1
2026-06-23,000858,14:18:12,74.7300,16,1
2026-06-23,000858,14:18:15,74.7200,50,2
2026-06-23,000858,14:18:18,74.7200,31,1
2026-06-23,000858,14:18:21,74.7200,44,1
2026-06-23,000858,14:18:24,74.7100,14,2
2026-06-23,000858,14:18:27,74.7200,29,1
2026-06-23,000858,14:18:30,74.7200,17,1
2026-06-23,000858,14:18:33,74.7200,32,1
2026-06-23,000858,14:18:36,74.7200,37,1
2026-06-23,000858,14:18:39,74.7200,17,1
2026-06-23,000858,14:18:42,74.7200,39,1
2026-06-23,000858,14:18:45,74.7200,119,1
2026-06-23,000858,14:18:48,74.7200,18,1
2026-06-23,000858,14:18:51,74.7300,35,1
2026-06-23,000858,14:18:54,74.7200,25,2
2026-06-23,000858,14:18:57,74.7200,5,2
2026-06-23,000858,14:19:00,74.7200,26,2
2026-06-23,000858,14:19:03,74.7300,33,1
2026-06-23,000858,14:19:06,74.7200,29,2
2026-06-23,000858,14:19:09,74.7300,53,1
2026-06-23,000858,14:19:12,74.7300,18,1
2026-06-23,000858,14:19:15,74.7200,25,2
2026-06-23,000858,14:19:18,74.7200,34,2
2026-06-23,000858,14:19:21,74.7200,152,2
2026-06-23,000858,14:19:24,74.7200,53,1
2026-06-23,000858,14:19:27,74.7100,82,2
2026-06-23,000858,14:19:30,74.7200,93,1
2026-06-23,000858,14:19:33,74.7100,113,2
2026-06-23,000858,14:19:36,74.7100,227,1
2026-06-23,000858,14:19:39,74.7000,235,2
2026-06-23,000858,14:19:42,74.7000,77,1
2026-06-23,000858,14:19:45,74.6900,26,2
2026-06-23,000858,14:19:48,74.7000,69,1
2026-06-23,000858,14:19:51,74.7000,5,1
2026-06-23,000858,14:19:54,74.7000,39,1
2026-06-23,000858,14:19:57,74.7000,52,1
2026-06-23,000858,14:20:00,74.7000,63,1
2026-06-23,000858,14:20:03,74.7000,34,1
2026-06-23,000858,14:20:06,74.7000,31,1
2026-06-23,000858,14:20:09,74.7000,29,1
2026-06-23,000858,14:20:12,74.7000,16,1
2026-06-23,000858,14:20:15,74.7100,467,1
2026-06-23,000858,14:20:18,74.7300,106,1
2026-06-23,000858,14:20:21,74.7300,122,1
2026-06-23,000858,14:20:24,74.7400,22,1
2026-06-23,000858,14:20:27,74.7400,35,1
2026-06-23,000858,14:20:30,74.7400,85,1
2026-06-23,000858,14:20:33,74.7300,67,2
2026-06-23,000858,14:20:36,74.7200,37,2
2026-06-23,000858,14:20:39,74.7300,64,1
2026-06-23,000858,14:20:42,74.7300,49,1
2026-06-23,000858,14:20:45,74.7100,38,2
2026-06-23,000858,14:20:48,74.7100,100,2
2026-06-23,000858,14:20:51,74.7100,19,2
2026-06-23,000858,14:20:54,74.7200,41,1
2026-06-23,000858,14:20:57,74.7100,58,2
2026-06-23,000858,14:21:00,74.7200,26,1
2026-06-23,000858,14:21:03,74.7000,203,2
2026-06-23,000858,14:21:06,74.7000,165,2
2026-06-23,000858,14:21:09,74.7100,95,1
2026-06-23,000858,14:21:12,74.7000,83,1
2026-06-23,000858,14:21:15,74.7000,15,2
2026-06-23,000858,14:21:18,74.7000,26,1
2026-06-23,000858,14:21:21,74.7000,28,1
2026-06-23,000858,14:21:24,74.6900,39,2
2026-06-23,000858,14:21:27,74.7000,54,1
2026-06-23,000858,14:21:30,74.6900,26,2
2026-06-23,000858,14:21:33,74.6900,44,2
2026-06-23,000858,14:21:36,74.6900,77,2
2026-06-23,000858,14:21:39,74.7000,24,1
2026-06-23,000858,14:21:42,74.7000,11,1
2026-06-23,000858,14:21:45,74.7000,29,1
2026-06-23,000858,14:21:48,74.7000,5,1
2026-06-23,000858,14:21:51,74.7000,17,1
2026-06-23,000858,14:21:54,74.7000,9,1
2026-06-23,000858,14:21:57,74.6900,100,2
2026-06-23,000858,14:22:00,74.6900,40,2
2026-06-23,000858,14:22:03,74.7000,13,1
2026-06-23,000858,14:22:06,74.7000,32,1
2026-06-23,000858,14:22:09,74.6900,16,2
2026-06-23,000858,14:22:12,74.7000,27,1
2026-06-23,000858,14:22:15,74.7000,106,1
2026-06-23,000858,14:22:18,74.7000,133,1
2026-06-23,000858,14:22:21,74.6900,28,2
2026-06-23,000858,14:22:24,74.6900,8,2
2026-06-23,000858,14:22:27,74.7000,99,1
2026-06-23,000858,14:22:30,74.6900,37,2
2026-06-23,000858,14:22:33,74.6900,140,1
2026-06-23,000858,14:22:36,74.6900,49,1
2026-06-23,000858,14:22:39,74.6900,66,1
2026-06-23,000858,14:22:42,74.6900,54,1
2026-06-23,000858,14:22:45,74.6800,60,2
2026-06-23,000858,14:22:48,74.6900,65,2
2026-06-23,000858,14:22:51,74.6900,20,2
2026-06-23,000858,14:22:54,74.6900,157,2
2026-06-23,000858,14:22:57,74.6900,17,1
2026-06-23,000858,14:23:00,74.6900,45,1
2026-06-23,000858,14:23:03,74.6900,62,1
2026-06-23,000858,14:23:06,74.6800,311,2
2026-06-23,000858,14:23:09,74.6800,210,2
2026-06-23,000858,14:23:12,74.6900,152,1
2026-06-23,000858,14:23:15,74.6800,69,2
2026-06-23,000858,14:23:18,74.6800,98,2
2026-06-23,000858,14:23:21,74.6800,24,2
2026-06-23,000858,14:23:24,74.6800,219,2
2026-06-23,000858,14:23:27,74.6800,54,1
2026-06-23,000858,14:23:30,74.6800,95,1
2026-06-23,000858,14:23:33,74.6800,27,1
2026-06-23,000858,14:23:36,74.6700,31,2
2026-06-23,000858,14:23:39,74.6700,155,2
2026-06-23,000858,14:23:42,74.6700,61,1
2026-06-23,000858,14:23:45,74.6700,28,1
2026-06-23,000858,14:23:48,74.6600,48,2
2026-06-23,000858,14:23:51,74.6700,54,1
2026-06-23,000858,14:23:54,74.6700,37,1
2026-06-23,000858,14:23:57,74.6700,131,1
2026-06-23,000858,14:24:00,74.6700,55,1
2026-06-23,000858,14:24:03,74.6700,49,1
2026-06-23,000858,14:24:06,74.6700,35,1
2026-06-23,000858,14:24:09,74.6600,26,2
2026-06-23,000858,14:24:12,74.6600,17,2
2026-06-23,000858,14:24:15,74.6700,27,1
2026-06-23,000858,14:24:18,74.6700,45,1
2026-06-23,000858,14:24:21,74.6800,699,1
2026-06-23,000858,14:24:24,74.6800,363,1
2026-06-23,000858,14:24:27,74.6900,55,1
2026-06-23,000858,14:24:30,74.6800,29,2
2026-06-23,000858,14:24:33,74.7000,12,1
2026-06-23,000858,14:24:36,74.7000,14,1
2026-06-23,000858,14:24:39,74.7000,45,1
2026-06-23,000858,14:24:42,74.7000,14,1
2026-06-23,000858,14:24:45,74.7000,8,1
2026-06-23,000858,14:24:48,74.7000,17,1
2026-06-23,000858,14:24:51,74.6900,22,2
2026-06-23,000858,14:24:54,74.7000,50,1
2026-06-23,000858,14:24:57,74.7000,32,1
2026-06-23,000858,14:25:00,74.6900,158,2
2026-06-23,000858,14:25:03,74.7000,64,1
2026-06-23,000858,14:25:06,74.6900,89,2
2026-06-23,000858,14:25:09,74.7100,84,1
2026-06-23,000858,14:25:12,74.7000,13,2
2026-06-23,000858,14:25:15,74.7000,12,2
2026-06-23,000858,14:25:18,74.7100,70,1
2026-06-23,000858,14:25:21,74.7100,33,1
2026-06-23,000858,14:25:24,74.7100,42,1
2026-06-23,000858,14:25:27,74.7100,40,1
2026-06-23,000858,14:25:30,74.7000,61,2
2026-06-23,000858,14:25:33,74.7100,162,1
2026-06-23,000858,14:25:36,74.7100,27,2
2026-06-23,000858,14:25:39,74.7200,16,1
2026-06-23,000858,14:25:42,74.7100,13,2
2026-06-23,000858,14:25:45,74.7200,34,1
2026-06-23,000858,14:25:48,74.7200,27,1
2026-06-23,000858,14:25:51,74.7200,80,1
2026-06-23,000858,14:25:54,74.7200,15,1
2026-06-23,000858,14:25:57,74.7200,61,1
2026-06-23,000858,14:26:00,74.7200,109,1
2026-06-23,000858,14:26:03,74.7200,35,1
2026-06-23,000858,14:26:06,74.7100,156,2
2026-06-23,000858,14:26:09,74.7000,209,2
2026-06-23,000858,14:26:12,74.7000,100,2
2026-06-23,000858,14:26:15,74.6900,120,2
2026-06-23,000858,14:26:18,74.7000,16,4
2026-06-23,000858,14:26:21,74.7000,33,1
2026-06-23,000858,14:26:24,74.7000,71,1
2026-06-23,000858,14:26:27,74.7000,104,1
2026-06-23,000858,14:26:30,74.6900,38,2
2026-06-23,000858,14:26:33,74.6900,55,2
2026-06-23,000858,14:26:36,74.6900,104,2
2026-06-23,000858,14:26:39,74.6900,73,1
2026-06-23,000858,14:26:42,74.6900,25,1
2026-06-23,000858,14:26:45,74.6900,105,1
2026-06-23,000858,14:26:48,74.6800,391,2
2026-06-23,000858,14:26:51,74.7000,13,1
2026-06-23,000858,14:26:54,74.7000,45,1
2026-06-23,000858,14:26:57,74.7000,18,1
2026-06-23,000858,14:27:00,74.6800,105,2
2026-06-23,000858,14:27:03,74.6900,55,4
2026-06-23,000858,14:27:06,74.6800,77,2
2026-06-23,000858,14:27:09,74.6900,49,1
2026-06-23,000858,14:27:12,74.6900,45,1
2026-06-23,000858,14:27:15,74.6800,4,2
2026-06-23,000858,14:27:18,74.6900,34,1
2026-06-23,000858,14:27:21,74.6900,38,1
2026-06-23,000858,14:27:24,74.6800,28,2
2026-06-23,000858,14:27:27,74.6800,14,2
2026-06-23,000858,14:27:30,74.6900,137,1
2026-06-23,000858,14:27:33,74.6900,54,1
2026-06-23,000858,14:27:36,74.6900,26,1
2026-06-23,000858,14:27:39,74.6800,69,2
2026-06-23,000858,14:27:42,74.6800,53,2
2026-06-23,000858,14:27:45,74.6800,159,2
2026-06-23,000858,14:27:48,74.6700,359,2
2026-06-23,000858,14:27:51,74.6600,55,2
2026-06-23,000858,14:27:54,74.6600,477,2
2026-06-23,000858,14:27:57,74.6600,63,1
2026-06-23,000858,14:28:00,74.6600,178,1
2026-06-23,000858,14:28:03,74.6600,319,1
2026-06-23,000858,14:28:06,74.6400,183,2
2026-06-23,000858,14:28:09,74.6400,139,2
2026-06-23,000858,14:28:12,74.6400,85,2
2026-06-23,000858,14:28:15,74.6400,28,1
2026-06-23,000858,14:28:18,74.6400,27,1
2026-06-23,000858,14:28:21,74.6400,24,1
2026-06-23,000858,14:28:24,74.6400,45,1
2026-06-23,000858,14:28:27,74.6300,49,2
2026-06-23,000858,14:28:30,74.6200,36,2
2026-06-23,000858,14:28:33,74.6200,19,2
2026-06-23,000858,14:28:36,74.6300,46,1
2026-06-23,000858,14:28:39,74.6300,31,1
2026-06-23,000858,14:28:42,74.6200,155,2
2026-06-23,000858,14:28:45,74.6200,65,1
2026-06-23,000858,14:28:48,74.6200,83,1
2026-06-23,000858,14:28:51,74.6300,35,1
2026-06-23,000858,14:28:54,74.6200,42,2
2026-06-23,000858,14:28:57,74.6200,85,1
2026-06-23,000858,14:29:00,74.6200,99,1
2026-06-23,000858,14:29:03,74.6200,43,1
2026-06-23,000858,14:29:06,74.6200,53,1
2026-06-23,000858,14:29:09,74.6200,33,1
2026-06-23,000858,14:29:12,74.6100,49,2
2026-06-23,000858,14:29:15,74.6000,89,2
2026-06-23,000858,14:29:18,74.6200,64,1
2026-06-23,000858,14:29:21,74.6100,74,2
2026-06-23,000858,14:29:24,74.6100,22,1
2026-06-23,000858,14:29:27,74.6000,43,2
2026-06-23,000858,14:29:30,74.6100,20,1
2026-06-23,000858,14:29:33,74.6100,63,1
2026-06-23,000858,14:29:36,74.6100,28,1
2026-06-23,000858,14:29:39,74.6000,31,2
2026-06-23,000858,14:29:42,74.6100,72,1
2026-06-23,000858,14:29:45,74.6100,30,1
2026-06-23,000858,14:29:48,74.6100,49,1
2026-06-23,000858,14:29:51,74.6000,127,2
2026-06-23,000858,14:29:54,74.6000,1044,2
2026-06-23,000858,14:29:57,74.5900,173,2
2026-06-23,000858,14:30:00,74.5900,31,2
2026-06-23,000858,14:30:03,74.5900,53,1
2026-06-23,000858,14:30:06,74.5900,141,1
2026-06-23,000858,14:30:09,74.5900,33,4
2026-06-23,000858,14:30:12,74.5900,37,2
2026-06-23,000858,14:30:15,74.6000,67,1
2026-06-23,000858,14:30:18,74.5900,69,2
2026-06-23,000858,14:30:21,74.5900,16,1
2026-06-23,000858,14:30:24,74.5900,333,1
2026-06-23,000858,14:30:27,74.5800,116,2
2026-06-23,000858,14:30:30,74.5800,42,1
2026-06-23,000858,14:30:33,74.5700,95,2
2026-06-23,000858,14:30:36,74.5700,36,2
2026-06-23,000858,14:30:39,74.5800,119,1
2026-06-23,000858,14:30:42,74.5700,75,2
2026-06-23,000858,14:30:45,74.5700,23,1
2026-06-23,000858,14:30:48,74.5700,35,1
2026-06-23,000858,14:30:51,74.5700,81,1
2026-06-23,000858,14:30:54,74.5600,41,2
2026-06-23,000858,14:30:57,74.5500,289,2
2026-06-23,000858,14:31:00,74.5700,424,1
2026-06-23,000858,14:31:03,74.5900,508,1
2026-06-23,000858,14:31:06,74.5900,100,1
2026-06-23,000858,14:31:09,74.5900,36,1
2026-06-23,000858,14:31:12,74.5900,54,1
2026-06-23,000858,14:31:15,74.6100,200,1
2026-06-23,000858,14:31:18,74.6100,177,1
2026-06-23,000858,14:31:21,74.6100,53,2
2026-06-23,000858,14:31:24,74.6100,27,2
2026-06-23,000858,14:31:27,74.6200,27,1
2026-06-23,000858,14:31:30,74.6200,222,1
2026-06-23,000858,14:31:33,74.6200,126,1
2026-06-23,000858,14:31:36,74.6300,14,1
2026-06-23,000858,14:31:39,74.6300,29,1
2026-06-23,000858,14:31:42,74.6300,30,1
2026-06-23,000858,14:31:45,74.6300,49,1
2026-06-23,000858,14:31:48,74.6400,12,1
2026-06-23,000858,14:31:51,74.6300,74,2
2026-06-23,000858,14:31:54,74.6400,48,1
2026-06-23,000858,14:31:57,74.6400,65,1
2026-06-23,000858,14:32:00,74.6300,155,2
2026-06-23,000858,14:32:03,74.6400,37,1
2026-06-23,000858,14:32:06,74.6400,29,4
2026-06-23,000858,14:32:09,74.6300,111,2
2026-06-23,000858,14:32:12,74.6400,108,1
2026-06-23,000858,14:32:15,74.6500,37,1
2026-06-23,000858,14:32:18,74.6500,79,1
2026-06-23,000858,14:32:21,74.6500,32,1
2026-06-23,000858,14:32:24,74.6500,19,1
2026-06-23,000858,14:32:27,74.6500,23,1
2026-06-23,000858,14:32:30,74.6500,67,1
2026-06-23,000858,14:32:33,74.6500,60,1
2026-06-23,000858,14:32:36,74.6400,13,2
2026-06-23,000858,14:32:39,74.6500,24,1
2026-06-23,000858,14:32:42,74.6500,32,1
2026-06-23,000858,14:32:45,74.6500,8,1
2026-06-23,000858,14:32:48,74.6500,20,1
2026-06-23,000858,14:32:51,74.6500,141,1
2026-06-23,000858,14:32:54,74.6500,128,1
2026-06-23,000858,14:32:57,74.6500,21,1
2026-06-23,000858,14:33:00,74.6400,32,2
2026-06-23,000858,14:33:03,74.6500,23,1
2026-06-23,000858,14:33:06,74.6500,43,1
2026-06-23,000858,14:33:09,74.6400,38,2
2026-06-23,000858,14:33:12,74.6400,52,2
2026-06-23,000858,14:33:15,74.6400,128,2
2026-06-23,000858,14:33:18,74.6300,248,2
2026-06-23,000858,14:33:21,74.6100,159,2
2026-06-23,000858,14:33:24,74.6200,73,1
2026-06-23,000858,14:33:27,74.6000,95,2
2026-06-23,000858,14:33:30,74.5900,135,2
2026-06-23,000858,14:33:33,74.5900,100,2
2026-06-23,000858,14:33:36,74.5900,25,1
2026-06-23,000858,14:33:39,74.5800,216,2
2026-06-23,000858,14:33:42,74.5600,62,2
2026-06-23,000858,14:33:45,74.5700,19,4
2026-06-23,000858,14:33:48,74.5700,54,1
2026-06-23,000858,14:33:51,74.5700,39,1
2026-06-23,000858,14:33:54,74.5600,57,2
2026-06-23,000858,14:33:57,74.5600,89,2
2026-06-23,000858,14:34:00,74.5700,33,1
2026-06-23,000858,14:34:03,74.5700,21,1
2026-06-23,000858,14:34:06,74.5600,219,2
2026-06-23,000858,14:34:09,74.5600,34,1
2026-06-23,000858,14:34:12,74.5600,61,1
2026-06-23,000858,14:34:15,74.5500,34,2
2026-06-23,000858,14:34:18,74.5500,71,2
2026-06-23,000858,14:34:21,74.5500,283,2
2026-06-23,000858,14:34:24,74.5500,43,2
2026-06-23,000858,14:34:27,74.5600,49,1
2026-06-23,000858,14:34:30,74.5500,27,2
2026-06-23,000858,14:34:33,74.5600,85,1
2026-06-23,000858,14:34:36,74.5500,197,2
2026-06-23,000858,14:34:39,74.5500,83,1
2026-06-23,000858,14:34:42,74.5400,80,2
2026-06-23,000858,14:34:45,74.5500,55,1
2026-06-23,000858,14:34:48,74.5400,33,2
2026-06-23,000858,14:34:51,74.5400,95,2
2026-06-23,000858,14:34:54,74.5400,48,1
2026-06-23,000858,14:34:57,74.5300,123,2
2026-06-23,000858,14:35:00,74.5300,38,2
2026-06-23,000858,14:35:03,74.5300,126,2
2026-06-23,000858,14:35:06,74.5300,16,2
2026-06-23,000858,14:35:09,74.5300,61,1
2026-06-23,000858,14:35:12,74.5300,20,1
2026-06-23,000858,14:35:15,74.5300,134,1
2026-06-23,000858,14:35:18,74.5200,202,2
2026-06-23,000858,14:35:21,74.5100,70,2
2026-06-23,000858,14:35:24,74.5200,34,1
2026-06-23,000858,14:35:27,74.5200,75,1
2026-06-23,000858,14:35:30,74.5200,410,1
2026-06-23,000858,14:35:33,74.5100,55,2
2026-06-23,000858,14:35:36,74.5200,87,4
2026-06-23,000858,14:35:39,74.5200,41,1
2026-06-23,000858,14:35:42,74.5400,209,1
2026-06-23,000858,14:35:45,74.5200,83,2
2026-06-23,000858,14:35:48,74.5400,66,1
2026-06-23,000858,14:35:51,74.5300,38,2
2026-06-23,000858,14:35:54,74.5400,97,1
2026-06-23,000858,14:35:57,74.5400,43,1
2026-06-23,000858,14:36:00,74.5400,94,1
2026-06-23,000858,14:36:03,74.5400,72,2
2026-06-23,000858,14:36:06,74.5400,23,1
2026-06-23,000858,14:36:09,74.5400,33,1
2026-06-23,000858,14:36:12,74.5400,72,1
2026-06-23,000858,14:36:15,74.5400,178,1
2026-06-23,000858,14:36:18,74.5400,125,2
2026-06-23,000858,14:36:21,74.5400,133,1
2026-06-23,000858,14:36:24,74.5400,147,1
2026-06-23,000858,14:36:27,74.5400,64,1
2026-06-23,000858,14:36:30,74.5400,26,2
2026-06-23,000858,14:36:33,74.5400,68,2
2026-06-23,000858,14:36:36,74.5400,25,1
2026-06-23,000858,14:36:39,74.5400,75,1
2026-06-23,000858,14:36:42,74.5500,56,1
2026-06-23,000858,14:36:45,74.5400,23,2
2026-06-23,000858,14:36:48,74.5400,51,2
2026-06-23,000858,14:36:51,74.5400,22,1
2026-06-23,000858,14:36:54,74.5400,33,1
2026-06-23,000858,14:36:57,74.5400,62,1
2026-06-23,000858,14:37:00,74.5400,106,1
2026-06-23,000858,14:37:03,74.5400,54,1
2026-06-23,000858,14:37:06,74.5400,35,1
2026-06-23,000858,14:37:09,74.5300,64,2
2026-06-23,000858,14:37:12,74.5300,32,2
2026-06-23,000858,14:37:15,74.5300,117,2
2026-06-23,000858,14:37:18,74.5200,337,2
2026-06-23,000858,14:37:21,74.5200,225,1
2026-06-23,000858,14:37:24,74.5200,113,1
2026-06-23,000858,14:37:27,74.5200,46,2
2026-06-23,000858,14:37:30,74.5100,342,2
2026-06-23,000858,14:37:33,74.5100,159,1
2026-06-23,000858,14:37:36,74.5000,1810,2
2026-06-23,000858,14:37:39,74.4800,606,2
2026-06-23,000858,14:37:42,74.4800,142,2
2026-06-23,000858,14:37:45,74.4700,172,2
2026-06-23,000858,14:37:48,74.4800,153,1
2026-06-23,000858,14:37:51,74.4600,79,2
2026-06-23,000858,14:37:54,74.4600,58,1
2026-06-23,000858,14:37:57,74.4600,26,1
2026-06-23,000858,14:38:00,74.4600,50,2
2026-06-23,000858,14:38:03,74.4500,151,2
2026-06-23,000858,14:38:06,74.4300,172,2
2026-06-23,000858,14:38:09,74.4300,80,1
2026-06-23,000858,14:38:12,74.4200,40,2
2026-06-23,000858,14:38:15,74.4100,244,2
2026-06-23,000858,14:38:18,74.4100,94,1
2026-06-23,000858,14:38:21,74.4100,76,2
2026-06-23,000858,14:38:24,74.4100,31,2
2026-06-23,000858,14:38:27,74.4100,153,1
2026-06-23,000858,14:38:30,74.3800,323,2
2026-06-23,000858,14:38:33,74.4000,80,1
2026-06-23,000858,14:38:36,74.3700,78,2
2026-06-23,000858,14:38:39,74.4300,363,1
2026-06-23,000858,14:38:42,74.4000,154,2
2026-06-23,000858,14:38:45,74.4300,61,1
2026-06-23,000858,14:38:48,74.4200,157,2
2026-06-23,000858,14:38:51,74.4400,178,4
2026-06-23,000858,14:38:54,74.4700,34,1
2026-06-23,000858,14:38:57,74.4600,13,2
2026-06-23,000858,14:39:00,74.4600,68,2
2026-06-23,000858,14:39:03,74.4700,103,1
2026-06-23,000858,14:39:06,74.4600,89,2
2026-06-23,000858,14:39:09,74.4700,55,1
2026-06-23,000858,14:39:12,74.4600,151,4
2026-06-23,000858,14:39:15,74.4600,245,1
2026-06-23,000858,14:39:18,74.4900,476,1
2026-06-23,000858,14:39:21,74.4800,67,2
2026-06-23,000858,14:39:24,74.4800,33,2
2026-06-23,000858,14:39:27,74.4900,68,1
2026-06-23,000858,14:39:30,74.4800,44,2
2026-06-23,000858,14:39:33,74.4800,79,2
2026-06-23,000858,14:39:36,74.4800,68,2
2026-06-23,000858,14:39:39,74.4900,45,1
2026-06-23,000858,14:39:42,74.4800,194,2
2026-06-23,000858,14:39:45,74.4700,42,2
2026-06-23,000858,14:39:48,74.4700,53,1
2026-06-23,000858,14:39:51,74.4700,15,1
2026-06-23,000858,14:39:54,74.4600,108,2
2026-06-23,000858,14:39:57,74.4600,62,2
2026-06-23,000858,14:40:00,74.4600,43,1
2026-06-23,000858,14:40:03,74.4800,134,1
2026-06-23,000858,14:40:06,74.4800,19,1
2026-06-23,000858,14:40:09,74.4700,192,2
2026-06-23,000858,14:40:12,74.4700,91,1
2026-06-23,000858,14:40:15,74.4700,56,1
2026-06-23,000858,14:40:18,74.4600,43,2
2026-06-23,000858,14:40:21,74.4700,137,1
2026-06-23,000858,14:40:24,74.4700,45,1
2026-06-23,000858,14:40:27,74.4700,65,2
2026-06-23,000858,14:40:30,74.4800,18,1
2026-06-23,000858,14:40:33,74.4700,38,2
2026-06-23,000858,14:40:36,74.4800,71,1
2026-06-23,000858,14:40:39,74.4700,63,2
2026-06-23,000858,14:40:42,74.4800,49,1
2026-06-23,000858,14:40:45,74.4800,32,1
2026-06-23,000858,14:40:48,74.4800,24,1
2026-06-23,000858,14:40:51,74.4800,46,1
2026-06-23,000858,14:40:54,74.4800,30,1
2026-06-23,000858,14:40:57,74.4800,228,1
2026-06-23,000858,14:41:00,74.4800,72,1
2026-06-23,000858,14:41:03,74.4600,199,2
2026-06-23,000858,14:41:06,74.4600,63,2
2026-06-23,000858,14:41:09,74.4500,134,2
2026-06-23,000858,14:41:12,74.4500,153,2
2026-06-23,000858,14:41:15,74.4500,12,4
2026-06-23,000858,14:41:18,74.4500,20,1
2026-06-23,000858,14:41:21,74.4500,61,1
2026-06-23,000858,14:41:24,74.4500,26,1
2026-06-23,000858,14:41:27,74.4400,98,2
2026-06-23,000858,14:41:30,74.4400,40,1
2026-06-23,000858,14:41:33,74.4400,56,1
2026-06-23,000858,14:41:36,74.4400,39,4
2026-06-23,000858,14:41:39,74.4300,26,2
2026-06-23,000858,14:41:42,74.4300,15,1
2026-06-23,000858,14:41:45,74.4300,34,1
2026-06-23,000858,14:41:48,74.4300,69,1
2026-06-23,000858,14:41:51,74.4300,38,1
2026-06-23,000858,14:41:54,74.4200,26,4
2026-06-23,000858,14:41:57,74.4200,43,2
2026-06-23,000858,14:42:00,74.4200,64,2
2026-06-23,000858,14:42:03,74.4200,69,1
2026-06-23,000858,14:42:06,74.4100,71,2
2026-06-23,000858,14:42:09,74.4100,122,2
2026-06-23,000858,14:42:12,74.4200,35,1
2026-06-23,000858,14:42:15,74.4100,34,2
2026-06-23,000858,14:42:18,74.4200,1337,1
2026-06-23,000858,14:42:21,74.4600,417,1
2026-06-23,000858,14:42:24,74.4800,189,1
2026-06-23,000858,14:42:27,74.4700,10,1
2026-06-23,000858,14:42:30,74.4700,9,1
2026-06-23,000858,14:42:33,74.4600,20,2
2026-06-23,000858,14:42:36,74.4700,26,1
2026-06-23,000858,14:42:39,74.4700,55,1
2026-06-23,000858,14:42:42,74.4600,43,2
2026-06-23,000858,14:42:45,74.4600,37,2
2026-06-23,000858,14:42:48,74.4600,26,1
2026-06-23,000858,14:42:51,74.4700,251,1
2026-06-23,000858,14:42:54,74.4700,154,2
2026-06-23,000858,14:42:57,74.4800,6,1
2026-06-23,000858,14:43:00,74.4800,65,1
2026-06-23,000858,14:43:03,74.4800,46,1
2026-06-23,000858,14:43:06,74.5000,124,1
2026-06-23,000858,14:43:09,74.5400,275,1
2026-06-23,000858,14:43:12,74.5300,76,2
2026-06-23,000858,14:43:15,74.5400,79,2
2026-06-23,000858,14:43:18,74.5500,21,1
2026-06-23,000858,14:43:21,74.5500,17,2
2026-06-23,000858,14:43:24,74.5500,50,2
2026-06-23,000858,14:43:27,74.5600,72,1
2026-06-23,000858,14:43:30,74.5500,42,1
2026-06-23,000858,14:43:33,74.5500,79,1
2026-06-23,000858,14:43:36,74.5500,33,1
2026-06-23,000858,14:43:39,74.5500,48,1
2026-06-23,000858,14:43:42,74.5500,38,1
2026-06-23,000858,14:43:45,74.5500,69,1
2026-06-23,000858,14:43:48,74.5400,92,2
2026-06-23,000858,14:43:51,74.5400,85,2
2026-06-23,000858,14:43:54,74.5300,94,2
2026-06-23,000858,14:43:57,74.5300,76,2
2026-06-23,000858,14:44:00,74.5100,59,2
2026-06-23,000858,14:44:03,74.5200,64,1
2026-06-23,000858,14:44:06,74.5000,110,2
2026-06-23,000858,14:44:09,74.5000,53,2
2026-06-23,000858,14:44:12,74.4900,38,2
2026-06-23,000858,14:44:15,74.5200,472,1
2026-06-23,000858,14:44:18,74.5500,523,1
2026-06-23,000858,14:44:21,74.5500,126,2
2026-06-23,000858,14:44:24,74.5800,28,1
2026-06-23,000858,14:44:27,74.5800,41,1
2026-06-23,000858,14:44:30,74.5800,34,1
2026-06-23,000858,14:44:33,74.5700,48,2
2026-06-23,000858,14:44:36,74.5700,194,1
2026-06-23,000858,14:44:39,74.5700,48,1
2026-06-23,000858,14:44:42,74.5700,41,1
2026-06-23,000858,14:44:45,74.5800,28,1
2026-06-23,000858,14:44:48,74.5800,169,1
2026-06-23,000858,14:44:51,74.5900,52,1
2026-06-23,000858,14:44:54,74.5900,39,1
2026-06-23,000858,14:44:57,74.5800,85,2
2026-06-23,000858,14:45:00,74.5900,70,1
2026-06-23,000858,14:45:03,74.5900,45,2
2026-06-23,000858,14:45:06,74.5800,127,2
2026-06-23,000858,14:45:09,74.5500,26,2
2026-06-23,000858,14:45:12,74.5700,30,1
2026-06-23,000858,14:45:15,74.5700,79,1
2026-06-23,000858,14:45:18,74.5400,675,4
2026-06-23,000858,14:45:21,74.5300,6,4
2026-06-23,000858,14:45:24,74.5100,230,2
2026-06-23,000858,14:45:27,74.5200,41,1
2026-06-23,000858,14:45:30,74.5300,48,1
2026-06-23,000858,14:45:33,74.5300,28,1
2026-06-23,000858,14:45:36,74.5200,47,2
2026-06-23,000858,14:45:39,74.5200,26,2
2026-06-23,000858,14:45:42,74.5300,33,1
2026-06-23,000858,14:45:45,74.5300,66,1
2026-06-23,000858,14:45:48,74.5300,47,1
2026-06-23,000858,14:45:51,74.5300,23,1
2026-06-23,000858,14:45:54,74.5300,50,1
2026-06-23,000858,14:45:57,74.5300,34,1
2026-06-23,000858,14:46:00,74.5200,43,2
2026-06-23,000858,14:46:03,74.5200,31,1
2026-06-23,000858,14:46:06,74.5000,421,2
2026-06-23,000858,14:46:09,74.5000,34,1
2026-06-23,000858,14:46:12,74.4900,42,2
2026-06-23,000858,14:46:15,74.5000,60,1
2026-06-23,000858,14:46:18,74.4900,293,2
2026-06-23,000858,14:46:21,74.5000,41,1
2026-06-23,000858,14:46:24,74.5000,29,1
2026-06-23,000858,14:46:27,74.4900,87,2
2026-06-23,000858,14:46:30,74.5000,83,1
2026-06-23,000858,14:46:33,74.5000,274,2
2026-06-23,000858,14:46:36,74.5000,33,1
2026-06-23,000858,14:46:39,74.5000,113,1
2026-06-23,000858,14:46:42,74.5100,140,1
2026-06-23,000858,14:46:45,74.5100,28,1
2026-06-23,000858,14:46:48,74.5000,127,2
2026-06-23,000858,14:46:51,74.5100,23,1
2026-06-23,000858,14:46:54,74.5100,47,1
2026-06-23,000858,14:46:57,74.5100,4,1
2026-06-23,000858,14:47:00,74.5100,37,1
2026-06-23,000858,14:47:03,74.5100,136,1
2026-06-23,000858,14:47:06,74.5100,73,1
2026-06-23,000858,14:47:09,74.4900,286,2
2026-06-23,000858,14:47:12,74.5100,193,1
2026-06-23,000858,14:47:15,74.5000,47,4
2026-06-23,000858,14:47:18,74.5000,66,1
2026-06-23,000858,14:47:21,74.5000,33,1
2026-06-23,000858,14:47:24,74.4900,35,2
2026-06-23,000858,14:47:27,74.5000,126,1
2026-06-23,000858,14:47:30,74.4900,58,2
2026-06-23,000858,14:47:33,74.4900,29,2
2026-06-23,000858,14:47:36,74.4900,63,2
2026-06-23,000858,14:47:39,74.5000,78,1
2026-06-23,000858,14:47:42,74.4900,93,2
2026-06-23,000858,14:47:45,74.4800,52,2
2026-06-23,000858,14:47:48,74.4800,40,2
2026-06-23,000858,14:47:51,74.4800,53,2
2026-06-23,000858,14:47:54,74.4900,34,1
2026-06-23,000858,14:47:57,74.4900,48,1
2026-06-23,000858,14:48:00,74.4900,100,1
2026-06-23,000858,14:48:03,74.4900,24,1
2026-06-23,000858,14:48:06,74.4800,49,2
2026-06-23,000858,14:48:09,74.4900,51,1
2026-06-23,000858,14:48:12,74.4800,172,2
2026-06-23,000858,14:48:15,74.4800,202,2
2026-06-23,000858,14:48:18,74.4900,209,1
2026-06-23,000858,14:48:21,74.4900,42,1
2026-06-23,000858,14:48:24,74.4900,21,1
2026-06-23,000858,14:48:27,74.4800,21,2
2026-06-23,000858,14:48:30,74.4800,42,2
2026-06-23,000858,14:48:33,74.4900,79,1
2026-06-23,000858,14:48:36,74.4900,31,1
2026-06-23,000858,14:48:39,74.4900,17,1
2026-06-23,000858,14:48:42,74.4800,62,2
2026-06-23,000858,14:48:45,74.4900,23,1
2026-06-23,000858,14:48:48,74.4700,198,2
2026-06-23,000858,14:48:51,74.4800,63,1
2026-06-23,000858,14:48:54,74.4700,49,4
2026-06-23,000858,14:48:57,74.4800,63,1
2026-06-23,000858,14:49:00,74.4700,50,2
2026-06-23,000858,14:49:03,74.4800,62,1
2026-06-23,000858,14:49:06,74.4700,14,2
2026-06-23,000858,14:49:09,74.4800,162,1
2026-06-23,000858,14:49:12,74.4800,53,2
2026-06-23,000858,14:49:15,74.4900,33,1
2026-06-23,000858,14:49:18,74.4800,57,2
2026-06-23,000858,14:49:21,74.4800,53,1
2026-06-23,000858,14:49:24,74.4900,265,1
2026-06-23,000858,14:49:27,74.4900,47,2
2026-06-23,000858,14:49:30,74.5300,126,1
2026-06-23,000858,14:49:33,74.5200,106,2
2026-06-23,000858,14:49:36,74.5200,33,2
2026-06-23,000858,14:49:39,74.5100,47,2
2026-06-23,000858,14:49:42,74.5100,20,2
2026-06-23,000858,14:49:45,74.5200,29,1
2026-06-23,000858,14:49:48,74.5200,6,2
2026-06-23,000858,14:49:51,74.5300,209,1
2026-06-23,000858,14:49:54,74.5500,42,1
2026-06-23,000858,14:49:57,74.5400,19,2
2026-06-23,000858,14:50:00,74.5500,14,1
2026-06-23,000858,14:50:03,74.5600,153,1
2026-06-23,000858,14:50:06,74.5900,122,1
2026-06-23,000858,14:50:09,74.5900,40,4
2026-06-23,000858,14:50:12,74.5900,12,2
2026-06-23,000858,14:50:15,74.6000,56,1
2026-06-23,000858,14:50:18,74.5900,48,2
2026-06-23,000858,14:50:21,74.5700,77,2
2026-06-23,000858,14:50:24,74.5400,129,2
2026-06-23,000858,14:50:27,74.5400,16,4
2026-06-23,000858,14:50:30,74.5300,31,2
2026-06-23,000858,14:50:33,74.5200,20,2
2026-06-23,000858,14:50:36,74.5300,76,1
2026-06-23,000858,14:50:39,74.5100,147,2
2026-06-23,000858,14:50:42,74.5200,65,1
2026-06-23,000858,14:50:45,74.5100,111,2
2026-06-23,000858,14:50:48,74.5200,42,1
2026-06-23,000858,14:50:51,74.5200,35,1
2026-06-23,000858,14:50:54,74.5100,54,2
2026-06-23,000858,14:50:57,74.5100,30,2
2026-06-23,000858,14:51:00,74.4900,364,2
2026-06-23,000858,14:51:03,74.5100,362,1
2026-06-23,000858,14:51:06,74.4800,46,2
2026-06-23,000858,14:51:09,74.4800,75,2
2026-06-23,000858,14:51:12,74.5100,24,1
2026-06-23,000858,14:51:15,74.5100,46,1
2026-06-23,000858,14:51:18,74.5200,226,1
2026-06-23,000858,14:51:21,74.5300,32,1
2026-06-23,000858,14:51:24,74.5800,293,1
2026-06-23,000858,14:51:27,74.5600,20,2
2026-06-23,000858,14:51:30,74.5600,19,2
2026-06-23,000858,14:51:33,74.5600,14,2
2026-06-23,000858,14:51:36,74.5600,110,1
2026-06-23,000858,14:51:39,74.5600,22,1
2026-06-23,000858,14:51:42,74.5700,95,1
2026-06-23,000858,14:51:45,74.5800,5,1
2026-06-23,000858,14:51:48,74.5800,71,1
2026-06-23,000858,14:51:51,74.5800,105,1
2026-06-23,000858,14:51:54,74.5800,7,2
2026-06-23,000858,14:51:57,74.5900,9,1
2026-06-23,000858,14:52:00,74.6100,157,1
2026-06-23,000858,14:52:03,74.5900,29,2
2026-06-23,000858,14:52:06,74.5900,154,1
2026-06-23,000858,14:52:09,74.5900,73,1
2026-06-23,000858,14:52:12,74.5900,161,2
2026-06-23,000858,14:52:15,74.5900,51,1
2026-06-23,000858,14:52:18,74.6000,116,1
2026-06-23,000858,14:52:21,74.5700,48,2
2026-06-23,000858,14:52:24,74.6000,49,1
2026-06-23,000858,14:52:27,74.5800,46,2
2026-06-23,000858,14:52:30,74.5800,29,1
2026-06-23,000858,14:52:33,74.5900,6,1
2026-06-23,000858,14:52:36,74.5800,31,2
2026-06-23,000858,14:52:39,74.6000,103,1
2026-06-23,000858,14:52:42,74.5900,155,2
2026-06-23,000858,14:52:45,74.5800,127,2
2026-06-23,000858,14:52:48,74.5800,20,2
2026-06-23,000858,14:52:51,74.5800,91,2
2026-06-23,000858,14:52:54,74.5800,85,2
2026-06-23,000858,14:52:57,74.6000,152,1
2026-06-23,000858,14:53:00,74.6000,30,1
2026-06-23,000858,14:53:03,74.5800,50,2
2026-06-23,000858,14:53:06,74.5800,59,2
2026-06-23,000858,14:53:09,74.5900,142,1
2026-06-23,000858,14:53:12,74.5900,92,1
2026-06-23,000858,14:53:15,74.6000,316,1
2026-06-23,000858,14:53:18,74.6200,23,1
2026-06-23,000858,14:53:21,74.6200,16,1
2026-06-23,000858,14:53:24,74.6200,23,1
2026-06-23,000858,14:53:27,74.6100,20,1
2026-06-23,000858,14:53:30,74.6000,263,2
2026-06-23,000858,14:53:33,74.6100,36,4
2026-06-23,000858,14:53:36,74.6100,52,2
2026-06-23,000858,14:53:39,74.6100,28,1
2026-06-23,000858,14:53:42,74.6100,35,1
2026-06-23,000858,14:53:45,74.6100,63,1
2026-06-23,000858,14:53:48,74.6100,133,1
2026-06-23,000858,14:53:51,74.6100,54,2
2026-06-23,000858,14:53:54,74.6100,75,2
2026-06-23,000858,14:53:57,74.6500,366,1
2026-06-23,000858,14:54:00,74.6500,45,1
2026-06-23,000858,14:54:03,74.6500,25,1
2026-06-23,000858,14:54:06,74.6500,48,2
2026-06-23,000858,14:54:09,74.6600,110,1
2026-06-23,000858,14:54:12,74.6400,262,2
2026-06-23,000858,14:54:15,74.6400,55,2
2026-06-23,000858,14:54:18,74.6400,116,1
2026-06-23,000858,14:54:21,74.6500,29,1
2026-06-23,000858,14:54:24,74.6200,63,2
2026-06-23,000858,14:54:27,74.6500,79,1
2026-06-23,000858,14:54:30,74.6400,39,4
2026-06-23,000858,14:54:33,74.6400,24,2
2026-06-23,000858,14:54:36,74.6300,63,2
2026-06-23,000858,14:54:39,74.6300,79,4
2026-06-23,000858,14:54:42,74.6400,68,1
2026-06-23,000858,14:54:45,74.6200,67,2
2026-06-23,000858,14:54:48,74.6300,117,1
2026-06-23,000858,14:54:51,74.6400,65,1
2026-06-23,000858,14:54:54,74.6400,77,4
2026-06-23,000858,14:54:57,74.6300,38,2
2026-06-23,000858,14:55:00,74.6400,74,1
2026-06-23,000858,14:55:03,74.6400,164,1
2026-06-23,000858,14:55:06,74.6300,31,1
2026-06-23,000858,14:55:09,74.6300,54,1
2026-06-23,000858,14:55:12,74.6200,124,2
2026-06-23,000858,14:55:15,74.6300,98,1
2026-06-23,000858,14:55:18,74.6300,46,2
2026-06-23,000858,14:55:21,74.6300,498,2
2026-06-23,000858,14:55:24,74.6200,86,2
2026-06-23,000858,14:55:27,74.6500,257,1
2026-06-23,000858,14:55:30,74.6500,52,2
2026-06-23,000858,14:55:33,74.6500,93,2
2026-06-23,000858,14:55:36,74.6500,132,2
2026-06-23,000858,14:55:39,74.6500,156,2
2026-06-23,000858,14:55:42,74.6500,269,1
2026-06-23,000858,14:55:45,74.6500,122,1
2026-06-23,000858,14:55:48,74.6700,86,1
2026-06-23,000858,14:55:51,74.6600,156,2
2026-06-23,000858,14:55:54,74.6900,152,1
2026-06-23,000858,14:55:57,74.7000,56,1
2026-06-23,000858,14:56:00,74.6600,77,2
2026-06-23,000858,14:56:03,74.6800,110,4
2026-06-23,000858,14:56:06,74.6600,76,2
2026-06-23,000858,14:56:09,74.6600,128,2
2026-06-23,000858,14:56:12,74.7200,120,1
2026-06-23,000858,14:56:15,74.7300,74,1
2026-06-23,000858,14:56:18,74.7300,208,2
2026-06-23,000858,14:56:21,74.7200,60,2
2026-06-23,000858,14:56:24,74.7400,31,1
2026-06-23,000858,14:56:27,74.7300,29,1
2026-06-23,000858,14:56:30,74.7300,27,2
2026-06-23,000858,14:56:33,74.7300,112,2
2026-06-23,000858,14:56:36,74.8000,394,1
2026-06-23,000858,14:56:39,74.7200,685,2
2026-06-23,000858,14:56:42,74.7200,138,1
2026-06-23,000858,14:56:45,74.7100,542,2
2026-06-23,000858,14:56:48,74.7100,58,1
2026-06-23,000858,14:56:51,74.7200,65,1
2026-06-23,000858,14:56:54,74.7200,373,1
2026-06-23,000858,14:56:57,74.7200,362,1
2026-06-23,000858,14:57:00,74.7000,122,2
2026-06-23,000858,15:00:00,74.7600,5063,4
2026-06-23,000858,13:16:54,75.4200,32,2
2026-06-23,000858,13:16:57,75.4300,11,1
2026-06-23,000858,13:17:00,75.4200,9,2
2026-06-23,000858,13:17:03,75.4400,3,1
2026-06-23,000858,13:17:06,75.4300,34,2
2026-06-23,000858,13:17:09,75.4400,42,1
2026-06-23,000858,13:17:12,75.4400,2,2
2026-06-23,000858,13:17:15,75.4600,6,1
2026-06-23,000858,13:17:18,75.4500,21,2
2026-06-23,000858,13:17:21,75.4600,19,1
2026-06-23,000858,13:17:24,75.4600,23,2
2026-06-23,000858,13:17:27,75.4500,168,2
2026-06-23,000858,13:17:30,75.4500,15,2
2026-06-23,000858,13:17:33,75.4600,32,1
2026-06-23,000858,13:17:36,75.4500,64,2
2026-06-23,000858,13:17:39,75.4500,55,2
2026-06-23,000858,13:17:42,75.4300,160,2
2026-06-23,000858,13:17:45,75.4200,25,1
2026-06-23,000858,13:17:48,75.4300,101,1
2026-06-23,000858,13:17:51,75.4100,24,2
2026-06-23,000858,13:17:54,75.4200,82,1
2026-06-23,000858,13:17:57,75.4200,36,2
2026-06-23,000858,13:18:00,75.4000,198,2
2026-06-23,000858,13:18:03,75.4000,42,1
2026-06-23,000858,13:18:06,75.3600,49,2
2026-06-23,000858,13:18:09,75.3100,367,2
2026-06-23,000858,13:18:12,75.3800,5,1
2026-06-23,000858,13:18:15,75.3800,32,1
2026-06-23,000858,13:18:18,75.3700,14,4
2026-06-23,000858,13:18:21,75.3600,7,4
2026-06-23,000858,13:18:24,75.3500,40,2
2026-06-23,000858,13:18:27,75.3600,5,1
2026-06-23,000858,13:18:30,75.3600,226,1
2026-06-23,000858,13:18:33,75.3600,40,2
2026-06-23,000858,13:18:36,75.3700,154,1
2026-06-23,000858,13:18:39,75.3600,14,1
2026-06-23,000858,13:18:42,75.3600,3,2
2026-06-23,000858,13:18:45,75.3600,8,1
2026-06-23,000858,13:18:48,75.3500,1030,2
2026-06-23,000858,13:18:51,75.3500,45,1
2026-06-23,000858,13:18:54,75.3300,112,2
2026-06-23,000858,13:18:57,75.3700,10,1
2026-06-23,000858,13:19:00,75.3600,11,4
2026-06-23,000858,13:19:03,75.3700,45,1
2026-06-23,000858,13:19:06,75.3600,13,2
2026-06-23,000858,13:19:09,75.3600,12,1
2026-06-23,000858,13:19:12,75.3600,26,1
2026-06-23,000858,13:19:15,75.3600,28,1
2026-06-23,000858,13:19:18,75.3600,31,1
2026-06-23,000858,13:19:21,75.3400,65,2
2026-06-23,000858,13:19:24,75.3600,15,1
2026-06-23,000858,13:19:27,75.3500,8,1
2026-06-23,000858,13:19:30,75.3600,45,1
2026-06-23,000858,13:19:33,75.3700,10,1
2026-06-23,000858,13:19:36,75.3600,44,2
2026-06-23,000858,13:19:39,75.3800,22,1
2026-06-23,000858,13:19:45,75.3800,72,1
2026-06-23,000858,13:19:48,75.3700,3,2
2026-06-23,000858,13:19:51,75.3700,1,1
2026-06-23,000858,13:19:54,75.3700,14,1
2026-06-23,000858,13:19:57,75.3700,6,1
2026-06-23,000858,13:20:00,75.3600,8,2
2026-06-23,000858,13:20:03,75.3600,30,2
2026-06-23,000858,13:20:06,75.3600,13,2
2026-06-23,000858,13:20:09,75.3400,80,2
2026-06-23,000858,13:20:12,75.3600,3,4
2026-06-23,000858,13:20:15,75.3600,1,1
2026-06-23,000858,13:20:18,75.3600,55,1
2026-06-23,000858,13:20:21,75.3600,49,1
2026-06-23,000858,13:20:24,75.3600,11,2
2026-06-23,000858,13:20:27,75.3600,5,2
2026-06-23,000858,13:20:30,75.3600,80,2
2026-06-23,000858,13:20:33,75.3700,75,1
2026-06-23,000858,13:20:36,75.3800,16,1
2026-06-23,000858,13:20:39,75.3900,2,1
2026-06-23,000858,13:20:42,75.3700,74,2
2026-06-23,000858,13:20:45,75.3500,254,2
2026-06-23,000858,13:20:48,75.3500,63,1
2026-06-23,000858,13:20:51,75.3500,107,1
2026-06-23,000858,13:20:54,75.3400,10,1
2026-06-23,000858,13:20:57,75.3300,79,4
2026-06-23,000858,13:21:00,75.3200,105,4
2026-06-23,000858,13:21:03,75.3500,19,1
2026-06-23,000858,13:21:06,75.3400,14,2
2026-06-23,000858,13:21:09,75.3400,11,2
2026-06-23,000858,13:21:12,75.3400,14,4
2026-06-23,000858,13:21:15,75.3500,44,1
2026-06-23,000858,13:21:18,75.3500,8,1
2026-06-23,000858,13:21:21,75.3500,16,1
2026-06-23,000858,13:21:24,75.3500,22,1
2026-06-23,000858,13:21:27,75.3500,33,1
2026-06-23,000858,13:21:30,75.3400,55,2
2026-06-23,000858,13:21:33,75.3500,5,2
2026-06-23,000858,13:21:36,75.3500,13,2
2026-06-23,000858,13:21:39,75.3500,72,2
2026-06-23,000858,13:21:42,75.3500,13,2
2026-06-23,000858,13:21:45,75.3500,11,1
2026-06-23,000858,13:21:48,75.3500,16,1
2026-06-23,000858,13:21:51,75.3500,20,1
2026-06-23,000858,13:21:54,75.3500,7,1
2026-06-23,000858,13:21:57,75.3400,342,2
2026-06-23,000858,13:22:00,75.3400,12,2
2026-06-23,000858,13:22:03,75.3400,32,1
2026-06-23,000858,13:22:06,75.3300,21,2
2026-06-23,000858,13:22:09,75.3400,30,1
2026-06-23,000858,13:22:12,75.3100,56,2
2026-06-23,000858,13:22:15,75.3100,20,1
2026-06-23,000858,13:22:18,75.3100,8,1
2026-06-23,000858,13:22:21,75.3200,176,4
2026-06-23,000858,13:22:24,75.3100,17,2
2026-06-23,000858,13:22:27,75.3200,53,1
2026-06-23,000858,13:22:30,75.3200,12,1
2026-06-23,000858,13:22:33,75.3100,33,2
2026-06-23,000858,13:22:36,75.3200,8,1
2026-06-23,000858,13:22:39,75.3100,34,2
2026-06-23,000858,13:22:42,75.3200,6,1
2026-06-23,000858,13:22:45,75.3200,37,1
2026-06-23,000858,13:22:48,75.3200,30,1
2026-06-23,000858,13:22:51,75.3200,9,1
2026-06-23,000858,13:22:54,75.3100,30,2
2026-06-23,000858,13:22:57,75.3200,19,1
2026-06-23,000858,13:23:00,75.3200,37,1
2026-06-23,000858,13:23:03,75.3200,30,1
2026-06-23,000858,13:23:06,75.3200,10,2
2026-06-23,000858,13:23:09,75.3200,18,2
2026-06-23,000858,13:23:12,75.3300,39,1
2026-06-23,000858,13:23:15,75.3300,12,1
2026-06-23,000858,13:23:18,75.3300,19,1
2026-06-23,000858,13:23:21,75.3300,20,1
2026-06-23,000858,13:23:24,75.3300,18,1
2026-06-23,000858,13:23:27,75.3200,53,2
2026-06-23,000858,13:23:30,75.3300,41,1
2026-06-23,000858,13:23:33,75.3300,4,1
2026-06-23,000858,13:23:36,75.3300,10,1
2026-06-23,000858,13:23:39,75.3200,89,2
2026-06-23,000858,13:23:42,75.3300,13,1
2026-06-23,000858,13:23:45,75.3200,109,2
2026-06-23,000858,13:23:48,75.3200,27,1
2026-06-23,000858,13:23:51,75.3100,23,2
2026-06-23,000858,13:23:54,75.3200,76,1
2026-06-23,000858,13:23:57,75.3200,37,2
2026-06-23,000858,13:24:00,75.3100,537,2
2026-06-23,000858,13:24:03,75.3000,31,2
2026-06-23,000858,13:24:06,75.3000,23,1
2026-06-23,000858,13:24:09,75.3000,161,1
2026-06-23,000858,13:24:12,75.2800,276,2
2026-06-23,000858,13:24:15,75.3000,63,1
2026-06-23,000858,13:24:18,75.2900,6,2
2026-06-23,000858,13:24:21,75.2900,79,2
2026-06-23,000858,13:24:24,75.2800,87,2
2026-06-23,000858,13:24:27,75.2800,239,2
2026-06-23,000858,13:24:30,75.2900,5,2
2026-06-23,000858,13:24:33,75.2800,9,2
2026-06-23,000858,13:24:36,75.2800,24,2
2026-06-23,000858,13:24:39,75.2900,18,1
2026-06-23,000858,13:24:42,75.2900,14,1
2026-06-23,000858,13:24:45,75.2900,130,1
2026-06-23,000858,13:24:48,75.2800,21,2
2026-06-23,000858,13:24:51,75.2800,30,2
2026-06-23,000858,13:24:54,75.2800,32,1
2026-06-23,000858,13:24:57,75.2700,21,2
2026-06-23,000858,13:25:00,75.2700,26,2
2026-06-23,000858,13:25:03,75.2700,35,2
2026-06-23,000858,13:25:06,75.2700,43,2
2026-06-23,000858,13:25:09,75.2600,458,2
2026-06-23,000858,13:25:12,75.2600,79,1
2026-06-23,000858,13:25:15,75.2600,59,1
2026-06-23,000858,13:25:18,75.2600,28,2
2026-06-23,000858,13:25:21,75.2600,25,1
2026-06-23,000858,13:25:24,75.2600,36,1
2026-06-23,000858,13:25:27,75.2600,10,1
2026-06-23,000858,13:25:30,75.2600,8,1
2026-06-23,000858,13:25:33,75.2800,54,1
2026-06-23,000858,13:25:36,75.2500,33,2
2026-06-23,000858,13:25:39,75.2600,21,1
2026-06-23,000858,13:25:42,75.2600,4,2
2026-06-23,000858,13:25:45,75.2500,121,2
2026-06-23,000858,13:25:48,75.2500,10,1
2026-06-23,000858,13:25:51,75.2700,22,1
2026-06-23,000858,13:25:54,75.2500,19,2
2026-06-23,000858,13:25:57,75.2800,27,1
2026-06-23,000858,13:26:00,75.2600,132,2
2026-06-23,000858,13:26:03,75.2700,13,1
2026-06-23,000858,13:26:06,75.2600,5,2
2026-06-23,000858,13:26:09,75.2700,13,1
2026-06-23,000858,13:26:12,75.2700,2,1
2026-06-23,000858,13:26:15,75.2700,13,1
2026-06-23,000858,13:26:18,75.2700,46,1
2026-06-23,000858,13:26:21,75.2700,15,1
2026-06-23,000858,13:26:24,75.2700,78,1
2026-06-23,000858,13:26:30,75.2600,140,2
2026-06-23,000858,13:26:33,75.2700,5,4
2026-06-23,000858,13:26:36,75.2500,36,2
2026-06-23,000858,13:26:39,75.2600,30,4
2026-06-23,000858,13:26:42,75.2700,23,1
2026-06-23,000858,13:26:45,75.2500,75,2
2026-06-23,000858,13:26:48,75.2600,80,4
2026-06-23,000858,13:26:51,75.2700,6,1
2026-06-23,000858,13:26:54,75.2700,11,1
2026-06-23,000858,13:26:57,75.2700,25,1
2026-06-23,000858,13:27:00,75.2700,18,1
2026-06-23,000858,13:27:03,75.2700,6,1
2026-06-23,000858,13:27:06,75.2700,9,1
2026-06-23,000858,13:27:09,75.2500,281,2
2026-06-23,000858,13:27:12,75.2500,33,1
2026-06-23,000858,13:27:15,75.2500,15,2
2026-06-23,000858,13:27:18,75.2500,1,2
2026-06-23,000858,13:27:21,75.2500,32,2
2026-06-23,000858,13:27:24,75.2500,29,1
2026-06-23,000858,13:27:27,75.2500,6,1
2026-06-23,000858,13:27:30,75.2500,56,1
2026-06-23,000858,13:27:33,75.2400,32,2
2026-06-23,000858,13:27:36,75.2500,153,1
2026-06-23,000858,13:27:39,75.2500,110,2
2026-06-23,000858,13:27:42,75.2500,45,2
2026-06-23,000858,13:27:45,75.2600,41,1
2026-06-23,000858,13:27:48,75.2500,104,2
2026-06-23,000858,13:27:51,75.2700,54,1
2026-06-23,000858,13:27:54,75.3000,252,1
2026-06-23,000858,13:27:57,75.3000,112,1
2026-06-23,000858,13:28:00,75.3300,70,1
2026-06-23,000858,13:28:03,75.3400,33,1
2026-06-23,000858,13:28:06,75.3500,17,1
2026-06-23,000858,13:28:09,75.3500,80,1
2026-06-23,000858,13:28:12,75.3600,10,1
2026-06-23,000858,13:28:15,75.3600,4,1
2026-06-23,000858,13:28:18,75.3600,12,1
2026-06-23,000858,13:28:21,75.3800,48,1
2026-06-23,000858,13:28:24,75.3800,3,1
2026-06-23,000858,13:28:27,75.3500,184,2
2026-06-23,000858,13:28:30,75.3600,93,1
2026-06-23,000858,13:28:33,75.3600,16,1
2026-06-23,000858,13:28:36,75.3500,41,2
2026-06-23,000858,13:28:39,75.3400,38,2
2026-06-23,000858,13:28:42,75.3400,10,2
2026-06-23,000858,13:28:45,75.3400,69,2
2026-06-23,000858,13:28:48,75.3300,30,2
2026-06-23,000858,13:28:51,75.3400,19,2
2026-06-23,000858,13:28:54,75.3300,21,2
2026-06-23,000858,13:28:57,75.3400,19,1
2026-06-23,000858,13:29:00,75.3300,14,1
2026-06-23,000858,13:29:03,75.3300,100,1
2026-06-23,000858,13:29:06,75.3000,51,2
2026-06-23,000858,13:29:09,75.3000,42,1
2026-06-23,000858,13:29:12,75.2900,9,1
2026-06-23,000858,13:29:15,75.2900,163,1
2026-06-23,000858,13:29:18,75.2900,18,1
2026-06-23,000858,13:29:21,75.2900,15,1
2026-06-23,000858,13:29:24,75.2900,11,1
2026-06-23,000858,13:29:27,75.2800,13,2
2026-06-23,000858,13:29:30,75.2800,15,1
2026-06-23,000858,13:29:33,75.2800,42,1
2026-06-23,000858,13:29:36,75.2800,7,2
2026-06-23,000858,13:29:39,75.2900,34,1
2026-06-23,000858,13:29:42,75.2700,19,2
2026-06-23,000858,13:29:45,75.2900,1,1
2026-06-23,000858,13:29:48,75.2800,6,2
2026-06-23,000858,13:29:51,75.2700,11,2
2026-06-23,000858,13:29:54,75.2800,57,1
2026-06-23,000858,13:29:57,75.2800,170,1
2026-06-23,000858,13:30:00,75.2800,5,1
2026-06-23,000858,13:30:03,75.2700,18,2
2026-06-23,000858,13:30:06,75.2800,3,1
2026-06-23,000858,13:30:09,75.2700,31,2
2026-06-23,000858,13:30:12,75.2800,22,1
2026-06-23,000858,13:30:15,75.2800,22,1
2026-06-23,000858,13:30:18,75.2800,9,1
2026-06-23,000858,13:30:21,75.2800,9,1
2026-06-23,000858,13:30:24,75.2800,31,1
2026-06-23,000858,13:30:27,75.2800,27,1
2026-06-23,000858,13:30:30,75.2800,10,1
2026-06-23,000858,13:30:33,75.2800,78,1
2026-06-23,000858,13:30:36,75.2800,6,1
2026-06-23,000858,13:30:39,75.2700,21,2
2026-06-23,000858,13:30:42,75.2700,20,1
2026-06-23,000858,13:30:45,75.2500,131,2
2026-06-23,000858,13:30:48,75.2700,7,1
2026-06-23,000858,13:30:51,75.2600,10,2
2026-06-23,000858,13:30:54,75.2500,53,2
2026-06-23,000858,13:30:57,75.2500,5,2
2026-06-23,000858,13:31:00,75.2600,59,1
2026-06-23,000858,13:31:03,75.2600,12,2
2026-06-23,000858,13:31:06,75.2600,11,1
2026-06-23,000858,13:31:09,75.2500,43,2
2026-06-23,000858,13:31:12,75.2600,24,1
2026-06-23,000858,13:31:15,75.2600,153,1
2026-06-23,000858,13:31:18,75.2600,71,1
2026-06-23,000858,13:31:21,75.2600,7,1
2026-06-23,000858,13:31:24,75.2600,14,1
2026-06-23,000858,13:31:27,75.2600,99,1
2026-06-23,000858,13:31:30,75.2500,5,2
2026-06-23,000858,13:31:33,75.2700,29,1
2026-06-23,000858,13:31:36,75.2700,22,1
2026-06-23,000858,13:31:39,75.2800,34,1
2026-06-23,000858,13:31:42,75.2500,10,2
2026-06-23,000858,13:31:45,75.2800,24,1
2026-06-23,000858,13:31:48,75.2700,1,4
2026-06-23,000858,13:31:51,75.2700,5,2
2026-06-23,000858,13:31:54,75.2700,94,1
2026-06-23,000858,13:31:57,75.2700,102,1
2026-06-23,000858,13:32:00,75.2700,9,2
2026-06-23,000858,13:32:03,75.2700,11,2
2026-06-23,000858,13:32:06,75.2600,47,2
2026-06-23,000858,13:32:09,75.2600,15,1
2026-06-23,000858,13:32:12,75.2400,156,2
2026-06-23,000858,13:32:15,75.2500,25,1
2026-06-23,000858,13:32:18,75.2500,76,1
2026-06-23,000858,13:32:21,75.2100,553,2
2026-06-23,000858,13:32:24,75.2100,49,2
2026-06-23,000858,13:32:27,75.2100,106,1
2026-06-23,000858,13:32:30,75.2000,178,2
2026-06-23,000858,13:32:33,75.2000,230,2
2026-06-23,000858,13:32:36,75.2100,111,1
2026-06-23,000858,13:32:39,75.2000,6,1
2026-06-23,000858,13:32:42,75.1900,269,2
2026-06-23,000858,13:32:45,75.2000,24,1
2026-06-23,000858,13:32:48,75.1800,67,2
2026-06-23,000858,13:32:51,75.1900,26,1
2026-06-23,000858,13:32:54,75.1800,75,2
2026-06-23,000858,13:32:57,75.1900,33,1
2026-06-23,000858,13:33:00,75.1900,105,1
2026-06-23,000858,13:33:03,75.1900,67,1
2026-06-23,000858,13:33:06,75.1900,14,1
2026-06-23,000858,13:33:09,75.1900,14,1
2026-06-23,000858,13:33:12,75.1800,58,2
2026-06-23,000858,13:33:15,75.2000,20,1
2026-06-23,000858,13:33:18,75.1800,229,2
2026-06-23,000858,13:33:21,75.1800,19,1
2026-06-23,000858,13:33:24,75.1800,39,1
2026-06-23,000858,13:33:27,75.1800,40,1
2026-06-23,000858,13:33:30,75.1700,45,2
2026-06-23,000858,13:33:33,75.1800,103,1
2026-06-23,000858,13:33:36,75.1900,22,1
2026-06-23,000858,13:33:42,75.1900,4,1
2026-06-23,000858,13:33:45,75.1900,84,1
2026-06-23,000858,13:33:48,75.2100,224,1
2026-06-23,000858,13:33:51,75.2100,26,1
2026-06-23,000858,13:33:54,75.2000,28,2
2026-06-23,000858,13:33:57,75.2200,6,1
2026-06-23,000858,13:34:00,75.2200,6,1
2026-06-23,000858,13:34:03,75.2200,58,1
2026-06-23,000858,13:34:06,75.2000,67,2
2026-06-23,000858,13:34:09,75.2400,3,1
2026-06-23,000858,13:34:12,75.2400,1,1
2026-06-23,000858,13:34:15,75.2300,21,2
2026-06-23,000858,13:34:18,75.2300,91,1
2026-06-23,000858,13:34:21,75.2300,25,1
2026-06-23,000858,13:34:24,75.2300,15,1
2026-06-23,000858,13:34:27,75.2300,12,1
2026-06-23,000858,13:34:30,75.2200,18,4
2026-06-23,000858,13:34:33,75.2200,12,1
2026-06-23,000858,13:34:36,75.2200,124,1
2026-06-23,000858,13:34:39,75.2300,71,1
2026-06-23,000858,13:34:42,75.2300,4,2
2026-06-23,000858,13:34:45,75.2400,37,1
2026-06-23,000858,13:34:48,75.2500,167,1
2026-06-23,000858,13:34:51,75.2500,3,2
2026-06-23,000858,13:34:54,75.2500,323,2
2026-06-23,000858,13:34:57,75.2600,46,1
2026-06-23,000858,13:35:00,75.2600,50,1
2026-06-23,000858,13:35:03,75.2600,15,1
2026-06-23,000858,13:35:06,75.2600,12,4
2026-06-23,000858,13:35:09,75.2600,15,2
2026-06-23,000858,13:35:12,75.2600,68,2
2026-06-23,000858,13:35:15,75.2600,20,1
2026-06-23,000858,13:35:18,75.2500,96,2
2026-06-23,000858,13:35:21,75.2600,34,1
2026-06-23,000858,13:35:24,75.2600,12,1
2026-06-23,000858,13:35:27,75.2500,8,2
2026-06-23,000858,13:35:30,75.2500,24,2
2026-06-23,000858,13:35:33,75.2400,52,4
2026-06-23,000858,13:35:36,75.2300,50,1
2026-06-23,000858,13:35:39,75.2300,19,1
2026-06-23,000858,13:35:42,75.2300,50,1
2026-06-23,000858,13:35:45,75.2300,12,1
2026-06-23,000858,13:35:48,75.2200,134,1
2026-06-23,000858,13:35:51,75.2200,7,1
2026-06-23,000858,13:35:54,75.2200,9,1
2026-06-23,000858,13:35:57,75.2100,36,2
2026-06-23,000858,13:36:00,75.2200,36,1
2026-06-23,000858,13:36:03,75.2200,13,1
2026-06-23,000858,13:36:06,75.2000,154,2
2026-06-23,000858,13:36:09,75.2000,33,2
2026-06-23,000858,13:36:12,75.2100,31,1
2026-06-23,000858,13:36:15,75.2100,7,1
2026-06-23,000858,13:36:18,75.2100,22,1
2026-06-23,000858,13:36:21,75.2200,87,1
2026-06-23,000858,13:36:24,75.2300,3,1
2026-06-23,000858,13:36:27,75.2200,16,4
2026-06-23,000858,13:36:30,75.2200,12,1
2026-06-23,000858,13:36:33,75.2200,51,1
2026-06-23,000858,13:36:36,75.2200,17,2
2026-06-23,000858,13:36:39,75.2000,304,2
2026-06-23,000858,13:36:42,75.2000,91,2
2026-06-23,000858,13:36:45,75.2000,207,1
2026-06-23,000858,13:36:48,75.1700,256,2
2026-06-23,000858,13:36:51,75.1500,187,2
2026-06-23,000858,13:36:54,75.1500,100,2
2026-06-23,000858,13:36:57,75.1600,83,1
2026-06-23,000858,13:37:00,75.1500,11,2
2026-06-23,000858,13:37:03,75.1500,40,2
2026-06-23,000858,13:37:06,75.1600,8,1
2026-06-23,000858,13:37:09,75.1500,85,2
2026-06-23,000858,13:37:12,75.1600,22,1
2026-06-23,000858,13:37:15,75.1400,99,2
2026-06-23,000858,13:37:18,75.1600,48,1
2026-06-23,000858,13:37:21,75.1600,23,1
2026-06-23,000858,13:37:24,75.1400,35,2
2026-06-23,000858,13:37:27,75.1500,136,1
2026-06-23,000858,13:37:30,75.1400,36,2
2026-06-23,000858,13:37:33,75.1400,42,1
2026-06-23,000858,13:37:36,75.1400,78,1
2026-06-23,000858,13:37:39,75.1400,44,1
2026-06-23,000858,13:37:42,75.1300,14,2
2026-06-23,000858,13:37:45,75.1300,26,2
2026-06-23,000858,13:37:48,75.1400,7,2
2026-06-23,000858,13:37:51,75.1400,17,2
2026-06-23,000858,13:37:54,75.1400,8,1
2026-06-23,000858,13:37:57,75.1300,47,2
2026-06-23,000858,13:38:00,75.1400,65,1
2026-06-23,000858,13:38:03,75.1400,158,1
2026-06-23,000858,13:38:06,75.1400,47,2
2026-06-23,000858,13:38:09,75.1500,5,1
2026-06-23,000858,13:38:12,75.1500,7,1
2026-06-23,000858,13:38:15,75.1500,11,1
2026-06-23,000858,13:38:18,75.1500,6,1
2026-06-23,000858,13:38:21,75.1400,13,2
2026-06-23,000858,13:38:24,75.1500,15,1
2026-06-23,000858,13:38:27,75.1400,13,2
2026-06-23,000858,13:38:30,75.1500,51,1
2026-06-23,000858,13:38:33,75.1500,30,1
2026-06-23,000858,13:38:36,75.1500,15,1
2026-06-23,000858,13:38:39,75.1400,139,2
2026-06-23,000858,13:38:42,75.1400,46,1
2026-06-23,000858,13:38:45,75.1400,15,4
2026-06-23,000858,13:38:48,75.1300,16,2
2026-06-23,000858,13:38:51,75.1300,74,2
2026-06-23,000858,13:38:54,75.1300,119,2
2026-06-23,000858,13:38:57,75.1400,62,1
2026-06-23,000858,13:39:00,75.1400,30,2
2026-06-23,000858,13:39:03,75.1400,6,2
2026-06-23,000858,13:39:06,75.1400,16,1
2026-06-23,000858,13:39:09,75.1300,260,2
2026-06-23,000858,13:39:12,75.1300,20,1
2026-06-23,000858,13:39:15,75.1300,29,1
2026-06-23,000858,13:39:18,75.1300,58,1
2026-06-23,000858,13:39:21,75.1300,174,1
2026-06-23,000858,13:39:24,75.1300,11,1
2026-06-23,000858,13:39:27,75.1300,18,1
2026-06-23,000858,13:39:30,75.1300,9,1
2026-06-23,000858,13:39:33,75.1200,159,2
2026-06-23,000858,13:39:36,75.1200,132,2
2026-06-23,000858,13:39:39,75.1300,22,1
2026-06-23,000858,13:39:42,75.1300,25,1
2026-06-23,000858,13:39:45,75.1300,27,2
2026-06-23,000858,13:39:48,75.1300,26,1
2026-06-23,000858,13:39:51,75.1400,2,1
2026-06-23,000858,13:39:54,75.1300,67,2
2026-06-23,000858,13:39:57,75.1300,59,2
2026-06-23,000858,13:40:00,75.1300,52,2
2026-06-23,000858,13:40:03,75.1400,5,1
2026-06-23,000858,13:40:06,75.1300,25,2
2026-06-23,000858,13:40:09,75.1300,111,2
2026-06-23,000858,13:40:12,75.1400,12,1
2026-06-23,000858,13:40:15,75.1400,6,1
2026-06-23,000858,13:40:18,75.1300,12,2
2026-06-23,000858,13:40:21,75.1400,41,1
2026-06-23,000858,13:40:24,75.1300,34,2
2026-06-23,000858,13:40:27,75.0800,1461,2
2026-06-23,000858,13:40:30,75.1000,170,1
2026-06-23,000858,13:40:33,75.0700,99,2
2026-06-23,000858,13:40:36,75.0900,13,1
2026-06-23,000858,13:40:39,75.0800,3,2
2026-06-23,000858,13:40:42,75.0900,11,1
2026-06-23,000858,13:40:45,75.0800,91,2
2026-06-23,000858,13:40:48,75.0900,12,1
2026-06-23,000858,13:40:51,75.0800,5,2
2026-06-23,000858,13:40:54,75.0900,74,1
2026-06-23,000858,13:40:57,75.0800,137,2
2026-06-23,000858,13:41:00,75.0800,21,2
2026-06-23,000858,13:41:03,75.0800,151,1
2026-06-23,000858,13:41:06,75.0800,54,1
2026-06-23,000858,13:41:09,75.0800,24,1
2026-06-23,000858,13:41:12,75.0800,16,1
2026-06-23,000858,13:41:15,75.0900,161,1
2026-06-23,000858,13:41:18,75.0900,294,2
2026-06-23,000858,13:41:21,75.1100,40,1
2026-06-23,000858,13:41:24,75.1300,11,1
2026-06-23,000858,13:41:27,75.1200,36,2
2026-06-23,000858,13:41:30,75.1200,12,1
2026-06-23,000858,13:41:33,75.1200,39,1
2026-06-23,000858,13:41:36,75.1200,30,1
2026-06-23,000858,13:41:39,75.1300,33,1
2026-06-23,000858,13:41:42,75.1100,400,2
2026-06-23,000858,13:41:45,75.0800,135,2
2026-06-23,000858,13:41:48,75.0700,142,4
2026-06-23,000858,13:41:51,75.0600,35,1
2026-06-23,000858,13:41:54,75.0600,56,1
2026-06-23,000858,13:41:57,75.0700,26,1
2026-06-23,000858,13:42:00,75.0700,22,4
2026-06-23,000858,13:42:03,75.0800,10,1
2026-06-23,000858,13:42:06,75.0800,17,1
2026-06-23,000858,13:42:09,75.0700,45,2
2026-06-23,000858,13:42:12,75.0800,115,1
2026-06-23,000858,13:42:15,75.0800,15,1
2026-06-23,000858,13:42:18,75.0800,77,1
2026-06-23,000858,13:42:21,75.0800,9,2
2026-06-23,000858,13:42:24,75.0800,26,2
2026-06-23,000858,13:42:27,75.0900,282,1
2026-06-23,000858,13:42:30,75.0900,38,1
2026-06-23,000858,13:42:33,75.0900,35,1
2026-06-23,000858,13:42:36,75.0900,36,1
2026-06-23,000858,13:42:39,75.0900,11,1
2026-06-23,000858,13:42:42,75.0900,19,1
2026-06-23,000858,13:42:45,75.0900,43,1
2026-06-23,000858,13:42:48,75.0800,15,2
2026-06-23,000858,13:42:51,75.0900,28,1
2026-06-23,000858,13:42:54,75.0800,85,2
2026-06-23,000858,13:42:57,75.0500,983,2
2026-06-23,000858,13:43:00,75.0400,27,2
2026-06-23,000858,13:43:03,75.0400,205,1
2026-06-23,000858,13:43:06,75.0400,45,1
2026-06-23,000858,13:43:09,75.0400,30,2
2026-06-23,000858,13:43:12,75.0400,47,2
2026-06-23,000858,13:43:15,75.0500,84,1
2026-06-23,000858,13:43:18,75.0600,16,1
2026-06-23,000858,13:43:21,75.0500,8,2
2026-06-23,000858,13:43:24,75.0500,42,2
2026-06-23,000858,13:43:27,75.0500,165,1
2026-06-23,000858,13:43:30,75.0600,60,1
2026-06-23,000858,13:43:33,75.0500,1,2
2026-06-23,000858,13:43:36,75.0600,32,1
2026-06-23,000858,13:43:39,75.0600,38,1
2026-06-23,000858,13:43:42,75.0600,32,1
2026-06-23,000858,13:43:45,75.0600,11,1
2026-06-23,000858,13:43:48,75.0600,51,1
2026-06-23,000858,13:43:51,75.0700,11,1
2026-06-23,000858,13:43:54,75.0600,32,2
2026-06-23,000858,13:43:57,75.0600,18,1
2026-06-23,000858,13:44:00,75.0600,18,1
2026-06-23,000858,13:44:03,75.0700,33,1
2026-06-23,000858,13:44:06,75.0500,15,2
2026-06-23,000858,13:44:09,75.0600,67,1
2026-06-23,000858,13:44:12,75.0600,34,1
2026-06-23,000858,13:44:15,75.0600,59,1
2026-06-23,000858,13:44:18,75.0600,38,1
2026-06-23,000858,13:44:21,75.0600,184,1
2026-06-23,000858,13:44:24,75.0600,84,1
2026-06-23,000858,13:44:27,75.0600,8,1
2026-06-23,000858,13:44:30,75.0700,20,1
2026-06-23,000858,13:44:33,75.0700,57,1
2026-06-23,000858,13:44:36,75.0800,18,1
2026-06-23,000858,13:44:39,75.0800,30,1
2026-06-23,000858,13:44:42,75.0700,106,2
2026-06-23,000858,13:44:45,75.0800,28,1
2026-06-23,000858,13:44:48,75.0500,1078,2
2026-06-23,000858,13:44:51,75.0500,104,1
2026-06-23,000858,13:44:54,75.0400,23,1
2026-06-23,000858,13:44:57,75.0400,24,1
2026-06-23,000858,13:45:00,75.0300,18,2
2026-06-23,000858,13:45:03,75.0300,38,2
2026-06-23,000858,13:45:06,75.0500,61,1
2026-06-23,000858,13:45:09,75.0500,33,1
2026-06-23,000858,13:45:12,75.0500,28,1
2026-06-23,000858,13:45:15,75.0500,7,4
2026-06-23,000858,13:45:18,75.0500,48,2
2026-06-23,000858,13:45:21,75.0600,27,1
2026-06-23,000858,13:45:24,75.0600,235,1
2026-06-23,000858,13:45:27,75.0600,22,1
2026-06-23,000858,13:45:30,75.0600,9,1
2026-06-23,000858,13:45:33,75.0600,23,1
2026-06-23,000858,13:45:36,75.0500,121,2
2026-06-23,000858,13:45:39,75.0600,132,1
2026-06-23,000858,13:45:42,75.0500,15,2
2026-06-23,000858,13:45:45,75.0500,22,2
2026-06-23,000858,13:45:48,75.0200,1030,2
2026-06-23,000858,13:45:51,75.0100,6738,2
2026-06-23,000858,13:45:54,75.0000,341,2
2026-06-23,000858,13:45:57,75.0600,200,1
2026-06-23,000858,13:46:00,75.0300,66,2
2026-06-23,000858,13:46:03,75.0400,25,2
2026-06-23,000858,13:46:06,75.0500,6,2
2026-06-23,000858,13:46:09,75.0900,150,1
2026-06-23,000858,13:46:12,75.0900,19,2
2026-06-23,000858,13:46:15,75.1000,7,4
2026-06-23,000858,13:46:18,75.1000,55,1
2026-06-23,000858,13:46:21,75.1000,86,1
2026-06-23,000858,13:46:24,75.0600,57,2
2026-06-23,000858,13:46:27,75.0600,55,1
2026-06-23,000858,13:46:30,75.0600,101,1
2026-06-23,000858,13:46:33,75.0600,108,2
2026-06-23,000858,13:46:36,75.0700,3,1
2026-06-23,000858,13:46:39,75.1000,105,1
2026-06-23,000858,13:46:42,75.0700,6,2
2026-06-23,000858,13:46:45,75.1000,14,1
2026-06-23,000858,13:46:48,75.0800,13,2
2026-06-23,000858,13:46:51,75.0900,34,1
2026-06-23,000858,13:46:54,75.0800,55,2
2026-06-23,000858,13:46:57,75.1000,45,1
2026-06-23,000858,13:47:00,75.0800,55,2
2026-06-23,000858,13:47:03,75.0800,61,2
2026-06-23,000858,13:47:06,75.1000,9,1
2026-06-23,000858,13:47:09,75.1000,28,1
2026-06-23,000858,13:47:12,75.0800,44,2
2026-06-23,000858,13:47:15,75.0900,94,1
2026-06-23,000858,13:47:18,75.0900,55,1
2026-06-23,000858,13:47:21,75.0900,31,2
2026-06-23,000858,13:47:24,75.1000,14,1
2026-06-23,000858,13:47:27,75.0900,82,2
2026-06-23,000858,13:47:30,75.0900,33,2
2026-06-23,000858,13:47:33,75.0900,56,1
2026-06-23,000858,13:47:36,75.1000,145,1
2026-06-23,000858,13:47:39,75.1100,26,1
2026-06-23,000858,13:47:42,75.1000,16,2
2026-06-23,000858,13:47:45,75.0900,13,2
2026-06-23,000858,13:47:48,75.1000,32,1
2026-06-23,000858,13:47:51,75.1000,28,4
2026-06-23,000858,13:47:54,75.1100,8,1
2026-06-23,000858,13:47:57,75.1000,100,2
2026-06-23,000858,13:48:00,75.1100,44,1
2026-06-23,000858,13:48:03,75.1000,15,2
2026-06-23,000858,13:48:06,75.1000,28,2
2026-06-23,000858,13:48:09,75.1000,37,1
2026-06-23,000858,13:48:12,75.1000,35,1
2026-06-23,000858,13:48:15,75.1000,30,1
2026-06-23,000858,13:48:18,75.1000,13,1
2026-06-23,000858,13:48:21,75.1000,39,1
2026-06-23,000858,13:48:24,75.1000,9,2
2026-06-23,000858,13:48:27,75.1100,2,1
2026-06-23,000858,13:48:30,75.1100,10,1
2026-06-23,000858,13:48:33,75.1100,104,1
2026-06-23,000858,13:48:36,75.1000,19,2
2026-06-23,000858,13:48:39,75.1100,4,1
2026-06-23,000858,13:48:42,75.1000,7,2
2026-06-23,000858,13:48:45,75.1100,30,1
2026-06-23,000858,13:48:48,75.1100,17,1
2026-06-23,000858,13:48:51,75.1000,36,2
2026-06-23,000858,13:48:54,75.1000,17,2
2026-06-23,000858,13:48:57,75.1100,17,1
2026-06-23,000858,13:49:00,75.1100,15,1
2026-06-23,000858,13:49:03,75.0900,112,2
2026-06-23,000858,13:49:06,75.0600,438,2
2026-06-23,000858,13:49:09,75.0600,57,1
2026-06-23,000858,13:49:12,75.0600,21,1
2026-06-23,000858,13:49:15,75.0600,20,1
2026-06-23,000858,13:49:18,75.0500,53,2
2026-06-23,000858,13:49:21,75.0600,18,1
2026-06-23,000858,13:49:24,75.0600,82,1
2026-06-23,000858,13:49:27,75.0600,33,1
2026-06-23,000858,13:49:30,75.0700,6,1
2026-06-23,000858,13:49:33,75.0600,36,2
2026-06-23,000858,13:49:36,75.0700,32,1
2026-06-23,000858,13:49:39,75.0600,10,2
2026-06-23,000858,13:49:42,75.0700,142,4
2026-06-23,000858,13:49:45,75.0700,2,1
2026-06-23,000858,13:49:48,75.0700,16,1
2026-06-23,000858,13:49:51,75.0700,11,1
2026-06-23,000858,13:49:54,75.0700,8,1
2026-06-23,000858,13:49:57,75.0700,13,1
2026-06-23,000858,13:50:00,75.0700,40,1
2026-06-23,000858,13:50:03,75.0700,21,1
2026-06-23,000858,13:50:06,75.0700,228,1
2026-06-23,000858,13:50:09,75.0600,22,2
2026-06-23,000858,13:50:12,75.0500,25,2
2026-06-23,000858,13:50:15,75.0600,23,1
2026-06-23,000858,13:50:18,75.0500,10,2
2026-06-23,000858,13:50:21,75.0600,10,1
2026-06-23,000858,13:50:24,75.0600,14,1
2026-06-23,000858,13:50:27,75.0500,17,2
2026-06-23,000858,13:50:30,75.0600,49,1
2026-06-23,000858,13:50:33,75.0400,58,2
2026-06-23,000858,13:50:36,75.0300,51,2
2026-06-23,000858,13:50:39,75.0200,62,2
2026-06-23,000858,13:50:42,75.0200,12,2
2026-06-23,000858,13:50:45,75.0200,9,2
2026-06-23,000858,13:50:48,75.0200,168,2
2026-06-23,000858,13:50:51,75.0200,25,1
2026-06-23,000858,13:50:54,75.0300,31,1
2026-06-23,000858,13:50:57,75.0300,35,1
2026-06-23,000858,13:51:00,75.0200,5,2
2026-06-23,000858,13:51:03,75.0200,43,2
2026-06-23,000858,13:51:06,75.0200,44,2
2026-06-23,000858,13:51:09,75.0300,43,1
2026-06-23,000858,13:51:12,75.0200,22,2
2026-06-23,000858,13:51:15,75.0300,13,1
2026-06-23,000858,13:51:18,75.0200,33,2
2026-06-23,000858,13:51:21,75.0100,35,2
2026-06-23,000858,13:51:24,75.0200,21,1
2026-06-23,000858,13:51:27,75.0100,32,2
2026-06-23,000858,13:51:30,75.0100,20,2
2026-06-23,000858,13:51:33,75.0200,273,1
2026-06-23,000858,13:51:36,75.0000,246,2
2026-06-23,000858,13:51:39,74.9600,1964,2
2026-06-23,000858,13:51:42,74.9600,56,1
2026-06-23,000858,13:51:45,74.9300,20,2
2026-06-23,000858,13:51:48,74.9200,25,2
2026-06-23,000858,13:51:51,74.9200,27,2
2026-06-23,000858,13:51:54,74.9200,168,1
2026-06-23,000858,13:51:57,74.9200,57,1
2026-06-23,000858,13:52:00,74.9300,336,1
2026-06-23,000858,13:52:03,74.9300,92,2
2026-06-23,000858,13:52:06,74.9300,49,1
2026-06-23,000858,13:52:09,74.9300,64,2
2026-06-23,000858,13:52:12,74.9400,23,4
2026-06-23,000858,13:52:15,74.9500,78,1
2026-06-23,000858,13:52:18,74.9400,51,2
2026-06-23,000858,13:52:21,74.9300,79,2
2026-06-23,000858,13:52:24,74.9400,26,4
2026-06-23,000858,13:52:27,74.9400,31,1
2026-06-23,000858,13:52:30,74.9300,45,2
2026-06-23,000858,13:52:33,74.9300,42,2
2026-06-23,000858,13:52:36,74.9400,15,1
2026-06-23,000858,13:52:39,74.9500,45,1
2026-06-23,000858,13:52:42,74.9300,48,2
2026-06-23,000858,13:52:45,74.9400,14,2
2026-06-23,000858,13:52:48,74.9500,78,1
2026-06-23,000858,13:52:51,74.9400,29,2
2026-06-23,000858,13:52:54,74.9400,43,1
2026-06-23,000858,13:52:57,74.9400,15,4
2026-06-23,000858,13:53:00,74.9400,24,1
2026-06-23,000858,13:53:03,74.9400,44,1
2026-06-23,000858,13:53:06,74.9500,50,1
2026-06-23,000858,13:53:09,74.9500,5,2
2026-06-23,000858,13:53:12,74.9400,37,2
2026-06-23,000858,13:53:15,74.9400,55,2
2026-06-23,000858,13:53:18,74.9400,18,2
2026-06-23,000858,13:53:21,74.9500,32,1
2026-06-23,000858,13:53:24,74.9500,9,1
2026-06-23,000858,13:53:27,74.9500,23,1
2026-06-23,000858,13:53:30,74.9500,21,1
2026-06-23,000858,13:53:33,74.9500,38,1
2026-06-23,000858,13:53:36,74.9500,62,1
2026-06-23,000858,13:53:39,74.9500,55,1
2026-06-23,000858,13:53:42,74.9500,21,1
2026-06-23,000858,13:53:45,74.9600,39,1
2026-06-23,000858,13:53:48,74.9500,44,2
2026-06-23,000858,13:53:51,74.9600,16,1
2026-06-23,000858,13:53:54,74.9500,15,2
2026-06-23,000858,13:53:57,74.9600,20,1
2026-06-23,000858,13:54:00,74.9600,22,1
2026-06-23,000858,13:54:03,74.9600,11,1
2026-06-23,000858,13:54:06,74.9600,47,1
2026-06-23,000858,13:54:09,74.9600,70,1
2026-06-23,000858,13:54:12,74.9600,18,1
2026-06-23,000858,13:54:15,74.9500,116,2
2026-06-23,000858,13:54:18,74.9500,83,1
2026-06-23,000858,13:54:21,74.9500,71,2
2026-06-23,000858,13:54:24,74.9500,24,1
2026-06-23,000858,13:54:27,74.9400,22,2
2026-06-23,000858,13:54:30,74.9400,38,2
2026-06-23,000858,13:54:33,74.9500,93,1
2026-06-23,000858,13:54:36,74.9400,13,2
2026-06-23,000858,13:54:39,74.9400,9,2
2026-06-23,000858,13:54:42,74.9500,11,1
2026-06-23,000858,13:54:45,74.9400,36,2
2026-06-23,000858,13:54:48,74.9500,83,1
2026-06-23,000858,13:54:51,74.9300,380,2
2026-06-23,000858,13:54:54,74.9300,50,1
2026-06-23,000858,13:54:57,74.9300,94,1
2026-06-23,000858,13:55:00,74.9200,126,2
2026-06-23,000858,13:55:03,74.9200,22,2
2026-06-23,000858,13:55:06,74.9200,49,2
2026-06-23,000858,13:55:09,74.9200,15,1
2026-06-23,000858,13:55:12,74.9200,24,1
2026-06-23,000858,13:55:15,74.9200,26,1
2026-06-23,000858,13:55:18,74.9200,79,1
2026-06-23,000858,13:55:21,74.9100,239,2
2026-06-23,000858,13:55:24,74.9000,37,2
2026-06-23,000858,13:55:27,74.9100,69,1
2026-06-23,000858,13:55:30,74.9100,71,1
2026-06-23,000858,13:55:33,74.9100,42,1
2026-06-23,000858,13:55:36,74.9100,43,1
2026-06-23,000858,13:55:39,74.9100,62,1
2026-06-23,000858,13:55:42,74.9100,21,1
2026-06-23,000858,13:55:45,74.9100,127,1
2026-06-23,000858,13:55:48,74.9100,49,1
2026-06-23,000858,13:55:51,74.9100,58,2
2026-06-23,000858,13:55:54,74.9100,31,1
2026-06-23,000858,13:55:57,74.9100,9,1
2026-06-23,000858,13:56:00,74.9100,5,2
2026-06-23,000858,13:56:03,74.9200,15,1
2026-06-23,000858,13:56:06,74.9200,20,1
2026-06-23,000858,13:56:09,74.9100,20,2
2026-06-23,000858,13:56:12,74.9200,62,1
2026-06-23,000858,13:56:15,74.9100,106,2
2026-06-23,000858,13:56:18,74.9200,14,1
2026-06-23,000858,13:56:21,74.9100,11,2
2026-06-23,000858,13:56:24,74.9100,7,2
2026-06-23,000858,13:56:27,74.9200,40,1
2026-06-23,000858,13:56:30,74.9100,71,2
2026-06-23,000858,13:56:33,74.9200,21,1
2026-06-23,000858,13:56:36,74.9200,24,1
2026-06-23,000858,13:56:39,74.9200,21,1
2026-06-23,000858,13:56:42,74.9200,42,1
2026-06-23,000858,13:56:45,74.9200,11,1
2026-06-23,000858,13:56:48,74.9100,48,2
2026-06-23,000858,13:56:51,74.9200,5,2
2026-06-23,000858,13:56:54,74.9200,26,2
2026-06-23,000858,13:56:57,74.9200,16,2
2026-06-23,000858,13:57:00,74.9300,4,1
2026-06-23,000858,13:57:03,74.9300,4,1
2026-06-23,000858,13:57:06,74.9300,39,1
2026-06-23,000858,13:57:09,74.9200,225,2
2026-06-23,000858,13:57:12,74.9200,35,1
2026-06-23,000858,13:57:15,74.9200,69,1
2026-06-23,000858,13:57:18,74.9200,33,1
2026-06-23,000858,13:57:21,74.9200,42,1
2026-06-23,000858,13:57:24,74.9200,72,1
2026-06-23,000858,13:57:27,74.9200,38,1
2026-06-23,000858,13:57:30,74.9200,48,1
2026-06-23,000858,13:57:33,74.9200,15,1
2026-06-23,000858,13:57:36,74.9200,39,1
2026-06-23,000858,13:57:39,74.9200,60,2
2026-06-23,000858,13:57:42,74.9200,31,1
2026-06-23,000858,13:57:45,74.9200,71,1
2026-06-23,000858,13:57:48,74.9200,34,1
2026-06-23,000858,13:57:51,74.9200,34,1
2026-06-23,000858,13:57:54,74.9200,21,1
2026-06-23,000858,13:57:57,74.9200,1,1
2026-06-23,000858,13:58:00,74.9100,37,2
2026-06-23,000858,13:58:03,74.9100,50,2
2026-06-23,000858,13:58:06,74.9200,56,1
2026-06-23,000858,13:58:09,74.9100,13,2
2026-06-23,000858,13:58:12,74.9100,50,2
2026-06-23,000858,13:58:15,74.9100,12,2
2026-06-23,000858,13:58:18,74.9200,49,1
2026-06-23,000858,13:58:21,74.9100,332,2
2026-06-23,000858,13:58:24,74.9100,413,1
2026-06-23,000858,13:58:27,74.9000,165,2
2026-06-23,000858,13:58:30,74.9000,22,2
2026-06-23,000858,13:58:33,74.9000,43,2
2026-06-23,000858,13:58:36,74.9100,31,1
2026-06-23,000858,13:58:39,74.9100,10,1
2026-06-23,000858,13:58:42,74.9100,46,1
2026-06-23,000858,13:58:45,74.9100,25,1
2026-06-23,000858,13:58:48,74.9100,73,1
2026-06-23,000858,13:58:51,74.9100,19,1
2026-06-23,000858,13:58:54,74.9000,29,2
2026-06-23,000858,13:58:57,74.9000,60,2
2026-06-23,000858,13:59:00,74.9000,76,2
2026-06-23,000858,13:59:03,74.9100,50,1
2026-06-23,000858,13:59:06,74.9100,10,1
2026-06-23,000858,13:59:09,74.9200,34,1
2026-06-23,000858,13:59:12,74.9100,9,2
2026-06-23,000858,13:59:15,74.9200,122,1
2026-06-23,000858,13:59:18,74.9100,48,2
2026-06-23,000858,13:59:21,74.9100,50,1
2026-06-23,000858,13:59:24,74.9100,22,1
2026-06-23,000858,13:59:27,74.9100,56,1
2026-06-23,000858,13:59:30,74.9200,75,1
2026-06-23,000858,13:59:33,74.9100,32,2
2026-06-23,000858,13:59:36,74.9200,42,1
2026-06-23,000858,13:59:39,74.9200,47,1
2026-06-23,000858,13:59:42,74.9200,55,1
2026-06-23,000858,13:59:45,74.9200,35,1
2026-06-23,000858,13:59:48,74.9200,49,1
2026-06-23,000858,13:59:51,74.9100,13,2
2026-06-23,000858,13:59:54,74.9200,6,1
2026-06-23,000858,13:59:57,74.9100,17,2
2026-06-23,000858,14:00:00,74.9000,327,2
2026-06-23,000858,14:00:03,74.9200,195,1
2026-06-23,000858,14:00:06,74.9100,21,4
2026-06-23,000858,14:00:09,74.9000,67,2
2026-06-23,000858,14:00:12,74.9000,46,2
2026-06-23,000858,14:00:15,74.9100,27,1
2026-06-23,000858,14:00:18,74.9000,44,2
2026-06-23,000858,14:00:21,74.8800,437,2
2026-06-23,000858,14:00:24,74.8800,158,2
2026-06-23,000858,14:00:27,74.8800,46,2
2026-06-23,000858,14:00:30,74.8700,749,2
2026-06-23,000858,14:00:33,74.8700,210,2
2026-06-23,000858,14:00:36,74.8600,41,2
2026-06-23,000858,14:00:39,74.8500,78,2
2026-06-23,000858,14:00:42,74.8300,220,2
2026-06-23,000858,14:00:45,74.8400,50,1
2026-06-23,000858,14:00:48,74.8300,48,2
2026-06-23,000858,14:00:51,74.8200,105,2
2026-06-23,000858,14:00:54,74.8200,67,1
2026-06-23,000858,14:00:57,74.8100,79,2
2026-06-23,000858,14:01:00,74.8200,44,4
2026-06-23,000858,14:01:03,74.8200,49,2
2026-06-23,000858,14:01:06,74.8300,167,1
2026-06-23,000858,14:01:09,74.8200,168,2
2026-06-23,000858,14:01:12,74.8400,89,1
2026-06-23,000858,14:01:15,74.8300,13,2
2026-06-23,000858,14:01:18,74.8400,60,1
2026-06-23,000858,14:01:21,74.8200,44,2
2026-06-23,000858,14:01:24,74.8300,67,1
2026-06-23,000858,14:01:27,74.8300,183,1
2026-06-23,000858,14:01:30,74.8500,7,1
2026-06-23,000858,14:01:33,74.8500,23,1
2026-06-23,000858,14:01:36,74.8500,11,1
2026-06-23,000858,14:01:39,74.8500,55,1
2026-06-23,000858,14:01:42,74.8500,32,1
2026-06-23,000858,14:01:45,74.8500,20,1
2026-06-23,000858,14:01:48,74.8500,62,1
2026-06-23,000858,14:01:51,74.8500,4,2
2026-06-23,000858,14:01:54,74.8500,44,2
2026-06-23,000858,14:01:57,74.8600,25,1
2026-06-23,000858,14:02:00,74.8600,30,1
2026-06-23,000858,14:02:03,74.8600,133,1
2026-06-23,000858,14:02:06,74.8600,49,1
2026-06-23,000858,14:02:09,74.8600,16,1
2026-06-23,000858,14:02:12,74.8600,8,4
2026-06-23,000858,14:02:15,74.8700,24,1
2026-06-23,000858,14:02:18,74.8700,34,1
2026-06-23,000858,14:02:21,74.8600,73,2
2026-06-23,000858,14:02:24,74.8700,82,1
2026-06-23,000858,14:02:27,74.8700,38,1
2026-06-23,000858,14:02:30,74.8700,48,1
2026-06-23,000858,14:02:33,74.8700,31,1
2026-06-23,000858,14:02:36,74.8800,45,1
2026-06-23,000858,14:02:39,74.8700,38,2
2026-06-23,000858,14:02:42,74.8800,14,1
2026-06-23,000858,14:02:45,74.8700,133,2
2026-06-23,000858,14:02:48,74.8700,62,2
2026-06-23,000858,14:02:51,74.8500,167,2
2026-06-23,000858,14:02:54,74.8500,366,2
2026-06-23,000858,14:02:57,74.8300,60,2
2026-06-23,000858,14:03:00,74.8600,682,1
2026-06-23,000858,14:03:03,74.8500,33,2
2026-06-23,000858,14:03:06,74.8500,7,2
2026-06-23,000858,14:03:09,74.8700,12,1
2026-06-23,000858,14:03:12,74.8700,29,1
2026-06-23,000858,14:03:15,74.8700,117,1
2026-06-23,000858,14:03:18,74.8700,36,2
2026-06-23,000858,14:03:21,74.8700,9,1
2026-06-23,000858,14:03:24,74.8700,3,2
2026-06-23,000858,14:03:27,74.8800,9,1
2026-06-23,000858,14:03:30,74.8700,31,2
2026-06-23,000858,14:03:33,74.8600,17,2
2026-06-23,000858,14:03:36,74.8700,46,1
2026-06-23,000858,14:03:39,74.8700,55,1
2026-06-23,000858,14:03:42,74.8700,5,2
2026-06-23,000858,14:03:45,74.8800,126,1
2026-06-23,000858,14:03:48,74.8800,23,1
2026-06-23,000858,14:03:51,74.8700,37,2
2026-06-23,000858,14:03:54,74.8800,72,1
2026-06-23,000858,14:03:57,74.8800,82,1
2026-06-23,000858,14:04:00,74.8800,26,1
2026-06-23,000858,14:04:03,74.8800,29,1
2026-06-23,000858,14:04:06,74.8800,80,1
2026-06-23,000858,14:04:09,74.8800,57,1
2026-06-23,000858,14:04:15,74.8900,45,1
2026-06-23,000858,14:04:18,74.9000,43,1
2026-06-23,000858,14:04:21,74.9000,2,1
2026-06-23,000858,14:04:24,74.8900,30,2
2026-06-23,000858,14:04:27,74.9000,20,1
2026-06-23,000858,14:04:30,74.9000,42,1
2026-06-23,000858,14:04:33,74.9000,13,1
2026-06-23,000858,14:04:36,74.9000,25,1
2026-06-23,000858,14:04:39,74.9000,19,2
2026-06-23,000858,14:04:42,74.9000,29,2
2026-06-23,000858,14:04:45,74.9000,21,2
2026-06-23,000858,14:04:48,74.9100,59,1
2026-06-23,000858,14:04:51,74.9100,17,2
2026-06-23,000858,14:04:54,74.9200,11,1
2026-06-23,000858,14:04:57,74.9100,163,2
2026-06-23,000858,14:05:00,74.9100,98,1
2026-06-23,000858,14:05:03,74.9000,54,2
2026-06-23,000858,14:05:06,74.8900,103,2
2026-06-23,000858,14:05:09,74.8800,137,2
2026-06-23,000858,14:05:12,74.8700,80,2
2026-06-23,000858,14:05:15,74.8800,126,1
2026-06-23,000858,14:05:18,74.8500,442,2
2026-06-23,000858,14:05:21,74.8500,395,2
2026-06-23,000858,14:05:24,74.8600,104,1
2026-06-23,000858,14:05:27,74.8400,88,2
2026-06-23,000858,14:05:30,74.8500,59,1
2026-06-23,000858,14:05:33,74.8300,42,2
2026-06-23,000858,14:05:36,74.8500,125,1
2026-06-23,000858,14:05:39,74.8400,16,2
2026-06-23,000858,14:05:42,74.8400,13,2
2026-06-23,000858,14:05:45,74.8500,30,1
2026-06-23,000858,14:05:48,74.8500,25,1
2026-06-23,000858,14:05:51,74.8500,8,2
2026-06-23,000858,14:05:54,74.8600,29,1
2026-06-23,000858,14:05:57,74.8600,8,1
2026-06-23,000858,14:06:00,74.8600,45,1
2026-06-23,000858,14:06:03,74.8600,28,1
2026-06-23,000858,14:06:06,74.8600,56,1
2026-06-23,000858,14:06:09,74.8600,78,1
2026-06-23,000858,14:06:12,74.8600,25,1
2026-06-23,000858,14:06:15,74.8500,42,2
2026-06-23,000858,14:06:18,74.8600,55,1
2026-06-23,000858,14:06:21,74.8500,7,2
2026-06-23,000858,14:06:24,74.8600,29,1
2026-06-23,000858,14:06:27,74.8600,7,2
2026-06-23,000858,14:06:30,74.8700,22,1
2026-06-23,000858,14:06:33,74.8600,39,2
2026-06-23,000858,14:06:36,74.8700,10,1
2026-06-23,000858,14:06:39,74.8700,12,1
2026-06-23,000858,14:06:42,74.8700,10,1
2026-06-23,000858,14:06:45,74.8700,81,1
2026-06-23,000858,14:06:48,74.8700,35,1
2026-06-23,000858,14:06:51,74.8700,84,1
2026-06-23,000858,14:06:54,74.8700,33,2
2026-06-23,000858,14:06:57,74.8700,72,2
2026-06-23,000858,14:07:00,74.8700,21,2
2026-06-23,000858,14:07:03,74.8700,37,1
2026-06-23,000858,10:56:51,76.1600,53,2
2026-06-23,000858,10:56:54,76.1700,88,1
2026-06-23,000858,10:56:57,76.1800,61,1
2026-06-23,000858,10:57:00,76.1800,22,1
2026-06-23,000858,10:57:03,76.1800,45,1
2026-06-23,000858,10:57:06,76.1800,50,1
2026-06-23,000858,10:57:09,76.1900,50,1
2026-06-23,000858,10:57:12,76.1800,8,2
2026-06-23,000858,10:57:15,76.1800,31,2
2026-06-23,000858,10:57:18,76.1900,14,1
2026-06-23,000858,10:57:21,76.1900,34,1
2026-06-23,000858,10:57:24,76.1900,28,1
2026-06-23,000858,10:57:27,76.1900,21,2
2026-06-23,000858,10:57:30,76.1900,16,2
2026-06-23,000858,10:57:33,76.1900,84,2
2026-06-23,000858,10:57:36,76.1900,6,1
2026-06-23,000858,10:57:39,76.1900,11,1
2026-06-23,000858,10:57:42,76.1900,56,1
2026-06-23,000858,10:57:45,76.1900,53,1
2026-06-23,000858,10:57:48,76.1900,7,2
2026-06-23,000858,10:57:51,76.1900,8,2
2026-06-23,000858,10:57:54,76.2000,32,1
2026-06-23,000858,10:57:57,76.1900,28,2
2026-06-23,000858,10:58:00,76.1900,138,2
2026-06-23,000858,10:58:03,76.2000,32,1
2026-06-23,000858,10:58:06,76.1900,19,2
2026-06-23,000858,10:58:09,76.1800,32,2
2026-06-23,000858,10:58:12,76.1800,50,2
2026-06-23,000858,10:58:15,76.1800,40,2
2026-06-23,000858,10:58:18,76.1800,23,2
2026-06-23,000858,10:58:21,76.1900,31,1
2026-06-23,000858,10:58:24,76.1800,36,2
2026-06-23,000858,10:58:27,76.1800,120,2
2026-06-23,000858,10:58:30,76.1700,742,2
2026-06-23,000858,10:58:33,76.1800,38,1
2026-06-23,000858,10:58:36,76.1700,21,4
2026-06-23,000858,10:58:39,76.1700,25,2
2026-06-23,000858,10:58:42,76.1800,30,1
2026-06-23,000858,10:58:45,76.1800,30,1
2026-06-23,000858,10:58:48,76.1800,116,1
2026-06-23,000858,10:58:51,76.1700,47,2
2026-06-23,000858,10:58:54,76.1700,199,2
2026-06-23,000858,10:58:57,76.1700,88,1
2026-06-23,000858,10:59:00,76.1600,87,2
2026-06-23,000858,10:59:03,76.1600,47,2
2026-06-23,000858,10:59:06,76.1500,497,2
2026-06-23,000858,10:59:09,76.1300,190,2
2026-06-23,000858,10:59:12,76.1200,68,2
2026-06-23,000858,10:59:15,76.1200,20,2
2026-06-23,000858,10:59:18,76.1200,14,4
2026-06-23,000858,10:59:21,76.1100,11,2
2026-06-23,000858,10:59:24,76.1200,30,1
2026-06-23,000858,10:59:27,76.1200,14,1
2026-06-23,000858,10:59:30,76.1200,175,1
2026-06-23,000858,10:59:33,76.1100,146,4
2026-06-23,000858,10:59:36,76.1000,49,2
2026-06-23,000858,10:59:39,76.1000,156,2
2026-06-23,000858,10:59:42,76.1000,4,1
2026-06-23,000858,10:59:45,76.0900,80,2
2026-06-23,000858,10:59:48,76.1000,42,4
2026-06-23,000858,10:59:51,76.1000,37,2
2026-06-23,000858,10:59:54,76.1000,12,1
2026-06-23,000858,10:59:57,76.1000,46,1
2026-06-23,000858,11:00:00,76.1000,11,1
2026-06-23,000858,11:00:03,76.0800,123,2
2026-06-23,000858,11:00:06,76.0900,29,4
2026-06-23,000858,11:00:09,76.0800,17,2
2026-06-23,000858,11:00:12,76.0700,68,2
2026-06-23,000858,11:00:15,76.0700,24,2
2026-06-23,000858,11:00:18,76.0600,45,2
2026-06-23,000858,11:00:21,76.0600,26,2
2026-06-23,000858,11:00:24,76.0600,75,2
2026-06-23,000858,11:00:27,76.0400,156,2
2026-06-23,000858,11:00:30,76.0300,289,2
2026-06-23,000858,11:00:33,76.0200,120,2
2026-06-23,000858,11:00:36,76.0300,32,2
2026-06-23,000858,11:00:39,76.0300,105,1
2026-06-23,000858,11:00:42,76.0300,36,2
2026-06-23,000858,11:00:45,76.0300,38,2
2026-06-23,000858,11:00:48,76.0500,55,1
2026-06-23,000858,11:00:51,76.0400,37,2
2026-06-23,000858,11:00:54,76.0500,72,1
2026-06-23,000858,11:00:57,76.0500,76,2
2026-06-23,000858,11:01:00,76.0400,41,2
2026-06-23,000858,11:01:03,76.0600,48,1
2026-06-23,000858,11:01:06,76.0900,116,1
2026-06-23,000858,11:01:09,76.1100,279,1
2026-06-23,000858,11:01:12,76.0700,37,2
2026-06-23,000858,11:01:15,76.1000,94,1
2026-06-23,000858,11:01:18,76.1100,26,1
2026-06-23,000858,11:01:21,76.1100,77,1
2026-06-23,000858,11:01:24,76.1100,44,1
2026-06-23,000858,11:01:27,76.1100,62,2
2026-06-23,000858,11:01:30,76.1100,30,2
2026-06-23,000858,11:01:33,76.1300,19,1
2026-06-23,000858,11:01:36,76.1200,22,2
2026-06-23,000858,11:01:39,76.1300,37,1
2026-06-23,000858,11:01:42,76.1300,20,1
2026-06-23,000858,11:01:45,76.1400,35,1
2026-06-23,000858,11:01:48,76.1300,26,2
2026-06-23,000858,11:01:51,76.1300,17,2
2026-06-23,000858,11:01:54,76.1100,319,2
2026-06-23,000858,11:01:57,76.1000,37,2
2026-06-23,000858,11:02:00,76.0900,29,2
2026-06-23,000858,11:02:03,76.0600,105,2
2026-06-23,000858,11:02:06,76.0700,83,1
2026-06-23,000858,11:02:09,76.0700,136,2
2026-06-23,000858,11:02:12,76.0800,37,1
2026-06-23,000858,11:02:15,76.0800,13,1
2026-06-23,000858,11:02:18,76.0900,97,1
2026-06-23,000858,11:02:21,76.0800,16,4
2026-06-23,000858,11:02:24,76.0800,21,2
2026-06-23,000858,11:02:27,76.0800,15,2
2026-06-23,000858,11:02:30,76.0800,23,2
2026-06-23,000858,11:02:33,76.0800,40,2
2026-06-23,000858,11:02:36,76.0800,10,1
2026-06-23,000858,11:02:39,76.0800,36,1
2026-06-23,000858,11:02:42,76.0800,13,1
2026-06-23,000858,11:02:45,76.0800,12,1
2026-06-23,000858,11:02:48,76.0700,23,2
2026-06-23,000858,11:02:51,76.0700,36,2
2026-06-23,000858,11:02:54,76.0700,16,2
2026-06-23,000858,11:02:57,76.0600,40,2
2026-06-23,000858,11:03:00,76.0600,261,2
2026-06-23,000858,11:03:03,76.0300,57,2
2026-06-23,000858,11:03:06,76.0200,108,2
2026-06-23,000858,11:03:09,76.0200,345,2
2026-06-23,000858,11:03:12,76.0100,143,2
2026-06-23,000858,11:03:15,76.0300,32,1
2026-06-23,000858,11:03:18,76.0300,19,1
2026-06-23,000858,11:03:21,76.0200,63,2
2026-06-23,000858,11:03:24,76.0300,37,1
2026-06-23,000858,11:03:27,76.0300,36,1
2026-06-23,000858,11:03:30,76.0300,21,1
2026-06-23,000858,11:03:33,76.0300,24,1
2026-06-23,000858,11:03:36,76.0300,68,1
2026-06-23,000858,11:03:39,76.0300,29,1
2026-06-23,000858,11:03:42,76.0300,40,1
2026-06-23,000858,11:03:45,76.0300,21,1
2026-06-23,000858,11:03:48,76.0300,11,1
2026-06-23,000858,11:03:51,76.0100,1080,2
2026-06-23,000858,11:03:54,75.9500,1626,2
2026-06-23,000858,11:03:57,75.9500,78,1
2026-06-23,000858,11:04:00,75.9300,13,4
2026-06-23,000858,11:04:03,75.9100,29,2
2026-06-23,000858,11:04:06,75.9100,158,2
2026-06-23,000858,11:04:09,75.9100,93,2
2026-06-23,000858,11:04:12,75.9100,58,1
2026-06-23,000858,11:04:15,75.9100,85,1
2026-06-23,000858,11:04:18,75.8900,81,2
2026-06-23,000858,11:04:21,75.8900,43,2
2026-06-23,000858,11:04:24,75.8900,43,2
2026-06-23,000858,11:04:27,75.9000,127,1
2026-06-23,000858,11:04:30,75.8900,66,2
2026-06-23,000858,11:04:33,75.9000,41,4
2026-06-23,000858,11:04:36,75.9000,35,1
2026-06-23,000858,11:04:39,75.8900,38,2
2026-06-23,000858,11:04:42,75.9000,36,1
2026-06-23,000858,11:04:45,75.9000,14,2
2026-06-23,000858,11:04:48,75.9000,171,2
2026-06-23,000858,11:04:51,75.9000,31,1
2026-06-23,000858,11:04:54,75.9000,93,1
2026-06-23,000858,11:04:57,75.9000,115,1
2026-06-23,000858,11:05:00,75.8900,98,2
2026-06-23,000858,11:05:03,75.8900,82,2
2026-06-23,000858,11:05:06,75.9000,80,1
2026-06-23,000858,11:05:09,75.9000,42,1
2026-06-23,000858,11:05:12,75.8900,14,2
2026-06-23,000858,11:05:15,75.8900,38,2
2026-06-23,000858,11:05:18,75.9000,40,1
2026-06-23,000858,11:05:21,75.9000,26,1
2026-06-23,000858,11:05:24,75.8700,537,2
2026-06-23,000858,11:05:27,75.8700,136,2
2026-06-23,000858,11:05:30,75.8600,26,2
2026-06-23,000858,11:05:33,75.8600,174,1
2026-06-23,000858,11:05:36,75.8400,43,2
2026-06-23,000858,11:05:39,75.8400,52,1
2026-06-23,000858,11:05:42,75.8500,26,1
2026-06-23,000858,11:05:45,75.8500,27,1
2026-06-23,000858,11:05:48,75.8400,69,2
2026-06-23,000858,11:05:51,75.8400,118,2
2026-06-23,000858,11:05:54,75.8600,100,1
2026-06-23,000858,11:05:57,75.8400,35,2
2026-06-23,000858,11:06:00,75.8600,77,1
2026-06-23,000858,11:06:03,75.8500,27,2
2026-06-23,000858,11:06:06,75.8600,48,2
2026-06-23,000858,11:06:09,75.8700,119,1
2026-06-23,000858,11:06:12,75.8500,28,2
2026-06-23,000858,11:06:15,75.8500,52,2
2026-06-23,000858,11:06:18,75.8700,54,1
2026-06-23,000858,11:06:21,75.8500,34,2
2026-06-23,000858,11:06:24,75.8600,28,1
2026-06-23,000858,11:06:27,75.8600,108,1
2026-06-23,000858,11:06:30,75.8600,37,1
2026-06-23,000858,11:06:33,75.8800,229,1
2026-06-23,000858,11:06:36,75.8600,270,2
2026-06-23,000858,11:06:39,75.8500,156,2
2026-06-23,000858,11:06:42,75.8500,78,1
2026-06-23,000858,11:06:45,75.8300,54,2
2026-06-23,000858,11:06:48,75.8500,37,1
2026-06-23,000858,11:06:51,75.8300,107,2
2026-06-23,000858,11:06:54,75.8200,56,2
2026-06-23,000858,11:06:57,75.8200,100,2
2026-06-23,000858,11:07:00,75.8100,229,2
2026-06-23,000858,11:07:03,75.8000,258,2
2026-06-23,000858,11:07:06,75.8100,40,1
2026-06-23,000858,11:07:09,75.8100,85,1
2026-06-23,000858,11:07:12,75.8100,121,1
2026-06-23,000858,11:07:15,75.8100,23,2
2026-06-23,000858,11:07:18,75.8100,29,2
2026-06-23,000858,11:07:21,75.8200,77,1
2026-06-23,000858,11:07:24,75.8200,37,1
2026-06-23,000858,11:07:27,75.8100,51,2
2026-06-23,000858,11:07:30,75.8200,43,1
2026-06-23,000858,11:07:33,75.8200,23,1
2026-06-23,000858,11:07:36,75.8200,40,1
2026-06-23,000858,11:07:39,75.8200,43,1
2026-06-23,000858,11:07:42,75.8100,47,2
2026-06-23,000858,11:07:45,75.8300,34,1
2026-06-23,000858,11:07:48,75.8200,36,2
2026-06-23,000858,11:07:51,75.8200,90,1
2026-06-23,000858,11:07:54,75.7900,914,2
2026-06-23,000858,11:07:57,75.7700,195,2
2026-06-23,000858,11:08:00,75.7800,41,4
2026-06-23,000858,11:08:03,75.7800,55,1
2026-06-23,000858,11:08:06,75.7700,155,2
2026-06-23,000858,11:08:09,75.7700,14,1
2026-06-23,000858,11:08:12,75.7600,7,4
2026-06-23,000858,11:08:15,75.7700,7,1
2026-06-23,000858,11:08:18,75.7600,7,4
2026-06-23,000858,11:08:21,75.7600,19,2
2026-06-23,000858,11:08:24,75.7500,67,2
2026-06-23,000858,11:08:27,75.7600,73,2
2026-06-23,000858,11:08:30,75.7600,49,2
2026-06-23,000858,11:08:33,75.7700,117,1
2026-06-23,000858,11:08:36,75.7700,25,2
2026-06-23,000858,11:08:39,75.7800,56,1
2026-06-23,000858,11:08:42,75.8000,41,1
2026-06-23,000858,11:08:45,75.7800,21,2
2026-06-23,000858,11:08:48,75.7900,60,2
2026-06-23,000858,11:08:51,75.8200,30,1
2026-06-23,000858,11:08:54,75.8000,68,2
2026-06-23,000858,11:08:57,75.8000,24,1
2026-06-23,000858,11:09:00,75.8000,20,1
2026-06-23,000858,11:09:03,75.8100,23,1
2026-06-23,000858,11:09:06,75.8100,41,1
2026-06-23,000858,11:09:09,75.8100,35,1
2026-06-23,000858,11:09:12,75.8000,84,2
2026-06-23,000858,11:09:15,75.8000,76,2
2026-06-23,000858,11:09:18,75.8100,20,1
2026-06-23,000858,11:09:21,75.8100,10,1
2026-06-23,000858,11:09:24,75.8100,23,1
2026-06-23,000858,11:09:27,75.8100,61,1
2026-06-23,000858,11:09:30,75.8100,164,1
2026-06-23,000858,11:09:33,75.8000,32,4
2026-06-23,000858,11:09:36,75.8000,35,2
2026-06-23,000858,11:09:39,75.8000,29,2
2026-06-23,000858,11:09:42,75.8000,11,1
2026-06-23,000858,11:09:45,75.8000,31,1
2026-06-23,000858,11:09:48,75.8000,35,2
2026-06-23,000858,11:09:51,75.8100,10,1
2026-06-23,000858,11:09:54,75.8000,199,2
2026-06-23,000858,11:09:57,75.8300,13,1
2026-06-23,000858,11:10:00,75.8300,15,1
2026-06-23,000858,11:10:03,75.8300,23,1
2026-06-23,000858,11:10:06,75.8300,38,1
2026-06-23,000858,11:10:09,75.8200,23,2
2026-06-23,000858,11:10:12,75.8300,13,1
2026-06-23,000858,11:10:15,75.8300,7,1
2026-06-23,000858,11:10:18,75.8300,38,1
2026-06-23,000858,11:10:21,75.8200,99,2
2026-06-23,000858,11:10:24,75.8100,53,2
2026-06-23,000858,11:10:27,75.8100,36,1
2026-06-23,000858,11:10:30,75.8000,96,2
2026-06-23,000858,11:10:33,75.7800,110,2
2026-06-23,000858,11:10:36,75.7900,495,1
2026-06-23,000858,11:10:39,75.7900,32,1
2026-06-23,000858,11:10:42,75.7800,28,2
2026-06-23,000858,11:10:45,75.7600,19,2
2026-06-23,000858,11:10:48,75.7600,21,2
2026-06-23,000858,11:10:51,75.7700,108,1
2026-06-23,000858,11:10:54,75.7600,21,2
2026-06-23,000858,11:10:57,75.7700,46,1
2026-06-23,000858,11:11:00,75.7700,37,2
2026-06-23,000858,11:11:03,75.7700,11,2
2026-06-23,000858,11:11:06,75.7600,32,2
2026-06-23,000858,11:11:09,75.7800,87,1
2026-06-23,000858,11:11:12,75.7800,19,1
2026-06-23,000858,11:11:15,75.7700,31,2
2026-06-23,000858,11:11:18,75.7700,18,2
2026-06-23,000858,11:11:21,75.7800,80,1
2026-06-23,000858,11:11:24,75.7900,88,1
2026-06-23,000858,11:11:27,75.7900,40,1
2026-06-23,000858,11:11:30,75.8000,1,1
2026-06-23,000858,11:11:33,75.8000,18,1
2026-06-23,000858,11:11:36,75.8000,33,1
2026-06-23,000858,11:11:39,75.8100,12,1
2026-06-23,000858,11:11:42,75.8100,9,1
2026-06-23,000858,11:11:45,75.7900,83,2
2026-06-23,000858,11:11:48,75.7800,69,2
2026-06-23,000858,11:11:51,75.8000,124,1
2026-06-23,000858,11:11:54,75.8000,25,2
2026-06-23,000858,11:11:57,75.8100,18,1
2026-06-23,000858,11:12:00,75.8100,11,1
2026-06-23,000858,11:12:03,75.8100,18,1
2026-06-23,000858,11:12:06,75.8000,14,2
2026-06-23,000858,11:12:09,75.8100,73,1
2026-06-23,000858,11:12:12,75.8100,54,2
2026-06-23,000858,11:12:15,75.8100,10,2
2026-06-23,000858,11:12:18,75.8100,22,2
2026-06-23,000858,11:12:21,75.8000,26,2
2026-06-23,000858,11:12:24,75.8000,21,2
2026-06-23,000858,11:12:27,75.8000,17,2
2026-06-23,000858,11:12:30,75.8100,81,1
2026-06-23,000858,11:12:33,75.8000,26,2
2026-06-23,000858,11:12:36,75.8100,10,1
2026-06-23,000858,11:12:39,75.8100,111,1
2026-06-23,000858,11:12:42,75.8100,47,1
2026-06-23,000858,11:12:45,75.8100,21,2
2026-06-23,000858,11:12:48,75.8100,56,2
2026-06-23,000858,11:12:51,75.8100,45,2
2026-06-23,000858,11:12:54,75.8100,51,1
2026-06-23,000858,11:12:57,75.8200,72,1
2026-06-23,000858,11:13:00,75.8200,20,1
2026-06-23,000858,11:13:03,75.8200,76,1
2026-06-23,000858,11:13:06,75.8100,10,4
2026-06-23,000858,11:13:09,75.8000,37,2
2026-06-23,000858,11:13:12,75.8200,60,1
2026-06-23,000858,11:13:15,75.8000,12,2
2026-06-23,000858,11:13:18,75.8000,15,1
2026-06-23,000858,11:13:21,75.7900,30,2
2026-06-23,000858,11:13:24,75.8000,10,1
2026-06-23,000858,11:13:27,75.7900,31,2
2026-06-23,000858,11:13:30,75.8000,143,1
2026-06-23,000858,11:13:33,75.7900,29,2
2026-06-23,000858,11:13:36,75.7900,44,2
2026-06-23,000858,11:13:39,75.7900,62,2
2026-06-23,000858,11:13:42,75.7900,25,2
2026-06-23,000858,11:13:45,75.7900,19,1
2026-06-23,000858,11:13:48,75.7800,28,2
2026-06-23,000858,11:13:51,75.7600,392,2
2026-06-23,000858,11:13:54,75.7600,105,2
2026-06-23,000858,11:13:57,75.7700,71,1
2026-06-23,000858,11:14:00,75.7600,80,2
2026-06-23,000858,11:14:03,75.7500,68,2
2026-06-23,000858,11:14:06,75.7500,45,2
2026-06-23,000858,11:14:09,75.7600,47,1
2026-06-23,000858,11:14:12,75.7600,27,1
2026-06-23,000858,11:14:15,75.7500,52,2
2026-06-23,000858,11:14:18,75.7500,15,2
2026-06-23,000858,11:14:21,75.7500,46,2
2026-06-23,000858,11:14:24,75.7600,10,1
2026-06-23,000858,11:14:27,75.7500,24,2
2026-06-23,000858,11:14:30,75.7600,34,1
2026-06-23,000858,11:14:33,75.7500,20,2
2026-06-23,000858,11:14:36,75.7500,33,2
2026-06-23,000858,11:14:39,75.7600,24,1
2026-06-23,000858,11:14:42,75.7600,33,1
2026-06-23,000858,11:14:45,75.7600,49,2
2026-06-23,000858,11:14:48,75.7700,12,1
2026-06-23,000858,11:14:51,75.7600,12,4
2026-06-23,000858,11:14:54,75.7600,51,2
2026-06-23,000858,11:14:57,75.7600,30,1
2026-06-23,000858,11:15:00,75.7700,90,4
2026-06-23,000858,11:15:03,75.7600,11,2
2026-06-23,000858,11:15:06,75.7700,6,1
2026-06-23,000858,11:15:09,75.7600,15,2
2026-06-23,000858,11:15:12,75.7700,26,1
2026-06-23,000858,11:15:15,75.7700,16,1
2026-06-23,000858,11:15:18,75.7700,15,1
2026-06-23,000858,11:15:21,75.7700,19,1
2026-06-23,000858,11:15:24,75.7700,33,1
2026-06-23,000858,11:15:27,75.7700,53,1
2026-06-23,000858,11:15:30,75.7600,15,2
2026-06-23,000858,11:15:33,75.7700,33,1
2026-06-23,000858,11:15:36,75.7800,78,1
2026-06-23,000858,11:15:39,75.7800,51,4
2026-06-23,000858,11:15:42,75.7800,59,1
2026-06-23,000858,11:15:45,75.7700,61,2
2026-06-23,000858,11:15:48,75.7700,9,2
2026-06-23,000858,11:15:51,75.7700,49,2
2026-06-23,000858,11:15:54,75.7700,49,1
2026-06-23,000858,11:15:57,75.7700,43,1
2026-06-23,000858,11:16:00,75.7700,32,2
2026-06-23,000858,11:16:03,75.7700,21,2
2026-06-23,000858,11:16:06,75.7700,190,2
2026-06-23,000858,11:16:09,75.7700,29,4
2026-06-23,000858,11:16:12,75.7700,47,1
2026-06-23,000858,11:16:15,75.7700,15,1
2026-06-23,000858,11:16:18,75.7700,12,2
2026-06-23,000858,11:16:21,75.7700,33,2
2026-06-23,000858,11:16:24,75.7800,26,1
2026-06-23,000858,11:16:27,75.7800,9,1
2026-06-23,000858,11:16:30,75.7800,12,1
2026-06-23,000858,11:16:33,75.7900,71,1
2026-06-23,000858,11:16:36,75.7800,11,2
2026-06-23,000858,11:16:39,75.7900,6,1
2026-06-23,000858,11:16:42,75.7900,9,1
2026-06-23,000858,11:16:45,75.7900,48,1
2026-06-23,000858,11:16:48,75.8000,18,1
2026-06-23,000858,11:16:51,75.7900,36,2
2026-06-23,000858,11:16:54,75.8000,33,1
2026-06-23,000858,11:16:57,75.8000,64,1
2026-06-23,000858,11:17:00,75.7900,31,2
2026-06-23,000858,11:17:03,75.7900,126,1
2026-06-23,000858,11:17:06,75.8000,5,4
2026-06-23,000858,11:17:09,75.8000,11,2
2026-06-23,000858,11:17:12,75.8000,19,2
2026-06-23,000858,11:17:15,75.8000,29,2
2026-06-23,000858,11:17:18,75.7900,352,2
2026-06-23,000858,11:17:21,75.7300,290,2
2026-06-23,000858,11:17:24,75.7500,35,1
2026-06-23,000858,11:17:27,75.7300,50,2
2026-06-23,000858,11:17:30,75.7300,65,2
2026-06-23,000858,11:17:33,75.7400,3,1
2026-06-23,000858,11:17:36,75.7400,15,1
2026-06-23,000858,11:17:39,75.7400,58,1
2026-06-23,000858,11:17:42,75.7500,9,1
2026-06-23,000858,11:17:45,75.7400,57,2
2026-06-23,000858,11:17:48,75.7500,21,1
2026-06-23,000858,11:17:51,75.7500,29,2
2026-06-23,000858,11:17:54,75.7600,22,1
2026-06-23,000858,11:17:57,75.7600,34,1
2026-06-23,000858,11:18:00,75.8000,43,1
2026-06-23,000858,11:18:03,75.8000,13,1
2026-06-23,000858,11:18:06,75.8000,18,1
2026-06-23,000858,11:18:09,75.8000,11,1
2026-06-23,000858,11:18:12,75.8000,21,2
2026-06-23,000858,11:18:15,75.8000,10,2
2026-06-23,000858,11:18:18,75.8000,26,2
