date,code,time,price,volume,bs
2026-05-18,000001,14:05:30,10.8300,81,2
2026-05-18,000001,14:05:33,10.8300,80,2
2026-05-18,000001,14:05:36,10.8300,176,2
2026-05-18,000001,14:05:39,10.8300,94,2
2026-05-18,000001,14:05:42,10.8300,59,2
2026-05-18,000001,14:05:45,10.8400,57,1
2026-05-18,000001,14:05:51,10.8400,3,1
2026-05-18,000001,14:05:54,10.8300,21,2
2026-05-18,000001,14:05:57,10.8400,85,1
2026-05-18,000001,14:06:00,10.8400,18,1
2026-05-18,000001,14:06:03,10.8400,75,1
2026-05-18,000001,14:06:06,10.8400,5,1
2026-05-18,000001,14:06:09,10.8300,83,2
2026-05-18,000001,14:06:12,10.8400,20,1
2026-05-18,000001,14:06:15,10.8400,112,1
2026-05-18,000001,14:06:18,10.8400,333,1
2026-05-18,000001,14:06:21,10.8300,90,2
2026-05-18,000001,14:06:24,10.8400,173,1
2026-05-18,000001,14:06:27,10.8400,4,1
2026-05-18,000001,14:06:30,10.8400,89,1
2026-05-18,000001,14:06:33,10.8400,56,1
2026-05-18,000001,14:06:36,10.8400,24,1
2026-05-18,000001,14:06:39,10.8400,31,1
2026-05-18,000001,14:06:42,10.8400,16,1
2026-05-18,000001,14:06:45,10.8300,136,2
2026-05-18,000001,14:06:48,10.8400,75,1
2026-05-18,000001,14:06:51,10.8300,4,2
2026-05-18,000001,14:06:54,10.8400,34,1
2026-05-18,000001,14:06:57,10.8400,12,1
2026-05-18,000001,14:07:00,10.8400,19,1
2026-05-18,000001,14:07:03,10.8300,9,2
2026-05-18,000001,14:07:06,10.8400,26,1
2026-05-18,000001,14:07:09,10.8400,137,1
2026-05-18,000001,14:07:12,10.8400,63,1
2026-05-18,000001,14:07:15,10.8400,52,1
2026-05-18,000001,14:07:18,10.8400,31,1
2026-05-18,000001,14:07:21,10.8400,212,1
2026-05-18,000001,14:07:24,10.8400,13,1
2026-05-18,000001,14:07:27,10.8400,38,1
2026-05-18,000001,14:07:30,10.8400,722,1
2026-05-18,000001,14:07:33,10.8400,205,1
2026-05-18,000001,14:07:36,10.8400,15,1
2026-05-18,000001,14:07:39,10.8400,81,1
2026-05-18,000001,14:07:42,10.8400,20,1
2026-05-18,000001,14:07:45,10.8400,76,1
2026-05-18,000001,14:07:48,10.8400,64,1
2026-05-18,000001,14:07:51,10.8400,15,1
2026-05-18,000001,14:07:54,10.8300,16,2
2026-05-18,000001,14:07:57,10.8400,106,1
2026-05-18,000001,14:08:00,10.8300,4,2
2026-05-18,000001,14:08:03,10.8300,436,2
2026-05-18,000001,14:08:06,10.8400,100,1
2026-05-18,000001,14:08:09,10.8300,97,2
2026-05-18,000001,14:08:12,10.8400,145,1
2026-05-18,000001,14:08:15,10.8300,77,2
2026-05-18,000001,14:08:18,10.8300,35,2
2026-05-18,000001,14:08:21,10.8300,3,2
2026-05-18,000001,14:08:24,10.8400,2,1
2026-05-18,000001,14:08:27,10.8400,53,1
2026-05-18,000001,14:08:30,10.8400,61,1
2026-05-18,000001,14:08:33,10.8400,129,1
2026-05-18,000001,14:08:36,10.8400,66,1
2026-05-18,000001,14:08:39,10.8400,4,1
2026-05-18,000001,14:08:42,10.8400,305,1
2026-05-18,000001,14:08:45,10.8400,35,1
2026-05-18,000001,14:08:48,10.8300,134,2
2026-05-18,000001,14:08:51,10.8400,49,1
2026-05-18,000001,14:08:54,10.8400,8,1
2026-05-18,000001,14:08:57,10.8400,32,1
2026-05-18,000001,14:09:00,10.8400,28,1
2026-05-18,000001,14:09:03,10.8300,147,2
2026-05-18,000001,14:09:06,10.8400,30,1
2026-05-18,000001,14:09:09,10.8400,70,1
2026-05-18,000001,14:09:12,10.8400,62,1
2026-05-18,000001,14:09:15,10.8300,86,2
2026-05-18,000001,14:09:18,10.8400,14,1
2026-05-18,000001,14:09:21,10.8400,101,1
2026-05-18,000001,14:09:24,10.8300,20,2
2026-05-18,000001,14:09:27,10.8400,58,1
2026-05-18,000001,14:09:30,10.8400,75,1
2026-05-18,000001,14:09:33,10.8400,16,1
2026-05-18,000001,14:09:36,10.8400,216,1
2026-05-18,000001,14:09:39,10.8400,37,1
2026-05-18,000001,14:09:42,10.8300,20,2
2026-05-18,000001,14:09:45,10.8400,25,1
2026-05-18,000001,14:09:48,10.8400,6,1
2026-05-18,000001,14:09:51,10.8300,132,2
2026-05-18,000001,14:09:54,10.8400,52,1
2026-05-18,000001,14:09:57,10.8400,2918,1
2026-05-18,000001,14:10:00,10.8400,236,1
2026-05-18,000001,14:10:03,10.8300,150,2
2026-05-18,000001,14:10:06,10.8300,91,2
2026-05-18,000001,14:10:09,10.8400,1137,1
2026-05-18,000001,14:10:12,10.8400,391,1
2026-05-18,000001,14:10:15,10.8400,50,1
2026-05-18,000001,14:10:18,10.8400,197,1
2026-05-18,000001,14:10:21,10.8400,121,1
2026-05-18,000001,14:10:24,10.8300,61,2
2026-05-18,000001,14:10:27,10.8300,189,2
2026-05-18,000001,14:10:30,10.8400,6,1
2026-05-18,000001,14:10:33,10.8300,58,2
2026-05-18,000001,14:10:36,10.8400,57,1
2026-05-18,000001,14:10:39,10.8300,103,2
2026-05-18,000001,14:10:42,10.8300,54,2
2026-05-18,000001,14:10:45,10.8300,312,2
2026-05-18,000001,14:10:48,10.8400,24,1
2026-05-18,000001,14:10:51,10.8400,9,1
2026-05-18,000001,14:10:54,10.8300,201,2
2026-05-18,000001,14:10:57,10.8400,10,1
2026-05-18,000001,14:11:00,10.8300,29,2
2026-05-18,000001,14:11:03,10.8400,10,1
2026-05-18,000001,14:11:06,10.8400,2,1
2026-05-18,000001,14:11:12,10.8400,59,1
2026-05-18,000001,14:11:15,10.8300,26,2
2026-05-18,000001,14:11:18,10.8300,14,2
2026-05-18,000001,14:11:21,10.8400,1,1
2026-05-18,000001,14:11:24,10.8300,7,2
2026-05-18,000001,14:11:27,10.8400,102,1
2026-05-18,000001,14:11:30,10.8400,6,1
2026-05-18,000001,14:11:33,10.8400,10,1
2026-05-18,000001,14:11:36,10.8300,28,2
2026-05-18,000001,14:11:39,10.8400,2,1
2026-05-18,000001,14:11:42,10.8400,52,1
2026-05-18,000001,14:11:45,10.8300,19,2
2026-05-18,000001,14:11:48,10.8300,146,2
2026-05-18,000001,14:11:51,10.8300,65,2
2026-05-18,000001,14:11:54,10.8400,178,1
2026-05-18,000001,14:11:57,10.8400,201,1
2026-05-18,000001,14:12:00,10.8400,81,1
2026-05-18,000001,14:12:03,10.8400,41,1
2026-05-18,000001,14:12:06,10.8400,56,1
2026-05-18,000001,14:12:09,10.8400,30,1
2026-05-18,000001,14:12:12,10.8300,29,2
2026-05-18,000001,14:12:15,10.8400,38,1
2026-05-18,000001,14:12:18,10.8300,29,2
2026-05-18,000001,14:12:21,10.8300,31,2
2026-05-18,000001,14:12:24,10.8300,24,2
2026-05-18,000001,14:12:27,10.8400,59,1
2026-05-18,000001,14:12:30,10.8300,18,2
2026-05-18,000001,14:12:33,10.8300,21,2
2026-05-18,000001,14:12:36,10.8300,21,2
2026-05-18,000001,14:12:39,10.8300,8,2
2026-05-18,000001,14:12:42,10.8300,7,2
2026-05-18,000001,14:12:45,10.8300,4,2
2026-05-18,000001,14:12:48,10.8400,2,1
2026-05-18,000001,14:12:51,10.8400,8,1
2026-05-18,000001,14:12:54,10.8400,102,1
2026-05-18,000001,14:12:57,10.8300,41,2
2026-05-18,000001,14:13:00,10.8300,98,2
2026-05-18,000001,14:13:03,10.8300,48,2
2026-05-18,000001,14:13:06,10.8300,59,2
2026-05-18,000001,14:13:09,10.8300,280,2
2026-05-18,000001,14:13:12,10.8300,209,2
2026-05-18,000001,14:13:15,10.8300,185,2
2026-05-18,000001,14:13:18,10.8300,360,2
2026-05-18,000001,14:13:21,10.8400,151,1
2026-05-18,000001,14:13:24,10.8400,36,1
2026-05-18,000001,14:13:27,10.8400,2,1
2026-05-18,000001,14:13:30,10.8400,10,1
2026-05-18,000001,14:13:33,10.8400,52,1
2026-05-18,000001,14:13:36,10.8300,136,2
2026-05-18,000001,14:13:39,10.8400,24,1
2026-05-18,000001,14:13:42,10.8400,16,1
2026-05-18,000001,14:13:45,10.8400,178,1
2026-05-18,000001,14:13:48,10.8400,118,1
2026-05-18,000001,14:13:51,10.8400,117,1
2026-05-18,000001,14:13:54,10.8300,25,2
2026-05-18,000001,14:13:57,10.8400,27,1
2026-05-18,000001,14:14:00,10.8300,14,2
2026-05-18,000001,14:14:03,10.8400,6,1
2026-05-18,000001,14:14:06,10.8400,85,1
2026-05-18,000001,14:14:09,10.8300,233,2
2026-05-18,000001,14:14:12,10.8300,99,2
2026-05-18,000001,14:14:15,10.8300,201,2
2026-05-18,000001,14:14:18,10.8300,9,2
2026-05-18,000001,14:14:21,10.8400,22,1
2026-05-18,000001,14:14:24,10.8300,104,2
2026-05-18,000001,14:14:27,10.8400,9,1
2026-05-18,000001,14:14:33,10.8400,208,1
2026-05-18,000001,14:14:36,10.8400,43,1
2026-05-18,000001,14:14:39,10.8300,96,2
2026-05-18,000001,14:14:42,10.8300,150,2
2026-05-18,000001,14:14:45,10.8400,122,1
2026-05-18,000001,14:14:48,10.8300,2212,2
2026-05-18,000001,14:14:51,10.8400,69,1
2026-05-18,000001,14:14:54,10.8300,2,2
2026-05-18,000001,14:14:57,10.8400,13,1
2026-05-18,000001,14:15:00,10.8300,10,2
2026-05-18,000001,14:15:03,10.8300,111,2
2026-05-18,000001,14:15:06,10.8400,33,1
2026-05-18,000001,14:15:09,10.8400,1560,1
2026-05-18,000001,14:15:12,10.8400,55,1
2026-05-18,000001,14:15:15,10.8300,46,2
2026-05-18,000001,14:15:18,10.8400,193,1
2026-05-18,000001,14:15:21,10.8400,47,1
2026-05-18,000001,14:15:24,10.8400,28,1
2026-05-18,000001,14:15:27,10.8300,4,2
2026-05-18,000001,14:15:30,10.8400,511,1
2026-05-18,000001,14:15:33,10.8300,18,2
2026-05-18,000001,14:15:36,10.8400,181,1
2026-05-18,000001,14:15:39,10.8400,12,1
2026-05-18,000001,14:15:42,10.8400,1,1
2026-05-18,000001,14:15:45,10.8400,515,1
2026-05-18,000001,14:15:48,10.8400,36,1
2026-05-18,000001,14:15:51,10.8300,11,2
2026-05-18,000001,14:15:54,10.8300,90,2
2026-05-18,000001,14:15:57,10.8300,18,2
2026-05-18,000001,14:16:00,10.8400,2,1
2026-05-18,000001,14:16:03,10.8400,2,1
2026-05-18,000001,14:16:06,10.8300,26,2
2026-05-18,000001,14:16:09,10.8300,355,2
2026-05-18,000001,14:16:12,10.8300,10,2
2026-05-18,000001,14:16:15,10.8300,1,2
2026-05-18,000001,14:16:18,10.8400,23,1
2026-05-18,000001,14:16:21,10.8300,48,2
2026-05-18,000001,14:16:24,10.8300,52,2
2026-05-18,000001,14:16:27,10.8400,25,1
2026-05-18,000001,14:16:30,10.8400,21,1
2026-05-18,000001,14:16:33,10.8400,4,1
2026-05-18,000001,14:16:36,10.8400,11,1
2026-05-18,000001,14:16:39,10.8400,331,1
2026-05-18,000001,14:16:42,10.8400,34,1
2026-05-18,000001,14:16:45,10.8400,4,1
2026-05-18,000001,14:16:48,10.8400,16,1
2026-05-18,000001,14:16:51,10.8400,7,1
2026-05-18,000001,14:16:57,10.8400,30,1
2026-05-18,000001,14:17:00,10.8300,2,2
2026-05-18,000001,14:17:03,10.8400,1,1
2026-05-18,000001,14:17:06,10.8400,5,1
2026-05-18,000001,14:17:09,10.8400,55,1
2026-05-18,000001,14:17:12,10.8300,3,2
2026-05-18,000001,14:17:15,10.8300,23,2
2026-05-18,000001,14:17:18,10.8400,33,1
2026-05-18,000001,14:17:21,10.8300,1,2
2026-05-18,000001,14:17:24,10.8400,1,1
2026-05-18,000001,14:17:27,10.8300,310,2
2026-05-18,000001,14:17:30,10.8300,9,2
2026-05-18,000001,14:17:33,10.8400,80,1
2026-05-18,000001,14:17:36,10.8400,209,1
2026-05-18,000001,14:17:39,10.8400,12,1
2026-05-18,000001,14:17:42,10.8400,325,1
2026-05-18,000001,14:17:45,10.8400,74,1
2026-05-18,000001,14:17:48,10.8400,204,1
2026-05-18,000001,14:17:51,10.8300,246,2
2026-05-18,000001,14:17:54,10.8400,139,1
2026-05-18,000001,14:17:57,10.8400,9,1
2026-05-18,000001,14:18:00,10.8300,183,2
2026-05-18,000001,14:18:03,10.8300,691,2
2026-05-18,000001,14:18:06,10.8400,712,1
2026-05-18,000001,14:18:09,10.8300,31,2
2026-05-18,000001,14:18:12,10.8300,50,2
2026-05-18,000001,14:18:15,10.8400,61,1
2026-05-18,000001,14:18:18,10.8300,172,2
2026-05-18,000001,14:18:21,10.8400,68,1
2026-05-18,000001,14:18:24,10.8300,140,2
2026-05-18,000001,14:18:27,10.8300,4,2
2026-05-18,000001,14:18:30,10.8300,31,2
2026-05-18,000001,14:18:33,10.8300,22,2
2026-05-18,000001,14:18:36,10.8400,81,1
2026-05-18,000001,14:18:39,10.8400,26,1
2026-05-18,000001,14:18:42,10.8400,29,1
2026-05-18,000001,14:18:45,10.8400,14,1
2026-05-18,000001,14:18:48,10.8400,2,1
2026-05-18,000001,14:18:51,10.8400,55,1
2026-05-18,000001,14:18:54,10.8400,143,1
2026-05-18,000001,14:18:57,10.8300,5,2
2026-05-18,000001,14:19:00,10.8300,57,2
2026-05-18,000001,14:19:03,10.8300,22,2
2026-05-18,000001,14:19:06,10.8300,36,2
2026-05-18,000001,14:19:09,10.8300,249,2
2026-05-18,000001,14:19:12,10.8300,182,2
2026-05-18,000001,14:19:15,10.8300,53,2
2026-05-18,000001,14:19:18,10.8400,63,1
2026-05-18,000001,14:19:21,10.8400,21,1
2026-05-18,000001,14:19:24,10.8400,3,1
2026-05-18,000001,14:19:27,10.8400,13,1
2026-05-18,000001,14:19:30,10.8400,47,1
2026-05-18,000001,14:19:33,10.8400,63,1
2026-05-18,000001,14:19:36,10.8400,13,1
2026-05-18,000001,14:19:39,10.8400,331,1
2026-05-18,000001,14:19:42,10.8400,14,1
2026-05-18,000001,14:19:45,10.8300,116,2
2026-05-18,000001,14:19:48,10.8400,14,1
2026-05-18,000001,14:19:51,10.8300,10,2
2026-05-18,000001,14:19:54,10.8400,72,1
2026-05-18,000001,14:19:57,10.8300,102,2
2026-05-18,000001,14:20:00,10.8300,45,2
2026-05-18,000001,14:20:03,10.8300,66,2
2026-05-18,000001,14:20:06,10.8400,10,1
2026-05-18,000001,14:20:09,10.8400,13,1
2026-05-18,000001,14:20:15,10.8300,137,2
2026-05-18,000001,14:20:18,10.8400,39,1
2026-05-18,000001,14:20:21,10.8300,1,2
2026-05-18,000001,14:20:24,10.8300,498,2
2026-05-18,000001,14:20:27,10.8400,23,1
2026-05-18,000001,14:20:30,10.8300,3,2
2026-05-18,000001,14:20:33,10.8300,70,2
2026-05-18,000001,14:20:36,10.8400,11,1
2026-05-18,000001,14:20:39,10.8400,14,1
2026-05-18,000001,14:20:42,10.8400,5,1
2026-05-18,000001,14:20:45,10.8300,1,2
2026-05-18,000001,14:20:48,10.8300,10,2
2026-05-18,000001,14:20:51,10.8300,54,2
2026-05-18,000001,14:20:54,10.8400,39,1
2026-05-18,000001,14:20:57,10.8400,3,1
2026-05-18,000001,14:21:00,10.8400,194,1
2026-05-18,000001,14:21:03,10.8400,61,1
2026-05-18,000001,14:21:06,10.8400,33,1
2026-05-18,000001,14:21:09,10.8400,29,1
2026-05-18,000001,14:21:12,10.8300,15,2
2026-05-18,000001,14:21:15,10.8300,1,2
2026-05-18,000001,14:21:18,10.8400,4,1
2026-05-18,000001,14:21:24,10.8300,128,2
2026-05-18,000001,14:21:27,10.8400,54,1
2026-05-18,000001,14:21:30,10.8400,28,1
2026-05-18,000001,14:21:33,10.8400,62,1
2026-05-18,000001,14:21:36,10.8400,8,1
2026-05-18,000001,14:21:39,10.8400,3,1
2026-05-18,000001,14:21:42,10.8300,84,2
2026-05-18,000001,14:21:45,10.8400,15,1
2026-05-18,000001,14:21:48,10.8400,72,1
2026-05-18,000001,14:21:51,10.8400,3,1
2026-05-18,000001,14:21:54,10.8400,19,1
2026-05-18,000001,14:21:57,10.8400,645,1
2026-05-18,000001,14:22:00,10.8400,102,1
2026-05-18,000001,14:22:03,10.8400,17,1
2026-05-18,000001,14:22:06,10.8400,27,1
2026-05-18,000001,14:22:09,10.8400,283,1
2026-05-18,000001,14:22:12,10.8300,16,2
2026-05-18,000001,14:22:15,10.8400,4,1
2026-05-18,000001,14:22:18,10.8400,43,1
2026-05-18,000001,14:22:21,10.8300,27,2
2026-05-18,000001,14:22:24,10.8300,2,2
2026-05-18,000001,14:22:27,10.8400,34,1
2026-05-18,000001,14:22:30,10.8300,16,2
2026-05-18,000001,14:22:33,10.8400,49,1
2026-05-18,000001,14:22:36,10.8300,93,2
2026-05-18,000001,14:22:39,10.8400,4,1
2026-05-18,000001,14:22:42,10.8300,80,2
2026-05-18,000001,14:22:45,10.8300,13,2
2026-05-18,000001,14:22:48,10.8300,1,2
2026-05-18,000001,14:22:51,10.8400,100,1
2026-05-18,000001,14:22:54,10.8300,249,2
2026-05-18,000001,14:22:57,10.8400,18,1
2026-05-18,000001,14:23:00,10.8400,113,1
2026-05-18,000001,14:23:03,10.8300,62,2
2026-05-18,000001,14:23:06,10.8400,575,1
2026-05-18,000001,14:23:09,10.8400,50,1
2026-05-18,000001,14:23:12,10.8300,107,2
2026-05-18,000001,14:23:15,10.8400,5,1
2026-05-18,000001,14:23:18,10.8400,15,1
2026-05-18,000001,14:23:21,10.8300,36,2
2026-05-18,000001,14:23:24,10.8300,2,2
2026-05-18,000001,14:23:33,10.8300,14,2
2026-05-18,000001,14:23:36,10.8300,46,2
2026-05-18,000001,14:23:39,10.8400,70,1
2026-05-18,000001,14:23:42,10.8300,79,2
2026-05-18,000001,14:23:45,10.8400,87,1
2026-05-18,000001,14:23:48,10.8400,227,1
2026-05-18,000001,14:23:51,10.8300,1850,2
2026-05-18,000001,14:23:54,10.8300,340,2
2026-05-18,000001,14:23:57,10.8300,216,2
2026-05-18,000001,14:24:00,10.8300,253,2
2026-05-18,000001,14:24:03,10.8300,23,2
2026-05-18,000001,14:24:06,10.8300,190,2
2026-05-18,000001,14:24:12,10.8300,61,2
2026-05-18,000001,14:24:15,10.8400,52,1
2026-05-18,000001,14:24:18,10.8400,15,1
2026-05-18,000001,14:24:21,10.8400,154,1
2026-05-18,000001,14:24:24,10.8300,185,2
2026-05-18,000001,14:24:27,10.8400,24,1
2026-05-18,000001,14:24:30,10.8400,164,1
2026-05-18,000001,14:24:33,10.8400,19,1
2026-05-18,000001,14:24:36,10.8400,92,1
2026-05-18,000001,14:24:39,10.8400,101,1
2026-05-18,000001,14:24:45,10.8300,12,2
2026-05-18,000001,14:24:48,10.8300,100,2
2026-05-18,000001,14:24:51,10.8300,321,2
2026-05-18,000001,14:24:54,10.8300,192,2
2026-05-18,000001,14:24:57,10.8300,602,2
2026-05-18,000001,14:25:00,10.8300,521,2
2026-05-18,000001,14:25:03,10.8300,11,2
2026-05-18,000001,14:25:06,10.8300,206,2
2026-05-18,000001,14:25:09,10.8400,37,1
2026-05-18,000001,14:25:12,10.8300,303,2
2026-05-18,000001,14:25:15,10.8300,175,2
2026-05-18,000001,14:25:18,10.8300,301,2
2026-05-18,000001,14:25:21,10.8300,149,2
2026-05-18,000001,14:25:24,10.8300,1643,2
2026-05-18,000001,14:25:27,10.8300,695,2
2026-05-18,000001,14:25:30,10.8300,604,1
2026-05-18,000001,14:25:33,10.8400,175,1
2026-05-18,000001,14:25:36,10.8300,143,2
2026-05-18,000001,14:25:39,10.8300,10,2
2026-05-18,000001,14:25:42,10.8300,136,2
2026-05-18,000001,14:25:45,10.8300,78,2
2026-05-18,000001,14:25:48,10.8300,8,2
2026-05-18,000001,14:25:51,10.8400,2,1
2026-05-18,000001,14:25:54,10.8300,81,2
2026-05-18,000001,14:25:57,10.8300,77,2
2026-05-18,000001,14:26:00,10.8300,1,2
2026-05-18,000001,14:26:06,10.8300,2,2
2026-05-18,000001,14:26:09,10.8400,54,1
2026-05-18,000001,14:26:12,10.8400,12,1
2026-05-18,000001,14:26:18,10.8400,62,1
2026-05-18,000001,14:26:24,10.8300,1,2
2026-05-18,000001,14:26:27,10.8400,27,1
2026-05-18,000001,14:26:30,10.8400,12,1
2026-05-18,000001,14:26:33,10.8300,1663,2
2026-05-18,000001,14:26:36,10.8400,75,1
2026-05-18,000001,14:26:39,10.8400,61,1
2026-05-18,000001,14:26:42,10.8400,2,1
2026-05-18,000001,14:26:45,10.8300,32,2
2026-05-18,000001,14:26:48,10.8400,53,1
2026-05-18,000001,14:26:51,10.8300,3,2
2026-05-18,000001,14:26:54,10.8400,114,1
2026-05-18,000001,14:26:57,10.8400,4,1
2026-05-18,000001,14:27:00,10.8400,20,1
2026-05-18,000001,14:27:03,10.8300,49,2
2026-05-18,000001,14:27:06,10.8300,266,2
2026-05-18,000001,14:27:09,10.8300,41,2
2026-05-18,000001,14:27:12,10.8400,40,1
2026-05-18,000001,14:27:15,10.8400,12,1
2026-05-18,000001,14:27:18,10.8300,55,2
2026-05-18,000001,14:27:24,10.8400,77,1
2026-05-18,000001,14:27:27,10.8400,248,1
2026-05-18,000001,14:27:30,10.8300,44,2
2026-05-18,000001,14:27:33,10.8400,4,1
2026-05-18,000001,14:27:36,10.8400,16,1
2026-05-18,000001,14:27:42,10.8400,12,1
2026-05-18,000001,14:27:45,10.8400,2,1
2026-05-18,000001,14:27:48,10.8300,55,2
2026-05-18,000001,14:27:51,10.8300,2750,2
2026-05-18,000001,14:27:54,10.8300,2813,1
2026-05-18,000001,14:27:57,10.8300,300,1
2026-05-18,000001,14:28:00,10.8300,983,1
2026-05-18,000001,14:28:03,10.8300,270,1
2026-05-18,000001,14:28:06,10.8200,271,2
2026-05-18,000001,14:28:09,10.8300,475,1
2026-05-18,000001,14:28:12,10.8300,300,2
2026-05-18,000001,14:28:15,10.8300,18,2
2026-05-18,000001,14:28:18,10.8400,14,1
2026-05-18,000001,14:28:21,10.8400,6,1
2026-05-18,000001,14:28:27,10.8300,5,2
2026-05-18,000001,14:28:30,10.8400,58,1
2026-05-18,000001,14:28:33,10.8300,16,2
2026-05-18,000001,14:28:36,10.8300,29,2
2026-05-18,000001,14:28:39,10.8300,42,2
2026-05-18,000001,14:28:42,10.8300,234,2
2026-05-18,000001,14:28:45,10.8400,46,1
2026-05-18,000001,14:28:48,10.8300,59,2
2026-05-18,000001,14:28:51,10.8400,34,1
2026-05-18,000001,14:28:57,10.8400,91,1
2026-05-18,000001,14:29:00,10.8300,68,2
2026-05-18,000001,14:29:03,10.8300,13,2
2026-05-18,000001,14:29:06,10.8400,12,1
2026-05-18,000001,14:29:09,10.8300,1,2
2026-05-18,000001,14:29:12,10.8400,188,1
2026-05-18,000001,14:29:18,10.8300,6,2
2026-05-18,000001,14:29:21,10.8300,6,2
2026-05-18,000001,14:29:24,10.8400,71,1
2026-05-18,000001,14:29:27,10.8400,13,1
2026-05-18,000001,14:29:30,10.8400,52,1
2026-05-18,000001,14:29:33,10.8300,28,2
2026-05-18,000001,14:29:36,10.8300,55,2
2026-05-18,000001,14:29:39,10.8300,1005,2
2026-05-18,000001,14:29:42,10.8300,531,2
2026-05-18,000001,14:29:45,10.8300,118,1
2026-05-18,000001,14:29:48,10.8300,365,1
2026-05-18,000001,14:29:51,10.8300,19,1
2026-05-18,000001,14:29:54,10.8300,196,1
2026-05-18,000001,14:29:57,10.8300,110,1
2026-05-18,000001,14:30:00,10.8300,75,1
2026-05-18,000001,14:30:03,10.8300,314,1
2026-05-18,000001,14:30:06,10.8200,69,2
2026-05-18,000001,14:30:09,10.8300,1,1
2026-05-18,000001,14:30:12,10.8200,6,2
2026-05-18,000001,14:30:15,10.8300,24,1
2026-05-18,000001,14:30:18,10.8300,36,1
2026-05-18,000001,14:30:21,10.8300,86,1
2026-05-18,000001,14:30:24,10.8300,24,1
2026-05-18,000001,14:30:27,10.8300,3,1
2026-05-18,000001,14:30:33,10.8300,228,1
2026-05-18,000001,14:30:36,10.8300,28,1
2026-05-18,000001,14:30:39,10.8300,16,1
2026-05-18,000001,14:30:42,10.8300,138,1
2026-05-18,000001,14:30:45,10.8300,41,1
2026-05-18,000001,14:30:48,10.8200,26,2
2026-05-18,000001,14:30:51,10.8300,172,1
2026-05-18,000001,14:30:54,10.8300,319,1
2026-05-18,000001,14:30:57,10.8300,32,1
2026-05-18,000001,14:31:00,10.8300,24,1
2026-05-18,000001,14:31:03,10.8300,230,1
2026-05-18,000001,14:31:06,10.8300,42,1
2026-05-18,000001,14:31:09,10.8300,117,1
2026-05-18,000001,14:31:12,10.8300,41,1
2026-05-18,000001,14:31:15,10.8300,253,1
2026-05-18,000001,14:31:18,10.8300,107,1
2026-05-18,000001,14:31:21,10.8300,21,1
2026-05-18,000001,14:31:24,10.8300,55,1
2026-05-18,000001,14:31:30,10.8300,43,1
2026-05-18,000001,14:31:33,10.8300,113,1
2026-05-18,000001,14:31:36,10.8300,40,1
2026-05-18,000001,14:31:39,10.8300,256,1
2026-05-18,000001,14:31:42,10.8300,66,1
2026-05-18,000001,14:31:45,10.8200,13,2
2026-05-18,000001,14:31:48,10.8300,29,1
2026-05-18,000001,14:31:51,10.8300,144,1
2026-05-18,000001,14:31:54,10.8300,141,1
2026-05-18,000001,14:31:57,10.8300,185,1
2026-05-18,000001,14:32:00,10.8300,10,1
2026-05-18,000001,14:32:03,10.8200,131,2
2026-05-18,000001,14:32:06,10.8300,38,1
2026-05-18,000001,14:32:09,10.8300,51,1
2026-05-18,000001,14:32:12,10.8300,1,1
2026-05-18,000001,14:32:15,10.8300,2,1
2026-05-18,000001,14:32:18,10.8300,13,1
2026-05-18,000001,14:32:21,10.8300,122,1
2026-05-18,000001,14:32:24,10.8300,51,1
2026-05-18,000001,14:32:27,10.8300,101,1
2026-05-18,000001,14:32:30,10.8300,94,1
2026-05-18,000001,14:32:33,10.8300,35,1
2026-05-18,000001,14:32:36,10.8300,106,1
2026-05-18,000001,14:32:39,10.8300,19,1
2026-05-18,000001,14:32:42,10.8300,116,1
2026-05-18,000001,14:32:45,10.8300,4,1
2026-05-18,000001,14:32:48,10.8300,19,1
2026-05-18,000001,14:32:51,10.8300,112,1
2026-05-18,000001,14:32:54,10.8200,14,2
2026-05-18,000001,14:32:57,10.8300,512,1
2026-05-18,000001,14:33:00,10.8300,8,1
2026-05-18,000001,14:33:03,10.8300,42,1
2026-05-18,000001,14:33:06,10.8300,2392,1
2026-05-18,000001,14:33:09,10.8300,67,1
2026-05-18,000001,14:33:12,10.8300,195,1
2026-05-18,000001,14:33:15,10.8300,122,2
2026-05-18,000001,14:33:18,10.8300,13,2
2026-05-18,000001,14:33:21,10.8400,110,1
2026-05-18,000001,14:33:27,10.8400,17,1
2026-05-18,000001,14:33:30,10.8300,116,2
2026-05-18,000001,14:33:33,10.8300,15,2
2026-05-18,000001,14:33:36,10.8300,121,2
2026-05-18,000001,14:33:39,10.8400,22,1
2026-05-18,000001,14:33:42,10.8300,24,2
2026-05-18,000001,14:33:45,10.8300,37,2
2026-05-18,000001,14:33:48,10.8400,1,1
2026-05-18,000001,14:33:51,10.8300,766,2
2026-05-18,000001,14:33:54,10.8300,18,2
2026-05-18,000001,14:33:57,10.8300,153,2
2026-05-18,000001,14:34:00,10.8300,1037,2
2026-05-18,000001,14:34:03,10.8300,2,2
2026-05-18,000001,14:34:06,10.8300,69,2
2026-05-18,000001,14:34:09,10.8300,17,2
2026-05-18,000001,14:34:12,10.8300,6,2
2026-05-18,000001,14:34:15,10.8300,351,2
2026-05-18,000001,14:34:18,10.8300,390,1
2026-05-18,000001,14:34:21,10.8300,93,1
2026-05-18,000001,14:34:24,10.8200,328,2
2026-05-18,000001,14:34:27,10.8300,31,1
2026-05-18,000001,14:34:30,10.8300,10,1
2026-05-18,000001,14:34:33,10.8300,12,1
2026-05-18,000001,14:34:36,10.8300,27,1
2026-05-18,000001,14:34:42,10.8200,32,2
2026-05-18,000001,14:34:45,10.8300,28,1
2026-05-18,000001,14:34:48,10.8300,1068,1
2026-05-18,000001,14:34:51,10.8300,1,1
2026-05-18,000001,14:34:54,10.8200,122,2
2026-05-18,000001,14:34:57,10.8300,41,1
2026-05-18,000001,14:35:00,10.8300,15,1
2026-05-18,000001,14:35:03,10.8300,17,1
2026-05-18,000001,14:35:06,10.8200,30,2
2026-05-18,000001,14:35:09,10.8300,11,1
2026-05-18,000001,14:35:12,10.8300,43,1
2026-05-18,000001,14:35:15,10.8300,28,1
2026-05-18,000001,14:35:18,10.8300,88,1
2026-05-18,000001,14:35:21,10.8300,20,1
2026-05-18,000001,14:35:24,10.8300,29,1
2026-05-18,000001,14:35:27,10.8300,65,1
2026-05-18,000001,14:35:30,10.8300,50,1
2026-05-18,000001,14:35:33,10.8200,22,2
2026-05-18,000001,14:35:36,10.8200,41,2
2026-05-18,000001,14:35:39,10.8300,48,1
2026-05-18,000001,14:35:42,10.8300,55,1
2026-05-18,000001,14:35:45,10.8300,3,1
2026-05-18,000001,14:35:48,10.8300,1047,1
2026-05-18,000001,14:35:54,10.8300,179,1
2026-05-18,000001,14:35:57,10.8200,30,2
2026-05-18,000001,14:36:00,10.8300,200,1
2026-05-18,000001,14:36:03,10.8300,6,1
2026-05-18,000001,14:36:06,10.8300,147,1
2026-05-18,000001,14:36:09,10.8300,90,1
2026-05-18,000001,14:36:12,10.8300,28,1
2026-05-18,000001,14:36:15,10.8300,82,1
2026-05-18,000001,14:36:18,10.8300,72,1
2026-05-18,000001,14:36:21,10.8300,1503,1
2026-05-18,000001,14:36:24,10.8300,70,2
2026-05-18,000001,14:36:27,10.8300,47,2
2026-05-18,000001,14:36:30,10.8400,205,1
2026-05-18,000001,14:36:33,10.8300,30,2
2026-05-18,000001,14:36:36,10.8300,1,2
2026-05-18,000001,14:36:39,10.8300,26,2
2026-05-18,000001,14:36:42,10.8400,82,1
2026-05-18,000001,14:36:45,10.8400,37,1
2026-05-18,000001,14:36:48,10.8400,23,1
2026-05-18,000001,14:36:54,10.8400,14,1
2026-05-18,000001,14:37:00,10.8400,2,1
2026-05-18,000001,14:37:03,10.8300,4,2
2026-05-18,000001,14:37:06,10.8300,6,2
2026-05-18,000001,14:37:09,10.8400,5,1
2026-05-18,000001,14:37:12,10.8300,1,2
2026-05-18,000001,14:37:15,10.8400,69,1
2026-05-18,000001,14:37:18,10.8300,14,2
2026-05-18,000001,14:37:21,10.8400,9,1
2026-05-18,000001,14:37:24,10.8400,11,1
2026-05-18,000001,14:37:27,10.8300,20,2
2026-05-18,000001,14:37:30,10.8400,46,1
2026-05-18,000001,14:37:33,10.8400,200,1
2026-05-18,000001,14:37:36,10.8400,107,1
2026-05-18,000001,14:37:39,10.8400,7,1
2026-05-18,000001,14:37:42,10.8300,29,2
2026-05-18,000001,14:37:45,10.8400,1,1
2026-05-18,000001,14:37:48,10.8300,1,2
2026-05-18,000001,14:37:51,10.8400,38,1
2026-05-18,000001,14:37:54,10.8400,1,1
2026-05-18,000001,14:37:57,10.8400,7,1
2026-05-18,000001,14:38:00,10.8400,130,1
2026-05-18,000001,14:38:03,10.8400,17,1
2026-05-18,000001,14:38:06,10.8400,4,1
2026-05-18,000001,14:38:09,10.8400,26,1
2026-05-18,000001,14:38:12,10.8300,17,2
2026-05-18,000001,14:38:15,10.8400,5,1
2026-05-18,000001,14:38:18,10.8300,115,2
2026-05-18,000001,14:38:21,10.8300,59,2
2026-05-18,000001,14:38:24,10.8300,10,2
2026-05-18,000001,14:38:27,10.8300,10,2
2026-05-18,000001,14:38:30,10.8300,8,2
2026-05-18,000001,14:38:33,10.8400,52,1
2026-05-18,000001,14:38:36,10.8400,53,1
2026-05-18,000001,14:38:39,10.8400,5,1
2026-05-18,000001,14:38:42,10.8400,4,1
2026-05-18,000001,14:38:45,10.8400,31,1
2026-05-18,000001,14:38:48,10.8400,8,1
2026-05-18,000001,14:38:51,10.8400,25,1
2026-05-18,000001,14:38:54,10.8300,11,2
2026-05-18,000001,14:38:57,10.8400,18,1
2026-05-18,000001,14:39:00,10.8300,48,2
2026-05-18,000001,14:39:03,10.8300,14,2
2026-05-18,000001,14:39:06,10.8300,70,2
2026-05-18,000001,14:39:09,10.8300,82,2
2026-05-18,000001,14:39:12,10.8400,1,1
2026-05-18,000001,14:39:15,10.8400,109,1
2026-05-18,000001,14:39:18,10.8400,1,1
2026-05-18,000001,14:39:21,10.8400,12,1
2026-05-18,000001,14:39:24,10.8300,16,2
2026-05-18,000001,14:39:27,10.8400,19,1
2026-05-18,000001,14:39:30,10.8300,40,2
2026-05-18,000001,14:39:33,10.8400,14,1
2026-05-18,000001,14:39:36,10.8300,28,2
2026-05-18,000001,14:39:39,10.8300,53,2
2026-05-18,000001,14:39:42,10.8300,53,2
2026-05-18,000001,14:39:45,10.8400,55,1
2026-05-18,000001,14:39:48,10.8400,3,1
2026-05-18,000001,14:39:51,10.8400,23,1
2026-05-18,000001,14:39:54,10.8300,58,2
2026-05-18,000001,14:39:57,10.8300,290,2
2026-05-18,000001,14:40:00,10.8300,175,2
2026-05-18,000001,14:40:03,10.8300,5011,2
2026-05-18,000001,14:40:06,10.8300,517,2
2026-05-18,000001,14:40:09,10.8300,118,1
2026-05-18,000001,14:40:12,10.8300,125,1
2026-05-18,000001,14:40:15,10.8300,100,1
2026-05-18,000001,14:40:18,10.8300,550,2
2026-05-18,000001,14:40:21,10.8300,152,2
2026-05-18,000001,14:40:24,10.8300,85,2
2026-05-18,000001,14:40:27,10.8300,25,2
2026-05-18,000001,14:40:30,10.8400,51,1
2026-05-18,000001,14:40:33,10.8300,44,2
2026-05-18,000001,14:40:36,10.8300,51,2
2026-05-18,000001,14:40:39,10.8400,25,1
2026-05-18,000001,14:40:42,10.8300,18,2
2026-05-18,000001,14:40:45,10.8300,435,2
2026-05-18,000001,14:40:48,10.8300,165,1
2026-05-18,000001,14:40:51,10.8300,252,1
2026-05-18,000001,14:40:54,10.8300,581,1
2026-05-18,000001,14:40:57,10.8300,76,1
2026-05-18,000001,14:41:00,10.8300,113,1
2026-05-18,000001,14:41:03,10.8300,413,1
2026-05-18,000001,14:41:06,10.8300,41,2
2026-05-18,000001,14:41:09,10.8300,79,2
2026-05-18,000001,14:41:12,10.8300,107,2
2026-05-18,000001,14:41:15,10.8400,29,1
2026-05-18,000001,14:41:18,10.8300,294,2
2026-05-18,000001,14:41:21,10.8300,121,1
2026-05-18,000001,14:41:24,10.8300,49,1
2026-05-18,000001,14:41:27,10.8300,21,1
2026-05-18,000001,14:41:30,10.8300,144,1
2026-05-18,000001,14:41:33,10.8300,166,1
2026-05-18,000001,14:41:36,10.8300,1,1
2026-05-18,000001,14:41:39,10.8300,168,1
2026-05-18,000001,14:41:42,10.8200,275,2
2026-05-18,000001,14:41:45,10.8200,118,2
2026-05-18,000001,14:41:48,10.8300,66,1
2026-05-18,000001,14:41:51,10.8300,89,1
2026-05-18,000001,14:41:54,10.8300,17,1
2026-05-18,000001,14:41:57,10.8300,82,1
2026-05-18,000001,14:42:00,10.8300,62,1
2026-05-18,000001,14:42:03,10.8300,7,1
2026-05-18,000001,14:42:06,10.8300,37,1
2026-05-18,000001,14:42:09,10.8300,41,1
2026-05-18,000001,14:42:12,10.8300,186,1
2026-05-18,000001,14:42:15,10.8200,185,2
2026-05-18,000001,14:42:18,10.8300,34,1
2026-05-18,000001,14:42:21,10.8300,114,1
2026-05-18,000001,14:42:24,10.8200,28,2
2026-05-18,000001,14:42:27,10.8300,31,1
2026-05-18,000001,14:42:30,10.8200,78,2
2026-05-18,000001,14:42:33,10.8300,74,1
2026-05-18,000001,14:42:36,10.8300,76,1
2026-05-18,000001,14:42:39,10.8300,77,1
2026-05-18,000001,14:42:42,10.8200,78,2
2026-05-18,000001,14:42:45,10.8200,32,2
2026-05-18,000001,14:42:48,10.8300,32,1
2026-05-18,000001,14:42:51,10.8300,568,1
2026-05-18,000001,14:42:54,10.8300,20,1
2026-05-18,000001,14:42:57,10.8300,104,1
2026-05-18,000001,14:43:00,10.8200,5,2
2026-05-18,000001,14:43:03,10.8300,147,1
2026-05-18,000001,14:43:06,10.8300,330,1
2026-05-18,000001,14:43:09,10.8300,211,1
2026-05-18,000001,14:43:12,10.8300,165,2
2026-05-18,000001,14:43:15,10.8300,193,1
2026-05-18,000001,14:43:18,10.8300,205,1
2026-05-18,000001,14:43:21,10.8300,118,2
2026-05-18,000001,14:43:24,10.8300,76,2
2026-05-18,000001,14:43:27,10.8300,118,2
2026-05-18,000001,14:43:30,10.8200,103,2
2026-05-18,000001,14:43:33,10.8300,64,4
2026-05-18,000001,14:43:36,10.8400,40,1
2026-05-18,000001,14:43:39,10.8300,212,2
2026-05-18,000001,14:43:42,10.8400,282,1
2026-05-18,000001,14:43:45,10.8400,24,1
2026-05-18,000001,14:43:48,10.8400,82,1
2026-05-18,000001,14:43:51,10.8400,184,1
2026-05-18,000001,14:43:54,10.8400,12,1
2026-05-18,000001,14:43:57,10.8400,13,1
2026-05-18,000001,14:44:03,10.8300,103,2
2026-05-18,000001,14:44:06,10.8400,32,1
2026-05-18,000001,14:44:09,10.8300,56,2
2026-05-18,000001,14:44:12,10.8300,135,2
2026-05-18,000001,14:44:15,10.8400,19,1
2026-05-18,000001,14:44:18,10.8300,4,2
2026-05-18,000001,14:44:21,10.8300,4,2
2026-05-18,000001,14:44:24,10.8300,6,2
2026-05-18,000001,14:44:27,10.8400,120,1
2026-05-18,000001,14:44:30,10.8400,20,1
2026-05-18,000001,14:44:33,10.8300,11,2
2026-05-18,000001,14:44:36,10.8300,185,2
2026-05-18,000001,14:44:39,10.8300,171,2
2026-05-18,000001,14:44:45,10.8400,11,1
2026-05-18,000001,14:44:48,10.8400,181,1
2026-05-18,000001,14:44:51,10.8400,30,1
2026-05-18,000001,14:44:54,10.8300,2,2
2026-05-18,000001,14:44:57,10.8300,57,2
2026-05-18,000001,14:45:00,10.8300,42,2
2026-05-18,000001,14:45:03,10.8400,30,1
2026-05-18,000001,14:45:06,10.8300,92,2
2026-05-18,000001,14:45:09,10.8300,19,2
2026-05-18,000001,14:45:12,10.8400,19,1
2026-05-18,000001,14:45:15,10.8300,74,2
2026-05-18,000001,14:45:18,10.8400,6,1
2026-05-18,000001,14:45:21,10.8300,81,2
2026-05-18,000001,14:45:24,10.8400,1,1
2026-05-18,000001,14:45:27,10.8400,34,1
2026-05-18,000001,14:45:30,10.8300,62,2
2026-05-18,000001,14:45:33,10.8300,6,2
2026-05-18,000001,14:45:36,10.8300,117,2
2026-05-18,000001,14:45:39,10.8400,10,1
2026-05-18,000001,14:45:42,10.8400,217,1
2026-05-18,000001,14:45:45,10.8300,30,2
2026-05-18,000001,14:45:48,10.8400,26,1
2026-05-18,000001,14:45:51,10.8300,35,2
2026-05-18,000001,14:45:54,10.8400,7,1
2026-05-18,000001,14:45:57,10.8400,9,1
2026-05-18,000001,14:46:00,10.8400,55,1
2026-05-18,000001,14:46:03,10.8300,12,2
2026-05-18,000001,14:46:06,10.8400,57,1
2026-05-18,000001,14:46:09,10.8300,67,2
2026-05-18,000001,14:46:12,10.8400,220,1
2026-05-18,000001,14:46:15,10.8400,47,1
2026-05-18,000001,14:46:18,10.8300,35,2
2026-05-18,000001,14:46:21,10.8400,21,1
2026-05-18,000001,14:46:24,10.8300,32,2
2026-05-18,000001,14:46:27,10.8400,73,1
2026-05-18,000001,14:46:30,10.8400,40,1
2026-05-18,000001,14:46:33,10.8400,23,1
2026-05-18,000001,14:46:36,10.8400,50,1
2026-05-18,000001,14:46:39,10.8400,49,1
2026-05-18,000001,14:46:42,10.8400,643,1
2026-05-18,000001,14:46:45,10.8400,112,1
2026-05-18,000001,14:46:48,10.8400,35,1
2026-05-18,000001,14:46:51,10.8400,19,1
2026-05-18,000001,14:46:54,10.8300,30,2
2026-05-18,000001,14:46:57,10.8400,18,1
2026-05-18,000001,14:47:03,10.8400,83,1
2026-05-18,000001,14:47:06,10.8300,3,2
2026-05-18,000001,14:47:09,10.8400,89,1
2026-05-18,000001,14:47:12,10.8400,250,1
2026-05-18,000001,14:47:15,10.8400,2,1
2026-05-18,000001,14:47:18,10.8400,52,1
2026-05-18,000001,14:47:21,10.8400,404,1
2026-05-18,000001,14:47:24,10.8300,159,2
2026-05-18,000001,14:47:27,10.8400,7,1
2026-05-18,000001,14:47:30,10.8300,14,2
2026-05-18,000001,14:47:33,10.8300,48,2
2026-05-18,000001,14:47:36,10.8300,66,2
2026-05-18,000001,14:47:39,10.8300,28,2
2026-05-18,000001,14:47:42,10.8400,205,1
2026-05-18,000001,14:47:45,10.8300,83,2
2026-05-18,000001,14:47:48,10.8300,34,2
2026-05-18,000001,14:47:51,10.8400,50,1
2026-05-18,000001,14:47:54,10.8300,16,2
2026-05-18,000001,14:47:57,10.8400,33,1
2026-05-18,000001,14:48:00,10.8400,162,1
2026-05-18,000001,14:48:03,10.8400,86,1
2026-05-18,000001,14:48:06,10.8400,197,1
2026-05-18,000001,14:48:09,10.8400,201,1
2026-05-18,000001,14:48:12,10.8300,45,2
2026-05-18,000001,14:48:15,10.8400,46,1
2026-05-18,000001,14:48:18,10.8300,227,2
2026-05-18,000001,14:48:21,10.8400,15,1
2026-05-18,000001,14:48:24,10.8400,118,1
2026-05-18,000001,14:48:27,10.8300,32,2
2026-05-18,000001,14:48:30,10.8400,197,1
2026-05-18,000001,14:48:33,10.8400,221,1
2026-05-18,000001,14:48:36,10.8400,13,1
2026-05-18,000001,14:48:39,10.8400,34,1
2026-05-18,000001,14:48:42,10.8300,561,2
2026-05-18,000001,14:48:45,10.8300,12,2
2026-05-18,000001,14:48:48,10.8300,166,2
2026-05-18,000001,14:48:51,10.8300,7,2
2026-05-18,000001,14:48:54,10.8300,171,2
2026-05-18,000001,14:48:57,10.8400,224,1
2026-05-18,000001,14:49:00,10.8300,106,2
2026-05-18,000001,14:49:03,10.8300,62,2
2026-05-18,000001,14:49:06,10.8300,139,2
2026-05-18,000001,14:49:09,10.8400,43,1
2026-05-18,000001,14:49:12,10.8400,52,1
2026-05-18,000001,14:49:15,10.8300,419,2
2026-05-18,000001,14:49:18,10.8300,172,2
2026-05-18,000001,14:49:21,10.8400,202,1
2026-05-18,000001,14:49:24,10.8400,70,1
2026-05-18,000001,14:49:27,10.8300,67,2
2026-05-18,000001,14:49:30,10.8400,44,1
2026-05-18,000001,14:49:33,10.8300,60,2
2026-05-18,000001,14:49:36,10.8300,34,2
2026-05-18,000001,14:49:39,10.8400,96,1
2026-05-18,000001,14:49:42,10.8400,116,1
2026-05-18,000001,14:49:45,10.8400,287,1
2026-05-18,000001,14:49:48,10.8400,158,1
2026-05-18,000001,14:49:51,10.8400,173,1
2026-05-18,000001,14:49:54,10.8400,17,1
2026-05-18,000001,14:49:57,10.8300,249,2
2026-05-18,000001,14:50:00,10.8400,1811,1
2026-05-18,000001,14:50:03,10.8400,666,1
2026-05-18,000001,14:50:06,10.8400,29,1
2026-05-18,000001,14:50:09,10.8400,117,1
2026-05-18,000001,14:50:12,10.8400,1355,1
2026-05-18,000001,14:50:15,10.8400,419,2
2026-05-18,000001,14:50:18,10.8400,108,1
2026-05-18,000001,14:50:21,10.8400,60,2
2026-05-18,000001,14:50:24,10.8500,66,1
2026-05-18,000001,14:50:27,10.8400,101,2
2026-05-18,000001,14:50:30,10.8500,44,1
2026-05-18,000001,14:50:36,10.8500,49,1
2026-05-18,000001,14:50:39,10.8400,63,2
2026-05-18,000001,14:50:42,10.8500,26,1
2026-05-18,000001,14:50:45,10.8500,180,1
2026-05-18,000001,14:50:48,10.8500,32,1
2026-05-18,000001,14:50:51,10.8500,136,1
2026-05-18,000001,14:50:54,10.8500,82,1
2026-05-18,000001,14:50:57,10.8500,10,1
2026-05-18,000001,14:51:00,10.8500,455,1
2026-05-18,000001,14:51:03,10.8500,409,1
2026-05-18,000001,14:51:06,10.8400,17,2
2026-05-18,000001,14:51:09,10.8400,172,2
2026-05-18,000001,14:51:12,10.8500,65,1
2026-05-18,000001,14:51:15,10.8500,101,1
2026-05-18,000001,14:51:18,10.8500,14,1
2026-05-18,000001,14:51:21,10.8400,130,2
2026-05-18,000001,14:51:24,10.8500,205,1
2026-05-18,000001,14:51:27,10.8500,107,1
2026-05-18,000001,14:51:30,10.8500,49,1
2026-05-18,000001,14:51:33,10.8400,90,2
2026-05-18,000001,14:51:36,10.8400,58,2
2026-05-18,000001,14:51:39,10.8500,46,1
2026-05-18,000001,14:51:42,10.8500,187,1
2026-05-18,000001,14:51:45,10.8500,40,1
2026-05-18,000001,14:51:48,10.8500,5,1
2026-05-18,000001,14:51:51,10.8500,27,1
2026-05-18,000001,14:51:54,10.8500,54,1
2026-05-18,000001,14:51:57,10.8500,21,1
2026-05-18,000001,14:52:00,10.8500,24,1
2026-05-18,000001,14:52:03,10.8500,190,1
2026-05-18,000001,14:52:06,10.8400,38,2
2026-05-18,000001,14:52:09,10.8400,36,2
2026-05-18,000001,14:52:12,10.8500,100,1
2026-05-18,000001,14:52:15,10.8400,64,2
2026-05-18,000001,14:52:18,10.8500,51,1
2026-05-18,000001,14:52:21,10.8500,37,1
2026-05-18,000001,14:52:24,10.8400,239,2
2026-05-18,000001,14:52:27,10.8500,195,1
2026-05-18,000001,14:52:30,10.8500,18,1
2026-05-18,000001,14:52:33,10.8500,294,1
2026-05-18,000001,14:52:36,10.8500,257,1
2026-05-18,000001,14:52:39,10.8500,162,1
2026-05-18,000001,14:52:42,10.8500,450,1
2026-05-18,000001,14:52:45,10.8500,313,1
2026-05-18,000001,14:52:51,10.8400,129,2
2026-05-18,000001,14:52:54,10.8500,125,1
2026-05-18,000001,14:52:57,10.8400,128,2
2026-05-18,000001,14:53:00,10.8400,431,2
2026-05-18,000001,14:53:03,10.8500,452,1
2026-05-18,000001,14:53:06,10.8400,622,2
2026-05-18,000001,14:53:09,10.8500,331,1
2026-05-18,000001,14:53:12,10.8400,310,2
2026-05-18,000001,14:53:15,10.8400,11,2
2026-05-18,000001,14:53:18,10.8400,124,2
2026-05-18,000001,14:53:21,10.8500,5,1
2026-05-18,000001,14:53:24,10.8500,73,1
2026-05-18,000001,14:53:30,10.8400,198,2
2026-05-18,000001,14:53:33,10.8500,110,1
2026-05-18,000001,14:53:36,10.8400,37,2
2026-05-18,000001,14:53:39,10.8500,298,1
2026-05-18,000001,14:53:42,10.8400,236,2
2026-05-18,000001,14:53:45,10.8500,48,1
2026-05-18,000001,14:53:48,10.8400,11,2
2026-05-18,000001,14:53:51,10.8500,30,1
2026-05-18,000001,14:53:57,10.8500,13,1
2026-05-18,000001,14:54:00,10.8400,183,2
2026-05-18,000001,14:54:03,10.8500,105,1
2026-05-18,000001,14:54:06,10.8500,221,1
2026-05-18,000001,14:54:09,10.8400,114,2
2026-05-18,000001,14:54:12,10.8500,129,1
2026-05-18,000001,14:54:15,10.8400,134,2
2026-05-18,000001,14:54:18,10.8400,49,2
2026-05-18,000001,14:54:21,10.8500,75,1
2026-05-18,000001,14:54:24,10.8400,149,2
2026-05-18,000001,14:54:27,10.8400,198,2
2026-05-18,000001,14:54:30,10.8500,113,1
2026-05-18,000001,14:54:33,10.8400,422,2
2026-05-18,000001,14:54:36,10.8400,283,2
2026-05-18,000001,14:54:39,10.8400,32,2
2026-05-18,000001,14:54:42,10.8500,160,1
2026-05-18,000001,14:54:45,10.8500,1725,1
2026-05-18,000001,14:54:48,10.8400,34,2
2026-05-18,000001,14:54:51,10.8500,20,1
2026-05-18,000001,14:54:54,10.8500,1192,1
2026-05-18,000001,14:54:57,10.8300,169,2
2026-05-18,000001,14:55:00,10.8400,111,1
2026-05-18,000001,14:55:03,10.8300,746,2
2026-05-18,000001,14:55:06,10.8300,436,2
2026-05-18,000001,14:55:09,10.8300,329,2
2026-05-18,000001,14:55:12,10.8300,198,2
2026-05-18,000001,14:55:15,10.8400,181,1
2026-05-18,000001,14:55:18,10.8400,159,2
2026-05-18,000001,14:55:21,10.8400,186,2
2026-05-18,000001,14:55:24,10.8500,107,1
2026-05-18,000001,14:55:27,10.8400,204,2
2026-05-18,000001,14:55:30,10.8400,154,2
2026-05-18,000001,14:55:33,10.8400,232,2
2026-05-18,000001,14:55:36,10.8400,77,2
2026-05-18,000001,14:55:39,10.8500,19,1
2026-05-18,000001,14:55:42,10.8400,48,2
2026-05-18,000001,14:55:45,10.8400,55,2
2026-05-18,000001,14:55:48,10.8400,13,2
2026-05-18,000001,14:55:51,10.8500,6,1
2026-05-18,000001,14:55:54,10.8400,10,2
2026-05-18,000001,14:55:57,10.8400,1,2
2026-05-18,000001,14:56:00,10.8500,18,1
2026-05-18,000001,14:56:03,10.8500,1019,1
2026-05-18,000001,14:56:06,10.8500,258,1
2026-05-18,000001,14:56:09,10.8400,46,2
2026-05-18,000001,14:56:12,10.8500,38,1
2026-05-18,000001,14:56:15,10.8500,195,1
2026-05-18,000001,14:56:18,10.8500,145,1
2026-05-18,000001,14:56:21,10.8400,312,2
2026-05-18,000001,14:56:24,10.8500,300,1
2026-05-18,000001,14:56:27,10.8500,76,1
2026-05-18,000001,14:56:30,10.8400,444,2
2026-05-18,000001,14:56:33,10.8400,524,2
2026-05-18,000001,14:56:36,10.8400,198,2
2026-05-18,000001,14:56:39,10.8500,94,1
2026-05-18,000001,14:56:42,10.8500,53,1
2026-05-18,000001,14:56:45,10.8500,397,1
2026-05-18,000001,14:56:48,10.8500,33,1
2026-05-18,000001,14:56:51,10.8500,143,1
2026-05-18,000001,14:56:54,10.8500,7,1
2026-05-18,000001,14:56:57,10.8500,405,1
2026-05-18,000001,14:57:00,10.8600,711,1
2026-05-18,000001,15:00:00,10.8600,9290,4
2026-05-18,000001,13:10:33,10.8700,13,2
2026-05-18,000001,13:10:36,10.8800,3,1
2026-05-18,000001,13:10:39,10.8800,13,1
2026-05-18,000001,13:10:42,10.8800,5,1
2026-05-18,000001,13:10:45,10.8800,53,1
2026-05-18,000001,13:10:48,10.8800,4,1
2026-05-18,000001,13:10:51,10.8800,79,1
2026-05-18,000001,13:10:54,10.8800,65,1
2026-05-18,000001,13:10:57,10.8700,49,2
2026-05-18,000001,13:11:00,10.8800,79,1
2026-05-18,000001,13:11:03,10.8800,715,1
2026-05-18,000001,13:11:06,10.8800,245,1
2026-05-18,000001,13:11:09,10.8800,50,1
2026-05-18,000001,13:11:12,10.8700,28,2
2026-05-18,000001,13:11:15,10.8800,3,1
2026-05-18,000001,13:11:18,10.8800,5,1
2026-05-18,000001,13:11:21,10.8800,3,1
2026-05-18,000001,13:11:24,10.8800,112,1
2026-05-18,000001,13:11:27,10.8800,3,1
2026-05-18,000001,13:11:30,10.8800,1,1
2026-05-18,000001,13:11:33,10.8700,16,2
2026-05-18,000001,13:11:36,10.8800,20,1
2026-05-18,000001,13:11:39,10.8800,194,1
2026-05-18,000001,13:11:48,10.8800,3,1
2026-05-18,000001,13:11:51,10.8800,29,1
2026-05-18,000001,13:11:54,10.8800,20,1
2026-05-18,000001,13:12:00,10.8800,6,1
2026-05-18,000001,13:12:03,10.8700,14,2
2026-05-18,000001,13:12:06,10.8800,2,1
2026-05-18,000001,13:12:09,10.8700,11,2
2026-05-18,000001,13:12:12,10.8800,18,1
2026-05-18,000001,13:12:18,10.8700,166,2
2026-05-18,000001,13:12:21,10.8800,14,1
2026-05-18,000001,13:12:24,10.8800,2,1
2026-05-18,000001,13:12:27,10.8700,9,2
2026-05-18,000001,13:12:30,10.8800,1,1
2026-05-18,000001,13:12:33,10.8800,19,1
2026-05-18,000001,13:12:36,10.8800,12,1
2026-05-18,000001,13:12:39,10.8700,84,2
2026-05-18,000001,13:12:42,10.8700,10,2
2026-05-18,000001,13:12:48,10.8800,18,1
2026-05-18,000001,13:12:54,10.8800,112,1
2026-05-18,000001,13:12:57,10.8700,78,2
2026-05-18,000001,13:13:00,10.8800,29,1
2026-05-18,000001,13:13:09,10.8800,11,1
2026-05-18,000001,13:13:15,10.8700,44,2
2026-05-18,000001,13:13:18,10.8800,9,1
2026-05-18,000001,13:13:21,10.8800,25,1
2026-05-18,000001,13:13:24,10.8800,25,1
2026-05-18,000001,13:13:27,10.8700,64,2
2026-05-18,000001,13:13:30,10.8700,18,2
2026-05-18,000001,13:13:33,10.8800,4,1
2026-05-18,000001,13:13:36,10.8800,5,1
2026-05-18,000001,13:13:39,10.8700,69,2
2026-05-18,000001,13:13:42,10.8800,36,1
2026-05-18,000001,13:13:45,10.8700,109,2
2026-05-18,000001,13:13:48,10.8800,57,1
2026-05-18,000001,13:13:51,10.8800,19,1
2026-05-18,000001,13:13:54,10.8700,14,2
2026-05-18,000001,13:13:57,10.8800,47,1
2026-05-18,000001,13:14:00,10.8800,1,1
2026-05-18,000001,13:14:03,10.8700,5,2
2026-05-18,000001,13:14:06,10.8700,1,2
2026-05-18,000001,13:14:09,10.8700,982,2
2026-05-18,000001,13:14:12,10.8800,53,1
2026-05-18,000001,13:14:15,10.8800,32,1
2026-05-18,000001,13:14:21,10.8700,2,2
2026-05-18,000001,13:14:24,10.8800,6,1
2026-05-18,000001,13:14:27,10.8700,10,2
2026-05-18,000001,13:14:30,10.8700,39,2
2026-05-18,000001,13:14:33,10.8700,65,2
2026-05-18,000001,13:14:36,10.8700,4,2
2026-05-18,000001,13:14:39,10.8800,58,1
2026-05-18,000001,13:14:42,10.8700,46,2
2026-05-18,000001,13:14:45,10.8800,42,1
2026-05-18,000001,13:14:48,10.8800,48,1
2026-05-18,000001,13:14:51,10.8800,34,1
2026-05-18,000001,13:14:54,10.8800,195,1
2026-05-18,000001,13:14:57,10.8800,23,1
2026-05-18,000001,13:15:03,10.8800,9,1
2026-05-18,000001,13:15:06,10.8700,13,2
2026-05-18,000001,13:15:09,10.8700,79,2
2026-05-18,000001,13:15:12,10.8800,33,1
2026-05-18,000001,13:15:15,10.8800,307,1
2026-05-18,000001,13:15:18,10.8700,15,2
2026-05-18,000001,13:15:21,10.8700,25,2
2026-05-18,000001,13:15:24,10.8700,2,2
2026-05-18,000001,13:15:27,10.8700,17,2
2026-05-18,000001,13:15:30,10.8800,55,1
2026-05-18,000001,13:15:33,10.8700,8,2
2026-05-18,000001,13:15:36,10.8800,50,1
2026-05-18,000001,13:15:39,10.8700,57,2
2026-05-18,000001,13:15:42,10.8800,25,1
2026-05-18,000001,13:15:51,10.8700,40,2
2026-05-18,000001,13:15:54,10.8800,20,1
2026-05-18,000001,13:15:57,10.8800,6,1
2026-05-18,000001,13:16:00,10.8800,59,1
2026-05-18,000001,13:16:03,10.8800,10,1
2026-05-18,000001,13:16:06,10.8700,20,2
2026-05-18,000001,13:16:09,10.8800,101,1
2026-05-18,000001,13:16:12,10.8800,10,1
2026-05-18,000001,13:16:15,10.8800,1,1
2026-05-18,000001,13:16:18,10.8800,25,1
2026-05-18,000001,13:16:21,10.8800,1,1
2026-05-18,000001,13:16:24,10.8800,23,1
2026-05-18,000001,13:16:27,10.8700,114,2
2026-05-18,000001,13:16:30,10.8800,62,1
2026-05-18,000001,13:16:33,10.8700,18,2
2026-05-18,000001,13:16:36,10.8700,41,2
2026-05-18,000001,13:16:39,10.8800,9,1
2026-05-18,000001,13:16:45,10.8800,104,1
2026-05-18,000001,13:16:51,10.8700,71,2
2026-05-18,000001,13:16:54,10.8800,90,1
2026-05-18,000001,13:16:57,10.8800,47,1
2026-05-18,000001,13:17:00,10.8700,7,2
2026-05-18,000001,13:17:03,10.8700,12,2
2026-05-18,000001,13:17:06,10.8800,55,1
2026-05-18,000001,13:17:09,10.8700,8,2
2026-05-18,000001,13:17:12,10.8800,26,1
2026-05-18,000001,13:17:15,10.8700,2,2
2026-05-18,000001,13:17:18,10.8700,13,2
2026-05-18,000001,13:17:21,10.8800,1,1
2026-05-18,000001,13:17:24,10.8800,218,1
2026-05-18,000001,13:17:27,10.8700,66,2
2026-05-18,000001,13:17:33,10.8700,5,2
2026-05-18,000001,13:17:39,10.8800,103,1
2026-05-18,000001,13:17:42,10.8800,7,1
2026-05-18,000001,13:17:45,10.8700,23,2
2026-05-18,000001,13:17:48,10.8800,100,1
2026-05-18,000001,13:17:51,10.8800,10,1
2026-05-18,000001,13:17:54,10.8800,151,1
2026-05-18,000001,13:17:57,10.8700,60,2
2026-05-18,000001,13:18:00,10.8700,208,2
2026-05-18,000001,13:18:03,10.8800,78,1
2026-05-18,000001,13:18:06,10.8800,93,1
2026-05-18,000001,13:18:09,10.8800,26,1
2026-05-18,000001,13:18:12,10.8800,24,1
2026-05-18,000001,13:18:15,10.8800,12,1
2026-05-18,000001,13:18:18,10.8800,152,1
2026-05-18,000001,13:18:24,10.8700,30,2
2026-05-18,000001,13:18:27,10.8700,9,2
2026-05-18,000001,13:18:30,10.8800,12,1
2026-05-18,000001,13:18:33,10.8700,204,2
2026-05-18,000001,13:18:42,10.8800,18,1
2026-05-18,000001,13:18:45,10.8700,1,2
2026-05-18,000001,13:18:48,10.8800,16,1
2026-05-18,000001,13:18:51,10.8700,2,2
2026-05-18,000001,13:18:57,10.8800,11,1
2026-05-18,000001,13:19:00,10.8800,4,1
2026-05-18,000001,13:19:03,10.8700,135,2
2026-05-18,000001,13:19:06,10.8800,16,1
2026-05-18,000001,13:19:09,10.8800,201,1
2026-05-18,000001,13:19:12,10.8800,20,1
2026-05-18,000001,13:19:15,10.8800,195,1
2026-05-18,000001,13:19:18,10.8700,64,2
2026-05-18,000001,13:19:24,10.8700,77,2
2026-05-18,000001,13:19:27,10.8700,39,2
2026-05-18,000001,13:19:30,10.8800,1,1
2026-05-18,000001,13:19:33,10.8800,10,1
2026-05-18,000001,13:19:39,10.8700,21,2
2026-05-18,000001,13:19:42,10.8800,30,1
2026-05-18,000001,13:19:45,10.8800,14,1
2026-05-18,000001,13:19:48,10.8800,5,1
2026-05-18,000001,13:19:51,10.8800,345,1
2026-05-18,000001,13:19:54,10.8700,8,2
2026-05-18,000001,13:20:00,10.8800,41,1
2026-05-18,000001,13:20:03,10.8700,1968,2
2026-05-18,000001,13:20:06,10.8800,520,1
2026-05-18,000001,13:20:09,10.8800,192,1
2026-05-18,000001,13:20:12,10.8700,29,2
2026-05-18,000001,13:20:15,10.8800,52,1
2026-05-18,000001,13:20:18,10.8700,47,2
2026-05-18,000001,13:20:21,10.8800,129,1
2026-05-18,000001,13:20:24,10.8800,43,1
2026-05-18,000001,13:20:27,10.8800,8,1
2026-05-18,000001,13:20:30,10.8800,30,1
2026-05-18,000001,13:20:33,10.8800,20,1
2026-05-18,000001,13:20:36,10.8800,17,1
2026-05-18,000001,13:20:39,10.8800,8,1
2026-05-18,000001,13:20:42,10.8800,19,1
2026-05-18,000001,13:20:45,10.8800,8,1
2026-05-18,000001,13:20:48,10.8800,3,1
2026-05-18,000001,13:20:51,10.8800,10,1
2026-05-18,000001,13:20:54,10.8800,26,1
2026-05-18,000001,13:20:57,10.8800,31,1
2026-05-18,000001,13:21:00,10.8800,17,1
2026-05-18,000001,13:21:03,10.8700,224,2
2026-05-18,000001,13:21:06,10.8800,10,1
2026-05-18,000001,13:21:09,10.8800,5,1
2026-05-18,000001,13:21:12,10.8700,12,2
2026-05-18,000001,13:21:15,10.8800,13,1
2026-05-18,000001,13:21:18,10.8800,10,1
2026-05-18,000001,13:21:21,10.8800,21,1
2026-05-18,000001,13:21:24,10.8800,10,1
2026-05-18,000001,13:21:27,10.8700,22,2
2026-05-18,000001,13:21:30,10.8800,6,1
2026-05-18,000001,13:21:33,10.8800,105,1
2026-05-18,000001,13:21:36,10.8800,5,1
2026-05-18,000001,13:21:39,10.8800,1,1
2026-05-18,000001,13:21:42,10.8800,1,1
2026-05-18,000001,13:21:45,10.8800,190,1
2026-05-18,000001,13:21:48,10.8700,103,2
2026-05-18,000001,13:21:51,10.8800,1,1
2026-05-18,000001,13:21:54,10.8800,30,1
2026-05-18,000001,13:22:00,10.8800,3,1
2026-05-18,000001,13:22:03,10.8700,76,2
2026-05-18,000001,13:22:09,10.8800,50,1
2026-05-18,000001,13:22:12,10.8700,39,2
2026-05-18,000001,13:22:15,10.8800,1,1
2026-05-18,000001,13:22:18,10.8800,42,1
2026-05-18,000001,13:22:21,10.8800,112,1
2026-05-18,000001,13:22:27,10.8700,28,2
2026-05-18,000001,13:22:30,10.8800,26,1
2026-05-18,000001,13:22:33,10.8800,407,1
2026-05-18,000001,13:22:36,10.8800,12,1
2026-05-18,000001,13:22:39,10.8700,5,2
2026-05-18,000001,13:22:42,10.8800,1,1
2026-05-18,000001,13:22:45,10.8700,22,2
2026-05-18,000001,13:22:48,10.8800,5,1
2026-05-18,000001,13:22:54,10.8800,106,1
2026-05-18,000001,13:22:57,10.8800,128,1
2026-05-18,000001,13:23:00,10.8700,112,2
2026-05-18,000001,13:23:03,10.8800,16,1
2026-05-18,000001,13:23:06,10.8800,165,1
2026-05-18,000001,13:23:09,10.8800,12,1
2026-05-18,000001,13:23:12,10.8800,4,1
2026-05-18,000001,13:23:15,10.8800,10,1
2026-05-18,000001,13:23:18,10.8800,58,1
2026-05-18,000001,13:23:21,10.8800,33,1
2026-05-18,000001,13:23:24,10.8800,63,1
2026-05-18,000001,13:23:27,10.8800,191,1
2026-05-18,000001,13:23:30,10.8800,159,1
2026-05-18,000001,13:23:33,10.8800,556,1
2026-05-18,000001,13:23:36,10.8800,94,1
2026-05-18,000001,13:23:39,10.8800,102,1
2026-05-18,000001,13:23:42,10.8700,95,2
2026-05-18,000001,13:23:45,10.8800,10,1
2026-05-18,000001,13:23:48,10.8700,9,2
2026-05-18,000001,13:23:54,10.8800,402,1
2026-05-18,000001,13:23:57,10.8800,3,1
2026-05-18,000001,13:24:00,10.8800,194,1
2026-05-18,000001,13:24:06,10.8800,4,1
2026-05-18,000001,13:24:09,10.8800,20,1
2026-05-18,000001,13:24:12,10.8800,88,1
2026-05-18,000001,13:24:15,10.8800,16,1
2026-05-18,000001,13:24:18,10.8700,24,2
2026-05-18,000001,13:24:21,10.8800,29,1
2026-05-18,000001,13:24:24,10.8800,6,1
2026-05-18,000001,13:24:27,10.8700,26,2
2026-05-18,000001,13:24:30,10.8800,165,1
2026-05-18,000001,13:24:33,10.8800,184,1
2026-05-18,000001,13:24:36,10.8800,9,1
2026-05-18,000001,13:24:39,10.8800,605,1
2026-05-18,000001,13:24:42,10.8800,11,1
2026-05-18,000001,13:24:45,10.8800,111,1
2026-05-18,000001,13:24:48,10.8800,4,1
2026-05-18,000001,13:24:51,10.8800,2,1
2026-05-18,000001,13:24:54,10.8800,109,1
2026-05-18,000001,13:24:57,10.8700,201,2
2026-05-18,000001,13:25:00,10.8800,1,1
2026-05-18,000001,13:25:03,10.8800,49,1
2026-05-18,000001,13:25:09,10.8800,1,1
2026-05-18,000001,13:25:12,10.8800,210,1
2026-05-18,000001,13:25:15,10.8700,6,2
2026-05-18,000001,13:25:18,10.8800,1,1
2026-05-18,000001,13:25:21,10.8700,7,2
2026-05-18,000001,13:25:24,10.8800,4,1
2026-05-18,000001,13:25:30,10.8800,5,1
2026-05-18,000001,13:25:33,10.8700,482,2
2026-05-18,000001,13:25:36,10.8800,89,1
2026-05-18,000001,13:25:39,10.8800,95,1
2026-05-18,000001,13:25:42,10.8800,70,1
2026-05-18,000001,13:25:45,10.8700,83,2
2026-05-18,000001,13:25:48,10.8800,10,1
2026-05-18,000001,13:25:51,10.8800,4,1
2026-05-18,000001,13:25:54,10.8700,22,2
2026-05-18,000001,13:25:57,10.8800,31,1
2026-05-18,000001,13:26:00,10.8700,116,2
2026-05-18,000001,13:26:03,10.8700,40,2
2026-05-18,000001,13:26:06,10.8800,3,1
2026-05-18,000001,13:26:12,10.8800,46,1
2026-05-18,000001,13:26:15,10.8800,4,1
2026-05-18,000001,13:26:18,10.8800,3,1
2026-05-18,000001,13:26:21,10.8700,1445,2
2026-05-18,000001,13:26:24,10.8700,384,2
2026-05-18,000001,13:26:27,10.8700,60,2
2026-05-18,000001,13:26:30,10.8800,5,1
2026-05-18,000001,13:26:33,10.8700,15,2
2026-05-18,000001,13:26:36,10.8700,39,2
2026-05-18,000001,13:26:39,10.8700,83,2
2026-05-18,000001,13:26:42,10.8700,1,2
2026-05-18,000001,13:26:48,10.8800,6,1
2026-05-18,000001,13:26:51,10.8700,23,2
2026-05-18,000001,13:26:54,10.8800,10,1
2026-05-18,000001,13:26:57,10.8800,10,1
2026-05-18,000001,13:27:00,10.8800,9,1
2026-05-18,000001,13:27:03,10.8800,5,1
2026-05-18,000001,13:27:09,10.8700,325,2
2026-05-18,000001,13:27:12,10.8800,7,1
2026-05-18,000001,13:27:15,10.8800,14,1
2026-05-18,000001,13:27:18,10.8700,14,2
2026-05-18,000001,13:27:21,10.8700,8,2
2026-05-18,000001,13:27:24,10.8800,146,1
2026-05-18,000001,13:27:27,10.8700,13,2
2026-05-18,000001,13:27:30,10.8700,11,2
2026-05-18,000001,13:27:33,10.8800,8,1
2026-05-18,000001,13:27:36,10.8800,5,1
2026-05-18,000001,13:27:42,10.8700,22,2
2026-05-18,000001,13:27:45,10.8800,20,1
2026-05-18,000001,13:27:51,10.8700,7,2
2026-05-18,000001,13:27:54,10.8800,134,1
2026-05-18,000001,13:28:00,10.8700,27,2
2026-05-18,000001,13:28:06,10.8700,111,2
2026-05-18,000001,13:28:09,10.8800,18,1
2026-05-18,000001,13:28:12,10.8700,35,2
2026-05-18,000001,13:28:15,10.8800,44,1
2026-05-18,000001,13:28:18,10.8700,70,2
2026-05-18,000001,13:28:21,10.8700,23,2
2026-05-18,000001,13:28:24,10.8700,8,2
2026-05-18,000001,13:28:27,10.8700,18,2
2026-05-18,000001,13:28:30,10.8800,286,1
2026-05-18,000001,13:28:33,10.8800,1,1
2026-05-18,000001,13:28:36,10.8800,12,1
2026-05-18,000001,13:28:39,10.8700,33,2
2026-05-18,000001,13:28:42,10.8700,56,2
2026-05-18,000001,13:28:45,10.8800,169,1
2026-05-18,000001,13:28:48,10.8700,34,2
2026-05-18,000001,13:28:51,10.8700,31,2
2026-05-18,000001,13:28:54,10.8700,702,2
2026-05-18,000001,13:28:57,10.8700,2403,2
2026-05-18,000001,13:29:00,10.8700,767,2
2026-05-18,000001,13:29:03,10.8700,229,1
2026-05-18,000001,13:29:06,10.8800,38,1
2026-05-18,000001,13:29:09,10.8700,36,2
2026-05-18,000001,13:29:12,10.8700,71,2
2026-05-18,000001,13:29:15,10.8700,68,2
2026-05-18,000001,13:29:18,10.8700,85,2
2026-05-18,000001,13:29:21,10.8800,68,1
2026-05-18,000001,13:29:24,10.8700,74,2
2026-05-18,000001,13:29:27,10.8700,74,2
2026-05-18,000001,13:29:30,10.8800,106,1
2026-05-18,000001,13:29:33,10.8700,101,2
2026-05-18,000001,13:29:36,10.8800,7,1
2026-05-18,000001,13:29:39,10.8700,28,2
2026-05-18,000001,13:29:42,10.8800,15,1
2026-05-18,000001,13:29:45,10.8800,1,1
2026-05-18,000001,13:29:48,10.8800,25,1
2026-05-18,000001,13:29:51,10.8800,127,1
2026-05-18,000001,13:29:54,10.8700,9,2
2026-05-18,000001,13:30:03,10.8800,43,1
2026-05-18,000001,13:30:06,10.8700,16,2
2026-05-18,000001,13:30:09,10.8800,6,1
2026-05-18,000001,13:30:15,10.8800,10,1
2026-05-18,000001,13:30:18,10.8800,23,1
2026-05-18,000001,13:30:21,10.8800,10,1
2026-05-18,000001,13:30:24,10.8700,14,2
2026-05-18,000001,13:30:27,10.8800,407,1
2026-05-18,000001,13:30:30,10.8700,90,2
2026-05-18,000001,13:30:33,10.8800,24,1
2026-05-18,000001,13:30:36,10.8700,3,2
2026-05-18,000001,13:30:39,10.8800,50,1
2026-05-18,000001,13:30:45,10.8700,353,2
2026-05-18,000001,13:30:48,10.8700,13,2
2026-05-18,000001,13:30:51,10.8800,25,1
2026-05-18,000001,13:30:54,10.8800,10,1
2026-05-18,000001,13:30:57,10.8700,72,2
2026-05-18,000001,13:31:00,10.8700,491,2
2026-05-18,000001,13:31:03,10.8700,173,1
2026-05-18,000001,13:31:06,10.8700,78,1
2026-05-18,000001,13:31:09,10.8700,97,1
2026-05-18,000001,13:31:12,10.8700,152,1
2026-05-18,000001,13:31:15,10.8700,10,1
2026-05-18,000001,13:31:18,10.8700,126,1
2026-05-18,000001,13:31:21,10.8700,125,1
2026-05-18,000001,13:31:24,10.8600,55,2
2026-05-18,000001,13:31:27,10.8700,119,1
2026-05-18,000001,13:31:30,10.8700,108,1
2026-05-18,000001,13:31:33,10.8700,122,1
2026-05-18,000001,13:31:36,10.8700,22,1
2026-05-18,000001,13:31:39,10.8700,2,1
2026-05-18,000001,13:31:42,10.8700,518,1
2026-05-18,000001,13:31:45,10.8700,41,1
2026-05-18,000001,13:31:48,10.8700,103,1
2026-05-18,000001,13:31:51,10.8600,35,2
2026-05-18,000001,13:31:54,10.8700,11,1
2026-05-18,000001,13:31:57,10.8600,15,2
2026-05-18,000001,13:32:00,10.8700,64,1
2026-05-18,000001,13:32:03,10.8600,116,2
2026-05-18,000001,13:32:06,10.8700,33,1
2026-05-18,000001,13:32:09,10.8700,194,1
2026-05-18,000001,13:32:12,10.8700,57,1
2026-05-18,000001,13:32:15,10.8700,232,2
2026-05-18,000001,13:32:18,10.8700,322,1
2026-05-18,000001,13:32:21,10.8700,98,2
2026-05-18,000001,13:32:24,10.8700,57,1
2026-05-18,000001,13:32:27,10.8700,95,2
2026-05-18,000001,13:32:30,10.8700,132,2
2026-05-18,000001,13:32:33,10.8700,24,2
2026-05-18,000001,13:32:36,10.8700,63,2
2026-05-18,000001,13:32:39,10.8800,21,1
2026-05-18,000001,13:32:42,10.8700,8,2
2026-05-18,000001,13:32:45,10.8800,23,1
2026-05-18,000001,13:32:48,10.8800,5,1
2026-05-18,000001,13:32:51,10.8700,31,2
2026-05-18,000001,13:32:54,10.8700,22,2
2026-05-18,000001,13:32:57,10.8700,10,2
2026-05-18,000001,13:33:00,10.8700,45,2
2026-05-18,000001,13:33:06,10.8800,1,1
2026-05-18,000001,13:33:09,10.8700,46,2
2026-05-18,000001,13:33:12,10.8700,1,2
2026-05-18,000001,13:33:21,10.8700,44,2
2026-05-18,000001,13:33:24,10.8800,61,1
2026-05-18,000001,13:33:27,10.8700,34,2
2026-05-18,000001,13:33:30,10.8700,74,2
2026-05-18,000001,13:33:33,10.8700,60,2
2026-05-18,000001,13:33:36,10.8800,10,1
2026-05-18,000001,13:33:39,10.8700,37,2
2026-05-18,000001,13:33:42,10.8700,30,2
2026-05-18,000001,13:33:45,10.8800,5,1
2026-05-18,000001,13:33:48,10.8700,13,2
2026-05-18,000001,13:33:51,10.8700,36,2
2026-05-18,000001,13:33:57,10.8700,4,2
2026-05-18,000001,13:34:00,10.8700,9,2
2026-05-18,000001,13:34:03,10.8800,11,1
2026-05-18,000001,13:34:06,10.8800,13,1
2026-05-18,000001,13:34:09,10.8700,10,2
2026-05-18,000001,13:34:12,10.8800,18,1
2026-05-18,000001,13:34:18,10.8700,17,2
2026-05-18,000001,13:34:21,10.8800,1,1
2026-05-18,000001,13:34:24,10.8700,18,2
2026-05-18,000001,13:34:27,10.8700,21,2
2026-05-18,000001,13:34:30,10.8800,3,1
2026-05-18,000001,13:34:33,10.8800,197,1
2026-05-18,000001,13:34:36,10.8800,2,1
2026-05-18,000001,13:34:42,10.8800,1,1
2026-05-18,000001,13:34:45,10.8800,5,1
2026-05-18,000001,13:34:48,10.8800,20,1
2026-05-18,000001,13:34:51,10.8800,1,1
2026-05-18,000001,13:34:54,10.8800,3,1
2026-05-18,000001,13:34:57,10.8800,1,1
2026-05-18,000001,13:35:00,10.8800,17,1
2026-05-18,000001,13:35:03,10.8800,34,1
2026-05-18,000001,13:35:06,10.8700,47,2
2026-05-18,000001,13:35:09,10.8800,28,1
2026-05-18,000001,13:35:12,10.8800,53,1
2026-05-18,000001,13:35:15,10.8700,86,2
2026-05-18,000001,13:35:18,10.8700,66,2
2026-05-18,000001,13:35:21,10.8800,12,1
2026-05-18,000001,13:35:24,10.8700,16,2
2026-05-18,000001,13:35:27,10.8700,61,2
2026-05-18,000001,13:35:30,10.8800,3,1
2026-05-18,000001,13:35:33,10.8800,26,1
2026-05-18,000001,13:35:36,10.8800,6,1
2026-05-18,000001,13:35:39,10.8700,36,2
2026-05-18,000001,13:35:42,10.8800,30,1
2026-05-18,000001,13:35:45,10.8800,107,1
2026-05-18,000001,13:35:48,10.8700,19,2
2026-05-18,000001,13:35:57,10.8800,25,1
2026-05-18,000001,13:36:00,10.8800,25,1
2026-05-18,000001,13:36:03,10.8800,6,1
2026-05-18,000001,13:36:06,10.8700,3,2
2026-05-18,000001,13:36:09,10.8800,109,1
2026-05-18,000001,13:36:12,10.8700,2,2
2026-05-18,000001,13:36:18,10.8700,65,2
2026-05-18,000001,13:36:21,10.8800,496,1
2026-05-18,000001,13:36:24,10.8700,55,2
2026-05-18,000001,13:36:27,10.8700,17,2
2026-05-18,000001,13:36:30,10.8800,3,1
2026-05-18,000001,13:36:33,10.8700,3,2
2026-05-18,000001,13:36:36,10.8700,2,2
2026-05-18,000001,13:36:39,10.8700,24,2
2026-05-18,000001,13:36:42,10.8800,214,1
2026-05-18,000001,13:36:45,10.8700,4,2
2026-05-18,000001,13:36:48,10.8800,20,1
2026-05-18,000001,13:36:51,10.8700,43,2
2026-05-18,000001,13:36:54,10.8800,19,1
2026-05-18,000001,13:37:00,10.8700,17,2
2026-05-18,000001,13:37:03,10.8800,10,1
2026-05-18,000001,13:37:06,10.8700,1,2
2026-05-18,000001,13:37:09,10.8800,8,1
2026-05-18,000001,13:37:12,10.8700,6,2
2026-05-18,000001,13:37:15,10.8800,3,1
2026-05-18,000001,13:37:18,10.8800,29,1
2026-05-18,000001,13:37:21,10.8800,11,1
2026-05-18,000001,13:37:24,10.8800,80,1
2026-05-18,000001,13:37:27,10.8700,9,2
2026-05-18,000001,13:37:30,10.8700,55,2
2026-05-18,000001,13:37:33,10.8800,84,1
2026-05-18,000001,13:37:36,10.8700,38,2
2026-05-18,000001,13:37:39,10.8800,98,1
2026-05-18,000001,13:37:42,10.8700,1,2
2026-05-18,000001,13:37:45,10.8700,18,2
2026-05-18,000001,13:37:48,10.8800,77,1
2026-05-18,000001,13:37:51,10.8700,48,2
2026-05-18,000001,13:37:54,10.8700,256,2
2026-05-18,000001,13:37:57,10.8800,4,1
2026-05-18,000001,13:38:00,10.8700,19,2
2026-05-18,000001,13:38:03,10.8800,225,1
2026-05-18,000001,13:38:06,10.8700,11,2
2026-05-18,000001,13:38:09,10.8800,306,1
2026-05-18,000001,13:38:12,10.8800,73,1
2026-05-18,000001,13:38:15,10.8700,1,2
2026-05-18,000001,13:38:18,10.8800,1,1
2026-05-18,000001,13:38:21,10.8800,28,1
2026-05-18,000001,13:38:24,10.8800,10,1
2026-05-18,000001,13:38:27,10.8700,20,2
2026-05-18,000001,13:38:30,10.8700,2,2
2026-05-18,000001,13:38:33,10.8700,16,2
2026-05-18,000001,13:38:36,10.8800,7,1
2026-05-18,000001,13:38:39,10.8700,50,2
2026-05-18,000001,13:38:42,10.8800,57,1
2026-05-18,000001,13:38:45,10.8700,62,2
2026-05-18,000001,13:38:48,10.8800,7,1
2026-05-18,000001,13:38:51,10.8800,15,1
2026-05-18,000001,13:38:54,10.8700,115,2
2026-05-18,000001,13:38:57,10.8800,3,1
2026-05-18,000001,13:39:00,10.8800,1,1
2026-05-18,000001,13:39:03,10.8800,143,1
2026-05-18,000001,13:39:06,10.8800,7,1
2026-05-18,000001,13:39:12,10.8800,14,1
2026-05-18,000001,13:39:15,10.8800,192,1
2026-05-18,000001,13:39:18,10.8800,153,1
2026-05-18,000001,13:39:21,10.8700,2,2
2026-05-18,000001,13:39:24,10.8800,1,1
2026-05-18,000001,13:39:27,10.8700,20,2
2026-05-18,000001,13:39:30,10.8800,3,1
2026-05-18,000001,13:39:33,10.8700,83,2
2026-05-18,000001,13:39:36,10.8800,2,1
2026-05-18,000001,13:39:39,10.8800,5,1
2026-05-18,000001,13:39:45,10.8700,48,2
2026-05-18,000001,13:39:48,10.8800,7,1
2026-05-18,000001,13:39:51,10.8800,40,1
2026-05-18,000001,13:39:54,10.8700,24,2
2026-05-18,000001,13:39:57,10.8700,421,2
2026-05-18,000001,13:40:03,10.8700,5,2
2026-05-18,000001,13:40:06,10.8800,41,1
2026-05-18,000001,13:40:09,10.8700,25,2
2026-05-18,000001,13:40:12,10.8800,5,1
2026-05-18,000001,13:40:15,10.8800,18,1
2026-05-18,000001,13:40:18,10.8800,206,1
2026-05-18,000001,13:40:21,10.8800,1,1
2026-05-18,000001,13:40:24,10.8700,200,2
2026-05-18,000001,13:40:27,10.8700,115,2
2026-05-18,000001,13:40:30,10.8800,44,1
2026-05-18,000001,13:40:33,10.8700,7,2
2026-05-18,000001,13:40:36,10.8800,1,1
2026-05-18,000001,13:40:39,10.8800,15,1
2026-05-18,000001,13:40:42,10.8700,297,2
2026-05-18,000001,13:40:45,10.8800,43,1
2026-05-18,000001,13:40:48,10.8800,172,1
2026-05-18,000001,13:40:51,10.8700,85,2
2026-05-18,000001,13:40:54,10.8800,1,1
2026-05-18,000001,13:40:57,10.8700,62,2
2026-05-18,000001,13:41:00,10.8700,85,2
2026-05-18,000001,13:41:03,10.8800,37,1
2026-05-18,000001,13:41:09,10.8800,102,1
2026-05-18,000001,13:41:12,10.8800,40,1
2026-05-18,000001,13:41:15,10.8700,22,2
2026-05-18,000001,13:41:18,10.8800,15,1
2026-05-18,000001,13:41:21,10.8800,91,1
2026-05-18,000001,13:41:24,10.8800,170,1
2026-05-18,000001,13:41:27,10.8800,35,1
2026-05-18,000001,13:41:30,10.8700,70,2
2026-05-18,000001,13:41:33,10.8800,765,1
2026-05-18,000001,13:41:36,10.8800,14,1
2026-05-18,000001,13:41:39,10.8800,11,1
2026-05-18,000001,13:41:45,10.8800,60,1
2026-05-18,000001,13:41:48,10.8800,5,1
2026-05-18,000001,13:41:51,10.8800,1,1
2026-05-18,000001,13:41:54,10.8800,1,1
2026-05-18,000001,13:42:00,10.8800,3,1
2026-05-18,000001,13:42:03,10.8800,20,1
2026-05-18,000001,13:42:06,10.8700,10,2
2026-05-18,000001,13:42:09,10.8800,1,1
2026-05-18,000001,13:42:12,10.8800,1,1
2026-05-18,000001,13:42:15,10.8800,26,1
2026-05-18,000001,13:42:18,10.8700,51,2
2026-05-18,000001,13:42:21,10.8700,164,2
2026-05-18,000001,13:42:24,10.8700,27,2
2026-05-18,000001,13:42:27,10.8700,8,2
2026-05-18,000001,13:42:30,10.8700,16,2
2026-05-18,000001,13:42:33,10.8700,12,2
2026-05-18,000001,13:42:36,10.8700,26,2
2026-05-18,000001,13:42:39,10.8700,70,2
2026-05-18,000001,13:42:42,10.8800,10,1
2026-05-18,000001,13:42:45,10.8800,30,1
2026-05-18,000001,13:42:48,10.8700,3,2
2026-05-18,000001,13:42:51,10.8800,16,1
2026-05-18,000001,13:42:57,10.8800,88,1
2026-05-18,000001,13:43:03,10.8700,60,2
2026-05-18,000001,13:43:09,10.8800,141,1
2026-05-18,000001,13:43:12,10.8800,22,1
2026-05-18,000001,13:43:15,10.8800,39,1
2026-05-18,000001,13:43:18,10.8700,200,2
2026-05-18,000001,13:43:21,10.8800,176,1
2026-05-18,000001,13:43:24,10.8700,1,2
2026-05-18,000001,13:43:27,10.8700,116,2
2026-05-18,000001,13:43:30,10.8800,11,1
2026-05-18,000001,13:43:33,10.8800,3,1
2026-05-18,000001,13:43:36,10.8800,105,1
2026-05-18,000001,13:43:39,10.8800,75,1
2026-05-18,000001,13:43:42,10.8700,10,2
2026-05-18,000001,13:43:45,10.8700,32,2
2026-05-18,000001,13:43:48,10.8700,56,2
2026-05-18,000001,13:43:51,10.8800,41,1
2026-05-18,000001,13:43:54,10.8800,1,1
2026-05-18,000001,13:43:57,10.8800,2,1
2026-05-18,000001,13:44:00,10.8800,515,1
2026-05-18,000001,13:44:09,10.8800,4,1
2026-05-18,000001,13:44:12,10.8700,2,2
2026-05-18,000001,13:44:15,10.8800,3,1
2026-05-18,000001,13:44:18,10.8700,49,2
2026-05-18,000001,13:44:21,10.8800,27,1
2026-05-18,000001,13:44:24,10.8800,225,1
2026-05-18,000001,13:44:27,10.8800,12,1
2026-05-18,000001,13:44:30,10.8800,7,1
2026-05-18,000001,13:44:36,10.8800,124,1
2026-05-18,000001,13:44:39,10.8700,54,2
2026-05-18,000001,13:44:42,10.8700,20,2
2026-05-18,000001,13:44:45,10.8800,42,1
2026-05-18,000001,13:44:48,10.8800,16,1
2026-05-18,000001,13:44:54,10.8800,13,1
2026-05-18,000001,13:44:57,10.8700,29,2
2026-05-18,000001,13:45:00,10.8800,126,1
2026-05-18,000001,13:45:03,10.8700,186,2
2026-05-18,000001,13:45:06,10.8700,42,2
2026-05-18,000001,13:45:09,10.8800,43,1
2026-05-18,000001,13:45:12,10.8700,22,2
2026-05-18,000001,13:45:15,10.8700,148,2
2026-05-18,000001,13:45:21,10.8800,1,1
2026-05-18,000001,13:45:24,10.8700,27,2
2026-05-18,000001,13:45:27,10.8800,17,1
2026-05-18,000001,13:45:30,10.8800,23,1
2026-05-18,000001,13:45:33,10.8800,52,1
2026-05-18,000001,13:45:36,10.8800,10,1
2026-05-18,000001,13:45:39,10.8800,10,1
2026-05-18,000001,13:45:42,10.8700,62,2
2026-05-18,000001,13:45:45,10.8700,3,2
2026-05-18,000001,13:45:48,10.8700,38,2
2026-05-18,000001,13:45:51,10.8800,1,1
2026-05-18,000001,13:45:54,10.8800,10,1
2026-05-18,000001,13:46:03,10.8800,8,1
2026-05-18,000001,13:46:06,10.8800,26,1
2026-05-18,000001,13:46:09,10.8800,22,1
2026-05-18,000001,13:46:12,10.8700,52,2
2026-05-18,000001,13:46:15,10.8700,95,2
2026-05-18,000001,13:46:18,10.8700,127,2
2026-05-18,000001,13:46:21,10.8800,15,1
2026-05-18,000001,13:46:24,10.8800,30,1
2026-05-18,000001,13:46:27,10.8800,1,1
2026-05-18,000001,13:46:30,10.8800,36,1
2026-05-18,000001,13:46:33,10.8800,3,1
2026-05-18,000001,13:46:36,10.8700,19,2
2026-05-18,000001,13:46:39,10.8800,16,1
2026-05-18,000001,13:46:42,10.8700,13,2
2026-05-18,000001,13:46:45,10.8800,17,1
2026-05-18,000001,13:46:51,10.8800,1,1
2026-05-18,000001,13:46:54,10.8800,1,1
2026-05-18,000001,13:46:57,10.8700,1,2
2026-05-18,000001,13:47:00,10.8700,23,2
2026-05-18,000001,13:47:03,10.8800,6,1
2026-05-18,000001,13:47:06,10.8800,1,1
2026-05-18,000001,13:47:09,10.8800,20,1
2026-05-18,000001,13:47:12,10.8800,21,1
2026-05-18,000001,13:47:15,10.8700,38,2
2026-05-18,000001,13:47:21,10.8700,63,2
2026-05-18,000001,13:47:24,10.8700,137,2
2026-05-18,000001,13:47:27,10.8700,9,2
2026-05-18,000001,13:47:30,10.8800,13,1
2026-05-18,000001,13:47:33,10.8800,104,1
2026-05-18,000001,13:47:36,10.8800,34,1
2026-05-18,000001,13:47:42,10.8800,31,1
2026-05-18,000001,13:47:45,10.8700,2,2
2026-05-18,000001,13:47:48,10.8700,14,2
2026-05-18,000001,13:47:51,10.8800,36,1
2026-05-18,000001,13:47:54,10.8800,169,1
2026-05-18,000001,13:47:57,10.8800,4,1
2026-05-18,000001,13:48:00,10.8800,13,1
2026-05-18,000001,13:48:03,10.8800,11,1
2026-05-18,000001,13:48:09,10.8800,10,1
2026-05-18,000001,13:48:12,10.8700,26,2
2026-05-18,000001,13:48:15,10.8700,83,2
2026-05-18,000001,13:48:21,10.8800,2,1
2026-05-18,000001,13:48:24,10.8800,17,1
2026-05-18,000001,13:48:27,10.8700,39,2
2026-05-18,000001,13:48:30,10.8800,1,1
2026-05-18,000001,13:48:33,10.8800,413,1
2026-05-18,000001,13:48:36,10.8800,54,1
2026-05-18,000001,13:48:39,10.8800,56,1
2026-05-18,000001,13:48:42,10.8800,70,1
2026-05-18,000001,13:48:45,10.8800,220,1
2026-05-18,000001,13:48:48,10.8800,951,1
2026-05-18,000001,13:48:51,10.8800,668,1
2026-05-18,000001,13:48:54,10.8800,616,2
2026-05-18,000001,13:48:57,10.8700,84,2
2026-05-18,000001,13:49:00,10.8800,62,1
2026-05-18,000001,13:49:03,10.8800,220,1
2026-05-18,000001,13:49:06,10.8800,112,1
2026-05-18,000001,13:49:09,10.8700,116,2
2026-05-18,000001,13:49:12,10.8800,11,1
2026-05-18,000001,13:49:15,10.8700,51,2
2026-05-18,000001,13:49:18,10.8700,15,2
2026-05-18,000001,13:49:21,10.8800,61,1
2026-05-18,000001,13:49:24,10.8800,24,1
2026-05-18,000001,13:49:27,10.8800,31,1
2026-05-18,000001,13:49:30,10.8700,59,2
2026-05-18,000001,13:49:33,10.8700,36,2
2026-05-18,000001,13:49:36,10.8800,11,1
2026-05-18,000001,13:49:39,10.8800,343,1
2026-05-18,000001,13:49:42,10.8800,19,1
2026-05-18,000001,13:49:45,10.8800,147,1
2026-05-18,000001,13:49:48,10.8800,33,1
2026-05-18,000001,13:49:51,10.8800,54,1
2026-05-18,000001,13:49:54,10.8800,42,1
2026-05-18,000001,13:49:57,10.8700,187,2
2026-05-18,000001,13:50:00,10.8800,66,1
2026-05-18,000001,13:50:03,10.8700,38,2
2026-05-18,000001,13:50:06,10.8800,31,1
2026-05-18,000001,13:50:09,10.8800,82,1
2026-05-18,000001,13:50:12,10.8800,32,1
2026-05-18,000001,13:50:15,10.8800,274,1
2026-05-18,000001,13:50:18,10.8800,116,1
2026-05-18,000001,13:50:21,10.8800,173,1
2026-05-18,000001,13:50:24,10.8800,2,1
2026-05-18,000001,13:50:27,10.8800,67,1
2026-05-18,000001,13:50:30,10.8800,70,1
2026-05-18,000001,13:50:33,10.8800,241,2
2026-05-18,000001,13:50:36,10.8800,87,2
2026-05-18,000001,13:50:39,10.8800,7,1
2026-05-18,000001,13:50:42,10.8800,1,1
2026-05-18,000001,13:50:48,10.8800,30,1
2026-05-18,000001,13:50:51,10.8800,34,1
2026-05-18,000001,13:50:54,10.8800,71,1
2026-05-18,000001,13:50:57,10.8700,33,2
2026-05-18,000001,13:51:00,10.8800,11,1
2026-05-18,000001,13:51:03,10.8800,13,1
2026-05-18,000001,13:51:09,10.8800,17,1
2026-05-18,000001,13:51:12,10.8700,494,2
2026-05-18,000001,13:51:15,10.8800,3,1
2026-05-18,000001,13:51:18,10.8700,12,2
2026-05-18,000001,13:51:21,10.8700,85,2
2026-05-18,000001,13:51:27,10.8700,148,2
2026-05-18,000001,13:51:30,10.8800,16,1
2026-05-18,000001,13:51:36,10.8700,364,2
2026-05-18,000001,13:51:39,10.8800,160,1
2026-05-18,000001,13:51:42,10.8800,24,1
2026-05-18,000001,13:51:45,10.8800,1,1
2026-05-18,000001,13:51:48,10.8800,11,1
2026-05-18,000001,13:51:51,10.8800,14,1
2026-05-18,000001,13:51:54,10.8800,89,1
2026-05-18,000001,13:51:57,10.8800,1,1
2026-05-18,000001,13:52:00,10.8800,300,1
2026-05-18,000001,13:52:03,10.8800,690,2
2026-05-18,000001,13:52:06,10.8800,12,1
2026-05-18,000001,13:52:09,10.8800,45,1
2026-05-18,000001,13:52:12,10.8800,135,1
2026-05-18,000001,13:52:15,10.8800,6,1
2026-05-18,000001,13:52:18,10.8800,25,1
2026-05-18,000001,13:52:21,10.8800,1,1
2026-05-18,000001,13:52:24,10.8700,6,2
2026-05-18,000001,13:52:27,10.8700,13,2
2026-05-18,000001,13:52:30,10.8800,16,1
2026-05-18,000001,13:52:33,10.8700,150,2
2026-05-18,000001,13:52:39,10.8800,109,1
2026-05-18,000001,13:52:42,10.8800,30,1
2026-05-18,000001,13:52:45,10.8800,1,1
2026-05-18,000001,13:52:48,10.8700,3,2
2026-05-18,000001,13:52:51,10.8800,4,1
2026-05-18,000001,13:52:54,10.8800,16,1
2026-05-18,000001,13:52:57,10.8800,1,1
2026-05-18,000001,13:53:03,10.8700,15,2
2026-05-18,000001,13:53:06,10.8800,2,1
2026-05-18,000001,13:53:09,10.8700,15,2
2026-05-18,000001,13:53:15,10.8800,41,1
2026-05-18,000001,13:53:18,10.8800,12,1
2026-05-18,000001,13:53:21,10.8800,9,1
2026-05-18,000001,13:53:27,10.8800,106,1
2026-05-18,000001,13:53:33,10.8800,2,1
2026-05-18,000001,13:53:36,10.8800,70,1
2026-05-18,000001,13:53:39,10.8700,117,2
2026-05-18,000001,13:53:42,10.8700,83,2
2026-05-18,000001,13:53:45,10.8800,2,1
2026-05-18,000001,13:53:48,10.8800,12,1
2026-05-18,000001,13:53:51,10.8700,19,2
2026-05-18,000001,13:53:54,10.8700,20,2
2026-05-18,000001,13:53:57,10.8800,34,1
2026-05-18,000001,13:54:06,10.8800,11,1
2026-05-18,000001,13:54:09,10.8700,26,2
2026-05-18,000001,13:54:12,10.8800,1,1
2026-05-18,000001,13:54:15,10.8800,8,1
2026-05-18,000001,13:54:18,10.8700,23,2
2026-05-18,000001,13:54:21,10.8800,1,1
2026-05-18,000001,13:54:24,10.8800,70,1
2026-05-18,000001,13:54:27,10.8800,26,1
2026-05-18,000001,13:54:30,10.8800,84,1
2026-05-18,000001,13:54:33,10.8700,3034,2
2026-05-18,000001,13:54:36,10.8700,215,2
2026-05-18,000001,13:54:39,10.8700,1060,2
2026-05-18,000001,13:54:42,10.8800,184,1
2026-05-18,000001,13:54:45,10.8800,87,1
2026-05-18,000001,13:54:48,10.8800,279,1
2026-05-18,000001,13:54:54,10.8700,15,2
2026-05-18,000001,13:54:57,10.8700,5,2
2026-05-18,000001,13:55:00,10.8700,150,2
2026-05-18,000001,13:55:03,10.8800,47,1
2026-05-18,000001,13:55:09,10.8800,8,1
2026-05-18,000001,13:55:12,10.8800,52,1
2026-05-18,000001,13:55:15,10.8700,11,2
2026-05-18,000001,13:55:18,10.8800,4,1
2026-05-18,000001,13:55:21,10.8800,26,1
2026-05-18,000001,13:55:24,10.8800,13,1
2026-05-18,000001,13:55:27,10.8700,5,2
2026-05-18,000001,13:55:30,10.8800,15,1
2026-05-18,000001,13:55:33,10.8700,29,2
2026-05-18,000001,13:55:36,10.8700,14,2
2026-05-18,000001,13:55:39,10.8800,1,1
2026-05-18,000001,13:55:42,10.8700,121,2
2026-05-18,000001,13:55:45,10.8800,17,1
2026-05-18,000001,13:55:48,10.8700,24,2
2026-05-18,000001,13:55:54,10.8700,9,2
2026-05-18,000001,13:55:57,10.8700,1,2
2026-05-18,000001,13:56:00,10.8700,5,2
2026-05-18,000001,13:56:06,10.8700,25,2
2026-05-18,000001,13:56:09,10.8800,15,1
2026-05-18,000001,13:56:12,10.8800,55,1
2026-05-18,000001,13:56:15,10.8700,5,2
2026-05-18,000001,13:56:18,10.8800,20,1
2026-05-18,000001,13:56:21,10.8800,31,1
2026-05-18,000001,13:56:24,10.8800,80,1
2026-05-18,000001,13:56:27,10.8700,760,2
2026-05-18,000001,13:56:30,10.8700,357,2
2026-05-18,000001,13:56:33,10.8700,47,2
2026-05-18,000001,13:56:36,10.8800,75,1
2026-05-18,000001,13:56:39,10.8700,47,2
2026-05-18,000001,13:56:42,10.8800,6,1
2026-05-18,000001,13:56:45,10.8800,1,1
2026-05-18,000001,13:56:48,10.8700,17,2
2026-05-18,000001,13:56:51,10.8800,2,1
2026-05-18,000001,13:56:54,10.8700,1,2
2026-05-18,000001,13:56:57,10.8700,1,2
2026-05-18,000001,13:57:06,10.8800,49,1
2026-05-18,000001,13:57:09,10.8700,24,2
2026-05-18,000001,13:57:12,10.8700,11,2
2026-05-18,000001,13:57:15,10.8800,22,1
2026-05-18,000001,13:57:18,10.8700,16,2
2026-05-18,000001,13:57:21,10.8800,55,1
2026-05-18,000001,13:57:27,10.8800,11,1
2026-05-18,000001,13:57:30,10.8800,26,1
2026-05-18,000001,13:57:33,10.8800,21,1
2026-05-18,000001,13:57:36,10.8700,174,2
2026-05-18,000001,13:57:39,10.8800,67,1
2026-05-18,000001,13:57:42,10.8700,8,2
2026-05-18,000001,13:57:45,10.8800,125,1
2026-05-18,000001,13:57:48,10.8800,20,1
2026-05-18,000001,13:57:51,10.8800,70,1
2026-05-18,000001,13:57:54,10.8700,93,2
2026-05-18,000001,13:57:57,10.8800,55,1
2026-05-18,000001,13:58:00,10.8800,44,1
2026-05-18,000001,13:58:06,10.8700,130,2
2026-05-18,000001,13:58:09,10.8800,11,1
2026-05-18,000001,13:58:12,10.8700,59,2
2026-05-18,000001,13:58:15,10.8800,148,1
2026-05-18,000001,13:58:18,10.8600,1928,2
2026-05-18,000001,13:58:21,10.8600,44,2
2026-05-18,000001,13:58:24,10.8700,170,1
2026-05-18,000001,13:58:27,10.8600,39,2
2026-05-18,000001,13:58:30,10.8700,114,1
2026-05-18,000001,13:58:33,10.8700,6,1
2026-05-18,000001,13:58:36,10.8700,23,1
2026-05-18,000001,13:58:39,10.8600,72,2
2026-05-18,000001,13:58:42,10.8600,432,2
2026-05-18,000001,13:58:45,10.8600,91,2
2026-05-18,000001,13:58:48,10.8700,137,1
2026-05-18,000001,13:58:51,10.8700,49,1
2026-05-18,000001,13:58:54,10.8600,67,2
2026-05-18,000001,13:58:57,10.8600,46,2
2026-05-18,000001,13:59:00,10.8600,46,2
2026-05-18,000001,13:59:03,10.8600,5,2
2026-05-18,000001,13:59:06,10.8700,28,1
2026-05-18,000001,13:59:09,10.8700,1,1
2026-05-18,000001,13:59:12,10.8600,121,2
2026-05-18,000001,13:59:15,10.8700,62,1
2026-05-18,000001,13:59:18,10.8700,35,1
2026-05-18,000001,13:59:21,10.8600,11,2
2026-05-18,000001,13:59:24,10.8600,70,2
2026-05-18,000001,13:59:27,10.8700,47,1
2026-05-18,000001,13:59:30,10.8600,75,2
2026-05-18,000001,13:59:33,10.8600,101,2
2026-05-18,000001,13:59:36,10.8600,11,2
2026-05-18,000001,13:59:39,10.8700,40,1
2026-05-18,000001,13:59:42,10.8600,32,2
2026-05-18,000001,13:59:45,10.8700,13,1
2026-05-18,000001,13:59:48,10.8700,1,1
2026-05-18,000001,13:59:51,10.8700,1,1
2026-05-18,000001,13:59:54,10.8700,260,1
2026-05-18,000001,13:59:57,10.8700,2,1
2026-05-18,000001,14:00:00,10.8700,10,1
2026-05-18,000001,14:00:03,10.8600,21,2
2026-05-18,000001,14:00:06,10.8700,11,1
2026-05-18,000001,14:00:09,10.8700,419,1
2026-05-18,000001,14:00:12,10.8700,8,1
2026-05-18,000001,14:00:15,10.8700,445,1
2026-05-18,000001,14:00:21,10.8600,128,2
2026-05-18,000001,14:00:24,10.8700,327,1
2026-05-18,000001,14:00:27,10.8700,221,1
2026-05-18,000001,14:00:30,10.8700,148,1
2026-05-18,000001,14:00:33,10.8600,561,2
2026-05-18,000001,14:00:36,10.8700,267,1
2026-05-18,000001,14:00:39,10.8600,235,2
2026-05-18,000001,14:00:42,10.8600,198,2
2026-05-18,000001,14:00:45,10.8600,9813,2
2026-05-18,000001,14:00:48,10.8600,328,1
2026-05-18,000001,14:00:51,10.8600,35,1
2026-05-18,000001,14:00:54,10.8500,22,2
2026-05-18,000001,14:00:57,10.8600,5,1
2026-05-18,000001,14:01:00,10.8600,1106,1
2026-05-18,000001,14:01:03,10.8500,61,2
2026-05-18,000001,14:01:06,10.8600,330,1
2026-05-18,000001,14:01:09,10.8500,200,2
2026-05-18,000001,14:01:12,10.8600,362,1
2026-05-18,000001,14:01:15,10.8600,93,1
2026-05-18,000001,14:01:18,10.8600,366,1
2026-05-18,000001,14:01:21,10.8600,126,1
2026-05-18,000001,14:01:24,10.8600,205,1
2026-05-18,000001,14:01:27,10.8500,29,2
2026-05-18,000001,14:01:30,10.8500,56,2
2026-05-18,000001,14:01:33,10.8500,141,2
2026-05-18,000001,14:01:39,10.8500,0,2
2026-05-18,000001,14:01:42,10.8600,94,1
2026-05-18,000001,14:01:45,10.8600,52,1
2026-05-18,000001,14:01:51,10.8600,43,1
2026-05-18,000001,14:01:54,10.8600,30,1
2026-05-18,000001,14:01:57,10.8500,44,2
2026-05-18,000001,14:02:00,10.8500,47,2
2026-05-18,000001,14:02:03,10.8600,21,1
2026-05-18,000001,14:02:09,10.8400,19596,2
2026-05-18,000001,14:02:12,10.8400,724,2
2026-05-18,000001,14:02:15,10.8400,22,2
2026-05-18,000001,14:02:21,10.8500,130,1
2026-05-18,000001,14:02:24,10.8500,10,1
2026-05-18,000001,14:02:27,10.8400,145,2
2026-05-18,000001,14:02:30,10.8400,17,2
2026-05-18,000001,14:02:33,10.8400,97,2
2026-05-18,000001,14:02:36,10.8400,5,2
2026-05-18,000001,14:02:39,10.8400,152,2
2026-05-18,000001,14:02:42,10.8500,85,1
2026-05-18,000001,14:02:45,10.8500,47,1
2026-05-18,000001,14:02:48,10.8500,75,1
2026-05-18,000001,14:02:51,10.8500,1,1
2026-05-18,000001,14:02:57,10.8400,1508,2
2026-05-18,000001,14:03:00,10.8500,3,1
2026-05-18,000001,14:03:03,10.8400,109,2
2026-05-18,000001,14:03:06,10.8400,1248,2
2026-05-18,000001,14:03:09,10.8500,366,1
2026-05-18,000001,14:03:12,10.8400,705,2
2026-05-18,000001,14:03:15,10.8400,368,1
2026-05-18,000001,14:03:18,10.8400,283,1
2026-05-18,000001,14:03:21,10.8500,213,1
2026-05-18,000001,14:03:24,10.8400,130,2
2026-05-18,000001,14:03:27,10.8400,206,1
2026-05-18,000001,14:03:30,10.8400,37,1
2026-05-18,000001,14:03:33,10.8400,141,1
2026-05-18,000001,14:03:36,10.8400,103,1
2026-05-18,000001,14:03:39,10.8300,35,2
2026-05-18,000001,14:03:42,10.8400,366,1
2026-05-18,000001,14:03:45,10.8400,82,1
2026-05-18,000001,14:03:48,10.8400,157,1
2026-05-18,000001,14:03:51,10.8300,157,2
2026-05-18,000001,14:03:54,10.8400,120,1
2026-05-18,000001,14:03:57,10.8300,13,2
2026-05-18,000001,14:04:00,10.8300,53,2
2026-05-18,000001,14:04:03,10.8400,59,1
2026-05-18,000001,14:04:06,10.8400,47,1
2026-05-18,000001,14:04:09,10.8400,209,1
2026-05-18,000001,14:04:12,10.8300,100,2
2026-05-18,000001,14:04:15,10.8400,50,1
2026-05-18,000001,14:04:18,10.8400,77,1
2026-05-18,000001,14:04:21,10.8400,169,1
2026-05-18,000001,14:04:24,10.8400,58,1
2026-05-18,000001,14:04:27,10.8400,41,1
2026-05-18,000001,14:04:30,10.8400,68,1
2026-05-18,000001,14:04:33,10.8400,119,1
2026-05-18,000001,14:04:36,10.8400,61,1
2026-05-18,000001,14:04:39,10.8400,73,1
2026-05-18,000001,14:04:42,10.8400,53,1
2026-05-18,000001,14:04:45,10.8400,6,1
2026-05-18,000001,14:04:48,10.8400,33,1
2026-05-18,000001,14:04:51,10.8400,32,1
2026-05-18,000001,14:04:54,10.8400,45,1
2026-05-18,000001,14:04:57,10.8400,14,1
2026-05-18,000001,14:05:00,10.8400,132,1
2026-05-18,000001,14:05:03,10.8400,31,1
2026-05-18,000001,14:05:06,10.8300,140,2
2026-05-18,000001,14:05:09,10.8400,14,1
2026-05-18,000001,14:05:12,10.8400,114,1
2026-05-18,000001,14:05:15,10.8300,281,2
2026-05-18,000001,14:05:18,10.8400,141,1
2026-05-18,000001,14:05:21,10.8300,86,2
2026-05-18,000001,14:05:24,10.8400,128,1
2026-05-18,000001,14:05:27,10.8400,1,1
2026-05-18,000001,10:48:18,10.8800,15,2
2026-05-18,000001,10:48:21,10.8900,12,1
2026-05-18,000001,10:48:24,10.8800,63,2
2026-05-18,000001,10:48:27,10.8800,156,2
2026-05-18,000001,10:48:30,10.8800,367,2
2026-05-18,000001,10:48:33,10.8800,1160,2
2026-05-18,000001,10:48:36,10.8800,542,1
2026-05-18,000001,10:48:39,10.8800,517,1
2026-05-18,000001,10:48:42,10.8800,190,1
2026-05-18,000001,10:48:45,10.8700,4,2
2026-05-18,000001,10:48:48,10.8800,19,1
2026-05-18,000001,10:48:51,10.8800,108,1
2026-05-18,000001,10:48:54,10.8700,46,2
2026-05-18,000001,10:48:57,10.8800,89,1
2026-05-18,000001,10:49:00,10.8700,43,2
2026-05-18,000001,10:49:06,10.8800,71,1
2026-05-18,000001,10:49:09,10.8800,1,1
2026-05-18,000001,10:49:12,10.8800,13,1
2026-05-18,000001,10:49:15,10.8800,11,1
2026-05-18,000001,10:49:18,10.8800,2,1
2026-05-18,000001,10:49:21,10.8700,1,2
2026-05-18,000001,10:49:24,10.8800,55,1
2026-05-18,000001,10:49:27,10.8800,54,1
2026-05-18,000001,10:49:30,10.8800,16,1
2026-05-18,000001,10:49:33,10.8700,1,2
2026-05-18,000001,10:49:36,10.8700,112,2
2026-05-18,000001,10:49:39,10.8700,10,2
2026-05-18,000001,10:49:42,10.8800,18,1
2026-05-18,000001,10:49:45,10.8800,23,1
2026-05-18,000001,10:49:48,10.8700,95,2
2026-05-18,000001,10:49:51,10.8800,1,1
2026-05-18,000001,10:49:54,10.8800,64,1
2026-05-18,000001,10:49:57,10.8800,2,1
2026-05-18,000001,10:50:00,10.8800,146,1
2026-05-18,000001,10:50:03,10.8700,61,2
2026-05-18,000001,10:50:06,10.8800,27,1
2026-05-18,000001,10:50:09,10.8800,43,1
2026-05-18,000001,10:50:12,10.8800,19,1
2026-05-18,000001,10:50:15,10.8800,20,1
2026-05-18,000001,10:50:18,10.8800,72,1
2026-05-18,000001,10:50:21,10.8700,201,2
2026-05-18,000001,10:50:24,10.8800,11,1
2026-05-18,000001,10:50:27,10.8700,17,2
2026-05-18,000001,10:50:30,10.8800,36,1
2026-05-18,000001,10:50:33,10.8800,34,1
2026-05-18,000001,10:50:36,10.8800,22,1
2026-05-18,000001,10:50:39,10.8800,114,1
2026-05-18,000001,10:50:42,10.8800,36,1
2026-05-18,000001,10:50:45,10.8800,75,1
2026-05-18,000001,10:50:48,10.8800,13,1
2026-05-18,000001,10:50:51,10.8800,65,1
2026-05-18,000001,10:50:54,10.8800,201,1
2026-05-18,000001,10:50:57,10.8800,106,1
2026-05-18,000001,10:51:00,10.8800,17,1
2026-05-18,000001,10:51:06,10.8800,60,1
2026-05-18,000001,10:51:09,10.8800,189,1
2026-05-18,000001,10:51:12,10.8800,23,1
2026-05-18,000001,10:51:15,10.8800,23,1
2026-05-18,000001,10:51:18,10.8800,353,1
2026-05-18,000001,10:51:21,10.8800,65,1
2026-05-18,000001,10:51:24,10.8800,82,1
2026-05-18,000001,10:51:27,10.8700,85,2
2026-05-18,000001,10:51:30,10.8800,36,1
2026-05-18,000001,10:51:33,10.8800,48,1
2026-05-18,000001,10:51:36,10.8800,160,1
2026-05-18,000001,10:51:39,10.8700,158,2
2026-05-18,000001,10:51:42,10.8700,242,2
2026-05-18,000001,10:51:45,10.8700,129,2
2026-05-18,000001,10:51:48,10.8800,84,1
2026-05-18,000001,10:51:51,10.8700,57,2
2026-05-18,000001,10:51:54,10.8800,25,1
2026-05-18,000001,10:51:57,10.8800,112,1
2026-05-18,000001,10:52:00,10.8800,82,1
2026-05-18,000001,10:52:03,10.8700,1793,2
2026-05-18,000001,10:52:06,10.8700,1622,2
2026-05-18,000001,10:52:09,10.8700,708,2
2026-05-18,000001,10:52:12,10.8700,172,2
2026-05-18,000001,10:52:15,10.8700,12,2
2026-05-18,000001,10:52:18,10.8800,142,1
2026-05-18,000001,10:52:21,10.8800,83,1
2026-05-18,000001,10:52:24,10.8700,168,2
2026-05-18,000001,10:52:27,10.8700,280,2
2026-05-18,000001,10:52:30,10.8700,127,2
2026-05-18,000001,10:52:33,10.8700,16,2
2026-05-18,000001,10:52:36,10.8700,26,2
2026-05-18,000001,10:52:39,10.8800,34,1
2026-05-18,000001,10:52:42,10.8700,23,2
2026-05-18,000001,10:52:45,10.8700,61,2
2026-05-18,000001,10:52:48,10.8800,85,1
2026-05-18,000001,10:52:51,10.8800,28,1
2026-05-18,000001,10:52:54,10.8700,235,2
2026-05-18,000001,10:52:57,10.8800,172,1
2026-05-18,000001,10:53:00,10.8700,36,2
2026-05-18,000001,10:53:03,10.8700,40,2
2026-05-18,000001,10:53:06,10.8700,112,2
2026-05-18,000001,10:53:09,10.8800,424,1
2026-05-18,000001,10:53:12,10.8700,444,2
2026-05-18,000001,10:53:15,10.8700,230,2
2026-05-18,000001,10:53:18,10.8700,98,2
2026-05-18,000001,10:53:21,10.8800,46,1
2026-05-18,000001,10:53:24,10.8800,40,1
2026-05-18,000001,10:53:27,10.8800,89,1
2026-05-18,000001,10:53:30,10.8800,67,1
2026-05-18,000001,10:53:33,10.8800,56,1
2026-05-18,000001,10:53:36,10.8800,43,1
2026-05-18,000001,10:53:39,10.8700,30,2
2026-05-18,000001,10:53:42,10.8700,41,2
2026-05-18,000001,10:53:45,10.8800,15,1
2026-05-18,000001,10:53:48,10.8800,6,1
2026-05-18,000001,10:53:51,10.8700,3,2
2026-05-18,000001,10:53:54,10.8800,22,1
2026-05-18,000001,10:53:57,10.8700,32,2
2026-05-18,000001,10:54:00,10.8800,32,1
2026-05-18,000001,10:54:03,10.8800,122,1
2026-05-18,000001,10:54:06,10.8800,10,1
2026-05-18,000001,10:54:09,10.8800,17,1
2026-05-18,000001,10:54:12,10.8800,11,1
2026-05-18,000001,10:54:15,10.8700,34,2
2026-05-18,000001,10:54:18,10.8800,32,1
2026-05-18,000001,10:54:21,10.8800,30,1
2026-05-18,000001,10:54:27,10.8700,115,2
2026-05-18,000001,10:54:30,10.8800,78,1
2026-05-18,000001,10:54:33,10.8700,105,2
2026-05-18,000001,10:54:36,10.8800,59,1
2026-05-18,000001,10:54:39,10.8800,17,1
2026-05-18,000001,10:54:42,10.8700,4,2
2026-05-18,000001,10:54:45,10.8800,102,1
2026-05-18,000001,10:54:48,10.8800,55,1
2026-05-18,000001,10:54:51,10.8700,48,2
2026-05-18,000001,10:54:54,10.8700,19,2
2026-05-18,000001,10:54:57,10.8800,39,1
2026-05-18,000001,10:55:00,10.8800,152,1
2026-05-18,000001,10:55:03,10.8700,117,2
2026-05-18,000001,10:55:06,10.8700,34,2
2026-05-18,000001,10:55:09,10.8800,25,1
2026-05-18,000001,10:55:12,10.8800,77,1
2026-05-18,000001,10:55:15,10.8800,113,1
2026-05-18,000001,10:55:18,10.8800,253,1
2026-05-18,000001,10:55:21,10.8800,95,1
2026-05-18,000001,10:55:24,10.8800,3,1
2026-05-18,000001,10:55:27,10.8800,20,1
2026-05-18,000001,10:55:30,10.8800,1,1
2026-05-18,000001,10:55:33,10.8800,31,1
2026-05-18,000001,10:55:36,10.8800,7,1
2026-05-18,000001,10:55:39,10.8800,109,1
2026-05-18,000001,10:55:42,10.8800,28,1
2026-05-18,000001,10:55:45,10.8800,54,1
2026-05-18,000001,10:55:48,10.8800,20,1
2026-05-18,000001,10:55:51,10.8800,47,1
2026-05-18,000001,10:55:54,10.8700,38,2
2026-05-18,000001,10:55:57,10.8800,16,1
2026-05-18,000001,10:56:00,10.8800,6,1
2026-05-18,000001,10:56:03,10.8700,109,2
2026-05-18,000001,10:56:06,10.8700,183,2
2026-05-18,000001,10:56:09,10.8800,133,1
2026-05-18,000001,10:56:12,10.8700,92,2
2026-05-18,000001,10:56:15,10.8800,29,1
2026-05-18,000001,10:56:18,10.8800,21,1
2026-05-18,000001,10:56:21,10.8700,141,2
2026-05-18,000001,10:56:24,10.8700,6830,2
2026-05-18,000001,10:56:27,10.8600,823,2
2026-05-18,000001,10:56:30,10.8700,312,1
2026-05-18,000001,10:56:36,10.8700,14,1
2026-05-18,000001,10:56:42,10.8700,48,1
2026-05-18,000001,10:56:45,10.8600,134,2
2026-05-18,000001,10:56:48,10.8600,15,2
2026-05-18,000001,10:56:51,10.8700,53,1
2026-05-18,000001,10:56:54,10.8700,35,1
2026-05-18,000001,10:56:57,10.8700,33,1
2026-05-18,000001,10:57:00,10.8700,137,1
2026-05-18,000001,10:57:03,10.8600,203,2
2026-05-18,000001,10:57:06,10.8600,62,2
2026-05-18,000001,10:57:09,10.8700,31,1
2026-05-18,000001,10:57:12,10.8600,2,2
2026-05-18,000001,10:57:15,10.8700,41,1
2026-05-18,000001,10:57:18,10.8600,119,2
2026-05-18,000001,10:57:21,10.8700,68,1
2026-05-18,000001,10:57:24,10.8700,35,1
2026-05-18,000001,10:57:27,10.8700,165,1
2026-05-18,000001,10:57:30,10.8700,30,1
2026-05-18,000001,10:57:33,10.8600,33,2
2026-05-18,000001,10:57:36,10.8700,168,1
2026-05-18,000001,10:57:39,10.8600,3,2
2026-05-18,000001,10:57:42,10.8700,1,1
2026-05-18,000001,10:57:45,10.8600,47,2
2026-05-18,000001,10:57:48,10.8700,25,1
2026-05-18,000001,10:57:51,10.8600,6,2
2026-05-18,000001,10:57:54,10.8700,345,1
2026-05-18,000001,10:57:57,10.8700,78,1
2026-05-18,000001,10:58:00,10.8700,28,1
2026-05-18,000001,10:58:03,10.8700,311,1
2026-05-18,000001,10:58:06,10.8600,27,2
2026-05-18,000001,10:58:09,10.8700,1015,1
2026-05-18,000001,10:58:12,10.8700,4,1
2026-05-18,000001,10:58:15,10.8700,214,1
2026-05-18,000001,10:58:18,10.8600,61,2
2026-05-18,000001,10:58:21,10.8600,20,2
2026-05-18,000001,10:58:24,10.8600,107,2
2026-05-18,000001,10:58:27,10.8700,68,1
2026-05-18,000001,10:58:30,10.8700,7,1
2026-05-18,000001,10:58:33,10.8600,2,2
2026-05-18,000001,10:58:36,10.8600,1029,2
2026-05-18,000001,10:58:39,10.8700,15,1
2026-05-18,000001,10:58:42,10.8600,40,2
2026-05-18,000001,10:58:45,10.8600,14,2
2026-05-18,000001,10:58:48,10.8700,217,1
2026-05-18,000001,10:58:51,10.8700,15,1
2026-05-18,000001,10:58:54,10.8600,7,2
2026-05-18,000001,10:58:57,10.8700,39,1
2026-05-18,000001,10:59:00,10.8700,50,1
2026-05-18,000001,10:59:03,10.8700,13,1
2026-05-18,000001,10:59:06,10.8700,21,1
2026-05-18,000001,10:59:09,10.8600,170,2
2026-05-18,000001,10:59:12,10.8700,2,1
2026-05-18,000001,10:59:15,10.8600,10,2
2026-05-18,000001,10:59:18,10.8700,7,1
2026-05-18,000001,10:59:21,10.8600,46,2
2026-05-18,000001,10:59:24,10.8700,202,1
2026-05-18,000001,10:59:27,10.8600,13,2
2026-05-18,000001,10:59:30,10.8700,19,1
2026-05-18,000001,10:59:33,10.8600,134,2
2026-05-18,000001,10:59:36,10.8600,1,2
2026-05-18,000001,10:59:39,10.8700,42,1
2026-05-18,000001,10:59:42,10.8600,85,2
2026-05-18,000001,10:59:45,10.8700,193,1
2026-05-18,000001,10:59:48,10.8700,14,1
2026-05-18,000001,10:59:51,10.8700,18,1
2026-05-18,000001,10:59:54,10.8700,82,1
2026-05-18,000001,10:59:57,10.8700,57,1
2026-05-18,000001,11:00:00,10.8700,20,1
2026-05-18,000001,11:00:03,10.8700,240,1
2026-05-18,000001,11:00:06,10.8700,49,1
2026-05-18,000001,11:00:09,10.8700,56,1
2026-05-18,000001,11:00:12,10.8700,119,1
2026-05-18,000001,11:00:15,10.8600,5,2
2026-05-18,000001,11:00:18,10.8700,3,1
2026-05-18,000001,11:00:21,10.8700,78,1
2026-05-18,000001,11:00:24,10.8600,15,2
2026-05-18,000001,11:00:27,10.8600,74,2
2026-05-18,000001,11:00:30,10.8700,71,1
2026-05-18,000001,11:00:33,10.8700,33,1
2026-05-18,000001,11:00:36,10.8700,31,1
2026-05-18,000001,11:00:39,10.8700,137,1
2026-05-18,000001,11:00:45,10.8600,15,2
2026-05-18,000001,11:00:48,10.8600,22,2
2026-05-18,000001,11:00:54,10.8600,438,2
2026-05-18,000001,11:00:57,10.8700,227,1
2026-05-18,000001,11:01:00,10.8700,77,1
2026-05-18,000001,11:01:03,10.8600,1771,2
2026-05-18,000001,11:01:06,10.8700,488,1
2026-05-18,000001,11:01:09,10.8600,19,2
2026-05-18,000001,11:01:12,10.8600,99,2
2026-05-18,000001,11:01:15,10.8700,101,1
2026-05-18,000001,11:01:18,10.8600,240,2
2026-05-18,000001,11:01:21,10.8600,6,2
2026-05-18,000001,11:01:24,10.8600,19,2
2026-05-18,000001,11:01:27,10.8700,10,1
2026-05-18,000001,11:01:30,10.8600,241,2
2026-05-18,000001,11:01:33,10.8600,1,2
2026-05-18,000001,11:01:42,10.8700,40,1
2026-05-18,000001,11:01:45,10.8700,112,1
2026-05-18,000001,11:01:48,10.8700,10,1
2026-05-18,000001,11:01:51,10.8600,62,2
2026-05-18,000001,11:01:54,10.8600,13,2
2026-05-18,000001,11:01:57,10.8600,8,2
2026-05-18,000001,11:02:03,10.8700,42,1
2026-05-18,000001,11:02:06,10.8600,28,2
2026-05-18,000001,11:02:09,10.8700,79,1
2026-05-18,000001,11:02:12,10.8700,88,1
2026-05-18,000001,11:02:15,10.8700,14,1
2026-05-18,000001,11:02:18,10.8700,4,1
2026-05-18,000001,11:02:21,10.8600,24,2
2026-05-18,000001,11:02:27,10.8600,17,2
2026-05-18,000001,11:02:30,10.8600,373,2
2026-05-18,000001,11:02:33,10.8700,143,1
2026-05-18,000001,11:02:36,10.8700,10,1
2026-05-18,000001,11:02:39,10.8600,20,2
2026-05-18,000001,11:02:42,10.8600,40,2
2026-05-18,000001,11:02:45,10.8700,6,1
2026-05-18,000001,11:02:48,10.8600,3,2
2026-05-18,000001,11:02:51,10.8700,138,1
2026-05-18,000001,11:02:54,10.8700,391,1
2026-05-18,000001,11:02:57,10.8700,98,1
2026-05-18,000001,11:03:00,10.8700,31,1
2026-05-18,000001,11:03:03,10.8700,278,1
2026-05-18,000001,11:03:06,10.8600,72,2
2026-05-18,000001,11:03:12,10.8600,33,2
2026-05-18,000001,11:03:15,10.8700,9,1
2026-05-18,000001,11:03:18,10.8700,2,1
2026-05-18,000001,11:03:24,10.8700,1,1
2026-05-18,000001,11:03:27,10.8600,105,2
2026-05-18,000001,11:03:30,10.8700,109,1
2026-05-18,000001,11:03:33,10.8700,47,1
2026-05-18,000001,11:03:36,10.8700,29,1
2026-05-18,000001,11:03:39,10.8700,36,1
2026-05-18,000001,11:03:42,10.8700,11,1
2026-05-18,000001,11:03:45,10.8700,1,1
2026-05-18,000001,11:03:51,10.8600,144,2
2026-05-18,000001,11:03:54,10.8700,12,1
2026-05-18,000001,11:03:57,10.8700,34,1
2026-05-18,000001,11:04:03,10.8700,234,1
2026-05-18,000001,11:04:06,10.8600,33,2
2026-05-18,000001,11:04:09,10.8600,12,2
2026-05-18,000001,11:04:12,10.8600,191,2
2026-05-18,000001,11:04:15,10.8600,1033,2
2026-05-18,000001,11:04:18,10.8600,3027,2
2026-05-18,000001,11:04:21,10.8600,849,2
2026-05-18,000001,11:04:24,10.8600,554,2
2026-05-18,000001,11:04:27,10.8600,6061,2
2026-05-18,000001,11:04:30,10.8600,30,1
2026-05-18,000001,11:04:33,10.8500,178,2
2026-05-18,000001,11:04:36,10.8600,433,1
2026-05-18,000001,11:04:39,10.8600,282,1
2026-05-18,000001,11:04:42,10.8600,45,1
2026-05-18,000001,11:04:45,10.8600,2,1
2026-05-18,000001,11:04:48,10.8500,14,2
2026-05-18,000001,11:04:51,10.8600,198,1
2026-05-18,000001,11:04:54,10.8600,25,1
2026-05-18,000001,11:04:57,10.8600,38,1
2026-05-18,000001,11:05:00,10.8600,148,1
2026-05-18,000001,11:05:03,10.8500,118,2
2026-05-18,000001,11:05:06,10.8500,5,2
2026-05-18,000001,11:05:12,10.8600,70,1
2026-05-18,000001,11:05:15,10.8500,57,2
2026-05-18,000001,11:05:18,10.8500,232,2
2026-05-18,000001,11:05:21,10.8600,15,1
2026-05-18,000001,11:05:24,10.8600,94,1
2026-05-18,000001,11:05:27,10.8500,14,2
2026-05-18,000001,11:05:30,10.8600,28,1
2026-05-18,000001,11:05:33,10.8500,124,2
2026-05-18,000001,11:05:36,10.8600,56,1
2026-05-18,000001,11:05:39,10.8600,100,1
2026-05-18,000001,11:05:42,10.8600,94,1
2026-05-18,000001,11:05:48,10.8600,67,1
2026-05-18,000001,11:05:51,10.8600,9,1
2026-05-18,000001,11:05:54,10.8500,4,2
2026-05-18,000001,11:06:00,10.8600,12,1
2026-05-18,000001,11:06:03,10.8500,7,2
2026-05-18,000001,11:06:06,10.8600,136,1
2026-05-18,000001,11:06:09,10.8500,29,2
2026-05-18,000001,11:06:12,10.8600,185,1
2026-05-18,000001,11:06:18,10.8600,11,1
2026-05-18,000001,11:06:21,10.8600,12,1
2026-05-18,000001,11:06:24,10.8600,13,1
2026-05-18,000001,11:06:27,10.8500,37,2
2026-05-18,000001,11:06:30,10.8500,537,2
2026-05-18,000001,11:06:33,10.8500,218,2
2026-05-18,000001,11:06:36,10.8600,100,1
2026-05-18,000001,11:06:39,10.8600,68,1
2026-05-18,000001,11:06:45,10.8500,50,2
2026-05-18,000001,11:06:48,10.8600,139,1
2026-05-18,000001,11:06:51,10.8600,27,1
2026-05-18,000001,11:06:54,10.8600,23,1
2026-05-18,000001,11:07:00,10.8500,41,2
2026-05-18,000001,11:07:03,10.8600,54,1
2026-05-18,000001,11:07:06,10.8500,82,2
2026-05-18,000001,11:07:09,10.8600,30,1
2026-05-18,000001,11:07:12,10.8500,2,2
2026-05-18,000001,11:07:15,10.8600,117,1
2026-05-18,000001,11:07:18,10.8600,40,1
2026-05-18,000001,11:07:21,10.8600,5,1
2026-05-18,000001,11:07:24,10.8500,133,2
2026-05-18,000001,11:07:27,10.8500,42,2
2026-05-18,000001,11:07:30,10.8600,9,1
2026-05-18,000001,11:07:33,10.8500,27,2
2026-05-18,000001,11:07:36,10.8600,24,1
2026-05-18,000001,11:07:39,10.8600,79,1
2026-05-18,000001,11:07:42,10.8600,24,1
2026-05-18,000001,11:07:45,10.8600,23,1
2026-05-18,000001,11:07:48,10.8600,32,1
2026-05-18,000001,11:07:51,10.8500,209,2
2026-05-18,000001,11:07:54,10.8600,47,1
2026-05-18,000001,11:07:57,10.8600,11,1
2026-05-18,000001,11:08:00,10.8500,30,2
2026-05-18,000001,11:08:03,10.8500,3,2
2026-05-18,000001,11:08:06,10.8500,106,2
2026-05-18,000001,11:08:09,10.8600,200,1
2026-05-18,000001,11:08:12,10.8600,42,1
2026-05-18,000001,11:08:15,10.8600,133,1
2026-05-18,000001,11:08:18,10.8600,153,1
2026-05-18,000001,11:08:21,10.8500,103,2
2026-05-18,000001,11:08:24,10.8500,82,2
2026-05-18,000001,11:08:27,10.8600,77,1
2026-05-18,000001,11:08:30,10.8500,27,2
2026-05-18,000001,11:08:33,10.8600,55,1
2026-05-18,000001,11:08:36,10.8600,47,1
2026-05-18,000001,11:08:39,10.8500,56,2
2026-05-18,000001,11:08:42,10.8600,107,1
2026-05-18,000001,11:08:45,10.8500,204,2
2026-05-18,000001,11:08:48,10.8600,42,1
2026-05-18,000001,11:08:51,10.8500,30,2
2026-05-18,000001,11:08:54,10.8600,8,1
2026-05-18,000001,11:08:57,10.8600,10,1
2026-05-18,000001,11:09:00,10.8600,38,1
2026-05-18,000001,11:09:03,10.8600,41,1
2026-05-18,000001,11:09:06,10.8600,63,1
2026-05-18,000001,11:09:09,10.8600,718,1
2026-05-18,000001,11:09:12,10.8600,83,1
2026-05-18,000001,11:09:15,10.8600,109,1
2026-05-18,000001,11:09:18,10.8600,60,1
2026-05-18,000001,11:09:21,10.8600,152,1
2026-05-18,000001,11:09:24,10.8600,912,1
2026-05-18,000001,11:09:27,10.8600,110,1
2026-05-18,000001,11:09:30,10.8600,175,1
2026-05-18,000001,11:09:33,10.8500,21,2
2026-05-18,000001,11:09:36,10.8600,54,1
2026-05-18,000001,11:09:39,10.8500,13,2
2026-05-18,000001,11:09:42,10.8600,104,1
2026-05-18,000001,11:09:45,10.8500,42,2
2026-05-18,000001,11:09:48,10.8600,89,1
2026-05-18,000001,11:09:51,10.8600,35,1
2026-05-18,000001,11:09:54,10.8600,40,1
2026-05-18,000001,11:09:57,10.8600,1,1
2026-05-18,000001,11:10:00,10.8500,226,2
2026-05-18,000001,11:10:03,10.8600,40,1
2026-05-18,000001,11:10:06,10.8500,26,2
2026-05-18,000001,11:10:09,10.8600,8,1
2026-05-18,000001,11:10:12,10.8600,24,1
2026-05-18,000001,11:10:15,10.8500,9,2
2026-05-18,000001,11:10:18,10.8500,22,2
2026-05-18,000001,11:10:21,10.8600,15,1
2026-05-18,000001,11:10:24,10.8600,23,1
2026-05-18,000001,11:10:27,10.8500,55,2
2026-05-18,000001,11:10:30,10.8600,10,1
2026-05-18,000001,11:10:33,10.8600,6,1
2026-05-18,000001,11:10:36,10.8600,119,1
2026-05-18,000001,11:10:39,10.8600,17,1
2026-05-18,000001,11:10:42,10.8600,12,1
2026-05-18,000001,11:10:45,10.8600,55,1
2026-05-18,000001,11:10:48,10.8600,41,1
2026-05-18,000001,11:10:51,10.8600,74,1
2026-05-18,000001,11:10:54,10.8500,37,2
2026-05-18,000001,11:10:57,10.8600,134,1
2026-05-18,000001,11:11:00,10.8600,20,1
2026-05-18,000001,11:11:03,10.8600,53,1
2026-05-18,000001,11:11:06,10.8600,108,1
2026-05-18,000001,11:11:09,10.8600,4,1
2026-05-18,000001,11:11:12,10.8600,91,1
2026-05-18,000001,11:11:15,10.8600,38,1
2026-05-18,000001,11:11:18,10.8500,35,2
2026-05-18,000001,11:11:21,10.8600,38,1
2026-05-18,000001,11:11:24,10.8600,17,1
2026-05-18,000001,11:11:27,10.8500,7,2
2026-05-18,000001,11:11:30,10.8500,14,2
2026-05-18,000001,11:11:33,10.8500,27,2
2026-05-18,000001,11:11:36,10.8600,42,1
2026-05-18,000001,11:11:39,10.8600,1,1
2026-05-18,000001,11:11:42,10.8600,70,1
2026-05-18,000001,11:11:45,10.8600,554,1
2026-05-18,000001,11:11:48,10.8600,17,1
2026-05-18,000001,11:11:51,10.8600,158,1
2026-05-18,000001,11:11:54,10.8600,126,1
2026-05-18,000001,11:11:57,10.8600,27,1
2026-05-18,000001,11:12:00,10.8500,461,2
2026-05-18,000001,11:12:03,10.8600,149,1
2026-05-18,000001,11:12:06,10.8600,58,1
2026-05-18,000001,11:12:09,10.8600,304,1
2026-05-18,000001,11:12:12,10.8600,29,1
2026-05-18,000001,11:12:15,10.8500,17,2
2026-05-18,000001,11:12:18,10.8500,2,2
2026-05-18,000001,11:12:21,10.8600,90,1
2026-05-18,000001,11:12:24,10.8600,98,1
2026-05-18,000001,11:12:27,10.8600,304,1
2026-05-18,000001,11:12:30,10.8600,561,2
2026-05-18,000001,11:12:33,10.8600,79,2
2026-05-18,000001,11:12:36,10.8700,193,1
2026-05-18,000001,11:12:39,10.8600,78,2
2026-05-18,000001,11:12:42,10.8600,1247,2
2026-05-18,000001,11:12:45,10.8600,59,1
2026-05-18,000001,11:12:48,10.8700,243,1
2026-05-18,000001,11:12:51,10.8600,67,2
2026-05-18,000001,11:12:54,10.8600,65,2
2026-05-18,000001,11:12:57,10.8600,114,2
2026-05-18,000001,11:13:00,10.8600,106,2
2026-05-18,000001,11:13:03,10.8600,120,2
2026-05-18,000001,11:13:06,10.8600,3,2
2026-05-18,000001,11:13:09,10.8600,249,2
2026-05-18,000001,11:13:12,10.8600,143,2
2026-05-18,000001,11:13:15,10.8600,29,2
2026-05-18,000001,11:13:18,10.8700,13,1
2026-05-18,000001,11:13:21,10.8600,28,2
2026-05-18,000001,11:13:24,10.8600,2203,2
2026-05-18,000001,11:13:27,10.8600,297,1
2026-05-18,000001,11:13:30,10.8600,166,1
2026-05-18,000001,11:13:33,10.8600,69,1
2026-05-18,000001,11:13:36,10.8600,348,1
2026-05-18,000001,11:13:39,10.8600,9,2
2026-05-18,000001,11:13:42,10.8600,1088,2
2026-05-18,000001,11:13:45,10.8500,40,2
2026-05-18,000001,11:13:48,10.8600,13,1
