date,code,time,price,volume,bs
2026-03-04,000333,14:06:27,76.2000,17,1
2026-03-04,000333,14:06:30,76.1900,18,2
2026-03-04,000333,14:06:33,76.1900,17,2
2026-03-04,000333,14:06:36,76.1900,5,2
2026-03-04,000333,14:06:39,76.2000,38,1
2026-03-04,000333,14:06:42,76.1900,15,2
2026-03-04,000333,14:06:45,76.2000,27,1
2026-03-04,000333,14:06:48,76.2100,43,1
2026-03-04,000333,14:06:51,76.2100,22,1
2026-03-04,000333,14:06:54,76.2100,16,1
2026-03-04,000333,14:06:57,76.2100,1,2
2026-03-04,000333,14:07:00,76.2200,1,1
2026-03-04,000333,14:07:03,76.2200,18,1
2026-03-04,000333,14:07:06,76.2100,3,2
2026-03-04,000333,14:07:09,76.2100,19,2
2026-03-04,000333,14:07:12,76.2100,10,2
2026-03-04,000333,14:07:15,76.2100,17,2
2026-03-04,000333,14:07:18,76.2100,8,2
2026-03-04,000333,14:07:21,76.2100,18,2
2026-03-04,000333,14:07:24,76.2100,68,2
2026-03-04,000333,14:07:27,76.2100,24,2
2026-03-04,000333,14:07:30,76.2100,35,1
2026-03-04,000333,14:07:33,76.2100,8,1
2026-03-04,000333,14:07:36,76.2000,12,2
2026-03-04,000333,14:07:39,76.2000,63,2
2026-03-04,000333,14:07:42,76.2000,64,2
2026-03-04,000333,14:07:45,76.2000,73,1
2026-03-04,000333,14:07:48,76.1800,21,2
2026-03-04,000333,14:07:51,76.1800,11,2
2026-03-04,000333,14:07:54,76.1800,41,1
2026-03-04,000333,14:08:00,76.1700,5,4
2026-03-04,000333,14:08:03,76.1700,10,4
2026-03-04,000333,14:08:06,76.1700,5,1
2026-03-04,000333,14:08:09,76.1700,26,1
2026-03-04,000333,14:08:12,76.1700,14,1
2026-03-04,000333,14:08:15,76.1700,28,1
2026-03-04,000333,14:08:18,76.1700,3,1
2026-03-04,000333,14:08:21,76.1700,20,1
2026-03-04,000333,14:08:24,76.1700,57,1
2026-03-04,000333,14:08:27,76.1800,313,1
2026-03-04,000333,14:08:30,76.1700,51,1
2026-03-04,000333,14:08:33,76.1800,29,1
2026-03-04,000333,14:08:36,76.1700,5,2
2026-03-04,000333,14:08:39,76.1700,81,2
2026-03-04,000333,14:08:42,76.1700,25,2
2026-03-04,000333,14:08:45,76.1700,12,2
2026-03-04,000333,14:08:48,76.1700,15,2
2026-03-04,000333,14:08:51,76.1700,18,2
2026-03-04,000333,14:08:54,76.1700,15,1
2026-03-04,000333,14:08:57,76.1700,4,1
2026-03-04,000333,14:09:00,76.1700,55,1
2026-03-04,000333,14:09:03,76.1600,97,2
2026-03-04,000333,14:09:06,76.1700,4,1
2026-03-04,000333,14:09:09,76.1600,159,2
2026-03-04,000333,14:09:12,76.1500,64,4
2026-03-04,000333,14:09:15,76.1400,17,1
2026-03-04,000333,14:09:18,76.1500,27,1
2026-03-04,000333,14:09:21,76.1500,9,1
2026-03-04,000333,14:09:24,76.1400,3,2
2026-03-04,000333,14:09:27,76.1500,24,1
2026-03-04,000333,14:09:33,76.1800,104,1
2026-03-04,000333,14:09:36,76.1700,2,4
2026-03-04,000333,14:09:39,76.1700,56,1
2026-03-04,000333,14:09:42,76.1700,26,1
2026-03-04,000333,14:09:45,76.1700,3,1
2026-03-04,000333,14:09:48,76.1800,1,1
2026-03-04,000333,14:09:51,76.1800,15,1
2026-03-04,000333,14:09:54,76.1700,14,2
2026-03-04,000333,14:09:57,76.1800,2,1
2026-03-04,000333,14:10:03,76.1700,1,2
2026-03-04,000333,14:10:06,76.1700,11,2
2026-03-04,000333,14:10:09,76.1700,10,2
2026-03-04,000333,14:10:12,76.1700,38,2
2026-03-04,000333,14:10:15,76.1700,10,2
2026-03-04,000333,14:10:18,76.1700,6,2
2026-03-04,000333,14:10:21,76.1700,18,2
2026-03-04,000333,14:10:24,76.1600,15,2
2026-03-04,000333,14:10:27,76.1600,8,2
2026-03-04,000333,14:10:30,76.1600,8,2
2026-03-04,000333,14:10:33,76.1600,36,2
2026-03-04,000333,14:10:36,76.1600,26,1
2026-03-04,000333,14:10:39,76.1500,30,2
2026-03-04,000333,14:10:42,76.1400,20,2
2026-03-04,000333,14:10:45,76.1200,15,2
2026-03-04,000333,14:10:48,76.1200,9,2
2026-03-04,000333,14:10:51,76.1100,44,2
2026-03-04,000333,14:10:54,76.1000,57,2
2026-03-04,000333,14:10:57,76.1000,34,2
2026-03-04,000333,14:11:00,76.1000,18,2
2026-03-04,000333,14:11:03,76.1000,17,2
2026-03-04,000333,14:11:06,76.1300,247,1
2026-03-04,000333,14:11:09,76.1300,105,1
2026-03-04,000333,14:11:12,76.1100,27,2
2026-03-04,000333,14:11:15,76.1200,26,1
2026-03-04,000333,14:11:18,76.1300,27,1
2026-03-04,000333,14:11:21,76.1300,16,1
2026-03-04,000333,14:11:24,76.1300,1,1
2026-03-04,000333,14:11:27,76.1400,14,1
2026-03-04,000333,14:11:30,76.1400,22,1
2026-03-04,000333,14:11:33,76.1200,113,2
2026-03-04,000333,14:11:36,76.1300,194,2
2026-03-04,000333,14:11:39,76.1000,98,2
2026-03-04,000333,14:11:42,76.0900,16,2
2026-03-04,000333,14:11:45,76.1000,11,1
2026-03-04,000333,14:11:48,76.0900,11,2
2026-03-04,000333,14:11:51,76.0900,29,1
2026-03-04,000333,14:11:54,76.0800,8,4
2026-03-04,000333,14:11:57,76.0900,11,1
2026-03-04,000333,14:12:00,76.0700,22,2
2026-03-04,000333,14:12:03,76.0900,17,4
2026-03-04,000333,14:12:06,76.0800,10,2
2026-03-04,000333,14:12:09,76.0900,17,1
2026-03-04,000333,14:12:12,76.0900,13,2
2026-03-04,000333,14:12:15,76.0900,5,2
2026-03-04,000333,14:12:18,76.1000,43,1
2026-03-04,000333,14:12:21,76.1200,47,1
2026-03-04,000333,14:12:24,76.1100,14,1
2026-03-04,000333,14:12:27,76.1000,5,2
2026-03-04,000333,14:12:30,76.1000,32,2
2026-03-04,000333,14:12:33,76.1200,12,1
2026-03-04,000333,14:12:36,76.1200,5,1
2026-03-04,000333,14:12:39,76.1100,31,2
2026-03-04,000333,14:12:42,76.1100,24,1
2026-03-04,000333,14:12:45,76.1000,139,2
2026-03-04,000333,14:12:48,76.0900,40,4
2026-03-04,000333,14:12:51,76.0800,14,2
2026-03-04,000333,14:12:54,76.0900,36,1
2026-03-04,000333,14:12:57,76.0900,7,1
2026-03-04,000333,14:13:00,76.0800,30,2
2026-03-04,000333,14:13:03,76.0800,55,1
2026-03-04,000333,14:13:06,76.0900,30,1
2026-03-04,000333,14:13:09,76.0900,9,4
2026-03-04,000333,14:13:12,76.1100,6,1
2026-03-04,000333,14:13:15,76.1000,111,2
2026-03-04,000333,14:13:18,76.1100,5,1
2026-03-04,000333,14:13:21,76.0900,17,2
2026-03-04,000333,14:13:24,76.1100,19,1
2026-03-04,000333,14:13:27,76.1000,13,2
2026-03-04,000333,14:13:30,76.1000,27,2
2026-03-04,000333,14:13:33,76.0900,13,2
2026-03-04,000333,14:13:36,76.0900,13,2
2026-03-04,000333,14:13:39,76.0900,4,2
2026-03-04,000333,14:13:42,76.0900,14,2
2026-03-04,000333,14:13:45,76.0900,46,2
2026-03-04,000333,14:13:48,76.0900,206,1
2026-03-04,000333,14:13:51,76.0900,5,2
2026-03-04,000333,14:13:54,76.0900,6,2
2026-03-04,000333,14:14:00,76.0900,6,2
2026-03-04,000333,14:14:03,76.0900,22,2
2026-03-04,000333,14:14:06,76.0900,14,2
2026-03-04,000333,14:14:09,76.1000,1,1
2026-03-04,000333,14:14:12,76.1000,12,1
2026-03-04,000333,14:14:15,76.1000,19,1
2026-03-04,000333,14:14:18,76.1100,76,1
2026-03-04,000333,14:14:21,76.1100,90,1
2026-03-04,000333,14:14:24,76.1200,12,1
2026-03-04,000333,14:14:27,76.1200,29,1
2026-03-04,000333,14:14:30,76.1300,7,1
2026-03-04,000333,14:14:33,76.1300,14,1
2026-03-04,000333,14:14:36,76.1500,24,1
2026-03-04,000333,14:14:39,76.1500,2,1
2026-03-04,000333,14:14:42,76.1500,15,1
2026-03-04,000333,14:14:45,76.1300,11,2
2026-03-04,000333,14:14:48,76.1400,75,1
2026-03-04,000333,14:14:51,76.1400,26,1
2026-03-04,000333,14:14:54,76.1400,19,1
2026-03-04,000333,14:14:57,76.1300,26,2
2026-03-04,000333,14:15:00,76.1200,30,2
2026-03-04,000333,14:15:03,76.1200,21,2
2026-03-04,000333,14:15:06,76.1000,39,2
2026-03-04,000333,14:15:09,76.1100,52,1
2026-03-04,000333,14:15:12,76.1100,38,1
2026-03-04,000333,14:15:15,76.1200,6,1
2026-03-04,000333,14:15:18,76.1200,11,1
2026-03-04,000333,14:15:21,76.1100,8,4
2026-03-04,000333,14:15:24,76.1000,34,2
2026-03-04,000333,14:15:27,76.1200,10,1
2026-03-04,000333,14:15:30,76.0900,24,2
2026-03-04,000333,14:15:33,76.1200,24,1
2026-03-04,000333,14:15:36,76.1000,18,2
2026-03-04,000333,14:15:39,76.1100,14,4
2026-03-04,000333,14:15:42,76.1300,42,1
2026-03-04,000333,14:15:45,76.1300,19,1
2026-03-04,000333,14:15:48,76.1400,25,1
2026-03-04,000333,14:15:51,76.1400,6,1
2026-03-04,000333,14:15:54,76.1300,88,2
2026-03-04,000333,14:15:57,76.1300,18,2
2026-03-04,000333,14:16:00,76.1200,37,2
2026-03-04,000333,14:16:03,76.1000,40,2
2026-03-04,000333,14:16:06,76.1000,56,2
2026-03-04,000333,14:16:09,76.0900,27,1
2026-03-04,000333,14:16:12,76.0900,13,1
2026-03-04,000333,14:16:15,76.0900,17,1
2026-03-04,000333,14:16:18,76.0900,12,1
2026-03-04,000333,14:16:21,76.1000,30,1
2026-03-04,000333,14:16:24,76.1000,27,1
2026-03-04,000333,14:16:27,76.1000,2,2
2026-03-04,000333,14:16:30,76.1100,9,1
2026-03-04,000333,14:16:33,76.1100,18,1
2026-03-04,000333,14:16:36,76.1100,3,4
2026-03-04,000333,14:16:39,76.1200,7,1
2026-03-04,000333,14:16:42,76.1100,28,2
2026-03-04,000333,14:16:45,76.1200,3,1
2026-03-04,000333,14:16:48,76.1200,22,1
2026-03-04,000333,14:16:51,76.1200,22,2
2026-03-04,000333,14:16:54,76.1100,19,2
2026-03-04,000333,14:16:57,76.1200,51,1
2026-03-04,000333,14:17:00,76.1200,31,1
2026-03-04,000333,14:17:06,76.1100,19,2
2026-03-04,000333,14:17:09,76.1100,44,2
2026-03-04,000333,14:17:12,76.1000,15,2
2026-03-04,000333,14:17:15,76.1000,22,2
2026-03-04,000333,14:17:18,76.0900,15,2
2026-03-04,000333,14:17:21,76.1000,14,1
2026-03-04,000333,14:17:24,76.0800,17,2
2026-03-04,000333,14:17:27,76.0900,20,1
2026-03-04,000333,14:17:30,76.0700,25,2
2026-03-04,000333,14:17:33,76.0800,47,1
2026-03-04,000333,14:17:36,76.0800,139,1
2026-03-04,000333,14:17:39,76.1000,16,1
2026-03-04,000333,14:17:42,76.0900,8,4
2026-03-04,000333,14:17:45,76.0900,14,1
2026-03-04,000333,14:17:48,76.0900,1,1
2026-03-04,000333,14:17:51,76.0900,20,1
2026-03-04,000333,14:17:54,76.0900,8,1
2026-03-04,000333,14:17:57,76.0800,16,2
2026-03-04,000333,14:18:00,76.0800,47,2
2026-03-04,000333,14:18:03,76.0900,42,1
2026-03-04,000333,14:18:06,76.0900,53,2
2026-03-04,000333,14:18:09,76.0900,49,2
2026-03-04,000333,14:18:12,76.0900,17,1
2026-03-04,000333,14:18:15,76.0800,36,2
2026-03-04,000333,14:18:18,76.0800,17,2
2026-03-04,000333,14:18:21,76.0900,56,1
2026-03-04,000333,14:18:24,76.0800,74,2
2026-03-04,000333,14:18:27,76.0700,16,2
2026-03-04,000333,14:18:30,76.0700,6,1
2026-03-04,000333,14:18:33,76.0700,32,1
2026-03-04,000333,14:18:36,76.0700,12,1
2026-03-04,000333,14:18:39,76.0700,14,1
2026-03-04,000333,14:18:42,76.0400,83,2
2026-03-04,000333,14:18:45,76.0300,35,2
2026-03-04,000333,14:18:48,76.0300,9,1
2026-03-04,000333,14:18:51,76.0200,2,2
2026-03-04,000333,14:18:54,76.0300,2,1
2026-03-04,000333,14:18:57,76.0300,21,1
2026-03-04,000333,14:19:00,76.0300,13,2
2026-03-04,000333,14:19:03,76.0400,160,4
2026-03-04,000333,14:19:06,76.0400,79,1
2026-03-04,000333,14:19:09,76.0600,28,1
2026-03-04,000333,14:19:12,76.0500,13,2
2026-03-04,000333,14:19:15,76.0500,20,2
2026-03-04,000333,14:19:18,76.0500,10,4
2026-03-04,000333,14:19:21,76.0400,17,2
2026-03-04,000333,14:19:24,76.0500,18,1
2026-03-04,000333,14:19:27,76.0500,1,1
2026-03-04,000333,14:19:30,76.0500,6,1
2026-03-04,000333,14:19:33,76.0400,60,2
2026-03-04,000333,14:19:36,76.0400,17,2
2026-03-04,000333,14:19:42,76.0400,4,2
2026-03-04,000333,14:19:45,76.0500,21,1
2026-03-04,000333,14:19:48,76.0500,23,1
2026-03-04,000333,14:19:51,76.0500,24,1
2026-03-04,000333,14:19:54,76.0600,3,1
2026-03-04,000333,14:19:57,76.0500,45,2
2026-03-04,000333,14:20:00,76.0500,14,1
2026-03-04,000333,14:20:03,76.0500,29,1
2026-03-04,000333,14:20:06,76.0500,29,1
2026-03-04,000333,14:20:09,76.0600,12,1
2026-03-04,000333,14:20:12,76.0600,13,1
2026-03-04,000333,14:20:15,76.0600,27,1
2026-03-04,000333,14:20:18,76.0600,35,1
2026-03-04,000333,14:20:21,76.0500,17,2
2026-03-04,000333,14:20:24,76.0600,5,1
2026-03-04,000333,14:20:27,76.0500,6,2
2026-03-04,000333,14:20:30,76.0500,38,2
2026-03-04,000333,14:20:33,76.0600,12,1
2026-03-04,000333,14:20:36,76.0500,31,2
2026-03-04,000333,14:20:39,76.0500,10,2
2026-03-04,000333,14:20:42,76.0600,8,1
2026-03-04,000333,14:20:45,76.0500,12,2
2026-03-04,000333,14:20:48,76.0500,43,2
2026-03-04,000333,14:20:51,76.0600,7,1
2026-03-04,000333,14:20:54,76.0500,49,2
2026-03-04,000333,14:20:57,76.0500,18,4
2026-03-04,000333,14:21:00,76.0500,12,4
2026-03-04,000333,14:21:03,76.0400,50,2
2026-03-04,000333,14:21:06,76.0300,24,2
2026-03-04,000333,14:21:09,76.0200,43,2
2026-03-04,000333,14:21:12,76.0400,7,1
2026-03-04,000333,14:21:15,76.0300,3,4
2026-03-04,000333,14:21:18,76.0300,3,2
2026-03-04,000333,14:21:21,76.0300,33,4
2026-03-04,000333,14:21:24,76.0200,20,4
2026-03-04,000333,14:21:27,76.0300,16,1
2026-03-04,000333,14:21:30,76.0100,8,2
2026-03-04,000333,14:21:33,76.0200,82,1
2026-03-04,000333,14:21:36,76.0100,71,2
2026-03-04,000333,14:21:39,76.0100,72,2
2026-03-04,000333,14:21:42,76.0100,362,2
2026-03-04,000333,14:21:45,76.0000,161,2
2026-03-04,000333,14:21:48,76.0000,112,2
2026-03-04,000333,14:21:51,76.0100,37,1
2026-03-04,000333,14:21:54,76.0000,47,2
2026-03-04,000333,14:21:57,76.0100,38,1
2026-03-04,000333,14:22:00,76.0000,12,2
2026-03-04,000333,14:22:03,76.0000,14,2
2026-03-04,000333,14:22:06,76.0000,22,2
2026-03-04,000333,14:22:09,76.0100,23,1
2026-03-04,000333,14:22:12,76.0000,18,2
2026-03-04,000333,14:22:15,76.0000,54,2
2026-03-04,000333,14:22:18,75.9500,460,2
2026-03-04,000333,14:22:21,75.9600,132,2
2026-03-04,000333,14:22:24,75.9900,7,1
2026-03-04,000333,14:22:27,75.9800,20,1
2026-03-04,000333,14:22:30,75.9800,2,1
2026-03-04,000333,14:22:33,75.9800,57,1
2026-03-04,000333,14:22:36,75.9900,47,1
2026-03-04,000333,14:22:39,75.9900,25,1
2026-03-04,000333,14:22:42,75.9900,27,1
2026-03-04,000333,14:22:45,76.0000,34,1
2026-03-04,000333,14:22:48,76.0000,109,1
2026-03-04,000333,14:22:51,76.0000,15,2
2026-03-04,000333,14:22:54,76.0000,2,2
2026-03-04,000333,14:22:57,76.0000,42,2
2026-03-04,000333,14:23:00,75.9900,28,2
2026-03-04,000333,14:23:03,76.0100,59,1
2026-03-04,000333,14:23:06,76.0200,14,1
2026-03-04,000333,14:23:09,76.0100,71,2
2026-03-04,000333,14:23:12,76.0100,8,2
2026-03-04,000333,14:23:15,76.0100,3,2
2026-03-04,000333,14:23:18,76.0100,3,2
2026-03-04,000333,14:23:21,76.0200,15,1
2026-03-04,000333,14:23:24,76.0100,9,2
2026-03-04,000333,14:23:27,76.0200,11,1
2026-03-04,000333,14:23:30,76.0200,78,1
2026-03-04,000333,14:23:33,76.0100,14,2
2026-03-04,000333,14:23:36,76.0300,31,1
2026-03-04,000333,14:23:39,76.0300,1,1
2026-03-04,000333,14:23:42,76.0300,42,1
2026-03-04,000333,14:23:45,76.0400,11,1
2026-03-04,000333,14:23:48,76.0400,25,1
2026-03-04,000333,14:23:51,76.0400,12,1
2026-03-04,000333,14:23:54,76.0300,1,2
2026-03-04,000333,14:23:57,76.0400,28,1
2026-03-04,000333,14:24:00,76.0400,9,1
2026-03-04,000333,14:24:03,76.0300,15,2
2026-03-04,000333,14:24:06,76.0400,32,1
2026-03-04,000333,14:24:09,76.0700,55,1
2026-03-04,000333,14:24:12,76.0700,16,1
2026-03-04,000333,14:24:15,76.0700,4,1
2026-03-04,000333,14:24:18,76.0700,5,1
2026-03-04,000333,14:24:21,76.0600,4,4
2026-03-04,000333,14:24:24,76.0700,88,1
2026-03-04,000333,14:24:27,76.0700,88,1
2026-03-04,000333,14:24:30,76.0700,8,2
2026-03-04,000333,14:24:33,76.0300,10,2
2026-03-04,000333,14:24:36,76.0300,3,2
2026-03-04,000333,14:24:39,76.0300,37,2
2026-03-04,000333,14:24:42,76.0400,35,1
2026-03-04,000333,14:24:45,76.0400,12,1
2026-03-04,000333,14:24:48,76.0300,3,2
2026-03-04,000333,14:24:51,76.0400,13,1
2026-03-04,000333,14:24:54,76.0400,7,1
2026-03-04,000333,14:24:57,76.0400,14,1
2026-03-04,000333,14:25:00,76.0400,9,1
2026-03-04,000333,14:25:03,76.0400,25,1
2026-03-04,000333,14:25:06,76.0500,6,1
2026-03-04,000333,14:25:09,76.0300,276,2
2026-03-04,000333,14:25:12,76.0300,17,2
2026-03-04,000333,14:25:15,76.0300,34,2
2026-03-04,000333,14:25:18,76.0200,8,2
2026-03-04,000333,14:25:21,76.0200,5,1
2026-03-04,000333,14:25:24,76.0200,14,1
2026-03-04,000333,14:25:27,76.0100,26,2
2026-03-04,000333,14:25:30,76.0000,35,2
2026-03-04,000333,14:25:33,76.0000,22,2
2026-03-04,000333,14:25:36,76.0200,34,1
2026-03-04,000333,14:25:39,76.0100,13,2
2026-03-04,000333,14:25:48,76.0200,38,1
2026-03-04,000333,14:25:51,76.0300,42,1
2026-03-04,000333,14:25:54,76.0300,6,1
2026-03-04,000333,14:25:57,76.0400,21,1
2026-03-04,000333,14:26:00,76.0400,31,1
2026-03-04,000333,14:26:03,76.0300,21,2
2026-03-04,000333,14:26:06,76.0600,27,1
2026-03-04,000333,14:26:09,76.0400,40,2
2026-03-04,000333,14:26:12,76.0400,9,2
2026-03-04,000333,14:26:15,76.0400,30,2
2026-03-04,000333,14:26:18,76.0600,3,1
2026-03-04,000333,14:26:21,76.0600,28,2
2026-03-04,000333,14:26:24,76.0700,5,1
2026-03-04,000333,14:26:27,76.0700,118,1
2026-03-04,000333,14:26:30,76.0500,79,2
2026-03-04,000333,14:26:33,76.0700,25,1
2026-03-04,000333,14:26:36,76.0700,12,2
2026-03-04,000333,14:26:42,76.0700,23,2
2026-03-04,000333,14:26:45,76.0700,8,2
2026-03-04,000333,14:26:48,76.0600,2,2
2026-03-04,000333,14:26:54,76.0600,12,2
2026-03-04,000333,14:26:57,76.0600,3,2
2026-03-04,000333,14:27:00,76.0700,1,1
2026-03-04,000333,14:27:03,76.0700,24,1
2026-03-04,000333,14:27:06,76.0700,19,1
2026-03-04,000333,14:27:09,76.0600,37,2
2026-03-04,000333,14:27:12,76.0600,30,2
2026-03-04,000333,14:27:15,76.0600,7,2
2026-03-04,000333,14:27:18,76.0500,23,2
2026-03-04,000333,14:27:21,76.0500,13,1
2026-03-04,000333,14:27:24,76.0500,12,1
2026-03-04,000333,14:27:27,76.0500,71,1
2026-03-04,000333,14:27:30,76.0600,26,1
2026-03-04,000333,14:27:33,76.0500,45,2
2026-03-04,000333,14:27:36,76.0600,23,1
2026-03-04,000333,14:27:39,76.0600,11,1
2026-03-04,000333,14:27:42,76.0500,7,2
2026-03-04,000333,14:27:45,76.0500,42,2
2026-03-04,000333,14:27:48,76.0500,27,2
2026-03-04,000333,14:27:51,76.0600,16,1
2026-03-04,000333,14:27:54,76.0500,6,2
2026-03-04,000333,14:27:57,76.0500,1,2
2026-03-04,000333,14:28:00,76.0600,26,1
2026-03-04,000333,14:28:03,76.0700,80,1
2026-03-04,000333,14:28:06,76.0900,80,1
2026-03-04,000333,14:28:09,76.0900,3,1
2026-03-04,000333,14:28:12,76.0900,57,1
2026-03-04,000333,14:28:15,76.0700,11,2
2026-03-04,000333,14:28:18,76.0800,32,4
2026-03-04,000333,14:28:21,76.0900,32,1
2026-03-04,000333,14:28:24,76.0900,13,2
2026-03-04,000333,14:28:27,76.0800,22,2
2026-03-04,000333,14:28:30,76.1000,7,1
2026-03-04,000333,14:28:33,76.0800,49,2
2026-03-04,000333,14:28:36,76.0800,6,2
2026-03-04,000333,14:28:39,76.0800,13,2
2026-03-04,000333,14:28:42,76.0900,7,1
2026-03-04,000333,14:28:45,76.0900,9,1
2026-03-04,000333,14:28:48,76.0900,27,1
2026-03-04,000333,14:28:51,76.0900,26,1
2026-03-04,000333,14:28:54,76.0900,14,1
2026-03-04,000333,14:28:57,76.0900,2,4
2026-03-04,000333,14:29:00,76.0900,24,2
2026-03-04,000333,14:29:03,76.0800,93,2
2026-03-04,000333,14:29:06,76.0800,26,2
2026-03-04,000333,14:29:09,76.0800,54,1
2026-03-04,000333,14:29:12,76.0900,13,1
2026-03-04,000333,14:29:15,76.0900,13,1
2026-03-04,000333,14:29:18,76.0900,59,1
2026-03-04,000333,14:29:21,76.0900,44,1
2026-03-04,000333,14:29:24,76.0900,11,2
2026-03-04,000333,14:29:27,76.0900,15,2
2026-03-04,000333,14:29:30,76.1000,19,1
2026-03-04,000333,14:29:33,76.1000,123,1
2026-03-04,000333,14:29:36,76.0900,27,2
2026-03-04,000333,14:29:39,76.1000,46,1
2026-03-04,000333,14:29:42,76.1100,15,1
2026-03-04,000333,14:29:48,76.1100,50,1
2026-03-04,000333,14:29:51,76.1000,14,2
2026-03-04,000333,14:29:54,76.1100,11,1
2026-03-04,000333,14:29:57,76.1100,21,1
2026-03-04,000333,14:30:00,76.1100,72,1
2026-03-04,000333,14:30:03,76.1300,158,1
2026-03-04,000333,14:30:06,76.1500,63,1
2026-03-04,000333,14:30:09,76.1600,146,1
2026-03-04,000333,14:30:12,76.1900,63,1
2026-03-04,000333,14:30:15,76.2100,160,1
2026-03-04,000333,14:30:18,76.2400,95,1
2026-03-04,000333,14:30:21,76.2300,69,1
2026-03-04,000333,14:30:24,76.2600,180,1
2026-03-04,000333,14:30:27,76.2900,197,1
2026-03-04,000333,14:30:30,76.2900,99,1
2026-03-04,000333,14:30:33,76.2800,47,2
2026-03-04,000333,14:30:36,76.2900,238,1
2026-03-04,000333,14:30:39,76.2600,24,2
2026-03-04,000333,14:30:42,76.2600,8,2
2026-03-04,000333,14:30:45,76.2800,3,1
2026-03-04,000333,14:30:48,76.2500,14,1
2026-03-04,000333,14:30:51,76.2500,33,1
2026-03-04,000333,14:30:54,76.2400,107,2
2026-03-04,000333,14:30:57,76.2400,58,2
2026-03-04,000333,14:31:00,76.2100,35,2
2026-03-04,000333,14:31:03,76.1800,41,2
2026-03-04,000333,14:31:06,76.1900,21,2
2026-03-04,000333,14:31:09,76.1900,23,1
2026-03-04,000333,14:31:12,76.2000,175,1
2026-03-04,000333,14:31:15,76.2100,29,1
2026-03-04,000333,14:31:18,76.2300,53,1
2026-03-04,000333,14:31:21,76.2400,50,1
2026-03-04,000333,14:31:24,76.2500,24,1
2026-03-04,000333,14:31:27,76.2500,88,1
2026-03-04,000333,14:31:30,76.2600,61,1
2026-03-04,000333,14:31:33,76.2700,15,1
2026-03-04,000333,14:31:36,76.2600,2,1
2026-03-04,000333,14:31:39,76.2700,26,1
2026-03-04,000333,14:31:42,76.2600,36,1
2026-03-04,000333,14:31:45,76.2700,11,1
2026-03-04,000333,14:31:48,76.2700,9,2
2026-03-04,000333,14:31:51,76.3000,240,1
2026-03-04,000333,14:31:54,76.3000,52,1
2026-03-04,000333,14:31:57,76.3000,13,2
2026-03-04,000333,14:32:00,76.3000,7,2
2026-03-04,000333,14:32:03,76.3100,13,1
2026-03-04,000333,14:32:06,76.3100,91,1
2026-03-04,000333,14:32:09,76.3000,53,2
2026-03-04,000333,14:32:12,76.3000,32,2
2026-03-04,000333,14:32:15,76.3000,136,2
2026-03-04,000333,14:32:18,76.3200,186,1
2026-03-04,000333,14:32:21,76.3200,39,1
2026-03-04,000333,14:32:24,76.3000,76,2
2026-03-04,000333,14:32:27,76.3200,26,1
2026-03-04,000333,14:32:30,76.3000,7,2
2026-03-04,000333,14:32:33,76.3000,17,2
2026-03-04,000333,14:32:36,76.3000,2,2
2026-03-04,000333,14:32:39,76.3100,5,4
2026-03-04,000333,14:32:42,76.3200,70,1
2026-03-04,000333,14:32:45,76.3400,17,1
2026-03-04,000333,14:32:48,76.3200,31,2
2026-03-04,000333,14:32:51,76.3300,60,1
2026-03-04,000333,14:32:54,76.3300,17,1
2026-03-04,000333,14:32:57,76.3300,74,1
2026-03-04,000333,14:33:00,76.3400,11,1
2026-03-04,000333,14:33:03,76.3300,15,2
2026-03-04,000333,14:33:06,76.3400,57,1
2026-03-04,000333,14:33:09,76.3500,137,1
2026-03-04,000333,14:33:12,76.3300,113,2
2026-03-04,000333,14:33:15,76.3500,27,1
2026-03-04,000333,14:33:18,76.3600,40,1
2026-03-04,000333,14:33:21,76.3600,44,1
2026-03-04,000333,14:33:24,76.3900,156,1
2026-03-04,000333,14:33:27,76.3900,61,1
2026-03-04,000333,14:33:30,76.4000,86,1
2026-03-04,000333,14:33:33,76.4000,133,1
2026-03-04,000333,14:33:36,76.4200,58,1
2026-03-04,000333,14:33:39,76.4200,54,1
2026-03-04,000333,14:33:42,76.4300,68,1
2026-03-04,000333,14:33:45,76.4300,23,1
2026-03-04,000333,14:33:48,76.4300,47,1
2026-03-04,000333,14:33:51,76.4300,98,1
2026-03-04,000333,14:33:54,76.4300,11,2
2026-03-04,000333,14:33:57,76.4300,111,1
2026-03-04,000333,14:34:00,76.4400,29,4
2026-03-04,000333,14:34:03,76.4500,173,1
2026-03-04,000333,14:34:06,76.4600,38,1
2026-03-04,000333,14:34:09,76.4500,67,2
2026-03-04,000333,14:34:12,76.4500,60,1
2026-03-04,000333,14:34:15,76.4500,27,2
2026-03-04,000333,14:34:18,76.4500,78,2
2026-03-04,000333,14:34:21,76.4500,24,1
2026-03-04,000333,14:34:24,76.4500,14,1
2026-03-04,000333,14:34:27,76.4600,94,1
2026-03-04,000333,14:34:30,76.4700,410,1
2026-03-04,000333,14:34:33,76.4600,47,2
2026-03-04,000333,14:34:36,76.4600,9,1
2026-03-04,000333,14:34:39,76.4600,12,1
2026-03-04,000333,14:34:42,76.4600,26,1
2026-03-04,000333,14:34:45,76.4600,59,1
2026-03-04,000333,14:34:48,76.4600,66,1
2026-03-04,000333,14:34:51,76.4600,80,4
2026-03-04,000333,14:34:54,76.4700,24,1
2026-03-04,000333,14:34:57,76.4700,539,2
2026-03-04,000333,14:35:00,76.4900,101,1
2026-03-04,000333,14:35:03,76.4700,26,4
2026-03-04,000333,14:35:06,76.4600,33,2
2026-03-04,000333,14:35:09,76.4500,44,2
2026-03-04,000333,14:35:12,76.4500,32,2
2026-03-04,000333,14:35:15,76.4500,16,2
2026-03-04,000333,14:35:18,76.4500,40,2
2026-03-04,000333,14:35:21,76.4500,25,2
2026-03-04,000333,14:35:24,76.4600,88,1
2026-03-04,000333,14:35:27,76.4600,138,1
2026-03-04,000333,14:35:30,76.4500,68,2
2026-03-04,000333,14:35:33,76.4800,115,1
2026-03-04,000333,14:35:36,76.4800,35,1
2026-03-04,000333,14:35:39,76.4800,50,1
2026-03-04,000333,14:35:42,76.4800,227,1
2026-03-04,000333,14:35:45,76.4500,54,2
2026-03-04,000333,14:35:48,76.4800,91,1
2026-03-04,000333,14:35:51,76.4700,47,1
2026-03-04,000333,14:35:54,76.4800,35,1
2026-03-04,000333,14:35:57,76.4800,58,1
2026-03-04,000333,14:36:00,76.4800,29,1
2026-03-04,000333,14:36:03,76.4900,68,1
2026-03-04,000333,14:36:06,76.4600,16,2
2026-03-04,000333,14:36:09,76.4700,29,1
2026-03-04,000333,14:36:12,76.4700,24,1
2026-03-04,000333,14:36:15,76.4700,18,1
2026-03-04,000333,14:36:18,76.4600,64,2
2026-03-04,000333,14:36:21,76.4600,112,2
2026-03-04,000333,14:36:24,76.4600,30,1
2026-03-04,000333,14:36:27,76.4500,29,2
2026-03-04,000333,14:36:30,76.4600,116,1
2026-03-04,000333,14:36:33,76.4500,11,2
2026-03-04,000333,14:36:36,76.4600,114,1
2026-03-04,000333,14:36:39,76.4600,23,1
2026-03-04,000333,14:36:42,76.4600,3,1
2026-03-04,000333,14:36:45,76.4500,20,2
2026-03-04,000333,14:36:48,76.5200,673,1
2026-03-04,000333,14:36:51,76.4700,186,2
2026-03-04,000333,14:36:54,76.4700,37,2
2026-03-04,000333,14:36:57,76.5000,44,1
2026-03-04,000333,14:37:00,76.4800,15,2
2026-03-04,000333,14:37:03,76.4800,7,1
2026-03-04,000333,14:37:06,76.4800,30,1
2026-03-04,000333,14:37:09,76.4800,84,1
2026-03-04,000333,14:37:12,76.4900,170,1
2026-03-04,000333,14:37:15,76.4800,24,2
2026-03-04,000333,14:37:18,76.4800,39,2
2026-03-04,000333,14:37:21,76.4800,34,2
2026-03-04,000333,14:37:24,76.4800,11,2
2026-03-04,000333,14:37:27,76.4800,11,2
2026-03-04,000333,14:37:30,76.4900,43,1
2026-03-04,000333,14:37:33,76.4900,4,1
2026-03-04,000333,14:37:36,76.4900,134,1
2026-03-04,000333,14:37:39,76.4800,111,2
2026-03-04,000333,14:37:42,76.4800,25,2
2026-03-04,000333,14:37:45,76.4800,9,2
2026-03-04,000333,14:37:48,76.4900,50,1
2026-03-04,000333,14:37:51,76.4800,63,2
2026-03-04,000333,14:37:54,76.4900,54,1
2026-03-04,000333,14:37:57,76.5000,25,1
2026-03-04,000333,14:38:00,76.4900,33,2
2026-03-04,000333,14:38:03,76.5000,65,1
2026-03-04,000333,14:38:06,76.4900,53,2
2026-03-04,000333,14:38:09,76.4800,294,2
2026-03-04,000333,14:38:12,76.4600,29,2
2026-03-04,000333,14:38:15,76.4800,21,1
2026-03-04,000333,14:38:18,76.4700,14,4
2026-03-04,000333,14:38:21,76.4600,10,2
2026-03-04,000333,14:38:24,76.4600,2,1
2026-03-04,000333,14:38:27,76.4600,4,1
2026-03-04,000333,14:38:30,76.4600,38,1
2026-03-04,000333,14:38:33,76.4600,124,1
2026-03-04,000333,14:38:36,76.4600,23,1
2026-03-04,000333,14:38:39,76.4500,49,2
2026-03-04,000333,14:38:42,76.4500,103,2
2026-03-04,000333,14:38:45,76.4600,30,1
2026-03-04,000333,14:38:48,76.4600,72,1
2026-03-04,000333,14:38:51,76.4500,28,2
2026-03-04,000333,14:38:54,76.4600,39,1
2026-03-04,000333,14:38:57,76.4500,15,2
2026-03-04,000333,14:39:00,76.4500,48,2
2026-03-04,000333,14:39:03,76.4500,37,2
2026-03-04,000333,14:39:06,76.4500,10,2
2026-03-04,000333,14:39:09,76.4600,27,1
2026-03-04,000333,14:39:12,76.4500,13,2
2026-03-04,000333,14:39:15,76.4500,26,2
2026-03-04,000333,14:39:18,76.4500,59,2
2026-03-04,000333,14:39:21,76.4600,25,1
2026-03-04,000333,14:39:24,76.4500,10,2
2026-03-04,000333,14:39:27,76.4600,15,1
2026-03-04,000333,14:39:30,76.4600,47,1
2026-03-04,000333,14:39:33,76.4500,11,2
2026-03-04,000333,14:39:36,76.4600,12,1
2026-03-04,000333,14:39:39,76.4600,98,1
2026-03-04,000333,14:39:42,76.4600,46,1
2026-03-04,000333,14:39:45,76.4600,122,1
2026-03-04,000333,14:39:48,76.4700,19,1
2026-03-04,000333,14:39:51,76.4300,412,2
2026-03-04,000333,14:39:54,76.4300,5,1
2026-03-04,000333,14:39:57,76.4200,11,2
2026-03-04,000333,14:40:00,76.4200,68,1
2026-03-04,000333,14:40:03,76.4300,156,1
2026-03-04,000333,14:40:06,76.4400,65,1
2026-03-04,000333,14:40:09,76.4500,41,1
2026-03-04,000333,14:40:12,76.4500,61,1
2026-03-04,000333,14:40:15,76.4700,73,1
2026-03-04,000333,14:40:18,76.4600,77,1
2026-03-04,000333,14:40:21,76.4700,93,1
2026-03-04,000333,14:40:24,76.4800,159,1
2026-03-04,000333,14:40:27,76.4700,71,1
2026-03-04,000333,14:40:30,76.4700,21,1
2026-03-04,000333,14:40:33,76.4900,151,1
2026-03-04,000333,14:40:36,76.5000,139,1
2026-03-04,000333,14:40:39,76.5100,3,1
2026-03-04,000333,14:40:42,76.4800,175,2
2026-03-04,000333,14:40:45,76.5000,101,1
2026-03-04,000333,14:40:48,76.4800,66,2
2026-03-04,000333,14:40:51,76.4700,214,2
2026-03-04,000333,14:40:54,76.4800,81,1
2026-03-04,000333,14:40:57,76.4700,39,1
2026-03-04,000333,14:41:00,76.4600,17,2
2026-03-04,000333,14:41:03,76.4700,60,1
2026-03-04,000333,14:41:06,76.4800,61,1
2026-03-04,000333,14:41:09,76.4800,21,1
2026-03-04,000333,14:41:12,76.4700,30,2
2026-03-04,000333,14:41:15,76.4500,54,2
2026-03-04,000333,14:41:18,76.4800,44,1
2026-03-04,000333,14:41:21,76.4700,18,2
2026-03-04,000333,14:41:24,76.4700,25,2
2026-03-04,000333,14:41:27,76.4900,27,1
2026-03-04,000333,14:41:30,76.4900,18,1
2026-03-04,000333,14:41:33,76.4800,9,2
2026-03-04,000333,14:41:36,76.4800,7,2
2026-03-04,000333,14:41:39,76.4900,40,1
2026-03-04,000333,14:41:42,76.4900,27,1
2026-03-04,000333,14:41:45,76.4800,145,2
2026-03-04,000333,14:41:48,76.4800,86,2
2026-03-04,000333,14:41:51,76.4900,119,1
2026-03-04,000333,14:41:54,76.4700,21,1
2026-03-04,000333,14:41:57,76.4600,14,2
2026-03-04,000333,14:42:00,76.4600,3,2
2026-03-04,000333,14:42:03,76.4700,53,1
2026-03-04,000333,14:42:06,76.4700,56,1
2026-03-04,000333,14:42:09,76.4700,31,1
2026-03-04,000333,14:42:12,76.4700,13,4
2026-03-04,000333,14:42:15,76.4700,60,2
2026-03-04,000333,14:42:18,76.4900,79,1
2026-03-04,000333,14:42:21,76.4900,152,1
2026-03-04,000333,14:42:24,76.4900,95,1
2026-03-04,000333,14:42:27,76.4800,41,2
2026-03-04,000333,14:42:30,76.4800,69,2
2026-03-04,000333,14:42:33,76.4900,32,1
2026-03-04,000333,14:42:36,76.4800,116,2
2026-03-04,000333,14:42:39,76.4600,151,2
2026-03-04,000333,14:42:42,76.4700,28,1
2026-03-04,000333,14:42:45,76.4600,94,2
2026-03-04,000333,14:42:48,76.4600,42,2
2026-03-04,000333,14:42:51,76.4600,33,1
2026-03-04,000333,14:42:54,76.4700,101,1
2026-03-04,000333,14:42:57,76.4700,26,1
2026-03-04,000333,14:43:00,76.4700,31,1
2026-03-04,000333,14:43:03,76.4700,100,1
2026-03-04,000333,14:43:06,76.4700,349,1
2026-03-04,000333,14:43:09,76.4700,45,2
2026-03-04,000333,14:43:12,76.4800,67,1
2026-03-04,000333,14:43:15,76.4800,69,1
2026-03-04,000333,14:43:18,76.4800,55,1
2026-03-04,000333,14:43:21,76.4800,54,1
2026-03-04,000333,14:43:24,76.4800,51,1
2026-03-04,000333,14:43:27,76.4900,37,1
2026-03-04,000333,14:43:30,76.4800,134,4
2026-03-04,000333,14:43:33,76.4800,93,1
2026-03-04,000333,14:43:36,76.5000,34,1
2026-03-04,000333,14:43:39,76.4800,42,2
2026-03-04,000333,14:43:42,76.4900,37,1
2026-03-04,000333,14:43:45,76.5000,48,1
2026-03-04,000333,14:43:48,76.5000,45,1
2026-03-04,000333,14:43:51,76.4900,136,2
2026-03-04,000333,14:43:54,76.4700,167,2
2026-03-04,000333,14:43:57,76.4800,73,4
2026-03-04,000333,14:44:00,76.4700,5,4
2026-03-04,000333,14:44:03,76.4500,108,2
2026-03-04,000333,14:44:06,76.4500,60,2
2026-03-04,000333,14:44:09,76.4500,22,1
2026-03-04,000333,14:44:12,76.4500,8,1
2026-03-04,000333,14:44:15,76.4500,10,1
2026-03-04,000333,14:44:18,76.4500,13,1
2026-03-04,000333,14:44:21,76.4500,3,1
2026-03-04,000333,14:44:24,76.4400,143,2
2026-03-04,000333,14:44:27,76.4400,66,2
2026-03-04,000333,14:44:30,76.4400,31,2
2026-03-04,000333,14:44:33,76.4400,10,2
2026-03-04,000333,14:44:36,76.4400,44,2
2026-03-04,000333,14:44:39,76.4400,150,2
2026-03-04,000333,14:44:42,76.4500,27,1
2026-03-04,000333,14:44:45,76.4400,25,2
2026-03-04,000333,14:44:48,76.4500,14,1
2026-03-04,000333,14:44:51,76.4500,6,1
2026-03-04,000333,14:44:54,76.4500,116,1
2026-03-04,000333,14:44:57,76.4400,59,2
2026-03-04,000333,14:45:00,76.4400,22,1
2026-03-04,000333,14:45:03,76.4400,61,1
2026-03-04,000333,14:45:06,76.4400,36,1
2026-03-04,000333,14:45:09,76.4400,60,1
2026-03-04,000333,14:45:12,76.4400,37,1
2026-03-04,000333,14:45:15,76.4300,122,2
2026-03-04,000333,14:45:18,76.4300,42,2
2026-03-04,000333,14:45:21,76.4400,94,1
2026-03-04,000333,14:45:24,76.4300,23,2
2026-03-04,000333,14:45:27,76.4400,92,1
2026-03-04,000333,14:45:30,76.4400,36,1
2026-03-04,000333,14:45:33,76.4300,55,2
2026-03-04,000333,14:45:36,76.4400,14,1
2026-03-04,000333,14:45:39,76.4300,69,2
2026-03-04,000333,14:45:42,76.4300,127,2
2026-03-04,000333,14:45:45,76.4300,123,1
2026-03-04,000333,14:45:48,76.4000,79,2
2026-03-04,000333,14:45:51,76.3800,39,2
2026-03-04,000333,14:45:54,76.3900,33,1
2026-03-04,000333,14:45:57,76.3900,18,1
2026-03-04,000333,14:46:00,76.3800,11,2
2026-03-04,000333,14:46:03,76.3800,65,2
2026-03-04,000333,14:46:06,76.3800,29,1
2026-03-04,000333,14:46:09,76.3800,19,1
2026-03-04,000333,14:46:12,76.3700,14,2
2026-03-04,000333,14:46:15,76.3700,73,2
2026-03-04,000333,14:46:18,76.3800,10,1
2026-03-04,000333,14:46:21,76.3800,32,1
2026-03-04,000333,14:46:24,76.3800,51,1
2026-03-04,000333,14:46:27,76.3800,73,1
2026-03-04,000333,14:46:30,76.3800,47,1
2026-03-04,000333,14:46:33,76.3800,39,1
2026-03-04,000333,14:46:36,76.3800,49,1
2026-03-04,000333,14:46:39,76.3700,195,2
2026-03-04,000333,14:46:42,76.3700,60,1
2026-03-04,000333,14:46:45,76.3600,34,4
2026-03-04,000333,14:46:48,76.3700,36,1
2026-03-04,000333,14:46:51,76.3600,58,1
2026-03-04,000333,14:46:54,76.3600,49,1
2026-03-04,000333,14:46:57,76.3400,50,2
2026-03-04,000333,14:47:00,76.3300,169,2
2026-03-04,000333,14:47:03,76.3400,136,1
2026-03-04,000333,14:47:06,76.3300,20,4
2026-03-04,000333,14:47:09,76.3300,44,1
2026-03-04,000333,14:47:12,76.3300,30,1
2026-03-04,000333,14:47:15,76.3200,60,2
2026-03-04,000333,14:47:18,76.3200,22,2
2026-03-04,000333,14:47:21,76.3300,17,1
2026-03-04,000333,14:47:24,76.3300,3,1
2026-03-04,000333,14:47:27,76.3200,64,2
2026-03-04,000333,14:47:30,76.3200,32,2
2026-03-04,000333,14:47:33,76.3300,23,1
2026-03-04,000333,14:47:36,76.3300,5,1
2026-03-04,000333,14:47:39,76.3300,66,1
2026-03-04,000333,14:47:42,76.3200,11,2
2026-03-04,000333,14:47:45,76.3300,27,1
2026-03-04,000333,14:47:48,76.3100,76,2
2026-03-04,000333,14:47:51,76.3200,20,1
2026-03-04,000333,14:47:54,76.3000,9,2
2026-03-04,000333,14:47:57,76.3200,3,1
2026-03-04,000333,14:48:00,76.2700,163,2
2026-03-04,000333,14:48:03,76.2600,68,2
2026-03-04,000333,14:48:06,76.2600,61,2
2026-03-04,000333,14:48:09,76.2700,17,1
2026-03-04,000333,14:48:12,76.2700,127,1
2026-03-04,000333,14:48:15,76.2700,20,1
2026-03-04,000333,14:48:18,76.2700,33,1
2026-03-04,000333,14:48:21,76.2700,49,1
2026-03-04,000333,14:48:24,76.2700,24,1
2026-03-04,000333,14:48:27,76.2700,93,1
2026-03-04,000333,14:48:30,76.2700,29,1
2026-03-04,000333,14:48:33,76.3300,3304,1
2026-03-04,000333,14:48:36,76.3300,474,2
2026-03-04,000333,14:48:39,76.3100,79,2
2026-03-04,000333,14:48:42,76.3400,124,1
2026-03-04,000333,14:48:45,76.3400,87,2
2026-03-04,000333,14:48:48,76.3400,14,1
2026-03-04,000333,14:48:51,76.3400,24,1
2026-03-04,000333,14:48:54,76.3300,17,4
2026-03-04,000333,14:48:57,76.3200,13,4
2026-03-04,000333,14:49:00,76.3500,69,1
2026-03-04,000333,14:49:03,76.3600,69,1
2026-03-04,000333,14:49:06,76.3900,173,1
2026-03-04,000333,14:49:09,76.4000,39,1
2026-03-04,000333,14:49:12,76.3900,210,1
2026-03-04,000333,14:49:15,76.3900,31,1
2026-03-04,000333,14:49:18,76.3900,45,1
2026-03-04,000333,14:49:21,76.3900,6,2
2026-03-04,000333,14:49:24,76.4100,189,1
2026-03-04,000333,14:49:27,76.4100,69,1
2026-03-04,000333,14:49:30,76.4100,24,1
2026-03-04,000333,14:49:33,76.4100,9,1
2026-03-04,000333,14:49:36,76.4100,11,2
2026-03-04,000333,14:49:39,76.4100,28,2
2026-03-04,000333,14:49:42,76.4100,52,2
2026-03-04,000333,14:49:45,76.4300,42,1
2026-03-04,000333,14:49:48,76.4400,24,1
2026-03-04,000333,14:49:51,76.4300,64,1
2026-03-04,000333,14:49:54,76.4300,130,1
2026-03-04,000333,14:49:57,76.3500,243,2
2026-03-04,000333,14:50:00,76.4000,331,1
2026-03-04,000333,14:50:03,76.4000,264,1
2026-03-04,000333,14:50:06,76.4200,133,1
2026-03-04,000333,14:50:09,76.4100,227,4
2026-03-04,000333,14:50:12,76.4300,56,1
2026-03-04,000333,14:50:15,76.4300,152,1
2026-03-04,000333,14:50:18,76.4300,583,1
2026-03-04,000333,14:50:21,76.4200,92,2
2026-03-04,000333,14:50:24,76.3800,2844,2
2026-03-04,000333,14:50:27,76.3800,111,1
2026-03-04,000333,14:50:30,76.2500,113,2
2026-03-04,000333,14:50:33,76.2700,13,2
2026-03-04,000333,14:50:36,76.3100,40,1
2026-03-04,000333,14:50:39,76.3100,47,1
2026-03-04,000333,14:50:42,76.2700,18,2
2026-03-04,000333,14:50:48,76.2700,4,2
2026-03-04,000333,14:50:51,76.2800,20,1
2026-03-04,000333,14:50:54,76.2900,14,1
2026-03-04,000333,14:50:57,76.2800,5,2
2026-03-04,000333,14:51:00,76.2700,32,2
2026-03-04,000333,14:51:03,76.2700,19,1
2026-03-04,000333,14:51:06,76.2700,70,1
2026-03-04,000333,14:51:09,76.2700,6,1
2026-03-04,000333,14:51:12,76.2700,49,1
2026-03-04,000333,14:51:15,76.2700,29,1
2026-03-04,000333,14:51:18,76.2700,28,1
2026-03-04,000333,14:51:21,76.2600,13,2
2026-03-04,000333,14:51:24,76.2700,17,1
2026-03-04,000333,14:51:27,76.2700,26,1
2026-03-04,000333,14:51:30,76.2600,52,2
2026-03-04,000333,14:51:33,76.2700,16,1
2026-03-04,000333,14:51:36,76.2600,9,2
2026-03-04,000333,14:51:39,76.2700,64,1
2026-03-04,000333,14:51:42,76.2700,38,1
2026-03-04,000333,14:51:45,76.2700,22,1
2026-03-04,000333,14:51:48,76.2700,179,1
2026-03-04,000333,14:51:51,76.2700,31,1
2026-03-04,000333,14:51:54,76.2700,8,1
2026-03-04,000333,14:51:57,76.2600,21,2
2026-03-04,000333,14:52:00,76.2600,29,2
2026-03-04,000333,14:52:03,76.2500,106,2
2026-03-04,000333,14:52:06,76.2700,149,1
2026-03-04,000333,14:52:09,76.2700,83,1
2026-03-04,000333,14:52:12,76.2700,39,1
2026-03-04,000333,14:52:15,76.2200,48,2
2026-03-04,000333,14:52:18,76.2600,27,1
2026-03-04,000333,14:52:21,76.2200,14,2
2026-03-04,000333,14:52:24,76.2400,9,2
2026-03-04,000333,14:52:27,76.2400,8,2
2026-03-04,000333,14:52:30,76.2400,27,2
2026-03-04,000333,14:52:33,76.2300,61,2
2026-03-04,000333,14:52:36,76.2300,26,2
2026-03-04,000333,14:52:39,76.2400,2,1
2026-03-04,000333,14:52:42,76.2400,106,1
2026-03-04,000333,14:52:45,76.2400,25,1
2026-03-04,000333,14:52:48,76.2400,57,1
2026-03-04,000333,14:52:51,76.2500,30,1
2026-03-04,000333,14:52:54,76.2400,5,2
2026-03-04,000333,14:52:57,76.2500,3,1
2026-03-04,000333,14:53:00,76.2400,47,2
2026-03-04,000333,14:53:03,76.2300,43,2
2026-03-04,000333,14:53:06,76.2300,62,2
2026-03-04,000333,14:53:09,76.2300,29,2
2026-03-04,000333,14:53:12,76.2200,95,2
2026-03-04,000333,14:53:15,76.2300,134,1
2026-03-04,000333,14:53:18,76.2100,102,1
2026-03-04,000333,14:53:21,76.2300,137,1
2026-03-04,000333,14:53:24,76.2100,47,1
2026-03-04,000333,14:53:27,76.2100,33,4
2026-03-04,000333,14:53:30,76.2300,69,1
2026-03-04,000333,14:53:33,76.2400,20,1
2026-03-04,000333,14:53:36,76.2200,110,1
2026-03-04,000333,14:53:39,76.2400,74,1
2026-03-04,000333,14:53:42,76.2300,47,1
2026-03-04,000333,14:53:45,76.2000,8,2
2026-03-04,000333,14:53:48,76.2300,24,1
2026-03-04,000333,14:53:51,76.2000,15,2
2026-03-04,000333,14:53:54,76.1900,14,2
2026-03-04,000333,14:53:57,76.2000,10,1
2026-03-04,000333,14:54:00,76.1900,24,2
2026-03-04,000333,14:54:03,76.2000,35,1
2026-03-04,000333,14:54:06,76.1900,27,2
2026-03-04,000333,14:54:09,76.1900,18,2
2026-03-04,000333,14:54:12,76.1900,31,2
2026-03-04,000333,14:54:15,76.2000,9,1
2026-03-04,000333,14:54:18,76.2000,13,1
2026-03-04,000333,14:54:21,76.2000,34,1
2026-03-04,000333,14:54:24,76.1900,3,2
2026-03-04,000333,14:54:27,76.2000,17,1
2026-03-04,000333,14:54:30,76.2000,18,1
2026-03-04,000333,14:54:33,76.1900,21,2
2026-03-04,000333,14:54:36,76.1900,33,2
2026-03-04,000333,14:54:39,76.1900,24,2
2026-03-04,000333,14:54:42,76.1900,437,1
2026-03-04,000333,14:54:45,76.1800,23,2
2026-03-04,000333,14:54:48,76.1800,4,2
2026-03-04,000333,14:54:51,76.1900,8,1
2026-03-04,000333,14:54:57,76.1800,6,2
2026-03-04,000333,14:55:00,76.1800,55,2
2026-03-04,000333,14:55:03,76.2000,766,1
2026-03-04,000333,14:55:06,76.2500,62,1
2026-03-04,000333,14:55:09,76.2500,24,1
2026-03-04,000333,14:55:12,76.1800,66,2
2026-03-04,000333,14:55:15,76.2000,24,2
2026-03-04,000333,14:55:18,76.2200,19,2
2026-03-04,000333,14:55:21,76.2100,11,1
2026-03-04,000333,14:55:24,76.1900,112,2
2026-03-04,000333,14:55:27,76.2200,25,1
2026-03-04,000333,14:55:30,76.1900,15,4
2026-03-04,000333,14:55:33,76.2000,25,1
2026-03-04,000333,14:55:36,76.1900,69,2
2026-03-04,000333,14:55:39,76.1700,34,2
2026-03-04,000333,14:55:42,76.1700,14,2
2026-03-04,000333,14:55:45,76.1800,11,4
2026-03-04,000333,14:55:48,76.1700,48,2
2026-03-04,000333,14:55:51,76.1700,28,1
2026-03-04,000333,14:55:54,76.1700,15,1
2026-03-04,000333,14:55:57,76.1700,66,1
2026-03-04,000333,14:56:00,76.1700,23,2
2026-03-04,000333,14:56:03,76.1700,50,1
2026-03-04,000333,14:56:06,76.1700,17,1
2026-03-04,000333,14:56:09,76.1700,12,1
2026-03-04,000333,14:56:12,76.1600,69,2
2026-03-04,000333,14:56:15,76.1600,16,4
2026-03-04,000333,14:56:18,76.1900,42,1
2026-03-04,000333,14:56:21,76.1600,11,2
2026-03-04,000333,14:56:24,76.1900,1,1
2026-03-04,000333,14:56:27,76.1600,63,2
2026-03-04,000333,14:56:30,76.1900,84,1
2026-03-04,000333,14:56:33,76.1700,21,2
2026-03-04,000333,14:56:36,76.1600,10,2
2026-03-04,000333,14:56:39,76.1700,11,1
2026-03-04,000333,14:56:42,76.1700,17,1
2026-03-04,000333,14:56:45,76.1700,10,2
2026-03-04,000333,14:56:48,76.1900,68,1
2026-03-04,000333,14:56:51,76.1700,4,2
2026-03-04,000333,14:56:54,76.1700,28,2
2026-03-04,000333,14:56:57,76.2100,12,1
2026-03-04,000333,14:57:00,76.2100,2,2
2026-03-04,000333,15:00:00,76.1600,3616,4
2026-03-04,000333,13:16:06,75.7800,12,1
2026-03-04,000333,13:16:09,75.7800,35,1
2026-03-04,000333,13:16:12,75.7800,46,1
2026-03-04,000333,13:16:15,75.7900,17,1
2026-03-04,000333,13:16:18,75.7900,64,1
2026-03-04,000333,13:16:21,75.7900,6,2
2026-03-04,000333,13:16:24,75.8000,18,1
2026-03-04,000333,13:16:27,75.7900,30,2
2026-03-04,000333,13:16:30,75.8000,31,1
2026-03-04,000333,13:16:33,75.7900,60,2
2026-03-04,000333,13:16:36,75.7900,47,2
2026-03-04,000333,13:16:39,75.7800,53,2
2026-03-04,000333,13:16:42,75.7900,37,1
2026-03-04,000333,13:16:45,75.8000,34,1
2026-03-04,000333,13:16:48,75.8000,26,1
2026-03-04,000333,13:16:51,75.8000,29,1
2026-03-04,000333,13:16:54,75.7900,57,2
2026-03-04,000333,13:16:57,75.7900,18,1
2026-03-04,000333,13:17:00,75.7900,27,1
2026-03-04,000333,13:17:03,75.7900,86,2
2026-03-04,000333,13:17:06,75.8100,37,1
2026-03-04,000333,13:17:09,75.8100,26,1
2026-03-04,000333,13:17:12,75.8400,36,1
2026-03-04,000333,13:17:15,75.8200,27,4
2026-03-04,000333,13:17:18,75.8100,14,2
2026-03-04,000333,13:17:21,75.8300,12,1
2026-03-04,000333,13:17:24,75.8200,56,2
2026-03-04,000333,13:17:27,75.8400,36,1
2026-03-04,000333,13:17:30,75.8300,36,1
2026-03-04,000333,13:17:33,75.8300,44,1
2026-03-04,000333,13:17:36,75.8300,7,1
2026-03-04,000333,13:17:39,75.8300,191,1
2026-03-04,000333,13:17:42,75.8300,59,1
2026-03-04,000333,13:17:45,75.8300,36,1
2026-03-04,000333,13:17:48,75.8300,21,2
2026-03-04,000333,13:17:51,75.8300,71,1
2026-03-04,000333,13:17:54,75.8100,13,2
2026-03-04,000333,13:17:57,75.8300,37,1
2026-03-04,000333,13:18:00,75.8000,21,2
2026-03-04,000333,13:18:03,75.8000,4,2
2026-03-04,000333,13:18:06,75.8000,47,2
2026-03-04,000333,13:18:09,75.8500,304,1
2026-03-04,000333,13:18:12,75.8600,53,1
2026-03-04,000333,13:18:15,75.8600,65,2
2026-03-04,000333,13:18:18,75.8600,49,2
2026-03-04,000333,13:18:21,75.8700,45,1
2026-03-04,000333,13:18:24,75.8500,6,2
2026-03-04,000333,13:18:27,75.8500,58,2
2026-03-04,000333,13:18:30,75.8500,18,1
2026-03-04,000333,13:18:33,75.8500,48,2
2026-03-04,000333,13:18:36,75.8500,80,4
2026-03-04,000333,13:18:39,75.8400,58,2
2026-03-04,000333,13:18:42,75.8500,23,1
2026-03-04,000333,13:18:45,75.8500,12,2
2026-03-04,000333,13:18:48,75.8500,124,2
2026-03-04,000333,13:18:51,75.8500,51,2
2026-03-04,000333,13:18:54,75.8600,4,1
2026-03-04,000333,13:18:57,75.8600,6,1
2026-03-04,000333,13:19:00,75.8900,53,1
2026-03-04,000333,13:19:03,75.8900,23,1
2026-03-04,000333,13:19:06,75.8800,45,1
2026-03-04,000333,13:19:09,75.8700,26,2
2026-03-04,000333,13:19:12,75.8700,32,2
2026-03-04,000333,13:19:15,75.8400,177,2
2026-03-04,000333,13:19:18,75.8400,31,2
2026-03-04,000333,13:19:21,75.8400,27,1
2026-03-04,000333,13:19:24,75.8100,9,2
2026-03-04,000333,13:19:27,75.8200,38,4
2026-03-04,000333,13:19:30,75.8300,28,1
2026-03-04,000333,13:19:33,75.8300,14,1
2026-03-04,000333,13:19:36,75.8300,25,1
2026-03-04,000333,13:19:39,75.8200,60,2
2026-03-04,000333,13:19:42,75.8700,28,1
2026-03-04,000333,13:19:45,75.8900,74,1
2026-03-04,000333,13:19:48,75.8600,74,2
2026-03-04,000333,13:19:51,75.8600,54,1
2026-03-04,000333,13:19:54,75.8600,31,2
2026-03-04,000333,13:19:57,75.8600,26,2
2026-03-04,000333,13:20:00,75.8800,12,1
2026-03-04,000333,13:20:03,75.8700,17,1
2026-03-04,000333,13:20:06,75.8800,62,1
2026-03-04,000333,13:20:09,75.8900,6,1
2026-03-04,000333,13:20:12,75.9100,222,1
2026-03-04,000333,13:20:15,75.9500,97,1
2026-03-04,000333,13:20:18,75.9500,47,1
2026-03-04,000333,13:20:21,75.9500,34,1
2026-03-04,000333,13:20:24,75.9400,15,4
2026-03-04,000333,13:20:27,75.9300,35,2
2026-03-04,000333,13:20:30,75.9400,18,1
2026-03-04,000333,13:20:33,75.9500,69,1
2026-03-04,000333,13:20:36,75.9500,47,1
2026-03-04,000333,13:20:39,75.9500,16,2
2026-03-04,000333,13:20:42,75.9600,42,1
2026-03-04,000333,13:20:45,75.9600,29,1
2026-03-04,000333,13:20:48,75.9600,19,1
2026-03-04,000333,13:20:51,75.9500,91,2
2026-03-04,000333,13:20:54,75.9600,37,1
2026-03-04,000333,13:20:57,75.9600,18,1
2026-03-04,000333,13:21:00,75.9700,47,1
2026-03-04,000333,13:21:03,75.9700,29,2
2026-03-04,000333,13:21:06,75.9700,66,2
2026-03-04,000333,13:21:09,75.9600,24,2
2026-03-04,000333,13:21:12,75.9600,27,1
2026-03-04,000333,13:21:15,75.9600,27,2
2026-03-04,000333,13:21:18,75.9600,37,1
2026-03-04,000333,13:21:21,75.9600,44,1
2026-03-04,000333,13:21:24,75.9700,22,1
2026-03-04,000333,13:21:27,75.9800,20,1
2026-03-04,000333,13:21:30,75.9800,29,1
2026-03-04,000333,13:21:33,75.9900,18,1
2026-03-04,000333,13:21:36,75.9800,153,2
2026-03-04,000333,13:21:39,75.9600,90,2
2026-03-04,000333,13:21:42,75.9600,24,2
2026-03-04,000333,13:21:45,75.9600,31,2
2026-03-04,000333,13:21:48,75.9600,52,2
2026-03-04,000333,13:21:51,75.9600,96,4
2026-03-04,000333,13:21:54,75.9600,33,2
2026-03-04,000333,13:21:57,75.9500,42,2
2026-03-04,000333,13:22:00,75.9500,55,2
2026-03-04,000333,13:22:03,75.9100,47,2
2026-03-04,000333,13:22:06,75.9300,20,1
2026-03-04,000333,13:22:09,75.9300,22,1
2026-03-04,000333,13:22:12,75.9400,32,1
2026-03-04,000333,13:22:15,75.9300,25,2
2026-03-04,000333,13:22:18,75.9300,44,1
2026-03-04,000333,13:22:21,75.9300,39,1
2026-03-04,000333,13:22:24,75.9400,37,1
2026-03-04,000333,13:22:27,75.9400,15,1
2026-03-04,000333,13:22:30,75.9400,33,1
2026-03-04,000333,13:22:33,75.9500,37,1
2026-03-04,000333,13:22:36,75.9500,26,1
2026-03-04,000333,13:22:39,75.9500,16,2
2026-03-04,000333,13:22:42,75.9400,64,2
2026-03-04,000333,13:22:45,75.9400,41,1
2026-03-04,000333,13:22:48,75.9400,51,4
2026-03-04,000333,13:22:51,75.9300,53,2
2026-03-04,000333,13:22:54,75.9200,61,2
2026-03-04,000333,13:22:57,75.9200,37,2
2026-03-04,000333,13:23:00,75.9200,60,2
2026-03-04,000333,13:23:03,75.9200,10,1
2026-03-04,000333,13:23:06,75.9200,50,1
2026-03-04,000333,13:23:09,75.9200,8,1
2026-03-04,000333,13:23:12,75.9200,38,1
2026-03-04,000333,13:23:15,75.9100,7,2
2026-03-04,000333,13:23:18,75.9200,20,2
2026-03-04,000333,13:23:21,75.9300,28,1
2026-03-04,000333,13:23:24,75.9200,32,2
2026-03-04,000333,13:23:27,75.9300,25,4
2026-03-04,000333,13:23:30,75.9400,25,1
2026-03-04,000333,13:23:33,75.9300,12,2
2026-03-04,000333,13:23:36,75.9300,31,2
2026-03-04,000333,13:23:39,75.9200,49,2
2026-03-04,000333,13:23:42,75.9300,26,1
2026-03-04,000333,13:23:45,75.9100,76,2
2026-03-04,000333,13:23:48,75.9100,36,2
2026-03-04,000333,13:23:51,75.9100,1,2
2026-03-04,000333,13:23:54,75.9100,7,2
2026-03-04,000333,13:23:57,75.9200,6,1
2026-03-04,000333,13:24:00,75.9100,28,2
2026-03-04,000333,13:24:03,75.9100,22,2
2026-03-04,000333,13:24:06,75.9200,48,1
2026-03-04,000333,13:24:09,75.9200,22,1
2026-03-04,000333,13:24:12,75.9100,29,2
2026-03-04,000333,13:24:15,75.9200,31,1
2026-03-04,000333,13:24:18,75.9200,21,2
2026-03-04,000333,13:24:21,75.9200,43,2
2026-03-04,000333,13:24:24,75.9200,29,2
2026-03-04,000333,13:24:27,75.9200,60,2
2026-03-04,000333,13:24:30,75.9200,18,2
2026-03-04,000333,13:24:33,75.9200,39,2
2026-03-04,000333,13:24:36,75.9300,41,1
2026-03-04,000333,13:24:39,75.9300,36,1
2026-03-04,000333,13:24:42,75.9000,211,2
2026-03-04,000333,13:24:45,75.9000,121,1
2026-03-04,000333,13:24:48,75.9100,83,1
2026-03-04,000333,13:24:51,75.9400,39,1
2026-03-04,000333,13:24:54,75.9400,63,1
2026-03-04,000333,13:24:57,75.9400,34,2
2026-03-04,000333,13:25:00,75.9300,60,2
2026-03-04,000333,13:25:03,75.9400,94,1
2026-03-04,000333,13:25:06,75.9300,96,2
2026-03-04,000333,13:25:09,75.9200,59,2
2026-03-04,000333,13:25:12,75.9400,55,1
2026-03-04,000333,13:25:15,75.9400,85,1
2026-03-04,000333,13:25:18,75.9400,71,1
2026-03-04,000333,13:25:21,75.9500,53,1
2026-03-04,000333,13:25:24,75.9500,40,2
2026-03-04,000333,13:25:27,75.9500,55,2
2026-03-04,000333,13:25:30,75.9500,8,2
2026-03-04,000333,13:25:33,75.9500,22,2
2026-03-04,000333,13:25:36,75.9600,22,1
2026-03-04,000333,13:25:39,75.9600,40,2
2026-03-04,000333,13:25:42,75.9700,27,1
2026-03-04,000333,13:25:45,75.9700,6,1
2026-03-04,000333,13:25:48,75.9600,52,2
2026-03-04,000333,13:25:51,75.9900,165,1
2026-03-04,000333,13:25:54,75.9600,96,2
2026-03-04,000333,13:25:57,75.9600,20,1
2026-03-04,000333,13:26:00,75.9600,14,2
2026-03-04,000333,13:26:03,75.9600,60,2
2026-03-04,000333,13:26:06,75.9700,54,1
2026-03-04,000333,13:26:09,75.9900,46,1
2026-03-04,000333,13:26:12,75.9700,25,2
2026-03-04,000333,13:26:15,75.9500,49,2
2026-03-04,000333,13:26:18,75.9400,82,2
2026-03-04,000333,13:26:21,75.9400,34,1
2026-03-04,000333,13:26:24,75.9400,8,1
2026-03-04,000333,13:26:27,75.9400,49,1
2026-03-04,000333,13:26:30,75.9400,32,1
2026-03-04,000333,13:26:33,75.9400,32,1
2026-03-04,000333,13:26:36,75.9500,35,1
2026-03-04,000333,13:26:39,75.9400,36,1
2026-03-04,000333,13:26:42,75.9400,4,2
2026-03-04,000333,13:26:45,75.9400,62,2
2026-03-04,000333,13:26:48,75.9200,57,2
2026-03-04,000333,13:26:51,75.9200,16,1
2026-03-04,000333,13:26:54,75.9200,34,1
2026-03-04,000333,13:26:57,75.9200,4,4
2026-03-04,000333,13:27:00,75.9400,44,1
2026-03-04,000333,13:27:03,75.9500,41,1
2026-03-04,000333,13:27:06,75.9600,54,1
2026-03-04,000333,13:27:09,75.9700,6,1
2026-03-04,000333,13:27:12,75.9700,21,1
2026-03-04,000333,13:27:15,75.9700,7,2
2026-03-04,000333,13:27:18,75.9700,17,1
2026-03-04,000333,13:27:21,75.9700,12,1
2026-03-04,000333,13:27:24,75.9700,31,2
2026-03-04,000333,13:27:27,75.9600,31,2
2026-03-04,000333,13:27:30,75.9800,28,1
2026-03-04,000333,13:27:33,75.9600,25,2
2026-03-04,000333,13:27:36,75.9600,66,4
2026-03-04,000333,13:27:39,75.9600,32,2
2026-03-04,000333,13:27:42,75.9600,42,1
2026-03-04,000333,13:27:45,75.9700,26,1
2026-03-04,000333,13:27:48,75.9700,30,1
2026-03-04,000333,13:27:51,75.9600,532,2
2026-03-04,000333,13:27:54,75.9600,135,1
2026-03-04,000333,13:27:57,75.9600,67,1
2026-03-04,000333,13:28:00,75.9500,27,1
2026-03-04,000333,13:28:03,75.9500,28,1
2026-03-04,000333,13:28:06,75.9600,72,1
2026-03-04,000333,13:28:09,75.9400,35,2
2026-03-04,000333,13:28:12,75.9300,93,2
2026-03-04,000333,13:28:15,75.9100,18,2
2026-03-04,000333,13:28:18,75.9500,34,1
2026-03-04,000333,13:28:21,75.9100,41,2
2026-03-04,000333,13:28:24,75.9000,89,4
2026-03-04,000333,13:28:27,75.9000,41,1
2026-03-04,000333,13:28:30,75.9500,42,1
2026-03-04,000333,13:28:33,75.9100,18,2
2026-03-04,000333,13:28:36,75.9000,90,2
2026-03-04,000333,13:28:39,75.8900,32,4
2026-03-04,000333,13:28:42,75.8500,81,2
2026-03-04,000333,13:28:45,75.8500,60,1
2026-03-04,000333,13:28:48,75.9000,62,1
2026-03-04,000333,13:28:51,75.8800,169,2
2026-03-04,000333,13:28:54,75.8900,86,1
2026-03-04,000333,13:28:57,75.9300,42,1
2026-03-04,000333,13:29:00,75.9300,10,1
2026-03-04,000333,13:29:03,75.9000,75,2
2026-03-04,000333,13:29:06,75.9000,78,1
2026-03-04,000333,13:29:09,75.9000,45,2
2026-03-04,000333,13:29:12,75.9000,54,2
2026-03-04,000333,13:29:15,75.9000,21,1
2026-03-04,000333,13:29:18,75.9000,55,1
2026-03-04,000333,13:29:21,75.9000,19,2
2026-03-04,000333,13:29:24,75.9000,36,1
2026-03-04,000333,13:29:27,75.9000,12,1
2026-03-04,000333,13:29:30,75.9000,25,1
2026-03-04,000333,13:29:33,75.8900,154,2
2026-03-04,000333,13:29:36,75.8900,65,2
2026-03-04,000333,13:29:39,75.8900,75,1
2026-03-04,000333,13:29:42,75.8800,47,2
2026-03-04,000333,13:29:45,75.8900,24,1
2026-03-04,000333,13:29:48,75.8800,95,2
2026-03-04,000333,13:29:51,75.8700,46,2
2026-03-04,000333,13:29:54,75.8700,80,1
2026-03-04,000333,13:29:57,75.8700,27,1
2026-03-04,000333,13:30:00,75.9000,34,1
2026-03-04,000333,13:30:03,75.8800,24,2
2026-03-04,000333,13:30:06,75.8800,61,1
2026-03-04,000333,13:30:09,75.9000,26,1
2026-03-04,000333,13:30:12,75.9100,98,1
2026-03-04,000333,13:30:15,75.9200,74,1
2026-03-04,000333,13:30:18,75.9100,24,2
2026-03-04,000333,13:30:21,75.8500,95,2
2026-03-04,000333,13:30:24,75.8600,69,1
2026-03-04,000333,13:30:27,75.8600,38,1
2026-03-04,000333,13:30:30,75.8600,8,2
2026-03-04,000333,13:30:33,75.8700,6,2
2026-03-04,000333,13:30:36,75.8700,30,1
2026-03-04,000333,13:30:39,75.8700,9,1
2026-03-04,000333,13:30:42,75.8700,80,1
2026-03-04,000333,13:30:45,75.8600,30,2
2026-03-04,000333,13:30:48,75.8600,27,1
2026-03-04,000333,13:30:51,75.8600,120,2
2026-03-04,000333,13:30:54,75.8700,35,1
2026-03-04,000333,13:30:57,75.8500,6,2
2026-03-04,000333,13:31:00,75.8800,12,4
2026-03-04,000333,13:31:03,75.8600,135,2
2026-03-04,000333,13:31:06,75.8500,108,2
2026-03-04,000333,13:31:09,75.8600,59,1
2026-03-04,000333,13:31:12,75.8600,15,2
2026-03-04,000333,13:31:15,75.8700,17,1
2026-03-04,000333,13:31:18,75.8700,28,1
2026-03-04,000333,13:31:21,75.8700,24,1
2026-03-04,000333,13:31:24,75.8600,59,2
2026-03-04,000333,13:31:27,75.8900,65,1
2026-03-04,000333,13:31:30,75.8900,46,1
2026-03-04,000333,13:31:33,75.9400,40,1
2026-03-04,000333,13:31:36,75.9400,21,1
2026-03-04,000333,13:31:39,75.9300,84,1
2026-03-04,000333,13:31:42,75.9000,33,2
2026-03-04,000333,13:31:45,75.9300,9,2
2026-03-04,000333,13:31:48,75.9500,28,1
2026-03-04,000333,13:31:51,75.9500,35,1
2026-03-04,000333,13:31:54,75.9400,14,2
2026-03-04,000333,13:31:57,75.9400,87,1
2026-03-04,000333,13:32:00,75.9400,24,1
2026-03-04,000333,13:32:03,75.9300,38,1
2026-03-04,000333,13:32:06,75.9200,94,2
2026-03-04,000333,13:32:09,75.9200,56,1
2026-03-04,000333,13:32:12,75.9200,5,2
2026-03-04,000333,13:32:15,75.9200,37,2
2026-03-04,000333,13:32:18,75.9300,12,1
2026-03-04,000333,13:32:21,75.9300,25,1
2026-03-04,000333,13:32:24,75.9300,26,1
2026-03-04,000333,13:32:27,75.9200,69,2
2026-03-04,000333,13:32:30,75.9000,60,2
2026-03-04,000333,13:32:33,75.9200,11,1
2026-03-04,000333,13:32:36,75.9200,26,1
2026-03-04,000333,13:32:39,75.9200,16,1
2026-03-04,000333,13:32:42,75.9300,25,1
2026-03-04,000333,13:32:45,75.9200,39,2
2026-03-04,000333,13:32:48,75.9400,25,1
2026-03-04,000333,13:32:51,75.9400,19,1
2026-03-04,000333,13:32:54,75.9200,34,2
2026-03-04,000333,13:32:57,75.9200,2,2
2026-03-04,000333,13:33:00,75.9200,3,2
2026-03-04,000333,13:33:03,75.9200,7,2
2026-03-04,000333,13:33:06,75.9300,65,1
2026-03-04,000333,13:33:09,75.9300,41,1
2026-03-04,000333,13:33:12,75.9200,202,2
2026-03-04,000333,13:33:15,75.9000,33,2
2026-03-04,000333,13:33:18,75.9000,47,2
2026-03-04,000333,13:33:21,75.9000,56,2
2026-03-04,000333,13:33:24,75.9000,46,2
2026-03-04,000333,13:33:27,75.9000,37,2
2026-03-04,000333,13:33:30,75.9000,24,2
2026-03-04,000333,13:33:33,75.9000,16,2
2026-03-04,000333,13:33:36,75.9000,26,2
2026-03-04,000333,13:33:39,75.9100,20,1
2026-03-04,000333,13:33:42,75.9300,95,1
2026-03-04,000333,13:33:45,75.9300,102,1
2026-03-04,000333,13:33:48,75.9300,116,2
2026-03-04,000333,13:33:51,75.9300,29,2
2026-03-04,000333,13:33:54,75.9100,22,2
2026-03-04,000333,13:33:57,75.9100,28,2
2026-03-04,000333,13:34:00,75.9200,40,1
2026-03-04,000333,13:34:03,75.9300,4,1
2026-03-04,000333,13:34:06,75.9300,81,1
2026-03-04,000333,13:34:09,75.9300,17,2
2026-03-04,000333,13:34:12,75.9300,5,4
2026-03-04,000333,13:34:15,75.9300,50,2
2026-03-04,000333,13:34:18,75.9400,17,2
2026-03-04,000333,13:34:21,75.9400,3,2
2026-03-04,000333,13:34:24,75.9500,5,1
2026-03-04,000333,13:34:27,75.9600,50,1
2026-03-04,000333,13:34:30,75.9600,51,4
2026-03-04,000333,13:34:33,75.9700,60,1
2026-03-04,000333,13:34:36,75.9700,129,1
2026-03-04,000333,13:34:39,75.9600,74,1
2026-03-04,000333,13:34:42,75.9800,116,1
2026-03-04,000333,13:34:45,75.9700,19,1
2026-03-04,000333,13:34:48,75.9700,13,1
2026-03-04,000333,13:34:51,75.9800,35,1
2026-03-04,000333,13:34:54,75.9800,16,1
2026-03-04,000333,13:34:57,75.9800,18,1
2026-03-04,000333,13:35:00,75.9800,28,1
2026-03-04,000333,13:35:03,75.9800,10,2
2026-03-04,000333,13:35:06,75.9900,30,1
2026-03-04,000333,13:35:09,75.9900,7,1
2026-03-04,000333,13:35:12,75.9900,71,1
2026-03-04,000333,13:35:15,75.9900,55,1
2026-03-04,000333,13:35:18,75.9800,18,2
2026-03-04,000333,13:35:21,75.9900,54,1
2026-03-04,000333,13:35:24,75.9900,79,1
2026-03-04,000333,13:35:27,75.9900,61,1
2026-03-04,000333,13:35:30,75.9900,12,2
2026-03-04,000333,13:35:33,76.0000,51,1
2026-03-04,000333,13:35:36,76.0000,24,1
2026-03-04,000333,13:35:39,76.0000,32,1
2026-03-04,000333,13:35:42,76.0000,28,1
2026-03-04,000333,13:35:45,75.9900,15,2
2026-03-04,000333,13:35:48,75.9900,18,1
2026-03-04,000333,13:35:51,75.9900,34,1
2026-03-04,000333,13:35:54,75.9800,37,2
2026-03-04,000333,13:35:57,75.9900,43,1
2026-03-04,000333,13:36:00,75.9800,29,2
2026-03-04,000333,13:36:03,75.9800,34,1
2026-03-04,000333,13:36:06,75.9700,40,2
2026-03-04,000333,13:36:09,75.9800,27,1
2026-03-04,000333,13:36:12,76.0000,584,1
2026-03-04,000333,13:36:15,76.0000,61,2
2026-03-04,000333,13:36:18,76.0200,23,1
2026-03-04,000333,13:36:21,76.0200,26,1
2026-03-04,000333,13:36:24,76.0400,32,1
2026-03-04,000333,13:36:27,76.0400,49,1
2026-03-04,000333,13:36:30,76.0500,25,1
2026-03-04,000333,13:36:33,76.0500,24,1
2026-03-04,000333,13:36:36,76.0500,63,2
2026-03-04,000333,13:36:39,76.0600,51,1
2026-03-04,000333,13:36:42,76.0600,22,1
2026-03-04,000333,13:36:45,76.0600,158,2
2026-03-04,000333,13:36:48,76.0600,41,1
2026-03-04,000333,13:36:51,76.0700,36,1
2026-03-04,000333,13:36:54,76.0700,24,2
2026-03-04,000333,13:36:57,76.0700,53,1
2026-03-04,000333,13:37:00,76.0600,18,2
2026-03-04,000333,13:37:03,76.0500,38,2
2026-03-04,000333,13:37:06,76.0500,19,2
2026-03-04,000333,13:37:09,76.0500,33,2
2026-03-04,000333,13:37:12,76.0500,40,2
2026-03-04,000333,13:37:15,76.0600,29,1
2026-03-04,000333,13:37:18,76.0600,19,1
2026-03-04,000333,13:37:21,76.0300,20,2
2026-03-04,000333,13:37:24,76.0200,34,2
2026-03-04,000333,13:37:27,76.0100,7,2
2026-03-04,000333,13:37:30,76.0300,14,1
2026-03-04,000333,13:37:33,76.0300,10,1
2026-03-04,000333,13:37:36,76.0300,19,1
2026-03-04,000333,13:37:39,76.0300,30,1
2026-03-04,000333,13:37:42,76.0200,37,2
2026-03-04,000333,13:37:45,76.0100,10,2
2026-03-04,000333,13:37:48,76.0200,15,1
2026-03-04,000333,13:37:51,76.0200,104,1
2026-03-04,000333,13:37:54,76.0100,48,4
2026-03-04,000333,13:37:57,76.0000,152,2
2026-03-04,000333,13:38:00,76.0000,137,1
2026-03-04,000333,13:38:03,75.9900,360,2
2026-03-04,000333,13:38:06,76.0000,177,1
2026-03-04,000333,13:38:09,76.0000,27,1
2026-03-04,000333,13:38:12,76.0200,329,1
2026-03-04,000333,13:38:15,76.0200,22,2
2026-03-04,000333,13:38:18,76.0400,26,1
2026-03-04,000333,13:38:21,76.0500,24,1
2026-03-04,000333,13:38:24,76.0500,11,1
2026-03-04,000333,13:38:27,76.0400,23,2
2026-03-04,000333,13:38:30,76.0400,13,1
2026-03-04,000333,13:38:33,76.0400,30,1
2026-03-04,000333,13:38:36,76.0400,22,2
2026-03-04,000333,13:38:39,76.0600,16,1
2026-03-04,000333,13:38:42,76.0400,39,2
2026-03-04,000333,13:38:45,76.0400,18,2
2026-03-04,000333,13:38:48,76.0400,16,2
2026-03-04,000333,13:38:57,76.0400,37,2
2026-03-04,000333,13:39:00,76.0200,52,2
2026-03-04,000333,13:39:03,76.0400,23,1
2026-03-04,000333,13:39:06,76.0200,31,2
2026-03-04,000333,13:39:09,76.0300,23,1
2026-03-04,000333,13:39:12,76.0200,6,2
2026-03-04,000333,13:39:15,76.0300,29,2
2026-03-04,000333,13:39:18,76.0300,6,2
2026-03-04,000333,13:39:21,76.0500,4,4
2026-03-04,000333,13:39:24,76.0400,23,2
2026-03-04,000333,13:39:27,76.0400,23,4
2026-03-04,000333,13:39:30,76.0400,33,2
2026-03-04,000333,13:39:33,76.0400,1,1
2026-03-04,000333,13:39:36,76.0500,28,1
2026-03-04,000333,13:39:39,76.0600,57,1
2026-03-04,000333,13:39:42,76.0600,27,1
2026-03-04,000333,13:39:45,76.0500,13,2
2026-03-04,000333,13:39:48,76.0600,9,1
2026-03-04,000333,13:39:51,76.0600,138,2
2026-03-04,000333,13:39:54,76.0700,8,1
2026-03-04,000333,13:39:57,76.0700,37,1
2026-03-04,000333,13:40:00,76.0700,24,2
2026-03-04,000333,13:40:03,76.0800,29,1
2026-03-04,000333,13:40:06,76.0900,66,1
2026-03-04,000333,13:40:09,76.0900,71,1
2026-03-04,000333,13:40:12,76.0900,37,1
2026-03-04,000333,13:40:15,76.0900,20,1
2026-03-04,000333,13:40:18,76.0900,41,1
2026-03-04,000333,13:40:21,76.0900,7,1
2026-03-04,000333,13:40:24,76.1000,67,1
2026-03-04,000333,13:40:27,76.0900,124,2
2026-03-04,000333,13:40:30,76.1000,17,2
2026-03-04,000333,13:40:33,76.1100,4,1
2026-03-04,000333,13:40:36,76.0900,55,2
2026-03-04,000333,13:40:39,76.1200,63,1
2026-03-04,000333,13:40:42,76.0900,31,2
2026-03-04,000333,13:40:45,76.0900,26,1
2026-03-04,000333,13:40:48,76.1000,14,1
2026-03-04,000333,13:40:51,76.1200,13,1
2026-03-04,000333,13:40:54,76.1100,20,1
2026-03-04,000333,13:40:57,76.1000,17,2
2026-03-04,000333,13:41:00,76.1000,9,4
2026-03-04,000333,13:41:03,76.1100,9,1
2026-03-04,000333,13:41:06,76.1000,12,2
2026-03-04,000333,13:41:09,76.1100,32,1
2026-03-04,000333,13:41:12,76.1000,33,2
2026-03-04,000333,13:41:15,76.1200,7,1
2026-03-04,000333,13:41:18,76.1100,28,2
2026-03-04,000333,13:41:21,76.1200,25,1
2026-03-04,000333,13:41:24,76.1200,29,1
2026-03-04,000333,13:41:27,76.1300,23,1
2026-03-04,000333,13:41:30,76.1200,10,2
2026-03-04,000333,13:41:33,76.1300,20,1
2026-03-04,000333,13:41:36,76.1100,67,2
2026-03-04,000333,13:41:39,76.1000,38,2
2026-03-04,000333,13:41:42,76.1100,15,1
2026-03-04,000333,13:41:45,76.1300,32,1
2026-03-04,000333,13:41:48,76.1100,21,2
2026-03-04,000333,13:41:51,76.1100,16,2
2026-03-04,000333,13:41:54,76.1200,22,1
2026-03-04,000333,13:41:57,76.1100,23,2
2026-03-04,000333,13:42:00,76.1100,9,1
2026-03-04,000333,13:42:03,76.1100,56,1
2026-03-04,000333,13:42:06,76.1100,7,1
2026-03-04,000333,13:42:09,76.1100,12,1
2026-03-04,000333,13:42:12,76.1100,21,1
2026-03-04,000333,13:42:15,76.1000,39,2
2026-03-04,000333,13:42:18,76.1100,122,1
2026-03-04,000333,13:42:21,76.1000,33,1
2026-03-04,000333,13:42:24,76.1000,17,1
2026-03-04,000333,13:42:27,76.0900,35,2
2026-03-04,000333,13:42:30,76.0900,37,2
2026-03-04,000333,13:42:33,76.0900,25,1
2026-03-04,000333,13:42:36,76.1000,57,1
2026-03-04,000333,13:42:39,76.1000,27,1
2026-03-04,000333,13:42:42,76.1000,35,2
2026-03-04,000333,13:42:45,76.1200,26,1
2026-03-04,000333,13:42:48,76.1200,26,1
2026-03-04,000333,13:42:51,76.1200,24,1
2026-03-04,000333,13:42:54,76.1200,36,1
2026-03-04,000333,13:42:57,76.1300,80,1
2026-03-04,000333,13:43:00,76.1200,20,4
2026-03-04,000333,13:43:03,76.1400,2,1
2026-03-04,000333,13:43:06,76.1300,24,2
2026-03-04,000333,13:43:09,76.1300,20,2
2026-03-04,000333,13:43:12,76.1400,2,1
2026-03-04,000333,13:43:15,76.1400,30,1
2026-03-04,000333,13:43:18,76.1400,21,1
2026-03-04,000333,13:43:21,76.1400,51,2
2026-03-04,000333,13:43:24,76.1300,38,2
2026-03-04,000333,13:43:27,76.1300,59,2
2026-03-04,000333,13:43:30,76.1300,35,2
2026-03-04,000333,13:43:33,76.1300,16,1
2026-03-04,000333,13:43:36,76.1300,21,2
2026-03-04,000333,13:43:39,76.1400,20,1
2026-03-04,000333,13:43:42,76.1400,15,1
2026-03-04,000333,13:43:45,76.1300,19,2
2026-03-04,000333,13:43:48,76.1300,76,2
2026-03-04,000333,13:43:51,76.1400,31,1
2026-03-04,000333,13:43:54,76.1400,43,1
2026-03-04,000333,13:43:57,76.1500,6,1
2026-03-04,000333,13:44:00,76.1300,54,2
2026-03-04,000333,13:44:03,76.1200,22,2
2026-03-04,000333,13:44:06,76.1300,11,1
2026-03-04,000333,13:44:09,76.1400,13,1
2026-03-04,000333,13:44:12,76.1400,20,1
2026-03-04,000333,13:44:15,76.1400,11,1
2026-03-04,000333,13:44:18,76.1300,14,2
2026-03-04,000333,13:44:21,76.1300,72,2
2026-03-04,000333,13:44:24,76.1400,58,1
2026-03-04,000333,13:44:27,76.1400,24,1
2026-03-04,000333,13:44:30,76.1400,12,1
2026-03-04,000333,13:44:33,76.1500,159,1
2026-03-04,000333,13:44:36,76.1300,108,2
2026-03-04,000333,13:44:39,76.1700,8,1
2026-03-04,000333,13:44:42,76.1700,9,1
2026-03-04,000333,13:44:45,76.1700,10,1
2026-03-04,000333,13:44:48,76.1700,23,2
2026-03-04,000333,13:44:51,76.1800,5,1
2026-03-04,000333,13:44:54,76.1800,29,1
2026-03-04,000333,13:44:57,76.1700,20,2
2026-03-04,000333,13:45:00,76.1700,19,2
2026-03-04,000333,13:45:03,76.1700,41,2
2026-03-04,000333,13:45:06,76.1800,120,1
2026-03-04,000333,13:45:09,76.1800,53,1
2026-03-04,000333,13:45:12,76.1800,19,1
2026-03-04,000333,13:45:15,76.1700,17,1
2026-03-04,000333,13:45:18,76.1700,20,1
2026-03-04,000333,13:45:21,76.1700,8,1
2026-03-04,000333,13:45:24,76.1700,13,1
2026-03-04,000333,13:45:27,76.1600,56,2
2026-03-04,000333,13:45:30,76.1600,15,1
2026-03-04,000333,13:45:33,76.1600,15,1
2026-03-04,000333,13:45:36,76.1600,34,1
2026-03-04,000333,13:45:39,76.1600,26,1
2026-03-04,000333,13:45:42,76.1700,6,1
2026-03-04,000333,13:45:45,76.1700,16,1
2026-03-04,000333,13:45:48,76.1700,25,1
2026-03-04,000333,13:45:51,76.1600,12,2
2026-03-04,000333,13:45:54,76.1500,35,2
2026-03-04,000333,13:45:57,76.1400,59,2
2026-03-04,000333,13:46:00,76.1300,34,2
2026-03-04,000333,13:46:03,76.1200,43,2
2026-03-04,000333,13:46:06,76.1100,9,2
2026-03-04,000333,13:46:12,76.1100,36,2
2026-03-04,000333,13:46:15,76.1100,33,2
2026-03-04,000333,13:46:18,76.1100,29,2
2026-03-04,000333,13:46:21,76.1100,27,1
2026-03-04,000333,13:46:24,76.1100,60,1
2026-03-04,000333,13:46:27,76.1100,29,1
2026-03-04,000333,13:46:30,76.1000,23,2
2026-03-04,000333,13:46:33,76.1100,31,1
2026-03-04,000333,13:46:36,76.1000,19,1
2026-03-04,000333,13:46:39,76.1000,19,1
2026-03-04,000333,13:46:42,76.1100,50,1
2026-03-04,000333,13:46:45,76.1200,24,1
2026-03-04,000333,13:46:48,76.1200,24,1
2026-03-04,000333,13:46:51,76.1000,11,2
2026-03-04,000333,13:46:54,76.1000,14,2
2026-03-04,000333,13:46:57,76.1000,19,2
2026-03-04,000333,13:47:00,76.1000,21,2
2026-03-04,000333,13:47:03,76.1000,31,2
2026-03-04,000333,13:47:06,76.1000,58,2
2026-03-04,000333,13:47:09,76.1000,67,2
2026-03-04,000333,13:47:12,76.0900,50,2
2026-03-04,000333,13:47:15,76.0900,38,2
2026-03-04,000333,13:47:18,76.0900,30,2
2026-03-04,000333,13:47:21,76.0900,33,2
2026-03-04,000333,13:47:24,76.0900,32,1
2026-03-04,000333,13:47:27,76.0900,19,1
2026-03-04,000333,13:47:30,76.0800,21,2
2026-03-04,000333,13:47:33,76.0800,13,1
2026-03-04,000333,13:47:36,76.0800,55,1
2026-03-04,000333,13:47:39,76.0800,34,1
2026-03-04,000333,13:47:42,76.0600,28,2
2026-03-04,000333,13:47:45,76.0800,5,1
2026-03-04,000333,13:47:48,76.0800,43,2
2026-03-04,000333,13:47:51,76.0800,49,1
2026-03-04,000333,13:47:54,76.0800,55,1
2026-03-04,000333,13:47:57,76.0900,28,1
2026-03-04,000333,13:48:00,76.0800,35,2
2026-03-04,000333,13:48:03,76.0900,58,1
2026-03-04,000333,13:48:06,76.0900,71,2
2026-03-04,000333,13:48:09,76.1000,23,1
2026-03-04,000333,13:48:12,76.1100,42,1
2026-03-04,000333,13:48:15,76.1200,60,1
2026-03-04,000333,13:48:18,76.1200,33,1
2026-03-04,000333,13:48:21,76.1200,26,1
2026-03-04,000333,13:48:24,76.1300,8,1
2026-03-04,000333,13:48:27,76.1400,2,1
2026-03-04,000333,13:48:30,76.1400,27,1
2026-03-04,000333,13:48:33,76.1400,12,2
2026-03-04,000333,13:48:36,76.1400,14,2
2026-03-04,000333,13:48:39,76.1400,47,2
2026-03-04,000333,13:48:42,76.1200,46,2
2026-03-04,000333,13:48:45,76.1200,5,2
2026-03-04,000333,13:48:48,76.1200,18,2
2026-03-04,000333,13:48:51,76.1100,35,2
2026-03-04,000333,13:48:54,76.1100,2,2
2026-03-04,000333,13:48:57,76.1100,12,2
2026-03-04,000333,13:49:00,76.1100,53,2
2026-03-04,000333,13:49:03,76.1100,11,1
2026-03-04,000333,13:49:06,76.1100,11,1
2026-03-04,000333,13:49:09,76.1000,20,2
2026-03-04,000333,13:49:12,76.1100,7,2
2026-03-04,000333,13:49:15,76.1100,8,2
2026-03-04,000333,13:49:18,76.1000,62,2
2026-03-04,000333,13:49:21,76.1000,10,4
2026-03-04,000333,13:49:24,76.0800,21,2
2026-03-04,000333,13:49:27,76.1000,11,1
2026-03-04,000333,13:49:30,76.1000,44,1
2026-03-04,000333,13:49:33,76.1000,9,1
2026-03-04,000333,13:49:36,76.1000,47,1
2026-03-04,000333,13:49:39,76.1000,6,2
2026-03-04,000333,13:49:42,76.1100,3,1
2026-03-04,000333,13:49:45,76.1100,50,1
2026-03-04,000333,13:49:48,76.1100,19,1
2026-03-04,000333,13:49:51,76.1200,54,1
2026-03-04,000333,13:49:54,76.1200,56,2
2026-03-04,000333,13:49:57,76.1100,81,2
2026-03-04,000333,13:50:00,76.1300,44,1
2026-03-04,000333,13:50:03,76.1300,4,1
2026-03-04,000333,13:50:06,76.1200,42,2
2026-03-04,000333,13:50:09,76.1400,8,1
2026-03-04,000333,13:50:12,76.1400,11,1
2026-03-04,000333,13:50:15,76.1400,37,1
2026-03-04,000333,13:50:18,76.1400,14,1
2026-03-04,000333,13:50:21,76.1400,23,1
2026-03-04,000333,13:50:24,76.1400,4,2
2026-03-04,000333,13:50:27,76.1400,16,2
2026-03-04,000333,13:50:30,76.1400,16,2
2026-03-04,000333,13:50:33,76.1300,46,2
2026-03-04,000333,13:50:36,76.1300,45,2
2026-03-04,000333,13:50:39,76.1300,75,4
2026-03-04,000333,13:50:42,76.1300,34,2
2026-03-04,000333,13:50:45,76.1300,18,1
2026-03-04,000333,13:50:48,76.1200,28,1
2026-03-04,000333,13:50:51,76.1100,21,2
2026-03-04,000333,13:50:57,76.1200,12,1
2026-03-04,000333,13:51:00,76.1200,42,1
2026-03-04,000333,13:51:03,76.1200,63,1
2026-03-04,000333,13:51:06,76.1200,24,1
2026-03-04,000333,13:51:09,76.1200,20,4
2026-03-04,000333,13:51:12,76.1200,20,2
2026-03-04,000333,13:51:15,76.1300,4,1
2026-03-04,000333,13:51:18,76.1300,30,1
2026-03-04,000333,13:51:21,76.1200,28,2
2026-03-04,000333,13:51:24,76.1300,16,1
2026-03-04,000333,13:51:27,76.1200,26,2
2026-03-04,000333,13:51:30,76.1200,17,2
2026-03-04,000333,13:51:33,76.1200,2,2
2026-03-04,000333,13:51:36,76.1200,5,2
2026-03-04,000333,13:51:39,76.1300,29,1
2026-03-04,000333,13:51:42,76.1300,18,1
2026-03-04,000333,13:51:45,76.1300,65,1
2026-03-04,000333,13:51:48,76.1300,51,1
2026-03-04,000333,13:51:51,76.1300,32,1
2026-03-04,000333,13:51:54,76.1300,15,2
2026-03-04,000333,13:51:57,76.1300,2,2
2026-03-04,000333,13:52:00,76.1400,3,1
2026-03-04,000333,13:52:03,76.1400,8,1
2026-03-04,000333,13:52:06,76.1500,53,1
2026-03-04,000333,13:52:09,76.1400,13,1
2026-03-04,000333,13:52:12,76.1300,1,2
2026-03-04,000333,13:52:15,76.1400,8,1
2026-03-04,000333,13:52:18,76.1400,3,2
2026-03-04,000333,13:52:21,76.1400,9,2
2026-03-04,000333,13:52:24,76.1400,7,2
2026-03-04,000333,13:52:27,76.1400,29,2
2026-03-04,000333,13:52:30,76.1400,23,2
2026-03-04,000333,13:52:33,76.1400,43,2
2026-03-04,000333,13:52:36,76.1400,36,1
2026-03-04,000333,13:52:39,76.1300,138,2
2026-03-04,000333,13:52:42,76.1200,16,2
2026-03-04,000333,13:52:45,76.1100,40,2
2026-03-04,000333,13:52:48,76.1100,20,2
2026-03-04,000333,13:52:51,76.1200,1,1
2026-03-04,000333,13:52:54,76.1100,30,2
2026-03-04,000333,13:52:57,76.1100,6,2
2026-03-04,000333,13:53:00,76.1100,17,2
2026-03-04,000333,13:53:03,76.1100,25,2
2026-03-04,000333,13:53:06,76.1100,39,2
2026-03-04,000333,13:53:09,76.1100,33,2
2026-03-04,000333,13:53:12,76.1000,64,2
2026-03-04,000333,13:53:15,76.1000,48,2
2026-03-04,000333,13:53:18,76.1000,34,1
2026-03-04,000333,13:53:21,76.1000,19,1
2026-03-04,000333,13:53:24,76.1000,15,1
2026-03-04,000333,13:53:27,76.1000,36,1
2026-03-04,000333,13:53:30,76.0800,23,2
2026-03-04,000333,13:53:33,76.0700,9,2
2026-03-04,000333,13:53:36,76.0700,23,2
2026-03-04,000333,13:53:39,76.0700,18,2
2026-03-04,000333,13:53:42,76.0700,16,2
2026-03-04,000333,13:53:45,76.0700,2,2
2026-03-04,000333,13:53:48,76.0700,107,2
2026-03-04,000333,13:53:51,76.0800,107,1
2026-03-04,000333,13:53:54,76.0800,2,4
2026-03-04,000333,13:53:57,76.0800,7,2
2026-03-04,000333,13:54:00,76.0900,72,1
2026-03-04,000333,13:54:03,76.0900,21,1
2026-03-04,000333,13:54:06,76.0900,35,2
2026-03-04,000333,13:54:09,76.1000,68,1
2026-03-04,000333,13:54:12,76.1000,11,1
2026-03-04,000333,13:54:15,76.1000,28,1
2026-03-04,000333,13:54:18,76.1000,6,1
2026-03-04,000333,13:54:21,76.1100,36,1
2026-03-04,000333,13:54:24,76.1100,46,1
2026-03-04,000333,13:54:27,76.1100,9,1
2026-03-04,000333,13:54:30,76.1100,25,1
2026-03-04,000333,13:54:33,76.1100,31,1
2026-03-04,000333,13:54:36,76.1100,11,1
2026-03-04,000333,13:54:39,76.1200,101,1
2026-03-04,000333,13:54:42,76.1200,99,1
2026-03-04,000333,13:54:45,76.1400,4,1
2026-03-04,000333,13:54:48,76.1400,15,1
2026-03-04,000333,13:54:51,76.1500,2,1
2026-03-04,000333,13:54:54,76.1500,49,1
2026-03-04,000333,13:54:57,76.1500,81,1
2026-03-04,000333,13:55:00,76.1400,29,4
2026-03-04,000333,13:55:03,76.1400,24,1
2026-03-04,000333,13:55:06,76.1300,90,2
2026-03-04,000333,13:55:09,76.1300,10,1
2026-03-04,000333,13:55:12,76.1400,3,1
2026-03-04,000333,13:55:15,76.1300,20,2
2026-03-04,000333,13:55:21,76.1300,3,2
2026-03-04,000333,13:55:24,76.1400,1,1
2026-03-04,000333,13:55:27,76.1400,18,1
2026-03-04,000333,13:55:30,76.1400,15,2
2026-03-04,000333,13:55:33,76.1500,51,1
2026-03-04,000333,13:55:36,76.1600,55,1
2026-03-04,000333,13:55:39,76.1500,32,2
2026-03-04,000333,13:55:48,76.1500,10,2
2026-03-04,000333,13:55:51,76.1600,23,1
2026-03-04,000333,13:55:54,76.1500,44,2
2026-03-04,000333,13:55:57,76.1600,25,1
2026-03-04,000333,13:56:00,76.1600,6,1
2026-03-04,000333,13:56:03,76.1600,13,1
2026-03-04,000333,13:56:06,76.1600,24,1
2026-03-04,000333,13:56:09,76.1500,14,2
2026-03-04,000333,13:56:12,76.1600,36,1
2026-03-04,000333,13:56:15,76.1600,10,1
2026-03-04,000333,13:56:18,76.1600,17,1
2026-03-04,000333,13:56:21,76.1600,33,1
2026-03-04,000333,13:56:24,76.1400,83,2
2026-03-04,000333,13:56:27,76.1400,20,2
2026-03-04,000333,13:56:30,76.1300,28,2
2026-03-04,000333,13:56:33,76.1300,10,2
2026-03-04,000333,13:56:36,76.1300,30,2
2026-03-04,000333,13:56:39,76.1300,11,2
2026-03-04,000333,13:56:42,76.1300,6,2
2026-03-04,000333,13:56:45,76.1400,72,1
2026-03-04,000333,13:56:48,76.1400,20,1
2026-03-04,000333,13:56:51,76.1400,27,1
2026-03-04,000333,13:56:54,76.1400,15,1
2026-03-04,000333,13:56:57,76.1300,38,2
2026-03-04,000333,13:57:00,76.1400,27,1
2026-03-04,000333,13:57:03,76.1300,38,4
2026-03-04,000333,13:57:06,76.1300,12,1
2026-03-04,000333,13:57:09,76.1300,28,1
2026-03-04,000333,13:57:12,76.1200,17,4
2026-03-04,000333,13:57:15,76.1200,18,1
2026-03-04,000333,13:57:18,76.1100,12,2
2026-03-04,000333,13:57:21,76.1100,18,2
2026-03-04,000333,13:57:24,76.1100,3,2
2026-03-04,000333,13:57:27,76.1100,3,2
2026-03-04,000333,13:57:30,76.1100,60,2
2026-03-04,000333,13:57:33,76.1100,12,2
2026-03-04,000333,13:57:36,76.1000,82,2
2026-03-04,000333,13:57:39,76.0900,50,2
2026-03-04,000333,13:57:42,76.0900,17,2
2026-03-04,000333,13:57:45,76.0900,61,2
2026-03-04,000333,13:57:48,76.1000,38,1
2026-03-04,000333,13:57:51,76.0900,22,2
2026-03-04,000333,13:57:54,76.1000,15,1
2026-03-04,000333,13:57:57,76.0900,87,2
2026-03-04,000333,13:58:00,76.0900,20,1
2026-03-04,000333,13:58:03,76.0800,22,4
2026-03-04,000333,13:58:06,76.0800,45,1
2026-03-04,000333,13:58:09,76.0900,5,1
2026-03-04,000333,13:58:12,76.0900,33,1
2026-03-04,000333,13:58:15,76.1000,63,1
2026-03-04,000333,13:58:18,76.1200,584,1
2026-03-04,000333,13:58:21,76.1100,278,2
2026-03-04,000333,13:58:24,76.1200,4,2
2026-03-04,000333,13:58:27,76.1200,22,4
2026-03-04,000333,13:58:30,76.1400,29,1
2026-03-04,000333,13:58:33,76.1300,25,1
2026-03-04,000333,13:58:36,76.1300,5,4
2026-03-04,000333,13:58:39,76.1300,29,2
2026-03-04,000333,13:58:42,76.1300,5,2
2026-03-04,000333,13:58:45,76.1300,10,2
2026-03-04,000333,13:58:48,76.1300,3,2
2026-03-04,000333,13:58:51,76.1400,9,1
2026-03-04,000333,13:58:54,76.1400,30,1
2026-03-04,000333,13:58:57,76.1400,30,1
2026-03-04,000333,13:59:00,76.1300,18,2
2026-03-04,000333,13:59:03,76.1300,9,2
2026-03-04,000333,13:59:06,76.1300,86,2
2026-03-04,000333,13:59:09,76.1300,7,2
2026-03-04,000333,13:59:12,76.1300,7,2
2026-03-04,000333,13:59:15,76.1300,50,2
2026-03-04,000333,13:59:18,76.1300,33,2
2026-03-04,000333,13:59:21,76.1200,27,2
2026-03-04,000333,13:59:24,76.1200,50,2
2026-03-04,000333,13:59:27,76.1200,40,1
2026-03-04,000333,13:59:30,76.1100,19,2
2026-03-04,000333,13:59:33,76.1100,58,2
2026-03-04,000333,13:59:36,76.1200,40,1
2026-03-04,000333,13:59:39,76.1200,10,1
2026-03-04,000333,13:59:42,76.1200,21,1
2026-03-04,000333,13:59:45,76.1200,22,1
2026-03-04,000333,13:59:48,76.1200,12,1
2026-03-04,000333,13:59:51,76.1100,8,2
2026-03-04,000333,13:59:54,76.1100,6,2
2026-03-04,000333,13:59:57,76.1100,9,2
2026-03-04,000333,14:00:00,76.1200,1,1
2026-03-04,000333,14:00:03,76.1100,96,2
2026-03-04,000333,14:00:06,76.1200,31,1
2026-03-04,000333,14:00:09,76.1200,34,1
2026-03-04,000333,14:00:12,76.1300,81,1
2026-03-04,000333,14:00:15,76.1300,59,1
2026-03-04,000333,14:00:18,76.1600,157,1
2026-03-04,000333,14:00:21,76.1600,89,1
2026-03-04,000333,14:00:24,76.1600,3,2
2026-03-04,000333,14:00:27,76.1600,13,2
2026-03-04,000333,14:00:30,76.1600,11,2
2026-03-04,000333,14:00:33,76.1700,177,1
2026-03-04,000333,14:00:36,76.1700,39,1
2026-03-04,000333,14:00:39,76.1700,22,1
2026-03-04,000333,14:00:42,76.1600,26,2
2026-03-04,000333,14:00:45,76.1800,5,1
2026-03-04,000333,14:00:48,76.1800,14,1
2026-03-04,000333,14:00:51,76.1800,3,1
2026-03-04,000333,14:00:54,76.1800,29,1
2026-03-04,000333,14:00:57,76.1800,14,1
2026-03-04,000333,14:01:00,76.1800,9,1
2026-03-04,000333,14:01:03,76.1800,20,1
2026-03-04,000333,14:01:06,76.1700,12,2
2026-03-04,000333,14:01:09,76.1800,12,1
2026-03-04,000333,14:01:12,76.1800,21,1
2026-03-04,000333,14:01:15,76.1800,44,1
2026-03-04,000333,14:01:18,76.1700,87,2
2026-03-04,000333,14:01:21,76.1600,75,2
2026-03-04,000333,14:01:24,76.1600,33,1
2026-03-04,000333,14:01:27,76.1700,13,1
2026-03-04,000333,14:01:30,76.1600,29,2
2026-03-04,000333,14:01:33,76.1700,20,1
2026-03-04,000333,14:01:36,76.1700,25,1
2026-03-04,000333,14:01:39,76.2000,312,1
2026-03-04,000333,14:01:42,76.2100,222,1
2026-03-04,000333,14:01:45,76.2100,77,1
2026-03-04,000333,14:01:48,76.2200,142,1
2026-03-04,000333,14:01:51,76.2300,49,1
2026-03-04,000333,14:01:54,76.2200,87,4
2026-03-04,000333,14:01:57,76.2200,45,2
2026-03-04,000333,14:02:00,76.2500,23,1
2026-03-04,000333,14:02:03,76.2500,23,2
2026-03-04,000333,14:02:06,76.2400,15,4
2026-03-04,000333,14:02:09,76.2400,34,1
2026-03-04,000333,14:02:12,76.2400,22,2
2026-03-04,000333,14:02:15,76.2400,85,2
2026-03-04,000333,14:02:18,76.2400,75,1
2026-03-04,000333,14:02:21,76.2400,42,2
2026-03-04,000333,14:02:24,76.2400,28,2
2026-03-04,000333,14:02:27,76.2500,10,1
2026-03-04,000333,14:02:30,76.2500,4,1
2026-03-04,000333,14:02:33,76.2400,15,2
2026-03-04,000333,14:02:36,76.2400,44,2
2026-03-04,000333,14:02:39,76.2400,34,2
2026-03-04,000333,14:02:42,76.2500,14,1
2026-03-04,000333,14:02:45,76.2500,10,2
2026-03-04,000333,14:02:48,76.2500,4,2
2026-03-04,000333,14:02:51,76.2600,4,1
2026-03-04,000333,14:02:54,76.2600,21,1
2026-03-04,000333,14:02:57,76.2600,17,1
2026-03-04,000333,14:03:00,76.2600,25,1
2026-03-04,000333,14:03:03,76.2500,48,2
2026-03-04,000333,14:03:06,76.2500,30,2
2026-03-04,000333,14:03:09,76.2500,36,1
2026-03-04,000333,14:03:12,76.2600,18,1
2026-03-04,000333,14:03:15,76.2600,17,1
2026-03-04,000333,14:03:18,76.2600,32,1
2026-03-04,000333,14:03:21,76.2600,21,2
2026-03-04,000333,14:03:24,76.2700,45,1
2026-03-04,000333,14:03:27,76.2700,35,2
2026-03-04,000333,14:03:30,76.2700,14,2
2026-03-04,000333,14:03:33,76.2700,37,2
2026-03-04,000333,14:03:36,76.2700,46,2
2026-03-04,000333,14:03:39,76.2700,40,2
2026-03-04,000333,14:03:42,76.2700,54,2
2026-03-04,000333,14:03:45,76.2600,44,2
2026-03-04,000333,14:03:48,76.2600,21,2
2026-03-04,000333,14:03:51,76.2700,7,1
2026-03-04,000333,14:03:54,76.2600,8,2
2026-03-04,000333,14:03:57,76.2600,52,2
2026-03-04,000333,14:04:00,76.2500,111,2
2026-03-04,000333,14:04:03,76.2500,65,1
2026-03-04,000333,14:04:06,76.2500,28,2
2026-03-04,000333,14:04:09,76.2500,90,2
2026-03-04,000333,14:04:12,76.2500,44,1
2026-03-04,000333,14:04:15,76.2500,55,2
2026-03-04,000333,14:04:18,76.2500,38,1
2026-03-04,000333,14:04:21,76.2500,17,1
2026-03-04,000333,14:04:24,76.2500,40,1
2026-03-04,000333,14:04:27,76.2500,16,1
2026-03-04,000333,14:04:30,76.2400,23,2
2026-03-04,000333,14:04:33,76.2400,14,2
2026-03-04,000333,14:04:36,76.2300,81,2
2026-03-04,000333,14:04:39,76.2300,116,4
2026-03-04,000333,14:04:42,76.2100,6,2
2026-03-04,000333,14:04:45,76.1900,57,2
2026-03-04,000333,14:04:48,76.1900,12,4
2026-03-04,000333,14:04:51,76.1900,10,2
2026-03-04,000333,14:04:54,76.2100,5,1
2026-03-04,000333,14:04:57,76.1900,20,2
2026-03-04,000333,14:05:00,76.1900,60,2
2026-03-04,000333,14:05:03,76.1900,11,2
2026-03-04,000333,14:05:06,76.1900,14,2
2026-03-04,000333,14:05:09,76.1900,16,2
2026-03-04,000333,14:05:12,76.1900,1,2
2026-03-04,000333,14:05:15,76.1900,32,2
2026-03-04,000333,14:05:18,76.2000,26,1
2026-03-04,000333,14:05:21,76.2000,14,1
2026-03-04,000333,14:05:24,76.2000,62,1
2026-03-04,000333,14:05:27,76.2000,15,1
2026-03-04,000333,14:05:30,76.2000,12,1
2026-03-04,000333,14:05:33,76.1900,23,2
2026-03-04,000333,14:05:36,76.1900,6,2
2026-03-04,000333,14:05:39,76.2000,124,1
2026-03-04,000333,14:05:42,76.2000,27,1
2026-03-04,000333,14:05:45,76.2000,23,1
2026-03-04,000333,14:05:48,76.2000,168,1
2026-03-04,000333,14:05:51,76.2100,116,1
2026-03-04,000333,14:05:54,76.2100,45,1
2026-03-04,000333,14:05:57,76.2000,84,2
2026-03-04,000333,14:06:00,76.2000,20,2
2026-03-04,000333,14:06:03,76.2100,8,1
2026-03-04,000333,14:06:06,76.2100,228,2
2026-03-04,000333,14:06:09,76.2000,26,2
2026-03-04,000333,14:06:12,76.2100,19,1
2026-03-04,000333,14:06:15,76.2000,23,2
2026-03-04,000333,14:06:18,76.1900,33,2
2026-03-04,000333,14:06:21,76.1900,10,2
2026-03-04,000333,14:06:24,76.2000,17,1
2026-03-04,000333,10:55:36,76.0500,120,2
2026-03-04,000333,10:55:39,76.0500,2,2
2026-03-04,000333,10:55:42,76.0500,7,2
2026-03-04,000333,10:55:45,76.0600,11,1
2026-03-04,000333,10:55:48,76.0500,10,2
2026-03-04,000333,10:55:51,76.0300,15,2
2026-03-04,000333,10:55:54,76.0300,11,2
2026-03-04,000333,10:55:57,76.0300,12,2
2026-03-04,000333,10:56:00,76.0200,25,2
2026-03-04,000333,10:56:03,76.0200,3,1
2026-03-04,000333,10:56:06,76.0100,20,2
2026-03-04,000333,10:56:09,76.0100,120,2
2026-03-04,000333,10:56:12,76.0000,36,2
2026-03-04,000333,10:56:15,76.0000,11,2
2026-03-04,000333,10:56:18,76.0000,212,2
2026-03-04,000333,10:56:21,76.0000,55,2
2026-03-04,000333,10:56:24,76.0000,7,2
2026-03-04,000333,10:56:27,76.0000,28,2
2026-03-04,000333,10:56:30,76.0000,7,1
2026-03-04,000333,10:56:33,76.0000,2,1
2026-03-04,000333,10:56:36,76.0000,34,1
2026-03-04,000333,10:56:39,75.9900,45,2
2026-03-04,000333,10:56:42,76.0000,9,1
2026-03-04,000333,10:56:45,75.9800,46,2
2026-03-04,000333,10:56:48,75.9800,8,2
2026-03-04,000333,10:56:51,75.9800,7,2
2026-03-04,000333,10:56:54,75.9600,682,2
2026-03-04,000333,10:56:57,75.9600,31,2
2026-03-04,000333,10:57:00,75.9600,5,1
2026-03-04,000333,10:57:03,75.9500,55,2
2026-03-04,000333,10:57:06,75.9400,15,2
2026-03-04,000333,10:57:09,75.9500,5,1
2026-03-04,000333,10:57:12,75.9400,38,2
2026-03-04,000333,10:57:15,75.9400,4,1
2026-03-04,000333,10:57:18,75.9400,39,2
2026-03-04,000333,10:57:21,75.9200,33,2
2026-03-04,000333,10:57:24,75.9400,20,1
2026-03-04,000333,10:57:27,75.9300,25,2
2026-03-04,000333,10:57:30,75.9300,8,2
2026-03-04,000333,10:57:33,75.9300,1,2
2026-03-04,000333,10:57:36,75.9300,9,2
2026-03-04,000333,10:57:39,75.9400,27,1
2026-03-04,000333,10:57:42,75.9200,21,2
2026-03-04,000333,10:57:45,75.9300,7,1
2026-03-04,000333,10:57:48,75.9300,6,4
2026-03-04,000333,10:57:51,75.9200,3,2
2026-03-04,000333,10:57:54,75.9200,30,2
2026-03-04,000333,10:57:57,75.9300,5,1
2026-03-04,000333,10:58:00,75.9100,45,2
2026-03-04,000333,10:58:03,75.9100,24,2
2026-03-04,000333,10:58:06,75.9300,223,1
2026-03-04,000333,10:58:09,75.9200,2,4
2026-03-04,000333,10:58:12,75.9300,41,1
2026-03-04,000333,10:58:15,75.9000,45,2
2026-03-04,000333,10:58:18,75.9300,19,1
2026-03-04,000333,10:58:21,75.9000,10,2
2026-03-04,000333,10:58:24,75.9100,19,1
2026-03-04,000333,10:58:27,75.9100,37,2
2026-03-04,000333,10:58:30,75.9000,469,2
2026-03-04,000333,10:58:33,75.9100,14,1
2026-03-04,000333,10:58:36,75.9000,8,4
2026-03-04,000333,10:58:39,75.8800,3,2
2026-03-04,000333,10:58:42,75.8800,9,2
2026-03-04,000333,10:58:45,75.8800,6,2
2026-03-04,000333,10:58:48,75.8900,7,1
2026-03-04,000333,10:58:51,75.9000,17,1
2026-03-04,000333,10:58:54,75.9000,3,1
2026-03-04,000333,10:58:57,75.8800,73,2
2026-03-04,000333,10:59:00,75.8900,20,1
2026-03-04,000333,10:59:03,75.8800,13,2
2026-03-04,000333,10:59:06,75.8800,12,2
2026-03-04,000333,10:59:09,75.8900,21,1
2026-03-04,000333,10:59:12,75.8800,22,2
2026-03-04,000333,10:59:15,75.8800,14,2
2026-03-04,000333,10:59:18,75.8800,22,2
2026-03-04,000333,10:59:21,75.8800,79,2
2026-03-04,000333,10:59:24,75.8900,16,1
2026-03-04,000333,10:59:27,75.8900,4,1
2026-03-04,000333,10:59:30,75.8900,26,1
2026-03-04,000333,10:59:33,75.8900,2,4
2026-03-04,000333,10:59:36,75.8900,17,2
2026-03-04,000333,10:59:39,75.8900,25,2
2026-03-04,000333,10:59:42,75.9000,30,1
2026-03-04,000333,10:59:45,75.9000,47,2
2026-03-04,000333,10:59:48,75.8900,69,2
2026-03-04,000333,10:59:51,75.8800,11,2
2026-03-04,000333,10:59:54,75.8800,16,1
2026-03-04,000333,10:59:57,75.8600,102,2
2026-03-04,000333,11:00:00,75.8600,6,2
2026-03-04,000333,11:00:03,75.8700,37,1
2026-03-04,000333,11:00:06,75.8600,24,2
2026-03-04,000333,11:00:09,75.8600,14,2
2026-03-04,000333,11:00:12,75.8600,18,2
2026-03-04,000333,11:00:15,75.8500,120,2
2026-03-04,000333,11:00:18,75.8700,24,1
2026-03-04,000333,11:00:21,75.8700,14,1
2026-03-04,000333,11:00:24,75.8700,170,2
2026-03-04,000333,11:00:27,75.8700,21,1
2026-03-04,000333,11:00:30,75.8700,5,1
2026-03-04,000333,11:00:33,75.8600,50,2
2026-03-04,000333,11:00:36,75.8700,11,1
2026-03-04,000333,11:00:39,75.8700,22,2
2026-03-04,000333,11:00:42,75.8700,22,2
2026-03-04,000333,11:00:45,75.8700,5,1
2026-03-04,000333,11:00:48,75.8600,62,2
2026-03-04,000333,11:00:51,75.8600,65,2
2026-03-04,000333,11:00:54,75.8700,13,1
2026-03-04,000333,11:00:57,75.8600,18,2
2026-03-04,000333,11:01:00,75.8600,20,2
2026-03-04,000333,11:01:03,75.8600,234,2
2026-03-04,000333,11:01:06,75.8700,51,1
2026-03-04,000333,11:01:09,75.8900,99,1
2026-03-04,000333,11:01:12,75.9000,20,1
2026-03-04,000333,11:01:15,75.8900,14,2
2026-03-04,000333,11:01:18,75.8800,31,2
2026-03-04,000333,11:01:21,75.9000,2,1
2026-03-04,000333,11:01:24,75.8700,39,2
2026-03-04,000333,11:01:27,75.8900,92,1
2026-03-04,000333,11:01:30,75.9000,375,1
2026-03-04,000333,11:01:33,75.9200,25,1
2026-03-04,000333,11:01:36,75.9100,10,2
2026-03-04,000333,11:01:39,75.9000,3,2
2026-03-04,000333,11:01:42,75.9000,16,2
2026-03-04,000333,11:01:45,75.8800,17,2
2026-03-04,000333,11:01:48,75.9000,7,1
2026-03-04,000333,11:01:54,75.8900,14,4
2026-03-04,000333,11:01:57,75.9000,1,1
2026-03-04,000333,11:02:00,75.9000,3,2
2026-03-04,000333,11:02:03,75.9000,52,1
2026-03-04,000333,11:02:06,75.9000,28,1
2026-03-04,000333,11:02:09,75.8800,74,2
2026-03-04,000333,11:02:12,75.8700,43,2
2026-03-04,000333,11:02:15,75.8800,35,1
2026-03-04,000333,11:02:18,75.8700,4,2
2026-03-04,000333,11:02:21,75.8700,13,2
2026-03-04,000333,11:02:24,75.8600,23,2
2026-03-04,000333,11:02:27,75.8700,51,4
2026-03-04,000333,11:02:30,75.8700,9,2
2026-03-04,000333,11:02:33,75.8700,4,1
2026-03-04,000333,11:02:36,75.8700,26,2
2026-03-04,000333,11:02:39,75.8700,4,4
2026-03-04,000333,11:02:42,75.8600,10,2
2026-03-04,000333,11:02:45,75.8500,33,2
2026-03-04,000333,11:02:48,75.8800,11,1
2026-03-04,000333,11:02:51,75.8700,19,4
2026-03-04,000333,11:02:54,75.8600,15,2
2026-03-04,000333,11:02:57,75.8500,89,2
2026-03-04,000333,11:03:00,75.8600,20,1
2026-03-04,000333,11:03:03,75.8700,30,1
2026-03-04,000333,11:03:06,75.8300,150,2
2026-03-04,000333,11:03:09,75.8400,72,2
2026-03-04,000333,11:03:12,75.8200,27,2
2026-03-04,000333,11:03:15,75.8100,32,2
2026-03-04,000333,11:03:18,75.8200,37,1
2026-03-04,000333,11:03:21,75.8200,316,1
2026-03-04,000333,11:03:24,75.8100,18,2
2026-03-04,000333,11:03:27,75.8300,13,1
2026-03-04,000333,11:03:30,75.8200,5,1
2026-03-04,000333,11:03:33,75.8100,809,2
2026-03-04,000333,11:03:36,75.8100,46,1
2026-03-04,000333,11:03:39,75.7700,67,2
2026-03-04,000333,11:03:42,75.7800,107,1
2026-03-04,000333,11:03:45,75.7700,43,2
2026-03-04,000333,11:03:48,75.7800,15,1
2026-03-04,000333,11:03:51,75.7900,14,1
2026-03-04,000333,11:03:54,75.7700,15,2
2026-03-04,000333,11:03:57,75.7500,399,2
2026-03-04,000333,11:04:00,75.7500,279,2
2026-03-04,000333,11:04:03,75.7500,78,2
2026-03-04,000333,11:04:06,75.7500,33,2
2026-03-04,000333,11:04:09,75.7400,31,2
2026-03-04,000333,11:04:12,75.7200,66,2
2026-03-04,000333,11:04:15,75.7300,36,1
2026-03-04,000333,11:04:18,75.7200,96,2
2026-03-04,000333,11:04:21,75.7200,35,1
2026-03-04,000333,11:04:24,75.7100,42,2
2026-03-04,000333,11:04:27,75.7200,201,4
2026-03-04,000333,11:04:30,75.7600,26,1
2026-03-04,000333,11:04:33,75.7600,22,1
2026-03-04,000333,11:04:36,75.7500,4,2
2026-03-04,000333,11:04:39,75.7600,31,1
2026-03-04,000333,11:04:42,75.7600,21,1
2026-03-04,000333,11:04:45,75.7700,80,1
2026-03-04,000333,11:04:48,75.7600,9,4
2026-03-04,000333,11:04:51,75.7400,19,2
2026-03-04,000333,11:04:54,75.7600,28,1
2026-03-04,000333,11:04:57,75.7300,7,2
2026-03-04,000333,11:05:00,75.7400,84,1
2026-03-04,000333,11:05:03,75.7400,96,2
2026-03-04,000333,11:05:06,75.7300,28,2
2026-03-04,000333,11:05:09,75.7300,63,1
2026-03-04,000333,11:05:12,75.7400,115,1
2026-03-04,000333,11:05:15,75.7300,39,2
2026-03-04,000333,11:05:18,75.7400,60,1
2026-03-04,000333,11:05:21,75.7200,46,4
2026-03-04,000333,11:05:24,75.7200,49,1
2026-03-04,000333,11:05:27,75.7300,53,4
2026-03-04,000333,11:05:30,75.7400,44,1
2026-03-04,000333,11:05:33,75.7400,25,1
2026-03-04,000333,11:05:36,75.7400,64,2
2026-03-04,000333,11:05:39,75.7800,55,1
2026-03-04,000333,11:05:42,75.7700,3,1
2026-03-04,000333,11:05:45,75.7600,18,1
2026-03-04,000333,11:05:48,75.7400,170,2
2026-03-04,000333,11:05:51,75.7300,12,2
2026-03-04,000333,11:05:54,75.7300,3,1
2026-03-04,000333,11:05:57,75.7300,21,1
2026-03-04,000333,11:06:00,75.7100,194,2
2026-03-04,000333,11:06:03,75.7200,34,1
2026-03-04,000333,11:06:06,75.7300,12,1
2026-03-04,000333,11:06:09,75.7200,23,2
2026-03-04,000333,11:06:12,75.7300,11,4
2026-03-04,000333,11:06:15,75.7400,9,1
2026-03-04,000333,11:06:18,75.7400,4,1
2026-03-04,000333,11:06:21,75.7400,132,1
2026-03-04,000333,11:06:24,75.7400,21,1
2026-03-04,000333,11:06:27,75.7400,13,2
2026-03-04,000333,11:06:30,75.7500,30,1
2026-03-04,000333,11:06:36,75.7500,67,2
2026-03-04,000333,11:06:39,75.7500,33,1
2026-03-04,000333,11:06:42,75.7400,12,2
2026-03-04,000333,11:06:45,75.7500,17,1
2026-03-04,000333,11:06:48,75.7300,260,2
2026-03-04,000333,11:06:51,75.7200,203,2
2026-03-04,000333,11:06:54,75.7100,30,2
2026-03-04,000333,11:06:57,75.7100,17,4
2026-03-04,000333,11:07:00,75.7200,55,1
2026-03-04,000333,11:07:03,75.7100,43,2
2026-03-04,000333,11:07:06,75.7200,15,1
2026-03-04,000333,11:07:09,75.7100,41,2
2026-03-04,000333,11:07:12,75.7100,31,1
2026-03-04,000333,11:07:15,75.7100,5,1
2026-03-04,000333,11:07:18,75.7000,628,2
2026-03-04,000333,11:07:21,75.6700,439,2
2026-03-04,000333,11:07:24,75.6600,84,2
2026-03-04,000333,11:07:27,75.6700,124,1
2026-03-04,000333,11:07:30,75.6600,140,2
2026-03-04,000333,11:07:33,75.6500,90,2
2026-03-04,000333,11:07:36,75.6600,96,1
2026-03-04,000333,11:07:39,75.6600,64,1
2026-03-04,000333,11:07:42,75.6600,85,1
2026-03-04,000333,11:07:45,75.6600,15,1
2026-03-04,000333,11:07:48,75.6900,15,1
2026-03-04,000333,11:07:51,75.6900,3,1
2026-03-04,000333,11:07:54,75.6900,4,1
2026-03-04,000333,11:07:57,75.6800,25,2
2026-03-04,000333,11:08:00,75.7000,386,1
2026-03-04,000333,11:08:03,75.6800,113,2
2026-03-04,000333,11:08:06,75.6800,25,1
2026-03-04,000333,11:08:09,75.6700,32,2
2026-03-04,000333,11:08:12,75.6800,23,1
2026-03-04,000333,11:08:15,75.7000,35,1
2026-03-04,000333,11:08:18,75.6900,9,2
2026-03-04,000333,11:08:21,75.7000,3,2
2026-03-04,000333,11:08:24,75.7100,20,1
2026-03-04,000333,11:08:27,75.7000,32,2
2026-03-04,000333,11:08:30,75.7000,26,1
2026-03-04,000333,11:08:33,75.7000,69,1
2026-03-04,000333,11:08:36,75.7100,9,1
2026-03-04,000333,11:08:39,75.7200,4,1
2026-03-04,000333,11:08:42,75.7100,23,2
2026-03-04,000333,11:08:45,75.7100,5,2
2026-03-04,000333,11:08:48,75.7200,33,1
2026-03-04,000333,11:08:51,75.7200,20,4
2026-03-04,000333,11:08:54,75.7300,5,1
2026-03-04,000333,11:08:57,75.7100,134,2
2026-03-04,000333,11:09:00,75.7100,51,2
2026-03-04,000333,11:09:03,75.7100,40,2
2026-03-04,000333,11:09:06,75.7000,121,2
2026-03-04,000333,11:09:09,75.7000,3,2
2026-03-04,000333,11:09:12,75.6900,30,2
2026-03-04,000333,11:09:15,75.6900,147,2
2026-03-04,000333,11:09:18,75.6800,225,2
2026-03-04,000333,11:09:21,75.6700,117,2
2026-03-04,000333,11:09:24,75.6500,342,2
2026-03-04,000333,11:09:27,75.6600,32,4
2026-03-04,000333,11:09:30,75.6600,15,1
2026-03-04,000333,11:09:33,75.6400,100,2
2026-03-04,000333,11:09:36,75.6300,204,2
2026-03-04,000333,11:09:39,75.6300,63,2
2026-03-04,000333,11:09:42,75.6200,112,2
2026-03-04,000333,11:09:45,75.6200,52,1
2026-03-04,000333,11:09:48,75.6100,118,2
2026-03-04,000333,11:09:51,75.6200,14,2
2026-03-04,000333,11:09:54,75.6300,22,1
2026-03-04,000333,11:09:57,75.6300,26,1
2026-03-04,000333,11:10:00,75.6300,16,1
2026-03-04,000333,11:10:03,75.6300,60,1
2026-03-04,000333,11:10:06,75.6500,34,1
2026-03-04,000333,11:10:09,75.6500,16,1
2026-03-04,000333,11:10:12,75.6400,30,2
2026-03-04,000333,11:10:15,75.6500,17,1
2026-03-04,000333,11:10:18,75.6600,186,1
2026-03-04,000333,11:10:21,75.6500,53,2
2026-03-04,000333,11:10:24,75.6500,26,1
2026-03-04,000333,11:10:27,75.6400,35,2
2026-03-04,000333,11:10:30,75.6500,44,1
2026-03-04,000333,11:10:33,75.6400,2,2
2026-03-04,000333,11:10:36,75.6600,6,2
2026-03-04,000333,11:10:39,75.6600,11,2
2026-03-04,000333,11:10:42,75.6600,9,1
2026-03-04,000333,11:10:45,75.6500,36,2
2026-03-04,000333,11:10:48,75.6600,9,1
2026-03-04,000333,11:10:51,75.6600,5,1
2026-03-04,000333,11:10:54,75.6600,9,1
2026-03-04,000333,11:10:57,75.6600,114,1
2026-03-04,000333,11:11:00,75.6600,34,1
2026-03-04,000333,11:11:03,75.6600,109,2
2026-03-04,000333,11:11:06,75.6700,7,1
2026-03-04,000333,11:11:09,75.6600,18,2
2026-03-04,000333,11:11:12,75.6700,37,1
2026-03-04,000333,11:11:15,75.6800,23,1
2026-03-04,000333,11:11:18,75.6800,2,1
2026-03-04,000333,11:11:21,75.6800,122,2
2026-03-04,000333,11:11:24,75.6700,16,2
2026-03-04,000333,11:11:27,75.6800,10,1
2026-03-04,000333,11:11:30,75.6800,36,1
2026-03-04,000333,11:11:33,75.6700,174,2
2026-03-04,000333,11:11:36,75.6700,142,2
2026-03-04,000333,11:11:39,75.6700,57,1
2026-03-04,000333,11:11:42,75.6800,69,1
2026-03-04,000333,11:11:45,75.6600,127,2
2026-03-04,000333,11:11:48,75.6600,125,4
2026-03-04,000333,11:11:51,75.6500,19,2
2026-03-04,000333,11:11:54,75.6600,12,1
2026-03-04,000333,11:11:57,75.6600,45,1
2026-03-04,000333,11:12:00,75.6500,12,2
2026-03-04,000333,11:12:03,75.6600,89,1
2026-03-04,000333,11:12:06,75.6600,63,4
2026-03-04,000333,11:12:09,75.6600,1,4
2026-03-04,000333,11:12:12,75.6600,20,2
2026-03-04,000333,11:12:15,75.6600,20,2
2026-03-04,000333,11:12:18,75.6700,15,1
2026-03-04,000333,11:12:21,75.6700,10,1
2026-03-04,000333,11:12:24,75.6600,20,2
2026-03-04,000333,11:12:27,75.6500,81,2
2026-03-04,000333,11:12:30,75.6500,44,2
2026-03-04,000333,11:12:33,75.6400,216,2
2026-03-04,000333,11:12:36,75.6300,84,2
2026-03-04,000333,11:12:39,75.6200,82,2
2026-03-04,000333,11:12:42,75.6100,355,2
2026-03-04,000333,11:12:45,75.6100,28,2
2026-03-04,000333,11:12:48,75.6100,71,2
2026-03-04,000333,11:12:51,75.6100,325,2
2026-03-04,000333,11:12:54,75.6200,32,1
2026-03-04,000333,11:12:57,75.6000,48,2
2026-03-04,000333,11:13:00,75.6000,40,2
2026-03-04,000333,11:13:03,75.6000,15,2
2026-03-04,000333,11:13:06,75.6000,74,2
2026-03-04,000333,11:13:09,75.6000,1521,2
2026-03-04,000333,11:13:12,75.6000,94,2
2026-03-04,000333,11:13:15,75.6000,105,2
2026-03-04,000333,11:13:18,75.6000,830,2
2026-03-04,000333,11:13:21,75.6100,110,1
2026-03-04,000333,11:13:24,75.6100,92,1
2026-03-04,000333,11:13:27,75.6100,18,1
2026-03-04,000333,11:13:30,75.6000,367,2
2026-03-04,000333,11:13:33,75.6000,91,2
2026-03-04,000333,11:13:36,75.6000,28,1
2026-03-04,000333,11:13:39,75.6000,24,1
2026-03-04,000333,11:13:42,75.6100,96,1
2026-03-04,000333,11:13:45,75.6000,11,2
2026-03-04,000333,11:13:48,75.6000,25,2
2026-03-04,000333,11:13:51,75.6100,11,1
2026-03-04,000333,11:13:54,75.6100,5,2
2026-03-04,000333,11:13:57,75.6200,18,1
2026-03-04,000333,11:14:00,75.6100,31,2
2026-03-04,000333,11:14:03,75.6100,124,2
2026-03-04,000333,11:14:06,75.6100,46,4
2026-03-04,000333,11:14:09,75.6100,64,2
2026-03-04,000333,11:14:12,75.6200,10,1
2026-03-04,000333,11:14:15,75.6200,6,2
2026-03-04,000333,11:14:18,75.6300,25,1
2026-03-04,000333,11:14:21,75.6200,33,2
2026-03-04,000333,11:14:24,75.6300,90,4
2026-03-04,000333,11:14:27,75.6400,24,1
2026-03-04,000333,11:14:30,75.6400,24,1
2026-03-04,000333,11:14:33,75.6400,17,2
2026-03-04,000333,11:14:36,75.6200,421,2
2026-03-04,000333,11:14:39,75.6200,41,1
2026-03-04,000333,11:14:42,75.6200,31,1
2026-03-04,000333,11:14:45,75.6100,52,1
2026-03-04,000333,11:14:48,75.6100,422,4
2026-03-04,000333,11:14:51,75.6000,52,2
2026-03-04,000333,11:14:54,75.6100,42,1
2026-03-04,000333,11:14:57,75.6000,50,2
2026-03-04,000333,11:15:00,75.6000,28,1
2026-03-04,000333,11:15:03,75.5900,90,2
2026-03-04,000333,11:15:06,75.6200,39,1
2026-03-04,000333,11:15:09,75.6100,5,4
2026-03-04,000333,11:15:12,75.6000,50,2
2026-03-04,000333,11:15:15,75.6200,3,1
2026-03-04,000333,11:15:18,75.6100,85,2
2026-03-04,000333,11:15:21,75.6000,44,2
2026-03-04,000333,11:15:24,75.6000,8,2
2026-03-04,000333,11:15:27,75.6100,12,1
2026-03-04,000333,11:15:30,75.6000,82,2
2026-03-04,000333,11:15:33,75.6100,18,1
2026-03-04,000333,11:15:36,75.6100,9,2
2026-03-04,000333,11:15:39,75.6000,52,2
2026-03-04,000333,11:15:42,75.6000,32,2
2026-03-04,000333,11:15:45,75.6100,8,1
2026-03-04,000333,11:15:48,75.6100,7,1
2026-03-04,000333,11:15:51,75.6100,16,1
2026-03-04,000333,11:15:54,75.6000,19,2
2026-03-04,000333,11:15:57,75.6000,22,2
2026-03-04,000333,11:16:00,75.6100,106,1
2026-03-04,000333,11:16:03,75.6200,50,1
2026-03-04,000333,11:16:06,75.6200,27,1
2026-03-04,000333,11:16:09,75.6200,11,1
2026-03-04,000333,11:16:12,75.6100,76,2
2026-03-04,000333,11:16:15,75.6100,34,2
2026-03-04,000333,11:16:18,75.6200,70,1
2026-03-04,000333,11:16:21,75.6200,18,1
2026-03-04,000333,11:16:24,75.6200,13,1
2026-03-04,000333,11:16:27,75.6300,1,1
2026-03-04,000333,11:16:30,75.6300,6,1
2026-03-04,000333,11:16:33,75.6300,22,1
2026-03-04,000333,11:16:36,75.6300,33,1
2026-03-04,000333,11:16:39,75.6300,72,2
2026-03-04,000333,11:16:42,75.6200,29,2
2026-03-04,000333,11:16:45,75.6200,30,1
2026-03-04,000333,11:16:48,75.6200,38,1
2026-03-04,000333,11:16:51,75.6200,83,1
2026-03-04,000333,11:16:54,75.6200,123,1
2026-03-04,000333,11:16:57,75.6100,86,2
2026-03-04,000333,11:17:00,75.6300,17,1
2026-03-04,000333,11:17:03,75.6300,10,1
2026-03-04,000333,11:17:06,75.6200,36,2
2026-03-04,000333,11:17:09,75.6200,34,2
2026-03-04,000333,11:17:12,75.6300,17,1
2026-03-04,000333,11:17:15,75.6300,21,1
2026-03-04,000333,11:17:18,75.6300,34,1
2026-03-04,000333,11:17:21,75.6200,16,2
2026-03-04,000333,11:17:24,75.6300,17,1
2026-03-04,000333,11:17:27,75.6300,24,1
2026-03-04,000333,11:17:30,75.6400,20,1
2026-03-04,000333,11:17:33,75.6400,29,1
2026-03-04,000333,11:17:36,75.6400,38,1
2026-03-04,000333,11:17:39,75.6400,77,1
2026-03-04,000333,11:17:42,75.6400,16,1
2026-03-04,000333,11:17:45,75.6400,52,1
2026-03-04,000333,11:17:48,75.6500,7,1
2026-03-04,000333,11:17:51,75.6600,12,1
2026-03-04,000333,11:17:54,75.6600,113,1
2026-03-04,000333,11:17:57,75.6600,62,2
2026-03-04,000333,11:18:00,75.6600,25,1
2026-03-04,000333,11:18:03,75.6600,39,1
2026-03-04,000333,11:18:06,75.6600,68,1
2026-03-04,000333,11:18:09,75.6600,8,2
2026-03-04,000333,11:18:12,75.6400,23,2
2026-03-04,000333,11:18:15,75.6500,29,4
2026-03-04,000333,11:18:18,75.6400,17,2
2026-03-04,000333,11:18:21,75.6500,6,1
2026-03-04,000333,11:18:24,75.6500,25,1
2026-03-04,000333,11:18:27,75.6400,12,2
2026-03-04,000333,11:18:30,75.6600,17,1
2026-03-04,000333,11:18:33,75.6600,260,2
2026-03-04,000333,11:18:36,75.6600,229,1
2026-03-04,000333,11:18:39,75.6200,3,2
2026-03-04,000333,11:18:42,75.6200,15,2
2026-03-04,000333,11:18:45,75.6500,14,1
2026-03-04,000333,11:18:48,75.6500,38,1
2026-03-04,000333,11:18:51,75.6600,1,1
2026-03-04,000333,11:18:54,75.6600,41,1
2026-03-04,000333,11:18:57,75.6600,8,1
2026-03-04,000333,11:19:00,75.6600,11,2
2026-03-04,000333,11:19:03,75.6700,7,1
2026-03-04,000333,11:19:06,75.7200,150,1
2026-03-04,000333,11:19:09,75.6600,4,2
2026-03-04,000333,11:19:12,75.6700,3,1
2026-03-04,000333,11:19:15,75.6600,20,2
2026-03-04,000333,11:19:18,75.6600,7,2
2026-03-04,000333,11:19:21,75.6600,35,2
2026-03-04,000333,11:19:24,75.6600,6,1
2026-03-04,000333,11:19:27,75.6700,5,1
2026-03-04,000333,11:19:30,75.6700,55,1
2026-03-04,000333,11:19:33,75.6600,11,2
2026-03-04,000333,11:19:36,75.6500,252,2
2026-03-04,000333,11:19:39,75.6500,58,2
2026-03-04,000333,11:19:42,75.6500,10,2
2026-03-04,000333,11:19:45,75.6600,8,1
2026-03-04,000333,11:19:48,75.6600,241,1
2026-03-04,000333,11:19:51,75.6700,51,1
2026-03-04,000333,11:19:54,75.6700,34,1
2026-03-04,000333,11:19:57,75.6700,39,1
2026-03-04,000333,11:20:00,75.6700,27,1
2026-03-04,000333,11:20:03,75.6600,9,4
2026-03-04,000333,11:20:06,75.6700,42,1
2026-03-04,000333,11:20:09,75.6700,15,1
2026-03-04,000333,11:20:12,75.6700,4,1
2026-03-04,000333,11:20:15,75.6500,86,2
2026-03-04,000333,11:20:18,75.6800,12,1
2026-03-04,000333,11:20:21,75.6600,7,2
2026-03-04,000333,11:20:24,75.6800,48,1
2026-03-04,000333,11:20:27,75.6800,11,2
2026-03-04,000333,11:20:30,75.6800,17,1
2026-03-04,000333,11:20:33,75.6800,36,1
2026-03-04,000333,11:20:36,75.6700,23,2
2026-03-04,000333,11:20:39,75.6800,12,1
2026-03-04,000333,11:20:42,75.6800,45,1
2026-03-04,000333,11:20:45,75.6700,14,2
