date,code,time,price,volume,bs
2026-03-12,600036,14:06:16,39.4600,206,1
2026-03-12,600036,14:06:19,39.4600,23,2
2026-03-12,600036,14:06:22,39.4600,20,2
2026-03-12,600036,14:06:25,39.4600,26,2
2026-03-12,600036,14:06:28,39.4600,37,2
2026-03-12,600036,14:06:31,39.4600,17,2
2026-03-12,600036,14:06:34,39.4600,120,2
2026-03-12,600036,14:06:37,39.4700,340,1
2026-03-12,600036,14:06:40,39.4600,374,2
2026-03-12,600036,14:06:43,39.4600,9,1
2026-03-12,600036,14:06:46,39.4600,26,1
2026-03-12,600036,14:06:49,39.4500,61,2
2026-03-12,600036,14:06:52,39.4600,8,1
2026-03-12,600036,14:06:55,39.4600,21,1
2026-03-12,600036,14:06:58,39.4600,26,1
2026-03-12,600036,14:07:01,39.4600,21,1
2026-03-12,600036,14:07:04,39.4500,143,2
2026-03-12,600036,14:07:07,39.4600,22,4
2026-03-12,600036,14:07:10,39.4700,25,1
2026-03-12,600036,14:07:13,39.4700,139,1
2026-03-12,600036,14:07:16,39.4700,209,1
2026-03-12,600036,14:07:19,39.4700,23,1
2026-03-12,600036,14:07:22,39.4600,29,2
2026-03-12,600036,14:07:25,39.4600,48,2
2026-03-12,600036,14:07:31,39.4700,3,1
2026-03-12,600036,14:07:34,39.4600,7,2
2026-03-12,600036,14:07:37,39.4700,102,1
2026-03-12,600036,14:07:40,39.4700,130,2
2026-03-12,600036,14:07:43,39.4700,13,2
2026-03-12,600036,14:07:46,39.4700,17,2
2026-03-12,600036,14:07:49,39.4700,62,2
2026-03-12,600036,14:07:52,39.4800,20,1
2026-03-12,600036,14:07:55,39.4700,286,2
2026-03-12,600036,14:08:01,39.4800,33,1
2026-03-12,600036,14:08:04,39.4700,16,2
2026-03-12,600036,14:08:07,39.4700,50,2
2026-03-12,600036,14:08:10,39.4800,49,1
2026-03-12,600036,14:08:13,39.4800,170,1
2026-03-12,600036,14:08:16,39.4900,9,1
2026-03-12,600036,14:08:19,39.4800,19,2
2026-03-12,600036,14:08:25,39.4800,20,2
2026-03-12,600036,14:08:28,39.4900,88,1
2026-03-12,600036,14:08:31,39.4900,23,1
2026-03-12,600036,14:08:34,39.4900,6,1
2026-03-12,600036,14:08:37,39.4800,33,2
2026-03-12,600036,14:08:40,39.4800,254,2
2026-03-12,600036,14:08:43,39.4900,162,1
2026-03-12,600036,14:08:46,39.4900,111,2
2026-03-12,600036,14:08:49,39.4900,6,2
2026-03-12,600036,14:08:52,39.4900,141,2
2026-03-12,600036,14:08:55,39.4900,44,4
2026-03-12,600036,14:08:58,39.4900,37,2
2026-03-12,600036,14:09:01,39.4900,100,2
2026-03-12,600036,14:09:04,39.4900,118,1
2026-03-12,600036,14:09:07,39.4900,27,1
2026-03-12,600036,14:09:10,39.4900,40,1
2026-03-12,600036,14:09:13,39.4800,183,2
2026-03-12,600036,14:09:16,39.4800,82,2
2026-03-12,600036,14:09:19,39.4900,34,1
2026-03-12,600036,14:09:22,39.4800,5,2
2026-03-12,600036,14:09:25,39.4900,2,1
2026-03-12,600036,14:09:28,39.4800,82,2
2026-03-12,600036,14:09:31,39.4900,82,1
2026-03-12,600036,14:09:34,39.4800,147,2
2026-03-12,600036,14:09:37,39.4800,24,2
2026-03-12,600036,14:09:40,39.4800,52,2
2026-03-12,600036,14:09:43,39.4900,15,1
2026-03-12,600036,14:09:46,39.4900,27,1
2026-03-12,600036,14:09:49,39.4900,80,1
2026-03-12,600036,14:09:52,39.4800,95,2
2026-03-12,600036,14:09:55,39.4900,100,1
2026-03-12,600036,14:09:58,39.4900,10,1
2026-03-12,600036,14:10:01,39.4900,110,1
2026-03-12,600036,14:10:04,39.4800,78,2
2026-03-12,600036,14:10:07,39.4900,219,1
2026-03-12,600036,14:10:10,39.4900,29,2
2026-03-12,600036,14:10:13,39.4900,31,2
2026-03-12,600036,14:10:16,39.4800,178,2
2026-03-12,600036,14:10:19,39.4900,277,1
2026-03-12,600036,14:10:22,39.4800,130,2
2026-03-12,600036,14:10:25,39.4900,76,1
2026-03-12,600036,14:10:28,39.4800,65,2
2026-03-12,600036,14:10:31,39.4900,42,1
2026-03-12,600036,14:10:34,39.4700,686,2
2026-03-12,600036,14:10:37,39.4800,170,1
2026-03-12,600036,14:10:40,39.4800,17,1
2026-03-12,600036,14:10:43,39.4900,496,1
2026-03-12,600036,14:10:46,39.4700,35,2
2026-03-12,600036,14:10:49,39.4800,12,1
2026-03-12,600036,14:10:52,39.4700,63,2
2026-03-12,600036,14:10:55,39.4700,235,2
2026-03-12,600036,14:10:58,39.4800,134,1
2026-03-12,600036,14:11:01,39.4800,142,1
2026-03-12,600036,14:11:04,39.4700,79,2
2026-03-12,600036,14:11:07,39.4700,122,2
2026-03-12,600036,14:11:10,39.4700,13,2
2026-03-12,600036,14:11:13,39.4700,28,2
2026-03-12,600036,14:11:16,39.4700,123,2
2026-03-12,600036,14:11:19,39.4800,21,1
2026-03-12,600036,14:11:22,39.4700,11,2
2026-03-12,600036,14:11:25,39.4800,26,1
2026-03-12,600036,14:11:28,39.4600,59,2
2026-03-12,600036,14:11:31,39.4700,56,1
2026-03-12,600036,14:11:34,39.4700,11,1
2026-03-12,600036,14:11:37,39.4600,7,2
2026-03-12,600036,14:11:40,39.4600,8,2
2026-03-12,600036,14:11:43,39.4600,37,2
2026-03-12,600036,14:11:46,39.4600,7,2
2026-03-12,600036,14:11:49,39.4600,20,2
2026-03-12,600036,14:11:52,39.4700,115,1
2026-03-12,600036,14:11:55,39.4700,11,2
2026-03-12,600036,14:11:58,39.4700,36,2
2026-03-12,600036,14:12:01,39.4800,296,1
2026-03-12,600036,14:12:04,39.4700,11,2
2026-03-12,600036,14:12:07,39.4700,6,2
2026-03-12,600036,14:12:10,39.4800,18,1
2026-03-12,600036,14:12:13,39.4800,44,1
2026-03-12,600036,14:12:16,39.4800,79,1
2026-03-12,600036,14:12:19,39.4700,9,2
2026-03-12,600036,14:12:22,39.4700,13,2
2026-03-12,600036,14:12:25,39.4700,1,2
2026-03-12,600036,14:12:28,39.4800,21,1
2026-03-12,600036,14:12:31,39.4700,91,2
2026-03-12,600036,14:12:34,39.4700,8,2
2026-03-12,600036,14:12:37,39.4700,2,2
2026-03-12,600036,14:12:40,39.4800,8,1
2026-03-12,600036,14:12:43,39.4700,37,2
2026-03-12,600036,14:12:46,39.4700,66,2
2026-03-12,600036,14:12:49,39.4700,26,2
2026-03-12,600036,14:12:52,39.4700,17,2
2026-03-12,600036,14:12:55,39.4600,200,2
2026-03-12,600036,14:12:58,39.4600,131,2
2026-03-12,600036,14:13:01,39.4600,331,2
2026-03-12,600036,14:13:04,39.4700,116,1
2026-03-12,600036,14:13:07,39.4700,15,1
2026-03-12,600036,14:13:10,39.4600,319,2
2026-03-12,600036,14:13:13,39.4600,35,2
2026-03-12,600036,14:13:16,39.4700,49,1
2026-03-12,600036,14:13:19,39.4600,61,2
2026-03-12,600036,14:13:22,39.4600,100,2
2026-03-12,600036,14:13:25,39.4600,74,2
2026-03-12,600036,14:13:28,39.4700,7,1
2026-03-12,600036,14:13:31,39.4600,51,2
2026-03-12,600036,14:13:34,39.4700,9,1
2026-03-12,600036,14:13:37,39.4600,24,2
2026-03-12,600036,14:13:40,39.4600,137,2
2026-03-12,600036,14:13:43,39.4600,12,2
2026-03-12,600036,14:13:46,39.4600,29,2
2026-03-12,600036,14:13:49,39.4600,25,2
2026-03-12,600036,14:13:52,39.4600,24,2
2026-03-12,600036,14:13:55,39.4600,114,2
2026-03-12,600036,14:13:58,39.4700,130,1
2026-03-12,600036,14:14:01,39.4700,124,1
2026-03-12,600036,14:14:04,39.4600,28,2
2026-03-12,600036,14:14:07,39.4600,86,2
2026-03-12,600036,14:14:10,39.4700,9,1
2026-03-12,600036,14:14:13,39.4700,1,1
2026-03-12,600036,14:14:16,39.4600,6,2
2026-03-12,600036,14:14:19,39.4600,4,2
2026-03-12,600036,14:14:22,39.4700,35,1
2026-03-12,600036,14:14:25,39.4600,33,2
2026-03-12,600036,14:14:28,39.4600,121,2
2026-03-12,600036,14:14:31,39.4600,2,2
2026-03-12,600036,14:14:34,39.4700,8,1
2026-03-12,600036,14:14:37,39.4600,28,2
2026-03-12,600036,14:14:40,39.4600,39,2
2026-03-12,600036,14:14:46,39.4700,84,1
2026-03-12,600036,14:14:49,39.4600,27,2
2026-03-12,600036,14:14:52,39.4600,66,2
2026-03-12,600036,14:14:55,39.4600,58,2
2026-03-12,600036,14:14:58,39.4600,23,2
2026-03-12,600036,14:15:01,39.4600,241,2
2026-03-12,600036,14:15:04,39.4600,35,2
2026-03-12,600036,14:15:07,39.4600,17,2
2026-03-12,600036,14:15:10,39.4600,16,2
2026-03-12,600036,14:15:13,39.4700,9,1
2026-03-12,600036,14:15:16,39.4600,25,2
2026-03-12,600036,14:15:19,39.4600,31,2
2026-03-12,600036,14:15:22,39.4600,54,2
2026-03-12,600036,14:15:25,39.4600,49,2
2026-03-12,600036,14:15:28,39.4600,25,2
2026-03-12,600036,14:15:31,39.4700,89,1
2026-03-12,600036,14:15:34,39.4600,649,2
2026-03-12,600036,14:15:37,39.4700,28,1
2026-03-12,600036,14:15:40,39.4700,50,4
2026-03-12,600036,14:15:43,39.4700,21,2
2026-03-12,600036,14:15:46,39.4700,21,2
2026-03-12,600036,14:15:49,39.4700,18,2
2026-03-12,600036,14:15:52,39.4800,61,1
2026-03-12,600036,14:15:55,39.4700,1,2
2026-03-12,600036,14:15:58,39.4700,101,2
2026-03-12,600036,14:16:01,39.4700,233,2
2026-03-12,600036,14:16:04,39.4700,75,4
2026-03-12,600036,14:16:07,39.4700,75,2
2026-03-12,600036,14:16:10,39.4700,15,2
2026-03-12,600036,14:16:13,39.4700,73,2
2026-03-12,600036,14:16:16,39.4600,111,2
2026-03-12,600036,14:16:19,39.4600,28,2
2026-03-12,600036,14:16:22,39.4700,25,1
2026-03-12,600036,14:16:25,39.4700,13,1
2026-03-12,600036,14:16:28,39.4600,15,2
2026-03-12,600036,14:16:31,39.4700,45,1
2026-03-12,600036,14:16:34,39.4700,10,1
2026-03-12,600036,14:16:37,39.4700,68,1
2026-03-12,600036,14:16:40,39.4700,115,1
2026-03-12,600036,14:16:43,39.4700,59,2
2026-03-12,600036,14:16:46,39.4700,11,2
2026-03-12,600036,14:16:49,39.4700,27,2
2026-03-12,600036,14:16:52,39.4700,61,2
2026-03-12,600036,14:16:55,39.4700,1,4
2026-03-12,600036,14:16:58,39.4800,81,1
2026-03-12,600036,14:17:01,39.4600,55,2
2026-03-12,600036,14:17:04,39.4700,102,4
2026-03-12,600036,14:17:07,39.4700,3,2
2026-03-12,600036,14:17:10,39.4600,264,2
2026-03-12,600036,14:17:13,39.4700,49,1
2026-03-12,600036,14:17:16,39.4700,31,2
2026-03-12,600036,14:17:19,39.4800,5,1
2026-03-12,600036,14:17:22,39.4700,4,2
2026-03-12,600036,14:17:25,39.4800,1,1
2026-03-12,600036,14:17:28,39.4700,13,2
2026-03-12,600036,14:17:31,39.4700,80,2
2026-03-12,600036,14:17:34,39.4700,66,2
2026-03-12,600036,14:17:37,39.4800,29,1
2026-03-12,600036,14:17:40,39.4700,88,2
2026-03-12,600036,14:17:43,39.4700,32,2
2026-03-12,600036,14:17:46,39.4700,4,2
2026-03-12,600036,14:17:49,39.4700,17,2
2026-03-12,600036,14:17:52,39.4800,38,1
2026-03-12,600036,14:17:55,39.4700,10,2
2026-03-12,600036,14:17:58,39.4800,58,1
2026-03-12,600036,14:18:01,39.4700,83,2
2026-03-12,600036,14:18:04,39.4700,12,2
2026-03-12,600036,14:18:07,39.4800,8,1
2026-03-12,600036,14:18:10,39.4800,116,1
2026-03-12,600036,14:18:13,39.4800,59,1
2026-03-12,600036,14:18:16,39.4700,15,2
2026-03-12,600036,14:18:19,39.4800,22,1
2026-03-12,600036,14:18:22,39.4800,21,1
2026-03-12,600036,14:18:25,39.4800,117,1
2026-03-12,600036,14:18:28,39.4700,1,2
2026-03-12,600036,14:18:31,39.4800,10,1
2026-03-12,600036,14:18:34,39.4800,28,1
2026-03-12,600036,14:18:37,39.4800,32,1
2026-03-12,600036,14:18:40,39.4800,239,1
2026-03-12,600036,14:18:43,39.4800,62,1
2026-03-12,600036,14:18:46,39.4700,2,2
2026-03-12,600036,14:18:49,39.4800,99,1
2026-03-12,600036,14:18:52,39.4800,16,1
2026-03-12,600036,14:18:55,39.4700,29,2
2026-03-12,600036,14:18:58,39.4800,25,1
2026-03-12,600036,14:19:01,39.4800,17,1
2026-03-12,600036,14:19:04,39.4800,25,1
2026-03-12,600036,14:19:07,39.4800,17,1
2026-03-12,600036,14:19:10,39.4800,66,1
2026-03-12,600036,14:19:13,39.4700,45,2
2026-03-12,600036,14:19:16,39.4800,7,1
2026-03-12,600036,14:19:19,39.4800,36,1
2026-03-12,600036,14:19:22,39.4900,67,1
2026-03-12,600036,14:19:25,39.4800,19,1
2026-03-12,600036,14:19:28,39.4800,6,1
2026-03-12,600036,14:19:31,39.4800,31,1
2026-03-12,600036,14:19:34,39.4800,35,1
2026-03-12,600036,14:19:37,39.4800,3,1
2026-03-12,600036,14:19:40,39.4800,4,1
2026-03-12,600036,14:19:43,39.4800,13,1
2026-03-12,600036,14:19:46,39.4800,66,1
2026-03-12,600036,14:19:49,39.4800,15,1
2026-03-12,600036,14:19:52,39.4800,11,1
2026-03-12,600036,14:19:55,39.4800,89,1
2026-03-12,600036,14:19:58,39.4800,50,1
2026-03-12,600036,14:20:01,39.4800,31,1
2026-03-12,600036,14:20:04,39.4800,27,1
2026-03-12,600036,14:20:07,39.4700,10,2
2026-03-12,600036,14:20:10,39.4700,56,2
2026-03-12,600036,14:20:13,39.4700,8,2
2026-03-12,600036,14:20:16,39.4700,205,2
2026-03-12,600036,14:20:19,39.4700,496,2
2026-03-12,600036,14:20:22,39.4800,152,1
2026-03-12,600036,14:20:25,39.4600,113,2
2026-03-12,600036,14:20:28,39.4700,14,2
2026-03-12,600036,14:20:31,39.4700,1,1
2026-03-12,600036,14:20:34,39.4700,3,1
2026-03-12,600036,14:20:37,39.4600,47,2
2026-03-12,600036,14:20:40,39.4600,34,2
2026-03-12,600036,14:20:43,39.4700,78,1
2026-03-12,600036,14:20:46,39.4700,3,1
2026-03-12,600036,14:20:49,39.4600,11,2
2026-03-12,600036,14:20:52,39.4600,13,2
2026-03-12,600036,14:20:55,39.4600,22,2
2026-03-12,600036,14:20:58,39.4600,2,2
2026-03-12,600036,14:21:01,39.4600,33,2
2026-03-12,600036,14:21:04,39.4600,11,2
2026-03-12,600036,14:21:07,39.4600,83,2
2026-03-12,600036,14:21:10,39.4600,55,2
2026-03-12,600036,14:21:13,39.4600,84,2
2026-03-12,600036,14:21:16,39.4600,20,2
2026-03-12,600036,14:21:19,39.4600,405,2
2026-03-12,600036,14:21:22,39.4600,67,1
2026-03-12,600036,14:21:25,39.4500,21,2
2026-03-12,600036,14:21:28,39.4600,13,1
2026-03-12,600036,14:21:31,39.4600,3,1
2026-03-12,600036,14:21:34,39.4500,26,2
2026-03-12,600036,14:21:37,39.4500,41,2
2026-03-12,600036,14:21:40,39.4600,10,1
2026-03-12,600036,14:21:43,39.4600,17,1
2026-03-12,600036,14:21:46,39.4600,1,1
2026-03-12,600036,14:21:49,39.4600,209,1
2026-03-12,600036,14:21:52,39.4600,18,1
2026-03-12,600036,14:21:55,39.4600,125,1
2026-03-12,600036,14:21:58,39.4500,437,2
2026-03-12,600036,14:22:01,39.4600,14,1
2026-03-12,600036,14:22:04,39.4500,67,2
2026-03-12,600036,14:22:07,39.4500,10,2
2026-03-12,600036,14:22:10,39.4500,4,2
2026-03-12,600036,14:22:13,39.4500,28,2
2026-03-12,600036,14:22:16,39.4500,49,2
2026-03-12,600036,14:22:19,39.4500,54,2
2026-03-12,600036,14:22:22,39.4600,56,1
2026-03-12,600036,14:22:25,39.4600,141,1
2026-03-12,600036,14:22:28,39.4600,173,1
2026-03-12,600036,14:22:31,39.4600,80,1
2026-03-12,600036,14:22:37,39.4700,12,1
2026-03-12,600036,14:22:40,39.4700,61,1
2026-03-12,600036,14:22:49,39.4600,19,2
2026-03-12,600036,14:22:52,39.4600,7,2
2026-03-12,600036,14:22:55,39.4600,11,2
2026-03-12,600036,14:22:58,39.4700,10,1
2026-03-12,600036,14:23:01,39.4600,112,2
2026-03-12,600036,14:23:04,39.4600,29,2
2026-03-12,600036,14:23:07,39.4600,2,2
2026-03-12,600036,14:23:10,39.4600,26,2
2026-03-12,600036,14:23:13,39.4700,30,1
2026-03-12,600036,14:23:16,39.4600,35,2
2026-03-12,600036,14:23:19,39.4600,133,2
2026-03-12,600036,14:23:22,39.4600,35,2
2026-03-12,600036,14:23:25,39.4700,33,1
2026-03-12,600036,14:23:28,39.4700,62,1
2026-03-12,600036,14:23:31,39.4700,56,1
2026-03-12,600036,14:23:34,39.4700,334,1
2026-03-12,600036,14:23:37,39.4700,31,1
2026-03-12,600036,14:23:40,39.4700,57,2
2026-03-12,600036,14:23:43,39.4700,31,2
2026-03-12,600036,14:23:46,39.4700,10,1
2026-03-12,600036,14:23:49,39.4700,3,1
2026-03-12,600036,14:23:52,39.4800,81,1
2026-03-12,600036,14:23:55,39.4600,11,2
2026-03-12,600036,14:23:58,39.4700,32,1
2026-03-12,600036,14:24:01,39.4700,2,1
2026-03-12,600036,14:24:04,39.4700,50,1
2026-03-12,600036,14:24:07,39.4700,11,1
2026-03-12,600036,14:24:10,39.4700,10,1
2026-03-12,600036,14:24:13,39.4700,6,1
2026-03-12,600036,14:24:16,39.4600,12,2
2026-03-12,600036,14:24:19,39.4600,48,2
2026-03-12,600036,14:24:22,39.4700,8,1
2026-03-12,600036,14:24:25,39.4700,128,1
2026-03-12,600036,14:24:28,39.4700,114,1
2026-03-12,600036,14:24:31,39.4600,23,2
2026-03-12,600036,14:24:34,39.4700,7,1
2026-03-12,600036,14:24:37,39.4700,40,1
2026-03-12,600036,14:24:40,39.4700,72,1
2026-03-12,600036,14:24:43,39.4700,7,1
2026-03-12,600036,14:24:46,39.4600,15,2
2026-03-12,600036,14:24:49,39.4700,57,1
2026-03-12,600036,14:24:52,39.4700,59,1
2026-03-12,600036,14:24:55,39.4800,62,1
2026-03-12,600036,14:24:58,39.4700,100,2
2026-03-12,600036,14:25:01,39.4800,30,1
2026-03-12,600036,14:25:04,39.4800,1,1
2026-03-12,600036,14:25:07,39.4700,23,2
2026-03-12,600036,14:25:10,39.4700,28,2
2026-03-12,600036,14:25:13,39.4800,117,1
2026-03-12,600036,14:25:16,39.4800,25,1
2026-03-12,600036,14:25:19,39.4800,16,1
2026-03-12,600036,14:25:22,39.4700,48,2
2026-03-12,600036,14:25:25,39.4700,386,2
2026-03-12,600036,14:25:28,39.4600,56,2
2026-03-12,600036,14:25:31,39.4700,24,1
2026-03-12,600036,14:25:34,39.4600,462,2
2026-03-12,600036,14:25:37,39.4600,7,2
2026-03-12,600036,14:25:40,39.4700,6,1
2026-03-12,600036,14:25:43,39.4600,77,2
2026-03-12,600036,14:25:46,39.4600,23,2
2026-03-12,600036,14:25:49,39.4600,1,2
2026-03-12,600036,14:25:52,39.4700,65,1
2026-03-12,600036,14:25:55,39.4600,2,2
2026-03-12,600036,14:25:58,39.4600,30,2
2026-03-12,600036,14:26:01,39.4600,39,2
2026-03-12,600036,14:26:04,39.4700,25,1
2026-03-12,600036,14:26:07,39.4600,9,2
2026-03-12,600036,14:26:10,39.4700,31,1
2026-03-12,600036,14:26:13,39.4600,16,2
2026-03-12,600036,14:26:16,39.4700,128,1
2026-03-12,600036,14:26:19,39.4700,277,1
2026-03-12,600036,14:26:22,39.4700,54,1
2026-03-12,600036,14:26:25,39.4600,112,2
2026-03-12,600036,14:26:28,39.4700,48,1
2026-03-12,600036,14:26:31,39.4700,29,1
2026-03-12,600036,14:26:37,39.4700,7,1
2026-03-12,600036,14:26:40,39.4700,153,1
2026-03-12,600036,14:26:43,39.4700,16,1
2026-03-12,600036,14:26:46,39.4600,6,2
2026-03-12,600036,14:26:49,39.4700,105,1
2026-03-12,600036,14:26:52,39.4700,18,1
2026-03-12,600036,14:26:55,39.4700,6,1
2026-03-12,600036,14:26:58,39.4700,100,1
2026-03-12,600036,14:27:01,39.4600,27,2
2026-03-12,600036,14:27:04,39.4700,161,1
2026-03-12,600036,14:27:07,39.4700,38,2
2026-03-12,600036,14:27:10,39.4700,23,1
2026-03-12,600036,14:27:13,39.4700,35,1
2026-03-12,600036,14:27:19,39.4700,114,1
2026-03-12,600036,14:27:22,39.4700,63,1
2026-03-12,600036,14:27:25,39.4700,120,4
2026-03-12,600036,14:27:28,39.4700,11,1
2026-03-12,600036,14:27:37,39.4600,35,2
2026-03-12,600036,14:27:40,39.4700,22,1
2026-03-12,600036,14:27:43,39.4700,21,1
2026-03-12,600036,14:27:46,39.4600,6,2
2026-03-12,600036,14:27:49,39.4700,102,1
2026-03-12,600036,14:27:52,39.4700,100,1
2026-03-12,600036,14:27:55,39.4600,25,2
2026-03-12,600036,14:28:01,39.4700,158,1
2026-03-12,600036,14:28:07,39.4700,72,1
2026-03-12,600036,14:28:10,39.4700,9,1
2026-03-12,600036,14:28:13,39.4700,51,1
2026-03-12,600036,14:28:16,39.4600,47,2
2026-03-12,600036,14:28:19,39.4600,7,2
2026-03-12,600036,14:28:22,39.4600,1,2
2026-03-12,600036,14:28:25,39.4600,97,2
2026-03-12,600036,14:28:28,39.4600,61,2
2026-03-12,600036,14:28:31,39.4600,20,2
2026-03-12,600036,14:28:34,39.4600,16,2
2026-03-12,600036,14:28:37,39.4600,2,2
2026-03-12,600036,14:28:40,39.4700,41,1
2026-03-12,600036,14:28:43,39.4600,23,2
2026-03-12,600036,14:28:46,39.4600,32,2
2026-03-12,600036,14:28:49,39.4700,52,1
2026-03-12,600036,14:28:52,39.4700,177,1
2026-03-12,600036,14:28:55,39.4600,62,2
2026-03-12,600036,14:28:58,39.4600,63,2
2026-03-12,600036,14:29:01,39.4700,24,1
2026-03-12,600036,14:29:04,39.4700,7,1
2026-03-12,600036,14:29:07,39.4700,20,1
2026-03-12,600036,14:29:10,39.4600,26,2
2026-03-12,600036,14:29:13,39.4700,16,1
2026-03-12,600036,14:29:16,39.4700,32,1
2026-03-12,600036,14:29:19,39.4600,59,2
2026-03-12,600036,14:29:22,39.4600,67,2
2026-03-12,600036,14:29:25,39.4600,7,2
2026-03-12,600036,14:29:28,39.4600,69,2
2026-03-12,600036,14:29:31,39.4600,74,2
2026-03-12,600036,14:29:34,39.4600,15,2
2026-03-12,600036,14:29:37,39.4700,3,1
2026-03-12,600036,14:29:40,39.4700,5,1
2026-03-12,600036,14:29:43,39.4700,32,1
2026-03-12,600036,14:29:46,39.4600,20,2
2026-03-12,600036,14:29:49,39.4700,119,1
2026-03-12,600036,14:29:52,39.4700,152,1
2026-03-12,600036,14:29:55,39.4600,49,2
2026-03-12,600036,14:29:58,39.4700,54,1
2026-03-12,600036,14:30:01,39.4700,93,1
2026-03-12,600036,14:30:04,39.4800,118,1
2026-03-12,600036,14:30:07,39.4600,137,2
2026-03-12,600036,14:30:10,39.4700,38,4
2026-03-12,600036,14:30:13,39.4600,75,2
2026-03-12,600036,14:30:16,39.4700,18,4
2026-03-12,600036,14:30:19,39.4700,13,2
2026-03-12,600036,14:30:22,39.4700,39,1
2026-03-12,600036,14:30:25,39.4800,83,1
2026-03-12,600036,14:30:28,39.4700,11,2
2026-03-12,600036,14:30:31,39.4800,100,1
2026-03-12,600036,14:30:34,39.4700,95,2
2026-03-12,600036,14:30:37,39.4700,15,2
2026-03-12,600036,14:30:40,39.4700,13,2
2026-03-12,600036,14:30:43,39.4700,89,2
2026-03-12,600036,14:30:46,39.4800,47,1
2026-03-12,600036,14:30:49,39.4800,65,1
2026-03-12,600036,14:30:52,39.4800,475,1
2026-03-12,600036,14:30:55,39.4900,19,1
2026-03-12,600036,14:30:58,39.4800,31,4
2026-03-12,600036,14:31:01,39.4900,66,1
2026-03-12,600036,14:31:04,39.4800,6,2
2026-03-12,600036,14:31:07,39.4900,61,1
2026-03-12,600036,14:31:10,39.4900,20,1
2026-03-12,600036,14:31:13,39.4800,479,2
2026-03-12,600036,14:31:16,39.4800,50,1
2026-03-12,600036,14:31:19,39.4800,21,1
2026-03-12,600036,14:31:22,39.4800,21,1
2026-03-12,600036,14:31:25,39.4800,53,1
2026-03-12,600036,14:31:28,39.4800,61,2
2026-03-12,600036,14:31:34,39.4800,14,2
2026-03-12,600036,14:31:37,39.4900,24,1
2026-03-12,600036,14:31:40,39.4800,51,2
2026-03-12,600036,14:31:46,39.4800,85,2
2026-03-12,600036,14:31:49,39.4800,147,2
2026-03-12,600036,14:31:52,39.4800,23,1
2026-03-12,600036,14:31:55,39.4700,16,2
2026-03-12,600036,14:31:58,39.4700,27,2
2026-03-12,600036,14:32:01,39.4800,119,1
2026-03-12,600036,14:32:04,39.4800,200,1
2026-03-12,600036,14:32:07,39.4800,14,2
2026-03-12,600036,14:32:10,39.4800,43,2
2026-03-12,600036,14:32:13,39.4800,76,2
2026-03-12,600036,14:32:16,39.4900,45,1
2026-03-12,600036,14:32:19,39.4800,25,2
2026-03-12,600036,14:32:22,39.4800,113,2
2026-03-12,600036,14:32:25,39.4800,34,2
2026-03-12,600036,14:32:28,39.4900,77,1
2026-03-12,600036,14:32:31,39.4800,61,2
2026-03-12,600036,14:32:34,39.4800,5,2
2026-03-12,600036,14:32:37,39.4900,15,1
2026-03-12,600036,14:32:40,39.4900,20,1
2026-03-12,600036,14:32:43,39.4900,80,1
2026-03-12,600036,14:32:46,39.4800,369,2
2026-03-12,600036,14:32:49,39.4800,27,2
2026-03-12,600036,14:32:52,39.4800,32,2
2026-03-12,600036,14:32:55,39.4800,34,2
2026-03-12,600036,14:32:58,39.4700,46,2
2026-03-12,600036,14:33:01,39.4800,39,1
2026-03-12,600036,14:33:04,39.4800,67,1
2026-03-12,600036,14:33:07,39.4700,16,2
2026-03-12,600036,14:33:10,39.4800,104,1
2026-03-12,600036,14:33:13,39.4800,33,1
2026-03-12,600036,14:33:16,39.4800,91,1
2026-03-12,600036,14:33:19,39.4900,11,1
2026-03-12,600036,14:33:22,39.4900,7,1
2026-03-12,600036,14:33:25,39.4900,30,1
2026-03-12,600036,14:33:28,39.4900,16,1
2026-03-12,600036,14:33:31,39.4900,1353,1
2026-03-12,600036,14:33:34,39.5000,303,1
2026-03-12,600036,14:33:37,39.5000,98,1
2026-03-12,600036,14:33:40,39.5000,1,1
2026-03-12,600036,14:33:43,39.5000,205,1
2026-03-12,600036,14:33:46,39.4900,15,2
2026-03-12,600036,14:33:49,39.4900,72,2
2026-03-12,600036,14:33:52,39.5000,6,1
2026-03-12,600036,14:33:55,39.4900,26,2
2026-03-12,600036,14:33:58,39.5000,100,1
2026-03-12,600036,14:34:01,39.5000,1720,1
2026-03-12,600036,14:34:04,39.5000,157,1
2026-03-12,600036,14:34:07,39.5000,29,1
2026-03-12,600036,14:34:10,39.5000,101,1
2026-03-12,600036,14:34:13,39.5000,8,1
2026-03-12,600036,14:34:16,39.5000,90,1
2026-03-12,600036,14:34:19,39.5000,12,1
2026-03-12,600036,14:34:22,39.5000,2,1
2026-03-12,600036,14:34:25,39.5000,3,1
2026-03-12,600036,14:34:28,39.4900,53,2
2026-03-12,600036,14:34:31,39.4900,92,2
2026-03-12,600036,14:34:34,39.4900,25,2
2026-03-12,600036,14:34:37,39.4900,35,2
2026-03-12,600036,14:34:40,39.4900,50,2
2026-03-12,600036,14:34:43,39.4900,21,2
2026-03-12,600036,14:34:46,39.5000,18,1
2026-03-12,600036,14:34:49,39.4900,35,2
2026-03-12,600036,14:34:52,39.4900,20,2
2026-03-12,600036,14:34:55,39.4900,43,2
2026-03-12,600036,14:34:58,39.5000,31,1
2026-03-12,600036,14:35:01,39.4900,197,2
2026-03-12,600036,14:35:04,39.5000,129,1
2026-03-12,600036,14:35:07,39.4900,288,2
2026-03-12,600036,14:35:10,39.4900,141,2
2026-03-12,600036,14:35:13,39.4900,134,1
2026-03-12,600036,14:35:16,39.4900,3,1
2026-03-12,600036,14:35:19,39.4800,3,2
2026-03-12,600036,14:35:22,39.4900,18,1
2026-03-12,600036,14:35:25,39.4900,12,1
2026-03-12,600036,14:35:28,39.4800,14,2
2026-03-12,600036,14:35:31,39.4900,27,1
2026-03-12,600036,14:35:34,39.4900,40,1
2026-03-12,600036,14:35:37,39.4900,81,1
2026-03-12,600036,14:35:40,39.4900,166,1
2026-03-12,600036,14:35:43,39.4800,2,2
2026-03-12,600036,14:35:46,39.4900,14,1
2026-03-12,600036,14:35:49,39.4900,8,1
2026-03-12,600036,14:35:52,39.4800,38,2
2026-03-12,600036,14:35:55,39.4800,21,2
2026-03-12,600036,14:35:58,39.4900,6,1
2026-03-12,600036,14:36:01,39.4800,9,2
2026-03-12,600036,14:36:04,39.4900,1,1
2026-03-12,600036,14:36:07,39.4800,61,2
2026-03-12,600036,14:36:10,39.4900,64,1
2026-03-12,600036,14:36:13,39.4800,7,2
2026-03-12,600036,14:36:16,39.4800,13,2
2026-03-12,600036,14:36:19,39.4800,7,2
2026-03-12,600036,14:36:22,39.4900,90,1
2026-03-12,600036,14:36:25,39.4900,9,1
2026-03-12,600036,14:36:28,39.4800,58,2
2026-03-12,600036,14:36:31,39.4900,1,1
2026-03-12,600036,14:36:34,39.4900,64,1
2026-03-12,600036,14:36:37,39.4900,40,1
2026-03-12,600036,14:36:40,39.4900,8,1
2026-03-12,600036,14:36:43,39.4800,104,2
2026-03-12,600036,14:36:46,39.4900,88,1
2026-03-12,600036,14:36:49,39.4900,63,1
2026-03-12,600036,14:36:55,39.4800,14,2
2026-03-12,600036,14:37:01,39.4900,24,1
2026-03-12,600036,14:37:04,39.4800,3,2
2026-03-12,600036,14:37:07,39.4800,57,2
2026-03-12,600036,14:37:10,39.4900,31,1
2026-03-12,600036,14:37:13,39.4800,102,2
2026-03-12,600036,14:37:16,39.4900,226,1
2026-03-12,600036,14:37:19,39.4800,10,2
2026-03-12,600036,14:37:22,39.4900,142,1
2026-03-12,600036,14:37:25,39.4900,84,1
2026-03-12,600036,14:37:28,39.4800,77,2
2026-03-12,600036,14:37:31,39.4900,7,1
2026-03-12,600036,14:37:34,39.4900,6,1
2026-03-12,600036,14:37:37,39.4900,11,1
2026-03-12,600036,14:37:40,39.4900,21,1
2026-03-12,600036,14:37:43,39.4900,99,1
2026-03-12,600036,14:37:46,39.4900,14,1
2026-03-12,600036,14:37:49,39.4900,49,1
2026-03-12,600036,14:37:52,39.4900,20,1
2026-03-12,600036,14:37:55,39.4900,8,1
2026-03-12,600036,14:37:58,39.4900,19,1
2026-03-12,600036,14:38:01,39.4800,899,2
2026-03-12,600036,14:38:04,39.4900,31,4
2026-03-12,600036,14:38:07,39.4900,55,1
2026-03-12,600036,14:38:10,39.4900,20,1
2026-03-12,600036,14:38:13,39.4800,21,2
2026-03-12,600036,14:38:16,39.4900,8,1
2026-03-12,600036,14:38:19,39.4900,16,1
2026-03-12,600036,14:38:22,39.4800,55,2
2026-03-12,600036,14:38:25,39.4800,15,2
2026-03-12,600036,14:38:28,39.5000,58,1
2026-03-12,600036,14:38:31,39.4800,40,2
2026-03-12,600036,14:38:34,39.4900,43,1
2026-03-12,600036,14:38:37,39.4900,14,1
2026-03-12,600036,14:38:40,39.4800,25,2
2026-03-12,600036,14:38:43,39.4900,7,1
2026-03-12,600036,14:38:46,39.4900,8,1
2026-03-12,600036,14:38:49,39.4900,17,1
2026-03-12,600036,14:38:52,39.4900,91,1
2026-03-12,600036,14:38:55,39.4800,1,2
2026-03-12,600036,14:38:58,39.4900,84,1
2026-03-12,600036,14:39:01,39.4800,17,2
2026-03-12,600036,14:39:04,39.4900,31,1
2026-03-12,600036,14:39:07,39.4800,3,2
2026-03-12,600036,14:39:10,39.4800,9,2
2026-03-12,600036,14:39:13,39.4900,61,1
2026-03-12,600036,14:39:16,39.4800,17,2
2026-03-12,600036,14:39:19,39.4900,26,1
2026-03-12,600036,14:39:22,39.4900,74,1
2026-03-12,600036,14:39:25,39.4900,65,1
2026-03-12,600036,14:39:28,39.4900,2,1
2026-03-12,600036,14:39:31,39.4900,26,1
2026-03-12,600036,14:39:34,39.4800,26,2
2026-03-12,600036,14:39:37,39.4800,20,2
2026-03-12,600036,14:39:40,39.4900,81,1
2026-03-12,600036,14:39:43,39.4900,4,1
2026-03-12,600036,14:39:46,39.4800,144,2
2026-03-12,600036,14:39:49,39.4900,39,1
2026-03-12,600036,14:39:52,39.4900,56,1
2026-03-12,600036,14:39:55,39.4900,60,1
2026-03-12,600036,14:39:58,39.4900,37,1
2026-03-12,600036,14:40:01,39.4900,1483,1
2026-03-12,600036,14:40:04,39.4800,53,2
2026-03-12,600036,14:40:07,39.4800,31,2
2026-03-12,600036,14:40:10,39.4900,25,1
2026-03-12,600036,14:40:13,39.4900,106,1
2026-03-12,600036,14:40:16,39.4900,28,2
2026-03-12,600036,14:40:19,39.4900,101,2
2026-03-12,600036,14:40:22,39.5000,44,1
2026-03-12,600036,14:40:25,39.5000,91,1
2026-03-12,600036,14:40:28,39.5000,27,1
2026-03-12,600036,14:40:31,39.5000,162,1
2026-03-12,600036,14:40:34,39.5000,47,1
2026-03-12,600036,14:40:37,39.4900,25,2
2026-03-12,600036,14:40:40,39.5000,62,1
2026-03-12,600036,14:40:43,39.4900,11,2
2026-03-12,600036,14:40:46,39.4900,16,2
2026-03-12,600036,14:40:49,39.5000,2,1
2026-03-12,600036,14:40:52,39.4900,30,2
2026-03-12,600036,14:40:55,39.4900,10,2
2026-03-12,600036,14:40:58,39.4900,52,2
2026-03-12,600036,14:41:01,39.5000,88,1
2026-03-12,600036,14:41:04,39.5000,17,1
2026-03-12,600036,14:41:07,39.4900,58,2
2026-03-12,600036,14:41:10,39.5000,28,1
2026-03-12,600036,14:41:13,39.4900,19,2
2026-03-12,600036,14:41:16,39.4900,11,2
2026-03-12,600036,14:41:19,39.4900,66,2
2026-03-12,600036,14:41:22,39.4900,35,2
2026-03-12,600036,14:41:25,39.5000,151,1
2026-03-12,600036,14:41:28,39.5000,46,1
2026-03-12,600036,14:41:31,39.5000,10,1
2026-03-12,600036,14:41:34,39.5000,39,1
2026-03-12,600036,14:41:37,39.5000,66,1
2026-03-12,600036,14:41:40,39.5000,52,1
2026-03-12,600036,14:41:43,39.4900,71,2
2026-03-12,600036,14:41:46,39.4900,36,2
2026-03-12,600036,14:41:49,39.4900,49,2
2026-03-12,600036,14:41:52,39.5000,61,1
2026-03-12,600036,14:41:55,39.5000,14,1
2026-03-12,600036,14:41:58,39.5000,11,1
2026-03-12,600036,14:42:01,39.4900,98,2
2026-03-12,600036,14:42:04,39.5000,31,1
2026-03-12,600036,14:42:07,39.5000,81,1
2026-03-12,600036,14:42:10,39.5000,5,1
2026-03-12,600036,14:42:13,39.4900,38,2
2026-03-12,600036,14:42:16,39.4900,26,2
2026-03-12,600036,14:42:19,39.4900,10,2
2026-03-12,600036,14:42:22,39.4900,111,2
2026-03-12,600036,14:42:25,39.4900,25,2
2026-03-12,600036,14:42:28,39.5000,13,1
2026-03-12,600036,14:42:31,39.4900,15,2
2026-03-12,600036,14:42:34,39.5000,68,1
2026-03-12,600036,14:42:37,39.4900,107,2
2026-03-12,600036,14:42:40,39.5000,50,1
2026-03-12,600036,14:42:43,39.5000,17,1
2026-03-12,600036,14:42:46,39.4900,46,2
2026-03-12,600036,14:42:49,39.5000,34,1
2026-03-12,600036,14:42:52,39.5000,73,1
2026-03-12,600036,14:42:55,39.5000,12,1
2026-03-12,600036,14:42:58,39.5000,21,1
2026-03-12,600036,14:43:01,39.5000,17,1
2026-03-12,600036,14:43:04,39.4900,36,2
2026-03-12,600036,14:43:07,39.5000,80,1
2026-03-12,600036,14:43:10,39.4900,62,2
2026-03-12,600036,14:43:13,39.4900,84,2
2026-03-12,600036,14:43:16,39.4900,31,2
2026-03-12,600036,14:43:19,39.4900,24,2
2026-03-12,600036,14:43:22,39.4900,93,2
2026-03-12,600036,14:43:25,39.4900,55,2
2026-03-12,600036,14:43:28,39.4900,52,2
2026-03-12,600036,14:43:31,39.4900,21,2
2026-03-12,600036,14:43:34,39.5000,35,1
2026-03-12,600036,14:43:37,39.4900,43,2
2026-03-12,600036,14:43:40,39.4900,48,2
2026-03-12,600036,14:43:43,39.4900,15,2
2026-03-12,600036,14:43:46,39.5000,76,1
2026-03-12,600036,14:43:49,39.5000,52,1
2026-03-12,600036,14:43:52,39.4900,40,2
2026-03-12,600036,14:43:55,39.4900,11,2
2026-03-12,600036,14:43:58,39.4900,40,2
2026-03-12,600036,14:44:01,39.5000,56,1
2026-03-12,600036,14:44:04,39.4900,6,2
2026-03-12,600036,14:44:07,39.4900,227,2
2026-03-12,600036,14:44:10,39.4900,354,2
2026-03-12,600036,14:44:13,39.5000,181,1
2026-03-12,600036,14:44:16,39.4900,232,2
2026-03-12,600036,14:44:19,39.4900,78,2
2026-03-12,600036,14:44:22,39.4900,79,2
2026-03-12,600036,14:44:25,39.4900,38,2
2026-03-12,600036,14:44:28,39.5000,370,1
2026-03-12,600036,14:44:31,39.4800,83,2
2026-03-12,600036,14:44:34,39.4800,28,2
2026-03-12,600036,14:44:37,39.4800,43,2
2026-03-12,600036,14:44:40,39.4800,27,2
2026-03-12,600036,14:44:43,39.4800,1,2
2026-03-12,600036,14:44:46,39.4800,26,2
2026-03-12,600036,14:44:49,39.4800,41,2
2026-03-12,600036,14:44:52,39.4900,35,1
2026-03-12,600036,14:44:55,39.4900,33,1
2026-03-12,600036,14:44:58,39.4800,16,2
2026-03-12,600036,14:45:01,39.4800,296,2
2026-03-12,600036,14:45:04,39.4900,40,1
2026-03-12,600036,14:45:07,39.4800,102,2
2026-03-12,600036,14:45:10,39.4900,40,1
2026-03-12,600036,14:45:13,39.4900,72,1
2026-03-12,600036,14:45:16,39.4900,114,1
2026-03-12,600036,14:45:19,39.4900,96,1
2026-03-12,600036,14:45:22,39.4900,83,1
2026-03-12,600036,14:45:25,39.4900,65,1
2026-03-12,600036,14:45:28,39.4900,90,1
2026-03-12,600036,14:45:31,39.4900,72,1
2026-03-12,600036,14:45:34,39.4900,415,1
2026-03-12,600036,14:45:37,39.4900,57,2
2026-03-12,600036,14:45:40,39.4900,26,2
2026-03-12,600036,14:45:43,39.4900,4,2
2026-03-12,600036,14:45:46,39.4900,1,2
2026-03-12,600036,14:45:49,39.4900,7,2
2026-03-12,600036,14:45:52,39.5000,34,1
2026-03-12,600036,14:45:55,39.5000,9,1
2026-03-12,600036,14:45:58,39.4900,40,2
2026-03-12,600036,14:46:01,39.4900,247,2
2026-03-12,600036,14:46:04,39.4900,207,2
2026-03-12,600036,14:46:07,39.5000,126,1
2026-03-12,600036,14:46:10,39.4900,510,2
2026-03-12,600036,14:46:13,39.4900,144,2
2026-03-12,600036,14:46:16,39.5000,69,1
2026-03-12,600036,14:46:19,39.4900,78,2
2026-03-12,600036,14:46:22,39.5000,107,1
2026-03-12,600036,14:46:25,39.5000,64,1
2026-03-12,600036,14:46:28,39.4800,1129,2
2026-03-12,600036,14:46:31,39.4800,1154,2
2026-03-12,600036,14:46:34,39.4700,773,2
2026-03-12,600036,14:46:37,39.4700,78,2
2026-03-12,600036,14:46:40,39.4700,56,2
2026-03-12,600036,14:46:43,39.4700,23,2
2026-03-12,600036,14:46:46,39.4600,304,2
2026-03-12,600036,14:46:49,39.4700,62,2
2026-03-12,600036,14:46:52,39.4800,82,1
2026-03-12,600036,14:46:55,39.4800,3,1
2026-03-12,600036,14:46:58,39.4700,17,2
2026-03-12,600036,14:47:01,39.4700,187,2
2026-03-12,600036,14:47:04,39.4700,85,2
2026-03-12,600036,14:47:07,39.4700,45,2
2026-03-12,600036,14:47:10,39.4700,21,2
2026-03-12,600036,14:47:13,39.4700,10,2
2026-03-12,600036,14:47:16,39.4800,10,1
2026-03-12,600036,14:47:19,39.4700,21,2
2026-03-12,600036,14:47:22,39.4700,63,2
2026-03-12,600036,14:47:25,39.4800,79,1
2026-03-12,600036,14:47:28,39.4800,104,1
2026-03-12,600036,14:47:31,39.4800,20,1
2026-03-12,600036,14:47:34,39.4800,101,1
2026-03-12,600036,14:47:37,39.4800,18,1
2026-03-12,600036,14:47:40,39.4800,28,1
2026-03-12,600036,14:47:43,39.4800,35,2
2026-03-12,600036,14:47:46,39.4800,17,2
2026-03-12,600036,14:47:49,39.4800,13,2
2026-03-12,600036,14:47:52,39.4800,23,2
2026-03-12,600036,14:47:55,39.4900,154,1
2026-03-12,600036,14:47:58,39.4800,11,2
2026-03-12,600036,14:48:01,39.4800,238,2
2026-03-12,600036,14:48:04,39.4900,12,1
2026-03-12,600036,14:48:07,39.4800,13,2
2026-03-12,600036,14:48:10,39.4900,27,1
2026-03-12,600036,14:48:13,39.4900,29,1
2026-03-12,600036,14:48:16,39.4800,67,2
2026-03-12,600036,14:48:19,39.4900,8,1
2026-03-12,600036,14:48:22,39.4900,169,1
2026-03-12,600036,14:48:25,39.4900,21,1
2026-03-12,600036,14:48:28,39.4900,27,1
2026-03-12,600036,14:48:31,39.4900,32,1
2026-03-12,600036,14:48:34,39.4900,85,1
2026-03-12,600036,14:48:37,39.4900,157,1
2026-03-12,600036,14:48:40,39.4900,29,1
2026-03-12,600036,14:48:43,39.4900,30,1
2026-03-12,600036,14:48:46,39.4900,23,1
2026-03-12,600036,14:48:49,39.4900,58,1
2026-03-12,600036,14:48:52,39.4800,18,2
2026-03-12,600036,14:48:55,39.4800,12,2
2026-03-12,600036,14:48:58,39.4900,10,1
2026-03-12,600036,14:49:01,39.4900,86,1
2026-03-12,600036,14:49:04,39.4900,22,1
2026-03-12,600036,14:49:07,39.4900,189,1
2026-03-12,600036,14:49:10,39.4900,43,1
2026-03-12,600036,14:49:13,39.4800,138,2
2026-03-12,600036,14:49:16,39.4900,45,2
2026-03-12,600036,14:49:19,39.4900,12,2
2026-03-12,600036,14:49:22,39.5000,34,1
2026-03-12,600036,14:49:25,39.4900,16,2
2026-03-12,600036,14:49:28,39.4900,52,2
2026-03-12,600036,14:49:31,39.4900,107,2
2026-03-12,600036,14:49:34,39.4900,154,2
2026-03-12,600036,14:49:37,39.5000,67,1
2026-03-12,600036,14:49:40,39.5000,48,1
2026-03-12,600036,14:49:43,39.4900,18,2
2026-03-12,600036,14:49:46,39.4900,234,2
2026-03-12,600036,14:49:49,39.4900,59,2
2026-03-12,600036,14:49:52,39.5000,47,1
2026-03-12,600036,14:49:55,39.4900,43,2
2026-03-12,600036,14:49:58,39.4900,29,2
2026-03-12,600036,14:50:01,39.4900,385,2
2026-03-12,600036,14:50:04,39.4900,59,2
2026-03-12,600036,14:50:07,39.4900,56,2
2026-03-12,600036,14:50:10,39.4900,70,2
2026-03-12,600036,14:50:13,39.5000,92,1
2026-03-12,600036,14:50:16,39.5000,206,1
2026-03-12,600036,14:50:19,39.5000,74,1
2026-03-12,600036,14:50:22,39.4900,317,2
2026-03-12,600036,14:50:25,39.4900,45,2
2026-03-12,600036,14:50:28,39.4900,129,2
2026-03-12,600036,14:50:31,39.5000,432,1
2026-03-12,600036,14:50:34,39.4800,20,2
2026-03-12,600036,14:50:37,39.4900,43,1
2026-03-12,600036,14:50:40,39.4900,121,1
2026-03-12,600036,14:50:43,39.4900,147,1
2026-03-12,600036,14:50:46,39.4800,10,2
2026-03-12,600036,14:50:49,39.4800,71,2
2026-03-12,600036,14:50:52,39.4800,4,2
2026-03-12,600036,14:50:55,39.4900,259,1
2026-03-12,600036,14:50:58,39.4800,166,2
2026-03-12,600036,14:51:01,39.4800,281,2
2026-03-12,600036,14:51:04,39.4800,93,2
2026-03-12,600036,14:51:07,39.4800,430,2
2026-03-12,600036,14:51:10,39.4900,16,1
2026-03-12,600036,14:51:13,39.4800,49,2
2026-03-12,600036,14:51:16,39.4900,51,1
2026-03-12,600036,14:51:19,39.4900,20,1
2026-03-12,600036,14:51:22,39.4900,54,1
2026-03-12,600036,14:51:25,39.4800,12,2
2026-03-12,600036,14:51:28,39.4900,81,1
2026-03-12,600036,14:51:31,39.4800,107,2
2026-03-12,600036,14:51:34,39.4900,8,1
2026-03-12,600036,14:51:37,39.4900,14,1
2026-03-12,600036,14:51:40,39.4800,92,2
2026-03-12,600036,14:51:43,39.4800,19,2
2026-03-12,600036,14:51:46,39.4800,28,2
2026-03-12,600036,14:51:49,39.4800,20,2
2026-03-12,600036,14:51:52,39.4900,44,1
2026-03-12,600036,14:51:55,39.4900,153,1
2026-03-12,600036,14:51:58,39.4900,43,1
2026-03-12,600036,14:52:01,39.4800,126,2
2026-03-12,600036,14:52:04,39.4900,62,1
2026-03-12,600036,14:52:07,39.4900,113,1
2026-03-12,600036,14:52:10,39.4800,64,2
2026-03-12,600036,14:52:13,39.4900,31,1
2026-03-12,600036,14:52:16,39.4800,81,2
2026-03-12,600036,14:52:19,39.4800,98,2
2026-03-12,600036,14:52:22,39.4800,53,2
2026-03-12,600036,14:52:25,39.4900,73,1
2026-03-12,600036,14:52:28,39.4800,30,2
2026-03-12,600036,14:52:31,39.4900,29,1
2026-03-12,600036,14:52:34,39.4800,57,2
2026-03-12,600036,14:52:37,39.4900,172,1
2026-03-12,600036,14:52:40,39.4800,37,2
2026-03-12,600036,14:52:43,39.4800,227,2
2026-03-12,600036,14:52:46,39.4900,108,1
2026-03-12,600036,14:52:49,39.4900,61,1
2026-03-12,600036,14:52:52,39.4800,77,2
2026-03-12,600036,14:52:55,39.4800,143,2
2026-03-12,600036,14:52:58,39.4900,32,1
2026-03-12,600036,14:53:01,39.4900,421,1
2026-03-12,600036,14:53:04,39.4900,197,1
2026-03-12,600036,14:53:07,39.4900,23,1
2026-03-12,600036,14:53:10,39.4800,208,2
2026-03-12,600036,14:53:13,39.4900,87,1
2026-03-12,600036,14:53:16,39.4800,94,2
2026-03-12,600036,14:53:19,39.4800,44,1
2026-03-12,600036,14:53:22,39.4800,107,1
2026-03-12,600036,14:53:25,39.4800,40,1
2026-03-12,600036,14:53:28,39.4700,61,2
2026-03-12,600036,14:53:31,39.4700,462,2
2026-03-12,600036,14:53:34,39.4800,66,1
2026-03-12,600036,14:53:37,39.4700,90,2
2026-03-12,600036,14:53:40,39.4700,36,2
2026-03-12,600036,14:53:43,39.4800,56,1
2026-03-12,600036,14:53:46,39.4700,65,2
2026-03-12,600036,14:53:49,39.4800,136,1
2026-03-12,600036,14:53:52,39.4700,93,2
2026-03-12,600036,14:53:55,39.4800,12,1
2026-03-12,600036,14:53:58,39.4700,108,2
2026-03-12,600036,14:54:01,39.4800,861,1
2026-03-12,600036,14:54:04,39.4700,100,2
2026-03-12,600036,14:54:07,39.4700,20,2
2026-03-12,600036,14:54:10,39.4700,61,2
2026-03-12,600036,14:54:13,39.4700,98,2
2026-03-12,600036,14:54:16,39.4800,115,1
2026-03-12,600036,14:54:19,39.4800,129,1
2026-03-12,600036,14:54:22,39.4700,51,2
2026-03-12,600036,14:54:25,39.4800,67,1
2026-03-12,600036,14:54:28,39.4700,60,2
2026-03-12,600036,14:54:31,39.4800,68,1
2026-03-12,600036,14:54:34,39.4800,124,1
2026-03-12,600036,14:54:37,39.4800,110,1
2026-03-12,600036,14:54:40,39.4700,141,2
2026-03-12,600036,14:54:43,39.4700,207,2
2026-03-12,600036,14:54:46,39.4800,363,1
2026-03-12,600036,14:54:49,39.4700,60,2
2026-03-12,600036,14:54:52,39.4700,36,1
2026-03-12,600036,14:54:55,39.4700,213,1
2026-03-12,600036,14:54:58,39.4800,158,1
2026-03-12,600036,14:55:01,39.4700,115,2
2026-03-12,600036,14:55:04,39.4700,50,2
2026-03-12,600036,14:55:07,39.4700,49,2
2026-03-12,600036,14:55:10,39.4700,68,1
2026-03-12,600036,14:55:13,39.4600,53,2
2026-03-12,600036,14:55:16,39.4700,2118,1
2026-03-12,600036,14:55:19,39.4700,141,2
2026-03-12,600036,14:55:22,39.4700,73,2
2026-03-12,600036,14:55:25,39.4800,31,1
2026-03-12,600036,14:55:28,39.4800,43,1
2026-03-12,600036,14:55:31,39.4800,604,1
2026-03-12,600036,14:55:34,39.4700,232,2
2026-03-12,600036,14:55:37,39.4600,253,2
2026-03-12,600036,14:55:40,39.4600,276,2
2026-03-12,600036,14:55:43,39.4600,108,2
2026-03-12,600036,14:55:46,39.4700,161,1
2026-03-12,600036,14:55:49,39.4600,73,2
2026-03-12,600036,14:55:52,39.4600,146,2
2026-03-12,600036,14:55:55,39.4600,104,2
2026-03-12,600036,14:55:58,39.4600,135,2
2026-03-12,600036,14:56:01,39.4700,593,1
2026-03-12,600036,14:56:04,39.4600,190,1
2026-03-12,600036,14:56:07,39.4600,33,4
2026-03-12,600036,14:56:10,39.4600,37,2
2026-03-12,600036,14:56:13,39.4700,579,1
2026-03-12,600036,14:56:16,39.4800,83,1
2026-03-12,600036,14:56:19,39.4800,97,1
2026-03-12,600036,14:56:22,39.4700,133,2
2026-03-12,600036,14:56:25,39.4800,41,1
2026-03-12,600036,14:56:28,39.4800,99,1
2026-03-12,600036,14:56:31,39.4700,84,2
2026-03-12,600036,14:56:34,39.4700,47,2
2026-03-12,600036,14:56:37,39.4800,37,1
2026-03-12,600036,14:56:40,39.4700,23,2
2026-03-12,600036,14:56:43,39.4700,55,1
2026-03-12,600036,14:56:46,39.4700,98,2
2026-03-12,600036,14:56:49,39.4800,10,1
2026-03-12,600036,14:56:52,39.4700,84,2
2026-03-12,600036,14:56:55,39.4700,131,1
2026-03-12,600036,14:56:58,39.4700,2,2
2026-03-12,600036,14:57:01,39.4800,2,1
2026-03-12,600036,15:00:04,39.5000,10556,4
2026-03-12,600036,13:13:55,39.4200,39,2
2026-03-12,600036,13:13:58,39.4200,94,2
2026-03-12,600036,13:14:01,39.4300,38,1
2026-03-12,600036,13:14:04,39.4200,201,2
2026-03-12,600036,13:14:07,39.4200,27,2
2026-03-12,600036,13:14:10,39.4100,24,2
2026-03-12,600036,13:14:16,39.4100,2,2
2026-03-12,600036,13:14:19,39.4100,45,2
2026-03-12,600036,13:14:22,39.4200,44,1
2026-03-12,600036,13:14:25,39.4100,52,2
2026-03-12,600036,13:14:28,39.4100,113,2
2026-03-12,600036,13:14:31,39.4100,298,2
2026-03-12,600036,13:14:34,39.4100,214,2
2026-03-12,600036,13:14:37,39.4000,60,2
2026-03-12,600036,13:14:43,39.4000,39,2
2026-03-12,600036,13:14:46,39.4200,355,1
2026-03-12,600036,13:14:49,39.4100,102,4
2026-03-12,600036,13:14:52,39.4100,25,2
2026-03-12,600036,13:14:55,39.4200,1,1
2026-03-12,600036,13:15:01,39.4200,25,1
2026-03-12,600036,13:15:04,39.4100,78,2
2026-03-12,600036,13:15:07,39.4100,11,1
2026-03-12,600036,13:15:10,39.4000,167,2
2026-03-12,600036,13:15:13,39.4000,32,1
2026-03-12,600036,13:15:16,39.3900,11,2
2026-03-12,600036,13:15:19,39.4000,291,1
2026-03-12,600036,13:15:22,39.4000,5,2
2026-03-12,600036,13:15:25,39.3900,261,2
2026-03-12,600036,13:15:28,39.4000,25,1
2026-03-12,600036,13:15:31,39.3900,147,2
2026-03-12,600036,13:15:34,39.4000,135,1
2026-03-12,600036,13:15:37,39.4000,9,1
2026-03-12,600036,13:15:40,39.3900,24,2
2026-03-12,600036,13:15:43,39.4000,106,1
2026-03-12,600036,13:15:46,39.4000,70,2
2026-03-12,600036,13:15:49,39.4000,39,2
2026-03-12,600036,13:15:52,39.4100,150,1
2026-03-12,600036,13:15:55,39.4000,56,2
2026-03-12,600036,13:15:58,39.4000,72,2
2026-03-12,600036,13:16:01,39.4200,9,1
2026-03-12,600036,13:16:04,39.4000,59,2
2026-03-12,600036,13:16:07,39.4100,14,1
2026-03-12,600036,13:16:10,39.4200,175,1
2026-03-12,600036,13:16:13,39.4200,21,1
2026-03-12,600036,13:16:16,39.4200,32,2
2026-03-12,600036,13:16:19,39.4100,172,2
2026-03-12,600036,13:16:22,39.4100,44,1
2026-03-12,600036,13:16:25,39.4100,16,2
2026-03-12,600036,13:16:28,39.4100,54,1
2026-03-12,600036,13:16:31,39.4000,29,2
2026-03-12,600036,13:16:34,39.4000,89,2
2026-03-12,600036,13:16:37,39.4000,28,2
2026-03-12,600036,13:16:40,39.4100,96,1
2026-03-12,600036,13:16:43,39.4000,45,2
2026-03-12,600036,13:16:46,39.4100,120,1
2026-03-12,600036,13:16:49,39.4000,3,1
2026-03-12,600036,13:16:52,39.3900,8,2
2026-03-12,600036,13:16:58,39.3900,76,2
2026-03-12,600036,13:17:01,39.4000,164,1
2026-03-12,600036,13:17:04,39.3900,278,2
2026-03-12,600036,13:17:07,39.4000,1,4
2026-03-12,600036,13:17:10,39.4100,112,1
2026-03-12,600036,13:17:13,39.4100,35,1
2026-03-12,600036,13:17:16,39.4100,1,1
2026-03-12,600036,13:17:19,39.4100,85,1
2026-03-12,600036,13:17:22,39.4100,108,1
2026-03-12,600036,13:17:25,39.4000,5,2
2026-03-12,600036,13:17:28,39.4100,4,1
2026-03-12,600036,13:17:31,39.4000,20,2
2026-03-12,600036,13:17:37,39.4100,108,1
2026-03-12,600036,13:17:40,39.4100,3,1
2026-03-12,600036,13:17:43,39.4100,100,1
2026-03-12,600036,13:17:46,39.4000,57,2
2026-03-12,600036,13:17:49,39.4100,19,1
2026-03-12,600036,13:17:52,39.4100,13,1
2026-03-12,600036,13:17:55,39.4100,2,1
2026-03-12,600036,13:17:58,39.4100,39,1
2026-03-12,600036,13:18:01,39.4100,3,1
2026-03-12,600036,13:18:04,39.4100,12,1
2026-03-12,600036,13:18:07,39.4000,3,2
2026-03-12,600036,13:18:10,39.4100,28,1
2026-03-12,600036,13:18:13,39.4000,10,2
2026-03-12,600036,13:18:16,39.4100,3,1
2026-03-12,600036,13:18:19,39.4000,235,2
2026-03-12,600036,13:18:22,39.4100,13,1
2026-03-12,600036,13:18:25,39.4000,76,2
2026-03-12,600036,13:18:28,39.4100,13,1
2026-03-12,600036,13:18:31,39.4000,7,2
2026-03-12,600036,13:18:34,39.4100,7,1
2026-03-12,600036,13:18:37,39.4100,5,1
2026-03-12,600036,13:18:40,39.4100,7,1
2026-03-12,600036,13:18:43,39.4100,7,1
2026-03-12,600036,13:18:46,39.4100,7,1
2026-03-12,600036,13:18:49,39.4000,5,2
2026-03-12,600036,13:18:52,39.4000,57,2
2026-03-12,600036,13:18:55,39.4000,74,2
2026-03-12,600036,13:18:58,39.4100,55,1
2026-03-12,600036,13:19:01,39.4100,30,1
2026-03-12,600036,13:19:04,39.4000,408,2
2026-03-12,600036,13:19:07,39.4000,84,2
2026-03-12,600036,13:19:10,39.4000,178,2
2026-03-12,600036,13:19:13,39.4100,238,1
2026-03-12,600036,13:19:16,39.4100,78,1
2026-03-12,600036,13:19:19,39.4000,490,2
2026-03-12,600036,13:19:22,39.4000,94,1
2026-03-12,600036,13:19:25,39.3800,111,2
2026-03-12,600036,13:19:28,39.3900,609,1
2026-03-12,600036,13:19:31,39.4000,30,1
2026-03-12,600036,13:19:34,39.4000,3,1
2026-03-12,600036,13:19:37,39.4000,60,1
2026-03-12,600036,13:19:40,39.3900,204,2
2026-03-12,600036,13:19:43,39.4000,252,1
2026-03-12,600036,13:19:46,39.4000,20,2
2026-03-12,600036,13:19:49,39.4000,42,2
2026-03-12,600036,13:19:52,39.4000,38,2
2026-03-12,600036,13:19:55,39.4100,49,1
2026-03-12,600036,13:19:58,39.4000,90,2
2026-03-12,600036,13:20:01,39.3900,8,2
2026-03-12,600036,13:20:07,39.3900,34,2
2026-03-12,600036,13:20:10,39.3900,77,2
2026-03-12,600036,13:20:13,39.4000,198,1
2026-03-12,600036,13:20:16,39.3900,5,2
2026-03-12,600036,13:20:19,39.4000,23,1
2026-03-12,600036,13:20:22,39.4000,17,1
2026-03-12,600036,13:20:25,39.4200,1347,1
2026-03-12,600036,13:20:28,39.4000,49,2
2026-03-12,600036,13:20:31,39.4100,94,1
2026-03-12,600036,13:20:34,39.4100,19,1
2026-03-12,600036,13:20:37,39.4000,29,2
2026-03-12,600036,13:20:40,39.4100,17,1
2026-03-12,600036,13:20:43,39.4100,13,1
2026-03-12,600036,13:20:46,39.4000,53,2
2026-03-12,600036,13:20:49,39.4000,3,2
2026-03-12,600036,13:20:52,39.4000,411,2
2026-03-12,600036,13:20:55,39.4000,14,2
2026-03-12,600036,13:20:58,39.4000,59,2
2026-03-12,600036,13:21:01,39.4000,71,2
2026-03-12,600036,13:21:04,39.4000,5,2
2026-03-12,600036,13:21:07,39.4000,6,2
2026-03-12,600036,13:21:10,39.4000,82,2
2026-03-12,600036,13:21:13,39.4000,56,2
2026-03-12,600036,13:21:16,39.4000,54,2
2026-03-12,600036,13:21:19,39.3900,206,2
2026-03-12,600036,13:21:22,39.4000,35,1
2026-03-12,600036,13:21:25,39.3900,51,2
2026-03-12,600036,13:21:28,39.3900,19,2
2026-03-12,600036,13:21:31,39.3900,196,2
2026-03-12,600036,13:21:34,39.3900,7,2
2026-03-12,600036,13:21:37,39.3900,13,2
2026-03-12,600036,13:21:40,39.4000,32,1
2026-03-12,600036,13:21:43,39.4000,33,1
2026-03-12,600036,13:21:46,39.3900,146,2
2026-03-12,600036,13:21:49,39.3900,105,2
2026-03-12,600036,13:21:52,39.3900,41,2
2026-03-12,600036,13:21:55,39.3900,214,1
2026-03-12,600036,13:21:58,39.3900,197,2
2026-03-12,600036,13:22:01,39.3900,157,1
2026-03-12,600036,13:22:04,39.3900,137,1
2026-03-12,600036,13:22:07,39.3800,8,2
2026-03-12,600036,13:22:10,39.3900,1,1
2026-03-12,600036,13:22:13,39.3800,5545,2
2026-03-12,600036,13:22:16,39.3700,597,1
2026-03-12,600036,13:22:19,39.3600,584,4
2026-03-12,600036,13:22:22,39.3900,200,1
2026-03-12,600036,13:22:25,39.3600,50,2
2026-03-12,600036,13:22:28,39.3700,2,1
2026-03-12,600036,13:22:31,39.3700,11,1
2026-03-12,600036,13:22:34,39.3700,26,1
2026-03-12,600036,13:22:37,39.3600,1,2
2026-03-12,600036,13:22:43,39.3700,54,1
2026-03-12,600036,13:22:46,39.3700,122,1
2026-03-12,600036,13:22:49,39.3600,6,2
2026-03-12,600036,13:22:52,39.3700,213,1
2026-03-12,600036,13:22:55,39.3800,21,1
2026-03-12,600036,13:22:58,39.3700,2,2
2026-03-12,600036,13:23:01,39.3700,58,2
2026-03-12,600036,13:23:04,39.3700,28,2
2026-03-12,600036,13:23:07,39.3700,19,2
2026-03-12,600036,13:23:10,39.3700,7,2
2026-03-12,600036,13:23:13,39.3800,33,1
2026-03-12,600036,13:23:16,39.3800,78,1
2026-03-12,600036,13:23:19,39.3800,1,1
2026-03-12,600036,13:23:22,39.3800,32,1
2026-03-12,600036,13:23:25,39.3800,3,1
2026-03-12,600036,13:23:28,39.3800,31,1
2026-03-12,600036,13:23:31,39.3800,23,1
2026-03-12,600036,13:23:34,39.3800,40,1
2026-03-12,600036,13:23:37,39.3800,214,1
2026-03-12,600036,13:23:40,39.3800,15,2
2026-03-12,600036,13:23:43,39.3800,179,2
2026-03-12,600036,13:23:46,39.3900,7,1
2026-03-12,600036,13:23:49,39.3800,1,2
2026-03-12,600036,13:23:52,39.3900,7,1
2026-03-12,600036,13:23:58,39.3800,65,2
2026-03-12,600036,13:24:01,39.3800,126,2
2026-03-12,600036,13:24:04,39.3800,18,2
2026-03-12,600036,13:24:07,39.3800,71,2
2026-03-12,600036,13:24:10,39.3800,81,2
2026-03-12,600036,13:24:13,39.3800,2,2
2026-03-12,600036,13:24:16,39.3800,88,2
2026-03-12,600036,13:24:22,39.3900,35,1
2026-03-12,600036,13:24:28,39.3900,18,1
2026-03-12,600036,13:24:31,39.3800,12,2
2026-03-12,600036,13:24:34,39.3900,683,1
2026-03-12,600036,13:24:37,39.3900,110,1
2026-03-12,600036,13:24:40,39.4000,24,1
2026-03-12,600036,13:24:46,39.4000,108,1
2026-03-12,600036,13:24:49,39.4000,2,1
2026-03-12,600036,13:24:52,39.4000,19,1
2026-03-12,600036,13:24:55,39.3900,50,2
2026-03-12,600036,13:24:58,39.3900,54,2
2026-03-12,600036,13:25:01,39.3900,4,2
2026-03-12,600036,13:25:04,39.4000,35,1
2026-03-12,600036,13:25:07,39.3800,362,2
2026-03-12,600036,13:25:10,39.3900,80,4
2026-03-12,600036,13:25:13,39.3800,5,2
2026-03-12,600036,13:25:16,39.3900,74,1
2026-03-12,600036,13:25:19,39.3800,62,2
2026-03-12,600036,13:25:25,39.3900,33,1
2026-03-12,600036,13:25:28,39.3800,70,2
2026-03-12,600036,13:25:31,39.3900,56,1
2026-03-12,600036,13:25:37,39.3800,42,2
2026-03-12,600036,13:25:40,39.3900,58,1
2026-03-12,600036,13:25:43,39.3800,22,2
2026-03-12,600036,13:25:46,39.3800,12,2
2026-03-12,600036,13:25:49,39.3800,265,2
2026-03-12,600036,13:25:52,39.3800,367,2
2026-03-12,600036,13:25:55,39.3800,69,2
2026-03-12,600036,13:25:58,39.3800,23,2
2026-03-12,600036,13:26:01,39.3900,55,1
2026-03-12,600036,13:26:04,39.3800,45,2
2026-03-12,600036,13:26:07,39.3800,92,2
2026-03-12,600036,13:26:10,39.3900,1,1
2026-03-12,600036,13:26:13,39.3900,63,1
2026-03-12,600036,13:26:16,39.3900,221,1
2026-03-12,600036,13:26:19,39.3900,18,1
2026-03-12,600036,13:26:22,39.3800,8,2
2026-03-12,600036,13:26:25,39.3900,38,1
2026-03-12,600036,13:26:28,39.3900,16,1
2026-03-12,600036,13:26:31,39.3800,5,2
2026-03-12,600036,13:26:34,39.3900,1,1
2026-03-12,600036,13:26:37,39.3800,40,2
2026-03-12,600036,13:26:40,39.3900,2,1
2026-03-12,600036,13:26:43,39.3800,51,2
2026-03-12,600036,13:26:46,39.3800,15,2
2026-03-12,600036,13:26:49,39.3800,2,2
2026-03-12,600036,13:26:52,39.3800,35,2
2026-03-12,600036,13:26:58,39.3800,31,2
2026-03-12,600036,13:27:01,39.3900,33,1
2026-03-12,600036,13:27:04,39.3800,293,2
2026-03-12,600036,13:27:07,39.3900,21,1
2026-03-12,600036,13:27:10,39.3700,294,2
2026-03-12,600036,13:27:13,39.3800,5,2
2026-03-12,600036,13:27:16,39.3900,2,1
2026-03-12,600036,13:27:19,39.3800,58,2
2026-03-12,600036,13:27:22,39.3800,4,2
2026-03-12,600036,13:27:25,39.3800,17,2
2026-03-12,600036,13:27:28,39.3800,3,2
2026-03-12,600036,13:27:31,39.3900,21,1
2026-03-12,600036,13:27:34,39.3800,33,2
2026-03-12,600036,13:27:37,39.3700,64,2
2026-03-12,600036,13:27:40,39.3800,55,4
2026-03-12,600036,13:27:43,39.3800,10,1
2026-03-12,600036,13:27:46,39.3800,22,1
2026-03-12,600036,13:27:49,39.3800,17,1
2026-03-12,600036,13:27:52,39.3800,26,1
2026-03-12,600036,13:27:55,39.3800,4,1
2026-03-12,600036,13:27:58,39.3700,124,2
2026-03-12,600036,13:28:01,39.3700,70,2
2026-03-12,600036,13:28:04,39.3700,57,2
2026-03-12,600036,13:28:07,39.3700,70,2
2026-03-12,600036,13:28:10,39.3800,28,1
2026-03-12,600036,13:28:13,39.3800,2,1
2026-03-12,600036,13:28:19,39.3800,1,1
2026-03-12,600036,13:28:22,39.3800,11,1
2026-03-12,600036,13:28:25,39.3700,10,2
2026-03-12,600036,13:28:28,39.3700,36,2
2026-03-12,600036,13:28:31,39.3700,246,2
2026-03-12,600036,13:28:34,39.3700,4,2
2026-03-12,600036,13:28:37,39.3700,63,2
2026-03-12,600036,13:28:40,39.3700,30,2
2026-03-12,600036,13:28:46,39.3700,19,2
2026-03-12,600036,13:28:49,39.3700,394,2
2026-03-12,600036,13:28:52,39.3700,9,4
2026-03-12,600036,13:28:55,39.3600,5,2
2026-03-12,600036,13:28:58,39.3700,155,1
2026-03-12,600036,13:29:01,39.3700,9,2
2026-03-12,600036,13:29:04,39.3700,2,2
2026-03-12,600036,13:29:07,39.3700,84,2
2026-03-12,600036,13:29:10,39.3700,3,2
2026-03-12,600036,13:29:13,39.3800,478,1
2026-03-12,600036,13:29:16,39.3900,181,1
2026-03-12,600036,13:29:19,39.3800,102,2
2026-03-12,600036,13:29:25,39.3800,27,2
2026-03-12,600036,13:29:28,39.3900,16,1
2026-03-12,600036,13:29:31,39.3900,5,1
2026-03-12,600036,13:29:34,39.3900,32,1
2026-03-12,600036,13:29:37,39.3800,54,2
2026-03-12,600036,13:29:40,39.3800,22,2
2026-03-12,600036,13:29:43,39.3800,5,2
2026-03-12,600036,13:29:46,39.3900,3,1
2026-03-12,600036,13:29:49,39.3900,21,1
2026-03-12,600036,13:29:52,39.3800,1,2
2026-03-12,600036,13:29:55,39.3800,36,2
2026-03-12,600036,13:30:01,39.3800,2,2
2026-03-12,600036,13:30:04,39.3900,76,1
2026-03-12,600036,13:30:07,39.3900,2,1
2026-03-12,600036,13:30:10,39.3800,5,2
2026-03-12,600036,13:30:13,39.3800,3,2
2026-03-12,600036,13:30:16,39.3800,58,2
2026-03-12,600036,13:30:19,39.3900,241,1
2026-03-12,600036,13:30:22,39.3900,67,1
2026-03-12,600036,13:30:28,39.3900,14,2
2026-03-12,600036,13:30:31,39.4000,685,1
2026-03-12,600036,13:30:34,39.3900,363,2
2026-03-12,600036,13:30:37,39.4000,80,1
2026-03-12,600036,13:30:40,39.3900,63,2
2026-03-12,600036,13:30:43,39.3900,20,2
2026-03-12,600036,13:30:46,39.4000,180,1
2026-03-12,600036,13:30:49,39.4000,81,1
2026-03-12,600036,13:30:52,39.3900,57,2
2026-03-12,600036,13:30:55,39.4000,43,1
2026-03-12,600036,13:30:58,39.4100,30,1
2026-03-12,600036,13:31:01,39.4100,123,1
2026-03-12,600036,13:31:04,39.4100,75,1
2026-03-12,600036,13:31:07,39.4200,30,1
2026-03-12,600036,13:31:10,39.4200,53,1
2026-03-12,600036,13:31:13,39.4200,28,1
2026-03-12,600036,13:31:16,39.4200,803,1
2026-03-12,600036,13:31:19,39.4300,140,1
2026-03-12,600036,13:31:22,39.4400,84,1
2026-03-12,600036,13:31:25,39.4400,53,1
2026-03-12,600036,13:31:28,39.4300,2,2
2026-03-12,600036,13:31:34,39.4300,23,2
2026-03-12,600036,13:31:37,39.4300,44,2
2026-03-12,600036,13:31:40,39.4300,6,2
2026-03-12,600036,13:31:43,39.4300,3,2
2026-03-12,600036,13:31:46,39.4300,28,2
2026-03-12,600036,13:31:49,39.4300,14,2
2026-03-12,600036,13:31:52,39.4300,208,2
2026-03-12,600036,13:31:55,39.4200,269,2
2026-03-12,600036,13:31:58,39.4200,88,2
2026-03-12,600036,13:32:01,39.4100,186,2
2026-03-12,600036,13:32:04,39.4200,145,1
2026-03-12,600036,13:32:07,39.4300,12,1
2026-03-12,600036,13:32:10,39.4200,78,2
2026-03-12,600036,13:32:13,39.4200,4,2
2026-03-12,600036,13:32:16,39.4200,10,2
2026-03-12,600036,13:32:19,39.4300,38,1
2026-03-12,600036,13:32:22,39.4400,513,1
2026-03-12,600036,13:32:28,39.4400,1,2
2026-03-12,600036,13:32:31,39.4500,40,1
2026-03-12,600036,13:32:34,39.4500,5,1
2026-03-12,600036,13:32:37,39.4500,49,1
2026-03-12,600036,13:32:40,39.4500,5,1
2026-03-12,600036,13:32:43,39.4500,11,1
2026-03-12,600036,13:32:46,39.4500,31,1
2026-03-12,600036,13:32:49,39.4500,10,1
2026-03-12,600036,13:32:52,39.4400,36,2
2026-03-12,600036,13:32:55,39.4500,1,1
2026-03-12,600036,13:32:58,39.4400,23,4
2026-03-12,600036,13:33:01,39.4400,48,1
2026-03-12,600036,13:33:04,39.4500,4,1
2026-03-12,600036,13:33:07,39.4400,375,2
2026-03-12,600036,13:33:10,39.4400,24,2
2026-03-12,600036,13:33:13,39.4500,5,1
2026-03-12,600036,13:33:16,39.4400,30,2
2026-03-12,600036,13:33:19,39.4400,8,2
2026-03-12,600036,13:33:22,39.4500,12,1
2026-03-12,600036,13:33:28,39.4400,44,2
2026-03-12,600036,13:33:34,39.4600,383,1
2026-03-12,600036,13:33:37,39.4600,98,2
2026-03-12,600036,13:33:40,39.4700,5,1
2026-03-12,600036,13:33:43,39.4600,54,2
2026-03-12,600036,13:33:46,39.4800,396,1
2026-03-12,600036,13:33:49,39.4800,83,1
2026-03-12,600036,13:33:52,39.4800,93,1
2026-03-12,600036,13:33:58,39.4800,17,1
2026-03-12,600036,13:34:01,39.4800,17,1
2026-03-12,600036,13:34:04,39.4800,3,1
2026-03-12,600036,13:34:07,39.4800,24,1
2026-03-12,600036,13:34:10,39.4800,34,1
2026-03-12,600036,13:34:13,39.4800,18,1
2026-03-12,600036,13:34:16,39.4700,3,2
2026-03-12,600036,13:34:19,39.4700,40,2
2026-03-12,600036,13:34:22,39.4700,72,2
2026-03-12,600036,13:34:25,39.4800,89,1
2026-03-12,600036,13:34:28,39.4800,15,1
2026-03-12,600036,13:34:31,39.4700,27,2
2026-03-12,600036,13:34:34,39.4800,56,1
2026-03-12,600036,13:34:37,39.4800,10,1
2026-03-12,600036,13:34:40,39.4800,284,1
2026-03-12,600036,13:34:43,39.4900,84,1
2026-03-12,600036,13:34:46,39.4900,12,1
2026-03-12,600036,13:34:49,39.4900,1,1
2026-03-12,600036,13:34:52,39.4900,16,1
2026-03-12,600036,13:34:55,39.4800,145,2
2026-03-12,600036,13:34:58,39.4900,107,1
2026-03-12,600036,13:35:01,39.4800,228,2
2026-03-12,600036,13:35:04,39.4700,125,2
2026-03-12,600036,13:35:07,39.4800,142,1
2026-03-12,600036,13:35:10,39.4800,60,1
2026-03-12,600036,13:35:13,39.4800,5,1
2026-03-12,600036,13:35:16,39.4700,58,2
2026-03-12,600036,13:35:19,39.4700,30,2
2026-03-12,600036,13:35:22,39.4600,22,2
2026-03-12,600036,13:35:25,39.4800,197,1
2026-03-12,600036,13:35:28,39.4700,9,2
2026-03-12,600036,13:35:31,39.4700,16,2
2026-03-12,600036,13:35:34,39.4700,28,2
2026-03-12,600036,13:35:37,39.4800,11,1
2026-03-12,600036,13:35:40,39.4700,5,2
2026-03-12,600036,13:35:43,39.4800,2,1
2026-03-12,600036,13:35:46,39.4700,46,2
2026-03-12,600036,13:35:49,39.4700,183,2
2026-03-12,600036,13:35:52,39.4700,107,2
2026-03-12,600036,13:35:55,39.4800,27,1
2026-03-12,600036,13:35:58,39.4800,219,1
2026-03-12,600036,13:36:01,39.4800,38,2
2026-03-12,600036,13:36:07,39.4900,13,1
2026-03-12,600036,13:36:13,39.4900,29,1
2026-03-12,600036,13:36:16,39.4800,104,2
2026-03-12,600036,13:36:19,39.4900,47,1
2026-03-12,600036,13:36:22,39.4800,91,2
2026-03-12,600036,13:36:25,39.4800,19,2
2026-03-12,600036,13:36:28,39.4800,6,2
2026-03-12,600036,13:36:31,39.4800,6,2
2026-03-12,600036,13:36:34,39.4900,80,1
2026-03-12,600036,13:36:37,39.4900,140,1
2026-03-12,600036,13:36:40,39.4900,505,1
2026-03-12,600036,13:36:43,39.4800,5,2
2026-03-12,600036,13:36:46,39.4800,66,2
2026-03-12,600036,13:36:49,39.4900,6,1
2026-03-12,600036,13:36:52,39.4800,409,2
2026-03-12,600036,13:36:55,39.4800,90,2
2026-03-12,600036,13:36:58,39.4800,144,2
2026-03-12,600036,13:37:01,39.4800,12,2
2026-03-12,600036,13:37:10,39.4800,5,1
2026-03-12,600036,13:37:13,39.4700,1,2
2026-03-12,600036,13:37:16,39.4700,105,2
2026-03-12,600036,13:37:19,39.4700,16,2
2026-03-12,600036,13:37:22,39.4800,245,1
2026-03-12,600036,13:37:25,39.4800,73,2
2026-03-12,600036,13:37:28,39.4900,27,1
2026-03-12,600036,13:37:31,39.4800,7,2
2026-03-12,600036,13:37:34,39.4900,222,1
2026-03-12,600036,13:37:37,39.5000,54,1
2026-03-12,600036,13:37:40,39.4900,6,2
2026-03-12,600036,13:37:43,39.5000,106,1
2026-03-12,600036,13:37:46,39.5000,2926,1
2026-03-12,600036,13:37:49,39.5100,1635,1
2026-03-12,600036,13:37:52,39.5100,186,1
2026-03-12,600036,13:37:55,39.5000,433,2
2026-03-12,600036,13:37:58,39.5100,35,1
2026-03-12,600036,13:38:01,39.5000,28,2
2026-03-12,600036,13:38:04,39.5000,170,2
2026-03-12,600036,13:38:07,39.5000,32,2
2026-03-12,600036,13:38:10,39.4900,38,2
2026-03-12,600036,13:38:13,39.5000,44,1
2026-03-12,600036,13:38:16,39.4900,45,2
2026-03-12,600036,13:38:19,39.5000,42,1
2026-03-12,600036,13:38:22,39.4900,33,2
2026-03-12,600036,13:38:25,39.4900,3,2
2026-03-12,600036,13:38:28,39.5000,22,1
2026-03-12,600036,13:38:31,39.4900,5,2
2026-03-12,600036,13:38:34,39.5000,22,1
2026-03-12,600036,13:38:37,39.5000,54,1
2026-03-12,600036,13:38:40,39.5000,66,1
2026-03-12,600036,13:38:43,39.4900,33,2
2026-03-12,600036,13:38:46,39.4900,12,2
2026-03-12,600036,13:38:49,39.5000,23,1
2026-03-12,600036,13:38:52,39.4900,12,2
2026-03-12,600036,13:38:55,39.5000,42,1
2026-03-12,600036,13:38:58,39.4900,4,2
2026-03-12,600036,13:39:01,39.5000,405,1
2026-03-12,600036,13:39:04,39.4900,28,2
2026-03-12,600036,13:39:07,39.5000,6,1
2026-03-12,600036,13:39:10,39.5000,39,1
2026-03-12,600036,13:39:13,39.4900,45,2
2026-03-12,600036,13:39:16,39.5000,17,1
2026-03-12,600036,13:39:19,39.4900,1,2
2026-03-12,600036,13:39:22,39.4900,48,2
2026-03-12,600036,13:39:25,39.5000,66,1
2026-03-12,600036,13:39:28,39.4900,16,2
2026-03-12,600036,13:39:31,39.5000,96,1
2026-03-12,600036,13:39:34,39.4900,112,2
2026-03-12,600036,13:39:37,39.4900,57,2
2026-03-12,600036,13:39:40,39.5000,57,1
2026-03-12,600036,13:39:43,39.4900,156,2
2026-03-12,600036,13:39:46,39.5000,312,1
2026-03-12,600036,13:39:49,39.5000,30,1
2026-03-12,600036,13:39:52,39.4900,38,2
2026-03-12,600036,13:39:55,39.5000,39,1
2026-03-12,600036,13:39:58,39.4900,27,2
2026-03-12,600036,13:40:01,39.5000,307,1
2026-03-12,600036,13:40:04,39.4900,66,2
2026-03-12,600036,13:40:07,39.5000,568,1
2026-03-12,600036,13:40:10,39.5000,97,1
2026-03-12,600036,13:40:13,39.5000,3,1
2026-03-12,600036,13:40:16,39.4900,114,2
2026-03-12,600036,13:40:19,39.5000,202,1
2026-03-12,600036,13:40:22,39.4900,42,2
2026-03-12,600036,13:40:25,39.5000,102,1
2026-03-12,600036,13:40:28,39.5000,9,1
2026-03-12,600036,13:40:31,39.5000,55,1
2026-03-12,600036,13:40:34,39.4900,35,2
2026-03-12,600036,13:40:37,39.5000,59,1
2026-03-12,600036,13:40:40,39.4900,1,2
2026-03-12,600036,13:40:43,39.5000,38,1
2026-03-12,600036,13:40:46,39.4900,175,2
2026-03-12,600036,13:40:49,39.4900,4,2
2026-03-12,600036,13:40:52,39.5000,48,1
2026-03-12,600036,13:40:58,39.5000,69,1
2026-03-12,600036,13:41:01,39.5000,93,1
2026-03-12,600036,13:41:04,39.4900,46,2
2026-03-12,600036,13:41:07,39.5000,110,1
2026-03-12,600036,13:41:10,39.5000,83,1
2026-03-12,600036,13:41:13,39.5000,61,1
2026-03-12,600036,13:41:16,39.5000,43,1
2026-03-12,600036,13:41:19,39.5000,290,1
2026-03-12,600036,13:41:22,39.5000,29,1
2026-03-12,600036,13:41:25,39.5100,174,1
2026-03-12,600036,13:41:28,39.4900,109,2
2026-03-12,600036,13:41:31,39.5000,15,1
2026-03-12,600036,13:41:34,39.5000,209,1
2026-03-12,600036,13:41:37,39.5000,54,2
2026-03-12,600036,13:41:40,39.5000,27,1
2026-03-12,600036,13:41:43,39.5000,78,1
2026-03-12,600036,13:41:46,39.4900,354,2
2026-03-12,600036,13:41:49,39.4800,96,2
2026-03-12,600036,13:41:52,39.4900,163,1
2026-03-12,600036,13:41:55,39.4900,14,1
2026-03-12,600036,13:41:58,39.4900,183,1
2026-03-12,600036,13:42:01,39.5000,58,1
2026-03-12,600036,13:42:04,39.5000,26,1
2026-03-12,600036,13:42:07,39.5000,2,1
2026-03-12,600036,13:42:10,39.5000,392,1
2026-03-12,600036,13:42:13,39.5000,842,2
2026-03-12,600036,13:42:16,39.5000,41,2
2026-03-12,600036,13:42:19,39.4900,684,2
2026-03-12,600036,13:42:22,39.5000,492,1
2026-03-12,600036,13:42:25,39.4900,50,2
2026-03-12,600036,13:42:28,39.4700,39,2
2026-03-12,600036,13:42:34,39.4800,88,1
2026-03-12,600036,13:42:37,39.4700,12,4
2026-03-12,600036,13:42:40,39.4600,21,2
2026-03-12,600036,13:42:43,39.4700,5,1
2026-03-12,600036,13:42:46,39.4700,43,1
2026-03-12,600036,13:42:49,39.4700,52,1
2026-03-12,600036,13:42:52,39.4700,53,1
2026-03-12,600036,13:42:55,39.4600,123,2
2026-03-12,600036,13:43:01,39.4800,248,1
2026-03-12,600036,13:43:04,39.4900,89,1
2026-03-12,600036,13:43:07,39.4800,43,2
2026-03-12,600036,13:43:10,39.4800,28,2
2026-03-12,600036,13:43:13,39.5000,460,1
2026-03-12,600036,13:43:16,39.4900,79,2
2026-03-12,600036,13:43:19,39.5000,11,4
2026-03-12,600036,13:43:22,39.5000,1,1
2026-03-12,600036,13:43:25,39.5000,1,1
2026-03-12,600036,13:43:34,39.4900,92,2
2026-03-12,600036,13:43:37,39.4900,8,2
2026-03-12,600036,13:43:40,39.4900,10,2
2026-03-12,600036,13:43:43,39.4900,1,2
2026-03-12,600036,13:43:49,39.4900,155,2
2026-03-12,600036,13:43:52,39.4900,79,2
2026-03-12,600036,13:43:55,39.4900,29,2
2026-03-12,600036,13:43:58,39.4900,35,2
2026-03-12,600036,13:44:01,39.5000,316,1
2026-03-12,600036,13:44:04,39.4900,16,4
2026-03-12,600036,13:44:07,39.4900,6,1
2026-03-12,600036,13:44:10,39.4900,126,1
2026-03-12,600036,13:44:13,39.4800,20,2
2026-03-12,600036,13:44:16,39.4900,48,1
2026-03-12,600036,13:44:19,39.4900,74,1
2026-03-12,600036,13:44:22,39.4900,23,1
2026-03-12,600036,13:44:25,39.4800,4,2
2026-03-12,600036,13:44:28,39.4800,70,2
2026-03-12,600036,13:44:31,39.4900,164,1
2026-03-12,600036,13:44:34,39.4900,131,2
2026-03-12,600036,13:44:37,39.4900,27,2
2026-03-12,600036,13:44:40,39.4800,30,2
2026-03-12,600036,13:44:43,39.5000,15,1
2026-03-12,600036,13:44:46,39.4800,10,2
2026-03-12,600036,13:44:49,39.4800,26,2
2026-03-12,600036,13:44:52,39.4900,15,1
2026-03-12,600036,13:44:55,39.4900,24,1
2026-03-12,600036,13:44:58,39.4800,30,2
2026-03-12,600036,13:45:01,39.4800,148,2
2026-03-12,600036,13:45:04,39.4900,36,1
2026-03-12,600036,13:45:07,39.4800,2,2
2026-03-12,600036,13:45:10,39.4900,37,1
2026-03-12,600036,13:45:13,39.4900,15,1
2026-03-12,600036,13:45:16,39.4900,67,1
2026-03-12,600036,13:45:19,39.4900,104,1
2026-03-12,600036,13:45:22,39.4800,178,2
2026-03-12,600036,13:45:28,39.4700,420,2
2026-03-12,600036,13:45:31,39.4700,79,1
2026-03-12,600036,13:45:34,39.4700,15,1
2026-03-12,600036,13:45:40,39.4700,23,1
2026-03-12,600036,13:45:52,39.4700,36,1
2026-03-12,600036,13:45:55,39.4600,6,2
2026-03-12,600036,13:45:58,39.4700,77,1
2026-03-12,600036,13:46:01,39.4700,62,1
2026-03-12,600036,13:46:04,39.4700,68,1
2026-03-12,600036,13:46:07,39.4700,6,1
2026-03-12,600036,13:46:10,39.4700,89,1
2026-03-12,600036,13:46:13,39.4600,5,2
2026-03-12,600036,13:46:16,39.4700,25,1
2026-03-12,600036,13:46:19,39.4700,5,1
2026-03-12,600036,13:46:22,39.4700,101,1
2026-03-12,600036,13:46:25,39.4700,13,1
2026-03-12,600036,13:46:28,39.4700,19,2
2026-03-12,600036,13:46:31,39.4700,45,2
2026-03-12,600036,13:46:34,39.4800,29,1
2026-03-12,600036,13:46:37,39.4700,29,2
2026-03-12,600036,13:46:40,39.4700,16,2
2026-03-12,600036,13:46:43,39.4800,27,1
2026-03-12,600036,13:46:46,39.4800,27,1
2026-03-12,600036,13:46:49,39.4800,3,1
2026-03-12,600036,13:46:52,39.4800,64,1
2026-03-12,600036,13:46:55,39.4700,68,2
2026-03-12,600036,13:46:58,39.4800,6,1
2026-03-12,600036,13:47:01,39.4700,288,2
2026-03-12,600036,13:47:04,39.4800,129,1
2026-03-12,600036,13:47:07,39.4900,14,1
2026-03-12,600036,13:47:10,39.4800,43,2
2026-03-12,600036,13:47:13,39.4900,236,1
2026-03-12,600036,13:47:16,39.4800,34,2
2026-03-12,600036,13:47:19,39.4900,1,4
2026-03-12,600036,13:47:22,39.4800,12,2
2026-03-12,600036,13:47:25,39.4800,47,2
2026-03-12,600036,13:47:28,39.4800,2,2
2026-03-12,600036,13:47:31,39.4800,66,2
2026-03-12,600036,13:47:37,39.4800,51,2
2026-03-12,600036,13:47:40,39.4800,30,2
2026-03-12,600036,13:47:43,39.4800,11,2
2026-03-12,600036,13:47:46,39.4800,210,2
2026-03-12,600036,13:47:49,39.4800,61,2
2026-03-12,600036,13:47:52,39.4900,15,1
2026-03-12,600036,13:47:55,39.4800,85,2
2026-03-12,600036,13:47:58,39.4800,5,2
2026-03-12,600036,13:48:01,39.4900,65,1
2026-03-12,600036,13:48:04,39.4900,29,1
2026-03-12,600036,13:48:07,39.4800,115,2
2026-03-12,600036,13:48:10,39.4900,3,1
2026-03-12,600036,13:48:13,39.5000,150,1
2026-03-12,600036,13:48:16,39.5000,5,1
2026-03-12,600036,13:48:19,39.5000,4,1
2026-03-12,600036,13:48:22,39.5000,18,1
2026-03-12,600036,13:48:28,39.4900,30,2
2026-03-12,600036,13:48:31,39.5000,59,1
2026-03-12,600036,13:48:34,39.5000,1,1
2026-03-12,600036,13:48:37,39.4900,39,2
2026-03-12,600036,13:48:40,39.4900,807,2
2026-03-12,600036,13:48:43,39.5000,5,1
2026-03-12,600036,13:48:46,39.5000,24,1
2026-03-12,600036,13:48:49,39.4900,30,2
2026-03-12,600036,13:48:52,39.4900,10,2
2026-03-12,600036,13:48:55,39.5000,59,1
2026-03-12,600036,13:48:58,39.5000,46,1
2026-03-12,600036,13:49:01,39.5000,84,1
2026-03-12,600036,13:49:04,39.5000,999,1
2026-03-12,600036,13:49:07,39.4900,103,2
2026-03-12,600036,13:49:10,39.4900,26,2
2026-03-12,600036,13:49:13,39.4900,4,2
2026-03-12,600036,13:49:16,39.4900,45,2
2026-03-12,600036,13:49:19,39.5000,196,1
2026-03-12,600036,13:49:22,39.4900,70,2
2026-03-12,600036,13:49:25,39.4900,62,2
2026-03-12,600036,13:49:28,39.5000,17,1
2026-03-12,600036,13:49:31,39.5000,163,1
2026-03-12,600036,13:49:34,39.5000,33,1
2026-03-12,600036,13:49:37,39.4800,32,2
2026-03-12,600036,13:49:40,39.4900,2,4
2026-03-12,600036,13:49:43,39.4900,36,1
2026-03-12,600036,13:49:46,39.4800,2,2
2026-03-12,600036,13:49:49,39.4900,3,1
2026-03-12,600036,13:49:52,39.4900,4,1
2026-03-12,600036,13:49:55,39.4900,29,1
2026-03-12,600036,13:49:58,39.4900,16,1
2026-03-12,600036,13:50:01,39.4800,17,2
2026-03-12,600036,13:50:04,39.4900,1,1
2026-03-12,600036,13:50:07,39.4900,16,1
2026-03-12,600036,13:50:10,39.4900,202,1
2026-03-12,600036,13:50:13,39.4800,33,2
2026-03-12,600036,13:50:16,39.4800,29,2
2026-03-12,600036,13:50:19,39.4800,359,2
2026-03-12,600036,13:50:22,39.4700,372,2
2026-03-12,600036,13:50:25,39.4600,159,2
2026-03-12,600036,13:50:28,39.4600,42,2
2026-03-12,600036,13:50:31,39.4600,11,2
2026-03-12,600036,13:50:34,39.4700,96,1
2026-03-12,600036,13:50:37,39.4600,25,4
2026-03-12,600036,13:50:40,39.4600,37,1
2026-03-12,600036,13:50:43,39.4500,21,2
2026-03-12,600036,13:50:46,39.4500,61,2
2026-03-12,600036,13:50:49,39.4500,51,2
2026-03-12,600036,13:50:52,39.4600,71,1
2026-03-12,600036,13:50:58,39.4600,37,1
2026-03-12,600036,13:51:01,39.4600,157,1
2026-03-12,600036,13:51:04,39.4600,99,1
2026-03-12,600036,13:51:07,39.4700,238,1
2026-03-12,600036,13:51:10,39.4600,24,2
2026-03-12,600036,13:51:13,39.4600,83,2
2026-03-12,600036,13:51:16,39.4700,6,1
2026-03-12,600036,13:51:19,39.4600,109,2
2026-03-12,600036,13:51:22,39.4600,47,1
2026-03-12,600036,13:51:25,39.4600,28,2
2026-03-12,600036,13:51:28,39.4700,109,1
2026-03-12,600036,13:51:31,39.4600,60,4
2026-03-12,600036,13:51:34,39.4600,19,4
2026-03-12,600036,13:51:37,39.4600,4,4
2026-03-12,600036,13:51:40,39.4700,4,1
2026-03-12,600036,13:51:43,39.4700,71,1
2026-03-12,600036,13:51:46,39.4700,155,1
2026-03-12,600036,13:51:52,39.4600,555,2
2026-03-12,600036,13:51:55,39.4600,61,2
2026-03-12,600036,13:51:58,39.4800,213,1
2026-03-12,600036,13:52:01,39.4900,196,1
2026-03-12,600036,13:52:04,39.4800,22,4
2026-03-12,600036,13:52:07,39.4800,12,1
2026-03-12,600036,13:52:10,39.4800,103,1
2026-03-12,600036,13:52:13,39.4800,5,2
2026-03-12,600036,13:52:19,39.4900,30,1
2026-03-12,600036,13:52:22,39.4800,2,2
2026-03-12,600036,13:52:25,39.4900,87,1
2026-03-12,600036,13:52:28,39.4900,16,1
2026-03-12,600036,13:52:31,39.4800,29,2
2026-03-12,600036,13:52:34,39.4800,61,2
2026-03-12,600036,13:52:37,39.4800,32,2
2026-03-12,600036,13:52:40,39.4800,116,2
2026-03-12,600036,13:52:43,39.4700,247,2
2026-03-12,600036,13:52:46,39.4700,274,2
2026-03-12,600036,13:52:49,39.4700,49,2
2026-03-12,600036,13:52:52,39.4600,247,2
2026-03-12,600036,13:52:55,39.4700,87,1
2026-03-12,600036,13:52:58,39.4700,131,1
2026-03-12,600036,13:53:01,39.4900,137,1
2026-03-12,600036,13:53:04,39.4800,117,1
2026-03-12,600036,13:53:07,39.4800,3,1
2026-03-12,600036,13:53:10,39.4800,2,1
2026-03-12,600036,13:53:13,39.4800,2,1
2026-03-12,600036,13:53:16,39.4800,125,1
2026-03-12,600036,13:53:19,39.4800,76,1
2026-03-12,600036,13:53:22,39.4800,9,1
2026-03-12,600036,13:53:25,39.4800,105,1
2026-03-12,600036,13:53:28,39.4800,46,1
2026-03-12,600036,13:53:31,39.4800,35,1
2026-03-12,600036,13:53:34,39.4800,5,1
2026-03-12,600036,13:53:37,39.4800,55,1
2026-03-12,600036,13:53:40,39.4800,8,1
2026-03-12,600036,13:53:43,39.4800,87,1
2026-03-12,600036,13:53:46,39.4700,12,2
2026-03-12,600036,13:53:49,39.4800,24,1
2026-03-12,600036,13:53:52,39.4700,7,2
2026-03-12,600036,13:53:55,39.4700,32,2
2026-03-12,600036,13:53:58,39.4800,41,1
2026-03-12,600036,13:54:01,39.4800,300,1
2026-03-12,600036,13:54:04,39.4900,119,1
2026-03-12,600036,13:54:07,39.4900,166,1
2026-03-12,600036,13:54:10,39.4800,136,1
2026-03-12,600036,13:54:13,39.4800,68,1
2026-03-12,600036,13:54:16,39.4700,63,2
2026-03-12,600036,13:54:19,39.4800,132,1
2026-03-12,600036,13:54:22,39.4700,46,2
2026-03-12,600036,13:54:25,39.4800,1,1
2026-03-12,600036,13:54:28,39.4700,3,2
2026-03-12,600036,13:54:31,39.4800,194,1
2026-03-12,600036,13:54:34,39.4900,50,1
2026-03-12,600036,13:54:37,39.4800,7,1
2026-03-12,600036,13:54:40,39.4800,23,1
2026-03-12,600036,13:54:43,39.4800,54,1
2026-03-12,600036,13:54:46,39.4800,5,1
2026-03-12,600036,13:54:49,39.4800,57,1
2026-03-12,600036,13:54:52,39.4800,3,1
2026-03-12,600036,13:54:55,39.4800,13,1
2026-03-12,600036,13:54:58,39.4800,2,1
2026-03-12,600036,13:55:01,39.4800,97,1
2026-03-12,600036,13:55:04,39.4700,112,2
2026-03-12,600036,13:55:07,39.4800,51,1
2026-03-12,600036,13:55:10,39.4700,54,2
2026-03-12,600036,13:55:13,39.4700,424,2
2026-03-12,600036,13:55:16,39.4700,128,2
2026-03-12,600036,13:55:19,39.4800,50,4
2026-03-12,600036,13:55:22,39.4700,132,2
2026-03-12,600036,13:55:25,39.4600,200,2
2026-03-12,600036,13:55:28,39.4600,120,2
2026-03-12,600036,13:55:34,39.4700,36,1
2026-03-12,600036,13:55:37,39.4700,81,1
2026-03-12,600036,13:55:40,39.4600,112,2
2026-03-12,600036,13:55:43,39.4600,9,1
2026-03-12,600036,13:55:46,39.4500,24,2
2026-03-12,600036,13:55:49,39.4600,12,1
2026-03-12,600036,13:55:52,39.4500,21,2
2026-03-12,600036,13:55:55,39.4500,29,2
2026-03-12,600036,13:55:58,39.4500,4,2
2026-03-12,600036,13:56:01,39.4600,17,1
2026-03-12,600036,13:56:04,39.4500,349,2
2026-03-12,600036,13:56:07,39.4500,20,1
2026-03-12,600036,13:56:10,39.4500,150,1
2026-03-12,600036,13:56:13,39.4400,45,2
2026-03-12,600036,13:56:16,39.4400,18,2
2026-03-12,600036,13:56:19,39.4400,1,2
2026-03-12,600036,13:56:22,39.4400,883,2
2026-03-12,600036,13:56:25,39.4500,340,1
2026-03-12,600036,13:56:28,39.4500,1,2
2026-03-12,600036,13:56:31,39.4500,658,2
2026-03-12,600036,13:56:34,39.4600,3,1
2026-03-12,600036,13:56:37,39.4600,161,1
2026-03-12,600036,13:56:40,39.4500,9,2
2026-03-12,600036,13:56:43,39.4600,5,1
2026-03-12,600036,13:56:46,39.4500,12,2
2026-03-12,600036,13:56:49,39.4500,2,2
2026-03-12,600036,13:56:52,39.4500,15,2
2026-03-12,600036,13:56:55,39.4600,17,1
2026-03-12,600036,13:56:58,39.4600,20,1
2026-03-12,600036,13:57:01,39.4600,73,1
2026-03-12,600036,13:57:04,39.4600,108,1
2026-03-12,600036,13:57:07,39.4500,102,2
2026-03-12,600036,13:57:10,39.4600,89,1
2026-03-12,600036,13:57:13,39.4600,337,2
2026-03-12,600036,13:57:16,39.4600,11,2
2026-03-12,600036,13:57:19,39.4700,131,1
2026-03-12,600036,13:57:22,39.4800,15,1
2026-03-12,600036,13:57:25,39.4700,1,2
2026-03-12,600036,13:57:28,39.4700,3,2
2026-03-12,600036,13:57:31,39.4700,113,2
2026-03-12,600036,13:57:34,39.4700,24,2
2026-03-12,600036,13:57:37,39.4700,106,2
2026-03-12,600036,13:57:40,39.4700,24,2
2026-03-12,600036,13:57:43,39.4700,34,2
2026-03-12,600036,13:57:46,39.4800,42,1
2026-03-12,600036,13:57:49,39.4700,28,2
2026-03-12,600036,13:57:52,39.4700,53,1
2026-03-12,600036,13:57:55,39.4800,270,1
2026-03-12,600036,13:57:58,39.4800,33,2
2026-03-12,600036,13:58:01,39.4800,277,2
2026-03-12,600036,13:58:04,39.4900,6221,1
2026-03-12,600036,13:58:07,39.5000,3514,1
2026-03-12,600036,13:58:10,39.5000,940,2
2026-03-12,600036,13:58:13,39.5000,643,2
2026-03-12,600036,13:58:16,39.5000,297,2
2026-03-12,600036,13:58:19,39.5100,185,2
2026-03-12,600036,13:58:22,39.5000,15,2
2026-03-12,600036,13:58:25,39.5100,2,1
2026-03-12,600036,13:58:28,39.5200,97,1
2026-03-12,600036,13:58:31,39.5100,19,4
2026-03-12,600036,13:58:34,39.5000,36,2
2026-03-12,600036,13:58:37,39.5000,16,2
2026-03-12,600036,13:58:40,39.5100,264,1
2026-03-12,600036,13:58:43,39.5100,22,1
2026-03-12,600036,13:58:46,39.5000,19,2
2026-03-12,600036,13:58:49,39.5000,20,2
2026-03-12,600036,13:58:52,39.4900,27,2
2026-03-12,600036,13:58:55,39.5000,25,1
2026-03-12,600036,13:58:58,39.5000,64,1
2026-03-12,600036,13:59:01,39.4900,34,2
2026-03-12,600036,13:59:04,39.4900,19,2
2026-03-12,600036,13:59:07,39.5000,27,1
2026-03-12,600036,13:59:10,39.4900,63,2
2026-03-12,600036,13:59:13,39.5000,16,1
2026-03-12,600036,13:59:16,39.5000,16,1
2026-03-12,600036,13:59:19,39.5000,2,1
2026-03-12,600036,13:59:22,39.5000,1320,1
2026-03-12,600036,13:59:25,39.5000,44,1
2026-03-12,600036,13:59:28,39.4900,299,2
2026-03-12,600036,13:59:31,39.4900,5,2
2026-03-12,600036,13:59:34,39.4900,50,2
2026-03-12,600036,13:59:37,39.4900,50,2
2026-03-12,600036,13:59:40,39.5000,14,1
2026-03-12,600036,13:59:43,39.4900,106,2
2026-03-12,600036,13:59:46,39.5000,1,1
2026-03-12,600036,13:59:49,39.5000,11,1
2026-03-12,600036,13:59:52,39.4900,59,2
2026-03-12,600036,13:59:55,39.4900,35,2
2026-03-12,600036,13:59:58,39.5000,1,1
2026-03-12,600036,14:00:01,39.5000,4,1
2026-03-12,600036,14:00:04,39.5000,4,1
2026-03-12,600036,14:00:07,39.5000,303,1
2026-03-12,600036,14:00:10,39.5000,90,1
2026-03-12,600036,14:00:13,39.5000,60,1
2026-03-12,600036,14:00:16,39.4900,1,2
2026-03-12,600036,14:00:19,39.4900,13,2
2026-03-12,600036,14:00:22,39.5000,10,1
2026-03-12,600036,14:00:25,39.4900,53,2
2026-03-12,600036,14:00:28,39.4900,1,2
2026-03-12,600036,14:00:31,39.4900,30,2
2026-03-12,600036,14:00:34,39.5000,30,1
2026-03-12,600036,14:00:37,39.5000,1,1
2026-03-12,600036,14:00:40,39.4900,242,2
2026-03-12,600036,14:00:43,39.4900,44,4
2026-03-12,600036,14:00:46,39.4800,16,2
2026-03-12,600036,14:00:49,39.4900,43,1
2026-03-12,600036,14:00:52,39.4900,53,1
2026-03-12,600036,14:00:55,39.4900,23,1
2026-03-12,600036,14:00:58,39.4800,6,2
2026-03-12,600036,14:01:01,39.4800,24,2
2026-03-12,600036,14:01:04,39.4800,47,2
2026-03-12,600036,14:01:07,39.4900,6,1
2026-03-12,600036,14:01:10,39.4600,304,2
2026-03-12,600036,14:01:13,39.4700,64,4
2026-03-12,600036,14:01:16,39.4600,18,2
2026-03-12,600036,14:01:19,39.4600,82,2
2026-03-12,600036,14:01:22,39.4600,142,2
2026-03-12,600036,14:01:25,39.4600,13,1
2026-03-12,600036,14:01:28,39.4500,10,2
2026-03-12,600036,14:01:31,39.4600,12,1
2026-03-12,600036,14:01:34,39.4500,3,2
2026-03-12,600036,14:01:37,39.4600,447,1
2026-03-12,600036,14:01:40,39.4600,38,2
2026-03-12,600036,14:01:46,39.4600,58,2
2026-03-12,600036,14:01:49,39.4600,16,2
2026-03-12,600036,14:01:52,39.4600,19,2
2026-03-12,600036,14:01:55,39.4600,28,1
2026-03-12,600036,14:01:58,39.4600,95,1
2026-03-12,600036,14:02:01,39.4600,123,1
2026-03-12,600036,14:02:04,39.4600,45,1
2026-03-12,600036,14:02:07,39.4500,58,2
2026-03-12,600036,14:02:10,39.4600,6,1
2026-03-12,600036,14:02:13,39.4500,66,2
2026-03-12,600036,14:02:16,39.4600,128,1
2026-03-12,600036,14:02:19,39.4600,80,2
2026-03-12,600036,14:02:22,39.4600,42,2
2026-03-12,600036,14:02:25,39.4700,8,4
2026-03-12,600036,14:02:28,39.4700,5,1
2026-03-12,600036,14:02:31,39.4700,41,1
2026-03-12,600036,14:02:34,39.4700,113,1
2026-03-12,600036,14:02:37,39.4600,13,2
2026-03-12,600036,14:02:40,39.4700,116,1
2026-03-12,600036,14:02:43,39.4700,10,2
2026-03-12,600036,14:02:46,39.4800,1,1
2026-03-12,600036,14:02:49,39.4700,14,2
2026-03-12,600036,14:02:52,39.4800,2,1
2026-03-12,600036,14:02:55,39.4700,175,2
2026-03-12,600036,14:02:58,39.4700,7,2
2026-03-12,600036,14:03:01,39.4700,217,2
2026-03-12,600036,14:03:04,39.4700,13,2
2026-03-12,600036,14:03:07,39.4700,27,2
2026-03-12,600036,14:03:10,39.4800,64,1
2026-03-12,600036,14:03:13,39.4900,309,1
2026-03-12,600036,14:03:16,39.4900,204,1
2026-03-12,600036,14:03:19,39.4900,125,1
2026-03-12,600036,14:03:22,39.4900,19,1
2026-03-12,600036,14:03:25,39.4900,13,1
2026-03-12,600036,14:03:28,39.4900,2,1
2026-03-12,600036,14:03:31,39.4900,272,1
2026-03-12,600036,14:03:34,39.4800,577,2
2026-03-12,600036,14:03:37,39.4800,89,2
2026-03-12,600036,14:03:40,39.4900,78,1
2026-03-12,600036,14:03:43,39.4800,2,2
2026-03-12,600036,14:03:46,39.4900,44,1
2026-03-12,600036,14:03:49,39.4800,38,4
2026-03-12,600036,14:03:52,39.4800,187,2
2026-03-12,600036,14:03:55,39.4800,163,4
2026-03-12,600036,14:03:58,39.4800,29,1
2026-03-12,600036,14:04:01,39.4800,427,2
2026-03-12,600036,14:04:04,39.4800,1,2
2026-03-12,600036,14:04:07,39.4700,154,2
2026-03-12,600036,14:04:10,39.4700,2,2
2026-03-12,600036,14:04:13,39.4700,32,2
2026-03-12,600036,14:04:16,39.4700,282,2
2026-03-12,600036,14:04:19,39.4700,33,1
2026-03-12,600036,14:04:22,39.4600,137,2
2026-03-12,600036,14:04:28,39.4700,31,1
2026-03-12,600036,14:04:31,39.4700,4,1
2026-03-12,600036,14:04:34,39.4700,20,1
2026-03-12,600036,14:04:37,39.4700,15,1
2026-03-12,600036,14:04:40,39.4600,42,2
2026-03-12,600036,14:04:43,39.4600,28,2
2026-03-12,600036,14:04:46,39.4600,24,2
2026-03-12,600036,14:04:49,39.4700,42,1
2026-03-12,600036,14:04:52,39.4600,29,2
2026-03-12,600036,14:04:55,39.4600,16,2
2026-03-12,600036,14:04:58,39.4600,13,2
2026-03-12,600036,14:05:01,39.4700,14,1
2026-03-12,600036,14:05:04,39.4600,7,2
2026-03-12,600036,14:05:07,39.4600,16,2
2026-03-12,600036,14:05:10,39.4600,45,2
2026-03-12,600036,14:05:13,39.4600,99,2
2026-03-12,600036,14:05:16,39.4600,17,2
2026-03-12,600036,14:05:19,39.4600,18,2
2026-03-12,600036,14:05:22,39.4600,1,2
2026-03-12,600036,14:05:25,39.4700,101,1
2026-03-12,600036,14:05:28,39.4600,29,2
2026-03-12,600036,14:05:31,39.4700,94,1
2026-03-12,600036,14:05:34,39.4700,11,1
2026-03-12,600036,14:05:37,39.4600,46,2
2026-03-12,600036,14:05:40,39.4600,14,2
2026-03-12,600036,14:05:43,39.4700,40,1
2026-03-12,600036,14:05:46,39.4600,21,2
2026-03-12,600036,14:05:49,39.4600,41,2
2026-03-12,600036,14:05:52,39.4600,45,2
2026-03-12,600036,14:05:55,39.4600,34,2
2026-03-12,600036,14:05:58,39.4600,55,2
2026-03-12,600036,14:06:01,39.4600,152,2
2026-03-12,600036,14:06:04,39.4500,97,2
2026-03-12,600036,14:06:07,39.4500,9,2
2026-03-12,600036,14:06:10,39.4600,39,1
2026-03-12,600036,14:06:13,39.4600,1045,1
2026-03-12,600036,10:52:34,39.4300,36,1
2026-03-12,600036,10:52:37,39.4300,14,1
2026-03-12,600036,10:52:40,39.4300,26,1
2026-03-12,600036,10:52:43,39.4200,66,2
2026-03-12,600036,10:52:46,39.4200,46,2
2026-03-12,600036,10:52:49,39.4300,11,1
2026-03-12,600036,10:52:52,39.4300,21,1
2026-03-12,600036,10:52:55,39.4300,10,1
2026-03-12,600036,10:52:58,39.4300,8,1
2026-03-12,600036,10:53:01,39.4300,85,1
2026-03-12,600036,10:53:04,39.4300,257,1
2026-03-12,600036,10:53:07,39.4300,75,1
2026-03-12,600036,10:53:10,39.4300,27,1
2026-03-12,600036,10:53:13,39.4300,10,1
2026-03-12,600036,10:53:16,39.4300,21,1
2026-03-12,600036,10:53:19,39.4400,141,1
2026-03-12,600036,10:53:22,39.4400,339,1
2026-03-12,600036,10:53:25,39.4400,27,2
2026-03-12,600036,10:53:28,39.4500,42,1
2026-03-12,600036,10:53:31,39.4500,26,1
2026-03-12,600036,10:53:34,39.4500,10,1
2026-03-12,600036,10:53:37,39.4400,184,2
2026-03-12,600036,10:53:40,39.4400,128,1
2026-03-12,600036,10:53:43,39.4300,11,2
2026-03-12,600036,10:53:46,39.4300,19,2
2026-03-12,600036,10:53:49,39.4400,7,1
2026-03-12,600036,10:53:52,39.4400,18,1
2026-03-12,600036,10:53:55,39.4400,84,1
2026-03-12,600036,10:53:58,39.4400,52,1
2026-03-12,600036,10:54:01,39.4400,2,1
2026-03-12,600036,10:54:04,39.4400,1,1
2026-03-12,600036,10:54:07,39.4300,81,2
2026-03-12,600036,10:54:10,39.4300,59,2
2026-03-12,600036,10:54:13,39.4400,29,1
2026-03-12,600036,10:54:16,39.4300,10,2
2026-03-12,600036,10:54:19,39.4400,21,1
2026-03-12,600036,10:54:22,39.4400,117,1
2026-03-12,600036,10:54:25,39.4300,105,2
2026-03-12,600036,10:54:28,39.4300,4,2
2026-03-12,600036,10:54:31,39.4400,322,1
2026-03-12,600036,10:54:34,39.4500,68,1
2026-03-12,600036,10:54:37,39.4400,98,2
2026-03-12,600036,10:54:40,39.4400,11,1
2026-03-12,600036,10:54:46,39.4400,7,1
2026-03-12,600036,10:54:49,39.4300,23,2
2026-03-12,600036,10:54:52,39.4300,50,2
2026-03-12,600036,10:54:55,39.4300,43,2
2026-03-12,600036,10:54:58,39.4300,103,2
2026-03-12,600036,10:55:01,39.4400,245,1
2026-03-12,600036,10:55:04,39.4300,50,2
2026-03-12,600036,10:55:07,39.4300,226,2
2026-03-12,600036,10:55:10,39.4200,89,2
2026-03-12,600036,10:55:13,39.4200,165,2
2026-03-12,600036,10:55:16,39.4300,870,1
2026-03-12,600036,10:55:19,39.4400,82,1
2026-03-12,600036,10:55:22,39.4400,144,1
2026-03-12,600036,10:55:25,39.4300,49,2
2026-03-12,600036,10:55:28,39.4400,288,1
2026-03-12,600036,10:55:31,39.4400,96,1
2026-03-12,600036,10:55:34,39.4300,65,2
2026-03-12,600036,10:55:37,39.4300,74,1
2026-03-12,600036,10:55:40,39.4200,143,2
2026-03-12,600036,10:55:43,39.4400,3,1
2026-03-12,600036,10:55:46,39.4300,10,2
2026-03-12,600036,10:55:49,39.4300,30,2
2026-03-12,600036,10:55:52,39.4300,70,1
2026-03-12,600036,10:55:55,39.4300,64,1
2026-03-12,600036,10:55:58,39.4300,104,1
2026-03-12,600036,10:56:01,39.4200,40,2
2026-03-12,600036,10:56:04,39.4300,51,4
2026-03-12,600036,10:56:07,39.4200,4,2
2026-03-12,600036,10:56:10,39.4300,41,1
2026-03-12,600036,10:56:13,39.4300,61,1
2026-03-12,600036,10:56:16,39.4400,37,1
2026-03-12,600036,10:56:19,39.4300,6,2
2026-03-12,600036,10:56:22,39.4300,69,2
2026-03-12,600036,10:56:25,39.4400,61,1
2026-03-12,600036,10:56:28,39.4300,47,2
2026-03-12,600036,10:56:31,39.4300,5,2
2026-03-12,600036,10:56:34,39.4200,212,2
2026-03-12,600036,10:56:37,39.4300,1,4
2026-03-12,600036,10:56:40,39.4300,9,2
2026-03-12,600036,10:56:43,39.4300,69,2
2026-03-12,600036,10:56:46,39.4200,24,2
2026-03-12,600036,10:56:49,39.4300,78,1
2026-03-12,600036,10:56:52,39.4300,173,1
2026-03-12,600036,10:56:55,39.4300,23,2
2026-03-12,600036,10:56:58,39.4400,199,1
2026-03-12,600036,10:57:01,39.4400,79,4
2026-03-12,600036,10:57:04,39.4400,36,1
2026-03-12,600036,10:57:07,39.4400,14,1
2026-03-12,600036,10:57:10,39.4300,28,2
2026-03-12,600036,10:57:13,39.4400,26,1
2026-03-12,600036,10:57:16,39.4300,21,2
2026-03-12,600036,10:57:19,39.4400,52,1
2026-03-12,600036,10:57:22,39.4400,19,1
2026-03-12,600036,10:57:25,39.4400,27,1
2026-03-12,600036,10:57:28,39.4300,38,2
2026-03-12,600036,10:57:31,39.4300,29,2
2026-03-12,600036,10:57:34,39.4300,7,2
2026-03-12,600036,10:57:37,39.4300,7,2
2026-03-12,600036,10:57:40,39.4300,68,2
2026-03-12,600036,10:57:43,39.4400,54,1
2026-03-12,600036,10:57:46,39.4300,44,2
2026-03-12,600036,10:57:49,39.4300,20,2
2026-03-12,600036,10:57:52,39.4400,22,1
2026-03-12,600036,10:57:55,39.4300,5,2
2026-03-12,600036,10:57:58,39.4300,21,2
2026-03-12,600036,10:58:01,39.4400,313,1
2026-03-12,600036,10:58:04,39.4300,26,2
2026-03-12,600036,10:58:07,39.4400,8,1
2026-03-12,600036,10:58:10,39.4400,35,1
2026-03-12,600036,10:58:13,39.4400,9,1
2026-03-12,600036,10:58:16,39.4400,58,1
2026-03-12,600036,10:58:19,39.4400,219,1
2026-03-12,600036,10:58:22,39.4400,38,1
2026-03-12,600036,10:58:25,39.4400,51,1
2026-03-12,600036,10:58:28,39.4300,38,2
2026-03-12,600036,10:58:31,39.4400,11,1
2026-03-12,600036,10:58:34,39.4300,82,2
2026-03-12,600036,10:58:37,39.4300,108,2
2026-03-12,600036,10:58:40,39.4400,135,1
2026-03-12,600036,10:58:43,39.4300,18,2
2026-03-12,600036,10:58:46,39.4300,21,2
2026-03-12,600036,10:58:49,39.4300,25,2
2026-03-12,600036,10:58:52,39.4400,66,1
2026-03-12,600036,10:58:55,39.4300,25,2
2026-03-12,600036,10:58:58,39.4300,89,2
2026-03-12,600036,10:59:01,39.4300,105,2
2026-03-12,600036,10:59:04,39.4300,17,2
2026-03-12,600036,10:59:07,39.4300,27,2
2026-03-12,600036,10:59:10,39.4300,9,2
2026-03-12,600036,10:59:13,39.4300,9,2
2026-03-12,600036,10:59:16,39.4300,3,2
2026-03-12,600036,10:59:19,39.4300,15,2
2026-03-12,600036,10:59:22,39.4400,76,1
2026-03-12,600036,10:59:25,39.4300,100,2
2026-03-12,600036,10:59:28,39.4300,87,2
2026-03-12,600036,10:59:31,39.4300,60,1
2026-03-12,600036,10:59:34,39.4200,65,2
2026-03-12,600036,10:59:37,39.4300,59,1
2026-03-12,600036,10:59:40,39.4200,6,2
2026-03-12,600036,10:59:46,39.4200,8,2
2026-03-12,600036,10:59:49,39.4200,3,2
2026-03-12,600036,10:59:52,39.4200,3,2
2026-03-12,600036,10:59:55,39.4200,186,2
2026-03-12,600036,10:59:58,39.4200,79,2
2026-03-12,600036,11:00:01,39.4200,121,2
2026-03-12,600036,11:00:04,39.4200,179,2
2026-03-12,600036,11:00:07,39.4200,56,1
2026-03-12,600036,11:00:10,39.4200,20,1
2026-03-12,600036,11:00:13,39.4100,186,2
2026-03-12,600036,11:00:16,39.4200,16,1
2026-03-12,600036,11:00:19,39.4200,3,1
2026-03-12,600036,11:00:22,39.4200,20,1
2026-03-12,600036,11:00:25,39.4100,62,2
2026-03-12,600036,11:00:28,39.4100,51,2
2026-03-12,600036,11:00:31,39.4100,132,2
2026-03-12,600036,11:00:34,39.4200,13,1
2026-03-12,600036,11:00:37,39.4200,14,1
2026-03-12,600036,11:00:40,39.4200,9,1
2026-03-12,600036,11:00:43,39.4200,25,1
2026-03-12,600036,11:00:46,39.4200,7,1
2026-03-12,600036,11:00:49,39.4100,42,2
2026-03-12,600036,11:00:52,39.4100,46,2
2026-03-12,600036,11:00:55,39.4100,56,1
2026-03-12,600036,11:00:58,39.4000,313,2
2026-03-12,600036,11:01:01,39.3900,491,2
2026-03-12,600036,11:01:04,39.3900,19,2
2026-03-12,600036,11:01:07,39.3900,49,2
2026-03-12,600036,11:01:10,39.3900,35,2
2026-03-12,600036,11:01:13,39.4000,692,1
2026-03-12,600036,11:01:16,39.4100,75,1
2026-03-12,600036,11:01:19,39.4000,200,2
2026-03-12,600036,11:01:22,39.4100,72,1
2026-03-12,600036,11:01:25,39.4100,33,2
2026-03-12,600036,11:01:28,39.4100,88,2
2026-03-12,600036,11:01:31,39.4100,83,2
2026-03-12,600036,11:01:34,39.4100,99,2
2026-03-12,600036,11:01:37,39.4100,88,2
2026-03-12,600036,11:01:40,39.4200,75,1
2026-03-12,600036,11:01:43,39.4100,30,2
2026-03-12,600036,11:01:46,39.4100,5,2
2026-03-12,600036,11:01:49,39.4200,106,1
2026-03-12,600036,11:01:52,39.4100,30,2
2026-03-12,600036,11:01:55,39.4200,35,1
2026-03-12,600036,11:01:58,39.4200,93,1
2026-03-12,600036,11:02:01,39.4100,91,2
2026-03-12,600036,11:02:04,39.4100,16,2
2026-03-12,600036,11:02:07,39.4100,87,2
2026-03-12,600036,11:02:10,39.4200,9,1
2026-03-12,600036,11:02:13,39.4100,55,2
2026-03-12,600036,11:02:16,39.4100,52,2
2026-03-12,600036,11:02:19,39.4300,251,1
2026-03-12,600036,11:02:22,39.4300,185,1
2026-03-12,600036,11:02:25,39.4300,39,1
2026-03-12,600036,11:02:28,39.4300,137,1
2026-03-12,600036,11:02:31,39.4400,266,1
2026-03-12,600036,11:02:34,39.4400,13,1
2026-03-12,600036,11:02:37,39.4500,199,1
2026-03-12,600036,11:02:40,39.4400,46,2
2026-03-12,600036,11:02:43,39.4500,56,1
2026-03-12,600036,11:02:46,39.4500,51,1
2026-03-12,600036,11:02:49,39.4500,102,1
2026-03-12,600036,11:02:52,39.4400,51,2
2026-03-12,600036,11:02:55,39.4500,53,1
2026-03-12,600036,11:02:58,39.4400,29,2
2026-03-12,600036,11:03:01,39.4500,100,1
2026-03-12,600036,11:03:04,39.4500,33,1
2026-03-12,600036,11:03:07,39.4400,3,2
2026-03-12,600036,11:03:10,39.4500,42,1
2026-03-12,600036,11:03:13,39.4500,28,1
2026-03-12,600036,11:03:16,39.4500,9,1
2026-03-12,600036,11:03:19,39.4500,36,1
2026-03-12,600036,11:03:22,39.4400,96,2
2026-03-12,600036,11:03:25,39.4400,19,2
2026-03-12,600036,11:03:28,39.4400,40,2
2026-03-12,600036,11:03:31,39.4400,12,2
2026-03-12,600036,11:03:34,39.4500,82,1
2026-03-12,600036,11:03:37,39.4300,8,2
2026-03-12,600036,11:03:40,39.4300,37,2
2026-03-12,600036,11:03:43,39.4300,19,2
2026-03-12,600036,11:03:46,39.4200,64,2
2026-03-12,600036,11:03:49,39.4300,124,1
2026-03-12,600036,11:03:52,39.4200,61,2
2026-03-12,600036,11:03:55,39.4200,11,2
2026-03-12,600036,11:04:01,39.4200,66,2
2026-03-12,600036,11:04:04,39.4200,21,2
2026-03-12,600036,11:04:07,39.4300,242,1
2026-03-12,600036,11:04:10,39.4200,33,2
2026-03-12,600036,11:04:13,39.4200,62,2
2026-03-12,600036,11:04:16,39.4200,360,2
2026-03-12,600036,11:04:19,39.4200,112,2
2026-03-12,600036,11:04:22,39.4300,163,1
2026-03-12,600036,11:04:25,39.4100,88,2
2026-03-12,600036,11:04:28,39.4000,281,2
2026-03-12,600036,11:04:31,39.4000,345,2
2026-03-12,600036,11:04:34,39.4000,127,2
2026-03-12,600036,11:04:37,39.3900,50,2
2026-03-12,600036,11:04:40,39.3900,70,2
2026-03-12,600036,11:04:43,39.3900,151,2
2026-03-12,600036,11:04:46,39.4000,24,1
2026-03-12,600036,11:04:49,39.3900,33,2
2026-03-12,600036,11:04:52,39.3900,200,2
2026-03-12,600036,11:04:55,39.3900,40,2
2026-03-12,600036,11:04:58,39.3900,18,1
2026-03-12,600036,11:05:01,39.3900,149,1
2026-03-12,600036,11:05:04,39.3800,28,2
2026-03-12,600036,11:05:07,39.3800,27,2
2026-03-12,600036,11:05:10,39.3800,118,2
2026-03-12,600036,11:05:13,39.3800,17,2
2026-03-12,600036,11:05:16,39.3800,100,2
2026-03-12,600036,11:05:19,39.3800,46,2
2026-03-12,600036,11:05:22,39.3900,11,1
2026-03-12,600036,11:05:25,39.3800,73,2
2026-03-12,600036,11:05:28,39.3900,69,1
2026-03-12,600036,11:05:31,39.3900,37,1
2026-03-12,600036,11:05:34,39.3800,43,2
2026-03-12,600036,11:05:37,39.3800,89,2
2026-03-12,600036,11:05:40,39.3800,116,2
2026-03-12,600036,11:05:43,39.3900,56,1
2026-03-12,600036,11:05:46,39.3800,63,2
2026-03-12,600036,11:05:49,39.3800,732,2
2026-03-12,600036,11:05:52,39.3900,42,1
2026-03-12,600036,11:05:55,39.3900,30,1
2026-03-12,600036,11:05:58,39.3800,55,2
2026-03-12,600036,11:06:01,39.3800,131,2
2026-03-12,600036,11:06:04,39.3800,205,2
2026-03-12,600036,11:06:07,39.3800,22,2
2026-03-12,600036,11:06:10,39.3800,20,2
2026-03-12,600036,11:06:13,39.3800,182,1
2026-03-12,600036,11:06:16,39.3800,60,1
2026-03-12,600036,11:06:19,39.3700,15,2
2026-03-12,600036,11:06:22,39.3800,59,1
2026-03-12,600036,11:06:25,39.3800,198,1
2026-03-12,600036,11:06:28,39.3800,47,2
2026-03-12,600036,11:06:31,39.3900,47,1
2026-03-12,600036,11:06:34,39.3800,45,2
2026-03-12,600036,11:06:37,39.3800,14,2
2026-03-12,600036,11:06:40,39.3900,2,1
2026-03-12,600036,11:06:43,39.3900,190,1
2026-03-12,600036,11:06:46,39.3900,76,2
2026-03-12,600036,11:06:49,39.3900,23,2
2026-03-12,600036,11:06:52,39.3900,46,2
2026-03-12,600036,11:06:55,39.3900,9,2
2026-03-12,600036,11:06:58,39.3900,2,2
2026-03-12,600036,11:07:01,39.4000,46,1
2026-03-12,600036,11:07:04,39.4000,3,1
2026-03-12,600036,11:07:07,39.3900,193,2
2026-03-12,600036,11:07:10,39.4000,133,1
2026-03-12,600036,11:07:13,39.4000,89,1
2026-03-12,600036,11:07:16,39.4000,66,1
2026-03-12,600036,11:07:19,39.4100,52,1
2026-03-12,600036,11:07:22,39.4000,5,2
2026-03-12,600036,11:07:25,39.4100,27,1
2026-03-12,600036,11:07:28,39.4000,56,2
2026-03-12,600036,11:07:31,39.4300,350,1
2026-03-12,600036,11:07:34,39.4200,23,2
2026-03-12,600036,11:07:37,39.4200,6,2
2026-03-12,600036,11:07:40,39.4200,38,2
2026-03-12,600036,11:07:43,39.4300,14,1
2026-03-12,600036,11:07:46,39.4300,6,1
2026-03-12,600036,11:07:49,39.4300,313,1
2026-03-12,600036,11:07:52,39.4300,46,1
2026-03-12,600036,11:07:55,39.4300,15,2
2026-03-12,600036,11:07:58,39.4400,8,1
2026-03-12,600036,11:08:01,39.4300,398,2
2026-03-12,600036,11:08:04,39.4400,251,1
2026-03-12,600036,11:08:07,39.4200,69,2
2026-03-12,600036,11:08:10,39.4200,60,2
2026-03-12,600036,11:08:13,39.4200,60,2
2026-03-12,600036,11:08:16,39.4300,26,1
2026-03-12,600036,11:08:19,39.4300,12,1
2026-03-12,600036,11:08:22,39.4300,4,1
2026-03-12,600036,11:08:25,39.4300,154,1
2026-03-12,600036,11:08:28,39.4300,78,2
2026-03-12,600036,11:08:31,39.4400,26,1
2026-03-12,600036,11:08:34,39.4400,5,1
2026-03-12,600036,11:08:37,39.4300,17,2
2026-03-12,600036,11:08:40,39.4400,5,1
2026-03-12,600036,11:08:43,39.4300,31,2
2026-03-12,600036,11:08:46,39.4200,393,2
2026-03-12,600036,11:08:49,39.4200,100,4
2026-03-12,600036,11:08:52,39.4000,87,2
2026-03-12,600036,11:08:55,39.4100,69,4
2026-03-12,600036,11:08:58,39.4000,75,2
2026-03-12,600036,11:09:01,39.4000,143,2
2026-03-12,600036,11:09:04,39.4000,16,2
2026-03-12,600036,11:09:07,39.4100,35,1
2026-03-12,600036,11:09:10,39.4000,72,2
2026-03-12,600036,11:09:13,39.4000,83,2
2026-03-12,600036,11:09:16,39.4100,66,1
2026-03-12,600036,11:09:19,39.4100,59,1
2026-03-12,600036,11:09:22,39.4100,13,1
2026-03-12,600036,11:09:25,39.4000,35,2
2026-03-12,600036,11:09:28,39.4000,31,2
2026-03-12,600036,11:09:31,39.4100,563,1
2026-03-12,600036,11:09:34,39.4000,167,2
2026-03-12,600036,11:09:37,39.4100,49,1
2026-03-12,600036,11:09:40,39.4100,173,1
2026-03-12,600036,11:09:43,39.4100,52,1
2026-03-12,600036,11:09:46,39.4100,25,1
2026-03-12,600036,11:09:49,39.4100,32,2
2026-03-12,600036,11:09:52,39.4100,22,2
2026-03-12,600036,11:09:55,39.4200,52,1
2026-03-12,600036,11:09:58,39.4100,26,2
2026-03-12,600036,11:10:01,39.4200,62,1
2026-03-12,600036,11:10:04,39.4200,19,1
2026-03-12,600036,11:10:07,39.4100,35,2
2026-03-12,600036,11:10:10,39.4100,74,2
2026-03-12,600036,11:10:13,39.4100,100,2
2026-03-12,600036,11:10:16,39.4100,51,2
2026-03-12,600036,11:10:19,39.4100,18,2
2026-03-12,600036,11:10:22,39.4200,105,1
2026-03-12,600036,11:10:25,39.4200,99,2
2026-03-12,600036,11:10:28,39.4200,40,2
2026-03-12,600036,11:10:31,39.4200,69,2
2026-03-12,600036,11:10:34,39.4200,34,2
2026-03-12,600036,11:10:37,39.4200,64,2
2026-03-12,600036,11:10:40,39.4100,37,2
2026-03-12,600036,11:10:43,39.4200,33,1
2026-03-12,600036,11:10:46,39.4200,33,1
2026-03-12,600036,11:10:49,39.4200,17,1
2026-03-12,600036,11:10:52,39.4200,32,1
2026-03-12,600036,11:10:55,39.4100,30,2
2026-03-12,600036,11:10:58,39.4100,143,2
2026-03-12,600036,11:11:01,39.4200,70,1
2026-03-12,600036,11:11:04,39.4200,20,1
2026-03-12,600036,11:11:07,39.4200,26,1
2026-03-12,600036,11:11:10,39.4100,72,2
2026-03-12,600036,11:11:13,39.4100,17,2
2026-03-12,600036,11:11:16,39.4200,25,1
2026-03-12,600036,11:11:19,39.4100,20,2
2026-03-12,600036,11:11:22,39.4200,120,1
2026-03-12,600036,11:11:25,39.4100,39,2
2026-03-12,600036,11:11:28,39.4100,580,2
2026-03-12,600036,11:11:31,39.4000,203,2
2026-03-12,600036,11:11:34,39.4100,108,2
2026-03-12,600036,11:11:37,39.4200,139,1
2026-03-12,600036,11:11:40,39.4200,99,1
2026-03-12,600036,11:11:43,39.4200,177,1
2026-03-12,600036,11:11:46,39.4100,61,2
2026-03-12,600036,11:11:49,39.4100,28,2
2026-03-12,600036,11:11:52,39.4100,151,2
2026-03-12,600036,11:11:55,39.4100,99,1
2026-03-12,600036,11:11:58,39.4000,369,2
2026-03-12,600036,11:12:01,39.4100,105,4
2026-03-12,600036,11:12:04,39.4100,7,1
2026-03-12,600036,11:12:07,39.4000,50,2
2026-03-12,600036,11:12:10,39.4000,26,2
2026-03-12,600036,11:12:13,39.4000,71,2
2026-03-12,600036,11:12:16,39.4000,63,2
2026-03-12,600036,11:12:19,39.4000,279,2
2026-03-12,600036,11:12:22,39.3900,65,2
2026-03-12,600036,11:12:25,39.4000,178,1
2026-03-12,600036,11:12:28,39.3900,84,2
2026-03-12,600036,11:12:31,39.4000,751,1
2026-03-12,600036,11:12:34,39.3800,209,2
2026-03-12,600036,11:12:37,39.3900,131,2
2026-03-12,600036,11:12:40,39.3900,116,2
2026-03-12,600036,11:12:43,39.4000,343,1
2026-03-12,600036,11:12:46,39.4000,180,1
2026-03-12,600036,11:12:49,39.3900,58,2
2026-03-12,600036,11:12:52,39.3900,577,2
2026-03-12,600036,11:12:55,39.3900,552,1
2026-03-12,600036,11:12:58,39.3900,123,1
2026-03-12,600036,11:13:01,39.4100,170,1
2026-03-12,600036,11:13:04,39.4000,381,2
2026-03-12,600036,11:13:07,39.4000,447,2
2026-03-12,600036,11:13:10,39.4000,42,1
2026-03-12,600036,11:13:13,39.4000,83,1
2026-03-12,600036,11:13:16,39.3900,5,4
2026-03-12,600036,11:13:19,39.4000,45,1
2026-03-12,600036,11:13:22,39.4000,189,1
2026-03-12,600036,11:13:25,39.4000,35,2
2026-03-12,600036,11:13:28,39.4000,31,1
2026-03-12,600036,11:13:31,39.3900,28,2
2026-03-12,600036,11:13:34,39.3900,28,2
2026-03-12,600036,11:13:37,39.3800,288,2
2026-03-12,600036,11:13:40,39.4000,666,1
2026-03-12,600036,11:13:43,39.3900,174,1
2026-03-12,600036,11:13:46,39.3800,66,2
2026-03-12,600036,11:13:49,39.3900,49,4
2026-03-12,600036,11:13:52,39.3800,80,2
2026-03-12,600036,11:13:55,39.3800,48,2
2026-03-12,600036,11:13:58,39.3800,50,2
2026-03-12,600036,11:14:01,39.3800,69,2
2026-03-12,600036,11:14:04,39.4000,381,1
2026-03-12,600036,11:14:07,39.3900,277,2
2026-03-12,600036,11:14:10,39.3800,454,2
2026-03-12,600036,11:14:13,39.3700,65,2
2026-03-12,600036,11:14:16,39.3800,90,1
2026-03-12,600036,11:14:19,39.3800,187,1
2026-03-12,600036,11:14:22,39.3600,78,2
2026-03-12,600036,11:14:25,39.3700,15,2
2026-03-12,600036,11:14:28,39.3900,178,1
2026-03-12,600036,11:14:31,39.3700,14,2
2026-03-12,600036,11:14:34,39.3700,1,2
2026-03-12,600036,11:14:37,39.3700,87,2
2026-03-12,600036,11:14:40,39.3800,72,1
2026-03-12,600036,11:14:43,39.3700,23,2
2026-03-12,600036,11:14:46,39.3700,29,2
2026-03-12,600036,11:14:49,39.3700,4,2
2026-03-12,600036,11:14:52,39.3800,21,1
2026-03-12,600036,11:14:55,39.3800,177,1
2026-03-12,600036,11:14:58,39.3700,88,4
2026-03-12,600036,11:15:01,39.3800,88,1
2026-03-12,600036,11:15:04,39.3800,176,1
2026-03-12,600036,11:15:07,39.3800,14,1
2026-03-12,600036,11:15:10,39.3800,79,1
2026-03-12,600036,11:15:13,39.3700,52,2
2026-03-12,600036,11:15:16,39.3700,17,2
2026-03-12,600036,11:15:19,39.3800,73,1
2026-03-12,600036,11:15:22,39.3800,96,1
2026-03-12,600036,11:15:25,39.3800,75,1
2026-03-12,600036,11:15:28,39.3800,22,1
2026-03-12,600036,11:15:31,39.3800,41,1
2026-03-12,600036,11:15:34,39.3800,179,1
2026-03-12,600036,11:15:37,39.3800,57,2
2026-03-12,600036,11:15:40,39.3800,83,1
2026-03-12,600036,11:15:43,39.3800,87,1
2026-03-12,600036,11:15:46,39.3700,37,2
2026-03-12,600036,11:15:49,39.3700,22,2
2026-03-12,600036,11:15:52,39.3800,115,1
2026-03-12,600036,11:15:55,39.3800,11,1
2026-03-12,600036,11:15:58,39.3700,136,2
2026-03-12,600036,11:16:01,39.3700,285,2
2026-03-12,600036,11:16:04,39.3700,75,2
2026-03-12,600036,11:16:07,39.3700,34,1
2026-03-12,600036,11:16:10,39.3700,13,1
2026-03-12,600036,11:16:13,39.3700,8,1
2026-03-12,600036,11:16:16,39.3600,30,2
2026-03-12,600036,11:16:19,39.3600,102,2
2026-03-12,600036,11:16:22,39.3700,67,1
2026-03-12,600036,11:16:25,39.3600,53,2
2026-03-12,600036,11:16:28,39.3800,300,1
2026-03-12,600036,11:16:31,39.3800,881,1
2026-03-12,600036,11:16:34,39.3800,660,1
2026-03-12,600036,11:16:37,39.3600,162,2
2026-03-12,600036,11:16:40,39.3600,168,2
2026-03-12,600036,11:16:43,39.3800,42,1
2026-03-12,600036,11:16:46,39.3800,72,1
2026-03-12,600036,11:16:49,39.3700,72,1
2026-03-12,600036,11:16:52,39.3700,59,2
2026-03-12,600036,11:16:55,39.3700,500,1
2026-03-12,600036,11:16:58,39.3700,60,1
2026-03-12,600036,11:17:01,39.3700,65,1
2026-03-12,600036,11:17:04,39.3600,21,2
2026-03-12,600036,11:17:07,39.3700,46,1
2026-03-12,600036,11:17:10,39.3600,155,2
2026-03-12,600036,11:17:13,39.3700,53,1
2026-03-12,600036,11:17:16,39.3700,408,1
2026-03-12,600036,11:17:19,39.3700,40,1
