date,code,time,price,volume,bs
2026-06-25,601012,14:06:50,12.5300,35,1
2026-06-25,601012,14:06:53,12.5300,117,1
2026-06-25,601012,14:06:56,12.5200,653,2
2026-06-25,601012,14:06:59,12.5300,74,1
2026-06-25,601012,14:07:02,12.5200,78,2
2026-06-25,601012,14:07:05,12.5200,20,2
2026-06-25,601012,14:07:08,12.5300,211,1
2026-06-25,601012,14:07:11,12.5300,135,2
2026-06-25,601012,14:07:14,12.5300,81,2
2026-06-25,601012,14:07:17,12.5300,15,2
2026-06-25,601012,14:07:20,12.5400,13,1
2026-06-25,601012,14:07:23,12.5300,66,2
2026-06-25,601012,14:07:26,12.5400,72,1
2026-06-25,601012,14:07:29,12.5400,19,1
2026-06-25,601012,14:07:32,12.5300,13,2
2026-06-25,601012,14:07:35,12.5300,572,2
2026-06-25,601012,14:07:38,12.5300,91,1
2026-06-25,601012,14:07:41,12.5300,78,1
2026-06-25,601012,14:07:44,12.5200,784,2
2026-06-25,601012,14:07:47,12.5300,74,1
2026-06-25,601012,14:07:53,12.5200,103,2
2026-06-25,601012,14:07:56,12.5300,186,1
2026-06-25,601012,14:07:59,12.5100,1306,2
2026-06-25,601012,14:08:02,12.5200,58,1
2026-06-25,601012,14:08:05,12.5100,171,2
2026-06-25,601012,14:08:08,12.5100,36,2
2026-06-25,601012,14:08:11,12.5100,38,2
2026-06-25,601012,14:08:14,12.5100,81,2
2026-06-25,601012,14:08:17,12.5100,113,2
2026-06-25,601012,14:08:20,12.5100,41,2
2026-06-25,601012,14:08:23,12.5100,53,2
2026-06-25,601012,14:08:26,12.5200,116,1
2026-06-25,601012,14:08:29,12.5200,21,1
2026-06-25,601012,14:08:32,12.5200,131,1
2026-06-25,601012,14:08:35,12.5200,64,1
2026-06-25,601012,14:08:38,12.5200,151,1
2026-06-25,601012,14:08:41,12.5100,360,2
2026-06-25,601012,14:08:44,12.5200,48,1
2026-06-25,601012,14:08:47,12.5200,28,1
2026-06-25,601012,14:08:50,12.5200,75,1
2026-06-25,601012,14:08:53,12.5200,164,1
2026-06-25,601012,14:08:56,12.5200,114,1
2026-06-25,601012,14:09:02,12.5200,2,2
2026-06-25,601012,14:09:05,12.5300,36,1
2026-06-25,601012,14:09:08,12.5200,348,2
2026-06-25,601012,14:09:11,12.5200,37,1
2026-06-25,601012,14:09:14,12.5200,129,1
2026-06-25,601012,14:09:17,12.5200,69,1
2026-06-25,601012,14:09:20,12.5200,41,1
2026-06-25,601012,14:09:23,12.5100,556,2
2026-06-25,601012,14:09:26,12.5200,38,1
2026-06-25,601012,14:09:29,12.5100,8,2
2026-06-25,601012,14:09:32,12.5200,139,1
2026-06-25,601012,14:09:35,12.5300,445,1
2026-06-25,601012,14:09:38,12.5100,45,2
2026-06-25,601012,14:09:41,12.5200,5,2
2026-06-25,601012,14:09:44,12.5300,61,1
2026-06-25,601012,14:09:47,12.5300,10,1
2026-06-25,601012,14:09:53,12.5300,12,1
2026-06-25,601012,14:09:56,12.5300,72,1
2026-06-25,601012,14:09:59,12.5200,10,2
2026-06-25,601012,14:10:02,12.5200,47,2
2026-06-25,601012,14:10:05,12.5300,12,1
2026-06-25,601012,14:10:08,12.5200,1,2
2026-06-25,601012,14:10:11,12.5300,16,1
2026-06-25,601012,14:10:14,12.5300,136,1
2026-06-25,601012,14:10:17,12.5300,195,1
2026-06-25,601012,14:10:20,12.5200,16,2
2026-06-25,601012,14:10:23,12.5300,6,1
2026-06-25,601012,14:10:26,12.5300,11,1
2026-06-25,601012,14:10:29,12.5300,17,1
2026-06-25,601012,14:10:32,12.5300,1,1
2026-06-25,601012,14:10:35,12.5300,48,1
2026-06-25,601012,14:10:38,12.5300,118,1
2026-06-25,601012,14:10:41,12.5300,53,1
2026-06-25,601012,14:10:44,12.5300,147,1
2026-06-25,601012,14:10:47,12.5300,231,1
2026-06-25,601012,14:10:50,12.5200,39,2
2026-06-25,601012,14:10:53,12.5300,11,1
2026-06-25,601012,14:10:56,12.5300,14,1
2026-06-25,601012,14:10:59,12.5200,8,2
2026-06-25,601012,14:11:02,12.5300,22,1
2026-06-25,601012,14:11:05,12.5300,14,1
2026-06-25,601012,14:11:08,12.5300,18,1
2026-06-25,601012,14:11:11,12.5300,25,1
2026-06-25,601012,14:11:14,12.5300,69,1
2026-06-25,601012,14:11:17,12.5200,502,2
2026-06-25,601012,14:11:20,12.5300,230,1
2026-06-25,601012,14:11:23,12.5300,112,1
2026-06-25,601012,14:11:26,12.5200,215,2
2026-06-25,601012,14:11:29,12.5200,41,2
2026-06-25,601012,14:11:32,12.5300,74,1
2026-06-25,601012,14:11:35,12.5300,51,1
2026-06-25,601012,14:11:38,12.5200,220,2
2026-06-25,601012,14:11:41,12.5200,64,2
2026-06-25,601012,14:11:44,12.5200,352,2
2026-06-25,601012,14:11:47,12.5200,1538,2
2026-06-25,601012,14:11:50,12.5200,41,2
2026-06-25,601012,14:11:53,12.5200,3,1
2026-06-25,601012,14:11:56,12.5100,46,2
2026-06-25,601012,14:11:59,12.5100,26,2
2026-06-25,601012,14:12:02,12.5200,110,1
2026-06-25,601012,14:12:05,12.5100,61,2
2026-06-25,601012,14:12:08,12.5100,70,2
2026-06-25,601012,14:12:11,12.5200,61,1
2026-06-25,601012,14:12:14,12.5200,22,1
2026-06-25,601012,14:12:17,12.5200,59,1
2026-06-25,601012,14:12:20,12.5200,46,1
2026-06-25,601012,14:12:23,12.5100,46,2
2026-06-25,601012,14:12:26,12.5200,73,1
2026-06-25,601012,14:12:29,12.5200,13,1
2026-06-25,601012,14:12:32,12.5100,64,2
2026-06-25,601012,14:12:35,12.5100,112,2
2026-06-25,601012,14:12:38,12.5200,14,1
2026-06-25,601012,14:12:41,12.5100,3,2
2026-06-25,601012,14:12:44,12.5100,18,2
2026-06-25,601012,14:12:47,12.5200,37,1
2026-06-25,601012,14:12:50,12.5200,27,1
2026-06-25,601012,14:12:53,12.5200,62,1
2026-06-25,601012,14:12:56,12.5200,11,1
2026-06-25,601012,14:12:59,12.5100,3346,2
2026-06-25,601012,14:13:02,12.5100,144,1
2026-06-25,601012,14:13:05,12.5100,266,1
2026-06-25,601012,14:13:08,12.5100,46,1
2026-06-25,601012,14:13:11,12.5100,43,2
2026-06-25,601012,14:13:14,12.5100,15,2
2026-06-25,601012,14:13:17,12.5100,364,2
2026-06-25,601012,14:13:20,12.5100,87,2
2026-06-25,601012,14:13:23,12.5100,25,2
2026-06-25,601012,14:13:26,12.5100,30,2
2026-06-25,601012,14:13:29,12.5100,6,2
2026-06-25,601012,14:13:32,12.5200,26,1
2026-06-25,601012,14:13:35,12.5200,27,1
2026-06-25,601012,14:13:38,12.5100,181,2
2026-06-25,601012,14:13:41,12.5100,23,2
2026-06-25,601012,14:13:47,12.5100,1,2
2026-06-25,601012,14:13:50,12.5100,23,2
2026-06-25,601012,14:13:53,12.5200,8,1
2026-06-25,601012,14:13:56,12.5100,86,2
2026-06-25,601012,14:13:59,12.5100,138,2
2026-06-25,601012,14:14:02,12.5000,857,2
2026-06-25,601012,14:14:05,12.5100,11,1
2026-06-25,601012,14:14:08,12.5000,479,2
2026-06-25,601012,14:14:11,12.5000,20,2
2026-06-25,601012,14:14:14,12.5000,25,2
2026-06-25,601012,14:14:17,12.5100,15,1
2026-06-25,601012,14:14:20,12.5000,161,2
2026-06-25,601012,14:14:23,12.5100,217,1
2026-06-25,601012,14:14:26,12.5100,121,1
2026-06-25,601012,14:14:29,12.5100,69,1
2026-06-25,601012,14:14:32,12.5100,85,1
2026-06-25,601012,14:14:35,12.5000,91,2
2026-06-25,601012,14:14:38,12.5100,172,1
2026-06-25,601012,14:14:41,12.5000,37,2
2026-06-25,601012,14:14:44,12.5100,103,1
2026-06-25,601012,14:14:47,12.5000,126,2
2026-06-25,601012,14:14:50,12.5100,9,1
2026-06-25,601012,14:14:53,12.5000,1,2
2026-06-25,601012,14:14:56,12.5100,980,1
2026-06-25,601012,14:14:59,12.5100,314,1
2026-06-25,601012,14:15:02,12.5100,81,2
2026-06-25,601012,14:15:05,12.5100,176,2
2026-06-25,601012,14:15:08,12.5100,19,1
2026-06-25,601012,14:15:11,12.5100,29,1
2026-06-25,601012,14:15:14,12.5100,24,1
2026-06-25,601012,14:15:17,12.5100,84,1
2026-06-25,601012,14:15:20,12.5100,136,1
2026-06-25,601012,14:15:23,12.5100,67,2
2026-06-25,601012,14:15:26,12.5200,68,1
2026-06-25,601012,14:15:29,12.5100,189,2
2026-06-25,601012,14:15:32,12.5100,7,2
2026-06-25,601012,14:15:38,12.5100,107,2
2026-06-25,601012,14:15:41,12.5200,601,1
2026-06-25,601012,14:15:44,12.5200,43,1
2026-06-25,601012,14:15:47,12.5200,619,1
2026-06-25,601012,14:15:50,12.5200,86,1
2026-06-25,601012,14:15:53,12.5200,144,1
2026-06-25,601012,14:15:56,12.5100,44,2
2026-06-25,601012,14:15:59,12.5100,52,2
2026-06-25,601012,14:16:02,12.5100,43,2
2026-06-25,601012,14:16:05,12.5100,65,2
2026-06-25,601012,14:16:08,12.5100,12,2
2026-06-25,601012,14:16:11,12.5100,161,2
2026-06-25,601012,14:16:14,12.5100,11,2
2026-06-25,601012,14:16:17,12.5100,181,2
2026-06-25,601012,14:16:20,12.5200,146,1
2026-06-25,601012,14:16:23,12.5200,298,1
2026-06-25,601012,14:16:26,12.5100,40,2
2026-06-25,601012,14:16:29,12.5200,135,1
2026-06-25,601012,14:16:32,12.5200,19,1
2026-06-25,601012,14:16:35,12.5100,76,2
2026-06-25,601012,14:16:38,12.5100,73,2
2026-06-25,601012,14:16:41,12.5200,130,1
2026-06-25,601012,14:16:44,12.5100,1026,2
2026-06-25,601012,14:16:47,12.5100,6,2
2026-06-25,601012,14:16:50,12.5100,10,2
2026-06-25,601012,14:16:53,12.5100,81,2
2026-06-25,601012,14:16:56,12.5100,34,2
2026-06-25,601012,14:16:59,12.5100,701,2
2026-06-25,601012,14:17:02,12.5000,90,2
2026-06-25,601012,14:17:05,12.5100,138,1
2026-06-25,601012,14:17:08,12.5000,48,2
2026-06-25,601012,14:17:11,12.5100,24,1
2026-06-25,601012,14:17:14,12.5100,16,1
2026-06-25,601012,14:17:17,12.5100,39,1
2026-06-25,601012,14:17:20,12.5000,73,2
2026-06-25,601012,14:17:23,12.5100,17,1
2026-06-25,601012,14:17:26,12.5100,61,1
2026-06-25,601012,14:17:29,12.5000,7,2
2026-06-25,601012,14:17:32,12.5000,28,2
2026-06-25,601012,14:17:35,12.5100,125,1
2026-06-25,601012,14:17:38,12.5000,62,2
2026-06-25,601012,14:17:41,12.5100,47,1
2026-06-25,601012,14:17:44,12.5100,41,1
2026-06-25,601012,14:17:47,12.5100,2,1
2026-06-25,601012,14:17:50,12.5100,36,1
2026-06-25,601012,14:17:53,12.5000,655,2
2026-06-25,601012,14:17:56,12.5100,44,1
2026-06-25,601012,14:17:59,12.5000,48,2
2026-06-25,601012,14:18:02,12.5100,116,1
2026-06-25,601012,14:18:05,12.5100,43,1
2026-06-25,601012,14:18:08,12.5000,65,2
2026-06-25,601012,14:18:11,12.5000,29,2
2026-06-25,601012,14:18:14,12.5000,42,2
2026-06-25,601012,14:18:17,12.5000,139,2
2026-06-25,601012,14:18:20,12.5100,187,1
2026-06-25,601012,14:18:23,12.5200,1130,1
2026-06-25,601012,14:18:26,12.5100,23,2
2026-06-25,601012,14:18:29,12.5200,635,1
2026-06-25,601012,14:18:32,12.5400,1360,1
2026-06-25,601012,14:18:35,12.5500,164,1
2026-06-25,601012,14:18:38,12.5600,29,1
2026-06-25,601012,14:18:41,12.5600,64,1
2026-06-25,601012,14:18:44,12.5600,362,1
2026-06-25,601012,14:18:47,12.5700,656,1
2026-06-25,601012,14:18:50,12.5700,828,2
2026-06-25,601012,14:18:53,12.5700,1775,1
2026-06-25,601012,14:18:56,12.5700,497,1
2026-06-25,601012,14:18:59,12.5700,126,1
2026-06-25,601012,14:19:02,12.5600,418,2
2026-06-25,601012,14:19:05,12.5700,411,1
2026-06-25,601012,14:19:08,12.5700,88,1
2026-06-25,601012,14:19:11,12.5700,331,1
2026-06-25,601012,14:19:14,12.5700,197,1
2026-06-25,601012,14:19:17,12.5600,619,2
2026-06-25,601012,14:19:20,12.5600,357,1
2026-06-25,601012,14:19:23,12.5600,77,1
2026-06-25,601012,14:19:26,12.5600,437,1
2026-06-25,601012,14:19:29,12.5600,129,1
2026-06-25,601012,14:19:32,12.5500,25,2
2026-06-25,601012,14:19:35,12.5300,1135,2
2026-06-25,601012,14:19:38,12.5500,23,2
2026-06-25,601012,14:19:41,12.5600,93,1
2026-06-25,601012,14:19:44,12.5500,109,2
2026-06-25,601012,14:19:47,12.5700,248,1
2026-06-25,601012,14:19:50,12.5500,414,2
2026-06-25,601012,14:19:53,12.5700,192,1
2026-06-25,601012,14:19:56,12.5500,2,2
2026-06-25,601012,14:19:59,12.5500,159,2
2026-06-25,601012,14:20:02,12.5500,97,2
2026-06-25,601012,14:20:05,12.5600,224,1
2026-06-25,601012,14:20:08,12.5500,152,2
2026-06-25,601012,14:20:11,12.5600,92,4
2026-06-25,601012,14:20:14,12.5600,150,1
2026-06-25,601012,14:20:17,12.5500,145,2
2026-06-25,601012,14:20:20,12.5500,86,1
2026-06-25,601012,14:20:23,12.5400,94,2
2026-06-25,601012,14:20:26,12.5400,59,2
2026-06-25,601012,14:20:29,12.5400,99,2
2026-06-25,601012,14:20:32,12.5400,194,2
2026-06-25,601012,14:20:35,12.5400,11,2
2026-06-25,601012,14:20:38,12.5400,118,2
2026-06-25,601012,14:20:41,12.5400,9,2
2026-06-25,601012,14:20:44,12.5400,4,2
2026-06-25,601012,14:20:47,12.5500,65,1
2026-06-25,601012,14:20:50,12.5400,37,2
2026-06-25,601012,14:20:53,12.5400,49,2
2026-06-25,601012,14:20:56,12.5400,11,2
2026-06-25,601012,14:20:59,12.5400,36,2
2026-06-25,601012,14:21:02,12.5400,32,2
2026-06-25,601012,14:21:05,12.5500,17,1
2026-06-25,601012,14:21:08,12.5500,22,1
2026-06-25,601012,14:21:11,12.5500,9,1
2026-06-25,601012,14:21:14,12.5400,72,2
2026-06-25,601012,14:21:17,12.5500,11,1
2026-06-25,601012,14:21:20,12.5500,1434,1
2026-06-25,601012,14:21:23,12.5500,97,2
2026-06-25,601012,14:21:26,12.5600,14,1
2026-06-25,601012,14:21:29,12.5600,254,1
2026-06-25,601012,14:21:32,12.5500,35,2
2026-06-25,601012,14:21:35,12.5500,28,2
2026-06-25,601012,14:21:38,12.5500,33,2
2026-06-25,601012,14:21:41,12.5500,577,2
2026-06-25,601012,14:21:44,12.5400,38,2
2026-06-25,601012,14:21:47,12.5500,30,1
2026-06-25,601012,14:21:50,12.5400,38,2
2026-06-25,601012,14:21:53,12.5300,537,2
2026-06-25,601012,14:21:56,12.5400,31,1
2026-06-25,601012,14:21:59,12.5400,73,1
2026-06-25,601012,14:22:02,12.5400,493,1
2026-06-25,601012,14:22:05,12.5300,85,2
2026-06-25,601012,14:22:08,12.5400,39,1
2026-06-25,601012,14:22:11,12.5400,203,1
2026-06-25,601012,14:22:14,12.5400,64,2
2026-06-25,601012,14:22:17,12.5500,400,1
2026-06-25,601012,14:22:20,12.5700,490,1
2026-06-25,601012,14:22:23,12.5500,107,1
2026-06-25,601012,14:22:26,12.5600,9,1
2026-06-25,601012,14:22:29,12.5500,38,2
2026-06-25,601012,14:22:32,12.5600,101,1
2026-06-25,601012,14:22:35,12.5600,47,4
2026-06-25,601012,14:22:38,12.5500,101,2
2026-06-25,601012,14:22:41,12.5700,44,1
2026-06-25,601012,14:22:44,12.5600,9,2
2026-06-25,601012,14:22:47,12.5600,58,1
2026-06-25,601012,14:22:50,12.5600,60,1
2026-06-25,601012,14:22:53,12.5500,348,2
2026-06-25,601012,14:22:56,12.5500,55,2
2026-06-25,601012,14:22:59,12.5600,14,1
2026-06-25,601012,14:23:02,12.5600,109,1
2026-06-25,601012,14:23:05,12.5600,36,2
2026-06-25,601012,14:23:08,12.5600,6,2
2026-06-25,601012,14:23:11,12.5700,53,1
2026-06-25,601012,14:23:14,12.5700,10,1
2026-06-25,601012,14:23:17,12.5600,188,2
2026-06-25,601012,14:23:20,12.5700,102,1
2026-06-25,601012,14:23:23,12.5700,13,1
2026-06-25,601012,14:23:26,12.5600,84,2
2026-06-25,601012,14:23:29,12.5700,33,1
2026-06-25,601012,14:23:32,12.5600,154,2
2026-06-25,601012,14:23:35,12.5700,1401,1
2026-06-25,601012,14:23:38,12.5900,459,1
2026-06-25,601012,14:23:41,12.5800,971,2
2026-06-25,601012,14:23:47,12.6000,1040,1
2026-06-25,601012,14:23:50,12.6100,85,4
2026-06-25,601012,14:23:53,12.6200,150,1
2026-06-25,601012,14:23:56,12.6200,711,1
2026-06-25,601012,14:23:59,12.6100,197,2
2026-06-25,601012,14:24:02,12.6100,271,2
2026-06-25,601012,14:24:05,12.6200,587,1
2026-06-25,601012,14:24:08,12.6100,92,2
2026-06-25,601012,14:24:11,12.6200,218,1
2026-06-25,601012,14:24:14,12.6200,88,1
2026-06-25,601012,14:24:17,12.6300,186,1
2026-06-25,601012,14:24:20,12.6200,181,2
2026-06-25,601012,14:24:23,12.6200,237,1
2026-06-25,601012,14:24:26,12.6200,389,1
2026-06-25,601012,14:24:29,12.6200,169,1
2026-06-25,601012,14:24:32,12.6300,917,1
2026-06-25,601012,14:24:35,12.6200,133,2
2026-06-25,601012,14:24:38,12.6300,61,1
2026-06-25,601012,14:24:41,12.6300,78,1
2026-06-25,601012,14:24:44,12.6300,389,1
2026-06-25,601012,14:24:47,12.6200,992,2
2026-06-25,601012,14:24:50,12.6200,69,1
2026-06-25,601012,14:24:53,12.6100,46,2
2026-06-25,601012,14:24:56,12.6200,743,1
2026-06-25,601012,14:24:59,12.6100,989,2
2026-06-25,601012,14:25:02,12.6000,644,2
2026-06-25,601012,14:25:05,12.6000,120,2
2026-06-25,601012,14:25:08,12.6100,483,1
2026-06-25,601012,14:25:11,12.6100,172,1
2026-06-25,601012,14:25:14,12.6200,25,1
2026-06-25,601012,14:25:17,12.6100,87,2
2026-06-25,601012,14:25:20,12.6200,83,1
2026-06-25,601012,14:25:23,12.6000,501,2
2026-06-25,601012,14:25:26,12.6100,42,1
2026-06-25,601012,14:25:29,12.6100,498,1
2026-06-25,601012,14:25:32,12.6100,173,1
2026-06-25,601012,14:25:35,12.6100,337,1
2026-06-25,601012,14:25:38,12.6100,676,1
2026-06-25,601012,14:25:41,12.6200,1730,1
2026-06-25,601012,14:25:44,12.6200,829,2
2026-06-25,601012,14:25:47,12.6200,84,2
2026-06-25,601012,14:25:50,12.6200,143,2
2026-06-25,601012,14:25:53,12.6200,33,2
2026-06-25,601012,14:25:56,12.6200,113,2
2026-06-25,601012,14:25:59,12.6200,42,1
2026-06-25,601012,14:26:02,12.6100,47,2
2026-06-25,601012,14:26:05,12.6200,205,1
2026-06-25,601012,14:26:08,12.6100,126,2
2026-06-25,601012,14:26:11,12.6100,78,2
2026-06-25,601012,14:26:14,12.6100,30,2
2026-06-25,601012,14:26:17,12.6200,1067,1
2026-06-25,601012,14:26:20,12.6100,142,2
2026-06-25,601012,14:26:23,12.6100,139,2
2026-06-25,601012,14:26:26,12.6300,1118,1
2026-06-25,601012,14:26:29,12.6100,13,2
2026-06-25,601012,14:26:32,12.6200,61,1
2026-06-25,601012,14:26:35,12.6100,143,2
2026-06-25,601012,14:26:38,12.6200,23,1
2026-06-25,601012,14:26:41,12.6100,361,2
2026-06-25,601012,14:26:44,12.6100,375,2
2026-06-25,601012,14:26:47,12.6100,408,1
2026-06-25,601012,14:26:50,12.6100,599,2
2026-06-25,601012,14:26:53,12.6100,173,2
2026-06-25,601012,14:26:56,12.6200,12,1
2026-06-25,601012,14:26:59,12.6200,390,1
2026-06-25,601012,14:27:02,12.6200,254,1
2026-06-25,601012,14:27:05,12.6200,506,2
2026-06-25,601012,14:27:08,12.6200,73,2
2026-06-25,601012,14:27:11,12.6200,5,2
2026-06-25,601012,14:27:14,12.6200,45,2
2026-06-25,601012,14:27:17,12.6200,149,2
2026-06-25,601012,14:27:20,12.6500,1746,1
2026-06-25,601012,14:27:23,12.6600,36,1
2026-06-25,601012,14:27:26,12.6500,502,2
2026-06-25,601012,14:27:29,12.6500,147,1
2026-06-25,601012,14:27:32,12.6600,161,1
2026-06-25,601012,14:27:35,12.6500,54,2
2026-06-25,601012,14:27:38,12.6500,184,2
2026-06-25,601012,14:27:41,12.6600,209,1
2026-06-25,601012,14:27:44,12.6600,799,1
2026-06-25,601012,14:27:47,12.6500,116,2
2026-06-25,601012,14:27:50,12.6500,262,2
2026-06-25,601012,14:27:53,12.6500,156,2
2026-06-25,601012,14:27:56,12.6500,124,1
2026-06-25,601012,14:27:59,12.6600,561,1
2026-06-25,601012,14:28:02,12.6600,58,1
2026-06-25,601012,14:28:05,12.6500,169,2
2026-06-25,601012,14:28:08,12.6500,73,2
2026-06-25,601012,14:28:11,12.6600,109,1
2026-06-25,601012,14:28:14,12.6500,409,2
2026-06-25,601012,14:28:17,12.6500,544,2
2026-06-25,601012,14:28:20,12.6500,87,1
2026-06-25,601012,14:28:23,12.6500,218,1
2026-06-25,601012,14:28:26,12.6300,77,2
2026-06-25,601012,14:28:29,12.6300,271,2
2026-06-25,601012,14:28:32,12.6200,28,2
2026-06-25,601012,14:28:35,12.6100,58,2
2026-06-25,601012,14:28:38,12.6200,307,1
2026-06-25,601012,14:28:41,12.6200,123,1
2026-06-25,601012,14:28:44,12.6200,595,1
2026-06-25,601012,14:28:47,12.6100,103,2
2026-06-25,601012,14:28:50,12.6200,19,4
2026-06-25,601012,14:28:53,12.6300,46,1
2026-06-25,601012,14:28:56,12.6300,69,1
2026-06-25,601012,14:28:59,12.6200,26,2
2026-06-25,601012,14:29:02,12.6300,58,1
2026-06-25,601012,14:29:05,12.6300,92,1
2026-06-25,601012,14:29:08,12.6200,54,2
2026-06-25,601012,14:29:11,12.6200,22,2
2026-06-25,601012,14:29:14,12.6200,53,2
2026-06-25,601012,14:29:17,12.6200,92,2
2026-06-25,601012,14:29:20,12.6200,156,2
2026-06-25,601012,14:29:23,12.6100,40,2
2026-06-25,601012,14:29:26,12.6200,43,1
2026-06-25,601012,14:29:29,12.6100,29,2
2026-06-25,601012,14:29:32,12.6100,414,2
2026-06-25,601012,14:29:35,12.6200,52,1
2026-06-25,601012,14:29:38,12.6100,3,2
2026-06-25,601012,14:29:41,12.6200,93,1
2026-06-25,601012,14:29:44,12.6200,306,1
2026-06-25,601012,14:29:47,12.6100,49,2
2026-06-25,601012,14:29:50,12.6100,71,2
2026-06-25,601012,14:29:53,12.6100,61,2
2026-06-25,601012,14:29:56,12.6100,329,2
2026-06-25,601012,14:29:59,12.6100,17,2
2026-06-25,601012,14:30:02,12.6100,98,2
2026-06-25,601012,14:30:05,12.6100,288,2
2026-06-25,601012,14:30:08,12.6100,538,1
2026-06-25,601012,14:30:11,12.6100,52,2
2026-06-25,601012,14:30:14,12.6200,85,1
2026-06-25,601012,14:30:17,12.6200,50,1
2026-06-25,601012,14:30:20,12.6200,38,1
2026-06-25,601012,14:30:23,12.6300,2297,1
2026-06-25,601012,14:30:26,12.6400,407,1
2026-06-25,601012,14:30:29,12.6400,634,1
2026-06-25,601012,14:30:32,12.6500,68,1
2026-06-25,601012,14:30:35,12.6400,71,2
2026-06-25,601012,14:30:38,12.6400,56,2
2026-06-25,601012,14:30:41,12.6400,19,2
2026-06-25,601012,14:30:44,12.6600,3629,1
2026-06-25,601012,14:30:47,12.6700,73,1
2026-06-25,601012,14:30:50,12.6600,62,2
2026-06-25,601012,14:30:53,12.6600,111,2
2026-06-25,601012,14:30:56,12.6700,93,1
2026-06-25,601012,14:30:59,12.6800,10218,1
2026-06-25,601012,14:31:02,12.7000,293,1
2026-06-25,601012,14:31:05,12.6800,863,2
2026-06-25,601012,14:31:08,12.6800,126,2
2026-06-25,601012,14:31:11,12.6900,805,1
2026-06-25,601012,14:31:14,12.6900,1013,1
2026-06-25,601012,14:31:17,12.6800,712,2
2026-06-25,601012,14:31:20,12.6900,59,1
2026-06-25,601012,14:31:23,12.6900,249,1
2026-06-25,601012,14:31:26,12.6900,202,1
2026-06-25,601012,14:31:29,12.6800,169,2
2026-06-25,601012,14:31:32,12.6800,161,2
2026-06-25,601012,14:31:35,12.6900,209,1
2026-06-25,601012,14:31:38,12.6800,189,2
2026-06-25,601012,14:31:41,12.6800,71,2
2026-06-25,601012,14:31:44,12.6800,331,2
2026-06-25,601012,14:31:47,12.6800,195,2
2026-06-25,601012,14:31:50,12.6800,268,2
2026-06-25,601012,14:31:53,12.6800,29,1
2026-06-25,601012,14:31:56,12.6700,43,2
2026-06-25,601012,14:31:59,12.6800,204,1
2026-06-25,601012,14:32:02,12.6800,337,1
2026-06-25,601012,14:32:05,12.6800,633,1
2026-06-25,601012,14:32:08,12.6800,500,1
2026-06-25,601012,14:32:11,12.6800,147,2
2026-06-25,601012,14:32:14,12.6700,128,2
2026-06-25,601012,14:32:17,12.6700,139,2
2026-06-25,601012,14:32:20,12.6700,88,2
2026-06-25,601012,14:32:23,12.6700,145,2
2026-06-25,601012,14:32:26,12.6700,314,2
2026-06-25,601012,14:32:29,12.6700,100,2
2026-06-25,601012,14:32:32,12.6700,109,2
2026-06-25,601012,14:32:35,12.6700,190,2
2026-06-25,601012,14:32:38,12.6700,95,2
2026-06-25,601012,14:32:41,12.6700,161,2
2026-06-25,601012,14:32:44,12.6700,46,2
2026-06-25,601012,14:32:47,12.6700,115,1
2026-06-25,601012,14:32:50,12.6700,258,1
2026-06-25,601012,14:32:53,12.6600,33,2
2026-06-25,601012,14:32:56,12.6600,182,2
2026-06-25,601012,14:32:59,12.6600,70,2
2026-06-25,601012,14:33:02,12.6600,66,2
2026-06-25,601012,14:33:05,12.6600,172,2
2026-06-25,601012,14:33:08,12.6500,119,2
2026-06-25,601012,14:33:11,12.6600,272,1
2026-06-25,601012,14:33:14,12.6500,33,2
2026-06-25,601012,14:33:17,12.6500,171,2
2026-06-25,601012,14:33:20,12.6500,177,2
2026-06-25,601012,14:33:23,12.6500,248,2
2026-06-25,601012,14:33:26,12.6600,60,1
2026-06-25,601012,14:33:29,12.6600,750,1
2026-06-25,601012,14:33:32,12.6500,54,2
2026-06-25,601012,14:33:35,12.6600,75,1
2026-06-25,601012,14:33:38,12.6500,7,2
2026-06-25,601012,14:33:41,12.6500,152,2
2026-06-25,601012,14:33:44,12.6500,36,2
2026-06-25,601012,14:33:47,12.6500,287,2
2026-06-25,601012,14:33:50,12.6500,261,1
2026-06-25,601012,14:33:53,12.6400,443,2
2026-06-25,601012,14:33:56,12.6500,152,1
2026-06-25,601012,14:33:59,12.6400,105,2
2026-06-25,601012,14:34:02,12.6400,339,2
2026-06-25,601012,14:34:05,12.6500,488,1
2026-06-25,601012,14:34:08,12.6400,119,2
2026-06-25,601012,14:34:11,12.6400,687,2
2026-06-25,601012,14:34:14,12.6500,231,1
2026-06-25,601012,14:34:17,12.6400,79,2
2026-06-25,601012,14:34:20,12.6500,35,1
2026-06-25,601012,14:34:23,12.6400,24,2
2026-06-25,601012,14:34:26,12.6400,92,2
2026-06-25,601012,14:34:29,12.6400,172,2
2026-06-25,601012,14:34:32,12.6400,91,2
2026-06-25,601012,14:34:35,12.6500,61,1
2026-06-25,601012,14:34:38,12.6400,227,2
2026-06-25,601012,14:34:41,12.6500,149,1
2026-06-25,601012,14:34:44,12.6400,16,2
2026-06-25,601012,14:34:47,12.6400,80,2
2026-06-25,601012,14:34:50,12.6500,65,1
2026-06-25,601012,14:34:53,12.6400,342,2
2026-06-25,601012,14:34:56,12.6400,108,2
2026-06-25,601012,14:34:59,12.6500,70,1
2026-06-25,601012,14:35:02,12.6400,85,2
2026-06-25,601012,14:35:05,12.6500,1973,1
2026-06-25,601012,14:35:08,12.6600,140,1
2026-06-25,601012,14:35:11,12.6600,18,1
2026-06-25,601012,14:35:14,12.6500,202,2
2026-06-25,601012,14:35:17,12.6500,173,2
2026-06-25,601012,14:35:20,12.6500,26,2
2026-06-25,601012,14:35:23,12.6600,152,1
2026-06-25,601012,14:35:26,12.6600,26,1
2026-06-25,601012,14:35:29,12.6500,277,2
2026-06-25,601012,14:35:32,12.6600,33,1
2026-06-25,601012,14:35:35,12.6600,88,1
2026-06-25,601012,14:35:38,12.6500,39,2
2026-06-25,601012,14:35:41,12.6400,864,2
2026-06-25,601012,14:35:44,12.6500,157,1
2026-06-25,601012,14:35:47,12.6300,202,2
2026-06-25,601012,14:35:50,12.6400,48,1
2026-06-25,601012,14:35:53,12.6400,149,2
2026-06-25,601012,14:35:56,12.6500,18,1
2026-06-25,601012,14:35:59,12.6400,18,2
2026-06-25,601012,14:36:02,12.6400,128,2
2026-06-25,601012,14:36:05,12.6400,29,2
2026-06-25,601012,14:36:08,12.6400,154,2
2026-06-25,601012,14:36:11,12.6400,134,2
2026-06-25,601012,14:36:14,12.6400,39,1
2026-06-25,601012,14:36:17,12.6400,91,1
2026-06-25,601012,14:36:20,12.6400,124,1
2026-06-25,601012,14:36:23,12.6400,38,1
2026-06-25,601012,14:36:26,12.6400,150,1
2026-06-25,601012,14:36:29,12.6300,113,2
2026-06-25,601012,14:36:32,12.6300,155,2
2026-06-25,601012,14:36:35,12.6400,312,1
2026-06-25,601012,14:36:38,12.6300,113,2
2026-06-25,601012,14:36:41,12.6300,1,2
2026-06-25,601012,14:36:44,12.6400,200,1
2026-06-25,601012,14:36:47,12.6400,84,1
2026-06-25,601012,14:36:50,12.6500,1251,1
2026-06-25,601012,14:36:53,12.6400,19,2
2026-06-25,601012,14:36:56,12.6400,2,2
2026-06-25,601012,14:36:59,12.6400,44,2
2026-06-25,601012,14:37:02,12.6400,38,2
2026-06-25,601012,14:37:05,12.6500,174,1
2026-06-25,601012,14:37:08,12.6500,27,1
2026-06-25,601012,14:37:11,12.6400,128,2
2026-06-25,601012,14:37:14,12.6400,253,2
2026-06-25,601012,14:37:17,12.6400,667,2
2026-06-25,601012,14:37:20,12.6400,108,2
2026-06-25,601012,14:37:23,12.6500,116,1
2026-06-25,601012,14:37:26,12.6400,684,2
2026-06-25,601012,14:37:29,12.6400,138,2
2026-06-25,601012,14:37:32,12.6400,44,2
2026-06-25,601012,14:37:35,12.6400,164,2
2026-06-25,601012,14:37:38,12.6400,4,1
2026-06-25,601012,14:37:41,12.6400,12,1
2026-06-25,601012,14:37:44,12.6400,4,1
2026-06-25,601012,14:37:47,12.6400,209,1
2026-06-25,601012,14:37:50,12.6400,6,1
2026-06-25,601012,14:37:53,12.6300,71,2
2026-06-25,601012,14:37:56,12.6300,278,2
2026-06-25,601012,14:37:59,12.6300,78,2
2026-06-25,601012,14:38:02,12.6300,479,2
2026-06-25,601012,14:38:05,12.6300,102,2
2026-06-25,601012,14:38:08,12.6300,108,2
2026-06-25,601012,14:38:11,12.6300,71,1
2026-06-25,601012,14:38:14,12.6200,1376,2
2026-06-25,601012,14:38:17,12.6300,72,1
2026-06-25,601012,14:38:20,12.6300,149,1
2026-06-25,601012,14:38:23,12.6300,335,1
2026-06-25,601012,14:38:26,12.6300,98,2
2026-06-25,601012,14:38:29,12.6400,32,1
2026-06-25,601012,14:38:32,12.6300,10,2
2026-06-25,601012,14:38:35,12.6300,70,2
2026-06-25,601012,14:38:38,12.6300,56,2
2026-06-25,601012,14:38:41,12.6300,39,2
2026-06-25,601012,14:38:44,12.6300,56,2
2026-06-25,601012,14:38:47,12.6300,176,2
2026-06-25,601012,14:38:50,12.6300,64,2
2026-06-25,601012,14:38:53,12.6300,48,2
2026-06-25,601012,14:38:56,12.6200,585,2
2026-06-25,601012,14:38:59,12.6300,43,1
2026-06-25,601012,14:39:02,12.6300,12,1
2026-06-25,601012,14:39:05,12.6300,15,1
2026-06-25,601012,14:39:08,12.6300,51,1
2026-06-25,601012,14:39:11,12.6300,64,1
2026-06-25,601012,14:39:14,12.6200,129,2
2026-06-25,601012,14:39:17,12.6300,57,1
2026-06-25,601012,14:39:20,12.6300,73,1
2026-06-25,601012,14:39:23,12.6200,214,2
2026-06-25,601012,14:39:26,12.6200,37,2
2026-06-25,601012,14:39:29,12.6200,48,2
2026-06-25,601012,14:39:32,12.6200,46,2
2026-06-25,601012,14:39:35,12.6200,26,2
2026-06-25,601012,14:39:38,12.6200,588,2
2026-06-25,601012,14:39:41,12.6200,202,2
2026-06-25,601012,14:39:44,12.6200,265,1
2026-06-25,601012,14:39:47,12.6200,354,2
2026-06-25,601012,14:39:50,12.6200,107,2
2026-06-25,601012,14:39:53,12.6200,62,2
2026-06-25,601012,14:39:56,12.6200,90,2
2026-06-25,601012,14:39:59,12.6200,95,2
2026-06-25,601012,14:40:02,12.6200,35,1
2026-06-25,601012,14:40:05,12.6100,389,2
2026-06-25,601012,14:40:08,12.6200,73,1
2026-06-25,601012,14:40:11,12.6100,199,2
2026-06-25,601012,14:40:14,12.6200,185,1
2026-06-25,601012,14:40:17,12.6200,97,1
2026-06-25,601012,14:40:20,12.6200,68,1
2026-06-25,601012,14:40:23,12.6100,31,2
2026-06-25,601012,14:40:26,12.6200,508,1
2026-06-25,601012,14:40:29,12.6100,170,2
2026-06-25,601012,14:40:32,12.6100,32,1
2026-06-25,601012,14:40:35,12.6100,88,1
2026-06-25,601012,14:40:38,12.6000,44,2
2026-06-25,601012,14:40:41,12.6100,631,1
2026-06-25,601012,14:40:44,12.6100,104,2
2026-06-25,601012,14:40:47,12.6100,77,2
2026-06-25,601012,14:40:50,12.6200,108,1
2026-06-25,601012,14:40:53,12.6100,80,2
2026-06-25,601012,14:40:56,12.6100,89,2
2026-06-25,601012,14:40:59,12.6100,45,2
2026-06-25,601012,14:41:02,12.6100,116,2
2026-06-25,601012,14:41:05,12.6100,61,2
2026-06-25,601012,14:41:08,12.6100,127,2
2026-06-25,601012,14:41:11,12.6100,93,2
2026-06-25,601012,14:41:14,12.6100,61,2
2026-06-25,601012,14:41:17,12.6100,174,2
2026-06-25,601012,14:41:20,12.6100,150,2
2026-06-25,601012,14:41:23,12.6200,85,1
2026-06-25,601012,14:41:26,12.6100,520,2
2026-06-25,601012,14:41:29,12.6100,58,1
2026-06-25,601012,14:41:32,12.6000,70,2
2026-06-25,601012,14:41:35,12.6100,22,1
2026-06-25,601012,14:41:38,12.6100,615,1
2026-06-25,601012,14:41:41,12.6100,529,1
2026-06-25,601012,14:41:44,12.6100,160,2
2026-06-25,601012,14:41:47,12.6100,16,2
2026-06-25,601012,14:41:50,12.6100,72,2
2026-06-25,601012,14:41:53,12.6100,73,2
2026-06-25,601012,14:41:56,12.6100,122,2
2026-06-25,601012,14:41:59,12.6100,30,2
2026-06-25,601012,14:42:02,12.6100,43,2
2026-06-25,601012,14:42:05,12.6100,63,2
2026-06-25,601012,14:42:08,12.6100,52,2
2026-06-25,601012,14:42:11,12.6200,2268,1
2026-06-25,601012,14:42:14,12.6300,35,1
2026-06-25,601012,14:42:17,12.6200,15,2
2026-06-25,601012,14:42:20,12.6300,77,1
2026-06-25,601012,14:42:23,12.6300,11,1
2026-06-25,601012,14:42:26,12.6300,15,1
2026-06-25,601012,14:42:29,12.6300,47,1
2026-06-25,601012,14:42:32,12.6200,75,2
2026-06-25,601012,14:42:35,12.6200,234,2
2026-06-25,601012,14:42:38,12.6300,46,1
2026-06-25,601012,14:42:41,12.6200,107,2
2026-06-25,601012,14:42:44,12.6300,9,1
2026-06-25,601012,14:42:47,12.6200,34,2
2026-06-25,601012,14:42:50,12.6300,149,1
2026-06-25,601012,14:42:53,12.6200,32,2
2026-06-25,601012,14:42:56,12.6300,411,1
2026-06-25,601012,14:42:59,12.6300,33,1
2026-06-25,601012,14:43:02,12.6300,102,1
2026-06-25,601012,14:43:05,12.6200,114,2
2026-06-25,601012,14:43:08,12.6300,91,1
2026-06-25,601012,14:43:11,12.6300,424,1
2026-06-25,601012,14:43:14,12.6200,212,2
2026-06-25,601012,14:43:17,12.6300,1914,1
2026-06-25,601012,14:43:20,12.6400,472,1
2026-06-25,601012,14:43:23,12.6300,8,2
2026-06-25,601012,14:43:26,12.6300,87,2
2026-06-25,601012,14:43:29,12.6300,123,2
2026-06-25,601012,14:43:32,12.6400,9,1
2026-06-25,601012,14:43:35,12.6400,52,1
2026-06-25,601012,14:43:38,12.6400,43,1
2026-06-25,601012,14:43:41,12.6300,48,2
2026-06-25,601012,14:43:44,12.6300,52,2
2026-06-25,601012,14:43:47,12.6400,55,1
2026-06-25,601012,14:43:50,12.6400,205,1
2026-06-25,601012,14:43:53,12.6300,148,2
2026-06-25,601012,14:43:56,12.6400,73,1
2026-06-25,601012,14:43:59,12.6400,80,1
2026-06-25,601012,14:44:02,12.6300,145,2
2026-06-25,601012,14:44:05,12.6400,53,1
2026-06-25,601012,14:44:08,12.6300,8,2
2026-06-25,601012,14:44:11,12.6300,81,2
2026-06-25,601012,14:44:14,12.6400,116,1
2026-06-25,601012,14:44:17,12.6300,112,2
2026-06-25,601012,14:44:20,12.6300,61,2
2026-06-25,601012,14:44:23,12.6300,366,2
2026-06-25,601012,14:44:26,12.6300,88,1
2026-06-25,601012,14:44:29,12.6200,116,2
2026-06-25,601012,14:44:32,12.6200,224,2
2026-06-25,601012,14:44:35,12.6200,66,2
2026-06-25,601012,14:44:38,12.6200,63,2
2026-06-25,601012,14:44:41,12.6200,112,2
2026-06-25,601012,14:44:44,12.6300,33,1
2026-06-25,601012,14:44:47,12.6300,22,1
2026-06-25,601012,14:44:50,12.6200,52,2
2026-06-25,601012,14:44:53,12.6100,691,2
2026-06-25,601012,14:44:56,12.6200,125,4
2026-06-25,601012,14:44:59,12.6100,26,2
2026-06-25,601012,14:45:02,12.6100,65,2
2026-06-25,601012,14:45:05,12.6100,122,2
2026-06-25,601012,14:45:08,12.6100,161,2
2026-06-25,601012,14:45:11,12.6100,95,2
2026-06-25,601012,14:45:14,12.6100,133,2
2026-06-25,601012,14:45:17,12.6100,206,2
2026-06-25,601012,14:45:20,12.6100,28,2
2026-06-25,601012,14:45:23,12.6200,209,1
2026-06-25,601012,14:45:26,12.6200,158,1
2026-06-25,601012,14:45:29,12.6200,46,1
2026-06-25,601012,14:45:32,12.6200,13,1
2026-06-25,601012,14:45:35,12.6200,74,1
2026-06-25,601012,14:45:38,12.6100,306,2
2026-06-25,601012,14:45:41,12.6200,104,1
2026-06-25,601012,14:45:44,12.6200,75,1
2026-06-25,601012,14:45:47,12.6200,482,1
2026-06-25,601012,14:45:50,12.6200,28,1
2026-06-25,601012,14:45:53,12.6200,765,1
2026-06-25,601012,14:45:56,12.6200,171,1
2026-06-25,601012,14:45:59,12.6100,89,2
2026-06-25,601012,14:46:02,12.6200,57,1
2026-06-25,601012,14:46:05,12.6100,822,2
2026-06-25,601012,14:46:08,12.6200,223,1
2026-06-25,601012,14:46:11,12.6200,251,2
2026-06-25,601012,14:46:14,12.6200,21,2
2026-06-25,601012,14:46:17,12.6200,155,2
2026-06-25,601012,14:46:20,12.6200,172,2
2026-06-25,601012,14:46:23,12.6100,31,2
2026-06-25,601012,14:46:26,12.6200,67,1
2026-06-25,601012,14:46:29,12.6100,78,2
2026-06-25,601012,14:46:32,12.6200,798,1
2026-06-25,601012,14:46:35,12.6200,655,2
2026-06-25,601012,14:46:38,12.6200,123,2
2026-06-25,601012,14:46:41,12.6200,375,1
2026-06-25,601012,14:46:44,12.6200,385,1
2026-06-25,601012,14:46:47,12.6200,321,1
2026-06-25,601012,14:46:50,12.6200,906,1
2026-06-25,601012,14:46:53,12.6200,129,2
2026-06-25,601012,14:46:56,12.6200,179,2
2026-06-25,601012,14:46:59,12.6200,136,2
2026-06-25,601012,14:47:02,12.6200,122,2
2026-06-25,601012,14:47:05,12.6200,331,2
2026-06-25,601012,14:47:08,12.6300,154,1
2026-06-25,601012,14:47:11,12.6200,59,2
2026-06-25,601012,14:47:14,12.6200,197,2
2026-06-25,601012,14:47:17,12.6100,80,2
2026-06-25,601012,14:47:20,12.6100,33,2
2026-06-25,601012,14:47:23,12.6100,37,2
2026-06-25,601012,14:47:26,12.6100,305,2
2026-06-25,601012,14:47:29,12.6200,449,1
2026-06-25,601012,14:47:32,12.6300,164,1
2026-06-25,601012,14:47:35,12.6300,64,1
2026-06-25,601012,14:47:38,12.6300,52,1
2026-06-25,601012,14:47:41,12.6200,110,2
2026-06-25,601012,14:47:44,12.6300,677,1
2026-06-25,601012,14:47:47,12.6300,33,1
2026-06-25,601012,14:47:50,12.6200,76,2
2026-06-25,601012,14:47:53,12.6200,45,2
2026-06-25,601012,14:47:56,12.6200,148,2
2026-06-25,601012,14:47:59,12.6300,15,1
2026-06-25,601012,14:48:02,12.6200,160,2
2026-06-25,601012,14:48:05,12.6200,179,2
2026-06-25,601012,14:48:08,12.6200,61,2
2026-06-25,601012,14:48:11,12.6300,48,1
2026-06-25,601012,14:48:14,12.6300,59,1
2026-06-25,601012,14:48:17,12.6300,74,1
2026-06-25,601012,14:48:20,12.6300,93,1
2026-06-25,601012,14:48:23,12.6300,153,1
2026-06-25,601012,14:48:26,12.6300,34,1
2026-06-25,601012,14:48:29,12.6300,20,1
2026-06-25,601012,14:48:32,12.6200,60,2
2026-06-25,601012,14:48:35,12.6300,173,1
2026-06-25,601012,14:48:38,12.6200,12,2
2026-06-25,601012,14:48:41,12.6200,63,2
2026-06-25,601012,14:48:44,12.6200,56,2
2026-06-25,601012,14:48:47,12.6300,16,1
2026-06-25,601012,14:48:50,12.6300,79,1
2026-06-25,601012,14:48:53,12.6200,56,2
2026-06-25,601012,14:48:56,12.6200,61,2
2026-06-25,601012,14:48:59,12.6300,29,1
2026-06-25,601012,14:49:02,12.6300,197,1
2026-06-25,601012,14:49:05,12.6300,57,1
2026-06-25,601012,14:49:08,12.6300,381,1
2026-06-25,601012,14:49:11,12.6300,143,1
2026-06-25,601012,14:49:14,12.6300,201,1
2026-06-25,601012,14:49:17,12.6300,114,1
2026-06-25,601012,14:49:20,12.6300,255,1
2026-06-25,601012,14:49:23,12.6300,208,1
2026-06-25,601012,14:49:26,12.6300,73,1
2026-06-25,601012,14:49:29,12.6300,264,1
2026-06-25,601012,14:49:32,12.6200,79,2
2026-06-25,601012,14:49:35,12.6200,49,2
2026-06-25,601012,14:49:38,12.6200,158,2
2026-06-25,601012,14:49:41,12.6200,420,2
2026-06-25,601012,14:49:44,12.6200,68,2
2026-06-25,601012,14:49:47,12.6300,46,1
2026-06-25,601012,14:49:50,12.6300,17,1
2026-06-25,601012,14:49:53,12.6200,81,2
2026-06-25,601012,14:49:56,12.6300,13,1
2026-06-25,601012,14:49:59,12.6300,177,1
2026-06-25,601012,14:50:02,12.6300,1478,1
2026-06-25,601012,14:50:05,12.6300,721,1
2026-06-25,601012,14:50:08,12.6300,393,1
2026-06-25,601012,14:50:11,12.6300,317,2
2026-06-25,601012,14:50:14,12.6300,973,1
2026-06-25,601012,14:50:17,12.6300,665,2
2026-06-25,601012,14:50:20,12.6400,952,1
2026-06-25,601012,14:50:23,12.6500,57,1
2026-06-25,601012,14:50:26,12.6500,573,1
2026-06-25,601012,14:50:29,12.6500,92,1
2026-06-25,601012,14:50:32,12.6500,127,1
2026-06-25,601012,14:50:35,12.6400,94,2
2026-06-25,601012,14:50:38,12.6400,67,2
2026-06-25,601012,14:50:41,12.6400,665,2
2026-06-25,601012,14:50:44,12.6400,246,2
2026-06-25,601012,14:50:47,12.6400,280,2
2026-06-25,601012,14:50:50,12.6400,846,2
2026-06-25,601012,14:50:53,12.6400,1022,1
2026-06-25,601012,14:50:56,12.6400,133,1
2026-06-25,601012,14:50:59,12.6400,66,1
2026-06-25,601012,14:51:02,12.6400,332,1
2026-06-25,601012,14:51:05,12.6400,773,1
2026-06-25,601012,14:51:08,12.6300,323,2
2026-06-25,601012,14:51:11,12.6300,180,2
2026-06-25,601012,14:51:14,12.6400,258,1
2026-06-25,601012,14:51:17,12.6300,94,2
2026-06-25,601012,14:51:20,12.6300,278,2
2026-06-25,601012,14:51:23,12.6300,296,2
2026-06-25,601012,14:51:26,12.6300,68,2
2026-06-25,601012,14:51:29,12.6300,86,2
2026-06-25,601012,14:51:32,12.6300,659,2
2026-06-25,601012,14:51:35,12.6400,296,1
2026-06-25,601012,14:51:38,12.6400,42,1
2026-06-25,601012,14:51:41,12.6400,121,1
2026-06-25,601012,14:51:44,12.6400,81,1
2026-06-25,601012,14:51:47,12.6300,181,2
2026-06-25,601012,14:51:50,12.6300,228,2
2026-06-25,601012,14:51:53,12.6400,262,1
2026-06-25,601012,14:51:56,12.6400,153,1
2026-06-25,601012,14:51:59,12.6400,157,1
2026-06-25,601012,14:52:02,12.6300,164,2
2026-06-25,601012,14:52:05,12.6300,251,2
2026-06-25,601012,14:52:08,12.6300,198,2
2026-06-25,601012,14:52:11,12.6300,517,2
2026-06-25,601012,14:52:14,12.6300,179,2
2026-06-25,601012,14:52:17,12.6400,53,1
2026-06-25,601012,14:52:20,12.6300,359,2
2026-06-25,601012,14:52:23,12.6300,93,2
2026-06-25,601012,14:52:26,12.6400,196,1
2026-06-25,601012,14:52:29,12.6400,64,1
2026-06-25,601012,14:52:32,12.6300,95,2
2026-06-25,601012,14:52:35,12.6300,150,2
2026-06-25,601012,14:52:38,12.6300,535,2
2026-06-25,601012,14:52:41,12.6300,950,2
2026-06-25,601012,14:52:44,12.6300,67,2
2026-06-25,601012,14:52:47,12.6300,71,1
2026-06-25,601012,14:52:50,12.6300,89,1
2026-06-25,601012,14:52:53,12.6300,37,1
2026-06-25,601012,14:52:56,12.6200,204,2
2026-06-25,601012,14:52:59,12.6200,122,2
2026-06-25,601012,14:53:02,12.6200,74,2
2026-06-25,601012,14:53:05,12.6300,204,1
2026-06-25,601012,14:53:08,12.6300,183,1
2026-06-25,601012,14:53:11,12.6200,284,2
2026-06-25,601012,14:53:14,12.6200,242,2
2026-06-25,601012,14:53:17,12.6300,40,1
2026-06-25,601012,14:53:20,12.6200,237,2
2026-06-25,601012,14:53:23,12.6300,82,1
2026-06-25,601012,14:53:26,12.6300,524,1
2026-06-25,601012,14:53:29,12.6300,99,1
2026-06-25,601012,14:53:32,12.6300,302,1
2026-06-25,601012,14:53:35,12.6200,520,2
2026-06-25,601012,14:53:38,12.6200,115,2
2026-06-25,601012,14:53:41,12.6200,240,2
2026-06-25,601012,14:53:44,12.6300,185,1
2026-06-25,601012,14:53:47,12.6300,207,1
2026-06-25,601012,14:53:50,12.6200,249,2
2026-06-25,601012,14:53:53,12.6200,134,2
2026-06-25,601012,14:53:56,12.6200,252,2
2026-06-25,601012,14:53:59,12.6300,952,1
2026-06-25,601012,14:54:02,12.6200,366,2
2026-06-25,601012,14:54:05,12.6300,210,1
2026-06-25,601012,14:54:08,12.6200,944,2
2026-06-25,601012,14:54:11,12.6200,183,2
2026-06-25,601012,14:54:14,12.6200,83,2
2026-06-25,601012,14:54:17,12.6300,452,1
2026-06-25,601012,14:54:20,12.6300,147,1
2026-06-25,601012,14:54:23,12.6200,74,2
2026-06-25,601012,14:54:26,12.6300,102,1
2026-06-25,601012,14:54:29,12.6200,218,2
2026-06-25,601012,14:54:32,12.6300,270,1
2026-06-25,601012,14:54:35,12.6300,115,1
2026-06-25,601012,14:54:38,12.6200,226,2
2026-06-25,601012,14:54:41,12.6200,74,2
2026-06-25,601012,14:54:44,12.6300,205,1
2026-06-25,601012,14:54:47,12.6200,299,2
2026-06-25,601012,14:54:50,12.6200,291,2
2026-06-25,601012,14:54:53,12.6200,426,2
2026-06-25,601012,14:54:56,12.6300,203,1
2026-06-25,601012,14:54:59,12.6300,240,1
2026-06-25,601012,14:55:02,12.6200,646,2
2026-06-25,601012,14:55:05,12.6200,2004,2
2026-06-25,601012,14:55:08,12.6200,253,2
2026-06-25,601012,14:55:11,12.6300,79,1
2026-06-25,601012,14:55:14,12.6200,385,2
2026-06-25,601012,14:55:17,12.6200,647,2
2026-06-25,601012,14:55:20,12.6200,513,2
2026-06-25,601012,14:55:23,12.6200,777,2
2026-06-25,601012,14:55:26,12.6200,654,2
2026-06-25,601012,14:55:29,12.6200,238,2
2026-06-25,601012,14:55:32,12.6200,947,2
2026-06-25,601012,14:55:35,12.6200,1467,2
2026-06-25,601012,14:55:38,12.6200,1120,2
2026-06-25,601012,14:55:41,12.6200,1325,2
2026-06-25,601012,14:55:44,12.6200,181,1
2026-06-25,601012,14:55:47,12.6200,191,1
2026-06-25,601012,14:55:50,12.6100,106,2
2026-06-25,601012,14:55:53,12.6200,871,1
2026-06-25,601012,14:55:56,12.6200,362,2
2026-06-25,601012,14:55:59,12.6200,671,2
2026-06-25,601012,14:56:02,12.6200,352,2
2026-06-25,601012,14:56:05,12.6200,211,2
2026-06-25,601012,14:56:08,12.6200,241,2
2026-06-25,601012,14:56:11,12.6200,556,2
2026-06-25,601012,14:56:14,12.6200,736,1
2026-06-25,601012,14:56:17,12.6200,215,1
2026-06-25,601012,14:56:20,12.6100,270,2
2026-06-25,601012,14:56:23,12.6200,271,1
2026-06-25,601012,14:56:26,12.6100,146,2
2026-06-25,601012,14:56:29,12.6100,143,2
2026-06-25,601012,14:56:32,12.6200,1716,1
2026-06-25,601012,14:56:35,12.6200,691,2
2026-06-25,601012,14:56:38,12.6200,385,2
2026-06-25,601012,14:56:41,12.6200,157,1
2026-06-25,601012,14:56:44,12.6200,339,1
2026-06-25,601012,14:56:47,12.6200,202,2
2026-06-25,601012,14:56:50,12.6200,1946,2
2026-06-25,601012,14:56:53,12.6200,149,2
2026-06-25,601012,14:56:56,12.6200,299,2
2026-06-25,601012,14:56:59,12.6200,593,2
2026-06-25,601012,14:57:02,12.6200,15,2
2026-06-25,601012,15:00:02,12.6100,11252,4
2026-06-25,601012,13:16:35,12.8300,2248,2
2026-06-25,601012,13:16:38,12.8400,1653,1
2026-06-25,601012,13:16:41,12.8400,466,2
2026-06-25,601012,13:16:44,12.8400,436,2
2026-06-25,601012,13:16:47,12.8400,637,2
2026-06-25,601012,13:16:50,12.8400,673,2
2026-06-25,601012,13:16:53,12.8400,294,1
2026-06-25,601012,13:16:56,12.8200,279,2
2026-06-25,601012,13:16:59,12.8300,378,1
2026-06-25,601012,13:17:02,12.8200,241,2
2026-06-25,601012,13:17:05,12.8100,82,2
2026-06-25,601012,13:17:08,12.8200,466,1
2026-06-25,601012,13:17:11,12.8100,850,2
2026-06-25,601012,13:17:14,12.8100,754,2
2026-06-25,601012,13:17:17,12.8100,3301,1
2026-06-25,601012,13:17:20,12.8100,1880,1
2026-06-25,601012,13:17:23,12.8100,1243,2
2026-06-25,601012,13:17:26,12.8200,381,1
2026-06-25,601012,13:17:29,12.8200,264,2
2026-06-25,601012,13:17:32,12.8200,1022,2
2026-06-25,601012,13:17:35,12.8200,580,2
2026-06-25,601012,13:17:38,12.8100,182,2
2026-06-25,601012,13:17:41,12.8100,491,1
2026-06-25,601012,13:17:44,12.8000,462,2
2026-06-25,601012,13:17:47,12.8100,1276,1
2026-06-25,601012,13:17:50,12.8000,942,2
2026-06-25,601012,13:17:53,12.8100,333,1
2026-06-25,601012,13:17:56,12.8000,544,2
2026-06-25,601012,13:17:59,12.8100,1579,1
2026-06-25,601012,13:18:02,12.8000,647,2
2026-06-25,601012,13:18:05,12.8000,903,2
2026-06-25,601012,13:18:08,12.8100,471,1
2026-06-25,601012,13:18:11,12.8100,434,1
2026-06-25,601012,13:18:14,12.8100,275,1
2026-06-25,601012,13:18:17,12.8000,196,2
2026-06-25,601012,13:18:20,12.8000,235,1
2026-06-25,601012,13:18:23,12.8000,167,1
2026-06-25,601012,13:18:26,12.8000,438,1
2026-06-25,601012,13:18:29,12.7900,1146,2
2026-06-25,601012,13:18:32,12.7900,1582,1
2026-06-25,601012,13:18:35,12.7900,477,2
2026-06-25,601012,13:18:38,12.7900,782,2
2026-06-25,601012,13:18:41,12.7800,403,2
2026-06-25,601012,13:18:44,12.7700,572,2
2026-06-25,601012,13:18:47,12.7600,148,2
2026-06-25,601012,13:18:50,12.7600,441,2
2026-06-25,601012,13:18:53,12.7600,971,2
2026-06-25,601012,13:18:56,12.7500,239,2
2026-06-25,601012,13:18:59,12.7500,2093,2
2026-06-25,601012,13:19:02,12.7500,842,2
2026-06-25,601012,13:19:05,12.7600,635,1
2026-06-25,601012,13:19:08,12.7600,491,1
2026-06-25,601012,13:19:11,12.7600,299,1
2026-06-25,601012,13:19:14,12.7500,653,2
2026-06-25,601012,13:19:17,12.7500,173,2
2026-06-25,601012,13:19:20,12.7500,620,2
2026-06-25,601012,13:19:23,12.7500,447,2
2026-06-25,601012,13:19:26,12.7600,453,1
2026-06-25,601012,13:19:29,12.7500,935,2
2026-06-25,601012,13:19:32,12.7500,192,2
2026-06-25,601012,13:19:35,12.7600,273,1
2026-06-25,601012,13:19:38,12.7600,138,1
2026-06-25,601012,13:19:41,12.7600,272,1
2026-06-25,601012,13:19:44,12.7600,853,1
2026-06-25,601012,13:19:47,12.7700,174,1
2026-06-25,601012,13:19:50,12.7700,155,1
2026-06-25,601012,13:19:53,12.7700,258,1
2026-06-25,601012,13:19:56,12.7700,330,1
2026-06-25,601012,13:19:59,12.7700,1021,1
2026-06-25,601012,13:20:02,12.7700,1745,2
2026-06-25,601012,13:20:05,12.7800,270,1
2026-06-25,601012,13:20:08,12.7800,2826,2
2026-06-25,601012,13:20:11,12.7800,255,1
2026-06-25,601012,13:20:14,12.7900,315,1
2026-06-25,601012,13:20:17,12.7800,966,2
2026-06-25,601012,13:20:20,12.7800,180,1
2026-06-25,601012,13:20:23,12.7700,345,2
2026-06-25,601012,13:20:26,12.7800,606,1
2026-06-25,601012,13:20:29,12.7800,67,2
2026-06-25,601012,13:20:32,12.7900,1521,1
2026-06-25,601012,13:20:35,12.7900,314,1
2026-06-25,601012,13:20:38,12.7800,923,4
2026-06-25,601012,13:20:41,12.7800,607,1
2026-06-25,601012,13:20:44,12.7700,134,2
2026-06-25,601012,13:20:47,12.7700,243,1
2026-06-25,601012,13:20:50,12.7500,2024,2
2026-06-25,601012,13:20:53,12.7400,377,2
2026-06-25,601012,13:20:56,12.7400,187,1
2026-06-25,601012,13:20:59,12.7300,53,2
2026-06-25,601012,13:21:02,12.7200,45,2
2026-06-25,601012,13:21:05,12.7200,340,2
2026-06-25,601012,13:21:08,12.7200,1372,2
2026-06-25,601012,13:21:11,12.7200,500,2
2026-06-25,601012,13:21:14,12.7200,192,1
2026-06-25,601012,13:21:17,12.7100,169,2
2026-06-25,601012,13:21:20,12.7100,240,2
2026-06-25,601012,13:21:23,12.7100,493,2
2026-06-25,601012,13:21:26,12.7100,418,2
2026-06-25,601012,13:21:29,12.7100,890,2
2026-06-25,601012,13:21:32,12.7100,406,2
2026-06-25,601012,13:21:35,12.7100,579,2
2026-06-25,601012,13:21:38,12.7200,131,1
2026-06-25,601012,13:21:41,12.7200,194,2
2026-06-25,601012,13:21:44,12.7300,85,1
2026-06-25,601012,13:21:47,12.7200,310,2
2026-06-25,601012,13:21:50,12.7200,291,2
2026-06-25,601012,13:21:53,12.7300,178,1
2026-06-25,601012,13:21:56,12.7300,224,1
2026-06-25,601012,13:21:59,12.7300,66,1
2026-06-25,601012,13:22:02,12.7200,163,2
2026-06-25,601012,13:22:05,12.7300,127,1
2026-06-25,601012,13:22:08,12.7200,1343,2
2026-06-25,601012,13:22:11,12.7200,145,1
2026-06-25,601012,13:22:14,12.7200,172,1
2026-06-25,601012,13:22:17,12.7200,91,1
2026-06-25,601012,13:22:20,12.7100,449,2
2026-06-25,601012,13:22:23,12.7200,366,1
2026-06-25,601012,13:22:26,12.7200,73,2
2026-06-25,601012,13:22:29,12.7200,1185,2
2026-06-25,601012,13:22:32,12.7200,631,2
2026-06-25,601012,13:22:35,12.7100,1621,2
2026-06-25,601012,13:22:38,12.7100,273,1
2026-06-25,601012,13:22:41,12.7100,474,1
2026-06-25,601012,13:22:44,12.7000,223,2
2026-06-25,601012,13:22:47,12.7000,522,2
2026-06-25,601012,13:22:50,12.7000,399,2
2026-06-25,601012,13:22:53,12.7100,1115,1
2026-06-25,601012,13:22:56,12.7000,286,2
2026-06-25,601012,13:22:59,12.6900,688,2
2026-06-25,601012,13:23:02,12.6900,95,2
2026-06-25,601012,13:23:05,12.6900,467,2
2026-06-25,601012,13:23:08,12.6900,254,2
2026-06-25,601012,13:23:11,12.6900,438,2
2026-06-25,601012,13:23:14,12.6900,217,2
2026-06-25,601012,13:23:17,12.6900,54,1
2026-06-25,601012,13:23:20,12.6800,110,2
2026-06-25,601012,13:23:23,12.6800,269,2
2026-06-25,601012,13:23:26,12.6900,185,1
2026-06-25,601012,13:23:29,12.6800,99,2
2026-06-25,601012,13:23:32,12.6800,398,2
2026-06-25,601012,13:23:35,12.6800,848,2
2026-06-25,601012,13:23:38,12.6800,921,2
2026-06-25,601012,13:23:41,12.6800,162,2
2026-06-25,601012,13:23:44,12.6800,159,2
2026-06-25,601012,13:23:47,12.6800,725,1
2026-06-25,601012,13:23:50,12.6800,98,2
2026-06-25,601012,13:23:53,12.6800,457,2
2026-06-25,601012,13:23:56,12.6800,302,1
2026-06-25,601012,13:23:59,12.6800,464,2
2026-06-25,601012,13:24:02,12.6800,336,2
2026-06-25,601012,13:24:05,12.6800,143,2
2026-06-25,601012,13:24:08,12.6800,232,2
2026-06-25,601012,13:24:11,12.6800,69,2
2026-06-25,601012,13:24:14,12.6900,197,1
2026-06-25,601012,13:24:17,12.6800,92,2
2026-06-25,601012,13:24:20,12.6700,2062,2
2026-06-25,601012,13:24:23,12.6800,128,1
2026-06-25,601012,13:24:26,12.6700,508,2
2026-06-25,601012,13:24:29,12.6700,315,2
2026-06-25,601012,13:24:32,12.6700,86,2
2026-06-25,601012,13:24:35,12.6700,2088,2
2026-06-25,601012,13:24:38,12.6600,124,2
2026-06-25,601012,13:24:41,12.6700,698,1
2026-06-25,601012,13:24:44,12.6600,334,2
2026-06-25,601012,13:24:47,12.6700,312,1
2026-06-25,601012,13:24:50,12.6700,127,1
2026-06-25,601012,13:24:53,12.6700,477,1
2026-06-25,601012,13:24:56,12.6600,226,2
2026-06-25,601012,13:24:59,12.6600,192,1
2026-06-25,601012,13:25:02,12.6700,1098,1
2026-06-25,601012,13:25:05,12.6800,76,1
2026-06-25,601012,13:25:08,12.6800,3231,1
2026-06-25,601012,13:25:11,12.6700,315,4
2026-06-25,601012,13:25:14,12.6500,239,2
2026-06-25,601012,13:25:17,12.6600,1686,4
2026-06-25,601012,13:25:20,12.6500,1027,2
2026-06-25,601012,13:25:23,12.6500,216,1
2026-06-25,601012,13:25:26,12.6500,480,1
2026-06-25,601012,13:25:29,12.6400,67,2
2026-06-25,601012,13:25:32,12.6500,15,1
2026-06-25,601012,13:25:35,12.6500,41,1
2026-06-25,601012,13:25:38,12.6500,167,1
2026-06-25,601012,13:25:41,12.6400,204,2
2026-06-25,601012,13:25:44,12.6500,196,1
2026-06-25,601012,13:25:47,12.6500,111,1
2026-06-25,601012,13:25:50,12.6500,136,1
2026-06-25,601012,13:25:53,12.6500,82,1
2026-06-25,601012,13:25:56,12.6400,37,2
2026-06-25,601012,13:25:59,12.6400,60,2
2026-06-25,601012,13:26:02,12.6400,105,2
2026-06-25,601012,13:26:05,12.6400,505,2
2026-06-25,601012,13:26:08,12.6400,128,2
2026-06-25,601012,13:26:11,12.6500,83,1
2026-06-25,601012,13:26:14,12.6500,704,1
2026-06-25,601012,13:26:17,12.6500,280,1
2026-06-25,601012,13:26:20,12.6500,244,1
2026-06-25,601012,13:26:23,12.6500,152,1
2026-06-25,601012,13:26:26,12.6500,385,1
2026-06-25,601012,13:26:29,12.6500,399,1
2026-06-25,601012,13:26:32,12.6500,321,1
2026-06-25,601012,13:26:35,12.6500,501,1
2026-06-25,601012,13:26:38,12.6500,497,2
2026-06-25,601012,13:26:41,12.6500,479,1
2026-06-25,601012,13:26:44,12.6500,231,1
2026-06-25,601012,13:26:47,12.6600,235,1
2026-06-25,601012,13:26:50,12.6500,71,2
2026-06-25,601012,13:26:53,12.6500,267,2
2026-06-25,601012,13:26:56,12.6600,278,1
2026-06-25,601012,13:26:59,12.6600,118,1
2026-06-25,601012,13:27:02,12.6600,181,1
2026-06-25,601012,13:27:05,12.6600,233,1
2026-06-25,601012,13:27:08,12.6600,357,1
2026-06-25,601012,13:27:11,12.6600,185,2
2026-06-25,601012,13:27:14,12.6600,37,2
2026-06-25,601012,13:27:17,12.6600,42,2
2026-06-25,601012,13:27:20,12.6700,167,1
2026-06-25,601012,13:27:23,12.6700,73,1
2026-06-25,601012,13:27:26,12.6700,1685,1
2026-06-25,601012,13:27:29,12.6600,556,2
2026-06-25,601012,13:27:32,12.6600,245,1
2026-06-25,601012,13:27:35,12.6700,384,1
2026-06-25,601012,13:27:38,12.6600,277,4
2026-06-25,601012,13:27:41,12.6600,404,1
2026-06-25,601012,13:27:44,12.6600,368,2
2026-06-25,601012,13:27:47,12.6600,1000,1
2026-06-25,601012,13:27:50,12.6600,152,1
2026-06-25,601012,13:27:53,12.6600,192,1
2026-06-25,601012,13:27:56,12.6500,318,2
2026-06-25,601012,13:27:59,12.6500,322,2
2026-06-25,601012,13:28:02,12.6600,955,1
2026-06-25,601012,13:28:05,12.6600,722,1
2026-06-25,601012,13:28:08,12.6500,127,2
2026-06-25,601012,13:28:11,12.6500,43,2
2026-06-25,601012,13:28:14,12.6500,78,2
2026-06-25,601012,13:28:17,12.6600,100,1
2026-06-25,601012,13:28:20,12.6400,1032,2
2026-06-25,601012,13:28:23,12.6400,155,2
2026-06-25,601012,13:28:26,12.6500,103,1
2026-06-25,601012,13:28:29,12.6400,121,2
2026-06-25,601012,13:28:32,12.6400,600,2
2026-06-25,601012,13:28:35,12.6400,154,2
2026-06-25,601012,13:28:38,12.6500,393,1
2026-06-25,601012,13:28:41,12.6400,554,2
2026-06-25,601012,13:28:44,12.6400,81,2
2026-06-25,601012,13:28:47,12.6300,38,2
2026-06-25,601012,13:28:50,12.6300,255,2
2026-06-25,601012,13:28:53,12.6300,45,2
2026-06-25,601012,13:28:56,12.6300,144,2
2026-06-25,601012,13:28:59,12.6400,146,1
2026-06-25,601012,13:29:02,12.6400,136,1
2026-06-25,601012,13:29:05,12.6300,153,2
2026-06-25,601012,13:29:08,12.6300,65,2
2026-06-25,601012,13:29:11,12.6300,236,2
2026-06-25,601012,13:29:14,12.6300,56,2
2026-06-25,601012,13:29:17,12.6300,45,2
2026-06-25,601012,13:29:20,12.6300,137,2
2026-06-25,601012,13:29:23,12.6300,140,2
2026-06-25,601012,13:29:26,12.6300,87,2
2026-06-25,601012,13:29:29,12.6300,153,2
2026-06-25,601012,13:29:32,12.6300,145,2
2026-06-25,601012,13:29:35,12.6400,305,1
2026-06-25,601012,13:29:38,12.6300,92,2
2026-06-25,601012,13:29:41,12.6100,4252,2
2026-06-25,601012,13:29:44,12.6200,125,1
2026-06-25,601012,13:29:47,12.6100,100,2
2026-06-25,601012,13:29:50,12.6200,73,1
2026-06-25,601012,13:29:53,12.6200,232,1
2026-06-25,601012,13:29:56,12.6100,59,2
2026-06-25,601012,13:29:59,12.6100,259,2
2026-06-25,601012,13:30:02,12.6200,203,1
2026-06-25,601012,13:30:05,12.6200,40,1
2026-06-25,601012,13:30:08,12.6200,145,1
2026-06-25,601012,13:30:11,12.6200,90,1
2026-06-25,601012,13:30:14,12.6100,103,2
2026-06-25,601012,13:30:17,12.6100,109,2
2026-06-25,601012,13:30:20,12.6200,25,1
2026-06-25,601012,13:30:23,12.6200,18,1
2026-06-25,601012,13:30:26,12.6100,151,2
2026-06-25,601012,13:30:29,12.6100,61,2
2026-06-25,601012,13:30:32,12.6100,126,2
2026-06-25,601012,13:30:35,12.6200,171,1
2026-06-25,601012,13:30:38,12.6100,2,2
2026-06-25,601012,13:30:41,12.6200,20,1
2026-06-25,601012,13:30:44,12.6100,38,2
2026-06-25,601012,13:30:47,12.6100,229,2
2026-06-25,601012,13:30:50,12.6100,153,2
2026-06-25,601012,13:30:53,12.6100,451,2
2026-06-25,601012,13:30:56,12.6100,204,2
2026-06-25,601012,13:30:59,12.6100,143,2
2026-06-25,601012,13:31:02,12.6100,48,2
2026-06-25,601012,13:31:05,12.6100,195,2
2026-06-25,601012,13:31:08,12.6100,95,2
2026-06-25,601012,13:31:11,12.6200,12,1
2026-06-25,601012,13:31:14,12.6200,151,1
2026-06-25,601012,13:31:17,12.6200,223,1
2026-06-25,601012,13:31:20,12.6200,155,1
2026-06-25,601012,13:31:23,12.6100,76,2
2026-06-25,601012,13:31:26,12.6100,102,2
2026-06-25,601012,13:31:29,12.6200,119,1
2026-06-25,601012,13:31:32,12.6200,41,1
2026-06-25,601012,13:31:35,12.6200,146,1
2026-06-25,601012,13:31:38,12.6200,300,1
2026-06-25,601012,13:31:41,12.6200,188,1
2026-06-25,601012,13:31:44,12.6200,150,1
2026-06-25,601012,13:31:47,12.6200,453,1
2026-06-25,601012,13:31:50,12.6200,431,1
2026-06-25,601012,13:31:53,12.6200,207,1
2026-06-25,601012,13:31:56,12.6200,15,2
2026-06-25,601012,13:31:59,12.6300,10,1
2026-06-25,601012,13:32:02,12.6300,115,1
2026-06-25,601012,13:32:05,12.6300,1096,1
2026-06-25,601012,13:32:08,12.6300,415,1
2026-06-25,601012,13:32:11,12.6300,79,2
2026-06-25,601012,13:32:14,12.6400,883,1
2026-06-25,601012,13:32:17,12.6400,1480,2
2026-06-25,601012,13:32:20,12.6300,139,2
2026-06-25,601012,13:32:23,12.6300,432,2
2026-06-25,601012,13:32:26,12.6400,203,1
2026-06-25,601012,13:32:29,12.6400,202,1
2026-06-25,601012,13:32:32,12.6500,160,1
2026-06-25,601012,13:32:35,12.6400,120,2
2026-06-25,601012,13:32:38,12.6400,141,2
2026-06-25,601012,13:32:41,12.6400,4298,2
2026-06-25,601012,13:32:44,12.6400,1411,1
2026-06-25,601012,13:32:47,12.6300,148,2
2026-06-25,601012,13:32:50,12.6300,81,2
2026-06-25,601012,13:32:53,12.6300,423,2
2026-06-25,601012,13:32:56,12.6300,140,1
2026-06-25,601012,13:32:59,12.6300,199,1
2026-06-25,601012,13:33:02,12.6300,141,1
2026-06-25,601012,13:33:05,12.6200,313,2
2026-06-25,601012,13:33:08,12.6300,63,1
2026-06-25,601012,13:33:11,12.6200,193,2
2026-06-25,601012,13:33:14,12.6200,63,2
2026-06-25,601012,13:33:17,12.6200,93,2
2026-06-25,601012,13:33:20,12.6200,982,2
2026-06-25,601012,13:33:23,12.6100,165,2
2026-06-25,601012,13:33:26,12.6100,48,2
2026-06-25,601012,13:33:29,12.6200,23,1
2026-06-25,601012,13:33:32,12.6100,124,2
2026-06-25,601012,13:33:35,12.6200,582,1
2026-06-25,601012,13:33:38,12.6100,1686,2
2026-06-25,601012,13:33:41,12.6100,481,1
2026-06-25,601012,13:33:44,12.6000,151,2
2026-06-25,601012,13:33:47,12.6000,44,2
2026-06-25,601012,13:33:50,12.6100,74,1
2026-06-25,601012,13:33:53,12.6100,67,1
2026-06-25,601012,13:33:56,12.6000,1598,2
2026-06-25,601012,13:33:59,12.6000,1996,2
2026-06-25,601012,13:34:02,12.5900,127,2
2026-06-25,601012,13:34:05,12.5900,131,2
2026-06-25,601012,13:34:08,12.5900,364,2
2026-06-25,601012,13:34:11,12.5900,195,2
2026-06-25,601012,13:34:14,12.5900,82,2
2026-06-25,601012,13:34:17,12.5900,128,2
2026-06-25,601012,13:34:20,12.5900,322,2
2026-06-25,601012,13:34:23,12.5800,750,2
2026-06-25,601012,13:34:26,12.5800,129,2
2026-06-25,601012,13:34:29,12.5800,116,2
2026-06-25,601012,13:34:32,12.5800,170,2
2026-06-25,601012,13:34:35,12.5900,56,1
2026-06-25,601012,13:34:38,12.5900,564,1
2026-06-25,601012,13:34:41,12.5900,343,1
2026-06-25,601012,13:34:44,12.5800,203,2
2026-06-25,601012,13:34:47,12.5800,127,2
2026-06-25,601012,13:34:50,12.5800,182,2
2026-06-25,601012,13:34:53,12.5700,914,2
2026-06-25,601012,13:34:56,12.5700,156,2
2026-06-25,601012,13:34:59,12.5700,30,2
2026-06-25,601012,13:35:02,12.5700,334,2
2026-06-25,601012,13:35:05,12.5800,545,1
2026-06-25,601012,13:35:08,12.5800,176,1
2026-06-25,601012,13:35:11,12.5800,318,1
2026-06-25,601012,13:35:14,12.5700,64,2
2026-06-25,601012,13:35:17,12.5700,98,2
2026-06-25,601012,13:35:20,12.5800,116,1
2026-06-25,601012,13:35:23,12.5700,103,2
2026-06-25,601012,13:35:26,12.5700,105,2
2026-06-25,601012,13:35:29,12.5700,56,2
2026-06-25,601012,13:35:32,12.5700,11,2
2026-06-25,601012,13:35:35,12.5700,30,2
2026-06-25,601012,13:35:38,12.5800,112,1
2026-06-25,601012,13:35:41,12.5800,70,1
2026-06-25,601012,13:35:44,12.5800,301,1
2026-06-25,601012,13:35:47,12.5800,72,2
2026-06-25,601012,13:35:50,12.5800,66,2
2026-06-25,601012,13:35:53,12.5800,155,2
2026-06-25,601012,13:35:56,12.5800,35,2
2026-06-25,601012,13:35:59,12.5800,56,2
2026-06-25,601012,13:36:02,12.5800,155,2
2026-06-25,601012,13:36:05,12.5800,143,2
2026-06-25,601012,13:36:08,12.5800,148,2
2026-06-25,601012,13:36:11,12.5900,134,1
2026-06-25,601012,13:36:14,12.5800,209,2
2026-06-25,601012,13:36:17,12.5900,84,1
2026-06-25,601012,13:36:20,12.5800,25,2
2026-06-25,601012,13:36:26,12.5800,256,2
2026-06-25,601012,13:36:29,12.5900,113,1
2026-06-25,601012,13:36:32,12.5900,123,1
2026-06-25,601012,13:36:35,12.5800,54,2
2026-06-25,601012,13:36:38,12.5900,20,1
2026-06-25,601012,13:36:41,12.5900,57,1
2026-06-25,601012,13:36:44,12.5900,79,1
2026-06-25,601012,13:36:47,12.5700,3301,2
2026-06-25,601012,13:36:50,12.5800,294,1
2026-06-25,601012,13:36:53,12.5700,75,2
2026-06-25,601012,13:36:56,12.5700,121,2
2026-06-25,601012,13:36:59,12.5800,173,1
2026-06-25,601012,13:37:02,12.5700,127,2
2026-06-25,601012,13:37:05,12.5700,151,2
2026-06-25,601012,13:37:08,12.5700,219,2
2026-06-25,601012,13:37:11,12.5700,88,2
2026-06-25,601012,13:37:14,12.5700,151,2
2026-06-25,601012,13:37:17,12.5800,147,1
2026-06-25,601012,13:37:20,12.5700,72,2
2026-06-25,601012,13:37:23,12.5700,141,2
2026-06-25,601012,13:37:26,12.5700,82,2
2026-06-25,601012,13:37:29,12.5700,64,2
2026-06-25,601012,13:37:32,12.5800,78,1
2026-06-25,601012,13:37:35,12.5700,89,2
2026-06-25,601012,13:37:38,12.5800,12,1
2026-06-25,601012,13:37:41,12.5800,86,1
2026-06-25,601012,13:37:44,12.5700,65,2
2026-06-25,601012,13:37:47,12.5800,42,1
2026-06-25,601012,13:37:50,12.5800,31,1
2026-06-25,601012,13:37:53,12.5800,72,1
2026-06-25,601012,13:37:56,12.5800,20,1
2026-06-25,601012,13:37:59,12.5700,66,2
2026-06-25,601012,13:38:02,12.5700,575,2
2026-06-25,601012,13:38:05,12.5700,1020,2
2026-06-25,601012,13:38:08,12.5700,87,1
2026-06-25,601012,13:38:11,12.5600,12,2
2026-06-25,601012,13:38:14,12.5600,31,2
2026-06-25,601012,13:38:17,12.5700,212,1
2026-06-25,601012,13:38:20,12.5600,238,2
2026-06-25,601012,13:38:23,12.5600,145,2
2026-06-25,601012,13:38:26,12.5600,952,2
2026-06-25,601012,13:38:29,12.5700,53,1
2026-06-25,601012,13:38:32,12.5600,210,2
2026-06-25,601012,13:38:35,12.5600,134,2
2026-06-25,601012,13:38:38,12.5700,30,1
2026-06-25,601012,13:38:41,12.5600,28,2
2026-06-25,601012,13:38:44,12.5700,73,1
2026-06-25,601012,13:38:47,12.5600,52,2
2026-06-25,601012,13:38:50,12.5600,246,2
2026-06-25,601012,13:38:53,12.5700,14,1
2026-06-25,601012,13:38:56,12.5600,39,2
2026-06-25,601012,13:38:59,12.5700,109,1
2026-06-25,601012,13:39:02,12.5600,95,2
2026-06-25,601012,13:39:05,12.5700,46,1
2026-06-25,601012,13:39:08,12.5700,10,1
2026-06-25,601012,13:39:11,12.5700,85,1
2026-06-25,601012,13:39:14,12.5700,14,1
2026-06-25,601012,13:39:17,12.5700,60,1
2026-06-25,601012,13:39:20,12.5600,40,2
2026-06-25,601012,13:39:23,12.5600,84,2
2026-06-25,601012,13:39:26,12.5700,26,1
2026-06-25,601012,13:39:29,12.5600,99,2
2026-06-25,601012,13:39:32,12.5600,364,2
2026-06-25,601012,13:39:35,12.5700,30,1
2026-06-25,601012,13:39:38,12.5700,404,1
2026-06-25,601012,13:39:41,12.5600,443,2
2026-06-25,601012,13:39:44,12.5600,103,2
2026-06-25,601012,13:39:47,12.5600,49,2
2026-06-25,601012,13:39:50,12.5600,237,2
2026-06-25,601012,13:39:53,12.5600,1679,2
2026-06-25,601012,13:39:56,12.5600,125,1
2026-06-25,601012,13:39:59,12.5600,133,1
2026-06-25,601012,13:40:02,12.5600,47,1
2026-06-25,601012,13:40:05,12.5500,180,2
2026-06-25,601012,13:40:08,12.5600,87,1
2026-06-25,601012,13:40:11,12.5600,39,1
2026-06-25,601012,13:40:14,12.5600,203,1
2026-06-25,601012,13:40:17,12.5600,230,1
2026-06-25,601012,13:40:20,12.5600,71,1
2026-06-25,601012,13:40:23,12.5600,81,1
2026-06-25,601012,13:40:26,12.5600,58,1
2026-06-25,601012,13:40:29,12.5600,286,1
2026-06-25,601012,13:40:32,12.5600,20,2
2026-06-25,601012,13:40:35,12.5600,77,2
2026-06-25,601012,13:40:38,12.5700,26,1
2026-06-25,601012,13:40:41,12.5700,27,1
2026-06-25,601012,13:40:44,12.5700,51,1
2026-06-25,601012,13:40:47,12.5600,70,2
2026-06-25,601012,13:40:50,12.5700,93,1
2026-06-25,601012,13:40:53,12.5600,151,2
2026-06-25,601012,13:40:56,12.5700,48,1
2026-06-25,601012,13:40:59,12.5700,140,1
2026-06-25,601012,13:41:02,12.5700,626,1
2026-06-25,601012,13:41:05,12.5700,85,1
2026-06-25,601012,13:41:08,12.5700,211,1
2026-06-25,601012,13:41:11,12.5600,316,2
2026-06-25,601012,13:41:14,12.5700,219,1
2026-06-25,601012,13:41:17,12.5700,267,1
2026-06-25,601012,13:41:20,12.5700,244,1
2026-06-25,601012,13:41:23,12.5700,733,2
2026-06-25,601012,13:41:26,12.5700,83,2
2026-06-25,601012,13:41:29,12.5700,94,2
2026-06-25,601012,13:41:32,12.5700,38,2
2026-06-25,601012,13:41:35,12.5700,45,2
2026-06-25,601012,13:41:38,12.5700,45,2
2026-06-25,601012,13:41:41,12.5700,35,2
2026-06-25,601012,13:41:44,12.5700,42,2
2026-06-25,601012,13:41:47,12.5700,529,2
2026-06-25,601012,13:41:50,12.5700,225,1
2026-06-25,601012,13:41:53,12.5700,48,1
2026-06-25,601012,13:41:56,12.5700,116,1
2026-06-25,601012,13:41:59,12.5700,25,1
2026-06-25,601012,13:42:02,12.5700,182,1
2026-06-25,601012,13:42:05,12.5700,83,1
2026-06-25,601012,13:42:08,12.5700,79,1
2026-06-25,601012,13:42:11,12.5700,142,1
2026-06-25,601012,13:42:14,12.5600,53,2
2026-06-25,601012,13:42:17,12.5700,548,1
2026-06-25,601012,13:42:20,12.5700,1,1
2026-06-25,601012,13:42:23,12.5600,54,2
2026-06-25,601012,13:42:26,12.5600,23,2
2026-06-25,601012,13:42:29,12.5600,80,2
2026-06-25,601012,13:42:32,12.5600,140,2
2026-06-25,601012,13:42:35,12.5600,27,2
2026-06-25,601012,13:42:38,12.5700,15,1
2026-06-25,601012,13:42:41,12.5600,55,2
2026-06-25,601012,13:42:44,12.5600,32,2
2026-06-25,601012,13:42:47,12.5700,149,1
2026-06-25,601012,13:42:50,12.5700,23,1
2026-06-25,601012,13:42:53,12.5600,114,2
2026-06-25,601012,13:42:56,12.5600,40,2
2026-06-25,601012,13:42:59,12.5600,17,2
2026-06-25,601012,13:43:02,12.5700,219,1
2026-06-25,601012,13:43:05,12.5700,40,1
2026-06-25,601012,13:43:11,12.5700,7,1
2026-06-25,601012,13:43:14,12.5600,160,2
2026-06-25,601012,13:43:17,12.5700,21,1
2026-06-25,601012,13:43:20,12.5600,543,2
2026-06-25,601012,13:43:23,12.5600,29,2
2026-06-25,601012,13:43:26,12.5700,10,1
2026-06-25,601012,13:43:29,12.5600,7,2
2026-06-25,601012,13:43:32,12.5600,9,2
2026-06-25,601012,13:43:35,12.5700,96,1
2026-06-25,601012,13:43:38,12.5700,57,1
2026-06-25,601012,13:43:41,12.5700,30,1
2026-06-25,601012,13:43:44,12.5700,104,1
2026-06-25,601012,13:43:47,12.5600,69,2
2026-06-25,601012,13:43:50,12.5600,127,2
2026-06-25,601012,13:43:53,12.5700,59,1
2026-06-25,601012,13:43:56,12.5700,332,1
2026-06-25,601012,13:43:59,12.5700,144,1
2026-06-25,601012,13:44:02,12.5700,251,1
2026-06-25,601012,13:44:05,12.5700,11,1
2026-06-25,601012,13:44:08,12.5600,48,2
2026-06-25,601012,13:44:11,12.5700,52,1
2026-06-25,601012,13:44:14,12.5600,1911,2
2026-06-25,601012,13:44:17,12.5600,418,4
2026-06-25,601012,13:44:20,12.5600,101,1
2026-06-25,601012,13:44:23,12.5500,116,2
2026-06-25,601012,13:44:26,12.5600,253,1
2026-06-25,601012,13:44:29,12.5700,20,1
2026-06-25,601012,13:44:32,12.5700,32,1
2026-06-25,601012,13:44:35,12.5700,53,1
2026-06-25,601012,13:44:38,12.5600,63,2
2026-06-25,601012,13:44:41,12.5600,149,2
2026-06-25,601012,13:44:44,12.5700,51,1
2026-06-25,601012,13:44:47,12.5700,23,1
2026-06-25,601012,13:44:50,12.5600,21,2
2026-06-25,601012,13:44:53,12.5700,133,1
2026-06-25,601012,13:44:56,12.5600,16,2
2026-06-25,601012,13:44:59,12.5600,29,2
2026-06-25,601012,13:45:02,12.5600,87,2
2026-06-25,601012,13:45:05,12.5700,62,1
2026-06-25,601012,13:45:08,12.5700,2,1
2026-06-25,601012,13:45:11,12.5700,93,1
2026-06-25,601012,13:45:14,12.5600,83,2
2026-06-25,601012,13:45:17,12.5700,515,1
2026-06-25,601012,13:45:20,12.5700,12,1
2026-06-25,601012,13:45:23,12.5600,130,2
2026-06-25,601012,13:45:26,12.5600,84,2
2026-06-25,601012,13:45:29,12.5700,62,1
2026-06-25,601012,13:45:32,12.5700,85,1
2026-06-25,601012,13:45:35,12.5700,106,1
2026-06-25,601012,13:45:38,12.5700,229,1
2026-06-25,601012,13:45:41,12.5700,258,1
2026-06-25,601012,13:45:44,12.5700,430,1
2026-06-25,601012,13:45:47,12.5700,289,1
2026-06-25,601012,13:45:50,12.5700,41,2
2026-06-25,601012,13:45:53,12.5700,234,2
2026-06-25,601012,13:45:56,12.5800,53,1
2026-06-25,601012,13:45:59,12.5800,412,1
2026-06-25,601012,13:46:02,12.5700,577,2
2026-06-25,601012,13:46:05,12.5700,84,2
2026-06-25,601012,13:46:08,12.5700,73,2
2026-06-25,601012,13:46:11,12.5700,78,2
2026-06-25,601012,13:46:14,12.5700,402,2
2026-06-25,601012,13:46:17,12.5700,649,2
2026-06-25,601012,13:46:20,12.5700,212,2
2026-06-25,601012,13:46:23,12.5700,40,2
2026-06-25,601012,13:46:26,12.5600,705,2
2026-06-25,601012,13:46:29,12.5700,696,1
2026-06-25,601012,13:46:32,12.5600,7,2
2026-06-25,601012,13:46:35,12.5700,128,1
2026-06-25,601012,13:46:38,12.5700,150,1
2026-06-25,601012,13:46:41,12.5600,132,2
2026-06-25,601012,13:46:44,12.5600,14,2
2026-06-25,601012,13:46:47,12.5700,36,1
2026-06-25,601012,13:46:50,12.5600,37,2
2026-06-25,601012,13:46:53,12.5700,21,1
2026-06-25,601012,13:46:56,12.5700,134,1
2026-06-25,601012,13:46:59,12.5700,72,1
2026-06-25,601012,13:47:02,12.5600,157,2
2026-06-25,601012,13:47:05,12.5600,56,2
2026-06-25,601012,13:47:08,12.5700,54,1
2026-06-25,601012,13:47:11,12.5700,336,1
2026-06-25,601012,13:47:14,12.5700,120,1
2026-06-25,601012,13:47:17,12.5600,273,2
2026-06-25,601012,13:47:20,12.5700,114,1
2026-06-25,601012,13:47:23,12.5600,70,2
2026-06-25,601012,13:47:26,12.5700,6,1
2026-06-25,601012,13:47:29,12.5600,10,2
2026-06-25,601012,13:47:32,12.5600,141,2
2026-06-25,601012,13:47:35,12.5700,13,1
2026-06-25,601012,13:47:38,12.5700,11,1
2026-06-25,601012,13:47:41,12.5700,22,1
2026-06-25,601012,13:47:44,12.5600,80,2
2026-06-25,601012,13:47:47,12.5600,4,2
2026-06-25,601012,13:47:50,12.5700,70,1
2026-06-25,601012,13:47:53,12.5700,23,1
2026-06-25,601012,13:47:56,12.5700,15,1
2026-06-25,601012,13:47:59,12.5700,52,1
2026-06-25,601012,13:48:02,12.5600,94,2
2026-06-25,601012,13:48:05,12.5700,321,1
2026-06-25,601012,13:48:08,12.5700,36,1
2026-06-25,601012,13:48:11,12.5700,169,1
2026-06-25,601012,13:48:14,12.5700,71,1
2026-06-25,601012,13:48:17,12.5600,121,2
2026-06-25,601012,13:48:20,12.5700,49,1
2026-06-25,601012,13:48:23,12.5700,34,1
2026-06-25,601012,13:48:26,12.5700,62,1
2026-06-25,601012,13:48:29,12.5700,105,2
2026-06-25,601012,13:48:32,12.5700,110,2
2026-06-25,601012,13:48:35,12.5700,41,2
2026-06-25,601012,13:48:38,12.5700,65,2
2026-06-25,601012,13:48:41,12.5800,144,1
2026-06-25,601012,13:48:44,12.5700,324,2
2026-06-25,601012,13:48:47,12.5700,232,2
2026-06-25,601012,13:48:50,12.5700,106,1
2026-06-25,601012,13:48:53,12.5600,175,2
2026-06-25,601012,13:48:56,12.5700,91,1
2026-06-25,601012,13:48:59,12.5700,17,1
2026-06-25,601012,13:49:02,12.5700,137,1
2026-06-25,601012,13:49:05,12.5600,54,2
2026-06-25,601012,13:49:08,12.5700,162,1
2026-06-25,601012,13:49:11,12.5700,84,1
2026-06-25,601012,13:49:14,12.5700,52,1
2026-06-25,601012,13:49:17,12.5700,41,1
2026-06-25,601012,13:49:20,12.5700,72,1
2026-06-25,601012,13:49:23,12.5700,77,1
2026-06-25,601012,13:49:26,12.5600,115,2
2026-06-25,601012,13:49:29,12.5700,53,2
2026-06-25,601012,13:49:32,12.5700,134,2
2026-06-25,601012,13:49:35,12.5700,44,1
2026-06-25,601012,13:49:38,12.5700,63,1
2026-06-25,601012,13:49:41,12.5700,72,2
2026-06-25,601012,13:49:44,12.5700,133,1
2026-06-25,601012,13:49:47,12.5600,76,2
2026-06-25,601012,13:49:50,12.5700,34,1
2026-06-25,601012,13:49:53,12.5600,2079,2
2026-06-25,601012,13:49:56,12.5500,577,2
2026-06-25,601012,13:49:59,12.5500,36,2
2026-06-25,601012,13:50:02,12.5600,12,1
2026-06-25,601012,13:50:05,12.5600,341,1
2026-06-25,601012,13:50:08,12.5600,48,1
2026-06-25,601012,13:50:11,12.5500,51,2
2026-06-25,601012,13:50:14,12.5500,89,2
2026-06-25,601012,13:50:17,12.5500,35,2
2026-06-25,601012,13:50:20,12.5600,55,1
2026-06-25,601012,13:50:23,12.5600,44,1
2026-06-25,601012,13:50:26,12.5500,106,2
2026-06-25,601012,13:50:29,12.5500,87,2
2026-06-25,601012,13:50:32,12.5600,103,1
2026-06-25,601012,13:50:35,12.5500,24,2
2026-06-25,601012,13:50:38,12.5500,33,2
2026-06-25,601012,13:50:41,12.5500,582,2
2026-06-25,601012,13:50:44,12.5600,40,1
2026-06-25,601012,13:50:47,12.5500,2,2
2026-06-25,601012,13:50:50,12.5500,11,2
2026-06-25,601012,13:50:53,12.5600,709,1
2026-06-25,601012,13:50:56,12.5500,49,2
2026-06-25,601012,13:50:59,12.5600,36,1
2026-06-25,601012,13:51:02,12.5500,47,2
2026-06-25,601012,13:51:05,12.5600,104,1
2026-06-25,601012,13:51:08,12.5600,69,2
2026-06-25,601012,13:51:11,12.5600,18,2
2026-06-25,601012,13:51:14,12.5600,2,2
2026-06-25,601012,13:51:17,12.5700,17,1
2026-06-25,601012,13:51:20,12.5600,52,2
2026-06-25,601012,13:51:23,12.5700,69,1
2026-06-25,601012,13:51:26,12.5600,135,2
2026-06-25,601012,13:51:29,12.5700,18,1
2026-06-25,601012,13:51:32,12.5600,6,2
2026-06-25,601012,13:51:35,12.5600,23,2
2026-06-25,601012,13:51:38,12.5600,15,2
2026-06-25,601012,13:51:41,12.5600,15,2
2026-06-25,601012,13:51:44,12.5600,19,2
2026-06-25,601012,13:51:47,12.5700,1,1
2026-06-25,601012,13:51:50,12.5600,572,2
2026-06-25,601012,13:51:53,12.5600,2,2
2026-06-25,601012,13:51:56,12.5600,49,2
2026-06-25,601012,13:51:59,12.5700,70,1
2026-06-25,601012,13:52:02,12.5600,144,2
2026-06-25,601012,13:52:05,12.5600,181,4
2026-06-25,601012,13:52:08,12.5600,49,1
2026-06-25,601012,13:52:11,12.5500,22,2
2026-06-25,601012,13:52:14,12.5600,108,1
2026-06-25,601012,13:52:17,12.5500,437,2
2026-06-25,601012,13:52:20,12.5500,336,2
2026-06-25,601012,13:52:23,12.5600,39,1
2026-06-25,601012,13:52:26,12.5600,2,1
2026-06-25,601012,13:52:29,12.5500,38,2
2026-06-25,601012,13:52:32,12.5600,40,1
2026-06-25,601012,13:52:35,12.5500,13,2
2026-06-25,601012,13:52:38,12.5500,41,2
2026-06-25,601012,13:52:41,12.5500,24,2
2026-06-25,601012,13:52:44,12.5500,1,2
2026-06-25,601012,13:52:47,12.5500,25,2
2026-06-25,601012,13:52:50,12.5600,72,1
2026-06-25,601012,13:52:53,12.5600,9,1
2026-06-25,601012,13:52:56,12.5500,53,2
2026-06-25,601012,13:52:59,12.5500,69,2
2026-06-25,601012,13:53:02,12.5500,169,2
2026-06-25,601012,13:53:05,12.5500,81,2
2026-06-25,601012,13:53:08,12.5500,24,2
2026-06-25,601012,13:53:14,12.5600,134,1
2026-06-25,601012,13:53:20,12.5500,60,2
2026-06-25,601012,13:53:23,12.5500,162,2
2026-06-25,601012,13:53:26,12.5500,246,2
2026-06-25,601012,13:53:29,12.5500,13,2
2026-06-25,601012,13:53:32,12.5500,508,2
2026-06-25,601012,13:53:35,12.5600,4,1
2026-06-25,601012,13:53:38,12.5600,62,1
2026-06-25,601012,13:53:41,12.5500,40,2
2026-06-25,601012,13:53:44,12.5600,58,1
2026-06-25,601012,13:53:47,12.5500,15,2
2026-06-25,601012,13:53:50,12.5500,166,2
2026-06-25,601012,13:53:53,12.5600,66,1
2026-06-25,601012,13:53:56,12.5500,1,2
2026-06-25,601012,13:53:59,12.5500,81,2
2026-06-25,601012,13:54:02,12.5600,205,1
2026-06-25,601012,13:54:05,12.5600,34,1
2026-06-25,601012,13:54:08,12.5500,26,2
2026-06-25,601012,13:54:11,12.5500,21,2
2026-06-25,601012,13:54:14,12.5500,41,2
2026-06-25,601012,13:54:17,12.5500,73,2
2026-06-25,601012,13:54:20,12.5500,6,2
2026-06-25,601012,13:54:23,12.5500,870,2
2026-06-25,601012,13:54:26,12.5500,10,2
2026-06-25,601012,13:54:29,12.5500,18,2
2026-06-25,601012,13:54:32,12.5500,296,2
2026-06-25,601012,13:54:35,12.5600,585,1
2026-06-25,601012,13:54:38,12.5500,67,2
2026-06-25,601012,13:54:41,12.5500,115,2
2026-06-25,601012,13:54:44,12.5400,879,2
2026-06-25,601012,13:54:47,12.5400,126,2
2026-06-25,601012,13:54:50,12.5400,57,2
2026-06-25,601012,13:54:53,12.5400,88,2
2026-06-25,601012,13:54:56,12.5500,96,1
2026-06-25,601012,13:54:59,12.5400,105,2
2026-06-25,601012,13:55:02,12.5500,82,1
2026-06-25,601012,13:55:05,12.5400,74,2
2026-06-25,601012,13:55:08,12.5500,60,1
2026-06-25,601012,13:55:11,12.5400,67,2
2026-06-25,601012,13:55:14,12.5400,201,2
2026-06-25,601012,13:55:17,12.5400,1133,2
2026-06-25,601012,13:55:20,12.5400,60,1
2026-06-25,601012,13:55:23,12.5300,147,2
2026-06-25,601012,13:55:26,12.5400,126,1
2026-06-25,601012,13:55:29,12.5400,102,1
2026-06-25,601012,13:55:32,12.5400,28,1
2026-06-25,601012,13:55:35,12.5300,69,2
2026-06-25,601012,13:55:38,12.5300,42,2
2026-06-25,601012,13:55:41,12.5300,769,2
2026-06-25,601012,13:55:44,12.5300,82,2
2026-06-25,601012,13:55:47,12.5300,55,2
2026-06-25,601012,13:55:50,12.5400,10,1
2026-06-25,601012,13:55:53,12.5300,52,2
2026-06-25,601012,13:55:56,12.5300,203,2
2026-06-25,601012,13:55:59,12.5300,159,2
2026-06-25,601012,13:56:02,12.5300,30,2
2026-06-25,601012,13:56:05,12.5400,92,1
2026-06-25,601012,13:56:08,12.5300,321,2
2026-06-25,601012,13:56:11,12.5300,47,1
2026-06-25,601012,13:56:14,12.5300,58,1
2026-06-25,601012,13:56:17,12.5300,28,1
2026-06-25,601012,13:56:20,12.5200,48,2
2026-06-25,601012,13:56:23,12.5200,192,2
2026-06-25,601012,13:56:26,12.5300,523,1
2026-06-25,601012,13:56:29,12.5200,804,2
2026-06-25,601012,13:56:32,12.5200,35,2
2026-06-25,601012,13:56:35,12.5200,11,2
2026-06-25,601012,13:56:38,12.5300,27,1
2026-06-25,601012,13:56:41,12.5300,79,1
2026-06-25,601012,13:56:44,12.5200,13,2
2026-06-25,601012,13:56:47,12.5200,245,2
2026-06-25,601012,13:56:50,12.5300,504,1
2026-06-25,601012,13:56:53,12.5200,85,4
2026-06-25,601012,13:56:56,12.5200,45,1
2026-06-25,601012,13:56:59,12.5200,70,1
2026-06-25,601012,13:57:02,12.5200,69,1
2026-06-25,601012,13:57:05,12.5100,270,2
2026-06-25,601012,13:57:08,12.5200,203,1
2026-06-25,601012,13:57:11,12.5200,54,1
2026-06-25,601012,13:57:14,12.5100,270,2
2026-06-25,601012,13:57:17,12.5100,52,2
2026-06-25,601012,13:57:20,12.5100,24,2
2026-06-25,601012,13:57:23,12.5200,154,1
2026-06-25,601012,13:57:26,12.5200,154,1
2026-06-25,601012,13:57:29,12.5200,334,1
2026-06-25,601012,13:57:32,12.5200,15,2
2026-06-25,601012,13:57:35,12.5200,169,2
2026-06-25,601012,13:57:38,12.5200,43,2
2026-06-25,601012,13:57:41,12.5300,749,1
2026-06-25,601012,13:57:44,12.5300,8,1
2026-06-25,601012,13:57:47,12.5300,63,1
2026-06-25,601012,13:57:50,12.5300,88,1
2026-06-25,601012,13:57:53,12.5200,31,2
2026-06-25,601012,13:57:56,12.5200,11,2
2026-06-25,601012,13:57:59,12.5200,117,2
2026-06-25,601012,13:58:02,12.5200,26,2
2026-06-25,601012,13:58:05,12.5300,72,1
2026-06-25,601012,13:58:08,12.5200,103,2
2026-06-25,601012,13:58:11,12.5300,82,1
2026-06-25,601012,13:58:14,12.5200,105,2
2026-06-25,601012,13:58:17,12.5200,24,2
2026-06-25,601012,13:58:20,12.5200,77,2
2026-06-25,601012,13:58:23,12.5300,106,1
2026-06-25,601012,13:58:26,12.5200,214,2
2026-06-25,601012,13:58:29,12.5300,103,1
2026-06-25,601012,13:58:32,12.5300,528,1
2026-06-25,601012,13:58:35,12.5300,169,1
2026-06-25,601012,13:58:38,12.5300,36,1
2026-06-25,601012,13:58:41,12.5300,58,1
2026-06-25,601012,13:58:44,12.5100,2881,2
2026-06-25,601012,13:58:47,12.5100,270,1
2026-06-25,601012,13:58:50,12.5100,84,1
2026-06-25,601012,13:58:53,12.5100,48,1
2026-06-25,601012,13:58:56,12.5100,114,1
2026-06-25,601012,13:58:59,12.5000,615,2
2026-06-25,601012,13:59:02,12.5100,132,1
2026-06-25,601012,13:59:05,12.5100,138,1
2026-06-25,601012,13:59:08,12.5100,57,1
2026-06-25,601012,13:59:11,12.5100,103,1
2026-06-25,601012,13:59:14,12.5000,63,2
2026-06-25,601012,13:59:17,12.5000,9,2
2026-06-25,601012,13:59:20,12.5100,51,1
2026-06-25,601012,13:59:23,12.5100,133,1
2026-06-25,601012,13:59:26,12.5100,215,1
2026-06-25,601012,13:59:29,12.5100,255,2
2026-06-25,601012,13:59:32,12.5100,20,2
2026-06-25,601012,13:59:35,12.5100,87,2
2026-06-25,601012,13:59:38,12.5100,63,1
2026-06-25,601012,13:59:41,12.5200,57,1
2026-06-25,601012,13:59:44,12.5100,12,2
2026-06-25,601012,13:59:47,12.5100,60,2
2026-06-25,601012,13:59:50,12.5200,2,1
2026-06-25,601012,13:59:53,12.5200,81,1
2026-06-25,601012,13:59:56,12.5200,80,1
2026-06-25,601012,13:59:59,12.5200,55,1
2026-06-25,601012,14:00:02,12.5100,118,2
2026-06-25,601012,14:00:05,12.5200,15,1
2026-06-25,601012,14:00:08,12.5100,11,2
2026-06-25,601012,14:00:11,12.5100,25,2
2026-06-25,601012,14:00:14,12.5200,60,1
2026-06-25,601012,14:00:17,12.5100,6,2
2026-06-25,601012,14:00:20,12.5100,22,2
2026-06-25,601012,14:00:23,12.5200,95,1
2026-06-25,601012,14:00:26,12.5200,99,1
2026-06-25,601012,14:00:29,12.5200,133,1
2026-06-25,601012,14:00:32,12.5100,93,2
2026-06-25,601012,14:00:35,12.5200,213,1
2026-06-25,601012,14:00:38,12.5200,168,1
2026-06-25,601012,14:00:41,12.5200,584,1
2026-06-25,601012,14:00:44,12.5200,44,2
2026-06-25,601012,14:00:47,12.5200,151,2
2026-06-25,601012,14:00:50,12.5200,13,2
2026-06-25,601012,14:00:53,12.5300,121,1
2026-06-25,601012,14:00:56,12.5200,12,2
2026-06-25,601012,14:00:59,12.5200,418,2
2026-06-25,601012,14:01:02,12.5200,20,2
2026-06-25,601012,14:01:05,12.5200,29,2
2026-06-25,601012,14:01:08,12.5300,114,1
2026-06-25,601012,14:01:11,12.5200,245,2
2026-06-25,601012,14:01:14,12.5300,158,1
2026-06-25,601012,14:01:17,12.5300,6,1
2026-06-25,601012,14:01:20,12.5200,91,2
2026-06-25,601012,14:01:23,12.5300,139,1
2026-06-25,601012,14:01:26,12.5300,3,1
2026-06-25,601012,14:01:29,12.5300,163,1
2026-06-25,601012,14:01:32,12.5300,116,1
2026-06-25,601012,14:01:35,12.5300,152,1
2026-06-25,601012,14:01:38,12.5300,219,1
2026-06-25,601012,14:01:41,12.5300,117,1
2026-06-25,601012,14:01:44,12.5300,56,1
2026-06-25,601012,14:01:47,12.5300,31,1
2026-06-25,601012,14:01:50,12.5300,67,1
2026-06-25,601012,14:01:53,12.5300,25,1
2026-06-25,601012,14:01:56,12.5300,48,1
2026-06-25,601012,14:01:59,12.5300,169,1
2026-06-25,601012,14:02:02,12.5300,181,2
2026-06-25,601012,14:02:05,12.5300,63,2
2026-06-25,601012,14:02:08,12.5300,198,1
2026-06-25,601012,14:02:11,12.5300,99,2
2026-06-25,601012,14:02:14,12.5300,18,2
2026-06-25,601012,14:02:17,12.5300,10,2
2026-06-25,601012,14:02:20,12.5300,4,2
2026-06-25,601012,14:02:23,12.5300,0,2
2026-06-25,601012,14:02:26,12.5400,30,1
2026-06-25,601012,14:02:29,12.5300,12,2
2026-06-25,601012,14:02:32,12.5400,195,1
2026-06-25,601012,14:02:35,12.5300,526,2
2026-06-25,601012,14:02:38,12.5300,1463,2
2026-06-25,601012,14:02:41,12.5300,94,1
2026-06-25,601012,14:02:44,12.5300,107,1
2026-06-25,601012,14:02:47,12.5300,110,1
2026-06-25,601012,14:02:50,12.5200,13,2
2026-06-25,601012,14:02:53,12.5200,49,2
2026-06-25,601012,14:02:56,12.5300,28,1
2026-06-25,601012,14:02:59,12.5200,267,2
2026-06-25,601012,14:03:02,12.5200,13,2
2026-06-25,601012,14:03:05,12.5200,39,2
2026-06-25,601012,14:03:08,12.5200,6,2
2026-06-25,601012,14:03:11,12.5200,1424,2
2026-06-25,601012,14:03:14,12.5200,24,2
2026-06-25,601012,14:03:17,12.5200,205,2
2026-06-25,601012,14:03:20,12.5200,222,2
2026-06-25,601012,14:03:23,12.5200,41,1
2026-06-25,601012,14:03:26,12.5100,166,2
2026-06-25,601012,14:03:29,12.5100,47,2
2026-06-25,601012,14:03:32,12.5200,155,1
2026-06-25,601012,14:03:35,12.5200,45,1
2026-06-25,601012,14:03:38,12.5100,43,2
2026-06-25,601012,14:03:41,12.5100,252,2
2026-06-25,601012,14:03:44,12.5100,50,2
2026-06-25,601012,14:03:47,12.5100,29,2
2026-06-25,601012,14:03:50,12.5200,36,1
2026-06-25,601012,14:03:53,12.5100,81,2
2026-06-25,601012,14:03:56,12.5200,37,1
2026-06-25,601012,14:03:59,12.5100,77,2
2026-06-25,601012,14:04:02,12.5200,96,1
2026-06-25,601012,14:04:05,12.5200,81,1
2026-06-25,601012,14:04:08,12.5100,50,2
2026-06-25,601012,14:04:11,12.5200,38,1
2026-06-25,601012,14:04:14,12.5200,14,1
2026-06-25,601012,14:04:17,12.5200,60,1
2026-06-25,601012,14:04:20,12.5200,7,1
2026-06-25,601012,14:04:23,12.5100,104,2
2026-06-25,601012,14:04:26,12.5200,7,1
2026-06-25,601012,14:04:29,12.5200,22,1
2026-06-25,601012,14:04:32,12.5200,81,1
2026-06-25,601012,14:04:35,12.5100,64,2
2026-06-25,601012,14:04:38,12.5100,46,2
2026-06-25,601012,14:04:41,12.5200,68,1
2026-06-25,601012,14:04:44,12.5200,4,1
2026-06-25,601012,14:04:47,12.5200,483,1
2026-06-25,601012,14:04:50,12.5100,2,2
2026-06-25,601012,14:04:53,12.5200,24,1
2026-06-25,601012,14:04:56,12.5100,48,2
2026-06-25,601012,14:04:59,12.5200,3,1
2026-06-25,601012,14:05:02,12.5100,105,2
2026-06-25,601012,14:05:05,12.5100,5,2
2026-06-25,601012,14:05:08,12.5100,242,2
2026-06-25,601012,14:05:11,12.5100,478,2
2026-06-25,601012,14:05:14,12.5200,332,1
2026-06-25,601012,14:05:17,12.5200,400,1
2026-06-25,601012,14:05:20,12.5200,30,2
2026-06-25,601012,14:05:23,12.5300,262,1
2026-06-25,601012,14:05:26,12.5200,5,2
2026-06-25,601012,14:05:29,12.5300,55,1
2026-06-25,601012,14:05:32,12.5200,25,2
2026-06-25,601012,14:05:35,12.5300,43,1
2026-06-25,601012,14:05:38,12.5300,57,1
2026-06-25,601012,14:05:41,12.5300,13,1
2026-06-25,601012,14:05:44,12.5200,16,2
2026-06-25,601012,14:05:50,12.5300,211,1
2026-06-25,601012,14:05:53,12.5200,276,2
2026-06-25,601012,14:05:56,12.5200,47,2
2026-06-25,601012,14:05:59,12.5200,1,2
2026-06-25,601012,14:06:02,12.5200,63,2
2026-06-25,601012,14:06:05,12.5200,163,2
2026-06-25,601012,14:06:08,12.5300,23,1
2026-06-25,601012,14:06:11,12.5300,132,1
2026-06-25,601012,14:06:14,12.5300,58,1
2026-06-25,601012,14:06:17,12.5300,382,1
2026-06-25,601012,14:06:20,12.5300,75,1
2026-06-25,601012,14:06:23,12.5400,20,1
2026-06-25,601012,14:06:26,12.5400,17,1
2026-06-25,601012,14:06:29,12.5400,107,1
2026-06-25,601012,14:06:32,12.5300,42,2
2026-06-25,601012,14:06:35,12.5400,115,1
2026-06-25,601012,14:06:38,12.5400,123,1
2026-06-25,601012,14:06:41,12.5400,108,1
2026-06-25,601012,14:06:44,12.5300,312,2
2026-06-25,601012,14:06:47,12.5300,511,2
2026-06-25,601012,10:55:56,12.5500,15,1
2026-06-25,601012,10:55:59,12.5400,23,2
2026-06-25,601012,10:56:02,12.5500,51,1
2026-06-25,601012,10:56:05,12.5500,292,1
2026-06-25,601012,10:56:08,12.5400,38,2
2026-06-25,601012,10:56:11,12.5400,26,2
2026-06-25,601012,10:56:14,12.5500,85,1
2026-06-25,601012,10:56:17,12.5800,5787,1
2026-06-25,601012,10:56:20,12.5800,517,2
2026-06-25,601012,10:56:23,12.5700,92,2
2026-06-25,601012,10:56:26,12.5800,170,1
2026-06-25,601012,10:56:29,12.5800,438,2
2026-06-25,601012,10:56:32,12.5900,233,1
2026-06-25,601012,10:56:35,12.5900,108,1
2026-06-25,601012,10:56:38,12.6000,278,1
2026-06-25,601012,10:56:41,12.5900,225,2
2026-06-25,601012,10:56:44,12.6000,7213,1
2026-06-25,601012,10:56:47,12.5900,805,2
2026-06-25,601012,10:56:50,12.6000,381,1
2026-06-25,601012,10:56:53,12.6000,136,1
2026-06-25,601012,10:56:56,12.6000,216,1
2026-06-25,601012,10:56:59,12.5900,260,2
2026-06-25,601012,10:57:02,12.5900,461,2
2026-06-25,601012,10:57:05,12.5900,183,2
2026-06-25,601012,10:57:08,12.5900,270,2
2026-06-25,601012,10:57:11,12.5900,385,1
2026-06-25,601012,10:57:14,12.5600,473,2
2026-06-25,601012,10:57:17,12.5700,71,2
2026-06-25,601012,10:57:20,12.5800,3,1
2026-06-25,601012,10:57:23,12.5700,23,1
2026-06-25,601012,10:57:26,12.5800,44,1
2026-06-25,601012,10:57:29,12.5700,29,2
2026-06-25,601012,10:57:32,12.5700,170,2
2026-06-25,601012,10:57:38,12.5700,163,2
2026-06-25,601012,10:57:41,12.5700,87,2
2026-06-25,601012,10:57:44,12.5700,77,2
2026-06-25,601012,10:57:47,12.5700,164,2
2026-06-25,601012,10:57:50,12.5700,72,2
2026-06-25,601012,10:57:53,12.5700,1343,2
2026-06-25,601012,10:57:56,12.5600,36,4
2026-06-25,601012,10:57:59,12.5500,32,2
2026-06-25,601012,10:58:02,12.5600,190,1
2026-06-25,601012,10:58:05,12.5500,136,2
2026-06-25,601012,10:58:08,12.5600,168,1
2026-06-25,601012,10:58:11,12.5500,266,2
2026-06-25,601012,10:58:14,12.5600,108,1
2026-06-25,601012,10:58:17,12.5600,30,2
2026-06-25,601012,10:58:20,12.5600,44,2
2026-06-25,601012,10:58:23,12.5600,152,2
2026-06-25,601012,10:58:26,12.5600,8,2
2026-06-25,601012,10:58:29,12.5700,51,1
2026-06-25,601012,10:58:32,12.5600,14,2
2026-06-25,601012,10:58:35,12.5700,35,1
2026-06-25,601012,10:58:38,12.5700,29,1
2026-06-25,601012,10:58:41,12.5700,57,1
2026-06-25,601012,10:58:44,12.5700,20,1
2026-06-25,601012,10:58:47,12.5700,32,1
2026-06-25,601012,10:58:50,12.5600,318,2
2026-06-25,601012,10:58:53,12.5600,175,2
2026-06-25,601012,10:58:56,12.5700,276,1
2026-06-25,601012,10:58:59,12.5600,12,2
2026-06-25,601012,10:59:02,12.5700,71,1
2026-06-25,601012,10:59:05,12.5700,33,1
2026-06-25,601012,10:59:08,12.5600,42,2
2026-06-25,601012,10:59:11,12.5600,388,2
2026-06-25,601012,10:59:14,12.5600,107,2
2026-06-25,601012,10:59:17,12.5700,24,1
2026-06-25,601012,10:59:20,12.5600,41,2
2026-06-25,601012,10:59:23,12.5600,164,2
2026-06-25,601012,10:59:26,12.5700,111,1
2026-06-25,601012,10:59:29,12.5600,127,2
2026-06-25,601012,10:59:32,12.5600,27,2
2026-06-25,601012,10:59:35,12.5600,14,2
2026-06-25,601012,10:59:38,12.5600,75,2
2026-06-25,601012,10:59:41,12.5600,243,2
2026-06-25,601012,10:59:44,12.5700,74,1
2026-06-25,601012,10:59:47,12.5700,63,1
2026-06-25,601012,10:59:50,12.5500,466,2
2026-06-25,601012,10:59:53,12.5500,147,2
2026-06-25,601012,10:59:56,12.5500,32,2
2026-06-25,601012,10:59:59,12.5600,238,1
2026-06-25,601012,11:00:02,12.5500,62,2
2026-06-25,601012,11:00:05,12.5500,377,2
2026-06-25,601012,11:00:08,12.5500,100,1
2026-06-25,601012,11:00:11,12.5500,31,1
2026-06-25,601012,11:00:14,12.5400,33,2
2026-06-25,601012,11:00:17,12.5400,12,2
2026-06-25,601012,11:00:20,12.5500,623,1
2026-06-25,601012,11:00:23,12.5500,8,2
2026-06-25,601012,11:00:26,12.5500,25,2
2026-06-25,601012,11:00:29,12.5500,27,2
2026-06-25,601012,11:00:32,12.5500,52,2
2026-06-25,601012,11:00:35,12.5500,76,2
2026-06-25,601012,11:00:38,12.5500,119,2
2026-06-25,601012,11:00:41,12.5600,49,1
2026-06-25,601012,11:00:44,12.5600,509,1
2026-06-25,601012,11:00:47,12.5500,359,2
2026-06-25,601012,11:00:50,12.5600,71,1
2026-06-25,601012,11:00:53,12.5600,279,1
2026-06-25,601012,11:00:56,12.5600,294,1
2026-06-25,601012,11:00:59,12.5500,23,2
2026-06-25,601012,11:01:02,12.5500,140,2
2026-06-25,601012,11:01:05,12.5500,81,1
2026-06-25,601012,11:01:08,12.5500,171,2
2026-06-25,601012,11:01:11,12.5400,26,2
2026-06-25,601012,11:01:14,12.5400,65,2
2026-06-25,601012,11:01:17,12.5500,15,1
2026-06-25,601012,11:01:20,12.5400,40,2
2026-06-25,601012,11:01:23,12.5500,1,1
2026-06-25,601012,11:01:26,12.5400,105,2
2026-06-25,601012,11:01:29,12.5500,162,1
2026-06-25,601012,11:01:32,12.5400,168,2
2026-06-25,601012,11:01:35,12.5400,216,2
2026-06-25,601012,11:01:38,12.5400,53,2
2026-06-25,601012,11:01:41,12.5400,387,2
2026-06-25,601012,11:01:44,12.5400,35,1
2026-06-25,601012,11:01:47,12.5400,43,1
2026-06-25,601012,11:01:50,12.5300,87,2
2026-06-25,601012,11:01:53,12.5300,879,2
2026-06-25,601012,11:01:56,12.5200,55,2
2026-06-25,601012,11:01:59,12.5300,12,1
2026-06-25,601012,11:02:02,12.5300,8,1
2026-06-25,601012,11:02:05,12.5300,13,1
2026-06-25,601012,11:02:08,12.5200,79,2
2026-06-25,601012,11:02:11,12.5300,124,1
2026-06-25,601012,11:02:14,12.5300,474,1
2026-06-25,601012,11:02:17,12.5300,38,2
2026-06-25,601012,11:02:20,12.5300,52,2
2026-06-25,601012,11:02:23,12.5300,35,2
2026-06-25,601012,11:02:26,12.5300,153,2
2026-06-25,601012,11:02:29,12.5300,98,2
2026-06-25,601012,11:02:32,12.5400,50,1
2026-06-25,601012,11:02:35,12.5300,137,2
2026-06-25,601012,11:02:38,12.5300,433,2
2026-06-25,601012,11:02:41,12.5300,458,2
2026-06-25,601012,11:02:44,12.5300,465,2
2026-06-25,601012,11:02:47,12.5300,790,2
2026-06-25,601012,11:02:50,12.5300,65,1
2026-06-25,601012,11:02:53,12.5300,4,1
2026-06-25,601012,11:02:56,12.5300,47,1
2026-06-25,601012,11:02:59,12.5200,13,2
2026-06-25,601012,11:03:02,12.5300,113,1
2026-06-25,601012,11:03:05,12.5200,64,2
2026-06-25,601012,11:03:08,12.5200,2,2
2026-06-25,601012,11:03:11,12.5200,22,2
2026-06-25,601012,11:03:14,12.5300,27,1
2026-06-25,601012,11:03:17,12.5200,9,2
2026-06-25,601012,11:03:20,12.5300,177,1
2026-06-25,601012,11:03:23,12.5200,49,2
2026-06-25,601012,11:03:26,12.5200,35,2
2026-06-25,601012,11:03:29,12.5200,72,2
2026-06-25,601012,11:03:32,12.5200,1237,2
2026-06-25,601012,11:03:35,12.5100,547,2
2026-06-25,601012,11:03:38,12.5100,117,1
2026-06-25,601012,11:03:41,12.5000,21,2
2026-06-25,601012,11:03:44,12.5000,123,2
2026-06-25,601012,11:03:47,12.5000,2,2
2026-06-25,601012,11:03:50,12.5000,178,2
2026-06-25,601012,11:03:53,12.5000,64,2
2026-06-25,601012,11:03:56,12.5000,21,2
2026-06-25,601012,11:03:59,12.5000,48,2
2026-06-25,601012,11:04:02,12.5100,41,1
2026-06-25,601012,11:04:05,12.5000,147,2
2026-06-25,601012,11:04:08,12.5100,71,1
2026-06-25,601012,11:04:11,12.5100,230,1
2026-06-25,601012,11:04:14,12.5100,99,1
2026-06-25,601012,11:04:17,12.5100,56,1
2026-06-25,601012,11:04:20,12.5200,8,1
2026-06-25,601012,11:04:23,12.5200,3,1
2026-06-25,601012,11:04:26,12.5100,75,2
2026-06-25,601012,11:04:29,12.5100,118,2
2026-06-25,601012,11:04:32,12.5100,38,2
2026-06-25,601012,11:04:35,12.5100,466,2
2026-06-25,601012,11:04:38,12.5100,39,1
2026-06-25,601012,11:04:41,12.5100,296,1
2026-06-25,601012,11:04:44,12.5100,20,2
2026-06-25,601012,11:04:47,12.5100,10,2
2026-06-25,601012,11:04:50,12.5200,17,1
2026-06-25,601012,11:04:53,12.5100,49,2
2026-06-25,601012,11:04:56,12.5200,22,1
2026-06-25,601012,11:04:59,12.5100,1180,2
2026-06-25,601012,11:05:02,12.5100,2034,2
2026-06-25,601012,11:05:05,12.5100,25,1
2026-06-25,601012,11:05:08,12.5100,1662,1
2026-06-25,601012,11:05:11,12.5200,56,4
2026-06-25,601012,11:05:14,12.5200,30,2
2026-06-25,601012,11:05:17,12.5200,50,2
2026-06-25,601012,11:05:20,12.5200,198,2
2026-06-25,601012,11:05:23,12.5300,7,1
2026-06-25,601012,11:05:26,12.5200,116,2
2026-06-25,601012,11:05:29,12.5200,149,2
2026-06-25,601012,11:05:32,12.5200,49,2
2026-06-25,601012,11:05:35,12.5300,4,2
2026-06-25,601012,11:05:38,12.5200,79,2
2026-06-25,601012,11:05:41,12.5300,55,1
2026-06-25,601012,11:05:44,12.5300,46,1
2026-06-25,601012,11:05:47,12.5200,248,2
2026-06-25,601012,11:05:50,12.5300,35,4
2026-06-25,601012,11:05:53,12.5300,99,4
2026-06-25,601012,11:05:56,12.5500,216,1
2026-06-25,601012,11:05:59,12.5500,120,1
2026-06-25,601012,11:06:02,12.5400,31,2
2026-06-25,601012,11:06:05,12.5500,7,1
2026-06-25,601012,11:06:08,12.5400,300,2
2026-06-25,601012,11:06:11,12.5400,73,1
2026-06-25,601012,11:06:14,12.5300,3,2
2026-06-25,601012,11:06:17,12.5400,2,1
2026-06-25,601012,11:06:20,12.5300,22,2
2026-06-25,601012,11:06:23,12.5400,26,1
2026-06-25,601012,11:06:26,12.5300,9,2
2026-06-25,601012,11:06:29,12.5300,233,2
2026-06-25,601012,11:06:32,12.5300,59,1
2026-06-25,601012,11:06:35,12.5300,7,1
2026-06-25,601012,11:06:38,12.5300,489,1
2026-06-25,601012,11:06:41,12.5400,56,1
2026-06-25,601012,11:06:44,12.5300,1,2
2026-06-25,601012,11:06:47,12.5300,12,2
2026-06-25,601012,11:06:50,12.5300,100,2
2026-06-25,601012,11:06:53,12.5300,31,2
2026-06-25,601012,11:06:56,12.5200,52,2
2026-06-25,601012,11:06:59,12.5300,5,4
2026-06-25,601012,11:07:02,12.5300,111,1
2026-06-25,601012,11:07:05,12.5400,97,1
2026-06-25,601012,11:07:08,12.5400,280,1
2026-06-25,601012,11:07:11,12.5400,40,2
2026-06-25,601012,11:07:14,12.5400,83,2
2026-06-25,601012,11:07:17,12.5400,4,2
2026-06-25,601012,11:07:20,12.5400,20,2
2026-06-25,601012,11:07:23,12.5400,40,2
2026-06-25,601012,11:07:26,12.5400,10,2
2026-06-25,601012,11:07:29,12.5500,111,1
2026-06-25,601012,11:07:32,12.5500,45,1
2026-06-25,601012,11:07:35,12.5400,5,2
2026-06-25,601012,11:07:38,12.5400,592,2
2026-06-25,601012,11:07:41,12.5400,4,2
2026-06-25,601012,11:07:44,12.5400,125,2
2026-06-25,601012,11:07:47,12.5500,25,1
2026-06-25,601012,11:07:50,12.5500,9,1
2026-06-25,601012,11:07:53,12.5500,112,1
2026-06-25,601012,11:07:56,12.5400,56,2
2026-06-25,601012,11:07:59,12.5400,175,2
2026-06-25,601012,11:08:02,12.5400,17,1
2026-06-25,601012,11:08:05,12.5400,94,1
2026-06-25,601012,11:08:08,12.5400,6,2
2026-06-25,601012,11:08:11,12.5500,72,1
2026-06-25,601012,11:08:14,12.5400,32,2
2026-06-25,601012,11:08:17,12.5500,1,1
2026-06-25,601012,11:08:20,12.5500,117,1
2026-06-25,601012,11:08:23,12.5400,51,2
2026-06-25,601012,11:08:26,12.5400,48,2
2026-06-25,601012,11:08:29,12.5500,35,1
2026-06-25,601012,11:08:32,12.5500,123,1
2026-06-25,601012,11:08:35,12.5500,135,1
2026-06-25,601012,11:08:38,12.5400,47,2
2026-06-25,601012,11:08:41,12.5400,16,2
2026-06-25,601012,11:08:44,12.5300,125,2
2026-06-25,601012,11:08:47,12.5300,49,2
2026-06-25,601012,11:08:50,12.5300,232,2
2026-06-25,601012,11:08:53,12.5300,72,2
2026-06-25,601012,11:08:56,12.5400,58,1
2026-06-25,601012,11:08:59,12.5400,74,1
2026-06-25,601012,11:09:02,12.5400,139,1
2026-06-25,601012,11:09:05,12.5200,164,2
2026-06-25,601012,11:09:08,12.5200,10,2
2026-06-25,601012,11:09:11,12.5200,18,2
2026-06-25,601012,11:09:14,12.5200,32,2
2026-06-25,601012,11:09:17,12.5300,31,1
2026-06-25,601012,11:09:20,12.5300,11,1
2026-06-25,601012,11:09:23,12.5200,94,2
2026-06-25,601012,11:09:26,12.5300,25,1
2026-06-25,601012,11:09:29,12.5300,63,1
2026-06-25,601012,11:09:32,12.5200,31,2
2026-06-25,601012,11:09:35,12.5300,16,1
2026-06-25,601012,11:09:38,12.5200,10,2
2026-06-25,601012,11:09:41,12.5200,19,2
2026-06-25,601012,11:09:44,12.5200,13,2
2026-06-25,601012,11:09:47,12.5300,196,1
2026-06-25,601012,11:09:50,12.5200,102,2
2026-06-25,601012,11:09:53,12.5300,130,1
2026-06-25,601012,11:09:56,12.5100,366,2
2026-06-25,601012,11:09:59,12.5100,52,2
2026-06-25,601012,11:10:02,12.5100,1,2
2026-06-25,601012,11:10:05,12.5100,30,2
2026-06-25,601012,11:10:08,12.5200,30,1
2026-06-25,601012,11:10:11,12.5100,33,2
2026-06-25,601012,11:10:14,12.5100,739,2
2026-06-25,601012,11:10:17,12.5100,1,1
2026-06-25,601012,11:10:20,12.5100,42,1
2026-06-25,601012,11:10:23,12.5000,57,2
2026-06-25,601012,11:10:26,12.5000,10,2
2026-06-25,601012,11:10:29,12.5000,43,2
2026-06-25,601012,11:10:32,12.5000,4,2
2026-06-25,601012,11:10:35,12.5000,106,2
2026-06-25,601012,11:10:38,12.5000,346,2
2026-06-25,601012,11:10:41,12.5000,18,2
2026-06-25,601012,11:10:44,12.5100,57,1
2026-06-25,601012,11:10:47,12.5000,2,2
2026-06-25,601012,11:10:50,12.5100,58,1
2026-06-25,601012,11:10:53,12.5000,14,2
2026-06-25,601012,11:10:56,12.5100,29,1
2026-06-25,601012,11:10:59,12.5100,11,1
2026-06-25,601012,11:11:02,12.5000,144,2
2026-06-25,601012,11:11:05,12.5100,14,1
2026-06-25,601012,11:11:08,12.5000,61,2
2026-06-25,601012,11:11:11,12.5000,12,2
2026-06-25,601012,11:11:14,12.5100,155,1
2026-06-25,601012,11:11:17,12.5000,70,2
2026-06-25,601012,11:11:20,12.5000,43,2
2026-06-25,601012,11:11:23,12.5100,53,1
2026-06-25,601012,11:11:26,12.5000,55,2
2026-06-25,601012,11:11:29,12.5000,29,2
2026-06-25,601012,11:11:32,12.5000,13,2
2026-06-25,601012,11:11:35,12.5000,14,2
2026-06-25,601012,11:11:41,12.5100,27,1
2026-06-25,601012,11:11:44,12.5000,56,2
2026-06-25,601012,11:11:47,12.5100,23,1
2026-06-25,601012,11:11:50,12.5000,42,2
2026-06-25,601012,11:11:53,12.5000,137,2
2026-06-25,601012,11:11:56,12.5100,53,1
2026-06-25,601012,11:11:59,12.5000,136,2
2026-06-25,601012,11:12:02,12.5000,21,2
2026-06-25,601012,11:12:05,12.5000,315,2
2026-06-25,601012,11:12:08,12.5000,30,2
2026-06-25,601012,11:12:11,12.5000,38,2
2026-06-25,601012,11:12:14,12.5100,267,1
2026-06-25,601012,11:12:17,12.5100,5,1
2026-06-25,601012,11:12:20,12.5000,243,2
2026-06-25,601012,11:12:23,12.5000,36,2
2026-06-25,601012,11:12:26,12.5000,709,2
2026-06-25,601012,11:12:29,12.5100,858,1
2026-06-25,601012,11:12:32,12.5000,102,2
2026-06-25,601012,11:12:35,12.5000,55,1
2026-06-25,601012,11:12:38,12.4900,22,2
2026-06-25,601012,11:12:44,12.5000,4,1
2026-06-25,601012,11:12:47,12.5000,5,1
2026-06-25,601012,11:12:50,12.4900,51,2
2026-06-25,601012,11:12:53,12.5000,47,1
2026-06-25,601012,11:12:56,12.4900,20,2
2026-06-25,601012,11:12:59,12.5000,31,1
2026-06-25,601012,11:13:02,12.4900,38,2
2026-06-25,601012,11:13:05,12.5000,7,1
2026-06-25,601012,11:13:08,12.4900,13,2
2026-06-25,601012,11:13:11,12.5000,213,1
2026-06-25,601012,11:13:14,12.4900,5,2
2026-06-25,601012,11:13:17,12.4900,10,2
2026-06-25,601012,11:13:20,12.4900,13,2
2026-06-25,601012,11:13:23,12.5000,54,1
2026-06-25,601012,11:13:26,12.5000,32,1
2026-06-25,601012,11:13:29,12.4900,12,2
2026-06-25,601012,11:13:32,12.4900,10,2
2026-06-25,601012,11:13:35,12.5000,24,1
2026-06-25,601012,11:13:38,12.4900,183,2
2026-06-25,601012,11:13:41,12.4900,1048,2
2026-06-25,601012,11:13:44,12.4900,830,2
2026-06-25,601012,11:13:47,12.4900,16,2
2026-06-25,601012,11:13:50,12.4900,36,2
2026-06-25,601012,11:13:53,12.4900,50,2
2026-06-25,601012,11:13:56,12.4900,240,2
2026-06-25,601012,11:13:59,12.4900,56,2
2026-06-25,601012,11:14:02,12.4900,507,2
2026-06-25,601012,11:14:05,12.4900,161,2
2026-06-25,601012,11:14:08,12.4900,161,2
2026-06-25,601012,11:14:11,12.4900,276,2
2026-06-25,601012,11:14:14,12.4900,19,2
2026-06-25,601012,11:14:17,12.5000,24,1
2026-06-25,601012,11:14:20,12.5000,14,1
2026-06-25,601012,11:14:23,12.4900,3,2
2026-06-25,601012,11:14:26,12.4900,2,2
2026-06-25,601012,11:14:29,12.4900,114,2
2026-06-25,601012,11:14:32,12.4900,62,2
2026-06-25,601012,11:14:35,12.4900,581,2
2026-06-25,601012,11:14:38,12.5000,17,1
2026-06-25,601012,11:14:41,12.5000,21,1
2026-06-25,601012,11:14:44,12.5000,21,1
2026-06-25,601012,11:14:47,12.5000,1,1
2026-06-25,601012,11:14:50,12.5000,630,1
2026-06-25,601012,11:14:53,12.4900,62,2
2026-06-25,601012,11:14:56,12.5000,12,1
2026-06-25,601012,11:14:59,12.5000,84,1
2026-06-25,601012,11:15:02,12.5000,230,1
2026-06-25,601012,11:15:05,12.5000,190,2
2026-06-25,601012,11:15:08,12.5100,109,1
2026-06-25,601012,11:15:11,12.5100,3,1
2026-06-25,601012,11:15:14,12.5100,33,1
2026-06-25,601012,11:15:17,12.5000,30,2
2026-06-25,601012,11:15:20,12.5000,14,2
2026-06-25,601012,11:15:23,12.5000,39,2
2026-06-25,601012,11:15:26,12.5000,68,2
2026-06-25,601012,11:15:29,12.5100,17,1
2026-06-25,601012,11:15:32,12.5000,33,2
2026-06-25,601012,11:15:35,12.5000,55,2
2026-06-25,601012,11:15:38,12.5000,22,2
2026-06-25,601012,11:15:41,12.5100,89,1
2026-06-25,601012,11:15:44,12.5100,3,1
2026-06-25,601012,11:15:47,12.5000,21,2
2026-06-25,601012,11:15:50,12.5100,68,1
2026-06-25,601012,11:15:53,12.5100,4,1
2026-06-25,601012,11:15:56,12.5100,1,1
2026-06-25,601012,11:15:59,12.4900,1001,2
2026-06-25,601012,11:16:02,12.5000,41,1
2026-06-25,601012,11:16:05,12.5000,54,1
2026-06-25,601012,11:16:08,12.4900,155,2
2026-06-25,601012,11:16:11,12.4900,49,2
2026-06-25,601012,11:16:14,12.4900,6,2
2026-06-25,601012,11:16:17,12.4900,27,2
2026-06-25,601012,11:16:20,12.4900,54,2
2026-06-25,601012,11:16:23,12.4900,11,2
2026-06-25,601012,11:16:26,12.5000,16,1
2026-06-25,601012,11:16:29,12.5000,23,1
