date,code,time,price,volume,bs
2026-01-28,000001,14:06:12,10.9500,89,2
2026-01-28,000001,14:06:15,10.9500,38,2
2026-01-28,000001,14:06:18,10.9600,119,1
2026-01-28,000001,14:06:21,10.9600,37,1
2026-01-28,000001,14:06:24,10.9500,17,2
2026-01-28,000001,14:06:27,10.9500,25,2
2026-01-28,000001,14:06:30,10.9600,109,1
2026-01-28,000001,14:06:33,10.9500,48,2
2026-01-28,000001,14:06:36,10.9500,68,2
2026-01-28,000001,14:06:39,10.9600,14,1
2026-01-28,000001,14:06:42,10.9500,51,2
2026-01-28,000001,14:06:48,10.9500,146,2
2026-01-28,000001,14:06:51,10.9500,64,2
2026-01-28,000001,14:06:54,10.9500,138,2
2026-01-28,000001,14:06:57,10.9500,100,2
2026-01-28,000001,14:07:00,10.9400,1241,2
2026-01-28,000001,14:07:03,10.9400,550,2
2026-01-28,000001,14:07:06,10.9400,88,2
2026-01-28,000001,14:07:09,10.9500,600,1
2026-01-28,000001,14:07:12,10.9400,272,2
2026-01-28,000001,14:07:15,10.9500,143,1
2026-01-28,000001,14:07:18,10.9500,141,1
2026-01-28,000001,14:07:21,10.9400,32,2
2026-01-28,000001,14:07:24,10.9500,42,1
2026-01-28,000001,14:07:27,10.9500,166,2
2026-01-28,000001,14:07:30,10.9600,65,1
2026-01-28,000001,14:07:33,10.9500,9,2
2026-01-28,000001,14:07:36,10.9500,18,2
2026-01-28,000001,14:07:42,10.9600,7,1
2026-01-28,000001,14:07:45,10.9500,24,2
2026-01-28,000001,14:07:48,10.9600,2,1
2026-01-28,000001,14:07:51,10.9600,10,1
2026-01-28,000001,14:07:54,10.9600,2,1
2026-01-28,000001,14:07:57,10.9600,26,1
2026-01-28,000001,14:08:00,10.9500,16,2
2026-01-28,000001,14:08:06,10.9600,10,1
2026-01-28,000001,14:08:09,10.9600,59,1
2026-01-28,000001,14:08:12,10.9600,39,1
2026-01-28,000001,14:08:15,10.9500,85,2
2026-01-28,000001,14:08:18,10.9500,130,2
2026-01-28,000001,14:08:21,10.9600,64,1
2026-01-28,000001,14:08:24,10.9500,10,2
2026-01-28,000001,14:08:27,10.9600,53,1
2026-01-28,000001,14:08:30,10.9600,10,1
2026-01-28,000001,14:08:36,10.9500,1,2
2026-01-28,000001,14:08:39,10.9500,12,2
2026-01-28,000001,14:08:42,10.9600,7,1
2026-01-28,000001,14:08:45,10.9600,1,1
2026-01-28,000001,14:08:48,10.9500,18,2
2026-01-28,000001,14:08:51,10.9500,4,2
2026-01-28,000001,14:08:54,10.9600,4,1
2026-01-28,000001,14:08:57,10.9600,3,1
2026-01-28,000001,14:09:00,10.9500,23,2
2026-01-28,000001,14:09:03,10.9600,3,1
2026-01-28,000001,14:09:06,10.9600,17,1
2026-01-28,000001,14:09:09,10.9600,8,1
2026-01-28,000001,14:09:12,10.9600,33,1
2026-01-28,000001,14:09:15,10.9500,25,2
2026-01-28,000001,14:09:18,10.9600,135,1
2026-01-28,000001,14:09:21,10.9600,2,1
2026-01-28,000001,14:09:24,10.9500,1,2
2026-01-28,000001,14:09:27,10.9600,30,1
2026-01-28,000001,14:09:30,10.9500,140,2
2026-01-28,000001,14:09:33,10.9500,143,2
2026-01-28,000001,14:09:36,10.9600,243,1
2026-01-28,000001,14:09:39,10.9500,84,2
2026-01-28,000001,14:09:42,10.9500,106,2
2026-01-28,000001,14:09:45,10.9500,99,2
2026-01-28,000001,14:09:48,10.9600,1,1
2026-01-28,000001,14:09:51,10.9500,957,2
2026-01-28,000001,14:09:54,10.9500,134,1
2026-01-28,000001,14:09:57,10.9500,73,2
2026-01-28,000001,14:10:00,10.9500,20,2
2026-01-28,000001,14:10:03,10.9500,34,2
2026-01-28,000001,14:10:06,10.9600,13,1
2026-01-28,000001,14:10:09,10.9500,463,2
2026-01-28,000001,14:10:12,10.9500,62,1
2026-01-28,000001,14:10:15,10.9400,72,2
2026-01-28,000001,14:10:18,10.9500,71,1
2026-01-28,000001,14:10:21,10.9400,2309,2
2026-01-28,000001,14:10:27,10.9500,29,1
2026-01-28,000001,14:10:30,10.9400,1,2
2026-01-28,000001,14:10:33,10.9400,10,2
2026-01-28,000001,14:10:36,10.9400,283,2
2026-01-28,000001,14:10:39,10.9400,49,2
2026-01-28,000001,14:10:42,10.9400,150,2
2026-01-28,000001,14:10:45,10.9500,178,1
2026-01-28,000001,14:10:48,10.9400,71,2
2026-01-28,000001,14:10:51,10.9400,834,2
2026-01-28,000001,14:10:54,10.9400,84,4
2026-01-28,000001,14:10:57,10.9400,44,4
2026-01-28,000001,14:11:00,10.9400,27,4
2026-01-28,000001,14:11:03,10.9500,21,1
2026-01-28,000001,14:11:06,10.9400,4926,4
2026-01-28,000001,14:11:09,10.9300,198,2
2026-01-28,000001,14:11:12,10.9400,54,1
2026-01-28,000001,14:11:15,10.9300,19,2
2026-01-28,000001,14:11:18,10.9300,287,2
2026-01-28,000001,14:11:24,10.9400,90,1
2026-01-28,000001,14:11:27,10.9400,12,1
2026-01-28,000001,14:11:30,10.9300,111,2
2026-01-28,000001,14:11:33,10.9300,295,2
2026-01-28,000001,14:11:36,10.9300,5,2
2026-01-28,000001,14:11:42,10.9300,57,2
2026-01-28,000001,14:11:45,10.9400,23,1
2026-01-28,000001,14:11:48,10.9400,2393,1
2026-01-28,000001,14:11:54,10.9400,6,1
2026-01-28,000001,14:11:57,10.9300,13,2
2026-01-28,000001,14:12:00,10.9300,353,2
2026-01-28,000001,14:12:03,10.9300,409,2
2026-01-28,000001,14:12:06,10.9400,30,1
2026-01-28,000001,14:12:12,10.9400,18,1
2026-01-28,000001,14:12:15,10.9300,1192,2
2026-01-28,000001,14:12:21,10.9300,62,2
2026-01-28,000001,14:12:24,10.9400,103,1
2026-01-28,000001,14:12:27,10.9300,170,2
2026-01-28,000001,14:12:30,10.9300,220,2
2026-01-28,000001,14:12:33,10.9300,18,2
2026-01-28,000001,14:12:36,10.9300,21,2
2026-01-28,000001,14:12:42,10.9300,4233,2
2026-01-28,000001,14:12:45,10.9300,284,2
2026-01-28,000001,14:12:48,10.9200,483,2
2026-01-28,000001,14:12:51,10.9300,121,1
2026-01-28,000001,14:12:54,10.9300,250,1
2026-01-28,000001,14:12:57,10.9300,7,1
2026-01-28,000001,14:13:00,10.9200,14935,2
2026-01-28,000001,14:13:03,10.9300,612,1
2026-01-28,000001,14:13:06,10.9300,127,1
2026-01-28,000001,14:13:09,10.9300,19,1
2026-01-28,000001,14:13:12,10.9300,353,1
2026-01-28,000001,14:13:15,10.9300,7,1
2026-01-28,000001,14:13:18,10.9300,51,1
2026-01-28,000001,14:13:21,10.9200,1,2
2026-01-28,000001,14:13:24,10.9300,64,1
2026-01-28,000001,14:13:27,10.9300,956,1
2026-01-28,000001,14:13:30,10.9200,60,2
2026-01-28,000001,14:13:33,10.9200,50,2
2026-01-28,000001,14:13:36,10.9200,3,2
2026-01-28,000001,14:13:39,10.9200,917,2
2026-01-28,000001,14:13:42,10.9200,40,2
2026-01-28,000001,14:13:45,10.9300,1,1
2026-01-28,000001,14:13:48,10.9300,8,1
2026-01-28,000001,14:13:51,10.9200,322,2
2026-01-28,000001,14:13:54,10.9200,2001,2
2026-01-28,000001,14:13:57,10.9200,277,2
2026-01-28,000001,14:14:00,10.9300,23,1
2026-01-28,000001,14:14:03,10.9300,23,1
2026-01-28,000001,14:14:06,10.9200,18,2
2026-01-28,000001,14:14:09,10.9300,1126,1
2026-01-28,000001,14:14:12,10.9200,7,2
2026-01-28,000001,14:14:15,10.9300,68,1
2026-01-28,000001,14:14:21,10.9300,42,1
2026-01-28,000001,14:14:24,10.9200,1431,2
2026-01-28,000001,14:14:27,10.9200,97,2
2026-01-28,000001,14:14:30,10.9200,1611,2
2026-01-28,000001,14:14:33,10.9200,208,1
2026-01-28,000001,14:14:36,10.9200,69,1
2026-01-28,000001,14:14:39,10.9100,35325,2
2026-01-28,000001,14:14:42,10.9200,1551,1
2026-01-28,000001,14:14:45,10.9200,326,1
2026-01-28,000001,14:14:48,10.9200,246,1
2026-01-28,000001,14:14:51,10.9200,34,1
2026-01-28,000001,14:14:54,10.9200,365,1
2026-01-28,000001,14:14:57,10.9200,477,1
2026-01-28,000001,14:15:00,10.9200,34,1
2026-01-28,000001,14:15:03,10.9200,19,1
2026-01-28,000001,14:15:06,10.9200,17,1
2026-01-28,000001,14:15:09,10.9200,2877,1
2026-01-28,000001,14:15:12,10.9200,279,1
2026-01-28,000001,14:15:15,10.9100,217,2
2026-01-28,000001,14:15:18,10.9100,108,2
2026-01-28,000001,14:15:21,10.9100,2412,2
2026-01-28,000001,14:15:24,10.9100,178,2
2026-01-28,000001,14:15:27,10.9200,2,1
2026-01-28,000001,14:15:30,10.9200,51,1
2026-01-28,000001,14:15:33,10.9200,492,1
2026-01-28,000001,14:15:36,10.9200,733,1
2026-01-28,000001,14:15:39,10.9100,55,2
2026-01-28,000001,14:15:42,10.9200,1,1
2026-01-28,000001,14:15:45,10.9100,340,2
2026-01-28,000001,14:15:48,10.9100,86,2
2026-01-28,000001,14:15:51,10.9100,911,2
2026-01-28,000001,14:15:54,10.9200,122,1
2026-01-28,000001,14:15:57,10.9200,19,1
2026-01-28,000001,14:16:00,10.9200,6,1
2026-01-28,000001,14:16:03,10.9200,32,1
2026-01-28,000001,14:16:06,10.9100,1314,2
2026-01-28,000001,14:16:09,10.9200,73,1
2026-01-28,000001,14:16:12,10.9100,67,2
2026-01-28,000001,14:16:15,10.9200,30,1
2026-01-28,000001,14:16:18,10.9100,111,2
2026-01-28,000001,14:16:21,10.9100,825,2
2026-01-28,000001,14:16:24,10.9100,175,1
2026-01-28,000001,14:16:27,10.9100,1,2
2026-01-28,000001,14:16:30,10.9100,41,2
2026-01-28,000001,14:16:33,10.9200,32,1
2026-01-28,000001,14:16:39,10.9100,2511,2
2026-01-28,000001,14:16:42,10.9200,252,1
2026-01-28,000001,14:16:45,10.9200,45,1
2026-01-28,000001,14:16:48,10.9200,70,1
2026-01-28,000001,14:16:51,10.9200,5,1
2026-01-28,000001,14:16:54,10.9100,1226,2
2026-01-28,000001,14:16:57,10.9200,7,1
2026-01-28,000001,14:17:00,10.9100,43,2
2026-01-28,000001,14:17:03,10.9100,2,2
2026-01-28,000001,14:17:06,10.9200,5,1
2026-01-28,000001,14:17:09,10.9100,966,2
2026-01-28,000001,14:17:12,10.9100,272,2
2026-01-28,000001,14:17:15,10.9100,225,2
2026-01-28,000001,14:17:18,10.9200,64,1
2026-01-28,000001,14:17:21,10.9100,11,2
2026-01-28,000001,14:17:24,10.9100,624,2
2026-01-28,000001,14:17:27,10.9100,924,2
2026-01-28,000001,14:17:30,10.9100,262,1
2026-01-28,000001,14:17:33,10.9100,201,1
2026-01-28,000001,14:17:36,10.9100,178,1
2026-01-28,000001,14:17:39,10.9000,42736,2
2026-01-28,000001,14:17:42,10.9000,4172,1
2026-01-28,000001,14:17:45,10.9000,265,1
2026-01-28,000001,14:17:48,10.9000,318,1
2026-01-28,000001,14:17:51,10.9000,148,1
2026-01-28,000001,14:17:54,10.8900,23,2
2026-01-28,000001,14:17:57,10.8900,8726,2
2026-01-28,000001,14:18:00,10.9000,42,1
2026-01-28,000001,14:18:03,10.8900,803,2
2026-01-28,000001,14:18:06,10.8900,43,2
2026-01-28,000001,14:18:09,10.9000,284,1
2026-01-28,000001,14:18:12,10.9000,641,1
2026-01-28,000001,14:18:15,10.9000,1,1
2026-01-28,000001,14:18:18,10.9000,15,1
2026-01-28,000001,14:18:21,10.8900,10,2
2026-01-28,000001,14:18:24,10.9000,308,1
2026-01-28,000001,14:18:27,10.8900,2737,2
2026-01-28,000001,14:18:30,10.9000,374,1
2026-01-28,000001,14:18:33,10.8900,33,2
2026-01-28,000001,14:18:36,10.8900,224,2
2026-01-28,000001,14:18:39,10.9000,11,1
2026-01-28,000001,14:18:42,10.8900,2096,2
2026-01-28,000001,14:18:45,10.9000,54,1
2026-01-28,000001,14:18:48,10.8900,9,2
2026-01-28,000001,14:18:51,10.9000,57,1
2026-01-28,000001,14:18:54,10.8900,508,2
2026-01-28,000001,14:18:57,10.8900,1785,2
2026-01-28,000001,14:19:00,10.9000,85,1
2026-01-28,000001,14:19:03,10.8900,146,2
2026-01-28,000001,14:19:06,10.9000,52,1
2026-01-28,000001,14:19:09,10.9000,38,1
2026-01-28,000001,14:19:12,10.9000,138,1
2026-01-28,000001,14:19:15,10.8900,2985,2
2026-01-28,000001,14:19:18,10.8900,8,2
2026-01-28,000001,14:19:21,10.9000,113,1
2026-01-28,000001,14:19:24,10.8900,59,2
2026-01-28,000001,14:19:27,10.9000,46,1
2026-01-28,000001,14:19:30,10.8900,1705,2
2026-01-28,000001,14:19:33,10.8900,304,2
2026-01-28,000001,14:19:36,10.8900,176,2
2026-01-28,000001,14:19:39,10.9000,19,1
2026-01-28,000001,14:19:42,10.8900,19,2
2026-01-28,000001,14:19:45,10.8900,1959,2
2026-01-28,000001,14:19:48,10.8900,21,2
2026-01-28,000001,14:19:51,10.8900,13,2
2026-01-28,000001,14:19:54,10.8900,28,2
2026-01-28,000001,14:19:57,10.9000,24,1
2026-01-28,000001,14:20:00,10.8900,1662,2
2026-01-28,000001,14:20:03,10.9000,155,1
2026-01-28,000001,14:20:06,10.8900,272,2
2026-01-28,000001,14:20:09,10.9000,16,1
2026-01-28,000001,14:20:12,10.9000,30,1
2026-01-28,000001,14:20:15,10.8900,50,2
2026-01-28,000001,14:20:18,10.9000,823,1
2026-01-28,000001,14:20:21,10.8900,76,2
2026-01-28,000001,14:20:24,10.9000,1,1
2026-01-28,000001,14:20:27,10.8900,245,2
2026-01-28,000001,14:20:30,10.9000,1,1
2026-01-28,000001,14:20:33,10.9000,2022,1
2026-01-28,000001,14:20:39,10.9000,27,1
2026-01-28,000001,14:20:42,10.9000,26,1
2026-01-28,000001,14:20:45,10.8900,1618,2
2026-01-28,000001,14:20:48,10.8900,434,1
2026-01-28,000001,14:20:51,10.8900,25692,1
2026-01-28,000001,14:20:54,10.8900,194,1
2026-01-28,000001,14:20:57,10.8900,447,1
2026-01-28,000001,14:21:00,10.8900,232,1
2026-01-28,000001,14:21:03,10.8900,100,1
2026-01-28,000001,14:21:06,10.8800,839,2
2026-01-28,000001,14:21:09,10.8800,618,1
2026-01-28,000001,14:21:12,10.8800,196,1
2026-01-28,000001,14:21:15,10.8800,630,1
2026-01-28,000001,14:21:18,10.8800,179,1
2026-01-28,000001,14:21:21,10.8700,6396,2
2026-01-28,000001,14:21:24,10.8800,321,1
2026-01-28,000001,14:21:27,10.8800,2209,1
2026-01-28,000001,14:21:30,10.8700,177,2
2026-01-28,000001,14:21:33,10.8800,442,1
2026-01-28,000001,14:21:36,10.8700,2394,2
2026-01-28,000001,14:21:39,10.8700,596,2
2026-01-28,000001,14:21:42,10.8800,2180,1
2026-01-28,000001,14:21:45,10.8700,47,2
2026-01-28,000001,14:21:48,10.8800,114,4
2026-01-28,000001,14:21:51,10.8700,97,2
2026-01-28,000001,14:21:54,10.8700,1685,2
2026-01-28,000001,14:21:57,10.8800,340,4
2026-01-28,000001,14:22:00,10.8800,14,1
2026-01-28,000001,14:22:03,10.8700,2516,2
2026-01-28,000001,14:22:06,10.8800,220,1
2026-01-28,000001,14:22:09,10.8800,216,1
2026-01-28,000001,14:22:12,10.8800,3127,1
2026-01-28,000001,14:22:15,10.8700,460,2
2026-01-28,000001,14:22:18,10.8700,3145,1
2026-01-28,000001,14:22:21,10.8700,279,1
2026-01-28,000001,14:22:24,10.8700,349,1
2026-01-28,000001,14:22:27,10.8600,6745,2
2026-01-28,000001,14:22:30,10.8600,986,1
2026-01-28,000001,14:22:33,10.8600,354,2
2026-01-28,000001,14:22:36,10.8600,44,4
2026-01-28,000001,14:22:39,10.8600,180,2
2026-01-28,000001,14:22:42,10.8600,721,2
2026-01-28,000001,14:22:45,10.8600,568,2
2026-01-28,000001,14:22:48,10.8600,648,2
2026-01-28,000001,14:22:51,10.8600,1052,2
2026-01-28,000001,14:22:54,10.8700,311,1
2026-01-28,000001,14:22:57,10.8600,791,2
2026-01-28,000001,14:23:00,10.8500,888,2
2026-01-28,000001,14:23:03,10.8500,1083,2
2026-01-28,000001,14:23:06,10.8500,402,2
2026-01-28,000001,14:23:09,10.8700,272,1
2026-01-28,000001,14:23:12,10.8700,85,1
2026-01-28,000001,14:23:15,10.8600,254,2
2026-01-28,000001,14:23:18,10.8600,407,2
2026-01-28,000001,14:23:21,10.8700,254,1
2026-01-28,000001,14:23:24,10.8600,316,2
2026-01-28,000001,14:23:27,10.8700,119,1
2026-01-28,000001,14:23:30,10.8700,45,1
2026-01-28,000001,14:23:33,10.8700,3697,1
2026-01-28,000001,14:23:36,10.8700,608,1
2026-01-28,000001,14:23:39,10.8600,47,2
2026-01-28,000001,14:23:42,10.8700,80,1
2026-01-28,000001,14:23:45,10.8700,48,1
2026-01-28,000001,14:23:48,10.8700,496,1
2026-01-28,000001,14:23:51,10.8700,2032,1
2026-01-28,000001,14:23:54,10.8600,131,2
2026-01-28,000001,14:23:57,10.8700,214,1
2026-01-28,000001,14:24:00,10.8700,103,1
2026-01-28,000001,14:24:03,10.8700,155,1
2026-01-28,000001,14:24:06,10.8600,966,2
2026-01-28,000001,14:24:09,10.8700,1064,1
2026-01-28,000001,14:24:12,10.8700,54,1
2026-01-28,000001,14:24:15,10.8600,220,2
2026-01-28,000001,14:24:18,10.8600,97,2
2026-01-28,000001,14:24:21,10.8600,550,2
2026-01-28,000001,14:24:24,10.8600,4642,2
2026-01-28,000001,14:24:27,10.8600,252,2
2026-01-28,000001,14:24:30,10.8600,357,2
2026-01-28,000001,14:24:33,10.8700,491,1
2026-01-28,000001,14:24:36,10.8700,64,1
2026-01-28,000001,14:24:39,10.8700,2,1
2026-01-28,000001,14:24:42,10.8700,184,1
2026-01-28,000001,14:24:45,10.8700,45,1
2026-01-28,000001,14:24:48,10.8600,2413,2
2026-01-28,000001,14:24:51,10.8700,117,1
2026-01-28,000001,14:24:54,10.8600,185,2
2026-01-28,000001,14:24:57,10.8700,34,1
2026-01-28,000001,14:25:00,10.8700,106,1
2026-01-28,000001,14:25:03,10.8700,80,1
2026-01-28,000001,14:25:06,10.8700,48,1
2026-01-28,000001,14:25:09,10.8700,6,1
2026-01-28,000001,14:25:12,10.8600,2036,2
2026-01-28,000001,14:25:15,10.8600,15,2
2026-01-28,000001,14:25:18,10.8700,254,1
2026-01-28,000001,14:25:21,10.8700,168,1
2026-01-28,000001,14:25:24,10.8600,116,2
2026-01-28,000001,14:25:27,10.8700,92,1
2026-01-28,000001,14:25:30,10.8600,2157,2
2026-01-28,000001,14:25:33,10.8700,155,1
2026-01-28,000001,14:25:36,10.8600,412,2
2026-01-28,000001,14:25:39,10.8600,88,2
2026-01-28,000001,14:25:42,10.8600,2195,2
2026-01-28,000001,14:25:45,10.8600,425,2
2026-01-28,000001,14:25:48,10.8600,40,2
2026-01-28,000001,14:25:51,10.8600,16,2
2026-01-28,000001,14:25:54,10.8600,971,2
2026-01-28,000001,14:25:57,10.8600,897,1
2026-01-28,000001,14:26:00,10.8600,546,1
2026-01-28,000001,14:26:03,10.8600,405,1
2026-01-28,000001,14:26:06,10.8600,123,2
2026-01-28,000001,14:26:09,10.8600,48,2
2026-01-28,000001,14:26:12,10.8600,78,2
2026-01-28,000001,14:26:15,10.8700,37,1
2026-01-28,000001,14:26:18,10.8600,27,2
2026-01-28,000001,14:26:21,10.8600,72,2
2026-01-28,000001,14:26:24,10.8600,101,2
2026-01-28,000001,14:26:27,10.8700,12,1
2026-01-28,000001,14:26:30,10.8700,54,1
2026-01-28,000001,14:26:33,10.8600,1632,2
2026-01-28,000001,14:26:36,10.8700,114,1
2026-01-28,000001,14:26:39,10.8600,119,2
2026-01-28,000001,14:26:42,10.8700,109,1
2026-01-28,000001,14:26:45,10.8700,116,1
2026-01-28,000001,14:26:48,10.8600,9,2
2026-01-28,000001,14:26:51,10.8600,199,2
2026-01-28,000001,14:26:54,10.8600,63,2
2026-01-28,000001,14:26:57,10.8600,199,2
2026-01-28,000001,14:27:00,10.8700,124,1
2026-01-28,000001,14:27:03,10.8600,79,2
2026-01-28,000001,14:27:06,10.8700,157,1
2026-01-28,000001,14:27:09,10.8700,19,1
2026-01-28,000001,14:27:12,10.8600,76,2
2026-01-28,000001,14:27:15,10.8700,391,1
2026-01-28,000001,14:27:18,10.8700,242,1
2026-01-28,000001,14:27:21,10.8600,129,2
2026-01-28,000001,14:27:24,10.8600,185,2
2026-01-28,000001,14:27:27,10.8600,138,2
2026-01-28,000001,14:27:30,10.8600,122,2
2026-01-28,000001,14:27:33,10.8700,98,1
2026-01-28,000001,14:27:36,10.8600,64,2
2026-01-28,000001,14:27:39,10.8700,89,1
2026-01-28,000001,14:27:42,10.8700,475,1
2026-01-28,000001,14:27:45,10.8600,405,2
2026-01-28,000001,14:27:48,10.8700,173,1
2026-01-28,000001,14:27:51,10.8700,124,1
2026-01-28,000001,14:27:54,10.8700,74,1
2026-01-28,000001,14:27:57,10.8700,307,1
2026-01-28,000001,14:28:00,10.8700,13,1
2026-01-28,000001,14:28:03,10.8700,1038,1
2026-01-28,000001,14:28:06,10.8800,4842,1
2026-01-28,000001,14:28:09,10.8700,84,2
2026-01-28,000001,14:28:12,10.8800,49,1
2026-01-28,000001,14:28:15,10.8700,11,2
2026-01-28,000001,14:28:18,10.8700,124,2
2026-01-28,000001,14:28:21,10.8800,129,1
2026-01-28,000001,14:28:24,10.8700,110,2
2026-01-28,000001,14:28:27,10.8700,143,2
2026-01-28,000001,14:28:30,10.8700,111,2
2026-01-28,000001,14:28:33,10.8800,46,1
2026-01-28,000001,14:28:36,10.8800,136,1
2026-01-28,000001,14:28:39,10.8800,20,1
2026-01-28,000001,14:28:42,10.8700,188,2
2026-01-28,000001,14:28:45,10.8800,192,1
2026-01-28,000001,14:28:48,10.8700,3,2
2026-01-28,000001,14:28:51,10.8700,756,2
2026-01-28,000001,14:28:54,10.8800,192,1
2026-01-28,000001,14:28:57,10.8700,390,2
2026-01-28,000001,14:29:00,10.8800,63,1
2026-01-28,000001,14:29:03,10.8800,368,1
2026-01-28,000001,14:29:06,10.8800,276,1
2026-01-28,000001,14:29:09,10.8800,271,1
2026-01-28,000001,14:29:12,10.8800,332,1
2026-01-28,000001,14:29:15,10.8800,191,1
2026-01-28,000001,14:29:18,10.8800,235,1
2026-01-28,000001,14:29:21,10.8900,179,1
2026-01-28,000001,14:29:24,10.8800,116,2
2026-01-28,000001,14:29:27,10.8800,68,2
2026-01-28,000001,14:29:30,10.8800,342,1
2026-01-28,000001,14:29:33,10.8900,44,1
2026-01-28,000001,14:29:36,10.8800,64,2
2026-01-28,000001,14:29:39,10.8900,388,1
2026-01-28,000001,14:29:42,10.8800,12,2
2026-01-28,000001,14:29:45,10.8800,13,2
2026-01-28,000001,14:29:48,10.8800,431,2
2026-01-28,000001,14:29:51,10.8800,89,1
2026-01-28,000001,14:29:54,10.8800,5,1
2026-01-28,000001,14:29:57,10.8800,173,1
2026-01-28,000001,14:30:00,10.8800,125,1
2026-01-28,000001,14:30:03,10.8800,89,2
2026-01-28,000001,14:30:06,10.8800,145,2
2026-01-28,000001,14:30:09,10.8900,143,1
2026-01-28,000001,14:30:12,10.8900,50,1
2026-01-28,000001,14:30:15,10.8900,79,1
2026-01-28,000001,14:30:21,10.8900,72,1
2026-01-28,000001,14:30:24,10.8800,65,2
2026-01-28,000001,14:30:27,10.8800,56,2
2026-01-28,000001,14:30:33,10.8800,49,2
2026-01-28,000001,14:30:36,10.8900,60,1
2026-01-28,000001,14:30:39,10.8800,28,2
2026-01-28,000001,14:30:42,10.8900,654,1
2026-01-28,000001,14:30:45,10.8900,108,1
2026-01-28,000001,14:30:48,10.8900,61,1
2026-01-28,000001,14:30:51,10.8900,15,1
2026-01-28,000001,14:30:54,10.8800,103,2
2026-01-28,000001,14:30:57,10.8900,257,1
2026-01-28,000001,14:31:00,10.8900,128,1
2026-01-28,000001,14:31:03,10.8800,265,2
2026-01-28,000001,14:31:06,10.8900,14,1
2026-01-28,000001,14:31:09,10.8800,45,2
2026-01-28,000001,14:31:12,10.8900,434,1
2026-01-28,000001,14:31:15,10.8800,248,2
2026-01-28,000001,14:31:18,10.8900,51,1
2026-01-28,000001,14:31:21,10.8800,2,2
2026-01-28,000001,14:31:24,10.8900,38,1
2026-01-28,000001,14:31:27,10.8800,16,2
2026-01-28,000001,14:31:30,10.8800,56,2
2026-01-28,000001,14:31:33,10.8900,15,1
2026-01-28,000001,14:31:36,10.8900,60,1
2026-01-28,000001,14:31:39,10.8900,5,1
2026-01-28,000001,14:31:42,10.8800,29,2
2026-01-28,000001,14:31:45,10.8900,67,1
2026-01-28,000001,14:31:48,10.8800,4,2
2026-01-28,000001,14:31:51,10.8900,22,1
2026-01-28,000001,14:31:54,10.8900,83,1
2026-01-28,000001,14:32:00,10.8900,2,1
2026-01-28,000001,14:32:03,10.8900,184,1
2026-01-28,000001,14:32:06,10.8900,104,1
2026-01-28,000001,14:32:09,10.8800,145,2
2026-01-28,000001,14:32:12,10.8800,24,2
2026-01-28,000001,14:32:15,10.8800,202,2
2026-01-28,000001,14:32:18,10.8800,94,2
2026-01-28,000001,14:32:21,10.8800,162,2
2026-01-28,000001,14:32:24,10.8900,380,1
2026-01-28,000001,14:32:27,10.8900,133,1
2026-01-28,000001,14:32:30,10.8900,59,1
2026-01-28,000001,14:32:33,10.8900,428,1
2026-01-28,000001,14:32:39,10.8800,61,2
2026-01-28,000001,14:32:42,10.8900,34,1
2026-01-28,000001,14:32:45,10.8800,413,2
2026-01-28,000001,14:32:48,10.8900,350,1
2026-01-28,000001,14:32:51,10.8800,56,2
2026-01-28,000001,14:32:54,10.8800,189,2
2026-01-28,000001,14:32:57,10.8800,109,2
2026-01-28,000001,14:33:00,10.8800,323,2
2026-01-28,000001,14:33:03,10.8800,502,2
2026-01-28,000001,14:33:06,10.8800,8,2
2026-01-28,000001,14:33:09,10.8900,20,1
2026-01-28,000001,14:33:12,10.8900,86,1
2026-01-28,000001,14:33:15,10.8800,37,2
2026-01-28,000001,14:33:18,10.8800,516,2
2026-01-28,000001,14:33:21,10.8800,103,2
2026-01-28,000001,14:33:24,10.8900,42,1
2026-01-28,000001,14:33:27,10.8900,428,1
2026-01-28,000001,14:33:30,10.8900,2,1
2026-01-28,000001,14:33:33,10.8800,4127,2
2026-01-28,000001,14:33:36,10.8700,76,2
2026-01-28,000001,14:33:39,10.8700,40,2
2026-01-28,000001,14:33:42,10.8800,660,1
2026-01-28,000001,14:33:45,10.8800,45,1
2026-01-28,000001,14:33:48,10.8800,31,1
2026-01-28,000001,14:33:51,10.8800,65,1
2026-01-28,000001,14:33:54,10.8700,10259,2
2026-01-28,000001,14:33:57,10.8700,46,1
2026-01-28,000001,14:34:00,10.8700,53,1
2026-01-28,000001,14:34:03,10.8600,192,2
2026-01-28,000001,14:34:06,10.8700,63,1
2026-01-28,000001,14:34:09,10.8600,111,2
2026-01-28,000001,14:34:12,10.8700,55,1
2026-01-28,000001,14:34:15,10.8700,81,1
2026-01-28,000001,14:34:18,10.8500,11567,2
2026-01-28,000001,14:34:21,10.8600,65,1
2026-01-28,000001,14:34:24,10.8600,179,1
2026-01-28,000001,14:34:27,10.8700,579,1
2026-01-28,000001,14:34:30,10.8600,16,2
2026-01-28,000001,14:34:33,10.8700,244,1
2026-01-28,000001,14:34:36,10.8700,41,1
2026-01-28,000001,14:34:39,10.8600,1216,2
2026-01-28,000001,14:34:42,10.8600,61,2
2026-01-28,000001,14:34:45,10.8700,17,1
2026-01-28,000001,14:34:48,10.8600,126,2
2026-01-28,000001,14:34:51,10.8700,1870,1
2026-01-28,000001,14:34:54,10.8700,23,1
2026-01-28,000001,14:34:57,10.8700,68,1
2026-01-28,000001,14:35:00,10.8600,50,2
2026-01-28,000001,14:35:03,10.8700,1802,1
2026-01-28,000001,14:35:06,10.8600,285,2
2026-01-28,000001,14:35:09,10.8600,74,2
2026-01-28,000001,14:35:12,10.8700,103,1
2026-01-28,000001,14:35:15,10.8700,35,1
2026-01-28,000001,14:35:18,10.8700,45,1
2026-01-28,000001,14:35:21,10.8600,26,2
2026-01-28,000001,14:35:24,10.8600,3120,2
2026-01-28,000001,14:35:27,10.8600,920,1
2026-01-28,000001,14:35:30,10.8600,198,1
2026-01-28,000001,14:35:33,10.8600,311,1
2026-01-28,000001,14:35:36,10.8600,23,1
2026-01-28,000001,14:35:39,10.8600,69,2
2026-01-28,000001,14:35:42,10.8600,85,2
2026-01-28,000001,14:35:45,10.8600,34,2
2026-01-28,000001,14:35:48,10.8600,161,2
2026-01-28,000001,14:35:51,10.8600,18,2
2026-01-28,000001,14:35:54,10.8600,78,2
2026-01-28,000001,14:35:57,10.8600,54,2
2026-01-28,000001,14:36:00,10.8600,1167,2
2026-01-28,000001,14:36:03,10.8600,33,2
2026-01-28,000001,14:36:06,10.8700,253,1
2026-01-28,000001,14:36:09,10.8700,369,1
2026-01-28,000001,14:36:12,10.8600,968,2
2026-01-28,000001,14:36:15,10.8600,461,1
2026-01-28,000001,14:36:18,10.8600,2053,1
2026-01-28,000001,14:36:21,10.8500,537,2
2026-01-28,000001,14:36:24,10.8600,406,1
2026-01-28,000001,14:36:27,10.8600,330,2
2026-01-28,000001,14:36:30,10.8600,825,2
2026-01-28,000001,14:36:33,10.8600,352,4
2026-01-28,000001,14:36:36,10.8600,345,2
2026-01-28,000001,14:36:39,10.8600,180,4
2026-01-28,000001,14:36:42,10.8500,150,2
2026-01-28,000001,14:36:45,10.8600,631,4
2026-01-28,000001,14:36:48,10.8600,535,1
2026-01-28,000001,14:36:51,10.8500,551,2
2026-01-28,000001,14:36:54,10.8500,328,2
2026-01-28,000001,14:36:57,10.8500,472,2
2026-01-28,000001,14:37:00,10.8500,234,2
2026-01-28,000001,14:37:03,10.8600,418,1
2026-01-28,000001,14:37:06,10.8600,887,1
2026-01-28,000001,14:37:09,10.8600,290,1
2026-01-28,000001,14:37:12,10.8500,451,2
2026-01-28,000001,14:37:15,10.8600,382,1
2026-01-28,000001,14:37:18,10.8500,718,2
2026-01-28,000001,14:37:21,10.8600,573,1
2026-01-28,000001,14:37:24,10.8600,507,1
2026-01-28,000001,14:37:27,10.8600,387,1
2026-01-28,000001,14:37:30,10.8500,407,2
2026-01-28,000001,14:37:33,10.8500,565,2
2026-01-28,000001,14:37:36,10.8500,283,2
2026-01-28,000001,14:37:39,10.8500,565,2
2026-01-28,000001,14:37:42,10.8500,601,2
2026-01-28,000001,14:37:45,10.8600,530,1
2026-01-28,000001,14:37:48,10.8600,297,1
2026-01-28,000001,14:37:51,10.8500,146,2
2026-01-28,000001,14:37:54,10.8600,161,1
2026-01-28,000001,14:37:57,10.8500,269,2
2026-01-28,000001,14:38:00,10.8500,151,2
2026-01-28,000001,14:38:03,10.8500,289,2
2026-01-28,000001,14:38:06,10.8500,314,2
2026-01-28,000001,14:38:09,10.8600,1637,1
2026-01-28,000001,14:38:12,10.8600,1157,1
2026-01-28,000001,14:38:15,10.8500,261,2
2026-01-28,000001,14:38:18,10.8600,318,1
2026-01-28,000001,14:38:21,10.8500,278,2
2026-01-28,000001,14:38:24,10.8600,344,1
2026-01-28,000001,14:38:27,10.8600,192,1
2026-01-28,000001,14:38:30,10.8600,266,1
2026-01-28,000001,14:38:33,10.8500,349,2
2026-01-28,000001,14:38:36,10.8600,126,1
2026-01-28,000001,14:38:39,10.8500,403,2
2026-01-28,000001,14:38:42,10.8600,287,1
2026-01-28,000001,14:38:45,10.8600,288,1
2026-01-28,000001,14:38:48,10.8600,1036,1
2026-01-28,000001,14:38:51,10.8500,345,2
2026-01-28,000001,14:38:54,10.8600,291,1
2026-01-28,000001,14:38:57,10.8500,292,2
2026-01-28,000001,14:39:00,10.8500,310,2
2026-01-28,000001,14:39:03,10.8600,157,1
2026-01-28,000001,14:39:06,10.8500,326,2
2026-01-28,000001,14:39:09,10.8500,555,2
2026-01-28,000001,14:39:12,10.8500,356,2
2026-01-28,000001,14:39:15,10.8600,528,1
2026-01-28,000001,14:39:18,10.8500,542,2
2026-01-28,000001,14:39:21,10.8600,227,1
2026-01-28,000001,14:39:24,10.8600,2944,1
2026-01-28,000001,14:39:27,10.8600,416,1
2026-01-28,000001,14:39:30,10.8600,106,1
2026-01-28,000001,14:39:33,10.8600,132,2
2026-01-28,000001,14:39:36,10.8600,78,2
2026-01-28,000001,14:39:39,10.8600,119,2
2026-01-28,000001,14:39:42,10.8600,154,2
2026-01-28,000001,14:39:45,10.8700,85,1
2026-01-28,000001,14:39:48,10.8700,108,1
2026-01-28,000001,14:39:51,10.8700,246,1
2026-01-28,000001,14:39:54,10.8700,115,1
2026-01-28,000001,14:39:57,10.8600,473,2
2026-01-28,000001,14:40:00,10.8700,193,1
2026-01-28,000001,14:40:03,10.8600,1478,2
2026-01-28,000001,14:40:06,10.8600,482,1
2026-01-28,000001,14:40:09,10.8600,209,1
2026-01-28,000001,14:40:12,10.8600,124,1
2026-01-28,000001,14:40:15,10.8500,379,2
2026-01-28,000001,14:40:18,10.8600,193,4
2026-01-28,000001,14:40:21,10.8600,225,1
2026-01-28,000001,14:40:24,10.8600,248,1
2026-01-28,000001,14:40:27,10.8500,122,2
2026-01-28,000001,14:40:30,10.8500,687,2
2026-01-28,000001,14:40:33,10.8600,293,1
2026-01-28,000001,14:40:36,10.8500,360,2
2026-01-28,000001,14:40:39,10.8500,670,2
2026-01-28,000001,14:40:42,10.8600,179,1
2026-01-28,000001,14:40:45,10.8500,216,2
2026-01-28,000001,14:40:48,10.8500,117,2
2026-01-28,000001,14:40:51,10.8600,316,1
2026-01-28,000001,14:40:54,10.8600,285,1
2026-01-28,000001,14:40:57,10.8600,112,1
2026-01-28,000001,14:41:00,10.8600,257,1
2026-01-28,000001,14:41:03,10.8500,970,2
2026-01-28,000001,14:41:06,10.8600,223,1
2026-01-28,000001,14:41:09,10.8600,233,1
2026-01-28,000001,14:41:12,10.8500,474,2
2026-01-28,000001,14:41:15,10.8600,158,1
2026-01-28,000001,14:41:18,10.8600,191,1
2026-01-28,000001,14:41:21,10.8500,277,2
2026-01-28,000001,14:41:24,10.8500,251,2
2026-01-28,000001,14:41:27,10.8600,249,1
2026-01-28,000001,14:41:30,10.8500,197,2
2026-01-28,000001,14:41:33,10.8600,363,1
2026-01-28,000001,14:41:36,10.8600,97,1
2026-01-28,000001,14:41:39,10.8500,354,2
2026-01-28,000001,14:41:42,10.8500,353,2
2026-01-28,000001,14:41:45,10.8500,504,2
2026-01-28,000001,14:41:48,10.8500,510,2
2026-01-28,000001,14:41:51,10.8600,1415,1
2026-01-28,000001,14:41:54,10.8600,385,1
2026-01-28,000001,14:41:57,10.8600,305,1
2026-01-28,000001,14:42:00,10.8500,456,2
2026-01-28,000001,14:42:03,10.8600,2815,1
2026-01-28,000001,14:42:06,10.8500,459,2
2026-01-28,000001,14:42:09,10.8600,307,1
2026-01-28,000001,14:42:12,10.8500,506,2
2026-01-28,000001,14:42:15,10.8600,155,1
2026-01-28,000001,14:42:18,10.8500,171,2
2026-01-28,000001,14:42:21,10.8600,441,1
2026-01-28,000001,14:42:24,10.8500,284,2
2026-01-28,000001,14:42:27,10.8500,451,2
2026-01-28,000001,14:42:30,10.8500,198,2
2026-01-28,000001,14:42:33,10.8600,425,1
2026-01-28,000001,14:42:36,10.8500,227,2
2026-01-28,000001,14:42:39,10.8500,48,2
2026-01-28,000001,14:42:42,10.8600,712,1
2026-01-28,000001,14:42:45,10.8500,807,2
2026-01-28,000001,14:42:48,10.8600,318,1
2026-01-28,000001,14:42:51,10.8600,114,1
2026-01-28,000001,14:42:54,10.8500,712,2
2026-01-28,000001,14:42:57,10.8600,248,1
2026-01-28,000001,14:43:00,10.8500,221,2
2026-01-28,000001,14:43:03,10.8600,2128,1
2026-01-28,000001,14:43:06,10.8500,1128,2
2026-01-28,000001,14:43:09,10.8600,416,1
2026-01-28,000001,14:43:12,10.8500,252,2
2026-01-28,000001,14:43:15,10.8600,270,1
2026-01-28,000001,14:43:18,10.8500,405,2
2026-01-28,000001,14:43:21,10.8500,298,2
2026-01-28,000001,14:43:24,10.8500,495,2
2026-01-28,000001,14:43:27,10.8500,937,2
2026-01-28,000001,14:43:30,10.8500,220,2
2026-01-28,000001,14:43:33,10.8600,589,1
2026-01-28,000001,14:43:36,10.8500,368,2
2026-01-28,000001,14:43:39,10.8600,122,1
2026-01-28,000001,14:43:42,10.8600,476,1
2026-01-28,000001,14:43:45,10.8600,118,1
2026-01-28,000001,14:43:48,10.8600,492,1
2026-01-28,000001,14:43:51,10.8600,621,1
2026-01-28,000001,14:43:54,10.8500,506,2
2026-01-28,000001,14:43:57,10.8600,529,1
2026-01-28,000001,14:44:00,10.8600,347,1
2026-01-28,000001,14:44:03,10.8600,1351,1
2026-01-28,000001,14:44:06,10.8500,971,2
2026-01-28,000001,14:44:09,10.8500,267,2
2026-01-28,000001,14:44:12,10.8500,477,2
2026-01-28,000001,14:44:15,10.8500,183,2
2026-01-28,000001,14:44:18,10.8500,236,2
2026-01-28,000001,14:44:21,10.8600,493,1
2026-01-28,000001,14:44:24,10.8600,1581,1
2026-01-28,000001,14:44:27,10.8600,295,1
2026-01-28,000001,14:44:30,10.8600,633,1
2026-01-28,000001,14:44:33,10.8600,769,1
2026-01-28,000001,14:44:36,10.8600,341,1
2026-01-28,000001,14:44:39,10.8600,308,1
2026-01-28,000001,14:44:42,10.8500,764,2
2026-01-28,000001,14:44:45,10.8600,502,1
2026-01-28,000001,14:44:48,10.8500,674,2
2026-01-28,000001,14:44:51,10.8500,1481,2
2026-01-28,000001,14:44:54,10.8500,190,2
2026-01-28,000001,14:44:57,10.8600,628,1
2026-01-28,000001,14:45:00,10.8500,1157,2
2026-01-28,000001,14:45:03,10.8600,1137,1
2026-01-28,000001,14:45:06,10.8600,767,1
2026-01-28,000001,14:45:09,10.8600,397,1
2026-01-28,000001,14:45:12,10.8600,267,1
2026-01-28,000001,14:45:15,10.8600,39,1
2026-01-28,000001,14:45:18,10.8600,327,1
2026-01-28,000001,14:45:21,10.8500,201,2
2026-01-28,000001,14:45:24,10.8500,331,2
2026-01-28,000001,14:45:27,10.8600,274,1
2026-01-28,000001,14:45:30,10.8500,449,2
2026-01-28,000001,14:45:33,10.8600,202,1
2026-01-28,000001,14:45:36,10.8500,202,2
2026-01-28,000001,14:45:39,10.8500,267,2
2026-01-28,000001,14:45:42,10.8600,323,1
2026-01-28,000001,14:45:45,10.8500,274,2
2026-01-28,000001,14:45:48,10.8500,125,2
2026-01-28,000001,14:45:51,10.8500,451,2
2026-01-28,000001,14:45:54,10.8500,214,2
2026-01-28,000001,14:45:57,10.8600,611,1
2026-01-28,000001,14:46:00,10.8600,614,1
2026-01-28,000001,14:46:03,10.8500,212,2
2026-01-28,000001,14:46:06,10.8600,317,1
2026-01-28,000001,14:46:09,10.8500,634,2
2026-01-28,000001,14:46:12,10.8600,439,1
2026-01-28,000001,14:46:15,10.8600,482,1
2026-01-28,000001,14:46:18,10.8600,366,1
2026-01-28,000001,14:46:21,10.8500,628,2
2026-01-28,000001,14:46:24,10.8500,666,2
2026-01-28,000001,14:46:27,10.8500,221,2
2026-01-28,000001,14:46:30,10.8600,1294,1
2026-01-28,000001,14:46:33,10.8600,787,1
2026-01-28,000001,14:46:36,10.8600,657,1
2026-01-28,000001,14:46:39,10.8500,473,2
2026-01-28,000001,14:46:42,10.8400,773,2
2026-01-28,000001,14:46:45,10.8500,1814,2
2026-01-28,000001,14:46:48,10.8500,229,2
2026-01-28,000001,14:46:51,10.8600,271,1
2026-01-28,000001,14:46:54,10.8500,445,4
2026-01-28,000001,14:46:57,10.8400,814,2
2026-01-28,000001,14:47:00,10.8600,169,1
2026-01-28,000001,14:47:03,10.8500,231,2
2026-01-28,000001,14:47:06,10.8500,452,2
2026-01-28,000001,14:47:09,10.8500,207,2
2026-01-28,000001,14:47:12,10.8500,280,2
2026-01-28,000001,14:47:15,10.8600,242,1
2026-01-28,000001,14:47:18,10.8500,198,2
2026-01-28,000001,14:47:21,10.8500,267,2
2026-01-28,000001,14:47:24,10.8500,208,2
2026-01-28,000001,14:47:27,10.8500,1500,2
2026-01-28,000001,14:47:30,10.8500,576,1
2026-01-28,000001,14:47:33,10.8500,326,2
2026-01-28,000001,14:47:36,10.8400,509,2
2026-01-28,000001,14:47:39,10.8400,403,2
2026-01-28,000001,14:47:42,10.8400,388,2
2026-01-28,000001,14:47:45,10.8400,838,2
2026-01-28,000001,14:47:48,10.8400,227,2
2026-01-28,000001,14:47:51,10.8600,501,1
2026-01-28,000001,14:47:54,10.8400,623,2
2026-01-28,000001,14:47:57,10.8400,485,2
2026-01-28,000001,14:48:00,10.8500,92,4
2026-01-28,000001,14:48:03,10.8500,248,2
2026-01-28,000001,14:48:06,10.8400,439,2
2026-01-28,000001,14:48:09,10.8500,669,2
2026-01-28,000001,14:48:12,10.8600,553,1
2026-01-28,000001,14:48:15,10.8500,206,2
2026-01-28,000001,14:48:18,10.8500,386,2
2026-01-28,000001,14:48:21,10.8600,456,1
2026-01-28,000001,14:48:24,10.8500,589,2
2026-01-28,000001,14:48:27,10.8500,414,2
2026-01-28,000001,14:48:30,10.8500,997,2
2026-01-28,000001,14:48:33,10.8400,461,2
2026-01-28,000001,14:48:36,10.8400,127,2
2026-01-28,000001,14:48:39,10.8600,381,1
2026-01-28,000001,14:48:42,10.8600,382,1
2026-01-28,000001,14:48:45,10.8500,255,2
2026-01-28,000001,14:48:48,10.8500,226,2
2026-01-28,000001,14:48:51,10.8600,1377,1
2026-01-28,000001,14:48:54,10.8600,201,1
2026-01-28,000001,14:48:57,10.8600,406,1
2026-01-28,000001,14:49:00,10.8600,118,1
2026-01-28,000001,14:49:03,10.8500,678,2
2026-01-28,000001,14:49:06,10.8500,3170,2
2026-01-28,000001,14:49:09,10.8500,2210,2
2026-01-28,000001,14:49:12,10.8500,918,1
2026-01-28,000001,14:49:15,10.8500,227,2
2026-01-28,000001,14:49:18,10.8500,469,2
2026-01-28,000001,14:49:21,10.8500,524,2
2026-01-28,000001,14:49:24,10.8400,249,2
2026-01-28,000001,14:49:27,10.8600,373,1
2026-01-28,000001,14:49:30,10.8400,379,2
2026-01-28,000001,14:49:33,10.8600,716,1
2026-01-28,000001,14:49:36,10.8500,510,2
2026-01-28,000001,14:49:39,10.8500,456,1
2026-01-28,000001,14:49:42,10.8500,543,1
2026-01-28,000001,14:49:45,10.8400,218,2
2026-01-28,000001,14:49:48,10.8400,492,2
2026-01-28,000001,14:49:51,10.8400,220,2
2026-01-28,000001,14:49:54,10.8400,438,2
2026-01-28,000001,14:49:57,10.8500,540,1
2026-01-28,000001,14:50:00,10.8500,716,1
2026-01-28,000001,14:50:03,10.8400,802,2
2026-01-28,000001,14:50:06,10.8500,67,1
2026-01-28,000001,14:50:09,10.8400,690,2
2026-01-28,000001,14:50:12,10.8500,557,1
2026-01-28,000001,14:50:15,10.8500,465,1
2026-01-28,000001,14:50:18,10.8400,669,2
2026-01-28,000001,14:50:21,10.8400,508,2
2026-01-28,000001,14:50:24,10.8400,2916,2
2026-01-28,000001,14:50:27,10.8500,450,1
2026-01-28,000001,14:50:30,10.8400,348,2
2026-01-28,000001,14:50:33,10.8400,715,2
2026-01-28,000001,14:50:36,10.8500,508,1
2026-01-28,000001,14:50:39,10.8400,745,2
2026-01-28,000001,14:50:42,10.8400,464,2
2026-01-28,000001,14:50:45,10.8400,511,2
2026-01-28,000001,14:50:48,10.8400,409,2
2026-01-28,000001,14:50:51,10.8600,552,1
2026-01-28,000001,14:50:54,10.8600,46,1
2026-01-28,000001,14:50:57,10.8400,1037,2
2026-01-28,000001,14:51:00,10.8600,329,1
2026-01-28,000001,14:51:03,10.8500,850,1
2026-01-28,000001,14:51:06,10.8400,423,2
2026-01-28,000001,14:51:09,10.8400,464,2
2026-01-28,000001,14:51:12,10.8400,592,2
2026-01-28,000001,14:51:15,10.8400,510,2
2026-01-28,000001,14:51:18,10.8400,1216,2
2026-01-28,000001,14:51:21,10.8600,229,1
2026-01-28,000001,14:51:24,10.8500,481,4
2026-01-28,000001,14:51:27,10.8400,633,2
2026-01-28,000001,14:51:30,10.8400,460,2
2026-01-28,000001,14:51:33,10.8500,879,1
2026-01-28,000001,14:51:36,10.8400,710,2
2026-01-28,000001,14:51:39,10.8500,358,4
2026-01-28,000001,14:51:42,10.8400,905,2
2026-01-28,000001,14:51:45,10.8400,289,2
2026-01-28,000001,14:51:48,10.8600,766,1
2026-01-28,000001,14:51:51,10.8400,262,2
2026-01-28,000001,14:51:54,10.8500,492,1
2026-01-28,000001,14:51:57,10.8500,478,2
2026-01-28,000001,14:52:00,10.8500,429,2
2026-01-28,000001,14:52:03,10.8500,617,2
2026-01-28,000001,14:52:06,10.8500,122,2
2026-01-28,000001,14:52:09,10.8500,314,2
2026-01-28,000001,14:52:12,10.8600,418,1
2026-01-28,000001,14:52:15,10.8600,782,1
2026-01-28,000001,14:52:18,10.8600,443,1
2026-01-28,000001,14:52:21,10.8500,370,2
2026-01-28,000001,14:52:24,10.8500,799,2
2026-01-28,000001,14:52:27,10.8500,317,2
2026-01-28,000001,14:52:30,10.8600,221,1
2026-01-28,000001,14:52:33,10.8600,162,1
2026-01-28,000001,14:52:36,10.8600,1688,1
2026-01-28,000001,14:52:39,10.8600,2958,1
2026-01-28,000001,14:52:42,10.8600,463,1
2026-01-28,000001,14:52:45,10.8600,287,1
2026-01-28,000001,14:52:48,10.8500,110,2
2026-01-28,000001,14:52:51,10.8500,259,2
2026-01-28,000001,14:52:54,10.8600,368,1
2026-01-28,000001,14:52:57,10.8600,759,1
2026-01-28,000001,14:53:00,10.8500,368,2
2026-01-28,000001,14:53:03,10.8600,484,1
2026-01-28,000001,14:53:06,10.8500,195,2
2026-01-28,000001,14:53:09,10.8500,180,2
2026-01-28,000001,14:53:12,10.8600,351,1
2026-01-28,000001,14:53:15,10.8500,1925,2
2026-01-28,000001,14:53:18,10.8500,262,1
2026-01-28,000001,14:53:21,10.8500,179,2
2026-01-28,000001,14:53:24,10.8500,242,2
2026-01-28,000001,14:53:27,10.8500,160,2
2026-01-28,000001,14:53:30,10.8500,325,2
2026-01-28,000001,14:53:33,10.8500,601,1
2026-01-28,000001,14:53:36,10.8400,261,2
2026-01-28,000001,14:53:39,10.8600,1118,1
2026-01-28,000001,14:53:42,10.8600,289,1
2026-01-28,000001,14:53:45,10.8500,228,2
2026-01-28,000001,14:53:48,10.8500,820,2
2026-01-28,000001,14:53:51,10.8600,374,1
2026-01-28,000001,14:53:54,10.8600,334,1
2026-01-28,000001,14:53:57,10.8600,149,1
2026-01-28,000001,14:54:00,10.8500,785,2
2026-01-28,000001,14:54:03,10.8400,460,2
2026-01-28,000001,14:54:06,10.8400,699,2
2026-01-28,000001,14:54:09,10.8500,331,4
2026-01-28,000001,14:54:12,10.8600,428,1
2026-01-28,000001,14:54:15,10.8400,7649,2
2026-01-28,000001,14:54:18,10.8500,309,1
2026-01-28,000001,14:54:21,10.8500,140,4
2026-01-28,000001,14:54:24,10.8500,294,4
2026-01-28,000001,14:54:27,10.8500,353,2
2026-01-28,000001,14:54:30,10.8500,441,1
2026-01-28,000001,14:54:33,10.8500,440,2
2026-01-28,000001,14:54:36,10.8500,150,2
2026-01-28,000001,14:54:39,10.8600,488,1
2026-01-28,000001,14:54:42,10.8500,106,2
2026-01-28,000001,14:54:45,10.8400,602,2
2026-01-28,000001,14:54:48,10.8600,236,1
2026-01-28,000001,14:54:51,10.8500,610,2
2026-01-28,000001,14:54:54,10.8400,677,2
2026-01-28,000001,14:54:57,10.8600,227,1
2026-01-28,000001,14:55:00,10.8400,2331,2
2026-01-28,000001,14:55:03,10.8500,170,1
2026-01-28,000001,14:55:06,10.8400,245,2
2026-01-28,000001,14:55:09,10.8400,786,2
2026-01-28,000001,14:55:12,10.8400,367,2
2026-01-28,000001,14:55:15,10.8400,788,1
2026-01-28,000001,14:55:18,10.8500,919,1
2026-01-28,000001,14:55:21,10.8400,482,2
2026-01-28,000001,14:55:24,10.8500,12845,1
2026-01-28,000001,14:55:27,10.8400,451,4
2026-01-28,000001,14:55:30,10.8300,461,2
2026-01-28,000001,14:55:33,10.8400,1068,4
2026-01-28,000001,14:55:36,10.8400,1318,1
2026-01-28,000001,14:55:39,10.8300,546,2
2026-01-28,000001,14:55:42,10.8300,808,1
2026-01-28,000001,14:55:45,10.8200,2427,2
2026-01-28,000001,14:55:48,10.8400,423,1
2026-01-28,000001,14:55:51,10.8300,247,2
2026-01-28,000001,14:55:54,10.8400,352,1
2026-01-28,000001,14:55:57,10.8400,1013,1
2026-01-28,000001,14:56:00,10.8300,293,2
2026-01-28,000001,14:56:03,10.8400,612,1
2026-01-28,000001,14:56:06,10.8400,444,1
2026-01-28,000001,14:56:09,10.8300,136,2
2026-01-28,000001,14:56:12,10.8400,1481,1
2026-01-28,000001,14:56:15,10.8300,279,2
2026-01-28,000001,14:56:18,10.8400,295,1
2026-01-28,000001,14:56:21,10.8400,169,2
2026-01-28,000001,14:56:24,10.8400,646,2
2026-01-28,000001,14:56:27,10.8400,290,1
2026-01-28,000001,14:56:30,10.8400,452,1
2026-01-28,000001,14:56:33,10.8400,313,2
2026-01-28,000001,14:56:36,10.8300,408,2
2026-01-28,000001,14:56:39,10.8500,348,1
2026-01-28,000001,14:56:42,10.8500,190,1
2026-01-28,000001,14:56:45,10.8400,362,2
2026-01-28,000001,14:56:48,10.8400,236,2
2026-01-28,000001,14:56:51,10.8400,437,1
2026-01-28,000001,14:56:54,10.8500,23,1
2026-01-28,000001,14:56:57,10.8400,240,2
2026-01-28,000001,14:57:00,10.8500,899,1
2026-01-28,000001,15:00:01,10.8400,11166,4
2026-01-28,000001,13:13:18,10.9300,234,2
2026-01-28,000001,13:13:21,10.9300,3386,2
2026-01-28,000001,13:13:24,10.9300,1693,2
2026-01-28,000001,13:13:27,10.9200,340,2
2026-01-28,000001,13:13:30,10.9300,157,1
2026-01-28,000001,13:13:33,10.9200,344,2
2026-01-28,000001,13:13:36,10.9200,252,2
2026-01-28,000001,13:13:39,10.9200,271,2
2026-01-28,000001,13:13:42,10.9200,154,2
2026-01-28,000001,13:13:45,10.9200,218,2
2026-01-28,000001,13:13:48,10.9200,696,2
2026-01-28,000001,13:13:51,10.9200,110,2
2026-01-28,000001,13:13:54,10.9200,140,2
2026-01-28,000001,13:13:57,10.9300,281,1
2026-01-28,000001,13:14:00,10.9200,224,2
2026-01-28,000001,13:14:03,10.9200,204,2
2026-01-28,000001,13:14:06,10.9200,212,2
2026-01-28,000001,13:14:09,10.9200,154,2
2026-01-28,000001,13:14:12,10.9200,432,2
2026-01-28,000001,13:14:15,10.9200,202,2
2026-01-28,000001,13:14:18,10.9200,340,2
2026-01-28,000001,13:14:21,10.9300,198,1
2026-01-28,000001,13:14:24,10.9300,205,1
2026-01-28,000001,13:14:27,10.9200,157,2
2026-01-28,000001,13:14:30,10.9300,281,1
2026-01-28,000001,13:14:33,10.9200,279,2
2026-01-28,000001,13:14:36,10.9200,350,2
2026-01-28,000001,13:14:39,10.9200,334,2
2026-01-28,000001,13:14:42,10.9200,269,2
2026-01-28,000001,13:14:45,10.9300,410,1
2026-01-28,000001,13:14:48,10.9300,175,1
2026-01-28,000001,13:14:51,10.9200,270,2
2026-01-28,000001,13:14:54,10.9200,353,2
2026-01-28,000001,13:14:57,10.9200,135,2
2026-01-28,000001,13:15:00,10.9300,210,1
2026-01-28,000001,13:15:03,10.9300,65,1
2026-01-28,000001,13:15:06,10.9300,612,1
2026-01-28,000001,13:15:09,10.9200,340,2
2026-01-28,000001,13:15:12,10.9300,193,1
2026-01-28,000001,13:15:15,10.9300,228,1
2026-01-28,000001,13:15:18,10.9200,134,2
2026-01-28,000001,13:15:21,10.9200,176,2
2026-01-28,000001,13:15:24,10.9200,379,2
2026-01-28,000001,13:15:27,10.9300,323,1
2026-01-28,000001,13:15:30,10.9200,252,2
2026-01-28,000001,13:15:33,10.9200,1324,2
2026-01-28,000001,13:15:36,10.9200,257,2
2026-01-28,000001,13:15:39,10.9200,203,2
2026-01-28,000001,13:15:42,10.9200,253,2
2026-01-28,000001,13:15:45,10.9200,231,2
2026-01-28,000001,13:15:48,10.9200,251,2
2026-01-28,000001,13:15:51,10.9200,514,2
2026-01-28,000001,13:15:54,10.9200,526,2
2026-01-28,000001,13:15:57,10.9200,576,2
2026-01-28,000001,13:16:00,10.9200,229,2
2026-01-28,000001,13:16:03,10.9200,111,2
2026-01-28,000001,13:16:06,10.9200,782,2
2026-01-28,000001,13:16:09,10.9200,204,2
2026-01-28,000001,13:16:12,10.9200,236,2
2026-01-28,000001,13:16:15,10.9200,203,2
2026-01-28,000001,13:16:18,10.9200,136,2
2026-01-28,000001,13:16:21,10.9200,152,2
2026-01-28,000001,13:16:24,10.9200,165,2
2026-01-28,000001,13:16:27,10.9200,153,2
2026-01-28,000001,13:16:30,10.9200,343,2
2026-01-28,000001,13:16:33,10.9200,167,2
2026-01-28,000001,13:16:36,10.9200,241,2
2026-01-28,000001,13:16:39,10.9200,42,2
2026-01-28,000001,13:16:42,10.9200,295,2
2026-01-28,000001,13:16:45,10.9200,239,2
2026-01-28,000001,13:16:48,10.9200,107,2
2026-01-28,000001,13:16:51,10.9300,173,1
2026-01-28,000001,13:16:54,10.9200,150,2
2026-01-28,000001,13:16:57,10.9200,89,2
2026-01-28,000001,13:17:00,10.9200,594,2
2026-01-28,000001,13:17:03,10.9200,159,2
2026-01-28,000001,13:17:06,10.9200,231,2
2026-01-28,000001,13:17:09,10.9200,71,2
2026-01-28,000001,13:17:12,10.9200,163,2
2026-01-28,000001,13:17:15,10.9300,231,1
2026-01-28,000001,13:17:18,10.9200,331,2
2026-01-28,000001,13:17:21,10.9200,399,2
2026-01-28,000001,13:17:24,10.9200,272,2
2026-01-28,000001,13:17:27,10.9200,251,2
2026-01-28,000001,13:17:30,10.9200,100,2
2026-01-28,000001,13:17:33,10.9200,649,2
2026-01-28,000001,13:17:36,10.9300,265,1
2026-01-28,000001,13:17:39,10.9200,224,2
2026-01-28,000001,13:17:42,10.9200,166,2
2026-01-28,000001,13:17:45,10.9300,135,1
2026-01-28,000001,13:17:48,10.9200,121,2
2026-01-28,000001,13:17:51,10.9200,260,2
2026-01-28,000001,13:17:54,10.9200,200,2
2026-01-28,000001,13:17:57,10.9200,134,2
2026-01-28,000001,13:18:00,10.9200,71,2
2026-01-28,000001,13:18:03,10.9200,120,2
2026-01-28,000001,13:18:06,10.9300,165,1
2026-01-28,000001,13:18:09,10.9200,213,2
2026-01-28,000001,13:18:12,10.9200,371,2
2026-01-28,000001,13:18:15,10.9200,198,2
2026-01-28,000001,13:18:18,10.9200,123,2
2026-01-28,000001,13:18:21,10.9200,124,2
2026-01-28,000001,13:18:24,10.9200,101,2
2026-01-28,000001,13:18:27,10.9200,156,2
2026-01-28,000001,13:18:30,10.9200,618,2
2026-01-28,000001,13:18:33,10.9200,176,2
2026-01-28,000001,13:18:36,10.9200,176,2
2026-01-28,000001,13:18:39,10.9200,212,2
2026-01-28,000001,13:18:42,10.9200,148,2
2026-01-28,000001,13:18:45,10.9200,192,2
2026-01-28,000001,13:18:48,10.9300,306,1
2026-01-28,000001,13:18:51,10.9200,70,2
2026-01-28,000001,13:18:54,10.9300,201,1
2026-01-28,000001,13:18:57,10.9300,209,1
2026-01-28,000001,13:19:00,10.9200,88,2
2026-01-28,000001,13:19:03,10.9200,268,2
2026-01-28,000001,13:19:06,10.9200,340,2
2026-01-28,000001,13:19:09,10.9300,264,1
2026-01-28,000001,13:19:12,10.9200,157,2
2026-01-28,000001,13:19:15,10.9200,78,2
2026-01-28,000001,13:19:18,10.9200,174,2
2026-01-28,000001,13:19:21,10.9200,317,2
2026-01-28,000001,13:19:24,10.9300,336,1
2026-01-28,000001,13:19:27,10.9200,436,2
2026-01-28,000001,13:19:30,10.9200,130,2
2026-01-28,000001,13:19:33,10.9200,167,2
2026-01-28,000001,13:19:36,10.9200,193,2
2026-01-28,000001,13:19:39,10.9200,157,2
2026-01-28,000001,13:19:42,10.9200,226,2
2026-01-28,000001,13:19:45,10.9300,65,1
2026-01-28,000001,13:19:48,10.9200,389,2
2026-01-28,000001,13:19:51,10.9200,128,2
2026-01-28,000001,13:19:54,10.9300,377,1
2026-01-28,000001,13:19:57,10.9200,260,2
2026-01-28,000001,13:20:00,10.9300,18,1
2026-01-28,000001,13:20:03,10.9300,132,1
2026-01-28,000001,13:20:06,10.9200,389,2
2026-01-28,000001,13:20:09,10.9200,164,2
2026-01-28,000001,13:20:12,10.9200,202,2
2026-01-28,000001,13:20:15,10.9200,551,2
2026-01-28,000001,13:20:18,10.9200,214,2
2026-01-28,000001,13:20:21,10.9200,174,2
2026-01-28,000001,13:20:24,10.9200,17,2
2026-01-28,000001,13:20:27,10.9200,149,2
2026-01-28,000001,13:20:30,10.9200,43,2
2026-01-28,000001,13:20:33,10.9200,137,2
2026-01-28,000001,13:20:36,10.9200,351,2
2026-01-28,000001,13:20:39,10.9200,93,2
2026-01-28,000001,13:20:42,10.9200,328,2
2026-01-28,000001,13:20:45,10.9200,306,2
2026-01-28,000001,13:20:48,10.9200,34,2
2026-01-28,000001,13:20:51,10.9200,144,2
2026-01-28,000001,13:20:54,10.9200,196,2
2026-01-28,000001,13:20:57,10.9200,75,2
2026-01-28,000001,13:21:00,10.9200,434,2
2026-01-28,000001,13:21:03,10.9200,91,2
2026-01-28,000001,13:21:06,10.9200,363,2
2026-01-28,000001,13:21:09,10.9200,344,2
2026-01-28,000001,13:21:12,10.9300,246,1
2026-01-28,000001,13:21:15,10.9200,145,2
2026-01-28,000001,13:21:18,10.9300,137,1
2026-01-28,000001,13:21:21,10.9300,191,1
2026-01-28,000001,13:21:24,10.9200,102,2
2026-01-28,000001,13:21:27,10.9200,102,2
2026-01-28,000001,13:21:30,10.9200,215,2
2026-01-28,000001,13:21:33,10.9200,206,2
2026-01-28,000001,13:21:36,10.9200,152,2
2026-01-28,000001,13:21:39,10.9200,149,2
2026-01-28,000001,13:21:42,10.9200,163,2
2026-01-28,000001,13:21:45,10.9200,236,2
2026-01-28,000001,13:21:48,10.9200,180,2
2026-01-28,000001,13:21:51,10.9200,168,2
2026-01-28,000001,13:21:54,10.9200,202,2
2026-01-28,000001,13:21:57,10.9200,105,2
2026-01-28,000001,13:22:00,10.9200,994,2
2026-01-28,000001,13:22:03,10.9200,217,2
2026-01-28,000001,13:22:06,10.9300,86,1
2026-01-28,000001,13:22:09,10.9200,194,2
2026-01-28,000001,13:22:12,10.9200,125,2
2026-01-28,000001,13:22:15,10.9200,197,2
2026-01-28,000001,13:22:18,10.9200,168,2
2026-01-28,000001,13:22:21,10.9200,207,2
2026-01-28,000001,13:22:24,10.9200,317,2
2026-01-28,000001,13:22:27,10.9200,330,1
2026-01-28,000001,13:22:30,10.9100,244,2
2026-01-28,000001,13:22:33,10.9200,37,1
2026-01-28,000001,13:22:36,10.9200,193,1
2026-01-28,000001,13:22:39,10.9100,179,2
2026-01-28,000001,13:22:42,10.9200,172,1
2026-01-28,000001,13:22:45,10.9100,310,2
2026-01-28,000001,13:22:48,10.9100,119,2
2026-01-28,000001,13:22:51,10.9100,137,2
2026-01-28,000001,13:22:54,10.9200,324,1
2026-01-28,000001,13:22:57,10.9200,230,4
2026-01-28,000001,13:23:00,10.9200,98,2
2026-01-28,000001,13:23:03,10.9200,85,2
2026-01-28,000001,13:23:06,10.9200,217,2
2026-01-28,000001,13:23:09,10.9200,181,2
2026-01-28,000001,13:23:12,10.9100,220,2
2026-01-28,000001,13:23:15,10.9200,256,1
2026-01-28,000001,13:23:18,10.9200,320,1
2026-01-28,000001,13:23:21,10.9200,190,2
2026-01-28,000001,13:23:24,10.9200,245,2
2026-01-28,000001,13:23:27,10.9200,292,2
2026-01-28,000001,13:23:30,10.9200,122,2
2026-01-28,000001,13:23:33,10.9200,20,2
2026-01-28,000001,13:23:36,10.9200,164,2
2026-01-28,000001,13:23:39,10.9200,156,2
2026-01-28,000001,13:23:42,10.9200,58,2
2026-01-28,000001,13:23:45,10.9200,127,2
2026-01-28,000001,13:23:48,10.9200,80,2
2026-01-28,000001,13:23:51,10.9200,192,2
2026-01-28,000001,13:23:54,10.9200,418,2
2026-01-28,000001,13:23:57,10.9300,216,1
2026-01-28,000001,13:24:00,10.9300,274,1
2026-01-28,000001,13:24:03,10.9200,155,2
2026-01-28,000001,13:24:06,10.9200,108,2
2026-01-28,000001,13:24:09,10.9200,229,2
2026-01-28,000001,13:24:12,10.9300,73,1
2026-01-28,000001,13:24:15,10.9300,117,1
2026-01-28,000001,13:24:18,10.9200,394,2
2026-01-28,000001,13:24:21,10.9300,267,1
2026-01-28,000001,13:24:24,10.9200,215,4
2026-01-28,000001,13:24:27,10.9200,332,1
2026-01-28,000001,13:24:30,10.9100,245,2
2026-01-28,000001,13:24:33,10.9300,252,1
2026-01-28,000001,13:24:36,10.9200,101,2
2026-01-28,000001,13:24:39,10.9300,160,1
2026-01-28,000001,13:24:42,10.9200,195,2
2026-01-28,000001,13:24:45,10.9300,95,1
2026-01-28,000001,13:24:48,10.9200,161,2
2026-01-28,000001,13:24:51,10.9200,389,1
2026-01-28,000001,13:24:54,10.9200,171,1
2026-01-28,000001,13:24:57,10.9200,414,1
2026-01-28,000001,13:25:00,10.9300,165,1
2026-01-28,000001,13:25:03,10.9300,313,1
2026-01-28,000001,13:25:06,10.9200,120,2
2026-01-28,000001,13:25:09,10.9200,278,2
2026-01-28,000001,13:25:12,10.9200,75,2
2026-01-28,000001,13:25:15,10.9200,184,2
2026-01-28,000001,13:25:18,10.9200,67,2
2026-01-28,000001,13:25:21,10.9200,546,2
2026-01-28,000001,13:25:24,10.9300,233,1
2026-01-28,000001,13:25:27,10.9300,261,1
2026-01-28,000001,13:25:30,10.9200,55,2
2026-01-28,000001,13:25:33,10.9200,164,2
2026-01-28,000001,13:25:36,10.9200,158,2
2026-01-28,000001,13:25:39,10.9300,96,1
2026-01-28,000001,13:25:42,10.9200,187,2
2026-01-28,000001,13:25:45,10.9300,97,1
2026-01-28,000001,13:25:48,10.9200,88,2
2026-01-28,000001,13:25:51,10.9200,185,2
2026-01-28,000001,13:25:54,10.9300,176,1
2026-01-28,000001,13:25:57,10.9200,156,2
2026-01-28,000001,13:26:00,10.9200,244,2
2026-01-28,000001,13:26:03,10.9200,132,2
2026-01-28,000001,13:26:06,10.9300,255,1
2026-01-28,000001,13:26:09,10.9300,86,1
2026-01-28,000001,13:26:12,10.9300,298,1
2026-01-28,000001,13:26:15,10.9200,191,2
2026-01-28,000001,13:26:18,10.9200,119,2
2026-01-28,000001,13:26:21,10.9200,245,2
2026-01-28,000001,13:26:24,10.9200,152,2
2026-01-28,000001,13:26:27,10.9200,136,2
2026-01-28,000001,13:26:30,10.9300,188,1
2026-01-28,000001,13:26:33,10.9200,34,2
2026-01-28,000001,13:26:36,10.9300,166,1
2026-01-28,000001,13:26:39,10.9300,121,1
2026-01-28,000001,13:26:42,10.9200,930,2
2026-01-28,000001,13:26:45,10.9200,389,2
2026-01-28,000001,13:26:48,10.9200,229,2
2026-01-28,000001,13:26:51,10.9200,306,2
2026-01-28,000001,13:26:54,10.9200,131,2
2026-01-28,000001,13:26:57,10.9200,114,2
2026-01-28,000001,13:27:00,10.9300,125,1
2026-01-28,000001,13:27:03,10.9200,277,2
2026-01-28,000001,13:27:06,10.9200,164,2
2026-01-28,000001,13:27:09,10.9200,98,2
2026-01-28,000001,13:27:12,10.9200,88,2
2026-01-28,000001,13:27:15,10.9200,143,2
2026-01-28,000001,13:27:18,10.9200,141,2
2026-01-28,000001,13:27:21,10.9200,229,2
2026-01-28,000001,13:27:24,10.9200,204,2
2026-01-28,000001,13:27:27,10.9200,299,2
2026-01-28,000001,13:27:30,10.9200,408,2
2026-01-28,000001,13:27:33,10.9200,360,2
2026-01-28,000001,13:27:36,10.9200,176,2
2026-01-28,000001,13:27:39,10.9200,178,2
2026-01-28,000001,13:27:42,10.9200,178,2
2026-01-28,000001,13:27:45,10.9200,90,2
2026-01-28,000001,13:27:48,10.9200,185,2
2026-01-28,000001,13:27:51,10.9200,238,2
2026-01-28,000001,13:27:54,10.9200,197,2
2026-01-28,000001,13:27:57,10.9200,172,2
2026-01-28,000001,13:28:00,10.9200,303,2
2026-01-28,000001,13:28:03,10.9200,167,2
2026-01-28,000001,13:28:06,10.9200,829,2
2026-01-28,000001,13:28:09,10.9200,35,2
2026-01-28,000001,13:28:12,10.9200,283,2
2026-01-28,000001,13:28:15,10.9200,194,2
2026-01-28,000001,13:28:18,10.9200,52,2
2026-01-28,000001,13:28:21,10.9200,132,2
2026-01-28,000001,13:28:24,10.9200,872,2
2026-01-28,000001,13:28:27,10.9200,192,2
2026-01-28,000001,13:28:30,10.9200,318,2
2026-01-28,000001,13:28:33,10.9200,148,2
2026-01-28,000001,13:28:36,10.9300,620,1
2026-01-28,000001,13:28:39,10.9200,206,2
2026-01-28,000001,13:28:42,10.9100,473,2
2026-01-28,000001,13:28:45,10.9300,198,1
2026-01-28,000001,13:28:48,10.9100,235,2
2026-01-28,000001,13:28:51,10.9100,193,2
2026-01-28,000001,13:28:54,10.9100,231,2
2026-01-28,000001,13:28:57,10.9100,179,2
2026-01-28,000001,13:29:00,10.9100,292,2
2026-01-28,000001,13:29:03,10.9300,395,1
2026-01-28,000001,13:29:06,10.9200,176,4
2026-01-28,000001,13:29:09,10.9200,126,2
2026-01-28,000001,13:29:12,10.9200,210,2
2026-01-28,000001,13:29:15,10.9200,199,2
2026-01-28,000001,13:29:18,10.9300,93,1
2026-01-28,000001,13:29:21,10.9200,144,2
2026-01-28,000001,13:29:24,10.9300,13,1
2026-01-28,000001,13:29:27,10.9200,128,2
2026-01-28,000001,13:29:30,10.9300,112,1
2026-01-28,000001,13:29:33,10.9200,157,2
2026-01-28,000001,13:29:36,10.9200,106,2
2026-01-28,000001,13:29:39,10.9200,102,2
2026-01-28,000001,13:29:42,10.9200,235,2
2026-01-28,000001,13:29:45,10.9200,48,2
2026-01-28,000001,13:29:48,10.9200,252,2
2026-01-28,000001,13:29:51,10.9200,9,2
2026-01-28,000001,13:29:54,10.9300,557,1
2026-01-28,000001,13:29:57,10.9200,105,2
2026-01-28,000001,13:30:00,10.9200,273,2
2026-01-28,000001,13:30:03,10.9200,166,2
2026-01-28,000001,13:30:06,10.9300,170,1
2026-01-28,000001,13:30:09,10.9200,256,2
2026-01-28,000001,13:30:12,10.9200,434,2
2026-01-28,000001,13:30:15,10.9300,35,1
2026-01-28,000001,13:30:18,10.9300,122,1
2026-01-28,000001,13:30:21,10.9200,289,2
2026-01-28,000001,13:30:24,10.9200,145,2
2026-01-28,000001,13:30:27,10.9300,267,1
2026-01-28,000001,13:30:30,10.9300,90,1
2026-01-28,000001,13:30:33,10.9300,200,1
2026-01-28,000001,13:30:36,10.9300,115,1
2026-01-28,000001,13:30:39,10.9300,661,1
2026-01-28,000001,13:30:42,10.9300,196,1
2026-01-28,000001,13:30:45,10.9300,103,1
2026-01-28,000001,13:30:48,10.9300,200,1
2026-01-28,000001,13:30:51,10.9300,425,1
2026-01-28,000001,13:30:54,10.9300,2182,1
2026-01-28,000001,13:30:57,10.9300,272,2
2026-01-28,000001,13:31:00,10.9300,818,2
2026-01-28,000001,13:31:03,10.9300,196,2
2026-01-28,000001,13:31:06,10.9400,310,1
2026-01-28,000001,13:31:09,10.9400,77,1
2026-01-28,000001,13:31:12,10.9300,209,2
2026-01-28,000001,13:31:15,10.9300,80,2
2026-01-28,000001,13:31:18,10.9300,304,2
2026-01-28,000001,13:31:21,10.9300,90,2
2026-01-28,000001,13:31:24,10.9300,96,2
2026-01-28,000001,13:31:27,10.9300,97,2
2026-01-28,000001,13:31:30,10.9400,18,1
2026-01-28,000001,13:31:33,10.9300,194,2
2026-01-28,000001,13:31:36,10.9400,63,1
2026-01-28,000001,13:31:39,10.9300,32,2
2026-01-28,000001,13:31:42,10.9400,15,1
2026-01-28,000001,13:31:45,10.9400,19,1
2026-01-28,000001,13:31:48,10.9400,6,1
2026-01-28,000001,13:31:51,10.9400,10,1
2026-01-28,000001,13:31:54,10.9400,75,1
2026-01-28,000001,13:31:57,10.9400,51,1
2026-01-28,000001,13:32:00,10.9400,8,1
2026-01-28,000001,13:32:03,10.9400,2382,1
2026-01-28,000001,13:32:06,10.9500,4,1
2026-01-28,000001,13:32:09,10.9400,16,2
2026-01-28,000001,13:32:12,10.9500,152,1
2026-01-28,000001,13:32:15,10.9500,92,1
2026-01-28,000001,13:32:18,10.9500,37,1
2026-01-28,000001,13:32:21,10.9400,73,2
2026-01-28,000001,13:32:24,10.9400,153,2
2026-01-28,000001,13:32:27,10.9400,60,2
2026-01-28,000001,13:32:30,10.9500,99,1
2026-01-28,000001,13:32:33,10.9400,49,2
2026-01-28,000001,13:32:36,10.9500,201,1
2026-01-28,000001,13:32:39,10.9500,12,1
2026-01-28,000001,13:32:42,10.9500,39,1
2026-01-28,000001,13:32:45,10.9400,92,2
2026-01-28,000001,13:32:48,10.9500,34,1
2026-01-28,000001,13:32:54,10.9500,64,1
2026-01-28,000001,13:33:00,10.9400,30,2
2026-01-28,000001,13:33:03,10.9400,13,2
2026-01-28,000001,13:33:06,10.9500,49,1
2026-01-28,000001,13:33:09,10.9500,52,1
2026-01-28,000001,13:33:12,10.9500,25,1
2026-01-28,000001,13:33:15,10.9500,45,1
2026-01-28,000001,13:33:18,10.9500,87,1
2026-01-28,000001,13:33:27,10.9500,62,1
2026-01-28,000001,13:33:30,10.9500,27,1
2026-01-28,000001,13:33:33,10.9400,10,2
2026-01-28,000001,13:33:42,10.9500,53,1
2026-01-28,000001,13:33:45,10.9500,21,1
2026-01-28,000001,13:33:48,10.9500,3,1
2026-01-28,000001,13:33:51,10.9500,5,1
2026-01-28,000001,13:33:57,10.9400,102,2
2026-01-28,000001,13:34:00,10.9500,47,1
2026-01-28,000001,13:34:03,10.9400,109,2
2026-01-28,000001,13:34:06,10.9400,34,2
2026-01-28,000001,13:34:09,10.9400,76,2
2026-01-28,000001,13:34:12,10.9500,89,1
2026-01-28,000001,13:34:15,10.9400,330,2
2026-01-28,000001,13:34:18,10.9400,114,2
2026-01-28,000001,13:34:21,10.9400,184,2
2026-01-28,000001,13:34:24,10.9400,132,2
2026-01-28,000001,13:34:27,10.9500,91,1
2026-01-28,000001,13:34:30,10.9500,35,1
2026-01-28,000001,13:34:33,10.9500,20,1
2026-01-28,000001,13:34:36,10.9500,57,1
2026-01-28,000001,13:34:39,10.9400,65,2
2026-01-28,000001,13:34:42,10.9400,20,2
2026-01-28,000001,13:34:45,10.9500,8,1
2026-01-28,000001,13:34:48,10.9400,133,2
2026-01-28,000001,13:34:51,10.9400,1,2
2026-01-28,000001,13:34:54,10.9500,2,1
2026-01-28,000001,13:34:57,10.9500,192,1
2026-01-28,000001,13:35:00,10.9600,5073,1
2026-01-28,000001,13:35:03,10.9600,54,1
2026-01-28,000001,13:35:06,10.9600,95,1
2026-01-28,000001,13:35:09,10.9500,53,2
2026-01-28,000001,13:35:12,10.9500,62,2
2026-01-28,000001,13:35:15,10.9500,47,2
2026-01-28,000001,13:35:18,10.9500,20,2
2026-01-28,000001,13:35:21,10.9600,64,1
2026-01-28,000001,13:35:24,10.9600,344,1
2026-01-28,000001,13:35:27,10.9600,10,1
2026-01-28,000001,13:35:30,10.9600,89,1
2026-01-28,000001,13:35:33,10.9600,15,1
2026-01-28,000001,13:35:36,10.9600,457,1
2026-01-28,000001,13:35:39,10.9600,21,1
2026-01-28,000001,13:35:42,10.9600,71,1
2026-01-28,000001,13:35:45,10.9500,17,2
2026-01-28,000001,13:35:48,10.9600,3,1
2026-01-28,000001,13:35:51,10.9500,21,2
2026-01-28,000001,13:35:54,10.9500,16,2
2026-01-28,000001,13:35:57,10.9500,10,2
2026-01-28,000001,13:36:03,10.9600,61,1
2026-01-28,000001,13:36:06,10.9500,13,2
2026-01-28,000001,13:36:09,10.9500,22,2
2026-01-28,000001,13:36:12,10.9600,15,1
2026-01-28,000001,13:36:18,10.9500,1,2
2026-01-28,000001,13:36:21,10.9500,18,2
2026-01-28,000001,13:36:24,10.9500,11,2
2026-01-28,000001,13:36:27,10.9500,11,2
2026-01-28,000001,13:36:30,10.9600,2,1
2026-01-28,000001,13:36:33,10.9500,16,2
2026-01-28,000001,13:36:36,10.9600,5,1
2026-01-28,000001,13:36:42,10.9500,35,2
2026-01-28,000001,13:36:45,10.9500,87,2
2026-01-28,000001,13:36:48,10.9500,78,2
2026-01-28,000001,13:36:51,10.9600,75,1
2026-01-28,000001,13:36:54,10.9500,109,2
2026-01-28,000001,13:36:57,10.9500,51,2
2026-01-28,000001,13:37:03,10.9500,87,2
2026-01-28,000001,13:37:06,10.9500,1,2
2026-01-28,000001,13:37:09,10.9600,3,1
2026-01-28,000001,13:37:12,10.9500,144,2
2026-01-28,000001,13:37:15,10.9600,62,1
2026-01-28,000001,13:37:18,10.9500,28,2
2026-01-28,000001,13:37:21,10.9500,98,2
2026-01-28,000001,13:37:24,10.9500,89,2
2026-01-28,000001,13:37:27,10.9500,82,2
2026-01-28,000001,13:37:30,10.9600,234,1
2026-01-28,000001,13:37:33,10.9500,238,2
2026-01-28,000001,13:37:36,10.9500,458,2
2026-01-28,000001,13:37:39,10.9500,30,2
2026-01-28,000001,13:37:42,10.9500,8,2
2026-01-28,000001,13:37:45,10.9600,15,1
2026-01-28,000001,13:37:54,10.9500,10,2
2026-01-28,000001,13:38:00,10.9600,4,1
2026-01-28,000001,13:38:03,10.9600,136,1
2026-01-28,000001,13:38:12,10.9600,26,1
2026-01-28,000001,13:38:18,10.9500,20,2
2026-01-28,000001,13:38:21,10.9500,76,2
2026-01-28,000001,13:38:24,10.9500,21,2
2026-01-28,000001,13:38:30,10.9600,3,1
2026-01-28,000001,13:38:33,10.9500,1,2
2026-01-28,000001,13:38:36,10.9500,17,2
2026-01-28,000001,13:38:39,10.9500,51,2
2026-01-28,000001,13:38:42,10.9500,55,2
2026-01-28,000001,13:38:45,10.9600,8,1
2026-01-28,000001,13:38:48,10.9500,171,2
2026-01-28,000001,13:38:54,10.9500,33,2
2026-01-28,000001,13:38:57,10.9500,1,2
2026-01-28,000001,13:39:00,10.9500,265,2
2026-01-28,000001,13:39:03,10.9500,25,2
2026-01-28,000001,13:39:06,10.9600,56,1
2026-01-28,000001,13:39:09,10.9500,16,2
2026-01-28,000001,13:39:12,10.9500,12,2
2026-01-28,000001,13:39:15,10.9500,13,2
2026-01-28,000001,13:39:18,10.9500,67,2
2026-01-28,000001,13:39:21,10.9500,264,2
2026-01-28,000001,13:39:24,10.9500,28,2
2026-01-28,000001,13:39:27,10.9500,123,2
2026-01-28,000001,13:39:30,10.9600,11,1
2026-01-28,000001,13:39:33,10.9500,35,2
2026-01-28,000001,13:39:36,10.9500,110,2
2026-01-28,000001,13:39:39,10.9500,34,2
2026-01-28,000001,13:39:42,10.9500,20,2
2026-01-28,000001,13:39:45,10.9600,34,1
2026-01-28,000001,13:39:48,10.9500,105,2
2026-01-28,000001,13:39:51,10.9500,21,2
2026-01-28,000001,13:39:54,10.9500,1,2
2026-01-28,000001,13:39:57,10.9600,40,1
2026-01-28,000001,13:40:00,10.9600,5,1
2026-01-28,000001,13:40:03,10.9600,22,1
2026-01-28,000001,13:40:06,10.9600,17,1
2026-01-28,000001,13:40:12,10.9600,25,1
2026-01-28,000001,13:40:15,10.9500,145,2
2026-01-28,000001,13:40:18,10.9500,13,2
2026-01-28,000001,13:40:24,10.9600,31,1
2026-01-28,000001,13:40:27,10.9600,166,1
2026-01-28,000001,13:40:30,10.9500,325,2
2026-01-28,000001,13:40:33,10.9500,39,2
2026-01-28,000001,13:40:36,10.9600,20,1
2026-01-28,000001,13:40:39,10.9500,112,2
2026-01-28,000001,13:40:42,10.9500,63,2
2026-01-28,000001,13:40:45,10.9600,137,1
2026-01-28,000001,13:40:48,10.9500,17,2
2026-01-28,000001,13:40:51,10.9500,74,2
2026-01-28,000001,13:40:54,10.9600,37,1
2026-01-28,000001,13:40:57,10.9500,29,2
2026-01-28,000001,13:41:00,10.9500,49,2
2026-01-28,000001,13:41:03,10.9500,60,2
2026-01-28,000001,13:41:06,10.9500,46,2
2026-01-28,000001,13:41:12,10.9500,74,2
2026-01-28,000001,13:41:15,10.9600,3,1
2026-01-28,000001,13:41:18,10.9500,22,2
2026-01-28,000001,13:41:21,10.9600,205,1
2026-01-28,000001,13:41:24,10.9500,12,2
2026-01-28,000001,13:41:27,10.9600,26,1
2026-01-28,000001,13:41:30,10.9500,10,2
2026-01-28,000001,13:41:36,10.9500,31,2
2026-01-28,000001,13:41:39,10.9600,50,1
2026-01-28,000001,13:41:42,10.9500,58,2
2026-01-28,000001,13:41:45,10.9600,3,1
2026-01-28,000001,13:41:48,10.9500,16,2
2026-01-28,000001,13:41:51,10.9600,121,1
2026-01-28,000001,13:41:54,10.9600,20,1
2026-01-28,000001,13:41:57,10.9500,17,2
2026-01-28,000001,13:42:00,10.9600,89,1
2026-01-28,000001,13:42:03,10.9500,1018,2
2026-01-28,000001,13:42:06,10.9500,16,2
2026-01-28,000001,13:42:09,10.9600,123,1
2026-01-28,000001,13:42:12,10.9500,12,2
2026-01-28,000001,13:42:15,10.9600,33,1
2026-01-28,000001,13:42:18,10.9500,213,2
2026-01-28,000001,13:42:21,10.9500,106,2
2026-01-28,000001,13:42:24,10.9500,47,2
2026-01-28,000001,13:42:27,10.9600,50,1
2026-01-28,000001,13:42:30,10.9600,150,1
2026-01-28,000001,13:42:33,10.9500,230,2
2026-01-28,000001,13:42:39,10.9600,20,1
2026-01-28,000001,13:42:42,10.9500,26,2
2026-01-28,000001,13:42:45,10.9500,105,2
2026-01-28,000001,13:42:48,10.9500,45,2
2026-01-28,000001,13:42:51,10.9500,97,2
2026-01-28,000001,13:42:54,10.9500,422,2
2026-01-28,000001,13:42:57,10.9500,37,2
2026-01-28,000001,13:43:00,10.9500,425,2
2026-01-28,000001,13:43:03,10.9500,60,2
2026-01-28,000001,13:43:06,10.9500,100,2
2026-01-28,000001,13:43:09,10.9600,401,1
2026-01-28,000001,13:43:12,10.9600,158,1
2026-01-28,000001,13:43:15,10.9500,10,2
2026-01-28,000001,13:43:21,10.9500,56,2
2026-01-28,000001,13:43:24,10.9500,455,2
2026-01-28,000001,13:43:27,10.9500,15,2
2026-01-28,000001,13:43:30,10.9600,225,1
2026-01-28,000001,13:43:33,10.9500,245,2
2026-01-28,000001,13:43:36,10.9500,16,2
2026-01-28,000001,13:43:39,10.9500,40,2
2026-01-28,000001,13:43:42,10.9600,20,1
2026-01-28,000001,13:43:45,10.9600,15,1
2026-01-28,000001,13:43:48,10.9500,9,2
2026-01-28,000001,13:43:51,10.9600,16,1
2026-01-28,000001,13:43:54,10.9600,44,1
2026-01-28,000001,13:43:57,10.9600,55,1
2026-01-28,000001,13:44:00,10.9500,80,2
2026-01-28,000001,13:44:03,10.9600,95,1
2026-01-28,000001,13:44:06,10.9600,69,1
2026-01-28,000001,13:44:09,10.9600,185,1
2026-01-28,000001,13:44:12,10.9600,67,1
2026-01-28,000001,13:44:15,10.9500,81,2
2026-01-28,000001,13:44:18,10.9500,16,2
2026-01-28,000001,13:44:21,10.9500,80,2
2026-01-28,000001,13:44:24,10.9500,64,2
2026-01-28,000001,13:44:30,10.9500,255,2
2026-01-28,000001,13:44:33,10.9500,8,2
2026-01-28,000001,13:44:36,10.9600,16,1
2026-01-28,000001,13:44:39,10.9500,100,2
2026-01-28,000001,13:44:42,10.9500,232,2
2026-01-28,000001,13:44:45,10.9500,117,2
2026-01-28,000001,13:44:48,10.9500,51,2
2026-01-28,000001,13:44:51,10.9500,215,2
2026-01-28,000001,13:44:54,10.9500,282,2
2026-01-28,000001,13:44:57,10.9600,20,1
2026-01-28,000001,13:45:00,10.9600,2,1
2026-01-28,000001,13:45:03,10.9500,10,2
2026-01-28,000001,13:45:06,10.9500,39,2
2026-01-28,000001,13:45:09,10.9600,37,1
2026-01-28,000001,13:45:12,10.9600,91,1
2026-01-28,000001,13:45:18,10.9600,76,1
2026-01-28,000001,13:45:21,10.9500,2,2
2026-01-28,000001,13:45:24,10.9600,10,1
2026-01-28,000001,13:45:27,10.9600,15,1
2026-01-28,000001,13:45:30,10.9500,12,2
2026-01-28,000001,13:45:33,10.9600,103,1
2026-01-28,000001,13:45:36,10.9500,211,2
2026-01-28,000001,13:45:39,10.9600,1,1
2026-01-28,000001,13:45:42,10.9600,94,1
2026-01-28,000001,13:45:45,10.9600,89,1
2026-01-28,000001,13:45:48,10.9600,26,1
2026-01-28,000001,13:45:51,10.9500,4,2
2026-01-28,000001,13:45:57,10.9500,12,2
2026-01-28,000001,13:46:00,10.9600,18,1
2026-01-28,000001,13:46:03,10.9600,77,1
2026-01-28,000001,13:46:06,10.9600,41,1
2026-01-28,000001,13:46:09,10.9600,15,1
2026-01-28,000001,13:46:12,10.9500,32,2
2026-01-28,000001,13:46:15,10.9600,45,1
2026-01-28,000001,13:46:18,10.9600,78,1
2026-01-28,000001,13:46:21,10.9500,104,2
2026-01-28,000001,13:46:24,10.9500,2800,2
2026-01-28,000001,13:46:27,10.9500,9,4
2026-01-28,000001,13:46:30,10.9500,232,4
2026-01-28,000001,13:46:33,10.9600,66,1
2026-01-28,000001,13:46:39,10.9500,11,2
2026-01-28,000001,13:46:42,10.9600,25,1
2026-01-28,000001,13:46:45,10.9600,38,1
2026-01-28,000001,13:46:48,10.9500,107,2
2026-01-28,000001,13:46:54,10.9500,54,2
2026-01-28,000001,13:46:57,10.9500,17,2
2026-01-28,000001,13:47:00,10.9600,59,1
2026-01-28,000001,13:47:09,10.9500,78,2
2026-01-28,000001,13:47:12,10.9600,30,1
2026-01-28,000001,13:47:15,10.9600,5,1
2026-01-28,000001,13:47:18,10.9500,29,2
2026-01-28,000001,13:47:21,10.9500,12,2
2026-01-28,000001,13:47:24,10.9500,5,2
2026-01-28,000001,13:47:27,10.9500,214,2
2026-01-28,000001,13:47:30,10.9500,70,2
2026-01-28,000001,13:47:33,10.9600,87,1
2026-01-28,000001,13:47:36,10.9500,38,2
2026-01-28,000001,13:47:39,10.9500,620,2
2026-01-28,000001,13:47:42,10.9600,76,1
2026-01-28,000001,13:47:45,10.9600,39,1
2026-01-28,000001,13:47:51,10.9500,69,2
2026-01-28,000001,13:47:54,10.9500,102,2
2026-01-28,000001,13:47:57,10.9500,45,2
2026-01-28,000001,13:48:00,10.9600,2,1
2026-01-28,000001,13:48:03,10.9500,20,2
2026-01-28,000001,13:48:09,10.9600,9,1
2026-01-28,000001,13:48:12,10.9500,39,2
2026-01-28,000001,13:48:15,10.9600,81,1
2026-01-28,000001,13:48:18,10.9600,49,1
2026-01-28,000001,13:48:21,10.9500,21,2
2026-01-28,000001,13:48:24,10.9500,56,2
2026-01-28,000001,13:48:27,10.9600,3,1
2026-01-28,000001,13:48:30,10.9500,44,2
2026-01-28,000001,13:48:33,10.9500,342,2
2026-01-28,000001,13:48:36,10.9500,658,2
2026-01-28,000001,13:48:39,10.9500,496,2
2026-01-28,000001,13:48:42,10.9500,75,2
2026-01-28,000001,13:48:45,10.9500,33,2
2026-01-28,000001,13:48:48,10.9600,47,1
2026-01-28,000001,13:48:51,10.9600,10,1
2026-01-28,000001,13:48:54,10.9500,158,2
2026-01-28,000001,13:48:57,10.9500,58,4
2026-01-28,000001,13:49:00,10.9600,72,1
2026-01-28,000001,13:49:03,10.9500,17,2
2026-01-28,000001,13:49:06,10.9500,87,2
2026-01-28,000001,13:49:12,10.9500,43,2
2026-01-28,000001,13:49:15,10.9600,27,1
2026-01-28,000001,13:49:18,10.9500,22,2
2026-01-28,000001,13:49:21,10.9500,17,2
2026-01-28,000001,13:49:24,10.9500,217,2
2026-01-28,000001,13:49:27,10.9400,327,2
2026-01-28,000001,13:49:30,10.9400,119,2
2026-01-28,000001,13:49:33,10.9500,55,4
2026-01-28,000001,13:49:36,10.9500,63,1
2026-01-28,000001,13:49:39,10.9500,24,1
2026-01-28,000001,13:49:42,10.9500,273,1
2026-01-28,000001,13:49:45,10.9500,63,1
2026-01-28,000001,13:49:48,10.9500,23,1
2026-01-28,000001,13:49:51,10.9500,3,1
2026-01-28,000001,13:49:54,10.9500,24,1
2026-01-28,000001,13:49:57,10.9500,44,1
2026-01-28,000001,13:50:03,10.9400,8,2
2026-01-28,000001,13:50:06,10.9500,86,1
2026-01-28,000001,13:50:12,10.9400,238,2
2026-01-28,000001,13:50:15,10.9500,28,1
2026-01-28,000001,13:50:18,10.9500,114,1
2026-01-28,000001,13:50:21,10.9500,57,1
2026-01-28,000001,13:50:24,10.9500,40,1
2026-01-28,000001,13:50:27,10.9400,140,2
2026-01-28,000001,13:50:30,10.9500,20,1
2026-01-28,000001,13:50:33,10.9400,91,2
2026-01-28,000001,13:50:36,10.9400,1,2
2026-01-28,000001,13:50:39,10.9500,80,1
2026-01-28,000001,13:50:42,10.9500,149,1
2026-01-28,000001,13:50:45,10.9400,84,2
2026-01-28,000001,13:50:48,10.9500,83,1
2026-01-28,000001,13:50:54,10.9400,135,2
2026-01-28,000001,13:50:57,10.9400,30,2
2026-01-28,000001,13:51:00,10.9500,92,1
2026-01-28,000001,13:51:03,10.9400,303,2
2026-01-28,000001,13:51:06,10.9400,89,2
2026-01-28,000001,13:51:09,10.9400,17,2
2026-01-28,000001,13:51:12,10.9400,250,2
2026-01-28,000001,13:51:18,10.9400,177,2
2026-01-28,000001,13:51:21,10.9400,102,2
2026-01-28,000001,13:51:27,10.9400,91,2
2026-01-28,000001,13:51:30,10.9400,32,2
2026-01-28,000001,13:51:33,10.9400,36,2
2026-01-28,000001,13:51:36,10.9400,100,2
2026-01-28,000001,13:51:42,10.9400,49,2
2026-01-28,000001,13:51:45,10.9500,144,1
2026-01-28,000001,13:51:48,10.9500,165,1
2026-01-28,000001,13:51:51,10.9400,112,2
2026-01-28,000001,13:51:54,10.9400,8,2
2026-01-28,000001,13:51:57,10.9400,84,2
2026-01-28,000001,13:52:00,10.9400,10,2
2026-01-28,000001,13:52:03,10.9500,25,1
2026-01-28,000001,13:52:06,10.9500,13,1
2026-01-28,000001,13:52:09,10.9500,47,1
2026-01-28,000001,13:52:12,10.9400,65,2
2026-01-28,000001,13:52:15,10.9500,67,1
2026-01-28,000001,13:52:18,10.9400,101,2
2026-01-28,000001,13:52:21,10.9400,17,2
2026-01-28,000001,13:52:27,10.9500,98,1
2026-01-28,000001,13:52:30,10.9500,5,1
2026-01-28,000001,13:52:33,10.9400,5,2
2026-01-28,000001,13:52:36,10.9500,4,1
2026-01-28,000001,13:52:42,10.9500,24,1
2026-01-28,000001,13:52:45,10.9500,10,1
2026-01-28,000001,13:52:48,10.9500,70,1
2026-01-28,000001,13:52:51,10.9500,55,1
2026-01-28,000001,13:52:54,10.9500,131,1
2026-01-28,000001,13:52:57,10.9400,4,2
2026-01-28,000001,13:53:00,10.9500,50,1
2026-01-28,000001,13:53:03,10.9500,6,1
2026-01-28,000001,13:53:06,10.9400,55,2
2026-01-28,000001,13:53:09,10.9500,20,1
2026-01-28,000001,13:53:12,10.9400,249,2
2026-01-28,000001,13:53:15,10.9400,71,2
2026-01-28,000001,13:53:18,10.9500,32,1
2026-01-28,000001,13:53:21,10.9500,72,1
2026-01-28,000001,13:53:24,10.9400,16,2
2026-01-28,000001,13:53:27,10.9500,72,1
2026-01-28,000001,13:53:30,10.9500,20,1
2026-01-28,000001,13:53:33,10.9500,20,1
2026-01-28,000001,13:53:36,10.9500,8,1
2026-01-28,000001,13:53:39,10.9500,40,1
2026-01-28,000001,13:53:42,10.9500,107,1
2026-01-28,000001,13:53:45,10.9500,15,1
2026-01-28,000001,13:53:48,10.9400,149,2
2026-01-28,000001,13:53:54,10.9400,175,2
2026-01-28,000001,13:53:57,10.9500,43,1
2026-01-28,000001,13:54:00,10.9400,282,2
2026-01-28,000001,13:54:03,10.9400,81,2
2026-01-28,000001,13:54:06,10.9400,121,2
2026-01-28,000001,13:54:09,10.9400,82,2
2026-01-28,000001,13:54:12,10.9400,198,2
2026-01-28,000001,13:54:15,10.9400,151,2
2026-01-28,000001,13:54:18,10.9400,109,2
2026-01-28,000001,13:54:21,10.9400,273,2
2026-01-28,000001,13:54:24,10.9400,247,2
2026-01-28,000001,13:54:27,10.9400,410,2
2026-01-28,000001,13:54:30,10.9500,88,1
2026-01-28,000001,13:54:33,10.9400,204,2
2026-01-28,000001,13:54:36,10.9500,33,1
2026-01-28,000001,13:54:39,10.9400,89,2
2026-01-28,000001,13:54:42,10.9400,307,2
2026-01-28,000001,13:54:45,10.9400,52,2
2026-01-28,000001,13:54:48,10.9400,9,2
2026-01-28,000001,13:54:51,10.9500,61,1
2026-01-28,000001,13:54:54,10.9500,537,1
2026-01-28,000001,13:55:00,10.9500,2,1
2026-01-28,000001,13:55:03,10.9500,131,1
2026-01-28,000001,13:55:06,10.9500,6,1
2026-01-28,000001,13:55:09,10.9500,98,1
2026-01-28,000001,13:55:12,10.9500,202,1
2026-01-28,000001,13:55:15,10.9500,73,1
2026-01-28,000001,13:55:18,10.9500,60,1
2026-01-28,000001,13:55:21,10.9400,43,2
2026-01-28,000001,13:55:24,10.9400,378,2
2026-01-28,000001,13:55:27,10.9500,17,4
2026-01-28,000001,13:55:30,10.9500,24,2
2026-01-28,000001,13:55:33,10.9500,20,2
2026-01-28,000001,13:55:36,10.9600,76,1
2026-01-28,000001,13:55:39,10.9500,22,2
2026-01-28,000001,13:55:42,10.9500,78,2
2026-01-28,000001,13:55:45,10.9500,52,2
2026-01-28,000001,13:55:48,10.9500,72,2
2026-01-28,000001,13:55:51,10.9500,114,2
2026-01-28,000001,13:55:54,10.9600,3,1
2026-01-28,000001,13:55:57,10.9500,45,2
2026-01-28,000001,13:56:00,10.9600,7,1
2026-01-28,000001,13:56:06,10.9600,9,1
2026-01-28,000001,13:56:09,10.9600,48,1
2026-01-28,000001,13:56:12,10.9500,65,2
2026-01-28,000001,13:56:15,10.9600,170,1
2026-01-28,000001,13:56:18,10.9500,80,2
2026-01-28,000001,13:56:21,10.9600,107,1
2026-01-28,000001,13:56:24,10.9600,7,1
2026-01-28,000001,13:56:27,10.9600,30,1
2026-01-28,000001,13:56:30,10.9600,34,1
2026-01-28,000001,13:56:33,10.9600,62,1
2026-01-28,000001,13:56:36,10.9600,118,1
2026-01-28,000001,13:56:39,10.9500,49,2
2026-01-28,000001,13:56:42,10.9500,172,2
2026-01-28,000001,13:56:45,10.9500,49,2
2026-01-28,000001,13:56:48,10.9500,107,2
2026-01-28,000001,13:56:51,10.9500,77,2
2026-01-28,000001,13:56:54,10.9600,46,1
2026-01-28,000001,13:56:57,10.9500,10,2
2026-01-28,000001,13:57:00,10.9600,38,1
2026-01-28,000001,13:57:03,10.9600,167,1
2026-01-28,000001,13:57:09,10.9500,217,2
2026-01-28,000001,13:57:12,10.9500,44,2
2026-01-28,000001,13:57:15,10.9600,19,1
2026-01-28,000001,13:57:18,10.9500,164,2
2026-01-28,000001,13:57:21,10.9500,1,2
2026-01-28,000001,13:57:24,10.9500,30,2
2026-01-28,000001,13:57:27,10.9500,17,2
2026-01-28,000001,13:57:30,10.9500,55,2
2026-01-28,000001,13:57:33,10.9500,225,2
2026-01-28,000001,13:57:36,10.9500,183,2
2026-01-28,000001,13:57:39,10.9600,13,1
2026-01-28,000001,13:57:42,10.9500,78,2
2026-01-28,000001,13:57:45,10.9600,13,1
2026-01-28,000001,13:57:48,10.9500,74,2
2026-01-28,000001,13:57:51,10.9600,151,1
2026-01-28,000001,13:57:54,10.9500,3,2
2026-01-28,000001,13:57:57,10.9500,128,2
2026-01-28,000001,13:58:00,10.9500,32,2
2026-01-28,000001,13:58:03,10.9600,138,1
2026-01-28,000001,13:58:06,10.9500,33,2
2026-01-28,000001,13:58:09,10.9500,48,2
2026-01-28,000001,13:58:12,10.9600,12,1
2026-01-28,000001,13:58:15,10.9500,4,2
2026-01-28,000001,13:58:18,10.9600,139,1
2026-01-28,000001,13:58:21,10.9500,35,2
2026-01-28,000001,13:58:24,10.9500,35,2
2026-01-28,000001,13:58:30,10.9500,34,2
2026-01-28,000001,13:58:33,10.9500,69,2
2026-01-28,000001,13:58:36,10.9600,60,1
2026-01-28,000001,13:58:42,10.9500,82,2
2026-01-28,000001,13:58:45,10.9500,124,2
2026-01-28,000001,13:58:48,10.9600,148,1
2026-01-28,000001,13:58:51,10.9500,68,2
2026-01-28,000001,13:58:54,10.9500,20,2
2026-01-28,000001,13:58:57,10.9500,63,2
2026-01-28,000001,13:59:00,10.9500,21,2
2026-01-28,000001,13:59:03,10.9600,197,1
2026-01-28,000001,13:59:06,10.9500,100,2
2026-01-28,000001,13:59:12,10.9600,7,1
2026-01-28,000001,13:59:15,10.9500,9,2
2026-01-28,000001,13:59:18,10.9600,71,1
2026-01-28,000001,13:59:21,10.9500,71,2
2026-01-28,000001,13:59:24,10.9500,18,2
2026-01-28,000001,13:59:30,10.9500,15,2
2026-01-28,000001,13:59:33,10.9600,3,1
2026-01-28,000001,13:59:36,10.9500,72,2
2026-01-28,000001,13:59:39,10.9500,107,2
2026-01-28,000001,13:59:42,10.9500,49,2
2026-01-28,000001,13:59:45,10.9500,44,2
2026-01-28,000001,13:59:48,10.9500,1,2
2026-01-28,000001,13:59:51,10.9500,100,2
2026-01-28,000001,13:59:54,10.9500,81,2
2026-01-28,000001,13:59:57,10.9500,115,2
2026-01-28,000001,14:00:00,10.9500,102,2
2026-01-28,000001,14:00:03,10.9600,70,1
2026-01-28,000001,14:00:06,10.9500,79,2
2026-01-28,000001,14:00:12,10.9500,63,2
2026-01-28,000001,14:00:18,10.9500,97,2
2026-01-28,000001,14:00:21,10.9500,37,2
2026-01-28,000001,14:00:24,10.9600,48,1
2026-01-28,000001,14:00:27,10.9500,49,2
2026-01-28,000001,14:00:30,10.9500,35,2
2026-01-28,000001,14:00:33,10.9500,48,2
2026-01-28,000001,14:00:36,10.9500,6,2
2026-01-28,000001,14:00:39,10.9500,39,2
2026-01-28,000001,14:00:42,10.9500,107,2
2026-01-28,000001,14:00:48,10.9500,219,2
2026-01-28,000001,14:00:51,10.9500,44,2
2026-01-28,000001,14:00:54,10.9500,84,2
2026-01-28,000001,14:00:57,10.9600,7,1
2026-01-28,000001,14:01:00,10.9500,30,2
2026-01-28,000001,14:01:03,10.9500,76,2
2026-01-28,000001,14:01:06,10.9500,16,2
2026-01-28,000001,14:01:09,10.9500,26,2
2026-01-28,000001,14:01:12,10.9700,10512,1
2026-01-28,000001,14:01:15,10.9700,80,1
2026-01-28,000001,14:01:18,10.9600,38,2
2026-01-28,000001,14:01:21,10.9600,28,2
2026-01-28,000001,14:01:24,10.9600,32,2
2026-01-28,000001,14:01:27,10.9600,501,2
2026-01-28,000001,14:01:30,10.9600,21,2
2026-01-28,000001,14:01:33,10.9700,4,1
2026-01-28,000001,14:01:39,10.9600,22,2
2026-01-28,000001,14:01:42,10.9600,832,2
2026-01-28,000001,14:01:48,10.9600,34,2
2026-01-28,000001,14:01:51,10.9700,109,1
2026-01-28,000001,14:01:54,10.9600,66,2
2026-01-28,000001,14:01:57,10.9600,270,2
2026-01-28,000001,14:02:00,10.9600,133,1
2026-01-28,000001,14:02:03,10.9600,395,1
2026-01-28,000001,14:02:06,10.9600,42,1
2026-01-28,000001,14:02:09,10.9600,63,2
2026-01-28,000001,14:02:12,10.9600,272,2
2026-01-28,000001,14:02:15,10.9700,61,1
2026-01-28,000001,14:02:18,10.9600,40,2
2026-01-28,000001,14:02:21,10.9600,20,2
2026-01-28,000001,14:02:24,10.9600,3,2
2026-01-28,000001,14:02:27,10.9600,440,2
2026-01-28,000001,14:02:30,10.9600,95,2
2026-01-28,000001,14:02:33,10.9600,30,2
2026-01-28,000001,14:02:36,10.9600,242,2
2026-01-28,000001,14:02:39,10.9600,759,2
2026-01-28,000001,14:02:42,10.9600,16,4
2026-01-28,000001,14:02:45,10.9600,216,2
2026-01-28,000001,14:02:48,10.9600,79,1
2026-01-28,000001,14:02:51,10.9500,158,2
2026-01-28,000001,14:02:54,10.9500,56,2
2026-01-28,000001,14:02:57,10.9600,57,1
2026-01-28,000001,14:03:00,10.9600,104,1
2026-01-28,000001,14:03:03,10.9600,89,1
2026-01-28,000001,14:03:06,10.9600,21,1
2026-01-28,000001,14:03:09,10.9600,61,1
2026-01-28,000001,14:03:12,10.9600,127,1
2026-01-28,000001,14:03:15,10.9600,255,1
2026-01-28,000001,14:03:18,10.9600,119,1
2026-01-28,000001,14:03:21,10.9500,100,2
2026-01-28,000001,14:03:24,10.9700,166,1
2026-01-28,000001,14:03:27,10.9500,135,2
2026-01-28,000001,14:03:30,10.9600,179,1
2026-01-28,000001,14:03:33,10.9600,176,1
2026-01-28,000001,14:03:36,10.9500,155,2
2026-01-28,000001,14:03:39,10.9500,139,2
2026-01-28,000001,14:03:42,10.9600,15,1
2026-01-28,000001,14:03:45,10.9500,39,2
2026-01-28,000001,14:03:48,10.9500,951,2
2026-01-28,000001,14:03:51,10.9500,119,2
2026-01-28,000001,14:03:54,10.9600,144,1
2026-01-28,000001,14:03:57,10.9500,129,2
2026-01-28,000001,14:04:00,10.9600,105,1
2026-01-28,000001,14:04:03,10.9600,392,1
2026-01-28,000001,14:04:06,10.9600,329,2
2026-01-28,000001,14:04:09,10.9700,166,1
2026-01-28,000001,14:04:12,10.9600,519,2
2026-01-28,000001,14:04:15,10.9700,130,1
2026-01-28,000001,14:04:18,10.9600,71,2
2026-01-28,000001,14:04:21,10.9600,53,1
2026-01-28,000001,14:04:24,10.9600,63,1
2026-01-28,000001,14:04:27,10.9600,37,1
2026-01-28,000001,14:04:30,10.9600,130,1
2026-01-28,000001,14:04:33,10.9600,48,1
2026-01-28,000001,14:04:36,10.9500,36,2
2026-01-28,000001,14:04:39,10.9500,86,2
2026-01-28,000001,14:04:42,10.9600,308,1
2026-01-28,000001,14:04:45,10.9600,60,1
2026-01-28,000001,14:04:48,10.9600,117,1
2026-01-28,000001,14:04:51,10.9600,117,1
2026-01-28,000001,14:04:54,10.9600,362,1
2026-01-28,000001,14:04:57,10.9600,42,1
2026-01-28,000001,14:05:00,10.9500,42,2
2026-01-28,000001,14:05:03,10.9600,90,1
2026-01-28,000001,14:05:06,10.9600,39,1
2026-01-28,000001,14:05:09,10.9700,13,1
2026-01-28,000001,14:05:12,10.9700,33,1
2026-01-28,000001,14:05:15,10.9600,117,2
2026-01-28,000001,14:05:18,10.9600,49,2
2026-01-28,000001,14:05:21,10.9600,181,1
2026-01-28,000001,14:05:24,10.9700,45,1
2026-01-28,000001,14:05:30,10.9700,1,1
2026-01-28,000001,14:05:33,10.9600,35,2
2026-01-28,000001,14:05:36,10.9500,280,2
2026-01-28,000001,14:05:39,10.9600,127,1
2026-01-28,000001,14:05:42,10.9600,23,1
2026-01-28,000001,14:05:45,10.9500,109,2
2026-01-28,000001,14:05:51,10.9500,17,2
2026-01-28,000001,14:05:54,10.9500,42,2
2026-01-28,000001,14:05:57,10.9600,135,1
2026-01-28,000001,14:06:00,10.9600,53,1
2026-01-28,000001,14:06:03,10.9500,37,2
2026-01-28,000001,14:06:06,10.9600,18,1
2026-01-28,000001,14:06:09,10.9600,19,1
2026-01-28,000001,10:51:15,10.9300,738,2
2026-01-28,000001,10:51:18,10.9300,186,2
2026-01-28,000001,10:51:21,10.9400,212,4
2026-01-28,000001,10:51:24,10.9400,555,2
2026-01-28,000001,10:51:27,10.9400,226,1
2026-01-28,000001,10:51:30,10.9300,631,2
2026-01-28,000001,10:51:33,10.9400,126,1
2026-01-28,000001,10:51:36,10.9300,222,2
2026-01-28,000001,10:51:39,10.9400,27,1
2026-01-28,000001,10:51:42,10.9300,389,2
2026-01-28,000001,10:51:45,10.9300,507,2
2026-01-28,000001,10:51:48,10.9400,17,2
2026-01-28,000001,10:51:51,10.9300,225,2
2026-01-28,000001,10:51:54,10.9400,43,1
2026-01-28,000001,10:51:57,10.9400,508,2
2026-01-28,000001,10:52:00,10.9400,334,1
2026-01-28,000001,10:52:03,10.9300,901,2
2026-01-28,000001,10:52:06,10.9300,261,2
2026-01-28,000001,10:52:09,10.9300,493,2
2026-01-28,000001,10:52:12,10.9300,367,2
2026-01-28,000001,10:52:15,10.9300,201,2
2026-01-28,000001,10:52:18,10.9300,373,2
2026-01-28,000001,10:52:21,10.9300,80,2
2026-01-28,000001,10:52:24,10.9300,130,2
2026-01-28,000001,10:52:27,10.9300,131,2
2026-01-28,000001,10:52:30,10.9400,234,1
2026-01-28,000001,10:52:33,10.9300,260,2
2026-01-28,000001,10:52:36,10.9300,267,2
2026-01-28,000001,10:52:39,10.9300,552,2
2026-01-28,000001,10:52:42,10.9300,225,2
2026-01-28,000001,10:52:45,10.9300,4202,2
2026-01-28,000001,10:52:48,10.9300,283,1
2026-01-28,000001,10:52:51,10.9300,355,1
2026-01-28,000001,10:52:54,10.9300,358,1
2026-01-28,000001,10:52:57,10.9300,265,1
2026-01-28,000001,10:53:00,10.9200,498,2
2026-01-28,000001,10:53:03,10.9200,216,2
2026-01-28,000001,10:53:06,10.9200,272,2
2026-01-28,000001,10:53:09,10.9300,1121,4
2026-01-28,000001,10:53:12,10.9300,612,2
2026-01-28,000001,10:53:15,10.9200,65,2
2026-01-28,000001,10:53:18,10.9400,94,1
2026-01-28,000001,10:53:21,10.9400,103,1
2026-01-28,000001,10:53:24,10.9300,251,2
2026-01-28,000001,10:53:27,10.9300,155,2
2026-01-28,000001,10:53:30,10.9400,158,1
2026-01-28,000001,10:53:33,10.9300,616,2
2026-01-28,000001,10:53:36,10.9300,161,2
2026-01-28,000001,10:53:39,10.9300,132,2
2026-01-28,000001,10:53:42,10.9300,765,2
2026-01-28,000001,10:53:45,10.9300,387,2
2026-01-28,000001,10:53:48,10.9300,271,2
2026-01-28,000001,10:53:51,10.9300,372,2
2026-01-28,000001,10:53:54,10.9400,597,1
2026-01-28,000001,10:53:57,10.9400,488,1
2026-01-28,000001,10:54:00,10.9400,239,1
2026-01-28,000001,10:54:03,10.9400,365,1
2026-01-28,000001,10:54:06,10.9200,244,2
2026-01-28,000001,10:54:09,10.9300,202,2
2026-01-28,000001,10:54:12,10.9300,74,2
2026-01-28,000001,10:54:15,10.9200,370,2
2026-01-28,000001,10:54:18,10.9400,204,1
2026-01-28,000001,10:54:21,10.9300,81,2
2026-01-28,000001,10:54:27,10.9300,81,2
2026-01-28,000001,10:54:30,10.9400,82,1
2026-01-28,000001,10:54:33,10.9400,370,1
2026-01-28,000001,10:54:36,10.9300,274,2
2026-01-28,000001,10:54:39,10.9400,26,1
2026-01-28,000001,10:54:42,10.9300,327,2
2026-01-28,000001,10:54:45,10.9300,172,2
2026-01-28,000001,10:54:48,10.9300,162,2
2026-01-28,000001,10:54:51,10.9300,352,2
2026-01-28,000001,10:54:54,10.9300,482,2
2026-01-28,000001,10:54:57,10.9400,196,1
2026-01-28,000001,10:55:00,10.9300,382,2
2026-01-28,000001,10:55:03,10.9400,60,1
2026-01-28,000001,10:55:06,10.9400,331,1
2026-01-28,000001,10:55:09,10.9400,286,1
2026-01-28,000001,10:55:12,10.9300,233,2
2026-01-28,000001,10:55:15,10.9300,34,2
2026-01-28,000001,10:55:18,10.9300,515,2
2026-01-28,000001,10:55:21,10.9300,243,2
2026-01-28,000001,10:55:24,10.9300,214,2
2026-01-28,000001,10:55:27,10.9300,501,2
2026-01-28,000001,10:55:30,10.9300,376,2
2026-01-28,000001,10:55:33,10.9400,72,1
2026-01-28,000001,10:55:36,10.9300,378,2
2026-01-28,000001,10:55:39,10.9300,65,2
2026-01-28,000001,10:55:42,10.9200,218,2
2026-01-28,000001,10:55:45,10.9200,210,2
2026-01-28,000001,10:55:48,10.9200,128,2
2026-01-28,000001,10:55:51,10.9400,129,1
2026-01-28,000001,10:55:54,10.9300,161,2
2026-01-28,000001,10:55:57,10.9400,84,1
2026-01-28,000001,10:56:00,10.9400,138,1
2026-01-28,000001,10:56:03,10.9300,167,2
2026-01-28,000001,10:56:06,10.9300,63,2
2026-01-28,000001,10:56:09,10.9300,67,2
2026-01-28,000001,10:56:12,10.9400,76,1
2026-01-28,000001,10:56:15,10.9300,133,2
2026-01-28,000001,10:56:18,10.9300,173,2
2026-01-28,000001,10:56:21,10.9300,54,2
2026-01-28,000001,10:56:24,10.9300,119,2
2026-01-28,000001,10:56:27,10.9300,75,2
2026-01-28,000001,10:56:30,10.9300,51,2
2026-01-28,000001,10:56:33,10.9300,35,2
2026-01-28,000001,10:56:36,10.9300,89,2
2026-01-28,000001,10:56:39,10.9300,102,2
2026-01-28,000001,10:56:42,10.9300,92,2
2026-01-28,000001,10:56:45,10.9400,126,1
2026-01-28,000001,10:56:48,10.9300,262,2
2026-01-28,000001,10:56:51,10.9300,51,2
2026-01-28,000001,10:56:54,10.9300,307,2
2026-01-28,000001,10:56:57,10.9200,1083,2
2026-01-28,000001,10:57:00,10.9300,195,2
2026-01-28,000001,10:57:03,10.9300,373,2
2026-01-28,000001,10:57:06,10.9200,397,2
2026-01-28,000001,10:57:09,10.9300,468,1
2026-01-28,000001,10:57:12,10.9200,322,2
2026-01-28,000001,10:57:15,10.9200,228,2
2026-01-28,000001,10:57:18,10.9200,299,2
2026-01-28,000001,10:57:21,10.9200,205,2
2026-01-28,000001,10:57:24,10.9200,159,2
2026-01-28,000001,10:57:27,10.9200,51,2
2026-01-28,000001,10:57:30,10.9300,204,1
2026-01-28,000001,10:57:33,10.9200,162,2
2026-01-28,000001,10:57:36,10.9300,442,1
2026-01-28,000001,10:57:39,10.9300,257,2
2026-01-28,000001,10:57:42,10.9300,119,1
2026-01-28,000001,10:57:45,10.9300,119,2
2026-01-28,000001,10:57:48,10.9300,68,2
2026-01-28,000001,10:57:51,10.9200,302,2
2026-01-28,000001,10:57:54,10.9300,153,4
2026-01-28,000001,10:57:57,10.9400,210,1
2026-01-28,000001,10:58:00,10.9300,233,2
2026-01-28,000001,10:58:03,10.9200,221,2
2026-01-28,000001,10:58:06,10.9400,145,1
2026-01-28,000001,10:58:09,10.9300,136,4
2026-01-28,000001,10:58:12,10.9300,75,2
2026-01-28,000001,10:58:15,10.9300,85,2
2026-01-28,000001,10:58:18,10.9300,76,2
2026-01-28,000001,10:58:21,10.9200,479,2
2026-01-28,000001,10:58:24,10.9200,153,2
2026-01-28,000001,10:58:27,10.9200,195,2
2026-01-28,000001,10:58:30,10.9300,188,4
2026-01-28,000001,10:58:33,10.9300,134,2
2026-01-28,000001,10:58:36,10.9200,223,2
2026-01-28,000001,10:58:39,10.9300,216,1
2026-01-28,000001,10:58:42,10.9200,207,2
2026-01-28,000001,10:58:45,10.9200,141,2
2026-01-28,000001,10:58:48,10.9300,34,4
2026-01-28,000001,10:58:51,10.9300,101,2
2026-01-28,000001,10:58:54,10.9300,51,2
2026-01-28,000001,10:58:57,10.9300,181,2
2026-01-28,000001,10:59:00,10.9300,77,2
2026-01-28,000001,10:59:03,10.9300,134,2
2026-01-28,000001,10:59:06,10.9300,167,2
2026-01-28,000001,10:59:09,10.9300,102,2
2026-01-28,000001,10:59:12,10.9300,201,2
2026-01-28,000001,10:59:15,10.9300,68,2
2026-01-28,000001,10:59:18,10.9300,231,2
2026-01-28,000001,10:59:21,10.9200,667,2
2026-01-28,000001,10:59:24,10.9200,274,2
2026-01-28,000001,10:59:27,10.9200,261,2
2026-01-28,000001,10:59:30,10.9200,226,2
2026-01-28,000001,10:59:33,10.9200,92,2
2026-01-28,000001,10:59:36,10.9200,215,2
2026-01-28,000001,10:59:39,10.9200,205,2
2026-01-28,000001,10:59:42,10.9200,303,2
2026-01-28,000001,10:59:45,10.9200,506,2
2026-01-28,000001,10:59:48,10.9200,373,2
2026-01-28,000001,10:59:51,10.9200,446,2
2026-01-28,000001,10:59:54,10.9400,290,1
2026-01-28,000001,10:59:57,10.9200,770,2
2026-01-28,000001,11:00:00,10.9200,317,2
2026-01-28,000001,11:00:03,10.9200,204,2
2026-01-28,000001,11:00:06,10.9200,220,2
2026-01-28,000001,11:00:09,10.9200,212,2
2026-01-28,000001,11:00:12,10.9200,368,2
2026-01-28,000001,11:00:15,10.9300,224,1
2026-01-28,000001,11:00:18,10.9200,299,2
2026-01-28,000001,11:00:21,10.9200,237,2
2026-01-28,000001,11:00:24,10.9200,217,2
2026-01-28,000001,11:00:27,10.9300,266,1
2026-01-28,000001,11:00:30,10.9200,149,2
2026-01-28,000001,11:00:33,10.9200,556,2
2026-01-28,000001,11:00:36,10.9200,168,2
2026-01-28,000001,11:00:39,10.9200,308,2
2026-01-28,000001,11:00:42,10.9200,292,2
2026-01-28,000001,11:00:45,10.9200,158,2
2026-01-28,000001,11:00:48,10.9300,196,1
2026-01-28,000001,11:00:51,10.9200,290,2
2026-01-28,000001,11:00:54,10.9300,470,1
2026-01-28,000001,11:00:57,10.9200,174,2
2026-01-28,000001,11:01:00,10.9300,447,1
2026-01-28,000001,11:01:03,10.9200,2551,2
2026-01-28,000001,11:01:06,10.9200,274,2
2026-01-28,000001,11:01:09,10.9200,283,2
2026-01-28,000001,11:01:12,10.9200,283,2
2026-01-28,000001,11:01:15,10.9200,188,2
2026-01-28,000001,11:01:18,10.9200,185,2
2026-01-28,000001,11:01:21,10.9300,232,1
2026-01-28,000001,11:01:24,10.9200,219,2
2026-01-28,000001,11:01:27,10.9200,168,2
2026-01-28,000001,11:01:30,10.9200,163,2
2026-01-28,000001,11:01:33,10.9200,215,2
2026-01-28,000001,11:01:36,10.9200,242,2
2026-01-28,000001,11:01:39,10.9200,225,2
2026-01-28,000001,11:01:42,10.9200,246,2
2026-01-28,000001,11:01:45,10.9200,329,2
2026-01-28,000001,11:01:48,10.9200,461,2
2026-01-28,000001,11:01:51,10.9200,234,2
2026-01-28,000001,11:01:54,10.9300,76,1
2026-01-28,000001,11:01:57,10.9200,180,2
2026-01-28,000001,11:02:00,10.9300,150,1
2026-01-28,000001,11:02:03,10.9200,48,2
2026-01-28,000001,11:02:06,10.9300,85,1
2026-01-28,000001,11:02:09,10.9300,6,1
2026-01-28,000001,11:02:12,10.9200,66,2
2026-01-28,000001,11:02:15,10.9300,291,1
2026-01-28,000001,11:02:18,10.9300,48,1
2026-01-28,000001,11:02:21,10.9300,112,1
2026-01-28,000001,11:02:24,10.9300,267,1
2026-01-28,000001,11:02:27,10.9300,350,1
2026-01-28,000001,11:02:30,10.9200,140,2
2026-01-28,000001,11:02:33,10.9300,64,1
2026-01-28,000001,11:02:36,10.9200,221,2
2026-01-28,000001,11:02:39,10.9300,233,1
2026-01-28,000001,11:02:42,10.9300,304,1
2026-01-28,000001,11:02:45,10.9200,234,2
2026-01-28,000001,11:02:48,10.9200,324,2
2026-01-28,000001,11:02:51,10.9200,189,2
2026-01-28,000001,11:02:54,10.9200,211,2
2026-01-28,000001,11:02:57,10.9200,166,2
2026-01-28,000001,11:03:00,10.9300,389,1
2026-01-28,000001,11:03:03,10.9200,265,2
2026-01-28,000001,11:03:06,10.9200,115,2
2026-01-28,000001,11:03:09,10.9200,658,2
2026-01-28,000001,11:03:12,10.9200,231,2
2026-01-28,000001,11:03:15,10.9300,56,1
2026-01-28,000001,11:03:18,10.9200,111,2
2026-01-28,000001,11:03:21,10.9300,27,1
2026-01-28,000001,11:03:24,10.9200,187,2
2026-01-28,000001,11:03:27,10.9300,225,1
2026-01-28,000001,11:03:30,10.9300,53,1
2026-01-28,000001,11:03:33,10.9300,51,1
2026-01-28,000001,11:03:36,10.9300,42,1
2026-01-28,000001,11:03:39,10.9300,26,1
2026-01-28,000001,11:03:42,10.9300,77,1
2026-01-28,000001,11:03:45,10.9200,38,2
2026-01-28,000001,11:03:48,10.9300,172,1
2026-01-28,000001,11:03:51,10.9300,50,1
2026-01-28,000001,11:03:54,10.9200,21,2
2026-01-28,000001,11:03:57,10.9300,145,1
2026-01-28,000001,11:04:00,10.9200,70,2
2026-01-28,000001,11:04:03,10.9300,23,2
2026-01-28,000001,11:04:06,10.9300,69,2
2026-01-28,000001,11:04:09,10.9300,52,1
2026-01-28,000001,11:04:12,10.9300,43,1
2026-01-28,000001,11:04:15,10.9200,60,2
2026-01-28,000001,11:04:18,10.9300,123,1
2026-01-28,000001,11:04:21,10.9300,10,1
2026-01-28,000001,11:04:24,10.9300,138,1
2026-01-28,000001,11:04:27,10.9300,21,1
2026-01-28,000001,11:04:30,10.9300,185,1
2026-01-28,000001,11:04:33,10.9300,40,2
2026-01-28,000001,11:04:36,10.9400,162,1
2026-01-28,000001,11:04:39,10.9300,58,2
2026-01-28,000001,11:04:42,10.9400,69,1
2026-01-28,000001,11:04:45,10.9300,55,2
2026-01-28,000001,11:04:48,10.9300,53,2
2026-01-28,000001,11:04:51,10.9300,200,2
2026-01-28,000001,11:04:54,10.9300,59,2
2026-01-28,000001,11:04:57,10.9300,165,2
2026-01-28,000001,11:05:00,10.9400,100,1
2026-01-28,000001,11:05:03,10.9300,52,2
2026-01-28,000001,11:05:06,10.9300,20,2
2026-01-28,000001,11:05:09,10.9300,86,2
2026-01-28,000001,11:05:12,10.9300,231,2
2026-01-28,000001,11:05:15,10.9300,92,2
2026-01-28,000001,11:05:18,10.9300,658,2
2026-01-28,000001,11:05:21,10.9300,8700,2
2026-01-28,000001,11:05:24,10.9200,574,2
2026-01-28,000001,11:05:27,10.9200,17,2
2026-01-28,000001,11:05:30,10.9200,33,2
2026-01-28,000001,11:05:33,10.9300,50,1
2026-01-28,000001,11:05:36,10.9200,17,2
2026-01-28,000001,11:05:39,10.9200,98,2
2026-01-28,000001,11:05:42,10.9200,36,2
2026-01-28,000001,11:05:48,10.9300,75,1
2026-01-28,000001,11:05:51,10.9300,1,1
2026-01-28,000001,11:05:54,10.9200,31,2
2026-01-28,000001,11:05:57,10.9300,99,1
2026-01-28,000001,11:06:00,10.9300,10,1
2026-01-28,000001,11:06:03,10.9300,102,1
2026-01-28,000001,11:06:06,10.9300,108,1
2026-01-28,000001,11:06:09,10.9300,378,1
2026-01-28,000001,11:06:12,10.9300,52,1
2026-01-28,000001,11:06:15,10.9300,6,1
2026-01-28,000001,11:06:18,10.9200,147,2
2026-01-28,000001,11:06:21,10.9200,14,2
2026-01-28,000001,11:06:24,10.9200,50,2
2026-01-28,000001,11:06:27,10.9200,209,2
2026-01-28,000001,11:06:30,10.9200,126,2
2026-01-28,000001,11:06:33,10.9300,121,1
2026-01-28,000001,11:06:36,10.9200,172,2
2026-01-28,000001,11:06:39,10.9300,153,1
2026-01-28,000001,11:06:42,10.9300,15,1
2026-01-28,000001,11:06:45,10.9300,12,1
2026-01-28,000001,11:06:48,10.9300,86,1
2026-01-28,000001,11:06:51,10.9300,280,1
2026-01-28,000001,11:06:54,10.9300,2,1
2026-01-28,000001,11:06:57,10.9300,68,1
2026-01-28,000001,11:07:00,10.9300,267,1
2026-01-28,000001,11:07:03,10.9200,96,2
2026-01-28,000001,11:07:06,10.9300,103,1
2026-01-28,000001,11:07:09,10.9300,53,1
2026-01-28,000001,11:07:12,10.9300,80,1
2026-01-28,000001,11:07:15,10.9300,528,1
2026-01-28,000001,11:07:18,10.9300,42,1
2026-01-28,000001,11:07:21,10.9200,13,2
2026-01-28,000001,11:07:24,10.9300,136,1
2026-01-28,000001,11:07:27,10.9200,52,2
2026-01-28,000001,11:07:30,10.9200,48,2
2026-01-28,000001,11:07:36,10.9300,19,1
2026-01-28,000001,11:07:39,10.9200,1,2
2026-01-28,000001,11:07:42,10.9200,46,2
2026-01-28,000001,11:07:45,10.9200,79,2
2026-01-28,000001,11:07:48,10.9200,86,2
2026-01-28,000001,11:07:51,10.9300,40,1
2026-01-28,000001,11:07:54,10.9300,122,1
2026-01-28,000001,11:07:57,10.9300,35,1
2026-01-28,000001,11:08:00,10.9300,74,1
2026-01-28,000001,11:08:03,10.9200,37,2
2026-01-28,000001,11:08:09,10.9200,12,2
2026-01-28,000001,11:08:12,10.9300,40,1
2026-01-28,000001,11:08:15,10.9300,116,1
2026-01-28,000001,11:08:18,10.9200,321,2
2026-01-28,000001,11:08:21,10.9200,64,2
2026-01-28,000001,11:08:24,10.9200,210,2
2026-01-28,000001,11:08:27,10.9200,199,2
2026-01-28,000001,11:08:30,10.9200,148,2
2026-01-28,000001,11:08:33,10.9300,134,1
2026-01-28,000001,11:08:36,10.9200,17,2
2026-01-28,000001,11:08:39,10.9200,67,2
2026-01-28,000001,11:08:42,10.9300,22,1
2026-01-28,000001,11:08:48,10.9200,127,2
2026-01-28,000001,11:08:54,10.9300,22,1
2026-01-28,000001,11:08:57,10.9300,5,1
2026-01-28,000001,11:09:00,10.9200,328,2
2026-01-28,000001,11:09:03,10.9300,90,1
2026-01-28,000001,11:09:06,10.9200,143,2
2026-01-28,000001,11:09:09,10.9200,185,2
2026-01-28,000001,11:09:12,10.9200,99,2
2026-01-28,000001,11:09:15,10.9200,97,2
2026-01-28,000001,11:09:18,10.9200,87,2
2026-01-28,000001,11:09:21,10.9200,206,2
2026-01-28,000001,11:09:24,10.9300,432,1
2026-01-28,000001,11:09:27,10.9200,164,2
2026-01-28,000001,11:09:30,10.9300,79,1
2026-01-28,000001,11:09:33,10.9300,160,1
2026-01-28,000001,11:09:36,10.9200,148,2
2026-01-28,000001,11:09:39,10.9300,60,1
2026-01-28,000001,11:09:42,10.9300,20,1
2026-01-28,000001,11:09:45,10.9200,48,2
2026-01-28,000001,11:09:48,10.9200,101,2
2026-01-28,000001,11:09:51,10.9200,38,2
2026-01-28,000001,11:09:54,10.9300,49,1
2026-01-28,000001,11:09:57,10.9200,98,2
2026-01-28,000001,11:10:00,10.9300,33,1
2026-01-28,000001,11:10:03,10.9300,5,1
2026-01-28,000001,11:10:06,10.9300,13,1
2026-01-28,000001,11:10:09,10.9300,7,1
2026-01-28,000001,11:10:12,10.9200,702,2
2026-01-28,000001,11:10:15,10.9200,93,2
2026-01-28,000001,11:10:18,10.9200,126,2
2026-01-28,000001,11:10:21,10.9200,111,2
2026-01-28,000001,11:10:24,10.9200,48,2
2026-01-28,000001,11:10:27,10.9200,179,2
2026-01-28,000001,11:10:30,10.9200,38,2
2026-01-28,000001,11:10:33,10.9200,66,2
2026-01-28,000001,11:10:36,10.9200,48,2
2026-01-28,000001,11:10:39,10.9200,98,2
2026-01-28,000001,11:10:42,10.9200,30,2
2026-01-28,000001,11:10:45,10.9200,95,2
2026-01-28,000001,11:10:48,10.9200,32,2
2026-01-28,000001,11:10:51,10.9200,77,2
2026-01-28,000001,11:10:54,10.9200,35,2
2026-01-28,000001,11:10:57,10.9200,131,2
2026-01-28,000001,11:11:00,10.9200,47,2
2026-01-28,000001,11:11:03,10.9300,53,1
2026-01-28,000001,11:11:06,10.9200,84,2
2026-01-28,000001,11:11:09,10.9200,56,2
2026-01-28,000001,11:11:12,10.9300,42,1
2026-01-28,000001,11:11:15,10.9200,130,2
2026-01-28,000001,11:11:18,10.9300,115,1
2026-01-28,000001,11:11:21,10.9300,63,1
2026-01-28,000001,11:11:24,10.9200,124,2
2026-01-28,000001,11:11:27,10.9200,124,2
2026-01-28,000001,11:11:30,10.9200,128,2
2026-01-28,000001,11:11:33,10.9300,4,1
2026-01-28,000001,11:11:36,10.9200,256,2
2026-01-28,000001,11:11:42,10.9200,158,2
2026-01-28,000001,11:11:45,10.9200,3,2
2026-01-28,000001,11:11:48,10.9200,152,2
2026-01-28,000001,11:11:51,10.9200,257,2
2026-01-28,000001,11:11:54,10.9200,62,2
2026-01-28,000001,11:11:57,10.9300,81,1
2026-01-28,000001,11:12:00,10.9300,1,1
2026-01-28,000001,11:12:03,10.9300,87,1
2026-01-28,000001,11:12:09,10.9300,34,2
2026-01-28,000001,11:12:12,10.9400,16,1
2026-01-28,000001,11:12:15,10.9300,87,2
2026-01-28,000001,11:12:18,10.9300,67,2
2026-01-28,000001,11:12:21,10.9300,1035,2
2026-01-28,000001,11:12:24,10.9300,246,1
2026-01-28,000001,11:12:27,10.9300,148,2
2026-01-28,000001,11:12:30,10.9400,110,1
2026-01-28,000001,11:12:33,10.9300,1,2
2026-01-28,000001,11:12:36,10.9400,46,1
2026-01-28,000001,11:12:42,10.9400,28,1
2026-01-28,000001,11:12:45,10.9300,16,2
2026-01-28,000001,11:12:48,10.9300,76,2
2026-01-28,000001,11:12:51,10.9300,92,2
2026-01-28,000001,11:12:54,10.9400,41,1
2026-01-28,000001,11:12:57,10.9300,45,2
2026-01-28,000001,11:13:00,10.9400,10,1
2026-01-28,000001,11:13:03,10.9300,80,2
2026-01-28,000001,11:13:06,10.9300,36,2
2026-01-28,000001,11:13:09,10.9300,79,2
2026-01-28,000001,11:13:12,10.9300,41,2
2026-01-28,000001,11:13:15,10.9300,24,2
2026-01-28,000001,11:13:18,10.9300,622,2
2026-01-28,000001,11:13:21,10.9300,18,2
2026-01-28,000001,11:13:24,10.9300,133,2
2026-01-28,000001,11:13:27,10.9300,49,2
2026-01-28,000001,11:13:30,10.9300,25,2
2026-01-28,000001,11:13:33,10.9400,116,1
2026-01-28,000001,11:13:36,10.9300,72,2
2026-01-28,000001,11:13:39,10.9400,44,1
2026-01-28,000001,11:13:42,10.9300,68,2
2026-01-28,000001,11:13:45,10.9300,211,2
2026-01-28,000001,11:13:48,10.9300,99,2
2026-01-28,000001,11:13:51,10.9200,242,2
2026-01-28,000001,11:13:54,10.9200,91,2
2026-01-28,000001,11:13:57,10.9200,144,2
2026-01-28,000001,11:14:00,10.9200,4,2
2026-01-28,000001,11:14:03,10.9300,141,1
2026-01-28,000001,11:14:06,10.9300,67,1
2026-01-28,000001,11:14:09,10.9200,37,2
2026-01-28,000001,11:14:12,10.9200,221,2
2026-01-28,000001,11:14:15,10.9200,130,2
2026-01-28,000001,11:14:18,10.9300,1,1
2026-01-28,000001,11:14:21,10.9300,83,1
2026-01-28,000001,11:14:24,10.9300,49,1
2026-01-28,000001,11:14:27,10.9300,16,1
2026-01-28,000001,11:14:30,10.9300,26,1
2026-01-28,000001,11:14:33,10.9300,55,1
2026-01-28,000001,11:14:36,10.9300,18,2
2026-01-28,000001,11:14:39,10.9300,161,2
2026-01-28,000001,11:14:42,10.9400,68,1
2026-01-28,000001,11:14:45,10.9300,99,2
