date,code,time,price,volume,bs
2026-01-27,601318,14:07:06,65.5700,338,1
2026-01-27,601318,14:07:09,65.5600,154,1
2026-01-27,601318,14:07:12,65.5900,63,1
2026-01-27,601318,14:07:15,65.6000,74,1
2026-01-27,601318,14:07:18,65.6000,290,1
2026-01-27,601318,14:07:21,65.6000,29,1
2026-01-27,601318,14:07:24,65.6000,103,1
2026-01-27,601318,14:07:27,65.6000,85,1
2026-01-27,601318,14:07:30,65.5800,58,2
2026-01-27,601318,14:07:33,65.5800,66,1
2026-01-27,601318,14:07:36,65.6000,295,1
2026-01-27,601318,14:07:39,65.6000,47,2
2026-01-27,601318,14:07:42,65.6100,25,1
2026-01-27,601318,14:07:45,65.6000,32,2
2026-01-27,601318,14:07:48,65.6000,295,2
2026-01-27,601318,14:07:51,65.6000,49,2
2026-01-27,601318,14:07:54,65.6100,124,1
2026-01-27,601318,14:07:57,65.6300,171,1
2026-01-27,601318,14:08:00,65.6600,356,1
2026-01-27,601318,14:08:03,65.6500,70,1
2026-01-27,601318,14:08:06,65.6400,86,1
2026-01-27,601318,14:08:09,65.6500,42,1
2026-01-27,601318,14:08:12,65.6600,468,1
2026-01-27,601318,14:08:15,65.6500,98,4
2026-01-27,601318,14:08:18,65.6600,62,1
2026-01-27,601318,14:08:21,65.6600,275,1
2026-01-27,601318,14:08:24,65.6700,241,1
2026-01-27,601318,14:08:27,65.6700,208,1
2026-01-27,601318,14:08:30,65.6500,277,2
2026-01-27,601318,14:08:33,65.6600,122,1
2026-01-27,601318,14:08:36,65.6800,169,1
2026-01-27,601318,14:08:39,65.6600,396,2
2026-01-27,601318,14:08:42,65.6400,213,2
2026-01-27,601318,14:08:45,65.6400,159,2
2026-01-27,601318,14:08:48,65.6100,136,2
2026-01-27,601318,14:08:51,65.6100,449,2
2026-01-27,601318,14:08:54,65.5800,426,2
2026-01-27,601318,14:08:57,65.5700,180,2
2026-01-27,601318,14:09:00,65.6000,249,1
2026-01-27,601318,14:09:03,65.6000,44,2
2026-01-27,601318,14:09:06,65.5700,101,2
2026-01-27,601318,14:09:09,65.5800,141,2
2026-01-27,601318,14:09:12,65.5500,281,2
2026-01-27,601318,14:09:15,65.5700,184,1
2026-01-27,601318,14:09:18,65.5600,276,2
2026-01-27,601318,14:09:21,65.5400,85,2
2026-01-27,601318,14:09:24,65.5400,81,2
2026-01-27,601318,14:09:27,65.5600,165,1
2026-01-27,601318,14:09:30,65.5500,164,1
2026-01-27,601318,14:09:33,65.5500,91,1
2026-01-27,601318,14:09:36,65.5500,364,2
2026-01-27,601318,14:09:39,65.5600,251,2
2026-01-27,601318,14:09:42,65.5900,25,1
2026-01-27,601318,14:09:45,65.5800,413,4
2026-01-27,601318,14:09:48,65.6100,267,1
2026-01-27,601318,14:09:51,65.6400,50,1
2026-01-27,601318,14:09:54,65.6100,332,2
2026-01-27,601318,14:09:57,65.6200,176,2
2026-01-27,601318,14:10:00,65.5900,154,2
2026-01-27,601318,14:10:03,65.5900,145,2
2026-01-27,601318,14:10:06,65.5700,101,2
2026-01-27,601318,14:10:09,65.5700,467,2
2026-01-27,601318,14:10:12,65.5600,329,2
2026-01-27,601318,14:10:15,65.5800,225,4
2026-01-27,601318,14:10:18,65.6000,274,1
2026-01-27,601318,14:10:21,65.6200,197,1
2026-01-27,601318,14:10:24,65.6400,172,1
2026-01-27,601318,14:10:27,65.6000,168,2
2026-01-27,601318,14:10:30,65.6000,163,4
2026-01-27,601318,14:10:33,65.5900,67,2
2026-01-27,601318,14:10:36,65.5800,48,2
2026-01-27,601318,14:10:39,65.5700,212,2
2026-01-27,601318,14:10:42,65.6000,349,1
2026-01-27,601318,14:10:45,65.6100,82,1
2026-01-27,601318,14:10:48,65.5800,43,2
2026-01-27,601318,14:10:51,65.5700,114,2
2026-01-27,601318,14:10:54,65.5600,298,2
2026-01-27,601318,14:10:57,65.5700,118,1
2026-01-27,601318,14:11:00,65.5700,148,1
2026-01-27,601318,14:11:03,65.5500,331,2
2026-01-27,601318,14:11:06,65.5400,173,2
2026-01-27,601318,14:11:09,65.5500,397,1
2026-01-27,601318,14:11:12,65.5400,94,2
2026-01-27,601318,14:11:15,65.5400,284,2
2026-01-27,601318,14:11:18,65.5500,50,1
2026-01-27,601318,14:11:21,65.5400,292,2
2026-01-27,601318,14:11:24,65.5500,97,2
2026-01-27,601318,14:11:27,65.5500,133,2
2026-01-27,601318,14:11:30,65.5400,155,2
2026-01-27,601318,14:11:33,65.5400,262,2
2026-01-27,601318,14:11:36,65.5500,248,4
2026-01-27,601318,14:11:39,65.5500,369,2
2026-01-27,601318,14:11:42,65.5500,294,2
2026-01-27,601318,14:11:45,65.5700,458,1
2026-01-27,601318,14:11:48,65.5400,154,2
2026-01-27,601318,14:11:51,65.5500,279,1
2026-01-27,601318,14:11:54,65.5500,131,1
2026-01-27,601318,14:11:57,65.5200,179,2
2026-01-27,601318,14:12:00,65.4900,2053,2
2026-01-27,601318,14:12:03,65.4900,633,2
2026-01-27,601318,14:12:06,65.4500,126,2
2026-01-27,601318,14:12:09,65.4800,150,1
2026-01-27,601318,14:12:12,65.4900,112,1
2026-01-27,601318,14:12:15,65.4900,47,1
2026-01-27,601318,14:12:18,65.5000,70,1
2026-01-27,601318,14:12:21,65.5200,27,1
2026-01-27,601318,14:12:24,65.5200,15,1
2026-01-27,601318,14:12:27,65.5200,23,1
2026-01-27,601318,14:12:30,65.5400,95,1
2026-01-27,601318,14:12:33,65.5000,226,2
2026-01-27,601318,14:12:36,65.4800,136,2
2026-01-27,601318,14:12:39,65.4800,205,2
2026-01-27,601318,14:12:42,65.4900,168,1
2026-01-27,601318,14:12:45,65.4600,39,2
2026-01-27,601318,14:12:48,65.4700,93,1
2026-01-27,601318,14:12:51,65.4700,260,1
2026-01-27,601318,14:12:54,65.4900,117,1
2026-01-27,601318,14:12:57,65.4800,83,4
2026-01-27,601318,14:13:00,65.4900,72,1
2026-01-27,601318,14:13:03,65.4900,46,1
2026-01-27,601318,14:13:06,65.4900,60,1
2026-01-27,601318,14:13:09,65.5000,8,1
2026-01-27,601318,14:13:12,65.4900,119,2
2026-01-27,601318,14:13:15,65.4900,253,2
2026-01-27,601318,14:13:18,65.4800,229,2
2026-01-27,601318,14:13:21,65.4800,381,2
2026-01-27,601318,14:13:24,65.4800,59,1
2026-01-27,601318,14:13:27,65.4900,75,1
2026-01-27,601318,14:13:30,65.4900,566,1
2026-01-27,601318,14:13:33,65.4900,125,1
2026-01-27,601318,14:13:36,65.5100,319,1
2026-01-27,601318,14:13:39,65.5100,61,1
2026-01-27,601318,14:13:42,65.5100,54,2
2026-01-27,601318,14:13:45,65.5200,214,1
2026-01-27,601318,14:13:48,65.5000,45,2
2026-01-27,601318,14:13:51,65.5100,80,1
2026-01-27,601318,14:13:54,65.5000,252,2
2026-01-27,601318,14:13:57,65.5100,12,4
2026-01-27,601318,14:14:00,65.5300,67,1
2026-01-27,601318,14:14:03,65.5200,152,2
2026-01-27,601318,14:14:06,65.5200,116,2
2026-01-27,601318,14:14:09,65.5200,61,2
2026-01-27,601318,14:14:12,65.5300,28,1
2026-01-27,601318,14:14:15,65.5200,146,2
2026-01-27,601318,14:14:18,65.5100,340,2
2026-01-27,601318,14:14:21,65.5000,450,2
2026-01-27,601318,14:14:24,65.4900,96,2
2026-01-27,601318,14:14:27,65.5000,92,1
2026-01-27,601318,14:14:30,65.5000,196,1
2026-01-27,601318,14:14:33,65.5100,121,1
2026-01-27,601318,14:14:36,65.5000,74,2
2026-01-27,601318,14:14:39,65.5100,22,1
2026-01-27,601318,14:14:42,65.5000,103,4
2026-01-27,601318,14:14:45,65.4900,217,2
2026-01-27,601318,14:14:48,65.5000,149,1
2026-01-27,601318,14:14:51,65.4900,205,2
2026-01-27,601318,14:14:54,65.4600,390,2
2026-01-27,601318,14:14:57,65.4500,552,2
2026-01-27,601318,14:15:00,65.4400,478,2
2026-01-27,601318,14:15:03,65.4300,156,2
2026-01-27,601318,14:15:06,65.4200,435,2
2026-01-27,601318,14:15:09,65.4200,279,2
2026-01-27,601318,14:15:12,65.4100,966,2
2026-01-27,601318,14:15:15,65.4200,410,1
2026-01-27,601318,14:15:18,65.4400,149,1
2026-01-27,601318,14:15:21,65.4200,111,2
2026-01-27,601318,14:15:24,65.4200,90,1
2026-01-27,601318,14:15:27,65.4100,124,2
2026-01-27,601318,14:15:31,65.4100,58,2
2026-01-27,601318,14:15:33,65.4100,114,2
2026-01-27,601318,14:15:36,65.4100,81,2
2026-01-27,601318,14:15:39,65.4200,154,1
2026-01-27,601318,14:15:42,65.4100,198,2
2026-01-27,601318,14:15:45,65.4200,238,2
2026-01-27,601318,14:15:48,65.4200,208,1
2026-01-27,601318,14:15:51,65.4200,495,1
2026-01-27,601318,14:15:54,65.4200,208,1
2026-01-27,601318,14:15:57,65.4200,66,1
2026-01-27,601318,14:16:00,65.4200,43,1
2026-01-27,601318,14:16:03,65.4300,162,1
2026-01-27,601318,14:16:06,65.4300,108,1
2026-01-27,601318,14:16:09,65.4300,28,1
2026-01-27,601318,14:16:12,65.4200,114,2
2026-01-27,601318,14:16:15,65.4400,322,1
2026-01-27,601318,14:16:18,65.4300,91,2
2026-01-27,601318,14:16:21,65.4400,157,4
2026-01-27,601318,14:16:24,65.4500,81,1
2026-01-27,601318,14:16:27,65.4400,47,2
2026-01-27,601318,14:16:30,65.4500,53,1
2026-01-27,601318,14:16:33,65.4400,52,2
2026-01-27,601318,14:16:36,65.4400,58,2
2026-01-27,601318,14:16:39,65.4400,192,2
2026-01-27,601318,14:16:42,65.4600,110,1
2026-01-27,601318,14:16:45,65.4600,40,1
2026-01-27,601318,14:16:48,65.4500,563,2
2026-01-27,601318,14:16:51,65.4600,329,1
2026-01-27,601318,14:16:54,65.4600,86,4
2026-01-27,601318,14:16:57,65.4700,43,1
2026-01-27,601318,14:17:00,65.4600,133,2
2026-01-27,601318,14:17:03,65.4600,83,2
2026-01-27,601318,14:17:06,65.4600,43,2
2026-01-27,601318,14:17:09,65.4500,220,2
2026-01-27,601318,14:17:12,65.4700,188,1
2026-01-27,601318,14:17:15,65.4500,100,2
2026-01-27,601318,14:17:18,65.4700,162,1
2026-01-27,601318,14:17:21,65.4800,69,1
2026-01-27,601318,14:17:24,65.4700,149,2
2026-01-27,601318,14:17:27,65.4800,74,1
2026-01-27,601318,14:17:30,65.5200,489,1
2026-01-27,601318,14:17:33,65.5200,270,2
2026-01-27,601318,14:17:36,65.5300,93,2
2026-01-27,601318,14:17:39,65.5100,202,2
2026-01-27,601318,14:17:42,65.5100,273,2
2026-01-27,601318,14:17:45,65.5100,188,1
2026-01-27,601318,14:17:48,65.5000,38,2
2026-01-27,601318,14:17:51,65.4900,66,2
2026-01-27,601318,14:17:54,65.4800,269,2
2026-01-27,601318,14:17:57,65.4800,134,1
2026-01-27,601318,14:18:00,65.4800,83,2
2026-01-27,601318,14:18:03,65.4700,244,2
2026-01-27,601318,14:18:06,65.4600,153,2
2026-01-27,601318,14:18:09,65.4600,180,2
2026-01-27,601318,14:18:12,65.4600,94,2
2026-01-27,601318,14:18:15,65.4700,206,1
2026-01-27,601318,14:18:18,65.4600,51,2
2026-01-27,601318,14:18:21,65.4500,108,2
2026-01-27,601318,14:18:24,65.4500,620,2
2026-01-27,601318,14:18:27,65.4600,134,1
2026-01-27,601318,14:18:30,65.4600,128,1
2026-01-27,601318,14:18:33,65.4400,179,2
2026-01-27,601318,14:18:36,65.4600,46,1
2026-01-27,601318,14:18:39,65.4300,20,2
2026-01-27,601318,14:18:42,65.4400,73,4
2026-01-27,601318,14:18:45,65.4500,47,1
2026-01-27,601318,14:18:48,65.4500,299,1
2026-01-27,601318,14:18:51,65.4600,144,1
2026-01-27,601318,14:18:54,65.4500,392,2
2026-01-27,601318,14:18:57,65.4500,74,2
2026-01-27,601318,14:19:00,65.5000,302,1
2026-01-27,601318,14:19:03,65.4800,61,2
2026-01-27,601318,14:19:06,65.4700,35,2
2026-01-27,601318,14:19:09,65.5000,496,1
2026-01-27,601318,14:19:12,65.5000,85,2
2026-01-27,601318,14:19:15,65.4900,240,2
2026-01-27,601318,14:19:18,65.4900,79,2
2026-01-27,601318,14:19:21,65.4900,37,2
2026-01-27,601318,14:19:24,65.4600,207,2
2026-01-27,601318,14:19:27,65.4700,189,1
2026-01-27,601318,14:19:30,65.4900,180,1
2026-01-27,601318,14:19:33,65.4700,155,2
2026-01-27,601318,14:19:36,65.4700,40,1
2026-01-27,601318,14:19:39,65.4600,75,2
2026-01-27,601318,14:19:42,65.4600,256,1
2026-01-27,601318,14:19:45,65.4500,117,2
2026-01-27,601318,14:19:48,65.4500,59,2
2026-01-27,601318,14:19:51,65.4500,53,2
2026-01-27,601318,14:19:54,65.4400,60,2
2026-01-27,601318,14:19:57,65.4500,53,1
2026-01-27,601318,14:20:00,65.4500,48,1
2026-01-27,601318,14:20:03,65.4400,183,2
2026-01-27,601318,14:20:06,65.4500,112,1
2026-01-27,601318,14:20:09,65.4600,64,1
2026-01-27,601318,14:20:12,65.4500,66,2
2026-01-27,601318,14:20:15,65.4500,28,2
2026-01-27,601318,14:20:18,65.4600,371,1
2026-01-27,601318,14:20:21,65.4600,89,2
2026-01-27,601318,14:20:24,65.4600,29,4
2026-01-27,601318,14:20:27,65.4500,291,2
2026-01-27,601318,14:20:30,65.4500,85,2
2026-01-27,601318,14:20:33,65.4400,205,2
2026-01-27,601318,14:20:36,65.4300,105,2
2026-01-27,601318,14:20:40,65.4300,134,2
2026-01-27,601318,14:20:42,65.4100,404,2
2026-01-27,601318,14:20:45,65.4100,82,2
2026-01-27,601318,14:20:48,65.4300,79,1
2026-01-27,601318,14:20:51,65.4600,591,1
2026-01-27,601318,14:20:54,65.4600,75,1
2026-01-27,601318,14:20:57,65.4600,10,2
2026-01-27,601318,14:21:00,65.4500,93,2
2026-01-27,601318,14:21:03,65.4500,314,2
2026-01-27,601318,14:21:06,65.4500,106,1
2026-01-27,601318,14:21:09,65.4500,56,1
2026-01-27,601318,14:21:12,65.4500,59,1
2026-01-27,601318,14:21:15,65.4500,11,1
2026-01-27,601318,14:21:18,65.4600,107,1
2026-01-27,601318,14:21:21,65.4500,91,2
2026-01-27,601318,14:21:24,65.4600,101,1
2026-01-27,601318,14:21:27,65.4600,13,1
2026-01-27,601318,14:21:30,65.4600,14,1
2026-01-27,601318,14:21:33,65.4600,59,1
2026-01-27,601318,14:21:36,65.4700,291,1
2026-01-27,601318,14:21:39,65.4700,179,1
2026-01-27,601318,14:21:42,65.4700,65,1
2026-01-27,601318,14:21:45,65.4800,134,1
2026-01-27,601318,14:21:48,65.4700,29,4
2026-01-27,601318,14:21:51,65.4600,100,2
2026-01-27,601318,14:21:54,65.4800,46,1
2026-01-27,601318,14:21:57,65.4800,89,2
2026-01-27,601318,14:22:00,65.4900,31,1
2026-01-27,601318,14:22:03,65.4800,382,2
2026-01-27,601318,14:22:06,65.4700,385,2
2026-01-27,601318,14:22:09,65.4800,133,4
2026-01-27,601318,14:22:12,65.4800,141,1
2026-01-27,601318,14:22:15,65.4700,299,2
2026-01-27,601318,14:22:18,65.4500,274,2
2026-01-27,601318,14:22:21,65.4500,244,2
2026-01-27,601318,14:22:24,65.4500,134,1
2026-01-27,601318,14:22:27,65.4700,142,1
2026-01-27,601318,14:22:30,65.4600,112,1
2026-01-27,601318,14:22:33,65.4600,67,2
2026-01-27,601318,14:22:36,65.4700,20,1
2026-01-27,601318,14:22:39,65.4700,60,2
2026-01-27,601318,14:22:42,65.4600,61,2
2026-01-27,601318,14:22:45,65.4600,83,2
2026-01-27,601318,14:22:48,65.4600,166,1
2026-01-27,601318,14:22:51,65.4500,162,2
2026-01-27,601318,14:22:54,65.4500,145,2
2026-01-27,601318,14:22:57,65.4500,762,2
2026-01-27,601318,14:23:00,65.4500,226,1
2026-01-27,601318,14:23:03,65.4400,89,2
2026-01-27,601318,14:23:06,65.4600,101,1
2026-01-27,601318,14:23:09,65.4600,187,1
2026-01-27,601318,14:23:12,65.4500,4,2
2026-01-27,601318,14:23:15,65.4600,16,1
2026-01-27,601318,14:23:18,65.4500,54,2
2026-01-27,601318,14:23:21,65.4600,197,1
2026-01-27,601318,14:23:24,65.4600,38,1
2026-01-27,601318,14:23:27,65.4600,47,1
2026-01-27,601318,14:23:30,65.4600,40,1
2026-01-27,601318,14:23:33,65.4600,63,1
2026-01-27,601318,14:23:36,65.4700,64,1
2026-01-27,601318,14:23:39,65.4700,76,1
2026-01-27,601318,14:23:42,65.4700,143,1
2026-01-27,601318,14:23:45,65.4800,47,1
2026-01-27,601318,14:23:48,65.4600,307,2
2026-01-27,601318,14:23:51,65.4500,391,2
2026-01-27,601318,14:23:54,65.4500,235,2
2026-01-27,601318,14:23:57,65.4300,161,2
2026-01-27,601318,14:24:00,65.4300,77,2
2026-01-27,601318,14:24:03,65.4400,150,1
2026-01-27,601318,14:24:06,65.4300,293,2
2026-01-27,601318,14:24:09,65.4300,843,2
2026-01-27,601318,14:24:12,65.4200,85,2
2026-01-27,601318,14:24:15,65.4300,242,1
2026-01-27,601318,14:24:18,65.4300,61,2
2026-01-27,601318,14:24:21,65.4300,15,2
2026-01-27,601318,14:24:24,65.4300,307,2
2026-01-27,601318,14:24:27,65.4300,83,2
2026-01-27,601318,14:24:30,65.4300,120,2
2026-01-27,601318,14:24:33,65.4300,53,2
2026-01-27,601318,14:24:36,65.4300,102,2
2026-01-27,601318,14:24:39,65.4300,154,2
2026-01-27,601318,14:24:42,65.4200,112,2
2026-01-27,601318,14:24:45,65.4100,401,2
2026-01-27,601318,14:24:48,65.4200,171,1
2026-01-27,601318,14:24:51,65.4000,548,2
2026-01-27,601318,14:24:54,65.4300,592,1
2026-01-27,601318,14:24:57,65.4200,118,2
2026-01-27,601318,14:25:00,65.4300,316,1
2026-01-27,601318,14:25:03,65.4200,95,2
2026-01-27,601318,14:25:06,65.4100,26,2
2026-01-27,601318,14:25:09,65.4200,343,1
2026-01-27,601318,14:25:12,65.4000,260,2
2026-01-27,601318,14:25:15,65.4100,81,1
2026-01-27,601318,14:25:18,65.4100,40,2
2026-01-27,601318,14:25:21,65.4100,64,2
2026-01-27,601318,14:25:24,65.4100,91,2
2026-01-27,601318,14:25:27,65.4100,35,2
2026-01-27,601318,14:25:30,65.4200,331,1
2026-01-27,601318,14:25:33,65.4300,858,1
2026-01-27,601318,14:25:36,65.4700,165,1
2026-01-27,601318,14:25:39,65.4700,116,1
2026-01-27,601318,14:25:42,65.4800,29,1
2026-01-27,601318,14:25:45,65.4600,233,2
2026-01-27,601318,14:25:48,65.4500,195,2
2026-01-27,601318,14:25:51,65.4500,211,1
2026-01-27,601318,14:25:54,65.4500,329,1
2026-01-27,601318,14:25:57,65.4400,153,4
2026-01-27,601318,14:26:00,65.4100,118,2
2026-01-27,601318,14:26:03,65.4300,414,1
2026-01-27,601318,14:26:06,65.4200,194,2
2026-01-27,601318,14:26:09,65.4100,331,2
2026-01-27,601318,14:26:12,65.4200,102,1
2026-01-27,601318,14:26:15,65.4200,152,1
2026-01-27,601318,14:26:18,65.4200,68,1
2026-01-27,601318,14:26:21,65.4200,97,1
2026-01-27,601318,14:26:24,65.4000,212,2
2026-01-27,601318,14:26:27,65.4000,106,2
2026-01-27,601318,14:26:30,65.4100,242,1
2026-01-27,601318,14:26:33,65.4000,188,2
2026-01-27,601318,14:26:36,65.4000,231,2
2026-01-27,601318,14:26:39,65.4000,542,2
2026-01-27,601318,14:26:42,65.3900,260,2
2026-01-27,601318,14:26:45,65.4100,523,1
2026-01-27,601318,14:26:48,65.4000,215,4
2026-01-27,601318,14:26:51,65.4000,243,1
2026-01-27,601318,14:26:54,65.4000,171,1
2026-01-27,601318,14:26:57,65.3900,407,2
2026-01-27,601318,14:27:00,65.4000,228,2
2026-01-27,601318,14:27:03,65.3800,427,2
2026-01-27,601318,14:27:06,65.4100,227,1
2026-01-27,601318,14:27:09,65.3900,475,2
2026-01-27,601318,14:27:12,65.4200,120,1
2026-01-27,601318,14:27:15,65.3900,154,2
2026-01-27,601318,14:27:18,65.3900,135,2
2026-01-27,601318,14:27:21,65.3800,246,2
2026-01-27,601318,14:27:24,65.3800,170,2
2026-01-27,601318,14:27:27,65.3800,176,2
2026-01-27,601318,14:27:30,65.3800,234,2
2026-01-27,601318,14:27:33,65.3800,152,1
2026-01-27,601318,14:27:36,65.3600,325,2
2026-01-27,601318,14:27:39,65.3900,367,1
2026-01-27,601318,14:27:42,65.3800,159,2
2026-01-27,601318,14:27:45,65.3800,349,1
2026-01-27,601318,14:27:48,65.3600,190,2
2026-01-27,601318,14:27:51,65.3700,219,1
2026-01-27,601318,14:27:54,65.3700,129,1
2026-01-27,601318,14:27:57,65.3800,131,1
2026-01-27,601318,14:28:00,65.3800,198,1
2026-01-27,601318,14:28:03,65.3800,137,2
2026-01-27,601318,14:28:06,65.3700,183,2
2026-01-27,601318,14:28:09,65.3600,181,2
2026-01-27,601318,14:28:12,65.3700,195,2
2026-01-27,601318,14:28:15,65.3600,333,2
2026-01-27,601318,14:28:18,65.3500,411,2
2026-01-27,601318,14:28:21,65.3600,252,1
2026-01-27,601318,14:28:24,65.3500,293,2
2026-01-27,601318,14:28:27,65.3600,208,1
2026-01-27,601318,14:28:30,65.3500,213,2
2026-01-27,601318,14:28:33,65.3600,261,1
2026-01-27,601318,14:28:36,65.3400,231,2
2026-01-27,601318,14:28:39,65.3300,185,2
2026-01-27,601318,14:28:42,65.3300,154,2
2026-01-27,601318,14:28:45,65.3500,232,1
2026-01-27,601318,14:28:48,65.3300,333,2
2026-01-27,601318,14:28:51,65.3400,162,1
2026-01-27,601318,14:28:54,65.3200,456,2
2026-01-27,601318,14:28:57,65.3100,161,2
2026-01-27,601318,14:29:00,65.3100,236,2
2026-01-27,601318,14:29:03,65.3200,149,2
2026-01-27,601318,14:29:06,65.3100,338,2
2026-01-27,601318,14:29:09,65.3300,344,1
2026-01-27,601318,14:29:12,65.3100,211,2
2026-01-27,601318,14:29:15,65.3100,342,2
2026-01-27,601318,14:29:18,65.3500,2055,1
2026-01-27,601318,14:29:21,65.3300,178,2
2026-01-27,601318,14:29:24,65.3500,69,1
2026-01-27,601318,14:29:27,65.3300,32,2
2026-01-27,601318,14:29:30,65.3600,49,1
2026-01-27,601318,14:29:33,65.3600,53,1
2026-01-27,601318,14:29:36,65.3600,74,1
2026-01-27,601318,14:29:39,65.3500,141,2
2026-01-27,601318,14:29:42,65.3700,152,1
2026-01-27,601318,14:29:45,65.3800,61,1
2026-01-27,601318,14:29:48,65.3800,74,1
2026-01-27,601318,14:29:51,65.3800,24,1
2026-01-27,601318,14:29:54,65.3800,137,1
2026-01-27,601318,14:29:57,65.3700,104,2
2026-01-27,601318,14:30:00,65.3700,104,2
2026-01-27,601318,14:30:03,65.3600,727,2
2026-01-27,601318,14:30:06,65.3500,446,2
2026-01-27,601318,14:30:09,65.3500,317,1
2026-01-27,601318,14:30:12,65.3200,171,2
2026-01-27,601318,14:30:15,65.3400,440,1
2026-01-27,601318,14:30:18,65.3500,105,1
2026-01-27,601318,14:30:21,65.3100,218,2
2026-01-27,601318,14:30:24,65.3100,522,2
2026-01-27,601318,14:30:27,65.3200,364,1
2026-01-27,601318,14:30:30,65.3000,193,2
2026-01-27,601318,14:30:33,65.2900,216,2
2026-01-27,601318,14:30:36,65.2800,456,2
2026-01-27,601318,14:30:39,65.3000,521,1
2026-01-27,601318,14:30:42,65.2900,253,2
2026-01-27,601318,14:30:45,65.2800,250,2
2026-01-27,601318,14:30:48,65.2900,182,1
2026-01-27,601318,14:30:51,65.3000,604,1
2026-01-27,601318,14:30:54,65.2900,282,2
2026-01-27,601318,14:30:57,65.2900,163,2
2026-01-27,601318,14:31:00,65.2800,617,2
2026-01-27,601318,14:31:03,65.2800,222,1
2026-01-27,601318,14:31:06,65.3100,398,1
2026-01-27,601318,14:31:09,65.3000,232,4
2026-01-27,601318,14:31:12,65.3400,215,1
2026-01-27,601318,14:31:15,65.3400,284,1
2026-01-27,601318,14:31:18,65.3400,127,2
2026-01-27,601318,14:31:21,65.3300,178,2
2026-01-27,601318,14:31:24,65.3600,77,4
2026-01-27,601318,14:31:27,65.3600,234,2
2026-01-27,601318,14:31:30,65.3400,81,2
2026-01-27,601318,14:31:33,65.3400,212,1
2026-01-27,601318,14:31:36,65.3400,236,1
2026-01-27,601318,14:31:39,65.3000,349,2
2026-01-27,601318,14:31:42,65.3000,194,2
2026-01-27,601318,14:31:45,65.3100,515,1
2026-01-27,601318,14:31:48,65.3400,277,1
2026-01-27,601318,14:31:51,65.3500,145,1
2026-01-27,601318,14:31:54,65.3500,128,1
2026-01-27,601318,14:31:57,65.3400,186,2
2026-01-27,601318,14:32:00,65.3600,97,1
2026-01-27,601318,14:32:03,65.3500,163,2
2026-01-27,601318,14:32:06,65.3500,135,1
2026-01-27,601318,14:32:09,65.3500,301,1
2026-01-27,601318,14:32:12,65.3600,136,1
2026-01-27,601318,14:32:15,65.3700,367,1
2026-01-27,601318,14:32:18,65.3600,150,2
2026-01-27,601318,14:32:21,65.3700,95,1
2026-01-27,601318,14:32:24,65.3500,827,2
2026-01-27,601318,14:32:27,65.3600,662,1
2026-01-27,601318,14:32:30,65.3600,433,2
2026-01-27,601318,14:32:33,65.3600,292,1
2026-01-27,601318,14:32:36,65.3600,403,1
2026-01-27,601318,14:32:39,65.3200,286,2
2026-01-27,601318,14:32:42,65.3100,356,2
2026-01-27,601318,14:32:45,65.3400,400,1
2026-01-27,601318,14:32:48,65.3300,268,1
2026-01-27,601318,14:32:51,65.3500,274,1
2026-01-27,601318,14:32:54,65.3400,241,1
2026-01-27,601318,14:32:57,65.3300,369,1
2026-01-27,601318,14:33:00,65.3400,235,1
2026-01-27,601318,14:33:03,65.3400,403,1
2026-01-27,601318,14:33:06,65.3500,301,1
2026-01-27,601318,14:33:09,65.3500,175,1
2026-01-27,601318,14:33:12,65.3700,153,1
2026-01-27,601318,14:33:15,65.3800,110,1
2026-01-27,601318,14:33:18,65.3800,198,2
2026-01-27,601318,14:33:21,65.3600,464,2
2026-01-27,601318,14:33:24,65.3500,334,2
2026-01-27,601318,14:33:27,65.3600,547,1
2026-01-27,601318,14:33:30,65.3800,289,1
2026-01-27,601318,14:33:33,65.3700,333,1
2026-01-27,601318,14:33:36,65.3600,238,2
2026-01-27,601318,14:33:39,65.3700,463,1
2026-01-27,601318,14:33:42,65.3700,357,2
2026-01-27,601318,14:33:45,65.3600,261,4
2026-01-27,601318,14:33:48,65.3700,270,1
2026-01-27,601318,14:33:51,65.3500,171,2
2026-01-27,601318,14:33:54,65.3700,321,1
2026-01-27,601318,14:33:57,65.3600,502,2
2026-01-27,601318,14:34:00,65.3400,203,2
2026-01-27,601318,14:34:03,65.3300,321,2
2026-01-27,601318,14:34:06,65.3200,534,2
2026-01-27,601318,14:34:09,65.3500,928,1
2026-01-27,601318,14:34:12,65.3300,276,1
2026-01-27,601318,14:34:15,65.3500,488,1
2026-01-27,601318,14:34:18,65.3100,396,2
2026-01-27,601318,14:34:21,65.3100,462,2
2026-01-27,601318,14:34:24,65.3200,512,4
2026-01-27,601318,14:34:27,65.3300,138,1
2026-01-27,601318,14:34:30,65.3200,200,1
2026-01-27,601318,14:34:33,65.3100,995,1
2026-01-27,601318,14:34:36,65.3100,361,2
2026-01-27,601318,14:34:39,65.3100,290,2
2026-01-27,601318,14:34:42,65.3300,255,1
2026-01-27,601318,14:34:45,65.3100,302,2
2026-01-27,601318,14:34:48,65.3000,352,2
2026-01-27,601318,14:34:51,65.2800,691,2
2026-01-27,601318,14:34:54,65.2900,415,2
2026-01-27,601318,14:34:57,65.2900,174,4
2026-01-27,601318,14:35:00,65.2900,400,1
2026-01-27,601318,14:35:03,65.3100,220,1
2026-01-27,601318,14:35:06,65.3000,219,2
2026-01-27,601318,14:35:09,65.2900,353,4
2026-01-27,601318,14:35:12,65.3000,535,1
2026-01-27,601318,14:35:15,65.3100,343,1
2026-01-27,601318,14:35:18,65.3100,178,2
2026-01-27,601318,14:35:21,65.3000,221,2
2026-01-27,601318,14:35:24,65.2800,493,2
2026-01-27,601318,14:35:27,65.3000,470,1
2026-01-27,601318,14:35:31,65.2800,160,2
2026-01-27,601318,14:35:33,65.3100,277,1
2026-01-27,601318,14:35:36,65.3300,435,1
2026-01-27,601318,14:35:39,65.3400,409,1
2026-01-27,601318,14:35:42,65.3700,128,1
2026-01-27,601318,14:35:45,65.3700,198,1
2026-01-27,601318,14:35:48,65.3700,118,1
2026-01-27,601318,14:35:51,65.3800,132,1
2026-01-27,601318,14:35:54,65.3600,596,2
2026-01-27,601318,14:35:57,65.3500,402,2
2026-01-27,601318,14:36:00,65.3200,302,2
2026-01-27,601318,14:36:03,65.3300,943,4
2026-01-27,601318,14:36:06,65.3600,228,1
2026-01-27,601318,14:36:09,65.3200,109,2
2026-01-27,601318,14:36:12,65.3600,580,1
2026-01-27,601318,14:36:16,65.3000,232,2
2026-01-27,601318,14:36:18,65.3400,267,1
2026-01-27,601318,14:36:21,65.3400,607,1
2026-01-27,601318,14:36:24,65.3400,360,1
2026-01-27,601318,14:36:27,65.3000,386,2
2026-01-27,601318,14:36:30,65.2900,137,2
2026-01-27,601318,14:36:33,65.3100,188,4
2026-01-27,601318,14:36:36,65.3000,181,2
2026-01-27,601318,14:36:39,65.3300,392,1
2026-01-27,601318,14:36:42,65.3200,73,4
2026-01-27,601318,14:36:45,65.3100,245,2
2026-01-27,601318,14:36:48,65.3300,342,1
2026-01-27,601318,14:36:51,65.3500,281,1
2026-01-27,601318,14:36:54,65.3500,101,1
2026-01-27,601318,14:36:57,65.3500,119,1
2026-01-27,601318,14:37:00,65.3500,191,1
2026-01-27,601318,14:37:03,65.3400,233,4
2026-01-27,601318,14:37:06,65.3500,101,2
2026-01-27,601318,14:37:09,65.3500,492,2
2026-01-27,601318,14:37:12,65.3300,170,2
2026-01-27,601318,14:37:15,65.3100,1210,2
2026-01-27,601318,14:37:18,65.3000,372,2
2026-01-27,601318,14:37:21,65.2800,682,2
2026-01-27,601318,14:37:24,65.2800,324,2
2026-01-27,601318,14:37:27,65.3300,396,1
2026-01-27,601318,14:37:30,65.3000,199,2
2026-01-27,601318,14:37:33,65.2800,429,2
2026-01-27,601318,14:37:36,65.3000,422,1
2026-01-27,601318,14:37:40,65.2700,335,2
2026-01-27,601318,14:37:42,65.3000,283,1
2026-01-27,601318,14:37:45,65.2600,135,2
2026-01-27,601318,14:37:48,65.2600,478,2
2026-01-27,601318,14:37:51,65.2800,347,1
2026-01-27,601318,14:37:54,65.2900,359,4
2026-01-27,601318,14:37:57,65.2600,279,2
2026-01-27,601318,14:38:00,65.2700,393,1
2026-01-27,601318,14:38:03,65.2600,414,2
2026-01-27,601318,14:38:06,65.2600,435,1
2026-01-27,601318,14:38:09,65.2600,430,2
2026-01-27,601318,14:38:12,65.2600,591,2
2026-01-27,601318,14:38:15,65.2700,528,1
2026-01-27,601318,14:38:18,65.2800,341,1
2026-01-27,601318,14:38:21,65.2700,236,2
2026-01-27,601318,14:38:24,65.2900,538,1
2026-01-27,601318,14:38:27,65.2900,241,1
2026-01-27,601318,14:38:30,65.3000,279,1
2026-01-27,601318,14:38:33,65.3000,311,1
2026-01-27,601318,14:38:36,65.3000,269,2
2026-01-27,601318,14:38:39,65.3000,322,1
2026-01-27,601318,14:38:42,65.3000,382,1
2026-01-27,601318,14:38:45,65.3000,366,1
2026-01-27,601318,14:38:48,65.3100,277,4
2026-01-27,601318,14:38:51,65.3100,232,1
2026-01-27,601318,14:38:54,65.2700,442,2
2026-01-27,601318,14:38:57,65.2800,296,4
2026-01-27,601318,14:39:00,65.2800,523,1
2026-01-27,601318,14:39:03,65.3100,447,1
2026-01-27,601318,14:39:06,65.3400,466,1
2026-01-27,601318,14:39:09,65.3400,99,1
2026-01-27,601318,14:39:12,65.3300,178,1
2026-01-27,601318,14:39:15,65.3300,379,1
2026-01-27,601318,14:39:18,65.3300,252,2
2026-01-27,601318,14:39:21,65.3500,345,1
2026-01-27,601318,14:39:24,65.3500,258,2
2026-01-27,601318,14:39:27,65.3100,676,2
2026-01-27,601318,14:39:31,65.3600,256,1
2026-01-27,601318,14:39:33,65.3700,301,1
2026-01-27,601318,14:39:36,65.3700,286,2
2026-01-27,601318,14:39:39,65.3800,495,1
2026-01-27,601318,14:39:42,65.3900,395,1
2026-01-27,601318,14:39:45,65.3700,256,2
2026-01-27,601318,14:39:48,65.3500,312,2
2026-01-27,601318,14:39:51,65.3200,481,2
2026-01-27,601318,14:39:54,65.3000,427,2
2026-01-27,601318,14:39:57,65.2900,433,2
2026-01-27,601318,14:40:00,65.3000,277,1
2026-01-27,601318,14:40:03,65.3000,343,2
2026-01-27,601318,14:40:06,65.3000,357,2
2026-01-27,601318,14:40:09,65.3500,249,1
2026-01-27,601318,14:40:12,65.3300,391,2
2026-01-27,601318,14:40:15,65.2900,524,2
2026-01-27,601318,14:40:18,65.3000,249,2
2026-01-27,601318,14:40:21,65.3100,250,1
2026-01-27,601318,14:40:24,65.2800,271,2
2026-01-27,601318,14:40:27,65.3100,290,1
2026-01-27,601318,14:40:30,65.3200,305,1
2026-01-27,601318,14:40:33,65.3400,754,1
2026-01-27,601318,14:40:36,65.3200,292,2
2026-01-27,601318,14:40:39,65.3200,189,1
2026-01-27,601318,14:40:42,65.3100,337,1
2026-01-27,601318,14:40:45,65.2900,245,2
2026-01-27,601318,14:40:48,65.3000,393,1
2026-01-27,601318,14:40:51,65.2900,272,2
2026-01-27,601318,14:40:54,65.2900,258,2
2026-01-27,601318,14:40:57,65.3000,303,1
2026-01-27,601318,14:41:00,65.3100,334,1
2026-01-27,601318,14:41:03,65.3000,536,2
2026-01-27,601318,14:41:06,65.3300,468,1
2026-01-27,601318,14:41:09,65.3200,157,2
2026-01-27,601318,14:41:12,65.3500,305,1
2026-01-27,601318,14:41:15,65.3500,208,2
2026-01-27,601318,14:41:18,65.3600,246,1
2026-01-27,601318,14:41:21,65.3700,90,1
2026-01-27,601318,14:41:24,65.3700,155,1
2026-01-27,601318,14:41:27,65.3800,286,4
2026-01-27,601318,14:41:30,65.4000,68,1
2026-01-27,601318,14:41:33,65.4000,200,1
2026-01-27,601318,14:41:36,65.4000,766,1
2026-01-27,601318,14:41:39,65.4200,153,1
2026-01-27,601318,14:41:42,65.4000,215,2
2026-01-27,601318,14:41:45,65.4200,136,1
2026-01-27,601318,14:41:48,65.4300,125,1
2026-01-27,601318,14:41:51,65.4000,979,2
2026-01-27,601318,14:41:54,65.4000,641,2
2026-01-27,601318,14:41:57,65.3800,762,2
2026-01-27,601318,14:42:00,65.3700,423,2
2026-01-27,601318,14:42:03,65.4000,1071,1
2026-01-27,601318,14:42:06,65.4000,375,2
2026-01-27,601318,14:42:09,65.3700,519,2
2026-01-27,601318,14:42:12,65.4100,308,1
2026-01-27,601318,14:42:15,65.3900,167,1
2026-01-27,601318,14:42:18,65.3800,428,2
2026-01-27,601318,14:42:21,65.3500,334,2
2026-01-27,601318,14:42:24,65.3300,268,2
2026-01-27,601318,14:42:27,65.3300,212,2
2026-01-27,601318,14:42:30,65.3300,208,2
2026-01-27,601318,14:42:33,65.3400,421,1
2026-01-27,601318,14:42:36,65.3400,310,1
2026-01-27,601318,14:42:39,65.3500,342,1
2026-01-27,601318,14:42:42,65.3400,214,2
2026-01-27,601318,14:42:45,65.3400,468,2
2026-01-27,601318,14:42:48,65.3100,337,2
2026-01-27,601318,14:42:51,65.3200,517,1
2026-01-27,601318,14:42:54,65.3100,406,4
2026-01-27,601318,14:42:57,65.3200,597,1
2026-01-27,601318,14:43:00,65.3200,195,1
2026-01-27,601318,14:43:03,65.3000,623,2
2026-01-27,601318,14:43:06,65.3200,530,1
2026-01-27,601318,14:43:09,65.3300,452,1
2026-01-27,601318,14:43:12,65.3100,265,2
2026-01-27,601318,14:43:15,65.3500,633,1
2026-01-27,601318,14:43:18,65.3100,210,2
2026-01-27,601318,14:43:21,65.3000,403,2
2026-01-27,601318,14:43:24,65.2900,531,2
2026-01-27,601318,14:43:27,65.3300,465,1
2026-01-27,601318,14:43:30,65.3400,278,1
2026-01-27,601318,14:43:33,65.3300,200,2
2026-01-27,601318,14:43:36,65.2900,412,2
2026-01-27,601318,14:43:39,65.3600,64,1
2026-01-27,601318,14:43:42,65.3900,61,1
2026-01-27,601318,14:43:45,65.4000,86,1
2026-01-27,601318,14:43:48,65.4000,143,1
2026-01-27,601318,14:43:51,65.3900,344,2
2026-01-27,601318,14:43:54,65.3900,79,2
2026-01-27,601318,14:43:57,65.4100,156,1
2026-01-27,601318,14:44:00,65.4200,225,1
2026-01-27,601318,14:44:03,65.4100,199,2
2026-01-27,601318,14:44:06,65.3700,328,2
2026-01-27,601318,14:44:09,65.3800,219,2
2026-01-27,601318,14:44:12,65.4100,375,1
2026-01-27,601318,14:44:15,65.4100,316,1
2026-01-27,601318,14:44:18,65.3900,104,2
2026-01-27,601318,14:44:21,65.3800,305,2
2026-01-27,601318,14:44:24,65.3900,290,1
2026-01-27,601318,14:44:27,65.3800,431,1
2026-01-27,601318,14:44:30,65.3800,151,1
2026-01-27,601318,14:44:33,65.3800,167,1
2026-01-27,601318,14:44:36,65.3900,395,1
2026-01-27,601318,14:44:39,65.4000,533,1
2026-01-27,601318,14:44:42,65.4000,168,1
2026-01-27,601318,14:44:45,65.4000,65,2
2026-01-27,601318,14:44:48,65.4100,378,1
2026-01-27,601318,14:44:51,65.3900,238,2
2026-01-27,601318,14:44:54,65.3900,73,1
2026-01-27,601318,14:44:57,65.3600,556,2
2026-01-27,601318,14:45:00,65.3700,186,1
2026-01-27,601318,14:45:03,65.3800,112,1
2026-01-27,601318,14:45:06,65.3700,271,2
2026-01-27,601318,14:45:09,65.3800,292,1
2026-01-27,601318,14:45:12,65.4100,267,1
2026-01-27,601318,14:45:15,65.4100,262,1
2026-01-27,601318,14:45:18,65.4300,78,1
2026-01-27,601318,14:45:21,65.4300,226,4
2026-01-27,601318,14:45:24,65.4100,527,2
2026-01-27,601318,14:45:27,65.4100,1310,1
2026-01-27,601318,14:45:30,65.4000,765,2
2026-01-27,601318,14:45:33,65.3900,568,4
2026-01-27,601318,14:45:36,65.3900,785,2
2026-01-27,601318,14:45:39,65.3800,1006,2
2026-01-27,601318,14:45:42,65.3100,791,2
2026-01-27,601318,14:45:45,65.3600,1504,1
2026-01-27,601318,14:45:48,65.3600,741,1
2026-01-27,601318,14:45:51,65.3200,446,2
2026-01-27,601318,14:45:54,65.3100,373,2
2026-01-27,601318,14:45:57,65.3000,515,2
2026-01-27,601318,14:46:00,65.3200,645,1
2026-01-27,601318,14:46:03,65.3500,615,1
2026-01-27,601318,14:46:06,65.3300,426,2
2026-01-27,601318,14:46:09,65.3400,605,1
2026-01-27,601318,14:46:12,65.3400,487,1
2026-01-27,601318,14:46:15,65.3400,446,2
2026-01-27,601318,14:46:18,65.3400,480,2
2026-01-27,601318,14:46:21,65.3600,684,1
2026-01-27,601318,14:46:24,65.3300,985,2
2026-01-27,601318,14:46:27,65.3300,548,2
2026-01-27,601318,14:46:30,65.3200,525,2
2026-01-27,601318,14:46:33,65.3400,405,1
2026-01-27,601318,14:46:36,65.3100,868,2
2026-01-27,601318,14:46:39,65.3200,558,1
2026-01-27,601318,14:46:42,65.3400,765,1
2026-01-27,601318,14:46:45,65.3000,589,2
2026-01-27,601318,14:46:48,65.3700,387,1
2026-01-27,601318,14:46:51,65.3100,510,2
2026-01-27,601318,14:46:54,65.3300,219,1
2026-01-27,601318,14:46:57,65.3100,530,2
2026-01-27,601318,14:47:00,65.3000,532,2
2026-01-27,601318,14:47:03,65.3200,620,1
2026-01-27,601318,14:47:06,65.3100,765,2
2026-01-27,601318,14:47:09,65.3100,352,2
2026-01-27,601318,14:47:12,65.3000,641,2
2026-01-27,601318,14:47:15,65.2900,541,2
2026-01-27,601318,14:47:18,65.2900,733,2
2026-01-27,601318,14:47:21,65.3000,1172,1
2026-01-27,601318,14:47:24,65.3000,747,1
2026-01-27,601318,14:47:27,65.2900,356,2
2026-01-27,601318,14:47:30,65.2800,455,2
2026-01-27,601318,14:47:33,65.2700,769,2
2026-01-27,601318,14:47:36,65.2600,587,2
2026-01-27,601318,14:47:39,65.2800,458,1
2026-01-27,601318,14:47:42,65.2900,606,1
2026-01-27,601318,14:47:45,65.2800,656,1
2026-01-27,601318,14:47:48,65.2800,487,2
2026-01-27,601318,14:47:51,65.2600,584,2
2026-01-27,601318,14:47:54,65.2800,343,1
2026-01-27,601318,14:47:57,65.2600,956,2
2026-01-27,601318,14:48:00,65.2600,740,1
2026-01-27,601318,14:48:03,65.2900,1190,1
2026-01-27,601318,14:48:06,65.3000,697,1
2026-01-27,601318,14:48:09,65.3300,258,1
2026-01-27,601318,14:48:12,65.2700,329,2
2026-01-27,601318,14:48:15,65.2700,770,2
2026-01-27,601318,14:48:18,65.2700,609,1
2026-01-27,601318,14:48:21,65.2500,996,2
2026-01-27,601318,14:48:24,65.2800,881,1
2026-01-27,601318,14:48:27,65.2700,639,2
2026-01-27,601318,14:48:31,65.2500,458,2
2026-01-27,601318,14:48:33,65.2500,445,2
2026-01-27,601318,14:48:36,65.2500,808,2
2026-01-27,601318,14:48:39,65.2500,790,2
2026-01-27,601318,14:48:42,65.2500,390,2
2026-01-27,601318,14:48:45,65.2500,371,2
2026-01-27,601318,14:48:48,65.2600,384,4
2026-01-27,601318,14:48:51,65.2500,579,2
2026-01-27,601318,14:48:54,65.2700,762,1
2026-01-27,601318,14:48:57,65.2500,560,2
2026-01-27,601318,14:49:00,65.2700,684,1
2026-01-27,601318,14:49:03,65.2800,837,1
2026-01-27,601318,14:49:06,65.2900,143,1
2026-01-27,601318,14:49:09,65.2900,246,1
2026-01-27,601318,14:49:12,65.3000,206,2
2026-01-27,601318,14:49:15,65.2900,500,1
2026-01-27,601318,14:49:18,65.2800,439,2
2026-01-27,601318,14:49:21,65.2800,607,1
2026-01-27,601318,14:49:24,65.2800,485,1
2026-01-27,601318,14:49:27,65.2800,223,2
2026-01-27,601318,14:49:30,65.2700,659,2
2026-01-27,601318,14:49:33,65.2800,899,1
2026-01-27,601318,14:49:36,65.2800,648,1
2026-01-27,601318,14:49:39,65.3000,214,1
2026-01-27,601318,14:49:42,65.2800,237,2
2026-01-27,601318,14:49:45,65.2800,240,1
2026-01-27,601318,14:49:48,65.2800,266,2
2026-01-27,601318,14:49:51,65.2800,343,2
2026-01-27,601318,14:49:54,65.2900,66,4
2026-01-27,601318,14:49:57,65.2900,572,1
2026-01-27,601318,14:50:00,65.2700,659,2
2026-01-27,601318,14:50:03,65.2600,898,1
2026-01-27,601318,14:50:06,65.2600,1100,1
2026-01-27,601318,14:50:09,65.2600,723,1
2026-01-27,601318,14:50:12,65.2600,377,2
2026-01-27,601318,14:50:15,65.2600,1121,2
2026-01-27,601318,14:50:18,65.2600,303,2
2026-01-27,601318,14:50:21,65.2600,386,2
2026-01-27,601318,14:50:24,65.2900,192,1
2026-01-27,601318,14:50:27,65.2700,559,2
2026-01-27,601318,14:50:30,65.2600,434,2
2026-01-27,601318,14:50:33,65.2700,1106,1
2026-01-27,601318,14:50:36,65.2600,696,2
2026-01-27,601318,14:50:39,65.2600,1273,2
2026-01-27,601318,14:50:42,65.2900,853,1
2026-01-27,601318,14:50:45,65.2700,729,2
2026-01-27,601318,14:50:48,65.2700,481,2
2026-01-27,601318,14:50:51,65.2500,1311,2
2026-01-27,601318,14:50:54,65.2600,949,1
2026-01-27,601318,14:50:57,65.2600,499,1
2026-01-27,601318,14:51:00,65.2400,1169,2
2026-01-27,601318,14:51:03,65.2500,709,1
2026-01-27,601318,14:51:06,65.2300,1102,2
2026-01-27,601318,14:51:09,65.2600,783,1
2026-01-27,601318,14:51:12,65.2300,456,2
2026-01-27,601318,14:51:15,65.2100,711,2
2026-01-27,601318,14:51:18,65.2600,892,1
2026-01-27,601318,14:51:21,65.2200,631,2
2026-01-27,601318,14:51:24,65.2100,638,2
2026-01-27,601318,14:51:27,65.2000,459,2
2026-01-27,601318,14:51:30,65.2200,885,1
2026-01-27,601318,14:51:33,65.2200,699,1
2026-01-27,601318,14:51:36,65.2200,498,2
2026-01-27,601318,14:51:39,65.2000,991,2
2026-01-27,601318,14:51:42,65.2000,531,2
2026-01-27,601318,14:51:45,65.2100,627,4
2026-01-27,601318,14:51:48,65.2000,700,2
2026-01-27,601318,14:51:51,65.2100,634,1
2026-01-27,601318,14:51:54,65.2300,630,1
2026-01-27,601318,14:51:57,65.2500,740,1
2026-01-27,601318,14:52:00,65.2100,615,2
2026-01-27,601318,14:52:03,65.2300,896,1
2026-01-27,601318,14:52:06,65.2200,1456,4
2026-01-27,601318,14:52:09,65.2200,1259,1
2026-01-27,601318,14:52:12,65.2100,564,2
2026-01-27,601318,14:52:15,65.2000,959,2
2026-01-27,601318,14:52:18,65.2100,648,4
2026-01-27,601318,14:52:21,65.2200,833,4
2026-01-27,601318,14:52:24,65.1800,698,2
2026-01-27,601318,14:52:27,65.1800,936,2
2026-01-27,601318,14:52:30,65.1900,878,1
2026-01-27,601318,14:52:33,65.2000,592,1
2026-01-27,601318,14:52:36,65.1800,750,2
2026-01-27,601318,14:52:39,65.1800,958,1
2026-01-27,601318,14:52:42,65.1800,799,1
2026-01-27,601318,14:52:45,65.1800,608,2
2026-01-27,601318,14:52:48,65.1800,596,2
2026-01-27,601318,14:52:51,65.1800,754,1
2026-01-27,601318,14:52:54,65.1800,337,2
2026-01-27,601318,14:52:57,65.1900,334,1
2026-01-27,601318,14:53:00,65.1700,955,2
2026-01-27,601318,14:53:03,65.1800,1022,2
2026-01-27,601318,14:53:06,65.1900,282,1
2026-01-27,601318,14:53:09,65.2000,732,1
2026-01-27,601318,14:53:12,65.2300,417,1
2026-01-27,601318,14:53:15,65.2100,252,2
2026-01-27,601318,14:53:18,65.2000,266,2
2026-01-27,601318,14:53:21,65.2300,529,1
2026-01-27,601318,14:53:24,65.2000,657,2
2026-01-27,601318,14:53:27,65.2100,1477,2
2026-01-27,601318,14:53:30,65.2100,343,1
2026-01-27,601318,14:53:33,65.2000,525,2
2026-01-27,601318,14:53:36,65.2200,478,1
2026-01-27,601318,14:53:39,65.2000,843,2
2026-01-27,601318,14:53:42,65.1900,1235,2
2026-01-27,601318,14:53:45,65.1700,1735,2
2026-01-27,601318,14:53:48,65.1900,721,1
2026-01-27,601318,14:53:51,65.2000,381,1
2026-01-27,601318,14:53:54,65.1800,513,2
2026-01-27,601318,14:53:57,65.1800,600,2
2026-01-27,601318,14:54:00,65.2000,529,1
2026-01-27,601318,14:54:03,65.2200,927,1
2026-01-27,601318,14:54:06,65.2100,474,4
2026-01-27,601318,14:54:09,65.2000,722,4
2026-01-27,601318,14:54:12,65.1900,743,2
2026-01-27,601318,14:54:15,65.1800,1597,2
2026-01-27,601318,14:54:18,65.1800,1056,2
2026-01-27,601318,14:54:21,65.1800,762,2
2026-01-27,601318,14:54:24,65.1900,1140,1
2026-01-27,601318,14:54:27,65.1600,1050,2
2026-01-27,601318,14:54:30,65.1900,1092,1
2026-01-27,601318,14:54:33,65.2000,1220,1
2026-01-27,601318,14:54:36,65.1800,1539,4
2026-01-27,601318,14:54:39,65.2000,744,1
2026-01-27,601318,14:54:42,65.1800,1028,2
2026-01-27,601318,14:54:45,65.1700,728,2
2026-01-27,601318,14:54:48,65.1300,1339,2
2026-01-27,601318,14:54:51,65.1500,751,1
2026-01-27,601318,14:54:54,65.1300,948,2
2026-01-27,601318,14:54:57,65.1400,930,2
2026-01-27,601318,14:55:00,65.1200,1240,2
2026-01-27,601318,14:55:03,65.1000,927,2
2026-01-27,601318,14:55:06,65.1300,630,1
2026-01-27,601318,14:55:09,65.1200,993,2
2026-01-27,601318,14:55:12,65.1300,874,1
2026-01-27,601318,14:55:15,65.1200,645,2
2026-01-27,601318,14:55:18,65.1200,1048,1
2026-01-27,601318,14:55:21,65.0900,950,2
2026-01-27,601318,14:55:24,65.0800,570,2
2026-01-27,601318,14:55:27,65.1100,843,1
2026-01-27,601318,14:55:30,65.1000,1016,2
2026-01-27,601318,14:55:33,65.2200,1145,1
2026-01-27,601318,14:55:36,65.1200,1880,2
2026-01-27,601318,14:55:39,65.1300,483,1
2026-01-27,601318,14:55:42,65.1200,508,2
2026-01-27,601318,14:55:45,65.1200,494,2
2026-01-27,601318,14:55:48,65.1300,430,1
2026-01-27,601318,14:55:51,65.1700,431,1
2026-01-27,601318,14:55:54,65.1600,457,2
2026-01-27,601318,14:55:57,65.1700,773,4
2026-01-27,601318,14:56:00,65.2100,424,1
2026-01-27,601318,14:56:03,65.2000,414,2
2026-01-27,601318,14:56:06,65.1900,585,2
2026-01-27,601318,14:56:09,65.2000,380,1
2026-01-27,601318,14:56:12,65.2200,382,1
2026-01-27,601318,14:56:15,65.2000,839,2
2026-01-27,601318,14:56:18,65.2200,472,1
2026-01-27,601318,14:56:21,65.2700,159,1
2026-01-27,601318,14:56:24,65.2300,170,2
2026-01-27,601318,14:56:27,65.2500,325,1
2026-01-27,601318,14:56:30,65.2400,408,4
2026-01-27,601318,14:56:33,65.2200,269,2
2026-01-27,601318,14:56:36,65.2500,415,1
2026-01-27,601318,14:56:39,65.2500,483,1
2026-01-27,601318,14:56:42,65.2700,150,1
2026-01-27,601318,14:56:45,65.2700,388,1
2026-01-27,601318,14:56:48,65.2800,232,1
2026-01-27,601318,14:56:51,65.3100,289,1
2026-01-27,601318,14:56:54,65.3200,189,1
2026-01-27,601318,14:56:57,65.3100,198,2
2026-01-27,601318,14:57:00,65.5000,1562,1
2026-01-27,601318,15:00:03,65.3100,15976,4
2026-01-27,601318,13:17:06,65.7200,124,2
2026-01-27,601318,13:17:09,65.7300,24,2
2026-01-27,601318,13:17:12,65.7500,195,1
2026-01-27,601318,13:17:15,65.7500,45,2
2026-01-27,601318,13:17:18,65.7300,45,2
2026-01-27,601318,13:17:21,65.7400,177,1
2026-01-27,601318,13:17:24,65.7400,124,1
2026-01-27,601318,13:17:27,65.7400,131,2
2026-01-27,601318,13:17:30,65.7500,299,1
2026-01-27,601318,13:17:33,65.7500,13,2
2026-01-27,601318,13:17:36,65.7600,78,1
2026-01-27,601318,13:17:39,65.7600,177,2
2026-01-27,601318,13:17:42,65.7700,5,4
2026-01-27,601318,13:17:45,65.7700,124,2
2026-01-27,601318,13:17:48,65.7900,893,1
2026-01-27,601318,13:17:51,65.8000,25,1
2026-01-27,601318,13:17:54,65.7800,92,2
2026-01-27,601318,13:17:57,65.7800,134,2
2026-01-27,601318,13:18:00,65.8000,56,1
2026-01-27,601318,13:18:03,65.7900,139,2
2026-01-27,601318,13:18:06,65.7700,224,2
2026-01-27,601318,13:18:09,65.7600,121,2
2026-01-27,601318,13:18:12,65.7600,384,2
2026-01-27,601318,13:18:15,65.7800,73,1
2026-01-27,601318,13:18:18,65.7800,21,4
2026-01-27,601318,13:18:21,65.7900,28,1
2026-01-27,601318,13:18:24,65.8000,318,1
2026-01-27,601318,13:18:27,65.8000,70,2
2026-01-27,601318,13:18:30,65.8000,205,4
2026-01-27,601318,13:18:33,65.8000,28,2
2026-01-27,601318,13:18:36,65.7800,336,2
2026-01-27,601318,13:18:39,65.7800,41,2
2026-01-27,601318,13:18:42,65.7700,279,2
2026-01-27,601318,13:18:45,65.7400,1011,2
2026-01-27,601318,13:18:48,65.7400,137,1
2026-01-27,601318,13:18:51,65.7400,10,1
2026-01-27,601318,13:18:54,65.7600,242,1
2026-01-27,601318,13:18:57,65.7500,77,2
2026-01-27,601318,13:19:00,65.8000,83,1
2026-01-27,601318,13:19:03,65.7800,428,2
2026-01-27,601318,13:19:06,65.7700,38,1
2026-01-27,601318,13:19:10,65.7600,58,2
2026-01-27,601318,13:19:12,65.7500,54,2
2026-01-27,601318,13:19:15,65.7500,13,2
2026-01-27,601318,13:19:18,65.7600,126,1
2026-01-27,601318,13:19:21,65.7600,64,2
2026-01-27,601318,13:19:24,65.7500,88,2
2026-01-27,601318,13:19:27,65.7500,91,1
2026-01-27,601318,13:19:30,65.7600,238,1
2026-01-27,601318,13:19:33,65.7600,1360,2
2026-01-27,601318,13:19:36,65.7500,272,1
2026-01-27,601318,13:19:39,65.7600,38,1
2026-01-27,601318,13:19:42,65.7500,37,2
2026-01-27,601318,13:19:45,65.7600,58,1
2026-01-27,601318,13:19:48,65.7500,42,2
2026-01-27,601318,13:19:51,65.7600,13,1
2026-01-27,601318,13:19:54,65.7700,50,1
2026-01-27,601318,13:19:57,65.7700,40,2
2026-01-27,601318,13:20:00,65.7900,51,1
2026-01-27,601318,13:20:03,65.7900,105,1
2026-01-27,601318,13:20:06,65.7900,65,1
2026-01-27,601318,13:20:09,65.7900,20,1
2026-01-27,601318,13:20:12,65.7900,77,1
2026-01-27,601318,13:20:15,65.8100,188,1
2026-01-27,601318,13:20:18,65.8300,24,1
2026-01-27,601318,13:20:21,65.8300,147,1
2026-01-27,601318,13:20:24,65.8300,8,1
2026-01-27,601318,13:20:27,65.8400,36,1
2026-01-27,601318,13:20:30,65.8300,125,2
2026-01-27,601318,13:20:33,65.8300,117,2
2026-01-27,601318,13:20:36,65.8000,559,2
2026-01-27,601318,13:20:40,65.7800,426,2
2026-01-27,601318,13:20:42,65.7900,33,1
2026-01-27,601318,13:20:45,65.7800,11,4
2026-01-27,601318,13:20:48,65.7900,127,1
2026-01-27,601318,13:20:51,65.7900,14,2
2026-01-27,601318,13:20:54,65.8000,101,1
2026-01-27,601318,13:20:57,65.7900,177,2
2026-01-27,601318,13:21:00,65.7900,110,1
2026-01-27,601318,13:21:03,65.7800,127,2
2026-01-27,601318,13:21:06,65.7800,134,2
2026-01-27,601318,13:21:09,65.7800,50,2
2026-01-27,601318,13:21:12,65.7900,20,1
2026-01-27,601318,13:21:15,65.8000,85,1
2026-01-27,601318,13:21:18,65.7900,12,2
2026-01-27,601318,13:21:21,65.8000,24,1
2026-01-27,601318,13:21:24,65.8000,272,1
2026-01-27,601318,13:21:27,65.8000,54,1
2026-01-27,601318,13:21:30,65.8000,103,1
2026-01-27,601318,13:21:33,65.8100,14,1
2026-01-27,601318,13:21:36,65.8000,29,2
2026-01-27,601318,13:21:39,65.8100,98,1
2026-01-27,601318,13:21:42,65.8100,137,1
2026-01-27,601318,13:21:45,65.7600,1226,2
2026-01-27,601318,13:21:48,65.7600,272,1
2026-01-27,601318,13:21:51,65.7500,43,4
2026-01-27,601318,13:21:54,65.7300,59,2
2026-01-27,601318,13:21:57,65.7300,42,2
2026-01-27,601318,13:22:00,65.7600,64,1
2026-01-27,601318,13:22:03,65.7800,15,1
2026-01-27,601318,13:22:06,65.7900,15,1
2026-01-27,601318,13:22:09,65.7900,183,1
2026-01-27,601318,13:22:12,65.7900,61,2
2026-01-27,601318,13:22:15,65.7900,29,2
2026-01-27,601318,13:22:18,65.7900,25,1
2026-01-27,601318,13:22:21,65.7800,86,2
2026-01-27,601318,13:22:24,65.7800,24,2
2026-01-27,601318,13:22:27,65.7800,70,2
2026-01-27,601318,13:22:30,65.7900,146,1
2026-01-27,601318,13:22:33,65.7900,54,1
2026-01-27,601318,13:22:36,65.7900,55,1
2026-01-27,601318,13:22:39,65.7900,203,2
2026-01-27,601318,13:22:42,65.8000,29,1
2026-01-27,601318,13:22:45,65.7900,75,2
2026-01-27,601318,13:22:48,65.7600,363,2
2026-01-27,601318,13:22:51,65.7600,109,2
2026-01-27,601318,13:22:54,65.7600,178,2
2026-01-27,601318,13:22:57,65.7500,21,2
2026-01-27,601318,13:23:00,65.7500,142,1
2026-01-27,601318,13:23:03,65.7600,59,1
2026-01-27,601318,13:23:06,65.7800,52,1
2026-01-27,601318,13:23:09,65.7800,121,2
2026-01-27,601318,13:23:12,65.7800,228,2
2026-01-27,601318,13:23:15,65.7700,44,2
2026-01-27,601318,13:23:18,65.7600,137,2
2026-01-27,601318,13:23:21,65.7700,100,4
2026-01-27,601318,13:23:24,65.7400,80,2
2026-01-27,601318,13:23:27,65.7500,90,1
2026-01-27,601318,13:23:30,65.7300,39,2
2026-01-27,601318,13:23:33,65.7400,16,1
2026-01-27,601318,13:23:36,65.7300,60,2
2026-01-27,601318,13:23:39,65.7400,97,1
2026-01-27,601318,13:23:42,65.7400,6,2
2026-01-27,601318,13:23:45,65.7500,46,1
2026-01-27,601318,13:23:48,65.7500,160,1
2026-01-27,601318,13:23:51,65.7200,108,2
2026-01-27,601318,13:23:54,65.7200,452,2
2026-01-27,601318,13:23:57,65.7200,395,2
2026-01-27,601318,13:24:00,65.7000,324,2
2026-01-27,601318,13:24:03,65.7000,59,2
2026-01-27,601318,13:24:06,65.7000,112,2
2026-01-27,601318,13:24:09,65.6900,17,2
2026-01-27,601318,13:24:12,65.6900,106,2
2026-01-27,601318,13:24:15,65.6900,58,2
2026-01-27,601318,13:24:18,65.6900,24,2
2026-01-27,601318,13:24:21,65.7100,319,1
2026-01-27,601318,13:24:24,65.7100,38,1
2026-01-27,601318,13:24:27,65.7200,176,1
2026-01-27,601318,13:24:30,65.7300,21,1
2026-01-27,601318,13:24:33,65.7300,97,2
2026-01-27,601318,13:24:36,65.7400,22,2
2026-01-27,601318,13:24:39,65.7700,20,1
2026-01-27,601318,13:24:42,65.7700,117,2
2026-01-27,601318,13:24:45,65.7800,34,1
2026-01-27,601318,13:24:48,65.8100,161,1
2026-01-27,601318,13:24:51,65.7800,20,2
2026-01-27,601318,13:24:54,65.8000,70,1
2026-01-27,601318,13:24:57,65.7900,59,4
2026-01-27,601318,13:25:00,65.8000,72,1
2026-01-27,601318,13:25:03,65.8000,134,2
2026-01-27,601318,13:25:06,65.7900,136,2
2026-01-27,601318,13:25:09,65.8000,130,1
2026-01-27,601318,13:25:12,65.8000,21,1
2026-01-27,601318,13:25:15,65.7700,351,2
2026-01-27,601318,13:25:18,65.7800,499,4
2026-01-27,601318,13:25:21,65.7700,21,2
2026-01-27,601318,13:25:24,65.7700,8,1
2026-01-27,601318,13:25:27,65.7600,31,2
2026-01-27,601318,13:25:30,65.7600,263,1
2026-01-27,601318,13:25:33,65.7700,82,1
2026-01-27,601318,13:25:36,65.7700,312,2
2026-01-27,601318,13:25:39,65.7700,70,2
2026-01-27,601318,13:25:42,65.7700,46,1
2026-01-27,601318,13:25:45,65.7700,81,1
2026-01-27,601318,13:25:48,65.7700,28,1
2026-01-27,601318,13:25:51,65.7700,10,2
2026-01-27,601318,13:25:54,65.7700,31,2
2026-01-27,601318,13:25:57,65.7600,42,2
2026-01-27,601318,13:26:00,65.7700,14,1
2026-01-27,601318,13:26:03,65.7600,130,2
2026-01-27,601318,13:26:06,65.7700,44,1
2026-01-27,601318,13:26:09,65.7600,29,1
2026-01-27,601318,13:26:12,65.7300,1196,2
2026-01-27,601318,13:26:15,65.7300,36,1
2026-01-27,601318,13:26:18,65.7200,7,1
2026-01-27,601318,13:26:21,65.7200,20,1
2026-01-27,601318,13:26:24,65.7200,18,1
2026-01-27,601318,13:26:27,65.6900,129,2
2026-01-27,601318,13:26:30,65.7000,10,1
2026-01-27,601318,13:26:33,65.7000,64,2
2026-01-27,601318,13:26:36,65.7100,3,4
2026-01-27,601318,13:26:39,65.6900,182,2
2026-01-27,601318,13:26:42,65.6800,34,2
2026-01-27,601318,13:26:45,65.6900,3,1
2026-01-27,601318,13:26:48,65.6900,48,1
2026-01-27,601318,13:26:51,65.6900,52,2
2026-01-27,601318,13:26:54,65.7000,24,1
2026-01-27,601318,13:26:57,65.6900,48,2
2026-01-27,601318,13:27:00,65.7000,58,1
2026-01-27,601318,13:27:03,65.7000,234,2
2026-01-27,601318,13:27:06,65.7000,236,2
2026-01-27,601318,13:27:09,65.7100,388,1
2026-01-27,601318,13:27:12,65.7100,459,2
2026-01-27,601318,13:27:15,65.6200,1473,2
2026-01-27,601318,13:27:18,65.6300,42,2
2026-01-27,601318,13:27:21,65.6200,22,2
2026-01-27,601318,13:27:24,65.6400,37,1
2026-01-27,601318,13:27:27,65.6400,70,2
2026-01-27,601318,13:27:30,65.6700,4,1
2026-01-27,601318,13:27:33,65.6700,26,1
2026-01-27,601318,13:27:36,65.6600,11,2
2026-01-27,601318,13:27:39,65.6600,32,2
2026-01-27,601318,13:27:42,65.6700,34,1
2026-01-27,601318,13:27:45,65.6700,81,1
2026-01-27,601318,13:27:48,65.6700,20,2
2026-01-27,601318,13:27:51,65.6700,90,2
2026-01-27,601318,13:27:54,65.6700,56,2
2026-01-27,601318,13:27:57,65.6800,118,1
2026-01-27,601318,13:28:00,65.6800,41,1
2026-01-27,601318,13:28:03,65.7300,49,1
2026-01-27,601318,13:28:06,65.7400,155,1
2026-01-27,601318,13:28:09,65.7400,82,1
2026-01-27,601318,13:28:12,65.7100,67,2
2026-01-27,601318,13:28:15,65.7000,174,2
2026-01-27,601318,13:28:18,65.7200,19,4
2026-01-27,601318,13:28:21,65.7100,12,4
2026-01-27,601318,13:28:24,65.6700,944,2
2026-01-27,601318,13:28:27,65.6800,290,1
2026-01-27,601318,13:28:30,65.6800,34,2
2026-01-27,601318,13:28:33,65.6800,28,2
2026-01-27,601318,13:28:36,65.6700,76,2
2026-01-27,601318,13:28:39,65.6800,51,1
2026-01-27,601318,13:28:42,65.6800,55,2
2026-01-27,601318,13:28:45,65.6800,97,2
2026-01-27,601318,13:28:48,65.6800,61,1
2026-01-27,601318,13:28:51,65.6800,12,1
2026-01-27,601318,13:28:54,65.6700,45,2
2026-01-27,601318,13:28:57,65.6800,34,1
2026-01-27,601318,13:29:00,65.6700,242,2
2026-01-27,601318,13:29:03,65.6900,117,1
2026-01-27,601318,13:29:06,65.6900,23,1
2026-01-27,601318,13:29:09,65.6800,34,2
2026-01-27,601318,13:29:12,65.6900,62,1
2026-01-27,601318,13:29:15,65.7000,28,1
2026-01-27,601318,13:29:18,65.7100,25,1
2026-01-27,601318,13:29:21,65.7100,31,1
2026-01-27,601318,13:29:24,65.7300,65,1
2026-01-27,601318,13:29:27,65.7200,84,2
2026-01-27,601318,13:29:30,65.7200,84,1
2026-01-27,601318,13:29:33,65.7200,155,2
2026-01-27,601318,13:29:36,65.7200,108,1
2026-01-27,601318,13:29:39,65.7100,207,2
2026-01-27,601318,13:29:42,65.7300,138,1
2026-01-27,601318,13:29:45,65.7500,137,1
2026-01-27,601318,13:29:48,65.7500,69,4
2026-01-27,601318,13:29:51,65.7300,195,2
2026-01-27,601318,13:29:54,65.7200,73,2
2026-01-27,601318,13:29:57,65.7200,106,2
2026-01-27,601318,13:30:00,65.7300,104,1
2026-01-27,601318,13:30:03,65.7400,517,1
2026-01-27,601318,13:30:06,65.7400,67,2
2026-01-27,601318,13:30:09,65.7500,104,1
2026-01-27,601318,13:30:12,65.6700,1682,2
2026-01-27,601318,13:30:15,65.7100,483,1
2026-01-27,601318,13:30:18,65.7000,61,4
2026-01-27,601318,13:30:21,65.7500,239,1
2026-01-27,601318,13:30:24,65.7600,209,1
2026-01-27,601318,13:30:27,65.7600,326,2
2026-01-27,601318,13:30:30,65.7500,8,2
2026-01-27,601318,13:30:33,65.7300,62,2
2026-01-27,601318,13:30:36,65.7100,311,2
2026-01-27,601318,13:30:39,65.7500,634,1
2026-01-27,601318,13:30:42,65.7000,361,2
2026-01-27,601318,13:30:45,65.7300,171,1
2026-01-27,601318,13:30:48,65.7000,111,2
2026-01-27,601318,13:30:51,65.7300,19,1
2026-01-27,601318,13:30:54,65.7000,88,2
2026-01-27,601318,13:30:57,65.7000,59,1
2026-01-27,601318,13:31:00,65.7100,24,1
2026-01-27,601318,13:31:03,65.7100,153,1
2026-01-27,601318,13:31:06,65.7100,22,2
2026-01-27,601318,13:31:09,65.7100,26,1
2026-01-27,601318,13:31:12,65.7100,126,2
2026-01-27,601318,13:31:15,65.7100,24,2
2026-01-27,601318,13:31:18,65.7100,15,2
2026-01-27,601318,13:31:21,65.7100,159,2
2026-01-27,601318,13:31:24,65.6400,1499,2
2026-01-27,601318,13:31:27,65.6200,80,2
2026-01-27,601318,13:31:30,65.6600,24,1
2026-01-27,601318,13:31:33,65.6300,43,2
2026-01-27,601318,13:31:36,65.6600,129,1
2026-01-27,601318,13:31:39,65.6600,28,2
2026-01-27,601318,13:31:42,65.6900,130,1
2026-01-27,601318,13:31:45,65.6900,65,2
2026-01-27,601318,13:31:48,65.6800,181,2
2026-01-27,601318,13:31:51,65.6800,68,2
2026-01-27,601318,13:31:54,65.6800,470,1
2026-01-27,601318,13:31:57,65.6900,293,1
2026-01-27,601318,13:32:00,65.6900,198,2
2026-01-27,601318,13:32:03,65.6900,27,2
2026-01-27,601318,13:32:06,65.6800,57,2
2026-01-27,601318,13:32:09,65.6800,11,2
2026-01-27,601318,13:32:12,65.6900,69,1
2026-01-27,601318,13:32:15,65.6900,10,2
2026-01-27,601318,13:32:18,65.7100,65,1
2026-01-27,601318,13:32:21,65.7200,160,1
2026-01-27,601318,13:32:24,65.7000,22,2
2026-01-27,601318,13:32:27,65.7000,21,2
2026-01-27,601318,13:32:30,65.7000,10,2
2026-01-27,601318,13:32:33,65.6900,60,2
2026-01-27,601318,13:32:36,65.7000,65,1
2026-01-27,601318,13:32:39,65.6700,573,2
2026-01-27,601318,13:32:42,65.6800,46,1
2026-01-27,601318,13:32:45,65.6800,72,1
2026-01-27,601318,13:32:48,65.6800,28,1
2026-01-27,601318,13:32:51,65.6800,14,1
2026-01-27,601318,13:32:54,65.6700,114,2
2026-01-27,601318,13:32:57,65.6800,94,1
2026-01-27,601318,13:33:00,65.6600,90,2
2026-01-27,601318,13:33:03,65.6700,96,1
2026-01-27,601318,13:33:06,65.6500,222,2
2026-01-27,601318,13:33:09,65.5800,3334,2
2026-01-27,601318,13:33:12,65.5700,126,1
2026-01-27,601318,13:33:15,65.5700,100,1
2026-01-27,601318,13:33:18,65.5700,28,1
2026-01-27,601318,13:33:21,65.5700,62,1
2026-01-27,601318,13:33:24,65.5700,173,2
2026-01-27,601318,13:33:27,65.5700,472,2
2026-01-27,601318,13:33:30,65.5800,133,1
2026-01-27,601318,13:33:33,65.5700,172,2
2026-01-27,601318,13:33:36,65.5700,780,1
2026-01-27,601318,13:33:39,65.5700,74,4
2026-01-27,601318,13:33:42,65.5800,145,1
2026-01-27,601318,13:33:45,65.5900,36,4
2026-01-27,601318,13:33:48,65.6000,7,1
2026-01-27,601318,13:33:51,65.5900,111,2
2026-01-27,601318,13:33:54,65.5900,16,1
2026-01-27,601318,13:33:57,65.5800,56,2
2026-01-27,601318,13:34:00,65.5900,129,1
2026-01-27,601318,13:34:03,65.5900,36,2
2026-01-27,601318,13:34:06,65.5900,25,2
2026-01-27,601318,13:34:09,65.6000,17,1
2026-01-27,601318,13:34:12,65.6000,128,1
2026-01-27,601318,13:34:15,65.6000,39,1
2026-01-27,601318,13:34:18,65.5900,168,2
2026-01-27,601318,13:34:21,65.5900,89,2
2026-01-27,601318,13:34:24,65.5900,8,1
2026-01-27,601318,13:34:27,65.5800,283,2
2026-01-27,601318,13:34:30,65.5800,209,2
2026-01-27,601318,13:34:33,65.5800,92,2
2026-01-27,601318,13:34:36,65.5800,40,1
2026-01-27,601318,13:34:39,65.5800,72,1
2026-01-27,601318,13:34:42,65.5800,145,1
2026-01-27,601318,13:34:45,65.5800,10,2
2026-01-27,601318,13:34:48,65.5900,170,1
2026-01-27,601318,13:34:51,65.5900,19,2
2026-01-27,601318,13:34:54,65.6000,16,4
2026-01-27,601318,13:34:57,65.6000,36,1
2026-01-27,601318,13:35:00,65.6100,218,1
2026-01-27,601318,13:35:03,65.6000,52,4
2026-01-27,601318,13:35:06,65.6000,87,1
2026-01-27,601318,13:35:09,65.6000,92,2
2026-01-27,601318,13:35:12,65.6100,158,1
2026-01-27,601318,13:35:15,65.6200,45,1
2026-01-27,601318,13:35:18,65.6100,67,2
2026-01-27,601318,13:35:21,65.5300,2797,2
2026-01-27,601318,13:35:24,65.5600,227,1
2026-01-27,601318,13:35:27,65.5700,110,1
2026-01-27,601318,13:35:30,65.5900,89,1
2026-01-27,601318,13:35:33,65.6100,375,1
2026-01-27,601318,13:35:36,65.6400,121,1
2026-01-27,601318,13:35:39,65.6700,30,1
2026-01-27,601318,13:35:42,65.6700,105,1
2026-01-27,601318,13:35:45,65.6500,11,2
2026-01-27,601318,13:35:48,65.6700,180,1
2026-01-27,601318,13:35:51,65.6700,54,2
2026-01-27,601318,13:35:54,65.6800,43,1
2026-01-27,601318,13:35:57,65.6700,106,2
2026-01-27,601318,13:36:00,65.7000,110,1
2026-01-27,601318,13:36:03,65.6700,5,2
2026-01-27,601318,13:36:06,65.6700,70,2
2026-01-27,601318,13:36:09,65.6800,236,1
2026-01-27,601318,13:36:12,65.6900,121,1
2026-01-27,601318,13:36:15,65.6700,52,2
2026-01-27,601318,13:36:18,65.6800,43,4
2026-01-27,601318,13:36:21,65.6200,260,2
2026-01-27,601318,13:36:24,65.6800,215,1
2026-01-27,601318,13:36:27,65.6400,35,4
2026-01-27,601318,13:36:30,65.5900,163,2
2026-01-27,601318,13:36:33,65.5900,38,1
2026-01-27,601318,13:36:36,65.5900,87,1
2026-01-27,601318,13:36:39,65.5600,90,2
2026-01-27,601318,13:36:42,65.5700,35,1
2026-01-27,601318,13:36:45,65.5800,31,1
2026-01-27,601318,13:36:48,65.5700,63,2
2026-01-27,601318,13:36:51,65.5700,38,2
2026-01-27,601318,13:36:54,65.5900,50,1
2026-01-27,601318,13:36:57,65.5800,113,2
2026-01-27,601318,13:37:00,65.5900,160,1
2026-01-27,601318,13:37:03,65.5000,3981,2
2026-01-27,601318,13:37:06,65.5300,365,1
2026-01-27,601318,13:37:09,65.5500,149,1
2026-01-27,601318,13:37:12,65.5600,19,4
2026-01-27,601318,13:37:15,65.5700,103,1
2026-01-27,601318,13:37:18,65.5600,2,2
2026-01-27,601318,13:37:21,65.5500,52,2
2026-01-27,601318,13:37:24,65.5600,71,4
2026-01-27,601318,13:37:27,65.5700,73,1
2026-01-27,601318,13:37:30,65.5600,95,2
2026-01-27,601318,13:37:33,65.5600,20,1
2026-01-27,601318,13:37:36,65.5500,41,2
2026-01-27,601318,13:37:39,65.5600,75,1
2026-01-27,601318,13:37:42,65.5600,64,1
2026-01-27,601318,13:37:45,65.5400,271,2
2026-01-27,601318,13:37:48,65.5500,563,1
2026-01-27,601318,13:37:51,65.5600,37,1
2026-01-27,601318,13:37:54,65.5500,9,2
2026-01-27,601318,13:37:57,65.5500,82,2
2026-01-27,601318,13:38:00,65.5800,376,1
2026-01-27,601318,13:38:03,65.5600,64,2
2026-01-27,601318,13:38:06,65.5600,64,2
2026-01-27,601318,13:38:09,65.5600,125,1
2026-01-27,601318,13:38:12,65.5700,323,1
2026-01-27,601318,13:38:15,65.5700,52,2
2026-01-27,601318,13:38:18,65.5600,106,2
2026-01-27,601318,13:38:21,65.5600,37,2
2026-01-27,601318,13:38:24,65.5600,16,1
2026-01-27,601318,13:38:27,65.5600,49,1
2026-01-27,601318,13:38:30,65.5600,4,1
2026-01-27,601318,13:38:33,65.5600,105,1
2026-01-27,601318,13:38:36,65.5500,81,2
2026-01-27,601318,13:38:39,65.5500,119,1
2026-01-27,601318,13:38:42,65.5600,47,1
2026-01-27,601318,13:38:45,65.5600,15,1
2026-01-27,601318,13:38:48,65.5600,511,1
2026-01-27,601318,13:38:51,65.5600,236,2
2026-01-27,601318,13:38:54,65.5500,88,2
2026-01-27,601318,13:38:57,65.5500,43,1
2026-01-27,601318,13:39:00,65.5500,7,1
2026-01-27,601318,13:39:03,65.5300,40,2
2026-01-27,601318,13:39:06,65.5200,41,2
2026-01-27,601318,13:39:09,65.5100,84,2
2026-01-27,601318,13:39:12,65.5400,566,1
2026-01-27,601318,13:39:15,65.5200,84,2
2026-01-27,601318,13:39:18,65.5100,56,2
2026-01-27,601318,13:39:21,65.5100,63,1
2026-01-27,601318,13:39:24,65.4800,1314,2
2026-01-27,601318,13:39:27,65.4700,401,2
2026-01-27,601318,13:39:30,65.4700,132,2
2026-01-27,601318,13:39:33,65.4800,16,1
2026-01-27,601318,13:39:36,65.4700,33,2
2026-01-27,601318,13:39:39,65.4800,108,1
2026-01-27,601318,13:39:42,65.4700,150,2
2026-01-27,601318,13:39:45,65.4600,14,2
2026-01-27,601318,13:39:48,65.4300,806,2
2026-01-27,601318,13:39:51,65.4400,253,1
2026-01-27,601318,13:39:54,65.4200,133,2
2026-01-27,601318,13:39:57,65.4300,119,2
2026-01-27,601318,13:40:00,65.4500,253,1
2026-01-27,601318,13:40:03,65.4300,102,2
2026-01-27,601318,13:40:06,65.4300,58,2
2026-01-27,601318,13:40:09,65.4200,110,2
2026-01-27,601318,13:40:12,65.4500,192,1
2026-01-27,601318,13:40:15,65.4400,182,2
2026-01-27,601318,13:40:18,65.4500,281,4
2026-01-27,601318,13:40:21,65.4400,225,2
2026-01-27,601318,13:40:24,65.4500,185,1
2026-01-27,601318,13:40:27,65.4400,80,2
2026-01-27,601318,13:40:30,65.4400,28,2
2026-01-27,601318,13:40:33,65.4400,124,1
2026-01-27,601318,13:40:36,65.4500,217,1
2026-01-27,601318,13:40:39,65.4400,134,2
2026-01-27,601318,13:40:42,65.4500,159,1
2026-01-27,601318,13:40:45,65.4500,29,1
2026-01-27,601318,13:40:48,65.4500,228,1
2026-01-27,601318,13:40:51,65.4600,192,1
2026-01-27,601318,13:40:54,65.4500,10,2
2026-01-27,601318,13:40:57,65.4600,14,1
2026-01-27,601318,13:41:00,65.4500,281,2
2026-01-27,601318,13:41:03,65.4400,399,2
2026-01-27,601318,13:41:06,65.4500,303,1
2026-01-27,601318,13:41:09,65.4400,136,2
2026-01-27,601318,13:41:12,65.3800,4884,2
2026-01-27,601318,13:41:15,65.3900,190,1
2026-01-27,601318,13:41:18,65.3900,78,1
2026-01-27,601318,13:41:21,65.3900,83,1
2026-01-27,601318,13:41:24,65.4000,66,1
2026-01-27,601318,13:41:27,65.4000,63,1
2026-01-27,601318,13:41:30,65.3800,158,2
2026-01-27,601318,13:41:33,65.3900,62,4
2026-01-27,601318,13:41:36,65.3900,44,1
2026-01-27,601318,13:41:39,65.3800,44,2
2026-01-27,601318,13:41:42,65.3800,233,2
2026-01-27,601318,13:41:45,65.3800,29,2
2026-01-27,601318,13:41:48,65.4000,109,1
2026-01-27,601318,13:41:51,65.4000,114,1
2026-01-27,601318,13:41:54,65.4000,49,2
2026-01-27,601318,13:41:57,65.4500,206,1
2026-01-27,601318,13:42:00,65.4300,342,2
2026-01-27,601318,13:42:03,65.4300,185,2
2026-01-27,601318,13:42:06,65.4000,188,2
2026-01-27,601318,13:42:09,65.4100,117,1
2026-01-27,601318,13:42:12,65.3900,692,2
2026-01-27,601318,13:42:15,65.4000,229,1
2026-01-27,601318,13:42:18,65.4000,85,1
2026-01-27,601318,13:42:21,65.4000,85,1
2026-01-27,601318,13:42:24,65.3900,102,2
2026-01-27,601318,13:42:27,65.3900,558,2
2026-01-27,601318,13:42:30,65.4100,76,2
2026-01-27,601318,13:42:33,65.4100,13,4
2026-01-27,601318,13:42:36,65.4200,12,1
2026-01-27,601318,13:42:39,65.4200,20,2
2026-01-27,601318,13:42:42,65.4100,133,2
2026-01-27,601318,13:42:45,65.4100,120,1
2026-01-27,601318,13:42:48,65.4000,85,2
2026-01-27,601318,13:42:51,65.4000,248,2
2026-01-27,601318,13:42:54,65.4000,104,2
2026-01-27,601318,13:42:57,65.4200,71,1
2026-01-27,601318,13:43:00,65.3900,313,2
2026-01-27,601318,13:43:03,65.4000,11,2
2026-01-27,601318,13:43:06,65.4000,99,2
2026-01-27,601318,13:43:09,65.4100,33,1
2026-01-27,601318,13:43:12,65.4100,60,2
2026-01-27,601318,13:43:15,65.4200,509,1
2026-01-27,601318,13:43:18,65.4300,93,1
2026-01-27,601318,13:43:21,65.4100,47,2
2026-01-27,601318,13:43:24,65.4200,17,4
2026-01-27,601318,13:43:27,65.4200,380,1
2026-01-27,601318,13:43:30,65.4200,32,1
2026-01-27,601318,13:43:33,65.4300,67,1
2026-01-27,601318,13:43:36,65.4200,21,2
2026-01-27,601318,13:43:39,65.4300,35,2
2026-01-27,601318,13:43:42,65.4400,168,1
2026-01-27,601318,13:43:45,65.4100,388,2
2026-01-27,601318,13:43:48,65.4000,229,2
2026-01-27,601318,13:43:51,65.4100,145,1
2026-01-27,601318,13:43:54,65.4100,102,1
2026-01-27,601318,13:43:57,65.4100,170,2
2026-01-27,601318,13:44:00,65.4100,159,2
2026-01-27,601318,13:44:03,65.4200,119,1
2026-01-27,601318,13:44:06,65.4300,34,1
2026-01-27,601318,13:44:09,65.4300,39,1
2026-01-27,601318,13:44:12,65.4400,47,1
2026-01-27,601318,13:44:15,65.4400,163,1
2026-01-27,601318,13:44:18,65.4400,112,1
2026-01-27,601318,13:44:21,65.4300,51,2
2026-01-27,601318,13:44:24,65.4400,35,4
2026-01-27,601318,13:44:27,65.4400,35,2
2026-01-27,601318,13:44:30,65.4400,100,2
2026-01-27,601318,13:44:33,65.4300,57,2
2026-01-27,601318,13:44:36,65.4300,168,2
2026-01-27,601318,13:44:39,65.4300,322,2
2026-01-27,601318,13:44:42,65.4300,123,1
2026-01-27,601318,13:44:45,65.4400,214,1
2026-01-27,601318,13:44:48,65.4300,88,2
2026-01-27,601318,13:44:51,65.4400,9,1
2026-01-27,601318,13:44:54,65.4400,64,2
2026-01-27,601318,13:44:57,65.4400,84,2
2026-01-27,601318,13:45:01,65.4500,178,1
2026-01-27,601318,13:45:03,65.4500,517,2
2026-01-27,601318,13:45:06,65.4500,147,2
2026-01-27,601318,13:45:09,65.4500,21,2
2026-01-27,601318,13:45:12,65.4700,115,1
2026-01-27,601318,13:45:15,65.4600,242,2
2026-01-27,601318,13:45:18,65.4800,91,1
2026-01-27,601318,13:45:21,65.4700,92,2
2026-01-27,601318,13:45:24,65.4600,138,2
2026-01-27,601318,13:45:27,65.4600,75,1
2026-01-27,601318,13:45:30,65.4500,90,2
2026-01-27,601318,13:45:33,65.4400,23,2
2026-01-27,601318,13:45:36,65.4400,97,2
2026-01-27,601318,13:45:39,65.4500,236,1
2026-01-27,601318,13:45:42,65.4600,271,1
2026-01-27,601318,13:45:45,65.4600,36,1
2026-01-27,601318,13:45:48,65.4600,27,1
2026-01-27,601318,13:45:51,65.4500,135,2
2026-01-27,601318,13:45:54,65.4600,158,1
2026-01-27,601318,13:45:57,65.4600,275,1
2026-01-27,601318,13:46:00,65.4600,843,1
2026-01-27,601318,13:46:03,65.4700,367,1
2026-01-27,601318,13:46:06,65.4700,615,1
2026-01-27,601318,13:46:09,65.3900,2041,2
2026-01-27,601318,13:46:12,65.4300,617,1
2026-01-27,601318,13:46:15,65.4400,94,1
2026-01-27,601318,13:46:18,65.4400,108,4
2026-01-27,601318,13:46:21,65.4500,81,1
2026-01-27,601318,13:46:24,65.4500,46,2
2026-01-27,601318,13:46:27,65.4500,99,2
2026-01-27,601318,13:46:30,65.4500,120,1
2026-01-27,601318,13:46:33,65.4400,62,2
2026-01-27,601318,13:46:36,65.4300,300,2
2026-01-27,601318,13:46:39,65.4300,100,2
2026-01-27,601318,13:46:42,65.4300,62,2
2026-01-27,601318,13:46:45,65.4300,169,2
2026-01-27,601318,13:46:48,65.4100,57,2
2026-01-27,601318,13:46:51,65.4400,208,1
2026-01-27,601318,13:46:54,65.4200,222,2
2026-01-27,601318,13:46:57,65.4300,21,1
2026-01-27,601318,13:47:00,65.4300,136,1
2026-01-27,601318,13:47:03,65.4100,182,2
2026-01-27,601318,13:47:06,65.4200,113,1
2026-01-27,601318,13:47:09,65.4200,162,4
2026-01-27,601318,13:47:12,65.4300,106,1
2026-01-27,601318,13:47:15,65.4300,118,2
2026-01-27,601318,13:47:18,65.4300,275,2
2026-01-27,601318,13:47:21,65.4500,224,1
2026-01-27,601318,13:47:24,65.4500,13,2
2026-01-27,601318,13:47:27,65.4600,70,1
2026-01-27,601318,13:47:30,65.4500,81,1
2026-01-27,601318,13:47:33,65.4500,30,1
2026-01-27,601318,13:47:36,65.4500,69,1
2026-01-27,601318,13:47:39,65.4500,148,1
2026-01-27,601318,13:47:42,65.4500,78,1
2026-01-27,601318,13:47:45,65.4400,100,2
2026-01-27,601318,13:47:48,65.4400,24,2
2026-01-27,601318,13:47:51,65.4300,86,2
2026-01-27,601318,13:47:54,65.4300,110,2
2026-01-27,601318,13:47:57,65.4400,140,1
2026-01-27,601318,13:48:00,65.4200,179,2
2026-01-27,601318,13:48:03,65.4000,450,2
2026-01-27,601318,13:48:06,65.4200,103,1
2026-01-27,601318,13:48:09,65.4100,340,2
2026-01-27,601318,13:48:12,65.4000,56,2
2026-01-27,601318,13:48:15,65.4200,228,1
2026-01-27,601318,13:48:18,65.4200,109,1
2026-01-27,601318,13:48:21,65.4300,45,1
2026-01-27,601318,13:48:24,65.4300,32,2
2026-01-27,601318,13:48:27,65.4400,85,1
2026-01-27,601318,13:48:30,65.4400,42,2
2026-01-27,601318,13:48:33,65.4500,79,1
2026-01-27,601318,13:48:36,65.4700,509,1
2026-01-27,601318,13:48:39,65.4700,141,1
2026-01-27,601318,13:48:42,65.4700,50,2
2026-01-27,601318,13:48:45,65.4700,9,2
2026-01-27,601318,13:48:48,65.4700,95,2
2026-01-27,601318,13:48:51,65.4700,91,1
2026-01-27,601318,13:48:54,65.5000,332,1
2026-01-27,601318,13:48:57,65.4900,412,2
2026-01-27,601318,13:49:00,65.5100,189,1
2026-01-27,601318,13:49:03,65.5000,83,4
2026-01-27,601318,13:49:06,65.4900,89,2
2026-01-27,601318,13:49:09,65.4800,150,2
2026-01-27,601318,13:49:12,65.4500,996,2
2026-01-27,601318,13:49:15,65.4700,116,1
2026-01-27,601318,13:49:18,65.4600,21,2
2026-01-27,601318,13:49:21,65.4800,78,1
2026-01-27,601318,13:49:24,65.4800,33,1
2026-01-27,601318,13:49:27,65.4800,21,2
2026-01-27,601318,13:49:30,65.5100,96,1
2026-01-27,601318,13:49:33,65.5200,82,1
2026-01-27,601318,13:49:36,65.5200,161,1
2026-01-27,601318,13:49:39,65.5300,157,2
2026-01-27,601318,13:49:42,65.5400,125,1
2026-01-27,601318,13:49:45,65.5400,19,1
2026-01-27,601318,13:49:48,65.5500,93,1
2026-01-27,601318,13:49:51,65.5500,96,1
2026-01-27,601318,13:49:54,65.5400,298,1
2026-01-27,601318,13:49:57,65.5500,91,4
2026-01-27,601318,13:50:00,65.5200,651,2
2026-01-27,601318,13:50:03,65.5300,635,1
2026-01-27,601318,13:50:06,65.5100,233,2
2026-01-27,601318,13:50:09,65.5400,227,1
2026-01-27,601318,13:50:12,65.5300,205,1
2026-01-27,601318,13:50:15,65.5500,30,1
2026-01-27,601318,13:50:18,65.5600,98,1
2026-01-27,601318,13:50:21,65.5500,98,4
2026-01-27,601318,13:50:24,65.5600,84,1
2026-01-27,601318,13:50:27,65.5700,29,1
2026-01-27,601318,13:50:30,65.5700,209,1
2026-01-27,601318,13:50:33,65.5800,36,1
2026-01-27,601318,13:50:36,65.5700,20,2
2026-01-27,601318,13:50:39,65.5700,17,2
2026-01-27,601318,13:50:42,65.5700,45,2
2026-01-27,601318,13:50:45,65.5700,220,2
2026-01-27,601318,13:50:48,65.5800,228,1
2026-01-27,601318,13:50:51,65.5600,290,2
2026-01-27,601318,13:50:54,65.5700,84,1
2026-01-27,601318,13:50:57,65.5600,286,2
2026-01-27,601318,13:51:00,65.5600,375,2
2026-01-27,601318,13:51:03,65.5800,279,1
2026-01-27,601318,13:51:06,65.5500,132,2
2026-01-27,601318,13:51:09,65.5700,102,1
2026-01-27,601318,13:51:12,65.5700,15,1
2026-01-27,601318,13:51:15,65.5700,66,1
2026-01-27,601318,13:51:18,65.6000,93,1
2026-01-27,601318,13:51:21,65.5900,18,4
2026-01-27,601318,13:51:24,65.5900,269,2
2026-01-27,601318,13:51:27,65.5900,1608,1
2026-01-27,601318,13:51:30,65.5900,194,1
2026-01-27,601318,13:51:33,65.6000,67,2
2026-01-27,601318,13:51:36,65.6200,75,1
2026-01-27,601318,13:51:39,65.6200,49,1
2026-01-27,601318,13:51:42,65.6200,174,2
2026-01-27,601318,13:51:45,65.6200,104,1
2026-01-27,601318,13:51:48,65.6100,203,2
2026-01-27,601318,13:51:51,65.6300,171,1
2026-01-27,601318,13:51:54,65.6000,85,4
2026-01-27,601318,13:51:57,65.6200,746,1
2026-01-27,601318,13:52:00,65.6600,73,1
2026-01-27,601318,13:52:03,65.6500,1050,1
2026-01-27,601318,13:52:06,65.6900,673,1
2026-01-27,601318,13:52:09,65.6000,587,2
2026-01-27,601318,13:52:12,65.6500,122,2
2026-01-27,601318,13:52:15,65.6600,86,1
2026-01-27,601318,13:52:18,65.6300,53,2
2026-01-27,601318,13:52:21,65.6300,66,4
2026-01-27,601318,13:52:24,65.6000,558,2
2026-01-27,601318,13:52:27,65.6000,249,2
2026-01-27,601318,13:52:30,65.5800,78,2
2026-01-27,601318,13:52:33,65.6100,121,1
2026-01-27,601318,13:52:36,65.6100,190,1
2026-01-27,601318,13:52:39,65.6100,61,2
2026-01-27,601318,13:52:42,65.5800,744,2
2026-01-27,601318,13:52:45,65.5800,260,1
2026-01-27,601318,13:52:48,65.6000,230,1
2026-01-27,601318,13:52:51,65.5800,49,2
2026-01-27,601318,13:52:54,65.6000,88,1
2026-01-27,601318,13:52:57,65.6100,454,4
2026-01-27,601318,13:53:00,65.6100,229,1
2026-01-27,601318,13:53:03,65.6300,490,1
2026-01-27,601318,13:53:06,65.6500,226,1
2026-01-27,601318,13:53:09,65.6400,156,2
2026-01-27,601318,13:53:12,65.6400,116,1
2026-01-27,601318,13:53:15,65.6300,302,2
2026-01-27,601318,13:53:18,65.6200,186,2
2026-01-27,601318,13:53:21,65.6300,150,1
2026-01-27,601318,13:53:24,65.6300,80,2
2026-01-27,601318,13:53:27,65.6400,68,1
2026-01-27,601318,13:53:30,65.6100,442,2
2026-01-27,601318,13:53:33,65.5800,263,2
2026-01-27,601318,13:53:36,65.6000,165,1
2026-01-27,601318,13:53:39,65.5800,84,2
2026-01-27,601318,13:53:42,65.5900,67,1
2026-01-27,601318,13:53:45,65.6100,75,1
2026-01-27,601318,13:53:48,65.6000,434,2
2026-01-27,601318,13:53:51,65.5700,168,2
2026-01-27,601318,13:53:54,65.5700,130,2
2026-01-27,601318,13:53:57,65.5700,30,1
2026-01-27,601318,13:54:00,65.5700,46,1
2026-01-27,601318,13:54:03,65.5200,163,2
2026-01-27,601318,13:54:06,65.5300,112,2
2026-01-27,601318,13:54:09,65.5200,28,2
2026-01-27,601318,13:54:12,65.5200,90,2
2026-01-27,601318,13:54:15,65.5200,38,2
2026-01-27,601318,13:54:18,65.5200,291,2
2026-01-27,601318,13:54:21,65.5200,90,2
2026-01-27,601318,13:54:24,65.5300,153,1
2026-01-27,601318,13:54:27,65.5300,291,2
2026-01-27,601318,13:54:30,65.5300,179,1
2026-01-27,601318,13:54:33,65.5300,184,2
2026-01-27,601318,13:54:36,65.5300,107,1
2026-01-27,601318,13:54:39,65.5400,48,4
2026-01-27,601318,13:54:42,65.5400,261,2
2026-01-27,601318,13:54:45,65.5500,65,4
2026-01-27,601318,13:54:48,65.5800,82,1
2026-01-27,601318,13:54:51,65.5700,104,2
2026-01-27,601318,13:54:54,65.5700,8,2
2026-01-27,601318,13:54:57,65.5900,80,1
2026-01-27,601318,13:55:00,65.6000,69,1
2026-01-27,601318,13:55:03,65.5900,286,2
2026-01-27,601318,13:55:06,65.5900,35,2
2026-01-27,601318,13:55:09,65.6000,55,2
2026-01-27,601318,13:55:12,65.5800,397,2
2026-01-27,601318,13:55:15,65.5500,726,2
2026-01-27,601318,13:55:18,65.5400,30,1
2026-01-27,601318,13:55:21,65.5300,73,2
2026-01-27,601318,13:55:24,65.5500,24,1
2026-01-27,601318,13:55:27,65.5300,93,2
2026-01-27,601318,13:55:30,65.5500,67,1
2026-01-27,601318,13:55:33,65.5400,30,4
2026-01-27,601318,13:55:36,65.5300,24,2
2026-01-27,601318,13:55:39,65.5400,84,1
2026-01-27,601318,13:55:42,65.5400,49,2
2026-01-27,601318,13:55:45,65.5500,45,1
2026-01-27,601318,13:55:48,65.5400,111,2
2026-01-27,601318,13:55:51,65.5200,883,2
2026-01-27,601318,13:55:54,65.5200,60,1
2026-01-27,601318,13:55:57,65.5100,60,2
2026-01-27,601318,13:56:00,65.5000,63,2
2026-01-27,601318,13:56:03,65.5000,106,1
2026-01-27,601318,13:56:06,65.4900,224,2
2026-01-27,601318,13:56:09,65.5000,394,1
2026-01-27,601318,13:56:12,65.5100,101,1
2026-01-27,601318,13:56:15,65.5100,184,1
2026-01-27,601318,13:56:18,65.5100,139,2
2026-01-27,601318,13:56:21,65.5000,194,2
2026-01-27,601318,13:56:24,65.4900,190,2
2026-01-27,601318,13:56:27,65.5000,171,1
2026-01-27,601318,13:56:30,65.4900,23,4
2026-01-27,601318,13:56:33,65.4600,603,2
2026-01-27,601318,13:56:36,65.4900,215,1
2026-01-27,601318,13:56:39,65.4500,15,1
2026-01-27,601318,13:56:42,65.4300,156,2
2026-01-27,601318,13:56:45,65.4600,48,1
2026-01-27,601318,13:56:48,65.4600,83,1
2026-01-27,601318,13:56:51,65.4700,36,1
2026-01-27,601318,13:56:54,65.4700,35,4
2026-01-27,601318,13:56:57,65.4900,148,1
2026-01-27,601318,13:57:00,65.4700,276,4
2026-01-27,601318,13:57:03,65.4700,457,2
2026-01-27,601318,13:57:06,65.4600,126,1
2026-01-27,601318,13:57:09,65.4500,52,1
2026-01-27,601318,13:57:12,65.4300,83,2
2026-01-27,601318,13:57:15,65.4500,83,1
2026-01-27,601318,13:57:18,65.4500,76,1
2026-01-27,601318,13:57:21,65.4500,33,2
2026-01-27,601318,13:57:24,65.4500,33,2
2026-01-27,601318,13:57:27,65.4500,212,2
2026-01-27,601318,13:57:30,65.4600,97,1
2026-01-27,601318,13:57:33,65.4600,48,4
2026-01-27,601318,13:57:36,65.4700,233,1
2026-01-27,601318,13:57:39,65.4700,16,1
2026-01-27,601318,13:57:42,65.4700,193,1
2026-01-27,601318,13:57:45,65.4700,27,2
2026-01-27,601318,13:57:48,65.4800,6,1
2026-01-27,601318,13:57:51,65.4800,10,2
2026-01-27,601318,13:57:54,65.4900,109,1
2026-01-27,601318,13:57:57,65.4900,78,1
2026-01-27,601318,13:58:00,65.4900,38,2
2026-01-27,601318,13:58:03,65.4300,1589,2
2026-01-27,601318,13:58:06,65.4100,517,2
2026-01-27,601318,13:58:09,65.4000,55,2
2026-01-27,601318,13:58:12,65.4000,130,2
2026-01-27,601318,13:58:15,65.4100,73,1
2026-01-27,601318,13:58:18,65.4100,119,2
2026-01-27,601318,13:58:21,65.4100,55,2
2026-01-27,601318,13:58:24,65.4100,76,2
2026-01-27,601318,13:58:27,65.4200,42,1
2026-01-27,601318,13:58:30,65.4200,122,1
2026-01-27,601318,13:58:33,65.4200,92,2
2026-01-27,601318,13:58:36,65.4200,24,2
2026-01-27,601318,13:58:39,65.4200,19,2
2026-01-27,601318,13:58:42,65.4400,265,1
2026-01-27,601318,13:58:45,65.4500,4,2
2026-01-27,601318,13:58:48,65.4700,48,1
2026-01-27,601318,13:58:51,65.4600,44,4
2026-01-27,601318,13:58:54,65.4700,72,1
2026-01-27,601318,13:58:57,65.4600,61,2
2026-01-27,601318,13:59:00,65.5000,210,1
2026-01-27,601318,13:59:03,65.5000,86,1
2026-01-27,601318,13:59:06,65.5000,98,1
2026-01-27,601318,13:59:09,65.4700,281,2
2026-01-27,601318,13:59:12,65.4600,1781,2
2026-01-27,601318,13:59:15,65.5000,347,1
2026-01-27,601318,13:59:18,65.4500,104,2
2026-01-27,601318,13:59:21,65.4600,62,2
2026-01-27,601318,13:59:24,65.4700,70,1
2026-01-27,601318,13:59:27,65.4600,78,2
2026-01-27,601318,13:59:30,65.4700,41,1
2026-01-27,601318,13:59:33,65.4600,73,2
2026-01-27,601318,13:59:36,65.4700,130,1
2026-01-27,601318,13:59:39,65.4700,142,1
2026-01-27,601318,13:59:42,65.4600,72,2
2026-01-27,601318,13:59:45,65.4700,150,1
2026-01-27,601318,13:59:48,65.4600,97,2
2026-01-27,601318,13:59:51,65.4800,156,1
2026-01-27,601318,13:59:54,65.4900,29,1
2026-01-27,601318,13:59:57,65.4800,119,2
2026-01-27,601318,14:00:01,65.4800,252,2
2026-01-27,601318,14:00:03,65.5000,574,1
2026-01-27,601318,14:00:06,65.4900,219,1
2026-01-27,601318,14:00:09,65.5000,31,1
2026-01-27,601318,14:00:12,65.5000,73,1
2026-01-27,601318,14:00:15,65.5100,314,1
2026-01-27,601318,14:00:18,65.5000,63,1
2026-01-27,601318,14:00:21,65.5000,17,4
2026-01-27,601318,14:00:24,65.5000,37,2
2026-01-27,601318,14:00:27,65.5200,23,1
2026-01-27,601318,14:00:30,65.5100,60,2
2026-01-27,601318,14:00:33,65.5200,14,2
2026-01-27,601318,14:00:36,65.5500,156,1
2026-01-27,601318,14:00:39,65.5300,530,4
2026-01-27,601318,14:00:42,65.5300,47,2
2026-01-27,601318,14:00:45,65.5200,179,2
2026-01-27,601318,14:00:48,65.5200,89,1
2026-01-27,601318,14:00:51,65.5200,51,1
2026-01-27,601318,14:00:54,65.5200,90,1
2026-01-27,601318,14:00:57,65.5500,98,1
2026-01-27,601318,14:01:00,65.5400,192,2
2026-01-27,601318,14:01:03,65.5500,287,1
2026-01-27,601318,14:01:06,65.5400,251,2
2026-01-27,601318,14:01:09,65.5500,156,1
2026-01-27,601318,14:01:12,65.5300,8,2
2026-01-27,601318,14:01:15,65.5700,137,1
2026-01-27,601318,14:01:18,65.5500,50,2
2026-01-27,601318,14:01:21,65.5500,93,2
2026-01-27,601318,14:01:24,65.5600,39,1
2026-01-27,601318,14:01:27,65.5500,95,2
2026-01-27,601318,14:01:30,65.5500,76,2
2026-01-27,601318,14:01:33,65.5500,45,2
2026-01-27,601318,14:01:36,65.5400,126,2
2026-01-27,601318,14:01:39,65.5400,412,1
2026-01-27,601318,14:01:42,65.5400,270,2
2026-01-27,601318,14:01:45,65.5300,122,1
2026-01-27,601318,14:01:48,65.5300,27,2
2026-01-27,601318,14:01:51,65.5300,10,1
2026-01-27,601318,14:01:54,65.5300,42,2
2026-01-27,601318,14:01:57,65.5400,8,1
2026-01-27,601318,14:02:01,65.5300,99,2
2026-01-27,601318,14:02:03,65.5100,1700,2
2026-01-27,601318,14:02:06,65.5000,392,2
2026-01-27,601318,14:02:09,65.5000,147,2
2026-01-27,601318,14:02:12,65.5200,108,1
2026-01-27,601318,14:02:15,65.5300,231,1
2026-01-27,601318,14:02:18,65.5300,78,1
2026-01-27,601318,14:02:21,65.5300,14,1
2026-01-27,601318,14:02:24,65.5500,12,1
2026-01-27,601318,14:02:27,65.5400,68,1
2026-01-27,601318,14:02:30,65.5400,21,1
2026-01-27,601318,14:02:33,65.5300,59,2
2026-01-27,601318,14:02:36,65.5300,67,1
2026-01-27,601318,14:02:39,65.5400,21,1
2026-01-27,601318,14:02:42,65.5400,76,1
2026-01-27,601318,14:02:45,65.5400,31,1
2026-01-27,601318,14:02:48,65.5500,53,1
2026-01-27,601318,14:02:51,65.5500,74,1
2026-01-27,601318,14:02:54,65.5500,80,2
2026-01-27,601318,14:02:57,65.5500,70,2
2026-01-27,601318,14:03:00,65.5700,51,1
2026-01-27,601318,14:03:03,65.5500,413,2
2026-01-27,601318,14:03:06,65.5700,165,1
2026-01-27,601318,14:03:09,65.5600,37,4
2026-01-27,601318,14:03:12,65.5600,55,2
2026-01-27,601318,14:03:15,65.5700,47,1
2026-01-27,601318,14:03:18,65.5800,15,1
2026-01-27,601318,14:03:21,65.5900,662,1
2026-01-27,601318,14:03:24,65.6000,185,1
2026-01-27,601318,14:03:27,65.6400,21,1
2026-01-27,601318,14:03:30,65.6300,35,2
2026-01-27,601318,14:03:33,65.6400,103,1
2026-01-27,601318,14:03:36,65.6300,80,2
2026-01-27,601318,14:03:39,65.6400,56,1
2026-01-27,601318,14:03:42,65.6000,254,2
2026-01-27,601318,14:03:45,65.6100,409,1
2026-01-27,601318,14:03:48,65.6100,77,1
2026-01-27,601318,14:03:51,65.6100,55,1
2026-01-27,601318,14:03:54,65.6100,207,1
2026-01-27,601318,14:03:57,65.6200,42,1
2026-01-27,601318,14:04:00,65.6200,44,1
2026-01-27,601318,14:04:03,65.6100,332,2
2026-01-27,601318,14:04:06,65.5700,409,2
2026-01-27,601318,14:04:09,65.5600,357,2
2026-01-27,601318,14:04:12,65.5500,537,2
2026-01-27,601318,14:04:15,65.5600,131,1
2026-01-27,601318,14:04:18,65.5600,56,1
2026-01-27,601318,14:04:21,65.5500,33,2
2026-01-27,601318,14:04:24,65.5600,42,1
2026-01-27,601318,14:04:27,65.5700,35,1
2026-01-27,601318,14:04:30,65.5800,23,1
2026-01-27,601318,14:04:33,65.5600,41,2
2026-01-27,601318,14:04:36,65.5600,10,2
2026-01-27,601318,14:04:39,65.5900,35,1
2026-01-27,601318,14:04:42,65.5900,37,1
2026-01-27,601318,14:04:45,65.5900,161,1
2026-01-27,601318,14:04:48,65.5400,136,2
2026-01-27,601318,14:04:51,65.5500,7,1
2026-01-27,601318,14:04:54,65.5500,16,1
2026-01-27,601318,14:04:57,65.5400,17,2
2026-01-27,601318,14:05:00,65.5600,55,1
2026-01-27,601318,14:05:03,65.5500,17,2
2026-01-27,601318,14:05:06,65.5700,44,1
2026-01-27,601318,14:05:09,65.5600,36,1
2026-01-27,601318,14:05:12,65.5600,44,1
2026-01-27,601318,14:05:15,65.5700,74,1
2026-01-27,601318,14:05:18,65.5700,97,1
2026-01-27,601318,14:05:21,65.5800,21,1
2026-01-27,601318,14:05:24,65.5900,185,1
2026-01-27,601318,14:05:27,65.5600,1105,2
2026-01-27,601318,14:05:30,65.5600,64,1
2026-01-27,601318,14:05:33,65.5500,112,2
2026-01-27,601318,14:05:36,65.5600,49,1
2026-01-27,601318,14:05:39,65.5700,79,1
2026-01-27,601318,14:05:42,65.5600,34,4
2026-01-27,601318,14:05:45,65.5600,15,1
2026-01-27,601318,14:05:48,65.5600,71,1
2026-01-27,601318,14:05:51,65.5700,94,1
2026-01-27,601318,14:05:54,65.5600,62,2
2026-01-27,601318,14:05:57,65.5600,201,2
2026-01-27,601318,14:06:00,65.5800,19,4
2026-01-27,601318,14:06:03,65.5800,36,1
2026-01-27,601318,14:06:06,65.5800,170,1
2026-01-27,601318,14:06:09,65.5800,46,2
2026-01-27,601318,14:06:12,65.5800,47,2
2026-01-27,601318,14:06:15,65.5900,54,1
2026-01-27,601318,14:06:18,65.5600,1002,2
2026-01-27,601318,14:06:21,65.5800,382,1
2026-01-27,601318,14:06:24,65.5700,28,2
2026-01-27,601318,14:06:27,65.5800,83,1
2026-01-27,601318,14:06:30,65.5700,92,2
2026-01-27,601318,14:06:33,65.6000,106,1
2026-01-27,601318,14:06:36,65.6200,48,1
2026-01-27,601318,14:06:39,65.6400,41,1
2026-01-27,601318,14:06:42,65.6300,10,2
2026-01-27,601318,14:06:45,65.6400,94,1
2026-01-27,601318,14:06:48,65.6400,39,1
2026-01-27,601318,14:06:51,65.6300,156,2
2026-01-27,601318,14:06:54,65.6000,340,2
2026-01-27,601318,14:06:57,65.5900,200,2
2026-01-27,601318,14:07:00,65.5700,41,2
2026-01-27,601318,14:07:03,65.5800,124,1
2026-01-27,601318,10:57:06,65.9700,344,1
2026-01-27,601318,10:57:09,65.9500,572,2
2026-01-27,601318,10:57:12,65.9500,421,1
2026-01-27,601318,10:57:15,65.9300,215,2
2026-01-27,601318,10:57:18,65.9300,140,1
2026-01-27,601318,10:57:21,65.9200,46,2
2026-01-27,601318,10:57:24,65.9200,90,2
2026-01-27,601318,10:57:27,65.9200,61,2
2026-01-27,601318,10:57:30,65.9100,104,2
2026-01-27,601318,10:57:33,65.8900,586,2
2026-01-27,601318,10:57:36,65.8900,185,1
2026-01-27,601318,10:57:39,65.9000,173,1
2026-01-27,601318,10:57:42,65.9000,52,2
2026-01-27,601318,10:57:45,65.9000,93,2
2026-01-27,601318,10:57:48,65.9100,147,1
2026-01-27,601318,10:57:51,65.8900,99,2
2026-01-27,601318,10:57:54,65.9100,57,1
2026-01-27,601318,10:57:57,65.8900,138,2
2026-01-27,601318,10:58:00,65.8900,123,2
2026-01-27,601318,10:58:03,65.8800,132,2
2026-01-27,601318,10:58:06,65.9000,169,1
2026-01-27,601318,10:58:09,65.8800,120,2
2026-01-27,601318,10:58:12,65.8800,42,1
2026-01-27,601318,10:58:15,65.8900,365,1
2026-01-27,601318,10:58:18,65.8800,133,2
2026-01-27,601318,10:58:21,65.8900,90,1
2026-01-27,601318,10:58:24,65.9200,528,1
2026-01-27,601318,10:58:27,65.9200,214,1
2026-01-27,601318,10:58:30,65.9500,272,1
2026-01-27,601318,10:58:33,65.9500,108,1
2026-01-27,601318,10:58:36,65.9400,389,2
2026-01-27,601318,10:58:39,65.9500,161,1
2026-01-27,601318,10:58:42,65.9400,132,2
2026-01-27,601318,10:58:45,65.9300,96,2
2026-01-27,601318,10:58:48,65.9300,68,2
2026-01-27,601318,10:58:51,65.9300,70,2
2026-01-27,601318,10:58:54,65.9200,57,2
2026-01-27,601318,10:58:57,65.9200,270,2
2026-01-27,601318,10:59:00,65.9200,109,1
2026-01-27,601318,10:59:03,65.9300,29,1
2026-01-27,601318,10:59:06,65.9200,86,4
2026-01-27,601318,10:59:09,65.9300,499,1
2026-01-27,601318,10:59:12,65.9100,299,2
2026-01-27,601318,10:59:15,65.9100,51,1
2026-01-27,601318,10:59:18,65.8800,274,2
2026-01-27,601318,10:59:21,65.8800,43,4
2026-01-27,601318,10:59:24,65.8900,134,1
2026-01-27,601318,10:59:27,65.8200,110,2
2026-01-27,601318,10:59:30,65.8200,59,1
2026-01-27,601318,10:59:33,65.8000,113,2
2026-01-27,601318,10:59:36,65.8000,63,2
2026-01-27,601318,10:59:39,65.8000,23,1
2026-01-27,601318,10:59:42,65.8000,48,1
2026-01-27,601318,10:59:45,65.8000,39,1
2026-01-27,601318,10:59:48,65.7900,38,2
2026-01-27,601318,10:59:51,65.7900,38,2
2026-01-27,601318,10:59:54,65.7800,51,2
2026-01-27,601318,10:59:57,65.7900,72,1
2026-01-27,601318,11:00:00,65.7800,64,2
2026-01-27,601318,11:00:03,65.7800,49,2
2026-01-27,601318,11:00:06,65.7900,295,1
2026-01-27,601318,11:00:09,65.8000,103,1
2026-01-27,601318,11:00:12,65.8000,24,1
2026-01-27,601318,11:00:15,65.8000,95,1
2026-01-27,601318,11:00:18,65.8100,179,1
2026-01-27,601318,11:00:21,65.8200,268,2
2026-01-27,601318,11:00:24,65.8200,68,2
2026-01-27,601318,11:00:27,65.8200,100,2
2026-01-27,601318,11:00:30,65.8200,82,2
2026-01-27,601318,11:00:33,65.7800,350,2
2026-01-27,601318,11:00:36,65.7900,90,4
2026-01-27,601318,11:00:39,65.8000,64,1
2026-01-27,601318,11:00:42,65.7700,115,2
2026-01-27,601318,11:00:45,65.8000,91,2
2026-01-27,601318,11:00:48,65.8000,101,2
2026-01-27,601318,11:00:51,65.8000,64,1
2026-01-27,601318,11:00:54,65.8500,193,1
2026-01-27,601318,11:00:57,65.8000,133,1
2026-01-27,601318,11:01:00,65.8400,52,1
2026-01-27,601318,11:01:03,65.8600,82,1
2026-01-27,601318,11:01:06,65.8700,76,1
2026-01-27,601318,11:01:09,65.8800,19,1
2026-01-27,601318,11:01:12,65.8800,57,1
2026-01-27,601318,11:01:15,65.8900,278,1
2026-01-27,601318,11:01:18,65.8900,97,2
2026-01-27,601318,11:01:21,65.9200,257,1
2026-01-27,601318,11:01:24,65.8700,157,2
2026-01-27,601318,11:01:27,65.8600,293,2
2026-01-27,601318,11:01:30,65.8500,298,2
2026-01-27,601318,11:01:33,65.8600,71,4
2026-01-27,601318,11:01:36,65.8600,97,2
2026-01-27,601318,11:01:39,65.8500,40,2
2026-01-27,601318,11:01:42,65.8500,61,2
2026-01-27,601318,11:01:45,65.8500,25,1
2026-01-27,601318,11:01:48,65.8500,27,1
2026-01-27,601318,11:01:51,65.8400,27,1
2026-01-27,601318,11:01:54,65.8400,70,4
2026-01-27,601318,11:01:57,65.8500,71,1
2026-01-27,601318,11:02:00,65.8500,507,1
2026-01-27,601318,11:02:03,65.8700,76,1
2026-01-27,601318,11:02:06,65.8800,145,1
2026-01-27,601318,11:02:09,65.8700,34,1
2026-01-27,601318,11:02:12,65.8600,255,2
2026-01-27,601318,11:02:15,65.8700,118,2
2026-01-27,601318,11:02:18,65.8800,21,4
2026-01-27,601318,11:02:21,65.9000,40,1
2026-01-27,601318,11:02:24,65.9100,81,1
2026-01-27,601318,11:02:27,65.9000,14,1
2026-01-27,601318,11:02:30,65.9200,42,1
2026-01-27,601318,11:02:33,65.9100,126,2
2026-01-27,601318,11:02:36,65.9000,32,2
2026-01-27,601318,11:02:39,65.9200,178,1
2026-01-27,601318,11:02:42,65.9100,132,2
2026-01-27,601318,11:02:45,65.9000,307,2
2026-01-27,601318,11:02:48,65.9000,55,2
2026-01-27,601318,11:02:51,65.9000,140,2
2026-01-27,601318,11:02:54,65.8900,210,2
2026-01-27,601318,11:02:57,65.9000,52,1
2026-01-27,601318,11:03:00,65.9000,37,1
2026-01-27,601318,11:03:03,65.9000,105,1
2026-01-27,601318,11:03:06,65.8900,41,4
2026-01-27,601318,11:03:09,65.9000,324,1
2026-01-27,601318,11:03:12,65.9100,452,1
2026-01-27,601318,11:03:15,65.9000,178,2
2026-01-27,601318,11:03:18,65.9100,107,1
2026-01-27,601318,11:03:21,65.8900,256,2
2026-01-27,601318,11:03:24,65.9200,180,1
2026-01-27,601318,11:03:27,65.9300,47,1
2026-01-27,601318,11:03:30,65.9300,78,1
2026-01-27,601318,11:03:33,65.9200,12,1
2026-01-27,601318,11:03:36,65.9300,29,1
2026-01-27,601318,11:03:39,65.9500,1643,1
2026-01-27,601318,11:03:42,66.0000,4242,1
2026-01-27,601318,11:03:45,66.0500,2094,1
2026-01-27,601318,11:03:48,66.0800,415,1
2026-01-27,601318,11:03:51,66.0600,805,2
2026-01-27,601318,11:03:54,66.0400,592,2
2026-01-27,601318,11:03:57,66.0400,155,2
2026-01-27,601318,11:04:00,66.0500,61,1
2026-01-27,601318,11:04:03,66.0500,202,1
2026-01-27,601318,11:04:06,66.0400,174,2
2026-01-27,601318,11:04:09,66.0400,131,1
2026-01-27,601318,11:04:12,66.0300,153,2
2026-01-27,601318,11:04:15,66.0300,152,2
2026-01-27,601318,11:04:18,66.0100,341,2
2026-01-27,601318,11:04:21,65.9000,3095,2
2026-01-27,601318,11:04:24,65.9400,298,1
2026-01-27,601318,11:04:27,65.9100,416,2
2026-01-27,601318,11:04:30,65.9000,159,2
2026-01-27,601318,11:04:33,65.9000,177,1
2026-01-27,601318,11:04:36,65.9000,114,1
2026-01-27,601318,11:04:39,65.9000,219,2
2026-01-27,601318,11:04:42,65.9100,126,1
2026-01-27,601318,11:04:45,65.9000,71,2
2026-01-27,601318,11:04:48,65.9600,75,1
2026-01-27,601318,11:04:51,65.9600,176,2
2026-01-27,601318,11:04:54,66.0000,60,1
2026-01-27,601318,11:04:57,65.9600,92,2
2026-01-27,601318,11:05:00,66.0000,59,1
2026-01-27,601318,11:05:03,66.0000,72,1
2026-01-27,601318,11:05:06,65.9800,48,4
2026-01-27,601318,11:05:09,65.9600,95,2
2026-01-27,601318,11:05:12,65.9700,156,2
2026-01-27,601318,11:05:15,65.9600,440,2
2026-01-27,601318,11:05:18,65.9700,300,2
2026-01-27,601318,11:05:21,65.9600,117,1
2026-01-27,601318,11:05:24,65.9700,258,1
2026-01-27,601318,11:05:27,65.9500,316,2
2026-01-27,601318,11:05:30,65.9400,257,2
2026-01-27,601318,11:05:33,65.9100,301,2
2026-01-27,601318,11:05:36,65.8900,296,2
2026-01-27,601318,11:05:39,65.9600,554,1
2026-01-27,601318,11:05:42,65.8700,129,2
2026-01-27,601318,11:05:45,65.9000,33,2
2026-01-27,601318,11:05:48,65.9000,87,2
2026-01-27,601318,11:05:51,65.9000,59,1
2026-01-27,601318,11:05:54,65.8800,147,2
2026-01-27,601318,11:05:57,65.8800,85,2
2026-01-27,601318,11:06:00,65.9000,299,1
2026-01-27,601318,11:06:03,65.8900,243,2
2026-01-27,601318,11:06:06,65.8800,76,2
2026-01-27,601318,11:06:09,65.8900,43,1
2026-01-27,601318,11:06:12,65.8900,12,2
2026-01-27,601318,11:06:15,65.8900,96,2
2026-01-27,601318,11:06:18,65.9000,68,1
2026-01-27,601318,11:06:21,65.9100,44,1
2026-01-27,601318,11:06:24,65.9100,32,1
2026-01-27,601318,11:06:27,65.9100,71,1
2026-01-27,601318,11:06:30,65.9200,96,1
2026-01-27,601318,11:06:33,65.9100,53,2
2026-01-27,601318,11:06:36,65.9200,15,1
2026-01-27,601318,11:06:39,65.9200,31,1
2026-01-27,601318,11:06:42,65.9200,21,2
2026-01-27,601318,11:06:45,65.9400,49,1
2026-01-27,601318,11:06:48,65.9300,65,2
2026-01-27,601318,11:06:51,65.9600,171,1
2026-01-27,601318,11:06:54,65.9500,146,1
2026-01-27,601318,11:06:57,65.9600,205,2
2026-01-27,601318,11:07:00,66.0000,68,1
2026-01-27,601318,11:07:03,65.9500,457,2
2026-01-27,601318,11:07:06,66.0100,209,1
2026-01-27,601318,11:07:09,66.0000,242,2
2026-01-27,601318,11:07:12,66.0100,284,4
2026-01-27,601318,11:07:15,66.0000,1131,2
2026-01-27,601318,11:07:18,65.9500,3242,2
2026-01-27,601318,11:07:21,65.9800,1475,2
2026-01-27,601318,11:07:24,66.0100,76,1
2026-01-27,601318,11:07:28,65.9900,31,2
2026-01-27,601318,11:07:30,65.9800,101,2
2026-01-27,601318,11:07:33,66.0200,63,1
2026-01-27,601318,11:07:36,65.9900,90,1
2026-01-27,601318,11:07:39,66.0000,63,1
2026-01-27,601318,11:07:42,66.0000,71,1
2026-01-27,601318,11:07:45,66.0000,116,2
2026-01-27,601318,11:07:48,66.0000,73,2
2026-01-27,601318,11:07:51,66.0000,149,1
2026-01-27,601318,11:07:54,65.9800,545,2
2026-01-27,601318,11:07:57,65.9700,268,2
2026-01-27,601318,11:08:00,65.9800,80,4
2026-01-27,601318,11:08:03,66.0000,71,1
2026-01-27,601318,11:08:06,65.9700,119,2
2026-01-27,601318,11:08:09,65.9700,184,2
2026-01-27,601318,11:08:12,65.9800,92,4
2026-01-27,601318,11:08:15,65.9600,259,2
2026-01-27,601318,11:08:18,65.9300,211,2
2026-01-27,601318,11:08:21,65.9900,399,1
2026-01-27,601318,11:08:24,65.9700,17,1
2026-01-27,601318,11:08:27,65.9700,27,1
2026-01-27,601318,11:08:30,65.9800,27,1
2026-01-27,601318,11:08:33,65.9500,173,2
2026-01-27,601318,11:08:36,65.9700,223,4
2026-01-27,601318,11:08:39,65.9800,61,1
2026-01-27,601318,11:08:42,65.9700,20,4
2026-01-27,601318,11:08:45,65.9700,24,4
2026-01-27,601318,11:08:48,65.9800,66,1
2026-01-27,601318,11:08:51,65.9800,38,2
2026-01-27,601318,11:08:54,65.9800,219,2
2026-01-27,601318,11:08:57,65.9800,21,2
2026-01-27,601318,11:09:00,65.9800,42,2
2026-01-27,601318,11:09:03,65.9900,55,1
2026-01-27,601318,11:09:06,65.9700,56,2
2026-01-27,601318,11:09:09,65.9800,123,1
2026-01-27,601318,11:09:12,65.9700,524,2
2026-01-27,601318,11:09:15,65.9500,223,2
2026-01-27,601318,11:09:18,65.9300,205,2
2026-01-27,601318,11:09:21,65.8800,1061,2
2026-01-27,601318,11:09:24,65.9000,117,2
2026-01-27,601318,11:09:27,65.9300,22,1
2026-01-27,601318,11:09:30,65.9500,25,1
2026-01-27,601318,11:09:33,65.9400,53,2
2026-01-27,601318,11:09:36,65.9500,141,1
2026-01-27,601318,11:09:39,65.9700,103,1
2026-01-27,601318,11:09:42,65.9700,103,1
2026-01-27,601318,11:09:45,65.9700,56,2
2026-01-27,601318,11:09:48,65.9800,77,1
2026-01-27,601318,11:09:51,65.9800,88,2
2026-01-27,601318,11:09:54,65.9800,433,2
2026-01-27,601318,11:09:57,65.9900,75,1
2026-01-27,601318,11:10:00,65.9900,170,1
2026-01-27,601318,11:10:03,65.9800,109,2
2026-01-27,601318,11:10:06,66.0000,111,1
2026-01-27,601318,11:10:09,65.9900,139,2
2026-01-27,601318,11:10:12,65.9900,19,2
2026-01-27,601318,11:10:15,65.9900,111,2
2026-01-27,601318,11:10:18,65.9900,136,2
2026-01-27,601318,11:10:21,65.9900,186,2
2026-01-27,601318,11:10:24,65.9800,217,2
2026-01-27,601318,11:10:27,65.9900,487,1
2026-01-27,601318,11:10:30,65.9800,23,2
2026-01-27,601318,11:10:33,65.9800,260,2
2026-01-27,601318,11:10:36,65.9900,97,2
2026-01-27,601318,11:10:39,66.0000,36,1
2026-01-27,601318,11:10:42,65.9900,72,2
2026-01-27,601318,11:10:45,65.9900,156,2
2026-01-27,601318,11:10:48,65.9600,434,2
2026-01-27,601318,11:10:51,65.9500,84,2
2026-01-27,601318,11:10:54,65.9500,49,2
2026-01-27,601318,11:10:57,65.9700,19,1
2026-01-27,601318,11:11:00,65.9500,36,2
2026-01-27,601318,11:11:03,65.9400,33,2
2026-01-27,601318,11:11:06,65.9400,90,2
2026-01-27,601318,11:11:09,65.9300,58,2
2026-01-27,601318,11:11:12,65.8800,92,2
2026-01-27,601318,11:11:15,65.8700,112,2
2026-01-27,601318,11:11:18,65.8800,62,1
2026-01-27,601318,11:11:21,65.8800,64,2
2026-01-27,601318,11:11:24,65.8800,69,1
2026-01-27,601318,11:11:27,65.8600,191,2
2026-01-27,601318,11:11:30,65.8800,36,1
2026-01-27,601318,11:11:33,65.8700,17,4
2026-01-27,601318,11:11:36,65.8800,1,2
2026-01-27,601318,11:11:39,65.8800,67,2
2026-01-27,601318,11:11:42,65.8800,91,1
2026-01-27,601318,11:11:45,65.8800,37,2
2026-01-27,601318,11:11:48,65.8700,1079,2
2026-01-27,601318,11:11:51,65.8800,59,1
2026-01-27,601318,11:11:54,65.8700,34,2
2026-01-27,601318,11:11:57,65.8900,121,1
2026-01-27,601318,11:12:00,65.8700,61,2
2026-01-27,601318,11:12:03,65.8600,28,2
2026-01-27,601318,11:12:06,65.8600,116,2
2026-01-27,601318,11:12:09,65.8600,29,2
2026-01-27,601318,11:12:12,65.8500,194,2
2026-01-27,601318,11:12:15,65.8400,502,2
2026-01-27,601318,11:12:18,65.8400,104,2
2026-01-27,601318,11:12:21,65.8300,332,2
2026-01-27,601318,11:12:24,65.8300,46,2
2026-01-27,601318,11:12:27,65.8200,54,2
2026-01-27,601318,11:12:30,65.8300,808,1
2026-01-27,601318,11:12:33,65.8300,35,2
2026-01-27,601318,11:12:36,65.8200,39,2
2026-01-27,601318,11:12:39,65.8000,410,2
2026-01-27,601318,11:12:42,65.7800,78,2
2026-01-27,601318,11:12:45,65.7600,37,2
2026-01-27,601318,11:12:48,65.7700,77,4
2026-01-27,601318,11:12:51,65.7600,166,2
2026-01-27,601318,11:12:54,65.7700,152,1
2026-01-27,601318,11:12:57,65.7600,17,2
2026-01-27,601318,11:13:00,65.7700,50,1
2026-01-27,601318,11:13:03,65.7700,94,2
2026-01-27,601318,11:13:06,65.7700,15,1
2026-01-27,601318,11:13:09,65.7800,54,1
2026-01-27,601318,11:13:12,65.7900,27,4
2026-01-27,601318,11:13:15,65.8000,45,1
2026-01-27,601318,11:13:18,65.8000,35,1
2026-01-27,601318,11:13:21,65.8000,23,1
2026-01-27,601318,11:13:24,65.8000,43,2
2026-01-27,601318,11:13:27,65.8000,138,2
2026-01-27,601318,11:13:30,65.8100,22,1
2026-01-27,601318,11:13:33,65.8100,7,1
2026-01-27,601318,11:13:36,65.8100,56,1
2026-01-27,601318,11:13:39,65.8000,259,2
2026-01-27,601318,11:13:42,65.8000,43,2
2026-01-27,601318,11:13:45,65.7900,45,2
2026-01-27,601318,11:13:48,65.7900,235,1
2026-01-27,601318,11:13:51,65.7900,174,1
2026-01-27,601318,11:13:54,65.7800,11,2
2026-01-27,601318,11:13:57,65.7700,351,2
2026-01-27,601318,11:14:00,65.7700,43,2
2026-01-27,601318,11:14:03,65.7700,61,2
2026-01-27,601318,11:14:06,65.7700,45,1
2026-01-27,601318,11:14:09,65.7700,7,1
2026-01-27,601318,11:14:12,65.7800,97,1
2026-01-27,601318,11:14:15,65.7700,37,2
2026-01-27,601318,11:14:18,65.7800,18,1
2026-01-27,601318,11:14:21,65.8100,417,1
2026-01-27,601318,11:14:24,65.8000,34,2
2026-01-27,601318,11:14:27,65.8200,31,1
2026-01-27,601318,11:14:30,65.8400,31,1
2026-01-27,601318,11:14:33,65.8500,54,1
2026-01-27,601318,11:14:36,65.8600,14,1
2026-01-27,601318,11:14:39,65.8600,46,1
2026-01-27,601318,11:14:42,65.8700,45,1
2026-01-27,601318,11:14:45,65.8800,23,1
2026-01-27,601318,11:14:48,65.8800,36,1
2026-01-27,601318,11:14:51,65.9000,144,1
2026-01-27,601318,11:14:54,65.8800,11,2
2026-01-27,601318,11:14:57,65.8800,701,2
2026-01-27,601318,11:15:00,65.8900,53,4
2026-01-27,601318,11:15:03,65.8800,78,2
2026-01-27,601318,11:15:06,65.8800,100,2
2026-01-27,601318,11:15:09,65.8900,65,1
2026-01-27,601318,11:15:12,65.8900,9,2
2026-01-27,601318,11:15:15,65.8900,20,2
2026-01-27,601318,11:15:18,65.8900,133,1
2026-01-27,601318,11:15:21,65.8900,66,1
2026-01-27,601318,11:15:24,65.8800,75,2
2026-01-27,601318,11:15:27,65.8400,496,2
2026-01-27,601318,11:15:30,65.8200,79,2
2026-01-27,601318,11:15:33,65.8200,56,2
2026-01-27,601318,11:15:36,65.8200,337,2
2026-01-27,601318,11:15:39,65.8300,63,1
2026-01-27,601318,11:15:42,65.8100,37,2
2026-01-27,601318,11:15:45,65.8200,204,1
2026-01-27,601318,11:15:48,65.8100,1,2
2026-01-27,601318,11:15:51,65.8200,99,1
2026-01-27,601318,11:15:54,65.8200,9,1
2026-01-27,601318,11:15:57,65.8300,22,1
2026-01-27,601318,11:16:00,65.8400,42,1
2026-01-27,601318,11:16:03,65.8300,50,2
2026-01-27,601318,11:16:06,65.8400,26,1
2026-01-27,601318,11:16:09,65.8400,42,1
2026-01-27,601318,11:16:12,65.8200,153,2
2026-01-27,601318,11:16:15,65.8300,199,1
2026-01-27,601318,11:16:18,65.8300,74,1
2026-01-27,601318,11:16:21,65.8300,36,1
2026-01-27,601318,11:16:24,65.8300,24,1
2026-01-27,601318,11:16:27,65.8300,21,1
2026-01-27,601318,11:16:30,65.8300,11,1
2026-01-27,601318,11:16:33,65.8200,66,2
2026-01-27,601318,11:16:36,65.8200,30,2
2026-01-27,601318,11:16:39,65.8200,26,1
2026-01-27,601318,11:16:42,65.8200,20,1
2026-01-27,601318,11:16:45,65.8200,226,1
2026-01-27,601318,11:16:48,65.8100,34,2
2026-01-27,601318,11:16:51,65.8200,35,1
2026-01-27,601318,11:16:54,65.8200,26,2
2026-01-27,601318,11:16:57,65.8100,72,2
2026-01-27,601318,11:17:01,65.8100,69,2
2026-01-27,601318,11:17:03,65.8000,34,2
2026-01-27,601318,11:17:06,65.8000,195,2
2026-01-27,601318,11:17:09,65.7900,250,2
2026-01-27,601318,11:17:12,65.7700,237,2
2026-01-27,601318,11:17:15,65.7700,133,2
2026-01-27,601318,11:17:18,65.7800,35,1
2026-01-27,601318,11:17:21,65.7800,48,2
2026-01-27,601318,11:17:24,65.7800,156,2
2026-01-27,601318,11:17:27,65.7900,61,2
2026-01-27,601318,11:17:30,65.8500,559,1
2026-01-27,601318,11:17:33,65.8600,94,1
2026-01-27,601318,11:17:36,65.8600,103,1
2026-01-27,601318,11:17:39,65.8700,30,1
2026-01-27,601318,11:17:42,65.8700,17,1
2026-01-27,601318,11:17:45,65.8600,68,2
2026-01-27,601318,11:17:48,65.8500,220,2
2026-01-27,601318,11:17:51,65.8800,58,1
2026-01-27,601318,11:17:54,65.8700,13,1
2026-01-27,601318,11:17:57,65.8800,113,1
2026-01-27,601318,11:18:00,65.8900,33,1
2026-01-27,601318,11:18:03,65.8900,42,1
2026-01-27,601318,11:18:06,65.8900,40,2
2026-01-27,601318,11:18:09,65.8900,51,2
2026-01-27,601318,11:18:12,65.8900,324,2
2026-01-27,601318,11:18:15,65.8700,530,2
2026-01-27,601318,11:18:18,65.8700,139,1
2026-01-27,601318,11:18:21,65.8700,106,1
2026-01-27,601318,11:18:24,65.8700,48,2
2026-01-27,601318,11:18:27,65.8800,96,1
2026-01-27,601318,11:18:30,65.8800,53,2
2026-01-27,601318,11:18:33,65.8700,65,2
2026-01-27,601318,11:18:36,65.8700,122,2
2026-01-27,601318,11:18:39,65.8700,243,1
2026-01-27,601318,11:18:42,65.8800,104,1
2026-01-27,601318,11:18:45,65.8800,75,1
2026-01-27,601318,11:18:48,65.8800,95,2
2026-01-27,601318,11:18:51,65.8900,151,1
2026-01-27,601318,11:18:54,65.8800,49,2
2026-01-27,601318,11:18:57,65.9000,378,1
2026-01-27,601318,11:19:00,65.9300,42,1
2026-01-27,601318,11:19:03,65.9400,106,1
2026-01-27,601318,11:19:06,65.9400,106,1
2026-01-27,601318,11:19:09,65.8800,434,2
2026-01-27,601318,11:19:12,65.9000,1145,2
2026-01-27,601318,11:19:15,65.9000,315,1
2026-01-27,601318,11:19:18,65.9200,64,1
2026-01-27,601318,11:19:21,65.9000,89,2
2026-01-27,601318,11:19:24,65.9200,139,1
2026-01-27,601318,11:19:27,65.9300,59,1
2026-01-27,601318,11:19:30,65.9400,71,1
2026-01-27,601318,11:19:33,65.9100,28,2
2026-01-27,601318,11:19:36,65.9200,28,1
2026-01-27,601318,11:19:39,65.9100,10,1
2026-01-27,601318,11:19:42,65.9100,86,2
2026-01-27,601318,11:19:45,65.9100,31,2
2026-01-27,601318,11:19:48,65.9200,51,2
2026-01-27,601318,11:19:51,65.9200,207,1
2026-01-27,601318,11:19:54,65.9200,113,1
2026-01-27,601318,11:19:57,65.9200,63,1
2026-01-27,601318,11:20:00,65.9100,124,2
2026-01-27,601318,11:20:03,65.9200,32,1
2026-01-27,601318,11:20:06,65.8900,309,2
