date,code,time,price,volume,bs
2026-02-25,000001,14:03:09,10.8500,34,2
2026-02-25,000001,14:03:12,10.8600,424,1
2026-02-25,000001,14:03:15,10.8600,16,1
2026-02-25,000001,14:03:18,10.8600,13,1
2026-02-25,000001,14:03:21,10.8500,16,2
2026-02-25,000001,14:03:24,10.8600,10,1
2026-02-25,000001,14:03:30,10.8600,19,1
2026-02-25,000001,14:03:33,10.8600,56,1
2026-02-25,000001,14:03:36,10.8500,69,2
2026-02-25,000001,14:03:42,10.8500,4,2
2026-02-25,000001,14:03:45,10.8600,7,1
2026-02-25,000001,14:03:48,10.8600,147,1
2026-02-25,000001,14:03:51,10.8600,12,1
2026-02-25,000001,14:03:54,10.8600,30,1
2026-02-25,000001,14:04:00,10.8600,148,1
2026-02-25,000001,14:04:03,10.8500,74,2
2026-02-25,000001,14:04:12,10.8600,20,1
2026-02-25,000001,14:04:15,10.8600,20,1
2026-02-25,000001,14:04:18,10.8600,176,1
2026-02-25,000001,14:04:21,10.8500,5,2
2026-02-25,000001,14:04:24,10.8600,5,1
2026-02-25,000001,14:04:30,10.8500,3,2
2026-02-25,000001,14:04:33,10.8500,46,2
2026-02-25,000001,14:04:36,10.8600,10,1
2026-02-25,000001,14:04:39,10.8600,112,1
2026-02-25,000001,14:04:42,10.8500,17,2
2026-02-25,000001,14:04:45,10.8600,14,1
2026-02-25,000001,14:04:48,10.8500,28,2
2026-02-25,000001,14:04:54,10.8500,135,2
2026-02-25,000001,14:04:57,10.8600,31,1
2026-02-25,000001,14:05:00,10.8500,1,2
2026-02-25,000001,14:05:03,10.8600,19,1
2026-02-25,000001,14:05:12,10.8600,239,1
2026-02-25,000001,14:05:15,10.8500,3,2
2026-02-25,000001,14:05:18,10.8500,22,2
2026-02-25,000001,14:05:21,10.8500,4,2
2026-02-25,000001,14:05:24,10.8500,1,2
2026-02-25,000001,14:05:27,10.8600,8,1
2026-02-25,000001,14:05:30,10.8600,201,1
2026-02-25,000001,14:05:33,10.8600,10,1
2026-02-25,000001,14:05:36,10.8600,1,1
2026-02-25,000001,14:05:39,10.8500,1,2
2026-02-25,000001,14:05:42,10.8600,18,1
2026-02-25,000001,14:05:45,10.8600,121,1
2026-02-25,000001,14:05:48,10.8600,18,1
2026-02-25,000001,14:05:51,10.8600,16,1
2026-02-25,000001,14:05:54,10.8500,10321,2
2026-02-25,000001,14:05:57,10.8500,450,1
2026-02-25,000001,14:06:00,10.8500,106,1
2026-02-25,000001,14:06:03,10.8500,16251,1
2026-02-25,000001,14:06:06,10.8500,11,1
2026-02-25,000001,14:06:09,10.8500,37,1
2026-02-25,000001,14:06:12,10.8500,61,1
2026-02-25,000001,14:06:15,10.8400,14,2
2026-02-25,000001,14:06:18,10.8500,67,1
2026-02-25,000001,14:06:21,10.8500,62,1
2026-02-25,000001,14:06:24,10.8500,36,1
2026-02-25,000001,14:06:27,10.8400,28,2
2026-02-25,000001,14:06:30,10.8400,11,2
2026-02-25,000001,14:06:33,10.8500,16,1
2026-02-25,000001,14:06:36,10.8500,12,1
2026-02-25,000001,14:06:39,10.8500,36,1
2026-02-25,000001,14:06:42,10.8400,27,2
2026-02-25,000001,14:06:45,10.8500,17,1
2026-02-25,000001,14:06:48,10.8500,50,1
2026-02-25,000001,14:06:51,10.8400,130,2
2026-02-25,000001,14:06:54,10.8500,57,1
2026-02-25,000001,14:06:57,10.8500,42,1
2026-02-25,000001,14:07:00,10.8400,134,2
2026-02-25,000001,14:07:03,10.8500,133,1
2026-02-25,000001,14:07:06,10.8400,20,2
2026-02-25,000001,14:07:09,10.8500,6,1
2026-02-25,000001,14:07:12,10.8500,22,1
2026-02-25,000001,14:07:15,10.8400,205,2
2026-02-25,000001,14:07:18,10.8500,123,1
2026-02-25,000001,14:07:21,10.8500,135,1
2026-02-25,000001,14:07:24,10.8400,25,2
2026-02-25,000001,14:07:27,10.8500,27,1
2026-02-25,000001,14:07:30,10.8500,13,1
2026-02-25,000001,14:07:33,10.8500,1,1
2026-02-25,000001,14:07:36,10.8500,24,1
2026-02-25,000001,14:07:39,10.8500,298,1
2026-02-25,000001,14:07:42,10.8400,54,2
2026-02-25,000001,14:07:45,10.8400,9,2
2026-02-25,000001,14:07:48,10.8500,13,1
2026-02-25,000001,14:07:51,10.8500,70,1
2026-02-25,000001,14:07:54,10.8500,10,1
2026-02-25,000001,14:07:57,10.8500,26,1
2026-02-25,000001,14:08:00,10.8400,10,2
2026-02-25,000001,14:08:03,10.8400,31,2
2026-02-25,000001,14:08:06,10.8500,9,1
2026-02-25,000001,14:08:12,10.8400,12,2
2026-02-25,000001,14:08:15,10.8400,20,2
2026-02-25,000001,14:08:21,10.8400,10,2
2026-02-25,000001,14:08:27,10.8400,116,2
2026-02-25,000001,14:08:30,10.8500,17,1
2026-02-25,000001,14:08:33,10.8400,32,2
2026-02-25,000001,14:08:36,10.8400,26,2
2026-02-25,000001,14:08:39,10.8400,183,2
2026-02-25,000001,14:08:42,10.8400,39,2
2026-02-25,000001,14:08:45,10.8500,10,1
2026-02-25,000001,14:08:48,10.8400,22,2
2026-02-25,000001,14:08:51,10.8500,66,1
2026-02-25,000001,14:08:54,10.8400,12,2
2026-02-25,000001,14:08:57,10.8500,19,1
2026-02-25,000001,14:09:00,10.8500,66,1
2026-02-25,000001,14:09:03,10.8400,18,2
2026-02-25,000001,14:09:06,10.8500,141,1
2026-02-25,000001,14:09:09,10.8500,43,1
2026-02-25,000001,14:09:12,10.8500,4,1
2026-02-25,000001,14:09:15,10.8400,23,2
2026-02-25,000001,14:09:18,10.8500,30,1
2026-02-25,000001,14:09:24,10.8500,322,1
2026-02-25,000001,14:09:27,10.8500,133,1
2026-02-25,000001,14:09:30,10.8500,1,1
2026-02-25,000001,14:09:33,10.8500,255,1
2026-02-25,000001,14:09:36,10.8500,41,1
2026-02-25,000001,14:09:39,10.8500,115,1
2026-02-25,000001,14:09:42,10.8400,110,2
2026-02-25,000001,14:09:45,10.8400,63,2
2026-02-25,000001,14:09:51,10.8400,8,2
2026-02-25,000001,14:09:54,10.8500,1041,1
2026-02-25,000001,14:09:57,10.8400,368,2
2026-02-25,000001,14:10:00,10.8400,146,2
2026-02-25,000001,14:10:03,10.8400,22,2
2026-02-25,000001,14:10:06,10.8400,67,2
2026-02-25,000001,14:10:09,10.8500,198,1
2026-02-25,000001,14:10:12,10.8500,39,1
2026-02-25,000001,14:10:15,10.8400,52,2
2026-02-25,000001,14:10:24,10.8500,103,1
2026-02-25,000001,14:10:27,10.8500,43,1
2026-02-25,000001,14:10:30,10.8400,160,2
2026-02-25,000001,14:10:33,10.8500,72,1
2026-02-25,000001,14:10:39,10.8500,74,1
2026-02-25,000001,14:10:42,10.8500,76,1
2026-02-25,000001,14:10:45,10.8500,174,1
2026-02-25,000001,14:10:48,10.8400,64,2
2026-02-25,000001,14:10:51,10.8500,33,1
2026-02-25,000001,14:10:54,10.8500,2,1
2026-02-25,000001,14:10:57,10.8400,5,2
2026-02-25,000001,14:11:00,10.8400,43,2
2026-02-25,000001,14:11:03,10.8400,61,2
2026-02-25,000001,14:11:06,10.8500,50,1
2026-02-25,000001,14:11:09,10.8400,298,2
2026-02-25,000001,14:11:12,10.8400,635,2
2026-02-25,000001,14:11:15,10.8500,101,1
2026-02-25,000001,14:11:21,10.8500,13,1
2026-02-25,000001,14:11:24,10.8500,15,1
2026-02-25,000001,14:11:27,10.8500,112,1
2026-02-25,000001,14:11:30,10.8400,4,2
2026-02-25,000001,14:11:33,10.8400,62,2
2026-02-25,000001,14:11:36,10.8500,221,1
2026-02-25,000001,14:11:39,10.8500,9,1
2026-02-25,000001,14:11:42,10.8400,18,2
2026-02-25,000001,14:11:45,10.8500,109,1
2026-02-25,000001,14:11:48,10.8400,136,2
2026-02-25,000001,14:11:51,10.8500,14,1
2026-02-25,000001,14:11:54,10.8500,132,1
2026-02-25,000001,14:11:57,10.8500,158,1
2026-02-25,000001,14:12:00,10.8500,21,1
2026-02-25,000001,14:12:03,10.8500,122,1
2026-02-25,000001,14:12:06,10.8500,126,1
2026-02-25,000001,14:12:09,10.8500,10,1
2026-02-25,000001,14:12:12,10.8500,65,1
2026-02-25,000001,14:12:15,10.8400,109,2
2026-02-25,000001,14:12:21,10.8500,62,1
2026-02-25,000001,14:12:24,10.8500,30,1
2026-02-25,000001,14:12:27,10.8500,3017,1
2026-02-25,000001,14:12:30,10.8400,486,2
2026-02-25,000001,14:12:33,10.8400,91,2
2026-02-25,000001,14:12:36,10.8500,2,1
2026-02-25,000001,14:12:39,10.8400,3,2
2026-02-25,000001,14:12:42,10.8400,34,2
2026-02-25,000001,14:12:45,10.8400,2,2
2026-02-25,000001,14:12:48,10.8500,23,1
2026-02-25,000001,14:12:51,10.8500,183,1
2026-02-25,000001,14:12:54,10.8500,33,1
2026-02-25,000001,14:12:57,10.8400,4264,2
2026-02-25,000001,14:13:00,10.8400,646,1
2026-02-25,000001,14:13:03,10.8400,880,1
2026-02-25,000001,14:13:06,10.8300,443,2
2026-02-25,000001,14:13:09,10.8400,56,1
2026-02-25,000001,14:13:12,10.8200,12638,2
2026-02-25,000001,14:13:15,10.8300,2450,1
2026-02-25,000001,14:13:18,10.8300,107,1
2026-02-25,000001,14:13:21,10.8300,99,1
2026-02-25,000001,14:13:24,10.8200,7850,2
2026-02-25,000001,14:13:27,10.8300,1732,1
2026-02-25,000001,14:13:30,10.8200,27,2
2026-02-25,000001,14:13:33,10.8200,22,2
2026-02-25,000001,14:13:36,10.8200,15,2
2026-02-25,000001,14:13:39,10.8300,50,1
2026-02-25,000001,14:13:42,10.8300,1,1
2026-02-25,000001,14:13:45,10.8300,229,1
2026-02-25,000001,14:13:48,10.8300,224,1
2026-02-25,000001,14:13:51,10.8300,76,1
2026-02-25,000001,14:13:54,10.8300,91,1
2026-02-25,000001,14:13:57,10.8300,31,1
2026-02-25,000001,14:14:00,10.8300,123,1
2026-02-25,000001,14:14:03,10.8300,137,1
2026-02-25,000001,14:14:06,10.8300,150,1
2026-02-25,000001,14:14:09,10.8200,171,2
2026-02-25,000001,14:14:12,10.8300,5,1
2026-02-25,000001,14:14:15,10.8300,21,1
2026-02-25,000001,14:14:18,10.8300,160,1
2026-02-25,000001,14:14:21,10.8200,116,2
2026-02-25,000001,14:14:24,10.8300,92,1
2026-02-25,000001,14:14:27,10.8300,123,1
2026-02-25,000001,14:14:30,10.8300,17,1
2026-02-25,000001,14:14:33,10.8300,8,1
2026-02-25,000001,14:14:36,10.8300,52,1
2026-02-25,000001,14:14:39,10.8300,66,1
2026-02-25,000001,14:14:42,10.8300,46,1
2026-02-25,000001,14:14:45,10.8300,94,1
2026-02-25,000001,14:14:48,10.8300,202,1
2026-02-25,000001,14:14:51,10.8300,39,1
2026-02-25,000001,14:14:54,10.8300,133,1
2026-02-25,000001,14:14:57,10.8300,199,2
2026-02-25,000001,14:15:00,10.8300,6,2
2026-02-25,000001,14:15:03,10.8400,13,1
2026-02-25,000001,14:15:06,10.8400,1,1
2026-02-25,000001,14:15:09,10.8400,77,1
2026-02-25,000001,14:15:15,10.8400,2,1
2026-02-25,000001,14:15:18,10.8300,65,2
2026-02-25,000001,14:15:21,10.8400,10,1
2026-02-25,000001,14:15:24,10.8400,35,1
2026-02-25,000001,14:15:30,10.8400,20,1
2026-02-25,000001,14:15:33,10.8400,113,1
2026-02-25,000001,14:15:36,10.8300,59,2
2026-02-25,000001,14:15:39,10.8300,395,2
2026-02-25,000001,14:15:42,10.8400,46,1
2026-02-25,000001,14:15:45,10.8300,2,2
2026-02-25,000001,14:15:48,10.8400,88,1
2026-02-25,000001,14:15:51,10.8300,126,2
2026-02-25,000001,14:15:54,10.8400,2,1
2026-02-25,000001,14:15:57,10.8400,21,1
2026-02-25,000001,14:16:00,10.8300,63,2
2026-02-25,000001,14:16:03,10.8400,89,1
2026-02-25,000001,14:16:09,10.8400,13,1
2026-02-25,000001,14:16:12,10.8400,812,1
2026-02-25,000001,14:16:15,10.8300,30,2
2026-02-25,000001,14:16:18,10.8300,142,2
2026-02-25,000001,14:16:21,10.8300,24,2
2026-02-25,000001,14:16:24,10.8400,42,1
2026-02-25,000001,14:16:27,10.8400,13,1
2026-02-25,000001,14:16:30,10.8400,34,1
2026-02-25,000001,14:16:33,10.8400,25,1
2026-02-25,000001,14:16:36,10.8400,87,1
2026-02-25,000001,14:16:39,10.8300,155,2
2026-02-25,000001,14:16:42,10.8400,34,1
2026-02-25,000001,14:16:45,10.8400,28,1
2026-02-25,000001,14:16:48,10.8300,75,2
2026-02-25,000001,14:16:51,10.8400,110,1
2026-02-25,000001,14:16:54,10.8300,41,2
2026-02-25,000001,14:16:57,10.8300,11,2
2026-02-25,000001,14:17:00,10.8400,3,1
2026-02-25,000001,14:17:03,10.8400,40,1
2026-02-25,000001,14:17:06,10.8300,45,2
2026-02-25,000001,14:17:09,10.8300,41,2
2026-02-25,000001,14:17:12,10.8400,58,1
2026-02-25,000001,14:17:15,10.8400,5,1
2026-02-25,000001,14:17:18,10.8400,57,1
2026-02-25,000001,14:17:21,10.8400,5,1
2026-02-25,000001,14:17:24,10.8300,71,2
2026-02-25,000001,14:17:27,10.8400,14,1
2026-02-25,000001,14:17:30,10.8300,13,2
2026-02-25,000001,14:17:39,10.8400,14,1
2026-02-25,000001,14:17:42,10.8400,13,1
2026-02-25,000001,14:17:45,10.8400,100,1
2026-02-25,000001,14:17:48,10.8300,5,2
2026-02-25,000001,14:17:51,10.8400,62,1
2026-02-25,000001,14:17:54,10.8300,40,2
2026-02-25,000001,14:17:57,10.8300,576,2
2026-02-25,000001,14:18:03,10.8400,73,1
2026-02-25,000001,14:18:06,10.8400,142,1
2026-02-25,000001,14:18:12,10.8400,521,1
2026-02-25,000001,14:18:15,10.8400,11,1
2026-02-25,000001,14:18:18,10.8300,2,2
2026-02-25,000001,14:18:21,10.8400,23,1
2026-02-25,000001,14:18:24,10.8300,80,2
2026-02-25,000001,14:18:27,10.8400,5,1
2026-02-25,000001,14:18:30,10.8400,10,1
2026-02-25,000001,14:18:33,10.8400,228,1
2026-02-25,000001,14:18:36,10.8400,182,1
2026-02-25,000001,14:18:39,10.8400,443,1
2026-02-25,000001,14:18:42,10.8300,6605,2
2026-02-25,000001,14:18:45,10.8400,183,1
2026-02-25,000001,14:18:48,10.8300,48,2
2026-02-25,000001,14:18:51,10.8400,10,1
2026-02-25,000001,14:18:54,10.8300,152,2
2026-02-25,000001,14:18:57,10.8300,12,2
2026-02-25,000001,14:19:00,10.8200,775,2
2026-02-25,000001,14:19:03,10.8400,24,1
2026-02-25,000001,14:19:09,10.8300,358,2
2026-02-25,000001,14:19:12,10.8300,76,1
2026-02-25,000001,14:19:15,10.8300,799,1
2026-02-25,000001,14:19:18,10.8300,37,1
2026-02-25,000001,14:19:21,10.8300,31,2
2026-02-25,000001,14:19:24,10.8300,22,2
2026-02-25,000001,14:19:27,10.8300,14,2
2026-02-25,000001,14:19:30,10.8400,16,1
2026-02-25,000001,14:19:33,10.8300,7,2
2026-02-25,000001,14:19:39,10.8300,347,2
2026-02-25,000001,14:19:45,10.8400,17,1
2026-02-25,000001,14:19:48,10.8300,282,2
2026-02-25,000001,14:19:51,10.8300,945,2
2026-02-25,000001,14:19:54,10.8400,23,1
2026-02-25,000001,14:19:57,10.8300,80,2
2026-02-25,000001,14:20:03,10.8400,12,1
2026-02-25,000001,14:20:06,10.8300,11,2
2026-02-25,000001,14:20:09,10.8400,8,1
2026-02-25,000001,14:20:12,10.8400,86,1
2026-02-25,000001,14:20:15,10.8300,54,2
2026-02-25,000001,14:20:18,10.8300,131,2
2026-02-25,000001,14:20:21,10.8300,3,2
2026-02-25,000001,14:20:36,10.8400,12,1
2026-02-25,000001,14:20:39,10.8400,27,1
2026-02-25,000001,14:20:42,10.8400,1,1
2026-02-25,000001,14:20:45,10.8300,2,2
2026-02-25,000001,14:20:48,10.8400,121,1
2026-02-25,000001,14:20:51,10.8400,5,1
2026-02-25,000001,14:20:54,10.8400,31,1
2026-02-25,000001,14:20:57,10.8400,1,1
2026-02-25,000001,14:21:00,10.8400,25,1
2026-02-25,000001,14:21:03,10.8400,13,1
2026-02-25,000001,14:21:06,10.8400,26,1
2026-02-25,000001,14:21:12,10.8400,31,1
2026-02-25,000001,14:21:15,10.8400,32,1
2026-02-25,000001,14:21:18,10.8400,38,1
2026-02-25,000001,14:21:21,10.8400,6,1
2026-02-25,000001,14:21:24,10.8300,23,2
2026-02-25,000001,14:21:27,10.8400,2,1
2026-02-25,000001,14:21:30,10.8400,15,1
2026-02-25,000001,14:21:36,10.8400,112,1
2026-02-25,000001,14:21:39,10.8300,61,2
2026-02-25,000001,14:21:42,10.8300,1,2
2026-02-25,000001,14:21:45,10.8400,24,1
2026-02-25,000001,14:21:48,10.8300,127,2
2026-02-25,000001,14:21:54,10.8300,3,2
2026-02-25,000001,14:21:57,10.8300,151,2
2026-02-25,000001,14:22:00,10.8300,100,2
2026-02-25,000001,14:22:03,10.8300,28,2
2026-02-25,000001,14:22:06,10.8400,503,1
2026-02-25,000001,14:22:09,10.8400,248,1
2026-02-25,000001,14:22:12,10.8400,110,1
2026-02-25,000001,14:22:15,10.8400,10,1
2026-02-25,000001,14:22:18,10.8300,8,2
2026-02-25,000001,14:22:24,10.8400,9,1
2026-02-25,000001,14:22:27,10.8400,55,1
2026-02-25,000001,14:22:30,10.8300,138,2
2026-02-25,000001,14:22:33,10.8400,2,1
2026-02-25,000001,14:22:36,10.8400,43,1
2026-02-25,000001,14:22:39,10.8400,67,1
2026-02-25,000001,14:22:42,10.8300,37,2
2026-02-25,000001,14:22:45,10.8300,2,2
2026-02-25,000001,14:22:48,10.8400,2,1
2026-02-25,000001,14:22:51,10.8400,176,1
2026-02-25,000001,14:22:57,10.8400,3,1
2026-02-25,000001,14:23:00,10.8300,16,2
2026-02-25,000001,14:23:03,10.8300,6,2
2026-02-25,000001,14:23:06,10.8400,1,1
2026-02-25,000001,14:23:09,10.8300,76,2
2026-02-25,000001,14:23:12,10.8400,7,1
2026-02-25,000001,14:23:15,10.8400,12,1
2026-02-25,000001,14:23:21,10.8400,56,1
2026-02-25,000001,14:23:30,10.8400,1120,1
2026-02-25,000001,14:23:33,10.8400,171,1
2026-02-25,000001,14:23:36,10.8400,103,1
2026-02-25,000001,14:23:39,10.8400,1,1
2026-02-25,000001,14:23:42,10.8400,10,1
2026-02-25,000001,14:23:45,10.8400,5,1
2026-02-25,000001,14:23:48,10.8400,3,1
2026-02-25,000001,14:23:51,10.8400,2,1
2026-02-25,000001,14:23:54,10.8300,121,2
2026-02-25,000001,14:23:57,10.8400,2,1
2026-02-25,000001,14:24:03,10.8400,222,1
2026-02-25,000001,14:24:06,10.8400,177,1
2026-02-25,000001,14:24:09,10.8300,39,2
2026-02-25,000001,14:24:15,10.8300,3,2
2026-02-25,000001,14:24:21,10.8400,25,1
2026-02-25,000001,14:24:24,10.8400,5,1
2026-02-25,000001,14:24:27,10.8400,39,1
2026-02-25,000001,14:24:30,10.8400,12,1
2026-02-25,000001,14:24:33,10.8400,1,1
2026-02-25,000001,14:24:36,10.8300,130,2
2026-02-25,000001,14:24:39,10.8300,66,2
2026-02-25,000001,14:24:42,10.8400,10,1
2026-02-25,000001,14:24:48,10.8400,3,1
2026-02-25,000001,14:24:54,10.8300,500,2
2026-02-25,000001,14:25:06,10.8400,22,1
2026-02-25,000001,14:25:09,10.8400,29,1
2026-02-25,000001,14:25:12,10.8400,2,1
2026-02-25,000001,14:25:15,10.8400,14,1
2026-02-25,000001,14:25:18,10.8400,62,1
2026-02-25,000001,14:25:21,10.8400,12,1
2026-02-25,000001,14:25:24,10.8300,524,2
2026-02-25,000001,14:25:27,10.8300,36,2
2026-02-25,000001,14:25:30,10.8300,136,2
2026-02-25,000001,14:25:33,10.8400,1,1
2026-02-25,000001,14:25:36,10.8300,2027,2
2026-02-25,000001,14:25:39,10.8400,20,1
2026-02-25,000001,14:25:42,10.8400,211,1
2026-02-25,000001,14:25:45,10.8300,94,2
2026-02-25,000001,14:25:48,10.8400,261,1
2026-02-25,000001,14:25:51,10.8400,39,1
2026-02-25,000001,14:25:54,10.8300,46,2
2026-02-25,000001,14:26:00,10.8400,49,1
2026-02-25,000001,14:26:03,10.8400,11,1
2026-02-25,000001,14:26:06,10.8400,87,1
2026-02-25,000001,14:26:09,10.8300,18,2
2026-02-25,000001,14:26:12,10.8400,5,1
2026-02-25,000001,14:26:15,10.8300,4,2
2026-02-25,000001,14:26:18,10.8400,2,1
2026-02-25,000001,14:26:24,10.8400,54,1
2026-02-25,000001,14:26:27,10.8300,128,2
2026-02-25,000001,14:26:30,10.8300,3,2
2026-02-25,000001,14:26:33,10.8400,47,1
2026-02-25,000001,14:26:36,10.8400,865,1
2026-02-25,000001,14:26:39,10.8300,765,2
2026-02-25,000001,14:26:42,10.8300,23,2
2026-02-25,000001,14:26:45,10.8400,106,1
2026-02-25,000001,14:26:48,10.8400,1,1
2026-02-25,000001,14:26:51,10.8300,153,2
2026-02-25,000001,14:26:54,10.8400,3,1
2026-02-25,000001,14:26:57,10.8400,17,1
2026-02-25,000001,14:27:00,10.8400,29,1
2026-02-25,000001,14:27:03,10.8400,194,1
2026-02-25,000001,14:27:06,10.8400,628,1
2026-02-25,000001,14:27:09,10.8400,36,1
2026-02-25,000001,14:27:12,10.8400,41,1
2026-02-25,000001,14:27:15,10.8400,4,1
2026-02-25,000001,14:27:18,10.8400,40,1
2026-02-25,000001,14:27:21,10.8300,21,2
2026-02-25,000001,14:27:27,10.8400,14,1
2026-02-25,000001,14:27:30,10.8300,20,2
2026-02-25,000001,14:27:33,10.8400,95,1
2026-02-25,000001,14:27:39,10.8300,29,2
2026-02-25,000001,14:27:42,10.8400,109,1
2026-02-25,000001,14:27:45,10.8300,19,2
2026-02-25,000001,14:27:48,10.8400,28,1
2026-02-25,000001,14:27:54,10.8400,106,1
2026-02-25,000001,14:27:57,10.8400,17,1
2026-02-25,000001,14:28:00,10.8300,60,2
2026-02-25,000001,14:28:06,10.8400,68,1
2026-02-25,000001,14:28:09,10.8400,12,1
2026-02-25,000001,14:28:12,10.8400,52,1
2026-02-25,000001,14:28:15,10.8400,47,1
2026-02-25,000001,14:28:18,10.8300,11,2
2026-02-25,000001,14:28:21,10.8400,62,1
2026-02-25,000001,14:28:24,10.8400,110,1
2026-02-25,000001,14:28:27,10.8400,2,1
2026-02-25,000001,14:28:30,10.8400,132,1
2026-02-25,000001,14:28:33,10.8300,7,2
2026-02-25,000001,14:28:36,10.8300,97,2
2026-02-25,000001,14:28:39,10.8300,22,2
2026-02-25,000001,14:28:42,10.8400,59,1
2026-02-25,000001,14:28:45,10.8400,34,1
2026-02-25,000001,14:28:51,10.8400,40,1
2026-02-25,000001,14:28:54,10.8400,2,1
2026-02-25,000001,14:28:57,10.8400,55,1
2026-02-25,000001,14:29:00,10.8400,10,1
2026-02-25,000001,14:29:03,10.8300,164,2
2026-02-25,000001,14:29:06,10.8300,17,2
2026-02-25,000001,14:29:09,10.8300,60,2
2026-02-25,000001,14:29:12,10.8400,42,1
2026-02-25,000001,14:29:15,10.8300,43,2
2026-02-25,000001,14:29:18,10.8400,432,1
2026-02-25,000001,14:29:21,10.8300,42,2
2026-02-25,000001,14:29:24,10.8400,184,1
2026-02-25,000001,14:29:27,10.8300,111,2
2026-02-25,000001,14:29:30,10.8300,24,2
2026-02-25,000001,14:29:33,10.8400,42,1
2026-02-25,000001,14:29:36,10.8300,39,2
2026-02-25,000001,14:29:39,10.8300,55,2
2026-02-25,000001,14:29:42,10.8300,64,2
2026-02-25,000001,14:29:45,10.8300,10,2
2026-02-25,000001,14:29:48,10.8300,1,2
2026-02-25,000001,14:29:51,10.8300,322,2
2026-02-25,000001,14:29:54,10.8300,47,2
2026-02-25,000001,14:29:57,10.8300,10,2
2026-02-25,000001,14:30:03,10.8400,16,1
2026-02-25,000001,14:30:09,10.8300,93,2
2026-02-25,000001,14:30:12,10.8300,123,2
2026-02-25,000001,14:30:15,10.8400,33,1
2026-02-25,000001,14:30:18,10.8400,10,1
2026-02-25,000001,14:30:21,10.8400,39,1
2026-02-25,000001,14:30:24,10.8400,30,1
2026-02-25,000001,14:30:27,10.8400,100,1
2026-02-25,000001,14:30:30,10.8400,13,1
2026-02-25,000001,14:30:33,10.8400,78,1
2026-02-25,000001,14:30:36,10.8400,29,1
2026-02-25,000001,14:30:39,10.8300,56,2
2026-02-25,000001,14:30:42,10.8400,10,1
2026-02-25,000001,14:30:45,10.8300,7,2
2026-02-25,000001,14:30:48,10.8400,14,1
2026-02-25,000001,14:30:51,10.8300,3015,2
2026-02-25,000001,14:30:54,10.8400,25,1
2026-02-25,000001,14:30:57,10.8300,30,2
2026-02-25,000001,14:31:03,10.8300,9,2
2026-02-25,000001,14:31:06,10.8300,100,2
2026-02-25,000001,14:31:09,10.8400,44,1
2026-02-25,000001,14:31:12,10.8400,13,1
2026-02-25,000001,14:31:15,10.8300,4,2
2026-02-25,000001,14:31:18,10.8400,1,1
2026-02-25,000001,14:31:21,10.8400,44,1
2026-02-25,000001,14:31:24,10.8400,1131,1
2026-02-25,000001,14:31:27,10.8400,32,1
2026-02-25,000001,14:31:30,10.8400,44,1
2026-02-25,000001,14:31:33,10.8300,6,2
2026-02-25,000001,14:31:36,10.8400,9,1
2026-02-25,000001,14:31:39,10.8300,8,2
2026-02-25,000001,14:31:42,10.8400,50,1
2026-02-25,000001,14:31:45,10.8400,113,1
2026-02-25,000001,14:31:48,10.8400,1,1
2026-02-25,000001,14:31:51,10.8300,301,2
2026-02-25,000001,14:31:54,10.8400,16,1
2026-02-25,000001,14:31:57,10.8300,140,2
2026-02-25,000001,14:32:00,10.8300,100,2
2026-02-25,000001,14:32:03,10.8400,27,1
2026-02-25,000001,14:32:06,10.8400,29,1
2026-02-25,000001,14:32:09,10.8400,46,1
2026-02-25,000001,14:32:12,10.8400,46,1
2026-02-25,000001,14:32:15,10.8400,72,1
2026-02-25,000001,14:32:18,10.8400,13,1
2026-02-25,000001,14:32:21,10.8300,1,2
2026-02-25,000001,14:32:24,10.8400,24,1
2026-02-25,000001,14:32:27,10.8400,6,1
2026-02-25,000001,14:32:33,10.8400,5,1
2026-02-25,000001,14:32:36,10.8400,131,1
2026-02-25,000001,14:32:42,10.8400,87,1
2026-02-25,000001,14:32:45,10.8400,330,1
2026-02-25,000001,14:32:48,10.8400,56,1
2026-02-25,000001,14:32:51,10.8400,21,1
2026-02-25,000001,14:32:54,10.8400,60,1
2026-02-25,000001,14:32:57,10.8400,2,1
2026-02-25,000001,14:33:00,10.8400,19,1
2026-02-25,000001,14:33:03,10.8400,76,1
2026-02-25,000001,14:33:06,10.8300,515,2
2026-02-25,000001,14:33:09,10.8300,139,2
2026-02-25,000001,14:33:12,10.8300,169,2
2026-02-25,000001,14:33:15,10.8300,35,2
2026-02-25,000001,14:33:18,10.8300,22,2
2026-02-25,000001,14:33:21,10.8300,11,2
2026-02-25,000001,14:33:24,10.8400,65,1
2026-02-25,000001,14:33:27,10.8400,19,1
2026-02-25,000001,14:33:33,10.8300,21,2
2026-02-25,000001,14:33:36,10.8300,47,2
2026-02-25,000001,14:33:39,10.8300,15,2
2026-02-25,000001,14:33:42,10.8300,36,2
2026-02-25,000001,14:33:45,10.8300,852,2
2026-02-25,000001,14:33:48,10.8400,213,1
2026-02-25,000001,14:33:51,10.8400,12,1
2026-02-25,000001,14:33:54,10.8400,7,1
2026-02-25,000001,14:33:57,10.8400,2,1
2026-02-25,000001,14:34:00,10.8400,13,1
2026-02-25,000001,14:34:03,10.8400,69,1
2026-02-25,000001,14:34:06,10.8300,5,2
2026-02-25,000001,14:34:09,10.8400,267,1
2026-02-25,000001,14:34:12,10.8400,15,1
2026-02-25,000001,14:34:15,10.8300,535,2
2026-02-25,000001,14:34:18,10.8300,270,2
2026-02-25,000001,14:34:21,10.8400,54,1
2026-02-25,000001,14:34:24,10.8400,17,1
2026-02-25,000001,14:34:27,10.8400,302,1
2026-02-25,000001,14:34:30,10.8400,146,1
2026-02-25,000001,14:34:33,10.8400,115,1
2026-02-25,000001,14:34:36,10.8400,60,1
2026-02-25,000001,14:34:39,10.8400,79,1
2026-02-25,000001,14:34:42,10.8400,686,1
2026-02-25,000001,14:34:45,10.8400,335,1
2026-02-25,000001,14:34:48,10.8400,122,1
2026-02-25,000001,14:34:51,10.8400,91,1
2026-02-25,000001,14:34:54,10.8400,137,1
2026-02-25,000001,14:34:57,10.8400,75,1
2026-02-25,000001,14:35:00,10.8400,267,1
2026-02-25,000001,14:35:03,10.8400,99,2
2026-02-25,000001,14:35:06,10.8400,299,2
2026-02-25,000001,14:35:09,10.8400,273,2
2026-02-25,000001,14:35:12,10.8400,195,2
2026-02-25,000001,14:35:15,10.8400,169,2
2026-02-25,000001,14:35:18,10.8500,144,1
2026-02-25,000001,14:35:21,10.8500,60,1
2026-02-25,000001,14:35:24,10.8500,29,1
2026-02-25,000001,14:35:27,10.8400,61,2
2026-02-25,000001,14:35:30,10.8500,49,1
2026-02-25,000001,14:35:33,10.8400,37,2
2026-02-25,000001,14:35:36,10.8400,115,2
2026-02-25,000001,14:35:39,10.8500,34,1
2026-02-25,000001,14:35:42,10.8500,26,1
2026-02-25,000001,14:35:45,10.8400,27,2
2026-02-25,000001,14:35:48,10.8500,219,1
2026-02-25,000001,14:35:51,10.8400,174,2
2026-02-25,000001,14:35:54,10.8500,59,1
2026-02-25,000001,14:35:57,10.8500,29,1
2026-02-25,000001,14:36:00,10.8500,7,1
2026-02-25,000001,14:36:03,10.8500,200,1
2026-02-25,000001,14:36:06,10.8500,90,1
2026-02-25,000001,14:36:09,10.8400,62,2
2026-02-25,000001,14:36:12,10.8500,19,1
2026-02-25,000001,14:36:15,10.8400,10,2
2026-02-25,000001,14:36:18,10.8500,26,1
2026-02-25,000001,14:36:21,10.8500,20,1
2026-02-25,000001,14:36:24,10.8400,81,2
2026-02-25,000001,14:36:27,10.8500,44,1
2026-02-25,000001,14:36:30,10.8500,15,1
2026-02-25,000001,14:36:33,10.8500,21,1
2026-02-25,000001,14:36:36,10.8500,55,1
2026-02-25,000001,14:36:39,10.8500,55,1
2026-02-25,000001,14:36:42,10.8500,60,1
2026-02-25,000001,14:36:45,10.8400,64,2
2026-02-25,000001,14:36:48,10.8500,29,1
2026-02-25,000001,14:36:54,10.8500,12,1
2026-02-25,000001,14:36:57,10.8500,141,1
2026-02-25,000001,14:37:00,10.8500,48,1
2026-02-25,000001,14:37:03,10.8500,289,1
2026-02-25,000001,14:37:06,10.8500,94,1
2026-02-25,000001,14:37:09,10.8500,117,1
2026-02-25,000001,14:37:12,10.8500,55,1
2026-02-25,000001,14:37:15,10.8500,844,1
2026-02-25,000001,14:37:18,10.8500,276,1
2026-02-25,000001,14:37:21,10.8500,130,1
2026-02-25,000001,14:37:24,10.8400,130,2
2026-02-25,000001,14:37:27,10.8500,41,1
2026-02-25,000001,14:37:30,10.8400,46,2
2026-02-25,000001,14:37:33,10.8500,62,1
2026-02-25,000001,14:37:36,10.8400,60,2
2026-02-25,000001,14:37:39,10.8500,35,1
2026-02-25,000001,14:37:42,10.8500,119,1
2026-02-25,000001,14:37:45,10.8500,123,1
2026-02-25,000001,14:37:48,10.8500,406,1
2026-02-25,000001,14:37:51,10.8500,147,1
2026-02-25,000001,14:37:54,10.8500,91,1
2026-02-25,000001,14:37:57,10.8500,78,1
2026-02-25,000001,14:38:00,10.8500,61,1
2026-02-25,000001,14:38:03,10.8500,37,1
2026-02-25,000001,14:38:06,10.8500,16,1
2026-02-25,000001,14:38:09,10.8500,18,1
2026-02-25,000001,14:38:12,10.8500,11,1
2026-02-25,000001,14:38:15,10.8400,19,2
2026-02-25,000001,14:38:18,10.8500,15,1
2026-02-25,000001,14:38:21,10.8500,29,1
2026-02-25,000001,14:38:24,10.8500,73,1
2026-02-25,000001,14:38:27,10.8500,32,1
2026-02-25,000001,14:38:30,10.8500,39,1
2026-02-25,000001,14:38:33,10.8500,70,1
2026-02-25,000001,14:38:36,10.8500,43,1
2026-02-25,000001,14:38:39,10.8500,27,1
2026-02-25,000001,14:38:42,10.8500,9,1
2026-02-25,000001,14:38:45,10.8400,3,2
2026-02-25,000001,14:38:48,10.8500,73,1
2026-02-25,000001,14:38:51,10.8400,375,2
2026-02-25,000001,14:38:54,10.8500,141,1
2026-02-25,000001,14:38:57,10.8500,120,1
2026-02-25,000001,14:39:00,10.8400,112,2
2026-02-25,000001,14:39:03,10.8500,107,1
2026-02-25,000001,14:39:06,10.8500,883,1
2026-02-25,000001,14:39:09,10.8400,473,2
2026-02-25,000001,14:39:12,10.8500,548,1
2026-02-25,000001,14:39:15,10.8500,134,1
2026-02-25,000001,14:39:18,10.8400,392,2
2026-02-25,000001,14:39:21,10.8500,49,1
2026-02-25,000001,14:39:24,10.8500,13,1
2026-02-25,000001,14:39:27,10.8500,51,1
2026-02-25,000001,14:39:30,10.8500,3,1
2026-02-25,000001,14:39:33,10.8500,56,1
2026-02-25,000001,14:39:36,10.8500,96,1
2026-02-25,000001,14:39:39,10.8500,13,1
2026-02-25,000001,14:39:42,10.8500,10,1
2026-02-25,000001,14:39:45,10.8400,13,2
2026-02-25,000001,14:39:48,10.8500,25,1
2026-02-25,000001,14:39:51,10.8500,10,1
2026-02-25,000001,14:39:54,10.8500,21,1
2026-02-25,000001,14:39:57,10.8500,1,1
2026-02-25,000001,14:40:00,10.8500,22,1
2026-02-25,000001,14:40:03,10.8500,6,1
2026-02-25,000001,14:40:06,10.8500,52,1
2026-02-25,000001,14:40:09,10.8400,24,2
2026-02-25,000001,14:40:12,10.8400,42,2
2026-02-25,000001,14:40:15,10.8400,24,2
2026-02-25,000001,14:40:18,10.8500,100,1
2026-02-25,000001,14:40:21,10.8500,127,1
2026-02-25,000001,14:40:24,10.8500,48,1
2026-02-25,000001,14:40:27,10.8500,5,1
2026-02-25,000001,14:40:30,10.8400,34,2
2026-02-25,000001,14:40:33,10.8500,63,1
2026-02-25,000001,14:40:36,10.8400,80,2
2026-02-25,000001,14:40:39,10.8500,91,1
2026-02-25,000001,14:40:42,10.8500,36,1
2026-02-25,000001,14:40:45,10.8500,9,1
2026-02-25,000001,14:40:48,10.8500,8,1
2026-02-25,000001,14:40:51,10.8500,11,1
2026-02-25,000001,14:40:54,10.8400,109,2
2026-02-25,000001,14:40:57,10.8500,61,1
2026-02-25,000001,14:41:00,10.8400,99,2
2026-02-25,000001,14:41:03,10.8500,681,1
2026-02-25,000001,14:41:06,10.8500,7,1
2026-02-25,000001,14:41:09,10.8400,85,2
2026-02-25,000001,14:41:12,10.8500,31,1
2026-02-25,000001,14:41:15,10.8400,608,2
2026-02-25,000001,14:41:18,10.8500,326,1
2026-02-25,000001,14:41:21,10.8500,101,1
2026-02-25,000001,14:41:24,10.8500,154,1
2026-02-25,000001,14:41:27,10.8500,13,1
2026-02-25,000001,14:41:30,10.8500,8,1
2026-02-25,000001,14:41:36,10.8500,23,1
2026-02-25,000001,14:41:39,10.8400,43,2
2026-02-25,000001,14:41:42,10.8500,174,1
2026-02-25,000001,14:41:45,10.8500,25,1
2026-02-25,000001,14:41:48,10.8500,145,1
2026-02-25,000001,14:41:51,10.8500,19,1
2026-02-25,000001,14:41:54,10.8500,222,1
2026-02-25,000001,14:41:57,10.8500,34,1
2026-02-25,000001,14:42:00,10.8500,206,1
2026-02-25,000001,14:42:03,10.8500,300,1
2026-02-25,000001,14:42:06,10.8500,440,1
2026-02-25,000001,14:42:09,10.8500,27,1
2026-02-25,000001,14:42:12,10.8500,42,1
2026-02-25,000001,14:42:15,10.8500,41,1
2026-02-25,000001,14:42:18,10.8400,170,2
2026-02-25,000001,14:42:21,10.8500,603,1
2026-02-25,000001,14:42:24,10.8500,31,1
2026-02-25,000001,14:42:27,10.8500,297,1
2026-02-25,000001,14:42:30,10.8500,307,1
2026-02-25,000001,14:42:33,10.8500,347,1
2026-02-25,000001,14:42:36,10.8500,20,1
2026-02-25,000001,14:42:39,10.8500,64,1
2026-02-25,000001,14:42:42,10.8400,8953,2
2026-02-25,000001,14:42:45,10.8400,181,1
2026-02-25,000001,14:42:48,10.8300,241,2
2026-02-25,000001,14:42:51,10.8400,43,1
2026-02-25,000001,14:42:54,10.8400,63,1
2026-02-25,000001,14:42:57,10.8300,13084,2
2026-02-25,000001,14:43:00,10.8400,196,1
2026-02-25,000001,14:43:03,10.8300,756,2
2026-02-25,000001,14:43:06,10.8400,200,1
2026-02-25,000001,14:43:09,10.8300,52,2
2026-02-25,000001,14:43:12,10.8400,365,1
2026-02-25,000001,14:43:15,10.8400,43,1
2026-02-25,000001,14:43:18,10.8400,56,1
2026-02-25,000001,14:43:21,10.8400,30,1
2026-02-25,000001,14:43:24,10.8400,23,1
2026-02-25,000001,14:43:27,10.8300,1248,2
2026-02-25,000001,14:43:30,10.8300,19,2
2026-02-25,000001,14:43:33,10.8400,11,1
2026-02-25,000001,14:43:36,10.8400,66,1
2026-02-25,000001,14:43:39,10.8400,5,1
2026-02-25,000001,14:43:45,10.8300,2,2
2026-02-25,000001,14:43:48,10.8400,5,1
2026-02-25,000001,14:43:51,10.8400,3,1
2026-02-25,000001,14:44:00,10.8400,103,1
2026-02-25,000001,14:44:03,10.8300,135,2
2026-02-25,000001,14:44:06,10.8400,25,1
2026-02-25,000001,14:44:09,10.8300,60,2
2026-02-25,000001,14:44:12,10.8300,93,2
2026-02-25,000001,14:44:15,10.8400,31,1
2026-02-25,000001,14:44:21,10.8400,20,1
2026-02-25,000001,14:44:24,10.8400,419,1
2026-02-25,000001,14:44:27,10.8400,5,1
2026-02-25,000001,14:44:39,10.8400,4,1
2026-02-25,000001,14:44:45,10.8400,123,1
2026-02-25,000001,14:44:48,10.8400,12,1
2026-02-25,000001,14:44:51,10.8400,64,1
2026-02-25,000001,14:44:54,10.8400,70,1
2026-02-25,000001,14:44:57,10.8400,40,1
2026-02-25,000001,14:45:00,10.8400,165,1
2026-02-25,000001,14:45:03,10.8400,198,1
2026-02-25,000001,14:45:06,10.8400,85,1
2026-02-25,000001,14:45:09,10.8400,107,1
2026-02-25,000001,14:45:12,10.8400,199,1
2026-02-25,000001,14:45:15,10.8400,83,1
2026-02-25,000001,14:45:18,10.8400,25,2
2026-02-25,000001,14:45:21,10.8400,86,2
2026-02-25,000001,14:45:24,10.8400,83,2
2026-02-25,000001,14:45:27,10.8400,242,2
2026-02-25,000001,14:45:30,10.8500,89,1
2026-02-25,000001,14:45:33,10.8400,40,2
2026-02-25,000001,14:45:36,10.8400,7,2
2026-02-25,000001,14:45:39,10.8400,4,2
2026-02-25,000001,14:45:45,10.8400,3,2
2026-02-25,000001,14:45:48,10.8500,569,1
2026-02-25,000001,14:45:51,10.8500,1,1
2026-02-25,000001,14:45:54,10.8400,90,2
2026-02-25,000001,14:45:57,10.8500,30,1
2026-02-25,000001,14:46:00,10.8400,1234,2
2026-02-25,000001,14:46:03,10.8400,134,2
2026-02-25,000001,14:46:06,10.8400,15,2
2026-02-25,000001,14:46:09,10.8400,52,2
2026-02-25,000001,14:46:12,10.8400,282,2
2026-02-25,000001,14:46:15,10.8400,38,2
2026-02-25,000001,14:46:18,10.8400,30,2
2026-02-25,000001,14:46:21,10.8500,2,1
2026-02-25,000001,14:46:24,10.8400,336,2
2026-02-25,000001,14:46:27,10.8400,41,1
2026-02-25,000001,14:46:30,10.8400,68,1
2026-02-25,000001,14:46:33,10.8400,130,1
2026-02-25,000001,14:46:36,10.8500,244,1
2026-02-25,000001,14:46:39,10.8400,270,2
2026-02-25,000001,14:46:42,10.8500,25,1
2026-02-25,000001,14:46:45,10.8400,49,2
2026-02-25,000001,14:46:51,10.8400,126,2
2026-02-25,000001,14:46:54,10.8400,143,2
2026-02-25,000001,14:46:57,10.8400,151,2
2026-02-25,000001,14:47:00,10.8400,188,2
2026-02-25,000001,14:47:03,10.8400,162,1
2026-02-25,000001,14:47:06,10.8400,21,1
2026-02-25,000001,14:47:09,10.8300,6413,2
2026-02-25,000001,14:47:12,10.8300,69,2
2026-02-25,000001,14:47:15,10.8300,10,2
2026-02-25,000001,14:47:18,10.8400,49,1
2026-02-25,000001,14:47:21,10.8300,15,2
2026-02-25,000001,14:47:24,10.8400,20,1
2026-02-25,000001,14:47:27,10.8400,110,1
2026-02-25,000001,14:47:30,10.8300,16,2
2026-02-25,000001,14:47:33,10.8400,217,1
2026-02-25,000001,14:47:36,10.8400,102,1
2026-02-25,000001,14:47:39,10.8500,13,1
2026-02-25,000001,14:47:42,10.8400,12,2
2026-02-25,000001,14:47:45,10.8300,172,2
2026-02-25,000001,14:47:48,10.8400,3,2
2026-02-25,000001,14:47:51,10.8400,9,2
2026-02-25,000001,14:47:54,10.8400,256,2
2026-02-25,000001,14:47:57,10.8400,111,1
2026-02-25,000001,14:48:00,10.8400,87,1
2026-02-25,000001,14:48:03,10.8400,34,1
2026-02-25,000001,14:48:06,10.8400,18,1
2026-02-25,000001,14:48:09,10.8400,185,1
2026-02-25,000001,14:48:12,10.8400,2,1
2026-02-25,000001,14:48:15,10.8400,62,1
2026-02-25,000001,14:48:18,10.8300,553,2
2026-02-25,000001,14:48:21,10.8400,8,2
2026-02-25,000001,14:48:24,10.8400,2,2
2026-02-25,000001,14:48:27,10.8400,3,2
2026-02-25,000001,14:48:30,10.8500,72,1
2026-02-25,000001,14:48:33,10.8400,39,2
2026-02-25,000001,14:48:36,10.8500,12,1
2026-02-25,000001,14:48:39,10.8500,32,1
2026-02-25,000001,14:48:42,10.8500,49,1
2026-02-25,000001,14:48:45,10.8500,6,1
2026-02-25,000001,14:48:48,10.8500,30,1
2026-02-25,000001,14:48:51,10.8500,59,1
2026-02-25,000001,14:48:54,10.8500,34,1
2026-02-25,000001,14:48:57,10.8400,36,2
2026-02-25,000001,14:49:00,10.8400,55,2
2026-02-25,000001,14:49:03,10.8500,20,1
2026-02-25,000001,14:49:06,10.8400,18,2
2026-02-25,000001,14:49:09,10.8400,39,2
2026-02-25,000001,14:49:12,10.8400,66,2
2026-02-25,000001,14:49:15,10.8500,27,1
2026-02-25,000001,14:49:18,10.8400,46,2
2026-02-25,000001,14:49:21,10.8400,74,2
2026-02-25,000001,14:49:24,10.8400,12,2
2026-02-25,000001,14:49:27,10.8400,114,2
2026-02-25,000001,14:49:30,10.8400,36,2
2026-02-25,000001,14:49:33,10.8500,33,1
2026-02-25,000001,14:49:36,10.8500,18,1
2026-02-25,000001,14:49:39,10.8500,66,1
2026-02-25,000001,14:49:42,10.8400,12,2
2026-02-25,000001,14:49:45,10.8400,28,2
2026-02-25,000001,14:49:48,10.8500,231,1
2026-02-25,000001,14:49:51,10.8500,139,1
2026-02-25,000001,14:49:54,10.8500,99,1
2026-02-25,000001,14:49:57,10.8400,132,2
2026-02-25,000001,14:50:00,10.8500,10,1
2026-02-25,000001,14:50:03,10.8500,61,1
2026-02-25,000001,14:50:06,10.8500,168,1
2026-02-25,000001,14:50:09,10.8400,125,2
2026-02-25,000001,14:50:12,10.8500,246,1
2026-02-25,000001,14:50:15,10.8400,61,2
2026-02-25,000001,14:50:18,10.8400,45,2
2026-02-25,000001,14:50:21,10.8400,19,2
2026-02-25,000001,14:50:24,10.8500,1145,1
2026-02-25,000001,14:50:27,10.8400,281,2
2026-02-25,000001,14:50:30,10.8500,39,1
2026-02-25,000001,14:50:33,10.8400,135,2
2026-02-25,000001,14:50:36,10.8500,19,1
2026-02-25,000001,14:50:39,10.8400,23,2
2026-02-25,000001,14:50:42,10.8400,13,2
2026-02-25,000001,14:50:45,10.8500,148,1
2026-02-25,000001,14:50:48,10.8400,6,2
2026-02-25,000001,14:50:51,10.8500,36,1
2026-02-25,000001,14:50:57,10.8500,198,1
2026-02-25,000001,14:51:00,10.8400,190,2
2026-02-25,000001,14:51:03,10.8400,743,2
2026-02-25,000001,14:51:06,10.8500,93,1
2026-02-25,000001,14:51:09,10.8500,21,1
2026-02-25,000001,14:51:12,10.8400,83,2
2026-02-25,000001,14:51:15,10.8500,51,1
2026-02-25,000001,14:51:18,10.8400,50,2
2026-02-25,000001,14:51:21,10.8500,56,1
2026-02-25,000001,14:51:24,10.8500,52,1
2026-02-25,000001,14:51:27,10.8400,50,2
2026-02-25,000001,14:51:30,10.8500,25,1
2026-02-25,000001,14:51:33,10.8500,51,1
2026-02-25,000001,14:51:36,10.8400,9,2
2026-02-25,000001,14:51:39,10.8500,116,1
2026-02-25,000001,14:51:42,10.8500,11,1
2026-02-25,000001,14:51:45,10.8500,49,1
2026-02-25,000001,14:51:48,10.8500,3,1
2026-02-25,000001,14:51:54,10.8400,82,2
2026-02-25,000001,14:51:57,10.8500,26,1
2026-02-25,000001,14:52:00,10.8400,10,2
2026-02-25,000001,14:52:03,10.8400,313,2
2026-02-25,000001,14:52:06,10.8500,33,1
2026-02-25,000001,14:52:09,10.8400,250,2
2026-02-25,000001,14:52:12,10.8400,2,2
2026-02-25,000001,14:52:15,10.8400,10,2
2026-02-25,000001,14:52:18,10.8400,108,2
2026-02-25,000001,14:52:21,10.8400,170,2
2026-02-25,000001,14:52:24,10.8400,20,2
2026-02-25,000001,14:52:27,10.8400,40,2
2026-02-25,000001,14:52:30,10.8400,19,2
2026-02-25,000001,14:52:36,10.8400,111,2
2026-02-25,000001,14:52:39,10.8500,76,1
2026-02-25,000001,14:52:42,10.8500,47,1
2026-02-25,000001,14:52:45,10.8500,2,1
2026-02-25,000001,14:52:48,10.8400,11,2
2026-02-25,000001,14:52:51,10.8500,66,1
2026-02-25,000001,14:52:54,10.8400,3,2
2026-02-25,000001,14:52:57,10.8400,149,2
2026-02-25,000001,14:53:00,10.8400,65,2
2026-02-25,000001,14:53:03,10.8500,21,1
2026-02-25,000001,14:53:06,10.8400,8,2
2026-02-25,000001,14:53:09,10.8400,37,2
2026-02-25,000001,14:53:12,10.8400,3705,2
2026-02-25,000001,14:53:15,10.8500,143,1
2026-02-25,000001,14:53:18,10.8400,9,2
2026-02-25,000001,14:53:21,10.8400,15,2
2026-02-25,000001,14:53:24,10.8400,12,2
2026-02-25,000001,14:53:27,10.8500,845,1
2026-02-25,000001,14:53:30,10.8400,21,2
2026-02-25,000001,14:53:33,10.8500,156,1
2026-02-25,000001,14:53:36,10.8500,2,1
2026-02-25,000001,14:53:42,10.8500,957,1
2026-02-25,000001,14:53:45,10.8500,41,1
2026-02-25,000001,14:53:48,10.8500,25,1
2026-02-25,000001,14:53:51,10.8500,14,1
2026-02-25,000001,14:53:54,10.8400,73,2
2026-02-25,000001,14:53:57,10.8500,538,1
2026-02-25,000001,14:54:00,10.8400,42,2
2026-02-25,000001,14:54:03,10.8400,273,2
2026-02-25,000001,14:54:06,10.8500,324,1
2026-02-25,000001,14:54:09,10.8500,48,1
2026-02-25,000001,14:54:12,10.8400,234,2
2026-02-25,000001,14:54:15,10.8400,36,2
2026-02-25,000001,14:54:18,10.8400,59,2
2026-02-25,000001,14:54:21,10.8500,281,1
2026-02-25,000001,14:54:24,10.8400,148,2
2026-02-25,000001,14:54:27,10.8500,34,1
2026-02-25,000001,14:54:30,10.8400,9,2
2026-02-25,000001,14:54:33,10.8400,113,2
2026-02-25,000001,14:54:36,10.8500,5,1
2026-02-25,000001,14:54:39,10.8400,428,2
2026-02-25,000001,14:54:42,10.8500,13,1
2026-02-25,000001,14:54:45,10.8400,115,2
2026-02-25,000001,14:54:48,10.8400,52,2
2026-02-25,000001,14:54:51,10.8500,91,1
2026-02-25,000001,14:54:54,10.8400,811,2
2026-02-25,000001,14:54:57,10.8500,105,1
2026-02-25,000001,14:55:00,10.8400,90,2
2026-02-25,000001,14:55:03,10.8400,127,2
2026-02-25,000001,14:55:06,10.8400,239,2
2026-02-25,000001,14:55:09,10.8400,778,2
2026-02-25,000001,14:55:12,10.8400,411,2
2026-02-25,000001,14:55:15,10.8400,12,2
2026-02-25,000001,14:55:18,10.8400,136,2
2026-02-25,000001,14:55:21,10.8400,40,2
2026-02-25,000001,14:55:24,10.8400,1430,2
2026-02-25,000001,14:55:27,10.8500,1825,1
2026-02-25,000001,14:55:30,10.8400,224,2
2026-02-25,000001,14:55:33,10.8400,138,2
2026-02-25,000001,14:55:36,10.8500,294,1
2026-02-25,000001,14:55:39,10.8300,137,2
2026-02-25,000001,14:55:42,10.8500,47,1
2026-02-25,000001,14:55:45,10.8400,81,2
2026-02-25,000001,14:55:48,10.8400,22,2
2026-02-25,000001,14:55:51,10.8400,97,2
2026-02-25,000001,14:55:54,10.8300,239,2
2026-02-25,000001,14:55:57,10.8400,157,4
2026-02-25,000001,14:56:00,10.8500,161,1
2026-02-25,000001,14:56:03,10.8400,492,2
2026-02-25,000001,14:56:06,10.8400,32,2
2026-02-25,000001,14:56:09,10.8400,231,2
2026-02-25,000001,14:56:12,10.8400,53,2
2026-02-25,000001,14:56:15,10.8500,103,1
2026-02-25,000001,14:56:18,10.8400,53,2
2026-02-25,000001,14:56:21,10.8500,475,1
2026-02-25,000001,14:56:24,10.8500,77,1
2026-02-25,000001,14:56:27,10.8500,1441,1
2026-02-25,000001,14:56:30,10.8500,97,1
2026-02-25,000001,14:56:33,10.8500,10,1
2026-02-25,000001,14:56:36,10.8400,17,2
2026-02-25,000001,14:56:39,10.8400,103,2
2026-02-25,000001,14:56:42,10.8500,2708,1
2026-02-25,000001,14:56:45,10.8500,59,1
2026-02-25,000001,14:56:48,10.8400,2,2
2026-02-25,000001,14:56:51,10.8400,47,2
2026-02-25,000001,14:56:54,10.8400,347,2
2026-02-25,000001,14:56:57,10.8400,61,2
2026-02-25,000001,14:57:00,10.8400,1,2
2026-02-25,000001,15:00:00,10.8600,11392,4
2026-02-25,000001,13:07:06,10.8700,2017,2
2026-02-25,000001,13:07:09,10.8700,407,2
2026-02-25,000001,13:07:12,10.8800,61,1
2026-02-25,000001,13:07:15,10.8700,106,2
2026-02-25,000001,13:07:18,10.8800,208,1
2026-02-25,000001,13:07:21,10.8800,107,1
2026-02-25,000001,13:07:24,10.8800,1,1
2026-02-25,000001,13:07:30,10.8700,26,2
2026-02-25,000001,13:07:33,10.8800,10,1
2026-02-25,000001,13:07:36,10.8800,9,1
2026-02-25,000001,13:07:39,10.8800,14,1
2026-02-25,000001,13:07:42,10.8800,17,1
2026-02-25,000001,13:07:45,10.8800,36,1
2026-02-25,000001,13:07:48,10.8800,8,1
2026-02-25,000001,13:07:51,10.8800,81,1
2026-02-25,000001,13:07:54,10.8800,10,1
2026-02-25,000001,13:07:57,10.8800,27,1
2026-02-25,000001,13:08:00,10.8800,2,1
2026-02-25,000001,13:08:03,10.8800,130,1
2026-02-25,000001,13:08:06,10.8800,460,1
2026-02-25,000001,13:08:09,10.8800,29,1
2026-02-25,000001,13:08:12,10.8800,101,1
2026-02-25,000001,13:08:15,10.8800,232,1
2026-02-25,000001,13:08:18,10.8700,148,2
2026-02-25,000001,13:08:21,10.8700,125,2
2026-02-25,000001,13:08:24,10.8800,111,1
2026-02-25,000001,13:08:27,10.8700,2,2
2026-02-25,000001,13:08:33,10.8800,140,1
2026-02-25,000001,13:08:36,10.8800,87,1
2026-02-25,000001,13:08:39,10.8800,23,1
2026-02-25,000001,13:08:42,10.8800,33,1
2026-02-25,000001,13:08:45,10.8800,28,1
2026-02-25,000001,13:08:48,10.8700,52,2
2026-02-25,000001,13:08:51,10.8800,13,1
2026-02-25,000001,13:08:54,10.8800,266,1
2026-02-25,000001,13:08:57,10.8700,1,2
2026-02-25,000001,13:09:00,10.8700,10,2
2026-02-25,000001,13:09:03,10.8800,10,1
2026-02-25,000001,13:09:06,10.8800,19,1
2026-02-25,000001,13:09:09,10.8800,43,1
2026-02-25,000001,13:09:12,10.8800,167,1
2026-02-25,000001,13:09:15,10.8700,3806,2
2026-02-25,000001,13:09:18,10.8600,1463,2
2026-02-25,000001,13:09:21,10.8600,71,2
2026-02-25,000001,13:09:24,10.8600,76,2
2026-02-25,000001,13:09:27,10.8600,26,2
2026-02-25,000001,13:09:30,10.8600,100,2
2026-02-25,000001,13:09:33,10.8600,4,2
2026-02-25,000001,13:09:36,10.8600,26,2
2026-02-25,000001,13:09:39,10.8700,85,1
2026-02-25,000001,13:09:42,10.8700,139,1
2026-02-25,000001,13:09:45,10.8600,6,2
2026-02-25,000001,13:09:48,10.8600,31,2
2026-02-25,000001,13:09:51,10.8600,2,2
2026-02-25,000001,13:09:54,10.8700,3,1
2026-02-25,000001,13:09:57,10.8600,395,2
2026-02-25,000001,13:10:00,10.8600,548,2
2026-02-25,000001,13:10:03,10.8700,99,1
2026-02-25,000001,13:10:06,10.8600,157,2
2026-02-25,000001,13:10:09,10.8600,5,2
2026-02-25,000001,13:10:12,10.8600,221,2
2026-02-25,000001,13:10:15,10.8600,91,2
2026-02-25,000001,13:10:18,10.8600,67,2
2026-02-25,000001,13:10:21,10.8600,68,2
2026-02-25,000001,13:10:24,10.8600,1396,2
2026-02-25,000001,13:10:27,10.8600,1065,2
2026-02-25,000001,13:10:30,10.8600,319,2
2026-02-25,000001,13:10:33,10.8600,3130,2
2026-02-25,000001,13:10:36,10.8500,11,2
2026-02-25,000001,13:10:39,10.8600,142,1
2026-02-25,000001,13:10:42,10.8600,210,1
2026-02-25,000001,13:10:45,10.8600,175,1
2026-02-25,000001,13:10:48,10.8600,112,1
2026-02-25,000001,13:10:51,10.8500,76,2
2026-02-25,000001,13:10:54,10.8600,39,1
2026-02-25,000001,13:10:57,10.8600,114,1
2026-02-25,000001,13:11:00,10.8600,208,1
2026-02-25,000001,13:11:03,10.8600,178,1
2026-02-25,000001,13:11:06,10.8600,165,1
2026-02-25,000001,13:11:09,10.8500,75,2
2026-02-25,000001,13:11:12,10.8600,5,1
2026-02-25,000001,13:11:15,10.8600,206,1
2026-02-25,000001,13:11:18,10.8600,132,1
2026-02-25,000001,13:11:21,10.8600,133,1
2026-02-25,000001,13:11:24,10.8600,76,1
2026-02-25,000001,13:11:27,10.8500,118,2
2026-02-25,000001,13:11:30,10.8600,279,1
2026-02-25,000001,13:11:33,10.8600,990,1
2026-02-25,000001,13:11:36,10.8600,94,2
2026-02-25,000001,13:11:39,10.8600,220,2
2026-02-25,000001,13:11:42,10.8600,414,2
2026-02-25,000001,13:11:45,10.8700,29,1
2026-02-25,000001,13:11:48,10.8600,3,2
2026-02-25,000001,13:11:51,10.8700,21,1
2026-02-25,000001,13:11:57,10.8700,51,1
2026-02-25,000001,13:12:03,10.8700,109,1
2026-02-25,000001,13:12:06,10.8600,34,2
2026-02-25,000001,13:12:12,10.8700,24,1
2026-02-25,000001,13:12:15,10.8600,42,2
2026-02-25,000001,13:12:21,10.8700,1,1
2026-02-25,000001,13:12:27,10.8600,24,2
2026-02-25,000001,13:12:33,10.8700,69,1
2026-02-25,000001,13:12:36,10.8700,43,1
2026-02-25,000001,13:12:39,10.8600,21,2
2026-02-25,000001,13:12:42,10.8700,3,1
2026-02-25,000001,13:12:45,10.8600,34,2
2026-02-25,000001,13:12:48,10.8700,11,1
2026-02-25,000001,13:12:51,10.8700,27,1
2026-02-25,000001,13:12:54,10.8600,32,2
2026-02-25,000001,13:12:57,10.8600,200,2
2026-02-25,000001,13:13:03,10.8700,34,1
2026-02-25,000001,13:13:06,10.8700,4,1
2026-02-25,000001,13:13:09,10.8700,10,1
2026-02-25,000001,13:13:12,10.8700,140,1
2026-02-25,000001,13:13:15,10.8700,14,1
2026-02-25,000001,13:13:18,10.8700,33,1
2026-02-25,000001,13:13:21,10.8700,90,1
2026-02-25,000001,13:13:24,10.8700,1354,1
2026-02-25,000001,13:13:27,10.8700,24,1
2026-02-25,000001,13:13:30,10.8600,2,2
2026-02-25,000001,13:13:33,10.8700,12,1
2026-02-25,000001,13:13:36,10.8700,210,1
2026-02-25,000001,13:13:39,10.8700,567,1
2026-02-25,000001,13:13:42,10.8700,106,1
2026-02-25,000001,13:13:45,10.8600,65,2
2026-02-25,000001,13:13:48,10.8700,20,1
2026-02-25,000001,13:13:51,10.8600,15,2
2026-02-25,000001,13:13:54,10.8700,207,1
2026-02-25,000001,13:13:57,10.8700,92,1
2026-02-25,000001,13:14:00,10.8700,1023,1
2026-02-25,000001,13:14:03,10.8700,223,1
2026-02-25,000001,13:14:06,10.8700,26,1
2026-02-25,000001,13:14:09,10.8700,35,1
2026-02-25,000001,13:14:12,10.8600,110,2
2026-02-25,000001,13:14:15,10.8700,142,1
2026-02-25,000001,13:14:18,10.8700,212,1
2026-02-25,000001,13:14:21,10.8700,28,1
2026-02-25,000001,13:14:24,10.8700,86,1
2026-02-25,000001,13:14:27,10.8700,59,1
2026-02-25,000001,13:14:30,10.8700,299,1
2026-02-25,000001,13:14:33,10.8700,127,2
2026-02-25,000001,13:14:36,10.8700,173,1
2026-02-25,000001,13:14:39,10.8700,163,1
2026-02-25,000001,13:14:42,10.8600,152,2
2026-02-25,000001,13:14:45,10.8700,11,1
2026-02-25,000001,13:14:48,10.8700,265,1
2026-02-25,000001,13:14:51,10.8700,77,1
2026-02-25,000001,13:14:54,10.8700,87,4
2026-02-25,000001,13:14:57,10.8700,135,1
2026-02-25,000001,13:15:00,10.8700,43,1
2026-02-25,000001,13:15:03,10.8700,90,2
2026-02-25,000001,13:15:06,10.8700,726,1
2026-02-25,000001,13:15:09,10.8700,86,2
2026-02-25,000001,13:15:12,10.8700,172,2
2026-02-25,000001,13:15:15,10.8700,53,2
2026-02-25,000001,13:15:18,10.8700,26,2
2026-02-25,000001,13:15:21,10.8700,81,2
2026-02-25,000001,13:15:24,10.8700,6,2
2026-02-25,000001,13:15:27,10.8700,49,2
2026-02-25,000001,13:15:30,10.8700,10,2
2026-02-25,000001,13:15:33,10.8700,295,2
2026-02-25,000001,13:15:36,10.8800,466,1
2026-02-25,000001,13:15:39,10.8700,21,2
2026-02-25,000001,13:15:42,10.8700,105,2
2026-02-25,000001,13:15:45,10.8700,105,2
2026-02-25,000001,13:15:48,10.8800,38,1
2026-02-25,000001,13:15:57,10.8700,30,2
2026-02-25,000001,13:16:03,10.8700,1,2
2026-02-25,000001,13:16:06,10.8700,44,2
2026-02-25,000001,13:16:09,10.8700,7,2
2026-02-25,000001,13:16:12,10.8800,24,1
2026-02-25,000001,13:16:15,10.8700,476,2
2026-02-25,000001,13:16:18,10.8800,12,1
2026-02-25,000001,13:16:21,10.8800,37,1
2026-02-25,000001,13:16:24,10.8800,2,1
2026-02-25,000001,13:16:27,10.8800,57,1
2026-02-25,000001,13:16:30,10.8700,9,2
2026-02-25,000001,13:16:33,10.8700,150,2
2026-02-25,000001,13:16:36,10.8800,79,1
2026-02-25,000001,13:16:42,10.8800,21,1
2026-02-25,000001,13:16:45,10.8700,5,2
2026-02-25,000001,13:16:51,10.8800,30,1
2026-02-25,000001,13:16:54,10.8800,10,1
2026-02-25,000001,13:17:00,10.8800,240,1
2026-02-25,000001,13:17:03,10.8800,425,1
2026-02-25,000001,13:17:06,10.8800,19,1
2026-02-25,000001,13:17:09,10.8700,3,2
2026-02-25,000001,13:17:12,10.8800,210,1
2026-02-25,000001,13:17:15,10.8800,1849,1
2026-02-25,000001,13:17:18,10.8700,811,2
2026-02-25,000001,13:17:21,10.8700,82,1
2026-02-25,000001,13:17:24,10.8700,215,1
2026-02-25,000001,13:17:27,10.8700,102,1
2026-02-25,000001,13:17:30,10.8700,51,2
2026-02-25,000001,13:17:33,10.8700,32,1
2026-02-25,000001,13:17:36,10.8700,106,1
2026-02-25,000001,13:17:39,10.8700,3,1
2026-02-25,000001,13:17:42,10.8600,852,2
2026-02-25,000001,13:17:45,10.8600,863,2
2026-02-25,000001,13:17:48,10.8700,30,1
2026-02-25,000001,13:17:51,10.8700,500,1
2026-02-25,000001,13:17:54,10.8700,132,1
2026-02-25,000001,13:17:57,10.8700,16,2
2026-02-25,000001,13:18:00,10.8700,21,2
2026-02-25,000001,13:18:03,10.8800,6,1
2026-02-25,000001,13:18:06,10.8700,56,2
2026-02-25,000001,13:18:09,10.8700,10,2
2026-02-25,000001,13:18:12,10.8800,15,1
2026-02-25,000001,13:18:18,10.8800,25,1
2026-02-25,000001,13:18:24,10.8800,1,1
2026-02-25,000001,13:18:33,10.8800,33,1
2026-02-25,000001,13:18:36,10.8700,72,2
2026-02-25,000001,13:18:39,10.8700,1,2
2026-02-25,000001,13:18:42,10.8800,97,1
2026-02-25,000001,13:18:45,10.8700,25,2
2026-02-25,000001,13:18:48,10.8800,23,1
2026-02-25,000001,13:18:51,10.8800,73,1
2026-02-25,000001,13:18:54,10.8800,21,1
2026-02-25,000001,13:18:57,10.8800,572,1
2026-02-25,000001,13:19:00,10.8800,21,1
2026-02-25,000001,13:19:03,10.8700,92,2
2026-02-25,000001,13:19:06,10.8700,67,2
2026-02-25,000001,13:19:09,10.8800,51,1
2026-02-25,000001,13:19:12,10.8700,9,2
2026-02-25,000001,13:19:15,10.8700,62,2
2026-02-25,000001,13:19:21,10.8800,4,1
2026-02-25,000001,13:19:24,10.8700,2,2
2026-02-25,000001,13:19:27,10.8800,56,1
2026-02-25,000001,13:19:30,10.8800,50,1
2026-02-25,000001,13:19:33,10.8800,1,1
2026-02-25,000001,13:19:36,10.8800,6,1
2026-02-25,000001,13:19:39,10.8700,3,2
2026-02-25,000001,13:19:42,10.8800,43,1
2026-02-25,000001,13:19:45,10.8700,41,2
2026-02-25,000001,13:19:48,10.8700,73,2
2026-02-25,000001,13:19:51,10.8800,119,1
2026-02-25,000001,13:19:54,10.8700,33,2
2026-02-25,000001,13:19:57,10.8700,1080,2
2026-02-25,000001,13:20:00,10.8800,26,1
2026-02-25,000001,13:20:03,10.8700,12,2
2026-02-25,000001,13:20:06,10.8700,26,2
2026-02-25,000001,13:20:09,10.8800,30,1
2026-02-25,000001,13:20:12,10.8800,3,1
2026-02-25,000001,13:20:15,10.8700,4,2
2026-02-25,000001,13:20:18,10.8700,37,2
2026-02-25,000001,13:20:21,10.8700,1,2
2026-02-25,000001,13:20:24,10.8700,80,2
2026-02-25,000001,13:20:27,10.8800,100,1
2026-02-25,000001,13:20:30,10.8800,28,1
2026-02-25,000001,13:20:33,10.8800,55,1
2026-02-25,000001,13:20:36,10.8700,465,2
2026-02-25,000001,13:20:42,10.8700,208,2
2026-02-25,000001,13:20:45,10.8700,257,2
2026-02-25,000001,13:20:48,10.8700,47,2
2026-02-25,000001,13:20:51,10.8700,173,2
2026-02-25,000001,13:20:54,10.8800,10,1
2026-02-25,000001,13:20:57,10.8700,226,2
2026-02-25,000001,13:21:00,10.8800,35,1
2026-02-25,000001,13:21:06,10.8700,71,2
2026-02-25,000001,13:21:09,10.8800,5,1
2026-02-25,000001,13:21:15,10.8800,28,1
2026-02-25,000001,13:21:18,10.8700,1045,2
2026-02-25,000001,13:21:21,10.8800,10,1
2026-02-25,000001,13:21:24,10.8800,21,1
2026-02-25,000001,13:21:27,10.8800,39,1
2026-02-25,000001,13:21:30,10.8800,2,1
2026-02-25,000001,13:21:33,10.8800,21,1
2026-02-25,000001,13:21:36,10.8700,4,2
2026-02-25,000001,13:21:39,10.8700,48,2
2026-02-25,000001,13:21:42,10.8700,84,2
2026-02-25,000001,13:21:45,10.8700,107,2
2026-02-25,000001,13:21:48,10.8800,74,1
2026-02-25,000001,13:21:51,10.8700,100,2
2026-02-25,000001,13:21:57,10.8700,160,2
2026-02-25,000001,13:22:00,10.8800,40,1
2026-02-25,000001,13:22:03,10.8700,419,2
2026-02-25,000001,13:22:06,10.8700,3,2
2026-02-25,000001,13:22:09,10.8800,24,1
2026-02-25,000001,13:22:12,10.8800,71,1
2026-02-25,000001,13:22:15,10.8700,19,2
2026-02-25,000001,13:22:18,10.8800,26,1
2026-02-25,000001,13:22:21,10.8800,5,1
2026-02-25,000001,13:22:24,10.8700,42,2
2026-02-25,000001,13:22:27,10.8700,39,2
2026-02-25,000001,13:22:30,10.8800,86,1
2026-02-25,000001,13:22:33,10.8800,19,1
2026-02-25,000001,13:22:36,10.8800,1,1
2026-02-25,000001,13:22:39,10.8800,86,1
2026-02-25,000001,13:22:45,10.8800,39,1
2026-02-25,000001,13:22:48,10.8700,17,2
2026-02-25,000001,13:22:51,10.8800,31,1
2026-02-25,000001,13:22:54,10.8800,6,1
2026-02-25,000001,13:23:00,10.8700,30,2
2026-02-25,000001,13:23:03,10.8700,302,2
2026-02-25,000001,13:23:06,10.8800,247,1
2026-02-25,000001,13:23:09,10.8800,35,1
2026-02-25,000001,13:23:12,10.8800,90,1
2026-02-25,000001,13:23:15,10.8700,4,2
2026-02-25,000001,13:23:18,10.8800,63,1
2026-02-25,000001,13:23:21,10.8800,63,1
2026-02-25,000001,13:23:24,10.8800,1,1
2026-02-25,000001,13:23:27,10.8800,3,1
2026-02-25,000001,13:23:30,10.8800,740,1
2026-02-25,000001,13:23:33,10.8800,5,1
2026-02-25,000001,13:23:36,10.8700,4,2
2026-02-25,000001,13:23:39,10.8700,50,2
2026-02-25,000001,13:23:42,10.8800,87,1
2026-02-25,000001,13:23:45,10.8800,16,1
2026-02-25,000001,13:23:48,10.8800,47,1
2026-02-25,000001,13:23:51,10.8800,2617,1
2026-02-25,000001,13:23:54,10.8800,178,1
2026-02-25,000001,13:23:57,10.8800,64,1
2026-02-25,000001,13:24:00,10.8800,131,1
2026-02-25,000001,13:24:03,10.8800,225,1
2026-02-25,000001,13:24:06,10.8800,296,1
2026-02-25,000001,13:24:09,10.8800,54,1
2026-02-25,000001,13:24:12,10.8800,461,1
2026-02-25,000001,13:24:15,10.8800,43,1
2026-02-25,000001,13:24:18,10.8800,27,1
2026-02-25,000001,13:24:21,10.8800,40,1
2026-02-25,000001,13:24:24,10.8800,74,1
2026-02-25,000001,13:24:27,10.8800,102,1
2026-02-25,000001,13:24:30,10.8800,314,1
2026-02-25,000001,13:24:33,10.8800,67,1
2026-02-25,000001,13:24:36,10.8700,93,2
2026-02-25,000001,13:24:39,10.8800,35,1
2026-02-25,000001,13:24:42,10.8800,77,1
2026-02-25,000001,13:24:45,10.8800,170,1
2026-02-25,000001,13:24:48,10.8800,20,1
2026-02-25,000001,13:24:51,10.8800,1097,1
2026-02-25,000001,13:24:54,10.8800,16,2
2026-02-25,000001,13:24:57,10.8800,87,2
2026-02-25,000001,13:25:00,10.8900,58,1
2026-02-25,000001,13:25:03,10.8900,113,1
2026-02-25,000001,13:25:06,10.8900,20,1
2026-02-25,000001,13:25:09,10.8800,7,2
2026-02-25,000001,13:25:12,10.8800,16,2
2026-02-25,000001,13:25:15,10.8800,39,2
2026-02-25,000001,13:25:27,10.8800,44,2
2026-02-25,000001,13:25:33,10.8800,1,2
2026-02-25,000001,13:25:36,10.8800,148,2
2026-02-25,000001,13:25:39,10.8900,1,1
2026-02-25,000001,13:25:42,10.8800,64,2
2026-02-25,000001,13:25:45,10.8800,46,2
2026-02-25,000001,13:25:51,10.8800,200,2
2026-02-25,000001,13:25:54,10.8800,58,2
2026-02-25,000001,13:26:06,10.8800,7,2
2026-02-25,000001,13:26:09,10.8800,27,2
2026-02-25,000001,13:26:12,10.8900,2,1
2026-02-25,000001,13:26:15,10.8800,48,2
2026-02-25,000001,13:26:18,10.8800,11,2
2026-02-25,000001,13:26:21,10.8800,124,2
2026-02-25,000001,13:26:24,10.8900,107,1
2026-02-25,000001,13:26:33,10.8800,73,2
2026-02-25,000001,13:26:36,10.8800,40,2
2026-02-25,000001,13:26:39,10.8800,13,2
2026-02-25,000001,13:26:42,10.8800,51,2
2026-02-25,000001,13:26:45,10.8800,3,2
2026-02-25,000001,13:26:48,10.8800,2,2
2026-02-25,000001,13:26:51,10.8900,2,1
2026-02-25,000001,13:26:54,10.8800,4,2
2026-02-25,000001,13:26:57,10.8900,587,1
2026-02-25,000001,13:27:00,10.8800,88,2
2026-02-25,000001,13:27:03,10.8800,113,2
2026-02-25,000001,13:27:12,10.8800,12,2
2026-02-25,000001,13:27:15,10.8800,16,2
2026-02-25,000001,13:27:18,10.8900,73,1
2026-02-25,000001,13:27:21,10.8900,46,1
2026-02-25,000001,13:27:24,10.8800,61,2
2026-02-25,000001,13:27:33,10.8800,48,2
2026-02-25,000001,13:27:36,10.8800,1352,2
2026-02-25,000001,13:27:39,10.8800,200,2
2026-02-25,000001,13:27:42,10.8800,42,2
2026-02-25,000001,13:27:45,10.8800,217,2
2026-02-25,000001,13:27:48,10.8800,152,2
2026-02-25,000001,13:27:57,10.8800,831,2
2026-02-25,000001,13:28:00,10.8900,949,1
2026-02-25,000001,13:28:03,10.8800,72,4
2026-02-25,000001,13:28:09,10.8700,4,2
2026-02-25,000001,13:28:12,10.8800,56,1
2026-02-25,000001,13:28:15,10.8800,60,1
2026-02-25,000001,13:28:18,10.8800,17,1
2026-02-25,000001,13:28:21,10.8800,49,1
2026-02-25,000001,13:28:24,10.8800,43,1
2026-02-25,000001,13:28:27,10.8800,21,1
2026-02-25,000001,13:28:30,10.8800,218,1
2026-02-25,000001,13:28:33,10.8800,10,1
2026-02-25,000001,13:28:36,10.8800,21,1
2026-02-25,000001,13:28:39,10.8700,7,2
2026-02-25,000001,13:28:42,10.8800,257,1
2026-02-25,000001,13:28:45,10.8800,66,1
2026-02-25,000001,13:28:48,10.8700,10,2
2026-02-25,000001,13:28:51,10.8800,49,1
2026-02-25,000001,13:28:54,10.8700,40,2
2026-02-25,000001,13:29:00,10.8800,5,1
2026-02-25,000001,13:29:03,10.8800,101,1
2026-02-25,000001,13:29:06,10.8800,3,1
2026-02-25,000001,13:29:15,10.8700,83,2
2026-02-25,000001,13:29:18,10.8800,12,1
2026-02-25,000001,13:29:21,10.8800,3,1
2026-02-25,000001,13:29:24,10.8800,145,1
2026-02-25,000001,13:29:27,10.8800,23,1
2026-02-25,000001,13:29:30,10.8800,27,1
2026-02-25,000001,13:29:33,10.8800,4,1
2026-02-25,000001,13:29:36,10.8800,100,1
2026-02-25,000001,13:29:39,10.8800,20,1
2026-02-25,000001,13:29:42,10.8800,13,1
2026-02-25,000001,13:29:45,10.8800,121,1
2026-02-25,000001,13:29:48,10.8800,14,1
2026-02-25,000001,13:29:51,10.8800,117,1
2026-02-25,000001,13:29:54,10.8800,19,1
2026-02-25,000001,13:29:57,10.8800,5,1
2026-02-25,000001,13:30:00,10.8800,18,1
2026-02-25,000001,13:30:03,10.8700,26,2
2026-02-25,000001,13:30:06,10.8800,7,1
2026-02-25,000001,13:30:09,10.8800,69,1
2026-02-25,000001,13:30:12,10.8800,478,1
2026-02-25,000001,13:30:15,10.8800,39,1
2026-02-25,000001,13:30:18,10.8800,116,1
2026-02-25,000001,13:30:21,10.8800,55,1
2026-02-25,000001,13:30:24,10.8700,1,2
2026-02-25,000001,13:30:27,10.8800,216,1
2026-02-25,000001,13:30:30,10.8800,38,2
2026-02-25,000001,13:30:36,10.8800,41,2
2026-02-25,000001,13:30:39,10.8800,27,2
2026-02-25,000001,13:30:42,10.8900,2,1
2026-02-25,000001,13:30:45,10.8800,70,2
2026-02-25,000001,13:30:48,10.8900,53,1
2026-02-25,000001,13:30:51,10.8800,7,2
2026-02-25,000001,13:30:54,10.8800,8,2
2026-02-25,000001,13:30:57,10.8800,35,2
2026-02-25,000001,13:31:00,10.8900,5,1
2026-02-25,000001,13:31:03,10.8800,31,2
2026-02-25,000001,13:31:06,10.8800,35,2
2026-02-25,000001,13:31:09,10.8800,31,2
2026-02-25,000001,13:31:15,10.8900,12,1
2026-02-25,000001,13:31:18,10.8900,12,1
2026-02-25,000001,13:31:27,10.8800,17,2
2026-02-25,000001,13:31:30,10.8900,1,1
2026-02-25,000001,13:31:33,10.8900,1,1
2026-02-25,000001,13:31:36,10.8900,3,1
2026-02-25,000001,13:31:39,10.8800,6627,2
2026-02-25,000001,13:31:42,10.8800,1467,1
2026-02-25,000001,13:31:45,10.8700,747,2
2026-02-25,000001,13:31:48,10.8800,675,1
2026-02-25,000001,13:31:51,10.8700,6797,2
2026-02-25,000001,13:31:54,10.8600,1753,2
2026-02-25,000001,13:31:57,10.8700,161,1
2026-02-25,000001,13:32:00,10.8600,791,2
2026-02-25,000001,13:32:03,10.8700,126,1
2026-02-25,000001,13:32:06,10.8500,9949,2
2026-02-25,000001,13:32:09,10.8500,3952,2
2026-02-25,000001,13:32:12,10.8600,76,1
2026-02-25,000001,13:32:15,10.8500,150,2
2026-02-25,000001,13:32:18,10.8500,12872,2
2026-02-25,000001,13:32:21,10.8400,1697,2
2026-02-25,000001,13:32:24,10.8500,564,1
2026-02-25,000001,13:32:27,10.8400,131,2
2026-02-25,000001,13:32:30,10.8400,83,2
2026-02-25,000001,13:32:33,10.8400,3233,2
2026-02-25,000001,13:32:36,10.8500,960,1
2026-02-25,000001,13:32:39,10.8400,5,2
2026-02-25,000001,13:32:42,10.8500,30,1
2026-02-25,000001,13:32:45,10.8400,19,2
2026-02-25,000001,13:32:48,10.8400,66,2
2026-02-25,000001,13:32:51,10.8500,99,1
2026-02-25,000001,13:32:57,10.8500,66,1
2026-02-25,000001,13:33:00,10.8500,576,1
2026-02-25,000001,13:33:03,10.8500,1922,1
2026-02-25,000001,13:33:06,10.8500,126,1
2026-02-25,000001,13:33:09,10.8500,101,1
2026-02-25,000001,13:33:12,10.8500,191,1
2026-02-25,000001,13:33:15,10.8500,239,1
2026-02-25,000001,13:33:18,10.8600,107,1
2026-02-25,000001,13:33:24,10.8500,3,2
2026-02-25,000001,13:33:27,10.8600,15,1
2026-02-25,000001,13:33:30,10.8600,33,1
2026-02-25,000001,13:33:33,10.8600,14,1
2026-02-25,000001,13:33:36,10.8600,9,1
2026-02-25,000001,13:33:39,10.8600,4,1
2026-02-25,000001,13:33:42,10.8500,68,2
2026-02-25,000001,13:33:45,10.8600,10,1
2026-02-25,000001,13:33:48,10.8600,22,1
2026-02-25,000001,13:33:51,10.8600,7,1
2026-02-25,000001,13:33:54,10.8600,46,1
2026-02-25,000001,13:33:57,10.8600,1,1
2026-02-25,000001,13:34:00,10.8600,35,1
2026-02-25,000001,13:34:03,10.8500,133,2
2026-02-25,000001,13:34:06,10.8600,8,1
2026-02-25,000001,13:34:09,10.8500,104,2
2026-02-25,000001,13:34:12,10.8600,3,1
2026-02-25,000001,13:34:15,10.8500,2,2
2026-02-25,000001,13:34:18,10.8600,71,1
2026-02-25,000001,13:34:21,10.8500,195,2
2026-02-25,000001,13:34:24,10.8600,162,1
2026-02-25,000001,13:34:27,10.8600,35,1
2026-02-25,000001,13:34:30,10.8600,16,1
2026-02-25,000001,13:34:33,10.8500,11,2
2026-02-25,000001,13:34:36,10.8600,11,1
2026-02-25,000001,13:34:39,10.8600,32,1
2026-02-25,000001,13:34:42,10.8500,30,2
2026-02-25,000001,13:34:45,10.8600,11,1
2026-02-25,000001,13:34:48,10.8500,12,2
2026-02-25,000001,13:34:51,10.8600,4,1
2026-02-25,000001,13:34:54,10.8600,70,1
2026-02-25,000001,13:34:57,10.8600,72,1
2026-02-25,000001,13:35:00,10.8600,114,1
2026-02-25,000001,13:35:03,10.8600,48,1
2026-02-25,000001,13:35:06,10.8600,17,1
2026-02-25,000001,13:35:09,10.8600,11,1
2026-02-25,000001,13:35:12,10.8600,222,1
2026-02-25,000001,13:35:15,10.8600,169,2
2026-02-25,000001,13:35:18,10.8600,26,1
2026-02-25,000001,13:35:21,10.8500,29,2
2026-02-25,000001,13:35:24,10.8600,47,1
2026-02-25,000001,13:35:30,10.8600,20,1
2026-02-25,000001,13:35:33,10.8600,53,1
2026-02-25,000001,13:35:36,10.8600,61,1
2026-02-25,000001,13:35:42,10.8600,354,1
2026-02-25,000001,13:35:45,10.8500,15,2
2026-02-25,000001,13:35:48,10.8600,8,1
2026-02-25,000001,13:35:51,10.8500,61,2
2026-02-25,000001,13:35:54,10.8600,41,1
2026-02-25,000001,13:35:57,10.8600,122,1
2026-02-25,000001,13:36:00,10.8600,6,1
2026-02-25,000001,13:36:03,10.8600,119,1
2026-02-25,000001,13:36:06,10.8600,3,1
2026-02-25,000001,13:36:09,10.8500,31,2
2026-02-25,000001,13:36:12,10.8600,126,1
2026-02-25,000001,13:36:18,10.8600,15,1
2026-02-25,000001,13:36:24,10.8600,35,1
2026-02-25,000001,13:36:30,10.8600,5,1
2026-02-25,000001,13:36:33,10.8600,11,1
2026-02-25,000001,13:36:36,10.8600,17,1
2026-02-25,000001,13:36:39,10.8600,218,1
2026-02-25,000001,13:36:42,10.8600,24,1
2026-02-25,000001,13:36:45,10.8500,105,2
2026-02-25,000001,13:36:48,10.8600,91,1
2026-02-25,000001,13:36:51,10.8600,4,1
2026-02-25,000001,13:36:54,10.8600,48,1
2026-02-25,000001,13:36:57,10.8600,56,1
2026-02-25,000001,13:37:00,10.8600,32,1
2026-02-25,000001,13:37:03,10.8600,26,1
2026-02-25,000001,13:37:06,10.8600,230,1
2026-02-25,000001,13:37:09,10.8600,43,1
2026-02-25,000001,13:37:12,10.8600,1,1
2026-02-25,000001,13:37:15,10.8600,99,1
2026-02-25,000001,13:37:18,10.8600,110,1
2026-02-25,000001,13:37:21,10.8600,22,1
2026-02-25,000001,13:37:27,10.8600,11,2
2026-02-25,000001,13:37:30,10.8600,30,2
2026-02-25,000001,13:37:33,10.8700,1,1
2026-02-25,000001,13:37:36,10.8600,15,2
2026-02-25,000001,13:37:39,10.8700,44,1
2026-02-25,000001,13:37:42,10.8700,21,1
2026-02-25,000001,13:37:45,10.8700,66,1
2026-02-25,000001,13:37:48,10.8700,201,1
2026-02-25,000001,13:37:51,10.8600,60,2
2026-02-25,000001,13:37:54,10.8600,12,2
2026-02-25,000001,13:37:57,10.8700,24,1
2026-02-25,000001,13:38:00,10.8600,24,2
2026-02-25,000001,13:38:03,10.8700,23,1
2026-02-25,000001,13:38:06,10.8700,29,1
2026-02-25,000001,13:38:09,10.8700,56,1
2026-02-25,000001,13:38:12,10.8700,29,1
2026-02-25,000001,13:38:15,10.8600,3,2
2026-02-25,000001,13:38:21,10.8700,97,1
2026-02-25,000001,13:38:24,10.8600,21,2
2026-02-25,000001,13:38:27,10.8700,10,1
2026-02-25,000001,13:38:30,10.8600,2,2
2026-02-25,000001,13:38:33,10.8700,63,1
2026-02-25,000001,13:38:36,10.8700,149,1
2026-02-25,000001,13:38:39,10.8600,4,2
2026-02-25,000001,13:38:42,10.8600,4,2
2026-02-25,000001,13:38:45,10.8700,6,1
2026-02-25,000001,13:38:48,10.8700,7,1
2026-02-25,000001,13:38:51,10.8700,51,1
2026-02-25,000001,13:38:54,10.8600,142,2
2026-02-25,000001,13:38:57,10.8700,43,1
2026-02-25,000001,13:39:00,10.8600,27,2
2026-02-25,000001,13:39:03,10.8700,62,1
2026-02-25,000001,13:39:06,10.8700,6,1
2026-02-25,000001,13:39:09,10.8600,5,2
2026-02-25,000001,13:39:12,10.8700,104,1
2026-02-25,000001,13:39:15,10.8700,106,1
2026-02-25,000001,13:39:18,10.8700,72,1
2026-02-25,000001,13:39:21,10.8700,89,1
2026-02-25,000001,13:39:24,10.8700,25,1
2026-02-25,000001,13:39:27,10.8700,70,1
2026-02-25,000001,13:39:30,10.8700,5,1
2026-02-25,000001,13:39:33,10.8700,89,1
2026-02-25,000001,13:39:36,10.8700,50,1
2026-02-25,000001,13:39:39,10.8700,16,1
2026-02-25,000001,13:39:45,10.8600,13,2
2026-02-25,000001,13:39:48,10.8700,47,1
2026-02-25,000001,13:39:54,10.8700,5,1
2026-02-25,000001,13:39:57,10.8600,11,2
2026-02-25,000001,13:40:00,10.8600,12,2
2026-02-25,000001,13:40:03,10.8700,1,1
2026-02-25,000001,13:40:06,10.8700,17,1
2026-02-25,000001,13:40:09,10.8700,607,1
2026-02-25,000001,13:40:12,10.8700,34,1
2026-02-25,000001,13:40:15,10.8700,51,1
2026-02-25,000001,13:40:21,10.8700,30,1
2026-02-25,000001,13:40:24,10.8700,13,1
2026-02-25,000001,13:40:27,10.8700,15,1
2026-02-25,000001,13:40:30,10.8700,10,1
2026-02-25,000001,13:40:33,10.8700,164,1
2026-02-25,000001,13:40:36,10.8700,2,1
2026-02-25,000001,13:40:39,10.8600,1,2
2026-02-25,000001,13:40:42,10.8700,12,1
2026-02-25,000001,13:40:45,10.8600,51,2
2026-02-25,000001,13:40:57,10.8600,10,2
2026-02-25,000001,13:41:00,10.8600,771,2
2026-02-25,000001,13:41:03,10.8700,10,1
2026-02-25,000001,13:41:06,10.8700,62,1
2026-02-25,000001,13:41:09,10.8700,22,1
2026-02-25,000001,13:41:12,10.8600,3,2
2026-02-25,000001,13:41:15,10.8600,9,2
2026-02-25,000001,13:41:18,10.8700,32,1
2026-02-25,000001,13:41:21,10.8700,15,1
2026-02-25,000001,13:41:24,10.8700,66,1
2026-02-25,000001,13:41:27,10.8600,1,2
2026-02-25,000001,13:41:30,10.8700,9,1
2026-02-25,000001,13:41:33,10.8600,16,2
2026-02-25,000001,13:41:36,10.8700,1,1
2026-02-25,000001,13:41:39,10.8700,100,1
2026-02-25,000001,13:41:42,10.8600,15,2
2026-02-25,000001,13:41:45,10.8600,2,2
2026-02-25,000001,13:41:48,10.8600,119,2
2026-02-25,000001,13:41:51,10.8600,1,2
2026-02-25,000001,13:41:54,10.8700,2,1
2026-02-25,000001,13:41:57,10.8600,15,2
2026-02-25,000001,13:42:00,10.8600,28,2
2026-02-25,000001,13:42:03,10.8700,21,1
2026-02-25,000001,13:42:06,10.8700,6,1
2026-02-25,000001,13:42:09,10.8700,32,1
2026-02-25,000001,13:42:12,10.8700,68,1
2026-02-25,000001,13:42:15,10.8700,28,1
2026-02-25,000001,13:42:18,10.8700,69,1
2026-02-25,000001,13:42:21,10.8700,35,1
2026-02-25,000001,13:42:24,10.8700,60,1
2026-02-25,000001,13:42:27,10.8700,570,1
2026-02-25,000001,13:42:30,10.8700,124,1
2026-02-25,000001,13:42:33,10.8700,21,1
2026-02-25,000001,13:42:36,10.8600,30,2
2026-02-25,000001,13:42:39,10.8800,837,1
2026-02-25,000001,13:42:42,10.8700,8,4
2026-02-25,000001,13:42:45,10.8700,3,2
2026-02-25,000001,13:42:48,10.8700,163,2
2026-02-25,000001,13:42:51,10.8700,6,2
2026-02-25,000001,13:42:54,10.8800,1,1
2026-02-25,000001,13:42:57,10.8700,125,2
2026-02-25,000001,13:43:06,10.8700,64,2
2026-02-25,000001,13:43:09,10.8800,10,1
2026-02-25,000001,13:43:12,10.8800,41,1
2026-02-25,000001,13:43:15,10.8800,23,1
2026-02-25,000001,13:43:18,10.8700,67,2
2026-02-25,000001,13:43:21,10.8700,680,2
2026-02-25,000001,13:43:24,10.8700,172,2
2026-02-25,000001,13:43:27,10.8700,201,2
2026-02-25,000001,13:43:30,10.8600,7,2
2026-02-25,000001,13:43:33,10.8700,17,1
2026-02-25,000001,13:43:36,10.8600,6197,2
2026-02-25,000001,13:43:39,10.8600,71,1
2026-02-25,000001,13:43:42,10.8600,140,1
2026-02-25,000001,13:43:45,10.8600,58,2
2026-02-25,000001,13:43:48,10.8600,50,2
2026-02-25,000001,13:43:51,10.8600,265,2
2026-02-25,000001,13:43:54,10.8600,25,1
2026-02-25,000001,13:43:57,10.8600,383,1
2026-02-25,000001,13:44:00,10.8600,3,1
2026-02-25,000001,13:44:03,10.8600,60,2
2026-02-25,000001,13:44:06,10.8600,53,2
2026-02-25,000001,13:44:09,10.8700,14,1
2026-02-25,000001,13:44:12,10.8700,44,1
2026-02-25,000001,13:44:15,10.8600,230,2
2026-02-25,000001,13:44:18,10.8600,158,2
2026-02-25,000001,13:44:21,10.8600,76,2
2026-02-25,000001,13:44:24,10.8700,9,1
2026-02-25,000001,13:44:30,10.8600,329,2
2026-02-25,000001,13:44:33,10.8600,39,2
2026-02-25,000001,13:44:36,10.8600,1,2
2026-02-25,000001,13:44:42,10.8700,2,1
2026-02-25,000001,13:44:45,10.8600,154,2
2026-02-25,000001,13:44:48,10.8700,4,1
2026-02-25,000001,13:44:54,10.8700,31,1
2026-02-25,000001,13:44:57,10.8600,33,2
2026-02-25,000001,13:45:00,10.8600,150,2
2026-02-25,000001,13:45:03,10.8700,10,1
2026-02-25,000001,13:45:06,10.8600,1,2
2026-02-25,000001,13:45:09,10.8600,77,2
2026-02-25,000001,13:45:12,10.8600,112,2
2026-02-25,000001,13:45:15,10.8600,33,2
2026-02-25,000001,13:45:18,10.8700,12,1
2026-02-25,000001,13:45:21,10.8700,44,1
2026-02-25,000001,13:45:24,10.8700,16,1
2026-02-25,000001,13:45:27,10.8700,7,1
2026-02-25,000001,13:45:33,10.8600,135,2
2026-02-25,000001,13:45:36,10.8700,151,1
2026-02-25,000001,13:45:39,10.8600,26,2
2026-02-25,000001,13:45:42,10.8700,9,1
2026-02-25,000001,13:45:45,10.8600,6,2
2026-02-25,000001,13:45:48,10.8600,134,2
2026-02-25,000001,13:45:54,10.8700,16,1
2026-02-25,000001,13:45:57,10.8600,1200,2
2026-02-25,000001,13:46:00,10.8600,75,2
2026-02-25,000001,13:46:03,10.8600,8,2
2026-02-25,000001,13:46:06,10.8600,3,2
2026-02-25,000001,13:46:09,10.8700,82,1
2026-02-25,000001,13:46:12,10.8600,2,2
2026-02-25,000001,13:46:15,10.8600,20,2
2026-02-25,000001,13:46:18,10.8700,24,1
2026-02-25,000001,13:46:21,10.8600,18,2
2026-02-25,000001,13:46:27,10.8600,1,2
2026-02-25,000001,13:46:30,10.8600,66,2
2026-02-25,000001,13:46:33,10.8600,82,2
2026-02-25,000001,13:46:36,10.8700,66,1
2026-02-25,000001,13:46:39,10.8700,98,1
2026-02-25,000001,13:46:42,10.8700,1,1
2026-02-25,000001,13:46:45,10.8700,51,1
2026-02-25,000001,13:46:48,10.8700,14,1
2026-02-25,000001,13:46:51,10.8700,16,1
2026-02-25,000001,13:46:54,10.8600,7,2
2026-02-25,000001,13:46:57,10.8600,140,2
2026-02-25,000001,13:47:00,10.8600,40,2
2026-02-25,000001,13:47:03,10.8700,2,1
2026-02-25,000001,13:47:06,10.8700,122,1
2026-02-25,000001,13:47:09,10.8600,2,2
2026-02-25,000001,13:47:15,10.8700,647,1
2026-02-25,000001,13:47:18,10.8700,1,1
2026-02-25,000001,13:47:21,10.8700,42,1
2026-02-25,000001,13:47:24,10.8700,28,1
2026-02-25,000001,13:47:27,10.8700,1062,1
2026-02-25,000001,13:47:30,10.8700,30,1
2026-02-25,000001,13:47:33,10.8700,81,1
2026-02-25,000001,13:47:36,10.8700,10,1
2026-02-25,000001,13:47:39,10.8700,138,1
2026-02-25,000001,13:47:42,10.8700,1,1
2026-02-25,000001,13:47:45,10.8600,62,2
2026-02-25,000001,13:47:48,10.8700,13,1
2026-02-25,000001,13:47:51,10.8700,63,1
2026-02-25,000001,13:47:54,10.8700,1,1
2026-02-25,000001,13:47:57,10.8700,83,1
2026-02-25,000001,13:48:00,10.8700,1,1
2026-02-25,000001,13:48:03,10.8700,11,1
2026-02-25,000001,13:48:06,10.8700,1,1
2026-02-25,000001,13:48:12,10.8700,2,1
2026-02-25,000001,13:48:15,10.8700,3,1
2026-02-25,000001,13:48:27,10.8600,28,2
2026-02-25,000001,13:48:30,10.8700,10,1
2026-02-25,000001,13:48:36,10.8700,64,1
2026-02-25,000001,13:48:39,10.8700,20,1
2026-02-25,000001,13:48:42,10.8700,7,1
2026-02-25,000001,13:48:45,10.8700,56,1
2026-02-25,000001,13:48:54,10.8600,1,2
2026-02-25,000001,13:49:00,10.8700,16,1
2026-02-25,000001,13:49:03,10.8700,27,1
2026-02-25,000001,13:49:06,10.8700,5,1
2026-02-25,000001,13:49:09,10.8700,119,1
2026-02-25,000001,13:49:12,10.8700,21,1
2026-02-25,000001,13:49:15,10.8600,8,2
2026-02-25,000001,13:49:24,10.8700,50,1
2026-02-25,000001,13:49:27,10.8700,55,1
2026-02-25,000001,13:49:30,10.8600,38,2
2026-02-25,000001,13:49:33,10.8700,55,1
2026-02-25,000001,13:49:36,10.8700,9,1
2026-02-25,000001,13:49:39,10.8600,53,2
2026-02-25,000001,13:49:42,10.8700,35,1
2026-02-25,000001,13:49:45,10.8600,24,2
2026-02-25,000001,13:49:48,10.8700,2,1
2026-02-25,000001,13:49:51,10.8700,10,1
2026-02-25,000001,13:49:54,10.8600,12,2
2026-02-25,000001,13:49:57,10.8600,17,2
2026-02-25,000001,13:50:00,10.8700,913,1
2026-02-25,000001,13:50:03,10.8700,3,1
2026-02-25,000001,13:50:09,10.8600,144,2
2026-02-25,000001,13:50:12,10.8700,22,1
2026-02-25,000001,13:50:15,10.8600,7,2
2026-02-25,000001,13:50:21,10.8700,1,1
2026-02-25,000001,13:50:24,10.8700,10,1
2026-02-25,000001,13:50:33,10.8700,30,1
2026-02-25,000001,13:50:39,10.8700,2,1
2026-02-25,000001,13:50:42,10.8700,1,1
2026-02-25,000001,13:50:45,10.8700,312,1
2026-02-25,000001,13:50:48,10.8700,288,1
2026-02-25,000001,13:50:51,10.8600,69,2
2026-02-25,000001,13:51:06,10.8700,75,1
2026-02-25,000001,13:51:09,10.8600,173,2
2026-02-25,000001,13:51:12,10.8700,5,1
2026-02-25,000001,13:51:15,10.8600,4158,2
2026-02-25,000001,13:51:18,10.8600,25,1
2026-02-25,000001,13:51:21,10.8600,304,1
2026-02-25,000001,13:51:24,10.8600,109,1
2026-02-25,000001,13:51:27,10.8500,9969,2
2026-02-25,000001,13:51:30,10.8600,568,1
2026-02-25,000001,13:51:33,10.8500,10,2
2026-02-25,000001,13:51:36,10.8500,72,2
2026-02-25,000001,13:51:39,10.8400,219,2
2026-02-25,000001,13:51:42,10.8500,107,2
2026-02-25,000001,13:51:45,10.8500,20,2
2026-02-25,000001,13:51:48,10.8500,160,2
2026-02-25,000001,13:51:51,10.8500,44,2
2026-02-25,000001,13:51:57,10.8600,97,1
2026-02-25,000001,13:52:00,10.8500,29,2
2026-02-25,000001,13:52:03,10.8500,60,2
2026-02-25,000001,13:52:06,10.8500,5,2
2026-02-25,000001,13:52:09,10.8500,89,2
2026-02-25,000001,13:52:12,10.8500,415,2
2026-02-25,000001,13:52:15,10.8500,53,2
2026-02-25,000001,13:52:18,10.8600,3,1
2026-02-25,000001,13:52:21,10.8500,343,2
2026-02-25,000001,13:52:24,10.8600,43,1
2026-02-25,000001,13:52:27,10.8500,280,2
2026-02-25,000001,13:52:30,10.8600,2,1
2026-02-25,000001,13:52:33,10.8600,12,1
2026-02-25,000001,13:52:36,10.8600,71,1
2026-02-25,000001,13:52:39,10.8500,10,2
2026-02-25,000001,13:52:42,10.8500,60,2
2026-02-25,000001,13:52:45,10.8600,13,1
2026-02-25,000001,13:52:48,10.8600,25,1
2026-02-25,000001,13:52:51,10.8600,135,1
2026-02-25,000001,13:52:54,10.8500,61,2
2026-02-25,000001,13:52:57,10.8600,201,1
2026-02-25,000001,13:53:00,10.8600,60,1
2026-02-25,000001,13:53:03,10.8500,20,2
2026-02-25,000001,13:53:09,10.8500,201,2
2026-02-25,000001,13:53:12,10.8600,20,1
2026-02-25,000001,13:53:15,10.8600,198,1
2026-02-25,000001,13:53:18,10.8600,6,1
2026-02-25,000001,13:53:21,10.8500,25,2
2026-02-25,000001,13:53:24,10.8600,109,1
2026-02-25,000001,13:53:27,10.8500,7,2
2026-02-25,000001,13:53:33,10.8600,20,1
2026-02-25,000001,13:53:36,10.8600,50,1
2026-02-25,000001,13:53:39,10.8600,3,1
2026-02-25,000001,13:53:42,10.8600,41,1
2026-02-25,000001,13:53:45,10.8500,8,2
2026-02-25,000001,13:53:48,10.8600,3,1
2026-02-25,000001,13:53:51,10.8600,1,1
2026-02-25,000001,13:53:54,10.8600,1,1
2026-02-25,000001,13:54:00,10.8500,98,2
2026-02-25,000001,13:54:06,10.8500,3,2
2026-02-25,000001,13:54:09,10.8600,5,1
2026-02-25,000001,13:54:12,10.8500,50,2
2026-02-25,000001,13:54:15,10.8500,41,2
2026-02-25,000001,13:54:18,10.8500,38,2
2026-02-25,000001,13:54:21,10.8500,21,2
2026-02-25,000001,13:54:24,10.8600,94,1
2026-02-25,000001,13:54:30,10.8600,141,1
2026-02-25,000001,13:54:33,10.8600,50,1
2026-02-25,000001,13:54:36,10.8600,5,1
2026-02-25,000001,13:54:42,10.8600,78,1
2026-02-25,000001,13:54:45,10.8500,32,2
2026-02-25,000001,13:54:48,10.8600,108,1
2026-02-25,000001,13:54:51,10.8500,126,2
2026-02-25,000001,13:54:54,10.8600,12,1
2026-02-25,000001,13:54:57,10.8500,4,2
2026-02-25,000001,13:55:00,10.8500,73,2
2026-02-25,000001,13:55:03,10.8600,29,1
2026-02-25,000001,13:55:09,10.8500,96,2
2026-02-25,000001,13:55:12,10.8500,145,2
2026-02-25,000001,13:55:15,10.8500,3,2
2026-02-25,000001,13:55:18,10.8500,20,2
2026-02-25,000001,13:55:21,10.8500,5,2
2026-02-25,000001,13:55:24,10.8500,11,2
2026-02-25,000001,13:55:27,10.8600,43,1
2026-02-25,000001,13:55:30,10.8500,67,2
2026-02-25,000001,13:55:33,10.8600,24,1
2026-02-25,000001,13:55:36,10.8600,40,1
2026-02-25,000001,13:55:39,10.8500,18,2
2026-02-25,000001,13:55:42,10.8500,27,2
2026-02-25,000001,13:55:45,10.8600,7,1
2026-02-25,000001,13:55:48,10.8600,95,1
2026-02-25,000001,13:55:51,10.8500,102,2
2026-02-25,000001,13:55:54,10.8600,285,1
2026-02-25,000001,13:55:57,10.8500,207,2
2026-02-25,000001,13:56:00,10.8500,66,2
2026-02-25,000001,13:56:03,10.8500,101,2
2026-02-25,000001,13:56:06,10.8600,26,1
2026-02-25,000001,13:56:09,10.8500,27,2
2026-02-25,000001,13:56:12,10.8600,22,1
2026-02-25,000001,13:56:15,10.8600,43,1
2026-02-25,000001,13:56:27,10.8600,11,1
2026-02-25,000001,13:56:30,10.8500,10,2
2026-02-25,000001,13:56:33,10.8600,5,1
2026-02-25,000001,13:56:39,10.8600,43,1
2026-02-25,000001,13:56:45,10.8500,3,2
2026-02-25,000001,13:56:48,10.8600,2,1
2026-02-25,000001,13:56:51,10.8600,330,1
2026-02-25,000001,13:56:54,10.8600,20,1
2026-02-25,000001,13:56:57,10.8500,6,2
2026-02-25,000001,13:57:03,10.8600,13,1
2026-02-25,000001,13:57:06,10.8600,45,1
2026-02-25,000001,13:57:09,10.8600,135,1
2026-02-25,000001,13:57:12,10.8500,42,2
2026-02-25,000001,13:57:15,10.8500,41,2
2026-02-25,000001,13:57:18,10.8600,24,1
2026-02-25,000001,13:57:21,10.8600,1,1
2026-02-25,000001,13:57:24,10.8500,37,2
2026-02-25,000001,13:57:27,10.8500,14,2
2026-02-25,000001,13:57:30,10.8600,1,1
2026-02-25,000001,13:57:33,10.8600,13,1
2026-02-25,000001,13:57:36,10.8500,86,2
2026-02-25,000001,13:57:39,10.8600,10,1
2026-02-25,000001,13:57:42,10.8600,12,1
2026-02-25,000001,13:57:45,10.8500,37,2
2026-02-25,000001,13:57:48,10.8600,116,1
2026-02-25,000001,13:57:51,10.8600,64,1
2026-02-25,000001,13:57:54,10.8600,76,1
2026-02-25,000001,13:57:57,10.8600,52,1
2026-02-25,000001,13:58:00,10.8600,15,1
2026-02-25,000001,13:58:03,10.8600,15,1
2026-02-25,000001,13:58:06,10.8500,114,2
2026-02-25,000001,13:58:12,10.8600,20,1
2026-02-25,000001,13:58:15,10.8500,4,2
2026-02-25,000001,13:58:21,10.8600,1,1
2026-02-25,000001,13:58:24,10.8500,36,2
2026-02-25,000001,13:58:27,10.8600,16,1
2026-02-25,000001,13:58:33,10.8500,5,2
2026-02-25,000001,13:58:36,10.8500,15,2
2026-02-25,000001,13:58:39,10.8500,18,2
2026-02-25,000001,13:58:42,10.8600,49,1
2026-02-25,000001,13:58:45,10.8500,77,2
2026-02-25,000001,13:58:51,10.8500,4,2
2026-02-25,000001,13:58:54,10.8600,210,1
2026-02-25,000001,13:58:57,10.8500,22,2
2026-02-25,000001,13:59:00,10.8500,5,2
2026-02-25,000001,13:59:03,10.8500,39,2
2026-02-25,000001,13:59:06,10.8500,99,2
2026-02-25,000001,13:59:09,10.8500,141,2
2026-02-25,000001,13:59:12,10.8500,54,2
2026-02-25,000001,13:59:15,10.8500,144,2
2026-02-25,000001,13:59:18,10.8600,2,1
2026-02-25,000001,13:59:24,10.8600,41,1
2026-02-25,000001,13:59:27,10.8500,9,2
2026-02-25,000001,13:59:30,10.8600,16,1
2026-02-25,000001,13:59:33,10.8500,61,2
2026-02-25,000001,13:59:36,10.8500,98,2
2026-02-25,000001,13:59:39,10.8600,1,1
2026-02-25,000001,13:59:42,10.8600,401,1
2026-02-25,000001,13:59:45,10.8600,26,1
2026-02-25,000001,13:59:48,10.8500,11,2
2026-02-25,000001,13:59:51,10.8500,13,2
2026-02-25,000001,13:59:54,10.8600,72,1
2026-02-25,000001,13:59:57,10.8500,100,2
2026-02-25,000001,14:00:00,10.8600,108,1
2026-02-25,000001,14:00:03,10.8600,2,1
2026-02-25,000001,14:00:06,10.8500,625,2
2026-02-25,000001,14:00:09,10.8600,118,1
2026-02-25,000001,14:00:12,10.8600,10,1
2026-02-25,000001,14:00:15,10.8600,3,1
2026-02-25,000001,14:00:18,10.8600,93,1
2026-02-25,000001,14:00:21,10.8500,117,2
2026-02-25,000001,14:00:24,10.8600,121,1
2026-02-25,000001,14:00:27,10.8600,6,1
2026-02-25,000001,14:00:30,10.8500,7,2
2026-02-25,000001,14:00:33,10.8600,10,1
2026-02-25,000001,14:00:36,10.8600,77,1
2026-02-25,000001,14:00:45,10.8600,16,1
2026-02-25,000001,14:00:48,10.8600,62,1
2026-02-25,000001,14:00:51,10.8600,23,1
2026-02-25,000001,14:00:54,10.8500,85,2
2026-02-25,000001,14:00:57,10.8500,1016,2
2026-02-25,000001,14:01:00,10.8500,62,2
2026-02-25,000001,14:01:03,10.8600,54,1
2026-02-25,000001,14:01:06,10.8500,4,2
2026-02-25,000001,14:01:15,10.8500,28,2
2026-02-25,000001,14:01:21,10.8600,10,1
2026-02-25,000001,14:01:24,10.8500,13,2
2026-02-25,000001,14:01:27,10.8600,306,1
2026-02-25,000001,14:01:30,10.8500,142,2
2026-02-25,000001,14:01:33,10.8500,60,2
2026-02-25,000001,14:01:36,10.8500,214,2
2026-02-25,000001,14:01:39,10.8500,134,2
2026-02-25,000001,14:01:42,10.8600,34,1
2026-02-25,000001,14:01:45,10.8600,184,1
2026-02-25,000001,14:01:51,10.8500,12,2
2026-02-25,000001,14:01:54,10.8600,26,1
2026-02-25,000001,14:01:57,10.8600,4,1
2026-02-25,000001,14:02:00,10.8600,44,1
2026-02-25,000001,14:02:03,10.8600,171,1
2026-02-25,000001,14:02:06,10.8500,114,2
2026-02-25,000001,14:02:12,10.8500,13,2
2026-02-25,000001,14:02:15,10.8500,2,2
2026-02-25,000001,14:02:24,10.8500,1,2
2026-02-25,000001,14:02:27,10.8500,108,2
2026-02-25,000001,14:02:30,10.8600,26,1
2026-02-25,000001,14:02:33,10.8500,2,2
2026-02-25,000001,14:02:36,10.8500,120,2
2026-02-25,000001,14:02:39,10.8600,42,1
2026-02-25,000001,14:02:42,10.8600,3,1
2026-02-25,000001,14:02:45,10.8500,10,2
2026-02-25,000001,14:02:48,10.8600,24,1
2026-02-25,000001,14:02:51,10.8600,15,1
2026-02-25,000001,14:02:54,10.8500,6,2
2026-02-25,000001,14:02:57,10.8500,8,2
2026-02-25,000001,14:03:00,10.8600,13,1
2026-02-25,000001,14:03:03,10.8500,49,2
2026-02-25,000001,14:03:06,10.8600,7,1
2026-02-25,000001,10:38:27,10.9200,17,2
2026-02-25,000001,10:38:30,10.9300,15,1
2026-02-25,000001,10:38:33,10.9300,31,1
2026-02-25,000001,10:38:36,10.9200,88,2
2026-02-25,000001,10:38:39,10.9200,1315,2
2026-02-25,000001,10:38:42,10.9200,2,2
2026-02-25,000001,10:38:48,10.9200,99,2
2026-02-25,000001,10:38:51,10.9400,744,1
2026-02-25,000001,10:38:54,10.9300,371,2
2026-02-25,000001,10:38:57,10.9300,39,4
2026-02-25,000001,10:39:00,10.9400,36,1
2026-02-25,000001,10:39:03,10.9300,43,2
2026-02-25,000001,10:39:06,10.9300,1,1
2026-02-25,000001,10:39:09,10.9300,33,1
2026-02-25,000001,10:39:12,10.9300,67,1
2026-02-25,000001,10:39:15,10.9300,32,1
2026-02-25,000001,10:39:18,10.9300,119,1
2026-02-25,000001,10:39:27,10.9300,17,1
2026-02-25,000001,10:39:30,10.9300,8,1
2026-02-25,000001,10:39:33,10.9300,27,1
2026-02-25,000001,10:39:36,10.9300,49,1
2026-02-25,000001,10:39:39,10.9300,173,1
2026-02-25,000001,10:39:42,10.9300,5,1
2026-02-25,000001,10:39:45,10.9300,13,1
2026-02-25,000001,10:39:51,10.9300,6,1
2026-02-25,000001,10:39:54,10.9300,39,1
2026-02-25,000001,10:39:57,10.9300,1,1
2026-02-25,000001,10:40:00,10.9300,106,1
2026-02-25,000001,10:40:03,10.9300,5,1
2026-02-25,000001,10:40:06,10.9300,502,1
2026-02-25,000001,10:40:09,10.9300,174,2
2026-02-25,000001,10:40:12,10.9300,38,1
2026-02-25,000001,10:40:15,10.9300,31,1
2026-02-25,000001,10:40:18,10.9300,8,1
2026-02-25,000001,10:40:21,10.9300,40,1
2026-02-25,000001,10:40:27,10.9300,4,1
2026-02-25,000001,10:40:30,10.9200,2,2
2026-02-25,000001,10:40:36,10.9300,1,1
2026-02-25,000001,10:40:42,10.9300,11,1
2026-02-25,000001,10:40:45,10.9300,16,1
2026-02-25,000001,10:40:48,10.9300,7,1
2026-02-25,000001,10:40:51,10.9300,8,1
2026-02-25,000001,10:40:54,10.9300,262,1
2026-02-25,000001,10:40:57,10.9200,12,2
2026-02-25,000001,10:41:00,10.9300,2,1
2026-02-25,000001,10:41:06,10.9300,200,1
2026-02-25,000001,10:41:09,10.9300,5,1
2026-02-25,000001,10:41:12,10.9300,50,1
2026-02-25,000001,10:41:15,10.9300,1,1
2026-02-25,000001,10:41:18,10.9200,41,2
2026-02-25,000001,10:41:21,10.9300,5,1
2026-02-25,000001,10:41:24,10.9300,150,1
2026-02-25,000001,10:41:27,10.9300,34,1
2026-02-25,000001,10:41:30,10.9300,10,1
2026-02-25,000001,10:41:33,10.9300,15,1
2026-02-25,000001,10:41:36,10.9300,328,1
2026-02-25,000001,10:41:39,10.9300,43,2
2026-02-25,000001,10:41:42,10.9300,44,2
2026-02-25,000001,10:41:45,10.9400,24,1
2026-02-25,000001,10:41:48,10.9300,18,2
2026-02-25,000001,10:41:51,10.9400,114,1
2026-02-25,000001,10:41:54,10.9300,50,2
2026-02-25,000001,10:41:57,10.9300,16,1
2026-02-25,000001,10:42:00,10.9200,19,2
2026-02-25,000001,10:42:03,10.9300,77,1
2026-02-25,000001,10:42:09,10.9300,9,1
2026-02-25,000001,10:42:12,10.9300,150,1
2026-02-25,000001,10:42:15,10.9200,8,2
2026-02-25,000001,10:42:21,10.9300,142,1
2026-02-25,000001,10:42:24,10.9300,21,1
2026-02-25,000001,10:42:27,10.9300,23,1
2026-02-25,000001,10:42:30,10.9300,399,1
2026-02-25,000001,10:42:33,10.9300,4,1
2026-02-25,000001,10:42:36,10.9300,18,1
2026-02-25,000001,10:42:39,10.9300,118,1
2026-02-25,000001,10:42:42,10.9200,1,2
2026-02-25,000001,10:42:45,10.9200,218,2
2026-02-25,000001,10:42:48,10.9300,9,1
2026-02-25,000001,10:42:51,10.9300,11,1
2026-02-25,000001,10:42:54,10.9300,8,1
2026-02-25,000001,10:42:57,10.9300,70,1
2026-02-25,000001,10:43:00,10.9300,85,1
2026-02-25,000001,10:43:03,10.9300,103,1
2026-02-25,000001,10:43:06,10.9300,47,1
2026-02-25,000001,10:43:09,10.9200,20,2
2026-02-25,000001,10:43:12,10.9300,12,1
2026-02-25,000001,10:43:15,10.9200,49,2
2026-02-25,000001,10:43:18,10.9300,44,1
2026-02-25,000001,10:43:21,10.9300,96,1
2026-02-25,000001,10:43:24,10.9200,3,2
2026-02-25,000001,10:43:27,10.9300,13,1
2026-02-25,000001,10:43:33,10.9300,12,1
2026-02-25,000001,10:43:36,10.9300,5,1
2026-02-25,000001,10:43:39,10.9300,51,1
2026-02-25,000001,10:43:42,10.9300,87,1
2026-02-25,000001,10:43:45,10.9300,231,1
2026-02-25,000001,10:43:48,10.9300,1,1
2026-02-25,000001,10:43:54,10.9300,4,1
2026-02-25,000001,10:43:57,10.9300,298,1
2026-02-25,000001,10:44:00,10.9300,2,1
2026-02-25,000001,10:44:03,10.9300,600,1
2026-02-25,000001,10:44:06,10.9300,156,1
2026-02-25,000001,10:44:09,10.9300,89,4
2026-02-25,000001,10:44:12,10.9200,203,2
2026-02-25,000001,10:44:15,10.9300,124,1
2026-02-25,000001,10:44:18,10.9200,43,2
2026-02-25,000001,10:44:21,10.9300,13,1
2026-02-25,000001,10:44:24,10.9200,44,2
2026-02-25,000001,10:44:27,10.9300,33,1
2026-02-25,000001,10:44:30,10.9200,12,2
2026-02-25,000001,10:44:33,10.9300,20,1
2026-02-25,000001,10:44:36,10.9300,20,1
2026-02-25,000001,10:44:42,10.9300,54,1
2026-02-25,000001,10:44:45,10.9200,111,2
2026-02-25,000001,10:44:48,10.9300,49,1
2026-02-25,000001,10:44:51,10.9200,3,2
2026-02-25,000001,10:44:54,10.9300,54,1
2026-02-25,000001,10:44:57,10.9300,5,1
2026-02-25,000001,10:45:00,10.9200,38,2
2026-02-25,000001,10:45:03,10.9300,35,1
2026-02-25,000001,10:45:06,10.9300,54,1
2026-02-25,000001,10:45:09,10.9300,4,1
2026-02-25,000001,10:45:12,10.9200,32,2
2026-02-25,000001,10:45:15,10.9300,277,1
2026-02-25,000001,10:45:18,10.9300,47,2
2026-02-25,000001,10:45:21,10.9400,187,1
2026-02-25,000001,10:45:24,10.9300,6,4
2026-02-25,000001,10:45:27,10.9300,23,1
2026-02-25,000001,10:45:30,10.9300,4,1
2026-02-25,000001,10:45:33,10.9300,270,1
2026-02-25,000001,10:45:36,10.9300,79,1
2026-02-25,000001,10:45:39,10.9300,29,1
2026-02-25,000001,10:45:42,10.9400,1,1
2026-02-25,000001,10:45:45,10.9300,242,2
2026-02-25,000001,10:45:48,10.9300,5,2
2026-02-25,000001,10:45:51,10.9300,81,2
2026-02-25,000001,10:45:54,10.9300,15,2
2026-02-25,000001,10:45:57,10.9300,23,2
2026-02-25,000001,10:46:00,10.9300,107,2
2026-02-25,000001,10:46:03,10.9300,6,2
2026-02-25,000001,10:46:06,10.9300,20,2
2026-02-25,000001,10:46:12,10.9300,93,2
2026-02-25,000001,10:46:15,10.9300,892,2
2026-02-25,000001,10:46:21,10.9300,44,2
2026-02-25,000001,10:46:24,10.9300,33,2
2026-02-25,000001,10:46:27,10.9300,67,2
2026-02-25,000001,10:46:30,10.9300,42,2
2026-02-25,000001,10:46:33,10.9400,8,1
2026-02-25,000001,10:46:36,10.9300,2074,2
2026-02-25,000001,10:46:39,10.9300,6,2
2026-02-25,000001,10:46:42,10.9300,837,2
2026-02-25,000001,10:46:45,10.9200,5,2
2026-02-25,000001,10:46:48,10.9300,28,1
2026-02-25,000001,10:46:51,10.9300,11,1
2026-02-25,000001,10:46:54,10.9300,6,1
2026-02-25,000001,10:46:57,10.9200,5,2
2026-02-25,000001,10:47:00,10.9300,40,1
2026-02-25,000001,10:47:03,10.9200,33,2
2026-02-25,000001,10:47:06,10.9200,95,2
2026-02-25,000001,10:47:12,10.9300,202,1
2026-02-25,000001,10:47:15,10.9200,86,2
2026-02-25,000001,10:47:18,10.9300,3,1
2026-02-25,000001,10:47:24,10.9300,163,1
2026-02-25,000001,10:47:33,10.9300,14,1
2026-02-25,000001,10:47:36,10.9200,27,2
2026-02-25,000001,10:47:42,10.9200,2,2
2026-02-25,000001,10:47:45,10.9200,11,2
2026-02-25,000001,10:47:51,10.9300,15,1
2026-02-25,000001,10:47:54,10.9300,55,1
2026-02-25,000001,10:48:00,10.9300,9,1
2026-02-25,000001,10:48:03,10.9300,68,1
2026-02-25,000001,10:48:06,10.9200,30,2
2026-02-25,000001,10:48:09,10.9200,5,2
2026-02-25,000001,10:48:15,10.9200,3,2
2026-02-25,000001,10:48:18,10.9300,10,1
2026-02-25,000001,10:48:27,10.9300,41,1
2026-02-25,000001,10:48:33,10.9300,4,1
2026-02-25,000001,10:48:39,10.9200,50,2
2026-02-25,000001,10:48:42,10.9300,2502,1
2026-02-25,000001,10:48:48,10.9300,11,1
2026-02-25,000001,10:48:54,10.9300,15,1
2026-02-25,000001,10:49:00,10.9300,10,1
2026-02-25,000001,10:49:03,10.9200,9,2
2026-02-25,000001,10:49:06,10.9300,141,1
2026-02-25,000001,10:49:15,10.9300,592,1
2026-02-25,000001,10:49:18,10.9300,2,1
2026-02-25,000001,10:49:21,10.9300,3,1
2026-02-25,000001,10:49:24,10.9200,24,2
2026-02-25,000001,10:49:27,10.9300,2501,1
2026-02-25,000001,10:49:30,10.9300,8,1
2026-02-25,000001,10:49:33,10.9300,41,1
2026-02-25,000001,10:49:36,10.9200,11,2
2026-02-25,000001,10:49:39,10.9200,2,2
2026-02-25,000001,10:49:45,10.9200,3,2
2026-02-25,000001,10:49:48,10.9300,67,1
2026-02-25,000001,10:49:51,10.9300,53,1
2026-02-25,000001,10:49:54,10.9300,67,1
2026-02-25,000001,10:49:57,10.9200,23,2
2026-02-25,000001,10:50:00,10.9200,86,2
2026-02-25,000001,10:50:03,10.9200,79,2
2026-02-25,000001,10:50:06,10.9200,99,2
2026-02-25,000001,10:50:09,10.9300,54,1
2026-02-25,000001,10:50:12,10.9300,37,1
2026-02-25,000001,10:50:15,10.9300,53,1
2026-02-25,000001,10:50:18,10.9300,60,1
2026-02-25,000001,10:50:21,10.9300,41,1
2026-02-25,000001,10:50:24,10.9300,4,1
2026-02-25,000001,10:50:27,10.9300,82,1
2026-02-25,000001,10:50:30,10.9300,8,1
2026-02-25,000001,10:50:33,10.9300,3089,1
2026-02-25,000001,10:50:36,10.9400,34,1
2026-02-25,000001,10:50:39,10.9300,5,2
2026-02-25,000001,10:50:42,10.9300,4,2
2026-02-25,000001,10:50:45,10.9400,1,1
2026-02-25,000001,10:50:48,10.9300,4,2
2026-02-25,000001,10:50:51,10.9300,48,2
2026-02-25,000001,10:50:54,10.9400,20,1
2026-02-25,000001,10:50:57,10.9400,15,1
2026-02-25,000001,10:51:03,10.9400,52,1
2026-02-25,000001,10:51:09,10.9300,214,2
2026-02-25,000001,10:51:15,10.9300,36,2
2026-02-25,000001,10:51:18,10.9400,100,1
2026-02-25,000001,10:51:24,10.9400,28,1
2026-02-25,000001,10:51:27,10.9400,54,1
2026-02-25,000001,10:51:30,10.9400,28,1
2026-02-25,000001,10:51:33,10.9300,184,2
2026-02-25,000001,10:51:36,10.9300,106,2
2026-02-25,000001,10:51:39,10.9300,13,2
2026-02-25,000001,10:51:42,10.9400,142,1
2026-02-25,000001,10:51:45,10.9400,108,1
2026-02-25,000001,10:51:51,10.9400,46,1
2026-02-25,000001,10:51:54,10.9400,251,1
2026-02-25,000001,10:51:57,10.9400,500,1
2026-02-25,000001,10:52:00,10.9400,13,1
2026-02-25,000001,10:52:03,10.9400,39,1
2026-02-25,000001,10:52:09,10.9400,4,1
2026-02-25,000001,10:52:12,10.9400,9,1
2026-02-25,000001,10:52:15,10.9300,34,2
2026-02-25,000001,10:52:18,10.9400,14,1
2026-02-25,000001,10:52:24,10.9400,50,1
2026-02-25,000001,10:52:27,10.9300,11,2
2026-02-25,000001,10:52:33,10.9300,98,2
2026-02-25,000001,10:52:36,10.9300,19,2
2026-02-25,000001,10:52:39,10.9400,15,1
2026-02-25,000001,10:52:42,10.9400,59,1
2026-02-25,000001,10:52:45,10.9300,7,2
2026-02-25,000001,10:52:48,10.9300,1,2
2026-02-25,000001,10:52:51,10.9400,12,1
2026-02-25,000001,10:52:54,10.9400,26,1
2026-02-25,000001,10:53:03,10.9300,4,2
2026-02-25,000001,10:53:12,10.9400,64,1
2026-02-25,000001,10:53:15,10.9400,8,1
2026-02-25,000001,10:53:18,10.9400,100,1
2026-02-25,000001,10:53:21,10.9400,5,1
2026-02-25,000001,10:53:30,10.9300,10,2
2026-02-25,000001,10:53:33,10.9400,15,1
2026-02-25,000001,10:53:39,10.9400,503,1
2026-02-25,000001,10:53:42,10.9300,127,2
2026-02-25,000001,10:53:45,10.9400,8,1
2026-02-25,000001,10:53:48,10.9400,9,1
2026-02-25,000001,10:53:54,10.9400,32,1
2026-02-25,000001,10:54:03,10.9400,26,1
2026-02-25,000001,10:54:06,10.9300,23,2
2026-02-25,000001,10:54:09,10.9400,12,1
2026-02-25,000001,10:54:12,10.9300,13,2
2026-02-25,000001,10:54:15,10.9300,27,2
2026-02-25,000001,10:54:18,10.9400,74,1
2026-02-25,000001,10:54:21,10.9300,32,2
2026-02-25,000001,10:54:24,10.9300,21,2
2026-02-25,000001,10:54:27,10.9300,6,2
2026-02-25,000001,10:54:30,10.9300,11,2
2026-02-25,000001,10:54:36,10.9300,188,2
2026-02-25,000001,10:54:45,10.9300,63,2
2026-02-25,000001,10:54:48,10.9300,428,2
2026-02-25,000001,10:54:51,10.9400,35,1
2026-02-25,000001,10:54:54,10.9400,461,1
2026-02-25,000001,10:54:57,10.9300,21,2
2026-02-25,000001,10:55:00,10.9400,61,1
2026-02-25,000001,10:55:03,10.9400,5,1
2026-02-25,000001,10:55:09,10.9400,60,1
2026-02-25,000001,10:55:12,10.9300,53,2
2026-02-25,000001,10:55:15,10.9400,91,1
2026-02-25,000001,10:55:18,10.9400,14,1
2026-02-25,000001,10:55:21,10.9400,89,1
2026-02-25,000001,10:55:24,10.9400,36,1
2026-02-25,000001,10:55:30,10.9400,4,1
2026-02-25,000001,10:55:33,10.9300,10,2
2026-02-25,000001,10:55:36,10.9400,10,1
2026-02-25,000001,10:55:39,10.9300,51,2
2026-02-25,000001,10:55:42,10.9300,3,2
2026-02-25,000001,10:55:45,10.9300,3,2
2026-02-25,000001,10:55:48,10.9300,17,2
2026-02-25,000001,10:55:51,10.9400,4,1
2026-02-25,000001,10:55:54,10.9400,108,1
2026-02-25,000001,10:56:03,10.9300,77,2
2026-02-25,000001,10:56:06,10.9400,2,1
2026-02-25,000001,10:56:09,10.9400,8,1
2026-02-25,000001,10:56:12,10.9300,15,2
2026-02-25,000001,10:56:15,10.9300,6,2
2026-02-25,000001,10:56:18,10.9400,10,1
2026-02-25,000001,10:56:21,10.9300,13,2
2026-02-25,000001,10:56:24,10.9400,8,1
2026-02-25,000001,10:56:27,10.9300,4,2
2026-02-25,000001,10:56:30,10.9300,2,2
2026-02-25,000001,10:56:33,10.9400,17,1
2026-02-25,000001,10:56:36,10.9300,52,2
2026-02-25,000001,10:56:39,10.9400,2,1
2026-02-25,000001,10:56:42,10.9300,10,2
2026-02-25,000001,10:56:45,10.9400,127,1
2026-02-25,000001,10:56:48,10.9400,45,1
2026-02-25,000001,10:56:51,10.9300,2,2
2026-02-25,000001,10:56:54,10.9400,16,1
2026-02-25,000001,10:57:06,10.9400,20,1
2026-02-25,000001,10:57:09,10.9400,25,1
2026-02-25,000001,10:57:12,10.9400,15,1
2026-02-25,000001,10:57:15,10.9300,36,2
2026-02-25,000001,10:57:18,10.9300,8,2
2026-02-25,000001,10:57:21,10.9300,13,2
2026-02-25,000001,10:57:24,10.9400,1511,1
2026-02-25,000001,10:57:27,10.9400,108,1
2026-02-25,000001,10:57:30,10.9300,2,2
2026-02-25,000001,10:57:33,10.9300,10,2
2026-02-25,000001,10:57:36,10.9400,31,1
2026-02-25,000001,10:57:39,10.9300,13,2
2026-02-25,000001,10:57:42,10.9300,114,2
2026-02-25,000001,10:57:45,10.9300,49,2
2026-02-25,000001,10:57:48,10.9400,511,1
2026-02-25,000001,10:57:51,10.9400,77,1
2026-02-25,000001,10:57:54,10.9400,34,1
2026-02-25,000001,10:57:57,10.9400,448,1
2026-02-25,000001,10:58:00,10.9400,28,1
2026-02-25,000001,10:58:09,10.9300,41,2
2026-02-25,000001,10:58:12,10.9300,20,2
2026-02-25,000001,10:58:15,10.9300,3,2
2026-02-25,000001,10:58:18,10.9300,2,2
2026-02-25,000001,10:58:21,10.9400,46,1
2026-02-25,000001,10:58:24,10.9400,10,1
2026-02-25,000001,10:58:27,10.9400,40,1
2026-02-25,000001,10:58:30,10.9400,1,1
2026-02-25,000001,10:58:33,10.9400,77,1
2026-02-25,000001,10:58:39,10.9300,785,2
2026-02-25,000001,10:58:42,10.9400,48,1
2026-02-25,000001,10:58:45,10.9300,36,2
2026-02-25,000001,10:58:48,10.9300,9,2
2026-02-25,000001,10:58:51,10.9300,21,2
2026-02-25,000001,10:58:54,10.9300,12,2
2026-02-25,000001,10:58:57,10.9400,33,1
2026-02-25,000001,10:59:00,10.9400,8,1
2026-02-25,000001,10:59:06,10.9300,25,2
2026-02-25,000001,10:59:09,10.9300,1008,2
2026-02-25,000001,10:59:12,10.9400,48,1
2026-02-25,000001,10:59:15,10.9300,97,2
2026-02-25,000001,10:59:21,10.9300,30,2
2026-02-25,000001,10:59:24,10.9400,8,1
2026-02-25,000001,10:59:27,10.9400,34,1
2026-02-25,000001,10:59:30,10.9300,14,2
2026-02-25,000001,10:59:33,10.9400,1293,1
2026-02-25,000001,10:59:36,10.9400,26,1
2026-02-25,000001,10:59:39,10.9300,42,2
2026-02-25,000001,10:59:42,10.9300,41,2
2026-02-25,000001,10:59:45,10.9300,61,2
2026-02-25,000001,10:59:48,10.9400,530,1
2026-02-25,000001,10:59:51,10.9400,9,1
2026-02-25,000001,10:59:54,10.9300,14,2
2026-02-25,000001,10:59:57,10.9300,15,2
2026-02-25,000001,11:00:00,10.9300,89,2
2026-02-25,000001,11:00:03,10.9400,11,1
2026-02-25,000001,11:00:06,10.9300,61,2
2026-02-25,000001,11:00:09,10.9400,5425,1
2026-02-25,000001,11:00:12,10.9400,261,1
2026-02-25,000001,11:00:15,10.9300,22,2
2026-02-25,000001,11:00:18,10.9400,110,1
2026-02-25,000001,11:00:21,10.9400,103,1
2026-02-25,000001,11:00:24,10.9400,86,1
2026-02-25,000001,11:00:27,10.9400,43,1
2026-02-25,000001,11:00:30,10.9400,65,1
2026-02-25,000001,11:00:33,10.9400,80,1
2026-02-25,000001,11:00:36,10.9400,503,1
2026-02-25,000001,11:00:39,10.9400,2892,1
2026-02-25,000001,11:00:42,10.9400,84,1
2026-02-25,000001,11:00:45,10.9400,116,1
2026-02-25,000001,11:00:48,10.9400,362,1
2026-02-25,000001,11:00:51,10.9400,63,1
2026-02-25,000001,11:00:54,10.9400,198,1
2026-02-25,000001,11:00:57,10.9400,250,1
2026-02-25,000001,11:01:00,10.9400,85,1
2026-02-25,000001,11:01:03,10.9400,127,1
2026-02-25,000001,11:01:06,10.9400,56,1
2026-02-25,000001,11:01:09,10.9400,63,1
2026-02-25,000001,11:01:12,10.9400,887,1
2026-02-25,000001,11:01:15,10.9400,78,2
2026-02-25,000001,11:01:18,10.9400,93,2
2026-02-25,000001,11:01:21,10.9400,150,2
2026-02-25,000001,11:01:24,10.9400,8,2
2026-02-25,000001,11:01:27,10.9500,1,1
2026-02-25,000001,11:01:30,10.9400,36,2
2026-02-25,000001,11:01:33,10.9500,6,1
2026-02-25,000001,11:01:36,10.9500,60,1
2026-02-25,000001,11:01:42,10.9400,17,2
2026-02-25,000001,11:01:45,10.9400,10,2
2026-02-25,000001,11:01:48,10.9400,604,2
2026-02-25,000001,11:01:51,10.9400,48,2
2026-02-25,000001,11:01:57,10.9400,12,2
2026-02-25,000001,11:02:00,10.9400,87,2
2026-02-25,000001,11:02:03,10.9400,50,2
2026-02-25,000001,11:02:06,10.9400,44,2
2026-02-25,000001,11:02:09,10.9400,58,2
2026-02-25,000001,11:02:12,10.9400,6,2
2026-02-25,000001,11:02:15,10.9400,23,2
2026-02-25,000001,11:02:18,10.9500,16,1
2026-02-25,000001,11:02:21,10.9400,353,2
2026-02-25,000001,11:02:24,10.9400,6,2
2026-02-25,000001,11:02:27,10.9500,39,1
2026-02-25,000001,11:02:30,10.9500,2,1
2026-02-25,000001,11:02:33,10.9500,28,1
2026-02-25,000001,11:02:36,10.9500,2,1
2026-02-25,000001,11:02:39,10.9400,92,2
2026-02-25,000001,11:02:42,10.9300,70,2
2026-02-25,000001,11:02:45,10.9300,10,2
2026-02-25,000001,11:02:51,10.9400,511,1
2026-02-25,000001,11:02:54,10.9400,46,1
2026-02-25,000001,11:02:57,10.9400,22,1
2026-02-25,000001,11:03:00,10.9300,36,2
2026-02-25,000001,11:03:03,10.9400,14,1
2026-02-25,000001,11:03:06,10.9400,100,1
2026-02-25,000001,11:03:09,10.9400,32,1
2026-02-25,000001,11:03:12,10.9400,69,1
2026-02-25,000001,11:03:15,10.9300,10,2
2026-02-25,000001,11:03:18,10.9400,9,1
2026-02-25,000001,11:03:21,10.9400,63,1
2026-02-25,000001,11:03:24,10.9400,79,1
2026-02-25,000001,11:03:27,10.9400,19,1
2026-02-25,000001,11:03:30,10.9400,8,1
2026-02-25,000001,11:03:33,10.9300,2,2
2026-02-25,000001,11:03:39,10.9400,63,1
2026-02-25,000001,11:03:42,10.9400,244,1
2026-02-25,000001,11:03:45,10.9400,13,1
2026-02-25,000001,11:03:48,10.9400,658,1
2026-02-25,000001,11:03:51,10.9400,90,1
2026-02-25,000001,11:03:57,10.9300,60,2
2026-02-25,000001,11:04:00,10.9400,4,1
2026-02-25,000001,11:04:03,10.9400,210,1
2026-02-25,000001,11:04:09,10.9400,1,1
2026-02-25,000001,11:04:15,10.9400,15,1
2026-02-25,000001,11:04:18,10.9400,111,1
2026-02-25,000001,11:04:21,10.9400,111,1
2026-02-25,000001,11:04:24,10.9300,12,2
2026-02-25,000001,11:04:27,10.9400,23,1
2026-02-25,000001,11:04:30,10.9400,18,1
2026-02-25,000001,11:04:33,10.9400,432,1
2026-02-25,000001,11:04:36,10.9400,5,1
2026-02-25,000001,11:04:39,10.9400,18,1
2026-02-25,000001,11:04:45,10.9300,3,2
2026-02-25,000001,11:04:48,10.9400,2,1
2026-02-25,000001,11:04:51,10.9400,41,1
2026-02-25,000001,11:04:54,10.9400,120,1
2026-02-25,000001,11:04:57,10.9300,20,2
2026-02-25,000001,11:05:00,10.9400,1,1
2026-02-25,000001,11:05:03,10.9300,83,2
2026-02-25,000001,11:05:06,10.9400,12,1
2026-02-25,000001,11:05:09,10.9300,4,2
2026-02-25,000001,11:05:12,10.9400,180,1
2026-02-25,000001,11:05:15,10.9400,13,1
2026-02-25,000001,11:05:18,10.9300,1,2
2026-02-25,000001,11:05:21,10.9400,10,1
2026-02-25,000001,11:05:24,10.9400,23,1
2026-02-25,000001,11:05:30,10.9400,14,1
2026-02-25,000001,11:05:33,10.9300,17,2
2026-02-25,000001,11:05:36,10.9400,180,1
2026-02-25,000001,11:05:42,10.9400,81,1
2026-02-25,000001,11:05:45,10.9300,2,2
2026-02-25,000001,11:05:48,10.9400,76,1
2026-02-25,000001,11:05:51,10.9400,107,1
2026-02-25,000001,11:05:54,10.9400,12,1
2026-02-25,000001,11:05:57,10.9400,22,1
2026-02-25,000001,11:06:00,10.9400,1,1
2026-02-25,000001,11:06:09,10.9400,3,1
2026-02-25,000001,11:06:12,10.9400,56,1
2026-02-25,000001,11:06:15,10.9400,52,1
2026-02-25,000001,11:06:18,10.9400,4,1
2026-02-25,000001,11:06:21,10.9400,12,1
2026-02-25,000001,11:06:24,10.9400,135,1
2026-02-25,000001,11:06:27,10.9400,45,1
2026-02-25,000001,11:06:30,10.9400,57,1
2026-02-25,000001,11:06:33,10.9400,89,1
2026-02-25,000001,11:06:39,10.9400,21,1
2026-02-25,000001,11:06:42,10.9400,12,1
2026-02-25,000001,11:06:45,10.9300,11,2
2026-02-25,000001,11:06:48,10.9300,50,2
2026-02-25,000001,11:06:51,10.9400,80,1
2026-02-25,000001,11:06:57,10.9400,11,1
2026-02-25,000001,11:07:00,10.9400,4,1
