date,code,time,price,volume,bs
2026-06-11,601318,14:07:02,52.5600,309,1
2026-06-11,601318,14:07:05,52.5600,45,2
2026-06-11,601318,14:07:08,52.5800,103,1
2026-06-11,601318,14:07:11,52.5700,2,1
2026-06-11,601318,14:07:14,52.5700,54,4
2026-06-11,601318,14:07:17,52.5800,130,1
2026-06-11,601318,14:07:20,52.5800,39,1
2026-06-11,601318,14:07:23,52.5800,130,1
2026-06-11,601318,14:07:26,52.5700,57,2
2026-06-11,601318,14:07:29,52.5700,36,2
2026-06-11,601318,14:07:32,52.5800,50,1
2026-06-11,601318,14:07:35,52.5800,71,2
2026-06-11,601318,14:07:38,52.5900,25,1
2026-06-11,601318,14:07:41,52.6000,56,1
2026-06-11,601318,14:07:44,52.5800,188,2
2026-06-11,601318,14:07:47,52.5700,69,2
2026-06-11,601318,14:07:50,52.5700,11,1
2026-06-11,601318,14:07:53,52.5700,52,1
2026-06-11,601318,14:07:56,52.5700,23,1
2026-06-11,601318,14:07:59,52.5700,19,1
2026-06-11,601318,14:08:02,52.5700,27,1
2026-06-11,601318,14:08:05,52.5600,11,2
2026-06-11,601318,14:08:08,52.5600,80,2
2026-06-11,601318,14:08:11,52.5600,46,1
2026-06-11,601318,14:08:14,52.5500,226,2
2026-06-11,601318,14:08:17,52.5500,48,2
2026-06-11,601318,14:08:20,52.5600,55,1
2026-06-11,601318,14:08:23,52.5700,27,1
2026-06-11,601318,14:08:26,52.5600,47,1
2026-06-11,601318,14:08:29,52.5800,38,1
2026-06-11,601318,14:08:32,52.5600,16,2
2026-06-11,601318,14:08:35,52.5600,43,2
2026-06-11,601318,14:08:38,52.5700,14,1
2026-06-11,601318,14:08:41,52.5700,12,1
2026-06-11,601318,14:08:44,52.5600,35,2
2026-06-11,601318,14:08:47,52.5500,34,2
2026-06-11,601318,14:08:50,52.5500,76,2
2026-06-11,601318,14:08:53,52.5400,72,2
2026-06-11,601318,14:08:56,52.5300,205,2
2026-06-11,601318,14:08:59,52.5300,66,2
2026-06-11,601318,14:09:02,52.5400,110,1
2026-06-11,601318,14:09:05,52.5300,333,2
2026-06-11,601318,14:09:08,52.5200,437,2
2026-06-11,601318,14:09:11,52.5100,169,2
2026-06-11,601318,14:09:14,52.5200,25,1
2026-06-11,601318,14:09:17,52.5000,152,2
2026-06-11,601318,14:09:20,52.5100,175,1
2026-06-11,601318,14:09:23,52.5000,1079,2
2026-06-11,601318,14:09:26,52.5000,36,1
2026-06-11,601318,14:09:29,52.5000,210,1
2026-06-11,601318,14:09:32,52.4900,53,2
2026-06-11,601318,14:09:35,52.5000,64,1
2026-06-11,601318,14:09:38,52.4800,30,2
2026-06-11,601318,14:09:41,52.4800,32,2
2026-06-11,601318,14:09:44,52.4700,490,2
2026-06-11,601318,14:09:47,52.4800,33,1
2026-06-11,601318,14:09:49,52.4700,115,2
2026-06-11,601318,14:09:53,52.4700,36,2
2026-06-11,601318,14:09:56,52.4700,9,1
2026-06-11,601318,14:09:59,52.4700,301,1
2026-06-11,601318,14:10:02,52.4600,54,1
2026-06-11,601318,14:10:05,52.4600,83,1
2026-06-11,601318,14:10:08,52.4600,42,1
2026-06-11,601318,14:10:11,52.4500,489,2
2026-06-11,601318,14:10:14,52.4600,62,1
2026-06-11,601318,14:10:17,52.4400,180,2
2026-06-11,601318,14:10:20,52.4500,13,4
2026-06-11,601318,14:10:23,52.4600,32,1
2026-06-11,601318,14:10:26,52.4500,123,2
2026-06-11,601318,14:10:29,52.4500,85,1
2026-06-11,601318,14:10:32,52.4500,58,2
2026-06-11,601318,14:10:35,52.4500,127,2
2026-06-11,601318,14:10:38,52.4500,68,2
2026-06-11,601318,14:10:41,52.4600,44,1
2026-06-11,601318,14:10:44,52.4500,59,2
2026-06-11,601318,14:10:47,52.4600,137,1
2026-06-11,601318,14:10:50,52.4700,140,1
2026-06-11,601318,14:10:53,52.4600,21,2
2026-06-11,601318,14:10:56,52.4600,112,2
2026-06-11,601318,14:10:59,52.4500,220,2
2026-06-11,601318,14:11:02,52.4400,21,2
2026-06-11,601318,14:11:05,52.4500,28,1
2026-06-11,601318,14:11:08,52.4400,135,2
2026-06-11,601318,14:11:11,52.4500,280,1
2026-06-11,601318,14:11:14,52.4400,212,2
2026-06-11,601318,14:11:17,52.4600,95,1
2026-06-11,601318,14:11:20,52.4500,35,2
2026-06-11,601318,14:11:23,52.4600,61,1
2026-06-11,601318,14:11:26,52.4500,51,2
2026-06-11,601318,14:11:29,52.4500,22,2
2026-06-11,601318,14:11:32,52.4500,17,2
2026-06-11,601318,14:11:35,52.4600,80,1
2026-06-11,601318,14:11:38,52.4500,39,2
2026-06-11,601318,14:11:41,52.4600,10,1
2026-06-11,601318,14:11:44,52.4600,62,1
2026-06-11,601318,14:11:47,52.4500,55,2
2026-06-11,601318,14:11:50,52.4500,27,2
2026-06-11,601318,14:11:53,52.4600,18,1
2026-06-11,601318,14:11:56,52.4700,121,1
2026-06-11,601318,14:11:59,52.4600,43,2
2026-06-11,601318,14:12:02,52.4500,23,2
2026-06-11,601318,14:12:05,52.4500,42,2
2026-06-11,601318,14:12:08,52.4500,183,2
2026-06-11,601318,14:12:11,52.4600,52,1
2026-06-11,601318,14:12:14,52.4600,35,1
2026-06-11,601318,14:12:17,52.4600,51,1
2026-06-11,601318,14:12:20,52.4500,256,2
2026-06-11,601318,14:12:23,52.4600,31,1
2026-06-11,601318,14:12:26,52.4500,18,2
2026-06-11,601318,14:12:29,52.4400,37,2
2026-06-11,601318,14:12:32,52.4500,17,1
2026-06-11,601318,14:12:35,52.4600,67,1
2026-06-11,601318,14:12:38,52.4600,36,1
2026-06-11,601318,14:12:41,52.4500,37,2
2026-06-11,601318,14:12:44,52.4500,83,1
2026-06-11,601318,14:12:47,52.4500,85,2
2026-06-11,601318,14:12:50,52.4500,678,2
2026-06-11,601318,14:12:53,52.4500,114,1
2026-06-11,601318,14:12:56,52.4700,65,1
2026-06-11,601318,14:12:59,52.4600,7,4
2026-06-11,601318,14:13:02,52.4500,31,2
2026-06-11,601318,14:13:05,52.4400,276,2
2026-06-11,601318,14:13:08,52.4400,424,2
2026-06-11,601318,14:13:11,52.4400,295,1
2026-06-11,601318,14:13:14,52.4400,27,1
2026-06-11,601318,14:13:17,52.4400,104,1
2026-06-11,601318,14:13:20,52.4300,111,2
2026-06-11,601318,14:13:23,52.4300,64,2
2026-06-11,601318,14:13:26,52.4400,27,1
2026-06-11,601318,14:13:29,52.4400,578,1
2026-06-11,601318,14:13:32,52.4500,90,1
2026-06-11,601318,14:13:35,52.4500,114,2
2026-06-11,601318,14:13:38,52.4500,29,2
2026-06-11,601318,14:13:41,52.4500,114,2
2026-06-11,601318,14:13:44,52.4500,82,1
2026-06-11,601318,14:13:47,52.4500,102,1
2026-06-11,601318,14:13:50,52.4400,131,2
2026-06-11,601318,14:13:53,52.4400,234,1
2026-06-11,601318,14:13:56,52.4400,41,1
2026-06-11,601318,14:13:59,52.4300,2036,4
2026-06-11,601318,14:14:02,52.4200,27,1
2026-06-11,601318,14:14:05,52.4300,79,1
2026-06-11,601318,14:14:08,52.4200,373,4
2026-06-11,601318,14:14:11,52.4200,552,1
2026-06-11,601318,14:14:14,52.4300,42,1
2026-06-11,601318,14:14:17,52.4300,78,1
2026-06-11,601318,14:14:20,52.4300,58,1
2026-06-11,601318,14:14:23,52.4300,200,1
2026-06-11,601318,14:14:26,52.4300,61,1
2026-06-11,601318,14:14:29,52.4100,463,2
2026-06-11,601318,14:14:32,52.4100,53,1
2026-06-11,601318,14:14:35,52.4000,60,2
2026-06-11,601318,14:14:38,52.4000,334,2
2026-06-11,601318,14:14:41,52.4100,819,1
2026-06-11,601318,14:14:44,52.4200,526,1
2026-06-11,601318,14:14:47,52.4000,121,2
2026-06-11,601318,14:14:50,52.3900,165,2
2026-06-11,601318,14:14:53,52.3900,62,1
2026-06-11,601318,14:14:56,52.3800,74,2
2026-06-11,601318,14:14:59,52.3800,23,2
2026-06-11,601318,14:15:02,52.3900,190,1
2026-06-11,601318,14:15:05,52.3900,53,1
2026-06-11,601318,14:15:08,52.3800,306,2
2026-06-11,601318,14:15:11,52.3900,513,1
2026-06-11,601318,14:15:14,52.3900,419,1
2026-06-11,601318,14:15:17,52.3900,97,2
2026-06-11,601318,14:15:20,52.3900,21,1
2026-06-11,601318,14:15:23,52.3900,30,1
2026-06-11,601318,14:15:26,52.3900,268,1
2026-06-11,601318,14:15:29,52.4000,233,1
2026-06-11,601318,14:15:32,52.4100,101,1
2026-06-11,601318,14:15:35,52.4100,27,1
2026-06-11,601318,14:15:38,52.4100,63,1
2026-06-11,601318,14:15:41,52.4100,53,1
2026-06-11,601318,14:15:44,52.4100,25,1
2026-06-11,601318,14:15:47,52.4000,131,2
2026-06-11,601318,14:15:50,52.4200,14,1
2026-06-11,601318,14:15:53,52.4100,29,2
2026-06-11,601318,14:15:56,52.4100,27,2
2026-06-11,601318,14:15:59,52.4100,76,4
2026-06-11,601318,14:16:02,52.4100,23,2
2026-06-11,601318,14:16:05,52.4100,141,1
2026-06-11,601318,14:16:08,52.4100,20,1
2026-06-11,601318,14:16:11,52.4300,235,1
2026-06-11,601318,14:16:14,52.4200,31,1
2026-06-11,601318,14:16:17,52.4200,54,1
2026-06-11,601318,14:16:20,52.4200,27,2
2026-06-11,601318,14:16:23,52.4200,11,1
2026-06-11,601318,14:16:26,52.4300,15,1
2026-06-11,601318,14:16:29,52.4200,41,2
2026-06-11,601318,14:16:32,52.4200,205,1
2026-06-11,601318,14:16:35,52.4200,41,2
2026-06-11,601318,14:16:38,52.4200,179,1
2026-06-11,601318,14:16:41,52.4100,111,2
2026-06-11,601318,14:16:44,52.4200,17,1
2026-06-11,601318,14:16:47,52.4100,65,2
2026-06-11,601318,14:16:50,52.4500,20,1
2026-06-11,601318,14:16:53,52.4300,16,2
2026-06-11,601318,14:16:56,52.4300,22,1
2026-06-11,601318,14:16:59,52.4200,37,2
2026-06-11,601318,14:17:02,52.4200,29,1
2026-06-11,601318,14:17:05,52.4200,76,1
2026-06-11,601318,14:17:08,52.4100,43,2
2026-06-11,601318,14:17:11,52.4100,92,2
2026-06-11,601318,14:17:14,52.4200,63,1
2026-06-11,601318,14:17:17,52.4100,74,2
2026-06-11,601318,14:17:20,52.4100,130,2
2026-06-11,601318,14:17:23,52.4200,33,1
2026-06-11,601318,14:17:26,52.4200,108,1
2026-06-11,601318,14:17:29,52.4200,25,1
2026-06-11,601318,14:17:32,52.4200,343,1
2026-06-11,601318,14:17:35,52.4600,290,1
2026-06-11,601318,14:17:38,52.4400,6,1
2026-06-11,601318,14:17:41,52.4300,11,2
2026-06-11,601318,14:17:44,52.4500,11,1
2026-06-11,601318,14:17:47,52.4300,68,2
2026-06-11,601318,14:17:50,52.4500,10,1
2026-06-11,601318,14:17:53,52.4500,7,1
2026-06-11,601318,14:17:56,52.4400,20,2
2026-06-11,601318,14:17:59,52.4500,67,1
2026-06-11,601318,14:18:02,52.4500,13,1
2026-06-11,601318,14:18:05,52.4500,31,1
2026-06-11,601318,14:18:08,52.4500,40,1
2026-06-11,601318,14:18:11,52.4600,537,1
2026-06-11,601318,14:18:14,52.4600,152,2
2026-06-11,601318,14:18:17,52.4600,107,2
2026-06-11,601318,14:18:20,52.4500,184,2
2026-06-11,601318,14:18:23,52.4600,80,1
2026-06-11,601318,14:18:26,52.4500,39,1
2026-06-11,601318,14:18:29,52.4600,18,1
2026-06-11,601318,14:18:32,52.4500,68,2
2026-06-11,601318,14:18:35,52.4500,14,1
2026-06-11,601318,14:18:38,52.4500,39,1
2026-06-11,601318,14:18:41,52.4500,9,1
2026-06-11,601318,14:18:44,52.4600,159,1
2026-06-11,601318,14:18:47,52.4700,116,1
2026-06-11,601318,14:18:50,52.4700,26,1
2026-06-11,601318,14:18:53,52.4600,34,2
2026-06-11,601318,14:18:56,52.4700,41,1
2026-06-11,601318,14:18:59,52.4700,93,1
2026-06-11,601318,14:19:02,52.4700,15,1
2026-06-11,601318,14:19:05,52.4700,71,1
2026-06-11,601318,14:19:08,52.4600,39,4
2026-06-11,601318,14:19:11,52.4600,17,2
2026-06-11,601318,14:19:14,52.4800,36,1
2026-06-11,601318,14:19:17,52.4600,67,2
2026-06-11,601318,14:19:20,52.4600,32,1
2026-06-11,601318,14:19:23,52.4600,34,1
2026-06-11,601318,14:19:26,52.4600,34,1
2026-06-11,601318,14:19:29,52.4700,74,1
2026-06-11,601318,14:19:32,52.4600,157,2
2026-06-11,601318,14:19:35,52.4300,785,2
2026-06-11,601318,14:19:38,52.4200,1068,2
2026-06-11,601318,14:19:41,52.4100,372,2
2026-06-11,601318,14:19:44,52.4100,665,2
2026-06-11,601318,14:19:47,52.3900,815,2
2026-06-11,601318,14:19:50,52.4100,158,1
2026-06-11,601318,14:19:53,52.4000,106,4
2026-06-11,601318,14:19:56,52.4300,15,1
2026-06-11,601318,14:19:59,52.4100,22,2
2026-06-11,601318,14:20:02,52.4200,62,1
2026-06-11,601318,14:20:05,52.4500,62,1
2026-06-11,601318,14:20:08,52.4400,22,1
2026-06-11,601318,14:20:11,52.4300,24,2
2026-06-11,601318,14:20:14,52.4400,15,1
2026-06-11,601318,14:20:17,52.4300,114,4
2026-06-11,601318,14:20:20,52.4300,5,1
2026-06-11,601318,14:20:23,52.4500,63,1
2026-06-11,601318,14:20:26,52.4500,7,1
2026-06-11,601318,14:20:29,52.4300,21,2
2026-06-11,601318,14:20:32,52.4300,27,1
2026-06-11,601318,14:20:35,52.4500,67,1
2026-06-11,601318,14:20:38,52.4500,225,1
2026-06-11,601318,14:20:40,52.4200,273,2
2026-06-11,601318,14:20:44,52.4500,11,1
2026-06-11,601318,14:20:47,52.4300,51,2
2026-06-11,601318,14:20:50,52.4300,34,1
2026-06-11,601318,14:20:53,52.4300,28,1
2026-06-11,601318,14:20:56,52.4400,35,1
2026-06-11,601318,14:20:59,52.4200,11,2
2026-06-11,601318,14:21:02,52.4400,31,1
2026-06-11,601318,14:21:05,52.4500,100,1
2026-06-11,601318,14:21:08,52.4400,118,4
2026-06-11,601318,14:21:11,52.4400,11,1
2026-06-11,601318,14:21:14,52.4300,14,2
2026-06-11,601318,14:21:17,52.4300,48,2
2026-06-11,601318,14:21:20,52.4500,106,1
2026-06-11,601318,14:21:23,52.4600,22,1
2026-06-11,601318,14:21:26,52.4600,30,1
2026-06-11,601318,14:21:29,52.4500,7,2
2026-06-11,601318,14:21:32,52.4600,23,1
2026-06-11,601318,14:21:35,52.4600,27,1
2026-06-11,601318,14:21:38,52.4600,90,1
2026-06-11,601318,14:21:41,52.4500,8,2
2026-06-11,601318,14:21:44,52.4600,16,1
2026-06-11,601318,14:21:47,52.4500,81,2
2026-06-11,601318,14:21:50,52.4600,18,2
2026-06-11,601318,14:21:53,52.4700,17,1
2026-06-11,601318,14:21:56,52.4600,65,2
2026-06-11,601318,14:21:59,52.4600,38,2
2026-06-11,601318,14:22:02,52.4700,7,1
2026-06-11,601318,14:22:05,52.4900,160,1
2026-06-11,601318,14:22:08,52.4900,83,1
2026-06-11,601318,14:22:11,52.5000,46,1
2026-06-11,601318,14:22:14,52.5000,137,1
2026-06-11,601318,14:22:17,52.5000,99,1
2026-06-11,601318,14:22:20,52.5000,78,1
2026-06-11,601318,14:22:23,52.5000,25,1
2026-06-11,601318,14:22:26,52.5200,54,1
2026-06-11,601318,14:22:29,52.5100,65,2
2026-06-11,601318,14:22:32,52.5100,70,1
2026-06-11,601318,14:22:35,52.5000,30,2
2026-06-11,601318,14:22:38,52.5100,144,1
2026-06-11,601318,14:22:41,52.5000,64,2
2026-06-11,601318,14:22:44,52.5000,51,1
2026-06-11,601318,14:22:47,52.4900,100,2
2026-06-11,601318,14:22:50,52.4900,170,1
2026-06-11,601318,14:22:53,52.5100,38,1
2026-06-11,601318,14:22:56,52.5200,143,1
2026-06-11,601318,14:22:59,52.5100,80,4
2026-06-11,601318,14:23:02,52.5000,61,2
2026-06-11,601318,14:23:05,52.5000,191,2
2026-06-11,601318,14:23:08,52.5000,74,2
2026-06-11,601318,14:23:11,52.5200,100,1
2026-06-11,601318,14:23:14,52.5100,44,1
2026-06-11,601318,14:23:17,52.5100,101,1
2026-06-11,601318,14:23:20,52.5000,69,2
2026-06-11,601318,14:23:23,52.5100,128,1
2026-06-11,601318,14:23:26,52.5000,35,2
2026-06-11,601318,14:23:29,52.5100,118,1
2026-06-11,601318,14:23:32,52.5100,105,1
2026-06-11,601318,14:23:35,52.5200,62,1
2026-06-11,601318,14:23:38,52.5100,242,2
2026-06-11,601318,14:23:44,52.5000,110,2
2026-06-11,601318,14:23:47,52.5100,38,4
2026-06-11,601318,14:23:50,52.5100,46,1
2026-06-11,601318,14:23:53,52.5100,29,1
2026-06-11,601318,14:23:56,52.5000,69,2
2026-06-11,601318,14:23:59,52.5000,58,1
2026-06-11,601318,14:24:02,52.5000,13,1
2026-06-11,601318,14:24:05,52.4900,25,2
2026-06-11,601318,14:24:08,52.4900,143,2
2026-06-11,601318,14:24:10,52.5000,10,1
2026-06-11,601318,14:24:14,52.5000,27,1
2026-06-11,601318,14:24:17,52.4900,34,2
2026-06-11,601318,14:24:20,52.4900,60,2
2026-06-11,601318,14:24:23,52.5000,16,1
2026-06-11,601318,14:24:26,52.5000,16,1
2026-06-11,601318,14:24:29,52.4800,25,2
2026-06-11,601318,14:24:32,52.4900,13,4
2026-06-11,601318,14:24:35,52.4900,9,4
2026-06-11,601318,14:24:38,52.4900,46,1
2026-06-11,601318,14:24:41,52.5000,52,1
2026-06-11,601318,14:24:44,52.4900,41,2
2026-06-11,601318,14:24:47,52.5000,2321,1
2026-06-11,601318,14:24:50,52.5500,17,1
2026-06-11,601318,14:24:53,52.5500,56,2
2026-06-11,601318,14:24:55,52.5200,70,2
2026-06-11,601318,14:24:59,52.5700,325,1
2026-06-11,601318,14:25:02,52.5700,57,4
2026-06-11,601318,14:25:05,52.6000,142,1
2026-06-11,601318,14:25:08,52.5800,173,4
2026-06-11,601318,14:25:11,52.6000,126,1
2026-06-11,601318,14:25:14,52.5800,283,1
2026-06-11,601318,14:25:17,52.5800,291,2
2026-06-11,601318,14:25:20,52.6100,146,4
2026-06-11,601318,14:25:23,52.6000,121,1
2026-06-11,601318,14:25:26,52.6100,10,1
2026-06-11,601318,14:25:29,52.6000,26,2
2026-06-11,601318,14:25:32,52.6100,76,1
2026-06-11,601318,14:25:35,52.6100,93,1
2026-06-11,601318,14:25:38,52.6100,84,2
2026-06-11,601318,14:25:41,52.6100,11,1
2026-06-11,601318,14:25:44,52.6100,13,1
2026-06-11,601318,14:25:47,52.6000,59,2
2026-06-11,601318,14:25:50,52.6000,7,1
2026-06-11,601318,14:25:53,52.5900,43,2
2026-06-11,601318,14:25:56,52.5900,14,2
2026-06-11,601318,14:25:59,52.6000,46,1
2026-06-11,601318,14:26:02,52.5900,38,2
2026-06-11,601318,14:26:05,52.5900,56,2
2026-06-11,601318,14:26:08,52.5900,36,2
2026-06-11,601318,14:26:11,52.5900,18,2
2026-06-11,601318,14:26:14,52.6000,114,1
2026-06-11,601318,14:26:17,52.5900,138,2
2026-06-11,601318,14:26:20,52.5900,95,2
2026-06-11,601318,14:26:23,52.6000,24,1
2026-06-11,601318,14:26:26,52.6100,77,1
2026-06-11,601318,14:26:29,52.5900,73,2
2026-06-11,601318,14:26:32,52.5900,28,1
2026-06-11,601318,14:26:35,52.5900,29,1
2026-06-11,601318,14:26:38,52.6000,12,1
2026-06-11,601318,14:26:41,52.5900,13,2
2026-06-11,601318,14:26:44,52.6000,19,1
2026-06-11,601318,14:26:47,52.5900,25,2
2026-06-11,601318,14:26:49,52.5900,71,2
2026-06-11,601318,14:26:53,52.5900,20,1
2026-06-11,601318,14:26:56,52.5900,14,2
2026-06-11,601318,14:26:59,52.5900,85,2
2026-06-11,601318,14:27:02,52.5900,15,1
2026-06-11,601318,14:27:05,52.5800,39,2
2026-06-11,601318,14:27:08,52.5900,70,1
2026-06-11,601318,14:27:11,52.5900,22,1
2026-06-11,601318,14:27:14,52.5900,15,1
2026-06-11,601318,14:27:17,52.5800,84,2
2026-06-11,601318,14:27:20,52.5700,287,2
2026-06-11,601318,14:27:23,52.5500,1171,2
2026-06-11,601318,14:27:26,52.5500,28,2
2026-06-11,601318,14:27:29,52.5700,335,1
2026-06-11,601318,14:27:32,52.6200,695,1
2026-06-11,601318,14:27:35,52.6000,40,2
2026-06-11,601318,14:27:38,52.6100,16,1
2026-06-11,601318,14:27:41,52.6000,11,2
2026-06-11,601318,14:27:44,52.6000,78,2
2026-06-11,601318,14:27:47,52.6000,18,2
2026-06-11,601318,14:27:50,52.6400,451,1
2026-06-11,601318,14:27:53,52.6200,559,2
2026-06-11,601318,14:27:56,52.6100,18,2
2026-06-11,601318,14:27:59,52.6200,23,4
2026-06-11,601318,14:28:02,52.6500,70,1
2026-06-11,601318,14:28:05,52.6200,16,2
2026-06-11,601318,14:28:08,52.6200,30,2
2026-06-11,601318,14:28:11,52.6300,57,1
2026-06-11,601318,14:28:14,52.6500,35,1
2026-06-11,601318,14:28:17,52.6300,13,2
2026-06-11,601318,14:28:20,52.6400,91,1
2026-06-11,601318,14:28:23,52.6200,34,2
2026-06-11,601318,14:28:26,52.6200,8,2
2026-06-11,601318,14:28:29,52.6200,4,1
2026-06-11,601318,14:28:32,52.6200,49,1
2026-06-11,601318,14:28:35,52.6300,50,1
2026-06-11,601318,14:28:38,52.6100,31,2
2026-06-11,601318,14:28:41,52.6100,77,1
2026-06-11,601318,14:28:44,52.6100,9,1
2026-06-11,601318,14:28:47,52.6000,55,2
2026-06-11,601318,14:28:50,52.6100,10,1
2026-06-11,601318,14:28:53,52.6000,25,2
2026-06-11,601318,14:28:56,52.6100,23,1
2026-06-11,601318,14:28:59,52.6100,23,2
2026-06-11,601318,14:29:02,52.5900,59,2
2026-06-11,601318,14:29:05,52.6000,10,2
2026-06-11,601318,14:29:08,52.5900,161,2
2026-06-11,601318,14:29:11,52.6000,19,1
2026-06-11,601318,14:29:14,52.5800,7,2
2026-06-11,601318,14:29:17,52.5800,61,2
2026-06-11,601318,14:29:20,52.5900,46,4
2026-06-11,601318,14:29:23,52.5900,10,2
2026-06-11,601318,14:29:26,52.5800,19,2
2026-06-11,601318,14:29:29,52.6000,459,1
2026-06-11,601318,14:29:32,52.5700,110,2
2026-06-11,601318,14:29:35,52.5900,12,4
2026-06-11,601318,14:29:38,52.5900,47,1
2026-06-11,601318,14:29:41,52.6000,112,1
2026-06-11,601318,14:29:44,52.5900,1,2
2026-06-11,601318,14:29:47,52.5900,3,2
2026-06-11,601318,14:29:50,52.6000,238,1
2026-06-11,601318,14:29:53,52.6100,30,1
2026-06-11,601318,14:29:56,52.6200,48,1
2026-06-11,601318,14:29:59,52.6200,56,1
2026-06-11,601318,14:30:02,52.6400,204,1
2026-06-11,601318,14:30:05,52.6600,259,1
2026-06-11,601318,14:30:08,52.6400,27,2
2026-06-11,601318,14:30:11,52.6200,169,2
2026-06-11,601318,14:30:14,52.6100,43,2
2026-06-11,601318,14:30:17,52.6100,98,2
2026-06-11,601318,14:30:20,52.6200,141,1
2026-06-11,601318,14:30:23,52.6300,46,2
2026-06-11,601318,14:30:26,52.6500,29,1
2026-06-11,601318,14:30:29,52.6200,74,2
2026-06-11,601318,14:30:32,52.6300,94,1
2026-06-11,601318,14:30:35,52.6200,147,2
2026-06-11,601318,14:30:38,52.6000,69,2
2026-06-11,601318,14:30:41,52.6000,31,2
2026-06-11,601318,14:30:44,52.5900,191,2
2026-06-11,601318,14:30:47,52.5900,83,2
2026-06-11,601318,14:30:50,52.5900,87,2
2026-06-11,601318,14:30:53,52.5900,29,1
2026-06-11,601318,14:30:56,52.5800,14,4
2026-06-11,601318,14:30:59,52.5800,18,4
2026-06-11,601318,14:31:02,52.5700,102,2
2026-06-11,601318,14:31:05,52.5600,44,2
2026-06-11,601318,14:31:08,52.5600,29,2
2026-06-11,601318,14:31:11,52.5500,79,2
2026-06-11,601318,14:31:14,52.5500,20,1
2026-06-11,601318,14:31:17,52.5500,236,1
2026-06-11,601318,14:31:20,52.5500,84,1
2026-06-11,601318,14:31:23,52.5600,42,1
2026-06-11,601318,14:31:26,52.5700,4,1
2026-06-11,601318,14:31:29,52.5600,43,2
2026-06-11,601318,14:31:32,52.5600,55,2
2026-06-11,601318,14:31:35,52.5700,53,1
2026-06-11,601318,14:31:38,52.5600,111,2
2026-06-11,601318,14:31:41,52.5600,16,1
2026-06-11,601318,14:31:44,52.5600,29,1
2026-06-11,601318,14:31:47,52.5600,17,2
2026-06-11,601318,14:31:50,52.5600,92,1
2026-06-11,601318,14:31:53,52.5500,22,2
2026-06-11,601318,14:31:56,52.5500,30,2
2026-06-11,601318,14:31:59,52.5500,11,2
2026-06-11,601318,14:32:02,52.5500,39,2
2026-06-11,601318,14:32:05,52.5500,12,1
2026-06-11,601318,14:32:08,52.5400,40,2
2026-06-11,601318,14:32:11,52.5500,11,1
2026-06-11,601318,14:32:14,52.5400,25,2
2026-06-11,601318,14:32:17,52.5200,53,2
2026-06-11,601318,14:32:20,52.5200,18,2
2026-06-11,601318,14:32:23,52.5300,19,1
2026-06-11,601318,14:32:26,52.5300,29,1
2026-06-11,601318,14:32:29,52.5200,45,2
2026-06-11,601318,14:32:32,52.5100,118,2
2026-06-11,601318,14:32:35,52.5300,25,1
2026-06-11,601318,14:32:38,52.5300,159,1
2026-06-11,601318,14:32:41,52.5200,48,2
2026-06-11,601318,14:32:44,52.5300,48,1
2026-06-11,601318,14:32:47,52.5300,15,2
2026-06-11,601318,14:32:50,52.5300,48,2
2026-06-11,601318,14:32:52,52.5300,25,2
2026-06-11,601318,14:32:56,52.5300,27,2
2026-06-11,601318,14:32:59,52.5300,37,2
2026-06-11,601318,14:33:02,52.5300,29,2
2026-06-11,601318,14:33:05,52.5400,22,1
2026-06-11,601318,14:33:08,52.5400,37,1
2026-06-11,601318,14:33:11,52.5400,44,1
2026-06-11,601318,14:33:14,52.5200,12,2
2026-06-11,601318,14:33:17,52.5300,54,1
2026-06-11,601318,14:33:20,52.5300,72,1
2026-06-11,601318,14:33:23,52.5300,7,1
2026-06-11,601318,14:33:26,52.5300,23,1
2026-06-11,601318,14:33:29,52.5300,63,1
2026-06-11,601318,14:33:32,52.5300,51,1
2026-06-11,601318,14:33:35,52.5300,5,2
2026-06-11,601318,14:33:38,52.5300,28,2
2026-06-11,601318,14:33:41,52.5300,24,2
2026-06-11,601318,14:33:44,52.5300,26,1
2026-06-11,601318,14:33:47,52.5200,29,2
2026-06-11,601318,14:33:50,52.5200,85,2
2026-06-11,601318,14:33:56,52.5200,22,2
2026-06-11,601318,14:33:59,52.5300,8,1
2026-06-11,601318,14:34:02,52.5200,38,2
2026-06-11,601318,14:34:05,52.5200,9,2
2026-06-11,601318,14:34:08,52.5200,131,2
2026-06-11,601318,14:34:11,52.5200,70,2
2026-06-11,601318,14:34:14,52.5200,167,2
2026-06-11,601318,14:34:17,52.5100,266,2
2026-06-11,601318,14:34:20,52.4900,211,2
2026-06-11,601318,14:34:23,52.4800,146,2
2026-06-11,601318,14:34:26,52.4800,42,4
2026-06-11,601318,14:34:29,52.4800,153,1
2026-06-11,601318,14:34:32,52.4800,117,1
2026-06-11,601318,14:34:35,52.4800,140,2
2026-06-11,601318,14:34:38,52.4800,23,2
2026-06-11,601318,14:34:41,52.4900,54,1
2026-06-11,601318,14:34:44,52.5000,104,1
2026-06-11,601318,14:34:47,52.5000,38,2
2026-06-11,601318,14:34:50,52.5000,50,2
2026-06-11,601318,14:34:53,52.5100,31,1
2026-06-11,601318,14:34:56,52.5100,24,1
2026-06-11,601318,14:34:59,52.5100,24,2
2026-06-11,601318,14:35:02,52.5200,157,1
2026-06-11,601318,14:35:05,52.5300,54,1
2026-06-11,601318,14:35:08,52.5200,1,2
2026-06-11,601318,14:35:11,52.5300,70,1
2026-06-11,601318,14:35:14,52.5200,34,2
2026-06-11,601318,14:35:17,52.5200,58,1
2026-06-11,601318,14:35:20,52.5200,67,2
2026-06-11,601318,14:35:23,52.5100,22,2
2026-06-11,601318,14:35:26,52.5100,13,2
2026-06-11,601318,14:35:29,52.5200,80,1
2026-06-11,601318,14:35:32,52.5200,128,2
2026-06-11,601318,14:35:35,52.5300,42,1
2026-06-11,601318,14:35:38,52.5300,48,1
2026-06-11,601318,14:35:41,52.5100,260,2
2026-06-11,601318,14:35:44,52.5200,5,1
2026-06-11,601318,14:35:47,52.5100,32,2
2026-06-11,601318,14:35:50,52.5100,90,2
2026-06-11,601318,14:35:53,52.5100,40,2
2026-06-11,601318,14:35:56,52.5200,8,1
2026-06-11,601318,14:35:59,52.5200,42,1
2026-06-11,601318,14:36:02,52.5200,80,1
2026-06-11,601318,14:36:05,52.5200,53,1
2026-06-11,601318,14:36:08,52.5200,16,1
2026-06-11,601318,14:36:10,52.5200,21,1
2026-06-11,601318,14:36:14,52.5200,72,1
2026-06-11,601318,14:36:17,52.5200,58,1
2026-06-11,601318,14:36:20,52.5200,80,1
2026-06-11,601318,14:36:23,52.5200,58,1
2026-06-11,601318,14:36:26,52.5200,30,1
2026-06-11,601318,14:36:29,52.5200,220,1
2026-06-11,601318,14:36:32,52.5300,38,1
2026-06-11,601318,14:36:35,52.5300,33,2
2026-06-11,601318,14:36:38,52.5400,18,1
2026-06-11,601318,14:36:41,52.5400,67,1
2026-06-11,601318,14:36:44,52.5400,19,2
2026-06-11,601318,14:36:47,52.5500,38,1
2026-06-11,601318,14:36:50,52.5400,101,2
2026-06-11,601318,14:36:53,52.5400,20,2
2026-06-11,601318,14:36:56,52.5400,94,2
2026-06-11,601318,14:36:59,52.5400,151,1
2026-06-11,601318,14:37:02,52.5300,76,2
2026-06-11,601318,14:37:05,52.5400,17,1
2026-06-11,601318,14:37:08,52.5300,99,2
2026-06-11,601318,14:37:11,52.5200,21,2
2026-06-11,601318,14:37:14,52.5300,16,1
2026-06-11,601318,14:37:17,52.5300,20,1
2026-06-11,601318,14:37:20,52.5400,162,1
2026-06-11,601318,14:37:23,52.5300,245,1
2026-06-11,601318,14:37:26,52.5300,36,1
2026-06-11,601318,14:37:29,52.5300,24,2
2026-06-11,601318,14:37:32,52.5300,26,2
2026-06-11,601318,14:37:35,52.5300,51,2
2026-06-11,601318,14:37:38,52.5200,38,2
2026-06-11,601318,14:37:41,52.5300,43,1
2026-06-11,601318,14:37:44,52.5200,24,2
2026-06-11,601318,14:37:47,52.5200,63,2
2026-06-11,601318,14:37:50,52.5200,73,2
2026-06-11,601318,14:37:53,52.5200,15,1
2026-06-11,601318,14:37:56,52.5200,11,1
2026-06-11,601318,14:37:59,52.5200,21,1
2026-06-11,601318,14:38:02,52.5200,28,1
2026-06-11,601318,14:38:05,52.5100,152,2
2026-06-11,601318,14:38:08,52.5100,63,2
2026-06-11,601318,14:38:11,52.5300,70,1
2026-06-11,601318,14:38:14,52.5300,37,1
2026-06-11,601318,14:38:17,52.5300,43,2
2026-06-11,601318,14:38:20,52.5300,94,2
2026-06-11,601318,14:38:23,52.5200,415,2
2026-06-11,601318,14:38:26,52.5200,117,2
2026-06-11,601318,14:38:29,52.5300,34,1
2026-06-11,601318,14:38:32,52.5200,68,2
2026-06-11,601318,14:38:35,52.5200,38,2
2026-06-11,601318,14:38:38,52.5300,27,4
2026-06-11,601318,14:38:41,52.5200,114,2
2026-06-11,601318,14:38:44,52.5200,40,2
2026-06-11,601318,14:38:47,52.5300,15,4
2026-06-11,601318,14:38:50,52.5200,98,2
2026-06-11,601318,14:38:53,52.5300,75,1
2026-06-11,601318,14:38:56,52.5300,35,1
2026-06-11,601318,14:38:59,52.5200,54,2
2026-06-11,601318,14:39:02,52.5100,817,2
2026-06-11,601318,14:39:05,52.5300,158,1
2026-06-11,601318,14:39:08,52.5200,635,1
2026-06-11,601318,14:39:11,52.5200,24,2
2026-06-11,601318,14:39:14,52.5200,29,2
2026-06-11,601318,14:39:17,52.5200,59,2
2026-06-11,601318,14:39:20,52.5200,283,1
2026-06-11,601318,14:39:23,52.5200,112,2
2026-06-11,601318,14:39:26,52.5400,109,1
2026-06-11,601318,14:39:29,52.5300,10,2
2026-06-11,601318,14:39:32,52.5400,3,1
2026-06-11,601318,14:39:35,52.5400,53,1
2026-06-11,601318,14:39:38,52.5400,8,1
2026-06-11,601318,14:39:41,52.5300,194,2
2026-06-11,601318,14:39:44,52.5300,180,1
2026-06-11,601318,14:39:47,52.5300,203,1
2026-06-11,601318,14:39:50,52.5300,70,2
2026-06-11,601318,14:39:53,52.5300,49,1
2026-06-11,601318,14:39:56,52.5400,70,1
2026-06-11,601318,14:39:59,52.5300,44,2
2026-06-11,601318,14:40:02,52.5300,482,1
2026-06-11,601318,14:40:05,52.5300,135,2
2026-06-11,601318,14:40:08,52.5300,66,2
2026-06-11,601318,14:40:11,52.5400,62,2
2026-06-11,601318,14:40:14,52.5400,27,1
2026-06-11,601318,14:40:17,52.5500,23,1
2026-06-11,601318,14:40:20,52.5400,78,2
2026-06-11,601318,14:40:23,52.5400,36,1
2026-06-11,601318,14:40:26,52.5400,37,1
2026-06-11,601318,14:40:29,52.5400,33,1
2026-06-11,601318,14:40:32,52.5400,19,2
2026-06-11,601318,14:40:35,52.5200,257,2
2026-06-11,601318,14:40:38,52.5200,110,1
2026-06-11,601318,14:40:41,52.5300,59,1
2026-06-11,601318,14:40:44,52.5300,88,2
2026-06-11,601318,14:40:47,52.5300,27,1
2026-06-11,601318,14:40:50,52.5300,75,1
2026-06-11,601318,14:40:53,52.5300,24,1
2026-06-11,601318,14:40:56,52.5300,54,1
2026-06-11,601318,14:40:59,52.5300,24,4
2026-06-11,601318,14:41:02,52.5200,31,2
2026-06-11,601318,14:41:05,52.5200,12,2
2026-06-11,601318,14:41:08,52.5300,188,1
2026-06-11,601318,14:41:11,52.5500,59,1
2026-06-11,601318,14:41:14,52.5500,96,1
2026-06-11,601318,14:41:17,52.5300,9,2
2026-06-11,601318,14:41:20,52.5500,58,1
2026-06-11,601318,14:41:23,52.5500,18,1
2026-06-11,601318,14:41:26,52.5400,36,1
2026-06-11,601318,14:41:29,52.5300,11,2
2026-06-11,601318,14:41:32,52.5400,16,1
2026-06-11,601318,14:41:35,52.5400,116,1
2026-06-11,601318,14:41:38,52.5400,24,1
2026-06-11,601318,14:41:41,52.5400,54,1
2026-06-11,601318,14:41:44,52.5400,27,2
2026-06-11,601318,14:41:47,52.5400,161,1
2026-06-11,601318,14:41:50,52.5500,162,1
2026-06-11,601318,14:41:53,52.5400,48,1
2026-06-11,601318,14:41:56,52.5400,21,1
2026-06-11,601318,14:41:59,52.5400,117,1
2026-06-11,601318,14:42:02,52.5400,10,1
2026-06-11,601318,14:42:05,52.5300,167,2
2026-06-11,601318,14:42:08,52.5400,70,1
2026-06-11,601318,14:42:11,52.5400,34,1
2026-06-11,601318,14:42:14,52.5500,18,1
2026-06-11,601318,14:42:17,52.5400,43,2
2026-06-11,601318,14:42:20,52.5400,52,2
2026-06-11,601318,14:42:23,52.5400,40,2
2026-06-11,601318,14:42:26,52.5500,88,1
2026-06-11,601318,14:42:29,52.5400,38,2
2026-06-11,601318,14:42:32,52.5500,213,1
2026-06-11,601318,14:42:35,52.5500,76,1
2026-06-11,601318,14:42:38,52.5400,19,2
2026-06-11,601318,14:42:41,52.5400,61,2
2026-06-11,601318,14:42:44,52.5500,6,1
2026-06-11,601318,14:42:47,52.5500,12,1
2026-06-11,601318,14:42:50,52.5400,124,2
2026-06-11,601318,14:42:53,52.5500,19,1
2026-06-11,601318,14:42:56,52.5500,59,1
2026-06-11,601318,14:42:59,52.5500,13,1
2026-06-11,601318,14:43:02,52.5500,18,1
2026-06-11,601318,14:43:05,52.5400,81,2
2026-06-11,601318,14:43:08,52.5400,112,2
2026-06-11,601318,14:43:11,52.5600,176,1
2026-06-11,601318,14:43:14,52.5500,109,4
2026-06-11,601318,14:43:17,52.5800,64,1
2026-06-11,601318,14:43:20,52.5600,61,2
2026-06-11,601318,14:43:23,52.5500,69,2
2026-06-11,601318,14:43:26,52.5600,95,1
2026-06-11,601318,14:43:29,52.5500,35,4
2026-06-11,601318,14:43:32,52.5500,31,4
2026-06-11,601318,14:43:35,52.5400,158,2
2026-06-11,601318,14:43:38,52.5600,87,1
2026-06-11,601318,14:43:41,52.5600,9,1
2026-06-11,601318,14:43:44,52.5600,65,1
2026-06-11,601318,14:43:47,52.5600,49,1
2026-06-11,601318,14:43:50,52.5500,161,2
2026-06-11,601318,14:43:53,52.5600,110,1
2026-06-11,601318,14:43:56,52.5800,164,1
2026-06-11,601318,14:43:59,52.5600,29,1
2026-06-11,601318,14:44:02,52.5500,313,2
2026-06-11,601318,14:44:05,52.5700,163,1
2026-06-11,601318,14:44:08,52.5800,250,4
2026-06-11,601318,14:44:11,52.5800,152,2
2026-06-11,601318,14:44:14,52.5900,23,1
2026-06-11,601318,14:44:17,52.5900,82,2
2026-06-11,601318,14:44:20,52.5900,54,1
2026-06-11,601318,14:44:23,52.6100,87,1
2026-06-11,601318,14:44:26,52.5800,34,2
2026-06-11,601318,14:44:29,52.6000,28,1
2026-06-11,601318,14:44:32,52.5800,53,2
2026-06-11,601318,14:44:35,52.6000,35,1
2026-06-11,601318,14:44:38,52.5900,27,1
2026-06-11,601318,14:44:41,52.6000,64,1
2026-06-11,601318,14:44:44,52.6100,93,1
2026-06-11,601318,14:44:47,52.5900,54,2
2026-06-11,601318,14:44:50,52.6000,24,1
2026-06-11,601318,14:44:53,52.6000,59,1
2026-06-11,601318,14:44:56,52.6000,29,1
2026-06-11,601318,14:44:59,52.6200,133,1
2026-06-11,601318,14:45:02,52.6000,123,2
2026-06-11,601318,14:45:05,52.6100,65,1
2026-06-11,601318,14:45:08,52.6200,17,4
2026-06-11,601318,14:45:11,52.6100,103,2
2026-06-11,601318,14:45:14,52.6200,51,2
2026-06-11,601318,14:45:17,52.6300,71,1
2026-06-11,601318,14:45:20,52.6200,127,2
2026-06-11,601318,14:45:23,52.6200,218,1
2026-06-11,601318,14:45:26,52.6000,107,2
2026-06-11,601318,14:45:29,52.6000,76,2
2026-06-11,601318,14:45:32,52.6100,103,1
2026-06-11,601318,14:45:35,52.6000,18,4
2026-06-11,601318,14:45:38,52.6100,104,1
2026-06-11,601318,14:45:41,52.6000,35,2
2026-06-11,601318,14:45:44,52.6000,122,2
2026-06-11,601318,14:45:47,52.6000,90,1
2026-06-11,601318,14:45:50,52.6000,110,2
2026-06-11,601318,14:45:53,52.6100,36,1
2026-06-11,601318,14:45:56,52.6000,52,2
2026-06-11,601318,14:45:59,52.6100,48,2
2026-06-11,601318,14:46:02,52.6200,161,1
2026-06-11,601318,14:46:05,52.6500,276,1
2026-06-11,601318,14:46:08,52.6500,58,1
2026-06-11,601318,14:46:11,52.6200,146,2
2026-06-11,601318,14:46:14,52.6200,120,2
2026-06-11,601318,14:46:17,52.6200,140,2
2026-06-11,601318,14:46:20,52.6300,147,1
2026-06-11,601318,14:46:23,52.6200,50,4
2026-06-11,601318,14:46:26,52.6300,305,1
2026-06-11,601318,14:46:29,52.6300,101,1
2026-06-11,601318,14:46:32,52.6500,144,1
2026-06-11,601318,14:46:35,52.6300,49,1
2026-06-11,601318,14:46:38,52.6300,132,2
2026-06-11,601318,14:46:41,52.6200,7,2
2026-06-11,601318,14:46:44,52.6300,50,1
2026-06-11,601318,14:46:47,52.6200,46,2
2026-06-11,601318,14:46:51,52.6200,107,1
2026-06-11,601318,14:46:53,52.6100,257,2
2026-06-11,601318,14:46:56,52.6200,157,1
2026-06-11,601318,14:46:59,52.6200,234,2
2026-06-11,601318,14:47:02,52.6100,149,2
2026-06-11,601318,14:47:05,52.6200,157,4
2026-06-11,601318,14:47:08,52.6100,64,2
2026-06-11,601318,14:47:11,52.6100,14,2
2026-06-11,601318,14:47:14,52.6100,79,1
2026-06-11,601318,14:47:17,52.6000,84,2
2026-06-11,601318,14:47:21,52.6000,144,2
2026-06-11,601318,14:47:23,52.6000,132,2
2026-06-11,601318,14:47:26,52.6000,60,2
2026-06-11,601318,14:47:29,52.6100,51,1
2026-06-11,601318,14:47:32,52.6000,10,1
2026-06-11,601318,14:47:35,52.6000,34,1
2026-06-11,601318,14:47:38,52.5900,59,2
2026-06-11,601318,14:47:41,52.6000,51,1
2026-06-11,601318,14:47:44,52.6000,101,1
2026-06-11,601318,14:47:47,52.6000,19,1
2026-06-11,601318,14:47:50,52.5900,76,2
2026-06-11,601318,14:47:53,52.6000,21,1
2026-06-11,601318,14:47:56,52.5900,140,2
2026-06-11,601318,14:47:59,52.5800,22,2
2026-06-11,601318,14:48:02,52.5800,7,2
2026-06-11,601318,14:48:05,52.5800,112,2
2026-06-11,601318,14:48:08,52.5900,189,1
2026-06-11,601318,14:48:11,52.5900,60,2
2026-06-11,601318,14:48:14,52.5900,123,1
2026-06-11,601318,14:48:17,52.5900,46,1
2026-06-11,601318,14:48:20,52.6100,188,1
2026-06-11,601318,14:48:23,52.6000,125,4
2026-06-11,601318,14:48:26,52.6000,29,2
2026-06-11,601318,14:48:29,52.6000,170,1
2026-06-11,601318,14:48:32,52.5900,95,2
2026-06-11,601318,14:48:35,52.6000,90,1
2026-06-11,601318,14:48:38,52.6000,89,1
2026-06-11,601318,14:48:41,52.5900,59,2
2026-06-11,601318,14:48:44,52.6000,22,1
2026-06-11,601318,14:48:47,52.6000,56,1
2026-06-11,601318,14:48:50,52.5900,58,2
2026-06-11,601318,14:48:53,52.6100,98,1
2026-06-11,601318,14:48:56,52.6000,79,2
2026-06-11,601318,14:48:59,52.6000,42,1
2026-06-11,601318,14:49:02,52.5900,72,2
2026-06-11,601318,14:49:05,52.5900,187,2
2026-06-11,601318,14:49:08,52.5900,24,2
2026-06-11,601318,14:49:11,52.5800,89,2
2026-06-11,601318,14:49:14,52.6000,176,1
2026-06-11,601318,14:49:17,52.5900,126,1
2026-06-11,601318,14:49:20,52.6000,89,1
2026-06-11,601318,14:49:23,52.6100,143,1
2026-06-11,601318,14:49:26,52.6000,7,2
2026-06-11,601318,14:49:29,52.6000,210,2
2026-06-11,601318,14:49:32,52.6000,175,2
2026-06-11,601318,14:49:35,52.6000,165,1
2026-06-11,601318,14:49:38,52.5900,54,2
2026-06-11,601318,14:49:41,52.5900,71,2
2026-06-11,601318,14:49:44,52.5900,86,2
2026-06-11,601318,14:49:47,52.6000,172,1
2026-06-11,601318,14:49:50,52.5800,67,1
2026-06-11,601318,14:49:53,52.5700,118,2
2026-06-11,601318,14:49:56,52.5700,74,2
2026-06-11,601318,14:49:59,52.5800,6,1
2026-06-11,601318,14:50:02,52.5800,290,1
2026-06-11,601318,14:50:05,52.5700,116,2
2026-06-11,601318,14:50:08,52.5800,45,1
2026-06-11,601318,14:50:11,52.5700,130,2
2026-06-11,601318,14:50:14,52.5700,29,4
2026-06-11,601318,14:50:17,52.5700,21,2
2026-06-11,601318,14:50:20,52.5700,201,1
2026-06-11,601318,14:50:23,52.5900,44,1
2026-06-11,601318,14:50:26,52.5800,53,2
2026-06-11,601318,14:50:29,52.5800,162,2
2026-06-11,601318,14:50:32,52.5800,13,1
2026-06-11,601318,14:50:35,52.5800,390,1
2026-06-11,601318,14:50:38,52.5900,395,1
2026-06-11,601318,14:50:41,52.5900,34,1
2026-06-11,601318,14:50:44,52.5900,38,1
2026-06-11,601318,14:50:47,52.5900,12,1
2026-06-11,601318,14:50:50,52.5900,169,1
2026-06-11,601318,14:50:53,52.5900,71,1
2026-06-11,601318,14:50:56,52.5900,110,1
2026-06-11,601318,14:50:59,52.5800,158,2
2026-06-11,601318,14:51:02,52.5800,270,2
2026-06-11,601318,14:51:04,52.5700,450,2
2026-06-11,601318,14:51:08,52.5600,147,2
2026-06-11,601318,14:51:11,52.5600,89,2
2026-06-11,601318,14:51:14,52.5800,76,1
2026-06-11,601318,14:51:17,52.5600,727,2
2026-06-11,601318,14:51:20,52.5700,131,1
2026-06-11,601318,14:51:23,52.5600,110,2
2026-06-11,601318,14:51:26,52.5800,96,1
2026-06-11,601318,14:51:29,52.5700,47,2
2026-06-11,601318,14:51:32,52.5700,131,2
2026-06-11,601318,14:51:35,52.5700,50,2
2026-06-11,601318,14:51:38,52.5600,60,2
2026-06-11,601318,14:51:41,52.5600,254,2
2026-06-11,601318,14:51:44,52.5500,27,2
2026-06-11,601318,14:51:47,52.5400,506,2
2026-06-11,601318,14:51:50,52.5400,309,2
2026-06-11,601318,14:51:53,52.5400,89,1
2026-06-11,601318,14:51:56,52.5400,244,1
2026-06-11,601318,14:51:59,52.5500,598,1
2026-06-11,601318,14:52:02,52.5500,895,1
2026-06-11,601318,14:52:05,52.5500,642,1
2026-06-11,601318,14:52:08,52.5500,322,1
2026-06-11,601318,14:52:11,52.5400,45,2
2026-06-11,601318,14:52:14,52.5800,554,1
2026-06-11,601318,14:52:17,52.5800,390,2
2026-06-11,601318,14:52:20,52.5500,117,2
2026-06-11,601318,14:52:23,52.5800,33,1
2026-06-11,601318,14:52:26,52.5800,91,1
2026-06-11,601318,14:52:29,52.5800,208,1
2026-06-11,601318,14:52:32,52.5600,65,4
2026-06-11,601318,14:52:34,52.6000,273,1
2026-06-11,601318,14:52:38,52.5700,642,2
2026-06-11,601318,14:52:41,52.5500,94,2
2026-06-11,601318,14:52:44,52.5600,45,2
2026-06-11,601318,14:52:47,52.5700,88,1
2026-06-11,601318,14:52:50,52.5700,9,1
2026-06-11,601318,14:52:53,52.5700,54,1
2026-06-11,601318,14:52:56,52.5700,25,1
2026-06-11,601318,14:52:59,52.5700,170,1
2026-06-11,601318,14:53:02,52.6000,216,1
2026-06-11,601318,14:53:05,52.5700,66,2
2026-06-11,601318,14:53:08,52.5700,124,1
2026-06-11,601318,14:53:11,52.5700,123,1
2026-06-11,601318,14:53:14,52.5600,117,2
2026-06-11,601318,14:53:17,52.5800,31,4
2026-06-11,601318,14:53:20,52.5800,167,2
2026-06-11,601318,14:53:23,52.5800,16,2
2026-06-11,601318,14:53:26,52.5800,130,2
2026-06-11,601318,14:53:29,52.5900,475,1
2026-06-11,601318,14:53:32,52.5800,106,2
2026-06-11,601318,14:53:35,52.5800,88,1
2026-06-11,601318,14:53:38,52.5800,12,1
2026-06-11,601318,14:53:41,52.5800,377,1
2026-06-11,601318,14:53:44,52.5800,54,1
2026-06-11,601318,14:53:47,52.5600,155,2
2026-06-11,601318,14:53:50,52.5700,357,2
2026-06-11,601318,14:53:53,52.5700,46,1
2026-06-11,601318,14:53:56,52.5700,36,1
2026-06-11,601318,14:53:59,52.5700,78,1
2026-06-11,601318,14:54:02,52.5700,644,2
2026-06-11,601318,14:54:05,52.5700,302,2
2026-06-11,601318,14:54:08,52.5700,92,1
2026-06-11,601318,14:54:11,52.5700,74,1
2026-06-11,601318,14:54:14,52.5600,40,2
2026-06-11,601318,14:54:17,52.5700,454,1
2026-06-11,601318,14:54:20,52.5600,94,2
2026-06-11,601318,14:54:23,52.5600,67,2
2026-06-11,601318,14:54:26,52.5700,31,1
2026-06-11,601318,14:54:29,52.5700,146,1
2026-06-11,601318,14:54:32,52.5600,150,2
2026-06-11,601318,14:54:35,52.6300,435,1
2026-06-11,601318,14:54:38,52.5700,177,2
2026-06-11,601318,14:54:40,52.6000,105,1
2026-06-11,601318,14:54:44,52.6100,149,1
2026-06-11,601318,14:54:47,52.5900,110,2
2026-06-11,601318,14:54:50,52.6100,27,1
2026-06-11,601318,14:54:53,52.6100,226,2
2026-06-11,601318,14:54:56,52.6100,241,1
2026-06-11,601318,14:54:59,52.6000,57,2
2026-06-11,601318,14:55:02,52.6000,164,2
2026-06-11,601318,14:55:05,52.6000,202,1
2026-06-11,601318,14:55:08,52.6000,97,1
2026-06-11,601318,14:55:11,52.6100,121,1
2026-06-11,601318,14:55:14,52.6100,165,1
2026-06-11,601318,14:55:17,52.6100,249,2
2026-06-11,601318,14:55:20,52.6000,961,2
2026-06-11,601318,14:55:23,52.6100,192,1
2026-06-11,601318,14:55:26,52.6100,140,1
2026-06-11,601318,14:55:29,52.6100,414,1
2026-06-11,601318,14:55:32,52.6100,87,1
2026-06-11,601318,14:55:35,52.5900,130,2
2026-06-11,601318,14:55:38,52.5900,90,2
2026-06-11,601318,14:55:41,52.5800,248,2
2026-06-11,601318,14:55:44,52.5800,210,2
2026-06-11,601318,14:55:47,52.5700,109,2
2026-06-11,601318,14:55:50,52.5700,260,2
2026-06-11,601318,14:55:53,52.5700,178,1
2026-06-11,601318,14:55:56,52.5700,101,1
2026-06-11,601318,14:55:59,52.5900,561,1
2026-06-11,601318,14:56:02,52.5900,700,1
2026-06-11,601318,14:56:05,52.5900,60,2
2026-06-11,601318,14:56:08,52.5900,98,2
2026-06-11,601318,14:56:11,52.6000,83,1
2026-06-11,601318,14:56:14,52.6000,201,2
2026-06-11,601318,14:56:17,52.5900,133,2
2026-06-11,601318,14:56:20,52.5800,125,2
2026-06-11,601318,14:56:23,52.5800,280,1
2026-06-11,601318,14:56:26,52.6600,255,1
2026-06-11,601318,14:56:29,52.6000,150,2
2026-06-11,601318,14:56:32,52.5900,56,2
2026-06-11,601318,14:56:35,52.6000,420,2
2026-06-11,601318,14:56:38,52.6300,34,1
2026-06-11,601318,14:56:41,52.6000,102,2
2026-06-11,601318,14:56:44,52.5900,36,2
2026-06-11,601318,14:56:47,52.6300,124,1
2026-06-11,601318,14:56:50,52.6100,125,2
2026-06-11,601318,14:56:53,52.6100,156,2
2026-06-11,601318,14:56:56,52.6100,23,2
2026-06-11,601318,14:56:59,52.6300,25,1
2026-06-11,601318,14:57:02,52.6100,4,2
2026-06-11,601318,15:00:02,52.6400,6007,4
2026-06-11,601318,13:17:02,52.5500,83,2
2026-06-11,601318,13:17:05,52.5300,52,2
2026-06-11,601318,13:17:08,52.5300,12,2
2026-06-11,601318,13:17:11,52.5400,17,2
2026-06-11,601318,13:17:14,52.5400,23,2
2026-06-11,601318,13:17:17,52.5600,10,1
2026-06-11,601318,13:17:20,52.5500,61,1
2026-06-11,601318,13:17:23,52.5500,24,2
2026-06-11,601318,13:17:26,52.5500,13,2
2026-06-11,601318,13:17:29,52.5600,43,1
2026-06-11,601318,13:17:32,52.5600,16,1
2026-06-11,601318,13:17:35,52.5500,53,2
2026-06-11,601318,13:17:38,52.5600,6,1
2026-06-11,601318,13:17:41,52.5600,25,1
2026-06-11,601318,13:17:44,52.5600,46,1
2026-06-11,601318,13:17:47,52.5600,29,1
2026-06-11,601318,13:17:50,52.5500,95,2
2026-06-11,601318,13:17:53,52.5500,23,1
2026-06-11,601318,13:17:56,52.5400,127,2
2026-06-11,601318,13:17:59,52.5500,61,1
2026-06-11,601318,13:18:02,52.5500,16,1
2026-06-11,601318,13:18:05,52.5400,19,2
2026-06-11,601318,13:18:08,52.5400,60,1
2026-06-11,601318,13:18:11,52.5400,24,2
2026-06-11,601318,13:18:14,52.5600,108,1
2026-06-11,601318,13:18:17,52.5300,495,2
2026-06-11,601318,13:18:20,52.5200,919,2
2026-06-11,601318,13:18:23,52.5100,776,2
2026-06-11,601318,13:18:26,52.5000,931,2
2026-06-11,601318,13:18:29,52.5000,1512,2
2026-06-11,601318,13:18:32,52.4800,192,2
2026-06-11,601318,13:18:35,52.4800,86,2
2026-06-11,601318,13:18:38,52.4600,150,2
2026-06-11,601318,13:18:41,52.4700,32,1
2026-06-11,601318,13:18:44,52.4700,20,1
2026-06-11,601318,13:18:47,52.4600,279,2
2026-06-11,601318,13:18:50,52.4600,20,1
2026-06-11,601318,13:18:53,52.4600,13,1
2026-06-11,601318,13:18:56,52.4600,44,2
2026-06-11,601318,13:18:59,52.4600,442,1
2026-06-11,601318,13:19:02,52.4500,112,2
2026-06-11,601318,13:19:05,52.4500,65,1
2026-06-11,601318,13:19:08,52.4400,43,2
2026-06-11,601318,13:19:11,52.4400,33,1
2026-06-11,601318,13:19:14,52.4400,24,1
2026-06-11,601318,13:19:17,52.4400,178,1
2026-06-11,601318,13:19:20,52.4300,17,4
2026-06-11,601318,13:19:23,52.4300,43,2
2026-06-11,601318,13:19:26,52.4400,9,1
2026-06-11,601318,13:19:29,52.4400,93,1
2026-06-11,601318,13:19:32,52.4400,39,1
2026-06-11,601318,13:19:35,52.4400,42,1
2026-06-11,601318,13:19:38,52.4400,64,1
2026-06-11,601318,13:19:41,52.4500,27,1
2026-06-11,601318,13:19:44,52.4500,2100,1
2026-06-11,601318,13:19:47,52.4500,119,2
2026-06-11,601318,13:19:50,52.4500,11,1
2026-06-11,601318,13:19:53,52.4300,106,2
2026-06-11,601318,13:19:56,52.4400,12,4
2026-06-11,601318,13:19:59,52.4400,120,2
2026-06-11,601318,13:20:02,52.4400,43,4
2026-06-11,601318,13:20:05,52.4600,8,1
2026-06-11,601318,13:20:08,52.4500,43,1
2026-06-11,601318,13:20:11,52.4600,27,1
2026-06-11,601318,13:20:14,52.4600,118,1
2026-06-11,601318,13:20:17,52.4700,6,1
2026-06-11,601318,13:20:20,52.4800,29,1
2026-06-11,601318,13:20:23,52.4800,75,1
2026-06-11,601318,13:20:26,52.4800,21,1
2026-06-11,601318,13:20:29,52.4700,44,2
2026-06-11,601318,13:20:32,52.4600,81,2
2026-06-11,601318,13:20:35,52.4700,10,1
2026-06-11,601318,13:20:38,52.4600,29,2
2026-06-11,601318,13:20:41,52.4700,37,1
2026-06-11,601318,13:20:44,52.4600,13,2
2026-06-11,601318,13:20:47,52.4700,49,1
2026-06-11,601318,13:20:50,52.4700,11,1
2026-06-11,601318,13:20:53,52.4700,171,1
2026-06-11,601318,13:20:56,52.4700,35,1
2026-06-11,601318,13:20:59,52.4700,48,2
2026-06-11,601318,13:21:02,52.4700,56,2
2026-06-11,601318,13:21:05,52.4700,55,1
2026-06-11,601318,13:21:08,52.4800,60,1
2026-06-11,601318,13:21:11,52.4800,24,1
2026-06-11,601318,13:21:13,52.4700,60,2
2026-06-11,601318,13:21:17,52.4700,75,1
2026-06-11,601318,13:21:20,52.4700,49,1
2026-06-11,601318,13:21:23,52.4700,39,1
2026-06-11,601318,13:21:26,52.4700,82,1
2026-06-11,601318,13:21:29,52.4700,60,1
2026-06-11,601318,13:21:32,52.4700,49,1
2026-06-11,601318,13:21:35,52.4700,29,1
2026-06-11,601318,13:21:38,52.4700,26,1
2026-06-11,601318,13:21:41,52.4800,13,1
2026-06-11,601318,13:21:44,52.4700,27,2
2026-06-11,601318,13:21:47,52.4800,33,1
2026-06-11,601318,13:21:50,52.4700,15,2
2026-06-11,601318,13:21:53,52.4800,97,1
2026-06-11,601318,13:21:56,52.4800,64,1
2026-06-11,601318,13:21:59,52.4800,22,1
2026-06-11,601318,13:22:02,52.4700,17,2
2026-06-11,601318,13:22:05,52.4800,80,1
2026-06-11,601318,13:22:08,52.4800,33,2
2026-06-11,601318,13:22:11,52.5000,20,1
2026-06-11,601318,13:22:14,52.4900,8,4
2026-06-11,601318,13:22:17,52.4800,30,2
2026-06-11,601318,13:22:20,52.5000,24,1
2026-06-11,601318,13:22:23,52.5100,28,1
2026-06-11,601318,13:22:26,52.5000,22,1
2026-06-11,601318,13:22:29,52.5100,16,1
2026-06-11,601318,13:22:32,52.5000,58,1
2026-06-11,601318,13:22:35,52.5000,74,2
2026-06-11,601318,13:22:38,52.5100,11,1
2026-06-11,601318,13:22:41,52.5100,104,1
2026-06-11,601318,13:22:44,52.5000,41,2
2026-06-11,601318,13:22:47,52.4800,63,2
2026-06-11,601318,13:22:50,52.5000,30,1
2026-06-11,601318,13:22:53,52.4900,21,4
2026-06-11,601318,13:22:56,52.4900,114,1
2026-06-11,601318,13:22:59,52.5000,29,4
2026-06-11,601318,13:23:02,52.5100,28,1
2026-06-11,601318,13:23:05,52.5000,13,2
2026-06-11,601318,13:23:08,52.5000,20,4
2026-06-11,601318,13:23:11,52.4900,32,2
2026-06-11,601318,13:23:14,52.5000,75,1
2026-06-11,601318,13:23:17,52.5000,32,2
2026-06-11,601318,13:23:20,52.5000,25,1
2026-06-11,601318,13:23:23,52.5100,20,1
2026-06-11,601318,13:23:26,52.4900,39,2
2026-06-11,601318,13:23:29,52.5000,28,4
2026-06-11,601318,13:23:32,52.5000,29,1
2026-06-11,601318,13:23:35,52.5100,18,1
2026-06-11,601318,13:23:38,52.5000,16,2
2026-06-11,601318,13:23:41,52.5000,18,2
2026-06-11,601318,13:23:44,52.5000,11,2
2026-06-11,601318,13:23:47,52.5000,71,2
2026-06-11,601318,13:23:50,52.5000,185,2
2026-06-11,601318,13:23:53,52.5100,49,1
2026-06-11,601318,13:23:56,52.5100,66,1
2026-06-11,601318,13:23:59,52.5000,24,4
2026-06-11,601318,13:24:02,52.5100,81,1
2026-06-11,601318,13:24:05,52.5100,65,1
2026-06-11,601318,13:24:08,52.5000,39,2
2026-06-11,601318,13:24:11,52.5200,10,1
2026-06-11,601318,13:24:14,52.5200,7,1
2026-06-11,601318,13:24:17,52.5200,17,1
2026-06-11,601318,13:24:20,52.5200,24,1
2026-06-11,601318,13:24:23,52.5300,39,1
2026-06-11,601318,13:24:26,52.5300,19,1
2026-06-11,601318,13:24:29,52.5300,20,1
2026-06-11,601318,13:24:32,52.5300,60,1
2026-06-11,601318,13:24:35,52.5300,34,1
2026-06-11,601318,13:24:38,52.5300,24,1
2026-06-11,601318,13:24:41,52.5300,26,1
2026-06-11,601318,13:24:44,52.5400,71,1
2026-06-11,601318,13:24:47,52.5300,52,2
2026-06-11,601318,13:24:50,52.5300,27,1
2026-06-11,601318,13:24:53,52.5400,218,1
2026-06-11,601318,13:24:56,52.5300,60,2
2026-06-11,601318,13:24:59,52.5300,33,1
2026-06-11,601318,13:25:02,52.5300,17,1
2026-06-11,601318,13:25:05,52.5200,131,4
2026-06-11,601318,13:25:08,52.5100,148,1
2026-06-11,601318,13:25:11,52.5100,65,1
2026-06-11,601318,13:25:14,52.5000,25,2
2026-06-11,601318,13:25:17,52.5000,111,2
2026-06-11,601318,13:25:20,52.5000,62,2
2026-06-11,601318,13:25:23,52.5000,43,2
2026-06-11,601318,13:25:26,52.5300,288,1
2026-06-11,601318,13:25:29,52.5400,85,1
2026-06-11,601318,13:25:32,52.5400,63,1
2026-06-11,601318,13:25:35,52.5300,71,2
2026-06-11,601318,13:25:38,52.5300,24,2
2026-06-11,601318,13:25:41,52.5300,34,1
2026-06-11,601318,13:25:44,52.5100,50,2
2026-06-11,601318,13:25:47,52.5300,41,1
2026-06-11,601318,13:25:50,52.5200,7,4
2026-06-11,601318,13:25:53,52.5300,29,1
2026-06-11,601318,13:25:56,52.5400,112,1
2026-06-11,601318,13:25:59,52.5300,53,1
2026-06-11,601318,13:26:02,52.5300,91,1
2026-06-11,601318,13:26:05,52.5600,26,1
2026-06-11,601318,13:26:08,52.5700,39,1
2026-06-11,601318,13:26:11,52.5900,62,1
2026-06-11,601318,13:26:14,52.5900,60,1
2026-06-11,601318,13:26:17,52.5700,28,2
2026-06-11,601318,13:26:20,52.5600,112,2
2026-06-11,601318,13:26:23,52.5800,34,1
2026-06-11,601318,13:26:26,52.5700,20,2
2026-06-11,601318,13:26:29,52.5700,24,1
2026-06-11,601318,13:26:32,52.5700,42,1
2026-06-11,601318,13:26:35,52.5800,44,1
2026-06-11,601318,13:26:38,52.5600,86,2
2026-06-11,601318,13:26:41,52.5500,39,2
2026-06-11,601318,13:26:44,52.5600,121,4
2026-06-11,601318,13:26:47,52.5700,59,1
2026-06-11,601318,13:26:50,52.5700,13,1
2026-06-11,601318,13:26:53,52.5700,196,2
2026-06-11,601318,13:26:56,52.5700,293,1
2026-06-11,601318,13:26:59,52.5500,44,2
2026-06-11,601318,13:27:02,52.5800,50,1
2026-06-11,601318,13:27:05,52.5700,20,2
2026-06-11,601318,13:27:08,52.5500,48,2
2026-06-11,601318,13:27:11,52.5500,18,1
2026-06-11,601318,13:27:14,52.5400,45,2
2026-06-11,601318,13:27:17,52.5700,61,1
2026-06-11,601318,13:27:20,52.5600,12,1
2026-06-11,601318,13:27:23,52.5400,27,2
2026-06-11,601318,13:27:26,52.5500,33,1
2026-06-11,601318,13:27:29,52.5500,37,1
2026-06-11,601318,13:27:32,52.5400,5,4
2026-06-11,601318,13:27:35,52.5500,65,1
2026-06-11,601318,13:27:38,52.5400,56,2
2026-06-11,601318,13:27:41,52.5400,57,1
2026-06-11,601318,13:27:44,52.5500,43,1
2026-06-11,601318,13:27:47,52.5500,38,1
2026-06-11,601318,13:27:50,52.5400,53,4
2026-06-11,601318,13:27:53,52.5400,41,2
2026-06-11,601318,13:27:56,52.5400,89,1
2026-06-11,601318,13:27:59,52.5500,221,1
2026-06-11,601318,13:28:02,52.5700,10,1
2026-06-11,601318,13:28:05,52.5600,33,1
2026-06-11,601318,13:28:08,52.5600,7,1
2026-06-11,601318,13:28:11,52.5700,112,1
2026-06-11,601318,13:28:14,52.5900,44,1
2026-06-11,601318,13:28:17,52.5800,53,1
2026-06-11,601318,13:28:20,52.5700,32,2
2026-06-11,601318,13:28:23,52.5700,25,2
2026-06-11,601318,13:28:26,52.5700,39,1
2026-06-11,601318,13:28:29,52.5700,30,1
2026-06-11,601318,13:28:32,52.5700,41,1
2026-06-11,601318,13:28:35,52.5600,42,2
2026-06-11,601318,13:28:38,52.5600,29,1
2026-06-11,601318,13:28:41,52.5600,87,2
2026-06-11,601318,13:28:44,52.5700,34,1
2026-06-11,601318,13:28:47,52.5700,14,1
2026-06-11,601318,13:28:50,52.5700,17,1
2026-06-11,601318,13:28:53,52.5700,13,1
2026-06-11,601318,13:28:56,52.5700,27,4
2026-06-11,601318,13:28:59,52.5700,36,2
2026-06-11,601318,13:29:02,52.5800,18,1
2026-06-11,601318,13:29:05,52.5700,97,2
2026-06-11,601318,13:29:08,52.5800,48,1
2026-06-11,601318,13:29:11,52.5800,83,1
2026-06-11,601318,13:29:14,52.5800,27,1
2026-06-11,601318,13:29:17,52.5800,58,1
2026-06-11,601318,13:29:20,52.5800,10,1
2026-06-11,601318,13:29:23,52.5700,8,1
2026-06-11,601318,13:29:26,52.5700,37,2
2026-06-11,601318,13:29:29,52.5800,15,1
2026-06-11,601318,13:29:32,52.5800,72,1
2026-06-11,601318,13:29:35,52.5700,27,2
2026-06-11,601318,13:29:38,52.5700,90,2
2026-06-11,601318,13:29:41,52.5800,13,1
2026-06-11,601318,13:29:44,52.5600,56,2
2026-06-11,601318,13:29:47,52.5600,50,1
2026-06-11,601318,13:29:50,52.5500,134,2
2026-06-11,601318,13:29:53,52.5500,121,1
2026-06-11,601318,13:29:56,52.5500,31,1
2026-06-11,601318,13:29:59,52.5400,34,2
2026-06-11,601318,13:30:02,52.5300,38,2
2026-06-11,601318,13:30:05,52.5200,200,2
2026-06-11,601318,13:30:08,52.5200,462,2
2026-06-11,601318,13:30:11,52.5100,211,2
2026-06-11,601318,13:30:14,52.5100,418,1
2026-06-11,601318,13:30:17,52.5000,18,4
2026-06-11,601318,13:30:20,52.5100,18,1
2026-06-11,601318,13:30:23,52.5100,96,1
2026-06-11,601318,13:30:26,52.5100,9,1
2026-06-11,601318,13:30:29,52.5000,63,2
2026-06-11,601318,13:30:32,52.5000,195,2
2026-06-11,601318,13:30:34,52.5000,12,2
2026-06-11,601318,13:30:38,52.5100,11,1
2026-06-11,601318,13:30:41,52.5100,20,1
2026-06-11,601318,13:30:44,52.5000,47,4
2026-06-11,601318,13:30:47,52.5000,23,2
2026-06-11,601318,13:30:50,52.5000,44,1
2026-06-11,601318,13:30:53,52.4900,12,2
2026-06-11,601318,13:30:56,52.5000,35,1
2026-06-11,601318,13:30:59,52.5000,52,1
2026-06-11,601318,13:31:02,52.5000,10,1
2026-06-11,601318,13:31:05,52.4800,52,2
2026-06-11,601318,13:31:08,52.4800,35,2
2026-06-11,601318,13:31:11,52.4900,39,4
2026-06-11,601318,13:31:14,52.4800,35,2
2026-06-11,601318,13:31:17,52.5000,9,1
2026-06-11,601318,13:31:20,52.5000,35,1
2026-06-11,601318,13:31:23,52.5000,64,1
2026-06-11,601318,13:31:26,52.5100,18,1
2026-06-11,601318,13:31:29,52.5100,12,1
2026-06-11,601318,13:31:32,52.5000,16,2
2026-06-11,601318,13:31:35,52.5100,22,1
2026-06-11,601318,13:31:38,52.5100,19,1
2026-06-11,601318,13:31:41,52.5100,16,1
2026-06-11,601318,13:31:44,52.5100,5,1
2026-06-11,601318,13:31:47,52.5100,26,1
2026-06-11,601318,13:31:50,52.5000,63,2
2026-06-11,601318,13:31:53,52.5000,45,2
2026-06-11,601318,13:31:56,52.5100,43,1
2026-06-11,601318,13:31:59,52.5100,10,1
2026-06-11,601318,13:32:02,52.5000,34,2
2026-06-11,601318,13:32:05,52.5100,72,1
2026-06-11,601318,13:32:08,52.5000,81,2
2026-06-11,601318,13:32:11,52.5100,32,1
2026-06-11,601318,13:32:14,52.5000,83,2
2026-06-11,601318,13:32:17,52.5100,18,1
2026-06-11,601318,13:32:20,52.5100,37,1
2026-06-11,601318,13:32:23,52.5100,88,2
2026-06-11,601318,13:32:26,52.5100,45,2
2026-06-11,601318,13:32:29,52.5100,56,1
2026-06-11,601318,13:32:32,52.5000,43,2
2026-06-11,601318,13:32:35,52.5000,85,2
2026-06-11,601318,13:32:38,52.5000,24,1
2026-06-11,601318,13:32:41,52.5000,17,1
2026-06-11,601318,13:32:44,52.5000,30,1
2026-06-11,601318,13:32:47,52.5000,60,1
2026-06-11,601318,13:32:50,52.5000,44,1
2026-06-11,601318,13:32:53,52.4800,37,2
2026-06-11,601318,13:32:56,52.4700,109,2
2026-06-11,601318,13:32:59,52.4800,101,1
2026-06-11,601318,13:33:02,52.4800,33,4
2026-06-11,601318,13:33:05,52.4900,87,1
2026-06-11,601318,13:33:08,52.4900,31,1
2026-06-11,601318,13:33:11,52.4800,13,2
2026-06-11,601318,13:33:14,52.4900,87,1
2026-06-11,601318,13:33:17,52.4700,21,2
2026-06-11,601318,13:33:20,52.4800,44,2
2026-06-11,601318,13:33:23,52.4800,7,1
2026-06-11,601318,13:33:26,52.4900,39,1
2026-06-11,601318,13:33:29,52.4700,160,2
2026-06-11,601318,13:33:32,52.4900,62,1
2026-06-11,601318,13:33:35,52.4700,29,2
2026-06-11,601318,13:33:38,52.4800,66,1
2026-06-11,601318,13:33:41,52.4700,76,2
2026-06-11,601318,13:33:44,52.4800,63,1
2026-06-11,601318,13:33:47,52.4900,175,1
2026-06-11,601318,13:33:50,52.5100,40,1
2026-06-11,601318,13:33:53,52.5300,144,1
2026-06-11,601318,13:33:56,52.5200,9,2
2026-06-11,601318,13:33:59,52.5300,50,1
2026-06-11,601318,13:34:02,52.5400,28,1
2026-06-11,601318,13:34:05,52.5300,13,4
2026-06-11,601318,13:34:08,52.5300,10,4
2026-06-11,601318,13:34:11,52.5400,24,1
2026-06-11,601318,13:34:14,52.5400,15,1
2026-06-11,601318,13:34:17,52.5300,38,2
2026-06-11,601318,13:34:20,52.5400,11,1
2026-06-11,601318,13:34:23,52.5400,7,1
2026-06-11,601318,13:34:26,52.5500,60,1
2026-06-11,601318,13:34:29,52.5500,27,1
2026-06-11,601318,13:34:32,52.5400,16,2
2026-06-11,601318,13:34:35,52.5400,32,2
2026-06-11,601318,13:34:38,52.5500,57,1
2026-06-11,601318,13:34:41,52.5600,134,1
2026-06-11,601318,13:34:44,52.5700,130,1
2026-06-11,601318,13:34:47,52.5700,43,1
2026-06-11,601318,13:34:50,52.5800,109,1
2026-06-11,601318,13:34:53,52.5700,35,2
2026-06-11,601318,13:34:56,52.5800,52,1
2026-06-11,601318,13:34:59,52.5800,56,1
2026-06-11,601318,13:35:02,52.5900,258,1
2026-06-11,601318,13:35:05,52.6100,39,1
2026-06-11,601318,13:35:08,52.6200,27,1
2026-06-11,601318,13:35:11,52.6200,23,1
2026-06-11,601318,13:35:14,52.6200,17,1
2026-06-11,601318,13:35:17,52.6200,21,2
2026-06-11,601318,13:35:20,52.6300,62,1
2026-06-11,601318,13:35:23,52.6300,11,1
2026-06-11,601318,13:35:26,52.6300,7,2
2026-06-11,601318,13:35:29,52.6300,44,2
2026-06-11,601318,13:35:32,52.6400,405,1
2026-06-11,601318,13:35:35,52.6300,43,2
2026-06-11,601318,13:35:38,52.6200,130,2
2026-06-11,601318,13:35:41,52.6200,20,1
2026-06-11,601318,13:35:44,52.6200,64,1
2026-06-11,601318,13:35:47,52.6200,113,1
2026-06-11,601318,13:35:50,52.6500,90,1
2026-06-11,601318,13:35:53,52.6400,20,4
2026-06-11,601318,13:35:56,52.6500,61,1
2026-06-11,601318,13:35:59,52.6500,35,1
2026-06-11,601318,13:36:02,52.6500,107,1
2026-06-11,601318,13:36:05,52.6500,41,1
2026-06-11,601318,13:36:08,52.6600,32,1
2026-06-11,601318,13:36:11,52.6600,17,1
2026-06-11,601318,13:36:14,52.6600,64,4
2026-06-11,601318,13:36:17,52.6700,77,2
2026-06-11,601318,13:36:20,52.6700,42,4
2026-06-11,601318,13:36:23,52.6900,40,1
2026-06-11,601318,13:36:26,52.6700,30,2
2026-06-11,601318,13:36:29,52.6900,24,1
2026-06-11,601318,13:36:32,52.6800,29,1
2026-06-11,601318,13:36:35,52.6700,38,2
2026-06-11,601318,13:36:38,52.6900,55,1
2026-06-11,601318,13:36:41,52.6900,62,1
2026-06-11,601318,13:36:44,52.6900,33,1
2026-06-11,601318,13:36:47,52.6900,34,1
2026-06-11,601318,13:36:50,52.6800,89,2
2026-06-11,601318,13:36:53,52.6900,62,1
2026-06-11,601318,13:36:56,52.7000,45,1
2026-06-11,601318,13:36:59,52.7000,37,1
2026-06-11,601318,13:37:02,52.7000,55,1
2026-06-11,601318,13:37:05,52.7000,29,2
2026-06-11,601318,13:37:08,52.7100,37,1
2026-06-11,601318,13:37:11,52.7100,21,2
2026-06-11,601318,13:37:14,52.7200,17,1
2026-06-11,601318,13:37:17,52.7200,62,1
2026-06-11,601318,13:37:20,52.7200,38,1
2026-06-11,601318,13:37:23,52.7300,19,1
2026-06-11,601318,13:37:26,52.7300,55,1
2026-06-11,601318,13:37:29,52.7300,89,1
2026-06-11,601318,13:37:32,52.7200,55,2
2026-06-11,601318,13:37:35,52.7200,11,1
2026-06-11,601318,13:37:38,52.7200,19,1
2026-06-11,601318,13:37:41,52.7100,35,2
2026-06-11,601318,13:37:44,52.7100,20,2
2026-06-11,601318,13:37:47,52.7100,137,2
2026-06-11,601318,13:37:50,52.7000,18,2
2026-06-11,601318,13:37:53,52.7000,165,2
2026-06-11,601318,13:37:56,52.7000,25,2
2026-06-11,601318,13:37:58,52.7000,9,1
2026-06-11,601318,13:38:02,52.7000,147,1
2026-06-11,601318,13:38:05,52.6900,37,2
2026-06-11,601318,13:38:08,52.6900,48,2
2026-06-11,601318,13:38:11,52.7000,73,1
2026-06-11,601318,13:38:14,52.7200,67,1
2026-06-11,601318,13:38:17,52.7200,72,1
2026-06-11,601318,13:38:20,52.7300,47,1
2026-06-11,601318,13:38:23,52.7300,56,2
2026-06-11,601318,13:38:26,52.7300,29,1
2026-06-11,601318,13:38:29,52.7300,55,1
2026-06-11,601318,13:38:32,52.7200,58,2
2026-06-11,601318,13:38:35,52.7300,49,1
2026-06-11,601318,13:38:38,52.7300,23,1
2026-06-11,601318,13:38:41,52.7200,67,4
2026-06-11,601318,13:38:44,52.7200,29,2
2026-06-11,601318,13:38:47,52.7300,30,1
2026-06-11,601318,13:38:50,52.7200,131,2
2026-06-11,601318,13:38:53,52.7200,62,2
2026-06-11,601318,13:38:56,52.7200,34,1
2026-06-11,601318,13:38:59,52.7000,479,2
2026-06-11,601318,13:39:02,52.7000,84,1
2026-06-11,601318,13:39:05,52.7000,39,2
2026-06-11,601318,13:39:08,52.7000,35,2
2026-06-11,601318,13:39:11,52.7000,20,1
2026-06-11,601318,13:39:14,52.7100,23,1
2026-06-11,601318,13:39:17,52.7000,11,1
2026-06-11,601318,13:39:20,52.7000,36,1
2026-06-11,601318,13:39:23,52.6900,20,2
2026-06-11,601318,13:39:26,52.7000,145,1
2026-06-11,601318,13:39:29,52.7000,9,4
2026-06-11,601318,13:39:32,52.6900,29,2
2026-06-11,601318,13:39:35,52.7100,51,1
2026-06-11,601318,13:39:38,52.6900,57,2
2026-06-11,601318,13:39:41,52.7000,25,1
2026-06-11,601318,13:39:44,52.6900,41,2
2026-06-11,601318,13:39:47,52.7000,12,2
2026-06-11,601318,13:39:50,52.7000,22,1
2026-06-11,601318,13:39:53,52.7000,30,2
2026-06-11,601318,13:39:56,52.7100,40,1
2026-06-11,601318,13:39:59,52.7000,36,1
2026-06-11,601318,13:40:02,52.7000,58,1
2026-06-11,601318,13:40:05,52.6900,61,2
2026-06-11,601318,13:40:08,52.6800,140,2
2026-06-11,601318,13:40:11,52.6800,12,1
2026-06-11,601318,13:40:14,52.6700,59,2
2026-06-11,601318,13:40:17,52.6700,40,1
2026-06-11,601318,13:40:20,52.6800,30,1
2026-06-11,601318,13:40:23,52.6800,26,1
2026-06-11,601318,13:40:26,52.6600,45,2
2026-06-11,601318,13:40:29,52.6700,18,4
2026-06-11,601318,13:40:32,52.6700,23,4
2026-06-11,601318,13:40:35,52.6600,34,4
2026-06-11,601318,13:40:38,52.6700,9,1
2026-06-11,601318,13:40:41,52.6800,31,1
2026-06-11,601318,13:40:44,52.6800,6,1
2026-06-11,601318,13:40:47,52.6700,19,2
2026-06-11,601318,13:40:50,52.6700,5,1
2026-06-11,601318,13:40:53,52.6700,32,1
2026-06-11,601318,13:40:56,52.6500,25,2
2026-06-11,601318,13:40:59,52.6800,19,1
2026-06-11,601318,13:41:02,52.6700,8,2
2026-06-11,601318,13:41:05,52.6700,56,2
2026-06-11,601318,13:41:08,52.6800,117,1
2026-06-11,601318,13:41:11,52.6700,26,2
2026-06-11,601318,13:41:14,52.6800,21,1
2026-06-11,601318,13:41:17,52.6800,25,1
2026-06-11,601318,13:41:20,52.6700,25,2
2026-06-11,601318,13:41:23,52.6800,22,1
2026-06-11,601318,13:41:26,52.6800,33,1
2026-06-11,601318,13:41:29,52.6700,77,2
2026-06-11,601318,13:41:32,52.6700,13,1
2026-06-11,601318,13:41:35,52.6700,117,1
2026-06-11,601318,13:41:38,52.6800,50,1
2026-06-11,601318,13:41:41,52.6700,12,2
2026-06-11,601318,13:41:44,52.6900,17,1
2026-06-11,601318,13:41:47,52.6800,14,2
2026-06-11,601318,13:41:50,52.6800,54,1
2026-06-11,601318,13:41:53,52.6700,41,2
2026-06-11,601318,13:41:56,52.6700,24,1
2026-06-11,601318,13:41:59,52.6700,58,1
2026-06-11,601318,13:42:02,52.6700,50,1
2026-06-11,601318,13:42:05,52.6700,28,1
2026-06-11,601318,13:42:08,52.6700,14,1
2026-06-11,601318,13:42:11,52.6700,35,1
2026-06-11,601318,13:42:14,52.6700,22,1
2026-06-11,601318,13:42:17,52.6700,14,1
2026-06-11,601318,13:42:20,52.6700,10,1
2026-06-11,601318,13:42:23,52.6700,28,2
2026-06-11,601318,13:42:26,52.6800,10,1
2026-06-11,601318,13:42:29,52.6800,8,1
2026-06-11,601318,13:42:32,52.6800,58,1
2026-06-11,601318,13:42:35,52.6700,77,2
2026-06-11,601318,13:42:38,52.6800,12,1
2026-06-11,601318,13:42:41,52.6600,19,2
2026-06-11,601318,13:42:44,52.6600,71,2
2026-06-11,601318,13:42:47,52.6700,12,1
2026-06-11,601318,13:42:50,52.6500,113,2
2026-06-11,601318,13:42:53,52.6400,32,2
2026-06-11,601318,13:42:56,52.6400,11,4
2026-06-11,601318,13:42:59,52.6400,32,1
2026-06-11,601318,13:43:02,52.6300,8,4
2026-06-11,601318,13:43:05,52.6300,78,1
2026-06-11,601318,13:43:08,52.6400,115,1
2026-06-11,601318,13:43:11,52.6400,10,1
2026-06-11,601318,13:43:14,52.6300,38,2
2026-06-11,601318,13:43:17,52.6300,54,2
2026-06-11,601318,13:43:20,52.6200,50,2
2026-06-11,601318,13:43:23,52.6400,121,1
2026-06-11,601318,13:43:26,52.6400,41,1
2026-06-11,601318,13:43:29,52.6400,69,1
2026-06-11,601318,13:43:32,52.6400,8,1
2026-06-11,601318,13:43:35,52.6200,34,2
2026-06-11,601318,13:43:38,52.6400,29,1
2026-06-11,601318,13:43:41,52.6400,69,1
2026-06-11,601318,13:43:44,52.6500,15,1
2026-06-11,601318,13:43:47,52.6400,111,2
2026-06-11,601318,13:43:50,52.6500,67,1
2026-06-11,601318,13:43:53,52.6400,62,2
2026-06-11,601318,13:43:56,52.6500,54,1
2026-06-11,601318,13:43:59,52.6600,66,1
2026-06-11,601318,13:44:02,52.6500,45,2
2026-06-11,601318,13:44:05,52.6600,42,1
2026-06-11,601318,13:44:08,52.6800,7,1
2026-06-11,601318,13:44:11,52.6800,18,1
2026-06-11,601318,13:44:14,52.6800,31,1
2026-06-11,601318,13:44:17,52.6800,31,1
2026-06-11,601318,13:44:20,52.6600,46,2
2026-06-11,601318,13:44:23,52.6700,48,1
2026-06-11,601318,13:44:26,52.6800,15,4
2026-06-11,601318,13:44:29,52.6800,5,1
2026-06-11,601318,13:44:32,52.6800,24,1
2026-06-11,601318,13:44:35,52.6900,54,1
2026-06-11,601318,13:44:38,52.6900,20,1
2026-06-11,601318,13:44:41,52.6900,31,1
2026-06-11,601318,13:44:44,52.7000,28,1
2026-06-11,601318,13:44:47,52.6700,191,2
2026-06-11,601318,13:44:50,52.6700,67,1
2026-06-11,601318,13:44:53,52.6900,36,1
2026-06-11,601318,13:44:56,52.6700,19,2
2026-06-11,601318,13:44:59,52.6700,9,1
2026-06-11,601318,13:45:02,52.6700,54,4
2026-06-11,601318,13:45:05,52.6700,19,1
2026-06-11,601318,13:45:08,52.6800,16,1
2026-06-11,601318,13:45:11,52.6700,10,2
2026-06-11,601318,13:45:14,52.6800,18,1
2026-06-11,601318,13:45:17,52.6800,20,2
2026-06-11,601318,13:45:20,52.6800,63,1
2026-06-11,601318,13:45:23,52.6700,121,2
2026-06-11,601318,13:45:26,52.6700,20,1
2026-06-11,601318,13:45:29,52.6700,9,1
2026-06-11,601318,13:45:32,52.6700,212,1
2026-06-11,601318,13:45:35,52.6600,17,2
2026-06-11,601318,13:45:38,52.6700,10,2
2026-06-11,601318,13:45:41,52.7000,34,1
2026-06-11,601318,13:45:44,52.6700,7,2
2026-06-11,601318,13:45:47,52.6700,35,2
2026-06-11,601318,13:45:50,52.6600,12,2
2026-06-11,601318,13:45:53,52.6700,35,1
2026-06-11,601318,13:45:56,52.6700,16,1
2026-06-11,601318,13:45:59,52.6600,33,2
2026-06-11,601318,13:46:02,52.6600,15,4
2026-06-11,601318,13:46:05,52.6700,38,1
2026-06-11,601318,13:46:08,52.6700,13,4
2026-06-11,601318,13:46:11,52.6700,10,1
2026-06-11,601318,13:46:14,52.6600,17,2
2026-06-11,601318,13:46:17,52.6600,18,1
2026-06-11,601318,13:46:20,52.6600,13,1
2026-06-11,601318,13:46:23,52.6800,276,1
2026-06-11,601318,13:46:26,52.6600,37,2
2026-06-11,601318,13:46:29,52.7000,26,1
2026-06-11,601318,13:46:32,52.6800,96,2
2026-06-11,601318,13:46:35,52.6800,17,1
2026-06-11,601318,13:46:38,52.7100,84,1
2026-06-11,601318,13:46:41,52.7100,33,1
2026-06-11,601318,13:46:44,52.7000,57,4
2026-06-11,601318,13:46:47,52.7100,56,1
2026-06-11,601318,13:46:50,52.7100,6,1
2026-06-11,601318,13:46:53,52.7000,10,2
2026-06-11,601318,13:46:56,52.7000,54,1
2026-06-11,601318,13:46:59,52.7100,96,1
2026-06-11,601318,13:47:02,52.7100,13,1
2026-06-11,601318,13:47:05,52.7000,114,2
2026-06-11,601318,13:47:08,52.6900,61,2
2026-06-11,601318,13:47:11,52.7100,11,1
2026-06-11,601318,13:47:14,52.6900,42,2
2026-06-11,601318,13:47:17,52.7000,18,1
2026-06-11,601318,13:47:20,52.7000,39,2
2026-06-11,601318,13:47:23,52.7000,100,2
2026-06-11,601318,13:47:26,52.7000,46,1
2026-06-11,601318,13:47:29,52.7000,89,1
2026-06-11,601318,13:47:32,52.6900,56,2
2026-06-11,601318,13:47:35,52.7100,47,1
2026-06-11,601318,13:47:38,52.7100,5,1
2026-06-11,601318,13:47:41,52.7000,88,2
2026-06-11,601318,13:47:44,52.7100,174,1
2026-06-11,601318,13:47:47,52.7100,31,2
2026-06-11,601318,13:47:50,52.7100,9,2
2026-06-11,601318,13:47:53,52.7100,109,1
2026-06-11,601318,13:47:56,52.7000,23,2
2026-06-11,601318,13:47:59,52.7000,25,1
2026-06-11,601318,13:48:02,52.7100,166,1
2026-06-11,601318,13:48:05,52.7100,9,1
2026-06-11,601318,13:48:08,52.7000,18,2
2026-06-11,601318,13:48:11,52.6900,51,2
2026-06-11,601318,13:48:14,52.7100,19,1
2026-06-11,601318,13:48:17,52.7100,75,1
2026-06-11,601318,13:48:20,52.7000,8,1
2026-06-11,601318,13:48:23,52.7000,46,1
2026-06-11,601318,13:48:26,52.7000,25,2
2026-06-11,601318,13:48:29,52.7000,57,1
2026-06-11,601318,13:48:32,52.7000,44,1
2026-06-11,601318,13:48:35,52.7000,30,2
2026-06-11,601318,13:48:38,52.7000,65,1
2026-06-11,601318,13:48:41,52.7100,55,1
2026-06-11,601318,13:48:44,52.7000,59,1
2026-06-11,601318,13:48:47,52.6900,46,2
2026-06-11,601318,13:48:50,52.7000,54,2
2026-06-11,601318,13:48:53,52.7000,32,1
2026-06-11,601318,13:48:56,52.7000,34,1
2026-06-11,601318,13:48:59,52.7100,180,1
2026-06-11,601318,13:49:02,52.7100,35,1
2026-06-11,601318,13:49:05,52.7100,301,2
2026-06-11,601318,13:49:08,52.7100,9,1
2026-06-11,601318,13:49:11,52.7100,50,1
2026-06-11,601318,13:49:14,52.7100,56,1
2026-06-11,601318,13:49:17,52.7200,8,1
2026-06-11,601318,13:49:20,52.7100,23,2
2026-06-11,601318,13:49:23,52.7200,56,1
2026-06-11,601318,13:49:26,52.7100,26,2
2026-06-11,601318,13:49:29,52.7200,8,1
2026-06-11,601318,13:49:32,52.7100,168,2
2026-06-11,601318,13:49:35,52.7000,30,2
2026-06-11,601318,13:49:38,52.7100,68,1
2026-06-11,601318,13:49:41,52.7100,17,1
2026-06-11,601318,13:49:44,52.7100,76,1
2026-06-11,601318,13:49:47,52.7400,224,1
2026-06-11,601318,13:49:50,52.7000,1,2
2026-06-11,601318,13:49:53,52.7200,14,1
2026-06-11,601318,13:49:56,52.7100,17,2
2026-06-11,601318,13:49:59,52.7100,12,2
2026-06-11,601318,13:50:02,52.7100,22,2
2026-06-11,601318,13:50:05,52.7100,48,1
2026-06-11,601318,13:50:08,52.7100,10,1
2026-06-11,601318,13:50:11,52.7100,16,1
2026-06-11,601318,13:50:14,52.7000,42,2
2026-06-11,601318,13:50:17,52.7000,61,1
2026-06-11,601318,13:50:20,52.7000,34,1
2026-06-11,601318,13:50:23,52.7000,11,2
2026-06-11,601318,13:50:26,52.7000,23,2
2026-06-11,601318,13:50:29,52.7000,101,2
2026-06-11,601318,13:50:32,52.6800,221,2
2026-06-11,601318,13:50:35,52.6800,118,1
2026-06-11,601318,13:50:38,52.6900,19,1
2026-06-11,601318,13:50:41,52.6900,51,4
2026-06-11,601318,13:50:44,52.6800,51,2
2026-06-11,601318,13:50:47,52.6900,55,2
2026-06-11,601318,13:50:50,52.7000,37,1
2026-06-11,601318,13:50:53,52.6900,23,2
2026-06-11,601318,13:50:56,52.7000,11,4
2026-06-11,601318,13:50:59,52.7000,30,1
2026-06-11,601318,13:51:02,52.7100,28,1
2026-06-11,601318,13:51:05,52.7100,67,1
2026-06-11,601318,13:51:08,52.7000,7,2
2026-06-11,601318,13:51:11,52.7100,31,1
2026-06-11,601318,13:51:14,52.7100,177,1
2026-06-11,601318,13:51:17,52.7000,2,1
2026-06-11,601318,13:51:20,52.7000,30,2
2026-06-11,601318,13:51:23,52.7000,34,2
2026-06-11,601318,13:51:26,52.7100,10,1
2026-06-11,601318,13:51:29,52.7100,122,1
2026-06-11,601318,13:51:32,52.7100,39,1
2026-06-11,601318,13:51:35,52.7100,8,1
2026-06-11,601318,13:51:38,52.7000,36,2
2026-06-11,601318,13:51:41,52.7000,23,1
2026-06-11,601318,13:51:44,52.6900,60,2
2026-06-11,601318,13:51:47,52.7000,25,1
2026-06-11,601318,13:51:50,52.7000,42,1
2026-06-11,601318,13:51:53,52.7100,12,1
2026-06-11,601318,13:51:56,52.7000,27,2
2026-06-11,601318,13:51:59,52.7000,62,1
2026-06-11,601318,13:52:02,52.6900,56,2
2026-06-11,601318,13:52:05,52.7000,47,1
2026-06-11,601318,13:52:08,52.7000,35,1
2026-06-11,601318,13:52:11,52.6900,252,2
2026-06-11,601318,13:52:14,52.6800,51,2
2026-06-11,601318,13:52:17,52.6600,72,2
2026-06-11,601318,13:52:20,52.6700,55,1
2026-06-11,601318,13:52:23,52.6700,24,1
2026-06-11,601318,13:52:26,52.6700,104,1
2026-06-11,601318,13:52:29,52.6700,15,2
2026-06-11,601318,13:52:32,52.6600,113,2
2026-06-11,601318,13:52:35,52.6700,135,1
2026-06-11,601318,13:52:38,52.6500,16,2
2026-06-11,601318,13:52:41,52.6500,20,2
2026-06-11,601318,13:52:44,52.6500,21,1
2026-06-11,601318,13:52:47,52.6500,60,1
2026-06-11,601318,13:52:50,52.6500,45,1
2026-06-11,601318,13:52:53,52.6600,66,1
2026-06-11,601318,13:52:56,52.6600,25,1
2026-06-11,601318,13:52:59,52.6500,8,2
2026-06-11,601318,13:53:02,52.6500,83,2
2026-06-11,601318,13:53:05,52.6600,69,1
2026-06-11,601318,13:53:08,52.6300,58,2
2026-06-11,601318,13:53:11,52.6400,25,2
2026-06-11,601318,13:53:14,52.6300,29,2
2026-06-11,601318,13:53:17,52.6300,33,1
2026-06-11,601318,13:53:20,52.6300,13,1
2026-06-11,601318,13:53:23,52.6100,37,2
2026-06-11,601318,13:53:26,52.6100,85,2
2026-06-11,601318,13:53:29,52.6100,19,2
2026-06-11,601318,13:53:32,52.6200,21,1
2026-06-11,601318,13:53:35,52.6200,345,1
2026-06-11,601318,13:53:38,52.6100,17,1
2026-06-11,601318,13:53:41,52.6200,26,1
2026-06-11,601318,13:53:44,52.6100,64,2
2026-06-11,601318,13:53:47,52.6100,22,1
2026-06-11,601318,13:53:50,52.6000,15,2
2026-06-11,601318,13:53:53,52.6100,18,1
2026-06-11,601318,13:53:56,52.6100,10,1
2026-06-11,601318,13:53:59,52.6100,27,1
2026-06-11,601318,13:54:01,52.6100,19,1
2026-06-11,601318,13:54:05,52.6100,48,1
2026-06-11,601318,13:54:08,52.6100,43,1
2026-06-11,601318,13:54:11,52.6100,39,1
2026-06-11,601318,13:54:14,52.6100,57,2
2026-06-11,601318,13:54:17,52.6100,63,2
2026-06-11,601318,13:54:20,52.6200,6,1
2026-06-11,601318,13:54:23,52.6200,16,1
2026-06-11,601318,13:54:26,52.6200,39,1
2026-06-11,601318,13:54:29,52.6100,93,2
2026-06-11,601318,13:54:32,52.6000,48,2
2026-06-11,601318,13:54:35,52.6100,21,1
2026-06-11,601318,13:54:38,52.6000,28,2
2026-06-11,601318,13:54:41,52.6100,75,1
2026-06-11,601318,13:54:44,52.6000,88,2
2026-06-11,601318,13:54:47,52.6100,8,1
2026-06-11,601318,13:54:50,52.6100,7,1
2026-06-11,601318,13:54:53,52.6100,28,1
2026-06-11,601318,13:54:56,52.6100,14,1
2026-06-11,601318,13:54:59,52.6100,105,1
2026-06-11,601318,13:55:02,52.6100,137,1
2026-06-11,601318,13:55:05,52.6100,19,1
2026-06-11,601318,13:55:08,52.6200,11,1
2026-06-11,601318,13:55:11,52.6100,15,2
2026-06-11,601318,13:55:14,52.6100,53,2
2026-06-11,601318,13:55:17,52.6200,21,1
2026-06-11,601318,13:55:20,52.6100,16,4
2026-06-11,601318,13:55:23,52.6000,15,2
2026-06-11,601318,13:55:26,52.6100,31,1
2026-06-11,601318,13:55:29,52.6100,61,1
2026-06-11,601318,13:55:32,52.6200,226,1
2026-06-11,601318,13:55:35,52.6300,20,1
2026-06-11,601318,13:55:38,52.6300,10,1
2026-06-11,601318,13:55:41,52.6300,12,1
2026-06-11,601318,13:55:44,52.6200,59,2
2026-06-11,601318,13:55:47,52.6300,10,1
2026-06-11,601318,13:55:50,52.6200,78,4
2026-06-11,601318,13:55:53,52.6300,23,1
2026-06-11,601318,13:55:56,52.6300,18,1
2026-06-11,601318,13:55:59,52.6200,62,2
2026-06-11,601318,13:56:02,52.6200,74,2
2026-06-11,601318,13:56:05,52.6300,28,1
2026-06-11,601318,13:56:08,52.6300,64,1
2026-06-11,601318,13:56:11,52.6300,15,1
2026-06-11,601318,13:56:14,52.6200,23,2
2026-06-11,601318,13:56:17,52.6200,11,1
2026-06-11,601318,13:56:20,52.6200,14,1
2026-06-11,601318,13:56:23,52.6200,34,1
2026-06-11,601318,13:56:26,52.6200,21,1
2026-06-11,601318,13:56:29,52.6300,61,1
2026-06-11,601318,13:56:32,52.6300,7,1
2026-06-11,601318,13:56:35,52.6300,17,1
2026-06-11,601318,13:56:38,52.6200,16,2
2026-06-11,601318,13:56:41,52.6200,19,2
2026-06-11,601318,13:56:44,52.6100,146,2
2026-06-11,601318,13:56:47,52.6100,19,1
2026-06-11,601318,13:56:50,52.6000,527,2
2026-06-11,601318,13:56:53,52.5900,149,2
2026-06-11,601318,13:56:56,52.5900,32,1
2026-06-11,601318,13:56:59,52.5700,22,2
2026-06-11,601318,13:57:02,52.5800,32,1
2026-06-11,601318,13:57:05,52.5800,7,1
2026-06-11,601318,13:57:08,52.5800,10,1
2026-06-11,601318,13:57:11,52.5800,9,1
2026-06-11,601318,13:57:14,52.5700,64,2
2026-06-11,601318,13:57:17,52.5700,51,2
2026-06-11,601318,13:57:20,52.5700,23,1
2026-06-11,601318,13:57:23,52.5700,21,1
2026-06-11,601318,13:57:26,52.5600,230,2
2026-06-11,601318,13:57:29,52.5600,111,1
2026-06-11,601318,13:57:32,52.5600,78,1
2026-06-11,601318,13:57:35,52.5700,396,1
2026-06-11,601318,13:57:38,52.5700,50,1
2026-06-11,601318,13:57:41,52.5600,40,2
2026-06-11,601318,13:57:44,52.5500,61,2
2026-06-11,601318,13:57:47,52.5400,47,2
2026-06-11,601318,13:57:50,52.5600,34,1
2026-06-11,601318,13:57:53,52.5400,62,2
2026-06-11,601318,13:57:56,52.5400,187,1
2026-06-11,601318,13:57:59,52.5500,351,1
2026-06-11,601318,13:58:02,52.5600,34,1
2026-06-11,601318,13:58:05,52.5600,36,1
2026-06-11,601318,13:58:08,52.5600,49,1
2026-06-11,601318,13:58:11,52.5600,30,1
2026-06-11,601318,13:58:14,52.5500,57,2
2026-06-11,601318,13:58:17,52.5500,34,1
2026-06-11,601318,13:58:20,52.5600,297,1
2026-06-11,601318,13:58:23,52.5400,26,2
2026-06-11,601318,13:58:26,52.5600,20,1
2026-06-11,601318,13:58:29,52.5500,13,2
2026-06-11,601318,13:58:32,52.5600,40,1
2026-06-11,601318,13:58:35,52.5600,86,1
2026-06-11,601318,13:58:38,52.5600,29,2
2026-06-11,601318,13:58:41,52.5500,146,2
2026-06-11,601318,13:58:44,52.5600,103,1
2026-06-11,601318,13:58:47,52.5700,26,1
2026-06-11,601318,13:58:50,52.5700,10,1
2026-06-11,601318,13:58:53,52.5600,13,2
2026-06-11,601318,13:58:56,52.5600,21,2
2026-06-11,601318,13:58:59,52.5700,19,1
2026-06-11,601318,13:59:02,52.5700,21,1
2026-06-11,601318,13:59:05,52.5700,21,1
2026-06-11,601318,13:59:08,52.5700,72,1
2026-06-11,601318,13:59:11,52.5700,16,1
2026-06-11,601318,13:59:14,52.5700,72,1
2026-06-11,601318,13:59:17,52.5600,18,2
2026-06-11,601318,13:59:20,52.5600,26,1
2026-06-11,601318,13:59:23,52.5600,36,2
2026-06-11,601318,13:59:26,52.5700,21,1
2026-06-11,601318,13:59:28,52.5600,17,2
2026-06-11,601318,13:59:32,52.5600,42,2
2026-06-11,601318,13:59:35,52.5700,43,1
2026-06-11,601318,13:59:38,52.5600,27,2
2026-06-11,601318,13:59:41,52.5700,13,1
2026-06-11,601318,13:59:44,52.5600,57,2
2026-06-11,601318,13:59:47,52.5600,24,1
2026-06-11,601318,13:59:50,52.5700,142,1
2026-06-11,601318,13:59:53,52.5700,78,1
2026-06-11,601318,13:59:56,52.5900,47,1
2026-06-11,601318,13:59:59,52.6000,12,1
2026-06-11,601318,14:00:02,52.5900,31,2
2026-06-11,601318,14:00:05,52.6000,14,1
2026-06-11,601318,14:00:08,52.5900,329,2
2026-06-11,601318,14:00:11,52.5800,25,2
2026-06-11,601318,14:00:14,52.5800,42,2
2026-06-11,601318,14:00:17,52.5800,18,1
2026-06-11,601318,14:00:20,52.5700,9,2
2026-06-11,601318,14:00:23,52.5700,24,2
2026-06-11,601318,14:00:26,52.5800,100,1
2026-06-11,601318,14:00:29,52.5700,17,2
2026-06-11,601318,14:00:32,52.5700,10,1
2026-06-11,601318,14:00:35,52.5600,25,2
2026-06-11,601318,14:00:38,52.5700,79,1
2026-06-11,601318,14:00:41,52.5800,12,1
2026-06-11,601318,14:00:44,52.5800,99,1
2026-06-11,601318,14:00:47,52.5800,62,1
2026-06-11,601318,14:00:50,52.5800,28,1
2026-06-11,601318,14:00:53,52.5900,554,1
2026-06-11,601318,14:00:56,52.5900,30,2
2026-06-11,601318,14:00:59,52.5900,9,2
2026-06-11,601318,14:01:02,52.5900,15,2
2026-06-11,601318,14:01:05,52.6000,79,1
2026-06-11,601318,14:01:08,52.6200,60,1
2026-06-11,601318,14:01:11,52.6200,379,1
2026-06-11,601318,14:01:14,52.6000,164,2
2026-06-11,601318,14:01:17,52.6100,44,4
2026-06-11,601318,14:01:20,52.6200,40,1
2026-06-11,601318,14:01:23,52.6000,24,2
2026-06-11,601318,14:01:26,52.6200,19,1
2026-06-11,601318,14:01:29,52.6200,407,1
2026-06-11,601318,14:01:32,52.6200,53,1
2026-06-11,601318,14:01:35,52.6200,48,1
2026-06-11,601318,14:01:38,52.6200,8,1
2026-06-11,601318,14:01:41,52.6200,15,1
2026-06-11,601318,14:01:44,52.6200,56,1
2026-06-11,601318,14:01:47,52.6500,74,1
2026-06-11,601318,14:01:50,52.6500,9,1
2026-06-11,601318,14:01:53,52.6200,3,2
2026-06-11,601318,14:01:56,52.6400,43,1
2026-06-11,601318,14:01:59,52.6200,273,2
2026-06-11,601318,14:02:02,52.6100,53,2
2026-06-11,601318,14:02:05,52.6100,13,1
2026-06-11,601318,14:02:08,52.6000,65,2
2026-06-11,601318,14:02:11,52.6000,12,2
2026-06-11,601318,14:02:14,52.6000,16,1
2026-06-11,601318,14:02:17,52.5900,61,2
2026-06-11,601318,14:02:20,52.6000,33,1
2026-06-11,601318,14:02:23,52.6100,49,1
2026-06-11,601318,14:02:26,52.6100,49,1
2026-06-11,601318,14:02:29,52.5900,12,2
2026-06-11,601318,14:02:32,52.6000,36,1
2026-06-11,601318,14:02:35,52.6000,70,1
2026-06-11,601318,14:02:38,52.6000,21,1
2026-06-11,601318,14:02:41,52.6000,22,1
2026-06-11,601318,14:02:44,52.6000,12,1
2026-06-11,601318,14:02:47,52.6000,49,1
2026-06-11,601318,14:02:50,52.6000,20,1
2026-06-11,601318,14:02:53,52.6000,37,1
2026-06-11,601318,14:02:56,52.6100,16,1
2026-06-11,601318,14:02:59,52.6000,27,2
2026-06-11,601318,14:03:02,52.6000,93,2
2026-06-11,601318,14:03:05,52.6000,16,1
2026-06-11,601318,14:03:08,52.5900,43,2
2026-06-11,601318,14:03:11,52.6000,38,1
2026-06-11,601318,14:03:14,52.6100,23,1
2026-06-11,601318,14:03:17,52.6100,61,1
2026-06-11,601318,14:03:20,52.6100,5,1
2026-06-11,601318,14:03:23,52.6100,106,1
2026-06-11,601318,14:03:26,52.6100,20,1
2026-06-11,601318,14:03:29,52.6100,29,1
2026-06-11,601318,14:03:32,52.6100,42,1
2026-06-11,601318,14:03:35,52.6100,183,2
2026-06-11,601318,14:03:38,52.6100,26,1
2026-06-11,601318,14:03:41,52.6100,13,1
2026-06-11,601318,14:03:44,52.6100,37,1
2026-06-11,601318,14:03:47,52.6100,70,1
2026-06-11,601318,14:03:50,52.6100,35,1
2026-06-11,601318,14:03:53,52.6000,286,2
2026-06-11,601318,14:03:56,52.6000,60,1
2026-06-11,601318,14:03:59,52.6000,127,1
2026-06-11,601318,14:04:02,52.6100,20,1
2026-06-11,601318,14:04:05,52.6100,11,1
2026-06-11,601318,14:04:08,52.6100,34,1
2026-06-11,601318,14:04:11,52.6000,5,2
2026-06-11,601318,14:04:14,52.6200,34,1
2026-06-11,601318,14:04:17,52.6100,87,2
2026-06-11,601318,14:04:20,52.6100,13,1
2026-06-11,601318,14:04:23,52.6100,30,1
2026-06-11,601318,14:04:26,52.6000,38,2
2026-06-11,601318,14:04:29,52.6200,37,1
2026-06-11,601318,14:04:32,52.6100,74,2
2026-06-11,601318,14:04:35,52.6100,16,1
2026-06-11,601318,14:04:38,52.6100,85,1
2026-06-11,601318,14:04:41,52.6200,143,1
2026-06-11,601318,14:04:44,52.6100,116,2
2026-06-11,601318,14:04:47,52.6000,96,2
2026-06-11,601318,14:04:50,52.6200,16,1
2026-06-11,601318,14:04:53,52.6300,192,1
2026-06-11,601318,14:04:56,52.6200,40,2
2026-06-11,601318,14:04:59,52.6300,34,1
2026-06-11,601318,14:05:02,52.6200,189,2
2026-06-11,601318,14:05:05,52.6100,421,2
2026-06-11,601318,14:05:08,52.5900,468,2
2026-06-11,601318,14:05:11,52.5800,192,2
2026-06-11,601318,14:05:14,52.5800,36,1
2026-06-11,601318,14:05:17,52.5800,87,1
2026-06-11,601318,14:05:20,52.5700,19,2
2026-06-11,601318,14:05:23,52.5900,363,1
2026-06-11,601318,14:05:26,52.5700,508,2
2026-06-11,601318,14:05:29,52.5800,36,1
2026-06-11,601318,14:05:32,52.5800,440,1
2026-06-11,601318,14:05:35,52.5800,26,1
2026-06-11,601318,14:05:38,52.5800,132,2
2026-06-11,601318,14:05:41,52.5700,46,2
2026-06-11,601318,14:05:44,52.5800,18,1
2026-06-11,601318,14:05:47,52.5600,89,2
2026-06-11,601318,14:05:50,52.5700,49,4
2026-06-11,601318,14:05:53,52.5700,56,2
2026-06-11,601318,14:05:56,52.5800,37,1
2026-06-11,601318,14:05:59,52.5800,67,1
2026-06-11,601318,14:06:02,52.5700,22,2
2026-06-11,601318,14:06:05,52.5800,41,1
2026-06-11,601318,14:06:08,52.5800,27,1
2026-06-11,601318,14:06:11,52.5600,23,2
2026-06-11,601318,14:06:14,52.5700,23,1
2026-06-11,601318,14:06:17,52.5600,61,2
2026-06-11,601318,14:06:20,52.5600,78,1
2026-06-11,601318,14:06:23,52.5600,37,1
2026-06-11,601318,14:06:26,52.5600,42,1
2026-06-11,601318,14:06:29,52.5600,10,1
2026-06-11,601318,14:06:32,52.5600,26,1
2026-06-11,601318,14:06:35,52.5600,45,1
2026-06-11,601318,14:06:38,52.5600,22,1
2026-06-11,601318,14:06:41,52.5600,23,1
2026-06-11,601318,14:06:44,52.5700,10,1
2026-06-11,601318,14:06:47,52.5600,20,2
2026-06-11,601318,14:06:50,52.5600,49,1
2026-06-11,601318,14:06:53,52.5600,68,4
2026-06-11,601318,14:06:56,52.5700,20,1
2026-06-11,601318,14:06:59,52.5600,47,4
2026-06-11,601318,10:56:41,52.4600,40,1
2026-06-11,601318,10:56:44,52.4600,2,1
2026-06-11,601318,10:56:47,52.4500,183,2
2026-06-11,601318,10:56:50,52.4600,21,1
2026-06-11,601318,10:56:53,52.4500,51,2
2026-06-11,601318,10:56:56,52.4500,41,2
2026-06-11,601318,10:56:59,52.4500,80,1
2026-06-11,601318,10:57:02,52.4500,39,1
2026-06-11,601318,10:57:05,52.4400,29,2
2026-06-11,601318,10:57:08,52.4500,55,1
2026-06-11,601318,10:57:11,52.4500,65,1
2026-06-11,601318,10:57:14,52.4500,59,2
2026-06-11,601318,10:57:17,52.4500,74,2
2026-06-11,601318,10:57:20,52.4500,113,1
2026-06-11,601318,10:57:23,52.4400,122,2
2026-06-11,601318,10:57:26,52.4400,22,1
2026-06-11,601318,10:57:29,52.4300,93,2
2026-06-11,601318,10:57:32,52.4300,26,1
2026-06-11,601318,10:57:35,52.4300,14,1
2026-06-11,601318,10:57:38,52.4300,39,1
2026-06-11,601318,10:57:41,52.4300,22,1
2026-06-11,601318,10:57:44,52.4200,18,2
2026-06-11,601318,10:57:47,52.4300,20,1
2026-06-11,601318,10:57:50,52.4300,6,1
2026-06-11,601318,10:57:53,52.4300,37,1
2026-06-11,601318,10:57:56,52.4300,19,1
2026-06-11,601318,10:57:59,52.4300,156,1
2026-06-11,601318,10:58:02,52.4300,34,1
2026-06-11,601318,10:58:05,52.4500,76,1
2026-06-11,601318,10:58:08,52.4600,97,1
2026-06-11,601318,10:58:11,52.4400,47,2
2026-06-11,601318,10:58:14,52.4400,66,2
2026-06-11,601318,10:58:17,52.4600,72,1
2026-06-11,601318,10:58:20,52.4400,8,2
2026-06-11,601318,10:58:23,52.4600,20,1
2026-06-11,601318,10:58:26,52.4500,26,2
2026-06-11,601318,10:58:29,52.4500,66,2
2026-06-11,601318,10:58:32,52.4400,219,2
2026-06-11,601318,10:58:35,52.4500,61,1
2026-06-11,601318,10:58:38,52.4500,565,1
2026-06-11,601318,10:58:41,52.4500,20,1
2026-06-11,601318,10:58:44,52.4500,24,1
2026-06-11,601318,10:58:47,52.4400,35,2
2026-06-11,601318,10:58:50,52.4500,24,1
2026-06-11,601318,10:58:53,52.4500,6,1
2026-06-11,601318,10:58:56,52.4500,31,1
2026-06-11,601318,10:58:59,52.4500,82,1
2026-06-11,601318,10:59:02,52.4500,39,4
2026-06-11,601318,10:59:05,52.4500,158,1
2026-06-11,601318,10:59:08,52.4500,391,2
2026-06-11,601318,10:59:11,52.4200,478,2
2026-06-11,601318,10:59:14,52.4100,159,2
2026-06-11,601318,10:59:17,52.4100,88,2
2026-06-11,601318,10:59:20,52.4100,142,2
2026-06-11,601318,10:59:23,52.4100,24,1
2026-06-11,601318,10:59:26,52.4200,42,1
2026-06-11,601318,10:59:29,52.4100,84,2
2026-06-11,601318,10:59:32,52.4100,68,1
2026-06-11,601318,10:59:35,52.4100,63,1
2026-06-11,601318,10:59:38,52.4000,96,2
2026-06-11,601318,10:59:41,52.4200,49,1
2026-06-11,601318,10:59:44,52.4100,65,2
2026-06-11,601318,10:59:47,52.4200,6,1
2026-06-11,601318,10:59:50,52.4200,149,1
2026-06-11,601318,10:59:53,52.4200,37,1
2026-06-11,601318,10:59:56,52.3900,819,2
2026-06-11,601318,10:59:59,52.3800,48,2
2026-06-11,601318,11:00:02,52.3900,34,1
2026-06-11,601318,11:00:05,52.4000,129,1
2026-06-11,601318,11:00:08,52.4000,4,1
2026-06-11,601318,11:00:11,52.4000,97,1
2026-06-11,601318,11:00:14,52.4000,16,1
2026-06-11,601318,11:00:17,52.3900,220,2
2026-06-11,601318,11:00:20,52.3900,298,4
2026-06-11,601318,11:00:23,52.3900,38,1
2026-06-11,601318,11:00:26,52.3900,4,1
2026-06-11,601318,11:00:29,52.3900,61,1
2026-06-11,601318,11:00:32,52.3900,56,1
2026-06-11,601318,11:00:35,52.3900,69,1
2026-06-11,601318,11:00:38,52.3800,94,2
2026-06-11,601318,11:00:41,52.3800,54,1
2026-06-11,601318,11:00:44,52.3800,30,1
2026-06-11,601318,11:00:47,52.3800,192,1
2026-06-11,601318,11:00:50,52.3800,59,1
2026-06-11,601318,11:00:53,52.3900,29,1
2026-06-11,601318,11:00:56,52.3900,69,1
2026-06-11,601318,11:00:59,52.3900,100,1
2026-06-11,601318,11:01:02,52.3900,15,1
2026-06-11,601318,11:01:05,52.4000,32,1
2026-06-11,601318,11:01:08,52.3900,12,2
2026-06-11,601318,11:01:11,52.4000,9,1
2026-06-11,601318,11:01:14,52.3900,7,2
2026-06-11,601318,11:01:17,52.3900,42,2
2026-06-11,601318,11:01:20,52.3800,587,2
2026-06-11,601318,11:01:23,52.3700,525,2
2026-06-11,601318,11:01:26,52.3700,47,1
2026-06-11,601318,11:01:29,52.3500,448,2
2026-06-11,601318,11:01:32,52.3600,179,1
2026-06-11,601318,11:01:35,52.3600,13,1
2026-06-11,601318,11:01:38,52.3600,828,1
2026-06-11,601318,11:01:41,52.3600,29,2
2026-06-11,601318,11:01:44,52.3600,102,2
2026-06-11,601318,11:01:47,52.3800,19,1
2026-06-11,601318,11:01:50,52.3700,29,2
2026-06-11,601318,11:01:53,52.3800,4,1
2026-06-11,601318,11:01:56,52.3800,29,1
2026-06-11,601318,11:01:59,52.3700,74,2
2026-06-11,601318,11:02:02,52.3800,51,1
2026-06-11,601318,11:02:05,52.3700,13,2
2026-06-11,601318,11:02:08,52.3700,49,2
2026-06-11,601318,11:02:11,52.3900,33,1
2026-06-11,601318,11:02:14,52.3900,67,2
2026-06-11,601318,11:02:17,52.3900,126,2
2026-06-11,601318,11:02:19,52.4000,16,1
2026-06-11,601318,11:02:23,52.4000,29,1
2026-06-11,601318,11:02:26,52.3900,36,2
2026-06-11,601318,11:02:29,52.4000,59,1
2026-06-11,601318,11:02:32,52.4000,4,1
2026-06-11,601318,11:02:35,52.4000,33,1
2026-06-11,601318,11:02:38,52.4300,89,1
2026-06-11,601318,11:02:41,52.4000,5,2
2026-06-11,601318,11:02:44,52.4000,71,2
2026-06-11,601318,11:02:47,52.4100,9,2
2026-06-11,601318,11:02:50,52.4200,24,1
2026-06-11,601318,11:02:53,52.4200,10,2
2026-06-11,601318,11:02:56,52.4100,76,2
2026-06-11,601318,11:02:59,52.4100,31,1
2026-06-11,601318,11:03:02,52.4100,35,1
2026-06-11,601318,11:03:05,52.4200,94,1
2026-06-11,601318,11:03:08,52.4200,45,2
2026-06-11,601318,11:03:11,52.4100,20,2
2026-06-11,601318,11:03:14,52.4300,33,1
2026-06-11,601318,11:03:17,52.4300,114,1
2026-06-11,601318,11:03:23,52.4400,81,1
2026-06-11,601318,11:03:26,52.4400,1,2
2026-06-11,601318,11:03:29,52.4500,72,1
2026-06-11,601318,11:03:32,52.4600,84,1
2026-06-11,601318,11:03:35,52.4500,3,4
2026-06-11,601318,11:03:38,52.4500,354,2
2026-06-11,601318,11:03:41,52.4500,15,1
2026-06-11,601318,11:03:44,52.4500,41,1
2026-06-11,601318,11:03:47,52.4500,73,2
2026-06-11,601318,11:03:50,52.4500,66,2
2026-06-11,601318,11:03:53,52.4400,30,1
2026-06-11,601318,11:03:56,52.4400,11,1
2026-06-11,601318,11:03:59,52.4400,88,1
2026-06-11,601318,11:04:02,52.4400,33,1
2026-06-11,601318,11:04:05,52.4300,11,2
2026-06-11,601318,11:04:08,52.4300,22,2
2026-06-11,601318,11:04:11,52.4400,42,1
2026-06-11,601318,11:04:14,52.4400,4,1
2026-06-11,601318,11:04:17,52.4400,135,1
2026-06-11,601318,11:04:20,52.4300,19,2
2026-06-11,601318,11:04:23,52.4400,10,1
2026-06-11,601318,11:04:26,52.4400,5,1
2026-06-11,601318,11:04:29,52.4400,83,1
2026-06-11,601318,11:04:32,52.4500,68,1
2026-06-11,601318,11:04:35,52.4500,14,1
2026-06-11,601318,11:04:38,52.4500,12,1
2026-06-11,601318,11:04:41,52.4500,5,1
2026-06-11,601318,11:04:44,52.4500,45,1
2026-06-11,601318,11:04:47,52.4700,108,1
2026-06-11,601318,11:04:50,52.4600,21,4
2026-06-11,601318,11:04:53,52.4700,44,1
2026-06-11,601318,11:04:56,52.4700,27,1
2026-06-11,601318,11:04:59,52.4700,62,1
2026-06-11,601318,11:05:02,52.4700,42,1
2026-06-11,601318,11:05:05,52.4700,40,1
2026-06-11,601318,11:05:08,52.4800,15,1
2026-06-11,601318,11:05:11,52.4800,47,1
2026-06-11,601318,11:05:14,52.4700,39,2
2026-06-11,601318,11:05:17,52.4800,35,1
2026-06-11,601318,11:05:20,52.4700,179,2
2026-06-11,601318,11:05:23,52.4700,48,1
2026-06-11,601318,11:05:26,52.4700,6,1
2026-06-11,601318,11:05:29,52.4700,57,1
2026-06-11,601318,11:05:32,52.4700,160,1
2026-06-11,601318,11:05:35,52.4700,154,2
2026-06-11,601318,11:05:38,52.4700,47,1
2026-06-11,601318,11:05:41,52.4700,6,1
2026-06-11,601318,11:05:44,52.4800,18,1
2026-06-11,601318,11:05:47,52.4800,55,1
2026-06-11,601318,11:05:50,52.4700,172,2
2026-06-11,601318,11:05:53,52.4700,15,1
2026-06-11,601318,11:05:56,52.4600,33,2
2026-06-11,601318,11:05:59,52.4600,141,2
2026-06-11,601318,11:06:02,52.4500,19,2
2026-06-11,601318,11:06:05,52.4600,53,1
2026-06-11,601318,11:06:08,52.4600,70,1
2026-06-11,601318,11:06:11,52.4600,14,1
2026-06-11,601318,11:06:14,52.4600,7,1
2026-06-11,601318,11:06:17,52.4500,91,2
2026-06-11,601318,11:06:20,52.4600,37,1
2026-06-11,601318,11:06:23,52.4500,33,4
2026-06-11,601318,11:06:26,52.4700,173,1
2026-06-11,601318,11:06:29,52.4500,49,2
2026-06-11,601318,11:06:32,52.4700,12,1
2026-06-11,601318,11:06:35,52.4700,23,1
2026-06-11,601318,11:06:38,52.4700,25,1
2026-06-11,601318,11:06:41,52.4700,31,1
2026-06-11,601318,11:06:44,52.4700,69,1
2026-06-11,601318,11:06:47,52.4700,18,1
2026-06-11,601318,11:06:50,52.4700,9,1
2026-06-11,601318,11:06:53,52.4700,34,4
2026-06-11,601318,11:06:56,52.4600,66,2
2026-06-11,601318,11:06:59,52.4500,107,2
2026-06-11,601318,11:07:02,52.4700,25,1
2026-06-11,601318,11:07:05,52.4700,6,1
2026-06-11,601318,11:07:08,52.4700,15,1
2026-06-11,601318,11:07:11,52.4600,180,2
2026-06-11,601318,11:07:14,52.4700,61,1
2026-06-11,601318,11:07:17,52.4600,19,4
2026-06-11,601318,11:07:20,52.4600,21,2
2026-06-11,601318,11:07:23,52.4600,121,1
2026-06-11,601318,11:07:26,52.4600,87,1
2026-06-11,601318,11:07:29,52.4600,89,1
2026-06-11,601318,11:07:32,52.4600,33,1
2026-06-11,601318,11:07:35,52.4600,13,1
2026-06-11,601318,11:07:38,52.4500,88,2
2026-06-11,601318,11:07:41,52.4700,1,1
2026-06-11,601318,11:07:44,52.4700,111,1
2026-06-11,601318,11:07:47,52.4700,81,1
2026-06-11,601318,11:07:50,52.4800,57,1
2026-06-11,601318,11:07:53,52.4800,12,1
2026-06-11,601318,11:07:56,52.4800,110,2
2026-06-11,601318,11:07:59,52.4700,73,2
2026-06-11,601318,11:08:02,52.4800,6,4
2026-06-11,601318,11:08:05,52.4800,8,1
2026-06-11,601318,11:08:08,52.4700,28,2
2026-06-11,601318,11:08:11,52.4800,15,1
2026-06-11,601318,11:08:14,52.4800,13,1
2026-06-11,601318,11:08:17,52.4700,38,2
2026-06-11,601318,11:08:20,52.4900,64,1
2026-06-11,601318,11:08:23,52.4800,29,1
2026-06-11,601318,11:08:26,52.4800,72,2
2026-06-11,601318,11:08:29,52.4900,162,1
2026-06-11,601318,11:08:32,52.4900,23,1
2026-06-11,601318,11:08:35,52.4900,189,1
2026-06-11,601318,11:08:38,52.5000,20,1
2026-06-11,601318,11:08:41,52.5100,58,1
2026-06-11,601318,11:08:44,52.5100,37,1
2026-06-11,601318,11:08:47,52.5100,6,2
2026-06-11,601318,11:08:50,52.5200,46,1
2026-06-11,601318,11:08:53,52.5200,123,1
2026-06-11,601318,11:08:56,52.5200,50,1
2026-06-11,601318,11:08:59,52.5100,88,2
2026-06-11,601318,11:09:02,52.5200,26,1
2026-06-11,601318,11:09:05,52.5300,80,1
2026-06-11,601318,11:09:08,52.5300,222,1
2026-06-11,601318,11:09:11,52.5200,172,4
2026-06-11,601318,11:09:14,52.5200,95,2
2026-06-11,601318,11:09:17,52.5200,27,1
2026-06-11,601318,11:09:20,52.5100,63,2
2026-06-11,601318,11:09:23,52.5100,30,1
2026-06-11,601318,11:09:26,52.5100,20,1
2026-06-11,601318,11:09:29,52.4900,670,2
2026-06-11,601318,11:09:32,52.4900,30,1
2026-06-11,601318,11:09:35,52.4800,16,2
2026-06-11,601318,11:09:38,52.4800,34,2
2026-06-11,601318,11:09:41,52.4800,31,2
2026-06-11,601318,11:09:44,52.4700,364,2
2026-06-11,601318,11:09:47,52.4700,67,1
2026-06-11,601318,11:09:50,52.4700,170,1
2026-06-11,601318,11:09:53,52.4700,40,1
2026-06-11,601318,11:09:56,52.4700,27,1
2026-06-11,601318,11:09:59,52.4500,85,2
2026-06-11,601318,11:10:02,52.4400,88,2
2026-06-11,601318,11:10:05,52.4600,27,1
2026-06-11,601318,11:10:08,52.4600,36,1
2026-06-11,601318,11:10:11,52.4500,26,2
2026-06-11,601318,11:10:14,52.4600,31,1
2026-06-11,601318,11:10:17,52.4600,36,1
2026-06-11,601318,11:10:20,52.4600,98,1
2026-06-11,601318,11:10:23,52.4600,134,1
2026-06-11,601318,11:10:26,52.4600,14,4
2026-06-11,601318,11:10:29,52.4600,130,2
2026-06-11,601318,11:10:32,52.4700,49,1
2026-06-11,601318,11:10:35,52.4700,49,1
2026-06-11,601318,11:10:38,52.4600,55,2
2026-06-11,601318,11:10:41,52.4700,90,1
2026-06-11,601318,11:10:44,52.4600,312,2
2026-06-11,601318,11:10:47,52.4500,238,2
2026-06-11,601318,11:10:50,52.4600,169,1
2026-06-11,601318,11:10:53,52.4500,167,1
2026-06-11,601318,11:10:56,52.4500,26,2
2026-06-11,601318,11:10:59,52.4500,160,2
2026-06-11,601318,11:11:02,52.4600,7,4
2026-06-11,601318,11:11:05,52.4500,161,2
2026-06-11,601318,11:11:08,52.4500,31,1
2026-06-11,601318,11:11:11,52.4500,34,1
2026-06-11,601318,11:11:14,52.4500,112,1
2026-06-11,601318,11:11:17,52.4500,1,2
2026-06-11,601318,11:11:20,52.4600,50,1
2026-06-11,601318,11:11:23,52.4700,14,1
2026-06-11,601318,11:11:26,52.4600,58,2
2026-06-11,601318,11:11:29,52.4700,5,1
2026-06-11,601318,11:11:32,52.4600,9,2
2026-06-11,601318,11:11:35,52.4600,10,2
2026-06-11,601318,11:11:38,52.4600,33,2
2026-06-11,601318,11:11:41,52.4600,43,2
2026-06-11,601318,11:11:44,52.4600,39,2
2026-06-11,601318,11:11:47,52.4600,41,1
2026-06-11,601318,11:11:50,52.4600,58,2
2026-06-11,601318,11:11:53,52.4700,101,1
2026-06-11,601318,11:11:56,52.4700,27,2
2026-06-11,601318,11:11:59,52.4900,74,1
2026-06-11,601318,11:12:02,52.4700,35,2
2026-06-11,601318,11:12:05,52.5000,187,1
2026-06-11,601318,11:12:08,52.5000,62,1
2026-06-11,601318,11:12:11,52.5100,183,1
2026-06-11,601318,11:12:14,52.5100,33,1
2026-06-11,601318,11:12:17,52.5100,30,2
2026-06-11,601318,11:12:20,52.5100,26,1
2026-06-11,601318,11:12:23,52.5000,16,4
2026-06-11,601318,11:12:26,52.5200,187,1
2026-06-11,601318,11:12:29,52.5100,48,1
2026-06-11,601318,11:12:32,52.5100,39,1
2026-06-11,601318,11:12:35,52.5100,56,1
2026-06-11,601318,11:12:38,52.5100,101,1
2026-06-11,601318,11:12:41,52.5100,4,1
2026-06-11,601318,11:12:44,52.5100,118,1
2026-06-11,601318,11:12:47,52.5100,12,1
2026-06-11,601318,11:12:50,52.5100,49,2
2026-06-11,601318,11:12:52,52.5200,47,1
2026-06-11,601318,11:12:56,52.5200,63,1
2026-06-11,601318,11:12:59,52.5100,211,2
2026-06-11,601318,11:13:02,52.5200,60,1
2026-06-11,601318,11:13:05,52.5000,110,2
2026-06-11,601318,11:13:08,52.5000,93,1
2026-06-11,601318,11:13:11,52.5100,72,1
2026-06-11,601318,11:13:14,52.5000,96,2
2026-06-11,601318,11:13:17,52.5000,83,1
2026-06-11,601318,11:13:20,52.5000,86,2
2026-06-11,601318,11:13:23,52.5100,127,1
2026-06-11,601318,11:13:26,52.5000,43,2
2026-06-11,601318,11:13:29,52.4900,56,2
2026-06-11,601318,11:13:32,52.5000,47,1
2026-06-11,601318,11:13:35,52.5000,92,1
2026-06-11,601318,11:13:38,52.5100,484,1
2026-06-11,601318,11:13:41,52.5300,39,1
2026-06-11,601318,11:13:44,52.5200,24,2
2026-06-11,601318,11:13:47,52.5300,35,1
2026-06-11,601318,11:13:50,52.5100,73,2
2026-06-11,601318,11:13:53,52.5300,56,1
2026-06-11,601318,11:13:56,52.5300,22,2
2026-06-11,601318,11:13:59,52.5200,181,2
2026-06-11,601318,11:14:02,52.5300,13,2
2026-06-11,601318,11:14:05,52.5400,74,1
2026-06-11,601318,11:14:08,52.5400,23,4
2026-06-11,601318,11:14:11,52.5400,28,1
2026-06-11,601318,11:14:14,52.5400,60,1
2026-06-11,601318,11:14:17,52.5200,29,2
2026-06-11,601318,11:14:19,52.5300,22,1
2026-06-11,601318,11:14:23,52.5400,22,1
2026-06-11,601318,11:14:26,52.5300,19,2
2026-06-11,601318,11:14:29,52.5300,91,1
2026-06-11,601318,11:14:32,52.5500,169,1
2026-06-11,601318,11:14:35,52.5300,477,2
2026-06-11,601318,11:14:38,52.5700,73,1
2026-06-11,601318,11:14:41,52.5700,99,1
2026-06-11,601318,11:14:44,52.5800,133,1
2026-06-11,601318,11:14:47,52.5900,34,1
2026-06-11,601318,11:14:50,52.5900,118,1
2026-06-11,601318,11:14:53,52.6000,120,1
2026-06-11,601318,11:14:56,52.6100,58,1
2026-06-11,601318,11:14:59,52.6200,87,1
2026-06-11,601318,11:15:02,52.6000,100,2
2026-06-11,601318,11:15:05,52.6000,77,2
2026-06-11,601318,11:15:08,52.6200,34,1
2026-06-11,601318,11:15:11,52.6200,29,1
2026-06-11,601318,11:15:14,52.6000,37,2
2026-06-11,601318,11:15:17,52.6000,49,1
2026-06-11,601318,11:15:20,52.6000,102,2
2026-06-11,601318,11:15:23,52.5800,291,2
2026-06-11,601318,11:15:26,52.5800,210,2
2026-06-11,601318,11:15:29,52.6000,126,1
2026-06-11,601318,11:15:32,52.5700,63,2
2026-06-11,601318,11:15:35,52.5800,92,4
2026-06-11,601318,11:15:38,52.5800,57,1
2026-06-11,601318,11:15:41,52.5800,47,1
2026-06-11,601318,11:15:44,52.5800,26,1
2026-06-11,601318,11:15:47,52.5600,12,2
2026-06-11,601318,11:15:50,52.5800,58,1
2026-06-11,601318,11:15:53,52.5800,78,1
2026-06-11,601318,11:15:56,52.5700,24,2
2026-06-11,601318,11:15:59,52.5500,20,2
2026-06-11,601318,11:16:02,52.5700,57,1
2026-06-11,601318,11:16:05,52.5500,40,2
2026-06-11,601318,11:16:08,52.5600,13,2
2026-06-11,601318,11:16:11,52.5900,83,1
2026-06-11,601318,11:16:14,52.5700,49,1
2026-06-11,601318,11:16:17,52.5700,84,2
2026-06-11,601318,11:16:20,52.5700,63,4
2026-06-11,601318,11:16:23,52.5800,37,1
2026-06-11,601318,11:16:26,52.5700,72,2
2026-06-11,601318,11:16:29,52.5700,27,2
2026-06-11,601318,11:16:32,52.5600,46,2
2026-06-11,601318,11:16:35,52.5700,19,1
2026-06-11,601318,11:16:38,52.5700,26,1
2026-06-11,601318,11:16:41,52.5700,43,1
2026-06-11,601318,11:16:44,52.5600,16,2
2026-06-11,601318,11:16:47,52.5500,129,2
2026-06-11,601318,11:16:50,52.5500,44,1
2026-06-11,601318,11:16:53,52.5500,22,1
2026-06-11,601318,11:16:56,52.5400,44,1
2026-06-11,601318,11:16:59,52.5400,20,2
2026-06-11,601318,11:17:02,52.5300,11,2
2026-06-11,601318,11:17:05,52.5300,33,2
2026-06-11,601318,11:17:08,52.5300,7,4
2026-06-11,601318,11:17:11,52.5200,24,2
2026-06-11,601318,11:17:14,52.5200,15,2
2026-06-11,601318,11:17:17,52.5000,468,2
2026-06-11,601318,11:17:20,52.4900,554,2
2026-06-11,601318,11:17:23,52.4900,37,4
2026-06-11,601318,11:17:26,52.4900,13,1
2026-06-11,601318,11:17:29,52.4800,37,2
2026-06-11,601318,11:17:32,52.4800,33,1
2026-06-11,601318,11:17:35,52.4800,23,2
2026-06-11,601318,11:17:38,52.4900,164,1
2026-06-11,601318,11:17:41,52.4900,329,2
2026-06-11,601318,11:17:44,52.5000,8,1
2026-06-11,601318,11:17:47,52.5000,83,1
2026-06-11,601318,11:17:50,52.5100,7,1
2026-06-11,601318,11:17:53,52.5100,61,1
2026-06-11,601318,11:17:56,52.5100,1,2
2026-06-11,601318,11:17:59,52.5200,3,1
2026-06-11,601318,11:18:02,52.5300,32,1
2026-06-11,601318,11:18:05,52.5300,63,1
2026-06-11,601318,11:18:08,52.5600,133,1
2026-06-11,601318,11:18:11,52.5900,86,1
2026-06-11,601318,11:18:14,52.5800,24,1
2026-06-11,601318,11:18:17,52.5500,177,2
2026-06-11,601318,11:18:20,52.5900,46,1
2026-06-11,601318,11:18:23,52.5800,26,2
2026-06-11,601318,11:18:26,52.6000,37,1
2026-06-11,601318,11:18:29,52.5900,596,2
2026-06-11,601318,11:18:32,52.6000,62,1
2026-06-11,601318,11:18:35,52.6000,33,2
2026-06-11,601318,11:18:38,52.6000,122,2
2026-06-11,601318,11:18:41,52.6000,37,2
2026-06-11,601318,11:18:44,52.6100,19,1
2026-06-11,601318,11:18:47,52.6100,117,1
2026-06-11,601318,11:18:50,52.6200,135,1
2026-06-11,601318,11:18:53,52.6000,105,2
2026-06-11,601318,11:18:56,52.6200,2,1
2026-06-11,601318,11:18:59,52.6400,129,1
2026-06-11,601318,11:19:02,52.6200,3,4
2026-06-11,601318,11:19:05,52.6200,57,1
2026-06-11,601318,11:19:08,52.6200,49,1
2026-06-11,601318,11:19:11,52.6100,41,2
2026-06-11,601318,11:19:14,52.6200,21,1
2026-06-11,601318,11:19:17,52.6100,190,2
2026-06-11,601318,11:19:20,52.6100,20,2
2026-06-11,601318,11:19:23,52.6200,30,1
2026-06-11,601318,11:19:26,52.6200,125,1
2026-06-11,601318,11:19:29,52.6100,49,2
2026-06-11,601318,11:19:32,52.6200,82,1
2026-06-11,601318,11:19:35,52.6200,95,2
2026-06-11,601318,11:19:37,52.6300,79,1
2026-06-11,601318,11:19:41,52.6300,124,1
2026-06-11,601318,11:19:44,52.6200,29,1
2026-06-11,601318,11:19:47,52.6100,50,2
2026-06-11,601318,11:19:50,52.6100,64,2
2026-06-11,601318,11:19:53,52.6000,146,2
2026-06-11,601318,11:19:56,52.5900,85,2
2026-06-11,601318,11:19:59,52.6000,20,1
2026-06-11,601318,11:20:02,52.6000,16,1
2026-06-11,601318,11:20:05,52.5900,64,2
2026-06-11,601318,11:20:08,52.6100,63,1
2026-06-11,601318,11:20:11,52.6100,30,1
2026-06-11,601318,11:20:14,52.6000,24,2
2026-06-11,601318,11:20:17,52.6200,190,1
2026-06-11,601318,11:20:20,52.6100,19,2
2026-06-11,601318,11:20:23,52.6000,141,2
2026-06-11,601318,11:20:26,52.6400,42,1
2026-06-11,601318,11:20:29,52.6300,50,4
2026-06-11,601318,11:20:32,52.6400,4,1
2026-06-11,601318,11:20:35,52.6200,34,2
2026-06-11,601318,11:20:38,52.6400,51,1
2026-06-11,601318,11:20:41,52.6400,70,1
2026-06-11,601318,11:20:44,52.6400,34,1
2026-06-11,601318,11:20:47,52.6300,119,1
2026-06-11,601318,11:20:50,52.6200,31,2
2026-06-11,601318,11:20:53,52.6200,99,2
2026-06-11,601318,11:20:56,52.6100,73,2
2026-06-11,601318,11:20:59,52.6200,156,1
2026-06-11,601318,11:21:02,52.6000,65,2
2026-06-11,601318,11:21:05,52.6100,59,2
