date,code,time,price,volume,bs
2026-02-11,600036,14:06:35,39.3600,54,1
2026-02-11,600036,14:06:38,39.3600,81,1
2026-02-11,600036,14:06:41,39.3600,28,1
2026-02-11,600036,14:06:44,39.3600,46,1
2026-02-11,600036,14:06:47,39.3900,1177,1
2026-02-11,600036,14:06:50,39.3900,98,1
2026-02-11,600036,14:06:53,39.3700,37,2
2026-02-11,600036,14:06:56,39.3700,33,2
2026-02-11,600036,14:06:59,39.3900,26,1
2026-02-11,600036,14:07:02,39.3800,156,2
2026-02-11,600036,14:07:05,39.3800,108,2
2026-02-11,600036,14:07:08,39.3800,88,2
2026-02-11,600036,14:07:11,39.3800,4,1
2026-02-11,600036,14:07:14,39.3900,288,1
2026-02-11,600036,14:07:17,39.3800,46,4
2026-02-11,600036,14:07:20,39.3800,8,1
2026-02-11,600036,14:07:23,39.3600,81,2
2026-02-11,600036,14:07:26,39.3700,62,2
2026-02-11,600036,14:07:32,39.3800,74,1
2026-02-11,600036,14:07:35,39.3700,91,2
2026-02-11,600036,14:07:38,39.3800,11,1
2026-02-11,600036,14:07:41,39.3800,28,1
2026-02-11,600036,14:07:44,39.3900,89,1
2026-02-11,600036,14:07:47,39.3700,5,2
2026-02-11,600036,14:07:50,39.3900,95,1
2026-02-11,600036,14:07:53,39.3900,49,1
2026-02-11,600036,14:07:56,39.3800,103,2
2026-02-11,600036,14:07:59,39.3800,17,2
2026-02-11,600036,14:08:02,39.3800,86,2
2026-02-11,600036,14:08:05,39.3900,197,1
2026-02-11,600036,14:08:08,39.3900,73,1
2026-02-11,600036,14:08:11,39.3800,97,4
2026-02-11,600036,14:08:14,39.3800,111,1
2026-02-11,600036,14:08:17,39.3900,21,1
2026-02-11,600036,14:08:20,39.3900,63,1
2026-02-11,600036,14:08:23,39.3900,86,1
2026-02-11,600036,14:08:26,39.3800,82,2
2026-02-11,600036,14:08:29,39.3800,61,2
2026-02-11,600036,14:08:32,39.3800,87,1
2026-02-11,600036,14:08:35,39.3800,8,1
2026-02-11,600036,14:08:38,39.3700,548,2
2026-02-11,600036,14:08:41,39.3800,69,1
2026-02-11,600036,14:08:44,39.3800,68,1
2026-02-11,600036,14:08:47,39.3800,82,1
2026-02-11,600036,14:08:50,39.3800,49,1
2026-02-11,600036,14:08:53,39.3800,154,1
2026-02-11,600036,14:08:56,39.3800,76,4
2026-02-11,600036,14:08:59,39.3900,28,1
2026-02-11,600036,14:09:02,39.3900,65,1
2026-02-11,600036,14:09:05,39.3900,12,1
2026-02-11,600036,14:09:08,39.3900,44,1
2026-02-11,600036,14:09:14,39.3800,281,2
2026-02-11,600036,14:09:17,39.3900,59,1
2026-02-11,600036,14:09:20,39.3900,30,1
2026-02-11,600036,14:09:23,39.3800,112,2
2026-02-11,600036,14:09:26,39.3800,116,2
2026-02-11,600036,14:09:29,39.3800,12,1
2026-02-11,600036,14:09:32,39.3700,177,2
2026-02-11,600036,14:09:35,39.3800,135,1
2026-02-11,600036,14:09:38,39.3800,6,1
2026-02-11,600036,14:09:41,39.3800,195,1
2026-02-11,600036,14:09:44,39.3800,416,1
2026-02-11,600036,14:09:47,39.3800,21,4
2026-02-11,600036,14:09:50,39.3800,29,2
2026-02-11,600036,14:09:53,39.3900,57,1
2026-02-11,600036,14:09:56,39.3900,130,1
2026-02-11,600036,14:09:59,39.3800,15,4
2026-02-11,600036,14:10:02,39.3800,45,2
2026-02-11,600036,14:10:05,39.3800,30,2
2026-02-11,600036,14:10:08,39.3900,8,1
2026-02-11,600036,14:10:11,39.3800,89,2
2026-02-11,600036,14:10:14,39.3800,44,2
2026-02-11,600036,14:10:17,39.3800,34,4
2026-02-11,600036,14:10:20,39.3900,31,1
2026-02-11,600036,14:10:23,39.3800,7,2
2026-02-11,600036,14:10:26,39.3900,102,1
2026-02-11,600036,14:10:29,39.3900,28,1
2026-02-11,600036,14:10:32,39.3800,164,2
2026-02-11,600036,14:10:35,39.3900,317,1
2026-02-11,600036,14:10:38,39.3900,83,2
2026-02-11,600036,14:10:41,39.3800,222,2
2026-02-11,600036,14:10:44,39.3800,33,2
2026-02-11,600036,14:10:47,39.3800,134,2
2026-02-11,600036,14:10:50,39.3800,23,2
2026-02-11,600036,14:10:53,39.3900,566,1
2026-02-11,600036,14:10:56,39.3800,63,4
2026-02-11,600036,14:10:59,39.3900,77,1
2026-02-11,600036,14:11:02,39.3900,6,1
2026-02-11,600036,14:11:05,39.3900,75,1
2026-02-11,600036,14:11:08,39.3900,12,1
2026-02-11,600036,14:11:11,39.3900,29,1
2026-02-11,600036,14:11:14,39.3900,42,1
2026-02-11,600036,14:11:17,39.3800,190,2
2026-02-11,600036,14:11:20,39.3800,65,2
2026-02-11,600036,14:11:23,39.3900,291,1
2026-02-11,600036,14:11:26,39.3900,199,1
2026-02-11,600036,14:11:29,39.3900,40,1
2026-02-11,600036,14:11:32,39.3900,33,1
2026-02-11,600036,14:11:35,39.3800,31,4
2026-02-11,600036,14:11:38,39.3700,333,2
2026-02-11,600036,14:11:41,39.3900,20,1
2026-02-11,600036,14:11:44,39.3800,144,2
2026-02-11,600036,14:11:47,39.3700,12,2
2026-02-11,600036,14:11:50,39.3800,39,1
2026-02-11,600036,14:11:53,39.3600,568,2
2026-02-11,600036,14:11:56,39.3700,127,2
2026-02-11,600036,14:11:59,39.3700,104,4
2026-02-11,600036,14:12:02,39.3800,10,1
2026-02-11,600036,14:12:05,39.3700,94,2
2026-02-11,600036,14:12:08,39.3800,288,1
2026-02-11,600036,14:12:11,39.3700,138,2
2026-02-11,600036,14:12:14,39.3700,223,2
2026-02-11,600036,14:12:17,39.3600,204,2
2026-02-11,600036,14:12:20,39.3700,86,1
2026-02-11,600036,14:12:23,39.3800,104,1
2026-02-11,600036,14:12:26,39.3700,24,4
2026-02-11,600036,14:12:29,39.3800,13,1
2026-02-11,600036,14:12:32,39.3700,50,2
2026-02-11,600036,14:12:35,39.3800,64,1
2026-02-11,600036,14:12:38,39.3700,324,2
2026-02-11,600036,14:12:41,39.3800,1,1
2026-02-11,600036,14:12:44,39.3800,39,1
2026-02-11,600036,14:12:47,39.3700,52,2
2026-02-11,600036,14:12:50,39.3800,24,1
2026-02-11,600036,14:12:53,39.3800,44,1
2026-02-11,600036,14:12:56,39.3600,136,2
2026-02-11,600036,14:12:59,39.3700,7,4
2026-02-11,600036,14:13:02,39.3800,91,1
2026-02-11,600036,14:13:05,39.3700,84,2
2026-02-11,600036,14:13:08,39.3700,11,2
2026-02-11,600036,14:13:11,39.3700,91,2
2026-02-11,600036,14:13:14,39.3800,13,1
2026-02-11,600036,14:13:17,39.3700,31,2
2026-02-11,600036,14:13:20,39.3700,9,2
2026-02-11,600036,14:13:23,39.3800,188,1
2026-02-11,600036,14:13:26,39.3700,47,2
2026-02-11,600036,14:13:29,39.3700,46,2
2026-02-11,600036,14:13:32,39.3800,85,1
2026-02-11,600036,14:13:35,39.3700,31,2
2026-02-11,600036,14:13:38,39.3800,377,1
2026-02-11,600036,14:13:41,39.3700,64,2
2026-02-11,600036,14:13:44,39.3800,3,1
2026-02-11,600036,14:13:47,39.3600,142,2
2026-02-11,600036,14:13:50,39.3800,26,1
2026-02-11,600036,14:13:53,39.3800,83,1
2026-02-11,600036,14:13:56,39.3700,164,4
2026-02-11,600036,14:13:59,39.3600,194,2
2026-02-11,600036,14:14:02,39.3700,472,1
2026-02-11,600036,14:14:05,39.3800,102,1
2026-02-11,600036,14:14:08,39.3700,86,2
2026-02-11,600036,14:14:11,39.3600,463,2
2026-02-11,600036,14:14:14,39.3700,20,4
2026-02-11,600036,14:14:17,39.3700,13,2
2026-02-11,600036,14:14:20,39.3800,101,1
2026-02-11,600036,14:14:23,39.3600,468,2
2026-02-11,600036,14:14:26,39.3600,197,2
2026-02-11,600036,14:14:29,39.3700,26,4
2026-02-11,600036,14:14:32,39.3700,35,4
2026-02-11,600036,14:14:35,39.3600,39,2
2026-02-11,600036,14:14:38,39.3700,244,4
2026-02-11,600036,14:14:41,39.3700,99,2
2026-02-11,600036,14:14:44,39.3900,237,1
2026-02-11,600036,14:14:47,39.3900,21,1
2026-02-11,600036,14:14:50,39.3800,41,4
2026-02-11,600036,14:14:53,39.3800,21,2
2026-02-11,600036,14:14:56,39.3800,9,4
2026-02-11,600036,14:14:59,39.3800,48,1
2026-02-11,600036,14:15:02,39.3800,27,1
2026-02-11,600036,14:15:05,39.3800,47,1
2026-02-11,600036,14:15:08,39.3800,55,1
2026-02-11,600036,14:15:11,39.3700,3,2
2026-02-11,600036,14:15:14,39.3800,45,1
2026-02-11,600036,14:15:20,39.3800,25,1
2026-02-11,600036,14:15:23,39.3800,289,1
2026-02-11,600036,14:15:26,39.3900,405,1
2026-02-11,600036,14:15:29,39.3700,338,2
2026-02-11,600036,14:15:32,39.3900,130,1
2026-02-11,600036,14:15:35,39.3900,136,1
2026-02-11,600036,14:15:38,39.3900,3,1
2026-02-11,600036,14:15:41,39.3900,1,1
2026-02-11,600036,14:15:44,39.3900,42,1
2026-02-11,600036,14:15:47,39.3800,24,2
2026-02-11,600036,14:15:50,39.3900,69,1
2026-02-11,600036,14:15:53,39.3800,103,2
2026-02-11,600036,14:15:56,39.3900,4,1
2026-02-11,600036,14:15:59,39.3800,3,2
2026-02-11,600036,14:16:02,39.3900,37,1
2026-02-11,600036,14:16:05,39.3800,29,2
2026-02-11,600036,14:16:11,39.3900,1,1
2026-02-11,600036,14:16:14,39.3900,97,1
2026-02-11,600036,14:16:17,39.3900,16,1
2026-02-11,600036,14:16:20,39.3900,92,1
2026-02-11,600036,14:16:23,39.3900,77,1
2026-02-11,600036,14:16:26,39.3900,22,1
2026-02-11,600036,14:16:29,39.3800,277,2
2026-02-11,600036,14:16:32,39.3800,156,2
2026-02-11,600036,14:16:35,39.3900,101,1
2026-02-11,600036,14:16:38,39.3800,88,2
2026-02-11,600036,14:16:41,39.3800,156,1
2026-02-11,600036,14:16:44,39.3900,339,1
2026-02-11,600036,14:16:47,39.3900,254,1
2026-02-11,600036,14:16:50,39.3800,11,2
2026-02-11,600036,14:16:53,39.3800,74,2
2026-02-11,600036,14:16:56,39.3900,84,1
2026-02-11,600036,14:16:59,39.3700,120,2
2026-02-11,600036,14:17:02,39.3800,198,4
2026-02-11,600036,14:17:05,39.3800,167,2
2026-02-11,600036,14:17:08,39.3900,7,1
2026-02-11,600036,14:17:11,39.3800,45,2
2026-02-11,600036,14:17:14,39.3700,99,2
2026-02-11,600036,14:17:17,39.3800,7,1
2026-02-11,600036,14:17:20,39.3800,213,1
2026-02-11,600036,14:17:23,39.3800,83,2
2026-02-11,600036,14:17:26,39.3900,348,1
2026-02-11,600036,14:17:29,39.3800,6,4
2026-02-11,600036,14:17:32,39.3800,40,2
2026-02-11,600036,14:17:35,39.3900,113,1
2026-02-11,600036,14:17:38,39.3800,1,2
2026-02-11,600036,14:17:41,39.3900,97,1
2026-02-11,600036,14:17:44,39.3700,140,2
2026-02-11,600036,14:17:47,39.3800,8,4
2026-02-11,600036,14:17:50,39.3900,21,1
2026-02-11,600036,14:17:53,39.3900,24,1
2026-02-11,600036,14:17:56,39.3800,112,2
2026-02-11,600036,14:17:59,39.3800,84,1
2026-02-11,600036,14:18:02,39.3800,27,1
2026-02-11,600036,14:18:05,39.3800,64,1
2026-02-11,600036,14:18:08,39.3800,343,1
2026-02-11,600036,14:18:11,39.3800,352,1
2026-02-11,600036,14:18:14,39.3800,21,2
2026-02-11,600036,14:18:17,39.3900,47,1
2026-02-11,600036,14:18:20,39.3900,359,1
2026-02-11,600036,14:18:23,39.4000,78,1
2026-02-11,600036,14:18:26,39.4000,1024,1
2026-02-11,600036,14:18:29,39.3900,50,2
2026-02-11,600036,14:18:32,39.4000,347,1
2026-02-11,600036,14:18:35,39.4000,65,1
2026-02-11,600036,14:18:38,39.4000,20,1
2026-02-11,600036,14:18:41,39.4000,1,1
2026-02-11,600036,14:18:44,39.4000,124,1
2026-02-11,600036,14:18:47,39.4000,53,1
2026-02-11,600036,14:18:50,39.3900,12,2
2026-02-11,600036,14:18:53,39.3900,190,2
2026-02-11,600036,14:18:56,39.3800,137,2
2026-02-11,600036,14:18:59,39.3800,68,2
2026-02-11,600036,14:19:02,39.3900,12,4
2026-02-11,600036,14:19:05,39.3900,50,2
2026-02-11,600036,14:19:08,39.3900,14,1
2026-02-11,600036,14:19:11,39.3800,84,2
2026-02-11,600036,14:19:14,39.3900,9,1
2026-02-11,600036,14:19:17,39.3900,86,1
2026-02-11,600036,14:19:20,39.3700,75,2
2026-02-11,600036,14:19:23,39.3600,464,2
2026-02-11,600036,14:19:32,39.3700,4,2
2026-02-11,600036,14:19:35,39.3800,84,2
2026-02-11,600036,14:19:38,39.3800,14,1
2026-02-11,600036,14:19:41,39.3800,45,1
2026-02-11,600036,14:19:44,39.3800,16,1
2026-02-11,600036,14:19:47,39.3700,7,2
2026-02-11,600036,14:19:53,39.3800,201,1
2026-02-11,600036,14:19:56,39.3700,179,4
2026-02-11,600036,14:19:59,39.3700,50,4
2026-02-11,600036,14:20:02,39.3800,49,1
2026-02-11,600036,14:20:05,39.3700,77,2
2026-02-11,600036,14:20:08,39.3700,1,2
2026-02-11,600036,14:20:11,39.3800,40,1
2026-02-11,600036,14:20:17,39.3800,226,1
2026-02-11,600036,14:20:20,39.3800,257,1
2026-02-11,600036,14:20:23,39.3800,9,2
2026-02-11,600036,14:20:26,39.3900,80,1
2026-02-11,600036,14:20:29,39.3900,417,1
2026-02-11,600036,14:20:32,39.3800,40,2
2026-02-11,600036,14:20:35,39.3900,11,1
2026-02-11,600036,14:20:38,39.3900,25,1
2026-02-11,600036,14:20:41,39.4000,284,1
2026-02-11,600036,14:20:44,39.4000,104,1
2026-02-11,600036,14:20:47,39.4000,600,1
2026-02-11,600036,14:20:50,39.4000,23,2
2026-02-11,600036,14:20:53,39.4100,16,1
2026-02-11,600036,14:20:56,39.4100,1,1
2026-02-11,600036,14:20:59,39.4100,83,1
2026-02-11,600036,14:21:02,39.4000,157,2
2026-02-11,600036,14:21:05,39.4000,34,2
2026-02-11,600036,14:21:08,39.4100,40,1
2026-02-11,600036,14:21:11,39.4000,62,2
2026-02-11,600036,14:21:14,39.4000,380,2
2026-02-11,600036,14:21:17,39.3900,101,2
2026-02-11,600036,14:21:20,39.4000,34,1
2026-02-11,600036,14:21:23,39.3800,205,2
2026-02-11,600036,14:21:26,39.3900,14,2
2026-02-11,600036,14:21:29,39.3900,48,1
2026-02-11,600036,14:21:32,39.3900,93,1
2026-02-11,600036,14:21:35,39.3800,32,2
2026-02-11,600036,14:21:38,39.4000,458,1
2026-02-11,600036,14:21:41,39.3900,6,4
2026-02-11,600036,14:21:44,39.3800,21,2
2026-02-11,600036,14:21:47,39.3900,85,1
2026-02-11,600036,14:21:50,39.3900,46,1
2026-02-11,600036,14:21:53,39.3800,213,2
2026-02-11,600036,14:21:59,39.3800,36,2
2026-02-11,600036,14:22:02,39.3900,30,1
2026-02-11,600036,14:22:05,39.3800,66,2
2026-02-11,600036,14:22:08,39.3900,62,1
2026-02-11,600036,14:22:11,39.3800,2,2
2026-02-11,600036,14:22:14,39.3900,112,1
2026-02-11,600036,14:22:17,39.3900,3,1
2026-02-11,600036,14:22:20,39.3900,39,1
2026-02-11,600036,14:22:23,39.3800,77,2
2026-02-11,600036,14:22:26,39.3900,12,1
2026-02-11,600036,14:22:29,39.3800,115,2
2026-02-11,600036,14:22:32,39.3900,52,1
2026-02-11,600036,14:22:35,39.3900,38,1
2026-02-11,600036,14:22:38,39.3800,318,2
2026-02-11,600036,14:22:41,39.3800,104,2
2026-02-11,600036,14:22:44,39.3800,90,2
2026-02-11,600036,14:22:47,39.3900,328,1
2026-02-11,600036,14:22:50,39.3800,59,2
2026-02-11,600036,14:22:53,39.3800,85,2
2026-02-11,600036,14:22:56,39.3800,75,2
2026-02-11,600036,14:22:59,39.3900,10,1
2026-02-11,600036,14:23:02,39.3900,64,1
2026-02-11,600036,14:23:05,39.3800,54,2
2026-02-11,600036,14:23:08,39.3800,2,2
2026-02-11,600036,14:23:11,39.3900,61,1
2026-02-11,600036,14:23:14,39.3800,28,2
2026-02-11,600036,14:23:17,39.3900,39,1
2026-02-11,600036,14:23:20,39.3900,12,1
2026-02-11,600036,14:23:23,39.3900,186,1
2026-02-11,600036,14:23:26,39.3800,157,2
2026-02-11,600036,14:23:29,39.3700,105,2
2026-02-11,600036,14:23:32,39.3800,506,1
2026-02-11,600036,14:23:35,39.4000,443,1
2026-02-11,600036,14:23:38,39.3900,16,2
2026-02-11,600036,14:23:41,39.4000,77,1
2026-02-11,600036,14:23:44,39.3900,39,2
2026-02-11,600036,14:23:47,39.3900,2,2
2026-02-11,600036,14:23:50,39.3900,18,2
2026-02-11,600036,14:23:53,39.4000,48,1
2026-02-11,600036,14:23:56,39.4000,74,1
2026-02-11,600036,14:23:59,39.3900,10,2
2026-02-11,600036,14:24:02,39.4000,73,1
2026-02-11,600036,14:24:05,39.4000,118,1
2026-02-11,600036,14:24:08,39.4000,103,1
2026-02-11,600036,14:24:11,39.4000,50,1
2026-02-11,600036,14:24:14,39.4000,57,1
2026-02-11,600036,14:24:17,39.3900,3,2
2026-02-11,600036,14:24:20,39.3900,19,2
2026-02-11,600036,14:24:23,39.3900,128,2
2026-02-11,600036,14:24:26,39.3900,17,2
2026-02-11,600036,14:24:29,39.3900,13,2
2026-02-11,600036,14:24:32,39.4000,137,1
2026-02-11,600036,14:24:35,39.4000,26,1
2026-02-11,600036,14:24:38,39.4000,5,1
2026-02-11,600036,14:24:41,39.4000,15,1
2026-02-11,600036,14:24:44,39.3900,363,2
2026-02-11,600036,14:24:47,39.3900,203,2
2026-02-11,600036,14:24:50,39.3900,321,1
2026-02-11,600036,14:24:53,39.3700,137,2
2026-02-11,600036,14:24:56,39.4000,413,1
2026-02-11,600036,14:24:59,39.4000,47,1
2026-02-11,600036,14:25:02,39.4000,3,1
2026-02-11,600036,14:25:05,39.3900,15,2
2026-02-11,600036,14:25:08,39.3900,100,2
2026-02-11,600036,14:25:11,39.4000,93,1
2026-02-11,600036,14:25:14,39.4000,50,1
2026-02-11,600036,14:25:17,39.3900,18,2
2026-02-11,600036,14:25:20,39.4000,4,1
2026-02-11,600036,14:25:23,39.3900,4,2
2026-02-11,600036,14:25:26,39.3900,85,2
2026-02-11,600036,14:25:29,39.3900,146,2
2026-02-11,600036,14:25:32,39.3900,85,2
2026-02-11,600036,14:25:35,39.4000,57,1
2026-02-11,600036,14:25:38,39.4000,4,1
2026-02-11,600036,14:25:41,39.4000,84,1
2026-02-11,600036,14:25:44,39.4000,61,1
2026-02-11,600036,14:25:47,39.3900,128,2
2026-02-11,600036,14:25:50,39.4000,140,1
2026-02-11,600036,14:25:53,39.4000,293,1
2026-02-11,600036,14:25:56,39.4000,96,1
2026-02-11,600036,14:25:59,39.4000,74,1
2026-02-11,600036,14:26:02,39.3900,29,2
2026-02-11,600036,14:26:05,39.4000,60,1
2026-02-11,600036,14:26:08,39.4000,271,1
2026-02-11,600036,14:26:11,39.4000,378,1
2026-02-11,600036,14:26:14,39.3900,5,2
2026-02-11,600036,14:26:17,39.4000,16,1
2026-02-11,600036,14:26:20,39.4000,1,1
2026-02-11,600036,14:26:23,39.3900,92,2
2026-02-11,600036,14:26:26,39.3900,99,2
2026-02-11,600036,14:26:29,39.3900,36,2
2026-02-11,600036,14:26:32,39.3900,6,2
2026-02-11,600036,14:26:35,39.3900,65,2
2026-02-11,600036,14:26:38,39.3900,124,2
2026-02-11,600036,14:26:41,39.3700,449,2
2026-02-11,600036,14:26:44,39.3700,371,2
2026-02-11,600036,14:26:47,39.3900,65,1
2026-02-11,600036,14:26:50,39.3900,133,1
2026-02-11,600036,14:26:53,39.4000,412,1
2026-02-11,600036,14:26:56,39.3900,69,2
2026-02-11,600036,14:26:59,39.3900,61,1
2026-02-11,600036,14:27:02,39.3900,16,1
2026-02-11,600036,14:27:05,39.3900,45,1
2026-02-11,600036,14:27:08,39.3900,45,1
2026-02-11,600036,14:27:11,39.3900,91,1
2026-02-11,600036,14:27:14,39.3900,16,1
2026-02-11,600036,14:27:17,39.3900,103,1
2026-02-11,600036,14:27:20,39.3800,6,2
2026-02-11,600036,14:27:23,39.3900,212,1
2026-02-11,600036,14:27:26,39.3900,106,2
2026-02-11,600036,14:27:29,39.3900,8,2
2026-02-11,600036,14:27:32,39.3900,30,2
2026-02-11,600036,14:27:35,39.3900,9,2
2026-02-11,600036,14:27:38,39.4000,44,1
2026-02-11,600036,14:27:41,39.3900,1,2
2026-02-11,600036,14:27:44,39.4000,233,1
2026-02-11,600036,14:27:47,39.4000,52,1
2026-02-11,600036,14:27:50,39.3900,43,2
2026-02-11,600036,14:27:53,39.3900,138,2
2026-02-11,600036,14:27:56,39.4000,90,1
2026-02-11,600036,14:27:59,39.4000,89,1
2026-02-11,600036,14:28:02,39.3900,39,2
2026-02-11,600036,14:28:05,39.4000,20,1
2026-02-11,600036,14:28:08,39.4000,8,1
2026-02-11,600036,14:28:11,39.4000,72,1
2026-02-11,600036,14:28:14,39.4000,261,1
2026-02-11,600036,14:28:17,39.4000,150,1
2026-02-11,600036,14:28:20,39.3900,57,2
2026-02-11,600036,14:28:23,39.3800,290,2
2026-02-11,600036,14:28:26,39.3800,56,2
2026-02-11,600036,14:28:29,39.3800,24,2
2026-02-11,600036,14:28:32,39.3900,5,1
2026-02-11,600036,14:28:35,39.3900,155,1
2026-02-11,600036,14:28:38,39.3800,12,2
2026-02-11,600036,14:28:41,39.3800,81,2
2026-02-11,600036,14:28:44,39.3800,502,2
2026-02-11,600036,14:28:47,39.3900,119,1
2026-02-11,600036,14:28:50,39.3900,203,1
2026-02-11,600036,14:28:53,39.3900,111,1
2026-02-11,600036,14:28:56,39.3800,44,2
2026-02-11,600036,14:28:59,39.3900,281,1
2026-02-11,600036,14:29:02,39.3800,73,2
2026-02-11,600036,14:29:05,39.3900,159,1
2026-02-11,600036,14:29:08,39.3800,142,2
2026-02-11,600036,14:29:11,39.3800,140,2
2026-02-11,600036,14:29:14,39.3900,7,1
2026-02-11,600036,14:29:17,39.3800,77,4
2026-02-11,600036,14:29:20,39.3800,42,4
2026-02-11,600036,14:29:23,39.3800,34,1
2026-02-11,600036,14:29:26,39.3700,29,2
2026-02-11,600036,14:29:29,39.3800,266,1
2026-02-11,600036,14:29:32,39.3700,58,2
2026-02-11,600036,14:29:35,39.3700,65,2
2026-02-11,600036,14:29:38,39.3800,328,1
2026-02-11,600036,14:29:41,39.3700,41,2
2026-02-11,600036,14:29:44,39.3800,253,1
2026-02-11,600036,14:29:47,39.3900,65,1
2026-02-11,600036,14:29:50,39.3800,133,2
2026-02-11,600036,14:29:53,39.3800,125,2
2026-02-11,600036,14:29:56,39.3800,283,2
2026-02-11,600036,14:29:59,39.4000,384,1
2026-02-11,600036,14:30:02,39.3800,209,2
2026-02-11,600036,14:30:05,39.3700,287,2
2026-02-11,600036,14:30:08,39.4000,541,1
2026-02-11,600036,14:30:11,39.3800,111,2
2026-02-11,600036,14:30:14,39.3900,30,1
2026-02-11,600036,14:30:17,39.4000,248,1
2026-02-11,600036,14:30:20,39.3900,55,2
2026-02-11,600036,14:30:23,39.4000,235,1
2026-02-11,600036,14:30:26,39.3900,74,2
2026-02-11,600036,14:30:29,39.3900,22,2
2026-02-11,600036,14:30:32,39.3900,44,2
2026-02-11,600036,14:30:35,39.3900,61,2
2026-02-11,600036,14:30:38,39.4000,87,1
2026-02-11,600036,14:30:41,39.3900,138,2
2026-02-11,600036,14:30:44,39.3900,30,1
2026-02-11,600036,14:30:47,39.3800,32,2
2026-02-11,600036,14:30:50,39.3900,6,1
2026-02-11,600036,14:30:53,39.3900,10,1
2026-02-11,600036,14:30:56,39.3900,13,1
2026-02-11,600036,14:30:59,39.4000,2613,1
2026-02-11,600036,14:31:02,39.4000,832,1
2026-02-11,600036,14:31:05,39.4100,254,1
2026-02-11,600036,14:31:08,39.4100,95,1
2026-02-11,600036,14:31:11,39.4000,65,2
2026-02-11,600036,14:31:14,39.4000,252,2
2026-02-11,600036,14:31:17,39.4100,99,1
2026-02-11,600036,14:31:20,39.4000,397,2
2026-02-11,600036,14:31:23,39.4100,555,1
2026-02-11,600036,14:31:26,39.4100,17,2
2026-02-11,600036,14:31:29,39.4100,88,2
2026-02-11,600036,14:31:32,39.4100,56,2
2026-02-11,600036,14:31:35,39.4200,113,1
2026-02-11,600036,14:31:38,39.4200,106,1
2026-02-11,600036,14:31:41,39.4200,150,1
2026-02-11,600036,14:31:44,39.4100,233,2
2026-02-11,600036,14:31:47,39.4100,184,2
2026-02-11,600036,14:31:50,39.4100,172,2
2026-02-11,600036,14:31:53,39.3900,261,2
2026-02-11,600036,14:31:56,39.3900,14,2
2026-02-11,600036,14:31:59,39.4100,42,1
2026-02-11,600036,14:32:02,39.4100,149,1
2026-02-11,600036,14:32:05,39.4100,1,1
2026-02-11,600036,14:32:08,39.4100,38,1
2026-02-11,600036,14:32:11,39.4000,105,2
2026-02-11,600036,14:32:14,39.4100,183,1
2026-02-11,600036,14:32:17,39.4100,68,1
2026-02-11,600036,14:32:20,39.4000,116,2
2026-02-11,600036,14:32:23,39.4000,71,2
2026-02-11,600036,14:32:26,39.4000,75,2
2026-02-11,600036,14:32:29,39.4000,92,2
2026-02-11,600036,14:32:32,39.4000,37,1
2026-02-11,600036,14:32:35,39.4000,46,1
2026-02-11,600036,14:32:38,39.4000,197,1
2026-02-11,600036,14:32:41,39.3900,91,2
2026-02-11,600036,14:32:44,39.3900,3,2
2026-02-11,600036,14:32:47,39.4000,6,1
2026-02-11,600036,14:32:50,39.3900,1,2
2026-02-11,600036,14:32:53,39.3900,123,2
2026-02-11,600036,14:32:56,39.4000,114,1
2026-02-11,600036,14:32:59,39.4000,16,1
2026-02-11,600036,14:33:02,39.3900,10,2
2026-02-11,600036,14:33:05,39.4000,52,1
2026-02-11,600036,14:33:08,39.4000,81,1
2026-02-11,600036,14:33:11,39.4000,358,1
2026-02-11,600036,14:33:14,39.4000,83,1
2026-02-11,600036,14:33:17,39.4000,158,1
2026-02-11,600036,14:33:20,39.4000,461,1
2026-02-11,600036,14:33:23,39.4000,100,2
2026-02-11,600036,14:33:26,39.4000,53,2
2026-02-11,600036,14:33:29,39.4000,100,2
2026-02-11,600036,14:33:32,39.4000,67,2
2026-02-11,600036,14:33:35,39.4000,25,2
2026-02-11,600036,14:33:38,39.4100,37,1
2026-02-11,600036,14:33:41,39.4000,281,2
2026-02-11,600036,14:33:44,39.4000,27,2
2026-02-11,600036,14:33:47,39.4000,10,2
2026-02-11,600036,14:33:50,39.4000,127,2
2026-02-11,600036,14:33:53,39.4000,257,2
2026-02-11,600036,14:33:56,39.4000,58,2
2026-02-11,600036,14:33:59,39.4000,77,2
2026-02-11,600036,14:34:02,39.4000,43,2
2026-02-11,600036,14:34:05,39.4000,94,2
2026-02-11,600036,14:34:08,39.4100,13,1
2026-02-11,600036,14:34:11,39.4000,34,2
2026-02-11,600036,14:34:14,39.4100,20,1
2026-02-11,600036,14:34:17,39.4100,151,1
2026-02-11,600036,14:34:20,39.4100,142,1
2026-02-11,600036,14:34:23,39.4000,125,2
2026-02-11,600036,14:34:26,39.4100,127,1
2026-02-11,600036,14:34:29,39.4000,11,2
2026-02-11,600036,14:34:32,39.4100,54,1
2026-02-11,600036,14:34:35,39.4000,89,2
2026-02-11,600036,14:34:38,39.4100,2,1
2026-02-11,600036,14:34:41,39.4100,315,1
2026-02-11,600036,14:34:44,39.4100,375,1
2026-02-11,600036,14:34:47,39.4100,151,1
2026-02-11,600036,14:34:50,39.4000,160,2
2026-02-11,600036,14:34:53,39.4000,120,2
2026-02-11,600036,14:34:56,39.4000,85,2
2026-02-11,600036,14:34:59,39.4000,25,2
2026-02-11,600036,14:35:02,39.4000,73,2
2026-02-11,600036,14:35:05,39.4100,465,1
2026-02-11,600036,14:35:08,39.4100,117,1
2026-02-11,600036,14:35:11,39.4100,62,1
2026-02-11,600036,14:35:14,39.4100,974,1
2026-02-11,600036,14:35:17,39.4200,689,1
2026-02-11,600036,14:35:20,39.4300,182,1
2026-02-11,600036,14:35:23,39.4300,663,1
2026-02-11,600036,14:35:26,39.4300,309,1
2026-02-11,600036,14:35:29,39.4300,96,1
2026-02-11,600036,14:35:32,39.4400,474,1
2026-02-11,600036,14:35:35,39.4300,47,4
2026-02-11,600036,14:35:38,39.4300,58,1
2026-02-11,600036,14:35:41,39.4300,101,1
2026-02-11,600036,14:35:44,39.4300,74,1
2026-02-11,600036,14:35:47,39.4300,70,1
2026-02-11,600036,14:35:50,39.4200,72,2
2026-02-11,600036,14:35:53,39.4300,97,1
2026-02-11,600036,14:35:56,39.4300,211,1
2026-02-11,600036,14:35:59,39.4200,70,2
2026-02-11,600036,14:36:02,39.4200,190,2
2026-02-11,600036,14:36:05,39.4300,118,1
2026-02-11,600036,14:36:08,39.4200,99,2
2026-02-11,600036,14:36:11,39.4300,49,1
2026-02-11,600036,14:36:14,39.4300,21,1
2026-02-11,600036,14:36:17,39.4300,293,1
2026-02-11,600036,14:36:20,39.4300,113,1
2026-02-11,600036,14:36:23,39.4200,265,2
2026-02-11,600036,14:36:26,39.4200,263,2
2026-02-11,600036,14:36:29,39.4300,56,2
2026-02-11,600036,14:36:32,39.4300,51,2
2026-02-11,600036,14:36:35,39.4400,96,1
2026-02-11,600036,14:36:38,39.4400,87,1
2026-02-11,600036,14:36:41,39.4300,55,2
2026-02-11,600036,14:36:44,39.4400,81,1
2026-02-11,600036,14:36:47,39.4400,58,1
2026-02-11,600036,14:36:50,39.4300,160,2
2026-02-11,600036,14:36:53,39.4400,192,1
2026-02-11,600036,14:36:56,39.4300,97,2
2026-02-11,600036,14:36:59,39.4400,157,1
2026-02-11,600036,14:37:02,39.4300,244,2
2026-02-11,600036,14:37:05,39.4400,52,1
2026-02-11,600036,14:37:08,39.4400,53,1
2026-02-11,600036,14:37:11,39.4400,62,1
2026-02-11,600036,14:37:14,39.4400,38,1
2026-02-11,600036,14:37:17,39.4400,142,1
2026-02-11,600036,14:37:20,39.4400,274,1
2026-02-11,600036,14:37:23,39.4400,134,1
2026-02-11,600036,14:37:26,39.4400,362,1
2026-02-11,600036,14:37:29,39.4300,85,2
2026-02-11,600036,14:37:32,39.4300,205,2
2026-02-11,600036,14:37:35,39.4500,112,1
2026-02-11,600036,14:37:38,39.4300,101,2
2026-02-11,600036,14:37:41,39.4400,310,1
2026-02-11,600036,14:37:44,39.4400,145,1
2026-02-11,600036,14:37:47,39.4400,90,1
2026-02-11,600036,14:37:50,39.4400,81,1
2026-02-11,600036,14:37:53,39.4400,103,1
2026-02-11,600036,14:37:56,39.4400,43,1
2026-02-11,600036,14:37:59,39.4500,162,1
2026-02-11,600036,14:38:02,39.4400,2,1
2026-02-11,600036,14:38:05,39.4300,251,2
2026-02-11,600036,14:38:08,39.4400,57,1
2026-02-11,600036,14:38:11,39.4400,101,1
2026-02-11,600036,14:38:14,39.4300,60,2
2026-02-11,600036,14:38:17,39.4300,237,2
2026-02-11,600036,14:38:20,39.4300,258,2
2026-02-11,600036,14:38:23,39.4300,65,2
2026-02-11,600036,14:38:26,39.4300,62,2
2026-02-11,600036,14:38:29,39.4300,96,2
2026-02-11,600036,14:38:32,39.4300,106,2
2026-02-11,600036,14:38:35,39.4400,406,1
2026-02-11,600036,14:38:38,39.4300,455,2
2026-02-11,600036,14:38:41,39.4300,43,2
2026-02-11,600036,14:38:44,39.4300,43,2
2026-02-11,600036,14:38:47,39.4300,82,2
2026-02-11,600036,14:38:50,39.4400,45,1
2026-02-11,600036,14:38:53,39.4300,119,2
2026-02-11,600036,14:38:56,39.4300,8,2
2026-02-11,600036,14:38:59,39.4300,66,2
2026-02-11,600036,14:39:02,39.4400,25,1
2026-02-11,600036,14:39:05,39.4400,14,1
2026-02-11,600036,14:39:08,39.4400,630,1
2026-02-11,600036,14:39:11,39.4300,63,2
2026-02-11,600036,14:39:14,39.4400,21,1
2026-02-11,600036,14:39:17,39.4400,362,1
2026-02-11,600036,14:39:20,39.4400,74,1
2026-02-11,600036,14:39:23,39.4500,262,1
2026-02-11,600036,14:39:26,39.4400,138,2
2026-02-11,600036,14:39:29,39.4500,143,1
2026-02-11,600036,14:39:32,39.4400,31,2
2026-02-11,600036,14:39:35,39.4500,40,1
2026-02-11,600036,14:39:38,39.4500,76,1
2026-02-11,600036,14:39:41,39.4500,383,1
2026-02-11,600036,14:39:44,39.4400,72,2
2026-02-11,600036,14:39:47,39.4500,71,1
2026-02-11,600036,14:39:50,39.4500,232,1
2026-02-11,600036,14:39:53,39.4400,110,2
2026-02-11,600036,14:39:56,39.4500,50,1
2026-02-11,600036,14:39:59,39.4500,51,1
2026-02-11,600036,14:40:02,39.4500,51,1
2026-02-11,600036,14:40:05,39.4500,220,1
2026-02-11,600036,14:40:08,39.4300,1098,2
2026-02-11,600036,14:40:11,39.4300,102,2
2026-02-11,600036,14:40:14,39.4300,223,2
2026-02-11,600036,14:40:17,39.4300,27,1
2026-02-11,600036,14:40:20,39.4300,143,1
2026-02-11,600036,14:40:23,39.4200,143,2
2026-02-11,600036,14:40:26,39.4200,171,2
2026-02-11,600036,14:40:29,39.4200,83,2
2026-02-11,600036,14:40:32,39.4300,3,1
2026-02-11,600036,14:40:35,39.4200,69,2
2026-02-11,600036,14:40:38,39.4300,60,1
2026-02-11,600036,14:40:41,39.4300,488,1
2026-02-11,600036,14:40:44,39.4200,156,2
2026-02-11,600036,14:40:47,39.4300,75,1
2026-02-11,600036,14:40:50,39.4300,67,1
2026-02-11,600036,14:40:53,39.4200,104,2
2026-02-11,600036,14:40:56,39.4300,75,1
2026-02-11,600036,14:40:59,39.4200,115,2
2026-02-11,600036,14:41:02,39.4200,41,2
2026-02-11,600036,14:41:05,39.4300,20,1
2026-02-11,600036,14:41:08,39.4300,312,1
2026-02-11,600036,14:41:11,39.4200,80,2
2026-02-11,600036,14:41:14,39.4300,47,1
2026-02-11,600036,14:41:17,39.4200,33,2
2026-02-11,600036,14:41:20,39.4300,28,1
2026-02-11,600036,14:41:23,39.4200,121,2
2026-02-11,600036,14:41:26,39.4300,81,1
2026-02-11,600036,14:41:29,39.4300,165,1
2026-02-11,600036,14:41:32,39.4300,91,1
2026-02-11,600036,14:41:35,39.4200,48,2
2026-02-11,600036,14:41:38,39.4300,19,1
2026-02-11,600036,14:41:41,39.4300,872,1
2026-02-11,600036,14:41:44,39.4300,268,1
2026-02-11,600036,14:41:47,39.4400,110,1
2026-02-11,600036,14:41:50,39.4300,46,2
2026-02-11,600036,14:41:53,39.4400,53,1
2026-02-11,600036,14:41:56,39.4300,58,2
2026-02-11,600036,14:41:59,39.4400,120,1
2026-02-11,600036,14:42:02,39.4300,34,2
2026-02-11,600036,14:42:05,39.4400,25,1
2026-02-11,600036,14:42:08,39.4300,934,2
2026-02-11,600036,14:42:11,39.4300,40,2
2026-02-11,600036,14:42:14,39.4400,279,1
2026-02-11,600036,14:42:17,39.4400,10,1
2026-02-11,600036,14:42:20,39.4300,139,2
2026-02-11,600036,14:42:23,39.4300,491,2
2026-02-11,600036,14:42:26,39.4300,122,2
2026-02-11,600036,14:42:29,39.4400,104,1
2026-02-11,600036,14:42:32,39.4300,2,2
2026-02-11,600036,14:42:35,39.4400,1,1
2026-02-11,600036,14:42:38,39.4400,58,1
2026-02-11,600036,14:42:41,39.4400,53,1
2026-02-11,600036,14:42:44,39.4300,38,2
2026-02-11,600036,14:42:47,39.4400,90,1
2026-02-11,600036,14:42:50,39.4400,41,1
2026-02-11,600036,14:42:53,39.4400,47,1
2026-02-11,600036,14:42:56,39.4400,116,1
2026-02-11,600036,14:42:59,39.4400,7,1
2026-02-11,600036,14:43:02,39.4400,51,1
2026-02-11,600036,14:43:05,39.4300,45,2
2026-02-11,600036,14:43:08,39.4400,183,1
2026-02-11,600036,14:43:11,39.4400,149,1
2026-02-11,600036,14:43:14,39.4400,105,1
2026-02-11,600036,14:43:17,39.4300,33,2
2026-02-11,600036,14:43:20,39.4400,54,1
2026-02-11,600036,14:43:23,39.4300,132,2
2026-02-11,600036,14:43:26,39.4400,270,1
2026-02-11,600036,14:43:29,39.4400,93,1
2026-02-11,600036,14:43:32,39.4400,62,1
2026-02-11,600036,14:43:35,39.4300,302,2
2026-02-11,600036,14:43:38,39.4300,54,2
2026-02-11,600036,14:43:41,39.4400,104,1
2026-02-11,600036,14:43:44,39.4400,71,1
2026-02-11,600036,14:43:47,39.4300,39,2
2026-02-11,600036,14:43:50,39.4400,91,1
2026-02-11,600036,14:43:53,39.4300,70,2
2026-02-11,600036,14:43:56,39.4300,64,2
2026-02-11,600036,14:43:59,39.4400,53,1
2026-02-11,600036,14:44:02,39.4300,211,2
2026-02-11,600036,14:44:05,39.4400,162,1
2026-02-11,600036,14:44:08,39.4400,27,1
2026-02-11,600036,14:44:11,39.4400,261,1
2026-02-11,600036,14:44:14,39.4300,32,2
2026-02-11,600036,14:44:17,39.4400,109,1
2026-02-11,600036,14:44:20,39.4400,43,1
2026-02-11,600036,14:44:23,39.4400,198,1
2026-02-11,600036,14:44:26,39.4400,283,1
2026-02-11,600036,14:44:29,39.4400,282,1
2026-02-11,600036,14:44:32,39.4400,151,1
2026-02-11,600036,14:44:35,39.4300,140,2
2026-02-11,600036,14:44:38,39.4400,71,1
2026-02-11,600036,14:44:41,39.4300,221,2
2026-02-11,600036,14:44:44,39.4200,1383,2
2026-02-11,600036,14:44:47,39.4100,272,2
2026-02-11,600036,14:44:50,39.4100,169,2
2026-02-11,600036,14:44:53,39.4000,136,2
2026-02-11,600036,14:44:56,39.4000,174,2
2026-02-11,600036,14:44:59,39.4100,521,1
2026-02-11,600036,14:45:02,39.4100,330,1
2026-02-11,600036,14:45:05,39.4100,159,2
2026-02-11,600036,14:45:08,39.4200,96,1
2026-02-11,600036,14:45:11,39.4100,174,2
2026-02-11,600036,14:45:14,39.4200,63,1
2026-02-11,600036,14:45:17,39.4100,52,2
2026-02-11,600036,14:45:20,39.4100,69,2
2026-02-11,600036,14:45:23,39.4200,1,1
2026-02-11,600036,14:45:26,39.4100,134,2
2026-02-11,600036,14:45:29,39.4200,121,1
2026-02-11,600036,14:45:32,39.4200,146,1
2026-02-11,600036,14:45:35,39.4200,89,1
2026-02-11,600036,14:45:38,39.4100,82,2
2026-02-11,600036,14:45:44,39.4100,27,2
2026-02-11,600036,14:45:47,39.4200,111,1
2026-02-11,600036,14:45:50,39.4200,46,1
2026-02-11,600036,14:45:53,39.4100,253,2
2026-02-11,600036,14:45:56,39.4100,51,2
2026-02-11,600036,14:45:59,39.4200,232,1
2026-02-11,600036,14:46:02,39.4200,641,1
2026-02-11,600036,14:46:05,39.4100,56,2
2026-02-11,600036,14:46:08,39.4100,63,2
2026-02-11,600036,14:46:11,39.4100,87,2
2026-02-11,600036,14:46:14,39.4100,31,2
2026-02-11,600036,14:46:17,39.4100,15,2
2026-02-11,600036,14:46:20,39.4200,281,1
2026-02-11,600036,14:46:23,39.4100,99,2
2026-02-11,600036,14:46:26,39.4100,21,2
2026-02-11,600036,14:46:29,39.4100,104,2
2026-02-11,600036,14:46:32,39.4100,329,2
2026-02-11,600036,14:46:35,39.4100,4,2
2026-02-11,600036,14:46:38,39.4100,294,2
2026-02-11,600036,14:46:41,39.4000,83,2
2026-02-11,600036,14:46:44,39.4000,98,2
2026-02-11,600036,14:46:47,39.4000,40,2
2026-02-11,600036,14:46:50,39.4000,139,2
2026-02-11,600036,14:46:53,39.4100,259,1
2026-02-11,600036,14:46:56,39.4000,151,2
2026-02-11,600036,14:46:59,39.4000,78,2
2026-02-11,600036,14:47:02,39.4100,324,1
2026-02-11,600036,14:47:05,39.4100,135,1
2026-02-11,600036,14:47:08,39.4000,130,2
2026-02-11,600036,14:47:11,39.4000,124,2
2026-02-11,600036,14:47:14,39.4100,199,1
2026-02-11,600036,14:47:17,39.4100,92,1
2026-02-11,600036,14:47:20,39.4100,33,1
2026-02-11,600036,14:47:23,39.4100,74,1
2026-02-11,600036,14:47:26,39.4100,61,1
2026-02-11,600036,14:47:29,39.4100,98,1
2026-02-11,600036,14:47:32,39.4100,137,1
2026-02-11,600036,14:47:35,39.4100,231,1
2026-02-11,600036,14:47:38,39.4100,31,2
2026-02-11,600036,14:47:41,39.4200,81,1
2026-02-11,600036,14:47:44,39.4100,79,2
2026-02-11,600036,14:47:47,39.4200,46,1
2026-02-11,600036,14:47:50,39.4200,452,1
2026-02-11,600036,14:47:53,39.4100,109,2
2026-02-11,600036,14:47:56,39.4100,130,2
2026-02-11,600036,14:47:59,39.4100,46,2
2026-02-11,600036,14:48:02,39.4200,274,1
2026-02-11,600036,14:48:05,39.4100,675,2
2026-02-11,600036,14:48:08,39.4100,754,2
2026-02-11,600036,14:48:11,39.4100,149,2
2026-02-11,600036,14:48:14,39.4000,11,2
2026-02-11,600036,14:48:17,39.4000,128,2
2026-02-11,600036,14:48:20,39.4000,4,2
2026-02-11,600036,14:48:23,39.4000,51,2
2026-02-11,600036,14:48:26,39.4000,137,2
2026-02-11,600036,14:48:29,39.4000,272,2
2026-02-11,600036,14:48:32,39.3900,161,2
2026-02-11,600036,14:48:35,39.3900,61,2
2026-02-11,600036,14:48:38,39.4000,82,1
2026-02-11,600036,14:48:41,39.3900,228,2
2026-02-11,600036,14:48:44,39.4000,12,1
2026-02-11,600036,14:48:47,39.3900,109,2
2026-02-11,600036,14:48:50,39.4000,53,1
2026-02-11,600036,14:48:53,39.3900,116,2
2026-02-11,600036,14:48:56,39.3900,128,2
2026-02-11,600036,14:48:59,39.4000,80,1
2026-02-11,600036,14:49:02,39.4000,967,1
2026-02-11,600036,14:49:05,39.4000,406,1
2026-02-11,600036,14:49:08,39.3900,470,2
2026-02-11,600036,14:49:11,39.3900,172,2
2026-02-11,600036,14:49:14,39.3900,129,2
2026-02-11,600036,14:49:17,39.3900,138,2
2026-02-11,600036,14:49:20,39.3900,82,2
2026-02-11,600036,14:49:23,39.3900,598,2
2026-02-11,600036,14:49:26,39.3900,24,1
2026-02-11,600036,14:49:29,39.3800,68,2
2026-02-11,600036,14:49:32,39.3800,23,2
2026-02-11,600036,14:49:35,39.3800,49,2
2026-02-11,600036,14:49:38,39.3900,64,1
2026-02-11,600036,14:49:41,39.3900,75,1
2026-02-11,600036,14:49:44,39.3800,26,2
2026-02-11,600036,14:49:47,39.3800,65,2
2026-02-11,600036,14:49:50,39.3800,50,2
2026-02-11,600036,14:49:53,39.3800,297,2
2026-02-11,600036,14:49:56,39.3800,75,2
2026-02-11,600036,14:49:59,39.3800,27,1
2026-02-11,600036,14:50:02,39.3700,61,2
2026-02-11,600036,14:50:05,39.3700,88,2
2026-02-11,600036,14:50:08,39.3700,40,2
2026-02-11,600036,14:50:11,39.3700,203,2
2026-02-11,600036,14:50:14,39.3700,39,2
2026-02-11,600036,14:50:17,39.3700,83,2
2026-02-11,600036,14:50:20,39.3700,230,2
2026-02-11,600036,14:50:23,39.3700,119,2
2026-02-11,600036,14:50:26,39.3700,114,2
2026-02-11,600036,14:50:29,39.3700,59,2
2026-02-11,600036,14:50:32,39.3700,64,2
2026-02-11,600036,14:50:35,39.3800,58,1
2026-02-11,600036,14:50:38,39.3800,77,1
2026-02-11,600036,14:50:41,39.3800,88,1
2026-02-11,600036,14:50:44,39.3800,48,1
2026-02-11,600036,14:50:47,39.3800,48,1
2026-02-11,600036,14:50:50,39.3800,49,1
2026-02-11,600036,14:50:53,39.3800,97,1
2026-02-11,600036,14:50:56,39.3700,23,2
2026-02-11,600036,14:50:59,39.3800,82,1
2026-02-11,600036,14:51:02,39.3700,469,2
2026-02-11,600036,14:51:05,39.3800,541,1
2026-02-11,600036,14:51:08,39.3800,406,2
2026-02-11,600036,14:51:11,39.3700,51,2
2026-02-11,600036,14:51:14,39.3700,73,2
2026-02-11,600036,14:51:17,39.3800,19,1
2026-02-11,600036,14:51:20,39.3800,97,1
2026-02-11,600036,14:51:23,39.3900,4,1
2026-02-11,600036,14:51:26,39.3800,54,2
2026-02-11,600036,14:51:29,39.3800,73,1
2026-02-11,600036,14:51:32,39.3700,29,2
2026-02-11,600036,14:51:35,39.3800,10,1
2026-02-11,600036,14:51:38,39.3700,125,2
2026-02-11,600036,14:51:41,39.3700,22,2
2026-02-11,600036,14:51:44,39.3800,10,1
2026-02-11,600036,14:51:47,39.3800,82,1
2026-02-11,600036,14:51:50,39.3800,29,1
2026-02-11,600036,14:51:53,39.3700,160,2
2026-02-11,600036,14:51:56,39.3700,28,2
2026-02-11,600036,14:51:59,39.3800,15,1
2026-02-11,600036,14:52:02,39.3800,134,1
2026-02-11,600036,14:52:05,39.3700,67,2
2026-02-11,600036,14:52:08,39.3700,8,2
2026-02-11,600036,14:52:11,39.3800,301,1
2026-02-11,600036,14:52:14,39.3700,108,2
2026-02-11,600036,14:52:17,39.3600,84,2
2026-02-11,600036,14:52:20,39.3700,23,4
2026-02-11,600036,14:52:23,39.3700,308,1
2026-02-11,600036,14:52:26,39.3700,42,2
2026-02-11,600036,14:52:29,39.3700,39,2
2026-02-11,600036,14:52:32,39.3700,101,2
2026-02-11,600036,14:52:35,39.3800,371,1
2026-02-11,600036,14:52:38,39.3700,84,2
2026-02-11,600036,14:52:41,39.3700,81,1
2026-02-11,600036,14:52:44,39.3800,143,1
2026-02-11,600036,14:52:47,39.3800,67,1
2026-02-11,600036,14:52:50,39.3800,441,1
2026-02-11,600036,14:52:53,39.3800,526,1
2026-02-11,600036,14:52:56,39.3900,31,1
2026-02-11,600036,14:52:59,39.3800,23,2
2026-02-11,600036,14:53:02,39.3900,144,1
2026-02-11,600036,14:53:05,39.3900,40,2
2026-02-11,600036,14:53:08,39.3900,59,2
2026-02-11,600036,14:53:11,39.4000,172,1
2026-02-11,600036,14:53:14,39.3900,62,2
2026-02-11,600036,14:53:17,39.3800,29,2
2026-02-11,600036,14:53:20,39.3800,70,2
2026-02-11,600036,14:53:23,39.3800,27,2
2026-02-11,600036,14:53:26,39.3800,44,2
2026-02-11,600036,14:53:29,39.3900,31,1
2026-02-11,600036,14:53:32,39.3900,41,1
2026-02-11,600036,14:53:35,39.3900,100,1
2026-02-11,600036,14:53:38,39.3800,65,2
2026-02-11,600036,14:53:41,39.3900,84,1
2026-02-11,600036,14:53:44,39.3900,86,1
2026-02-11,600036,14:53:47,39.3800,7,2
2026-02-11,600036,14:53:50,39.3800,55,2
2026-02-11,600036,14:53:53,39.3800,263,2
2026-02-11,600036,14:53:56,39.3900,79,1
2026-02-11,600036,14:53:59,39.3900,22,1
2026-02-11,600036,14:54:02,39.3800,79,2
2026-02-11,600036,14:54:05,39.3900,361,1
2026-02-11,600036,14:54:08,39.3900,53,1
2026-02-11,600036,14:54:11,39.3900,105,1
2026-02-11,600036,14:54:14,39.3800,374,2
2026-02-11,600036,14:54:17,39.3800,80,1
2026-02-11,600036,14:54:20,39.3700,118,2
2026-02-11,600036,14:54:23,39.3800,137,1
2026-02-11,600036,14:54:26,39.3800,234,1
2026-02-11,600036,14:54:29,39.3800,47,2
2026-02-11,600036,14:54:32,39.3900,233,1
2026-02-11,600036,14:54:35,39.3800,117,2
2026-02-11,600036,14:54:38,39.3800,108,1
2026-02-11,600036,14:54:41,39.3700,274,2
2026-02-11,600036,14:54:44,39.3800,62,1
2026-02-11,600036,14:54:47,39.3800,312,2
2026-02-11,600036,14:54:50,39.3900,59,1
2026-02-11,600036,14:54:56,39.3800,77,2
2026-02-11,600036,14:54:59,39.3900,150,1
2026-02-11,600036,14:55:02,39.3800,35,2
2026-02-11,600036,14:55:05,39.3800,149,2
2026-02-11,600036,14:55:08,39.3900,44,2
2026-02-11,600036,14:55:11,39.3900,94,2
2026-02-11,600036,14:55:14,39.3900,202,1
2026-02-11,600036,14:55:17,39.3900,156,1
2026-02-11,600036,14:55:20,39.3900,21,4
2026-02-11,600036,14:55:23,39.3900,30,2
2026-02-11,600036,14:55:26,39.3900,61,2
2026-02-11,600036,14:55:29,39.3800,155,2
2026-02-11,600036,14:55:32,39.3900,79,1
2026-02-11,600036,14:55:35,39.3700,434,2
2026-02-11,600036,14:55:38,39.3800,44,4
2026-02-11,600036,14:55:41,39.3900,155,1
2026-02-11,600036,14:55:44,39.3900,35,1
2026-02-11,600036,14:55:47,39.3900,176,1
2026-02-11,600036,14:55:50,39.3900,100,2
2026-02-11,600036,14:55:53,39.3900,365,2
2026-02-11,600036,14:55:56,39.4200,163,1
2026-02-11,600036,14:55:59,39.3800,92,2
2026-02-11,600036,14:56:02,39.4100,510,1
2026-02-11,600036,14:56:05,39.3800,129,2
2026-02-11,600036,14:56:08,39.4100,49,1
2026-02-11,600036,14:56:11,39.4100,37,1
2026-02-11,600036,14:56:14,39.4000,145,4
2026-02-11,600036,14:56:17,39.3900,127,2
2026-02-11,600036,14:56:20,39.4200,233,1
2026-02-11,600036,14:56:23,39.3900,74,2
2026-02-11,600036,14:56:26,39.4000,52,1
2026-02-11,600036,14:56:29,39.3900,144,2
2026-02-11,600036,14:56:32,39.4000,67,1
2026-02-11,600036,14:56:35,39.3900,28,2
2026-02-11,600036,14:56:38,39.4000,54,2
2026-02-11,600036,14:56:41,39.4200,44,1
2026-02-11,600036,14:56:44,39.4000,2655,2
2026-02-11,600036,14:56:47,39.4000,197,1
2026-02-11,600036,14:56:50,39.3900,28,2
2026-02-11,600036,14:56:53,39.4000,61,2
2026-02-11,600036,14:56:56,39.4000,215,2
2026-02-11,600036,14:56:59,39.4000,7,2
2026-02-11,600036,14:57:02,39.4000,2,1
2026-02-11,600036,15:00:02,39.4000,10892,4
2026-02-11,600036,13:14:56,39.4000,128,1
2026-02-11,600036,13:14:59,39.3900,107,2
2026-02-11,600036,13:15:02,39.3900,31,2
2026-02-11,600036,13:15:05,39.4000,96,1
2026-02-11,600036,13:15:08,39.3900,46,2
2026-02-11,600036,13:15:11,39.3900,122,2
2026-02-11,600036,13:15:14,39.4000,171,1
2026-02-11,600036,13:15:17,39.4000,89,1
2026-02-11,600036,13:15:20,39.3900,171,2
2026-02-11,600036,13:15:23,39.3900,132,2
2026-02-11,600036,13:15:26,39.3800,41,2
2026-02-11,600036,13:15:29,39.3900,96,1
2026-02-11,600036,13:15:32,39.3900,43,1
2026-02-11,600036,13:15:35,39.3900,168,1
2026-02-11,600036,13:15:38,39.3900,216,1
2026-02-11,600036,13:15:41,39.3900,41,1
2026-02-11,600036,13:15:44,39.3900,143,1
2026-02-11,600036,13:15:47,39.4000,88,1
2026-02-11,600036,13:15:50,39.4000,602,1
2026-02-11,600036,13:15:53,39.4000,35,1
2026-02-11,600036,13:15:56,39.4100,300,1
2026-02-11,600036,13:15:59,39.4100,21,1
2026-02-11,600036,13:16:02,39.4000,93,2
2026-02-11,600036,13:16:05,39.4100,24,1
2026-02-11,600036,13:16:08,39.4100,22,1
2026-02-11,600036,13:16:11,39.4100,314,1
2026-02-11,600036,13:16:14,39.4000,52,2
2026-02-11,600036,13:16:17,39.4000,132,2
2026-02-11,600036,13:16:20,39.4100,93,1
2026-02-11,600036,13:16:23,39.4000,58,2
2026-02-11,600036,13:16:26,39.4100,150,1
2026-02-11,600036,13:16:29,39.4100,57,1
2026-02-11,600036,13:16:32,39.4100,99,1
2026-02-11,600036,13:16:35,39.4100,83,1
2026-02-11,600036,13:16:38,39.4100,65,1
2026-02-11,600036,13:16:41,39.4100,349,1
2026-02-11,600036,13:16:44,39.4100,132,1
2026-02-11,600036,13:16:47,39.4100,99,1
2026-02-11,600036,13:16:50,39.4100,218,1
2026-02-11,600036,13:16:53,39.4100,4,1
2026-02-11,600036,13:16:56,39.4100,25,1
2026-02-11,600036,13:16:59,39.4000,23,2
2026-02-11,600036,13:17:02,39.4100,32,1
2026-02-11,600036,13:17:05,39.4000,233,2
2026-02-11,600036,13:17:08,39.4000,119,2
2026-02-11,600036,13:17:11,39.4200,144,1
2026-02-11,600036,13:17:14,39.4100,25,1
2026-02-11,600036,13:17:17,39.4100,141,1
2026-02-11,600036,13:17:20,39.4100,79,1
2026-02-11,600036,13:17:23,39.4100,61,1
2026-02-11,600036,13:17:26,39.4000,7,2
2026-02-11,600036,13:17:29,39.4100,155,1
2026-02-11,600036,13:17:32,39.4000,40,2
2026-02-11,600036,13:17:35,39.4100,15,1
2026-02-11,600036,13:17:38,39.4100,110,1
2026-02-11,600036,13:17:41,39.4100,10,1
2026-02-11,600036,13:17:44,39.4100,51,1
2026-02-11,600036,13:17:47,39.4100,86,1
2026-02-11,600036,13:17:50,39.4100,50,1
2026-02-11,600036,13:17:53,39.4100,115,1
2026-02-11,600036,13:17:56,39.4000,629,2
2026-02-11,600036,13:17:59,39.4100,82,1
2026-02-11,600036,13:18:02,39.4000,35,2
2026-02-11,600036,13:18:05,39.4000,24,2
2026-02-11,600036,13:18:08,39.4000,3133,2
2026-02-11,600036,13:18:11,39.3900,355,2
2026-02-11,600036,13:18:14,39.3900,38,2
2026-02-11,600036,13:18:17,39.3900,31,2
2026-02-11,600036,13:18:20,39.3900,181,2
2026-02-11,600036,13:18:23,39.3800,10,2
2026-02-11,600036,13:18:26,39.3900,27,1
2026-02-11,600036,13:18:29,39.3900,111,1
2026-02-11,600036,13:18:32,39.3800,546,2
2026-02-11,600036,13:18:35,39.3900,26,1
2026-02-11,600036,13:18:38,39.3900,111,1
2026-02-11,600036,13:18:41,39.3800,4,2
2026-02-11,600036,13:18:44,39.3800,24,2
2026-02-11,600036,13:18:47,39.3800,54,2
2026-02-11,600036,13:18:50,39.4000,117,1
2026-02-11,600036,13:18:53,39.4000,60,1
2026-02-11,600036,13:18:56,39.3800,30,2
2026-02-11,600036,13:18:59,39.3900,35,4
2026-02-11,600036,13:19:02,39.3800,199,2
2026-02-11,600036,13:19:05,39.3800,10,2
2026-02-11,600036,13:19:08,39.3900,4,1
2026-02-11,600036,13:19:11,39.3800,2,2
2026-02-11,600036,13:19:14,39.3800,10,2
2026-02-11,600036,13:19:17,39.3900,108,1
2026-02-11,600036,13:19:20,39.3800,91,2
2026-02-11,600036,13:19:23,39.3900,7,1
2026-02-11,600036,13:19:26,39.3800,10,2
2026-02-11,600036,13:19:29,39.3800,18,2
2026-02-11,600036,13:19:32,39.3900,85,1
2026-02-11,600036,13:19:35,39.3800,54,2
2026-02-11,600036,13:19:38,39.3800,221,2
2026-02-11,600036,13:19:41,39.3800,486,2
2026-02-11,600036,13:19:44,39.3700,73,2
2026-02-11,600036,13:19:47,39.3700,252,1
2026-02-11,600036,13:19:50,39.3600,4,2
2026-02-11,600036,13:19:53,39.3700,19,1
2026-02-11,600036,13:19:56,39.3600,11,2
2026-02-11,600036,13:19:59,39.3700,258,1
2026-02-11,600036,13:20:02,39.3800,103,1
2026-02-11,600036,13:20:05,39.3700,4,2
2026-02-11,600036,13:20:08,39.3700,34,2
2026-02-11,600036,13:20:11,39.3700,8,2
2026-02-11,600036,13:20:14,39.3700,11,2
2026-02-11,600036,13:20:17,39.3700,42,2
2026-02-11,600036,13:20:20,39.3700,46,2
2026-02-11,600036,13:20:23,39.3800,103,1
2026-02-11,600036,13:20:26,39.3700,9,2
2026-02-11,600036,13:20:29,39.3800,3,1
2026-02-11,600036,13:20:32,39.3800,32,1
2026-02-11,600036,13:20:35,39.3800,4,1
2026-02-11,600036,13:20:38,39.3800,87,1
2026-02-11,600036,13:20:44,39.3800,318,1
2026-02-11,600036,13:20:47,39.3900,200,1
2026-02-11,600036,13:20:50,39.3800,12,4
2026-02-11,600036,13:20:53,39.3800,6,1
2026-02-11,600036,13:20:56,39.3700,17,2
2026-02-11,600036,13:20:59,39.3800,14,1
2026-02-11,600036,13:21:02,39.3800,54,1
2026-02-11,600036,13:21:05,39.3800,16,2
2026-02-11,600036,13:21:08,39.3900,4,1
2026-02-11,600036,13:21:11,39.3800,9,2
2026-02-11,600036,13:21:14,39.3800,190,2
2026-02-11,600036,13:21:17,39.3800,124,2
2026-02-11,600036,13:21:20,39.3800,316,2
2026-02-11,600036,13:21:23,39.3800,17,2
2026-02-11,600036,13:21:26,39.3800,174,2
2026-02-11,600036,13:21:29,39.3900,130,1
2026-02-11,600036,13:21:32,39.3900,186,1
2026-02-11,600036,13:21:35,39.3800,138,2
2026-02-11,600036,13:21:38,39.3800,108,1
2026-02-11,600036,13:21:41,39.3800,86,1
2026-02-11,600036,13:21:47,39.3800,9,1
2026-02-11,600036,13:21:50,39.3800,20,1
2026-02-11,600036,13:21:53,39.3700,39,2
2026-02-11,600036,13:21:56,39.3700,28,2
2026-02-11,600036,13:21:59,39.3800,8,1
2026-02-11,600036,13:22:02,39.3800,15,1
2026-02-11,600036,13:22:05,39.3800,69,1
2026-02-11,600036,13:22:08,39.3700,48,2
2026-02-11,600036,13:22:11,39.3800,115,1
2026-02-11,600036,13:22:14,39.3700,36,2
2026-02-11,600036,13:22:17,39.3800,41,1
2026-02-11,600036,13:22:20,39.3800,119,1
2026-02-11,600036,13:22:23,39.3800,281,1
2026-02-11,600036,13:22:26,39.3800,3,1
2026-02-11,600036,13:22:29,39.3800,2,1
2026-02-11,600036,13:22:32,39.3800,27,1
2026-02-11,600036,13:22:35,39.3800,7,1
2026-02-11,600036,13:22:38,39.3700,120,2
2026-02-11,600036,13:22:41,39.3800,10,1
2026-02-11,600036,13:22:44,39.3800,4,1
2026-02-11,600036,13:22:47,39.3800,109,1
2026-02-11,600036,13:22:50,39.3800,14,1
2026-02-11,600036,13:22:53,39.3700,8,2
2026-02-11,600036,13:22:56,39.3700,109,2
2026-02-11,600036,13:22:59,39.3800,39,1
2026-02-11,600036,13:23:02,39.3700,33,2
2026-02-11,600036,13:23:05,39.3700,64,2
2026-02-11,600036,13:23:08,39.3700,67,2
2026-02-11,600036,13:23:11,39.3800,32,1
2026-02-11,600036,13:23:14,39.3800,66,1
2026-02-11,600036,13:23:17,39.3800,84,1
2026-02-11,600036,13:23:20,39.3800,314,1
2026-02-11,600036,13:23:23,39.3800,138,2
2026-02-11,600036,13:23:26,39.3900,4,1
2026-02-11,600036,13:23:29,39.3900,19,1
2026-02-11,600036,13:23:32,39.3900,19,1
2026-02-11,600036,13:23:35,39.3900,5,1
2026-02-11,600036,13:23:38,39.3900,42,1
2026-02-11,600036,13:23:41,39.3900,703,1
2026-02-11,600036,13:23:44,39.3900,58,1
2026-02-11,600036,13:23:47,39.3900,53,1
2026-02-11,600036,13:23:50,39.3900,93,1
2026-02-11,600036,13:23:53,39.3900,78,1
2026-02-11,600036,13:23:56,39.3900,20,1
2026-02-11,600036,13:23:59,39.3900,13,1
2026-02-11,600036,13:24:02,39.3900,234,1
2026-02-11,600036,13:24:05,39.3900,58,2
2026-02-11,600036,13:24:11,39.4000,111,1
2026-02-11,600036,13:24:14,39.4000,37,1
2026-02-11,600036,13:24:17,39.4000,51,1
2026-02-11,600036,13:24:20,39.3900,159,2
2026-02-11,600036,13:24:23,39.3900,28,2
2026-02-11,600036,13:24:26,39.3900,58,2
2026-02-11,600036,13:24:29,39.3900,80,2
2026-02-11,600036,13:24:32,39.3900,71,2
2026-02-11,600036,13:24:35,39.4000,78,1
2026-02-11,600036,13:24:38,39.3900,27,2
2026-02-11,600036,13:24:41,39.4000,20,1
2026-02-11,600036,13:24:44,39.3900,23,2
2026-02-11,600036,13:24:47,39.4000,57,1
2026-02-11,600036,13:24:50,39.4000,46,1
2026-02-11,600036,13:24:53,39.3900,29,2
2026-02-11,600036,13:24:56,39.4000,47,1
2026-02-11,600036,13:24:59,39.3900,96,2
2026-02-11,600036,13:25:02,39.4000,262,1
2026-02-11,600036,13:25:05,39.4000,443,1
2026-02-11,600036,13:25:08,39.4000,75,1
2026-02-11,600036,13:25:11,39.4100,511,1
2026-02-11,600036,13:25:14,39.4000,5,2
2026-02-11,600036,13:25:17,39.4100,20,1
2026-02-11,600036,13:25:20,39.4100,90,1
2026-02-11,600036,13:25:23,39.4100,58,1
2026-02-11,600036,13:25:26,39.4100,125,1
2026-02-11,600036,13:25:29,39.4000,84,2
2026-02-11,600036,13:25:32,39.4000,106,2
2026-02-11,600036,13:25:35,39.4100,12,1
2026-02-11,600036,13:25:38,39.4000,10,2
2026-02-11,600036,13:25:41,39.4000,21,2
2026-02-11,600036,13:25:44,39.4000,37,2
2026-02-11,600036,13:25:47,39.4000,40,2
2026-02-11,600036,13:25:50,39.4100,62,1
2026-02-11,600036,13:25:53,39.3900,691,2
2026-02-11,600036,13:25:56,39.4000,76,2
2026-02-11,600036,13:25:59,39.4000,121,1
2026-02-11,600036,13:26:02,39.4000,53,1
2026-02-11,600036,13:26:08,39.4000,69,1
2026-02-11,600036,13:26:11,39.3900,15,2
2026-02-11,600036,13:26:14,39.4000,70,1
2026-02-11,600036,13:26:17,39.3900,16,2
2026-02-11,600036,13:26:20,39.4000,27,1
2026-02-11,600036,13:26:23,39.3900,10,2
2026-02-11,600036,13:26:26,39.3900,189,2
2026-02-11,600036,13:26:29,39.4000,67,1
2026-02-11,600036,13:26:32,39.3800,102,2
2026-02-11,600036,13:26:35,39.4000,124,1
2026-02-11,600036,13:26:38,39.4000,66,1
2026-02-11,600036,13:26:41,39.4000,18,1
2026-02-11,600036,13:26:44,39.4000,110,1
2026-02-11,600036,13:26:47,39.4000,7,1
2026-02-11,600036,13:26:50,39.3900,5,2
2026-02-11,600036,13:26:53,39.3700,111,2
2026-02-11,600036,13:26:56,39.3800,32,2
2026-02-11,600036,13:26:59,39.4000,27,1
2026-02-11,600036,13:27:02,39.4000,63,1
2026-02-11,600036,13:27:05,39.4000,32,1
2026-02-11,600036,13:27:08,39.4000,409,1
2026-02-11,600036,13:27:11,39.4000,28,1
2026-02-11,600036,13:27:14,39.4000,119,1
2026-02-11,600036,13:27:17,39.3800,88,2
2026-02-11,600036,13:27:20,39.3900,4,4
2026-02-11,600036,13:27:29,39.4000,16,1
2026-02-11,600036,13:27:32,39.4000,111,1
2026-02-11,600036,13:27:35,39.4000,17,1
2026-02-11,600036,13:27:38,39.4000,58,1
2026-02-11,600036,13:27:41,39.4000,18,1
2026-02-11,600036,13:27:44,39.3900,6,2
2026-02-11,600036,13:27:47,39.4000,53,1
2026-02-11,600036,13:27:50,39.4000,38,1
2026-02-11,600036,13:27:53,39.4000,9,1
2026-02-11,600036,13:27:56,39.4000,19,1
2026-02-11,600036,13:27:59,39.4000,62,1
2026-02-11,600036,13:28:02,39.4000,97,1
2026-02-11,600036,13:28:05,39.4000,18,1
2026-02-11,600036,13:28:08,39.3900,19,2
2026-02-11,600036,13:28:11,39.4000,16,1
2026-02-11,600036,13:28:14,39.4000,50,1
2026-02-11,600036,13:28:17,39.4000,93,1
2026-02-11,600036,13:28:20,39.4000,46,1
2026-02-11,600036,13:28:23,39.3900,11,2
2026-02-11,600036,13:28:32,39.4000,138,1
2026-02-11,600036,13:28:35,39.4000,4,1
2026-02-11,600036,13:28:38,39.3900,55,2
2026-02-11,600036,13:28:41,39.3900,99,2
2026-02-11,600036,13:28:44,39.3900,7,2
2026-02-11,600036,13:28:47,39.4000,44,1
2026-02-11,600036,13:28:50,39.3900,212,2
2026-02-11,600036,13:28:53,39.3800,30,2
2026-02-11,600036,13:28:56,39.3900,14,1
2026-02-11,600036,13:28:59,39.3800,80,2
2026-02-11,600036,13:29:02,39.3800,189,2
2026-02-11,600036,13:29:05,39.3800,81,1
2026-02-11,600036,13:29:08,39.3700,10,2
2026-02-11,600036,13:29:11,39.3700,11,2
2026-02-11,600036,13:29:14,39.3700,42,2
2026-02-11,600036,13:29:17,39.3700,137,2
2026-02-11,600036,13:29:20,39.3700,82,2
2026-02-11,600036,13:29:23,39.3700,37,1
2026-02-11,600036,13:29:26,39.3600,3,2
2026-02-11,600036,13:29:29,39.3700,155,1
2026-02-11,600036,13:29:32,39.3700,21,2
2026-02-11,600036,13:29:35,39.3700,1,2
2026-02-11,600036,13:29:38,39.3700,67,2
2026-02-11,600036,13:29:41,39.3700,7,2
2026-02-11,600036,13:29:44,39.3700,33,2
2026-02-11,600036,13:29:47,39.3700,96,2
2026-02-11,600036,13:29:50,39.3800,41,1
2026-02-11,600036,13:29:53,39.3700,2,2
2026-02-11,600036,13:29:56,39.3800,102,1
2026-02-11,600036,13:29:59,39.3800,15,1
2026-02-11,600036,13:30:02,39.3800,28,1
2026-02-11,600036,13:30:05,39.3800,42,1
2026-02-11,600036,13:30:08,39.3800,15,1
2026-02-11,600036,13:30:11,39.3700,27,2
2026-02-11,600036,13:30:14,39.3800,109,1
2026-02-11,600036,13:30:20,39.3800,67,2
2026-02-11,600036,13:30:23,39.3900,14,1
2026-02-11,600036,13:30:26,39.3900,11,1
2026-02-11,600036,13:30:29,39.3900,75,1
2026-02-11,600036,13:30:32,39.3900,55,1
2026-02-11,600036,13:30:35,39.3900,20,1
2026-02-11,600036,13:30:38,39.3800,77,2
2026-02-11,600036,13:30:41,39.3900,31,1
2026-02-11,600036,13:30:44,39.4000,11,1
2026-02-11,600036,13:30:47,39.4000,170,1
2026-02-11,600036,13:30:50,39.3900,5,2
2026-02-11,600036,13:30:53,39.4000,94,1
2026-02-11,600036,13:30:56,39.3900,3,2
2026-02-11,600036,13:30:59,39.4000,11,1
2026-02-11,600036,13:31:02,39.4000,40,1
2026-02-11,600036,13:31:08,39.3900,51,2
2026-02-11,600036,13:31:11,39.4000,22,1
2026-02-11,600036,13:31:14,39.4000,17,1
2026-02-11,600036,13:31:17,39.4000,40,1
2026-02-11,600036,13:31:20,39.3900,53,2
2026-02-11,600036,13:31:23,39.4000,8,1
2026-02-11,600036,13:31:26,39.3900,44,2
2026-02-11,600036,13:31:29,39.4000,1806,1
2026-02-11,600036,13:31:32,39.4100,788,1
2026-02-11,600036,13:31:35,39.4100,281,1
2026-02-11,600036,13:31:38,39.4100,22,1
2026-02-11,600036,13:31:41,39.4000,5,2
2026-02-11,600036,13:31:44,39.4000,10,2
2026-02-11,600036,13:31:47,39.4100,110,1
2026-02-11,600036,13:31:50,39.4100,110,1
2026-02-11,600036,13:31:53,39.4100,4,1
2026-02-11,600036,13:31:56,39.4000,11,2
2026-02-11,600036,13:31:59,39.4100,21,1
2026-02-11,600036,13:32:02,39.4100,20,1
2026-02-11,600036,13:32:05,39.4000,2,2
2026-02-11,600036,13:32:08,39.4100,268,1
2026-02-11,600036,13:32:11,39.4100,115,1
2026-02-11,600036,13:32:14,39.4000,34,2
2026-02-11,600036,13:32:17,39.4000,9,2
2026-02-11,600036,13:32:20,39.4100,47,1
2026-02-11,600036,13:32:23,39.4100,29,1
2026-02-11,600036,13:32:26,39.4100,8,1
2026-02-11,600036,13:32:29,39.4100,53,1
2026-02-11,600036,13:32:32,39.4000,114,2
2026-02-11,600036,13:32:35,39.4100,137,1
2026-02-11,600036,13:32:41,39.4000,53,2
2026-02-11,600036,13:32:44,39.4000,41,2
2026-02-11,600036,13:32:47,39.4100,58,1
2026-02-11,600036,13:32:50,39.4000,3,2
2026-02-11,600036,13:32:53,39.4000,47,2
2026-02-11,600036,13:32:56,39.4100,88,1
2026-02-11,600036,13:32:59,39.4000,27,2
2026-02-11,600036,13:33:02,39.4000,2,2
2026-02-11,600036,13:33:05,39.4100,10,1
2026-02-11,600036,13:33:08,39.4100,38,1
2026-02-11,600036,13:33:11,39.4000,46,2
2026-02-11,600036,13:33:14,39.4000,113,2
2026-02-11,600036,13:33:17,39.4000,61,2
2026-02-11,600036,13:33:20,39.4100,30,1
2026-02-11,600036,13:33:23,39.4000,8,2
2026-02-11,600036,13:33:26,39.4100,126,1
2026-02-11,600036,13:33:29,39.4100,44,1
2026-02-11,600036,13:33:32,39.4100,8,1
2026-02-11,600036,13:33:35,39.4000,27,2
2026-02-11,600036,13:33:38,39.4000,114,2
2026-02-11,600036,13:33:41,39.4000,40,2
2026-02-11,600036,13:33:44,39.4000,16,2
2026-02-11,600036,13:33:47,39.4000,49,2
2026-02-11,600036,13:33:50,39.4000,31,1
2026-02-11,600036,13:33:53,39.3900,18,2
2026-02-11,600036,13:33:56,39.3900,28,2
2026-02-11,600036,13:33:59,39.4000,17,1
2026-02-11,600036,13:34:02,39.4000,7,1
2026-02-11,600036,13:34:05,39.4000,25,1
2026-02-11,600036,13:34:08,39.4000,106,1
2026-02-11,600036,13:34:11,39.4000,23,1
2026-02-11,600036,13:34:14,39.3900,71,2
2026-02-11,600036,13:34:17,39.4000,76,1
2026-02-11,600036,13:34:20,39.4000,61,1
2026-02-11,600036,13:34:23,39.4000,66,1
2026-02-11,600036,13:34:26,39.3900,31,2
2026-02-11,600036,13:34:29,39.3900,3,2
2026-02-11,600036,13:34:32,39.3900,60,2
2026-02-11,600036,13:34:35,39.3900,49,2
2026-02-11,600036,13:34:38,39.3900,24,2
2026-02-11,600036,13:34:41,39.4000,24,1
2026-02-11,600036,13:34:47,39.3900,43,2
2026-02-11,600036,13:34:50,39.4000,38,1
2026-02-11,600036,13:34:53,39.3900,18,2
2026-02-11,600036,13:34:56,39.3900,67,2
2026-02-11,600036,13:34:59,39.3900,237,2
2026-02-11,600036,13:35:02,39.3900,178,2
2026-02-11,600036,13:35:05,39.3900,7,4
2026-02-11,600036,13:35:08,39.3900,4,1
2026-02-11,600036,13:35:11,39.3900,39,1
2026-02-11,600036,13:35:14,39.3900,276,1
2026-02-11,600036,13:35:17,39.3900,1,2
2026-02-11,600036,13:35:20,39.3900,100,2
2026-02-11,600036,13:35:23,39.3900,19,2
2026-02-11,600036,13:35:26,39.3900,7,2
2026-02-11,600036,13:35:29,39.4000,25,1
2026-02-11,600036,13:35:32,39.4000,1,1
2026-02-11,600036,13:35:35,39.3900,20,2
2026-02-11,600036,13:35:38,39.4000,53,1
2026-02-11,600036,13:35:41,39.3900,9,2
2026-02-11,600036,13:35:44,39.4000,18,1
2026-02-11,600036,13:35:47,39.4000,56,1
2026-02-11,600036,13:35:50,39.4000,13,1
2026-02-11,600036,13:35:53,39.3900,50,2
2026-02-11,600036,13:35:56,39.3900,85,2
2026-02-11,600036,13:35:59,39.4000,8,1
2026-02-11,600036,13:36:02,39.3900,26,2
2026-02-11,600036,13:36:05,39.3900,2,2
2026-02-11,600036,13:36:08,39.4000,43,1
2026-02-11,600036,13:36:11,39.3900,63,2
2026-02-11,600036,13:36:14,39.4000,62,1
2026-02-11,600036,13:36:17,39.4000,8,1
2026-02-11,600036,13:36:20,39.4000,555,1
2026-02-11,600036,13:36:23,39.4000,136,1
2026-02-11,600036,13:36:26,39.4000,48,1
2026-02-11,600036,13:36:29,39.3900,22,2
2026-02-11,600036,13:36:32,39.3900,149,2
2026-02-11,600036,13:36:35,39.4000,18,1
2026-02-11,600036,13:36:38,39.4000,11,1
2026-02-11,600036,13:36:44,39.4000,494,1
2026-02-11,600036,13:36:47,39.4100,58,1
2026-02-11,600036,13:36:50,39.4100,5,1
2026-02-11,600036,13:36:53,39.4100,18,1
2026-02-11,600036,13:36:56,39.4000,57,2
2026-02-11,600036,13:36:59,39.4000,10,2
2026-02-11,600036,13:37:02,39.4100,42,1
2026-02-11,600036,13:37:05,39.4100,23,1
2026-02-11,600036,13:37:08,39.4100,518,1
2026-02-11,600036,13:37:11,39.4100,57,1
2026-02-11,600036,13:37:14,39.4100,10,1
2026-02-11,600036,13:37:17,39.4100,62,1
2026-02-11,600036,13:37:20,39.4100,42,1
2026-02-11,600036,13:37:23,39.4100,137,1
2026-02-11,600036,13:37:26,39.4100,13,1
2026-02-11,600036,13:37:29,39.4100,5,1
2026-02-11,600036,13:37:32,39.4100,187,1
2026-02-11,600036,13:37:35,39.4100,30,1
2026-02-11,600036,13:37:38,39.4000,16,2
2026-02-11,600036,13:37:41,39.4100,41,1
2026-02-11,600036,13:37:44,39.4000,105,2
2026-02-11,600036,13:37:47,39.4100,154,1
2026-02-11,600036,13:37:50,39.4000,64,2
2026-02-11,600036,13:37:53,39.4100,12,1
2026-02-11,600036,13:37:56,39.4100,56,1
2026-02-11,600036,13:37:59,39.4100,34,1
2026-02-11,600036,13:38:02,39.4100,77,1
2026-02-11,600036,13:38:05,39.4100,1,1
2026-02-11,600036,13:38:08,39.4000,37,2
2026-02-11,600036,13:38:11,39.4000,25,2
2026-02-11,600036,13:38:14,39.4000,31,2
2026-02-11,600036,13:38:17,39.4100,48,1
2026-02-11,600036,13:38:20,39.4100,19,1
2026-02-11,600036,13:38:23,39.4100,38,1
2026-02-11,600036,13:38:26,39.4100,58,1
2026-02-11,600036,13:38:29,39.4100,44,1
2026-02-11,600036,13:38:32,39.4100,677,1
2026-02-11,600036,13:38:35,39.4100,38,2
2026-02-11,600036,13:38:38,39.4100,31,2
2026-02-11,600036,13:38:41,39.4100,157,2
2026-02-11,600036,13:38:44,39.4200,21,1
2026-02-11,600036,13:38:47,39.4100,5,2
2026-02-11,600036,13:38:50,39.4200,56,1
2026-02-11,600036,13:38:53,39.4200,17,1
2026-02-11,600036,13:38:56,39.4200,68,1
2026-02-11,600036,13:38:59,39.4200,57,1
2026-02-11,600036,13:39:02,39.4200,26,1
2026-02-11,600036,13:39:05,39.4200,83,1
2026-02-11,600036,13:39:08,39.4100,34,2
2026-02-11,600036,13:39:11,39.4100,111,2
2026-02-11,600036,13:39:14,39.4100,19,2
2026-02-11,600036,13:39:17,39.4100,18,2
2026-02-11,600036,13:39:20,39.4100,285,2
2026-02-11,600036,13:39:23,39.4100,266,2
2026-02-11,600036,13:39:26,39.4100,392,2
2026-02-11,600036,13:39:29,39.4100,98,1
2026-02-11,600036,13:39:32,39.4100,126,1
2026-02-11,600036,13:39:35,39.4100,38,1
2026-02-11,600036,13:39:38,39.4100,35,1
2026-02-11,600036,13:39:41,39.4100,5,1
2026-02-11,600036,13:39:44,39.4100,19,1
2026-02-11,600036,13:39:47,39.4100,19,1
2026-02-11,600036,13:39:50,39.4100,88,1
2026-02-11,600036,13:39:53,39.4100,13,1
2026-02-11,600036,13:39:56,39.4000,2,2
2026-02-11,600036,13:39:59,39.4100,4,1
2026-02-11,600036,13:40:02,39.4100,31,1
2026-02-11,600036,13:40:05,39.4000,103,2
2026-02-11,600036,13:40:08,39.4100,67,1
2026-02-11,600036,13:40:11,39.4100,7,1
2026-02-11,600036,13:40:14,39.4100,16,1
2026-02-11,600036,13:40:17,39.4100,52,1
2026-02-11,600036,13:40:20,39.4000,24,2
2026-02-11,600036,13:40:23,39.4000,61,2
2026-02-11,600036,13:40:26,39.4000,18,2
2026-02-11,600036,13:40:29,39.4000,26,2
2026-02-11,600036,13:40:32,39.4000,55,2
2026-02-11,600036,13:40:35,39.4100,205,1
2026-02-11,600036,13:40:38,39.4000,196,2
2026-02-11,600036,13:40:41,39.4100,21,1
2026-02-11,600036,13:40:44,39.4000,46,2
2026-02-11,600036,13:40:47,39.4100,62,1
2026-02-11,600036,13:40:50,39.4100,1,1
2026-02-11,600036,13:40:53,39.4100,63,1
2026-02-11,600036,13:40:59,39.4100,44,1
2026-02-11,600036,13:41:02,39.4100,13,1
2026-02-11,600036,13:41:05,39.4100,13,1
2026-02-11,600036,13:41:11,39.4100,163,1
2026-02-11,600036,13:41:14,39.4000,103,2
2026-02-11,600036,13:41:17,39.4100,71,1
2026-02-11,600036,13:41:20,39.4100,11,1
2026-02-11,600036,13:41:23,39.4000,14,2
2026-02-11,600036,13:41:26,39.4000,431,2
2026-02-11,600036,13:41:29,39.4000,97,2
2026-02-11,600036,13:41:32,39.4000,86,2
2026-02-11,600036,13:41:35,39.4000,49,2
2026-02-11,600036,13:41:38,39.4000,59,2
2026-02-11,600036,13:41:41,39.4100,15,1
2026-02-11,600036,13:41:47,39.4100,16,1
2026-02-11,600036,13:41:50,39.4100,14,1
2026-02-11,600036,13:41:53,39.4000,89,2
2026-02-11,600036,13:41:56,39.4000,9,2
2026-02-11,600036,13:41:59,39.4100,143,1
2026-02-11,600036,13:42:02,39.4000,12,2
2026-02-11,600036,13:42:05,39.4000,51,2
2026-02-11,600036,13:42:08,39.4000,36,2
2026-02-11,600036,13:42:11,39.4000,37,2
2026-02-11,600036,13:42:14,39.4000,57,2
2026-02-11,600036,13:42:17,39.4000,1,2
2026-02-11,600036,13:42:20,39.4100,39,1
2026-02-11,600036,13:42:23,39.4000,5,2
2026-02-11,600036,13:42:26,39.4000,87,2
2026-02-11,600036,13:42:29,39.4100,19,1
2026-02-11,600036,13:42:32,39.4000,65,2
2026-02-11,600036,13:42:35,39.4000,47,2
2026-02-11,600036,13:42:38,39.4100,7,1
2026-02-11,600036,13:42:41,39.4100,17,1
2026-02-11,600036,13:42:44,39.4100,26,1
2026-02-11,600036,13:42:47,39.4100,61,1
2026-02-11,600036,13:42:50,39.4000,41,2
2026-02-11,600036,13:42:56,39.4100,73,1
2026-02-11,600036,13:42:59,39.4000,8,2
2026-02-11,600036,13:43:02,39.4000,15,2
2026-02-11,600036,13:43:05,39.4000,62,2
2026-02-11,600036,13:43:08,39.4100,59,1
2026-02-11,600036,13:43:11,39.4000,32,2
2026-02-11,600036,13:43:14,39.4000,95,2
2026-02-11,600036,13:43:17,39.4100,55,1
2026-02-11,600036,13:43:20,39.4100,26,1
2026-02-11,600036,13:43:23,39.4000,55,2
2026-02-11,600036,13:43:26,39.4100,79,1
2026-02-11,600036,13:43:29,39.4100,498,1
2026-02-11,600036,13:43:32,39.4100,22,1
2026-02-11,600036,13:43:35,39.4100,33,1
2026-02-11,600036,13:43:38,39.4100,42,1
2026-02-11,600036,13:43:41,39.4100,19,1
2026-02-11,600036,13:43:44,39.4100,40,1
2026-02-11,600036,13:43:47,39.4100,51,1
2026-02-11,600036,13:43:50,39.4100,10,1
2026-02-11,600036,13:43:53,39.4000,132,2
2026-02-11,600036,13:43:56,39.4000,82,2
2026-02-11,600036,13:43:59,39.4000,43,2
2026-02-11,600036,13:44:02,39.4000,154,2
2026-02-11,600036,13:44:08,39.4100,19,1
2026-02-11,600036,13:44:11,39.4100,2,1
2026-02-11,600036,13:44:14,39.4100,100,1
2026-02-11,600036,13:44:17,39.4200,819,1
2026-02-11,600036,13:44:20,39.4200,16,1
2026-02-11,600036,13:44:23,39.4100,19,2
2026-02-11,600036,13:44:26,39.4100,58,2
2026-02-11,600036,13:44:29,39.4100,12,2
2026-02-11,600036,13:44:32,39.4100,44,2
2026-02-11,600036,13:44:35,39.4100,273,2
2026-02-11,600036,13:44:38,39.4100,112,2
2026-02-11,600036,13:44:41,39.4100,21,2
2026-02-11,600036,13:44:44,39.4100,22,2
2026-02-11,600036,13:44:47,39.4100,29,2
2026-02-11,600036,13:44:50,39.4200,16,1
2026-02-11,600036,13:44:53,39.4100,41,2
2026-02-11,600036,13:44:56,39.4100,13,2
2026-02-11,600036,13:44:59,39.4200,16,1
2026-02-11,600036,13:45:05,39.4100,76,2
2026-02-11,600036,13:45:08,39.4200,7,1
2026-02-11,600036,13:45:11,39.4100,29,2
2026-02-11,600036,13:45:14,39.4200,5,1
2026-02-11,600036,13:45:17,39.4100,99,2
2026-02-11,600036,13:45:20,39.4200,63,1
2026-02-11,600036,13:45:23,39.4200,91,1
2026-02-11,600036,13:45:26,39.4100,124,2
2026-02-11,600036,13:45:29,39.4100,80,2
2026-02-11,600036,13:45:32,39.4200,49,1
2026-02-11,600036,13:45:35,39.4200,89,1
2026-02-11,600036,13:45:38,39.4100,10,2
2026-02-11,600036,13:45:41,39.4200,35,1
2026-02-11,600036,13:45:44,39.4100,10,2
2026-02-11,600036,13:45:47,39.4200,85,1
2026-02-11,600036,13:45:50,39.4200,78,1
2026-02-11,600036,13:45:53,39.4200,26,1
2026-02-11,600036,13:45:56,39.4200,45,1
2026-02-11,600036,13:45:59,39.4100,63,2
2026-02-11,600036,13:46:02,39.4100,30,2
2026-02-11,600036,13:46:05,39.4100,49,2
2026-02-11,600036,13:46:08,39.4200,20,1
2026-02-11,600036,13:46:11,39.4100,21,2
2026-02-11,600036,13:46:14,39.4200,300,1
2026-02-11,600036,13:46:17,39.4100,57,2
2026-02-11,600036,13:46:23,39.4000,158,2
2026-02-11,600036,13:46:26,39.4200,508,1
2026-02-11,600036,13:46:29,39.4100,131,2
2026-02-11,600036,13:46:32,39.4200,101,1
2026-02-11,600036,13:46:38,39.4200,60,1
2026-02-11,600036,13:46:41,39.4200,52,1
2026-02-11,600036,13:46:47,39.4200,60,1
2026-02-11,600036,13:46:50,39.4200,17,1
2026-02-11,600036,13:46:53,39.4000,214,2
2026-02-11,600036,13:46:56,39.4100,69,2
2026-02-11,600036,13:46:59,39.4000,88,2
2026-02-11,600036,13:47:02,39.4000,9,2
2026-02-11,600036,13:47:05,39.4100,54,1
2026-02-11,600036,13:47:08,39.4100,5,1
2026-02-11,600036,13:47:11,39.4100,27,1
2026-02-11,600036,13:47:14,39.4000,53,2
2026-02-11,600036,13:47:17,39.4000,92,2
2026-02-11,600036,13:47:20,39.4100,54,1
2026-02-11,600036,13:47:23,39.4000,278,2
2026-02-11,600036,13:47:26,39.4000,1,2
2026-02-11,600036,13:47:29,39.4000,74,2
2026-02-11,600036,13:47:32,39.4000,50,2
2026-02-11,600036,13:47:35,39.4100,20,1
2026-02-11,600036,13:47:38,39.4000,258,2
2026-02-11,600036,13:47:41,39.4000,106,1
2026-02-11,600036,13:47:44,39.3900,334,2
2026-02-11,600036,13:47:47,39.4000,1,1
2026-02-11,600036,13:47:50,39.4000,47,1
2026-02-11,600036,13:47:53,39.3900,234,2
2026-02-11,600036,13:47:56,39.4000,173,1
2026-02-11,600036,13:47:59,39.3900,33,2
2026-02-11,600036,13:48:02,39.4000,17,1
2026-02-11,600036,13:48:05,39.3900,11,2
2026-02-11,600036,13:48:08,39.3900,61,2
2026-02-11,600036,13:48:11,39.4000,18,1
2026-02-11,600036,13:48:14,39.3900,3,2
2026-02-11,600036,13:48:17,39.4000,85,1
2026-02-11,600036,13:48:20,39.4000,44,1
2026-02-11,600036,13:48:23,39.4000,173,1
2026-02-11,600036,13:48:26,39.4000,82,1
2026-02-11,600036,13:48:29,39.3900,43,2
2026-02-11,600036,13:48:32,39.4000,78,1
2026-02-11,600036,13:48:35,39.4000,74,1
2026-02-11,600036,13:48:38,39.3900,371,2
2026-02-11,600036,13:48:41,39.3900,7,2
2026-02-11,600036,13:48:44,39.3800,29,2
2026-02-11,600036,13:48:47,39.3900,72,1
2026-02-11,600036,13:48:50,39.3800,2,2
2026-02-11,600036,13:48:53,39.3800,273,2
2026-02-11,600036,13:48:56,39.3900,13,1
2026-02-11,600036,13:48:59,39.3800,275,2
2026-02-11,600036,13:49:02,39.3800,276,2
2026-02-11,600036,13:49:05,39.3900,49,1
2026-02-11,600036,13:49:08,39.3900,36,1
2026-02-11,600036,13:49:11,39.3900,65,1
2026-02-11,600036,13:49:14,39.3800,266,2
2026-02-11,600036,13:49:17,39.3800,46,2
2026-02-11,600036,13:49:20,39.3800,6,2
2026-02-11,600036,13:49:23,39.3800,705,2
2026-02-11,600036,13:49:26,39.3800,20,1
2026-02-11,600036,13:49:29,39.3800,326,1
2026-02-11,600036,13:49:32,39.3700,46,2
2026-02-11,600036,13:49:35,39.3800,120,1
2026-02-11,600036,13:49:38,39.3800,86,1
2026-02-11,600036,13:49:41,39.3800,41,1
2026-02-11,600036,13:49:44,39.3700,149,2
2026-02-11,600036,13:49:47,39.3900,15,1
2026-02-11,600036,13:49:53,39.3800,71,1
2026-02-11,600036,13:49:56,39.3700,16,2
2026-02-11,600036,13:49:59,39.3900,116,1
2026-02-11,600036,13:50:02,39.3900,28,1
2026-02-11,600036,13:50:05,39.3800,46,2
2026-02-11,600036,13:50:08,39.3800,47,2
2026-02-11,600036,13:50:11,39.3800,338,2
2026-02-11,600036,13:50:14,39.3800,27,1
2026-02-11,600036,13:50:17,39.3700,10,2
2026-02-11,600036,13:50:20,39.3700,1,2
2026-02-11,600036,13:50:23,39.3700,585,2
2026-02-11,600036,13:50:26,39.3700,8,2
2026-02-11,600036,13:50:29,39.3700,126,2
2026-02-11,600036,13:50:32,39.3900,86,1
2026-02-11,600036,13:50:35,39.3800,21,4
2026-02-11,600036,13:50:41,39.3800,7,1
2026-02-11,600036,13:50:47,39.3800,7,1
2026-02-11,600036,13:50:50,39.3900,221,1
2026-02-11,600036,13:50:53,39.3800,32,2
2026-02-11,600036,13:50:56,39.3800,248,2
2026-02-11,600036,13:50:59,39.3800,312,1
2026-02-11,600036,13:51:02,39.3800,33,4
2026-02-11,600036,13:51:05,39.3700,91,2
2026-02-11,600036,13:51:08,39.3900,654,1
2026-02-11,600036,13:51:11,39.4000,299,1
2026-02-11,600036,13:51:14,39.4000,40,1
2026-02-11,600036,13:51:17,39.3900,15,2
2026-02-11,600036,13:51:20,39.3900,5,2
2026-02-11,600036,13:51:23,39.4000,21,1
2026-02-11,600036,13:51:32,39.3900,86,2
2026-02-11,600036,13:51:35,39.4000,135,1
2026-02-11,600036,13:51:38,39.3900,17,2
2026-02-11,600036,13:51:41,39.4000,12,1
2026-02-11,600036,13:51:44,39.4000,44,1
2026-02-11,600036,13:51:47,39.4000,2,1
2026-02-11,600036,13:51:50,39.4000,16,1
2026-02-11,600036,13:51:53,39.3900,151,2
2026-02-11,600036,13:51:56,39.4000,13,1
2026-02-11,600036,13:51:59,39.3900,57,2
2026-02-11,600036,13:52:02,39.3900,15,2
2026-02-11,600036,13:52:05,39.3900,103,2
2026-02-11,600036,13:52:08,39.3900,70,2
2026-02-11,600036,13:52:11,39.3900,209,2
2026-02-11,600036,13:52:17,39.3800,138,2
2026-02-11,600036,13:52:20,39.3800,41,2
2026-02-11,600036,13:52:23,39.3700,460,2
2026-02-11,600036,13:52:26,39.3800,75,4
2026-02-11,600036,13:52:29,39.3900,64,1
2026-02-11,600036,13:52:32,39.3700,158,2
2026-02-11,600036,13:52:35,39.3700,53,2
2026-02-11,600036,13:52:38,39.3700,13,2
2026-02-11,600036,13:52:41,39.3700,392,2
2026-02-11,600036,13:52:44,39.3600,64,2
2026-02-11,600036,13:52:47,39.3600,57,2
2026-02-11,600036,13:52:50,39.3600,29,2
2026-02-11,600036,13:52:53,39.3600,43,2
2026-02-11,600036,13:52:56,39.3600,273,2
2026-02-11,600036,13:52:59,39.3600,82,1
2026-02-11,600036,13:53:02,39.3500,72,2
2026-02-11,600036,13:53:05,39.3500,46,2
2026-02-11,600036,13:53:08,39.3500,64,2
2026-02-11,600036,13:53:11,39.3600,11,1
2026-02-11,600036,13:53:14,39.3500,56,2
2026-02-11,600036,13:53:17,39.3600,1,1
2026-02-11,600036,13:53:20,39.3600,54,1
2026-02-11,600036,13:53:23,39.3700,188,1
2026-02-11,600036,13:53:26,39.3600,167,2
2026-02-11,600036,13:53:29,39.3700,10,1
2026-02-11,600036,13:53:32,39.3600,229,2
2026-02-11,600036,13:53:35,39.3600,25,1
2026-02-11,600036,13:53:38,39.3600,83,1
2026-02-11,600036,13:53:41,39.3600,57,4
2026-02-11,600036,13:53:44,39.3500,102,2
2026-02-11,600036,13:53:47,39.3500,41,2
2026-02-11,600036,13:53:50,39.3600,38,1
2026-02-11,600036,13:53:53,39.3500,77,2
2026-02-11,600036,13:53:56,39.3600,16,1
2026-02-11,600036,13:53:59,39.3600,2,1
2026-02-11,600036,13:54:02,39.3500,6,2
2026-02-11,600036,13:54:05,39.3600,55,1
2026-02-11,600036,13:54:08,39.3600,55,1
2026-02-11,600036,13:54:11,39.3500,252,2
2026-02-11,600036,13:54:14,39.3500,72,2
2026-02-11,600036,13:54:17,39.3600,1,1
2026-02-11,600036,13:54:20,39.3600,44,1
2026-02-11,600036,13:54:23,39.3600,156,1
2026-02-11,600036,13:54:26,39.3500,15,2
2026-02-11,600036,13:54:29,39.3500,8,2
2026-02-11,600036,13:54:32,39.3500,103,2
2026-02-11,600036,13:54:35,39.3600,50,1
2026-02-11,600036,13:54:38,39.3500,25,2
2026-02-11,600036,13:54:41,39.3600,10,1
2026-02-11,600036,13:54:44,39.3500,27,2
2026-02-11,600036,13:54:47,39.3500,25,2
2026-02-11,600036,13:54:50,39.3600,62,1
2026-02-11,600036,13:54:53,39.3500,68,2
2026-02-11,600036,13:54:56,39.3600,256,1
2026-02-11,600036,13:54:59,39.3500,73,2
2026-02-11,600036,13:55:02,39.3500,229,2
2026-02-11,600036,13:55:05,39.3400,256,2
2026-02-11,600036,13:55:08,39.3600,148,1
2026-02-11,600036,13:55:11,39.3600,134,1
2026-02-11,600036,13:55:14,39.3500,35,2
2026-02-11,600036,13:55:17,39.3500,13,1
2026-02-11,600036,13:55:20,39.3500,107,1
2026-02-11,600036,13:55:23,39.3500,131,1
2026-02-11,600036,13:55:26,39.3400,17,2
2026-02-11,600036,13:55:29,39.3500,4,1
2026-02-11,600036,13:55:32,39.3400,78,2
2026-02-11,600036,13:55:35,39.3500,16,1
2026-02-11,600036,13:55:38,39.3500,94,1
2026-02-11,600036,13:55:41,39.3400,168,2
2026-02-11,600036,13:55:44,39.3400,103,2
2026-02-11,600036,13:55:47,39.3500,76,1
2026-02-11,600036,13:55:50,39.3400,328,2
2026-02-11,600036,13:55:53,39.3400,265,2
2026-02-11,600036,13:55:56,39.3500,386,1
2026-02-11,600036,13:55:59,39.3500,14,1
2026-02-11,600036,13:56:02,39.3500,222,1
2026-02-11,600036,13:56:05,39.3500,151,1
2026-02-11,600036,13:56:08,39.3500,7,1
2026-02-11,600036,13:56:11,39.3500,14,1
2026-02-11,600036,13:56:14,39.3400,352,2
2026-02-11,600036,13:56:17,39.3400,106,2
2026-02-11,600036,13:56:20,39.3500,54,1
2026-02-11,600036,13:56:23,39.3500,1,1
2026-02-11,600036,13:56:26,39.3500,77,1
2026-02-11,600036,13:56:29,39.3500,24,1
2026-02-11,600036,13:56:32,39.3500,103,1
2026-02-11,600036,13:56:35,39.3500,13,1
2026-02-11,600036,13:56:38,39.3500,135,1
2026-02-11,600036,13:56:41,39.3500,57,1
2026-02-11,600036,13:56:44,39.3500,119,1
2026-02-11,600036,13:56:47,39.3300,924,2
2026-02-11,600036,13:56:50,39.3300,541,2
2026-02-11,600036,13:56:53,39.3100,288,2
2026-02-11,600036,13:56:56,39.3200,3,2
2026-02-11,600036,13:56:59,39.3300,46,1
2026-02-11,600036,13:57:02,39.3200,13,2
2026-02-11,600036,13:57:05,39.3200,325,2
2026-02-11,600036,13:57:08,39.3400,11,1
2026-02-11,600036,13:57:11,39.3300,20,4
2026-02-11,600036,13:57:14,39.3300,4,1
2026-02-11,600036,13:57:17,39.3300,6,1
2026-02-11,600036,13:57:20,39.3300,142,1
2026-02-11,600036,13:57:23,39.3200,21,2
2026-02-11,600036,13:57:26,39.3200,68,2
2026-02-11,600036,13:57:29,39.3200,10,2
2026-02-11,600036,13:57:32,39.3200,55,2
2026-02-11,600036,13:57:35,39.3300,8,1
2026-02-11,600036,13:57:38,39.3300,7,1
2026-02-11,600036,13:57:41,39.3200,93,2
2026-02-11,600036,13:57:44,39.3300,43,1
2026-02-11,600036,13:57:47,39.3200,227,2
2026-02-11,600036,13:57:50,39.3200,49,2
2026-02-11,600036,13:57:53,39.3200,96,2
2026-02-11,600036,13:57:56,39.3300,16,1
2026-02-11,600036,13:57:59,39.3300,1,1
2026-02-11,600036,13:58:02,39.3300,4,1
2026-02-11,600036,13:58:05,39.3200,68,2
2026-02-11,600036,13:58:08,39.3300,60,1
2026-02-11,600036,13:58:11,39.3200,10,2
2026-02-11,600036,13:58:14,39.3300,12,1
2026-02-11,600036,13:58:17,39.3300,157,1
2026-02-11,600036,13:58:20,39.3300,33,1
2026-02-11,600036,13:58:23,39.3200,189,2
2026-02-11,600036,13:58:26,39.3200,52,2
2026-02-11,600036,13:58:29,39.3200,85,2
2026-02-11,600036,13:58:32,39.3200,8,2
2026-02-11,600036,13:58:35,39.3200,19,2
2026-02-11,600036,13:58:38,39.3200,5,2
2026-02-11,600036,13:58:41,39.3100,445,2
2026-02-11,600036,13:58:44,39.3200,85,4
2026-02-11,600036,13:58:47,39.3300,17,1
2026-02-11,600036,13:58:50,39.3300,87,1
2026-02-11,600036,13:58:53,39.3300,177,1
2026-02-11,600036,13:58:56,39.3200,20,1
2026-02-11,600036,13:58:59,39.3200,162,1
2026-02-11,600036,13:59:02,39.3200,299,1
2026-02-11,600036,13:59:05,39.3300,242,1
2026-02-11,600036,13:59:08,39.3200,180,4
2026-02-11,600036,13:59:11,39.3100,61,2
2026-02-11,600036,13:59:14,39.3300,220,1
2026-02-11,600036,13:59:17,39.3200,9,2
2026-02-11,600036,13:59:20,39.3200,1,2
2026-02-11,600036,13:59:23,39.3200,95,2
2026-02-11,600036,13:59:26,39.3300,85,1
2026-02-11,600036,13:59:29,39.3300,4,1
2026-02-11,600036,13:59:32,39.3300,21,1
2026-02-11,600036,13:59:35,39.3200,54,2
2026-02-11,600036,13:59:38,39.3300,399,1
2026-02-11,600036,13:59:41,39.3300,147,1
2026-02-11,600036,13:59:44,39.3300,160,1
2026-02-11,600036,13:59:47,39.3200,4,2
2026-02-11,600036,13:59:53,39.3200,15,2
2026-02-11,600036,13:59:56,39.3300,121,1
2026-02-11,600036,13:59:59,39.3300,5,1
2026-02-11,600036,14:00:02,39.3300,107,1
2026-02-11,600036,14:00:05,39.3500,467,1
2026-02-11,600036,14:00:08,39.3500,142,1
2026-02-11,600036,14:00:11,39.3400,30,4
2026-02-11,600036,14:00:14,39.3200,53,2
2026-02-11,600036,14:00:17,39.3300,98,1
2026-02-11,600036,14:00:23,39.3200,161,2
2026-02-11,600036,14:00:26,39.3200,23,4
2026-02-11,600036,14:00:29,39.3200,4,4
2026-02-11,600036,14:00:32,39.3100,157,2
2026-02-11,600036,14:00:35,39.3300,38,1
2026-02-11,600036,14:00:38,39.3300,49,1
2026-02-11,600036,14:00:41,39.3200,45,2
2026-02-11,600036,14:00:44,39.3300,22,1
2026-02-11,600036,14:00:47,39.3300,30,1
2026-02-11,600036,14:00:50,39.3400,452,1
2026-02-11,600036,14:00:53,39.3400,8,1
2026-02-11,600036,14:00:56,39.3300,6,2
2026-02-11,600036,14:00:59,39.3400,12,1
2026-02-11,600036,14:01:02,39.3400,49,1
2026-02-11,600036,14:01:05,39.3400,14,1
2026-02-11,600036,14:01:08,39.3400,55,1
2026-02-11,600036,14:01:11,39.3400,1,1
2026-02-11,600036,14:01:14,39.3400,143,1
2026-02-11,600036,14:01:17,39.3400,9,1
2026-02-11,600036,14:01:20,39.3300,64,2
2026-02-11,600036,14:01:23,39.3300,95,2
2026-02-11,600036,14:01:26,39.3300,163,2
2026-02-11,600036,14:01:29,39.3300,45,2
2026-02-11,600036,14:01:32,39.3400,62,1
2026-02-11,600036,14:01:35,39.3400,37,1
2026-02-11,600036,14:01:38,39.3300,23,2
2026-02-11,600036,14:01:41,39.3400,21,1
2026-02-11,600036,14:01:44,39.3400,31,1
2026-02-11,600036,14:01:47,39.3400,130,1
2026-02-11,600036,14:01:50,39.3400,51,1
2026-02-11,600036,14:01:53,39.3300,80,4
2026-02-11,600036,14:01:56,39.3200,42,2
2026-02-11,600036,14:01:59,39.3300,115,1
2026-02-11,600036,14:02:02,39.3200,57,2
2026-02-11,600036,14:02:05,39.3300,224,1
2026-02-11,600036,14:02:08,39.3200,141,2
2026-02-11,600036,14:02:11,39.3200,38,2
2026-02-11,600036,14:02:14,39.3200,15,2
2026-02-11,600036,14:02:17,39.3400,100,1
2026-02-11,600036,14:02:20,39.3400,189,1
2026-02-11,600036,14:02:23,39.3300,21,2
2026-02-11,600036,14:02:26,39.3300,1,2
2026-02-11,600036,14:02:29,39.3400,2,1
2026-02-11,600036,14:02:32,39.3400,138,1
2026-02-11,600036,14:02:35,39.3200,143,2
2026-02-11,600036,14:02:38,39.3300,41,4
2026-02-11,600036,14:02:41,39.3300,21,2
2026-02-11,600036,14:02:44,39.3400,24,1
2026-02-11,600036,14:02:47,39.3400,330,1
2026-02-11,600036,14:02:50,39.3400,83,1
2026-02-11,600036,14:02:53,39.3300,90,2
2026-02-11,600036,14:02:56,39.3400,41,1
2026-02-11,600036,14:03:02,39.3300,60,2
2026-02-11,600036,14:03:05,39.3400,1,1
2026-02-11,600036,14:03:08,39.3300,26,2
2026-02-11,600036,14:03:14,39.3400,26,1
2026-02-11,600036,14:03:17,39.3400,5,1
2026-02-11,600036,14:03:20,39.3400,76,1
2026-02-11,600036,14:03:23,39.3400,196,1
2026-02-11,600036,14:03:26,39.3400,27,1
2026-02-11,600036,14:03:29,39.3300,31,2
2026-02-11,600036,14:03:32,39.3400,64,1
2026-02-11,600036,14:03:35,39.3400,3,1
2026-02-11,600036,14:03:38,39.3300,94,2
2026-02-11,600036,14:03:41,39.3400,208,1
2026-02-11,600036,14:03:44,39.3400,17,1
2026-02-11,600036,14:03:47,39.3300,25,1
2026-02-11,600036,14:03:50,39.3300,18,1
2026-02-11,600036,14:03:53,39.3200,90,2
2026-02-11,600036,14:03:56,39.3300,2,1
2026-02-11,600036,14:03:59,39.3300,10,1
2026-02-11,600036,14:04:02,39.3300,438,1
2026-02-11,600036,14:04:05,39.3400,87,1
2026-02-11,600036,14:04:08,39.3400,2758,1
2026-02-11,600036,14:04:11,39.3300,790,2
2026-02-11,600036,14:04:14,39.3500,29,2
2026-02-11,600036,14:04:17,39.3500,26,2
2026-02-11,600036,14:04:20,39.3300,101,2
2026-02-11,600036,14:04:23,39.3500,40,1
2026-02-11,600036,14:04:26,39.3400,347,4
2026-02-11,600036,14:04:29,39.3400,9,1
2026-02-11,600036,14:04:32,39.3400,141,1
2026-02-11,600036,14:04:35,39.3400,60,1
2026-02-11,600036,14:04:38,39.3300,26,2
2026-02-11,600036,14:04:41,39.3400,183,1
2026-02-11,600036,14:04:44,39.3300,213,2
2026-02-11,600036,14:04:47,39.3400,11,1
2026-02-11,600036,14:04:50,39.3300,65,2
2026-02-11,600036,14:04:53,39.3300,41,2
2026-02-11,600036,14:04:56,39.3300,208,2
2026-02-11,600036,14:04:59,39.3400,439,1
2026-02-11,600036,14:05:02,39.3500,461,1
2026-02-11,600036,14:05:05,39.3400,80,4
2026-02-11,600036,14:05:11,39.3400,75,2
2026-02-11,600036,14:05:14,39.3400,19,1
2026-02-11,600036,14:05:17,39.3400,33,1
2026-02-11,600036,14:05:20,39.3500,93,1
2026-02-11,600036,14:05:23,39.3500,44,1
2026-02-11,600036,14:05:26,39.3500,6,1
2026-02-11,600036,14:05:29,39.3500,473,1
2026-02-11,600036,14:05:32,39.3600,82,1
2026-02-11,600036,14:05:35,39.3500,66,2
2026-02-11,600036,14:05:38,39.3600,30,4
2026-02-11,600036,14:05:41,39.3600,139,2
2026-02-11,600036,14:05:44,39.3700,63,4
2026-02-11,600036,14:05:47,39.3700,2,1
2026-02-11,600036,14:05:50,39.3600,10,2
2026-02-11,600036,14:05:53,39.3700,4,1
2026-02-11,600036,14:05:56,39.3700,7,1
2026-02-11,600036,14:05:59,39.3700,229,1
2026-02-11,600036,14:06:02,39.3600,16,2
2026-02-11,600036,14:06:05,39.3600,5,2
2026-02-11,600036,14:06:08,39.3600,214,2
2026-02-11,600036,14:06:11,39.3600,62,2
2026-02-11,600036,14:06:14,39.3600,60,1
2026-02-11,600036,14:06:17,39.3600,10,1
2026-02-11,600036,14:06:20,39.3600,14,1
2026-02-11,600036,14:06:23,39.3500,74,2
2026-02-11,600036,14:06:26,39.3500,337,2
2026-02-11,600036,14:06:29,39.3500,109,1
2026-02-11,600036,14:06:32,39.3600,88,1
2026-02-11,600036,10:52:38,39.2900,97,1
2026-02-11,600036,10:52:41,39.2800,37,2
2026-02-11,600036,10:52:44,39.2900,19,1
2026-02-11,600036,10:52:47,39.2900,53,1
2026-02-11,600036,10:52:50,39.2900,1,1
2026-02-11,600036,10:52:53,39.2800,2,2
2026-02-11,600036,10:52:56,39.2900,59,1
2026-02-11,600036,10:52:59,39.2900,124,1
2026-02-11,600036,10:53:02,39.2900,8,1
2026-02-11,600036,10:53:05,39.2900,45,1
2026-02-11,600036,10:53:08,39.2800,1,2
2026-02-11,600036,10:53:11,39.2900,39,1
2026-02-11,600036,10:53:14,39.2900,5,1
2026-02-11,600036,10:53:17,39.2800,22,2
2026-02-11,600036,10:53:20,39.2900,82,1
2026-02-11,600036,10:53:23,39.2900,18,1
2026-02-11,600036,10:53:26,39.2900,1,1
2026-02-11,600036,10:53:29,39.2900,7,1
2026-02-11,600036,10:53:32,39.2900,51,1
2026-02-11,600036,10:53:35,39.2900,13,1
2026-02-11,600036,10:53:38,39.2800,94,2
2026-02-11,600036,10:53:41,39.2900,8,1
2026-02-11,600036,10:53:44,39.2800,67,2
2026-02-11,600036,10:53:47,39.2900,46,1
2026-02-11,600036,10:53:50,39.2800,103,2
2026-02-11,600036,10:53:53,39.2900,4,1
2026-02-11,600036,10:53:56,39.2900,36,1
2026-02-11,600036,10:53:59,39.2800,105,2
2026-02-11,600036,10:54:02,39.2800,5,2
2026-02-11,600036,10:54:05,39.2800,80,2
2026-02-11,600036,10:54:08,39.2800,229,2
2026-02-11,600036,10:54:11,39.2800,113,1
2026-02-11,600036,10:54:14,39.2800,4,1
2026-02-11,600036,10:54:17,39.2800,48,1
2026-02-11,600036,10:54:20,39.2700,87,2
2026-02-11,600036,10:54:23,39.2800,2,1
2026-02-11,600036,10:54:26,39.2700,10,2
2026-02-11,600036,10:54:29,39.2800,13,1
2026-02-11,600036,10:54:32,39.2800,15,1
2026-02-11,600036,10:54:35,39.2700,39,2
2026-02-11,600036,10:54:38,39.2700,81,2
2026-02-11,600036,10:54:41,39.2800,16,1
2026-02-11,600036,10:54:44,39.2800,68,1
2026-02-11,600036,10:54:47,39.2700,14,2
2026-02-11,600036,10:54:50,39.2800,20,1
2026-02-11,600036,10:54:53,39.2800,7,1
2026-02-11,600036,10:54:56,39.2900,228,1
2026-02-11,600036,10:54:59,39.2800,86,2
2026-02-11,600036,10:55:02,39.2900,94,1
2026-02-11,600036,10:55:05,39.2900,37,1
2026-02-11,600036,10:55:08,39.2800,50,2
2026-02-11,600036,10:55:11,39.3000,46,1
2026-02-11,600036,10:55:14,39.3000,16,1
2026-02-11,600036,10:55:17,39.3000,173,1
2026-02-11,600036,10:55:20,39.2800,88,2
2026-02-11,600036,10:55:23,39.3000,49,1
2026-02-11,600036,10:55:26,39.3000,3,1
2026-02-11,600036,10:55:29,39.2800,53,2
2026-02-11,600036,10:55:32,39.2900,32,4
2026-02-11,600036,10:55:35,39.3000,571,1
2026-02-11,600036,10:55:38,39.2900,95,2
2026-02-11,600036,10:55:44,39.3000,51,1
2026-02-11,600036,10:55:47,39.2900,7,2
2026-02-11,600036,10:55:50,39.3000,12,1
2026-02-11,600036,10:55:53,39.3000,30,1
2026-02-11,600036,10:55:56,39.3000,65,1
2026-02-11,600036,10:55:59,39.3000,107,1
2026-02-11,600036,10:56:02,39.3000,47,1
2026-02-11,600036,10:56:05,39.2900,69,2
2026-02-11,600036,10:56:08,39.3000,56,1
2026-02-11,600036,10:56:11,39.2900,78,2
2026-02-11,600036,10:56:14,39.3000,27,1
2026-02-11,600036,10:56:20,39.3000,93,1
2026-02-11,600036,10:56:23,39.3000,2,1
2026-02-11,600036,10:56:26,39.3000,47,1
2026-02-11,600036,10:56:29,39.2900,81,2
2026-02-11,600036,10:56:32,39.3000,142,1
2026-02-11,600036,10:56:35,39.3000,41,1
2026-02-11,600036,10:56:38,39.2900,53,2
2026-02-11,600036,10:56:41,39.3000,95,1
2026-02-11,600036,10:56:44,39.2900,4,2
2026-02-11,600036,10:56:47,39.3000,35,1
2026-02-11,600036,10:56:50,39.2900,7,2
2026-02-11,600036,10:56:53,39.3000,16,1
2026-02-11,600036,10:56:56,39.2900,67,2
2026-02-11,600036,10:56:59,39.2900,36,2
2026-02-11,600036,10:57:02,39.2800,33,2
2026-02-11,600036,10:57:05,39.2900,37,1
2026-02-11,600036,10:57:08,39.2900,204,1
2026-02-11,600036,10:57:11,39.2900,108,1
2026-02-11,600036,10:57:14,39.2900,65,2
2026-02-11,600036,10:57:17,39.2900,13,2
2026-02-11,600036,10:57:20,39.2900,65,2
2026-02-11,600036,10:57:23,39.3000,19,1
2026-02-11,600036,10:57:26,39.3000,29,1
2026-02-11,600036,10:57:29,39.3000,21,1
2026-02-11,600036,10:57:32,39.3000,113,1
2026-02-11,600036,10:57:35,39.3000,48,1
2026-02-11,600036,10:57:38,39.3000,39,1
2026-02-11,600036,10:57:41,39.2900,108,2
2026-02-11,600036,10:57:44,39.3000,9,1
2026-02-11,600036,10:57:47,39.3000,4,1
2026-02-11,600036,10:57:50,39.3000,3,1
2026-02-11,600036,10:57:53,39.2900,60,2
2026-02-11,600036,10:57:56,39.3000,53,1
2026-02-11,600036,10:57:59,39.2900,88,2
2026-02-11,600036,10:58:02,39.3000,7,1
2026-02-11,600036,10:58:05,39.3000,18,1
2026-02-11,600036,10:58:08,39.3000,106,1
2026-02-11,600036,10:58:11,39.3100,333,1
2026-02-11,600036,10:58:14,39.3100,19,1
2026-02-11,600036,10:58:17,39.3200,113,1
2026-02-11,600036,10:58:20,39.3200,91,1
2026-02-11,600036,10:58:23,39.3200,12,1
2026-02-11,600036,10:58:26,39.3200,38,1
2026-02-11,600036,10:58:29,39.3200,49,1
2026-02-11,600036,10:58:32,39.3200,27,1
2026-02-11,600036,10:58:38,39.3100,7,2
2026-02-11,600036,10:58:41,39.3100,157,2
2026-02-11,600036,10:58:44,39.3200,13,1
2026-02-11,600036,10:58:47,39.3200,5,1
2026-02-11,600036,10:58:50,39.3100,122,2
2026-02-11,600036,10:58:53,39.3200,1,1
2026-02-11,600036,10:58:56,39.3100,65,2
2026-02-11,600036,10:58:59,39.3100,16,2
2026-02-11,600036,10:59:02,39.3100,141,2
2026-02-11,600036,10:59:05,39.3100,1,2
2026-02-11,600036,10:59:08,39.3100,74,2
2026-02-11,600036,10:59:11,39.3200,282,1
2026-02-11,600036,10:59:14,39.3200,8,1
2026-02-11,600036,10:59:17,39.3200,2,1
2026-02-11,600036,10:59:20,39.3100,88,2
2026-02-11,600036,10:59:23,39.3200,9,1
2026-02-11,600036,10:59:26,39.3200,25,1
2026-02-11,600036,10:59:29,39.3200,21,1
2026-02-11,600036,10:59:32,39.3200,2,1
2026-02-11,600036,10:59:35,39.3200,76,1
2026-02-11,600036,10:59:38,39.3200,301,1
2026-02-11,600036,10:59:41,39.3100,85,2
2026-02-11,600036,10:59:44,39.3200,48,4
2026-02-11,600036,10:59:47,39.3200,39,2
2026-02-11,600036,10:59:50,39.3200,4,1
2026-02-11,600036,10:59:53,39.3200,34,1
2026-02-11,600036,10:59:56,39.3200,37,1
2026-02-11,600036,10:59:59,39.3200,216,1
2026-02-11,600036,11:00:02,39.3300,516,1
2026-02-11,600036,11:00:05,39.3300,28,2
2026-02-11,600036,11:00:08,39.3400,12,1
2026-02-11,600036,11:00:11,39.3300,91,2
2026-02-11,600036,11:00:17,39.3400,275,1
2026-02-11,600036,11:00:20,39.3300,127,2
2026-02-11,600036,11:00:23,39.3400,136,1
2026-02-11,600036,11:00:26,39.3400,39,1
2026-02-11,600036,11:00:29,39.3400,74,1
2026-02-11,600036,11:00:32,39.3400,98,1
2026-02-11,600036,11:00:35,39.3400,81,2
2026-02-11,600036,11:00:38,39.3500,18,1
2026-02-11,600036,11:00:41,39.3400,698,2
2026-02-11,600036,11:00:44,39.3400,135,1
2026-02-11,600036,11:00:47,39.3500,14,1
2026-02-11,600036,11:00:50,39.3400,23,2
2026-02-11,600036,11:00:53,39.3500,12,1
2026-02-11,600036,11:00:56,39.3400,243,2
2026-02-11,600036,11:00:59,39.3500,52,1
2026-02-11,600036,11:01:02,39.3400,244,2
2026-02-11,600036,11:01:05,39.3400,38,2
2026-02-11,600036,11:01:08,39.3400,115,2
2026-02-11,600036,11:01:11,39.3500,4,1
2026-02-11,600036,11:01:17,39.3500,49,1
2026-02-11,600036,11:01:20,39.3500,8,1
2026-02-11,600036,11:01:23,39.3300,525,2
2026-02-11,600036,11:01:26,39.3400,43,1
2026-02-11,600036,11:01:29,39.3300,24,2
2026-02-11,600036,11:01:32,39.3300,4,2
2026-02-11,600036,11:01:35,39.3400,16,1
2026-02-11,600036,11:01:38,39.3300,82,2
2026-02-11,600036,11:01:41,39.3300,103,2
2026-02-11,600036,11:01:44,39.3300,15,2
2026-02-11,600036,11:01:47,39.3400,86,1
2026-02-11,600036,11:01:50,39.3400,4,1
2026-02-11,600036,11:01:56,39.3400,23,1
2026-02-11,600036,11:01:59,39.3400,190,1
2026-02-11,600036,11:02:02,39.3400,175,1
2026-02-11,600036,11:02:05,39.3400,22,1
2026-02-11,600036,11:02:08,39.3400,81,1
2026-02-11,600036,11:02:11,39.3400,128,2
2026-02-11,600036,11:02:14,39.3400,17,2
2026-02-11,600036,11:02:17,39.3400,22,2
2026-02-11,600036,11:02:20,39.3400,13,2
2026-02-11,600036,11:02:23,39.3300,106,2
2026-02-11,600036,11:02:26,39.3400,13,1
2026-02-11,600036,11:02:29,39.3400,35,1
2026-02-11,600036,11:02:32,39.3400,155,1
2026-02-11,600036,11:02:35,39.3400,46,2
2026-02-11,600036,11:02:38,39.3400,2,2
2026-02-11,600036,11:02:41,39.3400,149,2
2026-02-11,600036,11:02:44,39.3400,63,1
2026-02-11,600036,11:02:47,39.3300,42,2
2026-02-11,600036,11:02:50,39.3300,23,2
2026-02-11,600036,11:02:53,39.3300,78,2
2026-02-11,600036,11:02:56,39.3400,38,1
2026-02-11,600036,11:02:59,39.3400,5,4
2026-02-11,600036,11:03:02,39.3300,143,2
2026-02-11,600036,11:03:05,39.3300,52,2
2026-02-11,600036,11:03:08,39.3300,23,2
2026-02-11,600036,11:03:11,39.3400,24,1
2026-02-11,600036,11:03:14,39.3400,112,2
2026-02-11,600036,11:03:17,39.3300,44,2
2026-02-11,600036,11:03:20,39.3300,2,2
2026-02-11,600036,11:03:23,39.3300,84,2
2026-02-11,600036,11:03:26,39.3300,10,1
2026-02-11,600036,11:03:29,39.3300,58,1
2026-02-11,600036,11:03:32,39.3300,46,1
2026-02-11,600036,11:03:35,39.3200,158,2
2026-02-11,600036,11:03:38,39.3400,296,1
2026-02-11,600036,11:03:41,39.3100,111,2
2026-02-11,600036,11:03:44,39.3100,27,2
2026-02-11,600036,11:03:47,39.3300,130,1
2026-02-11,600036,11:03:50,39.3300,24,1
2026-02-11,600036,11:03:53,39.3300,36,1
2026-02-11,600036,11:03:56,39.3300,31,1
2026-02-11,600036,11:03:59,39.3200,19,2
2026-02-11,600036,11:04:02,39.3200,84,2
2026-02-11,600036,11:04:05,39.3400,128,1
2026-02-11,600036,11:04:08,39.3400,10,1
2026-02-11,600036,11:04:11,39.3200,3,2
2026-02-11,600036,11:04:14,39.3400,3,1
2026-02-11,600036,11:04:17,39.3400,24,1
2026-02-11,600036,11:04:20,39.3400,269,1
2026-02-11,600036,11:04:23,39.3300,108,2
2026-02-11,600036,11:04:26,39.3100,25,2
2026-02-11,600036,11:04:29,39.3300,32,1
2026-02-11,600036,11:04:32,39.3300,98,2
2026-02-11,600036,11:04:35,39.3400,21,1
2026-02-11,600036,11:04:38,39.3300,59,2
2026-02-11,600036,11:04:41,39.3300,33,1
2026-02-11,600036,11:04:44,39.3300,321,1
2026-02-11,600036,11:04:47,39.3300,29,1
2026-02-11,600036,11:04:50,39.3300,8,1
2026-02-11,600036,11:04:53,39.3200,54,2
2026-02-11,600036,11:04:56,39.3300,50,1
2026-02-11,600036,11:04:59,39.3200,39,2
2026-02-11,600036,11:05:02,39.3300,123,1
2026-02-11,600036,11:05:05,39.3400,37,1
2026-02-11,600036,11:05:08,39.3300,6,4
2026-02-11,600036,11:05:11,39.3400,61,1
2026-02-11,600036,11:05:14,39.3400,57,1
2026-02-11,600036,11:05:17,39.3300,1,1
2026-02-11,600036,11:05:20,39.3200,50,2
2026-02-11,600036,11:05:23,39.3300,223,1
2026-02-11,600036,11:05:26,39.3300,213,1
2026-02-11,600036,11:05:29,39.3200,500,2
2026-02-11,600036,11:05:32,39.3300,176,1
2026-02-11,600036,11:05:35,39.3300,617,1
2026-02-11,600036,11:05:38,39.3300,75,1
2026-02-11,600036,11:05:41,39.3200,1078,2
2026-02-11,600036,11:05:44,39.3300,310,2
2026-02-11,600036,11:05:47,39.3300,512,1
2026-02-11,600036,11:05:50,39.3300,149,1
2026-02-11,600036,11:05:53,39.3400,618,1
2026-02-11,600036,11:05:56,39.3400,77,1
2026-02-11,600036,11:05:59,39.3200,87,2
2026-02-11,600036,11:06:02,39.3300,43,4
2026-02-11,600036,11:06:05,39.3400,96,1
2026-02-11,600036,11:06:11,39.3400,62,1
2026-02-11,600036,11:06:14,39.3300,103,2
2026-02-11,600036,11:06:20,39.3300,95,1
2026-02-11,600036,11:06:23,39.3400,101,1
2026-02-11,600036,11:06:26,39.3400,34,1
2026-02-11,600036,11:06:29,39.3400,8,2
2026-02-11,600036,11:06:32,39.3400,9,2
2026-02-11,600036,11:06:35,39.3500,53,1
2026-02-11,600036,11:06:38,39.3400,2,2
2026-02-11,600036,11:06:41,39.3400,2,2
2026-02-11,600036,11:06:44,39.3500,91,1
2026-02-11,600036,11:06:47,39.3400,6,2
2026-02-11,600036,11:06:50,39.3500,10,1
2026-02-11,600036,11:06:53,39.3400,2,2
2026-02-11,600036,11:06:56,39.3500,17,1
2026-02-11,600036,11:06:59,39.3500,17,1
2026-02-11,600036,11:07:02,39.3500,13,1
2026-02-11,600036,11:07:05,39.3400,290,2
2026-02-11,600036,11:07:08,39.3500,3,1
2026-02-11,600036,11:07:11,39.3400,100,2
2026-02-11,600036,11:07:17,39.3400,103,2
2026-02-11,600036,11:07:20,39.3400,15,1
2026-02-11,600036,11:07:23,39.3300,86,2
2026-02-11,600036,11:07:26,39.3400,51,1
2026-02-11,600036,11:07:29,39.3300,39,2
2026-02-11,600036,11:07:32,39.3300,11,2
2026-02-11,600036,11:07:38,39.3300,1,2
2026-02-11,600036,11:07:41,39.3300,27,2
2026-02-11,600036,11:07:44,39.3400,101,1
2026-02-11,600036,11:07:47,39.3300,2,2
2026-02-11,600036,11:07:50,39.3300,55,2
2026-02-11,600036,11:07:53,39.3300,30,2
2026-02-11,600036,11:07:56,39.3300,158,2
2026-02-11,600036,11:07:59,39.3200,4,2
2026-02-11,600036,11:08:02,39.3200,1,2
2026-02-11,600036,11:08:05,39.3300,87,1
2026-02-11,600036,11:08:08,39.3300,15,1
2026-02-11,600036,11:08:11,39.3400,113,1
2026-02-11,600036,11:08:14,39.3400,6,1
2026-02-11,600036,11:08:17,39.3300,238,2
2026-02-11,600036,11:08:20,39.3300,21,1
2026-02-11,600036,11:08:23,39.3200,82,2
2026-02-11,600036,11:08:26,39.3200,51,2
2026-02-11,600036,11:08:29,39.3200,228,2
2026-02-11,600036,11:08:32,39.3200,59,1
2026-02-11,600036,11:08:35,39.3100,138,2
2026-02-11,600036,11:08:38,39.3100,15,2
2026-02-11,600036,11:08:41,39.3200,4,4
2026-02-11,600036,11:08:44,39.3100,77,2
2026-02-11,600036,11:08:47,39.3200,52,1
2026-02-11,600036,11:08:50,39.3100,30,2
2026-02-11,600036,11:08:53,39.3200,5,4
2026-02-11,600036,11:08:56,39.3100,30,2
2026-02-11,600036,11:08:59,39.3200,452,1
2026-02-11,600036,11:09:02,39.3100,60,4
2026-02-11,600036,11:09:05,39.3200,94,1
2026-02-11,600036,11:09:08,39.3100,69,2
2026-02-11,600036,11:09:11,39.3100,28,2
2026-02-11,600036,11:09:14,39.3100,57,2
2026-02-11,600036,11:09:17,39.3100,15,1
2026-02-11,600036,11:09:20,39.3100,2,1
2026-02-11,600036,11:09:23,39.3100,3,1
2026-02-11,600036,11:09:26,39.3100,88,1
2026-02-11,600036,11:09:29,39.3100,222,1
2026-02-11,600036,11:09:32,39.3200,50,1
2026-02-11,600036,11:09:38,39.3100,5,2
2026-02-11,600036,11:09:41,39.3100,10,2
2026-02-11,600036,11:09:44,39.3100,85,2
2026-02-11,600036,11:09:47,39.3200,18,1
2026-02-11,600036,11:09:50,39.3200,14,1
2026-02-11,600036,11:09:53,39.3200,51,1
2026-02-11,600036,11:09:56,39.3200,97,1
2026-02-11,600036,11:09:59,39.3200,68,1
2026-02-11,600036,11:10:02,39.3200,16,1
2026-02-11,600036,11:10:05,39.3100,90,2
2026-02-11,600036,11:10:08,39.3100,5,2
2026-02-11,600036,11:10:11,39.3100,11,2
2026-02-11,600036,11:10:14,39.3200,13,1
2026-02-11,600036,11:10:23,39.3200,1,1
2026-02-11,600036,11:10:26,39.3200,96,1
2026-02-11,600036,11:10:29,39.3200,27,1
2026-02-11,600036,11:10:32,39.3200,79,1
2026-02-11,600036,11:10:38,39.3200,13,1
2026-02-11,600036,11:10:41,39.3100,55,2
2026-02-11,600036,11:10:44,39.3100,47,1
2026-02-11,600036,11:10:47,39.3100,562,1
2026-02-11,600036,11:10:50,39.3100,1,1
2026-02-11,600036,11:10:53,39.3100,14,1
2026-02-11,600036,11:10:56,39.3000,10,2
2026-02-11,600036,11:10:59,39.3000,176,2
2026-02-11,600036,11:11:02,39.2900,131,2
2026-02-11,600036,11:11:05,39.3000,117,1
2026-02-11,600036,11:11:08,39.3000,65,1
2026-02-11,600036,11:11:11,39.3000,191,1
2026-02-11,600036,11:11:14,39.3100,16,1
2026-02-11,600036,11:11:17,39.3000,4,2
2026-02-11,600036,11:11:20,39.3100,6,1
2026-02-11,600036,11:11:23,39.3100,259,1
2026-02-11,600036,11:11:26,39.3100,84,1
2026-02-11,600036,11:11:32,39.3100,66,1
2026-02-11,600036,11:11:35,39.3100,40,1
2026-02-11,600036,11:11:38,39.3100,42,1
2026-02-11,600036,11:11:44,39.3000,101,2
2026-02-11,600036,11:11:47,39.3100,21,1
2026-02-11,600036,11:11:50,39.3100,11,1
2026-02-11,600036,11:11:53,39.3100,123,1
2026-02-11,600036,11:11:56,39.3100,9,1
2026-02-11,600036,11:11:59,39.3000,25,2
2026-02-11,600036,11:12:02,39.3100,37,1
2026-02-11,600036,11:12:05,39.2900,77,2
2026-02-11,600036,11:12:08,39.3000,10,4
2026-02-11,600036,11:12:11,39.2900,7,2
2026-02-11,600036,11:12:14,39.2900,19,2
2026-02-11,600036,11:12:17,39.2900,9,1
2026-02-11,600036,11:12:20,39.2900,2,1
2026-02-11,600036,11:12:23,39.2900,290,1
2026-02-11,600036,11:12:26,39.2900,121,1
2026-02-11,600036,11:12:32,39.3100,105,1
2026-02-11,600036,11:12:35,39.3000,57,2
2026-02-11,600036,11:12:38,39.2900,44,2
2026-02-11,600036,11:12:44,39.3000,1,1
2026-02-11,600036,11:12:47,39.2900,63,2
2026-02-11,600036,11:12:50,39.2900,6,1
2026-02-11,600036,11:12:53,39.2800,145,2
2026-02-11,600036,11:12:56,39.2800,248,2
2026-02-11,600036,11:12:59,39.2800,86,2
2026-02-11,600036,11:13:02,39.2900,51,1
2026-02-11,600036,11:13:05,39.2800,143,2
2026-02-11,600036,11:13:08,39.2900,19,1
2026-02-11,600036,11:13:14,39.2900,31,1
2026-02-11,600036,11:13:17,39.2900,18,1
2026-02-11,600036,11:13:20,39.2900,4,1
2026-02-11,600036,11:13:23,39.2900,56,1
2026-02-11,600036,11:13:26,39.2900,115,1
2026-02-11,600036,11:13:29,39.2800,28,2
2026-02-11,600036,11:13:32,39.2900,13,1
2026-02-11,600036,11:13:35,39.2900,32,1
2026-02-11,600036,11:13:38,39.2900,18,1
2026-02-11,600036,11:13:41,39.2800,5,2
2026-02-11,600036,11:13:44,39.2900,9,1
2026-02-11,600036,11:13:47,39.2900,95,1
2026-02-11,600036,11:13:50,39.2800,9,2
2026-02-11,600036,11:13:53,39.2900,72,1
2026-02-11,600036,11:13:56,39.2800,69,2
2026-02-11,600036,11:13:59,39.2800,91,2
2026-02-11,600036,11:14:02,39.2900,20,1
2026-02-11,600036,11:14:05,39.2800,128,2
2026-02-11,600036,11:14:08,39.3000,17,1
2026-02-11,600036,11:14:11,39.2900,13,2
2026-02-11,600036,11:14:14,39.3000,19,1
2026-02-11,600036,11:14:17,39.2900,12,2
2026-02-11,600036,11:14:20,39.3000,7,1
2026-02-11,600036,11:14:23,39.3000,2,1
2026-02-11,600036,11:14:26,39.2900,100,2
2026-02-11,600036,11:14:29,39.2900,121,2
2026-02-11,600036,11:14:32,39.3000,79,1
2026-02-11,600036,11:14:35,39.2900,2,2
2026-02-11,600036,11:14:38,39.3000,4,1
2026-02-11,600036,11:14:41,39.3000,10,1
2026-02-11,600036,11:14:44,39.3000,1,1
2026-02-11,600036,11:14:47,39.3000,90,1
2026-02-11,600036,11:14:50,39.3000,1,1
2026-02-11,600036,11:14:53,39.2900,6,2
2026-02-11,600036,11:14:56,39.2900,18,2
2026-02-11,600036,11:14:59,39.2900,80,2
2026-02-11,600036,11:15:02,39.2900,44,1
2026-02-11,600036,11:15:05,39.2900,15,1
2026-02-11,600036,11:15:08,39.2900,142,1
2026-02-11,600036,11:15:11,39.2900,5,1
2026-02-11,600036,11:15:14,39.2900,40,1
2026-02-11,600036,11:15:17,39.2900,6,1
2026-02-11,600036,11:15:20,39.2900,28,2
2026-02-11,600036,11:15:23,39.3000,42,1
2026-02-11,600036,11:15:26,39.2900,55,2
2026-02-11,600036,11:15:29,39.2900,90,1
2026-02-11,600036,11:15:32,39.2900,39,1
2026-02-11,600036,11:15:35,39.3000,7,1
2026-02-11,600036,11:15:38,39.2900,23,2
2026-02-11,600036,11:15:41,39.2900,6,2
2026-02-11,600036,11:15:44,39.2900,11,2
2026-02-11,600036,11:15:47,39.3000,113,1
2026-02-11,600036,11:15:53,39.2800,63,2
2026-02-11,600036,11:15:56,39.2800,22,2
2026-02-11,600036,11:15:59,39.2800,21,2
2026-02-11,600036,11:16:02,39.2900,39,2
2026-02-11,600036,11:16:05,39.2900,31,2
2026-02-11,600036,11:16:08,39.2900,119,2
2026-02-11,600036,11:16:11,39.2800,39,2
2026-02-11,600036,11:16:14,39.2900,1,4
2026-02-11,600036,11:16:17,39.2900,41,2
2026-02-11,600036,11:16:20,39.2900,24,2
2026-02-11,600036,11:16:23,39.2900,75,2
2026-02-11,600036,11:16:29,39.2900,19,1
2026-02-11,600036,11:16:32,39.2800,12,2
2026-02-11,600036,11:16:35,39.2900,77,1
2026-02-11,600036,11:16:38,39.2800,18,2
2026-02-11,600036,11:16:44,39.2900,35,1
2026-02-11,600036,11:16:47,39.3000,231,1
2026-02-11,600036,11:16:50,39.2900,56,2
2026-02-11,600036,11:16:53,39.3000,14,1
2026-02-11,600036,11:16:56,39.3000,5,4
2026-02-11,600036,11:16:59,39.3000,45,2
2026-02-11,600036,11:17:02,39.3100,44,1
2026-02-11,600036,11:17:05,39.3000,88,2
2026-02-11,600036,11:17:08,39.3000,23,1
2026-02-11,600036,11:17:11,39.3000,115,1
2026-02-11,600036,11:17:14,39.3100,13,1
2026-02-11,600036,11:17:17,39.3000,22,2
2026-02-11,600036,11:17:20,39.2900,18,2
2026-02-11,600036,11:17:23,39.3000,129,1
2026-02-11,600036,11:17:26,39.2900,21,2
2026-02-11,600036,11:17:29,39.3100,101,1
2026-02-11,600036,11:17:32,39.3100,108,1
2026-02-11,600036,11:17:35,39.3100,15,1
2026-02-11,600036,11:17:38,39.3000,20,2
2026-02-11,600036,11:17:41,39.3000,18,2
2026-02-11,600036,11:17:44,39.3000,18,2
2026-02-11,600036,11:17:47,39.3000,23,2
2026-02-11,600036,11:17:53,39.2900,33,2
2026-02-11,600036,11:17:56,39.3000,24,1
2026-02-11,600036,11:17:59,39.3000,2,1
2026-02-11,600036,11:18:02,39.3000,72,1
2026-02-11,600036,11:18:05,39.3000,18,1
