date,code,time,price,volume,bs
2026-01-22,601318,14:07:06,64.7300,95,2
2026-01-22,601318,14:07:09,64.7300,154,2
2026-01-22,601318,14:07:12,64.7200,100,2
2026-01-22,601318,14:07:15,64.7100,53,2
2026-01-22,601318,14:07:18,64.7700,381,1
2026-01-22,601318,14:07:21,64.7400,53,4
2026-01-22,601318,14:07:24,64.7300,124,2
2026-01-22,601318,14:07:27,64.7400,174,4
2026-01-22,601318,14:07:30,64.7300,94,4
2026-01-22,601318,14:07:33,64.7200,45,2
2026-01-22,601318,14:07:36,64.7200,59,2
2026-01-22,601318,14:07:39,64.7200,117,2
2026-01-22,601318,14:07:42,64.7400,144,1
2026-01-22,601318,14:07:45,64.7400,17,4
2026-01-22,601318,14:07:48,64.7300,60,2
2026-01-22,601318,14:07:51,64.7400,15,1
2026-01-22,601318,14:07:54,64.7400,64,2
2026-01-22,601318,14:07:57,64.7400,114,2
2026-01-22,601318,14:08:00,64.7200,66,2
2026-01-22,601318,14:08:03,64.7300,36,4
2026-01-22,601318,14:08:06,64.7400,40,1
2026-01-22,601318,14:08:09,64.7100,149,2
2026-01-22,601318,14:08:12,64.7400,91,1
2026-01-22,601318,14:08:15,64.7300,181,4
2026-01-22,601318,14:08:18,64.7300,294,1
2026-01-22,601318,14:08:21,64.7200,69,2
2026-01-22,601318,14:08:24,64.7300,88,2
2026-01-22,601318,14:08:27,64.7400,27,1
2026-01-22,601318,14:08:30,64.7300,77,2
2026-01-22,601318,14:08:33,64.7300,51,2
2026-01-22,601318,14:08:36,64.7300,129,2
2026-01-22,601318,14:08:39,64.7200,207,2
2026-01-22,601318,14:08:42,64.7100,80,2
2026-01-22,601318,14:08:45,64.7200,75,4
2026-01-22,601318,14:08:48,64.7200,324,2
2026-01-22,601318,14:08:51,64.7200,47,4
2026-01-22,601318,14:08:54,64.7200,142,2
2026-01-22,601318,14:08:57,64.7200,106,1
2026-01-22,601318,14:09:00,64.7000,266,2
2026-01-22,601318,14:09:03,64.7000,870,2
2026-01-22,601318,14:09:06,64.6900,455,2
2026-01-22,601318,14:09:09,64.6900,833,2
2026-01-22,601318,14:09:12,64.6900,45,1
2026-01-22,601318,14:09:15,64.7000,956,1
2026-01-22,601318,14:09:18,64.6800,322,2
2026-01-22,601318,14:09:21,64.6900,92,1
2026-01-22,601318,14:09:24,64.6800,270,2
2026-01-22,601318,14:09:27,64.6900,56,2
2026-01-22,601318,14:09:30,64.7000,70,1
2026-01-22,601318,14:09:33,64.7000,56,1
2026-01-22,601318,14:09:36,64.7000,125,1
2026-01-22,601318,14:09:39,64.7000,153,1
2026-01-22,601318,14:09:42,64.7000,206,1
2026-01-22,601318,14:09:45,64.7000,72,2
2026-01-22,601318,14:09:48,64.7000,46,2
2026-01-22,601318,14:09:51,64.6900,72,2
2026-01-22,601318,14:09:54,64.7000,94,1
2026-01-22,601318,14:09:57,64.7100,51,1
2026-01-22,601318,14:10:00,64.7000,154,2
2026-01-22,601318,14:10:03,64.7000,20,2
2026-01-22,601318,14:10:06,64.7000,182,2
2026-01-22,601318,14:10:09,64.6900,45,2
2026-01-22,601318,14:10:12,64.7000,129,2
2026-01-22,601318,14:10:15,64.6900,193,2
2026-01-22,601318,14:10:18,64.6700,294,2
2026-01-22,601318,14:10:21,64.6600,637,2
2026-01-22,601318,14:10:24,64.6700,314,1
2026-01-22,601318,14:10:27,64.6600,223,2
2026-01-22,601318,14:10:30,64.6500,2765,2
2026-01-22,601318,14:10:33,64.6300,1322,2
2026-01-22,601318,14:10:36,64.6100,664,2
2026-01-22,601318,14:10:39,64.6100,484,2
2026-01-22,601318,14:10:42,64.6000,576,2
2026-01-22,601318,14:10:45,64.6000,607,2
2026-01-22,601318,14:10:48,64.6000,670,2
2026-01-22,601318,14:10:51,64.5900,1217,2
2026-01-22,601318,14:10:54,64.5800,429,2
2026-01-22,601318,14:10:57,64.5600,410,2
2026-01-22,601318,14:11:00,64.5700,385,4
2026-01-22,601318,14:11:03,64.5700,203,1
2026-01-22,601318,14:11:06,64.5600,913,2
2026-01-22,601318,14:11:09,64.5800,225,1
2026-01-22,601318,14:11:12,64.5900,951,1
2026-01-22,601318,14:11:15,64.5800,912,2
2026-01-22,601318,14:11:18,64.5700,355,2
2026-01-22,601318,14:11:21,64.5800,245,4
2026-01-22,601318,14:11:24,64.5700,663,2
2026-01-22,601318,14:11:27,64.5700,433,2
2026-01-22,601318,14:11:30,64.5700,354,2
2026-01-22,601318,14:11:33,64.5500,324,2
2026-01-22,601318,14:11:36,64.5500,403,2
2026-01-22,601318,14:11:39,64.5500,162,2
2026-01-22,601318,14:11:42,64.5500,306,2
2026-01-22,601318,14:11:45,64.5400,252,2
2026-01-22,601318,14:11:48,64.5300,485,2
2026-01-22,601318,14:11:51,64.5500,464,4
2026-01-22,601318,14:11:54,64.5700,381,1
2026-01-22,601318,14:11:57,64.5500,323,2
2026-01-22,601318,14:12:00,64.5500,153,2
2026-01-22,601318,14:12:03,64.5700,283,1
2026-01-22,601318,14:12:06,64.5700,316,1
2026-01-22,601318,14:12:09,64.5700,133,2
2026-01-22,601318,14:12:12,64.5800,106,4
2026-01-22,601318,14:12:15,64.5700,489,2
2026-01-22,601318,14:12:18,64.5600,181,2
2026-01-22,601318,14:12:21,64.5600,230,2
2026-01-22,601318,14:12:24,64.5700,96,1
2026-01-22,601318,14:12:27,64.5800,297,1
2026-01-22,601318,14:12:30,64.5800,251,1
2026-01-22,601318,14:12:33,64.5800,217,1
2026-01-22,601318,14:12:36,64.5800,282,2
2026-01-22,601318,14:12:39,64.5800,221,2
2026-01-22,601318,14:12:42,64.5700,187,2
2026-01-22,601318,14:12:45,64.5700,174,2
2026-01-22,601318,14:12:48,64.5500,313,2
2026-01-22,601318,14:12:51,64.5600,266,2
2026-01-22,601318,14:12:54,64.5800,84,1
2026-01-22,601318,14:12:57,64.5800,116,1
2026-01-22,601318,14:13:00,64.5700,531,1
2026-01-22,601318,14:13:03,64.5500,311,2
2026-01-22,601318,14:13:06,64.5500,603,2
2026-01-22,601318,14:13:09,64.5500,353,1
2026-01-22,601318,14:13:12,64.5500,210,2
2026-01-22,601318,14:13:15,64.5600,166,4
2026-01-22,601318,14:13:18,64.5500,141,2
2026-01-22,601318,14:13:21,64.5400,218,2
2026-01-22,601318,14:13:24,64.5400,108,1
2026-01-22,601318,14:13:27,64.5400,198,1
2026-01-22,601318,14:13:30,64.5300,160,2
2026-01-22,601318,14:13:33,64.5300,309,2
2026-01-22,601318,14:13:36,64.5400,218,1
2026-01-22,601318,14:13:39,64.5400,235,1
2026-01-22,601318,14:13:42,64.5300,212,2
2026-01-22,601318,14:13:45,64.5300,171,1
2026-01-22,601318,14:13:48,64.5300,158,2
2026-01-22,601318,14:13:51,64.5200,273,2
2026-01-22,601318,14:13:54,64.5300,612,1
2026-01-22,601318,14:13:57,64.5300,465,2
2026-01-22,601318,14:14:00,64.5400,392,1
2026-01-22,601318,14:14:03,64.5500,304,2
2026-01-22,601318,14:14:06,64.5700,127,2
2026-01-22,601318,14:14:09,64.5700,163,2
2026-01-22,601318,14:14:12,64.5700,193,2
2026-01-22,601318,14:14:15,64.5700,159,2
2026-01-22,601318,14:14:18,64.5900,153,1
2026-01-22,601318,14:14:21,64.5900,126,1
2026-01-22,601318,14:14:24,64.5800,55,1
2026-01-22,601318,14:14:27,64.5700,649,4
2026-01-22,601318,14:14:30,64.5500,114,2
2026-01-22,601318,14:14:33,64.5500,79,2
2026-01-22,601318,14:14:36,64.5700,152,1
2026-01-22,601318,14:14:39,64.5900,222,1
2026-01-22,601318,14:14:42,64.5700,63,2
2026-01-22,601318,14:14:45,64.5800,230,1
2026-01-22,601318,14:14:48,64.5500,159,2
2026-01-22,601318,14:14:51,64.5500,167,2
2026-01-22,601318,14:14:54,64.5500,188,2
2026-01-22,601318,14:14:57,64.5700,116,2
2026-01-22,601318,14:15:00,64.5800,279,2
2026-01-22,601318,14:15:03,64.5400,157,2
2026-01-22,601318,14:15:06,64.5600,202,1
2026-01-22,601318,14:15:09,64.5400,129,2
2026-01-22,601318,14:15:12,64.5500,190,1
2026-01-22,601318,14:15:15,64.5500,172,1
2026-01-22,601318,14:15:18,64.5300,130,2
2026-01-22,601318,14:15:21,64.5500,121,1
2026-01-22,601318,14:15:24,64.5500,173,2
2026-01-22,601318,14:15:27,64.5500,205,1
2026-01-22,601318,14:15:30,64.5400,191,4
2026-01-22,601318,14:15:33,64.5300,316,2
2026-01-22,601318,14:15:36,64.5400,100,4
2026-01-22,601318,14:15:39,64.5500,146,1
2026-01-22,601318,14:15:42,64.5700,255,1
2026-01-22,601318,14:15:45,64.5700,158,1
2026-01-22,601318,14:15:48,64.5700,463,2
2026-01-22,601318,14:15:51,64.5700,181,2
2026-01-22,601318,14:15:54,64.5700,76,2
2026-01-22,601318,14:15:57,64.5700,120,2
2026-01-22,601318,14:16:00,64.5800,215,1
2026-01-22,601318,14:16:03,64.5700,175,4
2026-01-22,601318,14:16:06,64.5700,187,1
2026-01-22,601318,14:16:09,64.5500,207,2
2026-01-22,601318,14:16:12,64.5600,103,4
2026-01-22,601318,14:16:15,64.5500,155,2
2026-01-22,601318,14:16:18,64.5400,277,2
2026-01-22,601318,14:16:21,64.5400,226,2
2026-01-22,601318,14:16:24,64.5300,255,2
2026-01-22,601318,14:16:27,64.5300,202,2
2026-01-22,601318,14:16:30,64.5400,202,4
2026-01-22,601318,14:16:33,64.5300,237,2
2026-01-22,601318,14:16:36,64.5500,857,1
2026-01-22,601318,14:16:39,64.5500,598,1
2026-01-22,601318,14:16:42,64.5700,127,1
2026-01-22,601318,14:16:45,64.5700,243,1
2026-01-22,601318,14:16:48,64.5700,144,2
2026-01-22,601318,14:16:51,64.5700,159,2
2026-01-22,601318,14:16:54,64.5700,142,2
2026-01-22,601318,14:16:57,64.5600,293,2
2026-01-22,601318,14:17:00,64.5600,219,2
2026-01-22,601318,14:17:03,64.5400,271,2
2026-01-22,601318,14:17:06,64.5300,308,2
2026-01-22,601318,14:17:09,64.5300,195,2
2026-01-22,601318,14:17:12,64.5400,153,1
2026-01-22,601318,14:17:15,64.5300,189,2
2026-01-22,601318,14:17:18,64.5600,226,1
2026-01-22,601318,14:17:21,64.5400,226,2
2026-01-22,601318,14:17:24,64.5300,219,2
2026-01-22,601318,14:17:27,64.5300,229,2
2026-01-22,601318,14:17:30,64.5300,243,2
2026-01-22,601318,14:17:33,64.5400,325,1
2026-01-22,601318,14:17:36,64.5300,457,2
2026-01-22,601318,14:17:39,64.5600,194,1
2026-01-22,601318,14:17:42,64.5400,153,2
2026-01-22,601318,14:17:45,64.5500,280,4
2026-01-22,601318,14:17:48,64.5400,366,1
2026-01-22,601318,14:17:51,64.5500,82,1
2026-01-22,601318,14:17:54,64.5300,208,2
2026-01-22,601318,14:17:57,64.5300,124,2
2026-01-22,601318,14:18:00,64.5400,161,4
2026-01-22,601318,14:18:03,64.5400,182,2
2026-01-22,601318,14:18:06,64.5300,273,2
2026-01-22,601318,14:18:09,64.5300,131,2
2026-01-22,601318,14:18:12,64.5300,251,2
2026-01-22,601318,14:18:15,64.5400,70,1
2026-01-22,601318,14:18:18,64.5400,213,1
2026-01-22,601318,14:18:21,64.5300,235,2
2026-01-22,601318,14:18:24,64.5500,692,1
2026-01-22,601318,14:18:27,64.5400,158,2
2026-01-22,601318,14:18:30,64.5500,483,1
2026-01-22,601318,14:18:33,64.5500,125,1
2026-01-22,601318,14:18:36,64.5400,347,2
2026-01-22,601318,14:18:39,64.5300,354,2
2026-01-22,601318,14:18:42,64.5400,384,4
2026-01-22,601318,14:18:45,64.5500,105,1
2026-01-22,601318,14:18:48,64.5300,72,2
2026-01-22,601318,14:18:51,64.5400,125,1
2026-01-22,601318,14:18:54,64.5400,97,2
2026-01-22,601318,14:18:57,64.5400,113,2
2026-01-22,601318,14:19:00,64.5500,112,1
2026-01-22,601318,14:19:03,64.5500,111,1
2026-01-22,601318,14:19:06,64.5400,211,2
2026-01-22,601318,14:19:09,64.5600,393,1
2026-01-22,601318,14:19:12,64.5500,153,2
2026-01-22,601318,14:19:15,64.5600,644,1
2026-01-22,601318,14:19:18,64.5900,205,1
2026-01-22,601318,14:19:21,64.5900,143,2
2026-01-22,601318,14:19:24,64.6000,240,1
2026-01-22,601318,14:19:27,64.6100,63,1
2026-01-22,601318,14:19:30,64.6100,125,4
2026-01-22,601318,14:19:33,64.6200,96,1
2026-01-22,601318,14:19:36,64.6300,603,1
2026-01-22,601318,14:19:39,64.6200,189,2
2026-01-22,601318,14:19:42,64.6100,204,4
2026-01-22,601318,14:19:45,64.6000,163,2
2026-01-22,601318,14:19:48,64.5900,220,2
2026-01-22,601318,14:19:51,64.5900,142,2
2026-01-22,601318,14:19:54,64.5900,43,1
2026-01-22,601318,14:19:57,64.5900,75,1
2026-01-22,601318,14:20:00,64.6000,92,1
2026-01-22,601318,14:20:03,64.5900,18,2
2026-01-22,601318,14:20:06,64.6000,106,1
2026-01-22,601318,14:20:09,64.5900,103,2
2026-01-22,601318,14:20:12,64.6000,201,1
2026-01-22,601318,14:20:15,64.6000,158,1
2026-01-22,601318,14:20:18,64.5900,113,2
2026-01-22,601318,14:20:21,64.5900,106,2
2026-01-22,601318,14:20:24,64.5900,133,2
2026-01-22,601318,14:20:27,64.5800,679,2
2026-01-22,601318,14:20:30,64.5800,66,1
2026-01-22,601318,14:20:33,64.6000,169,1
2026-01-22,601318,14:20:36,64.5900,207,2
2026-01-22,601318,14:20:39,64.5900,158,2
2026-01-22,601318,14:20:42,64.5900,390,2
2026-01-22,601318,14:20:45,64.5800,140,2
2026-01-22,601318,14:20:48,64.5600,145,2
2026-01-22,601318,14:20:51,64.6000,38,4
2026-01-22,601318,14:20:54,64.6000,40,1
2026-01-22,601318,14:20:57,64.6000,138,1
2026-01-22,601318,14:21:00,64.6000,163,1
2026-01-22,601318,14:21:03,64.6000,181,1
2026-01-22,601318,14:21:06,64.6100,114,1
2026-01-22,601318,14:21:09,64.6000,125,2
2026-01-22,601318,14:21:12,64.6100,39,1
2026-01-22,601318,14:21:15,64.6200,152,1
2026-01-22,601318,14:21:18,64.6200,333,1
2026-01-22,601318,14:21:21,64.6000,386,2
2026-01-22,601318,14:21:24,64.6400,372,1
2026-01-22,601318,14:21:27,64.6200,43,2
2026-01-22,601318,14:21:30,64.6200,196,2
2026-01-22,601318,14:21:33,64.6400,13,4
2026-01-22,601318,14:21:36,64.6400,61,1
2026-01-22,601318,14:21:39,64.6300,70,2
2026-01-22,601318,14:21:42,64.6200,68,2
2026-01-22,601318,14:21:45,64.6400,38,1
2026-01-22,601318,14:21:48,64.6500,80,1
2026-01-22,601318,14:21:51,64.6500,163,2
2026-01-22,601318,14:21:54,64.6400,78,2
2026-01-22,601318,14:21:57,64.6700,159,1
2026-01-22,601318,14:22:00,64.6800,148,1
2026-01-22,601318,14:22:03,64.6800,117,1
2026-01-22,601318,14:22:06,64.6800,56,1
2026-01-22,601318,14:22:09,64.6800,171,4
2026-01-22,601318,14:22:12,64.6800,120,1
2026-01-22,601318,14:22:15,64.6300,241,2
2026-01-22,601318,14:22:18,64.6300,110,2
2026-01-22,601318,14:22:21,64.6300,145,1
2026-01-22,601318,14:22:24,64.6300,86,1
2026-01-22,601318,14:22:27,64.6300,157,1
2026-01-22,601318,14:22:30,64.6300,200,2
2026-01-22,601318,14:22:33,64.6300,61,2
2026-01-22,601318,14:22:36,64.6300,21,2
2026-01-22,601318,14:22:39,64.6400,139,1
2026-01-22,601318,14:22:42,64.6500,40,1
2026-01-22,601318,14:22:45,64.6700,46,1
2026-01-22,601318,14:22:48,64.6800,650,1
2026-01-22,601318,14:22:51,64.6600,56,2
2026-01-22,601318,14:22:54,64.7000,92,1
2026-01-22,601318,14:22:57,64.6600,135,2
2026-01-22,601318,14:23:00,64.6600,41,2
2026-01-22,601318,14:23:03,64.6600,121,2
2026-01-22,601318,14:23:06,64.6800,41,2
2026-01-22,601318,14:23:09,64.6800,65,2
2026-01-22,601318,14:23:12,64.6900,73,1
2026-01-22,601318,14:23:15,64.6700,51,2
2026-01-22,601318,14:23:18,64.6600,103,2
2026-01-22,601318,14:23:21,64.6600,233,2
2026-01-22,601318,14:23:24,64.6500,51,2
2026-01-22,601318,14:23:27,64.6300,156,2
2026-01-22,601318,14:23:30,64.6200,86,2
2026-01-22,601318,14:23:33,64.6500,58,1
2026-01-22,601318,14:23:36,64.6500,161,1
2026-01-22,601318,14:23:39,64.6300,145,1
2026-01-22,601318,14:23:42,64.6400,149,1
2026-01-22,601318,14:23:45,64.6500,55,1
2026-01-22,601318,14:23:48,64.6400,187,2
2026-01-22,601318,14:23:51,64.6400,154,2
2026-01-22,601318,14:23:54,64.6600,32,1
2026-01-22,601318,14:23:57,64.6400,68,2
2026-01-22,601318,14:24:00,64.6600,167,4
2026-01-22,601318,14:24:03,64.6600,97,2
2026-01-22,601318,14:24:06,64.6400,167,2
2026-01-22,601318,14:24:09,64.6600,178,1
2026-01-22,601318,14:24:12,64.6400,237,2
2026-01-22,601318,14:24:15,64.6900,122,1
2026-01-22,601318,14:24:18,64.6800,229,1
2026-01-22,601318,14:24:21,64.6800,68,1
2026-01-22,601318,14:24:24,64.6900,251,1
2026-01-22,601318,14:24:27,64.6900,153,2
2026-01-22,601318,14:24:30,64.6800,105,2
2026-01-22,601318,14:24:33,64.7200,67,1
2026-01-22,601318,14:24:36,64.7100,32,1
2026-01-22,601318,14:24:39,64.7100,42,1
2026-01-22,601318,14:24:42,64.7000,47,2
2026-01-22,601318,14:24:45,64.7000,46,2
2026-01-22,601318,14:24:48,64.6800,262,2
2026-01-22,601318,14:24:51,64.7100,33,1
2026-01-22,601318,14:24:54,64.7100,29,2
2026-01-22,601318,14:24:57,64.7200,70,1
2026-01-22,601318,14:25:00,64.7100,97,2
2026-01-22,601318,14:25:03,64.7200,142,1
2026-01-22,601318,14:25:06,64.7200,137,1
2026-01-22,601318,14:25:09,64.7100,138,2
2026-01-22,601318,14:25:12,64.7100,133,2
2026-01-22,601318,14:25:15,64.7300,112,1
2026-01-22,601318,14:25:18,64.7100,181,2
2026-01-22,601318,14:25:21,64.7100,169,2
2026-01-22,601318,14:25:24,64.7200,121,1
2026-01-22,601318,14:25:27,64.7000,84,2
2026-01-22,601318,14:25:30,64.7000,111,2
2026-01-22,601318,14:25:33,64.7100,65,1
2026-01-22,601318,14:25:36,64.7200,163,1
2026-01-22,601318,14:25:39,64.7200,30,2
2026-01-22,601318,14:25:42,64.7300,63,1
2026-01-22,601318,14:25:45,64.7200,309,2
2026-01-22,601318,14:25:48,64.7600,572,1
2026-01-22,601318,14:25:51,64.7600,352,2
2026-01-22,601318,14:25:54,64.7300,58,2
2026-01-22,601318,14:25:57,64.7300,103,2
2026-01-22,601318,14:26:00,64.7200,155,2
2026-01-22,601318,14:26:03,64.7100,81,2
2026-01-22,601318,14:26:06,64.7200,111,4
2026-01-22,601318,14:26:09,64.7200,63,2
2026-01-22,601318,14:26:12,64.7300,86,1
2026-01-22,601318,14:26:15,64.7300,14,1
2026-01-22,601318,14:26:18,64.7300,193,1
2026-01-22,601318,14:26:21,64.7200,113,2
2026-01-22,601318,14:26:24,64.7300,345,1
2026-01-22,601318,14:26:27,64.7200,342,2
2026-01-22,601318,14:26:30,64.7200,127,1
2026-01-22,601318,14:26:33,64.7100,134,2
2026-01-22,601318,14:26:36,64.7200,70,1
2026-01-22,601318,14:26:39,64.7200,210,1
2026-01-22,601318,14:26:42,64.7200,63,2
2026-01-22,601318,14:26:45,64.7100,332,2
2026-01-22,601318,14:26:48,64.7200,118,1
2026-01-22,601318,14:26:51,64.7100,107,2
2026-01-22,601318,14:26:54,64.7100,723,2
2026-01-22,601318,14:26:57,64.7200,153,1
2026-01-22,601318,14:27:00,64.7100,136,2
2026-01-22,601318,14:27:03,64.7100,49,2
2026-01-22,601318,14:27:06,64.7000,52,2
2026-01-22,601318,14:27:09,64.7100,68,1
2026-01-22,601318,14:27:12,64.7000,108,2
2026-01-22,601318,14:27:15,64.7000,57,2
2026-01-22,601318,14:27:18,64.7000,37,2
2026-01-22,601318,14:27:21,64.7400,1308,1
2026-01-22,601318,14:27:24,64.7300,42,4
2026-01-22,601318,14:27:27,64.7300,33,2
2026-01-22,601318,14:27:30,64.7200,62,2
2026-01-22,601318,14:27:33,64.7500,39,1
2026-01-22,601318,14:27:36,64.7400,82,1
2026-01-22,601318,14:27:39,64.7400,14,1
2026-01-22,601318,14:27:42,64.7400,10,1
2026-01-22,601318,14:27:45,64.7400,100,1
2026-01-22,601318,14:27:48,64.7300,228,2
2026-01-22,601318,14:27:51,64.7200,107,2
2026-01-22,601318,14:27:54,64.7200,58,2
2026-01-22,601318,14:27:57,64.7000,84,2
2026-01-22,601318,14:28:00,64.7200,113,1
2026-01-22,601318,14:28:03,64.7300,158,1
2026-01-22,601318,14:28:06,64.7200,178,2
2026-01-22,601318,14:28:09,64.7100,54,2
2026-01-22,601318,14:28:12,64.7300,88,1
2026-01-22,601318,14:28:15,64.7300,22,2
2026-01-22,601318,14:28:18,64.7300,123,2
2026-01-22,601318,14:28:21,64.7200,11,4
2026-01-22,601318,14:28:24,64.7300,160,1
2026-01-22,601318,14:28:27,64.7300,80,2
2026-01-22,601318,14:28:30,64.7300,43,1
2026-01-22,601318,14:28:33,64.7300,32,2
2026-01-22,601318,14:28:36,64.7400,116,1
2026-01-22,601318,14:28:39,64.7400,55,2
2026-01-22,601318,14:28:42,64.7400,15,2
2026-01-22,601318,14:28:45,64.7500,97,1
2026-01-22,601318,14:28:48,64.7500,144,2
2026-01-22,601318,14:28:51,64.7500,123,2
2026-01-22,601318,14:28:54,64.7500,16,2
2026-01-22,601318,14:28:57,64.7700,98,1
2026-01-22,601318,14:29:00,64.7700,118,1
2026-01-22,601318,14:29:03,64.7600,101,2
2026-01-22,601318,14:29:06,64.7500,110,2
2026-01-22,601318,14:29:09,64.7400,158,2
2026-01-22,601318,14:29:12,64.7300,170,2
2026-01-22,601318,14:29:15,64.7300,98,1
2026-01-22,601318,14:29:18,64.7000,85,2
2026-01-22,601318,14:29:21,64.7300,100,1
2026-01-22,601318,14:29:24,64.7400,144,1
2026-01-22,601318,14:29:27,64.7000,75,2
2026-01-22,601318,14:29:30,64.7300,42,1
2026-01-22,601318,14:29:33,64.7300,115,1
2026-01-22,601318,14:29:36,64.7400,97,1
2026-01-22,601318,14:29:39,64.7600,91,1
2026-01-22,601318,14:29:42,64.7500,118,4
2026-01-22,601318,14:29:45,64.7500,16,1
2026-01-22,601318,14:29:48,64.7600,142,1
2026-01-22,601318,14:29:51,64.7600,56,2
2026-01-22,601318,14:29:54,64.7700,53,1
2026-01-22,601318,14:29:57,64.7600,64,2
2026-01-22,601318,14:30:00,64.7600,89,2
2026-01-22,601318,14:30:03,64.7600,70,1
2026-01-22,601318,14:30:06,64.7600,50,1
2026-01-22,601318,14:30:09,64.7100,122,2
2026-01-22,601318,14:30:12,64.7600,76,1
2026-01-22,601318,14:30:15,64.7700,203,1
2026-01-22,601318,14:30:18,64.7700,163,1
2026-01-22,601318,14:30:21,64.7600,200,2
2026-01-22,601318,14:30:24,64.7600,191,2
2026-01-22,601318,14:30:27,64.7700,150,1
2026-01-22,601318,14:30:30,64.7700,197,1
2026-01-22,601318,14:30:33,64.7600,94,1
2026-01-22,601318,14:30:36,64.7400,118,2
2026-01-22,601318,14:30:39,64.7500,34,4
2026-01-22,601318,14:30:42,64.7400,65,4
2026-01-22,601318,14:30:45,64.7400,92,2
2026-01-22,601318,14:30:48,64.7500,274,2
2026-01-22,601318,14:30:51,64.7500,146,2
2026-01-22,601318,14:30:54,64.7300,227,2
2026-01-22,601318,14:30:57,64.7000,562,2
2026-01-22,601318,14:31:00,64.7100,496,1
2026-01-22,601318,14:31:03,64.7000,540,2
2026-01-22,601318,14:31:06,64.7000,301,1
2026-01-22,601318,14:31:09,64.7100,595,1
2026-01-22,601318,14:31:12,64.6800,228,2
2026-01-22,601318,14:31:15,64.6800,183,1
2026-01-22,601318,14:31:18,64.6800,150,2
2026-01-22,601318,14:31:21,64.6900,240,2
2026-01-22,601318,14:31:24,64.7200,62,1
2026-01-22,601318,14:31:27,64.7000,159,4
2026-01-22,601318,14:31:30,64.7200,103,1
2026-01-22,601318,14:31:33,64.7300,147,4
2026-01-22,601318,14:31:36,64.7200,98,2
2026-01-22,601318,14:31:39,64.7400,99,1
2026-01-22,601318,14:31:42,64.7400,60,2
2026-01-22,601318,14:31:45,64.7500,148,1
2026-01-22,601318,14:31:48,64.7300,46,2
2026-01-22,601318,14:31:51,64.7200,80,2
2026-01-22,601318,14:31:54,64.7300,40,2
2026-01-22,601318,14:31:57,64.7400,63,1
2026-01-22,601318,14:32:00,64.7400,138,1
2026-01-22,601318,14:32:03,64.7500,149,1
2026-01-22,601318,14:32:06,64.7400,109,2
2026-01-22,601318,14:32:09,64.7400,249,2
2026-01-22,601318,14:32:12,64.7400,218,2
2026-01-22,601318,14:32:15,64.7400,146,2
2026-01-22,601318,14:32:18,64.7300,197,4
2026-01-22,601318,14:32:21,64.7000,225,2
2026-01-22,601318,14:32:24,64.6900,253,2
2026-01-22,601318,14:32:27,64.6800,490,2
2026-01-22,601318,14:32:30,64.7100,138,1
2026-01-22,601318,14:32:33,64.7000,104,2
2026-01-22,601318,14:32:36,64.7000,316,2
2026-01-22,601318,14:32:39,64.6800,235,2
2026-01-22,601318,14:32:42,64.7100,496,1
2026-01-22,601318,14:32:45,64.7200,220,1
2026-01-22,601318,14:32:48,64.7000,155,2
2026-01-22,601318,14:32:51,64.7000,86,2
2026-01-22,601318,14:32:54,64.6900,94,2
2026-01-22,601318,14:32:57,64.6800,320,2
2026-01-22,601318,14:33:00,64.6900,111,1
2026-01-22,601318,14:33:03,64.6900,226,2
2026-01-22,601318,14:33:06,64.7000,178,1
2026-01-22,601318,14:33:09,64.7000,159,2
2026-01-22,601318,14:33:12,64.6800,144,2
2026-01-22,601318,14:33:15,64.7200,154,1
2026-01-22,601318,14:33:18,64.6800,206,2
2026-01-22,601318,14:33:21,64.6800,49,2
2026-01-22,601318,14:33:24,64.7000,73,1
2026-01-22,601318,14:33:27,64.6800,114,2
2026-01-22,601318,14:33:30,64.7000,152,2
2026-01-22,601318,14:33:33,64.6900,99,4
2026-01-22,601318,14:33:36,64.6900,270,1
2026-01-22,601318,14:33:39,64.6800,192,4
2026-01-22,601318,14:33:42,64.6500,336,2
2026-01-22,601318,14:33:45,64.6300,346,2
2026-01-22,601318,14:33:48,64.6400,188,2
2026-01-22,601318,14:33:51,64.6500,131,2
2026-01-22,601318,14:33:54,64.6600,222,1
2026-01-22,601318,14:33:57,64.6700,209,1
2026-01-22,601318,14:34:00,64.6800,191,1
2026-01-22,601318,14:34:03,64.6800,145,1
2026-01-22,601318,14:34:06,64.6700,150,2
2026-01-22,601318,14:34:09,64.6800,186,1
2026-01-22,601318,14:34:12,64.6800,275,2
2026-01-22,601318,14:34:15,64.6800,176,1
2026-01-22,601318,14:34:18,64.6500,155,2
2026-01-22,601318,14:34:21,64.6500,93,2
2026-01-22,601318,14:34:24,64.6300,183,2
2026-01-22,601318,14:34:27,64.6500,128,4
2026-01-22,601318,14:34:30,64.6400,221,2
2026-01-22,601318,14:34:33,64.6600,301,1
2026-01-22,601318,14:34:36,64.6300,264,2
2026-01-22,601318,14:34:39,64.6300,332,1
2026-01-22,601318,14:34:42,64.6300,282,2
2026-01-22,601318,14:34:45,64.6100,234,2
2026-01-22,601318,14:34:48,64.6400,244,1
2026-01-22,601318,14:34:51,64.6200,245,2
2026-01-22,601318,14:34:54,64.6300,66,2
2026-01-22,601318,14:34:57,64.6200,136,2
2026-01-22,601318,14:35:00,64.6200,323,2
2026-01-22,601318,14:35:03,64.6400,94,1
2026-01-22,601318,14:35:06,64.6200,144,2
2026-01-22,601318,14:35:09,64.6000,178,2
2026-01-22,601318,14:35:12,64.6000,132,2
2026-01-22,601318,14:35:15,64.6300,46,1
2026-01-22,601318,14:35:18,64.6300,160,2
2026-01-22,601318,14:35:21,64.6000,126,2
2026-01-22,601318,14:35:24,64.6200,139,1
2026-01-22,601318,14:35:27,64.6100,52,4
2026-01-22,601318,14:35:30,64.6100,298,1
2026-01-22,601318,14:35:33,64.6200,244,1
2026-01-22,601318,14:35:36,64.6100,158,2
2026-01-22,601318,14:35:39,64.6100,182,1
2026-01-22,601318,14:35:42,64.5900,224,2
2026-01-22,601318,14:35:45,64.6000,341,4
2026-01-22,601318,14:35:48,64.5900,492,4
2026-01-22,601318,14:35:51,64.5900,321,2
2026-01-22,601318,14:35:54,64.5900,187,1
2026-01-22,601318,14:35:57,64.5900,176,1
2026-01-22,601318,14:36:00,64.5800,170,2
2026-01-22,601318,14:36:03,64.6300,785,1
2026-01-22,601318,14:36:06,64.6400,187,1
2026-01-22,601318,14:36:09,64.6300,175,2
2026-01-22,601318,14:36:12,64.6300,120,2
2026-01-22,601318,14:36:15,64.6400,138,4
2026-01-22,601318,14:36:18,64.6500,600,1
2026-01-22,601318,14:36:21,64.6400,132,2
2026-01-22,601318,14:36:24,64.6500,63,2
2026-01-22,601318,14:36:27,64.6300,62,2
2026-01-22,601318,14:36:30,64.6500,137,1
2026-01-22,601318,14:36:33,64.6500,121,1
2026-01-22,601318,14:36:36,64.6300,165,2
2026-01-22,601318,14:36:39,64.6100,125,2
2026-01-22,601318,14:36:42,64.6200,325,4
2026-01-22,601318,14:36:45,64.6200,108,2
2026-01-22,601318,14:36:48,64.6300,216,1
2026-01-22,601318,14:36:51,64.6400,142,1
2026-01-22,601318,14:36:54,64.6300,63,2
2026-01-22,601318,14:36:57,64.6300,173,1
2026-01-22,601318,14:37:00,64.6300,98,2
2026-01-22,601318,14:37:03,64.6300,67,1
2026-01-22,601318,14:37:06,64.6100,252,2
2026-01-22,601318,14:37:09,64.6500,361,1
2026-01-22,601318,14:37:12,64.6500,186,2
2026-01-22,601318,14:37:15,64.6200,63,2
2026-01-22,601318,14:37:18,64.6600,226,1
2026-01-22,601318,14:37:21,64.6300,266,2
2026-01-22,601318,14:37:24,64.7000,82,1
2026-01-22,601318,14:37:27,64.6900,441,2
2026-01-22,601318,14:37:30,64.7000,115,1
2026-01-22,601318,14:37:33,64.7100,41,1
2026-01-22,601318,14:37:36,64.6800,94,2
2026-01-22,601318,14:37:39,64.6900,102,1
2026-01-22,601318,14:37:42,64.6500,165,2
2026-01-22,601318,14:37:45,64.6400,136,2
2026-01-22,601318,14:37:48,64.6600,218,4
2026-01-22,601318,14:37:51,64.6300,185,2
2026-01-22,601318,14:37:54,64.6200,317,2
2026-01-22,601318,14:37:57,64.6100,255,4
2026-01-22,601318,14:38:00,64.6100,157,1
2026-01-22,601318,14:38:03,64.6100,155,1
2026-01-22,601318,14:38:06,64.6100,309,1
2026-01-22,601318,14:38:09,64.6100,464,2
2026-01-22,601318,14:38:12,64.6600,93,1
2026-01-22,601318,14:38:15,64.6700,79,1
2026-01-22,601318,14:38:18,64.6400,123,2
2026-01-22,601318,14:38:21,64.6500,65,1
2026-01-22,601318,14:38:24,64.6300,77,2
2026-01-22,601318,14:38:27,64.6600,188,1
2026-01-22,601318,14:38:30,64.6600,410,1
2026-01-22,601318,14:38:33,64.6900,68,1
2026-01-22,601318,14:38:36,64.6700,124,2
2026-01-22,601318,14:38:39,64.6600,99,2
2026-01-22,601318,14:38:42,64.6600,122,1
2026-01-22,601318,14:38:45,64.6600,152,1
2026-01-22,601318,14:38:48,64.6600,172,1
2026-01-22,601318,14:38:51,64.6300,116,2
2026-01-22,601318,14:38:54,64.6600,224,1
2026-01-22,601318,14:38:57,64.6400,84,2
2026-01-22,601318,14:39:00,64.6500,170,1
2026-01-22,601318,14:39:03,64.6300,282,2
2026-01-22,601318,14:39:06,64.6700,137,4
2026-01-22,601318,14:39:09,64.6500,221,2
2026-01-22,601318,14:39:12,64.7000,139,1
2026-01-22,601318,14:39:15,64.6400,173,2
2026-01-22,601318,14:39:18,64.6400,211,2
2026-01-22,601318,14:39:21,64.6500,92,2
2026-01-22,601318,14:39:24,64.6700,100,1
2026-01-22,601318,14:39:27,64.6800,266,1
2026-01-22,601318,14:39:30,64.6700,298,1
2026-01-22,601318,14:39:33,64.6400,214,1
2026-01-22,601318,14:39:36,64.6400,140,1
2026-01-22,601318,14:39:39,64.6400,130,1
2026-01-22,601318,14:39:42,64.6300,137,2
2026-01-22,601318,14:39:45,64.6500,84,1
2026-01-22,601318,14:39:48,64.6500,135,1
2026-01-22,601318,14:39:51,64.6400,44,2
2026-01-22,601318,14:39:54,64.6500,127,2
2026-01-22,601318,14:39:57,64.6500,130,1
2026-01-22,601318,14:40:00,64.6300,220,2
2026-01-22,601318,14:40:03,64.6500,103,1
2026-01-22,601318,14:40:06,64.6500,155,1
2026-01-22,601318,14:40:09,64.6500,150,2
2026-01-22,601318,14:40:12,64.6700,279,1
2026-01-22,601318,14:40:15,64.6500,201,2
2026-01-22,601318,14:40:18,64.6600,406,2
2026-01-22,601318,14:40:21,64.6800,392,1
2026-01-22,601318,14:40:24,64.6800,166,2
2026-01-22,601318,14:40:27,64.6700,184,2
2026-01-22,601318,14:40:30,64.6600,145,2
2026-01-22,601318,14:40:33,64.6500,183,2
2026-01-22,601318,14:40:36,64.6700,97,1
2026-01-22,601318,14:40:39,64.6700,130,2
2026-01-22,601318,14:40:42,64.6500,134,2
2026-01-22,601318,14:40:45,64.6600,645,1
2026-01-22,601318,14:40:48,64.6800,376,1
2026-01-22,601318,14:40:51,64.6900,49,1
2026-01-22,601318,14:40:54,64.6800,63,2
2026-01-22,601318,14:40:57,64.6600,124,2
2026-01-22,601318,14:41:00,64.6600,446,2
2026-01-22,601318,14:41:03,64.6700,105,1
2026-01-22,601318,14:41:06,64.6700,146,2
2026-01-22,601318,14:41:09,64.6500,318,2
2026-01-22,601318,14:41:12,64.6700,379,1
2026-01-22,601318,14:41:15,64.6700,253,1
2026-01-22,601318,14:41:18,64.6700,162,1
2026-01-22,601318,14:41:21,64.6600,171,2
2026-01-22,601318,14:41:24,64.6500,316,2
2026-01-22,601318,14:41:27,64.6600,285,1
2026-01-22,601318,14:41:30,64.6400,369,2
2026-01-22,601318,14:41:33,64.6500,495,1
2026-01-22,601318,14:41:36,64.6400,193,2
2026-01-22,601318,14:41:39,64.6400,351,2
2026-01-22,601318,14:41:42,64.6500,193,1
2026-01-22,601318,14:41:45,64.6500,320,1
2026-01-22,601318,14:41:48,64.6400,357,2
2026-01-22,601318,14:41:51,64.6400,344,1
2026-01-22,601318,14:41:54,64.6400,338,1
2026-01-22,601318,14:41:57,64.6200,135,2
2026-01-22,601318,14:42:00,64.6300,387,2
2026-01-22,601318,14:42:03,64.6200,198,2
2026-01-22,601318,14:42:06,64.6100,279,2
2026-01-22,601318,14:42:09,64.6100,576,2
2026-01-22,601318,14:42:12,64.6100,386,2
2026-01-22,601318,14:42:15,64.6000,500,2
2026-01-22,601318,14:42:18,64.6000,313,2
2026-01-22,601318,14:42:21,64.6000,235,2
2026-01-22,601318,14:42:24,64.6000,318,2
2026-01-22,601318,14:42:27,64.6100,389,1
2026-01-22,601318,14:42:30,64.6100,356,1
2026-01-22,601318,14:42:33,64.6200,232,1
2026-01-22,601318,14:42:36,64.6100,253,2
2026-01-22,601318,14:42:39,64.6200,332,1
2026-01-22,601318,14:42:42,64.6300,338,1
2026-01-22,601318,14:42:45,64.6400,225,1
2026-01-22,601318,14:42:48,64.6500,222,1
2026-01-22,601318,14:42:51,64.6500,493,1
2026-01-22,601318,14:42:54,64.6600,343,1
2026-01-22,601318,14:42:57,64.6000,312,2
2026-01-22,601318,14:43:00,64.6000,547,2
2026-01-22,601318,14:43:03,64.6000,291,2
2026-01-22,601318,14:43:06,64.6000,302,1
2026-01-22,601318,14:43:09,64.6000,230,1
2026-01-22,601318,14:43:12,64.6100,101,2
2026-01-22,601318,14:43:15,64.6000,210,2
2026-01-22,601318,14:43:18,64.6100,343,2
2026-01-22,601318,14:43:21,64.6400,290,1
2026-01-22,601318,14:43:24,64.6400,77,2
2026-01-22,601318,14:43:27,64.6500,177,1
2026-01-22,601318,14:43:30,64.6100,103,2
2026-01-22,601318,14:43:33,64.6200,209,4
2026-01-22,601318,14:43:36,64.6200,240,2
2026-01-22,601318,14:43:39,64.6100,386,2
2026-01-22,601318,14:43:42,64.6200,408,1
2026-01-22,601318,14:43:45,64.6200,369,1
2026-01-22,601318,14:43:48,64.6200,203,1
2026-01-22,601318,14:43:51,64.6200,214,1
2026-01-22,601318,14:43:54,64.6000,188,2
2026-01-22,601318,14:43:57,64.6100,165,2
2026-01-22,601318,14:44:00,64.6100,288,2
2026-01-22,601318,14:44:03,64.6100,269,2
2026-01-22,601318,14:44:06,64.6100,295,2
2026-01-22,601318,14:44:09,64.6100,485,2
2026-01-22,601318,14:44:12,64.6000,298,2
2026-01-22,601318,14:44:15,64.6000,388,2
2026-01-22,601318,14:44:18,64.6000,325,2
2026-01-22,601318,14:44:21,64.5900,519,2
2026-01-22,601318,14:44:24,64.6000,375,4
2026-01-22,601318,14:44:27,64.5900,321,2
2026-01-22,601318,14:44:30,64.6000,455,1
2026-01-22,601318,14:44:33,64.6100,401,1
2026-01-22,601318,14:44:36,64.6300,235,1
2026-01-22,601318,14:44:39,64.6300,324,1
2026-01-22,601318,14:44:42,64.6300,258,1
2026-01-22,601318,14:44:45,64.6300,281,2
2026-01-22,601318,14:44:48,64.6300,289,2
2026-01-22,601318,14:44:51,64.6200,284,2
2026-01-22,601318,14:44:54,64.6300,340,1
2026-01-22,601318,14:44:57,64.6100,256,2
2026-01-22,601318,14:45:00,64.6000,318,2
2026-01-22,601318,14:45:03,64.6300,519,1
2026-01-22,601318,14:45:06,64.6000,359,2
2026-01-22,601318,14:45:09,64.5900,707,2
2026-01-22,601318,14:45:12,64.6000,469,2
2026-01-22,601318,14:45:15,64.5900,458,2
2026-01-22,601318,14:45:18,64.6300,282,1
2026-01-22,601318,14:45:21,64.6400,338,1
2026-01-22,601318,14:45:24,64.6000,260,2
2026-01-22,601318,14:45:27,64.5900,529,2
2026-01-22,601318,14:45:30,64.6000,519,2
2026-01-22,601318,14:45:33,64.5900,376,2
2026-01-22,601318,14:45:36,64.6500,530,1
2026-01-22,601318,14:45:39,64.6400,314,4
2026-01-22,601318,14:45:42,64.6400,385,1
2026-01-22,601318,14:45:45,64.6900,632,1
2026-01-22,601318,14:45:48,64.6900,447,2
2026-01-22,601318,14:45:51,64.6900,445,1
2026-01-22,601318,14:45:54,64.6600,423,2
2026-01-22,601318,14:45:57,64.6600,228,2
2026-01-22,601318,14:46:00,64.6500,274,2
2026-01-22,601318,14:46:03,64.6100,395,2
2026-01-22,601318,14:46:06,64.6200,746,2
2026-01-22,601318,14:46:09,64.6200,695,2
2026-01-22,601318,14:46:12,64.6100,479,4
2026-01-22,601318,14:46:15,64.6000,389,2
2026-01-22,601318,14:46:18,64.6300,901,1
2026-01-22,601318,14:46:21,64.6000,753,2
2026-01-22,601318,14:46:24,64.6100,735,1
2026-01-22,601318,14:46:27,64.5800,1203,2
2026-01-22,601318,14:46:30,64.5800,1039,2
2026-01-22,601318,14:46:33,64.5600,1174,2
2026-01-22,601318,14:46:36,64.5500,1002,2
2026-01-22,601318,14:46:39,64.5600,1152,2
2026-01-22,601318,14:46:42,64.5300,878,2
2026-01-22,601318,14:46:45,64.5600,975,2
2026-01-22,601318,14:46:48,64.5700,491,1
2026-01-22,601318,14:46:51,64.5300,1438,2
2026-01-22,601318,14:46:54,64.6000,1555,1
2026-01-22,601318,14:46:57,64.5900,399,1
2026-01-22,601318,14:47:00,64.6000,794,1
2026-01-22,601318,14:47:03,64.5600,438,2
2026-01-22,601318,14:47:06,64.5500,481,2
2026-01-22,601318,14:47:09,64.5500,387,2
2026-01-22,601318,14:47:12,64.5700,406,2
2026-01-22,601318,14:47:15,64.5800,600,2
2026-01-22,601318,14:47:18,64.6300,311,1
2026-01-22,601318,14:47:21,64.6400,449,1
2026-01-22,601318,14:47:24,64.6700,170,1
2026-01-22,601318,14:47:27,64.6900,304,1
2026-01-22,601318,14:47:30,64.6400,291,2
2026-01-22,601318,14:47:33,64.6700,61,1
2026-01-22,601318,14:47:36,64.6800,196,1
2026-01-22,601318,14:47:39,64.6800,277,1
2026-01-22,601318,14:47:42,64.6800,328,1
2026-01-22,601318,14:47:45,64.6700,286,2
2026-01-22,601318,14:47:48,64.6100,275,2
2026-01-22,601318,14:47:51,64.6800,318,1
2026-01-22,601318,14:47:54,64.6100,365,2
2026-01-22,601318,14:47:57,64.6200,306,2
2026-01-22,601318,14:48:00,64.6400,238,2
2026-01-22,601318,14:48:03,64.6800,539,1
2026-01-22,601318,14:48:06,64.6200,292,2
2026-01-22,601318,14:48:09,64.6800,726,1
2026-01-22,601318,14:48:12,64.6100,361,2
2026-01-22,601318,14:48:15,64.6000,361,2
2026-01-22,601318,14:48:18,64.6800,323,1
2026-01-22,601318,14:48:21,64.6700,92,1
2026-01-22,601318,14:48:24,64.6700,238,1
2026-01-22,601318,14:48:27,64.7000,76,1
2026-01-22,601318,14:48:30,64.7000,264,1
2026-01-22,601318,14:48:33,64.7000,230,1
2026-01-22,601318,14:48:36,64.7100,96,4
2026-01-22,601318,14:48:39,64.7100,219,2
2026-01-22,601318,14:48:42,64.7300,125,1
2026-01-22,601318,14:48:45,64.7200,102,2
2026-01-22,601318,14:48:48,64.7300,106,1
2026-01-22,601318,14:48:51,64.7300,62,2
2026-01-22,601318,14:48:54,64.7400,103,1
2026-01-22,601318,14:48:57,64.7400,180,2
2026-01-22,601318,14:49:00,64.7600,211,1
2026-01-22,601318,14:49:03,64.7500,291,2
2026-01-22,601318,14:49:06,64.7500,263,2
2026-01-22,601318,14:49:09,64.7600,534,1
2026-01-22,601318,14:49:12,64.7900,613,1
2026-01-22,601318,14:49:15,64.8000,418,1
2026-01-22,601318,14:49:18,64.8200,301,1
2026-01-22,601318,14:49:21,64.8500,241,1
2026-01-22,601318,14:49:24,64.8100,461,2
2026-01-22,601318,14:49:27,64.7700,296,2
2026-01-22,601318,14:49:30,64.7500,275,2
2026-01-22,601318,14:49:33,64.7700,402,2
2026-01-22,601318,14:49:36,64.7600,290,1
2026-01-22,601318,14:49:39,64.7300,347,2
2026-01-22,601318,14:49:42,64.7600,257,1
2026-01-22,601318,14:49:45,64.7600,163,1
2026-01-22,601318,14:49:48,64.7800,100,1
2026-01-22,601318,14:49:51,64.8200,546,1
2026-01-22,601318,14:49:54,64.8400,101,1
2026-01-22,601318,14:49:57,64.8500,272,1
2026-01-22,601318,14:50:00,64.8400,180,1
2026-01-22,601318,14:50:03,64.8400,305,1
2026-01-22,601318,14:50:06,64.8500,428,1
2026-01-22,601318,14:50:09,64.8500,105,1
2026-01-22,601318,14:50:12,64.8500,183,2
2026-01-22,601318,14:50:15,64.8400,568,2
2026-01-22,601318,14:50:18,64.8500,74,1
2026-01-22,601318,14:50:21,64.8500,102,1
2026-01-22,601318,14:50:24,64.8400,149,2
2026-01-22,601318,14:50:27,64.8400,125,1
2026-01-22,601318,14:50:30,64.8300,706,2
2026-01-22,601318,14:50:33,64.8400,73,1
2026-01-22,601318,14:50:36,64.8500,296,1
2026-01-22,601318,14:50:39,64.8500,135,1
2026-01-22,601318,14:50:42,64.8700,77,1
2026-01-22,601318,14:50:45,64.8700,97,1
2026-01-22,601318,14:50:48,64.8600,461,2
2026-01-22,601318,14:50:51,64.8400,683,2
2026-01-22,601318,14:50:54,64.8700,596,1
2026-01-22,601318,14:50:57,64.8700,107,2
2026-01-22,601318,14:51:00,64.8800,237,1
2026-01-22,601318,14:51:03,64.8800,168,2
2026-01-22,601318,14:51:06,64.9000,88,1
2026-01-22,601318,14:51:09,64.9000,160,1
2026-01-22,601318,14:51:12,64.9100,407,1
2026-01-22,601318,14:51:15,64.9000,580,2
2026-01-22,601318,14:51:18,64.9000,151,2
2026-01-22,601318,14:51:21,64.8900,704,2
2026-01-22,601318,14:51:24,64.8900,147,1
2026-01-22,601318,14:51:27,64.8800,98,4
2026-01-22,601318,14:51:30,64.8900,88,4
2026-01-22,601318,14:51:33,64.9000,262,1
2026-01-22,601318,14:51:36,64.9100,237,1
2026-01-22,601318,14:51:39,64.9100,184,1
2026-01-22,601318,14:51:42,64.9200,123,1
2026-01-22,601318,14:51:45,64.9100,222,2
2026-01-22,601318,14:51:48,64.8900,91,2
2026-01-22,601318,14:51:51,64.9000,174,4
2026-01-22,601318,14:51:54,64.9100,156,4
2026-01-22,601318,14:51:57,64.9100,759,2
2026-01-22,601318,14:52:00,64.9000,85,4
2026-01-22,601318,14:52:03,64.8900,930,2
2026-01-22,601318,14:52:06,64.8800,682,2
2026-01-22,601318,14:52:09,64.8700,565,2
2026-01-22,601318,14:52:12,64.8500,157,2
2026-01-22,601318,14:52:15,64.8400,82,2
2026-01-22,601318,14:52:18,64.8300,483,2
2026-01-22,601318,14:52:21,64.8100,282,2
2026-01-22,601318,14:52:24,64.8300,448,1
2026-01-22,601318,14:52:27,64.8300,279,1
2026-01-22,601318,14:52:30,64.8200,1178,2
2026-01-22,601318,14:52:33,64.8300,269,1
2026-01-22,601318,14:52:36,64.8200,475,2
2026-01-22,601318,14:52:39,64.8200,281,1
2026-01-22,601318,14:52:42,64.8200,1299,2
2026-01-22,601318,14:52:45,64.8000,5461,2
2026-01-22,601318,14:52:48,64.7600,2734,2
2026-01-22,601318,14:52:51,64.7500,278,2
2026-01-22,601318,14:52:54,64.6800,514,2
2026-01-22,601318,14:52:57,64.6700,468,2
2026-01-22,601318,14:53:00,64.6600,241,2
2026-01-22,601318,14:53:03,64.6900,504,2
2026-01-22,601318,14:53:06,64.6500,399,2
2026-01-22,601318,14:53:09,64.6400,611,2
2026-01-22,601318,14:53:12,64.6000,731,2
2026-01-22,601318,14:53:15,64.6000,626,1
2026-01-22,601318,14:53:18,64.6400,647,2
2026-01-22,601318,14:53:21,64.6900,416,1
2026-01-22,601318,14:53:24,64.6800,168,4
2026-01-22,601318,14:53:27,64.6700,434,2
2026-01-22,601318,14:53:30,64.6500,568,2
2026-01-22,601318,14:53:33,64.6600,793,1
2026-01-22,601318,14:53:36,64.6400,425,2
2026-01-22,601318,14:53:39,64.6400,508,2
2026-01-22,601318,14:53:42,64.6400,5484,2
2026-01-22,601318,14:53:45,64.6400,740,2
2026-01-22,601318,14:53:48,64.6500,2554,1
2026-01-22,601318,14:53:51,64.6500,374,2
2026-01-22,601318,14:53:54,64.6500,2493,2
2026-01-22,601318,14:53:57,64.6600,453,1
2026-01-22,601318,14:54:00,64.6400,431,2
2026-01-22,601318,14:54:03,64.6400,377,2
2026-01-22,601318,14:54:06,64.6200,215,4
2026-01-22,601318,14:54:09,64.6100,637,2
2026-01-22,601318,14:54:12,64.5900,756,2
2026-01-22,601318,14:54:15,64.5800,442,2
2026-01-22,601318,14:54:18,64.6000,927,1
2026-01-22,601318,14:54:21,64.6000,378,2
2026-01-22,601318,14:54:24,64.6000,466,2
2026-01-22,601318,14:54:27,64.6000,451,2
2026-01-22,601318,14:54:30,64.5700,913,2
2026-01-22,601318,14:54:33,64.5800,574,4
2026-01-22,601318,14:54:36,64.6000,357,1
2026-01-22,601318,14:54:39,64.6000,130,2
2026-01-22,601318,14:54:42,64.6000,512,2
2026-01-22,601318,14:54:45,64.6000,560,2
2026-01-22,601318,14:54:48,64.6000,391,2
2026-01-22,601318,14:54:51,64.5900,326,1
2026-01-22,601318,14:54:54,64.6000,620,1
2026-01-22,601318,14:54:57,64.5600,544,2
2026-01-22,601318,14:55:00,64.5800,408,1
2026-01-22,601318,14:55:03,64.6100,479,1
2026-01-22,601318,14:55:06,64.6000,282,2
2026-01-22,601318,14:55:09,64.6000,183,2
2026-01-22,601318,14:55:12,64.6100,431,1
2026-01-22,601318,14:55:15,64.6100,284,1
2026-01-22,601318,14:55:18,64.6100,264,1
2026-01-22,601318,14:55:21,64.6300,185,2
2026-01-22,601318,14:55:24,64.6600,118,1
2026-01-22,601318,14:55:27,64.7000,167,1
2026-01-22,601318,14:55:30,64.6900,141,2
2026-01-22,601318,14:55:33,64.6800,173,2
2026-01-22,601318,14:55:36,64.6800,135,2
2026-01-22,601318,14:55:39,64.6800,154,2
2026-01-22,601318,14:55:42,64.7000,106,1
2026-01-22,601318,14:55:45,64.7100,171,1
2026-01-22,601318,14:55:48,64.7200,400,1
2026-01-22,601318,14:55:51,64.7800,476,1
2026-01-22,601318,14:55:54,64.7900,649,1
2026-01-22,601318,14:55:57,64.7800,477,2
2026-01-22,601318,14:56:00,64.7700,271,2
2026-01-22,601318,14:56:03,64.7700,999,1
2026-01-22,601318,14:56:06,64.7400,421,2
2026-01-22,601318,14:56:09,64.7300,594,2
2026-01-22,601318,14:56:12,64.7100,448,2
2026-01-22,601318,14:56:15,64.7000,382,2
2026-01-22,601318,14:56:18,64.7300,96,1
2026-01-22,601318,14:56:21,64.7200,122,2
2026-01-22,601318,14:56:24,64.7300,174,1
2026-01-22,601318,14:56:27,64.7200,306,2
2026-01-22,601318,14:56:30,64.7500,116,1
2026-01-22,601318,14:56:33,64.7900,258,1
2026-01-22,601318,14:56:36,64.8000,131,1
2026-01-22,601318,14:56:39,64.8000,375,2
2026-01-22,601318,14:56:42,64.8000,283,1
2026-01-22,601318,14:56:45,64.8000,105,1
2026-01-22,601318,14:56:48,64.8300,411,1
2026-01-22,601318,14:56:51,64.8300,150,1
2026-01-22,601318,14:56:54,64.8200,99,1
2026-01-22,601318,14:56:57,64.8100,137,2
2026-01-22,601318,14:57:00,64.8200,462,4
2026-01-22,601318,15:00:03,64.8000,9936,4
2026-01-22,601318,13:17:06,64.8500,96,1
2026-01-22,601318,13:17:09,64.8700,359,1
2026-01-22,601318,13:17:12,64.9000,267,1
2026-01-22,601318,13:17:15,64.9000,81,2
2026-01-22,601318,13:17:18,64.9100,85,1
2026-01-22,601318,13:17:21,64.9000,30,4
2026-01-22,601318,13:17:24,64.9100,161,1
2026-01-22,601318,13:17:27,64.9200,88,2
2026-01-22,601318,13:17:30,64.9300,52,4
2026-01-22,601318,13:17:33,64.9100,163,2
2026-01-22,601318,13:17:36,64.8600,1141,2
2026-01-22,601318,13:17:39,64.8600,271,2
2026-01-22,601318,13:17:42,64.8300,112,2
2026-01-22,601318,13:17:45,64.8300,205,2
2026-01-22,601318,13:17:48,64.8400,159,1
2026-01-22,601318,13:17:51,64.8400,101,1
2026-01-22,601318,13:17:54,64.8500,188,1
2026-01-22,601318,13:17:57,64.8500,74,2
2026-01-22,601318,13:18:00,64.8600,134,1
2026-01-22,601318,13:18:03,64.8600,74,1
2026-01-22,601318,13:18:06,64.8500,227,2
2026-01-22,601318,13:18:09,64.8600,125,1
2026-01-22,601318,13:18:12,64.8700,4,1
2026-01-22,601318,13:18:15,64.8700,97,2
2026-01-22,601318,13:18:18,64.8800,35,1
2026-01-22,601318,13:18:21,64.8600,267,2
2026-01-22,601318,13:18:24,64.8700,191,4
2026-01-22,601318,13:18:27,64.8700,118,1
2026-01-22,601318,13:18:30,64.8800,86,1
2026-01-22,601318,13:18:33,64.8600,207,2
2026-01-22,601318,13:18:36,64.8600,115,2
2026-01-22,601318,13:18:39,64.8700,97,1
2026-01-22,601318,13:18:42,64.8700,92,1
2026-01-22,601318,13:18:45,64.8800,55,2
2026-01-22,601318,13:18:48,64.8800,74,2
2026-01-22,601318,13:18:51,64.8700,76,2
2026-01-22,601318,13:18:54,64.8700,157,2
2026-01-22,601318,13:18:57,64.8900,157,1
2026-01-22,601318,13:19:00,64.8800,212,2
2026-01-22,601318,13:19:03,64.8900,131,1
2026-01-22,601318,13:19:06,64.8900,285,2
2026-01-22,601318,13:19:09,64.9200,231,1
2026-01-22,601318,13:19:12,64.9700,256,1
2026-01-22,601318,13:19:15,64.9300,104,2
2026-01-22,601318,13:19:18,64.9300,64,2
2026-01-22,601318,13:19:21,64.9500,91,1
2026-01-22,601318,13:19:24,64.9300,404,2
2026-01-22,601318,13:19:27,64.9300,163,4
2026-01-22,601318,13:19:30,64.9100,105,2
2026-01-22,601318,13:19:33,64.9100,114,1
2026-01-22,601318,13:19:36,64.9100,161,1
2026-01-22,601318,13:19:39,64.9000,56,2
2026-01-22,601318,13:19:42,64.8800,107,2
2026-01-22,601318,13:19:45,64.8800,54,2
2026-01-22,601318,13:19:48,64.9000,68,1
2026-01-22,601318,13:19:51,64.9000,110,2
2026-01-22,601318,13:19:54,64.8900,147,2
2026-01-22,601318,13:19:57,64.8900,73,2
2026-01-22,601318,13:20:00,64.8800,512,2
2026-01-22,601318,13:20:03,64.8800,87,2
2026-01-22,601318,13:20:06,64.8900,442,1
2026-01-22,601318,13:20:09,64.8900,28,1
2026-01-22,601318,13:20:12,64.8800,158,2
2026-01-22,601318,13:20:15,64.8800,107,2
2026-01-22,601318,13:20:18,64.9000,38,1
2026-01-22,601318,13:20:21,64.8800,91,2
2026-01-22,601318,13:20:24,64.8900,44,1
2026-01-22,601318,13:20:27,64.8700,124,2
2026-01-22,601318,13:20:30,64.8800,59,1
2026-01-22,601318,13:20:33,64.8700,92,2
2026-01-22,601318,13:20:36,64.8800,172,1
2026-01-22,601318,13:20:39,64.8800,40,1
2026-01-22,601318,13:20:42,64.8800,105,1
2026-01-22,601318,13:20:45,64.8700,65,2
2026-01-22,601318,13:20:48,64.8900,78,1
2026-01-22,601318,13:20:51,64.8800,258,2
2026-01-22,601318,13:20:54,64.8800,108,2
2026-01-22,601318,13:20:57,64.9000,46,1
2026-01-22,601318,13:21:00,64.8800,279,2
2026-01-22,601318,13:21:03,64.9100,296,1
2026-01-22,601318,13:21:06,64.9200,88,1
2026-01-22,601318,13:21:09,64.9200,43,1
2026-01-22,601318,13:21:12,64.9300,324,1
2026-01-22,601318,13:21:15,64.9200,111,2
2026-01-22,601318,13:21:18,64.9200,261,4
2026-01-22,601318,13:21:21,64.9200,399,2
2026-01-22,601318,13:21:24,64.9100,112,2
2026-01-22,601318,13:21:27,64.9300,88,1
2026-01-22,601318,13:21:30,64.9200,26,2
2026-01-22,601318,13:21:33,64.9200,74,2
2026-01-22,601318,13:21:36,64.9000,110,2
2026-01-22,601318,13:21:39,64.9200,2,1
2026-01-22,601318,13:21:42,64.8900,93,2
2026-01-22,601318,13:21:45,64.8900,116,2
2026-01-22,601318,13:21:48,64.9000,31,4
2026-01-22,601318,13:21:51,64.9000,30,1
2026-01-22,601318,13:21:54,64.8800,45,2
2026-01-22,601318,13:21:57,64.8900,54,4
2026-01-22,601318,13:22:00,64.9000,11,1
2026-01-22,601318,13:22:03,64.8900,72,2
2026-01-22,601318,13:22:06,64.8800,167,2
2026-01-22,601318,13:22:09,64.8900,61,1
2026-01-22,601318,13:22:12,64.9000,85,1
2026-01-22,601318,13:22:15,64.8900,123,2
2026-01-22,601318,13:22:18,64.8800,238,2
2026-01-22,601318,13:22:21,64.8700,249,2
2026-01-22,601318,13:22:24,64.8800,57,1
2026-01-22,601318,13:22:27,64.8600,113,2
2026-01-22,601318,13:22:30,64.8800,55,1
2026-01-22,601318,13:22:33,64.8700,217,2
2026-01-22,601318,13:22:36,64.8700,68,2
2026-01-22,601318,13:22:39,64.8800,40,1
2026-01-22,601318,13:22:42,64.8700,82,2
2026-01-22,601318,13:22:45,64.9000,73,1
2026-01-22,601318,13:22:48,64.9100,50,1
2026-01-22,601318,13:22:51,64.9000,26,2
2026-01-22,601318,13:22:54,64.9100,143,2
2026-01-22,601318,13:22:57,64.9100,97,2
2026-01-22,601318,13:23:00,64.9000,82,1
2026-01-22,601318,13:23:03,64.9000,89,1
2026-01-22,601318,13:23:06,64.9100,71,2
2026-01-22,601318,13:23:09,64.9000,17,2
2026-01-22,601318,13:23:12,64.9100,269,1
2026-01-22,601318,13:23:15,64.8800,257,2
2026-01-22,601318,13:23:18,64.8800,60,2
2026-01-22,601318,13:23:21,64.9200,81,1
2026-01-22,601318,13:23:24,64.8900,30,2
2026-01-22,601318,13:23:27,64.9000,98,4
2026-01-22,601318,13:23:30,64.8900,102,2
2026-01-22,601318,13:23:33,64.8900,97,1
2026-01-22,601318,13:23:36,64.8700,115,2
2026-01-22,601318,13:23:39,64.8800,23,1
2026-01-22,601318,13:23:42,64.8700,119,2
2026-01-22,601318,13:23:45,64.8700,114,2
2026-01-22,601318,13:23:48,64.8700,73,2
2026-01-22,601318,13:23:51,64.8800,82,1
2026-01-22,601318,13:23:54,64.8800,52,1
2026-01-22,601318,13:23:57,64.8800,166,2
2026-01-22,601318,13:24:00,64.8800,148,2
2026-01-22,601318,13:24:03,64.8800,190,2
2026-01-22,601318,13:24:06,64.8700,133,2
2026-01-22,601318,13:24:09,64.8900,109,1
2026-01-22,601318,13:24:12,64.8700,238,2
2026-01-22,601318,13:24:15,64.8600,51,2
2026-01-22,601318,13:24:18,64.8700,34,2
2026-01-22,601318,13:24:21,64.8500,115,2
2026-01-22,601318,13:24:24,64.8500,85,2
2026-01-22,601318,13:24:27,64.8500,241,2
2026-01-22,601318,13:24:30,64.8500,132,2
2026-01-22,601318,13:24:33,64.8500,78,2
2026-01-22,601318,13:24:36,64.8400,216,2
2026-01-22,601318,13:24:39,64.8500,31,1
2026-01-22,601318,13:24:42,64.8500,132,1
2026-01-22,601318,13:24:45,64.8600,104,1
2026-01-22,601318,13:24:48,64.8500,80,2
2026-01-22,601318,13:24:51,64.8400,110,2
2026-01-22,601318,13:24:54,64.8400,148,2
2026-01-22,601318,13:24:57,64.8300,180,2
2026-01-22,601318,13:25:00,64.8400,82,1
2026-01-22,601318,13:25:03,64.8500,399,1
2026-01-22,601318,13:25:06,64.8500,216,2
2026-01-22,601318,13:25:09,64.8600,37,1
2026-01-22,601318,13:25:12,64.8600,45,2
2026-01-22,601318,13:25:15,64.8600,28,2
2026-01-22,601318,13:25:18,64.8800,79,1
2026-01-22,601318,13:25:21,64.8800,95,2
2026-01-22,601318,13:25:24,64.8800,70,2
2026-01-22,601318,13:25:27,64.9000,57,2
2026-01-22,601318,13:25:30,64.9000,4,2
2026-01-22,601318,13:25:33,64.8800,87,2
2026-01-22,601318,13:25:36,64.9000,85,1
2026-01-22,601318,13:25:39,64.9000,12,1
2026-01-22,601318,13:25:42,64.9000,31,1
2026-01-22,601318,13:25:45,64.9000,83,1
2026-01-22,601318,13:25:48,64.8400,392,2
2026-01-22,601318,13:25:51,64.8700,46,1
2026-01-22,601318,13:25:54,64.8600,79,2
2026-01-22,601318,13:25:57,64.8700,122,1
2026-01-22,601318,13:26:00,64.8800,72,1
2026-01-22,601318,13:26:03,64.8700,127,4
2026-01-22,601318,13:26:06,64.8700,84,2
2026-01-22,601318,13:26:09,64.8700,239,2
2026-01-22,601318,13:26:12,64.8700,155,2
2026-01-22,601318,13:26:15,64.8700,27,1
2026-01-22,601318,13:26:18,64.8600,66,2
2026-01-22,601318,13:26:21,64.8500,29,2
2026-01-22,601318,13:26:24,64.8500,52,2
2026-01-22,601318,13:26:27,64.8500,133,2
2026-01-22,601318,13:26:30,64.8500,8,2
2026-01-22,601318,13:26:33,64.8700,178,1
2026-01-22,601318,13:26:36,64.8400,99,2
2026-01-22,601318,13:26:39,64.8600,24,1
2026-01-22,601318,13:26:42,64.8400,52,2
2026-01-22,601318,13:26:45,64.8500,29,2
2026-01-22,601318,13:26:48,64.8500,212,1
2026-01-22,601318,13:26:51,64.8500,147,2
2026-01-22,601318,13:26:54,64.8400,128,2
2026-01-22,601318,13:26:57,64.8500,362,1
2026-01-22,601318,13:27:00,64.8400,38,4
2026-01-22,601318,13:27:03,64.8300,302,2
2026-01-22,601318,13:27:06,64.8200,328,2
2026-01-22,601318,13:27:09,64.8300,23,1
2026-01-22,601318,13:27:12,64.8300,107,1
2026-01-22,601318,13:27:15,64.8300,381,1
2026-01-22,601318,13:27:18,64.8200,205,2
2026-01-22,601318,13:27:21,64.8200,250,1
2026-01-22,601318,13:27:24,64.8100,205,2
2026-01-22,601318,13:27:27,64.8100,734,2
2026-01-22,601318,13:27:30,64.8000,365,2
2026-01-22,601318,13:27:33,64.8000,211,2
2026-01-22,601318,13:27:36,64.8000,157,2
2026-01-22,601318,13:27:39,64.7900,5004,2
2026-01-22,601318,13:27:42,64.7900,498,1
2026-01-22,601318,13:27:45,64.7600,97,2
2026-01-22,601318,13:27:48,64.7500,108,2
2026-01-22,601318,13:27:51,64.7600,76,1
2026-01-22,601318,13:27:54,64.7600,878,2
2026-01-22,601318,13:27:57,64.7600,248,2
2026-01-22,601318,13:28:00,64.7600,238,2
2026-01-22,601318,13:28:03,64.7500,194,2
2026-01-22,601318,13:28:06,64.7500,185,2
2026-01-22,601318,13:28:09,64.7900,573,1
2026-01-22,601318,13:28:12,64.7900,327,2
2026-01-22,601318,13:28:15,64.7500,170,2
2026-01-22,601318,13:28:18,64.7900,246,1
2026-01-22,601318,13:28:21,64.8100,333,1
2026-01-22,601318,13:28:24,64.7900,61,2
2026-01-22,601318,13:28:27,64.7900,376,2
2026-01-22,601318,13:28:30,64.7900,6,2
2026-01-22,601318,13:28:33,64.7900,94,2
2026-01-22,601318,13:28:36,64.7900,92,1
2026-01-22,601318,13:28:39,64.8000,93,1
2026-01-22,601318,13:28:42,64.7800,43,2
2026-01-22,601318,13:28:45,64.8000,51,1
2026-01-22,601318,13:28:48,64.8000,93,1
2026-01-22,601318,13:28:51,64.7800,26,2
2026-01-22,601318,13:28:54,64.7800,129,2
2026-01-22,601318,13:28:57,64.7700,45,2
2026-01-22,601318,13:29:00,64.7900,28,1
2026-01-22,601318,13:29:03,64.7800,94,2
2026-01-22,601318,13:29:06,64.7800,52,1
2026-01-22,601318,13:29:09,64.7800,157,1
2026-01-22,601318,13:29:12,64.7700,142,2
2026-01-22,601318,13:29:15,64.7800,189,1
2026-01-22,601318,13:29:18,64.7900,193,1
2026-01-22,601318,13:29:21,64.7500,815,2
2026-01-22,601318,13:29:24,64.7700,58,2
2026-01-22,601318,13:29:27,64.7800,82,1
2026-01-22,601318,13:29:30,64.7600,214,1
2026-01-22,601318,13:29:33,64.7600,768,1
2026-01-22,601318,13:29:36,64.7500,167,2
2026-01-22,601318,13:29:39,64.7500,354,2
2026-01-22,601318,13:29:42,64.7500,422,1
2026-01-22,601318,13:29:45,64.7500,504,1
2026-01-22,601318,13:29:48,64.7600,35,1
2026-01-22,601318,13:29:51,64.7500,364,2
2026-01-22,601318,13:29:54,64.7500,344,2
2026-01-22,601318,13:29:57,64.7600,152,1
2026-01-22,601318,13:30:00,64.7500,119,2
2026-01-22,601318,13:30:03,64.7400,196,2
2026-01-22,601318,13:30:06,64.7500,93,4
2026-01-22,601318,13:30:09,64.7400,74,2
2026-01-22,601318,13:30:12,64.7300,194,2
2026-01-22,601318,13:30:15,64.7600,263,1
2026-01-22,601318,13:30:18,64.7400,1587,2
2026-01-22,601318,13:30:21,64.7500,68,1
2026-01-22,601318,13:30:24,64.7200,386,2
2026-01-22,601318,13:30:27,64.7300,384,4
2026-01-22,601318,13:30:30,64.7200,35,1
2026-01-22,601318,13:30:33,64.7200,62,1
2026-01-22,601318,13:30:36,64.7500,68,1
2026-01-22,601318,13:30:39,64.7600,198,1
2026-01-22,601318,13:30:42,64.7600,69,1
2026-01-22,601318,13:30:45,64.7600,81,1
2026-01-22,601318,13:30:48,64.7500,282,2
2026-01-22,601318,13:30:51,64.7500,105,1
2026-01-22,601318,13:30:54,64.7600,343,1
2026-01-22,601318,13:30:57,64.7600,29,2
2026-01-22,601318,13:31:00,64.7700,52,4
2026-01-22,601318,13:31:03,64.7700,24,1
2026-01-22,601318,13:31:06,64.7900,498,1
2026-01-22,601318,13:31:09,64.7700,309,2
2026-01-22,601318,13:31:12,64.7800,209,1
2026-01-22,601318,13:31:15,64.7600,355,2
2026-01-22,601318,13:31:18,64.7600,97,2
2026-01-22,601318,13:31:21,64.7500,148,2
2026-01-22,601318,13:31:24,64.7500,208,2
2026-01-22,601318,13:31:27,64.7200,283,2
2026-01-22,601318,13:31:30,64.7000,309,2
2026-01-22,601318,13:31:33,64.7000,270,2
2026-01-22,601318,13:31:36,64.7000,426,2
2026-01-22,601318,13:31:39,64.7000,89,1
2026-01-22,601318,13:31:42,64.7000,173,1
2026-01-22,601318,13:31:45,64.7100,204,1
2026-01-22,601318,13:31:48,64.7100,159,1
2026-01-22,601318,13:31:51,64.7300,90,1
2026-01-22,601318,13:31:54,64.7300,302,1
2026-01-22,601318,13:31:57,64.7500,151,1
2026-01-22,601318,13:32:00,64.7400,263,2
2026-01-22,601318,13:32:03,64.7400,169,2
2026-01-22,601318,13:32:06,64.7500,150,1
2026-01-22,601318,13:32:09,64.7500,120,1
2026-01-22,601318,13:32:12,64.7500,144,1
2026-01-22,601318,13:32:15,64.7500,173,1
2026-01-22,601318,13:32:18,64.7400,258,2
2026-01-22,601318,13:32:21,64.7500,41,4
2026-01-22,601318,13:32:24,64.7500,137,2
2026-01-22,601318,13:32:27,64.7600,82,4
2026-01-22,601318,13:32:30,64.7600,142,2
2026-01-22,601318,13:32:33,64.7600,74,2
2026-01-22,601318,13:32:36,64.7900,230,1
2026-01-22,601318,13:32:39,64.7600,376,2
2026-01-22,601318,13:32:42,64.7900,75,1
2026-01-22,601318,13:32:45,64.7900,64,1
2026-01-22,601318,13:32:48,64.7800,80,2
2026-01-22,601318,13:32:51,64.7900,157,4
2026-01-22,601318,13:32:54,64.7900,243,2
2026-01-22,601318,13:32:57,64.8000,139,1
2026-01-22,601318,13:33:00,64.7900,131,2
2026-01-22,601318,13:33:03,64.8000,143,2
2026-01-22,601318,13:33:06,64.7900,127,2
2026-01-22,601318,13:33:09,64.8100,53,1
2026-01-22,601318,13:33:12,64.8200,136,1
2026-01-22,601318,13:33:15,64.8000,52,2
2026-01-22,601318,13:33:18,64.7900,178,2
2026-01-22,601318,13:33:21,64.7900,69,2
2026-01-22,601318,13:33:24,64.8000,48,1
2026-01-22,601318,13:33:27,64.7900,112,2
2026-01-22,601318,13:33:30,64.8000,148,4
2026-01-22,601318,13:33:33,64.8100,64,1
2026-01-22,601318,13:33:36,64.8100,85,2
2026-01-22,601318,13:33:39,64.8100,191,2
2026-01-22,601318,13:33:42,64.8300,62,1
2026-01-22,601318,13:33:45,64.8200,100,2
2026-01-22,601318,13:33:48,64.8100,106,2
2026-01-22,601318,13:33:51,64.8200,125,2
2026-01-22,601318,13:33:54,64.8200,260,2
2026-01-22,601318,13:33:57,64.8100,82,2
2026-01-22,601318,13:34:00,64.8100,246,2
2026-01-22,601318,13:34:03,64.8300,72,1
2026-01-22,601318,13:34:06,64.8700,335,1
2026-01-22,601318,13:34:09,64.8300,335,2
2026-01-22,601318,13:34:12,64.8200,331,2
2026-01-22,601318,13:34:15,64.8100,388,2
2026-01-22,601318,13:34:18,64.8000,245,2
2026-01-22,601318,13:34:21,64.7800,142,2
2026-01-22,601318,13:34:24,64.7800,167,2
2026-01-22,601318,13:34:27,64.7900,145,2
2026-01-22,601318,13:34:30,64.7800,88,2
2026-01-22,601318,13:34:33,64.7800,151,1
2026-01-22,601318,13:34:36,64.7800,170,2
2026-01-22,601318,13:34:39,64.7700,114,2
2026-01-22,601318,13:34:42,64.7600,226,2
2026-01-22,601318,13:34:45,64.7600,138,1
2026-01-22,601318,13:34:48,64.7500,171,2
2026-01-22,601318,13:34:51,64.7300,177,2
2026-01-22,601318,13:34:54,64.7500,66,2
2026-01-22,601318,13:34:57,64.7400,44,2
2026-01-22,601318,13:35:00,64.7300,175,2
2026-01-22,601318,13:35:03,64.7400,305,2
2026-01-22,601318,13:35:06,64.7200,114,2
2026-01-22,601318,13:35:09,64.7300,232,4
2026-01-22,601318,13:35:12,64.7100,254,2
2026-01-22,601318,13:35:15,64.7200,442,1
2026-01-22,601318,13:35:18,64.7300,164,1
2026-01-22,601318,13:35:21,64.7100,404,2
2026-01-22,601318,13:35:24,64.7400,34,1
2026-01-22,601318,13:35:27,64.7100,92,2
2026-01-22,601318,13:35:30,64.7400,131,1
2026-01-22,601318,13:35:33,64.7200,147,2
2026-01-22,601318,13:35:36,64.7400,93,1
2026-01-22,601318,13:35:39,64.7300,74,2
2026-01-22,601318,13:35:42,64.7500,100,1
2026-01-22,601318,13:35:45,64.7400,56,1
2026-01-22,601318,13:35:48,64.7300,113,2
2026-01-22,601318,13:35:51,64.7500,126,1
2026-01-22,601318,13:35:54,64.7500,87,2
2026-01-22,601318,13:35:57,64.7300,33,2
2026-01-22,601318,13:36:00,64.7400,49,4
2026-01-22,601318,13:36:03,64.7500,83,1
2026-01-22,601318,13:36:06,64.7400,100,2
2026-01-22,601318,13:36:09,64.7500,32,1
2026-01-22,601318,13:36:12,64.7600,67,1
2026-01-22,601318,13:36:15,64.7500,97,2
2026-01-22,601318,13:36:18,64.7500,72,2
2026-01-22,601318,13:36:21,64.7500,56,1
2026-01-22,601318,13:36:24,64.7500,30,1
2026-01-22,601318,13:36:27,64.7400,50,2
2026-01-22,601318,13:36:30,64.7300,80,2
2026-01-22,601318,13:36:33,64.7400,58,1
2026-01-22,601318,13:36:36,64.7400,169,2
2026-01-22,601318,13:36:39,64.7300,212,2
2026-01-22,601318,13:36:42,64.7300,63,2
2026-01-22,601318,13:36:45,64.7300,43,2
2026-01-22,601318,13:36:48,64.7400,140,1
2026-01-22,601318,13:36:51,64.7500,106,1
2026-01-22,601318,13:36:54,64.7700,69,1
2026-01-22,601318,13:36:57,64.7800,421,1
2026-01-22,601318,13:37:00,64.7900,144,2
2026-01-22,601318,13:37:03,64.8000,226,1
2026-01-22,601318,13:37:06,64.7800,322,2
2026-01-22,601318,13:37:09,64.7800,45,2
2026-01-22,601318,13:37:12,64.7800,129,2
2026-01-22,601318,13:37:15,64.7600,91,2
2026-01-22,601318,13:37:18,64.7400,133,2
2026-01-22,601318,13:37:21,64.7500,82,1
2026-01-22,601318,13:37:24,64.7600,95,1
2026-01-22,601318,13:37:27,64.7600,126,2
2026-01-22,601318,13:37:30,64.7600,56,2
2026-01-22,601318,13:37:33,64.7700,26,2
2026-01-22,601318,13:37:36,64.7700,55,2
2026-01-22,601318,13:37:39,64.7500,140,2
2026-01-22,601318,13:37:42,64.7700,70,1
2026-01-22,601318,13:37:45,64.7600,36,2
2026-01-22,601318,13:37:48,64.7500,50,2
2026-01-22,601318,13:37:51,64.7500,62,2
2026-01-22,601318,13:37:54,64.7600,70,4
2026-01-22,601318,13:37:57,64.7600,95,1
2026-01-22,601318,13:38:00,64.7500,70,2
2026-01-22,601318,13:38:03,64.7500,87,2
2026-01-22,601318,13:38:06,64.7500,64,2
2026-01-22,601318,13:38:09,64.7500,87,2
2026-01-22,601318,13:38:12,64.7800,149,1
2026-01-22,601318,13:38:15,64.7500,74,2
2026-01-22,601318,13:38:18,64.7400,45,2
2026-01-22,601318,13:38:21,64.7600,80,1
2026-01-22,601318,13:38:24,64.7800,120,1
2026-01-22,601318,13:38:27,64.7800,66,1
2026-01-22,601318,13:38:30,64.7700,127,1
2026-01-22,601318,13:38:33,64.7700,98,2
2026-01-22,601318,13:38:36,64.7500,130,2
2026-01-22,601318,13:38:39,64.7400,179,2
2026-01-22,601318,13:38:42,64.7500,201,4
2026-01-22,601318,13:38:45,64.7500,116,1
2026-01-22,601318,13:38:48,64.7500,125,2
2026-01-22,601318,13:38:51,64.7600,176,1
2026-01-22,601318,13:38:54,64.7500,169,2
2026-01-22,601318,13:38:57,64.7300,147,2
2026-01-22,601318,13:39:00,64.7500,184,1
2026-01-22,601318,13:39:03,64.7400,223,2
2026-01-22,601318,13:39:06,64.7500,99,2
2026-01-22,601318,13:39:09,64.7700,156,2
2026-01-22,601318,13:39:12,64.7500,40,2
2026-01-22,601318,13:39:15,64.7500,148,2
2026-01-22,601318,13:39:18,64.7500,141,2
2026-01-22,601318,13:39:21,64.7500,104,2
2026-01-22,601318,13:39:24,64.7600,69,1
2026-01-22,601318,13:39:27,64.7500,23,2
2026-01-22,601318,13:39:30,64.7500,132,2
2026-01-22,601318,13:39:33,64.7700,93,1
2026-01-22,601318,13:39:36,64.7800,300,1
2026-01-22,601318,13:39:39,64.7800,185,1
2026-01-22,601318,13:39:42,64.8100,581,1
2026-01-22,601318,13:39:45,64.8300,198,1
2026-01-22,601318,13:39:48,64.8100,579,2
2026-01-22,601318,13:39:51,64.8100,134,2
2026-01-22,601318,13:39:54,64.8000,40,4
2026-01-22,601318,13:39:57,64.7800,68,2
2026-01-22,601318,13:40:00,64.7900,106,4
2026-01-22,601318,13:40:03,64.7700,73,2
2026-01-22,601318,13:40:06,64.7800,24,1
2026-01-22,601318,13:40:09,64.7500,140,2
2026-01-22,601318,13:40:12,64.7900,116,1
2026-01-22,601318,13:40:15,64.7700,22,2
2026-01-22,601318,13:40:18,64.7900,126,1
2026-01-22,601318,13:40:21,64.7800,48,4
2026-01-22,601318,13:40:24,64.7800,67,1
2026-01-22,601318,13:40:27,64.7800,46,4
2026-01-22,601318,13:40:30,64.7700,110,2
2026-01-22,601318,13:40:33,64.7900,63,1
2026-01-22,601318,13:40:36,64.7900,42,1
2026-01-22,601318,13:40:39,64.7700,106,2
2026-01-22,601318,13:40:42,64.7800,141,2
2026-01-22,601318,13:40:45,64.7600,30,2
2026-01-22,601318,13:40:48,64.8000,141,1
2026-01-22,601318,13:40:51,64.8000,160,2
2026-01-22,601318,13:40:54,64.8000,114,2
2026-01-22,601318,13:40:57,64.8000,45,1
2026-01-22,601318,13:41:00,64.7900,87,2
2026-01-22,601318,13:41:03,64.7800,60,2
2026-01-22,601318,13:41:06,64.7700,73,2
2026-01-22,601318,13:41:09,64.7800,93,1
2026-01-22,601318,13:41:12,64.7800,34,2
2026-01-22,601318,13:41:15,64.7800,113,2
2026-01-22,601318,13:41:18,64.8000,250,1
2026-01-22,601318,13:41:21,64.7900,48,2
2026-01-22,601318,13:41:24,64.7700,98,2
2026-01-22,601318,13:41:27,64.7700,54,2
2026-01-22,601318,13:41:30,64.7700,40,2
2026-01-22,601318,13:41:33,64.7700,90,2
2026-01-22,601318,13:41:36,64.8000,63,1
2026-01-22,601318,13:41:39,64.7700,72,2
2026-01-22,601318,13:41:42,64.7600,79,2
2026-01-22,601318,13:41:45,64.7700,160,4
2026-01-22,601318,13:41:48,64.7600,265,2
2026-01-22,601318,13:41:51,64.7700,56,2
2026-01-22,601318,13:41:54,64.7600,42,2
2026-01-22,601318,13:41:57,64.7600,113,2
2026-01-22,601318,13:42:00,64.7700,157,2
2026-01-22,601318,13:42:03,64.7500,161,2
2026-01-22,601318,13:42:06,64.7700,46,1
2026-01-22,601318,13:42:09,64.7700,238,2
2026-01-22,601318,13:42:12,64.7700,35,2
2026-01-22,601318,13:42:15,64.7700,13,1
2026-01-22,601318,13:42:18,64.8000,653,1
2026-01-22,601318,13:42:21,64.8000,161,2
2026-01-22,601318,13:42:24,64.8200,111,1
2026-01-22,601318,13:42:27,64.8500,271,1
2026-01-22,601318,13:42:30,64.8500,660,1
2026-01-22,601318,13:42:33,64.8400,250,2
2026-01-22,601318,13:42:36,64.8400,92,2
2026-01-22,601318,13:42:39,64.8500,131,1
2026-01-22,601318,13:42:42,64.8500,61,2
2026-01-22,601318,13:42:45,64.8400,53,2
2026-01-22,601318,13:42:48,64.8400,278,2
2026-01-22,601318,13:42:51,64.8400,71,2
2026-01-22,601318,13:42:54,64.8400,116,2
2026-01-22,601318,13:42:57,64.8400,88,2
2026-01-22,601318,13:43:00,64.8400,88,2
2026-01-22,601318,13:43:03,64.8600,72,1
2026-01-22,601318,13:43:06,64.8500,66,2
2026-01-22,601318,13:43:09,64.8600,79,4
2026-01-22,601318,13:43:12,64.8700,63,1
2026-01-22,601318,13:43:15,64.8700,59,4
2026-01-22,601318,13:43:18,64.8700,66,2
2026-01-22,601318,13:43:21,64.8700,105,1
2026-01-22,601318,13:43:24,64.8600,74,2
2026-01-22,601318,13:43:27,64.8600,35,2
2026-01-22,601318,13:43:30,64.8600,57,2
2026-01-22,601318,13:43:33,64.8700,23,4
2026-01-22,601318,13:43:36,64.8600,24,2
2026-01-22,601318,13:43:39,64.8400,102,2
2026-01-22,601318,13:43:42,64.8600,261,1
2026-01-22,601318,13:43:45,64.8400,34,2
2026-01-22,601318,13:43:48,64.8100,106,2
2026-01-22,601318,13:43:51,64.8100,286,2
2026-01-22,601318,13:43:54,64.8500,103,1
2026-01-22,601318,13:43:57,64.8200,86,2
2026-01-22,601318,13:44:00,64.8300,41,2
2026-01-22,601318,13:44:03,64.8400,32,1
2026-01-22,601318,13:44:06,64.8400,161,2
2026-01-22,601318,13:44:09,64.8200,78,2
2026-01-22,601318,13:44:12,64.8200,188,2
2026-01-22,601318,13:44:15,64.8200,134,2
2026-01-22,601318,13:44:18,64.8200,47,2
2026-01-22,601318,13:44:21,64.8200,241,2
2026-01-22,601318,13:44:24,64.8300,12,2
2026-01-22,601318,13:44:27,64.8200,75,2
2026-01-22,601318,13:44:30,64.8100,68,2
2026-01-22,601318,13:44:33,64.8400,92,1
2026-01-22,601318,13:44:36,64.8400,62,2
2026-01-22,601318,13:44:39,64.8300,110,2
2026-01-22,601318,13:44:42,64.8400,75,1
2026-01-22,601318,13:44:45,64.8300,47,2
2026-01-22,601318,13:44:48,64.8500,71,1
2026-01-22,601318,13:44:51,64.8300,83,2
2026-01-22,601318,13:44:54,64.8300,98,2
2026-01-22,601318,13:44:57,64.8300,37,2
2026-01-22,601318,13:45:00,64.8300,105,2
2026-01-22,601318,13:45:03,64.8200,34,2
2026-01-22,601318,13:45:06,64.8200,147,2
2026-01-22,601318,13:45:09,64.8500,513,1
2026-01-22,601318,13:45:12,64.8300,168,2
2026-01-22,601318,13:45:15,64.8400,101,2
2026-01-22,601318,13:45:18,64.8500,216,1
2026-01-22,601318,13:45:21,64.8500,98,2
2026-01-22,601318,13:45:24,64.8500,73,2
2026-01-22,601318,13:45:27,64.8500,228,2
2026-01-22,601318,13:45:30,64.8500,225,2
2026-01-22,601318,13:45:33,64.8300,74,2
2026-01-22,601318,13:45:36,64.8200,112,2
2026-01-22,601318,13:45:39,64.8200,141,2
2026-01-22,601318,13:45:42,64.8100,68,2
2026-01-22,601318,13:45:45,64.8400,65,1
2026-01-22,601318,13:45:48,64.8200,70,2
2026-01-22,601318,13:45:51,64.8100,21,2
2026-01-22,601318,13:45:54,64.8300,21,1
2026-01-22,601318,13:45:57,64.8200,210,2
2026-01-22,601318,13:46:00,64.8300,79,4
2026-01-22,601318,13:46:03,64.8400,77,1
2026-01-22,601318,13:46:06,64.8200,196,2
2026-01-22,601318,13:46:09,64.8500,120,1
2026-01-22,601318,13:46:12,64.8200,78,2
2026-01-22,601318,13:46:15,64.8400,137,4
2026-01-22,601318,13:46:18,64.8200,107,2
2026-01-22,601318,13:46:21,64.8200,20,2
2026-01-22,601318,13:46:24,64.8200,31,2
2026-01-22,601318,13:46:27,64.8300,381,1
2026-01-22,601318,13:46:30,64.8500,67,1
2026-01-22,601318,13:46:33,64.8500,431,1
2026-01-22,601318,13:46:36,64.8700,286,1
2026-01-22,601318,13:46:39,64.8700,106,1
2026-01-22,601318,13:46:42,64.8600,144,2
2026-01-22,601318,13:46:45,64.8500,41,2
2026-01-22,601318,13:46:48,64.8500,64,2
2026-01-22,601318,13:46:51,64.8400,153,2
2026-01-22,601318,13:46:54,64.8400,207,2
2026-01-22,601318,13:46:57,64.8200,102,2
2026-01-22,601318,13:47:00,64.8300,100,4
2026-01-22,601318,13:47:03,64.8300,34,1
2026-01-22,601318,13:47:06,64.8500,186,1
2026-01-22,601318,13:47:09,64.8400,73,2
2026-01-22,601318,13:47:12,64.8500,67,1
2026-01-22,601318,13:47:15,64.8500,39,2
2026-01-22,601318,13:47:18,64.8500,268,1
2026-01-22,601318,13:47:21,64.8300,80,2
2026-01-22,601318,13:47:24,64.8500,84,1
2026-01-22,601318,13:47:27,64.8400,81,2
2026-01-22,601318,13:47:30,64.8400,87,2
2026-01-22,601318,13:47:33,64.8500,42,4
2026-01-22,601318,13:47:36,64.8600,56,1
2026-01-22,601318,13:47:39,64.8300,92,2
2026-01-22,601318,13:47:42,64.8400,44,4
2026-01-22,601318,13:47:45,64.8300,51,2
2026-01-22,601318,13:47:48,64.8400,161,2
2026-01-22,601318,13:47:51,64.8200,141,2
2026-01-22,601318,13:47:54,64.8200,115,2
2026-01-22,601318,13:47:57,64.8200,60,2
2026-01-22,601318,13:48:00,64.8200,109,2
2026-01-22,601318,13:48:03,64.8300,88,1
2026-01-22,601318,13:48:06,64.8400,49,1
2026-01-22,601318,13:48:09,64.8300,42,2
2026-01-22,601318,13:48:12,64.8300,77,2
2026-01-22,601318,13:48:15,64.8400,27,1
2026-01-22,601318,13:48:18,64.8200,79,2
2026-01-22,601318,13:48:21,64.8100,71,2
2026-01-22,601318,13:48:24,64.8100,24,2
2026-01-22,601318,13:48:27,64.8300,104,1
2026-01-22,601318,13:48:30,64.8300,46,2
2026-01-22,601318,13:48:33,64.8400,30,1
2026-01-22,601318,13:48:36,64.8200,32,2
2026-01-22,601318,13:48:39,64.8200,59,2
2026-01-22,601318,13:48:42,64.8300,45,1
2026-01-22,601318,13:48:45,64.8300,11,1
2026-01-22,601318,13:48:48,64.8300,123,2
2026-01-22,601318,13:48:51,64.8300,79,1
2026-01-22,601318,13:48:54,64.8400,48,4
2026-01-22,601318,13:48:57,64.8300,27,2
2026-01-22,601318,13:49:00,64.8200,78,2
2026-01-22,601318,13:49:03,64.8500,153,1
2026-01-22,601318,13:49:06,64.8200,135,2
2026-01-22,601318,13:49:09,64.8100,136,2
2026-01-22,601318,13:49:12,64.8200,74,1
2026-01-22,601318,13:49:15,64.8100,79,2
2026-01-22,601318,13:49:18,64.8100,75,2
2026-01-22,601318,13:49:21,64.8100,71,2
2026-01-22,601318,13:49:24,64.8300,23,1
2026-01-22,601318,13:49:27,64.8100,58,2
2026-01-22,601318,13:49:30,64.8000,28,2
2026-01-22,601318,13:49:33,64.8200,91,1
2026-01-22,601318,13:49:36,64.8100,64,2
2026-01-22,601318,13:49:39,64.8100,62,2
2026-01-22,601318,13:49:42,64.8400,103,1
2026-01-22,601318,13:49:45,64.8400,49,1
2026-01-22,601318,13:49:48,64.8400,61,2
2026-01-22,601318,13:49:51,64.8500,46,1
2026-01-22,601318,13:49:54,64.8400,20,4
2026-01-22,601318,13:49:57,64.8700,876,1
2026-01-22,601318,13:50:00,64.8400,68,2
2026-01-22,601318,13:50:03,64.8400,56,2
2026-01-22,601318,13:50:06,64.8400,11,2
2026-01-22,601318,13:50:09,64.8300,140,2
2026-01-22,601318,13:50:12,64.8300,95,2
2026-01-22,601318,13:50:15,64.8400,86,2
2026-01-22,601318,13:50:18,64.8400,99,1
2026-01-22,601318,13:50:21,64.8100,143,2
2026-01-22,601318,13:50:24,64.8600,25,1
2026-01-22,601318,13:50:27,64.8600,41,4
2026-01-22,601318,13:50:30,64.8500,64,2
2026-01-22,601318,13:50:33,64.8700,133,1
2026-01-22,601318,13:50:36,64.8700,39,2
2026-01-22,601318,13:50:39,64.8800,509,1
2026-01-22,601318,13:50:42,64.8800,424,1
2026-01-22,601318,13:50:45,64.8900,242,1
2026-01-22,601318,13:50:48,64.9000,334,1
2026-01-22,601318,13:50:51,64.9000,123,2
2026-01-22,601318,13:50:54,64.9200,204,1
2026-01-22,601318,13:50:57,64.9000,132,2
2026-01-22,601318,13:51:00,64.9100,84,2
2026-01-22,601318,13:51:03,64.9000,168,2
2026-01-22,601318,13:51:06,64.9000,214,2
2026-01-22,601318,13:51:09,64.8900,118,2
2026-01-22,601318,13:51:12,64.8900,100,2
2026-01-22,601318,13:51:15,64.8900,42,2
2026-01-22,601318,13:51:18,64.8900,130,2
2026-01-22,601318,13:51:21,64.8600,64,2
2026-01-22,601318,13:51:24,64.8500,97,2
2026-01-22,601318,13:51:27,64.8500,60,2
2026-01-22,601318,13:51:30,64.8500,42,2
2026-01-22,601318,13:51:33,64.8500,88,2
2026-01-22,601318,13:51:36,64.8500,31,2
2026-01-22,601318,13:51:39,64.8500,55,2
2026-01-22,601318,13:51:42,64.8500,37,2
2026-01-22,601318,13:51:45,64.8500,20,2
2026-01-22,601318,13:51:48,64.8300,98,2
2026-01-22,601318,13:51:51,64.8500,288,1
2026-01-22,601318,13:51:54,64.8300,120,2
2026-01-22,601318,13:51:57,64.8300,60,2
2026-01-22,601318,13:52:00,64.8500,39,2
2026-01-22,601318,13:52:03,64.9000,174,1
2026-01-22,601318,13:52:06,64.9000,35,2
2026-01-22,601318,13:52:09,64.9000,142,2
2026-01-22,601318,13:52:12,64.9100,113,4
2026-01-22,601318,13:52:15,64.9000,31,1
2026-01-22,601318,13:52:18,64.8600,61,2
2026-01-22,601318,13:52:21,64.8800,52,1
2026-01-22,601318,13:52:24,64.8700,141,2
2026-01-22,601318,13:52:27,64.8600,154,2
2026-01-22,601318,13:52:30,64.8600,167,2
2026-01-22,601318,13:52:33,64.8700,60,1
2026-01-22,601318,13:52:36,64.8700,58,2
2026-01-22,601318,13:52:39,64.8600,56,2
2026-01-22,601318,13:52:42,64.8700,52,4
2026-01-22,601318,13:52:45,64.8700,94,1
2026-01-22,601318,13:52:48,64.8700,19,2
2026-01-22,601318,13:52:51,64.8700,24,1
2026-01-22,601318,13:52:54,64.8600,42,2
2026-01-22,601318,13:52:57,64.8500,8,2
2026-01-22,601318,13:53:00,64.8400,58,2
2026-01-22,601318,13:53:03,64.8400,15,2
2026-01-22,601318,13:53:06,64.8400,86,2
2026-01-22,601318,13:53:09,64.8500,128,1
2026-01-22,601318,13:53:12,64.8600,72,1
2026-01-22,601318,13:53:15,64.8500,149,2
2026-01-22,601318,13:53:18,64.8600,63,4
2026-01-22,601318,13:53:21,64.8400,75,2
2026-01-22,601318,13:53:24,64.8300,27,2
2026-01-22,601318,13:53:27,64.8400,197,1
2026-01-22,601318,13:53:30,64.8200,89,2
2026-01-22,601318,13:53:33,64.8300,111,4
2026-01-22,601318,13:53:36,64.8300,64,1
2026-01-22,601318,13:53:39,64.8200,309,2
2026-01-22,601318,13:53:42,64.8400,19,1
2026-01-22,601318,13:53:45,64.8400,176,1
2026-01-22,601318,13:53:48,64.8400,219,1
2026-01-22,601318,13:53:51,64.8400,260,2
2026-01-22,601318,13:53:54,64.8700,71,1
2026-01-22,601318,13:53:57,64.8500,44,2
2026-01-22,601318,13:54:00,64.8400,107,2
2026-01-22,601318,13:54:03,64.8200,105,2
2026-01-22,601318,13:54:06,64.8300,81,2
2026-01-22,601318,13:54:09,64.8100,303,2
2026-01-22,601318,13:54:12,64.8000,139,2
2026-01-22,601318,13:54:15,64.8100,39,1
2026-01-22,601318,13:54:18,64.8000,516,2
2026-01-22,601318,13:54:21,64.8000,80,2
2026-01-22,601318,13:54:24,64.8100,378,1
2026-01-22,601318,13:54:27,64.8100,120,2
2026-01-22,601318,13:54:30,64.8100,230,2
2026-01-22,601318,13:54:33,64.8200,37,1
2026-01-22,601318,13:54:36,64.8100,56,1
2026-01-22,601318,13:54:39,64.8000,213,2
2026-01-22,601318,13:54:42,64.8100,118,4
2026-01-22,601318,13:54:45,64.8000,97,2
2026-01-22,601318,13:54:48,64.8000,113,2
2026-01-22,601318,13:54:51,64.8000,96,2
2026-01-22,601318,13:54:54,64.8000,56,2
2026-01-22,601318,13:54:57,64.8000,111,1
2026-01-22,601318,13:55:00,64.7900,84,4
2026-01-22,601318,13:55:03,64.7800,144,2
2026-01-22,601318,13:55:06,64.7900,43,1
2026-01-22,601318,13:55:09,64.7800,130,2
2026-01-22,601318,13:55:12,64.7700,99,2
2026-01-22,601318,13:55:15,64.7800,66,1
2026-01-22,601318,13:55:18,64.7800,326,1
2026-01-22,601318,13:55:21,64.7700,292,2
2026-01-22,601318,13:55:24,64.7700,91,1
2026-01-22,601318,13:55:27,64.7600,235,2
2026-01-22,601318,13:55:30,64.7600,73,2
2026-01-22,601318,13:55:33,64.7600,165,2
2026-01-22,601318,13:55:36,64.7500,27,2
2026-01-22,601318,13:55:39,64.7600,148,1
2026-01-22,601318,13:55:42,64.7600,79,1
2026-01-22,601318,13:55:45,64.7700,369,4
2026-01-22,601318,13:55:48,64.7500,152,2
2026-01-22,601318,13:55:51,64.7500,191,2
2026-01-22,601318,13:55:54,64.7600,77,1
2026-01-22,601318,13:55:57,64.7500,79,2
2026-01-22,601318,13:56:00,64.7500,133,2
2026-01-22,601318,13:56:03,64.7600,28,1
2026-01-22,601318,13:56:06,64.7600,145,1
2026-01-22,601318,13:56:09,64.7600,72,2
2026-01-22,601318,13:56:12,64.7600,77,2
2026-01-22,601318,13:56:15,64.7700,91,1
2026-01-22,601318,13:56:18,64.7700,88,2
2026-01-22,601318,13:56:21,64.7700,121,2
2026-01-22,601318,13:56:24,64.7700,145,2
2026-01-22,601318,13:56:27,64.7800,200,2
2026-01-22,601318,13:56:30,64.7800,163,1
2026-01-22,601318,13:56:33,64.7700,40,2
2026-01-22,601318,13:56:36,64.7600,78,2
2026-01-22,601318,13:56:39,64.7700,50,1
2026-01-22,601318,13:56:42,64.7700,96,2
2026-01-22,601318,13:56:45,64.7600,54,2
2026-01-22,601318,13:56:48,64.7700,113,1
2026-01-22,601318,13:56:51,64.7700,100,2
2026-01-22,601318,13:56:54,64.7700,114,1
2026-01-22,601318,13:56:57,64.7600,71,2
2026-01-22,601318,13:57:00,64.7700,128,1
2026-01-22,601318,13:57:03,64.7700,70,1
2026-01-22,601318,13:57:06,64.7600,61,2
2026-01-22,601318,13:57:09,64.7500,211,2
2026-01-22,601318,13:57:12,64.7600,158,1
2026-01-22,601318,13:57:15,64.7700,84,1
2026-01-22,601318,13:57:18,64.7400,86,2
2026-01-22,601318,13:57:21,64.7600,76,1
2026-01-22,601318,13:57:24,64.7600,242,2
2026-01-22,601318,13:57:27,64.7700,97,1
2026-01-22,601318,13:57:30,64.7700,220,2
2026-01-22,601318,13:57:33,64.7700,198,2
2026-01-22,601318,13:57:36,64.7800,56,2
2026-01-22,601318,13:57:39,64.7800,167,2
2026-01-22,601318,13:57:42,64.7900,25,4
2026-01-22,601318,13:57:45,64.7800,168,2
2026-01-22,601318,13:57:48,64.7900,22,1
2026-01-22,601318,13:57:51,64.7900,178,2
2026-01-22,601318,13:57:54,64.7900,185,2
2026-01-22,601318,13:57:57,64.7800,139,2
2026-01-22,601318,13:58:00,64.7700,244,2
2026-01-22,601318,13:58:03,64.7700,65,2
2026-01-22,601318,13:58:06,64.7800,288,1
2026-01-22,601318,13:58:09,64.7600,380,2
2026-01-22,601318,13:58:12,64.7700,76,2
2026-01-22,601318,13:58:15,64.7500,135,2
2026-01-22,601318,13:58:18,64.7600,137,4
2026-01-22,601318,13:58:21,64.7500,265,2
2026-01-22,601318,13:58:24,64.7500,24,4
2026-01-22,601318,13:58:27,64.7600,279,4
2026-01-22,601318,13:58:30,64.7600,118,2
2026-01-22,601318,13:58:33,64.7500,97,2
2026-01-22,601318,13:58:36,64.7500,48,2
2026-01-22,601318,13:58:39,64.7600,38,1
2026-01-22,601318,13:58:42,64.7800,127,1
2026-01-22,601318,13:58:45,64.7700,50,2
2026-01-22,601318,13:58:48,64.7700,43,1
2026-01-22,601318,13:58:51,64.7600,80,2
2026-01-22,601318,13:58:54,64.7600,37,2
2026-01-22,601318,13:58:57,64.7600,82,2
2026-01-22,601318,13:59:00,64.7700,68,4
2026-01-22,601318,13:59:03,64.7900,56,1
2026-01-22,601318,13:59:06,64.7700,51,2
2026-01-22,601318,13:59:09,64.7600,81,2
2026-01-22,601318,13:59:12,64.7800,41,1
2026-01-22,601318,13:59:15,64.7600,108,2
2026-01-22,601318,13:59:18,64.7700,100,2
2026-01-22,601318,13:59:21,64.7800,163,1
2026-01-22,601318,13:59:24,64.7800,66,1
2026-01-22,601318,13:59:27,64.7900,155,1
2026-01-22,601318,13:59:30,64.7700,135,2
2026-01-22,601318,13:59:33,64.7800,27,1
2026-01-22,601318,13:59:36,64.7700,39,2
2026-01-22,601318,13:59:39,64.7800,31,1
2026-01-22,601318,13:59:42,64.7700,115,2
2026-01-22,601318,13:59:45,64.7900,14,1
2026-01-22,601318,13:59:48,64.7700,93,2
2026-01-22,601318,13:59:51,64.8000,153,1
2026-01-22,601318,13:59:54,64.7900,68,2
2026-01-22,601318,13:59:57,64.7800,63,2
2026-01-22,601318,14:00:00,64.7800,106,2
2026-01-22,601318,14:00:03,64.7900,137,1
2026-01-22,601318,14:00:06,64.8000,59,1
2026-01-22,601318,14:00:09,64.7900,95,2
2026-01-22,601318,14:00:12,64.7800,84,2
2026-01-22,601318,14:00:15,64.7900,502,1
2026-01-22,601318,14:00:18,64.8000,228,1
2026-01-22,601318,14:00:21,64.7800,66,2
2026-01-22,601318,14:00:24,64.7900,64,1
2026-01-22,601318,14:00:27,64.7600,75,2
2026-01-22,601318,14:00:30,64.7800,33,2
2026-01-22,601318,14:00:33,64.7900,55,1
2026-01-22,601318,14:00:36,64.7900,46,1
2026-01-22,601318,14:00:39,64.7700,84,2
2026-01-22,601318,14:00:42,64.7800,141,4
2026-01-22,601318,14:00:45,64.7900,115,4
2026-01-22,601318,14:00:48,64.7900,35,4
2026-01-22,601318,14:00:51,64.7800,81,2
2026-01-22,601318,14:00:54,64.7900,46,1
2026-01-22,601318,14:00:57,64.7700,104,2
2026-01-22,601318,14:01:00,64.7700,126,2
2026-01-22,601318,14:01:03,64.7800,91,2
2026-01-22,601318,14:01:06,64.7800,79,1
2026-01-22,601318,14:01:09,64.7600,466,2
2026-01-22,601318,14:01:12,64.7800,96,2
2026-01-22,601318,14:01:15,64.7700,31,2
2026-01-22,601318,14:01:18,64.7600,404,2
2026-01-22,601318,14:01:21,64.7600,160,2
2026-01-22,601318,14:01:24,64.7500,376,2
2026-01-22,601318,14:01:27,64.7500,388,2
2026-01-22,601318,14:01:30,64.7500,74,2
2026-01-22,601318,14:01:33,64.7700,189,1
2026-01-22,601318,14:01:36,64.7700,242,1
2026-01-22,601318,14:01:39,64.7600,102,2
2026-01-22,601318,14:01:42,64.7800,76,1
2026-01-22,601318,14:01:45,64.7700,97,2
2026-01-22,601318,14:01:48,64.7600,55,2
2026-01-22,601318,14:01:51,64.7600,101,2
2026-01-22,601318,14:01:54,64.7800,55,1
2026-01-22,601318,14:01:57,64.7800,188,2
2026-01-22,601318,14:02:00,64.8000,93,1
2026-01-22,601318,14:02:03,64.7800,22,2
2026-01-22,601318,14:02:06,64.7800,64,2
2026-01-22,601318,14:02:09,64.7800,82,1
2026-01-22,601318,14:02:12,64.7700,48,2
2026-01-22,601318,14:02:15,64.7900,87,1
2026-01-22,601318,14:02:18,64.7900,265,2
2026-01-22,601318,14:02:21,64.7900,51,1
2026-01-22,601318,14:02:24,64.7900,193,1
2026-01-22,601318,14:02:27,64.7800,102,2
2026-01-22,601318,14:02:30,64.7900,156,1
2026-01-22,601318,14:02:33,64.7800,38,2
2026-01-22,601318,14:02:36,64.7700,35,2
2026-01-22,601318,14:02:39,64.7600,112,2
2026-01-22,601318,14:02:42,64.7700,111,1
2026-01-22,601318,14:02:45,64.7700,127,2
2026-01-22,601318,14:02:48,64.7800,185,1
2026-01-22,601318,14:02:51,64.7700,571,2
2026-01-22,601318,14:02:54,64.7800,206,1
2026-01-22,601318,14:02:57,64.7700,98,4
2026-01-22,601318,14:03:00,64.7700,141,2
2026-01-22,601318,14:03:03,64.7800,180,1
2026-01-22,601318,14:03:06,64.7700,47,2
2026-01-22,601318,14:03:09,64.7900,63,1
2026-01-22,601318,14:03:12,64.7700,71,2
2026-01-22,601318,14:03:15,64.7700,45,2
2026-01-22,601318,14:03:18,64.7700,48,2
2026-01-22,601318,14:03:21,64.7700,94,2
2026-01-22,601318,14:03:24,64.7700,86,1
2026-01-22,601318,14:03:27,64.7600,249,2
2026-01-22,601318,14:03:30,64.7700,136,2
2026-01-22,601318,14:03:33,64.7600,130,2
2026-01-22,601318,14:03:36,64.7500,234,2
2026-01-22,601318,14:03:39,64.7500,138,2
2026-01-22,601318,14:03:42,64.7500,91,2
2026-01-22,601318,14:03:45,64.7500,39,1
2026-01-22,601318,14:03:48,64.7500,272,1
2026-01-22,601318,14:03:51,64.7500,126,1
2026-01-22,601318,14:03:54,64.7500,24,1
2026-01-22,601318,14:03:57,64.7600,200,1
2026-01-22,601318,14:04:00,64.7500,600,2
2026-01-22,601318,14:04:03,64.7500,21,1
2026-01-22,601318,14:04:06,64.7500,79,1
2026-01-22,601318,14:04:09,64.7400,186,2
2026-01-22,601318,14:04:12,64.7400,73,2
2026-01-22,601318,14:04:15,64.7400,200,2
2026-01-22,601318,14:04:18,64.7300,67,2
2026-01-22,601318,14:04:21,64.7300,303,2
2026-01-22,601318,14:04:24,64.7200,1086,2
2026-01-22,601318,14:04:27,64.7100,98,2
2026-01-22,601318,14:04:30,64.7100,2111,2
2026-01-22,601318,14:04:33,64.7200,30,4
2026-01-22,601318,14:04:36,64.7300,162,1
2026-01-22,601318,14:04:39,64.7100,163,2
2026-01-22,601318,14:04:42,64.7300,108,1
2026-01-22,601318,14:04:45,64.7300,148,1
2026-01-22,601318,14:04:48,64.7300,78,2
2026-01-22,601318,14:04:51,64.7400,104,1
2026-01-22,601318,14:04:54,64.7300,131,2
2026-01-22,601318,14:04:57,64.7300,98,2
2026-01-22,601318,14:05:00,64.7400,95,2
2026-01-22,601318,14:05:03,64.7200,133,2
2026-01-22,601318,14:05:06,64.7200,102,2
2026-01-22,601318,14:05:09,64.7100,159,2
2026-01-22,601318,14:05:12,64.7200,180,1
2026-01-22,601318,14:05:15,64.7200,87,1
2026-01-22,601318,14:05:18,64.7000,423,2
2026-01-22,601318,14:05:21,64.7100,88,2
2026-01-22,601318,14:05:24,64.7200,88,2
2026-01-22,601318,14:05:27,64.7100,95,2
2026-01-22,601318,14:05:30,64.7100,131,2
2026-01-22,601318,14:05:33,64.7200,129,1
2026-01-22,601318,14:05:36,64.7200,91,1
2026-01-22,601318,14:05:39,64.7100,45,1
2026-01-22,601318,14:05:42,64.7000,481,2
2026-01-22,601318,14:05:45,64.7100,61,1
2026-01-22,601318,14:05:48,64.7000,412,2
2026-01-22,601318,14:05:51,64.7000,241,2
2026-01-22,601318,14:05:54,64.7000,90,1
2026-01-22,601318,14:05:57,64.7300,754,1
2026-01-22,601318,14:06:00,64.7200,181,1
2026-01-22,601318,14:06:03,64.7200,113,1
2026-01-22,601318,14:06:06,64.7300,67,1
2026-01-22,601318,14:06:09,64.7200,112,2
2026-01-22,601318,14:06:12,64.7300,101,1
2026-01-22,601318,14:06:15,64.7200,9,2
2026-01-22,601318,14:06:18,64.7200,62,1
2026-01-22,601318,14:06:21,64.7100,80,2
2026-01-22,601318,14:06:24,64.7100,205,2
2026-01-22,601318,14:06:27,64.7200,157,1
2026-01-22,601318,14:06:30,64.7200,199,2
2026-01-22,601318,14:06:33,64.7100,195,4
2026-01-22,601318,14:06:36,64.7000,30,2
2026-01-22,601318,14:06:39,64.6900,165,2
2026-01-22,601318,14:06:42,64.7100,54,2
2026-01-22,601318,14:06:45,64.7200,29,1
2026-01-22,601318,14:06:48,64.7100,115,2
2026-01-22,601318,14:06:51,64.7000,45,2
2026-01-22,601318,14:06:54,64.7100,45,4
2026-01-22,601318,14:06:57,64.7200,219,1
2026-01-22,601318,14:07:00,64.7200,238,2
2026-01-22,601318,14:07:03,64.7300,222,1
2026-01-22,601318,10:57:09,65.2000,62,2
2026-01-22,601318,10:57:12,65.2100,27,1
2026-01-22,601318,10:57:15,65.2000,26,1
2026-01-22,601318,10:57:18,65.2000,72,2
2026-01-22,601318,10:57:21,65.2000,18,1
2026-01-22,601318,10:57:24,65.2000,19,1
2026-01-22,601318,10:57:27,65.1900,41,2
2026-01-22,601318,10:57:30,65.2000,49,1
2026-01-22,601318,10:57:33,65.1900,123,2
2026-01-22,601318,10:57:36,65.1900,23,2
2026-01-22,601318,10:57:39,65.1900,69,2
2026-01-22,601318,10:57:42,65.1900,19,1
2026-01-22,601318,10:57:45,65.1800,44,2
2026-01-22,601318,10:57:48,65.1800,174,2
2026-01-22,601318,10:57:51,65.1800,54,2
2026-01-22,601318,10:57:54,65.1800,159,2
2026-01-22,601318,10:57:57,65.1800,105,1
2026-01-22,601318,10:58:00,65.1700,71,4
2026-01-22,601318,10:58:03,65.1600,58,2
2026-01-22,601318,10:58:06,65.1700,133,4
2026-01-22,601318,10:58:09,65.1700,68,2
2026-01-22,601318,10:58:12,65.1600,52,2
2026-01-22,601318,10:58:15,65.1700,102,1
2026-01-22,601318,10:58:18,65.1600,37,2
2026-01-22,601318,10:58:21,65.1800,59,1
2026-01-22,601318,10:58:24,65.1700,36,4
2026-01-22,601318,10:58:27,65.1700,61,2
2026-01-22,601318,10:58:30,65.1800,45,1
2026-01-22,601318,10:58:33,65.1800,48,1
2026-01-22,601318,10:58:36,65.1800,28,1
2026-01-22,601318,10:58:39,65.1800,553,1
2026-01-22,601318,10:58:42,65.2000,29,1
2026-01-22,601318,10:58:45,65.2100,214,1
2026-01-22,601318,10:58:48,65.2200,270,1
2026-01-22,601318,10:58:51,65.2000,115,2
2026-01-22,601318,10:58:54,65.2000,7,1
2026-01-22,601318,10:58:57,65.1800,79,2
2026-01-22,601318,10:59:00,65.2000,64,1
2026-01-22,601318,10:59:03,65.2000,42,2
2026-01-22,601318,10:59:06,65.2000,20,1
2026-01-22,601318,10:59:09,65.1900,120,2
2026-01-22,601318,10:59:12,65.2000,117,2
2026-01-22,601318,10:59:15,65.2000,22,1
2026-01-22,601318,10:59:18,65.2000,54,1
2026-01-22,601318,10:59:21,65.2000,22,1
2026-01-22,601318,10:59:24,65.2000,6,1
2026-01-22,601318,10:59:27,65.1800,32,2
2026-01-22,601318,10:59:30,65.1700,57,2
2026-01-22,601318,10:59:33,65.1900,85,1
2026-01-22,601318,10:59:36,65.1800,58,2
2026-01-22,601318,10:59:39,65.1800,72,2
2026-01-22,601318,10:59:42,65.1900,62,1
2026-01-22,601318,10:59:45,65.1900,13,1
2026-01-22,601318,10:59:48,65.2000,94,1
2026-01-22,601318,10:59:51,65.1900,160,4
2026-01-22,601318,10:59:54,65.1900,68,1
2026-01-22,601318,10:59:57,65.1800,72,2
2026-01-22,601318,11:00:00,65.2000,47,1
2026-01-22,601318,11:00:03,65.1700,89,2
2026-01-22,601318,11:00:06,65.1700,282,2
2026-01-22,601318,11:00:09,65.1700,389,2
2026-01-22,601318,11:00:12,65.1700,181,1
2026-01-22,601318,11:00:15,65.1700,438,1
2026-01-22,601318,11:00:18,65.1800,174,1
2026-01-22,601318,11:00:21,65.1800,135,2
2026-01-22,601318,11:00:24,65.1800,67,2
2026-01-22,601318,11:00:27,65.1800,68,2
2026-01-22,601318,11:00:30,65.1800,27,4
2026-01-22,601318,11:00:33,65.1800,18,1
2026-01-22,601318,11:00:36,65.1800,109,1
2026-01-22,601318,11:00:39,65.1900,167,1
2026-01-22,601318,11:00:42,65.2000,18,1
2026-01-22,601318,11:00:45,65.2000,368,1
2026-01-22,601318,11:00:48,65.2000,53,1
2026-01-22,601318,11:00:51,65.1700,309,2
2026-01-22,601318,11:00:54,65.1700,40,1
2026-01-22,601318,11:00:57,65.1600,157,2
2026-01-22,601318,11:01:00,65.1600,96,2
2026-01-22,601318,11:01:03,65.1700,37,1
2026-01-22,601318,11:01:06,65.1500,953,2
2026-01-22,601318,11:01:09,65.1500,297,2
2026-01-22,601318,11:01:12,65.1600,429,1
2026-01-22,601318,11:01:15,65.1500,243,2
2026-01-22,601318,11:01:18,65.1500,138,1
2026-01-22,601318,11:01:21,65.1300,518,2
2026-01-22,601318,11:01:24,65.1300,158,2
2026-01-22,601318,11:01:27,65.1300,441,2
2026-01-22,601318,11:01:30,65.1200,930,2
2026-01-22,601318,11:01:33,65.1200,265,1
2026-01-22,601318,11:01:36,65.1100,161,2
2026-01-22,601318,11:01:39,65.1000,770,2
2026-01-22,601318,11:01:42,65.1000,83,2
2026-01-22,601318,11:01:45,65.1000,348,2
2026-01-22,601318,11:01:48,65.1000,90,2
2026-01-22,601318,11:01:51,65.0900,265,2
2026-01-22,601318,11:01:54,65.0900,466,2
2026-01-22,601318,11:01:57,65.1000,241,1
2026-01-22,601318,11:02:00,65.0900,312,2
2026-01-22,601318,11:02:03,65.0800,123,2
2026-01-22,601318,11:02:06,65.0900,602,1
2026-01-22,601318,11:02:09,65.0800,110,2
2026-01-22,601318,11:02:12,65.1200,1383,1
2026-01-22,601318,11:02:15,65.1200,401,1
2026-01-22,601318,11:02:18,65.1200,680,1
2026-01-22,601318,11:02:21,65.1400,323,1
2026-01-22,601318,11:02:24,65.1400,150,1
2026-01-22,601318,11:02:27,65.1400,386,2
2026-01-22,601318,11:02:30,65.1600,286,1
2026-01-22,601318,11:02:33,65.1500,37,2
2026-01-22,601318,11:02:36,65.1400,97,2
2026-01-22,601318,11:02:39,65.1500,113,1
2026-01-22,601318,11:02:42,65.1500,102,2
2026-01-22,601318,11:02:45,65.1600,141,1
2026-01-22,601318,11:02:48,65.1800,281,1
2026-01-22,601318,11:02:51,65.1700,210,2
2026-01-22,601318,11:02:54,65.1900,83,1
2026-01-22,601318,11:02:57,65.1900,258,1
2026-01-22,601318,11:03:00,65.2200,496,1
2026-01-22,601318,11:03:03,65.2100,137,2
2026-01-22,601318,11:03:06,65.2100,168,2
2026-01-22,601318,11:03:09,65.1800,124,2
2026-01-22,601318,11:03:12,65.2200,62,1
2026-01-22,601318,11:03:15,65.2100,46,1
2026-01-22,601318,11:03:18,65.2000,66,2
2026-01-22,601318,11:03:21,65.1900,8,1
2026-01-22,601318,11:03:24,65.1800,18,2
2026-01-22,601318,11:03:27,65.1900,16,2
2026-01-22,601318,11:03:30,65.2000,200,1
2026-01-22,601318,11:03:33,65.2000,111,1
2026-01-22,601318,11:03:36,65.2000,109,2
2026-01-22,601318,11:03:39,65.2100,80,1
2026-01-22,601318,11:03:42,65.2000,110,2
2026-01-22,601318,11:03:45,65.1900,83,2
2026-01-22,601318,11:03:48,65.2000,99,1
2026-01-22,601318,11:03:51,65.1900,54,2
2026-01-22,601318,11:03:54,65.1800,153,2
2026-01-22,601318,11:03:57,65.1800,127,1
2026-01-22,601318,11:04:00,65.1700,117,2
2026-01-22,601318,11:04:03,65.1800,93,1
2026-01-22,601318,11:04:06,65.1700,118,2
2026-01-22,601318,11:04:09,65.2100,587,1
2026-01-22,601318,11:04:12,65.2100,164,1
2026-01-22,601318,11:04:15,65.2100,151,2
2026-01-22,601318,11:04:18,65.2000,183,2
2026-01-22,601318,11:04:21,65.2000,127,2
2026-01-22,601318,11:04:24,65.2200,308,1
2026-01-22,601318,11:04:27,65.2000,361,2
2026-01-22,601318,11:04:30,65.2100,120,2
2026-01-22,601318,11:04:33,65.2000,120,2
2026-01-22,601318,11:04:36,65.2000,119,2
2026-01-22,601318,11:04:39,65.2000,104,1
2026-01-22,601318,11:04:42,65.1900,78,2
2026-01-22,601318,11:04:45,65.2100,54,1
2026-01-22,601318,11:04:48,65.2000,729,2
2026-01-22,601318,11:04:51,65.2000,160,1
2026-01-22,601318,11:04:54,65.2000,41,1
2026-01-22,601318,11:04:57,65.1900,570,2
2026-01-22,601318,11:05:00,65.2100,1560,1
2026-01-22,601318,11:05:03,65.2100,714,1
2026-01-22,601318,11:05:06,65.2000,819,2
2026-01-22,601318,11:05:09,65.2000,719,2
2026-01-22,601318,11:05:12,65.1900,62,4
2026-01-22,601318,11:05:15,65.1800,194,2
2026-01-22,601318,11:05:18,65.2000,429,1
2026-01-22,601318,11:05:21,65.2000,137,1
2026-01-22,601318,11:05:24,65.1900,40,1
2026-01-22,601318,11:05:27,65.2000,93,1
2026-01-22,601318,11:05:30,65.1900,59,2
2026-01-22,601318,11:05:33,65.1900,40,2
2026-01-22,601318,11:05:36,65.2000,221,1
2026-01-22,601318,11:05:39,65.1900,58,2
2026-01-22,601318,11:05:42,65.2000,61,1
2026-01-22,601318,11:05:45,65.2000,43,1
2026-01-22,601318,11:05:48,65.1900,364,2
2026-01-22,601318,11:05:51,65.2100,78,1
2026-01-22,601318,11:05:54,65.2100,119,2
2026-01-22,601318,11:05:57,65.2500,183,1
2026-01-22,601318,11:06:00,65.2200,162,2
2026-01-22,601318,11:06:03,65.2100,446,2
2026-01-22,601318,11:06:06,65.2000,150,2
2026-01-22,601318,11:06:09,65.2000,37,2
2026-01-22,601318,11:06:12,65.2000,153,1
2026-01-22,601318,11:06:15,65.1900,276,1
2026-01-22,601318,11:06:18,65.1900,86,1
2026-01-22,601318,11:06:21,65.1800,97,2
2026-01-22,601318,11:06:24,65.1800,97,1
2026-01-22,601318,11:06:27,65.1700,190,2
2026-01-22,601318,11:06:30,65.1900,103,1
2026-01-22,601318,11:06:33,65.1700,41,2
2026-01-22,601318,11:06:36,65.1600,824,2
2026-01-22,601318,11:06:39,65.1600,176,2
2026-01-22,601318,11:06:42,65.1600,305,2
2026-01-22,601318,11:06:45,65.1600,85,1
2026-01-22,601318,11:06:48,65.1300,158,2
2026-01-22,601318,11:06:51,65.1300,96,2
2026-01-22,601318,11:06:54,65.1300,30,1
2026-01-22,601318,11:06:57,65.1100,57,2
2026-01-22,601318,11:07:00,65.1200,143,1
2026-01-22,601318,11:07:03,65.1300,426,1
2026-01-22,601318,11:07:06,65.1400,82,1
2026-01-22,601318,11:07:09,65.1300,63,2
2026-01-22,601318,11:07:12,65.1300,187,2
2026-01-22,601318,11:07:15,65.1300,155,1
2026-01-22,601318,11:07:18,65.1200,188,2
2026-01-22,601318,11:07:21,65.1200,87,2
2026-01-22,601318,11:07:24,65.1200,235,2
2026-01-22,601318,11:07:27,65.1100,57,2
2026-01-22,601318,11:07:30,65.1200,50,1
2026-01-22,601318,11:07:33,65.1100,254,2
2026-01-22,601318,11:07:36,65.1200,31,1
2026-01-22,601318,11:07:39,65.1000,163,2
2026-01-22,601318,11:07:42,65.1000,53,1
2026-01-22,601318,11:07:45,65.1000,59,1
2026-01-22,601318,11:07:48,65.0900,369,2
2026-01-22,601318,11:07:51,65.1000,280,1
2026-01-22,601318,11:07:54,65.0900,405,2
2026-01-22,601318,11:07:57,65.0900,294,1
2026-01-22,601318,11:08:00,65.0800,68,2
2026-01-22,601318,11:08:03,65.0800,197,2
2026-01-22,601318,11:08:06,65.0900,84,1
2026-01-22,601318,11:08:09,65.1400,1573,1
2026-01-22,601318,11:08:12,65.1400,249,2
2026-01-22,601318,11:08:15,65.1600,83,2
2026-01-22,601318,11:08:18,65.1700,169,2
2026-01-22,601318,11:08:21,65.1700,150,2
2026-01-22,601318,11:08:24,65.1500,76,2
2026-01-22,601318,11:08:27,65.1500,123,2
2026-01-22,601318,11:08:30,65.1400,57,2
2026-01-22,601318,11:08:33,65.1300,151,2
2026-01-22,601318,11:08:36,65.1300,30,1
2026-01-22,601318,11:08:39,65.1200,129,2
2026-01-22,601318,11:08:42,65.1100,44,2
2026-01-22,601318,11:08:45,65.1300,15,1
2026-01-22,601318,11:08:48,65.1400,185,1
2026-01-22,601318,11:08:51,65.1700,55,1
2026-01-22,601318,11:08:54,65.1700,38,1
2026-01-22,601318,11:08:57,65.1700,225,1
2026-01-22,601318,11:09:00,65.1600,87,2
2026-01-22,601318,11:09:03,65.1600,57,1
2026-01-22,601318,11:09:06,65.1600,39,1
2026-01-22,601318,11:09:09,65.1400,51,2
2026-01-22,601318,11:09:12,65.1500,38,1
2026-01-22,601318,11:09:15,65.1600,45,1
2026-01-22,601318,11:09:18,65.1500,66,2
2026-01-22,601318,11:09:21,65.1600,113,1
2026-01-22,601318,11:09:24,65.1600,42,2
2026-01-22,601318,11:09:27,65.1500,57,2
2026-01-22,601318,11:09:30,65.1600,46,2
2026-01-22,601318,11:09:33,65.1600,24,2
2026-01-22,601318,11:09:36,65.1600,66,1
2026-01-22,601318,11:09:39,65.1600,39,1
2026-01-22,601318,11:09:42,65.1500,36,2
2026-01-22,601318,11:09:45,65.1500,20,1
2026-01-22,601318,11:09:48,65.1600,43,4
2026-01-22,601318,11:09:51,65.1500,21,2
2026-01-22,601318,11:09:54,65.1700,27,1
2026-01-22,601318,11:09:57,65.1400,57,2
2026-01-22,601318,11:10:00,65.1400,48,2
2026-01-22,601318,11:10:03,65.1400,193,2
2026-01-22,601318,11:10:06,65.1300,408,2
2026-01-22,601318,11:10:09,65.1200,94,2
2026-01-22,601318,11:10:12,65.1300,85,1
2026-01-22,601318,11:10:15,65.1300,155,1
2026-01-22,601318,11:10:18,65.1300,124,1
2026-01-22,601318,11:10:21,65.1200,535,2
2026-01-22,601318,11:10:24,65.1200,253,2
2026-01-22,601318,11:10:27,65.1300,51,4
2026-01-22,601318,11:10:30,65.1500,944,1
2026-01-22,601318,11:10:33,65.1400,315,2
2026-01-22,601318,11:10:36,65.1500,97,1
2026-01-22,601318,11:10:39,65.1600,183,1
2026-01-22,601318,11:10:42,65.1600,24,1
2026-01-22,601318,11:10:45,65.1700,73,1
2026-01-22,601318,11:10:48,65.1700,195,1
2026-01-22,601318,11:10:51,65.1700,33,4
2026-01-22,601318,11:10:54,65.1700,56,1
2026-01-22,601318,11:10:57,65.1700,97,2
2026-01-22,601318,11:11:00,65.1600,285,2
2026-01-22,601318,11:11:03,65.1500,162,2
2026-01-22,601318,11:11:06,65.1600,41,1
2026-01-22,601318,11:11:09,65.1600,519,1
2026-01-22,601318,11:11:12,65.1700,4,4
2026-01-22,601318,11:11:15,65.1700,32,2
2026-01-22,601318,11:11:18,65.1700,99,2
2026-01-22,601318,11:11:21,65.1700,23,1
2026-01-22,601318,11:11:24,65.1700,81,2
2026-01-22,601318,11:11:27,65.1800,16,1
2026-01-22,601318,11:11:30,65.1800,61,1
2026-01-22,601318,11:11:33,65.1700,90,2
2026-01-22,601318,11:11:36,65.1700,200,2
2026-01-22,601318,11:11:39,65.1700,126,2
2026-01-22,601318,11:11:42,65.1600,131,2
2026-01-22,601318,11:11:45,65.1500,280,2
2026-01-22,601318,11:11:48,65.1500,197,2
2026-01-22,601318,11:11:51,65.1500,193,1
2026-01-22,601318,11:11:54,65.1500,235,1
2026-01-22,601318,11:11:57,65.1200,194,2
2026-01-22,601318,11:12:00,65.1200,184,2
2026-01-22,601318,11:12:03,65.1200,538,2
2026-01-22,601318,11:12:06,65.1000,303,2
2026-01-22,601318,11:12:09,65.1000,248,1
2026-01-22,601318,11:12:12,65.1100,668,1
2026-01-22,601318,11:12:15,65.1100,97,2
2026-01-22,601318,11:12:18,65.1100,242,2
2026-01-22,601318,11:12:21,65.0800,181,2
2026-01-22,601318,11:12:24,65.0800,1854,2
2026-01-22,601318,11:12:27,65.0900,349,1
2026-01-22,601318,11:12:30,65.0800,488,2
2026-01-22,601318,11:12:33,65.0700,340,2
2026-01-22,601318,11:12:36,65.0700,753,2
2026-01-22,601318,11:12:39,65.0700,1732,1
2026-01-22,601318,11:12:42,65.0700,620,1
2026-01-22,601318,11:12:45,65.0900,546,1
2026-01-22,601318,11:12:48,65.0800,527,4
2026-01-22,601318,11:12:51,65.0900,188,1
2026-01-22,601318,11:12:54,65.0700,385,2
2026-01-22,601318,11:12:57,65.0700,703,2
2026-01-22,601318,11:13:00,65.0500,468,2
2026-01-22,601318,11:13:03,65.0500,236,2
2026-01-22,601318,11:13:06,65.0600,223,1
2026-01-22,601318,11:13:09,65.0800,589,1
2026-01-22,601318,11:13:12,65.0500,349,2
2026-01-22,601318,11:13:15,65.0500,565,2
2026-01-22,601318,11:13:18,65.0800,155,1
2026-01-22,601318,11:13:21,65.0600,146,2
2026-01-22,601318,11:13:24,65.0600,86,2
2026-01-22,601318,11:13:27,65.0600,118,2
2026-01-22,601318,11:13:30,65.0700,149,4
2026-01-22,601318,11:13:33,65.0700,162,2
2026-01-22,601318,11:13:36,65.0700,122,2
2026-01-22,601318,11:13:39,65.0800,268,1
2026-01-22,601318,11:13:42,65.0800,173,2
2026-01-22,601318,11:13:45,65.0600,110,2
2026-01-22,601318,11:13:48,65.0600,205,2
2026-01-22,601318,11:13:51,65.0700,542,1
2026-01-22,601318,11:13:54,65.0700,81,1
2026-01-22,601318,11:13:57,65.0700,135,2
2026-01-22,601318,11:14:00,65.0700,170,2
2026-01-22,601318,11:14:03,65.0800,102,2
2026-01-22,601318,11:14:06,65.0700,129,2
2026-01-22,601318,11:14:09,65.0600,147,2
2026-01-22,601318,11:14:12,65.0800,77,1
2026-01-22,601318,11:14:15,65.0600,127,2
2026-01-22,601318,11:14:18,65.0700,66,4
2026-01-22,601318,11:14:21,65.0600,98,2
2026-01-22,601318,11:14:24,65.0800,280,1
2026-01-22,601318,11:14:27,65.1000,131,1
2026-01-22,601318,11:14:30,65.1000,31,2
2026-01-22,601318,11:14:33,65.1500,153,1
2026-01-22,601318,11:14:36,65.1100,129,2
2026-01-22,601318,11:14:39,65.1500,68,1
2026-01-22,601318,11:14:42,65.1500,5,1
2026-01-22,601318,11:14:45,65.1600,203,1
2026-01-22,601318,11:14:48,65.1500,47,2
2026-01-22,601318,11:14:51,65.1500,86,2
2026-01-22,601318,11:14:54,65.1700,126,1
2026-01-22,601318,11:14:57,65.1800,323,1
2026-01-22,601318,11:15:00,65.1900,237,1
2026-01-22,601318,11:15:03,65.1800,84,2
2026-01-22,601318,11:15:06,65.1700,124,2
2026-01-22,601318,11:15:09,65.1800,199,1
2026-01-22,601318,11:15:12,65.1500,286,2
2026-01-22,601318,11:15:15,65.1300,248,2
2026-01-22,601318,11:15:18,65.0800,122,2
2026-01-22,601318,11:15:21,65.0700,151,2
2026-01-22,601318,11:15:24,65.0700,216,2
2026-01-22,601318,11:15:27,65.1000,241,1
2026-01-22,601318,11:15:30,65.1000,58,2
2026-01-22,601318,11:15:33,65.0600,368,2
2026-01-22,601318,11:15:36,65.0900,196,4
2026-01-22,601318,11:15:39,65.0600,287,2
2026-01-22,601318,11:15:42,65.0500,238,2
2026-01-22,601318,11:15:45,65.0600,265,4
2026-01-22,601318,11:15:48,65.0600,718,2
2026-01-22,601318,11:15:51,65.0700,282,4
2026-01-22,601318,11:15:54,65.0700,53,2
2026-01-22,601318,11:15:57,65.1000,238,1
2026-01-22,601318,11:16:00,65.1000,147,2
2026-01-22,601318,11:16:03,65.1000,155,2
2026-01-22,601318,11:16:06,65.1000,122,2
2026-01-22,601318,11:16:09,65.1000,83,1
2026-01-22,601318,11:16:12,65.1000,358,2
2026-01-22,601318,11:16:15,65.1300,174,1
2026-01-22,601318,11:16:18,65.1600,103,1
2026-01-22,601318,11:16:21,65.1500,196,2
2026-01-22,601318,11:16:24,65.1300,27,2
2026-01-22,601318,11:16:27,65.1400,98,4
2026-01-22,601318,11:16:30,65.1500,121,1
2026-01-22,601318,11:16:33,65.1700,94,1
2026-01-22,601318,11:16:36,65.1700,138,1
2026-01-22,601318,11:16:39,65.1700,229,2
2026-01-22,601318,11:16:42,65.1500,321,2
2026-01-22,601318,11:16:45,65.1300,368,2
2026-01-22,601318,11:16:48,65.1200,203,4
2026-01-22,601318,11:16:51,65.1000,233,2
2026-01-22,601318,11:16:54,65.0800,710,2
2026-01-22,601318,11:16:57,65.0800,323,2
2026-01-22,601318,11:17:00,65.1100,242,1
2026-01-22,601318,11:17:03,65.0900,241,2
2026-01-22,601318,11:17:06,65.1200,101,1
2026-01-22,601318,11:17:09,65.1200,64,2
2026-01-22,601318,11:17:12,65.1200,247,2
2026-01-22,601318,11:17:15,65.1200,18,2
2026-01-22,601318,11:17:18,65.1300,600,1
2026-01-22,601318,11:17:21,65.1200,357,2
2026-01-22,601318,11:17:24,65.1600,56,1
2026-01-22,601318,11:17:27,65.1200,283,2
2026-01-22,601318,11:17:30,65.1600,415,1
2026-01-22,601318,11:17:33,65.1700,140,1
2026-01-22,601318,11:17:36,65.1600,223,2
2026-01-22,601318,11:17:39,65.1700,108,1
2026-01-22,601318,11:17:42,65.1300,127,2
2026-01-22,601318,11:17:45,65.1400,99,4
2026-01-22,601318,11:17:48,65.1700,317,1
2026-01-22,601318,11:17:51,65.1700,282,2
2026-01-22,601318,11:17:54,65.1800,41,4
2026-01-22,601318,11:17:57,65.1900,645,1
2026-01-22,601318,11:18:00,65.1700,45,2
2026-01-22,601318,11:18:03,65.1600,27,2
2026-01-22,601318,11:18:06,65.1600,71,2
2026-01-22,601318,11:18:09,65.1400,636,2
2026-01-22,601318,11:18:12,65.1300,213,2
2026-01-22,601318,11:18:15,65.1400,114,1
2026-01-22,601318,11:18:18,65.1000,246,2
2026-01-22,601318,11:18:21,65.1400,141,1
2026-01-22,601318,11:18:24,65.1400,108,2
2026-01-22,601318,11:18:27,65.1000,360,2
2026-01-22,601318,11:18:30,65.1000,67,2
2026-01-22,601318,11:18:33,65.1400,671,1
2026-01-22,601318,11:18:36,65.1000,45,2
2026-01-22,601318,11:18:39,65.1000,50,2
2026-01-22,601318,11:18:42,65.1300,48,1
2026-01-22,601318,11:18:45,65.1400,68,1
2026-01-22,601318,11:18:48,65.1500,247,1
2026-01-22,601318,11:18:51,65.1500,168,1
2026-01-22,601318,11:18:54,65.1500,43,2
2026-01-22,601318,11:18:57,65.1600,73,4
2026-01-22,601318,11:19:00,65.1700,72,1
2026-01-22,601318,11:19:03,65.1600,336,2
2026-01-22,601318,11:19:06,65.1600,105,2
2026-01-22,601318,11:19:09,65.1700,228,1
2026-01-22,601318,11:19:12,65.1600,428,2
2026-01-22,601318,11:19:15,65.1500,44,2
2026-01-22,601318,11:19:18,65.1800,111,1
2026-01-22,601318,11:19:21,65.1700,542,2
2026-01-22,601318,11:19:24,65.1500,100,2
2026-01-22,601318,11:19:27,65.1400,309,2
2026-01-22,601318,11:19:30,65.1500,257,1
2026-01-22,601318,11:19:33,65.1500,250,2
2026-01-22,601318,11:19:36,65.1500,38,2
2026-01-22,601318,11:19:39,65.1400,219,2
2026-01-22,601318,11:19:42,65.1600,558,1
2026-01-22,601318,11:19:45,65.1600,88,2
2026-01-22,601318,11:19:48,65.1300,171,2
2026-01-22,601318,11:19:51,65.1600,27,1
2026-01-22,601318,11:19:54,65.1700,238,1
2026-01-22,601318,11:19:57,65.1700,56,2
2026-01-22,601318,11:20:00,65.1700,91,2
2026-01-22,601318,11:20:03,65.1600,299,2
