date,code,time,price,volume,bs
2026-05-25,000858,14:06:03,84.0200,10,2
2026-05-25,000858,14:06:06,84.0100,8,2
2026-05-25,000858,14:06:09,84.0300,1,1
2026-05-25,000858,14:06:12,84.0300,12,2
2026-05-25,000858,14:06:15,84.0600,313,1
2026-05-25,000858,14:06:18,84.0400,35,2
2026-05-25,000858,14:06:21,84.0600,27,1
2026-05-25,000858,14:06:24,84.0700,4,1
2026-05-25,000858,14:06:27,84.0600,5,2
2026-05-25,000858,14:06:30,84.0700,16,1
2026-05-25,000858,14:06:33,84.0800,5,1
2026-05-25,000858,14:06:36,84.0700,149,2
2026-05-25,000858,14:06:39,84.1100,76,1
2026-05-25,000858,14:06:42,84.1100,47,1
2026-05-25,000858,14:06:45,84.1000,3,2
2026-05-25,000858,14:06:48,84.1100,13,1
2026-05-25,000858,14:06:51,84.1100,11,2
2026-05-25,000858,14:06:54,84.1000,32,2
2026-05-25,000858,14:06:57,84.1100,27,1
2026-05-25,000858,14:07:00,84.1100,6,2
2026-05-25,000858,14:07:03,84.1100,3,2
2026-05-25,000858,14:07:06,84.1000,2,2
2026-05-25,000858,14:07:09,84.1100,8,1
2026-05-25,000858,14:07:12,84.1100,7,1
2026-05-25,000858,14:07:15,84.1100,5,1
2026-05-25,000858,14:07:18,84.1100,27,1
2026-05-25,000858,14:07:21,84.1000,16,2
2026-05-25,000858,14:07:24,84.1100,10,1
2026-05-25,000858,14:07:27,84.1000,60,2
2026-05-25,000858,14:07:30,84.1000,5,1
2026-05-25,000858,14:07:33,84.0900,26,2
2026-05-25,000858,14:07:36,84.0800,5,2
2026-05-25,000858,14:07:42,84.0800,6,2
2026-05-25,000858,14:07:45,84.0800,5,2
2026-05-25,000858,14:07:48,84.0800,15,2
2026-05-25,000858,14:07:51,84.0800,6,2
2026-05-25,000858,14:07:54,84.0800,2,2
2026-05-25,000858,14:07:57,84.0800,3,2
2026-05-25,000858,14:08:03,84.0900,9,1
2026-05-25,000858,14:08:06,84.0800,5,2
2026-05-25,000858,14:08:09,84.0900,24,1
2026-05-25,000858,14:08:15,84.0800,6,2
2026-05-25,000858,14:08:18,84.0800,7,2
2026-05-25,000858,14:08:21,84.0800,29,2
2026-05-25,000858,14:08:24,84.0800,5,2
2026-05-25,000858,14:08:27,84.0800,3,2
2026-05-25,000858,14:08:33,84.0800,23,2
2026-05-25,000858,14:08:36,84.0900,45,1
2026-05-25,000858,14:08:39,84.0900,23,2
2026-05-25,000858,14:08:42,84.0900,8,2
2026-05-25,000858,14:08:45,84.0900,7,2
2026-05-25,000858,14:08:48,84.1000,15,1
2026-05-25,000858,14:08:51,84.0800,13,2
2026-05-25,000858,14:08:54,84.0900,12,1
2026-05-25,000858,14:08:57,84.0900,11,1
2026-05-25,000858,14:09:00,84.0900,2,1
2026-05-25,000858,14:09:03,84.0900,11,1
2026-05-25,000858,14:09:06,84.0800,7,2
2026-05-25,000858,14:09:09,84.0900,6,1
2026-05-25,000858,14:09:12,84.0800,10,2
2026-05-25,000858,14:09:15,84.0600,50,2
2026-05-25,000858,14:09:18,84.0800,2,1
2026-05-25,000858,14:09:24,84.0600,50,2
2026-05-25,000858,14:09:27,84.0800,7,1
2026-05-25,000858,14:09:30,84.0700,68,4
2026-05-25,000858,14:09:33,84.0600,5,2
2026-05-25,000858,14:09:36,84.0800,33,1
2026-05-25,000858,14:09:39,84.0600,3,2
2026-05-25,000858,14:09:42,84.0600,7,2
2026-05-25,000858,14:09:45,84.0800,3,1
2026-05-25,000858,14:09:51,84.0700,9,2
2026-05-25,000858,14:09:54,84.0700,1,1
2026-05-25,000858,14:09:57,84.0700,1,1
2026-05-25,000858,14:10:00,84.0700,4,1
2026-05-25,000858,14:10:03,84.0700,53,1
2026-05-25,000858,14:10:06,84.0700,26,2
2026-05-25,000858,14:10:09,84.0700,29,2
2026-05-25,000858,14:10:12,84.0800,12,1
2026-05-25,000858,14:10:15,84.0700,2,2
2026-05-25,000858,14:10:18,84.0900,18,1
2026-05-25,000858,14:10:21,84.0900,30,1
2026-05-25,000858,14:10:24,84.0900,10,1
2026-05-25,000858,14:10:27,84.0800,35,2
2026-05-25,000858,14:10:30,84.0900,11,1
2026-05-25,000858,14:10:33,84.0800,106,2
2026-05-25,000858,14:10:36,84.0700,12,2
2026-05-25,000858,14:10:39,84.0800,8,1
2026-05-25,000858,14:10:42,84.0700,3,2
2026-05-25,000858,14:10:45,84.0800,5,1
2026-05-25,000858,14:10:48,84.0700,44,2
2026-05-25,000858,14:10:51,84.0700,3,1
2026-05-25,000858,14:10:54,84.0700,22,1
2026-05-25,000858,14:10:57,84.0700,24,1
2026-05-25,000858,14:11:00,84.0600,29,2
2026-05-25,000858,14:11:03,84.0600,27,1
2026-05-25,000858,14:11:06,84.0600,5,1
2026-05-25,000858,14:11:09,84.0500,30,2
2026-05-25,000858,14:11:12,84.0500,14,2
2026-05-25,000858,14:11:15,84.0500,6,2
2026-05-25,000858,14:11:18,84.0500,18,2
2026-05-25,000858,14:11:21,84.0500,18,2
2026-05-25,000858,14:11:27,84.0400,7,2
2026-05-25,000858,14:11:30,84.0500,11,1
2026-05-25,000858,14:11:33,84.0400,25,2
2026-05-25,000858,14:11:36,84.0500,12,1
2026-05-25,000858,14:11:39,84.0400,7,2
2026-05-25,000858,14:11:42,84.0400,1,2
2026-05-25,000858,14:11:45,84.0500,3,1
2026-05-25,000858,14:11:48,84.0500,4,1
2026-05-25,000858,14:11:51,84.0500,1,1
2026-05-25,000858,14:11:54,84.0500,7,1
2026-05-25,000858,14:11:57,84.0400,33,2
2026-05-25,000858,14:12:00,84.0400,2,2
2026-05-25,000858,14:12:03,84.0400,5,2
2026-05-25,000858,14:12:06,84.0400,9,2
2026-05-25,000858,14:12:09,84.0600,330,1
2026-05-25,000858,14:12:12,84.0700,32,1
2026-05-25,000858,14:12:15,84.0700,10,1
2026-05-25,000858,14:12:18,84.0600,9,1
2026-05-25,000858,14:12:21,84.0500,10,2
2026-05-25,000858,14:12:24,84.0500,7,2
2026-05-25,000858,14:12:27,84.0500,10,2
2026-05-25,000858,14:12:30,84.0600,7,1
2026-05-25,000858,14:12:33,84.0600,14,1
2026-05-25,000858,14:12:36,84.0500,11,2
2026-05-25,000858,14:12:39,84.0500,66,2
2026-05-25,000858,14:12:42,84.0600,12,2
2026-05-25,000858,14:12:45,84.0600,8,2
2026-05-25,000858,14:12:48,84.0900,11,1
2026-05-25,000858,14:12:51,84.0900,5,1
2026-05-25,000858,14:12:54,84.1000,12,1
2026-05-25,000858,14:12:57,84.0700,29,2
2026-05-25,000858,14:13:00,84.0700,6,2
2026-05-25,000858,14:13:03,84.0700,2,2
2026-05-25,000858,14:13:06,84.0800,14,2
2026-05-25,000858,14:13:09,84.0800,5,2
2026-05-25,000858,14:13:12,84.0900,3,1
2026-05-25,000858,14:13:18,84.0900,15,4
2026-05-25,000858,14:13:21,84.1000,64,1
2026-05-25,000858,14:13:24,84.0900,2,2
2026-05-25,000858,14:13:27,84.1000,5,1
2026-05-25,000858,14:13:30,84.0900,93,2
2026-05-25,000858,14:13:33,84.1000,117,1
2026-05-25,000858,14:13:36,84.1300,34,1
2026-05-25,000858,14:13:39,84.1100,23,2
2026-05-25,000858,14:13:42,84.1100,9,2
2026-05-25,000858,14:13:45,84.1100,19,2
2026-05-25,000858,14:13:48,84.1400,32,1
2026-05-25,000858,14:13:51,84.1400,88,1
2026-05-25,000858,14:13:54,84.1700,131,1
2026-05-25,000858,14:13:57,84.1800,57,1
2026-05-25,000858,14:14:00,84.2000,128,1
2026-05-25,000858,14:14:03,84.2000,6,1
2026-05-25,000858,14:14:06,84.2100,18,1
2026-05-25,000858,14:14:09,84.2100,25,1
2026-05-25,000858,14:14:12,84.2200,50,1
2026-05-25,000858,14:14:15,84.2200,22,1
2026-05-25,000858,14:14:18,84.2200,33,1
2026-05-25,000858,14:14:21,84.2300,22,1
2026-05-25,000858,14:14:24,84.2200,1,2
2026-05-25,000858,14:14:27,84.2200,22,2
2026-05-25,000858,14:14:30,84.2200,28,2
2026-05-25,000858,14:14:33,84.2300,7,1
2026-05-25,000858,14:14:36,84.2300,23,2
2026-05-25,000858,14:14:39,84.2400,31,1
2026-05-25,000858,14:14:42,84.2300,19,2
2026-05-25,000858,14:14:45,84.2300,15,2
2026-05-25,000858,14:14:48,84.2300,29,2
2026-05-25,000858,14:14:51,84.2300,44,2
2026-05-25,000858,14:14:54,84.2300,24,2
2026-05-25,000858,14:14:57,84.2400,43,1
2026-05-25,000858,14:15:00,84.2300,5,2
2026-05-25,000858,14:15:03,84.2500,6,1
2026-05-25,000858,14:15:06,84.2300,19,2
2026-05-25,000858,14:15:09,84.2400,19,1
2026-05-25,000858,14:15:12,84.2300,23,2
2026-05-25,000858,14:15:15,84.2200,87,2
2026-05-25,000858,14:15:18,84.2200,31,2
2026-05-25,000858,14:15:21,84.2300,64,1
2026-05-25,000858,14:15:24,84.2000,75,2
2026-05-25,000858,14:15:27,84.2000,41,2
2026-05-25,000858,14:15:30,84.1900,35,2
2026-05-25,000858,14:15:33,84.1500,15,2
2026-05-25,000858,14:15:36,84.1500,6,2
2026-05-25,000858,14:15:39,84.1500,75,2
2026-05-25,000858,14:15:42,84.1100,35,2
2026-05-25,000858,14:15:45,84.1100,57,1
2026-05-25,000858,14:15:48,84.1100,157,2
2026-05-25,000858,14:15:51,84.1100,17,1
2026-05-25,000858,14:15:54,84.1100,2,2
2026-05-25,000858,14:15:57,84.1400,31,1
2026-05-25,000858,14:16:00,84.1300,8,1
2026-05-25,000858,14:16:03,84.1100,61,2
2026-05-25,000858,14:16:06,84.0900,61,2
2026-05-25,000858,14:16:09,84.0900,64,2
2026-05-25,000858,14:16:15,84.1400,29,1
2026-05-25,000858,14:16:18,84.1000,43,2
2026-05-25,000858,14:16:21,84.1100,9,2
2026-05-25,000858,14:16:24,84.1100,3,2
2026-05-25,000858,14:16:27,84.1200,22,1
2026-05-25,000858,14:16:30,84.1000,24,2
2026-05-25,000858,14:16:33,84.1000,10,1
2026-05-25,000858,14:16:36,84.0900,32,2
2026-05-25,000858,14:16:39,84.0800,16,2
2026-05-25,000858,14:16:42,84.0900,104,1
2026-05-25,000858,14:16:45,84.1000,3,1
2026-05-25,000858,14:16:48,84.0900,68,4
2026-05-25,000858,14:16:54,84.0800,12,1
2026-05-25,000858,14:16:57,84.0800,2,2
2026-05-25,000858,14:17:00,84.0700,11,2
2026-05-25,000858,14:17:03,84.0700,26,2
2026-05-25,000858,14:17:06,84.0500,56,2
2026-05-25,000858,14:17:09,84.0400,45,2
2026-05-25,000858,14:17:12,84.0500,64,1
2026-05-25,000858,14:17:15,84.0300,43,2
2026-05-25,000858,14:17:18,84.0800,1,1
2026-05-25,000858,14:17:21,84.0900,60,1
2026-05-25,000858,14:17:24,84.0400,50,2
2026-05-25,000858,14:17:27,84.0300,47,2
2026-05-25,000858,14:17:30,84.0400,22,1
2026-05-25,000858,14:17:36,84.0400,11,2
2026-05-25,000858,14:17:39,84.0800,4,1
2026-05-25,000858,14:17:42,84.0700,13,1
2026-05-25,000858,14:17:45,84.0700,3,1
2026-05-25,000858,14:17:48,84.0500,4,2
2026-05-25,000858,14:17:51,84.0800,44,1
2026-05-25,000858,14:17:54,84.0800,3,1
2026-05-25,000858,14:17:57,84.0900,3,1
2026-05-25,000858,14:18:00,84.0800,20,2
2026-05-25,000858,14:18:03,84.0800,33,2
2026-05-25,000858,14:18:06,84.0800,91,2
2026-05-25,000858,14:18:09,84.0900,7,1
2026-05-25,000858,14:18:12,84.0900,16,1
2026-05-25,000858,14:18:15,84.0800,3,2
2026-05-25,000858,14:18:18,84.0900,37,1
2026-05-25,000858,14:18:21,84.0500,117,2
2026-05-25,000858,14:18:24,84.0600,6,2
2026-05-25,000858,14:18:27,84.0600,5,2
2026-05-25,000858,14:18:30,84.0800,9,1
2026-05-25,000858,14:18:33,84.0900,22,1
2026-05-25,000858,14:18:36,84.0800,34,2
2026-05-25,000858,14:18:39,84.0800,32,2
2026-05-25,000858,14:18:42,84.0900,43,1
2026-05-25,000858,14:18:45,84.0800,38,2
2026-05-25,000858,14:18:48,84.0700,20,2
2026-05-25,000858,14:18:51,84.0800,4,1
2026-05-25,000858,14:18:54,84.0800,23,1
2026-05-25,000858,14:18:57,84.0700,34,2
2026-05-25,000858,14:19:00,84.0700,104,1
2026-05-25,000858,14:19:03,84.0600,14,2
2026-05-25,000858,14:19:06,84.0700,2,1
2026-05-25,000858,14:19:09,84.0700,18,1
2026-05-25,000858,14:19:12,84.0900,2,1
2026-05-25,000858,14:19:15,84.0700,4,2
2026-05-25,000858,14:19:18,84.0600,10,2
2026-05-25,000858,14:19:21,84.0700,5,2
2026-05-25,000858,14:19:24,84.0700,1,2
2026-05-25,000858,14:19:27,84.0700,17,2
2026-05-25,000858,14:19:30,84.0800,36,2
2026-05-25,000858,14:19:33,84.0500,12,2
2026-05-25,000858,14:19:36,84.0700,26,2
2026-05-25,000858,14:19:39,84.0700,6,2
2026-05-25,000858,14:19:42,84.0600,18,2
2026-05-25,000858,14:19:45,84.0700,5,1
2026-05-25,000858,14:19:48,84.0700,11,1
2026-05-25,000858,14:19:51,84.0600,31,2
2026-05-25,000858,14:19:54,84.0600,5,1
2026-05-25,000858,14:19:57,84.0700,18,1
2026-05-25,000858,14:20:00,84.0600,5,2
2026-05-25,000858,14:20:03,84.0600,52,2
2026-05-25,000858,14:20:06,84.0500,15,2
2026-05-25,000858,14:20:09,84.0500,23,2
2026-05-25,000858,14:20:12,84.0600,10,1
2026-05-25,000858,14:20:15,84.0700,29,1
2026-05-25,000858,14:20:18,84.0900,37,1
2026-05-25,000858,14:20:21,84.0600,20,2
2026-05-25,000858,14:20:24,84.0600,22,2
2026-05-25,000858,14:20:27,84.0800,13,1
2026-05-25,000858,14:20:30,84.0800,22,2
2026-05-25,000858,14:20:33,84.0800,6,2
2026-05-25,000858,14:20:36,84.0700,10,4
2026-05-25,000858,14:20:39,84.0800,58,1
2026-05-25,000858,14:20:42,84.0600,4,2
2026-05-25,000858,14:20:45,84.0800,10,1
2026-05-25,000858,14:20:48,84.0600,5,2
2026-05-25,000858,14:20:51,84.0500,9,2
2026-05-25,000858,14:20:54,84.0600,19,2
2026-05-25,000858,14:20:57,84.0600,10,1
2026-05-25,000858,14:21:00,84.0600,3,1
2026-05-25,000858,14:21:03,84.0600,17,2
2026-05-25,000858,14:21:06,84.0500,20,2
2026-05-25,000858,14:21:09,84.0600,18,1
2026-05-25,000858,14:21:12,84.0600,16,1
2026-05-25,000858,14:21:15,84.0500,96,2
2026-05-25,000858,14:21:18,84.0500,5,4
2026-05-25,000858,14:21:21,84.0400,3,2
2026-05-25,000858,14:21:24,84.0600,31,1
2026-05-25,000858,14:21:27,84.0400,5,2
2026-05-25,000858,14:21:30,84.0400,179,2
2026-05-25,000858,14:21:36,84.0600,6,1
2026-05-25,000858,14:21:39,84.0500,6,2
2026-05-25,000858,14:21:42,84.0600,13,1
2026-05-25,000858,14:21:45,84.0500,18,2
2026-05-25,000858,14:21:51,84.0500,1,1
2026-05-25,000858,14:21:54,84.0600,18,1
2026-05-25,000858,14:21:57,84.0400,103,2
2026-05-25,000858,14:22:00,84.0400,9,2
2026-05-25,000858,14:22:03,84.0500,1,2
2026-05-25,000858,14:22:06,84.0500,29,2
2026-05-25,000858,14:22:09,84.0600,15,1
2026-05-25,000858,14:22:12,84.0600,34,1
2026-05-25,000858,14:22:15,84.0400,52,2
2026-05-25,000858,14:22:18,84.0400,6,2
2026-05-25,000858,14:22:21,84.0500,13,1
2026-05-25,000858,14:22:24,84.0500,2,2
2026-05-25,000858,14:22:27,84.0600,79,1
2026-05-25,000858,14:22:30,84.0400,27,2
2026-05-25,000858,14:22:33,84.0500,43,1
2026-05-25,000858,14:22:36,84.0400,21,2
2026-05-25,000858,14:22:39,84.0400,19,2
2026-05-25,000858,14:22:42,84.0400,12,2
2026-05-25,000858,14:22:45,84.0300,8,2
2026-05-25,000858,14:22:48,84.0300,12,2
2026-05-25,000858,14:22:51,84.0400,55,1
2026-05-25,000858,14:22:54,84.0300,10,2
2026-05-25,000858,14:22:57,84.0300,38,2
2026-05-25,000858,14:23:00,84.0300,8,2
2026-05-25,000858,14:23:03,84.0400,20,1
2026-05-25,000858,14:23:06,84.0400,1,1
2026-05-25,000858,14:23:09,84.0300,8,2
2026-05-25,000858,14:23:12,84.0300,22,2
2026-05-25,000858,14:23:15,84.0300,25,2
2026-05-25,000858,14:23:18,84.0300,118,1
2026-05-25,000858,14:23:21,84.0200,32,2
2026-05-25,000858,14:23:24,84.0200,10,2
2026-05-25,000858,14:23:27,84.0200,78,2
2026-05-25,000858,14:23:30,84.0200,18,4
2026-05-25,000858,14:23:33,84.0200,5,1
2026-05-25,000858,14:23:36,84.0200,12,1
2026-05-25,000858,14:23:39,84.0200,128,1
2026-05-25,000858,14:23:42,84.0200,27,1
2026-05-25,000858,14:23:45,84.0100,7,2
2026-05-25,000858,14:23:48,84.0300,190,1
2026-05-25,000858,14:23:51,84.0300,26,1
2026-05-25,000858,14:23:54,84.0300,4,1
2026-05-25,000858,14:23:57,84.0200,9,2
2026-05-25,000858,14:24:03,84.0300,27,2
2026-05-25,000858,14:24:06,84.0200,17,2
2026-05-25,000858,14:24:09,84.0300,12,1
2026-05-25,000858,14:24:12,84.0300,8,2
2026-05-25,000858,14:24:15,84.0300,5,1
2026-05-25,000858,14:24:18,84.0400,13,1
2026-05-25,000858,14:24:21,84.0400,2,1
2026-05-25,000858,14:24:24,84.0300,10,2
2026-05-25,000858,14:24:27,84.0300,8,1
2026-05-25,000858,14:24:30,84.0200,34,2
2026-05-25,000858,14:24:33,84.0100,82,2
2026-05-25,000858,14:24:36,84.0100,21,2
2026-05-25,000858,14:24:39,84.0100,13,2
2026-05-25,000858,14:24:42,84.0100,6,2
2026-05-25,000858,14:24:45,84.0100,11,2
2026-05-25,000858,14:24:48,84.0100,15,2
2026-05-25,000858,14:24:51,84.0200,15,1
2026-05-25,000858,14:24:54,84.0200,16,1
2026-05-25,000858,14:24:57,84.0100,8,2
2026-05-25,000858,14:25:00,84.0100,13,2
2026-05-25,000858,14:25:03,84.0100,13,2
2026-05-25,000858,14:25:06,84.0100,8,2
2026-05-25,000858,14:25:09,84.0200,16,1
2026-05-25,000858,14:25:12,84.0100,4,2
2026-05-25,000858,14:25:15,84.0200,41,1
2026-05-25,000858,14:25:18,84.0300,333,1
2026-05-25,000858,14:25:21,84.0400,3,1
2026-05-25,000858,14:25:24,84.0300,20,2
2026-05-25,000858,14:25:27,84.0400,3,4
2026-05-25,000858,14:25:30,84.0500,40,1
2026-05-25,000858,14:25:33,84.0200,41,2
2026-05-25,000858,14:25:36,84.0200,5,2
2026-05-25,000858,14:25:39,84.0400,14,1
2026-05-25,000858,14:25:42,84.0400,3,1
2026-05-25,000858,14:25:45,84.0300,7,2
2026-05-25,000858,14:25:48,84.0400,39,1
2026-05-25,000858,14:25:51,84.0200,14,2
2026-05-25,000858,14:25:54,84.0400,8,1
2026-05-25,000858,14:25:57,84.0400,23,1
2026-05-25,000858,14:26:00,84.0300,9,2
2026-05-25,000858,14:26:03,84.0300,8,1
2026-05-25,000858,14:26:06,84.0200,73,2
2026-05-25,000858,14:26:09,84.0200,41,1
2026-05-25,000858,14:26:12,84.0200,6,1
2026-05-25,000858,14:26:15,84.0200,8,2
2026-05-25,000858,14:26:18,84.0300,10,1
2026-05-25,000858,14:26:21,84.0200,14,2
2026-05-25,000858,14:26:24,84.0200,14,4
2026-05-25,000858,14:26:27,84.0100,92,2
2026-05-25,000858,14:26:30,84.0300,3,1
2026-05-25,000858,14:26:33,84.0200,26,2
2026-05-25,000858,14:26:36,84.0400,21,1
2026-05-25,000858,14:26:42,84.0400,23,1
2026-05-25,000858,14:26:45,84.0200,6,2
2026-05-25,000858,14:26:48,84.0200,62,2
2026-05-25,000858,14:26:51,84.0100,50,2
2026-05-25,000858,14:26:54,84.0100,26,2
2026-05-25,000858,14:26:57,84.0200,68,1
2026-05-25,000858,14:27:00,84.0200,10,2
2026-05-25,000858,14:27:03,84.0300,9,1
2026-05-25,000858,14:27:06,84.0200,50,2
2026-05-25,000858,14:27:09,84.0200,7,2
2026-05-25,000858,14:27:12,84.0300,1,4
2026-05-25,000858,14:27:15,84.0200,3,2
2026-05-25,000858,14:27:18,84.0300,2,1
2026-05-25,000858,14:27:21,84.0200,206,2
2026-05-25,000858,14:27:24,84.0200,10,2
2026-05-25,000858,14:27:27,84.0200,16,2
2026-05-25,000858,14:27:30,84.0200,32,2
2026-05-25,000858,14:27:33,84.0200,5,2
2026-05-25,000858,14:27:36,84.0200,6,2
2026-05-25,000858,14:27:39,84.0200,12,2
2026-05-25,000858,14:27:42,84.0200,11,2
2026-05-25,000858,14:27:45,84.0200,72,1
2026-05-25,000858,14:27:48,84.0400,14,1
2026-05-25,000858,14:27:54,84.0200,19,2
2026-05-25,000858,14:27:57,84.0200,44,2
2026-05-25,000858,14:28:00,84.0100,8,2
2026-05-25,000858,14:28:03,84.0200,7,1
2026-05-25,000858,14:28:06,84.0200,2,2
2026-05-25,000858,14:28:09,84.0200,53,2
2026-05-25,000858,14:28:12,84.0200,29,4
2026-05-25,000858,14:28:15,84.0100,31,2
2026-05-25,000858,14:28:18,84.0300,3,1
2026-05-25,000858,14:28:21,84.0400,51,1
2026-05-25,000858,14:28:24,84.0200,9,2
2026-05-25,000858,14:28:27,84.0200,3,2
2026-05-25,000858,14:28:30,84.0400,19,1
2026-05-25,000858,14:28:33,84.0400,1,1
2026-05-25,000858,14:28:36,84.0400,16,1
2026-05-25,000858,14:28:39,84.0200,1,2
2026-05-25,000858,14:28:42,84.0300,2,1
2026-05-25,000858,14:28:45,84.0400,7,1
2026-05-25,000858,14:28:48,84.0300,2,2
2026-05-25,000858,14:28:51,84.0400,5,1
2026-05-25,000858,14:28:54,84.0300,11,2
2026-05-25,000858,14:28:57,84.0400,22,1
2026-05-25,000858,14:29:00,84.0300,3,2
2026-05-25,000858,14:29:03,84.0400,16,1
2026-05-25,000858,14:29:06,84.0300,20,2
2026-05-25,000858,14:29:09,84.0200,75,2
2026-05-25,000858,14:29:12,84.0300,28,1
2026-05-25,000858,14:29:15,84.0200,11,2
2026-05-25,000858,14:29:18,84.0300,10,2
2026-05-25,000858,14:29:21,84.0300,21,2
2026-05-25,000858,14:29:24,84.0300,10,2
2026-05-25,000858,14:29:27,84.0300,11,2
2026-05-25,000858,14:29:30,84.0400,10,1
2026-05-25,000858,14:29:33,84.0200,86,2
2026-05-25,000858,14:29:36,84.0400,19,1
2026-05-25,000858,14:29:39,84.0300,5,2
2026-05-25,000858,14:29:42,84.0300,19,2
2026-05-25,000858,14:29:45,84.0300,6,1
2026-05-25,000858,14:29:48,84.0300,64,1
2026-05-25,000858,14:29:51,84.0300,75,2
2026-05-25,000858,14:29:54,84.0300,20,2
2026-05-25,000858,14:29:57,84.0400,80,1
2026-05-25,000858,14:30:00,84.0400,8,1
2026-05-25,000858,14:30:03,84.0400,45,1
2026-05-25,000858,14:30:06,84.0300,58,2
2026-05-25,000858,14:30:09,84.0400,54,1
2026-05-25,000858,14:30:12,84.0300,32,2
2026-05-25,000858,14:30:15,84.0300,3,2
2026-05-25,000858,14:30:18,84.0300,32,2
2026-05-25,000858,14:30:21,84.0300,10,2
2026-05-25,000858,14:30:24,84.0300,12,2
2026-05-25,000858,14:30:27,84.0300,159,2
2026-05-25,000858,14:30:30,84.0300,20,2
2026-05-25,000858,14:30:33,84.0300,12,2
2026-05-25,000858,14:30:36,84.0200,10,2
2026-05-25,000858,14:30:39,84.0300,3,2
2026-05-25,000858,14:30:42,84.0300,56,2
2026-05-25,000858,14:30:45,84.0300,1,2
2026-05-25,000858,14:30:48,84.0300,30,2
2026-05-25,000858,14:30:51,84.0400,42,1
2026-05-25,000858,14:30:54,84.0300,47,2
2026-05-25,000858,14:30:57,84.0400,12,2
2026-05-25,000858,14:31:00,84.0500,70,1
2026-05-25,000858,14:31:03,84.0500,10,1
2026-05-25,000858,14:31:06,84.0400,49,2
2026-05-25,000858,14:31:09,84.0500,5,1
2026-05-25,000858,14:31:15,84.0500,28,2
2026-05-25,000858,14:31:18,84.0400,76,2
2026-05-25,000858,14:31:21,84.0400,19,2
2026-05-25,000858,14:31:24,84.0400,77,2
2026-05-25,000858,14:31:27,84.0300,14,2
2026-05-25,000858,14:31:30,84.0400,7,1
2026-05-25,000858,14:31:33,84.0400,68,1
2026-05-25,000858,14:31:36,84.0300,25,2
2026-05-25,000858,14:31:39,84.0400,123,1
2026-05-25,000858,14:31:42,84.0400,16,1
2026-05-25,000858,14:31:45,84.0500,85,1
2026-05-25,000858,14:31:48,84.0600,25,1
2026-05-25,000858,14:31:51,84.0400,29,2
2026-05-25,000858,14:31:54,84.0300,14,2
2026-05-25,000858,14:31:57,84.0300,10,2
2026-05-25,000858,14:32:00,84.0300,65,2
2026-05-25,000858,14:32:03,84.0300,68,2
2026-05-25,000858,14:32:06,84.0400,64,2
2026-05-25,000858,14:32:09,84.0300,11,2
2026-05-25,000858,14:32:12,84.0400,69,1
2026-05-25,000858,14:32:15,84.0400,19,1
2026-05-25,000858,14:32:21,84.0400,24,2
2026-05-25,000858,14:32:24,84.0500,17,1
2026-05-25,000858,14:32:27,84.0300,64,2
2026-05-25,000858,14:32:30,84.0300,32,2
2026-05-25,000858,14:32:33,84.0400,10,2
2026-05-25,000858,14:32:36,84.0400,9,1
2026-05-25,000858,14:32:39,84.0300,11,2
2026-05-25,000858,14:32:42,84.0300,125,2
2026-05-25,000858,14:32:45,84.0300,12,2
2026-05-25,000858,14:32:48,84.0200,5,2
2026-05-25,000858,14:32:51,84.0300,61,1
2026-05-25,000858,14:32:57,84.0300,22,1
2026-05-25,000858,14:33:00,84.0300,18,1
2026-05-25,000858,14:33:03,84.0200,12,2
2026-05-25,000858,14:33:06,84.0300,80,1
2026-05-25,000858,14:33:09,84.0200,12,2
2026-05-25,000858,14:33:12,84.0300,15,1
2026-05-25,000858,14:33:15,84.0300,8,2
2026-05-25,000858,14:33:21,84.0300,23,1
2026-05-25,000858,14:33:24,84.0300,41,2
2026-05-25,000858,14:33:27,84.0200,5,2
2026-05-25,000858,14:33:30,84.0300,20,2
2026-05-25,000858,14:33:33,84.0400,20,1
2026-05-25,000858,14:33:36,84.0300,35,2
2026-05-25,000858,14:33:39,84.0300,27,2
2026-05-25,000858,14:33:42,84.0300,10,2
2026-05-25,000858,14:33:45,84.0300,4,2
2026-05-25,000858,14:33:48,84.0400,21,1
2026-05-25,000858,14:33:51,84.0400,12,1
2026-05-25,000858,14:33:54,84.0400,16,1
2026-05-25,000858,14:33:57,84.0300,24,2
2026-05-25,000858,14:34:00,84.0300,35,2
2026-05-25,000858,14:34:03,84.0300,11,2
2026-05-25,000858,14:34:06,84.0300,118,2
2026-05-25,000858,14:34:09,84.0400,39,1
2026-05-25,000858,14:34:12,84.0400,141,1
2026-05-25,000858,14:34:15,84.0400,54,1
2026-05-25,000858,14:34:18,84.0400,7,1
2026-05-25,000858,14:34:21,84.0400,58,2
2026-05-25,000858,14:34:24,84.0300,32,2
2026-05-25,000858,14:34:27,84.0400,19,2
2026-05-25,000858,14:34:30,84.0400,31,2
2026-05-25,000858,14:34:33,84.0400,14,1
2026-05-25,000858,14:34:36,84.0400,10,2
2026-05-25,000858,14:34:39,84.0400,23,1
2026-05-25,000858,14:34:42,84.0300,102,2
2026-05-25,000858,14:34:45,84.0300,39,2
2026-05-25,000858,14:34:48,84.0300,1,2
2026-05-25,000858,14:34:51,84.0500,37,1
2026-05-25,000858,14:34:54,84.0500,60,2
2026-05-25,000858,14:34:57,84.0400,12,2
2026-05-25,000858,14:35:00,84.0300,52,2
2026-05-25,000858,14:35:03,84.0300,32,2
2026-05-25,000858,14:35:06,84.0300,110,2
2026-05-25,000858,14:35:09,84.0400,49,1
2026-05-25,000858,14:35:12,84.0200,5,2
2026-05-25,000858,14:35:15,84.0300,217,2
2026-05-25,000858,14:35:18,84.0400,15,1
2026-05-25,000858,14:35:21,84.0400,2,1
2026-05-25,000858,14:35:24,84.0300,46,2
2026-05-25,000858,14:35:27,84.0300,18,2
2026-05-25,000858,14:35:30,84.0200,13,2
2026-05-25,000858,14:35:33,84.0300,4,2
2026-05-25,000858,14:35:36,84.0400,1,1
2026-05-25,000858,14:35:39,84.0200,19,2
2026-05-25,000858,14:35:42,84.0200,5,2
2026-05-25,000858,14:35:45,84.0200,13,2
2026-05-25,000858,14:35:48,84.0300,37,1
2026-05-25,000858,14:35:51,84.0200,11,2
2026-05-25,000858,14:35:54,84.0300,19,1
2026-05-25,000858,14:35:57,84.0200,7,2
2026-05-25,000858,14:36:00,84.0200,14,2
2026-05-25,000858,14:36:03,84.0200,62,2
2026-05-25,000858,14:36:06,84.0200,18,2
2026-05-25,000858,14:36:09,84.0200,8,2
2026-05-25,000858,14:36:12,84.0300,79,1
2026-05-25,000858,14:36:15,84.0200,8,2
2026-05-25,000858,14:36:18,84.0200,20,2
2026-05-25,000858,14:36:21,84.0200,70,2
2026-05-25,000858,14:36:24,84.0200,35,2
2026-05-25,000858,14:36:27,84.0200,4,2
2026-05-25,000858,14:36:30,84.0200,17,2
2026-05-25,000858,14:36:33,84.0200,11,2
2026-05-25,000858,14:36:36,84.0300,4,2
2026-05-25,000858,14:36:39,84.0300,21,2
2026-05-25,000858,14:36:42,84.0300,20,2
2026-05-25,000858,14:36:45,84.0300,39,2
2026-05-25,000858,14:36:48,84.0300,5,2
2026-05-25,000858,14:36:51,84.0400,210,2
2026-05-25,000858,14:36:54,84.0100,8,2
2026-05-25,000858,14:36:57,84.0200,11,1
2026-05-25,000858,14:37:00,84.0200,13,1
2026-05-25,000858,14:37:03,84.0100,31,2
2026-05-25,000858,14:37:06,84.0100,18,2
2026-05-25,000858,14:37:09,84.0200,139,1
2026-05-25,000858,14:37:12,84.0200,33,1
2026-05-25,000858,14:37:15,84.0200,28,4
2026-05-25,000858,14:37:18,84.0200,10,1
2026-05-25,000858,14:37:21,84.0200,13,2
2026-05-25,000858,14:37:24,84.0100,66,2
2026-05-25,000858,14:37:27,84.0100,10,2
2026-05-25,000858,14:37:30,84.0100,150,2
2026-05-25,000858,14:37:33,83.9900,1298,2
2026-05-25,000858,14:37:36,83.9900,26,2
2026-05-25,000858,14:37:39,83.9900,167,2
2026-05-25,000858,14:37:42,83.9900,57,2
2026-05-25,000858,14:37:45,83.9900,10,2
2026-05-25,000858,14:37:48,84.0000,18,4
2026-05-25,000858,14:37:51,83.9800,60,2
2026-05-25,000858,14:37:54,83.9800,19,2
2026-05-25,000858,14:37:57,83.9900,16,1
2026-05-25,000858,14:38:00,83.9800,10,2
2026-05-25,000858,14:38:03,83.9800,90,2
2026-05-25,000858,14:38:06,83.9800,10,1
2026-05-25,000858,14:38:09,83.9700,70,2
2026-05-25,000858,14:38:12,83.9600,16,2
2026-05-25,000858,14:38:15,83.9600,32,2
2026-05-25,000858,14:38:18,83.9600,34,2
2026-05-25,000858,14:38:21,83.9800,66,1
2026-05-25,000858,14:38:24,83.9600,18,2
2026-05-25,000858,14:38:27,83.9700,4,4
2026-05-25,000858,14:38:30,83.9600,8,2
2026-05-25,000858,14:38:33,83.9600,66,2
2026-05-25,000858,14:38:36,83.9600,25,2
2026-05-25,000858,14:38:39,83.9600,136,2
2026-05-25,000858,14:38:42,83.9600,23,2
2026-05-25,000858,14:38:45,83.9600,13,2
2026-05-25,000858,14:38:48,83.9600,27,2
2026-05-25,000858,14:38:51,83.9600,16,2
2026-05-25,000858,14:38:54,83.9600,13,1
2026-05-25,000858,14:38:57,83.9500,33,2
2026-05-25,000858,14:39:00,83.9500,55,2
2026-05-25,000858,14:39:03,83.9400,22,2
2026-05-25,000858,14:39:06,83.9400,27,2
2026-05-25,000858,14:39:09,83.9300,28,2
2026-05-25,000858,14:39:12,83.9200,21,2
2026-05-25,000858,14:39:15,83.9200,122,2
2026-05-25,000858,14:39:18,83.9200,10,2
2026-05-25,000858,14:39:21,83.9200,31,2
2026-05-25,000858,14:39:24,83.9300,21,2
2026-05-25,000858,14:39:27,83.9300,78,2
2026-05-25,000858,14:39:30,83.9300,24,2
2026-05-25,000858,14:39:33,83.9300,14,2
2026-05-25,000858,14:39:36,83.9300,32,2
2026-05-25,000858,14:39:39,83.9300,17,2
2026-05-25,000858,14:39:45,83.9400,3,2
2026-05-25,000858,14:39:48,83.9500,26,1
2026-05-25,000858,14:39:51,83.9400,30,4
2026-05-25,000858,14:39:54,83.9300,21,2
2026-05-25,000858,14:39:57,83.9300,24,2
2026-05-25,000858,14:40:00,83.9400,18,1
2026-05-25,000858,14:40:03,83.9300,17,2
2026-05-25,000858,14:40:06,83.9300,108,2
2026-05-25,000858,14:40:09,83.9400,16,4
2026-05-25,000858,14:40:12,83.9700,247,1
2026-05-25,000858,14:40:15,83.9500,17,2
2026-05-25,000858,14:40:18,83.9600,16,2
2026-05-25,000858,14:40:21,83.9600,23,2
2026-05-25,000858,14:40:24,83.9700,25,1
2026-05-25,000858,14:40:27,83.9400,89,2
2026-05-25,000858,14:40:30,83.9600,20,1
2026-05-25,000858,14:40:33,83.9800,41,1
2026-05-25,000858,14:40:36,83.9600,19,2
2026-05-25,000858,14:40:39,83.9800,2,1
2026-05-25,000858,14:40:42,83.9800,37,2
2026-05-25,000858,14:40:45,83.9800,18,2
2026-05-25,000858,14:40:48,83.9800,27,2
2026-05-25,000858,14:40:51,83.9700,22,2
2026-05-25,000858,14:40:54,83.9800,3,1
2026-05-25,000858,14:40:57,83.9800,15,1
2026-05-25,000858,14:41:00,83.9800,15,1
2026-05-25,000858,14:41:03,83.9500,95,2
2026-05-25,000858,14:41:06,83.9800,44,1
2026-05-25,000858,14:41:09,83.9900,10,1
2026-05-25,000858,14:41:12,83.9700,30,2
2026-05-25,000858,14:41:15,83.9700,23,1
2026-05-25,000858,14:41:18,83.9700,42,1
2026-05-25,000858,14:41:21,83.9700,12,1
2026-05-25,000858,14:41:24,83.9700,28,2
2026-05-25,000858,14:41:27,83.9700,1,2
2026-05-25,000858,14:41:30,83.9800,80,1
2026-05-25,000858,14:41:33,83.9600,1,4
2026-05-25,000858,14:41:36,83.9700,15,1
2026-05-25,000858,14:41:39,83.9600,2,2
2026-05-25,000858,14:41:42,83.9700,19,2
2026-05-25,000858,14:41:45,83.9700,9,2
2026-05-25,000858,14:41:48,83.9800,19,1
2026-05-25,000858,14:41:51,83.9900,24,1
2026-05-25,000858,14:41:54,83.9800,35,4
2026-05-25,000858,14:41:57,83.9800,4,2
2026-05-25,000858,14:42:00,84.0000,15,1
2026-05-25,000858,14:42:03,83.9900,1,2
2026-05-25,000858,14:42:06,84.0100,194,1
2026-05-25,000858,14:42:09,84.0100,440,1
2026-05-25,000858,14:42:12,84.0300,5,1
2026-05-25,000858,14:42:15,84.0200,9,2
2026-05-25,000858,14:42:18,84.0200,18,2
2026-05-25,000858,14:42:21,84.0300,16,1
2026-05-25,000858,14:42:24,84.0200,16,2
2026-05-25,000858,14:42:27,84.0300,33,1
2026-05-25,000858,14:42:30,84.0100,98,2
2026-05-25,000858,14:42:33,84.0000,49,2
2026-05-25,000858,14:42:36,84.0100,19,1
2026-05-25,000858,14:42:39,84.0100,27,2
2026-05-25,000858,14:42:42,84.0000,41,2
2026-05-25,000858,14:42:45,84.0200,54,1
2026-05-25,000858,14:42:48,84.0000,10,2
2026-05-25,000858,14:42:51,84.0100,90,1
2026-05-25,000858,14:42:54,84.0100,13,2
2026-05-25,000858,14:42:57,84.0100,17,2
2026-05-25,000858,14:43:00,84.0100,4,2
2026-05-25,000858,14:43:03,84.0200,3,1
2026-05-25,000858,14:43:06,84.0200,55,1
2026-05-25,000858,14:43:09,84.0100,9,2
2026-05-25,000858,14:43:12,84.0100,13,2
2026-05-25,000858,14:43:15,84.0200,27,1
2026-05-25,000858,14:43:18,84.0100,33,2
2026-05-25,000858,14:43:21,84.0100,10,1
2026-05-25,000858,14:43:24,84.0000,21,2
2026-05-25,000858,14:43:27,84.0000,19,2
2026-05-25,000858,14:43:30,84.0000,8,2
2026-05-25,000858,14:43:33,84.0000,76,2
2026-05-25,000858,14:43:36,84.0100,21,1
2026-05-25,000858,14:43:39,84.0000,26,2
2026-05-25,000858,14:43:42,84.0000,9,1
2026-05-25,000858,14:43:45,84.0000,53,1
2026-05-25,000858,14:43:48,84.0000,50,1
2026-05-25,000858,14:43:51,84.0000,5,2
2026-05-25,000858,14:43:54,83.9900,50,2
2026-05-25,000858,14:43:57,84.0000,8,1
2026-05-25,000858,14:44:00,84.0000,45,1
2026-05-25,000858,14:44:03,84.0000,34,1
2026-05-25,000858,14:44:06,83.9900,58,2
2026-05-25,000858,14:44:09,83.9800,5,2
2026-05-25,000858,14:44:12,83.9900,12,2
2026-05-25,000858,14:44:15,83.9800,93,2
2026-05-25,000858,14:44:18,83.9900,14,2
2026-05-25,000858,14:44:21,84.0000,64,1
2026-05-25,000858,14:44:24,83.9800,35,2
2026-05-25,000858,14:44:27,84.0000,15,1
2026-05-25,000858,14:44:30,83.9900,36,2
2026-05-25,000858,14:44:33,83.9900,47,2
2026-05-25,000858,14:44:36,83.9800,44,2
2026-05-25,000858,14:44:39,84.0000,13,1
2026-05-25,000858,14:44:42,83.9800,28,2
2026-05-25,000858,14:44:45,84.0000,37,1
2026-05-25,000858,14:44:48,84.0000,11,2
2026-05-25,000858,14:44:51,84.0000,13,1
2026-05-25,000858,14:44:54,83.9900,25,2
2026-05-25,000858,14:44:57,84.0000,16,1
2026-05-25,000858,14:45:00,84.0000,110,1
2026-05-25,000858,14:45:03,83.9800,54,2
2026-05-25,000858,14:45:06,83.9900,14,2
2026-05-25,000858,14:45:09,84.0100,54,1
2026-05-25,000858,14:45:12,83.9900,19,2
2026-05-25,000858,14:45:15,83.9900,114,2
2026-05-25,000858,14:45:18,84.0000,14,1
2026-05-25,000858,14:45:21,83.9900,8,2
2026-05-25,000858,14:45:24,83.9900,29,2
2026-05-25,000858,14:45:27,83.9800,47,2
2026-05-25,000858,14:45:30,83.9900,64,1
2026-05-25,000858,14:45:33,83.9900,82,1
2026-05-25,000858,14:45:36,83.9900,169,2
2026-05-25,000858,14:45:39,83.9800,17,2
2026-05-25,000858,14:45:42,84.0000,13,1
2026-05-25,000858,14:45:45,84.0100,147,1
2026-05-25,000858,14:45:48,84.0000,8,1
2026-05-25,000858,14:45:51,84.0000,29,1
2026-05-25,000858,14:45:54,84.0000,14,1
2026-05-25,000858,14:45:57,84.0000,12,1
2026-05-25,000858,14:46:00,84.0000,31,1
2026-05-25,000858,14:46:03,83.9900,28,2
2026-05-25,000858,14:46:06,83.9900,17,4
2026-05-25,000858,14:46:09,84.0000,57,1
2026-05-25,000858,14:46:12,84.0000,43,2
2026-05-25,000858,14:46:15,84.0000,16,2
2026-05-25,000858,14:46:18,84.0000,16,2
2026-05-25,000858,14:46:21,84.0000,16,2
2026-05-25,000858,14:46:24,84.0100,19,1
2026-05-25,000858,14:46:27,84.0100,28,2
2026-05-25,000858,14:46:30,84.0100,33,2
2026-05-25,000858,14:46:33,84.0100,15,2
2026-05-25,000858,14:46:36,84.0200,20,1
2026-05-25,000858,14:46:39,84.0100,16,4
2026-05-25,000858,14:46:42,84.0100,43,2
2026-05-25,000858,14:46:45,84.0200,7,1
2026-05-25,000858,14:46:48,84.0200,56,1
2026-05-25,000858,14:46:51,84.0100,108,2
2026-05-25,000858,14:46:54,84.0100,25,2
2026-05-25,000858,14:46:57,84.0100,3,1
2026-05-25,000858,14:47:00,84.0100,25,2
2026-05-25,000858,14:47:03,84.0100,5,1
2026-05-25,000858,14:47:06,84.0100,56,1
2026-05-25,000858,14:47:09,84.0100,14,2
2026-05-25,000858,14:47:12,84.0100,31,2
2026-05-25,000858,14:47:15,84.0100,20,2
2026-05-25,000858,14:47:18,84.0300,29,1
2026-05-25,000858,14:47:21,84.0300,6,1
2026-05-25,000858,14:47:24,84.0200,16,2
2026-05-25,000858,14:47:27,84.0300,19,1
2026-05-25,000858,14:47:30,84.0200,206,2
2026-05-25,000858,14:47:33,84.0400,184,1
2026-05-25,000858,14:47:36,84.0400,24,2
2026-05-25,000858,14:47:39,84.0600,250,1
2026-05-25,000858,14:47:42,84.0500,56,2
2026-05-25,000858,14:47:45,84.0800,48,1
2026-05-25,000858,14:47:48,84.0900,47,1
2026-05-25,000858,14:47:51,84.0800,56,2
2026-05-25,000858,14:47:54,84.1000,157,1
2026-05-25,000858,14:47:57,84.1000,18,2
2026-05-25,000858,14:48:00,84.1000,97,2
2026-05-25,000858,14:48:03,84.1000,77,2
2026-05-25,000858,14:48:06,84.0800,122,2
2026-05-25,000858,14:48:09,84.0800,30,2
2026-05-25,000858,14:48:12,84.1000,101,1
2026-05-25,000858,14:48:15,84.0800,12,2
2026-05-25,000858,14:48:18,83.9900,278,2
2026-05-25,000858,14:48:21,84.0000,51,2
2026-05-25,000858,14:48:24,84.0100,13,2
2026-05-25,000858,14:48:27,84.0100,35,2
2026-05-25,000858,14:48:30,84.0600,21,1
2026-05-25,000858,14:48:33,84.0800,18,1
2026-05-25,000858,14:48:36,84.0800,63,1
2026-05-25,000858,14:48:39,84.0800,7,2
2026-05-25,000858,14:48:42,84.0900,41,1
2026-05-25,000858,14:48:45,84.0800,41,2
2026-05-25,000858,14:48:48,84.0900,120,1
2026-05-25,000858,14:48:51,84.0800,52,2
2026-05-25,000858,14:48:54,84.0700,40,2
2026-05-25,000858,14:48:57,84.0800,1,1
2026-05-25,000858,14:49:00,84.0700,8,1
2026-05-25,000858,14:49:03,84.0300,25,2
2026-05-25,000858,14:49:06,84.0300,95,2
2026-05-25,000858,14:49:09,84.0000,119,2
2026-05-25,000858,14:49:12,84.0300,4,1
2026-05-25,000858,14:49:15,84.0000,137,2
2026-05-25,000858,14:49:18,84.0300,103,2
2026-05-25,000858,14:49:21,84.0600,28,1
2026-05-25,000858,14:49:24,84.0300,27,2
2026-05-25,000858,14:49:27,84.0400,31,2
2026-05-25,000858,14:49:30,84.0300,41,2
2026-05-25,000858,14:49:33,84.0500,13,1
2026-05-25,000858,14:49:36,84.0500,12,2
2026-05-25,000858,14:49:39,84.0300,9,2
2026-05-25,000858,14:49:42,84.0500,29,1
2026-05-25,000858,14:49:45,84.0500,18,2
2026-05-25,000858,14:49:48,84.0500,55,1
2026-05-25,000858,14:49:51,84.0600,12,1
2026-05-25,000858,14:49:54,84.0500,17,2
2026-05-25,000858,14:49:57,84.0500,21,2
2026-05-25,000858,14:50:00,84.0600,59,4
2026-05-25,000858,14:50:03,84.0700,38,1
2026-05-25,000858,14:50:06,84.0600,112,2
2026-05-25,000858,14:50:09,84.0600,18,2
2026-05-25,000858,14:50:12,84.0700,27,1
2026-05-25,000858,14:50:15,84.0600,104,2
2026-05-25,000858,14:50:18,84.0600,42,2
2026-05-25,000858,14:50:21,84.0600,27,2
2026-05-25,000858,14:50:24,84.0600,121,2
2026-05-25,000858,14:50:27,84.0600,11,1
2026-05-25,000858,14:50:30,84.0500,48,2
2026-05-25,000858,14:50:33,84.0600,18,4
2026-05-25,000858,14:50:36,84.0500,48,2
2026-05-25,000858,14:50:39,84.0600,33,4
2026-05-25,000858,14:50:42,84.0500,17,2
2026-05-25,000858,14:50:45,84.0500,29,2
2026-05-25,000858,14:50:48,84.0600,51,1
2026-05-25,000858,14:50:51,84.0600,19,1
2026-05-25,000858,14:50:54,84.0600,46,2
2026-05-25,000858,14:50:57,84.0600,19,2
2026-05-25,000858,14:51:00,84.0700,41,1
2026-05-25,000858,14:51:03,84.0600,15,4
2026-05-25,000858,14:51:06,84.0600,114,2
2026-05-25,000858,14:51:09,84.0600,21,2
2026-05-25,000858,14:51:12,84.0600,35,1
2026-05-25,000858,14:51:15,84.0500,27,2
2026-05-25,000858,14:51:18,84.0600,27,4
2026-05-25,000858,14:51:21,84.0500,11,2
2026-05-25,000858,14:51:24,84.0500,52,2
2026-05-25,000858,14:51:27,84.0600,46,1
2026-05-25,000858,14:51:30,84.0700,55,1
2026-05-25,000858,14:51:33,84.0800,47,1
2026-05-25,000858,14:51:36,84.0700,68,4
2026-05-25,000858,14:51:39,84.0700,21,1
2026-05-25,000858,14:51:42,84.0800,28,1
2026-05-25,000858,14:51:45,84.0700,26,2
2026-05-25,000858,14:51:48,84.0900,8,1
2026-05-25,000858,14:51:51,84.0900,10,1
2026-05-25,000858,14:51:54,84.0800,104,2
2026-05-25,000858,14:51:57,84.0900,16,1
2026-05-25,000858,14:52:00,84.0800,27,2
2026-05-25,000858,14:52:03,84.0800,17,1
2026-05-25,000858,14:52:06,84.0700,11,2
2026-05-25,000858,14:52:09,84.0700,57,2
2026-05-25,000858,14:52:12,84.0700,36,2
2026-05-25,000858,14:52:15,84.0600,36,2
2026-05-25,000858,14:52:18,84.0800,18,2
2026-05-25,000858,14:52:21,84.0900,27,1
2026-05-25,000858,14:52:24,84.0800,3,2
2026-05-25,000858,14:52:27,84.0800,56,2
2026-05-25,000858,14:52:30,84.0900,29,4
2026-05-25,000858,14:52:33,84.1000,29,1
2026-05-25,000858,14:52:36,84.1000,28,1
2026-05-25,000858,14:52:39,84.0900,30,1
2026-05-25,000858,14:52:42,84.0900,19,1
2026-05-25,000858,14:52:45,84.0900,24,1
2026-05-25,000858,14:52:48,84.0800,9,1
2026-05-25,000858,14:52:51,84.0900,66,1
2026-05-25,000858,14:52:54,84.0800,5,2
2026-05-25,000858,14:52:57,84.0800,36,2
2026-05-25,000858,14:53:00,84.0800,85,2
2026-05-25,000858,14:53:03,84.0800,17,2
2026-05-25,000858,14:53:06,84.0900,14,1
2026-05-25,000858,14:53:09,84.0900,32,1
2026-05-25,000858,14:53:12,84.0900,17,1
2026-05-25,000858,14:53:15,84.0800,36,2
2026-05-25,000858,14:53:18,84.0900,38,4
2026-05-25,000858,14:53:21,84.0800,4,2
2026-05-25,000858,14:53:24,84.0900,37,1
2026-05-25,000858,14:53:27,84.0800,46,2
2026-05-25,000858,14:53:30,84.0800,39,2
2026-05-25,000858,14:53:33,84.1200,402,1
2026-05-25,000858,14:53:36,84.1100,37,4
2026-05-25,000858,14:53:39,84.1200,36,1
2026-05-25,000858,14:53:42,84.1200,63,1
2026-05-25,000858,14:53:45,84.1300,125,1
2026-05-25,000858,14:53:48,84.1300,46,2
2026-05-25,000858,14:53:51,84.1200,44,2
2026-05-25,000858,14:53:54,84.1200,36,2
2026-05-25,000858,14:53:57,84.1200,29,2
2026-05-25,000858,14:54:00,84.1200,110,2
2026-05-25,000858,14:54:03,84.1300,69,1
2026-05-25,000858,14:54:06,84.1200,32,2
2026-05-25,000858,14:54:09,84.1500,100,1
2026-05-25,000858,14:54:12,84.1300,96,2
2026-05-25,000858,14:54:15,84.1300,6,2
2026-05-25,000858,14:54:18,84.1500,10,1
2026-05-25,000858,14:54:21,84.1500,24,1
2026-05-25,000858,14:54:24,84.1400,82,4
2026-05-25,000858,14:54:27,84.1400,6,2
2026-05-25,000858,14:54:30,84.1400,56,2
2026-05-25,000858,14:54:33,84.1500,25,1
2026-05-25,000858,14:54:36,84.1600,12,1
2026-05-25,000858,14:54:39,84.1400,36,2
2026-05-25,000858,14:54:42,84.1500,40,1
2026-05-25,000858,14:54:45,84.1500,131,1
2026-05-25,000858,14:54:48,84.1400,34,2
2026-05-25,000858,14:54:51,84.1400,29,1
2026-05-25,000858,14:54:54,84.1300,72,4
2026-05-25,000858,14:54:57,84.1200,55,2
2026-05-25,000858,14:55:00,84.1300,14,4
2026-05-25,000858,14:55:03,84.1300,57,1
2026-05-25,000858,14:55:06,84.1400,26,1
2026-05-25,000858,14:55:09,84.1300,92,2
2026-05-25,000858,14:55:12,84.1400,65,1
2026-05-25,000858,14:55:15,84.1400,25,2
2026-05-25,000858,14:55:18,84.1500,12,1
2026-05-25,000858,14:55:21,84.1400,8,2
2026-05-25,000858,14:55:24,84.1500,80,1
2026-05-25,000858,14:55:27,84.1500,30,2
2026-05-25,000858,14:55:30,84.1500,32,1
2026-05-25,000858,14:55:33,84.1500,77,1
2026-05-25,000858,14:55:36,84.1400,25,2
2026-05-25,000858,14:55:39,84.1400,41,2
2026-05-25,000858,14:55:42,84.1500,88,1
2026-05-25,000858,14:55:45,84.1500,70,1
2026-05-25,000858,14:55:48,84.1400,65,2
2026-05-25,000858,14:55:51,84.1400,40,1
2026-05-25,000858,14:55:54,84.1400,27,1
2026-05-25,000858,14:55:57,84.1400,115,1
2026-05-25,000858,14:56:00,84.1400,62,1
2026-05-25,000858,14:56:03,84.1400,37,2
2026-05-25,000858,14:56:06,84.1300,55,2
2026-05-25,000858,14:56:09,84.1400,36,1
2026-05-25,000858,14:56:12,84.1300,46,2
2026-05-25,000858,14:56:15,84.1500,139,1
2026-05-25,000858,14:56:18,84.1600,9,1
2026-05-25,000858,14:56:21,84.1400,42,2
2026-05-25,000858,14:56:24,84.1600,52,1
2026-05-25,000858,14:56:27,84.1500,23,2
2026-05-25,000858,14:56:30,84.1600,151,1
2026-05-25,000858,14:56:33,84.1500,53,2
2026-05-25,000858,14:56:36,84.1300,113,2
2026-05-25,000858,14:56:39,84.1400,35,4
2026-05-25,000858,14:56:42,84.1400,5,1
2026-05-25,000858,14:56:45,84.1300,48,2
2026-05-25,000858,14:56:48,84.1400,56,1
2026-05-25,000858,14:56:51,84.1500,148,1
2026-05-25,000858,14:56:54,84.1300,72,2
2026-05-25,000858,14:56:57,84.1500,37,1
2026-05-25,000858,14:57:00,84.1400,32,1
2026-05-25,000858,15:00:01,84.1400,1954,4
2026-05-25,000858,13:14:57,84.1400,50,1
2026-05-25,000858,13:15:00,84.1200,26,2
2026-05-25,000858,13:15:03,84.1300,28,1
2026-05-25,000858,13:15:06,84.1200,14,2
2026-05-25,000858,13:15:09,84.1200,16,2
2026-05-25,000858,13:15:12,84.1200,102,2
2026-05-25,000858,13:15:15,84.1200,19,1
2026-05-25,000858,13:15:18,84.1200,54,1
2026-05-25,000858,13:15:21,84.1100,13,2
2026-05-25,000858,13:15:24,84.1200,111,1
2026-05-25,000858,13:15:27,84.1100,34,2
2026-05-25,000858,13:15:30,84.1100,24,2
2026-05-25,000858,13:15:33,84.1000,14,2
2026-05-25,000858,13:15:36,84.1100,138,1
2026-05-25,000858,13:15:39,84.1100,16,2
2026-05-25,000858,13:15:42,84.1100,37,2
2026-05-25,000858,13:15:45,84.1100,35,2
2026-05-25,000858,13:15:48,84.1100,31,2
2026-05-25,000858,13:15:51,84.1200,200,1
2026-05-25,000858,13:15:54,84.1100,71,2
2026-05-25,000858,13:15:57,84.1100,49,2
2026-05-25,000858,13:16:00,84.1100,76,1
2026-05-25,000858,13:16:03,84.1100,44,1
2026-05-25,000858,13:16:06,84.1100,9,4
2026-05-25,000858,13:16:09,84.1100,12,2
2026-05-25,000858,13:16:12,84.1200,46,1
2026-05-25,000858,13:16:15,84.1300,9,1
2026-05-25,000858,13:16:18,84.1200,5,2
2026-05-25,000858,13:16:21,84.1300,55,1
2026-05-25,000858,13:16:24,84.1400,78,1
2026-05-25,000858,13:16:27,84.1300,22,2
2026-05-25,000858,13:16:30,84.1400,90,1
2026-05-25,000858,13:16:33,84.1500,57,1
2026-05-25,000858,13:16:36,84.1400,18,2
2026-05-25,000858,13:16:39,84.1600,16,1
2026-05-25,000858,13:16:42,84.1600,46,1
2026-05-25,000858,13:16:45,84.1500,8,2
2026-05-25,000858,13:16:48,84.1600,9,2
2026-05-25,000858,13:16:51,84.1800,22,1
2026-05-25,000858,13:16:54,84.2100,47,1
2026-05-25,000858,13:16:57,84.2300,57,1
2026-05-25,000858,13:17:00,84.2200,9,2
2026-05-25,000858,13:17:03,84.2200,33,2
2026-05-25,000858,13:17:06,84.2400,24,1
2026-05-25,000858,13:17:09,84.2400,9,1
2026-05-25,000858,13:17:12,84.2300,22,2
2026-05-25,000858,13:17:15,84.2400,12,4
2026-05-25,000858,13:17:18,84.2400,13,1
2026-05-25,000858,13:17:21,84.2300,29,2
2026-05-25,000858,13:17:24,84.2200,24,2
2026-05-25,000858,13:17:27,84.2100,18,2
2026-05-25,000858,13:17:30,84.2100,25,2
2026-05-25,000858,13:17:33,84.2000,7,2
2026-05-25,000858,13:17:36,84.2000,7,2
2026-05-25,000858,13:17:39,84.2100,23,1
2026-05-25,000858,13:17:42,84.2100,10,4
2026-05-25,000858,13:17:45,84.2100,15,1
2026-05-25,000858,13:17:48,84.1800,28,2
2026-05-25,000858,13:17:51,84.1700,8,2
2026-05-25,000858,13:17:54,84.1800,7,1
2026-05-25,000858,13:17:57,84.1500,29,2
2026-05-25,000858,13:18:00,84.1600,11,1
2026-05-25,000858,13:18:03,84.1600,2,2
2026-05-25,000858,13:18:06,84.1700,17,1
2026-05-25,000858,13:18:09,84.1900,57,1
2026-05-25,000858,13:18:12,84.1600,70,2
2026-05-25,000858,13:18:15,84.1600,7,2
2026-05-25,000858,13:18:21,84.1800,15,1
2026-05-25,000858,13:18:24,84.1800,10,1
2026-05-25,000858,13:18:27,84.1700,67,2
2026-05-25,000858,13:18:30,84.1700,7,1
2026-05-25,000858,13:18:33,84.1700,15,1
2026-05-25,000858,13:18:36,84.1800,45,1
2026-05-25,000858,13:18:39,84.1800,11,2
2026-05-25,000858,13:18:42,84.1700,18,2
2026-05-25,000858,13:18:45,84.1800,17,1
2026-05-25,000858,13:18:48,84.1800,16,1
2026-05-25,000858,13:18:51,84.1700,14,2
2026-05-25,000858,13:18:54,84.1800,14,1
2026-05-25,000858,13:18:57,84.1700,36,2
2026-05-25,000858,13:19:00,84.1700,8,2
2026-05-25,000858,13:19:03,84.1600,43,2
2026-05-25,000858,13:19:06,84.1600,4,2
2026-05-25,000858,13:19:09,84.1700,9,1
2026-05-25,000858,13:19:12,84.1600,24,2
2026-05-25,000858,13:19:15,84.1600,23,2
2026-05-25,000858,13:19:18,84.1600,3,1
2026-05-25,000858,13:19:21,84.1600,14,1
2026-05-25,000858,13:19:24,84.1600,13,1
2026-05-25,000858,13:19:27,84.1600,45,1
2026-05-25,000858,13:19:30,84.1500,8,2
2026-05-25,000858,13:19:33,84.1500,64,2
2026-05-25,000858,13:19:36,84.1500,11,2
2026-05-25,000858,13:19:39,84.1500,21,2
2026-05-25,000858,13:19:42,84.1400,34,2
2026-05-25,000858,13:19:48,84.1400,5,2
2026-05-25,000858,13:19:51,84.1400,23,2
2026-05-25,000858,13:19:54,84.1400,25,2
2026-05-25,000858,13:19:57,84.1300,73,2
2026-05-25,000858,13:20:03,84.1300,9,2
2026-05-25,000858,13:20:06,84.1400,39,1
2026-05-25,000858,13:20:09,84.1400,89,1
2026-05-25,000858,13:20:12,84.1300,47,2
2026-05-25,000858,13:20:15,84.1300,11,2
2026-05-25,000858,13:20:18,84.1300,35,2
2026-05-25,000858,13:20:21,84.1300,43,2
2026-05-25,000858,13:20:24,84.1300,298,2
2026-05-25,000858,13:20:27,84.1400,74,4
2026-05-25,000858,13:20:30,84.1300,34,2
2026-05-25,000858,13:20:33,84.1500,66,1
2026-05-25,000858,13:20:36,84.1500,42,2
2026-05-25,000858,13:20:39,84.1400,8,2
2026-05-25,000858,13:20:42,84.1400,44,2
2026-05-25,000858,13:20:45,84.1500,17,1
2026-05-25,000858,13:20:48,84.1600,7,1
2026-05-25,000858,13:20:51,84.1400,13,2
2026-05-25,000858,13:20:54,84.1500,10,1
2026-05-25,000858,13:20:57,84.1500,27,4
2026-05-25,000858,13:21:00,84.1400,42,2
2026-05-25,000858,13:21:03,84.1400,8,2
2026-05-25,000858,13:21:06,84.1400,4,2
2026-05-25,000858,13:21:09,84.1400,7,2
2026-05-25,000858,13:21:12,84.1400,49,2
2026-05-25,000858,13:21:15,84.1500,2,1
2026-05-25,000858,13:21:18,84.1500,2,2
2026-05-25,000858,13:21:21,84.1500,20,2
2026-05-25,000858,13:21:24,84.1400,10,2
2026-05-25,000858,13:21:27,84.1400,45,2
2026-05-25,000858,13:21:30,84.1400,15,2
2026-05-25,000858,13:21:33,84.1500,13,1
2026-05-25,000858,13:21:36,84.1400,13,2
2026-05-25,000858,13:21:39,84.1300,95,2
2026-05-25,000858,13:21:42,84.1200,35,2
2026-05-25,000858,13:21:45,84.1200,48,2
2026-05-25,000858,13:21:48,84.1100,6,2
2026-05-25,000858,13:21:51,84.1100,11,2
2026-05-25,000858,13:21:54,84.1200,17,1
2026-05-25,000858,13:21:57,84.1100,19,2
2026-05-25,000858,13:22:00,84.1100,100,1
2026-05-25,000858,13:22:03,84.1100,43,2
2026-05-25,000858,13:22:06,84.1100,11,4
2026-05-25,000858,13:22:09,84.1000,19,2
2026-05-25,000858,13:22:12,84.1000,107,2
2026-05-25,000858,13:22:15,84.1000,15,1
2026-05-25,000858,13:22:18,84.1000,8,1
2026-05-25,000858,13:22:21,84.0900,9,2
2026-05-25,000858,13:22:24,84.1000,115,1
2026-05-25,000858,13:22:27,84.0900,15,2
2026-05-25,000858,13:22:30,84.0800,8,2
2026-05-25,000858,13:22:33,84.0900,18,1
2026-05-25,000858,13:22:36,84.0900,129,1
2026-05-25,000858,13:22:39,84.0900,50,1
2026-05-25,000858,13:22:42,84.0900,36,1
2026-05-25,000858,13:22:45,84.0800,71,2
2026-05-25,000858,13:22:48,84.0800,28,2
2026-05-25,000858,13:22:51,84.1000,208,1
2026-05-25,000858,13:22:54,84.0900,59,2
2026-05-25,000858,13:22:57,84.0900,106,2
2026-05-25,000858,13:23:00,84.1000,8,4
2026-05-25,000858,13:23:03,84.1000,10,2
2026-05-25,000858,13:23:06,84.1000,21,2
2026-05-25,000858,13:23:09,84.1000,22,2
2026-05-25,000858,13:23:12,84.1000,67,2
2026-05-25,000858,13:23:15,84.0900,14,2
2026-05-25,000858,13:23:18,84.0900,28,2
2026-05-25,000858,13:23:21,84.0900,42,2
2026-05-25,000858,13:23:24,84.0900,35,2
2026-05-25,000858,13:23:27,84.0900,24,4
2026-05-25,000858,13:23:30,84.0900,73,1
2026-05-25,000858,13:23:33,84.0800,28,2
2026-05-25,000858,13:23:36,84.0800,4,2
2026-05-25,000858,13:23:39,84.0800,11,2
2026-05-25,000858,13:23:42,84.0700,67,2
2026-05-25,000858,13:23:45,84.0700,11,2
2026-05-25,000858,13:23:48,84.0800,193,1
2026-05-25,000858,13:23:51,84.0700,8,2
2026-05-25,000858,13:23:54,84.0700,152,2
2026-05-25,000858,13:23:57,84.0800,64,1
2026-05-25,000858,13:24:00,84.0700,7,2
2026-05-25,000858,13:24:03,84.0800,67,1
2026-05-25,000858,13:24:06,84.0700,18,2
2026-05-25,000858,13:24:09,84.0700,8,2
2026-05-25,000858,13:24:12,84.0700,52,2
2026-05-25,000858,13:24:15,84.0700,18,2
2026-05-25,000858,13:24:18,84.0700,26,1
2026-05-25,000858,13:24:21,84.0600,56,2
2026-05-25,000858,13:24:24,84.0600,25,2
2026-05-25,000858,13:24:27,84.0600,33,2
2026-05-25,000858,13:24:30,84.0500,16,2
2026-05-25,000858,13:24:33,84.0500,10,2
2026-05-25,000858,13:24:36,84.0500,72,2
2026-05-25,000858,13:24:39,84.0500,30,2
2026-05-25,000858,13:24:42,84.0500,31,1
2026-05-25,000858,13:24:45,84.0500,3,1
2026-05-25,000858,13:24:48,84.0400,13,2
2026-05-25,000858,13:24:51,84.0500,52,1
2026-05-25,000858,13:24:54,84.0400,122,2
2026-05-25,000858,13:24:57,84.0400,35,1
2026-05-25,000858,13:25:00,84.0300,146,2
2026-05-25,000858,13:25:03,84.0300,27,2
2026-05-25,000858,13:25:06,84.0300,96,2
2026-05-25,000858,13:25:09,84.0200,83,2
2026-05-25,000858,13:25:12,84.0200,37,2
2026-05-25,000858,13:25:15,84.0100,10,2
2026-05-25,000858,13:25:18,84.0100,9,2
2026-05-25,000858,13:25:21,84.0100,64,2
2026-05-25,000858,13:25:24,84.0100,6,2
2026-05-25,000858,13:25:27,84.0200,61,1
2026-05-25,000858,13:25:30,84.0200,88,1
2026-05-25,000858,13:25:33,84.0100,13,2
2026-05-25,000858,13:25:36,84.0100,106,2
2026-05-25,000858,13:25:39,84.0100,16,2
2026-05-25,000858,13:25:42,84.0100,49,2
2026-05-25,000858,13:25:45,84.0100,37,2
2026-05-25,000858,13:25:48,84.0100,62,2
2026-05-25,000858,13:25:51,84.0100,2,2
2026-05-25,000858,13:25:54,84.0100,63,2
2026-05-25,000858,13:25:57,84.0100,22,1
2026-05-25,000858,13:26:00,84.0000,15,2
2026-05-25,000858,13:26:03,84.0100,51,1
2026-05-25,000858,13:26:06,84.0100,21,2
2026-05-25,000858,13:26:12,84.0100,39,2
2026-05-25,000858,13:26:15,84.0100,31,2
2026-05-25,000858,13:26:18,84.0100,463,1
2026-05-25,000858,13:26:21,84.0300,105,1
2026-05-25,000858,13:26:24,84.0200,21,4
2026-05-25,000858,13:26:27,84.0200,46,2
2026-05-25,000858,13:26:30,84.0100,195,2
2026-05-25,000858,13:26:33,84.0000,168,2
2026-05-25,000858,13:26:36,84.0100,45,1
2026-05-25,000858,13:26:39,84.0000,27,2
2026-05-25,000858,13:26:42,84.0000,60,2
2026-05-25,000858,13:26:45,84.0000,44,2
2026-05-25,000858,13:26:48,84.0100,49,1
2026-05-25,000858,13:26:51,84.0100,30,1
2026-05-25,000858,13:26:54,84.0000,25,2
2026-05-25,000858,13:26:57,84.0000,53,2
2026-05-25,000858,13:27:00,84.0000,6,2
2026-05-25,000858,13:27:03,84.0000,38,2
2026-05-25,000858,13:27:06,84.0100,55,1
2026-05-25,000858,13:27:09,84.0100,8,1
2026-05-25,000858,13:27:12,84.0100,32,1
2026-05-25,000858,13:27:15,84.0100,30,1
2026-05-25,000858,13:27:18,84.0000,81,2
2026-05-25,000858,13:27:21,84.0000,61,2
2026-05-25,000858,13:27:24,84.0000,25,2
2026-05-25,000858,13:27:27,84.0100,204,1
2026-05-25,000858,13:27:30,84.0000,44,2
2026-05-25,000858,13:27:33,84.0000,48,2
2026-05-25,000858,13:27:36,84.0000,270,2
2026-05-25,000858,13:27:39,84.0000,32,2
2026-05-25,000858,13:27:42,84.0100,118,1
2026-05-25,000858,13:27:45,84.0000,69,2
2026-05-25,000858,13:27:48,84.0000,45,2
2026-05-25,000858,13:27:51,84.0000,27,2
2026-05-25,000858,13:27:54,84.0100,18,1
2026-05-25,000858,13:27:57,84.0100,61,1
2026-05-25,000858,13:28:00,84.0000,23,2
2026-05-25,000858,13:28:03,84.0000,126,2
2026-05-25,000858,13:28:06,84.0100,10,1
2026-05-25,000858,13:28:09,84.0100,40,2
2026-05-25,000858,13:28:12,84.0100,33,2
2026-05-25,000858,13:28:15,84.0200,5,1
2026-05-25,000858,13:28:18,84.0100,8,2
2026-05-25,000858,13:28:21,84.0200,70,1
2026-05-25,000858,13:28:24,84.0200,7,2
2026-05-25,000858,13:28:27,84.0300,23,1
2026-05-25,000858,13:28:30,84.0200,12,1
2026-05-25,000858,13:28:33,84.0300,13,1
2026-05-25,000858,13:28:36,84.0300,9,1
2026-05-25,000858,13:28:39,84.0300,15,1
2026-05-25,000858,13:28:42,84.0200,55,2
2026-05-25,000858,13:28:45,84.0400,66,1
2026-05-25,000858,13:28:48,84.0300,48,2
2026-05-25,000858,13:28:51,84.0600,7,1
2026-05-25,000858,13:28:54,84.0600,58,1
2026-05-25,000858,13:28:57,84.0500,31,4
2026-05-25,000858,13:29:00,84.0500,12,1
2026-05-25,000858,13:29:03,84.0600,27,1
2026-05-25,000858,13:29:06,84.0600,7,1
2026-05-25,000858,13:29:09,84.0500,12,2
2026-05-25,000858,13:29:12,84.0500,39,2
2026-05-25,000858,13:29:15,84.0400,48,2
2026-05-25,000858,13:29:18,84.0400,43,2
2026-05-25,000858,13:29:21,84.0400,9,1
2026-05-25,000858,13:29:24,84.0500,48,1
2026-05-25,000858,13:29:27,84.0400,6,2
2026-05-25,000858,13:29:30,84.0500,21,1
2026-05-25,000858,13:29:33,84.0500,10,1
2026-05-25,000858,13:29:36,84.0400,5,2
2026-05-25,000858,13:29:39,84.0500,5,1
2026-05-25,000858,13:29:42,84.0400,30,2
2026-05-25,000858,13:29:45,84.0500,91,1
2026-05-25,000858,13:29:48,84.0700,10,1
2026-05-25,000858,13:29:51,84.0600,9,4
2026-05-25,000858,13:29:54,84.0900,117,1
2026-05-25,000858,13:29:57,84.0500,21,2
2026-05-25,000858,13:30:00,84.0800,1,1
2026-05-25,000858,13:30:03,84.0700,19,2
2026-05-25,000858,13:30:06,84.0700,8,1
2026-05-25,000858,13:30:09,84.0800,63,1
2026-05-25,000858,13:30:12,84.0700,23,2
2026-05-25,000858,13:30:15,84.0700,39,1
2026-05-25,000858,13:30:18,84.0700,7,2
2026-05-25,000858,13:30:21,84.0500,37,2
2026-05-25,000858,13:30:24,84.0600,4,2
2026-05-25,000858,13:30:27,84.0600,34,2
2026-05-25,000858,13:30:30,84.0500,5,2
2026-05-25,000858,13:30:33,84.0500,7,2
2026-05-25,000858,13:30:36,84.0600,3,2
2026-05-25,000858,13:30:39,84.0700,10,1
2026-05-25,000858,13:30:42,84.0700,71,2
2026-05-25,000858,13:30:45,84.0900,5,1
2026-05-25,000858,13:30:48,84.0900,6,1
2026-05-25,000858,13:30:51,84.0800,19,2
2026-05-25,000858,13:30:54,84.0800,26,2
2026-05-25,000858,13:30:57,84.0700,23,2
2026-05-25,000858,13:31:00,84.0700,16,2
2026-05-25,000858,13:31:03,84.0700,26,2
2026-05-25,000858,13:31:06,84.0700,18,2
2026-05-25,000858,13:31:12,84.0700,46,2
2026-05-25,000858,13:31:15,84.0800,1,4
2026-05-25,000858,13:31:18,84.0800,7,2
2026-05-25,000858,13:31:21,84.1000,46,1
2026-05-25,000858,13:31:24,84.1000,9,1
2026-05-25,000858,13:31:27,84.1000,30,1
2026-05-25,000858,13:31:30,84.1000,153,1
2026-05-25,000858,13:31:33,84.0900,103,2
2026-05-25,000858,13:31:36,84.0900,129,2
2026-05-25,000858,13:31:39,84.0800,27,2
2026-05-25,000858,13:31:42,84.0800,35,1
2026-05-25,000858,13:31:45,84.0700,25,2
2026-05-25,000858,13:31:48,84.0700,32,2
2026-05-25,000858,13:31:51,84.0700,7,2
2026-05-25,000858,13:31:54,84.0700,43,2
2026-05-25,000858,13:31:57,84.0700,31,2
2026-05-25,000858,13:32:00,84.0700,19,1
2026-05-25,000858,13:32:03,84.0600,8,2
2026-05-25,000858,13:32:06,84.0600,62,2
2026-05-25,000858,13:32:09,84.0700,12,1
2026-05-25,000858,13:32:12,84.0600,22,2
2026-05-25,000858,13:32:15,84.0700,8,1
2026-05-25,000858,13:32:18,84.0600,9,2
2026-05-25,000858,13:32:21,84.0600,26,2
2026-05-25,000858,13:32:24,84.0600,24,2
2026-05-25,000858,13:32:27,84.0500,45,2
2026-05-25,000858,13:32:30,84.0500,18,2
2026-05-25,000858,13:32:33,84.0600,48,1
2026-05-25,000858,13:32:36,84.0500,39,2
2026-05-25,000858,13:32:39,84.0500,10,1
2026-05-25,000858,13:32:42,84.0400,25,2
2026-05-25,000858,13:32:45,84.0400,10,2
2026-05-25,000858,13:32:48,84.0300,40,2
2026-05-25,000858,13:32:51,84.0300,20,2
2026-05-25,000858,13:32:54,84.0400,5,1
2026-05-25,000858,13:32:57,84.0300,15,2
2026-05-25,000858,13:33:00,84.0300,3,2
2026-05-25,000858,13:33:03,84.0300,6,2
2026-05-25,000858,13:33:06,84.0300,8,2
2026-05-25,000858,13:33:09,84.0200,28,2
2026-05-25,000858,13:33:12,84.0200,39,2
2026-05-25,000858,13:33:15,84.0200,9,2
2026-05-25,000858,13:33:18,84.0200,8,1
2026-05-25,000858,13:33:21,84.0100,7,2
2026-05-25,000858,13:33:24,84.0200,132,1
2026-05-25,000858,13:33:27,84.0100,33,2
2026-05-25,000858,13:33:30,84.0100,35,2
2026-05-25,000858,13:33:33,84.0200,35,1
2026-05-25,000858,13:33:36,84.0100,23,2
2026-05-25,000858,13:33:39,84.0100,22,2
2026-05-25,000858,13:33:42,84.0000,109,2
2026-05-25,000858,13:33:45,84.0000,4,2
2026-05-25,000858,13:33:48,84.0000,38,2
2026-05-25,000858,13:33:51,84.0000,55,2
2026-05-25,000858,13:33:54,84.0000,11,2
2026-05-25,000858,13:33:57,84.0000,79,2
2026-05-25,000858,13:34:00,84.0000,43,2
2026-05-25,000858,13:34:03,84.0000,29,2
2026-05-25,000858,13:34:06,84.0100,10,1
2026-05-25,000858,13:34:09,84.0100,18,1
2026-05-25,000858,13:34:12,84.0000,31,2
2026-05-25,000858,13:34:15,84.0100,27,1
2026-05-25,000858,13:34:18,84.0100,23,1
2026-05-25,000858,13:34:21,84.0100,155,1
2026-05-25,000858,13:34:24,84.0100,31,1
2026-05-25,000858,13:34:27,84.0200,70,1
2026-05-25,000858,13:34:30,84.0000,50,2
2026-05-25,000858,13:34:33,84.0200,16,1
2026-05-25,000858,13:34:36,84.0100,36,2
2026-05-25,000858,13:34:39,84.0200,5,4
2026-05-25,000858,13:34:42,84.0100,22,2
2026-05-25,000858,13:34:45,84.0200,8,1
2026-05-25,000858,13:34:48,84.0100,3,2
2026-05-25,000858,13:34:51,84.0200,25,1
2026-05-25,000858,13:34:54,84.0200,4,1
2026-05-25,000858,13:34:57,84.0100,46,2
2026-05-25,000858,13:35:00,84.0100,12,2
2026-05-25,000858,13:35:03,84.0100,12,2
2026-05-25,000858,13:35:06,84.0100,6,2
2026-05-25,000858,13:35:09,84.0100,33,2
2026-05-25,000858,13:35:12,84.0000,33,2
2026-05-25,000858,13:35:15,84.0000,6,2
2026-05-25,000858,13:35:18,84.0100,7,1
2026-05-25,000858,13:35:21,84.0000,4,2
2026-05-25,000858,13:35:24,84.0000,13,2
2026-05-25,000858,13:35:27,84.0000,36,2
2026-05-25,000858,13:35:30,84.0000,4,2
2026-05-25,000858,13:35:33,84.0100,42,1
2026-05-25,000858,13:35:36,84.0100,8,1
2026-05-25,000858,13:35:39,84.0100,2,1
2026-05-25,000858,13:35:42,84.0000,48,2
2026-05-25,000858,13:35:45,84.0100,26,1
2026-05-25,000858,13:35:48,84.0200,49,1
2026-05-25,000858,13:35:51,84.0300,26,1
2026-05-25,000858,13:35:54,84.0300,6,2
2026-05-25,000858,13:35:57,84.0300,44,1
2026-05-25,000858,13:36:00,84.0400,27,1
2026-05-25,000858,13:36:03,84.0600,164,1
2026-05-25,000858,13:36:06,84.0600,28,2
2026-05-25,000858,13:36:09,84.0700,1,1
2026-05-25,000858,13:36:12,84.0700,60,2
2026-05-25,000858,13:36:15,84.0700,25,1
2026-05-25,000858,13:36:18,84.0700,10,1
2026-05-25,000858,13:36:21,84.0500,13,2
2026-05-25,000858,13:36:24,84.0500,15,2
2026-05-25,000858,13:36:27,84.0500,16,2
2026-05-25,000858,13:36:30,84.0700,24,1
2026-05-25,000858,13:36:33,84.0400,29,2
2026-05-25,000858,13:36:36,84.0700,11,1
2026-05-25,000858,13:36:39,84.0800,40,1
2026-05-25,000858,13:36:42,84.0700,16,1
2026-05-25,000858,13:36:45,84.0700,26,1
2026-05-25,000858,13:36:48,84.0700,5,1
2026-05-25,000858,13:36:51,84.0500,13,2
2026-05-25,000858,13:36:54,84.0600,8,2
2026-05-25,000858,13:36:57,84.0500,18,2
2026-05-25,000858,13:37:00,84.0700,27,1
2026-05-25,000858,13:37:03,84.0500,17,2
2026-05-25,000858,13:37:06,84.0700,2,1
2026-05-25,000858,13:37:09,84.0700,8,1
2026-05-25,000858,13:37:12,84.0600,29,2
2026-05-25,000858,13:37:15,84.0600,11,2
2026-05-25,000858,13:37:18,84.0600,5,4
2026-05-25,000858,13:37:21,84.0700,39,1
2026-05-25,000858,13:37:24,84.0600,6,2
2026-05-25,000858,13:37:27,84.0600,99,2
2026-05-25,000858,13:37:30,84.0700,5,4
2026-05-25,000858,13:37:33,84.0700,12,2
2026-05-25,000858,13:37:36,84.0500,36,2
2026-05-25,000858,13:37:39,84.0600,14,1
2026-05-25,000858,13:37:42,84.0400,12,2
2026-05-25,000858,13:37:45,84.0400,3,2
2026-05-25,000858,13:37:48,84.0300,11,2
2026-05-25,000858,13:37:51,84.0300,6,2
2026-05-25,000858,13:37:54,84.0400,11,1
2026-05-25,000858,13:37:57,84.0300,35,2
2026-05-25,000858,13:38:00,84.0400,52,1
2026-05-25,000858,13:38:03,84.0500,26,1
2026-05-25,000858,13:38:06,84.0200,25,2
2026-05-25,000858,13:38:09,84.0400,18,1
2026-05-25,000858,13:38:12,84.0300,18,4
2026-05-25,000858,13:38:15,84.0200,70,2
2026-05-25,000858,13:38:18,84.0200,37,1
2026-05-25,000858,13:38:21,84.0200,7,1
2026-05-25,000858,13:38:24,84.0100,31,2
2026-05-25,000858,13:38:27,84.0100,68,2
2026-05-25,000858,13:38:30,84.0200,15,1
2026-05-25,000858,13:38:33,84.0100,6,2
2026-05-25,000858,13:38:36,84.0100,96,2
2026-05-25,000858,13:38:39,84.0000,28,2
2026-05-25,000858,13:38:42,84.0000,52,2
2026-05-25,000858,13:38:45,84.0000,23,2
2026-05-25,000858,13:38:48,84.0000,8,2
2026-05-25,000858,13:38:51,84.0000,4,2
2026-05-25,000858,13:38:54,84.0000,38,2
2026-05-25,000858,13:38:57,84.0000,38,2
2026-05-25,000858,13:39:00,84.0000,15,2
2026-05-25,000858,13:39:03,84.0000,30,2
2026-05-25,000858,13:39:06,84.0000,18,2
2026-05-25,000858,13:39:09,84.0100,71,1
2026-05-25,000858,13:39:12,84.0000,37,2
2026-05-25,000858,13:39:15,84.0000,30,2
2026-05-25,000858,13:39:18,84.0000,102,2
2026-05-25,000858,13:39:21,83.9900,16,2
2026-05-25,000858,13:39:27,83.9900,41,2
2026-05-25,000858,13:39:30,84.0000,8,1
2026-05-25,000858,13:39:33,83.9900,11,2
2026-05-25,000858,13:39:36,83.9900,10,2
2026-05-25,000858,13:39:39,83.9900,5,2
2026-05-25,000858,13:39:42,83.9900,51,2
2026-05-25,000858,13:39:45,84.0000,16,1
2026-05-25,000858,13:39:48,83.9900,5,2
2026-05-25,000858,13:39:51,83.9900,24,2
2026-05-25,000858,13:39:54,83.9900,27,2
2026-05-25,000858,13:39:57,83.9900,37,2
2026-05-25,000858,13:40:00,84.0000,118,1
2026-05-25,000858,13:40:03,83.9900,17,2
2026-05-25,000858,13:40:06,84.0000,9,1
2026-05-25,000858,13:40:09,83.9900,7,2
2026-05-25,000858,13:40:12,84.0000,56,1
2026-05-25,000858,13:40:15,83.9900,20,2
2026-05-25,000858,13:40:18,83.9900,15,1
2026-05-25,000858,13:40:21,83.9800,72,2
2026-05-25,000858,13:40:24,83.9800,21,2
2026-05-25,000858,13:40:27,83.9800,46,2
2026-05-25,000858,13:40:30,83.9800,15,2
2026-05-25,000858,13:40:33,83.9900,7,1
2026-05-25,000858,13:40:36,83.9900,30,1
2026-05-25,000858,13:40:39,83.9800,20,2
2026-05-25,000858,13:40:42,83.9800,74,2
2026-05-25,000858,13:40:45,83.9900,51,1
2026-05-25,000858,13:40:48,83.9800,12,2
2026-05-25,000858,13:40:51,83.9900,10,1
2026-05-25,000858,13:40:54,83.9800,103,2
2026-05-25,000858,13:40:57,83.9700,27,2
2026-05-25,000858,13:41:00,83.9700,14,2
2026-05-25,000858,13:41:03,83.9700,3,2
2026-05-25,000858,13:41:06,83.9800,14,1
2026-05-25,000858,13:41:09,83.9700,11,2
2026-05-25,000858,13:41:12,83.9700,45,2
2026-05-25,000858,13:41:15,83.9600,10,2
2026-05-25,000858,13:41:18,83.9700,14,1
2026-05-25,000858,13:41:21,83.9600,19,2
2026-05-25,000858,13:41:24,83.9600,24,2
2026-05-25,000858,13:41:27,83.9600,49,2
2026-05-25,000858,13:41:30,83.9600,24,2
2026-05-25,000858,13:41:33,83.9600,32,2
2026-05-25,000858,13:41:36,83.9600,8,2
2026-05-25,000858,13:41:39,83.9600,39,2
2026-05-25,000858,13:41:42,83.9600,69,2
2026-05-25,000858,13:41:45,83.9600,37,2
2026-05-25,000858,13:41:48,83.9700,6,1
2026-05-25,000858,13:41:51,83.9600,4,2
2026-05-25,000858,13:41:54,83.9700,24,1
2026-05-25,000858,13:41:57,83.9600,11,2
2026-05-25,000858,13:42:00,83.9600,4,1
2026-05-25,000858,13:42:03,83.9600,14,1
2026-05-25,000858,13:42:06,83.9500,19,2
2026-05-25,000858,13:42:09,83.9500,5,2
2026-05-25,000858,13:42:12,83.9500,39,2
2026-05-25,000858,13:42:15,83.9500,54,2
2026-05-25,000858,13:42:18,83.9500,53,2
2026-05-25,000858,13:42:21,83.9500,20,2
2026-05-25,000858,13:42:24,83.9500,17,2
2026-05-25,000858,13:42:27,83.9400,34,2
2026-05-25,000858,13:42:30,83.9300,30,2
2026-05-25,000858,13:42:33,83.9300,31,2
2026-05-25,000858,13:42:36,83.9300,5,2
2026-05-25,000858,13:42:39,83.9300,28,2
2026-05-25,000858,13:42:42,83.9200,33,2
2026-05-25,000858,13:42:45,83.9300,29,1
2026-05-25,000858,13:42:48,83.9300,5,1
2026-05-25,000858,13:42:51,83.9200,62,2
2026-05-25,000858,13:42:54,83.9100,45,2
2026-05-25,000858,13:42:57,83.9100,47,2
2026-05-25,000858,13:43:00,83.9100,19,2
2026-05-25,000858,13:43:03,83.9000,41,2
2026-05-25,000858,13:43:06,83.9000,9,2
2026-05-25,000858,13:43:09,83.9000,28,2
2026-05-25,000858,13:43:12,83.8900,93,2
2026-05-25,000858,13:43:15,83.9000,14,1
2026-05-25,000858,13:43:18,83.9000,33,1
2026-05-25,000858,13:43:21,83.8900,57,2
2026-05-25,000858,13:43:24,83.8800,45,2
2026-05-25,000858,13:43:27,83.8900,213,1
2026-05-25,000858,13:43:30,83.9300,165,1
2026-05-25,000858,13:43:33,83.9300,36,1
2026-05-25,000858,13:43:36,83.9200,20,2
2026-05-25,000858,13:43:39,83.9400,62,1
2026-05-25,000858,13:43:42,83.9300,42,2
2026-05-25,000858,13:43:45,83.9400,18,2
2026-05-25,000858,13:43:48,83.9600,7,1
2026-05-25,000858,13:43:51,83.9600,3,1
2026-05-25,000858,13:43:54,83.9500,9,2
2026-05-25,000858,13:43:57,83.9500,13,2
2026-05-25,000858,13:44:00,83.9600,13,1
2026-05-25,000858,13:44:03,83.9500,2,2
2026-05-25,000858,13:44:06,83.9600,12,1
2026-05-25,000858,13:44:09,83.9700,49,1
2026-05-25,000858,13:44:12,83.9900,87,1
2026-05-25,000858,13:44:15,84.0000,174,1
2026-05-25,000858,13:44:18,84.0000,200,1
2026-05-25,000858,13:44:21,84.0200,8,1
2026-05-25,000858,13:44:24,84.0300,15,1
2026-05-25,000858,13:44:27,84.0400,58,1
2026-05-25,000858,13:44:30,84.0500,14,1
2026-05-25,000858,13:44:33,84.0400,18,2
2026-05-25,000858,13:44:36,84.0500,9,1
2026-05-25,000858,13:44:39,84.0400,17,1
2026-05-25,000858,13:44:42,84.0500,26,2
2026-05-25,000858,13:44:45,84.0500,19,2
2026-05-25,000858,13:44:48,84.0600,19,1
2026-05-25,000858,13:44:51,84.0500,14,2
2026-05-25,000858,13:44:54,84.0500,58,2
2026-05-25,000858,13:44:57,84.0400,28,2
2026-05-25,000858,13:45:00,84.0500,10,1
2026-05-25,000858,13:45:03,84.0400,21,2
2026-05-25,000858,13:45:06,84.0500,15,1
2026-05-25,000858,13:45:09,84.0500,57,1
2026-05-25,000858,13:45:12,84.0400,7,2
2026-05-25,000858,13:45:15,84.0400,6,1
2026-05-25,000858,13:45:18,84.0400,1,1
2026-05-25,000858,13:45:21,84.0300,19,2
2026-05-25,000858,13:45:24,84.0400,18,1
2026-05-25,000858,13:45:27,84.0300,6,2
2026-05-25,000858,13:45:30,84.0200,6,2
2026-05-25,000858,13:45:33,84.0200,63,2
2026-05-25,000858,13:45:36,84.0200,8,1
2026-05-25,000858,13:45:39,84.0100,3,2
2026-05-25,000858,13:45:42,84.0000,20,2
2026-05-25,000858,13:45:45,84.0100,11,2
2026-05-25,000858,13:45:48,84.0200,26,1
2026-05-25,000858,13:45:51,84.0000,12,2
2026-05-25,000858,13:45:54,84.0000,10,2
2026-05-25,000858,13:45:57,84.0200,25,1
2026-05-25,000858,13:46:00,84.0000,22,2
2026-05-25,000858,13:46:03,84.0100,10,1
2026-05-25,000858,13:46:06,84.0000,5,2
2026-05-25,000858,13:46:09,84.0000,3,1
2026-05-25,000858,13:46:12,84.0000,8,2
2026-05-25,000858,13:46:15,84.0000,12,2
2026-05-25,000858,13:46:18,84.0200,37,1
2026-05-25,000858,13:46:21,83.9800,57,2
2026-05-25,000858,13:46:24,84.0000,8,1
2026-05-25,000858,13:46:27,83.9700,26,2
2026-05-25,000858,13:46:30,83.9800,30,2
2026-05-25,000858,13:46:33,83.9800,7,1
2026-05-25,000858,13:46:36,83.9800,15,2
2026-05-25,000858,13:46:39,83.9800,24,2
2026-05-25,000858,13:46:42,83.9800,18,2
2026-05-25,000858,13:46:45,83.9800,35,2
2026-05-25,000858,13:46:48,83.9800,23,2
2026-05-25,000858,13:46:51,83.9700,24,2
2026-05-25,000858,13:46:54,83.9700,33,2
2026-05-25,000858,13:46:57,83.9700,16,2
2026-05-25,000858,13:47:00,83.9800,25,1
2026-05-25,000858,13:47:03,83.9700,28,2
2026-05-25,000858,13:47:06,83.9700,6,2
2026-05-25,000858,13:47:09,83.9600,64,2
2026-05-25,000858,13:47:12,83.9700,20,1
2026-05-25,000858,13:47:15,83.9600,18,2
2026-05-25,000858,13:47:18,83.9900,21,1
2026-05-25,000858,13:47:21,84.0100,116,1
2026-05-25,000858,13:47:24,83.9900,200,2
2026-05-25,000858,13:47:27,84.0300,2,1
2026-05-25,000858,13:47:30,84.0100,43,2
2026-05-25,000858,13:47:33,84.0300,17,1
2026-05-25,000858,13:47:36,84.0300,125,1
2026-05-25,000858,13:47:39,84.0000,112,2
2026-05-25,000858,13:47:42,84.0400,12,1
2026-05-25,000858,13:47:45,84.0100,14,2
2026-05-25,000858,13:47:48,84.0400,24,1
2026-05-25,000858,13:47:51,84.0300,26,2
2026-05-25,000858,13:47:54,84.0300,14,2
2026-05-25,000858,13:47:57,84.0500,6,1
2026-05-25,000858,13:48:00,84.0300,14,2
2026-05-25,000858,13:48:03,84.0400,1,1
2026-05-25,000858,13:48:06,84.0500,12,1
2026-05-25,000858,13:48:09,84.0300,3,2
2026-05-25,000858,13:48:12,84.0300,18,2
2026-05-25,000858,13:48:15,84.0400,64,2
2026-05-25,000858,13:48:18,84.0400,18,1
2026-05-25,000858,13:48:21,84.0400,32,1
2026-05-25,000858,13:48:24,84.0300,12,2
2026-05-25,000858,13:48:27,84.0300,18,2
2026-05-25,000858,13:48:30,84.0100,38,2
2026-05-25,000858,13:48:33,84.0200,92,4
2026-05-25,000858,13:48:36,84.0100,4,2
2026-05-25,000858,13:48:39,84.0200,2,4
2026-05-25,000858,13:48:42,84.0100,7,2
2026-05-25,000858,13:48:45,84.0100,7,2
2026-05-25,000858,13:48:48,84.0100,6,2
2026-05-25,000858,13:48:51,84.0100,7,2
2026-05-25,000858,13:48:54,84.0200,1,1
2026-05-25,000858,13:48:57,84.0100,8,2
2026-05-25,000858,13:49:00,84.0100,12,2
2026-05-25,000858,13:49:03,84.0100,19,2
2026-05-25,000858,13:49:06,84.0100,4,2
2026-05-25,000858,13:49:09,84.0200,15,1
2026-05-25,000858,13:49:12,84.0000,12,2
2026-05-25,000858,13:49:15,84.0200,264,1
2026-05-25,000858,13:49:21,84.0200,5,2
2026-05-25,000858,13:49:24,84.0200,4,2
2026-05-25,000858,13:49:27,84.0200,10,2
2026-05-25,000858,13:49:30,84.0300,26,1
2026-05-25,000858,13:49:33,84.0400,12,1
2026-05-25,000858,13:49:36,84.0300,18,2
2026-05-25,000858,13:49:39,84.0300,17,2
2026-05-25,000858,13:49:42,84.0400,10,1
2026-05-25,000858,13:49:45,84.0400,45,1
2026-05-25,000858,13:49:48,84.0300,15,2
2026-05-25,000858,13:49:51,84.0400,3,1
2026-05-25,000858,13:49:54,84.0300,25,2
2026-05-25,000858,13:49:57,84.0400,32,1
2026-05-25,000858,13:50:00,84.0300,12,2
2026-05-25,000858,13:50:03,84.0300,23,1
2026-05-25,000858,13:50:06,84.0300,9,1
2026-05-25,000858,13:50:09,84.0300,15,1
2026-05-25,000858,13:50:12,84.0400,14,1
2026-05-25,000858,13:50:15,84.0300,23,2
2026-05-25,000858,13:50:18,84.0300,8,4
2026-05-25,000858,13:50:21,84.0400,11,1
2026-05-25,000858,13:50:24,84.0200,19,2
2026-05-25,000858,13:50:27,84.0300,21,2
2026-05-25,000858,13:50:30,84.0300,23,1
2026-05-25,000858,13:50:33,84.0300,2,1
2026-05-25,000858,13:50:36,84.0200,22,2
2026-05-25,000858,13:50:39,84.0300,41,1
2026-05-25,000858,13:50:42,84.0100,9,2
2026-05-25,000858,13:50:45,84.0300,25,1
2026-05-25,000858,13:50:48,84.0100,10,2
2026-05-25,000858,13:50:51,84.0300,15,1
2026-05-25,000858,13:50:54,84.0200,5,2
2026-05-25,000858,13:50:57,84.0200,4,2
2026-05-25,000858,13:51:00,84.0200,40,2
2026-05-25,000858,13:51:03,84.0200,20,4
2026-05-25,000858,13:51:06,84.0100,7,2
2026-05-25,000858,13:51:09,84.0100,8,2
2026-05-25,000858,13:51:12,84.0200,9,1
2026-05-25,000858,13:51:15,84.0200,9,1
2026-05-25,000858,13:51:18,84.0200,3,1
2026-05-25,000858,13:51:21,84.0200,9,1
2026-05-25,000858,13:51:24,84.0400,84,1
2026-05-25,000858,13:51:27,84.0400,68,2
2026-05-25,000858,13:51:30,84.0400,22,2
2026-05-25,000858,13:51:33,84.0400,8,4
2026-05-25,000858,13:51:36,84.0200,39,2
2026-05-25,000858,13:51:39,84.0100,7,2
2026-05-25,000858,13:51:42,84.0300,7,1
2026-05-25,000858,13:51:45,84.0400,25,1
2026-05-25,000858,13:51:48,84.0300,5,2
2026-05-25,000858,13:51:51,84.0300,9,2
2026-05-25,000858,13:51:54,84.0400,111,1
2026-05-25,000858,13:51:57,84.0300,24,2
2026-05-25,000858,13:52:03,84.0300,124,2
2026-05-25,000858,13:52:06,84.0300,13,1
2026-05-25,000858,13:52:09,84.0300,11,1
2026-05-25,000858,13:52:12,84.0300,65,1
2026-05-25,000858,13:52:15,84.0300,33,2
2026-05-25,000858,13:52:18,84.0300,5,2
2026-05-25,000858,13:52:21,84.0300,2,2
2026-05-25,000858,13:52:24,84.0300,10,2
2026-05-25,000858,13:52:27,84.0300,98,2
2026-05-25,000858,13:52:30,84.0300,75,2
2026-05-25,000858,13:52:33,84.0200,5,2
2026-05-25,000858,13:52:36,84.0300,5,1
2026-05-25,000858,13:52:39,84.0200,24,2
2026-05-25,000858,13:52:42,84.0200,3,2
2026-05-25,000858,13:52:45,84.0300,8,1
2026-05-25,000858,13:52:48,84.0300,15,1
2026-05-25,000858,13:52:51,84.0300,18,1
2026-05-25,000858,13:52:54,84.0300,46,1
2026-05-25,000858,13:52:57,84.0300,4,2
2026-05-25,000858,13:53:00,84.0300,12,1
2026-05-25,000858,13:53:03,84.0200,14,2
2026-05-25,000858,13:53:06,84.0300,10,1
2026-05-25,000858,13:53:09,84.0200,24,2
2026-05-25,000858,13:53:12,84.0600,117,1
2026-05-25,000858,13:53:15,84.0200,16,2
2026-05-25,000858,13:53:18,84.0300,15,2
2026-05-25,000858,13:53:21,84.0200,3,2
2026-05-25,000858,13:53:24,84.0300,16,2
2026-05-25,000858,13:53:27,84.0300,17,2
2026-05-25,000858,13:53:30,84.0300,16,2
2026-05-25,000858,13:53:33,84.0500,15,1
2026-05-25,000858,13:53:36,84.0300,4,2
2026-05-25,000858,13:53:39,84.0300,22,2
2026-05-25,000858,13:53:42,84.0300,10,2
2026-05-25,000858,13:53:45,84.0500,7,1
2026-05-25,000858,13:53:48,84.0300,12,2
2026-05-25,000858,13:53:51,84.0400,4,2
2026-05-25,000858,13:53:54,84.0600,67,1
2026-05-25,000858,13:54:00,84.0600,22,2
2026-05-25,000858,13:54:03,84.0600,29,2
2026-05-25,000858,13:54:06,84.0600,10,2
2026-05-25,000858,13:54:09,84.0700,16,1
2026-05-25,000858,13:54:12,84.0600,5,2
2026-05-25,000858,13:54:15,84.0600,51,2
2026-05-25,000858,13:54:18,84.0700,11,4
2026-05-25,000858,13:54:21,84.0700,9,2
2026-05-25,000858,13:54:24,84.0700,5,2
2026-05-25,000858,13:54:27,84.0800,49,1
2026-05-25,000858,13:54:30,84.0800,4,2
2026-05-25,000858,13:54:33,84.0800,11,2
2026-05-25,000858,13:54:36,84.0900,38,1
2026-05-25,000858,13:54:39,84.1000,4,1
2026-05-25,000858,13:54:42,84.0900,1,2
2026-05-25,000858,13:54:45,84.1000,14,1
2026-05-25,000858,13:54:48,84.1000,12,1
2026-05-25,000858,13:54:51,84.0900,8,2
2026-05-25,000858,13:54:54,84.0800,23,2
2026-05-25,000858,13:54:57,84.1000,13,1
2026-05-25,000858,13:55:00,84.1000,16,1
2026-05-25,000858,13:55:03,84.0800,61,2
2026-05-25,000858,13:55:06,84.0800,12,1
2026-05-25,000858,13:55:09,84.0700,33,2
2026-05-25,000858,13:55:12,84.0800,7,1
2026-05-25,000858,13:55:15,84.0800,22,1
2026-05-25,000858,13:55:18,84.1000,52,1
2026-05-25,000858,13:55:21,84.0900,4,2
2026-05-25,000858,13:55:24,84.0800,6,2
2026-05-25,000858,13:55:27,84.0900,7,4
2026-05-25,000858,13:55:33,84.0900,22,1
2026-05-25,000858,13:55:36,84.0900,63,2
2026-05-25,000858,13:55:42,84.0900,6,2
2026-05-25,000858,13:55:45,84.0900,3,1
2026-05-25,000858,13:55:48,84.0800,1,2
2026-05-25,000858,13:55:51,84.0900,4,1
2026-05-25,000858,13:55:54,84.0900,8,1
2026-05-25,000858,13:55:57,84.0900,11,1
2026-05-25,000858,13:56:00,84.0600,55,2
2026-05-25,000858,13:56:03,84.0700,9,1
2026-05-25,000858,13:56:09,84.0600,6,2
2026-05-25,000858,13:56:12,84.0800,6,1
2026-05-25,000858,13:56:15,84.0900,23,1
2026-05-25,000858,13:56:18,84.0600,31,2
2026-05-25,000858,13:56:21,84.0800,4,1
2026-05-25,000858,13:56:24,84.0800,3,4
2026-05-25,000858,13:56:27,84.0700,5,2
2026-05-25,000858,13:56:30,84.0700,1,2
2026-05-25,000858,13:56:33,84.0700,1,2
2026-05-25,000858,13:56:36,84.0700,36,2
2026-05-25,000858,13:56:39,84.0700,38,2
2026-05-25,000858,13:56:42,84.0500,13,2
2026-05-25,000858,13:56:48,84.0500,19,2
2026-05-25,000858,13:56:51,84.0500,10,2
2026-05-25,000858,13:56:54,84.0600,9,1
2026-05-25,000858,13:56:57,84.0500,19,2
2026-05-25,000858,13:57:00,84.0500,8,2
2026-05-25,000858,13:57:03,84.0600,5,1
2026-05-25,000858,13:57:06,84.0500,3,2
2026-05-25,000858,13:57:09,84.0500,6,2
2026-05-25,000858,13:57:12,84.0500,17,2
2026-05-25,000858,13:57:15,84.0500,6,2
2026-05-25,000858,13:57:18,84.0500,28,2
2026-05-25,000858,13:57:21,84.0500,19,2
2026-05-25,000858,13:57:24,84.0500,10,2
2026-05-25,000858,13:57:27,84.0600,2,1
2026-05-25,000858,13:57:30,84.0500,2,2
2026-05-25,000858,13:57:33,84.0500,3,2
2026-05-25,000858,13:57:36,84.0500,8,2
2026-05-25,000858,13:57:39,84.0500,16,2
2026-05-25,000858,13:57:42,84.0500,6,2
2026-05-25,000858,13:57:45,84.0500,5,2
2026-05-25,000858,13:57:48,84.0600,21,1
2026-05-25,000858,13:57:54,84.0500,10,2
2026-05-25,000858,13:57:57,84.0500,4,2
2026-05-25,000858,13:58:00,84.0500,65,2
2026-05-25,000858,13:58:03,84.0500,5,1
2026-05-25,000858,13:58:06,84.0600,43,4
2026-05-25,000858,13:58:09,84.0600,5,2
2026-05-25,000858,13:58:12,84.0600,19,2
2026-05-25,000858,13:58:15,84.0600,5,1
2026-05-25,000858,13:58:18,84.0600,4,1
2026-05-25,000858,13:58:21,84.0500,33,2
2026-05-25,000858,13:58:24,84.0600,18,1
2026-05-25,000858,13:58:27,84.0500,13,4
2026-05-25,000858,13:58:30,84.0400,13,2
2026-05-25,000858,13:58:33,84.0400,35,2
2026-05-25,000858,13:58:36,84.0300,24,2
2026-05-25,000858,13:58:39,84.0300,29,2
2026-05-25,000858,13:58:42,84.0300,14,2
2026-05-25,000858,13:58:45,84.0300,5,2
2026-05-25,000858,13:58:51,84.0400,15,1
2026-05-25,000858,13:59:00,84.0300,17,2
2026-05-25,000858,13:59:03,84.0300,14,2
2026-05-25,000858,13:59:06,84.0200,5,2
2026-05-25,000858,13:59:09,84.0200,6,2
2026-05-25,000858,13:59:12,84.0200,13,2
2026-05-25,000858,13:59:15,84.0300,13,1
2026-05-25,000858,13:59:18,84.0400,14,1
2026-05-25,000858,13:59:21,84.0200,3,2
2026-05-25,000858,13:59:24,84.0100,4,2
2026-05-25,000858,13:59:27,84.0100,5,2
2026-05-25,000858,13:59:30,84.0200,3,1
2026-05-25,000858,13:59:33,84.0500,415,1
2026-05-25,000858,13:59:36,84.0200,108,2
2026-05-25,000858,13:59:39,84.0600,17,1
2026-05-25,000858,13:59:42,84.0300,3,2
2026-05-25,000858,13:59:45,84.0300,9,2
2026-05-25,000858,13:59:48,84.0300,9,2
2026-05-25,000858,13:59:51,84.0600,50,1
2026-05-25,000858,13:59:54,84.0600,10,1
2026-05-25,000858,13:59:57,84.0700,6,1
2026-05-25,000858,14:00:00,84.0500,17,2
2026-05-25,000858,14:00:03,84.0600,9,2
2026-05-25,000858,14:00:06,84.0600,1,1
2026-05-25,000858,14:00:12,84.0500,33,2
2026-05-25,000858,14:00:15,84.0400,31,2
2026-05-25,000858,14:00:21,84.0600,6,1
2026-05-25,000858,14:00:24,84.0600,11,2
2026-05-25,000858,14:00:30,84.0600,7,2
2026-05-25,000858,14:00:33,84.0600,4,1
2026-05-25,000858,14:00:36,84.0500,2,2
2026-05-25,000858,14:00:39,84.0500,8,2
2026-05-25,000858,14:00:42,84.0600,23,1
2026-05-25,000858,14:00:45,84.0600,12,1
2026-05-25,000858,14:00:48,84.0500,21,2
2026-05-25,000858,14:00:51,84.0500,14,2
2026-05-25,000858,14:00:54,84.0400,36,2
2026-05-25,000858,14:00:57,84.0400,33,2
2026-05-25,000858,14:01:00,84.0500,9,1
2026-05-25,000858,14:01:03,84.0500,2,2
2026-05-25,000858,14:01:06,84.0600,11,1
2026-05-25,000858,14:01:12,84.0500,10,2
2026-05-25,000858,14:01:15,84.0500,9,2
2026-05-25,000858,14:01:18,84.0500,32,2
2026-05-25,000858,14:01:21,84.0400,19,2
2026-05-25,000858,14:01:24,84.0300,13,2
2026-05-25,000858,14:01:27,84.0500,25,1
2026-05-25,000858,14:01:30,84.0500,1,2
2026-05-25,000858,14:01:33,84.0500,0,2
2026-05-25,000858,14:01:36,84.0600,11,1
2026-05-25,000858,14:01:39,84.0500,10,2
2026-05-25,000858,14:01:42,84.0600,18,1
2026-05-25,000858,14:01:45,84.0500,12,2
2026-05-25,000858,14:01:48,84.0600,1,4
2026-05-25,000858,14:01:51,84.0600,9,2
2026-05-25,000858,14:01:54,84.0600,5,1
2026-05-25,000858,14:01:57,84.0600,22,1
2026-05-25,000858,14:02:00,84.0600,12,1
2026-05-25,000858,14:02:03,84.0600,14,1
2026-05-25,000858,14:02:06,84.0400,23,2
2026-05-25,000858,14:02:09,84.0400,37,2
2026-05-25,000858,14:02:12,84.0600,13,1
2026-05-25,000858,14:02:15,84.0400,1,1
2026-05-25,000858,14:02:18,84.0300,10,2
2026-05-25,000858,14:02:21,84.0300,14,2
2026-05-25,000858,14:02:24,84.0400,18,4
2026-05-25,000858,14:02:27,84.0300,23,2
2026-05-25,000858,14:02:30,84.0300,58,2
2026-05-25,000858,14:02:33,84.0300,7,1
2026-05-25,000858,14:02:36,84.0400,44,1
2026-05-25,000858,14:02:39,84.0300,25,2
2026-05-25,000858,14:02:42,84.0300,5,2
2026-05-25,000858,14:02:45,84.0300,5,2
2026-05-25,000858,14:02:48,84.0300,23,2
2026-05-25,000858,14:02:51,84.0300,11,2
2026-05-25,000858,14:02:54,84.0400,47,1
2026-05-25,000858,14:02:57,84.0300,3,4
2026-05-25,000858,14:03:00,84.0300,3,2
2026-05-25,000858,14:03:03,84.0400,11,1
2026-05-25,000858,14:03:06,84.0600,68,1
2026-05-25,000858,14:03:09,84.0600,5,1
2026-05-25,000858,14:03:12,84.0500,6,2
2026-05-25,000858,14:03:15,84.0600,8,1
2026-05-25,000858,14:03:18,84.0500,10,2
2026-05-25,000858,14:03:21,84.0600,3,1
2026-05-25,000858,14:03:24,84.0500,8,2
2026-05-25,000858,14:03:27,84.0600,1,1
2026-05-25,000858,14:03:30,84.0500,13,2
2026-05-25,000858,14:03:33,84.0600,117,1
2026-05-25,000858,14:03:36,84.0500,13,2
2026-05-25,000858,14:03:39,84.0500,15,2
2026-05-25,000858,14:03:42,84.0500,32,1
2026-05-25,000858,14:03:45,84.0500,8,2
2026-05-25,000858,14:03:48,84.0400,20,2
2026-05-25,000858,14:03:51,84.0300,15,2
2026-05-25,000858,14:03:54,84.0400,22,1
2026-05-25,000858,14:03:57,84.0200,9,2
2026-05-25,000858,14:04:00,84.0400,1,1
2026-05-25,000858,14:04:03,84.0200,23,2
2026-05-25,000858,14:04:06,84.0400,8,1
2026-05-25,000858,14:04:09,84.0200,56,2
2026-05-25,000858,14:04:12,84.0200,10,1
2026-05-25,000858,14:04:15,84.0200,7,1
2026-05-25,000858,14:04:18,84.0200,15,1
2026-05-25,000858,14:04:21,84.0100,35,2
2026-05-25,000858,14:04:24,84.0200,8,1
2026-05-25,000858,14:04:27,84.0100,35,2
2026-05-25,000858,14:04:30,84.0300,258,1
2026-05-25,000858,14:04:33,84.0300,12,4
2026-05-25,000858,14:04:36,84.0400,8,1
2026-05-25,000858,14:04:39,84.0400,1,1
2026-05-25,000858,14:04:42,84.0300,15,2
2026-05-25,000858,14:04:45,84.0200,13,2
2026-05-25,000858,14:04:48,84.0400,4,1
2026-05-25,000858,14:04:51,84.0400,4,1
2026-05-25,000858,14:04:54,84.0400,1,1
2026-05-25,000858,14:04:57,84.0200,197,2
2026-05-25,000858,14:05:00,84.0200,6,1
2026-05-25,000858,14:05:03,84.0200,28,2
2026-05-25,000858,14:05:06,84.0300,19,1
2026-05-25,000858,14:05:09,84.0200,54,2
2026-05-25,000858,14:05:12,84.0200,16,2
2026-05-25,000858,14:05:15,84.0200,34,2
2026-05-25,000858,14:05:18,84.0200,20,2
2026-05-25,000858,14:05:21,84.0300,3,2
2026-05-25,000858,14:05:24,84.0400,6,1
2026-05-25,000858,14:05:30,84.0300,9,2
2026-05-25,000858,14:05:33,84.0300,7,1
2026-05-25,000858,14:05:36,84.0200,8,2
2026-05-25,000858,14:05:39,84.0200,4,2
2026-05-25,000858,14:05:42,84.0200,48,2
2026-05-25,000858,14:05:45,84.0200,4,1
2026-05-25,000858,14:05:48,84.0200,3,1
2026-05-25,000858,14:05:51,84.0100,44,2
2026-05-25,000858,14:05:54,84.0100,61,2
2026-05-25,000858,14:05:57,84.0500,25,1
2026-05-25,000858,14:06:00,84.0200,19,2
2026-05-25,000858,10:54:24,84.5200,88,1
2026-05-25,000858,10:54:27,84.5100,13,2
2026-05-25,000858,10:54:30,84.4900,4,2
2026-05-25,000858,10:54:33,84.5200,9,1
2026-05-25,000858,10:54:36,84.5100,16,2
2026-05-25,000858,10:54:39,84.5000,22,2
2026-05-25,000858,10:54:42,84.5100,6,2
2026-05-25,000858,10:54:45,84.5200,22,1
2026-05-25,000858,10:54:48,84.5200,5,1
2026-05-25,000858,10:54:51,84.5200,6,1
2026-05-25,000858,10:54:54,84.5200,67,1
2026-05-25,000858,10:54:57,84.5000,23,2
2026-05-25,000858,10:55:00,84.5100,28,1
2026-05-25,000858,10:55:03,84.4900,14,2
2026-05-25,000858,10:55:06,84.4900,38,2
2026-05-25,000858,10:55:09,84.5000,24,1
2026-05-25,000858,10:55:12,84.4900,6,2
2026-05-25,000858,10:55:15,84.4900,14,2
2026-05-25,000858,10:55:18,84.5000,14,1
2026-05-25,000858,10:55:21,84.4900,22,2
2026-05-25,000858,10:55:24,84.5000,93,1
2026-05-25,000858,10:55:27,84.5000,24,2
2026-05-25,000858,10:55:30,84.5000,20,2
2026-05-25,000858,10:55:33,84.5100,76,1
2026-05-25,000858,10:55:36,84.4900,392,2
2026-05-25,000858,10:55:39,84.4800,38,2
2026-05-25,000858,10:55:42,84.5000,7,1
2026-05-25,000858,10:55:45,84.4900,27,2
2026-05-25,000858,10:55:48,84.4800,6,2
2026-05-25,000858,10:55:51,84.4800,27,2
2026-05-25,000858,10:55:54,84.4900,33,1
2026-05-25,000858,10:55:57,84.4900,80,1
2026-05-25,000858,10:56:00,84.4900,5,2
2026-05-25,000858,10:56:03,84.5000,16,1
2026-05-25,000858,10:56:06,84.4800,76,2
2026-05-25,000858,10:56:09,84.4900,25,1
2026-05-25,000858,10:56:12,84.4900,8,1
2026-05-25,000858,10:56:15,84.4800,2,2
2026-05-25,000858,10:56:18,84.4900,12,1
2026-05-25,000858,10:56:21,84.4800,101,2
2026-05-25,000858,10:56:24,84.4800,91,2
2026-05-25,000858,10:56:27,84.4800,17,2
2026-05-25,000858,10:56:30,84.4900,10,1
2026-05-25,000858,10:56:33,84.4800,10,2
2026-05-25,000858,10:56:36,84.4800,24,1
2026-05-25,000858,10:56:39,84.4800,48,2
2026-05-25,000858,10:56:42,84.4800,11,2
2026-05-25,000858,10:56:45,84.4800,69,2
2026-05-25,000858,10:56:48,84.4800,20,1
2026-05-25,000858,10:56:51,84.4800,72,1
2026-05-25,000858,10:56:54,84.4800,26,2
2026-05-25,000858,10:56:57,84.4700,15,2
2026-05-25,000858,10:57:00,84.4800,106,4
2026-05-25,000858,10:57:03,84.4800,22,1
2026-05-25,000858,10:57:09,84.4800,49,1
2026-05-25,000858,10:57:12,84.4700,51,2
2026-05-25,000858,10:57:15,84.4700,28,2
2026-05-25,000858,10:57:18,84.4700,41,1
2026-05-25,000858,10:57:21,84.4700,6,2
2026-05-25,000858,10:57:24,84.4700,22,2
2026-05-25,000858,10:57:27,84.4700,42,2
2026-05-25,000858,10:57:30,84.4600,4,2
2026-05-25,000858,10:57:33,84.4600,9,2
2026-05-25,000858,10:57:36,84.4600,15,2
2026-05-25,000858,10:57:39,84.4600,88,2
2026-05-25,000858,10:57:42,84.4700,66,1
2026-05-25,000858,10:57:45,84.4700,23,2
2026-05-25,000858,10:57:48,84.4700,5,2
2026-05-25,000858,10:57:51,84.4800,93,1
2026-05-25,000858,10:57:54,84.4900,45,1
2026-05-25,000858,10:57:57,84.4800,1,2
2026-05-25,000858,10:58:00,84.4800,11,2
2026-05-25,000858,10:58:03,84.4800,9,2
2026-05-25,000858,10:58:06,84.4900,47,1
2026-05-25,000858,10:58:09,84.5000,12,1
2026-05-25,000858,10:58:12,84.4400,173,2
2026-05-25,000858,10:58:15,84.4900,25,1
2026-05-25,000858,10:58:18,84.4900,4,2
2026-05-25,000858,10:58:21,84.4900,17,2
2026-05-25,000858,10:58:24,84.4900,43,2
2026-05-25,000858,10:58:27,84.4900,10,2
2026-05-25,000858,10:58:30,84.4800,30,2
2026-05-25,000858,10:58:33,84.4600,3,2
2026-05-25,000858,10:58:36,84.4800,8,2
2026-05-25,000858,10:58:39,84.4800,11,2
2026-05-25,000858,10:58:42,84.4900,27,1
2026-05-25,000858,10:58:45,84.4900,19,2
2026-05-25,000858,10:58:48,84.4900,2,2
2026-05-25,000858,10:58:51,84.5000,23,1
2026-05-25,000858,10:58:54,84.4900,64,2
2026-05-25,000858,10:58:57,84.4900,14,2
2026-05-25,000858,10:59:00,84.4900,2,2
2026-05-25,000858,10:59:03,84.4900,23,2
2026-05-25,000858,10:59:06,84.4900,55,2
2026-05-25,000858,10:59:09,84.4900,40,2
2026-05-25,000858,10:59:12,84.5000,6,1
2026-05-25,000858,10:59:15,84.4800,30,2
2026-05-25,000858,10:59:18,84.5000,25,1
2026-05-25,000858,10:59:21,84.5000,9,1
2026-05-25,000858,10:59:24,84.5000,22,1
2026-05-25,000858,10:59:27,84.5000,6,1
2026-05-25,000858,10:59:30,84.5000,48,1
2026-05-25,000858,10:59:33,84.5000,5,1
2026-05-25,000858,10:59:36,84.4900,87,2
2026-05-25,000858,10:59:39,84.4900,32,2
2026-05-25,000858,10:59:42,84.5000,31,1
2026-05-25,000858,10:59:45,84.4900,50,2
2026-05-25,000858,10:59:48,84.4800,8,2
2026-05-25,000858,10:59:51,84.4900,11,2
2026-05-25,000858,10:59:54,84.4900,24,2
2026-05-25,000858,10:59:57,84.4900,19,2
2026-05-25,000858,11:00:00,84.5000,13,1
2026-05-25,000858,11:00:03,84.4900,22,2
2026-05-25,000858,11:00:06,84.4800,23,2
2026-05-25,000858,11:00:09,84.4900,14,1
2026-05-25,000858,11:00:12,84.4800,57,2
2026-05-25,000858,11:00:15,84.4800,5,1
2026-05-25,000858,11:00:18,84.4200,91,2
2026-05-25,000858,11:00:21,84.4000,35,2
2026-05-25,000858,11:00:24,84.4200,30,1
2026-05-25,000858,11:00:27,84.4700,19,1
2026-05-25,000858,11:00:30,84.4800,16,1
2026-05-25,000858,11:00:33,84.4900,72,1
2026-05-25,000858,11:00:36,84.5000,14,1
2026-05-25,000858,11:00:39,84.4900,34,2
2026-05-25,000858,11:00:42,84.5000,147,1
2026-05-25,000858,11:00:45,84.5000,58,2
2026-05-25,000858,11:00:48,84.5100,33,4
2026-05-25,000858,11:00:51,84.5000,19,2
2026-05-25,000858,11:00:54,84.5300,48,1
2026-05-25,000858,11:00:57,84.5100,10,2
2026-05-25,000858,11:01:00,84.5200,15,1
2026-05-25,000858,11:01:03,84.5200,32,1
2026-05-25,000858,11:01:06,84.5300,22,1
2026-05-25,000858,11:01:09,84.5400,31,1
2026-05-25,000858,11:01:12,84.5400,11,4
2026-05-25,000858,11:01:15,84.5500,38,1
2026-05-25,000858,11:01:18,84.5500,24,1
2026-05-25,000858,11:01:21,84.5400,21,2
2026-05-25,000858,11:01:24,84.5500,34,1
2026-05-25,000858,11:01:27,84.6000,278,1
2026-05-25,000858,11:01:30,84.5900,76,2
2026-05-25,000858,11:01:33,84.6300,49,1
2026-05-25,000858,11:01:36,84.6200,10,2
2026-05-25,000858,11:01:39,84.6400,8,1
2026-05-25,000858,11:01:42,84.6400,21,1
2026-05-25,000858,11:01:45,84.6300,56,2
2026-05-25,000858,11:01:48,84.6400,13,1
2026-05-25,000858,11:01:51,84.6400,19,1
2026-05-25,000858,11:01:54,84.6400,120,2
2026-05-25,000858,11:01:57,84.6400,33,2
2026-05-25,000858,11:02:00,84.6500,19,1
2026-05-25,000858,11:02:03,84.6500,74,1
2026-05-25,000858,11:02:06,84.6500,36,1
2026-05-25,000858,11:02:09,84.6500,32,4
2026-05-25,000858,11:02:12,84.6500,21,2
2026-05-25,000858,11:02:15,84.6600,32,1
2026-05-25,000858,11:02:18,84.6500,17,2
2026-05-25,000858,11:02:21,84.6600,16,1
2026-05-25,000858,11:02:24,84.6500,30,4
2026-05-25,000858,11:02:27,84.6600,39,1
2026-05-25,000858,11:02:30,84.6400,21,2
2026-05-25,000858,11:02:33,84.6500,25,1
2026-05-25,000858,11:02:36,84.6400,17,2
2026-05-25,000858,11:02:39,84.6300,16,2
2026-05-25,000858,11:02:42,84.6400,16,1
2026-05-25,000858,11:02:45,84.6300,22,2
2026-05-25,000858,11:02:48,84.6000,18,2
2026-05-25,000858,11:02:51,84.5900,29,2
2026-05-25,000858,11:02:54,84.5900,40,2
2026-05-25,000858,11:02:57,84.6300,9,1
2026-05-25,000858,11:03:00,84.6300,33,1
2026-05-25,000858,11:03:03,84.6300,8,2
2026-05-25,000858,11:03:06,84.6300,27,2
2026-05-25,000858,11:03:09,84.6200,28,2
2026-05-25,000858,11:03:12,84.6200,21,2
2026-05-25,000858,11:03:15,84.6200,12,2
2026-05-25,000858,11:03:18,84.6200,9,1
2026-05-25,000858,11:03:21,84.6200,33,1
2026-05-25,000858,11:03:24,84.6100,15,2
2026-05-25,000858,11:03:27,84.6100,9,2
2026-05-25,000858,11:03:30,84.6100,20,1
2026-05-25,000858,11:03:33,84.6000,23,2
2026-05-25,000858,11:03:36,84.6100,16,1
2026-05-25,000858,11:03:39,84.6100,16,1
2026-05-25,000858,11:03:42,84.6000,18,2
2026-05-25,000858,11:03:45,84.6000,39,2
2026-05-25,000858,11:03:48,84.6000,26,2
2026-05-25,000858,11:03:51,84.6000,11,4
2026-05-25,000858,11:03:54,84.5900,16,2
2026-05-25,000858,11:03:57,84.6000,8,1
2026-05-25,000858,11:04:00,84.5900,18,2
2026-05-25,000858,11:04:03,84.5900,13,1
2026-05-25,000858,11:04:06,84.5800,8,2
2026-05-25,000858,11:04:09,84.6200,319,1
2026-05-25,000858,11:04:12,84.6200,140,1
2026-05-25,000858,11:04:15,84.6200,91,4
2026-05-25,000858,11:04:18,84.6300,154,1
2026-05-25,000858,11:04:21,84.6500,46,1
2026-05-25,000858,11:04:24,84.6300,164,2
2026-05-25,000858,11:04:27,84.6600,8,1
2026-05-25,000858,11:04:30,84.6500,21,2
2026-05-25,000858,11:04:33,84.6600,87,1
2026-05-25,000858,11:04:36,84.6600,17,1
2026-05-25,000858,11:04:39,84.6500,13,4
2026-05-25,000858,11:04:42,84.6600,17,1
2026-05-25,000858,11:04:45,84.6500,80,2
2026-05-25,000858,11:04:48,84.6500,5,1
2026-05-25,000858,11:04:51,84.6500,33,1
2026-05-25,000858,11:04:54,84.6500,31,2
2026-05-25,000858,11:04:57,84.6600,48,1
2026-05-25,000858,11:05:00,84.6600,60,1
2026-05-25,000858,11:05:03,84.6600,91,2
2026-05-25,000858,11:05:06,84.6600,109,2
2026-05-25,000858,11:05:09,84.6600,166,2
2026-05-25,000858,11:05:12,84.6600,12,2
2026-05-25,000858,11:05:15,84.6500,11,2
2026-05-25,000858,11:05:18,84.6500,29,1
2026-05-25,000858,11:05:21,84.6400,37,2
2026-05-25,000858,11:05:24,84.6400,41,2
2026-05-25,000858,11:05:27,84.6400,40,1
2026-05-25,000858,11:05:30,84.6400,21,1
2026-05-25,000858,11:05:33,84.6400,27,2
2026-05-25,000858,11:05:36,84.6700,41,1
2026-05-25,000858,11:05:39,84.6600,45,2
2026-05-25,000858,11:05:42,84.6700,82,1
2026-05-25,000858,11:05:45,84.6600,21,2
2026-05-25,000858,11:05:48,84.6700,108,1
2026-05-25,000858,11:05:51,84.6700,15,1
2026-05-25,000858,11:05:54,84.6700,97,1
2026-05-25,000858,11:05:57,84.6600,22,1
2026-05-25,000858,11:06:00,84.6500,10,2
2026-05-25,000858,11:06:03,84.6600,46,1
2026-05-25,000858,11:06:06,84.6400,25,2
2026-05-25,000858,11:06:09,84.6600,15,1
2026-05-25,000858,11:06:12,84.6400,15,2
2026-05-25,000858,11:06:15,84.6600,7,1
2026-05-25,000858,11:06:18,84.6500,14,1
2026-05-25,000858,11:06:21,84.6500,26,2
2026-05-25,000858,11:06:24,84.6600,47,1
2026-05-25,000858,11:06:27,84.6500,29,2
2026-05-25,000858,11:06:30,84.6700,23,1
2026-05-25,000858,11:06:33,84.6600,52,2
2026-05-25,000858,11:06:36,84.6500,36,2
2026-05-25,000858,11:06:39,84.6700,121,1
2026-05-25,000858,11:06:42,84.6500,9,2
2026-05-25,000858,11:06:45,84.6500,20,2
2026-05-25,000858,11:06:48,84.6600,8,1
2026-05-25,000858,11:06:51,84.6600,8,1
2026-05-25,000858,11:06:54,84.6600,68,1
2026-05-25,000858,11:06:57,84.6600,4,2
2026-05-25,000858,11:07:00,84.6600,30,2
2026-05-25,000858,11:07:03,84.6600,151,2
2026-05-25,000858,11:07:06,84.6700,47,1
2026-05-25,000858,11:07:09,84.6600,49,2
2026-05-25,000858,11:07:12,84.6600,46,1
2026-05-25,000858,11:07:15,84.6600,46,1
2026-05-25,000858,11:07:18,84.6500,52,2
2026-05-25,000858,11:07:21,84.6600,60,1
2026-05-25,000858,11:07:24,84.6600,22,1
2026-05-25,000858,11:07:27,84.6600,7,1
2026-05-25,000858,11:07:30,84.6500,10,2
2026-05-25,000858,11:07:33,84.6100,107,2
2026-05-25,000858,11:07:36,84.6200,20,2
2026-05-25,000858,11:07:39,84.6200,20,2
2026-05-25,000858,11:07:42,84.6100,36,2
2026-05-25,000858,11:07:45,84.6100,9,2
2026-05-25,000858,11:07:48,84.6200,8,1
2026-05-25,000858,11:07:51,84.6100,13,2
2026-05-25,000858,11:07:54,84.6200,20,1
2026-05-25,000858,11:07:57,84.6200,26,2
2026-05-25,000858,11:08:00,84.6200,9,2
2026-05-25,000858,11:08:03,84.6100,33,2
2026-05-25,000858,11:08:06,84.6100,12,2
2026-05-25,000858,11:08:09,84.6100,21,2
2026-05-25,000858,11:08:12,84.6100,6,2
2026-05-25,000858,11:08:15,84.6400,16,1
2026-05-25,000858,11:08:18,84.6200,27,2
2026-05-25,000858,11:08:21,84.6200,15,2
2026-05-25,000858,11:08:24,84.6100,28,2
2026-05-25,000858,11:08:27,84.6300,5,1
2026-05-25,000858,11:08:30,84.6300,13,1
2026-05-25,000858,11:08:33,84.6400,46,1
2026-05-25,000858,11:08:36,84.6300,11,2
2026-05-25,000858,11:08:39,84.6300,19,2
2026-05-25,000858,11:08:42,84.6300,1,2
2026-05-25,000858,11:08:45,84.6300,16,2
2026-05-25,000858,11:08:48,84.6300,21,1
2026-05-25,000858,11:08:51,84.6200,16,4
2026-05-25,000858,11:08:54,84.6100,26,2
2026-05-25,000858,11:08:57,84.6200,4,1
2026-05-25,000858,11:09:00,84.6100,38,2
2026-05-25,000858,11:09:03,84.6200,15,1
2026-05-25,000858,11:09:06,84.6100,22,4
2026-05-25,000858,11:09:09,84.5900,37,2
2026-05-25,000858,11:09:12,84.6100,7,1
2026-05-25,000858,11:09:15,84.5800,6,2
2026-05-25,000858,11:09:18,84.5600,8,2
2026-05-25,000858,11:09:21,84.5500,34,2
2026-05-25,000858,11:09:24,84.5500,31,2
2026-05-25,000858,11:09:27,84.5400,7,2
2026-05-25,000858,11:09:30,84.5600,37,1
2026-05-25,000858,11:09:33,84.5600,14,1
2026-05-25,000858,11:09:36,84.5600,9,2
2026-05-25,000858,11:09:39,84.5600,23,1
2026-05-25,000858,11:09:42,84.5600,8,1
2026-05-25,000858,11:09:45,84.5500,24,2
2026-05-25,000858,11:09:48,84.5800,18,1
2026-05-25,000858,11:09:51,84.5500,46,2
2026-05-25,000858,11:09:54,84.5700,8,4
2026-05-25,000858,11:09:57,84.5900,9,1
2026-05-25,000858,11:10:00,84.5900,8,1
2026-05-25,000858,11:10:03,84.5800,27,2
2026-05-25,000858,11:10:06,84.5800,10,2
2026-05-25,000858,11:10:09,84.5700,26,2
2026-05-25,000858,11:10:12,84.5500,13,2
2026-05-25,000858,11:10:15,84.5300,7,2
2026-05-25,000858,11:10:21,84.5300,7,2
2026-05-25,000858,11:10:24,84.5300,31,2
2026-05-25,000858,11:10:27,84.5100,7,2
2026-05-25,000858,11:10:30,84.5500,7,1
2026-05-25,000858,11:10:33,84.5300,35,1
2026-05-25,000858,11:10:36,84.5300,3,1
2026-05-25,000858,11:10:39,84.5300,21,1
2026-05-25,000858,11:10:42,84.5200,4,2
2026-05-25,000858,11:10:45,84.5200,68,2
2026-05-25,000858,11:10:48,84.5200,14,2
2026-05-25,000858,11:10:51,84.5200,28,2
2026-05-25,000858,11:10:54,84.5200,38,2
2026-05-25,000858,11:10:57,84.5200,2,1
2026-05-25,000858,11:11:00,84.5100,9,2
2026-05-25,000858,11:11:03,84.5200,9,1
2026-05-25,000858,11:11:06,84.5200,110,1
2026-05-25,000858,11:11:09,84.5100,22,2
2026-05-25,000858,11:11:12,84.5100,12,2
2026-05-25,000858,11:11:15,84.5100,18,2
2026-05-25,000858,11:11:18,84.5100,9,2
2026-05-25,000858,11:11:21,84.5100,16,2
2026-05-25,000858,11:11:24,84.5200,101,1
2026-05-25,000858,11:11:27,84.5200,69,1
2026-05-25,000858,11:11:30,84.5200,4,1
2026-05-25,000858,11:11:33,84.5100,23,2
2026-05-25,000858,11:11:36,84.5100,13,2
2026-05-25,000858,11:11:39,84.5100,46,2
2026-05-25,000858,11:11:42,84.5100,5,2
2026-05-25,000858,11:11:45,84.5100,17,2
2026-05-25,000858,11:11:51,84.5100,12,1
2026-05-25,000858,11:11:54,84.5200,18,1
2026-05-25,000858,11:11:57,84.5000,12,2
2026-05-25,000858,11:12:00,84.5000,43,2
2026-05-25,000858,11:12:03,84.5100,3,2
2026-05-25,000858,11:12:06,84.5100,8,2
2026-05-25,000858,11:12:09,84.5100,33,1
2026-05-25,000858,11:12:12,84.5000,10,2
2026-05-25,000858,11:12:15,84.5000,53,2
2026-05-25,000858,11:12:18,84.5100,1,4
2026-05-25,000858,11:12:21,84.5400,64,1
2026-05-25,000858,11:12:24,84.5300,71,2
2026-05-25,000858,11:12:27,84.5400,19,1
2026-05-25,000858,11:12:30,84.5500,5,1
2026-05-25,000858,11:12:33,84.5500,18,1
2026-05-25,000858,11:12:36,84.5500,23,1
2026-05-25,000858,11:12:39,84.5700,34,1
2026-05-25,000858,11:12:42,84.5500,23,2
2026-05-25,000858,11:12:45,84.5500,22,1
2026-05-25,000858,11:12:48,84.5700,42,1
2026-05-25,000858,11:12:51,84.5700,10,2
2026-05-25,000858,11:12:54,84.5700,31,2
2026-05-25,000858,11:12:57,84.5800,38,1
2026-05-25,000858,11:13:00,84.5700,8,2
2026-05-25,000858,11:13:03,84.5700,32,2
2026-05-25,000858,11:13:06,84.5600,5,2
2026-05-25,000858,11:13:09,84.5600,20,2
2026-05-25,000858,11:13:12,84.5700,26,1
2026-05-25,000858,11:13:15,84.5600,5,2
2026-05-25,000858,11:13:18,84.5400,34,2
2026-05-25,000858,11:13:21,84.5500,1,1
2026-05-25,000858,11:13:24,84.5200,19,2
2026-05-25,000858,11:13:27,84.5200,6,2
2026-05-25,000858,11:13:30,84.5600,32,1
2026-05-25,000858,11:13:33,84.5300,4,2
2026-05-25,000858,11:13:36,84.5200,15,2
2026-05-25,000858,11:13:39,84.5300,23,2
2026-05-25,000858,11:13:42,84.5400,17,1
2026-05-25,000858,11:13:45,84.5200,64,2
2026-05-25,000858,11:13:48,84.5300,14,1
2026-05-25,000858,11:13:51,84.5200,10,2
2026-05-25,000858,11:13:54,84.5200,17,2
2026-05-25,000858,11:13:57,84.5300,12,1
2026-05-25,000858,11:14:00,84.5300,17,1
2026-05-25,000858,11:14:03,84.5200,6,2
2026-05-25,000858,11:14:06,84.5200,5,2
2026-05-25,000858,11:14:09,84.5200,42,4
2026-05-25,000858,11:14:12,84.5100,18,2
2026-05-25,000858,11:14:15,84.5000,3,2
2026-05-25,000858,11:14:18,84.5100,56,1
2026-05-25,000858,11:14:21,84.5100,8,1
2026-05-25,000858,11:14:24,84.5000,16,2
2026-05-25,000858,11:14:27,84.5100,12,2
2026-05-25,000858,11:14:30,84.5100,35,2
2026-05-25,000858,11:14:33,84.5000,21,2
2026-05-25,000858,11:14:36,84.5100,5,1
2026-05-25,000858,11:14:39,84.5000,25,2
2026-05-25,000858,11:14:42,84.5100,66,1
2026-05-25,000858,11:14:45,84.5000,16,2
2026-05-25,000858,11:14:48,84.4800,13,2
2026-05-25,000858,11:14:51,84.4700,32,2
2026-05-25,000858,11:14:54,84.5100,76,1
2026-05-25,000858,11:14:57,84.5300,51,1
2026-05-25,000858,11:15:00,84.5200,7,4
2026-05-25,000858,11:15:03,84.5100,23,2
2026-05-25,000858,11:15:06,84.5200,70,2
2026-05-25,000858,11:15:09,84.5100,20,2
2026-05-25,000858,11:15:12,84.5100,9,2
2026-05-25,000858,11:15:15,84.5100,19,2
2026-05-25,000858,11:15:21,84.5100,26,2
2026-05-25,000858,11:15:24,84.5100,8,1
2026-05-25,000858,11:15:27,84.5000,3,2
2026-05-25,000858,11:15:30,84.5100,13,1
2026-05-25,000858,11:15:33,84.5100,5,1
2026-05-25,000858,11:15:36,84.5100,7,1
2026-05-25,000858,11:15:39,84.5100,52,2
2026-05-25,000858,11:15:42,84.5000,8,2
2026-05-25,000858,11:15:45,84.4700,53,2
2026-05-25,000858,11:15:48,84.5000,19,1
2026-05-25,000858,11:15:51,84.4600,16,2
2026-05-25,000858,11:15:54,84.4800,17,1
2026-05-25,000858,11:15:57,84.4600,11,2
2026-05-25,000858,11:16:00,84.4600,21,1
2026-05-25,000858,11:16:03,84.4600,66,2
2026-05-25,000858,11:16:06,84.4600,11,1
2026-05-25,000858,11:16:09,84.4600,46,1
2026-05-25,000858,11:16:12,84.4500,18,2
2026-05-25,000858,11:16:15,84.4400,10,2
2026-05-25,000858,11:16:18,84.4300,13,2
2026-05-25,000858,11:16:21,84.4800,148,1
2026-05-25,000858,11:16:24,84.4700,24,2
2026-05-25,000858,11:16:27,84.4800,20,4
2026-05-25,000858,11:16:30,84.4700,10,2
2026-05-25,000858,11:16:33,84.4800,20,1
2026-05-25,000858,11:16:36,84.5100,37,1
2026-05-25,000858,11:16:39,84.5200,44,1
2026-05-25,000858,11:16:42,84.5000,43,2
2026-05-25,000858,11:16:45,84.5000,12,2
2026-05-25,000858,11:16:48,84.5200,15,1
2026-05-25,000858,11:16:51,84.5000,2,2
2026-05-25,000858,11:16:54,84.5000,13,2
2026-05-25,000858,11:16:57,84.5000,5,1
2026-05-25,000858,11:17:00,84.4900,32,2
2026-05-25,000858,11:17:03,84.4900,13,1
2026-05-25,000858,11:17:06,84.4800,13,2
2026-05-25,000858,11:17:09,84.4500,35,2
2026-05-25,000858,11:17:12,84.4800,10,1
2026-05-25,000858,11:17:15,84.4600,1,2
2026-05-25,000858,11:17:18,84.4800,22,1
2026-05-25,000858,11:17:21,84.4800,29,2
2026-05-25,000858,11:17:24,84.4800,30,2
2026-05-25,000858,11:17:27,84.5000,37,1
2026-05-25,000858,11:17:30,84.4700,3,2
2026-05-25,000858,11:17:33,84.4600,24,2
2026-05-25,000858,11:17:36,84.4500,17,2
2026-05-25,000858,11:17:39,84.4800,16,1
2026-05-25,000858,11:17:42,84.4900,8,4
2026-05-25,000858,11:17:48,84.4900,6,1
2026-05-25,000858,11:17:54,84.4800,4,2
2026-05-25,000858,11:17:57,84.4900,19,1
2026-05-25,000858,11:18:00,84.4500,14,2
2026-05-25,000858,11:18:03,84.4800,18,1
2026-05-25,000858,11:18:06,84.4700,10,4
2026-05-25,000858,11:18:09,84.4700,4,2
2026-05-25,000858,11:18:12,84.4700,10,4
2026-05-25,000858,11:18:15,84.4500,29,2
2026-05-25,000858,11:18:18,84.4400,20,2
2026-05-25,000858,11:18:21,84.4600,9,4
2026-05-25,000858,11:18:24,84.4500,28,2
2026-05-25,000858,11:18:27,84.4500,29,2
2026-05-25,000858,11:18:30,84.4600,26,1
2026-05-25,000858,11:18:33,84.4400,31,2
2026-05-25,000858,11:18:36,84.4400,9,2
2026-05-25,000858,11:18:39,84.4400,45,2
2026-05-25,000858,11:18:42,84.4400,16,2
2026-05-25,000858,11:18:45,84.4500,27,4
2026-05-25,000858,11:18:48,84.4500,6,2
2026-05-25,000858,11:18:51,84.4500,35,2
2026-05-25,000858,11:18:54,84.4500,15,2
2026-05-25,000858,11:18:57,84.4600,18,1
2026-05-25,000858,11:19:00,84.4500,13,2
2026-05-25,000858,11:19:03,84.4700,13,1
2026-05-25,000858,11:19:06,84.4700,2,1
2026-05-25,000858,11:19:09,84.4700,18,1
2026-05-25,000858,11:19:12,84.4700,23,1
2026-05-25,000858,11:19:15,84.4600,62,2
2026-05-25,000858,11:19:18,84.4700,37,1
2026-05-25,000858,11:19:24,84.4700,24,2
2026-05-25,000858,11:19:27,84.4700,24,2
2026-05-25,000858,11:19:30,84.4800,28,1
2026-05-25,000858,11:19:33,84.4600,20,2
2026-05-25,000858,11:19:36,84.4600,19,2
2026-05-25,000858,11:19:39,84.4700,18,1
2026-05-25,000858,11:19:42,84.4500,6,2
2026-05-25,000858,11:19:45,84.4600,24,1
2026-05-25,000858,11:19:48,84.4600,20,1
2026-05-25,000858,11:19:51,84.4500,8,2
2026-05-25,000858,11:19:54,84.4500,36,2
2026-05-25,000858,11:19:57,84.4500,13,1
2026-05-25,000858,11:20:00,84.4400,16,2
2026-05-25,000858,11:20:03,84.4500,25,1
2026-05-25,000858,11:20:06,84.4400,26,1
2026-05-25,000858,11:20:09,84.4300,21,2
2026-05-25,000858,11:20:12,84.4500,9,1
2026-05-25,000858,11:20:15,84.4300,82,2
