date,code,time,price,volume,bs
2026-06-04,601318,14:06:59,53.2300,145,1
2026-06-04,601318,14:07:02,53.2100,94,2
2026-06-04,601318,14:07:05,53.2400,353,1
2026-06-04,601318,14:07:08,53.2600,95,1
2026-06-04,601318,14:07:11,53.2400,25,2
2026-06-04,601318,14:07:14,53.2600,20,1
2026-06-04,601318,14:07:17,53.2600,55,1
2026-06-04,601318,14:07:20,53.2500,62,2
2026-06-04,601318,14:07:23,53.2600,38,1
2026-06-04,601318,14:07:26,53.2500,10,2
2026-06-04,601318,14:07:29,53.2600,64,1
2026-06-04,601318,14:07:32,53.2700,58,1
2026-06-04,601318,14:07:35,53.2700,9,1
2026-06-04,601318,14:07:38,53.2700,62,1
2026-06-04,601318,14:07:41,53.2700,20,1
2026-06-04,601318,14:07:44,53.2700,123,1
2026-06-04,601318,14:07:47,53.2700,42,1
2026-06-04,601318,14:07:50,53.2700,33,1
2026-06-04,601318,14:07:53,53.2800,97,1
2026-06-04,601318,14:07:56,53.2800,11,1
2026-06-04,601318,14:07:59,53.2800,31,1
2026-06-04,601318,14:08:02,53.2800,122,1
2026-06-04,601318,14:08:05,53.2900,136,1
2026-06-04,601318,14:08:08,53.2800,100,4
2026-06-04,601318,14:08:11,53.2700,7,2
2026-06-04,601318,14:08:14,53.2900,23,1
2026-06-04,601318,14:08:17,53.2800,267,2
2026-06-04,601318,14:08:20,53.2800,13,2
2026-06-04,601318,14:08:23,53.2900,109,1
2026-06-04,601318,14:08:26,53.2800,39,2
2026-06-04,601318,14:08:29,53.2800,169,1
2026-06-04,601318,14:08:32,53.2900,197,1
2026-06-04,601318,14:08:35,53.2800,76,2
2026-06-04,601318,14:08:38,53.2800,61,2
2026-06-04,601318,14:08:41,53.2800,27,2
2026-06-04,601318,14:08:44,53.2800,119,1
2026-06-04,601318,14:08:47,53.2800,72,1
2026-06-04,601318,14:08:50,53.2700,80,2
2026-06-04,601318,14:08:53,53.2700,93,2
2026-06-04,601318,14:08:56,53.2700,40,1
2026-06-04,601318,14:08:59,53.2700,115,1
2026-06-04,601318,14:09:02,53.2600,46,2
2026-06-04,601318,14:09:05,53.2600,31,2
2026-06-04,601318,14:09:08,53.2600,28,2
2026-06-04,601318,14:09:11,53.2700,62,1
2026-06-04,601318,14:09:14,53.2600,81,4
2026-06-04,601318,14:09:17,53.2700,8,1
2026-06-04,601318,14:09:20,53.2700,22,1
2026-06-04,601318,14:09:23,53.2700,18,1
2026-06-04,601318,14:09:26,53.2700,468,1
2026-06-04,601318,14:09:29,53.2600,145,2
2026-06-04,601318,14:09:32,53.2700,100,4
2026-06-04,601318,14:09:35,53.2700,13,2
2026-06-04,601318,14:09:38,53.2800,48,1
2026-06-04,601318,14:09:41,53.2700,58,2
2026-06-04,601318,14:09:44,53.2700,83,2
2026-06-04,601318,14:09:47,53.2700,108,1
2026-06-04,601318,14:09:50,53.2600,40,2
2026-06-04,601318,14:09:53,53.2600,27,1
2026-06-04,601318,14:09:56,53.2500,10,2
2026-06-04,601318,14:09:59,53.2500,28,2
2026-06-04,601318,14:10:02,53.2500,43,2
2026-06-04,601318,14:10:05,53.2500,111,2
2026-06-04,601318,14:10:08,53.2500,63,2
2026-06-04,601318,14:10:11,53.2500,20,2
2026-06-04,601318,14:10:14,53.2700,70,1
2026-06-04,601318,14:10:17,53.2700,49,1
2026-06-04,601318,14:10:20,53.2700,111,1
2026-06-04,601318,14:10:23,53.2800,137,1
2026-06-04,601318,14:10:26,53.2800,60,2
2026-06-04,601318,14:10:29,53.2800,12,2
2026-06-04,601318,14:10:32,53.2800,59,2
2026-06-04,601318,14:10:35,53.2900,62,4
2026-06-04,601318,14:10:38,53.2900,66,2
2026-06-04,601318,14:10:41,53.2900,30,2
2026-06-04,601318,14:10:44,53.2900,23,2
2026-06-04,601318,14:10:47,53.3000,69,1
2026-06-04,601318,14:10:50,53.2800,221,2
2026-06-04,601318,14:10:53,53.2800,11,4
2026-06-04,601318,14:10:56,53.2800,50,2
2026-06-04,601318,14:10:59,53.2900,20,1
2026-06-04,601318,14:11:02,53.2900,66,1
2026-06-04,601318,14:11:05,53.2800,65,2
2026-06-04,601318,14:11:08,53.2800,64,1
2026-06-04,601318,14:11:11,53.2900,49,1
2026-06-04,601318,14:11:14,53.2800,8,2
2026-06-04,601318,14:11:17,53.2800,4,2
2026-06-04,601318,14:11:20,53.2900,19,4
2026-06-04,601318,14:11:23,53.3000,126,1
2026-06-04,601318,14:11:26,53.2800,105,2
2026-06-04,601318,14:11:29,53.2900,32,1
2026-06-04,601318,14:11:32,53.2900,203,2
2026-06-04,601318,14:11:35,53.2900,25,1
2026-06-04,601318,14:11:38,53.2900,17,1
2026-06-04,601318,14:11:41,53.2900,43,2
2026-06-04,601318,14:11:44,53.2900,110,2
2026-06-04,601318,14:11:47,53.2900,112,1
2026-06-04,601318,14:11:50,53.2900,23,1
2026-06-04,601318,14:11:53,53.2900,11,1
2026-06-04,601318,14:11:56,53.2900,30,1
2026-06-04,601318,14:11:59,53.2800,57,2
2026-06-04,601318,14:12:02,53.2800,16,1
2026-06-04,601318,14:12:05,53.2700,57,2
2026-06-04,601318,14:12:08,53.2600,68,2
2026-06-04,601318,14:12:11,53.2800,27,1
2026-06-04,601318,14:12:14,53.2700,8,1
2026-06-04,601318,14:12:17,53.2700,35,1
2026-06-04,601318,14:12:20,53.2600,112,2
2026-06-04,601318,14:12:23,53.2700,10,1
2026-06-04,601318,14:12:26,53.2800,71,1
2026-06-04,601318,14:12:29,53.2700,8,2
2026-06-04,601318,14:12:32,53.2800,20,1
2026-06-04,601318,14:12:35,53.2700,6,1
2026-06-04,601318,14:12:38,53.2500,249,2
2026-06-04,601318,14:12:41,53.2500,64,2
2026-06-04,601318,14:12:44,53.2700,396,1
2026-06-04,601318,14:12:47,53.2500,63,2
2026-06-04,601318,14:12:50,53.2700,14,1
2026-06-04,601318,14:12:53,53.2800,235,1
2026-06-04,601318,14:12:56,53.2800,80,1
2026-06-04,601318,14:12:59,53.2700,57,2
2026-06-04,601318,14:13:02,53.2800,24,1
2026-06-04,601318,14:13:05,53.2700,50,2
2026-06-04,601318,14:13:08,53.2700,23,2
2026-06-04,601318,14:13:11,53.2700,3,2
2026-06-04,601318,14:13:14,53.2800,15,1
2026-06-04,601318,14:13:17,53.2700,15,2
2026-06-04,601318,14:13:20,53.2500,491,2
2026-06-04,601318,14:13:23,53.2700,33,1
2026-06-04,601318,14:13:26,53.2800,144,1
2026-06-04,601318,14:13:29,53.2800,51,1
2026-06-04,601318,14:13:32,53.2700,20,2
2026-06-04,601318,14:13:35,53.2600,69,2
2026-06-04,601318,14:13:38,53.2500,147,2
2026-06-04,601318,14:13:41,53.2500,66,2
2026-06-04,601318,14:13:44,53.2400,102,2
2026-06-04,601318,14:13:47,53.2400,43,2
2026-06-04,601318,14:13:50,53.2200,200,2
2026-06-04,601318,14:13:53,53.2400,72,1
2026-06-04,601318,14:13:56,53.2200,73,2
2026-06-04,601318,14:13:59,53.2300,7,4
2026-06-04,601318,14:14:02,53.2300,76,1
2026-06-04,601318,14:14:05,53.2200,49,2
2026-06-04,601318,14:14:08,53.2200,28,2
2026-06-04,601318,14:14:11,53.2200,47,2
2026-06-04,601318,14:14:14,53.2200,51,2
2026-06-04,601318,14:14:17,53.2300,101,1
2026-06-04,601318,14:14:20,53.2300,226,4
2026-06-04,601318,14:14:23,53.2300,36,2
2026-06-04,601318,14:14:26,53.2300,95,2
2026-06-04,601318,14:14:29,53.2300,35,2
2026-06-04,601318,14:14:32,53.2200,154,2
2026-06-04,601318,14:14:35,53.2200,73,2
2026-06-04,601318,14:14:38,53.2300,6,4
2026-06-04,601318,14:14:41,53.2300,12,1
2026-06-04,601318,14:14:44,53.2300,6,1
2026-06-04,601318,14:14:47,53.2300,9,1
2026-06-04,601318,14:14:50,53.2300,94,1
2026-06-04,601318,14:14:53,53.2300,5,1
2026-06-04,601318,14:14:56,53.2300,116,1
2026-06-04,601318,14:14:59,53.2400,4,1
2026-06-04,601318,14:15:02,53.2300,23,2
2026-06-04,601318,14:15:05,53.2300,9,1
2026-06-04,601318,14:15:08,53.2300,20,1
2026-06-04,601318,14:15:11,53.2300,58,1
2026-06-04,601318,14:15:14,53.2200,7,2
2026-06-04,601318,14:15:17,53.2100,939,2
2026-06-04,601318,14:15:20,53.2100,73,1
2026-06-04,601318,14:15:23,53.2000,13,2
2026-06-04,601318,14:15:26,53.2000,75,2
2026-06-04,601318,14:15:29,53.2100,137,1
2026-06-04,601318,14:15:32,53.2100,51,2
2026-06-04,601318,14:15:35,53.2000,112,2
2026-06-04,601318,14:15:38,53.2000,13,2
2026-06-04,601318,14:15:41,53.2000,923,2
2026-06-04,601318,14:15:44,53.2100,326,1
2026-06-04,601318,14:15:47,53.2000,68,1
2026-06-04,601318,14:15:50,53.1900,64,2
2026-06-04,601318,14:15:53,53.2000,12,4
2026-06-04,601318,14:15:56,53.2000,53,2
2026-06-04,601318,14:15:59,53.2000,51,2
2026-06-04,601318,14:16:02,53.1900,23,2
2026-06-04,601318,14:16:05,53.1800,57,2
2026-06-04,601318,14:16:08,53.1900,70,1
2026-06-04,601318,14:16:11,53.1900,25,1
2026-06-04,601318,14:16:14,53.1800,28,2
2026-06-04,601318,14:16:17,53.1900,44,1
2026-06-04,601318,14:16:20,53.1800,56,2
2026-06-04,601318,14:16:23,53.1900,102,1
2026-06-04,601318,14:16:26,53.1900,57,2
2026-06-04,601318,14:16:29,53.1900,222,2
2026-06-04,601318,14:16:32,53.2000,62,1
2026-06-04,601318,14:16:35,53.1900,112,2
2026-06-04,601318,14:16:38,53.2000,67,1
2026-06-04,601318,14:16:41,53.1900,24,2
2026-06-04,601318,14:16:44,53.2000,154,1
2026-06-04,601318,14:16:47,53.2000,12,1
2026-06-04,601318,14:16:50,53.1900,46,2
2026-06-04,601318,14:16:53,53.2000,2,1
2026-06-04,601318,14:16:56,53.1900,9,2
2026-06-04,601318,14:16:59,53.1800,268,2
2026-06-04,601318,14:17:02,53.1800,64,2
2026-06-04,601318,14:17:05,53.1800,20,2
2026-06-04,601318,14:17:08,53.2000,4,1
2026-06-04,601318,14:17:11,53.1900,3,1
2026-06-04,601318,14:17:14,53.2000,5,1
2026-06-04,601318,14:17:17,53.2000,10,1
2026-06-04,601318,14:17:20,53.2000,18,1
2026-06-04,601318,14:17:23,53.2000,9,1
2026-06-04,601318,14:17:26,53.2000,28,1
2026-06-04,601318,14:17:29,53.2000,24,1
2026-06-04,601318,14:17:32,53.1900,90,2
2026-06-04,601318,14:17:35,53.2000,50,1
2026-06-04,601318,14:17:38,53.1900,673,2
2026-06-04,601318,14:17:41,53.1900,20,1
2026-06-04,601318,14:17:44,53.1900,80,1
2026-06-04,601318,14:17:47,53.1900,30,1
2026-06-04,601318,14:17:50,53.2000,14,1
2026-06-04,601318,14:17:53,53.2000,42,1
2026-06-04,601318,14:17:56,53.2000,18,1
2026-06-04,601318,14:17:59,53.2000,25,1
2026-06-04,601318,14:18:02,53.2000,105,1
2026-06-04,601318,14:18:05,53.2000,83,1
2026-06-04,601318,14:18:08,53.2000,22,1
2026-06-04,601318,14:18:11,53.2000,51,1
2026-06-04,601318,14:18:14,53.2000,45,1
2026-06-04,601318,14:18:17,53.2000,117,1
2026-06-04,601318,14:18:20,53.1900,82,2
2026-06-04,601318,14:18:23,53.1900,221,2
2026-06-04,601318,14:18:26,53.1800,364,2
2026-06-04,601318,14:18:29,53.1800,31,2
2026-06-04,601318,14:18:32,53.1800,95,2
2026-06-04,601318,14:18:35,53.1900,53,1
2026-06-04,601318,14:18:38,53.1900,138,1
2026-06-04,601318,14:18:41,53.1900,44,1
2026-06-04,601318,14:18:44,53.1900,31,1
2026-06-04,601318,14:18:47,53.1900,14,1
2026-06-04,601318,14:18:50,53.1800,87,2
2026-06-04,601318,14:18:53,53.1900,7,1
2026-06-04,601318,14:18:56,53.1900,55,1
2026-06-04,601318,14:18:59,53.1800,54,2
2026-06-04,601318,14:19:02,53.1800,10,2
2026-06-04,601318,14:19:05,53.1900,96,1
2026-06-04,601318,14:19:08,53.1800,28,2
2026-06-04,601318,14:19:11,53.1800,28,2
2026-06-04,601318,14:19:14,53.1900,72,1
2026-06-04,601318,14:19:17,53.1900,102,1
2026-06-04,601318,14:19:20,53.1900,76,2
2026-06-04,601318,14:19:23,53.1900,80,2
2026-06-04,601318,14:19:26,53.1900,87,2
2026-06-04,601318,14:19:29,53.1900,78,1
2026-06-04,601318,14:19:32,53.1900,65,1
2026-06-04,601318,14:19:35,53.1900,33,1
2026-06-04,601318,14:19:38,53.1900,166,1
2026-06-04,601318,14:19:41,53.1800,83,2
2026-06-04,601318,14:19:44,53.1900,41,1
2026-06-04,601318,14:19:47,53.1900,44,1
2026-06-04,601318,14:19:50,53.1800,33,2
2026-06-04,601318,14:19:53,53.1800,54,2
2026-06-04,601318,14:19:56,53.1900,12,1
2026-06-04,601318,14:19:59,53.1800,75,2
2026-06-04,601318,14:20:02,53.1900,17,1
2026-06-04,601318,14:20:05,53.1800,36,2
2026-06-04,601318,14:20:08,53.2000,186,1
2026-06-04,601318,14:20:11,53.1900,187,2
2026-06-04,601318,14:20:14,53.1900,125,2
2026-06-04,601318,14:20:17,53.1800,90,2
2026-06-04,601318,14:20:20,53.1900,77,2
2026-06-04,601318,14:20:23,53.2000,30,1
2026-06-04,601318,14:20:26,53.2000,101,1
2026-06-04,601318,14:20:29,53.2000,69,1
2026-06-04,601318,14:20:32,53.2000,85,1
2026-06-04,601318,14:20:35,53.2000,90,1
2026-06-04,601318,14:20:38,53.2000,32,1
2026-06-04,601318,14:20:41,53.2000,26,1
2026-06-04,601318,14:20:44,53.2000,140,1
2026-06-04,601318,14:20:47,53.2100,74,1
2026-06-04,601318,14:20:50,53.2100,129,1
2026-06-04,601318,14:20:53,53.2000,12,2
2026-06-04,601318,14:20:56,53.2000,63,2
2026-06-04,601318,14:20:59,53.1900,214,2
2026-06-04,601318,14:21:02,53.2000,30,1
2026-06-04,601318,14:21:05,53.1900,354,2
2026-06-04,601318,14:21:08,53.1800,122,2
2026-06-04,601318,14:21:11,53.1800,180,2
2026-06-04,601318,14:21:14,53.1700,330,2
2026-06-04,601318,14:21:17,53.1700,102,2
2026-06-04,601318,14:21:20,53.1700,48,2
2026-06-04,601318,14:21:23,53.1800,92,1
2026-06-04,601318,14:21:26,53.1800,64,1
2026-06-04,601318,14:21:29,53.1700,43,2
2026-06-04,601318,14:21:32,53.1700,18,2
2026-06-04,601318,14:21:35,53.1600,269,2
2026-06-04,601318,14:21:38,53.1700,200,1
2026-06-04,601318,14:21:41,53.1600,163,2
2026-06-04,601318,14:21:44,53.1600,220,2
2026-06-04,601318,14:21:47,53.1500,123,2
2026-06-04,601318,14:21:50,53.1500,38,2
2026-06-04,601318,14:21:53,53.1400,601,2
2026-06-04,601318,14:21:56,53.1400,144,2
2026-06-04,601318,14:21:59,53.1400,122,2
2026-06-04,601318,14:22:02,53.1300,197,2
2026-06-04,601318,14:22:05,53.1200,84,2
2026-06-04,601318,14:22:08,53.1300,71,1
2026-06-04,601318,14:22:11,53.1200,124,2
2026-06-04,601318,14:22:14,53.1200,95,2
2026-06-04,601318,14:22:17,53.1300,82,1
2026-06-04,601318,14:22:20,53.1200,26,2
2026-06-04,601318,14:22:23,53.1300,37,1
2026-06-04,601318,14:22:26,53.1200,197,2
2026-06-04,601318,14:22:29,53.1300,112,1
2026-06-04,601318,14:22:32,53.1200,56,1
2026-06-04,601318,14:22:35,53.1200,136,1
2026-06-04,601318,14:22:38,53.1100,476,2
2026-06-04,601318,14:22:41,53.1100,210,2
2026-06-04,601318,14:22:44,53.1100,76,1
2026-06-04,601318,14:22:47,53.1000,92,2
2026-06-04,601318,14:22:50,53.1100,529,1
2026-06-04,601318,14:22:53,53.1100,187,1
2026-06-04,601318,14:22:56,53.1000,168,2
2026-06-04,601318,14:22:59,53.1000,398,2
2026-06-04,601318,14:23:02,53.1000,295,2
2026-06-04,601318,14:23:05,53.1100,73,4
2026-06-04,601318,14:23:08,53.1100,56,2
2026-06-04,601318,14:23:11,53.1200,52,1
2026-06-04,601318,14:23:14,53.1200,294,1
2026-06-04,601318,14:23:17,53.1200,260,1
2026-06-04,601318,14:23:20,53.1300,53,1
2026-06-04,601318,14:23:23,53.1300,59,1
2026-06-04,601318,14:23:26,53.1300,59,1
2026-06-04,601318,14:23:29,53.1300,59,1
2026-06-04,601318,14:23:32,53.1300,125,1
2026-06-04,601318,14:23:35,53.1400,153,1
2026-06-04,601318,14:23:38,53.1400,133,2
2026-06-04,601318,14:23:41,53.1300,56,2
2026-06-04,601318,14:23:44,53.1400,66,1
2026-06-04,601318,14:23:47,53.1500,54,1
2026-06-04,601318,14:23:50,53.1400,84,2
2026-06-04,601318,14:23:53,53.1500,50,2
2026-06-04,601318,14:23:56,53.1600,54,2
2026-06-04,601318,14:23:59,53.1600,19,4
2026-06-04,601318,14:24:02,53.1600,192,2
2026-06-04,601318,14:24:05,53.1200,739,2
2026-06-04,601318,14:24:08,53.1100,316,2
2026-06-04,601318,14:24:11,53.1200,235,1
2026-06-04,601318,14:24:14,53.1100,26,2
2026-06-04,601318,14:24:17,53.1100,86,2
2026-06-04,601318,14:24:20,53.1200,35,1
2026-06-04,601318,14:24:23,53.1200,64,1
2026-06-04,601318,14:24:26,53.1100,90,2
2026-06-04,601318,14:24:29,53.1300,45,1
2026-06-04,601318,14:24:32,53.1300,20,1
2026-06-04,601318,14:24:35,53.1300,77,1
2026-06-04,601318,14:24:38,53.1200,71,2
2026-06-04,601318,14:24:41,53.1300,128,1
2026-06-04,601318,14:24:44,53.1300,337,2
2026-06-04,601318,14:24:47,53.1500,21,1
2026-06-04,601318,14:24:50,53.1400,377,2
2026-06-04,601318,14:24:53,53.1400,143,1
2026-06-04,601318,14:24:56,53.1300,387,2
2026-06-04,601318,14:24:59,53.1300,180,1
2026-06-04,601318,14:25:02,53.1300,120,1
2026-06-04,601318,14:25:05,53.1300,59,1
2026-06-04,601318,14:25:08,53.1300,267,1
2026-06-04,601318,14:25:11,53.1300,34,2
2026-06-04,601318,14:25:14,53.1300,37,2
2026-06-04,601318,14:25:17,53.1400,132,1
2026-06-04,601318,14:25:20,53.1400,71,2
2026-06-04,601318,14:25:23,53.1300,358,2
2026-06-04,601318,14:25:26,53.1300,89,1
2026-06-04,601318,14:25:29,53.1800,291,1
2026-06-04,601318,14:25:32,53.1400,46,2
2026-06-04,601318,14:25:35,53.1900,41,1
2026-06-04,601318,14:25:38,53.1500,50,2
2026-06-04,601318,14:25:41,53.1500,26,2
2026-06-04,601318,14:25:44,53.1600,109,4
2026-06-04,601318,14:25:47,53.1700,137,4
2026-06-04,601318,14:25:50,53.1700,52,1
2026-06-04,601318,14:25:53,53.1700,71,1
2026-06-04,601318,14:25:56,53.1700,80,1
2026-06-04,601318,14:25:59,53.1700,33,1
2026-06-04,601318,14:26:02,53.1400,337,2
2026-06-04,601318,14:26:05,53.1200,290,2
2026-06-04,601318,14:26:08,53.1100,339,2
2026-06-04,601318,14:26:11,53.1200,350,1
2026-06-04,601318,14:26:14,53.1100,99,2
2026-06-04,601318,14:26:17,53.1100,67,1
2026-06-04,601318,14:26:20,53.1000,136,2
2026-06-04,601318,14:26:23,53.1200,95,1
2026-06-04,601318,14:26:26,53.1100,26,2
2026-06-04,601318,14:26:29,53.1200,237,1
2026-06-04,601318,14:26:32,53.1000,453,2
2026-06-04,601318,14:26:35,53.1300,257,1
2026-06-04,601318,14:26:38,53.1100,41,2
2026-06-04,601318,14:26:41,53.1400,36,1
2026-06-04,601318,14:26:44,53.1400,102,1
2026-06-04,601318,14:26:47,53.1400,64,1
2026-06-04,601318,14:26:50,53.1300,102,2
2026-06-04,601318,14:26:53,53.1300,611,2
2026-06-04,601318,14:26:56,53.1300,22,2
2026-06-04,601318,14:26:59,53.1200,119,2
2026-06-04,601318,14:27:02,53.1300,104,1
2026-06-04,601318,14:27:05,53.1400,100,1
2026-06-04,601318,14:27:08,53.1400,117,1
2026-06-04,601318,14:27:11,53.1500,37,1
2026-06-04,601318,14:27:14,53.1500,36,1
2026-06-04,601318,14:27:17,53.1500,13,1
2026-06-04,601318,14:27:20,53.1500,428,2
2026-06-04,601318,14:27:23,53.1500,1,2
2026-06-04,601318,14:27:26,53.1600,28,2
2026-06-04,601318,14:27:29,53.1700,7,1
2026-06-04,601318,14:27:32,53.1700,113,1
2026-06-04,601318,14:27:35,53.1700,142,1
2026-06-04,601318,14:27:38,53.1700,306,1
2026-06-04,601318,14:27:41,53.1700,160,1
2026-06-04,601318,14:27:44,53.1900,55,1
2026-06-04,601318,14:27:47,53.1900,86,1
2026-06-04,601318,14:27:50,53.1900,21,1
2026-06-04,601318,14:27:53,53.1900,21,1
2026-06-04,601318,14:27:56,53.1700,88,2
2026-06-04,601318,14:27:59,53.1700,154,2
2026-06-04,601318,14:28:02,53.1700,27,1
2026-06-04,601318,14:28:05,53.1700,55,1
2026-06-04,601318,14:28:08,53.1500,52,2
2026-06-04,601318,14:28:11,53.1600,110,4
2026-06-04,601318,14:28:14,53.1500,75,2
2026-06-04,601318,14:28:17,53.1700,100,1
2026-06-04,601318,14:28:20,53.1600,112,2
2026-06-04,601318,14:28:23,53.1600,87,1
2026-06-04,601318,14:28:26,53.1500,6,2
2026-06-04,601318,14:28:29,53.1600,246,1
2026-06-04,601318,14:28:32,53.1600,78,2
2026-06-04,601318,14:28:35,53.1700,26,1
2026-06-04,601318,14:28:38,53.1600,42,2
2026-06-04,601318,14:28:41,53.1700,49,1
2026-06-04,601318,14:28:44,53.1700,31,1
2026-06-04,601318,14:28:47,53.1800,1,1
2026-06-04,601318,14:28:50,53.1800,5,1
2026-06-04,601318,14:28:53,53.1800,63,1
2026-06-04,601318,14:28:56,53.1900,21,1
2026-06-04,601318,14:28:59,53.1600,238,2
2026-06-04,601318,14:29:02,53.1600,78,2
2026-06-04,601318,14:29:05,53.1900,254,1
2026-06-04,601318,14:29:08,53.1700,41,2
2026-06-04,601318,14:29:11,53.1600,65,2
2026-06-04,601318,14:29:14,53.1600,39,2
2026-06-04,601318,14:29:17,53.1700,60,1
2026-06-04,601318,14:29:20,53.1700,10,1
2026-06-04,601318,14:29:23,53.1700,26,1
2026-06-04,601318,14:29:26,53.1700,21,1
2026-06-04,601318,14:29:29,53.1800,7,1
2026-06-04,601318,14:29:32,53.1800,86,1
2026-06-04,601318,14:29:35,53.1900,23,1
2026-06-04,601318,14:29:38,53.1900,54,1
2026-06-04,601318,14:29:41,53.1800,59,2
2026-06-04,601318,14:29:44,53.1800,33,2
2026-06-04,601318,14:29:47,53.2000,83,1
2026-06-04,601318,14:29:50,53.2000,10,1
2026-06-04,601318,14:29:53,53.2100,84,1
2026-06-04,601318,14:29:56,53.2100,143,1
2026-06-04,601318,14:29:59,53.2000,131,2
2026-06-04,601318,14:30:02,53.2000,31,1
2026-06-04,601318,14:30:05,53.2100,6,4
2026-06-04,601318,14:30:08,53.2000,29,2
2026-06-04,601318,14:30:11,53.2000,30,1
2026-06-04,601318,14:30:14,53.2000,40,1
2026-06-04,601318,14:30:17,53.2100,26,1
2026-06-04,601318,14:30:20,53.2000,45,2
2026-06-04,601318,14:30:23,53.2100,95,1
2026-06-04,601318,14:30:26,53.2000,64,2
2026-06-04,601318,14:30:29,53.2100,10,1
2026-06-04,601318,14:30:32,53.2000,51,2
2026-06-04,601318,14:30:35,53.2000,57,1
2026-06-04,601318,14:30:38,53.2000,9,2
2026-06-04,601318,14:30:41,53.2000,65,2
2026-06-04,601318,14:30:44,53.2000,70,1
2026-06-04,601318,14:30:47,53.2000,46,1
2026-06-04,601318,14:30:50,53.1900,28,2
2026-06-04,601318,14:30:53,53.1900,7,2
2026-06-04,601318,14:30:56,53.2000,101,1
2026-06-04,601318,14:30:59,53.2000,21,1
2026-06-04,601318,14:31:02,53.1700,377,2
2026-06-04,601318,14:31:05,53.1500,423,2
2026-06-04,601318,14:31:08,53.1600,96,4
2026-06-04,601318,14:31:11,53.1500,20,2
2026-06-04,601318,14:31:14,53.1600,159,4
2026-06-04,601318,14:31:17,53.1500,157,2
2026-06-04,601318,14:31:20,53.1500,22,4
2026-06-04,601318,14:31:23,53.1500,128,4
2026-06-04,601318,14:31:26,53.1500,42,2
2026-06-04,601318,14:31:29,53.1600,108,1
2026-06-04,601318,14:31:32,53.1500,11,2
2026-06-04,601318,14:31:35,53.1500,12,2
2026-06-04,601318,14:31:38,53.1600,131,1
2026-06-04,601318,14:31:41,53.1400,135,2
2026-06-04,601318,14:31:44,53.1500,75,4
2026-06-04,601318,14:31:47,53.1500,16,4
2026-06-04,601318,14:31:50,53.1600,102,1
2026-06-04,601318,14:31:53,53.1700,132,1
2026-06-04,601318,14:31:56,53.1800,48,1
2026-06-04,601318,14:31:59,53.1700,10,4
2026-06-04,601318,14:32:02,53.1800,18,1
2026-06-04,601318,14:32:05,53.1900,102,1
2026-06-04,601318,14:32:08,53.2000,386,1
2026-06-04,601318,14:32:11,53.2000,20,4
2026-06-04,601318,14:32:14,53.2000,51,2
2026-06-04,601318,14:32:17,53.2100,46,1
2026-06-04,601318,14:32:20,53.2100,18,4
2026-06-04,601318,14:32:23,53.2200,745,1
2026-06-04,601318,14:32:26,53.2300,42,1
2026-06-04,601318,14:32:29,53.2300,18,1
2026-06-04,601318,14:32:32,53.2300,249,1
2026-06-04,601318,14:32:35,53.2200,38,1
2026-06-04,601318,14:32:38,53.2200,96,1
2026-06-04,601318,14:32:41,53.2300,75,1
2026-06-04,601318,14:32:44,53.2200,52,2
2026-06-04,601318,14:32:47,53.2300,17,1
2026-06-04,601318,14:32:50,53.2300,9,1
2026-06-04,601318,14:32:53,53.2300,50,1
2026-06-04,601318,14:32:56,53.2300,8,1
2026-06-04,601318,14:32:59,53.2300,35,1
2026-06-04,601318,14:33:02,53.2300,43,1
2026-06-04,601318,14:33:05,53.2200,14,2
2026-06-04,601318,14:33:08,53.2300,32,1
2026-06-04,601318,14:33:11,53.2300,17,1
2026-06-04,601318,14:33:14,53.2200,49,2
2026-06-04,601318,14:33:17,53.2300,68,1
2026-06-04,601318,14:33:20,53.2300,16,1
2026-06-04,601318,14:33:23,53.2200,42,2
2026-06-04,601318,14:33:26,53.2300,9,1
2026-06-04,601318,14:33:29,53.2300,22,1
2026-06-04,601318,14:33:32,53.2200,254,2
2026-06-04,601318,14:33:35,53.2200,68,2
2026-06-04,601318,14:33:38,53.2300,37,1
2026-06-04,601318,14:33:41,53.2100,106,2
2026-06-04,601318,14:33:44,53.2100,53,2
2026-06-04,601318,14:33:47,53.2200,20,1
2026-06-04,601318,14:33:50,53.2200,156,1
2026-06-04,601318,14:33:53,53.2300,36,1
2026-06-04,601318,14:33:56,53.2300,52,2
2026-06-04,601318,14:33:59,53.2300,13,2
2026-06-04,601318,14:34:02,53.2400,6,1
2026-06-04,601318,14:34:05,53.2200,20,2
2026-06-04,601318,14:34:08,53.2400,49,1
2026-06-04,601318,14:34:11,53.2400,80,1
2026-06-04,601318,14:34:14,53.2400,94,1
2026-06-04,601318,14:34:17,53.2300,93,2
2026-06-04,601318,14:34:20,53.2400,70,1
2026-06-04,601318,14:34:23,53.2400,72,2
2026-06-04,601318,14:34:26,53.2400,7,4
2026-06-04,601318,14:34:29,53.2200,81,2
2026-06-04,601318,14:34:32,53.2400,77,1
2026-06-04,601318,14:34:35,53.2400,8,1
2026-06-04,601318,14:34:38,53.2300,40,2
2026-06-04,601318,14:34:41,53.2400,92,1
2026-06-04,601318,14:34:44,53.2400,9,1
2026-06-04,601318,14:34:47,53.2400,58,1
2026-06-04,601318,14:34:50,53.2400,43,1
2026-06-04,601318,14:34:53,53.2400,2,2
2026-06-04,601318,14:34:56,53.2500,31,1
2026-06-04,601318,14:34:59,53.2400,20,2
2026-06-04,601318,14:35:02,53.2300,29,2
2026-06-04,601318,14:35:05,53.2400,33,1
2026-06-04,601318,14:35:08,53.2300,132,2
2026-06-04,601318,14:35:11,53.2400,3,4
2026-06-04,601318,14:35:14,53.2400,64,2
2026-06-04,601318,14:35:17,53.2400,84,2
2026-06-04,601318,14:35:20,53.2500,70,1
2026-06-04,601318,14:35:23,53.2400,133,2
2026-06-04,601318,14:35:26,53.2500,15,1
2026-06-04,601318,14:35:29,53.2500,79,1
2026-06-04,601318,14:35:32,53.2200,213,2
2026-06-04,601318,14:35:35,53.2300,246,2
2026-06-04,601318,14:35:38,53.2100,815,2
2026-06-04,601318,14:35:41,53.2200,121,1
2026-06-04,601318,14:35:44,53.2200,61,1
2026-06-04,601318,14:35:47,53.2100,139,2
2026-06-04,601318,14:35:50,53.1800,266,2
2026-06-04,601318,14:35:53,53.2100,64,1
2026-06-04,601318,14:35:56,53.2000,5,4
2026-06-04,601318,14:35:59,53.2100,37,1
2026-06-04,601318,14:36:02,53.2100,43,1
2026-06-04,601318,14:36:05,53.2000,38,2
2026-06-04,601318,14:36:08,53.2100,33,1
2026-06-04,601318,14:36:11,53.2000,3,2
2026-06-04,601318,14:36:14,53.2000,53,2
2026-06-04,601318,14:36:17,53.1900,259,2
2026-06-04,601318,14:36:20,53.1700,122,2
2026-06-04,601318,14:36:23,53.1600,61,2
2026-06-04,601318,14:36:26,53.1800,23,1
2026-06-04,601318,14:36:29,53.1800,100,1
2026-06-04,601318,14:36:32,53.1900,14,1
2026-06-04,601318,14:36:35,53.1800,51,2
2026-06-04,601318,14:36:38,53.1800,148,2
2026-06-04,601318,14:36:41,53.1700,13,2
2026-06-04,601318,14:36:44,53.1700,21,2
2026-06-04,601318,14:36:47,53.1700,98,2
2026-06-04,601318,14:36:50,53.1700,32,2
2026-06-04,601318,14:36:53,53.1700,94,1
2026-06-04,601318,14:36:56,53.1800,3,1
2026-06-04,601318,14:36:59,53.1800,119,1
2026-06-04,601318,14:37:02,53.1700,20,2
2026-06-04,601318,14:37:05,53.1900,145,1
2026-06-04,601318,14:37:08,53.1900,11,1
2026-06-04,601318,14:37:11,53.1900,42,2
2026-06-04,601318,14:37:14,53.2000,102,1
2026-06-04,601318,14:37:17,53.2000,39,1
2026-06-04,601318,14:37:20,53.1900,16,2
2026-06-04,601318,14:37:23,53.1800,108,2
2026-06-04,601318,14:37:26,53.1900,192,1
2026-06-04,601318,14:37:29,53.1900,92,1
2026-06-04,601318,14:37:32,53.1800,68,2
2026-06-04,601318,14:37:35,53.1800,25,2
2026-06-04,601318,14:37:38,53.1900,51,1
2026-06-04,601318,14:37:41,53.1900,15,1
2026-06-04,601318,14:37:44,53.1900,18,2
2026-06-04,601318,14:37:47,53.1900,44,2
2026-06-04,601318,14:37:50,53.1900,16,4
2026-06-04,601318,14:37:53,53.1900,34,1
2026-06-04,601318,14:37:56,53.1900,22,1
2026-06-04,601318,14:37:59,53.1900,31,1
2026-06-04,601318,14:38:02,53.1800,17,2
2026-06-04,601318,14:38:05,53.1800,15,2
2026-06-04,601318,14:38:08,53.1900,92,1
2026-06-04,601318,14:38:11,53.2000,13,1
2026-06-04,601318,14:38:14,53.2100,416,1
2026-06-04,601318,14:38:17,53.2100,68,1
2026-06-04,601318,14:38:20,53.2200,71,1
2026-06-04,601318,14:38:23,53.2200,15,1
2026-06-04,601318,14:38:26,53.2300,24,4
2026-06-04,601318,14:38:29,53.2500,164,1
2026-06-04,601318,14:38:32,53.2200,59,2
2026-06-04,601318,14:38:35,53.2200,246,2
2026-06-04,601318,14:38:38,53.2200,53,2
2026-06-04,601318,14:38:41,53.2200,13,2
2026-06-04,601318,14:38:44,53.2300,35,1
2026-06-04,601318,14:38:47,53.2300,5,1
2026-06-04,601318,14:38:50,53.2200,48,2
2026-06-04,601318,14:38:53,53.2300,26,1
2026-06-04,601318,14:38:56,53.2300,5,2
2026-06-04,601318,14:38:59,53.2400,12,1
2026-06-04,601318,14:39:02,53.2300,119,2
2026-06-04,601318,14:39:05,53.2400,112,2
2026-06-04,601318,14:39:08,53.2400,23,1
2026-06-04,601318,14:39:11,53.2300,74,2
2026-06-04,601318,14:39:14,53.2300,54,2
2026-06-04,601318,14:39:17,53.2300,41,1
2026-06-04,601318,14:39:20,53.2300,36,1
2026-06-04,601318,14:39:23,53.2300,84,1
2026-06-04,601318,14:39:27,53.2300,45,1
2026-06-04,601318,14:39:29,53.2300,16,1
2026-06-04,601318,14:39:32,53.2300,17,1
2026-06-04,601318,14:39:35,53.2300,107,1
2026-06-04,601318,14:39:38,53.2200,93,2
2026-06-04,601318,14:39:41,53.2200,115,2
2026-06-04,601318,14:39:44,53.2100,151,2
2026-06-04,601318,14:39:47,53.2200,13,1
2026-06-04,601318,14:39:50,53.2200,66,1
2026-06-04,601318,14:39:53,53.2200,51,1
2026-06-04,601318,14:39:56,53.2300,49,1
2026-06-04,601318,14:39:59,53.2300,77,1
2026-06-04,601318,14:40:02,53.2300,88,2
2026-06-04,601318,14:40:05,53.2200,62,2
2026-06-04,601318,14:40:08,53.2300,179,1
2026-06-04,601318,14:40:11,53.2200,176,2
2026-06-04,601318,14:40:14,53.2200,46,2
2026-06-04,601318,14:40:17,53.2100,80,2
2026-06-04,601318,14:40:20,53.2300,83,1
2026-06-04,601318,14:40:23,53.2300,55,1
2026-06-04,601318,14:40:26,53.2200,244,2
2026-06-04,601318,14:40:29,53.2200,13,2
2026-06-04,601318,14:40:32,53.2000,195,2
2026-06-04,601318,14:40:35,53.2100,19,4
2026-06-04,601318,14:40:38,53.2100,12,1
2026-06-04,601318,14:40:41,53.2000,52,2
2026-06-04,601318,14:40:44,53.2100,97,2
2026-06-04,601318,14:40:47,53.2100,16,2
2026-06-04,601318,14:40:50,53.2100,40,2
2026-06-04,601318,14:40:53,53.2200,50,1
2026-06-04,601318,14:40:56,53.2300,22,1
2026-06-04,601318,14:40:59,53.2200,19,2
2026-06-04,601318,14:41:02,53.2300,37,1
2026-06-04,601318,14:41:05,53.2300,381,1
2026-06-04,601318,14:41:08,53.2400,30,1
2026-06-04,601318,14:41:11,53.2300,44,2
2026-06-04,601318,14:41:14,53.2300,55,2
2026-06-04,601318,14:41:17,53.2300,83,2
2026-06-04,601318,14:41:20,53.2300,50,2
2026-06-04,601318,14:41:23,53.2300,101,1
2026-06-04,601318,14:41:26,53.2300,33,1
2026-06-04,601318,14:41:29,53.2300,186,1
2026-06-04,601318,14:41:32,53.2100,28,2
2026-06-04,601318,14:41:35,53.2100,27,2
2026-06-04,601318,14:41:38,53.2100,85,2
2026-06-04,601318,14:41:41,53.2200,21,1
2026-06-04,601318,14:41:47,53.2200,35,1
2026-06-04,601318,14:41:50,53.2100,44,2
2026-06-04,601318,14:41:53,53.2000,228,2
2026-06-04,601318,14:41:56,53.2000,264,2
2026-06-04,601318,14:41:59,53.2000,56,2
2026-06-04,601318,14:42:02,53.2100,138,1
2026-06-04,601318,14:42:05,53.2100,616,1
2026-06-04,601318,14:42:08,53.2200,43,1
2026-06-04,601318,14:42:11,53.2200,46,1
2026-06-04,601318,14:42:14,53.2100,65,2
2026-06-04,601318,14:42:17,53.2200,14,1
2026-06-04,601318,14:42:20,53.2200,76,1
2026-06-04,601318,14:42:23,53.2100,115,2
2026-06-04,601318,14:42:26,53.2200,23,1
2026-06-04,601318,14:42:29,53.2100,14,2
2026-06-04,601318,14:42:32,53.2200,30,1
2026-06-04,601318,14:42:35,53.2100,24,2
2026-06-04,601318,14:42:38,53.2200,46,1
2026-06-04,601318,14:42:41,53.2000,464,2
2026-06-04,601318,14:42:44,53.2100,74,4
2026-06-04,601318,14:42:47,53.2200,11,1
2026-06-04,601318,14:42:50,53.2200,38,1
2026-06-04,601318,14:42:53,53.2200,138,2
2026-06-04,601318,14:42:56,53.2200,12,2
2026-06-04,601318,14:42:59,53.2200,2,2
2026-06-04,601318,14:43:02,53.2100,103,2
2026-06-04,601318,14:43:05,53.2200,9,1
2026-06-04,601318,14:43:08,53.2100,27,2
2026-06-04,601318,14:43:11,53.2200,17,1
2026-06-04,601318,14:43:14,53.2200,42,1
2026-06-04,601318,14:43:17,53.2200,114,1
2026-06-04,601318,14:43:20,53.2100,130,2
2026-06-04,601318,14:43:23,53.2200,46,4
2026-06-04,601318,14:43:26,53.2100,358,2
2026-06-04,601318,14:43:29,53.2300,81,1
2026-06-04,601318,14:43:32,53.2400,69,1
2026-06-04,601318,14:43:35,53.2300,18,2
2026-06-04,601318,14:43:38,53.2300,63,2
2026-06-04,601318,14:43:41,53.2300,24,2
2026-06-04,601318,14:43:44,53.2400,6,1
2026-06-04,601318,14:43:47,53.2400,190,1
2026-06-04,601318,14:43:50,53.2200,61,2
2026-06-04,601318,14:43:53,53.2200,21,2
2026-06-04,601318,14:43:56,53.2300,85,1
2026-06-04,601318,14:43:59,53.2300,23,1
2026-06-04,601318,14:44:02,53.2400,39,1
2026-06-04,601318,14:44:05,53.2300,76,2
2026-06-04,601318,14:44:08,53.2300,45,2
2026-06-04,601318,14:44:11,53.2300,49,2
2026-06-04,601318,14:44:14,53.2300,66,2
2026-06-04,601318,14:44:17,53.2400,29,1
2026-06-04,601318,14:44:20,53.2400,10,1
2026-06-04,601318,14:44:23,53.2300,47,2
2026-06-04,601318,14:44:26,53.2500,465,1
2026-06-04,601318,14:44:29,53.2500,16,1
2026-06-04,601318,14:44:32,53.2500,44,1
2026-06-04,601318,14:44:35,53.2500,36,1
2026-06-04,601318,14:44:38,53.2500,15,1
2026-06-04,601318,14:44:41,53.2300,136,2
2026-06-04,601318,14:44:44,53.2300,70,2
2026-06-04,601318,14:44:47,53.2300,59,2
2026-06-04,601318,14:44:50,53.2400,97,1
2026-06-04,601318,14:44:53,53.2400,72,1
2026-06-04,601318,14:44:56,53.2400,46,1
2026-06-04,601318,14:44:59,53.2400,43,1
2026-06-04,601318,14:45:02,53.2400,154,1
2026-06-04,601318,14:45:05,53.2400,132,1
2026-06-04,601318,14:45:08,53.2500,29,1
2026-06-04,601318,14:45:11,53.2400,15,2
2026-06-04,601318,14:45:17,53.2500,158,1
2026-06-04,601318,14:45:20,53.2300,19,2
2026-06-04,601318,14:45:23,53.2400,42,1
2026-06-04,601318,14:45:26,53.2400,127,1
2026-06-04,601318,14:45:29,53.2400,13,1
2026-06-04,601318,14:45:32,53.2300,65,2
2026-06-04,601318,14:45:35,53.2300,63,2
2026-06-04,601318,14:45:38,53.2300,167,2
2026-06-04,601318,14:45:41,53.2200,115,2
2026-06-04,601318,14:45:44,53.2200,29,2
2026-06-04,601318,14:45:47,53.2300,199,1
2026-06-04,601318,14:45:50,53.2300,69,2
2026-06-04,601318,14:45:53,53.2300,64,2
2026-06-04,601318,14:45:56,53.2200,485,2
2026-06-04,601318,14:45:59,53.2100,350,2
2026-06-04,601318,14:46:02,53.2000,201,2
2026-06-04,601318,14:46:05,53.2000,148,2
2026-06-04,601318,14:46:08,53.2000,65,2
2026-06-04,601318,14:46:11,53.2000,113,2
2026-06-04,601318,14:46:14,53.2000,51,2
2026-06-04,601318,14:46:17,53.2000,33,2
2026-06-04,601318,14:46:20,53.2000,20,2
2026-06-04,601318,14:46:23,53.2100,711,1
2026-06-04,601318,14:46:26,53.2000,221,2
2026-06-04,601318,14:46:29,53.2100,40,1
2026-06-04,601318,14:46:32,53.2100,17,1
2026-06-04,601318,14:46:35,53.2000,15,2
2026-06-04,601318,14:46:38,53.2100,67,1
2026-06-04,601318,14:46:41,53.2000,38,2
2026-06-04,601318,14:46:44,53.2100,14,1
2026-06-04,601318,14:46:47,53.2100,16,1
2026-06-04,601318,14:46:50,53.2100,260,1
2026-06-04,601318,14:46:53,53.2100,8,1
2026-06-04,601318,14:46:56,53.2000,134,2
2026-06-04,601318,14:46:59,53.2000,231,2
2026-06-04,601318,14:47:02,53.2000,208,2
2026-06-04,601318,14:47:05,53.2100,23,2
2026-06-04,601318,14:47:08,53.2200,392,1
2026-06-04,601318,14:47:11,53.2000,46,2
2026-06-04,601318,14:47:14,53.2100,70,1
2026-06-04,601318,14:47:17,53.2200,15,1
2026-06-04,601318,14:47:20,53.2100,5,2
2026-06-04,601318,14:47:23,53.2200,36,1
2026-06-04,601318,14:47:26,53.2100,585,2
2026-06-04,601318,14:47:29,53.2100,12,1
2026-06-04,601318,14:47:32,53.2000,15,2
2026-06-04,601318,14:47:35,53.2000,4,2
2026-06-04,601318,14:47:38,53.2000,75,2
2026-06-04,601318,14:47:41,53.2100,6,2
2026-06-04,601318,14:47:44,53.2200,25,1
2026-06-04,601318,14:47:47,53.2200,7,1
2026-06-04,601318,14:47:50,53.2200,139,1
2026-06-04,601318,14:47:53,53.2100,14,2
2026-06-04,601318,14:47:56,53.2200,121,1
2026-06-04,601318,14:47:59,53.2100,16,2
2026-06-04,601318,14:48:02,53.2200,270,1
2026-06-04,601318,14:48:05,53.2300,540,1
2026-06-04,601318,14:48:08,53.2400,213,1
2026-06-04,601318,14:48:11,53.2500,432,1
2026-06-04,601318,14:48:14,53.2500,10,1
2026-06-04,601318,14:48:17,53.2500,37,1
2026-06-04,601318,14:48:20,53.2500,91,1
2026-06-04,601318,14:48:23,53.2400,31,2
2026-06-04,601318,14:48:26,53.2400,120,2
2026-06-04,601318,14:48:29,53.2400,73,2
2026-06-04,601318,14:48:32,53.2600,667,1
2026-06-04,601318,14:48:35,53.2600,89,1
2026-06-04,601318,14:48:38,53.2600,139,4
2026-06-04,601318,14:48:41,53.2500,73,2
2026-06-04,601318,14:48:44,53.2600,38,1
2026-06-04,601318,14:48:47,53.2500,18,2
2026-06-04,601318,14:48:50,53.2500,33,2
2026-06-04,601318,14:48:53,53.2500,136,2
2026-06-04,601318,14:48:56,53.2700,166,1
2026-06-04,601318,14:48:59,53.2700,149,1
2026-06-04,601318,14:49:02,53.2700,377,4
2026-06-04,601318,14:49:05,53.2600,65,2
2026-06-04,601318,14:49:08,53.2900,79,1
2026-06-04,601318,14:49:11,53.2800,51,2
2026-06-04,601318,14:49:14,53.2800,159,2
2026-06-04,601318,14:49:17,53.2800,61,1
2026-06-04,601318,14:49:20,53.2600,159,2
2026-06-04,601318,14:49:23,53.2700,57,1
2026-06-04,601318,14:49:26,53.2600,44,2
2026-06-04,601318,14:49:29,53.2700,19,1
2026-06-04,601318,14:49:32,53.2600,26,2
2026-06-04,601318,14:49:35,53.2700,205,1
2026-06-04,601318,14:49:38,53.2700,7,1
2026-06-04,601318,14:49:41,53.2700,24,1
2026-06-04,601318,14:49:44,53.2600,14,2
2026-06-04,601318,14:49:47,53.2700,13,1
2026-06-04,601318,14:49:50,53.2600,91,2
2026-06-04,601318,14:49:53,53.2700,31,1
2026-06-04,601318,14:49:56,53.2600,207,4
2026-06-04,601318,14:49:59,53.2700,89,1
2026-06-04,601318,14:50:02,53.2700,78,1
2026-06-04,601318,14:50:05,53.2700,162,1
2026-06-04,601318,14:50:08,53.2700,42,2
2026-06-04,601318,14:50:11,53.2800,29,1
2026-06-04,601318,14:50:14,53.2700,28,2
2026-06-04,601318,14:50:17,53.2900,539,1
2026-06-04,601318,14:50:20,53.2800,45,2
2026-06-04,601318,14:50:23,53.3000,38,1
2026-06-04,601318,14:50:26,53.2900,42,2
2026-06-04,601318,14:50:29,53.2900,119,2
2026-06-04,601318,14:50:32,53.2800,104,2
2026-06-04,601318,14:50:35,53.2800,77,2
2026-06-04,601318,14:50:38,53.2800,15,2
2026-06-04,601318,14:50:41,53.2800,31,2
2026-06-04,601318,14:50:44,53.2900,635,1
2026-06-04,601318,14:50:47,53.2900,56,2
2026-06-04,601318,14:50:50,53.2900,84,2
2026-06-04,601318,14:50:53,53.3000,103,1
2026-06-04,601318,14:50:56,53.2800,285,2
2026-06-04,601318,14:50:59,53.2800,65,1
2026-06-04,601318,14:51:02,53.3200,1229,1
2026-06-04,601318,14:51:05,53.3000,64,2
2026-06-04,601318,14:51:08,53.3000,156,2
2026-06-04,601318,14:51:11,53.3100,54,1
2026-06-04,601318,14:51:14,53.3000,106,2
2026-06-04,601318,14:51:17,53.3000,68,1
2026-06-04,601318,14:51:20,53.2900,255,2
2026-06-04,601318,14:51:23,53.2900,63,1
2026-06-04,601318,14:51:26,53.2900,37,1
2026-06-04,601318,14:51:29,53.2900,79,1
2026-06-04,601318,14:51:32,53.2900,137,1
2026-06-04,601318,14:51:35,53.2900,51,2
2026-06-04,601318,14:51:38,53.2900,171,2
2026-06-04,601318,14:51:41,53.2900,175,2
2026-06-04,601318,14:51:44,53.2900,123,2
2026-06-04,601318,14:51:47,53.3000,66,1
2026-06-04,601318,14:51:50,53.3000,42,1
2026-06-04,601318,14:51:53,53.3200,677,1
2026-06-04,601318,14:51:56,53.3200,4,1
2026-06-04,601318,14:51:59,53.3100,83,2
2026-06-04,601318,14:52:02,53.3300,1210,1
2026-06-04,601318,14:52:05,53.3500,122,1
2026-06-04,601318,14:52:08,53.3200,245,2
2026-06-04,601318,14:52:11,53.3200,144,2
2026-06-04,601318,14:52:14,53.3200,70,1
2026-06-04,601318,14:52:17,53.3200,24,1
2026-06-04,601318,14:52:20,53.3200,107,1
2026-06-04,601318,14:52:23,53.3100,63,4
2026-06-04,601318,14:52:26,53.3100,45,1
2026-06-04,601318,14:52:29,53.3100,99,1
2026-06-04,601318,14:52:32,53.3100,573,1
2026-06-04,601318,14:52:35,53.3200,49,1
2026-06-04,601318,14:52:38,53.3200,88,2
2026-06-04,601318,14:52:41,53.3200,40,2
2026-06-04,601318,14:52:44,53.3200,48,2
2026-06-04,601318,14:52:47,53.3100,23,2
2026-06-04,601318,14:52:50,53.3200,79,1
2026-06-04,601318,14:52:53,53.3200,414,1
2026-06-04,601318,14:52:56,53.3200,105,1
2026-06-04,601318,14:52:59,53.3200,134,1
2026-06-04,601318,14:53:02,53.3400,1068,1
2026-06-04,601318,14:53:05,53.3300,43,2
2026-06-04,601318,14:53:08,53.3200,193,2
2026-06-04,601318,14:53:11,53.3100,123,2
2026-06-04,601318,14:53:14,53.3000,198,2
2026-06-04,601318,14:53:17,53.3000,304,1
2026-06-04,601318,14:53:20,53.3000,90,1
2026-06-04,601318,14:53:23,53.3000,111,1
2026-06-04,601318,14:53:26,53.3000,41,2
2026-06-04,601318,14:53:29,53.3000,105,2
2026-06-04,601318,14:53:33,53.3000,115,1
2026-06-04,601318,14:53:35,53.3000,291,1
2026-06-04,601318,14:53:38,53.3000,166,1
2026-06-04,601318,14:53:41,53.3000,273,1
2026-06-04,601318,14:53:44,53.3000,91,1
2026-06-04,601318,14:53:47,53.3000,45,1
2026-06-04,601318,14:53:50,53.2800,46,2
2026-06-04,601318,14:53:53,53.2900,278,1
2026-06-04,601318,14:53:56,53.2900,12,1
2026-06-04,601318,14:53:59,53.2800,252,2
2026-06-04,601318,14:54:02,53.3000,1443,1
2026-06-04,601318,14:54:05,53.2900,587,2
2026-06-04,601318,14:54:08,53.3000,58,1
2026-06-04,601318,14:54:11,53.3000,92,1
2026-06-04,601318,14:54:14,53.2900,16,2
2026-06-04,601318,14:54:17,53.2900,74,2
2026-06-04,601318,14:54:20,53.2900,42,1
2026-06-04,601318,14:54:23,53.2900,142,2
2026-06-04,601318,14:54:26,53.2900,33,1
2026-06-04,601318,14:54:29,53.2900,73,2
2026-06-04,601318,14:54:32,53.3000,213,1
2026-06-04,601318,14:54:35,53.3000,147,1
2026-06-04,601318,14:54:38,53.2900,37,2
2026-06-04,601318,14:54:41,53.2900,101,1
2026-06-04,601318,14:54:44,53.2800,167,2
2026-06-04,601318,14:54:47,53.2700,179,2
2026-06-04,601318,14:54:50,53.2700,254,2
2026-06-04,601318,14:54:53,53.2800,429,1
2026-06-04,601318,14:54:56,53.2800,104,1
2026-06-04,601318,14:54:59,53.2700,247,2
2026-06-04,601318,14:55:02,53.2900,666,1
2026-06-04,601318,14:55:05,53.2800,234,2
2026-06-04,601318,14:55:08,53.2600,35,2
2026-06-04,601318,14:55:11,53.2800,24,2
2026-06-04,601318,14:55:14,53.2800,53,1
2026-06-04,601318,14:55:17,53.2900,386,1
2026-06-04,601318,14:55:20,53.2900,96,1
2026-06-04,601318,14:55:23,53.2800,44,2
2026-06-04,601318,14:55:26,53.2800,116,2
2026-06-04,601318,14:55:29,53.2800,102,2
2026-06-04,601318,14:55:32,53.2900,240,1
2026-06-04,601318,14:55:35,53.2900,46,2
2026-06-04,601318,14:55:38,53.2900,28,1
2026-06-04,601318,14:55:41,53.2800,130,2
2026-06-04,601318,14:55:44,53.2800,340,2
2026-06-04,601318,14:55:47,53.2700,144,2
2026-06-04,601318,14:55:50,53.2600,182,2
2026-06-04,601318,14:55:53,53.2800,247,1
2026-06-04,601318,14:55:56,53.2800,901,1
2026-06-04,601318,14:55:59,53.2800,52,1
2026-06-04,601318,14:56:02,53.2700,702,2
2026-06-04,601318,14:56:05,53.2800,107,2
2026-06-04,601318,14:56:08,53.2800,36,2
2026-06-04,601318,14:56:11,53.2700,157,2
2026-06-04,601318,14:56:14,53.2700,88,2
2026-06-04,601318,14:56:17,53.2700,55,2
2026-06-04,601318,14:56:20,53.2800,331,1
2026-06-04,601318,14:56:23,53.2800,86,1
2026-06-04,601318,14:56:26,53.2800,117,1
2026-06-04,601318,14:56:29,53.2800,113,1
2026-06-04,601318,14:56:32,53.2700,118,2
2026-06-04,601318,14:56:35,53.2800,126,1
2026-06-04,601318,14:56:38,53.2700,94,2
2026-06-04,601318,14:56:41,53.2700,70,1
2026-06-04,601318,14:56:44,53.2600,108,2
2026-06-04,601318,14:56:47,53.2800,52,1
2026-06-04,601318,14:56:50,53.2800,176,1
2026-06-04,601318,14:56:53,53.2800,53,1
2026-06-04,601318,14:56:56,53.2800,21,1
2026-06-04,601318,14:56:59,53.2800,45,1
2026-06-04,601318,15:00:02,53.2300,7128,4
2026-06-04,601318,13:16:47,53.4600,55,1
2026-06-04,601318,13:16:50,53.4500,61,2
2026-06-04,601318,13:16:53,53.4600,22,1
2026-06-04,601318,13:16:56,53.4600,21,2
2026-06-04,601318,13:16:59,53.4600,19,2
2026-06-04,601318,13:17:02,53.4600,110,2
2026-06-04,601318,13:17:05,53.4500,6,2
2026-06-04,601318,13:17:08,53.4600,31,1
2026-06-04,601318,13:17:11,53.4600,28,1
2026-06-04,601318,13:17:14,53.4600,16,1
2026-06-04,601318,13:17:17,53.4600,77,1
2026-06-04,601318,13:17:20,53.4600,46,1
2026-06-04,601318,13:17:23,53.4600,92,1
2026-06-04,601318,13:17:26,53.4600,35,2
2026-06-04,601318,13:17:29,53.4600,80,2
2026-06-04,601318,13:17:32,53.4600,126,2
2026-06-04,601318,13:17:35,53.4700,36,1
2026-06-04,601318,13:17:38,53.4600,10,4
2026-06-04,601318,13:17:41,53.4500,25,2
2026-06-04,601318,13:17:44,53.4600,19,1
2026-06-04,601318,13:17:47,53.4600,35,1
2026-06-04,601318,13:17:50,53.4600,30,1
2026-06-04,601318,13:17:53,53.4600,108,2
2026-06-04,601318,13:17:56,53.4500,80,2
2026-06-04,601318,13:17:59,53.4700,115,1
2026-06-04,601318,13:18:02,53.4700,95,1
2026-06-04,601318,13:18:05,53.4600,36,1
2026-06-04,601318,13:18:08,53.4600,56,1
2026-06-04,601318,13:18:11,53.4600,16,1
2026-06-04,601318,13:18:14,53.4500,27,2
2026-06-04,601318,13:18:17,53.4600,53,1
2026-06-04,601318,13:18:20,53.4600,15,2
2026-06-04,601318,13:18:23,53.4600,59,1
2026-06-04,601318,13:18:26,53.4600,55,1
2026-06-04,601318,13:18:29,53.4600,47,2
2026-06-04,601318,13:18:32,53.4700,186,1
2026-06-04,601318,13:18:35,53.4600,5,2
2026-06-04,601318,13:18:38,53.4600,30,2
2026-06-04,601318,13:18:41,53.4600,12,1
2026-06-04,601318,13:18:44,53.4600,9,1
2026-06-04,601318,13:18:47,53.4600,9,1
2026-06-04,601318,13:18:50,53.4600,42,1
2026-06-04,601318,13:18:53,53.4600,69,1
2026-06-04,601318,13:18:56,53.4600,51,1
2026-06-04,601318,13:18:59,53.4500,38,2
2026-06-04,601318,13:19:02,53.4600,53,1
2026-06-04,601318,13:19:05,53.4600,35,1
2026-06-04,601318,13:19:08,53.4500,43,2
2026-06-04,601318,13:19:11,53.4500,19,2
2026-06-04,601318,13:19:14,53.4600,107,1
2026-06-04,601318,13:19:17,53.4600,11,1
2026-06-04,601318,13:19:20,53.4600,111,1
2026-06-04,601318,13:19:23,53.4700,99,1
2026-06-04,601318,13:19:26,53.4600,158,2
2026-06-04,601318,13:19:29,53.4600,6,2
2026-06-04,601318,13:19:32,53.4700,56,1
2026-06-04,601318,13:19:35,53.4600,10,2
2026-06-04,601318,13:19:38,53.4600,123,2
2026-06-04,601318,13:19:41,53.4700,23,4
2026-06-04,601318,13:19:44,53.4700,11,1
2026-06-04,601318,13:19:47,53.4600,4,2
2026-06-04,601318,13:19:50,53.4600,41,2
2026-06-04,601318,13:19:53,53.4700,248,1
2026-06-04,601318,13:19:56,53.4700,70,1
2026-06-04,601318,13:19:59,53.4700,11,1
2026-06-04,601318,13:20:02,53.4700,30,1
2026-06-04,601318,13:20:05,53.4600,89,2
2026-06-04,601318,13:20:08,53.4600,40,1
2026-06-04,601318,13:20:11,53.4600,24,1
2026-06-04,601318,13:20:14,53.4600,15,1
2026-06-04,601318,13:20:17,53.4500,63,2
2026-06-04,601318,13:20:20,53.4600,36,1
2026-06-04,601318,13:20:23,53.4600,94,1
2026-06-04,601318,13:20:26,53.4600,35,1
2026-06-04,601318,13:20:29,53.4600,12,4
2026-06-04,601318,13:20:32,53.4500,37,2
2026-06-04,601318,13:20:35,53.4600,8,1
2026-06-04,601318,13:20:38,53.4600,66,1
2026-06-04,601318,13:20:41,53.4600,3,1
2026-06-04,601318,13:20:44,53.4600,25,1
2026-06-04,601318,13:20:47,53.4600,47,2
2026-06-04,601318,13:20:50,53.4700,15,1
2026-06-04,601318,13:20:53,53.4700,65,1
2026-06-04,601318,13:20:56,53.4700,57,1
2026-06-04,601318,13:20:59,53.4600,126,4
2026-06-04,601318,13:21:02,53.4500,78,2
2026-06-04,601318,13:21:05,53.4700,141,1
2026-06-04,601318,13:21:08,53.4600,25,2
2026-06-04,601318,13:21:11,53.4500,23,2
2026-06-04,601318,13:21:17,53.4600,207,1
2026-06-04,601318,13:21:20,53.4700,73,1
2026-06-04,601318,13:21:23,53.4600,31,2
2026-06-04,601318,13:21:26,53.4700,44,1
2026-06-04,601318,13:21:29,53.4700,67,1
2026-06-04,601318,13:21:32,53.4600,64,2
2026-06-04,601318,13:21:38,53.4700,44,1
2026-06-04,601318,13:21:41,53.4600,143,2
2026-06-04,601318,13:21:44,53.4600,14,2
2026-06-04,601318,13:21:47,53.4700,136,1
2026-06-04,601318,13:21:50,53.4700,54,1
2026-06-04,601318,13:21:53,53.4700,20,1
2026-06-04,601318,13:21:56,53.4700,59,1
2026-06-04,601318,13:21:59,53.4700,155,1
2026-06-04,601318,13:22:02,53.4700,47,1
2026-06-04,601318,13:22:05,53.4700,6,1
2026-06-04,601318,13:22:08,53.4600,51,2
2026-06-04,601318,13:22:11,53.4700,2,1
2026-06-04,601318,13:22:14,53.4600,236,2
2026-06-04,601318,13:22:17,53.4700,75,1
2026-06-04,601318,13:22:20,53.4600,9,2
2026-06-04,601318,13:22:23,53.4800,65,1
2026-06-04,601318,13:22:26,53.4600,35,2
2026-06-04,601318,13:22:29,53.4600,24,2
2026-06-04,601318,13:22:32,53.4600,92,2
2026-06-04,601318,13:22:35,53.4800,117,1
2026-06-04,601318,13:22:38,53.4700,32,2
2026-06-04,601318,13:22:41,53.4800,20,1
2026-06-04,601318,13:22:44,53.4700,68,2
2026-06-04,601318,13:22:47,53.4800,24,1
2026-06-04,601318,13:22:50,53.4600,7,2
2026-06-04,601318,13:22:53,53.4800,124,1
2026-06-04,601318,13:22:56,53.4800,83,1
2026-06-04,601318,13:22:59,53.4800,6,1
2026-06-04,601318,13:23:02,53.4800,49,1
2026-06-04,601318,13:23:05,53.4700,5,4
2026-06-04,601318,13:23:11,53.4700,76,1
2026-06-04,601318,13:23:14,53.4700,23,1
2026-06-04,601318,13:23:17,53.4700,19,1
2026-06-04,601318,13:23:20,53.4600,21,2
2026-06-04,601318,13:23:23,53.4600,261,2
2026-06-04,601318,13:23:26,53.4600,29,2
2026-06-04,601318,13:23:29,53.4700,158,1
2026-06-04,601318,13:23:32,53.4700,39,1
2026-06-04,601318,13:23:35,53.4600,48,2
2026-06-04,601318,13:23:38,53.4700,51,1
2026-06-04,601318,13:23:41,53.4700,14,1
2026-06-04,601318,13:23:44,53.4700,14,1
2026-06-04,601318,13:23:47,53.4600,17,2
2026-06-04,601318,13:23:50,53.4700,17,1
2026-06-04,601318,13:23:53,53.4700,15,1
2026-06-04,601318,13:23:56,53.4700,42,1
2026-06-04,601318,13:23:59,53.4700,32,1
2026-06-04,601318,13:24:02,53.4600,845,2
2026-06-04,601318,13:24:05,53.4400,1529,2
2026-06-04,601318,13:24:08,53.4400,228,2
2026-06-04,601318,13:24:11,53.4400,14,2
2026-06-04,601318,13:24:14,53.4500,28,1
2026-06-04,601318,13:24:17,53.4500,57,1
2026-06-04,601318,13:24:20,53.4500,11,1
2026-06-04,601318,13:24:23,53.4400,65,2
2026-06-04,601318,13:24:26,53.4500,12,1
2026-06-04,601318,13:24:29,53.4400,21,2
2026-06-04,601318,13:24:32,53.4400,27,2
2026-06-04,601318,13:24:35,53.4400,53,2
2026-06-04,601318,13:24:38,53.4400,213,2
2026-06-04,601318,13:24:41,53.4500,1,1
2026-06-04,601318,13:24:44,53.4500,21,1
2026-06-04,601318,13:24:47,53.4400,351,2
2026-06-04,601318,13:24:50,53.4300,15,2
2026-06-04,601318,13:24:53,53.4300,31,2
2026-06-04,601318,13:24:56,53.4300,103,2
2026-06-04,601318,13:24:59,53.4300,384,2
2026-06-04,601318,13:25:02,53.4300,96,2
2026-06-04,601318,13:25:05,53.4400,49,1
2026-06-04,601318,13:25:08,53.4300,19,2
2026-06-04,601318,13:25:11,53.4300,52,2
2026-06-04,601318,13:25:14,53.4300,120,2
2026-06-04,601318,13:25:17,53.4300,148,2
2026-06-04,601318,13:25:20,53.4400,36,1
2026-06-04,601318,13:25:23,53.4400,12,1
2026-06-04,601318,13:25:26,53.4400,2,1
2026-06-04,601318,13:25:29,53.4400,27,1
2026-06-04,601318,13:25:32,53.4300,77,2
2026-06-04,601318,13:25:35,53.4300,31,2
2026-06-04,601318,13:25:38,53.4400,72,1
2026-06-04,601318,13:25:41,53.4300,115,2
2026-06-04,601318,13:25:44,53.4400,69,1
2026-06-04,601318,13:25:47,53.4400,78,1
2026-06-04,601318,13:25:50,53.4400,46,1
2026-06-04,601318,13:25:53,53.4300,20,2
2026-06-04,601318,13:25:56,53.4300,153,2
2026-06-04,601318,13:25:59,53.4400,71,1
2026-06-04,601318,13:26:02,53.4400,78,1
2026-06-04,601318,13:26:05,53.4400,80,1
2026-06-04,601318,13:26:08,53.4400,90,1
2026-06-04,601318,13:26:11,53.4400,115,1
2026-06-04,601318,13:26:14,53.4400,434,2
2026-06-04,601318,13:26:17,53.4500,156,1
2026-06-04,601318,13:26:20,53.4500,70,1
2026-06-04,601318,13:26:23,53.4500,120,4
2026-06-04,601318,13:26:26,53.4500,60,2
2026-06-04,601318,13:26:29,53.4400,56,2
2026-06-04,601318,13:26:32,53.4500,60,1
2026-06-04,601318,13:26:35,53.4500,34,1
2026-06-04,601318,13:26:38,53.4500,151,1
2026-06-04,601318,13:26:41,53.4400,8,2
2026-06-04,601318,13:26:44,53.4400,33,2
2026-06-04,601318,13:26:47,53.4500,6,1
2026-06-04,601318,13:26:50,53.4500,10,1
2026-06-04,601318,13:26:53,53.4500,59,1
2026-06-04,601318,13:26:56,53.4400,76,2
2026-06-04,601318,13:26:59,53.4400,24,2
2026-06-04,601318,13:27:02,53.4400,97,2
2026-06-04,601318,13:27:05,53.4400,111,2
2026-06-04,601318,13:27:08,53.4300,38,2
2026-06-04,601318,13:27:11,53.4400,1,4
2026-06-04,601318,13:27:14,53.4400,10,1
2026-06-04,601318,13:27:17,53.4400,55,1
2026-06-04,601318,13:27:20,53.4400,850,2
2026-06-04,601318,13:27:23,53.4300,255,2
2026-06-04,601318,13:27:26,53.4300,1032,4
2026-06-04,601318,13:27:29,53.4300,205,1
2026-06-04,601318,13:27:32,53.4300,57,1
2026-06-04,601318,13:27:35,53.4300,439,1
2026-06-04,601318,13:27:38,53.4400,39,1
2026-06-04,601318,13:27:41,53.4400,1,1
2026-06-04,601318,13:27:44,53.4400,76,1
2026-06-04,601318,13:27:47,53.4300,43,2
2026-06-04,601318,13:27:50,53.4300,4,2
2026-06-04,601318,13:27:53,53.4300,42,2
2026-06-04,601318,13:27:56,53.4400,89,1
2026-06-04,601318,13:27:59,53.4300,102,2
2026-06-04,601318,13:28:02,53.4300,29,2
2026-06-04,601318,13:28:05,53.4400,26,1
2026-06-04,601318,13:28:08,53.4400,147,1
2026-06-04,601318,13:28:11,53.4400,29,1
2026-06-04,601318,13:28:14,53.4400,47,1
2026-06-04,601318,13:28:17,53.4400,38,2
2026-06-04,601318,13:28:20,53.4500,68,1
2026-06-04,601318,13:28:23,53.4400,19,1
2026-06-04,601318,13:28:26,53.4400,63,2
2026-06-04,601318,13:28:29,53.4400,16,1
2026-06-04,601318,13:28:32,53.4400,63,1
2026-06-04,601318,13:28:35,53.4400,2,1
2026-06-04,601318,13:28:38,53.4400,53,1
2026-06-04,601318,13:28:41,53.4300,3,2
2026-06-04,601318,13:28:44,53.4300,29,2
2026-06-04,601318,13:28:47,53.4400,31,1
2026-06-04,601318,13:28:50,53.4300,6,2
2026-06-04,601318,13:28:53,53.4400,13,1
2026-06-04,601318,13:28:56,53.4400,24,1
2026-06-04,601318,13:28:59,53.4300,52,2
2026-06-04,601318,13:29:02,53.4300,55,2
2026-06-04,601318,13:29:05,53.4300,152,2
2026-06-04,601318,13:29:08,53.4400,173,1
2026-06-04,601318,13:29:11,53.4400,82,1
2026-06-04,601318,13:29:14,53.4300,24,2
2026-06-04,601318,13:29:17,53.4400,83,1
2026-06-04,601318,13:29:20,53.4400,20,1
2026-06-04,601318,13:29:23,53.4300,86,2
2026-06-04,601318,13:29:26,53.4400,11,1
2026-06-04,601318,13:29:29,53.4300,19,2
2026-06-04,601318,13:29:32,53.4300,26,2
2026-06-04,601318,13:29:35,53.4300,34,2
2026-06-04,601318,13:29:38,53.4300,42,2
2026-06-04,601318,13:29:44,53.4300,68,2
2026-06-04,601318,13:29:47,53.4300,17,2
2026-06-04,601318,13:29:50,53.4400,9,1
2026-06-04,601318,13:29:53,53.4400,116,1
2026-06-04,601318,13:29:56,53.4300,29,2
2026-06-04,601318,13:29:59,53.4400,79,1
2026-06-04,601318,13:30:02,53.4300,52,2
2026-06-04,601318,13:30:05,53.4400,54,1
2026-06-04,601318,13:30:08,53.4200,2075,2
2026-06-04,601318,13:30:11,53.4100,114,2
2026-06-04,601318,13:30:14,53.4100,66,2
2026-06-04,601318,13:30:17,53.4100,201,2
2026-06-04,601318,13:30:20,53.4200,211,1
2026-06-04,601318,13:30:23,53.4100,24,2
2026-06-04,601318,13:30:26,53.4200,19,1
2026-06-04,601318,13:30:29,53.4200,40,1
2026-06-04,601318,13:30:32,53.4100,58,2
2026-06-04,601318,13:30:35,53.4100,27,2
2026-06-04,601318,13:30:38,53.4100,60,2
2026-06-04,601318,13:30:41,53.4100,240,2
2026-06-04,601318,13:30:44,53.4200,212,1
2026-06-04,601318,13:30:47,53.4100,302,2
2026-06-04,601318,13:30:50,53.4200,82,1
2026-06-04,601318,13:30:53,53.4200,37,1
2026-06-04,601318,13:30:56,53.4200,95,1
2026-06-04,601318,13:30:59,53.4200,17,1
2026-06-04,601318,13:31:02,53.4100,69,2
2026-06-04,601318,13:31:05,53.4000,2865,2
2026-06-04,601318,13:31:08,53.3800,1203,2
2026-06-04,601318,13:31:11,53.3800,607,2
2026-06-04,601318,13:31:14,53.3700,251,2
2026-06-04,601318,13:31:17,53.3800,30,1
2026-06-04,601318,13:31:20,53.3700,21,2
2026-06-04,601318,13:31:23,53.3700,30,2
2026-06-04,601318,13:31:26,53.3700,587,2
2026-06-04,601318,13:31:29,53.3600,43,2
2026-06-04,601318,13:31:32,53.3500,991,2
2026-06-04,601318,13:31:35,53.3500,51,2
2026-06-04,601318,13:31:38,53.3500,209,2
2026-06-04,601318,13:31:41,53.3500,49,2
2026-06-04,601318,13:31:44,53.3500,240,2
2026-06-04,601318,13:31:47,53.3600,150,1
2026-06-04,601318,13:31:50,53.3600,474,2
2026-06-04,601318,13:31:53,53.3700,47,1
2026-06-04,601318,13:31:56,53.3600,38,2
2026-06-04,601318,13:31:59,53.3600,83,2
2026-06-04,601318,13:32:02,53.3700,216,1
2026-06-04,601318,13:32:05,53.3600,44,2
2026-06-04,601318,13:32:08,53.3700,72,1
2026-06-04,601318,13:32:11,53.3700,74,2
2026-06-04,601318,13:32:14,53.3600,116,2
2026-06-04,601318,13:32:17,53.3600,63,1
2026-06-04,601318,13:32:20,53.3500,143,2
2026-06-04,601318,13:32:23,53.3600,24,1
2026-06-04,601318,13:32:26,53.3600,43,1
2026-06-04,601318,13:32:29,53.3500,256,2
2026-06-04,601318,13:32:32,53.3500,148,2
2026-06-04,601318,13:32:35,53.3600,58,1
2026-06-04,601318,13:32:38,53.3500,63,2
2026-06-04,601318,13:32:41,53.3500,6,1
2026-06-04,601318,13:32:44,53.3500,20,1
2026-06-04,601318,13:32:47,53.3400,174,2
2026-06-04,601318,13:32:50,53.3400,34,2
2026-06-04,601318,13:32:53,53.3400,50,2
2026-06-04,601318,13:32:56,53.3500,30,1
2026-06-04,601318,13:32:59,53.3400,43,2
2026-06-04,601318,13:33:02,53.3400,99,2
2026-06-04,601318,13:33:05,53.3300,479,2
2026-06-04,601318,13:33:08,53.3300,674,2
2026-06-04,601318,13:33:11,53.3400,43,1
2026-06-04,601318,13:33:14,53.3300,4,2
2026-06-04,601318,13:33:17,53.3200,654,2
2026-06-04,601318,13:33:20,53.3300,28,4
2026-06-04,601318,13:33:23,53.3200,234,2
2026-06-04,601318,13:33:26,53.3200,30,2
2026-06-04,601318,13:33:29,53.3200,145,2
2026-06-04,601318,13:33:32,53.3300,150,1
2026-06-04,601318,13:33:35,53.3300,227,1
2026-06-04,601318,13:33:38,53.3300,176,1
2026-06-04,601318,13:33:41,53.3300,44,2
2026-06-04,601318,13:33:44,53.3400,150,1
2026-06-04,601318,13:33:47,53.3400,77,1
2026-06-04,601318,13:33:50,53.3400,174,1
2026-06-04,601318,13:33:53,53.3500,17,1
2026-06-04,601318,13:33:56,53.3500,34,1
2026-06-04,601318,13:33:59,53.3400,89,2
2026-06-04,601318,13:34:02,53.3500,87,1
2026-06-04,601318,13:34:05,53.3400,74,1
2026-06-04,601318,13:34:08,53.3200,542,2
2026-06-04,601318,13:34:11,53.3100,720,2
2026-06-04,601318,13:34:14,53.3100,818,2
2026-06-04,601318,13:34:17,53.3000,179,2
2026-06-04,601318,13:34:20,53.3000,126,2
2026-06-04,601318,13:34:23,53.3100,83,1
2026-06-04,601318,13:34:26,53.3000,1213,2
2026-06-04,601318,13:34:29,53.3000,248,2
2026-06-04,601318,13:34:32,53.3000,783,2
2026-06-04,601318,13:34:35,53.3000,34,1
2026-06-04,601318,13:34:38,53.2900,222,2
2026-06-04,601318,13:34:41,53.3000,264,1
2026-06-04,601318,13:34:44,53.2900,222,2
2026-06-04,601318,13:34:47,53.2900,45,2
2026-06-04,601318,13:34:50,53.2900,146,2
2026-06-04,601318,13:34:53,53.2900,245,2
2026-06-04,601318,13:34:56,53.2900,498,2
2026-06-04,601318,13:34:59,53.2800,322,2
2026-06-04,601318,13:35:02,53.2700,270,2
2026-06-04,601318,13:35:05,53.2700,66,2
2026-06-04,601318,13:35:08,53.2800,42,1
2026-06-04,601318,13:35:11,53.2800,50,1
2026-06-04,601318,13:35:14,53.2800,69,1
2026-06-04,601318,13:35:17,53.2700,184,2
2026-06-04,601318,13:35:20,53.2700,562,1
2026-06-04,601318,13:35:23,53.2700,254,2
2026-06-04,601318,13:35:26,53.2700,127,2
2026-06-04,601318,13:35:29,53.2800,57,1
2026-06-04,601318,13:35:32,53.2700,115,2
2026-06-04,601318,13:35:35,53.2700,170,1
2026-06-04,601318,13:35:38,53.2700,113,1
2026-06-04,601318,13:35:41,53.2700,44,1
2026-06-04,601318,13:35:44,53.2600,776,2
2026-06-04,601318,13:35:47,53.2700,132,1
2026-06-04,601318,13:35:50,53.2700,128,1
2026-06-04,601318,13:35:53,53.2600,22,2
2026-06-04,601318,13:35:56,53.2600,70,2
2026-06-04,601318,13:35:59,53.2600,68,2
2026-06-04,601318,13:36:02,53.2600,51,2
2026-06-04,601318,13:36:05,53.2600,1001,2
2026-06-04,601318,13:36:08,53.2900,344,1
2026-06-04,601318,13:36:11,53.2900,25,4
2026-06-04,601318,13:36:14,53.2900,14,1
2026-06-04,601318,13:36:17,53.3000,121,1
2026-06-04,601318,13:36:20,53.2900,34,2
2026-06-04,601318,13:36:23,53.2900,93,1
2026-06-04,601318,13:36:26,53.2800,135,2
2026-06-04,601318,13:36:29,53.2800,45,2
2026-06-04,601318,13:36:32,53.2800,141,1
2026-06-04,601318,13:36:35,53.2800,46,1
2026-06-04,601318,13:36:38,53.2800,58,1
2026-06-04,601318,13:36:41,53.2800,109,1
2026-06-04,601318,13:36:44,53.2800,71,1
2026-06-04,601318,13:36:47,53.2800,69,1
2026-06-04,601318,13:36:50,53.2800,23,2
2026-06-04,601318,13:36:53,53.2900,66,1
2026-06-04,601318,13:36:56,53.2900,27,1
2026-06-04,601318,13:36:59,53.2800,99,2
2026-06-04,601318,13:37:02,53.2700,247,2
2026-06-04,601318,13:37:05,53.2800,36,1
2026-06-04,601318,13:37:08,53.2800,331,1
2026-06-04,601318,13:37:11,53.2900,11,1
2026-06-04,601318,13:37:14,53.2900,101,1
2026-06-04,601318,13:37:17,53.2900,202,1
2026-06-04,601318,13:37:20,53.2900,85,1
2026-06-04,601318,13:37:23,53.2800,52,2
2026-06-04,601318,13:37:26,53.2800,88,2
2026-06-04,601318,13:37:29,53.2900,131,1
2026-06-04,601318,13:37:32,53.2900,49,2
2026-06-04,601318,13:37:35,53.2900,70,2
2026-06-04,601318,13:37:38,53.2900,43,1
2026-06-04,601318,13:37:41,53.2900,186,1
2026-06-04,601318,13:37:44,53.2900,81,1
2026-06-04,601318,13:37:47,53.2900,125,2
2026-06-04,601318,13:37:50,53.2900,52,1
2026-06-04,601318,13:37:53,53.2900,135,1
2026-06-04,601318,13:37:56,53.2900,56,2
2026-06-04,601318,13:37:59,53.2900,15,1
2026-06-04,601318,13:38:02,53.2900,77,2
2026-06-04,601318,13:38:05,53.2900,77,2
2026-06-04,601318,13:38:08,53.2900,140,2
2026-06-04,601318,13:38:11,53.2900,124,2
2026-06-04,601318,13:38:14,53.2900,52,2
2026-06-04,601318,13:38:17,53.2900,20,1
2026-06-04,601318,13:38:20,53.2900,22,1
2026-06-04,601318,13:38:23,53.2900,123,1
2026-06-04,601318,13:38:26,53.2900,145,1
2026-06-04,601318,13:38:29,53.2900,77,1
2026-06-04,601318,13:38:32,53.2900,83,1
2026-06-04,601318,13:38:35,53.2900,127,1
2026-06-04,601318,13:38:38,53.2900,62,1
2026-06-04,601318,13:38:41,53.2900,46,1
2026-06-04,601318,13:38:44,53.2900,2,2
2026-06-04,601318,13:38:47,53.3000,102,1
2026-06-04,601318,13:38:50,53.3000,20,1
2026-06-04,601318,13:38:53,53.3000,188,1
2026-06-04,601318,13:38:56,53.3000,131,1
2026-06-04,601318,13:38:59,53.3000,27,1
2026-06-04,601318,13:39:02,53.3000,97,2
2026-06-04,601318,13:39:05,53.3100,18,1
2026-06-04,601318,13:39:08,53.3100,115,1
2026-06-04,601318,13:39:11,53.3000,39,4
2026-06-04,601318,13:39:14,53.3000,29,1
2026-06-04,601318,13:39:17,53.2900,71,2
2026-06-04,601318,13:39:20,53.3000,124,1
2026-06-04,601318,13:39:23,53.3000,75,1
2026-06-04,601318,13:39:26,53.3000,38,1
2026-06-04,601318,13:39:29,53.3000,12,1
2026-06-04,601318,13:39:32,53.3000,159,1
2026-06-04,601318,13:39:35,53.3000,157,1
2026-06-04,601318,13:39:38,53.2900,32,2
2026-06-04,601318,13:39:41,53.2900,73,2
2026-06-04,601318,13:39:44,53.3000,13,1
2026-06-04,601318,13:39:47,53.3000,51,1
2026-06-04,601318,13:39:50,53.3000,23,1
2026-06-04,601318,13:39:53,53.2900,413,2
2026-06-04,601318,13:39:56,53.2700,1669,2
2026-06-04,601318,13:39:59,53.2900,74,1
2026-06-04,601318,13:40:02,53.2700,128,2
2026-06-04,601318,13:40:05,53.2800,21,1
2026-06-04,601318,13:40:08,53.2800,49,1
2026-06-04,601318,13:40:11,53.2700,26,2
2026-06-04,601318,13:40:14,53.2800,104,1
2026-06-04,601318,13:40:17,53.2800,506,1
2026-06-04,601318,13:40:20,53.2800,32,1
2026-06-04,601318,13:40:23,53.2800,23,1
2026-06-04,601318,13:40:26,53.2800,130,1
2026-06-04,601318,13:40:29,53.2700,154,2
2026-06-04,601318,13:40:32,53.2800,158,1
2026-06-04,601318,13:40:35,53.2800,14,1
2026-06-04,601318,13:40:38,53.2700,93,2
2026-06-04,601318,13:40:41,53.2700,22,1
2026-06-04,601318,13:40:44,53.2700,40,1
2026-06-04,601318,13:40:47,53.2700,23,1
2026-06-04,601318,13:40:50,53.2700,35,1
2026-06-04,601318,13:40:53,53.2700,183,1
2026-06-04,601318,13:40:56,53.2800,61,1
2026-06-04,601318,13:40:59,53.2800,33,1
2026-06-04,601318,13:41:02,53.2800,115,1
2026-06-04,601318,13:41:05,53.2800,14,1
2026-06-04,601318,13:41:08,53.2800,105,1
2026-06-04,601318,13:41:11,53.2800,104,1
2026-06-04,601318,13:41:14,53.2800,5,1
2026-06-04,601318,13:41:17,53.2800,41,2
2026-06-04,601318,13:41:20,53.2900,137,1
2026-06-04,601318,13:41:23,53.2900,11,1
2026-06-04,601318,13:41:26,53.2900,145,1
2026-06-04,601318,13:41:29,53.3000,64,1
2026-06-04,601318,13:41:32,53.2900,26,2
2026-06-04,601318,13:41:35,53.2900,47,2
2026-06-04,601318,13:41:38,53.3000,35,1
2026-06-04,601318,13:41:41,53.3000,122,1
2026-06-04,601318,13:41:44,53.3000,32,2
2026-06-04,601318,13:41:47,53.3000,46,2
2026-06-04,601318,13:41:50,53.3000,16,2
2026-06-04,601318,13:41:53,53.3000,80,1
2026-06-04,601318,13:41:56,53.3000,19,2
2026-06-04,601318,13:41:59,53.3000,60,2
2026-06-04,601318,13:42:02,53.2900,82,2
2026-06-04,601318,13:42:05,53.3000,14,1
2026-06-04,601318,13:42:08,53.3000,70,1
2026-06-04,601318,13:42:11,53.3000,16,1
2026-06-04,601318,13:42:14,53.3000,73,1
2026-06-04,601318,13:42:17,53.2900,79,2
2026-06-04,601318,13:42:20,53.2900,65,2
2026-06-04,601318,13:42:23,53.3000,71,1
2026-06-04,601318,13:42:26,53.2900,31,2
2026-06-04,601318,13:42:29,53.2900,26,2
2026-06-04,601318,13:42:32,53.3000,114,1
2026-06-04,601318,13:42:35,53.3000,110,1
2026-06-04,601318,13:42:38,53.3000,62,1
2026-06-04,601318,13:42:41,53.2900,16,2
2026-06-04,601318,13:42:44,53.2900,54,2
2026-06-04,601318,13:42:47,53.3000,46,1
2026-06-04,601318,13:42:50,53.2900,53,2
2026-06-04,601318,13:42:53,53.2900,186,2
2026-06-04,601318,13:42:56,53.2900,99,2
2026-06-04,601318,13:42:59,53.2900,39,2
2026-06-04,601318,13:43:02,53.2900,166,2
2026-06-04,601318,13:43:05,53.2900,125,1
2026-06-04,601318,13:43:08,53.2900,72,1
2026-06-04,601318,13:43:11,53.2900,53,2
2026-06-04,601318,13:43:14,53.2900,43,2
2026-06-04,601318,13:43:17,53.2900,128,2
2026-06-04,601318,13:43:20,53.2900,68,1
2026-06-04,601318,13:43:23,53.3000,58,1
2026-06-04,601318,13:43:26,53.2900,63,2
2026-06-04,601318,13:43:29,53.3000,189,1
2026-06-04,601318,13:43:32,53.3000,105,1
2026-06-04,601318,13:43:35,53.3000,34,1
2026-06-04,601318,13:43:38,53.3000,76,1
2026-06-04,601318,13:43:41,53.3000,59,1
2026-06-04,601318,13:43:44,53.3000,50,1
2026-06-04,601318,13:43:47,53.3000,83,1
2026-06-04,601318,13:43:50,53.3000,86,1
2026-06-04,601318,13:43:53,53.3000,23,1
2026-06-04,601318,13:43:56,53.2900,124,2
2026-06-04,601318,13:43:59,53.2900,136,1
2026-06-04,601318,13:44:02,53.2800,75,2
2026-06-04,601318,13:44:05,53.2900,95,1
2026-06-04,601318,13:44:08,53.2900,148,1
2026-06-04,601318,13:44:11,53.2900,213,1
2026-06-04,601318,13:44:14,53.2900,18,1
2026-06-04,601318,13:44:17,53.2900,49,1
2026-06-04,601318,13:44:20,53.2800,50,2
2026-06-04,601318,13:44:23,53.2900,43,1
2026-06-04,601318,13:44:26,53.2900,19,1
2026-06-04,601318,13:44:29,53.2800,23,2
2026-06-04,601318,13:44:32,53.2900,182,1
2026-06-04,601318,13:44:35,53.2900,30,2
2026-06-04,601318,13:44:38,53.2900,205,2
2026-06-04,601318,13:44:41,53.2800,160,2
2026-06-04,601318,13:44:44,53.2900,26,1
2026-06-04,601318,13:44:47,53.2800,23,2
2026-06-04,601318,13:44:50,53.2800,779,2
2026-06-04,601318,13:44:53,53.2600,338,2
2026-06-04,601318,13:44:56,53.2600,103,2
2026-06-04,601318,13:44:59,53.2400,2439,2
2026-06-04,601318,13:45:02,53.2200,578,2
2026-06-04,601318,13:45:05,53.2200,140,2
2026-06-04,601318,13:45:08,53.2200,316,1
2026-06-04,601318,13:45:11,53.2100,386,2
2026-06-04,601318,13:45:14,53.2100,110,1
2026-06-04,601318,13:45:17,53.2000,652,2
2026-06-04,601318,13:45:20,53.2000,126,2
2026-06-04,601318,13:45:23,53.2000,201,2
2026-06-04,601318,13:45:26,53.2000,320,2
2026-06-04,601318,13:45:29,53.2100,50,1
2026-06-04,601318,13:45:32,53.2000,209,2
2026-06-04,601318,13:45:35,53.1800,444,2
2026-06-04,601318,13:45:38,53.1800,244,2
2026-06-04,601318,13:45:41,53.1900,53,1
2026-06-04,601318,13:45:44,53.1900,95,1
2026-06-04,601318,13:45:47,53.1800,572,2
2026-06-04,601318,13:45:50,53.2000,141,1
2026-06-04,601318,13:45:53,53.2000,86,1
2026-06-04,601318,13:45:56,53.1900,10,2
2026-06-04,601318,13:45:59,53.2100,419,1
2026-06-04,601318,13:46:02,53.2000,215,2
2026-06-04,601318,13:46:05,53.2000,57,2
2026-06-04,601318,13:46:08,53.2000,148,2
2026-06-04,601318,13:46:11,53.2000,48,1
2026-06-04,601318,13:46:14,53.2000,41,1
2026-06-04,601318,13:46:17,53.2000,46,1
2026-06-04,601318,13:46:20,53.1900,105,2
2026-06-04,601318,13:46:23,53.1900,49,2
2026-06-04,601318,13:46:26,53.2000,14,1
2026-06-04,601318,13:46:29,53.1900,94,2
2026-06-04,601318,13:46:32,53.2000,158,1
2026-06-04,601318,13:46:35,53.2000,154,1
2026-06-04,601318,13:46:38,53.1900,37,2
2026-06-04,601318,13:46:41,53.2000,50,1
2026-06-04,601318,13:46:44,53.1900,40,2
2026-06-04,601318,13:46:47,53.1900,55,2
2026-06-04,601318,13:46:50,53.2000,145,1
2026-06-04,601318,13:46:53,53.2000,44,2
2026-06-04,601318,13:46:56,53.1900,26,2
2026-06-04,601318,13:46:59,53.2000,43,1
2026-06-04,601318,13:47:02,53.1900,220,2
2026-06-04,601318,13:47:05,53.1800,433,2
2026-06-04,601318,13:47:08,53.1500,1116,2
2026-06-04,601318,13:47:11,53.1400,1249,2
2026-06-04,601318,13:47:14,53.1300,287,2
2026-06-04,601318,13:47:17,53.1300,49,2
2026-06-04,601318,13:47:20,53.1400,431,4
2026-06-04,601318,13:47:23,53.1100,1212,2
2026-06-04,601318,13:47:26,53.1000,344,2
2026-06-04,601318,13:47:29,53.1200,309,1
2026-06-04,601318,13:47:32,53.1100,241,2
2026-06-04,601318,13:47:35,53.1100,114,2
2026-06-04,601318,13:47:38,53.1100,27,1
2026-06-04,601318,13:47:41,53.1100,634,1
2026-06-04,601318,13:47:44,53.1200,101,1
2026-06-04,601318,13:47:47,53.1200,237,1
2026-06-04,601318,13:47:50,53.1200,140,2
2026-06-04,601318,13:47:53,53.1200,121,1
2026-06-04,601318,13:47:56,53.1200,35,2
2026-06-04,601318,13:47:59,53.1200,45,2
2026-06-04,601318,13:48:02,53.1200,69,2
2026-06-04,601318,13:48:05,53.1200,65,1
2026-06-04,601318,13:48:08,53.1200,59,1
2026-06-04,601318,13:48:11,53.1200,147,1
2026-06-04,601318,13:48:14,53.1200,184,1
2026-06-04,601318,13:48:17,53.1100,114,2
2026-06-04,601318,13:48:20,53.1300,218,1
2026-06-04,601318,13:48:23,53.1200,46,2
2026-06-04,601318,13:48:26,53.1300,77,4
2026-06-04,601318,13:48:29,53.1300,35,1
2026-06-04,601318,13:48:32,53.1200,67,2
2026-06-04,601318,13:48:35,53.1200,105,2
2026-06-04,601318,13:48:38,53.1300,189,1
2026-06-04,601318,13:48:41,53.1300,77,2
2026-06-04,601318,13:48:44,53.1300,122,2
2026-06-04,601318,13:48:47,53.1400,82,1
2026-06-04,601318,13:48:50,53.1300,69,2
2026-06-04,601318,13:48:53,53.1300,118,1
2026-06-04,601318,13:48:56,53.1200,398,2
2026-06-04,601318,13:48:59,53.1200,108,1
2026-06-04,601318,13:49:02,53.1100,240,2
2026-06-04,601318,13:49:05,53.1100,163,2
2026-06-04,601318,13:49:08,53.1100,231,2
2026-06-04,601318,13:49:11,53.1100,177,2
2026-06-04,601318,13:49:14,53.1000,112,2
2026-06-04,601318,13:49:17,53.1000,810,2
2026-06-04,601318,13:49:20,53.0900,657,2
2026-06-04,601318,13:49:23,53.1000,239,1
2026-06-04,601318,13:49:26,53.1100,139,1
2026-06-04,601318,13:49:29,53.1000,32,2
2026-06-04,601318,13:49:32,53.0900,169,2
2026-06-04,601318,13:49:35,53.0900,295,1
2026-06-04,601318,13:49:38,53.0800,231,2
2026-06-04,601318,13:49:41,53.0900,32,1
2026-06-04,601318,13:49:44,53.0800,102,2
2026-06-04,601318,13:49:47,53.0900,213,1
2026-06-04,601318,13:49:50,53.0900,86,1
2026-06-04,601318,13:49:53,53.0900,179,1
2026-06-04,601318,13:49:56,53.1000,1786,1
2026-06-04,601318,13:49:59,53.0900,57,2
2026-06-04,601318,13:50:02,53.0900,241,4
2026-06-04,601318,13:50:05,53.0800,364,2
2026-06-04,601318,13:50:08,53.0800,161,1
2026-06-04,601318,13:50:11,53.0700,27,2
2026-06-04,601318,13:50:14,53.0500,437,2
2026-06-04,601318,13:50:17,53.0800,692,1
2026-06-04,601318,13:50:20,53.0600,284,2
2026-06-04,601318,13:50:23,53.0700,214,1
2026-06-04,601318,13:50:26,53.0800,152,1
2026-06-04,601318,13:50:29,53.0500,406,2
2026-06-04,601318,13:50:32,53.0800,144,1
2026-06-04,601318,13:50:35,53.0900,1254,1
2026-06-04,601318,13:50:38,53.0600,364,2
2026-06-04,601318,13:50:41,53.1100,73,1
2026-06-04,601318,13:50:44,53.0900,16,2
2026-06-04,601318,13:50:47,53.1100,12,1
2026-06-04,601318,13:50:50,53.1200,2792,1
2026-06-04,601318,13:50:53,53.1200,324,1
2026-06-04,601318,13:50:56,53.1200,114,1
2026-06-04,601318,13:50:59,53.1200,70,1
2026-06-04,601318,13:51:02,53.1100,272,2
2026-06-04,601318,13:51:05,53.1200,40,1
2026-06-04,601318,13:51:08,53.1200,20,2
2026-06-04,601318,13:51:11,53.1300,304,1
2026-06-04,601318,13:51:14,53.1300,71,1
2026-06-04,601318,13:51:17,53.1200,25,2
2026-06-04,601318,13:51:20,53.1200,80,2
2026-06-04,601318,13:51:23,53.1200,70,2
2026-06-04,601318,13:51:26,53.1300,78,1
2026-06-04,601318,13:51:29,53.1300,9,1
2026-06-04,601318,13:51:32,53.1300,62,1
2026-06-04,601318,13:51:35,53.1300,111,1
2026-06-04,601318,13:51:38,53.1300,231,1
2026-06-04,601318,13:51:41,53.1300,69,1
2026-06-04,601318,13:51:44,53.1300,10,1
2026-06-04,601318,13:51:47,53.1400,6,1
2026-06-04,601318,13:51:50,53.1300,2,2
2026-06-04,601318,13:51:53,53.1400,167,1
2026-06-04,601318,13:51:56,53.1400,25,1
2026-06-04,601318,13:51:59,53.1400,56,1
2026-06-04,601318,13:52:02,53.1400,135,1
2026-06-04,601318,13:52:05,53.1400,36,1
2026-06-04,601318,13:52:08,53.1400,65,1
2026-06-04,601318,13:52:11,53.1400,61,1
2026-06-04,601318,13:52:14,53.1400,31,1
2026-06-04,601318,13:52:17,53.1400,26,1
2026-06-04,601318,13:52:20,53.1600,589,1
2026-06-04,601318,13:52:23,53.1700,130,1
2026-06-04,601318,13:52:26,53.1700,2,1
2026-06-04,601318,13:52:29,53.1700,110,1
2026-06-04,601318,13:52:32,53.1700,91,1
2026-06-04,601318,13:52:35,53.1700,58,2
2026-06-04,601318,13:52:38,53.1700,80,2
2026-06-04,601318,13:52:41,53.1700,71,1
2026-06-04,601318,13:52:44,53.1700,43,1
2026-06-04,601318,13:52:47,53.1700,136,1
2026-06-04,601318,13:52:50,53.1700,224,2
2026-06-04,601318,13:52:53,53.1600,684,2
2026-06-04,601318,13:52:56,53.1600,104,1
2026-06-04,601318,13:52:59,53.1500,149,2
2026-06-04,601318,13:53:02,53.1500,111,2
2026-06-04,601318,13:53:05,53.1500,26,1
2026-06-04,601318,13:53:08,53.1400,136,2
2026-06-04,601318,13:53:11,53.1300,281,2
2026-06-04,601318,13:53:14,53.1300,7,1
2026-06-04,601318,13:53:17,53.1200,70,2
2026-06-04,601318,13:53:20,53.1200,78,2
2026-06-04,601318,13:53:23,53.1200,22,1
2026-06-04,601318,13:53:26,53.1200,76,1
2026-06-04,601318,13:53:29,53.1200,62,1
2026-06-04,601318,13:53:32,53.1200,62,1
2026-06-04,601318,13:53:35,53.1200,22,1
2026-06-04,601318,13:53:38,53.1200,226,2
2026-06-04,601318,13:53:41,53.1200,40,1
2026-06-04,601318,13:53:44,53.1100,70,2
2026-06-04,601318,13:53:47,53.1200,29,1
2026-06-04,601318,13:53:50,53.1100,26,2
2026-06-04,601318,13:53:53,53.1100,83,1
2026-06-04,601318,13:53:56,53.1100,163,1
2026-06-04,601318,13:53:59,53.1000,33,2
2026-06-04,601318,13:54:02,53.1100,11,2
2026-06-04,601318,13:54:05,53.1100,98,1
2026-06-04,601318,13:54:08,53.1100,93,2
2026-06-04,601318,13:54:11,53.1100,15,4
2026-06-04,601318,13:54:14,53.1000,95,2
2026-06-04,601318,13:54:17,53.1100,105,1
2026-06-04,601318,13:54:20,53.1100,29,2
2026-06-04,601318,13:54:23,53.1100,58,1
2026-06-04,601318,13:54:26,53.1100,23,1
2026-06-04,601318,13:54:29,53.1100,85,1
2026-06-04,601318,13:54:32,53.1100,55,1
2026-06-04,601318,13:54:35,53.1100,29,1
2026-06-04,601318,13:54:38,53.1200,61,1
2026-06-04,601318,13:54:41,53.1200,22,1
2026-06-04,601318,13:54:44,53.1100,45,2
2026-06-04,601318,13:54:47,53.1100,27,2
2026-06-04,601318,13:54:50,53.1100,64,2
2026-06-04,601318,13:54:53,53.1100,94,2
2026-06-04,601318,13:54:56,53.1200,5,1
2026-06-04,601318,13:54:59,53.1100,6,2
2026-06-04,601318,13:55:02,53.1200,34,1
2026-06-04,601318,13:55:05,53.1200,35,1
2026-06-04,601318,13:55:08,53.1200,106,1
2026-06-04,601318,13:55:11,53.1100,109,2
2026-06-04,601318,13:55:14,53.1100,8,2
2026-06-04,601318,13:55:17,53.1000,944,2
2026-06-04,601318,13:55:20,53.0900,63,2
2026-06-04,601318,13:55:23,53.1000,77,1
2026-06-04,601318,13:55:26,53.0900,49,2
2026-06-04,601318,13:55:29,53.1000,38,1
2026-06-04,601318,13:55:32,53.1000,321,1
2026-06-04,601318,13:55:35,53.1000,112,1
2026-06-04,601318,13:55:38,53.1000,19,1
2026-06-04,601318,13:55:41,53.0900,81,2
2026-06-04,601318,13:55:44,53.0900,11,1
2026-06-04,601318,13:55:47,53.0800,22,2
2026-06-04,601318,13:55:50,53.0900,47,2
2026-06-04,601318,13:55:53,53.0800,26,2
2026-06-04,601318,13:55:56,53.0800,119,2
2026-06-04,601318,13:55:59,53.0800,341,2
2026-06-04,601318,13:56:02,53.0800,389,2
2026-06-04,601318,13:56:05,53.0800,549,1
2026-06-04,601318,13:56:08,53.0800,45,1
2026-06-04,601318,13:56:11,53.0800,77,1
2026-06-04,601318,13:56:14,53.0700,108,2
2026-06-04,601318,13:56:17,53.0700,103,1
2026-06-04,601318,13:56:20,53.0500,22,2
2026-06-04,601318,13:56:23,53.0500,149,2
2026-06-04,601318,13:56:26,53.0600,36,1
2026-06-04,601318,13:56:29,53.0500,25,2
2026-06-04,601318,13:56:32,53.0500,51,2
2026-06-04,601318,13:56:35,53.0600,113,1
2026-06-04,601318,13:56:38,53.0800,418,1
2026-06-04,601318,13:56:41,53.0500,1081,2
2026-06-04,601318,13:56:44,53.0900,463,1
2026-06-04,601318,13:56:47,53.0900,211,1
2026-06-04,601318,13:56:50,53.0800,13,2
2026-06-04,601318,13:56:53,53.0800,78,2
2026-06-04,601318,13:56:56,53.0900,256,1
2026-06-04,601318,13:56:59,53.0900,614,1
2026-06-04,601318,13:57:02,53.0900,69,1
2026-06-04,601318,13:57:05,53.1400,545,1
2026-06-04,601318,13:57:08,53.1000,433,2
2026-06-04,601318,13:57:11,53.1100,1144,2
2026-06-04,601318,13:57:14,53.1200,19,1
2026-06-04,601318,13:57:17,53.1200,17,1
2026-06-04,601318,13:57:20,53.1100,105,2
2026-06-04,601318,13:57:23,53.1300,32,1
2026-06-04,601318,13:57:26,53.1300,5,2
2026-06-04,601318,13:57:29,53.1300,22,2
2026-06-04,601318,13:57:32,53.1400,44,1
2026-06-04,601318,13:57:35,53.1400,66,1
2026-06-04,601318,13:57:38,53.1200,373,2
2026-06-04,601318,13:57:41,53.1300,339,1
2026-06-04,601318,13:57:44,53.1300,79,1
2026-06-04,601318,13:57:47,53.1200,20,2
2026-06-04,601318,13:57:50,53.1200,135,1
2026-06-04,601318,13:57:53,53.1200,34,1
2026-06-04,601318,13:57:56,53.1200,115,2
2026-06-04,601318,13:57:59,53.1200,53,1
2026-06-04,601318,13:58:02,53.1200,76,1
2026-06-04,601318,13:58:05,53.1100,192,2
2026-06-04,601318,13:58:08,53.1200,45,1
2026-06-04,601318,13:58:11,53.1200,21,1
2026-06-04,601318,13:58:14,53.1200,45,1
2026-06-04,601318,13:58:17,53.1100,53,2
2026-06-04,601318,13:58:20,53.1200,35,1
2026-06-04,601318,13:58:23,53.1100,112,2
2026-06-04,601318,13:58:26,53.1100,59,2
2026-06-04,601318,13:58:29,53.1100,247,2
2026-06-04,601318,13:58:32,53.1200,79,1
2026-06-04,601318,13:58:35,53.1200,28,1
2026-06-04,601318,13:58:38,53.1200,21,1
2026-06-04,601318,13:58:41,53.1300,312,1
2026-06-04,601318,13:58:44,53.1300,94,2
2026-06-04,601318,13:58:47,53.1300,306,2
2026-06-04,601318,13:58:50,53.1300,75,2
2026-06-04,601318,13:58:53,53.1300,138,2
2026-06-04,601318,13:58:56,53.1300,78,1
2026-06-04,601318,13:58:59,53.1200,374,2
2026-06-04,601318,13:59:02,53.1400,44,1
2026-06-04,601318,13:59:05,53.1300,258,2
2026-06-04,601318,13:59:08,53.1300,62,1
2026-06-04,601318,13:59:11,53.1300,369,1
2026-06-04,601318,13:59:14,53.1300,38,2
2026-06-04,601318,13:59:17,53.1400,158,1
2026-06-04,601318,13:59:20,53.1400,71,2
2026-06-04,601318,13:59:23,53.1500,95,1
2026-06-04,601318,13:59:26,53.1500,97,1
2026-06-04,601318,13:59:29,53.1500,62,1
2026-06-04,601318,13:59:32,53.1500,158,1
2026-06-04,601318,13:59:35,53.1500,49,1
2026-06-04,601318,13:59:38,53.1500,107,1
2026-06-04,601318,13:59:41,53.1500,107,1
2026-06-04,601318,13:59:44,53.1500,319,1
2026-06-04,601318,13:59:47,53.1600,22,1
2026-06-04,601318,13:59:50,53.1700,91,1
2026-06-04,601318,13:59:53,53.1700,54,1
2026-06-04,601318,13:59:56,53.1500,128,2
2026-06-04,601318,13:59:59,53.1700,33,1
2026-06-04,601318,14:00:02,53.1700,116,1
2026-06-04,601318,14:00:05,53.1600,68,2
2026-06-04,601318,14:00:08,53.1600,138,1
2026-06-04,601318,14:00:11,53.1600,92,2
2026-06-04,601318,14:00:14,53.1600,85,2
2026-06-04,601318,14:00:17,53.1600,25,2
2026-06-04,601318,14:00:20,53.1700,93,4
2026-06-04,601318,14:00:23,53.1800,303,1
2026-06-04,601318,14:00:26,53.1600,180,2
2026-06-04,601318,14:00:29,53.1700,158,1
2026-06-04,601318,14:00:32,53.1700,60,1
2026-06-04,601318,14:00:35,53.1700,15,1
2026-06-04,601318,14:00:38,53.1700,47,1
2026-06-04,601318,14:00:41,53.1700,78,2
2026-06-04,601318,14:00:44,53.1600,156,2
2026-06-04,601318,14:00:47,53.1600,132,2
2026-06-04,601318,14:00:50,53.1500,333,2
2026-06-04,601318,14:00:53,53.1600,49,4
2026-06-04,601318,14:00:56,53.1600,58,2
2026-06-04,601318,14:00:59,53.1700,273,1
2026-06-04,601318,14:01:02,53.1700,154,2
2026-06-04,601318,14:01:05,53.1700,57,1
2026-06-04,601318,14:01:08,53.1600,47,2
2026-06-04,601318,14:01:11,53.1600,81,1
2026-06-04,601318,14:01:14,53.1600,95,1
2026-06-04,601318,14:01:17,53.1600,198,1
2026-06-04,601318,14:01:20,53.1600,95,1
2026-06-04,601318,14:01:23,53.1500,238,2
2026-06-04,601318,14:01:26,53.1500,77,1
2026-06-04,601318,14:01:29,53.1600,17,1
2026-06-04,601318,14:01:32,53.1500,18,2
2026-06-04,601318,14:01:35,53.1500,2,2
2026-06-04,601318,14:01:38,53.1600,39,1
2026-06-04,601318,14:01:41,53.1600,20,1
2026-06-04,601318,14:01:44,53.1600,14,1
2026-06-04,601318,14:01:47,53.1600,98,2
2026-06-04,601318,14:01:50,53.1800,285,1
2026-06-04,601318,14:01:53,53.1800,52,1
2026-06-04,601318,14:01:56,53.1800,66,1
2026-06-04,601318,14:01:59,53.1800,33,1
2026-06-04,601318,14:02:02,53.1800,111,1
2026-06-04,601318,14:02:05,53.1800,232,2
2026-06-04,601318,14:02:08,53.1900,31,1
2026-06-04,601318,14:02:11,53.1900,19,1
2026-06-04,601318,14:02:14,53.2000,40,1
2026-06-04,601318,14:02:17,53.1800,175,2
2026-06-04,601318,14:02:20,53.1900,50,1
2026-06-04,601318,14:02:23,53.1900,196,1
2026-06-04,601318,14:02:26,53.1900,49,1
2026-06-04,601318,14:02:29,53.1900,130,1
2026-06-04,601318,14:02:32,53.1900,77,2
2026-06-04,601318,14:02:35,53.1900,34,1
2026-06-04,601318,14:02:38,53.1900,68,2
2026-06-04,601318,14:02:41,53.1900,35,4
2026-06-04,601318,14:02:44,53.1900,17,1
2026-06-04,601318,14:02:47,53.1900,56,1
2026-06-04,601318,14:02:50,53.1900,52,1
2026-06-04,601318,14:02:53,53.1800,503,2
2026-06-04,601318,14:02:56,53.1900,76,1
2026-06-04,601318,14:02:59,53.1900,13,1
2026-06-04,601318,14:03:02,53.1700,218,2
2026-06-04,601318,14:03:05,53.1700,352,1
2026-06-04,601318,14:03:08,53.1700,124,1
2026-06-04,601318,14:03:11,53.1800,10,1
2026-06-04,601318,14:03:14,53.1600,357,2
2026-06-04,601318,14:03:17,53.1500,236,2
2026-06-04,601318,14:03:20,53.1600,82,1
2026-06-04,601318,14:03:23,53.1600,20,2
2026-06-04,601318,14:03:26,53.1700,15,1
2026-06-04,601318,14:03:29,53.1600,6,2
2026-06-04,601318,14:03:32,53.1600,76,2
2026-06-04,601318,14:03:35,53.1600,30,2
2026-06-04,601318,14:03:38,53.1700,43,1
2026-06-04,601318,14:03:41,53.1800,136,1
2026-06-04,601318,14:03:44,53.1800,51,1
2026-06-04,601318,14:03:47,53.1700,239,2
2026-06-04,601318,14:03:50,53.1700,15,2
2026-06-04,601318,14:03:53,53.1800,47,1
2026-06-04,601318,14:03:56,53.1800,12,2
2026-06-04,601318,14:03:59,53.1800,15,2
2026-06-04,601318,14:04:02,53.1700,74,2
2026-06-04,601318,14:04:05,53.1800,29,1
2026-06-04,601318,14:04:08,53.1700,362,2
2026-06-04,601318,14:04:11,53.1600,68,2
2026-06-04,601318,14:04:14,53.1700,34,4
2026-06-04,601318,14:04:17,53.1600,29,2
2026-06-04,601318,14:04:20,53.1800,144,1
2026-06-04,601318,14:04:23,53.1700,19,2
2026-06-04,601318,14:04:26,53.1800,69,1
2026-06-04,601318,14:04:29,53.1800,134,2
2026-06-04,601318,14:04:32,53.1800,51,1
2026-06-04,601318,14:04:35,53.1700,43,2
2026-06-04,601318,14:04:38,53.1700,24,1
2026-06-04,601318,14:04:41,53.1700,79,1
2026-06-04,601318,14:04:44,53.1700,64,2
2026-06-04,601318,14:04:47,53.1700,5,2
2026-06-04,601318,14:04:50,53.1800,9,1
2026-06-04,601318,14:04:53,53.1700,75,2
2026-06-04,601318,14:04:56,53.1700,10,2
2026-06-04,601318,14:04:59,53.1700,38,2
2026-06-04,601318,14:05:02,53.1800,77,1
2026-06-04,601318,14:05:05,53.1800,54,1
2026-06-04,601318,14:05:08,53.1800,16,1
2026-06-04,601318,14:05:11,53.1800,13,1
2026-06-04,601318,14:05:14,53.1800,10,1
2026-06-04,601318,14:05:17,53.1800,60,1
2026-06-04,601318,14:05:20,53.1800,56,1
2026-06-04,601318,14:05:23,53.1800,140,1
2026-06-04,601318,14:05:26,53.1800,79,2
2026-06-04,601318,14:05:29,53.1800,20,1
2026-06-04,601318,14:05:32,53.1800,89,1
2026-06-04,601318,14:05:35,53.1800,40,1
2026-06-04,601318,14:05:38,53.1800,57,1
2026-06-04,601318,14:05:41,53.1900,22,1
2026-06-04,601318,14:05:44,53.1800,50,2
2026-06-04,601318,14:05:47,53.1800,187,2
2026-06-04,601318,14:05:50,53.1800,133,1
2026-06-04,601318,14:05:53,53.1900,16,1
2026-06-04,601318,14:05:56,53.1800,1,2
2026-06-04,601318,14:05:59,53.1800,32,2
2026-06-04,601318,14:06:02,53.1800,58,2
2026-06-04,601318,14:06:05,53.1900,110,1
2026-06-04,601318,14:06:08,53.2100,511,1
2026-06-04,601318,14:06:11,53.2000,16,2
2026-06-04,601318,14:06:14,53.2300,87,1
2026-06-04,601318,14:06:17,53.2200,15,2
2026-06-04,601318,14:06:20,53.2300,15,4
2026-06-04,601318,14:06:23,53.2400,62,1
2026-06-04,601318,14:06:26,53.2400,29,1
2026-06-04,601318,14:06:29,53.2400,49,2
2026-06-04,601318,14:06:32,53.2500,136,1
2026-06-04,601318,14:06:35,53.2400,51,1
2026-06-04,601318,14:06:38,53.2300,41,4
2026-06-04,601318,14:06:41,53.2300,54,2
2026-06-04,601318,14:06:44,53.2400,41,1
2026-06-04,601318,14:06:47,53.2400,20,1
2026-06-04,601318,14:06:50,53.2400,12,1
2026-06-04,601318,14:06:53,53.2400,183,2
2026-06-04,601318,14:06:56,53.2100,143,2
2026-06-04,601318,10:55:20,53.6800,152,2
2026-06-04,601318,10:55:23,53.6800,117,2
2026-06-04,601318,10:55:26,53.6700,131,2
2026-06-04,601318,10:55:29,53.6700,46,4
2026-06-04,601318,10:55:32,53.6500,118,2
2026-06-04,601318,10:55:35,53.6600,224,1
2026-06-04,601318,10:55:38,53.6500,99,4
2026-06-04,601318,10:55:41,53.6500,22,1
2026-06-04,601318,10:55:44,53.6500,6,1
2026-06-04,601318,10:55:47,53.6500,35,1
2026-06-04,601318,10:55:50,53.6500,11,1
2026-06-04,601318,10:55:53,53.6500,163,1
2026-06-04,601318,10:55:56,53.6600,17,1
2026-06-04,601318,10:56:02,53.6600,30,2
2026-06-04,601318,10:56:05,53.6700,1,1
2026-06-04,601318,10:56:08,53.6600,16,2
2026-06-04,601318,10:56:11,53.6700,17,1
2026-06-04,601318,10:56:14,53.6500,174,2
2026-06-04,601318,10:56:17,53.6600,8,1
2026-06-04,601318,10:56:20,53.6600,27,1
2026-06-04,601318,10:56:23,53.6600,153,1
2026-06-04,601318,10:56:26,53.6600,72,1
2026-06-04,601318,10:56:29,53.6500,51,2
2026-06-04,601318,10:56:32,53.6600,118,1
2026-06-04,601318,10:56:35,53.6500,96,2
2026-06-04,601318,10:56:38,53.6400,35,2
2026-06-04,601318,10:56:41,53.6600,2,1
2026-06-04,601318,10:56:44,53.6500,11,2
2026-06-04,601318,10:56:47,53.6500,6,2
2026-06-04,601318,10:56:50,53.6600,29,1
2026-06-04,601318,10:56:53,53.6600,52,1
2026-06-04,601318,10:56:56,53.6600,15,2
2026-06-04,601318,10:56:59,53.6600,2,2
2026-06-04,601318,10:57:02,53.6600,7,2
2026-06-04,601318,10:57:05,53.6700,7,1
2026-06-04,601318,10:57:08,53.6700,2,1
2026-06-04,601318,10:57:11,53.6700,11,1
2026-06-04,601318,10:57:14,53.6700,4,1
2026-06-04,601318,10:57:17,53.6600,3,2
2026-06-04,601318,10:57:20,53.6600,17,2
2026-06-04,601318,10:57:23,53.6700,65,1
2026-06-04,601318,10:57:26,53.6700,191,2
2026-06-04,601318,10:57:29,53.6800,106,1
2026-06-04,601318,10:57:32,53.6800,58,2
2026-06-04,601318,10:57:35,53.6800,108,2
2026-06-04,601318,10:57:38,53.6800,15,1
2026-06-04,601318,10:57:44,53.6800,1,1
2026-06-04,601318,10:57:47,53.6700,3,2
2026-06-04,601318,10:57:50,53.6800,67,1
2026-06-04,601318,10:57:53,53.6800,12,1
2026-06-04,601318,10:57:56,53.6900,13,1
2026-06-04,601318,10:57:59,53.6800,77,2
2026-06-04,601318,10:58:02,53.6900,11,1
2026-06-04,601318,10:58:05,53.6800,53,2
2026-06-04,601318,10:58:08,53.6900,12,1
2026-06-04,601318,10:58:11,53.6800,5,2
2026-06-04,601318,10:58:17,53.6900,85,2
2026-06-04,601318,10:58:20,53.7000,5,4
2026-06-04,601318,10:58:23,53.7000,8,1
2026-06-04,601318,10:58:26,53.7000,35,2
2026-06-04,601318,10:58:32,53.7000,11,2
2026-06-04,601318,10:58:35,53.7100,182,1
2026-06-04,601318,10:58:38,53.7000,40,2
2026-06-04,601318,10:58:41,53.7200,29,1
2026-06-04,601318,10:58:44,53.7100,18,4
2026-06-04,601318,10:58:47,53.7100,8,4
2026-06-04,601318,10:58:50,53.7200,117,1
2026-06-04,601318,10:58:53,53.7100,20,4
2026-06-04,601318,10:58:56,53.7200,250,1
2026-06-04,601318,10:58:59,53.7200,66,2
2026-06-04,601318,10:59:02,53.7200,36,1
2026-06-04,601318,10:59:05,53.7200,118,1
2026-06-04,601318,10:59:08,53.7200,43,2
2026-06-04,601318,10:59:11,53.7300,100,1
2026-06-04,601318,10:59:14,53.7300,43,2
2026-06-04,601318,10:59:17,53.7200,57,1
2026-06-04,601318,10:59:20,53.7100,147,2
2026-06-04,601318,10:59:23,53.7100,111,2
2026-06-04,601318,10:59:26,53.7200,84,1
2026-06-04,601318,10:59:29,53.7000,11,2
2026-06-04,601318,10:59:35,53.7000,10,2
2026-06-04,601318,10:59:38,53.6900,118,2
2026-06-04,601318,10:59:41,53.7000,17,4
2026-06-04,601318,10:59:44,53.7000,57,1
2026-06-04,601318,10:59:47,53.7000,3,2
2026-06-04,601318,10:59:50,53.7100,6,1
2026-06-04,601318,10:59:53,53.7000,57,2
2026-06-04,601318,10:59:56,53.7000,43,2
2026-06-04,601318,11:00:02,53.7000,18,2
2026-06-04,601318,11:00:05,53.7200,32,1
2026-06-04,601318,11:00:08,53.7100,10,2
2026-06-04,601318,11:00:11,53.7100,10,1
2026-06-04,601318,11:00:14,53.7100,37,2
2026-06-04,601318,11:00:17,53.7000,113,2
2026-06-04,601318,11:00:20,53.6900,9,2
2026-06-04,601318,11:00:23,53.7000,8,1
2026-06-04,601318,11:00:26,53.7000,19,2
2026-06-04,601318,11:00:29,53.7000,5,1
2026-06-04,601318,11:00:32,53.7000,30,2
2026-06-04,601318,11:00:35,53.7000,9,2
2026-06-04,601318,11:00:38,53.7000,4,1
2026-06-04,601318,11:00:41,53.7000,11,1
2026-06-04,601318,11:00:44,53.7000,38,1
2026-06-04,601318,11:00:47,53.7100,21,1
2026-06-04,601318,11:00:50,53.7100,6,1
2026-06-04,601318,11:00:53,53.6900,41,2
2026-06-04,601318,11:00:56,53.7100,56,1
2026-06-04,601318,11:00:59,53.6900,66,2
2026-06-04,601318,11:01:02,53.7000,7,4
2026-06-04,601318,11:01:08,53.7000,52,2
2026-06-04,601318,11:01:11,53.7100,16,1
2026-06-04,601318,11:01:14,53.7000,8,2
2026-06-04,601318,11:01:17,53.7100,6,1
2026-06-04,601318,11:01:20,53.7100,3,1
2026-06-04,601318,11:01:23,53.7100,42,1
2026-06-04,601318,11:01:26,53.7200,95,1
2026-06-04,601318,11:01:29,53.7100,170,2
2026-06-04,601318,11:01:32,53.7200,1,4
2026-06-04,601318,11:01:35,53.7200,35,2
2026-06-04,601318,11:01:38,53.7100,22,2
2026-06-04,601318,11:01:41,53.7200,39,1
2026-06-04,601318,11:01:44,53.7100,19,4
2026-06-04,601318,11:01:47,53.7100,9,1
2026-06-04,601318,11:01:50,53.7100,29,1
2026-06-04,601318,11:01:53,53.7000,15,2
2026-06-04,601318,11:01:56,53.7000,66,2
2026-06-04,601318,11:01:59,53.7100,11,1
2026-06-04,601318,11:02:02,53.7000,32,2
2026-06-04,601318,11:02:05,53.7000,15,2
2026-06-04,601318,11:02:08,53.7100,28,1
2026-06-04,601318,11:02:11,53.7100,27,1
2026-06-04,601318,11:02:14,53.7000,13,2
2026-06-04,601318,11:02:17,53.7100,1,4
2026-06-04,601318,11:02:20,53.7100,59,4
2026-06-04,601318,11:02:23,53.7200,15,1
2026-06-04,601318,11:02:26,53.7100,104,1
2026-06-04,601318,11:02:29,53.7100,81,4
2026-06-04,601318,11:02:32,53.7000,80,2
2026-06-04,601318,11:02:35,53.7000,73,2
2026-06-04,601318,11:02:38,53.6900,109,2
2026-06-04,601318,11:02:41,53.7000,175,1
2026-06-04,601318,11:02:44,53.6900,51,4
2026-06-04,601318,11:02:50,53.6800,68,2
2026-06-04,601318,11:02:53,53.6900,225,1
2026-06-04,601318,11:02:56,53.6900,158,1
2026-06-04,601318,11:02:59,53.6800,30,2
2026-06-04,601318,11:03:02,53.7000,120,1
2026-06-04,601318,11:03:05,53.7000,17,1
2026-06-04,601318,11:03:08,53.6900,10,2
2026-06-04,601318,11:03:11,53.7000,20,1
2026-06-04,601318,11:03:14,53.7000,35,2
2026-06-04,601318,11:03:17,53.6900,4,2
2026-06-04,601318,11:03:23,53.6900,18,2
2026-06-04,601318,11:03:29,53.7000,82,1
2026-06-04,601318,11:03:32,53.7100,23,1
2026-06-04,601318,11:03:35,53.7100,18,1
2026-06-04,601318,11:03:38,53.7000,42,2
2026-06-04,601318,11:03:41,53.7100,50,1
2026-06-04,601318,11:03:44,53.7100,17,1
2026-06-04,601318,11:03:47,53.6900,80,2
2026-06-04,601318,11:03:50,53.6900,26,2
2026-06-04,601318,11:03:53,53.6900,19,2
2026-06-04,601318,11:03:56,53.6900,28,1
2026-06-04,601318,11:03:59,53.6900,1,1
2026-06-04,601318,11:04:02,53.6900,33,1
2026-06-04,601318,11:04:05,53.6900,26,1
2026-06-04,601318,11:04:08,53.7100,370,1
2026-06-04,601318,11:04:11,53.7100,33,1
2026-06-04,601318,11:04:14,53.6900,105,2
2026-06-04,601318,11:04:17,53.6900,23,4
2026-06-04,601318,11:04:20,53.6900,13,1
2026-06-04,601318,11:04:23,53.7000,72,1
2026-06-04,601318,11:04:26,53.7100,101,1
2026-06-04,601318,11:04:29,53.7100,20,2
2026-06-04,601318,11:04:32,53.7200,2,1
2026-06-04,601318,11:04:35,53.7100,48,2
2026-06-04,601318,11:04:38,53.7200,79,1
2026-06-04,601318,11:04:41,53.7200,420,1
2026-06-04,601318,11:04:44,53.7000,75,2
2026-06-04,601318,11:04:47,53.7100,15,1
2026-06-04,601318,11:04:50,53.7100,7,1
2026-06-04,601318,11:04:53,53.7200,24,1
2026-06-04,601318,11:04:56,53.7200,142,2
2026-06-04,601318,11:04:59,53.7300,7,4
2026-06-04,601318,11:05:02,53.7300,18,1
2026-06-04,601318,11:05:05,53.7400,80,1
2026-06-04,601318,11:05:08,53.7300,1,2
2026-06-04,601318,11:05:11,53.7300,13,2
2026-06-04,601318,11:05:14,53.7300,6,2
2026-06-04,601318,11:05:17,53.7300,66,2
2026-06-04,601318,11:05:20,53.7300,11,1
2026-06-04,601318,11:05:23,53.7300,30,1
2026-06-04,601318,11:05:26,53.7300,73,1
2026-06-04,601318,11:05:29,53.7300,53,1
2026-06-04,601318,11:05:32,53.7300,28,1
2026-06-04,601318,11:05:35,53.7300,16,1
2026-06-04,601318,11:05:38,53.7200,92,2
2026-06-04,601318,11:05:41,53.7000,116,2
2026-06-04,601318,11:05:44,53.7000,63,2
2026-06-04,601318,11:05:47,53.7000,16,2
2026-06-04,601318,11:05:50,53.7000,16,2
2026-06-04,601318,11:05:53,53.7000,33,2
2026-06-04,601318,11:05:56,53.6800,106,2
2026-06-04,601318,11:05:59,53.7000,74,1
2026-06-04,601318,11:06:02,53.7100,39,1
2026-06-04,601318,11:06:05,53.7000,207,1
2026-06-04,601318,11:06:08,53.7000,2,1
2026-06-04,601318,11:06:11,53.7000,15,1
2026-06-04,601318,11:06:14,53.6900,5,2
2026-06-04,601318,11:06:17,53.7000,23,1
2026-06-04,601318,11:06:20,53.6900,149,2
2026-06-04,601318,11:06:23,53.7000,29,4
2026-06-04,601318,11:06:26,53.6600,89,2
2026-06-04,601318,11:06:29,53.6600,41,2
2026-06-04,601318,11:06:32,53.6800,53,1
2026-06-04,601318,11:06:35,53.6700,43,4
2026-06-04,601318,11:06:38,53.6800,33,1
2026-06-04,601318,11:06:41,53.6600,84,2
2026-06-04,601318,11:06:44,53.6600,207,2
2026-06-04,601318,11:06:47,53.6700,39,1
2026-06-04,601318,11:06:50,53.6600,2,2
2026-06-04,601318,11:06:53,53.6700,50,1
2026-06-04,601318,11:06:56,53.6700,95,1
2026-06-04,601318,11:06:59,53.6800,45,1
2026-06-04,601318,11:07:02,53.6700,14,2
2026-06-04,601318,11:07:05,53.6700,10,2
2026-06-04,601318,11:07:08,53.6700,16,2
2026-06-04,601318,11:07:11,53.6700,26,2
2026-06-04,601318,11:07:14,53.6800,11,1
2026-06-04,601318,11:07:17,53.6700,70,2
2026-06-04,601318,11:07:20,53.6700,6,1
2026-06-04,601318,11:07:23,53.6700,33,1
2026-06-04,601318,11:07:26,53.6700,130,1
2026-06-04,601318,11:07:29,53.6700,89,1
2026-06-04,601318,11:07:32,53.6700,3,1
2026-06-04,601318,11:07:35,53.6700,14,1
2026-06-04,601318,11:07:38,53.6600,123,2
2026-06-04,601318,11:07:41,53.6700,15,1
2026-06-04,601318,11:07:44,53.6600,5,2
2026-06-04,601318,11:07:47,53.6600,72,2
2026-06-04,601318,11:07:50,53.6700,58,1
2026-06-04,601318,11:07:53,53.6600,38,2
2026-06-04,601318,11:07:56,53.6700,26,1
2026-06-04,601318,11:07:59,53.6700,25,1
2026-06-04,601318,11:08:02,53.6600,22,2
2026-06-04,601318,11:08:05,53.6700,19,1
2026-06-04,601318,11:08:08,53.6800,11,1
2026-06-04,601318,11:08:11,53.6800,35,1
2026-06-04,601318,11:08:17,53.6700,2,2
2026-06-04,601318,11:08:20,53.6800,4,1
2026-06-04,601318,11:08:24,53.6700,307,2
2026-06-04,601318,11:08:26,53.6800,68,1
2026-06-04,601318,11:08:29,53.6700,42,2
2026-06-04,601318,11:08:35,53.6700,8,2
2026-06-04,601318,11:08:38,53.6800,2,1
2026-06-04,601318,11:08:41,53.6800,15,1
2026-06-04,601318,11:08:44,53.6800,22,1
2026-06-04,601318,11:08:50,53.6800,9,1
2026-06-04,601318,11:08:53,53.6700,93,2
2026-06-04,601318,11:08:56,53.6800,54,1
2026-06-04,601318,11:08:59,53.6900,26,1
2026-06-04,601318,11:09:02,53.6800,22,4
2026-06-04,601318,11:09:05,53.6700,4,2
2026-06-04,601318,11:09:08,53.6700,17,2
2026-06-04,601318,11:09:11,53.6800,352,1
2026-06-04,601318,11:09:14,53.6900,99,1
2026-06-04,601318,11:09:17,53.6600,353,2
2026-06-04,601318,11:09:20,53.6600,498,2
2026-06-04,601318,11:09:23,53.6500,109,2
2026-06-04,601318,11:09:26,53.6600,19,2
2026-06-04,601318,11:09:29,53.6600,64,1
2026-06-04,601318,11:09:32,53.6600,108,2
2026-06-04,601318,11:09:35,53.6600,18,1
2026-06-04,601318,11:09:38,53.6600,117,1
2026-06-04,601318,11:09:41,53.6500,26,2
2026-06-04,601318,11:09:44,53.6500,23,1
2026-06-04,601318,11:09:47,53.6500,10,1
2026-06-04,601318,11:09:50,53.6500,75,1
2026-06-04,601318,11:09:53,53.6500,2,2
2026-06-04,601318,11:09:56,53.6500,153,2
2026-06-04,601318,11:09:59,53.6500,235,1
2026-06-04,601318,11:10:02,53.6500,101,2
2026-06-04,601318,11:10:05,53.6400,109,2
2026-06-04,601318,11:10:08,53.6500,48,2
2026-06-04,601318,11:10:11,53.6400,40,2
2026-06-04,601318,11:10:14,53.6400,21,2
2026-06-04,601318,11:10:17,53.6500,4,1
2026-06-04,601318,11:10:20,53.6400,38,2
2026-06-04,601318,11:10:23,53.6400,95,2
2026-06-04,601318,11:10:26,53.6400,77,2
2026-06-04,601318,11:10:29,53.6400,33,2
2026-06-04,601318,11:10:32,53.6400,321,2
2026-06-04,601318,11:10:35,53.6400,210,1
2026-06-04,601318,11:10:38,53.6400,519,1
2026-06-04,601318,11:10:41,53.6300,364,2
2026-06-04,601318,11:10:44,53.6300,990,2
2026-06-04,601318,11:10:47,53.6100,1318,2
2026-06-04,601318,11:10:50,53.6100,789,2
2026-06-04,601318,11:10:53,53.6000,452,2
2026-06-04,601318,11:10:56,53.6100,174,1
2026-06-04,601318,11:10:59,53.6100,356,1
2026-06-04,601318,11:11:02,53.6000,652,2
2026-06-04,601318,11:11:05,53.6000,1515,2
2026-06-04,601318,11:11:08,53.5900,633,2
2026-06-04,601318,11:11:11,53.5900,17,2
2026-06-04,601318,11:11:14,53.6000,417,1
2026-06-04,601318,11:11:17,53.6100,205,1
2026-06-04,601318,11:11:20,53.6000,99,2
2026-06-04,601318,11:11:23,53.6000,177,1
2026-06-04,601318,11:11:26,53.6000,16,1
2026-06-04,601318,11:11:29,53.5900,5,2
2026-06-04,601318,11:11:32,53.6000,28,1
2026-06-04,601318,11:11:35,53.5900,249,2
2026-06-04,601318,11:11:38,53.5900,5,2
2026-06-04,601318,11:11:41,53.5900,32,2
2026-06-04,601318,11:11:44,53.5900,2,2
2026-06-04,601318,11:11:47,53.5900,64,2
2026-06-04,601318,11:11:50,53.5900,36,2
2026-06-04,601318,11:11:53,53.5900,56,1
2026-06-04,601318,11:11:56,53.5900,26,1
2026-06-04,601318,11:11:59,53.5800,15,2
2026-06-04,601318,11:12:02,53.5800,217,2
2026-06-04,601318,11:12:05,53.5700,921,2
2026-06-04,601318,11:12:08,53.5700,236,2
2026-06-04,601318,11:12:11,53.5700,569,2
2026-06-04,601318,11:12:14,53.5700,65,2
2026-06-04,601318,11:12:17,53.5700,14,2
2026-06-04,601318,11:12:20,53.5700,13,2
2026-06-04,601318,11:12:23,53.5700,132,2
2026-06-04,601318,11:12:26,53.5700,22,2
2026-06-04,601318,11:12:29,53.5800,266,1
2026-06-04,601318,11:12:32,53.5800,32,2
2026-06-04,601318,11:12:35,53.5900,5,1
2026-06-04,601318,11:12:38,53.5900,680,1
2026-06-04,601318,11:12:41,53.5800,27,2
2026-06-04,601318,11:12:44,53.5800,31,2
2026-06-04,601318,11:12:47,53.5900,45,1
2026-06-04,601318,11:12:50,53.5900,34,1
2026-06-04,601318,11:12:53,53.5900,555,1
2026-06-04,601318,11:12:56,53.6000,19,1
2026-06-04,601318,11:12:59,53.6000,6,1
2026-06-04,601318,11:13:02,53.6000,53,1
2026-06-04,601318,11:13:05,53.5900,63,2
2026-06-04,601318,11:13:08,53.5900,15,2
2026-06-04,601318,11:13:11,53.5900,592,2
2026-06-04,601318,11:13:14,53.6000,7,1
2026-06-04,601318,11:13:17,53.5700,690,2
2026-06-04,601318,11:13:20,53.5500,176,2
2026-06-04,601318,11:13:23,53.5600,135,4
2026-06-04,601318,11:13:26,53.5600,259,1
2026-06-04,601318,11:13:29,53.5600,17,2
2026-06-04,601318,11:13:32,53.5500,117,2
2026-06-04,601318,11:13:35,53.5600,53,1
2026-06-04,601318,11:13:38,53.5600,26,2
2026-06-04,601318,11:13:41,53.5700,12,1
2026-06-04,601318,11:13:44,53.5700,27,1
2026-06-04,601318,11:13:47,53.5600,16,2
2026-06-04,601318,11:13:50,53.5600,28,2
2026-06-04,601318,11:13:53,53.5600,12,2
2026-06-04,601318,11:13:56,53.5700,39,1
2026-06-04,601318,11:13:59,53.5600,117,2
2026-06-04,601318,11:14:02,53.5700,37,1
2026-06-04,601318,11:14:05,53.5700,7,1
2026-06-04,601318,11:14:08,53.5700,23,1
2026-06-04,601318,11:14:11,53.5700,33,1
2026-06-04,601318,11:14:14,53.5800,55,1
2026-06-04,601318,11:14:17,53.5700,13,2
2026-06-04,601318,11:14:20,53.5800,1,1
2026-06-04,601318,11:14:23,53.5800,560,1
2026-06-04,601318,11:14:26,53.5900,40,1
2026-06-04,601318,11:14:29,53.5900,22,1
2026-06-04,601318,11:14:35,53.6000,52,1
2026-06-04,601318,11:14:38,53.5800,5,2
2026-06-04,601318,11:14:41,53.5900,29,1
2026-06-04,601318,11:14:47,53.5900,40,1
2026-06-04,601318,11:14:50,53.6000,523,1
2026-06-04,601318,11:14:53,53.5900,58,2
2026-06-04,601318,11:14:56,53.5900,5,2
2026-06-04,601318,11:14:59,53.6000,5,1
2026-06-04,601318,11:15:02,53.5900,33,2
2026-06-04,601318,11:15:05,53.5900,92,2
2026-06-04,601318,11:15:08,53.6000,17,1
2026-06-04,601318,11:15:11,53.5900,187,2
2026-06-04,601318,11:15:14,53.5800,62,2
2026-06-04,601318,11:15:17,53.5900,37,1
2026-06-04,601318,11:15:20,53.5800,18,2
2026-06-04,601318,11:15:23,53.5900,81,1
2026-06-04,601318,11:15:26,53.5800,174,2
2026-06-04,601318,11:15:29,53.5900,49,1
2026-06-04,601318,11:15:32,53.5900,53,1
2026-06-04,601318,11:15:35,53.5800,51,2
2026-06-04,601318,11:15:38,53.5900,8,1
2026-06-04,601318,11:15:41,53.5900,10,1
2026-06-04,601318,11:15:44,53.5800,35,2
2026-06-04,601318,11:15:47,53.5900,39,1
2026-06-04,601318,11:15:50,53.5900,8,1
2026-06-04,601318,11:15:53,53.5800,20,2
2026-06-04,601318,11:15:56,53.5800,61,2
2026-06-04,601318,11:15:59,53.5800,104,2
2026-06-04,601318,11:16:02,53.5800,70,2
2026-06-04,601318,11:16:05,53.5800,59,2
2026-06-04,601318,11:16:08,53.5800,13,2
2026-06-04,601318,11:16:11,53.5800,64,2
2026-06-04,601318,11:16:14,53.5800,133,2
2026-06-04,601318,11:16:17,53.5800,6,2
2026-06-04,601318,11:16:20,53.5900,55,1
2026-06-04,601318,11:16:23,53.5900,67,2
2026-06-04,601318,11:16:26,53.5900,37,2
2026-06-04,601318,11:16:29,53.6000,15,1
2026-06-04,601318,11:16:32,53.5900,14,2
2026-06-04,601318,11:16:35,53.5900,40,2
2026-06-04,601318,11:16:38,53.5900,3,1
2026-06-04,601318,11:16:41,53.5900,16,1
2026-06-04,601318,11:16:44,53.6000,155,1
2026-06-04,601318,11:16:47,53.6000,130,1
2026-06-04,601318,11:16:50,53.5900,22,2
2026-06-04,601318,11:16:53,53.6000,18,1
2026-06-04,601318,11:16:56,53.6000,68,1
2026-06-04,601318,11:16:59,53.6000,20,1
2026-06-04,601318,11:17:02,53.5900,22,2
2026-06-04,601318,11:17:05,53.5900,2,2
2026-06-04,601318,11:17:08,53.5900,31,2
2026-06-04,601318,11:17:11,53.5900,71,2
2026-06-04,601318,11:17:14,53.5900,47,1
2026-06-04,601318,11:17:17,53.5900,2,2
2026-06-04,601318,11:17:20,53.5900,11,2
2026-06-04,601318,11:17:23,53.5900,13,2
2026-06-04,601318,11:17:26,53.5900,3,2
2026-06-04,601318,11:17:29,53.6000,4,1
2026-06-04,601318,11:17:32,53.5900,21,2
2026-06-04,601318,11:17:35,53.5900,12,2
2026-06-04,601318,11:17:38,53.5900,124,2
2026-06-04,601318,11:17:41,53.6000,30,1
2026-06-04,601318,11:17:44,53.5900,24,2
2026-06-04,601318,11:17:47,53.5900,1,2
2026-06-04,601318,11:17:50,53.5900,24,2
2026-06-04,601318,11:17:53,53.5900,14,2
2026-06-04,601318,11:17:56,53.5900,42,2
2026-06-04,601318,11:17:59,53.5900,69,2
2026-06-04,601318,11:18:02,53.6000,8,1
2026-06-04,601318,11:18:05,53.6000,33,1
2026-06-04,601318,11:18:08,53.6000,60,1
2026-06-04,601318,11:18:11,53.6100,151,1
2026-06-04,601318,11:18:14,53.6200,269,1
2026-06-04,601318,11:18:17,53.6100,52,2
2026-06-04,601318,11:18:20,53.6000,86,2
2026-06-04,601318,11:18:23,53.6000,21,2
2026-06-04,601318,11:18:26,53.6200,46,1
2026-06-04,601318,11:18:29,53.6200,18,1
2026-06-04,601318,11:18:32,53.6100,9,2
2026-06-04,601318,11:18:35,53.6000,140,2
2026-06-04,601318,11:18:38,53.6200,5,1
2026-06-04,601318,11:18:41,53.6200,70,1
2026-06-04,601318,11:18:44,53.6100,16,4
2026-06-04,601318,11:18:47,53.6200,6,1
2026-06-04,601318,11:18:50,53.6100,98,2
2026-06-04,601318,11:18:53,53.6200,53,1
2026-06-04,601318,11:18:56,53.6200,6,1
2026-06-04,601318,11:18:59,53.6100,28,2
2026-06-04,601318,11:19:02,53.6200,40,1
2026-06-04,601318,11:19:05,53.6100,70,2
2026-06-04,601318,11:19:08,53.6100,10,1
2026-06-04,601318,11:19:11,53.6000,45,2
2026-06-04,601318,11:19:14,53.6000,21,2
2026-06-04,601318,11:19:17,53.6100,23,1
2026-06-04,601318,11:19:20,53.6000,47,2
2026-06-04,601318,11:19:23,53.6100,160,1
2026-06-04,601318,11:19:26,53.6100,12,1
2026-06-04,601318,11:19:29,53.6100,6,1
2026-06-04,601318,11:19:32,53.6000,10,4
2026-06-04,601318,11:19:35,53.5900,5,2
2026-06-04,601318,11:19:38,53.5900,8,2
2026-06-04,601318,11:19:41,53.5900,2,2
2026-06-04,601318,11:19:44,53.6000,229,1
2026-06-04,601318,11:19:47,53.6000,24,2
2026-06-04,601318,11:19:50,53.6000,20,2
2026-06-04,601318,11:19:53,53.6000,21,2
2026-06-04,601318,11:19:56,53.6000,9,1
2026-06-04,601318,11:19:59,53.5900,23,2
2026-06-04,601318,11:20:02,53.6000,33,1
2026-06-04,601318,11:20:05,53.6000,34,2
2026-06-04,601318,11:20:08,53.6000,33,2
2026-06-04,601318,11:20:11,53.6000,5,1
2026-06-04,601318,11:20:14,53.6000,42,1
