date,code,time,price,volume,bs
2026-03-13,601318,14:07:02,61.3200,66,2
2026-03-13,601318,14:07:05,61.3200,133,2
2026-03-13,601318,14:07:08,61.3300,33,1
2026-03-13,601318,14:07:11,61.3300,291,1
2026-03-13,601318,14:07:14,61.3300,16,2
2026-03-13,601318,14:07:17,61.3400,6,4
2026-03-13,601318,14:07:20,61.3300,110,2
2026-03-13,601318,14:07:23,61.3400,14,4
2026-03-13,601318,14:07:26,61.3400,30,2
2026-03-13,601318,14:07:29,61.3400,6,2
2026-03-13,601318,14:07:32,61.3500,17,1
2026-03-13,601318,14:07:35,61.3500,51,1
2026-03-13,601318,14:07:38,61.3400,15,2
2026-03-13,601318,14:07:41,61.3300,47,2
2026-03-13,601318,14:07:44,61.3300,36,2
2026-03-13,601318,14:07:47,61.3300,10,2
2026-03-13,601318,14:07:50,61.3300,13,2
2026-03-13,601318,14:07:53,61.3400,118,1
2026-03-13,601318,14:07:56,61.3400,48,1
2026-03-13,601318,14:08:02,61.3400,200,1
2026-03-13,601318,14:08:05,61.3300,78,2
2026-03-13,601318,14:08:08,61.3300,161,2
2026-03-13,601318,14:08:11,61.3300,18,1
2026-03-13,601318,14:08:14,61.3100,150,2
2026-03-13,601318,14:08:17,61.3100,100,2
2026-03-13,601318,14:08:20,61.3200,1717,1
2026-03-13,601318,14:08:23,61.3000,215,2
2026-03-13,601318,14:08:26,61.3100,28,4
2026-03-13,601318,14:08:29,61.3000,4,2
2026-03-13,601318,14:08:32,61.3100,38,1
2026-03-13,601318,14:08:35,61.3000,925,2
2026-03-13,601318,14:08:38,61.3000,59,2
2026-03-13,601318,14:08:41,61.3000,440,2
2026-03-13,601318,14:08:44,61.3100,244,1
2026-03-13,601318,14:08:47,61.3000,365,2
2026-03-13,601318,14:08:50,61.3400,315,1
2026-03-13,601318,14:08:53,61.3200,97,2
2026-03-13,601318,14:08:56,61.3200,1,2
2026-03-13,601318,14:08:59,61.3200,17,2
2026-03-13,601318,14:09:02,61.3200,112,2
2026-03-13,601318,14:09:05,61.3700,32,1
2026-03-13,601318,14:09:08,61.3800,75,1
2026-03-13,601318,14:09:11,61.3700,44,1
2026-03-13,601318,14:09:14,61.3900,74,1
2026-03-13,601318,14:09:17,61.4000,163,1
2026-03-13,601318,14:09:20,61.4000,97,1
2026-03-13,601318,14:09:23,61.3700,3,2
2026-03-13,601318,14:09:26,61.4000,23,1
2026-03-13,601318,14:09:29,61.3900,11,1
2026-03-13,601318,14:09:32,61.3700,94,2
2026-03-13,601318,14:09:35,61.3700,29,1
2026-03-13,601318,14:09:38,61.3900,36,1
2026-03-13,601318,14:09:41,61.3800,23,1
2026-03-13,601318,14:09:44,61.3700,28,2
2026-03-13,601318,14:09:47,61.3900,20,1
2026-03-13,601318,14:09:50,61.3900,13,1
2026-03-13,601318,14:09:53,61.3900,8,1
2026-03-13,601318,14:09:56,61.3900,53,1
2026-03-13,601318,14:09:59,61.3900,53,1
2026-03-13,601318,14:10:02,61.3800,12,2
2026-03-13,601318,14:10:05,61.3900,17,1
2026-03-13,601318,14:10:08,61.3900,2,1
2026-03-13,601318,14:10:11,61.3700,36,2
2026-03-13,601318,14:10:14,61.3700,6,2
2026-03-13,601318,14:10:17,61.3800,8,1
2026-03-13,601318,14:10:20,61.3700,21,2
2026-03-13,601318,14:10:23,61.3700,23,2
2026-03-13,601318,14:10:26,61.3700,12,2
2026-03-13,601318,14:10:29,61.3700,51,2
2026-03-13,601318,14:10:32,61.3700,8,1
2026-03-13,601318,14:10:35,61.3700,32,1
2026-03-13,601318,14:10:38,61.3700,86,1
2026-03-13,601318,14:10:41,61.3700,45,1
2026-03-13,601318,14:10:44,61.3400,477,2
2026-03-13,601318,14:10:47,61.3800,13,1
2026-03-13,601318,14:10:50,61.3600,17,2
2026-03-13,601318,14:10:53,61.3600,46,2
2026-03-13,601318,14:10:56,61.3600,6,2
2026-03-13,601318,14:10:59,61.3500,10,2
2026-03-13,601318,14:11:02,61.3600,17,1
2026-03-13,601318,14:11:05,61.3600,61,1
2026-03-13,601318,14:11:08,61.3600,36,2
2026-03-13,601318,14:11:11,61.3700,31,1
2026-03-13,601318,14:11:14,61.3900,22,1
2026-03-13,601318,14:11:17,61.3700,39,1
2026-03-13,601318,14:11:20,61.3700,13,1
2026-03-13,601318,14:11:23,61.3800,23,1
2026-03-13,601318,14:11:26,61.3700,22,2
2026-03-13,601318,14:11:29,61.3800,171,1
2026-03-13,601318,14:11:32,61.3700,4,2
2026-03-13,601318,14:11:35,61.3800,1,1
2026-03-13,601318,14:11:38,61.3700,25,2
2026-03-13,601318,14:11:41,61.3800,1,1
2026-03-13,601318,14:11:44,61.3700,72,2
2026-03-13,601318,14:11:47,61.3800,43,1
2026-03-13,601318,14:11:50,61.3800,12,2
2026-03-13,601318,14:11:53,61.3800,6,2
2026-03-13,601318,14:11:56,61.3900,2,1
2026-03-13,601318,14:11:59,61.3800,159,2
2026-03-13,601318,14:12:02,61.3700,8,2
2026-03-13,601318,14:12:05,61.3800,38,1
2026-03-13,601318,14:12:08,61.3800,23,2
2026-03-13,601318,14:12:11,61.3800,14,2
2026-03-13,601318,14:12:14,61.3700,215,2
2026-03-13,601318,14:12:20,61.3800,1,1
2026-03-13,601318,14:12:23,61.3700,158,2
2026-03-13,601318,14:12:26,61.3800,31,1
2026-03-13,601318,14:12:29,61.3700,9,2
2026-03-13,601318,14:12:32,61.3700,124,2
2026-03-13,601318,14:12:35,61.3700,22,2
2026-03-13,601318,14:12:38,61.3800,123,1
2026-03-13,601318,14:12:41,61.3800,177,1
2026-03-13,601318,14:12:44,61.3700,638,2
2026-03-13,601318,14:12:47,61.3800,192,4
2026-03-13,601318,14:12:50,61.4000,261,1
2026-03-13,601318,14:12:53,61.3700,192,2
2026-03-13,601318,14:12:56,61.4300,66,1
2026-03-13,601318,14:12:59,61.4300,84,1
2026-03-13,601318,14:13:02,61.3900,20,2
2026-03-13,601318,14:13:05,61.3800,70,2
2026-03-13,601318,14:13:08,61.3800,34,2
2026-03-13,601318,14:13:11,61.3900,14,1
2026-03-13,601318,14:13:14,61.3800,7,2
2026-03-13,601318,14:13:17,61.3800,9,2
2026-03-13,601318,14:13:20,61.3900,29,1
2026-03-13,601318,14:13:23,61.3900,325,1
2026-03-13,601318,14:13:26,61.3800,22,4
2026-03-13,601318,14:13:29,61.3600,203,2
2026-03-13,601318,14:13:32,61.3700,20,1
2026-03-13,601318,14:13:35,61.3700,2,1
2026-03-13,601318,14:13:38,61.3700,134,1
2026-03-13,601318,14:13:41,61.3500,42,2
2026-03-13,601318,14:13:44,61.3600,68,1
2026-03-13,601318,14:13:47,61.3600,285,1
2026-03-13,601318,14:13:50,61.3600,64,1
2026-03-13,601318,14:13:53,61.3600,29,1
2026-03-13,601318,14:13:56,61.3500,12,2
2026-03-13,601318,14:13:59,61.3500,33,2
2026-03-13,601318,14:14:02,61.3500,39,2
2026-03-13,601318,14:14:05,61.3500,18,2
2026-03-13,601318,14:14:08,61.3500,18,1
2026-03-13,601318,14:14:11,61.3300,152,2
2026-03-13,601318,14:14:14,61.3400,2,1
2026-03-13,601318,14:14:17,61.3200,161,2
2026-03-13,601318,14:14:20,61.3400,68,1
2026-03-13,601318,14:14:23,61.3400,273,1
2026-03-13,601318,14:14:26,61.3300,60,1
2026-03-13,601318,14:14:29,61.3200,22,2
2026-03-13,601318,14:14:32,61.3200,26,2
2026-03-13,601318,14:14:35,61.3200,438,1
2026-03-13,601318,14:14:38,61.3300,16,2
2026-03-13,601318,14:14:41,61.3300,4,2
2026-03-13,601318,14:14:44,61.3300,8,1
2026-03-13,601318,14:14:47,61.3800,306,1
2026-03-13,601318,14:14:50,61.3900,328,1
2026-03-13,601318,14:14:53,61.3500,45,2
2026-03-13,601318,14:14:56,61.4000,19,1
2026-03-13,601318,14:14:59,61.3600,92,2
2026-03-13,601318,14:15:02,61.3800,23,1
2026-03-13,601318,14:15:05,61.3700,10,1
2026-03-13,601318,14:15:08,61.3700,13,1
2026-03-13,601318,14:15:11,61.4200,897,1
2026-03-13,601318,14:15:14,61.3400,1090,2
2026-03-13,601318,14:15:17,61.3600,55,1
2026-03-13,601318,14:15:20,61.3900,136,1
2026-03-13,601318,14:15:23,61.3900,55,1
2026-03-13,601318,14:15:26,61.3800,581,1
2026-03-13,601318,14:15:29,61.3700,31,4
2026-03-13,601318,14:15:32,61.3600,38,2
2026-03-13,601318,14:15:35,61.3600,728,1
2026-03-13,601318,14:15:38,61.3600,236,2
2026-03-13,601318,14:15:41,61.3600,36,2
2026-03-13,601318,14:15:44,61.3500,12,2
2026-03-13,601318,14:15:47,61.3400,49,2
2026-03-13,601318,14:15:50,61.3400,21,2
2026-03-13,601318,14:15:53,61.3300,4,2
2026-03-13,601318,14:15:56,61.3400,68,1
2026-03-13,601318,14:15:59,61.3300,23,2
2026-03-13,601318,14:16:02,61.3300,22,1
2026-03-13,601318,14:16:05,61.3200,38,2
2026-03-13,601318,14:16:08,61.3200,43,2
2026-03-13,601318,14:16:11,61.3200,136,2
2026-03-13,601318,14:16:14,61.3200,16,1
2026-03-13,601318,14:16:17,61.3200,94,1
2026-03-13,601318,14:16:20,61.3600,692,1
2026-03-13,601318,14:16:23,61.3300,92,2
2026-03-13,601318,14:16:26,61.3300,7,1
2026-03-13,601318,14:16:29,61.3300,38,2
2026-03-13,601318,14:16:32,61.3400,89,1
2026-03-13,601318,14:16:35,61.3400,20,2
2026-03-13,601318,14:16:38,61.3300,49,2
2026-03-13,601318,14:16:41,61.3600,104,1
2026-03-13,601318,14:16:44,61.3800,294,1
2026-03-13,601318,14:16:47,61.3800,18,1
2026-03-13,601318,14:16:50,61.3700,41,1
2026-03-13,601318,14:16:53,61.3800,32,1
2026-03-13,601318,14:16:56,61.3600,16,2
2026-03-13,601318,14:16:59,61.3500,29,2
2026-03-13,601318,14:17:02,61.3500,34,1
2026-03-13,601318,14:17:05,61.3500,77,1
2026-03-13,601318,14:17:08,61.3500,166,1
2026-03-13,601318,14:17:11,61.3500,23,4
2026-03-13,601318,14:17:14,61.3500,33,1
2026-03-13,601318,14:17:17,61.3600,17,1
2026-03-13,601318,14:17:20,61.3600,25,1
2026-03-13,601318,14:17:23,61.3600,32,1
2026-03-13,601318,14:17:26,61.3500,45,2
2026-03-13,601318,14:17:29,61.3500,18,2
2026-03-13,601318,14:17:32,61.3600,47,1
2026-03-13,601318,14:17:35,61.3500,143,2
2026-03-13,601318,14:17:38,61.3700,92,1
2026-03-13,601318,14:17:41,61.3700,424,1
2026-03-13,601318,14:17:44,61.3800,80,4
2026-03-13,601318,14:17:47,61.3800,14,2
2026-03-13,601318,14:17:50,61.3900,41,1
2026-03-13,601318,14:17:53,61.3400,302,2
2026-03-13,601318,14:17:56,61.3500,140,2
2026-03-13,601318,14:17:59,61.3800,128,1
2026-03-13,601318,14:18:02,61.3800,23,1
2026-03-13,601318,14:18:05,61.3600,27,2
2026-03-13,601318,14:18:08,61.3600,35,1
2026-03-13,601318,14:18:11,61.3400,90,2
2026-03-13,601318,14:18:14,61.3500,33,1
2026-03-13,601318,14:18:17,61.3500,34,1
2026-03-13,601318,14:18:20,61.3600,65,1
2026-03-13,601318,14:18:23,61.3600,22,1
2026-03-13,601318,14:18:26,61.3500,135,2
2026-03-13,601318,14:18:29,61.3700,294,1
2026-03-13,601318,14:18:32,61.3900,51,1
2026-03-13,601318,14:18:35,61.3500,43,2
2026-03-13,601318,14:18:38,61.3600,21,1
2026-03-13,601318,14:18:41,61.3600,14,4
2026-03-13,601318,14:18:44,61.3700,16,1
2026-03-13,601318,14:18:47,61.3700,30,1
2026-03-13,601318,14:18:50,61.3700,20,1
2026-03-13,601318,14:18:53,61.3800,48,1
2026-03-13,601318,14:18:56,61.3800,121,1
2026-03-13,601318,14:18:59,61.4000,141,1
2026-03-13,601318,14:19:02,61.4000,27,1
2026-03-13,601318,14:19:05,61.4000,24,1
2026-03-13,601318,14:19:08,61.4000,9,1
2026-03-13,601318,14:19:11,61.3900,17,4
2026-03-13,601318,14:19:14,61.3800,30,2
2026-03-13,601318,14:19:17,61.3900,16,1
2026-03-13,601318,14:19:20,61.3900,294,1
2026-03-13,601318,14:19:23,61.3800,14,2
2026-03-13,601318,14:19:26,61.3800,91,2
2026-03-13,601318,14:19:29,61.3800,68,2
2026-03-13,601318,14:19:32,61.3800,23,1
2026-03-13,601318,14:19:35,61.3800,20,1
2026-03-13,601318,14:19:38,61.3800,43,1
2026-03-13,601318,14:19:41,61.3700,50,2
2026-03-13,601318,14:19:44,61.3800,76,1
2026-03-13,601318,14:19:47,61.3800,30,1
2026-03-13,601318,14:19:50,61.3800,17,1
2026-03-13,601318,14:19:53,61.3800,92,1
2026-03-13,601318,14:19:56,61.4000,51,1
2026-03-13,601318,14:19:59,61.3900,41,1
2026-03-13,601318,14:20:02,61.3900,20,1
2026-03-13,601318,14:20:05,61.3900,157,1
2026-03-13,601318,14:20:08,61.3900,24,1
2026-03-13,601318,14:20:11,61.3900,53,2
2026-03-13,601318,14:20:14,61.4400,655,1
2026-03-13,601318,14:20:17,61.3900,37,2
2026-03-13,601318,14:20:20,61.4100,18,4
2026-03-13,601318,14:20:23,61.4000,5,2
2026-03-13,601318,14:20:26,61.4000,40,2
2026-03-13,601318,14:20:29,61.4000,12,1
2026-03-13,601318,14:20:32,61.4000,32,1
2026-03-13,601318,14:20:35,61.4000,42,1
2026-03-13,601318,14:20:38,61.4000,21,1
2026-03-13,601318,14:20:41,61.4000,21,1
2026-03-13,601318,14:20:44,61.4000,27,1
2026-03-13,601318,14:20:47,61.4000,19,1
2026-03-13,601318,14:20:50,61.4000,32,1
2026-03-13,601318,14:20:53,61.4000,14,1
2026-03-13,601318,14:20:56,61.4000,15,1
2026-03-13,601318,14:20:59,61.4000,29,1
2026-03-13,601318,14:21:02,61.3600,361,2
2026-03-13,601318,14:21:05,61.3700,33,2
2026-03-13,601318,14:21:08,61.4000,18,1
2026-03-13,601318,14:21:11,61.4000,9,1
2026-03-13,601318,14:21:14,61.3900,25,1
2026-03-13,601318,14:21:17,61.3900,13,1
2026-03-13,601318,14:21:20,61.3900,21,1
2026-03-13,601318,14:21:23,61.3900,22,1
2026-03-13,601318,14:21:26,61.3900,115,1
2026-03-13,601318,14:21:29,61.3700,12,2
2026-03-13,601318,14:21:32,61.3500,384,2
2026-03-13,601318,14:21:35,61.3600,205,2
2026-03-13,601318,14:21:38,61.3500,36,4
2026-03-13,601318,14:21:41,61.3600,48,1
2026-03-13,601318,14:21:44,61.3700,72,1
2026-03-13,601318,14:21:47,61.3700,25,1
2026-03-13,601318,14:21:50,61.3600,24,2
2026-03-13,601318,14:21:53,61.3600,58,1
2026-03-13,601318,14:21:56,61.3900,59,1
2026-03-13,601318,14:21:59,61.3700,55,2
2026-03-13,601318,14:22:02,61.3700,29,2
2026-03-13,601318,14:22:05,61.3900,121,1
2026-03-13,601318,14:22:08,61.3900,304,1
2026-03-13,601318,14:22:11,61.4200,214,1
2026-03-13,601318,14:22:14,61.3900,39,2
2026-03-13,601318,14:22:17,61.4200,18,1
2026-03-13,601318,14:22:20,61.4200,25,1
2026-03-13,601318,14:22:23,61.4000,39,2
2026-03-13,601318,14:22:26,61.3900,36,2
2026-03-13,601318,14:22:29,61.4200,547,1
2026-03-13,601318,14:22:32,61.4000,159,2
2026-03-13,601318,14:22:35,61.4200,28,1
2026-03-13,601318,14:22:38,61.4100,212,2
2026-03-13,601318,14:22:41,61.4400,19,1
2026-03-13,601318,14:22:44,61.4400,42,1
2026-03-13,601318,14:22:47,61.4400,24,1
2026-03-13,601318,14:22:50,61.4200,33,2
2026-03-13,601318,14:22:53,61.4100,39,2
2026-03-13,601318,14:22:56,61.4200,25,1
2026-03-13,601318,14:22:59,61.4100,60,2
2026-03-13,601318,14:23:02,61.4200,61,1
2026-03-13,601318,14:23:05,61.4100,54,2
2026-03-13,601318,14:23:08,61.4100,17,1
2026-03-13,601318,14:23:11,61.4100,51,1
2026-03-13,601318,14:23:14,61.4100,92,4
2026-03-13,601318,14:23:17,61.4000,25,2
2026-03-13,601318,14:23:20,61.4000,46,2
2026-03-13,601318,14:23:23,61.4000,24,1
2026-03-13,601318,14:23:26,61.4000,12,1
2026-03-13,601318,14:23:29,61.4000,27,1
2026-03-13,601318,14:23:32,61.4000,49,1
2026-03-13,601318,14:23:35,61.4000,20,1
2026-03-13,601318,14:23:38,61.4100,123,1
2026-03-13,601318,14:23:41,61.3900,305,2
2026-03-13,601318,14:23:44,61.3900,132,1
2026-03-13,601318,14:23:47,61.3900,41,1
2026-03-13,601318,14:23:50,61.3800,18,4
2026-03-13,601318,14:23:53,61.3900,23,1
2026-03-13,601318,14:23:56,61.3900,155,1
2026-03-13,601318,14:23:59,61.3900,47,2
2026-03-13,601318,14:24:02,61.4000,18,1
2026-03-13,601318,14:24:05,61.4000,32,1
2026-03-13,601318,14:24:08,61.4000,15,1
2026-03-13,601318,14:24:11,61.4100,195,1
2026-03-13,601318,14:24:14,61.4000,25,2
2026-03-13,601318,14:24:17,61.4100,49,1
2026-03-13,601318,14:24:20,61.4000,35,2
2026-03-13,601318,14:24:23,61.4100,60,1
2026-03-13,601318,14:24:26,61.4100,234,1
2026-03-13,601318,14:24:29,61.4000,101,2
2026-03-13,601318,14:24:32,61.4000,43,1
2026-03-13,601318,14:24:35,61.4000,21,1
2026-03-13,601318,14:24:38,61.3900,24,2
2026-03-13,601318,14:24:41,61.3800,103,2
2026-03-13,601318,14:24:44,61.3900,18,1
2026-03-13,601318,14:24:47,61.3900,28,1
2026-03-13,601318,14:24:50,61.3900,14,4
2026-03-13,601318,14:24:53,61.3900,24,4
2026-03-13,601318,14:24:56,61.3900,70,1
2026-03-13,601318,14:24:59,61.3500,947,2
2026-03-13,601318,14:25:02,61.3900,258,1
2026-03-13,601318,14:25:05,61.3900,30,1
2026-03-13,601318,14:25:08,61.3600,701,2
2026-03-13,601318,14:25:11,61.3700,37,1
2026-03-13,601318,14:25:14,61.4000,377,1
2026-03-13,601318,14:25:17,61.3800,14,2
2026-03-13,601318,14:25:20,61.3900,261,1
2026-03-13,601318,14:25:23,61.3800,22,1
2026-03-13,601318,14:25:26,61.3700,15,4
2026-03-13,601318,14:25:29,61.3800,36,1
2026-03-13,601318,14:25:32,61.3900,130,1
2026-03-13,601318,14:25:35,61.3900,20,1
2026-03-13,601318,14:25:38,61.3800,177,2
2026-03-13,601318,14:25:41,61.3900,12,1
2026-03-13,601318,14:25:44,61.3800,56,2
2026-03-13,601318,14:25:47,61.3700,73,2
2026-03-13,601318,14:25:50,61.3700,42,2
2026-03-13,601318,14:25:53,61.3900,80,1
2026-03-13,601318,14:25:56,61.3800,268,4
2026-03-13,601318,14:25:59,61.4000,137,1
2026-03-13,601318,14:26:02,61.4000,74,1
2026-03-13,601318,14:26:05,61.3900,99,2
2026-03-13,601318,14:26:08,61.4000,73,1
2026-03-13,601318,14:26:11,61.3900,22,4
2026-03-13,601318,14:26:14,61.4000,177,1
2026-03-13,601318,14:26:17,61.3900,114,1
2026-03-13,601318,14:26:20,61.3900,59,2
2026-03-13,601318,14:26:23,61.4000,105,1
2026-03-13,601318,14:26:26,61.3800,85,2
2026-03-13,601318,14:26:29,61.4100,110,1
2026-03-13,601318,14:26:32,61.4000,52,1
2026-03-13,601318,14:26:35,61.4000,34,1
2026-03-13,601318,14:26:38,61.4000,35,1
2026-03-13,601318,14:26:41,61.3800,30,2
2026-03-13,601318,14:26:44,61.3800,23,2
2026-03-13,601318,14:26:47,61.3800,116,2
2026-03-13,601318,14:26:50,61.3900,19,4
2026-03-13,601318,14:26:53,61.4000,73,1
2026-03-13,601318,14:26:56,61.3900,38,1
2026-03-13,601318,14:26:59,61.3800,314,2
2026-03-13,601318,14:27:02,61.3800,73,1
2026-03-13,601318,14:27:05,61.3700,109,2
2026-03-13,601318,14:27:08,61.3700,60,1
2026-03-13,601318,14:27:11,61.3700,60,1
2026-03-13,601318,14:27:14,61.3600,49,1
2026-03-13,601318,14:27:17,61.3700,78,1
2026-03-13,601318,14:27:20,61.3600,153,2
2026-03-13,601318,14:27:23,61.3600,35,2
2026-03-13,601318,14:27:26,61.3600,42,2
2026-03-13,601318,14:27:29,61.3600,265,2
2026-03-13,601318,14:27:32,61.3600,321,2
2026-03-13,601318,14:27:35,61.3600,74,1
2026-03-13,601318,14:27:38,61.3900,5,1
2026-03-13,601318,14:27:41,61.3700,33,2
2026-03-13,601318,14:27:44,61.3700,18,2
2026-03-13,601318,14:27:47,61.3700,35,2
2026-03-13,601318,14:27:50,61.3700,22,1
2026-03-13,601318,14:27:53,61.3700,21,1
2026-03-13,601318,14:27:56,61.3700,80,2
2026-03-13,601318,14:27:59,61.3700,22,1
2026-03-13,601318,14:28:02,61.3700,18,1
2026-03-13,601318,14:28:05,61.3600,23,2
2026-03-13,601318,14:28:08,61.3700,175,1
2026-03-13,601318,14:28:11,61.3600,21,2
2026-03-13,601318,14:28:14,61.3600,17,1
2026-03-13,601318,14:28:17,61.3600,22,1
2026-03-13,601318,14:28:20,61.3700,168,1
2026-03-13,601318,14:28:23,61.3700,87,1
2026-03-13,601318,14:28:26,61.3700,83,1
2026-03-13,601318,14:28:29,61.3700,15,1
2026-03-13,601318,14:28:32,61.3700,21,1
2026-03-13,601318,14:28:35,61.3700,30,1
2026-03-13,601318,14:28:38,61.3800,297,1
2026-03-13,601318,14:28:41,61.3400,101,2
2026-03-13,601318,14:28:44,61.3600,43,1
2026-03-13,601318,14:28:47,61.3700,55,1
2026-03-13,601318,14:28:50,61.3600,47,2
2026-03-13,601318,14:28:53,61.3500,15,2
2026-03-13,601318,14:28:56,61.3400,47,2
2026-03-13,601318,14:28:59,61.3500,23,1
2026-03-13,601318,14:29:02,61.3500,38,1
2026-03-13,601318,14:29:05,61.3500,28,1
2026-03-13,601318,14:29:08,61.3400,28,2
2026-03-13,601318,14:29:11,61.3400,135,2
2026-03-13,601318,14:29:14,61.3300,59,2
2026-03-13,601318,14:29:17,61.3300,83,2
2026-03-13,601318,14:29:20,61.3400,66,4
2026-03-13,601318,14:29:23,61.3400,29,2
2026-03-13,601318,14:29:26,61.3300,30,2
2026-03-13,601318,14:29:29,61.3300,69,2
2026-03-13,601318,14:29:32,61.3600,23,1
2026-03-13,601318,14:29:35,61.3400,51,2
2026-03-13,601318,14:29:38,61.3500,32,1
2026-03-13,601318,14:29:41,61.3600,30,1
2026-03-13,601318,14:29:44,61.3800,429,1
2026-03-13,601318,14:29:47,61.3400,84,2
2026-03-13,601318,14:29:50,61.3500,78,2
2026-03-13,601318,14:29:53,61.3300,99,2
2026-03-13,601318,14:29:56,61.3400,46,1
2026-03-13,601318,14:29:59,61.3400,73,2
2026-03-13,601318,14:30:02,61.3500,208,1
2026-03-13,601318,14:30:05,61.3800,78,1
2026-03-13,601318,14:30:08,61.3500,212,2
2026-03-13,601318,14:30:11,61.3400,46,4
2026-03-13,601318,14:30:14,61.3400,69,2
2026-03-13,601318,14:30:17,61.3400,70,1
2026-03-13,601318,14:30:20,61.3400,231,1
2026-03-13,601318,14:30:23,61.3300,116,1
2026-03-13,601318,14:30:26,61.3300,141,2
2026-03-13,601318,14:30:29,61.3200,131,2
2026-03-13,601318,14:30:32,61.3300,49,2
2026-03-13,601318,14:30:35,61.3300,62,2
2026-03-13,601318,14:30:38,61.3200,27,2
2026-03-13,601318,14:30:41,61.3200,111,2
2026-03-13,601318,14:30:44,61.3200,126,2
2026-03-13,601318,14:30:47,61.3200,110,2
2026-03-13,601318,14:30:50,61.3300,118,1
2026-03-13,601318,14:30:53,61.3200,114,2
2026-03-13,601318,14:30:56,61.3300,167,1
2026-03-13,601318,14:30:59,61.3200,686,2
2026-03-13,601318,14:31:02,61.3100,472,2
2026-03-13,601318,14:31:05,61.3100,194,2
2026-03-13,601318,14:31:08,61.3100,110,2
2026-03-13,601318,14:31:11,61.3100,83,2
2026-03-13,601318,14:31:14,61.3200,51,1
2026-03-13,601318,14:31:17,61.3100,75,2
2026-03-13,601318,14:31:20,61.3200,34,1
2026-03-13,601318,14:31:23,61.3200,475,1
2026-03-13,601318,14:31:26,61.3200,123,2
2026-03-13,601318,14:31:29,61.3100,238,2
2026-03-13,601318,14:31:32,61.3200,179,1
2026-03-13,601318,14:31:35,61.3100,127,2
2026-03-13,601318,14:31:38,61.3100,193,1
2026-03-13,601318,14:31:41,61.3200,153,1
2026-03-13,601318,14:31:44,61.3100,263,1
2026-03-13,601318,14:31:47,61.3700,414,1
2026-03-13,601318,14:31:50,61.3100,253,2
2026-03-13,601318,14:31:53,61.3100,176,1
2026-03-13,601318,14:31:56,61.3200,112,2
2026-03-13,601318,14:31:59,61.3200,130,2
2026-03-13,601318,14:32:02,61.3200,44,1
2026-03-13,601318,14:32:05,61.3100,72,2
2026-03-13,601318,14:32:08,61.3100,135,2
2026-03-13,601318,14:32:11,61.3100,131,2
2026-03-13,601318,14:32:14,61.3100,86,1
2026-03-13,601318,14:32:17,61.3100,116,1
2026-03-13,601318,14:32:20,61.3500,238,1
2026-03-13,601318,14:32:23,61.3000,506,2
2026-03-13,601318,14:32:26,61.3000,290,2
2026-03-13,601318,14:32:29,61.3000,229,2
2026-03-13,601318,14:32:32,61.3100,197,1
2026-03-13,601318,14:32:35,61.3000,147,2
2026-03-13,601318,14:32:38,61.3000,179,2
2026-03-13,601318,14:32:41,61.3000,157,2
2026-03-13,601318,14:32:44,61.3100,132,1
2026-03-13,601318,14:32:47,61.3000,51,2
2026-03-13,601318,14:32:50,61.3100,39,1
2026-03-13,601318,14:32:53,61.3100,147,1
2026-03-13,601318,14:32:56,61.3300,59,1
2026-03-13,601318,14:32:59,61.3200,20,1
2026-03-13,601318,14:33:02,61.3100,242,2
2026-03-13,601318,14:33:05,61.3200,20,1
2026-03-13,601318,14:33:08,61.3200,199,1
2026-03-13,601318,14:33:11,61.3100,119,2
2026-03-13,601318,14:33:14,61.3600,447,1
2026-03-13,601318,14:33:17,61.3300,70,2
2026-03-13,601318,14:33:20,61.3200,24,2
2026-03-13,601318,14:33:23,61.3100,47,2
2026-03-13,601318,14:33:26,61.3200,93,1
2026-03-13,601318,14:33:29,61.3200,27,1
2026-03-13,601318,14:33:32,61.3200,36,1
2026-03-13,601318,14:33:35,61.3200,637,1
2026-03-13,601318,14:33:38,61.3300,27,4
2026-03-13,601318,14:33:41,61.3300,60,2
2026-03-13,601318,14:33:44,61.3300,12,1
2026-03-13,601318,14:33:47,61.3300,48,1
2026-03-13,601318,14:33:50,61.3400,278,1
2026-03-13,601318,14:33:53,61.3400,248,1
2026-03-13,601318,14:33:56,61.3200,71,2
2026-03-13,601318,14:33:59,61.3300,41,1
2026-03-13,601318,14:34:02,61.3300,83,1
2026-03-13,601318,14:34:05,61.3200,522,2
2026-03-13,601318,14:34:08,61.3200,55,1
2026-03-13,601318,14:34:11,61.3200,32,1
2026-03-13,601318,14:34:14,61.3100,68,2
2026-03-13,601318,14:34:17,61.3200,22,1
2026-03-13,601318,14:34:20,61.3200,18,1
2026-03-13,601318,14:34:23,61.3200,64,1
2026-03-13,601318,14:34:26,61.3100,49,2
2026-03-13,601318,14:34:29,61.3200,160,1
2026-03-13,601318,14:34:32,61.3200,21,1
2026-03-13,601318,14:34:35,61.3200,119,1
2026-03-13,601318,14:34:38,61.3200,17,2
2026-03-13,601318,14:34:41,61.3300,97,1
2026-03-13,601318,14:34:44,61.3300,19,1
2026-03-13,601318,14:34:47,61.3200,17,2
2026-03-13,601318,14:34:50,61.3200,22,1
2026-03-13,601318,14:34:53,61.3200,35,1
2026-03-13,601318,14:34:56,61.3100,121,2
2026-03-13,601318,14:34:59,61.3100,127,2
2026-03-13,601318,14:35:02,61.3100,601,2
2026-03-13,601318,14:35:05,61.3100,142,2
2026-03-13,601318,14:35:08,61.3000,36,2
2026-03-13,601318,14:35:11,61.3100,47,1
2026-03-13,601318,14:35:14,61.3000,332,2
2026-03-13,601318,14:35:17,61.2900,6667,2
2026-03-13,601318,14:35:20,61.2800,2205,2
2026-03-13,601318,14:35:23,61.2800,151,2
2026-03-13,601318,14:35:26,61.2900,172,1
2026-03-13,601318,14:35:29,61.2800,544,2
2026-03-13,601318,14:35:32,61.2800,112,2
2026-03-13,601318,14:35:35,61.2800,65,2
2026-03-13,601318,14:35:38,61.2800,43,2
2026-03-13,601318,14:35:41,61.2800,130,2
2026-03-13,601318,14:35:44,61.2700,632,2
2026-03-13,601318,14:35:47,61.2800,94,1
2026-03-13,601318,14:35:50,61.2700,808,2
2026-03-13,601318,14:35:53,61.2500,696,2
2026-03-13,601318,14:35:56,61.2500,377,2
2026-03-13,601318,14:35:59,61.2400,170,2
2026-03-13,601318,14:36:02,61.2400,316,1
2026-03-13,601318,14:36:05,61.2300,444,2
2026-03-13,601318,14:36:08,61.2300,171,2
2026-03-13,601318,14:36:11,61.2300,356,4
2026-03-13,601318,14:36:14,61.2300,299,2
2026-03-13,601318,14:36:17,61.2300,561,1
2026-03-13,601318,14:36:20,61.2000,344,2
2026-03-13,601318,14:36:23,61.2100,431,2
2026-03-13,601318,14:36:26,61.2100,104,1
2026-03-13,601318,14:36:29,61.2000,234,2
2026-03-13,601318,14:36:32,61.2100,75,1
2026-03-13,601318,14:36:35,61.2100,127,1
2026-03-13,601318,14:36:38,61.2100,196,1
2026-03-13,601318,14:36:41,61.2500,1049,1
2026-03-13,601318,14:36:44,61.2500,728,2
2026-03-13,601318,14:36:47,61.2400,205,2
2026-03-13,601318,14:36:50,61.2200,24,2
2026-03-13,601318,14:36:53,61.2200,72,2
2026-03-13,601318,14:36:56,61.2200,101,2
2026-03-13,601318,14:36:59,61.2300,95,2
2026-03-13,601318,14:37:02,61.2200,183,2
2026-03-13,601318,14:37:05,61.2300,397,1
2026-03-13,601318,14:37:08,61.2600,550,1
2026-03-13,601318,14:37:11,61.3000,257,1
2026-03-13,601318,14:37:14,61.2700,201,2
2026-03-13,601318,14:37:17,61.2300,39,2
2026-03-13,601318,14:37:20,61.2200,73,2
2026-03-13,601318,14:37:23,61.2400,24,1
2026-03-13,601318,14:37:26,61.2300,35,2
2026-03-13,601318,14:37:29,61.2400,229,1
2026-03-13,601318,14:37:32,61.2400,68,1
2026-03-13,601318,14:37:35,61.2400,184,1
2026-03-13,601318,14:37:38,61.2400,206,1
2026-03-13,601318,14:37:41,61.2400,29,1
2026-03-13,601318,14:37:44,61.2400,41,1
2026-03-13,601318,14:37:47,61.2400,23,1
2026-03-13,601318,14:37:50,61.2300,26,2
2026-03-13,601318,14:37:53,61.2400,94,1
2026-03-13,601318,14:37:56,61.2400,160,1
2026-03-13,601318,14:37:59,61.2500,273,1
2026-03-13,601318,14:38:02,61.2500,51,2
2026-03-13,601318,14:38:05,61.2600,72,2
2026-03-13,601318,14:38:08,61.2200,733,2
2026-03-13,601318,14:38:11,61.2300,112,2
2026-03-13,601318,14:38:14,61.2300,26,1
2026-03-13,601318,14:38:17,61.2300,164,1
2026-03-13,601318,14:38:20,61.2300,31,1
2026-03-13,601318,14:38:23,61.2300,70,1
2026-03-13,601318,14:38:26,61.2200,90,2
2026-03-13,601318,14:38:29,61.2300,184,1
2026-03-13,601318,14:38:32,61.2200,189,2
2026-03-13,601318,14:38:35,61.2200,393,2
2026-03-13,601318,14:38:38,61.2200,217,1
2026-03-13,601318,14:38:41,61.2200,54,1
2026-03-13,601318,14:38:44,61.2100,133,2
2026-03-13,601318,14:38:47,61.2100,131,2
2026-03-13,601318,14:38:50,61.2200,140,1
2026-03-13,601318,14:38:53,61.2100,223,2
2026-03-13,601318,14:38:56,61.2100,119,2
2026-03-13,601318,14:38:59,61.2100,317,2
2026-03-13,601318,14:39:02,61.2100,760,1
2026-03-13,601318,14:39:05,61.2100,109,1
2026-03-13,601318,14:39:08,61.2000,207,2
2026-03-13,601318,14:39:11,61.2000,33,2
2026-03-13,601318,14:39:14,61.2100,42,1
2026-03-13,601318,14:39:17,61.2100,40,1
2026-03-13,601318,14:39:20,61.2100,581,1
2026-03-13,601318,14:39:23,61.2000,243,2
2026-03-13,601318,14:39:26,61.2100,108,1
2026-03-13,601318,14:39:29,61.2100,160,1
2026-03-13,601318,14:39:32,61.2000,55,2
2026-03-13,601318,14:39:35,61.2000,67,2
2026-03-13,601318,14:39:38,61.2000,53,2
2026-03-13,601318,14:39:41,61.2000,50,2
2026-03-13,601318,14:39:44,61.2000,422,2
2026-03-13,601318,14:39:47,61.2000,122,2
2026-03-13,601318,14:39:50,61.2000,628,2
2026-03-13,601318,14:39:53,61.2100,415,1
2026-03-13,601318,14:39:56,61.2200,125,4
2026-03-13,601318,14:39:59,61.2200,93,2
2026-03-13,601318,14:40:02,61.2200,72,1
2026-03-13,601318,14:40:05,61.2200,76,1
2026-03-13,601318,14:40:08,61.2100,186,2
2026-03-13,601318,14:40:11,61.2200,131,1
2026-03-13,601318,14:40:14,61.2200,39,2
2026-03-13,601318,14:40:17,61.2200,40,1
2026-03-13,601318,14:40:20,61.2200,156,1
2026-03-13,601318,14:40:23,61.2300,127,1
2026-03-13,601318,14:40:26,61.2300,68,1
2026-03-13,601318,14:40:29,61.2200,352,2
2026-03-13,601318,14:40:32,61.2200,29,2
2026-03-13,601318,14:40:35,61.2200,538,2
2026-03-13,601318,14:40:38,61.2100,282,2
2026-03-13,601318,14:40:41,61.2100,130,2
2026-03-13,601318,14:40:44,61.2100,433,2
2026-03-13,601318,14:40:47,61.2000,1650,2
2026-03-13,601318,14:40:50,61.1800,255,2
2026-03-13,601318,14:40:53,61.1700,84,2
2026-03-13,601318,14:40:56,61.1700,190,2
2026-03-13,601318,14:40:59,61.1600,80,2
2026-03-13,601318,14:41:02,61.1600,434,2
2026-03-13,601318,14:41:05,61.1600,273,2
2026-03-13,601318,14:41:08,61.1500,68,2
2026-03-13,601318,14:41:11,61.1600,249,1
2026-03-13,601318,14:41:14,61.1400,167,2
2026-03-13,601318,14:41:17,61.1400,130,1
2026-03-13,601318,14:41:20,61.1300,316,2
2026-03-13,601318,14:41:23,61.1500,606,1
2026-03-13,601318,14:41:26,61.1500,210,2
2026-03-13,601318,14:41:29,61.1400,67,2
2026-03-13,601318,14:41:32,61.1400,184,2
2026-03-13,601318,14:41:35,61.1500,111,1
2026-03-13,601318,14:41:38,61.1500,50,1
2026-03-13,601318,14:41:41,61.1500,382,1
2026-03-13,601318,14:41:44,61.1500,83,2
2026-03-13,601318,14:41:47,61.1600,40,1
2026-03-13,601318,14:41:50,61.1500,131,2
2026-03-13,601318,14:41:53,61.1500,101,2
2026-03-13,601318,14:41:56,61.1600,325,1
2026-03-13,601318,14:41:59,61.1600,98,2
2026-03-13,601318,14:42:02,61.1600,99,2
2026-03-13,601318,14:42:05,61.1500,39,2
2026-03-13,601318,14:42:08,61.1600,71,1
2026-03-13,601318,14:42:11,61.1700,205,1
2026-03-13,601318,14:42:14,61.1700,87,1
2026-03-13,601318,14:42:17,61.1700,192,1
2026-03-13,601318,14:42:20,61.1700,63,1
2026-03-13,601318,14:42:23,61.1600,111,2
2026-03-13,601318,14:42:26,61.1700,210,1
2026-03-13,601318,14:42:29,61.2000,137,4
2026-03-13,601318,14:42:32,61.2100,126,1
2026-03-13,601318,14:42:35,61.2000,79,2
2026-03-13,601318,14:42:38,61.1800,29,2
2026-03-13,601318,14:42:41,61.2200,367,1
2026-03-13,601318,14:42:44,61.2100,244,2
2026-03-13,601318,14:42:47,61.2000,137,2
2026-03-13,601318,14:42:50,61.2000,68,1
2026-03-13,601318,14:42:53,61.2000,190,1
2026-03-13,601318,14:42:56,61.2100,312,1
2026-03-13,601318,14:42:59,61.2100,47,1
2026-03-13,601318,14:43:02,61.2100,228,1
2026-03-13,601318,14:43:05,61.2100,73,1
2026-03-13,601318,14:43:08,61.2100,214,1
2026-03-13,601318,14:43:11,61.2200,337,1
2026-03-13,601318,14:43:14,61.2200,53,1
2026-03-13,601318,14:43:17,61.2200,59,1
2026-03-13,601318,14:43:20,61.2200,549,1
2026-03-13,601318,14:43:23,61.2200,192,1
2026-03-13,601318,14:43:26,61.2200,356,1
2026-03-13,601318,14:43:29,61.2400,53,1
2026-03-13,601318,14:43:32,61.2400,315,1
2026-03-13,601318,14:43:35,61.2300,37,4
2026-03-13,601318,14:43:38,61.2200,67,2
2026-03-13,601318,14:43:41,61.2100,30,2
2026-03-13,601318,14:43:44,61.2200,98,1
2026-03-13,601318,14:43:47,61.2200,53,1
2026-03-13,601318,14:43:50,61.2200,24,1
2026-03-13,601318,14:43:53,61.2200,35,1
2026-03-13,601318,14:43:56,61.2100,49,2
2026-03-13,601318,14:43:59,61.2200,134,1
2026-03-13,601318,14:44:02,61.2200,144,1
2026-03-13,601318,14:44:05,61.2100,135,2
2026-03-13,601318,14:44:08,61.2100,286,2
2026-03-13,601318,14:44:11,61.2000,293,2
2026-03-13,601318,14:44:14,61.1900,82,2
2026-03-13,601318,14:44:17,61.1900,63,1
2026-03-13,601318,14:44:20,61.1800,152,2
2026-03-13,601318,14:44:23,61.1800,37,1
2026-03-13,601318,14:44:26,61.1700,138,2
2026-03-13,601318,14:44:29,61.1800,76,1
2026-03-13,601318,14:44:32,61.1800,207,1
2026-03-13,601318,14:44:35,61.1800,218,1
2026-03-13,601318,14:44:38,61.1800,219,4
2026-03-13,601318,14:44:41,61.1900,33,1
2026-03-13,601318,14:44:44,61.1800,49,2
2026-03-13,601318,14:44:47,61.1700,141,2
2026-03-13,601318,14:44:50,61.1700,317,1
2026-03-13,601318,14:44:53,61.1600,141,2
2026-03-13,601318,14:44:56,61.1600,67,1
2026-03-13,601318,14:44:59,61.1600,101,1
2026-03-13,601318,14:45:02,61.1600,326,1
2026-03-13,601318,14:45:05,61.1500,196,2
2026-03-13,601318,14:45:08,61.1600,196,1
2026-03-13,601318,14:45:11,61.1500,547,2
2026-03-13,601318,14:45:14,61.1600,53,4
2026-03-13,601318,14:45:17,61.1500,82,2
2026-03-13,601318,14:45:20,61.1500,232,2
2026-03-13,601318,14:45:23,61.1500,74,2
2026-03-13,601318,14:45:26,61.1500,167,1
2026-03-13,601318,14:45:29,61.1500,104,1
2026-03-13,601318,14:45:32,61.1500,275,1
2026-03-13,601318,14:45:35,61.1400,102,1
2026-03-13,601318,14:45:38,61.1400,45,1
2026-03-13,601318,14:45:41,61.1300,51,2
2026-03-13,601318,14:45:44,61.1300,253,2
2026-03-13,601318,14:45:47,61.1300,165,1
2026-03-13,601318,14:45:50,61.1300,135,1
2026-03-13,601318,14:45:53,61.1300,343,1
2026-03-13,601318,14:45:56,61.1300,78,1
2026-03-13,601318,14:45:59,61.1300,65,1
2026-03-13,601318,14:46:02,61.1200,594,2
2026-03-13,601318,14:46:05,61.1100,210,2
2026-03-13,601318,14:46:08,61.1200,90,1
2026-03-13,601318,14:46:11,61.1100,104,2
2026-03-13,601318,14:46:14,61.1200,278,1
2026-03-13,601318,14:46:17,61.1100,67,2
2026-03-13,601318,14:46:20,61.1100,359,2
2026-03-13,601318,14:46:23,61.1100,170,2
2026-03-13,601318,14:46:26,61.1200,436,1
2026-03-13,601318,14:46:29,61.1200,1010,1
2026-03-13,601318,14:46:32,61.1200,149,1
2026-03-13,601318,14:46:35,61.1200,67,1
2026-03-13,601318,14:46:38,61.1100,87,2
2026-03-13,601318,14:46:41,61.1100,232,2
2026-03-13,601318,14:46:44,61.1100,88,2
2026-03-13,601318,14:46:47,61.1200,131,1
2026-03-13,601318,14:46:50,61.1200,89,1
2026-03-13,601318,14:46:53,61.1200,107,1
2026-03-13,601318,14:46:56,61.1200,153,1
2026-03-13,601318,14:46:59,61.1100,63,2
2026-03-13,601318,14:47:02,61.1200,101,1
2026-03-13,601318,14:47:05,61.1100,191,2
2026-03-13,601318,14:47:08,61.1100,269,2
2026-03-13,601318,14:47:11,61.1100,218,2
2026-03-13,601318,14:47:14,61.1200,601,1
2026-03-13,601318,14:47:17,61.1100,260,2
2026-03-13,601318,14:47:20,61.1100,159,2
2026-03-13,601318,14:47:23,61.1100,143,1
2026-03-13,601318,14:47:26,61.1100,280,1
2026-03-13,601318,14:47:29,61.1200,69,1
2026-03-13,601318,14:47:32,61.1100,455,2
2026-03-13,601318,14:47:35,61.1200,163,1
2026-03-13,601318,14:47:38,61.1100,97,4
2026-03-13,601318,14:47:41,61.1100,108,2
2026-03-13,601318,14:47:44,61.1100,308,2
2026-03-13,601318,14:47:47,61.1100,139,2
2026-03-13,601318,14:47:50,61.1100,112,1
2026-03-13,601318,14:47:53,61.1100,328,1
2026-03-13,601318,14:47:56,61.1100,98,1
2026-03-13,601318,14:47:59,61.1100,180,1
2026-03-13,601318,14:48:02,61.1200,72,1
2026-03-13,601318,14:48:05,61.1200,63,1
2026-03-13,601318,14:48:08,61.1200,78,1
2026-03-13,601318,14:48:11,61.1200,205,1
2026-03-13,601318,14:48:14,61.1100,442,2
2026-03-13,601318,14:48:17,61.1000,167,2
2026-03-13,601318,14:48:20,61.1100,153,1
2026-03-13,601318,14:48:23,61.1000,310,2
2026-03-13,601318,14:48:26,61.1100,283,1
2026-03-13,601318,14:48:29,61.1000,212,2
2026-03-13,601318,14:48:32,61.1100,150,1
2026-03-13,601318,14:48:35,61.1000,589,2
2026-03-13,601318,14:48:38,61.1000,203,1
2026-03-13,601318,14:48:41,61.1000,80,1
2026-03-13,601318,14:48:44,61.1000,442,1
2026-03-13,601318,14:48:47,61.0900,211,2
2026-03-13,601318,14:48:50,61.0800,71,2
2026-03-13,601318,14:48:53,61.0900,351,1
2026-03-13,601318,14:48:56,61.0900,108,1
2026-03-13,601318,14:48:59,61.0800,189,2
2026-03-13,601318,14:49:02,61.0800,299,2
2026-03-13,601318,14:49:05,61.0900,477,1
2026-03-13,601318,14:49:08,61.1000,649,1
2026-03-13,601318,14:49:11,61.1100,590,1
2026-03-13,601318,14:49:14,61.1000,165,2
2026-03-13,601318,14:49:17,61.1100,267,1
2026-03-13,601318,14:49:20,61.1000,140,2
2026-03-13,601318,14:49:23,61.1000,285,2
2026-03-13,601318,14:49:26,61.1200,179,1
2026-03-13,601318,14:49:29,61.1100,170,2
2026-03-13,601318,14:49:32,61.1100,100,2
2026-03-13,601318,14:49:35,61.1200,127,1
2026-03-13,601318,14:49:38,61.1100,492,2
2026-03-13,601318,14:49:41,61.1100,31,1
2026-03-13,601318,14:49:44,61.1100,81,1
2026-03-13,601318,14:49:47,61.1100,131,1
2026-03-13,601318,14:49:50,61.1000,313,2
2026-03-13,601318,14:49:53,61.1000,122,2
2026-03-13,601318,14:49:56,61.1000,185,1
2026-03-13,601318,14:49:59,61.1000,167,1
2026-03-13,601318,14:50:02,61.1100,292,1
2026-03-13,601318,14:50:05,61.1100,13,1
2026-03-13,601318,14:50:08,61.1000,123,2
2026-03-13,601318,14:50:11,61.1200,206,1
2026-03-13,601318,14:50:14,61.1400,248,1
2026-03-13,601318,14:50:17,61.1500,162,1
2026-03-13,601318,14:50:20,61.1400,127,4
2026-03-13,601318,14:50:23,61.1400,231,2
2026-03-13,601318,14:50:26,61.1800,37,1
2026-03-13,601318,14:50:29,61.1700,73,1
2026-03-13,601318,14:50:32,61.1500,31,1
2026-03-13,601318,14:50:35,61.1700,94,1
2026-03-13,601318,14:50:38,61.1600,134,2
2026-03-13,601318,14:50:41,61.1600,46,2
2026-03-13,601318,14:50:44,61.1800,27,1
2026-03-13,601318,14:50:47,61.1800,55,1
2026-03-13,601318,14:50:50,61.1800,56,1
2026-03-13,601318,14:50:53,61.1800,51,1
2026-03-13,601318,14:50:56,61.1800,88,1
2026-03-13,601318,14:50:59,61.1800,63,1
2026-03-13,601318,14:51:02,61.1900,441,1
2026-03-13,601318,14:51:05,61.1800,132,4
2026-03-13,601318,14:51:08,61.1700,101,4
2026-03-13,601318,14:51:11,61.1700,47,1
2026-03-13,601318,14:51:14,61.1700,29,1
2026-03-13,601318,14:51:17,61.1700,40,1
2026-03-13,601318,14:51:20,61.1600,93,2
2026-03-13,601318,14:51:23,61.1700,32,1
2026-03-13,601318,14:51:26,61.1600,157,4
2026-03-13,601318,14:51:29,61.1700,112,1
2026-03-13,601318,14:51:32,61.1800,68,1
2026-03-13,601318,14:51:35,61.1800,47,1
2026-03-13,601318,14:51:38,61.1800,44,1
2026-03-13,601318,14:51:41,61.1700,59,1
2026-03-13,601318,14:51:44,61.1700,13,1
2026-03-13,601318,14:51:47,61.1600,99,2
2026-03-13,601318,14:51:50,61.1700,176,1
2026-03-13,601318,14:51:53,61.1700,25,1
2026-03-13,601318,14:51:56,61.1700,148,1
2026-03-13,601318,14:51:59,61.1700,144,1
2026-03-13,601318,14:52:02,61.1600,178,2
2026-03-13,601318,14:52:05,61.1700,191,1
2026-03-13,601318,14:52:08,61.1800,90,1
2026-03-13,601318,14:52:11,61.1700,66,2
2026-03-13,601318,14:52:14,61.1800,81,1
2026-03-13,601318,14:52:17,61.1800,115,1
2026-03-13,601318,14:52:20,61.1800,78,1
2026-03-13,601318,14:52:23,61.1700,219,2
2026-03-13,601318,14:52:26,61.1800,44,1
2026-03-13,601318,14:52:29,61.1800,174,1
2026-03-13,601318,14:52:32,61.1800,98,1
2026-03-13,601318,14:52:35,61.1900,152,1
2026-03-13,601318,14:52:38,61.2000,63,1
2026-03-13,601318,14:52:41,61.2000,79,1
2026-03-13,601318,14:52:44,61.2000,71,1
2026-03-13,601318,14:52:47,61.2000,24,1
2026-03-13,601318,14:52:50,61.2000,85,1
2026-03-13,601318,14:52:53,61.2000,93,1
2026-03-13,601318,14:52:56,61.2000,837,1
2026-03-13,601318,14:52:59,61.2100,8,2
2026-03-13,601318,14:53:02,61.2200,51,1
2026-03-13,601318,14:53:05,61.2100,96,4
2026-03-13,601318,14:53:08,61.2000,267,2
2026-03-13,601318,14:53:11,61.2000,84,1
2026-03-13,601318,14:53:14,61.2000,239,1
2026-03-13,601318,14:53:17,61.2000,47,1
2026-03-13,601318,14:53:20,61.2000,107,1
2026-03-13,601318,14:53:23,61.2000,76,1
2026-03-13,601318,14:53:26,61.2000,52,1
2026-03-13,601318,14:53:29,61.1900,204,2
2026-03-13,601318,14:53:32,61.1500,2080,2
2026-03-13,601318,14:53:35,61.1500,271,2
2026-03-13,601318,14:53:38,61.1400,67,2
2026-03-13,601318,14:53:41,61.1600,103,1
2026-03-13,601318,14:53:44,61.1500,326,2
2026-03-13,601318,14:53:47,61.1200,98,2
2026-03-13,601318,14:53:50,61.1500,87,1
2026-03-13,601318,14:53:53,61.1600,237,1
2026-03-13,601318,14:53:56,61.1400,57,2
2026-03-13,601318,14:53:59,61.1600,173,1
2026-03-13,601318,14:54:02,61.1600,58,2
2026-03-13,601318,14:54:05,61.1600,72,2
2026-03-13,601318,14:54:08,61.1600,108,2
2026-03-13,601318,14:54:11,61.1400,246,2
2026-03-13,601318,14:54:14,61.1500,187,1
2026-03-13,601318,14:54:17,61.1500,121,1
2026-03-13,601318,14:54:20,61.1500,66,1
2026-03-13,601318,14:54:23,61.1400,89,2
2026-03-13,601318,14:54:26,61.1500,72,1
2026-03-13,601318,14:54:29,61.1300,103,2
2026-03-13,601318,14:54:32,61.1500,71,1
2026-03-13,601318,14:54:35,61.1400,333,2
2026-03-13,601318,14:54:38,61.1500,110,1
2026-03-13,601318,14:54:41,61.1500,52,1
2026-03-13,601318,14:54:44,61.1300,386,2
2026-03-13,601318,14:54:47,61.1300,287,1
2026-03-13,601318,14:54:50,61.1500,338,1
2026-03-13,601318,14:54:53,61.1400,219,2
2026-03-13,601318,14:54:56,61.1500,148,1
2026-03-13,601318,14:54:59,61.1400,201,2
2026-03-13,601318,14:55:02,61.1400,122,1
2026-03-13,601318,14:55:05,61.1400,27,4
2026-03-13,601318,14:55:08,61.1700,140,1
2026-03-13,601318,14:55:11,61.1400,679,2
2026-03-13,601318,14:55:14,61.1600,38,1
2026-03-13,601318,14:55:17,61.1600,1,1
2026-03-13,601318,14:55:20,61.1500,66,2
2026-03-13,601318,14:55:23,61.1600,188,1
2026-03-13,601318,14:55:26,61.1600,112,2
2026-03-13,601318,14:55:29,61.1600,82,2
2026-03-13,601318,14:55:32,61.1700,181,1
2026-03-13,601318,14:55:35,61.1600,75,2
2026-03-13,601318,14:55:38,61.1700,75,1
2026-03-13,601318,14:55:41,61.1700,47,1
2026-03-13,601318,14:55:44,61.1600,539,2
2026-03-13,601318,14:55:47,61.1600,23,1
2026-03-13,601318,14:55:50,61.1600,53,2
2026-03-13,601318,14:55:53,61.1500,39,2
2026-03-13,601318,14:55:56,61.1600,142,1
2026-03-13,601318,14:55:59,61.1700,292,1
2026-03-13,601318,14:56:02,61.1600,154,2
2026-03-13,601318,14:56:05,61.1600,63,2
2026-03-13,601318,14:56:08,61.1500,77,2
2026-03-13,601318,14:56:11,61.1600,41,1
2026-03-13,601318,14:56:14,61.1600,625,2
2026-03-13,601318,14:56:17,61.1700,34,1
2026-03-13,601318,14:56:20,61.1600,260,2
2026-03-13,601318,14:56:23,61.1700,32,1
2026-03-13,601318,14:56:26,61.1800,132,1
2026-03-13,601318,14:56:29,61.1800,20,1
2026-03-13,601318,14:56:32,61.1800,28,1
2026-03-13,601318,14:56:35,61.1800,20,1
2026-03-13,601318,14:56:38,61.1800,89,1
2026-03-13,601318,14:56:41,61.1800,173,1
2026-03-13,601318,14:56:44,61.1800,46,1
2026-03-13,601318,14:56:47,61.2000,287,1
2026-03-13,601318,14:56:50,61.2000,75,1
2026-03-13,601318,14:56:53,61.2000,34,1
2026-03-13,601318,14:56:56,61.1800,175,2
2026-03-13,601318,14:56:59,61.1800,15,1
2026-03-13,601318,14:57:02,61.1800,2,4
2026-03-13,601318,15:00:02,61.2000,4778,4
2026-03-13,601318,13:16:08,61.7100,25,2
2026-03-13,601318,13:16:11,61.7100,21,2
2026-03-13,601318,13:16:14,61.7100,169,2
2026-03-13,601318,13:16:17,61.7100,47,2
2026-03-13,601318,13:16:20,61.7200,3,2
2026-03-13,601318,13:16:23,61.7100,23,2
2026-03-13,601318,13:16:26,61.7200,14,1
2026-03-13,601318,13:16:29,61.7100,19,2
2026-03-13,601318,13:16:32,61.7100,70,2
2026-03-13,601318,13:16:35,61.7100,5,2
2026-03-13,601318,13:16:38,61.7100,22,2
2026-03-13,601318,13:16:41,61.7100,8,2
2026-03-13,601318,13:16:44,61.7000,155,2
2026-03-13,601318,13:16:47,61.7000,26,2
2026-03-13,601318,13:16:50,61.7000,54,2
2026-03-13,601318,13:16:53,61.7000,26,2
2026-03-13,601318,13:16:56,61.7000,28,2
2026-03-13,601318,13:16:59,61.7000,144,2
2026-03-13,601318,13:17:02,61.7000,196,2
2026-03-13,601318,13:17:05,61.7000,255,2
2026-03-13,601318,13:17:08,61.6900,530,2
2026-03-13,601318,13:17:11,61.6300,118,2
2026-03-13,601318,13:17:14,61.6200,313,2
2026-03-13,601318,13:17:17,61.6200,13,2
2026-03-13,601318,13:17:20,61.6300,22,1
2026-03-13,601318,13:17:23,61.6000,18,2
2026-03-13,601318,13:17:26,61.6200,22,2
2026-03-13,601318,13:17:29,61.6200,37,2
2026-03-13,601318,13:17:32,61.6200,44,1
2026-03-13,601318,13:17:35,61.6000,98,2
2026-03-13,601318,13:17:38,61.6000,15,2
2026-03-13,601318,13:17:41,61.6000,97,1
2026-03-13,601318,13:17:44,61.6100,81,1
2026-03-13,601318,13:17:47,61.6100,12,4
2026-03-13,601318,13:17:50,61.6200,45,1
2026-03-13,601318,13:17:53,61.6000,42,2
2026-03-13,601318,13:17:56,61.6100,7,4
2026-03-13,601318,13:17:59,61.6000,22,2
2026-03-13,601318,13:18:02,61.6200,24,1
2026-03-13,601318,13:18:05,61.6100,7,2
2026-03-13,601318,13:18:08,61.6200,63,1
2026-03-13,601318,13:18:11,61.6100,5,2
2026-03-13,601318,13:18:14,61.6100,41,2
2026-03-13,601318,13:18:17,61.6100,108,1
2026-03-13,601318,13:18:20,61.6100,29,1
2026-03-13,601318,13:18:23,61.6100,82,1
2026-03-13,601318,13:18:26,61.6100,17,2
2026-03-13,601318,13:18:29,61.6200,12,1
2026-03-13,601318,13:18:32,61.6200,42,1
2026-03-13,601318,13:18:35,61.6100,50,2
2026-03-13,601318,13:18:38,61.6100,84,1
2026-03-13,601318,13:18:41,61.6100,66,1
2026-03-13,601318,13:18:44,61.6100,6,2
2026-03-13,601318,13:18:47,61.6000,1,2
2026-03-13,601318,13:18:50,61.6000,94,2
2026-03-13,601318,13:18:53,61.6000,46,2
2026-03-13,601318,13:18:56,61.6000,16,2
2026-03-13,601318,13:18:59,61.6100,37,1
2026-03-13,601318,13:19:02,61.6100,9,1
2026-03-13,601318,13:19:05,61.6100,1,1
2026-03-13,601318,13:19:08,61.6100,5,1
2026-03-13,601318,13:19:11,61.6100,4,1
2026-03-13,601318,13:19:14,61.6000,29,2
2026-03-13,601318,13:19:17,61.6100,98,1
2026-03-13,601318,13:19:20,61.6100,111,1
2026-03-13,601318,13:19:23,61.6200,56,1
2026-03-13,601318,13:19:29,61.6200,3,1
2026-03-13,601318,13:19:35,61.6200,69,1
2026-03-13,601318,13:19:38,61.6100,3,2
2026-03-13,601318,13:19:41,61.6100,75,2
2026-03-13,601318,13:19:44,61.6100,7,1
2026-03-13,601318,13:19:47,61.6100,4,1
2026-03-13,601318,13:19:50,61.6000,90,2
2026-03-13,601318,13:19:53,61.6100,51,1
2026-03-13,601318,13:19:56,61.6100,45,2
2026-03-13,601318,13:19:59,61.6100,15,1
2026-03-13,601318,13:20:02,61.6100,47,1
2026-03-13,601318,13:20:05,61.6100,2,1
2026-03-13,601318,13:20:08,61.6100,20,1
2026-03-13,601318,13:20:11,61.6100,76,1
2026-03-13,601318,13:20:14,61.6100,15,1
2026-03-13,601318,13:20:17,61.6000,14,2
2026-03-13,601318,13:20:20,61.6100,7,1
2026-03-13,601318,13:20:23,61.6000,64,2
2026-03-13,601318,13:20:26,61.6000,163,2
2026-03-13,601318,13:20:29,61.5900,43,2
2026-03-13,601318,13:20:35,61.5800,197,2
2026-03-13,601318,13:20:38,61.5900,191,1
2026-03-13,601318,13:20:41,61.5900,12,2
2026-03-13,601318,13:20:44,61.5800,16,2
2026-03-13,601318,13:20:47,61.5800,8,2
2026-03-13,601318,13:20:50,61.5600,176,2
2026-03-13,601318,13:20:53,61.5600,49,2
2026-03-13,601318,13:20:56,61.5800,48,4
2026-03-13,601318,13:20:59,61.5600,28,2
2026-03-13,601318,13:21:02,61.5800,1,1
2026-03-13,601318,13:21:05,61.5600,9,2
2026-03-13,601318,13:21:08,61.5600,57,2
2026-03-13,601318,13:21:11,61.5800,57,1
2026-03-13,601318,13:21:14,61.5700,41,2
2026-03-13,601318,13:21:17,61.5700,33,2
2026-03-13,601318,13:21:20,61.5700,27,1
2026-03-13,601318,13:21:23,61.5800,29,1
2026-03-13,601318,13:21:26,61.5700,23,1
2026-03-13,601318,13:21:29,61.5700,6,1
2026-03-13,601318,13:21:32,61.5600,45,2
2026-03-13,601318,13:21:35,61.5700,57,1
2026-03-13,601318,13:21:38,61.5800,16,1
2026-03-13,601318,13:21:41,61.5800,4,1
2026-03-13,601318,13:21:44,61.5700,2,2
2026-03-13,601318,13:21:47,61.5700,46,2
2026-03-13,601318,13:21:50,61.5700,3,2
2026-03-13,601318,13:21:53,61.5700,82,2
2026-03-13,601318,13:21:56,61.5800,1,1
2026-03-13,601318,13:22:02,61.5800,5,1
2026-03-13,601318,13:22:05,61.5600,37,2
2026-03-13,601318,13:22:08,61.5800,91,1
2026-03-13,601318,13:22:11,61.5700,28,2
2026-03-13,601318,13:22:14,61.5700,15,2
2026-03-13,601318,13:22:17,61.5700,14,2
2026-03-13,601318,13:22:20,61.5600,7,2
2026-03-13,601318,13:22:23,61.5700,66,1
2026-03-13,601318,13:22:26,61.5700,20,2
2026-03-13,601318,13:22:29,61.5600,349,2
2026-03-13,601318,13:22:32,61.5500,277,2
2026-03-13,601318,13:22:35,61.5500,183,1
2026-03-13,601318,13:22:38,61.5300,62,2
2026-03-13,601318,13:22:41,61.5400,45,1
2026-03-13,601318,13:22:44,61.5400,9,1
2026-03-13,601318,13:22:47,61.5300,10,2
2026-03-13,601318,13:22:50,61.5400,6,1
2026-03-13,601318,13:22:53,61.5300,88,2
2026-03-13,601318,13:22:56,61.5500,9,1
2026-03-13,601318,13:22:59,61.5400,59,2
2026-03-13,601318,13:23:02,61.5700,73,1
2026-03-13,601318,13:23:05,61.5600,24,2
2026-03-13,601318,13:23:08,61.5600,22,2
2026-03-13,601318,13:23:11,61.5700,33,1
2026-03-13,601318,13:23:14,61.5600,32,2
2026-03-13,601318,13:23:17,61.5700,2,1
2026-03-13,601318,13:23:20,61.5600,7,2
2026-03-13,601318,13:23:23,61.5700,55,1
2026-03-13,601318,13:23:26,61.5700,62,1
2026-03-13,601318,13:23:29,61.5800,10,1
2026-03-13,601318,13:23:32,61.5700,21,2
2026-03-13,601318,13:23:35,61.5800,33,1
2026-03-13,601318,13:23:38,61.5800,13,1
2026-03-13,601318,13:23:41,61.5800,11,1
2026-03-13,601318,13:23:44,61.5800,356,1
2026-03-13,601318,13:23:47,61.5800,3,1
2026-03-13,601318,13:23:50,61.5900,7,1
2026-03-13,601318,13:23:53,61.5800,80,2
2026-03-13,601318,13:23:56,61.5800,15,2
2026-03-13,601318,13:23:59,61.5800,53,2
2026-03-13,601318,13:24:02,61.5800,23,1
2026-03-13,601318,13:24:05,61.5800,15,1
2026-03-13,601318,13:24:08,61.5800,5,1
2026-03-13,601318,13:24:11,61.5800,1,1
2026-03-13,601318,13:24:14,61.5800,25,1
2026-03-13,601318,13:24:17,61.5800,61,1
2026-03-13,601318,13:24:20,61.5800,44,1
2026-03-13,601318,13:24:23,61.5800,20,1
2026-03-13,601318,13:24:26,61.5800,43,1
2026-03-13,601318,13:24:29,61.5800,328,1
2026-03-13,601318,13:24:32,61.5800,58,2
2026-03-13,601318,13:24:35,61.5800,20,2
2026-03-13,601318,13:24:38,61.5800,4,1
2026-03-13,601318,13:24:41,61.5800,22,1
2026-03-13,601318,13:24:44,61.5800,11,1
2026-03-13,601318,13:24:47,61.5800,80,1
2026-03-13,601318,13:24:50,61.5700,56,2
2026-03-13,601318,13:24:53,61.5700,19,2
2026-03-13,601318,13:24:56,61.5700,32,2
2026-03-13,601318,13:24:59,61.5800,56,1
2026-03-13,601318,13:25:02,61.5700,23,2
2026-03-13,601318,13:25:05,61.5600,36,2
2026-03-13,601318,13:25:08,61.5600,60,2
2026-03-13,601318,13:25:11,61.5600,16,2
2026-03-13,601318,13:25:14,61.5600,22,2
2026-03-13,601318,13:25:17,61.5600,60,1
2026-03-13,601318,13:25:20,61.5700,14,1
2026-03-13,601318,13:25:23,61.5600,29,2
2026-03-13,601318,13:25:26,61.5700,105,1
2026-03-13,601318,13:25:29,61.5700,99,1
2026-03-13,601318,13:25:32,61.5800,30,1
2026-03-13,601318,13:25:35,61.5800,7,2
2026-03-13,601318,13:25:38,61.5800,30,2
2026-03-13,601318,13:25:41,61.5800,65,1
2026-03-13,601318,13:25:44,61.5700,23,2
2026-03-13,601318,13:25:47,61.5700,14,1
2026-03-13,601318,13:25:50,61.5600,8,2
2026-03-13,601318,13:25:53,61.5600,35,2
2026-03-13,601318,13:25:56,61.5600,123,2
2026-03-13,601318,13:25:59,61.5600,36,1
2026-03-13,601318,13:26:02,61.5500,81,2
2026-03-13,601318,13:26:05,61.5500,44,2
2026-03-13,601318,13:26:08,61.5600,31,1
2026-03-13,601318,13:26:11,61.5500,41,2
2026-03-13,601318,13:26:14,61.5600,26,1
2026-03-13,601318,13:26:17,61.5500,38,2
2026-03-13,601318,13:26:20,61.5500,21,2
2026-03-13,601318,13:26:23,61.5600,13,1
2026-03-13,601318,13:26:26,61.5600,23,1
2026-03-13,601318,13:26:29,61.5500,24,2
2026-03-13,601318,13:26:32,61.5500,75,2
2026-03-13,601318,13:26:35,61.5600,12,4
2026-03-13,601318,13:26:41,61.5700,106,1
2026-03-13,601318,13:26:44,61.5700,1,2
2026-03-13,601318,13:26:47,61.5700,5,1
2026-03-13,601318,13:26:50,61.5700,85,1
2026-03-13,601318,13:26:53,61.5600,338,2
2026-03-13,601318,13:26:59,61.5600,2,1
2026-03-13,601318,13:27:02,61.5600,73,1
2026-03-13,601318,13:27:05,61.5700,1,1
2026-03-13,601318,13:27:08,61.5700,59,1
2026-03-13,601318,13:27:11,61.5800,61,1
2026-03-13,601318,13:27:14,61.5700,13,2
2026-03-13,601318,13:27:17,61.5600,159,2
2026-03-13,601318,13:27:20,61.5700,125,4
2026-03-13,601318,13:27:23,61.5700,6,1
2026-03-13,601318,13:27:26,61.5700,1,1
2026-03-13,601318,13:27:29,61.5700,245,1
2026-03-13,601318,13:27:32,61.5700,15,1
2026-03-13,601318,13:27:35,61.5800,26,1
2026-03-13,601318,13:27:38,61.5700,1,2
2026-03-13,601318,13:27:41,61.5700,9,2
2026-03-13,601318,13:27:47,61.5700,34,1
2026-03-13,601318,13:27:50,61.5800,32,1
2026-03-13,601318,13:27:53,61.5800,22,1
2026-03-13,601318,13:27:56,61.5800,1,1
2026-03-13,601318,13:27:59,61.5700,19,2
2026-03-13,601318,13:28:02,61.5800,15,1
2026-03-13,601318,13:28:05,61.5700,34,2
2026-03-13,601318,13:28:08,61.5700,148,2
2026-03-13,601318,13:28:11,61.5600,19,2
2026-03-13,601318,13:28:14,61.5700,8,1
2026-03-13,601318,13:28:17,61.5700,10,1
2026-03-13,601318,13:28:20,61.5600,12,2
2026-03-13,601318,13:28:23,61.5600,12,2
2026-03-13,601318,13:28:26,61.5600,20,2
2026-03-13,601318,13:28:29,61.5700,308,1
2026-03-13,601318,13:28:32,61.5600,17,4
2026-03-13,601318,13:28:35,61.5500,50,2
2026-03-13,601318,13:28:38,61.5600,11,1
2026-03-13,601318,13:28:41,61.5600,3,1
2026-03-13,601318,13:28:44,61.5500,3,2
2026-03-13,601318,13:28:47,61.5600,3,1
2026-03-13,601318,13:28:50,61.5500,44,2
2026-03-13,601318,13:28:53,61.5600,80,1
2026-03-13,601318,13:28:56,61.5500,7,2
2026-03-13,601318,13:28:59,61.5600,47,1
2026-03-13,601318,13:29:02,61.5500,32,2
2026-03-13,601318,13:29:05,61.5500,31,4
2026-03-13,601318,13:29:08,61.5600,4,1
2026-03-13,601318,13:29:11,61.5600,6,1
2026-03-13,601318,13:29:14,61.5600,7,1
2026-03-13,601318,13:29:17,61.5500,14,2
2026-03-13,601318,13:29:20,61.5500,5,2
2026-03-13,601318,13:29:23,61.5500,53,2
2026-03-13,601318,13:29:26,61.5500,20,2
2026-03-13,601318,13:29:29,61.5600,52,1
2026-03-13,601318,13:29:32,61.5500,18,2
2026-03-13,601318,13:29:35,61.5500,100,2
2026-03-13,601318,13:29:38,61.5500,26,1
2026-03-13,601318,13:29:41,61.5400,3,2
2026-03-13,601318,13:29:44,61.5400,274,2
2026-03-13,601318,13:29:47,61.5400,10,1
2026-03-13,601318,13:29:50,61.5300,34,2
2026-03-13,601318,13:29:53,61.5300,21,2
2026-03-13,601318,13:29:56,61.5300,20,2
2026-03-13,601318,13:29:59,61.5400,5,1
2026-03-13,601318,13:30:02,61.5400,7,1
2026-03-13,601318,13:30:05,61.5300,11,2
2026-03-13,601318,13:30:08,61.5300,120,2
2026-03-13,601318,13:30:11,61.5200,25,2
2026-03-13,601318,13:30:17,61.5400,86,1
2026-03-13,601318,13:30:20,61.5400,32,4
2026-03-13,601318,13:30:23,61.5300,28,2
2026-03-13,601318,13:30:26,61.5400,18,1
2026-03-13,601318,13:30:29,61.5200,87,2
2026-03-13,601318,13:30:32,61.5300,46,1
2026-03-13,601318,13:30:38,61.5300,59,2
2026-03-13,601318,13:30:41,61.5300,10,1
2026-03-13,601318,13:30:44,61.5400,32,1
2026-03-13,601318,13:30:47,61.5300,1,4
2026-03-13,601318,13:30:50,61.5400,44,1
2026-03-13,601318,13:30:53,61.5400,8,1
2026-03-13,601318,13:30:56,61.5300,29,2
2026-03-13,601318,13:30:59,61.5200,171,2
2026-03-13,601318,13:31:02,61.5200,68,2
2026-03-13,601318,13:31:05,61.5300,30,1
2026-03-13,601318,13:31:08,61.5200,11,2
2026-03-13,601318,13:31:11,61.5300,8,1
2026-03-13,601318,13:31:14,61.5200,8,2
2026-03-13,601318,13:31:17,61.5200,31,2
2026-03-13,601318,13:31:20,61.5300,15,1
2026-03-13,601318,13:31:23,61.5300,14,4
2026-03-13,601318,13:31:26,61.5200,14,2
2026-03-13,601318,13:31:29,61.5400,22,1
2026-03-13,601318,13:31:32,61.5400,5,1
2026-03-13,601318,13:31:35,61.5200,14,2
2026-03-13,601318,13:31:38,61.5400,4,1
2026-03-13,601318,13:31:41,61.5300,13,2
2026-03-13,601318,13:31:44,61.5300,12,1
2026-03-13,601318,13:31:47,61.5300,86,1
2026-03-13,601318,13:31:50,61.5400,15,1
2026-03-13,601318,13:31:53,61.5300,7,2
2026-03-13,601318,13:31:56,61.5300,58,2
2026-03-13,601318,13:31:59,61.5300,25,1
2026-03-13,601318,13:32:02,61.5300,19,1
2026-03-13,601318,13:32:05,61.5300,23,2
2026-03-13,601318,13:32:08,61.5300,5,2
2026-03-13,601318,13:32:11,61.5400,1,1
2026-03-13,601318,13:32:14,61.5300,111,2
2026-03-13,601318,13:32:17,61.5300,43,2
2026-03-13,601318,13:32:20,61.5300,36,2
2026-03-13,601318,13:32:23,61.5300,26,1
2026-03-13,601318,13:32:26,61.5300,4,1
2026-03-13,601318,13:32:29,61.5300,178,1
2026-03-13,601318,13:32:32,61.5300,10,2
2026-03-13,601318,13:32:35,61.5400,96,1
2026-03-13,601318,13:32:38,61.5400,111,2
2026-03-13,601318,13:32:41,61.5500,6,1
2026-03-13,601318,13:32:47,61.5400,5,2
2026-03-13,601318,13:32:50,61.5400,1,2
2026-03-13,601318,13:32:53,61.5500,3,1
2026-03-13,601318,13:32:56,61.5400,9,2
2026-03-13,601318,13:32:59,61.5500,15,1
2026-03-13,601318,13:33:02,61.5400,15,2
2026-03-13,601318,13:33:05,61.5500,76,1
2026-03-13,601318,13:33:08,61.5500,40,1
2026-03-13,601318,13:33:11,61.5600,60,1
2026-03-13,601318,13:33:14,61.5600,37,1
2026-03-13,601318,13:33:17,61.5700,39,1
2026-03-13,601318,13:33:20,61.5600,7,2
2026-03-13,601318,13:33:23,61.5700,21,4
2026-03-13,601318,13:33:26,61.5800,2,1
2026-03-13,601318,13:33:29,61.5800,31,1
2026-03-13,601318,13:33:32,61.5700,127,4
2026-03-13,601318,13:33:35,61.5600,5,4
2026-03-13,601318,13:33:38,61.5600,12,2
2026-03-13,601318,13:33:41,61.5600,10,2
2026-03-13,601318,13:33:44,61.5600,7,2
2026-03-13,601318,13:33:50,61.5600,4,2
2026-03-13,601318,13:33:53,61.5600,41,2
2026-03-13,601318,13:33:56,61.5600,31,2
2026-03-13,601318,13:33:59,61.5600,119,1
2026-03-13,601318,13:34:02,61.5700,85,1
2026-03-13,601318,13:34:11,61.5900,35,1
2026-03-13,601318,13:34:14,61.5800,4,2
2026-03-13,601318,13:34:17,61.5900,2,1
2026-03-13,601318,13:34:20,61.5900,8,1
2026-03-13,601318,13:34:23,61.5700,155,2
2026-03-13,601318,13:34:26,61.5600,11,2
2026-03-13,601318,13:34:29,61.5800,86,1
2026-03-13,601318,13:34:32,61.5800,89,2
2026-03-13,601318,13:34:35,61.5600,14,2
2026-03-13,601318,13:34:38,61.5700,78,1
2026-03-13,601318,13:34:41,61.5700,24,2
2026-03-13,601318,13:34:44,61.5700,22,1
2026-03-13,601318,13:34:47,61.5600,11,2
2026-03-13,601318,13:34:50,61.5700,22,2
2026-03-13,601318,13:34:53,61.5800,24,1
2026-03-13,601318,13:34:56,61.5700,30,2
2026-03-13,601318,13:34:59,61.5700,32,2
2026-03-13,601318,13:35:02,61.5700,8,2
2026-03-13,601318,13:35:05,61.5600,27,2
2026-03-13,601318,13:35:08,61.5600,15,2
2026-03-13,601318,13:35:11,61.5600,18,2
2026-03-13,601318,13:35:14,61.5600,25,2
2026-03-13,601318,13:35:17,61.5700,10,1
2026-03-13,601318,13:35:20,61.5700,17,1
2026-03-13,601318,13:35:23,61.5600,11,2
2026-03-13,601318,13:35:26,61.5600,79,2
2026-03-13,601318,13:35:29,61.5600,10,2
2026-03-13,601318,13:35:32,61.5600,1,2
2026-03-13,601318,13:35:35,61.5600,24,2
2026-03-13,601318,13:35:38,61.5700,6,1
2026-03-13,601318,13:35:41,61.5700,4,1
2026-03-13,601318,13:35:44,61.5600,55,2
2026-03-13,601318,13:35:47,61.5700,14,1
2026-03-13,601318,13:35:50,61.5700,1,1
2026-03-13,601318,13:35:56,61.5600,19,2
2026-03-13,601318,13:35:59,61.5700,10,1
2026-03-13,601318,13:36:02,61.5700,17,1
2026-03-13,601318,13:36:05,61.5700,34,1
2026-03-13,601318,13:36:08,61.5600,19,2
2026-03-13,601318,13:36:11,61.5700,23,1
2026-03-13,601318,13:36:14,61.5600,61,2
2026-03-13,601318,13:36:17,61.5600,12,2
2026-03-13,601318,13:36:20,61.5600,13,2
2026-03-13,601318,13:36:23,61.5600,24,2
2026-03-13,601318,13:36:26,61.5600,11,2
2026-03-13,601318,13:36:29,61.5700,80,1
2026-03-13,601318,13:36:32,61.5600,107,2
2026-03-13,601318,13:36:35,61.5800,3,1
2026-03-13,601318,13:36:38,61.5700,1,2
2026-03-13,601318,13:36:41,61.5700,8,2
2026-03-13,601318,13:36:44,61.5700,24,2
2026-03-13,601318,13:36:47,61.5700,6,2
2026-03-13,601318,13:36:50,61.5900,76,1
2026-03-13,601318,13:36:53,61.5800,120,2
2026-03-13,601318,13:36:56,61.5900,2,1
2026-03-13,601318,13:36:59,61.5900,5,1
2026-03-13,601318,13:37:02,61.5900,15,1
2026-03-13,601318,13:37:08,61.5900,6,1
2026-03-13,601318,13:37:11,61.5900,13,1
2026-03-13,601318,13:37:14,61.5800,36,2
2026-03-13,601318,13:37:17,61.5900,8,1
2026-03-13,601318,13:37:20,61.5900,1,1
2026-03-13,601318,13:37:23,61.5800,29,2
2026-03-13,601318,13:37:26,61.5900,47,1
2026-03-13,601318,13:37:29,61.5900,18,1
2026-03-13,601318,13:37:32,61.5900,14,1
2026-03-13,601318,13:37:35,61.5900,26,1
2026-03-13,601318,13:37:38,61.6000,76,1
2026-03-13,601318,13:37:41,61.6000,42,1
2026-03-13,601318,13:37:44,61.6000,18,2
2026-03-13,601318,13:37:47,61.6100,24,1
2026-03-13,601318,13:37:50,61.6100,21,1
2026-03-13,601318,13:37:53,61.6000,23,2
2026-03-13,601318,13:37:56,61.6100,12,1
2026-03-13,601318,13:37:59,61.6000,1,2
2026-03-13,601318,13:38:02,61.6100,8,1
2026-03-13,601318,13:38:05,61.6100,21,1
2026-03-13,601318,13:38:08,61.6100,18,1
2026-03-13,601318,13:38:11,61.6200,93,1
2026-03-13,601318,13:38:14,61.6000,49,2
2026-03-13,601318,13:38:17,61.6100,9,4
2026-03-13,601318,13:38:20,61.6100,153,2
2026-03-13,601318,13:38:23,61.6100,19,1
2026-03-13,601318,13:38:26,61.6100,68,4
2026-03-13,601318,13:38:29,61.6000,129,1
2026-03-13,601318,13:38:32,61.5800,49,2
2026-03-13,601318,13:38:35,61.5900,125,1
2026-03-13,601318,13:38:38,61.5800,56,2
2026-03-13,601318,13:38:41,61.6000,17,1
2026-03-13,601318,13:38:44,61.5700,70,2
2026-03-13,601318,13:38:47,61.5700,8,2
2026-03-13,601318,13:38:50,61.6100,94,1
2026-03-13,601318,13:38:53,61.5700,3,2
2026-03-13,601318,13:38:56,61.5900,10,1
2026-03-13,601318,13:38:59,61.6100,30,1
2026-03-13,601318,13:39:02,61.6000,2,1
2026-03-13,601318,13:39:05,61.6000,28,1
2026-03-13,601318,13:39:08,61.6000,11,1
2026-03-13,601318,13:39:11,61.6000,8,2
2026-03-13,601318,13:39:14,61.6000,15,1
2026-03-13,601318,13:39:17,61.5900,38,2
2026-03-13,601318,13:39:20,61.5900,36,1
2026-03-13,601318,13:39:23,61.5900,12,2
2026-03-13,601318,13:39:26,61.5900,13,2
2026-03-13,601318,13:39:29,61.5800,29,2
2026-03-13,601318,13:39:32,61.5800,23,2
2026-03-13,601318,13:39:35,61.5900,7,1
2026-03-13,601318,13:39:38,61.5900,26,1
2026-03-13,601318,13:39:41,61.5900,7,1
2026-03-13,601318,13:39:44,61.5800,33,2
2026-03-13,601318,13:39:47,61.5900,21,1
2026-03-13,601318,13:39:50,61.5800,11,2
2026-03-13,601318,13:39:53,61.5900,33,1
2026-03-13,601318,13:39:56,61.5900,102,1
2026-03-13,601318,13:39:59,61.5800,25,2
2026-03-13,601318,13:40:02,61.5900,32,2
2026-03-13,601318,13:40:05,61.5900,22,1
2026-03-13,601318,13:40:08,61.5800,13,2
2026-03-13,601318,13:40:11,61.5900,14,1
2026-03-13,601318,13:40:14,61.5900,2,1
2026-03-13,601318,13:40:17,61.5800,16,2
2026-03-13,601318,13:40:20,61.5800,22,2
2026-03-13,601318,13:40:23,61.5800,86,2
2026-03-13,601318,13:40:26,61.5900,44,1
2026-03-13,601318,13:40:29,61.5800,3,2
2026-03-13,601318,13:40:32,61.5900,5,1
2026-03-13,601318,13:40:35,61.5800,4,2
2026-03-13,601318,13:40:38,61.5900,7,1
2026-03-13,601318,13:40:41,61.5800,3,2
2026-03-13,601318,13:40:44,61.5900,21,1
2026-03-13,601318,13:40:47,61.5900,25,1
2026-03-13,601318,13:40:50,61.5900,14,1
2026-03-13,601318,13:40:53,61.5800,54,2
2026-03-13,601318,13:40:56,61.5900,17,1
2026-03-13,601318,13:40:59,61.5800,23,2
2026-03-13,601318,13:41:02,61.5800,3,2
2026-03-13,601318,13:41:05,61.5800,5,2
2026-03-13,601318,13:41:08,61.5800,10,2
2026-03-13,601318,13:41:11,61.5800,17,2
2026-03-13,601318,13:41:14,61.5800,43,2
2026-03-13,601318,13:41:17,61.5800,75,2
2026-03-13,601318,13:41:20,61.5800,66,1
2026-03-13,601318,13:41:23,61.5700,8,2
2026-03-13,601318,13:41:26,61.5800,11,2
2026-03-13,601318,13:41:29,61.5800,4,2
2026-03-13,601318,13:41:32,61.5900,13,1
2026-03-13,601318,13:41:35,61.5800,23,2
2026-03-13,601318,13:41:38,61.5800,12,1
2026-03-13,601318,13:41:41,61.5700,52,2
2026-03-13,601318,13:41:44,61.5700,37,2
2026-03-13,601318,13:41:47,61.5700,4,2
2026-03-13,601318,13:41:50,61.5800,9,1
2026-03-13,601318,13:41:53,61.5700,34,2
2026-03-13,601318,13:41:56,61.5700,6,2
2026-03-13,601318,13:41:59,61.5800,64,1
2026-03-13,601318,13:42:02,61.5800,10,1
2026-03-13,601318,13:42:05,61.5900,8,1
2026-03-13,601318,13:42:08,61.5800,16,2
2026-03-13,601318,13:42:11,61.5800,220,2
2026-03-13,601318,13:42:14,61.6000,114,1
2026-03-13,601318,13:42:17,61.6000,4,2
2026-03-13,601318,13:42:20,61.6100,50,1
2026-03-13,601318,13:42:23,61.5900,32,2
2026-03-13,601318,13:42:26,61.6000,13,1
2026-03-13,601318,13:42:29,61.5900,4,1
2026-03-13,601318,13:42:32,61.5900,21,1
2026-03-13,601318,13:42:35,61.5900,7,1
2026-03-13,601318,13:42:38,61.5800,48,2
2026-03-13,601318,13:42:44,61.5800,66,2
2026-03-13,601318,13:42:47,61.5800,25,2
2026-03-13,601318,13:42:50,61.5800,16,2
2026-03-13,601318,13:42:53,61.5900,11,1
2026-03-13,601318,13:42:56,61.5900,14,1
2026-03-13,601318,13:42:59,61.5800,12,2
2026-03-13,601318,13:43:02,61.5800,1,2
2026-03-13,601318,13:43:05,61.5800,13,2
2026-03-13,601318,13:43:08,61.5800,17,2
2026-03-13,601318,13:43:11,61.5900,44,1
2026-03-13,601318,13:43:14,61.5800,7,2
2026-03-13,601318,13:43:17,61.5800,16,2
2026-03-13,601318,13:43:20,61.5800,30,2
2026-03-13,601318,13:43:23,61.5800,64,2
2026-03-13,601318,13:43:26,61.5800,23,2
2026-03-13,601318,13:43:29,61.5800,17,2
2026-03-13,601318,13:43:32,61.5800,14,2
2026-03-13,601318,13:43:35,61.5800,22,2
2026-03-13,601318,13:43:38,61.5800,26,2
2026-03-13,601318,13:43:41,61.5900,11,1
2026-03-13,601318,13:43:44,61.5800,11,2
2026-03-13,601318,13:43:47,61.5800,15,2
2026-03-13,601318,13:43:50,61.5900,17,1
2026-03-13,601318,13:43:53,61.5800,47,2
2026-03-13,601318,13:43:56,61.5700,27,2
2026-03-13,601318,13:43:59,61.5800,15,1
2026-03-13,601318,13:44:02,61.5700,57,2
2026-03-13,601318,13:44:05,61.5700,42,1
2026-03-13,601318,13:44:08,61.5600,9,2
2026-03-13,601318,13:44:11,61.5600,83,2
2026-03-13,601318,13:44:14,61.5600,88,2
2026-03-13,601318,13:44:17,61.5500,25,2
2026-03-13,601318,13:44:20,61.5500,53,2
2026-03-13,601318,13:44:23,61.5500,67,2
2026-03-13,601318,13:44:26,61.5500,12,2
2026-03-13,601318,13:44:29,61.5600,19,1
2026-03-13,601318,13:44:32,61.5600,23,1
2026-03-13,601318,13:44:35,61.5500,24,2
2026-03-13,601318,13:44:38,61.5500,16,2
2026-03-13,601318,13:44:41,61.5500,57,2
2026-03-13,601318,13:44:44,61.5500,39,2
2026-03-13,601318,13:44:47,61.5400,43,2
2026-03-13,601318,13:44:50,61.5400,46,2
2026-03-13,601318,13:44:53,61.5300,10,2
2026-03-13,601318,13:44:56,61.5400,24,1
2026-03-13,601318,13:44:59,61.5400,15,1
2026-03-13,601318,13:45:02,61.5400,56,1
2026-03-13,601318,13:45:05,61.5300,10,2
2026-03-13,601318,13:45:08,61.5400,13,1
2026-03-13,601318,13:45:11,61.5300,29,2
2026-03-13,601318,13:45:14,61.5300,18,2
2026-03-13,601318,13:45:17,61.5300,21,2
2026-03-13,601318,13:45:20,61.5300,39,2
2026-03-13,601318,13:45:23,61.5400,48,1
2026-03-13,601318,13:45:26,61.5300,17,2
2026-03-13,601318,13:45:29,61.5400,2,1
2026-03-13,601318,13:45:32,61.5300,35,2
2026-03-13,601318,13:45:35,61.5300,22,2
2026-03-13,601318,13:45:38,61.5300,16,2
2026-03-13,601318,13:45:41,61.5400,38,1
2026-03-13,601318,13:45:44,61.5300,13,2
2026-03-13,601318,13:45:47,61.5300,30,2
2026-03-13,601318,13:45:50,61.5400,70,1
2026-03-13,601318,13:45:53,61.5400,40,1
2026-03-13,601318,13:45:56,61.5300,29,2
2026-03-13,601318,13:45:59,61.5300,3,2
2026-03-13,601318,13:46:02,61.5400,20,1
2026-03-13,601318,13:46:05,61.5400,33,1
2026-03-13,601318,13:46:08,61.5400,6,4
2026-03-13,601318,13:46:11,61.5400,25,1
2026-03-13,601318,13:46:14,61.5400,12,1
2026-03-13,601318,13:46:17,61.5400,20,1
2026-03-13,601318,13:46:20,61.5500,21,1
2026-03-13,601318,13:46:23,61.5500,5,1
2026-03-13,601318,13:46:26,61.5400,11,2
2026-03-13,601318,13:46:29,61.5400,36,2
2026-03-13,601318,13:46:32,61.5400,27,2
2026-03-13,601318,13:46:38,61.5500,10,1
2026-03-13,601318,13:46:41,61.5400,31,2
2026-03-13,601318,13:46:44,61.5400,78,2
2026-03-13,601318,13:46:47,61.5400,21,1
2026-03-13,601318,13:46:50,61.5400,18,1
2026-03-13,601318,13:46:53,61.5400,55,1
2026-03-13,601318,13:46:56,61.5300,89,2
2026-03-13,601318,13:46:59,61.5300,53,2
2026-03-13,601318,13:47:02,61.5300,53,2
2026-03-13,601318,13:47:05,61.5300,120,2
2026-03-13,601318,13:47:08,61.5300,131,2
2026-03-13,601318,13:47:11,61.5400,131,1
2026-03-13,601318,13:47:14,61.5300,25,2
2026-03-13,601318,13:47:17,61.5300,59,2
2026-03-13,601318,13:47:20,61.5300,34,2
2026-03-13,601318,13:47:23,61.5400,88,1
2026-03-13,601318,13:47:26,61.5200,375,2
2026-03-13,601318,13:47:29,61.5200,99,2
2026-03-13,601318,13:47:32,61.5300,75,1
2026-03-13,601318,13:47:35,61.5200,79,2
2026-03-13,601318,13:47:38,61.5200,46,2
2026-03-13,601318,13:47:41,61.5200,34,2
2026-03-13,601318,13:47:44,61.5200,14,2
2026-03-13,601318,13:47:47,61.5300,16,1
2026-03-13,601318,13:47:50,61.5200,17,2
2026-03-13,601318,13:47:53,61.5200,83,2
2026-03-13,601318,13:47:56,61.5200,48,2
2026-03-13,601318,13:47:59,61.5200,28,2
2026-03-13,601318,13:48:02,61.5200,26,2
2026-03-13,601318,13:48:05,61.5200,98,2
2026-03-13,601318,13:48:08,61.5300,58,1
2026-03-13,601318,13:48:11,61.5200,218,2
2026-03-13,601318,13:48:14,61.5200,63,2
2026-03-13,601318,13:48:17,61.5100,28,2
2026-03-13,601318,13:48:20,61.5100,99,2
2026-03-13,601318,13:48:23,61.5100,47,2
2026-03-13,601318,13:48:26,61.5200,20,1
2026-03-13,601318,13:48:29,61.5200,26,1
2026-03-13,601318,13:48:32,61.5100,104,2
2026-03-13,601318,13:48:35,61.5100,31,2
2026-03-13,601318,13:48:38,61.5100,24,2
2026-03-13,601318,13:48:41,61.5100,117,2
2026-03-13,601318,13:48:44,61.5100,14,2
2026-03-13,601318,13:48:47,61.5100,25,2
2026-03-13,601318,13:48:50,61.5100,20,2
2026-03-13,601318,13:48:53,61.5100,6,2
2026-03-13,601318,13:48:56,61.5200,379,1
2026-03-13,601318,13:48:59,61.5100,65,2
2026-03-13,601318,13:49:02,61.5200,40,1
2026-03-13,601318,13:49:05,61.5200,49,1
2026-03-13,601318,13:49:08,61.5200,39,1
2026-03-13,601318,13:49:11,61.5200,58,1
2026-03-13,601318,13:49:14,61.5100,29,2
2026-03-13,601318,13:49:17,61.5100,57,2
2026-03-13,601318,13:49:20,61.5200,6,1
2026-03-13,601318,13:49:23,61.5100,11,2
2026-03-13,601318,13:49:26,61.5200,59,1
2026-03-13,601318,13:49:29,61.5100,25,2
2026-03-13,601318,13:49:32,61.5200,64,1
2026-03-13,601318,13:49:35,61.5300,21,1
2026-03-13,601318,13:49:38,61.5200,12,2
2026-03-13,601318,13:49:41,61.5200,40,2
2026-03-13,601318,13:49:44,61.5200,19,2
2026-03-13,601318,13:49:47,61.5200,13,2
2026-03-13,601318,13:49:50,61.5200,26,2
2026-03-13,601318,13:49:53,61.5200,5,1
2026-03-13,601318,13:49:56,61.5200,17,1
2026-03-13,601318,13:50:02,61.5100,53,2
2026-03-13,601318,13:50:05,61.5200,29,1
2026-03-13,601318,13:50:08,61.5100,15,2
2026-03-13,601318,13:50:11,61.5200,18,1
2026-03-13,601318,13:50:14,61.5200,39,1
2026-03-13,601318,13:50:17,61.5100,5,2
2026-03-13,601318,13:50:20,61.5200,29,1
2026-03-13,601318,13:50:23,61.5100,64,2
2026-03-13,601318,13:50:26,61.5100,57,2
2026-03-13,601318,13:50:29,61.5200,29,1
2026-03-13,601318,13:50:32,61.5100,28,2
2026-03-13,601318,13:50:35,61.5100,23,2
2026-03-13,601318,13:50:38,61.5100,29,2
2026-03-13,601318,13:50:41,61.5100,242,2
2026-03-13,601318,13:50:44,61.5300,32,1
2026-03-13,601318,13:50:47,61.5200,12,2
2026-03-13,601318,13:50:50,61.5200,99,2
2026-03-13,601318,13:50:53,61.5200,13,1
2026-03-13,601318,13:50:56,61.5100,43,2
2026-03-13,601318,13:50:59,61.5200,310,1
2026-03-13,601318,13:51:02,61.5100,170,2
2026-03-13,601318,13:51:05,61.5000,114,2
2026-03-13,601318,13:51:08,61.5100,42,1
2026-03-13,601318,13:51:11,61.5000,11,2
2026-03-13,601318,13:51:14,61.5000,59,2
2026-03-13,601318,13:51:17,61.5000,4,2
2026-03-13,601318,13:51:20,61.5000,2,2
2026-03-13,601318,13:51:23,61.5000,74,2
2026-03-13,601318,13:51:26,61.5000,24,2
2026-03-13,601318,13:51:29,61.5000,32,2
2026-03-13,601318,13:51:32,61.5100,9,1
2026-03-13,601318,13:51:35,61.5100,31,1
2026-03-13,601318,13:51:38,61.5000,114,2
2026-03-13,601318,13:51:41,61.5100,32,1
2026-03-13,601318,13:51:44,61.5000,155,2
2026-03-13,601318,13:51:47,61.5000,51,2
2026-03-13,601318,13:51:50,61.5000,34,2
2026-03-13,601318,13:51:53,61.5100,44,1
2026-03-13,601318,13:51:56,61.5000,20,2
2026-03-13,601318,13:51:59,61.5000,26,2
2026-03-13,601318,13:52:02,61.5000,10,2
2026-03-13,601318,13:52:05,61.5100,45,1
2026-03-13,601318,13:52:08,61.5100,12,1
2026-03-13,601318,13:52:11,61.5000,10,2
2026-03-13,601318,13:52:14,61.5000,63,2
2026-03-13,601318,13:52:17,61.5000,13,2
2026-03-13,601318,13:52:20,61.5000,11,2
2026-03-13,601318,13:52:23,61.5000,40,2
2026-03-13,601318,13:52:26,61.5100,24,1
2026-03-13,601318,13:52:29,61.5000,31,2
2026-03-13,601318,13:52:32,61.5100,26,1
2026-03-13,601318,13:52:35,61.5000,41,2
2026-03-13,601318,13:52:38,61.5100,27,1
2026-03-13,601318,13:52:41,61.5000,21,2
2026-03-13,601318,13:52:44,61.5000,23,2
2026-03-13,601318,13:52:47,61.5000,5,2
2026-03-13,601318,13:52:50,61.5100,31,1
2026-03-13,601318,13:52:53,61.5100,47,1
2026-03-13,601318,13:52:56,61.5100,31,1
2026-03-13,601318,13:52:59,61.5000,5,2
2026-03-13,601318,13:53:02,61.5000,3,2
2026-03-13,601318,13:53:05,61.5100,5,1
2026-03-13,601318,13:53:08,61.5000,18,2
2026-03-13,601318,13:53:11,61.5000,31,2
2026-03-13,601318,13:53:14,61.5000,19,2
2026-03-13,601318,13:53:17,61.5100,25,1
2026-03-13,601318,13:53:20,61.5100,18,1
2026-03-13,601318,13:53:23,61.5100,27,1
2026-03-13,601318,13:53:26,61.5100,87,1
2026-03-13,601318,13:53:29,61.5000,20,2
2026-03-13,601318,13:53:32,61.5100,22,1
2026-03-13,601318,13:53:35,61.5000,13,2
2026-03-13,601318,13:53:38,61.5100,10,1
2026-03-13,601318,13:53:41,61.5000,71,2
2026-03-13,601318,13:53:44,61.5100,27,1
2026-03-13,601318,13:53:47,61.5000,11,2
2026-03-13,601318,13:53:50,61.5000,19,2
2026-03-13,601318,13:53:53,61.5000,19,2
2026-03-13,601318,13:53:56,61.5100,336,1
2026-03-13,601318,13:53:59,61.5100,50,2
2026-03-13,601318,13:54:02,61.5100,31,1
2026-03-13,601318,13:54:05,61.5100,11,1
2026-03-13,601318,13:54:08,61.5000,418,2
2026-03-13,601318,13:54:11,61.5100,37,1
2026-03-13,601318,13:54:14,61.5000,35,2
2026-03-13,601318,13:54:17,61.5000,5,2
2026-03-13,601318,13:54:20,61.5000,591,2
2026-03-13,601318,13:54:23,61.5000,63,2
2026-03-13,601318,13:54:26,61.4900,75,2
2026-03-13,601318,13:54:29,61.4900,155,2
2026-03-13,601318,13:54:32,61.4800,552,2
2026-03-13,601318,13:54:35,61.4800,92,2
2026-03-13,601318,13:54:38,61.4600,96,2
2026-03-13,601318,13:54:41,61.4600,118,2
2026-03-13,601318,13:54:44,61.4500,330,2
2026-03-13,601318,13:54:47,61.4500,145,2
2026-03-13,601318,13:54:50,61.4600,111,1
2026-03-13,601318,13:54:53,61.4600,31,1
2026-03-13,601318,13:54:56,61.4500,238,2
2026-03-13,601318,13:54:59,61.4600,41,1
2026-03-13,601318,13:55:02,61.4500,30,2
2026-03-13,601318,13:55:05,61.4500,190,2
2026-03-13,601318,13:55:08,61.4600,31,1
2026-03-13,601318,13:55:11,61.4500,116,2
2026-03-13,601318,13:55:14,61.4400,19,2
2026-03-13,601318,13:55:17,61.4400,40,2
2026-03-13,601318,13:55:20,61.4400,68,2
2026-03-13,601318,13:55:23,61.4400,43,2
2026-03-13,601318,13:55:26,61.4400,254,2
2026-03-13,601318,13:55:29,61.4500,22,1
2026-03-13,601318,13:55:32,61.4500,41,1
2026-03-13,601318,13:55:35,61.4400,105,2
2026-03-13,601318,13:55:38,61.4400,27,2
2026-03-13,601318,13:55:41,61.4400,117,2
2026-03-13,601318,13:55:44,61.4400,92,2
2026-03-13,601318,13:55:47,61.4400,17,2
2026-03-13,601318,13:55:50,61.4400,77,2
2026-03-13,601318,13:55:53,61.4400,72,1
2026-03-13,601318,13:55:56,61.4400,95,2
2026-03-13,601318,13:55:59,61.4400,87,1
2026-03-13,601318,13:56:02,61.4400,103,1
2026-03-13,601318,13:56:05,61.4300,349,2
2026-03-13,601318,13:56:08,61.4400,33,2
2026-03-13,601318,13:56:11,61.4500,343,1
2026-03-13,601318,13:56:14,61.4300,271,2
2026-03-13,601318,13:56:17,61.4100,683,2
2026-03-13,601318,13:56:20,61.4200,159,4
2026-03-13,601318,13:56:23,61.4200,21,2
2026-03-13,601318,13:56:26,61.4200,77,2
2026-03-13,601318,13:56:29,61.4200,48,2
2026-03-13,601318,13:56:32,61.4200,542,2
2026-03-13,601318,13:56:35,61.4300,55,1
2026-03-13,601318,13:56:38,61.4300,15,1
2026-03-13,601318,13:56:41,61.4200,1,2
2026-03-13,601318,13:56:44,61.4200,163,2
2026-03-13,601318,13:56:47,61.4200,213,2
2026-03-13,601318,13:56:50,61.4200,57,1
2026-03-13,601318,13:56:53,61.4200,32,1
2026-03-13,601318,13:56:56,61.4200,28,1
2026-03-13,601318,13:56:59,61.4100,13,2
2026-03-13,601318,13:57:02,61.4200,57,1
2026-03-13,601318,13:57:05,61.4100,145,2
2026-03-13,601318,13:57:08,61.4200,31,1
2026-03-13,601318,13:57:11,61.4100,5,2
2026-03-13,601318,13:57:14,61.4200,192,1
2026-03-13,601318,13:57:17,61.4100,12,2
2026-03-13,601318,13:57:20,61.4100,53,2
2026-03-13,601318,13:57:23,61.4200,1,1
2026-03-13,601318,13:57:26,61.4100,26,2
2026-03-13,601318,13:57:29,61.4200,4,1
2026-03-13,601318,13:57:32,61.4100,84,2
2026-03-13,601318,13:57:35,61.4300,771,1
2026-03-13,601318,13:57:38,61.4400,22,4
2026-03-13,601318,13:57:41,61.4400,109,2
2026-03-13,601318,13:57:44,61.4400,9,1
2026-03-13,601318,13:57:47,61.4400,16,1
2026-03-13,601318,13:57:50,61.4400,14,1
2026-03-13,601318,13:57:53,61.4400,9,1
2026-03-13,601318,13:57:56,61.4400,20,1
2026-03-13,601318,13:57:59,61.4400,76,1
2026-03-13,601318,13:58:02,61.4400,46,1
2026-03-13,601318,13:58:05,61.4400,25,1
2026-03-13,601318,13:58:08,61.4400,213,1
2026-03-13,601318,13:58:11,61.4400,8,1
2026-03-13,601318,13:58:14,61.4300,52,2
2026-03-13,601318,13:58:17,61.4400,60,1
2026-03-13,601318,13:58:20,61.4400,81,2
2026-03-13,601318,13:58:23,61.4500,4,1
2026-03-13,601318,13:58:26,61.4500,45,1
2026-03-13,601318,13:58:29,61.4500,41,1
2026-03-13,601318,13:58:32,61.4500,7,1
2026-03-13,601318,13:58:35,61.4500,33,1
2026-03-13,601318,13:58:38,61.4500,9,1
2026-03-13,601318,13:58:41,61.4400,23,2
2026-03-13,601318,13:58:44,61.4400,118,2
2026-03-13,601318,13:58:47,61.4400,1007,2
2026-03-13,601318,13:58:50,61.4300,52,2
2026-03-13,601318,13:58:53,61.4400,53,1
2026-03-13,601318,13:58:56,61.4300,460,2
2026-03-13,601318,13:58:59,61.4200,401,2
2026-03-13,601318,13:59:02,61.4200,55,2
2026-03-13,601318,13:59:05,61.4200,54,1
2026-03-13,601318,13:59:08,61.4200,120,1
2026-03-13,601318,13:59:11,61.4200,554,2
2026-03-13,601318,13:59:14,61.4200,534,1
2026-03-13,601318,13:59:17,61.4200,528,1
2026-03-13,601318,13:59:20,61.4200,575,1
2026-03-13,601318,13:59:23,61.4100,94,4
2026-03-13,601318,13:59:26,61.4100,131,1
2026-03-13,601318,13:59:29,61.3800,1737,2
2026-03-13,601318,13:59:32,61.3800,839,2
2026-03-13,601318,13:59:35,61.3800,402,1
2026-03-13,601318,13:59:38,61.3600,193,2
2026-03-13,601318,13:59:41,61.3600,149,2
2026-03-13,601318,13:59:44,61.3600,561,2
2026-03-13,601318,13:59:47,61.3600,52,1
2026-03-13,601318,13:59:50,61.3500,293,2
2026-03-13,601318,13:59:53,61.3500,403,1
2026-03-13,601318,13:59:56,61.3700,50,1
2026-03-13,601318,13:59:59,61.3600,15,2
2026-03-13,601318,14:00:02,61.3600,43,1
2026-03-13,601318,14:00:05,61.3700,514,1
2026-03-13,601318,14:00:08,61.3600,89,2
2026-03-13,601318,14:00:11,61.3700,46,1
2026-03-13,601318,14:00:14,61.3700,21,1
2026-03-13,601318,14:00:17,61.3600,21,2
2026-03-13,601318,14:00:20,61.3700,40,1
2026-03-13,601318,14:00:23,61.3700,225,1
2026-03-13,601318,14:00:26,61.4000,228,1
2026-03-13,601318,14:00:29,61.3800,25,2
2026-03-13,601318,14:00:32,61.3800,40,1
2026-03-13,601318,14:00:35,61.3700,100,2
2026-03-13,601318,14:00:38,61.3700,12,2
2026-03-13,601318,14:00:41,61.3800,28,1
2026-03-13,601318,14:00:44,61.3700,23,2
2026-03-13,601318,14:00:47,61.3800,55,1
2026-03-13,601318,14:00:50,61.3700,82,2
2026-03-13,601318,14:00:53,61.3900,9,1
2026-03-13,601318,14:00:56,61.3900,27,1
2026-03-13,601318,14:00:59,61.4000,119,1
2026-03-13,601318,14:01:02,61.4000,32,1
2026-03-13,601318,14:01:05,61.4000,21,1
2026-03-13,601318,14:01:08,61.4000,37,1
2026-03-13,601318,14:01:11,61.3900,68,2
2026-03-13,601318,14:01:14,61.4000,11,1
2026-03-13,601318,14:01:17,61.4000,16,1
2026-03-13,601318,14:01:20,61.4000,32,1
2026-03-13,601318,14:01:23,61.4000,13,1
2026-03-13,601318,14:01:26,61.4000,28,1
2026-03-13,601318,14:01:29,61.4000,60,1
2026-03-13,601318,14:01:32,61.4000,26,1
2026-03-13,601318,14:01:35,61.3900,56,2
2026-03-13,601318,14:01:38,61.4000,60,1
2026-03-13,601318,14:01:41,61.4000,9,1
2026-03-13,601318,14:01:44,61.3900,34,2
2026-03-13,601318,14:01:47,61.3900,95,2
2026-03-13,601318,14:01:50,61.4000,58,1
2026-03-13,601318,14:01:53,61.3900,112,2
2026-03-13,601318,14:01:56,61.3900,189,2
2026-03-13,601318,14:01:59,61.3900,56,1
2026-03-13,601318,14:02:02,61.3800,68,2
2026-03-13,601318,14:02:05,61.3800,46,2
2026-03-13,601318,14:02:08,61.3800,191,2
2026-03-13,601318,14:02:11,61.3800,35,2
2026-03-13,601318,14:02:14,61.3900,41,1
2026-03-13,601318,14:02:17,61.3800,52,2
2026-03-13,601318,14:02:20,61.3800,28,2
2026-03-13,601318,14:02:23,61.3700,48,2
2026-03-13,601318,14:02:26,61.3800,95,1
2026-03-13,601318,14:02:29,61.3800,135,1
2026-03-13,601318,14:02:32,61.3800,16,1
2026-03-13,601318,14:02:35,61.3800,16,1
2026-03-13,601318,14:02:38,61.3800,71,1
2026-03-13,601318,14:02:41,61.3700,11,2
2026-03-13,601318,14:02:44,61.3800,23,1
2026-03-13,601318,14:02:47,61.3800,17,1
2026-03-13,601318,14:02:50,61.3800,9,1
2026-03-13,601318,14:02:53,61.3800,44,1
2026-03-13,601318,14:02:56,61.3800,158,1
2026-03-13,601318,14:02:59,61.3700,54,2
2026-03-13,601318,14:03:02,61.3800,31,1
2026-03-13,601318,14:03:05,61.3700,44,2
2026-03-13,601318,14:03:08,61.3700,13,2
2026-03-13,601318,14:03:11,61.3800,194,1
2026-03-13,601318,14:03:14,61.3700,41,2
2026-03-13,601318,14:03:17,61.3700,41,2
2026-03-13,601318,14:03:20,61.3700,47,2
2026-03-13,601318,14:03:23,61.3800,32,1
2026-03-13,601318,14:03:26,61.3700,8,2
2026-03-13,601318,14:03:29,61.3700,43,2
2026-03-13,601318,14:03:32,61.3700,59,2
2026-03-13,601318,14:03:35,61.3700,49,2
2026-03-13,601318,14:03:38,61.3700,18,2
2026-03-13,601318,14:03:41,61.3700,257,2
2026-03-13,601318,14:03:44,61.3700,25,2
2026-03-13,601318,14:03:47,61.3700,21,2
2026-03-13,601318,14:03:50,61.3800,61,1
2026-03-13,601318,14:03:53,61.3700,35,2
2026-03-13,601318,14:03:56,61.3700,747,2
2026-03-13,601318,14:03:59,61.3700,32,1
2026-03-13,601318,14:04:02,61.3700,112,1
2026-03-13,601318,14:04:05,61.3600,778,2
2026-03-13,601318,14:04:08,61.3500,138,2
2026-03-13,601318,14:04:11,61.3400,271,2
2026-03-13,601318,14:04:14,61.3300,113,2
2026-03-13,601318,14:04:17,61.3400,37,1
2026-03-13,601318,14:04:20,61.3400,21,1
2026-03-13,601318,14:04:23,61.3400,12,1
2026-03-13,601318,14:04:26,61.3300,24,2
2026-03-13,601318,14:04:29,61.3300,43,2
2026-03-13,601318,14:04:32,61.3400,20,1
2026-03-13,601318,14:04:35,61.3400,106,1
2026-03-13,601318,14:04:38,61.3400,24,1
2026-03-13,601318,14:04:41,61.3400,98,1
2026-03-13,601318,14:04:44,61.3400,408,1
2026-03-13,601318,14:04:47,61.3300,24,2
2026-03-13,601318,14:04:50,61.3400,25,1
2026-03-13,601318,14:04:53,61.3400,16,2
2026-03-13,601318,14:04:56,61.3400,40,2
2026-03-13,601318,14:04:59,61.3500,124,1
2026-03-13,601318,14:05:02,61.3400,25,4
2026-03-13,601318,14:05:05,61.3300,1378,2
2026-03-13,601318,14:05:08,61.3300,574,2
2026-03-13,601318,14:05:11,61.3200,512,2
2026-03-13,601318,14:05:14,61.3300,105,1
2026-03-13,601318,14:05:17,61.3200,165,2
2026-03-13,601318,14:05:20,61.3200,234,2
2026-03-13,601318,14:05:23,61.3200,125,1
2026-03-13,601318,14:05:26,61.3100,77,2
2026-03-13,601318,14:05:29,61.3200,213,1
2026-03-13,601318,14:05:32,61.3100,240,2
2026-03-13,601318,14:05:35,61.3100,35,2
2026-03-13,601318,14:05:38,61.3100,403,2
2026-03-13,601318,14:05:41,61.3100,221,2
2026-03-13,601318,14:05:44,61.3200,359,1
2026-03-13,601318,14:05:47,61.3100,191,2
2026-03-13,601318,14:05:50,61.3100,97,2
2026-03-13,601318,14:05:53,61.3100,120,1
2026-03-13,601318,14:05:56,61.3100,81,1
2026-03-13,601318,14:05:59,61.3000,133,2
2026-03-13,601318,14:06:02,61.3000,86,2
2026-03-13,601318,14:06:05,61.3100,45,1
2026-03-13,601318,14:06:08,61.3100,53,1
2026-03-13,601318,14:06:11,61.3000,248,2
2026-03-13,601318,14:06:14,61.3100,638,1
2026-03-13,601318,14:06:17,61.3100,153,2
2026-03-13,601318,14:06:20,61.3100,156,2
2026-03-13,601318,14:06:23,61.3200,57,1
2026-03-13,601318,14:06:26,61.3100,67,2
2026-03-13,601318,14:06:29,61.3200,305,1
2026-03-13,601318,14:06:32,61.3200,23,1
2026-03-13,601318,14:06:35,61.3200,31,1
2026-03-13,601318,14:06:38,61.3300,317,1
2026-03-13,601318,14:06:41,61.3300,169,1
2026-03-13,601318,14:06:44,61.3300,33,2
2026-03-13,601318,14:06:47,61.3200,6,2
2026-03-13,601318,14:06:50,61.3400,30,1
2026-03-13,601318,14:06:53,61.3300,26,1
2026-03-13,601318,14:06:56,61.3200,7,2
2026-03-13,601318,14:06:59,61.3300,21,1
2026-03-13,601318,10:54:11,61.6200,37,2
2026-03-13,601318,10:54:14,61.6100,34,2
2026-03-13,601318,10:54:17,61.6200,34,4
2026-03-13,601318,10:54:20,61.6300,12,4
2026-03-13,601318,10:54:23,61.6300,4,1
2026-03-13,601318,10:54:26,61.6200,19,2
2026-03-13,601318,10:54:29,61.6300,46,1
2026-03-13,601318,10:54:32,61.6300,15,1
2026-03-13,601318,10:54:35,61.6300,50,1
2026-03-13,601318,10:54:38,61.6300,1,1
2026-03-13,601318,10:54:41,61.6100,32,2
2026-03-13,601318,10:54:44,61.6200,24,2
2026-03-13,601318,10:54:47,61.6000,103,2
2026-03-13,601318,10:54:50,61.6300,17,1
2026-03-13,601318,10:54:53,61.6300,63,1
2026-03-13,601318,10:54:56,61.6000,6,2
2026-03-13,601318,10:54:59,61.6300,7,1
2026-03-13,601318,10:55:02,61.5900,39,2
2026-03-13,601318,10:55:05,61.5900,26,2
2026-03-13,601318,10:55:08,61.5800,64,2
2026-03-13,601318,10:55:11,61.5800,15,2
2026-03-13,601318,10:55:14,61.5800,34,2
2026-03-13,601318,10:55:17,61.5700,41,2
2026-03-13,601318,10:55:20,61.5700,23,2
2026-03-13,601318,10:55:23,61.5700,51,2
2026-03-13,601318,10:55:26,61.5700,19,1
2026-03-13,601318,10:55:29,61.5700,6,1
2026-03-13,601318,10:55:32,61.5600,44,2
2026-03-13,601318,10:55:35,61.5700,7,2
2026-03-13,601318,10:55:38,61.5700,39,2
2026-03-13,601318,10:55:41,61.5700,35,2
2026-03-13,601318,10:55:44,61.5700,100,2
2026-03-13,601318,10:55:47,61.5700,32,2
2026-03-13,601318,10:55:50,61.5600,38,2
2026-03-13,601318,10:55:53,61.5600,29,1
2026-03-13,601318,10:55:56,61.5600,14,1
2026-03-13,601318,10:55:59,61.5600,21,1
2026-03-13,601318,10:56:02,61.5600,27,1
2026-03-13,601318,10:56:05,61.5700,28,1
2026-03-13,601318,10:56:08,61.5500,9,2
2026-03-13,601318,10:56:11,61.5500,54,2
2026-03-13,601318,10:56:14,61.5500,18,2
2026-03-13,601318,10:56:17,61.5500,12,2
2026-03-13,601318,10:56:20,61.5600,6,2
2026-03-13,601318,10:56:23,61.5600,32,2
2026-03-13,601318,10:56:26,61.5500,12,4
2026-03-13,601318,10:56:29,61.5400,11,2
2026-03-13,601318,10:56:32,61.5400,5,2
2026-03-13,601318,10:56:35,61.5400,65,2
2026-03-13,601318,10:56:38,61.5300,243,2
2026-03-13,601318,10:56:41,61.5700,306,1
2026-03-13,601318,10:56:44,61.5500,176,2
2026-03-13,601318,10:56:47,61.5500,86,2
2026-03-13,601318,10:56:50,61.5500,39,1
2026-03-13,601318,10:56:53,61.5500,154,1
2026-03-13,601318,10:56:56,61.5500,106,1
2026-03-13,601318,10:56:59,61.5400,48,2
2026-03-13,601318,10:57:02,61.5400,102,2
2026-03-13,601318,10:57:05,61.5400,30,2
2026-03-13,601318,10:57:08,61.5100,91,2
2026-03-13,601318,10:57:11,61.5400,2,1
2026-03-13,601318,10:57:14,61.5400,11,1
2026-03-13,601318,10:57:17,61.5400,2,1
2026-03-13,601318,10:57:20,61.5300,3,2
2026-03-13,601318,10:57:23,61.5400,134,1
2026-03-13,601318,10:57:26,61.5400,92,1
2026-03-13,601318,10:57:29,61.5500,356,1
2026-03-13,601318,10:57:32,61.5400,23,2
2026-03-13,601318,10:57:35,61.5500,11,2
2026-03-13,601318,10:57:38,61.5300,93,2
2026-03-13,601318,10:57:41,61.5400,9,1
2026-03-13,601318,10:57:44,61.5300,98,2
2026-03-13,601318,10:57:47,61.5400,29,1
2026-03-13,601318,10:57:50,61.5400,44,1
2026-03-13,601318,10:57:53,61.5400,3,4
2026-03-13,601318,10:57:56,61.5300,55,2
2026-03-13,601318,10:57:59,61.5400,29,1
2026-03-13,601318,10:58:02,61.5400,28,1
2026-03-13,601318,10:58:05,61.5400,25,2
2026-03-13,601318,10:58:08,61.5700,1025,1
2026-03-13,601318,10:58:11,61.5700,17,2
2026-03-13,601318,10:58:14,61.6000,844,4
2026-03-13,601318,10:58:20,61.5700,148,2
2026-03-13,601318,10:58:26,61.5600,120,1
2026-03-13,601318,10:58:29,61.5600,2,1
2026-03-13,601318,10:58:32,61.5500,6,2
2026-03-13,601318,10:58:35,61.5700,16,1
2026-03-13,601318,10:58:38,61.5100,155,2
2026-03-13,601318,10:58:41,61.5200,233,2
2026-03-13,601318,10:58:44,61.5600,70,1
2026-03-13,601318,10:58:47,61.5400,28,2
2026-03-13,601318,10:58:50,61.5600,1,2
2026-03-13,601318,10:58:53,61.5700,7,2
2026-03-13,601318,10:58:56,61.5800,140,4
2026-03-13,601318,10:58:59,61.5300,21,2
2026-03-13,601318,10:59:02,61.5900,264,1
2026-03-13,601318,10:59:05,61.5700,10,2
2026-03-13,601318,10:59:08,61.5900,41,1
2026-03-13,601318,10:59:11,61.5900,29,1
2026-03-13,601318,10:59:14,61.5900,321,1
2026-03-13,601318,10:59:20,61.5900,113,2
2026-03-13,601318,10:59:26,61.5700,6,2
2026-03-13,601318,10:59:29,61.5800,99,1
2026-03-13,601318,10:59:32,61.6000,268,1
2026-03-13,601318,10:59:35,61.5900,105,2
2026-03-13,601318,10:59:41,61.5900,13,2
2026-03-13,601318,10:59:44,61.5900,16,2
2026-03-13,601318,10:59:47,61.5900,6,1
2026-03-13,601318,10:59:50,61.6000,195,1
2026-03-13,601318,10:59:53,61.5900,8,1
2026-03-13,601318,10:59:56,61.5800,4,2
2026-03-13,601318,10:59:59,61.5500,93,2
2026-03-13,601318,11:00:02,61.6000,74,1
2026-03-13,601318,11:00:05,61.5700,24,2
2026-03-13,601318,11:00:08,61.6100,193,1
2026-03-13,601318,11:00:11,61.6100,1,2
2026-03-13,601318,11:00:14,61.6100,7,2
2026-03-13,601318,11:00:17,61.6100,1,1
2026-03-13,601318,11:00:20,61.6100,6,1
2026-03-13,601318,11:00:23,61.6200,172,1
2026-03-13,601318,11:00:26,61.6200,72,1
2026-03-13,601318,11:00:29,61.6000,53,2
2026-03-13,601318,11:00:32,61.6100,11,2
2026-03-13,601318,11:00:35,61.5700,58,2
2026-03-13,601318,11:00:38,61.6000,7,2
2026-03-13,601318,11:00:41,61.6100,26,1
2026-03-13,601318,11:00:44,61.6000,10,2
2026-03-13,601318,11:00:47,61.6200,78,1
2026-03-13,601318,11:00:50,61.6100,38,1
2026-03-13,601318,11:00:53,61.6200,18,4
2026-03-13,601318,11:00:56,61.6200,7,1
2026-03-13,601318,11:00:59,61.6100,13,2
2026-03-13,601318,11:01:02,61.6200,359,1
2026-03-13,601318,11:01:05,61.6200,97,1
2026-03-13,601318,11:01:08,61.6000,43,2
2026-03-13,601318,11:01:11,61.6200,85,1
2026-03-13,601318,11:01:14,61.6000,10,2
2026-03-13,601318,11:01:20,61.6100,6,1
2026-03-13,601318,11:01:23,61.6100,2,1
2026-03-13,601318,11:01:26,61.6100,68,1
2026-03-13,601318,11:01:29,61.6100,49,1
2026-03-13,601318,11:01:32,61.6100,35,2
2026-03-13,601318,11:01:35,61.6000,22,2
2026-03-13,601318,11:01:38,61.6000,19,4
2026-03-13,601318,11:01:41,61.6000,10,2
2026-03-13,601318,11:01:44,61.5900,12,2
2026-03-13,601318,11:01:47,61.5900,7,2
2026-03-13,601318,11:01:53,61.6000,1,1
2026-03-13,601318,11:01:56,61.5900,24,2
2026-03-13,601318,11:01:59,61.5900,2,1
2026-03-13,601318,11:02:02,61.5900,16,1
2026-03-13,601318,11:02:05,61.5900,4,1
2026-03-13,601318,11:02:08,61.5800,12,2
2026-03-13,601318,11:02:11,61.5800,20,2
2026-03-13,601318,11:02:14,61.5800,7,2
2026-03-13,601318,11:02:17,61.5800,13,2
2026-03-13,601318,11:02:20,61.5800,46,2
2026-03-13,601318,11:02:23,61.5900,8,1
2026-03-13,601318,11:02:26,61.5900,13,1
2026-03-13,601318,11:02:29,61.5900,63,2
2026-03-13,601318,11:02:32,61.6100,4,1
2026-03-13,601318,11:02:35,61.6000,32,2
2026-03-13,601318,11:02:38,61.5900,40,2
2026-03-13,601318,11:02:41,61.5900,15,2
2026-03-13,601318,11:02:44,61.5900,15,2
2026-03-13,601318,11:02:50,61.5900,32,2
2026-03-13,601318,11:02:56,61.5900,7,2
2026-03-13,601318,11:02:59,61.6000,33,1
2026-03-13,601318,11:03:02,61.6000,10,1
2026-03-13,601318,11:03:05,61.6100,38,1
2026-03-13,601318,11:03:08,61.6000,21,1
2026-03-13,601318,11:03:11,61.5900,22,2
2026-03-13,601318,11:03:14,61.6100,53,1
2026-03-13,601318,11:03:17,61.5900,32,2
2026-03-13,601318,11:03:20,61.6000,17,2
2026-03-13,601318,11:03:23,61.5900,11,2
2026-03-13,601318,11:03:26,61.6000,2,4
2026-03-13,601318,11:03:29,61.6100,8,1
2026-03-13,601318,11:03:32,61.6100,5,1
2026-03-13,601318,11:03:35,61.6100,23,1
2026-03-13,601318,11:03:38,61.6000,4,2
2026-03-13,601318,11:03:41,61.6000,16,2
2026-03-13,601318,11:03:44,61.6000,14,1
2026-03-13,601318,11:03:47,61.5900,71,2
2026-03-13,601318,11:03:50,61.6000,10,1
2026-03-13,601318,11:03:53,61.5900,15,2
2026-03-13,601318,11:03:56,61.6000,1,1
2026-03-13,601318,11:03:59,61.6000,11,1
2026-03-13,601318,11:04:02,61.5900,92,2
2026-03-13,601318,11:04:05,61.5800,46,2
2026-03-13,601318,11:04:08,61.5800,23,2
2026-03-13,601318,11:04:11,61.5800,82,2
2026-03-13,601318,11:04:14,61.5700,32,2
2026-03-13,601318,11:04:17,61.5700,29,2
2026-03-13,601318,11:04:20,61.5700,22,2
2026-03-13,601318,11:04:23,61.5700,16,2
2026-03-13,601318,11:04:26,61.5700,17,2
2026-03-13,601318,11:04:29,61.5600,4,2
2026-03-13,601318,11:04:32,61.5700,1,1
2026-03-13,601318,11:04:38,61.5600,18,2
2026-03-13,601318,11:04:41,61.5600,30,2
2026-03-13,601318,11:04:44,61.5600,97,2
2026-03-13,601318,11:04:47,61.5600,27,2
2026-03-13,601318,11:04:50,61.5500,41,2
2026-03-13,601318,11:04:53,61.5500,10,2
2026-03-13,601318,11:04:56,61.5600,45,1
2026-03-13,601318,11:04:59,61.5500,32,2
2026-03-13,601318,11:05:02,61.5500,28,1
2026-03-13,601318,11:05:05,61.5400,168,2
2026-03-13,601318,11:05:08,61.5400,53,2
2026-03-13,601318,11:05:11,61.5400,2,2
2026-03-13,601318,11:05:14,61.5400,142,2
2026-03-13,601318,11:05:17,61.5300,28,2
2026-03-13,601318,11:05:20,61.5400,1,4
2026-03-13,601318,11:05:23,61.5200,56,2
2026-03-13,601318,11:05:26,61.5400,5,1
2026-03-13,601318,11:05:29,61.5400,21,1
2026-03-13,601318,11:05:32,61.5400,18,1
2026-03-13,601318,11:05:35,61.5400,7,1
2026-03-13,601318,11:05:38,61.5300,76,2
2026-03-13,601318,11:05:41,61.5400,8,1
2026-03-13,601318,11:05:44,61.5300,12,2
2026-03-13,601318,11:05:47,61.5300,166,2
2026-03-13,601318,11:05:50,61.5400,96,2
2026-03-13,601318,11:05:53,61.5200,20,2
2026-03-13,601318,11:05:56,61.5200,1,2
2026-03-13,601318,11:05:59,61.5200,8,2
2026-03-13,601318,11:06:02,61.5300,16,1
2026-03-13,601318,11:06:05,61.5300,2,1
2026-03-13,601318,11:06:08,61.5300,44,1
2026-03-13,601318,11:06:11,61.5300,173,1
2026-03-13,601318,11:06:14,61.5400,109,1
2026-03-13,601318,11:06:17,61.5300,168,2
2026-03-13,601318,11:06:20,61.5300,696,2
2026-03-13,601318,11:06:23,61.5400,24,1
2026-03-13,601318,11:06:26,61.5400,33,1
2026-03-13,601318,11:06:29,61.5400,12,1
2026-03-13,601318,11:06:32,61.5400,1,1
2026-03-13,601318,11:06:35,61.5400,156,1
2026-03-13,601318,11:06:38,61.5400,19,1
2026-03-13,601318,11:06:41,61.5300,56,2
2026-03-13,601318,11:06:44,61.5400,77,1
2026-03-13,601318,11:06:47,61.5400,299,1
2026-03-13,601318,11:06:50,61.5300,252,2
2026-03-13,601318,11:06:53,61.5400,7,1
2026-03-13,601318,11:06:56,61.5300,3,2
2026-03-13,601318,11:06:59,61.5300,90,2
2026-03-13,601318,11:07:02,61.5300,3,1
2026-03-13,601318,11:07:05,61.5200,37,2
2026-03-13,601318,11:07:08,61.5300,10,1
2026-03-13,601318,11:07:11,61.5200,210,2
2026-03-13,601318,11:07:14,61.5300,69,1
2026-03-13,601318,11:07:17,61.5200,27,2
2026-03-13,601318,11:07:23,61.5300,13,2
2026-03-13,601318,11:07:26,61.5400,75,1
2026-03-13,601318,11:07:29,61.5400,3,1
2026-03-13,601318,11:07:32,61.5300,18,2
2026-03-13,601318,11:07:35,61.5400,6,1
2026-03-13,601318,11:07:38,61.5300,7,2
2026-03-13,601318,11:07:44,61.5300,37,2
2026-03-13,601318,11:07:47,61.5300,89,2
2026-03-13,601318,11:07:53,61.5400,1,1
2026-03-13,601318,11:07:56,61.5300,117,2
2026-03-13,601318,11:07:59,61.5400,66,1
2026-03-13,601318,11:08:02,61.5200,16,2
2026-03-13,601318,11:08:05,61.5400,41,1
2026-03-13,601318,11:08:11,61.5500,155,1
2026-03-13,601318,11:08:14,61.5400,17,4
2026-03-13,601318,11:08:17,61.5200,93,2
2026-03-13,601318,11:08:20,61.5400,36,1
2026-03-13,601318,11:08:23,61.5400,1,1
2026-03-13,601318,11:08:26,61.5200,30,2
2026-03-13,601318,11:08:29,61.5300,32,1
2026-03-13,601318,11:08:32,61.5200,17,2
2026-03-13,601318,11:08:35,61.5200,41,2
2026-03-13,601318,11:08:38,61.5200,20,1
2026-03-13,601318,11:08:41,61.5100,10,2
2026-03-13,601318,11:08:44,61.5100,35,2
2026-03-13,601318,11:08:47,61.5200,31,1
2026-03-13,601318,11:08:50,61.5100,32,2
2026-03-13,601318,11:08:53,61.5100,52,2
2026-03-13,601318,11:08:56,61.5100,55,2
2026-03-13,601318,11:08:59,61.5100,57,2
2026-03-13,601318,11:09:02,61.5200,15,1
2026-03-13,601318,11:09:05,61.5200,11,1
2026-03-13,601318,11:09:08,61.5200,21,1
2026-03-13,601318,11:09:11,61.5100,2,2
2026-03-13,601318,11:09:14,61.5100,42,2
2026-03-13,601318,11:09:17,61.5100,163,2
2026-03-13,601318,11:09:20,61.5100,72,2
2026-03-13,601318,11:09:23,61.5100,9,2
2026-03-13,601318,11:09:26,61.5100,5,2
2026-03-13,601318,11:09:29,61.5100,27,2
2026-03-13,601318,11:09:32,61.5100,60,2
2026-03-13,601318,11:09:35,61.5100,21,2
2026-03-13,601318,11:09:38,61.5100,31,2
2026-03-13,601318,11:09:41,61.5200,2,1
2026-03-13,601318,11:09:44,61.5100,22,2
2026-03-13,601318,11:09:47,61.5100,11,1
2026-03-13,601318,11:09:50,61.5100,200,1
2026-03-13,601318,11:09:53,61.5100,97,1
2026-03-13,601318,11:09:56,61.5100,40,2
2026-03-13,601318,11:09:59,61.5200,28,1
2026-03-13,601318,11:10:02,61.5100,25,2
2026-03-13,601318,11:10:05,61.5100,66,2
2026-03-13,601318,11:10:08,61.5100,17,2
2026-03-13,601318,11:10:11,61.5100,11,2
2026-03-13,601318,11:10:14,61.5200,47,1
2026-03-13,601318,11:10:17,61.5200,20,1
2026-03-13,601318,11:10:20,61.5200,2,1
2026-03-13,601318,11:10:23,61.5100,7,2
2026-03-13,601318,11:10:26,61.5100,29,2
2026-03-13,601318,11:10:29,61.5200,3,1
2026-03-13,601318,11:10:32,61.5200,51,1
2026-03-13,601318,11:10:35,61.5200,6,1
2026-03-13,601318,11:10:38,61.5100,30,2
2026-03-13,601318,11:10:41,61.5100,10,2
2026-03-13,601318,11:10:44,61.5200,3,1
2026-03-13,601318,11:10:47,61.5100,1,2
2026-03-13,601318,11:10:50,61.5200,3,1
2026-03-13,601318,11:10:53,61.5200,6,1
2026-03-13,601318,11:10:56,61.5100,19,2
2026-03-13,601318,11:10:59,61.5200,11,1
2026-03-13,601318,11:11:02,61.5100,19,2
2026-03-13,601318,11:11:05,61.5100,22,2
2026-03-13,601318,11:11:08,61.5100,22,2
2026-03-13,601318,11:11:11,61.5100,10,2
2026-03-13,601318,11:11:14,61.5100,39,2
2026-03-13,601318,11:11:20,61.5100,1,1
2026-03-13,601318,11:11:23,61.5100,5,1
2026-03-13,601318,11:11:26,61.5100,33,1
2026-03-13,601318,11:11:29,61.5000,251,2
2026-03-13,601318,11:11:32,61.5000,242,2
2026-03-13,601318,11:11:35,61.5000,333,2
2026-03-13,601318,11:11:38,61.5000,156,2
2026-03-13,601318,11:11:41,61.4900,119,2
2026-03-13,601318,11:11:44,61.4900,46,1
2026-03-13,601318,11:11:47,61.4900,11,1
2026-03-13,601318,11:11:50,61.4900,403,1
2026-03-13,601318,11:11:53,61.4700,310,2
2026-03-13,601318,11:11:56,61.4800,64,1
2026-03-13,601318,11:11:59,61.4700,97,2
2026-03-13,601318,11:12:02,61.4700,31,2
2026-03-13,601318,11:12:05,61.4700,55,2
2026-03-13,601318,11:12:08,61.4700,333,2
2026-03-13,601318,11:12:11,61.4700,11,2
2026-03-13,601318,11:12:14,61.4700,4,2
2026-03-13,601318,11:12:17,61.4800,2,1
2026-03-13,601318,11:12:20,61.4700,57,2
2026-03-13,601318,11:12:23,61.4700,141,2
2026-03-13,601318,11:12:26,61.4600,17,2
2026-03-13,601318,11:12:29,61.4700,17,1
2026-03-13,601318,11:12:32,61.4600,143,2
2026-03-13,601318,11:12:35,61.4700,6,1
2026-03-13,601318,11:12:38,61.4700,26,1
2026-03-13,601318,11:12:41,61.4700,133,1
2026-03-13,601318,11:12:44,61.4700,19,1
2026-03-13,601318,11:12:47,61.4600,10,2
2026-03-13,601318,11:12:50,61.4600,5,2
2026-03-13,601318,11:12:53,61.4700,47,1
2026-03-13,601318,11:12:56,61.4600,8,2
2026-03-13,601318,11:12:59,61.4700,21,1
2026-03-13,601318,11:13:02,61.4700,59,1
2026-03-13,601318,11:13:05,61.4600,83,2
2026-03-13,601318,11:13:08,61.4700,40,1
2026-03-13,601318,11:13:11,61.4700,18,4
2026-03-13,601318,11:13:14,61.4700,8,1
2026-03-13,601318,11:13:17,61.4700,3,1
2026-03-13,601318,11:13:20,61.4700,41,1
2026-03-13,601318,11:13:23,61.4600,47,2
2026-03-13,601318,11:13:26,61.4500,245,2
2026-03-13,601318,11:13:29,61.4500,596,2
2026-03-13,601318,11:13:32,61.4500,15,1
2026-03-13,601318,11:13:35,61.4500,38,1
2026-03-13,601318,11:13:38,61.4400,386,2
2026-03-13,601318,11:13:41,61.4400,38,2
2026-03-13,601318,11:13:44,61.4400,3,2
2026-03-13,601318,11:13:47,61.4500,3,1
2026-03-13,601318,11:13:50,61.4500,4,1
2026-03-13,601318,11:13:53,61.4500,169,1
2026-03-13,601318,11:13:56,61.4400,194,2
2026-03-13,601318,11:13:59,61.4500,71,1
2026-03-13,601318,11:14:02,61.4500,82,1
2026-03-13,601318,11:14:05,61.4500,210,2
2026-03-13,601318,11:14:08,61.4400,84,2
2026-03-13,601318,11:14:11,61.4400,2,2
2026-03-13,601318,11:14:14,61.4400,27,2
2026-03-13,601318,11:14:17,61.4400,11,1
2026-03-13,601318,11:14:20,61.4400,11,2
2026-03-13,601318,11:14:23,61.4300,119,2
2026-03-13,601318,11:14:26,61.4300,5,2
2026-03-13,601318,11:14:29,61.4300,216,1
2026-03-13,601318,11:14:32,61.4300,60,1
2026-03-13,601318,11:14:35,61.4300,9,1
2026-03-13,601318,11:14:38,61.4200,109,2
2026-03-13,601318,11:14:41,61.4200,110,2
2026-03-13,601318,11:14:44,61.4200,1,1
2026-03-13,601318,11:14:47,61.4200,173,1
2026-03-13,601318,11:14:50,61.4200,29,1
2026-03-13,601318,11:14:53,61.4200,39,1
2026-03-13,601318,11:14:56,61.4100,57,2
2026-03-13,601318,11:14:59,61.4100,34,2
2026-03-13,601318,11:15:02,61.4100,41,2
2026-03-13,601318,11:15:05,61.4100,73,2
2026-03-13,601318,11:15:08,61.4100,35,2
2026-03-13,601318,11:15:11,61.4100,44,2
2026-03-13,601318,11:15:14,61.4000,59,2
2026-03-13,601318,11:15:17,61.4100,47,2
2026-03-13,601318,11:15:20,61.4200,50,1
2026-03-13,601318,11:15:23,61.4300,56,1
2026-03-13,601318,11:15:26,61.4500,213,1
2026-03-13,601318,11:15:29,61.4200,15,2
2026-03-13,601318,11:15:32,61.4000,136,2
2026-03-13,601318,11:15:35,61.4200,24,2
2026-03-13,601318,11:15:38,61.4700,100,1
2026-03-13,601318,11:15:44,61.4300,16,2
2026-03-13,601318,11:15:47,61.4300,8,1
2026-03-13,601318,11:15:50,61.4200,338,2
2026-03-13,601318,11:15:53,61.4000,43,2
2026-03-13,601318,11:15:56,61.4100,110,2
2026-03-13,601318,11:15:59,61.4200,9,1
2026-03-13,601318,11:16:02,61.4200,50,1
2026-03-13,601318,11:16:05,61.4200,7,1
2026-03-13,601318,11:16:08,61.4200,97,1
2026-03-13,601318,11:16:11,61.4200,1,2
2026-03-13,601318,11:16:14,61.4200,36,2
2026-03-13,601318,11:16:17,61.4200,34,4
2026-03-13,601318,11:16:20,61.4200,14,2
2026-03-13,601318,11:16:23,61.4300,3,2
2026-03-13,601318,11:16:26,61.4600,16,1
2026-03-13,601318,11:16:29,61.4600,2,1
2026-03-13,601318,11:16:32,61.4400,11,2
2026-03-13,601318,11:16:35,61.4400,8,1
2026-03-13,601318,11:16:38,61.4400,82,4
2026-03-13,601318,11:16:41,61.4600,26,1
2026-03-13,601318,11:16:44,61.4500,6,4
2026-03-13,601318,11:16:47,61.4500,36,1
2026-03-13,601318,11:16:50,61.4700,24,1
2026-03-13,601318,11:16:53,61.4500,10,2
2026-03-13,601318,11:16:56,61.4600,15,1
2026-03-13,601318,11:16:59,61.4500,42,4
2026-03-13,601318,11:17:05,61.4500,2,2
2026-03-13,601318,11:17:08,61.4500,10,2
2026-03-13,601318,11:17:11,61.4700,59,1
2026-03-13,601318,11:17:14,61.4700,80,1
2026-03-13,601318,11:17:17,61.5000,26,1
2026-03-13,601318,11:17:20,61.4700,21,2
2026-03-13,601318,11:17:23,61.4700,1,4
2026-03-13,601318,11:17:26,61.4800,42,1
2026-03-13,601318,11:17:29,61.4900,10,1
2026-03-13,601318,11:17:32,61.4800,12,2
2026-03-13,601318,11:17:35,61.4800,16,1
2026-03-13,601318,11:17:38,61.4700,30,2
2026-03-13,601318,11:17:41,61.4800,30,1
2026-03-13,601318,11:17:44,61.4900,223,1
2026-03-13,601318,11:17:47,61.4800,58,2
2026-03-13,601318,11:17:50,61.4800,15,2
2026-03-13,601318,11:17:56,61.4900,14,2
2026-03-13,601318,11:17:59,61.4900,2,1
2026-03-13,601318,11:18:02,61.4800,3,2
2026-03-13,601318,11:18:05,61.4800,51,2
2026-03-13,601318,11:18:08,61.4800,10,1
2026-03-13,601318,11:18:11,61.4800,21,1
2026-03-13,601318,11:18:14,61.4800,22,1
2026-03-13,601318,11:18:17,61.4800,62,1
2026-03-13,601318,11:18:20,61.4800,22,1
2026-03-13,601318,11:18:23,61.4700,33,2
2026-03-13,601318,11:18:26,61.4700,13,2
2026-03-13,601318,11:18:29,61.4700,19,2
2026-03-13,601318,11:18:32,61.4600,12,2
2026-03-13,601318,11:18:35,61.4600,76,2
2026-03-13,601318,11:18:38,61.4600,104,1
2026-03-13,601318,11:18:41,61.4700,105,1
2026-03-13,601318,11:18:44,61.4700,75,1
2026-03-13,601318,11:18:47,61.4500,41,2
2026-03-13,601318,11:18:50,61.4600,4,4
2026-03-13,601318,11:18:53,61.4400,54,2
2026-03-13,601318,11:18:56,61.4300,32,2
2026-03-13,601318,11:18:59,61.4400,176,1
2026-03-13,601318,11:19:02,61.4500,32,1
2026-03-13,601318,11:19:05,61.4500,36,1
2026-03-13,601318,11:19:08,61.4300,15,2
2026-03-13,601318,11:19:11,61.4200,12,2
2026-03-13,601318,11:19:14,61.4200,58,2
2026-03-13,601318,11:19:17,61.4200,130,2
2026-03-13,601318,11:19:20,61.4300,10,1
2026-03-13,601318,11:19:23,61.4400,34,1
2026-03-13,601318,11:19:29,61.4200,11,2
2026-03-13,601318,11:19:32,61.4300,2,4
2026-03-13,601318,11:19:35,61.4300,1,2
