date,code,time,price,volume,bs
2026-06-26,600036,14:06:50,35.9700,19,2
2026-06-26,600036,14:06:53,35.9800,52,1
2026-06-26,600036,14:06:56,35.9500,1745,2
2026-06-26,600036,14:06:59,35.9600,93,1
2026-06-26,600036,14:07:02,35.9500,32,2
2026-06-26,600036,14:07:05,35.9500,153,2
2026-06-26,600036,14:07:08,35.9500,10,2
2026-06-26,600036,14:07:11,35.9500,56,2
2026-06-26,600036,14:07:14,35.9400,45,2
2026-06-26,600036,14:07:17,35.9400,55,2
2026-06-26,600036,14:07:20,35.9400,93,2
2026-06-26,600036,14:07:23,35.9400,159,1
2026-06-26,600036,14:07:26,35.9500,61,1
2026-06-26,600036,14:07:29,35.9500,3,1
2026-06-26,600036,14:07:32,35.9500,17,1
2026-06-26,600036,14:07:35,35.9500,23,1
2026-06-26,600036,14:07:38,35.9400,64,2
2026-06-26,600036,14:07:41,35.9500,374,1
2026-06-26,600036,14:07:44,35.9500,53,1
2026-06-26,600036,14:07:47,35.9400,98,2
2026-06-26,600036,14:07:50,35.9500,6,2
2026-06-26,600036,14:07:53,35.9600,105,1
2026-06-26,600036,14:07:56,35.9600,147,1
2026-06-26,600036,14:07:59,35.9500,13,2
2026-06-26,600036,14:08:02,35.9600,42,1
2026-06-26,600036,14:08:05,35.9500,7,2
2026-06-26,600036,14:08:08,35.9600,36,1
2026-06-26,600036,14:08:11,35.9500,32,2
2026-06-26,600036,14:08:14,35.9500,186,2
2026-06-26,600036,14:08:17,35.9500,45,1
2026-06-26,600036,14:08:20,35.9500,64,1
2026-06-26,600036,14:08:23,35.9500,263,1
2026-06-26,600036,14:08:26,35.9400,503,2
2026-06-26,600036,14:08:29,35.9400,24,2
2026-06-26,600036,14:08:32,35.9500,711,4
2026-06-26,600036,14:08:35,35.9500,115,2
2026-06-26,600036,14:08:38,35.9500,11,2
2026-06-26,600036,14:08:41,35.9500,40,2
2026-06-26,600036,14:08:44,35.9600,31,1
2026-06-26,600036,14:08:47,35.9500,194,2
2026-06-26,600036,14:08:50,35.9700,20,1
2026-06-26,600036,14:08:53,35.9500,6,2
2026-06-26,600036,14:08:56,35.9600,16,2
2026-06-26,600036,14:08:59,35.9700,61,1
2026-06-26,600036,14:09:02,35.9600,111,2
2026-06-26,600036,14:09:05,35.9600,167,2
2026-06-26,600036,14:09:08,35.9700,6,1
2026-06-26,600036,14:09:11,35.9700,23,1
2026-06-26,600036,14:09:14,35.9700,67,1
2026-06-26,600036,14:09:17,35.9600,226,2
2026-06-26,600036,14:09:20,35.9500,131,2
2026-06-26,600036,14:09:23,35.9700,133,1
2026-06-26,600036,14:09:26,35.9600,31,4
2026-06-26,600036,14:09:29,35.9500,11,2
2026-06-26,600036,14:09:32,35.9600,55,1
2026-06-26,600036,14:09:35,35.9500,90,2
2026-06-26,600036,14:09:38,35.9500,118,2
2026-06-26,600036,14:09:41,35.9500,996,2
2026-06-26,600036,14:09:44,35.9500,60,1
2026-06-26,600036,14:09:47,35.9500,57,1
2026-06-26,600036,14:09:50,35.9500,2,1
2026-06-26,600036,14:09:53,35.9400,975,2
2026-06-26,600036,14:09:56,35.9400,415,1
2026-06-26,600036,14:09:59,35.9400,54,1
2026-06-26,600036,14:10:02,35.9500,9,1
2026-06-26,600036,14:10:05,35.9400,21,2
2026-06-26,600036,14:10:08,35.9400,53,2
2026-06-26,600036,14:10:11,35.9400,62,2
2026-06-26,600036,14:10:14,35.9400,215,2
2026-06-26,600036,14:10:17,35.9400,107,1
2026-06-26,600036,14:10:20,35.9400,5,1
2026-06-26,600036,14:10:23,35.9400,182,1
2026-06-26,600036,14:10:26,35.9300,97,2
2026-06-26,600036,14:10:29,35.9300,156,2
2026-06-26,600036,14:10:32,35.9300,75,2
2026-06-26,600036,14:10:35,35.9300,268,2
2026-06-26,600036,14:10:38,35.9300,60,2
2026-06-26,600036,14:10:41,35.9300,3,1
2026-06-26,600036,14:10:44,35.9200,55,2
2026-06-26,600036,14:10:47,35.9300,238,1
2026-06-26,600036,14:10:50,35.9300,55,2
2026-06-26,600036,14:10:53,35.9400,11,1
2026-06-26,600036,14:10:56,35.9300,53,2
2026-06-26,600036,14:10:59,35.9300,69,2
2026-06-26,600036,14:11:02,35.9300,761,2
2026-06-26,600036,14:11:05,35.9200,10,2
2026-06-26,600036,14:11:08,35.9200,341,2
2026-06-26,600036,14:11:11,35.9200,102,2
2026-06-26,600036,14:11:14,35.9300,22,1
2026-06-26,600036,14:11:17,35.9200,35,2
2026-06-26,600036,14:11:20,35.9300,79,1
2026-06-26,600036,14:11:23,35.9300,600,1
2026-06-26,600036,14:11:26,35.9300,4,2
2026-06-26,600036,14:11:29,35.9400,68,1
2026-06-26,600036,14:11:32,35.9400,5,1
2026-06-26,600036,14:11:35,35.9400,54,1
2026-06-26,600036,14:11:38,35.9300,184,2
2026-06-26,600036,14:11:41,35.9400,17,1
2026-06-26,600036,14:11:44,35.9400,1,1
2026-06-26,600036,14:11:47,35.9400,30,1
2026-06-26,600036,14:11:50,35.9400,48,1
2026-06-26,600036,14:11:53,35.9300,202,2
2026-06-26,600036,14:11:56,35.9400,167,1
2026-06-26,600036,14:11:59,35.9400,55,1
2026-06-26,600036,14:12:02,35.9400,25,1
2026-06-26,600036,14:12:08,35.9400,27,1
2026-06-26,600036,14:12:11,35.9400,106,1
2026-06-26,600036,14:12:14,35.9400,153,1
2026-06-26,600036,14:12:17,35.9400,28,1
2026-06-26,600036,14:12:20,35.9400,100,1
2026-06-26,600036,14:12:23,35.9300,47,2
2026-06-26,600036,14:12:26,35.9400,23,1
2026-06-26,600036,14:12:29,35.9300,108,2
2026-06-26,600036,14:12:32,35.9300,64,2
2026-06-26,600036,14:12:35,35.9400,37,1
2026-06-26,600036,14:12:38,35.9300,28,2
2026-06-26,600036,14:12:41,35.9400,26,1
2026-06-26,600036,14:12:44,35.9300,15,2
2026-06-26,600036,14:12:47,35.9400,103,1
2026-06-26,600036,14:12:50,35.9400,59,1
2026-06-26,600036,14:12:53,35.9400,475,1
2026-06-26,600036,14:12:56,35.9400,10,2
2026-06-26,600036,14:12:59,35.9500,34,1
2026-06-26,600036,14:13:02,35.9400,84,2
2026-06-26,600036,14:13:05,35.9500,84,1
2026-06-26,600036,14:13:08,35.9500,38,1
2026-06-26,600036,14:13:11,35.9500,217,1
2026-06-26,600036,14:13:14,35.9400,338,2
2026-06-26,600036,14:13:17,35.9300,88,2
2026-06-26,600036,14:13:20,35.9300,431,2
2026-06-26,600036,14:13:23,35.9300,52,1
2026-06-26,600036,14:13:26,35.9300,132,1
2026-06-26,600036,14:13:29,35.9200,5,2
2026-06-26,600036,14:13:32,35.9300,11,1
2026-06-26,600036,14:13:35,35.9300,46,1
2026-06-26,600036,14:13:38,35.9300,116,1
2026-06-26,600036,14:13:44,35.9300,35,1
2026-06-26,600036,14:13:47,35.9200,28,2
2026-06-26,600036,14:13:50,35.9200,21,2
2026-06-26,600036,14:13:53,35.9200,139,2
2026-06-26,600036,14:13:56,35.9300,311,1
2026-06-26,600036,14:13:59,35.9300,62,2
2026-06-26,600036,14:14:02,35.9300,182,2
2026-06-26,600036,14:14:05,35.9300,7,2
2026-06-26,600036,14:14:08,35.9300,6,2
2026-06-26,600036,14:14:11,35.9300,159,2
2026-06-26,600036,14:14:14,35.9300,35,2
2026-06-26,600036,14:14:17,35.9300,429,2
2026-06-26,600036,14:14:20,35.9300,10,1
2026-06-26,600036,14:14:23,35.9300,86,1
2026-06-26,600036,14:14:26,35.9300,8,1
2026-06-26,600036,14:14:29,35.9300,129,1
2026-06-26,600036,14:14:32,35.9300,32,1
2026-06-26,600036,14:14:35,35.9300,27,1
2026-06-26,600036,14:14:38,35.9300,281,1
2026-06-26,600036,14:14:41,35.9300,392,2
2026-06-26,600036,14:14:44,35.9200,187,2
2026-06-26,600036,14:14:47,35.9200,112,2
2026-06-26,600036,14:14:50,35.9200,124,2
2026-06-26,600036,14:14:53,35.9300,147,1
2026-06-26,600036,14:14:56,35.9200,22,2
2026-06-26,600036,14:14:59,35.9300,26,1
2026-06-26,600036,14:15:02,35.9300,135,1
2026-06-26,600036,14:15:05,35.9300,45,1
2026-06-26,600036,14:15:08,35.9300,234,1
2026-06-26,600036,14:15:14,35.9300,83,2
2026-06-26,600036,14:15:17,35.9300,18,2
2026-06-26,600036,14:15:20,35.9300,297,2
2026-06-26,600036,14:15:23,35.9400,322,1
2026-06-26,600036,14:15:26,35.9300,288,2
2026-06-26,600036,14:15:29,35.9300,15,1
2026-06-26,600036,14:15:32,35.9300,37,1
2026-06-26,600036,14:15:35,35.9300,197,1
2026-06-26,600036,14:15:38,35.9300,72,2
2026-06-26,600036,14:15:41,35.9400,26,1
2026-06-26,600036,14:15:44,35.9400,444,1
2026-06-26,600036,14:15:47,35.9300,120,2
2026-06-26,600036,14:15:50,35.9400,38,1
2026-06-26,600036,14:15:53,35.9400,96,1
2026-06-26,600036,14:15:56,35.9400,30,1
2026-06-26,600036,14:15:59,35.9400,62,1
2026-06-26,600036,14:16:02,35.9400,562,1
2026-06-26,600036,14:16:05,35.9500,50,1
2026-06-26,600036,14:16:08,35.9400,58,2
2026-06-26,600036,14:16:11,35.9500,387,1
2026-06-26,600036,14:16:14,35.9500,155,2
2026-06-26,600036,14:16:17,35.9500,67,2
2026-06-26,600036,14:16:20,35.9600,46,1
2026-06-26,600036,14:16:23,35.9500,39,2
2026-06-26,600036,14:16:26,35.9500,121,2
2026-06-26,600036,14:16:29,35.9600,25,1
2026-06-26,600036,14:16:32,35.9600,23,1
2026-06-26,600036,14:16:35,35.9600,67,1
2026-06-26,600036,14:16:38,35.9600,42,1
2026-06-26,600036,14:16:41,35.9600,414,1
2026-06-26,600036,14:16:44,35.9600,12,1
2026-06-26,600036,14:16:47,35.9600,217,1
2026-06-26,600036,14:16:50,35.9600,151,1
2026-06-26,600036,14:16:53,35.9600,256,2
2026-06-26,600036,14:16:56,35.9700,27,1
2026-06-26,600036,14:16:59,35.9700,86,1
2026-06-26,600036,14:17:02,35.9700,18,1
2026-06-26,600036,14:17:05,35.9700,5,1
2026-06-26,600036,14:17:08,35.9600,174,2
2026-06-26,600036,14:17:11,35.9700,494,1
2026-06-26,600036,14:17:14,35.9800,72,1
2026-06-26,600036,14:17:17,35.9800,73,1
2026-06-26,600036,14:17:20,35.9900,41,1
2026-06-26,600036,14:17:23,35.9900,14,1
2026-06-26,600036,14:17:26,35.9800,25,2
2026-06-26,600036,14:17:29,35.9900,88,1
2026-06-26,600036,14:17:32,35.9800,47,2
2026-06-26,600036,14:17:35,35.9900,45,1
2026-06-26,600036,14:17:38,35.9800,366,2
2026-06-26,600036,14:17:41,35.9800,91,1
2026-06-26,600036,14:17:44,35.9800,33,1
2026-06-26,600036,14:17:47,35.9800,24,1
2026-06-26,600036,14:17:50,35.9800,79,1
2026-06-26,600036,14:17:53,35.9800,46,1
2026-06-26,600036,14:17:56,35.9800,267,1
2026-06-26,600036,14:17:59,35.9800,37,1
2026-06-26,600036,14:18:02,35.9800,63,1
2026-06-26,600036,14:18:05,35.9700,28,2
2026-06-26,600036,14:18:08,35.9800,13,1
2026-06-26,600036,14:18:11,35.9800,302,1
2026-06-26,600036,14:18:14,35.9700,74,2
2026-06-26,600036,14:18:17,35.9800,54,1
2026-06-26,600036,14:18:20,35.9800,34,1
2026-06-26,600036,14:18:23,35.9800,48,1
2026-06-26,600036,14:18:26,35.9800,76,1
2026-06-26,600036,14:18:29,35.9500,1258,2
2026-06-26,600036,14:18:32,35.9600,165,1
2026-06-26,600036,14:18:35,35.9600,68,1
2026-06-26,600036,14:18:38,35.9600,30,1
2026-06-26,600036,14:18:41,35.9600,39,1
2026-06-26,600036,14:18:44,35.9600,35,1
2026-06-26,600036,14:18:47,35.9700,222,1
2026-06-26,600036,14:18:50,35.9700,58,2
2026-06-26,600036,14:18:53,35.9800,48,1
2026-06-26,600036,14:18:56,35.9800,68,1
2026-06-26,600036,14:18:59,35.9800,25,1
2026-06-26,600036,14:19:02,35.9800,31,1
2026-06-26,600036,14:19:05,35.9800,44,1
2026-06-26,600036,14:19:08,35.9800,227,1
2026-06-26,600036,14:19:11,35.9800,111,1
2026-06-26,600036,14:19:14,35.9800,426,1
2026-06-26,600036,14:19:17,35.9800,42,1
2026-06-26,600036,14:19:20,35.9700,93,2
2026-06-26,600036,14:19:23,35.9700,75,2
2026-06-26,600036,14:19:26,35.9600,1062,2
2026-06-26,600036,14:19:29,35.9600,44,1
2026-06-26,600036,14:19:32,35.9500,46,2
2026-06-26,600036,14:19:35,35.9600,201,1
2026-06-26,600036,14:19:38,35.9600,122,1
2026-06-26,600036,14:19:41,35.9600,19,1
2026-06-26,600036,14:19:44,35.9700,52,1
2026-06-26,600036,14:19:47,35.9700,561,1
2026-06-26,600036,14:19:50,35.9700,410,1
2026-06-26,600036,14:19:53,35.9700,18,1
2026-06-26,600036,14:19:56,35.9600,60,2
2026-06-26,600036,14:19:59,35.9700,53,1
2026-06-26,600036,14:20:02,35.9700,49,1
2026-06-26,600036,14:20:05,35.9600,116,2
2026-06-26,600036,14:20:08,35.9600,242,2
2026-06-26,600036,14:20:11,35.9600,86,1
2026-06-26,600036,14:20:14,35.9600,28,2
2026-06-26,600036,14:20:17,35.9700,18,1
2026-06-26,600036,14:20:20,35.9600,67,2
2026-06-26,600036,14:20:23,35.9700,59,1
2026-06-26,600036,14:20:26,35.9600,491,2
2026-06-26,600036,14:20:29,35.9600,55,1
2026-06-26,600036,14:20:32,35.9600,63,1
2026-06-26,600036,14:20:35,35.9600,122,1
2026-06-26,600036,14:20:38,35.9500,9,2
2026-06-26,600036,14:20:41,35.9500,443,2
2026-06-26,600036,14:20:44,35.9600,38,1
2026-06-26,600036,14:20:47,35.9600,121,1
2026-06-26,600036,14:20:50,35.9700,16,1
2026-06-26,600036,14:20:53,35.9600,98,2
2026-06-26,600036,14:20:56,35.9700,73,1
2026-06-26,600036,14:20:59,35.9700,40,1
2026-06-26,600036,14:21:02,35.9600,88,2
2026-06-26,600036,14:21:05,35.9600,42,2
2026-06-26,600036,14:21:08,35.9600,2,2
2026-06-26,600036,14:21:14,35.9700,23,1
2026-06-26,600036,14:21:17,35.9700,55,1
2026-06-26,600036,14:21:20,35.9700,751,1
2026-06-26,600036,14:21:23,35.9700,238,1
2026-06-26,600036,14:21:26,35.9800,33,1
2026-06-26,600036,14:21:29,35.9900,352,1
2026-06-26,600036,14:21:32,35.9800,199,1
2026-06-26,600036,14:21:35,35.9800,18,2
2026-06-26,600036,14:21:38,35.9800,110,2
2026-06-26,600036,14:21:41,35.9800,20,2
2026-06-26,600036,14:21:44,35.9900,142,1
2026-06-26,600036,14:21:47,35.9900,304,1
2026-06-26,600036,14:21:50,35.9900,36,1
2026-06-26,600036,14:21:53,35.9900,231,1
2026-06-26,600036,14:21:56,35.9900,475,2
2026-06-26,600036,14:21:59,36.0000,162,1
2026-06-26,600036,14:22:02,36.0000,56,1
2026-06-26,600036,14:22:05,35.9900,40,2
2026-06-26,600036,14:22:08,36.0000,34,1
2026-06-26,600036,14:22:11,36.0000,3,1
2026-06-26,600036,14:22:14,36.0000,172,1
2026-06-26,600036,14:22:17,35.9900,339,2
2026-06-26,600036,14:22:20,35.9900,105,2
2026-06-26,600036,14:22:23,35.9900,64,1
2026-06-26,600036,14:22:26,35.9800,131,2
2026-06-26,600036,14:22:29,35.9900,120,1
2026-06-26,600036,14:22:32,35.9900,29,1
2026-06-26,600036,14:22:35,35.9800,16,2
2026-06-26,600036,14:22:38,35.9800,72,2
2026-06-26,600036,14:22:41,35.9900,181,1
2026-06-26,600036,14:22:44,35.9900,58,1
2026-06-26,600036,14:22:47,35.9900,49,1
2026-06-26,600036,14:22:50,35.9900,17,1
2026-06-26,600036,14:22:53,35.9900,24,4
2026-06-26,600036,14:22:56,35.9900,101,2
2026-06-26,600036,14:22:59,35.9900,160,2
2026-06-26,600036,14:23:02,35.9900,174,2
2026-06-26,600036,14:23:05,35.9900,4,2
2026-06-26,600036,14:23:08,35.9800,143,2
2026-06-26,600036,14:23:11,36.0100,331,1
2026-06-26,600036,14:23:14,36.0100,253,1
2026-06-26,600036,14:23:17,36.0000,368,4
2026-06-26,600036,14:23:20,36.0000,192,2
2026-06-26,600036,14:23:23,36.0200,552,1
2026-06-26,600036,14:23:26,36.0000,333,2
2026-06-26,600036,14:23:29,36.0100,324,2
2026-06-26,600036,14:23:32,36.0100,208,4
2026-06-26,600036,14:23:35,36.0100,316,2
2026-06-26,600036,14:23:38,36.0100,79,1
2026-06-26,600036,14:23:41,36.0000,263,2
2026-06-26,600036,14:23:44,36.0000,108,1
2026-06-26,600036,14:23:47,36.0000,149,1
2026-06-26,600036,14:23:50,36.0000,109,1
2026-06-26,600036,14:23:53,35.9900,162,2
2026-06-26,600036,14:23:56,35.9900,4,2
2026-06-26,600036,14:23:59,36.0000,42,1
2026-06-26,600036,14:24:02,35.9900,267,2
2026-06-26,600036,14:24:05,36.0000,96,1
2026-06-26,600036,14:24:08,36.0000,306,1
2026-06-26,600036,14:24:11,36.0200,259,1
2026-06-26,600036,14:24:14,36.0000,108,2
2026-06-26,600036,14:24:17,36.0200,33,1
2026-06-26,600036,14:24:20,36.0200,49,2
2026-06-26,600036,14:24:23,36.0200,226,2
2026-06-26,600036,14:24:26,36.0200,300,2
2026-06-26,600036,14:24:29,36.0400,190,1
2026-06-26,600036,14:24:32,36.0200,1140,2
2026-06-26,600036,14:24:35,36.0400,330,1
2026-06-26,600036,14:24:38,36.0300,198,2
2026-06-26,600036,14:24:41,36.0300,117,1
2026-06-26,600036,14:24:44,36.0200,69,2
2026-06-26,600036,14:24:47,36.0200,111,2
2026-06-26,600036,14:24:50,36.0300,20,1
2026-06-26,600036,14:24:53,36.0200,228,2
2026-06-26,600036,14:24:56,36.0300,67,1
2026-06-26,600036,14:24:59,36.0200,60,2
2026-06-26,600036,14:25:02,36.0200,152,2
2026-06-26,600036,14:25:05,36.0200,56,1
2026-06-26,600036,14:25:08,36.0200,44,1
2026-06-26,600036,14:25:11,36.0200,146,1
2026-06-26,600036,14:25:14,36.0200,63,1
2026-06-26,600036,14:25:17,36.0200,45,1
2026-06-26,600036,14:25:20,36.0200,60,2
2026-06-26,600036,14:25:23,36.0200,11,2
2026-06-26,600036,14:25:26,36.0200,420,2
2026-06-26,600036,14:25:29,36.0200,3,1
2026-06-26,600036,14:25:32,36.0100,60,2
2026-06-26,600036,14:25:35,36.0100,26,2
2026-06-26,600036,14:25:38,36.0100,163,2
2026-06-26,600036,14:25:41,36.0200,102,1
2026-06-26,600036,14:25:44,36.0200,76,1
2026-06-26,600036,14:25:47,36.0200,62,1
2026-06-26,600036,14:25:50,36.0100,53,2
2026-06-26,600036,14:25:53,36.0100,85,2
2026-06-26,600036,14:25:56,36.0100,20,2
2026-06-26,600036,14:25:59,36.0200,66,1
2026-06-26,600036,14:26:02,36.0200,101,1
2026-06-26,600036,14:26:05,36.0200,78,1
2026-06-26,600036,14:26:08,36.0100,58,2
2026-06-26,600036,14:26:11,36.0200,57,1
2026-06-26,600036,14:26:14,36.0100,90,2
2026-06-26,600036,14:26:17,36.0200,140,1
2026-06-26,600036,14:26:20,36.0200,199,1
2026-06-26,600036,14:26:23,36.0200,9,1
2026-06-26,600036,14:26:26,36.0100,106,2
2026-06-26,600036,14:26:29,36.0100,16,2
2026-06-26,600036,14:26:32,36.0100,126,2
2026-06-26,600036,14:26:35,36.0100,1641,1
2026-06-26,600036,14:26:38,36.0200,486,1
2026-06-26,600036,14:26:41,36.0200,113,1
2026-06-26,600036,14:26:44,36.0100,57,2
2026-06-26,600036,14:26:47,36.0100,178,2
2026-06-26,600036,14:26:50,36.0200,14,1
2026-06-26,600036,14:26:53,36.0200,133,1
2026-06-26,600036,14:26:56,36.0200,124,1
2026-06-26,600036,14:26:59,36.0100,136,2
2026-06-26,600036,14:27:02,36.0100,131,2
2026-06-26,600036,14:27:05,36.0100,116,2
2026-06-26,600036,14:27:08,36.0200,163,1
2026-06-26,600036,14:27:11,36.0100,290,2
2026-06-26,600036,14:27:14,36.0200,10,1
2026-06-26,600036,14:27:17,36.0200,222,1
2026-06-26,600036,14:27:20,36.0100,42,2
2026-06-26,600036,14:27:23,36.0100,41,2
2026-06-26,600036,14:27:26,36.0200,94,1
2026-06-26,600036,14:27:29,36.0100,56,2
2026-06-26,600036,14:27:32,36.0100,38,2
2026-06-26,600036,14:27:35,36.0100,34,2
2026-06-26,600036,14:27:38,36.0200,120,1
2026-06-26,600036,14:27:41,36.0100,284,2
2026-06-26,600036,14:27:44,36.0100,152,2
2026-06-26,600036,14:27:47,36.0200,124,1
2026-06-26,600036,14:27:50,36.0100,112,2
2026-06-26,600036,14:27:53,36.0100,17,2
2026-06-26,600036,14:27:56,36.0100,58,2
2026-06-26,600036,14:27:59,36.0100,23,2
2026-06-26,600036,14:28:02,36.0200,642,1
2026-06-26,600036,14:28:05,36.0200,473,1
2026-06-26,600036,14:28:08,36.0100,229,2
2026-06-26,600036,14:28:11,36.0100,48,2
2026-06-26,600036,14:28:14,36.0200,76,1
2026-06-26,600036,14:28:17,36.0300,113,1
2026-06-26,600036,14:28:20,36.0300,17,1
2026-06-26,600036,14:28:23,36.0300,25,1
2026-06-26,600036,14:28:26,36.0200,135,2
2026-06-26,600036,14:28:29,36.0300,20,1
2026-06-26,600036,14:28:32,36.0300,77,1
2026-06-26,600036,14:28:35,36.0200,59,2
2026-06-26,600036,14:28:38,36.0200,71,2
2026-06-26,600036,14:28:41,36.0200,38,2
2026-06-26,600036,14:28:44,36.0300,16,1
2026-06-26,600036,14:28:47,36.0200,77,2
2026-06-26,600036,14:28:50,36.0200,468,2
2026-06-26,600036,14:28:53,36.0200,121,1
2026-06-26,600036,14:28:56,36.0200,106,1
2026-06-26,600036,14:28:59,36.0200,112,1
2026-06-26,600036,14:29:02,36.0200,119,1
2026-06-26,600036,14:29:05,36.0200,27,2
2026-06-26,600036,14:29:08,36.0200,48,2
2026-06-26,600036,14:29:11,36.0200,85,2
2026-06-26,600036,14:29:14,36.0200,32,2
2026-06-26,600036,14:29:17,36.0200,63,2
2026-06-26,600036,14:29:20,36.0200,254,2
2026-06-26,600036,14:29:23,36.0400,66,1
2026-06-26,600036,14:29:26,36.0200,142,2
2026-06-26,600036,14:29:29,36.0300,150,1
2026-06-26,600036,14:29:32,36.0300,130,1
2026-06-26,600036,14:29:35,36.0300,72,1
2026-06-26,600036,14:29:38,36.0400,34,1
2026-06-26,600036,14:29:41,36.0400,77,1
2026-06-26,600036,14:29:44,36.0400,29,1
2026-06-26,600036,14:29:47,36.0400,164,1
2026-06-26,600036,14:29:50,36.0300,5,2
2026-06-26,600036,14:29:53,36.0400,73,1
2026-06-26,600036,14:29:56,36.0300,41,2
2026-06-26,600036,14:29:59,36.0400,168,1
2026-06-26,600036,14:30:02,36.0500,331,1
2026-06-26,600036,14:30:05,36.0600,510,1
2026-06-26,600036,14:30:08,36.0600,171,1
2026-06-26,600036,14:30:11,36.0700,653,1
2026-06-26,600036,14:30:14,36.0900,683,1
2026-06-26,600036,14:30:17,36.0700,685,2
2026-06-26,600036,14:30:20,36.0700,247,2
2026-06-26,600036,14:30:23,36.0800,94,1
2026-06-26,600036,14:30:26,36.0800,488,1
2026-06-26,600036,14:30:29,36.0900,537,1
2026-06-26,600036,14:30:32,36.0900,437,1
2026-06-26,600036,14:30:35,36.0900,187,1
2026-06-26,600036,14:30:38,36.1100,374,1
2026-06-26,600036,14:30:41,36.1100,415,1
2026-06-26,600036,14:30:44,36.1300,507,1
2026-06-26,600036,14:30:47,36.1200,184,4
2026-06-26,600036,14:30:50,36.1100,752,2
2026-06-26,600036,14:30:53,36.1200,174,1
2026-06-26,600036,14:30:56,36.1100,22,4
2026-06-26,600036,14:30:59,36.1100,204,1
2026-06-26,600036,14:31:02,36.1000,107,2
2026-06-26,600036,14:31:05,36.1000,170,2
2026-06-26,600036,14:31:08,36.1100,1565,1
2026-06-26,600036,14:31:11,36.1000,511,2
2026-06-26,600036,14:31:14,36.1100,268,1
2026-06-26,600036,14:31:17,36.1100,218,1
2026-06-26,600036,14:31:20,36.1100,185,2
2026-06-26,600036,14:31:23,36.1200,340,4
2026-06-26,600036,14:31:26,36.1200,169,1
2026-06-26,600036,14:31:29,36.1100,141,2
2026-06-26,600036,14:31:32,36.1200,139,1
2026-06-26,600036,14:31:35,36.1200,294,1
2026-06-26,600036,14:31:38,36.1400,591,1
2026-06-26,600036,14:31:41,36.1500,481,1
2026-06-26,600036,14:31:44,36.1400,72,1
2026-06-26,600036,14:31:47,36.1400,336,1
2026-06-26,600036,14:31:50,36.1400,283,2
2026-06-26,600036,14:31:53,36.1400,27,2
2026-06-26,600036,14:31:56,36.1500,94,1
2026-06-26,600036,14:31:59,36.1500,414,1
2026-06-26,600036,14:32:02,36.1400,224,2
2026-06-26,600036,14:32:05,36.1500,215,1
2026-06-26,600036,14:32:08,36.1500,753,1
2026-06-26,600036,14:32:11,36.1300,764,2
2026-06-26,600036,14:32:14,36.1400,368,1
2026-06-26,600036,14:32:17,36.1300,430,2
2026-06-26,600036,14:32:20,36.1300,214,2
2026-06-26,600036,14:32:23,36.1300,612,2
2026-06-26,600036,14:32:26,36.1200,147,2
2026-06-26,600036,14:32:29,36.1200,320,1
2026-06-26,600036,14:32:32,36.1000,191,2
2026-06-26,600036,14:32:35,36.1000,172,2
2026-06-26,600036,14:32:38,36.1000,137,1
2026-06-26,600036,14:32:41,36.1000,454,1
2026-06-26,600036,14:32:44,36.0900,483,2
2026-06-26,600036,14:32:47,36.0800,130,2
2026-06-26,600036,14:32:50,36.0900,112,1
2026-06-26,600036,14:32:53,36.0800,136,2
2026-06-26,600036,14:32:56,36.1000,156,1
2026-06-26,600036,14:32:59,36.0900,194,1
2026-06-26,600036,14:33:02,36.1000,175,1
2026-06-26,600036,14:33:05,36.1000,78,1
2026-06-26,600036,14:33:08,36.1100,118,1
2026-06-26,600036,14:33:11,36.1000,53,2
2026-06-26,600036,14:33:14,36.1100,165,1
2026-06-26,600036,14:33:17,36.1200,251,1
2026-06-26,600036,14:33:20,36.1300,18,1
2026-06-26,600036,14:33:23,36.1300,176,1
2026-06-26,600036,14:33:26,36.1300,207,1
2026-06-26,600036,14:33:29,36.1300,15,1
2026-06-26,600036,14:33:32,36.1200,110,2
2026-06-26,600036,14:33:35,36.1200,495,2
2026-06-26,600036,14:33:38,36.1200,261,2
2026-06-26,600036,14:33:41,36.1300,287,1
2026-06-26,600036,14:33:44,36.1300,174,1
2026-06-26,600036,14:33:47,36.1300,43,2
2026-06-26,600036,14:33:50,36.1300,162,2
2026-06-26,600036,14:33:53,36.1500,580,1
2026-06-26,600036,14:33:56,36.1400,60,4
2026-06-26,600036,14:33:59,36.1500,48,1
2026-06-26,600036,14:34:02,36.1300,85,2
2026-06-26,600036,14:34:05,36.1500,76,1
2026-06-26,600036,14:34:08,36.1400,181,2
2026-06-26,600036,14:34:11,36.1500,71,1
2026-06-26,600036,14:34:14,36.1400,79,2
2026-06-26,600036,14:34:17,36.1500,45,1
2026-06-26,600036,14:34:20,36.1500,224,1
2026-06-26,600036,14:34:23,36.1500,238,2
2026-06-26,600036,14:34:26,36.1600,342,1
2026-06-26,600036,14:34:29,36.1600,70,1
2026-06-26,600036,14:34:32,36.1600,235,2
2026-06-26,600036,14:34:35,36.1600,244,2
2026-06-26,600036,14:34:38,36.1600,274,2
2026-06-26,600036,14:34:41,36.1500,396,2
2026-06-26,600036,14:34:44,36.1500,102,1
2026-06-26,600036,14:34:47,36.1400,122,2
2026-06-26,600036,14:34:50,36.1400,138,2
2026-06-26,600036,14:34:53,36.1400,28,2
2026-06-26,600036,14:34:56,36.1500,142,1
2026-06-26,600036,14:34:59,36.1500,233,1
2026-06-26,600036,14:35:02,36.1500,161,1
2026-06-26,600036,14:35:05,36.1600,380,1
2026-06-26,600036,14:35:08,36.1600,160,1
2026-06-26,600036,14:35:11,36.1800,262,1
2026-06-26,600036,14:35:14,36.1600,188,2
2026-06-26,600036,14:35:17,36.1600,256,2
2026-06-26,600036,14:35:20,36.1600,200,2
2026-06-26,600036,14:35:23,36.1700,189,1
2026-06-26,600036,14:35:26,36.1700,46,1
2026-06-26,600036,14:35:29,36.1700,74,1
2026-06-26,600036,14:35:32,36.1700,90,1
2026-06-26,600036,14:35:35,36.1700,69,1
2026-06-26,600036,14:35:38,36.1700,190,1
2026-06-26,600036,14:35:41,36.1700,87,1
2026-06-26,600036,14:35:44,36.1700,34,1
2026-06-26,600036,14:35:47,36.1700,118,1
2026-06-26,600036,14:35:50,36.1600,52,2
2026-06-26,600036,14:35:53,36.1600,272,2
2026-06-26,600036,14:35:56,36.1600,160,2
2026-06-26,600036,14:35:59,36.1600,120,2
2026-06-26,600036,14:36:02,36.1600,380,2
2026-06-26,600036,14:36:05,36.1600,231,2
2026-06-26,600036,14:36:08,36.1500,734,2
2026-06-26,600036,14:36:11,36.1400,289,2
2026-06-26,600036,14:36:14,36.1500,62,1
2026-06-26,600036,14:36:17,36.1400,131,2
2026-06-26,600036,14:36:20,36.1400,180,2
2026-06-26,600036,14:36:23,36.1500,62,1
2026-06-26,600036,14:36:26,36.1400,71,2
2026-06-26,600036,14:36:29,36.1400,86,2
2026-06-26,600036,14:36:32,36.1500,119,1
2026-06-26,600036,14:36:35,36.1500,200,1
2026-06-26,600036,14:36:38,36.1400,191,2
2026-06-26,600036,14:36:41,36.1300,199,2
2026-06-26,600036,14:36:44,36.1400,244,1
2026-06-26,600036,14:36:47,36.1300,81,2
2026-06-26,600036,14:36:50,36.1300,21,1
2026-06-26,600036,14:36:53,36.1300,14,1
2026-06-26,600036,14:36:56,36.1200,42,2
2026-06-26,600036,14:36:59,36.1300,62,1
2026-06-26,600036,14:37:02,36.1200,67,2
2026-06-26,600036,14:37:05,36.1300,66,1
2026-06-26,600036,14:37:08,36.1200,22,2
2026-06-26,600036,14:37:11,36.1200,160,2
2026-06-26,600036,14:37:14,36.1200,24,2
2026-06-26,600036,14:37:17,36.1300,172,1
2026-06-26,600036,14:37:20,36.1200,194,2
2026-06-26,600036,14:37:23,36.1200,704,2
2026-06-26,600036,14:37:26,36.1100,292,4
2026-06-26,600036,14:37:29,36.1000,271,2
2026-06-26,600036,14:37:32,36.1100,57,4
2026-06-26,600036,14:37:35,36.1100,94,2
2026-06-26,600036,14:37:38,36.1100,95,2
2026-06-26,600036,14:37:41,36.1100,67,2
2026-06-26,600036,14:37:44,36.1100,90,1
2026-06-26,600036,14:37:47,36.1100,196,1
2026-06-26,600036,14:37:50,36.1100,32,4
2026-06-26,600036,14:37:53,36.1100,46,2
2026-06-26,600036,14:37:56,36.1100,152,2
2026-06-26,600036,14:37:59,36.1000,152,2
2026-06-26,600036,14:38:02,36.1100,283,1
2026-06-26,600036,14:38:05,36.1000,81,2
2026-06-26,600036,14:38:08,36.1100,30,1
2026-06-26,600036,14:38:11,36.1000,45,2
2026-06-26,600036,14:38:14,36.1100,79,1
2026-06-26,600036,14:38:17,36.1000,40,2
2026-06-26,600036,14:38:20,36.1100,23,1
2026-06-26,600036,14:38:23,36.1000,26,2
2026-06-26,600036,14:38:26,36.1000,97,2
2026-06-26,600036,14:38:29,36.0900,185,2
2026-06-26,600036,14:38:32,36.1000,176,1
2026-06-26,600036,14:38:35,36.1000,79,1
2026-06-26,600036,14:38:38,36.1000,132,1
2026-06-26,600036,14:38:41,36.1100,827,1
2026-06-26,600036,14:38:44,36.1100,269,2
2026-06-26,600036,14:38:47,36.1100,137,1
2026-06-26,600036,14:38:50,36.1000,176,2
2026-06-26,600036,14:38:53,36.1000,36,2
2026-06-26,600036,14:38:56,36.1100,41,1
2026-06-26,600036,14:38:59,36.1100,29,1
2026-06-26,600036,14:39:02,36.1100,64,1
2026-06-26,600036,14:39:05,36.1000,202,2
2026-06-26,600036,14:39:08,36.1100,84,4
2026-06-26,600036,14:39:11,36.1000,61,2
2026-06-26,600036,14:39:14,36.1100,42,1
2026-06-26,600036,14:39:17,36.1100,29,2
2026-06-26,600036,14:39:20,36.1100,62,2
2026-06-26,600036,14:39:23,36.1100,18,2
2026-06-26,600036,14:39:29,36.1200,76,1
2026-06-26,600036,14:39:32,36.1100,117,2
2026-06-26,600036,14:39:35,36.1100,80,2
2026-06-26,600036,14:39:38,36.1200,50,1
2026-06-26,600036,14:39:41,36.1100,43,2
2026-06-26,600036,14:39:44,36.1100,132,2
2026-06-26,600036,14:39:47,36.1100,244,2
2026-06-26,600036,14:39:50,36.1100,871,2
2026-06-26,600036,14:39:53,36.1000,60,2
2026-06-26,600036,14:39:56,36.1000,95,2
2026-06-26,600036,14:39:59,36.1100,4,1
2026-06-26,600036,14:40:02,36.1000,18,2
2026-06-26,600036,14:40:05,36.1000,43,2
2026-06-26,600036,14:40:08,36.1000,252,2
2026-06-26,600036,14:40:11,36.1000,182,2
2026-06-26,600036,14:40:14,36.1000,524,2
2026-06-26,600036,14:40:17,36.1000,108,2
2026-06-26,600036,14:40:20,36.1000,104,2
2026-06-26,600036,14:40:23,36.0900,153,2
2026-06-26,600036,14:40:26,36.0900,165,2
2026-06-26,600036,14:40:29,36.0900,39,1
2026-06-26,600036,14:40:32,36.0800,27,2
2026-06-26,600036,14:40:35,36.0800,128,2
2026-06-26,600036,14:40:38,36.0900,68,1
2026-06-26,600036,14:40:41,36.0900,60,1
2026-06-26,600036,14:40:44,36.0900,25,1
2026-06-26,600036,14:40:47,36.0900,34,1
2026-06-26,600036,14:40:50,36.0800,92,2
2026-06-26,600036,14:40:53,36.0800,113,2
2026-06-26,600036,14:40:56,36.0800,47,2
2026-06-26,600036,14:40:59,36.0900,70,1
2026-06-26,600036,14:41:02,36.0800,102,2
2026-06-26,600036,14:41:05,36.0900,50,1
2026-06-26,600036,14:41:08,36.1000,221,1
2026-06-26,600036,14:41:11,36.1000,161,1
2026-06-26,600036,14:41:14,36.0900,47,2
2026-06-26,600036,14:41:17,36.0900,119,2
2026-06-26,600036,14:41:20,36.1000,116,1
2026-06-26,600036,14:41:23,36.1000,33,1
2026-06-26,600036,14:41:26,36.1000,40,1
2026-06-26,600036,14:41:29,36.0900,122,2
2026-06-26,600036,14:41:32,36.0900,65,2
2026-06-26,600036,14:41:35,36.1000,80,1
2026-06-26,600036,14:41:38,36.1000,99,1
2026-06-26,600036,14:41:41,36.1000,69,1
2026-06-26,600036,14:41:44,36.0900,53,2
2026-06-26,600036,14:41:47,36.1000,41,1
2026-06-26,600036,14:41:50,36.1000,124,1
2026-06-26,600036,14:41:53,36.0900,50,2
2026-06-26,600036,14:41:56,36.0900,138,2
2026-06-26,600036,14:41:59,36.1000,183,1
2026-06-26,600036,14:42:02,36.1000,178,1
2026-06-26,600036,14:42:05,36.0900,873,2
2026-06-26,600036,14:42:08,36.0900,44,2
2026-06-26,600036,14:42:11,36.0900,37,2
2026-06-26,600036,14:42:14,36.0900,34,2
2026-06-26,600036,14:42:17,36.1000,89,1
2026-06-26,600036,14:42:20,36.0900,141,2
2026-06-26,600036,14:42:23,36.0900,141,2
2026-06-26,600036,14:42:26,36.1000,54,1
2026-06-26,600036,14:42:29,36.1000,34,1
2026-06-26,600036,14:42:32,36.0900,143,2
2026-06-26,600036,14:42:35,36.1000,105,1
2026-06-26,600036,14:42:38,36.0900,56,2
2026-06-26,600036,14:42:41,36.1000,23,1
2026-06-26,600036,14:42:44,36.0900,263,2
2026-06-26,600036,14:42:47,36.0900,107,2
2026-06-26,600036,14:42:50,36.0900,37,2
2026-06-26,600036,14:42:53,36.0900,341,2
2026-06-26,600036,14:42:56,36.0900,65,1
2026-06-26,600036,14:42:59,36.0900,49,1
2026-06-26,600036,14:43:02,36.0800,655,2
2026-06-26,600036,14:43:05,36.0900,212,1
2026-06-26,600036,14:43:08,36.0900,124,1
2026-06-26,600036,14:43:11,36.0800,81,2
2026-06-26,600036,14:43:14,36.0900,82,1
2026-06-26,600036,14:43:17,36.0900,78,1
2026-06-26,600036,14:43:20,36.0800,55,2
2026-06-26,600036,14:43:23,36.0800,783,2
2026-06-26,600036,14:43:26,36.0800,278,1
2026-06-26,600036,14:43:29,36.0900,94,1
2026-06-26,600036,14:43:32,36.0900,35,1
2026-06-26,600036,14:43:35,36.0800,130,2
2026-06-26,600036,14:43:38,36.0900,69,1
2026-06-26,600036,14:43:41,36.0800,100,2
2026-06-26,600036,14:43:44,36.0800,45,2
2026-06-26,600036,14:43:47,36.0900,51,1
2026-06-26,600036,14:43:50,36.0800,59,2
2026-06-26,600036,14:43:53,36.0900,29,1
2026-06-26,600036,14:43:56,36.0800,47,2
2026-06-26,600036,14:43:59,36.0800,65,2
2026-06-26,600036,14:44:02,36.0800,337,2
2026-06-26,600036,14:44:05,36.0800,531,2
2026-06-26,600036,14:44:08,36.0800,144,2
2026-06-26,600036,14:44:11,36.0800,207,1
2026-06-26,600036,14:44:14,36.0700,151,2
2026-06-26,600036,14:44:17,36.0800,128,1
2026-06-26,600036,14:44:20,36.0700,333,2
2026-06-26,600036,14:44:23,36.0700,105,2
2026-06-26,600036,14:44:26,36.0800,56,1
2026-06-26,600036,14:44:29,36.0800,291,1
2026-06-26,600036,14:44:32,36.0700,178,2
2026-06-26,600036,14:44:35,36.0700,48,2
2026-06-26,600036,14:44:38,36.0800,94,1
2026-06-26,600036,14:44:41,36.0700,142,2
2026-06-26,600036,14:44:44,36.0700,137,2
2026-06-26,600036,14:44:47,36.0800,30,1
2026-06-26,600036,14:44:50,36.0800,25,1
2026-06-26,600036,14:44:53,36.0700,94,2
2026-06-26,600036,14:44:56,36.0700,106,2
2026-06-26,600036,14:44:59,36.0700,71,2
2026-06-26,600036,14:45:02,36.0700,110,2
2026-06-26,600036,14:45:05,36.0800,88,1
2026-06-26,600036,14:45:08,36.0700,142,2
2026-06-26,600036,14:45:11,36.0800,41,1
2026-06-26,600036,14:45:14,36.0700,92,2
2026-06-26,600036,14:45:17,36.0800,61,1
2026-06-26,600036,14:45:20,36.0800,138,1
2026-06-26,600036,14:45:23,36.0700,325,2
2026-06-26,600036,14:45:26,36.0700,185,2
2026-06-26,600036,14:45:29,36.0700,78,2
2026-06-26,600036,14:45:32,36.0700,164,2
2026-06-26,600036,14:45:35,36.0700,79,2
2026-06-26,600036,14:45:38,36.0700,404,2
2026-06-26,600036,14:45:41,36.0600,611,2
2026-06-26,600036,14:45:44,36.0600,150,2
2026-06-26,600036,14:45:47,36.0600,246,2
2026-06-26,600036,14:45:50,36.0700,394,1
2026-06-26,600036,14:45:53,36.0600,149,2
2026-06-26,600036,14:45:56,36.0600,32,2
2026-06-26,600036,14:45:59,36.0700,7,1
2026-06-26,600036,14:46:02,36.0700,187,1
2026-06-26,600036,14:46:05,36.0600,337,2
2026-06-26,600036,14:46:08,36.0600,159,1
2026-06-26,600036,14:46:11,36.0500,215,2
2026-06-26,600036,14:46:14,36.0500,482,2
2026-06-26,600036,14:46:17,36.0500,212,2
2026-06-26,600036,14:46:20,36.0400,118,2
2026-06-26,600036,14:46:23,36.0400,186,2
2026-06-26,600036,14:46:26,36.0500,48,1
2026-06-26,600036,14:46:29,36.0300,256,2
2026-06-26,600036,14:46:32,36.0400,192,4
2026-06-26,600036,14:46:35,36.0400,130,1
2026-06-26,600036,14:46:38,36.0300,96,2
2026-06-26,600036,14:46:41,36.0400,221,1
2026-06-26,600036,14:46:44,36.0500,555,1
2026-06-26,600036,14:46:47,36.0600,207,1
2026-06-26,600036,14:46:50,36.0500,182,2
2026-06-26,600036,14:46:53,36.0500,1024,2
2026-06-26,600036,14:46:56,36.0400,90,2
2026-06-26,600036,14:46:59,36.0500,54,1
2026-06-26,600036,14:47:02,36.0400,28,2
2026-06-26,600036,14:47:05,36.0400,54,2
2026-06-26,600036,14:47:08,36.0500,487,1
2026-06-26,600036,14:47:11,36.0500,162,1
2026-06-26,600036,14:47:14,36.0500,108,1
2026-06-26,600036,14:47:17,36.0400,116,2
2026-06-26,600036,14:47:20,36.0500,187,1
2026-06-26,600036,14:47:23,36.0400,30,2
2026-06-26,600036,14:47:26,36.0400,479,2
2026-06-26,600036,14:47:29,36.0400,158,1
2026-06-26,600036,14:47:32,36.0400,92,1
2026-06-26,600036,14:47:35,36.0400,29,1
2026-06-26,600036,14:47:38,36.0400,100,1
2026-06-26,600036,14:47:41,36.0400,70,1
2026-06-26,600036,14:47:44,36.0400,103,2
2026-06-26,600036,14:47:47,36.0400,99,2
2026-06-26,600036,14:47:50,36.0400,83,2
2026-06-26,600036,14:47:53,36.0500,82,1
2026-06-26,600036,14:47:56,36.0400,85,2
2026-06-26,600036,14:47:59,36.0400,49,2
2026-06-26,600036,14:48:02,36.0500,147,1
2026-06-26,600036,14:48:05,36.0500,35,1
2026-06-26,600036,14:48:08,36.0500,91,1
2026-06-26,600036,14:48:11,36.0500,165,1
2026-06-26,600036,14:48:14,36.0400,60,2
2026-06-26,600036,14:48:17,36.0500,113,1
2026-06-26,600036,14:48:20,36.0400,54,2
2026-06-26,600036,14:48:23,36.0400,63,2
2026-06-26,600036,14:48:26,36.0500,74,1
2026-06-26,600036,14:48:29,36.0500,86,1
2026-06-26,600036,14:48:32,36.0500,46,1
2026-06-26,600036,14:48:35,36.0500,214,1
2026-06-26,600036,14:48:38,36.0500,17,1
2026-06-26,600036,14:48:41,36.0500,87,1
2026-06-26,600036,14:48:44,36.0400,1125,2
2026-06-26,600036,14:48:47,36.0400,209,1
2026-06-26,600036,14:48:50,36.0400,77,1
2026-06-26,600036,14:48:53,36.0300,130,2
2026-06-26,600036,14:48:56,36.0400,67,1
2026-06-26,600036,14:48:59,36.0300,171,2
2026-06-26,600036,14:49:02,36.0400,158,1
2026-06-26,600036,14:49:05,36.0300,309,2
2026-06-26,600036,14:49:08,36.0400,335,1
2026-06-26,600036,14:49:11,36.0300,156,2
2026-06-26,600036,14:49:14,36.0300,37,2
2026-06-26,600036,14:49:17,36.0400,172,1
2026-06-26,600036,14:49:20,36.0400,49,1
2026-06-26,600036,14:49:23,36.0400,152,1
2026-06-26,600036,14:49:26,36.0300,595,2
2026-06-26,600036,14:49:29,36.0400,1342,1
2026-06-26,600036,14:49:32,36.0500,19,1
2026-06-26,600036,14:49:35,36.0400,55,2
2026-06-26,600036,14:49:38,36.0400,186,2
2026-06-26,600036,14:49:41,36.0400,31,2
2026-06-26,600036,14:49:44,36.0400,172,2
2026-06-26,600036,14:49:47,36.0400,8,2
2026-06-26,600036,14:49:50,36.0400,332,2
2026-06-26,600036,14:49:53,36.0400,282,1
2026-06-26,600036,14:49:56,36.0200,241,2
2026-06-26,600036,14:49:59,36.0300,416,1
2026-06-26,600036,14:50:02,36.0500,1376,1
2026-06-26,600036,14:50:05,36.0300,108,2
2026-06-26,600036,14:50:08,36.0300,908,2
2026-06-26,600036,14:50:11,36.0400,91,4
2026-06-26,600036,14:50:14,36.0400,1020,1
2026-06-26,600036,14:50:17,36.0400,318,1
2026-06-26,600036,14:50:20,36.0300,114,2
2026-06-26,600036,14:50:23,36.0300,21,2
2026-06-26,600036,14:50:26,36.0500,677,1
2026-06-26,600036,14:50:29,36.0300,183,2
2026-06-26,600036,14:50:32,36.0300,1066,2
2026-06-26,600036,14:50:35,36.0400,195,1
2026-06-26,600036,14:50:38,36.0400,49,1
2026-06-26,600036,14:50:41,36.0400,539,1
2026-06-26,600036,14:50:44,36.0300,138,2
2026-06-26,600036,14:50:47,36.0400,111,1
2026-06-26,600036,14:50:50,36.0300,13,2
2026-06-26,600036,14:50:53,36.0600,1264,1
2026-06-26,600036,14:50:56,36.0400,87,2
2026-06-26,600036,14:50:59,36.0400,28,2
2026-06-26,600036,14:51:02,36.0600,1121,1
2026-06-26,600036,14:51:05,36.0600,533,1
2026-06-26,600036,14:51:08,36.0600,36,1
2026-06-26,600036,14:51:11,36.0500,623,2
2026-06-26,600036,14:51:14,36.0600,213,1
2026-06-26,600036,14:51:17,36.0600,49,1
2026-06-26,600036,14:51:20,36.0500,100,2
2026-06-26,600036,14:51:23,36.0500,305,2
2026-06-26,600036,14:51:26,36.0500,572,1
2026-06-26,600036,14:51:29,36.0400,201,2
2026-06-26,600036,14:51:32,36.0500,46,1
2026-06-26,600036,14:51:35,36.0500,333,1
2026-06-26,600036,14:51:38,36.0500,955,2
2026-06-26,600036,14:51:41,36.0600,92,1
2026-06-26,600036,14:51:44,36.0500,65,2
2026-06-26,600036,14:51:47,36.0500,92,2
2026-06-26,600036,14:51:50,36.0700,876,1
2026-06-26,600036,14:51:53,36.0700,377,2
2026-06-26,600036,14:51:56,36.0600,90,2
2026-06-26,600036,14:51:59,36.0600,55,2
2026-06-26,600036,14:52:02,36.0600,597,2
2026-06-26,600036,14:52:05,36.0700,1914,1
2026-06-26,600036,14:52:08,36.0700,379,2
2026-06-26,600036,14:52:11,36.0700,251,1
2026-06-26,600036,14:52:14,36.0700,187,1
2026-06-26,600036,14:52:17,36.0700,81,1
2026-06-26,600036,14:52:20,36.0700,45,2
2026-06-26,600036,14:52:23,36.0700,239,2
2026-06-26,600036,14:52:26,36.0700,120,1
2026-06-26,600036,14:52:29,36.0600,62,2
2026-06-26,600036,14:52:32,36.0700,133,1
2026-06-26,600036,14:52:35,36.0700,174,1
2026-06-26,600036,14:52:38,36.0700,432,1
2026-06-26,600036,14:52:41,36.0700,204,2
2026-06-26,600036,14:52:44,36.0700,123,2
2026-06-26,600036,14:52:47,36.0700,295,2
2026-06-26,600036,14:52:50,36.0700,125,2
2026-06-26,600036,14:52:53,36.0700,1705,1
2026-06-26,600036,14:52:56,36.0700,550,1
2026-06-26,600036,14:52:59,36.0700,37,1
2026-06-26,600036,14:53:02,36.0700,286,1
2026-06-26,600036,14:53:05,36.0600,213,2
2026-06-26,600036,14:53:08,36.0600,1193,2
2026-06-26,600036,14:53:11,36.0700,157,1
2026-06-26,600036,14:53:14,36.0600,665,2
2026-06-26,600036,14:53:17,36.0500,541,2
2026-06-26,600036,14:53:20,36.0600,64,1
2026-06-26,600036,14:53:23,36.0500,605,2
2026-06-26,600036,14:53:26,36.0400,295,2
2026-06-26,600036,14:53:29,36.0400,704,2
2026-06-26,600036,14:53:32,36.0400,261,1
2026-06-26,600036,14:53:35,36.0300,46,2
2026-06-26,600036,14:53:38,36.0400,705,1
2026-06-26,600036,14:53:41,36.0400,913,1
2026-06-26,600036,14:53:44,36.0400,309,1
2026-06-26,600036,14:53:47,36.0500,167,1
2026-06-26,600036,14:53:50,36.0500,85,1
2026-06-26,600036,14:53:53,36.0700,1581,1
2026-06-26,600036,14:53:56,36.0500,671,2
2026-06-26,600036,14:53:59,36.0600,141,4
2026-06-26,600036,14:54:02,36.0600,479,2
2026-06-26,600036,14:54:05,36.0600,369,2
2026-06-26,600036,14:54:08,36.0600,224,2
2026-06-26,600036,14:54:11,36.0600,430,1
2026-06-26,600036,14:54:14,36.0600,512,1
2026-06-26,600036,14:54:17,36.0600,93,1
2026-06-26,600036,14:54:20,36.0600,177,1
2026-06-26,600036,14:54:23,36.0500,212,2
2026-06-26,600036,14:54:26,36.0600,203,1
2026-06-26,600036,14:54:29,36.0500,47,2
2026-06-26,600036,14:54:32,36.0500,361,2
2026-06-26,600036,14:54:35,36.0500,147,2
2026-06-26,600036,14:54:38,36.0600,70,1
2026-06-26,600036,14:54:41,36.0500,1018,2
2026-06-26,600036,14:54:44,36.0500,233,1
2026-06-26,600036,14:54:47,36.0500,77,1
2026-06-26,600036,14:54:50,36.0500,455,1
2026-06-26,600036,14:54:53,36.0500,139,1
2026-06-26,600036,14:54:56,36.0400,326,2
2026-06-26,600036,14:54:59,36.0400,58,2
2026-06-26,600036,14:55:02,36.0400,673,2
2026-06-26,600036,14:55:05,36.0300,603,2
2026-06-26,600036,14:55:08,36.0400,524,1
2026-06-26,600036,14:55:11,36.0300,371,2
2026-06-26,600036,14:55:14,36.0500,141,4
2026-06-26,600036,14:55:17,36.0500,297,4
2026-06-26,600036,14:55:20,36.0400,131,2
2026-06-26,600036,14:55:23,36.0400,989,1
2026-06-26,600036,14:55:26,36.0300,424,2
2026-06-26,600036,14:55:29,36.0200,308,2
2026-06-26,600036,14:55:32,36.0300,184,1
2026-06-26,600036,14:55:35,36.0300,209,1
2026-06-26,600036,14:55:38,36.0400,227,1
2026-06-26,600036,14:55:41,36.0200,71,2
2026-06-26,600036,14:55:44,36.0200,201,2
2026-06-26,600036,14:55:47,36.0300,233,1
2026-06-26,600036,14:55:50,36.0200,448,2
2026-06-26,600036,14:55:53,36.0200,96,2
2026-06-26,600036,14:55:56,36.0200,88,2
2026-06-26,600036,14:55:59,36.0200,161,2
2026-06-26,600036,14:56:02,36.0100,456,2
2026-06-26,600036,14:56:05,36.0000,959,2
2026-06-26,600036,14:56:08,36.0100,180,1
2026-06-26,600036,14:56:11,36.0200,317,1
2026-06-26,600036,14:56:14,36.0000,203,2
2026-06-26,600036,14:56:17,36.0200,310,1
2026-06-26,600036,14:56:20,36.0200,473,1
2026-06-26,600036,14:56:23,36.0000,441,2
2026-06-26,600036,14:56:26,36.0200,414,1
2026-06-26,600036,14:56:29,36.0100,79,4
2026-06-26,600036,14:56:32,36.0100,203,1
2026-06-26,600036,14:56:35,36.0100,77,2
2026-06-26,600036,14:56:38,36.0100,381,1
2026-06-26,600036,14:56:41,36.0100,94,1
2026-06-26,600036,14:56:44,36.0100,50,1
2026-06-26,600036,14:56:47,36.0000,236,2
2026-06-26,600036,14:56:50,36.0100,65,1
2026-06-26,600036,14:56:53,36.0100,90,1
2026-06-26,600036,14:56:56,36.0100,108,1
2026-06-26,600036,14:56:59,36.0100,134,1
2026-06-26,600036,15:00:02,36.0000,12993,4
2026-06-26,600036,13:16:35,35.9400,45,1
2026-06-26,600036,13:16:38,35.9400,265,1
2026-06-26,600036,13:16:41,35.9500,213,1
2026-06-26,600036,13:16:44,35.9400,52,2
2026-06-26,600036,13:16:47,35.9400,62,1
2026-06-26,600036,13:16:50,35.9300,65,2
2026-06-26,600036,13:16:53,35.9400,97,1
2026-06-26,600036,13:16:56,35.9400,120,1
2026-06-26,600036,13:16:59,35.9400,65,1
2026-06-26,600036,13:17:02,35.9400,40,2
2026-06-26,600036,13:17:05,35.9400,381,2
2026-06-26,600036,13:17:08,35.9400,245,2
2026-06-26,600036,13:17:11,35.9300,496,2
2026-06-26,600036,13:17:14,35.9200,50,2
2026-06-26,600036,13:17:17,35.9200,676,2
2026-06-26,600036,13:17:20,35.9300,71,1
2026-06-26,600036,13:17:23,35.9100,253,2
2026-06-26,600036,13:17:26,35.9100,150,2
2026-06-26,600036,13:17:29,35.9200,114,1
2026-06-26,600036,13:17:32,35.9100,161,2
2026-06-26,600036,13:17:35,35.9100,208,2
2026-06-26,600036,13:17:38,35.9200,176,1
2026-06-26,600036,13:17:41,35.9200,80,1
2026-06-26,600036,13:17:44,35.9300,18,1
2026-06-26,600036,13:17:47,35.9200,245,2
2026-06-26,600036,13:17:50,35.9100,123,2
2026-06-26,600036,13:17:53,35.9300,223,1
2026-06-26,600036,13:17:56,35.9100,125,2
2026-06-26,600036,13:17:59,35.9200,45,1
2026-06-26,600036,13:18:02,35.9200,47,1
2026-06-26,600036,13:18:05,35.9100,96,2
2026-06-26,600036,13:18:08,35.9200,272,1
2026-06-26,600036,13:18:11,35.9200,65,1
2026-06-26,600036,13:18:14,35.9200,39,1
2026-06-26,600036,13:18:17,35.9200,364,1
2026-06-26,600036,13:18:20,35.9200,42,1
2026-06-26,600036,13:18:23,35.9200,401,1
2026-06-26,600036,13:18:26,35.9200,234,1
2026-06-26,600036,13:18:29,35.9100,7,2
2026-06-26,600036,13:18:32,35.9300,76,1
2026-06-26,600036,13:18:35,35.9200,34,2
2026-06-26,600036,13:18:38,35.9300,101,1
2026-06-26,600036,13:18:41,35.9300,18,1
2026-06-26,600036,13:18:44,35.9200,113,2
2026-06-26,600036,13:18:47,35.9200,4,2
2026-06-26,600036,13:18:50,35.9200,85,2
2026-06-26,600036,13:18:53,35.9200,169,2
2026-06-26,600036,13:18:56,35.9300,124,1
2026-06-26,600036,13:18:59,35.9300,42,1
2026-06-26,600036,13:19:02,35.9200,161,4
2026-06-26,600036,13:19:05,35.9200,46,1
2026-06-26,600036,13:19:08,35.9100,313,2
2026-06-26,600036,13:19:11,35.9200,23,1
2026-06-26,600036,13:19:14,35.9100,138,2
2026-06-26,600036,13:19:17,35.9200,61,1
2026-06-26,600036,13:19:20,35.9100,129,2
2026-06-26,600036,13:19:23,35.9100,64,2
2026-06-26,600036,13:19:26,35.9100,131,2
2026-06-26,600036,13:19:29,35.9200,34,1
2026-06-26,600036,13:19:32,35.9200,56,1
2026-06-26,600036,13:19:35,35.9200,77,1
2026-06-26,600036,13:19:38,35.9200,6,1
2026-06-26,600036,13:19:41,35.9200,89,1
2026-06-26,600036,13:19:44,35.9200,375,1
2026-06-26,600036,13:19:47,35.9000,550,2
2026-06-26,600036,13:19:50,35.9000,18,2
2026-06-26,600036,13:19:53,35.9100,290,1
2026-06-26,600036,13:19:56,35.9100,21,1
2026-06-26,600036,13:19:59,35.9100,143,1
2026-06-26,600036,13:20:02,35.9000,235,2
2026-06-26,600036,13:20:05,35.9200,1106,1
2026-06-26,600036,13:20:08,35.9200,52,4
2026-06-26,600036,13:20:11,35.9100,23,2
2026-06-26,600036,13:20:14,35.9200,51,1
2026-06-26,600036,13:20:17,35.9200,217,1
2026-06-26,600036,13:20:20,35.9200,146,1
2026-06-26,600036,13:20:23,35.9100,43,1
2026-06-26,600036,13:20:26,35.9100,50,1
2026-06-26,600036,13:20:29,35.9000,100,2
2026-06-26,600036,13:20:32,35.9100,280,1
2026-06-26,600036,13:20:35,35.9100,184,1
2026-06-26,600036,13:20:38,35.9100,148,4
2026-06-26,600036,13:20:41,35.9000,100,2
2026-06-26,600036,13:20:44,35.9000,79,2
2026-06-26,600036,13:20:47,35.9000,956,2
2026-06-26,600036,13:20:50,35.9000,1338,2
2026-06-26,600036,13:20:53,35.9100,729,1
2026-06-26,600036,13:20:56,35.9000,1210,2
2026-06-26,600036,13:20:59,35.9000,57,2
2026-06-26,600036,13:21:02,35.9100,193,1
2026-06-26,600036,13:21:05,35.9000,240,2
2026-06-26,600036,13:21:08,35.9000,58,1
2026-06-26,600036,13:21:11,35.9000,620,1
2026-06-26,600036,13:21:14,35.9000,259,1
2026-06-26,600036,13:21:17,35.9000,1647,1
2026-06-26,600036,13:21:20,35.9200,216,1
2026-06-26,600036,13:21:23,35.9100,4,2
2026-06-26,600036,13:21:26,35.9100,100,2
2026-06-26,600036,13:21:29,35.9000,117,2
2026-06-26,600036,13:21:32,35.9200,53,1
2026-06-26,600036,13:21:35,35.9100,39,4
2026-06-26,600036,13:21:38,35.9200,77,1
2026-06-26,600036,13:21:41,35.9100,50,2
2026-06-26,600036,13:21:44,35.9200,346,1
2026-06-26,600036,13:21:47,35.9200,33,1
2026-06-26,600036,13:21:50,35.9200,130,1
2026-06-26,600036,13:21:53,35.9200,88,1
2026-06-26,600036,13:21:56,35.9200,47,1
2026-06-26,600036,13:21:59,35.9100,81,2
2026-06-26,600036,13:22:02,35.9100,245,2
2026-06-26,600036,13:22:05,35.9100,163,1
2026-06-26,600036,13:22:08,35.9100,244,1
2026-06-26,600036,13:22:11,35.9000,510,2
2026-06-26,600036,13:22:14,35.9000,176,1
2026-06-26,600036,13:22:17,35.9100,30,1
2026-06-26,600036,13:22:20,35.8900,125,2
2026-06-26,600036,13:22:23,35.9000,62,2
2026-06-26,600036,13:22:26,35.9000,194,1
2026-06-26,600036,13:22:29,35.8900,103,2
2026-06-26,600036,13:22:32,35.9000,227,1
2026-06-26,600036,13:22:35,35.9000,95,1
2026-06-26,600036,13:22:38,35.9000,37,1
2026-06-26,600036,13:22:41,35.9000,80,1
2026-06-26,600036,13:22:44,35.9000,101,1
2026-06-26,600036,13:22:47,35.9000,703,1
2026-06-26,600036,13:22:50,35.9000,81,1
2026-06-26,600036,13:22:53,35.8900,71,2
2026-06-26,600036,13:22:56,35.8900,49,2
2026-06-26,600036,13:22:59,35.8900,34,2
2026-06-26,600036,13:23:02,35.9000,11,1
2026-06-26,600036,13:23:05,35.8900,534,2
2026-06-26,600036,13:23:08,35.9000,57,1
2026-06-26,600036,13:23:11,35.8900,88,2
2026-06-26,600036,13:23:14,35.9000,41,1
2026-06-26,600036,13:23:17,35.8900,53,2
2026-06-26,600036,13:23:20,35.9000,71,1
2026-06-26,600036,13:23:23,35.8900,126,2
2026-06-26,600036,13:23:26,35.9000,128,1
2026-06-26,600036,13:23:29,35.9000,435,2
2026-06-26,600036,13:23:32,35.9000,109,1
2026-06-26,600036,13:23:35,35.9000,44,2
2026-06-26,600036,13:23:38,35.9000,23,2
2026-06-26,600036,13:23:41,35.9000,11,2
2026-06-26,600036,13:23:44,35.9000,38,2
2026-06-26,600036,13:23:47,35.9100,77,1
2026-06-26,600036,13:23:50,35.9100,41,1
2026-06-26,600036,13:23:53,35.9100,122,1
2026-06-26,600036,13:23:56,35.9100,102,1
2026-06-26,600036,13:23:59,35.9100,179,1
2026-06-26,600036,13:24:02,35.9000,41,2
2026-06-26,600036,13:24:05,35.9100,171,1
2026-06-26,600036,13:24:08,35.9000,386,2
2026-06-26,600036,13:24:11,35.9000,83,1
2026-06-26,600036,13:24:14,35.9000,118,1
2026-06-26,600036,13:24:17,35.9000,244,1
2026-06-26,600036,13:24:20,35.9000,124,1
2026-06-26,600036,13:24:23,35.9000,165,1
2026-06-26,600036,13:24:26,35.9000,62,2
2026-06-26,600036,13:24:29,35.9000,120,1
2026-06-26,600036,13:24:32,35.9000,72,1
2026-06-26,600036,13:24:35,35.9100,72,1
2026-06-26,600036,13:24:38,35.9100,94,1
2026-06-26,600036,13:24:41,35.9100,7,1
2026-06-26,600036,13:24:44,35.9100,130,1
2026-06-26,600036,13:24:47,35.9100,74,1
2026-06-26,600036,13:24:50,35.9100,82,1
2026-06-26,600036,13:24:53,35.9100,211,1
2026-06-26,600036,13:24:56,35.9000,21,2
2026-06-26,600036,13:24:59,35.9100,17,1
2026-06-26,600036,13:25:02,35.9100,246,1
2026-06-26,600036,13:25:05,35.9100,253,1
2026-06-26,600036,13:25:08,35.9000,87,2
2026-06-26,600036,13:25:11,35.9100,66,1
2026-06-26,600036,13:25:14,35.9100,29,1
2026-06-26,600036,13:25:17,35.9100,138,1
2026-06-26,600036,13:25:20,35.9100,48,2
2026-06-26,600036,13:25:23,35.9200,428,1
2026-06-26,600036,13:25:26,35.9300,265,1
2026-06-26,600036,13:25:29,35.9200,195,2
2026-06-26,600036,13:25:32,35.9200,99,2
2026-06-26,600036,13:25:35,35.9400,264,1
2026-06-26,600036,13:25:38,35.9300,102,2
2026-06-26,600036,13:25:41,35.9500,84,1
2026-06-26,600036,13:25:44,35.9400,120,1
2026-06-26,600036,13:25:47,35.9400,87,1
2026-06-26,600036,13:25:50,35.9300,51,2
2026-06-26,600036,13:25:53,35.9400,66,1
2026-06-26,600036,13:25:56,35.9300,105,2
2026-06-26,600036,13:25:59,35.9400,14,1
2026-06-26,600036,13:26:02,35.9300,12,2
2026-06-26,600036,13:26:05,35.9400,93,1
2026-06-26,600036,13:26:08,35.9300,12,2
2026-06-26,600036,13:26:11,35.9300,57,2
2026-06-26,600036,13:26:14,35.9300,392,2
2026-06-26,600036,13:26:17,35.9300,84,1
2026-06-26,600036,13:26:20,35.9300,182,1
2026-06-26,600036,13:26:23,35.9300,43,1
2026-06-26,600036,13:26:26,35.9300,36,1
2026-06-26,600036,13:26:29,35.9300,208,1
2026-06-26,600036,13:26:32,35.9300,22,1
2026-06-26,600036,13:26:35,35.9300,102,1
2026-06-26,600036,13:26:38,35.9300,90,1
2026-06-26,600036,13:26:41,35.9300,81,2
2026-06-26,600036,13:26:44,35.9300,25,2
2026-06-26,600036,13:26:47,35.9300,40,2
2026-06-26,600036,13:26:50,35.9300,88,2
2026-06-26,600036,13:26:53,35.9400,578,1
2026-06-26,600036,13:26:56,35.9500,368,1
2026-06-26,600036,13:26:59,35.9700,462,1
2026-06-26,600036,13:27:02,36.0000,441,1
2026-06-26,600036,13:27:05,35.9700,127,2
2026-06-26,600036,13:27:08,35.9900,73,1
2026-06-26,600036,13:27:11,35.9800,157,2
2026-06-26,600036,13:27:14,35.9800,225,2
2026-06-26,600036,13:27:17,35.9800,119,1
2026-06-26,600036,13:27:20,35.9800,106,1
2026-06-26,600036,13:27:23,35.9900,37,1
2026-06-26,600036,13:27:26,35.9900,122,1
2026-06-26,600036,13:27:29,36.0000,1,1
2026-06-26,600036,13:27:32,36.0100,2253,1
2026-06-26,600036,13:27:35,36.0200,127,1
2026-06-26,600036,13:27:38,36.0200,252,2
2026-06-26,600036,13:27:41,36.0400,24,1
2026-06-26,600036,13:27:44,36.0200,92,2
2026-06-26,600036,13:27:47,36.0200,219,2
2026-06-26,600036,13:27:50,36.0200,341,2
2026-06-26,600036,13:27:53,36.0100,80,2
2026-06-26,600036,13:27:56,36.0200,73,1
2026-06-26,600036,13:27:59,36.0200,66,1
2026-06-26,600036,13:28:02,36.0200,108,1
2026-06-26,600036,13:28:05,36.0200,160,1
2026-06-26,600036,13:28:08,36.0000,252,2
2026-06-26,600036,13:28:11,36.0100,26,1
2026-06-26,600036,13:28:14,36.0100,101,1
2026-06-26,600036,13:28:17,36.0100,37,1
2026-06-26,600036,13:28:20,36.0000,87,2
2026-06-26,600036,13:28:23,36.0000,253,1
2026-06-26,600036,13:28:26,35.9900,3,2
2026-06-26,600036,13:28:29,35.9900,30,2
2026-06-26,600036,13:28:32,35.9800,376,2
2026-06-26,600036,13:28:35,35.9900,175,2
2026-06-26,600036,13:28:38,36.0100,12,1
2026-06-26,600036,13:28:41,36.0100,10,1
2026-06-26,600036,13:28:44,36.0100,44,1
2026-06-26,600036,13:28:47,36.0100,115,1
2026-06-26,600036,13:28:50,36.0100,40,1
2026-06-26,600036,13:28:53,36.0000,112,2
2026-06-26,600036,13:28:56,36.0000,32,2
2026-06-26,600036,13:28:59,35.9900,25,2
2026-06-26,600036,13:29:02,36.0000,68,1
2026-06-26,600036,13:29:05,36.0000,8,1
2026-06-26,600036,13:29:08,35.9900,128,2
2026-06-26,600036,13:29:11,36.0000,29,1
2026-06-26,600036,13:29:14,36.0100,268,1
2026-06-26,600036,13:29:17,36.0100,381,4
2026-06-26,600036,13:29:20,36.0000,186,2
2026-06-26,600036,13:29:23,36.0100,69,2
2026-06-26,600036,13:29:29,36.0000,31,2
2026-06-26,600036,13:29:32,36.0000,43,2
2026-06-26,600036,13:29:35,36.0100,18,1
2026-06-26,600036,13:29:38,36.0100,3,1
2026-06-26,600036,13:29:41,36.0000,50,2
2026-06-26,600036,13:29:44,36.0100,45,1
2026-06-26,600036,13:29:47,36.0100,203,1
2026-06-26,600036,13:29:50,36.0100,103,1
2026-06-26,600036,13:29:53,36.0000,1,2
2026-06-26,600036,13:29:56,36.0100,2,1
2026-06-26,600036,13:29:59,36.0000,356,2
2026-06-26,600036,13:30:02,36.0000,372,1
2026-06-26,600036,13:30:05,36.0000,83,1
2026-06-26,600036,13:30:08,36.0100,68,1
2026-06-26,600036,13:30:11,36.0000,319,2
2026-06-26,600036,13:30:14,36.0000,24,2
2026-06-26,600036,13:30:17,36.0000,400,2
2026-06-26,600036,13:30:20,36.0000,428,2
2026-06-26,600036,13:30:23,36.0200,65,1
2026-06-26,600036,13:30:26,36.0000,539,2
2026-06-26,600036,13:30:29,36.0100,12,1
2026-06-26,600036,13:30:32,36.0100,9,1
2026-06-26,600036,13:30:35,36.0000,101,2
2026-06-26,600036,13:30:38,36.0000,23,2
2026-06-26,600036,13:30:41,35.9900,262,2
2026-06-26,600036,13:30:44,35.9800,89,2
2026-06-26,600036,13:30:47,35.9600,369,2
2026-06-26,600036,13:30:50,35.9600,97,2
2026-06-26,600036,13:30:53,35.9700,302,1
2026-06-26,600036,13:30:56,35.9600,291,4
2026-06-26,600036,13:30:59,35.9700,144,1
2026-06-26,600036,13:31:02,35.9600,37,2
2026-06-26,600036,13:31:05,35.9600,182,2
2026-06-26,600036,13:31:08,35.9600,64,1
2026-06-26,600036,13:31:11,35.9500,93,2
2026-06-26,600036,13:31:14,35.9500,102,1
2026-06-26,600036,13:31:17,35.9300,168,2
2026-06-26,600036,13:31:20,35.9500,38,1
2026-06-26,600036,13:31:23,35.9500,71,1
2026-06-26,600036,13:31:26,35.9500,14,1
2026-06-26,600036,13:31:32,35.9500,70,1
2026-06-26,600036,13:31:35,35.9300,145,2
2026-06-26,600036,13:31:38,35.9400,34,1
2026-06-26,600036,13:31:41,35.9300,107,2
2026-06-26,600036,13:31:44,35.9400,47,1
2026-06-26,600036,13:31:47,35.9400,32,1
2026-06-26,600036,13:31:50,35.9400,871,1
2026-06-26,600036,13:31:53,35.9500,31,1
2026-06-26,600036,13:31:56,35.9500,13,1
2026-06-26,600036,13:31:59,35.9200,95,2
2026-06-26,600036,13:32:02,35.9500,154,1
2026-06-26,600036,13:32:05,35.9400,29,2
2026-06-26,600036,13:32:08,35.9400,9,2
2026-06-26,600036,13:32:11,35.9500,50,1
2026-06-26,600036,13:32:14,35.9500,14,1
2026-06-26,600036,13:32:17,35.9400,59,2
2026-06-26,600036,13:32:20,35.9400,124,2
2026-06-26,600036,13:32:23,35.9400,26,2
2026-06-26,600036,13:32:26,35.9500,31,1
2026-06-26,600036,13:32:29,35.9300,97,2
2026-06-26,600036,13:32:32,35.9500,55,1
2026-06-26,600036,13:32:35,35.9500,41,1
2026-06-26,600036,13:32:38,35.9500,58,1
2026-06-26,600036,13:32:41,35.9500,99,1
2026-06-26,600036,13:32:44,35.9500,49,1
2026-06-26,600036,13:32:47,35.9500,83,1
2026-06-26,600036,13:32:50,35.9300,102,2
2026-06-26,600036,13:32:53,35.9500,56,1
2026-06-26,600036,13:32:56,35.9400,48,2
2026-06-26,600036,13:32:59,35.9500,31,1
2026-06-26,600036,13:33:02,35.9400,75,2
2026-06-26,600036,13:33:05,35.9500,33,1
2026-06-26,600036,13:33:08,35.9500,16,1
2026-06-26,600036,13:33:11,35.9500,2,1
2026-06-26,600036,13:33:14,35.9500,22,1
2026-06-26,600036,13:33:17,35.9400,88,2
2026-06-26,600036,13:33:20,35.9400,15,2
2026-06-26,600036,13:33:23,35.9400,174,2
2026-06-26,600036,13:33:26,35.9500,107,1
2026-06-26,600036,13:33:29,35.9500,34,1
2026-06-26,600036,13:33:32,35.9400,44,2
2026-06-26,600036,13:33:35,35.9500,93,1
2026-06-26,600036,13:33:38,35.9400,208,2
2026-06-26,600036,13:33:41,35.9400,42,1
2026-06-26,600036,13:33:44,35.9400,144,1
2026-06-26,600036,13:33:47,35.9300,349,2
2026-06-26,600036,13:33:50,35.9300,24,1
2026-06-26,600036,13:33:53,35.9300,7,1
2026-06-26,600036,13:33:56,35.9200,52,2
2026-06-26,600036,13:33:59,35.9300,21,1
2026-06-26,600036,13:34:02,35.9200,727,2
2026-06-26,600036,13:34:05,35.9100,20,2
2026-06-26,600036,13:34:08,35.9100,101,2
2026-06-26,600036,13:34:11,35.9200,7,1
2026-06-26,600036,13:34:14,35.9200,129,1
2026-06-26,600036,13:34:17,35.9200,279,1
2026-06-26,600036,13:34:20,35.9200,60,1
2026-06-26,600036,13:34:23,35.9200,91,1
2026-06-26,600036,13:34:26,35.9200,187,1
2026-06-26,600036,13:34:29,35.9200,102,1
2026-06-26,600036,13:34:32,35.9200,257,1
2026-06-26,600036,13:34:35,35.9200,59,1
2026-06-26,600036,13:34:38,35.9200,192,1
2026-06-26,600036,13:34:41,35.9100,8,2
2026-06-26,600036,13:34:44,35.9100,102,2
2026-06-26,600036,13:34:47,35.9000,61,2
2026-06-26,600036,13:34:50,35.9200,429,1
2026-06-26,600036,13:34:53,35.9200,292,1
2026-06-26,600036,13:34:56,35.9200,39,1
2026-06-26,600036,13:34:59,35.9200,44,1
2026-06-26,600036,13:35:02,35.9200,72,1
2026-06-26,600036,13:35:05,35.9100,213,2
2026-06-26,600036,13:35:08,35.9100,364,2
2026-06-26,600036,13:35:11,35.9500,250,1
2026-06-26,600036,13:35:14,35.9300,7,1
2026-06-26,600036,13:35:17,35.9200,73,2
2026-06-26,600036,13:35:20,35.9500,198,1
2026-06-26,600036,13:35:23,35.9300,32,4
2026-06-26,600036,13:35:26,35.9200,60,2
2026-06-26,600036,13:35:29,35.9300,13,1
2026-06-26,600036,13:35:32,35.9300,14,1
2026-06-26,600036,13:35:35,35.9200,725,2
2026-06-26,600036,13:35:38,35.9200,12,1
2026-06-26,600036,13:35:41,35.9200,39,1
2026-06-26,600036,13:35:44,35.9200,132,1
2026-06-26,600036,13:35:47,35.9100,336,2
2026-06-26,600036,13:35:50,35.9200,216,1
2026-06-26,600036,13:35:53,35.9000,1778,2
2026-06-26,600036,13:35:56,35.9100,62,1
2026-06-26,600036,13:35:59,35.9100,32,1
2026-06-26,600036,13:36:02,35.9100,27,1
2026-06-26,600036,13:36:05,35.9000,101,2
2026-06-26,600036,13:36:08,35.9000,48,2
2026-06-26,600036,13:36:11,35.9100,213,1
2026-06-26,600036,13:36:14,35.9100,1,1
2026-06-26,600036,13:36:17,35.9100,54,1
2026-06-26,600036,13:36:20,35.9100,50,1
2026-06-26,600036,13:36:23,35.9100,40,1
2026-06-26,600036,13:36:26,35.9100,51,1
2026-06-26,600036,13:36:29,35.9000,35,2
2026-06-26,600036,13:36:32,35.9100,67,1
2026-06-26,600036,13:36:35,35.9100,121,1
2026-06-26,600036,13:36:38,35.9100,18,1
2026-06-26,600036,13:36:41,35.9100,45,1
2026-06-26,600036,13:36:44,35.9100,70,2
2026-06-26,600036,13:36:50,35.9200,30,1
2026-06-26,600036,13:36:53,35.9200,4,1
2026-06-26,600036,13:36:56,35.9100,63,2
2026-06-26,600036,13:36:59,35.9100,87,2
2026-06-26,600036,13:37:02,35.9200,5,1
2026-06-26,600036,13:37:05,35.9200,302,1
2026-06-26,600036,13:37:08,35.9400,329,1
2026-06-26,600036,13:37:11,35.9300,20,1
2026-06-26,600036,13:37:14,35.9300,369,1
2026-06-26,600036,13:37:18,35.9200,480,2
2026-06-26,600036,13:37:20,35.9200,57,2
2026-06-26,600036,13:37:23,35.9300,203,1
2026-06-26,600036,13:37:26,35.9400,12,1
2026-06-26,600036,13:37:29,35.9400,30,1
2026-06-26,600036,13:37:32,35.9400,269,1
2026-06-26,600036,13:37:35,35.9400,76,1
2026-06-26,600036,13:37:38,35.9400,43,1
2026-06-26,600036,13:37:41,35.9400,2,1
2026-06-26,600036,13:37:44,35.9400,64,1
2026-06-26,600036,13:37:47,35.9300,432,2
2026-06-26,600036,13:37:50,35.9400,29,1
2026-06-26,600036,13:37:53,35.9300,38,1
2026-06-26,600036,13:37:56,35.9300,31,1
2026-06-26,600036,13:37:59,35.9300,704,2
2026-06-26,600036,13:38:02,35.9300,46,2
2026-06-26,600036,13:38:05,35.9200,435,2
2026-06-26,600036,13:38:08,35.9200,48,1
2026-06-26,600036,13:38:11,35.9200,145,1
2026-06-26,600036,13:38:14,35.9200,95,2
2026-06-26,600036,13:38:17,35.9200,293,1
2026-06-26,600036,13:38:20,35.9200,84,1
2026-06-26,600036,13:38:23,35.9200,324,1
2026-06-26,600036,13:38:26,35.9200,278,1
2026-06-26,600036,13:38:29,35.9400,89,1
2026-06-26,600036,13:38:32,35.9400,112,1
2026-06-26,600036,13:38:35,35.9400,82,1
2026-06-26,600036,13:38:38,35.9300,5,1
2026-06-26,600036,13:38:41,35.9200,147,2
2026-06-26,600036,13:38:44,35.9200,39,2
2026-06-26,600036,13:38:47,35.9300,15,1
2026-06-26,600036,13:38:50,35.9200,87,2
2026-06-26,600036,13:38:53,35.9100,62,2
2026-06-26,600036,13:38:56,35.9200,2,1
2026-06-26,600036,13:38:59,35.9100,111,2
2026-06-26,600036,13:39:02,35.9100,503,2
2026-06-26,600036,13:39:05,35.9200,40,1
2026-06-26,600036,13:39:08,35.9200,89,1
2026-06-26,600036,13:39:11,35.9100,525,2
2026-06-26,600036,13:39:14,35.9100,63,1
2026-06-26,600036,13:39:17,35.9000,125,2
2026-06-26,600036,13:39:20,35.9000,37,2
2026-06-26,600036,13:39:23,35.9100,71,1
2026-06-26,600036,13:39:26,35.9000,87,2
2026-06-26,600036,13:39:29,35.9100,166,1
2026-06-26,600036,13:39:32,35.9100,57,1
2026-06-26,600036,13:39:35,35.9100,34,1
2026-06-26,600036,13:39:38,35.9100,88,1
2026-06-26,600036,13:39:41,35.9100,49,1
2026-06-26,600036,13:39:44,35.9100,56,1
2026-06-26,600036,13:39:47,35.9100,111,1
2026-06-26,600036,13:39:50,35.9100,36,1
2026-06-26,600036,13:39:53,35.9100,105,1
2026-06-26,600036,13:39:56,35.9100,60,1
2026-06-26,600036,13:39:59,35.9100,146,1
2026-06-26,600036,13:40:02,35.9000,128,2
2026-06-26,600036,13:40:05,35.9000,28,2
2026-06-26,600036,13:40:08,35.9000,178,2
2026-06-26,600036,13:40:11,35.9100,6,1
2026-06-26,600036,13:40:14,35.9100,22,1
2026-06-26,600036,13:40:17,35.9100,11,1
2026-06-26,600036,13:40:20,35.9100,135,1
2026-06-26,600036,13:40:23,35.9000,73,2
2026-06-26,600036,13:40:26,35.9100,59,1
2026-06-26,600036,13:40:29,35.9100,76,1
2026-06-26,600036,13:40:32,35.9100,38,1
2026-06-26,600036,13:40:35,35.9100,115,1
2026-06-26,600036,13:40:38,35.9100,61,1
2026-06-26,600036,13:40:41,35.9100,1285,1
2026-06-26,600036,13:40:44,35.9100,82,1
2026-06-26,600036,13:40:47,35.9100,301,2
2026-06-26,600036,13:40:50,35.9200,325,1
2026-06-26,600036,13:40:53,35.9300,76,1
2026-06-26,600036,13:40:56,35.9200,384,4
2026-06-26,600036,13:40:59,35.9400,135,1
2026-06-26,600036,13:41:02,35.9100,37,2
2026-06-26,600036,13:41:05,35.9300,24,1
2026-06-26,600036,13:41:08,35.9200,8,2
2026-06-26,600036,13:41:11,35.9300,51,1
2026-06-26,600036,13:41:14,35.9200,75,2
2026-06-26,600036,13:41:17,35.9300,26,1
2026-06-26,600036,13:41:20,35.9300,637,2
2026-06-26,600036,13:41:23,35.9300,22,1
2026-06-26,600036,13:41:26,35.9300,15,1
2026-06-26,600036,13:41:29,35.9300,19,1
2026-06-26,600036,13:41:32,35.9300,89,1
2026-06-26,600036,13:41:35,35.9300,28,1
2026-06-26,600036,13:41:38,35.9300,8,1
2026-06-26,600036,13:41:41,35.9300,25,1
2026-06-26,600036,13:41:44,35.9300,278,1
2026-06-26,600036,13:41:47,35.9300,41,1
2026-06-26,600036,13:41:50,35.9200,81,2
2026-06-26,600036,13:41:53,35.9200,14,2
2026-06-26,600036,13:41:56,35.9200,124,2
2026-06-26,600036,13:41:59,35.9200,27,1
2026-06-26,600036,13:42:02,35.9200,34,1
2026-06-26,600036,13:42:05,35.9200,9,1
2026-06-26,600036,13:42:08,35.9200,29,1
2026-06-26,600036,13:42:11,35.9200,11,1
2026-06-26,600036,13:42:14,35.9100,123,2
2026-06-26,600036,13:42:17,35.9200,16,1
2026-06-26,600036,13:42:20,35.9200,87,1
2026-06-26,600036,13:42:23,35.9100,36,2
2026-06-26,600036,13:42:26,35.9200,41,1
2026-06-26,600036,13:42:29,35.9200,36,1
2026-06-26,600036,13:42:32,35.9200,31,1
2026-06-26,600036,13:42:35,35.9200,19,1
2026-06-26,600036,13:42:38,35.9100,26,2
2026-06-26,600036,13:42:41,35.9200,61,1
2026-06-26,600036,13:42:44,35.9300,171,1
2026-06-26,600036,13:42:47,35.9300,86,1
2026-06-26,600036,13:42:50,35.9300,154,1
2026-06-26,600036,13:42:53,35.9200,125,4
2026-06-26,600036,13:42:56,35.9300,469,1
2026-06-26,600036,13:42:59,35.9300,21,1
2026-06-26,600036,13:43:02,35.9300,420,1
2026-06-26,600036,13:43:05,35.9300,454,2
2026-06-26,600036,13:43:08,35.9400,62,1
2026-06-26,600036,13:43:11,35.9300,170,1
2026-06-26,600036,13:43:14,35.9400,141,1
2026-06-26,600036,13:43:17,35.9300,158,1
2026-06-26,600036,13:43:20,35.9400,226,1
2026-06-26,600036,13:43:23,35.9500,109,1
2026-06-26,600036,13:43:26,35.9300,6,2
2026-06-26,600036,13:43:29,35.9300,329,2
2026-06-26,600036,13:43:32,35.9400,185,1
2026-06-26,600036,13:43:35,35.9300,161,2
2026-06-26,600036,13:43:38,35.9400,328,2
2026-06-26,600036,13:43:41,35.9500,158,1
2026-06-26,600036,13:43:44,35.9500,267,2
2026-06-26,600036,13:43:47,35.9500,58,4
2026-06-26,600036,13:43:50,35.9500,30,1
2026-06-26,600036,13:43:53,35.9400,11,2
2026-06-26,600036,13:43:56,35.9400,27,2
2026-06-26,600036,13:43:59,35.9500,86,1
2026-06-26,600036,13:44:02,35.9400,388,2
2026-06-26,600036,13:44:05,35.9400,31,2
2026-06-26,600036,13:44:08,35.9600,214,1
2026-06-26,600036,13:44:11,35.9400,93,2
2026-06-26,600036,13:44:14,35.9400,162,1
2026-06-26,600036,13:44:17,35.9400,73,2
2026-06-26,600036,13:44:20,35.9400,203,2
2026-06-26,600036,13:44:23,35.9400,54,1
2026-06-26,600036,13:44:26,35.9400,28,1
2026-06-26,600036,13:44:29,35.9400,16,1
2026-06-26,600036,13:44:32,35.9300,89,2
2026-06-26,600036,13:44:35,35.9400,11,1
2026-06-26,600036,13:44:38,35.9400,247,1
2026-06-26,600036,13:44:41,35.9400,48,1
2026-06-26,600036,13:44:44,35.9400,11,1
2026-06-26,600036,13:44:47,35.9400,58,1
2026-06-26,600036,13:44:50,35.9400,53,1
2026-06-26,600036,13:44:53,35.9400,113,2
2026-06-26,600036,13:44:56,35.9400,68,1
2026-06-26,600036,13:44:59,35.9400,11,1
2026-06-26,600036,13:45:02,35.9400,69,1
2026-06-26,600036,13:45:05,35.9400,295,1
2026-06-26,600036,13:45:08,35.9400,19,2
2026-06-26,600036,13:45:11,35.9400,40,1
2026-06-26,600036,13:45:14,35.9400,51,1
2026-06-26,600036,13:45:17,35.9400,71,2
2026-06-26,600036,13:45:20,35.9300,144,2
2026-06-26,600036,13:45:23,35.9400,68,4
2026-06-26,600036,13:45:26,35.9400,181,1
2026-06-26,600036,13:45:29,35.9300,215,2
2026-06-26,600036,13:45:32,35.9300,62,1
2026-06-26,600036,13:45:35,35.9200,81,2
2026-06-26,600036,13:45:38,35.9200,841,2
2026-06-26,600036,13:45:41,35.9200,142,2
2026-06-26,600036,13:45:44,35.9200,75,1
2026-06-26,600036,13:45:47,35.9200,81,1
2026-06-26,600036,13:45:50,35.9300,694,1
2026-06-26,600036,13:45:53,35.9300,41,1
2026-06-26,600036,13:45:56,35.9300,22,1
2026-06-26,600036,13:45:59,35.9300,3,1
2026-06-26,600036,13:46:02,35.9300,109,1
2026-06-26,600036,13:46:05,35.9300,47,1
2026-06-26,600036,13:46:08,35.9200,163,2
2026-06-26,600036,13:46:14,35.9400,43,1
2026-06-26,600036,13:46:17,35.9400,31,1
2026-06-26,600036,13:46:20,35.9400,2,1
2026-06-26,600036,13:46:23,35.9400,17,1
2026-06-26,600036,13:46:26,35.9300,93,2
2026-06-26,600036,13:46:29,35.9300,88,2
2026-06-26,600036,13:46:32,35.9300,73,2
2026-06-26,600036,13:46:35,35.9300,102,1
2026-06-26,600036,13:46:38,35.9300,117,1
2026-06-26,600036,13:46:41,35.9200,104,2
2026-06-26,600036,13:46:44,35.9200,41,2
2026-06-26,600036,13:46:47,35.9300,17,1
2026-06-26,600036,13:46:50,35.9300,18,1
2026-06-26,600036,13:46:53,35.9300,53,1
2026-06-26,600036,13:46:56,35.9300,37,1
2026-06-26,600036,13:46:59,35.9300,22,1
2026-06-26,600036,13:47:02,35.9300,28,1
2026-06-26,600036,13:47:05,35.9300,10,1
2026-06-26,600036,13:47:08,35.9300,44,1
2026-06-26,600036,13:47:11,35.9300,15,1
2026-06-26,600036,13:47:14,35.9300,195,1
2026-06-26,600036,13:47:17,35.9300,114,1
2026-06-26,600036,13:47:20,35.9300,110,2
2026-06-26,600036,13:47:23,35.9200,26,2
2026-06-26,600036,13:47:26,35.9200,351,2
2026-06-26,600036,13:47:29,35.9200,62,1
2026-06-26,600036,13:47:32,35.9200,194,1
2026-06-26,600036,13:47:35,35.9100,42,2
2026-06-26,600036,13:47:38,35.9200,55,4
2026-06-26,600036,13:47:41,35.9100,150,2
2026-06-26,600036,13:47:44,35.9200,70,1
2026-06-26,600036,13:47:47,35.9100,329,2
2026-06-26,600036,13:47:50,35.9200,27,1
2026-06-26,600036,13:47:53,35.9200,30,1
2026-06-26,600036,13:47:56,35.9200,46,1
2026-06-26,600036,13:47:59,35.9200,49,1
2026-06-26,600036,13:48:02,35.9100,36,2
2026-06-26,600036,13:48:05,35.9100,30,2
2026-06-26,600036,13:48:08,35.9200,21,1
2026-06-26,600036,13:48:11,35.9200,36,1
2026-06-26,600036,13:48:14,35.9200,31,1
2026-06-26,600036,13:48:17,35.9200,24,1
2026-06-26,600036,13:48:20,35.9200,154,1
2026-06-26,600036,13:48:23,35.9200,23,1
2026-06-26,600036,13:48:26,35.9200,23,1
2026-06-26,600036,13:48:29,35.9200,87,1
2026-06-26,600036,13:48:32,35.9100,50,2
2026-06-26,600036,13:48:35,35.9200,62,1
2026-06-26,600036,13:48:38,35.9100,45,2
2026-06-26,600036,13:48:41,35.9200,175,1
2026-06-26,600036,13:48:44,35.9100,7,2
2026-06-26,600036,13:48:47,35.9200,23,1
2026-06-26,600036,13:48:50,35.9200,111,1
2026-06-26,600036,13:48:53,35.9200,21,1
2026-06-26,600036,13:48:56,35.9200,58,1
2026-06-26,600036,13:48:59,35.9100,184,2
2026-06-26,600036,13:49:02,35.9100,100,2
2026-06-26,600036,13:49:05,35.9100,33,2
2026-06-26,600036,13:49:08,35.9100,152,2
2026-06-26,600036,13:49:11,35.9200,28,1
2026-06-26,600036,13:49:14,35.9100,150,2
2026-06-26,600036,13:49:17,35.9100,57,2
2026-06-26,600036,13:49:20,35.9200,57,1
2026-06-26,600036,13:49:23,35.9100,232,2
2026-06-26,600036,13:49:26,35.9100,435,1
2026-06-26,600036,13:49:29,35.9000,120,2
2026-06-26,600036,13:49:32,35.9100,30,1
2026-06-26,600036,13:49:35,35.9100,35,1
2026-06-26,600036,13:49:38,35.9100,56,1
2026-06-26,600036,13:49:41,35.9000,245,2
2026-06-26,600036,13:49:44,35.9000,287,2
2026-06-26,600036,13:49:47,35.9100,178,1
2026-06-26,600036,13:49:50,35.9100,18,1
2026-06-26,600036,13:49:53,35.9100,124,1
2026-06-26,600036,13:49:56,35.9100,29,1
2026-06-26,600036,13:49:59,35.9100,242,1
2026-06-26,600036,13:50:02,35.9000,176,2
2026-06-26,600036,13:50:05,35.9100,289,1
2026-06-26,600036,13:50:08,35.9000,133,2
2026-06-26,600036,13:50:11,35.9100,10,1
2026-06-26,600036,13:50:14,35.9100,31,1
2026-06-26,600036,13:50:17,35.9000,96,2
2026-06-26,600036,13:50:20,35.9000,29,2
2026-06-26,600036,13:50:23,35.9100,62,1
2026-06-26,600036,13:50:26,35.9100,22,1
2026-06-26,600036,13:50:29,35.9100,48,1
2026-06-26,600036,13:50:32,35.9100,84,1
2026-06-26,600036,13:50:35,35.9100,73,1
2026-06-26,600036,13:50:38,35.9100,413,1
2026-06-26,600036,13:50:41,35.9100,639,2
2026-06-26,600036,13:50:44,35.9100,118,2
2026-06-26,600036,13:50:47,35.9100,109,2
2026-06-26,600036,13:50:50,35.9100,174,2
2026-06-26,600036,13:50:53,35.9100,277,2
2026-06-26,600036,13:50:56,35.9300,243,1
2026-06-26,600036,13:50:59,35.9200,485,2
2026-06-26,600036,13:51:02,35.9100,561,2
2026-06-26,600036,13:51:05,35.9000,576,2
2026-06-26,600036,13:51:08,35.9000,418,2
2026-06-26,600036,13:51:11,35.9100,49,1
2026-06-26,600036,13:51:14,35.9100,17,1
2026-06-26,600036,13:51:17,35.9000,80,2
2026-06-26,600036,13:51:20,35.9100,25,1
2026-06-26,600036,13:51:23,35.9100,32,1
2026-06-26,600036,13:51:26,35.9100,55,1
2026-06-26,600036,13:51:29,35.9000,101,2
2026-06-26,600036,13:51:32,35.9100,130,1
2026-06-26,600036,13:51:35,35.9100,123,1
2026-06-26,600036,13:51:38,35.9100,78,1
2026-06-26,600036,13:51:41,35.9100,35,1
2026-06-26,600036,13:51:44,35.9100,200,1
2026-06-26,600036,13:51:47,35.9100,96,2
2026-06-26,600036,13:51:50,35.9100,99,2
2026-06-26,600036,13:51:53,35.9000,38,2
2026-06-26,600036,13:51:56,35.9200,107,1
2026-06-26,600036,13:51:59,35.9100,35,2
2026-06-26,600036,13:52:02,35.9100,110,2
2026-06-26,600036,13:52:05,35.9100,121,2
2026-06-26,600036,13:52:08,35.9000,39,2
2026-06-26,600036,13:52:11,35.9100,143,4
2026-06-26,600036,13:52:14,35.9000,249,2
2026-06-26,600036,13:52:17,35.9100,556,1
2026-06-26,600036,13:52:20,35.9100,66,1
2026-06-26,600036,13:52:23,35.9100,54,1
2026-06-26,600036,13:52:26,35.9100,137,1
2026-06-26,600036,13:52:29,35.9100,320,1
2026-06-26,600036,13:52:32,35.9100,97,2
2026-06-26,600036,13:52:35,35.9100,60,1
2026-06-26,600036,13:52:38,35.9100,11,1
2026-06-26,600036,13:52:41,35.9000,429,2
2026-06-26,600036,13:52:44,35.9000,54,2
2026-06-26,600036,13:52:47,35.9000,172,2
2026-06-26,600036,13:52:50,35.9100,59,1
2026-06-26,600036,13:52:53,35.9100,91,1
2026-06-26,600036,13:52:56,35.9000,111,2
2026-06-26,600036,13:52:59,35.9100,9,1
2026-06-26,600036,13:53:02,35.9100,136,1
2026-06-26,600036,13:53:05,35.9000,96,2
2026-06-26,600036,13:53:08,35.9100,346,1
2026-06-26,600036,13:53:11,35.9000,268,2
2026-06-26,600036,13:53:14,35.9000,188,2
2026-06-26,600036,13:53:17,35.9000,241,2
2026-06-26,600036,13:53:20,35.9100,20,1
2026-06-26,600036,13:53:23,35.9100,39,1
2026-06-26,600036,13:53:26,35.9100,19,1
2026-06-26,600036,13:53:29,35.9100,27,1
2026-06-26,600036,13:53:32,35.9100,65,1
2026-06-26,600036,13:53:35,35.9000,347,2
2026-06-26,600036,13:53:38,35.9000,312,2
2026-06-26,600036,13:53:41,35.9000,81,2
2026-06-26,600036,13:53:44,35.9100,180,1
2026-06-26,600036,13:53:47,35.9100,145,1
2026-06-26,600036,13:53:50,35.9000,2585,2
2026-06-26,600036,13:53:53,35.9000,132,1
2026-06-26,600036,13:53:56,35.9000,337,1
2026-06-26,600036,13:53:59,35.9000,18,1
2026-06-26,600036,13:54:02,35.9000,40,1
2026-06-26,600036,13:54:05,35.9000,58,1
2026-06-26,600036,13:54:08,35.9000,379,1
2026-06-26,600036,13:54:11,35.8900,95,2
2026-06-26,600036,13:54:14,35.9000,175,1
2026-06-26,600036,13:54:17,35.9000,118,1
2026-06-26,600036,13:54:20,35.8900,317,2
2026-06-26,600036,13:54:23,35.9000,34,1
2026-06-26,600036,13:54:26,35.9000,22,1
2026-06-26,600036,13:54:29,35.9000,265,1
2026-06-26,600036,13:54:32,35.9000,32,1
2026-06-26,600036,13:54:35,35.9000,28,1
2026-06-26,600036,13:54:38,35.9000,268,1
2026-06-26,600036,13:54:41,35.8900,38,2
2026-06-26,600036,13:54:44,35.9000,110,1
2026-06-26,600036,13:54:47,35.8900,58,2
2026-06-26,600036,13:54:50,35.8900,88,2
2026-06-26,600036,13:54:53,35.8900,213,2
2026-06-26,600036,13:54:56,35.8900,64,2
2026-06-26,600036,13:54:59,35.9000,54,1
2026-06-26,600036,13:55:02,35.9000,55,1
2026-06-26,600036,13:55:05,35.8900,94,2
2026-06-26,600036,13:55:08,35.8900,104,2
2026-06-26,600036,13:55:11,35.9000,81,1
2026-06-26,600036,13:55:14,35.9000,61,1
2026-06-26,600036,13:55:17,35.8900,21,2
2026-06-26,600036,13:55:20,35.8900,434,2
2026-06-26,600036,13:55:23,35.9000,215,1
2026-06-26,600036,13:55:26,35.9000,65,1
2026-06-26,600036,13:55:29,35.8900,81,2
2026-06-26,600036,13:55:32,35.8900,125,2
2026-06-26,600036,13:55:35,35.9000,41,1
2026-06-26,600036,13:55:38,35.9000,75,1
2026-06-26,600036,13:55:41,35.8900,130,2
2026-06-26,600036,13:55:44,35.9100,2002,1
2026-06-26,600036,13:55:47,35.9100,269,1
2026-06-26,600036,13:55:50,35.9100,18,1
2026-06-26,600036,13:55:53,35.9100,53,1
2026-06-26,600036,13:55:56,35.9100,31,1
2026-06-26,600036,13:55:59,35.9100,666,1
2026-06-26,600036,13:56:02,35.9000,123,2
2026-06-26,600036,13:56:05,35.9100,177,4
2026-06-26,600036,13:56:08,35.9200,295,1
2026-06-26,600036,13:56:11,35.9100,273,2
2026-06-26,600036,13:56:14,35.9100,216,1
2026-06-26,600036,13:56:17,35.9100,168,1
2026-06-26,600036,13:56:20,35.9100,85,1
2026-06-26,600036,13:56:23,35.9100,119,1
2026-06-26,600036,13:56:26,35.9100,919,1
2026-06-26,600036,13:56:29,35.9000,147,2
2026-06-26,600036,13:56:32,35.9100,211,1
2026-06-26,600036,13:56:35,35.9100,56,1
2026-06-26,600036,13:56:38,35.9000,22,2
2026-06-26,600036,13:56:41,35.9200,62,1
2026-06-26,600036,13:56:44,35.9100,41,1
2026-06-26,600036,13:56:47,35.9100,130,1
2026-06-26,600036,13:56:50,35.9100,92,1
2026-06-26,600036,13:56:53,35.9100,17,1
2026-06-26,600036,13:56:56,35.9100,88,1
2026-06-26,600036,13:56:59,35.9100,996,1
2026-06-26,600036,13:57:02,35.9100,31,4
2026-06-26,600036,13:57:05,35.9100,53,4
2026-06-26,600036,13:57:08,35.9100,84,1
2026-06-26,600036,13:57:11,35.9100,871,1
2026-06-26,600036,13:57:14,35.9100,36,1
2026-06-26,600036,13:57:17,35.9000,97,2
2026-06-26,600036,13:57:20,35.9100,63,1
2026-06-26,600036,13:57:23,35.9100,24,1
2026-06-26,600036,13:57:26,35.9100,19,1
2026-06-26,600036,13:57:29,35.9100,27,1
2026-06-26,600036,13:57:32,35.9100,43,1
2026-06-26,600036,13:57:35,35.9100,19,1
2026-06-26,600036,13:57:38,35.9000,969,2
2026-06-26,600036,13:57:41,35.9000,95,1
2026-06-26,600036,13:57:44,35.9000,165,1
2026-06-26,600036,13:57:47,35.9100,400,1
2026-06-26,600036,13:57:50,35.9000,20,2
2026-06-26,600036,13:57:53,35.9100,50,1
2026-06-26,600036,13:57:56,35.9000,119,2
2026-06-26,600036,13:57:59,35.9000,110,2
2026-06-26,600036,13:58:02,35.9000,301,2
2026-06-26,600036,13:58:05,35.9000,62,1
2026-06-26,600036,13:58:08,35.8900,62,2
2026-06-26,600036,13:58:11,35.8900,27,2
2026-06-26,600036,13:58:14,35.9000,103,1
2026-06-26,600036,13:58:17,35.9000,50,1
2026-06-26,600036,13:58:20,35.9000,29,1
2026-06-26,600036,13:58:23,35.9000,38,1
2026-06-26,600036,13:58:26,35.9000,51,1
2026-06-26,600036,13:58:29,35.8900,28,2
2026-06-26,600036,13:58:32,35.8900,131,2
2026-06-26,600036,13:58:35,35.9000,85,1
2026-06-26,600036,13:58:38,35.8900,231,2
2026-06-26,600036,13:58:41,35.9000,52,1
2026-06-26,600036,13:58:44,35.9000,7,1
2026-06-26,600036,13:58:47,35.9000,37,1
2026-06-26,600036,13:58:50,35.9000,158,1
2026-06-26,600036,13:58:53,35.9000,22,1
2026-06-26,600036,13:58:56,35.9000,68,1
2026-06-26,600036,13:58:59,35.9000,44,1
2026-06-26,600036,13:59:02,35.9000,58,1
2026-06-26,600036,13:59:05,35.9000,49,1
2026-06-26,600036,13:59:08,35.9000,793,1
2026-06-26,600036,13:59:11,35.9000,189,1
2026-06-26,600036,13:59:14,35.9000,90,1
2026-06-26,600036,13:59:17,35.9000,112,1
2026-06-26,600036,13:59:20,35.9000,141,1
2026-06-26,600036,13:59:23,35.9000,80,1
2026-06-26,600036,13:59:26,35.9000,347,1
2026-06-26,600036,13:59:29,35.9100,330,1
2026-06-26,600036,13:59:32,35.9100,78,1
2026-06-26,600036,13:59:35,35.9100,360,1
2026-06-26,600036,13:59:38,35.9000,115,2
2026-06-26,600036,13:59:41,35.9100,221,1
2026-06-26,600036,13:59:44,35.9100,255,1
2026-06-26,600036,13:59:47,35.9100,54,1
2026-06-26,600036,13:59:50,35.9100,9,1
2026-06-26,600036,13:59:53,35.9100,155,1
2026-06-26,600036,13:59:56,35.9100,324,2
2026-06-26,600036,13:59:59,35.9100,49,1
2026-06-26,600036,14:00:02,35.9100,141,1
2026-06-26,600036,14:00:05,35.9100,75,1
2026-06-26,600036,14:00:08,35.9100,102,1
2026-06-26,600036,14:00:11,35.9100,137,1
2026-06-26,600036,14:00:14,35.9200,86,1
2026-06-26,600036,14:00:17,35.9200,19,1
2026-06-26,600036,14:00:20,35.9100,41,2
2026-06-26,600036,14:00:23,35.9200,25,1
2026-06-26,600036,14:00:26,35.9200,81,1
2026-06-26,600036,14:00:29,35.9300,95,1
2026-06-26,600036,14:00:32,35.9300,51,1
2026-06-26,600036,14:00:35,35.9200,379,2
2026-06-26,600036,14:00:38,35.9200,81,2
2026-06-26,600036,14:00:41,35.9300,115,1
2026-06-26,600036,14:00:44,35.9200,101,2
2026-06-26,600036,14:00:47,35.9300,62,1
2026-06-26,600036,14:00:50,35.9300,120,1
2026-06-26,600036,14:00:53,35.9300,219,2
2026-06-26,600036,14:00:56,35.9400,28,1
2026-06-26,600036,14:00:59,35.9300,83,2
2026-06-26,600036,14:01:02,35.9400,84,1
2026-06-26,600036,14:01:05,35.9400,122,1
2026-06-26,600036,14:01:08,35.9400,38,1
2026-06-26,600036,14:01:11,35.9400,45,1
2026-06-26,600036,14:01:14,35.9400,59,1
2026-06-26,600036,14:01:17,35.9500,67,1
2026-06-26,600036,14:01:20,35.9600,189,1
2026-06-26,600036,14:01:23,35.9600,7,1
2026-06-26,600036,14:01:26,35.9600,90,1
2026-06-26,600036,14:01:29,35.9600,19,1
2026-06-26,600036,14:01:32,35.9600,225,1
2026-06-26,600036,14:01:35,35.9500,321,2
2026-06-26,600036,14:01:38,35.9600,206,1
2026-06-26,600036,14:01:41,35.9600,48,1
2026-06-26,600036,14:01:44,35.9500,140,2
2026-06-26,600036,14:01:47,35.9500,862,1
2026-06-26,600036,14:01:50,35.9700,208,1
2026-06-26,600036,14:01:53,35.9600,65,4
2026-06-26,600036,14:01:56,35.9700,30,1
2026-06-26,600036,14:01:59,35.9600,152,2
2026-06-26,600036,14:02:02,35.9700,355,1
2026-06-26,600036,14:02:05,35.9600,25,1
2026-06-26,600036,14:02:08,35.9600,189,1
2026-06-26,600036,14:02:11,35.9600,30,1
2026-06-26,600036,14:02:14,35.9600,48,1
2026-06-26,600036,14:02:17,35.9600,12,1
2026-06-26,600036,14:02:20,35.9600,52,4
2026-06-26,600036,14:02:23,35.9800,543,1
2026-06-26,600036,14:02:26,35.9800,336,2
2026-06-26,600036,14:02:29,36.0000,2102,1
2026-06-26,600036,14:02:32,36.0000,635,2
2026-06-26,600036,14:02:35,36.0400,311,1
2026-06-26,600036,14:02:38,36.0100,187,2
2026-06-26,600036,14:02:41,36.0100,3,2
2026-06-26,600036,14:02:44,36.0100,21,1
2026-06-26,600036,14:02:47,36.0100,154,1
2026-06-26,600036,14:02:50,36.0000,32,2
2026-06-26,600036,14:02:53,36.0000,66,1
2026-06-26,600036,14:02:56,35.9900,136,2
2026-06-26,600036,14:02:59,35.9800,8,2
2026-06-26,600036,14:03:02,35.9800,77,2
2026-06-26,600036,14:03:05,35.9900,3,4
2026-06-26,600036,14:03:08,35.9800,95,2
2026-06-26,600036,14:03:11,35.9800,42,2
2026-06-26,600036,14:03:14,35.9800,45,2
2026-06-26,600036,14:03:17,35.9900,9,1
2026-06-26,600036,14:03:20,35.9900,11,1
2026-06-26,600036,14:03:23,35.9800,18,2
2026-06-26,600036,14:03:26,35.9900,79,1
2026-06-26,600036,14:03:29,35.9800,48,2
2026-06-26,600036,14:03:32,35.9900,84,1
2026-06-26,600036,14:03:35,35.9800,91,2
2026-06-26,600036,14:03:38,35.9900,1,1
2026-06-26,600036,14:03:41,35.9900,688,1
2026-06-26,600036,14:03:44,35.9900,24,1
2026-06-26,600036,14:03:47,35.9800,98,2
2026-06-26,600036,14:03:50,35.9900,13,1
2026-06-26,600036,14:03:53,35.9900,20,1
2026-06-26,600036,14:03:56,35.9900,17,1
2026-06-26,600036,14:03:59,35.9900,52,1
2026-06-26,600036,14:04:02,35.9900,75,1
2026-06-26,600036,14:04:05,35.9800,123,2
2026-06-26,600036,14:04:08,35.9900,16,1
2026-06-26,600036,14:04:11,35.9800,104,2
2026-06-26,600036,14:04:14,35.9800,144,2
2026-06-26,600036,14:04:17,35.9800,42,1
2026-06-26,600036,14:04:20,35.9800,69,1
2026-06-26,600036,14:04:23,35.9700,285,2
2026-06-26,600036,14:04:26,35.9700,8,1
2026-06-26,600036,14:04:29,35.9700,4,1
2026-06-26,600036,14:04:32,35.9700,33,1
2026-06-26,600036,14:04:35,35.9700,3,1
2026-06-26,600036,14:04:38,35.9700,22,1
2026-06-26,600036,14:04:41,35.9600,67,2
2026-06-26,600036,14:04:44,35.9700,158,1
2026-06-26,600036,14:04:47,35.9600,213,2
2026-06-26,600036,14:04:50,35.9600,99,2
2026-06-26,600036,14:04:53,35.9600,114,1
2026-06-26,600036,14:04:56,35.9500,75,2
2026-06-26,600036,14:04:59,35.9600,41,1
2026-06-26,600036,14:05:02,35.9500,99,2
2026-06-26,600036,14:05:05,35.9600,84,1
2026-06-26,600036,14:05:08,35.9500,24,2
2026-06-26,600036,14:05:11,35.9600,30,1
2026-06-26,600036,14:05:14,35.9500,160,2
2026-06-26,600036,14:05:17,35.9500,135,2
2026-06-26,600036,14:05:20,35.9500,120,2
2026-06-26,600036,14:05:23,35.9600,41,1
2026-06-26,600036,14:05:26,35.9500,55,2
2026-06-26,600036,14:05:29,35.9600,621,1
2026-06-26,600036,14:05:32,35.9500,156,2
2026-06-26,600036,14:05:35,35.9600,121,2
2026-06-26,600036,14:05:38,35.9600,28,2
2026-06-26,600036,14:05:41,35.9600,141,1
2026-06-26,600036,14:05:44,35.9500,101,2
2026-06-26,600036,14:05:47,35.9500,57,1
2026-06-26,600036,14:05:50,35.9500,442,2
2026-06-26,600036,14:05:53,35.9600,25,1
2026-06-26,600036,14:05:56,35.9500,21,2
2026-06-26,600036,14:05:59,35.9700,270,1
2026-06-26,600036,14:06:02,35.9600,25,4
2026-06-26,600036,14:06:05,35.9600,22,2
2026-06-26,600036,14:06:08,35.9700,12,1
2026-06-26,600036,14:06:11,35.9700,266,1
2026-06-26,600036,14:06:14,35.9700,284,2
2026-06-26,600036,14:06:17,35.9900,38,1
2026-06-26,600036,14:06:20,35.9900,113,1
2026-06-26,600036,14:06:23,35.9900,277,1
2026-06-26,600036,14:06:29,35.9800,160,2
2026-06-26,600036,14:06:32,35.9800,198,2
2026-06-26,600036,14:06:35,35.9800,2,1
2026-06-26,600036,14:06:38,35.9700,2,2
2026-06-26,600036,14:06:41,35.9800,14,1
2026-06-26,600036,14:06:44,35.9800,487,1
2026-06-26,600036,14:06:47,35.9700,39,2
2026-06-26,600036,10:56:38,35.9100,315,2
2026-06-26,600036,10:56:41,35.9200,70,1
2026-06-26,600036,10:56:44,35.9200,76,1
2026-06-26,600036,10:56:47,35.9100,20,2
2026-06-26,600036,10:56:50,35.9100,35,2
2026-06-26,600036,10:56:53,35.9200,14,1
2026-06-26,600036,10:56:56,35.9200,127,1
2026-06-26,600036,10:56:59,35.9200,49,1
2026-06-26,600036,10:57:02,35.9200,140,1
2026-06-26,600036,10:57:05,35.9100,98,2
2026-06-26,600036,10:57:08,35.9200,234,2
2026-06-26,600036,10:57:11,35.9000,264,2
2026-06-26,600036,10:57:14,35.9000,479,2
2026-06-26,600036,10:57:17,35.9100,204,1
2026-06-26,600036,10:57:20,35.9000,195,2
2026-06-26,600036,10:57:23,35.9000,44,2
2026-06-26,600036,10:57:26,35.9100,257,1
2026-06-26,600036,10:57:29,35.9100,8,1
2026-06-26,600036,10:57:32,35.9100,117,1
2026-06-26,600036,10:57:35,35.9000,642,2
2026-06-26,600036,10:57:38,35.9100,202,1
2026-06-26,600036,10:57:41,35.9000,143,2
2026-06-26,600036,10:57:44,35.9000,138,2
2026-06-26,600036,10:57:47,35.9100,305,1
2026-06-26,600036,10:57:50,35.9100,48,1
2026-06-26,600036,10:57:53,35.9000,86,2
2026-06-26,600036,10:57:56,35.9100,182,1
2026-06-26,600036,10:57:59,35.9100,192,2
2026-06-26,600036,10:58:02,35.9100,101,4
2026-06-26,600036,10:58:05,35.9100,138,1
2026-06-26,600036,10:58:08,35.9100,376,1
2026-06-26,600036,10:58:11,35.9100,1014,1
2026-06-26,600036,10:58:14,35.9100,204,1
2026-06-26,600036,10:58:17,35.9100,113,1
2026-06-26,600036,10:58:20,35.9100,250,1
2026-06-26,600036,10:58:23,35.9100,206,1
2026-06-26,600036,10:58:26,35.9100,21,1
2026-06-26,600036,10:58:29,35.9000,186,2
2026-06-26,600036,10:58:32,35.9100,66,1
2026-06-26,600036,10:58:35,35.9000,61,2
2026-06-26,600036,10:58:38,35.9100,80,1
2026-06-26,600036,10:58:41,35.9000,38,2
2026-06-26,600036,10:58:44,35.9000,86,2
2026-06-26,600036,10:58:47,35.9000,108,2
2026-06-26,600036,10:58:50,35.9000,23,1
2026-06-26,600036,10:58:53,35.9100,47,1
2026-06-26,600036,10:58:56,35.9100,27,1
2026-06-26,600036,10:58:59,35.9100,137,1
2026-06-26,600036,10:59:02,35.9000,155,2
2026-06-26,600036,10:59:05,35.9000,123,1
2026-06-26,600036,10:59:08,35.9000,45,1
2026-06-26,600036,10:59:11,35.9000,105,1
2026-06-26,600036,10:59:14,35.8900,108,2
2026-06-26,600036,10:59:17,35.9000,117,1
2026-06-26,600036,10:59:20,35.9000,79,1
2026-06-26,600036,10:59:23,35.8900,40,2
2026-06-26,600036,10:59:26,35.9000,207,1
2026-06-26,600036,10:59:29,35.9000,71,1
2026-06-26,600036,10:59:32,35.9000,313,1
2026-06-26,600036,10:59:35,35.9000,176,2
2026-06-26,600036,10:59:38,35.9000,148,2
2026-06-26,600036,10:59:41,35.9000,219,2
2026-06-26,600036,10:59:44,35.9100,11,1
2026-06-26,600036,10:59:47,35.9000,273,2
2026-06-26,600036,10:59:50,35.9100,59,1
2026-06-26,600036,10:59:53,35.9000,437,2
2026-06-26,600036,10:59:56,35.8900,1479,2
2026-06-26,600036,10:59:59,35.9000,664,1
2026-06-26,600036,11:00:02,35.8900,141,4
2026-06-26,600036,11:00:05,35.8900,114,1
2026-06-26,600036,11:00:08,35.8800,104,2
2026-06-26,600036,11:00:11,35.8900,86,1
2026-06-26,600036,11:00:14,35.8900,202,1
2026-06-26,600036,11:00:17,35.8900,380,1
2026-06-26,600036,11:00:20,35.8900,98,1
2026-06-26,600036,11:00:23,35.8900,70,1
2026-06-26,600036,11:00:26,35.8900,48,1
2026-06-26,600036,11:00:29,35.8900,89,1
2026-06-26,600036,11:00:32,35.8900,458,1
2026-06-26,600036,11:00:35,35.8900,149,1
2026-06-26,600036,11:00:38,35.8900,153,1
2026-06-26,600036,11:00:41,35.8900,489,1
2026-06-26,600036,11:00:44,35.8900,247,1
2026-06-26,600036,11:00:47,35.8900,75,1
2026-06-26,600036,11:00:50,35.8900,63,1
2026-06-26,600036,11:00:53,35.8900,79,1
2026-06-26,600036,11:00:56,35.8900,101,1
2026-06-26,600036,11:00:59,35.8900,89,1
2026-06-26,600036,11:01:02,35.8900,229,1
2026-06-26,600036,11:01:05,35.8800,100,2
2026-06-26,600036,11:01:08,35.8900,83,1
2026-06-26,600036,11:01:11,35.8800,35,2
2026-06-26,600036,11:01:14,35.8800,115,2
2026-06-26,600036,11:01:17,35.8800,171,2
2026-06-26,600036,11:01:20,35.8900,97,1
2026-06-26,600036,11:01:23,35.8900,202,1
2026-06-26,600036,11:01:26,35.8900,93,1
2026-06-26,600036,11:01:29,35.8900,58,1
2026-06-26,600036,11:01:32,35.8900,55,1
2026-06-26,600036,11:01:35,35.8900,149,1
2026-06-26,600036,11:01:38,35.9000,1064,1
2026-06-26,600036,11:01:41,35.9100,160,1
2026-06-26,600036,11:01:44,35.9000,824,2
2026-06-26,600036,11:01:47,35.8900,147,2
2026-06-26,600036,11:01:50,35.9000,17,1
2026-06-26,600036,11:01:53,35.9000,81,1
2026-06-26,600036,11:01:56,35.8900,68,2
2026-06-26,600036,11:01:59,35.9000,81,1
2026-06-26,600036,11:02:02,35.9000,70,1
2026-06-26,600036,11:02:05,35.9000,483,1
2026-06-26,600036,11:02:08,35.9000,136,2
2026-06-26,600036,11:02:11,35.9000,57,2
2026-06-26,600036,11:02:14,35.9000,63,2
2026-06-26,600036,11:02:17,35.9100,114,1
2026-06-26,600036,11:02:20,35.9100,109,1
2026-06-26,600036,11:02:23,35.9000,433,2
2026-06-26,600036,11:02:26,35.9000,424,1
2026-06-26,600036,11:02:29,35.8900,372,2
2026-06-26,600036,11:02:32,35.8900,398,2
2026-06-26,600036,11:02:35,35.8900,132,2
2026-06-26,600036,11:02:38,35.8900,153,1
2026-06-26,600036,11:02:41,35.8900,87,1
2026-06-26,600036,11:02:44,35.8900,57,1
2026-06-26,600036,11:02:47,35.8900,121,1
2026-06-26,600036,11:02:50,35.8900,107,1
2026-06-26,600036,11:02:53,35.8900,81,1
2026-06-26,600036,11:02:56,35.8900,115,1
2026-06-26,600036,11:02:59,35.9000,26,1
2026-06-26,600036,11:03:02,35.9000,7,1
2026-06-26,600036,11:03:05,35.9000,77,1
2026-06-26,600036,11:03:08,35.9000,44,1
2026-06-26,600036,11:03:11,35.9000,180,1
2026-06-26,600036,11:03:14,35.9000,256,1
2026-06-26,600036,11:03:17,35.9100,535,1
2026-06-26,600036,11:03:20,35.9100,129,4
2026-06-26,600036,11:03:23,35.9000,44,2
2026-06-26,600036,11:03:26,35.9100,27,1
2026-06-26,600036,11:03:29,35.9100,53,1
2026-06-26,600036,11:03:32,35.9000,176,2
2026-06-26,600036,11:03:35,35.9100,112,1
2026-06-26,600036,11:03:38,35.9000,85,2
2026-06-26,600036,11:03:41,35.9000,110,1
2026-06-26,600036,11:03:44,35.9100,19,1
2026-06-26,600036,11:03:47,35.9000,50,2
2026-06-26,600036,11:03:50,35.9000,43,2
2026-06-26,600036,11:03:53,35.9100,119,1
2026-06-26,600036,11:03:56,35.9100,31,1
2026-06-26,600036,11:03:59,35.9100,14,1
2026-06-26,600036,11:04:02,35.9100,257,1
2026-06-26,600036,11:04:05,35.9200,45,1
2026-06-26,600036,11:04:08,35.9100,150,2
2026-06-26,600036,11:04:11,35.9200,24,1
2026-06-26,600036,11:04:14,35.9200,246,1
2026-06-26,600036,11:04:17,35.9100,95,2
2026-06-26,600036,11:04:20,35.9200,223,1
2026-06-26,600036,11:04:23,35.9200,25,1
2026-06-26,600036,11:04:26,35.9200,230,1
2026-06-26,600036,11:04:29,35.9200,62,1
2026-06-26,600036,11:04:32,35.9100,210,2
2026-06-26,600036,11:04:35,35.9100,161,2
2026-06-26,600036,11:04:38,35.9100,141,2
2026-06-26,600036,11:04:41,35.9100,861,1
2026-06-26,600036,11:04:44,35.9100,79,1
2026-06-26,600036,11:04:47,35.9100,86,1
2026-06-26,600036,11:04:50,35.9100,40,2
2026-06-26,600036,11:04:53,35.9200,117,1
2026-06-26,600036,11:04:56,35.9200,7,1
2026-06-26,600036,11:04:59,35.9100,181,2
2026-06-26,600036,11:05:02,35.9100,143,1
2026-06-26,600036,11:05:05,35.9100,22,1
2026-06-26,600036,11:05:08,35.9100,73,1
2026-06-26,600036,11:05:11,35.9100,18,1
2026-06-26,600036,11:05:14,35.9100,172,1
2026-06-26,600036,11:05:17,35.9100,50,2
2026-06-26,600036,11:05:20,35.9200,33,1
2026-06-26,600036,11:05:23,35.9200,14,1
2026-06-26,600036,11:05:26,35.9200,54,1
2026-06-26,600036,11:05:29,35.9200,59,1
2026-06-26,600036,11:05:32,35.9100,36,2
2026-06-26,600036,11:05:35,35.9200,20,1
2026-06-26,600036,11:05:38,35.9100,65,2
2026-06-26,600036,11:05:41,35.9200,95,1
2026-06-26,600036,11:05:44,35.9100,64,2
2026-06-26,600036,11:05:47,35.9200,163,1
2026-06-26,600036,11:05:50,35.9300,21,1
2026-06-26,600036,11:05:53,35.9400,544,1
2026-06-26,600036,11:05:56,35.9700,521,1
2026-06-26,600036,11:05:59,35.9600,125,1
2026-06-26,600036,11:06:02,35.9600,40,1
2026-06-26,600036,11:06:05,35.9700,65,1
2026-06-26,600036,11:06:08,35.9700,19,1
2026-06-26,600036,11:06:11,35.9700,29,1
2026-06-26,600036,11:06:14,35.9700,33,1
2026-06-26,600036,11:06:17,35.9700,101,1
2026-06-26,600036,11:06:20,35.9700,126,1
2026-06-26,600036,11:06:23,35.9700,73,1
2026-06-26,600036,11:06:26,35.9800,29,1
2026-06-26,600036,11:06:29,35.9800,88,1
2026-06-26,600036,11:06:32,35.9800,50,1
2026-06-26,600036,11:06:35,35.9800,45,1
2026-06-26,600036,11:06:38,35.9800,97,1
2026-06-26,600036,11:06:41,35.9800,87,1
2026-06-26,600036,11:06:44,35.9800,133,1
2026-06-26,600036,11:06:47,35.9700,104,2
2026-06-26,600036,11:06:50,35.9800,64,1
2026-06-26,600036,11:06:53,35.9800,67,2
2026-06-26,600036,11:06:56,35.9900,121,1
2026-06-26,600036,11:06:59,35.9900,125,1
2026-06-26,600036,11:07:02,35.9900,92,1
2026-06-26,600036,11:07:05,36.0000,405,1
2026-06-26,600036,11:07:08,36.0000,53,1
2026-06-26,600036,11:07:11,36.0000,88,1
2026-06-26,600036,11:07:14,36.0100,162,1
2026-06-26,600036,11:07:17,36.0400,584,1
2026-06-26,600036,11:07:20,36.0400,128,1
2026-06-26,600036,11:07:23,36.0300,96,2
2026-06-26,600036,11:07:26,36.0400,262,1
2026-06-26,600036,11:07:29,36.0400,254,2
2026-06-26,600036,11:07:32,36.0400,117,1
2026-06-26,600036,11:07:35,36.0500,85,1
2026-06-26,600036,11:07:38,36.0400,157,2
2026-06-26,600036,11:07:41,36.0400,434,2
2026-06-26,600036,11:07:44,36.0300,335,2
2026-06-26,600036,11:07:47,36.0200,118,2
2026-06-26,600036,11:07:50,36.0400,306,1
2026-06-26,600036,11:07:53,36.0200,69,4
2026-06-26,600036,11:07:56,36.0300,250,1
2026-06-26,600036,11:07:59,36.0400,114,1
2026-06-26,600036,11:08:02,36.0300,127,2
2026-06-26,600036,11:08:05,36.0300,56,2
2026-06-26,600036,11:08:08,36.0400,108,4
2026-06-26,600036,11:08:11,36.0400,45,2
2026-06-26,600036,11:08:14,36.0400,206,1
2026-06-26,600036,11:08:17,36.0500,266,1
2026-06-26,600036,11:08:20,36.0500,226,1
2026-06-26,600036,11:08:23,36.0500,95,1
2026-06-26,600036,11:08:26,36.0500,37,1
2026-06-26,600036,11:08:29,36.0500,31,1
2026-06-26,600036,11:08:32,36.0400,304,2
2026-06-26,600036,11:08:35,36.0400,313,1
2026-06-26,600036,11:08:38,36.0500,139,1
2026-06-26,600036,11:08:41,36.0500,295,1
2026-06-26,600036,11:08:44,36.0500,313,1
2026-06-26,600036,11:08:47,36.0800,83,1
2026-06-26,600036,11:08:50,36.0700,129,4
2026-06-26,600036,11:08:53,36.0800,83,1
2026-06-26,600036,11:08:56,36.0800,66,1
2026-06-26,600036,11:08:59,36.0800,133,2
2026-06-26,600036,11:09:02,36.0800,115,1
2026-06-26,600036,11:09:05,36.0800,58,1
2026-06-26,600036,11:09:08,36.0800,39,1
2026-06-26,600036,11:09:11,36.0700,374,2
2026-06-26,600036,11:09:14,36.0700,357,1
2026-06-26,600036,11:09:17,36.0700,85,1
2026-06-26,600036,11:09:20,36.0600,8,2
2026-06-26,600036,11:09:23,36.0600,221,2
2026-06-26,600036,11:09:26,36.0600,194,2
2026-06-26,600036,11:09:29,36.0700,116,1
2026-06-26,600036,11:09:32,36.0700,211,1
2026-06-26,600036,11:09:35,36.0600,275,2
2026-06-26,600036,11:09:38,36.0800,151,1
2026-06-26,600036,11:09:41,36.0900,309,1
2026-06-26,600036,11:09:44,36.0900,737,1
2026-06-26,600036,11:09:47,36.1100,411,1
2026-06-26,600036,11:09:50,36.1100,155,2
2026-06-26,600036,11:09:53,36.1200,147,1
2026-06-26,600036,11:09:56,36.1100,154,2
2026-06-26,600036,11:09:59,36.1200,143,1
2026-06-26,600036,11:10:02,36.1300,70,1
2026-06-26,600036,11:10:05,36.1300,239,1
2026-06-26,600036,11:10:08,36.1300,367,2
2026-06-26,600036,11:10:11,36.0900,1267,2
2026-06-26,600036,11:10:14,36.1300,185,1
2026-06-26,600036,11:10:17,36.1100,249,2
2026-06-26,600036,11:10:20,36.1100,206,2
2026-06-26,600036,11:10:23,36.1100,236,2
2026-06-26,600036,11:10:26,36.1100,478,1
2026-06-26,600036,11:10:29,36.0900,245,2
2026-06-26,600036,11:10:32,36.1000,278,1
2026-06-26,600036,11:10:35,36.1000,903,1
2026-06-26,600036,11:10:38,36.0900,268,2
2026-06-26,600036,11:10:41,36.0900,42,1
2026-06-26,600036,11:10:44,36.0800,197,2
2026-06-26,600036,11:10:47,36.0900,32,1
2026-06-26,600036,11:10:50,36.0900,115,4
2026-06-26,600036,11:10:53,36.0800,102,2
2026-06-26,600036,11:10:56,36.0900,137,1
2026-06-26,600036,11:10:59,36.0900,226,1
2026-06-26,600036,11:11:02,36.0900,479,1
2026-06-26,600036,11:11:05,36.1200,331,1
2026-06-26,600036,11:11:08,36.1100,153,4
2026-06-26,600036,11:11:11,36.1300,315,1
2026-06-26,600036,11:11:14,36.1300,198,1
2026-06-26,600036,11:11:17,36.1200,349,2
2026-06-26,600036,11:11:20,36.1000,368,2
2026-06-26,600036,11:11:23,36.0800,66,2
2026-06-26,600036,11:11:26,36.0800,118,2
2026-06-26,600036,11:11:29,36.0900,216,1
2026-06-26,600036,11:11:32,36.0700,58,2
2026-06-26,600036,11:11:35,36.0700,28,2
2026-06-26,600036,11:11:38,36.0700,75,2
2026-06-26,600036,11:11:41,36.0700,139,2
2026-06-26,600036,11:11:44,36.0600,100,2
2026-06-26,600036,11:11:47,36.0500,325,2
2026-06-26,600036,11:11:50,36.0700,381,1
2026-06-26,600036,11:11:53,36.0700,62,2
2026-06-26,600036,11:11:56,36.0700,8,2
2026-06-26,600036,11:11:59,36.0700,368,2
2026-06-26,600036,11:12:02,36.0700,118,2
2026-06-26,600036,11:12:05,36.0800,97,1
2026-06-26,600036,11:12:08,36.0900,142,1
2026-06-26,600036,11:12:11,36.1000,110,1
2026-06-26,600036,11:12:14,36.1000,102,1
2026-06-26,600036,11:12:17,36.1000,12,2
2026-06-26,600036,11:12:20,36.1100,142,1
2026-06-26,600036,11:12:23,36.1100,166,2
2026-06-26,600036,11:12:26,36.1200,84,1
2026-06-26,600036,11:12:29,36.1200,127,1
2026-06-26,600036,11:12:32,36.1300,103,1
2026-06-26,600036,11:12:35,36.1400,295,1
2026-06-26,600036,11:12:38,36.1300,186,2
2026-06-26,600036,11:12:41,36.1300,101,1
2026-06-26,600036,11:12:44,36.1400,21,1
2026-06-26,600036,11:12:47,36.1300,154,2
2026-06-26,600036,11:12:50,36.1300,193,2
2026-06-26,600036,11:12:53,36.1300,100,2
2026-06-26,600036,11:12:56,36.1300,69,2
2026-06-26,600036,11:12:59,36.1300,57,1
2026-06-26,600036,11:13:02,36.1200,376,2
2026-06-26,600036,11:13:05,36.1000,194,2
2026-06-26,600036,11:13:08,36.0900,207,2
2026-06-26,600036,11:13:11,36.1000,20,1
2026-06-26,600036,11:13:14,36.1000,100,1
2026-06-26,600036,11:13:17,36.0900,81,2
2026-06-26,600036,11:13:20,36.0900,172,2
2026-06-26,600036,11:13:23,36.0900,65,1
2026-06-26,600036,11:13:26,36.0900,119,1
2026-06-26,600036,11:13:29,36.0800,25,2
2026-06-26,600036,11:13:32,36.0800,53,2
2026-06-26,600036,11:13:35,36.0900,28,1
2026-06-26,600036,11:13:38,36.0900,548,1
2026-06-26,600036,11:13:41,36.0900,234,2
2026-06-26,600036,11:13:44,36.0900,115,4
2026-06-26,600036,11:13:47,36.0900,69,1
2026-06-26,600036,11:13:50,36.0800,97,2
2026-06-26,600036,11:13:53,36.0800,173,2
2026-06-26,600036,11:13:56,36.0700,367,2
2026-06-26,600036,11:13:59,36.0800,57,1
2026-06-26,600036,11:14:02,36.0800,67,1
2026-06-26,600036,11:14:05,36.0700,126,2
2026-06-26,600036,11:14:08,36.0900,68,1
2026-06-26,600036,11:14:11,36.1000,254,1
2026-06-26,600036,11:14:14,36.0900,375,2
2026-06-26,600036,11:14:17,36.0900,424,2
2026-06-26,600036,11:14:20,36.0800,36,2
2026-06-26,600036,11:14:23,36.0900,16,1
2026-06-26,600036,11:14:26,36.0800,108,2
2026-06-26,600036,11:14:29,36.0800,83,2
2026-06-26,600036,11:14:32,36.0700,71,2
2026-06-26,600036,11:14:35,36.0800,2,1
2026-06-26,600036,11:14:38,36.0800,49,1
2026-06-26,600036,11:14:41,36.0800,101,1
2026-06-26,600036,11:14:44,36.0700,106,2
2026-06-26,600036,11:14:47,36.0700,12,2
2026-06-26,600036,11:14:50,36.0800,14,1
2026-06-26,600036,11:14:53,36.0500,351,2
2026-06-26,600036,11:14:56,36.0800,80,1
2026-06-26,600036,11:14:59,36.0700,117,2
2026-06-26,600036,11:15:02,36.0600,54,1
2026-06-26,600036,11:15:05,36.0600,50,2
2026-06-26,600036,11:15:08,36.0600,71,2
2026-06-26,600036,11:15:11,36.0600,38,2
2026-06-26,600036,11:15:14,36.0600,91,2
2026-06-26,600036,11:15:17,36.0600,50,2
2026-06-26,600036,11:15:20,36.0600,102,2
2026-06-26,600036,11:15:23,36.0600,40,1
2026-06-26,600036,11:15:26,36.0600,53,1
2026-06-26,600036,11:15:29,36.0600,20,1
2026-06-26,600036,11:15:32,36.0500,112,2
2026-06-26,600036,11:15:35,36.0400,872,2
2026-06-26,600036,11:15:38,36.0400,140,2
2026-06-26,600036,11:15:41,36.0500,104,1
2026-06-26,600036,11:15:44,36.0300,28,2
2026-06-26,600036,11:15:47,36.0400,187,1
2026-06-26,600036,11:15:50,36.0300,9,4
2026-06-26,600036,11:15:53,36.0200,167,2
2026-06-26,600036,11:15:56,36.0200,67,2
2026-06-26,600036,11:15:59,36.0100,176,2
2026-06-26,600036,11:16:02,36.0100,225,2
2026-06-26,600036,11:16:05,36.0100,443,2
2026-06-26,600036,11:16:08,35.9900,1005,2
2026-06-26,600036,11:16:11,35.9900,82,1
2026-06-26,600036,11:16:14,35.9900,26,1
2026-06-26,600036,11:16:17,35.9900,40,1
2026-06-26,600036,11:16:20,35.9900,192,1
2026-06-26,600036,11:16:23,35.9900,45,1
2026-06-26,600036,11:16:26,35.9900,138,2
2026-06-26,600036,11:16:29,36.0000,155,1
2026-06-26,600036,11:16:32,35.9900,53,2
2026-06-26,600036,11:16:35,36.0000,553,1
2026-06-26,600036,11:16:38,36.0000,106,1
2026-06-26,600036,11:16:41,35.9900,89,2
2026-06-26,600036,11:16:44,36.0000,313,1
2026-06-26,600036,11:16:47,36.0000,18,1
2026-06-26,600036,11:16:50,36.0000,45,1
2026-06-26,600036,11:16:53,35.9900,40,2
2026-06-26,600036,11:16:56,35.9900,239,2
2026-06-26,600036,11:16:59,36.0000,207,1
2026-06-26,600036,11:17:02,35.9900,114,2
2026-06-26,600036,11:17:05,35.9900,42,1
