date,code,time,price,volume,bs
2026-04-30,000858,14:06:51,97.1000,4,2
2026-04-30,000858,14:06:54,97.1000,21,2
2026-04-30,000858,14:06:57,97.1200,61,1
2026-04-30,000858,14:07:00,97.1100,18,4
2026-04-30,000858,14:07:03,97.1200,4,1
2026-04-30,000858,14:07:06,97.1200,6,1
2026-04-30,000858,14:07:09,97.1100,3,2
2026-04-30,000858,14:07:12,97.1000,13,2
2026-04-30,000858,14:07:15,97.1100,42,4
2026-04-30,000858,14:07:18,97.1200,11,1
2026-04-30,000858,14:07:21,97.1100,12,2
2026-04-30,000858,14:07:24,97.1000,58,2
2026-04-30,000858,14:07:27,97.1100,10,1
2026-04-30,000858,14:07:30,97.1100,25,2
2026-04-30,000858,14:07:33,97.1100,8,1
2026-04-30,000858,14:07:36,97.1100,8,1
2026-04-30,000858,14:07:39,97.1100,5,1
2026-04-30,000858,14:07:42,97.1000,16,2
2026-04-30,000858,14:07:45,97.1100,7,1
2026-04-30,000858,14:07:48,97.1100,17,1
2026-04-30,000858,14:07:51,97.1100,5,1
2026-04-30,000858,14:07:54,97.1000,205,2
2026-04-30,000858,14:07:57,97.1100,25,1
2026-04-30,000858,14:08:00,97.1000,28,2
2026-04-30,000858,14:08:06,97.1000,44,1
2026-04-30,000858,14:08:09,97.0900,22,2
2026-04-30,000858,14:08:12,97.1000,22,1
2026-04-30,000858,14:08:15,97.1000,9,1
2026-04-30,000858,14:08:18,97.1000,11,1
2026-04-30,000858,14:08:21,97.1000,15,1
2026-04-30,000858,14:08:24,97.0900,13,2
2026-04-30,000858,14:08:27,97.0900,3,2
2026-04-30,000858,14:08:30,97.0900,55,2
2026-04-30,000858,14:08:33,97.0800,201,2
2026-04-30,000858,14:08:36,97.0900,4,4
2026-04-30,000858,14:08:39,97.0900,44,1
2026-04-30,000858,14:08:42,97.0900,16,1
2026-04-30,000858,14:08:45,97.0800,4,2
2026-04-30,000858,14:08:48,97.0900,20,1
2026-04-30,000858,14:08:51,97.0900,6,1
2026-04-30,000858,14:08:54,97.0800,25,2
2026-04-30,000858,14:08:57,97.0900,20,1
2026-04-30,000858,14:09:00,97.0900,32,2
2026-04-30,000858,14:09:03,97.0900,23,2
2026-04-30,000858,14:09:06,97.1000,110,1
2026-04-30,000858,14:09:09,97.0900,15,2
2026-04-30,000858,14:09:12,97.0900,9,1
2026-04-30,000858,14:09:15,97.0900,9,2
2026-04-30,000858,14:09:18,97.0800,10,2
2026-04-30,000858,14:09:21,97.0900,83,1
2026-04-30,000858,14:09:24,97.0800,3,2
2026-04-30,000858,14:09:27,97.0800,5,2
2026-04-30,000858,14:09:30,97.0800,29,2
2026-04-30,000858,14:09:33,97.0900,19,1
2026-04-30,000858,14:09:36,97.0800,24,2
2026-04-30,000858,14:09:39,97.0800,2,2
2026-04-30,000858,14:09:42,97.0800,27,2
2026-04-30,000858,14:09:45,97.0800,27,1
2026-04-30,000858,14:09:48,97.0800,14,1
2026-04-30,000858,14:09:51,97.0800,33,1
2026-04-30,000858,14:09:54,97.0800,9,1
2026-04-30,000858,14:09:57,97.0700,34,2
2026-04-30,000858,14:10:00,97.0600,13,2
2026-04-30,000858,14:10:03,97.0600,164,2
2026-04-30,000858,14:10:06,97.0600,13,1
2026-04-30,000858,14:10:09,97.0600,32,1
2026-04-30,000858,14:10:12,97.0500,58,2
2026-04-30,000858,14:10:15,97.0600,2,1
2026-04-30,000858,14:10:18,97.0500,2,2
2026-04-30,000858,14:10:21,97.0600,11,1
2026-04-30,000858,14:10:24,97.0600,18,1
2026-04-30,000858,14:10:27,97.0600,12,1
2026-04-30,000858,14:10:30,97.0600,27,1
2026-04-30,000858,14:10:33,97.0600,5,1
2026-04-30,000858,14:10:36,97.0500,3,2
2026-04-30,000858,14:10:39,97.0600,31,1
2026-04-30,000858,14:10:42,97.0500,72,2
2026-04-30,000858,14:10:45,97.0500,38,1
2026-04-30,000858,14:10:48,97.0500,3,1
2026-04-30,000858,14:10:51,97.0500,7,1
2026-04-30,000858,14:10:54,97.0500,22,1
2026-04-30,000858,14:10:57,97.0400,9,2
2026-04-30,000858,14:11:00,97.0400,114,2
2026-04-30,000858,14:11:03,97.0500,335,1
2026-04-30,000858,14:11:06,97.0600,102,2
2026-04-30,000858,14:11:09,97.0500,13,2
2026-04-30,000858,14:11:12,97.0400,35,2
2026-04-30,000858,14:11:15,97.0500,15,1
2026-04-30,000858,14:11:18,97.0400,32,2
2026-04-30,000858,14:11:21,97.0400,18,1
2026-04-30,000858,14:11:24,97.0300,4,2
2026-04-30,000858,14:11:27,97.0300,15,2
2026-04-30,000858,14:11:30,97.0400,1,1
2026-04-30,000858,14:11:33,97.0400,7,1
2026-04-30,000858,14:11:36,97.0300,10,2
2026-04-30,000858,14:11:39,97.0400,46,1
2026-04-30,000858,14:11:42,97.0300,24,2
2026-04-30,000858,14:11:45,97.0400,12,1
2026-04-30,000858,14:11:48,97.0400,57,1
2026-04-30,000858,14:11:51,97.0300,19,2
2026-04-30,000858,14:11:54,97.0400,10,1
2026-04-30,000858,14:11:57,97.0400,19,1
2026-04-30,000858,14:12:00,97.0400,1,1
2026-04-30,000858,14:12:03,97.0400,15,1
2026-04-30,000858,14:12:06,97.0300,18,2
2026-04-30,000858,14:12:09,97.0300,11,2
2026-04-30,000858,14:12:12,97.0300,48,2
2026-04-30,000858,14:12:15,97.0400,8,1
2026-04-30,000858,14:12:18,97.0400,15,1
2026-04-30,000858,14:12:21,97.0300,5,2
2026-04-30,000858,14:12:24,97.0400,63,1
2026-04-30,000858,14:12:27,97.0400,122,1
2026-04-30,000858,14:12:30,97.0400,12,1
2026-04-30,000858,14:12:33,97.0400,16,1
2026-04-30,000858,14:12:36,97.0400,9,2
2026-04-30,000858,14:12:39,97.0400,11,2
2026-04-30,000858,14:12:42,97.0500,4,1
2026-04-30,000858,14:12:45,97.0400,45,2
2026-04-30,000858,14:12:48,97.0500,6,1
2026-04-30,000858,14:12:51,97.0400,14,2
2026-04-30,000858,14:12:54,97.0500,28,1
2026-04-30,000858,14:12:57,97.0500,9,1
2026-04-30,000858,14:13:00,97.0400,9,2
2026-04-30,000858,14:13:03,97.0500,34,1
2026-04-30,000858,14:13:06,97.0400,3,2
2026-04-30,000858,14:13:09,97.0500,43,1
2026-04-30,000858,14:13:12,97.0300,68,2
2026-04-30,000858,14:13:15,97.0400,9,1
2026-04-30,000858,14:13:18,97.0400,13,1
2026-04-30,000858,14:13:21,97.0300,10,2
2026-04-30,000858,14:13:24,97.0400,67,1
2026-04-30,000858,14:13:27,97.0300,9,2
2026-04-30,000858,14:13:30,97.0300,24,2
2026-04-30,000858,14:13:33,97.0400,15,1
2026-04-30,000858,14:13:36,97.0400,9,1
2026-04-30,000858,14:13:39,97.0300,21,2
2026-04-30,000858,14:13:42,97.0300,53,2
2026-04-30,000858,14:13:45,97.0400,9,1
2026-04-30,000858,14:13:48,97.0400,7,1
2026-04-30,000858,14:13:51,97.0400,47,1
2026-04-30,000858,14:13:54,97.0400,19,1
2026-04-30,000858,14:13:57,97.0400,32,1
2026-04-30,000858,14:14:00,97.0400,9,1
2026-04-30,000858,14:14:03,97.0400,141,1
2026-04-30,000858,14:14:06,97.0400,10,1
2026-04-30,000858,14:14:09,97.0400,18,1
2026-04-30,000858,14:14:12,97.0300,8,2
2026-04-30,000858,14:14:15,97.0400,49,1
2026-04-30,000858,14:14:18,97.0300,41,2
2026-04-30,000858,14:14:21,97.0400,12,1
2026-04-30,000858,14:14:24,97.0300,6,2
2026-04-30,000858,14:14:27,97.0400,3,1
2026-04-30,000858,14:14:30,97.0400,6,1
2026-04-30,000858,14:14:33,97.0400,8,1
2026-04-30,000858,14:14:36,97.0300,36,2
2026-04-30,000858,14:14:39,97.0400,40,1
2026-04-30,000858,14:14:42,97.0400,62,1
2026-04-30,000858,14:14:45,97.0400,2,2
2026-04-30,000858,14:14:48,97.0400,19,2
2026-04-30,000858,14:14:51,97.0400,28,1
2026-04-30,000858,14:14:54,97.0400,23,1
2026-04-30,000858,14:14:57,97.0400,16,1
2026-04-30,000858,14:15:00,97.0400,5,1
2026-04-30,000858,14:15:03,97.0300,5,2
2026-04-30,000858,14:15:06,97.0300,18,2
2026-04-30,000858,14:15:09,97.0300,16,2
2026-04-30,000858,14:15:12,97.0400,150,1
2026-04-30,000858,14:15:15,97.0300,7,2
2026-04-30,000858,14:15:18,97.0400,6,1
2026-04-30,000858,14:15:21,97.0300,104,2
2026-04-30,000858,14:15:24,97.0400,40,1
2026-04-30,000858,14:15:27,97.0400,27,1
2026-04-30,000858,14:15:30,97.0400,27,1
2026-04-30,000858,14:15:33,97.0300,43,2
2026-04-30,000858,14:15:36,97.0400,36,1
2026-04-30,000858,14:15:39,97.0400,7,1
2026-04-30,000858,14:15:42,97.0300,34,2
2026-04-30,000858,14:15:45,97.0400,16,1
2026-04-30,000858,14:15:48,97.0300,30,2
2026-04-30,000858,14:15:51,97.0400,17,1
2026-04-30,000858,14:15:57,97.0300,31,2
2026-04-30,000858,14:16:00,97.0400,6,1
2026-04-30,000858,14:16:03,97.0400,15,1
2026-04-30,000858,14:16:06,97.0300,6,2
2026-04-30,000858,14:16:09,97.0400,136,1
2026-04-30,000858,14:16:12,97.0400,32,1
2026-04-30,000858,14:16:15,97.0300,22,2
2026-04-30,000858,14:16:18,97.0400,26,1
2026-04-30,000858,14:16:21,97.0400,16,1
2026-04-30,000858,14:16:24,97.0300,34,2
2026-04-30,000858,14:16:27,97.0400,24,1
2026-04-30,000858,14:16:30,97.0300,21,2
2026-04-30,000858,14:16:33,97.0400,7,1
2026-04-30,000858,14:16:36,97.0300,16,2
2026-04-30,000858,14:16:39,97.0400,19,1
2026-04-30,000858,14:16:42,97.0300,7,2
2026-04-30,000858,14:16:45,97.0300,10,2
2026-04-30,000858,14:16:48,97.0400,7,1
2026-04-30,000858,14:16:51,97.0300,21,2
2026-04-30,000858,14:16:54,97.0400,4,1
2026-04-30,000858,14:16:57,97.0400,12,1
2026-04-30,000858,14:17:00,97.0400,5,1
2026-04-30,000858,14:17:03,97.0300,67,2
2026-04-30,000858,14:17:06,97.0400,4,1
2026-04-30,000858,14:17:09,97.0300,5,2
2026-04-30,000858,14:17:12,97.0300,107,2
2026-04-30,000858,14:17:15,97.0400,49,1
2026-04-30,000858,14:17:18,97.0300,25,2
2026-04-30,000858,14:17:21,97.0300,16,2
2026-04-30,000858,14:17:24,97.0400,3,1
2026-04-30,000858,14:17:27,97.0300,138,2
2026-04-30,000858,14:17:30,97.0300,29,1
2026-04-30,000858,14:17:33,97.0200,5,2
2026-04-30,000858,14:17:36,97.0200,33,2
2026-04-30,000858,14:17:39,97.0300,3,1
2026-04-30,000858,14:17:42,97.0200,10,2
2026-04-30,000858,14:17:45,97.0300,12,1
2026-04-30,000858,14:17:48,97.0300,92,1
2026-04-30,000858,14:17:51,97.0300,4,2
2026-04-30,000858,14:17:54,97.0300,2,2
2026-04-30,000858,14:17:57,97.0300,34,2
2026-04-30,000858,14:18:00,97.0400,16,1
2026-04-30,000858,14:18:03,97.0300,15,2
2026-04-30,000858,14:18:06,97.0300,29,2
2026-04-30,000858,14:18:09,97.0300,13,2
2026-04-30,000858,14:18:12,97.0300,85,2
2026-04-30,000858,14:18:15,97.0300,22,2
2026-04-30,000858,14:18:18,97.0300,27,2
2026-04-30,000858,14:18:21,97.0400,26,1
2026-04-30,000858,14:18:24,97.0400,15,1
2026-04-30,000858,14:18:27,97.0400,3,1
2026-04-30,000858,14:18:30,97.0400,50,1
2026-04-30,000858,14:18:33,97.0300,24,2
2026-04-30,000858,14:18:36,97.0300,31,1
2026-04-30,000858,14:18:39,97.0300,26,1
2026-04-30,000858,14:18:42,97.0300,35,1
2026-04-30,000858,14:18:45,97.0300,12,1
2026-04-30,000858,14:18:48,97.0300,23,1
2026-04-30,000858,14:18:51,97.0300,11,1
2026-04-30,000858,14:18:54,97.0300,7,2
2026-04-30,000858,14:18:57,97.0300,36,2
2026-04-30,000858,14:19:00,97.0300,8,2
2026-04-30,000858,14:19:03,97.0300,82,1
2026-04-30,000858,14:19:06,97.0200,44,2
2026-04-30,000858,14:19:09,97.0200,10,2
2026-04-30,000858,14:19:12,97.0300,23,1
2026-04-30,000858,14:19:15,97.0300,17,1
2026-04-30,000858,14:19:18,97.0300,8,1
2026-04-30,000858,14:19:21,97.0300,8,1
2026-04-30,000858,14:19:24,97.0200,11,2
2026-04-30,000858,14:19:27,97.0300,17,1
2026-04-30,000858,14:19:30,97.0300,16,1
2026-04-30,000858,14:19:33,97.0300,28,1
2026-04-30,000858,14:19:36,97.0200,18,2
2026-04-30,000858,14:19:39,97.0200,54,2
2026-04-30,000858,14:19:42,97.0200,53,2
2026-04-30,000858,14:19:45,97.0300,1,1
2026-04-30,000858,14:19:48,97.0300,32,1
2026-04-30,000858,14:19:51,97.0200,3,2
2026-04-30,000858,14:19:54,97.0300,507,1
2026-04-30,000858,14:19:57,97.0300,2,2
2026-04-30,000858,14:20:00,97.0300,36,2
2026-04-30,000858,14:20:03,97.0300,15,2
2026-04-30,000858,14:20:06,97.0300,11,2
2026-04-30,000858,14:20:09,97.0400,29,1
2026-04-30,000858,14:20:12,97.0300,10,2
2026-04-30,000858,14:20:15,97.0400,6,1
2026-04-30,000858,14:20:18,97.0300,26,2
2026-04-30,000858,14:20:21,97.0300,13,1
2026-04-30,000858,14:20:24,97.0300,13,1
2026-04-30,000858,14:20:27,97.0300,12,1
2026-04-30,000858,14:20:30,97.0300,18,1
2026-04-30,000858,14:20:33,97.0300,14,1
2026-04-30,000858,14:20:36,97.0200,6,2
2026-04-30,000858,14:20:39,97.0300,36,1
2026-04-30,000858,14:20:42,97.0300,29,1
2026-04-30,000858,14:20:45,97.0300,9,1
2026-04-30,000858,14:20:48,97.0200,90,2
2026-04-30,000858,14:20:51,97.0300,33,1
2026-04-30,000858,14:20:54,97.0200,22,2
2026-04-30,000858,14:20:57,97.0300,22,1
2026-04-30,000858,14:21:00,97.0300,17,1
2026-04-30,000858,14:21:03,97.0300,3,2
2026-04-30,000858,14:21:06,97.0300,4,2
2026-04-30,000858,14:21:09,97.0400,7,1
2026-04-30,000858,14:21:12,97.0400,153,1
2026-04-30,000858,14:21:15,97.0400,16,2
2026-04-30,000858,14:21:18,97.0400,156,2
2026-04-30,000858,14:21:21,97.0500,114,1
2026-04-30,000858,14:21:24,97.0400,10,2
2026-04-30,000858,14:21:27,97.0400,7,2
2026-04-30,000858,14:21:30,97.0500,87,1
2026-04-30,000858,14:21:33,97.0500,18,1
2026-04-30,000858,14:21:36,97.0500,3,1
2026-04-30,000858,14:21:39,97.0500,3,1
2026-04-30,000858,14:21:42,97.0500,147,1
2026-04-30,000858,14:21:45,97.0500,9,1
2026-04-30,000858,14:21:48,97.0500,19,1
2026-04-30,000858,14:21:51,97.0500,13,1
2026-04-30,000858,14:21:54,97.0400,10,2
2026-04-30,000858,14:21:57,97.0500,106,1
2026-04-30,000858,14:22:00,97.0400,27,2
2026-04-30,000858,14:22:03,97.0500,92,1
2026-04-30,000858,14:22:06,97.0500,1,2
2026-04-30,000858,14:22:09,97.0600,3,1
2026-04-30,000858,14:22:12,97.0500,23,2
2026-04-30,000858,14:22:15,97.0500,8,2
2026-04-30,000858,14:22:18,97.0500,6,2
2026-04-30,000858,14:22:21,97.0600,9,1
2026-04-30,000858,14:22:24,97.0600,121,1
2026-04-30,000858,14:22:27,97.0600,9,1
2026-04-30,000858,14:22:30,97.0500,3,2
2026-04-30,000858,14:22:33,97.0600,15,1
2026-04-30,000858,14:22:36,97.0600,46,1
2026-04-30,000858,14:22:39,97.0600,51,1
2026-04-30,000858,14:22:42,97.0600,13,1
2026-04-30,000858,14:22:45,97.0500,14,2
2026-04-30,000858,14:22:48,97.0500,66,2
2026-04-30,000858,14:22:51,97.0500,18,1
2026-04-30,000858,14:22:54,97.0500,17,1
2026-04-30,000858,14:22:57,97.0600,2,1
2026-04-30,000858,14:23:00,97.0500,35,2
2026-04-30,000858,14:23:03,97.0400,13,2
2026-04-30,000858,14:23:06,97.0400,16,2
2026-04-30,000858,14:23:09,97.0400,12,2
2026-04-30,000858,14:23:12,97.0400,17,2
2026-04-30,000858,14:23:15,97.0400,11,2
2026-04-30,000858,14:23:18,97.0500,107,1
2026-04-30,000858,14:23:21,97.0400,17,2
2026-04-30,000858,14:23:24,97.0400,29,2
2026-04-30,000858,14:23:27,97.0500,3,1
2026-04-30,000858,14:23:30,97.0500,2,1
2026-04-30,000858,14:23:33,97.0500,15,1
2026-04-30,000858,14:23:36,97.0400,19,2
2026-04-30,000858,14:23:39,97.0500,26,1
2026-04-30,000858,14:23:42,97.0400,27,2
2026-04-30,000858,14:23:45,97.0400,29,2
2026-04-30,000858,14:23:48,97.0400,94,2
2026-04-30,000858,14:23:51,97.0500,21,1
2026-04-30,000858,14:23:54,97.0500,66,1
2026-04-30,000858,14:23:57,97.0400,13,2
2026-04-30,000858,14:24:00,97.0400,28,2
2026-04-30,000858,14:24:03,97.0400,66,2
2026-04-30,000858,14:24:06,97.0500,21,1
2026-04-30,000858,14:24:09,97.0400,16,2
2026-04-30,000858,14:24:12,97.0500,85,1
2026-04-30,000858,14:24:15,97.0500,30,1
2026-04-30,000858,14:24:18,97.0400,20,2
2026-04-30,000858,14:24:21,97.0400,35,2
2026-04-30,000858,14:24:24,97.0500,18,1
2026-04-30,000858,14:24:27,97.0400,8,2
2026-04-30,000858,14:24:30,97.0500,11,1
2026-04-30,000858,14:24:33,97.0500,13,1
2026-04-30,000858,14:24:36,97.0500,24,1
2026-04-30,000858,14:24:39,97.0400,34,2
2026-04-30,000858,14:24:42,97.0500,99,1
2026-04-30,000858,14:24:45,97.0500,5,1
2026-04-30,000858,14:24:48,97.0500,8,1
2026-04-30,000858,14:24:51,97.0400,16,2
2026-04-30,000858,14:24:54,97.0500,4,1
2026-04-30,000858,14:24:57,97.0400,108,2
2026-04-30,000858,14:25:00,97.0400,92,2
2026-04-30,000858,14:25:03,97.0400,122,2
2026-04-30,000858,14:25:06,97.0500,5,1
2026-04-30,000858,14:25:09,97.0500,12,1
2026-04-30,000858,14:25:12,97.0500,7,1
2026-04-30,000858,14:25:15,97.0500,21,1
2026-04-30,000858,14:25:18,97.0400,119,2
2026-04-30,000858,14:25:21,97.0400,22,2
2026-04-30,000858,14:25:24,97.0500,4,1
2026-04-30,000858,14:25:27,97.0500,18,1
2026-04-30,000858,14:25:30,97.0400,30,2
2026-04-30,000858,14:25:33,97.0500,32,1
2026-04-30,000858,14:25:36,97.0500,4,2
2026-04-30,000858,14:25:39,97.0600,7,1
2026-04-30,000858,14:25:42,97.0500,5,2
2026-04-30,000858,14:25:45,97.0500,17,2
2026-04-30,000858,14:25:48,97.0500,44,2
2026-04-30,000858,14:25:51,97.0600,105,1
2026-04-30,000858,14:25:54,97.0500,11,2
2026-04-30,000858,14:25:57,97.0500,20,2
2026-04-30,000858,14:26:00,97.0500,9,2
2026-04-30,000858,14:26:03,97.0500,24,2
2026-04-30,000858,14:26:06,97.0500,47,2
2026-04-30,000858,14:26:09,97.0600,16,1
2026-04-30,000858,14:26:12,97.0500,9,2
2026-04-30,000858,14:26:15,97.0600,3,1
2026-04-30,000858,14:26:18,97.0500,57,2
2026-04-30,000858,14:26:21,97.0400,18,2
2026-04-30,000858,14:26:24,97.0500,24,1
2026-04-30,000858,14:26:27,97.0500,13,1
2026-04-30,000858,14:26:30,97.0500,5,1
2026-04-30,000858,14:26:33,97.0500,20,1
2026-04-30,000858,14:26:36,97.0500,8,1
2026-04-30,000858,14:26:39,97.0500,43,1
2026-04-30,000858,14:26:42,97.0400,5,2
2026-04-30,000858,14:26:45,97.0500,9,1
2026-04-30,000858,14:26:48,97.0500,12,1
2026-04-30,000858,14:26:51,97.0500,37,1
2026-04-30,000858,14:26:54,97.0600,32,1
2026-04-30,000858,14:27:03,97.0600,52,1
2026-04-30,000858,14:27:06,97.0500,5,2
2026-04-30,000858,14:27:09,97.0600,5,1
2026-04-30,000858,14:27:12,97.0600,7,1
2026-04-30,000858,14:27:15,97.0600,310,1
2026-04-30,000858,14:27:18,97.0500,4,2
2026-04-30,000858,14:27:21,97.0500,14,2
2026-04-30,000858,14:27:24,97.0500,31,2
2026-04-30,000858,14:27:27,97.0500,17,1
2026-04-30,000858,14:27:30,97.0400,10,2
2026-04-30,000858,14:27:33,97.0500,12,1
2026-04-30,000858,14:27:36,97.0500,85,2
2026-04-30,000858,14:27:39,97.0500,28,2
2026-04-30,000858,14:27:42,97.0500,128,1
2026-04-30,000858,14:27:45,97.0500,12,2
2026-04-30,000858,14:27:48,97.0500,5,2
2026-04-30,000858,14:27:51,97.0500,114,1
2026-04-30,000858,14:27:54,97.0500,1,2
2026-04-30,000858,14:27:57,97.0600,9,1
2026-04-30,000858,14:28:00,97.0500,4,2
2026-04-30,000858,14:28:03,97.0600,10,1
2026-04-30,000858,14:28:06,97.0600,30,1
2026-04-30,000858,14:28:09,97.0500,10,2
2026-04-30,000858,14:28:12,97.0500,52,2
2026-04-30,000858,14:28:15,97.0500,453,2
2026-04-30,000858,14:28:18,97.0500,20,1
2026-04-30,000858,14:28:21,97.0500,5,1
2026-04-30,000858,14:28:24,97.0500,9,1
2026-04-30,000858,14:28:27,97.0500,4,1
2026-04-30,000858,14:28:30,97.0500,15,1
2026-04-30,000858,14:28:33,97.0500,15,1
2026-04-30,000858,14:28:36,97.0500,15,1
2026-04-30,000858,14:28:39,97.0400,8,4
2026-04-30,000858,14:28:42,97.0500,14,1
2026-04-30,000858,14:28:45,97.0500,14,1
2026-04-30,000858,14:28:48,97.0500,8,1
2026-04-30,000858,14:28:51,97.0400,102,2
2026-04-30,000858,14:28:54,97.0400,4,2
2026-04-30,000858,14:28:57,97.0400,9,2
2026-04-30,000858,14:29:00,97.0500,16,1
2026-04-30,000858,14:29:03,97.0500,6,1
2026-04-30,000858,14:29:06,97.0400,8,2
2026-04-30,000858,14:29:09,97.0500,11,1
2026-04-30,000858,14:29:12,97.0500,65,1
2026-04-30,000858,14:29:15,97.0400,35,2
2026-04-30,000858,14:29:18,97.0500,6,1
2026-04-30,000858,14:29:21,97.0400,36,2
2026-04-30,000858,14:29:24,97.0500,16,1
2026-04-30,000858,14:29:27,97.0500,26,1
2026-04-30,000858,14:29:30,97.0400,147,2
2026-04-30,000858,14:29:33,97.0400,54,2
2026-04-30,000858,14:29:36,97.0500,38,1
2026-04-30,000858,14:29:39,97.0400,20,2
2026-04-30,000858,14:29:42,97.0300,14,2
2026-04-30,000858,14:29:45,97.0400,19,1
2026-04-30,000858,14:29:48,97.0400,9,1
2026-04-30,000858,14:29:51,97.0400,13,1
2026-04-30,000858,14:29:54,97.0400,22,1
2026-04-30,000858,14:29:57,97.0300,4,2
2026-04-30,000858,14:30:00,97.0300,7,2
2026-04-30,000858,14:30:03,97.0300,37,2
2026-04-30,000858,14:30:06,97.0300,137,2
2026-04-30,000858,14:30:09,97.0400,15,1
2026-04-30,000858,14:30:12,97.0400,6,1
2026-04-30,000858,14:30:15,97.0400,18,1
2026-04-30,000858,14:30:18,97.0400,17,1
2026-04-30,000858,14:30:21,97.0300,9,2
2026-04-30,000858,14:30:24,97.0400,21,1
2026-04-30,000858,14:30:27,97.0400,67,1
2026-04-30,000858,14:30:30,97.0300,8,2
2026-04-30,000858,14:30:33,97.0400,146,1
2026-04-30,000858,14:30:36,97.0300,40,2
2026-04-30,000858,14:30:39,97.0300,25,2
2026-04-30,000858,14:30:42,97.0400,7,1
2026-04-30,000858,14:30:45,97.0400,56,1
2026-04-30,000858,14:30:48,97.0500,54,1
2026-04-30,000858,14:30:51,97.0500,31,1
2026-04-30,000858,14:30:54,97.0500,1,1
2026-04-30,000858,14:30:57,97.0400,18,2
2026-04-30,000858,14:31:00,97.0400,7,2
2026-04-30,000858,14:31:03,97.0400,19,2
2026-04-30,000858,14:31:06,97.0500,2,1
2026-04-30,000858,14:31:09,97.0400,11,2
2026-04-30,000858,14:31:12,97.0500,23,1
2026-04-30,000858,14:31:15,97.0400,26,2
2026-04-30,000858,14:31:18,97.0400,42,2
2026-04-30,000858,14:31:21,97.0400,24,2
2026-04-30,000858,14:31:24,97.0400,18,2
2026-04-30,000858,14:31:27,97.0500,14,1
2026-04-30,000858,14:31:30,97.0500,8,1
2026-04-30,000858,14:31:33,97.0400,9,2
2026-04-30,000858,14:31:36,97.0500,19,1
2026-04-30,000858,14:31:39,97.0400,12,2
2026-04-30,000858,14:31:42,97.0400,17,2
2026-04-30,000858,14:31:45,97.0400,18,2
2026-04-30,000858,14:31:48,97.0400,11,2
2026-04-30,000858,14:31:51,97.0500,48,1
2026-04-30,000858,14:31:54,97.0500,11,1
2026-04-30,000858,14:31:57,97.0500,21,1
2026-04-30,000858,14:32:00,97.0500,8,1
2026-04-30,000858,14:32:03,97.0400,31,2
2026-04-30,000858,14:32:06,97.0500,9,1
2026-04-30,000858,14:32:09,97.0500,25,1
2026-04-30,000858,14:32:12,97.0500,11,1
2026-04-30,000858,14:32:15,97.0500,42,1
2026-04-30,000858,14:32:18,97.0500,24,1
2026-04-30,000858,14:32:21,97.0500,22,1
2026-04-30,000858,14:32:24,97.0500,40,1
2026-04-30,000858,14:32:27,97.0400,18,2
2026-04-30,000858,14:32:30,97.0400,28,2
2026-04-30,000858,14:32:33,97.0400,20,2
2026-04-30,000858,14:32:36,97.0500,39,1
2026-04-30,000858,14:32:39,97.0500,55,1
2026-04-30,000858,14:32:42,97.0500,23,1
2026-04-30,000858,14:32:45,97.0500,10,1
2026-04-30,000858,14:32:48,97.0500,4,1
2026-04-30,000858,14:32:51,97.0500,17,1
2026-04-30,000858,14:32:54,97.0400,36,2
2026-04-30,000858,14:32:57,97.0500,36,1
2026-04-30,000858,14:33:00,97.0400,34,2
2026-04-30,000858,14:33:03,97.0500,43,1
2026-04-30,000858,14:33:06,97.0400,34,2
2026-04-30,000858,14:33:09,97.0500,26,1
2026-04-30,000858,14:33:12,97.0400,66,2
2026-04-30,000858,14:33:15,97.0400,15,2
2026-04-30,000858,14:33:18,97.0500,40,1
2026-04-30,000858,14:33:21,97.0500,37,1
2026-04-30,000858,14:33:24,97.0500,111,1
2026-04-30,000858,14:33:27,97.0400,45,2
2026-04-30,000858,14:33:30,97.0500,21,1
2026-04-30,000858,14:33:33,97.0400,41,2
2026-04-30,000858,14:33:36,97.0500,41,1
2026-04-30,000858,14:33:39,97.0400,85,2
2026-04-30,000858,14:33:42,97.0400,12,1
2026-04-30,000858,14:33:45,97.0400,17,1
2026-04-30,000858,14:33:48,97.0400,61,1
2026-04-30,000858,14:33:51,97.0400,16,2
2026-04-30,000858,14:33:54,97.0400,13,2
2026-04-30,000858,14:33:57,97.0500,17,1
2026-04-30,000858,14:34:00,97.0400,16,2
2026-04-30,000858,14:34:03,97.0500,48,1
2026-04-30,000858,14:34:06,97.0500,18,1
2026-04-30,000858,14:34:09,97.0400,32,2
2026-04-30,000858,14:34:12,97.0400,11,1
2026-04-30,000858,14:34:15,97.0300,26,2
2026-04-30,000858,14:34:18,97.0400,86,1
2026-04-30,000858,14:34:21,97.0400,97,1
2026-04-30,000858,14:34:24,97.0400,72,1
2026-04-30,000858,14:34:27,97.0400,39,1
2026-04-30,000858,14:34:30,97.0400,6,1
2026-04-30,000858,14:34:33,97.0400,40,1
2026-04-30,000858,14:34:36,97.0300,35,2
2026-04-30,000858,14:34:39,97.0400,24,1
2026-04-30,000858,14:34:42,97.0400,41,1
2026-04-30,000858,14:34:45,97.0400,58,2
2026-04-30,000858,14:34:48,97.0400,36,2
2026-04-30,000858,14:34:51,97.0300,17,2
2026-04-30,000858,14:34:54,97.0400,17,1
2026-04-30,000858,14:34:57,97.0400,73,1
2026-04-30,000858,14:35:00,97.0400,42,2
2026-04-30,000858,14:35:03,97.0400,8,2
2026-04-30,000858,14:35:06,97.0400,8,1
2026-04-30,000858,14:35:09,97.0400,16,1
2026-04-30,000858,14:35:12,97.0500,138,1
2026-04-30,000858,14:35:15,97.0500,31,1
2026-04-30,000858,14:35:18,97.0500,6,1
2026-04-30,000858,14:35:21,97.0400,22,2
2026-04-30,000858,14:35:24,97.0400,38,2
2026-04-30,000858,14:35:27,97.0400,56,2
2026-04-30,000858,14:35:30,97.0400,6,1
2026-04-30,000858,14:35:33,97.0400,30,1
2026-04-30,000858,14:35:36,97.0400,8,2
2026-04-30,000858,14:35:39,97.0400,33,2
2026-04-30,000858,14:35:42,97.0500,28,1
2026-04-30,000858,14:35:45,97.0500,85,1
2026-04-30,000858,14:35:48,97.0400,9,2
2026-04-30,000858,14:35:51,97.0500,5,1
2026-04-30,000858,14:35:54,97.0400,45,2
2026-04-30,000858,14:35:57,97.0400,8,2
2026-04-30,000858,14:36:00,97.0500,29,1
2026-04-30,000858,14:36:03,97.0400,46,2
2026-04-30,000858,14:36:06,97.0400,27,2
2026-04-30,000858,14:36:09,97.0500,43,1
2026-04-30,000858,14:36:12,97.0500,45,1
2026-04-30,000858,14:36:15,97.0400,4,2
2026-04-30,000858,14:36:18,97.0400,16,2
2026-04-30,000858,14:36:21,97.0400,48,2
2026-04-30,000858,14:36:24,97.0400,17,2
2026-04-30,000858,14:36:27,97.0500,11,1
2026-04-30,000858,14:36:30,97.0500,117,1
2026-04-30,000858,14:36:33,97.0500,48,1
2026-04-30,000858,14:36:36,97.0400,31,2
2026-04-30,000858,14:36:39,97.0500,26,1
2026-04-30,000858,14:36:42,97.0500,28,1
2026-04-30,000858,14:36:45,97.0500,27,1
2026-04-30,000858,14:36:48,97.0400,21,2
2026-04-30,000858,14:36:51,97.0500,37,1
2026-04-30,000858,14:36:54,97.0500,16,1
2026-04-30,000858,14:36:57,97.0500,16,1
2026-04-30,000858,14:37:00,97.0500,82,1
2026-04-30,000858,14:37:06,97.0500,4,1
2026-04-30,000858,14:37:09,97.0500,23,1
2026-04-30,000858,14:37:12,97.0500,8,1
2026-04-30,000858,14:37:15,97.0400,152,2
2026-04-30,000858,14:37:18,97.0400,46,2
2026-04-30,000858,14:37:21,97.0400,12,2
2026-04-30,000858,14:37:24,97.0400,87,2
2026-04-30,000858,14:37:27,97.0500,52,1
2026-04-30,000858,14:37:30,97.0500,170,1
2026-04-30,000858,14:37:33,97.0500,152,1
2026-04-30,000858,14:37:36,97.0500,37,1
2026-04-30,000858,14:37:39,97.0500,35,1
2026-04-30,000858,14:37:42,97.0400,65,2
2026-04-30,000858,14:37:45,97.0400,38,2
2026-04-30,000858,14:37:48,97.0500,28,1
2026-04-30,000858,14:37:51,97.0400,5,2
2026-04-30,000858,14:37:54,97.0500,23,1
2026-04-30,000858,14:37:57,97.0400,44,2
2026-04-30,000858,14:38:00,97.0400,12,2
2026-04-30,000858,14:38:03,97.0500,65,1
2026-04-30,000858,14:38:06,97.0400,13,2
2026-04-30,000858,14:38:09,97.0500,192,1
2026-04-30,000858,14:38:12,97.0500,644,1
2026-04-30,000858,14:38:15,97.0500,13,1
2026-04-30,000858,14:38:18,97.0400,11,4
2026-04-30,000858,14:38:21,97.0500,27,1
2026-04-30,000858,14:38:24,97.0500,29,1
2026-04-30,000858,14:38:27,97.0400,10,2
2026-04-30,000858,14:38:30,97.0500,15,1
2026-04-30,000858,14:38:33,97.0400,16,2
2026-04-30,000858,14:38:36,97.0500,31,1
2026-04-30,000858,14:38:39,97.0500,32,1
2026-04-30,000858,14:38:42,97.0500,42,1
2026-04-30,000858,14:38:45,97.0500,189,1
2026-04-30,000858,14:38:48,97.0400,44,2
2026-04-30,000858,14:38:51,97.0500,62,1
2026-04-30,000858,14:38:54,97.0500,43,1
2026-04-30,000858,14:38:57,97.0500,24,1
2026-04-30,000858,14:39:00,97.0500,31,1
2026-04-30,000858,14:39:03,97.0500,70,1
2026-04-30,000858,14:39:06,97.0400,23,2
2026-04-30,000858,14:39:09,97.0500,70,1
2026-04-30,000858,14:39:12,97.0500,12,1
2026-04-30,000858,14:39:15,97.0400,52,2
2026-04-30,000858,14:39:18,97.0400,14,4
2026-04-30,000858,14:39:21,97.0400,40,1
2026-04-30,000858,14:39:24,97.0400,324,1
2026-04-30,000858,14:39:27,97.0400,21,2
2026-04-30,000858,14:39:30,97.0400,13,2
2026-04-30,000858,14:39:33,97.0400,19,2
2026-04-30,000858,14:39:36,97.0400,11,2
2026-04-30,000858,14:39:39,97.0400,25,2
2026-04-30,000858,14:39:42,97.0400,36,2
2026-04-30,000858,14:39:45,97.0500,120,1
2026-04-30,000858,14:39:48,97.0400,22,2
2026-04-30,000858,14:39:51,97.0500,21,1
2026-04-30,000858,14:39:54,97.0500,21,1
2026-04-30,000858,14:39:57,97.0500,6,1
2026-04-30,000858,14:40:00,97.0400,16,2
2026-04-30,000858,14:40:03,97.0500,132,1
2026-04-30,000858,14:40:06,97.0500,31,1
2026-04-30,000858,14:40:09,97.0400,13,2
2026-04-30,000858,14:40:12,97.0500,75,1
2026-04-30,000858,14:40:15,97.0400,35,2
2026-04-30,000858,14:40:18,97.0500,22,1
2026-04-30,000858,14:40:21,97.0500,4,1
2026-04-30,000858,14:40:24,97.0400,19,2
2026-04-30,000858,14:40:27,97.0400,26,2
2026-04-30,000858,14:40:30,97.0500,121,1
2026-04-30,000858,14:40:33,97.0500,9,1
2026-04-30,000858,14:40:36,97.0500,23,1
2026-04-30,000858,14:40:39,97.0400,84,2
2026-04-30,000858,14:40:42,97.0400,10,2
2026-04-30,000858,14:40:45,97.0500,12,1
2026-04-30,000858,14:40:48,97.0500,26,1
2026-04-30,000858,14:40:51,97.0500,26,1
2026-04-30,000858,14:40:54,97.0400,73,2
2026-04-30,000858,14:40:57,97.0400,28,2
2026-04-30,000858,14:41:00,97.0500,9,1
2026-04-30,000858,14:41:03,97.0400,32,2
2026-04-30,000858,14:41:06,97.0400,21,2
2026-04-30,000858,14:41:09,97.0400,51,2
2026-04-30,000858,14:41:12,97.0500,55,1
2026-04-30,000858,14:41:15,97.0400,85,2
2026-04-30,000858,14:41:18,97.0400,18,1
2026-04-30,000858,14:41:21,97.0400,38,1
2026-04-30,000858,14:41:24,97.0400,21,2
2026-04-30,000858,14:41:27,97.0400,33,2
2026-04-30,000858,14:41:30,97.0400,13,2
2026-04-30,000858,14:41:33,97.0400,13,2
2026-04-30,000858,14:41:36,97.0400,35,2
2026-04-30,000858,14:41:39,97.0400,15,1
2026-04-30,000858,14:41:42,97.0400,23,1
2026-04-30,000858,14:41:45,97.0400,15,2
2026-04-30,000858,14:41:48,97.0300,20,2
2026-04-30,000858,14:41:51,97.0300,115,2
2026-04-30,000858,14:41:54,97.0400,117,4
2026-04-30,000858,14:41:57,97.0400,25,1
2026-04-30,000858,14:42:00,97.0300,87,2
2026-04-30,000858,14:42:03,97.0300,4,2
2026-04-30,000858,14:42:06,97.0400,53,1
2026-04-30,000858,14:42:09,97.0300,66,2
2026-04-30,000858,14:42:12,97.0400,19,1
2026-04-30,000858,14:42:15,97.0400,6,1
2026-04-30,000858,14:42:18,97.0400,21,1
2026-04-30,000858,14:42:21,97.0400,34,1
2026-04-30,000858,14:42:24,97.0400,64,1
2026-04-30,000858,14:42:27,97.0400,63,1
2026-04-30,000858,14:42:30,97.0400,41,1
2026-04-30,000858,14:42:33,97.0400,15,1
2026-04-30,000858,14:42:36,97.0400,18,1
2026-04-30,000858,14:42:39,97.0300,16,2
2026-04-30,000858,14:42:42,97.0300,387,2
2026-04-30,000858,14:42:45,97.0300,32,2
2026-04-30,000858,14:42:48,97.0400,45,1
2026-04-30,000858,14:42:51,97.0400,39,1
2026-04-30,000858,14:42:54,97.0400,19,1
2026-04-30,000858,14:42:57,97.0400,52,1
2026-04-30,000858,14:43:00,97.0300,31,2
2026-04-30,000858,14:43:03,97.0400,42,1
2026-04-30,000858,14:43:06,97.0300,25,2
2026-04-30,000858,14:43:09,97.0400,16,1
2026-04-30,000858,14:43:12,97.0400,22,1
2026-04-30,000858,14:43:15,97.0400,21,1
2026-04-30,000858,14:43:18,97.0300,61,2
2026-04-30,000858,14:43:21,97.0400,15,1
2026-04-30,000858,14:43:24,97.0400,29,1
2026-04-30,000858,14:43:27,97.0300,22,2
2026-04-30,000858,14:43:30,97.0400,44,1
2026-04-30,000858,14:43:33,97.0300,116,2
2026-04-30,000858,14:43:36,97.0400,22,1
2026-04-30,000858,14:43:39,97.0300,27,2
2026-04-30,000858,14:43:42,97.0300,31,2
2026-04-30,000858,14:43:45,97.0300,48,2
2026-04-30,000858,14:43:48,97.0300,92,2
2026-04-30,000858,14:43:51,97.0400,73,1
2026-04-30,000858,14:43:54,97.0400,56,1
2026-04-30,000858,14:43:57,97.0400,138,1
2026-04-30,000858,14:44:00,97.0400,45,1
2026-04-30,000858,14:44:03,97.0400,24,1
2026-04-30,000858,14:44:06,97.0400,31,1
2026-04-30,000858,14:44:09,97.0300,16,2
2026-04-30,000858,14:44:12,97.0400,32,1
2026-04-30,000858,14:44:15,97.0400,31,1
2026-04-30,000858,14:44:18,97.0400,20,1
2026-04-30,000858,14:44:21,97.0400,32,1
2026-04-30,000858,14:44:24,97.0400,109,1
2026-04-30,000858,14:44:27,97.0300,40,2
2026-04-30,000858,14:44:30,97.0300,16,2
2026-04-30,000858,14:44:33,97.0400,21,1
2026-04-30,000858,14:44:36,97.0400,82,1
2026-04-30,000858,14:44:39,97.0300,23,2
2026-04-30,000858,14:44:42,97.0300,150,2
2026-04-30,000858,14:44:45,97.0400,24,1
2026-04-30,000858,14:44:48,97.0400,4,1
2026-04-30,000858,14:44:51,97.0400,25,1
2026-04-30,000858,14:44:54,97.0400,41,1
2026-04-30,000858,14:44:57,97.0300,23,2
2026-04-30,000858,14:45:00,97.0400,18,1
2026-04-30,000858,14:45:03,97.0400,17,1
2026-04-30,000858,14:45:06,97.0400,30,1
2026-04-30,000858,14:45:09,97.0300,70,2
2026-04-30,000858,14:45:12,97.0300,17,2
2026-04-30,000858,14:45:15,97.0400,21,1
2026-04-30,000858,14:45:18,97.0400,40,1
2026-04-30,000858,14:45:21,97.0400,29,1
2026-04-30,000858,14:45:24,97.0400,70,1
2026-04-30,000858,14:45:27,97.0300,17,2
2026-04-30,000858,14:45:30,97.0400,59,1
2026-04-30,000858,14:45:33,97.0300,73,2
2026-04-30,000858,14:45:36,97.0300,113,2
2026-04-30,000858,14:45:39,97.0300,24,2
2026-04-30,000858,14:45:42,97.0300,25,2
2026-04-30,000858,14:45:45,97.0300,59,2
2026-04-30,000858,14:45:48,97.0400,22,1
2026-04-30,000858,14:45:51,97.0400,69,1
2026-04-30,000858,14:45:54,97.0400,105,1
2026-04-30,000858,14:45:57,97.0300,17,2
2026-04-30,000858,14:46:00,97.0400,37,1
2026-04-30,000858,14:46:03,97.0400,22,1
2026-04-30,000858,14:46:06,97.0300,24,2
2026-04-30,000858,14:46:09,97.0300,55,2
2026-04-30,000858,14:46:12,97.0300,39,2
2026-04-30,000858,14:46:15,97.0400,36,1
2026-04-30,000858,14:46:18,97.0300,104,2
2026-04-30,000858,14:46:21,97.0300,14,2
2026-04-30,000858,14:46:24,97.0300,25,2
2026-04-30,000858,14:46:27,97.0400,36,1
2026-04-30,000858,14:46:30,97.0300,86,2
2026-04-30,000858,14:46:33,97.0400,129,1
2026-04-30,000858,14:46:36,97.0400,29,1
2026-04-30,000858,14:46:39,97.0300,71,2
2026-04-30,000858,14:46:42,97.0300,70,2
2026-04-30,000858,14:46:45,97.0400,60,1
2026-04-30,000858,14:46:48,97.0400,19,1
2026-04-30,000858,14:46:51,97.0300,45,2
2026-04-30,000858,14:46:54,97.0400,32,1
2026-04-30,000858,14:46:57,97.0400,199,1
2026-04-30,000858,14:47:00,97.0300,90,2
2026-04-30,000858,14:47:03,97.0300,29,2
2026-04-30,000858,14:47:06,97.0400,201,1
2026-04-30,000858,14:47:09,97.0400,19,1
2026-04-30,000858,14:47:12,97.0300,299,2
2026-04-30,000858,14:47:15,97.0300,80,2
2026-04-30,000858,14:47:18,97.0300,34,2
2026-04-30,000858,14:47:21,97.0400,48,1
2026-04-30,000858,14:47:24,97.0400,129,1
2026-04-30,000858,14:47:27,97.0400,54,1
2026-04-30,000858,14:47:30,97.0400,72,1
2026-04-30,000858,14:47:33,97.0400,55,1
2026-04-30,000858,14:47:36,97.0400,25,1
2026-04-30,000858,14:47:39,97.0400,30,1
2026-04-30,000858,14:47:42,97.0400,27,1
2026-04-30,000858,14:47:45,97.0400,76,1
2026-04-30,000858,14:47:48,97.0400,17,1
2026-04-30,000858,14:47:51,97.0300,30,2
2026-04-30,000858,14:47:54,97.0400,31,1
2026-04-30,000858,14:47:57,97.0300,178,2
2026-04-30,000858,14:48:00,97.0400,46,1
2026-04-30,000858,14:48:03,97.0400,33,1
2026-04-30,000858,14:48:06,97.0300,53,2
2026-04-30,000858,14:48:09,97.0300,30,2
2026-04-30,000858,14:48:12,97.0300,44,2
2026-04-30,000858,14:48:15,97.0300,49,2
2026-04-30,000858,14:48:18,97.0300,98,2
2026-04-30,000858,14:48:21,97.0400,49,1
2026-04-30,000858,14:48:24,97.0300,34,2
2026-04-30,000858,14:48:27,97.0300,123,2
2026-04-30,000858,14:48:30,97.0400,212,1
2026-04-30,000858,14:48:33,97.0400,48,1
2026-04-30,000858,14:48:36,97.0400,263,1
2026-04-30,000858,14:48:39,97.0300,40,2
2026-04-30,000858,14:48:42,97.0400,57,4
2026-04-30,000858,14:48:45,97.0300,113,2
2026-04-30,000858,14:48:48,97.0400,53,1
2026-04-30,000858,14:48:51,97.0400,31,1
2026-04-30,000858,14:48:54,97.0400,44,1
2026-04-30,000858,14:48:57,97.0400,53,1
2026-04-30,000858,14:49:00,97.0300,33,2
2026-04-30,000858,14:49:03,97.0400,23,1
2026-04-30,000858,14:49:06,97.0400,28,1
2026-04-30,000858,14:49:09,97.0300,31,2
2026-04-30,000858,14:49:12,97.0400,103,1
2026-04-30,000858,14:49:15,97.0400,55,1
2026-04-30,000858,14:49:18,97.0300,31,2
2026-04-30,000858,14:49:21,97.0400,23,1
2026-04-30,000858,14:49:24,97.0300,19,2
2026-04-30,000858,14:49:27,97.0300,172,2
2026-04-30,000858,14:49:30,97.0300,52,2
2026-04-30,000858,14:49:33,97.0400,39,1
2026-04-30,000858,14:49:36,97.0400,100,1
2026-04-30,000858,14:49:39,97.0300,82,2
2026-04-30,000858,14:49:42,97.0400,33,1
2026-04-30,000858,14:49:45,97.0400,56,1
2026-04-30,000858,14:49:48,97.0400,54,1
2026-04-30,000858,14:49:51,97.0400,25,1
2026-04-30,000858,14:49:54,97.0300,187,2
2026-04-30,000858,14:49:57,97.0300,31,2
2026-04-30,000858,14:50:00,97.0400,19,2
2026-04-30,000858,14:50:03,97.0400,21,1
2026-04-30,000858,14:50:06,97.0400,119,1
2026-04-30,000858,14:50:09,97.0400,30,1
2026-04-30,000858,14:50:12,97.0300,28,2
2026-04-30,000858,14:50:15,97.0400,105,1
2026-04-30,000858,14:50:18,97.0400,36,2
2026-04-30,000858,14:50:21,97.0500,38,1
2026-04-30,000858,14:50:24,97.0500,12,1
2026-04-30,000858,14:50:27,97.0500,43,1
2026-04-30,000858,14:50:30,97.0500,32,1
2026-04-30,000858,14:50:33,97.0500,30,1
2026-04-30,000858,14:50:36,97.0400,56,2
2026-04-30,000858,14:50:39,97.0400,101,2
2026-04-30,000858,14:50:42,97.0400,62,2
2026-04-30,000858,14:50:45,97.0500,40,1
2026-04-30,000858,14:50:48,97.0500,143,1
2026-04-30,000858,14:50:51,97.0500,29,1
2026-04-30,000858,14:50:54,97.0500,29,1
2026-04-30,000858,14:50:57,97.0500,37,1
2026-04-30,000858,14:51:00,97.0400,21,2
2026-04-30,000858,14:51:03,97.0500,45,1
2026-04-30,000858,14:51:06,97.0500,205,1
2026-04-30,000858,14:51:09,97.0500,26,2
2026-04-30,000858,14:51:12,97.0500,30,2
2026-04-30,000858,14:51:15,97.0500,52,2
2026-04-30,000858,14:51:18,97.0600,40,1
2026-04-30,000858,14:51:21,97.0500,28,2
2026-04-30,000858,14:51:24,97.0500,23,2
2026-04-30,000858,14:51:27,97.0600,34,1
2026-04-30,000858,14:51:30,97.0600,61,1
2026-04-30,000858,14:51:33,97.0600,54,1
2026-04-30,000858,14:51:36,97.0500,85,2
2026-04-30,000858,14:51:39,97.0600,10,1
2026-04-30,000858,14:51:42,97.0700,16,1
2026-04-30,000858,14:51:45,97.0700,127,1
2026-04-30,000858,14:51:48,97.0600,104,2
2026-04-30,000858,14:51:51,97.0600,54,2
2026-04-30,000858,14:51:54,97.0600,67,1
2026-04-30,000858,14:51:57,97.0600,51,1
2026-04-30,000858,14:52:00,97.0600,69,1
2026-04-30,000858,14:52:03,97.0700,52,1
2026-04-30,000858,14:52:06,97.0600,49,2
2026-04-30,000858,14:52:09,97.0600,17,2
2026-04-30,000858,14:52:12,97.0700,39,1
2026-04-30,000858,14:52:15,97.0700,71,1
2026-04-30,000858,14:52:18,97.0700,15,1
2026-04-30,000858,14:52:21,97.0700,42,4
2026-04-30,000858,14:52:24,97.0800,134,1
2026-04-30,000858,14:52:27,97.0800,62,1
2026-04-30,000858,14:52:30,97.0800,93,1
2026-04-30,000858,14:52:33,97.0700,27,2
2026-04-30,000858,14:52:36,97.0900,48,1
2026-04-30,000858,14:52:39,97.0800,35,4
2026-04-30,000858,14:52:42,97.0900,44,1
2026-04-30,000858,14:52:45,97.0900,25,1
2026-04-30,000858,14:52:48,97.0800,81,2
2026-04-30,000858,14:52:51,97.0900,16,2
2026-04-30,000858,14:52:54,97.1000,39,1
2026-04-30,000858,14:52:57,97.1000,70,1
2026-04-30,000858,14:53:00,97.0900,43,2
2026-04-30,000858,14:53:03,97.1000,134,1
2026-04-30,000858,14:53:06,97.1000,37,2
2026-04-30,000858,14:53:09,97.1000,34,4
2026-04-30,000858,14:53:12,97.1000,42,4
2026-04-30,000858,14:53:15,97.0900,51,2
2026-04-30,000858,14:53:18,97.1000,136,4
2026-04-30,000858,14:53:21,97.1000,41,4
2026-04-30,000858,14:53:24,97.1000,52,4
2026-04-30,000858,14:53:27,97.1100,35,1
2026-04-30,000858,14:53:30,97.1000,113,4
2026-04-30,000858,14:53:33,97.1200,72,1
2026-04-30,000858,14:53:36,97.1000,31,1
2026-04-30,000858,14:53:39,97.1000,251,1
2026-04-30,000858,14:53:42,97.1000,65,1
2026-04-30,000858,14:53:45,97.1100,83,4
2026-04-30,000858,14:53:48,97.0900,72,2
2026-04-30,000858,14:53:51,97.1000,15,1
2026-04-30,000858,14:53:54,97.1000,21,1
2026-04-30,000858,14:53:57,97.0900,33,4
2026-04-30,000858,14:54:00,97.1000,166,4
2026-04-30,000858,14:54:03,97.0900,46,2
2026-04-30,000858,14:54:06,97.0900,28,1
2026-04-30,000858,14:54:09,97.0800,73,2
2026-04-30,000858,14:54:12,97.0900,18,4
2026-04-30,000858,14:54:15,97.0800,109,2
2026-04-30,000858,14:54:18,97.0800,41,2
2026-04-30,000858,14:54:21,97.1100,247,1
2026-04-30,000858,14:54:24,97.1100,34,1
2026-04-30,000858,14:54:27,97.1000,90,4
2026-04-30,000858,14:54:30,97.0900,63,2
2026-04-30,000858,14:54:33,97.0800,242,2
2026-04-30,000858,14:54:36,97.0800,41,2
2026-04-30,000858,14:54:39,97.1000,260,1
2026-04-30,000858,14:54:42,97.0800,47,2
2026-04-30,000858,14:54:45,97.0800,53,2
2026-04-30,000858,14:54:48,97.0800,53,2
2026-04-30,000858,14:54:51,97.0900,8,4
2026-04-30,000858,14:54:54,97.1000,28,1
2026-04-30,000858,14:54:57,97.0800,27,2
2026-04-30,000858,14:55:00,97.0900,17,4
2026-04-30,000858,14:55:03,97.0800,60,2
2026-04-30,000858,14:55:06,97.0800,58,2
2026-04-30,000858,14:55:09,97.1000,53,1
2026-04-30,000858,14:55:12,97.0800,80,2
2026-04-30,000858,14:55:15,97.0800,92,2
2026-04-30,000858,14:55:18,97.0900,31,2
2026-04-30,000858,14:55:21,97.0800,30,2
2026-04-30,000858,14:55:24,97.0800,91,2
2026-04-30,000858,14:55:27,97.0900,54,4
2026-04-30,000858,14:55:30,97.0800,102,2
2026-04-30,000858,14:55:33,97.0900,93,1
2026-04-30,000858,14:55:36,97.0900,29,1
2026-04-30,000858,14:55:39,97.0900,115,2
2026-04-30,000858,14:55:42,97.0900,63,2
2026-04-30,000858,14:55:45,97.1000,46,1
2026-04-30,000858,14:55:48,97.1000,40,1
2026-04-30,000858,14:55:51,97.1000,84,1
2026-04-30,000858,14:55:54,97.0900,67,2
2026-04-30,000858,14:55:57,97.1000,47,1
2026-04-30,000858,14:56:00,97.1000,81,1
2026-04-30,000858,14:56:03,97.1000,17,1
2026-04-30,000858,14:56:06,97.1000,62,1
2026-04-30,000858,14:56:09,97.0900,81,2
2026-04-30,000858,14:56:12,97.0900,74,2
2026-04-30,000858,14:56:15,97.0900,88,2
2026-04-30,000858,14:56:18,97.1000,85,1
2026-04-30,000858,14:56:21,97.0900,36,2
2026-04-30,000858,14:56:24,97.1000,67,1
2026-04-30,000858,14:56:27,97.1000,55,1
2026-04-30,000858,14:56:30,97.1000,72,1
2026-04-30,000858,14:56:33,97.1000,66,1
2026-04-30,000858,14:56:36,97.0900,144,2
2026-04-30,000858,14:56:39,97.1000,13,1
2026-04-30,000858,14:56:42,97.1000,49,1
2026-04-30,000858,14:56:45,97.1000,148,1
2026-04-30,000858,14:56:48,97.1000,53,1
2026-04-30,000858,14:56:51,97.0900,47,2
2026-04-30,000858,14:56:54,97.0900,203,2
2026-04-30,000858,14:56:57,97.1000,375,1
2026-04-30,000858,14:57:00,97.1000,24,2
2026-04-30,000858,15:00:01,97.0800,4123,4
2026-04-30,000858,13:16:36,97.0100,14,2
2026-04-30,000858,13:16:39,97.0200,15,1
2026-04-30,000858,13:16:42,97.0100,91,2
2026-04-30,000858,13:16:45,97.0100,38,2
2026-04-30,000858,13:16:48,97.0100,23,2
2026-04-30,000858,13:16:51,97.0100,13,2
2026-04-30,000858,13:16:54,97.0200,5,1
2026-04-30,000858,13:16:57,97.0200,13,1
2026-04-30,000858,13:17:00,97.0200,25,1
2026-04-30,000858,13:17:03,97.0200,23,1
2026-04-30,000858,13:17:06,97.0200,18,1
2026-04-30,000858,13:17:09,97.0200,16,1
2026-04-30,000858,13:17:12,97.0100,30,2
2026-04-30,000858,13:17:15,97.0200,71,1
2026-04-30,000858,13:17:18,97.0200,61,1
2026-04-30,000858,13:17:21,97.0200,9,1
2026-04-30,000858,13:17:24,97.0200,23,1
2026-04-30,000858,13:17:27,97.0200,52,1
2026-04-30,000858,13:17:30,97.0200,15,2
2026-04-30,000858,13:17:33,97.0200,131,2
2026-04-30,000858,13:17:36,97.0100,29,2
2026-04-30,000858,13:17:39,97.0200,25,1
2026-04-30,000858,13:17:42,97.0200,5,1
2026-04-30,000858,13:17:45,97.0200,39,4
2026-04-30,000858,13:17:48,97.0100,28,2
2026-04-30,000858,13:17:51,97.0200,18,1
2026-04-30,000858,13:17:54,97.0100,15,2
2026-04-30,000858,13:17:57,97.0200,19,1
2026-04-30,000858,13:18:00,97.0200,41,1
2026-04-30,000858,13:18:03,97.0200,14,1
2026-04-30,000858,13:18:06,97.0100,37,2
2026-04-30,000858,13:18:09,97.0200,22,1
2026-04-30,000858,13:18:12,97.0200,27,1
2026-04-30,000858,13:18:15,97.0200,7,1
2026-04-30,000858,13:18:18,97.0200,22,1
2026-04-30,000858,13:18:21,97.0200,3,1
2026-04-30,000858,13:18:24,97.0100,23,2
2026-04-30,000858,13:18:27,97.0100,11,2
2026-04-30,000858,13:18:30,97.0200,29,1
2026-04-30,000858,13:18:33,97.0200,221,1
2026-04-30,000858,13:18:36,97.0200,62,1
2026-04-30,000858,13:18:39,97.0200,79,1
2026-04-30,000858,13:18:42,97.0200,25,1
2026-04-30,000858,13:18:45,97.0200,98,1
2026-04-30,000858,13:18:48,97.0100,18,2
2026-04-30,000858,13:18:51,97.0200,5,1
2026-04-30,000858,13:18:54,97.0200,14,1
2026-04-30,000858,13:18:57,97.0200,16,1
2026-04-30,000858,13:19:00,97.0200,5,1
2026-04-30,000858,13:19:03,97.0200,28,1
2026-04-30,000858,13:19:06,97.0200,39,1
2026-04-30,000858,13:19:09,97.0100,11,2
2026-04-30,000858,13:19:12,97.0100,38,2
2026-04-30,000858,13:19:15,97.0100,17,2
2026-04-30,000858,13:19:21,97.0200,36,1
2026-04-30,000858,13:19:24,97.0100,6,2
2026-04-30,000858,13:19:27,97.0200,10,1
2026-04-30,000858,13:19:30,97.0200,116,1
2026-04-30,000858,13:19:33,97.0100,41,2
2026-04-30,000858,13:19:36,97.0200,10,1
2026-04-30,000858,13:19:39,97.0200,17,1
2026-04-30,000858,13:19:42,97.0200,141,1
2026-04-30,000858,13:19:45,97.0100,40,2
2026-04-30,000858,13:19:48,97.0200,18,1
2026-04-30,000858,13:19:51,97.0100,16,2
2026-04-30,000858,13:19:54,97.0100,21,2
2026-04-30,000858,13:19:57,97.0200,26,1
2026-04-30,000858,13:20:00,97.0100,13,2
2026-04-30,000858,13:20:03,97.0200,35,1
2026-04-30,000858,13:20:06,97.0200,25,1
2026-04-30,000858,13:20:09,97.0200,33,1
2026-04-30,000858,13:20:12,97.0100,24,2
2026-04-30,000858,13:20:15,97.0200,12,1
2026-04-30,000858,13:20:18,97.0200,28,1
2026-04-30,000858,13:20:21,97.0200,15,1
2026-04-30,000858,13:20:24,97.0200,22,1
2026-04-30,000858,13:20:27,97.0200,133,1
2026-04-30,000858,13:20:30,97.0200,30,1
2026-04-30,000858,13:20:33,97.0100,28,2
2026-04-30,000858,13:20:36,97.0200,33,1
2026-04-30,000858,13:20:39,97.0100,9,2
2026-04-30,000858,13:20:42,97.0100,74,2
2026-04-30,000858,13:20:45,97.0200,54,1
2026-04-30,000858,13:20:48,97.0100,21,2
2026-04-30,000858,13:20:51,97.0100,35,2
2026-04-30,000858,13:20:54,97.0200,43,1
2026-04-30,000858,13:20:57,97.0100,18,2
2026-04-30,000858,13:21:00,97.0200,24,1
2026-04-30,000858,13:21:03,97.0100,16,2
2026-04-30,000858,13:21:06,97.0200,16,1
2026-04-30,000858,13:21:09,97.0200,9,1
2026-04-30,000858,13:21:12,97.0200,26,1
2026-04-30,000858,13:21:15,97.0100,33,2
2026-04-30,000858,13:21:18,97.0200,11,1
2026-04-30,000858,13:21:21,97.0100,6,2
2026-04-30,000858,13:21:24,97.0100,88,2
2026-04-30,000858,13:21:27,97.0200,36,1
2026-04-30,000858,13:21:30,97.0200,8,1
2026-04-30,000858,13:21:33,97.0200,5,1
2026-04-30,000858,13:21:36,97.0100,59,2
2026-04-30,000858,13:21:39,97.0200,23,1
2026-04-30,000858,13:21:42,97.0200,8,1
2026-04-30,000858,13:21:45,97.0200,16,1
2026-04-30,000858,13:21:48,97.0200,2,1
2026-04-30,000858,13:21:51,97.0200,38,1
2026-04-30,000858,13:21:54,97.0200,17,1
2026-04-30,000858,13:21:57,97.0200,20,1
2026-04-30,000858,13:22:00,97.0200,8,1
2026-04-30,000858,13:22:03,97.0200,18,1
2026-04-30,000858,13:22:06,97.0200,12,1
2026-04-30,000858,13:22:09,97.0100,113,2
2026-04-30,000858,13:22:12,97.0200,13,1
2026-04-30,000858,13:22:15,97.0200,12,1
2026-04-30,000858,13:22:18,97.0200,20,1
2026-04-30,000858,13:22:21,97.0200,42,1
2026-04-30,000858,13:22:24,97.0200,17,1
2026-04-30,000858,13:22:27,97.0100,16,2
2026-04-30,000858,13:22:30,97.0200,7,4
2026-04-30,000858,13:22:33,97.0200,31,1
2026-04-30,000858,13:22:36,97.0200,28,2
2026-04-30,000858,13:22:39,97.0200,4,2
2026-04-30,000858,13:22:42,97.0200,8,2
2026-04-30,000858,13:22:45,97.0200,22,2
2026-04-30,000858,13:22:48,97.0200,3,2
2026-04-30,000858,13:22:51,97.0200,32,2
2026-04-30,000858,13:22:54,97.0300,19,1
2026-04-30,000858,13:22:57,97.0200,17,2
2026-04-30,000858,13:23:00,97.0200,175,2
2026-04-30,000858,13:23:03,97.0100,15,2
2026-04-30,000858,13:23:06,97.0200,14,4
2026-04-30,000858,13:23:09,97.0200,21,2
2026-04-30,000858,13:23:12,97.0200,41,2
2026-04-30,000858,13:23:15,97.0200,21,1
2026-04-30,000858,13:23:18,97.0200,21,1
2026-04-30,000858,13:23:21,97.0100,32,2
2026-04-30,000858,13:23:24,97.0100,37,2
2026-04-30,000858,13:23:27,97.0100,25,2
2026-04-30,000858,13:23:30,97.0200,8,1
2026-04-30,000858,13:23:33,97.0200,16,1
2026-04-30,000858,13:23:36,97.0100,32,2
2026-04-30,000858,13:23:39,97.0100,9,2
2026-04-30,000858,13:23:42,97.0100,48,2
2026-04-30,000858,13:23:45,97.0200,7,1
2026-04-30,000858,13:23:48,97.0100,81,2
2026-04-30,000858,13:23:51,97.0200,16,1
2026-04-30,000858,13:23:54,97.0100,3,2
2026-04-30,000858,13:23:57,97.0200,13,1
2026-04-30,000858,13:24:00,97.0100,15,2
2026-04-30,000858,13:24:03,97.0100,8,2
2026-04-30,000858,13:24:06,97.0100,12,2
2026-04-30,000858,13:24:09,97.0100,95,2
2026-04-30,000858,13:24:12,97.0100,11,2
2026-04-30,000858,13:24:15,97.0200,13,1
2026-04-30,000858,13:24:18,97.0100,4,2
2026-04-30,000858,13:24:21,97.0200,57,1
2026-04-30,000858,13:24:24,97.0200,5,1
2026-04-30,000858,13:24:27,97.0100,46,2
2026-04-30,000858,13:24:30,97.0200,13,1
2026-04-30,000858,13:24:33,97.0200,9,1
2026-04-30,000858,13:24:36,97.0200,11,1
2026-04-30,000858,13:24:39,97.0100,16,2
2026-04-30,000858,13:24:42,97.0100,12,2
2026-04-30,000858,13:24:45,97.0100,99,2
2026-04-30,000858,13:24:48,97.0200,18,1
2026-04-30,000858,13:24:51,97.0200,70,1
2026-04-30,000858,13:24:54,97.0100,44,2
2026-04-30,000858,13:24:57,97.0200,25,1
2026-04-30,000858,13:25:00,97.0100,6,2
2026-04-30,000858,13:25:03,97.0200,18,1
2026-04-30,000858,13:25:06,97.0200,11,1
2026-04-30,000858,13:25:09,97.0100,14,2
2026-04-30,000858,13:25:12,97.0200,33,1
2026-04-30,000858,13:25:15,97.0200,6,1
2026-04-30,000858,13:25:18,97.0200,22,1
2026-04-30,000858,13:25:21,97.0200,27,1
2026-04-30,000858,13:25:24,97.0200,17,1
2026-04-30,000858,13:25:27,97.0100,48,2
2026-04-30,000858,13:25:30,97.0200,9,1
2026-04-30,000858,13:25:33,97.0100,19,2
2026-04-30,000858,13:25:36,97.0200,170,1
2026-04-30,000858,13:25:39,97.0200,21,1
2026-04-30,000858,13:25:42,97.0200,6,1
2026-04-30,000858,13:25:45,97.0200,17,1
2026-04-30,000858,13:25:48,97.0100,27,2
2026-04-30,000858,13:25:51,97.0200,21,1
2026-04-30,000858,13:25:54,97.0100,28,2
2026-04-30,000858,13:25:57,97.0200,16,1
2026-04-30,000858,13:26:00,97.0200,48,1
2026-04-30,000858,13:26:03,97.0200,19,1
2026-04-30,000858,13:26:06,97.0100,6,2
2026-04-30,000858,13:26:09,97.0200,35,1
2026-04-30,000858,13:26:12,97.0200,33,1
2026-04-30,000858,13:26:15,97.0200,48,1
2026-04-30,000858,13:26:18,97.0200,20,1
2026-04-30,000858,13:26:21,97.0200,4,1
2026-04-30,000858,13:26:24,97.0200,69,1
2026-04-30,000858,13:26:27,97.0300,27,1
2026-04-30,000858,13:26:30,97.0200,7,4
2026-04-30,000858,13:26:33,97.0200,14,1
2026-04-30,000858,13:26:36,97.0200,9,1
2026-04-30,000858,13:26:39,97.0200,67,1
2026-04-30,000858,13:26:42,97.0200,12,1
2026-04-30,000858,13:26:45,97.0200,16,1
2026-04-30,000858,13:26:48,97.0100,9,2
2026-04-30,000858,13:26:51,97.0200,24,1
2026-04-30,000858,13:26:54,97.0200,19,1
2026-04-30,000858,13:26:57,97.0200,28,1
2026-04-30,000858,13:27:00,97.0100,2,2
2026-04-30,000858,13:27:03,97.0200,13,1
2026-04-30,000858,13:27:06,97.0200,14,1
2026-04-30,000858,13:27:09,97.0200,28,1
2026-04-30,000858,13:27:12,97.0100,39,2
2026-04-30,000858,13:27:15,97.0200,8,1
2026-04-30,000858,13:27:18,97.0200,27,1
2026-04-30,000858,13:27:21,97.0200,72,1
2026-04-30,000858,13:27:24,97.0200,23,1
2026-04-30,000858,13:27:27,97.0100,19,2
2026-04-30,000858,13:27:30,97.0100,21,2
2026-04-30,000858,13:27:33,97.0200,49,1
2026-04-30,000858,13:27:36,97.0100,45,2
2026-04-30,000858,13:27:39,97.0100,7,2
2026-04-30,000858,13:27:42,97.0200,12,1
2026-04-30,000858,13:27:45,97.0200,7,1
2026-04-30,000858,13:27:48,97.0100,37,2
2026-04-30,000858,13:27:51,97.0200,24,1
2026-04-30,000858,13:27:54,97.0200,36,1
2026-04-30,000858,13:27:57,97.0100,42,2
2026-04-30,000858,13:28:00,97.0200,5,1
2026-04-30,000858,13:28:03,97.0100,20,2
2026-04-30,000858,13:28:06,97.0200,29,1
2026-04-30,000858,13:28:09,97.0200,21,1
2026-04-30,000858,13:28:12,97.0100,58,2
2026-04-30,000858,13:28:15,97.0100,21,2
2026-04-30,000858,13:28:18,97.0200,35,1
2026-04-30,000858,13:28:21,97.0100,18,2
2026-04-30,000858,13:28:24,97.0200,26,1
2026-04-30,000858,13:28:27,97.0100,6,2
2026-04-30,000858,13:28:30,97.0100,25,2
2026-04-30,000858,13:28:33,97.0200,208,1
2026-04-30,000858,13:28:36,97.0200,21,2
2026-04-30,000858,13:28:39,97.0200,45,2
2026-04-30,000858,13:28:42,97.0100,342,2
2026-04-30,000858,13:28:45,97.0200,6,4
2026-04-30,000858,13:28:51,97.0200,3,1
2026-04-30,000858,13:28:54,97.0100,34,2
2026-04-30,000858,13:28:57,97.0200,87,1
2026-04-30,000858,13:29:00,97.0200,51,1
2026-04-30,000858,13:29:03,97.0100,20,2
2026-04-30,000858,13:29:06,97.0100,5,2
2026-04-30,000858,13:29:09,97.0200,29,1
2026-04-30,000858,13:29:12,97.0100,10,2
2026-04-30,000858,13:29:15,97.0200,17,1
2026-04-30,000858,13:29:18,97.0100,7,2
2026-04-30,000858,13:29:21,97.0200,20,1
2026-04-30,000858,13:29:24,97.0200,20,1
2026-04-30,000858,13:29:27,97.0100,7,2
2026-04-30,000858,13:29:30,97.0100,195,2
2026-04-30,000858,13:29:33,97.0200,15,1
2026-04-30,000858,13:29:36,97.0100,90,2
2026-04-30,000858,13:29:39,97.0200,8,1
2026-04-30,000858,13:29:42,97.0100,37,2
2026-04-30,000858,13:29:45,97.0200,17,1
2026-04-30,000858,13:29:48,97.0200,23,1
2026-04-30,000858,13:29:51,97.0200,3,1
2026-04-30,000858,13:29:54,97.0100,42,2
2026-04-30,000858,13:29:57,97.0200,6,1
2026-04-30,000858,13:30:00,97.0200,5,1
2026-04-30,000858,13:30:03,97.0200,18,1
2026-04-30,000858,13:30:06,97.0200,21,1
2026-04-30,000858,13:30:09,97.0200,10,1
2026-04-30,000858,13:30:12,97.0100,48,2
2026-04-30,000858,13:30:15,97.0200,24,1
2026-04-30,000858,13:30:18,97.0200,14,1
2026-04-30,000858,13:30:21,97.0100,10,2
2026-04-30,000858,13:30:24,97.0100,8,2
2026-04-30,000858,13:30:27,97.0200,6,1
2026-04-30,000858,13:30:30,97.0200,5,1
2026-04-30,000858,13:30:33,97.0100,51,2
2026-04-30,000858,13:30:36,97.0100,42,2
2026-04-30,000858,13:30:39,97.0100,221,2
2026-04-30,000858,13:30:42,97.0100,253,2
2026-04-30,000858,13:30:45,97.0100,51,2
2026-04-30,000858,13:30:48,97.0100,23,2
2026-04-30,000858,13:30:51,97.0200,26,1
2026-04-30,000858,13:30:54,97.0100,18,2
2026-04-30,000858,13:30:57,97.0200,24,1
2026-04-30,000858,13:31:00,97.0100,26,2
2026-04-30,000858,13:31:03,97.0200,41,1
2026-04-30,000858,13:31:06,97.0200,43,1
2026-04-30,000858,13:31:09,97.0200,125,1
2026-04-30,000858,13:31:12,97.0100,59,2
2026-04-30,000858,13:31:15,97.0300,190,1
2026-04-30,000858,13:31:18,97.0400,81,1
2026-04-30,000858,13:31:21,97.0400,157,1
2026-04-30,000858,13:31:24,97.0400,113,2
2026-04-30,000858,13:31:27,97.0700,11,1
2026-04-30,000858,13:31:30,97.0600,13,1
2026-04-30,000858,13:31:33,97.0700,4,1
2026-04-30,000858,13:31:36,97.0700,1,1
2026-04-30,000858,13:31:39,97.0700,22,1
2026-04-30,000858,13:31:42,97.0800,12,1
2026-04-30,000858,13:31:45,97.0700,42,2
2026-04-30,000858,13:31:48,97.0700,29,2
2026-04-30,000858,13:31:51,97.0700,44,2
2026-04-30,000858,13:31:54,97.0700,12,2
2026-04-30,000858,13:31:57,97.0900,52,1
2026-04-30,000858,13:32:00,97.0600,23,2
2026-04-30,000858,13:32:03,97.0600,9,1
2026-04-30,000858,13:32:06,97.0600,25,1
2026-04-30,000858,13:32:09,97.0600,20,1
2026-04-30,000858,13:32:12,97.0700,19,1
2026-04-30,000858,13:32:15,97.0600,17,2
2026-04-30,000858,13:32:18,97.0700,15,1
2026-04-30,000858,13:32:21,97.0500,17,2
2026-04-30,000858,13:32:24,97.0700,5,1
2026-04-30,000858,13:32:27,97.0700,4,1
2026-04-30,000858,13:32:30,97.0400,74,2
2026-04-30,000858,13:32:33,97.0500,26,1
2026-04-30,000858,13:32:36,97.0500,15,1
2026-04-30,000858,13:32:39,97.0400,13,2
2026-04-30,000858,13:32:42,97.0500,28,1
2026-04-30,000858,13:32:45,97.0500,9,1
2026-04-30,000858,13:32:48,97.0500,29,1
2026-04-30,000858,13:32:51,97.0500,23,1
2026-04-30,000858,13:32:54,97.0500,5,1
2026-04-30,000858,13:32:57,97.0600,8,1
2026-04-30,000858,13:33:00,97.0600,39,1
2026-04-30,000858,13:33:03,97.0500,19,2
2026-04-30,000858,13:33:06,97.0600,2,1
2026-04-30,000858,13:33:09,97.0600,25,1
2026-04-30,000858,13:33:12,97.0600,38,1
2026-04-30,000858,13:33:15,97.0500,6,2
2026-04-30,000858,13:33:18,97.0500,9,2
2026-04-30,000858,13:33:21,97.0600,12,1
2026-04-30,000858,13:33:24,97.0600,3,1
2026-04-30,000858,13:33:27,97.0600,8,1
2026-04-30,000858,13:33:30,97.0600,25,1
2026-04-30,000858,13:33:33,97.0500,5,2
2026-04-30,000858,13:33:36,97.0500,6,2
2026-04-30,000858,13:33:39,97.0600,40,1
2026-04-30,000858,13:33:42,97.0600,3,2
2026-04-30,000858,13:33:45,97.0700,2,1
2026-04-30,000858,13:33:48,97.0700,12,1
2026-04-30,000858,13:33:51,97.0700,40,1
2026-04-30,000858,13:33:54,97.0700,44,1
2026-04-30,000858,13:33:57,97.0700,31,1
2026-04-30,000858,13:34:00,97.0700,7,1
2026-04-30,000858,13:34:03,97.0700,29,1
2026-04-30,000858,13:34:09,97.0800,2,1
2026-04-30,000858,13:34:12,97.0700,1,2
2026-04-30,000858,13:34:15,97.0700,49,2
2026-04-30,000858,13:34:18,97.0800,36,1
2026-04-30,000858,13:34:21,97.0900,27,1
2026-04-30,000858,13:34:24,97.0900,6,1
2026-04-30,000858,13:34:27,97.0900,9,1
2026-04-30,000858,13:34:30,97.0900,19,1
2026-04-30,000858,13:34:33,97.0900,24,1
2026-04-30,000858,13:34:36,97.0900,27,1
2026-04-30,000858,13:34:39,97.0900,21,2
2026-04-30,000858,13:34:42,97.0900,28,1
2026-04-30,000858,13:34:45,97.0800,40,2
2026-04-30,000858,13:34:48,97.0800,11,1
2026-04-30,000858,13:34:51,97.0800,24,1
2026-04-30,000858,13:34:54,97.0800,13,1
2026-04-30,000858,13:34:57,97.0800,19,1
2026-04-30,000858,13:35:00,97.0800,100,1
2026-04-30,000858,13:35:03,97.0800,35,1
2026-04-30,000858,13:35:06,97.0700,19,4
2026-04-30,000858,13:35:09,97.0700,12,1
2026-04-30,000858,13:35:12,97.0700,24,1
2026-04-30,000858,13:35:15,97.0600,36,2
2026-04-30,000858,13:35:18,97.0600,29,1
2026-04-30,000858,13:35:21,97.0600,22,1
2026-04-30,000858,13:35:24,97.0600,11,1
2026-04-30,000858,13:35:27,97.0600,33,1
2026-04-30,000858,13:35:30,97.0600,15,1
2026-04-30,000858,13:35:33,97.0600,17,1
2026-04-30,000858,13:35:36,97.0600,34,1
2026-04-30,000858,13:35:39,97.0600,5,1
2026-04-30,000858,13:35:42,97.0500,25,2
2026-04-30,000858,13:35:45,97.0200,211,2
2026-04-30,000858,13:35:48,97.0600,94,1
2026-04-30,000858,13:35:51,97.0500,7,1
2026-04-30,000858,13:35:54,97.0500,6,1
2026-04-30,000858,13:35:57,97.0300,1,2
2026-04-30,000858,13:36:00,97.0300,17,2
2026-04-30,000858,13:36:03,97.0200,6,2
2026-04-30,000858,13:36:06,97.0400,61,1
2026-04-30,000858,13:36:09,97.0300,20,2
2026-04-30,000858,13:36:12,97.0300,24,2
2026-04-30,000858,13:36:15,97.0400,24,1
2026-04-30,000858,13:36:18,97.0400,6,1
2026-04-30,000858,13:36:21,97.0400,16,1
2026-04-30,000858,13:36:24,97.0400,6,1
2026-04-30,000858,13:36:27,97.0200,2,2
2026-04-30,000858,13:36:30,97.0200,24,2
2026-04-30,000858,13:36:33,97.0300,17,2
2026-04-30,000858,13:36:36,97.0200,5,2
2026-04-30,000858,13:36:39,97.0200,18,2
2026-04-30,000858,13:36:42,97.0200,14,2
2026-04-30,000858,13:36:45,97.0300,21,1
2026-04-30,000858,13:36:48,97.0300,18,1
2026-04-30,000858,13:36:51,97.0300,7,2
2026-04-30,000858,13:36:54,97.0300,3,4
2026-04-30,000858,13:36:57,97.0300,60,4
2026-04-30,000858,13:37:00,97.0400,22,1
2026-04-30,000858,13:37:03,97.0200,30,2
2026-04-30,000858,13:37:06,97.0200,12,2
2026-04-30,000858,13:37:09,97.0200,69,2
2026-04-30,000858,13:37:12,97.0400,10,1
2026-04-30,000858,13:37:15,97.0300,13,2
2026-04-30,000858,13:37:18,97.0300,48,2
2026-04-30,000858,13:37:21,97.0400,17,1
2026-04-30,000858,13:37:24,97.0300,18,2
2026-04-30,000858,13:37:27,97.0400,7,1
2026-04-30,000858,13:37:30,97.0400,28,1
2026-04-30,000858,13:37:33,97.0300,39,2
2026-04-30,000858,13:37:36,97.0300,14,2
2026-04-30,000858,13:37:39,97.0400,4,1
2026-04-30,000858,13:37:42,97.0300,36,2
2026-04-30,000858,13:37:45,97.0400,26,1
2026-04-30,000858,13:37:48,97.0300,10,2
2026-04-30,000858,13:37:51,97.0400,20,1
2026-04-30,000858,13:37:54,97.0300,20,2
2026-04-30,000858,13:37:57,97.0200,70,2
2026-04-30,000858,13:38:00,97.0400,15,1
2026-04-30,000858,13:38:03,97.0300,9,2
2026-04-30,000858,13:38:06,97.0300,18,2
2026-04-30,000858,13:38:09,97.0400,7,1
2026-04-30,000858,13:38:12,97.0200,18,2
2026-04-30,000858,13:38:15,97.0300,58,1
2026-04-30,000858,13:38:18,97.0300,23,1
2026-04-30,000858,13:38:21,97.0300,19,1
2026-04-30,000858,13:38:24,97.0300,7,1
2026-04-30,000858,13:38:27,97.0300,9,1
2026-04-30,000858,13:38:30,97.0300,8,2
2026-04-30,000858,13:38:33,97.0400,2,1
2026-04-30,000858,13:38:36,97.0300,29,2
2026-04-30,000858,13:38:42,97.0300,13,2
2026-04-30,000858,13:38:45,97.0400,16,1
2026-04-30,000858,13:38:48,97.0400,14,1
2026-04-30,000858,13:38:51,97.0300,14,2
2026-04-30,000858,13:38:54,97.0400,6,1
2026-04-30,000858,13:38:57,97.0400,31,1
2026-04-30,000858,13:39:00,97.0300,6,2
2026-04-30,000858,13:39:03,97.0400,3,1
2026-04-30,000858,13:39:06,97.0400,108,1
2026-04-30,000858,13:39:09,97.0400,106,1
2026-04-30,000858,13:39:12,97.0200,13,2
2026-04-30,000858,13:39:15,97.0300,15,2
2026-04-30,000858,13:39:18,97.0300,99,1
2026-04-30,000858,13:39:21,97.0300,169,1
2026-04-30,000858,13:39:24,97.0200,163,2
2026-04-30,000858,13:39:27,97.0200,24,1
2026-04-30,000858,13:39:30,97.0200,16,2
2026-04-30,000858,13:39:33,97.0200,16,1
2026-04-30,000858,13:39:36,97.0200,3,2
2026-04-30,000858,13:39:39,97.0200,13,2
2026-04-30,000858,13:39:42,97.0200,23,2
2026-04-30,000858,13:39:45,97.0300,12,1
2026-04-30,000858,13:39:48,97.0300,8,1
2026-04-30,000858,13:39:51,97.0200,86,2
2026-04-30,000858,13:39:54,97.0200,12,2
2026-04-30,000858,13:39:57,97.0200,3,2
2026-04-30,000858,13:40:00,97.0200,9,2
2026-04-30,000858,13:40:03,97.0200,22,2
2026-04-30,000858,13:40:06,97.0300,24,1
2026-04-30,000858,13:40:09,97.0200,83,2
2026-04-30,000858,13:40:12,97.0100,170,2
2026-04-30,000858,13:40:15,97.0200,19,1
2026-04-30,000858,13:40:18,97.0100,56,2
2026-04-30,000858,13:40:21,97.0100,49,2
2026-04-30,000858,13:40:24,97.0200,38,1
2026-04-30,000858,13:40:27,97.0100,49,2
2026-04-30,000858,13:40:30,97.0200,68,1
2026-04-30,000858,13:40:33,97.0100,12,2
2026-04-30,000858,13:40:36,97.0100,5,2
2026-04-30,000858,13:40:39,97.0100,7,2
2026-04-30,000858,13:40:42,97.0200,6,1
2026-04-30,000858,13:40:45,97.0200,23,1
2026-04-30,000858,13:40:48,97.0200,14,1
2026-04-30,000858,13:40:51,97.0200,25,1
2026-04-30,000858,13:40:54,97.0100,54,2
2026-04-30,000858,13:40:57,97.0200,85,1
2026-04-30,000858,13:41:00,97.0200,14,1
2026-04-30,000858,13:41:03,97.0200,5,1
2026-04-30,000858,13:41:06,97.0200,21,1
2026-04-30,000858,13:41:09,97.0100,9,2
2026-04-30,000858,13:41:12,97.0100,34,2
2026-04-30,000858,13:41:15,97.0200,8,1
2026-04-30,000858,13:41:18,97.0100,6,2
2026-04-30,000858,13:41:21,97.0100,47,2
2026-04-30,000858,13:41:24,97.0100,16,2
2026-04-30,000858,13:41:27,97.0200,21,1
2026-04-30,000858,13:41:30,97.0200,4,1
2026-04-30,000858,13:41:33,97.0200,69,1
2026-04-30,000858,13:41:36,97.0100,18,2
2026-04-30,000858,13:41:39,97.0100,535,2
2026-04-30,000858,13:41:42,97.0100,36,2
2026-04-30,000858,13:41:45,97.0100,33,2
2026-04-30,000858,13:41:48,97.0100,122,2
2026-04-30,000858,13:41:51,97.0100,20,2
2026-04-30,000858,13:41:54,97.0100,7,2
2026-04-30,000858,13:41:57,97.0100,21,2
2026-04-30,000858,13:42:00,97.0200,3,1
2026-04-30,000858,13:42:03,97.0200,25,1
2026-04-30,000858,13:42:06,97.0200,5,1
2026-04-30,000858,13:42:09,97.0200,50,1
2026-04-30,000858,13:42:12,97.0200,27,1
2026-04-30,000858,13:42:15,97.0100,10,2
2026-04-30,000858,13:42:18,97.0100,50,2
2026-04-30,000858,13:42:21,97.0100,23,2
2026-04-30,000858,13:42:24,97.0100,9,2
2026-04-30,000858,13:42:27,97.0200,11,1
2026-04-30,000858,13:42:30,97.0100,73,2
2026-04-30,000858,13:42:33,97.0100,20,2
2026-04-30,000858,13:42:36,97.0200,15,1
2026-04-30,000858,13:42:39,97.0200,13,1
2026-04-30,000858,13:42:42,97.0200,62,1
2026-04-30,000858,13:42:45,97.0200,31,1
2026-04-30,000858,13:42:48,97.0100,76,2
2026-04-30,000858,13:42:51,97.0100,4,2
2026-04-30,000858,13:42:54,97.0200,13,1
2026-04-30,000858,13:42:57,97.0200,100,1
2026-04-30,000858,13:43:00,97.0200,6,2
2026-04-30,000858,13:43:03,97.0200,29,2
2026-04-30,000858,13:43:06,97.0200,116,2
2026-04-30,000858,13:43:09,97.0200,6,2
2026-04-30,000858,13:43:12,97.0300,35,1
2026-04-30,000858,13:43:15,97.0200,10,2
2026-04-30,000858,13:43:18,97.0200,2,2
2026-04-30,000858,13:43:21,97.0200,20,2
2026-04-30,000858,13:43:24,97.0200,4,2
2026-04-30,000858,13:43:27,97.0300,59,1
2026-04-30,000858,13:43:30,97.0300,30,1
2026-04-30,000858,13:43:33,97.0300,99,1
2026-04-30,000858,13:43:36,97.0300,7,1
2026-04-30,000858,13:43:39,97.0300,25,1
2026-04-30,000858,13:43:42,97.0200,30,2
2026-04-30,000858,13:43:45,97.0300,35,1
2026-04-30,000858,13:43:48,97.0300,33,1
2026-04-30,000858,13:43:51,97.0200,32,2
2026-04-30,000858,13:43:54,97.0200,8,2
2026-04-30,000858,13:43:57,97.0200,29,2
2026-04-30,000858,13:44:00,97.0300,6,4
2026-04-30,000858,13:44:03,97.0400,30,1
2026-04-30,000858,13:44:06,97.0300,20,2
2026-04-30,000858,13:44:09,97.0300,8,1
2026-04-30,000858,13:44:12,97.0300,18,1
2026-04-30,000858,13:44:15,97.0300,22,2
2026-04-30,000858,13:44:18,97.0400,1,1
2026-04-30,000858,13:44:21,97.0300,2,2
2026-04-30,000858,13:44:24,97.0400,4,1
2026-04-30,000858,13:44:27,97.0300,33,2
2026-04-30,000858,13:44:30,97.0400,50,1
2026-04-30,000858,13:44:33,97.0300,4,2
2026-04-30,000858,13:44:36,97.0300,23,2
2026-04-30,000858,13:44:39,97.0300,23,1
2026-04-30,000858,13:44:42,97.0200,15,2
2026-04-30,000858,13:44:45,97.0300,14,1
2026-04-30,000858,13:44:48,97.0200,23,2
2026-04-30,000858,13:44:51,97.0300,24,1
2026-04-30,000858,13:44:54,97.0300,158,1
2026-04-30,000858,13:44:57,97.0200,54,2
2026-04-30,000858,13:45:00,97.0100,43,2
2026-04-30,000858,13:45:03,97.0200,24,1
2026-04-30,000858,13:45:06,97.0100,19,2
2026-04-30,000858,13:45:09,97.0200,41,1
2026-04-30,000858,13:45:12,97.0200,40,1
2026-04-30,000858,13:45:15,97.0200,24,1
2026-04-30,000858,13:45:18,97.0100,36,2
2026-04-30,000858,13:45:21,97.0200,35,1
2026-04-30,000858,13:45:24,97.0100,410,2
2026-04-30,000858,13:45:27,97.0100,117,2
2026-04-30,000858,13:45:30,97.0200,89,1
2026-04-30,000858,13:45:33,97.0200,36,1
2026-04-30,000858,13:45:36,97.0100,31,2
2026-04-30,000858,13:45:39,97.0200,30,1
2026-04-30,000858,13:45:42,97.0200,13,2
2026-04-30,000858,13:45:45,97.0200,86,1
2026-04-30,000858,13:45:48,97.0200,25,1
2026-04-30,000858,13:45:51,97.0200,30,4
2026-04-30,000858,13:45:54,97.0300,35,1
2026-04-30,000858,13:45:57,97.0200,4,4
2026-04-30,000858,13:46:00,97.0200,10,2
2026-04-30,000858,13:46:03,97.0200,5,4
2026-04-30,000858,13:46:06,97.0200,1,2
2026-04-30,000858,13:46:09,97.0300,14,1
2026-04-30,000858,13:46:12,97.0200,17,2
2026-04-30,000858,13:46:15,97.0300,5,1
2026-04-30,000858,13:46:18,97.0200,21,2
2026-04-30,000858,13:46:21,97.0200,18,2
2026-04-30,000858,13:46:24,97.0300,37,1
2026-04-30,000858,13:46:27,97.0200,15,2
2026-04-30,000858,13:46:30,97.0300,37,1
2026-04-30,000858,13:46:33,97.0200,8,2
2026-04-30,000858,13:46:36,97.0300,17,1
2026-04-30,000858,13:46:39,97.0300,16,1
2026-04-30,000858,13:46:42,97.0200,43,2
2026-04-30,000858,13:46:45,97.0200,5,2
2026-04-30,000858,13:46:48,97.0300,17,1
2026-04-30,000858,13:46:51,97.0300,7,1
2026-04-30,000858,13:46:54,97.0200,25,2
2026-04-30,000858,13:46:57,97.0200,78,2
2026-04-30,000858,13:47:00,97.0100,42,2
2026-04-30,000858,13:47:03,97.0200,14,1
2026-04-30,000858,13:47:06,97.0100,30,2
2026-04-30,000858,13:47:09,97.0200,26,1
2026-04-30,000858,13:47:12,97.0300,13,1
2026-04-30,000858,13:47:15,97.0300,4,1
2026-04-30,000858,13:47:18,97.0200,10,2
2026-04-30,000858,13:47:21,97.0300,2,1
2026-04-30,000858,13:47:24,97.0300,17,1
2026-04-30,000858,13:47:27,97.0300,2,1
2026-04-30,000858,13:47:30,97.0300,4,1
2026-04-30,000858,13:47:33,97.0200,69,2
2026-04-30,000858,13:47:36,97.0100,14,2
2026-04-30,000858,13:47:39,97.0200,9,2
2026-04-30,000858,13:47:42,97.0100,43,2
2026-04-30,000858,13:47:45,97.0200,5,2
2026-04-30,000858,13:47:48,97.0200,9,1
2026-04-30,000858,13:47:51,97.0300,127,1
2026-04-30,000858,13:47:54,97.0300,21,1
2026-04-30,000858,13:47:57,97.0300,10,1
2026-04-30,000858,13:48:00,97.0200,46,2
2026-04-30,000858,13:48:03,97.0300,12,1
2026-04-30,000858,13:48:06,97.0200,59,2
2026-04-30,000858,13:48:09,97.0300,20,1
2026-04-30,000858,13:48:12,97.0200,44,2
2026-04-30,000858,13:48:15,97.0200,31,2
2026-04-30,000858,13:48:18,97.0300,27,1
2026-04-30,000858,13:48:21,97.0200,16,2
2026-04-30,000858,13:48:24,97.0200,11,1
2026-04-30,000858,13:48:27,97.0300,8,1
2026-04-30,000858,13:48:30,97.0200,135,2
2026-04-30,000858,13:48:33,97.0200,8,1
2026-04-30,000858,13:48:36,97.0200,8,2
2026-04-30,000858,13:48:39,97.0200,24,2
2026-04-30,000858,13:48:42,97.0200,58,2
2026-04-30,000858,13:48:45,97.0300,64,1
2026-04-30,000858,13:48:48,97.0200,99,2
2026-04-30,000858,13:48:51,97.0200,13,2
2026-04-30,000858,13:48:54,97.0300,9,1
2026-04-30,000858,13:48:57,97.0200,47,2
2026-04-30,000858,13:49:00,97.0300,4,1
2026-04-30,000858,13:49:03,97.0200,10,2
2026-04-30,000858,13:49:06,97.0300,61,1
2026-04-30,000858,13:49:09,97.0300,12,1
2026-04-30,000858,13:49:12,97.0200,28,2
2026-04-30,000858,13:49:15,97.0200,14,2
2026-04-30,000858,13:49:18,97.0200,55,2
2026-04-30,000858,13:49:21,97.0200,29,1
2026-04-30,000858,13:49:24,97.0200,17,1
2026-04-30,000858,13:49:27,97.0200,126,1
2026-04-30,000858,13:49:30,97.0200,29,1
2026-04-30,000858,13:49:33,97.0200,16,1
2026-04-30,000858,13:49:36,97.0200,141,1
2026-04-30,000858,13:49:39,97.0200,17,1
2026-04-30,000858,13:49:42,97.0100,32,2
2026-04-30,000858,13:49:45,97.0200,106,1
2026-04-30,000858,13:49:48,97.0100,9,2
2026-04-30,000858,13:49:51,97.0200,22,1
2026-04-30,000858,13:49:54,97.0200,27,1
2026-04-30,000858,13:49:57,97.0200,66,1
2026-04-30,000858,13:50:00,97.0200,86,1
2026-04-30,000858,13:50:03,97.0200,5,1
2026-04-30,000858,13:50:06,97.0200,34,1
2026-04-30,000858,13:50:09,97.0100,15,2
2026-04-30,000858,13:50:12,97.0100,82,2
2026-04-30,000858,13:50:15,97.0200,24,1
2026-04-30,000858,13:50:18,97.0200,6,1
2026-04-30,000858,13:50:21,97.0200,43,1
2026-04-30,000858,13:50:24,97.0100,4,2
2026-04-30,000858,13:50:27,97.0200,11,1
2026-04-30,000858,13:50:30,97.0200,13,1
2026-04-30,000858,13:50:33,97.0100,109,2
2026-04-30,000858,13:50:36,97.0200,6,1
2026-04-30,000858,13:50:39,97.0200,24,1
2026-04-30,000858,13:50:42,97.0100,14,2
2026-04-30,000858,13:50:45,97.0200,12,1
2026-04-30,000858,13:50:48,97.0200,19,1
2026-04-30,000858,13:50:51,97.0200,14,1
2026-04-30,000858,13:50:54,97.0200,52,1
2026-04-30,000858,13:50:57,97.0100,14,2
2026-04-30,000858,13:51:00,97.0200,23,1
2026-04-30,000858,13:51:03,97.0100,19,2
2026-04-30,000858,13:51:06,97.0200,22,1
2026-04-30,000858,13:51:09,97.0200,10,1
2026-04-30,000858,13:51:12,97.0200,21,1
2026-04-30,000858,13:51:15,97.0200,18,1
2026-04-30,000858,13:51:18,97.0200,13,1
2026-04-30,000858,13:51:21,97.0100,66,2
2026-04-30,000858,13:51:24,97.0200,33,1
2026-04-30,000858,13:51:27,97.0200,3,1
2026-04-30,000858,13:51:30,97.0200,6,1
2026-04-30,000858,13:51:33,97.0200,5,1
2026-04-30,000858,13:51:36,97.0100,103,2
2026-04-30,000858,13:51:39,97.0100,10,2
2026-04-30,000858,13:51:42,97.0100,23,2
2026-04-30,000858,13:51:45,97.0100,19,2
2026-04-30,000858,13:51:48,97.0100,21,2
2026-04-30,000858,13:51:51,97.0200,4,1
2026-04-30,000858,13:51:54,97.0100,4,2
2026-04-30,000858,13:51:57,97.0200,17,1
2026-04-30,000858,13:52:00,97.0200,13,1
2026-04-30,000858,13:52:03,97.0200,4,1
2026-04-30,000858,13:52:06,97.0100,31,2
2026-04-30,000858,13:52:09,97.0200,120,1
2026-04-30,000858,13:52:12,97.0200,14,1
2026-04-30,000858,13:52:15,97.0200,12,1
2026-04-30,000858,13:52:18,97.0200,30,1
2026-04-30,000858,13:52:21,97.0300,39,1
2026-04-30,000858,13:52:24,97.0200,6,2
2026-04-30,000858,13:52:27,97.0200,1,2
2026-04-30,000858,13:52:30,97.0200,13,2
2026-04-30,000858,13:52:33,97.0200,9,2
2026-04-30,000858,13:52:36,97.0300,2,1
2026-04-30,000858,13:52:39,97.0300,20,1
2026-04-30,000858,13:52:42,97.0200,35,2
2026-04-30,000858,13:52:45,97.0200,30,2
2026-04-30,000858,13:52:48,97.0200,15,2
2026-04-30,000858,13:52:51,97.0200,19,2
2026-04-30,000858,13:52:54,97.0200,4,2
2026-04-30,000858,13:52:57,97.0200,14,2
2026-04-30,000858,13:53:00,97.0200,18,2
2026-04-30,000858,13:53:03,97.0300,23,1
2026-04-30,000858,13:53:06,97.0200,13,2
2026-04-30,000858,13:53:09,97.0300,58,1
2026-04-30,000858,13:53:12,97.0200,123,2
2026-04-30,000858,13:53:15,97.0200,14,2
2026-04-30,000858,13:53:18,97.0200,37,2
2026-04-30,000858,13:53:21,97.0200,38,2
2026-04-30,000858,13:53:24,97.0200,16,2
2026-04-30,000858,13:53:27,97.0300,4,1
2026-04-30,000858,13:53:30,97.0300,16,1
2026-04-30,000858,13:53:33,97.0300,6,1
2026-04-30,000858,13:53:36,97.0200,6,2
2026-04-30,000858,13:53:39,97.0200,28,2
2026-04-30,000858,13:53:42,97.0300,50,1
2026-04-30,000858,13:53:45,97.0200,14,2
2026-04-30,000858,13:53:48,97.0200,15,2
2026-04-30,000858,13:53:51,97.0300,26,1
2026-04-30,000858,13:53:54,97.0200,34,2
2026-04-30,000858,13:53:57,97.0300,4,1
2026-04-30,000858,13:54:00,97.0300,2,1
2026-04-30,000858,13:54:03,97.0300,13,1
2026-04-30,000858,13:54:06,97.0200,13,2
2026-04-30,000858,13:54:09,97.0300,24,1
2026-04-30,000858,13:54:12,97.0200,99,2
2026-04-30,000858,13:54:15,97.0300,15,1
2026-04-30,000858,13:54:18,97.0300,3,1
2026-04-30,000858,13:54:21,97.0300,19,1
2026-04-30,000858,13:54:24,97.0300,79,1
2026-04-30,000858,13:54:27,97.0300,8,1
2026-04-30,000858,13:54:30,97.0300,17,1
2026-04-30,000858,13:54:33,97.0300,13,1
2026-04-30,000858,13:54:36,97.0300,11,1
2026-04-30,000858,13:54:39,97.0300,18,1
2026-04-30,000858,13:54:42,97.0300,24,1
2026-04-30,000858,13:54:45,97.0200,94,2
2026-04-30,000858,13:54:48,97.0300,28,1
2026-04-30,000858,13:54:51,97.0200,5,2
2026-04-30,000858,13:54:54,97.0200,10,2
2026-04-30,000858,13:54:57,97.0300,26,1
2026-04-30,000858,13:55:00,97.0200,15,2
2026-04-30,000858,13:55:03,97.0200,8,2
2026-04-30,000858,13:55:06,97.0300,46,1
2026-04-30,000858,13:55:09,97.0200,43,2
2026-04-30,000858,13:55:12,97.0200,34,2
2026-04-30,000858,13:55:15,97.0300,16,1
2026-04-30,000858,13:55:18,97.0200,21,2
2026-04-30,000858,13:55:21,97.0200,63,2
2026-04-30,000858,13:55:24,97.0300,19,1
2026-04-30,000858,13:55:27,97.0200,183,2
2026-04-30,000858,13:55:30,97.0200,49,1
2026-04-30,000858,13:55:33,97.0200,47,1
2026-04-30,000858,13:55:36,97.0200,26,1
2026-04-30,000858,13:55:39,97.0200,16,1
2026-04-30,000858,13:55:42,97.0200,43,1
2026-04-30,000858,13:55:45,97.0100,12,2
2026-04-30,000858,13:55:48,97.0200,13,1
2026-04-30,000858,13:55:51,97.0200,52,1
2026-04-30,000858,13:55:54,97.0200,11,1
2026-04-30,000858,13:55:57,97.0200,15,1
2026-04-30,000858,13:56:00,97.0200,42,1
2026-04-30,000858,13:56:03,97.0200,16,1
2026-04-30,000858,13:56:06,97.0200,34,1
2026-04-30,000858,13:56:09,97.0200,31,1
2026-04-30,000858,13:56:12,97.0100,31,2
2026-04-30,000858,13:56:15,97.0200,22,1
2026-04-30,000858,13:56:18,97.0200,54,1
2026-04-30,000858,13:56:21,97.0100,123,2
2026-04-30,000858,13:56:24,97.0200,19,1
2026-04-30,000858,13:56:27,97.0100,61,2
2026-04-30,000858,13:56:30,97.0200,49,1
2026-04-30,000858,13:56:33,97.0200,36,1
2026-04-30,000858,13:56:36,97.0200,10,1
2026-04-30,000858,13:56:39,97.0100,22,2
2026-04-30,000858,13:56:42,97.0100,129,2
2026-04-30,000858,13:56:45,97.0200,10,1
2026-04-30,000858,13:56:48,97.0200,8,1
2026-04-30,000858,13:56:51,97.0100,9,2
2026-04-30,000858,13:56:54,97.0100,11,2
2026-04-30,000858,13:56:57,97.0200,14,1
2026-04-30,000858,13:57:00,97.0100,22,2
2026-04-30,000858,13:57:03,97.0200,452,1
2026-04-30,000858,13:57:06,97.0100,140,2
2026-04-30,000858,13:57:09,97.0100,31,2
2026-04-30,000858,13:57:12,97.0100,48,2
2026-04-30,000858,13:57:15,97.0200,101,1
2026-04-30,000858,13:57:18,97.0100,12,2
2026-04-30,000858,13:57:21,97.0200,80,1
2026-04-30,000858,13:57:24,97.0200,7,1
2026-04-30,000858,13:57:27,97.0200,5,1
2026-04-30,000858,13:57:30,97.0200,7,1
2026-04-30,000858,13:57:33,97.0200,20,1
2026-04-30,000858,13:57:36,97.0100,34,2
2026-04-30,000858,13:57:39,97.0200,18,1
2026-04-30,000858,13:57:42,97.0200,36,1
2026-04-30,000858,13:57:45,97.0200,11,1
2026-04-30,000858,13:57:48,97.0200,11,1
2026-04-30,000858,13:57:51,97.0200,110,1
2026-04-30,000858,13:57:54,97.0100,27,2
2026-04-30,000858,13:57:57,97.0200,9,1
2026-04-30,000858,13:58:00,97.0200,10,1
2026-04-30,000858,13:58:03,97.0100,55,2
2026-04-30,000858,13:58:06,97.0100,15,2
2026-04-30,000858,13:58:09,97.0100,96,2
2026-04-30,000858,13:58:12,97.0200,102,1
2026-04-30,000858,13:58:15,97.0200,2,1
2026-04-30,000858,13:58:18,97.0100,14,2
2026-04-30,000858,13:58:21,97.0100,31,2
2026-04-30,000858,13:58:24,97.0100,96,2
2026-04-30,000858,13:58:27,97.0200,38,1
2026-04-30,000858,13:58:30,97.0200,6,1
2026-04-30,000858,13:58:33,97.0200,11,1
2026-04-30,000858,13:58:36,97.0100,38,2
2026-04-30,000858,13:58:39,97.0200,5,1
2026-04-30,000858,13:58:42,97.0100,25,2
2026-04-30,000858,13:58:45,97.0200,31,1
2026-04-30,000858,13:58:48,97.0200,6,1
2026-04-30,000858,13:58:51,97.0100,3,2
2026-04-30,000858,13:58:54,97.0100,81,2
2026-04-30,000858,13:58:57,97.0100,23,2
2026-04-30,000858,13:59:00,97.0200,15,1
2026-04-30,000858,13:59:03,97.0200,154,1
2026-04-30,000858,13:59:06,97.0200,4,1
2026-04-30,000858,13:59:09,97.0200,33,1
2026-04-30,000858,13:59:12,97.0100,25,2
2026-04-30,000858,13:59:15,97.0200,25,1
2026-04-30,000858,13:59:18,97.0200,5,1
2026-04-30,000858,13:59:21,97.0200,2,1
2026-04-30,000858,13:59:24,97.0200,17,1
2026-04-30,000858,13:59:27,97.0200,15,1
2026-04-30,000858,13:59:30,97.0200,4,1
2026-04-30,000858,13:59:33,97.0200,27,1
2026-04-30,000858,13:59:36,97.0100,29,2
2026-04-30,000858,13:59:39,97.0200,171,1
2026-04-30,000858,13:59:42,97.0200,24,2
2026-04-30,000858,13:59:45,97.0200,32,2
2026-04-30,000858,13:59:48,97.0200,5,1
2026-04-30,000858,13:59:51,97.0200,18,2
2026-04-30,000858,13:59:54,97.0200,13,2
2026-04-30,000858,13:59:57,97.0300,18,1
2026-04-30,000858,14:00:00,97.0200,37,2
2026-04-30,000858,14:00:03,97.0200,26,2
2026-04-30,000858,14:00:06,97.0200,12,2
2026-04-30,000858,14:00:09,97.0200,5,2
2026-04-30,000858,14:00:12,97.0200,32,2
2026-04-30,000858,14:00:15,97.0200,24,2
2026-04-30,000858,14:00:18,97.0700,628,1
2026-04-30,000858,14:00:21,97.0700,4,2
2026-04-30,000858,14:00:24,97.0800,16,1
2026-04-30,000858,14:00:27,97.0800,263,1
2026-04-30,000858,14:00:30,97.0300,18,2
2026-04-30,000858,14:00:33,97.0800,4,2
2026-04-30,000858,14:00:36,97.1200,7,1
2026-04-30,000858,14:00:39,97.1000,17,2
2026-04-30,000858,14:00:42,97.1200,9,1
2026-04-30,000858,14:00:45,97.1200,139,1
2026-04-30,000858,14:00:48,97.1000,14,2
2026-04-30,000858,14:00:51,97.1000,5,2
2026-04-30,000858,14:00:54,97.1200,35,4
2026-04-30,000858,14:00:57,97.1200,13,2
2026-04-30,000858,14:01:00,97.1400,9,1
2026-04-30,000858,14:01:03,97.1400,9,1
2026-04-30,000858,14:01:06,97.1100,16,2
2026-04-30,000858,14:01:09,97.1400,15,1
2026-04-30,000858,14:01:12,97.1400,3,1
2026-04-30,000858,14:01:15,97.1400,41,1
2026-04-30,000858,14:01:18,97.1400,10,1
2026-04-30,000858,14:01:21,97.1300,60,4
2026-04-30,000858,14:01:24,97.1300,101,2
2026-04-30,000858,14:01:27,97.1300,4,1
2026-04-30,000858,14:01:30,97.1300,13,1
2026-04-30,000858,14:01:33,97.1300,12,1
2026-04-30,000858,14:01:36,97.1200,22,2
2026-04-30,000858,14:01:39,97.1200,24,2
2026-04-30,000858,14:01:42,97.1300,17,4
2026-04-30,000858,14:01:45,97.1200,12,2
2026-04-30,000858,14:01:48,97.1200,4,1
2026-04-30,000858,14:01:51,97.1100,18,2
2026-04-30,000858,14:01:54,97.1200,8,1
2026-04-30,000858,14:01:57,97.1200,10,1
2026-04-30,000858,14:02:00,97.1100,30,2
2026-04-30,000858,14:02:03,97.1200,5,1
2026-04-30,000858,14:02:06,97.1100,30,2
2026-04-30,000858,14:02:09,97.1200,2,1
2026-04-30,000858,14:02:12,97.1100,18,2
2026-04-30,000858,14:02:15,97.1200,48,1
2026-04-30,000858,14:02:18,97.1200,8,1
2026-04-30,000858,14:02:21,97.1200,12,1
2026-04-30,000858,14:02:24,97.1200,22,1
2026-04-30,000858,14:02:27,97.1200,8,1
2026-04-30,000858,14:02:30,97.1100,26,2
2026-04-30,000858,14:02:33,97.1100,3,2
2026-04-30,000858,14:02:36,97.1200,3,1
2026-04-30,000858,14:02:39,97.1200,8,1
2026-04-30,000858,14:02:42,97.1100,49,2
2026-04-30,000858,14:02:45,97.1100,19,2
2026-04-30,000858,14:02:48,97.1100,19,1
2026-04-30,000858,14:02:51,97.1100,31,1
2026-04-30,000858,14:02:54,97.1100,9,1
2026-04-30,000858,14:02:57,97.1100,79,1
2026-04-30,000858,14:03:00,97.1000,17,2
2026-04-30,000858,14:03:03,97.1100,18,1
2026-04-30,000858,14:03:06,97.1000,2,2
2026-04-30,000858,14:03:09,97.1100,7,1
2026-04-30,000858,14:03:12,97.1100,114,1
2026-04-30,000858,14:03:15,97.1100,18,1
2026-04-30,000858,14:03:18,97.1100,52,1
2026-04-30,000858,14:03:21,97.1100,10,1
2026-04-30,000858,14:03:24,97.1100,11,1
2026-04-30,000858,14:03:27,97.1100,8,1
2026-04-30,000858,14:03:30,97.1000,10,2
2026-04-30,000858,14:03:33,97.1100,53,1
2026-04-30,000858,14:03:36,97.1100,12,1
2026-04-30,000858,14:03:39,97.1100,12,1
2026-04-30,000858,14:03:42,97.1100,43,1
2026-04-30,000858,14:03:45,97.1100,2,1
2026-04-30,000858,14:03:48,97.1100,38,1
2026-04-30,000858,14:03:51,97.1000,42,2
2026-04-30,000858,14:03:54,97.1100,51,1
2026-04-30,000858,14:03:57,97.1000,7,2
2026-04-30,000858,14:04:00,97.1000,66,2
2026-04-30,000858,14:04:03,97.1100,49,1
2026-04-30,000858,14:04:06,97.1100,26,1
2026-04-30,000858,14:04:09,97.1100,43,1
2026-04-30,000858,14:04:12,97.1100,3,2
2026-04-30,000858,14:04:15,97.1100,2,2
2026-04-30,000858,14:04:18,97.1200,4,1
2026-04-30,000858,14:04:21,97.1200,2,1
2026-04-30,000858,14:04:24,97.1200,25,1
2026-04-30,000858,14:04:27,97.1200,68,1
2026-04-30,000858,14:04:30,97.1200,9,1
2026-04-30,000858,14:04:33,97.1200,44,1
2026-04-30,000858,14:04:36,97.1200,19,1
2026-04-30,000858,14:04:39,97.1200,69,1
2026-04-30,000858,14:04:45,97.1300,4,1
2026-04-30,000858,14:04:48,97.1300,7,1
2026-04-30,000858,14:04:51,97.1300,7,1
2026-04-30,000858,14:04:54,97.1300,9,1
2026-04-30,000858,14:04:57,97.1300,3,1
2026-04-30,000858,14:05:00,97.1300,9,1
2026-04-30,000858,14:05:03,97.1300,6,1
2026-04-30,000858,14:05:06,97.1300,56,1
2026-04-30,000858,14:05:09,97.1300,73,1
2026-04-30,000858,14:05:12,97.1200,35,2
2026-04-30,000858,14:05:15,97.1200,3,2
2026-04-30,000858,14:05:18,97.1300,11,1
2026-04-30,000858,14:05:21,97.1300,5,1
2026-04-30,000858,14:05:24,97.1300,3,1
2026-04-30,000858,14:05:27,97.1200,58,2
2026-04-30,000858,14:05:30,97.1200,14,1
2026-04-30,000858,14:05:33,97.1100,108,2
2026-04-30,000858,14:05:36,97.1200,24,4
2026-04-30,000858,14:05:39,97.1200,35,1
2026-04-30,000858,14:05:42,97.1100,14,2
2026-04-30,000858,14:05:45,97.1100,7,2
2026-04-30,000858,14:05:48,97.1200,26,1
2026-04-30,000858,14:05:51,97.1200,39,1
2026-04-30,000858,14:05:54,97.1200,3,2
2026-04-30,000858,14:05:57,97.1200,3,2
2026-04-30,000858,14:06:00,97.1200,17,2
2026-04-30,000858,14:06:03,97.1200,24,2
2026-04-30,000858,14:06:06,97.1200,19,1
2026-04-30,000858,14:06:09,97.1200,19,1
2026-04-30,000858,14:06:12,97.1100,32,2
2026-04-30,000858,14:06:15,97.1200,26,1
2026-04-30,000858,14:06:18,97.1100,2,2
2026-04-30,000858,14:06:21,97.1200,59,1
2026-04-30,000858,14:06:24,97.1100,20,2
2026-04-30,000858,14:06:27,97.1100,5,2
2026-04-30,000858,14:06:30,97.1200,26,1
2026-04-30,000858,14:06:33,97.1200,17,1
2026-04-30,000858,14:06:36,97.1100,26,2
2026-04-30,000858,14:06:39,97.1100,27,2
2026-04-30,000858,14:06:42,97.1200,24,1
2026-04-30,000858,14:06:45,97.1100,5,4
2026-04-30,000858,14:06:48,97.1000,10,2
2026-04-30,000858,10:56:30,97.1100,21,2
2026-04-30,000858,10:56:33,97.1100,5,2
2026-04-30,000858,10:56:36,97.1200,11,1
2026-04-30,000858,10:56:39,97.1200,23,1
2026-04-30,000858,10:56:42,97.1100,28,2
2026-04-30,000858,10:56:45,97.1200,57,1
2026-04-30,000858,10:56:48,97.1200,32,1
2026-04-30,000858,10:56:51,97.1100,40,2
2026-04-30,000858,10:56:54,97.1000,25,2
2026-04-30,000858,10:56:57,97.1200,26,1
2026-04-30,000858,10:57:00,97.1100,8,4
2026-04-30,000858,10:57:03,97.1200,26,1
2026-04-30,000858,10:57:06,97.1100,8,2
2026-04-30,000858,10:57:09,97.1200,15,1
2026-04-30,000858,10:57:12,97.1100,247,2
2026-04-30,000858,10:57:15,97.1200,32,1
2026-04-30,000858,10:57:18,97.1200,18,1
2026-04-30,000858,10:57:21,97.1100,40,2
2026-04-30,000858,10:57:24,97.1100,6,1
2026-04-30,000858,10:57:27,97.1200,3,1
2026-04-30,000858,10:57:30,97.1100,23,2
2026-04-30,000858,10:57:33,97.1200,6,1
2026-04-30,000858,10:57:36,97.1200,28,1
2026-04-30,000858,10:57:39,97.1200,4,1
2026-04-30,000858,10:57:42,97.1100,25,2
2026-04-30,000858,10:57:45,97.1100,10,2
2026-04-30,000858,10:57:48,97.1200,6,1
2026-04-30,000858,10:57:51,97.1100,18,2
2026-04-30,000858,10:57:54,97.1200,18,1
2026-04-30,000858,10:57:57,97.1200,135,1
2026-04-30,000858,10:58:00,97.1100,10,2
2026-04-30,000858,10:58:03,97.1100,51,2
2026-04-30,000858,10:58:06,97.1100,23,2
2026-04-30,000858,10:58:09,97.1100,14,2
2026-04-30,000858,10:58:12,97.1100,18,2
2026-04-30,000858,10:58:15,97.1100,17,2
2026-04-30,000858,10:58:18,97.1200,6,1
2026-04-30,000858,10:58:21,97.1200,22,1
2026-04-30,000858,10:58:24,97.1100,17,2
2026-04-30,000858,10:58:27,97.1200,13,1
2026-04-30,000858,10:58:30,97.1100,97,2
2026-04-30,000858,10:58:33,97.1100,14,1
2026-04-30,000858,10:58:36,97.1100,26,2
2026-04-30,000858,10:58:39,97.1100,8,1
2026-04-30,000858,10:58:42,97.1100,43,2
2026-04-30,000858,10:58:45,97.1100,25,1
2026-04-30,000858,10:58:48,97.1100,13,1
2026-04-30,000858,10:58:51,97.1100,9,1
2026-04-30,000858,10:58:54,97.1100,17,1
2026-04-30,000858,10:58:57,97.1000,94,2
2026-04-30,000858,10:59:00,97.1100,43,1
2026-04-30,000858,10:59:03,97.1100,2,2
2026-04-30,000858,10:59:06,97.1200,11,1
2026-04-30,000858,10:59:09,97.1100,55,2
2026-04-30,000858,10:59:12,97.1200,7,1
2026-04-30,000858,10:59:15,97.1200,5,1
2026-04-30,000858,10:59:18,97.1100,2,2
2026-04-30,000858,10:59:21,97.1200,18,1
2026-04-30,000858,10:59:24,97.1200,15,1
2026-04-30,000858,10:59:27,97.1100,11,2
2026-04-30,000858,10:59:30,97.1200,6,1
2026-04-30,000858,10:59:33,97.1200,14,1
2026-04-30,000858,10:59:36,97.1100,29,2
2026-04-30,000858,10:59:39,97.1100,48,2
2026-04-30,000858,10:59:42,97.1100,30,2
2026-04-30,000858,10:59:45,97.1100,49,2
2026-04-30,000858,10:59:48,97.1100,22,2
2026-04-30,000858,10:59:51,97.1100,9,2
2026-04-30,000858,10:59:54,97.1200,22,1
2026-04-30,000858,10:59:57,97.1100,8,2
2026-04-30,000858,11:00:00,97.1100,51,2
2026-04-30,000858,11:00:03,97.1200,18,1
2026-04-30,000858,11:00:06,97.1100,13,2
2026-04-30,000858,11:00:09,97.1200,165,1
2026-04-30,000858,11:00:12,97.1100,24,2
2026-04-30,000858,11:00:15,97.1200,4,1
2026-04-30,000858,11:00:18,97.1100,50,2
2026-04-30,000858,11:00:21,97.1200,9,1
2026-04-30,000858,11:00:24,97.1100,38,2
2026-04-30,000858,11:00:27,97.1100,29,2
2026-04-30,000858,11:00:30,97.1200,5,1
2026-04-30,000858,11:00:33,97.1200,82,1
2026-04-30,000858,11:00:36,97.1100,168,2
2026-04-30,000858,11:00:39,97.1100,16,1
2026-04-30,000858,11:00:42,97.1200,142,1
2026-04-30,000858,11:00:45,97.1200,32,1
2026-04-30,000858,11:00:48,97.1100,13,2
2026-04-30,000858,11:00:51,97.1200,2,1
2026-04-30,000858,11:00:54,97.1100,10,2
2026-04-30,000858,11:00:57,97.1100,8,2
2026-04-30,000858,11:01:00,97.1200,8,1
2026-04-30,000858,11:01:03,97.1200,32,1
2026-04-30,000858,11:01:06,97.1100,16,2
2026-04-30,000858,11:01:09,97.1100,15,2
2026-04-30,000858,11:01:12,97.1200,29,1
2026-04-30,000858,11:01:15,97.1100,90,2
2026-04-30,000858,11:01:18,97.1200,22,1
2026-04-30,000858,11:01:21,97.1100,11,2
2026-04-30,000858,11:01:24,97.1300,191,1
2026-04-30,000858,11:01:27,97.1300,225,1
2026-04-30,000858,11:01:30,97.1400,206,1
2026-04-30,000858,11:01:33,97.1200,15,2
2026-04-30,000858,11:01:36,97.1400,4,1
2026-04-30,000858,11:01:39,97.1500,35,1
2026-04-30,000858,11:01:42,97.1400,26,4
2026-04-30,000858,11:01:45,97.1400,19,1
2026-04-30,000858,11:01:48,97.1400,5,1
2026-04-30,000858,11:01:51,97.1500,5,1
2026-04-30,000858,11:01:54,97.1400,9,2
2026-04-30,000858,11:01:57,97.1500,21,1
2026-04-30,000858,11:02:00,97.1400,39,4
2026-04-30,000858,11:02:03,97.1400,9,1
2026-04-30,000858,11:02:06,97.1300,14,2
2026-04-30,000858,11:02:09,97.1500,1,1
2026-04-30,000858,11:02:12,97.1500,5,1
2026-04-30,000858,11:02:15,97.1400,9,2
2026-04-30,000858,11:02:18,97.1500,15,1
2026-04-30,000858,11:02:21,97.1400,10,2
2026-04-30,000858,11:02:24,97.1400,19,2
2026-04-30,000858,11:02:27,97.1500,14,1
2026-04-30,000858,11:02:30,97.1400,23,2
2026-04-30,000858,11:02:33,97.1400,4,1
2026-04-30,000858,11:02:36,97.1400,12,1
2026-04-30,000858,11:02:39,97.1500,1,1
2026-04-30,000858,11:02:42,97.1400,8,2
2026-04-30,000858,11:02:45,97.1500,2,1
2026-04-30,000858,11:02:48,97.1500,12,1
2026-04-30,000858,11:02:51,97.1500,4,1
2026-04-30,000858,11:02:54,97.1400,4,2
2026-04-30,000858,11:02:57,97.1500,16,1
2026-04-30,000858,11:03:00,97.1500,89,1
2026-04-30,000858,11:03:03,97.1500,32,1
2026-04-30,000858,11:03:06,97.1400,20,2
2026-04-30,000858,11:03:09,97.1500,30,1
2026-04-30,000858,11:03:12,97.1500,21,1
2026-04-30,000858,11:03:15,97.1500,10,1
2026-04-30,000858,11:03:18,97.1400,22,2
2026-04-30,000858,11:03:21,97.1500,81,1
2026-04-30,000858,11:03:24,97.1400,165,2
2026-04-30,000858,11:03:27,97.1400,89,1
2026-04-30,000858,11:03:30,97.1400,10,2
2026-04-30,000858,11:03:33,97.1500,15,1
2026-04-30,000858,11:03:36,97.1500,12,1
2026-04-30,000858,11:03:39,97.1500,22,1
2026-04-30,000858,11:03:42,97.1400,21,2
2026-04-30,000858,11:03:45,97.1500,7,1
2026-04-30,000858,11:03:48,97.1500,46,1
2026-04-30,000858,11:03:51,97.1500,3,1
2026-04-30,000858,11:03:54,97.1500,12,1
2026-04-30,000858,11:03:57,97.1400,8,2
2026-04-30,000858,11:04:00,97.1500,31,1
2026-04-30,000858,11:04:03,97.1400,44,2
2026-04-30,000858,11:04:06,97.1500,14,1
2026-04-30,000858,11:04:09,97.1400,29,2
2026-04-30,000858,11:04:12,97.1400,8,2
2026-04-30,000858,11:04:15,97.1500,19,1
2026-04-30,000858,11:04:18,97.1300,10,2
2026-04-30,000858,11:04:21,97.1400,61,2
2026-04-30,000858,11:04:24,97.1400,6,2
2026-04-30,000858,11:04:27,97.1400,24,2
2026-04-30,000858,11:04:30,97.1400,11,1
2026-04-30,000858,11:04:33,97.1300,40,2
2026-04-30,000858,11:04:36,97.1500,15,1
2026-04-30,000858,11:04:39,97.1400,4,4
2026-04-30,000858,11:04:42,97.1500,2,1
2026-04-30,000858,11:04:45,97.1400,21,2
2026-04-30,000858,11:04:48,97.1400,9,2
2026-04-30,000858,11:04:51,97.1400,5,2
2026-04-30,000858,11:04:54,97.1500,7,1
2026-04-30,000858,11:04:57,97.1300,8,2
2026-04-30,000858,11:05:00,97.1400,8,1
2026-04-30,000858,11:05:03,97.1300,64,2
2026-04-30,000858,11:05:06,97.1300,37,2
2026-04-30,000858,11:05:09,97.1400,156,1
2026-04-30,000858,11:05:12,97.1200,24,2
2026-04-30,000858,11:05:15,97.1200,25,2
2026-04-30,000858,11:05:18,97.1300,10,1
2026-04-30,000858,11:05:21,97.1300,11,1
2026-04-30,000858,11:05:24,97.1300,41,1
2026-04-30,000858,11:05:27,97.1300,44,1
2026-04-30,000858,11:05:30,97.1200,12,2
2026-04-30,000858,11:05:33,97.1200,17,2
2026-04-30,000858,11:05:36,97.1200,48,2
2026-04-30,000858,11:05:39,97.1200,28,2
2026-04-30,000858,11:05:42,97.1200,17,2
2026-04-30,000858,11:05:45,97.1300,22,1
2026-04-30,000858,11:05:48,97.1300,4,1
2026-04-30,000858,11:05:51,97.1300,11,1
2026-04-30,000858,11:05:57,97.1300,21,1
2026-04-30,000858,11:06:00,97.1300,5,1
2026-04-30,000858,11:06:03,97.1300,31,1
2026-04-30,000858,11:06:06,97.1300,10,1
2026-04-30,000858,11:06:09,97.1200,20,2
2026-04-30,000858,11:06:12,97.1200,30,2
2026-04-30,000858,11:06:15,97.1200,33,2
2026-04-30,000858,11:06:18,97.1200,12,2
2026-04-30,000858,11:06:21,97.1200,8,2
2026-04-30,000858,11:06:24,97.1200,25,2
2026-04-30,000858,11:06:27,97.1200,11,2
2026-04-30,000858,11:06:30,97.1300,39,1
2026-04-30,000858,11:06:33,97.1200,9,2
2026-04-30,000858,11:06:36,97.1300,10,1
2026-04-30,000858,11:06:39,97.1300,9,1
2026-04-30,000858,11:06:42,97.1200,51,2
2026-04-30,000858,11:06:45,97.1200,23,1
2026-04-30,000858,11:06:48,97.1200,9,1
2026-04-30,000858,11:06:51,97.1200,18,1
2026-04-30,000858,11:06:54,97.1100,16,2
2026-04-30,000858,11:06:57,97.1200,68,1
2026-04-30,000858,11:07:00,97.1100,10,2
2026-04-30,000858,11:07:03,97.1200,52,1
2026-04-30,000858,11:07:06,97.1100,15,2
2026-04-30,000858,11:07:09,97.1100,90,2
2026-04-30,000858,11:07:12,97.1100,53,2
2026-04-30,000858,11:07:15,97.1100,24,2
2026-04-30,000858,11:07:18,97.1200,46,1
2026-04-30,000858,11:07:21,97.1100,51,2
2026-04-30,000858,11:07:24,97.1100,23,2
2026-04-30,000858,11:07:27,97.1200,16,1
2026-04-30,000858,11:07:30,97.1200,29,1
2026-04-30,000858,11:07:33,97.1200,22,1
2026-04-30,000858,11:07:36,97.1200,5,1
2026-04-30,000858,11:07:39,97.1100,12,2
2026-04-30,000858,11:07:42,97.1200,2,1
2026-04-30,000858,11:07:45,97.1200,10,1
2026-04-30,000858,11:07:48,97.1200,30,1
2026-04-30,000858,11:07:51,97.1200,25,1
2026-04-30,000858,11:07:54,97.1200,17,1
2026-04-30,000858,11:07:57,97.1200,13,1
2026-04-30,000858,11:08:00,97.1100,19,2
2026-04-30,000858,11:08:03,97.1200,1,1
2026-04-30,000858,11:08:06,97.1200,20,1
2026-04-30,000858,11:08:09,97.1200,5,1
2026-04-30,000858,11:08:12,97.1200,33,1
2026-04-30,000858,11:08:15,97.1200,33,1
2026-04-30,000858,11:08:18,97.1100,13,2
2026-04-30,000858,11:08:21,97.1200,12,1
2026-04-30,000858,11:08:24,97.1100,218,2
2026-04-30,000858,11:08:27,97.1100,12,1
2026-04-30,000858,11:08:30,97.1000,9,2
2026-04-30,000858,11:08:33,97.1100,202,1
2026-04-30,000858,11:08:36,97.1000,24,2
2026-04-30,000858,11:08:39,97.1100,77,1
2026-04-30,000858,11:08:42,97.1100,40,1
2026-04-30,000858,11:08:45,97.1100,42,1
2026-04-30,000858,11:08:48,97.1100,26,1
2026-04-30,000858,11:08:51,97.1100,11,1
2026-04-30,000858,11:08:54,97.1000,12,2
2026-04-30,000858,11:08:57,97.1100,38,1
2026-04-30,000858,11:09:00,97.1100,16,1
2026-04-30,000858,11:09:03,97.1100,48,1
2026-04-30,000858,11:09:06,97.1000,85,2
2026-04-30,000858,11:09:09,97.1000,50,2
2026-04-30,000858,11:09:12,97.1000,30,2
2026-04-30,000858,11:09:15,97.1000,25,2
2026-04-30,000858,11:09:18,97.1000,13,2
2026-04-30,000858,11:09:21,97.1100,4,1
2026-04-30,000858,11:09:24,97.1100,43,1
2026-04-30,000858,11:09:27,97.1100,4,1
2026-04-30,000858,11:09:30,97.1000,23,2
2026-04-30,000858,11:09:33,97.1000,4,2
2026-04-30,000858,11:09:36,97.1100,40,1
2026-04-30,000858,11:09:39,97.1100,17,1
2026-04-30,000858,11:09:42,97.1100,48,1
2026-04-30,000858,11:09:45,97.1100,44,1
2026-04-30,000858,11:09:48,97.1100,6,1
2026-04-30,000858,11:09:51,97.1100,22,1
2026-04-30,000858,11:09:54,97.1100,9,1
2026-04-30,000858,11:09:57,97.1100,7,1
2026-04-30,000858,11:10:00,97.1000,62,2
2026-04-30,000858,11:10:03,97.1100,23,1
2026-04-30,000858,11:10:06,97.1000,262,2
2026-04-30,000858,11:10:09,97.1100,17,1
2026-04-30,000858,11:10:12,97.1100,19,1
2026-04-30,000858,11:10:15,97.1100,39,1
2026-04-30,000858,11:10:18,97.1000,7,2
2026-04-30,000858,11:10:21,97.1000,43,2
2026-04-30,000858,11:10:24,97.1100,8,1
2026-04-30,000858,11:10:27,97.1100,39,1
2026-04-30,000858,11:10:30,97.1000,31,2
2026-04-30,000858,11:10:33,97.1100,35,1
2026-04-30,000858,11:10:36,97.1100,85,1
2026-04-30,000858,11:10:39,97.1100,31,1
2026-04-30,000858,11:10:42,97.1100,6,1
2026-04-30,000858,11:10:45,97.1100,38,1
2026-04-30,000858,11:10:48,97.1100,10,1
2026-04-30,000858,11:10:51,97.1000,12,2
2026-04-30,000858,11:10:54,97.1100,23,1
2026-04-30,000858,11:10:57,97.1100,25,1
2026-04-30,000858,11:11:00,97.1100,12,1
2026-04-30,000858,11:11:03,97.1000,29,2
2026-04-30,000858,11:11:06,97.1100,35,1
2026-04-30,000858,11:11:09,97.1100,15,1
2026-04-30,000858,11:11:12,97.1000,70,2
2026-04-30,000858,11:11:15,97.1100,59,1
2026-04-30,000858,11:11:18,97.1000,21,2
2026-04-30,000858,11:11:21,97.1100,42,1
2026-04-30,000858,11:11:24,97.1000,6,2
2026-04-30,000858,11:11:27,97.1000,47,2
2026-04-30,000858,11:11:30,97.1100,29,1
2026-04-30,000858,11:11:33,97.1100,72,1
2026-04-30,000858,11:11:36,97.1100,43,1
2026-04-30,000858,11:11:39,97.1000,46,2
2026-04-30,000858,11:11:42,97.1000,73,2
2026-04-30,000858,11:11:45,97.1100,47,1
2026-04-30,000858,11:11:48,97.1000,43,2
2026-04-30,000858,11:11:51,97.1000,27,2
2026-04-30,000858,11:11:54,97.1000,115,2
2026-04-30,000858,11:11:57,97.1000,58,2
2026-04-30,000858,11:12:00,97.1000,31,2
2026-04-30,000858,11:12:03,97.1000,77,2
2026-04-30,000858,11:12:06,97.1100,24,1
2026-04-30,000858,11:12:09,97.1100,46,1
2026-04-30,000858,11:12:12,97.1000,13,2
2026-04-30,000858,11:12:15,97.1100,61,1
2026-04-30,000858,11:12:18,97.1100,21,4
2026-04-30,000858,11:12:21,97.1100,15,2
2026-04-30,000858,11:12:24,97.1000,47,2
2026-04-30,000858,11:12:27,97.1100,19,4
2026-04-30,000858,11:12:30,97.1100,13,4
2026-04-30,000858,11:12:33,97.1100,11,2
2026-04-30,000858,11:12:36,97.1100,66,2
2026-04-30,000858,11:12:39,97.1100,34,2
2026-04-30,000858,11:12:42,97.1100,45,2
2026-04-30,000858,11:12:45,97.1100,88,1
2026-04-30,000858,11:12:48,97.1100,20,1
2026-04-30,000858,11:12:51,97.1100,36,1
2026-04-30,000858,11:12:54,97.1200,11,1
2026-04-30,000858,11:12:57,97.1100,18,2
2026-04-30,000858,11:13:00,97.1100,36,2
2026-04-30,000858,11:13:03,97.1000,31,2
2026-04-30,000858,11:13:06,97.1100,30,1
2026-04-30,000858,11:13:09,97.1000,11,2
2026-04-30,000858,11:13:12,97.1200,10,1
2026-04-30,000858,11:13:15,97.1100,8,2
2026-04-30,000858,11:13:18,97.1100,16,2
2026-04-30,000858,11:13:21,97.1100,31,2
2026-04-30,000858,11:13:24,97.1100,68,4
2026-04-30,000858,11:13:27,97.1000,37,2
2026-04-30,000858,11:13:30,97.1100,31,1
2026-04-30,000858,11:13:33,97.1100,39,1
2026-04-30,000858,11:13:36,97.1100,14,2
2026-04-30,000858,11:13:39,97.1000,25,2
2026-04-30,000858,11:13:42,97.1000,21,2
2026-04-30,000858,11:13:45,97.1100,17,2
2026-04-30,000858,11:13:48,97.1100,30,2
2026-04-30,000858,11:13:51,97.1100,27,1
2026-04-30,000858,11:13:54,97.1100,19,1
2026-04-30,000858,11:13:57,97.1000,25,2
2026-04-30,000858,11:14:00,97.1000,22,2
2026-04-30,000858,11:14:03,97.1100,60,1
2026-04-30,000858,11:14:06,97.1100,5,1
2026-04-30,000858,11:14:09,97.1100,36,1
2026-04-30,000858,11:14:12,97.1000,31,2
2026-04-30,000858,11:14:15,97.1000,13,2
2026-04-30,000858,11:14:18,97.1000,5,2
2026-04-30,000858,11:14:21,97.1100,31,1
2026-04-30,000858,11:14:24,97.1100,20,1
2026-04-30,000858,11:14:27,97.1000,23,2
2026-04-30,000858,11:14:30,97.1100,37,1
2026-04-30,000858,11:14:33,97.1100,15,1
2026-04-30,000858,11:14:36,97.1000,79,2
2026-04-30,000858,11:14:39,97.1100,38,1
2026-04-30,000858,11:14:42,97.1100,24,1
2026-04-30,000858,11:14:45,97.1100,22,1
2026-04-30,000858,11:14:48,97.1000,49,2
2026-04-30,000858,11:14:51,97.1100,12,1
2026-04-30,000858,11:14:54,97.1100,30,1
2026-04-30,000858,11:14:57,97.1100,4,1
2026-04-30,000858,11:15:00,97.1100,14,1
2026-04-30,000858,11:15:03,97.1000,10,2
2026-04-30,000858,11:15:06,97.1100,21,1
2026-04-30,000858,11:15:09,97.1100,26,1
2026-04-30,000858,11:15:12,97.1000,32,2
2026-04-30,000858,11:15:15,97.1100,20,1
2026-04-30,000858,11:15:18,97.1000,66,2
2026-04-30,000858,11:15:21,97.1100,119,1
2026-04-30,000858,11:15:24,97.1100,13,1
2026-04-30,000858,11:15:27,97.1100,18,1
2026-04-30,000858,11:15:30,97.1000,25,2
2026-04-30,000858,11:15:33,97.1000,51,2
2026-04-30,000858,11:15:36,97.1000,37,2
2026-04-30,000858,11:15:39,97.1000,24,2
2026-04-30,000858,11:15:42,97.1000,57,2
2026-04-30,000858,11:15:45,97.1000,120,2
2026-04-30,000858,11:15:48,97.1000,247,2
2026-04-30,000858,11:15:51,97.1000,344,2
2026-04-30,000858,11:15:54,97.0900,240,2
2026-04-30,000858,11:15:57,97.1000,165,1
2026-04-30,000858,11:16:00,97.0900,56,2
2026-04-30,000858,11:16:03,97.0900,90,2
2026-04-30,000858,11:16:06,97.1000,21,1
2026-04-30,000858,11:16:09,97.0900,41,2
2026-04-30,000858,11:16:12,97.1000,46,1
2026-04-30,000858,11:16:15,97.1000,33,1
2026-04-30,000858,11:16:18,97.0900,30,2
2026-04-30,000858,11:16:21,97.0900,44,2
2026-04-30,000858,11:16:24,97.1000,52,1
2026-04-30,000858,11:16:27,97.0900,37,2
2026-04-30,000858,11:16:30,97.1000,18,1
2026-04-30,000858,11:16:33,97.1000,57,1
2026-04-30,000858,11:16:36,97.0900,17,2
2026-04-30,000858,11:16:39,97.1000,15,1
2026-04-30,000858,11:16:42,97.1000,36,1
2026-04-30,000858,11:16:45,97.1000,42,1
2026-04-30,000858,11:16:48,97.1000,21,1
2026-04-30,000858,11:16:51,97.1000,27,1
2026-04-30,000858,11:16:54,97.1000,151,1
2026-04-30,000858,11:16:57,97.1000,15,1
2026-04-30,000858,11:17:00,97.0900,54,2
2026-04-30,000858,11:17:03,97.1000,29,1
2026-04-30,000858,11:17:06,97.1000,22,1
2026-04-30,000858,11:17:09,97.1000,33,1
2026-04-30,000858,11:17:12,97.0900,27,2
2026-04-30,000858,11:17:15,97.1000,11,1
2026-04-30,000858,11:17:18,97.0900,33,2
2026-04-30,000858,11:17:21,97.0900,23,2
2026-04-30,000858,11:17:24,97.1000,10,1
2026-04-30,000858,11:17:27,97.0900,45,2
2026-04-30,000858,11:17:30,97.1000,33,1
2026-04-30,000858,11:17:33,97.0900,44,2
2026-04-30,000858,11:17:36,97.1000,20,1
2026-04-30,000858,11:17:39,97.1000,43,1
2026-04-30,000858,11:17:42,97.1000,19,1
2026-04-30,000858,11:17:45,97.1000,12,1
2026-04-30,000858,11:17:48,97.1000,18,1
2026-04-30,000858,11:17:51,97.1000,42,1
2026-04-30,000858,11:17:54,97.0900,33,2
2026-04-30,000858,11:17:57,97.0900,57,2
2026-04-30,000858,11:18:00,97.1000,44,1
2026-04-30,000858,11:18:03,97.1000,20,1
2026-04-30,000858,11:18:06,97.1000,8,1
2026-04-30,000858,11:18:09,97.0900,30,2
2026-04-30,000858,11:18:12,97.1000,20,4
2026-04-30,000858,11:18:15,97.0900,9,2
2026-04-30,000858,11:18:18,97.1000,31,1
2026-04-30,000858,11:18:21,97.0900,84,2
2026-04-30,000858,11:18:24,97.0900,130,2
2026-04-30,000858,11:18:27,97.1000,71,1
2026-04-30,000858,11:18:30,97.1000,41,2
2026-04-30,000858,11:18:33,97.1000,92,2
2026-04-30,000858,11:18:36,97.1000,18,1
2026-04-30,000858,11:18:39,97.1000,10,1
2026-04-30,000858,11:18:42,97.1000,17,1
2026-04-30,000858,11:18:45,97.1000,13,1
2026-04-30,000858,11:18:48,97.1000,16,1
2026-04-30,000858,11:18:51,97.1000,55,4
2026-04-30,000858,11:18:54,97.1000,18,2
2026-04-30,000858,11:18:57,97.1000,16,2
2026-04-30,000858,11:19:00,97.1000,37,2
2026-04-30,000858,11:19:03,97.1100,54,1
2026-04-30,000858,11:19:06,97.1000,52,2
2026-04-30,000858,11:19:09,97.1100,17,1
2026-04-30,000858,11:19:12,97.1100,20,1
2026-04-30,000858,11:19:15,97.1000,38,2
2026-04-30,000858,11:19:18,97.1000,16,2
2026-04-30,000858,11:19:21,97.1000,33,2
2026-04-30,000858,11:19:24,97.0900,58,2
2026-04-30,000858,11:19:27,97.1100,8,1
2026-04-30,000858,11:19:30,97.1100,17,1
2026-04-30,000858,11:19:33,97.1000,11,2
2026-04-30,000858,11:19:36,97.1000,10,2
2026-04-30,000858,11:19:39,97.1000,15,2
2026-04-30,000858,11:19:42,97.1100,31,1
2026-04-30,000858,11:19:45,97.1100,3,1
2026-04-30,000858,11:19:48,97.1100,13,1
2026-04-30,000858,11:19:51,97.1000,45,2
2026-04-30,000858,11:19:54,97.1100,2,1
2026-04-30,000858,11:19:57,97.1000,4,2
2026-04-30,000858,11:20:00,97.1000,4,2
2026-04-30,000858,11:20:03,97.1000,3,2
2026-04-30,000858,11:20:06,97.1000,18,2
2026-04-30,000858,11:20:09,97.0900,52,2
2026-04-30,000858,11:20:12,97.0900,103,2
2026-04-30,000858,11:20:15,97.1000,24,1
2026-04-30,000858,11:20:18,97.1000,51,1
2026-04-30,000858,11:20:21,97.1000,5,2
2026-04-30,000858,11:20:24,97.1000,12,2
2026-04-30,000858,11:20:27,97.1000,10,2
2026-04-30,000858,11:20:30,97.1100,9,1
2026-04-30,000858,11:20:33,97.1000,21,2
2026-04-30,000858,11:20:36,97.1100,25,1
2026-04-30,000858,11:20:39,97.1000,8,2
2026-04-30,000858,11:20:42,97.1100,17,1
2026-04-30,000858,11:20:45,97.1100,12,1
2026-04-30,000858,11:20:48,97.1100,4,1
2026-04-30,000858,11:20:51,97.1000,14,2
2026-04-30,000858,11:20:57,97.1100,26,1
2026-04-30,000858,11:21:00,97.1000,17,2
2026-04-30,000858,11:21:03,97.1000,23,2
2026-04-30,000858,11:21:06,97.1100,12,1
2026-04-30,000858,11:21:09,97.1000,19,2
2026-04-30,000858,11:21:12,97.1100,32,1
2026-04-30,000858,11:21:15,97.1100,8,1
2026-04-30,000858,11:21:18,97.1100,4,1
2026-04-30,000858,11:21:21,97.1100,7,1
2026-04-30,000858,11:21:24,97.1100,1,1
2026-04-30,000858,11:21:27,97.1100,13,1
2026-04-30,000858,11:21:30,97.1000,38,2
2026-04-30,000858,11:21:33,97.1000,16,2
2026-04-30,000858,11:21:36,97.1000,11,2
2026-04-30,000858,11:21:39,97.1000,10,2
2026-04-30,000858,11:21:42,97.1000,10,2
2026-04-30,000858,11:21:45,97.1100,20,1
2026-04-30,000858,11:21:48,97.1100,18,1
2026-04-30,000858,11:21:51,97.1000,44,2
2026-04-30,000858,11:21:54,97.1100,6,1
