date,code,time,price,volume,bs
2026-04-09,000333,14:03:33,76.7900,190,1
2026-04-09,000333,14:03:36,76.8200,441,1
2026-04-09,000333,14:03:39,76.8200,11,1
2026-04-09,000333,14:03:42,76.8300,37,1
2026-04-09,000333,14:03:45,76.8200,46,2
2026-04-09,000333,14:03:48,76.8200,157,2
2026-04-09,000333,14:03:51,76.8200,16,1
2026-04-09,000333,14:03:54,76.8100,233,2
2026-04-09,000333,14:03:57,76.8100,8,1
2026-04-09,000333,14:04:00,76.8100,14,1
2026-04-09,000333,14:04:03,76.8100,21,1
2026-04-09,000333,14:04:06,76.8200,17,1
2026-04-09,000333,14:04:09,76.8100,5,2
2026-04-09,000333,14:04:12,76.8000,74,2
2026-04-09,000333,14:04:15,76.8000,26,1
2026-04-09,000333,14:04:18,76.7800,171,2
2026-04-09,000333,14:04:21,76.7800,47,2
2026-04-09,000333,14:04:24,76.7800,7,1
2026-04-09,000333,14:04:27,76.7800,18,2
2026-04-09,000333,14:04:30,76.7800,65,1
2026-04-09,000333,14:04:36,76.7400,22,2
2026-04-09,000333,14:04:39,76.7300,29,2
2026-04-09,000333,14:04:42,76.7400,60,4
2026-04-09,000333,14:04:45,76.7300,1,2
2026-04-09,000333,14:04:48,76.7300,4,2
2026-04-09,000333,14:04:51,76.7200,6,2
2026-04-09,000333,14:04:54,76.7200,147,1
2026-04-09,000333,14:04:57,76.7000,4,1
2026-04-09,000333,14:05:00,76.6600,16,2
2026-04-09,000333,14:05:03,76.6700,43,2
2026-04-09,000333,14:05:09,76.7000,4,1
2026-04-09,000333,14:05:12,76.7000,21,1
2026-04-09,000333,14:05:15,76.6700,3,2
2026-04-09,000333,14:05:18,76.6800,238,2
2026-04-09,000333,14:05:21,76.7000,11,1
2026-04-09,000333,14:05:24,76.7300,150,1
2026-04-09,000333,14:05:27,76.7300,14,2
2026-04-09,000333,14:05:30,76.7400,30,1
2026-04-09,000333,14:05:33,76.7500,73,1
2026-04-09,000333,14:05:36,76.7500,10,1
2026-04-09,000333,14:05:39,76.7500,12,1
2026-04-09,000333,14:05:45,76.7500,5,1
2026-04-09,000333,14:05:51,76.7200,12,2
2026-04-09,000333,14:05:54,76.7500,51,1
2026-04-09,000333,14:06:00,76.7500,14,1
2026-04-09,000333,14:06:03,76.7000,26,2
2026-04-09,000333,14:06:09,76.7500,6,1
2026-04-09,000333,14:06:12,76.7200,34,2
2026-04-09,000333,14:06:15,76.7200,3,2
2026-04-09,000333,14:06:18,76.7300,1,2
2026-04-09,000333,14:06:21,76.7300,43,2
2026-04-09,000333,14:06:24,76.7400,5,1
2026-04-09,000333,14:06:27,76.7400,15,1
2026-04-09,000333,14:06:30,76.7400,11,1
2026-04-09,000333,14:06:39,76.7400,4,1
2026-04-09,000333,14:06:42,76.7400,5,1
2026-04-09,000333,14:06:45,76.7400,2,1
2026-04-09,000333,14:06:48,76.7300,41,2
2026-04-09,000333,14:06:51,76.7700,210,1
2026-04-09,000333,14:06:54,76.7400,23,2
2026-04-09,000333,14:06:57,76.7700,44,1
2026-04-09,000333,14:07:00,76.7800,182,1
2026-04-09,000333,14:07:03,76.7500,12,2
2026-04-09,000333,14:07:06,76.7500,37,2
2026-04-09,000333,14:07:09,76.7400,33,2
2026-04-09,000333,14:07:15,76.7400,44,1
2026-04-09,000333,14:07:18,76.7300,5,2
2026-04-09,000333,14:07:21,76.7300,18,2
2026-04-09,000333,14:07:24,76.7300,1,2
2026-04-09,000333,14:07:27,76.7400,4,1
2026-04-09,000333,14:07:30,76.7300,17,2
2026-04-09,000333,14:07:33,76.7300,1,2
2026-04-09,000333,14:07:36,76.7300,21,2
2026-04-09,000333,14:07:39,76.7400,11,1
2026-04-09,000333,14:07:45,76.7400,9,1
2026-04-09,000333,14:07:48,76.7400,38,1
2026-04-09,000333,14:07:54,76.7400,48,1
2026-04-09,000333,14:07:57,76.7400,39,1
2026-04-09,000333,14:08:00,76.7400,41,1
2026-04-09,000333,14:08:03,76.7400,19,1
2026-04-09,000333,14:08:06,76.7400,76,1
2026-04-09,000333,14:08:15,76.7400,3,1
2026-04-09,000333,14:08:18,76.7300,1,2
2026-04-09,000333,14:08:21,76.7000,357,2
2026-04-09,000333,14:08:24,76.7000,16,2
2026-04-09,000333,14:08:27,76.7000,15,2
2026-04-09,000333,14:08:30,76.7100,16,1
2026-04-09,000333,14:08:33,76.7100,23,1
2026-04-09,000333,14:08:36,76.7100,22,2
2026-04-09,000333,14:08:39,76.7100,5,1
2026-04-09,000333,14:08:42,76.7100,57,1
2026-04-09,000333,14:08:45,76.7000,104,2
2026-04-09,000333,14:08:54,76.7000,15,1
2026-04-09,000333,14:08:57,76.7000,1,1
2026-04-09,000333,14:09:00,76.7000,13,1
2026-04-09,000333,14:09:03,76.7000,437,1
2026-04-09,000333,14:09:06,76.7100,61,1
2026-04-09,000333,14:09:09,76.7100,6,1
2026-04-09,000333,14:09:12,76.7100,2,1
2026-04-09,000333,14:09:15,76.7100,2,1
2026-04-09,000333,14:09:18,76.7100,14,1
2026-04-09,000333,14:09:21,76.7100,45,1
2026-04-09,000333,14:09:24,76.7100,3,1
2026-04-09,000333,14:09:27,76.7000,5,2
2026-04-09,000333,14:09:30,76.7100,50,1
2026-04-09,000333,14:09:33,76.7000,3,2
2026-04-09,000333,14:09:36,76.7100,4,1
2026-04-09,000333,14:09:39,76.7000,24,2
2026-04-09,000333,14:09:42,76.7000,4,2
2026-04-09,000333,14:09:48,76.7000,46,2
2026-04-09,000333,14:09:51,76.6900,297,2
2026-04-09,000333,14:09:54,76.6900,93,1
2026-04-09,000333,14:09:57,76.6800,4,2
2026-04-09,000333,14:10:00,76.6800,54,1
2026-04-09,000333,14:10:03,76.6800,18,1
2026-04-09,000333,14:10:06,76.6700,3,2
2026-04-09,000333,14:10:09,76.6700,19,2
2026-04-09,000333,14:10:12,76.6700,51,2
2026-04-09,000333,14:10:15,76.6700,83,1
2026-04-09,000333,14:10:18,76.6600,46,1
2026-04-09,000333,14:10:21,76.6500,11,2
2026-04-09,000333,14:10:27,76.6600,2,1
2026-04-09,000333,14:10:30,76.6600,10,1
2026-04-09,000333,14:10:33,76.6600,71,1
2026-04-09,000333,14:10:36,76.6600,2,1
2026-04-09,000333,14:10:39,76.6500,39,2
2026-04-09,000333,14:10:42,76.6600,80,1
2026-04-09,000333,14:10:45,76.6600,19,1
2026-04-09,000333,14:10:48,76.6700,28,1
2026-04-09,000333,14:10:51,76.6700,1,1
2026-04-09,000333,14:10:54,76.6600,82,2
2026-04-09,000333,14:10:57,76.6700,31,2
2026-04-09,000333,14:11:00,76.6800,20,1
2026-04-09,000333,14:11:03,76.6600,21,2
2026-04-09,000333,14:11:06,76.6600,46,2
2026-04-09,000333,14:11:09,76.6600,1,2
2026-04-09,000333,14:11:12,76.6500,10,2
2026-04-09,000333,14:11:15,76.6500,37,2
2026-04-09,000333,14:11:24,76.6600,2,1
2026-04-09,000333,14:11:27,76.6600,1,1
2026-04-09,000333,14:11:30,76.6600,21,1
2026-04-09,000333,14:11:33,76.6600,16,2
2026-04-09,000333,14:11:36,76.6500,13,2
2026-04-09,000333,14:11:39,76.6500,7,2
2026-04-09,000333,14:11:42,76.6500,15,2
2026-04-09,000333,14:11:48,76.6500,4,2
2026-04-09,000333,14:11:51,76.6600,40,1
2026-04-09,000333,14:11:54,76.6600,13,1
2026-04-09,000333,14:11:57,76.6600,1,1
2026-04-09,000333,14:12:00,76.6600,28,1
2026-04-09,000333,14:12:03,76.6600,82,4
2026-04-09,000333,14:12:06,76.6600,1,1
2026-04-09,000333,14:12:09,76.6800,109,1
2026-04-09,000333,14:12:12,76.6700,26,2
2026-04-09,000333,14:12:15,76.6800,2,1
2026-04-09,000333,14:12:18,76.6800,14,1
2026-04-09,000333,14:12:21,76.6800,16,2
2026-04-09,000333,14:12:24,76.6900,1,1
2026-04-09,000333,14:12:27,76.6800,45,2
2026-04-09,000333,14:12:30,76.6800,24,1
2026-04-09,000333,14:12:33,76.6800,21,1
2026-04-09,000333,14:12:36,76.6800,8,1
2026-04-09,000333,14:12:42,76.6800,102,1
2026-04-09,000333,14:12:48,76.6700,8,2
2026-04-09,000333,14:12:51,76.6800,60,1
2026-04-09,000333,14:12:54,76.6800,12,1
2026-04-09,000333,14:12:57,76.6900,26,1
2026-04-09,000333,14:13:00,76.6900,22,1
2026-04-09,000333,14:13:03,76.6800,6,4
2026-04-09,000333,14:13:06,76.6800,2,2
2026-04-09,000333,14:13:09,76.6800,15,2
2026-04-09,000333,14:13:12,76.6800,21,2
2026-04-09,000333,14:13:15,76.6800,41,2
2026-04-09,000333,14:13:18,76.6900,4,1
2026-04-09,000333,14:13:21,76.6800,47,2
2026-04-09,000333,14:13:24,76.7000,532,1
2026-04-09,000333,14:13:27,76.7100,232,1
2026-04-09,000333,14:13:30,76.7200,78,1
2026-04-09,000333,14:13:33,76.7200,1,2
2026-04-09,000333,14:13:36,76.7200,1,2
2026-04-09,000333,14:13:39,76.7300,49,1
2026-04-09,000333,14:13:42,76.7300,6,2
2026-04-09,000333,14:13:51,76.7200,9,2
2026-04-09,000333,14:13:54,76.7200,164,1
2026-04-09,000333,14:13:57,76.6900,108,2
2026-04-09,000333,14:14:00,76.6900,71,2
2026-04-09,000333,14:14:06,76.7000,3,2
2026-04-09,000333,14:14:09,76.7000,1,1
2026-04-09,000333,14:14:12,76.6900,46,2
2026-04-09,000333,14:14:15,76.7000,21,1
2026-04-09,000333,14:14:21,76.6900,10,2
2026-04-09,000333,14:14:24,76.7000,14,1
2026-04-09,000333,14:14:30,76.7000,13,1
2026-04-09,000333,14:14:33,76.7000,10,1
2026-04-09,000333,14:14:36,76.7000,41,1
2026-04-09,000333,14:14:39,76.7000,4,1
2026-04-09,000333,14:14:42,76.6900,6,2
2026-04-09,000333,14:14:45,76.7000,1,1
2026-04-09,000333,14:14:51,76.7000,2,1
2026-04-09,000333,14:14:54,76.6900,15,2
2026-04-09,000333,14:14:57,76.7000,102,1
2026-04-09,000333,14:15:00,76.7000,79,1
2026-04-09,000333,14:15:03,76.6900,24,2
2026-04-09,000333,14:15:06,76.6900,6,2
2026-04-09,000333,14:15:12,76.6900,2,2
2026-04-09,000333,14:15:15,76.6900,14,2
2026-04-09,000333,14:15:18,76.6800,235,2
2026-04-09,000333,14:15:21,76.6800,40,2
2026-04-09,000333,14:15:24,76.6600,82,2
2026-04-09,000333,14:15:30,76.6700,11,1
2026-04-09,000333,14:15:33,76.6600,1,2
2026-04-09,000333,14:15:36,76.6600,91,2
2026-04-09,000333,14:15:39,76.6600,17,2
2026-04-09,000333,14:15:42,76.6600,2,2
2026-04-09,000333,14:15:48,76.6600,12,2
2026-04-09,000333,14:15:51,76.6700,42,1
2026-04-09,000333,14:15:54,76.6700,43,1
2026-04-09,000333,14:16:00,76.6700,58,1
2026-04-09,000333,14:16:03,76.6600,3,4
2026-04-09,000333,14:16:06,76.6500,93,2
2026-04-09,000333,14:16:09,76.6500,18,2
2026-04-09,000333,14:16:12,76.6500,1,2
2026-04-09,000333,14:16:15,76.6400,93,2
2026-04-09,000333,14:16:18,76.6400,125,2
2026-04-09,000333,14:16:21,76.6300,4,1
2026-04-09,000333,14:16:24,76.6300,83,2
2026-04-09,000333,14:16:27,76.6200,18,2
2026-04-09,000333,14:16:30,76.6300,17,1
2026-04-09,000333,14:16:33,76.6200,2,4
2026-04-09,000333,14:16:36,76.6100,38,2
2026-04-09,000333,14:16:39,76.6100,2,2
2026-04-09,000333,14:16:42,76.6100,10,2
2026-04-09,000333,14:16:45,76.6200,46,1
2026-04-09,000333,14:16:48,76.6100,19,2
2026-04-09,000333,14:16:51,76.6100,4,2
2026-04-09,000333,14:16:54,76.6200,55,1
2026-04-09,000333,14:17:00,76.6300,190,1
2026-04-09,000333,14:17:03,76.6300,132,1
2026-04-09,000333,14:17:06,76.6300,170,1
2026-04-09,000333,14:17:09,76.6300,13,1
2026-04-09,000333,14:17:15,76.6300,33,1
2026-04-09,000333,14:17:18,76.6300,12,1
2026-04-09,000333,14:17:21,76.6100,6,2
2026-04-09,000333,14:17:24,76.6100,1,2
2026-04-09,000333,14:17:27,76.6200,1,1
2026-04-09,000333,14:17:30,76.6200,13,1
2026-04-09,000333,14:17:33,76.6200,6,1
2026-04-09,000333,14:17:39,76.6200,2,2
2026-04-09,000333,14:17:45,76.6300,1,1
2026-04-09,000333,14:17:48,76.6100,55,2
2026-04-09,000333,14:17:51,76.6100,225,2
2026-04-09,000333,14:17:54,76.6200,16,1
2026-04-09,000333,14:17:57,76.6000,51,2
2026-04-09,000333,14:18:00,76.6100,111,1
2026-04-09,000333,14:18:03,76.6000,32,2
2026-04-09,000333,14:18:06,76.5900,12,2
2026-04-09,000333,14:18:12,76.6100,56,1
2026-04-09,000333,14:18:15,76.6100,18,1
2026-04-09,000333,14:18:18,76.6100,20,1
2026-04-09,000333,14:18:21,76.6100,8,1
2026-04-09,000333,14:18:24,76.6100,53,1
2026-04-09,000333,14:18:27,76.6000,2,2
2026-04-09,000333,14:18:30,76.6100,37,1
2026-04-09,000333,14:18:33,76.6100,26,1
2026-04-09,000333,14:18:36,76.6100,49,1
2026-04-09,000333,14:18:39,76.6100,12,1
2026-04-09,000333,14:18:42,76.6200,8,1
2026-04-09,000333,14:18:45,76.6200,1,1
2026-04-09,000333,14:18:51,76.6200,3,1
2026-04-09,000333,14:18:54,76.6200,23,1
2026-04-09,000333,14:18:57,76.6200,32,1
2026-04-09,000333,14:19:00,76.6200,15,1
2026-04-09,000333,14:19:03,76.6300,58,1
2026-04-09,000333,14:19:06,76.6300,37,1
2026-04-09,000333,14:19:12,76.6200,6,2
2026-04-09,000333,14:19:15,76.6300,3,1
2026-04-09,000333,14:19:18,76.6300,2,1
2026-04-09,000333,14:19:24,76.6200,4,2
2026-04-09,000333,14:19:27,76.6200,515,2
2026-04-09,000333,14:19:30,76.6200,17,2
2026-04-09,000333,14:19:33,76.6000,102,2
2026-04-09,000333,14:19:36,76.5900,40,2
2026-04-09,000333,14:19:39,76.5900,4,2
2026-04-09,000333,14:19:42,76.5900,9,2
2026-04-09,000333,14:19:45,76.5900,45,2
2026-04-09,000333,14:19:54,76.6000,33,1
2026-04-09,000333,14:19:57,76.6000,4,1
2026-04-09,000333,14:20:00,76.6000,52,1
2026-04-09,000333,14:20:03,76.6000,1,1
2026-04-09,000333,14:20:06,76.6000,93,1
2026-04-09,000333,14:20:09,76.5900,34,4
2026-04-09,000333,14:20:12,76.6000,66,1
2026-04-09,000333,14:20:15,76.6000,14,1
2026-04-09,000333,14:20:18,76.6000,14,1
2026-04-09,000333,14:20:21,76.6000,5,1
2026-04-09,000333,14:20:24,76.6000,173,1
2026-04-09,000333,14:20:27,76.6100,9,1
2026-04-09,000333,14:20:30,76.6000,36,2
2026-04-09,000333,14:20:33,76.6100,6,4
2026-04-09,000333,14:20:36,76.6200,97,1
2026-04-09,000333,14:20:39,76.6200,4,2
2026-04-09,000333,14:20:48,76.6100,1,2
2026-04-09,000333,14:20:51,76.6100,13,2
2026-04-09,000333,14:20:54,76.6200,15,1
2026-04-09,000333,14:20:57,76.6100,1,2
2026-04-09,000333,14:21:00,76.6200,6,1
2026-04-09,000333,14:21:03,76.6100,21,2
2026-04-09,000333,14:21:06,76.6300,47,1
2026-04-09,000333,14:21:09,76.6200,4,2
2026-04-09,000333,14:21:12,76.6200,2,4
2026-04-09,000333,14:21:15,76.6200,23,2
2026-04-09,000333,14:21:18,76.6200,6,2
2026-04-09,000333,14:21:21,76.6300,25,1
2026-04-09,000333,14:21:24,76.6200,8,2
2026-04-09,000333,14:21:27,76.6200,20,2
2026-04-09,000333,14:21:30,76.6200,30,2
2026-04-09,000333,14:21:33,76.6200,6,2
2026-04-09,000333,14:21:36,76.6200,44,2
2026-04-09,000333,14:21:39,76.6200,16,1
2026-04-09,000333,14:21:42,76.6200,24,2
2026-04-09,000333,14:21:45,76.6100,22,2
2026-04-09,000333,14:21:48,76.6200,3,1
2026-04-09,000333,14:21:51,76.6100,32,2
2026-04-09,000333,14:21:54,76.6100,129,2
2026-04-09,000333,14:21:57,76.6100,5,2
2026-04-09,000333,14:22:00,76.6200,36,1
2026-04-09,000333,14:22:03,76.6100,11,2
2026-04-09,000333,14:22:06,76.6100,21,2
2026-04-09,000333,14:22:12,76.6100,24,2
2026-04-09,000333,14:22:15,76.6100,46,2
2026-04-09,000333,14:22:18,76.6100,21,2
2026-04-09,000333,14:22:21,76.6100,32,2
2026-04-09,000333,14:22:24,76.6100,81,2
2026-04-09,000333,14:22:27,76.6100,31,2
2026-04-09,000333,14:22:30,76.6100,19,1
2026-04-09,000333,14:22:33,76.6100,3,1
2026-04-09,000333,14:22:36,76.6100,57,1
2026-04-09,000333,14:22:39,76.6100,11,1
2026-04-09,000333,14:22:42,76.6100,2,1
2026-04-09,000333,14:22:45,76.6100,20,1
2026-04-09,000333,14:22:48,76.6100,7,1
2026-04-09,000333,14:22:51,76.6200,338,1
2026-04-09,000333,14:22:54,76.6300,113,1
2026-04-09,000333,14:22:57,76.6300,319,1
2026-04-09,000333,14:23:00,76.6500,47,1
2026-04-09,000333,14:23:03,76.6500,174,1
2026-04-09,000333,14:23:06,76.6500,28,1
2026-04-09,000333,14:23:09,76.6500,14,1
2026-04-09,000333,14:23:12,76.6500,10,1
2026-04-09,000333,14:23:15,76.6600,43,1
2026-04-09,000333,14:23:18,76.6600,26,2
2026-04-09,000333,14:23:21,76.6700,4,1
2026-04-09,000333,14:23:24,76.6700,11,1
2026-04-09,000333,14:23:27,76.6700,1,1
2026-04-09,000333,14:23:30,76.6800,18,1
2026-04-09,000333,14:23:33,76.6800,122,2
2026-04-09,000333,14:23:36,76.7000,112,1
2026-04-09,000333,14:23:39,76.6900,4,2
2026-04-09,000333,14:23:42,76.6800,44,2
2026-04-09,000333,14:23:45,76.7000,93,1
2026-04-09,000333,14:23:48,76.6800,59,2
2026-04-09,000333,14:23:51,76.6800,32,2
2026-04-09,000333,14:23:54,76.7000,86,1
2026-04-09,000333,14:23:57,76.6800,4,2
2026-04-09,000333,14:24:00,76.7000,14,1
2026-04-09,000333,14:24:03,76.6800,4,2
2026-04-09,000333,14:24:06,76.6800,7,2
2026-04-09,000333,14:24:09,76.6900,30,1
2026-04-09,000333,14:24:12,76.6800,9,2
2026-04-09,000333,14:24:15,76.6900,9,1
2026-04-09,000333,14:24:18,76.6800,7,2
2026-04-09,000333,14:24:21,76.6700,21,2
2026-04-09,000333,14:24:24,76.6700,118,2
2026-04-09,000333,14:24:27,76.6600,20,2
2026-04-09,000333,14:24:30,76.6700,151,1
2026-04-09,000333,14:24:33,76.6500,1,2
2026-04-09,000333,14:24:36,76.6500,33,2
2026-04-09,000333,14:24:39,76.6400,74,2
2026-04-09,000333,14:24:42,76.6200,19,2
2026-04-09,000333,14:24:45,76.6100,49,2
2026-04-09,000333,14:24:48,76.6500,72,1
2026-04-09,000333,14:24:51,76.6400,32,4
2026-04-09,000333,14:24:54,76.6400,45,2
2026-04-09,000333,14:24:57,76.6400,12,1
2026-04-09,000333,14:25:00,76.6400,38,1
2026-04-09,000333,14:25:03,76.6300,24,2
2026-04-09,000333,14:25:06,76.6300,65,2
2026-04-09,000333,14:25:09,76.6300,34,2
2026-04-09,000333,14:25:12,76.6400,5,1
2026-04-09,000333,14:25:15,76.6400,13,1
2026-04-09,000333,14:25:18,76.6300,12,2
2026-04-09,000333,14:25:21,76.6300,51,1
2026-04-09,000333,14:25:24,76.6300,5,1
2026-04-09,000333,14:25:27,76.6200,5,2
2026-04-09,000333,14:25:30,76.6300,26,1
2026-04-09,000333,14:25:33,76.6200,13,2
2026-04-09,000333,14:25:36,76.6300,42,1
2026-04-09,000333,14:25:39,76.6300,10,1
2026-04-09,000333,14:25:42,76.6300,6,1
2026-04-09,000333,14:25:45,76.6200,63,2
2026-04-09,000333,14:25:48,76.6200,3,2
2026-04-09,000333,14:25:51,76.6200,35,2
2026-04-09,000333,14:25:54,76.6300,19,1
2026-04-09,000333,14:25:57,76.6200,6,2
2026-04-09,000333,14:26:00,76.6200,16,2
2026-04-09,000333,14:26:03,76.6200,6,2
2026-04-09,000333,14:26:06,76.6300,16,1
2026-04-09,000333,14:26:12,76.6300,35,1
2026-04-09,000333,14:26:15,76.6300,6,1
2026-04-09,000333,14:26:18,76.6300,32,1
2026-04-09,000333,14:26:21,76.6300,2,1
2026-04-09,000333,14:26:24,76.6300,1,1
2026-04-09,000333,14:26:30,76.6300,23,1
2026-04-09,000333,14:26:33,76.6200,9,2
2026-04-09,000333,14:26:36,76.6300,1,1
2026-04-09,000333,14:26:39,76.6300,1,1
2026-04-09,000333,14:26:45,76.6300,1,1
2026-04-09,000333,14:26:48,76.6200,1,2
2026-04-09,000333,14:26:51,76.6300,46,1
2026-04-09,000333,14:26:54,76.6300,74,1
2026-04-09,000333,14:26:57,76.6300,10,1
2026-04-09,000333,14:27:00,76.6300,113,1
2026-04-09,000333,14:27:03,76.6200,25,2
2026-04-09,000333,14:27:06,76.6200,43,2
2026-04-09,000333,14:27:09,76.6300,30,1
2026-04-09,000333,14:27:12,76.6300,68,1
2026-04-09,000333,14:27:15,76.6200,70,2
2026-04-09,000333,14:27:18,76.6100,9,2
2026-04-09,000333,14:27:21,76.6200,15,4
2026-04-09,000333,14:27:24,76.6100,36,2
2026-04-09,000333,14:27:27,76.6100,2,2
2026-04-09,000333,14:27:30,76.6100,77,2
2026-04-09,000333,14:27:33,76.6200,208,1
2026-04-09,000333,14:27:36,76.6000,45,2
2026-04-09,000333,14:27:39,76.6000,19,2
2026-04-09,000333,14:27:42,76.6000,57,2
2026-04-09,000333,14:27:45,76.5900,63,2
2026-04-09,000333,14:27:48,76.6000,38,1
2026-04-09,000333,14:27:54,76.5900,17,1
2026-04-09,000333,14:27:57,76.5900,1,1
2026-04-09,000333,14:28:00,76.5800,28,2
2026-04-09,000333,14:28:03,76.5600,61,2
2026-04-09,000333,14:28:06,76.5600,12,2
2026-04-09,000333,14:28:09,76.5700,303,1
2026-04-09,000333,14:28:12,76.5800,47,1
2026-04-09,000333,14:28:15,76.5800,132,1
2026-04-09,000333,14:28:18,76.5500,52,2
2026-04-09,000333,14:28:21,76.5800,6,1
2026-04-09,000333,14:28:24,76.5800,31,1
2026-04-09,000333,14:28:27,76.5700,2,2
2026-04-09,000333,14:28:30,76.5900,36,1
2026-04-09,000333,14:28:33,76.6000,4,1
2026-04-09,000333,14:28:36,76.5900,3,2
2026-04-09,000333,14:28:39,76.6100,39,1
2026-04-09,000333,14:28:42,76.5900,27,2
2026-04-09,000333,14:28:45,76.5900,21,2
2026-04-09,000333,14:28:48,76.5800,54,2
2026-04-09,000333,14:28:51,76.6100,8,1
2026-04-09,000333,14:28:54,76.6100,43,1
2026-04-09,000333,14:28:57,76.6000,2,2
2026-04-09,000333,14:29:00,76.6100,24,1
2026-04-09,000333,14:29:03,76.6000,7,2
2026-04-09,000333,14:29:06,76.6000,11,2
2026-04-09,000333,14:29:09,76.6100,14,1
2026-04-09,000333,14:29:12,76.6100,11,1
2026-04-09,000333,14:29:18,76.6100,2,1
2026-04-09,000333,14:29:24,76.6000,1,2
2026-04-09,000333,14:29:27,76.6000,106,2
2026-04-09,000333,14:29:30,76.6100,87,1
2026-04-09,000333,14:29:33,76.6000,1,2
2026-04-09,000333,14:29:39,76.6000,55,2
2026-04-09,000333,14:29:45,76.5900,34,2
2026-04-09,000333,14:29:48,76.6000,16,1
2026-04-09,000333,14:29:51,76.5900,3,2
2026-04-09,000333,14:29:54,76.6000,13,1
2026-04-09,000333,14:29:57,76.6000,59,1
2026-04-09,000333,14:30:00,76.6200,268,1
2026-04-09,000333,14:30:03,76.6200,28,1
2026-04-09,000333,14:30:06,76.6200,109,1
2026-04-09,000333,14:30:09,76.6100,78,2
2026-04-09,000333,14:30:12,76.6200,4,1
2026-04-09,000333,14:30:15,76.6200,3,1
2026-04-09,000333,14:30:18,76.6200,2,1
2026-04-09,000333,14:30:21,76.6200,46,1
2026-04-09,000333,14:30:24,76.6200,10,1
2026-04-09,000333,14:30:27,76.6200,33,2
2026-04-09,000333,14:30:30,76.6200,42,1
2026-04-09,000333,14:30:33,76.6100,63,2
2026-04-09,000333,14:30:39,76.6100,81,2
2026-04-09,000333,14:30:42,76.6200,2,1
2026-04-09,000333,14:30:45,76.6200,3,1
2026-04-09,000333,14:30:48,76.6100,1,2
2026-04-09,000333,14:30:51,76.6100,36,2
2026-04-09,000333,14:30:54,76.6200,68,1
2026-04-09,000333,14:30:57,76.6200,55,1
2026-04-09,000333,14:31:00,76.6200,54,1
2026-04-09,000333,14:31:03,76.6100,5,2
2026-04-09,000333,14:31:06,76.6100,157,2
2026-04-09,000333,14:31:09,76.6100,35,2
2026-04-09,000333,14:31:12,76.6000,114,2
2026-04-09,000333,14:31:15,76.6000,31,2
2026-04-09,000333,14:31:18,76.6100,2,1
2026-04-09,000333,14:31:21,76.6000,29,2
2026-04-09,000333,14:31:24,76.6000,6,4
2026-04-09,000333,14:31:27,76.6000,35,2
2026-04-09,000333,14:31:30,76.6100,22,1
2026-04-09,000333,14:31:33,76.6000,25,2
2026-04-09,000333,14:31:36,76.6000,25,1
2026-04-09,000333,14:31:39,76.6000,16,1
2026-04-09,000333,14:31:42,76.6000,55,2
2026-04-09,000333,14:31:45,76.6000,26,1
2026-04-09,000333,14:31:48,76.6000,14,1
2026-04-09,000333,14:31:54,76.6100,15,1
2026-04-09,000333,14:31:57,76.6000,2,2
2026-04-09,000333,14:32:00,76.6100,10,1
2026-04-09,000333,14:32:03,76.6000,5,2
2026-04-09,000333,14:32:09,76.6100,37,1
2026-04-09,000333,14:32:12,76.6000,4,2
2026-04-09,000333,14:32:15,76.6000,120,2
2026-04-09,000333,14:32:18,76.6000,11,2
2026-04-09,000333,14:32:21,76.6000,5,4
2026-04-09,000333,14:32:24,76.6000,4,2
2026-04-09,000333,14:32:27,76.6000,3,2
2026-04-09,000333,14:32:30,76.6100,92,1
2026-04-09,000333,14:32:33,76.6100,66,1
2026-04-09,000333,14:32:36,76.6100,13,1
2026-04-09,000333,14:32:39,76.6100,30,1
2026-04-09,000333,14:32:42,76.6100,8,1
2026-04-09,000333,14:32:45,76.6200,24,1
2026-04-09,000333,14:32:48,76.6000,35,2
2026-04-09,000333,14:32:51,76.6000,18,1
2026-04-09,000333,14:32:54,76.5900,103,2
2026-04-09,000333,14:32:57,76.5900,105,2
2026-04-09,000333,14:33:00,76.6000,193,1
2026-04-09,000333,14:33:03,76.5900,32,2
2026-04-09,000333,14:33:06,76.5900,13,2
2026-04-09,000333,14:33:09,76.5900,119,2
2026-04-09,000333,14:33:15,76.5900,48,1
2026-04-09,000333,14:33:18,76.5800,49,2
2026-04-09,000333,14:33:21,76.5900,27,1
2026-04-09,000333,14:33:24,76.5900,42,1
2026-04-09,000333,14:33:27,76.5900,2,2
2026-04-09,000333,14:33:30,76.6000,36,1
2026-04-09,000333,14:33:33,76.5800,29,2
2026-04-09,000333,14:33:36,76.5800,37,2
2026-04-09,000333,14:33:39,76.5800,27,2
2026-04-09,000333,14:33:42,76.5900,96,1
2026-04-09,000333,14:33:45,76.5700,91,2
2026-04-09,000333,14:33:48,76.5900,12,1
2026-04-09,000333,14:33:51,76.5900,41,1
2026-04-09,000333,14:33:54,76.5900,24,1
2026-04-09,000333,14:33:57,76.5900,23,1
2026-04-09,000333,14:34:00,76.5800,36,2
2026-04-09,000333,14:34:03,76.5900,26,1
2026-04-09,000333,14:34:06,76.5900,19,1
2026-04-09,000333,14:34:09,76.5900,60,1
2026-04-09,000333,14:34:12,76.5900,9,1
2026-04-09,000333,14:34:15,76.6000,9,1
2026-04-09,000333,14:34:18,76.6000,10,1
2026-04-09,000333,14:34:21,76.5900,20,2
2026-04-09,000333,14:34:24,76.5800,70,2
2026-04-09,000333,14:34:27,76.5800,19,2
2026-04-09,000333,14:34:30,76.5700,15,2
2026-04-09,000333,14:34:33,76.5700,31,2
2026-04-09,000333,14:34:36,76.5800,4,1
2026-04-09,000333,14:34:39,76.5800,42,1
2026-04-09,000333,14:34:42,76.5700,59,2
2026-04-09,000333,14:34:45,76.5700,1,2
2026-04-09,000333,14:34:48,76.5700,88,2
2026-04-09,000333,14:34:51,76.5800,3,2
2026-04-09,000333,14:34:54,76.5900,86,1
2026-04-09,000333,14:34:57,76.5800,20,2
2026-04-09,000333,14:35:00,76.6100,80,1
2026-04-09,000333,14:35:03,76.5900,3,4
2026-04-09,000333,14:35:06,76.5800,49,2
2026-04-09,000333,14:35:09,76.5700,3,2
2026-04-09,000333,14:35:12,76.5700,6,2
2026-04-09,000333,14:35:15,76.5600,19,2
2026-04-09,000333,14:35:18,76.5600,64,2
2026-04-09,000333,14:35:21,76.5600,5,2
2026-04-09,000333,14:35:24,76.5700,26,1
2026-04-09,000333,14:35:27,76.5600,50,2
2026-04-09,000333,14:35:30,76.5600,57,1
2026-04-09,000333,14:35:33,76.5400,48,2
2026-04-09,000333,14:35:36,76.5500,10,2
2026-04-09,000333,14:35:39,76.5500,55,1
2026-04-09,000333,14:35:42,76.5500,29,2
2026-04-09,000333,14:35:45,76.5600,90,1
2026-04-09,000333,14:35:48,76.5700,1,1
2026-04-09,000333,14:35:51,76.5800,73,1
2026-04-09,000333,14:35:54,76.5800,8,1
2026-04-09,000333,14:35:57,76.5700,6,2
2026-04-09,000333,14:36:00,76.5700,37,2
2026-04-09,000333,14:36:03,76.5600,3,2
2026-04-09,000333,14:36:06,76.5700,6,1
2026-04-09,000333,14:36:09,76.5700,122,1
2026-04-09,000333,14:36:12,76.5700,1,1
2026-04-09,000333,14:36:15,76.5700,9,1
2026-04-09,000333,14:36:18,76.5700,53,1
2026-04-09,000333,14:36:21,76.5700,11,1
2026-04-09,000333,14:36:24,76.5700,9,1
2026-04-09,000333,14:36:27,76.5700,35,2
2026-04-09,000333,14:36:30,76.5800,89,1
2026-04-09,000333,14:36:36,76.5700,9,1
2026-04-09,000333,14:36:39,76.5600,36,2
2026-04-09,000333,14:36:42,76.5600,2,2
2026-04-09,000333,14:36:48,76.5600,40,2
2026-04-09,000333,14:36:51,76.5600,1,2
2026-04-09,000333,14:36:54,76.5700,13,1
2026-04-09,000333,14:36:57,76.5600,38,2
2026-04-09,000333,14:37:00,76.5700,74,1
2026-04-09,000333,14:37:03,76.5600,2,4
2026-04-09,000333,14:37:06,76.5700,8,1
2026-04-09,000333,14:37:09,76.5700,60,1
2026-04-09,000333,14:37:12,76.5800,13,1
2026-04-09,000333,14:37:15,76.5700,10,2
2026-04-09,000333,14:37:18,76.5700,29,2
2026-04-09,000333,14:37:21,76.5800,13,1
2026-04-09,000333,14:37:24,76.5700,12,2
2026-04-09,000333,14:37:27,76.5700,8,2
2026-04-09,000333,14:37:30,76.5700,29,2
2026-04-09,000333,14:37:33,76.5600,29,2
2026-04-09,000333,14:37:36,76.5500,58,2
2026-04-09,000333,14:37:39,76.5500,38,2
2026-04-09,000333,14:37:42,76.5500,136,2
2026-04-09,000333,14:37:45,76.5400,36,2
2026-04-09,000333,14:37:48,76.5200,59,2
2026-04-09,000333,14:37:51,76.5300,139,1
2026-04-09,000333,14:37:54,76.5300,27,1
2026-04-09,000333,14:37:57,76.5300,41,1
2026-04-09,000333,14:38:00,76.5300,25,1
2026-04-09,000333,14:38:03,76.5100,12,2
2026-04-09,000333,14:38:06,76.5100,31,2
2026-04-09,000333,14:38:09,76.5200,10,1
2026-04-09,000333,14:38:12,76.5100,45,2
2026-04-09,000333,14:38:15,76.5100,54,1
2026-04-09,000333,14:38:18,76.5200,12,1
2026-04-09,000333,14:38:24,76.5300,74,1
2026-04-09,000333,14:38:30,76.5400,17,1
2026-04-09,000333,14:38:33,76.5300,86,2
2026-04-09,000333,14:38:36,76.5100,13,2
2026-04-09,000333,14:38:39,76.5000,20,2
2026-04-09,000333,14:38:42,76.5200,66,1
2026-04-09,000333,14:38:45,76.5100,402,2
2026-04-09,000333,14:38:48,76.5200,14,1
2026-04-09,000333,14:38:51,76.5100,26,2
2026-04-09,000333,14:38:54,76.5200,60,1
2026-04-09,000333,14:38:57,76.5200,13,1
2026-04-09,000333,14:39:00,76.5200,14,1
2026-04-09,000333,14:39:03,76.5000,60,2
2026-04-09,000333,14:39:06,76.5100,1,1
2026-04-09,000333,14:39:09,76.5100,25,1
2026-04-09,000333,14:39:12,76.5100,95,2
2026-04-09,000333,14:39:15,76.5200,3,1
2026-04-09,000333,14:39:18,76.5300,18,1
2026-04-09,000333,14:39:21,76.5200,43,2
2026-04-09,000333,14:39:24,76.5100,19,2
2026-04-09,000333,14:39:27,76.5100,2,2
2026-04-09,000333,14:39:30,76.5100,52,2
2026-04-09,000333,14:39:33,76.5200,3,4
2026-04-09,000333,14:39:36,76.5200,60,2
2026-04-09,000333,14:39:42,76.5200,13,2
2026-04-09,000333,14:39:45,76.5200,9,2
2026-04-09,000333,14:39:48,76.5200,14,2
2026-04-09,000333,14:39:51,76.5200,50,2
2026-04-09,000333,14:39:54,76.5300,42,1
2026-04-09,000333,14:39:57,76.5400,4,1
2026-04-09,000333,14:40:00,76.5400,89,1
2026-04-09,000333,14:40:03,76.5400,18,1
2026-04-09,000333,14:40:06,76.5300,59,2
2026-04-09,000333,14:40:09,76.5200,56,2
2026-04-09,000333,14:40:12,76.5100,42,2
2026-04-09,000333,14:40:15,76.5300,1,1
2026-04-09,000333,14:40:18,76.5200,71,2
2026-04-09,000333,14:40:21,76.5100,49,2
2026-04-09,000333,14:40:24,76.5200,17,1
2026-04-09,000333,14:40:27,76.5100,364,2
2026-04-09,000333,14:40:30,76.5100,29,1
2026-04-09,000333,14:40:33,76.5100,21,2
2026-04-09,000333,14:40:36,76.5000,135,2
2026-04-09,000333,14:40:39,76.5000,25,2
2026-04-09,000333,14:40:42,76.5000,112,2
2026-04-09,000333,14:40:45,76.5000,104,2
2026-04-09,000333,14:40:48,76.4900,30,2
2026-04-09,000333,14:40:51,76.5000,22,1
2026-04-09,000333,14:40:54,76.5000,12,1
2026-04-09,000333,14:40:57,76.4900,83,2
2026-04-09,000333,14:41:00,76.5000,188,1
2026-04-09,000333,14:41:03,76.5000,32,1
2026-04-09,000333,14:41:06,76.4900,32,2
2026-04-09,000333,14:41:09,76.4800,66,2
2026-04-09,000333,14:41:12,76.4800,5,2
2026-04-09,000333,14:41:15,76.4800,102,2
2026-04-09,000333,14:41:18,76.4900,115,1
2026-04-09,000333,14:41:21,76.4800,15,2
2026-04-09,000333,14:41:24,76.4500,46,2
2026-04-09,000333,14:41:27,76.4500,64,2
2026-04-09,000333,14:41:30,76.4600,50,1
2026-04-09,000333,14:41:33,76.4500,153,2
2026-04-09,000333,14:41:36,76.4300,57,2
2026-04-09,000333,14:41:39,76.4600,31,1
2026-04-09,000333,14:41:42,76.4400,41,2
2026-04-09,000333,14:41:45,76.4400,74,2
2026-04-09,000333,14:41:48,76.4400,110,2
2026-04-09,000333,14:41:51,76.4800,32,1
2026-04-09,000333,14:41:54,76.4800,27,2
2026-04-09,000333,14:41:57,76.4800,34,2
2026-04-09,000333,14:42:00,76.4900,57,1
2026-04-09,000333,14:42:03,76.4900,94,2
2026-04-09,000333,14:42:06,76.5100,14,1
2026-04-09,000333,14:42:09,76.4900,11,2
2026-04-09,000333,14:42:12,76.4800,6,2
2026-04-09,000333,14:42:15,76.5000,164,1
2026-04-09,000333,14:42:18,76.5000,52,2
2026-04-09,000333,14:42:21,76.5000,76,2
2026-04-09,000333,14:42:24,76.4800,4,2
2026-04-09,000333,14:42:27,76.5000,78,1
2026-04-09,000333,14:42:30,76.5000,83,2
2026-04-09,000333,14:42:33,76.5100,126,1
2026-04-09,000333,14:42:36,76.5000,5,2
2026-04-09,000333,14:42:39,76.5000,53,2
2026-04-09,000333,14:42:42,76.4900,18,2
2026-04-09,000333,14:42:45,76.5000,15,1
2026-04-09,000333,14:42:51,76.5100,91,1
2026-04-09,000333,14:42:54,76.5100,98,1
2026-04-09,000333,14:42:57,76.5200,24,1
2026-04-09,000333,14:43:00,76.5000,76,2
2026-04-09,000333,14:43:03,76.5000,7,2
2026-04-09,000333,14:43:06,76.5100,32,1
2026-04-09,000333,14:43:09,76.5100,42,1
2026-04-09,000333,14:43:12,76.5000,54,2
2026-04-09,000333,14:43:15,76.5100,20,1
2026-04-09,000333,14:43:18,76.5100,8,1
2026-04-09,000333,14:43:21,76.5100,53,1
2026-04-09,000333,14:43:24,76.5100,5,1
2026-04-09,000333,14:43:27,76.5100,5,1
2026-04-09,000333,14:43:30,76.5100,56,1
2026-04-09,000333,14:43:33,76.5100,156,1
2026-04-09,000333,14:43:36,76.5000,1,2
2026-04-09,000333,14:43:39,76.5100,70,1
2026-04-09,000333,14:43:42,76.5100,1,1
2026-04-09,000333,14:43:45,76.5100,1,1
2026-04-09,000333,14:43:48,76.5000,6,2
2026-04-09,000333,14:43:51,76.5000,77,2
2026-04-09,000333,14:43:54,76.5100,15,1
2026-04-09,000333,14:43:57,76.5000,56,2
2026-04-09,000333,14:44:00,76.5100,17,2
2026-04-09,000333,14:44:03,76.5000,38,2
2026-04-09,000333,14:44:06,76.5000,4,2
2026-04-09,000333,14:44:09,76.5100,125,1
2026-04-09,000333,14:44:12,76.5100,1,1
2026-04-09,000333,14:44:15,76.5000,11,2
2026-04-09,000333,14:44:18,76.5000,1,2
2026-04-09,000333,14:44:21,76.5100,139,1
2026-04-09,000333,14:44:24,76.5100,13,1
2026-04-09,000333,14:44:27,76.5000,1,2
2026-04-09,000333,14:44:30,76.5100,92,1
2026-04-09,000333,14:44:33,76.5200,28,1
2026-04-09,000333,14:44:36,76.5000,15,2
2026-04-09,000333,14:44:39,76.5000,29,2
2026-04-09,000333,14:44:42,76.5100,168,1
2026-04-09,000333,14:44:45,76.5200,37,2
2026-04-09,000333,14:44:48,76.5300,40,4
2026-04-09,000333,14:44:51,76.5300,8,2
2026-04-09,000333,14:44:54,76.5400,60,1
2026-04-09,000333,14:44:57,76.5400,217,1
2026-04-09,000333,14:45:00,76.5400,311,1
2026-04-09,000333,14:45:03,76.5500,48,1
2026-04-09,000333,14:45:06,76.5600,39,1
2026-04-09,000333,14:45:09,76.5600,3,1
2026-04-09,000333,14:45:12,76.5600,24,2
2026-04-09,000333,14:45:15,76.5700,13,4
2026-04-09,000333,14:45:18,76.5700,2,2
2026-04-09,000333,14:45:21,76.5800,31,1
2026-04-09,000333,14:45:24,76.5700,12,4
2026-04-09,000333,14:45:27,76.5700,17,2
2026-04-09,000333,14:45:30,76.5800,24,1
2026-04-09,000333,14:45:33,76.5700,4,2
2026-04-09,000333,14:45:36,76.5800,157,1
2026-04-09,000333,14:45:39,76.5800,34,2
2026-04-09,000333,14:45:42,76.5700,26,2
2026-04-09,000333,14:45:45,76.5800,1,1
2026-04-09,000333,14:45:48,76.5700,29,2
2026-04-09,000333,14:45:51,76.5700,7,2
2026-04-09,000333,14:45:54,76.5800,113,1
2026-04-09,000333,14:45:57,76.5800,16,1
2026-04-09,000333,14:46:00,76.5800,58,1
2026-04-09,000333,14:46:03,76.5900,27,1
2026-04-09,000333,14:46:06,76.5900,17,2
2026-04-09,000333,14:46:09,76.6000,63,1
2026-04-09,000333,14:46:12,76.5700,118,2
2026-04-09,000333,14:46:15,76.5800,3,1
2026-04-09,000333,14:46:18,76.5700,112,4
2026-04-09,000333,14:46:21,76.5700,33,4
2026-04-09,000333,14:46:24,76.5700,58,4
2026-04-09,000333,14:46:27,76.5600,3,2
2026-04-09,000333,14:46:30,76.5800,53,1
2026-04-09,000333,14:46:33,76.5700,6,4
2026-04-09,000333,14:46:36,76.5700,29,1
2026-04-09,000333,14:46:39,76.5800,13,1
2026-04-09,000333,14:46:42,76.5700,23,2
2026-04-09,000333,14:46:45,76.5700,1,2
2026-04-09,000333,14:46:48,76.5600,13,2
2026-04-09,000333,14:46:51,76.5700,8,1
2026-04-09,000333,14:46:54,76.5600,62,2
2026-04-09,000333,14:46:57,76.5700,21,2
2026-04-09,000333,14:47:00,76.5600,77,2
2026-04-09,000333,14:47:03,76.5600,10,2
2026-04-09,000333,14:47:06,76.5600,2,1
2026-04-09,000333,14:47:09,76.5500,49,2
2026-04-09,000333,14:47:12,76.5400,57,2
2026-04-09,000333,14:47:15,76.5400,78,2
2026-04-09,000333,14:47:18,76.5300,26,2
2026-04-09,000333,14:47:21,76.5400,7,2
2026-04-09,000333,14:47:24,76.5400,14,1
2026-04-09,000333,14:47:27,76.5300,48,2
2026-04-09,000333,14:47:30,76.5300,85,1
2026-04-09,000333,14:47:33,76.5200,112,2
2026-04-09,000333,14:47:36,76.5300,13,1
2026-04-09,000333,14:47:39,76.5100,46,2
2026-04-09,000333,14:47:42,76.5100,77,2
2026-04-09,000333,14:47:45,76.5200,5,2
2026-04-09,000333,14:47:48,76.5200,4,2
2026-04-09,000333,14:47:51,76.5100,21,2
2026-04-09,000333,14:47:54,76.5000,132,2
2026-04-09,000333,14:47:57,76.5100,100,1
2026-04-09,000333,14:48:00,76.5100,46,1
2026-04-09,000333,14:48:03,76.5000,73,2
2026-04-09,000333,14:48:09,76.5200,68,1
2026-04-09,000333,14:48:12,76.5000,77,2
2026-04-09,000333,14:48:18,76.5000,7,2
2026-04-09,000333,14:48:21,76.5200,15,1
2026-04-09,000333,14:48:24,76.5000,76,2
2026-04-09,000333,14:48:27,76.5000,11,2
2026-04-09,000333,14:48:30,76.5100,11,1
2026-04-09,000333,14:48:33,76.5000,6,2
2026-04-09,000333,14:48:36,76.5200,106,1
2026-04-09,000333,14:48:39,76.5200,72,1
2026-04-09,000333,14:48:45,76.5200,82,2
2026-04-09,000333,14:48:48,76.5200,11,2
2026-04-09,000333,14:48:51,76.5100,42,2
2026-04-09,000333,14:48:54,76.5100,65,2
2026-04-09,000333,14:48:57,76.5300,4,1
2026-04-09,000333,14:49:00,76.5300,82,1
2026-04-09,000333,14:49:03,76.5300,49,1
2026-04-09,000333,14:49:06,76.5300,6,4
2026-04-09,000333,14:49:09,76.5300,77,1
2026-04-09,000333,14:49:12,76.5300,11,1
2026-04-09,000333,14:49:15,76.5100,99,2
2026-04-09,000333,14:49:18,76.5300,9,1
2026-04-09,000333,14:49:21,76.5200,13,4
2026-04-09,000333,14:49:24,76.5300,328,1
2026-04-09,000333,14:49:27,76.5300,20,1
2026-04-09,000333,14:49:30,76.5500,12,1
2026-04-09,000333,14:49:33,76.5400,26,2
2026-04-09,000333,14:49:36,76.5500,12,1
2026-04-09,000333,14:49:39,76.5500,3,2
2026-04-09,000333,14:49:45,76.5600,8,1
2026-04-09,000333,14:49:48,76.5600,5,1
2026-04-09,000333,14:49:51,76.5600,9,1
2026-04-09,000333,14:49:54,76.5600,50,1
2026-04-09,000333,14:49:57,76.5700,42,1
2026-04-09,000333,14:50:00,76.5700,80,1
2026-04-09,000333,14:50:03,76.5700,24,1
2026-04-09,000333,14:50:06,76.5600,17,2
2026-04-09,000333,14:50:09,76.5600,20,2
2026-04-09,000333,14:50:15,76.5600,3,2
2026-04-09,000333,14:50:18,76.5700,33,1
2026-04-09,000333,14:50:21,76.5700,21,1
2026-04-09,000333,14:50:24,76.5700,4,1
2026-04-09,000333,14:50:27,76.5700,9,1
2026-04-09,000333,14:50:30,76.5700,43,1
2026-04-09,000333,14:50:33,76.5700,53,1
2026-04-09,000333,14:50:36,76.5700,57,1
2026-04-09,000333,14:50:39,76.5600,7,4
2026-04-09,000333,14:50:42,76.5600,2,1
2026-04-09,000333,14:50:45,76.5600,15,1
2026-04-09,000333,14:50:48,76.5500,19,2
2026-04-09,000333,14:50:51,76.5800,245,1
2026-04-09,000333,14:50:54,76.5600,33,2
2026-04-09,000333,14:50:57,76.5700,5,2
2026-04-09,000333,14:51:00,76.5800,24,1
2026-04-09,000333,14:51:03,76.5800,12,1
2026-04-09,000333,14:51:06,76.5800,31,1
2026-04-09,000333,14:51:09,76.5600,48,2
2026-04-09,000333,14:51:12,76.5600,70,2
2026-04-09,000333,14:51:15,76.5600,17,1
2026-04-09,000333,14:51:18,76.5600,21,2
2026-04-09,000333,14:51:21,76.5600,2,4
2026-04-09,000333,14:51:24,76.5600,74,4
2026-04-09,000333,14:51:27,76.5600,10,2
2026-04-09,000333,14:51:30,76.5600,24,1
2026-04-09,000333,14:51:33,76.5600,48,1
2026-04-09,000333,14:51:36,76.5600,9,1
2026-04-09,000333,14:51:39,76.5500,114,2
2026-04-09,000333,14:51:42,76.5500,5,1
2026-04-09,000333,14:51:45,76.5500,8,1
2026-04-09,000333,14:51:51,76.5400,1,2
2026-04-09,000333,14:51:54,76.5500,11,1
2026-04-09,000333,14:51:57,76.5500,34,1
2026-04-09,000333,14:52:00,76.5500,135,1
2026-04-09,000333,14:52:03,76.5500,39,1
2026-04-09,000333,14:52:06,76.5700,127,1
2026-04-09,000333,14:52:09,76.5700,3,2
2026-04-09,000333,14:52:12,76.5700,69,2
2026-04-09,000333,14:52:15,76.6000,263,1
2026-04-09,000333,14:52:18,76.6000,5,2
2026-04-09,000333,14:52:21,76.6100,230,1
2026-04-09,000333,14:52:24,76.5900,32,2
2026-04-09,000333,14:52:27,76.6000,4,1
2026-04-09,000333,14:52:30,76.6000,13,1
2026-04-09,000333,14:52:33,76.6000,4,1
2026-04-09,000333,14:52:36,76.5800,75,2
2026-04-09,000333,14:52:39,76.5800,8,2
2026-04-09,000333,14:52:42,76.5900,15,1
2026-04-09,000333,14:52:45,76.5900,4,2
2026-04-09,000333,14:52:48,76.5800,8,2
2026-04-09,000333,14:52:51,76.5800,7,2
2026-04-09,000333,14:52:54,76.5800,47,2
2026-04-09,000333,14:52:57,76.5900,23,1
2026-04-09,000333,14:53:00,76.5900,17,1
2026-04-09,000333,14:53:03,76.5900,42,1
2026-04-09,000333,14:53:06,76.5800,21,2
2026-04-09,000333,14:53:09,76.5800,8,4
2026-04-09,000333,14:53:12,76.5800,19,2
2026-04-09,000333,14:53:15,76.5800,44,2
2026-04-09,000333,14:53:18,76.5800,14,2
2026-04-09,000333,14:53:21,76.5900,6,1
2026-04-09,000333,14:53:24,76.5900,12,1
2026-04-09,000333,14:53:27,76.5900,18,1
2026-04-09,000333,14:53:30,76.5900,76,1
2026-04-09,000333,14:53:33,76.5800,10,2
2026-04-09,000333,14:53:36,76.6000,96,1
2026-04-09,000333,14:53:39,76.6000,35,1
2026-04-09,000333,14:53:42,76.6000,2,1
2026-04-09,000333,14:53:45,76.6000,76,1
2026-04-09,000333,14:53:48,76.6100,35,1
2026-04-09,000333,14:53:51,76.6100,19,1
2026-04-09,000333,14:53:54,76.6100,22,1
2026-04-09,000333,14:53:57,76.6100,6,1
2026-04-09,000333,14:54:00,76.6100,31,1
2026-04-09,000333,14:54:03,76.6000,179,2
2026-04-09,000333,14:54:06,76.6000,16,1
2026-04-09,000333,14:54:09,76.5900,2,2
2026-04-09,000333,14:54:12,76.5800,73,2
2026-04-09,000333,14:54:15,76.5700,47,2
2026-04-09,000333,14:54:18,76.5800,76,2
2026-04-09,000333,14:54:21,76.5800,12,2
2026-04-09,000333,14:54:24,76.5700,14,2
2026-04-09,000333,14:54:27,76.5800,4,1
2026-04-09,000333,14:54:30,76.5900,60,1
2026-04-09,000333,14:54:33,76.5800,34,2
2026-04-09,000333,14:54:36,76.5900,68,1
2026-04-09,000333,14:54:39,76.5700,13,2
2026-04-09,000333,14:54:42,76.5800,71,1
2026-04-09,000333,14:54:45,76.5700,19,2
2026-04-09,000333,14:54:48,76.5700,13,2
2026-04-09,000333,14:54:54,76.5700,7,1
2026-04-09,000333,14:54:57,76.5600,10,2
2026-04-09,000333,14:55:00,76.5700,67,1
2026-04-09,000333,14:55:03,76.5600,52,2
2026-04-09,000333,14:55:06,76.5700,109,1
2026-04-09,000333,14:55:09,76.5600,13,2
2026-04-09,000333,14:55:12,76.5700,94,1
2026-04-09,000333,14:55:15,76.5600,38,2
2026-04-09,000333,14:55:18,76.5800,91,1
2026-04-09,000333,14:55:21,76.5700,15,2
2026-04-09,000333,14:55:24,76.5700,25,2
2026-04-09,000333,14:55:27,76.5900,28,1
2026-04-09,000333,14:55:30,76.5700,46,2
2026-04-09,000333,14:55:33,76.5900,11,1
2026-04-09,000333,14:55:36,76.5900,29,1
2026-04-09,000333,14:55:39,76.5800,17,2
2026-04-09,000333,14:55:42,76.5700,19,2
2026-04-09,000333,14:55:45,76.5700,38,2
2026-04-09,000333,14:55:48,76.5700,5,1
2026-04-09,000333,14:55:51,76.5600,9,2
2026-04-09,000333,14:55:54,76.5700,38,1
2026-04-09,000333,14:55:57,76.5600,77,2
2026-04-09,000333,14:56:00,76.5700,100,1
2026-04-09,000333,14:56:03,76.5800,119,1
2026-04-09,000333,14:56:06,76.5800,3,2
2026-04-09,000333,14:56:09,76.5900,64,1
2026-04-09,000333,14:56:12,76.5700,74,2
2026-04-09,000333,14:56:15,76.5900,85,1
2026-04-09,000333,14:56:18,76.5800,57,2
2026-04-09,000333,14:56:21,76.5800,53,1
2026-04-09,000333,14:56:24,76.5800,6,2
2026-04-09,000333,14:56:27,76.5800,53,1
2026-04-09,000333,14:56:30,76.5600,65,2
2026-04-09,000333,14:56:33,76.5800,22,1
2026-04-09,000333,14:56:36,76.5700,21,2
2026-04-09,000333,14:56:39,76.5800,59,1
2026-04-09,000333,14:56:42,76.5700,32,2
2026-04-09,000333,14:56:45,76.5700,35,1
2026-04-09,000333,14:56:48,76.5700,40,1
2026-04-09,000333,14:56:51,76.5700,24,1
2026-04-09,000333,14:56:54,76.5600,139,2
2026-04-09,000333,14:56:57,76.5800,4,1
2026-04-09,000333,15:00:00,76.5200,2943,4
2026-04-09,000333,13:10:30,76.4600,47,2
2026-04-09,000333,13:10:36,76.4500,8,2
2026-04-09,000333,13:10:39,76.4500,3,2
2026-04-09,000333,13:10:42,76.4600,13,1
2026-04-09,000333,13:10:45,76.4700,5,1
2026-04-09,000333,13:10:51,76.4700,33,2
2026-04-09,000333,13:10:54,76.4700,24,1
2026-04-09,000333,13:10:57,76.4800,18,1
2026-04-09,000333,13:11:00,76.4800,22,1
2026-04-09,000333,13:11:03,76.4800,2,1
2026-04-09,000333,13:11:06,76.4800,9,1
2026-04-09,000333,13:11:09,76.4800,5,1
2026-04-09,000333,13:11:12,76.4700,76,2
2026-04-09,000333,13:11:15,76.4700,12,1
2026-04-09,000333,13:11:18,76.4700,27,1
2026-04-09,000333,13:11:21,76.5100,682,1
2026-04-09,000333,13:11:24,76.5200,64,1
2026-04-09,000333,13:11:27,76.5200,16,1
2026-04-09,000333,13:11:30,76.5200,26,1
2026-04-09,000333,13:11:33,76.5200,2,1
2026-04-09,000333,13:11:36,76.5100,1,2
2026-04-09,000333,13:11:39,76.5100,3,2
2026-04-09,000333,13:11:42,76.5100,27,2
2026-04-09,000333,13:11:45,76.5100,55,2
2026-04-09,000333,13:11:48,76.5000,2,2
2026-04-09,000333,13:11:51,76.5000,63,2
2026-04-09,000333,13:11:54,76.5000,17,1
2026-04-09,000333,13:11:57,76.4900,5,2
2026-04-09,000333,13:12:00,76.5000,15,1
2026-04-09,000333,13:12:03,76.5000,4,1
2026-04-09,000333,13:12:06,76.4900,4,2
2026-04-09,000333,13:12:09,76.4900,26,2
2026-04-09,000333,13:12:12,76.4900,11,2
2026-04-09,000333,13:12:15,76.4900,20,1
2026-04-09,000333,13:12:18,76.4800,2,2
2026-04-09,000333,13:12:21,76.4900,12,1
2026-04-09,000333,13:12:24,76.4800,71,2
2026-04-09,000333,13:12:30,76.4800,15,2
2026-04-09,000333,13:12:33,76.4800,21,2
2026-04-09,000333,13:12:36,76.4800,1,2
2026-04-09,000333,13:12:39,76.4800,11,2
2026-04-09,000333,13:12:42,76.4800,45,2
2026-04-09,000333,13:12:45,76.4700,24,2
2026-04-09,000333,13:12:48,76.4800,16,1
2026-04-09,000333,13:12:51,76.4900,4,1
2026-04-09,000333,13:12:54,76.4800,16,2
2026-04-09,000333,13:12:57,76.4900,61,1
2026-04-09,000333,13:13:00,76.5000,119,1
2026-04-09,000333,13:13:03,76.5000,9,1
2026-04-09,000333,13:13:06,76.4900,90,2
2026-04-09,000333,13:13:09,76.4800,6,2
2026-04-09,000333,13:13:12,76.4800,46,2
2026-04-09,000333,13:13:15,76.4900,17,1
2026-04-09,000333,13:13:18,76.4900,27,1
2026-04-09,000333,13:13:21,76.4800,4,2
2026-04-09,000333,13:13:24,76.4900,14,1
2026-04-09,000333,13:13:27,76.4800,20,2
2026-04-09,000333,13:13:30,76.4900,12,1
2026-04-09,000333,13:13:33,76.4800,4,2
2026-04-09,000333,13:13:36,76.4800,1,2
2026-04-09,000333,13:13:39,76.4800,1,2
2026-04-09,000333,13:13:42,76.4900,4,1
2026-04-09,000333,13:13:45,76.4900,5,1
2026-04-09,000333,13:13:48,76.4800,115,2
2026-04-09,000333,13:13:51,76.4700,35,2
2026-04-09,000333,13:13:54,76.4800,24,1
2026-04-09,000333,13:14:00,76.4800,35,1
2026-04-09,000333,13:14:03,76.4500,59,2
2026-04-09,000333,13:14:06,76.4200,54,2
2026-04-09,000333,13:14:09,76.4100,27,2
2026-04-09,000333,13:14:12,76.4200,30,2
2026-04-09,000333,13:14:15,76.4200,33,2
2026-04-09,000333,13:14:18,76.4100,58,2
2026-04-09,000333,13:14:21,76.4200,7,2
2026-04-09,000333,13:14:24,76.4100,39,2
2026-04-09,000333,13:14:27,76.4100,3,2
2026-04-09,000333,13:14:30,76.4200,72,1
2026-04-09,000333,13:14:33,76.4100,9,2
2026-04-09,000333,13:14:36,76.4100,17,1
2026-04-09,000333,13:14:39,76.4100,11,2
2026-04-09,000333,13:14:42,76.4100,37,2
2026-04-09,000333,13:14:45,76.4100,74,2
2026-04-09,000333,13:14:48,76.4100,34,1
2026-04-09,000333,13:14:51,76.4200,36,1
2026-04-09,000333,13:14:54,76.4300,23,1
2026-04-09,000333,13:14:57,76.4200,6,2
2026-04-09,000333,13:15:00,76.4300,19,1
2026-04-09,000333,13:15:03,76.4200,5,2
2026-04-09,000333,13:15:06,76.4200,10,2
2026-04-09,000333,13:15:09,76.4200,5,1
2026-04-09,000333,13:15:12,76.4200,14,1
2026-04-09,000333,13:15:15,76.4100,25,2
2026-04-09,000333,13:15:18,76.4100,3,2
2026-04-09,000333,13:15:21,76.4200,2,1
2026-04-09,000333,13:15:24,76.4200,4,1
2026-04-09,000333,13:15:27,76.4200,6,1
2026-04-09,000333,13:15:30,76.4200,33,1
2026-04-09,000333,13:15:33,76.4200,12,1
2026-04-09,000333,13:15:36,76.4200,50,1
2026-04-09,000333,13:15:39,76.4300,74,1
2026-04-09,000333,13:15:42,76.4300,78,1
2026-04-09,000333,13:15:45,76.4300,105,1
2026-04-09,000333,13:15:48,76.4300,110,1
2026-04-09,000333,13:15:51,76.4300,58,1
2026-04-09,000333,13:15:54,76.4300,54,1
2026-04-09,000333,13:15:57,76.4300,37,1
2026-04-09,000333,13:16:00,76.4300,22,1
2026-04-09,000333,13:16:03,76.4300,10,1
2026-04-09,000333,13:16:06,76.4200,32,2
2026-04-09,000333,13:16:09,76.4300,5,1
2026-04-09,000333,13:16:12,76.4200,15,2
2026-04-09,000333,13:16:15,76.4300,16,1
2026-04-09,000333,13:16:18,76.4200,145,2
2026-04-09,000333,13:16:21,76.4100,39,2
2026-04-09,000333,13:16:24,76.3900,78,2
2026-04-09,000333,13:16:27,76.3800,9,2
2026-04-09,000333,13:16:30,76.3800,79,1
2026-04-09,000333,13:16:33,76.3600,22,2
2026-04-09,000333,13:16:36,76.3700,6,1
2026-04-09,000333,13:16:39,76.3600,4,2
2026-04-09,000333,13:16:42,76.3600,64,2
2026-04-09,000333,13:16:45,76.3600,60,1
2026-04-09,000333,13:16:48,76.3500,43,2
2026-04-09,000333,13:16:51,76.3600,4,1
2026-04-09,000333,13:16:54,76.3500,38,2
2026-04-09,000333,13:16:57,76.3600,9,1
2026-04-09,000333,13:17:00,76.3600,18,1
2026-04-09,000333,13:17:03,76.3700,13,1
2026-04-09,000333,13:17:06,76.3700,345,1
2026-04-09,000333,13:17:09,76.3800,110,1
2026-04-09,000333,13:17:12,76.3900,16,1
2026-04-09,000333,13:17:15,76.3900,4,1
2026-04-09,000333,13:17:18,76.3900,9,1
2026-04-09,000333,13:17:21,76.3900,18,1
2026-04-09,000333,13:17:24,76.4000,3,1
2026-04-09,000333,13:17:27,76.3900,4,2
2026-04-09,000333,13:17:30,76.3900,15,2
2026-04-09,000333,13:17:33,76.3900,16,2
2026-04-09,000333,13:17:36,76.4000,8,1
2026-04-09,000333,13:17:39,76.4000,5,1
2026-04-09,000333,13:17:42,76.4000,522,1
2026-04-09,000333,13:17:45,76.4100,4,2
2026-04-09,000333,13:17:48,76.4300,1,1
2026-04-09,000333,13:17:54,76.4100,49,2
2026-04-09,000333,13:17:57,76.4200,9,2
2026-04-09,000333,13:18:00,76.4300,22,1
2026-04-09,000333,13:18:03,76.4300,19,1
2026-04-09,000333,13:18:06,76.4200,74,2
2026-04-09,000333,13:18:09,76.4200,26,2
2026-04-09,000333,13:18:12,76.4000,55,2
2026-04-09,000333,13:18:15,76.4200,2,1
2026-04-09,000333,13:18:18,76.4200,3,1
2026-04-09,000333,13:18:21,76.4200,17,1
2026-04-09,000333,13:18:24,76.4100,16,2
2026-04-09,000333,13:18:27,76.4100,17,2
2026-04-09,000333,13:18:30,76.4200,14,1
2026-04-09,000333,13:18:33,76.4100,19,2
2026-04-09,000333,13:18:39,76.4100,47,2
2026-04-09,000333,13:18:42,76.4000,20,2
2026-04-09,000333,13:18:48,76.4100,33,1
2026-04-09,000333,13:18:54,76.4200,45,1
2026-04-09,000333,13:18:57,76.4200,7,1
2026-04-09,000333,13:19:00,76.4200,14,1
2026-04-09,000333,13:19:03,76.4200,42,1
2026-04-09,000333,13:19:09,76.4200,8,2
2026-04-09,000333,13:19:12,76.4300,66,1
2026-04-09,000333,13:19:15,76.4300,1,1
2026-04-09,000333,13:19:21,76.4200,32,2
2026-04-09,000333,13:19:24,76.4200,17,2
2026-04-09,000333,13:19:27,76.4200,6,2
2026-04-09,000333,13:19:30,76.4300,16,1
2026-04-09,000333,13:19:33,76.4200,7,2
2026-04-09,000333,13:19:36,76.4300,7,1
2026-04-09,000333,13:19:39,76.4200,6,2
2026-04-09,000333,13:19:42,76.4300,78,1
2026-04-09,000333,13:19:45,76.4300,108,1
2026-04-09,000333,13:19:48,76.4300,264,1
2026-04-09,000333,13:19:51,76.4300,51,1
2026-04-09,000333,13:19:54,76.4400,13,1
2026-04-09,000333,13:19:57,76.4400,17,1
2026-04-09,000333,13:20:00,76.4400,5,1
2026-04-09,000333,13:20:03,76.4400,47,2
2026-04-09,000333,13:20:06,76.4300,102,2
2026-04-09,000333,13:20:09,76.4400,6,4
2026-04-09,000333,13:20:12,76.4400,7,1
2026-04-09,000333,13:20:15,76.4300,3,2
2026-04-09,000333,13:20:18,76.4300,3,2
2026-04-09,000333,13:20:21,76.4300,2,2
2026-04-09,000333,13:20:24,76.4400,18,1
2026-04-09,000333,13:20:27,76.4300,47,2
2026-04-09,000333,13:20:30,76.4300,50,2
2026-04-09,000333,13:20:33,76.4300,19,1
2026-04-09,000333,13:20:36,76.4300,4,1
2026-04-09,000333,13:20:39,76.4200,3,2
2026-04-09,000333,13:20:42,76.4400,72,1
2026-04-09,000333,13:20:45,76.4500,19,1
2026-04-09,000333,13:20:48,76.4600,32,1
2026-04-09,000333,13:20:51,76.4600,24,1
2026-04-09,000333,13:20:54,76.4700,5,2
2026-04-09,000333,13:20:57,76.4700,6,2
2026-04-09,000333,13:21:00,76.5100,471,1
2026-04-09,000333,13:21:03,76.5100,122,1
2026-04-09,000333,13:21:06,76.5100,9,1
2026-04-09,000333,13:21:09,76.5000,4,4
2026-04-09,000333,13:21:12,76.5100,83,1
2026-04-09,000333,13:21:15,76.5000,13,2
2026-04-09,000333,13:21:18,76.5000,7,2
2026-04-09,000333,13:21:21,76.5000,112,2
2026-04-09,000333,13:21:24,76.5000,60,1
2026-04-09,000333,13:21:30,76.5100,44,1
2026-04-09,000333,13:21:33,76.5000,72,2
2026-04-09,000333,13:21:36,76.5100,3,1
2026-04-09,000333,13:21:39,76.5100,56,1
2026-04-09,000333,13:21:42,76.5100,3,1
2026-04-09,000333,13:21:45,76.5100,3,1
2026-04-09,000333,13:21:48,76.5100,10,1
2026-04-09,000333,13:21:51,76.5100,24,1
2026-04-09,000333,13:21:54,76.5000,18,2
2026-04-09,000333,13:21:57,76.5100,9,1
2026-04-09,000333,13:22:00,76.5100,37,1
2026-04-09,000333,13:22:03,76.5100,4,1
2026-04-09,000333,13:22:06,76.5100,1,1
2026-04-09,000333,13:22:09,76.5100,188,1
2026-04-09,000333,13:22:12,76.5100,20,1
2026-04-09,000333,13:22:15,76.5200,17,1
2026-04-09,000333,13:22:18,76.5300,86,1
2026-04-09,000333,13:22:21,76.5300,26,1
2026-04-09,000333,13:22:24,76.5100,194,2
2026-04-09,000333,13:22:27,76.5300,12,1
2026-04-09,000333,13:22:30,76.5400,22,1
2026-04-09,000333,13:22:33,76.5400,13,1
2026-04-09,000333,13:22:36,76.5200,28,2
2026-04-09,000333,13:22:42,76.5100,21,2
2026-04-09,000333,13:22:45,76.5100,4,2
2026-04-09,000333,13:22:48,76.5200,8,1
2026-04-09,000333,13:22:51,76.5200,19,1
2026-04-09,000333,13:22:54,76.5200,21,1
2026-04-09,000333,13:22:57,76.5200,11,1
2026-04-09,000333,13:23:00,76.5200,34,1
2026-04-09,000333,13:23:03,76.5200,45,1
2026-04-09,000333,13:23:06,76.5300,13,1
2026-04-09,000333,13:23:09,76.5200,20,2
2026-04-09,000333,13:23:12,76.5400,99,1
2026-04-09,000333,13:23:15,76.5500,7,1
2026-04-09,000333,13:23:18,76.5500,1,1
2026-04-09,000333,13:23:24,76.5600,6,1
2026-04-09,000333,13:23:27,76.5600,4,2
2026-04-09,000333,13:23:30,76.5700,14,1
2026-04-09,000333,13:23:33,76.5700,22,1
2026-04-09,000333,13:23:36,76.5800,4,1
2026-04-09,000333,13:23:39,76.5800,9,1
2026-04-09,000333,13:23:42,76.5700,55,2
2026-04-09,000333,13:23:45,76.5400,79,2
2026-04-09,000333,13:23:48,76.5500,6,1
2026-04-09,000333,13:23:51,76.5400,1,2
2026-04-09,000333,13:23:54,76.5500,18,1
2026-04-09,000333,13:23:57,76.5400,3,2
2026-04-09,000333,13:24:00,76.5500,14,1
2026-04-09,000333,13:24:03,76.5400,59,2
2026-04-09,000333,13:24:06,76.5500,24,1
2026-04-09,000333,13:24:09,76.5400,8,2
2026-04-09,000333,13:24:12,76.5400,5,2
2026-04-09,000333,13:24:15,76.5500,11,1
2026-04-09,000333,13:24:18,76.5500,1,1
2026-04-09,000333,13:24:24,76.5800,438,1
2026-04-09,000333,13:24:27,76.5900,28,1
2026-04-09,000333,13:24:30,76.5800,43,1
2026-04-09,000333,13:24:33,76.5800,44,1
2026-04-09,000333,13:24:36,76.5800,51,2
2026-04-09,000333,13:24:39,76.5900,76,1
2026-04-09,000333,13:24:42,76.5800,137,2
2026-04-09,000333,13:24:45,76.5700,9,2
2026-04-09,000333,13:24:48,76.5700,5,2
2026-04-09,000333,13:24:51,76.5700,93,2
2026-04-09,000333,13:24:54,76.5700,26,1
2026-04-09,000333,13:24:57,76.5800,64,1
2026-04-09,000333,13:25:00,76.6000,14,1
2026-04-09,000333,13:25:03,76.5900,9,2
2026-04-09,000333,13:25:06,76.6000,67,1
2026-04-09,000333,13:25:09,76.6000,13,1
2026-04-09,000333,13:25:12,76.5900,24,2
2026-04-09,000333,13:25:18,76.5900,10,2
2026-04-09,000333,13:25:21,76.5900,9,2
2026-04-09,000333,13:25:24,76.5800,55,2
2026-04-09,000333,13:25:27,76.5800,3,2
2026-04-09,000333,13:25:30,76.5900,22,1
2026-04-09,000333,13:25:33,76.5900,3,1
2026-04-09,000333,13:25:36,76.5800,22,2
2026-04-09,000333,13:25:39,76.5800,9,2
2026-04-09,000333,13:25:42,76.5800,43,2
2026-04-09,000333,13:25:45,76.5800,51,1
2026-04-09,000333,13:25:48,76.5900,21,1
2026-04-09,000333,13:25:51,76.5800,18,2
2026-04-09,000333,13:25:54,76.5900,103,1
2026-04-09,000333,13:25:57,76.6400,313,1
2026-04-09,000333,13:26:00,76.6500,41,1
2026-04-09,000333,13:26:03,76.6500,10,1
2026-04-09,000333,13:26:06,76.6400,13,2
2026-04-09,000333,13:26:09,76.6500,27,1
2026-04-09,000333,13:26:12,76.6400,28,2
2026-04-09,000333,13:26:15,76.6300,11,2
2026-04-09,000333,13:26:18,76.6400,5,1
2026-04-09,000333,13:26:24,76.6400,1,1
2026-04-09,000333,13:26:27,76.6400,27,1
2026-04-09,000333,13:26:30,76.6300,76,2
2026-04-09,000333,13:26:33,76.6400,13,1
2026-04-09,000333,13:26:36,76.6300,1,2
2026-04-09,000333,13:26:39,76.6300,12,2
2026-04-09,000333,13:26:42,76.6400,4,1
2026-04-09,000333,13:26:45,76.6300,61,2
2026-04-09,000333,13:26:48,76.6300,12,2
2026-04-09,000333,13:26:51,76.6300,13,2
2026-04-09,000333,13:26:54,76.6300,14,1
2026-04-09,000333,13:26:57,76.6200,71,2
2026-04-09,000333,13:27:00,76.6200,162,1
2026-04-09,000333,13:27:03,76.6200,12,1
2026-04-09,000333,13:27:06,76.6200,123,1
2026-04-09,000333,13:27:09,76.6200,13,1
2026-04-09,000333,13:27:12,76.6100,3,2
2026-04-09,000333,13:27:15,76.6200,7,1
2026-04-09,000333,13:27:18,76.6100,38,2
2026-04-09,000333,13:27:24,76.6100,10,2
2026-04-09,000333,13:27:27,76.6000,3,2
2026-04-09,000333,13:27:30,76.6100,25,1
2026-04-09,000333,13:27:33,76.5900,67,2
2026-04-09,000333,13:27:39,76.5900,4,2
2026-04-09,000333,13:27:42,76.5900,8,2
2026-04-09,000333,13:27:45,76.5900,62,2
2026-04-09,000333,13:27:48,76.5900,41,1
2026-04-09,000333,13:27:51,76.5900,12,1
2026-04-09,000333,13:27:54,76.5900,14,1
2026-04-09,000333,13:27:57,76.5800,60,2
2026-04-09,000333,13:28:00,76.5900,13,4
2026-04-09,000333,13:28:03,76.5900,30,2
2026-04-09,000333,13:28:06,76.5900,3,1
2026-04-09,000333,13:28:09,76.5800,3,2
2026-04-09,000333,13:28:12,76.5800,57,2
2026-04-09,000333,13:28:21,76.5900,11,1
2026-04-09,000333,13:28:24,76.5800,58,2
2026-04-09,000333,13:28:27,76.5800,86,2
2026-04-09,000333,13:28:30,76.5800,58,1
2026-04-09,000333,13:28:33,76.5900,119,1
2026-04-09,000333,13:28:36,76.5900,26,1
2026-04-09,000333,13:28:39,76.5900,2,2
2026-04-09,000333,13:28:42,76.5900,3,2
2026-04-09,000333,13:28:45,76.5900,146,2
2026-04-09,000333,13:28:48,76.5900,3,2
2026-04-09,000333,13:28:54,76.5900,19,2
2026-04-09,000333,13:28:57,76.5900,18,2
2026-04-09,000333,13:29:00,76.6000,53,1
2026-04-09,000333,13:29:03,76.5900,18,2
2026-04-09,000333,13:29:06,76.5900,112,2
2026-04-09,000333,13:29:12,76.6000,11,1
2026-04-09,000333,13:29:15,76.6200,813,1
2026-04-09,000333,13:29:18,76.6400,87,1
2026-04-09,000333,13:29:21,76.6400,20,1
2026-04-09,000333,13:29:24,76.6500,15,1
2026-04-09,000333,13:29:27,76.6500,107,1
2026-04-09,000333,13:29:30,76.6500,58,1
2026-04-09,000333,13:29:33,76.6600,22,1
2026-04-09,000333,13:29:36,76.6500,41,2
2026-04-09,000333,13:29:39,76.6600,4,1
2026-04-09,000333,13:29:42,76.6500,28,2
2026-04-09,000333,13:29:45,76.6500,7,2
2026-04-09,000333,13:29:48,76.6500,28,2
2026-04-09,000333,13:29:51,76.6500,7,2
2026-04-09,000333,13:29:54,76.6500,15,2
2026-04-09,000333,13:29:57,76.6500,4,2
2026-04-09,000333,13:30:00,76.6600,51,1
2026-04-09,000333,13:30:03,76.6600,7,1
2026-04-09,000333,13:30:06,76.6600,91,1
2026-04-09,000333,13:30:09,76.6600,13,1
2026-04-09,000333,13:30:12,76.6500,51,2
2026-04-09,000333,13:30:15,76.6500,13,2
2026-04-09,000333,13:30:18,76.6600,56,1
2026-04-09,000333,13:30:21,76.6900,422,1
2026-04-09,000333,13:30:24,76.6900,32,1
2026-04-09,000333,13:30:27,76.6900,66,1
2026-04-09,000333,13:30:30,76.6800,28,2
2026-04-09,000333,13:30:33,76.6900,17,1
2026-04-09,000333,13:30:36,76.6800,19,2
2026-04-09,000333,13:30:39,76.6900,18,1
2026-04-09,000333,13:30:42,76.6800,55,2
2026-04-09,000333,13:30:45,76.6900,14,1
2026-04-09,000333,13:30:48,76.6800,7,2
2026-04-09,000333,13:30:54,76.6900,13,1
2026-04-09,000333,13:30:57,76.6800,10,2
2026-04-09,000333,13:31:00,76.6800,24,2
2026-04-09,000333,13:31:03,76.6900,6,1
2026-04-09,000333,13:31:06,76.7000,373,1
2026-04-09,000333,13:31:09,76.7200,119,1
2026-04-09,000333,13:31:12,76.7200,19,2
2026-04-09,000333,13:31:18,76.7200,1,2
2026-04-09,000333,13:31:21,76.7200,110,2
2026-04-09,000333,13:31:24,76.7300,14,1
2026-04-09,000333,13:31:27,76.7200,80,2
2026-04-09,000333,13:31:30,76.7200,15,1
2026-04-09,000333,13:31:33,76.7300,29,1
2026-04-09,000333,13:31:36,76.7200,15,2
2026-04-09,000333,13:31:39,76.7300,10,1
2026-04-09,000333,13:31:42,76.7300,2,1
2026-04-09,000333,13:31:48,76.7300,92,1
2026-04-09,000333,13:31:51,76.7400,113,1
2026-04-09,000333,13:31:54,76.7400,17,1
2026-04-09,000333,13:31:57,76.7400,35,1
2026-04-09,000333,13:32:00,76.7400,14,1
2026-04-09,000333,13:32:03,76.7400,13,1
2026-04-09,000333,13:32:06,76.7300,22,2
2026-04-09,000333,13:32:09,76.7400,56,1
2026-04-09,000333,13:32:12,76.7300,21,2
2026-04-09,000333,13:32:15,76.7200,65,2
2026-04-09,000333,13:32:18,76.7300,41,1
2026-04-09,000333,13:32:21,76.7200,24,2
2026-04-09,000333,13:32:24,76.7200,106,2
2026-04-09,000333,13:32:27,76.7100,10,2
2026-04-09,000333,13:32:30,76.7200,49,1
2026-04-09,000333,13:32:33,76.7500,206,1
2026-04-09,000333,13:32:36,76.7400,9,4
2026-04-09,000333,13:32:39,76.7300,21,2
2026-04-09,000333,13:32:42,76.7300,13,1
2026-04-09,000333,13:32:45,76.7300,15,1
2026-04-09,000333,13:32:48,76.7200,2,2
2026-04-09,000333,13:32:51,76.7200,37,2
2026-04-09,000333,13:32:54,76.7400,19,1
2026-04-09,000333,13:32:57,76.7400,22,2
2026-04-09,000333,13:33:00,76.7500,41,1
2026-04-09,000333,13:33:03,76.7400,16,2
2026-04-09,000333,13:33:06,76.7400,14,2
2026-04-09,000333,13:33:09,76.7400,2,2
2026-04-09,000333,13:33:12,76.7500,20,1
2026-04-09,000333,13:33:15,76.7400,67,2
2026-04-09,000333,13:33:18,76.7400,3,2
2026-04-09,000333,13:33:21,76.7400,11,2
2026-04-09,000333,13:33:24,76.7400,5,2
2026-04-09,000333,13:33:27,76.7500,9,1
2026-04-09,000333,13:33:30,76.7400,23,2
2026-04-09,000333,13:33:33,76.7400,25,2
2026-04-09,000333,13:33:36,76.7400,4,2
2026-04-09,000333,13:33:39,76.7400,7,2
2026-04-09,000333,13:33:42,76.7500,12,1
2026-04-09,000333,13:33:45,76.7400,11,2
2026-04-09,000333,13:33:48,76.7400,64,2
2026-04-09,000333,13:33:51,76.7400,1,2
2026-04-09,000333,13:33:54,76.7400,13,2
2026-04-09,000333,13:33:57,76.7400,14,2
2026-04-09,000333,13:34:00,76.7500,22,1
2026-04-09,000333,13:34:03,76.7400,80,2
2026-04-09,000333,13:34:06,76.7400,58,2
2026-04-09,000333,13:34:09,76.7300,97,2
2026-04-09,000333,13:34:12,76.7200,68,2
2026-04-09,000333,13:34:15,76.7000,39,2
2026-04-09,000333,13:34:18,76.7000,72,2
2026-04-09,000333,13:34:21,76.7000,100,1
2026-04-09,000333,13:34:24,76.7000,22,1
2026-04-09,000333,13:34:27,76.7000,56,1
2026-04-09,000333,13:34:30,76.7100,379,1
2026-04-09,000333,13:34:33,76.7400,47,1
2026-04-09,000333,13:34:36,76.7400,21,1
2026-04-09,000333,13:34:39,76.7400,21,1
2026-04-09,000333,13:34:42,76.7300,17,2
2026-04-09,000333,13:34:45,76.7400,6,1
2026-04-09,000333,13:34:51,76.7300,6,2
2026-04-09,000333,13:34:54,76.7300,14,2
2026-04-09,000333,13:34:57,76.7300,46,2
2026-04-09,000333,13:35:00,76.7300,63,2
2026-04-09,000333,13:35:03,76.7300,10,2
2026-04-09,000333,13:35:06,76.7300,1,2
2026-04-09,000333,13:35:09,76.7300,7,2
2026-04-09,000333,13:35:15,76.7300,38,2
2026-04-09,000333,13:35:18,76.7400,17,1
2026-04-09,000333,13:35:21,76.7400,4,1
2026-04-09,000333,13:35:24,76.7300,3,2
2026-04-09,000333,13:35:27,76.7300,9,2
2026-04-09,000333,13:35:30,76.7300,27,2
2026-04-09,000333,13:35:33,76.7400,263,1
2026-04-09,000333,13:35:36,76.7900,1138,1
2026-04-09,000333,13:35:39,76.7900,211,1
2026-04-09,000333,13:35:42,76.7900,363,2
2026-04-09,000333,13:35:45,76.8100,27,1
2026-04-09,000333,13:35:48,76.8300,58,1
2026-04-09,000333,13:35:51,76.8300,33,1
2026-04-09,000333,13:35:54,76.8300,76,2
2026-04-09,000333,13:35:57,76.8400,23,1
2026-04-09,000333,13:36:00,76.8400,21,1
2026-04-09,000333,13:36:03,76.8400,79,1
2026-04-09,000333,13:36:06,76.8300,43,2
2026-04-09,000333,13:36:09,76.8200,19,2
2026-04-09,000333,13:36:12,76.8200,6,2
2026-04-09,000333,13:36:15,76.8200,3,2
2026-04-09,000333,13:36:18,76.8200,28,2
2026-04-09,000333,13:36:21,76.8200,46,2
2026-04-09,000333,13:36:24,76.8200,3,1
2026-04-09,000333,13:36:27,76.8100,24,2
2026-04-09,000333,13:36:30,76.8100,33,2
2026-04-09,000333,13:36:33,76.8100,30,2
2026-04-09,000333,13:36:36,76.8200,115,1
2026-04-09,000333,13:36:39,76.8100,9,2
2026-04-09,000333,13:36:42,76.8100,26,2
2026-04-09,000333,13:36:45,76.8100,28,2
2026-04-09,000333,13:36:48,76.8100,13,2
2026-04-09,000333,13:36:54,76.8100,29,2
2026-04-09,000333,13:36:57,76.8100,35,2
2026-04-09,000333,13:37:00,76.8100,40,2
2026-04-09,000333,13:37:03,76.8200,37,1
2026-04-09,000333,13:37:06,76.8100,6,1
2026-04-09,000333,13:37:09,76.8100,12,1
2026-04-09,000333,13:37:12,76.8100,8,1
2026-04-09,000333,13:37:15,76.7900,91,2
2026-04-09,000333,13:37:18,76.7900,41,2
2026-04-09,000333,13:37:21,76.7900,1,1
2026-04-09,000333,13:37:24,76.7700,19,2
2026-04-09,000333,13:37:27,76.7800,21,2
2026-04-09,000333,13:37:30,76.7700,106,2
2026-04-09,000333,13:37:33,76.7800,95,1
2026-04-09,000333,13:37:36,76.8000,81,1
2026-04-09,000333,13:37:39,76.8100,53,1
2026-04-09,000333,13:37:42,76.7900,56,2
2026-04-09,000333,13:37:45,76.7900,14,2
2026-04-09,000333,13:37:48,76.7900,14,2
2026-04-09,000333,13:37:51,76.7800,18,2
2026-04-09,000333,13:37:54,76.7800,15,2
2026-04-09,000333,13:37:57,76.7800,24,2
2026-04-09,000333,13:38:00,76.7900,162,1
2026-04-09,000333,13:38:03,76.7900,44,1
2026-04-09,000333,13:38:06,76.8000,57,1
2026-04-09,000333,13:38:09,76.7800,129,2
2026-04-09,000333,13:38:12,76.7700,58,2
2026-04-09,000333,13:38:15,76.7900,93,1
2026-04-09,000333,13:38:18,76.7700,11,2
2026-04-09,000333,13:38:21,76.7800,3,4
2026-04-09,000333,13:38:24,76.7700,12,2
2026-04-09,000333,13:38:27,76.7800,23,4
2026-04-09,000333,13:38:30,76.7800,74,1
2026-04-09,000333,13:38:33,76.7700,12,2
2026-04-09,000333,13:38:36,76.7800,33,1
2026-04-09,000333,13:38:39,76.8000,240,1
2026-04-09,000333,13:38:42,76.8000,355,1
2026-04-09,000333,13:38:45,76.8100,26,1
2026-04-09,000333,13:38:48,76.8100,201,1
2026-04-09,000333,13:38:51,76.8200,27,1
2026-04-09,000333,13:38:54,76.8100,19,2
2026-04-09,000333,13:38:57,76.8100,25,2
2026-04-09,000333,13:39:00,76.8200,87,1
2026-04-09,000333,13:39:03,76.8200,33,1
2026-04-09,000333,13:39:06,76.8200,36,1
2026-04-09,000333,13:39:09,76.8100,13,2
2026-04-09,000333,13:39:12,76.8100,34,2
2026-04-09,000333,13:39:15,76.8100,40,2
2026-04-09,000333,13:39:18,76.8100,33,2
2026-04-09,000333,13:39:21,76.8100,23,2
2026-04-09,000333,13:39:24,76.8100,106,2
2026-04-09,000333,13:39:27,76.8000,71,2
2026-04-09,000333,13:39:30,76.8100,45,1
2026-04-09,000333,13:39:33,76.8000,8,2
2026-04-09,000333,13:39:36,76.8000,1,2
2026-04-09,000333,13:39:39,76.8000,2,2
2026-04-09,000333,13:39:42,76.8000,10,2
2026-04-09,000333,13:39:45,76.8000,50,2
2026-04-09,000333,13:39:48,76.8000,77,2
2026-04-09,000333,13:39:51,76.7900,37,2
2026-04-09,000333,13:39:54,76.7800,63,2
2026-04-09,000333,13:39:57,76.7800,19,2
2026-04-09,000333,13:40:00,76.7800,53,2
2026-04-09,000333,13:40:03,76.7800,4,2
2026-04-09,000333,13:40:06,76.7700,33,2
2026-04-09,000333,13:40:09,76.7700,39,2
2026-04-09,000333,13:40:12,76.7600,53,2
2026-04-09,000333,13:40:15,76.7700,24,4
2026-04-09,000333,13:40:18,76.7600,31,2
2026-04-09,000333,13:40:21,76.7600,26,2
2026-04-09,000333,13:40:24,76.7500,15,2
2026-04-09,000333,13:40:27,76.7600,21,4
2026-04-09,000333,13:40:30,76.7400,56,2
2026-04-09,000333,13:40:33,76.7300,31,2
2026-04-09,000333,13:40:36,76.7300,48,2
2026-04-09,000333,13:40:39,76.7300,41,2
2026-04-09,000333,13:40:42,76.7300,123,2
2026-04-09,000333,13:40:45,76.7200,81,2
2026-04-09,000333,13:40:48,76.7300,12,2
2026-04-09,000333,13:40:51,76.8000,385,1
2026-04-09,000333,13:40:54,76.8000,62,1
2026-04-09,000333,13:40:57,76.7900,50,2
2026-04-09,000333,13:41:00,76.8000,23,1
2026-04-09,000333,13:41:03,76.7900,7,2
2026-04-09,000333,13:41:06,76.8000,25,1
2026-04-09,000333,13:41:09,76.8000,8,1
2026-04-09,000333,13:41:12,76.8000,5,1
2026-04-09,000333,13:41:15,76.7900,6,2
2026-04-09,000333,13:41:18,76.7900,8,2
2026-04-09,000333,13:41:21,76.7900,20,2
2026-04-09,000333,13:41:24,76.7900,30,2
2026-04-09,000333,13:41:27,76.7900,41,2
2026-04-09,000333,13:41:30,76.7900,62,2
2026-04-09,000333,13:41:33,76.7900,77,2
2026-04-09,000333,13:41:36,76.7900,16,2
2026-04-09,000333,13:41:39,76.7900,54,2
2026-04-09,000333,13:41:42,76.8000,39,1
2026-04-09,000333,13:41:45,76.7700,443,2
2026-04-09,000333,13:41:51,76.7300,23,2
2026-04-09,000333,13:41:54,76.7600,20,1
2026-04-09,000333,13:41:57,76.7500,140,1
2026-04-09,000333,13:42:00,76.7500,27,1
2026-04-09,000333,13:42:03,76.7400,65,2
2026-04-09,000333,13:42:06,76.7300,87,2
2026-04-09,000333,13:42:09,76.7200,88,2
2026-04-09,000333,13:42:12,76.7200,33,2
2026-04-09,000333,13:42:15,76.7200,88,1
2026-04-09,000333,13:42:18,76.7100,162,4
2026-04-09,000333,13:42:21,76.7400,8,1
2026-04-09,000333,13:42:24,76.7100,16,2
2026-04-09,000333,13:42:27,76.7300,4,1
2026-04-09,000333,13:42:30,76.7300,63,1
2026-04-09,000333,13:42:33,76.7200,25,2
2026-04-09,000333,13:42:36,76.7100,4,2
2026-04-09,000333,13:42:39,76.7300,11,1
2026-04-09,000333,13:42:42,76.7200,4,2
2026-04-09,000333,13:42:45,76.7300,99,1
2026-04-09,000333,13:42:48,76.7200,39,2
2026-04-09,000333,13:42:51,76.7100,40,2
2026-04-09,000333,13:42:54,76.7200,15,1
2026-04-09,000333,13:42:57,76.7100,16,2
2026-04-09,000333,13:43:00,76.7200,39,1
2026-04-09,000333,13:43:03,76.7200,19,1
2026-04-09,000333,13:43:06,76.7200,3,1
2026-04-09,000333,13:43:09,76.7100,4,2
2026-04-09,000333,13:43:15,76.7100,3,2
2026-04-09,000333,13:43:24,76.7200,6,1
2026-04-09,000333,13:43:27,76.7100,22,2
2026-04-09,000333,13:43:30,76.7200,31,1
2026-04-09,000333,13:43:33,76.7200,4,1
2026-04-09,000333,13:43:36,76.7200,5,1
2026-04-09,000333,13:43:39,76.7300,239,1
2026-04-09,000333,13:43:42,76.7300,22,1
2026-04-09,000333,13:43:45,76.7300,52,1
2026-04-09,000333,13:43:48,76.7200,19,2
2026-04-09,000333,13:43:51,76.7200,64,2
2026-04-09,000333,13:43:54,76.7200,21,2
2026-04-09,000333,13:43:57,76.7300,89,1
2026-04-09,000333,13:44:00,76.7300,20,1
2026-04-09,000333,13:44:03,76.7300,14,1
2026-04-09,000333,13:44:06,76.7300,35,2
2026-04-09,000333,13:44:09,76.7300,37,2
2026-04-09,000333,13:44:12,76.7300,15,2
2026-04-09,000333,13:44:15,76.7300,41,2
2026-04-09,000333,13:44:18,76.7400,10,1
2026-04-09,000333,13:44:24,76.7300,2,1
2026-04-09,000333,13:44:27,76.7300,74,1
2026-04-09,000333,13:44:30,76.7300,35,1
2026-04-09,000333,13:44:33,76.7300,9,4
2026-04-09,000333,13:44:36,76.7300,1,1
2026-04-09,000333,13:44:39,76.7300,4,1
2026-04-09,000333,13:44:45,76.7300,2,1
2026-04-09,000333,13:44:48,76.7300,7,1
2026-04-09,000333,13:44:51,76.7200,1,2
2026-04-09,000333,13:44:54,76.7200,34,2
2026-04-09,000333,13:44:57,76.7200,1,2
2026-04-09,000333,13:45:00,76.7200,13,2
2026-04-09,000333,13:45:03,76.7200,3,2
2026-04-09,000333,13:45:06,76.7200,13,2
2026-04-09,000333,13:45:09,76.7200,33,2
2026-04-09,000333,13:45:12,76.7200,97,2
2026-04-09,000333,13:45:15,76.7200,15,2
2026-04-09,000333,13:45:18,76.7200,30,2
2026-04-09,000333,13:45:21,76.7200,10,2
2026-04-09,000333,13:45:24,76.7200,35,2
2026-04-09,000333,13:45:27,76.7200,69,2
2026-04-09,000333,13:45:30,76.7300,19,1
2026-04-09,000333,13:45:33,76.7300,32,1
2026-04-09,000333,13:45:36,76.7300,183,1
2026-04-09,000333,13:45:39,76.7300,29,1
2026-04-09,000333,13:45:42,76.7300,22,1
2026-04-09,000333,13:45:45,76.7300,15,1
2026-04-09,000333,13:45:48,76.7200,12,2
2026-04-09,000333,13:45:51,76.7200,12,2
2026-04-09,000333,13:45:54,76.7300,17,1
2026-04-09,000333,13:45:57,76.7200,16,2
2026-04-09,000333,13:46:00,76.7300,46,1
2026-04-09,000333,13:46:03,76.7300,18,1
2026-04-09,000333,13:46:06,76.7200,17,2
2026-04-09,000333,13:46:09,76.7200,46,2
2026-04-09,000333,13:46:15,76.7300,1,1
2026-04-09,000333,13:46:18,76.7300,19,1
2026-04-09,000333,13:46:21,76.7300,16,1
2026-04-09,000333,13:46:24,76.7300,1,1
2026-04-09,000333,13:46:30,76.7300,19,1
2026-04-09,000333,13:46:33,76.7300,30,1
2026-04-09,000333,13:46:36,76.7300,78,1
2026-04-09,000333,13:46:39,76.7300,110,1
2026-04-09,000333,13:46:42,76.7300,34,1
2026-04-09,000333,13:46:45,76.7200,15,2
2026-04-09,000333,13:46:48,76.7200,4,2
2026-04-09,000333,13:46:51,76.7200,11,2
2026-04-09,000333,13:46:54,76.7200,14,2
2026-04-09,000333,13:46:57,76.7300,5,1
2026-04-09,000333,13:47:00,76.7300,13,1
2026-04-09,000333,13:47:03,76.7200,81,2
2026-04-09,000333,13:47:06,76.7200,23,2
2026-04-09,000333,13:47:09,76.7200,6,2
2026-04-09,000333,13:47:12,76.7200,52,2
2026-04-09,000333,13:47:15,76.7200,27,2
2026-04-09,000333,13:47:18,76.7300,54,1
2026-04-09,000333,13:47:21,76.7300,17,2
2026-04-09,000333,13:47:24,76.7300,14,2
2026-04-09,000333,13:47:27,76.7200,17,2
2026-04-09,000333,13:47:30,76.7300,12,1
2026-04-09,000333,13:47:33,76.7200,23,2
2026-04-09,000333,13:47:36,76.7300,1,1
2026-04-09,000333,13:47:39,76.7300,157,1
2026-04-09,000333,13:47:42,76.7200,3,2
2026-04-09,000333,13:47:45,76.7300,1,1
2026-04-09,000333,13:47:48,76.7300,9,1
2026-04-09,000333,13:47:51,76.7300,12,1
2026-04-09,000333,13:47:54,76.7300,24,1
2026-04-09,000333,13:47:57,76.7300,8,1
2026-04-09,000333,13:48:00,76.7300,36,1
2026-04-09,000333,13:48:03,76.7300,18,1
2026-04-09,000333,13:48:06,76.7300,23,1
2026-04-09,000333,13:48:09,76.7200,27,2
2026-04-09,000333,13:48:12,76.7300,9,1
2026-04-09,000333,13:48:15,76.7300,54,1
2026-04-09,000333,13:48:18,76.7300,25,1
2026-04-09,000333,13:48:21,76.7300,2,1
2026-04-09,000333,13:48:24,76.7200,1,2
2026-04-09,000333,13:48:27,76.7300,6,1
2026-04-09,000333,13:48:30,76.7300,24,1
2026-04-09,000333,13:48:33,76.7300,3,1
2026-04-09,000333,13:48:36,76.7300,37,1
2026-04-09,000333,13:48:39,76.7200,33,2
2026-04-09,000333,13:48:42,76.7200,5,2
2026-04-09,000333,13:48:48,76.7300,15,1
2026-04-09,000333,13:48:51,76.7200,15,2
2026-04-09,000333,13:48:54,76.7200,17,2
2026-04-09,000333,13:48:57,76.7300,3,1
2026-04-09,000333,13:49:00,76.7300,21,1
2026-04-09,000333,13:49:03,76.7300,2,1
2026-04-09,000333,13:49:12,76.7200,75,2
2026-04-09,000333,13:49:15,76.7300,106,1
2026-04-09,000333,13:49:18,76.7400,38,1
2026-04-09,000333,13:49:21,76.7300,25,2
2026-04-09,000333,13:49:24,76.7300,16,2
2026-04-09,000333,13:49:27,76.7300,12,2
2026-04-09,000333,13:49:30,76.7300,31,2
2026-04-09,000333,13:49:33,76.7400,9,1
2026-04-09,000333,13:49:36,76.7400,164,1
2026-04-09,000333,13:49:39,76.7400,17,1
2026-04-09,000333,13:49:42,76.7400,35,1
2026-04-09,000333,13:49:45,76.7400,1,1
2026-04-09,000333,13:49:48,76.7500,57,1
2026-04-09,000333,13:49:51,76.7400,30,2
2026-04-09,000333,13:49:54,76.7400,26,2
2026-04-09,000333,13:49:57,76.7400,11,2
2026-04-09,000333,13:50:00,76.7400,23,2
2026-04-09,000333,13:50:03,76.7400,39,2
2026-04-09,000333,13:50:06,76.7400,40,2
2026-04-09,000333,13:50:09,76.7500,17,1
2026-04-09,000333,13:50:12,76.7400,38,2
2026-04-09,000333,13:50:15,76.7300,19,2
2026-04-09,000333,13:50:18,76.7300,7,2
2026-04-09,000333,13:50:21,76.7300,29,2
2026-04-09,000333,13:50:24,76.7200,143,2
2026-04-09,000333,13:50:27,76.7200,7,2
2026-04-09,000333,13:50:30,76.7300,104,1
2026-04-09,000333,13:50:33,76.7200,23,2
2026-04-09,000333,13:50:36,76.6800,182,2
2026-04-09,000333,13:50:39,76.6700,79,2
2026-04-09,000333,13:50:42,76.6700,16,2
2026-04-09,000333,13:50:45,76.6600,43,2
2026-04-09,000333,13:50:48,76.6700,38,1
2026-04-09,000333,13:50:51,76.6600,52,2
2026-04-09,000333,13:50:54,76.6600,17,2
2026-04-09,000333,13:50:57,76.6800,72,1
2026-04-09,000333,13:51:00,76.6900,13,1
2026-04-09,000333,13:51:03,76.6800,21,2
2026-04-09,000333,13:51:06,76.6800,17,2
2026-04-09,000333,13:51:09,76.6700,8,2
2026-04-09,000333,13:51:12,76.6600,55,2
2026-04-09,000333,13:51:15,76.6700,8,1
2026-04-09,000333,13:51:18,76.6800,24,1
2026-04-09,000333,13:51:21,76.6700,51,2
2026-04-09,000333,13:51:24,76.6600,130,2
2026-04-09,000333,13:51:27,76.6600,36,2
2026-04-09,000333,13:51:30,76.6700,24,1
2026-04-09,000333,13:51:33,76.6700,19,1
2026-04-09,000333,13:51:36,76.6700,5,1
2026-04-09,000333,13:51:39,76.6700,15,1
2026-04-09,000333,13:51:42,76.6700,39,2
2026-04-09,000333,13:51:45,76.6800,28,1
2026-04-09,000333,13:51:48,76.6600,41,2
2026-04-09,000333,13:51:51,76.6800,26,1
2026-04-09,000333,13:51:54,76.6600,2,2
2026-04-09,000333,13:51:57,76.6700,12,2
2026-04-09,000333,13:52:00,76.6700,127,1
2026-04-09,000333,13:52:03,76.6500,9,4
2026-04-09,000333,13:52:06,76.6700,83,1
2026-04-09,000333,13:52:09,76.6800,61,1
2026-04-09,000333,13:52:12,76.6700,23,2
2026-04-09,000333,13:52:15,76.6800,8,1
2026-04-09,000333,13:52:18,76.6700,2,2
2026-04-09,000333,13:52:21,76.6700,10,2
2026-04-09,000333,13:52:24,76.6600,3,2
2026-04-09,000333,13:52:27,76.6700,1,1
2026-04-09,000333,13:52:30,76.6700,31,1
2026-04-09,000333,13:52:33,76.6700,11,2
2026-04-09,000333,13:52:36,76.6600,94,2
2026-04-09,000333,13:52:39,76.6600,2,4
2026-04-09,000333,13:52:42,76.6600,1,1
2026-04-09,000333,13:52:48,76.6500,20,2
2026-04-09,000333,13:52:51,76.6400,22,2
2026-04-09,000333,13:52:54,76.6500,24,1
2026-04-09,000333,13:53:00,76.6400,26,4
2026-04-09,000333,13:53:06,76.6300,64,2
2026-04-09,000333,13:53:09,76.6400,41,1
2026-04-09,000333,13:53:12,76.6300,10,1
2026-04-09,000333,13:53:15,76.6200,10,2
2026-04-09,000333,13:53:18,76.6300,3,1
2026-04-09,000333,13:53:21,76.6200,16,2
2026-04-09,000333,13:53:24,76.6200,1,1
2026-04-09,000333,13:53:30,76.6200,41,1
2026-04-09,000333,13:53:33,76.6300,126,1
2026-04-09,000333,13:53:36,76.6400,60,1
2026-04-09,000333,13:53:39,76.6400,24,1
2026-04-09,000333,13:53:42,76.6300,1,2
2026-04-09,000333,13:53:48,76.6300,38,2
2026-04-09,000333,13:53:51,76.6400,18,1
2026-04-09,000333,13:53:54,76.6500,16,1
2026-04-09,000333,13:54:00,76.6500,6,1
2026-04-09,000333,13:54:03,76.6600,93,1
2026-04-09,000333,13:54:06,76.6700,10,1
2026-04-09,000333,13:54:12,76.6600,7,1
2026-04-09,000333,13:54:15,76.6600,7,1
2026-04-09,000333,13:54:18,76.6700,3,1
2026-04-09,000333,13:54:21,76.6700,79,1
2026-04-09,000333,13:54:24,76.6700,20,1
2026-04-09,000333,13:54:27,76.6700,1,2
2026-04-09,000333,13:54:30,76.6800,120,1
2026-04-09,000333,13:54:33,76.6800,47,2
2026-04-09,000333,13:54:36,76.6800,7,2
2026-04-09,000333,13:54:39,76.6800,8,2
2026-04-09,000333,13:54:42,76.6800,22,2
2026-04-09,000333,13:54:45,76.6700,79,2
2026-04-09,000333,13:54:48,76.6700,45,4
2026-04-09,000333,13:54:51,76.6600,41,2
2026-04-09,000333,13:54:54,76.6600,70,4
2026-04-09,000333,13:54:57,76.6700,2,1
2026-04-09,000333,13:55:00,76.6700,31,1
2026-04-09,000333,13:55:03,76.6600,2,2
2026-04-09,000333,13:55:06,76.6600,9,2
2026-04-09,000333,13:55:09,76.6500,47,2
2026-04-09,000333,13:55:12,76.6600,59,1
2026-04-09,000333,13:55:15,76.6400,10,2
2026-04-09,000333,13:55:18,76.6400,2,1
2026-04-09,000333,13:55:21,76.6300,3,2
2026-04-09,000333,13:55:24,76.6400,3,1
2026-04-09,000333,13:55:27,76.6400,1,1
2026-04-09,000333,13:55:30,76.6400,14,1
2026-04-09,000333,13:55:33,76.6300,1,2
2026-04-09,000333,13:55:36,76.6400,14,1
2026-04-09,000333,13:55:39,76.6400,17,1
2026-04-09,000333,13:55:42,76.6400,7,1
2026-04-09,000333,13:55:45,76.6400,21,1
2026-04-09,000333,13:55:48,76.6400,43,1
2026-04-09,000333,13:55:51,76.6600,101,1
2026-04-09,000333,13:55:54,76.6600,11,1
2026-04-09,000333,13:55:57,76.6600,9,1
2026-04-09,000333,13:56:00,76.6600,22,1
2026-04-09,000333,13:56:03,76.6600,19,1
2026-04-09,000333,13:56:06,76.6500,12,2
2026-04-09,000333,13:56:09,76.6500,1,2
2026-04-09,000333,13:56:12,76.6500,130,2
2026-04-09,000333,13:56:15,76.6500,17,2
2026-04-09,000333,13:56:18,76.6500,10,2
2026-04-09,000333,13:56:21,76.6600,89,1
2026-04-09,000333,13:56:24,76.6600,11,1
2026-04-09,000333,13:56:30,76.6600,54,1
2026-04-09,000333,13:56:33,76.6600,21,1
2026-04-09,000333,13:56:39,76.6600,4,1
2026-04-09,000333,13:56:45,76.6500,2,2
2026-04-09,000333,13:56:54,76.6600,18,1
2026-04-09,000333,13:56:57,76.6500,2,2
2026-04-09,000333,13:57:00,76.6600,86,1
2026-04-09,000333,13:57:06,76.6500,19,2
2026-04-09,000333,13:57:09,76.6500,5,2
2026-04-09,000333,13:57:12,76.6500,12,2
2026-04-09,000333,13:57:15,76.6500,30,2
2026-04-09,000333,13:57:18,76.6600,132,1
2026-04-09,000333,13:57:24,76.6500,13,2
2026-04-09,000333,13:57:27,76.6500,29,2
2026-04-09,000333,13:57:30,76.6500,98,2
2026-04-09,000333,13:57:33,76.6500,35,1
2026-04-09,000333,13:57:36,76.6500,6,1
2026-04-09,000333,13:57:39,76.6400,3,2
2026-04-09,000333,13:57:42,76.6400,27,2
2026-04-09,000333,13:57:45,76.6500,159,1
2026-04-09,000333,13:57:48,76.6500,4,2
2026-04-09,000333,13:57:51,76.6500,111,2
2026-04-09,000333,13:57:54,76.6600,252,1
2026-04-09,000333,13:58:00,76.6600,32,2
2026-04-09,000333,13:58:03,76.6700,138,1
2026-04-09,000333,13:58:06,76.6800,12,1
2026-04-09,000333,13:58:09,76.6700,25,2
2026-04-09,000333,13:58:12,76.6900,255,1
2026-04-09,000333,13:58:15,76.6900,22,2
2026-04-09,000333,13:58:18,76.6800,25,2
2026-04-09,000333,13:58:21,76.7000,233,1
2026-04-09,000333,13:58:24,76.7000,16,2
2026-04-09,000333,13:58:27,76.7200,4,1
2026-04-09,000333,13:58:30,76.7200,12,1
2026-04-09,000333,13:58:33,76.7100,4,2
2026-04-09,000333,13:58:36,76.7000,111,2
2026-04-09,000333,13:58:39,76.6800,1,2
2026-04-09,000333,13:58:42,76.7000,2,1
2026-04-09,000333,13:58:45,76.6800,3,2
2026-04-09,000333,13:58:48,76.7100,134,1
2026-04-09,000333,13:58:54,76.7000,44,1
2026-04-09,000333,13:58:57,76.6800,14,2
2026-04-09,000333,13:59:00,76.6900,20,1
2026-04-09,000333,13:59:03,76.6800,55,2
2026-04-09,000333,13:59:06,76.6800,11,2
2026-04-09,000333,13:59:09,76.7000,62,1
2026-04-09,000333,13:59:12,76.7000,62,1
2026-04-09,000333,13:59:15,76.6900,59,2
2026-04-09,000333,13:59:21,76.7000,121,1
2026-04-09,000333,13:59:24,76.6900,23,2
2026-04-09,000333,13:59:27,76.6800,44,2
2026-04-09,000333,13:59:30,76.6800,13,2
2026-04-09,000333,13:59:33,76.6800,2,2
2026-04-09,000333,13:59:36,76.6800,62,2
2026-04-09,000333,13:59:39,76.6800,40,2
2026-04-09,000333,13:59:42,76.7000,307,1
2026-04-09,000333,13:59:45,76.6800,17,1
2026-04-09,000333,13:59:48,76.6700,6,2
2026-04-09,000333,13:59:51,76.6800,4,4
2026-04-09,000333,13:59:54,76.6900,19,1
2026-04-09,000333,13:59:57,76.6900,1,1
2026-04-09,000333,14:00:00,76.6800,14,4
2026-04-09,000333,14:00:03,76.6700,113,2
2026-04-09,000333,14:00:06,76.6800,2,1
2026-04-09,000333,14:00:09,76.6700,82,2
2026-04-09,000333,14:00:12,76.6800,1,1
2026-04-09,000333,14:00:15,76.6800,12,1
2026-04-09,000333,14:00:18,76.6900,114,1
2026-04-09,000333,14:00:21,76.6800,22,2
2026-04-09,000333,14:00:24,76.6800,35,2
2026-04-09,000333,14:00:27,76.6900,35,1
2026-04-09,000333,14:00:30,76.6900,76,1
2026-04-09,000333,14:00:33,76.7000,31,1
2026-04-09,000333,14:00:36,76.7000,24,1
2026-04-09,000333,14:00:39,76.6900,57,2
2026-04-09,000333,14:00:42,76.7000,124,1
2026-04-09,000333,14:00:45,76.7000,81,1
2026-04-09,000333,14:00:48,76.7000,29,2
2026-04-09,000333,14:00:51,76.7000,65,2
2026-04-09,000333,14:00:54,76.7100,31,1
2026-04-09,000333,14:00:57,76.7100,108,1
2026-04-09,000333,14:01:00,76.7100,8,1
2026-04-09,000333,14:01:03,76.7200,23,1
2026-04-09,000333,14:01:06,76.7300,298,1
2026-04-09,000333,14:01:09,76.7400,122,1
2026-04-09,000333,14:01:12,76.7500,72,1
2026-04-09,000333,14:01:15,76.7300,103,2
2026-04-09,000333,14:01:18,76.7300,9,1
2026-04-09,000333,14:01:21,76.7300,2,1
2026-04-09,000333,14:01:24,76.7200,21,2
2026-04-09,000333,14:01:27,76.7300,3,1
2026-04-09,000333,14:01:30,76.7300,20,1
2026-04-09,000333,14:01:33,76.7300,17,2
2026-04-09,000333,14:01:36,76.7400,9,1
2026-04-09,000333,14:01:39,76.7500,35,1
2026-04-09,000333,14:01:42,76.7400,12,2
2026-04-09,000333,14:01:45,76.7400,12,2
2026-04-09,000333,14:01:48,76.7400,12,2
2026-04-09,000333,14:01:51,76.7500,30,1
2026-04-09,000333,14:01:54,76.7500,28,1
2026-04-09,000333,14:01:57,76.7500,15,1
2026-04-09,000333,14:02:00,76.7500,34,1
2026-04-09,000333,14:02:03,76.7400,6,2
2026-04-09,000333,14:02:06,76.7600,85,1
2026-04-09,000333,14:02:09,76.7400,1,2
2026-04-09,000333,14:02:12,76.7400,9,2
2026-04-09,000333,14:02:15,76.7500,1,1
2026-04-09,000333,14:02:18,76.7400,2,2
2026-04-09,000333,14:02:21,76.7500,17,1
2026-04-09,000333,14:02:27,76.7400,11,2
2026-04-09,000333,14:02:30,76.7500,12,1
2026-04-09,000333,14:02:33,76.7500,18,1
2026-04-09,000333,14:02:39,76.7500,6,1
2026-04-09,000333,14:02:45,76.7500,34,1
2026-04-09,000333,14:02:48,76.7500,61,1
2026-04-09,000333,14:02:54,76.7600,13,1
2026-04-09,000333,14:02:57,76.7500,39,2
2026-04-09,000333,14:03:00,76.7600,29,1
2026-04-09,000333,14:03:03,76.7600,99,1
2026-04-09,000333,14:03:06,76.7500,5,2
2026-04-09,000333,14:03:09,76.7600,1,1
2026-04-09,000333,14:03:12,76.7500,91,2
2026-04-09,000333,14:03:15,76.7600,45,1
2026-04-09,000333,14:03:18,76.7700,10,1
2026-04-09,000333,14:03:21,76.7700,40,1
2026-04-09,000333,14:03:24,76.7800,25,1
2026-04-09,000333,14:03:30,76.7800,20,1
2026-04-09,000333,10:48:57,76.4000,36,2
2026-04-09,000333,10:49:00,76.4200,16,1
2026-04-09,000333,10:49:03,76.4000,15,2
2026-04-09,000333,10:49:06,76.4100,224,1
2026-04-09,000333,10:49:09,76.4100,12,1
2026-04-09,000333,10:49:12,76.4200,8,1
2026-04-09,000333,10:49:15,76.4200,25,1
2026-04-09,000333,10:49:18,76.4000,21,2
2026-04-09,000333,10:49:21,76.4000,14,1
2026-04-09,000333,10:49:24,76.5000,1445,1
2026-04-09,000333,10:49:27,76.4200,522,2
2026-04-09,000333,10:49:30,76.5000,32,1
2026-04-09,000333,10:49:33,76.5100,214,1
2026-04-09,000333,10:49:36,76.5200,69,1
2026-04-09,000333,10:49:39,76.5200,36,1
2026-04-09,000333,10:49:42,76.5100,49,2
2026-04-09,000333,10:49:45,76.5100,56,1
2026-04-09,000333,10:49:48,76.5100,45,1
2026-04-09,000333,10:49:51,76.5000,70,2
2026-04-09,000333,10:49:54,76.5000,73,2
2026-04-09,000333,10:49:57,76.4900,344,2
2026-04-09,000333,10:50:00,76.4900,21,1
2026-04-09,000333,10:50:03,76.4900,62,2
2026-04-09,000333,10:50:06,76.5100,26,1
2026-04-09,000333,10:50:09,76.5100,22,1
2026-04-09,000333,10:50:12,76.5100,64,1
2026-04-09,000333,10:50:15,76.5200,20,1
2026-04-09,000333,10:50:18,76.6100,720,1
2026-04-09,000333,10:50:21,76.6500,68,1
2026-04-09,000333,10:50:24,76.6500,139,1
2026-04-09,000333,10:50:27,76.6400,52,2
2026-04-09,000333,10:50:30,76.6500,27,1
2026-04-09,000333,10:50:33,76.6500,67,2
2026-04-09,000333,10:50:36,76.6400,63,2
2026-04-09,000333,10:50:39,76.6000,80,2
2026-04-09,000333,10:50:42,76.6000,82,2
2026-04-09,000333,10:50:45,76.6000,72,2
2026-04-09,000333,10:50:48,76.6400,22,1
2026-04-09,000333,10:50:51,76.6500,304,1
2026-04-09,000333,10:50:54,76.6500,20,1
2026-04-09,000333,10:50:57,76.6400,25,2
2026-04-09,000333,10:51:00,76.6400,69,2
2026-04-09,000333,10:51:03,76.6400,7,1
2026-04-09,000333,10:51:06,76.6400,18,1
2026-04-09,000333,10:51:09,76.6400,14,2
2026-04-09,000333,10:51:12,76.6700,27,1
2026-04-09,000333,10:51:15,76.6400,19,2
2026-04-09,000333,10:51:18,76.6400,10,1
2026-04-09,000333,10:51:21,76.6300,50,2
2026-04-09,000333,10:51:24,76.6300,81,2
2026-04-09,000333,10:51:27,76.6300,28,2
2026-04-09,000333,10:51:30,76.6400,44,4
2026-04-09,000333,10:51:33,76.6400,17,1
2026-04-09,000333,10:51:36,76.6300,9,1
2026-04-09,000333,10:51:39,76.6200,32,2
2026-04-09,000333,10:51:42,76.6200,25,1
2026-04-09,000333,10:51:45,76.6200,260,1
2026-04-09,000333,10:51:48,76.6300,42,1
2026-04-09,000333,10:51:51,76.6200,58,2
2026-04-09,000333,10:51:54,76.6500,26,1
2026-04-09,000333,10:51:57,76.6300,35,2
2026-04-09,000333,10:52:00,76.6500,18,1
2026-04-09,000333,10:52:03,76.6300,33,2
2026-04-09,000333,10:52:06,76.6300,8,2
2026-04-09,000333,10:52:09,76.6500,10,1
2026-04-09,000333,10:52:12,76.6300,20,2
2026-04-09,000333,10:52:15,76.6400,11,4
2026-04-09,000333,10:52:18,76.6300,28,2
2026-04-09,000333,10:52:21,76.6300,346,1
2026-04-09,000333,10:52:24,76.6300,38,1
2026-04-09,000333,10:52:27,76.6300,53,1
2026-04-09,000333,10:52:30,76.6500,29,1
2026-04-09,000333,10:52:33,76.6500,56,2
2026-04-09,000333,10:52:36,76.6500,54,2
2026-04-09,000333,10:52:39,76.6700,127,1
2026-04-09,000333,10:52:42,76.6600,32,4
2026-04-09,000333,10:52:45,76.6600,16,2
2026-04-09,000333,10:52:48,76.6600,14,2
2026-04-09,000333,10:52:51,76.6600,57,2
2026-04-09,000333,10:52:54,76.6600,148,1
2026-04-09,000333,10:52:57,76.6700,98,1
2026-04-09,000333,10:53:00,76.6600,62,1
2026-04-09,000333,10:53:03,76.6000,11,2
2026-04-09,000333,10:53:06,76.6100,23,2
2026-04-09,000333,10:53:09,76.6300,10,1
2026-04-09,000333,10:53:12,76.6100,6,2
2026-04-09,000333,10:53:15,76.6400,77,1
2026-04-09,000333,10:53:18,76.5900,22,2
2026-04-09,000333,10:53:21,76.5500,41,2
2026-04-09,000333,10:53:24,76.5400,98,2
2026-04-09,000333,10:53:27,76.5500,37,2
2026-04-09,000333,10:53:30,76.6100,204,1
2026-04-09,000333,10:53:33,76.6100,57,2
2026-04-09,000333,10:53:36,76.6100,42,2
2026-04-09,000333,10:53:39,76.6200,24,2
2026-04-09,000333,10:53:42,76.6500,35,1
2026-04-09,000333,10:53:45,76.6500,8,1
2026-04-09,000333,10:53:48,76.6300,11,2
2026-04-09,000333,10:53:51,76.6500,26,1
2026-04-09,000333,10:53:54,76.6500,41,2
2026-04-09,000333,10:53:57,76.6300,21,2
2026-04-09,000333,10:54:00,76.6500,15,1
2026-04-09,000333,10:54:03,76.6300,5,2
2026-04-09,000333,10:54:06,76.7000,424,1
2026-04-09,000333,10:54:09,76.7100,89,1
2026-04-09,000333,10:54:12,76.7300,56,1
2026-04-09,000333,10:54:15,76.7200,68,2
2026-04-09,000333,10:54:18,76.7200,28,2
2026-04-09,000333,10:54:21,76.7100,30,2
2026-04-09,000333,10:54:24,76.7000,23,2
2026-04-09,000333,10:54:27,76.7000,15,2
2026-04-09,000333,10:54:30,76.7100,14,1
2026-04-09,000333,10:54:33,76.7100,28,2
2026-04-09,000333,10:54:36,76.7100,10,1
2026-04-09,000333,10:54:39,76.7000,57,2
2026-04-09,000333,10:54:42,76.7000,21,2
2026-04-09,000333,10:54:45,76.7000,45,2
2026-04-09,000333,10:54:48,76.7000,19,2
2026-04-09,000333,10:54:51,76.7100,98,1
2026-04-09,000333,10:54:54,76.7100,34,2
2026-04-09,000333,10:54:57,76.7200,23,1
2026-04-09,000333,10:55:00,76.7200,29,1
2026-04-09,000333,10:55:03,76.7200,2,1
2026-04-09,000333,10:55:06,76.7100,9,1
2026-04-09,000333,10:55:09,76.7200,13,1
2026-04-09,000333,10:55:12,76.7100,76,4
2026-04-09,000333,10:55:15,76.6900,228,2
2026-04-09,000333,10:55:18,76.6700,95,2
2026-04-09,000333,10:55:21,76.6100,37,2
2026-04-09,000333,10:55:24,76.6300,15,1
2026-04-09,000333,10:55:27,76.6300,10,2
2026-04-09,000333,10:55:30,76.6600,33,1
2026-04-09,000333,10:55:33,76.6200,19,2
2026-04-09,000333,10:55:36,76.6600,24,1
2026-04-09,000333,10:55:39,76.6300,5,2
2026-04-09,000333,10:55:42,76.6300,29,1
2026-04-09,000333,10:55:45,76.6300,67,2
2026-04-09,000333,10:55:48,76.6300,22,1
2026-04-09,000333,10:55:51,76.6300,13,1
2026-04-09,000333,10:55:54,76.6100,11,2
2026-04-09,000333,10:55:57,76.5700,34,2
2026-04-09,000333,10:56:00,76.5800,26,1
2026-04-09,000333,10:56:03,76.5600,27,2
2026-04-09,000333,10:56:06,76.5800,54,1
2026-04-09,000333,10:56:09,76.5600,30,2
2026-04-09,000333,10:56:12,76.5600,8,2
2026-04-09,000333,10:56:15,76.5600,23,2
2026-04-09,000333,10:56:18,76.5600,39,2
2026-04-09,000333,10:56:21,76.5500,16,2
2026-04-09,000333,10:56:24,76.5600,29,1
2026-04-09,000333,10:56:27,76.5300,7,2
2026-04-09,000333,10:56:30,76.5500,13,1
2026-04-09,000333,10:56:33,76.5500,36,1
2026-04-09,000333,10:56:36,76.5500,27,2
2026-04-09,000333,10:56:39,76.5500,24,2
2026-04-09,000333,10:56:42,76.5500,14,1
2026-04-09,000333,10:56:45,76.5500,9,1
2026-04-09,000333,10:56:48,76.5500,9,2
2026-04-09,000333,10:56:51,76.5600,4,4
2026-04-09,000333,10:56:54,76.5100,135,2
2026-04-09,000333,10:56:57,76.5200,99,1
2026-04-09,000333,10:57:00,76.5600,16,1
2026-04-09,000333,10:57:03,76.5200,169,2
2026-04-09,000333,10:57:06,76.5500,61,2
2026-04-09,000333,10:57:09,76.5700,18,1
2026-04-09,000333,10:57:12,76.5700,5,1
2026-04-09,000333,10:57:15,76.5800,12,1
2026-04-09,000333,10:57:18,76.5700,4,2
2026-04-09,000333,10:57:21,76.5800,1,1
2026-04-09,000333,10:57:24,76.5700,6,2
2026-04-09,000333,10:57:27,76.5800,8,1
2026-04-09,000333,10:57:30,76.5800,35,1
2026-04-09,000333,10:57:33,76.5800,3,1
2026-04-09,000333,10:57:36,76.5700,19,2
2026-04-09,000333,10:57:39,76.5800,8,1
2026-04-09,000333,10:57:45,76.5700,5,2
2026-04-09,000333,10:57:48,76.5800,1,1
2026-04-09,000333,10:57:51,76.5800,21,1
2026-04-09,000333,10:57:54,76.5800,22,1
2026-04-09,000333,10:57:57,76.5800,1,1
2026-04-09,000333,10:58:00,76.5800,17,1
2026-04-09,000333,10:58:03,76.5700,11,2
2026-04-09,000333,10:58:06,76.5800,10,1
2026-04-09,000333,10:58:09,76.5800,106,1
2026-04-09,000333,10:58:12,76.5800,17,1
2026-04-09,000333,10:58:15,76.5700,83,2
2026-04-09,000333,10:58:18,76.5700,16,2
2026-04-09,000333,10:58:21,76.5800,24,1
2026-04-09,000333,10:58:24,76.5800,15,1
2026-04-09,000333,10:58:27,76.5800,26,1
2026-04-09,000333,10:58:30,76.5800,20,1
2026-04-09,000333,10:58:33,76.5800,89,1
2026-04-09,000333,10:58:36,76.5800,86,1
2026-04-09,000333,10:58:39,76.6100,513,1
2026-04-09,000333,10:58:42,76.6300,111,1
2026-04-09,000333,10:58:45,76.6100,147,2
2026-04-09,000333,10:58:48,76.6400,21,1
2026-04-09,000333,10:58:51,76.6500,28,1
2026-04-09,000333,10:58:54,76.6200,18,2
2026-04-09,000333,10:58:57,76.6200,14,1
2026-04-09,000333,10:59:00,76.6300,31,1
2026-04-09,000333,10:59:03,76.6300,16,2
2026-04-09,000333,10:59:06,76.6300,21,1
2026-04-09,000333,10:59:09,76.6200,23,2
2026-04-09,000333,10:59:12,76.6300,5,1
2026-04-09,000333,10:59:15,76.6200,6,2
2026-04-09,000333,10:59:18,76.6200,18,2
2026-04-09,000333,10:59:21,76.6200,22,4
2026-04-09,000333,10:59:24,76.6200,15,1
2026-04-09,000333,10:59:30,76.6000,27,2
2026-04-09,000333,10:59:33,76.6000,13,1
2026-04-09,000333,10:59:36,76.6000,9,1
2026-04-09,000333,10:59:39,76.6000,9,1
2026-04-09,000333,10:59:42,76.6000,7,1
2026-04-09,000333,10:59:45,76.6000,36,1
2026-04-09,000333,10:59:48,76.5900,5,2
2026-04-09,000333,10:59:51,76.5900,26,2
2026-04-09,000333,10:59:54,76.6000,33,1
2026-04-09,000333,10:59:57,76.5900,16,2
2026-04-09,000333,11:00:00,76.6000,24,1
2026-04-09,000333,11:00:03,76.5900,24,2
2026-04-09,000333,11:00:06,76.6000,23,2
2026-04-09,000333,11:00:09,76.6000,18,1
2026-04-09,000333,11:00:12,76.6000,27,1
2026-04-09,000333,11:00:15,76.5900,31,2
2026-04-09,000333,11:00:18,76.6000,18,1
2026-04-09,000333,11:00:21,76.6300,649,1
2026-04-09,000333,11:00:24,76.6500,169,1
2026-04-09,000333,11:00:27,76.6500,58,1
2026-04-09,000333,11:00:30,76.6700,99,1
2026-04-09,000333,11:00:33,76.6800,110,1
2026-04-09,000333,11:00:36,76.6700,57,1
2026-04-09,000333,11:00:39,76.6500,76,2
2026-04-09,000333,11:00:42,76.6700,14,1
2026-04-09,000333,11:00:45,76.6700,17,1
2026-04-09,000333,11:00:48,76.6800,12,1
2026-04-09,000333,11:00:51,76.6700,72,2
2026-04-09,000333,11:00:54,76.6500,36,2
2026-04-09,000333,11:00:57,76.6600,17,1
2026-04-09,000333,11:01:00,76.6600,8,1
2026-04-09,000333,11:01:03,76.6700,14,1
2026-04-09,000333,11:01:06,76.6700,7,1
2026-04-09,000333,11:01:09,76.6700,5,1
2026-04-09,000333,11:01:12,76.6600,56,2
2026-04-09,000333,11:01:15,76.6600,38,2
2026-04-09,000333,11:01:18,76.6700,15,1
2026-04-09,000333,11:01:21,76.6700,13,1
2026-04-09,000333,11:01:24,76.6700,4,1
2026-04-09,000333,11:01:27,76.6600,2,2
2026-04-09,000333,11:01:30,76.6700,16,1
2026-04-09,000333,11:01:33,76.6600,43,2
2026-04-09,000333,11:01:36,76.6200,28,2
2026-04-09,000333,11:01:39,76.6500,12,2
2026-04-09,000333,11:01:42,76.6500,17,1
2026-04-09,000333,11:01:45,76.6500,2,1
2026-04-09,000333,11:01:48,76.6500,16,2
2026-04-09,000333,11:01:51,76.6600,16,1
2026-04-09,000333,11:01:54,76.6600,14,1
2026-04-09,000333,11:01:57,76.6500,25,2
2026-04-09,000333,11:02:00,76.6600,21,1
2026-04-09,000333,11:02:03,76.6500,19,2
2026-04-09,000333,11:02:06,76.6500,21,1
2026-04-09,000333,11:02:09,76.6600,21,1
2026-04-09,000333,11:02:12,76.6600,26,1
2026-04-09,000333,11:02:15,76.6600,19,1
2026-04-09,000333,11:02:18,76.6700,4,1
2026-04-09,000333,11:02:21,76.6700,63,1
2026-04-09,000333,11:02:24,76.6600,10,2
2026-04-09,000333,11:02:27,76.6600,1,1
2026-04-09,000333,11:02:30,76.6600,21,1
2026-04-09,000333,11:02:33,76.6500,23,2
2026-04-09,000333,11:02:36,76.6500,9,2
2026-04-09,000333,11:02:39,76.6500,1,1
2026-04-09,000333,11:02:42,76.6400,95,2
2026-04-09,000333,11:02:45,76.5900,9,2
2026-04-09,000333,11:02:48,76.5700,136,2
2026-04-09,000333,11:02:51,76.5600,14,2
2026-04-09,000333,11:02:54,76.5800,7,1
2026-04-09,000333,11:02:57,76.5800,5,2
2026-04-09,000333,11:03:00,76.6000,13,1
2026-04-09,000333,11:03:03,76.5800,7,2
2026-04-09,000333,11:03:06,76.6100,12,1
2026-04-09,000333,11:03:09,76.5900,18,2
2026-04-09,000333,11:03:12,76.5900,7,1
2026-04-09,000333,11:03:15,76.5800,15,2
2026-04-09,000333,11:03:18,76.5700,24,2
2026-04-09,000333,11:03:21,76.5900,11,1
2026-04-09,000333,11:03:30,76.5700,18,2
2026-04-09,000333,11:03:33,76.5600,5,2
2026-04-09,000333,11:03:36,76.5600,12,2
2026-04-09,000333,11:03:39,76.5700,9,1
2026-04-09,000333,11:03:42,76.5700,26,1
2026-04-09,000333,11:03:45,76.5700,21,1
2026-04-09,000333,11:03:48,76.5800,6,1
2026-04-09,000333,11:03:51,76.5800,22,1
2026-04-09,000333,11:03:54,76.5800,26,1
2026-04-09,000333,11:03:57,76.5800,32,1
2026-04-09,000333,11:04:00,76.5900,29,1
2026-04-09,000333,11:04:03,76.5900,30,1
2026-04-09,000333,11:04:06,76.6000,381,1
2026-04-09,000333,11:04:09,76.6300,119,1
2026-04-09,000333,11:04:12,76.6400,80,2
2026-04-09,000333,11:04:15,76.7600,1678,1
2026-04-09,000333,11:04:18,76.7700,267,1
2026-04-09,000333,11:04:21,76.7900,105,1
2026-04-09,000333,11:04:24,76.7600,118,2
2026-04-09,000333,11:04:27,76.7500,36,2
2026-04-09,000333,11:04:30,76.7500,49,1
2026-04-09,000333,11:04:33,76.7500,60,1
2026-04-09,000333,11:04:36,76.7000,21,2
2026-04-09,000333,11:04:39,76.7000,2,2
2026-04-09,000333,11:04:42,76.7300,9,1
2026-04-09,000333,11:04:45,76.7100,86,2
2026-04-09,000333,11:04:48,76.7300,20,1
2026-04-09,000333,11:04:51,76.7300,33,2
2026-04-09,000333,11:04:54,76.7300,16,2
2026-04-09,000333,11:04:57,76.7300,37,2
2026-04-09,000333,11:05:00,76.7400,64,1
2026-04-09,000333,11:05:03,76.7300,33,1
2026-04-09,000333,11:05:06,76.7100,10,2
2026-04-09,000333,11:05:09,76.7000,2,2
2026-04-09,000333,11:05:12,76.7100,3,2
2026-04-09,000333,11:05:15,76.7300,3,1
2026-04-09,000333,11:05:18,76.7000,32,2
2026-04-09,000333,11:05:24,76.6900,128,2
2026-04-09,000333,11:05:27,76.7000,26,1
2026-04-09,000333,11:05:30,76.7000,14,2
2026-04-09,000333,11:05:33,76.7200,13,2
2026-04-09,000333,11:05:36,76.7300,31,1
2026-04-09,000333,11:05:39,76.7100,7,2
2026-04-09,000333,11:05:42,76.6900,45,2
2026-04-09,000333,11:05:45,76.7100,13,1
2026-04-09,000333,11:05:48,76.7100,10,1
2026-04-09,000333,11:05:51,76.6900,18,2
2026-04-09,000333,11:05:54,76.7000,9,4
2026-04-09,000333,11:05:57,76.7100,35,4
2026-04-09,000333,11:06:00,76.7300,18,1
2026-04-09,000333,11:06:03,76.7200,21,2
2026-04-09,000333,11:06:06,76.7200,85,2
2026-04-09,000333,11:06:09,76.7700,221,1
2026-04-09,000333,11:06:12,76.7600,176,4
2026-04-09,000333,11:06:15,76.7700,128,1
2026-04-09,000333,11:06:18,76.7700,46,1
2026-04-09,000333,11:06:21,76.7600,34,2
2026-04-09,000333,11:06:24,76.7200,35,2
2026-04-09,000333,11:06:27,76.7200,14,2
2026-04-09,000333,11:06:30,76.7400,13,1
2026-04-09,000333,11:06:33,76.7400,26,1
2026-04-09,000333,11:06:36,76.7400,23,1
2026-04-09,000333,11:06:39,76.7400,7,1
2026-04-09,000333,11:06:42,76.7400,27,2
2026-04-09,000333,11:06:45,76.7400,12,2
2026-04-09,000333,11:06:48,76.7100,12,2
2026-04-09,000333,11:06:51,76.7300,22,4
2026-04-09,000333,11:06:54,76.7400,4,1
2026-04-09,000333,11:07:00,76.7400,12,1
2026-04-09,000333,11:07:03,76.7300,7,4
2026-04-09,000333,11:07:06,76.7300,7,1
2026-04-09,000333,11:07:09,76.7200,19,2
2026-04-09,000333,11:07:12,76.7000,77,2
2026-04-09,000333,11:07:15,76.7200,64,1
2026-04-09,000333,11:07:18,76.6400,18,2
2026-04-09,000333,11:07:21,76.6800,8,2
2026-04-09,000333,11:07:24,76.6800,5,1
2026-04-09,000333,11:07:27,76.6600,18,2
2026-04-09,000333,11:07:30,76.6600,4,1
2026-04-09,000333,11:07:33,76.6900,6,1
2026-04-09,000333,11:07:36,76.6600,8,2
2026-04-09,000333,11:07:39,76.6600,8,2
2026-04-09,000333,11:07:42,76.6600,6,2
2026-04-09,000333,11:07:45,76.6700,3,2
2026-04-09,000333,11:07:48,76.6700,26,2
2026-04-09,000333,11:07:51,76.6600,29,2
2026-04-09,000333,11:07:54,76.6600,10,2
2026-04-09,000333,11:08:00,76.6800,11,1
2026-04-09,000333,11:08:03,76.6800,3,2
2026-04-09,000333,11:08:06,76.6800,21,2
2026-04-09,000333,11:08:09,76.6800,6,1
2026-04-09,000333,11:08:12,76.6700,3,1
2026-04-09,000333,11:08:15,76.6500,46,2
2026-04-09,000333,11:08:18,76.6500,11,1
2026-04-09,000333,11:08:21,76.6500,12,1
2026-04-09,000333,11:08:24,76.6500,7,1
2026-04-09,000333,11:08:27,76.6500,23,1
2026-04-09,000333,11:08:30,76.6500,51,1
2026-04-09,000333,11:08:33,76.6500,27,1
2026-04-09,000333,11:08:36,76.6500,2,1
2026-04-09,000333,11:08:39,76.6500,19,1
2026-04-09,000333,11:08:42,76.6400,6,2
2026-04-09,000333,11:08:45,76.6500,17,1
2026-04-09,000333,11:08:48,76.6500,8,1
2026-04-09,000333,11:08:51,76.6500,24,1
2026-04-09,000333,11:08:54,76.6400,2,2
2026-04-09,000333,11:08:57,76.6500,4,1
2026-04-09,000333,11:09:00,76.6500,15,1
2026-04-09,000333,11:09:03,76.6500,9,1
2026-04-09,000333,11:09:06,76.6500,12,1
2026-04-09,000333,11:09:09,76.6500,5,1
2026-04-09,000333,11:09:12,76.6500,9,1
2026-04-09,000333,11:09:15,76.6400,65,2
2026-04-09,000333,11:09:18,76.6500,16,1
2026-04-09,000333,11:09:21,76.6500,14,1
2026-04-09,000333,11:09:24,76.6400,147,2
2026-04-09,000333,11:09:27,76.6000,48,2
2026-04-09,000333,11:09:30,76.6500,29,1
2026-04-09,000333,11:09:33,76.6500,37,1
2026-04-09,000333,11:09:36,76.6500,36,1
2026-04-09,000333,11:09:39,76.6400,23,2
2026-04-09,000333,11:09:42,76.6400,2,2
2026-04-09,000333,11:09:45,76.6400,4,4
2026-04-09,000333,11:09:48,76.6400,4,1
2026-04-09,000333,11:09:51,76.6200,64,2
2026-04-09,000333,11:09:54,76.6100,50,2
2026-04-09,000333,11:09:57,76.6200,4,2
2026-04-09,000333,11:10:00,76.6400,14,1
2026-04-09,000333,11:10:03,76.6300,22,2
2026-04-09,000333,11:10:06,76.6400,3,1
2026-04-09,000333,11:10:09,76.6400,66,4
2026-04-09,000333,11:10:12,76.6400,46,1
2026-04-09,000333,11:10:15,76.6500,31,1
2026-04-09,000333,11:10:18,76.6400,28,4
2026-04-09,000333,11:10:21,76.6500,6,1
2026-04-09,000333,11:10:24,76.6500,12,1
2026-04-09,000333,11:10:27,76.6300,41,2
2026-04-09,000333,11:10:30,76.6300,20,1
2026-04-09,000333,11:10:33,76.6400,1,1
2026-04-09,000333,11:10:36,76.6400,6,1
2026-04-09,000333,11:10:39,76.6200,43,2
2026-04-09,000333,11:10:42,76.6300,15,2
2026-04-09,000333,11:10:45,76.6400,13,1
2026-04-09,000333,11:10:48,76.6400,4,1
2026-04-09,000333,11:10:51,76.6400,16,1
2026-04-09,000333,11:10:54,76.6300,6,2
2026-04-09,000333,11:10:57,76.6400,1,1
2026-04-09,000333,11:11:00,76.6000,48,2
2026-04-09,000333,11:11:03,76.6200,38,2
2026-04-09,000333,11:11:06,76.6200,64,2
2026-04-09,000333,11:11:09,76.6300,22,1
2026-04-09,000333,11:11:12,76.5900,30,2
2026-04-09,000333,11:11:15,76.6100,57,1
2026-04-09,000333,11:11:18,76.5600,97,2
2026-04-09,000333,11:11:21,76.6100,48,1
2026-04-09,000333,11:11:24,76.6100,3,1
2026-04-09,000333,11:11:30,76.5800,20,2
2026-04-09,000333,11:11:33,76.5900,9,2
2026-04-09,000333,11:11:36,76.5800,1,2
2026-04-09,000333,11:11:39,76.6000,2,1
2026-04-09,000333,11:11:42,76.6100,29,1
2026-04-09,000333,11:11:45,76.6200,18,1
2026-04-09,000333,11:11:48,76.6200,3,1
2026-04-09,000333,11:11:51,76.6200,24,1
2026-04-09,000333,11:11:54,76.5700,8,2
2026-04-09,000333,11:11:57,76.5800,2,2
2026-04-09,000333,11:12:00,76.5800,16,1
2026-04-09,000333,11:12:03,76.5900,36,1
2026-04-09,000333,11:12:06,76.5900,22,1
2026-04-09,000333,11:12:09,76.5800,3,4
2026-04-09,000333,11:12:12,76.5800,9,1
2026-04-09,000333,11:12:15,76.5900,11,1
2026-04-09,000333,11:12:18,76.5900,6,1
2026-04-09,000333,11:12:21,76.5900,17,1
2026-04-09,000333,11:12:24,76.5900,34,1
2026-04-09,000333,11:12:27,76.5800,14,2
2026-04-09,000333,11:12:30,76.5800,38,1
2026-04-09,000333,11:12:33,76.5800,16,4
2026-04-09,000333,11:12:36,76.5800,7,1
2026-04-09,000333,11:12:39,76.5800,5,1
2026-04-09,000333,11:12:42,76.5800,86,1
2026-04-09,000333,11:12:45,76.5800,11,1
2026-04-09,000333,11:12:48,76.5700,29,2
2026-04-09,000333,11:12:51,76.5800,22,1
2026-04-09,000333,11:12:54,76.5600,25,2
2026-04-09,000333,11:12:57,76.5700,6,2
2026-04-09,000333,11:13:00,76.5800,26,1
2026-04-09,000333,11:13:03,76.5600,12,2
2026-04-09,000333,11:13:06,76.5800,3,1
2026-04-09,000333,11:13:09,76.5700,26,2
2026-04-09,000333,11:13:12,76.5700,6,2
2026-04-09,000333,11:13:15,76.5700,12,2
2026-04-09,000333,11:13:18,76.5700,6,2
2026-04-09,000333,11:13:21,76.5800,3,1
2026-04-09,000333,11:13:24,76.5300,55,2
2026-04-09,000333,11:13:27,76.5600,9,1
2026-04-09,000333,11:13:30,76.5500,62,1
2026-04-09,000333,11:13:33,76.5500,74,1
2026-04-09,000333,11:13:36,76.5700,50,1
2026-04-09,000333,11:13:39,76.5700,39,1
2026-04-09,000333,11:13:42,76.5800,10,1
2026-04-09,000333,11:13:45,76.5700,20,2
2026-04-09,000333,11:13:48,76.5800,2,1
2026-04-09,000333,11:13:51,76.5800,17,1
2026-04-09,000333,11:13:54,76.5900,45,1
2026-04-09,000333,11:13:57,76.5900,23,1
2026-04-09,000333,11:14:00,76.5800,80,2
2026-04-09,000333,11:14:03,76.6200,203,1
2026-04-09,000333,11:14:06,76.6200,44,1
2026-04-09,000333,11:14:09,76.6300,53,1
2026-04-09,000333,11:14:12,76.6200,36,2
2026-04-09,000333,11:14:15,76.6300,7,1
2026-04-09,000333,11:14:18,76.6200,61,2
2026-04-09,000333,11:14:21,76.6100,28,2
2026-04-09,000333,11:14:24,76.6000,19,2
2026-04-09,000333,11:14:30,76.6000,18,1
2026-04-09,000333,11:14:33,76.6200,143,1
2026-04-09,000333,11:14:36,76.6300,152,1
2026-04-09,000333,11:14:39,76.6200,56,2
2026-04-09,000333,11:14:42,76.6300,19,1
2026-04-09,000333,11:14:45,76.6300,27,1
2026-04-09,000333,11:14:48,76.6400,262,1
