date,code,time,price,volume,bs
2026-02-10,000001,13:59:33,11.0500,73,2
2026-02-10,000001,13:59:36,11.0600,32,1
2026-02-10,000001,13:59:42,11.0500,7,2
2026-02-10,000001,13:59:45,11.0600,113,1
2026-02-10,000001,13:59:48,11.0600,1,1
2026-02-10,000001,13:59:54,11.0600,16,1
2026-02-10,000001,13:59:57,11.0500,2,2
2026-02-10,000001,14:00:03,11.0500,71,2
2026-02-10,000001,14:00:06,11.0500,1,2
2026-02-10,000001,14:00:09,11.0600,82,1
2026-02-10,000001,14:00:12,11.0600,11,1
2026-02-10,000001,14:00:15,11.0600,2,1
2026-02-10,000001,14:00:18,11.0500,7,2
2026-02-10,000001,14:00:21,11.0500,500,2
2026-02-10,000001,14:00:24,11.0600,10,1
2026-02-10,000001,14:00:30,11.0500,100,2
2026-02-10,000001,14:00:33,11.0500,96,2
2026-02-10,000001,14:00:36,11.0500,1,2
2026-02-10,000001,14:00:39,11.0600,85,1
2026-02-10,000001,14:00:42,11.0600,593,1
2026-02-10,000001,14:00:45,11.0600,28,2
2026-02-10,000001,14:00:48,11.0600,196,2
2026-02-10,000001,14:00:51,11.0600,164,2
2026-02-10,000001,14:00:54,11.0600,33,2
2026-02-10,000001,14:00:57,11.0700,465,1
2026-02-10,000001,14:01:00,11.0600,34,1
2026-02-10,000001,14:01:03,11.0600,15,1
2026-02-10,000001,14:01:06,11.0600,52,2
2026-02-10,000001,14:01:09,11.0600,3,2
2026-02-10,000001,14:01:12,11.0600,16,2
2026-02-10,000001,14:01:15,11.0700,17,1
2026-02-10,000001,14:01:18,11.0600,10,2
2026-02-10,000001,14:01:21,11.0600,24,2
2026-02-10,000001,14:01:24,11.0600,16,2
2026-02-10,000001,14:01:27,11.0600,21,2
2026-02-10,000001,14:01:30,11.0700,34,1
2026-02-10,000001,14:01:33,11.0600,204,2
2026-02-10,000001,14:01:36,11.0700,70,1
2026-02-10,000001,14:01:39,11.0600,76,2
2026-02-10,000001,14:01:42,11.0600,26,1
2026-02-10,000001,14:01:45,11.0500,25,2
2026-02-10,000001,14:01:48,11.0600,23,1
2026-02-10,000001,14:01:51,11.0600,7,1
2026-02-10,000001,14:01:54,11.0600,22,1
2026-02-10,000001,14:01:57,11.0500,3,2
2026-02-10,000001,14:02:00,11.0500,43,2
2026-02-10,000001,14:02:03,11.0500,14,2
2026-02-10,000001,14:02:06,11.0500,62,2
2026-02-10,000001,14:02:09,11.0500,24,2
2026-02-10,000001,14:02:15,11.0600,43,1
2026-02-10,000001,14:02:18,11.0500,7,2
2026-02-10,000001,14:02:24,11.0600,31,1
2026-02-10,000001,14:02:27,11.0500,18,2
2026-02-10,000001,14:02:33,11.0600,5,1
2026-02-10,000001,14:02:36,11.0500,1,2
2026-02-10,000001,14:02:39,11.0500,10,2
2026-02-10,000001,14:02:42,11.0500,48,2
2026-02-10,000001,14:02:45,11.0500,6,2
2026-02-10,000001,14:02:48,11.0500,17,2
2026-02-10,000001,14:02:51,11.0600,41,1
2026-02-10,000001,14:02:54,11.0500,80,2
2026-02-10,000001,14:02:57,11.0600,20,1
2026-02-10,000001,14:03:00,11.0600,1,1
2026-02-10,000001,14:03:06,11.0600,2,1
2026-02-10,000001,14:03:09,11.0500,2,2
2026-02-10,000001,14:03:12,11.0600,1,1
2026-02-10,000001,14:03:15,11.0600,5,1
2026-02-10,000001,14:03:21,11.0500,10,2
2026-02-10,000001,14:03:24,11.0500,3,2
2026-02-10,000001,14:03:27,11.0500,64,2
2026-02-10,000001,14:03:30,11.0600,27,1
2026-02-10,000001,14:03:33,11.0500,3,2
2026-02-10,000001,14:03:36,11.0600,18,1
2026-02-10,000001,14:03:39,11.0600,1,1
2026-02-10,000001,14:03:42,11.0500,1,2
2026-02-10,000001,14:03:45,11.0600,1,1
2026-02-10,000001,14:03:48,11.0500,13,2
2026-02-10,000001,14:03:51,11.0500,124,2
2026-02-10,000001,14:03:54,11.0500,30,2
2026-02-10,000001,14:03:57,11.0500,1,2
2026-02-10,000001,14:04:00,11.0600,2,1
2026-02-10,000001,14:04:03,11.0500,39,2
2026-02-10,000001,14:04:06,11.0500,139,2
2026-02-10,000001,14:04:09,11.0500,16,2
2026-02-10,000001,14:04:12,11.0500,42,2
2026-02-10,000001,14:04:15,11.0500,19,2
2026-02-10,000001,14:04:18,11.0500,23,2
2026-02-10,000001,14:04:24,11.0500,10,2
2026-02-10,000001,14:04:27,11.0600,2,1
2026-02-10,000001,14:04:33,11.0500,95,2
2026-02-10,000001,14:04:36,11.0600,27,1
2026-02-10,000001,14:04:39,11.0500,2,2
2026-02-10,000001,14:04:42,11.0500,13,2
2026-02-10,000001,14:04:45,11.0600,1,1
2026-02-10,000001,14:04:48,11.0500,60,2
2026-02-10,000001,14:04:51,11.0600,16,1
2026-02-10,000001,14:04:54,11.0600,2,1
2026-02-10,000001,14:04:57,11.0600,2,1
2026-02-10,000001,14:05:00,11.0600,182,1
2026-02-10,000001,14:05:03,11.0500,122,2
2026-02-10,000001,14:05:06,11.0500,27,2
2026-02-10,000001,14:05:09,11.0500,16,2
2026-02-10,000001,14:05:15,11.0500,38,2
2026-02-10,000001,14:05:18,11.0500,13,2
2026-02-10,000001,14:05:21,11.0500,94,2
2026-02-10,000001,14:05:24,11.0600,1,1
2026-02-10,000001,14:05:33,11.0500,57,2
2026-02-10,000001,14:05:36,11.0600,31,1
2026-02-10,000001,14:05:39,11.0600,10,1
2026-02-10,000001,14:05:42,11.0500,123,2
2026-02-10,000001,14:05:45,11.0600,130,1
2026-02-10,000001,14:05:51,11.0600,20,1
2026-02-10,000001,14:05:54,11.0500,16,2
2026-02-10,000001,14:05:57,11.0600,23,1
2026-02-10,000001,14:06:03,11.0500,114,2
2026-02-10,000001,14:06:06,11.0500,24,2
2026-02-10,000001,14:06:09,11.0500,1,2
2026-02-10,000001,14:06:12,11.0600,104,1
2026-02-10,000001,14:06:15,11.0500,14,2
2026-02-10,000001,14:06:18,11.0500,9,2
2026-02-10,000001,14:06:24,11.0500,131,2
2026-02-10,000001,14:06:27,11.0600,2,1
2026-02-10,000001,14:06:30,11.0600,20,1
2026-02-10,000001,14:06:33,11.0500,63,2
2026-02-10,000001,14:06:36,11.0600,51,1
2026-02-10,000001,14:06:39,11.0600,1,1
2026-02-10,000001,14:06:42,11.0600,3,1
2026-02-10,000001,14:06:45,11.0600,4,1
2026-02-10,000001,14:06:51,11.0600,1,1
2026-02-10,000001,14:06:54,11.0500,43,2
2026-02-10,000001,14:06:57,11.0500,15,2
2026-02-10,000001,14:07:00,11.0600,10,1
2026-02-10,000001,14:07:03,11.0500,69,2
2026-02-10,000001,14:07:06,11.0500,107,2
2026-02-10,000001,14:07:09,11.0600,61,1
2026-02-10,000001,14:07:12,11.0600,6,1
2026-02-10,000001,14:07:15,11.0600,17,1
2026-02-10,000001,14:07:18,11.0600,2,1
2026-02-10,000001,14:07:21,11.0500,38,2
2026-02-10,000001,14:07:27,11.0500,12,2
2026-02-10,000001,14:07:30,11.0600,8,1
2026-02-10,000001,14:07:33,11.0500,63,2
2026-02-10,000001,14:07:36,11.0500,1,2
2026-02-10,000001,14:07:39,11.0600,3,1
2026-02-10,000001,14:07:45,11.0600,34,1
2026-02-10,000001,14:07:51,11.0500,159,2
2026-02-10,000001,14:07:54,11.0600,1,1
2026-02-10,000001,14:07:57,11.0500,1,2
2026-02-10,000001,14:08:00,11.0600,182,1
2026-02-10,000001,14:08:03,11.0500,60,2
2026-02-10,000001,14:08:06,11.0600,18,1
2026-02-10,000001,14:08:09,11.0600,15,1
2026-02-10,000001,14:08:12,11.0600,10,1
2026-02-10,000001,14:08:15,11.0600,1,1
2026-02-10,000001,14:08:18,11.0600,1,1
2026-02-10,000001,14:08:21,11.0600,12,1
2026-02-10,000001,14:08:27,11.0500,67,2
2026-02-10,000001,14:08:30,11.0600,4,1
2026-02-10,000001,14:08:33,11.0500,57,2
2026-02-10,000001,14:08:36,11.0600,2,1
2026-02-10,000001,14:08:45,11.0600,24,1
2026-02-10,000001,14:08:54,11.0500,13,2
2026-02-10,000001,14:08:57,11.0500,14,2
2026-02-10,000001,14:09:00,11.0500,14,2
2026-02-10,000001,14:09:03,11.0500,101,2
2026-02-10,000001,14:09:06,11.0500,8,2
2026-02-10,000001,14:09:09,11.0500,291,2
2026-02-10,000001,14:09:15,11.0500,25,2
2026-02-10,000001,14:09:18,11.0600,125,1
2026-02-10,000001,14:09:24,11.0600,2,1
2026-02-10,000001,14:09:27,11.0600,2,1
2026-02-10,000001,14:09:30,11.0600,29,1
2026-02-10,000001,14:09:33,11.0500,69,2
2026-02-10,000001,14:09:36,11.0500,110,2
2026-02-10,000001,14:09:39,11.0600,2,1
2026-02-10,000001,14:09:42,11.0500,39,2
2026-02-10,000001,14:09:45,11.0600,23,1
2026-02-10,000001,14:09:48,11.0500,19,2
2026-02-10,000001,14:09:54,11.0600,3,1
2026-02-10,000001,14:09:57,11.0600,49,1
2026-02-10,000001,14:10:03,11.0500,73,2
2026-02-10,000001,14:10:06,11.0600,113,1
2026-02-10,000001,14:10:09,11.0600,15,1
2026-02-10,000001,14:10:12,11.0600,1,1
2026-02-10,000001,14:10:15,11.0600,32,1
2026-02-10,000001,14:10:18,11.0600,19,1
2026-02-10,000001,14:10:21,11.0600,51,1
2026-02-10,000001,14:10:24,11.0500,9,2
2026-02-10,000001,14:10:27,11.0500,25,2
2026-02-10,000001,14:10:30,11.0600,111,1
2026-02-10,000001,14:10:33,11.0500,93,2
2026-02-10,000001,14:10:36,11.0500,1,2
2026-02-10,000001,14:10:39,11.0600,39,1
2026-02-10,000001,14:10:45,11.0600,27,1
2026-02-10,000001,14:10:48,11.0600,2995,1
2026-02-10,000001,14:10:51,11.0500,38,2
2026-02-10,000001,14:10:54,11.0500,50,2
2026-02-10,000001,14:10:57,11.0500,2,2
2026-02-10,000001,14:11:00,11.0600,739,1
2026-02-10,000001,14:11:03,11.0500,105,2
2026-02-10,000001,14:11:06,11.0500,2,2
2026-02-10,000001,14:11:15,11.0500,50,2
2026-02-10,000001,14:11:18,11.0600,13,1
2026-02-10,000001,14:11:21,11.0500,9,2
2026-02-10,000001,14:11:24,11.0500,20,2
2026-02-10,000001,14:11:27,11.0600,4,1
2026-02-10,000001,14:11:30,11.0600,10,1
2026-02-10,000001,14:11:33,11.0500,81,2
2026-02-10,000001,14:11:36,11.0500,52,2
2026-02-10,000001,14:11:45,11.0500,1,2
2026-02-10,000001,14:11:48,11.0500,36,2
2026-02-10,000001,14:11:51,11.0500,46,2
2026-02-10,000001,14:11:54,11.0500,121,2
2026-02-10,000001,14:11:57,11.0500,17,2
2026-02-10,000001,14:12:03,11.0500,32,2
2026-02-10,000001,14:12:06,11.0500,53,2
2026-02-10,000001,14:12:09,11.0500,1,2
2026-02-10,000001,14:12:12,11.0600,1,1
2026-02-10,000001,14:12:15,11.0500,13,2
2026-02-10,000001,14:12:18,11.0500,110,2
2026-02-10,000001,14:12:21,11.0500,181,2
2026-02-10,000001,14:12:27,11.0500,17,2
2026-02-10,000001,14:12:30,11.0600,37,1
2026-02-10,000001,14:12:33,11.0500,192,2
2026-02-10,000001,14:12:36,11.0500,46,2
2026-02-10,000001,14:12:39,11.0600,27,1
2026-02-10,000001,14:12:42,11.0500,125,2
2026-02-10,000001,14:12:45,11.0500,35,2
2026-02-10,000001,14:12:48,11.0500,33,2
2026-02-10,000001,14:12:51,11.0500,10,2
2026-02-10,000001,14:12:54,11.0600,1,1
2026-02-10,000001,14:12:57,11.0500,2,2
2026-02-10,000001,14:13:03,11.0500,305,2
2026-02-10,000001,14:13:06,11.0500,73,2
2026-02-10,000001,14:13:12,11.0600,1,1
2026-02-10,000001,14:13:15,11.0500,20,2
2026-02-10,000001,14:13:21,11.0500,42,2
2026-02-10,000001,14:13:24,11.0500,16,2
2026-02-10,000001,14:13:27,11.0500,1,2
2026-02-10,000001,14:13:30,11.0500,38,2
2026-02-10,000001,14:13:33,11.0500,57,2
2026-02-10,000001,14:13:36,11.0600,71,1
2026-02-10,000001,14:13:39,11.0500,21,2
2026-02-10,000001,14:13:42,11.0500,3559,2
2026-02-10,000001,14:13:45,11.0500,713,2
2026-02-10,000001,14:13:48,11.0500,5,2
2026-02-10,000001,14:13:51,11.0500,171,2
2026-02-10,000001,14:13:54,11.0500,150,2
2026-02-10,000001,14:13:57,11.0500,103,2
2026-02-10,000001,14:14:00,11.0500,249,2
2026-02-10,000001,14:14:03,11.0500,2,2
2026-02-10,000001,14:14:06,11.0500,4,2
2026-02-10,000001,14:14:09,11.0600,253,1
2026-02-10,000001,14:14:12,11.0500,30,2
2026-02-10,000001,14:14:15,11.0500,5,2
2026-02-10,000001,14:14:21,11.0500,50,2
2026-02-10,000001,14:14:27,11.0600,3047,1
2026-02-10,000001,14:14:30,11.0500,246,2
2026-02-10,000001,14:14:33,11.0500,3,2
2026-02-10,000001,14:14:36,11.0500,167,2
2026-02-10,000001,14:14:39,11.0600,225,1
2026-02-10,000001,14:14:42,11.0500,146,2
2026-02-10,000001,14:14:48,11.0600,114,1
2026-02-10,000001,14:14:51,11.0500,37,2
2026-02-10,000001,14:14:57,11.0500,1,2
2026-02-10,000001,14:15:03,11.0600,50,1
2026-02-10,000001,14:15:06,11.0600,3,1
2026-02-10,000001,14:15:12,11.0600,57,1
2026-02-10,000001,14:15:15,11.0500,42,2
2026-02-10,000001,14:15:24,11.0600,1,1
2026-02-10,000001,14:15:27,11.0500,1,2
2026-02-10,000001,14:15:30,11.0500,82,2
2026-02-10,000001,14:15:33,11.0600,51,1
2026-02-10,000001,14:15:36,11.0600,21,1
2026-02-10,000001,14:15:39,11.0500,8,2
2026-02-10,000001,14:15:42,11.0600,1,1
2026-02-10,000001,14:15:48,11.0600,44,1
2026-02-10,000001,14:15:51,11.0500,2,2
2026-02-10,000001,14:15:54,11.0500,101,2
2026-02-10,000001,14:15:57,11.0500,22,2
2026-02-10,000001,14:16:00,11.0600,27,1
2026-02-10,000001,14:16:03,11.0500,182,2
2026-02-10,000001,14:16:06,11.0500,1,2
2026-02-10,000001,14:16:12,11.0500,3,2
2026-02-10,000001,14:16:15,11.0600,4,1
2026-02-10,000001,14:16:18,11.0500,19,2
2026-02-10,000001,14:16:27,11.0500,53,2
2026-02-10,000001,14:16:30,11.0600,9,1
2026-02-10,000001,14:16:33,11.0500,12,2
2026-02-10,000001,14:16:36,11.0500,1,2
2026-02-10,000001,14:16:39,11.0600,30,1
2026-02-10,000001,14:16:45,11.0500,1,2
2026-02-10,000001,14:16:48,11.0600,20,1
2026-02-10,000001,14:16:51,11.0600,10,1
2026-02-10,000001,14:16:54,11.0600,126,1
2026-02-10,000001,14:16:57,11.0500,2,2
2026-02-10,000001,14:17:00,11.0600,1,1
2026-02-10,000001,14:17:03,11.0500,56,2
2026-02-10,000001,14:17:06,11.0500,2,2
2026-02-10,000001,14:17:09,11.0500,55,2
2026-02-10,000001,14:17:12,11.0500,16,2
2026-02-10,000001,14:17:15,11.0500,11,2
2026-02-10,000001,14:17:18,11.0600,4,1
2026-02-10,000001,14:17:21,11.0500,131,2
2026-02-10,000001,14:17:24,11.0500,23,2
2026-02-10,000001,14:17:27,11.0600,7,1
2026-02-10,000001,14:17:30,11.0600,502,1
2026-02-10,000001,14:17:33,11.0500,360,2
2026-02-10,000001,14:17:36,11.0500,1,2
2026-02-10,000001,14:17:39,11.0500,1,2
2026-02-10,000001,14:17:42,11.0500,45,2
2026-02-10,000001,14:17:48,11.0500,21,2
2026-02-10,000001,14:17:54,11.0600,1,1
2026-02-10,000001,14:17:57,11.0600,22,1
2026-02-10,000001,14:18:00,11.0500,13,2
2026-02-10,000001,14:18:06,11.0500,17,2
2026-02-10,000001,14:18:09,11.0600,75,1
2026-02-10,000001,14:18:12,11.0500,22,2
2026-02-10,000001,14:18:15,11.0500,31,2
2026-02-10,000001,14:18:18,11.0500,13,2
2026-02-10,000001,14:18:21,11.0500,20,2
2026-02-10,000001,14:18:27,11.0500,1,2
2026-02-10,000001,14:18:30,11.0500,12,2
2026-02-10,000001,14:18:36,11.0600,14,1
2026-02-10,000001,14:18:39,11.0500,20,2
2026-02-10,000001,14:18:48,11.0600,50,1
2026-02-10,000001,14:18:51,11.0500,16,2
2026-02-10,000001,14:18:54,11.0500,2,2
2026-02-10,000001,14:18:57,11.0500,25,2
2026-02-10,000001,14:19:00,11.0500,1,2
2026-02-10,000001,14:19:03,11.0600,44,1
2026-02-10,000001,14:19:06,11.0500,20,2
2026-02-10,000001,14:19:09,11.0600,200,1
2026-02-10,000001,14:19:12,11.0600,13,1
2026-02-10,000001,14:19:15,11.0600,5,1
2026-02-10,000001,14:19:18,11.0600,37,1
2026-02-10,000001,14:19:21,11.0600,2,1
2026-02-10,000001,14:19:24,11.0600,6,1
2026-02-10,000001,14:19:27,11.0500,2,2
2026-02-10,000001,14:19:30,11.0500,16,2
2026-02-10,000001,14:19:33,11.0500,13,2
2026-02-10,000001,14:19:36,11.0500,22,2
2026-02-10,000001,14:19:39,11.0500,16,2
2026-02-10,000001,14:19:42,11.0600,1,1
2026-02-10,000001,14:19:45,11.0600,30,1
2026-02-10,000001,14:19:48,11.0600,11,1
2026-02-10,000001,14:19:51,11.0500,122,2
2026-02-10,000001,14:19:54,11.0500,67,2
2026-02-10,000001,14:19:57,11.0500,103,2
2026-02-10,000001,14:20:00,11.0500,89,2
2026-02-10,000001,14:20:03,11.0600,44,1
2026-02-10,000001,14:20:06,11.0600,29,1
2026-02-10,000001,14:20:12,11.0500,116,2
2026-02-10,000001,14:20:15,11.0500,196,2
2026-02-10,000001,14:20:21,11.0600,1,1
2026-02-10,000001,14:20:24,11.0500,226,2
2026-02-10,000001,14:20:27,11.0500,1,2
2026-02-10,000001,14:20:30,11.0500,21,2
2026-02-10,000001,14:20:33,11.0500,1,2
2026-02-10,000001,14:20:36,11.0600,16,1
2026-02-10,000001,14:20:42,11.0500,13,2
2026-02-10,000001,14:20:45,11.0500,98,2
2026-02-10,000001,14:20:48,11.0500,13,2
2026-02-10,000001,14:20:51,11.0600,2,1
2026-02-10,000001,14:20:54,11.0600,23,1
2026-02-10,000001,14:20:57,11.0500,394,2
2026-02-10,000001,14:21:00,11.0600,36,1
2026-02-10,000001,14:21:03,11.0600,5,1
2026-02-10,000001,14:21:06,11.0500,1,2
2026-02-10,000001,14:21:09,11.0500,10,2
2026-02-10,000001,14:21:15,11.0600,155,1
2026-02-10,000001,14:21:18,11.0500,63,2
2026-02-10,000001,14:21:21,11.0600,2,1
2026-02-10,000001,14:21:24,11.0600,44,1
2026-02-10,000001,14:21:27,11.0500,2,2
2026-02-10,000001,14:21:30,11.0500,21,2
2026-02-10,000001,14:21:33,11.0500,32,2
2026-02-10,000001,14:21:36,11.0500,1,2
2026-02-10,000001,14:21:39,11.0500,32,2
2026-02-10,000001,14:21:48,11.0500,17,2
2026-02-10,000001,14:21:51,11.0600,1,1
2026-02-10,000001,14:21:54,11.0600,4,1
2026-02-10,000001,14:21:57,11.0500,15,2
2026-02-10,000001,14:22:00,11.0500,14,2
2026-02-10,000001,14:22:06,11.0500,1,2
2026-02-10,000001,14:22:12,11.0600,1,1
2026-02-10,000001,14:22:15,11.0500,8,2
2026-02-10,000001,14:22:18,11.0500,1,2
2026-02-10,000001,14:22:21,11.0600,2,1
2026-02-10,000001,14:22:24,11.0500,12,2
2026-02-10,000001,14:22:30,11.0600,60,1
2026-02-10,000001,14:22:33,11.0500,91,2
2026-02-10,000001,14:22:36,11.0500,66,2
2026-02-10,000001,14:22:39,11.0500,13,2
2026-02-10,000001,14:22:42,11.0500,60,2
2026-02-10,000001,14:22:45,11.0500,193,2
2026-02-10,000001,14:22:48,11.0500,8,2
2026-02-10,000001,14:22:51,11.0600,1,1
2026-02-10,000001,14:22:54,11.0500,96,2
2026-02-10,000001,14:22:57,11.0500,14,2
2026-02-10,000001,14:23:00,11.0500,1,2
2026-02-10,000001,14:23:06,11.0600,7,1
2026-02-10,000001,14:23:09,11.0500,7,2
2026-02-10,000001,14:23:12,11.0600,14,1
2026-02-10,000001,14:23:21,11.0500,38,2
2026-02-10,000001,14:23:24,11.0500,11,2
2026-02-10,000001,14:23:27,11.0500,51,2
2026-02-10,000001,14:23:33,11.0500,1,2
2026-02-10,000001,14:23:36,11.0500,2,2
2026-02-10,000001,14:23:42,11.0600,3,1
2026-02-10,000001,14:23:45,11.0600,50,1
2026-02-10,000001,14:23:51,11.0600,12,1
2026-02-10,000001,14:23:57,11.0500,1,2
2026-02-10,000001,14:24:00,11.0500,2,2
2026-02-10,000001,14:24:03,11.0500,69,2
2026-02-10,000001,14:24:06,11.0600,41,1
2026-02-10,000001,14:24:09,11.0500,31,2
2026-02-10,000001,14:24:15,11.0500,161,2
2026-02-10,000001,14:24:18,11.0600,73,1
2026-02-10,000001,14:24:21,11.0600,2,1
2026-02-10,000001,14:24:24,11.0600,1,1
2026-02-10,000001,14:24:27,11.0500,1,2
2026-02-10,000001,14:24:30,11.0500,11,2
2026-02-10,000001,14:24:33,11.0500,1,2
2026-02-10,000001,14:24:36,11.0500,1,2
2026-02-10,000001,14:24:39,11.0600,70,1
2026-02-10,000001,14:24:42,11.0500,21,2
2026-02-10,000001,14:24:45,11.0500,86,2
2026-02-10,000001,14:24:48,11.0500,73,2
2026-02-10,000001,14:24:51,11.0600,32,1
2026-02-10,000001,14:24:54,11.0500,38,2
2026-02-10,000001,14:24:57,11.0500,3,2
2026-02-10,000001,14:25:00,11.0600,50,1
2026-02-10,000001,14:25:03,11.0600,9,1
2026-02-10,000001,14:25:06,11.0500,12,2
2026-02-10,000001,14:25:09,11.0500,22,2
2026-02-10,000001,14:25:12,11.0500,26,2
2026-02-10,000001,14:25:18,11.0600,2,1
2026-02-10,000001,14:25:21,11.0500,18,2
2026-02-10,000001,14:25:27,11.0500,132,2
2026-02-10,000001,14:25:33,11.0500,40,2
2026-02-10,000001,14:25:36,11.0500,1,2
2026-02-10,000001,14:25:39,11.0600,118,1
2026-02-10,000001,14:25:42,11.0500,127,2
2026-02-10,000001,14:25:45,11.0600,50,1
2026-02-10,000001,14:25:48,11.0600,1,1
2026-02-10,000001,14:25:51,11.0600,1,1
2026-02-10,000001,14:25:54,11.0600,8,1
2026-02-10,000001,14:25:57,11.0500,1,2
2026-02-10,000001,14:26:00,11.0500,11,2
2026-02-10,000001,14:26:03,11.0500,111,2
2026-02-10,000001,14:26:06,11.0500,21,2
2026-02-10,000001,14:26:09,11.0500,8,2
2026-02-10,000001,14:26:21,11.0500,95,2
2026-02-10,000001,14:26:24,11.0500,11,2
2026-02-10,000001,14:26:27,11.0600,12,1
2026-02-10,000001,14:26:33,11.0600,80,1
2026-02-10,000001,14:26:36,11.0500,51,2
2026-02-10,000001,14:26:39,11.0500,12,2
2026-02-10,000001,14:26:45,11.0600,963,1
2026-02-10,000001,14:26:48,11.0600,196,1
2026-02-10,000001,14:26:51,11.0600,45,1
2026-02-10,000001,14:26:54,11.0500,2,2
2026-02-10,000001,14:26:57,11.0500,55,2
2026-02-10,000001,14:27:00,11.0600,3,1
2026-02-10,000001,14:27:03,11.0500,21,2
2026-02-10,000001,14:27:06,11.0600,28,1
2026-02-10,000001,14:27:09,11.0500,2,2
2026-02-10,000001,14:27:15,11.0600,61,1
2026-02-10,000001,14:27:18,11.0600,13,1
2026-02-10,000001,14:27:21,11.0600,5,1
2026-02-10,000001,14:27:24,11.0600,27,1
2026-02-10,000001,14:27:27,11.0600,22,1
2026-02-10,000001,14:27:33,11.0500,13,2
2026-02-10,000001,14:27:36,11.0600,23,1
2026-02-10,000001,14:27:39,11.0600,1,1
2026-02-10,000001,14:27:42,11.0600,105,1
2026-02-10,000001,14:27:45,11.0500,14,2
2026-02-10,000001,14:27:48,11.0600,50,1
2026-02-10,000001,14:27:51,11.0600,2,1
2026-02-10,000001,14:27:54,11.0500,44,2
2026-02-10,000001,14:27:57,11.0500,16,2
2026-02-10,000001,14:28:00,11.0600,25,1
2026-02-10,000001,14:28:03,11.0500,73,2
2026-02-10,000001,14:28:06,11.0500,24,2
2026-02-10,000001,14:28:09,11.0500,45,2
2026-02-10,000001,14:28:12,11.0600,184,1
2026-02-10,000001,14:28:21,11.0500,28,2
2026-02-10,000001,14:28:24,11.0500,159,2
2026-02-10,000001,14:28:27,11.0600,3,1
2026-02-10,000001,14:28:30,11.0500,4,2
2026-02-10,000001,14:28:33,11.0500,97,2
2026-02-10,000001,14:28:36,11.0600,5,1
2026-02-10,000001,14:28:39,11.0500,1,2
2026-02-10,000001,14:28:42,11.0500,112,2
2026-02-10,000001,14:28:45,11.0600,44,1
2026-02-10,000001,14:28:48,11.0600,639,1
2026-02-10,000001,14:28:51,11.0500,60,2
2026-02-10,000001,14:28:54,11.0600,111,1
2026-02-10,000001,14:28:57,11.0500,11,2
2026-02-10,000001,14:29:00,11.0500,26,2
2026-02-10,000001,14:29:03,11.0500,18,2
2026-02-10,000001,14:29:06,11.0500,46,2
2026-02-10,000001,14:29:09,11.0600,106,1
2026-02-10,000001,14:29:12,11.0600,53,1
2026-02-10,000001,14:29:15,11.0600,71,1
2026-02-10,000001,14:29:18,11.0600,31,1
2026-02-10,000001,14:29:21,11.0600,5,1
2026-02-10,000001,14:29:24,11.0500,109,2
2026-02-10,000001,14:29:27,11.0600,1,1
2026-02-10,000001,14:29:30,11.0600,6,1
2026-02-10,000001,14:29:33,11.0600,8,1
2026-02-10,000001,14:29:36,11.0500,2,2
2026-02-10,000001,14:29:39,11.0500,24,2
2026-02-10,000001,14:29:42,11.0600,139,1
2026-02-10,000001,14:29:45,11.0500,25,2
2026-02-10,000001,14:29:51,11.0500,63,2
2026-02-10,000001,14:29:54,11.0500,12,2
2026-02-10,000001,14:29:57,11.0600,3,1
2026-02-10,000001,14:30:00,11.0600,1,1
2026-02-10,000001,14:30:03,11.0600,4,1
2026-02-10,000001,14:30:06,11.0600,12,1
2026-02-10,000001,14:30:09,11.0500,19,2
2026-02-10,000001,14:30:12,11.0600,8,1
2026-02-10,000001,14:30:15,11.0600,128,1
2026-02-10,000001,14:30:18,11.0600,76,1
2026-02-10,000001,14:30:24,11.0600,5,1
2026-02-10,000001,14:30:30,11.0600,9,1
2026-02-10,000001,14:30:33,11.0500,17,2
2026-02-10,000001,14:30:39,11.0600,692,1
2026-02-10,000001,14:30:42,11.0600,14,1
2026-02-10,000001,14:30:45,11.0600,63,1
2026-02-10,000001,14:30:48,11.0600,713,1
2026-02-10,000001,14:30:54,11.0600,141,1
2026-02-10,000001,14:30:57,11.0600,28,1
2026-02-10,000001,14:31:00,11.0600,15,1
2026-02-10,000001,14:31:03,11.0600,77,1
2026-02-10,000001,14:31:06,11.0600,72,1
2026-02-10,000001,14:31:09,11.0500,36,2
2026-02-10,000001,14:31:12,11.0600,1,1
2026-02-10,000001,14:31:15,11.0600,9,1
2026-02-10,000001,14:31:18,11.0500,73,2
2026-02-10,000001,14:31:24,11.0500,215,2
2026-02-10,000001,14:31:27,11.0500,257,2
2026-02-10,000001,14:31:30,11.0500,182,2
2026-02-10,000001,14:31:33,11.0600,157,1
2026-02-10,000001,14:31:36,11.0600,70,1
2026-02-10,000001,14:31:39,11.0500,109,2
2026-02-10,000001,14:31:42,11.0500,15,2
2026-02-10,000001,14:31:57,11.0500,20,2
2026-02-10,000001,14:32:00,11.0600,5,1
2026-02-10,000001,14:32:03,11.0500,75,2
2026-02-10,000001,14:32:06,11.0600,28,1
2026-02-10,000001,14:32:09,11.0600,29,1
2026-02-10,000001,14:32:12,11.0600,42,1
2026-02-10,000001,14:32:15,11.0500,23,2
2026-02-10,000001,14:32:18,11.0500,14,2
2026-02-10,000001,14:32:21,11.0500,5,2
2026-02-10,000001,14:32:24,11.0500,228,2
2026-02-10,000001,14:32:27,11.0500,74,2
2026-02-10,000001,14:32:30,11.0500,75,2
2026-02-10,000001,14:32:33,11.0500,1014,2
2026-02-10,000001,14:32:36,11.0600,26,1
2026-02-10,000001,14:32:39,11.0600,9,1
2026-02-10,000001,14:32:42,11.0500,78,2
2026-02-10,000001,14:32:45,11.0500,143,2
2026-02-10,000001,14:32:48,11.0500,20,2
2026-02-10,000001,14:32:51,11.0600,44,1
2026-02-10,000001,14:33:00,11.0500,129,2
2026-02-10,000001,14:33:03,11.0500,150,2
2026-02-10,000001,14:33:06,11.0500,45,2
2026-02-10,000001,14:33:09,11.0500,202,2
2026-02-10,000001,14:33:12,11.0500,106,2
2026-02-10,000001,14:33:15,11.0500,100,2
2026-02-10,000001,14:33:21,11.0500,22,2
2026-02-10,000001,14:33:30,11.0500,29,2
2026-02-10,000001,14:33:33,11.0500,46,2
2026-02-10,000001,14:33:36,11.0600,20,1
2026-02-10,000001,14:33:39,11.0500,50,2
2026-02-10,000001,14:33:45,11.0500,44,2
2026-02-10,000001,14:33:48,11.0500,19,2
2026-02-10,000001,14:33:51,11.0500,108,2
2026-02-10,000001,14:33:54,11.0500,110,2
2026-02-10,000001,14:34:00,11.0500,652,2
2026-02-10,000001,14:34:06,11.0600,32,1
2026-02-10,000001,14:34:09,11.0600,266,1
2026-02-10,000001,14:34:12,11.0600,18,1
2026-02-10,000001,14:34:21,11.0500,125,2
2026-02-10,000001,14:34:27,11.0500,19,2
2026-02-10,000001,14:34:30,11.0500,13,2
2026-02-10,000001,14:34:33,11.0500,135,2
2026-02-10,000001,14:34:36,11.0500,95,2
2026-02-10,000001,14:34:39,11.0500,124,2
2026-02-10,000001,14:34:42,11.0500,5,2
2026-02-10,000001,14:34:45,11.0600,16,1
2026-02-10,000001,14:34:48,11.0500,32,2
2026-02-10,000001,14:34:51,11.0500,28,2
2026-02-10,000001,14:34:54,11.0600,27,1
2026-02-10,000001,14:34:57,11.0500,16,2
2026-02-10,000001,14:35:06,11.0600,31,1
2026-02-10,000001,14:35:09,11.0600,1,1
2026-02-10,000001,14:35:18,11.0600,101,1
2026-02-10,000001,14:35:24,11.0500,18,2
2026-02-10,000001,14:35:27,11.0500,21,2
2026-02-10,000001,14:35:30,11.0600,285,1
2026-02-10,000001,14:35:33,11.0500,68,2
2026-02-10,000001,14:35:36,11.0600,94,1
2026-02-10,000001,14:35:42,11.0600,11,1
2026-02-10,000001,14:35:45,11.0500,70,2
2026-02-10,000001,14:35:48,11.0600,7,1
2026-02-10,000001,14:35:51,11.0500,38,2
2026-02-10,000001,14:35:54,11.0600,23,1
2026-02-10,000001,14:35:57,11.0500,13,2
2026-02-10,000001,14:36:00,11.0500,19,2
2026-02-10,000001,14:36:03,11.0500,67,2
2026-02-10,000001,14:36:06,11.0600,29,1
2026-02-10,000001,14:36:09,11.0500,12,2
2026-02-10,000001,14:36:12,11.0600,23,1
2026-02-10,000001,14:36:15,11.0600,56,1
2026-02-10,000001,14:36:18,11.0500,21,2
2026-02-10,000001,14:36:21,11.0600,15,1
2026-02-10,000001,14:36:24,11.0500,19,2
2026-02-10,000001,14:36:27,11.0600,19,1
2026-02-10,000001,14:36:30,11.0500,7,2
2026-02-10,000001,14:36:33,11.0500,133,2
2026-02-10,000001,14:36:36,11.0600,6,1
2026-02-10,000001,14:36:39,11.0500,34,2
2026-02-10,000001,14:36:42,11.0600,11,1
2026-02-10,000001,14:36:45,11.0500,21,2
2026-02-10,000001,14:36:48,11.0500,101,2
2026-02-10,000001,14:36:51,11.0500,13,2
2026-02-10,000001,14:36:54,11.0500,69,2
2026-02-10,000001,14:37:00,11.0600,21,1
2026-02-10,000001,14:37:03,11.0500,114,2
2026-02-10,000001,14:37:06,11.0500,146,2
2026-02-10,000001,14:37:09,11.0600,33,1
2026-02-10,000001,14:37:15,11.0600,20,1
2026-02-10,000001,14:37:18,11.0500,8,2
2026-02-10,000001,14:37:21,11.0600,31,1
2026-02-10,000001,14:37:24,11.0500,18,2
2026-02-10,000001,14:37:30,11.0600,20,1
2026-02-10,000001,14:37:33,11.0500,109,2
2026-02-10,000001,14:37:36,11.0500,10,2
2026-02-10,000001,14:37:39,11.0500,618,2
2026-02-10,000001,14:37:45,11.0500,108,2
2026-02-10,000001,14:37:48,11.0500,45,2
2026-02-10,000001,14:37:51,11.0600,1,1
2026-02-10,000001,14:37:54,11.0500,18,2
2026-02-10,000001,14:37:57,11.0500,52,2
2026-02-10,000001,14:38:00,11.0500,135,2
2026-02-10,000001,14:38:03,11.0500,179,2
2026-02-10,000001,14:38:06,11.0600,1,1
2026-02-10,000001,14:38:09,11.0500,44,2
2026-02-10,000001,14:38:12,11.0500,21,2
2026-02-10,000001,14:38:21,11.0500,9,2
2026-02-10,000001,14:38:24,11.0500,19,2
2026-02-10,000001,14:38:27,11.0600,3,1
2026-02-10,000001,14:38:30,11.0600,20,1
2026-02-10,000001,14:38:33,11.0500,168,2
2026-02-10,000001,14:38:39,11.0500,9,2
2026-02-10,000001,14:38:42,11.0500,65,2
2026-02-10,000001,14:38:48,11.0500,31,2
2026-02-10,000001,14:38:51,11.0600,21,1
2026-02-10,000001,14:38:54,11.0500,66,2
2026-02-10,000001,14:38:57,11.0500,465,2
2026-02-10,000001,14:39:00,11.0500,6,2
2026-02-10,000001,14:39:03,11.0600,342,1
2026-02-10,000001,14:39:06,11.0500,116,2
2026-02-10,000001,14:39:12,11.0500,36,2
2026-02-10,000001,14:39:18,11.0500,24,2
2026-02-10,000001,14:39:24,11.0500,32,2
2026-02-10,000001,14:39:27,11.0500,12,2
2026-02-10,000001,14:39:30,11.0500,18,2
2026-02-10,000001,14:39:33,11.0500,114,2
2026-02-10,000001,14:39:36,11.0600,3,1
2026-02-10,000001,14:39:39,11.0600,3,1
2026-02-10,000001,14:39:42,11.0500,28,2
2026-02-10,000001,14:39:48,11.0500,5,2
2026-02-10,000001,14:39:51,11.0600,98,1
2026-02-10,000001,14:39:54,11.0500,37,2
2026-02-10,000001,14:39:57,11.0500,133,2
2026-02-10,000001,14:40:00,11.0600,8,1
2026-02-10,000001,14:40:03,11.0600,248,1
2026-02-10,000001,14:40:06,11.0500,28,2
2026-02-10,000001,14:40:09,11.0500,23,2
2026-02-10,000001,14:40:12,11.0500,8,2
2026-02-10,000001,14:40:15,11.0600,6,1
2026-02-10,000001,14:40:18,11.0500,126,2
2026-02-10,000001,14:40:21,11.0600,17,1
2026-02-10,000001,14:40:24,11.0500,62,2
2026-02-10,000001,14:40:30,11.0500,65,2
2026-02-10,000001,14:40:33,11.0500,126,2
2026-02-10,000001,14:40:39,11.0600,233,1
2026-02-10,000001,14:40:42,11.0600,28,1
2026-02-10,000001,14:40:45,11.0500,23,2
2026-02-10,000001,14:40:48,11.0600,7,1
2026-02-10,000001,14:40:51,11.0600,235,1
2026-02-10,000001,14:40:54,11.0500,58,2
2026-02-10,000001,14:41:00,11.0600,47,1
2026-02-10,000001,14:41:03,11.0600,168,1
2026-02-10,000001,14:41:06,11.0600,129,1
2026-02-10,000001,14:41:09,11.0600,1064,1
2026-02-10,000001,14:41:12,11.0600,30,1
2026-02-10,000001,14:41:15,11.0500,5,2
2026-02-10,000001,14:41:18,11.0500,55,2
2026-02-10,000001,14:41:21,11.0500,724,2
2026-02-10,000001,14:41:24,11.0500,43,2
2026-02-10,000001,14:41:30,11.0600,3,1
2026-02-10,000001,14:41:33,11.0600,140,1
2026-02-10,000001,14:41:36,11.0600,21,1
2026-02-10,000001,14:41:39,11.0600,56,1
2026-02-10,000001,14:41:42,11.0500,18,2
2026-02-10,000001,14:41:45,11.0600,195,1
2026-02-10,000001,14:41:48,11.0600,6,1
2026-02-10,000001,14:41:51,11.0600,256,1
2026-02-10,000001,14:41:54,11.0500,51,2
2026-02-10,000001,14:41:57,11.0500,675,2
2026-02-10,000001,14:42:03,11.0500,178,2
2026-02-10,000001,14:42:06,11.0600,10,1
2026-02-10,000001,14:42:09,11.0500,4,2
2026-02-10,000001,14:42:18,11.0500,4,2
2026-02-10,000001,14:42:21,11.0600,199,1
2026-02-10,000001,14:42:24,11.0500,96,2
2026-02-10,000001,14:42:27,11.0500,58,2
2026-02-10,000001,14:42:30,11.0500,147,2
2026-02-10,000001,14:42:33,11.0500,36,2
2026-02-10,000001,14:42:36,11.0500,142,2
2026-02-10,000001,14:42:39,11.0500,120,2
2026-02-10,000001,14:42:42,11.0500,30,2
2026-02-10,000001,14:42:48,11.0500,27,2
2026-02-10,000001,14:42:51,11.0600,220,1
2026-02-10,000001,14:42:54,11.0500,20,2
2026-02-10,000001,14:42:57,11.0500,19,2
2026-02-10,000001,14:43:00,11.0600,140,1
2026-02-10,000001,14:43:03,11.0500,112,2
2026-02-10,000001,14:43:06,11.0600,1,1
2026-02-10,000001,14:43:09,11.0500,10,2
2026-02-10,000001,14:43:15,11.0600,1,1
2026-02-10,000001,14:43:18,11.0500,6,2
2026-02-10,000001,14:43:21,11.0600,153,1
2026-02-10,000001,14:43:24,11.0600,171,1
2026-02-10,000001,14:43:27,11.0500,20,2
2026-02-10,000001,14:43:30,11.0600,22,1
2026-02-10,000001,14:43:33,11.0500,47,2
2026-02-10,000001,14:43:36,11.0600,86,1
2026-02-10,000001,14:43:39,11.0500,64,2
2026-02-10,000001,14:43:51,11.0600,283,1
2026-02-10,000001,14:43:54,11.0600,188,1
2026-02-10,000001,14:43:57,11.0500,20,2
2026-02-10,000001,14:44:00,11.0600,1,1
2026-02-10,000001,14:44:03,11.0500,131,2
2026-02-10,000001,14:44:06,11.0500,175,2
2026-02-10,000001,14:44:09,11.0600,18,1
2026-02-10,000001,14:44:12,11.0600,4,1
2026-02-10,000001,14:44:15,11.0500,172,2
2026-02-10,000001,14:44:18,11.0600,28,1
2026-02-10,000001,14:44:21,11.0600,340,1
2026-02-10,000001,14:44:24,11.0600,127,1
2026-02-10,000001,14:44:27,11.0500,8,2
2026-02-10,000001,14:44:30,11.0500,5,2
2026-02-10,000001,14:44:36,11.0600,4,1
2026-02-10,000001,14:44:39,11.0500,9,2
2026-02-10,000001,14:44:42,11.0500,45,2
2026-02-10,000001,14:44:45,11.0500,219,2
2026-02-10,000001,14:44:48,11.0600,32,1
2026-02-10,000001,14:44:51,11.0500,200,2
2026-02-10,000001,14:44:54,11.0600,66,1
2026-02-10,000001,14:45:00,11.0600,26,1
2026-02-10,000001,14:45:03,11.0600,32,1
2026-02-10,000001,14:45:06,11.0600,443,1
2026-02-10,000001,14:45:09,11.0600,1,1
2026-02-10,000001,14:45:12,11.0600,3,1
2026-02-10,000001,14:45:15,11.0600,824,1
2026-02-10,000001,14:45:18,11.0600,96,1
2026-02-10,000001,14:45:21,11.0600,3,1
2026-02-10,000001,14:45:24,11.0500,36,2
2026-02-10,000001,14:45:27,11.0600,243,1
2026-02-10,000001,14:45:30,11.0600,29,1
2026-02-10,000001,14:45:33,11.0600,39,4
2026-02-10,000001,14:45:36,11.0600,35,4
2026-02-10,000001,14:45:39,11.0600,1,1
2026-02-10,000001,14:45:42,11.0600,63,1
2026-02-10,000001,14:45:45,11.0600,20,1
2026-02-10,000001,14:45:48,11.0500,19,2
2026-02-10,000001,14:45:51,11.0600,185,1
2026-02-10,000001,14:45:54,11.0500,39,2
2026-02-10,000001,14:45:57,11.0600,79,1
2026-02-10,000001,14:46:00,11.0500,92,2
2026-02-10,000001,14:46:03,11.0600,41,1
2026-02-10,000001,14:46:06,11.0600,350,1
2026-02-10,000001,14:46:09,11.0600,6,1
2026-02-10,000001,14:46:12,11.0600,17,1
2026-02-10,000001,14:46:15,11.0600,6,1
2026-02-10,000001,14:46:18,11.0500,39,2
2026-02-10,000001,14:46:21,11.0600,181,1
2026-02-10,000001,14:46:24,11.0500,1712,2
2026-02-10,000001,14:46:27,11.0500,32,2
2026-02-10,000001,14:46:30,11.0500,51,2
2026-02-10,000001,14:46:33,11.0600,84,1
2026-02-10,000001,14:46:36,11.0500,16,2
2026-02-10,000001,14:46:39,11.0600,107,1
2026-02-10,000001,14:46:42,11.0600,76,4
2026-02-10,000001,14:46:45,11.0600,77,4
2026-02-10,000001,14:46:48,11.0500,98,2
2026-02-10,000001,14:46:51,11.0600,158,1
2026-02-10,000001,14:46:54,11.0600,75,1
2026-02-10,000001,14:46:57,11.0600,13,1
2026-02-10,000001,14:47:00,11.0600,44,1
2026-02-10,000001,14:47:03,11.0600,22,1
2026-02-10,000001,14:47:06,11.0500,37,2
2026-02-10,000001,14:47:09,11.0600,42,1
2026-02-10,000001,14:47:18,11.0600,135,1
2026-02-10,000001,14:47:21,11.0700,244,1
2026-02-10,000001,14:47:24,11.0500,3,2
2026-02-10,000001,14:47:27,11.0500,43,2
2026-02-10,000001,14:47:30,11.0600,37,1
2026-02-10,000001,14:47:33,11.0600,65,1
2026-02-10,000001,14:47:36,11.0500,54,2
2026-02-10,000001,14:47:39,11.0600,305,1
2026-02-10,000001,14:47:42,11.0600,2,1
2026-02-10,000001,14:47:45,11.0600,6,1
2026-02-10,000001,14:47:48,11.0600,27,1
2026-02-10,000001,14:47:51,11.0600,230,1
2026-02-10,000001,14:47:54,11.0600,77,4
2026-02-10,000001,14:47:57,11.0500,2,2
2026-02-10,000001,14:48:00,11.0600,18,1
2026-02-10,000001,14:48:03,11.0600,58,4
2026-02-10,000001,14:48:06,11.0600,56,1
2026-02-10,000001,14:48:09,11.0500,254,2
2026-02-10,000001,14:48:12,11.0600,19,1
2026-02-10,000001,14:48:15,11.0600,19,1
2026-02-10,000001,14:48:18,11.0700,67,1
2026-02-10,000001,14:48:21,11.0600,211,4
2026-02-10,000001,14:48:24,11.0600,2,1
2026-02-10,000001,14:48:27,11.0600,433,1
2026-02-10,000001,14:48:30,11.0500,123,2
2026-02-10,000001,14:48:33,11.0500,93,2
2026-02-10,000001,14:48:36,11.0600,29,1
2026-02-10,000001,14:48:39,11.0600,19,1
2026-02-10,000001,14:48:42,11.0500,69,2
2026-02-10,000001,14:48:45,11.0500,106,2
2026-02-10,000001,14:48:48,11.0600,11,1
2026-02-10,000001,14:48:51,11.0600,1283,1
2026-02-10,000001,14:48:54,11.0600,328,2
2026-02-10,000001,14:48:57,11.0600,55,2
2026-02-10,000001,14:49:00,11.0600,61,2
2026-02-10,000001,14:49:03,11.0600,98,2
2026-02-10,000001,14:49:06,11.0600,19,2
2026-02-10,000001,14:49:09,11.0600,129,2
2026-02-10,000001,14:49:12,11.0600,728,2
2026-02-10,000001,14:49:15,11.0600,83,2
2026-02-10,000001,14:49:21,11.0700,164,1
2026-02-10,000001,14:49:24,11.0700,119,1
2026-02-10,000001,14:49:27,11.0700,20,1
2026-02-10,000001,14:49:30,11.0700,1,1
2026-02-10,000001,14:49:33,11.0600,64,2
2026-02-10,000001,14:49:36,11.0700,289,1
2026-02-10,000001,14:49:39,11.0700,136,1
2026-02-10,000001,14:49:42,11.0700,5,1
2026-02-10,000001,14:49:45,11.0700,166,1
2026-02-10,000001,14:49:48,11.0700,4,1
2026-02-10,000001,14:49:51,11.0700,180,1
2026-02-10,000001,14:49:54,11.0700,50,1
2026-02-10,000001,14:49:57,11.0600,58,2
2026-02-10,000001,14:50:00,11.0700,7,1
2026-02-10,000001,14:50:03,11.0700,235,1
2026-02-10,000001,14:50:06,11.0600,9,2
2026-02-10,000001,14:50:09,11.0700,101,1
2026-02-10,000001,14:50:12,11.0700,81,1
2026-02-10,000001,14:50:15,11.0700,5,1
2026-02-10,000001,14:50:18,11.0700,188,1
2026-02-10,000001,14:50:21,11.0700,165,1
2026-02-10,000001,14:50:30,11.0700,319,1
2026-02-10,000001,14:50:33,11.0600,195,2
2026-02-10,000001,14:50:36,11.0700,75,1
2026-02-10,000001,14:50:39,11.0600,4,2
2026-02-10,000001,14:50:42,11.0600,70,2
2026-02-10,000001,14:50:45,11.0700,48,1
2026-02-10,000001,14:50:48,11.0600,2,2
2026-02-10,000001,14:50:51,11.0700,220,1
2026-02-10,000001,14:50:54,11.0600,82,2
2026-02-10,000001,14:51:00,11.0600,287,2
2026-02-10,000001,14:51:03,11.0600,22,2
2026-02-10,000001,14:51:06,11.0600,23,2
2026-02-10,000001,14:51:09,11.0600,509,2
2026-02-10,000001,14:51:12,11.0600,3,2
2026-02-10,000001,14:51:21,11.0600,172,2
2026-02-10,000001,14:51:24,11.0600,58,2
2026-02-10,000001,14:51:27,11.0600,10,2
2026-02-10,000001,14:51:30,11.0600,60,2
2026-02-10,000001,14:51:33,11.0700,16,1
2026-02-10,000001,14:51:36,11.0600,286,2
2026-02-10,000001,14:51:39,11.0600,27,2
2026-02-10,000001,14:51:42,11.0600,38,2
2026-02-10,000001,14:51:45,11.0700,628,1
2026-02-10,000001,14:51:48,11.0600,20,2
2026-02-10,000001,14:51:51,11.0600,175,2
2026-02-10,000001,14:51:54,11.0600,57,2
2026-02-10,000001,14:51:57,11.0600,18,2
2026-02-10,000001,14:52:00,11.0700,91,1
2026-02-10,000001,14:52:03,11.0600,61,2
2026-02-10,000001,14:52:06,11.0600,211,2
2026-02-10,000001,14:52:09,11.0700,24,1
2026-02-10,000001,14:52:15,11.0700,58,1
2026-02-10,000001,14:52:18,11.0600,14,2
2026-02-10,000001,14:52:21,11.0700,390,1
2026-02-10,000001,14:52:24,11.0600,30,2
2026-02-10,000001,14:52:27,11.0700,160,1
2026-02-10,000001,14:52:30,11.0600,87,2
2026-02-10,000001,14:52:33,11.0700,13,1
2026-02-10,000001,14:52:36,11.0600,21,2
2026-02-10,000001,14:52:39,11.0600,3,2
2026-02-10,000001,14:52:42,11.0600,149,2
2026-02-10,000001,14:52:45,11.0700,252,1
2026-02-10,000001,14:52:48,11.0600,270,2
2026-02-10,000001,14:52:51,11.0600,44,2
2026-02-10,000001,14:52:54,11.0600,57,2
2026-02-10,000001,14:52:57,11.0700,188,1
2026-02-10,000001,14:53:00,11.0700,134,1
2026-02-10,000001,14:53:03,11.0700,293,1
2026-02-10,000001,14:53:06,11.0600,157,2
2026-02-10,000001,14:53:09,11.0700,27,1
2026-02-10,000001,14:53:12,11.0700,239,1
2026-02-10,000001,14:53:15,11.0600,12,2
2026-02-10,000001,14:53:18,11.0600,30,2
2026-02-10,000001,14:53:21,11.0700,205,1
2026-02-10,000001,14:53:24,11.0700,50,1
2026-02-10,000001,14:53:27,11.0700,28,1
2026-02-10,000001,14:53:30,11.0600,10,2
2026-02-10,000001,14:53:33,11.0600,363,2
2026-02-10,000001,14:53:36,11.0600,23,2
2026-02-10,000001,14:53:39,11.0600,22,2
2026-02-10,000001,14:53:42,11.0600,61,2
2026-02-10,000001,14:53:45,11.0600,16,2
2026-02-10,000001,14:53:48,11.0600,9,2
2026-02-10,000001,14:53:51,11.0700,151,1
2026-02-10,000001,14:53:54,11.0700,27,1
2026-02-10,000001,14:53:57,11.0700,46,1
2026-02-10,000001,14:54:00,11.0600,245,2
2026-02-10,000001,14:54:03,11.0700,450,1
2026-02-10,000001,14:54:06,11.0600,14,2
2026-02-10,000001,14:54:09,11.0600,46,2
2026-02-10,000001,14:54:12,11.0600,72,2
2026-02-10,000001,14:54:15,11.0700,283,1
2026-02-10,000001,14:54:18,11.0600,45,2
2026-02-10,000001,14:54:21,11.0700,59,1
2026-02-10,000001,14:54:24,11.0600,12,2
2026-02-10,000001,14:54:27,11.0600,67,2
2026-02-10,000001,14:54:30,11.0600,28,2
2026-02-10,000001,14:54:33,11.0700,446,1
2026-02-10,000001,14:54:36,11.0600,33,2
2026-02-10,000001,14:54:39,11.0700,62,1
2026-02-10,000001,14:54:42,11.0600,13,2
2026-02-10,000001,14:54:45,11.0600,39,2
2026-02-10,000001,14:54:48,11.0700,20,1
2026-02-10,000001,14:54:51,11.0600,324,2
2026-02-10,000001,14:54:54,11.0600,94,2
2026-02-10,000001,14:54:57,11.0700,53,1
2026-02-10,000001,14:55:00,11.0700,88,1
2026-02-10,000001,14:55:03,11.0600,846,2
2026-02-10,000001,14:55:06,11.0700,108,1
2026-02-10,000001,14:55:09,11.0700,291,1
2026-02-10,000001,14:55:12,11.0600,90,2
2026-02-10,000001,14:55:15,11.0700,31,1
2026-02-10,000001,14:55:18,11.0700,94,1
2026-02-10,000001,14:55:21,11.0700,22,1
2026-02-10,000001,14:55:24,11.0600,40,2
2026-02-10,000001,14:55:27,11.0700,134,1
2026-02-10,000001,14:55:30,11.0600,67,2
2026-02-10,000001,14:55:33,11.0600,65,2
2026-02-10,000001,14:55:36,11.0600,22,2
2026-02-10,000001,14:55:39,11.0700,395,1
2026-02-10,000001,14:55:42,11.0600,46,2
2026-02-10,000001,14:55:45,11.0700,27,1
2026-02-10,000001,14:55:48,11.0700,75,1
2026-02-10,000001,14:55:51,11.0600,26,2
2026-02-10,000001,14:55:54,11.0600,52,2
2026-02-10,000001,14:55:57,11.0700,191,1
2026-02-10,000001,14:56:00,11.0700,107,1
2026-02-10,000001,14:56:03,11.0600,346,2
2026-02-10,000001,14:56:06,11.0700,64,1
2026-02-10,000001,14:56:09,11.0600,207,2
2026-02-10,000001,14:56:12,11.0700,94,1
2026-02-10,000001,14:56:15,11.0600,309,2
2026-02-10,000001,14:56:18,11.0600,88,2
2026-02-10,000001,14:56:21,11.0700,34,1
2026-02-10,000001,14:56:24,11.0700,78,1
2026-02-10,000001,14:56:27,11.0600,148,2
2026-02-10,000001,14:56:30,11.0600,18,2
2026-02-10,000001,14:56:33,11.0700,66,1
2026-02-10,000001,14:56:36,11.0700,287,1
2026-02-10,000001,14:56:39,11.0700,121,1
2026-02-10,000001,14:56:42,11.0600,92,2
2026-02-10,000001,14:56:45,11.0600,1299,2
2026-02-10,000001,14:56:48,11.0600,309,2
2026-02-10,000001,14:56:51,11.0600,44,2
2026-02-10,000001,14:56:54,11.0600,31,2
2026-02-10,000001,14:56:57,11.0600,115,2
2026-02-10,000001,14:57:00,11.0600,10,2
2026-02-10,000001,15:00:02,11.0600,10920,4
2026-02-10,000001,11:25:15,11.0600,123,2
2026-02-10,000001,11:25:18,11.0600,25,2
2026-02-10,000001,11:25:24,11.0600,100,2
2026-02-10,000001,11:25:27,11.0600,35,2
2026-02-10,000001,11:25:30,11.0600,87,2
2026-02-10,000001,11:25:33,11.0500,86,2
2026-02-10,000001,11:25:36,11.0600,29,1
2026-02-10,000001,11:25:39,11.0500,2,2
2026-02-10,000001,11:25:42,11.0600,38,1
2026-02-10,000001,11:25:45,11.0600,15,1
2026-02-10,000001,11:25:48,11.0500,112,2
2026-02-10,000001,11:25:54,11.0600,169,1
2026-02-10,000001,11:25:57,11.0600,23,2
2026-02-10,000001,11:26:03,11.0600,103,2
2026-02-10,000001,11:26:06,11.0600,16,2
2026-02-10,000001,11:26:09,11.0600,47,2
2026-02-10,000001,11:26:12,11.0600,90,2
2026-02-10,000001,11:26:18,11.0600,87,2
2026-02-10,000001,11:26:21,11.0600,8,2
2026-02-10,000001,11:26:24,11.0600,154,2
2026-02-10,000001,11:26:27,11.0600,13,2
2026-02-10,000001,11:26:30,11.0600,33,2
2026-02-10,000001,11:26:33,11.0700,11,1
2026-02-10,000001,11:26:36,11.0600,4,2
2026-02-10,000001,11:26:39,11.0600,58,2
2026-02-10,000001,11:26:45,11.0600,14,2
2026-02-10,000001,11:26:48,11.0600,30,2
2026-02-10,000001,11:26:51,11.0600,90,2
2026-02-10,000001,11:26:54,11.0600,50,2
2026-02-10,000001,11:26:57,11.0600,23,2
2026-02-10,000001,11:27:00,11.0600,10,2
2026-02-10,000001,11:27:03,11.0600,11,1
2026-02-10,000001,11:27:06,11.0600,4,1
2026-02-10,000001,11:27:18,11.0600,36,1
2026-02-10,000001,11:27:24,11.0600,43,1
2026-02-10,000001,11:27:27,11.0500,1,2
2026-02-10,000001,11:27:30,11.0500,68,2
2026-02-10,000001,11:27:33,11.0600,11,1
2026-02-10,000001,11:27:39,11.0600,25,1
2026-02-10,000001,11:27:42,11.0600,27,1
2026-02-10,000001,11:27:45,11.0500,60,2
2026-02-10,000001,11:27:54,11.0500,43,2
2026-02-10,000001,11:27:57,11.0500,1,2
2026-02-10,000001,11:28:00,11.0600,12,1
2026-02-10,000001,11:28:03,11.0600,32,1
2026-02-10,000001,11:28:09,11.0600,10,1
2026-02-10,000001,11:28:15,11.0600,101,1
2026-02-10,000001,11:28:21,11.0600,81,1
2026-02-10,000001,11:28:24,11.0600,69,2
2026-02-10,000001,11:28:27,11.0500,5,2
2026-02-10,000001,11:28:30,11.0600,13,1
2026-02-10,000001,11:28:39,11.0600,22,1
2026-02-10,000001,11:28:42,11.0500,8,2
2026-02-10,000001,11:28:45,11.0500,4,2
2026-02-10,000001,11:28:48,11.0500,65,2
2026-02-10,000001,11:28:51,11.0500,7,2
2026-02-10,000001,11:28:54,11.0600,185,1
2026-02-10,000001,11:29:00,11.0500,24,2
2026-02-10,000001,11:29:03,11.0600,7,1
2026-02-10,000001,11:29:06,11.0600,33,1
2026-02-10,000001,11:29:12,11.0500,8,2
2026-02-10,000001,11:29:21,11.0600,47,1
2026-02-10,000001,11:29:27,11.0500,93,2
2026-02-10,000001,11:29:30,11.0500,27,2
2026-02-10,000001,11:29:33,11.0600,12,1
2026-02-10,000001,11:29:36,11.0600,10,1
2026-02-10,000001,11:29:39,11.0600,32,1
2026-02-10,000001,11:29:42,11.0500,266,2
2026-02-10,000001,11:29:45,11.0600,60,1
2026-02-10,000001,11:29:48,11.0500,800,2
2026-02-10,000001,11:29:51,11.0600,62,1
2026-02-10,000001,11:29:57,11.0500,4,2
2026-02-10,000001,11:30:00,11.0500,2,2
2026-02-10,000001,13:00:00,11.0600,241,1
2026-02-10,000001,13:00:03,11.0600,1756,1
2026-02-10,000001,13:00:06,11.0500,169,2
2026-02-10,000001,13:00:09,11.0600,877,1
2026-02-10,000001,13:00:12,11.0700,1788,1
2026-02-10,000001,13:00:15,11.0700,320,1
2026-02-10,000001,13:00:18,11.0600,240,2
2026-02-10,000001,13:00:21,11.0600,50,4
2026-02-10,000001,13:00:27,11.0600,45,4
2026-02-10,000001,13:00:30,11.0500,1065,2
2026-02-10,000001,13:00:36,11.0500,13,2
2026-02-10,000001,13:00:48,11.0600,20,1
2026-02-10,000001,13:00:51,11.0500,1,2
2026-02-10,000001,13:01:00,11.0600,104,1
2026-02-10,000001,13:01:03,11.0600,100,1
2026-02-10,000001,13:01:06,11.0600,19,1
2026-02-10,000001,13:01:09,11.0500,4,2
2026-02-10,000001,13:01:12,11.0500,50,2
2026-02-10,000001,13:01:15,11.0600,14,1
2026-02-10,000001,13:01:21,11.0600,1,1
2026-02-10,000001,13:01:27,11.0600,4,1
2026-02-10,000001,13:01:48,11.0600,2,1
2026-02-10,000001,13:01:57,11.0500,14,2
2026-02-10,000001,13:02:00,11.0600,13,1
2026-02-10,000001,13:02:03,11.0500,26,2
2026-02-10,000001,13:02:06,11.0500,1,2
2026-02-10,000001,13:02:09,11.0600,97,1
2026-02-10,000001,13:02:12,11.0500,18,2
2026-02-10,000001,13:02:15,11.0500,10,2
2026-02-10,000001,13:02:24,11.0600,175,1
2026-02-10,000001,13:02:27,11.0600,1053,1
2026-02-10,000001,13:02:33,11.0500,170,2
2026-02-10,000001,13:02:42,11.0600,50,1
2026-02-10,000001,13:02:51,11.0600,1427,1
2026-02-10,000001,13:02:54,11.0600,281,1
2026-02-10,000001,13:02:57,11.0600,29,4
2026-02-10,000001,13:03:00,11.0600,5,4
2026-02-10,000001,13:03:06,11.0600,47,4
2026-02-10,000001,13:03:09,11.0600,4,4
2026-02-10,000001,13:03:12,11.0600,88,2
2026-02-10,000001,13:03:15,11.0600,9,2
2026-02-10,000001,13:03:27,11.0600,50,2
2026-02-10,000001,13:03:30,11.0600,1,2
2026-02-10,000001,13:03:33,11.0600,8,2
2026-02-10,000001,13:03:36,11.0600,27,2
2026-02-10,000001,13:03:48,11.0600,35,2
2026-02-10,000001,13:03:51,11.0600,200,2
2026-02-10,000001,13:03:54,11.0600,68,2
2026-02-10,000001,13:03:57,11.0600,80,2
2026-02-10,000001,13:04:00,11.0600,237,2
2026-02-10,000001,13:04:03,11.0600,3,1
2026-02-10,000001,13:04:09,11.0600,79,1
2026-02-10,000001,13:04:12,11.0500,536,2
2026-02-10,000001,13:04:15,11.0500,32,2
2026-02-10,000001,13:04:21,11.0500,17,2
2026-02-10,000001,13:04:27,11.0500,1,2
2026-02-10,000001,13:04:30,11.0500,134,2
2026-02-10,000001,13:04:39,11.0600,4490,1
2026-02-10,000001,13:04:42,11.0600,83,2
2026-02-10,000001,13:04:45,11.0600,226,2
2026-02-10,000001,13:04:48,11.0600,283,2
2026-02-10,000001,13:04:51,11.0600,60,2
2026-02-10,000001,13:04:54,11.0600,255,2
2026-02-10,000001,13:04:57,11.0600,75,2
2026-02-10,000001,13:05:00,11.0600,4,1
2026-02-10,000001,13:05:03,11.0700,69,1
2026-02-10,000001,13:05:09,11.0600,2,2
2026-02-10,000001,13:05:12,11.0500,60,2
2026-02-10,000001,13:05:15,11.0600,8,4
2026-02-10,000001,13:05:18,11.0600,28,2
2026-02-10,000001,13:05:21,11.0600,36,2
2026-02-10,000001,13:05:24,11.0600,50,2
2026-02-10,000001,13:05:30,11.0600,32,2
2026-02-10,000001,13:05:33,11.0600,24,2
2026-02-10,000001,13:05:36,11.0600,34,2
2026-02-10,000001,13:05:39,11.0600,82,2
2026-02-10,000001,13:05:42,11.0600,25,2
2026-02-10,000001,13:05:45,11.0600,1950,2
2026-02-10,000001,13:05:51,11.0600,5,2
2026-02-10,000001,13:05:54,11.0600,98,2
2026-02-10,000001,13:05:57,11.0600,72,2
2026-02-10,000001,13:06:00,11.0700,350,1
2026-02-10,000001,13:06:03,11.0600,33,2
2026-02-10,000001,13:06:06,11.0600,1,2
2026-02-10,000001,13:06:09,11.0600,112,2
2026-02-10,000001,13:06:12,11.0600,10,2
2026-02-10,000001,13:06:15,11.0700,33,1
2026-02-10,000001,13:06:18,11.0600,24,2
2026-02-10,000001,13:06:21,11.0600,100,2
2026-02-10,000001,13:06:27,11.0600,1,2
2026-02-10,000001,13:06:36,11.0600,205,2
2026-02-10,000001,13:06:48,11.0600,4,2
2026-02-10,000001,13:06:57,11.0600,30,2
2026-02-10,000001,13:07:00,11.0600,12,2
2026-02-10,000001,13:07:03,11.0700,19,1
2026-02-10,000001,13:07:06,11.0600,1,2
2026-02-10,000001,13:07:09,11.0600,17,2
2026-02-10,000001,13:07:18,11.0600,36,2
2026-02-10,000001,13:07:21,11.0600,88,2
2026-02-10,000001,13:07:24,11.0600,120,2
2026-02-10,000001,13:07:27,11.0700,89,1
2026-02-10,000001,13:07:30,11.0600,12,2
2026-02-10,000001,13:07:36,11.0600,1,2
2026-02-10,000001,13:07:42,11.0600,16,2
2026-02-10,000001,13:07:45,11.0600,51,2
2026-02-10,000001,13:07:48,11.0600,29,2
2026-02-10,000001,13:07:51,11.0600,24,2
2026-02-10,000001,13:07:57,11.0700,59,1
2026-02-10,000001,13:08:03,11.0600,23,2
2026-02-10,000001,13:08:06,11.0700,86,1
2026-02-10,000001,13:08:09,11.0700,40,1
2026-02-10,000001,13:08:12,11.0600,192,2
2026-02-10,000001,13:08:15,11.0600,24,2
2026-02-10,000001,13:08:18,11.0600,2,2
2026-02-10,000001,13:08:21,11.0600,12,2
2026-02-10,000001,13:08:24,11.0700,893,1
2026-02-10,000001,13:08:27,11.0600,173,2
2026-02-10,000001,13:08:30,11.0600,1238,2
2026-02-10,000001,13:08:33,11.0700,1927,1
2026-02-10,000001,13:08:36,11.0700,1974,1
2026-02-10,000001,13:08:39,11.0700,33,1
2026-02-10,000001,13:08:42,11.0700,8,1
2026-02-10,000001,13:08:45,11.0700,46,1
2026-02-10,000001,13:08:48,11.0700,39,1
2026-02-10,000001,13:08:51,11.0700,16,1
2026-02-10,000001,13:08:54,11.0700,1310,1
2026-02-10,000001,13:08:57,11.0600,45,2
2026-02-10,000001,13:09:03,11.0700,2054,1
2026-02-10,000001,13:09:06,11.0800,177,1
2026-02-10,000001,13:09:09,11.0700,60,2
2026-02-10,000001,13:09:12,11.0700,40,2
2026-02-10,000001,13:09:15,11.0800,78,1
2026-02-10,000001,13:09:18,11.0700,96,2
2026-02-10,000001,13:09:21,11.0800,1370,1
2026-02-10,000001,13:09:24,11.0800,8,1
2026-02-10,000001,13:09:27,11.0800,6,1
2026-02-10,000001,13:09:30,11.0700,100,2
2026-02-10,000001,13:09:33,11.0800,5,1
2026-02-10,000001,13:09:36,11.0700,2,2
2026-02-10,000001,13:09:45,11.0800,90,1
2026-02-10,000001,13:09:51,11.0800,7,1
2026-02-10,000001,13:09:54,11.0800,2,1
2026-02-10,000001,13:10:00,11.0800,46,1
2026-02-10,000001,13:10:06,11.0700,1,2
2026-02-10,000001,13:10:15,11.0800,10,1
2026-02-10,000001,13:10:18,11.0700,2608,2
2026-02-10,000001,13:10:21,11.0700,2,2
2026-02-10,000001,13:10:24,11.0800,79,1
2026-02-10,000001,13:10:27,11.0700,1,2
2026-02-10,000001,13:10:33,11.0800,1,1
2026-02-10,000001,13:10:36,11.0700,1,2
2026-02-10,000001,13:10:42,11.0800,5,1
2026-02-10,000001,13:10:45,11.0800,40,1
2026-02-10,000001,13:10:51,11.0700,36,2
2026-02-10,000001,13:10:57,11.0700,24,2
2026-02-10,000001,13:11:00,11.0700,29,2
2026-02-10,000001,13:11:03,11.0800,5,1
2026-02-10,000001,13:11:06,11.0800,11,1
2026-02-10,000001,13:11:09,11.0700,53,2
2026-02-10,000001,13:11:12,11.0800,76,1
2026-02-10,000001,13:11:18,11.0700,159,2
2026-02-10,000001,13:11:27,11.0800,21,1
2026-02-10,000001,13:11:30,11.0800,2,1
2026-02-10,000001,13:11:36,11.0700,1,2
2026-02-10,000001,13:11:42,11.0800,85,1
2026-02-10,000001,13:11:54,11.0700,10,2
2026-02-10,000001,13:11:57,11.0700,2,2
2026-02-10,000001,13:12:03,11.0800,385,1
2026-02-10,000001,13:12:06,11.0700,25,2
2026-02-10,000001,13:12:09,11.0800,98,1
2026-02-10,000001,13:12:15,11.0800,936,1
2026-02-10,000001,13:12:18,11.0800,99,1
2026-02-10,000001,13:12:21,11.0800,1,1
2026-02-10,000001,13:12:24,11.0800,193,1
2026-02-10,000001,13:12:27,11.0700,33,2
2026-02-10,000001,13:12:30,11.0700,12,2
2026-02-10,000001,13:12:33,11.0700,37,2
2026-02-10,000001,13:12:36,11.0800,63,1
2026-02-10,000001,13:12:42,11.0700,16,2
2026-02-10,000001,13:12:48,11.0700,114,2
2026-02-10,000001,13:12:51,11.0800,11,1
2026-02-10,000001,13:12:54,11.0700,8,2
2026-02-10,000001,13:12:57,11.0700,88,2
2026-02-10,000001,13:13:03,11.0700,53,2
2026-02-10,000001,13:13:06,11.0800,11,1
2026-02-10,000001,13:13:09,11.0700,19,2
2026-02-10,000001,13:13:12,11.0700,4,2
2026-02-10,000001,13:13:15,11.0700,30,2
2026-02-10,000001,13:13:18,11.0700,57,2
2026-02-10,000001,13:13:21,11.0700,4,2
2026-02-10,000001,13:13:24,11.0700,8,2
2026-02-10,000001,13:13:27,11.0700,23,2
2026-02-10,000001,13:13:30,11.0700,16,2
2026-02-10,000001,13:13:33,11.0700,15,2
2026-02-10,000001,13:13:36,11.0700,4,2
2026-02-10,000001,13:13:39,11.0800,99,1
2026-02-10,000001,13:13:42,11.0800,23,1
2026-02-10,000001,13:13:45,11.0800,12,1
2026-02-10,000001,13:13:48,11.0700,1,2
2026-02-10,000001,13:13:51,11.0700,2,2
2026-02-10,000001,13:13:54,11.0700,34,2
2026-02-10,000001,13:13:57,11.0700,20,2
2026-02-10,000001,13:14:00,11.0800,7,1
2026-02-10,000001,13:14:06,11.0800,6,1
2026-02-10,000001,13:14:09,11.0700,4,2
2026-02-10,000001,13:14:12,11.0800,100,1
2026-02-10,000001,13:14:21,11.0700,138,2
2026-02-10,000001,13:14:24,11.0700,7,2
2026-02-10,000001,13:14:27,11.0700,29,2
2026-02-10,000001,13:14:30,11.0800,1,1
2026-02-10,000001,13:14:33,11.0700,164,2
2026-02-10,000001,13:14:36,11.0800,41,1
2026-02-10,000001,13:14:39,11.0700,3,2
2026-02-10,000001,13:14:42,11.0800,9,1
2026-02-10,000001,13:14:45,11.0800,68,1
2026-02-10,000001,13:14:48,11.0800,14,1
2026-02-10,000001,13:14:51,11.0800,8,1
2026-02-10,000001,13:14:54,11.0700,102,2
2026-02-10,000001,13:14:57,11.0800,38,1
2026-02-10,000001,13:15:03,11.0700,103,2
2026-02-10,000001,13:15:06,11.0700,85,2
2026-02-10,000001,13:15:09,11.0700,32,2
2026-02-10,000001,13:15:12,11.0700,56,2
2026-02-10,000001,13:15:15,11.0700,16,2
2026-02-10,000001,13:15:21,11.0700,12,2
2026-02-10,000001,13:15:24,11.0800,1,1
2026-02-10,000001,13:15:27,11.0700,91,2
2026-02-10,000001,13:15:30,11.0700,57,2
2026-02-10,000001,13:15:33,11.0700,58,2
2026-02-10,000001,13:15:36,11.0700,2,2
2026-02-10,000001,13:15:39,11.0800,134,1
2026-02-10,000001,13:15:42,11.0700,115,2
2026-02-10,000001,13:15:45,11.0800,23,1
2026-02-10,000001,13:15:48,11.0800,55,1
2026-02-10,000001,13:15:51,11.0700,16,2
2026-02-10,000001,13:15:54,11.0700,201,2
2026-02-10,000001,13:15:57,11.0800,20,1
2026-02-10,000001,13:16:00,11.0700,215,2
2026-02-10,000001,13:16:03,11.0700,83,2
2026-02-10,000001,13:16:06,11.0700,17,2
2026-02-10,000001,13:16:09,11.0800,52,1
2026-02-10,000001,13:16:12,11.0700,24,2
2026-02-10,000001,13:16:15,11.0700,18,2
2026-02-10,000001,13:16:21,11.0700,20,2
2026-02-10,000001,13:16:27,11.0700,1,2
2026-02-10,000001,13:16:30,11.0700,426,2
2026-02-10,000001,13:16:33,11.0700,66,2
2026-02-10,000001,13:16:36,11.0700,1,2
2026-02-10,000001,13:16:39,11.0700,16,2
2026-02-10,000001,13:16:42,11.0700,221,2
2026-02-10,000001,13:16:45,11.0700,16,2
2026-02-10,000001,13:16:48,11.0800,9,1
2026-02-10,000001,13:16:54,11.0700,103,2
2026-02-10,000001,13:16:57,11.0700,131,2
2026-02-10,000001,13:17:00,11.0700,295,2
2026-02-10,000001,13:17:03,11.0700,77,2
2026-02-10,000001,13:17:06,11.0700,11,2
2026-02-10,000001,13:17:12,11.0700,2474,2
2026-02-10,000001,13:17:15,11.0700,542,2
2026-02-10,000001,13:17:18,11.0700,15,2
2026-02-10,000001,13:17:21,11.0800,20,1
2026-02-10,000001,13:17:27,11.0700,7,2
2026-02-10,000001,13:17:30,11.0700,10,2
2026-02-10,000001,13:17:33,11.0700,46,2
2026-02-10,000001,13:17:36,11.0700,306,2
2026-02-10,000001,13:17:39,11.0700,64,2
2026-02-10,000001,13:17:42,11.0700,435,2
2026-02-10,000001,13:17:45,11.0700,29,2
2026-02-10,000001,13:17:48,11.0700,31,2
2026-02-10,000001,13:17:51,11.0800,102,1
2026-02-10,000001,13:17:57,11.0700,1,2
2026-02-10,000001,13:18:03,11.0700,54,2
2026-02-10,000001,13:18:06,11.0700,274,2
2026-02-10,000001,13:18:09,11.0700,241,2
2026-02-10,000001,13:18:12,11.0700,78,2
2026-02-10,000001,13:18:15,11.0700,371,2
2026-02-10,000001,13:18:18,11.0700,19,2
2026-02-10,000001,13:18:21,11.0800,89,1
2026-02-10,000001,13:18:24,11.0700,32,2
2026-02-10,000001,13:18:27,11.0800,2,1
2026-02-10,000001,13:18:30,11.0700,447,2
2026-02-10,000001,13:18:33,11.0700,6,2
2026-02-10,000001,13:18:36,11.0700,4,2
2026-02-10,000001,13:18:39,11.0700,41,2
2026-02-10,000001,13:18:42,11.0700,83,2
2026-02-10,000001,13:18:45,11.0700,142,1
2026-02-10,000001,13:18:48,11.0700,50,2
2026-02-10,000001,13:18:51,11.0700,3,2
2026-02-10,000001,13:18:54,11.0700,10,2
2026-02-10,000001,13:18:57,11.0700,7,2
2026-02-10,000001,13:19:00,11.0700,13,2
2026-02-10,000001,13:19:03,11.0700,1,2
2026-02-10,000001,13:19:06,11.0700,28,2
2026-02-10,000001,13:19:09,11.0700,19,2
2026-02-10,000001,13:19:15,11.0800,15,1
2026-02-10,000001,13:19:18,11.0700,58,2
2026-02-10,000001,13:19:24,11.0700,152,2
2026-02-10,000001,13:19:27,11.0700,42,2
2026-02-10,000001,13:19:30,11.0700,9,2
2026-02-10,000001,13:19:36,11.0800,40,1
2026-02-10,000001,13:19:39,11.0700,63,2
2026-02-10,000001,13:19:45,11.0700,20,2
2026-02-10,000001,13:19:54,11.0700,48,2
2026-02-10,000001,13:19:57,11.0700,66,2
2026-02-10,000001,13:20:00,11.0800,8,1
2026-02-10,000001,13:20:03,11.0700,45,2
2026-02-10,000001,13:20:06,11.0700,3,2
2026-02-10,000001,13:20:09,11.0800,15,1
2026-02-10,000001,13:20:15,11.0700,69,2
2026-02-10,000001,13:20:21,11.0700,24,2
2026-02-10,000001,13:20:24,11.0700,120,2
2026-02-10,000001,13:20:27,11.0700,129,2
2026-02-10,000001,13:20:30,11.0700,16,2
2026-02-10,000001,13:20:33,11.0700,28,2
2026-02-10,000001,13:20:36,11.0700,2,2
2026-02-10,000001,13:20:39,11.0700,90,2
2026-02-10,000001,13:20:51,11.0700,24,2
2026-02-10,000001,13:20:54,11.0800,1,1
2026-02-10,000001,13:20:57,11.0700,493,2
2026-02-10,000001,13:21:00,11.0700,20,2
2026-02-10,000001,13:21:06,11.0800,119,1
2026-02-10,000001,13:21:12,11.0700,132,2
2026-02-10,000001,13:21:15,11.0700,34,2
2026-02-10,000001,13:21:21,11.0700,70,2
2026-02-10,000001,13:21:27,11.0800,11,1
2026-02-10,000001,13:21:30,11.0800,150,1
2026-02-10,000001,13:21:36,11.0800,41,1
2026-02-10,000001,13:21:39,11.0800,468,1
2026-02-10,000001,13:21:45,11.0700,17,2
2026-02-10,000001,13:21:54,11.0700,2,2
2026-02-10,000001,13:21:57,11.0700,64,2
2026-02-10,000001,13:22:00,11.0700,76,2
2026-02-10,000001,13:22:03,11.0700,12,2
2026-02-10,000001,13:22:06,11.0700,88,2
2026-02-10,000001,13:22:09,11.0700,20,2
2026-02-10,000001,13:22:15,11.0700,200,2
2026-02-10,000001,13:22:18,11.0700,1,2
2026-02-10,000001,13:22:21,11.0700,4,2
2026-02-10,000001,13:22:27,11.0700,1,2
2026-02-10,000001,13:22:30,11.0800,144,1
2026-02-10,000001,13:22:33,11.0700,12,2
2026-02-10,000001,13:22:36,11.0700,76,2
2026-02-10,000001,13:22:39,11.0800,133,1
2026-02-10,000001,13:22:48,11.0800,31,1
2026-02-10,000001,13:22:54,11.0700,27,2
2026-02-10,000001,13:22:57,11.0700,2,2
2026-02-10,000001,13:23:00,11.0800,172,1
2026-02-10,000001,13:23:03,11.0700,560,2
2026-02-10,000001,13:23:06,11.0700,25,2
2026-02-10,000001,13:23:12,11.0700,110,2
2026-02-10,000001,13:23:15,11.0700,80,2
2026-02-10,000001,13:23:18,11.0800,33,1
2026-02-10,000001,13:23:27,11.0700,316,2
2026-02-10,000001,13:23:30,11.0700,22,2
2026-02-10,000001,13:23:33,11.0700,219,2
2026-02-10,000001,13:23:36,11.0700,134,2
2026-02-10,000001,13:23:39,11.0800,43,1
2026-02-10,000001,13:23:42,11.0800,72,1
2026-02-10,000001,13:23:45,11.0700,256,2
2026-02-10,000001,13:23:48,11.0700,40,2
2026-02-10,000001,13:23:51,11.0700,105,2
2026-02-10,000001,13:23:54,11.0700,88,2
2026-02-10,000001,13:23:57,11.0700,17,2
2026-02-10,000001,13:24:00,11.0800,53,1
2026-02-10,000001,13:24:03,11.0700,26,2
2026-02-10,000001,13:24:06,11.0700,92,2
2026-02-10,000001,13:24:09,11.0700,124,2
2026-02-10,000001,13:24:12,11.0800,17,1
2026-02-10,000001,13:24:15,11.0700,1,2
2026-02-10,000001,13:24:18,11.0700,105,2
2026-02-10,000001,13:24:21,11.0700,31,2
2026-02-10,000001,13:24:24,11.0700,32,2
2026-02-10,000001,13:24:27,11.0700,42,2
2026-02-10,000001,13:24:30,11.0800,8,1
2026-02-10,000001,13:24:33,11.0700,188,2
2026-02-10,000001,13:24:36,11.0800,30,1
2026-02-10,000001,13:24:39,11.0700,58,2
2026-02-10,000001,13:24:42,11.0800,262,1
2026-02-10,000001,13:24:45,11.0700,14,2
2026-02-10,000001,13:24:48,11.0700,53,2
2026-02-10,000001,13:24:54,11.0800,6,1
2026-02-10,000001,13:24:57,11.0700,47,2
2026-02-10,000001,13:25:00,11.0700,34,2
2026-02-10,000001,13:25:03,11.0700,61,2
2026-02-10,000001,13:25:06,11.0800,25,1
2026-02-10,000001,13:25:09,11.0700,41,2
2026-02-10,000001,13:25:12,11.0800,29,1
2026-02-10,000001,13:25:15,11.0700,172,2
2026-02-10,000001,13:25:18,11.0700,123,2
2026-02-10,000001,13:25:21,11.0700,1,2
2026-02-10,000001,13:25:27,11.0800,30,1
2026-02-10,000001,13:25:33,11.0700,68,2
2026-02-10,000001,13:25:36,11.0700,35,2
2026-02-10,000001,13:25:42,11.0800,35,1
2026-02-10,000001,13:25:45,11.0800,177,1
2026-02-10,000001,13:25:48,11.0800,80,1
2026-02-10,000001,13:25:57,11.0800,56,1
2026-02-10,000001,13:26:03,11.0700,80,2
2026-02-10,000001,13:26:06,11.0700,130,2
2026-02-10,000001,13:26:09,11.0700,6,2
2026-02-10,000001,13:26:12,11.0700,67,2
2026-02-10,000001,13:26:15,11.0800,182,1
2026-02-10,000001,13:26:18,11.0800,79,1
2026-02-10,000001,13:26:24,11.0800,42,1
2026-02-10,000001,13:26:27,11.0800,17,1
2026-02-10,000001,13:26:33,11.0700,62,2
2026-02-10,000001,13:26:36,11.0700,9,2
2026-02-10,000001,13:26:39,11.0800,29,1
2026-02-10,000001,13:26:45,11.0800,56,1
2026-02-10,000001,13:26:48,11.0700,76,2
2026-02-10,000001,13:26:51,11.0800,227,1
2026-02-10,000001,13:26:54,11.0800,36,1
2026-02-10,000001,13:26:57,11.0700,1,2
2026-02-10,000001,13:27:03,11.0700,852,2
2026-02-10,000001,13:27:06,11.0700,221,2
2026-02-10,000001,13:27:09,11.0800,99,1
2026-02-10,000001,13:27:12,11.0700,12,2
2026-02-10,000001,13:27:15,11.0800,97,1
2026-02-10,000001,13:27:18,11.0700,205,2
2026-02-10,000001,13:27:24,11.0700,35,2
2026-02-10,000001,13:27:27,11.0800,167,1
2026-02-10,000001,13:27:33,11.0700,46,2
2026-02-10,000001,13:27:39,11.0700,13,2
2026-02-10,000001,13:27:42,11.0800,64,1
2026-02-10,000001,13:27:45,11.0700,250,2
2026-02-10,000001,13:27:48,11.0800,10,1
2026-02-10,000001,13:27:51,11.0700,2775,2
2026-02-10,000001,13:27:54,11.0800,142,1
2026-02-10,000001,13:27:57,11.0700,64,2
2026-02-10,000001,13:28:00,11.0700,70,2
2026-02-10,000001,13:28:03,11.0700,75,2
2026-02-10,000001,13:28:06,11.0700,28,2
2026-02-10,000001,13:28:12,11.0800,8,1
2026-02-10,000001,13:28:15,11.0800,95,1
2026-02-10,000001,13:28:18,11.0800,9,1
2026-02-10,000001,13:28:27,11.0700,350,2
2026-02-10,000001,13:28:30,11.0800,29,1
2026-02-10,000001,13:28:33,11.0800,260,1
2026-02-10,000001,13:28:36,11.0700,109,2
2026-02-10,000001,13:28:42,11.0800,86,1
2026-02-10,000001,13:28:48,11.0700,23,2
2026-02-10,000001,13:28:54,11.0700,11,2
2026-02-10,000001,13:28:57,11.0700,28,2
2026-02-10,000001,13:29:00,11.0700,9,2
2026-02-10,000001,13:29:03,11.0700,88,2
2026-02-10,000001,13:29:06,11.0700,151,2
2026-02-10,000001,13:29:09,11.0800,185,1
2026-02-10,000001,13:29:12,11.0700,131,2
2026-02-10,000001,13:29:15,11.0800,40,1
2026-02-10,000001,13:29:18,11.0700,5,2
2026-02-10,000001,13:29:21,11.0700,10,2
2026-02-10,000001,13:29:24,11.0700,383,2
2026-02-10,000001,13:29:27,11.0700,114,2
2026-02-10,000001,13:29:33,11.0800,85,1
2026-02-10,000001,13:29:36,11.0700,9,2
2026-02-10,000001,13:29:39,11.0800,4,1
2026-02-10,000001,13:29:42,11.0800,88,1
2026-02-10,000001,13:29:45,11.0800,240,1
2026-02-10,000001,13:29:48,11.0700,118,2
2026-02-10,000001,13:29:51,11.0800,46,1
2026-02-10,000001,13:29:54,11.0700,62,2
2026-02-10,000001,13:29:57,11.0800,63,1
2026-02-10,000001,13:30:03,11.0700,300,2
2026-02-10,000001,13:30:06,11.0700,203,2
2026-02-10,000001,13:30:09,11.0700,178,2
2026-02-10,000001,13:30:12,11.0700,197,2
2026-02-10,000001,13:30:15,11.0700,249,2
2026-02-10,000001,13:30:18,11.0700,25,2
2026-02-10,000001,13:30:21,11.0700,158,2
2026-02-10,000001,13:30:24,11.0800,40,1
2026-02-10,000001,13:30:27,11.0700,807,2
2026-02-10,000001,13:30:33,11.0700,72,2
2026-02-10,000001,13:30:36,11.0700,1,2
2026-02-10,000001,13:30:39,11.0700,382,2
2026-02-10,000001,13:30:42,11.0700,20,2
2026-02-10,000001,13:30:48,11.0700,15,2
2026-02-10,000001,13:30:51,11.0800,193,1
2026-02-10,000001,13:30:54,11.0700,400,2
2026-02-10,000001,13:30:57,11.0700,21,2
2026-02-10,000001,13:31:00,11.0700,61,2
2026-02-10,000001,13:31:03,11.0700,77,2
2026-02-10,000001,13:31:06,11.0700,99,2
2026-02-10,000001,13:31:12,11.0700,51,2
2026-02-10,000001,13:31:15,11.0700,304,2
2026-02-10,000001,13:31:18,11.0700,189,2
2026-02-10,000001,13:31:21,11.0700,50,2
2026-02-10,000001,13:31:24,11.0700,7,2
2026-02-10,000001,13:31:27,11.0700,2,2
2026-02-10,000001,13:31:30,11.0700,15,2
2026-02-10,000001,13:31:36,11.0700,34,2
2026-02-10,000001,13:31:39,11.0700,2,2
2026-02-10,000001,13:31:42,11.0700,169,2
2026-02-10,000001,13:31:45,11.0700,58,2
2026-02-10,000001,13:31:48,11.0700,41,2
2026-02-10,000001,13:31:51,11.0700,868,2
2026-02-10,000001,13:31:54,11.0800,517,1
2026-02-10,000001,13:31:57,11.0700,1,2
2026-02-10,000001,13:32:00,11.0700,25,2
2026-02-10,000001,13:32:03,11.0700,10,2
2026-02-10,000001,13:32:06,11.0700,78,2
2026-02-10,000001,13:32:12,11.0700,7,2
2026-02-10,000001,13:32:15,11.0700,55,2
2026-02-10,000001,13:32:18,11.0700,21,2
2026-02-10,000001,13:32:21,11.0700,96,2
2026-02-10,000001,13:32:24,11.0800,5,1
2026-02-10,000001,13:32:27,11.0800,367,1
2026-02-10,000001,13:32:30,11.0700,61,2
2026-02-10,000001,13:32:36,11.0700,23,2
2026-02-10,000001,13:32:45,11.0700,18,2
2026-02-10,000001,13:32:48,11.0700,58,2
2026-02-10,000001,13:32:51,11.0700,1,2
2026-02-10,000001,13:32:54,11.0800,1,1
2026-02-10,000001,13:32:57,11.0700,2,2
2026-02-10,000001,13:33:03,11.0700,97,2
2026-02-10,000001,13:33:06,11.0700,3,2
2026-02-10,000001,13:33:09,11.0700,2,2
2026-02-10,000001,13:33:15,11.0700,100,2
2026-02-10,000001,13:33:18,11.0800,15,1
2026-02-10,000001,13:33:21,11.0700,22,2
2026-02-10,000001,13:33:24,11.0700,72,2
2026-02-10,000001,13:33:27,11.0700,5,2
2026-02-10,000001,13:33:30,11.0800,74,1
2026-02-10,000001,13:33:33,11.0800,120,1
2026-02-10,000001,13:33:36,11.0800,150,1
2026-02-10,000001,13:33:39,11.0700,65,2
2026-02-10,000001,13:33:42,11.0700,157,2
2026-02-10,000001,13:33:45,11.0800,200,1
2026-02-10,000001,13:33:48,11.0700,13,2
2026-02-10,000001,13:33:51,11.0700,78,2
2026-02-10,000001,13:33:54,11.0700,30,2
2026-02-10,000001,13:33:57,11.0700,3,2
2026-02-10,000001,13:34:00,11.0700,36,2
2026-02-10,000001,13:34:03,11.0700,108,2
2026-02-10,000001,13:34:06,11.0700,2,2
2026-02-10,000001,13:34:09,11.0700,158,2
2026-02-10,000001,13:34:12,11.0700,19,2
2026-02-10,000001,13:34:15,11.0700,230,2
2026-02-10,000001,13:34:18,11.0700,22,2
2026-02-10,000001,13:34:21,11.0700,33,2
2026-02-10,000001,13:34:24,11.0700,71,2
2026-02-10,000001,13:34:27,11.0700,37,2
2026-02-10,000001,13:34:30,11.0700,67,2
2026-02-10,000001,13:34:33,11.0700,31,2
2026-02-10,000001,13:34:36,11.0700,44,2
2026-02-10,000001,13:34:39,11.0700,74,2
2026-02-10,000001,13:34:42,11.0700,73,2
2026-02-10,000001,13:34:45,11.0700,122,2
2026-02-10,000001,13:34:48,11.0700,28,2
2026-02-10,000001,13:34:51,11.0800,6,1
2026-02-10,000001,13:34:54,11.0800,5,1
2026-02-10,000001,13:34:57,11.0700,452,2
2026-02-10,000001,13:35:00,11.0700,79,1
2026-02-10,000001,13:35:03,11.0700,435,1
2026-02-10,000001,13:35:06,11.0700,50,1
2026-02-10,000001,13:35:09,11.0700,34,1
2026-02-10,000001,13:35:12,11.0700,5,1
2026-02-10,000001,13:35:15,11.0600,7,2
2026-02-10,000001,13:35:18,11.0700,2,1
2026-02-10,000001,13:35:21,11.0700,40,1
2026-02-10,000001,13:35:24,11.0600,52,2
2026-02-10,000001,13:35:27,11.0600,24,2
2026-02-10,000001,13:35:30,11.0700,27,1
2026-02-10,000001,13:35:33,11.0700,371,1
2026-02-10,000001,13:35:36,11.0600,59,2
2026-02-10,000001,13:35:39,11.0700,1,1
2026-02-10,000001,13:35:42,11.0600,10,2
2026-02-10,000001,13:35:45,11.0600,112,2
2026-02-10,000001,13:35:48,11.0600,16,2
2026-02-10,000001,13:35:51,11.0600,23,2
2026-02-10,000001,13:35:57,11.0700,3,1
2026-02-10,000001,13:36:00,11.0700,1,1
2026-02-10,000001,13:36:03,11.0600,19,2
2026-02-10,000001,13:36:06,11.0600,80,2
2026-02-10,000001,13:36:09,11.0600,35,2
2026-02-10,000001,13:36:12,11.0600,3,2
2026-02-10,000001,13:36:15,11.0700,387,1
2026-02-10,000001,13:36:18,11.0700,8,1
2026-02-10,000001,13:36:21,11.0600,14,2
2026-02-10,000001,13:36:24,11.0600,12,2
2026-02-10,000001,13:36:27,11.0700,12,1
2026-02-10,000001,13:36:30,11.0700,2,1
2026-02-10,000001,13:36:33,11.0700,33,1
2026-02-10,000001,13:36:36,11.0700,174,1
2026-02-10,000001,13:36:39,11.0700,8,1
2026-02-10,000001,13:36:42,11.0700,100,1
2026-02-10,000001,13:36:45,11.0700,251,1
2026-02-10,000001,13:36:48,11.0700,35,1
2026-02-10,000001,13:36:51,11.0700,2,1
2026-02-10,000001,13:36:54,11.0700,22,1
2026-02-10,000001,13:36:57,11.0800,254,1
2026-02-10,000001,13:37:00,11.0700,25,2
2026-02-10,000001,13:37:03,11.0700,47,2
2026-02-10,000001,13:37:06,11.0800,28,1
2026-02-10,000001,13:37:09,11.0700,12,2
2026-02-10,000001,13:37:12,11.0700,77,2
2026-02-10,000001,13:37:15,11.0800,337,1
2026-02-10,000001,13:37:18,11.0700,172,2
2026-02-10,000001,13:37:21,11.0700,56,2
2026-02-10,000001,13:37:24,11.0600,29,2
2026-02-10,000001,13:37:30,11.0600,21,2
2026-02-10,000001,13:37:33,11.0600,54,2
2026-02-10,000001,13:37:36,11.0600,13,2
2026-02-10,000001,13:37:39,11.0600,16,2
2026-02-10,000001,13:37:42,11.0600,16,2
2026-02-10,000001,13:37:45,11.0600,13,2
2026-02-10,000001,13:37:48,11.0600,63,2
2026-02-10,000001,13:37:51,11.0600,31,2
2026-02-10,000001,13:37:54,11.0700,9,1
2026-02-10,000001,13:38:00,11.0600,30,2
2026-02-10,000001,13:38:03,11.0600,5,2
2026-02-10,000001,13:38:06,11.0600,2,2
2026-02-10,000001,13:38:12,11.0700,25,1
2026-02-10,000001,13:38:21,11.0600,5,2
2026-02-10,000001,13:38:24,11.0600,2,2
2026-02-10,000001,13:38:30,11.0700,356,1
2026-02-10,000001,13:38:33,11.0600,23,2
2026-02-10,000001,13:38:36,11.0600,20,2
2026-02-10,000001,13:38:39,11.0600,6,2
2026-02-10,000001,13:38:48,11.0600,32,2
2026-02-10,000001,13:38:51,11.0600,22,2
2026-02-10,000001,13:38:54,11.0600,32,2
2026-02-10,000001,13:38:57,11.0600,1,2
2026-02-10,000001,13:39:00,11.0700,554,1
2026-02-10,000001,13:39:03,11.0600,97,2
2026-02-10,000001,13:39:06,11.0600,34,2
2026-02-10,000001,13:39:12,11.0600,4,2
2026-02-10,000001,13:39:15,11.0700,40,1
2026-02-10,000001,13:39:18,11.0600,11,2
2026-02-10,000001,13:39:24,11.0700,8,1
2026-02-10,000001,13:39:27,11.0700,21,1
2026-02-10,000001,13:39:30,11.0700,48,1
2026-02-10,000001,13:39:33,11.0600,40,2
2026-02-10,000001,13:39:36,11.0700,250,1
2026-02-10,000001,13:39:45,11.0700,13,1
2026-02-10,000001,13:39:48,11.0600,1,2
2026-02-10,000001,13:39:51,11.0600,2,2
2026-02-10,000001,13:39:54,11.0600,24,2
2026-02-10,000001,13:39:57,11.0600,1,2
2026-02-10,000001,13:40:00,11.0600,108,2
2026-02-10,000001,13:40:03,11.0600,58,2
2026-02-10,000001,13:40:06,11.0600,221,2
2026-02-10,000001,13:40:09,11.0600,216,2
2026-02-10,000001,13:40:12,11.0600,46,2
2026-02-10,000001,13:40:15,11.0600,28,2
2026-02-10,000001,13:40:18,11.0700,150,1
2026-02-10,000001,13:40:21,11.0700,16,1
2026-02-10,000001,13:40:30,11.0600,48,2
2026-02-10,000001,13:40:33,11.0600,111,2
2026-02-10,000001,13:40:36,11.0700,50,1
2026-02-10,000001,13:40:48,11.0700,2,1
2026-02-10,000001,13:40:51,11.0700,48,1
2026-02-10,000001,13:40:54,11.0600,36,2
2026-02-10,000001,13:40:57,11.0700,6,1
2026-02-10,000001,13:41:00,11.0600,181,2
2026-02-10,000001,13:41:03,11.0600,60,2
2026-02-10,000001,13:41:06,11.0600,6,2
2026-02-10,000001,13:41:09,11.0700,9,1
2026-02-10,000001,13:41:12,11.0700,3,1
2026-02-10,000001,13:41:15,11.0600,100,2
2026-02-10,000001,13:41:18,11.0700,203,1
2026-02-10,000001,13:41:21,11.0600,100,2
2026-02-10,000001,13:41:27,11.0600,56,2
2026-02-10,000001,13:41:30,11.0600,28,2
2026-02-10,000001,13:41:33,11.0600,130,2
2026-02-10,000001,13:41:36,11.0600,33,2
2026-02-10,000001,13:41:39,11.0600,119,2
2026-02-10,000001,13:41:42,11.0600,286,2
2026-02-10,000001,13:41:45,11.0600,7,2
2026-02-10,000001,13:41:48,11.0600,1099,2
2026-02-10,000001,13:41:51,11.0600,336,2
2026-02-10,000001,13:41:54,11.0600,317,2
2026-02-10,000001,13:41:57,11.0600,13,2
2026-02-10,000001,13:42:00,11.0600,100,2
2026-02-10,000001,13:42:03,11.0700,69,1
2026-02-10,000001,13:42:06,11.0600,1,2
2026-02-10,000001,13:42:09,11.0600,24,2
2026-02-10,000001,13:42:18,11.0600,16,2
2026-02-10,000001,13:42:21,11.0600,16,2
2026-02-10,000001,13:42:24,11.0600,5,2
2026-02-10,000001,13:42:27,11.0600,28,2
2026-02-10,000001,13:42:30,11.0600,6,2
2026-02-10,000001,13:42:33,11.0600,12,2
2026-02-10,000001,13:42:36,11.0600,211,2
2026-02-10,000001,13:42:39,11.0600,10301,2
2026-02-10,000001,13:42:42,11.0600,329,1
2026-02-10,000001,13:42:45,11.0600,49,2
2026-02-10,000001,13:42:48,11.0700,76,1
2026-02-10,000001,13:42:51,11.0600,2,2
2026-02-10,000001,13:42:54,11.0700,6,1
2026-02-10,000001,13:42:57,11.0600,4,2
2026-02-10,000001,13:43:00,11.0600,25,2
2026-02-10,000001,13:43:03,11.0600,84,2
2026-02-10,000001,13:43:06,11.0700,86,1
2026-02-10,000001,13:43:09,11.0600,49,2
2026-02-10,000001,13:43:12,11.0600,54,2
2026-02-10,000001,13:43:15,11.0600,77,1
2026-02-10,000001,13:43:24,11.0700,1,1
2026-02-10,000001,13:43:27,11.0700,4,1
2026-02-10,000001,13:43:30,11.0600,10,2
2026-02-10,000001,13:43:33,11.0600,10,2
2026-02-10,000001,13:43:36,11.0600,146,2
2026-02-10,000001,13:43:54,11.0600,10,2
2026-02-10,000001,13:43:57,11.0600,1,2
2026-02-10,000001,13:44:03,11.0700,21,1
2026-02-10,000001,13:44:06,11.0700,2,1
2026-02-10,000001,13:44:15,11.0700,2,1
2026-02-10,000001,13:44:21,11.0600,46,2
2026-02-10,000001,13:44:24,11.0700,200,1
2026-02-10,000001,13:44:27,11.0600,39,2
2026-02-10,000001,13:44:33,11.0600,66,2
2026-02-10,000001,13:44:36,11.0700,10,1
2026-02-10,000001,13:44:39,11.0600,78,2
2026-02-10,000001,13:44:42,11.0700,1,1
2026-02-10,000001,13:44:45,11.0600,73,2
2026-02-10,000001,13:44:48,11.0600,12,2
2026-02-10,000001,13:44:54,11.0700,26,1
2026-02-10,000001,13:44:57,11.0600,72,2
2026-02-10,000001,13:45:06,11.0600,1,2
2026-02-10,000001,13:45:18,11.0600,10,2
2026-02-10,000001,13:45:21,11.0700,21,1
2026-02-10,000001,13:45:24,11.0600,11,2
2026-02-10,000001,13:45:27,11.0700,4,1
2026-02-10,000001,13:45:33,11.0600,57,2
2026-02-10,000001,13:45:36,11.0600,58,2
2026-02-10,000001,13:45:39,11.0700,109,1
2026-02-10,000001,13:45:42,11.0600,18,2
2026-02-10,000001,13:45:48,11.0600,80,2
2026-02-10,000001,13:45:51,11.0600,61,2
2026-02-10,000001,13:45:54,11.0600,41,2
2026-02-10,000001,13:45:57,11.0600,1,2
2026-02-10,000001,13:46:00,11.0600,9,2
2026-02-10,000001,13:46:06,11.0600,15,2
2026-02-10,000001,13:46:09,11.0700,11,1
2026-02-10,000001,13:46:12,11.0600,18,2
2026-02-10,000001,13:46:18,11.0600,5,2
2026-02-10,000001,13:46:21,11.0600,16,2
2026-02-10,000001,13:46:27,11.0600,4,2
2026-02-10,000001,13:46:36,11.0600,3,2
2026-02-10,000001,13:46:39,11.0600,15,2
2026-02-10,000001,13:46:45,11.0600,13,2
2026-02-10,000001,13:46:48,11.0600,4,2
2026-02-10,000001,13:46:54,11.0600,100,2
2026-02-10,000001,13:46:57,11.0600,1,2
2026-02-10,000001,13:47:03,11.0600,121,2
2026-02-10,000001,13:47:06,11.0600,1,2
2026-02-10,000001,13:47:09,11.0700,9,1
2026-02-10,000001,13:47:12,11.0600,26,2
2026-02-10,000001,13:47:27,11.0600,1,2
2026-02-10,000001,13:47:30,11.0600,2,2
2026-02-10,000001,13:47:36,11.0600,1,2
2026-02-10,000001,13:47:39,11.0700,4,1
2026-02-10,000001,13:47:42,11.0700,6,1
2026-02-10,000001,13:47:45,11.0600,2,2
2026-02-10,000001,13:47:48,11.0600,1,2
2026-02-10,000001,13:47:51,11.0600,174,2
2026-02-10,000001,13:47:54,11.0600,34,2
2026-02-10,000001,13:47:57,11.0700,19,1
2026-02-10,000001,13:48:00,11.0600,25,2
2026-02-10,000001,13:48:06,11.0600,1,2
2026-02-10,000001,13:48:12,11.0600,60,2
2026-02-10,000001,13:48:24,11.0600,19,2
2026-02-10,000001,13:48:27,11.0600,2,2
2026-02-10,000001,13:48:30,11.0600,61,2
2026-02-10,000001,13:48:33,11.0600,17,2
2026-02-10,000001,13:48:36,11.0600,10,2
2026-02-10,000001,13:48:45,11.0700,6,1
2026-02-10,000001,13:48:48,11.0600,19,2
2026-02-10,000001,13:48:51,11.0700,99,1
2026-02-10,000001,13:48:54,11.0600,2,2
2026-02-10,000001,13:48:57,11.0600,5,2
2026-02-10,000001,13:49:06,11.0600,1,2
2026-02-10,000001,13:49:09,11.0600,22,2
2026-02-10,000001,13:49:12,11.0600,18,2
2026-02-10,000001,13:49:18,11.0600,1,2
2026-02-10,000001,13:49:21,11.0600,202,2
2026-02-10,000001,13:49:27,11.0600,6,2
2026-02-10,000001,13:49:33,11.0700,4,1
2026-02-10,000001,13:49:36,11.0600,23,2
2026-02-10,000001,13:49:39,11.0600,2,2
2026-02-10,000001,13:49:42,11.0600,59,2
2026-02-10,000001,13:49:45,11.0700,11,1
2026-02-10,000001,13:49:48,11.0700,52,1
2026-02-10,000001,13:49:51,11.0700,75,1
2026-02-10,000001,13:49:54,11.0700,6,1
2026-02-10,000001,13:49:57,11.0600,1,2
2026-02-10,000001,13:50:00,11.0600,10,2
2026-02-10,000001,13:50:03,11.0600,3,2
2026-02-10,000001,13:50:06,11.0700,2,1
2026-02-10,000001,13:50:09,11.0600,13,2
2026-02-10,000001,13:50:12,11.0700,1,1
2026-02-10,000001,13:50:21,11.0700,29,1
2026-02-10,000001,13:50:24,11.0600,38,2
2026-02-10,000001,13:50:27,11.0600,133,2
2026-02-10,000001,13:50:30,11.0700,44,1
2026-02-10,000001,13:50:33,11.0700,77,1
2026-02-10,000001,13:50:36,11.0600,1,2
2026-02-10,000001,13:50:48,11.0700,16,1
2026-02-10,000001,13:50:51,11.0600,78,2
2026-02-10,000001,13:50:57,11.0700,1553,1
2026-02-10,000001,13:51:00,11.0700,1,1
2026-02-10,000001,13:51:03,11.0600,62,2
2026-02-10,000001,13:51:06,11.0600,1,2
2026-02-10,000001,13:51:09,11.0600,36,2
2026-02-10,000001,13:51:15,11.0700,539,1
2026-02-10,000001,13:51:21,11.0600,424,2
2026-02-10,000001,13:51:24,11.0600,25,2
2026-02-10,000001,13:51:27,11.0600,2,2
2026-02-10,000001,13:51:30,11.0700,1,1
2026-02-10,000001,13:51:33,11.0600,69,2
2026-02-10,000001,13:51:36,11.0600,17,2
2026-02-10,000001,13:51:45,11.0700,18,1
2026-02-10,000001,13:51:51,11.0700,75,1
2026-02-10,000001,13:51:54,11.0700,52,1
2026-02-10,000001,13:51:57,11.0600,1,2
2026-02-10,000001,13:52:00,11.0600,1012,2
2026-02-10,000001,13:52:03,11.0600,99,2
2026-02-10,000001,13:52:06,11.0600,190,2
2026-02-10,000001,13:52:09,11.0600,25,2
2026-02-10,000001,13:52:15,11.0600,74,2
2026-02-10,000001,13:52:18,11.0600,24,2
2026-02-10,000001,13:52:27,11.0600,1242,2
2026-02-10,000001,13:52:30,11.0600,5,2
2026-02-10,000001,13:52:33,11.0600,48,2
2026-02-10,000001,13:52:36,11.0600,75,2
2026-02-10,000001,13:52:42,11.0600,9,2
2026-02-10,000001,13:52:45,11.0600,71,2
2026-02-10,000001,13:52:51,11.0600,7,2
2026-02-10,000001,13:52:54,11.0600,5,2
2026-02-10,000001,13:52:57,11.0600,1,2
2026-02-10,000001,13:53:00,11.0600,285,2
2026-02-10,000001,13:53:03,11.0600,9,2
2026-02-10,000001,13:53:06,11.0700,155,1
2026-02-10,000001,13:53:09,11.0600,10,2
2026-02-10,000001,13:53:12,11.0600,574,2
2026-02-10,000001,13:53:15,11.0600,68,2
2026-02-10,000001,13:53:18,11.0600,4,2
2026-02-10,000001,13:53:21,11.0600,47,2
2026-02-10,000001,13:53:24,11.0600,76,1
2026-02-10,000001,13:53:27,11.0600,331,1
2026-02-10,000001,13:53:30,11.0600,12,2
2026-02-10,000001,13:53:33,11.0600,36,2
2026-02-10,000001,13:53:36,11.0600,1,2
2026-02-10,000001,13:53:39,11.0600,131,2
2026-02-10,000001,13:53:42,11.0600,7,1
2026-02-10,000001,13:53:45,11.0500,60,2
2026-02-10,000001,13:53:51,11.0600,14,1
2026-02-10,000001,13:53:54,11.0600,17,1
2026-02-10,000001,13:53:57,11.0600,50,2
2026-02-10,000001,13:54:06,11.0500,55,2
2026-02-10,000001,13:54:09,11.0700,4,1
2026-02-10,000001,13:54:12,11.0600,4,2
2026-02-10,000001,13:54:15,11.0600,1,2
2026-02-10,000001,13:54:18,11.0600,6,2
2026-02-10,000001,13:54:21,11.0600,34,1
2026-02-10,000001,13:54:24,11.0600,99,2
2026-02-10,000001,13:54:27,11.0600,13,1
2026-02-10,000001,13:54:30,11.0600,79,1
2026-02-10,000001,13:54:33,11.0600,12,1
2026-02-10,000001,13:54:36,11.0600,1,2
2026-02-10,000001,13:54:39,11.0600,27,2
2026-02-10,000001,13:54:42,11.0600,18,2
2026-02-10,000001,13:54:45,11.0600,26,2
2026-02-10,000001,13:54:51,11.0600,50,1
2026-02-10,000001,13:54:54,11.0600,111,2
2026-02-10,000001,13:54:57,11.0600,6,1
2026-02-10,000001,13:55:03,11.0600,76,1
2026-02-10,000001,13:55:06,11.0500,5,2
2026-02-10,000001,13:55:12,11.0500,15,2
2026-02-10,000001,13:55:15,11.0600,317,1
2026-02-10,000001,13:55:27,11.0500,100,2
2026-02-10,000001,13:55:30,11.0500,12,2
2026-02-10,000001,13:55:33,11.0700,48,1
2026-02-10,000001,13:55:36,11.0600,1,4
2026-02-10,000001,13:55:42,11.0600,17,2
2026-02-10,000001,13:55:45,11.0600,24,1
2026-02-10,000001,13:55:48,11.0600,2,1
2026-02-10,000001,13:55:54,11.0600,30,1
2026-02-10,000001,13:55:57,11.0600,50,2
2026-02-10,000001,13:56:00,11.0500,336,2
2026-02-10,000001,13:56:03,11.0600,72,1
2026-02-10,000001,13:56:09,11.0500,9,2
2026-02-10,000001,13:56:12,11.0600,1,1
2026-02-10,000001,13:56:15,11.0600,1,1
2026-02-10,000001,13:56:24,11.0500,10,2
2026-02-10,000001,13:56:27,11.0500,51,2
2026-02-10,000001,13:56:39,11.0500,10,2
2026-02-10,000001,13:56:42,11.0600,6,1
2026-02-10,000001,13:56:45,11.0600,77,1
2026-02-10,000001,13:56:48,11.0600,235,1
2026-02-10,000001,13:56:51,11.0500,16,2
2026-02-10,000001,13:56:54,11.0500,95,2
2026-02-10,000001,13:56:57,11.0600,72,1
2026-02-10,000001,13:57:03,11.0500,154,2
2026-02-10,000001,13:57:06,11.0500,153,2
2026-02-10,000001,13:57:09,11.0600,51,1
2026-02-10,000001,13:57:12,11.0500,67,2
2026-02-10,000001,13:57:18,11.0600,38,1
2026-02-10,000001,13:57:24,11.0600,16,1
2026-02-10,000001,13:57:27,11.0500,11,2
2026-02-10,000001,13:57:33,11.0500,57,2
2026-02-10,000001,13:57:39,11.0600,27,1
2026-02-10,000001,13:57:42,11.0500,9,2
2026-02-10,000001,13:57:45,11.0500,510,2
2026-02-10,000001,13:57:48,11.0600,418,1
2026-02-10,000001,13:57:51,11.0500,361,2
2026-02-10,000001,13:57:54,11.0600,27,1
2026-02-10,000001,13:57:57,11.0600,76,1
2026-02-10,000001,13:58:03,11.0500,56,2
2026-02-10,000001,13:58:06,11.0500,1,2
2026-02-10,000001,13:58:09,11.0500,9,2
2026-02-10,000001,13:58:12,11.0600,27,1
2026-02-10,000001,13:58:15,11.0600,16,1
2026-02-10,000001,13:58:21,11.0500,50,2
2026-02-10,000001,13:58:27,11.0500,16,2
2026-02-10,000001,13:58:33,11.0500,52,2
2026-02-10,000001,13:58:36,11.0600,45,1
2026-02-10,000001,13:58:39,11.0500,5,2
2026-02-10,000001,13:58:45,11.0500,142,2
2026-02-10,000001,13:58:54,11.0600,106,1
2026-02-10,000001,13:58:57,11.0500,13,2
2026-02-10,000001,13:59:00,11.0600,30,1
2026-02-10,000001,13:59:03,11.0500,224,2
2026-02-10,000001,13:59:12,11.0600,10,1
2026-02-10,000001,13:59:15,11.0600,13,1
2026-02-10,000001,13:59:18,11.0600,31,1
2026-02-10,000001,13:59:24,11.0500,5,2
2026-02-10,000001,13:59:27,11.0600,3,1
2026-02-10,000001,10:23:39,11.0300,21,2
2026-02-10,000001,10:23:42,11.0300,66,2
2026-02-10,000001,10:23:45,11.0400,76,1
2026-02-10,000001,10:23:48,11.0300,40,2
2026-02-10,000001,10:23:51,11.0300,11983,2
2026-02-10,000001,10:23:54,11.0300,113,1
2026-02-10,000001,10:23:57,11.0300,98,1
2026-02-10,000001,10:24:00,11.0400,11,1
2026-02-10,000001,10:24:03,11.0200,35,2
2026-02-10,000001,10:24:06,11.0200,3,2
2026-02-10,000001,10:24:12,11.0300,10,2
2026-02-10,000001,10:24:15,11.0400,29,1
2026-02-10,000001,10:24:18,11.0300,112,2
2026-02-10,000001,10:24:21,11.0300,18,2
2026-02-10,000001,10:24:24,11.0400,9,1
2026-02-10,000001,10:24:27,11.0300,190,2
2026-02-10,000001,10:24:30,11.0400,11,1
2026-02-10,000001,10:24:36,11.0400,2,1
2026-02-10,000001,10:24:42,11.0300,52,2
2026-02-10,000001,10:24:45,11.0300,44,2
2026-02-10,000001,10:24:48,11.0300,6,2
2026-02-10,000001,10:24:51,11.0300,13,2
2026-02-10,000001,10:24:54,11.0400,350,1
2026-02-10,000001,10:24:57,11.0400,96,1
2026-02-10,000001,10:25:00,11.0400,70,1
2026-02-10,000001,10:25:03,11.0300,34,2
2026-02-10,000001,10:25:06,11.0300,8,2
2026-02-10,000001,10:25:12,11.0300,16,2
2026-02-10,000001,10:25:15,11.0400,2,1
2026-02-10,000001,10:25:18,11.0400,10,1
2026-02-10,000001,10:25:21,11.0300,1,2
2026-02-10,000001,10:25:24,11.0400,1,1
2026-02-10,000001,10:25:27,11.0300,25,2
2026-02-10,000001,10:25:30,11.0400,31,1
2026-02-10,000001,10:25:33,11.0300,57,2
2026-02-10,000001,10:25:36,11.0300,24,2
2026-02-10,000001,10:25:39,11.0300,2844,2
2026-02-10,000001,10:25:42,11.0300,717,2
2026-02-10,000001,10:25:45,11.0200,263,2
2026-02-10,000001,10:25:48,11.0300,111,1
2026-02-10,000001,10:25:51,11.0300,73,1
2026-02-10,000001,10:25:54,11.0200,31,2
2026-02-10,000001,10:25:57,11.0300,1,2
2026-02-10,000001,10:26:00,11.0400,75,1
2026-02-10,000001,10:26:03,11.0400,22,1
2026-02-10,000001,10:26:06,11.0300,39,2
2026-02-10,000001,10:26:09,11.0400,16,1
2026-02-10,000001,10:26:12,11.0300,3,2
2026-02-10,000001,10:26:15,11.0300,38,2
2026-02-10,000001,10:26:18,11.0300,36,2
2026-02-10,000001,10:26:21,11.0300,2,2
2026-02-10,000001,10:26:24,11.0400,2,1
2026-02-10,000001,10:26:27,11.0300,18,2
2026-02-10,000001,10:26:30,11.0400,455,1
2026-02-10,000001,10:26:33,11.0400,124,1
2026-02-10,000001,10:26:36,11.0400,113,1
2026-02-10,000001,10:26:39,11.0400,30,1
2026-02-10,000001,10:26:42,11.0300,32,2
2026-02-10,000001,10:26:45,11.0300,41,2
2026-02-10,000001,10:26:51,11.0300,3,2
2026-02-10,000001,10:26:54,11.0400,6,1
2026-02-10,000001,10:26:57,11.0300,22,2
2026-02-10,000001,10:27:00,11.0400,11,1
2026-02-10,000001,10:27:03,11.0400,286,1
2026-02-10,000001,10:27:06,11.0400,352,1
2026-02-10,000001,10:27:09,11.0400,86,1
2026-02-10,000001,10:27:12,11.0300,56,2
2026-02-10,000001,10:27:15,11.0300,43,2
2026-02-10,000001,10:27:18,11.0500,8675,1
2026-02-10,000001,10:27:21,11.0400,2007,2
2026-02-10,000001,10:27:24,11.0400,243,2
2026-02-10,000001,10:27:27,11.0400,1021,2
2026-02-10,000001,10:27:30,11.0500,281,1
2026-02-10,000001,10:27:33,11.0400,39,2
2026-02-10,000001,10:27:42,11.0400,51,2
2026-02-10,000001,10:27:45,11.0400,56,2
2026-02-10,000001,10:27:51,11.0500,3,1
2026-02-10,000001,10:27:54,11.0500,45,1
2026-02-10,000001,10:27:57,11.0500,48,1
2026-02-10,000001,10:28:00,11.0500,34,1
2026-02-10,000001,10:28:03,11.0400,5,2
2026-02-10,000001,10:28:06,11.0500,2,1
2026-02-10,000001,10:28:12,11.0400,6,2
2026-02-10,000001,10:28:15,11.0400,14,2
2026-02-10,000001,10:28:18,11.0400,81,2
2026-02-10,000001,10:28:21,11.0400,1,2
2026-02-10,000001,10:28:24,11.0400,16,2
2026-02-10,000001,10:28:27,11.0400,2,2
2026-02-10,000001,10:28:30,11.0500,33,1
2026-02-10,000001,10:28:33,11.0400,2329,2
2026-02-10,000001,10:28:36,11.0500,572,1
2026-02-10,000001,10:28:39,11.0400,113,2
2026-02-10,000001,10:28:42,11.0400,878,1
2026-02-10,000001,10:28:45,11.0400,76,1
2026-02-10,000001,10:28:48,11.0400,2364,1
2026-02-10,000001,10:28:51,11.0500,11237,1
2026-02-10,000001,10:28:57,11.0500,30,2
2026-02-10,000001,10:29:00,11.0600,11,1
2026-02-10,000001,10:29:03,11.0600,10,1
2026-02-10,000001,10:29:06,11.0500,25,2
2026-02-10,000001,10:29:09,11.0600,57,1
2026-02-10,000001,10:29:12,11.0500,7,2
2026-02-10,000001,10:29:18,11.0600,1,1
2026-02-10,000001,10:29:21,11.0600,122,1
2026-02-10,000001,10:29:27,11.0500,30,2
2026-02-10,000001,10:29:30,11.0600,29,1
2026-02-10,000001,10:29:33,11.0600,105,1
2026-02-10,000001,10:29:36,11.0500,4,2
2026-02-10,000001,10:29:39,11.0600,5,1
2026-02-10,000001,10:29:42,11.0600,601,1
2026-02-10,000001,10:29:57,11.0600,7,1
2026-02-10,000001,10:30:00,11.0600,13,1
2026-02-10,000001,10:30:06,11.0500,1,2
2026-02-10,000001,10:30:09,11.0600,20,1
2026-02-10,000001,10:30:12,11.0500,3,2
2026-02-10,000001,10:30:18,11.0600,2,1
2026-02-10,000001,10:30:21,11.0600,3,1
2026-02-10,000001,10:30:24,11.0500,1,2
2026-02-10,000001,10:30:27,11.0700,1479,1
2026-02-10,000001,10:30:30,11.0700,419,1
2026-02-10,000001,10:30:33,11.0500,264,2
2026-02-10,000001,10:30:36,11.0700,20,1
2026-02-10,000001,10:30:39,11.0600,33,2
2026-02-10,000001,10:30:42,11.0600,13,2
2026-02-10,000001,10:30:45,11.0600,60,2
2026-02-10,000001,10:30:48,11.0700,1,1
2026-02-10,000001,10:30:54,11.0600,28,2
2026-02-10,000001,10:30:57,11.0600,14,2
2026-02-10,000001,10:31:00,11.0700,11,1
2026-02-10,000001,10:31:06,11.0600,8,2
2026-02-10,000001,10:31:12,11.0600,82,2
2026-02-10,000001,10:31:15,11.0600,15,2
2026-02-10,000001,10:31:18,11.0600,80,2
2026-02-10,000001,10:31:24,11.0600,120,2
2026-02-10,000001,10:31:27,11.0600,8,2
2026-02-10,000001,10:31:30,11.0700,438,1
2026-02-10,000001,10:31:33,11.0600,20,2
2026-02-10,000001,10:31:36,11.0600,2,2
2026-02-10,000001,10:31:39,11.0700,2,1
2026-02-10,000001,10:31:42,11.0600,30,2
2026-02-10,000001,10:31:45,11.0600,11,2
2026-02-10,000001,10:31:48,11.0600,18,2
2026-02-10,000001,10:31:51,11.0700,40,1
2026-02-10,000001,10:31:54,11.0600,1,2
2026-02-10,000001,10:31:57,11.0600,1,2
2026-02-10,000001,10:32:00,11.0700,11,1
2026-02-10,000001,10:32:06,11.0600,1,2
2026-02-10,000001,10:32:12,11.0700,32,1
2026-02-10,000001,10:32:18,11.0600,32,2
2026-02-10,000001,10:32:21,11.0600,97,2
2026-02-10,000001,10:32:24,11.0600,28,2
2026-02-10,000001,10:32:27,11.0600,22,2
2026-02-10,000001,10:32:30,11.0700,34,1
2026-02-10,000001,10:32:33,11.0700,6,1
2026-02-10,000001,10:32:36,11.0700,9,1
2026-02-10,000001,10:32:42,11.0600,218,2
2026-02-10,000001,10:32:45,11.0600,102,2
2026-02-10,000001,10:32:48,11.0700,31,1
2026-02-10,000001,10:32:54,11.0600,17,2
2026-02-10,000001,10:32:57,11.0700,27,1
2026-02-10,000001,10:33:00,11.0700,30,1
2026-02-10,000001,10:33:03,11.0600,120,2
2026-02-10,000001,10:33:06,11.0600,101,2
2026-02-10,000001,10:33:12,11.0600,47,2
2026-02-10,000001,10:33:15,11.0600,8,2
2026-02-10,000001,10:33:18,11.0600,24,2
2026-02-10,000001,10:33:21,11.0600,55,2
2026-02-10,000001,10:33:24,11.0700,2,1
2026-02-10,000001,10:33:27,11.0600,237,2
2026-02-10,000001,10:33:30,11.0700,11,1
2026-02-10,000001,10:33:33,11.0600,70,2
2026-02-10,000001,10:33:36,11.0600,5,2
2026-02-10,000001,10:33:39,11.0700,3,1
2026-02-10,000001,10:33:42,11.0600,78,2
2026-02-10,000001,10:33:48,11.0600,51,2
2026-02-10,000001,10:33:54,11.0600,26,2
2026-02-10,000001,10:33:57,11.0600,2,2
2026-02-10,000001,10:34:00,11.0700,11,1
2026-02-10,000001,10:34:03,11.0700,1,1
2026-02-10,000001,10:34:06,11.0600,1,2
2026-02-10,000001,10:34:09,11.0700,25,1
2026-02-10,000001,10:34:12,11.0600,23,2
2026-02-10,000001,10:34:15,11.0700,75,1
2026-02-10,000001,10:34:18,11.0700,1,1
2026-02-10,000001,10:34:24,11.0600,16,2
2026-02-10,000001,10:34:27,11.0600,1,2
2026-02-10,000001,10:34:30,11.0700,11,1
2026-02-10,000001,10:34:33,11.0600,88,2
2026-02-10,000001,10:34:36,11.0700,3,1
2026-02-10,000001,10:34:39,11.0600,14,2
2026-02-10,000001,10:34:42,11.0600,28,2
2026-02-10,000001,10:34:45,11.0600,47,2
2026-02-10,000001,10:34:48,11.0700,89,1
2026-02-10,000001,10:34:51,11.0600,109,2
2026-02-10,000001,10:34:54,11.0600,49,2
2026-02-10,000001,10:34:57,11.0600,108,2
2026-02-10,000001,10:35:00,11.0700,54,1
2026-02-10,000001,10:35:03,11.0700,122,1
2026-02-10,000001,10:35:06,11.0700,76,1
2026-02-10,000001,10:35:09,11.0700,19,1
2026-02-10,000001,10:35:12,11.0600,37,2
2026-02-10,000001,10:35:15,11.0700,24,1
2026-02-10,000001,10:35:18,11.0600,91,2
2026-02-10,000001,10:35:24,11.0700,22,1
2026-02-10,000001,10:35:27,11.0600,1,2
2026-02-10,000001,10:35:30,11.0700,123,1
2026-02-10,000001,10:35:33,11.0700,7,1
2026-02-10,000001,10:35:36,11.0600,2,2
2026-02-10,000001,10:35:42,11.0600,120,2
2026-02-10,000001,10:35:45,11.0600,20,2
2026-02-10,000001,10:35:51,11.0600,20,2
2026-02-10,000001,10:35:54,11.0600,1,2
2026-02-10,000001,10:35:57,11.0700,4,1
2026-02-10,000001,10:36:00,11.0700,67,1
2026-02-10,000001,10:36:03,11.0700,5,1
2026-02-10,000001,10:36:06,11.0700,82,1
2026-02-10,000001,10:36:12,11.0700,13,1
2026-02-10,000001,10:36:15,11.0600,3,2
2026-02-10,000001,10:36:18,11.0600,14,2
2026-02-10,000001,10:36:24,11.0600,51,2
2026-02-10,000001,10:36:27,11.0600,37,2
2026-02-10,000001,10:36:30,11.0700,48,1
2026-02-10,000001,10:36:33,11.0600,61,2
2026-02-10,000001,10:36:36,11.0600,62,2
2026-02-10,000001,10:36:42,11.0700,4,1
2026-02-10,000001,10:36:45,11.0700,29,1
2026-02-10,000001,10:36:48,11.0700,34,1
2026-02-10,000001,10:36:51,11.0700,1,1
2026-02-10,000001,10:36:54,11.0700,172,1
2026-02-10,000001,10:36:57,11.0700,4,1
2026-02-10,000001,10:37:00,11.0700,53,1
2026-02-10,000001,10:37:03,11.0700,2,1
2026-02-10,000001,10:37:06,11.0600,65,2
2026-02-10,000001,10:37:09,11.0700,28,1
2026-02-10,000001,10:37:12,11.0600,4,2
2026-02-10,000001,10:37:15,11.0700,10,1
2026-02-10,000001,10:37:18,11.0600,2,2
2026-02-10,000001,10:37:21,11.0600,6,2
2026-02-10,000001,10:37:24,11.0600,1533,2
2026-02-10,000001,10:37:27,11.0700,38,1
2026-02-10,000001,10:37:30,11.0700,25,1
2026-02-10,000001,10:37:36,11.0700,19,1
2026-02-10,000001,10:37:39,11.0600,4,2
2026-02-10,000001,10:37:42,11.0600,211,2
2026-02-10,000001,10:37:45,11.0600,61,2
2026-02-10,000001,10:37:51,11.0700,102,1
2026-02-10,000001,10:37:54,11.0600,72,2
2026-02-10,000001,10:37:57,11.0700,68,1
2026-02-10,000001,10:38:00,11.0700,29,1
2026-02-10,000001,10:38:03,11.0700,66,1
2026-02-10,000001,10:38:09,11.0600,46,2
2026-02-10,000001,10:38:12,11.0600,4,2
2026-02-10,000001,10:38:15,11.0700,1,1
2026-02-10,000001,10:38:21,11.0700,38,1
2026-02-10,000001,10:38:24,11.0700,3,1
2026-02-10,000001,10:38:27,11.0600,41,2
2026-02-10,000001,10:38:30,11.0700,21,1
2026-02-10,000001,10:38:33,11.0600,52,2
2026-02-10,000001,10:38:36,11.0600,198,2
2026-02-10,000001,10:38:39,11.0600,15,2
2026-02-10,000001,10:38:42,11.0600,2,2
2026-02-10,000001,10:38:45,11.0600,102,2
2026-02-10,000001,10:38:48,11.0700,30,1
2026-02-10,000001,10:38:51,11.0700,1,1
2026-02-10,000001,10:38:54,11.0700,21,1
2026-02-10,000001,10:38:57,11.0600,89,2
2026-02-10,000001,10:39:00,11.0700,12,1
2026-02-10,000001,10:39:03,11.0700,1,1
2026-02-10,000001,10:39:06,11.0600,18,2
2026-02-10,000001,10:39:09,11.0700,39,1
2026-02-10,000001,10:39:12,11.0600,2,2
2026-02-10,000001,10:39:15,11.0700,132,1
2026-02-10,000001,10:39:18,11.0700,1,1
2026-02-10,000001,10:39:21,11.0600,4,2
2026-02-10,000001,10:39:27,11.0600,8,2
2026-02-10,000001,10:39:30,11.0700,11,1
2026-02-10,000001,10:39:33,11.0600,56,2
2026-02-10,000001,10:39:36,11.0700,192,1
2026-02-10,000001,10:39:39,11.0600,42,2
2026-02-10,000001,10:39:42,11.0600,29,2
2026-02-10,000001,10:39:45,11.0700,38,1
2026-02-10,000001,10:39:48,11.0600,25,2
2026-02-10,000001,10:39:51,11.0600,44,2
2026-02-10,000001,10:39:54,11.0700,39,1
2026-02-10,000001,10:39:57,11.0700,211,1
2026-02-10,000001,10:40:00,11.0700,117,1
2026-02-10,000001,10:40:03,11.0700,76,1
2026-02-10,000001,10:40:06,11.0600,74,2
2026-02-10,000001,10:40:12,11.0600,75,2
2026-02-10,000001,10:40:18,11.0700,4,1
2026-02-10,000001,10:40:21,11.0700,51,1
2026-02-10,000001,10:40:27,11.0700,260,1
2026-02-10,000001,10:40:30,11.0700,11,1
2026-02-10,000001,10:40:36,11.0700,130,1
2026-02-10,000001,10:40:42,11.0600,319,2
2026-02-10,000001,10:40:45,11.0700,108,1
2026-02-10,000001,10:40:48,11.0700,25,1
2026-02-10,000001,10:40:51,11.0700,399,1
2026-02-10,000001,10:40:54,11.0600,180,2
2026-02-10,000001,10:40:57,11.0700,139,1
2026-02-10,000001,10:41:00,11.0700,43,1
2026-02-10,000001,10:41:03,11.0600,13,2
2026-02-10,000001,10:41:06,11.0700,43,1
2026-02-10,000001,10:41:09,11.0600,66,2
2026-02-10,000001,10:41:12,11.0700,84,1
2026-02-10,000001,10:41:15,11.0700,79,1
2026-02-10,000001,10:41:18,11.0600,9,2
2026-02-10,000001,10:41:21,11.0600,10,2
2026-02-10,000001,10:41:27,11.0600,21,2
2026-02-10,000001,10:41:30,11.0700,13,1
2026-02-10,000001,10:41:33,11.0600,13,2
2026-02-10,000001,10:41:36,11.0600,1,2
2026-02-10,000001,10:41:39,11.0700,47,1
2026-02-10,000001,10:41:42,11.0600,2,2
2026-02-10,000001,10:41:45,11.0600,115,2
2026-02-10,000001,10:41:48,11.0600,194,2
2026-02-10,000001,10:41:51,11.0700,28,1
2026-02-10,000001,10:41:54,11.0700,6908,1
2026-02-10,000001,10:41:57,11.0700,1014,1
2026-02-10,000001,10:42:00,11.0700,518,1
2026-02-10,000001,10:42:03,11.0700,539,1
2026-02-10,000001,10:42:06,11.0800,95,1
2026-02-10,000001,10:42:09,11.0700,21,2
2026-02-10,000001,10:42:12,11.0800,95,1
2026-02-10,000001,10:42:18,11.0700,408,2
2026-02-10,000001,10:42:21,11.0700,33,2
2026-02-10,000001,10:42:24,11.0700,23,2
2026-02-10,000001,10:42:27,11.0800,80,1
2026-02-10,000001,10:42:30,11.0800,62,1
2026-02-10,000001,10:42:36,11.0700,108,2
2026-02-10,000001,10:42:39,11.0800,161,1
2026-02-10,000001,10:42:42,11.0700,1,2
2026-02-10,000001,10:42:45,11.0800,21,1
2026-02-10,000001,10:42:48,11.0800,21,1
2026-02-10,000001,10:42:51,11.0700,18,2
2026-02-10,000001,10:42:54,11.0700,1,2
2026-02-10,000001,10:42:57,11.0800,3,1
2026-02-10,000001,10:43:00,11.0800,11,1
2026-02-10,000001,10:43:03,11.0700,4,2
2026-02-10,000001,10:43:06,11.0800,567,1
2026-02-10,000001,10:43:09,11.0800,101,1
2026-02-10,000001,10:43:12,11.0800,12,1
2026-02-10,000001,10:43:15,11.0700,33,2
2026-02-10,000001,10:43:18,11.0700,12,2
2026-02-10,000001,10:43:21,11.0700,64,2
2026-02-10,000001,10:43:24,11.0700,25,2
2026-02-10,000001,10:43:27,11.0700,112,2
2026-02-10,000001,10:43:30,11.0800,572,1
2026-02-10,000001,10:43:33,11.0700,480,2
2026-02-10,000001,10:43:36,11.0700,22,2
2026-02-10,000001,10:43:39,11.0700,213,2
2026-02-10,000001,10:43:42,11.0700,71,2
2026-02-10,000001,10:43:45,11.0700,26,2
2026-02-10,000001,10:43:48,11.0700,42,2
2026-02-10,000001,10:43:51,11.0800,51,1
2026-02-10,000001,10:43:54,11.0700,19,2
2026-02-10,000001,10:43:57,11.0700,1,2
2026-02-10,000001,10:44:00,11.0800,161,1
2026-02-10,000001,10:44:03,11.0700,112,2
2026-02-10,000001,10:44:06,11.0700,104,2
2026-02-10,000001,10:44:09,11.0700,121,2
2026-02-10,000001,10:44:12,11.0700,58,2
2026-02-10,000001,10:44:15,11.0700,149,2
2026-02-10,000001,10:44:18,11.0700,470,2
2026-02-10,000001,10:44:21,11.0700,240,2
2026-02-10,000001,10:44:24,11.0700,1397,2
2026-02-10,000001,10:44:27,11.0600,1,2
2026-02-10,000001,10:44:30,11.0700,61,1
2026-02-10,000001,10:44:36,11.0600,1,2
2026-02-10,000001,10:44:39,11.0600,2,2
2026-02-10,000001,10:44:42,11.0600,22,2
2026-02-10,000001,10:44:45,11.0700,70,1
2026-02-10,000001,10:44:48,11.0700,21,1
2026-02-10,000001,10:44:51,11.0700,110,1
2026-02-10,000001,10:44:54,11.0700,46,1
2026-02-10,000001,10:44:57,11.0600,68,2
2026-02-10,000001,10:45:00,11.0700,32,1
2026-02-10,000001,10:45:03,11.0700,14,1
2026-02-10,000001,10:45:06,11.0700,101,1
2026-02-10,000001,10:45:09,11.0600,13,2
2026-02-10,000001,10:45:12,11.0600,2,2
2026-02-10,000001,10:45:15,11.0600,293,2
2026-02-10,000001,10:45:18,11.0700,441,1
2026-02-10,000001,10:45:21,11.0600,3239,2
2026-02-10,000001,10:45:24,11.0500,1170,2
2026-02-10,000001,10:45:27,11.0500,65,2
2026-02-10,000001,10:45:30,11.0600,282,1
2026-02-10,000001,10:45:33,11.0600,1,1
2026-02-10,000001,10:45:36,11.0500,1,2
2026-02-10,000001,10:45:39,11.0600,24,1
2026-02-10,000001,10:45:42,11.0600,27,1
2026-02-10,000001,10:45:48,11.0500,38,2
2026-02-10,000001,10:45:54,11.0600,3,1
2026-02-10,000001,10:45:57,11.0500,53,2
2026-02-10,000001,10:46:00,11.0600,20,1
2026-02-10,000001,10:46:03,11.0500,40,2
2026-02-10,000001,10:46:06,11.0500,30,2
2026-02-10,000001,10:46:09,11.0600,18,1
2026-02-10,000001,10:46:12,11.0600,46,1
2026-02-10,000001,10:46:27,11.0600,1291,1
2026-02-10,000001,10:46:30,11.0600,193,1
2026-02-10,000001,10:46:33,11.0600,16,1
2026-02-10,000001,10:46:36,11.0500,3,2
2026-02-10,000001,10:46:39,11.0600,319,1
2026-02-10,000001,10:46:42,11.0600,56,1
2026-02-10,000001,10:46:48,11.0500,33,2
2026-02-10,000001,10:46:51,11.0600,10,1
2026-02-10,000001,10:46:54,11.0600,20,1
2026-02-10,000001,10:47:00,11.0600,11,1
2026-02-10,000001,10:47:03,11.0600,3,1
2026-02-10,000001,10:47:09,11.0600,13,1
2026-02-10,000001,10:47:12,11.0600,56,1
2026-02-10,000001,10:47:15,11.0600,14,1
2026-02-10,000001,10:47:18,11.0600,5,1
2026-02-10,000001,10:47:21,11.0500,22,2
2026-02-10,000001,10:47:24,11.0600,83,1
2026-02-10,000001,10:47:27,11.0600,40,1
2026-02-10,000001,10:47:30,11.0600,132,1
2026-02-10,000001,10:47:33,11.0700,285,1
2026-02-10,000001,10:47:36,11.0600,20,2
2026-02-10,000001,10:47:39,11.0600,25,2
2026-02-10,000001,10:47:42,11.0600,46,2
2026-02-10,000001,10:47:45,11.0600,87,2
2026-02-10,000001,10:47:48,11.0600,4,1
2026-02-10,000001,10:47:51,11.0600,11,1
2026-02-10,000001,10:47:54,11.0600,6,1
2026-02-10,000001,10:47:57,11.0600,60,1
2026-02-10,000001,10:48:00,11.0600,68,1
2026-02-10,000001,10:48:03,11.0600,2,1
2026-02-10,000001,10:48:06,11.0600,8,1
2026-02-10,000001,10:48:09,11.0600,46,1
2026-02-10,000001,10:48:15,11.0600,3,1
2026-02-10,000001,10:48:18,11.0600,133,1
2026-02-10,000001,10:48:21,11.0600,271,1
2026-02-10,000001,10:48:30,11.0600,73,1
2026-02-10,000001,10:48:33,11.0600,137,1
2026-02-10,000001,10:48:39,11.0600,38,1
2026-02-10,000001,10:48:42,11.0600,26,1
2026-02-10,000001,10:48:48,11.0600,50,1
2026-02-10,000001,10:48:51,11.0600,17,1
2026-02-10,000001,10:48:54,11.0500,1,2
2026-02-10,000001,10:48:57,11.0500,10,2
2026-02-10,000001,10:49:00,11.0600,11,1
2026-02-10,000001,10:49:03,11.0600,37,1
2026-02-10,000001,10:49:06,11.0600,53,1
2026-02-10,000001,10:49:09,11.0600,6,1
2026-02-10,000001,10:49:12,11.0600,36,2
2026-02-10,000001,10:49:15,11.0600,65,2
2026-02-10,000001,10:49:21,11.0500,20,2
2026-02-10,000001,10:49:24,11.0600,45,1
2026-02-10,000001,10:49:27,11.0600,1,1
2026-02-10,000001,10:49:30,11.0600,17,1
2026-02-10,000001,10:49:33,11.0600,10,1
2026-02-10,000001,10:49:42,11.0500,93,2
2026-02-10,000001,10:49:45,11.0600,23,1
2026-02-10,000001,10:49:48,11.0600,92,1
2026-02-10,000001,10:49:51,11.0500,140,2
2026-02-10,000001,10:49:54,11.0600,74,1
2026-02-10,000001,10:49:57,11.0600,75,1
2026-02-10,000001,10:50:00,11.0600,64,1
2026-02-10,000001,10:50:03,11.0600,6,1
2026-02-10,000001,10:50:06,11.0500,3,2
2026-02-10,000001,10:50:09,11.0500,79,2
2026-02-10,000001,10:50:12,11.0500,4,2
2026-02-10,000001,10:50:18,11.0500,9,2
2026-02-10,000001,10:50:24,11.0600,1,1
2026-02-10,000001,10:50:27,11.0600,25,1
2026-02-10,000001,10:50:30,11.0600,76,1
2026-02-10,000001,10:50:36,11.0600,175,1
2026-02-10,000001,10:50:39,11.0600,321,1
2026-02-10,000001,10:50:42,11.0500,77,2
2026-02-10,000001,10:50:48,11.0600,20,1
2026-02-10,000001,10:50:51,11.0600,46,1
2026-02-10,000001,10:50:54,11.0600,44,1
2026-02-10,000001,10:50:57,11.0600,4,1
2026-02-10,000001,10:51:00,11.0600,23,1
2026-02-10,000001,10:51:03,11.0500,10,2
2026-02-10,000001,10:51:06,11.0500,17,2
2026-02-10,000001,10:51:09,11.0600,10,1
2026-02-10,000001,10:51:12,11.0500,3,2
2026-02-10,000001,10:51:15,11.0600,10,1
2026-02-10,000001,10:51:18,11.0600,50,1
2026-02-10,000001,10:51:21,11.0600,119,1
2026-02-10,000001,10:51:27,11.0500,17,2
2026-02-10,000001,10:51:30,11.0600,16,1
2026-02-10,000001,10:51:33,11.0600,6,1
2026-02-10,000001,10:51:42,11.0600,5,1
2026-02-10,000001,10:51:45,11.0600,4,1
2026-02-10,000001,10:51:51,11.0600,52,1
2026-02-10,000001,10:51:54,11.0500,30,2
2026-02-10,000001,10:51:57,11.0600,13,1
2026-02-10,000001,10:52:00,11.0600,14,1
2026-02-10,000001,10:52:03,11.0600,15,1
2026-02-10,000001,10:52:06,11.0500,18,2
2026-02-10,000001,10:52:09,11.0500,31,2
2026-02-10,000001,10:52:12,11.0600,93,1
2026-02-10,000001,10:52:15,11.0600,150,1
2026-02-10,000001,10:52:18,11.0600,11,1
