date,code,time,price,volume,bs
2026-02-24,601318,14:07:05,64.4200,224,1
2026-02-24,601318,14:07:08,64.4200,252,2
2026-02-24,601318,14:07:11,64.4300,131,1
2026-02-24,601318,14:07:14,64.4300,67,4
2026-02-24,601318,14:07:17,64.4100,310,2
2026-02-24,601318,14:07:20,64.4200,62,1
2026-02-24,601318,14:07:23,64.4200,92,1
2026-02-24,601318,14:07:26,64.4400,110,1
2026-02-24,601318,14:07:29,64.4100,172,2
2026-02-24,601318,14:07:32,64.4400,52,1
2026-02-24,601318,14:07:35,64.4200,93,2
2026-02-24,601318,14:07:38,64.4100,86,2
2026-02-24,601318,14:07:41,64.4200,219,1
2026-02-24,601318,14:07:44,64.4300,91,1
2026-02-24,601318,14:07:47,64.4300,339,1
2026-02-24,601318,14:07:50,64.4300,51,1
2026-02-24,601318,14:07:53,64.4300,112,1
2026-02-24,601318,14:07:56,64.4200,196,2
2026-02-24,601318,14:07:59,64.4100,125,2
2026-02-24,601318,14:08:02,64.4200,561,1
2026-02-24,601318,14:08:05,64.4100,50,2
2026-02-24,601318,14:08:08,64.4200,292,1
2026-02-24,601318,14:08:11,64.4100,353,2
2026-02-24,601318,14:08:14,64.4100,118,1
2026-02-24,601318,14:08:17,64.4000,114,2
2026-02-24,601318,14:08:20,64.4100,55,1
2026-02-24,601318,14:08:23,64.4000,40,2
2026-02-24,601318,14:08:26,64.4000,241,2
2026-02-24,601318,14:08:29,64.4200,28,1
2026-02-24,601318,14:08:32,64.4200,88,1
2026-02-24,601318,14:08:35,64.4100,131,2
2026-02-24,601318,14:08:38,64.4100,108,2
2026-02-24,601318,14:08:41,64.4100,43,2
2026-02-24,601318,14:08:44,64.4000,322,2
2026-02-24,601318,14:08:47,64.4000,239,2
2026-02-24,601318,14:08:50,64.4100,50,4
2026-02-24,601318,14:08:53,64.4000,89,2
2026-02-24,601318,14:08:56,64.4000,265,2
2026-02-24,601318,14:08:59,64.4000,39,2
2026-02-24,601318,14:09:02,64.4000,357,2
2026-02-24,601318,14:09:05,64.4100,143,1
2026-02-24,601318,14:09:08,64.4000,397,2
2026-02-24,601318,14:09:11,64.4000,60,2
2026-02-24,601318,14:09:14,64.4000,300,2
2026-02-24,601318,14:09:17,64.4100,857,1
2026-02-24,601318,14:09:20,64.4300,135,1
2026-02-24,601318,14:09:23,64.4500,246,1
2026-02-24,601318,14:09:26,64.4500,199,1
2026-02-24,601318,14:09:29,64.4500,216,1
2026-02-24,601318,14:09:32,64.4600,111,1
2026-02-24,601318,14:09:35,64.4500,33,1
2026-02-24,601318,14:09:38,64.4600,28,1
2026-02-24,601318,14:09:41,64.4600,29,1
2026-02-24,601318,14:09:44,64.4600,29,1
2026-02-24,601318,14:09:47,64.4600,56,1
2026-02-24,601318,14:09:50,64.4600,54,1
2026-02-24,601318,14:09:53,64.4700,62,1
2026-02-24,601318,14:09:56,64.4700,130,1
2026-02-24,601318,14:09:59,64.4700,185,1
2026-02-24,601318,14:10:02,64.4900,894,1
2026-02-24,601318,14:10:05,64.4800,109,2
2026-02-24,601318,14:10:08,64.4700,257,2
2026-02-24,601318,14:10:11,64.4400,206,2
2026-02-24,601318,14:10:14,64.4700,101,1
2026-02-24,601318,14:10:17,64.4700,33,1
2026-02-24,601318,14:10:20,64.4500,144,2
2026-02-24,601318,14:10:23,64.4500,67,1
2026-02-24,601318,14:10:26,64.4500,43,1
2026-02-24,601318,14:10:29,64.4600,20,2
2026-02-24,601318,14:10:32,64.4500,63,2
2026-02-24,601318,14:10:35,64.4500,63,1
2026-02-24,601318,14:10:38,64.4500,51,1
2026-02-24,601318,14:10:41,64.4600,44,1
2026-02-24,601318,14:10:44,64.4600,124,1
2026-02-24,601318,14:10:47,64.4700,56,1
2026-02-24,601318,14:10:50,64.4800,148,1
2026-02-24,601318,14:10:53,64.4700,209,2
2026-02-24,601318,14:10:56,64.4800,446,1
2026-02-24,601318,14:10:59,64.4800,863,1
2026-02-24,601318,14:11:02,64.5000,962,1
2026-02-24,601318,14:11:05,64.4600,389,2
2026-02-24,601318,14:11:08,64.5200,301,1
2026-02-24,601318,14:11:11,64.5100,326,1
2026-02-24,601318,14:11:14,64.5000,186,2
2026-02-24,601318,14:11:17,64.5000,114,1
2026-02-24,601318,14:11:20,64.5200,63,4
2026-02-24,601318,14:11:23,64.5300,51,1
2026-02-24,601318,14:11:26,64.5300,95,1
2026-02-24,601318,14:11:29,64.5300,79,2
2026-02-24,601318,14:11:32,64.5300,207,1
2026-02-24,601318,14:11:35,64.5400,121,1
2026-02-24,601318,14:11:38,64.5300,123,1
2026-02-24,601318,14:11:41,64.5000,113,2
2026-02-24,601318,14:11:44,64.5100,39,2
2026-02-24,601318,14:11:47,64.5300,214,1
2026-02-24,601318,14:11:50,64.5100,19,2
2026-02-24,601318,14:11:53,64.5100,59,2
2026-02-24,601318,14:11:56,64.5200,214,1
2026-02-24,601318,14:11:59,64.5200,104,2
2026-02-24,601318,14:12:02,64.5100,94,2
2026-02-24,601318,14:12:05,64.5000,80,2
2026-02-24,601318,14:12:08,64.5200,240,1
2026-02-24,601318,14:12:11,64.5200,386,1
2026-02-24,601318,14:12:14,64.5500,661,1
2026-02-24,601318,14:12:17,64.5600,696,1
2026-02-24,601318,14:12:20,64.5400,124,4
2026-02-24,601318,14:12:23,64.5300,390,2
2026-02-24,601318,14:12:26,64.5500,115,1
2026-02-24,601318,14:12:29,64.5400,69,2
2026-02-24,601318,14:12:32,64.5300,193,4
2026-02-24,601318,14:12:35,64.5200,81,2
2026-02-24,601318,14:12:38,64.5300,39,1
2026-02-24,601318,14:12:41,64.5300,73,1
2026-02-24,601318,14:12:44,64.5300,595,1
2026-02-24,601318,14:12:47,64.5400,71,1
2026-02-24,601318,14:12:50,64.5100,215,2
2026-02-24,601318,14:12:53,64.5400,78,1
2026-02-24,601318,14:12:56,64.5300,75,2
2026-02-24,601318,14:12:59,64.5100,388,2
2026-02-24,601318,14:13:02,64.5200,54,4
2026-02-24,601318,14:13:05,64.5100,236,2
2026-02-24,601318,14:13:08,64.5200,228,1
2026-02-24,601318,14:13:11,64.5200,62,1
2026-02-24,601318,14:13:14,64.5300,80,1
2026-02-24,601318,14:13:17,64.5200,78,2
2026-02-24,601318,14:13:20,64.5300,78,1
2026-02-24,601318,14:13:23,64.5200,7,2
2026-02-24,601318,14:13:26,64.5300,207,1
2026-02-24,601318,14:13:29,64.5200,132,2
2026-02-24,601318,14:13:32,64.5300,405,1
2026-02-24,601318,14:13:35,64.5400,1254,1
2026-02-24,601318,14:13:38,64.5200,185,2
2026-02-24,601318,14:13:41,64.5200,180,1
2026-02-24,601318,14:13:44,64.5200,121,1
2026-02-24,601318,14:13:47,64.5200,198,1
2026-02-24,601318,14:13:50,64.5200,13,2
2026-02-24,601318,14:13:53,64.5400,234,1
2026-02-24,601318,14:13:56,64.5200,150,2
2026-02-24,601318,14:13:59,64.5200,77,1
2026-02-24,601318,14:14:02,64.5300,245,1
2026-02-24,601318,14:14:05,64.5300,27,1
2026-02-24,601318,14:14:08,64.5300,12,1
2026-02-24,601318,14:14:11,64.5300,133,1
2026-02-24,601318,14:14:14,64.5300,276,1
2026-02-24,601318,14:14:17,64.5200,173,4
2026-02-24,601318,14:14:20,64.5000,115,2
2026-02-24,601318,14:14:23,64.5000,767,2
2026-02-24,601318,14:14:26,64.4900,144,2
2026-02-24,601318,14:14:29,64.5000,209,1
2026-02-24,601318,14:14:32,64.5100,319,1
2026-02-24,601318,14:14:35,64.5100,38,2
2026-02-24,601318,14:14:38,64.5200,76,1
2026-02-24,601318,14:14:41,64.5100,33,2
2026-02-24,601318,14:14:44,64.5100,34,4
2026-02-24,601318,14:14:47,64.5200,19,1
2026-02-24,601318,14:14:50,64.5100,43,2
2026-02-24,601318,14:14:53,64.5000,120,2
2026-02-24,601318,14:14:56,64.5100,449,1
2026-02-24,601318,14:14:59,64.5100,19,2
2026-02-24,601318,14:15:02,64.5100,171,2
2026-02-24,601318,14:15:05,64.5000,65,2
2026-02-24,601318,14:15:08,64.5000,17,2
2026-02-24,601318,14:15:11,64.5000,187,2
2026-02-24,601318,14:15:14,64.5000,35,2
2026-02-24,601318,14:15:17,64.5000,87,2
2026-02-24,601318,14:15:20,64.5000,134,2
2026-02-24,601318,14:15:23,64.5000,81,2
2026-02-24,601318,14:15:26,64.4900,68,2
2026-02-24,601318,14:15:29,64.5000,48,1
2026-02-24,601318,14:15:32,64.4900,65,2
2026-02-24,601318,14:15:35,64.4900,59,2
2026-02-24,601318,14:15:38,64.4800,159,2
2026-02-24,601318,14:15:41,64.5000,408,1
2026-02-24,601318,14:15:44,64.5000,16,2
2026-02-24,601318,14:15:47,64.5000,50,2
2026-02-24,601318,14:15:50,64.5000,124,2
2026-02-24,601318,14:15:53,64.5100,31,1
2026-02-24,601318,14:15:56,64.5100,71,1
2026-02-24,601318,14:15:59,64.5000,27,2
2026-02-24,601318,14:16:02,64.5000,49,2
2026-02-24,601318,14:16:05,64.5000,43,2
2026-02-24,601318,14:16:08,64.5000,150,2
2026-02-24,601318,14:16:11,64.4900,127,4
2026-02-24,601318,14:16:14,64.4800,120,2
2026-02-24,601318,14:16:17,64.4900,58,1
2026-02-24,601318,14:16:20,64.4900,37,2
2026-02-24,601318,14:16:23,64.4800,173,4
2026-02-24,601318,14:16:26,64.4900,100,1
2026-02-24,601318,14:16:29,64.4700,78,2
2026-02-24,601318,14:16:32,64.4700,131,1
2026-02-24,601318,14:16:35,64.4600,348,2
2026-02-24,601318,14:16:38,64.4600,185,1
2026-02-24,601318,14:16:41,64.4800,52,1
2026-02-24,601318,14:16:44,64.4700,68,4
2026-02-24,601318,14:16:47,64.4800,31,1
2026-02-24,601318,14:16:50,64.4700,178,1
2026-02-24,601318,14:16:53,64.4700,152,1
2026-02-24,601318,14:16:56,64.4700,59,2
2026-02-24,601318,14:16:59,64.4700,39,1
2026-02-24,601318,14:17:02,64.4700,80,1
2026-02-24,601318,14:17:05,64.5000,336,1
2026-02-24,601318,14:17:08,64.5000,116,1
2026-02-24,601318,14:17:11,64.5000,163,1
2026-02-24,601318,14:17:14,64.4900,62,2
2026-02-24,601318,14:17:17,64.4800,49,2
2026-02-24,601318,14:17:20,64.5000,41,1
2026-02-24,601318,14:17:23,64.5000,39,1
2026-02-24,601318,14:17:26,64.5000,42,1
2026-02-24,601318,14:17:29,64.5000,13,1
2026-02-24,601318,14:17:32,64.5000,65,1
2026-02-24,601318,14:17:35,64.4900,57,4
2026-02-24,601318,14:17:38,64.5000,52,1
2026-02-24,601318,14:17:41,64.4900,17,4
2026-02-24,601318,14:17:44,64.4800,47,2
2026-02-24,601318,14:17:47,64.4800,112,2
2026-02-24,601318,14:17:50,64.5000,75,1
2026-02-24,601318,14:17:53,64.5000,97,1
2026-02-24,601318,14:17:56,64.4900,59,2
2026-02-24,601318,14:17:59,64.5100,62,1
2026-02-24,601318,14:18:02,64.5100,39,1
2026-02-24,601318,14:18:05,64.5100,138,1
2026-02-24,601318,14:18:08,64.5200,240,1
2026-02-24,601318,14:18:11,64.5200,272,1
2026-02-24,601318,14:18:14,64.5100,87,2
2026-02-24,601318,14:18:17,64.5100,116,1
2026-02-24,601318,14:18:20,64.5000,126,2
2026-02-24,601318,14:18:23,64.5200,23,1
2026-02-24,601318,14:18:26,64.5000,25,2
2026-02-24,601318,14:18:29,64.4800,201,2
2026-02-24,601318,14:18:32,64.5000,53,2
2026-02-24,601318,14:18:35,64.5000,81,2
2026-02-24,601318,14:18:38,64.5000,37,2
2026-02-24,601318,14:18:41,64.5000,55,2
2026-02-24,601318,14:18:44,64.4900,156,2
2026-02-24,601318,14:18:47,64.4800,49,2
2026-02-24,601318,14:18:50,64.4900,44,1
2026-02-24,601318,14:18:53,64.4800,94,2
2026-02-24,601318,14:18:56,64.4900,85,1
2026-02-24,601318,14:18:59,64.4800,90,2
2026-02-24,601318,14:19:02,64.4900,267,1
2026-02-24,601318,14:19:05,64.4900,29,1
2026-02-24,601318,14:19:08,64.4900,57,1
2026-02-24,601318,14:19:11,64.5700,3658,1
2026-02-24,601318,14:19:14,64.5300,292,2
2026-02-24,601318,14:19:17,64.5100,693,2
2026-02-24,601318,14:19:20,64.5500,75,1
2026-02-24,601318,14:19:23,64.5100,142,2
2026-02-24,601318,14:19:26,64.5100,42,2
2026-02-24,601318,14:19:29,64.5100,246,2
2026-02-24,601318,14:19:32,64.5300,2547,1
2026-02-24,601318,14:19:35,64.5400,268,2
2026-02-24,601318,14:19:38,64.6300,875,1
2026-02-24,601318,14:19:41,64.5400,531,2
2026-02-24,601318,14:19:44,64.5900,347,1
2026-02-24,601318,14:19:47,64.6000,74,1
2026-02-24,601318,14:19:50,64.6200,50,1
2026-02-24,601318,14:19:53,64.6200,40,1
2026-02-24,601318,14:19:56,64.6300,602,1
2026-02-24,601318,14:19:59,64.6000,132,2
2026-02-24,601318,14:20:02,64.6100,419,4
2026-02-24,601318,14:20:05,64.6400,41,1
2026-02-24,601318,14:20:08,64.6300,550,2
2026-02-24,601318,14:20:11,64.6300,150,2
2026-02-24,601318,14:20:14,64.6300,65,2
2026-02-24,601318,14:20:17,64.6100,55,2
2026-02-24,601318,14:20:20,64.6100,52,2
2026-02-24,601318,14:20:23,64.6300,64,1
2026-02-24,601318,14:20:26,64.6300,290,1
2026-02-24,601318,14:20:29,64.6400,156,1
2026-02-24,601318,14:20:32,64.6400,334,1
2026-02-24,601318,14:20:35,64.6400,96,1
2026-02-24,601318,14:20:38,64.6500,54,1
2026-02-24,601318,14:20:41,64.6400,80,2
2026-02-24,601318,14:20:44,64.6300,99,2
2026-02-24,601318,14:20:47,64.6400,131,1
2026-02-24,601318,14:20:50,64.6400,88,1
2026-02-24,601318,14:20:53,64.6300,149,1
2026-02-24,601318,14:20:56,64.6200,22,2
2026-02-24,601318,14:20:59,64.6100,76,2
2026-02-24,601318,14:21:02,64.6200,154,1
2026-02-24,601318,14:21:05,64.6300,50,1
2026-02-24,601318,14:21:08,64.6000,39,2
2026-02-24,601318,14:21:11,64.6000,107,2
2026-02-24,601318,14:21:14,64.5900,47,2
2026-02-24,601318,14:21:17,64.6000,59,1
2026-02-24,601318,14:21:20,64.5900,39,2
2026-02-24,601318,14:21:23,64.5900,25,2
2026-02-24,601318,14:21:26,64.5900,43,2
2026-02-24,601318,14:21:29,64.5900,69,2
2026-02-24,601318,14:21:32,64.5900,137,2
2026-02-24,601318,14:21:35,64.6000,345,1
2026-02-24,601318,14:21:38,64.5600,152,2
2026-02-24,601318,14:21:41,64.5700,81,1
2026-02-24,601318,14:21:44,64.5600,43,4
2026-02-24,601318,14:21:47,64.5400,255,2
2026-02-24,601318,14:21:50,64.5500,251,1
2026-02-24,601318,14:21:53,64.5500,101,1
2026-02-24,601318,14:21:56,64.5400,44,1
2026-02-24,601318,14:21:59,64.5400,42,1
2026-02-24,601318,14:22:02,64.5700,346,1
2026-02-24,601318,14:22:05,64.5500,239,2
2026-02-24,601318,14:22:08,64.5400,174,2
2026-02-24,601318,14:22:11,64.5400,160,2
2026-02-24,601318,14:22:14,64.5300,136,2
2026-02-24,601318,14:22:17,64.5400,28,1
2026-02-24,601318,14:22:20,64.5400,48,1
2026-02-24,601318,14:22:23,64.5400,7,4
2026-02-24,601318,14:22:26,64.5600,61,1
2026-02-24,601318,14:22:29,64.5400,41,2
2026-02-24,601318,14:22:32,64.5400,155,2
2026-02-24,601318,14:22:35,64.5300,179,2
2026-02-24,601318,14:22:38,64.5300,81,2
2026-02-24,601318,14:22:41,64.5300,41,2
2026-02-24,601318,14:22:44,64.5200,248,2
2026-02-24,601318,14:22:47,64.5300,61,1
2026-02-24,601318,14:22:50,64.5300,29,2
2026-02-24,601318,14:22:53,64.5300,123,2
2026-02-24,601318,14:22:56,64.5200,26,2
2026-02-24,601318,14:22:59,64.5400,106,1
2026-02-24,601318,14:23:02,64.5700,170,1
2026-02-24,601318,14:23:05,64.5300,23,2
2026-02-24,601318,14:23:08,64.5300,38,2
2026-02-24,601318,14:23:11,64.5400,79,1
2026-02-24,601318,14:23:14,64.5300,95,2
2026-02-24,601318,14:23:17,64.5400,65,1
2026-02-24,601318,14:23:20,64.5300,128,2
2026-02-24,601318,14:23:23,64.5400,86,1
2026-02-24,601318,14:23:26,64.5400,33,2
2026-02-24,601318,14:23:29,64.5400,43,1
2026-02-24,601318,14:23:32,64.5200,124,2
2026-02-24,601318,14:23:35,64.5300,53,2
2026-02-24,601318,14:23:38,64.5300,225,1
2026-02-24,601318,14:23:41,64.5300,168,1
2026-02-24,601318,14:23:44,64.5300,114,1
2026-02-24,601318,14:23:47,64.5400,118,1
2026-02-24,601318,14:23:50,64.5100,44,2
2026-02-24,601318,14:23:53,64.5300,60,1
2026-02-24,601318,14:23:56,64.5300,22,2
2026-02-24,601318,14:23:59,64.5300,15,2
2026-02-24,601318,14:24:02,64.5500,205,1
2026-02-24,601318,14:24:05,64.5200,64,2
2026-02-24,601318,14:24:08,64.5200,63,2
2026-02-24,601318,14:24:11,64.5400,48,1
2026-02-24,601318,14:24:14,64.5400,28,1
2026-02-24,601318,14:24:17,64.5400,107,2
2026-02-24,601318,14:24:20,64.5100,126,2
2026-02-24,601318,14:24:23,64.5400,229,1
2026-02-24,601318,14:24:26,64.5400,154,1
2026-02-24,601318,14:24:29,64.5100,98,2
2026-02-24,601318,14:24:32,64.5200,80,2
2026-02-24,601318,14:24:35,64.5200,27,1
2026-02-24,601318,14:24:38,64.5100,50,2
2026-02-24,601318,14:24:41,64.5200,112,1
2026-02-24,601318,14:24:44,64.5100,60,2
2026-02-24,601318,14:24:47,64.5200,8,1
2026-02-24,601318,14:24:50,64.5200,32,1
2026-02-24,601318,14:24:53,64.5200,106,1
2026-02-24,601318,14:24:56,64.5200,161,4
2026-02-24,601318,14:24:59,64.5300,86,1
2026-02-24,601318,14:25:02,64.5900,252,1
2026-02-24,601318,14:25:05,64.5400,45,1
2026-02-24,601318,14:25:08,64.5400,52,2
2026-02-24,601318,14:25:11,64.5200,95,2
2026-02-24,601318,14:25:14,64.5200,85,2
2026-02-24,601318,14:25:17,64.5200,40,2
2026-02-24,601318,14:25:20,64.5400,154,1
2026-02-24,601318,14:25:23,64.5400,300,1
2026-02-24,601318,14:25:26,64.5400,36,1
2026-02-24,601318,14:25:29,64.5300,18,2
2026-02-24,601318,14:25:32,64.5400,323,1
2026-02-24,601318,14:25:35,64.5400,116,2
2026-02-24,601318,14:25:38,64.5400,59,4
2026-02-24,601318,14:25:41,64.5500,175,1
2026-02-24,601318,14:25:44,64.5400,29,2
2026-02-24,601318,14:25:47,64.5500,115,1
2026-02-24,601318,14:25:50,64.5500,61,1
2026-02-24,601318,14:25:53,64.5500,251,1
2026-02-24,601318,14:25:56,64.5400,15,2
2026-02-24,601318,14:25:59,64.5300,17,2
2026-02-24,601318,14:26:02,64.5300,339,2
2026-02-24,601318,14:26:05,64.5500,222,4
2026-02-24,601318,14:26:08,64.5400,133,2
2026-02-24,601318,14:26:11,64.5300,77,2
2026-02-24,601318,14:26:14,64.5400,327,2
2026-02-24,601318,14:26:17,64.5400,102,1
2026-02-24,601318,14:26:20,64.5200,286,2
2026-02-24,601318,14:26:23,64.5300,72,1
2026-02-24,601318,14:26:26,64.5300,90,1
2026-02-24,601318,14:26:29,64.5200,169,2
2026-02-24,601318,14:26:32,64.5200,181,1
2026-02-24,601318,14:26:35,64.5300,117,1
2026-02-24,601318,14:26:38,64.5300,277,2
2026-02-24,601318,14:26:41,64.5400,17,1
2026-02-24,601318,14:26:44,64.5700,334,1
2026-02-24,601318,14:26:47,64.5500,119,2
2026-02-24,601318,14:26:50,64.5400,200,2
2026-02-24,601318,14:26:53,64.5300,69,2
2026-02-24,601318,14:26:56,64.5400,430,1
2026-02-24,601318,14:26:59,64.5300,137,2
2026-02-24,601318,14:27:02,64.5700,753,1
2026-02-24,601318,14:27:05,64.5400,45,2
2026-02-24,601318,14:27:08,64.5300,77,2
2026-02-24,601318,14:27:11,64.5400,254,1
2026-02-24,601318,14:27:14,64.5400,142,2
2026-02-24,601318,14:27:17,64.5400,40,1
2026-02-24,601318,14:27:20,64.5300,16,2
2026-02-24,601318,14:27:23,64.5300,32,2
2026-02-24,601318,14:27:26,64.5300,7,2
2026-02-24,601318,14:27:29,64.5300,29,2
2026-02-24,601318,14:27:32,64.5400,92,1
2026-02-24,601318,14:27:35,64.5500,137,1
2026-02-24,601318,14:27:38,64.5400,172,2
2026-02-24,601318,14:27:41,64.5600,105,1
2026-02-24,601318,14:27:44,64.5400,46,2
2026-02-24,601318,14:27:47,64.5400,92,2
2026-02-24,601318,14:27:50,64.5500,124,4
2026-02-24,601318,14:27:53,64.5400,42,2
2026-02-24,601318,14:27:56,64.5400,48,2
2026-02-24,601318,14:27:59,64.5400,46,2
2026-02-24,601318,14:28:02,64.5400,324,1
2026-02-24,601318,14:28:05,64.5600,218,1
2026-02-24,601318,14:28:08,64.5200,139,2
2026-02-24,601318,14:28:11,64.5200,88,2
2026-02-24,601318,14:28:14,64.5200,211,2
2026-02-24,601318,14:28:17,64.5200,47,2
2026-02-24,601318,14:28:20,64.5300,118,1
2026-02-24,601318,14:28:23,64.5300,46,2
2026-02-24,601318,14:28:26,64.5400,32,1
2026-02-24,601318,14:28:29,64.5300,80,1
2026-02-24,601318,14:28:32,64.5100,85,2
2026-02-24,601318,14:28:35,64.5100,79,2
2026-02-24,601318,14:28:38,64.5300,91,4
2026-02-24,601318,14:28:41,64.5200,55,2
2026-02-24,601318,14:28:44,64.5400,47,1
2026-02-24,601318,14:28:47,64.5300,44,1
2026-02-24,601318,14:28:50,64.5300,50,2
2026-02-24,601318,14:28:53,64.5300,69,2
2026-02-24,601318,14:28:56,64.5300,26,2
2026-02-24,601318,14:28:59,64.5300,254,2
2026-02-24,601318,14:29:02,64.5400,353,1
2026-02-24,601318,14:29:05,64.5400,133,2
2026-02-24,601318,14:29:08,64.5200,74,2
2026-02-24,601318,14:29:11,64.5300,229,1
2026-02-24,601318,14:29:14,64.5500,62,4
2026-02-24,601318,14:29:17,64.5500,218,1
2026-02-24,601318,14:29:20,64.5300,54,2
2026-02-24,601318,14:29:23,64.5500,164,1
2026-02-24,601318,14:29:26,64.5300,49,2
2026-02-24,601318,14:29:29,64.5400,76,4
2026-02-24,601318,14:29:32,64.5500,152,1
2026-02-24,601318,14:29:35,64.5700,154,1
2026-02-24,601318,14:29:38,64.5500,75,2
2026-02-24,601318,14:29:41,64.5600,65,1
2026-02-24,601318,14:29:44,64.5400,193,2
2026-02-24,601318,14:29:47,64.5500,30,2
2026-02-24,601318,14:29:50,64.5800,27,4
2026-02-24,601318,14:29:53,64.5800,242,1
2026-02-24,601318,14:29:56,64.5600,46,2
2026-02-24,601318,14:29:59,64.5800,43,1
2026-02-24,601318,14:30:02,64.5900,172,1
2026-02-24,601318,14:30:05,64.5800,104,2
2026-02-24,601318,14:30:08,64.5700,56,2
2026-02-24,601318,14:30:11,64.5600,66,2
2026-02-24,601318,14:30:14,64.6000,35,1
2026-02-24,601318,14:30:17,64.6000,65,1
2026-02-24,601318,14:30:20,64.6000,25,1
2026-02-24,601318,14:30:23,64.5900,136,2
2026-02-24,601318,14:30:26,64.6000,189,1
2026-02-24,601318,14:30:29,64.6100,204,1
2026-02-24,601318,14:30:32,64.6000,116,2
2026-02-24,601318,14:30:35,64.6100,50,1
2026-02-24,601318,14:30:38,64.6200,58,4
2026-02-24,601318,14:30:41,64.6200,15,2
2026-02-24,601318,14:30:44,64.6300,8,1
2026-02-24,601318,14:30:47,64.6200,47,2
2026-02-24,601318,14:30:50,64.6200,69,2
2026-02-24,601318,14:30:53,64.6200,275,2
2026-02-24,601318,14:30:56,64.6300,40,1
2026-02-24,601318,14:30:59,64.6000,37,2
2026-02-24,601318,14:31:02,64.6100,110,1
2026-02-24,601318,14:31:05,64.6300,509,1
2026-02-24,601318,14:31:08,64.6400,141,1
2026-02-24,601318,14:31:11,64.6100,45,2
2026-02-24,601318,14:31:14,64.6300,50,1
2026-02-24,601318,14:31:17,64.6200,10,2
2026-02-24,601318,14:31:20,64.6200,19,2
2026-02-24,601318,14:31:23,64.6100,122,2
2026-02-24,601318,14:31:26,64.6200,280,1
2026-02-24,601318,14:31:29,64.6200,50,1
2026-02-24,601318,14:31:32,64.6200,61,1
2026-02-24,601318,14:31:35,64.6100,54,2
2026-02-24,601318,14:31:38,64.6100,26,2
2026-02-24,601318,14:31:41,64.6100,51,1
2026-02-24,601318,14:31:44,64.6100,43,1
2026-02-24,601318,14:31:47,64.6000,19,2
2026-02-24,601318,14:31:50,64.6100,29,1
2026-02-24,601318,14:31:53,64.6100,68,1
2026-02-24,601318,14:31:56,64.6000,113,2
2026-02-24,601318,14:31:59,64.6000,39,2
2026-02-24,601318,14:32:02,64.6100,195,1
2026-02-24,601318,14:32:05,64.6100,34,1
2026-02-24,601318,14:32:08,64.6000,47,2
2026-02-24,601318,14:32:11,64.6100,116,1
2026-02-24,601318,14:32:14,64.6100,59,2
2026-02-24,601318,14:32:17,64.6000,24,2
2026-02-24,601318,14:32:20,64.6100,30,1
2026-02-24,601318,14:32:23,64.6100,40,1
2026-02-24,601318,14:32:26,64.6100,2,1
2026-02-24,601318,14:32:29,64.6100,140,1
2026-02-24,601318,14:32:32,64.6100,87,1
2026-02-24,601318,14:32:35,64.6000,107,2
2026-02-24,601318,14:32:38,64.6000,44,2
2026-02-24,601318,14:32:41,64.6000,48,2
2026-02-24,601318,14:32:44,64.5900,123,2
2026-02-24,601318,14:32:47,64.5900,80,2
2026-02-24,601318,14:32:50,64.5900,70,2
2026-02-24,601318,14:32:53,64.6000,1591,1
2026-02-24,601318,14:32:56,64.5600,620,2
2026-02-24,601318,14:32:59,64.5700,135,1
2026-02-24,601318,14:33:02,64.6500,412,1
2026-02-24,601318,14:33:05,64.6000,20,2
2026-02-24,601318,14:33:08,64.5900,33,2
2026-02-24,601318,14:33:11,64.6000,44,4
2026-02-24,601318,14:33:14,64.6300,90,1
2026-02-24,601318,14:33:17,64.6100,94,2
2026-02-24,601318,14:33:20,64.6100,15,1
2026-02-24,601318,14:33:23,64.6100,15,1
2026-02-24,601318,14:33:26,64.6100,25,1
2026-02-24,601318,14:33:29,64.6100,115,1
2026-02-24,601318,14:33:32,64.6100,138,1
2026-02-24,601318,14:33:35,64.6000,87,2
2026-02-24,601318,14:33:38,64.6100,101,1
2026-02-24,601318,14:33:41,64.6100,69,2
2026-02-24,601318,14:33:44,64.6100,92,2
2026-02-24,601318,14:33:47,64.6100,49,2
2026-02-24,601318,14:33:50,64.6100,30,1
2026-02-24,601318,14:33:53,64.6000,467,2
2026-02-24,601318,14:33:56,64.6000,153,2
2026-02-24,601318,14:33:59,64.6000,158,2
2026-02-24,601318,14:34:02,64.6100,179,1
2026-02-24,601318,14:34:05,64.6100,28,1
2026-02-24,601318,14:34:08,64.6000,66,2
2026-02-24,601318,14:34:11,64.6000,77,2
2026-02-24,601318,14:34:14,64.6000,72,2
2026-02-24,601318,14:34:17,64.6100,27,1
2026-02-24,601318,14:34:20,64.6000,136,2
2026-02-24,601318,14:34:23,64.6000,172,2
2026-02-24,601318,14:34:26,64.6100,31,1
2026-02-24,601318,14:34:29,64.6000,35,2
2026-02-24,601318,14:34:32,64.5900,67,2
2026-02-24,601318,14:34:35,64.6100,76,1
2026-02-24,601318,14:34:38,64.6100,34,1
2026-02-24,601318,14:34:41,64.6100,58,1
2026-02-24,601318,14:34:44,64.6100,7,1
2026-02-24,601318,14:34:47,64.6100,43,1
2026-02-24,601318,14:34:50,64.6000,13,2
2026-02-24,601318,14:34:53,64.5900,36,2
2026-02-24,601318,14:34:56,64.6000,19,1
2026-02-24,601318,14:34:59,64.6000,32,1
2026-02-24,601318,14:35:02,64.6000,248,1
2026-02-24,601318,14:35:05,64.6000,87,1
2026-02-24,601318,14:35:08,64.6000,53,2
2026-02-24,601318,14:35:11,64.6000,37,2
2026-02-24,601318,14:35:14,64.6200,30,1
2026-02-24,601318,14:35:17,64.6000,72,2
2026-02-24,601318,14:35:20,64.6100,59,2
2026-02-24,601318,14:35:23,64.6100,229,1
2026-02-24,601318,14:35:26,64.6400,149,1
2026-02-24,601318,14:35:29,64.6100,80,2
2026-02-24,601318,14:35:32,64.6200,94,1
2026-02-24,601318,14:35:35,64.6100,65,2
2026-02-24,601318,14:35:38,64.6100,49,2
2026-02-24,601318,14:35:41,64.6100,47,2
2026-02-24,601318,14:35:44,64.6100,15,2
2026-02-24,601318,14:35:47,64.6200,11,1
2026-02-24,601318,14:35:50,64.6100,75,2
2026-02-24,601318,14:35:53,64.6000,1595,2
2026-02-24,601318,14:35:56,64.6000,774,1
2026-02-24,601318,14:35:59,64.5700,208,2
2026-02-24,601318,14:36:02,64.6000,496,1
2026-02-24,601318,14:36:05,64.5900,87,2
2026-02-24,601318,14:36:08,64.5800,62,2
2026-02-24,601318,14:36:11,64.5800,69,2
2026-02-24,601318,14:36:14,64.5900,48,1
2026-02-24,601318,14:36:17,64.5900,12,1
2026-02-24,601318,14:36:20,64.5900,56,1
2026-02-24,601318,14:36:23,64.5800,86,2
2026-02-24,601318,14:36:26,64.5900,16,1
2026-02-24,601318,14:36:29,64.5900,65,1
2026-02-24,601318,14:36:32,64.5900,78,1
2026-02-24,601318,14:36:35,64.5900,28,1
2026-02-24,601318,14:36:38,64.5800,59,2
2026-02-24,601318,14:36:41,64.5800,94,1
2026-02-24,601318,14:36:44,64.5700,93,2
2026-02-24,601318,14:36:47,64.5800,25,1
2026-02-24,601318,14:36:50,64.5800,29,1
2026-02-24,601318,14:36:53,64.5700,79,2
2026-02-24,601318,14:36:56,64.5700,57,2
2026-02-24,601318,14:36:59,64.5700,50,1
2026-02-24,601318,14:37:02,64.5700,85,1
2026-02-24,601318,14:37:05,64.5700,323,1
2026-02-24,601318,14:37:08,64.5700,55,2
2026-02-24,601318,14:37:11,64.5600,52,2
2026-02-24,601318,14:37:14,64.5600,67,2
2026-02-24,601318,14:37:17,64.5600,59,2
2026-02-24,601318,14:37:20,64.5600,18,2
2026-02-24,601318,14:37:23,64.5600,35,2
2026-02-24,601318,14:37:26,64.5700,43,1
2026-02-24,601318,14:37:29,64.5600,163,2
2026-02-24,601318,14:37:32,64.5600,124,2
2026-02-24,601318,14:37:35,64.5600,89,1
2026-02-24,601318,14:37:38,64.5500,10,2
2026-02-24,601318,14:37:41,64.5500,80,2
2026-02-24,601318,14:37:44,64.5600,107,1
2026-02-24,601318,14:37:47,64.5500,59,2
2026-02-24,601318,14:37:50,64.5400,99,2
2026-02-24,601318,14:37:53,64.5400,105,1
2026-02-24,601318,14:37:56,64.5400,66,2
2026-02-24,601318,14:37:59,64.5300,74,4
2026-02-24,601318,14:38:02,64.5400,142,1
2026-02-24,601318,14:38:05,64.5400,239,1
2026-02-24,601318,14:38:08,64.5400,263,1
2026-02-24,601318,14:38:11,64.5400,66,2
2026-02-24,601318,14:38:14,64.5500,79,1
2026-02-24,601318,14:38:17,64.5600,159,1
2026-02-24,601318,14:38:20,64.5600,44,1
2026-02-24,601318,14:38:23,64.5600,31,1
2026-02-24,601318,14:38:26,64.5600,108,1
2026-02-24,601318,14:38:29,64.5500,58,2
2026-02-24,601318,14:38:32,64.5600,58,1
2026-02-24,601318,14:38:35,64.5600,91,1
2026-02-24,601318,14:38:38,64.5500,51,2
2026-02-24,601318,14:38:41,64.5600,6,1
2026-02-24,601318,14:38:44,64.5600,11,1
2026-02-24,601318,14:38:47,64.5600,65,1
2026-02-24,601318,14:38:50,64.5600,85,1
2026-02-24,601318,14:38:53,64.5500,63,2
2026-02-24,601318,14:38:56,64.5600,51,1
2026-02-24,601318,14:38:59,64.5600,58,1
2026-02-24,601318,14:39:02,64.5600,265,1
2026-02-24,601318,14:39:05,64.5600,11,2
2026-02-24,601318,14:39:08,64.5600,75,2
2026-02-24,601318,14:39:11,64.5500,63,2
2026-02-24,601318,14:39:14,64.5500,26,2
2026-02-24,601318,14:39:17,64.5700,18,1
2026-02-24,601318,14:39:20,64.5700,47,1
2026-02-24,601318,14:39:23,64.5600,58,2
2026-02-24,601318,14:39:26,64.5600,83,1
2026-02-24,601318,14:39:29,64.5500,97,2
2026-02-24,601318,14:39:32,64.5600,126,1
2026-02-24,601318,14:39:35,64.5600,53,1
2026-02-24,601318,14:39:38,64.5600,176,1
2026-02-24,601318,14:39:41,64.5600,17,2
2026-02-24,601318,14:39:44,64.5600,7,2
2026-02-24,601318,14:39:47,64.5700,59,1
2026-02-24,601318,14:39:50,64.5700,188,1
2026-02-24,601318,14:39:53,64.5600,33,2
2026-02-24,601318,14:39:56,64.5700,310,1
2026-02-24,601318,14:39:59,64.5700,46,1
2026-02-24,601318,14:40:02,64.6000,343,1
2026-02-24,601318,14:40:05,64.6000,140,1
2026-02-24,601318,14:40:08,64.5900,58,2
2026-02-24,601318,14:40:11,64.5700,320,2
2026-02-24,601318,14:40:14,64.5900,43,1
2026-02-24,601318,14:40:17,64.6000,108,1
2026-02-24,601318,14:40:20,64.5800,215,2
2026-02-24,601318,14:40:23,64.5900,27,4
2026-02-24,601318,14:40:26,64.6000,189,1
2026-02-24,601318,14:40:29,64.6000,65,1
2026-02-24,601318,14:40:32,64.5900,81,2
2026-02-24,601318,14:40:35,64.5900,149,2
2026-02-24,601318,14:40:38,64.5900,40,1
2026-02-24,601318,14:40:41,64.5700,156,2
2026-02-24,601318,14:40:44,64.5900,10,1
2026-02-24,601318,14:40:47,64.5700,78,2
2026-02-24,601318,14:40:50,64.5700,38,2
2026-02-24,601318,14:40:53,64.5700,123,2
2026-02-24,601318,14:40:56,64.5700,229,2
2026-02-24,601318,14:40:59,64.5700,22,1
2026-02-24,601318,14:41:02,64.5700,336,1
2026-02-24,601318,14:41:05,64.5700,380,1
2026-02-24,601318,14:41:08,64.5700,35,2
2026-02-24,601318,14:41:11,64.5700,56,2
2026-02-24,601318,14:41:14,64.5700,5,2
2026-02-24,601318,14:41:17,64.5600,115,2
2026-02-24,601318,14:41:20,64.5700,94,1
2026-02-24,601318,14:41:23,64.5600,163,2
2026-02-24,601318,14:41:26,64.5500,50,2
2026-02-24,601318,14:41:29,64.5500,231,2
2026-02-24,601318,14:41:32,64.5600,67,1
2026-02-24,601318,14:41:35,64.5500,35,2
2026-02-24,601318,14:41:38,64.5500,54,2
2026-02-24,601318,14:41:41,64.5600,111,1
2026-02-24,601318,14:41:44,64.5600,44,1
2026-02-24,601318,14:41:47,64.5600,67,1
2026-02-24,601318,14:41:50,64.5500,35,2
2026-02-24,601318,14:41:53,64.5500,106,2
2026-02-24,601318,14:41:56,64.5500,54,2
2026-02-24,601318,14:41:59,64.5500,57,2
2026-02-24,601318,14:42:02,64.5500,129,2
2026-02-24,601318,14:42:05,64.5600,83,1
2026-02-24,601318,14:42:08,64.5600,126,1
2026-02-24,601318,14:42:11,64.5600,318,1
2026-02-24,601318,14:42:14,64.5500,342,2
2026-02-24,601318,14:42:17,64.5700,365,1
2026-02-24,601318,14:42:20,64.5600,72,2
2026-02-24,601318,14:42:23,64.5700,16,1
2026-02-24,601318,14:42:26,64.5700,27,1
2026-02-24,601318,14:42:29,64.5700,14,1
2026-02-24,601318,14:42:32,64.5600,83,2
2026-02-24,601318,14:42:35,64.5600,19,2
2026-02-24,601318,14:42:38,64.5600,163,2
2026-02-24,601318,14:42:41,64.5700,162,1
2026-02-24,601318,14:42:44,64.5700,225,1
2026-02-24,601318,14:42:47,64.5600,33,2
2026-02-24,601318,14:42:50,64.5500,205,2
2026-02-24,601318,14:42:53,64.5600,155,1
2026-02-24,601318,14:42:56,64.5500,85,2
2026-02-24,601318,14:42:59,64.5600,45,1
2026-02-24,601318,14:43:02,64.5600,287,1
2026-02-24,601318,14:43:05,64.5600,55,1
2026-02-24,601318,14:43:08,64.5500,68,2
2026-02-24,601318,14:43:11,64.5500,54,2
2026-02-24,601318,14:43:14,64.5600,72,1
2026-02-24,601318,14:43:17,64.5600,44,1
2026-02-24,601318,14:43:20,64.5500,225,2
2026-02-24,601318,14:43:23,64.5500,13,2
2026-02-24,601318,14:43:26,64.5600,26,1
2026-02-24,601318,14:43:29,64.5500,120,2
2026-02-24,601318,14:43:32,64.5600,55,1
2026-02-24,601318,14:43:35,64.5500,156,2
2026-02-24,601318,14:43:38,64.5500,11,2
2026-02-24,601318,14:43:41,64.5500,102,2
2026-02-24,601318,14:43:44,64.5500,13,2
2026-02-24,601318,14:43:47,64.5500,75,2
2026-02-24,601318,14:43:50,64.5500,92,2
2026-02-24,601318,14:43:53,64.5500,41,2
2026-02-24,601318,14:43:56,64.5400,70,2
2026-02-24,601318,14:43:59,64.5400,197,2
2026-02-24,601318,14:44:02,64.5400,185,1
2026-02-24,601318,14:44:05,64.5500,279,1
2026-02-24,601318,14:44:08,64.5400,341,2
2026-02-24,601318,14:44:11,64.5400,96,1
2026-02-24,601318,14:44:14,64.5400,51,2
2026-02-24,601318,14:44:17,64.5500,23,1
2026-02-24,601318,14:44:20,64.5400,45,2
2026-02-24,601318,14:44:23,64.5500,300,1
2026-02-24,601318,14:44:26,64.5600,123,4
2026-02-24,601318,14:44:29,64.5600,148,2
2026-02-24,601318,14:44:32,64.5600,94,1
2026-02-24,601318,14:44:35,64.5500,53,2
2026-02-24,601318,14:44:38,64.5500,91,2
2026-02-24,601318,14:44:41,64.5400,141,2
2026-02-24,601318,14:44:44,64.5400,34,2
2026-02-24,601318,14:44:47,64.5400,62,1
2026-02-24,601318,14:44:50,64.5300,45,2
2026-02-24,601318,14:44:53,64.5300,219,2
2026-02-24,601318,14:44:56,64.5200,67,2
2026-02-24,601318,14:44:59,64.5200,170,2
2026-02-24,601318,14:45:02,64.5300,597,1
2026-02-24,601318,14:45:05,64.5400,46,1
2026-02-24,601318,14:45:08,64.5400,188,1
2026-02-24,601318,14:45:11,64.5300,136,2
2026-02-24,601318,14:45:14,64.5400,120,2
2026-02-24,601318,14:45:17,64.5400,55,1
2026-02-24,601318,14:45:20,64.5300,50,2
2026-02-24,601318,14:45:23,64.5400,59,1
2026-02-24,601318,14:45:26,64.5400,45,1
2026-02-24,601318,14:45:29,64.5400,357,1
2026-02-24,601318,14:45:32,64.5300,151,2
2026-02-24,601318,14:45:35,64.5300,146,2
2026-02-24,601318,14:45:38,64.5400,65,1
2026-02-24,601318,14:45:41,64.5400,53,1
2026-02-24,601318,14:45:44,64.5400,40,1
2026-02-24,601318,14:45:47,64.5400,81,1
2026-02-24,601318,14:45:50,64.5400,71,1
2026-02-24,601318,14:45:53,64.5400,121,1
2026-02-24,601318,14:45:56,64.5300,67,2
2026-02-24,601318,14:45:59,64.5300,23,2
2026-02-24,601318,14:46:02,64.5400,677,1
2026-02-24,601318,14:46:05,64.5200,24,2
2026-02-24,601318,14:46:08,64.5300,37,1
2026-02-24,601318,14:46:11,64.5200,385,2
2026-02-24,601318,14:46:14,64.5300,34,1
2026-02-24,601318,14:46:17,64.5200,124,2
2026-02-24,601318,14:46:20,64.5400,357,1
2026-02-24,601318,14:46:23,64.5300,193,1
2026-02-24,601318,14:46:26,64.5200,84,2
2026-02-24,601318,14:46:29,64.5300,81,2
2026-02-24,601318,14:46:32,64.5400,82,1
2026-02-24,601318,14:46:35,64.5300,39,2
2026-02-24,601318,14:46:38,64.5400,142,1
2026-02-24,601318,14:46:41,64.5300,51,2
2026-02-24,601318,14:46:44,64.5400,60,1
2026-02-24,601318,14:46:47,64.5300,220,2
2026-02-24,601318,14:46:50,64.5400,122,1
2026-02-24,601318,14:46:53,64.5300,144,2
2026-02-24,601318,14:46:56,64.5400,117,1
2026-02-24,601318,14:46:59,64.5400,282,1
2026-02-24,601318,14:47:02,64.5400,450,1
2026-02-24,601318,14:47:05,64.5500,175,1
2026-02-24,601318,14:47:08,64.5400,111,2
2026-02-24,601318,14:47:11,64.5400,68,2
2026-02-24,601318,14:47:14,64.5400,35,2
2026-02-24,601318,14:47:17,64.5300,82,2
2026-02-24,601318,14:47:20,64.5300,69,2
2026-02-24,601318,14:47:23,64.5400,61,1
2026-02-24,601318,14:47:26,64.5300,37,2
2026-02-24,601318,14:47:29,64.5400,100,1
2026-02-24,601318,14:47:32,64.5300,134,2
2026-02-24,601318,14:47:35,64.5200,168,2
2026-02-24,601318,14:47:38,64.5300,100,1
2026-02-24,601318,14:47:41,64.5300,81,1
2026-02-24,601318,14:47:44,64.5300,275,1
2026-02-24,601318,14:47:47,64.5300,152,2
2026-02-24,601318,14:47:50,64.5400,63,1
2026-02-24,601318,14:47:53,64.5300,166,2
2026-02-24,601318,14:47:56,64.5300,43,2
2026-02-24,601318,14:47:59,64.5300,70,2
2026-02-24,601318,14:48:02,64.5300,192,2
2026-02-24,601318,14:48:05,64.5300,85,2
2026-02-24,601318,14:48:08,64.5400,17,1
2026-02-24,601318,14:48:11,64.5300,62,2
2026-02-24,601318,14:48:14,64.5300,61,2
2026-02-24,601318,14:48:17,64.5300,180,2
2026-02-24,601318,14:48:20,64.5200,166,2
2026-02-24,601318,14:48:23,64.5300,67,1
2026-02-24,601318,14:48:26,64.5200,17,2
2026-02-24,601318,14:48:29,64.5200,129,2
2026-02-24,601318,14:48:32,64.5200,119,2
2026-02-24,601318,14:48:35,64.5300,485,1
2026-02-24,601318,14:48:38,64.5400,28,1
2026-02-24,601318,14:48:41,64.5300,117,2
2026-02-24,601318,14:48:44,64.5300,17,2
2026-02-24,601318,14:48:47,64.5300,33,2
2026-02-24,601318,14:48:50,64.5400,10,1
2026-02-24,601318,14:48:53,64.5400,37,1
2026-02-24,601318,14:48:56,64.5400,50,1
2026-02-24,601318,14:48:59,64.5300,122,2
2026-02-24,601318,14:49:02,64.5400,409,1
2026-02-24,601318,14:49:05,64.5300,189,2
2026-02-24,601318,14:49:08,64.5200,449,2
2026-02-24,601318,14:49:11,64.5100,134,2
2026-02-24,601318,14:49:14,64.5200,41,1
2026-02-24,601318,14:49:17,64.5200,209,1
2026-02-24,601318,14:49:20,64.5200,60,2
2026-02-24,601318,14:49:23,64.5200,28,2
2026-02-24,601318,14:49:26,64.5300,117,1
2026-02-24,601318,14:49:29,64.5100,358,2
2026-02-24,601318,14:49:32,64.5200,222,4
2026-02-24,601318,14:49:35,64.5200,555,1
2026-02-24,601318,14:49:38,64.5400,52,1
2026-02-24,601318,14:49:41,64.5300,97,2
2026-02-24,601318,14:49:44,64.5300,5,2
2026-02-24,601318,14:49:47,64.5400,61,1
2026-02-24,601318,14:49:50,64.5300,91,2
2026-02-24,601318,14:49:53,64.5400,356,1
2026-02-24,601318,14:49:56,64.5400,95,2
2026-02-24,601318,14:49:59,64.5400,15,4
2026-02-24,601318,14:50:02,64.5500,340,1
2026-02-24,601318,14:50:05,64.5200,296,2
2026-02-24,601318,14:50:08,64.5400,191,1
2026-02-24,601318,14:50:11,64.5400,101,1
2026-02-24,601318,14:50:14,64.5400,52,1
2026-02-24,601318,14:50:17,64.5300,452,2
2026-02-24,601318,14:50:20,64.5400,102,1
2026-02-24,601318,14:50:23,64.5400,319,2
2026-02-24,601318,14:50:26,64.5400,63,1
2026-02-24,601318,14:50:29,64.5300,354,2
2026-02-24,601318,14:50:32,64.5400,176,1
2026-02-24,601318,14:50:35,64.5400,65,1
2026-02-24,601318,14:50:38,64.5400,311,1
2026-02-24,601318,14:50:41,64.5400,82,1
2026-02-24,601318,14:50:44,64.5400,93,1
2026-02-24,601318,14:50:47,64.5500,301,1
2026-02-24,601318,14:50:50,64.5400,38,2
2026-02-24,601318,14:50:53,64.5400,31,2
2026-02-24,601318,14:50:56,64.5500,145,1
2026-02-24,601318,14:50:59,64.5400,159,2
2026-02-24,601318,14:51:02,64.5400,671,2
2026-02-24,601318,14:51:05,64.5500,179,1
2026-02-24,601318,14:51:08,64.5400,352,2
2026-02-24,601318,14:51:11,64.5300,164,2
2026-02-24,601318,14:51:14,64.5100,345,2
2026-02-24,601318,14:51:17,64.5200,123,1
2026-02-24,601318,14:51:20,64.5200,55,1
2026-02-24,601318,14:51:23,64.5200,20,1
2026-02-24,601318,14:51:26,64.5100,335,2
2026-02-24,601318,14:51:29,64.5200,109,1
2026-02-24,601318,14:51:32,64.5100,414,2
2026-02-24,601318,14:51:35,64.5100,153,1
2026-02-24,601318,14:51:38,64.5100,143,1
2026-02-24,601318,14:51:41,64.5100,363,1
2026-02-24,601318,14:51:44,64.5100,97,2
2026-02-24,601318,14:51:47,64.5100,20,2
2026-02-24,601318,14:51:50,64.5200,85,1
2026-02-24,601318,14:51:53,64.5200,92,1
2026-02-24,601318,14:51:56,64.5200,313,1
2026-02-24,601318,14:51:59,64.5100,59,2
2026-02-24,601318,14:52:02,64.5200,589,1
2026-02-24,601318,14:52:05,64.5200,153,2
2026-02-24,601318,14:52:08,64.5100,201,2
2026-02-24,601318,14:52:11,64.5000,177,2
2026-02-24,601318,14:52:14,64.5100,88,1
2026-02-24,601318,14:52:17,64.5000,193,2
2026-02-24,601318,14:52:20,64.5100,317,4
2026-02-24,601318,14:52:23,64.5100,164,1
2026-02-24,601318,14:52:26,64.5200,334,1
2026-02-24,601318,14:52:29,64.5100,32,2
2026-02-24,601318,14:52:32,64.5100,627,2
2026-02-24,601318,14:52:35,64.5300,120,1
2026-02-24,601318,14:52:38,64.5400,31,1
2026-02-24,601318,14:52:41,64.5300,672,2
2026-02-24,601318,14:52:44,64.5200,117,2
2026-02-24,601318,14:52:47,64.5300,49,1
2026-02-24,601318,14:52:50,64.5300,296,1
2026-02-24,601318,14:52:53,64.5300,67,1
2026-02-24,601318,14:52:56,64.5200,351,2
2026-02-24,601318,14:52:59,64.5200,172,2
2026-02-24,601318,14:53:02,64.5000,752,2
2026-02-24,601318,14:53:05,64.5000,1103,2
2026-02-24,601318,14:53:08,64.4900,1187,2
2026-02-24,601318,14:53:11,64.5000,409,1
2026-02-24,601318,14:53:14,64.4900,180,2
2026-02-24,601318,14:53:17,64.4700,2267,2
2026-02-24,601318,14:53:20,64.4900,352,1
2026-02-24,601318,14:53:23,64.4900,157,2
2026-02-24,601318,14:53:26,64.4800,203,2
2026-02-24,601318,14:53:29,64.4800,244,1
2026-02-24,601318,14:53:32,64.4900,306,1
2026-02-24,601318,14:53:35,64.4900,299,2
2026-02-24,601318,14:53:38,64.5000,356,1
2026-02-24,601318,14:53:41,64.5100,298,1
2026-02-24,601318,14:53:44,64.5200,500,1
2026-02-24,601318,14:53:47,64.5100,30,2
2026-02-24,601318,14:53:50,64.5100,160,1
2026-02-24,601318,14:53:53,64.5100,162,1
2026-02-24,601318,14:53:56,64.5100,166,1
2026-02-24,601318,14:53:59,64.5100,42,1
2026-02-24,601318,14:54:02,64.5000,494,2
2026-02-24,601318,14:54:05,64.5100,581,2
2026-02-24,601318,14:54:08,64.5000,1808,2
2026-02-24,601318,14:54:11,64.5000,591,1
2026-02-24,601318,14:54:14,64.5000,139,1
2026-02-24,601318,14:54:17,64.4900,823,2
2026-02-24,601318,14:54:20,64.4800,385,2
2026-02-24,601318,14:54:23,64.4600,205,2
2026-02-24,601318,14:54:26,64.4800,114,1
2026-02-24,601318,14:54:29,64.4700,208,1
2026-02-24,601318,14:54:32,64.4700,126,1
2026-02-24,601318,14:54:35,64.4700,180,1
2026-02-24,601318,14:54:38,64.4700,123,2
2026-02-24,601318,14:54:41,64.4800,7,1
2026-02-24,601318,14:54:44,64.4800,154,1
2026-02-24,601318,14:54:47,64.4800,91,1
2026-02-24,601318,14:54:50,64.4800,136,2
2026-02-24,601318,14:54:53,64.4900,72,1
2026-02-24,601318,14:54:56,64.4900,138,1
2026-02-24,601318,14:54:59,64.4900,142,1
2026-02-24,601318,14:55:02,64.4900,453,1
2026-02-24,601318,14:55:05,64.5000,44,1
2026-02-24,601318,14:55:08,64.4900,21,2
2026-02-24,601318,14:55:11,64.5100,83,1
2026-02-24,601318,14:55:14,64.5100,71,1
2026-02-24,601318,14:55:17,64.5100,113,1
2026-02-24,601318,14:55:20,64.5100,39,1
2026-02-24,601318,14:55:23,64.5100,52,1
2026-02-24,601318,14:55:26,64.5100,70,2
2026-02-24,601318,14:55:29,64.5200,56,1
2026-02-24,601318,14:55:32,64.5300,152,1
2026-02-24,601318,14:55:35,64.5300,101,1
2026-02-24,601318,14:55:38,64.5300,59,2
2026-02-24,601318,14:55:41,64.5500,178,1
2026-02-24,601318,14:55:44,64.5300,79,2
2026-02-24,601318,14:55:47,64.5400,30,4
2026-02-24,601318,14:55:50,64.5400,97,1
2026-02-24,601318,14:55:53,64.5400,83,1
2026-02-24,601318,14:55:56,64.5400,147,2
2026-02-24,601318,14:55:59,64.5300,98,2
2026-02-24,601318,14:56:02,64.5300,461,2
2026-02-24,601318,14:56:05,64.5100,154,2
2026-02-24,601318,14:56:08,64.5400,75,1
2026-02-24,601318,14:56:11,64.5100,126,2
2026-02-24,601318,14:56:14,64.5100,132,2
2026-02-24,601318,14:56:17,64.5200,94,1
2026-02-24,601318,14:56:20,64.5200,119,1
2026-02-24,601318,14:56:23,64.5300,188,1
2026-02-24,601318,14:56:26,64.5300,119,1
2026-02-24,601318,14:56:29,64.5300,67,2
2026-02-24,601318,14:56:32,64.5400,27,1
2026-02-24,601318,14:56:35,64.5400,122,1
2026-02-24,601318,14:56:38,64.5400,127,1
2026-02-24,601318,14:56:41,64.5400,86,1
2026-02-24,601318,14:56:44,64.5500,38,1
2026-02-24,601318,14:56:47,64.5500,86,1
2026-02-24,601318,14:56:50,64.5400,116,4
2026-02-24,601318,14:56:53,64.5400,162,1
2026-02-24,601318,14:56:56,64.5400,94,2
2026-02-24,601318,14:56:59,64.5500,1,1
2026-02-24,601318,15:00:02,64.5000,7902,4
2026-02-24,601318,13:17:02,64.9700,62,2
2026-02-24,601318,13:17:05,64.9800,46,1
2026-02-24,601318,13:17:08,64.9800,31,2
2026-02-24,601318,13:17:11,64.9700,126,2
2026-02-24,601318,13:17:14,64.9700,152,2
2026-02-24,601318,13:17:17,64.9900,77,1
2026-02-24,601318,13:17:20,64.9700,87,4
2026-02-24,601318,13:17:23,64.9700,172,2
2026-02-24,601318,13:17:26,64.9900,86,1
2026-02-24,601318,13:17:29,64.9800,16,4
2026-02-24,601318,13:17:32,64.9900,152,1
2026-02-24,601318,13:17:35,64.9800,118,1
2026-02-24,601318,13:17:38,64.9600,5,2
2026-02-24,601318,13:17:41,64.9700,2,4
2026-02-24,601318,13:17:44,64.9800,64,1
2026-02-24,601318,13:17:47,64.9800,9,1
2026-02-24,601318,13:17:50,64.9700,67,4
2026-02-24,601318,13:17:53,64.9800,64,1
2026-02-24,601318,13:17:56,64.9700,71,2
2026-02-24,601318,13:17:59,64.9600,131,2
2026-02-24,601318,13:18:02,64.9700,59,1
2026-02-24,601318,13:18:05,64.9600,524,2
2026-02-24,601318,13:18:08,64.9500,32,2
2026-02-24,601318,13:18:11,64.9500,68,2
2026-02-24,601318,13:18:14,64.9400,68,2
2026-02-24,601318,13:18:17,64.9400,19,2
2026-02-24,601318,13:18:20,64.9500,11,1
2026-02-24,601318,13:18:23,64.9400,9,2
2026-02-24,601318,13:18:26,64.9500,47,1
2026-02-24,601318,13:18:29,64.9600,67,1
2026-02-24,601318,13:18:32,64.9400,97,2
2026-02-24,601318,13:18:35,64.9500,10,4
2026-02-24,601318,13:18:38,64.9600,19,1
2026-02-24,601318,13:18:41,64.9400,74,2
2026-02-24,601318,13:18:47,64.9400,25,2
2026-02-24,601318,13:18:50,64.9400,31,2
2026-02-24,601318,13:18:53,64.9500,36,1
2026-02-24,601318,13:18:56,64.9400,17,2
2026-02-24,601318,13:18:59,64.9500,12,1
2026-02-24,601318,13:19:02,64.9300,50,2
2026-02-24,601318,13:19:05,64.9300,21,2
2026-02-24,601318,13:19:08,64.9300,19,2
2026-02-24,601318,13:19:11,64.9300,53,2
2026-02-24,601318,13:19:14,64.9300,54,2
2026-02-24,601318,13:19:17,64.9300,90,2
2026-02-24,601318,13:19:20,64.9000,166,2
2026-02-24,601318,13:19:23,64.9000,80,2
2026-02-24,601318,13:19:26,64.9000,11,2
2026-02-24,601318,13:19:29,64.9000,34,2
2026-02-24,601318,13:19:32,64.8800,63,2
2026-02-24,601318,13:19:35,64.8900,125,1
2026-02-24,601318,13:19:38,64.8900,17,1
2026-02-24,601318,13:19:41,64.8800,225,2
2026-02-24,601318,13:19:44,64.8900,104,1
2026-02-24,601318,13:19:47,64.8800,157,2
2026-02-24,601318,13:19:50,64.8800,26,2
2026-02-24,601318,13:19:53,64.8800,98,2
2026-02-24,601318,13:19:56,64.8800,255,2
2026-02-24,601318,13:19:59,64.8800,42,2
2026-02-24,601318,13:20:02,64.8600,163,2
2026-02-24,601318,13:20:05,64.8800,159,1
2026-02-24,601318,13:20:08,64.8300,72,2
2026-02-24,601318,13:20:11,64.8400,58,2
2026-02-24,601318,13:20:14,64.8800,156,1
2026-02-24,601318,13:20:17,64.8600,112,2
2026-02-24,601318,13:20:20,64.8600,102,2
2026-02-24,601318,13:20:23,64.8700,10,2
2026-02-24,601318,13:20:26,64.8700,40,1
2026-02-24,601318,13:20:29,64.8700,32,1
2026-02-24,601318,13:20:32,64.8700,207,1
2026-02-24,601318,13:20:35,64.8400,225,2
2026-02-24,601318,13:20:38,64.8600,391,1
2026-02-24,601318,13:20:41,64.8900,34,1
2026-02-24,601318,13:20:44,64.8500,75,2
2026-02-24,601318,13:20:47,64.8600,1,2
2026-02-24,601318,13:20:50,64.8900,178,1
2026-02-24,601318,13:20:53,64.8700,29,2
2026-02-24,601318,13:20:56,64.9000,13,1
2026-02-24,601318,13:20:59,64.9000,204,1
2026-02-24,601318,13:21:02,64.9000,34,1
2026-02-24,601318,13:21:05,64.9000,4,1
2026-02-24,601318,13:21:08,64.9000,20,1
2026-02-24,601318,13:21:11,64.8900,78,2
2026-02-24,601318,13:21:14,64.8900,30,2
2026-02-24,601318,13:21:17,64.8900,18,1
2026-02-24,601318,13:21:20,64.9000,56,1
2026-02-24,601318,13:21:23,64.8900,98,1
2026-02-24,601318,13:21:26,64.8800,42,1
2026-02-24,601318,13:21:29,64.8700,19,2
2026-02-24,601318,13:21:32,64.8700,56,1
2026-02-24,601318,13:21:35,64.8700,16,1
2026-02-24,601318,13:21:38,64.8600,69,2
2026-02-24,601318,13:21:41,64.8700,171,1
2026-02-24,601318,13:21:44,64.8600,34,2
2026-02-24,601318,13:21:47,64.8700,6,1
2026-02-24,601318,13:21:50,64.8600,6,2
2026-02-24,601318,13:21:53,64.8600,215,2
2026-02-24,601318,13:21:56,64.8500,146,2
2026-02-24,601318,13:21:59,64.8400,227,2
2026-02-24,601318,13:22:02,64.8400,79,1
2026-02-24,601318,13:22:05,64.8500,60,1
2026-02-24,601318,13:22:08,64.8500,125,1
2026-02-24,601318,13:22:11,64.8300,84,2
2026-02-24,601318,13:22:14,64.8500,137,1
2026-02-24,601318,13:22:17,64.8600,138,1
2026-02-24,601318,13:22:20,64.8500,37,2
2026-02-24,601318,13:22:23,64.8600,8,1
2026-02-24,601318,13:22:26,64.8500,20,2
2026-02-24,601318,13:22:29,64.8600,78,1
2026-02-24,601318,13:22:32,64.8500,52,2
2026-02-24,601318,13:22:35,64.8400,565,2
2026-02-24,601318,13:22:38,64.8300,118,2
2026-02-24,601318,13:22:41,64.8300,44,1
2026-02-24,601318,13:22:44,64.8200,68,2
2026-02-24,601318,13:22:47,64.8200,92,2
2026-02-24,601318,13:22:50,64.8200,142,1
2026-02-24,601318,13:22:53,64.8100,110,2
2026-02-24,601318,13:22:56,64.8200,48,1
2026-02-24,601318,13:22:59,64.8200,45,1
2026-02-24,601318,13:23:02,64.8200,142,1
2026-02-24,601318,13:23:05,64.8200,399,1
2026-02-24,601318,13:23:08,64.8200,36,2
2026-02-24,601318,13:23:11,64.8200,30,2
2026-02-24,601318,13:23:14,64.8300,80,1
2026-02-24,601318,13:23:17,64.8400,19,1
2026-02-24,601318,13:23:20,64.8300,47,2
2026-02-24,601318,13:23:23,64.8400,12,1
2026-02-24,601318,13:23:26,64.8500,42,1
2026-02-24,601318,13:23:29,64.8500,17,2
2026-02-24,601318,13:23:32,64.8300,132,2
2026-02-24,601318,13:23:35,64.8500,3,1
2026-02-24,601318,13:23:38,64.8400,6,2
2026-02-24,601318,13:23:41,64.8400,7,2
2026-02-24,601318,13:23:44,64.8600,129,1
2026-02-24,601318,13:23:47,64.8500,50,1
2026-02-24,601318,13:23:50,64.8500,15,2
2026-02-24,601318,13:23:53,64.8500,124,2
2026-02-24,601318,13:23:56,64.8500,20,2
2026-02-24,601318,13:23:59,64.8500,7,1
2026-02-24,601318,13:24:02,64.8400,69,2
2026-02-24,601318,13:24:05,64.8300,35,2
2026-02-24,601318,13:24:08,64.8400,45,1
2026-02-24,601318,13:24:11,64.8300,282,2
2026-02-24,601318,13:24:14,64.8200,69,2
2026-02-24,601318,13:24:17,64.8200,78,2
2026-02-24,601318,13:24:20,64.8400,29,1
2026-02-24,601318,13:24:23,64.8200,175,2
2026-02-24,601318,13:24:26,64.8100,34,2
2026-02-24,601318,13:24:29,64.8200,68,1
2026-02-24,601318,13:24:32,64.8100,120,2
2026-02-24,601318,13:24:35,64.8200,4,1
2026-02-24,601318,13:24:38,64.8200,38,1
2026-02-24,601318,13:24:41,64.8200,55,2
2026-02-24,601318,13:24:44,64.8200,8,2
2026-02-24,601318,13:24:47,64.8200,122,2
2026-02-24,601318,13:24:50,64.8300,26,1
2026-02-24,601318,13:24:53,64.8100,65,2
2026-02-24,601318,13:24:56,64.8200,17,2
2026-02-24,601318,13:24:59,64.8200,60,4
2026-02-24,601318,13:25:02,64.8200,55,4
2026-02-24,601318,13:25:05,64.8100,156,2
2026-02-24,601318,13:25:08,64.8100,21,2
2026-02-24,601318,13:25:11,64.8100,81,2
2026-02-24,601318,13:25:14,64.8100,73,2
2026-02-24,601318,13:25:17,64.8100,4,2
2026-02-24,601318,13:25:20,64.8200,74,1
2026-02-24,601318,13:25:23,64.8200,45,1
2026-02-24,601318,13:25:26,64.8200,39,1
2026-02-24,601318,13:25:29,64.8200,55,1
2026-02-24,601318,13:25:32,64.8200,107,1
2026-02-24,601318,13:25:35,64.8200,35,1
2026-02-24,601318,13:25:38,64.8200,36,1
2026-02-24,601318,13:25:41,64.8100,1972,2
2026-02-24,601318,13:25:44,64.8100,153,1
2026-02-24,601318,13:25:47,64.8000,88,2
2026-02-24,601318,13:25:50,64.8100,7,2
2026-02-24,601318,13:25:53,64.8100,43,2
2026-02-24,601318,13:25:56,64.8200,33,1
2026-02-24,601318,13:25:59,64.8200,82,1
2026-02-24,601318,13:26:02,64.8200,110,2
2026-02-24,601318,13:26:05,64.8200,46,2
2026-02-24,601318,13:26:08,64.8300,176,1
2026-02-24,601318,13:26:11,64.8100,40,2
2026-02-24,601318,13:26:14,64.8200,12,1
2026-02-24,601318,13:26:17,64.8200,34,1
2026-02-24,601318,13:26:20,64.8100,37,2
2026-02-24,601318,13:26:23,64.8200,18,1
2026-02-24,601318,13:26:26,64.8200,6,1
2026-02-24,601318,13:26:29,64.8200,73,1
2026-02-24,601318,13:26:32,64.8200,54,1
2026-02-24,601318,13:26:35,64.8200,39,1
2026-02-24,601318,13:26:38,64.8100,200,2
2026-02-24,601318,13:26:41,64.8200,51,1
2026-02-24,601318,13:26:44,64.8200,71,2
2026-02-24,601318,13:26:47,64.8100,20,2
2026-02-24,601318,13:26:50,64.8200,92,2
2026-02-24,601318,13:26:53,64.8100,59,2
2026-02-24,601318,13:26:56,64.8100,16,1
2026-02-24,601318,13:26:59,64.8100,45,1
2026-02-24,601318,13:27:02,64.8100,84,2
2026-02-24,601318,13:27:05,64.8100,39,2
2026-02-24,601318,13:27:08,64.8100,33,2
2026-02-24,601318,13:27:11,64.8000,84,2
2026-02-24,601318,13:27:14,64.8100,104,1
2026-02-24,601318,13:27:17,64.8100,12,1
2026-02-24,601318,13:27:20,64.8100,370,1
2026-02-24,601318,13:27:23,64.8100,153,1
2026-02-24,601318,13:27:26,64.8300,667,1
2026-02-24,601318,13:27:29,64.8100,363,2
2026-02-24,601318,13:27:32,64.8300,166,1
2026-02-24,601318,13:27:35,64.8200,8,2
2026-02-24,601318,13:27:38,64.8200,12,2
2026-02-24,601318,13:27:41,64.8200,14,2
2026-02-24,601318,13:27:44,64.8200,6,2
2026-02-24,601318,13:27:47,64.8300,12,1
2026-02-24,601318,13:27:50,64.8300,22,1
2026-02-24,601318,13:27:53,64.8200,73,2
2026-02-24,601318,13:27:56,64.8200,70,1
2026-02-24,601318,13:27:59,64.8100,123,2
2026-02-24,601318,13:28:02,64.8100,42,2
2026-02-24,601318,13:28:05,64.8000,258,2
2026-02-24,601318,13:28:08,64.8000,333,2
2026-02-24,601318,13:28:11,64.7900,94,2
2026-02-24,601318,13:28:14,64.7900,125,2
2026-02-24,601318,13:28:17,64.8000,15,1
2026-02-24,601318,13:28:20,64.8000,33,1
2026-02-24,601318,13:28:23,64.7900,699,2
2026-02-24,601318,13:28:26,64.7900,794,1
2026-02-24,601318,13:28:29,64.8000,15,1
2026-02-24,601318,13:28:32,64.8000,86,1
2026-02-24,601318,13:28:35,64.7900,22,2
2026-02-24,601318,13:28:38,64.8000,34,1
2026-02-24,601318,13:28:41,64.8000,10,1
2026-02-24,601318,13:28:44,64.7900,109,2
2026-02-24,601318,13:28:47,64.8000,171,1
2026-02-24,601318,13:28:50,64.8000,36,2
2026-02-24,601318,13:28:53,64.8000,44,2
2026-02-24,601318,13:28:56,64.8000,142,2
2026-02-24,601318,13:28:59,64.8000,2,1
2026-02-24,601318,13:29:02,64.8000,19,1
2026-02-24,601318,13:29:05,64.8000,55,1
2026-02-24,601318,13:29:08,64.8000,158,1
2026-02-24,601318,13:29:11,64.8000,102,1
2026-02-24,601318,13:29:14,64.8000,93,1
2026-02-24,601318,13:29:17,64.8000,156,1
2026-02-24,601318,13:29:20,64.8000,36,1
2026-02-24,601318,13:29:23,64.8000,269,1
2026-02-24,601318,13:29:26,64.7900,154,2
2026-02-24,601318,13:29:29,64.8000,68,1
2026-02-24,601318,13:29:32,64.8000,43,2
2026-02-24,601318,13:29:35,64.8000,10,2
2026-02-24,601318,13:29:38,64.8100,2,1
2026-02-24,601318,13:29:41,64.8000,37,2
2026-02-24,601318,13:29:44,64.8100,124,1
2026-02-24,601318,13:29:47,64.8000,245,2
2026-02-24,601318,13:29:50,64.8000,181,1
2026-02-24,601318,13:29:53,64.8000,46,1
2026-02-24,601318,13:29:56,64.8000,61,1
2026-02-24,601318,13:29:59,64.8000,104,2
2026-02-24,601318,13:30:02,64.8100,43,1
2026-02-24,601318,13:30:05,64.8000,48,2
2026-02-24,601318,13:30:08,64.8000,108,2
2026-02-24,601318,13:30:11,64.7900,72,2
2026-02-24,601318,13:30:14,64.7900,17,2
2026-02-24,601318,13:30:17,64.7900,25,2
2026-02-24,601318,13:30:20,64.8000,16,1
2026-02-24,601318,13:30:23,64.8000,31,1
2026-02-24,601318,13:30:26,64.7900,173,2
2026-02-24,601318,13:30:29,64.7900,123,2
2026-02-24,601318,13:30:32,64.8000,98,1
2026-02-24,601318,13:30:35,64.8000,57,2
2026-02-24,601318,13:30:38,64.8000,93,1
2026-02-24,601318,13:30:41,64.7900,152,2
2026-02-24,601318,13:30:44,64.8000,304,4
2026-02-24,601318,13:30:47,64.8000,63,2
2026-02-24,601318,13:30:50,64.7900,336,2
2026-02-24,601318,13:30:53,64.7900,334,2
2026-02-24,601318,13:30:56,64.7900,26,2
2026-02-24,601318,13:30:59,64.8000,23,1
2026-02-24,601318,13:31:02,64.8000,34,1
2026-02-24,601318,13:31:05,64.8000,195,1
2026-02-24,601318,13:31:08,64.7900,24,2
2026-02-24,601318,13:31:11,64.7900,178,2
2026-02-24,601318,13:31:14,64.7900,166,2
2026-02-24,601318,13:31:17,64.7900,209,1
2026-02-24,601318,13:31:20,64.7800,121,2
2026-02-24,601318,13:31:23,64.7900,43,1
2026-02-24,601318,13:31:26,64.7800,86,2
2026-02-24,601318,13:31:29,64.7800,843,2
2026-02-24,601318,13:31:32,64.7700,435,2
2026-02-24,601318,13:31:35,64.7500,1351,2
2026-02-24,601318,13:31:38,64.7500,503,2
2026-02-24,601318,13:31:41,64.7500,24,2
2026-02-24,601318,13:31:44,64.7600,77,1
2026-02-24,601318,13:31:47,64.7500,38,2
2026-02-24,601318,13:31:50,64.7500,106,2
2026-02-24,601318,13:31:53,64.7600,87,1
2026-02-24,601318,13:31:56,64.7600,78,1
2026-02-24,601318,13:31:59,64.7600,96,1
2026-02-24,601318,13:32:02,64.7600,234,1
2026-02-24,601318,13:32:05,64.7600,72,1
2026-02-24,601318,13:32:08,64.7600,59,1
2026-02-24,601318,13:32:11,64.7500,1059,2
2026-02-24,601318,13:32:14,64.7500,41,2
2026-02-24,601318,13:32:17,64.7500,75,2
2026-02-24,601318,13:32:20,64.7400,121,2
2026-02-24,601318,13:32:23,64.7400,44,2
2026-02-24,601318,13:32:26,64.7400,60,2
2026-02-24,601318,13:32:29,64.7500,38,1
2026-02-24,601318,13:32:32,64.7600,232,1
2026-02-24,601318,13:32:35,64.7600,51,2
2026-02-24,601318,13:32:38,64.7700,8,1
2026-02-24,601318,13:32:41,64.7700,12,1
2026-02-24,601318,13:32:44,64.7600,20,2
2026-02-24,601318,13:32:47,64.7700,21,1
2026-02-24,601318,13:32:50,64.7600,19,2
2026-02-24,601318,13:32:53,64.7600,188,2
2026-02-24,601318,13:32:56,64.7600,104,2
2026-02-24,601318,13:32:59,64.7600,119,2
2026-02-24,601318,13:33:02,64.7700,24,1
2026-02-24,601318,13:33:05,64.7600,21,2
2026-02-24,601318,13:33:08,64.7800,694,1
2026-02-24,601318,13:33:11,64.7700,302,2
2026-02-24,601318,13:33:14,64.8300,449,1
2026-02-24,601318,13:33:17,64.8100,124,1
2026-02-24,601318,13:33:20,64.8000,37,2
2026-02-24,601318,13:33:23,64.7900,162,2
2026-02-24,601318,13:33:26,64.8000,39,2
2026-02-24,601318,13:33:29,64.7800,196,2
2026-02-24,601318,13:33:32,64.7800,143,1
2026-02-24,601318,13:33:35,64.7800,151,1
2026-02-24,601318,13:33:38,64.7700,35,2
2026-02-24,601318,13:33:41,64.7800,104,1
2026-02-24,601318,13:33:44,64.7800,137,2
2026-02-24,601318,13:33:47,64.7800,139,2
2026-02-24,601318,13:33:50,64.7900,6,2
2026-02-24,601318,13:33:53,64.7900,39,2
2026-02-24,601318,13:33:56,64.7900,77,4
2026-02-24,601318,13:33:59,64.7900,177,1
2026-02-24,601318,13:34:02,64.7900,421,4
2026-02-24,601318,13:34:05,64.8000,105,1
2026-02-24,601318,13:34:08,64.7900,47,2
2026-02-24,601318,13:34:11,64.7900,135,1
2026-02-24,601318,13:34:14,64.8000,2,4
2026-02-24,601318,13:34:17,64.8000,6,4
2026-02-24,601318,13:34:20,64.7900,33,2
2026-02-24,601318,13:34:23,64.8000,206,1
2026-02-24,601318,13:34:26,64.7800,360,2
2026-02-24,601318,13:34:29,64.7900,63,4
2026-02-24,601318,13:34:32,64.7900,108,1
2026-02-24,601318,13:34:35,64.7700,71,2
2026-02-24,601318,13:34:38,64.7800,165,4
2026-02-24,601318,13:34:41,64.7800,90,4
2026-02-24,601318,13:34:44,64.7700,37,2
2026-02-24,601318,13:34:47,64.7800,75,1
2026-02-24,601318,13:34:50,64.7800,157,1
2026-02-24,601318,13:34:53,64.7800,51,1
2026-02-24,601318,13:34:56,64.7700,25,2
2026-02-24,601318,13:34:59,64.7800,8,1
2026-02-24,601318,13:35:02,64.7800,383,1
2026-02-24,601318,13:35:05,64.7900,50,1
2026-02-24,601318,13:35:08,64.7800,86,2
2026-02-24,601318,13:35:11,64.7700,205,2
2026-02-24,601318,13:35:14,64.7700,42,2
2026-02-24,601318,13:35:17,64.7800,48,1
2026-02-24,601318,13:35:20,64.7800,54,1
2026-02-24,601318,13:35:23,64.7700,85,2
2026-02-24,601318,13:35:26,64.7700,66,2
2026-02-24,601318,13:35:29,64.7700,38,2
2026-02-24,601318,13:35:32,64.7800,58,1
2026-02-24,601318,13:35:35,64.7800,3,1
2026-02-24,601318,13:35:38,64.7800,116,1
2026-02-24,601318,13:35:41,64.7800,165,1
2026-02-24,601318,13:35:44,64.7800,66,1
2026-02-24,601318,13:35:47,64.7700,46,2
2026-02-24,601318,13:35:50,64.7700,20,2
2026-02-24,601318,13:35:53,64.7700,35,2
2026-02-24,601318,13:35:56,64.7800,124,1
2026-02-24,601318,13:35:59,64.7800,107,1
2026-02-24,601318,13:36:02,64.7700,52,2
2026-02-24,601318,13:36:05,64.7800,208,1
2026-02-24,601318,13:36:08,64.7800,68,1
2026-02-24,601318,13:36:11,64.7700,225,2
2026-02-24,601318,13:36:14,64.7800,87,1
2026-02-24,601318,13:36:17,64.7300,2536,2
2026-02-24,601318,13:36:20,64.7400,618,1
2026-02-24,601318,13:36:23,64.7200,117,2
2026-02-24,601318,13:36:26,64.7100,393,2
2026-02-24,601318,13:36:29,64.7000,118,2
2026-02-24,601318,13:36:32,64.7000,321,2
2026-02-24,601318,13:36:35,64.7100,54,1
2026-02-24,601318,13:36:38,64.7000,58,2
2026-02-24,601318,13:36:41,64.7100,22,1
2026-02-24,601318,13:36:44,64.7100,89,1
2026-02-24,601318,13:36:47,64.7000,67,2
2026-02-24,601318,13:36:50,64.7200,18,1
2026-02-24,601318,13:36:53,64.7100,50,2
2026-02-24,601318,13:36:56,64.7100,22,2
2026-02-24,601318,13:36:59,64.7100,149,2
2026-02-24,601318,13:37:02,64.7000,187,2
2026-02-24,601318,13:37:05,64.7100,31,2
2026-02-24,601318,13:37:08,64.7200,3,1
2026-02-24,601318,13:37:11,64.7100,59,2
2026-02-24,601318,13:37:14,64.7200,218,1
2026-02-24,601318,13:37:17,64.7100,111,2
2026-02-24,601318,13:37:20,64.7200,17,1
2026-02-24,601318,13:37:23,64.7100,77,2
2026-02-24,601318,13:37:26,64.7200,5,1
2026-02-24,601318,13:37:29,64.7100,29,2
2026-02-24,601318,13:37:32,64.7100,85,2
2026-02-24,601318,13:37:35,64.7100,51,2
2026-02-24,601318,13:37:38,64.7100,21,2
2026-02-24,601318,13:37:41,64.7100,33,2
2026-02-24,601318,13:37:44,64.7100,47,2
2026-02-24,601318,13:37:47,64.7200,34,1
2026-02-24,601318,13:37:50,64.7200,34,1
2026-02-24,601318,13:37:53,64.7200,452,1
2026-02-24,601318,13:37:56,64.7100,36,2
2026-02-24,601318,13:37:59,64.7200,84,1
2026-02-24,601318,13:38:02,64.7100,107,2
2026-02-24,601318,13:38:05,64.7200,121,1
2026-02-24,601318,13:38:08,64.7200,91,1
2026-02-24,601318,13:38:11,64.7200,81,1
2026-02-24,601318,13:38:14,64.7200,40,1
2026-02-24,601318,13:38:17,64.7100,18,2
2026-02-24,601318,13:38:20,64.7100,57,2
2026-02-24,601318,13:38:23,64.7100,80,2
2026-02-24,601318,13:38:26,64.7100,52,2
2026-02-24,601318,13:38:29,64.7000,339,2
2026-02-24,601318,13:38:32,64.7100,123,1
2026-02-24,601318,13:38:35,64.7000,16,2
2026-02-24,601318,13:38:38,64.7000,151,2
2026-02-24,601318,13:38:41,64.7000,118,2
2026-02-24,601318,13:38:44,64.7100,29,1
2026-02-24,601318,13:38:47,64.7100,39,1
2026-02-24,601318,13:38:50,64.7100,75,1
2026-02-24,601318,13:38:53,64.7200,31,1
2026-02-24,601318,13:38:56,64.7100,29,2
2026-02-24,601318,13:38:59,64.7100,24,4
2026-02-24,601318,13:39:02,64.7100,59,2
2026-02-24,601318,13:39:05,64.7100,72,1
2026-02-24,601318,13:39:08,64.7100,182,1
2026-02-24,601318,13:39:11,64.7000,60,2
2026-02-24,601318,13:39:14,64.7100,28,1
2026-02-24,601318,13:39:17,64.7200,40,1
2026-02-24,601318,13:39:20,64.7100,21,2
2026-02-24,601318,13:39:23,64.7100,50,2
2026-02-24,601318,13:39:26,64.7100,61,2
2026-02-24,601318,13:39:29,64.7100,54,2
2026-02-24,601318,13:39:32,64.7100,52,2
2026-02-24,601318,13:39:35,64.7200,119,1
2026-02-24,601318,13:39:38,64.7200,171,1
2026-02-24,601318,13:39:41,64.7200,19,2
2026-02-24,601318,13:39:44,64.7200,25,2
2026-02-24,601318,13:39:47,64.7300,135,1
2026-02-24,601318,13:39:50,64.7300,5,1
2026-02-24,601318,13:39:53,64.7300,31,1
2026-02-24,601318,13:39:56,64.7200,41,2
2026-02-24,601318,13:39:59,64.7200,82,2
2026-02-24,601318,13:40:02,64.7300,72,1
2026-02-24,601318,13:40:05,64.7300,160,1
2026-02-24,601318,13:40:08,64.7100,109,2
2026-02-24,601318,13:40:11,64.7000,208,2
2026-02-24,601318,13:40:14,64.7000,109,2
2026-02-24,601318,13:40:17,64.6800,1468,2
2026-02-24,601318,13:40:20,64.6800,105,2
2026-02-24,601318,13:40:23,64.6900,47,1
2026-02-24,601318,13:40:26,64.6800,140,2
2026-02-24,601318,13:40:29,64.7000,135,1
2026-02-24,601318,13:40:32,64.6800,246,2
2026-02-24,601318,13:40:35,64.6900,181,1
2026-02-24,601318,13:40:38,64.6900,49,1
2026-02-24,601318,13:40:41,64.6800,133,2
2026-02-24,601318,13:40:44,64.6800,222,2
2026-02-24,601318,13:40:47,64.6900,47,2
2026-02-24,601318,13:40:50,64.6900,1,2
2026-02-24,601318,13:40:53,64.7000,107,1
2026-02-24,601318,13:40:56,64.7000,73,1
2026-02-24,601318,13:40:59,64.6900,14,1
2026-02-24,601318,13:41:02,64.7000,63,1
2026-02-24,601318,13:41:05,64.7000,89,1
2026-02-24,601318,13:41:08,64.7200,177,1
2026-02-24,601318,13:41:11,64.7200,168,1
2026-02-24,601318,13:41:14,64.7200,87,1
2026-02-24,601318,13:41:17,64.7200,27,1
2026-02-24,601318,13:41:20,64.7200,42,1
2026-02-24,601318,13:41:23,64.7100,91,2
2026-02-24,601318,13:41:26,64.7100,66,2
2026-02-24,601318,13:41:29,64.7100,40,2
2026-02-24,601318,13:41:32,64.7000,78,2
2026-02-24,601318,13:41:35,64.6900,120,2
2026-02-24,601318,13:41:38,64.7000,153,1
2026-02-24,601318,13:41:41,64.6800,337,2
2026-02-24,601318,13:41:44,64.6800,133,1
2026-02-24,601318,13:41:47,64.6800,125,1
2026-02-24,601318,13:41:50,64.6600,119,2
2026-02-24,601318,13:41:53,64.6600,78,2
2026-02-24,601318,13:41:56,64.6600,100,2
2026-02-24,601318,13:41:59,64.6700,62,1
2026-02-24,601318,13:42:02,64.6600,252,2
2026-02-24,601318,13:42:05,64.6600,2,2
2026-02-24,601318,13:42:08,64.6700,23,1
2026-02-24,601318,13:42:11,64.6600,119,2
2026-02-24,601318,13:42:14,64.6700,27,1
2026-02-24,601318,13:42:17,64.6700,261,1
2026-02-24,601318,13:42:20,64.6600,47,2
2026-02-24,601318,13:42:23,64.6600,60,2
2026-02-24,601318,13:42:26,64.6600,171,2
2026-02-24,601318,13:42:29,64.6600,46,1
2026-02-24,601318,13:42:32,64.6500,152,2
2026-02-24,601318,13:42:35,64.6500,14,2
2026-02-24,601318,13:42:38,64.6700,561,1
2026-02-24,601318,13:42:41,64.6800,407,1
2026-02-24,601318,13:42:44,64.6800,120,1
2026-02-24,601318,13:42:47,64.6800,69,1
2026-02-24,601318,13:42:50,64.6800,41,1
2026-02-24,601318,13:42:53,64.6800,35,2
2026-02-24,601318,13:42:56,64.6800,27,2
2026-02-24,601318,13:42:59,64.7000,258,1
2026-02-24,601318,13:43:02,64.7100,29,1
2026-02-24,601318,13:43:05,64.7100,137,1
2026-02-24,601318,13:43:08,64.7000,635,2
2026-02-24,601318,13:43:11,64.6900,92,2
2026-02-24,601318,13:43:14,64.7000,57,1
2026-02-24,601318,13:43:17,64.7000,16,1
2026-02-24,601318,13:43:20,64.7000,271,1
2026-02-24,601318,13:43:23,64.7000,187,1
2026-02-24,601318,13:43:26,64.7000,128,1
2026-02-24,601318,13:43:29,64.6900,156,2
2026-02-24,601318,13:43:32,64.6900,54,1
2026-02-24,601318,13:43:35,64.6800,10,2
2026-02-24,601318,13:43:38,64.6800,79,2
2026-02-24,601318,13:43:41,64.6900,29,1
2026-02-24,601318,13:43:44,64.6900,28,1
2026-02-24,601318,13:43:47,64.6900,39,1
2026-02-24,601318,13:43:50,64.6900,66,1
2026-02-24,601318,13:43:53,64.7000,62,1
2026-02-24,601318,13:43:56,64.7000,8,4
2026-02-24,601318,13:43:59,64.6900,10,2
2026-02-24,601318,13:44:02,64.7100,131,1
2026-02-24,601318,13:44:05,64.7100,5,2
2026-02-24,601318,13:44:08,64.7000,158,2
2026-02-24,601318,13:44:11,64.7300,173,1
2026-02-24,601318,13:44:14,64.7300,80,1
2026-02-24,601318,13:44:17,64.7300,23,1
2026-02-24,601318,13:44:20,64.7300,68,1
2026-02-24,601318,13:44:23,64.7200,8,4
2026-02-24,601318,13:44:26,64.7200,16,4
2026-02-24,601318,13:44:29,64.7200,80,2
2026-02-24,601318,13:44:32,64.7300,56,1
2026-02-24,601318,13:44:35,64.7300,32,1
2026-02-24,601318,13:44:38,64.7300,57,1
2026-02-24,601318,13:44:41,64.7300,67,2
2026-02-24,601318,13:44:44,64.7300,15,4
2026-02-24,601318,13:44:47,64.7500,148,1
2026-02-24,601318,13:44:50,64.7500,23,1
2026-02-24,601318,13:44:53,64.7400,53,2
2026-02-24,601318,13:44:56,64.7300,36,2
2026-02-24,601318,13:44:59,64.7400,168,1
2026-02-24,601318,13:45:02,64.7200,99,2
2026-02-24,601318,13:45:05,64.7300,38,2
2026-02-24,601318,13:45:08,64.7300,22,4
2026-02-24,601318,13:45:11,64.7300,27,2
2026-02-24,601318,13:45:14,64.7400,46,1
2026-02-24,601318,13:45:17,64.7300,80,2
2026-02-24,601318,13:45:20,64.7200,105,2
2026-02-24,601318,13:45:23,64.7300,195,2
2026-02-24,601318,13:45:26,64.7200,98,2
2026-02-24,601318,13:45:29,64.7300,160,1
2026-02-24,601318,13:45:32,64.7300,41,1
2026-02-24,601318,13:45:35,64.7300,45,1
2026-02-24,601318,13:45:38,64.7300,39,1
2026-02-24,601318,13:45:41,64.7400,7,4
2026-02-24,601318,13:45:44,64.7300,9,2
2026-02-24,601318,13:45:47,64.7400,33,1
2026-02-24,601318,13:45:50,64.7400,73,1
2026-02-24,601318,13:45:53,64.7400,48,4
2026-02-24,601318,13:45:56,64.7400,79,1
2026-02-24,601318,13:45:59,64.7300,142,2
2026-02-24,601318,13:46:02,64.7400,22,2
2026-02-24,601318,13:46:05,64.7300,48,2
2026-02-24,601318,13:46:08,64.7300,20,2
2026-02-24,601318,13:46:11,64.7300,112,2
2026-02-24,601318,13:46:14,64.7300,200,1
2026-02-24,601318,13:46:17,64.7300,11,1
2026-02-24,601318,13:46:20,64.7300,10,1
2026-02-24,601318,13:46:23,64.7300,31,2
2026-02-24,601318,13:46:26,64.7300,24,2
2026-02-24,601318,13:46:29,64.7300,20,4
2026-02-24,601318,13:46:32,64.7300,63,1
2026-02-24,601318,13:46:35,64.7300,76,1
2026-02-24,601318,13:46:38,64.7300,57,2
2026-02-24,601318,13:46:41,64.7300,58,2
2026-02-24,601318,13:46:44,64.7300,116,2
2026-02-24,601318,13:46:47,64.7600,27,1
2026-02-24,601318,13:46:50,64.7600,19,1
2026-02-24,601318,13:46:53,64.7500,31,4
2026-02-24,601318,13:46:56,64.7500,7,1
2026-02-24,601318,13:46:59,64.7600,103,1
2026-02-24,601318,13:47:02,64.7300,61,2
2026-02-24,601318,13:47:05,64.7300,89,2
2026-02-24,601318,13:47:08,64.7300,160,1
2026-02-24,601318,13:47:11,64.7000,39,2
2026-02-24,601318,13:47:14,64.7300,38,1
2026-02-24,601318,13:47:17,64.7200,12,2
2026-02-24,601318,13:47:20,64.7200,22,2
2026-02-24,601318,13:47:23,64.7300,70,1
2026-02-24,601318,13:47:26,64.7100,79,2
2026-02-24,601318,13:47:29,64.7100,85,2
2026-02-24,601318,13:47:32,64.7100,166,2
2026-02-24,601318,13:47:35,64.7100,34,2
2026-02-24,601318,13:47:38,64.7100,237,2
2026-02-24,601318,13:47:41,64.7200,116,1
2026-02-24,601318,13:47:44,64.7300,146,1
2026-02-24,601318,13:47:47,64.7200,38,2
2026-02-24,601318,13:47:50,64.7300,41,1
2026-02-24,601318,13:47:53,64.7300,63,1
2026-02-24,601318,13:47:56,64.7300,73,1
2026-02-24,601318,13:47:59,64.7200,127,2
2026-02-24,601318,13:48:02,64.7200,102,2
2026-02-24,601318,13:48:05,64.7200,21,1
2026-02-24,601318,13:48:08,64.7100,73,2
2026-02-24,601318,13:48:11,64.7100,63,2
2026-02-24,601318,13:48:14,64.7200,106,1
2026-02-24,601318,13:48:17,64.7200,51,1
2026-02-24,601318,13:48:20,64.7200,33,1
2026-02-24,601318,13:48:23,64.7300,317,1
2026-02-24,601318,13:48:26,64.7300,60,2
2026-02-24,601318,13:48:29,64.7100,107,2
2026-02-24,601318,13:48:32,64.7100,72,1
2026-02-24,601318,13:48:35,64.7100,15,1
2026-02-24,601318,13:48:38,64.7100,56,1
2026-02-24,601318,13:48:41,64.7100,26,2
2026-02-24,601318,13:48:44,64.7200,20,1
2026-02-24,601318,13:48:47,64.7100,110,2
2026-02-24,601318,13:48:50,64.7000,48,2
2026-02-24,601318,13:48:53,64.7000,95,2
2026-02-24,601318,13:48:56,64.7000,124,2
2026-02-24,601318,13:48:59,64.7100,209,1
2026-02-24,601318,13:49:02,64.6700,633,2
2026-02-24,601318,13:49:05,64.6600,292,2
2026-02-24,601318,13:49:08,64.6600,129,2
2026-02-24,601318,13:49:11,64.6500,161,2
2026-02-24,601318,13:49:14,64.6800,53,1
2026-02-24,601318,13:49:17,64.6800,185,1
2026-02-24,601318,13:49:20,64.6700,17,2
2026-02-24,601318,13:49:23,64.6700,74,2
2026-02-24,601318,13:49:26,64.6700,209,2
2026-02-24,601318,13:49:29,64.6600,109,4
2026-02-24,601318,13:49:32,64.6600,152,1
2026-02-24,601318,13:49:35,64.6700,96,1
2026-02-24,601318,13:49:38,64.6600,107,2
2026-02-24,601318,13:49:41,64.6600,82,1
2026-02-24,601318,13:49:44,64.6600,431,1
2026-02-24,601318,13:49:47,64.6600,363,1
2026-02-24,601318,13:49:50,64.6500,142,4
2026-02-24,601318,13:49:53,64.6600,184,1
2026-02-24,601318,13:49:56,64.6400,253,2
2026-02-24,601318,13:49:59,64.6400,113,2
2026-02-24,601318,13:50:02,64.6600,172,1
2026-02-24,601318,13:50:05,64.6600,90,1
2026-02-24,601318,13:50:08,64.6500,97,2
2026-02-24,601318,13:50:11,64.6500,288,1
2026-02-24,601318,13:50:14,64.6500,213,1
2026-02-24,601318,13:50:17,64.6500,241,1
2026-02-24,601318,13:50:20,64.6500,47,2
2026-02-24,601318,13:50:23,64.6500,38,2
2026-02-24,601318,13:50:26,64.6500,109,2
2026-02-24,601318,13:50:29,64.6500,246,2
2026-02-24,601318,13:50:32,64.6500,167,2
2026-02-24,601318,13:50:35,64.6400,46,2
2026-02-24,601318,13:50:38,64.6500,97,1
2026-02-24,601318,13:50:41,64.6500,57,1
2026-02-24,601318,13:50:44,64.6500,42,1
2026-02-24,601318,13:50:47,64.6500,36,1
2026-02-24,601318,13:50:50,64.6400,49,2
2026-02-24,601318,13:50:53,64.6500,114,1
2026-02-24,601318,13:50:56,64.6400,137,2
2026-02-24,601318,13:50:59,64.6400,290,2
2026-02-24,601318,13:51:02,64.6400,92,2
2026-02-24,601318,13:51:05,64.6400,186,2
2026-02-24,601318,13:51:08,64.6400,143,2
2026-02-24,601318,13:51:11,64.6400,89,2
2026-02-24,601318,13:51:14,64.6500,187,1
2026-02-24,601318,13:51:17,64.6400,76,2
2026-02-24,601318,13:51:20,64.6400,108,2
2026-02-24,601318,13:51:23,64.6400,724,1
2026-02-24,601318,13:51:26,64.6300,189,2
2026-02-24,601318,13:51:29,64.6300,482,2
2026-02-24,601318,13:51:32,64.6200,391,2
2026-02-24,601318,13:51:35,64.6300,39,1
2026-02-24,601318,13:51:38,64.6300,44,1
2026-02-24,601318,13:51:41,64.6300,144,1
2026-02-24,601318,13:51:44,64.6100,175,2
2026-02-24,601318,13:51:47,64.6100,52,2
2026-02-24,601318,13:51:50,64.6200,50,1
2026-02-24,601318,13:51:53,64.6100,63,2
2026-02-24,601318,13:51:56,64.6100,37,2
2026-02-24,601318,13:51:59,64.6100,100,2
2026-02-24,601318,13:52:02,64.6100,69,2
2026-02-24,601318,13:52:05,64.6100,65,2
2026-02-24,601318,13:52:08,64.6100,85,2
2026-02-24,601318,13:52:11,64.6100,373,2
2026-02-24,601318,13:52:14,64.6200,157,1
2026-02-24,601318,13:52:17,64.6100,126,2
2026-02-24,601318,13:52:20,64.6200,65,1
2026-02-24,601318,13:52:23,64.6100,59,2
2026-02-24,601318,13:52:26,64.6200,32,1
2026-02-24,601318,13:52:29,64.6100,239,2
2026-02-24,601318,13:52:32,64.6100,121,2
2026-02-24,601318,13:52:35,64.6100,138,2
2026-02-24,601318,13:52:38,64.6100,95,1
2026-02-24,601318,13:52:41,64.6100,125,1
2026-02-24,601318,13:52:44,64.6100,194,1
2026-02-24,601318,13:52:47,64.6000,125,2
2026-02-24,601318,13:52:50,64.6100,104,1
2026-02-24,601318,13:52:53,64.6000,659,2
2026-02-24,601318,13:52:56,64.6000,162,2
2026-02-24,601318,13:52:59,64.6100,100,1
2026-02-24,601318,13:53:02,64.6000,259,2
2026-02-24,601318,13:53:05,64.6000,257,2
2026-02-24,601318,13:53:08,64.5400,6146,2
2026-02-24,601318,13:53:11,64.5000,725,2
2026-02-24,601318,13:53:14,64.5400,1827,1
2026-02-24,601318,13:53:17,64.5100,345,2
2026-02-24,601318,13:53:20,64.5400,676,1
2026-02-24,601318,13:53:23,64.5500,145,1
2026-02-24,601318,13:53:26,64.5500,24,1
2026-02-24,601318,13:53:29,64.5100,23,2
2026-02-24,601318,13:53:32,64.5200,76,2
2026-02-24,601318,13:53:35,64.5100,169,2
2026-02-24,601318,13:53:38,64.5200,57,2
2026-02-24,601318,13:53:41,64.5100,336,2
2026-02-24,601318,13:53:44,64.5100,105,2
2026-02-24,601318,13:53:47,64.5100,224,2
2026-02-24,601318,13:53:50,64.5400,80,1
2026-02-24,601318,13:53:53,64.5200,133,2
2026-02-24,601318,13:53:56,64.5200,52,2
2026-02-24,601318,13:53:59,64.5200,44,2
2026-02-24,601318,13:54:02,64.5200,143,1
2026-02-24,601318,13:54:05,64.5300,120,1
2026-02-24,601318,13:54:08,64.5200,105,2
2026-02-24,601318,13:54:11,64.5300,195,1
2026-02-24,601318,13:54:14,64.5300,29,2
2026-02-24,601318,13:54:17,64.5200,110,2
2026-02-24,601318,13:54:20,64.5200,72,2
2026-02-24,601318,13:54:23,64.5200,43,2
2026-02-24,601318,13:54:26,64.5200,29,2
2026-02-24,601318,13:54:29,64.5300,40,4
2026-02-24,601318,13:54:32,64.5200,72,2
2026-02-24,601318,13:54:35,64.5300,139,1
2026-02-24,601318,13:54:38,64.5300,39,2
2026-02-24,601318,13:54:41,64.5300,47,2
2026-02-24,601318,13:54:44,64.5400,365,1
2026-02-24,601318,13:54:47,64.5500,75,1
2026-02-24,601318,13:54:50,64.5500,150,1
2026-02-24,601318,13:54:53,64.5500,40,1
2026-02-24,601318,13:54:56,64.5500,75,1
2026-02-24,601318,13:54:59,64.5500,89,1
2026-02-24,601318,13:55:02,64.5500,68,1
2026-02-24,601318,13:55:05,64.5300,257,2
2026-02-24,601318,13:55:08,64.5500,30,2
2026-02-24,601318,13:55:11,64.5400,48,2
2026-02-24,601318,13:55:14,64.5400,144,2
2026-02-24,601318,13:55:17,64.5500,76,2
2026-02-24,601318,13:55:20,64.5500,34,4
2026-02-24,601318,13:55:23,64.5500,135,1
2026-02-24,601318,13:55:26,64.5400,137,2
2026-02-24,601318,13:55:29,64.5400,71,2
2026-02-24,601318,13:55:32,64.5400,120,2
2026-02-24,601318,13:55:35,64.5500,82,1
2026-02-24,601318,13:55:38,64.5500,127,1
2026-02-24,601318,13:55:41,64.5500,81,1
2026-02-24,601318,13:55:44,64.5400,367,2
2026-02-24,601318,13:55:47,64.5400,125,1
2026-02-24,601318,13:55:50,64.5300,216,2
2026-02-24,601318,13:55:53,64.5200,132,2
2026-02-24,601318,13:55:56,64.5200,190,2
2026-02-24,601318,13:55:59,64.5300,196,1
2026-02-24,601318,13:56:02,64.5300,98,1
2026-02-24,601318,13:56:05,64.5300,109,1
2026-02-24,601318,13:56:08,64.5300,91,1
2026-02-24,601318,13:56:11,64.5300,59,2
2026-02-24,601318,13:56:14,64.5200,167,2
2026-02-24,601318,13:56:17,64.5400,237,1
2026-02-24,601318,13:56:20,64.5400,35,2
2026-02-24,601318,13:56:23,64.5300,210,2
2026-02-24,601318,13:56:26,64.5400,93,1
2026-02-24,601318,13:56:29,64.5400,221,1
2026-02-24,601318,13:56:32,64.5300,163,2
2026-02-24,601318,13:56:35,64.5400,148,2
2026-02-24,601318,13:56:38,64.5400,125,2
2026-02-24,601318,13:56:41,64.5400,15,2
2026-02-24,601318,13:56:44,64.5500,117,1
2026-02-24,601318,13:56:47,64.5500,61,1
2026-02-24,601318,13:56:50,64.5400,177,2
2026-02-24,601318,13:56:53,64.5500,109,1
2026-02-24,601318,13:56:56,64.5400,28,2
2026-02-24,601318,13:56:59,64.5500,81,1
2026-02-24,601318,13:57:02,64.5500,47,1
2026-02-24,601318,13:57:05,64.5500,149,1
2026-02-24,601318,13:57:08,64.5400,58,2
2026-02-24,601318,13:57:11,64.5400,125,2
2026-02-24,601318,13:57:14,64.5500,212,1
2026-02-24,601318,13:57:17,64.5400,98,2
2026-02-24,601318,13:57:20,64.5500,21,1
2026-02-24,601318,13:57:23,64.5500,34,1
2026-02-24,601318,13:57:26,64.5500,153,1
2026-02-24,601318,13:57:29,64.5500,207,1
2026-02-24,601318,13:57:32,64.5300,403,2
2026-02-24,601318,13:57:35,64.5200,522,2
2026-02-24,601318,13:57:38,64.5200,429,2
2026-02-24,601318,13:57:41,64.5200,302,1
2026-02-24,601318,13:57:44,64.5100,288,2
2026-02-24,601318,13:57:47,64.5100,82,2
2026-02-24,601318,13:57:50,64.5100,273,2
2026-02-24,601318,13:57:53,64.5100,180,2
2026-02-24,601318,13:57:56,64.5100,336,2
2026-02-24,601318,13:57:59,64.5000,297,2
2026-02-24,601318,13:58:02,64.5100,243,1
2026-02-24,601318,13:58:05,64.5100,251,1
2026-02-24,601318,13:58:08,64.5100,222,1
2026-02-24,601318,13:58:11,64.5000,123,2
2026-02-24,601318,13:58:14,64.5100,116,1
2026-02-24,601318,13:58:17,64.5300,1008,1
2026-02-24,601318,13:58:20,64.5100,238,2
2026-02-24,601318,13:58:23,64.5200,56,1
2026-02-24,601318,13:58:26,64.5200,248,2
2026-02-24,601318,13:58:29,64.5400,138,1
2026-02-24,601318,13:58:32,64.5300,78,4
2026-02-24,601318,13:58:35,64.5400,274,1
2026-02-24,601318,13:58:38,64.5300,21,2
2026-02-24,601318,13:58:41,64.5300,37,2
2026-02-24,601318,13:58:44,64.5400,40,1
2026-02-24,601318,13:58:47,64.5300,128,4
2026-02-24,601318,13:58:50,64.5300,73,2
2026-02-24,601318,13:58:53,64.5300,49,2
2026-02-24,601318,13:58:56,64.5300,49,2
2026-02-24,601318,13:58:59,64.5300,29,2
2026-02-24,601318,13:59:02,64.5600,343,1
2026-02-24,601318,13:59:05,64.5500,65,2
2026-02-24,601318,13:59:08,64.5700,47,1
2026-02-24,601318,13:59:11,64.5500,38,2
2026-02-24,601318,13:59:14,64.5600,40,1
2026-02-24,601318,13:59:17,64.5600,51,2
2026-02-24,601318,13:59:20,64.5400,50,2
2026-02-24,601318,13:59:23,64.5500,38,1
2026-02-24,601318,13:59:26,64.5400,235,2
2026-02-24,601318,13:59:29,64.5600,49,1
2026-02-24,601318,13:59:32,64.5400,70,2
2026-02-24,601318,13:59:35,64.5500,137,4
2026-02-24,601318,13:59:38,64.5500,120,1
2026-02-24,601318,13:59:41,64.5400,116,2
2026-02-24,601318,13:59:44,64.5400,192,2
2026-02-24,601318,13:59:47,64.5600,158,1
2026-02-24,601318,13:59:50,64.5500,85,2
2026-02-24,601318,13:59:53,64.5500,133,1
2026-02-24,601318,13:59:56,64.5400,138,2
2026-02-24,601318,13:59:59,64.5400,80,2
2026-02-24,601318,14:00:02,64.5400,91,1
2026-02-24,601318,14:00:05,64.5400,76,1
2026-02-24,601318,14:00:08,64.5300,120,2
2026-02-24,601318,14:00:11,64.5400,82,1
2026-02-24,601318,14:00:14,64.5300,86,2
2026-02-24,601318,14:00:17,64.5300,135,2
2026-02-24,601318,14:00:20,64.5300,138,1
2026-02-24,601318,14:00:23,64.5200,52,2
2026-02-24,601318,14:00:26,64.5200,48,2
2026-02-24,601318,14:00:29,64.5100,54,2
2026-02-24,601318,14:00:32,64.5200,155,1
2026-02-24,601318,14:00:35,64.5100,137,2
2026-02-24,601318,14:00:38,64.5100,88,2
2026-02-24,601318,14:00:41,64.5100,175,2
2026-02-24,601318,14:00:44,64.5100,317,2
2026-02-24,601318,14:00:47,64.5100,327,2
2026-02-24,601318,14:00:50,64.5100,290,2
2026-02-24,601318,14:00:53,64.5100,154,2
2026-02-24,601318,14:00:56,64.5200,80,1
2026-02-24,601318,14:00:59,64.5200,32,1
2026-02-24,601318,14:01:02,64.5100,185,2
2026-02-24,601318,14:01:05,64.5000,138,2
2026-02-24,601318,14:01:08,64.5100,105,1
2026-02-24,601318,14:01:11,64.5100,84,1
2026-02-24,601318,14:01:14,64.5000,135,2
2026-02-24,601318,14:01:17,64.5000,130,2
2026-02-24,601318,14:01:20,64.5000,177,2
2026-02-24,601318,14:01:23,64.5100,136,1
2026-02-24,601318,14:01:26,64.5000,226,2
2026-02-24,601318,14:01:29,64.5100,421,1
2026-02-24,601318,14:01:32,64.4700,3750,2
2026-02-24,601318,14:01:35,64.4700,1127,1
2026-02-24,601318,14:01:38,64.4600,418,1
2026-02-24,601318,14:01:41,64.4400,114,2
2026-02-24,601318,14:01:44,64.4400,105,1
2026-02-24,601318,14:01:47,64.4300,243,2
2026-02-24,601318,14:01:50,64.4200,94,2
2026-02-24,601318,14:01:53,64.4100,538,2
2026-02-24,601318,14:01:56,64.4000,830,2
2026-02-24,601318,14:01:59,64.3900,693,2
2026-02-24,601318,14:02:02,64.4000,881,1
2026-02-24,601318,14:02:05,64.4200,1064,1
2026-02-24,601318,14:02:08,64.4200,397,1
2026-02-24,601318,14:02:11,64.4100,124,4
2026-02-24,601318,14:02:14,64.4100,375,1
2026-02-24,601318,14:02:17,64.4000,357,2
2026-02-24,601318,14:02:20,64.3900,326,2
2026-02-24,601318,14:02:23,64.3800,61,2
2026-02-24,601318,14:02:26,64.3900,212,1
2026-02-24,601318,14:02:29,64.3900,397,1
2026-02-24,601318,14:02:32,64.3800,573,2
2026-02-24,601318,14:02:35,64.3900,98,2
2026-02-24,601318,14:02:38,64.4000,107,1
2026-02-24,601318,14:02:41,64.4100,636,1
2026-02-24,601318,14:02:44,64.4300,934,1
2026-02-24,601318,14:02:47,64.4100,158,1
2026-02-24,601318,14:02:50,64.4300,28,1
2026-02-24,601318,14:02:53,64.4300,97,1
2026-02-24,601318,14:02:56,64.4300,40,1
2026-02-24,601318,14:02:59,64.4000,354,2
2026-02-24,601318,14:03:02,64.4300,76,1
2026-02-24,601318,14:03:05,64.4300,33,1
2026-02-24,601318,14:03:08,64.4300,217,1
2026-02-24,601318,14:03:11,64.4100,303,2
2026-02-24,601318,14:03:14,64.4500,337,1
2026-02-24,601318,14:03:17,64.4900,256,1
2026-02-24,601318,14:03:20,64.4200,72,2
2026-02-24,601318,14:03:23,64.4700,383,1
2026-02-24,601318,14:03:26,64.4200,282,2
2026-02-24,601318,14:03:29,64.4700,47,1
2026-02-24,601318,14:03:32,64.4700,71,1
2026-02-24,601318,14:03:35,64.4600,14,2
2026-02-24,601318,14:03:38,64.4600,70,2
2026-02-24,601318,14:03:41,64.4500,104,2
2026-02-24,601318,14:03:44,64.4600,159,1
2026-02-24,601318,14:03:47,64.4700,122,1
2026-02-24,601318,14:03:50,64.4600,520,2
2026-02-24,601318,14:03:53,64.4700,63,1
2026-02-24,601318,14:03:56,64.4700,28,1
2026-02-24,601318,14:03:59,64.4700,37,1
2026-02-24,601318,14:04:02,64.4700,185,1
2026-02-24,601318,14:04:05,64.4600,64,2
2026-02-24,601318,14:04:08,64.4700,211,1
2026-02-24,601318,14:04:11,64.4500,67,2
2026-02-24,601318,14:04:14,64.4600,76,1
2026-02-24,601318,14:04:17,64.4600,116,1
2026-02-24,601318,14:04:20,64.4700,54,1
2026-02-24,601318,14:04:23,64.4600,24,1
2026-02-24,601318,14:04:26,64.4600,51,1
2026-02-24,601318,14:04:29,64.4600,80,2
2026-02-24,601318,14:04:32,64.4500,97,2
2026-02-24,601318,14:04:35,64.4700,356,1
2026-02-24,601318,14:04:38,64.4800,50,1
2026-02-24,601318,14:04:41,64.4900,212,1
2026-02-24,601318,14:04:44,64.4900,200,1
2026-02-24,601318,14:04:47,64.4600,296,2
2026-02-24,601318,14:04:50,64.4700,143,4
2026-02-24,601318,14:04:53,64.4700,145,1
2026-02-24,601318,14:04:56,64.4700,62,1
2026-02-24,601318,14:04:59,64.4500,135,2
2026-02-24,601318,14:05:02,64.4700,87,1
2026-02-24,601318,14:05:05,64.4600,150,4
2026-02-24,601318,14:05:08,64.4600,43,2
2026-02-24,601318,14:05:11,64.4500,49,2
2026-02-24,601318,14:05:14,64.4700,141,1
2026-02-24,601318,14:05:17,64.4600,160,2
2026-02-24,601318,14:05:20,64.4600,97,1
2026-02-24,601318,14:05:23,64.4600,173,1
2026-02-24,601318,14:05:26,64.4500,41,2
2026-02-24,601318,14:05:29,64.4600,44,1
2026-02-24,601318,14:05:32,64.4400,106,2
2026-02-24,601318,14:05:35,64.4400,43,2
2026-02-24,601318,14:05:38,64.4400,37,2
2026-02-24,601318,14:05:41,64.4500,73,1
2026-02-24,601318,14:05:44,64.4500,85,1
2026-02-24,601318,14:05:47,64.4400,197,2
2026-02-24,601318,14:05:50,64.4400,87,1
2026-02-24,601318,14:05:53,64.4400,173,1
2026-02-24,601318,14:05:56,64.4300,72,2
2026-02-24,601318,14:05:59,64.4500,148,1
2026-02-24,601318,14:06:02,64.4400,45,2
2026-02-24,601318,14:06:05,64.4500,47,1
2026-02-24,601318,14:06:08,64.4400,36,1
2026-02-24,601318,14:06:11,64.4500,82,1
2026-02-24,601318,14:06:14,64.4400,183,1
2026-02-24,601318,14:06:17,64.4300,123,2
2026-02-24,601318,14:06:20,64.4300,119,2
2026-02-24,601318,14:06:23,64.4300,137,2
2026-02-24,601318,14:06:26,64.4300,124,1
2026-02-24,601318,14:06:29,64.4200,60,2
2026-02-24,601318,14:06:32,64.4300,523,2
2026-02-24,601318,14:06:35,64.4300,291,1
2026-02-24,601318,14:06:38,64.4300,197,1
2026-02-24,601318,14:06:41,64.4300,374,2
2026-02-24,601318,14:06:44,64.4300,61,2
2026-02-24,601318,14:06:47,64.4300,190,2
2026-02-24,601318,14:06:50,64.4300,148,2
2026-02-24,601318,14:06:53,64.4100,123,2
2026-02-24,601318,14:06:56,64.4200,105,1
2026-02-24,601318,14:06:59,64.4200,125,1
2026-02-24,601318,14:07:02,64.4200,84,1
2026-02-24,601318,10:56:35,64.9900,73,1
2026-02-24,601318,10:56:38,64.9800,36,2
2026-02-24,601318,10:56:41,64.9900,41,1
2026-02-24,601318,10:56:44,64.9900,38,1
2026-02-24,601318,10:56:47,64.9800,23,2
2026-02-24,601318,10:56:50,64.9900,13,1
2026-02-24,601318,10:56:53,64.9900,69,1
2026-02-24,601318,10:56:56,64.9800,8,2
2026-02-24,601318,10:56:59,64.9800,107,2
2026-02-24,601318,10:57:02,64.9900,184,1
2026-02-24,601318,10:57:05,64.9800,175,2
2026-02-24,601318,10:57:08,64.9800,185,2
2026-02-24,601318,10:57:11,64.9800,58,1
2026-02-24,601318,10:57:14,64.9800,142,1
2026-02-24,601318,10:57:17,64.9800,145,1
2026-02-24,601318,10:57:20,64.9800,84,1
2026-02-24,601318,10:57:23,64.9800,83,1
2026-02-24,601318,10:57:26,64.9900,134,1
2026-02-24,601318,10:57:29,64.9900,10,1
2026-02-24,601318,10:57:32,64.9900,147,1
2026-02-24,601318,10:57:35,64.9900,112,1
2026-02-24,601318,10:57:38,64.9900,63,1
2026-02-24,601318,10:57:41,64.9800,81,2
2026-02-24,601318,10:57:44,64.9900,104,1
2026-02-24,601318,10:57:47,64.9900,1,1
2026-02-24,601318,10:57:50,64.9900,15,1
2026-02-24,601318,10:57:53,64.9900,107,1
2026-02-24,601318,10:57:56,64.9800,202,2
2026-02-24,601318,10:57:59,64.9900,215,4
2026-02-24,601318,10:58:02,64.9900,91,1
2026-02-24,601318,10:58:05,64.9900,5,1
2026-02-24,601318,10:58:08,64.9900,18,1
2026-02-24,601318,10:58:11,64.9900,37,1
2026-02-24,601318,10:58:14,64.9900,150,1
2026-02-24,601318,10:58:17,65.0000,5,1
2026-02-24,601318,10:58:20,65.0000,5,1
2026-02-24,601318,10:58:23,65.0000,16,1
2026-02-24,601318,10:58:26,65.0000,22,1
2026-02-24,601318,10:58:29,65.0000,11,1
2026-02-24,601318,10:58:32,65.0000,51,1
2026-02-24,601318,10:58:35,65.0000,92,1
2026-02-24,601318,10:58:38,65.0000,107,1
2026-02-24,601318,10:58:41,65.0100,98,1
2026-02-24,601318,10:58:44,65.0100,17,4
2026-02-24,601318,10:58:47,65.0200,39,1
2026-02-24,601318,10:58:50,65.0100,8,4
2026-02-24,601318,10:58:53,65.0200,24,1
2026-02-24,601318,10:58:56,65.0200,154,1
2026-02-24,601318,10:58:59,64.9900,538,2
2026-02-24,601318,10:59:02,65.0000,70,1
2026-02-24,601318,10:59:05,65.0000,284,1
2026-02-24,601318,10:59:08,65.0000,74,1
2026-02-24,601318,10:59:11,65.0000,27,1
2026-02-24,601318,10:59:14,64.9800,163,2
2026-02-24,601318,10:59:17,64.9900,47,1
2026-02-24,601318,10:59:20,65.0000,57,1
2026-02-24,601318,10:59:23,64.9900,140,2
2026-02-24,601318,10:59:26,64.9800,74,2
2026-02-24,601318,10:59:29,64.9900,363,1
2026-02-24,601318,10:59:32,64.9900,288,1
2026-02-24,601318,10:59:35,64.9800,432,2
2026-02-24,601318,10:59:38,64.9800,57,2
2026-02-24,601318,10:59:41,64.9800,71,2
2026-02-24,601318,10:59:44,64.9800,801,2
2026-02-24,601318,10:59:47,64.9800,123,2
2026-02-24,601318,10:59:50,64.9800,66,1
2026-02-24,601318,10:59:53,64.9700,23,2
2026-02-24,601318,10:59:56,64.9700,53,2
2026-02-24,601318,10:59:59,64.9700,140,2
2026-02-24,601318,11:00:02,64.9800,180,1
2026-02-24,601318,11:00:05,64.9800,93,1
2026-02-24,601318,11:00:08,64.9800,28,2
2026-02-24,601318,11:00:11,64.9700,279,2
2026-02-24,601318,11:00:14,64.9800,89,2
2026-02-24,601318,11:00:17,64.9800,4,2
2026-02-24,601318,11:00:20,64.9800,35,2
2026-02-24,601318,11:00:23,64.9800,125,2
2026-02-24,601318,11:00:26,64.9900,37,1
2026-02-24,601318,11:00:29,65.0000,249,1
2026-02-24,601318,11:00:32,64.9900,42,2
2026-02-24,601318,11:00:35,65.0000,150,1
2026-02-24,601318,11:00:38,65.0000,65,1
2026-02-24,601318,11:00:41,65.0000,25,2
2026-02-24,601318,11:00:44,65.0100,20,1
2026-02-24,601318,11:00:47,65.0100,38,1
2026-02-24,601318,11:00:50,65.0100,20,1
2026-02-24,601318,11:00:53,65.0100,53,1
2026-02-24,601318,11:00:56,65.0100,313,2
2026-02-24,601318,11:00:59,65.0200,87,1
2026-02-24,601318,11:01:02,65.0200,10,1
2026-02-24,601318,11:01:05,65.0200,64,1
2026-02-24,601318,11:01:08,65.0200,81,1
2026-02-24,601318,11:01:11,65.0200,27,2
2026-02-24,601318,11:01:14,65.0300,8,4
2026-02-24,601318,11:01:17,65.0400,30,1
2026-02-24,601318,11:01:20,65.0500,339,1
2026-02-24,601318,11:01:23,65.0500,84,2
2026-02-24,601318,11:01:26,65.0700,35,1
2026-02-24,601318,11:01:29,65.0500,34,2
2026-02-24,601318,11:01:32,65.0500,28,2
2026-02-24,601318,11:01:35,65.0500,190,2
2026-02-24,601318,11:01:38,65.0400,69,2
2026-02-24,601318,11:01:41,65.0400,51,1
2026-02-24,601318,11:01:44,65.0400,285,1
2026-02-24,601318,11:01:47,65.0400,52,2
2026-02-24,601318,11:01:50,65.0400,19,2
2026-02-24,601318,11:01:53,65.0400,8,2
2026-02-24,601318,11:01:56,65.0500,6,1
2026-02-24,601318,11:01:59,65.0400,35,2
2026-02-24,601318,11:02:02,65.0200,199,2
2026-02-24,601318,11:02:05,65.0300,52,1
2026-02-24,601318,11:02:08,65.0300,60,1
2026-02-24,601318,11:02:11,65.0300,14,1
2026-02-24,601318,11:02:14,65.0000,784,2
2026-02-24,601318,11:02:17,64.9900,132,2
2026-02-24,601318,11:02:20,64.9800,58,2
2026-02-24,601318,11:02:23,64.9900,4,4
2026-02-24,601318,11:02:26,64.9900,32,1
2026-02-24,601318,11:02:29,64.9900,34,1
2026-02-24,601318,11:02:32,64.9900,14,1
2026-02-24,601318,11:02:35,64.9900,10,1
2026-02-24,601318,11:02:38,64.9800,35,2
2026-02-24,601318,11:02:41,64.9900,29,1
2026-02-24,601318,11:02:44,64.9800,253,2
2026-02-24,601318,11:02:47,64.9800,34,2
2026-02-24,601318,11:02:50,64.9900,70,1
2026-02-24,601318,11:02:53,64.9900,30,1
2026-02-24,601318,11:02:56,64.9900,14,2
2026-02-24,601318,11:02:59,64.9900,29,2
2026-02-24,601318,11:03:02,64.9900,162,1
2026-02-24,601318,11:03:05,64.9900,34,1
2026-02-24,601318,11:03:08,65.0000,141,1
2026-02-24,601318,11:03:11,64.9900,163,2
2026-02-24,601318,11:03:14,64.9900,40,4
2026-02-24,601318,11:03:17,64.9800,22,2
2026-02-24,601318,11:03:20,64.9900,27,1
2026-02-24,601318,11:03:23,64.9900,17,1
2026-02-24,601318,11:03:26,64.9900,68,1
2026-02-24,601318,11:03:29,64.9900,19,1
2026-02-24,601318,11:03:32,64.9800,23,2
2026-02-24,601318,11:03:35,64.9900,72,1
2026-02-24,601318,11:03:38,64.9900,60,1
2026-02-24,601318,11:03:41,64.9900,61,1
2026-02-24,601318,11:03:44,64.9900,38,1
2026-02-24,601318,11:03:47,64.9900,38,1
2026-02-24,601318,11:03:50,65.0000,48,1
2026-02-24,601318,11:03:53,65.0000,10,1
2026-02-24,601318,11:03:56,65.0000,25,1
2026-02-24,601318,11:03:59,65.0000,352,1
2026-02-24,601318,11:04:02,65.0000,38,1
2026-02-24,601318,11:04:05,65.0000,69,1
2026-02-24,601318,11:04:08,65.0000,20,1
2026-02-24,601318,11:04:11,65.0100,151,1
2026-02-24,601318,11:04:14,65.0100,53,1
2026-02-24,601318,11:04:17,65.0100,68,1
2026-02-24,601318,11:04:20,65.0000,45,2
2026-02-24,601318,11:04:23,65.0000,92,2
2026-02-24,601318,11:04:26,65.0100,16,1
2026-02-24,601318,11:04:29,64.9900,234,2
2026-02-24,601318,11:04:32,64.9900,246,2
2026-02-24,601318,11:04:35,64.9900,264,1
2026-02-24,601318,11:04:38,64.9900,17,2
2026-02-24,601318,11:04:41,64.9900,65,2
2026-02-24,601318,11:04:44,64.9900,251,1
2026-02-24,601318,11:04:47,64.9800,99,2
2026-02-24,601318,11:04:50,65.0000,135,1
2026-02-24,601318,11:04:53,64.9900,1,2
2026-02-24,601318,11:04:59,64.9900,55,2
2026-02-24,601318,11:05:02,64.9900,26,1
2026-02-24,601318,11:05:05,64.9900,64,1
2026-02-24,601318,11:05:08,64.9800,82,2
2026-02-24,601318,11:05:11,64.9900,99,1
2026-02-24,601318,11:05:14,64.9800,137,2
2026-02-24,601318,11:05:17,64.9900,103,1
2026-02-24,601318,11:05:20,65.0000,19,1
2026-02-24,601318,11:05:23,64.9900,97,2
2026-02-24,601318,11:05:26,65.0000,35,1
2026-02-24,601318,11:05:29,65.0000,24,1
2026-02-24,601318,11:05:32,64.9900,12,2
2026-02-24,601318,11:05:35,64.9900,24,2
2026-02-24,601318,11:05:38,64.9900,49,2
2026-02-24,601318,11:05:41,64.9900,28,2
2026-02-24,601318,11:05:44,65.0000,135,1
2026-02-24,601318,11:05:47,65.0000,32,1
2026-02-24,601318,11:05:50,65.0000,148,1
2026-02-24,601318,11:05:53,65.0000,66,1
2026-02-24,601318,11:05:56,65.0000,11,1
2026-02-24,601318,11:05:59,65.0000,15,1
2026-02-24,601318,11:06:02,65.0000,26,1
2026-02-24,601318,11:06:05,64.9900,19,2
2026-02-24,601318,11:06:08,65.0000,20,1
2026-02-24,601318,11:06:11,64.9900,106,2
2026-02-24,601318,11:06:14,65.0000,4,4
2026-02-24,601318,11:06:17,65.0000,15,2
2026-02-24,601318,11:06:20,65.0100,4,1
2026-02-24,601318,11:06:23,65.0000,68,2
2026-02-24,601318,11:06:26,65.0000,16,1
2026-02-24,601318,11:06:29,64.9900,7,2
2026-02-24,601318,11:06:32,65.0000,63,1
2026-02-24,601318,11:06:35,65.0000,60,1
2026-02-24,601318,11:06:38,65.0000,154,1
2026-02-24,601318,11:06:41,65.0000,19,1
2026-02-24,601318,11:06:44,65.0000,60,1
2026-02-24,601318,11:06:50,65.0000,13,1
2026-02-24,601318,11:06:53,65.0000,33,1
2026-02-24,601318,11:06:56,64.9900,19,2
2026-02-24,601318,11:06:59,65.0000,111,1
2026-02-24,601318,11:07:02,64.9900,24,2
2026-02-24,601318,11:07:05,64.9900,36,2
2026-02-24,601318,11:07:08,64.9900,771,2
2026-02-24,601318,11:07:11,64.9800,1501,2
2026-02-24,601318,11:07:14,64.9500,2994,2
2026-02-24,601318,11:07:17,64.9100,497,2
2026-02-24,601318,11:07:20,64.9200,185,4
2026-02-24,601318,11:07:23,64.9200,61,1
2026-02-24,601318,11:07:26,64.9100,103,2
2026-02-24,601318,11:07:29,64.9100,583,2
2026-02-24,601318,11:07:32,64.9200,13,1
2026-02-24,601318,11:07:35,64.9000,157,2
2026-02-24,601318,11:07:38,64.9200,92,1
2026-02-24,601318,11:07:41,64.9200,26,1
2026-02-24,601318,11:07:44,64.9300,74,1
2026-02-24,601318,11:07:47,64.9200,53,2
2026-02-24,601318,11:07:50,64.9100,41,2
2026-02-24,601318,11:07:53,64.9200,10,4
2026-02-24,601318,11:07:56,64.9200,48,1
2026-02-24,601318,11:07:59,64.9100,42,2
2026-02-24,601318,11:08:02,64.9100,97,2
2026-02-24,601318,11:08:05,64.9200,25,1
2026-02-24,601318,11:08:08,64.9100,391,2
2026-02-24,601318,11:08:11,64.9100,190,1
2026-02-24,601318,11:08:14,64.9000,109,2
2026-02-24,601318,11:08:17,64.9100,64,1
2026-02-24,601318,11:08:20,64.9100,35,2
2026-02-24,601318,11:08:23,64.9200,15,1
2026-02-24,601318,11:08:26,64.9000,1229,2
2026-02-24,601318,11:08:29,64.9200,475,1
2026-02-24,601318,11:08:32,64.9100,94,4
2026-02-24,601318,11:08:35,64.9000,153,2
2026-02-24,601318,11:08:38,64.8900,60,2
2026-02-24,601318,11:08:41,64.9000,337,1
2026-02-24,601318,11:08:44,64.8800,149,2
2026-02-24,601318,11:08:47,64.8900,99,1
2026-02-24,601318,11:08:50,64.8900,62,1
2026-02-24,601318,11:08:53,64.8800,190,2
2026-02-24,601318,11:08:56,64.8900,93,1
2026-02-24,601318,11:08:59,64.8900,68,2
2026-02-24,601318,11:09:02,64.8900,68,1
2026-02-24,601318,11:09:05,64.8900,266,1
2026-02-24,601318,11:09:08,64.8900,324,1
2026-02-24,601318,11:09:11,64.8900,97,2
2026-02-24,601318,11:09:14,64.8900,151,2
2026-02-24,601318,11:09:17,64.8900,129,1
2026-02-24,601318,11:09:20,64.8900,20,1
2026-02-24,601318,11:09:23,64.8900,45,2
2026-02-24,601318,11:09:26,64.8900,110,2
2026-02-24,601318,11:09:29,64.8900,73,2
2026-02-24,601318,11:09:32,64.8900,124,1
2026-02-24,601318,11:09:35,64.8900,127,2
2026-02-24,601318,11:09:38,64.8900,38,2
2026-02-24,601318,11:09:41,64.9000,87,1
2026-02-24,601318,11:09:44,64.8900,159,2
2026-02-24,601318,11:09:47,64.9000,54,1
2026-02-24,601318,11:09:50,64.9000,108,1
2026-02-24,601318,11:09:53,64.8900,96,2
2026-02-24,601318,11:09:56,64.9000,1,4
2026-02-24,601318,11:09:59,64.9100,1,1
2026-02-24,601318,11:10:02,64.9100,176,1
2026-02-24,601318,11:10:05,64.9200,6,1
2026-02-24,601318,11:10:08,64.9200,62,2
2026-02-24,601318,11:10:11,64.9200,17,2
2026-02-24,601318,11:10:14,64.9200,15,2
2026-02-24,601318,11:10:17,64.9100,97,2
2026-02-24,601318,11:10:20,64.9100,269,2
2026-02-24,601318,11:10:23,64.9100,47,1
2026-02-24,601318,11:10:26,64.9100,46,1
2026-02-24,601318,11:10:29,64.9100,113,1
2026-02-24,601318,11:10:32,64.9000,416,2
2026-02-24,601318,11:10:35,64.8900,882,2
2026-02-24,601318,11:10:38,64.8900,1002,2
2026-02-24,601318,11:10:41,64.9000,405,1
2026-02-24,601318,11:10:44,64.8900,144,4
2026-02-24,601318,11:10:47,64.8800,550,2
2026-02-24,601318,11:10:50,64.8800,361,2
2026-02-24,601318,11:10:53,64.8600,459,2
2026-02-24,601318,11:10:56,64.8600,264,1
2026-02-24,601318,11:10:59,64.8500,103,2
2026-02-24,601318,11:11:02,64.8500,277,2
2026-02-24,601318,11:11:05,64.8600,97,1
2026-02-24,601318,11:11:08,64.8500,99,2
2026-02-24,601318,11:11:11,64.8500,177,2
2026-02-24,601318,11:11:14,64.8500,276,2
2026-02-24,601318,11:11:17,64.8400,84,2
2026-02-24,601318,11:11:20,64.8600,40,1
2026-02-24,601318,11:11:23,64.8400,158,2
2026-02-24,601318,11:11:26,64.8600,56,1
2026-02-24,601318,11:11:29,64.8600,4,1
2026-02-24,601318,11:11:32,64.8500,43,2
2026-02-24,601318,11:11:35,64.8500,19,2
2026-02-24,601318,11:11:38,64.8600,171,1
2026-02-24,601318,11:11:41,64.8600,70,1
2026-02-24,601318,11:11:44,64.8500,105,2
2026-02-24,601318,11:11:47,64.8500,76,2
2026-02-24,601318,11:11:50,64.8500,32,2
2026-02-24,601318,11:11:53,64.8600,11,1
2026-02-24,601318,11:11:56,64.8600,22,1
2026-02-24,601318,11:11:59,64.8500,36,2
2026-02-24,601318,11:12:02,64.8600,388,1
2026-02-24,601318,11:12:05,64.8500,194,2
2026-02-24,601318,11:12:08,64.8500,159,2
2026-02-24,601318,11:12:11,64.8500,249,2
2026-02-24,601318,11:12:14,64.8700,121,1
2026-02-24,601318,11:12:17,64.8500,178,2
2026-02-24,601318,11:12:20,64.8700,51,1
2026-02-24,601318,11:12:23,64.8600,8,2
2026-02-24,601318,11:12:26,64.8600,72,1
2026-02-24,601318,11:12:29,64.8600,127,1
2026-02-24,601318,11:12:32,64.8700,273,1
2026-02-24,601318,11:12:35,64.8700,185,1
2026-02-24,601318,11:12:38,64.8400,218,2
2026-02-24,601318,11:12:41,64.8600,75,2
2026-02-24,601318,11:12:44,64.8600,192,2
2026-02-24,601318,11:12:47,64.8600,66,1
2026-02-24,601318,11:12:50,64.8500,221,2
2026-02-24,601318,11:12:53,64.8600,287,1
2026-02-24,601318,11:12:56,64.8600,245,2
2026-02-24,601318,11:12:59,64.8600,51,2
2026-02-24,601318,11:13:02,64.8600,37,1
2026-02-24,601318,11:13:05,64.8500,73,2
2026-02-24,601318,11:13:08,64.8400,144,2
2026-02-24,601318,11:13:11,64.8300,93,2
2026-02-24,601318,11:13:14,64.8300,193,2
2026-02-24,601318,11:13:17,64.8400,100,4
2026-02-24,601318,11:13:20,64.8200,272,2
2026-02-24,601318,11:13:23,64.8300,60,2
2026-02-24,601318,11:13:26,64.8300,123,1
2026-02-24,601318,11:13:29,64.8300,89,1
2026-02-24,601318,11:13:32,64.8200,435,2
2026-02-24,601318,11:13:35,64.8200,98,1
2026-02-24,601318,11:13:38,64.8100,191,2
2026-02-24,601318,11:13:41,64.8100,80,2
2026-02-24,601318,11:13:44,64.8200,206,1
2026-02-24,601318,11:13:47,64.8100,380,2
2026-02-24,601318,11:13:50,64.8000,512,2
2026-02-24,601318,11:13:53,64.8200,330,1
2026-02-24,601318,11:13:56,64.8000,112,2
2026-02-24,601318,11:13:59,64.8000,47,2
2026-02-24,601318,11:14:02,64.8100,299,2
2026-02-24,601318,11:14:05,64.8100,146,1
2026-02-24,601318,11:14:08,64.8200,50,1
2026-02-24,601318,11:14:11,64.8100,236,2
2026-02-24,601318,11:14:14,64.8100,42,2
2026-02-24,601318,11:14:17,64.8100,90,2
2026-02-24,601318,11:14:20,64.8100,22,2
2026-02-24,601318,11:14:23,64.8100,16,2
2026-02-24,601318,11:14:26,64.8100,77,2
2026-02-24,601318,11:14:29,64.8100,44,2
2026-02-24,601318,11:14:32,64.8100,60,2
2026-02-24,601318,11:14:35,64.8200,266,1
2026-02-24,601318,11:14:38,64.8100,95,2
2026-02-24,601318,11:14:41,64.8200,32,1
2026-02-24,601318,11:14:44,64.8200,402,1
2026-02-24,601318,11:14:47,64.8000,457,2
2026-02-24,601318,11:14:50,64.8200,9,1
2026-02-24,601318,11:14:53,64.8200,111,1
2026-02-24,601318,11:14:56,64.8200,42,1
2026-02-24,601318,11:14:59,64.8200,63,1
2026-02-24,601318,11:15:02,64.8200,271,2
2026-02-24,601318,11:15:05,64.8200,25,2
2026-02-24,601318,11:15:08,64.8400,195,1
2026-02-24,601318,11:15:11,64.8100,121,2
2026-02-24,601318,11:15:14,64.8200,245,2
2026-02-24,601318,11:15:17,64.8300,150,1
2026-02-24,601318,11:15:20,64.8500,62,1
2026-02-24,601318,11:15:23,64.8400,124,2
2026-02-24,601318,11:15:26,64.8400,98,1
2026-02-24,601318,11:15:29,64.8400,61,1
2026-02-24,601318,11:15:32,64.8300,49,2
2026-02-24,601318,11:15:35,64.8500,275,1
2026-02-24,601318,11:15:38,64.8300,30,2
2026-02-24,601318,11:15:41,64.8500,10,1
2026-02-24,601318,11:15:44,64.8300,430,2
2026-02-24,601318,11:15:47,64.8400,174,1
2026-02-24,601318,11:15:50,64.8500,17,1
2026-02-24,601318,11:15:53,64.8400,73,2
2026-02-24,601318,11:15:56,64.8400,83,1
2026-02-24,601318,11:15:59,64.8500,3,1
2026-02-24,601318,11:16:02,64.8500,158,1
2026-02-24,601318,11:16:05,64.8500,72,1
2026-02-24,601318,11:16:08,64.8500,268,1
2026-02-24,601318,11:16:11,64.8500,234,1
2026-02-24,601318,11:16:14,64.8500,158,1
2026-02-24,601318,11:16:17,64.8400,264,2
2026-02-24,601318,11:16:20,64.8400,62,1
2026-02-24,601318,11:16:23,64.8400,125,1
2026-02-24,601318,11:16:26,64.8300,277,2
2026-02-24,601318,11:16:29,64.8400,40,1
2026-02-24,601318,11:16:32,64.8400,154,1
2026-02-24,601318,11:16:35,64.8400,78,1
2026-02-24,601318,11:16:38,64.8400,8,1
2026-02-24,601318,11:16:41,64.8400,138,1
2026-02-24,601318,11:16:44,64.8400,160,1
2026-02-24,601318,11:16:47,64.8500,26,1
2026-02-24,601318,11:16:50,64.8400,207,2
2026-02-24,601318,11:16:53,64.8500,128,4
2026-02-24,601318,11:16:56,64.8500,8,1
2026-02-24,601318,11:16:59,64.8500,20,1
2026-02-24,601318,11:17:02,64.8500,36,1
2026-02-24,601318,11:17:05,64.8500,325,1
2026-02-24,601318,11:17:08,64.8500,926,2
2026-02-24,601318,11:17:11,64.8400,225,2
2026-02-24,601318,11:17:14,64.8200,153,2
2026-02-24,601318,11:17:17,64.8200,17,1
2026-02-24,601318,11:17:20,64.8200,545,1
2026-02-24,601318,11:17:23,64.8100,295,2
2026-02-24,601318,11:17:26,64.8100,196,1
2026-02-24,601318,11:17:29,64.8100,71,2
2026-02-24,601318,11:17:32,64.8100,107,2
2026-02-24,601318,11:17:35,64.8100,139,2
2026-02-24,601318,11:17:38,64.8100,1002,1
2026-02-24,601318,11:17:41,64.8000,1278,2
2026-02-24,601318,11:17:44,64.7800,67,2
2026-02-24,601318,11:17:47,64.7900,28,1
2026-02-24,601318,11:17:50,64.7800,269,2
2026-02-24,601318,11:17:53,64.7800,55,4
2026-02-24,601318,11:17:56,64.7700,63,2
2026-02-24,601318,11:17:59,64.7700,43,2
2026-02-24,601318,11:18:02,64.7700,115,2
2026-02-24,601318,11:18:05,64.7700,114,2
2026-02-24,601318,11:18:08,64.7800,65,1
2026-02-24,601318,11:18:11,64.7800,195,1
2026-02-24,601318,11:18:14,64.7800,19,1
2026-02-24,601318,11:18:17,64.8000,77,1
2026-02-24,601318,11:18:20,64.8000,40,1
2026-02-24,601318,11:18:23,64.8000,89,1
2026-02-24,601318,11:18:26,64.8100,109,1
2026-02-24,601318,11:18:29,64.8100,25,2
2026-02-24,601318,11:18:32,64.8100,60,2
2026-02-24,601318,11:18:35,64.8000,76,2
2026-02-24,601318,11:18:38,64.8100,44,1
2026-02-24,601318,11:18:41,64.8000,6,2
2026-02-24,601318,11:18:44,64.8100,195,1
2026-02-24,601318,11:18:47,64.8100,82,1
2026-02-24,601318,11:18:50,64.8100,19,1
2026-02-24,601318,11:18:53,64.8100,162,2
2026-02-24,601318,11:18:56,64.8200,190,1
2026-02-24,601318,11:18:59,64.8100,73,2
2026-02-24,601318,11:19:02,64.8200,137,1
2026-02-24,601318,11:19:05,64.8100,87,2
2026-02-24,601318,11:19:08,64.8100,9,2
2026-02-24,601318,11:19:11,64.8000,30,2
2026-02-24,601318,11:19:14,64.8200,51,2
2026-02-24,601318,11:19:17,64.8200,23,1
2026-02-24,601318,11:19:20,64.8200,19,1
2026-02-24,601318,11:19:23,64.8300,8,1
2026-02-24,601318,11:19:26,64.8300,23,1
2026-02-24,601318,11:19:29,64.8400,6,1
2026-02-24,601318,11:19:32,64.8300,45,2
2026-02-24,601318,11:19:35,64.8300,60,1
2026-02-24,601318,11:19:38,64.8400,38,1
2026-02-24,601318,11:19:41,64.8500,129,1
2026-02-24,601318,11:19:44,64.8400,51,4
2026-02-24,601318,11:19:47,64.8500,38,1
2026-02-24,601318,11:19:50,64.8500,7,1
2026-02-24,601318,11:19:53,64.8500,127,1
2026-02-24,601318,11:19:56,64.8500,47,1
2026-02-24,601318,11:19:59,64.8500,8,1
2026-02-24,601318,11:20:02,64.8500,13,1
2026-02-24,601318,11:20:05,64.8500,136,2
2026-02-24,601318,11:20:08,64.8500,44,2
2026-02-24,601318,11:20:11,64.8500,27,2
2026-02-24,601318,11:20:14,64.8600,9,1
2026-02-24,601318,11:20:17,64.8600,4,1
2026-02-24,601318,11:20:20,64.8600,226,1
