date,code,time,price,volume,bs
2026-06-23,000333,14:07:03,78.0700,48,2
2026-06-23,000333,14:07:06,78.0700,45,2
2026-06-23,000333,14:07:09,78.0800,14,1
2026-06-23,000333,14:07:12,78.0700,46,2
2026-06-23,000333,14:07:15,78.0700,9,2
2026-06-23,000333,14:07:18,78.0800,50,1
2026-06-23,000333,14:07:21,78.0800,9,1
2026-06-23,000333,14:07:24,78.0800,45,1
2026-06-23,000333,14:07:27,78.0800,30,1
2026-06-23,000333,14:07:30,78.0700,70,2
2026-06-23,000333,14:07:33,78.0800,52,1
2026-06-23,000333,14:07:36,78.0700,65,2
2026-06-23,000333,14:07:39,78.0700,5,1
2026-06-23,000333,14:07:42,78.0700,59,1
2026-06-23,000333,14:07:45,78.0700,25,1
2026-06-23,000333,14:07:48,78.0600,88,2
2026-06-23,000333,14:07:51,78.0700,86,1
2026-06-23,000333,14:07:54,78.0700,56,2
2026-06-23,000333,14:07:57,78.0500,50,2
2026-06-23,000333,14:08:00,78.0600,11,1
2026-06-23,000333,14:08:03,78.0500,40,2
2026-06-23,000333,14:08:06,78.0500,29,2
2026-06-23,000333,14:08:09,78.0600,52,1
2026-06-23,000333,14:08:12,78.0500,25,2
2026-06-23,000333,14:08:15,78.0600,38,1
2026-06-23,000333,14:08:18,78.0600,37,2
2026-06-23,000333,14:08:21,78.0500,14,2
2026-06-23,000333,14:08:24,78.0500,134,2
2026-06-23,000333,14:08:27,78.0500,30,4
2026-06-23,000333,14:08:30,78.0600,59,1
2026-06-23,000333,14:08:33,78.0600,119,2
2026-06-23,000333,14:08:36,78.0600,73,2
2026-06-23,000333,14:08:39,78.0600,3,1
2026-06-23,000333,14:08:42,78.0600,32,1
2026-06-23,000333,14:08:45,78.0600,30,1
2026-06-23,000333,14:08:48,78.0500,22,2
2026-06-23,000333,14:08:51,78.0500,13,2
2026-06-23,000333,14:08:54,78.0500,20,2
2026-06-23,000333,14:08:57,78.0500,16,2
2026-06-23,000333,14:09:00,78.0600,34,1
2026-06-23,000333,14:09:03,78.0500,91,2
2026-06-23,000333,14:09:06,78.0800,27,1
2026-06-23,000333,14:09:09,78.0900,11,1
2026-06-23,000333,14:09:12,78.0900,16,1
2026-06-23,000333,14:09:15,78.0900,10,1
2026-06-23,000333,14:09:18,78.0800,109,2
2026-06-23,000333,14:09:21,78.0700,119,2
2026-06-23,000333,14:09:24,78.0700,22,2
2026-06-23,000333,14:09:27,78.0700,66,2
2026-06-23,000333,14:09:30,78.0800,60,1
2026-06-23,000333,14:09:33,78.0800,49,1
2026-06-23,000333,14:09:36,78.0700,37,2
2026-06-23,000333,14:09:42,78.0800,120,1
2026-06-23,000333,14:09:45,78.0800,124,1
2026-06-23,000333,14:09:48,78.0800,21,1
2026-06-23,000333,14:09:51,78.0800,10,1
2026-06-23,000333,14:09:54,78.0700,47,2
2026-06-23,000333,14:09:57,78.0800,4,2
2026-06-23,000333,14:10:00,78.0800,59,2
2026-06-23,000333,14:10:03,78.0900,23,1
2026-06-23,000333,14:10:06,78.0800,12,2
2026-06-23,000333,14:10:09,78.0800,48,2
2026-06-23,000333,14:10:12,78.0900,10,1
2026-06-23,000333,14:10:15,78.0800,9,2
2026-06-23,000333,14:10:18,78.0800,63,2
2026-06-23,000333,14:10:21,78.0700,99,2
2026-06-23,000333,14:10:24,78.0600,68,2
2026-06-23,000333,14:10:27,78.0800,41,1
2026-06-23,000333,14:10:30,78.0600,8,2
2026-06-23,000333,14:10:33,78.0700,27,1
2026-06-23,000333,14:10:36,78.0700,10,1
2026-06-23,000333,14:10:39,78.0700,12,2
2026-06-23,000333,14:10:42,78.0700,23,2
2026-06-23,000333,14:10:45,78.0700,10,2
2026-06-23,000333,14:10:48,78.0600,15,2
2026-06-23,000333,14:10:51,78.0600,43,2
2026-06-23,000333,14:10:54,78.0600,341,2
2026-06-23,000333,14:10:57,78.0500,107,2
2026-06-23,000333,14:11:00,78.0500,29,2
2026-06-23,000333,14:11:03,78.0400,78,2
2026-06-23,000333,14:11:06,78.0400,30,2
2026-06-23,000333,14:11:09,78.0500,49,1
2026-06-23,000333,14:11:12,78.0500,41,1
2026-06-23,000333,14:11:15,78.0500,35,2
2026-06-23,000333,14:11:18,78.0500,8,2
2026-06-23,000333,14:11:21,78.0600,22,1
2026-06-23,000333,14:11:24,78.0500,4,2
2026-06-23,000333,14:11:27,78.0700,14,1
2026-06-23,000333,14:11:30,78.0700,11,1
2026-06-23,000333,14:11:33,78.0600,19,1
2026-06-23,000333,14:11:36,78.0600,24,1
2026-06-23,000333,14:11:39,78.0700,61,1
2026-06-23,000333,14:11:42,78.0700,23,1
2026-06-23,000333,14:11:45,78.0700,12,1
2026-06-23,000333,14:11:48,78.0600,30,2
2026-06-23,000333,14:11:51,78.0600,10,2
2026-06-23,000333,14:11:54,78.0700,74,1
2026-06-23,000333,14:11:57,78.0800,65,1
2026-06-23,000333,14:12:00,78.0800,44,1
2026-06-23,000333,14:12:03,78.0700,48,2
2026-06-23,000333,14:12:06,78.0800,5,1
2026-06-23,000333,14:12:09,78.0700,37,2
2026-06-23,000333,14:12:12,78.0800,19,1
2026-06-23,000333,14:12:15,78.0700,52,2
2026-06-23,000333,14:12:18,78.0800,20,1
2026-06-23,000333,14:12:21,78.0800,46,1
2026-06-23,000333,14:12:24,78.0700,7,2
2026-06-23,000333,14:12:27,78.0700,87,2
2026-06-23,000333,14:12:30,78.0600,92,2
2026-06-23,000333,14:12:33,78.0700,17,1
2026-06-23,000333,14:12:36,78.0700,36,1
2026-06-23,000333,14:12:39,78.0600,60,2
2026-06-23,000333,14:12:42,78.0500,60,2
2026-06-23,000333,14:12:45,78.0500,42,2
2026-06-23,000333,14:12:48,78.0500,7,2
2026-06-23,000333,14:12:51,78.0500,37,2
2026-06-23,000333,14:12:54,78.0600,100,1
2026-06-23,000333,14:12:57,78.0600,194,1
2026-06-23,000333,14:13:00,78.0600,1,2
2026-06-23,000333,14:13:03,78.0600,69,2
2026-06-23,000333,14:13:06,78.0600,41,1
2026-06-23,000333,14:13:09,78.0500,14,2
2026-06-23,000333,14:13:12,78.0500,49,2
2026-06-23,000333,14:13:15,78.0700,49,1
2026-06-23,000333,14:13:18,78.0500,118,2
2026-06-23,000333,14:13:21,78.0500,60,2
2026-06-23,000333,14:13:24,78.0400,177,2
2026-06-23,000333,14:13:27,78.0400,63,2
2026-06-23,000333,14:13:30,78.0400,55,2
2026-06-23,000333,14:13:33,78.0500,41,1
2026-06-23,000333,14:13:36,78.0400,23,2
2026-06-23,000333,14:13:39,78.0400,162,2
2026-06-23,000333,14:13:42,78.0300,38,2
2026-06-23,000333,14:13:45,78.0300,56,2
2026-06-23,000333,14:13:48,78.0300,26,2
2026-06-23,000333,14:13:51,78.0300,91,2
2026-06-23,000333,14:13:54,78.0300,64,2
2026-06-23,000333,14:13:57,78.0300,8,2
2026-06-23,000333,14:14:00,78.0400,118,1
2026-06-23,000333,14:14:03,78.0300,30,2
2026-06-23,000333,14:14:06,78.0300,133,2
2026-06-23,000333,14:14:09,78.0300,375,2
2026-06-23,000333,14:14:12,78.0100,124,2
2026-06-23,000333,14:14:15,78.0100,110,2
2026-06-23,000333,14:14:18,78.0200,131,1
2026-06-23,000333,14:14:21,78.0200,28,1
2026-06-23,000333,14:14:24,78.0100,309,2
2026-06-23,000333,14:14:27,78.0100,91,2
2026-06-23,000333,14:14:30,78.0200,142,1
2026-06-23,000333,14:14:33,78.0100,160,2
2026-06-23,000333,14:14:36,78.0100,82,2
2026-06-23,000333,14:14:39,78.0100,143,2
2026-06-23,000333,14:14:42,78.0100,663,2
2026-06-23,000333,14:14:45,78.0000,25,2
2026-06-23,000333,14:14:48,78.0000,57,2
2026-06-23,000333,14:14:51,78.0100,135,1
2026-06-23,000333,14:14:54,78.0200,65,1
2026-06-23,000333,14:14:57,78.0000,157,2
2026-06-23,000333,14:15:00,78.0300,120,1
2026-06-23,000333,14:15:03,78.0200,62,2
2026-06-23,000333,14:15:06,78.0200,37,2
2026-06-23,000333,14:15:09,78.0300,128,1
2026-06-23,000333,14:15:12,78.0100,16,2
2026-06-23,000333,14:15:15,78.0000,178,2
2026-06-23,000333,14:15:18,78.0000,80,2
2026-06-23,000333,14:15:21,78.0000,42,2
2026-06-23,000333,14:15:24,78.0000,110,2
2026-06-23,000333,14:15:27,78.0000,85,2
2026-06-23,000333,14:15:30,78.0100,8,1
2026-06-23,000333,14:15:33,78.0200,64,1
2026-06-23,000333,14:15:36,78.0300,77,1
2026-06-23,000333,14:15:39,78.0000,171,2
2026-06-23,000333,14:15:42,78.0100,38,1
2026-06-23,000333,14:15:45,78.0200,22,1
2026-06-23,000333,14:15:48,78.0200,90,2
2026-06-23,000333,14:15:51,78.0200,11,1
2026-06-23,000333,14:15:54,78.0100,21,2
2026-06-23,000333,14:15:57,78.0100,15,2
2026-06-23,000333,14:16:00,78.0200,62,1
2026-06-23,000333,14:16:03,78.0100,127,2
2026-06-23,000333,14:16:06,78.0000,69,2
2026-06-23,000333,14:16:09,78.0100,19,4
2026-06-23,000333,14:16:12,78.0100,35,2
2026-06-23,000333,14:16:15,78.0100,15,2
2026-06-23,000333,14:16:18,78.0000,212,2
2026-06-23,000333,14:16:21,78.0000,87,2
2026-06-23,000333,14:16:24,78.0000,67,2
2026-06-23,000333,14:16:27,78.0100,197,1
2026-06-23,000333,14:16:30,78.0000,139,2
2026-06-23,000333,14:16:33,78.0200,80,1
2026-06-23,000333,14:16:36,78.0100,31,2
2026-06-23,000333,14:16:39,78.0000,173,2
2026-06-23,000333,14:16:42,78.0100,1,4
2026-06-23,000333,14:16:45,78.0100,71,2
2026-06-23,000333,14:16:48,78.0200,5,4
2026-06-23,000333,14:16:51,78.0200,8,4
2026-06-23,000333,14:16:54,78.0200,6,1
2026-06-23,000333,14:16:57,78.0100,43,2
2026-06-23,000333,14:17:00,78.0200,19,1
2026-06-23,000333,14:17:03,78.0200,17,1
2026-06-23,000333,14:17:06,78.0100,101,2
2026-06-23,000333,14:17:09,78.0200,143,4
2026-06-23,000333,14:17:12,78.0200,30,2
2026-06-23,000333,14:17:15,78.0200,22,1
2026-06-23,000333,14:17:18,78.0100,13,2
2026-06-23,000333,14:17:21,78.0200,99,1
2026-06-23,000333,14:17:24,78.0200,57,1
2026-06-23,000333,14:17:27,78.0200,45,1
2026-06-23,000333,14:17:30,78.0100,54,2
2026-06-23,000333,14:17:33,78.0200,61,2
2026-06-23,000333,14:17:36,77.9300,3805,2
2026-06-23,000333,14:17:39,77.9400,439,1
2026-06-23,000333,14:17:42,77.9300,57,1
2026-06-23,000333,14:17:45,77.9300,31,1
2026-06-23,000333,14:17:48,77.9100,178,2
2026-06-23,000333,14:17:51,77.9300,94,2
2026-06-23,000333,14:17:54,77.9200,14,2
2026-06-23,000333,14:17:57,77.9200,51,2
2026-06-23,000333,14:18:00,77.9300,47,1
2026-06-23,000333,14:18:03,77.9200,58,2
2026-06-23,000333,14:18:06,77.9200,29,2
2026-06-23,000333,14:18:09,77.9300,10,1
2026-06-23,000333,14:18:12,77.9300,17,1
2026-06-23,000333,14:18:15,77.9400,62,1
2026-06-23,000333,14:18:18,77.9200,133,2
2026-06-23,000333,14:18:21,77.9300,5,4
2026-06-23,000333,14:18:24,77.9300,35,2
2026-06-23,000333,14:18:27,77.9300,49,2
2026-06-23,000333,14:18:30,77.9200,114,2
2026-06-23,000333,14:18:33,77.9200,100,2
2026-06-23,000333,14:18:36,77.9500,36,1
2026-06-23,000333,14:18:39,77.9500,26,1
2026-06-23,000333,14:18:42,77.9500,19,2
2026-06-23,000333,14:18:45,77.9600,21,1
2026-06-23,000333,14:18:48,77.9600,9,2
2026-06-23,000333,14:18:51,77.9500,40,2
2026-06-23,000333,14:18:54,77.9500,27,2
2026-06-23,000333,14:18:57,77.9500,58,2
2026-06-23,000333,14:19:00,77.9700,152,1
2026-06-23,000333,14:19:03,77.9800,43,1
2026-06-23,000333,14:19:06,77.9500,17,2
2026-06-23,000333,14:19:09,77.9500,95,1
2026-06-23,000333,14:19:12,77.9400,63,2
2026-06-23,000333,14:19:15,77.9400,49,2
2026-06-23,000333,14:19:18,77.9300,94,2
2026-06-23,000333,14:19:21,77.9300,216,2
2026-06-23,000333,14:19:24,77.9100,122,2
2026-06-23,000333,14:19:27,77.9300,98,1
2026-06-23,000333,14:19:30,77.9300,81,1
2026-06-23,000333,14:19:33,77.9100,62,2
2026-06-23,000333,14:19:36,77.9000,91,2
2026-06-23,000333,14:19:39,77.9000,65,2
2026-06-23,000333,14:19:42,77.9100,114,1
2026-06-23,000333,14:19:45,77.9000,63,2
2026-06-23,000333,14:19:48,77.9100,13,1
2026-06-23,000333,14:19:51,77.9000,258,2
2026-06-23,000333,14:19:54,77.9100,101,1
2026-06-23,000333,14:19:57,77.9100,64,1
2026-06-23,000333,14:20:00,77.9100,115,4
2026-06-23,000333,14:20:03,77.9000,80,2
2026-06-23,000333,14:20:06,77.9000,78,2
2026-06-23,000333,14:20:09,77.9000,26,2
2026-06-23,000333,14:20:12,77.9100,24,1
2026-06-23,000333,14:20:15,77.9100,10,4
2026-06-23,000333,14:20:18,77.9200,13,1
2026-06-23,000333,14:20:21,77.9100,14,2
2026-06-23,000333,14:20:24,77.9100,20,2
2026-06-23,000333,14:20:27,77.9200,24,1
2026-06-23,000333,14:20:30,77.9100,15,2
2026-06-23,000333,14:20:33,77.9200,55,2
2026-06-23,000333,14:20:36,77.9200,6,2
2026-06-23,000333,14:20:39,77.9200,32,2
2026-06-23,000333,14:20:42,77.9300,85,1
2026-06-23,000333,14:20:45,77.9400,124,1
2026-06-23,000333,14:20:48,77.9400,9,1
2026-06-23,000333,14:20:51,77.9300,41,2
2026-06-23,000333,14:20:54,77.9300,57,2
2026-06-23,000333,14:20:57,77.9300,29,1
2026-06-23,000333,14:21:00,77.9200,53,2
2026-06-23,000333,14:21:03,77.9100,103,2
2026-06-23,000333,14:21:06,77.9200,134,1
2026-06-23,000333,14:21:09,77.9100,20,2
2026-06-23,000333,14:21:12,77.9100,52,1
2026-06-23,000333,14:21:15,77.9000,209,2
2026-06-23,000333,14:21:18,77.9000,36,1
2026-06-23,000333,14:21:21,77.8900,25,2
2026-06-23,000333,14:21:24,77.9000,117,1
2026-06-23,000333,14:21:27,77.9000,20,2
2026-06-23,000333,14:21:30,77.9100,72,1
2026-06-23,000333,14:21:33,77.9000,15,2
2026-06-23,000333,14:21:36,77.9100,6,1
2026-06-23,000333,14:21:39,77.9100,11,1
2026-06-23,000333,14:21:42,77.9100,159,1
2026-06-23,000333,14:21:45,77.9200,55,1
2026-06-23,000333,14:21:48,77.9300,34,1
2026-06-23,000333,14:21:51,77.9300,9,2
2026-06-23,000333,14:21:54,77.9400,31,1
2026-06-23,000333,14:21:57,77.9400,13,1
2026-06-23,000333,14:22:00,77.9500,3,1
2026-06-23,000333,14:22:03,77.9400,36,2
2026-06-23,000333,14:22:06,77.9600,31,1
2026-06-23,000333,14:22:09,77.9500,66,2
2026-06-23,000333,14:22:12,77.9500,19,2
2026-06-23,000333,14:22:15,77.9500,8,2
2026-06-23,000333,14:22:18,77.9600,46,1
2026-06-23,000333,14:22:21,77.9700,18,1
2026-06-23,000333,14:22:24,77.9600,11,2
2026-06-23,000333,14:22:27,77.9600,97,2
2026-06-23,000333,14:22:30,77.9500,29,2
2026-06-23,000333,14:22:33,77.9400,139,2
2026-06-23,000333,14:22:36,77.9500,24,1
2026-06-23,000333,14:22:39,77.9500,12,1
2026-06-23,000333,14:22:42,77.9500,22,1
2026-06-23,000333,14:22:45,77.9300,108,2
2026-06-23,000333,14:22:48,77.9500,132,1
2026-06-23,000333,14:22:51,77.9500,2,1
2026-06-23,000333,14:22:54,77.9500,111,1
2026-06-23,000333,14:22:57,77.9500,58,2
2026-06-23,000333,14:23:00,77.9500,2,2
2026-06-23,000333,14:23:03,77.9500,23,2
2026-06-23,000333,14:23:06,77.9600,23,1
2026-06-23,000333,14:23:09,77.9600,10,1
2026-06-23,000333,14:23:12,77.9600,10,1
2026-06-23,000333,14:23:15,77.9700,51,1
2026-06-23,000333,14:23:18,77.9700,34,1
2026-06-23,000333,14:23:21,77.9700,13,1
2026-06-23,000333,14:23:24,77.9700,72,1
2026-06-23,000333,14:23:27,77.9700,121,1
2026-06-23,000333,14:23:30,77.9600,12,2
2026-06-23,000333,14:23:33,77.9700,14,1
2026-06-23,000333,14:23:36,77.9800,72,1
2026-06-23,000333,14:23:39,77.9700,2,2
2026-06-23,000333,14:23:42,77.9900,7,1
2026-06-23,000333,14:23:45,77.9900,34,1
2026-06-23,000333,14:23:48,77.9800,27,4
2026-06-23,000333,14:23:51,77.9700,68,2
2026-06-23,000333,14:23:54,77.9600,80,2
2026-06-23,000333,14:23:57,77.9900,20,1
2026-06-23,000333,14:24:00,78.0000,53,1
2026-06-23,000333,14:24:03,77.9800,3,2
2026-06-23,000333,14:24:06,78.0100,106,1
2026-06-23,000333,14:24:09,78.0100,32,1
2026-06-23,000333,14:24:12,78.0100,77,2
2026-06-23,000333,14:24:15,78.0000,49,2
2026-06-23,000333,14:24:18,78.0100,98,1
2026-06-23,000333,14:24:21,78.0300,32,1
2026-06-23,000333,14:24:24,78.0400,193,1
2026-06-23,000333,14:24:27,78.0200,89,2
2026-06-23,000333,14:24:30,78.0200,9,1
2026-06-23,000333,14:24:33,78.0200,4,2
2026-06-23,000333,14:24:36,78.0400,47,1
2026-06-23,000333,14:24:39,78.0200,11,4
2026-06-23,000333,14:24:42,78.0200,4,1
2026-06-23,000333,14:24:45,78.0200,24,1
2026-06-23,000333,14:24:48,78.0200,5,1
2026-06-23,000333,14:24:51,78.0300,47,1
2026-06-23,000333,14:24:54,78.0400,74,1
2026-06-23,000333,14:24:57,78.0300,10,2
2026-06-23,000333,14:25:00,78.0300,20,2
2026-06-23,000333,14:25:03,78.0400,64,1
2026-06-23,000333,14:25:06,78.0400,8,1
2026-06-23,000333,14:25:09,78.0500,54,1
2026-06-23,000333,14:25:12,78.0500,64,1
2026-06-23,000333,14:25:15,78.0700,282,1
2026-06-23,000333,14:25:18,78.0900,33,1
2026-06-23,000333,14:25:21,78.0700,88,2
2026-06-23,000333,14:25:24,78.1000,118,1
2026-06-23,000333,14:25:27,78.0800,29,2
2026-06-23,000333,14:25:30,78.0500,138,2
2026-06-23,000333,14:25:33,78.0500,24,2
2026-06-23,000333,14:25:36,78.0700,132,1
2026-06-23,000333,14:25:39,78.0500,116,2
2026-06-23,000333,14:25:42,78.0300,29,2
2026-06-23,000333,14:25:45,78.0100,59,2
2026-06-23,000333,14:25:48,78.0300,56,1
2026-06-23,000333,14:25:51,78.0200,15,2
2026-06-23,000333,14:25:54,78.0300,25,1
2026-06-23,000333,14:25:57,78.0300,37,2
2026-06-23,000333,14:26:00,78.0300,26,2
2026-06-23,000333,14:26:03,78.0400,106,4
2026-06-23,000333,14:26:06,78.0300,21,1
2026-06-23,000333,14:26:09,78.0300,5,1
2026-06-23,000333,14:26:12,78.0300,32,1
2026-06-23,000333,14:26:15,78.0200,93,2
2026-06-23,000333,14:26:18,78.0300,144,1
2026-06-23,000333,14:26:21,78.0200,127,2
2026-06-23,000333,14:26:24,78.0500,55,1
2026-06-23,000333,14:26:27,78.0700,100,1
2026-06-23,000333,14:26:30,78.0200,32,2
2026-06-23,000333,14:26:33,78.0200,2,1
2026-06-23,000333,14:26:36,78.0200,97,1
2026-06-23,000333,14:26:39,78.0300,13,1
2026-06-23,000333,14:26:42,78.0400,8,1
2026-06-23,000333,14:26:45,78.0600,19,1
2026-06-23,000333,14:26:48,78.0500,38,4
2026-06-23,000333,14:26:51,78.0500,146,1
2026-06-23,000333,14:26:54,78.0400,10,2
2026-06-23,000333,14:26:57,78.0300,14,2
2026-06-23,000333,14:27:00,78.0300,446,2
2026-06-23,000333,14:27:03,77.9900,64,2
2026-06-23,000333,14:27:06,77.9900,37,2
2026-06-23,000333,14:27:09,77.9800,67,4
2026-06-23,000333,14:27:12,77.9700,36,2
2026-06-23,000333,14:27:15,77.9800,35,1
2026-06-23,000333,14:27:18,77.9900,63,1
2026-06-23,000333,14:27:21,77.9900,5,2
2026-06-23,000333,14:27:24,77.9900,20,2
2026-06-23,000333,14:27:27,77.9800,176,2
2026-06-23,000333,14:27:30,77.9800,32,1
2026-06-23,000333,14:27:33,77.9600,26,2
2026-06-23,000333,14:27:36,77.9800,41,1
2026-06-23,000333,14:27:39,77.9700,70,2
2026-06-23,000333,14:27:42,77.9500,52,2
2026-06-23,000333,14:27:45,77.9200,99,2
2026-06-23,000333,14:27:48,77.9300,40,1
2026-06-23,000333,14:27:51,77.9400,17,1
2026-06-23,000333,14:27:54,77.9400,23,1
2026-06-23,000333,14:27:57,77.9300,28,2
2026-06-23,000333,14:28:00,77.9300,35,4
2026-06-23,000333,14:28:03,77.9300,20,1
2026-06-23,000333,14:28:06,77.9300,26,1
2026-06-23,000333,14:28:09,77.9200,30,2
2026-06-23,000333,14:28:12,77.9300,112,2
2026-06-23,000333,14:28:15,77.9200,19,2
2026-06-23,000333,14:28:18,77.9400,68,1
2026-06-23,000333,14:28:21,77.9100,128,2
2026-06-23,000333,14:28:24,77.9200,584,1
2026-06-23,000333,14:28:27,77.9100,56,4
2026-06-23,000333,14:28:30,77.9000,95,2
2026-06-23,000333,14:28:33,77.9200,200,1
2026-06-23,000333,14:28:36,77.9100,21,2
2026-06-23,000333,14:28:39,77.9200,15,1
2026-06-23,000333,14:28:42,77.9200,52,1
2026-06-23,000333,14:28:45,77.9100,6,2
2026-06-23,000333,14:28:48,77.9200,48,1
2026-06-23,000333,14:28:51,77.9300,44,1
2026-06-23,000333,14:28:54,77.9200,17,1
2026-06-23,000333,14:28:57,77.9200,6,1
2026-06-23,000333,14:29:00,77.9200,23,4
2026-06-23,000333,14:29:03,77.9100,80,2
2026-06-23,000333,14:29:06,77.9200,14,1
2026-06-23,000333,14:29:09,77.9200,26,1
2026-06-23,000333,14:29:12,77.9200,38,1
2026-06-23,000333,14:29:15,77.9300,33,1
2026-06-23,000333,14:29:18,77.9300,17,2
2026-06-23,000333,14:29:21,77.9300,27,2
2026-06-23,000333,14:29:24,77.9200,143,2
2026-06-23,000333,14:29:27,77.9200,55,1
2026-06-23,000333,14:29:30,77.9200,11,1
2026-06-23,000333,14:29:33,77.9100,217,2
2026-06-23,000333,14:29:36,77.9000,42,2
2026-06-23,000333,14:29:39,77.8900,85,2
2026-06-23,000333,14:29:42,77.8900,51,2
2026-06-23,000333,14:29:45,77.8900,17,2
2026-06-23,000333,14:29:48,77.8900,41,2
2026-06-23,000333,14:29:51,77.9000,40,1
2026-06-23,000333,14:29:54,77.9000,37,1
2026-06-23,000333,14:29:57,77.9000,78,2
2026-06-23,000333,14:30:00,77.9000,37,4
2026-06-23,000333,14:30:03,77.9000,109,2
2026-06-23,000333,14:30:06,77.8900,100,2
2026-06-23,000333,14:30:09,77.8900,54,2
2026-06-23,000333,14:30:12,77.9200,36,1
2026-06-23,000333,14:30:15,77.8900,27,2
2026-06-23,000333,14:30:18,77.8800,935,2
2026-06-23,000333,14:30:21,77.8600,159,2
2026-06-23,000333,14:30:24,77.8600,171,1
2026-06-23,000333,14:30:27,77.8500,66,2
2026-06-23,000333,14:30:30,77.8600,26,1
2026-06-23,000333,14:30:33,77.8400,29,2
2026-06-23,000333,14:30:36,77.8500,20,1
2026-06-23,000333,14:30:39,77.8500,71,2
2026-06-23,000333,14:30:42,77.8500,14,2
2026-06-23,000333,14:30:45,77.8200,200,2
2026-06-23,000333,14:30:48,77.8300,6,2
2026-06-23,000333,14:30:51,77.8300,34,2
2026-06-23,000333,14:30:54,77.8300,28,1
2026-06-23,000333,14:30:57,77.8200,69,2
2026-06-23,000333,14:31:00,77.8300,59,2
2026-06-23,000333,14:31:03,77.8200,192,2
2026-06-23,000333,14:31:06,77.8200,22,2
2026-06-23,000333,14:31:09,77.8300,37,1
2026-06-23,000333,14:31:12,77.8500,39,1
2026-06-23,000333,14:31:15,77.8700,166,1
2026-06-23,000333,14:31:18,77.8900,98,2
2026-06-23,000333,14:31:21,77.9000,15,2
2026-06-23,000333,14:31:24,77.9000,36,2
2026-06-23,000333,14:31:27,77.9000,75,2
2026-06-23,000333,14:31:30,77.8700,81,2
2026-06-23,000333,14:31:33,77.9000,21,1
2026-06-23,000333,14:31:36,77.9100,49,1
2026-06-23,000333,14:31:39,77.9200,28,1
2026-06-23,000333,14:31:42,77.9100,35,2
2026-06-23,000333,14:31:45,77.9200,16,1
2026-06-23,000333,14:31:48,77.9200,20,1
2026-06-23,000333,14:31:51,77.9200,45,2
2026-06-23,000333,14:31:54,77.9100,256,2
2026-06-23,000333,14:31:57,77.9200,46,2
2026-06-23,000333,14:32:00,77.9200,85,2
2026-06-23,000333,14:32:03,77.9000,32,2
2026-06-23,000333,14:32:06,77.9300,75,1
2026-06-23,000333,14:32:09,77.9200,80,2
2026-06-23,000333,14:32:12,77.9500,66,1
2026-06-23,000333,14:32:15,77.9500,24,1
2026-06-23,000333,14:32:18,77.9600,28,1
2026-06-23,000333,14:32:21,77.9700,35,2
2026-06-23,000333,14:32:24,78.0000,18,1
2026-06-23,000333,14:32:27,77.9800,22,2
2026-06-23,000333,14:32:30,77.9900,17,1
2026-06-23,000333,14:32:33,77.9800,21,2
2026-06-23,000333,14:32:36,77.9900,18,1
2026-06-23,000333,14:32:39,78.0000,74,1
2026-06-23,000333,14:32:42,77.9700,104,2
2026-06-23,000333,14:32:45,77.9900,114,1
2026-06-23,000333,14:32:48,77.9800,15,4
2026-06-23,000333,14:32:51,77.9800,42,2
2026-06-23,000333,14:32:54,77.9800,39,2
2026-06-23,000333,14:32:57,77.9800,43,1
2026-06-23,000333,14:33:00,77.9800,40,4
2026-06-23,000333,14:33:03,77.9700,63,2
2026-06-23,000333,14:33:06,77.9800,31,1
2026-06-23,000333,14:33:09,77.9800,34,1
2026-06-23,000333,14:33:12,77.9800,33,1
2026-06-23,000333,14:33:15,77.9800,27,1
2026-06-23,000333,14:33:18,77.9800,51,1
2026-06-23,000333,14:33:21,77.9600,61,2
2026-06-23,000333,14:33:24,77.9600,52,2
2026-06-23,000333,14:33:27,77.9700,123,1
2026-06-23,000333,14:33:30,77.9500,34,2
2026-06-23,000333,14:33:33,77.9500,134,2
2026-06-23,000333,14:33:36,77.9400,97,2
2026-06-23,000333,14:33:39,77.9500,12,1
2026-06-23,000333,14:33:42,77.9100,51,2
2026-06-23,000333,14:33:45,77.9100,90,2
2026-06-23,000333,14:33:48,77.9200,31,1
2026-06-23,000333,14:33:51,77.9200,29,1
2026-06-23,000333,14:33:54,77.9200,14,1
2026-06-23,000333,14:33:57,77.9300,93,1
2026-06-23,000333,14:34:00,77.9400,24,1
2026-06-23,000333,14:34:03,77.9500,82,1
2026-06-23,000333,14:34:06,77.9500,18,4
2026-06-23,000333,14:34:09,77.9300,98,2
2026-06-23,000333,14:34:12,77.9400,47,2
2026-06-23,000333,14:34:15,77.9400,23,2
2026-06-23,000333,14:34:18,77.9400,22,2
2026-06-23,000333,14:34:21,77.9400,44,2
2026-06-23,000333,14:34:24,77.9500,35,2
2026-06-23,000333,14:34:27,77.9800,50,1
2026-06-23,000333,14:34:30,77.9700,45,2
2026-06-23,000333,14:34:33,77.9600,85,2
2026-06-23,000333,14:34:36,77.9600,40,1
2026-06-23,000333,14:34:39,77.9600,67,1
2026-06-23,000333,14:34:42,77.9200,206,2
2026-06-23,000333,14:34:45,77.9200,47,2
2026-06-23,000333,14:34:48,77.9000,275,2
2026-06-23,000333,14:34:51,77.9000,78,1
2026-06-23,000333,14:34:54,77.8900,45,1
2026-06-23,000333,14:34:57,77.8900,30,1
2026-06-23,000333,14:35:00,77.8800,62,2
2026-06-23,000333,14:35:03,77.8800,49,2
2026-06-23,000333,14:35:06,77.8900,26,2
2026-06-23,000333,14:35:09,77.8900,23,2
2026-06-23,000333,14:35:12,77.8900,8,2
2026-06-23,000333,14:35:15,77.9000,22,1
2026-06-23,000333,14:35:18,77.9000,116,2
2026-06-23,000333,14:35:21,77.9000,56,1
2026-06-23,000333,14:35:24,77.8900,7,2
2026-06-23,000333,14:35:27,77.8900,11,2
2026-06-23,000333,14:35:30,77.9600,217,1
2026-06-23,000333,14:35:33,77.9100,182,2
2026-06-23,000333,14:35:36,77.9500,61,1
2026-06-23,000333,14:35:39,77.9300,199,2
2026-06-23,000333,14:35:42,77.9500,51,1
2026-06-23,000333,14:35:45,77.9500,9,1
2026-06-23,000333,14:35:48,77.9300,18,2
2026-06-23,000333,14:35:51,77.9400,82,1
2026-06-23,000333,14:35:54,77.9400,77,4
2026-06-23,000333,14:35:57,77.9400,22,1
2026-06-23,000333,14:36:00,77.9500,18,1
2026-06-23,000333,14:36:03,77.9500,127,2
2026-06-23,000333,14:36:06,77.9400,80,2
2026-06-23,000333,14:36:09,77.9300,39,2
2026-06-23,000333,14:36:12,77.9400,54,1
2026-06-23,000333,14:36:15,77.9200,69,2
2026-06-23,000333,14:36:18,77.9400,83,1
2026-06-23,000333,14:36:21,77.9100,46,2
2026-06-23,000333,14:36:24,77.9100,87,2
2026-06-23,000333,14:36:27,77.9000,96,2
2026-06-23,000333,14:36:30,77.9100,126,2
2026-06-23,000333,14:36:33,77.9200,101,1
2026-06-23,000333,14:36:36,77.8600,742,2
2026-06-23,000333,14:36:39,77.8700,68,1
2026-06-23,000333,14:36:42,77.8900,46,1
2026-06-23,000333,14:36:45,77.8800,47,2
2026-06-23,000333,14:36:48,77.9000,62,1
2026-06-23,000333,14:36:51,77.9000,11,2
2026-06-23,000333,14:36:54,77.9300,145,1
2026-06-23,000333,14:36:57,77.9000,78,1
2026-06-23,000333,14:37:00,77.9100,44,1
2026-06-23,000333,14:37:03,77.9100,33,1
2026-06-23,000333,14:37:06,77.9000,17,2
2026-06-23,000333,14:37:09,77.9000,28,2
2026-06-23,000333,14:37:12,77.9000,39,2
2026-06-23,000333,14:37:15,77.8900,148,2
2026-06-23,000333,14:37:18,77.9000,34,1
2026-06-23,000333,14:37:21,77.8900,88,2
2026-06-23,000333,14:37:24,77.8900,36,2
2026-06-23,000333,14:37:27,77.9000,73,1
2026-06-23,000333,14:37:30,77.8900,28,2
2026-06-23,000333,14:37:33,77.8900,7,1
2026-06-23,000333,14:37:36,77.8700,140,2
2026-06-23,000333,14:37:39,77.8800,112,2
2026-06-23,000333,14:37:42,77.8900,128,1
2026-06-23,000333,14:37:45,77.8800,54,2
2026-06-23,000333,14:37:48,77.8900,21,4
2026-06-23,000333,14:37:51,77.8900,42,1
2026-06-23,000333,14:37:54,77.8900,10,1
2026-06-23,000333,14:37:57,77.9000,20,1
2026-06-23,000333,14:38:00,77.8900,84,2
2026-06-23,000333,14:38:03,77.8900,27,2
2026-06-23,000333,14:38:06,77.8800,35,2
2026-06-23,000333,14:38:09,77.8800,49,2
2026-06-23,000333,14:38:12,77.8800,62,2
2026-06-23,000333,14:38:15,77.8800,50,1
2026-06-23,000333,14:38:18,77.8800,33,1
2026-06-23,000333,14:38:21,77.8800,58,1
2026-06-23,000333,14:38:24,77.8800,38,4
2026-06-23,000333,14:38:27,77.8900,21,1
2026-06-23,000333,14:38:30,77.8600,41,2
2026-06-23,000333,14:38:33,77.8800,40,2
2026-06-23,000333,14:38:36,77.8800,100,2
2026-06-23,000333,14:38:39,77.9000,7,1
2026-06-23,000333,14:38:42,77.9100,82,1
2026-06-23,000333,14:38:45,77.9200,29,1
2026-06-23,000333,14:38:48,77.9400,48,1
2026-06-23,000333,14:38:51,77.9300,35,1
2026-06-23,000333,14:38:54,77.9300,40,1
2026-06-23,000333,14:38:57,77.9300,66,2
2026-06-23,000333,14:39:00,77.9300,140,4
2026-06-23,000333,14:39:03,77.9100,112,2
2026-06-23,000333,14:39:06,77.8600,212,2
2026-06-23,000333,14:39:09,77.8900,185,1
2026-06-23,000333,14:39:12,77.8800,80,1
2026-06-23,000333,14:39:15,77.9000,94,1
2026-06-23,000333,14:39:18,77.8900,87,1
2026-06-23,000333,14:39:21,77.8900,44,2
2026-06-23,000333,14:39:24,77.9000,17,1
2026-06-23,000333,14:39:27,77.9000,57,2
2026-06-23,000333,14:39:30,77.9000,14,1
2026-06-23,000333,14:39:33,77.8900,76,2
2026-06-23,000333,14:39:36,77.8900,117,1
2026-06-23,000333,14:39:39,77.9000,95,1
2026-06-23,000333,14:39:42,77.9000,159,1
2026-06-23,000333,14:39:45,77.8900,41,2
2026-06-23,000333,14:39:48,77.8900,12,2
2026-06-23,000333,14:39:51,77.9000,38,1
2026-06-23,000333,14:39:54,77.9000,102,2
2026-06-23,000333,14:39:57,77.9700,88,1
2026-06-23,000333,14:40:00,77.9600,45,1
2026-06-23,000333,14:40:03,77.9300,29,1
2026-06-23,000333,14:40:06,77.9200,61,2
2026-06-23,000333,14:40:09,77.9200,37,2
2026-06-23,000333,14:40:12,77.9200,11,2
2026-06-23,000333,14:40:15,77.9000,294,2
2026-06-23,000333,14:40:18,77.8900,151,2
2026-06-23,000333,14:40:21,77.8800,63,1
2026-06-23,000333,14:40:24,77.8600,208,2
2026-06-23,000333,14:40:27,77.8500,192,2
2026-06-23,000333,14:40:30,77.8700,113,1
2026-06-23,000333,14:40:33,77.8900,52,1
2026-06-23,000333,14:40:36,77.8700,63,2
2026-06-23,000333,14:40:39,77.8700,14,1
2026-06-23,000333,14:40:42,77.8900,41,1
2026-06-23,000333,14:40:45,77.8800,18,2
2026-06-23,000333,14:40:48,77.8900,22,1
2026-06-23,000333,14:40:51,77.9000,98,1
2026-06-23,000333,14:40:54,77.9000,49,1
2026-06-23,000333,14:40:57,77.8800,45,2
2026-06-23,000333,14:41:00,77.8900,59,1
2026-06-23,000333,14:41:03,77.8900,63,2
2026-06-23,000333,14:41:06,77.8900,45,2
2026-06-23,000333,14:41:09,77.8800,36,2
2026-06-23,000333,14:41:12,77.8800,21,2
2026-06-23,000333,14:41:15,77.8900,77,1
2026-06-23,000333,14:41:18,77.8800,34,2
2026-06-23,000333,14:41:21,77.8800,47,2
2026-06-23,000333,14:41:24,77.8600,112,2
2026-06-23,000333,14:41:27,77.8800,243,1
2026-06-23,000333,14:41:30,77.8500,166,2
2026-06-23,000333,14:41:33,77.8400,94,2
2026-06-23,000333,14:41:36,77.8400,71,1
2026-06-23,000333,14:41:39,77.8400,50,1
2026-06-23,000333,14:41:42,77.8400,77,2
2026-06-23,000333,14:41:45,77.8500,75,1
2026-06-23,000333,14:41:48,77.8500,88,4
2026-06-23,000333,14:41:51,77.8400,33,2
2026-06-23,000333,14:41:54,77.8500,15,4
2026-06-23,000333,14:41:57,77.8400,24,2
2026-06-23,000333,14:42:00,77.8500,76,1
2026-06-23,000333,14:42:03,77.8600,92,1
2026-06-23,000333,14:42:06,77.8500,84,2
2026-06-23,000333,14:42:09,77.8500,67,2
2026-06-23,000333,14:42:12,77.8400,39,4
2026-06-23,000333,14:42:15,77.8500,20,1
2026-06-23,000333,14:42:18,77.8500,56,1
2026-06-23,000333,14:42:21,77.8300,68,2
2026-06-23,000333,14:42:24,77.8500,60,1
2026-06-23,000333,14:42:27,77.8400,34,2
2026-06-23,000333,14:42:30,77.8300,46,2
2026-06-23,000333,14:42:33,77.8300,84,2
2026-06-23,000333,14:42:36,77.8200,71,2
2026-06-23,000333,14:42:39,77.8300,36,1
2026-06-23,000333,14:42:42,77.8200,141,2
2026-06-23,000333,14:42:45,77.8300,112,2
2026-06-23,000333,14:42:48,77.8300,56,1
2026-06-23,000333,14:42:51,77.8200,43,2
2026-06-23,000333,14:42:54,77.8200,23,2
2026-06-23,000333,14:42:57,77.8300,78,1
2026-06-23,000333,14:43:00,77.8600,126,1
2026-06-23,000333,14:43:03,77.8600,53,1
2026-06-23,000333,14:43:06,77.8700,83,1
2026-06-23,000333,14:43:09,77.8800,83,1
2026-06-23,000333,14:43:12,77.8700,61,2
2026-06-23,000333,14:43:15,77.8800,123,1
2026-06-23,000333,14:43:18,77.8800,93,1
2026-06-23,000333,14:43:21,77.8800,155,2
2026-06-23,000333,14:43:24,77.8900,114,1
2026-06-23,000333,14:43:27,77.8800,153,2
2026-06-23,000333,14:43:30,77.8900,56,1
2026-06-23,000333,14:43:33,77.8800,134,2
2026-06-23,000333,14:43:36,77.8900,90,1
2026-06-23,000333,14:43:39,77.8800,34,2
2026-06-23,000333,14:43:42,77.8800,134,1
2026-06-23,000333,14:43:45,77.8800,109,2
2026-06-23,000333,14:43:48,77.8600,48,2
2026-06-23,000333,14:43:51,77.8700,75,4
2026-06-23,000333,14:43:54,77.8700,49,1
2026-06-23,000333,14:43:57,77.8600,45,2
2026-06-23,000333,14:44:00,77.9000,330,1
2026-06-23,000333,14:44:03,77.9100,137,1
2026-06-23,000333,14:44:06,77.9100,101,2
2026-06-23,000333,14:44:09,77.9100,100,1
2026-06-23,000333,14:44:12,77.9100,168,1
2026-06-23,000333,14:44:15,77.9100,418,4
2026-06-23,000333,14:44:18,77.9200,122,1
2026-06-23,000333,14:44:21,77.9000,45,2
2026-06-23,000333,14:44:24,77.9600,113,1
2026-06-23,000333,14:44:27,77.9600,51,1
2026-06-23,000333,14:44:30,77.9600,86,1
2026-06-23,000333,14:44:33,77.9200,102,2
2026-06-23,000333,14:44:36,77.9500,14,1
2026-06-23,000333,14:44:39,77.9300,69,2
2026-06-23,000333,14:44:42,77.9500,21,4
2026-06-23,000333,14:44:45,77.9900,113,1
2026-06-23,000333,14:44:48,77.9800,36,2
2026-06-23,000333,14:44:51,77.9800,50,2
2026-06-23,000333,14:44:54,77.9900,113,1
2026-06-23,000333,14:44:57,78.0000,52,1
2026-06-23,000333,14:45:00,78.0000,92,2
2026-06-23,000333,14:45:03,78.0100,11,1
2026-06-23,000333,14:45:06,78.0100,184,1
2026-06-23,000333,14:45:09,78.0000,273,2
2026-06-23,000333,14:45:12,78.0100,14,1
2026-06-23,000333,14:45:15,78.0200,26,1
2026-06-23,000333,14:45:18,77.9900,174,2
2026-06-23,000333,14:45:21,77.9900,267,2
2026-06-23,000333,14:45:24,77.9900,23,1
2026-06-23,000333,14:45:27,77.9900,46,1
2026-06-23,000333,14:45:30,77.9900,45,1
2026-06-23,000333,14:45:33,78.0000,7,1
2026-06-23,000333,14:45:36,77.9900,76,2
2026-06-23,000333,14:45:39,77.9900,8,2
2026-06-23,000333,14:45:42,78.0000,236,1
2026-06-23,000333,14:45:45,78.0000,19,2
2026-06-23,000333,14:45:48,78.0100,17,1
2026-06-23,000333,14:45:51,78.0100,2,1
2026-06-23,000333,14:45:54,78.0300,78,1
2026-06-23,000333,14:45:57,78.0300,24,1
2026-06-23,000333,14:46:00,78.0400,33,1
2026-06-23,000333,14:46:03,78.0500,46,1
2026-06-23,000333,14:46:06,78.0300,77,2
2026-06-23,000333,14:46:09,78.0200,102,2
2026-06-23,000333,14:46:12,78.0000,109,2
2026-06-23,000333,14:46:15,78.0000,74,2
2026-06-23,000333,14:46:18,78.0100,13,1
2026-06-23,000333,14:46:21,78.0100,56,1
2026-06-23,000333,14:46:24,78.0000,12,2
2026-06-23,000333,14:46:27,78.0000,77,2
2026-06-23,000333,14:46:30,78.0000,105,2
2026-06-23,000333,14:46:33,77.9900,572,2
2026-06-23,000333,14:46:36,77.9300,137,2
2026-06-23,000333,14:46:39,77.9300,17,2
2026-06-23,000333,14:46:42,77.9500,52,1
2026-06-23,000333,14:46:45,77.9300,187,2
2026-06-23,000333,14:46:48,77.9400,94,4
2026-06-23,000333,14:46:51,77.9000,129,2
2026-06-23,000333,14:46:54,77.9300,59,1
2026-06-23,000333,14:46:57,77.8900,178,2
2026-06-23,000333,14:47:00,77.9000,183,2
2026-06-23,000333,14:47:03,77.8800,167,2
2026-06-23,000333,14:47:06,77.9000,167,1
2026-06-23,000333,14:47:09,77.9100,72,1
2026-06-23,000333,14:47:12,77.9000,118,2
2026-06-23,000333,14:47:15,77.9000,94,1
2026-06-23,000333,14:47:18,77.8900,44,1
2026-06-23,000333,14:47:21,77.9100,142,1
2026-06-23,000333,14:47:24,77.8700,73,2
2026-06-23,000333,14:47:27,77.8900,18,2
2026-06-23,000333,14:47:30,77.8800,40,2
2026-06-23,000333,14:47:33,77.8800,56,4
2026-06-23,000333,14:47:36,77.8700,226,2
2026-06-23,000333,14:47:39,77.8700,149,1
2026-06-23,000333,14:47:42,77.8800,31,1
2026-06-23,000333,14:47:45,77.8500,102,2
2026-06-23,000333,14:47:48,77.8700,34,1
2026-06-23,000333,14:47:51,77.8800,100,1
2026-06-23,000333,14:47:54,77.8800,81,1
2026-06-23,000333,14:47:57,77.8800,19,2
2026-06-23,000333,14:48:00,77.8900,65,1
2026-06-23,000333,14:48:03,77.8900,26,2
2026-06-23,000333,14:48:06,77.9000,14,1
2026-06-23,000333,14:48:09,77.9000,59,1
2026-06-23,000333,14:48:12,77.8900,112,2
2026-06-23,000333,14:48:15,77.9000,63,1
2026-06-23,000333,14:48:18,77.9000,133,2
2026-06-23,000333,14:48:21,77.9200,21,1
2026-06-23,000333,14:48:24,77.9200,9,2
2026-06-23,000333,14:48:27,77.9300,63,1
2026-06-23,000333,14:48:30,77.9400,39,1
2026-06-23,000333,14:48:33,77.9300,19,2
2026-06-23,000333,14:48:36,77.9300,369,1
2026-06-23,000333,14:48:39,77.9300,128,2
2026-06-23,000333,14:48:42,77.9200,27,2
2026-06-23,000333,14:48:45,77.9100,23,2
2026-06-23,000333,14:48:48,77.9000,71,2
2026-06-23,000333,14:48:51,77.9300,40,1
2026-06-23,000333,14:48:54,77.9200,43,2
2026-06-23,000333,14:48:57,77.9300,37,2
2026-06-23,000333,14:49:00,77.9200,367,2
2026-06-23,000333,14:49:03,77.9100,188,2
2026-06-23,000333,14:49:06,77.9200,104,1
2026-06-23,000333,14:49:09,77.9100,24,2
2026-06-23,000333,14:49:12,77.9200,4,2
2026-06-23,000333,14:49:15,77.9100,60,2
2026-06-23,000333,14:49:18,77.9200,323,2
2026-06-23,000333,14:49:21,77.9600,97,1
2026-06-23,000333,14:49:24,77.9900,515,1
2026-06-23,000333,14:49:27,78.0000,710,1
2026-06-23,000333,14:49:30,78.0100,136,1
2026-06-23,000333,14:49:33,77.9700,21,2
2026-06-23,000333,14:49:36,77.9700,321,1
2026-06-23,000333,14:49:39,77.9700,118,2
2026-06-23,000333,14:49:42,77.9700,26,1
2026-06-23,000333,14:49:45,77.9700,29,1
2026-06-23,000333,14:49:48,77.9700,50,2
2026-06-23,000333,14:49:51,77.9700,92,1
2026-06-23,000333,14:49:54,77.9700,43,1
2026-06-23,000333,14:49:57,78.0000,299,1
2026-06-23,000333,14:50:00,78.0300,160,1
2026-06-23,000333,14:50:03,78.0100,18,1
2026-06-23,000333,14:50:06,78.0000,7,4
2026-06-23,000333,14:50:09,78.0000,82,1
2026-06-23,000333,14:50:12,78.0000,114,2
2026-06-23,000333,14:50:15,78.0000,208,1
2026-06-23,000333,14:50:18,78.0100,27,1
2026-06-23,000333,14:50:21,78.0200,60,1
2026-06-23,000333,14:50:24,78.0200,80,2
2026-06-23,000333,14:50:27,78.0100,38,2
2026-06-23,000333,14:50:30,78.0300,41,1
2026-06-23,000333,14:50:33,78.0200,114,2
2026-06-23,000333,14:50:36,78.0100,13,2
2026-06-23,000333,14:50:39,77.9600,471,2
2026-06-23,000333,14:50:42,77.9700,87,2
2026-06-23,000333,14:50:45,77.9600,24,2
2026-06-23,000333,14:50:48,77.9700,66,1
2026-06-23,000333,14:50:51,77.9700,128,1
2026-06-23,000333,14:50:54,77.9700,96,2
2026-06-23,000333,14:50:57,77.9800,22,1
2026-06-23,000333,14:51:00,77.9700,129,2
2026-06-23,000333,14:51:03,77.9900,210,1
2026-06-23,000333,14:51:06,78.0000,233,1
2026-06-23,000333,14:51:09,78.0000,33,2
2026-06-23,000333,14:51:12,78.0000,73,2
2026-06-23,000333,14:51:15,78.0100,54,1
2026-06-23,000333,14:51:18,78.0200,211,1
2026-06-23,000333,14:51:21,78.0500,71,1
2026-06-23,000333,14:51:24,78.0700,61,1
2026-06-23,000333,14:51:27,78.0100,100,2
2026-06-23,000333,14:51:30,78.0200,42,1
2026-06-23,000333,14:51:33,78.0200,15,1
2026-06-23,000333,14:51:36,78.0200,21,1
2026-06-23,000333,14:51:39,78.0100,29,2
2026-06-23,000333,14:51:42,78.0200,97,2
2026-06-23,000333,14:51:45,78.0200,152,2
2026-06-23,000333,14:51:48,78.0200,171,1
2026-06-23,000333,14:51:51,78.0000,58,2
2026-06-23,000333,14:51:54,78.0200,137,1
2026-06-23,000333,14:51:57,78.0200,150,2
2026-06-23,000333,14:52:00,78.0300,228,4
2026-06-23,000333,14:52:03,78.0300,139,2
2026-06-23,000333,14:52:06,78.0100,206,2
2026-06-23,000333,14:52:09,78.0100,24,1
2026-06-23,000333,14:52:12,78.0100,144,2
2026-06-23,000333,14:52:15,78.0100,50,2
2026-06-23,000333,14:52:18,78.0100,19,2
2026-06-23,000333,14:52:21,78.0000,55,2
2026-06-23,000333,14:52:24,78.0000,22,2
2026-06-23,000333,14:52:27,78.0000,160,2
2026-06-23,000333,14:52:30,77.9800,71,2
2026-06-23,000333,14:52:33,78.0000,63,1
2026-06-23,000333,14:52:36,78.0000,6,1
2026-06-23,000333,14:52:39,77.9900,37,1
2026-06-23,000333,14:52:42,77.9700,135,2
2026-06-23,000333,14:52:45,78.0000,80,1
2026-06-23,000333,14:52:48,77.9900,32,2
2026-06-23,000333,14:52:51,77.9900,43,1
2026-06-23,000333,14:52:54,78.0100,129,1
2026-06-23,000333,14:52:57,78.0100,60,4
2026-06-23,000333,14:53:00,78.0200,49,2
2026-06-23,000333,14:53:03,77.9900,106,2
2026-06-23,000333,14:53:06,78.0000,60,2
2026-06-23,000333,14:53:09,78.0100,102,1
2026-06-23,000333,14:53:12,78.0100,76,2
2026-06-23,000333,14:53:15,78.0100,21,2
2026-06-23,000333,14:53:18,78.0200,121,1
2026-06-23,000333,14:53:21,78.0200,25,2
2026-06-23,000333,14:53:24,78.0300,67,1
2026-06-23,000333,14:53:27,78.0200,31,4
2026-06-23,000333,14:53:30,78.0300,40,1
2026-06-23,000333,14:53:33,78.0300,39,1
2026-06-23,000333,14:53:36,78.0200,41,2
2026-06-23,000333,14:53:39,78.0100,49,2
2026-06-23,000333,14:53:42,78.0100,70,2
2026-06-23,000333,14:53:45,78.0000,104,2
2026-06-23,000333,14:53:48,78.0100,29,1
2026-06-23,000333,14:53:51,78.0100,115,1
2026-06-23,000333,14:53:54,78.0000,96,2
2026-06-23,000333,14:53:57,78.0000,30,2
2026-06-23,000333,14:54:00,78.0500,247,1
2026-06-23,000333,14:54:03,78.0500,188,1
2026-06-23,000333,14:54:06,78.0500,90,1
2026-06-23,000333,14:54:09,78.0300,34,2
2026-06-23,000333,14:54:12,78.0500,23,1
2026-06-23,000333,14:54:15,78.0400,16,1
2026-06-23,000333,14:54:18,78.0400,25,1
2026-06-23,000333,14:54:21,78.0300,150,2
2026-06-23,000333,14:54:24,78.0100,39,2
2026-06-23,000333,14:54:27,78.0100,91,2
2026-06-23,000333,14:54:30,78.0100,43,2
2026-06-23,000333,14:54:33,78.0500,143,1
2026-06-23,000333,14:54:36,78.0200,71,4
2026-06-23,000333,14:54:39,78.0200,30,1
2026-06-23,000333,14:54:42,78.0200,160,1
2026-06-23,000333,14:54:45,78.0100,87,1
2026-06-23,000333,14:54:48,78.0100,126,2
2026-06-23,000333,14:54:51,78.0100,81,2
2026-06-23,000333,14:54:54,78.0000,47,2
2026-06-23,000333,14:54:57,78.0200,117,1
2026-06-23,000333,14:55:00,78.0200,81,4
2026-06-23,000333,14:55:03,78.0100,126,2
2026-06-23,000333,14:55:06,78.0200,52,1
2026-06-23,000333,14:55:09,78.0300,31,2
2026-06-23,000333,14:55:12,78.0100,112,2
2026-06-23,000333,14:55:15,78.0100,76,2
2026-06-23,000333,14:55:18,78.0000,24,2
2026-06-23,000333,14:55:21,78.0000,41,2
2026-06-23,000333,14:55:24,78.0000,128,2
2026-06-23,000333,14:55:27,78.0000,51,2
2026-06-23,000333,14:55:30,78.0000,13,2
2026-06-23,000333,14:55:33,78.0100,84,1
2026-06-23,000333,14:55:36,78.0100,48,2
2026-06-23,000333,14:55:39,78.0100,129,2
2026-06-23,000333,14:55:42,78.0000,222,2
2026-06-23,000333,14:55:45,78.0000,47,2
2026-06-23,000333,14:55:48,78.0100,22,4
2026-06-23,000333,14:55:51,78.0200,22,1
2026-06-23,000333,14:55:54,78.0000,95,2
2026-06-23,000333,14:55:57,78.0100,154,1
2026-06-23,000333,14:56:00,78.0200,131,1
2026-06-23,000333,14:56:03,78.0000,171,2
2026-06-23,000333,14:56:06,78.0300,104,1
2026-06-23,000333,14:56:09,78.0100,63,2
2026-06-23,000333,14:56:12,78.0100,77,1
2026-06-23,000333,14:56:15,78.0000,201,2
2026-06-23,000333,14:56:18,77.9800,216,2
2026-06-23,000333,14:56:21,77.9800,46,2
2026-06-23,000333,14:56:24,77.9800,10,2
2026-06-23,000333,14:56:27,77.9800,55,2
2026-06-23,000333,14:56:30,77.9800,54,2
2026-06-23,000333,14:56:33,77.9900,80,1
2026-06-23,000333,14:56:36,77.9800,74,2
2026-06-23,000333,14:56:39,77.9900,82,1
2026-06-23,000333,14:56:42,77.9900,20,2
2026-06-23,000333,14:56:45,77.9900,67,2
2026-06-23,000333,14:56:48,77.9900,32,2
2026-06-23,000333,14:56:51,78.0000,17,1
2026-06-23,000333,14:56:54,78.0000,43,2
2026-06-23,000333,14:56:57,78.0000,70,1
2026-06-23,000333,14:57:00,77.9900,404,2
2026-06-23,000333,15:00:03,78.0700,4401,4
2026-06-23,000333,13:16:42,78.4400,237,2
2026-06-23,000333,13:16:45,78.4500,102,2
2026-06-23,000333,13:16:48,78.4700,71,1
2026-06-23,000333,13:16:51,78.4600,52,2
2026-06-23,000333,13:16:54,78.4700,13,1
2026-06-23,000333,13:16:57,78.4700,12,1
2026-06-23,000333,13:17:00,78.4500,29,2
2026-06-23,000333,13:17:03,78.4800,19,1
2026-06-23,000333,13:17:06,78.4800,15,1
2026-06-23,000333,13:17:09,78.5400,174,1
2026-06-23,000333,13:17:12,78.5500,156,1
2026-06-23,000333,13:17:15,78.4800,58,2
2026-06-23,000333,13:17:18,78.5600,209,1
2026-06-23,000333,13:17:21,78.4900,60,2
2026-06-23,000333,13:17:24,78.5000,24,1
2026-06-23,000333,13:17:27,78.5000,30,1
2026-06-23,000333,13:17:30,78.5100,54,1
2026-06-23,000333,13:17:33,78.4800,16,1
2026-06-23,000333,13:17:36,78.4600,176,2
2026-06-23,000333,13:17:39,78.4800,70,1
2026-06-23,000333,13:17:42,78.4600,21,2
2026-06-23,000333,13:17:45,78.4300,56,2
2026-06-23,000333,13:17:48,78.3900,77,2
2026-06-23,000333,13:17:51,78.4100,35,1
2026-06-23,000333,13:17:54,78.3900,61,2
2026-06-23,000333,13:17:57,78.3900,47,2
2026-06-23,000333,13:18:00,78.4000,25,1
2026-06-23,000333,13:18:03,78.3700,61,2
2026-06-23,000333,13:18:06,78.3600,55,2
2026-06-23,000333,13:18:09,78.3500,45,2
2026-06-23,000333,13:18:12,78.3700,30,1
2026-06-23,000333,13:18:15,78.3600,40,2
2026-06-23,000333,13:18:18,78.3600,66,2
2026-06-23,000333,13:18:21,78.3600,32,2
2026-06-23,000333,13:18:24,78.3500,30,2
2026-06-23,000333,13:18:27,78.3300,49,2
2026-06-23,000333,13:18:30,78.3300,22,1
2026-06-23,000333,13:18:33,78.3300,8,2
2026-06-23,000333,13:18:36,78.3200,15,2
2026-06-23,000333,13:18:39,78.3100,35,2
2026-06-23,000333,13:18:42,78.3300,22,1
2026-06-23,000333,13:18:45,78.3100,230,2
2026-06-23,000333,13:18:48,78.3200,84,2
2026-06-23,000333,13:18:51,78.3100,39,2
2026-06-23,000333,13:18:54,78.3100,45,2
2026-06-23,000333,13:18:57,78.3400,21,1
2026-06-23,000333,13:19:00,78.3400,40,2
2026-06-23,000333,13:19:03,78.3400,44,2
2026-06-23,000333,13:19:06,78.3500,58,2
2026-06-23,000333,13:19:09,78.3500,60,2
2026-06-23,000333,13:19:12,78.3300,46,2
2026-06-23,000333,13:19:15,78.3200,165,2
2026-06-23,000333,13:19:18,78.3500,131,1
2026-06-23,000333,13:19:21,78.3500,106,2
2026-06-23,000333,13:19:24,78.3500,37,2
2026-06-23,000333,13:19:27,78.3600,83,1
2026-06-23,000333,13:19:30,78.3600,32,4
2026-06-23,000333,13:19:33,78.3600,35,1
2026-06-23,000333,13:19:36,78.3600,9,2
2026-06-23,000333,13:19:39,78.3700,114,1
2026-06-23,000333,13:19:42,78.3700,80,2
2026-06-23,000333,13:19:45,78.3800,86,1
2026-06-23,000333,13:19:48,78.3800,32,2
2026-06-23,000333,13:19:51,78.3600,18,2
2026-06-23,000333,13:19:54,78.3700,107,1
2026-06-23,000333,13:19:57,78.3600,21,4
2026-06-23,000333,13:20:00,78.3500,100,2
2026-06-23,000333,13:20:03,78.3100,46,2
2026-06-23,000333,13:20:06,78.3300,38,1
2026-06-23,000333,13:20:09,78.3400,107,1
2026-06-23,000333,13:20:12,78.3100,21,2
2026-06-23,000333,13:20:15,78.3100,58,2
2026-06-23,000333,13:20:18,78.3000,17,2
2026-06-23,000333,13:20:21,78.3000,34,2
2026-06-23,000333,13:20:24,78.3000,19,1
2026-06-23,000333,13:20:27,78.3000,9,1
2026-06-23,000333,13:20:30,78.2900,96,2
2026-06-23,000333,13:20:33,78.2900,71,1
2026-06-23,000333,13:20:36,78.3000,32,1
2026-06-23,000333,13:20:39,78.3000,53,1
2026-06-23,000333,13:20:42,78.3000,13,1
2026-06-23,000333,13:20:45,78.2800,38,2
2026-06-23,000333,13:20:48,78.3100,14,1
2026-06-23,000333,13:20:51,78.3000,5,1
2026-06-23,000333,13:20:54,78.3000,12,1
2026-06-23,000333,13:20:57,78.2900,35,2
2026-06-23,000333,13:21:00,78.2900,37,1
2026-06-23,000333,13:21:03,78.2900,55,1
2026-06-23,000333,13:21:06,78.2900,73,1
2026-06-23,000333,13:21:09,78.3000,81,1
2026-06-23,000333,13:21:12,78.3100,47,4
2026-06-23,000333,13:21:15,78.3100,34,2
2026-06-23,000333,13:21:18,78.3200,73,1
2026-06-23,000333,13:21:21,78.3300,21,1
2026-06-23,000333,13:21:24,78.3300,13,1
2026-06-23,000333,13:21:27,78.3300,22,1
2026-06-23,000333,13:21:30,78.3300,21,2
2026-06-23,000333,13:21:33,78.3400,10,1
2026-06-23,000333,13:21:36,78.3300,6,2
2026-06-23,000333,13:21:39,78.3400,46,2
2026-06-23,000333,13:21:42,78.3500,23,1
2026-06-23,000333,13:21:45,78.3400,8,2
2026-06-23,000333,13:21:48,78.3500,5,2
2026-06-23,000333,13:21:51,78.3600,12,1
2026-06-23,000333,13:21:54,78.3500,16,2
2026-06-23,000333,13:21:57,78.3400,60,2
2026-06-23,000333,13:22:00,78.3400,74,2
2026-06-23,000333,13:22:03,78.3300,68,2
2026-06-23,000333,13:22:06,78.3300,42,2
2026-06-23,000333,13:22:09,78.3100,41,2
2026-06-23,000333,13:22:12,78.3000,148,2
2026-06-23,000333,13:22:15,78.3000,71,2
2026-06-23,000333,13:22:18,78.2900,53,1
2026-06-23,000333,13:22:21,78.2700,29,2
2026-06-23,000333,13:22:24,78.2800,21,2
2026-06-23,000333,13:22:27,78.2700,34,2
2026-06-23,000333,13:22:30,78.2700,13,2
2026-06-23,000333,13:22:33,78.2700,10,2
2026-06-23,000333,13:22:36,78.2800,11,1
2026-06-23,000333,13:22:39,78.2800,10,1
2026-06-23,000333,13:22:42,78.2800,36,1
2026-06-23,000333,13:22:45,78.2700,37,2
2026-06-23,000333,13:22:48,78.2700,11,2
2026-06-23,000333,13:22:51,78.2800,48,1
2026-06-23,000333,13:22:54,78.2800,2,1
2026-06-23,000333,13:23:00,78.2800,19,1
2026-06-23,000333,13:23:03,78.2800,13,1
2026-06-23,000333,13:23:06,78.2800,5,1
2026-06-23,000333,13:23:09,78.2800,54,1
2026-06-23,000333,13:23:12,78.2900,64,1
2026-06-23,000333,13:23:15,78.2800,31,2
2026-06-23,000333,13:23:18,78.2800,74,2
2026-06-23,000333,13:23:21,78.2800,6,1
2026-06-23,000333,13:23:24,78.2700,31,4
2026-06-23,000333,13:23:27,78.2800,2,2
2026-06-23,000333,13:23:30,78.2900,13,1
2026-06-23,000333,13:23:33,78.3000,22,1
2026-06-23,000333,13:23:36,78.2900,4,2
2026-06-23,000333,13:23:42,78.2900,3,2
2026-06-23,000333,13:23:45,78.3000,21,1
2026-06-23,000333,13:23:48,78.2800,38,2
2026-06-23,000333,13:23:51,78.3000,13,1
2026-06-23,000333,13:23:54,78.3000,11,1
2026-06-23,000333,13:23:57,78.3000,18,2
2026-06-23,000333,13:24:00,78.3100,17,1
2026-06-23,000333,13:24:03,78.3100,30,1
2026-06-23,000333,13:24:06,78.2900,13,2
2026-06-23,000333,13:24:09,78.3000,40,2
2026-06-23,000333,13:24:12,78.2800,90,2
2026-06-23,000333,13:24:15,78.2900,61,4
2026-06-23,000333,13:24:18,78.2800,228,2
2026-06-23,000333,13:24:21,78.2800,31,4
2026-06-23,000333,13:24:24,78.2800,28,1
2026-06-23,000333,13:24:27,78.2700,50,2
2026-06-23,000333,13:24:30,78.2800,13,2
2026-06-23,000333,13:24:33,78.2800,11,2
2026-06-23,000333,13:24:36,78.2900,16,1
2026-06-23,000333,13:24:39,78.2900,37,1
2026-06-23,000333,13:24:42,78.2900,78,1
2026-06-23,000333,13:24:45,78.2900,22,1
2026-06-23,000333,13:24:48,78.2800,38,2
2026-06-23,000333,13:24:51,78.2900,19,4
2026-06-23,000333,13:24:54,78.2900,32,1
2026-06-23,000333,13:24:57,78.2800,26,2
2026-06-23,000333,13:25:00,78.2900,66,1
2026-06-23,000333,13:25:03,78.2800,14,2
2026-06-23,000333,13:25:06,78.2800,103,2
2026-06-23,000333,13:25:09,78.2800,66,2
2026-06-23,000333,13:25:12,78.2800,42,1
2026-06-23,000333,13:25:15,78.2800,32,1
2026-06-23,000333,13:25:18,78.2900,37,4
2026-06-23,000333,13:25:21,78.2800,50,2
2026-06-23,000333,13:25:24,78.2900,33,1
2026-06-23,000333,13:25:27,78.3100,15,1
2026-06-23,000333,13:25:30,78.2900,13,2
2026-06-23,000333,13:25:33,78.3000,4,1
2026-06-23,000333,13:25:36,78.3100,11,1
2026-06-23,000333,13:25:39,78.3100,5,1
2026-06-23,000333,13:25:42,78.3100,14,1
2026-06-23,000333,13:25:45,78.3000,75,2
2026-06-23,000333,13:25:48,78.3000,26,2
2026-06-23,000333,13:25:51,78.3000,24,2
2026-06-23,000333,13:25:54,78.3000,23,2
2026-06-23,000333,13:25:57,78.3000,11,2
2026-06-23,000333,13:26:00,78.3000,21,2
2026-06-23,000333,13:26:03,78.3000,25,1
2026-06-23,000333,13:26:06,78.3000,19,2
2026-06-23,000333,13:26:09,78.3000,4,2
2026-06-23,000333,13:26:12,78.3100,23,1
2026-06-23,000333,13:26:15,78.3200,4,1
2026-06-23,000333,13:26:18,78.3000,120,2
2026-06-23,000333,13:26:21,78.3100,26,2
2026-06-23,000333,13:26:24,78.3100,17,2
2026-06-23,000333,13:26:27,78.3100,54,2
2026-06-23,000333,13:26:30,78.3500,99,1
2026-06-23,000333,13:26:33,78.3700,38,1
2026-06-23,000333,13:26:36,78.4000,127,1
2026-06-23,000333,13:26:39,78.3700,38,1
2026-06-23,000333,13:26:42,78.3500,16,2
2026-06-23,000333,13:26:45,78.3600,34,1
2026-06-23,000333,13:26:48,78.3700,24,1
2026-06-23,000333,13:26:51,78.3700,43,2
2026-06-23,000333,13:26:54,78.3600,24,2
2026-06-23,000333,13:26:57,78.3500,4,2
2026-06-23,000333,13:27:00,78.4000,103,1
2026-06-23,000333,13:27:03,78.3700,27,2
2026-06-23,000333,13:27:06,78.3800,21,1
2026-06-23,000333,13:27:09,78.3800,33,1
2026-06-23,000333,13:27:12,78.3900,48,1
2026-06-23,000333,13:27:15,78.3700,12,1
2026-06-23,000333,13:27:18,78.3700,7,2
2026-06-23,000333,13:27:21,78.3800,5,2
2026-06-23,000333,13:27:24,78.4000,18,1
2026-06-23,000333,13:27:27,78.3900,9,2
2026-06-23,000333,13:27:30,78.4000,93,2
2026-06-23,000333,13:27:33,78.3900,32,2
2026-06-23,000333,13:27:36,78.3800,20,2
2026-06-23,000333,13:27:39,78.3900,30,1
2026-06-23,000333,13:27:42,78.3800,11,2
2026-06-23,000333,13:27:45,78.3900,28,1
2026-06-23,000333,13:27:48,78.3900,6,1
2026-06-23,000333,13:27:51,78.3900,32,1
2026-06-23,000333,13:27:54,78.3900,35,1
2026-06-23,000333,13:27:57,78.3800,4,2
2026-06-23,000333,13:28:00,78.3900,5,2
2026-06-23,000333,13:28:03,78.3900,2,2
2026-06-23,000333,13:28:06,78.4000,35,1
2026-06-23,000333,13:28:09,78.3900,130,2
2026-06-23,000333,13:28:12,78.3800,46,4
2026-06-23,000333,13:28:15,78.3700,48,2
2026-06-23,000333,13:28:18,78.3600,28,2
2026-06-23,000333,13:28:21,78.3900,28,1
2026-06-23,000333,13:28:24,78.3900,14,1
2026-06-23,000333,13:28:27,78.3800,21,2
2026-06-23,000333,13:28:30,78.4000,107,1
2026-06-23,000333,13:28:33,78.4300,85,1
2026-06-23,000333,13:28:36,78.4200,36,4
2026-06-23,000333,13:28:39,78.4200,54,2
2026-06-23,000333,13:28:42,78.4300,33,1
2026-06-23,000333,13:28:45,78.4300,92,1
2026-06-23,000333,13:28:48,78.4400,32,4
2026-06-23,000333,13:28:51,78.4400,22,2
2026-06-23,000333,13:28:54,78.4200,30,2
2026-06-23,000333,13:28:57,78.4200,13,1
2026-06-23,000333,13:29:00,78.4100,10,2
2026-06-23,000333,13:29:03,78.4100,40,1
2026-06-23,000333,13:29:06,78.4100,25,1
2026-06-23,000333,13:29:09,78.4000,23,2
2026-06-23,000333,13:29:12,78.4000,29,2
2026-06-23,000333,13:29:15,78.4600,253,1
2026-06-23,000333,13:29:18,78.4300,135,2
2026-06-23,000333,13:29:21,78.4200,51,2
2026-06-23,000333,13:29:24,78.4200,38,2
2026-06-23,000333,13:29:27,78.4300,25,2
2026-06-23,000333,13:29:30,78.4300,17,2
2026-06-23,000333,13:29:33,78.4300,17,2
2026-06-23,000333,13:29:36,78.4400,8,2
2026-06-23,000333,13:29:39,78.4500,6,1
2026-06-23,000333,13:29:42,78.4400,26,2
2026-06-23,000333,13:29:45,78.4400,13,2
2026-06-23,000333,13:29:48,78.4300,19,2
2026-06-23,000333,13:29:51,78.4300,32,2
2026-06-23,000333,13:29:54,78.4200,8,2
2026-06-23,000333,13:29:57,78.4200,25,2
2026-06-23,000333,13:30:00,78.4200,12,1
2026-06-23,000333,13:30:03,78.4400,132,1
2026-06-23,000333,13:30:06,78.4300,38,1
2026-06-23,000333,13:30:09,78.4200,47,2
2026-06-23,000333,13:30:12,78.4300,13,4
2026-06-23,000333,13:30:15,78.4200,46,2
2026-06-23,000333,13:30:18,78.4300,11,2
2026-06-23,000333,13:30:21,78.4400,34,1
2026-06-23,000333,13:30:24,78.4500,83,1
2026-06-23,000333,13:30:27,78.4000,20,2
2026-06-23,000333,13:30:30,78.4300,31,2
2026-06-23,000333,13:30:33,78.4200,10,4
2026-06-23,000333,13:30:36,78.4300,57,1
2026-06-23,000333,13:30:39,78.4300,26,1
2026-06-23,000333,13:30:42,78.4700,148,1
2026-06-23,000333,13:30:45,78.4200,61,2
2026-06-23,000333,13:30:48,78.4300,152,1
2026-06-23,000333,13:30:51,78.4100,36,2
2026-06-23,000333,13:30:54,78.4100,22,2
2026-06-23,000333,13:30:57,78.4300,36,1
2026-06-23,000333,13:31:00,78.4600,23,1
2026-06-23,000333,13:31:03,78.4600,27,1
2026-06-23,000333,13:31:06,78.4600,126,1
2026-06-23,000333,13:31:09,78.4300,80,2
2026-06-23,000333,13:31:12,78.4200,22,2
2026-06-23,000333,13:31:15,78.4300,93,4
2026-06-23,000333,13:31:18,78.4300,81,1
2026-06-23,000333,13:31:21,78.4000,32,2
2026-06-23,000333,13:31:24,78.4100,29,2
2026-06-23,000333,13:31:27,78.4200,83,1
2026-06-23,000333,13:31:30,78.4300,46,1
2026-06-23,000333,13:31:33,78.4300,9,1
2026-06-23,000333,13:31:36,78.4200,101,2
2026-06-23,000333,13:31:39,78.4300,76,1
2026-06-23,000333,13:31:42,78.4200,22,2
2026-06-23,000333,13:31:45,78.4300,35,1
2026-06-23,000333,13:31:48,78.4200,60,4
2026-06-23,000333,13:31:51,78.4200,29,2
2026-06-23,000333,13:31:54,78.4200,25,2
2026-06-23,000333,13:31:57,78.4300,41,1
2026-06-23,000333,13:32:00,78.4200,124,1
2026-06-23,000333,13:32:03,78.4300,43,2
2026-06-23,000333,13:32:06,78.4100,28,4
2026-06-23,000333,13:32:09,78.4100,70,4
2026-06-23,000333,13:32:12,78.3900,191,2
2026-06-23,000333,13:32:15,78.3800,76,1
2026-06-23,000333,13:32:18,78.3800,21,1
2026-06-23,000333,13:32:21,78.3500,36,2
2026-06-23,000333,13:32:24,78.3200,35,2
2026-06-23,000333,13:32:27,78.3600,35,2
2026-06-23,000333,13:32:30,78.3500,7,1
2026-06-23,000333,13:32:33,78.3200,16,2
2026-06-23,000333,13:32:36,78.3200,219,2
2026-06-23,000333,13:32:39,78.3600,44,1
2026-06-23,000333,13:32:42,78.3500,26,2
2026-06-23,000333,13:32:45,78.3600,9,2
2026-06-23,000333,13:32:48,78.3600,8,2
2026-06-23,000333,13:32:51,78.3700,7,2
2026-06-23,000333,13:32:54,78.4000,53,1
2026-06-23,000333,13:32:57,78.3800,21,2
2026-06-23,000333,13:33:00,78.3900,20,2
2026-06-23,000333,13:33:03,78.3700,10,2
2026-06-23,000333,13:33:06,78.3800,29,1
2026-06-23,000333,13:33:09,78.3800,38,1
2026-06-23,000333,13:33:12,78.3600,18,2
2026-06-23,000333,13:33:15,78.3500,6,2
2026-06-23,000333,13:33:18,78.3600,29,1
2026-06-23,000333,13:33:21,78.3700,11,1
2026-06-23,000333,13:33:24,78.3600,18,2
2026-06-23,000333,13:33:27,78.3700,26,1
2026-06-23,000333,13:33:30,78.3600,22,2
2026-06-23,000333,13:33:33,78.3700,7,2
2026-06-23,000333,13:33:36,78.3700,11,1
2026-06-23,000333,13:33:39,78.3700,78,2
2026-06-23,000333,13:33:42,78.3700,43,1
2026-06-23,000333,13:33:45,78.3800,9,1
2026-06-23,000333,13:33:48,78.3800,11,1
2026-06-23,000333,13:33:51,78.3700,2,1
2026-06-23,000333,13:33:54,78.3600,8,2
2026-06-23,000333,13:33:57,78.3600,24,2
2026-06-23,000333,13:34:00,78.3600,4,1
2026-06-23,000333,13:34:03,78.3700,18,1
2026-06-23,000333,13:34:06,78.3600,62,1
2026-06-23,000333,13:34:09,78.3600,19,1
2026-06-23,000333,13:34:12,78.3600,51,1
2026-06-23,000333,13:34:18,78.3500,96,2
2026-06-23,000333,13:34:21,78.3400,52,2
2026-06-23,000333,13:34:24,78.3600,28,1
2026-06-23,000333,13:34:27,78.3400,55,2
2026-06-23,000333,13:34:30,78.3600,186,1
2026-06-23,000333,13:34:33,78.3700,117,1
2026-06-23,000333,13:34:36,78.3600,35,2
2026-06-23,000333,13:34:39,78.3700,28,1
2026-06-23,000333,13:34:42,78.3600,46,2
2026-06-23,000333,13:34:45,78.3700,25,2
2026-06-23,000333,13:34:48,78.3900,9,1
2026-06-23,000333,13:34:51,78.3900,9,1
2026-06-23,000333,13:34:54,78.3800,23,2
2026-06-23,000333,13:34:57,78.3700,9,2
2026-06-23,000333,13:35:00,78.3800,16,1
2026-06-23,000333,13:35:03,78.3700,2,2
2026-06-23,000333,13:35:06,78.3800,84,1
2026-06-23,000333,13:35:09,78.3800,45,1
2026-06-23,000333,13:35:12,78.3800,58,1
2026-06-23,000333,13:35:15,78.3700,112,1
2026-06-23,000333,13:35:18,78.3500,50,2
2026-06-23,000333,13:35:21,78.3700,23,1
2026-06-23,000333,13:35:24,78.3800,27,1
2026-06-23,000333,13:35:27,78.3800,42,2
2026-06-23,000333,13:35:30,78.3700,18,2
2026-06-23,000333,13:35:33,78.3900,16,1
2026-06-23,000333,13:35:36,78.3800,30,1
2026-06-23,000333,13:35:39,78.3600,56,2
2026-06-23,000333,13:35:42,78.3600,31,2
2026-06-23,000333,13:35:45,78.3600,23,2
2026-06-23,000333,13:35:48,78.3600,20,2
2026-06-23,000333,13:35:51,78.3700,7,2
2026-06-23,000333,13:35:54,78.3700,3,2
2026-06-23,000333,13:35:57,78.3800,2,1
2026-06-23,000333,13:36:00,78.3700,17,2
2026-06-23,000333,13:36:03,78.3800,17,1
2026-06-23,000333,13:36:06,78.3700,58,2
2026-06-23,000333,13:36:09,78.3600,29,2
2026-06-23,000333,13:36:12,78.3600,119,1
2026-06-23,000333,13:36:15,78.3500,41,2
2026-06-23,000333,13:36:18,78.3900,89,1
2026-06-23,000333,13:36:21,78.3900,47,1
2026-06-23,000333,13:36:24,78.4200,59,1
2026-06-23,000333,13:36:27,78.4500,19,1
2026-06-23,000333,13:36:30,78.4500,17,1
2026-06-23,000333,13:36:33,78.4600,10,4
2026-06-23,000333,13:36:36,78.4700,49,1
2026-06-23,000333,13:36:39,78.4400,4,2
2026-06-23,000333,13:36:42,78.4400,163,2
2026-06-23,000333,13:36:45,78.3600,104,2
2026-06-23,000333,13:36:48,78.4200,12,1
2026-06-23,000333,13:36:51,78.4200,39,1
2026-06-23,000333,13:36:54,78.4000,55,4
2026-06-23,000333,13:36:57,78.4300,47,1
2026-06-23,000333,13:37:00,78.4200,48,4
2026-06-23,000333,13:37:03,78.4300,8,1
2026-06-23,000333,13:37:06,78.4300,26,1
2026-06-23,000333,13:37:09,78.4300,16,1
2026-06-23,000333,13:37:12,78.4300,32,2
2026-06-23,000333,13:37:15,78.4300,46,1
2026-06-23,000333,13:37:18,78.4200,6,2
2026-06-23,000333,13:37:21,78.4200,20,2
2026-06-23,000333,13:37:24,78.4200,8,2
2026-06-23,000333,13:37:27,78.4200,2,2
2026-06-23,000333,13:37:30,78.4200,7,2
2026-06-23,000333,13:37:33,78.4200,19,2
2026-06-23,000333,13:37:36,78.4300,29,1
2026-06-23,000333,13:37:39,78.4200,45,2
2026-06-23,000333,13:37:42,78.4300,11,1
2026-06-23,000333,13:37:45,78.4300,47,1
2026-06-23,000333,13:37:48,78.4200,11,2
2026-06-23,000333,13:37:51,78.4300,5,1
2026-06-23,000333,13:37:54,78.4200,15,2
2026-06-23,000333,13:37:57,78.4000,52,2
2026-06-23,000333,13:38:00,78.3900,33,2
2026-06-23,000333,13:38:03,78.3800,23,2
2026-06-23,000333,13:38:06,78.4000,104,1
2026-06-23,000333,13:38:09,78.4000,11,1
2026-06-23,000333,13:38:12,78.4000,30,2
2026-06-23,000333,13:38:15,78.4100,13,1
2026-06-23,000333,13:38:18,78.4000,3,2
2026-06-23,000333,13:38:21,78.4100,4,1
2026-06-23,000333,13:38:24,78.4100,19,1
2026-06-23,000333,13:38:27,78.4000,41,2
2026-06-23,000333,13:38:30,78.4100,50,1
2026-06-23,000333,13:38:33,78.4100,29,1
2026-06-23,000333,13:38:36,78.3900,25,2
2026-06-23,000333,13:38:39,78.3900,28,2
2026-06-23,000333,13:38:42,78.3700,29,2
2026-06-23,000333,13:38:45,78.3700,3,2
2026-06-23,000333,13:38:48,78.3800,56,2
2026-06-23,000333,13:38:51,78.3700,6,2
2026-06-23,000333,13:38:54,78.3800,115,1
2026-06-23,000333,13:38:57,78.3800,11,1
2026-06-23,000333,13:39:00,78.3800,50,1
2026-06-23,000333,13:39:03,78.3800,67,1
2026-06-23,000333,13:39:06,78.3800,7,1
2026-06-23,000333,13:39:09,78.3700,54,2
2026-06-23,000333,13:39:12,78.3700,1,2
2026-06-23,000333,13:39:15,78.3700,35,2
2026-06-23,000333,13:39:18,78.3800,20,1
2026-06-23,000333,13:39:21,78.3800,22,1
2026-06-23,000333,13:39:24,78.3800,43,2
2026-06-23,000333,13:39:27,78.3900,17,1
2026-06-23,000333,13:39:30,78.3800,1,2
2026-06-23,000333,13:39:33,78.3800,35,2
2026-06-23,000333,13:39:36,78.3900,59,1
2026-06-23,000333,13:39:39,78.3800,4,2
2026-06-23,000333,13:39:42,78.3900,7,1
2026-06-23,000333,13:39:45,78.3800,35,2
2026-06-23,000333,13:39:48,78.3600,136,2
2026-06-23,000333,13:39:51,78.3600,106,2
2026-06-23,000333,13:39:54,78.3500,176,2
2026-06-23,000333,13:39:57,78.3500,154,2
2026-06-23,000333,13:40:00,78.3400,31,2
2026-06-23,000333,13:40:03,78.3400,20,2
2026-06-23,000333,13:40:06,78.3400,23,1
2026-06-23,000333,13:40:09,78.3400,26,1
2026-06-23,000333,13:40:12,78.3300,28,2
2026-06-23,000333,13:40:15,78.3500,16,1
2026-06-23,000333,13:40:18,78.3300,14,2
2026-06-23,000333,13:40:21,78.3300,9,2
2026-06-23,000333,13:40:24,78.3300,12,2
2026-06-23,000333,13:40:27,78.3300,15,2
2026-06-23,000333,13:40:30,78.3300,82,2
2026-06-23,000333,13:40:33,78.3300,42,2
2026-06-23,000333,13:40:36,78.3300,40,1
2026-06-23,000333,13:40:39,78.3200,6,2
2026-06-23,000333,13:40:42,78.3200,18,2
2026-06-23,000333,13:40:45,78.3200,41,2
2026-06-23,000333,13:40:48,78.3200,71,2
2026-06-23,000333,13:40:51,78.3100,123,2
2026-06-23,000333,13:40:54,78.3300,8,1
2026-06-23,000333,13:40:57,78.3300,48,1
2026-06-23,000333,13:41:00,78.3200,6,1
2026-06-23,000333,13:41:03,78.3100,7,2
2026-06-23,000333,13:41:06,78.3200,67,1
2026-06-23,000333,13:41:09,78.3100,20,1
2026-06-23,000333,13:41:12,78.3200,23,1
2026-06-23,000333,13:41:15,78.3200,41,1
2026-06-23,000333,13:41:18,78.3200,68,1
2026-06-23,000333,13:41:21,78.3200,19,1
2026-06-23,000333,13:41:24,78.3200,16,1
2026-06-23,000333,13:41:27,78.3200,6,4
2026-06-23,000333,13:41:30,78.3100,54,2
2026-06-23,000333,13:41:33,78.3100,105,2
2026-06-23,000333,13:41:36,78.3100,37,1
2026-06-23,000333,13:41:39,78.3100,24,1
2026-06-23,000333,13:41:42,78.3100,1,2
2026-06-23,000333,13:41:45,78.3200,12,1
2026-06-23,000333,13:41:48,78.3200,3,1
2026-06-23,000333,13:41:51,78.3200,22,1
2026-06-23,000333,13:41:54,78.3200,27,1
2026-06-23,000333,13:41:57,78.3200,88,1
2026-06-23,000333,13:42:00,78.3200,27,2
2026-06-23,000333,13:42:03,78.3200,1,2
2026-06-23,000333,13:42:06,78.3200,1,2
2026-06-23,000333,13:42:09,78.3200,33,2
2026-06-23,000333,13:42:12,78.3200,7,1
2026-06-23,000333,13:42:15,78.3100,26,2
2026-06-23,000333,13:42:18,78.3200,28,1
2026-06-23,000333,13:42:21,78.3300,48,1
2026-06-23,000333,13:42:24,78.3200,133,2
2026-06-23,000333,13:42:27,78.3200,14,1
2026-06-23,000333,13:42:30,78.3100,129,2
2026-06-23,000333,13:42:33,78.3200,22,1
2026-06-23,000333,13:42:36,78.3400,35,1
2026-06-23,000333,13:42:39,78.3300,19,2
2026-06-23,000333,13:42:42,78.3200,43,2
2026-06-23,000333,13:42:45,78.3200,19,2
2026-06-23,000333,13:42:48,78.3300,13,1
2026-06-23,000333,13:42:51,78.3200,31,2
2026-06-23,000333,13:42:54,78.3200,21,2
2026-06-23,000333,13:42:57,78.3200,21,1
2026-06-23,000333,13:43:00,78.3200,15,1
2026-06-23,000333,13:43:03,78.3100,71,2
2026-06-23,000333,13:43:06,78.3000,14,2
2026-06-23,000333,13:43:09,78.2800,505,2
2026-06-23,000333,13:43:12,78.2900,115,1
2026-06-23,000333,13:43:15,78.2800,101,2
2026-06-23,000333,13:43:18,78.2700,110,2
2026-06-23,000333,13:43:21,78.2700,13,2
2026-06-23,000333,13:43:24,78.2700,16,2
2026-06-23,000333,13:43:27,78.2600,93,2
2026-06-23,000333,13:43:30,78.2600,16,1
2026-06-23,000333,13:43:33,78.2600,6,1
2026-06-23,000333,13:43:36,78.2600,15,1
2026-06-23,000333,13:43:39,78.2500,101,2
2026-06-23,000333,13:43:42,78.2600,32,1
2026-06-23,000333,13:43:45,78.2600,31,2
2026-06-23,000333,13:43:48,78.2600,16,2
2026-06-23,000333,13:43:51,78.2600,56,2
2026-06-23,000333,13:43:54,78.2700,72,1
2026-06-23,000333,13:43:57,78.2600,41,2
2026-06-23,000333,13:44:00,78.2600,17,2
2026-06-23,000333,13:44:03,78.2600,91,2
2026-06-23,000333,13:44:06,78.2600,25,1
2026-06-23,000333,13:44:09,78.2500,56,2
2026-06-23,000333,13:44:12,78.2600,39,1
2026-06-23,000333,13:44:15,78.2600,22,1
2026-06-23,000333,13:44:18,78.2500,5,2
2026-06-23,000333,13:44:21,78.2500,16,2
2026-06-23,000333,13:44:24,78.2500,36,2
2026-06-23,000333,13:44:27,78.2500,21,2
2026-06-23,000333,13:44:30,78.2500,2,2
2026-06-23,000333,13:44:33,78.2600,3,1
2026-06-23,000333,13:44:36,78.2600,32,1
2026-06-23,000333,13:44:42,78.2600,79,1
2026-06-23,000333,13:44:45,78.2600,58,1
2026-06-23,000333,13:44:48,78.2600,23,2
2026-06-23,000333,13:44:51,78.2500,31,2
2026-06-23,000333,13:44:54,78.2600,33,1
2026-06-23,000333,13:44:57,78.2600,19,1
2026-06-23,000333,13:45:00,78.2600,27,1
2026-06-23,000333,13:45:03,78.2700,69,1
2026-06-23,000333,13:45:06,78.2700,101,1
2026-06-23,000333,13:45:09,78.2600,158,2
2026-06-23,000333,13:45:12,78.2600,42,1
2026-06-23,000333,13:45:15,78.2500,72,2
2026-06-23,000333,13:45:18,78.2600,118,1
2026-06-23,000333,13:45:21,78.2500,81,2
2026-06-23,000333,13:45:24,78.2500,96,1
2026-06-23,000333,13:45:27,78.2300,44,2
2026-06-23,000333,13:45:30,78.2300,11,2
2026-06-23,000333,13:45:33,78.2400,6,1
2026-06-23,000333,13:45:36,78.2400,27,1
2026-06-23,000333,13:45:39,78.2300,5,2
2026-06-23,000333,13:45:42,78.2300,215,2
2026-06-23,000333,13:45:45,78.2200,171,2
2026-06-23,000333,13:45:48,78.2000,163,2
2026-06-23,000333,13:45:51,78.2000,146,2
2026-06-23,000333,13:45:54,78.2000,141,2
2026-06-23,000333,13:45:57,78.2100,180,1
2026-06-23,000333,13:46:00,78.2000,66,2
2026-06-23,000333,13:46:03,78.2100,19,1
2026-06-23,000333,13:46:06,78.2100,62,2
2026-06-23,000333,13:46:09,78.2100,32,1
2026-06-23,000333,13:46:12,78.2200,7,1
2026-06-23,000333,13:46:15,78.2200,61,2
2026-06-23,000333,13:46:18,78.2200,6,1
2026-06-23,000333,13:46:21,78.2200,3,1
2026-06-23,000333,13:46:24,78.2400,80,1
2026-06-23,000333,13:46:27,78.2400,94,2
2026-06-23,000333,13:46:30,78.2200,63,2
2026-06-23,000333,13:46:33,78.2500,71,1
2026-06-23,000333,13:46:36,78.2400,29,2
2026-06-23,000333,13:46:39,78.2600,11,1
2026-06-23,000333,13:46:42,78.2500,9,4
2026-06-23,000333,13:46:45,78.2500,17,1
2026-06-23,000333,13:46:48,78.2500,1,1
2026-06-23,000333,13:46:51,78.2500,4,1
2026-06-23,000333,13:46:54,78.2500,17,1
2026-06-23,000333,13:46:57,78.2400,9,2
2026-06-23,000333,13:47:00,78.2400,21,2
2026-06-23,000333,13:47:03,78.2500,33,1
2026-06-23,000333,13:47:06,78.2600,25,1
2026-06-23,000333,13:47:09,78.2600,1,1
2026-06-23,000333,13:47:12,78.2600,1,1
2026-06-23,000333,13:47:15,78.2600,132,1
2026-06-23,000333,13:47:18,78.2500,50,1
2026-06-23,000333,13:47:21,78.2500,43,1
2026-06-23,000333,13:47:24,78.2500,12,2
2026-06-23,000333,13:47:27,78.2600,33,2
2026-06-23,000333,13:47:30,78.2700,6,1
2026-06-23,000333,13:47:33,78.2600,6,2
2026-06-23,000333,13:47:36,78.2600,27,2
2026-06-23,000333,13:47:39,78.2600,11,1
2026-06-23,000333,13:47:42,78.2600,8,1
2026-06-23,000333,13:47:45,78.2600,3,1
2026-06-23,000333,13:47:48,78.2500,17,2
2026-06-23,000333,13:47:51,78.2400,31,2
2026-06-23,000333,13:47:54,78.2300,48,2
2026-06-23,000333,13:47:57,78.2400,6,2
2026-06-23,000333,13:48:00,78.2400,1,2
2026-06-23,000333,13:48:03,78.2400,71,2
2026-06-23,000333,13:48:06,78.2400,369,1
2026-06-23,000333,13:48:09,78.2300,82,4
2026-06-23,000333,13:48:12,78.2200,65,2
2026-06-23,000333,13:48:15,78.2400,34,1
2026-06-23,000333,13:48:18,78.2300,12,4
2026-06-23,000333,13:48:21,78.2400,2,1
2026-06-23,000333,13:48:24,78.2400,46,1
2026-06-23,000333,13:48:27,78.2400,75,1
2026-06-23,000333,13:48:30,78.2300,98,2
2026-06-23,000333,13:48:33,78.2300,38,2
2026-06-23,000333,13:48:36,78.2300,32,1
2026-06-23,000333,13:48:39,78.2200,14,2
2026-06-23,000333,13:48:42,78.2300,32,1
2026-06-23,000333,13:48:45,78.2300,6,1
2026-06-23,000333,13:48:48,78.2200,61,2
2026-06-23,000333,13:48:51,78.2200,17,1
2026-06-23,000333,13:48:54,78.2200,13,1
2026-06-23,000333,13:48:57,78.2100,16,2
2026-06-23,000333,13:49:00,78.2200,6,1
2026-06-23,000333,13:49:03,78.2100,29,2
2026-06-23,000333,13:49:06,78.2100,68,2
2026-06-23,000333,13:49:09,78.2200,173,2
2026-06-23,000333,13:49:12,78.2200,145,1
2026-06-23,000333,13:49:15,78.2200,174,2
2026-06-23,000333,13:49:18,78.2100,109,4
2026-06-23,000333,13:49:21,78.2100,44,1
2026-06-23,000333,13:49:24,78.2100,27,1
2026-06-23,000333,13:49:27,78.2100,47,1
2026-06-23,000333,13:49:30,78.2100,19,1
2026-06-23,000333,13:49:33,78.2000,414,2
2026-06-23,000333,13:49:36,78.2100,174,2
2026-06-23,000333,13:49:39,78.2100,12,1
2026-06-23,000333,13:49:42,78.2100,68,2
2026-06-23,000333,13:49:45,78.2200,68,1
2026-06-23,000333,13:49:48,78.2200,2,1
2026-06-23,000333,13:49:51,78.2100,6,2
2026-06-23,000333,13:49:54,78.2100,72,2
2026-06-23,000333,13:49:57,78.2100,25,1
2026-06-23,000333,13:50:00,78.2200,14,1
2026-06-23,000333,13:50:03,78.2100,102,4
2026-06-23,000333,13:50:06,78.2100,22,1
2026-06-23,000333,13:50:09,78.2100,17,1
2026-06-23,000333,13:50:12,78.2100,34,1
2026-06-23,000333,13:50:15,78.2100,459,1
2026-06-23,000333,13:50:18,78.1800,431,2
2026-06-23,000333,13:50:21,78.1600,145,2
2026-06-23,000333,13:50:24,78.1500,7,2
2026-06-23,000333,13:50:27,78.1500,64,2
2026-06-23,000333,13:50:30,78.1600,17,1
2026-06-23,000333,13:50:33,78.1700,103,1
2026-06-23,000333,13:50:36,78.1700,32,1
2026-06-23,000333,13:50:39,78.2000,549,1
2026-06-23,000333,13:50:42,78.2100,42,1
2026-06-23,000333,13:50:45,78.2100,2,1
2026-06-23,000333,13:50:48,78.2100,10,1
2026-06-23,000333,13:50:51,78.2100,11,1
2026-06-23,000333,13:50:54,78.2100,131,2
2026-06-23,000333,13:50:57,78.2100,7,2
2026-06-23,000333,13:51:00,78.2100,2,2
2026-06-23,000333,13:51:03,78.2100,40,2
2026-06-23,000333,13:51:06,78.2000,34,2
2026-06-23,000333,13:51:09,78.1400,92,2
2026-06-23,000333,13:51:12,78.1400,52,2
2026-06-23,000333,13:51:15,78.1200,35,2
2026-06-23,000333,13:51:18,78.1300,226,2
2026-06-23,000333,13:51:21,78.1300,20,2
2026-06-23,000333,13:51:24,78.1500,24,1
2026-06-23,000333,13:51:27,78.1400,15,2
2026-06-23,000333,13:51:30,78.1500,18,1
2026-06-23,000333,13:51:33,78.1500,17,2
2026-06-23,000333,13:51:36,78.1600,14,1
2026-06-23,000333,13:51:39,78.2000,234,1
2026-06-23,000333,13:51:42,78.2100,33,1
2026-06-23,000333,13:51:45,78.1600,36,2
2026-06-23,000333,13:51:48,78.1600,2,2
2026-06-23,000333,13:51:51,78.2000,11,1
2026-06-23,000333,13:51:54,78.1900,10,2
2026-06-23,000333,13:51:57,78.2000,125,1
2026-06-23,000333,13:52:00,78.2000,74,1
2026-06-23,000333,13:52:03,78.1900,5,2
2026-06-23,000333,13:52:06,78.2000,3,1
2026-06-23,000333,13:52:09,78.2000,3,1
2026-06-23,000333,13:52:12,78.2000,44,1
2026-06-23,000333,13:52:15,78.2100,8,1
2026-06-23,000333,13:52:18,78.2100,8,1
2026-06-23,000333,13:52:21,78.2100,15,1
2026-06-23,000333,13:52:24,78.2100,4,1
2026-06-23,000333,13:52:27,78.2000,112,2
2026-06-23,000333,13:52:30,78.2000,56,1
2026-06-23,000333,13:52:33,78.2000,20,2
2026-06-23,000333,13:52:36,78.2100,55,1
2026-06-23,000333,13:52:39,78.2000,12,2
2026-06-23,000333,13:52:42,78.2000,17,2
2026-06-23,000333,13:52:45,78.2100,21,1
2026-06-23,000333,13:52:48,78.2200,7,1
2026-06-23,000333,13:52:51,78.2200,1,1
2026-06-23,000333,13:52:57,78.2100,24,2
2026-06-23,000333,13:53:00,78.2100,12,2
2026-06-23,000333,13:53:03,78.2100,112,2
2026-06-23,000333,13:53:06,78.2000,160,2
2026-06-23,000333,13:53:09,78.2000,61,2
2026-06-23,000333,13:53:12,78.2000,101,2
2026-06-23,000333,13:53:15,78.1800,72,2
2026-06-23,000333,13:53:18,78.1900,12,4
2026-06-23,000333,13:53:21,78.1800,39,2
2026-06-23,000333,13:53:24,78.1900,150,1
2026-06-23,000333,13:53:27,78.2000,126,1
2026-06-23,000333,13:53:30,78.2000,69,2
2026-06-23,000333,13:53:33,78.2000,68,2
2026-06-23,000333,13:53:36,78.2000,5,1
2026-06-23,000333,13:53:39,78.1900,12,2
2026-06-23,000333,13:53:42,78.1900,4,2
2026-06-23,000333,13:53:45,78.1900,6,2
2026-06-23,000333,13:53:48,78.1900,25,2
2026-06-23,000333,13:53:51,78.1900,10,1
2026-06-23,000333,13:53:54,78.1800,21,2
2026-06-23,000333,13:53:57,78.1700,41,2
2026-06-23,000333,13:54:00,78.1700,31,2
2026-06-23,000333,13:54:03,78.1700,12,2
2026-06-23,000333,13:54:06,78.1700,6,2
2026-06-23,000333,13:54:09,78.1700,13,2
2026-06-23,000333,13:54:12,78.2000,303,1
2026-06-23,000333,13:54:15,78.2000,16,2
2026-06-23,000333,13:54:18,78.2000,25,2
2026-06-23,000333,13:54:21,78.2000,9,2
2026-06-23,000333,13:54:24,78.1800,124,2
2026-06-23,000333,13:54:27,78.1800,13,2
2026-06-23,000333,13:54:30,78.2000,103,1
2026-06-23,000333,13:54:33,78.2000,29,2
2026-06-23,000333,13:54:36,78.2000,37,2
2026-06-23,000333,13:54:39,78.2100,7,1
2026-06-23,000333,13:54:42,78.2000,99,2
2026-06-23,000333,13:54:45,78.2000,29,2
2026-06-23,000333,13:54:48,78.2100,19,1
2026-06-23,000333,13:54:51,78.2000,50,2
2026-06-23,000333,13:54:54,78.2100,10,1
2026-06-23,000333,13:54:57,78.2100,29,1
2026-06-23,000333,13:55:00,78.2000,27,2
2026-06-23,000333,13:55:03,78.2100,7,1
2026-06-23,000333,13:55:06,78.2100,7,1
2026-06-23,000333,13:55:09,78.2000,128,2
2026-06-23,000333,13:55:12,78.1900,65,2
2026-06-23,000333,13:55:15,78.1900,20,2
2026-06-23,000333,13:55:18,78.1900,14,2
2026-06-23,000333,13:55:21,78.1900,18,2
2026-06-23,000333,13:55:24,78.2000,18,1
2026-06-23,000333,13:55:27,78.2000,10,1
2026-06-23,000333,13:55:30,78.1900,27,2
2026-06-23,000333,13:55:33,78.2000,76,1
2026-06-23,000333,13:55:36,78.2100,44,1
2026-06-23,000333,13:55:39,78.2000,40,2
2026-06-23,000333,13:55:42,78.2100,35,1
2026-06-23,000333,13:55:45,78.2000,28,2
2026-06-23,000333,13:55:48,78.1900,6,2
2026-06-23,000333,13:55:51,78.1900,23,2
2026-06-23,000333,13:55:54,78.1900,3,2
2026-06-23,000333,13:55:57,78.1900,15,2
2026-06-23,000333,13:56:00,78.2000,62,1
2026-06-23,000333,13:56:03,78.2000,23,2
2026-06-23,000333,13:56:06,78.2100,4,1
2026-06-23,000333,13:56:09,78.2100,33,1
2026-06-23,000333,13:56:12,78.2000,78,2
2026-06-23,000333,13:56:15,78.2100,40,2
2026-06-23,000333,13:56:18,78.2100,33,2
2026-06-23,000333,13:56:21,78.2100,74,2
2026-06-23,000333,13:56:24,78.2200,12,1
2026-06-23,000333,13:56:27,78.2100,13,2
2026-06-23,000333,13:56:30,78.2200,7,1
2026-06-23,000333,13:56:33,78.2200,4,1
2026-06-23,000333,13:56:36,78.2200,41,1
2026-06-23,000333,13:56:39,78.2200,18,1
2026-06-23,000333,13:56:42,78.2200,24,1
2026-06-23,000333,13:56:45,78.2200,3,1
2026-06-23,000333,13:56:48,78.2100,16,2
2026-06-23,000333,13:56:51,78.2100,113,2
2026-06-23,000333,13:56:54,78.2000,335,2
2026-06-23,000333,13:56:57,78.2100,47,1
2026-06-23,000333,13:57:00,78.2000,4,2
2026-06-23,000333,13:57:03,78.2200,11,1
2026-06-23,000333,13:57:06,78.2200,88,2
2026-06-23,000333,13:57:09,78.2100,26,2
2026-06-23,000333,13:57:12,78.2300,25,1
2026-06-23,000333,13:57:15,78.2400,5,1
2026-06-23,000333,13:57:18,78.2200,38,2
2026-06-23,000333,13:57:21,78.2200,7,2
2026-06-23,000333,13:57:24,78.2300,20,1
2026-06-23,000333,13:57:27,78.2200,23,2
2026-06-23,000333,13:57:30,78.2100,18,2
2026-06-23,000333,13:57:33,78.2200,7,1
2026-06-23,000333,13:57:36,78.2200,6,1
2026-06-23,000333,13:57:39,78.2200,24,1
2026-06-23,000333,13:57:42,78.2200,9,1
2026-06-23,000333,13:57:45,78.2100,7,2
2026-06-23,000333,13:57:48,78.2200,9,1
2026-06-23,000333,13:57:51,78.2100,60,2
2026-06-23,000333,13:57:54,78.2100,24,2
2026-06-23,000333,13:57:57,78.2200,28,1
2026-06-23,000333,13:58:00,78.2200,44,1
2026-06-23,000333,13:58:03,78.2100,33,2
2026-06-23,000333,13:58:06,78.2200,78,1
2026-06-23,000333,13:58:09,78.2100,36,2
2026-06-23,000333,13:58:12,78.2000,109,2
2026-06-23,000333,13:58:15,78.2100,37,1
2026-06-23,000333,13:58:18,78.2000,124,2
2026-06-23,000333,13:58:21,78.2000,256,2
2026-06-23,000333,13:58:24,78.1800,71,2
2026-06-23,000333,13:58:27,78.1800,67,2
2026-06-23,000333,13:58:30,78.1800,17,2
2026-06-23,000333,13:58:36,78.1800,22,2
2026-06-23,000333,13:58:39,78.2000,418,1
2026-06-23,000333,13:58:42,78.1800,87,2
2026-06-23,000333,13:58:45,78.1800,18,2
2026-06-23,000333,13:58:48,78.1900,6,1
2026-06-23,000333,13:58:51,78.1900,17,1
2026-06-23,000333,13:58:54,78.1900,15,1
2026-06-23,000333,13:58:57,78.1700,50,2
2026-06-23,000333,13:59:00,78.1900,12,1
2026-06-23,000333,13:59:03,78.1900,33,2
2026-06-23,000333,13:59:06,78.1800,16,2
2026-06-23,000333,13:59:09,78.1900,18,2
2026-06-23,000333,13:59:12,78.2000,110,1
2026-06-23,000333,13:59:15,78.2000,49,2
2026-06-23,000333,13:59:18,78.1900,186,2
2026-06-23,000333,13:59:21,78.1900,80,2
2026-06-23,000333,13:59:24,78.1700,75,2
2026-06-23,000333,13:59:27,78.1600,29,2
2026-06-23,000333,13:59:30,78.1600,65,2
2026-06-23,000333,13:59:33,78.1600,37,2
2026-06-23,000333,13:59:36,78.1700,205,1
2026-06-23,000333,13:59:39,78.1600,35,2
2026-06-23,000333,13:59:42,78.1600,18,2
2026-06-23,000333,13:59:45,78.1700,58,1
2026-06-23,000333,13:59:48,78.1700,43,2
2026-06-23,000333,13:59:51,78.1700,28,2
2026-06-23,000333,13:59:54,78.1700,19,2
2026-06-23,000333,13:59:57,78.1800,66,1
2026-06-23,000333,14:00:00,78.1600,39,2
2026-06-23,000333,14:00:03,78.1600,31,2
2026-06-23,000333,14:00:06,78.1800,42,1
2026-06-23,000333,14:00:09,78.1700,37,2
2026-06-23,000333,14:00:12,78.1700,33,2
2026-06-23,000333,14:00:15,78.1800,9,4
2026-06-23,000333,14:00:18,78.1800,22,1
2026-06-23,000333,14:00:21,78.1900,11,1
2026-06-23,000333,14:00:24,78.1700,48,2
2026-06-23,000333,14:00:27,78.1600,62,2
2026-06-23,000333,14:00:30,78.1600,34,2
2026-06-23,000333,14:00:33,78.1700,24,1
2026-06-23,000333,14:00:36,78.1700,25,1
2026-06-23,000333,14:00:39,78.1600,40,2
2026-06-23,000333,14:00:42,78.1200,1061,2
2026-06-23,000333,14:00:45,78.1100,134,2
2026-06-23,000333,14:00:48,78.1000,167,2
2026-06-23,000333,14:00:51,78.1000,112,2
2026-06-23,000333,14:00:54,78.1000,26,2
2026-06-23,000333,14:00:57,78.1000,5,2
2026-06-23,000333,14:01:00,78.1000,32,2
2026-06-23,000333,14:01:03,78.1000,197,2
2026-06-23,000333,14:01:06,78.1200,53,1
2026-06-23,000333,14:01:09,78.1000,18,2
2026-06-23,000333,14:01:12,78.1200,31,1
2026-06-23,000333,14:01:15,78.1200,12,1
2026-06-23,000333,14:01:18,78.1300,22,1
2026-06-23,000333,14:01:21,78.1200,18,2
2026-06-23,000333,14:01:24,78.1200,3,2
2026-06-23,000333,14:01:27,78.1200,14,2
2026-06-23,000333,14:01:30,78.1200,11,2
2026-06-23,000333,14:01:33,78.1200,36,2
2026-06-23,000333,14:01:36,78.1300,44,1
2026-06-23,000333,14:01:39,78.1200,18,2
2026-06-23,000333,14:01:42,78.1200,10,2
2026-06-23,000333,14:01:45,78.1200,1,2
2026-06-23,000333,14:01:48,78.1300,15,1
2026-06-23,000333,14:01:51,78.1200,2,2
2026-06-23,000333,14:01:54,78.1300,27,1
2026-06-23,000333,14:01:57,78.1300,22,1
2026-06-23,000333,14:02:00,78.1200,6,2
2026-06-23,000333,14:02:03,78.1200,55,2
2026-06-23,000333,14:02:06,78.1200,3,2
2026-06-23,000333,14:02:09,78.1200,7,2
2026-06-23,000333,14:02:12,78.1300,43,1
2026-06-23,000333,14:02:15,78.1300,41,1
2026-06-23,000333,14:02:18,78.1200,41,2
2026-06-23,000333,14:02:21,78.1200,23,2
2026-06-23,000333,14:02:24,78.1300,2,1
2026-06-23,000333,14:02:27,78.1300,12,1
2026-06-23,000333,14:02:30,78.1300,15,1
2026-06-23,000333,14:02:33,78.1200,28,2
2026-06-23,000333,14:02:36,78.1300,78,1
2026-06-23,000333,14:02:39,78.1300,14,1
2026-06-23,000333,14:02:42,78.1200,9,2
2026-06-23,000333,14:02:45,78.1200,52,2
2026-06-23,000333,14:02:48,78.1000,172,2
2026-06-23,000333,14:02:51,78.1100,42,1
2026-06-23,000333,14:02:54,78.1000,70,2
2026-06-23,000333,14:02:57,78.1100,35,1
2026-06-23,000333,14:03:00,78.0700,364,2
2026-06-23,000333,14:03:03,78.0600,105,2
2026-06-23,000333,14:03:06,78.0600,54,1
2026-06-23,000333,14:03:09,78.0500,35,2
2026-06-23,000333,14:03:12,78.0500,84,2
2026-06-23,000333,14:03:15,78.0500,87,2
2026-06-23,000333,14:03:18,78.0500,77,2
2026-06-23,000333,14:03:21,78.0500,2,1
2026-06-23,000333,14:03:24,78.0500,12,1
2026-06-23,000333,14:03:27,78.0400,14,2
2026-06-23,000333,14:03:30,78.0400,52,2
2026-06-23,000333,14:03:33,78.0300,34,2
2026-06-23,000333,14:03:36,78.0400,90,1
2026-06-23,000333,14:03:39,78.0300,14,2
2026-06-23,000333,14:03:42,78.0400,5,2
2026-06-23,000333,14:03:45,78.0500,4,1
2026-06-23,000333,14:03:48,78.0500,1,1
2026-06-23,000333,14:03:51,78.0400,18,2
2026-06-23,000333,14:03:54,78.0400,27,2
2026-06-23,000333,14:03:57,78.0400,11,2
2026-06-23,000333,14:04:00,78.0400,45,2
2026-06-23,000333,14:04:03,78.0400,20,2
2026-06-23,000333,14:04:06,78.0400,5,2
2026-06-23,000333,14:04:09,78.0500,28,1
2026-06-23,000333,14:04:12,78.0500,11,1
2026-06-23,000333,14:04:18,78.0600,7,1
2026-06-23,000333,14:04:21,78.0300,240,2
2026-06-23,000333,14:04:24,78.0500,72,4
2026-06-23,000333,14:04:27,78.0700,70,1
2026-06-23,000333,14:04:30,78.0700,9,2
2026-06-23,000333,14:04:33,78.0700,28,1
2026-06-23,000333,14:04:36,78.0700,41,2
2026-06-23,000333,14:04:39,78.0800,25,1
2026-06-23,000333,14:04:42,78.0700,34,2
2026-06-23,000333,14:04:45,78.0800,17,1
2026-06-23,000333,14:04:48,78.0900,111,1
2026-06-23,000333,14:04:51,78.0800,12,2
2026-06-23,000333,14:04:54,78.0800,81,1
2026-06-23,000333,14:04:57,78.0800,14,1
2026-06-23,000333,14:05:00,78.0900,16,1
2026-06-23,000333,14:05:03,78.1000,108,1
2026-06-23,000333,14:05:06,78.0900,7,4
2026-06-23,000333,14:05:09,78.1000,37,1
2026-06-23,000333,14:05:12,78.1000,20,2
2026-06-23,000333,14:05:15,78.1100,28,2
2026-06-23,000333,14:05:18,78.1000,46,2
2026-06-23,000333,14:05:21,78.1000,25,2
2026-06-23,000333,14:05:24,78.1100,67,1
2026-06-23,000333,14:05:27,78.1100,14,2
2026-06-23,000333,14:05:30,78.1200,11,1
2026-06-23,000333,14:05:33,78.1100,16,2
2026-06-23,000333,14:05:36,78.1100,12,2
2026-06-23,000333,14:05:39,78.1200,16,1
2026-06-23,000333,14:05:42,78.1300,47,1
2026-06-23,000333,14:05:45,78.1300,8,2
2026-06-23,000333,14:05:48,78.1400,6,1
2026-06-23,000333,14:05:51,78.1400,20,1
2026-06-23,000333,14:05:54,78.1500,96,1
2026-06-23,000333,14:05:57,78.1400,4,4
2026-06-23,000333,14:06:00,78.1600,12,1
2026-06-23,000333,14:06:03,78.1500,1,2
2026-06-23,000333,14:06:06,78.1700,61,1
2026-06-23,000333,14:06:09,78.1600,56,2
2026-06-23,000333,14:06:12,78.1700,37,1
2026-06-23,000333,14:06:15,78.1600,23,2
2026-06-23,000333,14:06:18,78.1200,391,2
2026-06-23,000333,14:06:21,78.1100,30,2
2026-06-23,000333,14:06:24,78.1000,109,2
2026-06-23,000333,14:06:27,78.1000,50,2
2026-06-23,000333,14:06:30,78.1100,20,4
2026-06-23,000333,14:06:33,78.1100,26,1
2026-06-23,000333,14:06:36,78.1100,22,2
2026-06-23,000333,14:06:39,78.1100,40,2
2026-06-23,000333,14:06:42,78.1000,3,2
2026-06-23,000333,14:06:45,78.1100,2,4
2026-06-23,000333,14:06:48,78.0800,70,2
2026-06-23,000333,14:06:51,78.0900,27,1
2026-06-23,000333,14:06:54,78.0700,49,2
2026-06-23,000333,14:06:57,78.0800,27,4
2026-06-23,000333,14:07:00,78.0900,8,1
2026-06-23,000333,10:56:15,78.3100,38,1
2026-06-23,000333,10:56:18,78.3100,42,1
2026-06-23,000333,10:56:21,78.3000,64,2
2026-06-23,000333,10:56:24,78.3000,9,2
2026-06-23,000333,10:56:27,78.3100,40,1
2026-06-23,000333,10:56:30,78.3000,31,2
2026-06-23,000333,10:56:33,78.2700,357,2
2026-06-23,000333,10:56:36,78.3000,39,1
2026-06-23,000333,10:56:39,78.2600,37,2
2026-06-23,000333,10:56:42,78.2900,13,1
2026-06-23,000333,10:56:45,78.3200,95,1
2026-06-23,000333,10:56:48,78.3100,42,2
2026-06-23,000333,10:56:51,78.3100,8,2
2026-06-23,000333,10:56:54,78.3100,44,2
2026-06-23,000333,10:56:57,78.3100,25,2
2026-06-23,000333,10:57:00,78.3100,22,2
2026-06-23,000333,10:57:03,78.3200,3,2
2026-06-23,000333,10:57:06,78.3300,6,1
2026-06-23,000333,10:57:09,78.3300,16,1
2026-06-23,000333,10:57:12,78.3200,22,2
2026-06-23,000333,10:57:15,78.3200,11,2
2026-06-23,000333,10:57:18,78.3300,55,4
2026-06-23,000333,10:57:21,78.3600,79,1
2026-06-23,000333,10:57:24,78.3200,54,2
2026-06-23,000333,10:57:27,78.3400,33,2
2026-06-23,000333,10:57:30,78.3300,35,2
2026-06-23,000333,10:57:33,78.3300,50,2
2026-06-23,000333,10:57:36,78.3100,32,2
2026-06-23,000333,10:57:39,78.3400,22,1
2026-06-23,000333,10:57:42,78.3400,96,1
2026-06-23,000333,10:57:45,78.3500,23,2
2026-06-23,000333,10:57:48,78.3600,32,2
2026-06-23,000333,10:57:51,78.3600,27,2
2026-06-23,000333,10:57:54,78.3800,26,1
2026-06-23,000333,10:57:57,78.3500,100,2
2026-06-23,000333,10:58:00,78.3900,39,1
2026-06-23,000333,10:58:03,78.3500,36,2
2026-06-23,000333,10:58:06,78.3700,60,2
2026-06-23,000333,10:58:09,78.4200,24,1
2026-06-23,000333,10:58:12,78.4300,40,1
2026-06-23,000333,10:58:15,78.3800,22,2
2026-06-23,000333,10:58:18,78.3700,36,2
2026-06-23,000333,10:58:21,78.3700,43,2
2026-06-23,000333,10:58:24,78.3700,28,2
2026-06-23,000333,10:58:27,78.3600,24,1
2026-06-23,000333,10:58:30,78.3800,113,1
2026-06-23,000333,10:58:33,78.4700,120,1
2026-06-23,000333,10:58:36,78.4000,43,2
2026-06-23,000333,10:58:39,78.4000,20,2
2026-06-23,000333,10:58:42,78.4000,15,2
2026-06-23,000333,10:58:45,78.4000,59,2
2026-06-23,000333,10:58:48,78.4000,41,1
2026-06-23,000333,10:58:51,78.4000,25,2
2026-06-23,000333,10:58:54,78.3800,72,2
2026-06-23,000333,10:58:57,78.3600,63,2
2026-06-23,000333,10:59:00,78.4200,55,1
2026-06-23,000333,10:59:03,78.3900,75,2
2026-06-23,000333,10:59:06,78.3800,48,2
2026-06-23,000333,10:59:09,78.3900,50,2
2026-06-23,000333,10:59:12,78.3500,97,2
2026-06-23,000333,10:59:15,78.3300,33,2
2026-06-23,000333,10:59:18,78.3300,20,2
2026-06-23,000333,10:59:21,78.3400,10,2
2026-06-23,000333,10:59:24,78.3300,17,2
2026-06-23,000333,10:59:27,78.3800,44,1
2026-06-23,000333,10:59:30,78.3300,40,2
2026-06-23,000333,10:59:33,78.3800,62,1
2026-06-23,000333,10:59:36,78.3800,14,1
2026-06-23,000333,10:59:39,78.3700,31,2
2026-06-23,000333,10:59:42,78.3800,13,1
2026-06-23,000333,10:59:45,78.3500,36,2
2026-06-23,000333,10:59:48,78.3300,13,2
2026-06-23,000333,10:59:51,78.3500,8,2
2026-06-23,000333,10:59:54,78.3400,15,2
2026-06-23,000333,10:59:57,78.3500,46,2
2026-06-23,000333,11:00:00,78.3800,12,1
2026-06-23,000333,11:00:03,78.3700,3,1
2026-06-23,000333,11:00:06,78.3600,6,2
2026-06-23,000333,11:00:09,78.3600,40,2
2026-06-23,000333,11:00:12,78.3400,41,2
2026-06-23,000333,11:00:15,78.3400,33,2
2026-06-23,000333,11:00:18,78.3300,47,2
2026-06-23,000333,11:00:21,78.3400,70,2
2026-06-23,000333,11:00:24,78.3300,55,2
2026-06-23,000333,11:00:27,78.3500,72,1
2026-06-23,000333,11:00:30,78.3300,80,2
2026-06-23,000333,11:00:33,78.3200,95,2
2026-06-23,000333,11:00:36,78.3200,97,2
2026-06-23,000333,11:00:39,78.3000,55,2
2026-06-23,000333,11:00:42,78.3200,35,1
2026-06-23,000333,11:00:45,78.3300,47,4
2026-06-23,000333,11:00:48,78.3400,45,1
2026-06-23,000333,11:00:51,78.3100,41,2
2026-06-23,000333,11:00:54,78.3100,138,2
2026-06-23,000333,11:00:57,78.3200,37,2
2026-06-23,000333,11:01:00,78.3200,20,1
2026-06-23,000333,11:01:03,78.3200,52,1
2026-06-23,000333,11:01:06,78.3300,35,1
2026-06-23,000333,11:01:09,78.3300,14,2
2026-06-23,000333,11:01:12,78.3500,325,1
2026-06-23,000333,11:01:15,78.3400,142,2
2026-06-23,000333,11:01:18,78.3200,135,2
2026-06-23,000333,11:01:21,78.3600,34,1
2026-06-23,000333,11:01:24,78.3700,39,1
2026-06-23,000333,11:01:27,78.3300,8,2
2026-06-23,000333,11:01:30,78.4000,39,1
2026-06-23,000333,11:01:33,78.4000,31,2
2026-06-23,000333,11:01:36,78.4000,52,2
2026-06-23,000333,11:01:39,78.4200,25,1
2026-06-23,000333,11:01:42,78.4100,60,4
2026-06-23,000333,11:01:45,78.4100,248,2
2026-06-23,000333,11:01:48,78.3800,128,2
2026-06-23,000333,11:01:51,78.3800,373,2
2026-06-23,000333,11:01:54,78.3300,105,2
2026-06-23,000333,11:01:57,78.3300,39,1
2026-06-23,000333,11:02:00,78.3400,13,2
2026-06-23,000333,11:02:03,78.3300,44,2
2026-06-23,000333,11:02:06,78.4900,289,1
2026-06-23,000333,11:02:09,78.4000,66,2
2026-06-23,000333,11:02:12,78.3900,22,2
2026-06-23,000333,11:02:15,78.3500,59,2
2026-06-23,000333,11:02:18,78.3500,55,2
2026-06-23,000333,11:02:21,78.4100,40,1
2026-06-23,000333,11:02:24,78.3600,11,2
2026-06-23,000333,11:02:27,78.3600,19,2
2026-06-23,000333,11:02:30,78.3600,20,2
2026-06-23,000333,11:02:33,78.3500,22,2
2026-06-23,000333,11:02:36,78.3300,26,2
2026-06-23,000333,11:02:39,78.3000,69,2
2026-06-23,000333,11:02:42,78.3000,36,2
2026-06-23,000333,11:02:45,78.3100,9,4
2026-06-23,000333,11:02:48,78.3200,18,1
2026-06-23,000333,11:02:51,78.3000,30,2
2026-06-23,000333,11:02:54,78.3100,15,2
2026-06-23,000333,11:02:57,78.3000,30,2
2026-06-23,000333,11:03:00,78.3000,45,2
2026-06-23,000333,11:03:03,78.3000,54,2
2026-06-23,000333,11:03:06,78.2900,60,4
2026-06-23,000333,11:03:09,78.2800,52,2
2026-06-23,000333,11:03:12,78.2800,49,1
2026-06-23,000333,11:03:15,78.2900,38,1
2026-06-23,000333,11:03:18,78.3000,52,1
2026-06-23,000333,11:03:21,78.3100,28,1
2026-06-23,000333,11:03:24,78.2900,23,1
2026-06-23,000333,11:03:27,78.2800,24,4
2026-06-23,000333,11:03:30,78.2900,110,1
2026-06-23,000333,11:03:33,78.2700,46,2
2026-06-23,000333,11:03:36,78.2600,11,4
2026-06-23,000333,11:03:39,78.2700,35,1
2026-06-23,000333,11:03:42,78.2700,26,2
2026-06-23,000333,11:03:45,78.2900,11,1
2026-06-23,000333,11:03:48,78.2900,5,1
2026-06-23,000333,11:03:51,78.3000,57,1
2026-06-23,000333,11:03:54,78.2800,25,2
2026-06-23,000333,11:03:57,78.3000,44,1
2026-06-23,000333,11:04:00,78.2500,90,2
2026-06-23,000333,11:04:03,78.3000,50,1
2026-06-23,000333,11:04:06,78.3000,93,2
2026-06-23,000333,11:04:09,78.2600,14,2
2026-06-23,000333,11:04:12,78.2600,41,2
2026-06-23,000333,11:04:15,78.2600,25,2
2026-06-23,000333,11:04:18,78.2500,36,2
2026-06-23,000333,11:04:21,78.2700,32,1
2026-06-23,000333,11:04:24,78.2600,204,4
2026-06-23,000333,11:04:27,78.2100,101,2
2026-06-23,000333,11:04:30,78.2000,66,2
2026-06-23,000333,11:04:33,78.2000,127,2
2026-06-23,000333,11:04:36,78.2200,39,1
2026-06-23,000333,11:04:39,78.2000,29,2
2026-06-23,000333,11:04:42,78.2000,39,2
2026-06-23,000333,11:04:45,78.2000,14,2
2026-06-23,000333,11:04:48,78.2100,39,1
2026-06-23,000333,11:04:51,78.2000,24,2
2026-06-23,000333,11:04:54,78.2000,15,2
2026-06-23,000333,11:04:57,78.1800,98,2
2026-06-23,000333,11:05:00,78.1800,55,2
2026-06-23,000333,11:05:03,78.1800,69,2
2026-06-23,000333,11:05:06,78.1700,107,2
2026-06-23,000333,11:05:09,78.1700,201,2
2026-06-23,000333,11:05:12,78.1500,9,2
2026-06-23,000333,11:05:15,78.1500,13,2
2026-06-23,000333,11:05:18,78.1500,17,2
2026-06-23,000333,11:05:21,78.1500,60,2
2026-06-23,000333,11:05:24,78.1800,269,1
2026-06-23,000333,11:05:27,78.1900,54,4
2026-06-23,000333,11:05:30,78.2000,37,1
2026-06-23,000333,11:05:33,78.2000,23,2
2026-06-23,000333,11:05:36,78.1900,44,2
2026-06-23,000333,11:05:39,78.2100,17,1
2026-06-23,000333,11:05:42,78.2000,18,2
2026-06-23,000333,11:05:45,78.2100,5,1
2026-06-23,000333,11:05:48,78.2000,27,2
2026-06-23,000333,11:05:51,78.2000,29,2
2026-06-23,000333,11:05:54,78.2000,39,2
2026-06-23,000333,11:05:57,78.2000,20,1
2026-06-23,000333,11:06:00,78.2100,53,1
2026-06-23,000333,11:06:03,78.2000,25,1
2026-06-23,000333,11:06:06,78.1800,12,2
2026-06-23,000333,11:06:09,78.2000,32,1
2026-06-23,000333,11:06:12,78.2000,2,1
2026-06-23,000333,11:06:15,78.1900,8,2
2026-06-23,000333,11:06:18,78.2000,40,1
2026-06-23,000333,11:06:21,78.1900,25,4
2026-06-23,000333,11:06:24,78.2000,24,1
2026-06-23,000333,11:06:27,78.2000,43,1
2026-06-23,000333,11:06:30,78.1700,18,2
2026-06-23,000333,11:06:33,78.1700,17,2
2026-06-23,000333,11:06:36,78.1800,65,4
2026-06-23,000333,11:06:39,78.1700,16,2
2026-06-23,000333,11:06:42,78.1600,68,2
2026-06-23,000333,11:06:45,78.1700,63,1
2026-06-23,000333,11:06:48,78.1600,50,2
2026-06-23,000333,11:06:51,78.1800,44,1
2026-06-23,000333,11:06:54,78.1500,24,2
2026-06-23,000333,11:06:57,78.1500,24,2
2026-06-23,000333,11:07:00,78.1500,65,2
2026-06-23,000333,11:07:03,78.1400,108,2
2026-06-23,000333,11:07:06,78.1500,55,2
2026-06-23,000333,11:07:09,78.1500,11,1
2026-06-23,000333,11:07:12,78.1500,29,1
2026-06-23,000333,11:07:15,78.1500,35,1
2026-06-23,000333,11:07:18,78.1300,29,2
2026-06-23,000333,11:07:21,78.1300,76,2
2026-06-23,000333,11:07:24,78.1200,143,2
2026-06-23,000333,11:07:27,78.1100,55,2
2026-06-23,000333,11:07:30,78.1200,25,4
2026-06-23,000333,11:07:33,78.1300,15,1
2026-06-23,000333,11:07:36,78.1300,31,1
2026-06-23,000333,11:07:39,78.1300,29,1
2026-06-23,000333,11:07:42,78.1200,23,2
2026-06-23,000333,11:07:45,78.1300,64,1
2026-06-23,000333,11:07:48,78.1000,61,2
2026-06-23,000333,11:07:51,78.1000,33,2
2026-06-23,000333,11:07:54,78.1200,42,1
2026-06-23,000333,11:07:57,78.1200,12,1
2026-06-23,000333,11:08:00,78.1200,38,2
2026-06-23,000333,11:08:03,78.1300,62,1
2026-06-23,000333,11:08:06,78.1300,27,2
2026-06-23,000333,11:08:09,78.1200,28,2
2026-06-23,000333,11:08:12,78.1300,19,1
2026-06-23,000333,11:08:15,78.1300,9,1
2026-06-23,000333,11:08:18,78.1300,28,1
2026-06-23,000333,11:08:21,78.1300,10,2
2026-06-23,000333,11:08:24,78.1100,81,2
2026-06-23,000333,11:08:27,78.1200,168,1
2026-06-23,000333,11:08:30,78.1000,77,2
2026-06-23,000333,11:08:33,78.1100,45,1
2026-06-23,000333,11:08:36,78.1200,36,1
2026-06-23,000333,11:08:39,78.1200,23,1
2026-06-23,000333,11:08:42,78.1000,272,2
2026-06-23,000333,11:08:45,78.1000,126,2
2026-06-23,000333,11:08:48,78.1100,70,2
2026-06-23,000333,11:08:51,78.1200,46,1
2026-06-23,000333,11:08:54,78.1200,11,1
2026-06-23,000333,11:08:57,78.1100,36,2
2026-06-23,000333,11:09:00,78.1200,23,1
2026-06-23,000333,11:09:03,78.1100,25,2
2026-06-23,000333,11:09:06,78.1200,10,1
2026-06-23,000333,11:09:09,78.1100,67,2
2026-06-23,000333,11:09:12,78.1100,26,2
2026-06-23,000333,11:09:15,78.1300,7,1
2026-06-23,000333,11:09:18,78.1200,20,2
2026-06-23,000333,11:09:21,78.1300,11,1
2026-06-23,000333,11:09:24,78.1600,48,1
2026-06-23,000333,11:09:27,78.1400,30,2
2026-06-23,000333,11:09:30,78.1600,8,2
2026-06-23,000333,11:09:33,78.1600,24,2
2026-06-23,000333,11:09:39,78.1700,16,1
2026-06-23,000333,11:09:42,78.1600,24,2
2026-06-23,000333,11:09:45,78.1700,20,1
2026-06-23,000333,11:09:48,78.1800,25,1
2026-06-23,000333,11:09:51,78.1800,11,1
2026-06-23,000333,11:09:54,78.1700,12,2
2026-06-23,000333,11:09:57,78.1900,85,1
2026-06-23,000333,11:10:00,78.2500,35,1
2026-06-23,000333,11:10:03,78.2500,4,1
2026-06-23,000333,11:10:06,78.2300,26,2
2026-06-23,000333,11:10:09,78.2400,6,1
2026-06-23,000333,11:10:12,78.2800,82,1
2026-06-23,000333,11:10:15,78.2700,6,1
2026-06-23,000333,11:10:18,78.2800,15,1
2026-06-23,000333,11:10:21,78.2600,23,2
2026-06-23,000333,11:10:24,78.2400,91,2
2026-06-23,000333,11:10:27,78.2100,65,2
2026-06-23,000333,11:10:30,78.2400,133,2
2026-06-23,000333,11:10:33,78.2400,16,2
2026-06-23,000333,11:10:36,78.2500,33,1
2026-06-23,000333,11:10:39,78.3100,107,1
2026-06-23,000333,11:10:42,78.2500,31,2
2026-06-23,000333,11:10:45,78.2600,13,2
2026-06-23,000333,11:10:48,78.2500,33,2
2026-06-23,000333,11:10:51,78.2400,25,2
2026-06-23,000333,11:10:54,78.2400,27,2
2026-06-23,000333,11:10:57,78.2700,21,4
2026-06-23,000333,11:11:00,78.2800,10,1
2026-06-23,000333,11:11:03,78.2700,22,4
2026-06-23,000333,11:11:06,78.2400,16,2
2026-06-23,000333,11:11:09,78.2400,20,2
2026-06-23,000333,11:11:12,78.2500,58,2
2026-06-23,000333,11:11:15,78.2200,27,2
2026-06-23,000333,11:11:18,78.2300,17,4
2026-06-23,000333,11:11:21,78.2300,13,1
2026-06-23,000333,11:11:24,78.2200,10,2
2026-06-23,000333,11:11:27,78.2300,11,1
2026-06-23,000333,11:11:30,78.2400,13,1
2026-06-23,000333,11:11:33,78.2400,20,2
2026-06-23,000333,11:11:36,78.2700,30,1
2026-06-23,000333,11:11:39,78.2900,21,1
2026-06-23,000333,11:11:42,78.2600,4,2
2026-06-23,000333,11:11:45,78.2800,18,1
2026-06-23,000333,11:11:48,78.2800,11,2
2026-06-23,000333,11:11:51,78.2800,3,2
2026-06-23,000333,11:11:54,78.2800,21,2
2026-06-23,000333,11:11:57,78.2800,24,2
2026-06-23,000333,11:12:00,78.2800,14,2
2026-06-23,000333,11:12:03,78.2800,13,2
2026-06-23,000333,11:12:06,78.2900,2,1
2026-06-23,000333,11:12:09,78.2900,29,1
2026-06-23,000333,11:12:12,78.2900,38,2
2026-06-23,000333,11:12:15,78.2900,15,2
2026-06-23,000333,11:12:18,78.2800,15,2
2026-06-23,000333,11:12:21,78.2900,5,1
2026-06-23,000333,11:12:24,78.2900,13,1
2026-06-23,000333,11:12:27,78.2900,14,2
2026-06-23,000333,11:12:30,78.3000,19,1
2026-06-23,000333,11:12:33,78.3000,7,1
2026-06-23,000333,11:12:36,78.2900,30,2
2026-06-23,000333,11:12:39,78.3000,13,1
2026-06-23,000333,11:12:42,78.3000,13,2
2026-06-23,000333,11:12:45,78.3500,102,1
2026-06-23,000333,11:12:48,78.3300,2,1
2026-06-23,000333,11:12:51,78.3200,2,2
2026-06-23,000333,11:12:54,78.2900,85,2
2026-06-23,000333,11:12:57,78.2900,24,1
2026-06-23,000333,11:13:00,78.2800,15,2
2026-06-23,000333,11:13:03,78.2800,5,1
2026-06-23,000333,11:13:06,78.2800,37,1
2026-06-23,000333,11:13:09,78.2700,19,2
2026-06-23,000333,11:13:12,78.2700,37,2
2026-06-23,000333,11:13:15,78.2800,6,1
2026-06-23,000333,11:13:18,78.2700,26,2
2026-06-23,000333,11:13:21,78.2700,11,2
2026-06-23,000333,11:13:24,78.2700,12,2
2026-06-23,000333,11:13:27,78.2800,18,2
2026-06-23,000333,11:13:30,78.2700,19,2
2026-06-23,000333,11:13:33,78.2800,1,1
2026-06-23,000333,11:13:36,78.2700,14,2
2026-06-23,000333,11:13:39,78.2700,10,2
2026-06-23,000333,11:13:42,78.2800,37,1
2026-06-23,000333,11:13:45,78.2800,23,1
2026-06-23,000333,11:13:48,78.2700,20,2
2026-06-23,000333,11:13:51,78.2600,53,2
2026-06-23,000333,11:13:54,78.2700,24,4
2026-06-23,000333,11:13:57,78.2400,46,2
2026-06-23,000333,11:14:00,78.2400,33,2
2026-06-23,000333,11:14:03,78.2400,154,2
2026-06-23,000333,11:14:06,78.2400,43,1
2026-06-23,000333,11:14:09,78.2100,22,2
2026-06-23,000333,11:14:12,78.2100,25,2
2026-06-23,000333,11:14:15,78.1900,17,2
2026-06-23,000333,11:14:18,78.1900,35,2
2026-06-23,000333,11:14:21,78.1900,34,2
2026-06-23,000333,11:14:24,78.2100,22,1
2026-06-23,000333,11:14:27,78.2200,48,1
2026-06-23,000333,11:14:30,78.2300,11,4
2026-06-23,000333,11:14:33,78.2300,25,4
2026-06-23,000333,11:14:36,78.2200,72,2
2026-06-23,000333,11:14:39,78.2100,31,2
2026-06-23,000333,11:14:42,78.2100,18,2
2026-06-23,000333,11:14:45,78.1900,25,2
2026-06-23,000333,11:14:48,78.2200,18,1
2026-06-23,000333,11:14:51,78.2200,69,4
2026-06-23,000333,11:14:54,78.2400,58,1
2026-06-23,000333,11:14:57,78.2500,12,1
2026-06-23,000333,11:15:00,78.2100,44,2
2026-06-23,000333,11:15:03,78.2600,1,1
2026-06-23,000333,11:15:06,78.2600,113,1
2026-06-23,000333,11:15:09,78.2600,29,1
2026-06-23,000333,11:15:12,78.2300,42,2
2026-06-23,000333,11:15:15,78.2800,18,1
2026-06-23,000333,11:15:18,78.2700,1,1
2026-06-23,000333,11:15:21,78.2300,47,2
2026-06-23,000333,11:15:24,78.2500,53,1
2026-06-23,000333,11:15:27,78.2500,16,4
2026-06-23,000333,11:15:30,78.2700,12,1
2026-06-23,000333,11:15:33,78.2700,27,1
2026-06-23,000333,11:15:36,78.2600,18,2
2026-06-23,000333,11:15:39,78.2600,20,2
2026-06-23,000333,11:15:42,78.2600,10,2
2026-06-23,000333,11:15:45,78.3000,140,1
2026-06-23,000333,11:15:48,78.2900,6,1
2026-06-23,000333,11:15:51,78.3000,8,1
2026-06-23,000333,11:15:54,78.2900,15,1
2026-06-23,000333,11:15:57,78.2800,2,2
2026-06-23,000333,11:16:00,78.2800,16,2
2026-06-23,000333,11:16:03,78.2800,22,4
2026-06-23,000333,11:16:06,78.2900,17,1
2026-06-23,000333,11:16:09,78.2900,4,1
2026-06-23,000333,11:16:12,78.2800,16,2
2026-06-23,000333,11:16:15,78.2900,22,1
2026-06-23,000333,11:16:18,78.2900,12,1
2026-06-23,000333,11:16:21,78.2900,12,2
2026-06-23,000333,11:16:24,78.3000,27,1
2026-06-23,000333,11:16:27,78.2800,23,2
2026-06-23,000333,11:16:30,78.2900,12,1
2026-06-23,000333,11:16:33,78.2800,14,4
2026-06-23,000333,11:16:36,78.2700,44,2
2026-06-23,000333,11:16:39,78.2500,26,2
2026-06-23,000333,11:16:42,78.2500,24,2
2026-06-23,000333,11:16:45,78.2300,17,2
2026-06-23,000333,11:16:48,78.2200,46,2
2026-06-23,000333,11:16:51,78.2300,15,2
2026-06-23,000333,11:16:54,78.2500,36,1
2026-06-23,000333,11:16:57,78.2600,34,1
2026-06-23,000333,11:17:00,78.2500,59,2
2026-06-23,000333,11:17:03,78.2700,7,1
2026-06-23,000333,11:17:06,78.2600,2,2
2026-06-23,000333,11:17:09,78.2700,2,1
2026-06-23,000333,11:17:12,78.2900,103,1
2026-06-23,000333,11:17:15,78.3000,8,1
2026-06-23,000333,11:17:18,78.2700,107,2
2026-06-23,000333,11:17:21,78.2600,34,2
2026-06-23,000333,11:17:24,78.2500,111,2
2026-06-23,000333,11:17:27,78.2500,86,1
2026-06-23,000333,11:17:30,78.2500,17,1
2026-06-23,000333,11:17:33,78.2800,42,1
2026-06-23,000333,11:17:36,78.2900,5,4
2026-06-23,000333,11:17:39,78.2900,74,2
2026-06-23,000333,11:17:42,78.3100,41,1
2026-06-23,000333,11:17:45,78.3600,45,1
2026-06-23,000333,11:17:48,78.3100,13,2
2026-06-23,000333,11:17:51,78.3500,18,1
2026-06-23,000333,11:17:54,78.3200,11,2
2026-06-23,000333,11:17:57,78.3400,2,1
2026-06-23,000333,11:18:00,78.3400,4,1
