date,code,time,price,volume,bs
2026-01-13,000001,14:04:54,11.4800,64,2
2026-01-13,000001,14:05:00,11.4800,102,2
2026-01-13,000001,14:05:03,11.4800,12,2
2026-01-13,000001,14:05:06,11.4800,11,2
2026-01-13,000001,14:05:09,11.4900,5,1
2026-01-13,000001,14:05:15,11.4900,341,1
2026-01-13,000001,14:05:21,11.4800,150,2
2026-01-13,000001,14:05:24,11.4800,14,2
2026-01-13,000001,14:05:27,11.4900,44,1
2026-01-13,000001,14:05:33,11.4800,6,2
2026-01-13,000001,14:05:36,11.4900,67,1
2026-01-13,000001,14:05:39,11.4800,26,2
2026-01-13,000001,14:05:42,11.4800,121,2
2026-01-13,000001,14:05:45,11.4800,3308,2
2026-01-13,000001,14:05:48,11.4800,597,2
2026-01-13,000001,14:05:51,11.4800,38,2
2026-01-13,000001,14:05:54,11.4800,4897,2
2026-01-13,000001,14:05:57,11.4800,617,2
2026-01-13,000001,14:06:00,11.4800,17,2
2026-01-13,000001,14:06:03,11.4800,66,2
2026-01-13,000001,14:06:06,11.4800,78,2
2026-01-13,000001,14:06:09,11.4800,9,2
2026-01-13,000001,14:06:12,11.4800,181,2
2026-01-13,000001,14:06:15,11.4800,325,2
2026-01-13,000001,14:06:18,11.4800,42,2
2026-01-13,000001,14:06:21,11.4800,53,2
2026-01-13,000001,14:06:24,11.4800,25,2
2026-01-13,000001,14:06:27,11.4800,40,2
2026-01-13,000001,14:06:30,11.4800,95,2
2026-01-13,000001,14:06:33,11.4800,15,2
2026-01-13,000001,14:06:36,11.4800,49,2
2026-01-13,000001,14:06:39,11.4800,70,2
2026-01-13,000001,14:06:45,11.4900,11,1
2026-01-13,000001,14:06:48,11.4800,54,2
2026-01-13,000001,14:06:51,11.4800,1,2
2026-01-13,000001,14:06:54,11.4800,112,2
2026-01-13,000001,14:06:57,11.4800,31,2
2026-01-13,000001,14:07:00,11.4800,37,2
2026-01-13,000001,14:07:03,11.4900,25,1
2026-01-13,000001,14:07:06,11.4800,2609,2
2026-01-13,000001,14:07:09,11.4700,237,2
2026-01-13,000001,14:07:12,11.4700,18,2
2026-01-13,000001,14:07:15,11.4700,17,2
2026-01-13,000001,14:07:18,11.4800,20,1
2026-01-13,000001,14:07:21,11.4800,10,1
2026-01-13,000001,14:07:24,11.4800,3,1
2026-01-13,000001,14:07:30,11.4800,97,1
2026-01-13,000001,14:07:33,11.4800,204,1
2026-01-13,000001,14:07:36,11.4800,9,1
2026-01-13,000001,14:07:39,11.4800,37,1
2026-01-13,000001,14:07:42,11.4800,74,1
2026-01-13,000001,14:07:45,11.4700,14,2
2026-01-13,000001,14:07:48,11.4700,60,2
2026-01-13,000001,14:07:51,11.4800,41,1
2026-01-13,000001,14:07:54,11.4800,29,1
2026-01-13,000001,14:08:00,11.4700,30,2
2026-01-13,000001,14:08:03,11.4800,26,1
2026-01-13,000001,14:08:06,11.4800,184,1
2026-01-13,000001,14:08:09,11.4800,35,1
2026-01-13,000001,14:08:12,11.4800,25,1
2026-01-13,000001,14:08:15,11.4700,23,2
2026-01-13,000001,14:08:18,11.4800,26,1
2026-01-13,000001,14:08:21,11.4800,51,1
2026-01-13,000001,14:08:24,11.4800,8,1
2026-01-13,000001,14:08:27,11.4800,52,1
2026-01-13,000001,14:08:30,11.4700,18,2
2026-01-13,000001,14:08:33,11.4700,1,2
2026-01-13,000001,14:08:36,11.4700,35,2
2026-01-13,000001,14:08:39,11.4800,3,1
2026-01-13,000001,14:08:42,11.4700,174,2
2026-01-13,000001,14:08:45,11.4800,212,1
2026-01-13,000001,14:08:48,11.4800,153,1
2026-01-13,000001,14:08:51,11.4800,360,1
2026-01-13,000001,14:08:54,11.4800,73,1
2026-01-13,000001,14:08:57,11.4800,13,1
2026-01-13,000001,14:09:00,11.4800,694,1
2026-01-13,000001,14:09:03,11.4800,55,1
2026-01-13,000001,14:09:06,11.4800,74,1
2026-01-13,000001,14:09:09,11.4700,43,2
2026-01-13,000001,14:09:12,11.4700,129,2
2026-01-13,000001,14:09:15,11.4700,109,2
2026-01-13,000001,14:09:18,11.4800,184,1
2026-01-13,000001,14:09:21,11.4800,204,1
2026-01-13,000001,14:09:24,11.4700,24,2
2026-01-13,000001,14:09:27,11.4800,29,1
2026-01-13,000001,14:09:30,11.4700,12,2
2026-01-13,000001,14:09:33,11.4800,53,1
2026-01-13,000001,14:09:36,11.4700,49,2
2026-01-13,000001,14:09:39,11.4800,19,1
2026-01-13,000001,14:09:42,11.4800,10,1
2026-01-13,000001,14:09:45,11.4700,33,2
2026-01-13,000001,14:09:48,11.4700,16,2
2026-01-13,000001,14:09:51,11.4700,40,2
2026-01-13,000001,14:09:54,11.4800,4,1
2026-01-13,000001,14:09:57,11.4700,17,2
2026-01-13,000001,14:10:00,11.4800,13,1
2026-01-13,000001,14:10:03,11.4700,62,2
2026-01-13,000001,14:10:06,11.4800,35,1
2026-01-13,000001,14:10:09,11.4800,35,1
2026-01-13,000001,14:10:12,11.4700,16,2
2026-01-13,000001,14:10:15,11.4700,90,2
2026-01-13,000001,14:10:21,11.4800,21,1
2026-01-13,000001,14:10:24,11.4800,19,1
2026-01-13,000001,14:10:27,11.4800,10,1
2026-01-13,000001,14:10:30,11.4800,81,1
2026-01-13,000001,14:10:33,11.4700,72,2
2026-01-13,000001,14:10:36,11.4700,86,2
2026-01-13,000001,14:10:39,11.4700,75,2
2026-01-13,000001,14:10:42,11.4700,94,2
2026-01-13,000001,14:10:45,11.4700,160,2
2026-01-13,000001,14:10:48,11.4700,99,2
2026-01-13,000001,14:10:51,11.4700,60,2
2026-01-13,000001,14:10:54,11.4800,191,1
2026-01-13,000001,14:10:57,11.4700,20,2
2026-01-13,000001,14:11:00,11.4700,27,2
2026-01-13,000001,14:11:03,11.4800,95,1
2026-01-13,000001,14:11:06,11.4700,73,2
2026-01-13,000001,14:11:09,11.4800,31,1
2026-01-13,000001,14:11:12,11.4800,196,1
2026-01-13,000001,14:11:15,11.4800,19,1
2026-01-13,000001,14:11:18,11.4800,59,1
2026-01-13,000001,14:11:21,11.4800,29,1
2026-01-13,000001,14:11:24,11.4700,122,2
2026-01-13,000001,14:11:27,11.4700,30,2
2026-01-13,000001,14:11:30,11.4700,30,2
2026-01-13,000001,14:11:33,11.4700,1065,2
2026-01-13,000001,14:11:36,11.4800,12,1
2026-01-13,000001,14:11:39,11.4800,14,1
2026-01-13,000001,14:11:42,11.4800,465,1
2026-01-13,000001,14:11:45,11.4700,251,2
2026-01-13,000001,14:11:48,11.4700,53,2
2026-01-13,000001,14:11:54,11.4800,21,1
2026-01-13,000001,14:12:00,11.4700,157,2
2026-01-13,000001,14:12:03,11.4700,89,2
2026-01-13,000001,14:12:06,11.4700,11,2
2026-01-13,000001,14:12:09,11.4800,4,1
2026-01-13,000001,14:12:21,11.4700,90,2
2026-01-13,000001,14:12:24,11.4700,59,2
2026-01-13,000001,14:12:27,11.4700,64,2
2026-01-13,000001,14:12:30,11.4700,45,2
2026-01-13,000001,14:12:33,11.4700,165,2
2026-01-13,000001,14:12:36,11.4700,20,2
2026-01-13,000001,14:12:39,11.4800,214,1
2026-01-13,000001,14:12:42,11.4800,279,1
2026-01-13,000001,14:12:48,11.4800,181,1
2026-01-13,000001,14:12:51,11.4700,10,2
2026-01-13,000001,14:12:54,11.4700,11,2
2026-01-13,000001,14:12:57,11.4700,81,2
2026-01-13,000001,14:13:00,11.4700,32,2
2026-01-13,000001,14:13:03,11.4800,656,1
2026-01-13,000001,14:13:06,11.4700,60,2
2026-01-13,000001,14:13:09,11.4700,110,2
2026-01-13,000001,14:13:12,11.4700,16,2
2026-01-13,000001,14:13:18,11.4700,20,2
2026-01-13,000001,14:13:21,11.4700,24,2
2026-01-13,000001,14:13:24,11.4800,78,1
2026-01-13,000001,14:13:27,11.4700,128,2
2026-01-13,000001,14:13:30,11.4700,60,2
2026-01-13,000001,14:13:33,11.4800,6,1
2026-01-13,000001,14:13:39,11.4800,26,1
2026-01-13,000001,14:13:42,11.4700,18,2
2026-01-13,000001,14:13:45,11.4800,25,1
2026-01-13,000001,14:13:48,11.4800,135,1
2026-01-13,000001,14:13:51,11.4700,11,2
2026-01-13,000001,14:13:54,11.4800,3,1
2026-01-13,000001,14:13:57,11.4700,19,2
2026-01-13,000001,14:14:00,11.4700,24,2
2026-01-13,000001,14:14:03,11.4800,13,1
2026-01-13,000001,14:14:06,11.4700,65,2
2026-01-13,000001,14:14:09,11.4700,1,2
2026-01-13,000001,14:14:12,11.4700,18,2
2026-01-13,000001,14:14:15,11.4800,30,1
2026-01-13,000001,14:14:18,11.4700,1,2
2026-01-13,000001,14:14:21,11.4800,6,1
2026-01-13,000001,14:14:24,11.4800,18,1
2026-01-13,000001,14:14:30,11.4800,7,1
2026-01-13,000001,14:14:33,11.4800,19,1
2026-01-13,000001,14:14:36,11.4700,9,2
2026-01-13,000001,14:14:39,11.4800,51,1
2026-01-13,000001,14:14:42,11.4800,122,1
2026-01-13,000001,14:14:45,11.4800,86,1
2026-01-13,000001,14:14:48,11.4700,71,2
2026-01-13,000001,14:14:51,11.4800,194,1
2026-01-13,000001,14:14:54,11.4800,56,1
2026-01-13,000001,14:15:00,11.4800,77,1
2026-01-13,000001,14:15:03,11.4700,120,2
2026-01-13,000001,14:15:06,11.4700,31,2
2026-01-13,000001,14:15:09,11.4700,1,2
2026-01-13,000001,14:15:12,11.4700,16,2
2026-01-13,000001,14:15:15,11.4700,47,2
2026-01-13,000001,14:15:21,11.4700,14,2
2026-01-13,000001,14:15:24,11.4800,2,1
2026-01-13,000001,14:15:27,11.4700,84,2
2026-01-13,000001,14:15:30,11.4700,37,2
2026-01-13,000001,14:15:33,11.4700,145,2
2026-01-13,000001,14:15:36,11.4700,6,2
2026-01-13,000001,14:15:39,11.4700,9,2
2026-01-13,000001,14:15:45,11.4700,48,2
2026-01-13,000001,14:15:48,11.4700,34,2
2026-01-13,000001,14:15:51,11.4700,62,2
2026-01-13,000001,14:15:54,11.4800,30,1
2026-01-13,000001,14:15:57,11.4800,51,1
2026-01-13,000001,14:16:00,11.4800,73,1
2026-01-13,000001,14:16:03,11.4700,369,2
2026-01-13,000001,14:16:06,11.4800,25,1
2026-01-13,000001,14:16:09,11.4800,33,1
2026-01-13,000001,14:16:12,11.4700,35,2
2026-01-13,000001,14:16:15,11.4800,65,1
2026-01-13,000001,14:16:18,11.4700,8,2
2026-01-13,000001,14:16:21,11.4700,2,2
2026-01-13,000001,14:16:24,11.4800,38,1
2026-01-13,000001,14:16:27,11.4800,80,1
2026-01-13,000001,14:16:30,11.4800,6,1
2026-01-13,000001,14:16:33,11.4800,7,1
2026-01-13,000001,14:16:36,11.4800,61,1
2026-01-13,000001,14:16:39,11.4700,59,2
2026-01-13,000001,14:16:42,11.4800,62,1
2026-01-13,000001,14:16:45,11.4700,26,2
2026-01-13,000001,14:16:48,11.4700,69,2
2026-01-13,000001,14:16:51,11.4700,48,2
2026-01-13,000001,14:16:54,11.4700,35,2
2026-01-13,000001,14:16:57,11.4800,39,1
2026-01-13,000001,14:17:00,11.4700,197,2
2026-01-13,000001,14:17:03,11.4700,83,2
2026-01-13,000001,14:17:06,11.4700,47,2
2026-01-13,000001,14:17:09,11.4800,137,1
2026-01-13,000001,14:17:12,11.4800,430,1
2026-01-13,000001,14:17:15,11.4700,179,2
2026-01-13,000001,14:17:18,11.4700,101,2
2026-01-13,000001,14:17:21,11.4700,97,2
2026-01-13,000001,14:17:24,11.4700,37,2
2026-01-13,000001,14:17:27,11.4800,7,1
2026-01-13,000001,14:17:30,11.4700,64,2
2026-01-13,000001,14:17:33,11.4800,73,1
2026-01-13,000001,14:17:36,11.4700,21,2
2026-01-13,000001,14:17:39,11.4700,107,2
2026-01-13,000001,14:17:42,11.4700,50,2
2026-01-13,000001,14:17:45,11.4700,12,2
2026-01-13,000001,14:17:48,11.4700,58,2
2026-01-13,000001,14:17:51,11.4700,56,2
2026-01-13,000001,14:17:54,11.4700,41,2
2026-01-13,000001,14:18:00,11.4800,24,1
2026-01-13,000001,14:18:03,11.4700,74,2
2026-01-13,000001,14:18:06,11.4800,32,1
2026-01-13,000001,14:18:09,11.4800,10,1
2026-01-13,000001,14:18:12,11.4700,15,2
2026-01-13,000001,14:18:15,11.4800,49,1
2026-01-13,000001,14:18:18,11.4700,19,2
2026-01-13,000001,14:18:24,11.4800,42,1
2026-01-13,000001,14:18:27,11.4700,105,2
2026-01-13,000001,14:18:33,11.4800,22,1
2026-01-13,000001,14:18:36,11.4700,55,2
2026-01-13,000001,14:18:39,11.4700,39,2
2026-01-13,000001,14:18:42,11.4700,3,2
2026-01-13,000001,14:18:45,11.4700,21,2
2026-01-13,000001,14:18:48,11.4800,67,1
2026-01-13,000001,14:18:51,11.4700,11,2
2026-01-13,000001,14:18:54,11.4700,80,2
2026-01-13,000001,14:18:57,11.4800,52,1
2026-01-13,000001,14:19:03,11.4700,39,2
2026-01-13,000001,14:19:06,11.4700,115,2
2026-01-13,000001,14:19:09,11.4800,64,1
2026-01-13,000001,14:19:12,11.4700,34,2
2026-01-13,000001,14:19:15,11.4700,40,2
2026-01-13,000001,14:19:18,11.4700,29,2
2026-01-13,000001,14:19:21,11.4700,46,2
2026-01-13,000001,14:19:24,11.4800,82,1
2026-01-13,000001,14:19:27,11.4700,22,2
2026-01-13,000001,14:19:30,11.4700,105,2
2026-01-13,000001,14:19:33,11.4800,69,1
2026-01-13,000001,14:19:36,11.4700,30,2
2026-01-13,000001,14:19:39,11.4700,29,2
2026-01-13,000001,14:19:42,11.4700,45,2
2026-01-13,000001,14:19:45,11.4700,61,2
2026-01-13,000001,14:19:48,11.4800,214,1
2026-01-13,000001,14:19:51,11.4800,24,1
2026-01-13,000001,14:19:54,11.4700,14,2
2026-01-13,000001,14:20:03,11.4800,48,1
2026-01-13,000001,14:20:06,11.4800,9,1
2026-01-13,000001,14:20:09,11.4800,1,1
2026-01-13,000001,14:20:12,11.4700,27,2
2026-01-13,000001,14:20:15,11.4800,4012,1
2026-01-13,000001,14:20:18,11.4800,337,1
2026-01-13,000001,14:20:21,11.4800,27,1
2026-01-13,000001,14:20:24,11.4800,54,1
2026-01-13,000001,14:20:27,11.4800,3241,1
2026-01-13,000001,14:20:30,11.4800,297,1
2026-01-13,000001,14:20:33,11.4800,74,1
2026-01-13,000001,14:20:36,11.4700,46,2
2026-01-13,000001,14:20:39,11.4800,31,1
2026-01-13,000001,14:20:42,11.4700,1,2
2026-01-13,000001,14:20:45,11.4800,47,1
2026-01-13,000001,14:20:48,11.4800,8,1
2026-01-13,000001,14:20:51,11.4800,167,1
2026-01-13,000001,14:20:54,11.4800,64,1
2026-01-13,000001,14:20:57,11.4700,236,2
2026-01-13,000001,14:21:03,11.4800,34,1
2026-01-13,000001,14:21:09,11.4800,21,1
2026-01-13,000001,14:21:12,11.4800,10,1
2026-01-13,000001,14:21:15,11.4800,3,1
2026-01-13,000001,14:21:21,11.4800,95,1
2026-01-13,000001,14:21:24,11.4800,515,1
2026-01-13,000001,14:21:27,11.4800,590,1
2026-01-13,000001,14:21:30,11.4700,136,2
2026-01-13,000001,14:21:33,11.4800,25,1
2026-01-13,000001,14:21:36,11.4700,15,2
2026-01-13,000001,14:21:39,11.4800,41,1
2026-01-13,000001,14:21:42,11.4800,22,1
2026-01-13,000001,14:21:45,11.4700,54,2
2026-01-13,000001,14:21:48,11.4700,84,2
2026-01-13,000001,14:21:51,11.4700,275,2
2026-01-13,000001,14:21:54,11.4800,1130,1
2026-01-13,000001,14:21:57,11.4800,43,1
2026-01-13,000001,14:22:00,11.4800,220,1
2026-01-13,000001,14:22:03,11.4700,31,2
2026-01-13,000001,14:22:06,11.4800,238,1
2026-01-13,000001,14:22:09,11.4700,1,2
2026-01-13,000001,14:22:12,11.4700,6,2
2026-01-13,000001,14:22:15,11.4800,62,1
2026-01-13,000001,14:22:18,11.4800,9,1
2026-01-13,000001,14:22:21,11.4700,34,2
2026-01-13,000001,14:22:24,11.4700,123,2
2026-01-13,000001,14:22:27,11.4700,17,2
2026-01-13,000001,14:22:30,11.4700,27,2
2026-01-13,000001,14:22:33,11.4800,298,1
2026-01-13,000001,14:22:36,11.4700,111,2
2026-01-13,000001,14:22:42,11.4800,514,1
2026-01-13,000001,14:22:45,11.4800,49,1
2026-01-13,000001,14:22:48,11.4800,50,1
2026-01-13,000001,14:22:51,11.4800,10,1
2026-01-13,000001,14:22:54,11.4700,57,2
2026-01-13,000001,14:22:57,11.4800,102,1
2026-01-13,000001,14:23:00,11.4800,124,1
2026-01-13,000001,14:23:03,11.4800,18,1
2026-01-13,000001,14:23:06,11.4700,58,2
2026-01-13,000001,14:23:09,11.4800,30,1
2026-01-13,000001,14:23:15,11.4800,62,1
2026-01-13,000001,14:23:18,11.4700,47,2
2026-01-13,000001,14:23:21,11.4700,7,2
2026-01-13,000001,14:23:24,11.4800,1,1
2026-01-13,000001,14:23:30,11.4800,1,1
2026-01-13,000001,14:23:33,11.4800,72,1
2026-01-13,000001,14:23:36,11.4800,24,1
2026-01-13,000001,14:23:39,11.4800,55,1
2026-01-13,000001,14:23:42,11.4700,4,2
2026-01-13,000001,14:23:51,11.4800,514,1
2026-01-13,000001,14:23:54,11.4800,12,1
2026-01-13,000001,14:23:57,11.4800,84,1
2026-01-13,000001,14:24:00,11.4700,52,2
2026-01-13,000001,14:24:03,11.4800,40,1
2026-01-13,000001,14:24:06,11.4800,1,1
2026-01-13,000001,14:24:09,11.4800,12,1
2026-01-13,000001,14:24:12,11.4700,1,2
2026-01-13,000001,14:24:15,11.4800,5,1
2026-01-13,000001,14:24:21,11.4700,134,2
2026-01-13,000001,14:24:24,11.4700,32,2
2026-01-13,000001,14:24:27,11.4800,142,1
2026-01-13,000001,14:24:30,11.4800,5,1
2026-01-13,000001,14:24:33,11.4700,4,2
2026-01-13,000001,14:24:36,11.4800,10,1
2026-01-13,000001,14:24:39,11.4700,8,2
2026-01-13,000001,14:24:42,11.4700,100,2
2026-01-13,000001,14:24:45,11.4800,23,1
2026-01-13,000001,14:24:48,11.4800,332,1
2026-01-13,000001,14:24:51,11.4800,94,1
2026-01-13,000001,14:24:54,11.4800,16,1
2026-01-13,000001,14:24:57,11.4800,12,1
2026-01-13,000001,14:25:00,11.4700,4,2
2026-01-13,000001,14:25:03,11.4800,33,1
2026-01-13,000001,14:25:06,11.4800,6,1
2026-01-13,000001,14:25:09,11.4800,23,1
2026-01-13,000001,14:25:15,11.4700,72,2
2026-01-13,000001,14:25:18,11.4800,99,1
2026-01-13,000001,14:25:21,11.4700,19,2
2026-01-13,000001,14:25:24,11.4800,14,1
2026-01-13,000001,14:25:27,11.4800,2,1
2026-01-13,000001,14:25:30,11.4800,541,1
2026-01-13,000001,14:25:33,11.4800,3,1
2026-01-13,000001,14:25:36,11.4800,81,1
2026-01-13,000001,14:25:39,11.4700,51,2
2026-01-13,000001,14:25:42,11.4800,108,1
2026-01-13,000001,14:25:45,11.4800,57,1
2026-01-13,000001,14:25:48,11.4800,35,1
2026-01-13,000001,14:25:51,11.4700,84,2
2026-01-13,000001,14:25:54,11.4800,61,1
2026-01-13,000001,14:25:57,11.4800,60,1
2026-01-13,000001,14:26:00,11.4700,15,2
2026-01-13,000001,14:26:03,11.4800,30,1
2026-01-13,000001,14:26:06,11.4700,120,2
2026-01-13,000001,14:26:09,11.4800,227,1
2026-01-13,000001,14:26:15,11.4700,38,2
2026-01-13,000001,14:26:18,11.4800,176,1
2026-01-13,000001,14:26:21,11.4700,515,2
2026-01-13,000001,14:26:24,11.4700,30,2
2026-01-13,000001,14:26:27,11.4700,166,2
2026-01-13,000001,14:26:30,11.4800,19,1
2026-01-13,000001,14:26:33,11.4700,7,2
2026-01-13,000001,14:26:36,11.4800,6,1
2026-01-13,000001,14:26:39,11.4700,42,2
2026-01-13,000001,14:26:42,11.4700,17,2
2026-01-13,000001,14:26:45,11.4700,21,2
2026-01-13,000001,14:26:51,11.4800,35,1
2026-01-13,000001,14:26:54,11.4700,25,2
2026-01-13,000001,14:26:57,11.4800,46,1
2026-01-13,000001,14:27:00,11.4800,244,1
2026-01-13,000001,14:27:03,11.4800,402,1
2026-01-13,000001,14:27:06,11.4800,669,1
2026-01-13,000001,14:27:09,11.4700,322,2
2026-01-13,000001,14:27:12,11.4700,50,2
2026-01-13,000001,14:27:15,11.4700,2466,2
2026-01-13,000001,14:27:18,11.4700,221,2
2026-01-13,000001,14:27:21,11.4800,244,1
2026-01-13,000001,14:27:24,11.4700,177,2
2026-01-13,000001,14:27:27,11.4700,36,2
2026-01-13,000001,14:27:30,11.4800,5270,1
2026-01-13,000001,14:27:33,11.4700,318,2
2026-01-13,000001,14:27:36,11.4800,75,1
2026-01-13,000001,14:27:39,11.4700,84,2
2026-01-13,000001,14:27:42,11.4800,2196,1
2026-01-13,000001,14:27:45,11.4700,621,2
2026-01-13,000001,14:27:48,11.4700,5410,2
2026-01-13,000001,14:27:51,11.4700,1983,2
2026-01-13,000001,14:27:54,11.4600,131,2
2026-01-13,000001,14:27:57,11.4700,36,1
2026-01-13,000001,14:28:00,11.4600,31,2
2026-01-13,000001,14:28:03,11.4600,17,2
2026-01-13,000001,14:28:06,11.4600,55,2
2026-01-13,000001,14:28:09,11.4600,39,2
2026-01-13,000001,14:28:12,11.4700,10,1
2026-01-13,000001,14:28:15,11.4700,138,1
2026-01-13,000001,14:28:18,11.4700,79,1
2026-01-13,000001,14:28:21,11.4700,170,1
2026-01-13,000001,14:28:24,11.4700,1,1
2026-01-13,000001,14:28:27,11.4600,74,2
2026-01-13,000001,14:28:30,11.4700,134,1
2026-01-13,000001,14:28:33,11.4600,72,2
2026-01-13,000001,14:28:36,11.4700,55,1
2026-01-13,000001,14:28:39,11.4700,19,1
2026-01-13,000001,14:28:45,11.4700,67,1
2026-01-13,000001,14:28:48,11.4700,182,1
2026-01-13,000001,14:28:51,11.4700,132,2
2026-01-13,000001,14:28:54,11.4700,49,2
2026-01-13,000001,14:28:57,11.4700,165,2
2026-01-13,000001,14:29:00,11.4700,67,2
2026-01-13,000001,14:29:03,11.4700,150,2
2026-01-13,000001,14:29:06,11.4700,39,1
2026-01-13,000001,14:29:09,11.4600,25,2
2026-01-13,000001,14:29:12,11.4700,25,1
2026-01-13,000001,14:29:15,11.4600,2,2
2026-01-13,000001,14:29:18,11.4700,11,1
2026-01-13,000001,14:29:21,11.4600,42,2
2026-01-13,000001,14:29:24,11.4600,25,2
2026-01-13,000001,14:29:27,11.4600,45,2
2026-01-13,000001,14:29:30,11.4700,39,1
2026-01-13,000001,14:29:33,11.4700,3,1
2026-01-13,000001,14:29:36,11.4600,53,2
2026-01-13,000001,14:29:39,11.4600,62,2
2026-01-13,000001,14:29:42,11.4600,4,2
2026-01-13,000001,14:29:45,11.4700,4,1
2026-01-13,000001,14:29:48,11.4700,59,1
2026-01-13,000001,14:29:51,11.4700,161,1
2026-01-13,000001,14:29:54,11.4700,280,1
2026-01-13,000001,14:29:57,11.4600,42,2
2026-01-13,000001,14:30:00,11.4700,13,1
2026-01-13,000001,14:30:03,11.4700,530,1
2026-01-13,000001,14:30:06,11.4700,4,1
2026-01-13,000001,14:30:09,11.4600,31,2
2026-01-13,000001,14:30:12,11.4700,13,1
2026-01-13,000001,14:30:15,11.4700,23,1
2026-01-13,000001,14:30:18,11.4700,10,1
2026-01-13,000001,14:30:21,11.4700,11,1
2026-01-13,000001,14:30:24,11.4700,2,1
2026-01-13,000001,14:30:27,11.4600,44,2
2026-01-13,000001,14:30:30,11.4700,11,1
2026-01-13,000001,14:30:33,11.4600,16,2
2026-01-13,000001,14:30:36,11.4700,93,1
2026-01-13,000001,14:30:39,11.4700,9,1
2026-01-13,000001,14:30:45,11.4700,6,1
2026-01-13,000001,14:30:48,11.4600,5,2
2026-01-13,000001,14:30:51,11.4700,13,1
2026-01-13,000001,14:30:54,11.4700,2,1
2026-01-13,000001,14:30:57,11.4700,7,1
2026-01-13,000001,14:31:00,11.4700,1,1
2026-01-13,000001,14:31:03,11.4700,54,1
2026-01-13,000001,14:31:06,11.4700,171,1
2026-01-13,000001,14:31:09,11.4600,111,2
2026-01-13,000001,14:31:12,11.4700,20,1
2026-01-13,000001,14:31:15,11.4700,26,1
2026-01-13,000001,14:31:18,11.4600,20,2
2026-01-13,000001,14:31:21,11.4600,116,2
2026-01-13,000001,14:31:24,11.4700,33,1
2026-01-13,000001,14:31:27,11.4600,1,2
2026-01-13,000001,14:31:30,11.4700,28,1
2026-01-13,000001,14:31:33,11.4700,75,1
2026-01-13,000001,14:31:36,11.4700,123,1
2026-01-13,000001,14:31:39,11.4600,27,2
2026-01-13,000001,14:31:42,11.4700,42,1
2026-01-13,000001,14:31:45,11.4600,274,2
2026-01-13,000001,14:31:48,11.4600,15,2
2026-01-13,000001,14:31:51,11.4600,55,2
2026-01-13,000001,14:31:54,11.4700,18,1
2026-01-13,000001,14:31:57,11.4600,107,2
2026-01-13,000001,14:32:00,11.4700,307,1
2026-01-13,000001,14:32:03,11.4600,13,2
2026-01-13,000001,14:32:06,11.4700,10,1
2026-01-13,000001,14:32:09,11.4700,64,1
2026-01-13,000001,14:32:12,11.4600,70,2
2026-01-13,000001,14:32:15,11.4700,32,1
2026-01-13,000001,14:32:18,11.4700,38,1
2026-01-13,000001,14:32:21,11.4600,38,2
2026-01-13,000001,14:32:24,11.4700,245,1
2026-01-13,000001,14:32:27,11.4600,103,2
2026-01-13,000001,14:32:30,11.4600,13,2
2026-01-13,000001,14:32:33,11.4700,43,1
2026-01-13,000001,14:32:36,11.4700,114,1
2026-01-13,000001,14:32:39,11.4700,10,1
2026-01-13,000001,14:32:42,11.4700,747,1
2026-01-13,000001,14:32:45,11.4600,30,2
2026-01-13,000001,14:32:48,11.4600,11,2
2026-01-13,000001,14:32:51,11.4700,33,1
2026-01-13,000001,14:32:54,11.4700,15,1
2026-01-13,000001,14:32:57,11.4700,109,1
2026-01-13,000001,14:33:00,11.4700,67,1
2026-01-13,000001,14:33:03,11.4700,67,1
2026-01-13,000001,14:33:06,11.4600,306,2
2026-01-13,000001,14:33:09,11.4700,130,1
2026-01-13,000001,14:33:12,11.4700,233,1
2026-01-13,000001,14:33:15,11.4700,34,1
2026-01-13,000001,14:33:18,11.4600,72,2
2026-01-13,000001,14:33:21,11.4600,62,2
2026-01-13,000001,14:33:24,11.4600,19,2
2026-01-13,000001,14:33:27,11.4700,58,1
2026-01-13,000001,14:33:30,11.4600,372,2
2026-01-13,000001,14:33:33,11.4700,11,1
2026-01-13,000001,14:33:36,11.4700,420,1
2026-01-13,000001,14:33:39,11.4700,1,1
2026-01-13,000001,14:33:45,11.4600,1,2
2026-01-13,000001,14:33:48,11.4700,37,1
2026-01-13,000001,14:33:51,11.4600,51,2
2026-01-13,000001,14:33:54,11.4700,2,1
2026-01-13,000001,14:33:57,11.4600,5,2
2026-01-13,000001,14:34:00,11.4700,21,1
2026-01-13,000001,14:34:03,11.4700,31,1
2026-01-13,000001,14:34:06,11.4600,60,2
2026-01-13,000001,14:34:09,11.4700,15,1
2026-01-13,000001,14:34:12,11.4700,183,1
2026-01-13,000001,14:34:15,11.4600,2,2
2026-01-13,000001,14:34:18,11.4600,47,2
2026-01-13,000001,14:34:21,11.4600,2,2
2026-01-13,000001,14:34:24,11.4600,128,2
2026-01-13,000001,14:34:27,11.4700,8,1
2026-01-13,000001,14:34:33,11.4600,74,2
2026-01-13,000001,14:34:36,11.4600,47,2
2026-01-13,000001,14:34:39,11.4600,183,2
2026-01-13,000001,14:34:42,11.4600,7,2
2026-01-13,000001,14:34:45,11.4700,36,1
2026-01-13,000001,14:34:48,11.4700,20,1
2026-01-13,000001,14:34:51,11.4600,22,2
2026-01-13,000001,14:34:54,11.4600,144,2
2026-01-13,000001,14:34:57,11.4600,48,2
2026-01-13,000001,14:35:03,11.4700,132,1
2026-01-13,000001,14:35:06,11.4700,8,1
2026-01-13,000001,14:35:09,11.4700,47,1
2026-01-13,000001,14:35:12,11.4600,390,2
2026-01-13,000001,14:35:15,11.4700,137,1
2026-01-13,000001,14:35:18,11.4700,143,1
2026-01-13,000001,14:35:21,11.4600,72,2
2026-01-13,000001,14:35:24,11.4700,7,1
2026-01-13,000001,14:35:27,11.4700,52,1
2026-01-13,000001,14:35:30,11.4600,71,2
2026-01-13,000001,14:35:33,11.4600,228,2
2026-01-13,000001,14:35:36,11.4600,69,2
2026-01-13,000001,14:35:39,11.4600,28,2
2026-01-13,000001,14:35:42,11.4600,88,2
2026-01-13,000001,14:35:45,11.4700,118,1
2026-01-13,000001,14:35:48,11.4600,1,2
2026-01-13,000001,14:35:51,11.4700,19,1
2026-01-13,000001,14:35:54,11.4700,4,1
2026-01-13,000001,14:35:57,11.4600,156,2
2026-01-13,000001,14:36:00,11.4600,175,2
2026-01-13,000001,14:36:03,11.4600,35,2
2026-01-13,000001,14:36:06,11.4700,128,1
2026-01-13,000001,14:36:09,11.4700,47,1
2026-01-13,000001,14:36:12,11.4700,98,1
2026-01-13,000001,14:36:15,11.4700,3,1
2026-01-13,000001,14:36:18,11.4600,30,2
2026-01-13,000001,14:36:21,11.4700,22,1
2026-01-13,000001,14:36:24,11.4700,28,1
2026-01-13,000001,14:36:27,11.4600,25,2
2026-01-13,000001,14:36:30,11.4700,102,1
2026-01-13,000001,14:36:33,11.4600,1,2
2026-01-13,000001,14:36:36,11.4700,64,1
2026-01-13,000001,14:36:39,11.4600,148,2
2026-01-13,000001,14:36:42,11.4700,1,1
2026-01-13,000001,14:36:45,11.4700,34,1
2026-01-13,000001,14:36:48,11.4600,50,2
2026-01-13,000001,14:36:51,11.4600,110,2
2026-01-13,000001,14:36:54,11.4600,72,2
2026-01-13,000001,14:36:57,11.4600,94,2
2026-01-13,000001,14:37:00,11.4600,100,2
2026-01-13,000001,14:37:03,11.4600,34,2
2026-01-13,000001,14:37:06,11.4700,5,1
2026-01-13,000001,14:37:09,11.4700,15,1
2026-01-13,000001,14:37:12,11.4600,67,2
2026-01-13,000001,14:37:18,11.4600,121,2
2026-01-13,000001,14:37:21,11.4600,165,2
2026-01-13,000001,14:37:24,11.4600,8,2
2026-01-13,000001,14:37:27,11.4600,97,2
2026-01-13,000001,14:37:30,11.4600,283,2
2026-01-13,000001,14:37:33,11.4600,26,2
2026-01-13,000001,14:37:36,11.4700,410,1
2026-01-13,000001,14:37:39,11.4700,1,1
2026-01-13,000001,14:37:42,11.4600,93,2
2026-01-13,000001,14:37:45,11.4700,1,1
2026-01-13,000001,14:37:48,11.4600,111,2
2026-01-13,000001,14:37:51,11.4700,11,1
2026-01-13,000001,14:37:54,11.4700,91,1
2026-01-13,000001,14:37:57,11.4700,84,1
2026-01-13,000001,14:38:00,11.4700,49,1
2026-01-13,000001,14:38:03,11.4600,153,2
2026-01-13,000001,14:38:06,11.4700,335,1
2026-01-13,000001,14:38:09,11.4600,160,2
2026-01-13,000001,14:38:12,11.4600,76,2
2026-01-13,000001,14:38:15,11.4700,14,1
2026-01-13,000001,14:38:18,11.4700,85,1
2026-01-13,000001,14:38:21,11.4600,90,2
2026-01-13,000001,14:38:24,11.4700,120,1
2026-01-13,000001,14:38:27,11.4700,55,1
2026-01-13,000001,14:38:30,11.4600,182,2
2026-01-13,000001,14:38:33,11.4600,2557,2
2026-01-13,000001,14:38:36,11.4600,1970,2
2026-01-13,000001,14:38:39,11.4600,990,2
2026-01-13,000001,14:38:42,11.4500,24666,2
2026-01-13,000001,14:38:45,11.4600,1269,1
2026-01-13,000001,14:38:48,11.4500,5,2
2026-01-13,000001,14:38:51,11.4600,25,1
2026-01-13,000001,14:38:54,11.4600,20,1
2026-01-13,000001,14:38:57,11.4500,3,2
2026-01-13,000001,14:39:00,11.4500,111,2
2026-01-13,000001,14:39:03,11.4500,24,2
2026-01-13,000001,14:39:06,11.4600,35,1
2026-01-13,000001,14:39:09,11.4500,96,2
2026-01-13,000001,14:39:12,11.4500,101,2
2026-01-13,000001,14:39:15,11.4500,523,2
2026-01-13,000001,14:39:18,11.4500,78,2
2026-01-13,000001,14:39:21,11.4500,23,2
2026-01-13,000001,14:39:24,11.4500,3,2
2026-01-13,000001,14:39:27,11.4500,116,2
2026-01-13,000001,14:39:30,11.4600,1,1
2026-01-13,000001,14:39:33,11.4500,4,2
2026-01-13,000001,14:39:36,11.4600,217,1
2026-01-13,000001,14:39:39,11.4600,26,1
2026-01-13,000001,14:39:42,11.4600,1,1
2026-01-13,000001,14:39:45,11.4500,2,2
2026-01-13,000001,14:39:48,11.4600,187,1
2026-01-13,000001,14:39:51,11.4500,298,2
2026-01-13,000001,14:39:54,11.4500,7,2
2026-01-13,000001,14:39:57,11.4600,10,1
2026-01-13,000001,14:40:00,11.4500,59,2
2026-01-13,000001,14:40:03,11.4500,909,2
2026-01-13,000001,14:40:06,11.4500,156,2
2026-01-13,000001,14:40:09,11.4500,857,2
2026-01-13,000001,14:40:12,11.4500,576,2
2026-01-13,000001,14:40:15,11.4600,252,1
2026-01-13,000001,14:40:18,11.4500,483,2
2026-01-13,000001,14:40:21,11.4600,95,1
2026-01-13,000001,14:40:24,11.4500,232,2
2026-01-13,000001,14:40:27,11.4500,15,2
2026-01-13,000001,14:40:30,11.4500,164,2
2026-01-13,000001,14:40:33,11.4600,110,1
2026-01-13,000001,14:40:36,11.4500,15,2
2026-01-13,000001,14:40:39,11.4600,98,1
2026-01-13,000001,14:40:42,11.4500,151,2
2026-01-13,000001,14:40:45,11.4500,53,2
2026-01-13,000001,14:40:48,11.4500,115,2
2026-01-13,000001,14:40:51,11.4500,97,2
2026-01-13,000001,14:40:54,11.4600,4,1
2026-01-13,000001,14:40:57,11.4600,135,1
2026-01-13,000001,14:41:00,11.4500,178,2
2026-01-13,000001,14:41:03,11.4500,483,2
2026-01-13,000001,14:41:06,11.4500,92,2
2026-01-13,000001,14:41:09,11.4600,18,1
2026-01-13,000001,14:41:12,11.4500,79,2
2026-01-13,000001,14:41:15,11.4600,107,1
2026-01-13,000001,14:41:18,11.4500,795,2
2026-01-13,000001,14:41:21,11.4600,1408,1
2026-01-13,000001,14:41:24,11.4600,153,1
2026-01-13,000001,14:41:27,11.4500,222,2
2026-01-13,000001,14:41:30,11.4600,442,1
2026-01-13,000001,14:41:33,11.4500,322,2
2026-01-13,000001,14:41:36,11.4500,48,2
2026-01-13,000001,14:41:39,11.4500,85,2
2026-01-13,000001,14:41:42,11.4600,40,1
2026-01-13,000001,14:41:45,11.4500,33,2
2026-01-13,000001,14:41:48,11.4600,57,1
2026-01-13,000001,14:41:51,11.4500,107,2
2026-01-13,000001,14:41:54,11.4500,188,2
2026-01-13,000001,14:41:57,11.4500,4354,2
2026-01-13,000001,14:42:00,11.4500,5717,2
2026-01-13,000001,14:42:03,11.4500,2142,2
2026-01-13,000001,14:42:06,11.4400,4577,2
2026-01-13,000001,14:42:09,11.4500,1243,1
2026-01-13,000001,14:42:12,11.4400,188,2
2026-01-13,000001,14:42:15,11.4500,160,1
2026-01-13,000001,14:42:18,11.4400,55,2
2026-01-13,000001,14:42:21,11.4400,227,2
2026-01-13,000001,14:42:24,11.4400,111,2
2026-01-13,000001,14:42:27,11.4400,33,2
2026-01-13,000001,14:42:30,11.4500,100,1
2026-01-13,000001,14:42:33,11.4400,546,2
2026-01-13,000001,14:42:36,11.4500,101,1
2026-01-13,000001,14:42:39,11.4500,141,1
2026-01-13,000001,14:42:42,11.4500,124,1
2026-01-13,000001,14:42:45,11.4400,214,2
2026-01-13,000001,14:42:48,11.4500,61,1
2026-01-13,000001,14:42:51,11.4400,204,2
2026-01-13,000001,14:42:54,11.4500,152,1
2026-01-13,000001,14:42:57,11.4500,33,1
2026-01-13,000001,14:43:00,11.4500,38,1
2026-01-13,000001,14:43:03,11.4400,559,2
2026-01-13,000001,14:43:06,11.4400,256,2
2026-01-13,000001,14:43:09,11.4500,142,1
2026-01-13,000001,14:43:12,11.4400,57,2
2026-01-13,000001,14:43:15,11.4500,91,1
2026-01-13,000001,14:43:18,11.4500,246,1
2026-01-13,000001,14:43:21,11.4500,188,1
2026-01-13,000001,14:43:24,11.4400,49,2
2026-01-13,000001,14:43:27,11.4400,61,2
2026-01-13,000001,14:43:30,11.4400,367,2
2026-01-13,000001,14:43:33,11.4500,199,1
2026-01-13,000001,14:43:36,11.4400,32,2
2026-01-13,000001,14:43:39,11.4500,332,1
2026-01-13,000001,14:43:42,11.4500,483,1
2026-01-13,000001,14:43:45,11.4500,83,1
2026-01-13,000001,14:43:48,11.4500,162,1
2026-01-13,000001,14:43:51,11.4500,299,1
2026-01-13,000001,14:43:54,11.4500,1040,1
2026-01-13,000001,14:43:57,11.4500,168,1
2026-01-13,000001,14:44:00,11.4500,311,1
2026-01-13,000001,14:44:03,11.4500,405,1
2026-01-13,000001,14:44:06,11.4400,169,2
2026-01-13,000001,14:44:09,11.4500,1126,1
2026-01-13,000001,14:44:12,11.4400,72,2
2026-01-13,000001,14:44:15,11.4500,103,1
2026-01-13,000001,14:44:18,11.4500,126,1
2026-01-13,000001,14:44:21,11.4400,105,2
2026-01-13,000001,14:44:24,11.4500,204,1
2026-01-13,000001,14:44:27,11.4500,334,1
2026-01-13,000001,14:44:30,11.4400,340,2
2026-01-13,000001,14:44:33,11.4500,71,1
2026-01-13,000001,14:44:36,11.4400,76,2
2026-01-13,000001,14:44:39,11.4500,175,1
2026-01-13,000001,14:44:42,11.4500,20,1
2026-01-13,000001,14:44:45,11.4500,43,1
2026-01-13,000001,14:44:48,11.4400,18,2
2026-01-13,000001,14:44:51,11.4500,234,1
2026-01-13,000001,14:44:54,11.4600,356,1
2026-01-13,000001,14:44:57,11.4500,647,2
2026-01-13,000001,14:45:00,11.4500,174,1
2026-01-13,000001,14:45:03,11.4500,343,2
2026-01-13,000001,14:45:06,11.4500,709,2
2026-01-13,000001,14:45:09,11.4400,122,2
2026-01-13,000001,14:45:12,11.4500,134,2
2026-01-13,000001,14:45:15,11.4500,101,1
2026-01-13,000001,14:45:18,11.4500,274,1
2026-01-13,000001,14:45:21,11.4500,416,1
2026-01-13,000001,14:45:24,11.4400,207,2
2026-01-13,000001,14:45:27,11.4500,429,1
2026-01-13,000001,14:45:30,11.4500,140,2
2026-01-13,000001,14:45:33,11.4500,273,1
2026-01-13,000001,14:45:36,11.4400,199,2
2026-01-13,000001,14:45:39,11.4400,57,2
2026-01-13,000001,14:45:42,11.4500,164,1
2026-01-13,000001,14:45:45,11.4500,44,1
2026-01-13,000001,14:45:48,11.4400,14,2
2026-01-13,000001,14:45:51,11.4500,67,1
2026-01-13,000001,14:45:54,11.4400,11,2
2026-01-13,000001,14:45:57,11.4500,2,1
2026-01-13,000001,14:46:00,11.4400,17,2
2026-01-13,000001,14:46:03,11.4500,117,1
2026-01-13,000001,14:46:06,11.4400,100,2
2026-01-13,000001,14:46:09,11.4500,48,1
2026-01-13,000001,14:46:12,11.4500,18,1
2026-01-13,000001,14:46:15,11.4500,32,1
2026-01-13,000001,14:46:18,11.4500,35,1
2026-01-13,000001,14:46:21,11.4400,141,2
2026-01-13,000001,14:46:24,11.4400,14,2
2026-01-13,000001,14:46:27,11.4500,220,1
2026-01-13,000001,14:46:30,11.4500,208,1
2026-01-13,000001,14:46:33,11.4500,232,1
2026-01-13,000001,14:46:36,11.4400,73,2
2026-01-13,000001,14:46:39,11.4500,35,1
2026-01-13,000001,14:46:42,11.4400,51,2
2026-01-13,000001,14:46:45,11.4500,114,1
2026-01-13,000001,14:46:48,11.4400,44,2
2026-01-13,000001,14:46:51,11.4500,159,1
2026-01-13,000001,14:46:54,11.4500,72,1
2026-01-13,000001,14:46:57,11.4500,72,1
2026-01-13,000001,14:47:00,11.4500,135,1
2026-01-13,000001,14:47:03,11.4500,990,1
2026-01-13,000001,14:47:06,11.4400,366,2
2026-01-13,000001,14:47:09,11.4400,888,2
2026-01-13,000001,14:47:12,11.4400,257,2
2026-01-13,000001,14:47:15,11.4500,69,1
2026-01-13,000001,14:47:18,11.4500,36,1
2026-01-13,000001,14:47:21,11.4400,213,2
2026-01-13,000001,14:47:24,11.4400,62,2
2026-01-13,000001,14:47:27,11.4500,100,1
2026-01-13,000001,14:47:30,11.4400,21,2
2026-01-13,000001,14:47:33,11.4500,33,1
2026-01-13,000001,14:47:36,11.4400,108,2
2026-01-13,000001,14:47:39,11.4400,85,2
2026-01-13,000001,14:47:42,11.4400,106,2
2026-01-13,000001,14:47:45,11.4400,39,2
2026-01-13,000001,14:47:48,11.4400,96,2
2026-01-13,000001,14:47:51,11.4500,214,1
2026-01-13,000001,14:47:54,11.4400,158,2
2026-01-13,000001,14:47:57,11.4400,125,2
2026-01-13,000001,14:48:00,11.4400,66,2
2026-01-13,000001,14:48:03,11.4400,248,2
2026-01-13,000001,14:48:06,11.4400,593,2
2026-01-13,000001,14:48:09,11.4400,261,2
2026-01-13,000001,14:48:12,11.4400,140,2
2026-01-13,000001,14:48:15,11.4400,1282,2
2026-01-13,000001,14:48:18,11.4400,1037,2
2026-01-13,000001,14:48:21,11.4400,321,2
2026-01-13,000001,14:48:24,11.4400,165,2
2026-01-13,000001,14:48:27,11.4400,119,2
2026-01-13,000001,14:48:30,11.4400,223,2
2026-01-13,000001,14:48:33,11.4500,73,1
2026-01-13,000001,14:48:36,11.4400,68,2
2026-01-13,000001,14:48:39,11.4500,9,1
2026-01-13,000001,14:48:42,11.4500,82,1
2026-01-13,000001,14:48:45,11.4400,50,2
2026-01-13,000001,14:48:48,11.4400,642,2
2026-01-13,000001,14:48:51,11.4500,142,1
2026-01-13,000001,14:48:54,11.4400,71,2
2026-01-13,000001,14:48:57,11.4400,158,2
2026-01-13,000001,14:49:00,11.4400,121,2
2026-01-13,000001,14:49:03,11.4400,443,2
2026-01-13,000001,14:49:06,11.4400,158,2
2026-01-13,000001,14:49:09,11.4400,46,2
2026-01-13,000001,14:49:12,11.4400,334,2
2026-01-13,000001,14:49:15,11.4400,213,2
2026-01-13,000001,14:49:18,11.4400,42,2
2026-01-13,000001,14:49:21,11.4400,195,2
2026-01-13,000001,14:49:24,11.4400,423,2
2026-01-13,000001,14:49:27,11.4500,169,1
2026-01-13,000001,14:49:30,11.4500,71,1
2026-01-13,000001,14:49:33,11.4400,499,2
2026-01-13,000001,14:49:36,11.4500,474,1
2026-01-13,000001,14:49:39,11.4500,167,1
2026-01-13,000001,14:49:42,11.4500,328,1
2026-01-13,000001,14:49:45,11.4500,137,1
2026-01-13,000001,14:49:48,11.4500,153,1
2026-01-13,000001,14:49:51,11.4500,402,1
2026-01-13,000001,14:49:54,11.4500,125,1
2026-01-13,000001,14:49:57,11.4500,58,1
2026-01-13,000001,14:50:00,11.4500,180,1
2026-01-13,000001,14:50:03,11.4500,349,1
2026-01-13,000001,14:50:06,11.4500,115,1
2026-01-13,000001,14:50:09,11.4500,324,1
2026-01-13,000001,14:50:12,11.4500,163,1
2026-01-13,000001,14:50:15,11.4500,266,1
2026-01-13,000001,14:50:18,11.4500,235,1
2026-01-13,000001,14:50:21,11.4400,2178,2
2026-01-13,000001,14:50:24,11.4500,804,1
2026-01-13,000001,14:50:27,11.4400,1833,2
2026-01-13,000001,14:50:30,11.4500,578,1
2026-01-13,000001,14:50:33,11.4500,82,1
2026-01-13,000001,14:50:36,11.4500,1312,1
2026-01-13,000001,14:50:39,11.4500,196,1
2026-01-13,000001,14:50:42,11.4400,765,2
2026-01-13,000001,14:50:45,11.4500,159,1
2026-01-13,000001,14:50:48,11.4500,83,1
2026-01-13,000001,14:50:51,11.4500,271,1
2026-01-13,000001,14:50:54,11.4500,108,1
2026-01-13,000001,14:50:57,11.4500,1012,1
2026-01-13,000001,14:51:00,11.4400,291,2
2026-01-13,000001,14:51:03,11.4500,604,1
2026-01-13,000001,14:51:06,11.4400,174,2
2026-01-13,000001,14:51:09,11.4400,44,2
2026-01-13,000001,14:51:12,11.4400,34,2
2026-01-13,000001,14:51:15,11.4400,73,2
2026-01-13,000001,14:51:18,11.4400,69,2
2026-01-13,000001,14:51:21,11.4400,42,2
2026-01-13,000001,14:51:24,11.4500,47,1
2026-01-13,000001,14:51:27,11.4400,41,2
2026-01-13,000001,14:51:30,11.4500,228,1
2026-01-13,000001,14:51:33,11.4400,202,2
2026-01-13,000001,14:51:36,11.4400,446,2
2026-01-13,000001,14:51:39,11.4400,70,2
2026-01-13,000001,14:51:42,11.4400,113,2
2026-01-13,000001,14:51:45,11.4500,118,1
2026-01-13,000001,14:51:48,11.4500,53,1
2026-01-13,000001,14:51:51,11.4400,14,2
2026-01-13,000001,14:51:54,11.4500,68,1
2026-01-13,000001,14:51:57,11.4500,692,1
2026-01-13,000001,14:52:00,11.4500,665,1
2026-01-13,000001,14:52:03,11.4400,221,2
2026-01-13,000001,14:52:06,11.4500,90,1
2026-01-13,000001,14:52:09,11.4500,111,1
2026-01-13,000001,14:52:12,11.4400,61,2
2026-01-13,000001,14:52:15,11.4400,220,2
2026-01-13,000001,14:52:18,11.4500,34,1
2026-01-13,000001,14:52:21,11.4500,31,1
2026-01-13,000001,14:52:24,11.4400,1054,2
2026-01-13,000001,14:52:27,11.4400,587,2
2026-01-13,000001,14:52:30,11.4400,163,2
2026-01-13,000001,14:52:33,11.4400,149,2
2026-01-13,000001,14:52:36,11.4500,896,1
2026-01-13,000001,14:52:39,11.4400,160,2
2026-01-13,000001,14:52:42,11.4400,16,2
2026-01-13,000001,14:52:45,11.4500,519,1
2026-01-13,000001,14:52:48,11.4500,198,1
2026-01-13,000001,14:52:51,11.4400,362,2
2026-01-13,000001,14:52:54,11.4500,136,1
2026-01-13,000001,14:52:57,11.4500,830,1
2026-01-13,000001,14:53:00,11.4500,261,1
2026-01-13,000001,14:53:03,11.4500,955,1
2026-01-13,000001,14:53:06,11.4500,232,1
2026-01-13,000001,14:53:09,11.4500,242,2
2026-01-13,000001,14:53:12,11.4500,71,2
2026-01-13,000001,14:53:15,11.4600,172,1
2026-01-13,000001,14:53:18,11.4600,37,1
2026-01-13,000001,14:53:21,11.4600,40,1
2026-01-13,000001,14:53:24,11.4600,54,1
2026-01-13,000001,14:53:27,11.4600,47,1
2026-01-13,000001,14:53:30,11.4600,123,1
2026-01-13,000001,14:53:33,11.4500,525,2
2026-01-13,000001,14:53:36,11.4600,171,1
2026-01-13,000001,14:53:39,11.4600,137,1
2026-01-13,000001,14:53:42,11.4600,112,1
2026-01-13,000001,14:53:45,11.4600,149,1
2026-01-13,000001,14:53:48,11.4600,24,1
2026-01-13,000001,14:53:51,11.4600,41,1
2026-01-13,000001,14:53:54,11.4600,218,1
2026-01-13,000001,14:53:57,11.4600,113,1
2026-01-13,000001,14:54:00,11.4600,23,1
2026-01-13,000001,14:54:03,11.4600,600,1
2026-01-13,000001,14:54:06,11.4600,171,1
2026-01-13,000001,14:54:09,11.4600,72,1
2026-01-13,000001,14:54:12,11.4600,89,1
2026-01-13,000001,14:54:15,11.4500,176,2
2026-01-13,000001,14:54:18,11.4600,749,1
2026-01-13,000001,14:54:21,11.4600,139,1
2026-01-13,000001,14:54:24,11.4500,110,2
2026-01-13,000001,14:54:27,11.4500,236,2
2026-01-13,000001,14:54:30,11.4500,161,2
2026-01-13,000001,14:54:33,11.4600,406,1
2026-01-13,000001,14:54:36,11.4500,109,2
2026-01-13,000001,14:54:39,11.4600,93,1
2026-01-13,000001,14:54:42,11.4600,96,1
2026-01-13,000001,14:54:45,11.4600,35,1
2026-01-13,000001,14:54:48,11.4600,14,1
2026-01-13,000001,14:54:51,11.4600,1429,1
2026-01-13,000001,14:54:54,11.4600,208,1
2026-01-13,000001,14:54:57,11.4600,235,1
2026-01-13,000001,14:55:00,11.4600,111,1
2026-01-13,000001,14:55:03,11.4600,227,1
2026-01-13,000001,14:55:06,11.4500,102,2
2026-01-13,000001,14:55:09,11.4600,275,1
2026-01-13,000001,14:55:12,11.4500,53,2
2026-01-13,000001,14:55:15,11.4600,58,1
2026-01-13,000001,14:55:18,11.4600,145,1
2026-01-13,000001,14:55:21,11.4600,259,1
2026-01-13,000001,14:55:24,11.4600,95,1
2026-01-13,000001,14:55:27,11.4600,451,1
2026-01-13,000001,14:55:30,11.4500,42,2
2026-01-13,000001,14:55:33,11.4600,654,1
2026-01-13,000001,14:55:36,11.4600,400,4
2026-01-13,000001,14:55:39,11.4700,137,1
2026-01-13,000001,14:55:42,11.4600,266,4
2026-01-13,000001,14:55:45,11.4600,86,1
2026-01-13,000001,14:55:48,11.4500,32,2
2026-01-13,000001,14:55:51,11.4600,130,1
2026-01-13,000001,14:55:54,11.4600,269,1
2026-01-13,000001,14:55:57,11.4600,116,1
2026-01-13,000001,14:56:00,11.4600,108,1
2026-01-13,000001,14:56:03,11.4600,819,1
2026-01-13,000001,14:56:06,11.4700,529,1
2026-01-13,000001,14:56:09,11.4700,1319,1
2026-01-13,000001,14:56:12,11.4700,109,1
2026-01-13,000001,14:56:15,11.4700,244,1
2026-01-13,000001,14:56:18,11.4600,645,2
2026-01-13,000001,14:56:21,11.4700,523,1
2026-01-13,000001,14:56:24,11.4600,195,4
2026-01-13,000001,14:56:27,11.4600,293,2
2026-01-13,000001,14:56:30,11.4600,90,1
2026-01-13,000001,14:56:33,11.4600,60,2
2026-01-13,000001,14:56:36,11.4700,165,1
2026-01-13,000001,14:56:39,11.4700,55,1
2026-01-13,000001,14:56:42,11.4700,46,1
2026-01-13,000001,14:56:45,11.4600,39,2
2026-01-13,000001,14:56:48,11.4600,41,2
2026-01-13,000001,14:56:51,11.4600,142,2
2026-01-13,000001,14:56:54,11.4600,26,2
2026-01-13,000001,14:56:57,11.4600,6,2
2026-01-13,000001,14:57:00,11.4700,15,1
2026-01-13,000001,15:00:03,11.4700,6389,4
2026-01-13,000001,13:10:12,11.5000,40,2
2026-01-13,000001,13:10:15,11.5000,394,2
2026-01-13,000001,13:10:18,11.5000,149,2
2026-01-13,000001,13:10:21,11.5000,573,2
2026-01-13,000001,13:10:24,11.5000,990,2
2026-01-13,000001,13:10:27,11.4900,50,2
2026-01-13,000001,13:10:30,11.4900,14,2
2026-01-13,000001,13:10:33,11.5000,28,1
2026-01-13,000001,13:10:36,11.4900,87,2
2026-01-13,000001,13:10:39,11.4900,84,2
2026-01-13,000001,13:10:42,11.4900,52,2
2026-01-13,000001,13:10:45,11.4900,107,2
2026-01-13,000001,13:10:48,11.5000,1587,1
2026-01-13,000001,13:10:51,11.4900,107,2
2026-01-13,000001,13:10:54,11.5000,47,1
2026-01-13,000001,13:10:57,11.5000,52,1
2026-01-13,000001,13:11:00,11.5000,28,1
2026-01-13,000001,13:11:03,11.5000,51,1
2026-01-13,000001,13:11:06,11.5000,58,1
2026-01-13,000001,13:11:09,11.5000,14,2
2026-01-13,000001,13:11:12,11.5000,35,2
2026-01-13,000001,13:11:15,11.5000,22,2
2026-01-13,000001,13:11:21,11.5000,27,2
2026-01-13,000001,13:11:24,11.5000,18,2
2026-01-13,000001,13:11:33,11.5000,33,2
2026-01-13,000001,13:11:36,11.5000,10,2
2026-01-13,000001,13:11:39,11.5000,417,2
2026-01-13,000001,13:11:42,11.5000,85,2
2026-01-13,000001,13:11:45,11.5000,132,2
2026-01-13,000001,13:11:48,11.5100,40,1
2026-01-13,000001,13:11:51,11.4900,2506,2
2026-01-13,000001,13:11:54,11.4900,233,2
2026-01-13,000001,13:11:57,11.4900,81,2
2026-01-13,000001,13:12:00,11.5000,125,1
2026-01-13,000001,13:12:03,11.4900,67,2
2026-01-13,000001,13:12:06,11.4900,20,2
2026-01-13,000001,13:12:09,11.4900,27,2
2026-01-13,000001,13:12:12,11.4900,8,2
2026-01-13,000001,13:12:15,11.4900,88,2
2026-01-13,000001,13:12:18,11.4900,12,2
2026-01-13,000001,13:12:21,11.5000,221,1
2026-01-13,000001,13:12:24,11.4900,43,2
2026-01-13,000001,13:12:27,11.5000,51,1
2026-01-13,000001,13:12:30,11.4900,12,2
2026-01-13,000001,13:12:33,11.4900,22,2
2026-01-13,000001,13:12:36,11.4900,33,2
2026-01-13,000001,13:12:39,11.4900,105,2
2026-01-13,000001,13:12:42,11.4900,24,2
2026-01-13,000001,13:12:45,11.4900,92,2
2026-01-13,000001,13:12:48,11.5000,15,1
2026-01-13,000001,13:12:54,11.4900,21,2
2026-01-13,000001,13:12:57,11.4900,2,2
2026-01-13,000001,13:13:00,11.4900,503,2
2026-01-13,000001,13:13:03,11.4900,83,2
2026-01-13,000001,13:13:06,11.4900,38,2
2026-01-13,000001,13:13:09,11.4900,70,2
2026-01-13,000001,13:13:12,11.4900,20,2
2026-01-13,000001,13:13:15,11.4900,221,2
2026-01-13,000001,13:13:18,11.4900,14,2
2026-01-13,000001,13:13:21,11.4900,8,2
2026-01-13,000001,13:13:24,11.4900,2,2
2026-01-13,000001,13:13:27,11.5000,144,1
2026-01-13,000001,13:13:30,11.4900,309,2
2026-01-13,000001,13:13:33,11.4900,32,2
2026-01-13,000001,13:13:36,11.5000,23,1
2026-01-13,000001,13:13:39,11.4900,137,2
2026-01-13,000001,13:13:42,11.4900,44,2
2026-01-13,000001,13:13:45,11.5000,73,1
2026-01-13,000001,13:13:48,11.4900,28,2
2026-01-13,000001,13:13:54,11.4900,6,2
2026-01-13,000001,13:13:57,11.4900,64,2
2026-01-13,000001,13:14:00,11.4900,8,2
2026-01-13,000001,13:14:03,11.5000,95,1
2026-01-13,000001,13:14:06,11.4900,87,2
2026-01-13,000001,13:14:09,11.4900,82,2
2026-01-13,000001,13:14:12,11.4900,79,2
2026-01-13,000001,13:14:15,11.4900,175,2
2026-01-13,000001,13:14:18,11.4900,19,2
2026-01-13,000001,13:14:24,11.4900,20,2
2026-01-13,000001,13:14:27,11.4900,241,2
2026-01-13,000001,13:14:30,11.5000,26,1
2026-01-13,000001,13:14:33,11.4900,38,2
2026-01-13,000001,13:14:36,11.4900,21,2
2026-01-13,000001,13:14:39,11.4900,118,2
2026-01-13,000001,13:14:42,11.4900,137,2
2026-01-13,000001,13:14:45,11.4900,78,2
2026-01-13,000001,13:14:48,11.4900,510,2
2026-01-13,000001,13:14:51,11.4900,26,2
2026-01-13,000001,13:14:54,11.5000,55,1
2026-01-13,000001,13:14:57,11.4900,14,2
2026-01-13,000001,13:15:00,11.4900,3,2
2026-01-13,000001,13:15:03,11.4900,20,2
2026-01-13,000001,13:15:06,11.4900,68,2
2026-01-13,000001,13:15:09,11.4900,415,2
2026-01-13,000001,13:15:12,11.4900,2404,2
2026-01-13,000001,13:15:15,11.4800,689,2
2026-01-13,000001,13:15:18,11.4800,131,2
2026-01-13,000001,13:15:24,11.4800,32,2
2026-01-13,000001,13:15:27,11.4800,14,2
2026-01-13,000001,13:15:30,11.4800,8,2
2026-01-13,000001,13:15:33,11.4800,20,2
2026-01-13,000001,13:15:36,11.4800,100,2
2026-01-13,000001,13:15:39,11.4900,113,1
2026-01-13,000001,13:15:42,11.4900,38,1
2026-01-13,000001,13:15:45,11.4800,115,2
2026-01-13,000001,13:15:48,11.4900,42,1
2026-01-13,000001,13:15:51,11.4800,63,2
2026-01-13,000001,13:15:54,11.4800,64,2
2026-01-13,000001,13:15:57,11.4800,61,2
2026-01-13,000001,13:16:00,11.4900,36,1
2026-01-13,000001,13:16:03,11.4800,55,2
2026-01-13,000001,13:16:06,11.4800,142,2
2026-01-13,000001,13:16:09,11.4800,170,2
2026-01-13,000001,13:16:12,11.4900,2030,1
2026-01-13,000001,13:16:15,11.4800,245,2
2026-01-13,000001,13:16:18,11.4900,15,1
2026-01-13,000001,13:16:21,11.4900,31,1
2026-01-13,000001,13:16:24,11.4900,2,1
2026-01-13,000001,13:16:27,11.4900,22,1
2026-01-13,000001,13:16:30,11.4800,23,2
2026-01-13,000001,13:16:33,11.4800,6,2
2026-01-13,000001,13:16:36,11.4900,42,1
2026-01-13,000001,13:16:39,11.4800,13,2
2026-01-13,000001,13:16:42,11.4800,17,2
2026-01-13,000001,13:16:45,11.4800,104,2
2026-01-13,000001,13:16:48,11.4900,62,1
2026-01-13,000001,13:16:51,11.4900,43,1
2026-01-13,000001,13:16:54,11.4900,217,1
2026-01-13,000001,13:16:57,11.4800,269,2
2026-01-13,000001,13:17:00,11.4900,190,1
2026-01-13,000001,13:17:03,11.4800,24,2
2026-01-13,000001,13:17:06,11.4800,27,2
2026-01-13,000001,13:17:09,11.4900,16,1
2026-01-13,000001,13:17:12,11.4800,20,2
2026-01-13,000001,13:17:15,11.4900,28,1
2026-01-13,000001,13:17:18,11.4800,3,2
2026-01-13,000001,13:17:21,11.4900,38,1
2026-01-13,000001,13:17:24,11.4900,24,1
2026-01-13,000001,13:17:27,11.4900,2,1
2026-01-13,000001,13:17:30,11.4900,28,1
2026-01-13,000001,13:17:33,11.4900,16,1
2026-01-13,000001,13:17:36,11.4800,25,2
2026-01-13,000001,13:17:39,11.4800,90,2
2026-01-13,000001,13:17:42,11.4900,28,1
2026-01-13,000001,13:17:45,11.4900,74,1
2026-01-13,000001,13:17:48,11.4800,13,2
2026-01-13,000001,13:17:51,11.4900,20,1
2026-01-13,000001,13:17:54,11.4800,720,2
2026-01-13,000001,13:17:57,11.4900,32,1
2026-01-13,000001,13:18:00,11.4900,135,1
2026-01-13,000001,13:18:03,11.4900,197,2
2026-01-13,000001,13:18:06,11.4900,13,4
2026-01-13,000001,13:18:09,11.4800,42,2
2026-01-13,000001,13:18:12,11.4800,14,2
2026-01-13,000001,13:18:24,11.4900,99,1
2026-01-13,000001,13:18:27,11.4900,20,1
2026-01-13,000001,13:18:30,11.4800,19,2
2026-01-13,000001,13:18:33,11.4800,105,2
2026-01-13,000001,13:18:36,11.4800,387,2
2026-01-13,000001,13:18:39,11.4800,58,2
2026-01-13,000001,13:18:42,11.4900,547,1
2026-01-13,000001,13:18:45,11.4900,60,1
2026-01-13,000001,13:18:51,11.4800,15,2
2026-01-13,000001,13:18:54,11.4800,11,2
2026-01-13,000001,13:18:57,11.4800,49,2
2026-01-13,000001,13:19:00,11.4800,30,2
2026-01-13,000001,13:19:03,11.4800,71,2
2026-01-13,000001,13:19:06,11.4800,31,2
2026-01-13,000001,13:19:09,11.4800,35,2
2026-01-13,000001,13:19:12,11.4900,535,1
2026-01-13,000001,13:19:15,11.4800,24,2
2026-01-13,000001,13:19:18,11.4900,31,1
2026-01-13,000001,13:19:24,11.4900,106,1
2026-01-13,000001,13:19:27,11.4800,52,2
2026-01-13,000001,13:19:33,11.4900,12,1
2026-01-13,000001,13:19:36,11.4800,24,2
2026-01-13,000001,13:19:39,11.4800,25,2
2026-01-13,000001,13:19:42,11.4900,11,1
2026-01-13,000001,13:19:45,11.4800,49,2
2026-01-13,000001,13:19:48,11.4800,9,2
2026-01-13,000001,13:19:51,11.4900,23,1
2026-01-13,000001,13:19:54,11.4900,2,1
2026-01-13,000001,13:19:57,11.4800,134,2
2026-01-13,000001,13:20:00,11.4900,62,1
2026-01-13,000001,13:20:03,11.4800,154,2
2026-01-13,000001,13:20:06,11.4800,38,2
2026-01-13,000001,13:20:09,11.4800,69,2
2026-01-13,000001,13:20:12,11.4800,287,2
2026-01-13,000001,13:20:15,11.4800,492,2
2026-01-13,000001,13:20:18,11.4800,314,2
2026-01-13,000001,13:20:21,11.4800,1668,2
2026-01-13,000001,13:20:24,11.4800,169,2
2026-01-13,000001,13:20:27,11.4800,12,2
2026-01-13,000001,13:20:30,11.4900,257,1
2026-01-13,000001,13:20:33,11.4800,45,2
2026-01-13,000001,13:20:36,11.4800,27,2
2026-01-13,000001,13:20:39,11.4800,79,2
2026-01-13,000001,13:20:42,11.4800,187,2
2026-01-13,000001,13:20:45,11.4800,1022,2
2026-01-13,000001,13:20:48,11.4900,39,1
2026-01-13,000001,13:20:51,11.4800,39,2
2026-01-13,000001,13:20:54,11.4800,4,2
2026-01-13,000001,13:20:57,11.4800,16,2
2026-01-13,000001,13:21:00,11.4800,221,2
2026-01-13,000001,13:21:03,11.4800,132,2
2026-01-13,000001,13:21:06,11.4800,23,2
2026-01-13,000001,13:21:09,11.4800,77,2
2026-01-13,000001,13:21:12,11.4800,25,2
2026-01-13,000001,13:21:15,11.4800,1087,2
2026-01-13,000001,13:21:18,11.4800,161,2
2026-01-13,000001,13:21:21,11.4800,173,2
2026-01-13,000001,13:21:24,11.4900,1,1
2026-01-13,000001,13:21:27,11.4800,48,2
2026-01-13,000001,13:21:30,11.4800,62,2
2026-01-13,000001,13:21:33,11.4800,68,2
2026-01-13,000001,13:21:36,11.4800,10,2
2026-01-13,000001,13:21:39,11.4800,109,2
2026-01-13,000001,13:21:42,11.4800,23,2
2026-01-13,000001,13:21:45,11.4800,73,2
2026-01-13,000001,13:21:48,11.4900,92,1
2026-01-13,000001,13:21:51,11.4800,150,2
2026-01-13,000001,13:21:54,11.4900,33,1
2026-01-13,000001,13:21:57,11.4800,3,2
2026-01-13,000001,13:22:00,11.4900,21,1
2026-01-13,000001,13:22:03,11.4800,80,2
2026-01-13,000001,13:22:06,11.4900,29,1
2026-01-13,000001,13:22:09,11.4800,69,2
2026-01-13,000001,13:22:12,11.4800,22,2
2026-01-13,000001,13:22:15,11.4900,81,1
2026-01-13,000001,13:22:18,11.4800,331,2
2026-01-13,000001,13:22:21,11.4900,72,1
2026-01-13,000001,13:22:24,11.4900,1,1
2026-01-13,000001,13:22:27,11.4800,5,2
2026-01-13,000001,13:22:30,11.4800,53,2
2026-01-13,000001,13:22:33,11.4900,38,1
2026-01-13,000001,13:22:36,11.4800,29,2
2026-01-13,000001,13:22:39,11.4800,121,2
2026-01-13,000001,13:22:42,11.4800,82,2
2026-01-13,000001,13:22:45,11.4800,79,2
2026-01-13,000001,13:22:48,11.4800,63,2
2026-01-13,000001,13:22:51,11.4900,1,1
2026-01-13,000001,13:22:54,11.4900,135,1
2026-01-13,000001,13:22:57,11.4800,32,2
2026-01-13,000001,13:23:00,11.4800,29,2
2026-01-13,000001,13:23:03,11.4800,173,2
2026-01-13,000001,13:23:06,11.4800,57,2
2026-01-13,000001,13:23:09,11.4800,76,2
2026-01-13,000001,13:23:12,11.4800,1149,2
2026-01-13,000001,13:23:15,11.4800,93,2
2026-01-13,000001,13:23:18,11.4800,46,2
2026-01-13,000001,13:23:21,11.4800,17,2
2026-01-13,000001,13:23:24,11.4900,5,1
2026-01-13,000001,13:23:27,11.4800,21,2
2026-01-13,000001,13:23:30,11.4800,19,2
2026-01-13,000001,13:23:33,11.4800,94,2
2026-01-13,000001,13:23:36,11.4800,44,2
2026-01-13,000001,13:23:39,11.4800,92,2
2026-01-13,000001,13:23:42,11.4800,20,2
2026-01-13,000001,13:23:45,11.4800,78,2
2026-01-13,000001,13:23:48,11.4800,84,2
2026-01-13,000001,13:23:54,11.4900,25,1
2026-01-13,000001,13:23:57,11.4800,6,2
2026-01-13,000001,13:24:00,11.4900,69,1
2026-01-13,000001,13:24:03,11.4800,60,2
2026-01-13,000001,13:24:06,11.4800,154,2
2026-01-13,000001,13:24:09,11.4800,95,2
2026-01-13,000001,13:24:12,11.4800,36,2
2026-01-13,000001,13:24:15,11.4800,108,2
2026-01-13,000001,13:24:18,11.4900,20,1
2026-01-13,000001,13:24:21,11.4900,420,1
2026-01-13,000001,13:24:24,11.4800,36,2
2026-01-13,000001,13:24:27,11.4900,11,1
2026-01-13,000001,13:24:30,11.4900,125,1
2026-01-13,000001,13:24:33,11.4800,67,2
2026-01-13,000001,13:24:36,11.4800,5,2
2026-01-13,000001,13:24:39,11.4800,184,2
2026-01-13,000001,13:24:42,11.4800,21,2
2026-01-13,000001,13:24:45,11.4800,80,2
2026-01-13,000001,13:24:48,11.4800,14,2
2026-01-13,000001,13:24:54,11.4800,11,2
2026-01-13,000001,13:24:57,11.4800,106,2
2026-01-13,000001,13:25:00,11.4800,22,2
2026-01-13,000001,13:25:03,11.4800,36,2
2026-01-13,000001,13:25:06,11.4800,79,2
2026-01-13,000001,13:25:09,11.4800,316,2
2026-01-13,000001,13:25:12,11.4800,898,2
2026-01-13,000001,13:25:15,11.4800,122,2
2026-01-13,000001,13:25:18,11.4800,101,2
2026-01-13,000001,13:25:21,11.4800,51,2
2026-01-13,000001,13:25:24,11.4900,4,1
2026-01-13,000001,13:25:27,11.4800,4,2
2026-01-13,000001,13:25:30,11.4800,39,2
2026-01-13,000001,13:25:33,11.4800,128,2
2026-01-13,000001,13:25:36,11.4800,96,2
2026-01-13,000001,13:25:39,11.4800,121,2
2026-01-13,000001,13:25:42,11.4800,4593,2
2026-01-13,000001,13:25:45,11.4800,383,2
2026-01-13,000001,13:25:48,11.4800,3025,2
2026-01-13,000001,13:25:51,11.4700,2523,2
2026-01-13,000001,13:25:54,11.4800,64,1
2026-01-13,000001,13:25:57,11.4700,3,2
2026-01-13,000001,13:26:00,11.4800,16,1
2026-01-13,000001,13:26:03,11.4700,1028,2
2026-01-13,000001,13:26:06,11.4700,101,2
2026-01-13,000001,13:26:09,11.4700,76,2
2026-01-13,000001,13:26:12,11.4700,66,2
2026-01-13,000001,13:26:15,11.4700,74,2
2026-01-13,000001,13:26:18,11.4700,916,2
2026-01-13,000001,13:26:21,11.4700,1050,2
2026-01-13,000001,13:26:24,11.4800,3,1
2026-01-13,000001,13:26:27,11.4700,46,2
2026-01-13,000001,13:26:30,11.4800,63,1
2026-01-13,000001,13:26:33,11.4700,44,2
2026-01-13,000001,13:26:36,11.4700,25,2
2026-01-13,000001,13:26:39,11.4700,228,2
2026-01-13,000001,13:26:42,11.4800,35,1
2026-01-13,000001,13:26:45,11.4700,87,2
2026-01-13,000001,13:26:48,11.4700,12,2
2026-01-13,000001,13:26:51,11.4800,939,1
2026-01-13,000001,13:26:54,11.4800,21,1
2026-01-13,000001,13:26:57,11.4800,41,1
2026-01-13,000001,13:27:00,11.4700,17,2
2026-01-13,000001,13:27:03,11.4700,237,2
2026-01-13,000001,13:27:06,11.4700,165,2
2026-01-13,000001,13:27:09,11.4800,79,1
2026-01-13,000001,13:27:12,11.4700,20,2
2026-01-13,000001,13:27:15,11.4700,75,2
2026-01-13,000001,13:27:18,11.4700,30,2
2026-01-13,000001,13:27:21,11.4800,55,1
2026-01-13,000001,13:27:24,11.4800,60,1
2026-01-13,000001,13:27:27,11.4700,14,2
2026-01-13,000001,13:27:30,11.4700,126,2
2026-01-13,000001,13:27:33,11.4700,26,2
2026-01-13,000001,13:27:36,11.4800,315,1
2026-01-13,000001,13:27:39,11.4700,82,2
2026-01-13,000001,13:27:42,11.4700,10,2
2026-01-13,000001,13:27:45,11.4800,67,1
2026-01-13,000001,13:27:48,11.4700,12,2
2026-01-13,000001,13:27:51,11.4700,63,2
2026-01-13,000001,13:27:54,11.4800,13,1
2026-01-13,000001,13:27:57,11.4800,41,1
2026-01-13,000001,13:28:00,11.4700,2,2
2026-01-13,000001,13:28:03,11.4700,88,2
2026-01-13,000001,13:28:06,11.4700,20,2
2026-01-13,000001,13:28:09,11.4700,101,2
2026-01-13,000001,13:28:12,11.4700,30,2
2026-01-13,000001,13:28:15,11.4700,73,2
2026-01-13,000001,13:28:18,11.4700,67,2
2026-01-13,000001,13:28:21,11.4700,50,2
2026-01-13,000001,13:28:24,11.4800,49,1
2026-01-13,000001,13:28:27,11.4700,105,2
2026-01-13,000001,13:28:30,11.4700,175,2
2026-01-13,000001,13:28:33,11.4700,77,2
2026-01-13,000001,13:28:36,11.4700,24,2
2026-01-13,000001,13:28:39,11.4700,113,2
2026-01-13,000001,13:28:42,11.4700,70,2
2026-01-13,000001,13:28:45,11.4700,77,2
2026-01-13,000001,13:28:48,11.4700,57,2
2026-01-13,000001,13:28:51,11.4700,32,2
2026-01-13,000001,13:28:54,11.4700,155,2
2026-01-13,000001,13:28:57,11.4700,3,2
2026-01-13,000001,13:29:00,11.4700,13,2
2026-01-13,000001,13:29:03,11.4800,78,1
2026-01-13,000001,13:29:06,11.4700,100,2
2026-01-13,000001,13:29:09,11.4700,134,2
2026-01-13,000001,13:29:12,11.4700,97,2
2026-01-13,000001,13:29:15,11.4700,114,2
2026-01-13,000001,13:29:18,11.4700,82,2
2026-01-13,000001,13:29:21,11.4700,658,2
2026-01-13,000001,13:29:24,11.4700,62,2
2026-01-13,000001,13:29:27,11.4700,42,2
2026-01-13,000001,13:29:30,11.4800,587,1
2026-01-13,000001,13:29:33,11.4700,77,2
2026-01-13,000001,13:29:36,11.4700,6,2
2026-01-13,000001,13:29:39,11.4800,27,1
2026-01-13,000001,13:29:45,11.4800,151,1
2026-01-13,000001,13:29:48,11.4700,1,2
2026-01-13,000001,13:29:51,11.4800,434,1
2026-01-13,000001,13:29:54,11.4800,402,1
2026-01-13,000001,13:29:57,11.4800,1117,1
2026-01-13,000001,13:30:00,11.4800,489,1
2026-01-13,000001,13:30:03,11.4800,900,1
2026-01-13,000001,13:30:06,11.4800,4,2
2026-01-13,000001,13:30:09,11.4800,296,2
2026-01-13,000001,13:30:12,11.4800,25,1
2026-01-13,000001,13:30:15,11.4800,119,1
2026-01-13,000001,13:30:18,11.4700,96,2
2026-01-13,000001,13:30:21,11.4800,96,1
2026-01-13,000001,13:30:24,11.4800,28,2
2026-01-13,000001,13:30:27,11.4800,66,2
2026-01-13,000001,13:30:30,11.4800,4,2
2026-01-13,000001,13:30:33,11.4800,13,2
2026-01-13,000001,13:30:36,11.4800,14,2
2026-01-13,000001,13:30:39,11.4800,54,2
2026-01-13,000001,13:30:42,11.4800,41,2
2026-01-13,000001,13:30:45,11.4800,197,2
2026-01-13,000001,13:30:48,11.4800,8,2
2026-01-13,000001,13:30:51,11.4800,104,2
2026-01-13,000001,13:30:54,11.4800,332,2
2026-01-13,000001,13:31:00,11.4800,683,2
2026-01-13,000001,13:31:03,11.4800,1,1
2026-01-13,000001,13:31:06,11.4800,20,1
2026-01-13,000001,13:31:09,11.4700,92,2
2026-01-13,000001,13:31:12,11.4700,58,2
2026-01-13,000001,13:31:15,11.4800,18,1
2026-01-13,000001,13:31:18,11.4800,163,1
2026-01-13,000001,13:31:21,11.4700,13,2
2026-01-13,000001,13:31:24,11.4800,156,1
2026-01-13,000001,13:31:27,11.4800,26,1
2026-01-13,000001,13:31:30,11.4800,102,1
2026-01-13,000001,13:31:33,11.4800,96,1
2026-01-13,000001,13:31:39,11.4700,6,2
2026-01-13,000001,13:31:42,11.4800,6,1
2026-01-13,000001,13:31:45,11.4700,5,2
2026-01-13,000001,13:31:48,11.4800,4,1
2026-01-13,000001,13:31:51,11.4800,51,1
2026-01-13,000001,13:31:57,11.4800,34,1
2026-01-13,000001,13:32:00,11.4700,32,2
2026-01-13,000001,13:32:03,11.4800,85,1
2026-01-13,000001,13:32:06,11.4800,80,1
2026-01-13,000001,13:32:09,11.4800,276,1
2026-01-13,000001,13:32:12,11.4800,40,1
2026-01-13,000001,13:32:15,11.4800,2,1
2026-01-13,000001,13:32:18,11.4800,35,1
2026-01-13,000001,13:32:21,11.4800,29,1
2026-01-13,000001,13:32:24,11.4800,11,1
2026-01-13,000001,13:32:27,11.4700,7,2
2026-01-13,000001,13:32:39,11.4800,10,1
2026-01-13,000001,13:32:45,11.4700,1035,2
2026-01-13,000001,13:32:48,11.4800,30,1
2026-01-13,000001,13:32:51,11.4800,71,1
2026-01-13,000001,13:32:54,11.4800,4,1
2026-01-13,000001,13:32:57,11.4700,69,2
2026-01-13,000001,13:33:00,11.4700,11,2
2026-01-13,000001,13:33:03,11.4800,63,1
2026-01-13,000001,13:33:06,11.4700,347,2
2026-01-13,000001,13:33:09,11.4700,65,2
2026-01-13,000001,13:33:12,11.4700,37,2
2026-01-13,000001,13:33:15,11.4700,13,2
2026-01-13,000001,13:33:18,11.4700,13,2
2026-01-13,000001,13:33:21,11.4800,4,1
2026-01-13,000001,13:33:24,11.4700,91,2
2026-01-13,000001,13:33:27,11.4800,25,1
2026-01-13,000001,13:33:33,11.4700,10,2
2026-01-13,000001,13:33:36,11.4800,43,1
2026-01-13,000001,13:33:39,11.4700,18,2
2026-01-13,000001,13:33:42,11.4700,600,2
2026-01-13,000001,13:33:45,11.4700,47,2
2026-01-13,000001,13:33:48,11.4800,104,1
2026-01-13,000001,13:33:51,11.4800,4,1
2026-01-13,000001,13:33:54,11.4800,20,1
2026-01-13,000001,13:33:57,11.4700,81,2
2026-01-13,000001,13:34:00,11.4700,10,2
2026-01-13,000001,13:34:03,11.4700,119,2
2026-01-13,000001,13:34:06,11.4800,95,1
2026-01-13,000001,13:34:09,11.4800,2,1
2026-01-13,000001,13:34:12,11.4800,19,1
2026-01-13,000001,13:34:15,11.4800,131,1
2026-01-13,000001,13:34:18,11.4800,417,1
2026-01-13,000001,13:34:21,11.4800,93,1
2026-01-13,000001,13:34:24,11.4800,23,1
2026-01-13,000001,13:34:30,11.4700,103,2
2026-01-13,000001,13:34:33,11.4800,102,1
2026-01-13,000001,13:34:36,11.4700,100,2
2026-01-13,000001,13:34:39,11.4800,4,1
2026-01-13,000001,13:34:42,11.4700,58,2
2026-01-13,000001,13:34:45,11.4800,46,1
2026-01-13,000001,13:34:48,11.4700,65,2
2026-01-13,000001,13:34:54,11.4800,1,1
2026-01-13,000001,13:34:57,11.4800,47,1
2026-01-13,000001,13:35:00,11.4700,10,2
2026-01-13,000001,13:35:03,11.4800,31,1
2026-01-13,000001,13:35:06,11.4800,3,1
2026-01-13,000001,13:35:09,11.4700,102,2
2026-01-13,000001,13:35:15,11.4800,2,1
2026-01-13,000001,13:35:21,11.4800,88,1
2026-01-13,000001,13:35:24,11.4800,1,1
2026-01-13,000001,13:35:30,11.4700,103,2
2026-01-13,000001,13:35:33,11.4700,36,2
2026-01-13,000001,13:35:36,11.4700,45,2
2026-01-13,000001,13:35:39,11.4800,14,1
2026-01-13,000001,13:35:42,11.4700,18,2
2026-01-13,000001,13:35:48,11.4700,11,2
2026-01-13,000001,13:35:51,11.4700,149,2
2026-01-13,000001,13:35:54,11.4700,12,2
2026-01-13,000001,13:35:57,11.4800,10,1
2026-01-13,000001,13:36:00,11.4700,7,2
2026-01-13,000001,13:36:03,11.4700,116,2
2026-01-13,000001,13:36:06,11.4800,44,1
2026-01-13,000001,13:36:12,11.4800,34,1
2026-01-13,000001,13:36:18,11.4800,8,1
2026-01-13,000001,13:36:21,11.4700,134,2
2026-01-13,000001,13:36:24,11.4700,48,2
2026-01-13,000001,13:36:27,11.4800,32,1
2026-01-13,000001,13:36:30,11.4800,10,1
2026-01-13,000001,13:36:36,11.4700,91,2
2026-01-13,000001,13:36:39,11.4800,27,1
2026-01-13,000001,13:36:45,11.4700,91,2
2026-01-13,000001,13:36:48,11.4700,7,2
2026-01-13,000001,13:36:51,11.4700,3,2
2026-01-13,000001,13:36:54,11.4800,49,1
2026-01-13,000001,13:37:06,11.4700,91,2
2026-01-13,000001,13:37:15,11.4800,1,1
2026-01-13,000001,13:37:18,11.4800,4,1
2026-01-13,000001,13:37:21,11.4800,44,1
2026-01-13,000001,13:37:24,11.4800,37,1
2026-01-13,000001,13:37:27,11.4800,53,1
2026-01-13,000001,13:37:33,11.4800,38,1
2026-01-13,000001,13:37:36,11.4700,13,2
2026-01-13,000001,13:37:39,11.4700,13,2
2026-01-13,000001,13:37:42,11.4800,60,1
2026-01-13,000001,13:37:45,11.4700,99,2
2026-01-13,000001,13:37:48,11.4700,725,2
2026-01-13,000001,13:37:51,11.4700,106,2
2026-01-13,000001,13:37:54,11.4700,148,2
2026-01-13,000001,13:37:57,11.4700,143,2
2026-01-13,000001,13:38:00,11.4800,145,1
2026-01-13,000001,13:38:03,11.4700,73,2
2026-01-13,000001,13:38:06,11.4700,8560,2
2026-01-13,000001,13:38:09,11.4700,191,2
2026-01-13,000001,13:38:12,11.4700,751,2
2026-01-13,000001,13:38:15,11.4700,170,2
2026-01-13,000001,13:38:18,11.4700,209,2
2026-01-13,000001,13:38:21,11.4700,35,2
2026-01-13,000001,13:38:24,11.4700,36,2
2026-01-13,000001,13:38:27,11.4700,142,2
2026-01-13,000001,13:38:30,11.4700,92,2
2026-01-13,000001,13:38:33,11.4800,30,1
2026-01-13,000001,13:38:36,11.4700,92,2
2026-01-13,000001,13:38:39,11.4700,5,2
2026-01-13,000001,13:38:42,11.4700,8,2
2026-01-13,000001,13:38:45,11.4800,16,1
2026-01-13,000001,13:38:48,11.4700,67,2
2026-01-13,000001,13:38:51,11.4800,38,1
2026-01-13,000001,13:38:54,11.4700,28,2
2026-01-13,000001,13:38:57,11.4700,3,2
2026-01-13,000001,13:39:00,11.4800,40,1
2026-01-13,000001,13:39:03,11.4700,133,2
2026-01-13,000001,13:39:06,11.4700,73,2
2026-01-13,000001,13:39:09,11.4700,6,2
2026-01-13,000001,13:39:12,11.4800,5,1
2026-01-13,000001,13:39:15,11.4700,100,2
2026-01-13,000001,13:39:18,11.4800,230,1
2026-01-13,000001,13:39:21,11.4700,136,2
2026-01-13,000001,13:39:24,11.4700,13,2
2026-01-13,000001,13:39:27,11.4700,15,2
2026-01-13,000001,13:39:30,11.4700,61,2
2026-01-13,000001,13:39:33,11.4800,1029,1
2026-01-13,000001,13:39:36,11.4700,96,2
2026-01-13,000001,13:39:39,11.4700,31,2
2026-01-13,000001,13:39:45,11.4800,5,1
2026-01-13,000001,13:39:48,11.4700,28,2
2026-01-13,000001,13:39:51,11.4700,13,2
2026-01-13,000001,13:39:54,11.4800,6,1
2026-01-13,000001,13:39:57,11.4800,6,1
2026-01-13,000001,13:40:00,11.4800,1,1
2026-01-13,000001,13:40:03,11.4700,210,2
2026-01-13,000001,13:40:06,11.4700,29,2
2026-01-13,000001,13:40:09,11.4700,34,2
2026-01-13,000001,13:40:12,11.4800,93,1
2026-01-13,000001,13:40:15,11.4700,41,2
2026-01-13,000001,13:40:18,11.4800,83,1
2026-01-13,000001,13:40:21,11.4800,103,1
2026-01-13,000001,13:40:24,11.4700,28,2
2026-01-13,000001,13:40:27,11.4800,28,1
2026-01-13,000001,13:40:30,11.4700,31,2
2026-01-13,000001,13:40:33,11.4700,1775,2
2026-01-13,000001,13:40:36,11.4700,257,2
2026-01-13,000001,13:40:39,11.4700,57,2
2026-01-13,000001,13:40:42,11.4700,48,2
2026-01-13,000001,13:40:48,11.4700,114,2
2026-01-13,000001,13:40:51,11.4700,14,2
2026-01-13,000001,13:40:54,11.4700,7,2
2026-01-13,000001,13:40:57,11.4700,7,2
2026-01-13,000001,13:41:00,11.4700,30,2
2026-01-13,000001,13:41:03,11.4700,7,2
2026-01-13,000001,13:41:06,11.4800,60,1
2026-01-13,000001,13:41:09,11.4800,27,1
2026-01-13,000001,13:41:12,11.4800,17,1
2026-01-13,000001,13:41:15,11.4700,89,2
2026-01-13,000001,13:41:18,11.4800,43,1
2026-01-13,000001,13:41:21,11.4700,162,2
2026-01-13,000001,13:41:24,11.4700,83,2
2026-01-13,000001,13:41:27,11.4700,49,2
2026-01-13,000001,13:41:30,11.4700,5,2
2026-01-13,000001,13:41:33,11.4700,1,2
2026-01-13,000001,13:41:36,11.4700,12,2
2026-01-13,000001,13:41:39,11.4800,168,1
2026-01-13,000001,13:41:42,11.4700,16,2
2026-01-13,000001,13:41:45,11.4800,61,1
2026-01-13,000001,13:41:48,11.4700,9,2
2026-01-13,000001,13:41:51,11.4700,51,2
2026-01-13,000001,13:41:54,11.4700,25,2
2026-01-13,000001,13:41:57,11.4800,47,1
2026-01-13,000001,13:42:00,11.4800,12,1
2026-01-13,000001,13:42:03,11.4800,12,1
2026-01-13,000001,13:42:06,11.4800,46,1
2026-01-13,000001,13:42:09,11.4700,45,2
2026-01-13,000001,13:42:12,11.4800,36,1
2026-01-13,000001,13:42:15,11.4700,31,2
2026-01-13,000001,13:42:18,11.4800,30,1
2026-01-13,000001,13:42:21,11.4800,1008,1
2026-01-13,000001,13:42:24,11.4800,98,1
2026-01-13,000001,13:42:27,11.4700,275,2
2026-01-13,000001,13:42:30,11.4700,33,2
2026-01-13,000001,13:42:33,11.4700,125,2
2026-01-13,000001,13:42:36,11.4700,29,2
2026-01-13,000001,13:42:42,11.4800,5,1
2026-01-13,000001,13:42:45,11.4800,10,1
2026-01-13,000001,13:42:48,11.4700,5,2
2026-01-13,000001,13:42:51,11.4700,49,2
2026-01-13,000001,13:42:54,11.4800,27,1
2026-01-13,000001,13:42:57,11.4800,50,1
2026-01-13,000001,13:43:00,11.4700,7,2
2026-01-13,000001,13:43:03,11.4700,7,2
2026-01-13,000001,13:43:09,11.4700,27,2
2026-01-13,000001,13:43:15,11.4700,33,2
2026-01-13,000001,13:43:18,11.4800,9,1
2026-01-13,000001,13:43:21,11.4700,101,2
2026-01-13,000001,13:43:24,11.4700,22,2
2026-01-13,000001,13:43:27,11.4700,29,2
2026-01-13,000001,13:43:30,11.4800,16,1
2026-01-13,000001,13:43:33,11.4700,558,2
2026-01-13,000001,13:43:36,11.4700,293,2
2026-01-13,000001,13:43:39,11.4700,27,2
2026-01-13,000001,13:43:42,11.4800,124,1
2026-01-13,000001,13:43:45,11.4700,63,2
2026-01-13,000001,13:43:48,11.4700,32,2
2026-01-13,000001,13:43:51,11.4700,62,2
2026-01-13,000001,13:43:54,11.4700,104,2
2026-01-13,000001,13:43:57,11.4800,17,1
2026-01-13,000001,13:44:00,11.4800,10,1
2026-01-13,000001,13:44:03,11.4800,87,1
2026-01-13,000001,13:44:06,11.4700,2,2
2026-01-13,000001,13:44:09,11.4700,13,2
2026-01-13,000001,13:44:12,11.4800,36,1
2026-01-13,000001,13:44:15,11.4800,32,1
2026-01-13,000001,13:44:18,11.4700,133,2
2026-01-13,000001,13:44:24,11.4700,70,2
2026-01-13,000001,13:44:27,11.4700,72,2
2026-01-13,000001,13:44:30,11.4700,1,2
2026-01-13,000001,13:44:33,11.4700,301,2
2026-01-13,000001,13:44:36,11.4800,162,1
2026-01-13,000001,13:44:39,11.4800,89,1
2026-01-13,000001,13:44:45,11.4800,1,1
2026-01-13,000001,13:44:48,11.4800,86,1
2026-01-13,000001,13:44:51,11.4800,45,1
2026-01-13,000001,13:44:54,11.4800,2,1
2026-01-13,000001,13:44:57,11.4700,29,2
2026-01-13,000001,13:45:00,11.4700,36,2
2026-01-13,000001,13:45:03,11.4700,97,2
2026-01-13,000001,13:45:06,11.4700,120,2
2026-01-13,000001,13:45:09,11.4800,41,1
2026-01-13,000001,13:45:12,11.4700,113,2
2026-01-13,000001,13:45:15,11.4800,70,1
2026-01-13,000001,13:45:18,11.4700,51,2
2026-01-13,000001,13:45:21,11.4700,19,2
2026-01-13,000001,13:45:24,11.4800,7,1
2026-01-13,000001,13:45:27,11.4800,1,1
2026-01-13,000001,13:45:30,11.4700,21,2
2026-01-13,000001,13:45:36,11.4800,28,1
2026-01-13,000001,13:45:45,11.4700,4,2
2026-01-13,000001,13:45:48,11.4700,22,2
2026-01-13,000001,13:45:51,11.4800,115,1
2026-01-13,000001,13:45:54,11.4800,3,1
2026-01-13,000001,13:45:57,11.4800,64,1
2026-01-13,000001,13:46:00,11.4700,166,2
2026-01-13,000001,13:46:03,11.4700,158,2
2026-01-13,000001,13:46:06,11.4800,9,1
2026-01-13,000001,13:46:09,11.4700,25,2
2026-01-13,000001,13:46:12,11.4800,4,1
2026-01-13,000001,13:46:21,11.4800,3,1
2026-01-13,000001,13:46:24,11.4700,47,2
2026-01-13,000001,13:46:30,11.4800,28,1
2026-01-13,000001,13:46:33,11.4700,22,2
2026-01-13,000001,13:46:36,11.4700,16,2
2026-01-13,000001,13:46:39,11.4700,49,2
2026-01-13,000001,13:46:42,11.4800,99,1
2026-01-13,000001,13:46:45,11.4800,74,1
2026-01-13,000001,13:46:48,11.4700,51,2
2026-01-13,000001,13:46:51,11.4700,22,2
2026-01-13,000001,13:46:54,11.4700,53,2
2026-01-13,000001,13:46:57,11.4800,1010,1
2026-01-13,000001,13:47:00,11.4700,65,2
2026-01-13,000001,13:47:03,11.4800,112,1
2026-01-13,000001,13:47:06,11.4700,423,2
2026-01-13,000001,13:47:09,11.4800,27,1
2026-01-13,000001,13:47:12,11.4800,82,1
2026-01-13,000001,13:47:15,11.4700,95,2
2026-01-13,000001,13:47:18,11.4800,11,1
2026-01-13,000001,13:47:21,11.4700,133,2
2026-01-13,000001,13:47:24,11.4800,536,1
2026-01-13,000001,13:47:27,11.4800,10,1
2026-01-13,000001,13:47:30,11.4700,35,2
2026-01-13,000001,13:47:33,11.4800,3,1
2026-01-13,000001,13:47:39,11.4800,1,1
2026-01-13,000001,13:47:42,11.4800,31,1
2026-01-13,000001,13:47:48,11.4800,50,1
2026-01-13,000001,13:47:51,11.4700,4,2
2026-01-13,000001,13:47:54,11.4800,14,1
2026-01-13,000001,13:47:57,11.4800,160,1
2026-01-13,000001,13:48:00,11.4800,1,1
2026-01-13,000001,13:48:03,11.4700,33,2
2026-01-13,000001,13:48:06,11.4700,68,2
2026-01-13,000001,13:48:09,11.4700,3713,2
2026-01-13,000001,13:48:12,11.4700,3266,2
2026-01-13,000001,13:48:15,11.4700,785,2
2026-01-13,000001,13:48:18,11.4700,517,2
2026-01-13,000001,13:48:21,11.4800,264,1
2026-01-13,000001,13:48:24,11.4800,26,1
2026-01-13,000001,13:48:27,11.4700,115,2
2026-01-13,000001,13:48:30,11.4800,265,1
2026-01-13,000001,13:48:33,11.4700,21,2
2026-01-13,000001,13:48:36,11.4700,14,2
2026-01-13,000001,13:48:39,11.4700,1,2
2026-01-13,000001,13:48:42,11.4700,205,2
2026-01-13,000001,13:48:45,11.4700,2,2
2026-01-13,000001,13:48:48,11.4700,9,2
2026-01-13,000001,13:48:51,11.4700,4,2
2026-01-13,000001,13:48:54,11.4700,15,2
2026-01-13,000001,13:48:57,11.4800,5,1
2026-01-13,000001,13:49:00,11.4700,75,2
2026-01-13,000001,13:49:03,11.4700,158,2
2026-01-13,000001,13:49:06,11.4700,1,2
2026-01-13,000001,13:49:09,11.4800,15,1
2026-01-13,000001,13:49:12,11.4700,203,2
2026-01-13,000001,13:49:15,11.4800,1,1
2026-01-13,000001,13:49:18,11.4700,18,2
2026-01-13,000001,13:49:21,11.4700,37,2
2026-01-13,000001,13:49:24,11.4700,310,2
2026-01-13,000001,13:49:27,11.4800,70,1
2026-01-13,000001,13:49:30,11.4800,29,1
2026-01-13,000001,13:49:33,11.4700,1,2
2026-01-13,000001,13:49:36,11.4700,10,2
2026-01-13,000001,13:49:39,11.4800,1,1
2026-01-13,000001,13:49:45,11.4800,37,1
2026-01-13,000001,13:49:48,11.4700,36,2
2026-01-13,000001,13:49:51,11.4700,47,2
2026-01-13,000001,13:49:54,11.4700,94,2
2026-01-13,000001,13:49:57,11.4700,23,2
2026-01-13,000001,13:50:00,11.4700,4,2
2026-01-13,000001,13:50:03,11.4800,225,1
2026-01-13,000001,13:50:06,11.4700,22,2
2026-01-13,000001,13:50:09,11.4700,22,2
2026-01-13,000001,13:50:12,11.4700,67,2
2026-01-13,000001,13:50:15,11.4800,116,1
2026-01-13,000001,13:50:18,11.4800,114,1
2026-01-13,000001,13:50:21,11.4800,1589,1
2026-01-13,000001,13:50:24,11.4800,100,1
2026-01-13,000001,13:50:27,11.4800,2,1
2026-01-13,000001,13:50:30,11.4700,126,2
2026-01-13,000001,13:50:33,11.4800,5,1
2026-01-13,000001,13:50:36,11.4800,24,1
2026-01-13,000001,13:50:39,11.4800,25,1
2026-01-13,000001,13:50:45,11.4800,22,1
2026-01-13,000001,13:50:51,11.4700,243,2
2026-01-13,000001,13:50:54,11.4800,46,1
2026-01-13,000001,13:50:57,11.4800,1,1
2026-01-13,000001,13:51:03,11.4700,20,2
2026-01-13,000001,13:51:09,11.4700,51,2
2026-01-13,000001,13:51:12,11.4800,20,1
2026-01-13,000001,13:51:15,11.4800,18,1
2026-01-13,000001,13:51:18,11.4800,29,1
2026-01-13,000001,13:51:21,11.4700,89,2
2026-01-13,000001,13:51:24,11.4800,698,1
2026-01-13,000001,13:51:27,11.4700,10,2
2026-01-13,000001,13:51:30,11.4800,23,1
2026-01-13,000001,13:51:33,11.4800,58,1
2026-01-13,000001,13:51:36,11.4800,579,1
2026-01-13,000001,13:51:39,11.4800,4837,1
2026-01-13,000001,13:51:42,11.4800,87,1
2026-01-13,000001,13:51:45,11.4800,131,1
2026-01-13,000001,13:51:48,11.4800,310,1
2026-01-13,000001,13:51:51,11.4800,159,2
2026-01-13,000001,13:51:54,11.4800,123,2
2026-01-13,000001,13:51:57,11.4800,8,1
2026-01-13,000001,13:52:00,11.4800,161,1
2026-01-13,000001,13:52:03,11.4800,20,1
2026-01-13,000001,13:52:06,11.4800,156,2
2026-01-13,000001,13:52:09,11.4900,10,1
2026-01-13,000001,13:52:12,11.4800,50,2
2026-01-13,000001,13:52:15,11.4800,1,2
2026-01-13,000001,13:52:18,11.4800,30,2
2026-01-13,000001,13:52:21,11.4800,11,2
2026-01-13,000001,13:52:24,11.4900,7,1
2026-01-13,000001,13:52:27,11.4800,8,2
2026-01-13,000001,13:52:30,11.4900,267,1
2026-01-13,000001,13:52:33,11.4900,1,1
2026-01-13,000001,13:52:36,11.4800,50,2
2026-01-13,000001,13:52:42,11.4900,29,1
2026-01-13,000001,13:52:45,11.4800,14,2
2026-01-13,000001,13:52:48,11.4900,22,1
2026-01-13,000001,13:52:51,11.4800,71,2
2026-01-13,000001,13:52:54,11.4900,235,1
2026-01-13,000001,13:52:57,11.4800,56,2
2026-01-13,000001,13:53:03,11.4800,125,2
2026-01-13,000001,13:53:06,11.4800,133,2
2026-01-13,000001,13:53:12,11.4900,4,1
2026-01-13,000001,13:53:15,11.4900,6,1
2026-01-13,000001,13:53:18,11.4900,15,1
2026-01-13,000001,13:53:21,11.4900,85,1
2026-01-13,000001,13:53:24,11.4900,1,1
2026-01-13,000001,13:53:27,11.4900,42,1
2026-01-13,000001,13:53:30,11.4900,7,1
2026-01-13,000001,13:53:33,11.4800,13,2
2026-01-13,000001,13:53:36,11.4800,15,2
2026-01-13,000001,13:53:39,11.4800,13,2
2026-01-13,000001,13:53:42,11.4800,16,2
2026-01-13,000001,13:53:45,11.4800,201,2
2026-01-13,000001,13:53:48,11.4800,35,2
2026-01-13,000001,13:53:54,11.4900,66,1
2026-01-13,000001,13:53:57,11.4800,1,2
2026-01-13,000001,13:54:00,11.4900,2,1
2026-01-13,000001,13:54:03,11.4900,18,1
2026-01-13,000001,13:54:06,11.4800,16,2
2026-01-13,000001,13:54:15,11.4800,170,2
2026-01-13,000001,13:54:18,11.4900,6,1
2026-01-13,000001,13:54:24,11.4900,2,1
2026-01-13,000001,13:54:27,11.4900,62,1
2026-01-13,000001,13:54:33,11.4800,135,2
2026-01-13,000001,13:54:39,11.4900,20,1
2026-01-13,000001,13:54:48,11.4900,7,1
2026-01-13,000001,13:54:51,11.4900,35,1
2026-01-13,000001,13:54:54,11.4900,26,1
2026-01-13,000001,13:54:57,11.4800,15,2
2026-01-13,000001,13:55:00,11.4900,43,1
2026-01-13,000001,13:55:03,11.4900,63,1
2026-01-13,000001,13:55:06,11.4800,16,2
2026-01-13,000001,13:55:12,11.4800,84,2
2026-01-13,000001,13:55:15,11.4900,1,1
2026-01-13,000001,13:55:18,11.4900,53,1
2026-01-13,000001,13:55:21,11.4900,14,1
2026-01-13,000001,13:55:24,11.4800,86,2
2026-01-13,000001,13:55:27,11.4800,265,2
2026-01-13,000001,13:55:30,11.4800,16,2
2026-01-13,000001,13:55:33,11.4800,1,2
2026-01-13,000001,13:55:36,11.4800,15,2
2026-01-13,000001,13:55:39,11.4900,51,1
2026-01-13,000001,13:55:42,11.4900,3,1
2026-01-13,000001,13:55:45,11.4900,4,1
2026-01-13,000001,13:55:48,11.4900,10,1
2026-01-13,000001,13:55:51,11.4900,1,1
2026-01-13,000001,13:55:54,11.4900,123,1
2026-01-13,000001,13:55:57,11.4900,11,1
2026-01-13,000001,13:56:03,11.4900,91,1
2026-01-13,000001,13:56:06,11.4900,124,1
2026-01-13,000001,13:56:09,11.4800,90,2
2026-01-13,000001,13:56:12,11.4900,10,1
2026-01-13,000001,13:56:15,11.4800,16,2
2026-01-13,000001,13:56:18,11.4800,54,2
2026-01-13,000001,13:56:21,11.4900,6,1
2026-01-13,000001,13:56:24,11.4900,21,1
2026-01-13,000001,13:56:27,11.4800,20,2
2026-01-13,000001,13:56:30,11.4900,50,1
2026-01-13,000001,13:56:33,11.4900,18,1
2026-01-13,000001,13:56:36,11.4900,37,1
2026-01-13,000001,13:56:39,11.4900,103,1
2026-01-13,000001,13:56:42,11.4900,203,1
2026-01-13,000001,13:56:45,11.4900,25,1
2026-01-13,000001,13:56:48,11.4800,42,2
2026-01-13,000001,13:56:51,11.4900,10,1
2026-01-13,000001,13:56:54,11.4900,1,1
2026-01-13,000001,13:56:57,11.4900,145,1
2026-01-13,000001,13:57:03,11.4800,39,2
2026-01-13,000001,13:57:06,11.4900,20,1
2026-01-13,000001,13:57:09,11.4800,96,2
2026-01-13,000001,13:57:12,11.4800,30,2
2026-01-13,000001,13:57:15,11.4900,445,1
2026-01-13,000001,13:57:18,11.4900,523,1
2026-01-13,000001,13:57:21,11.4900,45,1
2026-01-13,000001,13:57:24,11.4900,193,1
2026-01-13,000001,13:57:27,11.4900,378,1
2026-01-13,000001,13:57:30,11.4900,229,1
2026-01-13,000001,13:57:33,11.4900,108,1
2026-01-13,000001,13:57:36,11.4900,369,1
2026-01-13,000001,13:57:39,11.4900,139,1
2026-01-13,000001,13:57:42,11.4900,222,1
2026-01-13,000001,13:57:45,11.4900,110,1
2026-01-13,000001,13:57:48,11.4900,145,1
2026-01-13,000001,13:57:51,11.4900,35,1
2026-01-13,000001,13:57:54,11.4900,30,1
2026-01-13,000001,13:57:57,11.4900,31,1
2026-01-13,000001,13:58:00,11.4900,17,1
2026-01-13,000001,13:58:03,11.4800,40,2
2026-01-13,000001,13:58:06,11.4900,10,1
2026-01-13,000001,13:58:09,11.4900,73,1
2026-01-13,000001,13:58:12,11.4900,20,1
2026-01-13,000001,13:58:15,11.4900,207,1
2026-01-13,000001,13:58:18,11.4900,143,1
2026-01-13,000001,13:58:21,11.4900,67,1
2026-01-13,000001,13:58:24,11.4800,38,2
2026-01-13,000001,13:58:27,11.4800,74,2
2026-01-13,000001,13:58:30,11.4800,26,2
2026-01-13,000001,13:58:33,11.4800,34,2
2026-01-13,000001,13:58:36,11.4900,52,1
2026-01-13,000001,13:58:39,11.4900,37,1
2026-01-13,000001,13:58:45,11.4900,48,1
2026-01-13,000001,13:58:48,11.4900,17,1
2026-01-13,000001,13:58:51,11.4900,24,1
2026-01-13,000001,13:58:54,11.4800,71,2
2026-01-13,000001,13:58:57,11.4900,7,1
2026-01-13,000001,13:59:00,11.4800,17,2
2026-01-13,000001,13:59:03,11.4900,34,1
2026-01-13,000001,13:59:06,11.4800,140,2
2026-01-13,000001,13:59:09,11.4800,2,2
2026-01-13,000001,13:59:12,11.4800,326,2
2026-01-13,000001,13:59:15,11.4800,288,2
2026-01-13,000001,13:59:18,11.4900,108,1
2026-01-13,000001,13:59:21,11.4800,36,2
2026-01-13,000001,13:59:24,11.4800,12,2
2026-01-13,000001,13:59:27,11.4800,11,2
2026-01-13,000001,13:59:33,11.4800,78,2
2026-01-13,000001,13:59:36,11.4800,76,2
2026-01-13,000001,13:59:39,11.4900,152,1
2026-01-13,000001,13:59:42,11.4800,31,2
2026-01-13,000001,13:59:45,11.4900,20,1
2026-01-13,000001,13:59:48,11.4800,3,2
2026-01-13,000001,13:59:54,11.4800,48,2
2026-01-13,000001,14:00:00,11.4800,1,2
2026-01-13,000001,14:00:03,11.4800,65,2
2026-01-13,000001,14:00:06,11.4900,1,1
2026-01-13,000001,14:00:09,11.4800,44,2
2026-01-13,000001,14:00:12,11.4800,19,2
2026-01-13,000001,14:00:18,11.4800,81,2
2026-01-13,000001,14:00:21,11.4800,84,2
2026-01-13,000001,14:00:24,11.4800,30,2
2026-01-13,000001,14:00:27,11.4800,226,2
2026-01-13,000001,14:00:30,11.4800,17,2
2026-01-13,000001,14:00:33,11.4800,17,2
2026-01-13,000001,14:00:36,11.4900,12,1
2026-01-13,000001,14:00:39,11.4900,14,1
2026-01-13,000001,14:00:42,11.4900,94,1
2026-01-13,000001,14:00:45,11.4900,97,1
2026-01-13,000001,14:00:48,11.4800,27,2
2026-01-13,000001,14:00:51,11.4900,23,1
2026-01-13,000001,14:00:54,11.4900,68,1
2026-01-13,000001,14:00:57,11.4900,890,1
2026-01-13,000001,14:01:00,11.4900,223,1
2026-01-13,000001,14:01:03,11.4900,19,1
2026-01-13,000001,14:01:09,11.4900,33,1
2026-01-13,000001,14:01:12,11.4900,2,1
2026-01-13,000001,14:01:15,11.4800,5,2
2026-01-13,000001,14:01:18,11.4900,38,1
2026-01-13,000001,14:01:21,11.4900,52,1
2026-01-13,000001,14:01:24,11.4800,29,2
2026-01-13,000001,14:01:27,11.4900,46,1
2026-01-13,000001,14:01:30,11.4900,16,1
2026-01-13,000001,14:01:33,11.4800,8,2
2026-01-13,000001,14:01:39,11.4900,1,1
2026-01-13,000001,14:01:42,11.4900,15,1
2026-01-13,000001,14:01:45,11.4900,71,1
2026-01-13,000001,14:01:48,11.4900,330,1
2026-01-13,000001,14:01:51,11.4900,16,1
2026-01-13,000001,14:01:54,11.4800,37,2
2026-01-13,000001,14:01:57,11.4800,14,2
2026-01-13,000001,14:02:03,11.4900,494,1
2026-01-13,000001,14:02:06,11.4800,40,2
2026-01-13,000001,14:02:09,11.4900,7,1
2026-01-13,000001,14:02:12,11.4900,5,1
2026-01-13,000001,14:02:15,11.4900,81,1
2026-01-13,000001,14:02:18,11.4900,37,1
2026-01-13,000001,14:02:21,11.4900,361,1
2026-01-13,000001,14:02:24,11.4900,37,1
2026-01-13,000001,14:02:27,11.4900,210,1
2026-01-13,000001,14:02:30,11.4900,160,1
2026-01-13,000001,14:02:33,11.4900,25,1
2026-01-13,000001,14:02:39,11.4800,17,2
2026-01-13,000001,14:02:45,11.4900,58,1
2026-01-13,000001,14:02:48,11.4800,15,2
2026-01-13,000001,14:02:51,11.4900,20,1
2026-01-13,000001,14:02:54,11.4900,48,1
2026-01-13,000001,14:02:57,11.4900,14,1
2026-01-13,000001,14:03:00,11.4900,2,1
2026-01-13,000001,14:03:03,11.4900,29,1
2026-01-13,000001,14:03:09,11.4900,41,1
2026-01-13,000001,14:03:12,11.4900,39,1
2026-01-13,000001,14:03:15,11.4900,30,1
2026-01-13,000001,14:03:21,11.4800,22,2
2026-01-13,000001,14:03:24,11.4800,332,2
2026-01-13,000001,14:03:27,11.4900,1,1
2026-01-13,000001,14:03:33,11.4800,117,2
2026-01-13,000001,14:03:36,11.4900,68,1
2026-01-13,000001,14:03:39,11.4900,2,1
2026-01-13,000001,14:03:42,11.4900,74,1
2026-01-13,000001,14:03:48,11.4800,81,2
2026-01-13,000001,14:03:51,11.4800,48,2
2026-01-13,000001,14:03:54,11.4800,128,2
2026-01-13,000001,14:03:57,11.4900,25,1
2026-01-13,000001,14:04:00,11.4800,29,2
2026-01-13,000001,14:04:03,11.4800,50,2
2026-01-13,000001,14:04:09,11.4900,95,1
2026-01-13,000001,14:04:12,11.4900,35,1
2026-01-13,000001,14:04:15,11.4800,20,2
2026-01-13,000001,14:04:18,11.4800,27,2
2026-01-13,000001,14:04:21,11.4900,28,1
2026-01-13,000001,14:04:24,11.4900,37,1
2026-01-13,000001,14:04:36,11.4800,9,2
2026-01-13,000001,14:04:39,11.4900,314,1
2026-01-13,000001,14:04:48,11.4800,8,2
2026-01-13,000001,14:04:51,11.4900,1,1
2026-01-13,000001,10:48:54,11.5100,28,2
2026-01-13,000001,10:48:57,11.5100,121,2
2026-01-13,000001,10:49:00,11.5100,327,2
2026-01-13,000001,10:49:03,11.5100,33,2
2026-01-13,000001,10:49:06,11.5100,135,2
2026-01-13,000001,10:49:09,11.5100,121,2
2026-01-13,000001,10:49:12,11.5100,14,2
2026-01-13,000001,10:49:15,11.5100,132,2
2026-01-13,000001,10:49:18,11.5200,17,1
2026-01-13,000001,10:49:24,11.5200,601,1
2026-01-13,000001,10:49:27,11.5100,27,2
2026-01-13,000001,10:49:30,11.5100,8,2
2026-01-13,000001,10:49:33,11.5100,246,2
2026-01-13,000001,10:49:36,11.5200,63,1
2026-01-13,000001,10:49:39,11.5100,83,2
2026-01-13,000001,10:49:42,11.5100,25,2
2026-01-13,000001,10:49:45,11.5100,81,2
2026-01-13,000001,10:49:48,11.5200,20,1
2026-01-13,000001,10:49:51,11.5100,20,2
2026-01-13,000001,10:49:54,11.5100,18,2
2026-01-13,000001,10:49:57,11.5200,36,1
2026-01-13,000001,10:50:00,11.5100,11,2
2026-01-13,000001,10:50:03,11.5100,29,2
2026-01-13,000001,10:50:06,11.5100,44,2
2026-01-13,000001,10:50:09,11.5100,176,2
2026-01-13,000001,10:50:12,11.5200,233,1
2026-01-13,000001,10:50:15,11.5200,112,1
2026-01-13,000001,10:50:18,11.5200,217,1
2026-01-13,000001,10:50:21,11.5200,61,1
2026-01-13,000001,10:50:24,11.5100,1,2
2026-01-13,000001,10:50:27,11.5200,52,1
2026-01-13,000001,10:50:30,11.5100,10,2
2026-01-13,000001,10:50:33,11.5100,15,2
2026-01-13,000001,10:50:36,11.5100,22,2
2026-01-13,000001,10:50:39,11.5100,58,2
2026-01-13,000001,10:50:42,11.5100,140,2
2026-01-13,000001,10:50:45,11.5100,88,2
2026-01-13,000001,10:50:48,11.5100,115,2
2026-01-13,000001,10:50:51,11.5100,434,2
2026-01-13,000001,10:50:54,11.5100,107,2
2026-01-13,000001,10:50:57,11.5100,75,2
2026-01-13,000001,10:51:00,11.5200,29,1
2026-01-13,000001,10:51:03,11.5100,66,2
2026-01-13,000001,10:51:06,11.5100,196,2
2026-01-13,000001,10:51:09,11.5100,76,2
2026-01-13,000001,10:51:12,11.5100,20,2
2026-01-13,000001,10:51:15,11.5100,259,2
2026-01-13,000001,10:51:18,11.5200,112,1
2026-01-13,000001,10:51:24,11.5200,61,1
2026-01-13,000001,10:51:27,11.5200,28,1
2026-01-13,000001,10:51:30,11.5100,25,2
2026-01-13,000001,10:51:33,11.5100,54,2
2026-01-13,000001,10:51:36,11.5100,2413,2
2026-01-13,000001,10:51:39,11.5100,121,2
2026-01-13,000001,10:51:42,11.5200,94,1
2026-01-13,000001,10:51:45,11.5200,299,1
2026-01-13,000001,10:51:48,11.5200,123,1
2026-01-13,000001,10:51:51,11.5100,20,2
2026-01-13,000001,10:51:54,11.5200,13,1
2026-01-13,000001,10:51:57,11.5200,36,1
2026-01-13,000001,10:52:00,11.5200,109,1
2026-01-13,000001,10:52:03,11.5100,18,2
2026-01-13,000001,10:52:06,11.5100,68,2
2026-01-13,000001,10:52:09,11.5100,125,2
2026-01-13,000001,10:52:12,11.5100,94,2
2026-01-13,000001,10:52:15,11.5100,117,2
2026-01-13,000001,10:52:18,11.5100,18,2
2026-01-13,000001,10:52:21,11.5200,20,1
2026-01-13,000001,10:52:24,11.5200,9,1
2026-01-13,000001,10:52:27,11.5200,27,1
2026-01-13,000001,10:52:30,11.5100,9,2
2026-01-13,000001,10:52:33,11.5100,68,2
2026-01-13,000001,10:52:36,11.5100,473,2
2026-01-13,000001,10:52:39,11.5200,63,1
2026-01-13,000001,10:52:42,11.5100,20,2
2026-01-13,000001,10:52:45,11.5100,82,2
2026-01-13,000001,10:52:48,11.5100,11,2
2026-01-13,000001,10:52:51,11.5100,30,2
2026-01-13,000001,10:52:54,11.5200,20,1
2026-01-13,000001,10:52:57,11.5100,76,2
2026-01-13,000001,10:53:00,11.5100,20,2
2026-01-13,000001,10:53:03,11.5100,131,2
2026-01-13,000001,10:53:06,11.5200,26,1
2026-01-13,000001,10:53:09,11.5100,123,2
2026-01-13,000001,10:53:12,11.5200,50,1
2026-01-13,000001,10:53:15,11.5100,114,2
2026-01-13,000001,10:53:18,11.5200,1367,1
2026-01-13,000001,10:53:21,11.5100,47,2
2026-01-13,000001,10:53:24,11.5100,33,2
2026-01-13,000001,10:53:27,11.5200,19,1
2026-01-13,000001,10:53:30,11.5100,484,2
2026-01-13,000001,10:53:33,11.5100,103,2
2026-01-13,000001,10:53:36,11.5100,1804,2
2026-01-13,000001,10:53:39,11.5100,927,2
2026-01-13,000001,10:53:42,11.5100,112,2
2026-01-13,000001,10:53:45,11.5100,116,2
2026-01-13,000001,10:53:48,11.5100,19,2
2026-01-13,000001,10:53:51,11.5100,33,2
2026-01-13,000001,10:53:54,11.5100,14,2
2026-01-13,000001,10:53:57,11.5100,264,2
2026-01-13,000001,10:54:00,11.5100,122,2
2026-01-13,000001,10:54:03,11.5100,21,2
2026-01-13,000001,10:54:06,11.5100,27,2
2026-01-13,000001,10:54:09,11.5100,70,2
2026-01-13,000001,10:54:12,11.5100,40,2
2026-01-13,000001,10:54:15,11.5100,72,2
2026-01-13,000001,10:54:18,11.5100,34,2
2026-01-13,000001,10:54:27,11.5200,7,1
2026-01-13,000001,10:54:30,11.5100,283,2
2026-01-13,000001,10:54:33,11.5100,51,2
2026-01-13,000001,10:54:36,11.5100,23,2
2026-01-13,000001,10:54:39,11.5100,70,2
2026-01-13,000001,10:54:42,11.5100,191,2
2026-01-13,000001,10:54:45,11.5100,91,2
2026-01-13,000001,10:54:48,11.5100,86,2
2026-01-13,000001,10:54:51,11.5100,96,2
2026-01-13,000001,10:54:54,11.5100,16,2
2026-01-13,000001,10:54:57,11.5200,33,1
2026-01-13,000001,10:55:00,11.5100,22,2
2026-01-13,000001,10:55:03,11.5100,417,2
2026-01-13,000001,10:55:06,11.5100,31,2
2026-01-13,000001,10:55:09,11.5100,172,2
2026-01-13,000001,10:55:12,11.5100,115,2
2026-01-13,000001,10:55:15,11.5100,85,2
2026-01-13,000001,10:55:18,11.5100,178,2
2026-01-13,000001,10:55:21,11.5100,51,2
2026-01-13,000001,10:55:24,11.5200,49,1
2026-01-13,000001,10:55:27,11.5200,66,1
2026-01-13,000001,10:55:30,11.5100,12,2
2026-01-13,000001,10:55:33,11.5100,162,2
2026-01-13,000001,10:55:36,11.5100,101,2
2026-01-13,000001,10:55:39,11.5100,71,2
2026-01-13,000001,10:55:42,11.5100,20,2
2026-01-13,000001,10:55:45,11.5100,132,2
2026-01-13,000001,10:55:48,11.5100,512,2
2026-01-13,000001,10:55:51,11.5100,36,2
2026-01-13,000001,10:55:54,11.5100,59,2
2026-01-13,000001,10:55:57,11.5100,16,2
2026-01-13,000001,10:56:00,11.5100,8,2
2026-01-13,000001,10:56:03,11.5100,47,2
2026-01-13,000001,10:56:06,11.5100,23,2
2026-01-13,000001,10:56:09,11.5100,103,2
2026-01-13,000001,10:56:12,11.5100,32,2
2026-01-13,000001,10:56:15,11.5100,575,2
2026-01-13,000001,10:56:18,11.5100,56,2
2026-01-13,000001,10:56:21,11.5100,717,2
2026-01-13,000001,10:56:24,11.5100,251,2
2026-01-13,000001,10:56:27,11.5200,50,1
2026-01-13,000001,10:56:30,11.5200,153,1
2026-01-13,000001,10:56:33,11.5100,34,2
2026-01-13,000001,10:56:36,11.5100,27,2
2026-01-13,000001,10:56:39,11.5100,244,2
2026-01-13,000001,10:56:42,11.5100,456,2
2026-01-13,000001,10:56:45,11.5100,1938,2
2026-01-13,000001,10:56:48,11.5100,303,1
2026-01-13,000001,10:56:51,11.5000,103,2
2026-01-13,000001,10:56:54,11.5100,31,1
2026-01-13,000001,10:56:57,11.5100,76,1
2026-01-13,000001,10:57:00,11.5000,12,2
2026-01-13,000001,10:57:03,11.5000,309,2
2026-01-13,000001,10:57:06,11.5100,933,1
2026-01-13,000001,10:57:09,11.5100,111,2
2026-01-13,000001,10:57:12,11.5100,234,2
2026-01-13,000001,10:57:15,11.5000,15,2
2026-01-13,000001,10:57:21,11.5000,38,2
2026-01-13,000001,10:57:24,11.5100,100,1
2026-01-13,000001,10:57:27,11.5100,11,1
2026-01-13,000001,10:57:30,11.5100,21,1
2026-01-13,000001,10:57:33,11.5100,18,1
2026-01-13,000001,10:57:36,11.5000,22,2
2026-01-13,000001,10:57:39,11.5000,100,2
2026-01-13,000001,10:57:42,11.5000,17,2
2026-01-13,000001,10:57:45,11.5000,89,2
2026-01-13,000001,10:57:48,11.5000,9,2
2026-01-13,000001,10:57:51,11.5100,538,1
2026-01-13,000001,10:57:54,11.5100,1,1
2026-01-13,000001,10:57:57,11.5100,116,1
2026-01-13,000001,10:58:00,11.5100,12,1
2026-01-13,000001,10:58:03,11.5000,105,2
2026-01-13,000001,10:58:06,11.5000,152,2
2026-01-13,000001,10:58:09,11.5000,36,2
2026-01-13,000001,10:58:12,11.5000,11,2
2026-01-13,000001,10:58:15,11.5000,230,2
2026-01-13,000001,10:58:18,11.5000,34,2
2026-01-13,000001,10:58:24,11.5100,40,1
2026-01-13,000001,10:58:27,11.5000,29,2
2026-01-13,000001,10:58:30,11.5000,13,2
2026-01-13,000001,10:58:33,11.5000,35,2
2026-01-13,000001,10:58:36,11.5000,173,2
2026-01-13,000001,10:58:39,11.5000,276,2
2026-01-13,000001,10:58:42,11.5000,39,2
2026-01-13,000001,10:58:45,11.5000,81,2
2026-01-13,000001,10:58:48,11.5000,8,2
2026-01-13,000001,10:58:51,11.5000,320,2
2026-01-13,000001,10:58:54,11.5000,43,2
2026-01-13,000001,10:58:57,11.5100,18,1
2026-01-13,000001,10:59:00,11.5000,13,2
2026-01-13,000001,10:59:03,11.5000,187,2
2026-01-13,000001,10:59:06,11.5000,23,2
2026-01-13,000001,10:59:09,11.5000,223,2
2026-01-13,000001,10:59:12,11.5000,22,2
2026-01-13,000001,10:59:15,11.5000,94,2
2026-01-13,000001,10:59:18,11.5000,221,2
2026-01-13,000001,10:59:21,11.5100,618,1
2026-01-13,000001,10:59:24,11.5000,23,2
2026-01-13,000001,10:59:27,11.5000,168,2
2026-01-13,000001,10:59:30,11.5000,38,2
2026-01-13,000001,10:59:33,11.5000,1323,2
2026-01-13,000001,10:59:36,11.5000,179,2
2026-01-13,000001,10:59:39,11.4900,10607,2
2026-01-13,000001,10:59:42,11.4900,341,2
2026-01-13,000001,10:59:45,11.4900,997,2
2026-01-13,000001,10:59:48,11.4900,21,2
2026-01-13,000001,10:59:51,11.4900,60,2
2026-01-13,000001,10:59:54,11.4900,1,2
2026-01-13,000001,10:59:57,11.5000,8,1
2026-01-13,000001,11:00:00,11.4900,6,2
2026-01-13,000001,11:00:03,11.4900,454,2
2026-01-13,000001,11:00:06,11.4900,86,2
2026-01-13,000001,11:00:09,11.4900,94,2
2026-01-13,000001,11:00:12,11.5000,63,1
2026-01-13,000001,11:00:15,11.4900,111,2
2026-01-13,000001,11:00:18,11.5000,572,1
2026-01-13,000001,11:00:21,11.4900,21,2
2026-01-13,000001,11:00:24,11.4900,54,2
2026-01-13,000001,11:00:27,11.4900,29,2
2026-01-13,000001,11:00:30,11.4900,190,2
2026-01-13,000001,11:00:33,11.4900,39,2
2026-01-13,000001,11:00:36,11.4900,22,2
2026-01-13,000001,11:00:39,11.4900,94,2
2026-01-13,000001,11:00:42,11.5000,141,1
2026-01-13,000001,11:00:45,11.4900,109,2
2026-01-13,000001,11:00:48,11.4900,12,2
2026-01-13,000001,11:00:51,11.4900,22,2
2026-01-13,000001,11:00:54,11.5000,22,1
2026-01-13,000001,11:00:57,11.5000,12,1
2026-01-13,000001,11:01:00,11.5000,42,1
2026-01-13,000001,11:01:03,11.4900,210,2
2026-01-13,000001,11:01:06,11.4900,150,2
2026-01-13,000001,11:01:09,11.4900,73,2
2026-01-13,000001,11:01:12,11.4900,64,2
2026-01-13,000001,11:01:15,11.5000,91,1
2026-01-13,000001,11:01:18,11.4900,49,2
2026-01-13,000001,11:01:21,11.4900,60,2
2026-01-13,000001,11:01:24,11.4900,15,2
2026-01-13,000001,11:01:27,11.4900,195,2
2026-01-13,000001,11:01:30,11.5000,14,1
2026-01-13,000001,11:01:33,11.4900,43,2
2026-01-13,000001,11:01:36,11.4900,46,2
2026-01-13,000001,11:01:39,11.4900,66,2
2026-01-13,000001,11:01:42,11.4900,265,2
2026-01-13,000001,11:01:45,11.4900,70,2
2026-01-13,000001,11:01:48,11.4900,14,2
2026-01-13,000001,11:01:51,11.4900,48,2
2026-01-13,000001,11:01:54,11.4900,10,2
2026-01-13,000001,11:01:57,11.5000,7,1
2026-01-13,000001,11:02:00,11.4900,6,2
2026-01-13,000001,11:02:03,11.4900,50,2
2026-01-13,000001,11:02:06,11.4900,36,2
2026-01-13,000001,11:02:09,11.4900,70,2
2026-01-13,000001,11:02:12,11.4900,20,2
2026-01-13,000001,11:02:15,11.4900,75,2
2026-01-13,000001,11:02:18,11.4900,167,2
2026-01-13,000001,11:02:21,11.4900,1,2
2026-01-13,000001,11:02:24,11.4900,14,2
2026-01-13,000001,11:02:27,11.5000,9,1
2026-01-13,000001,11:02:30,11.4900,6,2
2026-01-13,000001,11:02:33,11.4900,29,2
2026-01-13,000001,11:02:36,11.4900,70,2
2026-01-13,000001,11:02:39,11.4900,95,2
2026-01-13,000001,11:02:42,11.4900,20,2
2026-01-13,000001,11:02:45,11.4900,82,2
2026-01-13,000001,11:02:48,11.4900,13,2
2026-01-13,000001,11:02:51,11.4900,20,2
2026-01-13,000001,11:02:54,11.4900,1,2
2026-01-13,000001,11:02:57,11.5000,11,1
2026-01-13,000001,11:03:00,11.5000,16,1
2026-01-13,000001,11:03:03,11.4900,32,2
2026-01-13,000001,11:03:06,11.4900,178,2
2026-01-13,000001,11:03:09,11.4900,112,2
2026-01-13,000001,11:03:12,11.4900,234,2
2026-01-13,000001,11:03:15,11.4900,92,2
2026-01-13,000001,11:03:18,11.4900,119,2
2026-01-13,000001,11:03:21,11.4900,24,2
2026-01-13,000001,11:03:24,11.4900,18,2
2026-01-13,000001,11:03:27,11.5000,83,1
2026-01-13,000001,11:03:30,11.5000,36,1
2026-01-13,000001,11:03:33,11.4900,119,2
2026-01-13,000001,11:03:36,11.4900,74,2
2026-01-13,000001,11:03:39,11.4900,238,2
2026-01-13,000001,11:03:42,11.4900,52,2
2026-01-13,000001,11:03:45,11.4900,94,2
2026-01-13,000001,11:03:48,11.4900,24,2
2026-01-13,000001,11:03:51,11.4900,47,2
2026-01-13,000001,11:03:54,11.4900,23,2
2026-01-13,000001,11:03:57,11.5000,6,1
2026-01-13,000001,11:04:00,11.5000,23,1
2026-01-13,000001,11:04:03,11.4900,1314,2
2026-01-13,000001,11:04:06,11.4900,74,2
2026-01-13,000001,11:04:09,11.4900,71,2
2026-01-13,000001,11:04:12,11.4900,40,2
2026-01-13,000001,11:04:15,11.5000,153,1
2026-01-13,000001,11:04:18,11.4900,12,2
2026-01-13,000001,11:04:21,11.5000,10,1
2026-01-13,000001,11:04:24,11.4900,1,2
2026-01-13,000001,11:04:27,11.5000,4,1
2026-01-13,000001,11:04:30,11.4900,393,2
2026-01-13,000001,11:04:33,11.4900,129,2
2026-01-13,000001,11:04:36,11.4900,27,2
2026-01-13,000001,11:04:39,11.4900,197,2
2026-01-13,000001,11:04:42,11.4900,37,2
2026-01-13,000001,11:04:45,11.4900,73,2
2026-01-13,000001,11:04:48,11.4900,68,2
2026-01-13,000001,11:04:51,11.4900,18,2
2026-01-13,000001,11:04:54,11.4900,1,2
2026-01-13,000001,11:04:57,11.4900,15,2
2026-01-13,000001,11:05:00,11.4900,167,2
2026-01-13,000001,11:05:03,11.4900,92,2
2026-01-13,000001,11:05:06,11.4900,81,2
2026-01-13,000001,11:05:09,11.4900,137,2
2026-01-13,000001,11:05:12,11.4900,50,2
2026-01-13,000001,11:05:15,11.4900,823,2
2026-01-13,000001,11:05:18,11.4900,116,2
2026-01-13,000001,11:05:21,11.4900,69,2
2026-01-13,000001,11:05:24,11.4900,7,2
2026-01-13,000001,11:05:27,11.5000,4,1
2026-01-13,000001,11:05:30,11.5000,55,1
2026-01-13,000001,11:05:33,11.4900,19,2
2026-01-13,000001,11:05:36,11.4900,374,2
2026-01-13,000001,11:05:39,11.4900,70,2
2026-01-13,000001,11:05:42,11.4900,73,2
2026-01-13,000001,11:05:45,11.4900,82,2
2026-01-13,000001,11:05:48,11.4900,13,2
2026-01-13,000001,11:05:54,11.4900,2,2
2026-01-13,000001,11:05:57,11.5000,6,1
2026-01-13,000001,11:06:00,11.4900,6,2
2026-01-13,000001,11:06:03,11.4900,72,2
2026-01-13,000001,11:06:06,11.4900,38,2
2026-01-13,000001,11:06:09,11.4900,87,2
2026-01-13,000001,11:06:12,11.4900,42,2
2026-01-13,000001,11:06:15,11.5000,83,1
2026-01-13,000001,11:06:18,11.4900,35,2
2026-01-13,000001,11:06:21,11.4900,1,2
2026-01-13,000001,11:06:24,11.4900,13,2
2026-01-13,000001,11:06:27,11.5000,4,1
2026-01-13,000001,11:06:30,11.4900,11,2
2026-01-13,000001,11:06:33,11.4900,37,2
2026-01-13,000001,11:06:36,11.4900,94,2
2026-01-13,000001,11:06:39,11.4900,104,2
2026-01-13,000001,11:06:42,11.4900,21,2
2026-01-13,000001,11:06:45,11.4900,94,2
2026-01-13,000001,11:06:48,11.4900,35,2
2026-01-13,000001,11:06:54,11.4900,112,2
2026-01-13,000001,11:06:57,11.5000,6,1
2026-01-13,000001,11:07:00,11.4900,8,2
2026-01-13,000001,11:07:03,11.4900,109,2
2026-01-13,000001,11:07:06,11.4900,23,2
2026-01-13,000001,11:07:09,11.4900,216,2
2026-01-13,000001,11:07:12,11.4900,123,2
2026-01-13,000001,11:07:15,11.5000,86,1
2026-01-13,000001,11:07:18,11.4900,28,2
2026-01-13,000001,11:07:21,11.5000,6,1
2026-01-13,000001,11:07:24,11.4900,13,2
2026-01-13,000001,11:07:27,11.5000,4,1
2026-01-13,000001,11:07:30,11.4900,5,2
2026-01-13,000001,11:07:33,11.4900,21,2
2026-01-13,000001,11:07:36,11.4900,24,2
2026-01-13,000001,11:07:39,11.4900,57,2
2026-01-13,000001,11:07:42,11.4900,37,2
2026-01-13,000001,11:07:45,11.4900,120,2
2026-01-13,000001,11:07:48,11.4900,52,2
2026-01-13,000001,11:07:51,11.4900,40,2
2026-01-13,000001,11:07:57,11.5000,52,1
2026-01-13,000001,11:08:00,11.5000,13,1
2026-01-13,000001,11:08:03,11.4900,44,2
2026-01-13,000001,11:08:06,11.4900,101,2
2026-01-13,000001,11:08:09,11.4900,61,2
2026-01-13,000001,11:08:12,11.4900,44,2
2026-01-13,000001,11:08:15,11.5000,133,1
2026-01-13,000001,11:08:18,11.4900,13,2
2026-01-13,000001,11:08:24,11.4900,235,2
2026-01-13,000001,11:08:27,11.5000,32,1
2026-01-13,000001,11:08:30,11.5000,10,1
2026-01-13,000001,11:08:33,11.4900,20,2
2026-01-13,000001,11:08:36,11.4900,315,2
2026-01-13,000001,11:08:39,11.4900,156,2
2026-01-13,000001,11:08:42,11.4900,26,2
2026-01-13,000001,11:08:45,11.4900,74,2
2026-01-13,000001,11:08:48,11.4900,28,2
2026-01-13,000001,11:08:51,11.4900,17,2
2026-01-13,000001,11:08:54,11.4900,20,2
2026-01-13,000001,11:08:57,11.5000,35,1
2026-01-13,000001,11:09:00,11.4900,7,2
2026-01-13,000001,11:09:03,11.4900,85,2
2026-01-13,000001,11:09:06,11.4900,235,2
2026-01-13,000001,11:09:09,11.4900,113,2
2026-01-13,000001,11:09:12,11.4900,21,2
2026-01-13,000001,11:09:15,11.4900,140,2
2026-01-13,000001,11:09:18,11.4900,21,2
2026-01-13,000001,11:09:21,11.5000,58,1
2026-01-13,000001,11:09:24,11.4900,83,2
2026-01-13,000001,11:09:27,11.5000,4,1
2026-01-13,000001,11:09:30,11.4900,216,2
2026-01-13,000001,11:09:33,11.4900,190,2
2026-01-13,000001,11:09:36,11.4900,80,2
2026-01-13,000001,11:09:39,11.4900,105,2
2026-01-13,000001,11:09:42,11.4900,59,2
2026-01-13,000001,11:09:45,11.4900,72,2
2026-01-13,000001,11:09:48,11.4900,186,2
2026-01-13,000001,11:09:51,11.4900,1,2
2026-01-13,000001,11:09:54,11.4900,138,2
2026-01-13,000001,11:09:57,11.4900,80,2
2026-01-13,000001,11:10:00,11.4900,34,2
2026-01-13,000001,11:10:03,11.4900,975,2
2026-01-13,000001,11:10:06,11.4900,90,2
2026-01-13,000001,11:10:09,11.4900,101,2
2026-01-13,000001,11:10:12,11.4900,61,2
2026-01-13,000001,11:10:15,11.4900,546,2
2026-01-13,000001,11:10:18,11.5000,108,1
2026-01-13,000001,11:10:21,11.5000,18,1
2026-01-13,000001,11:10:24,11.4900,123,2
2026-01-13,000001,11:10:27,11.5000,6,1
2026-01-13,000001,11:10:30,11.4900,45,2
2026-01-13,000001,11:10:33,11.4900,165,2
2026-01-13,000001,11:10:36,11.4900,65,2
2026-01-13,000001,11:10:39,11.4900,88,2
2026-01-13,000001,11:10:42,11.4900,84,2
2026-01-13,000001,11:10:45,11.4900,144,2
2026-01-13,000001,11:10:48,11.4900,13,2
2026-01-13,000001,11:10:51,11.4900,26,2
2026-01-13,000001,11:10:54,11.4900,45,2
2026-01-13,000001,11:10:57,11.5000,36,1
2026-01-13,000001,11:11:00,11.4900,24,2
2026-01-13,000001,11:11:03,11.4900,28,2
2026-01-13,000001,11:11:06,11.4900,24,2
2026-01-13,000001,11:11:09,11.4900,67,2
2026-01-13,000001,11:11:12,11.4900,40,2
2026-01-13,000001,11:11:15,11.5000,147,1
2026-01-13,000001,11:11:18,11.5000,33,1
2026-01-13,000001,11:11:24,11.5000,9,1
2026-01-13,000001,11:11:27,11.5000,137,1
2026-01-13,000001,11:11:30,11.4900,7,2
2026-01-13,000001,11:11:33,11.4900,49,2
2026-01-13,000001,11:11:36,11.4900,31,2
2026-01-13,000001,11:11:39,11.5000,1807,1
2026-01-13,000001,11:11:42,11.4900,54,2
2026-01-13,000001,11:11:45,11.4900,419,2
2026-01-13,000001,11:11:48,11.4900,23,2
2026-01-13,000001,11:11:51,11.5000,258,1
2026-01-13,000001,11:11:54,11.4900,17,2
2026-01-13,000001,11:11:57,11.5000,151,1
2026-01-13,000001,11:12:00,11.4900,58,2
2026-01-13,000001,11:12:03,11.4900,29,2
2026-01-13,000001,11:12:06,11.4900,47,2
2026-01-13,000001,11:12:09,11.4900,122,2
2026-01-13,000001,11:12:12,11.4900,12,2
2026-01-13,000001,11:12:15,11.5000,166,1
2026-01-13,000001,11:12:18,11.4900,48,2
2026-01-13,000001,11:12:21,11.5000,2,1
2026-01-13,000001,11:12:24,11.4900,133,2
2026-01-13,000001,11:12:27,11.5000,5,1
2026-01-13,000001,11:12:30,11.4900,4,2
2026-01-13,000001,11:12:33,11.4900,44,2
2026-01-13,000001,11:12:36,11.4900,41,2
2026-01-13,000001,11:12:39,11.4900,119,2
2026-01-13,000001,11:12:42,11.4900,34,2
2026-01-13,000001,11:12:45,11.4900,74,2
2026-01-13,000001,11:12:48,11.5000,14,1
2026-01-13,000001,11:12:51,11.5000,18,1
2026-01-13,000001,11:12:54,11.4900,125,2
2026-01-13,000001,11:12:57,11.5000,57,1
2026-01-13,000001,11:13:00,11.4900,74,2
2026-01-13,000001,11:13:03,11.4900,41,2
2026-01-13,000001,11:13:06,11.4900,59,2
2026-01-13,000001,11:13:09,11.5000,91,1
2026-01-13,000001,11:13:12,11.4900,2033,2
2026-01-13,000001,11:13:15,11.4900,460,2
2026-01-13,000001,11:13:18,11.4900,185,1
2026-01-13,000001,11:13:21,11.4900,150,1
2026-01-13,000001,11:13:24,11.4800,132,2
2026-01-13,000001,11:13:27,11.4900,218,1
2026-01-13,000001,11:13:30,11.4800,8,2
2026-01-13,000001,11:13:33,11.4800,19,2
2026-01-13,000001,11:13:36,11.4800,60,2
