date,code,time,price,volume,bs
2026-04-24,601012,14:06:55,17.4200,63,1
2026-04-24,601012,14:06:58,17.4200,83,1
2026-04-24,601012,14:07:01,17.4200,104,1
2026-04-24,601012,14:07:04,17.4100,48,2
2026-04-24,601012,14:07:07,17.4100,202,2
2026-04-24,601012,14:07:10,17.4200,97,1
2026-04-24,601012,14:07:13,17.4100,39,2
2026-04-24,601012,14:07:16,17.4100,1118,2
2026-04-24,601012,14:07:19,17.4100,182,2
2026-04-24,601012,14:07:22,17.4100,131,2
2026-04-24,601012,14:07:25,17.4200,62,1
2026-04-24,601012,14:07:28,17.4100,57,2
2026-04-24,601012,14:07:31,17.4100,38,2
2026-04-24,601012,14:07:34,17.4100,61,2
2026-04-24,601012,14:07:37,17.4100,38,2
2026-04-24,601012,14:07:40,17.4200,89,1
2026-04-24,601012,14:07:43,17.4200,129,1
2026-04-24,601012,14:07:46,17.4100,49,2
2026-04-24,601012,14:07:49,17.4200,67,1
2026-04-24,601012,14:07:52,17.4100,76,2
2026-04-24,601012,14:07:55,17.4200,102,1
2026-04-24,601012,14:07:58,17.4100,103,2
2026-04-24,601012,14:08:01,17.4100,32,2
2026-04-24,601012,14:08:04,17.4200,110,1
2026-04-24,601012,14:08:07,17.4100,40,2
2026-04-24,601012,14:08:10,17.4200,212,1
2026-04-24,601012,14:08:13,17.4100,96,2
2026-04-24,601012,14:08:16,17.4100,10,2
2026-04-24,601012,14:08:19,17.4100,66,2
2026-04-24,601012,14:08:22,17.4100,61,2
2026-04-24,601012,14:08:25,17.4100,71,2
2026-04-24,601012,14:08:28,17.4100,5,2
2026-04-24,601012,14:08:31,17.4300,6155,1
2026-04-24,601012,14:08:34,17.4400,949,1
2026-04-24,601012,14:08:37,17.4300,120,2
2026-04-24,601012,14:08:40,17.4400,106,1
2026-04-24,601012,14:08:43,17.4400,48,1
2026-04-24,601012,14:08:46,17.4400,738,1
2026-04-24,601012,14:08:49,17.4400,98,2
2026-04-24,601012,14:08:52,17.4400,29,1
2026-04-24,601012,14:08:55,17.4400,106,1
2026-04-24,601012,14:08:58,17.4300,168,2
2026-04-24,601012,14:09:01,17.4400,25,1
2026-04-24,601012,14:09:04,17.4400,178,1
2026-04-24,601012,14:09:07,17.4300,47,2
2026-04-24,601012,14:09:10,17.4400,8,1
2026-04-24,601012,14:09:13,17.4300,348,2
2026-04-24,601012,14:09:16,17.4300,301,2
2026-04-24,601012,14:09:19,17.4400,42,1
2026-04-24,601012,14:09:22,17.4300,169,2
2026-04-24,601012,14:09:25,17.4300,3194,2
2026-04-24,601012,14:09:28,17.4300,145,2
2026-04-24,601012,14:09:31,17.4400,409,1
2026-04-24,601012,14:09:34,17.4400,66,2
2026-04-24,601012,14:09:37,17.4400,504,2
2026-04-24,601012,14:09:40,17.4400,16,1
2026-04-24,601012,14:09:43,17.4400,68,2
2026-04-24,601012,14:09:46,17.4400,658,2
2026-04-24,601012,14:09:49,17.4500,89,1
2026-04-24,601012,14:09:52,17.4500,248,1
2026-04-24,601012,14:09:55,17.4400,9,2
2026-04-24,601012,14:09:58,17.4400,93,2
2026-04-24,601012,14:10:01,17.4400,198,2
2026-04-24,601012,14:10:04,17.4500,45,1
2026-04-24,601012,14:10:07,17.4500,109,1
2026-04-24,601012,14:10:10,17.4500,124,1
2026-04-24,601012,14:10:13,17.4400,183,2
2026-04-24,601012,14:10:16,17.4600,3017,1
2026-04-24,601012,14:10:19,17.4600,240,1
2026-04-24,601012,14:10:22,17.4600,35,1
2026-04-24,601012,14:10:25,17.4600,223,1
2026-04-24,601012,14:10:28,17.4500,32,2
2026-04-24,601012,14:10:31,17.4600,67,1
2026-04-24,601012,14:10:34,17.4600,103,1
2026-04-24,601012,14:10:37,17.4600,104,1
2026-04-24,601012,14:10:40,17.4600,56,1
2026-04-24,601012,14:10:43,17.4600,83,1
2026-04-24,601012,14:10:46,17.4600,53,1
2026-04-24,601012,14:10:49,17.4600,29,1
2026-04-24,601012,14:10:52,17.4600,222,1
2026-04-24,601012,14:10:55,17.4600,79,1
2026-04-24,601012,14:10:58,17.4600,77,1
2026-04-24,601012,14:11:01,17.4600,311,1
2026-04-24,601012,14:11:04,17.4600,46,1
2026-04-24,601012,14:11:07,17.4500,75,2
2026-04-24,601012,14:11:10,17.4500,489,2
2026-04-24,601012,14:11:13,17.4500,269,2
2026-04-24,601012,14:11:16,17.4500,889,2
2026-04-24,601012,14:11:19,17.4400,33,2
2026-04-24,601012,14:11:22,17.4400,19,2
2026-04-24,601012,14:11:25,17.4300,137,2
2026-04-24,601012,14:11:28,17.4400,58,4
2026-04-24,601012,14:11:31,17.4400,85,2
2026-04-24,601012,14:11:34,17.4400,57,2
2026-04-24,601012,14:11:37,17.4500,71,1
2026-04-24,601012,14:11:40,17.4400,38,2
2026-04-24,601012,14:11:43,17.4400,995,1
2026-04-24,601012,14:11:46,17.4400,63,2
2026-04-24,601012,14:11:49,17.4400,88,2
2026-04-24,601012,14:11:52,17.4400,164,2
2026-04-24,601012,14:11:55,17.4400,768,1
2026-04-24,601012,14:11:58,17.4500,62,1
2026-04-24,601012,14:12:01,17.4400,40,2
2026-04-24,601012,14:12:04,17.4500,2077,1
2026-04-24,601012,14:12:07,17.4500,81,2
2026-04-24,601012,14:12:10,17.4500,150,2
2026-04-24,601012,14:12:13,17.4400,308,2
2026-04-24,601012,14:12:16,17.4400,15,2
2026-04-24,601012,14:12:19,17.4500,46,1
2026-04-24,601012,14:12:22,17.4400,64,2
2026-04-24,601012,14:12:25,17.4400,187,2
2026-04-24,601012,14:12:28,17.4400,8,2
2026-04-24,601012,14:12:31,17.4400,66,2
2026-04-24,601012,14:12:34,17.4400,10,2
2026-04-24,601012,14:12:37,17.4400,68,2
2026-04-24,601012,14:12:40,17.4400,110,2
2026-04-24,601012,14:12:43,17.4500,244,1
2026-04-24,601012,14:12:46,17.4400,162,2
2026-04-24,601012,14:12:49,17.4400,27,2
2026-04-24,601012,14:12:52,17.4500,69,1
2026-04-24,601012,14:12:55,17.4500,29,1
2026-04-24,601012,14:12:58,17.4500,414,1
2026-04-24,601012,14:13:01,17.4400,47,2
2026-04-24,601012,14:13:04,17.4400,24,1
2026-04-24,601012,14:13:07,17.4400,143,1
2026-04-24,601012,14:13:10,17.4400,59,1
2026-04-24,601012,14:13:13,17.4400,58,1
2026-04-24,601012,14:13:16,17.4300,37,2
2026-04-24,601012,14:13:19,17.4300,21,2
2026-04-24,601012,14:13:22,17.4300,281,2
2026-04-24,601012,14:13:25,17.4400,166,1
2026-04-24,601012,14:13:28,17.4400,491,1
2026-04-24,601012,14:13:31,17.4300,297,2
2026-04-24,601012,14:13:34,17.4400,3978,2
2026-04-24,601012,14:13:37,17.4400,117,2
2026-04-24,601012,14:13:40,17.4400,30,1
2026-04-24,601012,14:13:43,17.4400,92,2
2026-04-24,601012,14:13:46,17.4400,68,1
2026-04-24,601012,14:13:49,17.4400,99,1
2026-04-24,601012,14:13:52,17.4400,507,1
2026-04-24,601012,14:13:55,17.4400,130,2
2026-04-24,601012,14:13:58,17.4500,233,1
2026-04-24,601012,14:14:01,17.4400,212,1
2026-04-24,601012,14:14:04,17.4500,11,1
2026-04-24,601012,14:14:07,17.4500,17,1
2026-04-24,601012,14:14:10,17.4400,42,2
2026-04-24,601012,14:14:13,17.4500,53,1
2026-04-24,601012,14:14:16,17.4500,61,1
2026-04-24,601012,14:14:19,17.4400,40,2
2026-04-24,601012,14:14:22,17.4400,101,2
2026-04-24,601012,14:14:25,17.4400,11,1
2026-04-24,601012,14:14:28,17.4400,1,1
2026-04-24,601012,14:14:31,17.4300,22,2
2026-04-24,601012,14:14:34,17.4400,52,1
2026-04-24,601012,14:14:37,17.4300,79,2
2026-04-24,601012,14:14:40,17.4300,35,2
2026-04-24,601012,14:14:43,17.4400,62,1
2026-04-24,601012,14:14:46,17.4300,43,2
2026-04-24,601012,14:14:49,17.4400,626,1
2026-04-24,601012,14:14:52,17.4300,106,2
2026-04-24,601012,14:14:55,17.4300,115,2
2026-04-24,601012,14:14:58,17.4300,2,2
2026-04-24,601012,14:15:01,17.4300,195,2
2026-04-24,601012,14:15:04,17.4400,151,1
2026-04-24,601012,14:15:07,17.4500,2247,1
2026-04-24,601012,14:15:10,17.4600,208,1
2026-04-24,601012,14:15:13,17.4500,26,2
2026-04-24,601012,14:15:16,17.4600,1918,1
2026-04-24,601012,14:15:19,17.4600,234,2
2026-04-24,601012,14:15:22,17.4700,97,1
2026-04-24,601012,14:15:25,17.4700,684,1
2026-04-24,601012,14:15:28,17.4700,132,1
2026-04-24,601012,14:15:31,17.4600,351,2
2026-04-24,601012,14:15:34,17.4700,228,1
2026-04-24,601012,14:15:37,17.4700,66,1
2026-04-24,601012,14:15:40,17.4700,146,1
2026-04-24,601012,14:15:43,17.4700,130,1
2026-04-24,601012,14:15:46,17.4700,152,2
2026-04-24,601012,14:15:49,17.4700,266,2
2026-04-24,601012,14:15:52,17.4800,326,1
2026-04-24,601012,14:15:55,17.4800,195,1
2026-04-24,601012,14:15:58,17.4700,34,2
2026-04-24,601012,14:16:01,17.4800,241,1
2026-04-24,601012,14:16:04,17.4700,10,2
2026-04-24,601012,14:16:07,17.4700,9,2
2026-04-24,601012,14:16:10,17.4700,315,2
2026-04-24,601012,14:16:13,17.4700,26,2
2026-04-24,601012,14:16:16,17.4700,530,2
2026-04-24,601012,14:16:19,17.4700,41,1
2026-04-24,601012,14:16:22,17.4700,55,1
2026-04-24,601012,14:16:25,17.4700,63,1
2026-04-24,601012,14:16:28,17.4700,281,1
2026-04-24,601012,14:16:31,17.4600,259,2
2026-04-24,601012,14:16:34,17.4600,175,2
2026-04-24,601012,14:16:37,17.4600,202,2
2026-04-24,601012,14:16:40,17.4600,322,2
2026-04-24,601012,14:16:43,17.4600,31,2
2026-04-24,601012,14:16:46,17.4600,46,1
2026-04-24,601012,14:16:49,17.4600,66,1
2026-04-24,601012,14:16:52,17.4500,57,2
2026-04-24,601012,14:16:55,17.4500,63,2
2026-04-24,601012,14:16:58,17.4500,12,2
2026-04-24,601012,14:17:01,17.4500,13,2
2026-04-24,601012,14:17:04,17.4600,17,1
2026-04-24,601012,14:17:07,17.4500,195,2
2026-04-24,601012,14:17:10,17.4500,22,2
2026-04-24,601012,14:17:16,17.4600,34,1
2026-04-24,601012,14:17:19,17.4600,28,1
2026-04-24,601012,14:17:22,17.4500,64,2
2026-04-24,601012,14:17:25,17.4600,35,1
2026-04-24,601012,14:17:28,17.4500,31,2
2026-04-24,601012,14:17:31,17.4500,21,2
2026-04-24,601012,14:17:34,17.4600,46,1
2026-04-24,601012,14:17:37,17.4500,26,2
2026-04-24,601012,14:17:40,17.4500,25,2
2026-04-24,601012,14:17:43,17.4600,223,1
2026-04-24,601012,14:17:46,17.4500,156,2
2026-04-24,601012,14:17:49,17.4500,103,2
2026-04-24,601012,14:17:52,17.4500,64,2
2026-04-24,601012,14:17:55,17.4500,117,2
2026-04-24,601012,14:17:58,17.4500,138,2
2026-04-24,601012,14:18:01,17.4600,153,1
2026-04-24,601012,14:18:04,17.4500,110,2
2026-04-24,601012,14:18:07,17.4500,231,2
2026-04-24,601012,14:18:10,17.4500,58,2
2026-04-24,601012,14:18:13,17.4500,85,2
2026-04-24,601012,14:18:16,17.4500,103,1
2026-04-24,601012,14:18:19,17.4400,87,2
2026-04-24,601012,14:18:22,17.4500,39,1
2026-04-24,601012,14:18:25,17.4400,35,2
2026-04-24,601012,14:18:28,17.4400,3,2
2026-04-24,601012,14:18:31,17.4500,8,1
2026-04-24,601012,14:18:34,17.4400,189,2
2026-04-24,601012,14:18:37,17.4500,606,1
2026-04-24,601012,14:18:40,17.4400,115,2
2026-04-24,601012,14:18:43,17.4400,83,1
2026-04-24,601012,14:18:46,17.4400,254,2
2026-04-24,601012,14:18:49,17.4400,60,1
2026-04-24,601012,14:18:52,17.4300,5,2
2026-04-24,601012,14:18:55,17.4300,80,2
2026-04-24,601012,14:18:58,17.4300,489,2
2026-04-24,601012,14:19:01,17.4300,179,2
2026-04-24,601012,14:19:04,17.4300,75,2
2026-04-24,601012,14:19:07,17.4300,153,2
2026-04-24,601012,14:19:10,17.4300,72,2
2026-04-24,601012,14:19:13,17.4300,117,2
2026-04-24,601012,14:19:16,17.4300,150,2
2026-04-24,601012,14:19:19,17.4300,220,2
2026-04-24,601012,14:19:22,17.4300,76,2
2026-04-24,601012,14:19:25,17.4300,13,2
2026-04-24,601012,14:19:28,17.4300,328,2
2026-04-24,601012,14:19:31,17.4300,66,2
2026-04-24,601012,14:19:34,17.4300,72,2
2026-04-24,601012,14:19:37,17.4300,5,2
2026-04-24,601012,14:19:40,17.4300,44,2
2026-04-24,601012,14:19:43,17.4400,165,1
2026-04-24,601012,14:19:46,17.4300,31,2
2026-04-24,601012,14:19:49,17.4400,12,1
2026-04-24,601012,14:19:52,17.4300,40,2
2026-04-24,601012,14:19:55,17.4300,95,2
2026-04-24,601012,14:19:58,17.4300,177,2
2026-04-24,601012,14:20:01,17.4300,210,2
2026-04-24,601012,14:20:04,17.4300,170,2
2026-04-24,601012,14:20:07,17.4400,15,1
2026-04-24,601012,14:20:10,17.4400,70,1
2026-04-24,601012,14:20:13,17.4400,411,1
2026-04-24,601012,14:20:16,17.4400,54,2
2026-04-24,601012,14:20:19,17.4400,200,2
2026-04-24,601012,14:20:22,17.4400,53,2
2026-04-24,601012,14:20:25,17.4400,139,2
2026-04-24,601012,14:20:28,17.4500,79,1
2026-04-24,601012,14:20:31,17.4500,105,1
2026-04-24,601012,14:20:34,17.4500,135,1
2026-04-24,601012,14:20:37,17.4400,23,2
2026-04-24,601012,14:20:40,17.4400,218,2
2026-04-24,601012,14:20:43,17.4500,464,1
2026-04-24,601012,14:20:46,17.4500,125,1
2026-04-24,601012,14:20:49,17.4400,15,2
2026-04-24,601012,14:20:52,17.4500,15,1
2026-04-24,601012,14:20:55,17.4500,14,1
2026-04-24,601012,14:20:58,17.4400,155,2
2026-04-24,601012,14:21:01,17.4500,65,1
2026-04-24,601012,14:21:04,17.4400,5,1
2026-04-24,601012,14:21:07,17.4300,322,2
2026-04-24,601012,14:21:10,17.4400,13,1
2026-04-24,601012,14:21:13,17.4300,32,2
2026-04-24,601012,14:21:19,17.4400,15,2
2026-04-24,601012,14:21:22,17.4400,98,2
2026-04-24,601012,14:21:25,17.4400,131,2
2026-04-24,601012,14:21:28,17.4400,59,2
2026-04-24,601012,14:21:31,17.4600,1684,1
2026-04-24,601012,14:21:34,17.4500,255,2
2026-04-24,601012,14:21:37,17.4600,27,1
2026-04-24,601012,14:21:40,17.4600,25,1
2026-04-24,601012,14:21:43,17.4600,11,1
2026-04-24,601012,14:21:46,17.4500,112,2
2026-04-24,601012,14:21:49,17.4600,69,1
2026-04-24,601012,14:21:52,17.4500,28,2
2026-04-24,601012,14:21:55,17.4500,17,2
2026-04-24,601012,14:21:58,17.4500,20,2
2026-04-24,601012,14:22:01,17.4600,1556,1
2026-04-24,601012,14:22:04,17.4600,102,2
2026-04-24,601012,14:22:07,17.4600,124,2
2026-04-24,601012,14:22:10,17.4600,18,4
2026-04-24,601012,14:22:13,17.4600,1,2
2026-04-24,601012,14:22:16,17.4600,215,2
2026-04-24,601012,14:22:19,17.4600,22,2
2026-04-24,601012,14:22:22,17.4700,121,1
2026-04-24,601012,14:22:25,17.4700,27,1
2026-04-24,601012,14:22:28,17.4600,100,2
2026-04-24,601012,14:22:34,17.4600,63,2
2026-04-24,601012,14:22:37,17.4600,111,2
2026-04-24,601012,14:22:40,17.4700,41,1
2026-04-24,601012,14:22:43,17.4600,3,2
2026-04-24,601012,14:22:46,17.4600,23,2
2026-04-24,601012,14:22:49,17.4700,438,1
2026-04-24,601012,14:22:52,17.4700,133,1
2026-04-24,601012,14:22:55,17.4600,11,2
2026-04-24,601012,14:22:58,17.4700,73,1
2026-04-24,601012,14:23:01,17.4700,33,1
2026-04-24,601012,14:23:04,17.4600,39,2
2026-04-24,601012,14:23:07,17.4600,28,2
2026-04-24,601012,14:23:10,17.4600,16,2
2026-04-24,601012,14:23:13,17.4700,161,1
2026-04-24,601012,14:23:16,17.4600,1673,2
2026-04-24,601012,14:23:19,17.4700,117,4
2026-04-24,601012,14:23:22,17.4800,119,1
2026-04-24,601012,14:23:25,17.4700,158,2
2026-04-24,601012,14:23:28,17.4800,471,1
2026-04-24,601012,14:23:31,17.4800,133,1
2026-04-24,601012,14:23:34,17.4800,310,1
2026-04-24,601012,14:23:37,17.4700,176,2
2026-04-24,601012,14:23:40,17.4800,220,1
2026-04-24,601012,14:23:43,17.4900,3178,1
2026-04-24,601012,14:23:46,17.4800,82,2
2026-04-24,601012,14:23:49,17.4900,66,1
2026-04-24,601012,14:23:52,17.4900,30,1
2026-04-24,601012,14:23:55,17.4900,1522,1
2026-04-24,601012,14:23:58,17.4900,71,2
2026-04-24,601012,14:24:01,17.4900,118,2
2026-04-24,601012,14:24:04,17.4900,51,2
2026-04-24,601012,14:24:07,17.4900,83,2
2026-04-24,601012,14:24:10,17.4900,623,2
2026-04-24,601012,14:24:13,17.4900,150,2
2026-04-24,601012,14:24:16,17.4900,112,1
2026-04-24,601012,14:24:19,17.4900,209,1
2026-04-24,601012,14:24:22,17.5000,596,1
2026-04-24,601012,14:24:25,17.4800,185,2
2026-04-24,601012,14:24:28,17.4900,12,1
2026-04-24,601012,14:24:31,17.4900,44,1
2026-04-24,601012,14:24:34,17.4900,20,1
2026-04-24,601012,14:24:37,17.4900,147,1
2026-04-24,601012,14:24:40,17.4800,42,2
2026-04-24,601012,14:24:43,17.4800,43,2
2026-04-24,601012,14:24:46,17.4800,38,2
2026-04-24,601012,14:24:49,17.4800,52,2
2026-04-24,601012,14:24:52,17.4800,210,2
2026-04-24,601012,14:24:55,17.4800,168,2
2026-04-24,601012,14:24:58,17.4900,33,1
2026-04-24,601012,14:25:01,17.4800,46,2
2026-04-24,601012,14:25:04,17.4700,46,2
2026-04-24,601012,14:25:07,17.4700,4,2
2026-04-24,601012,14:25:10,17.4700,33,2
2026-04-24,601012,14:25:13,17.4700,248,2
2026-04-24,601012,14:25:16,17.4700,117,2
2026-04-24,601012,14:25:19,17.4700,55,2
2026-04-24,601012,14:25:22,17.4800,49,1
2026-04-24,601012,14:25:25,17.4700,66,2
2026-04-24,601012,14:25:28,17.4700,64,2
2026-04-24,601012,14:25:31,17.4800,12,1
2026-04-24,601012,14:25:34,17.4700,103,2
2026-04-24,601012,14:25:37,17.4700,74,2
2026-04-24,601012,14:25:40,17.4700,65,2
2026-04-24,601012,14:25:43,17.4700,172,2
2026-04-24,601012,14:25:46,17.4700,40,2
2026-04-24,601012,14:25:49,17.4700,208,2
2026-04-24,601012,14:25:52,17.4700,310,2
2026-04-24,601012,14:25:55,17.4700,76,2
2026-04-24,601012,14:25:58,17.4700,66,2
2026-04-24,601012,14:26:01,17.4700,4051,2
2026-04-24,601012,14:26:04,17.4700,2,1
2026-04-24,601012,14:26:07,17.4700,82,1
2026-04-24,601012,14:26:10,17.4600,9,2
2026-04-24,601012,14:26:13,17.4600,3,2
2026-04-24,601012,14:26:16,17.4700,97,1
2026-04-24,601012,14:26:19,17.4600,34,2
2026-04-24,601012,14:26:22,17.4700,125,1
2026-04-24,601012,14:26:25,17.4700,14,1
2026-04-24,601012,14:26:28,17.4600,109,2
2026-04-24,601012,14:26:31,17.4600,24,2
2026-04-24,601012,14:26:34,17.4700,135,1
2026-04-24,601012,14:26:37,17.4600,78,2
2026-04-24,601012,14:26:40,17.4700,18,1
2026-04-24,601012,14:26:43,17.4600,72,2
2026-04-24,601012,14:26:46,17.4700,146,1
2026-04-24,601012,14:26:49,17.4600,78,2
2026-04-24,601012,14:26:52,17.4500,83,2
2026-04-24,601012,14:26:55,17.4700,108,1
2026-04-24,601012,14:26:58,17.4600,2,1
2026-04-24,601012,14:27:01,17.4600,38,1
2026-04-24,601012,14:27:04,17.4600,77,2
2026-04-24,601012,14:27:07,17.4600,58,4
2026-04-24,601012,14:27:10,17.4700,74,1
2026-04-24,601012,14:27:13,17.4700,58,1
2026-04-24,601012,14:27:16,17.4600,68,2
2026-04-24,601012,14:27:19,17.4700,12,1
2026-04-24,601012,14:27:22,17.4600,76,2
2026-04-24,601012,14:27:25,17.4700,51,1
2026-04-24,601012,14:27:28,17.4700,377,1
2026-04-24,601012,14:27:31,17.4600,101,1
2026-04-24,601012,14:27:34,17.4600,122,1
2026-04-24,601012,14:27:37,17.4600,72,1
2026-04-24,601012,14:27:40,17.4500,28,2
2026-04-24,601012,14:27:43,17.4500,136,2
2026-04-24,601012,14:27:46,17.4600,46,1
2026-04-24,601012,14:27:49,17.4500,168,2
2026-04-24,601012,14:27:52,17.4600,107,1
2026-04-24,601012,14:27:55,17.4500,226,2
2026-04-24,601012,14:27:58,17.4500,223,2
2026-04-24,601012,14:28:01,17.4500,5,2
2026-04-24,601012,14:28:04,17.4500,66,2
2026-04-24,601012,14:28:07,17.4500,41,2
2026-04-24,601012,14:28:10,17.4500,139,2
2026-04-24,601012,14:28:13,17.4500,22,2
2026-04-24,601012,14:28:16,17.4600,92,1
2026-04-24,601012,14:28:19,17.4500,67,2
2026-04-24,601012,14:28:22,17.4600,70,1
2026-04-24,601012,14:28:25,17.4500,56,2
2026-04-24,601012,14:28:28,17.4500,13,2
2026-04-24,601012,14:28:31,17.4500,67,2
2026-04-24,601012,14:28:34,17.4500,12,2
2026-04-24,601012,14:28:37,17.4500,44,2
2026-04-24,601012,14:28:40,17.4600,56,1
2026-04-24,601012,14:28:43,17.4500,128,2
2026-04-24,601012,14:28:46,17.4600,47,1
2026-04-24,601012,14:28:49,17.4600,65,1
2026-04-24,601012,14:28:52,17.4500,69,2
2026-04-24,601012,14:28:55,17.4600,48,1
2026-04-24,601012,14:28:58,17.4500,94,2
2026-04-24,601012,14:29:01,17.4600,10,1
2026-04-24,601012,14:29:04,17.4500,81,2
2026-04-24,601012,14:29:07,17.4500,104,2
2026-04-24,601012,14:29:10,17.4500,29,2
2026-04-24,601012,14:29:13,17.4600,190,1
2026-04-24,601012,14:29:16,17.4500,128,2
2026-04-24,601012,14:29:19,17.4500,72,2
2026-04-24,601012,14:29:22,17.4500,140,1
2026-04-24,601012,14:29:25,17.4500,94,4
2026-04-24,601012,14:29:28,17.4500,100,1
2026-04-24,601012,14:29:31,17.4500,25,1
2026-04-24,601012,14:29:34,17.4500,66,2
2026-04-24,601012,14:29:37,17.4400,81,2
2026-04-24,601012,14:29:40,17.4500,29,1
2026-04-24,601012,14:29:43,17.4400,120,2
2026-04-24,601012,14:29:46,17.4400,25,2
2026-04-24,601012,14:29:49,17.4400,153,2
2026-04-24,601012,14:29:52,17.4500,15,1
2026-04-24,601012,14:29:55,17.4500,91,1
2026-04-24,601012,14:29:58,17.4400,62,2
2026-04-24,601012,14:30:01,17.4500,485,1
2026-04-24,601012,14:30:04,17.4500,85,2
2026-04-24,601012,14:30:07,17.4500,981,2
2026-04-24,601012,14:30:10,17.4500,283,2
2026-04-24,601012,14:30:13,17.4600,38,1
2026-04-24,601012,14:30:16,17.4600,620,1
2026-04-24,601012,14:30:19,17.4700,57,1
2026-04-24,601012,14:30:22,17.4700,367,1
2026-04-24,601012,14:30:25,17.4600,298,2
2026-04-24,601012,14:30:28,17.4700,391,1
2026-04-24,601012,14:30:31,17.4700,7,1
2026-04-24,601012,14:30:34,17.4700,136,1
2026-04-24,601012,14:30:37,17.4600,154,2
2026-04-24,601012,14:30:40,17.4600,232,2
2026-04-24,601012,14:30:43,17.4600,105,2
2026-04-24,601012,14:30:46,17.4600,28,2
2026-04-24,601012,14:30:49,17.4600,7,2
2026-04-24,601012,14:30:52,17.4700,60,1
2026-04-24,601012,14:30:55,17.4600,261,2
2026-04-24,601012,14:30:58,17.4600,263,2
2026-04-24,601012,14:31:01,17.4700,136,1
2026-04-24,601012,14:31:04,17.4700,587,1
2026-04-24,601012,14:31:07,17.4600,6,2
2026-04-24,601012,14:31:10,17.4600,62,2
2026-04-24,601012,14:31:13,17.4700,91,1
2026-04-24,601012,14:31:16,17.4700,998,1
2026-04-24,601012,14:31:19,17.4600,129,2
2026-04-24,601012,14:31:22,17.4600,132,4
2026-04-24,601012,14:31:25,17.4700,972,1
2026-04-24,601012,14:31:28,17.4700,45,1
2026-04-24,601012,14:31:31,17.4600,88,2
2026-04-24,601012,14:31:34,17.4600,53,2
2026-04-24,601012,14:31:37,17.4600,53,2
2026-04-24,601012,14:31:40,17.4600,12,2
2026-04-24,601012,14:31:43,17.4600,103,2
2026-04-24,601012,14:31:46,17.4600,67,2
2026-04-24,601012,14:31:49,17.4600,5,2
2026-04-24,601012,14:31:52,17.4600,250,2
2026-04-24,601012,14:31:55,17.4600,196,2
2026-04-24,601012,14:31:58,17.4600,535,1
2026-04-24,601012,14:32:01,17.4600,94,2
2026-04-24,601012,14:32:04,17.4600,129,1
2026-04-24,601012,14:32:07,17.4600,21,1
2026-04-24,601012,14:32:10,17.4600,60,1
2026-04-24,601012,14:32:13,17.4600,33,1
2026-04-24,601012,14:32:16,17.4500,85,2
2026-04-24,601012,14:32:19,17.4500,31,2
2026-04-24,601012,14:32:22,17.4600,30,1
2026-04-24,601012,14:32:25,17.4500,199,2
2026-04-24,601012,14:32:28,17.4500,5,2
2026-04-24,601012,14:32:31,17.4500,26,2
2026-04-24,601012,14:32:34,17.4600,122,1
2026-04-24,601012,14:32:37,17.4500,7,2
2026-04-24,601012,14:32:40,17.4600,129,1
2026-04-24,601012,14:32:43,17.4500,1,2
2026-04-24,601012,14:32:46,17.4500,13,2
2026-04-24,601012,14:32:49,17.4600,25,1
2026-04-24,601012,14:32:52,17.4500,218,2
2026-04-24,601012,14:32:55,17.4500,114,2
2026-04-24,601012,14:32:58,17.4500,210,2
2026-04-24,601012,14:33:01,17.4600,102,1
2026-04-24,601012,14:33:04,17.4600,133,1
2026-04-24,601012,14:33:07,17.4700,1998,1
2026-04-24,601012,14:33:10,17.4600,193,2
2026-04-24,601012,14:33:13,17.4700,79,1
2026-04-24,601012,14:33:16,17.4700,40,1
2026-04-24,601012,14:33:19,17.4700,64,1
2026-04-24,601012,14:33:22,17.4600,66,2
2026-04-24,601012,14:33:25,17.4700,121,1
2026-04-24,601012,14:33:28,17.4700,32,1
2026-04-24,601012,14:33:34,17.4700,43,1
2026-04-24,601012,14:33:37,17.4700,101,1
2026-04-24,601012,14:33:40,17.4700,402,1
2026-04-24,601012,14:33:43,17.4700,164,1
2026-04-24,601012,14:33:46,17.4600,95,2
2026-04-24,601012,14:33:49,17.4700,841,1
2026-04-24,601012,14:33:52,17.4600,637,2
2026-04-24,601012,14:33:55,17.4600,26,2
2026-04-24,601012,14:33:58,17.4600,164,2
2026-04-24,601012,14:34:01,17.4700,80,1
2026-04-24,601012,14:34:04,17.4700,159,2
2026-04-24,601012,14:34:07,17.4700,64,1
2026-04-24,601012,14:34:10,17.4800,104,1
2026-04-24,601012,14:34:13,17.4700,46,2
2026-04-24,601012,14:34:16,17.4700,7,2
2026-04-24,601012,14:34:19,17.4700,305,2
2026-04-24,601012,14:34:22,17.4700,35,1
2026-04-24,601012,14:34:25,17.4700,235,1
2026-04-24,601012,14:34:28,17.4600,69,2
2026-04-24,601012,14:34:31,17.4700,136,1
2026-04-24,601012,14:34:34,17.4700,86,4
2026-04-24,601012,14:34:37,17.4700,23,2
2026-04-24,601012,14:34:40,17.4800,32,1
2026-04-24,601012,14:34:43,17.4800,287,1
2026-04-24,601012,14:34:46,17.4700,175,2
2026-04-24,601012,14:34:49,17.4700,257,1
2026-04-24,601012,14:34:52,17.4800,102,1
2026-04-24,601012,14:34:55,17.4800,3,1
2026-04-24,601012,14:34:58,17.4800,42,1
2026-04-24,601012,14:35:01,17.4700,8,2
2026-04-24,601012,14:35:04,17.4700,106,2
2026-04-24,601012,14:35:07,17.4800,75,1
2026-04-24,601012,14:35:10,17.4700,588,2
2026-04-24,601012,14:35:13,17.4800,194,1
2026-04-24,601012,14:35:16,17.4700,246,2
2026-04-24,601012,14:35:19,17.4900,3369,1
2026-04-24,601012,14:35:22,17.4800,435,2
2026-04-24,601012,14:35:25,17.4800,129,2
2026-04-24,601012,14:35:28,17.4900,369,1
2026-04-24,601012,14:35:31,17.4900,2466,1
2026-04-24,601012,14:35:34,17.5000,112,1
2026-04-24,601012,14:35:37,17.5000,50,1
2026-04-24,601012,14:35:40,17.4900,68,2
2026-04-24,601012,14:35:43,17.5000,100,1
2026-04-24,601012,14:35:46,17.5000,35,1
2026-04-24,601012,14:35:49,17.4900,786,2
2026-04-24,601012,14:35:52,17.4900,84,1
2026-04-24,601012,14:35:55,17.4900,21,1
2026-04-24,601012,14:35:58,17.4900,70,1
2026-04-24,601012,14:36:01,17.4900,65,1
2026-04-24,601012,14:36:04,17.4800,70,2
2026-04-24,601012,14:36:07,17.4800,16,2
2026-04-24,601012,14:36:10,17.4900,25,1
2026-04-24,601012,14:36:13,17.4900,824,1
2026-04-24,601012,14:36:16,17.4900,26,1
2026-04-24,601012,14:36:19,17.4800,50,2
2026-04-24,601012,14:36:22,17.4800,109,2
2026-04-24,601012,14:36:25,17.4900,29,1
2026-04-24,601012,14:36:28,17.4900,838,1
2026-04-24,601012,14:36:31,17.4800,85,2
2026-04-24,601012,14:36:34,17.4800,10,2
2026-04-24,601012,14:36:37,17.4900,24,1
2026-04-24,601012,14:36:40,17.4800,134,2
2026-04-24,601012,14:36:43,17.4900,42,1
2026-04-24,601012,14:36:46,17.4900,80,1
2026-04-24,601012,14:36:49,17.4900,184,1
2026-04-24,601012,14:36:52,17.4900,147,1
2026-04-24,601012,14:36:55,17.4800,114,2
2026-04-24,601012,14:36:58,17.4900,69,1
2026-04-24,601012,14:37:01,17.4900,98,1
2026-04-24,601012,14:37:04,17.4900,59,1
2026-04-24,601012,14:37:07,17.4800,68,2
2026-04-24,601012,14:37:10,17.4900,31,1
2026-04-24,601012,14:37:13,17.4800,38,2
2026-04-24,601012,14:37:16,17.4800,329,2
2026-04-24,601012,14:37:19,17.4700,97,2
2026-04-24,601012,14:37:22,17.4800,33,1
2026-04-24,601012,14:37:25,17.4800,57,1
2026-04-24,601012,14:37:28,17.4800,112,1
2026-04-24,601012,14:37:31,17.4700,133,2
2026-04-24,601012,14:37:34,17.4800,96,1
2026-04-24,601012,14:37:37,17.4700,72,2
2026-04-24,601012,14:37:40,17.4700,19,2
2026-04-24,601012,14:37:43,17.4700,95,2
2026-04-24,601012,14:37:46,17.4700,189,2
2026-04-24,601012,14:37:49,17.4800,1106,1
2026-04-24,601012,14:37:52,17.4800,248,2
2026-04-24,601012,14:37:55,17.4700,522,2
2026-04-24,601012,14:37:58,17.4800,15,1
2026-04-24,601012,14:38:01,17.4700,175,2
2026-04-24,601012,14:38:04,17.4900,63,1
2026-04-24,601012,14:38:07,17.4800,37,2
2026-04-24,601012,14:38:10,17.4800,72,2
2026-04-24,601012,14:38:13,17.4800,72,1
2026-04-24,601012,14:38:16,17.4800,62,2
2026-04-24,601012,14:38:19,17.4800,93,1
2026-04-24,601012,14:38:22,17.4800,167,1
2026-04-24,601012,14:38:25,17.4800,93,1
2026-04-24,601012,14:38:28,17.4700,140,2
2026-04-24,601012,14:38:31,17.4700,46,2
2026-04-24,601012,14:38:34,17.4700,26,2
2026-04-24,601012,14:38:37,17.4800,190,1
2026-04-24,601012,14:38:40,17.4800,6,1
2026-04-24,601012,14:38:43,17.4700,51,2
2026-04-24,601012,14:38:46,17.4700,160,2
2026-04-24,601012,14:38:49,17.4700,218,2
2026-04-24,601012,14:38:52,17.4700,81,2
2026-04-24,601012,14:38:55,17.4700,104,2
2026-04-24,601012,14:38:58,17.4700,182,2
2026-04-24,601012,14:39:01,17.4800,708,1
2026-04-24,601012,14:39:04,17.4700,189,2
2026-04-24,601012,14:39:07,17.4800,241,1
2026-04-24,601012,14:39:10,17.4800,96,1
2026-04-24,601012,14:39:13,17.4700,146,2
2026-04-24,601012,14:39:16,17.4800,63,1
2026-04-24,601012,14:39:19,17.4700,60,2
2026-04-24,601012,14:39:22,17.4700,225,1
2026-04-24,601012,14:39:25,17.4700,32,2
2026-04-24,601012,14:39:28,17.4700,130,2
2026-04-24,601012,14:39:31,17.4800,109,1
2026-04-24,601012,14:39:34,17.4700,17,2
2026-04-24,601012,14:39:37,17.4800,66,1
2026-04-24,601012,14:39:40,17.4700,68,2
2026-04-24,601012,14:39:43,17.4700,112,2
2026-04-24,601012,14:39:46,17.4700,178,1
2026-04-24,601012,14:39:49,17.4700,119,1
2026-04-24,601012,14:39:52,17.4800,82,1
2026-04-24,601012,14:39:55,17.4800,297,1
2026-04-24,601012,14:39:58,17.4700,96,1
2026-04-24,601012,14:40:01,17.4700,99,1
2026-04-24,601012,14:40:04,17.4600,290,2
2026-04-24,601012,14:40:07,17.4700,57,1
2026-04-24,601012,14:40:10,17.4600,19,2
2026-04-24,601012,14:40:13,17.4600,135,2
2026-04-24,601012,14:40:16,17.4600,111,2
2026-04-24,601012,14:40:19,17.4600,1121,2
2026-04-24,601012,14:40:22,17.4600,152,2
2026-04-24,601012,14:40:25,17.4700,165,1
2026-04-24,601012,14:40:28,17.4600,207,2
2026-04-24,601012,14:40:31,17.4700,79,1
2026-04-24,601012,14:40:34,17.4600,154,2
2026-04-24,601012,14:40:37,17.4600,96,1
2026-04-24,601012,14:40:40,17.4700,601,1
2026-04-24,601012,14:40:43,17.4500,78,2
2026-04-24,601012,14:40:46,17.4600,147,1
2026-04-24,601012,14:40:49,17.4700,27,1
2026-04-24,601012,14:40:52,17.4600,321,2
2026-04-24,601012,14:40:55,17.4700,457,1
2026-04-24,601012,14:40:58,17.4600,34,2
2026-04-24,601012,14:41:01,17.4600,277,2
2026-04-24,601012,14:41:04,17.4600,231,1
2026-04-24,601012,14:41:07,17.4500,89,2
2026-04-24,601012,14:41:10,17.4500,47,2
2026-04-24,601012,14:41:13,17.4500,141,2
2026-04-24,601012,14:41:16,17.4500,112,2
2026-04-24,601012,14:41:19,17.4500,99,2
2026-04-24,601012,14:41:22,17.4500,26,2
2026-04-24,601012,14:41:25,17.4500,172,2
2026-04-24,601012,14:41:28,17.4600,33,1
2026-04-24,601012,14:41:31,17.4500,70,2
2026-04-24,601012,14:41:34,17.4500,25,2
2026-04-24,601012,14:41:37,17.4500,176,2
2026-04-24,601012,14:41:40,17.4500,89,2
2026-04-24,601012,14:41:43,17.4500,72,2
2026-04-24,601012,14:41:46,17.4500,126,2
2026-04-24,601012,14:41:49,17.4500,90,2
2026-04-24,601012,14:41:52,17.4600,225,1
2026-04-24,601012,14:41:55,17.4500,87,2
2026-04-24,601012,14:41:58,17.4500,598,2
2026-04-24,601012,14:42:01,17.4600,209,1
2026-04-24,601012,14:42:04,17.4500,41,2
2026-04-24,601012,14:42:07,17.4500,1537,2
2026-04-24,601012,14:42:10,17.4500,178,2
2026-04-24,601012,14:42:13,17.4500,132,2
2026-04-24,601012,14:42:16,17.4500,128,2
2026-04-24,601012,14:42:19,17.4500,1528,2
2026-04-24,601012,14:42:22,17.4500,132,1
2026-04-24,601012,14:42:25,17.4500,26,1
2026-04-24,601012,14:42:28,17.4400,442,2
2026-04-24,601012,14:42:31,17.4500,112,1
2026-04-24,601012,14:42:34,17.4400,16,2
2026-04-24,601012,14:42:37,17.4500,209,1
2026-04-24,601012,14:42:40,17.4400,168,2
2026-04-24,601012,14:42:43,17.4400,58,2
2026-04-24,601012,14:42:46,17.4500,33,1
2026-04-24,601012,14:42:49,17.4400,83,2
2026-04-24,601012,14:42:52,17.4400,69,1
2026-04-24,601012,14:42:55,17.4400,161,1
2026-04-24,601012,14:42:58,17.4300,338,2
2026-04-24,601012,14:43:01,17.4300,12,2
2026-04-24,601012,14:43:04,17.4300,215,2
2026-04-24,601012,14:43:07,17.4300,12,2
2026-04-24,601012,14:43:10,17.4300,160,2
2026-04-24,601012,14:43:13,17.4300,412,2
2026-04-24,601012,14:43:16,17.4300,285,2
2026-04-24,601012,14:43:19,17.4300,181,2
2026-04-24,601012,14:43:22,17.4500,396,1
2026-04-24,601012,14:43:25,17.4400,179,2
2026-04-24,601012,14:43:28,17.4300,38,2
2026-04-24,601012,14:43:31,17.4400,76,1
2026-04-24,601012,14:43:34,17.4300,119,2
2026-04-24,601012,14:43:37,17.4300,27,2
2026-04-24,601012,14:43:40,17.4300,45,2
2026-04-24,601012,14:43:43,17.4300,53,2
2026-04-24,601012,14:43:46,17.4300,372,2
2026-04-24,601012,14:43:49,17.4300,185,2
2026-04-24,601012,14:43:52,17.4400,45,1
2026-04-24,601012,14:43:55,17.4300,924,2
2026-04-24,601012,14:43:58,17.4400,78,1
2026-04-24,601012,14:44:01,17.4300,149,2
2026-04-24,601012,14:44:04,17.4300,94,2
2026-04-24,601012,14:44:07,17.4300,231,1
2026-04-24,601012,14:44:10,17.4400,45,1
2026-04-24,601012,14:44:13,17.4300,3,2
2026-04-24,601012,14:44:16,17.4300,234,2
2026-04-24,601012,14:44:19,17.4300,86,2
2026-04-24,601012,14:44:22,17.4300,373,2
2026-04-24,601012,14:44:25,17.4400,442,1
2026-04-24,601012,14:44:28,17.4200,229,2
2026-04-24,601012,14:44:31,17.4300,86,2
2026-04-24,601012,14:44:34,17.4300,115,2
2026-04-24,601012,14:44:37,17.4300,40,2
2026-04-24,601012,14:44:40,17.4400,65,1
2026-04-24,601012,14:44:43,17.4300,130,2
2026-04-24,601012,14:44:46,17.4400,54,1
2026-04-24,601012,14:44:49,17.4300,5,2
2026-04-24,601012,14:44:52,17.4300,84,2
2026-04-24,601012,14:44:55,17.4200,67,2
2026-04-24,601012,14:44:58,17.4400,207,1
2026-04-24,601012,14:45:01,17.4200,239,2
2026-04-24,601012,14:45:04,17.4300,137,1
2026-04-24,601012,14:45:07,17.4300,216,1
2026-04-24,601012,14:45:10,17.4200,108,2
2026-04-24,601012,14:45:13,17.4200,212,2
2026-04-24,601012,14:45:16,17.4300,432,1
2026-04-24,601012,14:45:19,17.4200,91,2
2026-04-24,601012,14:45:22,17.4300,164,1
2026-04-24,601012,14:45:25,17.4200,69,2
2026-04-24,601012,14:45:28,17.4200,168,2
2026-04-24,601012,14:45:31,17.4200,131,2
2026-04-24,601012,14:45:34,17.4300,91,1
2026-04-24,601012,14:45:37,17.4200,58,2
2026-04-24,601012,14:45:40,17.4200,204,2
2026-04-24,601012,14:45:43,17.4200,86,2
2026-04-24,601012,14:45:46,17.4200,617,2
2026-04-24,601012,14:45:49,17.4300,219,1
2026-04-24,601012,14:45:52,17.4200,196,2
2026-04-24,601012,14:45:55,17.4200,80,1
2026-04-24,601012,14:45:58,17.4100,99,2
2026-04-24,601012,14:46:01,17.4200,106,1
2026-04-24,601012,14:46:04,17.4200,120,1
2026-04-24,601012,14:46:07,17.4100,618,2
2026-04-24,601012,14:46:10,17.4100,681,2
2026-04-24,601012,14:46:13,17.4200,239,1
2026-04-24,601012,14:46:16,17.4100,100,2
2026-04-24,601012,14:46:19,17.4100,119,2
2026-04-24,601012,14:46:22,17.4200,61,1
2026-04-24,601012,14:46:25,17.4100,147,2
2026-04-24,601012,14:46:28,17.4200,170,1
2026-04-24,601012,14:46:31,17.4100,189,2
2026-04-24,601012,14:46:34,17.4100,113,2
2026-04-24,601012,14:46:37,17.4200,149,1
2026-04-24,601012,14:46:40,17.4200,78,1
2026-04-24,601012,14:46:43,17.4100,18,2
2026-04-24,601012,14:46:46,17.4200,225,1
2026-04-24,601012,14:46:49,17.4100,15,2
2026-04-24,601012,14:46:52,17.4100,272,2
2026-04-24,601012,14:46:55,17.4200,159,1
2026-04-24,601012,14:46:58,17.4200,837,1
2026-04-24,601012,14:47:01,17.4200,230,1
2026-04-24,601012,14:47:04,17.4100,45,2
2026-04-24,601012,14:47:07,17.4200,5,1
2026-04-24,601012,14:47:10,17.4100,119,2
2026-04-24,601012,14:47:13,17.4100,58,2
2026-04-24,601012,14:47:16,17.4100,414,2
2026-04-24,601012,14:47:19,17.4100,89,2
2026-04-24,601012,14:47:22,17.4100,54,2
2026-04-24,601012,14:47:25,17.4100,188,2
2026-04-24,601012,14:47:28,17.4100,241,2
2026-04-24,601012,14:47:31,17.4100,174,2
2026-04-24,601012,14:47:34,17.4100,164,1
2026-04-24,601012,14:47:37,17.4000,140,2
2026-04-24,601012,14:47:40,17.4000,292,2
2026-04-24,601012,14:47:43,17.4000,5,2
2026-04-24,601012,14:47:46,17.4000,35,2
2026-04-24,601012,14:47:49,17.4000,445,2
2026-04-24,601012,14:47:52,17.4000,490,2
2026-04-24,601012,14:47:55,17.4100,1156,1
2026-04-24,601012,14:47:58,17.4000,110,2
2026-04-24,601012,14:48:01,17.4100,73,1
2026-04-24,601012,14:48:04,17.4000,235,2
2026-04-24,601012,14:48:07,17.4000,95,2
2026-04-24,601012,14:48:10,17.4000,169,2
2026-04-24,601012,14:48:13,17.4000,141,2
2026-04-24,601012,14:48:16,17.4000,157,2
2026-04-24,601012,14:48:19,17.4000,96,2
2026-04-24,601012,14:48:22,17.4000,340,2
2026-04-24,601012,14:48:25,17.4000,63,2
2026-04-24,601012,14:48:28,17.4100,218,1
2026-04-24,601012,14:48:31,17.4000,101,2
2026-04-24,601012,14:48:34,17.4000,197,2
2026-04-24,601012,14:48:37,17.4000,89,2
2026-04-24,601012,14:48:40,17.4000,202,2
2026-04-24,601012,14:48:43,17.4100,232,1
2026-04-24,601012,14:48:46,17.4100,181,1
2026-04-24,601012,14:48:49,17.4000,232,2
2026-04-24,601012,14:48:52,17.4000,76,2
2026-04-24,601012,14:48:55,17.4000,166,2
2026-04-24,601012,14:48:58,17.4000,106,2
2026-04-24,601012,14:49:01,17.4000,86,2
2026-04-24,601012,14:49:04,17.4100,197,1
2026-04-24,601012,14:49:07,17.4000,185,2
2026-04-24,601012,14:49:10,17.4000,194,2
2026-04-24,601012,14:49:13,17.4100,27,1
2026-04-24,601012,14:49:16,17.4000,163,2
2026-04-24,601012,14:49:19,17.4100,154,1
2026-04-24,601012,14:49:22,17.4100,161,1
2026-04-24,601012,14:49:25,17.4100,116,1
2026-04-24,601012,14:49:28,17.4100,157,1
2026-04-24,601012,14:49:31,17.4000,202,2
2026-04-24,601012,14:49:34,17.4000,140,2
2026-04-24,601012,14:49:37,17.4100,450,1
2026-04-24,601012,14:49:40,17.4100,1231,1
2026-04-24,601012,14:49:43,17.4100,216,2
2026-04-24,601012,14:49:46,17.4200,83,1
2026-04-24,601012,14:49:49,17.4100,110,2
2026-04-24,601012,14:49:52,17.4200,88,1
2026-04-24,601012,14:49:55,17.4200,162,1
2026-04-24,601012,14:49:58,17.4200,247,1
2026-04-24,601012,14:50:01,17.4100,162,2
2026-04-24,601012,14:50:04,17.4100,256,2
2026-04-24,601012,14:50:07,17.4100,194,2
2026-04-24,601012,14:50:10,17.4200,667,1
2026-04-24,601012,14:50:13,17.4200,18,2
2026-04-24,601012,14:50:16,17.4200,250,2
2026-04-24,601012,14:50:19,17.4200,162,2
2026-04-24,601012,14:50:22,17.4200,119,2
2026-04-24,601012,14:50:25,17.4300,119,1
2026-04-24,601012,14:50:28,17.4200,141,2
2026-04-24,601012,14:50:31,17.4200,166,2
2026-04-24,601012,14:50:34,17.4200,168,1
2026-04-24,601012,14:50:37,17.4200,83,2
2026-04-24,601012,14:50:40,17.4200,162,1
2026-04-24,601012,14:50:43,17.4200,51,2
2026-04-24,601012,14:50:46,17.4200,43,2
2026-04-24,601012,14:50:49,17.4200,172,2
2026-04-24,601012,14:50:52,17.4200,240,2
2026-04-24,601012,14:50:55,17.4200,88,2
2026-04-24,601012,14:50:58,17.4200,39,2
2026-04-24,601012,14:51:01,17.4200,131,1
2026-04-24,601012,14:51:04,17.4200,308,1
2026-04-24,601012,14:51:07,17.4200,121,1
2026-04-24,601012,14:51:10,17.4200,76,1
2026-04-24,601012,14:51:13,17.4100,73,2
2026-04-24,601012,14:51:16,17.4100,98,2
2026-04-24,601012,14:51:19,17.4200,68,1
2026-04-24,601012,14:51:22,17.4100,197,2
2026-04-24,601012,14:51:25,17.4100,29,2
2026-04-24,601012,14:51:28,17.4100,463,2
2026-04-24,601012,14:51:31,17.4200,303,1
2026-04-24,601012,14:51:34,17.4100,219,2
2026-04-24,601012,14:51:37,17.4100,126,2
2026-04-24,601012,14:51:40,17.4200,154,1
2026-04-24,601012,14:51:43,17.4100,1119,2
2026-04-24,601012,14:51:46,17.4000,114,2
2026-04-24,601012,14:51:49,17.4000,33,2
2026-04-24,601012,14:51:52,17.4100,138,1
2026-04-24,601012,14:51:55,17.4000,209,2
2026-04-24,601012,14:51:58,17.4100,284,1
2026-04-24,601012,14:52:01,17.4100,190,1
2026-04-24,601012,14:52:04,17.4100,14,1
2026-04-24,601012,14:52:07,17.4100,84,1
2026-04-24,601012,14:52:10,17.4100,139,1
2026-04-24,601012,14:52:13,17.4000,68,2
2026-04-24,601012,14:52:16,17.4100,355,1
2026-04-24,601012,14:52:19,17.4000,477,2
2026-04-24,601012,14:52:22,17.4000,135,2
2026-04-24,601012,14:52:25,17.4000,98,2
2026-04-24,601012,14:52:28,17.4000,167,2
2026-04-24,601012,14:52:31,17.4000,152,2
2026-04-24,601012,14:52:34,17.4000,127,2
2026-04-24,601012,14:52:37,17.4100,187,1
2026-04-24,601012,14:52:40,17.4000,170,2
2026-04-24,601012,14:52:43,17.4000,214,2
2026-04-24,601012,14:52:46,17.4000,665,2
2026-04-24,601012,14:52:49,17.4000,191,2
2026-04-24,601012,14:52:52,17.4000,71,2
2026-04-24,601012,14:52:55,17.4000,346,2
2026-04-24,601012,14:52:58,17.4000,245,1
2026-04-24,601012,14:53:01,17.4000,190,1
2026-04-24,601012,14:53:04,17.4000,393,1
2026-04-24,601012,14:53:07,17.4000,340,1
2026-04-24,601012,14:53:10,17.4000,790,1
2026-04-24,601012,14:53:13,17.4000,150,2
2026-04-24,601012,14:53:16,17.4000,130,2
2026-04-24,601012,14:53:19,17.4000,156,1
2026-04-24,601012,14:53:22,17.4000,216,1
2026-04-24,601012,14:53:25,17.4000,205,1
2026-04-24,601012,14:53:28,17.3900,330,2
2026-04-24,601012,14:53:31,17.3900,123,2
2026-04-24,601012,14:53:34,17.3900,220,2
2026-04-24,601012,14:53:37,17.4000,457,1
2026-04-24,601012,14:53:40,17.4000,333,1
2026-04-24,601012,14:53:43,17.3900,618,2
2026-04-24,601012,14:53:46,17.4000,187,1
2026-04-24,601012,14:53:49,17.3900,76,2
2026-04-24,601012,14:53:52,17.3900,209,2
2026-04-24,601012,14:53:55,17.4000,436,1
2026-04-24,601012,14:53:58,17.3900,26,2
2026-04-24,601012,14:54:01,17.4000,214,1
2026-04-24,601012,14:54:04,17.4000,237,1
2026-04-24,601012,14:54:07,17.4000,91,1
2026-04-24,601012,14:54:10,17.4000,579,1
2026-04-24,601012,14:54:13,17.4000,139,1
2026-04-24,601012,14:54:16,17.4000,89,1
2026-04-24,601012,14:54:19,17.3900,95,2
2026-04-24,601012,14:54:22,17.4000,39,1
2026-04-24,601012,14:54:25,17.3900,126,2
2026-04-24,601012,14:54:28,17.4000,108,1
2026-04-24,601012,14:54:31,17.4000,442,1
2026-04-24,601012,14:54:34,17.3900,429,2
2026-04-24,601012,14:54:37,17.3900,182,2
2026-04-24,601012,14:54:40,17.4000,390,1
2026-04-24,601012,14:54:43,17.3900,20,2
2026-04-24,601012,14:54:46,17.3900,214,2
2026-04-24,601012,14:54:49,17.3900,98,2
2026-04-24,601012,14:54:52,17.3900,310,2
2026-04-24,601012,14:54:55,17.3900,188,2
2026-04-24,601012,14:54:58,17.3900,233,2
2026-04-24,601012,14:55:01,17.3900,581,2
2026-04-24,601012,14:55:04,17.3900,596,2
2026-04-24,601012,14:55:07,17.4000,243,1
2026-04-24,601012,14:55:10,17.3900,562,2
2026-04-24,601012,14:55:13,17.3900,271,2
2026-04-24,601012,14:55:16,17.3900,102,2
2026-04-24,601012,14:55:19,17.4000,766,1
2026-04-24,601012,14:55:22,17.3900,623,2
2026-04-24,601012,14:55:25,17.3900,506,1
2026-04-24,601012,14:55:28,17.3900,326,2
2026-04-24,601012,14:55:31,17.3900,300,1
2026-04-24,601012,14:55:34,17.3900,222,1
2026-04-24,601012,14:55:37,17.3900,811,2
2026-04-24,601012,14:55:40,17.4000,907,1
2026-04-24,601012,14:55:43,17.4000,188,1
2026-04-24,601012,14:55:46,17.4000,451,2
2026-04-24,601012,14:55:49,17.4000,192,1
2026-04-24,601012,14:55:52,17.4000,130,1
2026-04-24,601012,14:55:55,17.4000,34,1
2026-04-24,601012,14:55:58,17.4000,137,1
2026-04-24,601012,14:56:01,17.4000,329,1
2026-04-24,601012,14:56:04,17.4000,89,1
2026-04-24,601012,14:56:07,17.4000,935,1
2026-04-24,601012,14:56:10,17.4000,256,1
2026-04-24,601012,14:56:13,17.4000,146,1
2026-04-24,601012,14:56:16,17.3900,216,2
2026-04-24,601012,14:56:19,17.4000,574,1
2026-04-24,601012,14:56:22,17.4000,108,1
2026-04-24,601012,14:56:25,17.3900,115,2
2026-04-24,601012,14:56:28,17.4000,286,1
2026-04-24,601012,14:56:31,17.4000,801,1
2026-04-24,601012,14:56:34,17.4000,205,1
2026-04-24,601012,14:56:37,17.4000,147,1
2026-04-24,601012,14:56:40,17.3900,102,2
2026-04-24,601012,14:56:43,17.4000,41,1
2026-04-24,601012,14:56:46,17.3900,1424,2
2026-04-24,601012,14:56:49,17.3900,525,1
2026-04-24,601012,14:56:52,17.3900,105,1
2026-04-24,601012,14:56:55,17.3900,100,1
2026-04-24,601012,14:56:58,17.3900,89,1
2026-04-24,601012,14:57:01,17.4000,305,1
2026-04-24,601012,15:00:02,17.3900,8518,4
2026-04-24,601012,13:15:01,17.3200,80,1
2026-04-24,601012,13:15:04,17.3200,37,1
2026-04-24,601012,13:15:07,17.3200,20,1
2026-04-24,601012,13:15:10,17.3200,14,1
2026-04-24,601012,13:15:13,17.3200,9,1
2026-04-24,601012,13:15:16,17.3200,78,1
2026-04-24,601012,13:15:19,17.3200,54,1
2026-04-24,601012,13:15:22,17.3200,108,1
2026-04-24,601012,13:15:25,17.3100,80,2
2026-04-24,601012,13:15:28,17.3200,66,1
2026-04-24,601012,13:15:31,17.3100,42,2
2026-04-24,601012,13:15:34,17.3100,140,2
2026-04-24,601012,13:15:37,17.3200,136,1
2026-04-24,601012,13:15:40,17.3200,29,1
2026-04-24,601012,13:15:43,17.3200,90,1
2026-04-24,601012,13:15:46,17.3200,43,1
2026-04-24,601012,13:15:49,17.3200,74,1
2026-04-24,601012,13:15:52,17.3200,143,1
2026-04-24,601012,13:15:55,17.3100,69,2
2026-04-24,601012,13:15:58,17.3100,989,2
2026-04-24,601012,13:16:01,17.3100,83,1
2026-04-24,601012,13:16:04,17.3000,116,2
2026-04-24,601012,13:16:07,17.3100,54,1
2026-04-24,601012,13:16:10,17.3100,202,1
2026-04-24,601012,13:16:13,17.3100,215,1
2026-04-24,601012,13:16:16,17.3100,98,1
2026-04-24,601012,13:16:19,17.3100,1846,1
2026-04-24,601012,13:16:22,17.3100,152,1
2026-04-24,601012,13:16:25,17.3200,81,1
2026-04-24,601012,13:16:28,17.3100,95,2
2026-04-24,601012,13:16:31,17.3100,59,1
2026-04-24,601012,13:16:34,17.3100,79,1
2026-04-24,601012,13:16:37,17.3100,40,1
2026-04-24,601012,13:16:43,17.3100,672,2
2026-04-24,601012,13:16:46,17.3200,89,1
2026-04-24,601012,13:16:49,17.3000,179,2
2026-04-24,601012,13:16:52,17.3100,36,1
2026-04-24,601012,13:16:55,17.3100,24,1
2026-04-24,601012,13:16:58,17.3200,66,1
2026-04-24,601012,13:17:01,17.3100,6,2
2026-04-24,601012,13:17:04,17.3100,71,2
2026-04-24,601012,13:17:07,17.3200,114,1
2026-04-24,601012,13:17:10,17.3100,14,2
2026-04-24,601012,13:17:13,17.3100,32,2
2026-04-24,601012,13:17:16,17.3000,1,2
2026-04-24,601012,13:17:19,17.3100,77,1
2026-04-24,601012,13:17:22,17.3100,25,1
2026-04-24,601012,13:17:25,17.3000,329,2
2026-04-24,601012,13:17:28,17.3000,20,2
2026-04-24,601012,13:17:31,17.3000,49,2
2026-04-24,601012,13:17:34,17.3000,46,2
2026-04-24,601012,13:17:37,17.3000,161,2
2026-04-24,601012,13:17:40,17.3000,127,2
2026-04-24,601012,13:17:43,17.3000,520,2
2026-04-24,601012,13:17:46,17.3000,55,1
2026-04-24,601012,13:17:49,17.3000,98,2
2026-04-24,601012,13:17:52,17.3000,17,2
2026-04-24,601012,13:17:55,17.3000,76,2
2026-04-24,601012,13:17:58,17.3000,60,2
2026-04-24,601012,13:18:01,17.3100,40,1
2026-04-24,601012,13:18:04,17.3000,21,2
2026-04-24,601012,13:18:07,17.3100,546,1
2026-04-24,601012,13:18:10,17.3100,18,2
2026-04-24,601012,13:18:13,17.3100,232,2
2026-04-24,601012,13:18:16,17.3200,150,1
2026-04-24,601012,13:18:19,17.3100,102,2
2026-04-24,601012,13:18:22,17.3200,56,1
2026-04-24,601012,13:18:25,17.3100,97,2
2026-04-24,601012,13:18:28,17.3200,67,1
2026-04-24,601012,13:18:31,17.3200,15,1
2026-04-24,601012,13:18:34,17.3200,25,2
2026-04-24,601012,13:18:37,17.3200,177,2
2026-04-24,601012,13:18:40,17.3200,5,1
2026-04-24,601012,13:18:43,17.3200,23,1
2026-04-24,601012,13:18:46,17.3200,31,1
2026-04-24,601012,13:18:49,17.3200,42,1
2026-04-24,601012,13:18:52,17.3200,23,1
2026-04-24,601012,13:18:58,17.3200,19,2
2026-04-24,601012,13:19:01,17.3200,58,2
2026-04-24,601012,13:19:04,17.3300,42,1
2026-04-24,601012,13:19:07,17.3300,32,1
2026-04-24,601012,13:19:10,17.3200,30,2
2026-04-24,601012,13:19:13,17.3300,136,1
2026-04-24,601012,13:19:16,17.3200,111,2
2026-04-24,601012,13:19:19,17.3100,675,2
2026-04-24,601012,13:19:22,17.3100,25,1
2026-04-24,601012,13:19:25,17.3100,8,1
2026-04-24,601012,13:19:28,17.3100,16,1
2026-04-24,601012,13:19:31,17.3100,68,1
2026-04-24,601012,13:19:34,17.3000,173,2
2026-04-24,601012,13:19:37,17.3100,30,1
2026-04-24,601012,13:19:40,17.3100,5,1
2026-04-24,601012,13:19:43,17.3100,94,1
2026-04-24,601012,13:19:46,17.3100,22,1
2026-04-24,601012,13:19:49,17.3100,45,1
2026-04-24,601012,13:19:52,17.3000,206,2
2026-04-24,601012,13:19:55,17.3100,93,1
2026-04-24,601012,13:19:58,17.3000,48,2
2026-04-24,601012,13:20:01,17.3100,33,1
2026-04-24,601012,13:20:04,17.3000,17,2
2026-04-24,601012,13:20:07,17.3100,46,1
2026-04-24,601012,13:20:10,17.3100,253,1
2026-04-24,601012,13:20:13,17.3000,48,2
2026-04-24,601012,13:20:16,17.3000,90,2
2026-04-24,601012,13:20:19,17.3000,52,2
2026-04-24,601012,13:20:22,17.3000,10,2
2026-04-24,601012,13:20:25,17.3000,41,2
2026-04-24,601012,13:20:28,17.3100,162,1
2026-04-24,601012,13:20:31,17.3100,144,1
2026-04-24,601012,13:20:34,17.3000,544,2
2026-04-24,601012,13:20:37,17.3000,3,2
2026-04-24,601012,13:20:40,17.3000,40,2
2026-04-24,601012,13:20:43,17.3100,81,1
2026-04-24,601012,13:20:46,17.3000,350,2
2026-04-24,601012,13:20:49,17.3000,31,2
2026-04-24,601012,13:20:52,17.3100,3,1
2026-04-24,601012,13:20:55,17.3000,61,2
2026-04-24,601012,13:20:58,17.3000,42,2
2026-04-24,601012,13:21:01,17.3100,9,1
2026-04-24,601012,13:21:04,17.3100,12,1
2026-04-24,601012,13:21:07,17.3100,32,1
2026-04-24,601012,13:21:10,17.3000,32,2
2026-04-24,601012,13:21:13,17.3000,109,2
2026-04-24,601012,13:21:16,17.3000,111,2
2026-04-24,601012,13:21:19,17.3000,142,2
2026-04-24,601012,13:21:22,17.3000,42,2
2026-04-24,601012,13:21:25,17.3000,125,2
2026-04-24,601012,13:21:28,17.3000,110,2
2026-04-24,601012,13:21:31,17.3000,237,2
2026-04-24,601012,13:21:34,17.3000,97,2
2026-04-24,601012,13:21:37,17.3000,143,2
2026-04-24,601012,13:21:40,17.3000,82,2
2026-04-24,601012,13:21:43,17.3100,46,1
2026-04-24,601012,13:21:46,17.3100,172,1
2026-04-24,601012,13:21:49,17.3000,2,2
2026-04-24,601012,13:21:52,17.3100,11,1
2026-04-24,601012,13:21:55,17.3000,238,2
2026-04-24,601012,13:21:58,17.3000,34,2
2026-04-24,601012,13:22:01,17.3000,19,2
2026-04-24,601012,13:22:04,17.3000,49,2
2026-04-24,601012,13:22:07,17.3000,23,2
2026-04-24,601012,13:22:10,17.3000,13,2
2026-04-24,601012,13:22:13,17.3100,17,1
2026-04-24,601012,13:22:16,17.3000,48,2
2026-04-24,601012,13:22:19,17.3000,29,2
2026-04-24,601012,13:22:22,17.3000,50,2
2026-04-24,601012,13:22:25,17.3100,70,1
2026-04-24,601012,13:22:28,17.3000,117,2
2026-04-24,601012,13:22:31,17.3000,91,2
2026-04-24,601012,13:22:34,17.3000,130,2
2026-04-24,601012,13:22:37,17.3000,91,2
2026-04-24,601012,13:22:40,17.3200,47,1
2026-04-24,601012,13:22:43,17.3200,2,1
2026-04-24,601012,13:22:46,17.3200,39,1
2026-04-24,601012,13:22:49,17.3100,117,2
2026-04-24,601012,13:22:52,17.3200,510,1
2026-04-24,601012,13:22:55,17.3200,7,2
2026-04-24,601012,13:22:58,17.3200,26,2
2026-04-24,601012,13:23:01,17.3200,97,2
2026-04-24,601012,13:23:04,17.3200,236,2
2026-04-24,601012,13:23:07,17.3300,74,1
2026-04-24,601012,13:23:10,17.3300,34,1
2026-04-24,601012,13:23:13,17.3300,8,1
2026-04-24,601012,13:23:16,17.3200,63,2
2026-04-24,601012,13:23:19,17.3300,19,1
2026-04-24,601012,13:23:25,17.3300,38,1
2026-04-24,601012,13:23:28,17.3300,38,1
2026-04-24,601012,13:23:31,17.3200,76,2
2026-04-24,601012,13:23:34,17.3300,19,1
2026-04-24,601012,13:23:37,17.3200,44,2
2026-04-24,601012,13:23:40,17.3300,170,1
2026-04-24,601012,13:23:43,17.3200,10,2
2026-04-24,601012,13:23:46,17.3300,65,1
2026-04-24,601012,13:23:49,17.3300,14,1
2026-04-24,601012,13:23:52,17.3300,220,1
2026-04-24,601012,13:23:55,17.3300,135,1
2026-04-24,601012,13:23:58,17.3300,20,1
2026-04-24,601012,13:24:01,17.3300,32,1
2026-04-24,601012,13:24:04,17.3200,52,2
2026-04-24,601012,13:24:07,17.3200,1,2
2026-04-24,601012,13:24:10,17.3300,13,1
2026-04-24,601012,13:24:13,17.3300,18,1
2026-04-24,601012,13:24:16,17.3300,57,1
2026-04-24,601012,13:24:19,17.3200,86,2
2026-04-24,601012,13:24:22,17.3300,14,1
2026-04-24,601012,13:24:25,17.3300,80,1
2026-04-24,601012,13:24:28,17.3300,23,1
2026-04-24,601012,13:24:31,17.3300,32,1
2026-04-24,601012,13:24:34,17.3300,45,1
2026-04-24,601012,13:24:37,17.3300,248,1
2026-04-24,601012,13:24:40,17.3200,77,2
2026-04-24,601012,13:24:43,17.3300,288,1
2026-04-24,601012,13:24:46,17.3400,1,1
2026-04-24,601012,13:24:49,17.3300,8,2
2026-04-24,601012,13:24:52,17.3300,16,2
2026-04-24,601012,13:24:55,17.3300,54,2
2026-04-24,601012,13:24:58,17.3300,51,2
2026-04-24,601012,13:25:01,17.3400,87,1
2026-04-24,601012,13:25:04,17.3300,34,2
2026-04-24,601012,13:25:07,17.3400,102,1
2026-04-24,601012,13:25:10,17.3400,12,1
2026-04-24,601012,13:25:13,17.3400,107,1
2026-04-24,601012,13:25:16,17.3300,75,2
2026-04-24,601012,13:25:19,17.3300,68,2
2026-04-24,601012,13:25:22,17.3300,73,2
2026-04-24,601012,13:25:25,17.3300,26,1
2026-04-24,601012,13:25:28,17.3300,37,1
2026-04-24,601012,13:25:31,17.3300,222,1
2026-04-24,601012,13:25:34,17.3300,364,1
2026-04-24,601012,13:25:37,17.3300,5,2
2026-04-24,601012,13:25:40,17.3400,12,1
2026-04-24,601012,13:25:43,17.3400,102,1
2026-04-24,601012,13:25:46,17.3300,99,2
2026-04-24,601012,13:25:49,17.3300,118,2
2026-04-24,601012,13:25:52,17.3300,11,1
2026-04-24,601012,13:25:55,17.3300,30,1
2026-04-24,601012,13:25:58,17.3200,80,2
2026-04-24,601012,13:26:01,17.3300,13,1
2026-04-24,601012,13:26:04,17.3300,14,1
2026-04-24,601012,13:26:07,17.3300,40,1
2026-04-24,601012,13:26:10,17.3300,1,1
2026-04-24,601012,13:26:13,17.3200,45,2
2026-04-24,601012,13:26:16,17.3300,51,1
2026-04-24,601012,13:26:19,17.3300,82,1
2026-04-24,601012,13:26:22,17.3200,12,2
2026-04-24,601012,13:26:25,17.3300,53,1
2026-04-24,601012,13:26:28,17.3300,138,1
2026-04-24,601012,13:26:31,17.3300,17,2
2026-04-24,601012,13:26:34,17.3300,39,2
2026-04-24,601012,13:26:37,17.3300,38,2
2026-04-24,601012,13:26:40,17.3300,9,2
2026-04-24,601012,13:26:43,17.3300,109,2
2026-04-24,601012,13:26:46,17.3300,18,2
2026-04-24,601012,13:26:49,17.3300,37,2
2026-04-24,601012,13:26:52,17.3400,46,1
2026-04-24,601012,13:26:55,17.3400,83,1
2026-04-24,601012,13:26:58,17.3300,142,2
2026-04-24,601012,13:27:01,17.3300,1,2
2026-04-24,601012,13:27:04,17.3400,478,1
2026-04-24,601012,13:27:07,17.3400,27,2
2026-04-24,601012,13:27:10,17.3500,3,1
2026-04-24,601012,13:27:13,17.3400,44,2
2026-04-24,601012,13:27:16,17.3500,136,1
2026-04-24,601012,13:27:19,17.3500,70,1
2026-04-24,601012,13:27:22,17.3500,22,1
2026-04-24,601012,13:27:25,17.3500,31,1
2026-04-24,601012,13:27:28,17.3500,779,1
2026-04-24,601012,13:27:31,17.3500,29,2
2026-04-24,601012,13:27:34,17.3500,43,2
2026-04-24,601012,13:27:37,17.3500,44,2
2026-04-24,601012,13:27:40,17.3600,15,1
2026-04-24,601012,13:27:43,17.3500,29,2
2026-04-24,601012,13:27:46,17.3500,5,2
2026-04-24,601012,13:27:49,17.3500,19,2
2026-04-24,601012,13:27:52,17.3500,9,2
2026-04-24,601012,13:27:55,17.3500,3,2
2026-04-24,601012,13:27:58,17.3600,38,1
2026-04-24,601012,13:28:01,17.3600,117,1
2026-04-24,601012,13:28:04,17.3600,74,1
2026-04-24,601012,13:28:07,17.3600,2,1
2026-04-24,601012,13:28:10,17.3600,40,1
2026-04-24,601012,13:28:13,17.3600,196,1
2026-04-24,601012,13:28:19,17.3600,28,1
2026-04-24,601012,13:28:22,17.3500,65,2
2026-04-24,601012,13:28:25,17.3600,50,1
2026-04-24,601012,13:28:28,17.3600,35,1
2026-04-24,601012,13:28:31,17.3600,14,1
2026-04-24,601012,13:28:34,17.3500,36,2
2026-04-24,601012,13:28:37,17.3500,22,2
2026-04-24,601012,13:28:40,17.3500,74,2
2026-04-24,601012,13:28:43,17.3500,91,2
2026-04-24,601012,13:28:46,17.3500,37,2
2026-04-24,601012,13:28:49,17.3500,43,2
2026-04-24,601012,13:28:52,17.3500,160,2
2026-04-24,601012,13:28:55,17.3400,207,2
2026-04-24,601012,13:28:58,17.3500,38,1
2026-04-24,601012,13:29:01,17.3500,6,1
2026-04-24,601012,13:29:04,17.3500,111,1
2026-04-24,601012,13:29:07,17.3500,11,1
2026-04-24,601012,13:29:10,17.3500,64,1
2026-04-24,601012,13:29:13,17.3400,131,2
2026-04-24,601012,13:29:16,17.3400,182,2
2026-04-24,601012,13:29:19,17.3500,29,1
2026-04-24,601012,13:29:22,17.3500,13,1
2026-04-24,601012,13:29:25,17.3400,582,2
2026-04-24,601012,13:29:28,17.3300,43,2
2026-04-24,601012,13:29:31,17.3400,2,1
2026-04-24,601012,13:29:34,17.3400,61,1
2026-04-24,601012,13:29:37,17.3400,71,1
2026-04-24,601012,13:29:40,17.3300,51,2
2026-04-24,601012,13:29:43,17.3400,36,1
2026-04-24,601012,13:29:46,17.3300,13,2
2026-04-24,601012,13:29:49,17.3400,30,1
2026-04-24,601012,13:29:52,17.3300,29,2
2026-04-24,601012,13:29:55,17.3400,788,1
2026-04-24,601012,13:29:58,17.3400,358,1
2026-04-24,601012,13:30:01,17.3400,16,2
2026-04-24,601012,13:30:04,17.3400,20,2
2026-04-24,601012,13:30:07,17.3400,23,2
2026-04-24,601012,13:30:10,17.3400,44,2
2026-04-24,601012,13:30:13,17.3400,136,2
2026-04-24,601012,13:30:16,17.3400,22,2
2026-04-24,601012,13:30:19,17.3400,52,2
2026-04-24,601012,13:30:22,17.3500,810,1
2026-04-24,601012,13:30:25,17.3600,668,1
2026-04-24,601012,13:30:28,17.3600,289,2
2026-04-24,601012,13:30:31,17.3700,168,1
2026-04-24,601012,13:30:34,17.3700,96,2
2026-04-24,601012,13:30:37,17.3700,38,2
2026-04-24,601012,13:30:40,17.3800,5,1
2026-04-24,601012,13:30:43,17.3800,26,1
2026-04-24,601012,13:30:46,17.3800,123,1
2026-04-24,601012,13:30:49,17.3800,254,1
2026-04-24,601012,13:30:52,17.3700,74,2
2026-04-24,601012,13:30:58,17.3700,2,2
2026-04-24,601012,13:31:01,17.3700,51,2
2026-04-24,601012,13:31:04,17.3700,36,2
2026-04-24,601012,13:31:07,17.3700,292,2
2026-04-24,601012,13:31:10,17.3700,814,2
2026-04-24,601012,13:31:13,17.3700,172,1
2026-04-24,601012,13:31:16,17.3600,95,2
2026-04-24,601012,13:31:19,17.3600,23,2
2026-04-24,601012,13:31:22,17.3600,131,1
2026-04-24,601012,13:31:25,17.3600,102,1
2026-04-24,601012,13:31:28,17.3600,67,4
2026-04-24,601012,13:31:31,17.3600,34,4
2026-04-24,601012,13:31:37,17.3400,175,2
2026-04-24,601012,13:31:40,17.3500,12,1
2026-04-24,601012,13:31:43,17.3400,18,2
2026-04-24,601012,13:31:46,17.3400,49,2
2026-04-24,601012,13:31:49,17.3400,18,2
2026-04-24,601012,13:31:52,17.3300,44,2
2026-04-24,601012,13:31:55,17.3400,3,1
2026-04-24,601012,13:31:58,17.3400,38,1
2026-04-24,601012,13:32:01,17.3400,34,1
2026-04-24,601012,13:32:04,17.3400,19,2
2026-04-24,601012,13:32:07,17.3400,14,2
2026-04-24,601012,13:32:10,17.3400,5,2
2026-04-24,601012,13:32:13,17.3400,46,2
2026-04-24,601012,13:32:16,17.3400,46,2
2026-04-24,601012,13:32:19,17.3500,40,1
2026-04-24,601012,13:32:22,17.3400,1,2
2026-04-24,601012,13:32:25,17.3400,2,2
2026-04-24,601012,13:32:28,17.3400,37,2
2026-04-24,601012,13:32:31,17.3400,111,2
2026-04-24,601012,13:32:34,17.3400,217,2
2026-04-24,601012,13:32:37,17.3400,500,2
2026-04-24,601012,13:32:40,17.3400,19,2
2026-04-24,601012,13:32:43,17.3400,151,1
2026-04-24,601012,13:32:46,17.3400,111,2
2026-04-24,601012,13:32:49,17.3400,28,1
2026-04-24,601012,13:32:52,17.3400,27,1
2026-04-24,601012,13:32:55,17.3300,26,2
2026-04-24,601012,13:32:58,17.3300,13,2
2026-04-24,601012,13:33:01,17.3300,143,2
2026-04-24,601012,13:33:04,17.3300,119,2
2026-04-24,601012,13:33:07,17.3300,112,2
2026-04-24,601012,13:33:10,17.3400,2,1
2026-04-24,601012,13:33:13,17.3300,6,2
2026-04-24,601012,13:33:16,17.3300,51,2
2026-04-24,601012,13:33:19,17.3400,25,1
2026-04-24,601012,13:33:22,17.3400,45,2
2026-04-24,601012,13:33:25,17.3500,9,1
2026-04-24,601012,13:33:28,17.3400,12,2
2026-04-24,601012,13:33:31,17.3500,36,1
2026-04-24,601012,13:33:34,17.3400,71,2
2026-04-24,601012,13:33:37,17.3500,5,1
2026-04-24,601012,13:33:40,17.3500,3,1
2026-04-24,601012,13:33:43,17.3500,15,1
2026-04-24,601012,13:33:46,17.3500,29,1
2026-04-24,601012,13:33:49,17.3400,36,2
2026-04-24,601012,13:33:52,17.3500,6,1
2026-04-24,601012,13:33:55,17.3400,226,2
2026-04-24,601012,13:33:58,17.3400,21,2
2026-04-24,601012,13:34:01,17.3500,26,1
2026-04-24,601012,13:34:04,17.3500,4,1
2026-04-24,601012,13:34:07,17.3500,37,1
2026-04-24,601012,13:34:10,17.3400,36,2
2026-04-24,601012,13:34:13,17.3500,16,1
2026-04-24,601012,13:34:16,17.3400,171,2
2026-04-24,601012,13:34:19,17.3400,92,2
2026-04-24,601012,13:34:22,17.3400,265,2
2026-04-24,601012,13:34:25,17.3400,26,4
2026-04-24,601012,13:34:28,17.3400,21,2
2026-04-24,601012,13:34:31,17.3400,16,2
2026-04-24,601012,13:34:34,17.3400,16,1
2026-04-24,601012,13:34:37,17.3400,66,1
2026-04-24,601012,13:34:40,17.3300,11,2
2026-04-24,601012,13:34:43,17.3400,26,1
2026-04-24,601012,13:34:46,17.3300,22,2
2026-04-24,601012,13:34:49,17.3300,21,2
2026-04-24,601012,13:34:52,17.3400,80,1
2026-04-24,601012,13:34:55,17.3400,155,1
2026-04-24,601012,13:34:58,17.3400,132,4
2026-04-24,601012,13:35:01,17.3400,2,2
2026-04-24,601012,13:35:04,17.3400,274,2
2026-04-24,601012,13:35:07,17.3400,52,1
2026-04-24,601012,13:35:10,17.3400,40,1
2026-04-24,601012,13:35:13,17.3400,47,1
2026-04-24,601012,13:35:16,17.3300,67,2
2026-04-24,601012,13:35:19,17.3400,6,1
2026-04-24,601012,13:35:22,17.3400,215,1
2026-04-24,601012,13:35:25,17.3300,28,2
2026-04-24,601012,13:35:28,17.3400,61,1
2026-04-24,601012,13:35:31,17.3300,39,2
2026-04-24,601012,13:35:34,17.3300,62,2
2026-04-24,601012,13:35:37,17.3300,24,2
2026-04-24,601012,13:35:40,17.3300,1,2
2026-04-24,601012,13:35:43,17.3400,10,1
2026-04-24,601012,13:35:46,17.3300,123,2
2026-04-24,601012,13:35:49,17.3300,29,2
2026-04-24,601012,13:35:52,17.3400,4,1
2026-04-24,601012,13:35:55,17.3400,50,1
2026-04-24,601012,13:35:58,17.3400,8,1
2026-04-24,601012,13:36:01,17.3300,208,2
2026-04-24,601012,13:36:04,17.3300,28,2
2026-04-24,601012,13:36:10,17.3300,5,2
2026-04-24,601012,13:36:13,17.3300,15,2
2026-04-24,601012,13:36:16,17.3300,131,2
2026-04-24,601012,13:36:19,17.3300,36,2
2026-04-24,601012,13:36:22,17.3300,165,2
2026-04-24,601012,13:36:25,17.3300,64,2
2026-04-24,601012,13:36:28,17.3300,1705,2
2026-04-24,601012,13:36:31,17.3400,638,1
2026-04-24,601012,13:36:34,17.3300,51,2
2026-04-24,601012,13:36:37,17.3400,172,1
2026-04-24,601012,13:36:40,17.3400,999,2
2026-04-24,601012,13:36:43,17.3400,14,2
2026-04-24,601012,13:36:46,17.3600,27,1
2026-04-24,601012,13:36:49,17.3500,35,2
2026-04-24,601012,13:36:52,17.3500,61,2
2026-04-24,601012,13:36:58,17.3500,54,2
2026-04-24,601012,13:37:01,17.3600,102,1
2026-04-24,601012,13:37:04,17.3500,356,2
2026-04-24,601012,13:37:07,17.3600,511,1
2026-04-24,601012,13:37:10,17.3600,149,2
2026-04-24,601012,13:37:13,17.3600,7,2
2026-04-24,601012,13:37:16,17.3600,62,2
2026-04-24,601012,13:37:19,17.3600,149,1
2026-04-24,601012,13:37:22,17.3600,85,2
2026-04-24,601012,13:37:25,17.3700,96,1
2026-04-24,601012,13:37:28,17.3600,30,2
2026-04-24,601012,13:37:31,17.3700,13,1
2026-04-24,601012,13:37:34,17.3600,31,2
2026-04-24,601012,13:37:37,17.3600,1,2
2026-04-24,601012,13:37:40,17.3700,7,1
2026-04-24,601012,13:37:43,17.3600,20,2
2026-04-24,601012,13:37:46,17.3600,20,2
2026-04-24,601012,13:37:49,17.3700,20,1
2026-04-24,601012,13:37:52,17.3600,117,2
2026-04-24,601012,13:37:55,17.3600,21,1
2026-04-24,601012,13:37:58,17.3600,1,1
2026-04-24,601012,13:38:04,17.3600,60,2
2026-04-24,601012,13:38:07,17.3600,113,1
2026-04-24,601012,13:38:10,17.3600,5,2
2026-04-24,601012,13:38:13,17.3600,150,2
2026-04-24,601012,13:38:16,17.3700,271,1
2026-04-24,601012,13:38:19,17.3600,36,2
2026-04-24,601012,13:38:22,17.3600,92,2
2026-04-24,601012,13:38:25,17.3600,11,2
2026-04-24,601012,13:38:28,17.3600,80,2
2026-04-24,601012,13:38:31,17.3700,2,1
2026-04-24,601012,13:38:34,17.3700,1224,1
2026-04-24,601012,13:38:37,17.3700,23,2
2026-04-24,601012,13:38:40,17.3700,252,2
2026-04-24,601012,13:38:43,17.3700,6,1
2026-04-24,601012,13:38:46,17.3700,24,1
2026-04-24,601012,13:38:49,17.3700,8,1
2026-04-24,601012,13:38:52,17.3800,177,1
2026-04-24,601012,13:38:55,17.3700,6,2
2026-04-24,601012,13:38:58,17.3800,4,1
2026-04-24,601012,13:39:01,17.3700,32,2
2026-04-24,601012,13:39:04,17.3700,12,2
2026-04-24,601012,13:39:07,17.3800,35,1
2026-04-24,601012,13:39:10,17.3800,10,1
2026-04-24,601012,13:39:13,17.3700,25,2
2026-04-24,601012,13:39:16,17.3800,31,1
2026-04-24,601012,13:39:19,17.3700,82,2
2026-04-24,601012,13:39:22,17.3800,14,1
2026-04-24,601012,13:39:25,17.3700,54,2
2026-04-24,601012,13:39:28,17.3700,362,2
2026-04-24,601012,13:39:31,17.3700,12,1
2026-04-24,601012,13:39:34,17.3700,16,1
2026-04-24,601012,13:39:37,17.3600,114,2
2026-04-24,601012,13:39:43,17.3700,30,2
2026-04-24,601012,13:39:46,17.3700,39,1
2026-04-24,601012,13:39:49,17.3700,16,1
2026-04-24,601012,13:39:52,17.3700,55,2
2026-04-24,601012,13:39:55,17.3900,2468,1
2026-04-24,601012,13:39:58,17.3900,114,2
2026-04-24,601012,13:40:04,17.4000,1671,1
2026-04-24,601012,13:40:07,17.3800,345,2
2026-04-24,601012,13:40:10,17.3800,377,2
2026-04-24,601012,13:40:13,17.3800,61,1
2026-04-24,601012,13:40:16,17.3800,4,1
2026-04-24,601012,13:40:19,17.3700,336,2
2026-04-24,601012,13:40:22,17.3700,48,1
2026-04-24,601012,13:40:25,17.3700,245,1
2026-04-24,601012,13:40:28,17.3700,11,2
2026-04-24,601012,13:40:31,17.3700,67,2
2026-04-24,601012,13:40:34,17.3700,100,2
2026-04-24,601012,13:40:37,17.3700,205,1
2026-04-24,601012,13:40:40,17.3600,176,2
2026-04-24,601012,13:40:43,17.3600,12,2
2026-04-24,601012,13:40:46,17.3600,26,2
2026-04-24,601012,13:40:49,17.3700,10,1
2026-04-24,601012,13:40:52,17.3600,82,2
2026-04-24,601012,13:40:55,17.3600,10,2
2026-04-24,601012,13:40:58,17.3600,19,2
2026-04-24,601012,13:41:01,17.3600,16,2
2026-04-24,601012,13:41:04,17.3600,12,2
2026-04-24,601012,13:41:07,17.3600,49,2
2026-04-24,601012,13:41:10,17.3600,240,2
2026-04-24,601012,13:41:13,17.3600,7,2
2026-04-24,601012,13:41:16,17.3700,29,1
2026-04-24,601012,13:41:19,17.3700,469,1
2026-04-24,601012,13:41:22,17.3600,72,2
2026-04-24,601012,13:41:25,17.3600,8,2
2026-04-24,601012,13:41:28,17.3600,12,2
2026-04-24,601012,13:41:31,17.3600,117,2
2026-04-24,601012,13:41:34,17.3600,19,2
2026-04-24,601012,13:41:37,17.3600,18,2
2026-04-24,601012,13:41:40,17.3600,679,2
2026-04-24,601012,13:41:43,17.3600,9,1
2026-04-24,601012,13:41:46,17.3700,132,1
2026-04-24,601012,13:41:49,17.3600,12,2
2026-04-24,601012,13:41:52,17.3700,9,1
2026-04-24,601012,13:41:55,17.3600,25,2
2026-04-24,601012,13:41:58,17.3600,103,1
2026-04-24,601012,13:42:01,17.3600,9,2
2026-04-24,601012,13:42:04,17.3700,20,1
2026-04-24,601012,13:42:07,17.3700,2,1
2026-04-24,601012,13:42:10,17.3600,6,2
2026-04-24,601012,13:42:13,17.3600,91,2
2026-04-24,601012,13:42:19,17.3600,19,1
2026-04-24,601012,13:42:22,17.3600,313,1
2026-04-24,601012,13:42:25,17.3600,15,1
2026-04-24,601012,13:42:28,17.3600,131,1
2026-04-24,601012,13:42:31,17.3600,18,1
2026-04-24,601012,13:42:34,17.3500,23,2
2026-04-24,601012,13:42:37,17.3600,92,1
2026-04-24,601012,13:42:40,17.3600,31,1
2026-04-24,601012,13:42:43,17.3600,54,1
2026-04-24,601012,13:42:46,17.3500,85,2
2026-04-24,601012,13:42:49,17.3600,1,1
2026-04-24,601012,13:42:52,17.3600,51,1
2026-04-24,601012,13:42:55,17.3500,23,2
2026-04-24,601012,13:42:58,17.3500,64,2
2026-04-24,601012,13:43:01,17.3500,142,2
2026-04-24,601012,13:43:04,17.3500,54,2
2026-04-24,601012,13:43:07,17.3500,10,2
2026-04-24,601012,13:43:10,17.3600,53,1
2026-04-24,601012,13:43:13,17.3500,22,2
2026-04-24,601012,13:43:16,17.3600,280,1
2026-04-24,601012,13:43:19,17.3600,4,2
2026-04-24,601012,13:43:22,17.3500,330,2
2026-04-24,601012,13:43:25,17.3600,68,2
2026-04-24,601012,13:43:28,17.3400,101,2
2026-04-24,601012,13:43:31,17.3600,30,1
2026-04-24,601012,13:43:34,17.3500,11,2
2026-04-24,601012,13:43:37,17.3500,36,2
2026-04-24,601012,13:43:40,17.3500,41,2
2026-04-24,601012,13:43:43,17.3500,98,1
2026-04-24,601012,13:43:46,17.3600,32,1
2026-04-24,601012,13:43:49,17.3600,135,1
2026-04-24,601012,13:43:52,17.3500,23,2
2026-04-24,601012,13:43:55,17.3500,14,1
2026-04-24,601012,13:43:58,17.3600,22,1
2026-04-24,601012,13:44:01,17.3600,53,1
2026-04-24,601012,13:44:04,17.3600,89,1
2026-04-24,601012,13:44:07,17.3600,195,1
2026-04-24,601012,13:44:10,17.3500,5,2
2026-04-24,601012,13:44:13,17.3500,25,2
2026-04-24,601012,13:44:16,17.3500,35,2
2026-04-24,601012,13:44:19,17.3500,44,1
2026-04-24,601012,13:44:22,17.3400,129,2
2026-04-24,601012,13:44:25,17.3500,127,1
2026-04-24,601012,13:44:28,17.3500,17,1
2026-04-24,601012,13:44:31,17.3400,16,2
2026-04-24,601012,13:44:34,17.3500,346,1
2026-04-24,601012,13:44:37,17.3600,136,1
2026-04-24,601012,13:44:40,17.3600,5,1
2026-04-24,601012,13:44:43,17.3600,6,1
2026-04-24,601012,13:44:46,17.3500,30,2
2026-04-24,601012,13:44:49,17.3600,22,1
2026-04-24,601012,13:44:52,17.3500,11,2
2026-04-24,601012,13:44:55,17.3500,40,2
2026-04-24,601012,13:44:58,17.3600,175,1
2026-04-24,601012,13:45:01,17.3500,5,2
2026-04-24,601012,13:45:04,17.3500,36,2
2026-04-24,601012,13:45:07,17.3500,41,2
2026-04-24,601012,13:45:10,17.3600,13,1
2026-04-24,601012,13:45:13,17.3600,23,1
2026-04-24,601012,13:45:16,17.3500,75,2
2026-04-24,601012,13:45:19,17.3500,24,2
2026-04-24,601012,13:45:25,17.3500,51,2
2026-04-24,601012,13:45:28,17.3500,1,2
2026-04-24,601012,13:45:31,17.3600,35,1
2026-04-24,601012,13:45:37,17.3500,35,2
2026-04-24,601012,13:45:40,17.3500,10,2
2026-04-24,601012,13:45:43,17.3600,5,1
2026-04-24,601012,13:45:46,17.3500,63,2
2026-04-24,601012,13:45:49,17.3500,14,2
2026-04-24,601012,13:45:55,17.3500,45,2
2026-04-24,601012,13:45:58,17.3500,48,2
2026-04-24,601012,13:46:01,17.3500,56,2
2026-04-24,601012,13:46:04,17.3500,7,2
2026-04-24,601012,13:46:07,17.3500,53,2
2026-04-24,601012,13:46:10,17.3500,1,2
2026-04-24,601012,13:46:13,17.3500,28,2
2026-04-24,601012,13:46:16,17.3500,463,2
2026-04-24,601012,13:46:19,17.3600,226,1
2026-04-24,601012,13:46:22,17.3600,5,1
2026-04-24,601012,13:46:25,17.3500,28,2
2026-04-24,601012,13:46:28,17.3600,8,1
2026-04-24,601012,13:46:31,17.3600,45,1
2026-04-24,601012,13:46:34,17.3600,6,1
2026-04-24,601012,13:46:37,17.3500,117,2
2026-04-24,601012,13:46:40,17.3600,29,1
2026-04-24,601012,13:46:43,17.3600,45,1
2026-04-24,601012,13:46:46,17.3500,10,2
2026-04-24,601012,13:46:52,17.3600,102,1
2026-04-24,601012,13:46:55,17.3600,72,1
2026-04-24,601012,13:46:58,17.3600,15,1
2026-04-24,601012,13:47:01,17.3500,2,2
2026-04-24,601012,13:47:04,17.3600,36,1
2026-04-24,601012,13:47:07,17.3600,42,1
2026-04-24,601012,13:47:10,17.3500,44,2
2026-04-24,601012,13:47:13,17.3600,26,1
2026-04-24,601012,13:47:16,17.3600,156,1
2026-04-24,601012,13:47:19,17.3600,42,1
2026-04-24,601012,13:47:22,17.3600,178,1
2026-04-24,601012,13:47:25,17.3600,71,1
2026-04-24,601012,13:47:28,17.3600,102,1
2026-04-24,601012,13:47:31,17.3600,218,1
2026-04-24,601012,13:47:34,17.3600,399,2
2026-04-24,601012,13:47:37,17.3600,11,2
2026-04-24,601012,13:47:40,17.3500,19,2
2026-04-24,601012,13:47:43,17.3600,76,4
2026-04-24,601012,13:47:46,17.3600,58,2
2026-04-24,601012,13:47:49,17.3600,29,1
2026-04-24,601012,13:47:52,17.3600,33,1
2026-04-24,601012,13:47:55,17.3500,50,2
2026-04-24,601012,13:47:58,17.3600,53,1
2026-04-24,601012,13:48:07,17.3500,18,2
2026-04-24,601012,13:48:10,17.3600,29,1
2026-04-24,601012,13:48:13,17.3500,406,2
2026-04-24,601012,13:48:16,17.3500,12,2
2026-04-24,601012,13:48:19,17.3500,7,2
2026-04-24,601012,13:48:22,17.3500,205,2
2026-04-24,601012,13:48:25,17.3500,18,2
2026-04-24,601012,13:48:28,17.3500,103,2
2026-04-24,601012,13:48:31,17.3500,40,2
2026-04-24,601012,13:48:34,17.3500,134,2
2026-04-24,601012,13:48:37,17.3500,36,1
2026-04-24,601012,13:48:40,17.3400,3,2
2026-04-24,601012,13:48:43,17.3500,90,1
2026-04-24,601012,13:48:46,17.3500,23,1
2026-04-24,601012,13:48:52,17.3400,9,2
2026-04-24,601012,13:48:55,17.3400,186,2
2026-04-24,601012,13:48:58,17.3400,1,2
2026-04-24,601012,13:49:01,17.3400,41,2
2026-04-24,601012,13:49:04,17.3400,23,2
2026-04-24,601012,13:49:07,17.3400,5,2
2026-04-24,601012,13:49:10,17.3400,21,2
2026-04-24,601012,13:49:13,17.3400,31,2
2026-04-24,601012,13:49:22,17.3400,25,2
2026-04-24,601012,13:49:25,17.3400,1073,2
2026-04-24,601012,13:49:28,17.3400,70,2
2026-04-24,601012,13:49:31,17.3500,243,1
2026-04-24,601012,13:49:34,17.3400,185,2
2026-04-24,601012,13:49:37,17.3400,31,2
2026-04-24,601012,13:49:40,17.3400,44,2
2026-04-24,601012,13:49:43,17.3400,27,2
2026-04-24,601012,13:49:46,17.3400,66,2
2026-04-24,601012,13:49:49,17.3400,9,2
2026-04-24,601012,13:49:52,17.3400,6,1
2026-04-24,601012,13:49:55,17.3300,72,2
2026-04-24,601012,13:49:58,17.3300,4,2
2026-04-24,601012,13:50:01,17.3300,398,2
2026-04-24,601012,13:50:07,17.3300,56,2
2026-04-24,601012,13:50:10,17.3300,31,2
2026-04-24,601012,13:50:13,17.3400,45,1
2026-04-24,601012,13:50:16,17.3400,145,1
2026-04-24,601012,13:50:19,17.3400,30,1
2026-04-24,601012,13:50:22,17.3300,24,2
2026-04-24,601012,13:50:25,17.3300,113,2
2026-04-24,601012,13:50:28,17.3300,17,2
2026-04-24,601012,13:50:31,17.3300,74,2
2026-04-24,601012,13:50:34,17.3300,90,2
2026-04-24,601012,13:50:37,17.3300,52,2
2026-04-24,601012,13:50:40,17.3300,36,4
2026-04-24,601012,13:50:43,17.3400,18,1
2026-04-24,601012,13:50:46,17.3300,16,2
2026-04-24,601012,13:50:49,17.3300,23,2
2026-04-24,601012,13:50:52,17.3300,23,2
2026-04-24,601012,13:50:55,17.3300,1111,2
2026-04-24,601012,13:50:58,17.3300,61,2
2026-04-24,601012,13:51:01,17.3300,4,2
2026-04-24,601012,13:51:04,17.3300,13,2
2026-04-24,601012,13:51:07,17.3400,81,1
2026-04-24,601012,13:51:10,17.3400,483,1
2026-04-24,601012,13:51:13,17.3400,14,2
2026-04-24,601012,13:51:16,17.3400,55,2
2026-04-24,601012,13:51:19,17.3400,200,2
2026-04-24,601012,13:51:22,17.3500,80,1
2026-04-24,601012,13:51:25,17.3400,14,2
2026-04-24,601012,13:51:31,17.3500,23,1
2026-04-24,601012,13:51:34,17.3400,2,2
2026-04-24,601012,13:51:37,17.3500,7,1
2026-04-24,601012,13:51:40,17.3500,117,1
2026-04-24,601012,13:51:43,17.3500,2,1
2026-04-24,601012,13:51:46,17.3400,7,2
2026-04-24,601012,13:51:49,17.3500,134,1
2026-04-24,601012,13:51:52,17.3500,2,1
2026-04-24,601012,13:51:58,17.3400,19,2
2026-04-24,601012,13:52:01,17.3400,60,2
2026-04-24,601012,13:52:07,17.3400,36,2
2026-04-24,601012,13:52:10,17.3500,14,1
2026-04-24,601012,13:52:13,17.3500,11,1
2026-04-24,601012,13:52:16,17.3400,118,2
2026-04-24,601012,13:52:19,17.3400,136,2
2026-04-24,601012,13:52:22,17.3500,19,1
2026-04-24,601012,13:52:25,17.3400,12,2
2026-04-24,601012,13:52:28,17.3500,20,1
2026-04-24,601012,13:52:31,17.3400,25,2
2026-04-24,601012,13:52:34,17.3400,96,2
2026-04-24,601012,13:52:37,17.3400,29,2
2026-04-24,601012,13:52:40,17.3400,2,2
2026-04-24,601012,13:52:43,17.3500,30,1
2026-04-24,601012,13:52:46,17.3400,10,2
2026-04-24,601012,13:52:49,17.3400,30,2
2026-04-24,601012,13:52:52,17.3400,2,2
2026-04-24,601012,13:52:55,17.3500,32,1
2026-04-24,601012,13:52:58,17.3500,19,1
2026-04-24,601012,13:53:04,17.3500,10,1
2026-04-24,601012,13:53:07,17.3400,50,2
2026-04-24,601012,13:53:10,17.3500,3,1
2026-04-24,601012,13:53:13,17.3400,23,2
2026-04-24,601012,13:53:16,17.3500,16,1
2026-04-24,601012,13:53:19,17.3400,34,2
2026-04-24,601012,13:53:22,17.3400,373,2
2026-04-24,601012,13:53:25,17.3500,29,1
2026-04-24,601012,13:53:28,17.3500,32,1
2026-04-24,601012,13:53:31,17.3500,73,1
2026-04-24,601012,13:53:34,17.3500,46,1
2026-04-24,601012,13:53:37,17.3400,21,2
2026-04-24,601012,13:53:40,17.3400,31,2
2026-04-24,601012,13:53:43,17.3400,424,2
2026-04-24,601012,13:53:46,17.3500,99,1
2026-04-24,601012,13:53:49,17.3500,20,1
2026-04-24,601012,13:53:52,17.3400,81,2
2026-04-24,601012,13:53:55,17.3400,11,2
2026-04-24,601012,13:53:58,17.3400,47,2
2026-04-24,601012,13:54:01,17.3400,67,2
2026-04-24,601012,13:54:04,17.3400,2,2
2026-04-24,601012,13:54:07,17.3400,14,2
2026-04-24,601012,13:54:10,17.3400,152,2
2026-04-24,601012,13:54:13,17.3500,45,1
2026-04-24,601012,13:54:16,17.3500,22,1
2026-04-24,601012,13:54:22,17.3400,52,2
2026-04-24,601012,13:54:25,17.3400,322,2
2026-04-24,601012,13:54:28,17.3500,30,1
2026-04-24,601012,13:54:31,17.3500,78,1
2026-04-24,601012,13:54:34,17.3400,5,2
2026-04-24,601012,13:54:37,17.3500,22,1
2026-04-24,601012,13:54:40,17.3400,2,2
2026-04-24,601012,13:54:46,17.3500,84,1
2026-04-24,601012,13:54:49,17.3400,12,2
2026-04-24,601012,13:54:52,17.3500,7,1
2026-04-24,601012,13:54:55,17.3400,347,2
2026-04-24,601012,13:54:58,17.3500,47,1
2026-04-24,601012,13:55:04,17.3400,4,2
2026-04-24,601012,13:55:10,17.3500,27,1
2026-04-24,601012,13:55:13,17.3500,23,1
2026-04-24,601012,13:55:16,17.3400,46,2
2026-04-24,601012,13:55:19,17.3400,21,2
2026-04-24,601012,13:55:22,17.3400,11,2
2026-04-24,601012,13:55:25,17.3400,2547,2
2026-04-24,601012,13:55:28,17.3400,40,2
2026-04-24,601012,13:55:31,17.3500,7,1
2026-04-24,601012,13:55:34,17.3400,31,2
2026-04-24,601012,13:55:37,17.3400,9,2
2026-04-24,601012,13:55:40,17.3400,43,2
2026-04-24,601012,13:55:43,17.3500,4,1
2026-04-24,601012,13:55:46,17.3500,170,1
2026-04-24,601012,13:55:49,17.3500,64,1
2026-04-24,601012,13:55:52,17.3400,77,2
2026-04-24,601012,13:55:55,17.3500,41,1
2026-04-24,601012,13:55:58,17.3400,91,2
2026-04-24,601012,13:56:01,17.3400,7,2
2026-04-24,601012,13:56:04,17.3400,71,2
2026-04-24,601012,13:56:07,17.3400,25,2
2026-04-24,601012,13:56:10,17.3400,64,2
2026-04-24,601012,13:56:13,17.3400,75,2
2026-04-24,601012,13:56:16,17.3500,58,1
2026-04-24,601012,13:56:19,17.3500,11,1
2026-04-24,601012,13:56:22,17.3500,50,1
2026-04-24,601012,13:56:25,17.3500,16,1
2026-04-24,601012,13:56:34,17.3500,33,1
2026-04-24,601012,13:56:37,17.3400,89,2
2026-04-24,601012,13:56:40,17.3500,49,1
2026-04-24,601012,13:56:43,17.3600,165,1
2026-04-24,601012,13:56:49,17.3500,155,2
2026-04-24,601012,13:56:52,17.3500,149,1
2026-04-24,601012,13:56:58,17.3600,2,1
2026-04-24,601012,13:57:01,17.3500,303,2
2026-04-24,601012,13:57:04,17.3600,3,1
2026-04-24,601012,13:57:07,17.3600,1561,1
2026-04-24,601012,13:57:10,17.3600,2,2
2026-04-24,601012,13:57:13,17.3600,16,2
2026-04-24,601012,13:57:16,17.3600,72,2
2026-04-24,601012,13:57:19,17.3700,17,1
2026-04-24,601012,13:57:22,17.3600,18,2
2026-04-24,601012,13:57:25,17.3700,29,1
2026-04-24,601012,13:57:28,17.3600,37,2
2026-04-24,601012,13:57:31,17.3600,135,2
2026-04-24,601012,13:57:34,17.3600,49,2
2026-04-24,601012,13:57:37,17.3600,17,2
2026-04-24,601012,13:57:40,17.3700,53,1
2026-04-24,601012,13:57:46,17.3700,228,1
2026-04-24,601012,13:57:49,17.3700,5,1
2026-04-24,601012,13:57:52,17.3600,1,2
2026-04-24,601012,13:57:55,17.3600,155,2
2026-04-24,601012,13:57:58,17.3600,34,1
2026-04-24,601012,13:58:01,17.3600,47,1
2026-04-24,601012,13:58:04,17.3600,261,1
2026-04-24,601012,13:58:07,17.3600,141,2
2026-04-24,601012,13:58:13,17.3600,84,2
2026-04-24,601012,13:58:16,17.3700,32,1
2026-04-24,601012,13:58:19,17.3600,22,2
2026-04-24,601012,13:58:22,17.3600,35,2
2026-04-24,601012,13:58:25,17.3500,14,2
2026-04-24,601012,13:58:28,17.3600,3,1
2026-04-24,601012,13:58:31,17.3600,35,1
2026-04-24,601012,13:58:34,17.3500,34,2
2026-04-24,601012,13:58:37,17.3500,41,2
2026-04-24,601012,13:58:40,17.3600,50,1
2026-04-24,601012,13:58:43,17.3500,273,2
2026-04-24,601012,13:58:46,17.3600,259,1
2026-04-24,601012,13:58:49,17.3500,42,2
2026-04-24,601012,13:58:52,17.3500,397,1
2026-04-24,601012,13:58:55,17.3600,274,2
2026-04-24,601012,13:58:58,17.3500,30,2
2026-04-24,601012,13:59:01,17.3600,179,1
2026-04-24,601012,13:59:04,17.3600,48,1
2026-04-24,601012,13:59:07,17.3500,173,2
2026-04-24,601012,13:59:10,17.3600,10,4
2026-04-24,601012,13:59:13,17.3600,69,1
2026-04-24,601012,13:59:16,17.3500,394,2
2026-04-24,601012,13:59:19,17.3500,12,2
2026-04-24,601012,13:59:22,17.3600,118,1
2026-04-24,601012,13:59:25,17.3600,54,1
2026-04-24,601012,13:59:28,17.3500,10,2
2026-04-24,601012,13:59:31,17.3600,23,1
2026-04-24,601012,13:59:34,17.3600,41,1
2026-04-24,601012,13:59:37,17.3600,82,1
2026-04-24,601012,13:59:40,17.3600,1,1
2026-04-24,601012,13:59:43,17.3600,27,1
2026-04-24,601012,13:59:46,17.3600,103,1
2026-04-24,601012,13:59:49,17.3600,24,2
2026-04-24,601012,13:59:52,17.3600,26,1
2026-04-24,601012,13:59:55,17.3500,15,2
2026-04-24,601012,13:59:58,17.3600,24,1
2026-04-24,601012,14:00:01,17.3600,10,1
2026-04-24,601012,14:00:04,17.3500,302,2
2026-04-24,601012,14:00:07,17.3500,41,2
2026-04-24,601012,14:00:10,17.3500,48,2
2026-04-24,601012,14:00:13,17.3500,24,2
2026-04-24,601012,14:00:19,17.3600,15,1
2026-04-24,601012,14:00:22,17.3500,25,2
2026-04-24,601012,14:00:25,17.3500,2,2
2026-04-24,601012,14:00:28,17.3500,17,2
2026-04-24,601012,14:00:31,17.3500,40,2
2026-04-24,601012,14:00:34,17.3500,68,2
2026-04-24,601012,14:00:37,17.3500,47,2
2026-04-24,601012,14:00:40,17.3500,37,2
2026-04-24,601012,14:00:43,17.3500,231,2
2026-04-24,601012,14:00:46,17.3500,60,1
2026-04-24,601012,14:00:49,17.3600,651,1
2026-04-24,601012,14:00:52,17.3500,5,2
2026-04-24,601012,14:00:55,17.3600,1,1
2026-04-24,601012,14:00:58,17.3600,66,1
2026-04-24,601012,14:01:01,17.3500,50,2
2026-04-24,601012,14:01:04,17.3500,35,2
2026-04-24,601012,14:01:07,17.3500,89,2
2026-04-24,601012,14:01:10,17.3600,1,1
2026-04-24,601012,14:01:13,17.3600,525,1
2026-04-24,601012,14:01:16,17.3600,160,2
2026-04-24,601012,14:01:19,17.3600,110,1
2026-04-24,601012,14:01:22,17.3600,4,2
2026-04-24,601012,14:01:25,17.3600,56,2
2026-04-24,601012,14:01:28,17.3600,120,2
2026-04-24,601012,14:01:31,17.3600,150,2
2026-04-24,601012,14:01:34,17.3600,55,2
2026-04-24,601012,14:01:37,17.3600,14,2
2026-04-24,601012,14:01:40,17.3600,5,2
2026-04-24,601012,14:01:43,17.3600,73,2
2026-04-24,601012,14:01:46,17.3600,991,2
2026-04-24,601012,14:01:49,17.3700,2,2
2026-04-24,601012,14:01:52,17.3800,1045,1
2026-04-24,601012,14:01:55,17.3900,18,1
2026-04-24,601012,14:01:58,17.3900,92,1
2026-04-24,601012,14:02:01,17.3800,42,2
2026-04-24,601012,14:02:04,17.3800,6,2
2026-04-24,601012,14:02:07,17.3800,51,2
2026-04-24,601012,14:02:10,17.3800,311,2
2026-04-24,601012,14:02:13,17.3700,16,2
2026-04-24,601012,14:02:16,17.3800,98,1
2026-04-24,601012,14:02:19,17.3800,15,1
2026-04-24,601012,14:02:22,17.3700,45,2
2026-04-24,601012,14:02:25,17.3800,134,1
2026-04-24,601012,14:02:28,17.3800,79,2
2026-04-24,601012,14:02:31,17.3800,61,2
2026-04-24,601012,14:02:34,17.3800,55,2
2026-04-24,601012,14:02:37,17.3800,43,2
2026-04-24,601012,14:02:40,17.3800,22,2
2026-04-24,601012,14:02:43,17.3900,108,1
2026-04-24,601012,14:02:46,17.3800,164,2
2026-04-24,601012,14:02:49,17.3800,118,2
2026-04-24,601012,14:02:52,17.3900,822,1
2026-04-24,601012,14:02:55,17.3800,431,2
2026-04-24,601012,14:02:58,17.3900,22,1
2026-04-24,601012,14:03:01,17.3900,8,2
2026-04-24,601012,14:03:04,17.3900,30,2
2026-04-24,601012,14:03:07,17.3900,139,2
2026-04-24,601012,14:03:10,17.4000,9,1
2026-04-24,601012,14:03:13,17.4000,62,1
2026-04-24,601012,14:03:16,17.4000,41,1
2026-04-24,601012,14:03:19,17.3900,2,2
2026-04-24,601012,14:03:22,17.3900,196,2
2026-04-24,601012,14:03:25,17.3900,40,2
2026-04-24,601012,14:03:28,17.4000,117,1
2026-04-24,601012,14:03:31,17.3900,12,2
2026-04-24,601012,14:03:34,17.3900,7,2
2026-04-24,601012,14:03:37,17.3900,1261,2
2026-04-24,601012,14:03:40,17.3800,33,2
2026-04-24,601012,14:03:43,17.3900,15,1
2026-04-24,601012,14:03:46,17.3800,222,2
2026-04-24,601012,14:03:49,17.3800,50,2
2026-04-24,601012,14:03:52,17.3800,105,2
2026-04-24,601012,14:03:55,17.3900,147,1
2026-04-24,601012,14:03:58,17.3900,28,1
2026-04-24,601012,14:04:01,17.3900,121,1
2026-04-24,601012,14:04:04,17.3900,18,1
2026-04-24,601012,14:04:07,17.3900,43,1
2026-04-24,601012,14:04:10,17.3900,245,1
2026-04-24,601012,14:04:13,17.3800,24,2
2026-04-24,601012,14:04:16,17.3900,21,1
2026-04-24,601012,14:04:19,17.3900,79,1
2026-04-24,601012,14:04:22,17.3900,118,2
2026-04-24,601012,14:04:25,17.3900,38,2
2026-04-24,601012,14:04:28,17.3900,148,2
2026-04-24,601012,14:04:31,17.4000,1910,1
2026-04-24,601012,14:04:34,17.4000,555,2
2026-04-24,601012,14:04:37,17.4100,60,1
2026-04-24,601012,14:04:40,17.4000,30,2
2026-04-24,601012,14:04:43,17.4000,14,2
2026-04-24,601012,14:04:46,17.4100,21,1
2026-04-24,601012,14:04:49,17.4000,63,2
2026-04-24,601012,14:04:52,17.4000,72,2
2026-04-24,601012,14:04:55,17.4100,84,1
2026-04-24,601012,14:04:58,17.4000,121,2
2026-04-24,601012,14:05:01,17.4100,284,1
2026-04-24,601012,14:05:04,17.4000,2792,2
2026-04-24,601012,14:05:07,17.4100,72,2
2026-04-24,601012,14:05:10,17.4100,13,2
2026-04-24,601012,14:05:13,17.4100,154,1
2026-04-24,601012,14:05:16,17.4100,25,2
2026-04-24,601012,14:05:19,17.4100,251,2
2026-04-24,601012,14:05:22,17.4100,109,1
2026-04-24,601012,14:05:28,17.4100,10,1
2026-04-24,601012,14:05:31,17.4100,95,1
2026-04-24,601012,14:05:34,17.4100,121,1
2026-04-24,601012,14:05:37,17.4000,106,2
2026-04-24,601012,14:05:40,17.4100,439,1
2026-04-24,601012,14:05:43,17.4100,37,2
2026-04-24,601012,14:05:46,17.4100,31,2
2026-04-24,601012,14:05:49,17.4200,105,1
2026-04-24,601012,14:05:52,17.4100,1231,2
2026-04-24,601012,14:05:55,17.4100,134,2
2026-04-24,601012,14:05:58,17.4100,31,2
2026-04-24,601012,14:06:01,17.4100,115,2
2026-04-24,601012,14:06:04,17.4100,167,2
2026-04-24,601012,14:06:07,17.4100,121,2
2026-04-24,601012,14:06:10,17.4200,46,1
2026-04-24,601012,14:06:13,17.4200,35,1
2026-04-24,601012,14:06:16,17.4200,28,1
2026-04-24,601012,14:06:19,17.4200,29,1
2026-04-24,601012,14:06:22,17.4100,47,2
2026-04-24,601012,14:06:25,17.4200,220,1
2026-04-24,601012,14:06:28,17.4200,40,1
2026-04-24,601012,14:06:31,17.4100,362,2
2026-04-24,601012,14:06:34,17.4100,106,2
2026-04-24,601012,14:06:37,17.4200,127,1
2026-04-24,601012,14:06:40,17.4200,76,1
2026-04-24,601012,14:06:43,17.4200,82,1
2026-04-24,601012,14:06:46,17.4100,32,2
2026-04-24,601012,14:06:49,17.4200,33,1
2026-04-24,601012,14:06:52,17.4200,185,1
2026-04-24,601012,10:53:07,17.4000,90,2
2026-04-24,601012,10:53:10,17.4100,212,1
2026-04-24,601012,10:53:13,17.4100,41,4
2026-04-24,601012,10:53:16,17.4100,35,2
2026-04-24,601012,10:53:19,17.4100,48,2
2026-04-24,601012,10:53:22,17.4200,201,1
2026-04-24,601012,10:53:25,17.4100,15,4
2026-04-24,601012,10:53:28,17.4100,67,1
2026-04-24,601012,10:53:31,17.4200,187,1
2026-04-24,601012,10:53:34,17.4100,43,2
2026-04-24,601012,10:53:37,17.4000,36,2
2026-04-24,601012,10:53:40,17.4100,68,4
2026-04-24,601012,10:53:43,17.4200,84,1
2026-04-24,601012,10:53:46,17.4100,105,4
2026-04-24,601012,10:53:49,17.4100,14,2
2026-04-24,601012,10:53:52,17.4100,40,2
2026-04-24,601012,10:53:55,17.4100,51,1
2026-04-24,601012,10:53:58,17.4100,32,2
2026-04-24,601012,10:54:01,17.4100,53,4
2026-04-24,601012,10:54:04,17.4100,445,2
2026-04-24,601012,10:54:07,17.4200,86,1
2026-04-24,601012,10:54:10,17.4100,9,2
2026-04-24,601012,10:54:13,17.4100,50,2
2026-04-24,601012,10:54:16,17.4200,677,1
2026-04-24,601012,10:54:19,17.4300,470,1
2026-04-24,601012,10:54:22,17.4300,1,2
2026-04-24,601012,10:54:25,17.4300,9,2
2026-04-24,601012,10:54:28,17.4300,4,2
2026-04-24,601012,10:54:31,17.4400,468,1
2026-04-24,601012,10:54:34,17.4400,121,1
2026-04-24,601012,10:54:37,17.4400,100,1
2026-04-24,601012,10:54:40,17.4500,34,1
2026-04-24,601012,10:54:43,17.4500,66,1
2026-04-24,601012,10:54:46,17.4500,176,1
2026-04-24,601012,10:54:49,17.4400,44,2
2026-04-24,601012,10:54:52,17.4400,2,2
2026-04-24,601012,10:54:55,17.4500,32,1
2026-04-24,601012,10:54:58,17.4400,912,2
2026-04-24,601012,10:55:01,17.4400,69,2
2026-04-24,601012,10:55:04,17.4500,167,1
2026-04-24,601012,10:55:07,17.4500,35,2
2026-04-24,601012,10:55:10,17.4500,23,2
2026-04-24,601012,10:55:13,17.4500,22,2
2026-04-24,601012,10:55:16,17.4500,47,2
2026-04-24,601012,10:55:19,17.4500,105,1
2026-04-24,601012,10:55:22,17.4500,185,1
2026-04-24,601012,10:55:25,17.4400,95,2
2026-04-24,601012,10:55:28,17.4400,21,2
2026-04-24,601012,10:55:31,17.4500,179,1
2026-04-24,601012,10:55:34,17.4400,54,2
2026-04-24,601012,10:55:37,17.4300,638,2
2026-04-24,601012,10:55:40,17.4400,4,2
2026-04-24,601012,10:55:43,17.4300,80,2
2026-04-24,601012,10:55:46,17.4400,73,1
2026-04-24,601012,10:55:49,17.4300,149,2
2026-04-24,601012,10:55:52,17.4300,88,2
2026-04-24,601012,10:55:55,17.4200,25,2
2026-04-24,601012,10:55:58,17.4400,35,1
2026-04-24,601012,10:56:01,17.4300,22,2
2026-04-24,601012,10:56:04,17.4200,97,2
2026-04-24,601012,10:56:07,17.4300,15,1
2026-04-24,601012,10:56:10,17.4300,38,1
2026-04-24,601012,10:56:13,17.4300,13,1
2026-04-24,601012,10:56:16,17.4300,41,1
2026-04-24,601012,10:56:19,17.4300,40,1
2026-04-24,601012,10:56:22,17.4200,61,2
2026-04-24,601012,10:56:25,17.4300,273,1
2026-04-24,601012,10:56:28,17.4300,20,2
2026-04-24,601012,10:56:31,17.4300,212,2
2026-04-24,601012,10:56:34,17.4300,31,1
2026-04-24,601012,10:56:37,17.4200,64,2
2026-04-24,601012,10:56:40,17.4200,67,2
2026-04-24,601012,10:56:43,17.4200,19,2
2026-04-24,601012,10:56:46,17.4200,220,2
2026-04-24,601012,10:56:49,17.4200,331,2
2026-04-24,601012,10:56:52,17.4200,15,2
2026-04-24,601012,10:56:55,17.4200,79,2
2026-04-24,601012,10:56:58,17.4300,126,1
2026-04-24,601012,10:57:01,17.4200,39,2
2026-04-24,601012,10:57:04,17.4200,30,2
2026-04-24,601012,10:57:07,17.4300,15,1
2026-04-24,601012,10:57:10,17.4200,63,2
2026-04-24,601012,10:57:13,17.4100,93,2
2026-04-24,601012,10:57:16,17.4200,3,1
2026-04-24,601012,10:57:19,17.4100,73,2
2026-04-24,601012,10:57:22,17.4200,61,1
2026-04-24,601012,10:57:25,17.4100,36,2
2026-04-24,601012,10:57:28,17.4200,61,1
2026-04-24,601012,10:57:31,17.4100,35,2
2026-04-24,601012,10:57:34,17.4100,916,2
2026-04-24,601012,10:57:37,17.4200,63,1
2026-04-24,601012,10:57:40,17.4200,649,1
2026-04-24,601012,10:57:43,17.4300,450,1
2026-04-24,601012,10:57:46,17.4300,297,1
2026-04-24,601012,10:57:49,17.4200,66,2
2026-04-24,601012,10:57:52,17.4200,137,1
2026-04-24,601012,10:57:55,17.4100,65,2
2026-04-24,601012,10:57:58,17.4100,30,2
2026-04-24,601012,10:58:01,17.4100,65,2
2026-04-24,601012,10:58:04,17.4100,12,2
2026-04-24,601012,10:58:07,17.4200,94,1
2026-04-24,601012,10:58:10,17.4200,32,1
2026-04-24,601012,10:58:13,17.4100,136,2
2026-04-24,601012,10:58:16,17.4200,54,1
2026-04-24,601012,10:58:19,17.4200,24,4
2026-04-24,601012,10:58:22,17.4200,17,2
2026-04-24,601012,10:58:25,17.4100,31,2
2026-04-24,601012,10:58:28,17.4200,6,2
2026-04-24,601012,10:58:31,17.4200,745,2
2026-04-24,601012,10:58:34,17.4200,21,1
2026-04-24,601012,10:58:37,17.4200,50,1
2026-04-24,601012,10:58:40,17.4100,96,2
2026-04-24,601012,10:58:43,17.4100,25,2
2026-04-24,601012,10:58:46,17.4100,300,2
2026-04-24,601012,10:58:49,17.4100,42,2
2026-04-24,601012,10:58:52,17.4100,14,2
2026-04-24,601012,10:58:55,17.4200,10,1
2026-04-24,601012,10:58:58,17.4100,18,2
2026-04-24,601012,10:59:01,17.4200,38,1
2026-04-24,601012,10:59:04,17.4200,6,1
2026-04-24,601012,10:59:07,17.4100,32,2
2026-04-24,601012,10:59:10,17.4100,354,2
2026-04-24,601012,10:59:13,17.4100,111,2
2026-04-24,601012,10:59:16,17.4100,68,2
2026-04-24,601012,10:59:19,17.4200,58,1
2026-04-24,601012,10:59:22,17.4100,34,2
2026-04-24,601012,10:59:25,17.4100,16,2
2026-04-24,601012,10:59:28,17.4100,22,2
2026-04-24,601012,10:59:31,17.4100,115,2
2026-04-24,601012,10:59:34,17.4100,208,2
2026-04-24,601012,10:59:37,17.4100,113,2
2026-04-24,601012,10:59:40,17.4200,1118,1
2026-04-24,601012,10:59:43,17.4200,134,1
2026-04-24,601012,10:59:46,17.4200,156,1
2026-04-24,601012,10:59:49,17.4200,65,1
2026-04-24,601012,10:59:52,17.4200,57,2
2026-04-24,601012,10:59:55,17.4200,81,1
2026-04-24,601012,10:59:58,17.4100,139,2
2026-04-24,601012,11:00:01,17.4300,100,1
2026-04-24,601012,11:00:04,17.4200,7,2
2026-04-24,601012,11:00:07,17.4300,83,1
2026-04-24,601012,11:00:10,17.4300,181,1
2026-04-24,601012,11:00:13,17.4300,41,4
2026-04-24,601012,11:00:16,17.4300,48,2
2026-04-24,601012,11:00:19,17.4300,22,2
2026-04-24,601012,11:00:22,17.4300,57,2
2026-04-24,601012,11:00:25,17.4300,1,2
2026-04-24,601012,11:00:28,17.4300,40,2
2026-04-24,601012,11:00:31,17.4300,22,2
2026-04-24,601012,11:00:34,17.4300,3,2
2026-04-24,601012,11:00:37,17.4400,17,1
2026-04-24,601012,11:00:40,17.4300,64,2
2026-04-24,601012,11:00:43,17.4400,9,1
2026-04-24,601012,11:00:46,17.4300,3,2
2026-04-24,601012,11:00:49,17.4400,246,1
2026-04-24,601012,11:00:52,17.4400,249,1
2026-04-24,601012,11:00:55,17.4300,16,2
2026-04-24,601012,11:00:58,17.4300,65,2
2026-04-24,601012,11:01:01,17.4400,10,1
2026-04-24,601012,11:01:04,17.4300,37,2
2026-04-24,601012,11:01:07,17.4200,525,2
2026-04-24,601012,11:01:10,17.4100,4,2
2026-04-24,601012,11:01:13,17.4200,1,1
2026-04-24,601012,11:01:19,17.4100,14,2
2026-04-24,601012,11:01:22,17.4100,30,2
2026-04-24,601012,11:01:25,17.4200,10,1
2026-04-24,601012,11:01:28,17.4100,98,2
2026-04-24,601012,11:01:31,17.4100,1,2
2026-04-24,601012,11:01:34,17.4100,6,2
2026-04-24,601012,11:01:37,17.4100,205,2
2026-04-24,601012,11:01:40,17.4200,36,1
2026-04-24,601012,11:01:43,17.4100,48,2
2026-04-24,601012,11:01:46,17.4100,252,2
2026-04-24,601012,11:01:49,17.4000,49,2
2026-04-24,601012,11:01:52,17.4100,3,1
2026-04-24,601012,11:01:55,17.4000,143,2
2026-04-24,601012,11:01:58,17.4000,70,2
2026-04-24,601012,11:02:01,17.4000,46,2
2026-04-24,601012,11:02:04,17.4000,790,2
2026-04-24,601012,11:02:07,17.4000,218,2
2026-04-24,601012,11:02:10,17.4000,19,1
2026-04-24,601012,11:02:13,17.4000,5,1
2026-04-24,601012,11:02:16,17.4000,17,1
2026-04-24,601012,11:02:19,17.3900,169,2
2026-04-24,601012,11:02:22,17.3900,103,2
2026-04-24,601012,11:02:25,17.3900,258,1
2026-04-24,601012,11:02:28,17.3900,34,2
2026-04-24,601012,11:02:31,17.3900,49,2
2026-04-24,601012,11:02:34,17.3900,109,2
2026-04-24,601012,11:02:37,17.3900,46,2
2026-04-24,601012,11:02:43,17.3900,519,2
2026-04-24,601012,11:02:46,17.3900,41,2
2026-04-24,601012,11:02:49,17.3900,60,2
2026-04-24,601012,11:02:52,17.3900,1017,2
2026-04-24,601012,11:02:55,17.3900,36,1
2026-04-24,601012,11:02:58,17.3900,5,1
2026-04-24,601012,11:03:01,17.3800,21,2
2026-04-24,601012,11:03:04,17.3800,9,2
2026-04-24,601012,11:03:07,17.3800,33,2
2026-04-24,601012,11:03:10,17.3800,122,2
2026-04-24,601012,11:03:13,17.3800,66,2
2026-04-24,601012,11:03:16,17.3800,43,2
2026-04-24,601012,11:03:19,17.3800,142,2
2026-04-24,601012,11:03:22,17.3800,222,2
2026-04-24,601012,11:03:25,17.3900,107,1
2026-04-24,601012,11:03:28,17.3900,117,1
2026-04-24,601012,11:03:31,17.3800,23,2
2026-04-24,601012,11:03:34,17.3800,27,2
2026-04-24,601012,11:03:37,17.3800,33,2
2026-04-24,601012,11:03:40,17.3900,27,1
2026-04-24,601012,11:03:43,17.3800,46,2
2026-04-24,601012,11:03:49,17.3800,11,2
2026-04-24,601012,11:03:52,17.3800,42,2
2026-04-24,601012,11:03:55,17.3900,11,1
2026-04-24,601012,11:03:58,17.3800,42,2
2026-04-24,601012,11:04:01,17.3800,65,2
2026-04-24,601012,11:04:04,17.3800,14,2
2026-04-24,601012,11:04:07,17.3800,15,2
2026-04-24,601012,11:04:10,17.3800,182,2
2026-04-24,601012,11:04:13,17.3800,124,2
2026-04-24,601012,11:04:16,17.3800,55,2
2026-04-24,601012,11:04:19,17.3800,8,2
2026-04-24,601012,11:04:22,17.3900,36,1
2026-04-24,601012,11:04:25,17.3900,78,1
2026-04-24,601012,11:04:28,17.3800,16,2
2026-04-24,601012,11:04:31,17.3800,2,2
2026-04-24,601012,11:04:34,17.3900,13,1
2026-04-24,601012,11:04:37,17.3900,5,1
2026-04-24,601012,11:04:40,17.3800,147,2
2026-04-24,601012,11:04:43,17.3800,122,2
2026-04-24,601012,11:04:46,17.3800,56,2
2026-04-24,601012,11:04:49,17.3800,24,2
2026-04-24,601012,11:04:52,17.3800,10,2
2026-04-24,601012,11:04:55,17.3800,8,2
2026-04-24,601012,11:04:58,17.3800,228,2
2026-04-24,601012,11:05:01,17.3900,39,1
2026-04-24,601012,11:05:04,17.3900,76,1
2026-04-24,601012,11:05:07,17.3900,93,1
2026-04-24,601012,11:05:10,17.3900,581,1
2026-04-24,601012,11:05:13,17.3800,52,2
2026-04-24,601012,11:05:16,17.3800,22,2
2026-04-24,601012,11:05:19,17.3900,31,1
2026-04-24,601012,11:05:22,17.3800,4,2
2026-04-24,601012,11:05:25,17.3900,67,1
2026-04-24,601012,11:05:28,17.3900,103,1
2026-04-24,601012,11:05:31,17.3900,179,1
2026-04-24,601012,11:05:34,17.3900,132,1
2026-04-24,601012,11:05:37,17.4000,32,1
2026-04-24,601012,11:05:40,17.3900,127,2
2026-04-24,601012,11:05:43,17.3900,45,2
2026-04-24,601012,11:05:46,17.4000,127,1
2026-04-24,601012,11:05:49,17.3900,12,2
2026-04-24,601012,11:05:52,17.4000,18,1
2026-04-24,601012,11:05:55,17.4100,208,1
2026-04-24,601012,11:05:58,17.4000,4,2
2026-04-24,601012,11:06:01,17.4200,570,1
2026-04-24,601012,11:06:04,17.4200,94,2
2026-04-24,601012,11:06:07,17.4200,113,2
2026-04-24,601012,11:06:10,17.4200,194,2
2026-04-24,601012,11:06:13,17.4200,361,2
2026-04-24,601012,11:06:16,17.4200,29,1
2026-04-24,601012,11:06:22,17.4200,69,1
2026-04-24,601012,11:06:25,17.4200,4,1
2026-04-24,601012,11:06:28,17.4200,193,1
2026-04-24,601012,11:06:31,17.4100,72,2
2026-04-24,601012,11:06:34,17.4100,1,4
2026-04-24,601012,11:06:37,17.4000,33,2
2026-04-24,601012,11:06:40,17.4000,11,2
2026-04-24,601012,11:06:43,17.4100,6,1
2026-04-24,601012,11:06:46,17.4000,1,2
2026-04-24,601012,11:06:49,17.4000,171,2
2026-04-24,601012,11:06:52,17.4100,18,1
2026-04-24,601012,11:06:55,17.4100,29,1
2026-04-24,601012,11:06:58,17.4000,28,2
2026-04-24,601012,11:07:01,17.4100,14,1
2026-04-24,601012,11:07:04,17.4100,1,1
2026-04-24,601012,11:07:07,17.4000,24,2
2026-04-24,601012,11:07:10,17.4000,617,2
2026-04-24,601012,11:07:13,17.4000,23,1
2026-04-24,601012,11:07:19,17.4000,8,1
2026-04-24,601012,11:07:22,17.4000,124,1
2026-04-24,601012,11:07:25,17.3900,5,2
2026-04-24,601012,11:07:28,17.3900,7,2
2026-04-24,601012,11:07:31,17.3900,25,2
2026-04-24,601012,11:07:34,17.3900,15,2
2026-04-24,601012,11:07:37,17.3900,20,2
2026-04-24,601012,11:07:40,17.3900,350,2
2026-04-24,601012,11:07:43,17.3900,9,2
2026-04-24,601012,11:07:46,17.3900,28,2
2026-04-24,601012,11:07:49,17.3900,845,2
2026-04-24,601012,11:07:52,17.3900,302,2
2026-04-24,601012,11:07:55,17.3900,11,1
2026-04-24,601012,11:07:58,17.3800,14,2
2026-04-24,601012,11:08:01,17.3800,29,2
2026-04-24,601012,11:08:04,17.3800,10,2
2026-04-24,601012,11:08:07,17.3800,33,2
2026-04-24,601012,11:08:10,17.3800,95,2
2026-04-24,601012,11:08:13,17.3800,112,2
2026-04-24,601012,11:08:16,17.3900,295,1
2026-04-24,601012,11:08:19,17.3900,225,1
2026-04-24,601012,11:08:22,17.3900,300,1
2026-04-24,601012,11:08:25,17.3900,84,2
2026-04-24,601012,11:08:28,17.3900,51,2
2026-04-24,601012,11:08:31,17.3900,28,2
2026-04-24,601012,11:08:34,17.3900,76,2
2026-04-24,601012,11:08:37,17.3900,28,2
2026-04-24,601012,11:08:40,17.3900,43,2
2026-04-24,601012,11:08:43,17.3900,102,2
2026-04-24,601012,11:08:46,17.3900,126,2
2026-04-24,601012,11:08:49,17.3900,66,2
2026-04-24,601012,11:08:52,17.3900,77,2
2026-04-24,601012,11:08:55,17.3900,129,2
2026-04-24,601012,11:08:58,17.3900,6,2
2026-04-24,601012,11:09:01,17.3900,416,2
2026-04-24,601012,11:09:04,17.3900,63,2
2026-04-24,601012,11:09:07,17.3900,40,1
2026-04-24,601012,11:09:10,17.3900,7,2
2026-04-24,601012,11:09:13,17.3900,10,2
2026-04-24,601012,11:09:16,17.3900,29,1
2026-04-24,601012,11:09:19,17.3900,19,1
2026-04-24,601012,11:09:22,17.3900,11,1
2026-04-24,601012,11:09:25,17.3800,63,2
2026-04-24,601012,11:09:28,17.3800,78,2
2026-04-24,601012,11:09:31,17.3800,28,2
2026-04-24,601012,11:09:34,17.4000,203,1
2026-04-24,601012,11:09:37,17.4000,71,1
2026-04-24,601012,11:09:40,17.4000,81,1
2026-04-24,601012,11:09:43,17.3900,21,2
2026-04-24,601012,11:09:49,17.4000,38,1
2026-04-24,601012,11:09:52,17.3900,47,2
2026-04-24,601012,11:09:55,17.3900,100,2
2026-04-24,601012,11:09:58,17.3900,1,2
2026-04-24,601012,11:10:01,17.3900,53,2
2026-04-24,601012,11:10:07,17.3900,331,2
2026-04-24,601012,11:10:10,17.3900,1,1
2026-04-24,601012,11:10:13,17.3800,62,2
2026-04-24,601012,11:10:16,17.3800,12,2
2026-04-24,601012,11:10:19,17.3900,14,1
2026-04-24,601012,11:10:22,17.3900,21,1
2026-04-24,601012,11:10:25,17.3800,32,2
2026-04-24,601012,11:10:31,17.3800,110,2
2026-04-24,601012,11:10:37,17.3900,4,1
2026-04-24,601012,11:10:40,17.3800,2,2
2026-04-24,601012,11:10:43,17.3800,59,2
2026-04-24,601012,11:10:46,17.3800,12,2
2026-04-24,601012,11:10:49,17.3800,14,2
2026-04-24,601012,11:10:52,17.3800,18,2
2026-04-24,601012,11:10:55,17.3800,170,2
2026-04-24,601012,11:10:58,17.3800,176,2
2026-04-24,601012,11:11:01,17.4000,895,1
2026-04-24,601012,11:11:04,17.4000,85,1
2026-04-24,601012,11:11:07,17.3900,18,1
2026-04-24,601012,11:11:10,17.3800,290,2
2026-04-24,601012,11:11:13,17.3800,23,2
2026-04-24,601012,11:11:16,17.3800,34,1
2026-04-24,601012,11:11:19,17.3800,59,1
2026-04-24,601012,11:11:22,17.3700,4,2
2026-04-24,601012,11:11:25,17.3800,46,1
2026-04-24,601012,11:11:28,17.3800,77,2
2026-04-24,601012,11:11:31,17.3800,18,2
2026-04-24,601012,11:11:34,17.3800,3,2
2026-04-24,601012,11:11:37,17.3800,3,2
2026-04-24,601012,11:11:40,17.3800,19,2
2026-04-24,601012,11:11:43,17.3800,8,2
2026-04-24,601012,11:11:46,17.3800,185,1
2026-04-24,601012,11:11:49,17.3800,25,2
2026-04-24,601012,11:11:52,17.3800,24,2
2026-04-24,601012,11:11:55,17.3800,60,2
2026-04-24,601012,11:11:58,17.3800,10,2
2026-04-24,601012,11:12:01,17.3800,57,2
2026-04-24,601012,11:12:04,17.3800,18,1
2026-04-24,601012,11:12:07,17.3800,150,2
2026-04-24,601012,11:12:10,17.3800,95,2
2026-04-24,601012,11:12:13,17.3800,21,2
2026-04-24,601012,11:12:16,17.3800,39,2
2026-04-24,601012,11:12:22,17.3800,73,1
2026-04-24,601012,11:12:25,17.3800,27,1
2026-04-24,601012,11:12:28,17.3700,12,2
2026-04-24,601012,11:12:31,17.3700,4,2
2026-04-24,601012,11:12:34,17.3800,67,1
2026-04-24,601012,11:12:37,17.3700,4,2
2026-04-24,601012,11:12:40,17.3800,16,1
2026-04-24,601012,11:12:43,17.3700,13,2
2026-04-24,601012,11:12:46,17.3800,105,1
2026-04-24,601012,11:12:49,17.3800,34,2
2026-04-24,601012,11:12:52,17.3800,92,2
2026-04-24,601012,11:12:55,17.3800,21,2
2026-04-24,601012,11:12:58,17.3800,38,2
2026-04-24,601012,11:13:01,17.3800,95,2
2026-04-24,601012,11:13:07,17.3800,75,2
2026-04-24,601012,11:13:10,17.3900,107,1
2026-04-24,601012,11:13:13,17.3800,35,2
2026-04-24,601012,11:13:16,17.3900,42,1
2026-04-24,601012,11:13:19,17.3800,28,2
2026-04-24,601012,11:13:22,17.3800,9,2
2026-04-24,601012,11:13:25,17.3800,5,1
2026-04-24,601012,11:13:28,17.3800,1,1
2026-04-24,601012,11:13:31,17.3700,9,2
2026-04-24,601012,11:13:37,17.3700,57,2
2026-04-24,601012,11:13:40,17.3700,10,2
2026-04-24,601012,11:13:43,17.3700,31,2
2026-04-24,601012,11:13:46,17.3700,15,2
2026-04-24,601012,11:13:49,17.3700,12,2
2026-04-24,601012,11:13:52,17.3800,134,1
2026-04-24,601012,11:13:55,17.3800,4,1
2026-04-24,601012,11:13:58,17.3700,26,2
2026-04-24,601012,11:14:01,17.3800,1,1
2026-04-24,601012,11:14:04,17.3800,5,1
2026-04-24,601012,11:14:07,17.3700,965,2
2026-04-24,601012,11:14:10,17.3700,10,1
2026-04-24,601012,11:14:13,17.3600,450,2
2026-04-24,601012,11:14:16,17.3600,1,2
2026-04-24,601012,11:14:19,17.3600,172,2
2026-04-24,601012,11:14:22,17.3600,60,2
2026-04-24,601012,11:14:25,17.3600,11,2
2026-04-24,601012,11:14:28,17.3700,17,1
2026-04-24,601012,11:14:31,17.3700,20,1
2026-04-24,601012,11:14:34,17.3600,14,2
2026-04-24,601012,11:14:37,17.3600,9,2
2026-04-24,601012,11:14:40,17.3600,60,2
2026-04-24,601012,11:14:43,17.3600,27,2
2026-04-24,601012,11:14:46,17.3500,37,2
2026-04-24,601012,11:14:49,17.3600,103,1
2026-04-24,601012,11:14:52,17.3500,4,2
2026-04-24,601012,11:14:55,17.3600,6,1
2026-04-24,601012,11:14:58,17.3500,46,2
2026-04-24,601012,11:15:01,17.3600,79,1
2026-04-24,601012,11:15:04,17.3500,129,2
2026-04-24,601012,11:15:07,17.3600,31,1
2026-04-24,601012,11:15:10,17.3600,12,1
2026-04-24,601012,11:15:13,17.3500,7,2
2026-04-24,601012,11:15:16,17.3600,46,1
2026-04-24,601012,11:15:19,17.3600,139,1
2026-04-24,601012,11:15:22,17.3500,29,2
2026-04-24,601012,11:15:25,17.3600,66,1
2026-04-24,601012,11:15:28,17.3600,72,1
2026-04-24,601012,11:15:31,17.3600,153,1
2026-04-24,601012,11:15:34,17.3500,16,2
2026-04-24,601012,11:15:37,17.3600,63,1
2026-04-24,601012,11:15:40,17.3600,10,1
2026-04-24,601012,11:15:43,17.3600,4,1
2026-04-24,601012,11:15:46,17.3600,242,1
2026-04-24,601012,11:15:49,17.3600,2,2
2026-04-24,601012,11:15:52,17.3600,27,2
2026-04-24,601012,11:15:55,17.3600,40,2
2026-04-24,601012,11:16:01,17.3700,55,1
2026-04-24,601012,11:16:04,17.3600,110,2
2026-04-24,601012,11:16:07,17.3700,170,1
2026-04-24,601012,11:16:10,17.3700,6,2
2026-04-24,601012,11:16:13,17.3600,105,2
2026-04-24,601012,11:16:16,17.3700,6,4
2026-04-24,601012,11:16:19,17.3600,104,2
2026-04-24,601012,11:16:25,17.3700,17,1
2026-04-24,601012,11:16:28,17.3600,4,2
2026-04-24,601012,11:16:31,17.3700,39,1
2026-04-24,601012,11:16:34,17.3700,45,2
2026-04-24,601012,11:16:37,17.3700,37,2
2026-04-24,601012,11:16:40,17.3700,31,2
2026-04-24,601012,11:16:43,17.3700,302,2
2026-04-24,601012,11:16:46,17.3700,20,1
2026-04-24,601012,11:16:49,17.3600,40,2
2026-04-24,601012,11:16:52,17.3700,35,1
2026-04-24,601012,11:16:55,17.3600,59,2
2026-04-24,601012,11:17:01,17.3600,201,2
2026-04-24,601012,11:17:04,17.3700,63,1
2026-04-24,601012,11:17:07,17.3700,131,1
2026-04-24,601012,11:17:10,17.3600,122,2
2026-04-24,601012,11:17:13,17.3800,63,1
2026-04-24,601012,11:17:16,17.3700,2,1
2026-04-24,601012,11:17:19,17.3700,15,1
2026-04-24,601012,11:17:22,17.3700,4,1
2026-04-24,601012,11:17:28,17.3700,88,1
2026-04-24,601012,11:17:31,17.3700,32,2
2026-04-24,601012,11:17:34,17.3700,26,2
2026-04-24,601012,11:17:37,17.3700,13,2
2026-04-24,601012,11:17:40,17.3800,6,1
2026-04-24,601012,11:17:43,17.3800,86,1
2026-04-24,601012,11:17:46,17.3700,4,2
2026-04-24,601012,11:17:49,17.3700,144,2
2026-04-24,601012,11:17:52,17.3600,33,2
2026-04-24,601012,11:17:55,17.3700,1,1
