date,code,time,price,volume,bs
2026-01-23,600036,14:07:05,37.6400,242,1
2026-01-23,600036,14:07:08,37.6400,87,1
2026-01-23,600036,14:07:11,37.6400,130,1
2026-01-23,600036,14:07:14,37.6300,148,2
2026-01-23,600036,14:07:17,37.6300,55,1
2026-01-23,600036,14:07:20,37.6300,489,1
2026-01-23,600036,14:07:23,37.6300,91,1
2026-01-23,600036,14:07:26,37.6200,178,2
2026-01-23,600036,14:07:29,37.6300,113,1
2026-01-23,600036,14:07:32,37.6200,194,2
2026-01-23,600036,14:07:35,37.6100,1041,2
2026-01-23,600036,14:07:38,37.6200,669,1
2026-01-23,600036,14:07:41,37.6200,146,1
2026-01-23,600036,14:07:44,37.6200,93,1
2026-01-23,600036,14:07:47,37.6200,1908,1
2026-01-23,600036,14:07:50,37.6100,143,1
2026-01-23,600036,14:07:53,37.6000,35,2
2026-01-23,600036,14:07:56,37.6000,118,2
2026-01-23,600036,14:07:59,37.6000,38,2
2026-01-23,600036,14:08:02,37.6100,47,1
2026-01-23,600036,14:08:05,37.6100,27,1
2026-01-23,600036,14:08:08,37.6000,257,2
2026-01-23,600036,14:08:11,37.6100,30,1
2026-01-23,600036,14:08:14,37.6100,123,1
2026-01-23,600036,14:08:17,37.6100,67,1
2026-01-23,600036,14:08:20,37.6000,546,2
2026-01-23,600036,14:08:23,37.6100,164,1
2026-01-23,600036,14:08:26,37.6100,180,1
2026-01-23,600036,14:08:29,37.6100,25,1
2026-01-23,600036,14:08:32,37.6100,106,1
2026-01-23,600036,14:08:35,37.6100,846,1
2026-01-23,600036,14:08:38,37.6000,124,2
2026-01-23,600036,14:08:41,37.6100,381,1
2026-01-23,600036,14:08:44,37.6200,369,1
2026-01-23,600036,14:08:47,37.6200,449,1
2026-01-23,600036,14:08:50,37.6100,131,2
2026-01-23,600036,14:08:53,37.6300,228,1
2026-01-23,600036,14:08:56,37.6300,57,1
2026-01-23,600036,14:08:59,37.6200,586,2
2026-01-23,600036,14:09:02,37.6300,193,2
2026-01-23,600036,14:09:05,37.6300,153,2
2026-01-23,600036,14:09:08,37.6300,149,2
2026-01-23,600036,14:09:11,37.6500,187,1
2026-01-23,600036,14:09:14,37.6300,399,1
2026-01-23,600036,14:09:17,37.6000,979,2
2026-01-23,600036,14:09:20,37.6200,1294,1
2026-01-23,600036,14:09:23,37.5900,1673,2
2026-01-23,600036,14:09:26,37.6000,1704,1
2026-01-23,600036,14:09:29,37.5700,1729,2
2026-01-23,600036,14:09:32,37.6000,196,1
2026-01-23,600036,14:09:35,37.5800,1310,2
2026-01-23,600036,14:09:38,37.6000,203,1
2026-01-23,600036,14:09:41,37.5600,262,2
2026-01-23,600036,14:09:44,37.5800,218,4
2026-01-23,600036,14:09:47,37.5700,422,2
2026-01-23,600036,14:09:50,37.5700,362,2
2026-01-23,600036,14:09:53,37.5600,815,2
2026-01-23,600036,14:09:56,37.5700,475,1
2026-01-23,600036,14:09:59,37.5600,5222,2
2026-01-23,600036,14:10:02,37.5600,706,1
2026-01-23,600036,14:10:05,37.5700,6870,1
2026-01-23,600036,14:10:08,37.5800,289,1
2026-01-23,600036,14:10:11,37.5800,98,1
2026-01-23,600036,14:10:14,37.5800,114,1
2026-01-23,600036,14:10:17,37.5800,123,1
2026-01-23,600036,14:10:20,37.5700,165,2
2026-01-23,600036,14:10:23,37.5800,91,1
2026-01-23,600036,14:10:26,37.5800,551,1
2026-01-23,600036,14:10:29,37.5600,206,2
2026-01-23,600036,14:10:32,37.5700,378,1
2026-01-23,600036,14:10:35,37.5700,393,1
2026-01-23,600036,14:10:38,37.5600,727,2
2026-01-23,600036,14:10:41,37.5600,324,1
2026-01-23,600036,14:10:44,37.5500,1356,2
2026-01-23,600036,14:10:47,37.5500,452,1
2026-01-23,600036,14:10:50,37.5300,3286,2
2026-01-23,600036,14:10:53,37.5500,408,1
2026-01-23,600036,14:10:56,37.5500,3463,1
2026-01-23,600036,14:10:59,37.5500,346,1
2026-01-23,600036,14:11:02,37.5400,553,2
2026-01-23,600036,14:11:05,37.5400,924,2
2026-01-23,600036,14:11:08,37.5700,663,1
2026-01-23,600036,14:11:11,37.5600,509,2
2026-01-23,600036,14:11:14,37.5400,1078,2
2026-01-23,600036,14:11:17,37.5400,337,2
2026-01-23,600036,14:11:20,37.5500,289,1
2026-01-23,600036,14:11:23,37.5400,325,2
2026-01-23,600036,14:11:26,37.5600,504,1
2026-01-23,600036,14:11:29,37.5500,460,2
2026-01-23,600036,14:11:32,37.5500,403,1
2026-01-23,600036,14:11:35,37.5400,1881,2
2026-01-23,600036,14:11:38,37.5400,506,1
2026-01-23,600036,14:11:41,37.5300,1098,2
2026-01-23,600036,14:11:44,37.5300,572,1
2026-01-23,600036,14:11:47,37.5400,2587,1
2026-01-23,600036,14:11:50,37.5400,2581,1
2026-01-23,600036,14:11:53,37.5200,362,2
2026-01-23,600036,14:11:56,37.5200,349,2
2026-01-23,600036,14:11:59,37.5200,392,2
2026-01-23,600036,14:12:02,37.5200,1576,2
2026-01-23,600036,14:12:05,37.5300,999,1
2026-01-23,600036,14:12:08,37.5200,726,2
2026-01-23,600036,14:12:11,37.5300,530,1
2026-01-23,600036,14:12:14,37.5400,9847,1
2026-01-23,600036,14:12:17,37.5200,575,2
2026-01-23,600036,14:12:20,37.5200,707,2
2026-01-23,600036,14:12:23,37.5200,752,2
2026-01-23,600036,14:12:26,37.5100,604,2
2026-01-23,600036,14:12:29,37.5200,353,1
2026-01-23,600036,14:12:32,37.5200,971,2
2026-01-23,600036,14:12:35,37.5300,299,1
2026-01-23,600036,14:12:38,37.5200,185,2
2026-01-23,600036,14:12:41,37.5300,268,1
2026-01-23,600036,14:12:44,37.5200,264,2
2026-01-23,600036,14:12:47,37.5300,531,1
2026-01-23,600036,14:12:50,37.5200,849,2
2026-01-23,600036,14:12:53,37.5200,2897,1
2026-01-23,600036,14:12:56,37.5500,480,1
2026-01-23,600036,14:12:59,37.5300,497,2
2026-01-23,600036,14:13:02,37.5100,372,2
2026-01-23,600036,14:13:05,37.5400,429,1
2026-01-23,600036,14:13:08,37.5400,1486,1
2026-01-23,600036,14:13:11,37.5100,414,2
2026-01-23,600036,14:13:14,37.5300,683,1
2026-01-23,600036,14:13:17,37.5300,124,1
2026-01-23,600036,14:13:20,37.5400,622,1
2026-01-23,600036,14:13:23,37.5500,699,1
2026-01-23,600036,14:13:26,37.5400,366,2
2026-01-23,600036,14:13:29,37.5300,356,2
2026-01-23,600036,14:13:32,37.5400,327,2
2026-01-23,600036,14:13:35,37.5400,446,1
2026-01-23,600036,14:13:38,37.5300,317,2
2026-01-23,600036,14:13:41,37.5600,623,1
2026-01-23,600036,14:13:44,37.5600,104,2
2026-01-23,600036,14:13:47,37.5500,924,2
2026-01-23,600036,14:13:50,37.5700,141,1
2026-01-23,600036,14:13:53,37.5500,118,2
2026-01-23,600036,14:13:56,37.5500,211,2
2026-01-23,600036,14:13:59,37.5500,667,2
2026-01-23,600036,14:14:02,37.5400,518,2
2026-01-23,600036,14:14:05,37.5300,736,2
2026-01-23,600036,14:14:08,37.5400,459,2
2026-01-23,600036,14:14:11,37.5600,105,2
2026-01-23,600036,14:14:14,37.5700,466,1
2026-01-23,600036,14:14:17,37.5600,387,2
2026-01-23,600036,14:14:20,37.5600,476,1
2026-01-23,600036,14:14:23,37.5700,195,1
2026-01-23,600036,14:14:26,37.5700,229,1
2026-01-23,600036,14:14:29,37.5600,302,2
2026-01-23,600036,14:14:32,37.5800,262,1
2026-01-23,600036,14:14:35,37.5800,42,2
2026-01-23,600036,14:14:38,37.5900,319,1
2026-01-23,600036,14:14:41,37.5900,510,1
2026-01-23,600036,14:14:44,37.5800,424,2
2026-01-23,600036,14:14:47,37.6000,226,1
2026-01-23,600036,14:14:50,37.5800,261,2
2026-01-23,600036,14:14:53,37.5800,537,2
2026-01-23,600036,14:14:56,37.5800,435,2
2026-01-23,600036,14:14:59,37.5800,269,2
2026-01-23,600036,14:15:02,37.5700,418,2
2026-01-23,600036,14:15:05,37.5800,279,1
2026-01-23,600036,14:15:08,37.5800,248,1
2026-01-23,600036,14:15:11,37.5900,109,1
2026-01-23,600036,14:15:14,37.6100,252,1
2026-01-23,600036,14:15:17,37.6300,345,1
2026-01-23,600036,14:15:20,37.6400,253,1
2026-01-23,600036,14:15:23,37.6400,500,1
2026-01-23,600036,14:15:26,37.6600,613,1
2026-01-23,600036,14:15:29,37.6700,538,1
2026-01-23,600036,14:15:32,37.6700,28,1
2026-01-23,600036,14:15:35,37.6600,596,2
2026-01-23,600036,14:15:38,37.6400,295,2
2026-01-23,600036,14:15:41,37.6500,408,1
2026-01-23,600036,14:15:44,37.6200,422,2
2026-01-23,600036,14:15:47,37.6300,142,1
2026-01-23,600036,14:15:50,37.6200,57,2
2026-01-23,600036,14:15:53,37.6200,233,1
2026-01-23,600036,14:15:56,37.6200,682,1
2026-01-23,600036,14:15:59,37.6200,43,1
2026-01-23,600036,14:16:02,37.6000,526,2
2026-01-23,600036,14:16:05,37.6300,102,1
2026-01-23,600036,14:16:08,37.6200,350,2
2026-01-23,600036,14:16:11,37.6200,52,2
2026-01-23,600036,14:16:14,37.6200,124,1
2026-01-23,600036,14:16:17,37.6200,160,1
2026-01-23,600036,14:16:20,37.6100,306,2
2026-01-23,600036,14:16:23,37.6200,105,1
2026-01-23,600036,14:16:26,37.6100,194,2
2026-01-23,600036,14:16:29,37.6300,620,1
2026-01-23,600036,14:16:32,37.6300,130,2
2026-01-23,600036,14:16:35,37.6300,39,2
2026-01-23,600036,14:16:38,37.6400,46,1
2026-01-23,600036,14:16:41,37.6400,317,1
2026-01-23,600036,14:16:44,37.6400,236,1
2026-01-23,600036,14:16:47,37.6300,42,2
2026-01-23,600036,14:16:50,37.6400,66,1
2026-01-23,600036,14:16:53,37.6400,378,1
2026-01-23,600036,14:16:56,37.6300,68,1
2026-01-23,600036,14:16:59,37.6400,660,1
2026-01-23,600036,14:17:02,37.6300,177,2
2026-01-23,600036,14:17:05,37.6300,129,2
2026-01-23,600036,14:17:08,37.6500,510,1
2026-01-23,600036,14:17:11,37.6400,22,2
2026-01-23,600036,14:17:14,37.6400,114,2
2026-01-23,600036,14:17:17,37.6300,277,2
2026-01-23,600036,14:17:20,37.6300,316,2
2026-01-23,600036,14:17:23,37.6300,1074,2
2026-01-23,600036,14:17:26,37.6300,299,1
2026-01-23,600036,14:17:29,37.6200,10,2
2026-01-23,600036,14:17:32,37.6200,362,2
2026-01-23,600036,14:17:35,37.6300,140,1
2026-01-23,600036,14:17:38,37.6200,105,4
2026-01-23,600036,14:17:41,37.6200,117,2
2026-01-23,600036,14:17:44,37.6100,413,2
2026-01-23,600036,14:17:47,37.6300,611,1
2026-01-23,600036,14:17:50,37.6400,351,1
2026-01-23,600036,14:17:53,37.6400,126,2
2026-01-23,600036,14:17:56,37.6500,599,1
2026-01-23,600036,14:17:59,37.6400,141,1
2026-01-23,600036,14:18:02,37.6300,569,2
2026-01-23,600036,14:18:05,37.6100,164,2
2026-01-23,600036,14:18:08,37.6200,97,1
2026-01-23,600036,14:18:11,37.6100,62,2
2026-01-23,600036,14:18:14,37.6000,446,2
2026-01-23,600036,14:18:17,37.6200,72,4
2026-01-23,600036,14:18:20,37.6000,111,2
2026-01-23,600036,14:18:23,37.6300,782,1
2026-01-23,600036,14:18:26,37.6100,100,2
2026-01-23,600036,14:18:29,37.6100,57,1
2026-01-23,600036,14:18:32,37.6000,1072,2
2026-01-23,600036,14:18:35,37.6200,66,1
2026-01-23,600036,14:18:38,37.6400,673,1
2026-01-23,600036,14:18:41,37.6200,706,2
2026-01-23,600036,14:18:44,37.6200,248,2
2026-01-23,600036,14:18:47,37.6200,65,1
2026-01-23,600036,14:18:50,37.6200,387,1
2026-01-23,600036,14:18:53,37.6200,153,2
2026-01-23,600036,14:18:56,37.6200,336,2
2026-01-23,600036,14:18:59,37.6200,19,2
2026-01-23,600036,14:19:02,37.6200,113,2
2026-01-23,600036,14:19:05,37.6200,233,1
2026-01-23,600036,14:19:08,37.6100,254,2
2026-01-23,600036,14:19:11,37.6200,18,4
2026-01-23,600036,14:19:14,37.6200,484,2
2026-01-23,600036,14:19:17,37.6300,97,1
2026-01-23,600036,14:19:20,37.6200,247,2
2026-01-23,600036,14:19:23,37.6200,297,2
2026-01-23,600036,14:19:26,37.6100,231,2
2026-01-23,600036,14:19:29,37.6000,178,2
2026-01-23,600036,14:19:32,37.6100,289,1
2026-01-23,600036,14:19:35,37.6300,669,1
2026-01-23,600036,14:19:38,37.6200,201,4
2026-01-23,600036,14:19:41,37.6300,263,1
2026-01-23,600036,14:19:44,37.6300,364,2
2026-01-23,600036,14:19:47,37.6300,363,1
2026-01-23,600036,14:19:50,37.6300,28,1
2026-01-23,600036,14:19:53,37.6300,432,1
2026-01-23,600036,14:19:56,37.6400,122,1
2026-01-23,600036,14:19:59,37.6300,109,2
2026-01-23,600036,14:20:02,37.6300,52,2
2026-01-23,600036,14:20:05,37.6300,205,2
2026-01-23,600036,14:20:08,37.6300,162,2
2026-01-23,600036,14:20:11,37.6300,146,2
2026-01-23,600036,14:20:14,37.6300,82,2
2026-01-23,600036,14:20:17,37.6400,543,1
2026-01-23,600036,14:20:20,37.6100,147,2
2026-01-23,600036,14:20:23,37.6300,741,1
2026-01-23,600036,14:20:26,37.6100,307,2
2026-01-23,600036,14:20:29,37.6300,430,1
2026-01-23,600036,14:20:32,37.6200,760,4
2026-01-23,600036,14:20:35,37.6200,492,1
2026-01-23,600036,14:20:38,37.6200,128,2
2026-01-23,600036,14:20:41,37.6100,41,2
2026-01-23,600036,14:20:44,37.6200,52,1
2026-01-23,600036,14:20:47,37.6100,117,2
2026-01-23,600036,14:20:50,37.6100,63,2
2026-01-23,600036,14:20:53,37.6200,31,1
2026-01-23,600036,14:20:56,37.6000,270,2
2026-01-23,600036,14:20:59,37.6100,73,2
2026-01-23,600036,14:21:02,37.6100,82,1
2026-01-23,600036,14:21:05,37.6200,157,1
2026-01-23,600036,14:21:08,37.6200,11,1
2026-01-23,600036,14:21:11,37.6200,308,1
2026-01-23,600036,14:21:14,37.6100,1092,2
2026-01-23,600036,14:21:17,37.6200,95,1
2026-01-23,600036,14:21:20,37.6100,42,2
2026-01-23,600036,14:21:23,37.6200,54,1
2026-01-23,600036,14:21:26,37.6100,440,2
2026-01-23,600036,14:21:29,37.6200,70,1
2026-01-23,600036,14:21:32,37.6200,113,1
2026-01-23,600036,14:21:35,37.6200,175,1
2026-01-23,600036,14:21:38,37.6200,234,1
2026-01-23,600036,14:21:41,37.6100,271,2
2026-01-23,600036,14:21:44,37.6100,162,1
2026-01-23,600036,14:21:47,37.6000,1264,2
2026-01-23,600036,14:21:50,37.6100,48,1
2026-01-23,600036,14:21:53,37.6100,425,2
2026-01-23,600036,14:21:59,37.6100,86,2
2026-01-23,600036,14:22:02,37.6100,25,4
2026-01-23,600036,14:22:05,37.6100,68,1
2026-01-23,600036,14:22:08,37.6100,102,1
2026-01-23,600036,14:22:11,37.6000,29,2
2026-01-23,600036,14:22:14,37.6000,73,2
2026-01-23,600036,14:22:17,37.6000,171,2
2026-01-23,600036,14:22:20,37.6000,258,1
2026-01-23,600036,14:22:23,37.6000,202,2
2026-01-23,600036,14:22:26,37.6000,267,2
2026-01-23,600036,14:22:29,37.6200,40,1
2026-01-23,600036,14:22:32,37.6200,450,1
2026-01-23,600036,14:22:35,37.6200,82,1
2026-01-23,600036,14:22:38,37.6100,311,2
2026-01-23,600036,14:22:41,37.6200,52,2
2026-01-23,600036,14:22:44,37.6300,105,1
2026-01-23,600036,14:22:47,37.6200,59,2
2026-01-23,600036,14:22:50,37.6100,576,2
2026-01-23,600036,14:22:53,37.6300,284,1
2026-01-23,600036,14:22:56,37.6200,298,2
2026-01-23,600036,14:22:59,37.6200,82,1
2026-01-23,600036,14:23:02,37.6200,79,1
2026-01-23,600036,14:23:05,37.6100,292,2
2026-01-23,600036,14:23:08,37.6200,280,1
2026-01-23,600036,14:23:11,37.6200,109,1
2026-01-23,600036,14:23:14,37.6200,93,1
2026-01-23,600036,14:23:17,37.6200,951,1
2026-01-23,600036,14:23:20,37.6200,95,1
2026-01-23,600036,14:23:23,37.6200,117,1
2026-01-23,600036,14:23:26,37.6100,63,2
2026-01-23,600036,14:23:29,37.6100,192,2
2026-01-23,600036,14:23:32,37.6100,55,2
2026-01-23,600036,14:23:35,37.6100,249,1
2026-01-23,600036,14:23:38,37.6100,40,1
2026-01-23,600036,14:23:41,37.6000,238,2
2026-01-23,600036,14:23:44,37.6000,711,2
2026-01-23,600036,14:23:47,37.5900,211,2
2026-01-23,600036,14:23:50,37.6000,118,1
2026-01-23,600036,14:23:53,37.6000,47,1
2026-01-23,600036,14:23:56,37.6000,76,1
2026-01-23,600036,14:23:59,37.6000,610,1
2026-01-23,600036,14:24:02,37.6000,386,1
2026-01-23,600036,14:24:05,37.6000,660,1
2026-01-23,600036,14:24:08,37.6100,112,1
2026-01-23,600036,14:24:11,37.6100,185,2
2026-01-23,600036,14:24:14,37.6100,65,2
2026-01-23,600036,14:24:17,37.6100,166,1
2026-01-23,600036,14:24:20,37.6100,243,2
2026-01-23,600036,14:24:23,37.6100,454,2
2026-01-23,600036,14:24:26,37.6100,55,1
2026-01-23,600036,14:24:29,37.6100,23,1
2026-01-23,600036,14:24:32,37.6100,37,1
2026-01-23,600036,14:24:35,37.6100,1466,1
2026-01-23,600036,14:24:38,37.6000,118,2
2026-01-23,600036,14:24:41,37.6000,257,1
2026-01-23,600036,14:24:44,37.6000,198,1
2026-01-23,600036,14:24:47,37.6000,543,1
2026-01-23,600036,14:24:50,37.6000,1190,1
2026-01-23,600036,14:24:53,37.6000,598,1
2026-01-23,600036,14:24:56,37.5900,578,2
2026-01-23,600036,14:24:59,37.6100,25,1
2026-01-23,600036,14:25:02,37.6100,536,1
2026-01-23,600036,14:25:05,37.6200,268,1
2026-01-23,600036,14:25:08,37.6200,245,2
2026-01-23,600036,14:25:11,37.6300,108,1
2026-01-23,600036,14:25:14,37.6100,209,2
2026-01-23,600036,14:25:17,37.6300,359,1
2026-01-23,600036,14:25:20,37.6300,96,1
2026-01-23,600036,14:25:23,37.6200,270,2
2026-01-23,600036,14:25:26,37.6300,50,1
2026-01-23,600036,14:25:29,37.6300,391,1
2026-01-23,600036,14:25:32,37.6300,46,1
2026-01-23,600036,14:25:35,37.6300,136,1
2026-01-23,600036,14:25:38,37.6300,128,1
2026-01-23,600036,14:25:41,37.6300,22,1
2026-01-23,600036,14:25:44,37.6200,117,2
2026-01-23,600036,14:25:47,37.6200,57,1
2026-01-23,600036,14:25:50,37.6200,530,1
2026-01-23,600036,14:25:53,37.6100,129,2
2026-01-23,600036,14:25:56,37.6100,128,2
2026-01-23,600036,14:25:59,37.6100,175,2
2026-01-23,600036,14:26:02,37.6100,819,1
2026-01-23,600036,14:26:05,37.6200,72,1
2026-01-23,600036,14:26:08,37.6100,520,1
2026-01-23,600036,14:26:11,37.6200,38,1
2026-01-23,600036,14:26:14,37.6100,228,2
2026-01-23,600036,14:26:17,37.6000,376,2
2026-01-23,600036,14:26:20,37.6100,118,2
2026-01-23,600036,14:26:23,37.6000,117,2
2026-01-23,600036,14:26:26,37.6100,125,1
2026-01-23,600036,14:26:29,37.6100,313,1
2026-01-23,600036,14:26:32,37.5900,213,2
2026-01-23,600036,14:26:35,37.6000,94,1
2026-01-23,600036,14:26:38,37.5900,252,2
2026-01-23,600036,14:26:41,37.6000,311,1
2026-01-23,600036,14:26:44,37.6000,2018,1
2026-01-23,600036,14:26:47,37.5900,57,2
2026-01-23,600036,14:26:50,37.5900,389,2
2026-01-23,600036,14:26:53,37.6000,209,1
2026-01-23,600036,14:26:56,37.6000,609,1
2026-01-23,600036,14:26:59,37.5900,246,2
2026-01-23,600036,14:27:02,37.6000,53,1
2026-01-23,600036,14:27:05,37.6200,655,1
2026-01-23,600036,14:27:08,37.6000,129,2
2026-01-23,600036,14:27:11,37.6000,782,1
2026-01-23,600036,14:27:14,37.6200,103,1
2026-01-23,600036,14:27:17,37.6000,195,2
2026-01-23,600036,14:27:20,37.6000,91,2
2026-01-23,600036,14:27:23,37.6300,808,1
2026-01-23,600036,14:27:26,37.6300,183,1
2026-01-23,600036,14:27:29,37.6200,194,2
2026-01-23,600036,14:27:32,37.6200,422,2
2026-01-23,600036,14:27:35,37.6200,168,2
2026-01-23,600036,14:27:38,37.6100,3,4
2026-01-23,600036,14:27:41,37.6100,80,1
2026-01-23,600036,14:27:44,37.6000,1263,2
2026-01-23,600036,14:27:47,37.6000,1443,1
2026-01-23,600036,14:27:50,37.6000,392,2
2026-01-23,600036,14:27:53,37.6100,114,1
2026-01-23,600036,14:27:56,37.6100,103,2
2026-01-23,600036,14:27:59,37.6100,781,1
2026-01-23,600036,14:28:02,37.6100,332,2
2026-01-23,600036,14:28:05,37.6000,534,2
2026-01-23,600036,14:28:08,37.6000,246,2
2026-01-23,600036,14:28:11,37.6100,507,1
2026-01-23,600036,14:28:14,37.6100,457,1
2026-01-23,600036,14:28:17,37.6100,80,2
2026-01-23,600036,14:28:20,37.6200,389,1
2026-01-23,600036,14:28:23,37.6200,558,1
2026-01-23,600036,14:28:26,37.6200,112,1
2026-01-23,600036,14:28:29,37.6400,192,1
2026-01-23,600036,14:28:32,37.6100,131,2
2026-01-23,600036,14:28:35,37.6100,261,2
2026-01-23,600036,14:28:38,37.6100,45,2
2026-01-23,600036,14:28:41,37.6100,527,1
2026-01-23,600036,14:28:44,37.6000,123,2
2026-01-23,600036,14:28:47,37.6000,145,2
2026-01-23,600036,14:28:50,37.6000,207,2
2026-01-23,600036,14:28:53,37.6100,546,1
2026-01-23,600036,14:28:56,37.6000,266,2
2026-01-23,600036,14:28:59,37.6100,181,1
2026-01-23,600036,14:29:02,37.6100,189,1
2026-01-23,600036,14:29:05,37.6100,212,1
2026-01-23,600036,14:29:08,37.6200,137,1
2026-01-23,600036,14:29:11,37.6200,12,1
2026-01-23,600036,14:29:14,37.6100,148,2
2026-01-23,600036,14:29:17,37.6200,365,1
2026-01-23,600036,14:29:20,37.6200,493,2
2026-01-23,600036,14:29:23,37.6200,269,1
2026-01-23,600036,14:29:26,37.6300,173,1
2026-01-23,600036,14:29:29,37.6300,828,1
2026-01-23,600036,14:29:32,37.6300,54,1
2026-01-23,600036,14:29:35,37.6400,526,1
2026-01-23,600036,14:29:38,37.6400,134,1
2026-01-23,600036,14:29:41,37.6300,541,2
2026-01-23,600036,14:29:44,37.6000,857,2
2026-01-23,600036,14:29:47,37.5800,1277,2
2026-01-23,600036,14:29:50,37.5800,630,2
2026-01-23,600036,14:29:53,37.5800,990,2
2026-01-23,600036,14:29:56,37.5800,401,2
2026-01-23,600036,14:29:59,37.5900,316,2
2026-01-23,600036,14:30:02,37.5700,1052,2
2026-01-23,600036,14:30:05,37.5800,685,1
2026-01-23,600036,14:30:08,37.5800,777,1
2026-01-23,600036,14:30:11,37.5600,353,2
2026-01-23,600036,14:30:14,37.5600,659,2
2026-01-23,600036,14:30:17,37.5600,676,2
2026-01-23,600036,14:30:20,37.5500,864,2
2026-01-23,600036,14:30:23,37.5400,1323,2
2026-01-23,600036,14:30:26,37.5500,263,1
2026-01-23,600036,14:30:29,37.5300,455,2
2026-01-23,600036,14:30:32,37.5400,399,4
2026-01-23,600036,14:30:35,37.5300,1132,2
2026-01-23,600036,14:30:38,37.5300,880,2
2026-01-23,600036,14:30:41,37.5300,545,2
2026-01-23,600036,14:30:44,37.5200,601,2
2026-01-23,600036,14:30:47,37.5300,901,1
2026-01-23,600036,14:30:50,37.5300,554,2
2026-01-23,600036,14:30:53,37.5500,424,1
2026-01-23,600036,14:30:56,37.5300,806,2
2026-01-23,600036,14:30:59,37.5300,992,1
2026-01-23,600036,14:31:02,37.5300,1991,1
2026-01-23,600036,14:31:05,37.5300,809,2
2026-01-23,600036,14:31:08,37.5300,973,1
2026-01-23,600036,14:31:11,37.5500,1049,1
2026-01-23,600036,14:31:14,37.5300,641,2
2026-01-23,600036,14:31:17,37.5300,1102,2
2026-01-23,600036,14:31:20,37.5200,743,2
2026-01-23,600036,14:31:23,37.5200,757,1
2026-01-23,600036,14:31:26,37.5200,890,1
2026-01-23,600036,14:31:29,37.5100,4659,2
2026-01-23,600036,14:31:32,37.5100,1238,1
2026-01-23,600036,14:31:35,37.5000,903,2
2026-01-23,600036,14:31:38,37.4900,35669,2
2026-01-23,600036,14:31:41,37.5400,1680,1
2026-01-23,600036,14:31:44,37.5400,740,1
2026-01-23,600036,14:31:47,37.5400,551,1
2026-01-23,600036,14:31:50,37.5100,909,2
2026-01-23,600036,14:31:53,37.5000,881,2
2026-01-23,600036,14:31:56,37.4900,1020,2
2026-01-23,600036,14:31:59,37.5000,682,2
2026-01-23,600036,14:32:02,37.5000,893,1
2026-01-23,600036,14:32:05,37.5000,888,1
2026-01-23,600036,14:32:08,37.5000,719,1
2026-01-23,600036,14:32:11,37.5000,977,1
2026-01-23,600036,14:32:14,37.4900,1409,2
2026-01-23,600036,14:32:17,37.4800,1001,4
2026-01-23,600036,14:32:20,37.4900,1366,1
2026-01-23,600036,14:32:23,37.4700,1024,2
2026-01-23,600036,14:32:26,37.4700,1167,2
2026-01-23,600036,14:32:29,37.4700,1013,2
2026-01-23,600036,14:32:32,37.5000,1239,1
2026-01-23,600036,14:32:35,37.5000,319,1
2026-01-23,600036,14:32:38,37.4800,571,2
2026-01-23,600036,14:32:41,37.5000,573,1
2026-01-23,600036,14:32:44,37.4800,982,2
2026-01-23,600036,14:32:47,37.4600,1250,2
2026-01-23,600036,14:32:50,37.4600,533,2
2026-01-23,600036,14:32:53,37.4700,695,1
2026-01-23,600036,14:32:56,37.4700,545,1
2026-01-23,600036,14:32:59,37.4700,1002,1
2026-01-23,600036,14:33:02,37.4500,910,2
2026-01-23,600036,14:33:05,37.4700,754,1
2026-01-23,600036,14:33:08,37.4700,731,1
2026-01-23,600036,14:33:11,37.4700,897,1
2026-01-23,600036,14:33:14,37.4700,803,1
2026-01-23,600036,14:33:17,37.4600,1339,2
2026-01-23,600036,14:33:20,37.4600,2502,1
2026-01-23,600036,14:33:23,37.4500,1323,2
2026-01-23,600036,14:33:26,37.4600,617,1
2026-01-23,600036,14:33:29,37.4600,577,2
2026-01-23,600036,14:33:32,37.4700,1294,1
2026-01-23,600036,14:33:35,37.4600,421,4
2026-01-23,600036,14:33:38,37.4600,765,2
2026-01-23,600036,14:33:41,37.4700,638,1
2026-01-23,600036,14:33:44,37.4700,772,1
2026-01-23,600036,14:33:47,37.4900,416,1
2026-01-23,600036,14:33:50,37.5000,791,1
2026-01-23,600036,14:33:53,37.4600,1072,2
2026-01-23,600036,14:33:56,37.4600,2227,2
2026-01-23,600036,14:33:59,37.4700,1314,1
2026-01-23,600036,14:34:02,37.4900,724,1
2026-01-23,600036,14:34:05,37.4500,883,2
2026-01-23,600036,14:34:08,37.4600,992,2
2026-01-23,600036,14:34:11,37.4600,947,2
2026-01-23,600036,14:34:14,37.5000,960,1
2026-01-23,600036,14:34:17,37.4700,1185,2
2026-01-23,600036,14:34:20,37.4500,1052,2
2026-01-23,600036,14:34:23,37.4700,1721,1
2026-01-23,600036,14:34:26,37.4500,887,2
2026-01-23,600036,14:34:29,37.4500,953,2
2026-01-23,600036,14:34:32,37.4700,985,1
2026-01-23,600036,14:34:35,37.4600,1218,2
2026-01-23,600036,14:34:38,37.4600,2176,1
2026-01-23,600036,14:34:41,37.4600,828,2
2026-01-23,600036,14:34:44,37.4800,1032,1
2026-01-23,600036,14:34:47,37.4800,718,1
2026-01-23,600036,14:34:50,37.4600,1141,2
2026-01-23,600036,14:34:53,37.4400,2435,2
2026-01-23,600036,14:34:56,37.4500,1417,1
2026-01-23,600036,14:34:59,37.4500,1118,1
2026-01-23,600036,14:35:02,37.4500,1038,1
2026-01-23,600036,14:35:05,37.4500,873,1
2026-01-23,600036,14:35:08,37.4500,873,1
2026-01-23,600036,14:35:11,37.4500,822,1
2026-01-23,600036,14:35:14,37.4700,1102,1
2026-01-23,600036,14:35:17,37.4500,418,4
2026-01-23,600036,14:35:20,37.4500,792,1
2026-01-23,600036,14:35:23,37.4500,808,2
2026-01-23,600036,14:35:26,37.4400,1415,2
2026-01-23,600036,14:35:29,37.4500,1063,1
2026-01-23,600036,14:35:32,37.4400,630,4
2026-01-23,600036,14:35:35,37.4300,878,2
2026-01-23,600036,14:35:38,37.4300,970,2
2026-01-23,600036,14:35:41,37.4200,961,2
2026-01-23,600036,14:35:44,37.4300,1005,2
2026-01-23,600036,14:35:47,37.4200,1285,2
2026-01-23,600036,14:35:50,37.4200,1220,2
2026-01-23,600036,14:35:53,37.4200,730,2
2026-01-23,600036,14:35:56,37.4200,1641,1
2026-01-23,600036,14:35:59,37.4600,3975,1
2026-01-23,600036,14:36:02,37.4400,1354,2
2026-01-23,600036,14:36:05,37.4800,1017,1
2026-01-23,600036,14:36:08,37.4500,638,2
2026-01-23,600036,14:36:11,37.4300,1030,2
2026-01-23,600036,14:36:14,37.4600,579,1
2026-01-23,600036,14:36:17,37.4600,422,1
2026-01-23,600036,14:36:20,37.4600,422,2
2026-01-23,600036,14:36:23,37.4800,288,1
2026-01-23,600036,14:36:26,37.4500,495,2
2026-01-23,600036,14:36:29,37.4700,354,1
2026-01-23,600036,14:36:32,37.4700,619,2
2026-01-23,600036,14:36:35,37.4800,375,2
2026-01-23,600036,14:36:38,37.4900,998,1
2026-01-23,600036,14:36:41,37.4900,614,1
2026-01-23,600036,14:36:44,37.4900,543,1
2026-01-23,600036,14:36:47,37.4700,428,2
2026-01-23,600036,14:36:50,37.4700,870,2
2026-01-23,600036,14:36:53,37.4500,1285,2
2026-01-23,600036,14:36:56,37.4600,500,1
2026-01-23,600036,14:36:59,37.4400,873,2
2026-01-23,600036,14:37:02,37.4600,605,1
2026-01-23,600036,14:37:05,37.4300,1161,2
2026-01-23,600036,14:37:08,37.4600,1006,1
2026-01-23,600036,14:37:11,37.4300,1836,2
2026-01-23,600036,14:37:14,37.4200,1276,2
2026-01-23,600036,14:37:17,37.4200,1554,2
2026-01-23,600036,14:37:20,37.4200,1946,2
2026-01-23,600036,14:37:23,37.4100,1253,2
2026-01-23,600036,14:37:26,37.4200,873,1
2026-01-23,600036,14:37:29,37.4200,1352,1
2026-01-23,600036,14:37:32,37.4100,1773,2
2026-01-23,600036,14:37:35,37.4200,1467,2
2026-01-23,600036,14:37:38,37.4100,1242,2
2026-01-23,600036,14:37:41,37.4000,2117,2
2026-01-23,600036,14:37:44,37.4000,883,2
2026-01-23,600036,14:37:47,37.4200,1237,1
2026-01-23,600036,14:37:50,37.4100,1313,4
2026-01-23,600036,14:37:53,37.4000,1410,2
2026-01-23,600036,14:37:56,37.3900,2786,2
2026-01-23,600036,14:37:59,37.3900,695,2
2026-01-23,600036,14:38:02,37.3800,1184,2
2026-01-23,600036,14:38:05,37.4100,1099,1
2026-01-23,600036,14:38:08,37.4000,480,1
2026-01-23,600036,14:38:11,37.4200,743,1
2026-01-23,600036,14:38:14,37.4000,394,2
2026-01-23,600036,14:38:17,37.4000,699,2
2026-01-23,600036,14:38:20,37.4200,418,1
2026-01-23,600036,14:38:23,37.4200,844,1
2026-01-23,600036,14:38:26,37.4100,776,4
2026-01-23,600036,14:38:29,37.4000,1037,2
2026-01-23,600036,14:38:32,37.4000,1222,2
2026-01-23,600036,14:38:35,37.4000,507,2
2026-01-23,600036,14:38:38,37.4200,578,1
2026-01-23,600036,14:38:41,37.4100,972,2
2026-01-23,600036,14:38:44,37.4000,502,2
2026-01-23,600036,14:38:47,37.3900,1041,2
2026-01-23,600036,14:38:50,37.4000,897,2
2026-01-23,600036,14:38:53,37.3900,867,2
2026-01-23,600036,14:38:56,37.3900,991,2
2026-01-23,600036,14:38:59,37.4100,530,1
2026-01-23,600036,14:39:02,37.4400,1071,1
2026-01-23,600036,14:39:05,37.4200,697,1
2026-01-23,600036,14:39:08,37.4000,556,2
2026-01-23,600036,14:39:11,37.3900,1076,2
2026-01-23,600036,14:39:14,37.3900,797,2
2026-01-23,600036,14:39:17,37.3900,691,2
2026-01-23,600036,14:39:20,37.3900,554,2
2026-01-23,600036,14:39:23,37.4300,713,1
2026-01-23,600036,14:39:26,37.3900,527,2
2026-01-23,600036,14:39:29,37.4000,406,2
2026-01-23,600036,14:39:32,37.4400,531,1
2026-01-23,600036,14:39:35,37.4300,353,2
2026-01-23,600036,14:39:38,37.4300,305,2
2026-01-23,600036,14:39:41,37.4400,654,1
2026-01-23,600036,14:39:44,37.4400,442,1
2026-01-23,600036,14:39:47,37.4500,205,1
2026-01-23,600036,14:39:50,37.4500,428,1
2026-01-23,600036,14:39:53,37.4500,661,1
2026-01-23,600036,14:39:56,37.4500,278,2
2026-01-23,600036,14:39:59,37.4700,242,1
2026-01-23,600036,14:40:02,37.4600,347,4
2026-01-23,600036,14:40:05,37.4600,397,2
2026-01-23,600036,14:40:08,37.4600,296,2
2026-01-23,600036,14:40:11,37.4800,463,1
2026-01-23,600036,14:40:14,37.4800,206,1
2026-01-23,600036,14:40:17,37.4800,446,1
2026-01-23,600036,14:40:20,37.4900,309,1
2026-01-23,600036,14:40:23,37.4800,136,2
2026-01-23,600036,14:40:26,37.4800,393,2
2026-01-23,600036,14:40:29,37.4700,643,2
2026-01-23,600036,14:40:32,37.4600,374,4
2026-01-23,600036,14:40:35,37.4600,215,1
2026-01-23,600036,14:40:38,37.4700,104,2
2026-01-23,600036,14:40:41,37.4700,63,1
2026-01-23,600036,14:40:44,37.4700,266,2
2026-01-23,600036,14:40:47,37.4800,95,2
2026-01-23,600036,14:40:50,37.4800,669,2
2026-01-23,600036,14:40:53,37.4800,323,1
2026-01-23,600036,14:40:56,37.4800,355,1
2026-01-23,600036,14:40:59,37.4900,245,1
2026-01-23,600036,14:41:02,37.4800,1295,2
2026-01-23,600036,14:41:05,37.5100,132,1
2026-01-23,600036,14:41:08,37.4800,28,2
2026-01-23,600036,14:41:11,37.5100,111,1
2026-01-23,600036,14:41:14,37.5000,141,4
2026-01-23,600036,14:41:17,37.4900,212,2
2026-01-23,600036,14:41:20,37.4800,328,2
2026-01-23,600036,14:41:23,37.5100,94,1
2026-01-23,600036,14:41:26,37.5000,142,2
2026-01-23,600036,14:41:29,37.5000,215,1
2026-01-23,600036,14:41:32,37.5000,241,1
2026-01-23,600036,14:41:35,37.5100,200,1
2026-01-23,600036,14:41:38,37.5000,221,2
2026-01-23,600036,14:41:41,37.5000,1019,2
2026-01-23,600036,14:41:44,37.5500,184,1
2026-01-23,600036,14:41:47,37.5100,78,2
2026-01-23,600036,14:41:50,37.5100,168,2
2026-01-23,600036,14:41:53,37.5200,698,1
2026-01-23,600036,14:41:56,37.5200,105,2
2026-01-23,600036,14:41:59,37.5200,62,2
2026-01-23,600036,14:42:02,37.5400,103,1
2026-01-23,600036,14:42:05,37.5300,122,2
2026-01-23,600036,14:42:08,37.5300,224,2
2026-01-23,600036,14:42:11,37.5300,38,2
2026-01-23,600036,14:42:14,37.5400,160,1
2026-01-23,600036,14:42:17,37.5400,211,1
2026-01-23,600036,14:42:20,37.5400,199,1
2026-01-23,600036,14:42:23,37.5400,86,1
2026-01-23,600036,14:42:26,37.5400,153,1
2026-01-23,600036,14:42:29,37.5400,1711,1
2026-01-23,600036,14:42:32,37.5600,145,1
2026-01-23,600036,14:42:35,37.5600,62,1
2026-01-23,600036,14:42:38,37.5600,57,2
2026-01-23,600036,14:42:41,37.5700,205,1
2026-01-23,600036,14:42:44,37.5700,363,1
2026-01-23,600036,14:42:47,37.5700,32,2
2026-01-23,600036,14:42:50,37.5700,42,2
2026-01-23,600036,14:42:53,37.5700,244,2
2026-01-23,600036,14:42:56,37.5500,576,2
2026-01-23,600036,14:42:59,37.5500,243,2
2026-01-23,600036,14:43:02,37.5400,362,2
2026-01-23,600036,14:43:05,37.5000,656,2
2026-01-23,600036,14:43:08,37.5100,861,4
2026-01-23,600036,14:43:11,37.5000,517,4
2026-01-23,600036,14:43:14,37.5000,932,1
2026-01-23,600036,14:43:17,37.5100,563,1
2026-01-23,600036,14:43:20,37.5200,243,1
2026-01-23,600036,14:43:23,37.5000,107,2
2026-01-23,600036,14:43:26,37.5100,50,4
2026-01-23,600036,14:43:29,37.5200,247,1
2026-01-23,600036,14:43:32,37.5300,135,1
2026-01-23,600036,14:43:35,37.5300,142,1
2026-01-23,600036,14:43:38,37.5300,227,1
2026-01-23,600036,14:43:41,37.5200,302,2
2026-01-23,600036,14:43:44,37.5300,116,1
2026-01-23,600036,14:43:47,37.5300,269,1
2026-01-23,600036,14:43:50,37.5200,246,2
2026-01-23,600036,14:43:53,37.5200,84,1
2026-01-23,600036,14:43:56,37.5100,274,2
2026-01-23,600036,14:43:59,37.5100,108,1
2026-01-23,600036,14:44:02,37.5100,156,1
2026-01-23,600036,14:44:05,37.5000,234,2
2026-01-23,600036,14:44:08,37.5200,641,1
2026-01-23,600036,14:44:11,37.5000,830,2
2026-01-23,600036,14:44:14,37.5000,203,1
2026-01-23,600036,14:44:17,37.5000,296,1
2026-01-23,600036,14:44:20,37.5000,140,1
2026-01-23,600036,14:44:23,37.5000,223,2
2026-01-23,600036,14:44:26,37.5000,175,1
2026-01-23,600036,14:44:29,37.5000,116,1
2026-01-23,600036,14:44:32,37.5000,61,2
2026-01-23,600036,14:44:35,37.5000,509,2
2026-01-23,600036,14:44:38,37.5200,121,1
2026-01-23,600036,14:44:41,37.5200,136,1
2026-01-23,600036,14:44:44,37.5200,105,2
2026-01-23,600036,14:44:47,37.5100,151,2
2026-01-23,600036,14:44:50,37.5100,361,1
2026-01-23,600036,14:44:53,37.5100,101,2
2026-01-23,600036,14:44:56,37.5200,157,1
2026-01-23,600036,14:44:59,37.5200,58,1
2026-01-23,600036,14:45:02,37.5200,324,1
2026-01-23,600036,14:45:05,37.5200,344,1
2026-01-23,600036,14:45:08,37.5100,159,2
2026-01-23,600036,14:45:11,37.5200,728,1
2026-01-23,600036,14:45:14,37.5500,1052,1
2026-01-23,600036,14:45:17,37.5400,281,1
2026-01-23,600036,14:45:20,37.5300,80,2
2026-01-23,600036,14:45:23,37.5500,233,1
2026-01-23,600036,14:45:26,37.5400,124,2
2026-01-23,600036,14:45:29,37.5400,156,2
2026-01-23,600036,14:45:32,37.5500,77,1
2026-01-23,600036,14:45:35,37.5500,253,1
2026-01-23,600036,14:45:38,37.5400,167,2
2026-01-23,600036,14:45:41,37.5400,28,1
2026-01-23,600036,14:45:44,37.5400,356,1
2026-01-23,600036,14:45:47,37.5300,198,4
2026-01-23,600036,14:45:50,37.5300,93,4
2026-01-23,600036,14:45:53,37.5400,402,1
2026-01-23,600036,14:45:56,37.5300,288,2
2026-01-23,600036,14:45:59,37.5300,81,2
2026-01-23,600036,14:46:02,37.5500,552,1
2026-01-23,600036,14:46:05,37.5300,170,2
2026-01-23,600036,14:46:08,37.5200,461,2
2026-01-23,600036,14:46:11,37.5600,201,1
2026-01-23,600036,14:46:14,37.5700,338,1
2026-01-23,600036,14:46:17,37.5400,489,2
2026-01-23,600036,14:46:20,37.5300,248,2
2026-01-23,600036,14:46:23,37.5600,235,1
2026-01-23,600036,14:46:26,37.5600,133,1
2026-01-23,600036,14:46:29,37.5500,159,2
2026-01-23,600036,14:46:32,37.5400,234,2
2026-01-23,600036,14:46:35,37.5400,242,1
2026-01-23,600036,14:46:38,37.5400,62,2
2026-01-23,600036,14:46:41,37.5600,145,1
2026-01-23,600036,14:46:44,37.5600,213,1
2026-01-23,600036,14:46:47,37.5500,234,2
2026-01-23,600036,14:46:50,37.5500,157,1
2026-01-23,600036,14:46:53,37.5500,436,1
2026-01-23,600036,14:46:56,37.5500,540,1
2026-01-23,600036,14:46:59,37.5300,203,2
2026-01-23,600036,14:47:02,37.5400,240,1
2026-01-23,600036,14:47:05,37.5300,97,2
2026-01-23,600036,14:47:08,37.5400,109,1
2026-01-23,600036,14:47:11,37.5300,429,2
2026-01-23,600036,14:47:14,37.5300,326,2
2026-01-23,600036,14:47:17,37.5000,1106,2
2026-01-23,600036,14:47:20,37.5000,942,2
2026-01-23,600036,14:47:23,37.4800,1984,2
2026-01-23,600036,14:47:26,37.5000,2022,1
2026-01-23,600036,14:47:29,37.4900,340,2
2026-01-23,600036,14:47:32,37.5000,508,1
2026-01-23,600036,14:47:35,37.4900,438,1
2026-01-23,600036,14:47:38,37.4900,475,1
2026-01-23,600036,14:47:41,37.4500,490,2
2026-01-23,600036,14:47:44,37.4900,399,1
2026-01-23,600036,14:47:47,37.4900,201,1
2026-01-23,600036,14:47:50,37.4900,582,2
2026-01-23,600036,14:47:53,37.4900,499,1
2026-01-23,600036,14:47:56,37.4600,397,2
2026-01-23,600036,14:47:59,37.4600,830,2
2026-01-23,600036,14:48:02,37.4900,747,1
2026-01-23,600036,14:48:05,37.4600,517,2
2026-01-23,600036,14:48:08,37.4700,523,2
2026-01-23,600036,14:48:11,37.4600,508,2
2026-01-23,600036,14:48:14,37.5000,429,1
2026-01-23,600036,14:48:17,37.4600,266,2
2026-01-23,600036,14:48:20,37.4800,360,1
2026-01-23,600036,14:48:23,37.5000,301,1
2026-01-23,600036,14:48:26,37.4800,559,4
2026-01-23,600036,14:48:29,37.4700,780,2
2026-01-23,600036,14:48:32,37.4700,1060,1
2026-01-23,600036,14:48:35,37.5100,190,1
2026-01-23,600036,14:48:38,37.4800,404,2
2026-01-23,600036,14:48:41,37.4800,293,1
2026-01-23,600036,14:48:44,37.4900,329,1
2026-01-23,600036,14:48:47,37.4600,329,2
2026-01-23,600036,14:48:50,37.4800,355,2
2026-01-23,600036,14:48:53,37.5100,782,1
2026-01-23,600036,14:48:56,37.4800,382,2
2026-01-23,600036,14:48:59,37.4800,543,1
2026-01-23,600036,14:49:02,37.4600,670,2
2026-01-23,600036,14:49:05,37.4700,501,4
2026-01-23,600036,14:49:08,37.4600,405,2
2026-01-23,600036,14:49:11,37.4700,259,2
2026-01-23,600036,14:49:14,37.5000,439,1
2026-01-23,600036,14:49:17,37.4700,546,2
2026-01-23,600036,14:49:20,37.4900,562,1
2026-01-23,600036,14:49:23,37.4700,536,2
2026-01-23,600036,14:49:26,37.4800,558,2
2026-01-23,600036,14:49:29,37.4800,683,1
2026-01-23,600036,14:49:32,37.5000,437,1
2026-01-23,600036,14:49:35,37.5000,460,1
2026-01-23,600036,14:49:38,37.4900,337,2
2026-01-23,600036,14:49:41,37.5000,57,1
2026-01-23,600036,14:49:44,37.4900,448,2
2026-01-23,600036,14:49:47,37.5200,402,1
2026-01-23,600036,14:49:50,37.5100,96,2
2026-01-23,600036,14:49:53,37.5200,251,1
2026-01-23,600036,14:49:56,37.5100,603,2
2026-01-23,600036,14:49:59,37.5100,558,1
2026-01-23,600036,14:50:02,37.5200,1232,1
2026-01-23,600036,14:50:05,37.5200,945,1
2026-01-23,600036,14:50:08,37.5200,204,4
2026-01-23,600036,14:50:11,37.5400,94,1
2026-01-23,600036,14:50:14,37.5500,126,1
2026-01-23,600036,14:50:17,37.5400,62,4
2026-01-23,600036,14:50:20,37.5400,193,2
2026-01-23,600036,14:50:23,37.5500,276,1
2026-01-23,600036,14:50:26,37.5600,306,1
2026-01-23,600036,14:50:29,37.5300,312,2
2026-01-23,600036,14:50:32,37.5400,161,1
2026-01-23,600036,14:50:35,37.5300,372,2
2026-01-23,600036,14:50:38,37.5400,122,1
2026-01-23,600036,14:50:41,37.5300,241,2
2026-01-23,600036,14:50:44,37.5100,386,2
2026-01-23,600036,14:50:47,37.5300,327,1
2026-01-23,600036,14:50:50,37.5200,122,1
2026-01-23,600036,14:50:53,37.5500,699,1
2026-01-23,600036,14:50:56,37.5100,403,2
2026-01-23,600036,14:50:59,37.5300,268,4
2026-01-23,600036,14:51:02,37.5200,664,4
2026-01-23,600036,14:51:05,37.5600,821,1
2026-01-23,600036,14:51:08,37.5300,361,2
2026-01-23,600036,14:51:11,37.5300,328,2
2026-01-23,600036,14:51:14,37.5400,259,1
2026-01-23,600036,14:51:17,37.5300,190,4
2026-01-23,600036,14:51:20,37.5500,368,1
2026-01-23,600036,14:51:23,37.5300,553,2
2026-01-23,600036,14:51:26,37.5600,350,1
2026-01-23,600036,14:51:29,37.5500,388,2
2026-01-23,600036,14:51:32,37.5500,169,1
2026-01-23,600036,14:51:35,37.5300,393,2
2026-01-23,600036,14:51:38,37.5300,972,2
2026-01-23,600036,14:51:41,37.5500,764,1
2026-01-23,600036,14:51:44,37.5200,530,2
2026-01-23,600036,14:51:47,37.5400,250,1
2026-01-23,600036,14:51:50,37.5400,345,1
2026-01-23,600036,14:51:53,37.5400,330,1
2026-01-23,600036,14:51:56,37.5200,683,2
2026-01-23,600036,14:51:59,37.5200,376,2
2026-01-23,600036,14:52:02,37.5300,843,2
2026-01-23,600036,14:52:05,37.5400,615,1
2026-01-23,600036,14:52:08,37.5500,273,1
2026-01-23,600036,14:52:11,37.5200,743,2
2026-01-23,600036,14:52:14,37.5200,895,2
2026-01-23,600036,14:52:17,37.5500,713,1
2026-01-23,600036,14:52:20,37.5500,595,2
2026-01-23,600036,14:52:23,37.5500,706,1
2026-01-23,600036,14:52:26,37.5500,656,2
2026-01-23,600036,14:52:29,37.5500,606,1
2026-01-23,600036,14:52:32,37.5400,331,2
2026-01-23,600036,14:52:35,37.5400,651,1
2026-01-23,600036,14:52:38,37.5400,724,2
2026-01-23,600036,14:52:41,37.5100,623,2
2026-01-23,600036,14:52:44,37.5400,885,1
2026-01-23,600036,14:52:47,37.5100,395,2
2026-01-23,600036,14:52:50,37.5200,403,4
2026-01-23,600036,14:52:53,37.5200,531,2
2026-01-23,600036,14:52:56,37.5000,718,2
2026-01-23,600036,14:52:59,37.5100,366,2
2026-01-23,600036,14:53:02,37.5100,1239,2
2026-01-23,600036,14:53:05,37.5200,1387,4
2026-01-23,600036,14:53:08,37.5000,560,2
2026-01-23,600036,14:53:11,37.5000,1064,1
2026-01-23,600036,14:53:14,37.5000,637,2
2026-01-23,600036,14:53:17,37.5200,309,2
2026-01-23,600036,14:53:20,37.5000,292,2
2026-01-23,600036,14:53:23,37.4800,1135,2
2026-01-23,600036,14:53:26,37.5200,537,1
2026-01-23,600036,14:53:29,37.5100,527,2
2026-01-23,600036,14:53:32,37.5100,354,2
2026-01-23,600036,14:53:35,37.5000,487,2
2026-01-23,600036,14:53:38,37.4800,710,2
2026-01-23,600036,14:53:41,37.5000,946,1
2026-01-23,600036,14:53:44,37.4800,640,2
2026-01-23,600036,14:53:47,37.4900,1062,2
2026-01-23,600036,14:53:50,37.4900,796,2
2026-01-23,600036,14:53:53,37.4700,700,2
2026-01-23,600036,14:53:56,37.4900,346,2
2026-01-23,600036,14:53:59,37.4900,580,1
2026-01-23,600036,14:54:02,37.5100,665,1
2026-01-23,600036,14:54:05,37.4800,1141,2
2026-01-23,600036,14:54:08,37.5300,536,1
2026-01-23,600036,14:54:11,37.4900,1241,2
2026-01-23,600036,14:54:14,37.4900,998,2
2026-01-23,600036,14:54:17,37.5300,850,1
2026-01-23,600036,14:54:20,37.5000,338,2
2026-01-23,600036,14:54:23,37.5100,428,2
2026-01-23,600036,14:54:26,37.5200,516,1
2026-01-23,600036,14:54:29,37.5000,293,2
2026-01-23,600036,14:54:32,37.5200,557,1
2026-01-23,600036,14:54:35,37.5200,308,2
2026-01-23,600036,14:54:38,37.5000,547,2
2026-01-23,600036,14:54:41,37.5000,162,2
2026-01-23,600036,14:54:44,37.5100,798,1
2026-01-23,600036,14:54:47,37.5100,159,2
2026-01-23,600036,14:54:50,37.5100,437,2
2026-01-23,600036,14:54:53,37.4800,1078,2
2026-01-23,600036,14:54:56,37.5100,246,1
2026-01-23,600036,14:54:59,37.5100,265,1
2026-01-23,600036,14:55:02,37.5200,877,1
2026-01-23,600036,14:55:05,37.5200,377,2
2026-01-23,600036,14:55:08,37.5300,814,1
2026-01-23,600036,14:55:11,37.5300,417,1
2026-01-23,600036,14:55:14,37.5300,1412,1
2026-01-23,600036,14:55:17,37.5300,433,1
2026-01-23,600036,14:55:20,37.5300,325,1
2026-01-23,600036,14:55:23,37.5300,152,1
2026-01-23,600036,14:55:26,37.5300,310,1
2026-01-23,600036,14:55:29,37.5200,139,2
2026-01-23,600036,14:55:32,37.5200,332,1
2026-01-23,600036,14:55:35,37.5200,310,1
2026-01-23,600036,14:55:38,37.5300,491,1
2026-01-23,600036,14:55:41,37.5300,318,1
2026-01-23,600036,14:55:44,37.5200,593,2
2026-01-23,600036,14:55:47,37.5100,422,2
2026-01-23,600036,14:55:50,37.5400,714,1
2026-01-23,600036,14:55:53,37.5000,610,2
2026-01-23,600036,14:55:56,37.5000,265,2
2026-01-23,600036,14:55:59,37.5100,657,2
2026-01-23,600036,14:56:02,37.5200,570,2
2026-01-23,600036,14:56:05,37.5100,392,2
2026-01-23,600036,14:56:08,37.5200,1053,2
2026-01-23,600036,14:56:11,37.5200,938,1
2026-01-23,600036,14:56:14,37.5200,633,1
2026-01-23,600036,14:56:17,37.5300,378,1
2026-01-23,600036,14:56:20,37.5100,581,2
2026-01-23,600036,14:56:23,37.5100,316,1
2026-01-23,600036,14:56:26,37.5100,839,1
2026-01-23,600036,14:56:29,37.5000,325,2
2026-01-23,600036,14:56:32,37.4900,1014,2
2026-01-23,600036,14:56:35,37.5100,592,2
2026-01-23,600036,14:56:38,37.5000,510,2
2026-01-23,600036,14:56:41,37.4800,382,2
2026-01-23,600036,14:56:44,37.5200,609,1
2026-01-23,600036,14:56:47,37.4900,256,2
2026-01-23,600036,14:56:50,37.5100,421,4
2026-01-23,600036,14:56:53,37.5200,182,1
2026-01-23,600036,14:56:56,37.5300,226,1
2026-01-23,600036,14:56:59,37.5200,157,4
2026-01-23,600036,14:57:02,37.5100,336,2
2026-01-23,600036,15:00:02,37.5000,30952,4
2026-01-23,600036,13:17:05,37.7800,84,1
2026-01-23,600036,13:17:08,37.7700,115,4
2026-01-23,600036,13:17:11,37.7700,43,1
2026-01-23,600036,13:17:14,37.7700,68,1
2026-01-23,600036,13:17:17,37.7700,54,2
2026-01-23,600036,13:17:20,37.7700,84,4
2026-01-23,600036,13:17:23,37.7800,194,1
2026-01-23,600036,13:17:26,37.7600,71,2
2026-01-23,600036,13:17:29,37.7800,381,1
2026-01-23,600036,13:17:32,37.7700,52,4
2026-01-23,600036,13:17:35,37.7800,98,1
2026-01-23,600036,13:17:38,37.7800,154,1
2026-01-23,600036,13:17:41,37.7800,81,1
2026-01-23,600036,13:17:44,37.7800,28,1
2026-01-23,600036,13:17:47,37.7800,263,2
2026-01-23,600036,13:17:50,37.7800,183,2
2026-01-23,600036,13:17:53,37.7800,197,2
2026-01-23,600036,13:17:56,37.7800,88,1
2026-01-23,600036,13:17:59,37.7700,1326,2
2026-01-23,600036,13:18:02,37.7800,85,1
2026-01-23,600036,13:18:05,37.7700,60,4
2026-01-23,600036,13:18:08,37.7800,89,1
2026-01-23,600036,13:18:11,37.7600,916,2
2026-01-23,600036,13:18:14,37.7500,208,2
2026-01-23,600036,13:18:17,37.7500,335,1
2026-01-23,600036,13:18:20,37.7400,1105,2
2026-01-23,600036,13:18:23,37.7500,590,4
2026-01-23,600036,13:18:26,37.7500,104,1
2026-01-23,600036,13:18:29,37.7600,94,1
2026-01-23,600036,13:18:32,37.7500,430,2
2026-01-23,600036,13:18:35,37.7500,53,1
2026-01-23,600036,13:18:38,37.7500,141,1
2026-01-23,600036,13:18:41,37.7400,256,2
2026-01-23,600036,13:18:44,37.7400,360,2
2026-01-23,600036,13:18:47,37.7400,28,1
2026-01-23,600036,13:18:50,37.7500,143,1
2026-01-23,600036,13:18:53,37.7500,69,1
2026-01-23,600036,13:18:56,37.7300,206,2
2026-01-23,600036,13:18:59,37.7500,123,1
2026-01-23,600036,13:19:02,37.7500,95,2
2026-01-23,600036,13:19:05,37.7400,198,2
2026-01-23,600036,13:19:08,37.7500,86,1
2026-01-23,600036,13:19:11,37.7400,348,2
2026-01-23,600036,13:19:14,37.7300,92,2
2026-01-23,600036,13:19:17,37.7400,15,1
2026-01-23,600036,13:19:20,37.7400,204,1
2026-01-23,600036,13:19:23,37.7400,87,1
2026-01-23,600036,13:19:26,37.7300,1478,2
2026-01-23,600036,13:19:29,37.7400,661,1
2026-01-23,600036,13:19:32,37.7300,307,2
2026-01-23,600036,13:19:35,37.7400,228,1
2026-01-23,600036,13:19:38,37.7400,447,2
2026-01-23,600036,13:19:41,37.7500,234,1
2026-01-23,600036,13:19:44,37.7500,133,1
2026-01-23,600036,13:19:47,37.7600,14,1
2026-01-23,600036,13:19:50,37.7500,490,1
2026-01-23,600036,13:19:53,37.7500,465,2
2026-01-23,600036,13:19:56,37.7400,241,2
2026-01-23,600036,13:19:59,37.7500,1439,1
2026-01-23,600036,13:20:02,37.7400,155,2
2026-01-23,600036,13:20:05,37.7400,74,1
2026-01-23,600036,13:20:08,37.7400,128,1
2026-01-23,600036,13:20:11,37.7300,406,2
2026-01-23,600036,13:20:14,37.7300,21,1
2026-01-23,600036,13:20:17,37.7200,31,2
2026-01-23,600036,13:20:20,37.7400,60,1
2026-01-23,600036,13:20:23,37.7400,263,1
2026-01-23,600036,13:20:26,37.7400,33,1
2026-01-23,600036,13:20:29,37.7400,205,1
2026-01-23,600036,13:20:32,37.7300,269,2
2026-01-23,600036,13:20:35,37.7300,765,2
2026-01-23,600036,13:20:38,37.7400,44,4
2026-01-23,600036,13:20:41,37.7500,195,1
2026-01-23,600036,13:20:44,37.7600,56,1
2026-01-23,600036,13:20:47,37.7600,167,1
2026-01-23,600036,13:20:50,37.7600,131,1
2026-01-23,600036,13:20:53,37.7600,145,1
2026-01-23,600036,13:20:56,37.7500,71,2
2026-01-23,600036,13:20:59,37.7600,141,1
2026-01-23,600036,13:21:02,37.7600,187,1
2026-01-23,600036,13:21:05,37.7700,106,1
2026-01-23,600036,13:21:08,37.7700,101,2
2026-01-23,600036,13:21:11,37.7800,81,1
2026-01-23,600036,13:21:14,37.7800,22,1
2026-01-23,600036,13:21:17,37.7800,20,1
2026-01-23,600036,13:21:20,37.7700,623,2
2026-01-23,600036,13:21:23,37.7700,169,1
2026-01-23,600036,13:21:26,37.7700,131,1
2026-01-23,600036,13:21:29,37.7700,30,2
2026-01-23,600036,13:21:32,37.7800,311,1
2026-01-23,600036,13:21:35,37.7700,58,4
2026-01-23,600036,13:21:38,37.7600,92,2
2026-01-23,600036,13:21:41,37.7700,50,1
2026-01-23,600036,13:21:44,37.7700,1234,1
2026-01-23,600036,13:21:47,37.7700,33,1
2026-01-23,600036,13:21:50,37.7700,190,1
2026-01-23,600036,13:21:53,37.7700,146,2
2026-01-23,600036,13:21:56,37.7800,130,1
2026-01-23,600036,13:21:59,37.7700,228,2
2026-01-23,600036,13:22:02,37.7800,59,1
2026-01-23,600036,13:22:05,37.7700,440,2
2026-01-23,600036,13:22:08,37.7800,36,1
2026-01-23,600036,13:22:11,37.7800,33,1
2026-01-23,600036,13:22:14,37.7800,29,1
2026-01-23,600036,13:22:17,37.7700,202,2
2026-01-23,600036,13:22:20,37.7800,34,1
2026-01-23,600036,13:22:23,37.7800,231,1
2026-01-23,600036,13:22:26,37.7800,205,2
2026-01-23,600036,13:22:29,37.7900,24,1
2026-01-23,600036,13:22:32,37.7800,65,2
2026-01-23,600036,13:22:35,37.7800,430,2
2026-01-23,600036,13:22:38,37.7800,449,2
2026-01-23,600036,13:22:41,37.7800,25,1
2026-01-23,600036,13:22:44,37.7800,409,1
2026-01-23,600036,13:22:47,37.7600,339,2
2026-01-23,600036,13:22:50,37.7600,583,2
2026-01-23,600036,13:22:53,37.7400,456,2
2026-01-23,600036,13:22:56,37.7300,379,2
2026-01-23,600036,13:22:59,37.7400,298,2
2026-01-23,600036,13:23:02,37.7500,567,1
2026-01-23,600036,13:23:05,37.7400,118,2
2026-01-23,600036,13:23:08,37.7400,342,2
2026-01-23,600036,13:23:11,37.7400,691,2
2026-01-23,600036,13:23:14,37.7300,187,2
2026-01-23,600036,13:23:17,37.7300,250,2
2026-01-23,600036,13:23:20,37.7400,290,1
2026-01-23,600036,13:23:23,37.7200,1404,2
2026-01-23,600036,13:23:26,37.7200,179,2
2026-01-23,600036,13:23:29,37.7200,355,2
2026-01-23,600036,13:23:32,37.7200,1345,2
2026-01-23,600036,13:23:35,37.7100,358,2
2026-01-23,600036,13:23:38,37.7100,414,2
2026-01-23,600036,13:23:41,37.7100,224,2
2026-01-23,600036,13:23:44,37.7000,1133,2
2026-01-23,600036,13:23:47,37.7000,458,2
2026-01-23,600036,13:23:50,37.7100,562,1
2026-01-23,600036,13:23:53,37.7000,1325,2
2026-01-23,600036,13:23:56,37.7000,5090,2
2026-01-23,600036,13:23:59,37.7000,431,1
2026-01-23,600036,13:24:02,37.7000,2308,1
2026-01-23,600036,13:24:05,37.6900,1189,2
2026-01-23,600036,13:24:08,37.6900,383,1
2026-01-23,600036,13:24:11,37.6900,399,1
2026-01-23,600036,13:24:14,37.6900,604,2
2026-01-23,600036,13:24:17,37.6800,2476,2
2026-01-23,600036,13:24:20,37.6800,1180,1
2026-01-23,600036,13:24:23,37.7100,1519,1
2026-01-23,600036,13:24:26,37.6900,1047,2
2026-01-23,600036,13:24:29,37.7000,210,4
2026-01-23,600036,13:24:32,37.7000,101,1
2026-01-23,600036,13:24:35,37.7000,951,1
2026-01-23,600036,13:24:38,37.6900,1324,2
2026-01-23,600036,13:24:41,37.7300,2133,1
2026-01-23,600036,13:24:44,37.7100,1165,1
2026-01-23,600036,13:24:47,37.6900,356,2
2026-01-23,600036,13:24:50,37.6800,422,2
2026-01-23,600036,13:24:53,37.6800,178,2
2026-01-23,600036,13:24:56,37.6800,468,2
2026-01-23,600036,13:24:59,37.6900,341,2
2026-01-23,600036,13:25:02,37.7100,1200,1
2026-01-23,600036,13:25:05,37.7200,388,1
2026-01-23,600036,13:25:08,37.7200,360,1
2026-01-23,600036,13:25:11,37.7100,3597,2
2026-01-23,600036,13:25:14,37.7100,358,1
2026-01-23,600036,13:25:17,37.7000,311,4
2026-01-23,600036,13:25:20,37.6900,471,2
2026-01-23,600036,13:25:23,37.6900,392,2
2026-01-23,600036,13:25:26,37.6900,394,1
2026-01-23,600036,13:25:29,37.6900,626,1
2026-01-23,600036,13:25:32,37.7100,208,1
2026-01-23,600036,13:25:35,37.6900,1949,2
2026-01-23,600036,13:25:38,37.7000,240,4
2026-01-23,600036,13:25:41,37.7100,245,1
2026-01-23,600036,13:25:44,37.7100,470,1
2026-01-23,600036,13:25:47,37.6900,432,2
2026-01-23,600036,13:25:50,37.7100,190,1
2026-01-23,600036,13:25:53,37.7000,369,2
2026-01-23,600036,13:25:56,37.6900,719,2
2026-01-23,600036,13:25:59,37.6900,597,2
2026-01-23,600036,13:26:02,37.7000,912,1
2026-01-23,600036,13:26:05,37.7000,374,1
2026-01-23,600036,13:26:08,37.6900,2730,2
2026-01-23,600036,13:26:11,37.6900,305,1
2026-01-23,600036,13:26:14,37.6900,544,1
2026-01-23,600036,13:26:17,37.6700,1908,2
2026-01-23,600036,13:26:20,37.6900,574,1
2026-01-23,600036,13:26:23,37.6800,272,2
2026-01-23,600036,13:26:26,37.7000,234,1
2026-01-23,600036,13:26:29,37.6900,8166,1
2026-01-23,600036,13:26:32,37.7000,380,1
2026-01-23,600036,13:26:35,37.7000,406,2
2026-01-23,600036,13:26:38,37.6900,648,2
2026-01-23,600036,13:26:41,37.7000,405,1
2026-01-23,600036,13:26:44,37.6900,256,2
2026-01-23,600036,13:26:47,37.7000,142,1
2026-01-23,600036,13:26:50,37.6900,213,2
2026-01-23,600036,13:26:53,37.6900,261,2
2026-01-23,600036,13:26:56,37.6900,168,2
2026-01-23,600036,13:26:59,37.6700,1981,2
2026-01-23,600036,13:27:02,37.6700,362,2
2026-01-23,600036,13:27:05,37.6700,442,2
2026-01-23,600036,13:27:08,37.6700,305,2
2026-01-23,600036,13:27:11,37.6700,4504,2
2026-01-23,600036,13:27:14,37.6700,1670,1
2026-01-23,600036,13:27:17,37.6700,360,1
2026-01-23,600036,13:27:20,37.6800,194,1
2026-01-23,600036,13:27:23,37.6700,335,2
2026-01-23,600036,13:27:26,37.6700,212,1
2026-01-23,600036,13:27:29,37.6600,222,2
2026-01-23,600036,13:27:32,37.6800,283,1
2026-01-23,600036,13:27:35,37.6600,364,2
2026-01-23,600036,13:27:38,37.6700,137,4
2026-01-23,600036,13:27:41,37.6800,186,1
2026-01-23,600036,13:27:44,37.6800,514,2
2026-01-23,600036,13:27:47,37.6900,522,1
2026-01-23,600036,13:27:50,37.6800,312,2
2026-01-23,600036,13:27:53,37.6800,4533,2
2026-01-23,600036,13:27:56,37.6800,717,1
2026-01-23,600036,13:27:59,37.6800,918,1
2026-01-23,600036,13:28:02,37.6800,386,1
2026-01-23,600036,13:28:05,37.6800,506,1
2026-01-23,600036,13:28:08,37.6700,518,2
2026-01-23,600036,13:28:11,37.6800,1144,1
2026-01-23,600036,13:28:14,37.6800,1286,1
2026-01-23,600036,13:28:17,37.6900,1413,1
2026-01-23,600036,13:28:20,37.6800,255,2
2026-01-23,600036,13:28:23,37.6900,239,1
2026-01-23,600036,13:28:26,37.6900,446,1
2026-01-23,600036,13:28:29,37.6800,2132,2
2026-01-23,600036,13:28:32,37.6700,431,2
2026-01-23,600036,13:28:35,37.6600,204,2
2026-01-23,600036,13:28:38,37.6600,6507,2
2026-01-23,600036,13:28:41,37.6600,752,1
2026-01-23,600036,13:28:44,37.6600,1017,1
2026-01-23,600036,13:28:47,37.6500,355,2
2026-01-23,600036,13:28:50,37.6400,3267,2
2026-01-23,600036,13:28:53,37.6400,258,2
2026-01-23,600036,13:28:56,37.6400,275,2
2026-01-23,600036,13:28:59,37.6300,1182,2
2026-01-23,600036,13:29:02,37.6400,4217,1
2026-01-23,600036,13:29:05,37.6400,689,2
2026-01-23,600036,13:29:08,37.6400,486,2
2026-01-23,600036,13:29:11,37.6400,3887,2
2026-01-23,600036,13:29:14,37.6300,314,2
2026-01-23,600036,13:29:17,37.6400,162,1
2026-01-23,600036,13:29:20,37.6400,448,1
2026-01-23,600036,13:29:23,37.6300,1193,2
2026-01-23,600036,13:29:26,37.6400,4073,1
2026-01-23,600036,13:29:29,37.6400,559,1
2026-01-23,600036,13:29:32,37.6300,2433,2
2026-01-23,600036,13:29:35,37.6400,1006,1
2026-01-23,600036,13:29:38,37.6300,203,2
2026-01-23,600036,13:29:41,37.6400,139,1
2026-01-23,600036,13:29:44,37.6800,9416,1
2026-01-23,600036,13:29:47,37.6800,3441,1
2026-01-23,600036,13:29:50,37.6700,135,4
2026-01-23,600036,13:29:53,37.6700,244,1
2026-01-23,600036,13:29:56,37.6600,844,2
2026-01-23,600036,13:29:59,37.6600,721,1
2026-01-23,600036,13:30:02,37.6600,325,1
2026-01-23,600036,13:30:05,37.6600,925,1
2026-01-23,600036,13:30:08,37.6500,651,2
2026-01-23,600036,13:30:11,37.6500,802,1
2026-01-23,600036,13:30:14,37.6500,95,1
2026-01-23,600036,13:30:17,37.6400,1928,2
2026-01-23,600036,13:30:20,37.6300,4475,2
2026-01-23,600036,13:30:23,37.6300,423,1
2026-01-23,600036,13:30:26,37.6300,855,1
2026-01-23,600036,13:30:29,37.6200,4367,2
2026-01-23,600036,13:30:32,37.6200,1331,1
2026-01-23,600036,13:30:35,37.6200,3068,1
2026-01-23,600036,13:30:38,37.6200,115,1
2026-01-23,600036,13:30:41,37.6100,2878,2
2026-01-23,600036,13:30:44,37.6100,424,1
2026-01-23,600036,13:30:47,37.6100,323,1
2026-01-23,600036,13:30:50,37.6000,8885,2
2026-01-23,600036,13:30:53,37.6000,1409,1
2026-01-23,600036,13:30:56,37.5800,380,2
2026-01-23,600036,13:30:59,37.5900,523,4
2026-01-23,600036,13:31:02,37.5700,10887,2
2026-01-23,600036,13:31:05,37.5700,2315,2
2026-01-23,600036,13:31:08,37.5700,1388,1
2026-01-23,600036,13:31:11,37.5800,1297,1
2026-01-23,600036,13:31:14,37.5800,1007,1
2026-01-23,600036,13:31:17,37.5800,335,1
2026-01-23,600036,13:31:20,37.5700,665,2
2026-01-23,600036,13:31:23,37.5700,741,2
2026-01-23,600036,13:31:26,37.5700,733,1
2026-01-23,600036,13:31:29,37.5600,2882,2
2026-01-23,600036,13:31:32,37.5700,1261,1
2026-01-23,600036,13:31:35,37.5600,780,2
2026-01-23,600036,13:31:38,37.5700,318,1
2026-01-23,600036,13:31:41,37.5500,5743,2
2026-01-23,600036,13:31:44,37.5700,2121,1
2026-01-23,600036,13:31:47,37.5400,1214,2
2026-01-23,600036,13:31:50,37.5500,579,2
2026-01-23,600036,13:31:53,37.5500,250,2
2026-01-23,600036,13:31:56,37.5600,278,1
2026-01-23,600036,13:31:59,37.5700,1382,1
2026-01-23,600036,13:32:02,37.5600,555,2
2026-01-23,600036,13:32:05,37.5600,348,1
2026-01-23,600036,13:32:08,37.5800,946,1
2026-01-23,600036,13:32:11,37.5800,700,2
2026-01-23,600036,13:32:14,37.5700,298,2
2026-01-23,600036,13:32:17,37.5800,312,1
2026-01-23,600036,13:32:20,37.5800,296,4
2026-01-23,600036,13:32:23,37.5900,332,1
2026-01-23,600036,13:32:26,37.5900,300,1
2026-01-23,600036,13:32:29,37.5800,236,4
2026-01-23,600036,13:32:32,37.5900,407,1
2026-01-23,600036,13:32:35,37.6000,381,1
2026-01-23,600036,13:32:38,37.5900,410,2
2026-01-23,600036,13:32:41,37.6000,157,1
2026-01-23,600036,13:32:44,37.6000,300,1
2026-01-23,600036,13:32:47,37.6000,597,1
2026-01-23,600036,13:32:50,37.5900,469,2
2026-01-23,600036,13:32:53,37.6000,258,1
2026-01-23,600036,13:32:56,37.6000,233,2
2026-01-23,600036,13:32:59,37.6100,192,1
2026-01-23,600036,13:33:02,37.6100,311,1
2026-01-23,600036,13:33:05,37.6100,232,1
2026-01-23,600036,13:33:08,37.6100,660,1
2026-01-23,600036,13:33:11,37.6000,2093,2
2026-01-23,600036,13:33:14,37.5900,213,2
2026-01-23,600036,13:33:17,37.5900,165,1
2026-01-23,600036,13:33:20,37.6000,224,1
2026-01-23,600036,13:33:23,37.6000,563,1
2026-01-23,600036,13:33:26,37.6100,1085,1
2026-01-23,600036,13:33:29,37.6400,76,1
2026-01-23,600036,13:33:32,37.6500,85,1
2026-01-23,600036,13:33:35,37.6600,380,1
2026-01-23,600036,13:33:38,37.6500,56,2
2026-01-23,600036,13:33:41,37.6600,53,1
2026-01-23,600036,13:33:44,37.6400,1971,2
2026-01-23,600036,13:33:47,37.6500,596,1
2026-01-23,600036,13:33:50,37.6400,155,4
2026-01-23,600036,13:33:53,37.6300,196,2
2026-01-23,600036,13:33:56,37.6300,604,2
2026-01-23,600036,13:33:59,37.6500,325,1
2026-01-23,600036,13:34:02,37.6500,22,1
2026-01-23,600036,13:34:05,37.6400,128,2
2026-01-23,600036,13:34:08,37.6500,212,1
2026-01-23,600036,13:34:11,37.6500,161,1
2026-01-23,600036,13:34:14,37.6500,592,1
2026-01-23,600036,13:34:17,37.6500,380,1
2026-01-23,600036,13:34:20,37.6500,75,2
2026-01-23,600036,13:34:23,37.6600,72,1
2026-01-23,600036,13:34:26,37.6700,91,1
2026-01-23,600036,13:34:29,37.6900,532,1
2026-01-23,600036,13:34:32,37.6800,264,1
2026-01-23,600036,13:34:35,37.6800,299,1
2026-01-23,600036,13:34:38,37.6800,96,2
2026-01-23,600036,13:34:41,37.6900,1471,1
2026-01-23,600036,13:34:44,37.6900,352,1
2026-01-23,600036,13:34:47,37.6800,600,2
2026-01-23,600036,13:34:50,37.6800,176,1
2026-01-23,600036,13:34:53,37.6800,278,1
2026-01-23,600036,13:34:56,37.6800,36,1
2026-01-23,600036,13:34:59,37.6700,339,2
2026-01-23,600036,13:35:02,37.6700,94,1
2026-01-23,600036,13:35:05,37.6700,1186,1
2026-01-23,600036,13:35:08,37.6700,83,1
2026-01-23,600036,13:35:11,37.6600,58,2
2026-01-23,600036,13:35:14,37.6700,259,1
2026-01-23,600036,13:35:17,37.6700,609,2
2026-01-23,600036,13:35:20,37.6800,107,1
2026-01-23,600036,13:35:23,37.6800,21,1
2026-01-23,600036,13:35:26,37.6700,883,2
2026-01-23,600036,13:35:29,37.6800,347,1
2026-01-23,600036,13:35:32,37.6800,16,1
2026-01-23,600036,13:35:35,37.6700,144,2
2026-01-23,600036,13:35:38,37.6800,329,1
2026-01-23,600036,13:35:41,37.6700,474,2
2026-01-23,600036,13:35:44,37.6700,67,1
2026-01-23,600036,13:35:47,37.6600,374,2
2026-01-23,600036,13:35:50,37.6500,320,2
2026-01-23,600036,13:35:53,37.6500,173,1
2026-01-23,600036,13:35:56,37.6500,11,1
2026-01-23,600036,13:35:59,37.6400,358,2
2026-01-23,600036,13:36:02,37.6300,546,2
2026-01-23,600036,13:36:05,37.6500,354,1
2026-01-23,600036,13:36:08,37.6500,54,1
2026-01-23,600036,13:36:11,37.6400,178,2
2026-01-23,600036,13:36:14,37.6400,262,2
2026-01-23,600036,13:36:17,37.6500,191,1
2026-01-23,600036,13:36:20,37.6500,51,1
2026-01-23,600036,13:36:23,37.6500,228,1
2026-01-23,600036,13:36:26,37.6500,77,1
2026-01-23,600036,13:36:29,37.6500,157,1
2026-01-23,600036,13:36:32,37.6500,133,1
2026-01-23,600036,13:36:35,37.6600,1222,1
2026-01-23,600036,13:36:38,37.6600,54,1
2026-01-23,600036,13:36:41,37.6600,355,1
2026-01-23,600036,13:36:44,37.6500,533,2
2026-01-23,600036,13:36:47,37.6400,229,2
2026-01-23,600036,13:36:50,37.6400,420,2
2026-01-23,600036,13:36:53,37.6300,47,2
2026-01-23,600036,13:36:56,37.6500,1330,1
2026-01-23,600036,13:36:59,37.6500,132,1
2026-01-23,600036,13:37:02,37.6400,144,2
2026-01-23,600036,13:37:05,37.6300,282,2
2026-01-23,600036,13:37:08,37.6400,416,1
2026-01-23,600036,13:37:11,37.6400,147,1
2026-01-23,600036,13:37:14,37.6300,142,2
2026-01-23,600036,13:37:17,37.6400,63,1
2026-01-23,600036,13:37:20,37.6400,311,1
2026-01-23,600036,13:37:23,37.6400,165,1
2026-01-23,600036,13:37:26,37.6300,589,2
2026-01-23,600036,13:37:29,37.6400,333,1
2026-01-23,600036,13:37:32,37.6300,1327,2
2026-01-23,600036,13:37:35,37.6400,26,1
2026-01-23,600036,13:37:38,37.6300,308,2
2026-01-23,600036,13:37:41,37.6400,179,4
2026-01-23,600036,13:37:44,37.6500,870,1
2026-01-23,600036,13:37:47,37.6500,122,1
2026-01-23,600036,13:37:50,37.6400,156,2
2026-01-23,600036,13:37:53,37.6300,119,2
2026-01-23,600036,13:37:56,37.6300,267,2
2026-01-23,600036,13:37:59,37.6400,211,1
2026-01-23,600036,13:38:02,37.6400,165,1
2026-01-23,600036,13:38:05,37.6300,285,2
2026-01-23,600036,13:38:08,37.6300,41,1
2026-01-23,600036,13:38:11,37.6300,333,1
2026-01-23,600036,13:38:14,37.6400,53,1
2026-01-23,600036,13:38:17,37.6400,2393,1
2026-01-23,600036,13:38:20,37.6600,83,1
2026-01-23,600036,13:38:23,37.6300,50,2
2026-01-23,600036,13:38:26,37.6500,50,1
2026-01-23,600036,13:38:29,37.6400,130,2
2026-01-23,600036,13:38:32,37.6300,43,2
2026-01-23,600036,13:38:35,37.6300,1110,2
2026-01-23,600036,13:38:38,37.6300,162,2
2026-01-23,600036,13:38:41,37.6400,172,2
2026-01-23,600036,13:38:44,37.6400,38,1
2026-01-23,600036,13:38:47,37.6300,300,2
2026-01-23,600036,13:38:50,37.6300,78,1
2026-01-23,600036,13:38:53,37.6300,1084,2
2026-01-23,600036,13:38:56,37.6300,78,2
2026-01-23,600036,13:38:59,37.6300,46,2
2026-01-23,600036,13:39:02,37.6400,215,1
2026-01-23,600036,13:39:05,37.6500,93,1
2026-01-23,600036,13:39:08,37.6500,94,1
2026-01-23,600036,13:39:11,37.6400,280,2
2026-01-23,600036,13:39:14,37.6300,884,2
2026-01-23,600036,13:39:17,37.6300,123,1
2026-01-23,600036,13:39:20,37.6200,145,2
2026-01-23,600036,13:39:23,37.6200,114,2
2026-01-23,600036,13:39:26,37.6100,724,2
2026-01-23,600036,13:39:29,37.6200,72,1
2026-01-23,600036,13:39:32,37.6200,26,1
2026-01-23,600036,13:39:35,37.6200,162,1
2026-01-23,600036,13:39:38,37.6100,168,2
2026-01-23,600036,13:39:41,37.6000,219,2
2026-01-23,600036,13:39:44,37.6100,244,1
2026-01-23,600036,13:39:47,37.6100,2329,1
2026-01-23,600036,13:39:50,37.6100,181,2
2026-01-23,600036,13:39:53,37.6100,161,2
2026-01-23,600036,13:39:56,37.6100,102,2
2026-01-23,600036,13:39:59,37.6100,53,1
2026-01-23,600036,13:40:02,37.6100,263,1
2026-01-23,600036,13:40:05,37.6100,91,1
2026-01-23,600036,13:40:08,37.6100,132,1
2026-01-23,600036,13:40:11,37.6100,260,1
2026-01-23,600036,13:40:14,37.6000,385,2
2026-01-23,600036,13:40:17,37.6100,91,1
2026-01-23,600036,13:40:20,37.6100,490,1
2026-01-23,600036,13:40:23,37.6200,526,1
2026-01-23,600036,13:40:26,37.6100,251,2
2026-01-23,600036,13:40:29,37.6200,202,1
2026-01-23,600036,13:40:32,37.6200,44,2
2026-01-23,600036,13:40:35,37.6300,138,1
2026-01-23,600036,13:40:38,37.6300,110,1
2026-01-23,600036,13:40:41,37.6300,50,1
2026-01-23,600036,13:40:44,37.6300,87,1
2026-01-23,600036,13:40:47,37.6300,108,1
2026-01-23,600036,13:40:50,37.6200,131,2
2026-01-23,600036,13:40:53,37.6200,136,2
2026-01-23,600036,13:40:56,37.6100,341,2
2026-01-23,600036,13:40:59,37.6300,407,1
2026-01-23,600036,13:41:02,37.6100,177,2
2026-01-23,600036,13:41:05,37.6300,209,1
2026-01-23,600036,13:41:08,37.6200,116,4
2026-01-23,600036,13:41:11,37.6300,660,1
2026-01-23,600036,13:41:14,37.6200,48,4
2026-01-23,600036,13:41:17,37.6100,42,2
2026-01-23,600036,13:41:20,37.6200,90,4
2026-01-23,600036,13:41:23,37.6200,643,1
2026-01-23,600036,13:41:26,37.6300,161,1
2026-01-23,600036,13:41:29,37.6300,83,1
2026-01-23,600036,13:41:32,37.6200,4595,2
2026-01-23,600036,13:41:35,37.6300,149,1
2026-01-23,600036,13:41:38,37.6300,117,1
2026-01-23,600036,13:41:41,37.6300,91,1
2026-01-23,600036,13:41:44,37.6300,285,1
2026-01-23,600036,13:41:47,37.6300,250,2
2026-01-23,600036,13:41:50,37.6300,83,2
2026-01-23,600036,13:41:53,37.6400,26,1
2026-01-23,600036,13:41:56,37.6200,238,2
2026-01-23,600036,13:41:59,37.6400,524,1
2026-01-23,600036,13:42:02,37.6200,134,2
2026-01-23,600036,13:42:05,37.6200,44,1
2026-01-23,600036,13:42:08,37.6200,240,1
2026-01-23,600036,13:42:11,37.6200,99,1
2026-01-23,600036,13:42:14,37.6200,259,1
2026-01-23,600036,13:42:17,37.6100,430,2
2026-01-23,600036,13:42:20,37.6200,200,1
2026-01-23,600036,13:42:23,37.6200,70,2
2026-01-23,600036,13:42:26,37.6200,80,2
2026-01-23,600036,13:42:29,37.6100,673,2
2026-01-23,600036,13:42:32,37.6200,27,1
2026-01-23,600036,13:42:35,37.6200,92,1
2026-01-23,600036,13:42:38,37.6200,53,1
2026-01-23,600036,13:42:41,37.6100,186,2
2026-01-23,600036,13:42:44,37.6200,21,1
2026-01-23,600036,13:42:47,37.6200,266,1
2026-01-23,600036,13:42:50,37.6200,90,2
2026-01-23,600036,13:42:53,37.6100,389,2
2026-01-23,600036,13:42:56,37.6200,65,1
2026-01-23,600036,13:42:59,37.6200,78,2
2026-01-23,600036,13:43:02,37.6100,188,2
2026-01-23,600036,13:43:05,37.6200,268,1
2026-01-23,600036,13:43:08,37.6200,257,2
2026-01-23,600036,13:43:11,37.6300,202,1
2026-01-23,600036,13:43:14,37.6200,133,2
2026-01-23,600036,13:43:17,37.6300,32,1
2026-01-23,600036,13:43:20,37.6300,253,1
2026-01-23,600036,13:43:23,37.6300,90,2
2026-01-23,600036,13:43:26,37.6200,124,2
2026-01-23,600036,13:43:29,37.6200,113,2
2026-01-23,600036,13:43:32,37.6300,8,4
2026-01-23,600036,13:43:35,37.6200,111,2
2026-01-23,600036,13:43:38,37.6300,1005,4
2026-01-23,600036,13:43:41,37.6200,190,2
2026-01-23,600036,13:43:44,37.6300,908,2
2026-01-23,600036,13:43:47,37.6400,33,1
2026-01-23,600036,13:43:50,37.6400,65,2
2026-01-23,600036,13:43:53,37.6400,34,2
2026-01-23,600036,13:43:56,37.6400,200,2
2026-01-23,600036,13:43:59,37.6500,49,1
2026-01-23,600036,13:44:02,37.6400,901,2
2026-01-23,600036,13:44:05,37.6400,256,2
2026-01-23,600036,13:44:08,37.6400,32,1
2026-01-23,600036,13:44:11,37.6400,70,1
2026-01-23,600036,13:44:14,37.6300,294,2
2026-01-23,600036,13:44:17,37.6100,392,2
2026-01-23,600036,13:44:20,37.6300,82,1
2026-01-23,600036,13:44:23,37.6300,23,2
2026-01-23,600036,13:44:26,37.6300,481,2
2026-01-23,600036,13:44:29,37.6300,48,1
2026-01-23,600036,13:44:32,37.6300,12,1
2026-01-23,600036,13:44:35,37.6300,172,1
2026-01-23,600036,13:44:38,37.6200,161,2
2026-01-23,600036,13:44:41,37.6100,953,2
2026-01-23,600036,13:44:44,37.6100,698,1
2026-01-23,600036,13:44:47,37.6100,62,4
2026-01-23,600036,13:44:50,37.6100,1827,1
2026-01-23,600036,13:44:53,37.6000,731,2
2026-01-23,600036,13:44:56,37.6200,721,1
2026-01-23,600036,13:44:59,37.6000,298,2
2026-01-23,600036,13:45:02,37.6100,1159,1
2026-01-23,600036,13:45:05,37.6000,101,2
2026-01-23,600036,13:45:08,37.6100,469,1
2026-01-23,600036,13:45:11,37.6100,91,2
2026-01-23,600036,13:45:14,37.6100,92,2
2026-01-23,600036,13:45:17,37.6100,62,2
2026-01-23,600036,13:45:20,37.6200,61,1
2026-01-23,600036,13:45:23,37.6100,143,2
2026-01-23,600036,13:45:26,37.6100,733,2
2026-01-23,600036,13:45:29,37.6100,761,1
2026-01-23,600036,13:45:32,37.6100,57,1
2026-01-23,600036,13:45:35,37.6100,339,1
2026-01-23,600036,13:45:38,37.6100,1113,1
2026-01-23,600036,13:45:41,37.6200,329,1
2026-01-23,600036,13:45:44,37.6200,686,1
2026-01-23,600036,13:45:47,37.6200,317,1
2026-01-23,600036,13:45:50,37.6200,113,2
2026-01-23,600036,13:45:53,37.6300,127,1
2026-01-23,600036,13:45:56,37.6200,12,2
2026-01-23,600036,13:45:59,37.6200,1315,2
2026-01-23,600036,13:46:02,37.6200,221,2
2026-01-23,600036,13:46:05,37.6000,5888,2
2026-01-23,600036,13:46:08,37.6100,288,1
2026-01-23,600036,13:46:11,37.6100,57,1
2026-01-23,600036,13:46:14,37.6100,578,1
2026-01-23,600036,13:46:17,37.5900,641,2
2026-01-23,600036,13:46:20,37.6000,36,2
2026-01-23,600036,13:46:23,37.6100,208,1
2026-01-23,600036,13:46:26,37.6100,39,1
2026-01-23,600036,13:46:29,37.6000,54,2
2026-01-23,600036,13:46:32,37.6000,129,2
2026-01-23,600036,13:46:35,37.6000,171,2
2026-01-23,600036,13:46:38,37.6100,461,1
2026-01-23,600036,13:46:41,37.6000,186,2
2026-01-23,600036,13:46:44,37.6000,546,1
2026-01-23,600036,13:46:47,37.6100,1280,1
2026-01-23,600036,13:46:50,37.6100,151,2
2026-01-23,600036,13:46:53,37.6200,247,1
2026-01-23,600036,13:46:56,37.6200,286,1
2026-01-23,600036,13:46:59,37.6200,99,2
2026-01-23,600036,13:47:02,37.6300,154,1
2026-01-23,600036,13:47:05,37.6200,482,2
2026-01-23,600036,13:47:08,37.6200,1280,1
2026-01-23,600036,13:47:11,37.6300,21,1
2026-01-23,600036,13:47:14,37.6300,478,1
2026-01-23,600036,13:47:17,37.6300,233,1
2026-01-23,600036,13:47:20,37.6300,102,1
2026-01-23,600036,13:47:23,37.6300,290,1
2026-01-23,600036,13:47:26,37.6400,279,1
2026-01-23,600036,13:47:29,37.6400,125,1
2026-01-23,600036,13:47:32,37.6400,973,1
2026-01-23,600036,13:47:35,37.6500,151,1
2026-01-23,600036,13:47:38,37.6400,551,2
2026-01-23,600036,13:47:41,37.6300,416,2
2026-01-23,600036,13:47:44,37.6400,97,1
2026-01-23,600036,13:47:47,37.6400,29,2
2026-01-23,600036,13:47:50,37.6300,61,2
2026-01-23,600036,13:47:53,37.6300,247,2
2026-01-23,600036,13:47:56,37.6300,40,1
2026-01-23,600036,13:47:59,37.6300,53,1
2026-01-23,600036,13:48:02,37.6300,347,1
2026-01-23,600036,13:48:05,37.6200,645,2
2026-01-23,600036,13:48:08,37.6300,156,1
2026-01-23,600036,13:48:11,37.6300,80,1
2026-01-23,600036,13:48:14,37.6200,145,2
2026-01-23,600036,13:48:17,37.6300,140,1
2026-01-23,600036,13:48:20,37.6200,82,2
2026-01-23,600036,13:48:23,37.6200,69,1
2026-01-23,600036,13:48:26,37.6100,2360,2
2026-01-23,600036,13:48:29,37.6100,156,2
2026-01-23,600036,13:48:32,37.6100,89,1
2026-01-23,600036,13:48:35,37.6100,188,1
2026-01-23,600036,13:48:38,37.5900,5370,2
2026-01-23,600036,13:48:41,37.5900,1290,2
2026-01-23,600036,13:48:44,37.6000,103,1
2026-01-23,600036,13:48:47,37.5900,32,4
2026-01-23,600036,13:48:50,37.5900,3530,2
2026-01-23,600036,13:48:53,37.5900,145,2
2026-01-23,600036,13:48:56,37.5800,378,2
2026-01-23,600036,13:48:59,37.5900,236,4
2026-01-23,600036,13:49:02,37.5900,916,2
2026-01-23,600036,13:49:05,37.6000,2051,1
2026-01-23,600036,13:49:08,37.6000,239,1
2026-01-23,600036,13:49:11,37.6000,87,1
2026-01-23,600036,13:49:14,37.6000,109,1
2026-01-23,600036,13:49:17,37.6000,141,1
2026-01-23,600036,13:49:20,37.6000,137,1
2026-01-23,600036,13:49:23,37.5900,200,2
2026-01-23,600036,13:49:26,37.5900,214,2
2026-01-23,600036,13:49:29,37.5900,801,1
2026-01-23,600036,13:49:32,37.6000,82,1
2026-01-23,600036,13:49:35,37.6000,247,1
2026-01-23,600036,13:49:38,37.6000,346,1
2026-01-23,600036,13:49:41,37.5900,302,2
2026-01-23,600036,13:49:44,37.5900,17,2
2026-01-23,600036,13:49:47,37.6000,144,1
2026-01-23,600036,13:49:50,37.6000,106,1
2026-01-23,600036,13:49:53,37.6000,98,1
2026-01-23,600036,13:49:56,37.6000,36,1
2026-01-23,600036,13:49:59,37.6000,98,1
2026-01-23,600036,13:50:02,37.6000,352,1
2026-01-23,600036,13:50:05,37.6000,1111,1
2026-01-23,600036,13:50:08,37.6000,205,2
2026-01-23,600036,13:50:11,37.6000,15,2
2026-01-23,600036,13:50:14,37.6100,1078,1
2026-01-23,600036,13:50:17,37.6000,247,2
2026-01-23,600036,13:50:20,37.6000,159,1
2026-01-23,600036,13:50:23,37.6000,302,1
2026-01-23,600036,13:50:26,37.6000,417,1
2026-01-23,600036,13:50:29,37.5900,153,2
2026-01-23,600036,13:50:32,37.5900,86,1
2026-01-23,600036,13:50:35,37.5900,56,1
2026-01-23,600036,13:50:38,37.5900,1312,1
2026-01-23,600036,13:50:41,37.5800,702,2
2026-01-23,600036,13:50:44,37.5800,337,1
2026-01-23,600036,13:50:47,37.5800,3220,1
2026-01-23,600036,13:50:50,37.5700,156,2
2026-01-23,600036,13:50:53,37.5700,79,2
2026-01-23,600036,13:50:56,37.5800,209,1
2026-01-23,600036,13:50:59,37.5700,414,2
2026-01-23,600036,13:51:02,37.6000,472,1
2026-01-23,600036,13:51:05,37.6000,455,1
2026-01-23,600036,13:51:08,37.5900,28,1
2026-01-23,600036,13:51:11,37.5900,93,1
2026-01-23,600036,13:51:14,37.5900,266,1
2026-01-23,600036,13:51:17,37.5800,301,2
2026-01-23,600036,13:51:20,37.5900,343,1
2026-01-23,600036,13:51:23,37.6000,77,1
2026-01-23,600036,13:51:26,37.5900,203,2
2026-01-23,600036,13:51:29,37.5900,70,2
2026-01-23,600036,13:51:32,37.5900,156,2
2026-01-23,600036,13:51:35,37.5900,1823,1
2026-01-23,600036,13:51:38,37.5900,84,1
2026-01-23,600036,13:51:41,37.5900,136,2
2026-01-23,600036,13:51:44,37.6000,319,1
2026-01-23,600036,13:51:47,37.5900,270,2
2026-01-23,600036,13:51:50,37.5800,378,2
2026-01-23,600036,13:51:53,37.5900,146,1
2026-01-23,600036,13:51:56,37.5900,175,2
2026-01-23,600036,13:51:59,37.5900,225,1
2026-01-23,600036,13:52:02,37.5900,1020,1
2026-01-23,600036,13:52:05,37.6000,87,1
2026-01-23,600036,13:52:08,37.5900,108,2
2026-01-23,600036,13:52:11,37.6000,377,1
2026-01-23,600036,13:52:14,37.5900,313,2
2026-01-23,600036,13:52:17,37.5900,144,1
2026-01-23,600036,13:52:20,37.6000,105,1
2026-01-23,600036,13:52:23,37.6000,187,1
2026-01-23,600036,13:52:26,37.6000,224,1
2026-01-23,600036,13:52:29,37.6000,38,1
2026-01-23,600036,13:52:32,37.6000,29,1
2026-01-23,600036,13:52:35,37.6000,375,1
2026-01-23,600036,13:52:38,37.6000,54,1
2026-01-23,600036,13:52:41,37.6000,563,1
2026-01-23,600036,13:52:44,37.6000,31,1
2026-01-23,600036,13:52:47,37.6000,533,1
2026-01-23,600036,13:52:50,37.5900,320,2
2026-01-23,600036,13:52:53,37.5900,128,1
2026-01-23,600036,13:52:56,37.5900,119,1
2026-01-23,600036,13:52:59,37.5900,99,2
2026-01-23,600036,13:53:02,37.5900,439,2
2026-01-23,600036,13:53:05,37.5900,143,1
2026-01-23,600036,13:53:08,37.6000,1623,1
2026-01-23,600036,13:53:11,37.5900,204,2
2026-01-23,600036,13:53:14,37.5900,52,2
2026-01-23,600036,13:53:17,37.6000,984,1
2026-01-23,600036,13:53:20,37.6000,127,1
2026-01-23,600036,13:53:23,37.5900,168,2
2026-01-23,600036,13:53:26,37.5800,122,2
2026-01-23,600036,13:53:29,37.5900,110,4
2026-01-23,600036,13:53:32,37.5900,909,2
2026-01-23,600036,13:53:35,37.5900,111,2
2026-01-23,600036,13:53:38,37.6000,40,1
2026-01-23,600036,13:53:41,37.5900,31,4
2026-01-23,600036,13:53:44,37.6000,104,1
2026-01-23,600036,13:53:47,37.6000,265,1
2026-01-23,600036,13:53:50,37.6000,120,1
2026-01-23,600036,13:53:53,37.5900,250,2
2026-01-23,600036,13:53:56,37.6000,68,1
2026-01-23,600036,13:53:59,37.5900,87,2
2026-01-23,600036,13:54:02,37.5900,180,2
2026-01-23,600036,13:54:05,37.6000,333,1
2026-01-23,600036,13:54:08,37.6000,183,1
2026-01-23,600036,13:54:11,37.6000,344,2
2026-01-23,600036,13:54:14,37.6000,78,1
2026-01-23,600036,13:54:17,37.6100,62,1
2026-01-23,600036,13:54:20,37.6100,38,1
2026-01-23,600036,13:54:23,37.6100,228,1
2026-01-23,600036,13:54:26,37.6100,60,1
2026-01-23,600036,13:54:29,37.6100,91,1
2026-01-23,600036,13:54:32,37.6000,138,2
2026-01-23,600036,13:54:35,37.6100,1495,1
2026-01-23,600036,13:54:38,37.6000,54,2
2026-01-23,600036,13:54:41,37.6100,136,1
2026-01-23,600036,13:54:44,37.6100,57,1
2026-01-23,600036,13:54:47,37.6000,213,2
2026-01-23,600036,13:54:50,37.6000,73,2
2026-01-23,600036,13:54:53,37.6100,52,1
2026-01-23,600036,13:54:56,37.6000,103,2
2026-01-23,600036,13:54:59,37.6100,574,1
2026-01-23,600036,13:55:02,37.6000,635,2
2026-01-23,600036,13:55:05,37.6100,136,1
2026-01-23,600036,13:55:08,37.6100,40,1
2026-01-23,600036,13:55:11,37.6100,78,2
2026-01-23,600036,13:55:14,37.6100,18,2
2026-01-23,600036,13:55:17,37.6100,447,1
2026-01-23,600036,13:55:20,37.6100,144,1
2026-01-23,600036,13:55:23,37.6100,1619,1
2026-01-23,600036,13:55:26,37.6100,108,2
2026-01-23,600036,13:55:29,37.6100,31,1
2026-01-23,600036,13:55:32,37.6100,225,1
2026-01-23,600036,13:55:35,37.6000,1233,2
2026-01-23,600036,13:55:38,37.6000,839,1
2026-01-23,600036,13:55:41,37.5900,3986,2
2026-01-23,600036,13:55:44,37.6000,84,1
2026-01-23,600036,13:55:47,37.6000,4,1
2026-01-23,600036,13:55:50,37.5900,1819,2
2026-01-23,600036,13:55:53,37.6000,241,1
2026-01-23,600036,13:55:56,37.5900,114,2
2026-01-23,600036,13:55:59,37.6000,158,1
2026-01-23,600036,13:56:02,37.5900,267,2
2026-01-23,600036,13:56:05,37.5900,222,1
2026-01-23,600036,13:56:08,37.5900,86,1
2026-01-23,600036,13:56:11,37.5800,427,2
2026-01-23,600036,13:56:14,37.5900,48,1
2026-01-23,600036,13:56:17,37.5900,116,1
2026-01-23,600036,13:56:20,37.5900,22,1
2026-01-23,600036,13:56:23,37.5900,124,1
2026-01-23,600036,13:56:26,37.5900,104,1
2026-01-23,600036,13:56:29,37.5800,648,2
2026-01-23,600036,13:56:32,37.5800,262,2
2026-01-23,600036,13:56:35,37.6000,3665,1
2026-01-23,600036,13:56:38,37.5900,172,4
2026-01-23,600036,13:56:41,37.6000,1962,1
2026-01-23,600036,13:56:44,37.5800,610,2
2026-01-23,600036,13:56:47,37.5800,3268,1
2026-01-23,600036,13:56:50,37.5800,55,1
2026-01-23,600036,13:56:53,37.5800,411,1
2026-01-23,600036,13:56:56,37.5800,68,1
2026-01-23,600036,13:56:59,37.5800,201,1
2026-01-23,600036,13:57:02,37.5900,64,1
2026-01-23,600036,13:57:05,37.5800,252,2
2026-01-23,600036,13:57:08,37.5900,237,1
2026-01-23,600036,13:57:11,37.5800,311,2
2026-01-23,600036,13:57:14,37.5800,70,2
2026-01-23,600036,13:57:17,37.5800,522,2
2026-01-23,600036,13:57:20,37.5800,171,1
2026-01-23,600036,13:57:23,37.5900,1329,1
2026-01-23,600036,13:57:26,37.5800,16,2
2026-01-23,600036,13:57:29,37.5900,82,1
2026-01-23,600036,13:57:32,37.5900,321,1
2026-01-23,600036,13:57:35,37.5900,229,2
2026-01-23,600036,13:57:38,37.5900,57,1
2026-01-23,600036,13:57:41,37.5900,181,1
2026-01-23,600036,13:57:44,37.5900,208,1
2026-01-23,600036,13:57:47,37.5800,566,2
2026-01-23,600036,13:57:50,37.5900,40,1
2026-01-23,600036,13:57:53,37.5800,190,2
2026-01-23,600036,13:57:56,37.5900,85,1
2026-01-23,600036,13:57:59,37.5800,135,2
2026-01-23,600036,13:58:02,37.6000,111,1
2026-01-23,600036,13:58:05,37.6000,242,1
2026-01-23,600036,13:58:08,37.6000,14,1
2026-01-23,600036,13:58:11,37.5900,73,2
2026-01-23,600036,13:58:14,37.6000,576,1
2026-01-23,600036,13:58:17,37.5900,298,1
2026-01-23,600036,13:58:20,37.5900,83,1
2026-01-23,600036,13:58:23,37.5800,1061,2
2026-01-23,600036,13:58:26,37.6000,108,1
2026-01-23,600036,13:58:29,37.5900,2313,2
2026-01-23,600036,13:58:32,37.5900,25,2
2026-01-23,600036,13:58:35,37.6000,132,1
2026-01-23,600036,13:58:38,37.5900,274,2
2026-01-23,600036,13:58:41,37.6000,178,1
2026-01-23,600036,13:58:44,37.5900,173,2
2026-01-23,600036,13:58:47,37.6000,475,1
2026-01-23,600036,13:58:50,37.5900,128,2
2026-01-23,600036,13:58:53,37.6000,118,1
2026-01-23,600036,13:58:56,37.6000,82,1
2026-01-23,600036,13:58:59,37.5900,617,2
2026-01-23,600036,13:59:02,37.6000,74,1
2026-01-23,600036,13:59:05,37.5900,1080,2
2026-01-23,600036,13:59:08,37.5900,182,2
2026-01-23,600036,13:59:11,37.5900,289,1
2026-01-23,600036,13:59:14,37.5900,87,1
2026-01-23,600036,13:59:17,37.5800,313,2
2026-01-23,600036,13:59:20,37.5900,65,1
2026-01-23,600036,13:59:23,37.5900,92,1
2026-01-23,600036,13:59:26,37.5900,926,1
2026-01-23,600036,13:59:29,37.6000,71,1
2026-01-23,600036,13:59:32,37.6000,24,1
2026-01-23,600036,13:59:35,37.6100,474,1
2026-01-23,600036,13:59:38,37.6100,317,1
2026-01-23,600036,13:59:41,37.6100,218,1
2026-01-23,600036,13:59:44,37.6200,159,1
2026-01-23,600036,13:59:47,37.6200,253,1
2026-01-23,600036,13:59:50,37.6200,332,2
2026-01-23,600036,13:59:53,37.6300,145,1
2026-01-23,600036,13:59:56,37.6400,165,1
2026-01-23,600036,13:59:59,37.6400,134,1
2026-01-23,600036,14:00:02,37.6400,197,1
2026-01-23,600036,14:00:05,37.6200,1332,2
2026-01-23,600036,14:00:08,37.6400,142,1
2026-01-23,600036,14:00:11,37.6500,266,1
2026-01-23,600036,14:00:14,37.6500,22,1
2026-01-23,600036,14:00:17,37.6500,384,1
2026-01-23,600036,14:00:20,37.6500,63,1
2026-01-23,600036,14:00:23,37.6500,65,1
2026-01-23,600036,14:00:26,37.6500,77,1
2026-01-23,600036,14:00:29,37.6400,437,2
2026-01-23,600036,14:00:32,37.6500,150,1
2026-01-23,600036,14:00:35,37.6400,172,2
2026-01-23,600036,14:00:38,37.6500,308,1
2026-01-23,600036,14:00:41,37.6500,668,1
2026-01-23,600036,14:00:44,37.6600,271,1
2026-01-23,600036,14:00:47,37.6500,34,2
2026-01-23,600036,14:00:50,37.6600,86,1
2026-01-23,600036,14:00:53,37.6600,400,1
2026-01-23,600036,14:00:56,37.6500,118,2
2026-01-23,600036,14:00:59,37.6500,606,2
2026-01-23,600036,14:01:02,37.6500,156,2
2026-01-23,600036,14:01:05,37.6600,661,1
2026-01-23,600036,14:01:08,37.6700,222,1
2026-01-23,600036,14:01:11,37.6700,72,1
2026-01-23,600036,14:01:14,37.6600,807,2
2026-01-23,600036,14:01:17,37.6700,183,1
2026-01-23,600036,14:01:20,37.6700,1324,1
2026-01-23,600036,14:01:23,37.6700,235,1
2026-01-23,600036,14:01:26,37.6800,309,1
2026-01-23,600036,14:01:29,37.6700,58,2
2026-01-23,600036,14:01:32,37.6700,43,1
2026-01-23,600036,14:01:35,37.6600,192,2
2026-01-23,600036,14:01:38,37.6600,309,2
2026-01-23,600036,14:01:41,37.6800,142,1
2026-01-23,600036,14:01:44,37.6700,414,2
2026-01-23,600036,14:01:47,37.6800,328,1
2026-01-23,600036,14:01:50,37.6700,940,2
2026-01-23,600036,14:01:53,37.6700,378,2
2026-01-23,600036,14:01:56,37.6700,216,2
2026-01-23,600036,14:01:59,37.6700,127,1
2026-01-23,600036,14:02:02,37.6600,604,2
2026-01-23,600036,14:02:05,37.6500,216,2
2026-01-23,600036,14:02:08,37.6600,841,2
2026-01-23,600036,14:02:11,37.6700,71,1
2026-01-23,600036,14:02:14,37.6600,291,2
2026-01-23,600036,14:02:17,37.6600,217,2
2026-01-23,600036,14:02:20,37.6700,181,1
2026-01-23,600036,14:02:23,37.6700,329,1
2026-01-23,600036,14:02:26,37.6600,492,2
2026-01-23,600036,14:02:29,37.6600,288,1
2026-01-23,600036,14:02:32,37.6500,178,2
2026-01-23,600036,14:02:35,37.6600,16,1
2026-01-23,600036,14:02:38,37.6500,116,2
2026-01-23,600036,14:02:41,37.6600,118,1
2026-01-23,600036,14:02:44,37.6400,468,2
2026-01-23,600036,14:02:47,37.6400,176,1
2026-01-23,600036,14:02:50,37.6400,173,1
2026-01-23,600036,14:02:53,37.6400,124,2
2026-01-23,600036,14:02:56,37.6400,230,2
2026-01-23,600036,14:02:59,37.6600,275,1
2026-01-23,600036,14:03:02,37.6600,96,1
2026-01-23,600036,14:03:05,37.6600,661,1
2026-01-23,600036,14:03:08,37.6600,443,1
2026-01-23,600036,14:03:11,37.6500,254,2
2026-01-23,600036,14:03:14,37.6700,142,1
2026-01-23,600036,14:03:17,37.6700,360,1
2026-01-23,600036,14:03:20,37.6700,246,2
2026-01-23,600036,14:03:23,37.6700,260,2
2026-01-23,600036,14:03:26,37.6700,95,1
2026-01-23,600036,14:03:29,37.6700,339,1
2026-01-23,600036,14:03:32,37.6600,183,2
2026-01-23,600036,14:03:35,37.6700,340,1
2026-01-23,600036,14:03:38,37.6700,110,1
2026-01-23,600036,14:03:41,37.6700,1721,1
2026-01-23,600036,14:03:44,37.6800,186,4
2026-01-23,600036,14:03:47,37.6900,4,1
2026-01-23,600036,14:03:50,37.6900,135,1
2026-01-23,600036,14:03:53,37.6900,272,1
2026-01-23,600036,14:03:56,37.6900,261,1
2026-01-23,600036,14:03:59,37.6800,130,2
2026-01-23,600036,14:04:02,37.6900,185,1
2026-01-23,600036,14:04:05,37.6900,234,2
2026-01-23,600036,14:04:08,37.7000,274,1
2026-01-23,600036,14:04:11,37.7000,363,1
2026-01-23,600036,14:04:14,37.7000,32,1
2026-01-23,600036,14:04:17,37.6900,291,2
2026-01-23,600036,14:04:20,37.6900,1273,2
2026-01-23,600036,14:04:23,37.7000,116,1
2026-01-23,600036,14:04:26,37.7000,302,1
2026-01-23,600036,14:04:29,37.6900,81,2
2026-01-23,600036,14:04:32,37.6900,291,2
2026-01-23,600036,14:04:35,37.6900,119,1
2026-01-23,600036,14:04:38,37.7000,81,1
2026-01-23,600036,14:04:41,37.6900,519,2
2026-01-23,600036,14:04:44,37.6700,473,2
2026-01-23,600036,14:04:47,37.6700,417,2
2026-01-23,600036,14:04:50,37.6700,89,1
2026-01-23,600036,14:04:53,37.6500,619,2
2026-01-23,600036,14:04:56,37.6600,45,1
2026-01-23,600036,14:04:59,37.6600,556,1
2026-01-23,600036,14:05:02,37.6600,32,1
2026-01-23,600036,14:05:05,37.6600,781,1
2026-01-23,600036,14:05:08,37.6600,64,1
2026-01-23,600036,14:05:11,37.6600,193,1
2026-01-23,600036,14:05:14,37.6600,32,1
2026-01-23,600036,14:05:17,37.6500,38,2
2026-01-23,600036,14:05:20,37.6400,111,2
2026-01-23,600036,14:05:23,37.6400,249,2
2026-01-23,600036,14:05:26,37.6400,159,2
2026-01-23,600036,14:05:29,37.6400,371,1
2026-01-23,600036,14:05:32,37.6400,44,1
2026-01-23,600036,14:05:35,37.6300,73,2
2026-01-23,600036,14:05:38,37.6400,73,1
2026-01-23,600036,14:05:41,37.6400,441,1
2026-01-23,600036,14:05:44,37.6400,71,1
2026-01-23,600036,14:05:47,37.6400,287,1
2026-01-23,600036,14:05:50,37.6400,79,1
2026-01-23,600036,14:05:53,37.6400,196,1
2026-01-23,600036,14:05:56,37.6300,75,2
2026-01-23,600036,14:05:59,37.6300,221,2
2026-01-23,600036,14:06:02,37.6400,64,1
2026-01-23,600036,14:06:05,37.6400,132,1
2026-01-23,600036,14:06:08,37.6400,66,1
2026-01-23,600036,14:06:11,37.6600,565,1
2026-01-23,600036,14:06:14,37.6500,121,2
2026-01-23,600036,14:06:17,37.6600,23,1
2026-01-23,600036,14:06:20,37.6600,118,1
2026-01-23,600036,14:06:23,37.6500,99,2
2026-01-23,600036,14:06:26,37.6500,20,1
2026-01-23,600036,14:06:29,37.6500,308,1
2026-01-23,600036,14:06:32,37.6500,51,1
2026-01-23,600036,14:06:35,37.6400,133,2
2026-01-23,600036,14:06:38,37.6500,126,1
2026-01-23,600036,14:06:41,37.6500,31,1
2026-01-23,600036,14:06:44,37.6500,108,1
2026-01-23,600036,14:06:47,37.6500,575,1
2026-01-23,600036,14:06:50,37.6400,72,2
2026-01-23,600036,14:06:53,37.6400,299,2
2026-01-23,600036,14:06:56,37.6400,163,1
2026-01-23,600036,14:06:59,37.6300,584,2
2026-01-23,600036,14:07:02,37.6300,422,2
2026-01-23,600036,10:57:05,37.9300,37,1
2026-01-23,600036,10:57:08,37.9300,85,1
2026-01-23,600036,10:57:11,37.9200,27,2
2026-01-23,600036,10:57:14,37.9200,66,2
2026-01-23,600036,10:57:17,37.9300,100,1
2026-01-23,600036,10:57:20,37.9200,68,2
2026-01-23,600036,10:57:23,37.9300,100,1
2026-01-23,600036,10:57:26,37.9300,29,1
2026-01-23,600036,10:57:29,37.9200,41,2
2026-01-23,600036,10:57:32,37.9200,9,2
2026-01-23,600036,10:57:35,37.9300,212,1
2026-01-23,600036,10:57:38,37.9200,87,2
2026-01-23,600036,10:57:41,37.9300,35,1
2026-01-23,600036,10:57:44,37.9300,13,1
2026-01-23,600036,10:57:47,37.9300,15,1
2026-01-23,600036,10:57:50,37.9400,222,1
2026-01-23,600036,10:57:53,37.9200,93,2
2026-01-23,600036,10:57:56,37.9300,1,1
2026-01-23,600036,10:57:59,37.9300,94,1
2026-01-23,600036,10:58:02,37.9300,81,2
2026-01-23,600036,10:58:05,37.9300,178,2
2026-01-23,600036,10:58:08,37.9200,229,2
2026-01-23,600036,10:58:11,37.9100,190,2
2026-01-23,600036,10:58:14,37.9200,157,1
2026-01-23,600036,10:58:17,37.9100,20,2
2026-01-23,600036,10:58:20,37.9100,174,2
2026-01-23,600036,10:58:23,37.9100,154,2
2026-01-23,600036,10:58:26,37.9200,21,1
2026-01-23,600036,10:58:29,37.9100,43,2
2026-01-23,600036,10:58:32,37.9000,314,2
2026-01-23,600036,10:58:35,37.9200,62,2
2026-01-23,600036,10:58:38,37.9200,47,2
2026-01-23,600036,10:58:41,37.9300,510,1
2026-01-23,600036,10:58:44,37.9300,304,1
2026-01-23,600036,10:58:47,37.9200,126,2
2026-01-23,600036,10:58:50,37.9300,42,2
2026-01-23,600036,10:58:53,37.9300,6,1
2026-01-23,600036,10:58:56,37.9300,86,1
2026-01-23,600036,10:58:59,37.9300,8,1
2026-01-23,600036,10:59:02,37.9200,48,2
2026-01-23,600036,10:59:05,37.9200,45,2
2026-01-23,600036,10:59:08,37.9200,63,2
2026-01-23,600036,10:59:11,37.9200,12,2
2026-01-23,600036,10:59:14,37.9300,25,1
2026-01-23,600036,10:59:17,37.9200,60,2
2026-01-23,600036,10:59:20,37.9300,346,1
2026-01-23,600036,10:59:23,37.9200,84,2
2026-01-23,600036,10:59:26,37.9200,107,2
2026-01-23,600036,10:59:29,37.9300,109,1
2026-01-23,600036,10:59:32,37.9300,239,1
2026-01-23,600036,10:59:35,37.9400,24,1
2026-01-23,600036,10:59:38,37.9400,248,1
2026-01-23,600036,10:59:41,37.9400,73,1
2026-01-23,600036,10:59:44,37.9400,21,1
2026-01-23,600036,10:59:47,37.9300,23,2
2026-01-23,600036,10:59:50,37.9300,23,2
2026-01-23,600036,10:59:53,37.9300,23,1
2026-01-23,600036,10:59:56,37.9300,42,1
2026-01-23,600036,10:59:59,37.9300,18,1
2026-01-23,600036,11:00:02,37.9300,10,1
2026-01-23,600036,11:00:05,37.9300,123,1
2026-01-23,600036,11:00:08,37.9200,48,2
2026-01-23,600036,11:00:11,37.9200,69,2
2026-01-23,600036,11:00:14,37.9300,6,1
2026-01-23,600036,11:00:17,37.9200,54,2
2026-01-23,600036,11:00:20,37.9200,356,2
2026-01-23,600036,11:00:23,37.9200,31,2
2026-01-23,600036,11:00:26,37.9200,105,1
2026-01-23,600036,11:00:29,37.9300,11,1
2026-01-23,600036,11:00:32,37.9200,25,2
2026-01-23,600036,11:00:35,37.9300,67,1
2026-01-23,600036,11:00:38,37.9200,89,1
2026-01-23,600036,11:00:41,37.9100,48,2
2026-01-23,600036,11:00:44,37.9200,3,1
2026-01-23,600036,11:00:47,37.9200,77,1
2026-01-23,600036,11:00:50,37.9300,212,1
2026-01-23,600036,11:00:53,37.9200,44,2
2026-01-23,600036,11:00:56,37.9200,174,2
2026-01-23,600036,11:00:59,37.9200,17,2
2026-01-23,600036,11:01:02,37.9200,27,2
2026-01-23,600036,11:01:05,37.9300,30,1
2026-01-23,600036,11:01:08,37.9300,64,1
2026-01-23,600036,11:01:11,37.9300,48,1
2026-01-23,600036,11:01:14,37.9300,227,1
2026-01-23,600036,11:01:17,37.9200,122,4
2026-01-23,600036,11:01:20,37.9200,70,1
2026-01-23,600036,11:01:23,37.9200,5,1
2026-01-23,600036,11:01:26,37.9200,16,1
2026-01-23,600036,11:01:29,37.9100,30,2
2026-01-23,600036,11:01:32,37.9200,51,1
2026-01-23,600036,11:01:35,37.9200,58,1
2026-01-23,600036,11:01:38,37.9200,3,1
2026-01-23,600036,11:01:41,37.9200,62,1
2026-01-23,600036,11:01:44,37.9200,54,1
2026-01-23,600036,11:01:47,37.9100,32,2
2026-01-23,600036,11:01:50,37.9200,169,1
2026-01-23,600036,11:01:53,37.9200,50,1
2026-01-23,600036,11:01:56,37.9100,64,2
2026-01-23,600036,11:01:59,37.9200,23,1
2026-01-23,600036,11:02:02,37.9200,17,1
2026-01-23,600036,11:02:05,37.9200,42,1
2026-01-23,600036,11:02:08,37.9200,5,1
2026-01-23,600036,11:02:11,37.9200,4,1
2026-01-23,600036,11:02:14,37.9200,191,1
2026-01-23,600036,11:02:17,37.9200,140,1
2026-01-23,600036,11:02:20,37.9200,32,1
2026-01-23,600036,11:02:23,37.9200,75,1
2026-01-23,600036,11:02:26,37.9200,60,1
2026-01-23,600036,11:02:29,37.9100,435,2
2026-01-23,600036,11:02:32,37.9100,40,1
2026-01-23,600036,11:02:35,37.9100,200,1
2026-01-23,600036,11:02:38,37.9000,40,2
2026-01-23,600036,11:02:41,37.9100,16,1
2026-01-23,600036,11:02:44,37.9000,75,2
2026-01-23,600036,11:02:47,37.9000,49,2
2026-01-23,600036,11:02:50,37.9000,36,2
2026-01-23,600036,11:02:53,37.9100,188,1
2026-01-23,600036,11:02:56,37.9000,54,2
2026-01-23,600036,11:02:59,37.9000,18,2
2026-01-23,600036,11:03:02,37.9100,718,1
2026-01-23,600036,11:03:05,37.9100,105,1
2026-01-23,600036,11:03:08,37.9100,38,1
2026-01-23,600036,11:03:11,37.9100,24,1
2026-01-23,600036,11:03:14,37.9000,123,2
2026-01-23,600036,11:03:17,37.9100,50,1
2026-01-23,600036,11:03:20,37.9000,134,2
2026-01-23,600036,11:03:23,37.9000,58,1
2026-01-23,600036,11:03:26,37.9000,47,1
2026-01-23,600036,11:03:29,37.8900,100,2
2026-01-23,600036,11:03:32,37.9000,49,1
2026-01-23,600036,11:03:35,37.9000,140,1
2026-01-23,600036,11:03:38,37.8900,147,2
2026-01-23,600036,11:03:41,37.9000,11,1
2026-01-23,600036,11:03:44,37.9000,290,1
2026-01-23,600036,11:03:47,37.9000,112,1
2026-01-23,600036,11:03:50,37.8900,332,2
2026-01-23,600036,11:03:53,37.8900,84,2
2026-01-23,600036,11:03:56,37.8900,36,2
2026-01-23,600036,11:03:59,37.8900,26,2
2026-01-23,600036,11:04:02,37.8900,19,2
2026-01-23,600036,11:04:05,37.8900,57,2
2026-01-23,600036,11:04:08,37.9000,2128,1
2026-01-23,600036,11:04:11,37.9100,119,2
2026-01-23,600036,11:04:14,37.9100,62,2
2026-01-23,600036,11:04:17,37.9200,52,4
2026-01-23,600036,11:04:20,37.9200,157,2
2026-01-23,600036,11:04:23,37.9200,145,1
2026-01-23,600036,11:04:26,37.9100,235,2
2026-01-23,600036,11:04:29,37.9100,494,1
2026-01-23,600036,11:04:32,37.9000,79,2
2026-01-23,600036,11:04:35,37.9000,141,1
2026-01-23,600036,11:04:38,37.9000,28,1
2026-01-23,600036,11:04:41,37.9000,36,1
2026-01-23,600036,11:04:44,37.9000,260,1
2026-01-23,600036,11:04:47,37.9000,6,1
2026-01-23,600036,11:04:50,37.8900,53,2
2026-01-23,600036,11:04:53,37.8900,101,2
2026-01-23,600036,11:04:56,37.8900,46,2
2026-01-23,600036,11:04:59,37.8900,73,2
2026-01-23,600036,11:05:02,37.8900,41,2
2026-01-23,600036,11:05:05,37.8900,110,2
2026-01-23,600036,11:05:08,37.8900,17,2
2026-01-23,600036,11:05:11,37.8800,60,2
2026-01-23,600036,11:05:14,37.8900,684,1
2026-01-23,600036,11:05:17,37.8900,374,2
2026-01-23,600036,11:05:20,37.9000,53,1
2026-01-23,600036,11:05:23,37.8900,2,2
2026-01-23,600036,11:05:26,37.9000,51,1
2026-01-23,600036,11:05:29,37.9000,54,1
2026-01-23,600036,11:05:32,37.9000,38,1
2026-01-23,600036,11:05:35,37.8800,151,2
2026-01-23,600036,11:05:38,37.8900,111,4
2026-01-23,600036,11:05:41,37.8800,116,2
2026-01-23,600036,11:05:44,37.8900,65,2
2026-01-23,600036,11:05:47,37.9000,78,1
2026-01-23,600036,11:05:50,37.8900,60,2
2026-01-23,600036,11:05:53,37.8900,103,1
2026-01-23,600036,11:05:56,37.8900,18,1
2026-01-23,600036,11:05:59,37.8900,99,1
2026-01-23,600036,11:06:02,37.8800,179,2
2026-01-23,600036,11:06:05,37.8900,348,1
2026-01-23,600036,11:06:08,37.8900,28,1
2026-01-23,600036,11:06:11,37.9000,210,1
2026-01-23,600036,11:06:14,37.9000,701,1
2026-01-23,600036,11:06:17,37.9000,52,1
2026-01-23,600036,11:06:20,37.8900,62,2
2026-01-23,600036,11:06:23,37.8900,26,2
2026-01-23,600036,11:06:26,37.9000,5,1
2026-01-23,600036,11:06:29,37.9000,46,1
2026-01-23,600036,11:06:32,37.9000,21,1
2026-01-23,600036,11:06:35,37.9000,112,1
2026-01-23,600036,11:06:38,37.9000,104,1
2026-01-23,600036,11:06:41,37.9000,44,1
2026-01-23,600036,11:06:44,37.8900,52,2
2026-01-23,600036,11:06:47,37.8900,98,2
2026-01-23,600036,11:06:50,37.9000,32,1
2026-01-23,600036,11:06:56,37.9000,218,1
2026-01-23,600036,11:06:59,37.8900,396,2
2026-01-23,600036,11:07:02,37.8900,65,4
2026-01-23,600036,11:07:05,37.8800,84,2
2026-01-23,600036,11:07:08,37.8900,87,1
2026-01-23,600036,11:07:11,37.8900,9,1
2026-01-23,600036,11:07:14,37.8900,174,1
2026-01-23,600036,11:07:17,37.8900,77,1
2026-01-23,600036,11:07:20,37.8900,115,1
2026-01-23,600036,11:07:23,37.8900,132,1
2026-01-23,600036,11:07:26,37.8900,16,1
2026-01-23,600036,11:07:29,37.8900,24,1
2026-01-23,600036,11:07:32,37.8900,4,1
2026-01-23,600036,11:07:35,37.8900,98,1
2026-01-23,600036,11:07:38,37.8900,1100,1
2026-01-23,600036,11:07:41,37.9000,38,1
2026-01-23,600036,11:07:44,37.8900,7,2
2026-01-23,600036,11:07:47,37.8900,28,2
2026-01-23,600036,11:07:50,37.9000,55,1
2026-01-23,600036,11:07:53,37.9000,30,1
2026-01-23,600036,11:07:56,37.9000,2,1
2026-01-23,600036,11:07:59,37.8900,37,2
2026-01-23,600036,11:08:02,37.9000,15,1
2026-01-23,600036,11:08:05,37.9000,246,1
2026-01-23,600036,11:08:08,37.9100,621,1
2026-01-23,600036,11:08:11,37.9200,41,1
2026-01-23,600036,11:08:14,37.9100,41,2
2026-01-23,600036,11:08:17,37.9200,20,1
2026-01-23,600036,11:08:20,37.9100,43,2
2026-01-23,600036,11:08:23,37.9100,34,2
2026-01-23,600036,11:08:26,37.9200,31,1
2026-01-23,600036,11:08:29,37.9200,19,1
2026-01-23,600036,11:08:32,37.9200,9,1
2026-01-23,600036,11:08:35,37.9100,60,2
2026-01-23,600036,11:08:38,37.9100,52,2
2026-01-23,600036,11:08:41,37.9100,211,2
2026-01-23,600036,11:08:44,37.9200,248,1
2026-01-23,600036,11:08:47,37.9200,109,1
2026-01-23,600036,11:08:50,37.9100,109,2
2026-01-23,600036,11:08:53,37.9100,51,2
2026-01-23,600036,11:08:56,37.9200,42,1
2026-01-23,600036,11:08:59,37.9200,23,1
2026-01-23,600036,11:09:02,37.9100,10,2
2026-01-23,600036,11:09:05,37.9200,78,1
2026-01-23,600036,11:09:08,37.9200,36,1
2026-01-23,600036,11:09:11,37.9200,3,1
2026-01-23,600036,11:09:14,37.9200,17,1
2026-01-23,600036,11:09:17,37.9200,20,1
2026-01-23,600036,11:09:20,37.9100,36,2
2026-01-23,600036,11:09:23,37.9100,44,2
2026-01-23,600036,11:09:26,37.9200,75,1
2026-01-23,600036,11:09:29,37.9200,22,1
2026-01-23,600036,11:09:32,37.9200,26,1
2026-01-23,600036,11:09:35,37.9100,95,2
2026-01-23,600036,11:09:38,37.9200,59,1
2026-01-23,600036,11:09:41,37.9200,26,1
2026-01-23,600036,11:09:44,37.9100,61,2
2026-01-23,600036,11:09:47,37.9200,20,1
2026-01-23,600036,11:09:50,37.9200,34,1
2026-01-23,600036,11:09:53,37.9200,210,1
2026-01-23,600036,11:09:56,37.9200,134,1
2026-01-23,600036,11:09:59,37.9200,136,1
2026-01-23,600036,11:10:02,37.9100,179,2
2026-01-23,600036,11:10:05,37.9100,258,2
2026-01-23,600036,11:10:08,37.9100,354,2
2026-01-23,600036,11:10:11,37.9000,244,2
2026-01-23,600036,11:10:14,37.9100,175,1
2026-01-23,600036,11:10:17,37.9100,115,1
2026-01-23,600036,11:10:20,37.9000,232,2
2026-01-23,600036,11:10:23,37.8800,1683,2
2026-01-23,600036,11:10:26,37.8600,862,2
2026-01-23,600036,11:10:29,37.8600,408,2
2026-01-23,600036,11:10:32,37.8600,208,2
2026-01-23,600036,11:10:35,37.8500,3043,2
2026-01-23,600036,11:10:38,37.8300,552,2
2026-01-23,600036,11:10:41,37.8300,743,2
2026-01-23,600036,11:10:44,37.8500,750,1
2026-01-23,600036,11:10:47,37.8500,2366,1
2026-01-23,600036,11:10:50,37.8500,462,1
2026-01-23,600036,11:10:53,37.8500,207,1
2026-01-23,600036,11:10:56,37.8500,1678,2
2026-01-23,600036,11:10:59,37.8500,246,1
2026-01-23,600036,11:11:02,37.8400,150,2
2026-01-23,600036,11:11:05,37.8300,234,2
2026-01-23,600036,11:11:08,37.8300,202,2
2026-01-23,600036,11:11:11,37.8100,235,2
2026-01-23,600036,11:11:14,37.8200,121,2
2026-01-23,600036,11:11:17,37.8400,65,1
2026-01-23,600036,11:11:20,37.8300,32,2
2026-01-23,600036,11:11:23,37.8300,65,2
2026-01-23,600036,11:11:26,37.8400,402,1
2026-01-23,600036,11:11:29,37.8200,174,2
2026-01-23,600036,11:11:32,37.8200,72,2
2026-01-23,600036,11:11:35,37.8200,68,2
2026-01-23,600036,11:11:38,37.8300,209,1
2026-01-23,600036,11:11:41,37.8200,363,2
2026-01-23,600036,11:11:44,37.8100,169,2
2026-01-23,600036,11:11:47,37.8100,1067,2
2026-01-23,600036,11:11:50,37.8100,272,2
2026-01-23,600036,11:11:53,37.8100,170,2
2026-01-23,600036,11:11:56,37.8100,286,2
2026-01-23,600036,11:11:59,37.8000,365,2
2026-01-23,600036,11:12:02,37.8100,859,1
2026-01-23,600036,11:12:05,37.8100,592,2
2026-01-23,600036,11:12:08,37.8000,170,2
2026-01-23,600036,11:12:11,37.8000,196,2
2026-01-23,600036,11:12:14,37.8000,452,2
2026-01-23,600036,11:12:17,37.8100,671,1
2026-01-23,600036,11:12:20,37.8100,314,2
2026-01-23,600036,11:12:23,37.8100,273,2
2026-01-23,600036,11:12:26,37.8100,282,2
2026-01-23,600036,11:12:29,37.8200,412,1
2026-01-23,600036,11:12:32,37.8200,344,1
2026-01-23,600036,11:12:35,37.8100,335,4
2026-01-23,600036,11:12:38,37.8100,293,2
2026-01-23,600036,11:12:41,37.8100,270,2
2026-01-23,600036,11:12:44,37.8000,399,2
2026-01-23,600036,11:12:47,37.8000,366,2
2026-01-23,600036,11:12:50,37.8100,317,1
2026-01-23,600036,11:12:53,37.8000,248,2
2026-01-23,600036,11:12:56,37.8100,288,1
2026-01-23,600036,11:12:59,37.8100,323,1
2026-01-23,600036,11:13:02,37.8100,98,2
2026-01-23,600036,11:13:05,37.8200,101,1
2026-01-23,600036,11:13:08,37.8200,251,1
2026-01-23,600036,11:13:11,37.8200,255,1
2026-01-23,600036,11:13:14,37.8300,70,1
2026-01-23,600036,11:13:17,37.8300,9,2
2026-01-23,600036,11:13:20,37.8300,51,1
2026-01-23,600036,11:13:23,37.8400,200,1
2026-01-23,600036,11:13:26,37.8300,75,2
2026-01-23,600036,11:13:29,37.8300,58,2
2026-01-23,600036,11:13:32,37.8300,420,2
2026-01-23,600036,11:13:35,37.8300,321,2
2026-01-23,600036,11:13:38,37.8200,637,2
2026-01-23,600036,11:13:41,37.8100,217,2
2026-01-23,600036,11:13:44,37.8200,184,1
2026-01-23,600036,11:13:47,37.8200,440,1
2026-01-23,600036,11:13:50,37.8200,362,1
2026-01-23,600036,11:13:53,37.8200,265,1
2026-01-23,600036,11:13:56,37.8100,384,2
2026-01-23,600036,11:13:59,37.8200,432,1
2026-01-23,600036,11:14:02,37.8200,685,1
2026-01-23,600036,11:14:05,37.8100,256,4
2026-01-23,600036,11:14:08,37.8100,666,1
2026-01-23,600036,11:14:11,37.8100,640,1
2026-01-23,600036,11:14:14,37.8000,521,2
2026-01-23,600036,11:14:17,37.8100,375,1
2026-01-23,600036,11:14:20,37.8000,362,2
2026-01-23,600036,11:14:23,37.8000,557,2
2026-01-23,600036,11:14:26,37.8000,873,2
2026-01-23,600036,11:14:29,37.8000,579,2
2026-01-23,600036,11:14:32,37.8000,1344,2
2026-01-23,600036,11:14:35,37.7900,401,2
2026-01-23,600036,11:14:38,37.7900,288,2
2026-01-23,600036,11:14:41,37.7900,404,2
2026-01-23,600036,11:14:44,37.7800,152,2
2026-01-23,600036,11:14:47,37.7800,234,2
2026-01-23,600036,11:14:50,37.7800,279,2
2026-01-23,600036,11:14:53,37.7800,396,2
2026-01-23,600036,11:14:56,37.7800,454,1
2026-01-23,600036,11:14:59,37.7700,209,2
2026-01-23,600036,11:15:02,37.7700,305,2
2026-01-23,600036,11:15:05,37.7900,269,1
2026-01-23,600036,11:15:08,37.7700,325,2
2026-01-23,600036,11:15:11,37.7700,687,2
2026-01-23,600036,11:15:14,37.7900,229,2
2026-01-23,600036,11:15:17,37.7700,275,2
2026-01-23,600036,11:15:20,37.7700,296,2
2026-01-23,600036,11:15:23,37.7900,204,1
2026-01-23,600036,11:15:26,37.7800,219,2
2026-01-23,600036,11:15:29,37.7700,405,2
2026-01-23,600036,11:15:32,37.7700,407,2
2026-01-23,600036,11:15:35,37.7700,214,2
2026-01-23,600036,11:15:38,37.7900,431,1
2026-01-23,600036,11:15:41,37.7700,556,2
2026-01-23,600036,11:15:44,37.7600,477,2
2026-01-23,600036,11:15:47,37.7900,537,1
2026-01-23,600036,11:15:50,37.7600,424,2
2026-01-23,600036,11:15:53,37.7800,116,1
2026-01-23,600036,11:15:56,37.7600,561,2
2026-01-23,600036,11:15:59,37.7600,373,2
2026-01-23,600036,11:16:02,37.7600,312,2
2026-01-23,600036,11:16:05,37.7700,304,1
2026-01-23,600036,11:16:08,37.7600,359,2
2026-01-23,600036,11:16:11,37.7600,407,2
2026-01-23,600036,11:16:14,37.7500,401,2
2026-01-23,600036,11:16:17,37.7700,155,1
2026-01-23,600036,11:16:20,37.7600,207,2
2026-01-23,600036,11:16:23,37.7500,558,2
2026-01-23,600036,11:16:26,37.7500,645,2
2026-01-23,600036,11:16:29,37.7500,522,2
2026-01-23,600036,11:16:32,37.7600,131,1
2026-01-23,600036,11:16:35,37.7600,363,2
2026-01-23,600036,11:16:38,37.7600,336,2
2026-01-23,600036,11:16:41,37.7600,153,2
2026-01-23,600036,11:16:44,37.7700,306,1
2026-01-23,600036,11:16:47,37.7600,332,2
2026-01-23,600036,11:16:50,37.7800,214,1
2026-01-23,600036,11:16:53,37.7700,233,2
2026-01-23,600036,11:16:56,37.7700,399,1
2026-01-23,600036,11:16:59,37.8000,801,1
2026-01-23,600036,11:17:02,37.8000,742,2
2026-01-23,600036,11:17:05,37.7900,2156,2
2026-01-23,600036,11:17:08,37.8000,380,1
2026-01-23,600036,11:17:11,37.8000,273,1
2026-01-23,600036,11:17:14,37.7900,206,4
2026-01-23,600036,11:17:17,37.7700,458,2
2026-01-23,600036,11:17:20,37.7600,252,2
2026-01-23,600036,11:17:23,37.8000,865,1
2026-01-23,600036,11:17:26,37.7700,2667,2
2026-01-23,600036,11:17:29,37.8000,462,1
2026-01-23,600036,11:17:32,37.8000,2034,2
2026-01-23,600036,11:17:35,37.7700,360,2
2026-01-23,600036,11:17:38,37.7600,475,2
2026-01-23,600036,11:17:41,37.7800,209,1
2026-01-23,600036,11:17:44,37.7800,188,1
2026-01-23,600036,11:17:47,37.8000,959,1
2026-01-23,600036,11:17:50,37.8000,2554,2
2026-01-23,600036,11:17:53,37.7700,1979,2
2026-01-23,600036,11:17:56,37.7800,261,1
2026-01-23,600036,11:17:59,37.7700,1578,2
2026-01-23,600036,11:18:02,37.7900,52,1
2026-01-23,600036,11:18:05,37.7900,343,2
2026-01-23,600036,11:18:08,37.7700,327,2
2026-01-23,600036,11:18:11,37.7700,175,2
2026-01-23,600036,11:18:14,37.7800,295,4
2026-01-23,600036,11:18:17,37.7700,348,2
2026-01-23,600036,11:18:20,37.7700,489,2
2026-01-23,600036,11:18:23,37.7700,122,4
2026-01-23,600036,11:18:26,37.7700,378,2
2026-01-23,600036,11:18:29,37.8000,435,1
2026-01-23,600036,11:18:32,37.8100,2596,1
2026-01-23,600036,11:18:35,37.7900,248,2
2026-01-23,600036,11:18:38,37.7700,383,2
2026-01-23,600036,11:18:41,37.7700,461,2
2026-01-23,600036,11:18:44,37.7800,169,1
2026-01-23,600036,11:18:47,37.8000,351,1
2026-01-23,600036,11:18:50,37.8000,207,1
2026-01-23,600036,11:18:53,37.7700,847,2
2026-01-23,600036,11:18:56,37.7800,389,4
2026-01-23,600036,11:18:59,37.7800,249,4
2026-01-23,600036,11:19:02,37.7700,1004,2
2026-01-23,600036,11:19:05,37.7800,160,4
2026-01-23,600036,11:19:08,37.7900,568,1
2026-01-23,600036,11:19:11,37.7900,346,2
2026-01-23,600036,11:19:14,37.7900,181,2
2026-01-23,600036,11:19:17,37.7900,50,1
2026-01-23,600036,11:19:20,37.7900,76,1
2026-01-23,600036,11:19:23,37.7900,159,1
